  <div class='ocr_page' id='page_1' title='image "/cluster/home/n/w/nwhite01/storage/ocr_20150623/129/hvd.32044073502395/210.png"; bbox 0 0 3906 6202; ppageno 0'>
   <div class='ocr_carea' id='block_1_1' title="bbox 167 255 2480 322">
    <p class='ocr_par' dir='ltr' id='par_1_1' title="bbox 167 255 2480 322">
     <span class='ocr_line' id='line_1_1' title="bbox 167 255 2480 322; baseline -0.003 0"><span class='ocrx_word' id='word_1_1' title='bbox 167 266 244 322; x_wconf 73' lang='grc'><strong>409</strong></span> <span class='ocrx_word' id='word_1_2' title='bbox 990 259 1361 316; x_wconf 87' lang='lat' dir='ltr'><strong>COMMENT.</strong></span> <span class='ocrx_word' id='word_1_3' title='bbox 1411 257 1481 312; x_wconf 90' lang='lat' dir='ltr'>IN</span> <span class='ocrx_word' id='word_1_4' title='bbox 1522 255 1971 313; x_wconf 64' lang='lat' dir='ltr'><strong>MATTHEUM.</strong></span> <span class='ocrx_word' id='word_1_5' title='bbox 2011 289 2080 300; x_wconf 89' lang='lat'><strong>--</strong></span> <span class='ocrx_word' id='word_1_6' title='bbox 2117 258 2278 317; x_wconf 87' lang='lat' dir='ltr'><strong>CAP.</strong></span> <span class='ocrx_word' id='word_1_7' title='bbox 2325 259 2480 316; x_wconf 87' lang='lat' dir='ltr'><strong>XIII.</strong></span> 
     </span>
    </p>
   </div>
   <div class='ocr_carea' id='block_1_2' title="bbox 164 393 455 452">
    <p class='ocr_par' dir='ltr' id='par_1_2' title="bbox 164 393 455 452">
     <span class='ocr_line' id='line_1_2' title="bbox 164 393 455 452; baseline -0.017 -11"><span class='ocrx_word' id='word_1_8' title='bbox 164 399 231 451; x_wconf 73' lang='grc' dir='ltr'>τῆς</span> <span class='ocrx_word' id='word_1_9' title='bbox 269 393 455 452; x_wconf 72' lang='grc' dir='ltr'>πίστεως,</span> 
     </span>
    </p>
   </div>
   <div class='ocr_carea' id='block_1_3' title="bbox 159 471 1654 550">
    <p class='ocr_par' dir='ltr' id='par_1_3' title="bbox 159 471 1654 550">
     <span class='ocr_line' id='line_1_3' title="bbox 159 471 1654 550; baseline -0.007 -18"><span class='ocrx_word' id='word_1_10' title='bbox 159 480 341 550; x_wconf 66' lang='grc' dir='ltr'>οὐρανῶν.</span> <span class='ocrx_word' id='word_1_11' title='bbox 400 474 677 538; x_wconf 82' lang='grc' dir='ltr'>Ἀπεικάζει</span> <span class='ocrx_word' id='word_1_12' title='bbox 760 471 819 527; x_wconf 74' lang='grc' dir='ltr'><strong>δὲ</strong></span> <span class='ocrx_word' id='word_1_13' title='bbox 897 474 1049 526; x_wconf 70' lang='grc' dir='ltr'>αύτόν</span> <span class='ocrx_word' id='word_1_14' title='bbox 1133 478 1303 543; x_wconf 86' lang='grc' dir='ltr'>κόκκῳ</span> <span class='ocrx_word' id='word_1_15' title='bbox 1382 473 1654 539; x_wconf 76' lang='grc' dir='ltr'><strong>σινάπεως,</strong></span> 
     </span>
    </p>
   </div>
   <div class='ocr_carea' id='block_1_4' title="bbox 155 563 1654 636">
    <p class='ocr_par' dir='ltr' id='par_1_4' title="bbox 155 563 1654 636">
     <span class='ocr_line' id='line_1_4' title="bbox 155 563 1654 636; baseline -0.006 -17"><span class='ocrx_word' id='word_1_16' title='bbox 155 565 254 619; x_wconf 78' lang='grc' dir='ltr'>διότι</span> <span class='ocrx_word' id='word_1_17' title='bbox 293 564 468 636; x_wconf 74' lang='grc' dir='ltr'>βραχύς</span> <span class='ocrx_word' id='word_1_18' title='bbox 519 567 608 635; x_wconf 75' lang='grc' dir='ltr'><strong>μεν</strong></span> <span class='ocrx_word' id='word_1_19' title='bbox 681 568 771 616; x_wconf 85' lang='grc' dir='ltr'>καὶ</span> <span class='ocrx_word' id='word_1_20' title='bbox 821 563 1193 636; x_wconf 67' lang='grc' dir='ltr'><strong>εὐπερίγραφος</strong></span> <span class='ocrx_word' id='word_1_21' title='bbox 1251 565 1532 634; x_wconf 79' lang='grc' dir='ltr'><strong>σπείρεται,</strong></span> <span class='ocrx_word' id='word_1_22' title='bbox 1583 565 1654 632; x_wconf 80' lang='grc' dir='ltr'>μὴ</span> 
     </span>
    </p>
   </div>
   <div class='ocr_carea' id='block_1_5' title="bbox 147 647 1654 724">
    <p class='ocr_par' dir='ltr' id='par_1_5' title="bbox 147 647 1654 724">
     <span class='ocr_line' id='line_1_5' title="bbox 147 647 1654 724; baseline -0.002 -19"><span class='ocrx_word' id='word_1_23' title='bbox 147 652 373 724; x_wconf 47' lang='grc' dir='ltr'>δυναμένων</span> <span class='ocrx_word' id='word_1_24' title='bbox 416 661 505 703; x_wconf 80' lang='grc' dir='ltr'>τῶν</span> <span class='ocrx_word' id='word_1_25' title='bbox 558 654 802 724; x_wconf 80' lang='grc' dir='ltr'><strong>μαθητῶν</strong></span> <span class='ocrx_word' id='word_1_26' title='bbox 859 651 1143 723; x_wconf 79' lang='grc' dir='ltr'><strong>βαστάζειν</strong></span> <span class='ocrx_word' id='word_1_27' title='bbox 1196 649 1243 702; x_wconf 83' lang='grc' dir='ltr'>ἐν</span> <span class='ocrx_word' id='word_1_28' title='bbox 1286 647 1428 721; x_wconf 78' lang='grc' dir='ltr'>ἀρχῇ</span> <span class='ocrx_word' id='word_1_29' title='bbox 1462 647 1654 702; x_wconf 85' lang='grc' dir='ltr'>πλεῖον.</span> 
     </span>
    </p>
   </div>
   <div class='ocr_carea' id='block_1_6' title="bbox 139 739 1656 814">
    <p class='ocr_par' dir='ltr' id='par_1_6' title="bbox 139 739 1656 814">
     <span class='ocr_line' id='line_1_6' title="bbox 139 739 1656 814; baseline -0.006 -20"><span class='ocrx_word' id='word_1_30' title='bbox 139 747 215 794; x_wconf 79' lang='grc' dir='ltr'><strong>Καὶ</strong></span> <span class='ocrx_word' id='word_1_31' title='bbox 257 743 339 814; x_wconf 78' lang='grc' dir='ltr'>γὰρ</span> <span class='ocrx_word' id='word_1_32' title='bbox 381 745 459 791; x_wconf 83' lang='grc' dir='ltr'>καὶ</span> <span class='ocrx_word' id='word_1_33' title='bbox 505 741 529 790; x_wconf 93' lang='grc' dir='ltr'><strong>ό</strong></span> <span class='ocrx_word' id='word_1_34' title='bbox 581 745 846 812; x_wconf 78' lang='grc' dir='ltr'>προφήτης</span> <span class='ocrx_word' id='word_1_35' title='bbox 895 740 1076 810; x_wconf 83' lang='grc' dir='ltr'>πάλαι,</span> <span class='ocrx_word' id='word_1_36' title='bbox 1125 739 1274 809; x_wconf 85' lang='grc' dir='ltr'>λόγον</span> <span class='ocrx_word' id='word_1_37' title='bbox 1307 739 1656 806; x_wconf 88' lang='grc' dir='ltr'>συντετμημέ-</span> 
     </span>
    </p>
   </div>
   <div class='ocr_carea' id='block_1_7' title="bbox 137 823 1654 900">
    <p class='ocr_par' dir='ltr' id='par_1_7' title="bbox 137 823 1654 900">
     <span class='ocr_line' id='line_1_7' title="bbox 137 823 1654 900; baseline -0.004 -21"><span class='ocrx_word' id='word_1_38' title='bbox 137 849 198 881; x_wconf 82' lang='grc' dir='ltr'><strong>νον</strong></span> <span class='ocrx_word' id='word_1_39' title='bbox 238 829 364 880; x_wconf 71' lang='grc' dir='ltr'>αὐτὸν</span> <span class='ocrx_word' id='word_1_40' title='bbox 413 827 660 880; x_wconf 73' lang='grc' dir='ltr'>ἐκάλεσεν.</span> <span class='ocrx_word' id='word_1_41' title='bbox 728 828 888 880; x_wconf 84' lang='grc' dir='ltr'>Ὀταν</span> <span class='ocrx_word' id='word_1_42' title='bbox 961 825 1018 880; x_wconf 71' lang='grc' dir='ltr'><strong>δὲ</strong></span> <span class='ocrx_word' id='word_1_43' title='bbox 1074 827 1389 900; x_wconf 77' lang='grc' dir='ltr'>γεωργηθεὶς</span> <span class='ocrx_word' id='word_1_44' title='bbox 1450 823 1654 894; x_wconf 73' lang='grc' dir='ltr'>αὐξήσῃ</span> 
     </span>
    </p>
   </div>
   <div class='ocr_carea' id='block_1_8' title="bbox 136 911 1661 988">
    <p class='ocr_par' dir='ltr' id='par_1_8' title="bbox 136 911 1661 988">
     <span class='ocr_line' id='line_1_8' title="bbox 136 911 1661 988; baseline -0.005 -20"><span class='ocrx_word' id='word_1_45' title='bbox 136 925 217 976; x_wconf 79' lang='grc' dir='ltr'>ταῖς</span> <span class='ocrx_word' id='word_1_46' title='bbox 288 913 496 988; x_wconf 76' lang='grc' dir='ltr'><strong>ἀρδείαις</strong></span> <span class='ocrx_word' id='word_1_47' title='bbox 580 924 672 967; x_wconf 83' lang='grc' dir='ltr'><strong>τοῦ</strong></span> <span class='ocrx_word' id='word_1_48' title='bbox 761 919 898 968; x_wconf 83' lang='grc' dir='ltr'><strong>θείου</strong></span> <span class='ocrx_word' id='word_1_49' title='bbox 970 917 1286 987; x_wconf 82' lang='grc' dir='ltr'>ῐῙνεύματος,</span> <span class='ocrx_word' id='word_1_50' title='bbox 1358 911 1661 986; x_wconf 76' lang='grc' dir='ltr'>ὑπερϐάλλει</span> 
     </span>
    </p>
   </div>
   <div class='ocr_carea' id='block_1_9' title="bbox 133 1002 1658 1076">
    <p class='ocr_par' dir='ltr' id='par_1_9' title="bbox 133 1002 1658 1076">
     <span class='ocr_line' id='line_1_9' title="bbox 133 1002 1658 1076; baseline -0.003 -20"><span class='ocrx_word' id='word_1_51' title='bbox 133 1007 260 1056; x_wconf 71' lang='grc' dir='ltr'>πάντα</span> <span class='ocrx_word' id='word_1_52' title='bbox 302 1004 451 1074; x_wconf 78' lang='grc' dir='ltr'>λόγον,</span> <span class='ocrx_word' id='word_1_53' title='bbox 522 1009 611 1055; x_wconf 80' lang='grc' dir='ltr'>καὶ</span> <span class='ocrx_word' id='word_1_54' title='bbox 676 1003 987 1076; x_wconf 74' lang='grc' dir='ltr'>ὑψηλότερος</span> <span class='ocrx_word' id='word_1_55' title='bbox 1065 1003 1190 1056; x_wconf 83' lang='grc' dir='ltr'>ὅλων</span> <span class='ocrx_word' id='word_1_56' title='bbox 1225 1002 1338 1073; x_wconf 80' lang='lat'><strong>(3&#39;2)</strong></span> <span class='ocrx_word' id='word_1_57' title='bbox 1407 1004 1658 1072; x_wconf 80' lang='grc' dir='ltr'>φαίνεται.</span> 
     </span>
    </p>
   </div>
   <div class='ocr_carea' id='block_1_10' title="bbox 130 1089 1663 1166">
    <p class='ocr_par' dir='ltr' id='par_1_10' title="bbox 130 1089 1663 1166">
     <span class='ocr_line' id='line_1_10' title="bbox 130 1089 1663 1166; baseline -0.005 -22"><span class='ocrx_word' id='word_1_58' title='bbox 130 1096 199 1144; x_wconf 77' lang='grc' dir='ltr'><strong>Διὰ</strong></span> <span class='ocrx_word' id='word_1_59' title='bbox 263 1089 311 1144; x_wconf 58' lang='grc' dir='ltr'><em>ἃ</em></span> <span class='ocrx_word' id='word_1_60' title='bbox 353 1101 438 1153; x_wconf 77' lang='grc' dir='ltr'>τῆς</span> <span class='ocrx_word' id='word_1_61' title='bbox 512 1091 810 1166; x_wconf 78' lang='grc' dir='ltr'>παραϐολῆς</span> <span class='ocrx_word' id='word_1_62' title='bbox 882 1094 1073 1152; x_wconf 82' lang='grc' dir='ltr'><strong>ταύτης</strong></span> <span class='ocrx_word' id='word_1_63' title='bbox 1155 1095 1509 1163; x_wconf 85' lang='grc' dir='ltr'>προαναφωνιί</span> <span class='ocrx_word' id='word_1_64' title='bbox 1569 1091 1663 1146; x_wconf 82' lang='grc' dir='ltr'>τὴν</span> 
     </span>
    </p>
   </div>
   <div class='ocr_carea' id='block_1_11' title="bbox 130 1177 1669 1254">
    <p class='ocr_par' dir='ltr' id='par_1_11' title="bbox 130 1177 1669 1254">
     <span class='ocr_line' id='line_1_11' title="bbox 130 1177 1669 1254; baseline -0.003 -23"><span class='ocrx_word' id='word_1_65' title='bbox 130 1181 298 1242; x_wconf 53' lang='lat' dir='ltr'><strong>aliter;</strong></span> <span class='ocrx_word' id='word_1_66' title='bbox 352 1188 432 1232; x_wconf 87' lang='grc' dir='ltr'><strong>τοῦ</strong></span> <span class='ocrx_word' id='word_1_67' title='bbox 505 1184 859 1254; x_wconf 72' lang='grc' dir='ltr'><strong>κηρύγματος.</strong></span> <span class='ocrx_word' id='word_1_68' title='bbox 944 1185 1069 1253; x_wconf 82' lang='grc' dir='ltr'>Περὶ</span> <span class='ocrx_word' id='word_1_69' title='bbox 1152 1177 1210 1232; x_wconf 69' lang='grc' dir='ltr'><strong>δὲ</strong></span> <span class='ocrx_word' id='word_1_70' title='bbox 1275 1187 1367 1230; x_wconf 84' lang='grc' dir='ltr'><strong>τοῦ</strong></span> <span class='ocrx_word' id='word_1_71' title='bbox 1431 1181 1669 1246; x_wconf 86' lang='grc' dir='ltr'>σπείρον-</span> 
     </span>
    </p>
   </div>
   <div class='ocr_carea' id='block_1_12' title="bbox 129 1267 1668 1342">
    <p class='ocr_par' dir='ltr' id='par_1_12' title="bbox 129 1267 1668 1342">
     <span class='ocr_line' id='line_1_12' title="bbox 129 1267 1668 1342; baseline -0.004 -24"><span class='ocrx_word' id='word_1_72' title='bbox 129 1287 192 1328; x_wconf 81' lang='grc' dir='ltr'><strong>τος</strong></span> <span class='ocrx_word' id='word_1_73' title='bbox 233 1267 488 1340; x_wconf 79' lang='grc' dir='ltr'>ἀνθρώπου,</span> <span class='ocrx_word' id='word_1_74' title='bbox 551 1274 638 1320; x_wconf 77' lang='grc' dir='ltr'><strong>καὶ</strong></span> <span class='ocrx_word' id='word_1_75' title='bbox 706 1275 800 1320; x_wconf 86' lang='grc' dir='ltr'><strong>τοῦ</strong></span> <span class='ocrx_word' id='word_1_76' title='bbox 858 1267 1042 1342; x_wconf 76' lang='grc' dir='ltr'>ἀγροῦ,</span> <span class='ocrx_word' id='word_1_77' title='bbox 1112 1271 1161 1320; x_wconf 74' lang='grc' dir='ltr'>ἐν</span> <span class='ocrx_word' id='word_1_78' title='bbox 1215 1274 1275 1338; x_wconf 77' lang='grc' dir='ltr'><strong>τῇ</strong></span> <span class='ocrx_word' id='word_1_79' title='bbox 1323 1269 1424 1339; x_wconf 86' lang='grc' dir='ltr'>πρὸ</span> <span class='ocrx_word' id='word_1_80' title='bbox 1480 1267 1668 1321; x_wconf 82' lang='grc' dir='ltr'>ταύτης</span> 
     </span>
    </p>
   </div>
   <div class='ocr_carea' id='block_1_13' title="bbox 125 1352 1666 1431">
    <p class='ocr_par' dir='ltr' id='par_1_13' title="bbox 125 1352 1666 1431">
     <span class='ocr_line' id='line_1_13' title="bbox 125 1352 1666 1431; baseline -0.002 -25"><span class='ocrx_word' id='word_1_81' title='bbox 125 1355 330 1427; x_wconf 70' lang='grc' dir='ltr'>παραϐολῇ</span> <span class='ocrx_word' id='word_1_82' title='bbox 379 1353 808 1429; x_wconf 78' lang='grc' dir='ltr'>προδιελάϐομεν.</span> <span class='ocrx_word' id='word_1_83' title='bbox 883 1356 1063 1431; x_wconf 85' lang='grc' dir='ltr'>Ἀγρὸς</span> <span class='ocrx_word' id='word_1_84' title='bbox 1122 1352 1201 1425; x_wconf 76' lang='grc' dir='ltr'><strong>δὲ,</strong></span> <span class='ocrx_word' id='word_1_85' title='bbox 1255 1356 1281 1406; x_wconf 90' lang='grc' dir='ltr'><strong>ό</strong></span> <span class='ocrx_word' id='word_1_86' title='bbox 1340 1359 1533 1425; x_wconf 88' lang='grc' dir='ltr'>κόσμος</span> <span class='ocrx_word' id='word_1_87' title='bbox 1582 1352 1666 1404; x_wconf 87' lang='grc' dir='ltr'>λέ-</span> 
     </span>
    </p>
   </div>
   <div class='ocr_carea' id='block_1_14' title="bbox 123 1441 1667 1517">
    <p class='ocr_par' dir='ltr' id='par_1_14' title="bbox 123 1441 1667 1517">
     <span class='ocr_line' id='line_1_14' title="bbox 123 1441 1667 1517; baseline -0.003 -22"><span class='ocrx_word' id='word_1_88' title='bbox 123 1463 246 1513; x_wconf 72' lang='grc' dir='ltr'>γεται,</span> <span class='ocrx_word' id='word_1_89' title='bbox 289 1449 366 1496; x_wconf 81' lang='grc' dir='ltr'>καὶ</span> <span class='ocrx_word' id='word_1_90' title='bbox 412 1441 503 1497; x_wconf 80' lang='grc' dir='ltr'><strong>διὰ</strong></span> <span class='ocrx_word' id='word_1_91' title='bbox 534 1449 592 1498; x_wconf 87' lang='grc' dir='ltr'><strong>τό</strong></span> <span class='ocrx_word' id='word_1_92' title='bbox 622 1447 969 1517; x_wconf 73' lang='grc' dir='ltr'>γεωργεῖσθαι</span> <span class='ocrx_word' id='word_1_93' title='bbox 1022 1444 1070 1496; x_wconf 84' lang='grc' dir='ltr'>ἐν</span> <span class='ocrx_word' id='word_1_94' title='bbox 1131 1443 1271 1514; x_wconf 83' lang='grc' dir='ltr'>αύτῷ</span> <span class='ocrx_word' id='word_1_95' title='bbox 1319 1446 1405 1494; x_wconf 90' lang='grc' dir='ltr'><strong>τόν</strong></span> <span class='ocrx_word' id='word_1_96' title='bbox 1459 1441 1667 1513; x_wconf 87' lang='grc' dir='ltr'>λογικὸν</span> 
     </span>
    </p>
   </div>
   <div class='ocr_carea' id='block_1_15' title="bbox 123 1551 248 1586">
    <p class='ocr_par' dir='ltr' id='par_1_15' title="bbox 123 1551 248 1586">
     <span class='ocr_line' id='line_1_15' title="bbox 123 1551 248 1586; baseline 0.024 -4"><span class='ocrx_word' id='word_1_97' title='bbox 123 1551 146 1582; x_wconf 79' lang='grc' dir='ltr'><strong>ο</strong></span> <span class='ocrx_word' id='word_1_98' title='bbox 154 1551 231 1584; x_wconf 81' lang='grc' dir='ltr'>ιτον</span> <span class='ocrx_word' id='word_1_99' title='bbox 239 1575 248 1586; x_wconf 90' lang='grc'><strong>.</strong></span> 
     </span>
    </p>
   </div>
   <div class='ocr_carea' id='block_1_16' title="bbox 172 1618 1665 1694">
    <p class='ocr_par' dir='ltr' id='par_1_16' title="bbox 172 1618 1665 1694">
     <span class='ocr_line' id='line_1_16' title="bbox 172 1618 1665 1694; baseline -0.001 -22"><span class='ocrx_word' id='word_1_100' title='bbox 172 1621 231 1690; x_wconf 79' lang='grc' dir='ltr'><strong>[Η</strong></span> <span class='ocrx_word' id='word_1_101' title='bbox 277 1622 386 1692; x_wconf 85' lang='grc'><strong>(33)</strong></span> <span class='ocrx_word' id='word_1_102' title='bbox 448 1621 722 1694; x_wconf 72' lang='grc' dir='ltr'>παραϐολὴ</span> <span class='ocrx_word' id='word_1_103' title='bbox 803 1626 1044 1694; x_wconf 77' lang='grc' dir='ltr'>σημαίνει</span> <span class='ocrx_word' id='word_1_104' title='bbox 1112 1627 1202 1674; x_wconf 83' lang='grc' dir='ltr'>καὶ</span> <span class='ocrx_word' id='word_1_105' title='bbox 1258 1624 1316 1673; x_wconf 87' lang='grc' dir='ltr'><strong>τό</strong></span> <span class='ocrx_word' id='word_1_106' title='bbox 1399 1618 1665 1692; x_wconf 80' lang='grc' dir='ltr'>διήγημα,</span> 
     </span>
    </p>
   </div>
   <div class='ocr_carea' id='block_1_17' title="bbox 3305 264 3412 321">
    <p class='ocr_par' dir='ltr' id='par_1_17' title="bbox 3305 264 3412 321">
     <span class='ocr_line' id='line_1_17' title="bbox 3305 264 3412 321; baseline 0.019 -2"><span class='ocrx_word' id='word_1_107' title='bbox 3305 264 3412 321; x_wconf 76' lang='grc'><strong>410</strong></span> 
     </span>
    </p>
   </div>
   <div class='ocr_carea' id='block_1_18' title="bbox 553 381 1660 459">
    <p class='ocr_par' dir='ltr' id='par_1_18' title="bbox 553 381 1655 459">
     <span class='ocr_line' id='line_1_18' title="bbox 553 381 1655 459; baseline -0.004 -22"><span class='ocrx_word' id='word_1_108' title='bbox 553 388 617 446; x_wconf 81' lang='grc' dir='ltr'>ὡς</span> <span class='ocrx_word' id='word_1_109' title='bbox 700 385 973 459; x_wconf 79' lang='grc' dir='ltr'>ἆρῥαϐῶνα</span> <span class='ocrx_word' id='word_1_110' title='bbox 1051 393 1147 445; x_wconf 84' lang='grc' dir='ltr'>τῆς</span> <span class='ocrx_word' id='word_1_111' title='bbox 1211 381 1480 456; x_wconf 76' lang='grc' dir='ltr'>βασιλείας</span> <span class='ocrx_word' id='word_1_112' title='bbox 1557 391 1655 434; x_wconf 84' lang='grc' dir='ltr'>τῶν</span> 
     </span>
    </p>
   </div>
   <div class='ocr_carea' id='block_1_19' title="bbox 1843 381 3424 459">
    <p class='ocr_par' dir='ltr' id='par_1_19' title="bbox 1843 383 3424 458">
     <span class='ocr_line' id='line_1_19' title="bbox 1843 383 3424 458; baseline 0.004 -20"><span class='ocrx_word' id='word_1_113' title='bbox 1843 398 2049 455; x_wconf 72' lang='lat' dir='ltr'><strong>aquam</strong></span> <span class='ocrx_word' id='word_1_114' title='bbox 2090 384 2258 454; x_wconf 85' lang='lat' dir='ltr'><strong>regni</strong></span> <span class='ocrx_word' id='word_1_115' title='bbox 2297 383 2583 440; x_wconf 65' lang='lat' dir='ltr'><strong>caelorum</strong></span> <span class='ocrx_word' id='word_1_116' title='bbox 2637 383 3060 450; x_wconf 88' lang='lat' dir='ltr'><strong>arrhabonem,</strong></span> <span class='ocrx_word' id='word_1_117' title='bbox 3103 387 3424 458; x_wconf 87' lang='lat' dir='ltr'><strong>Comparat</strong></span> 
     </span>
    </p>
   </div>
   <div class='ocr_carea' id='block_1_20' title="bbox 1767 471 3424 546">
    <p class='ocr_par' dir='ltr' id='par_1_20' title="bbox 1767 471 3424 546">
     <span class='ocr_line' id='line_1_20' title="bbox 1767 471 3424 546; baseline 0.003 -21"><span class='ocrx_word' id='word_1_118' title='bbox 1767 475 1966 526; x_wconf 90' lang='lat' dir='ltr'><strong>autem</strong></span> <span class='ocrx_word' id='word_1_119' title='bbox 2002 471 2168 527; x_wconf 88' lang='lat' dir='ltr'><strong>illum</strong></span> <span class='ocrx_word' id='word_1_120' title='bbox 2201 487 2389 541; x_wconf 89' lang='lat' dir='ltr'><strong>grano</strong></span> <span class='ocrx_word' id='word_1_121' title='bbox 2429 472 2675 543; x_wconf 87' lang='lat' dir='ltr'><strong>sinapis,</strong></span> <span class='ocrx_word' id='word_1_122' title='bbox 2708 475 2850 546; x_wconf 85' lang='lat' dir='ltr'><strong>quia</strong></span> <span class='ocrx_word' id='word_1_123' title='bbox 2887 473 3082 530; x_wconf 84' lang='lat' dir='ltr'><strong>brevis</strong></span> <span class='ocrx_word' id='word_1_124' title='bbox 3126 478 3182 529; x_wconf 87' lang='lat' dir='ltr'><strong>et</strong></span> <span class='ocrx_word' id='word_1_125' title='bbox 3216 476 3424 545; x_wconf 87' lang='lat' dir='ltr'><strong>paucis</strong></span> 
     </span>
    </p>
   </div>
   <div class='ocr_carea' id='block_1_21' title="bbox 1765 558 3424 633">
    <p class='ocr_par' dir='ltr' id='par_1_21' title="bbox 1765 558 3424 633">
     <span class='ocr_line' id='line_1_21' title="bbox 1765 558 3424 633; baseline 0.003 -20"><span class='ocrx_word' id='word_1_126' title='bbox 1765 558 2030 614; x_wconf 90' lang='lat' dir='ltr'><strong>inclusus</strong></span> <span class='ocrx_word' id='word_1_127' title='bbox 2084 560 2510 628; x_wconf 90' lang='lat' dir='ltr'><strong>seminabatur,</strong></span> <span class='ocrx_word' id='word_1_128' title='bbox 2557 577 2628 616; x_wconf 94' lang='lat' dir='ltr'><strong>eo</strong></span> <span class='ocrx_word' id='word_1_129' title='bbox 2668 562 2832 633; x_wconf 90' lang='lat' dir='ltr'><strong>quod</strong></span> <span class='ocrx_word' id='word_1_130' title='bbox 2883 577 3003 618; x_wconf 90' lang='lat' dir='ltr'><strong>non</strong></span> <span class='ocrx_word' id='word_1_131' title='bbox 3051 567 3292 633; x_wconf 88' lang='lat' dir='ltr'><strong>possent</strong></span> <span class='ocrx_word' id='word_1_132' title='bbox 3339 563 3424 618; x_wconf 87' lang='lat' dir='ltr'><strong>di-</strong></span> 
     </span>
    </p>
   </div>
   <div class='ocr_carea' id='block_1_22' title="bbox 1771 647 3426 722">
    <p class='ocr_par' dir='ltr' id='par_1_22' title="bbox 1771 647 3426 722">
     <span class='ocr_line' id='line_1_22' title="bbox 1771 647 3426 722; baseline 0.004 -20"><span class='ocrx_word' id='word_1_133' title='bbox 1771 647 1989 719; x_wconf 90' lang='lat' dir='ltr'><strong>scipuli</strong></span> <span class='ocrx_word' id='word_1_134' title='bbox 2015 648 2076 704; x_wconf 91' lang='lat' dir='ltr'><strong>in</strong></span> <span class='ocrx_word' id='word_1_135' title='bbox 2103 649 2390 720; x_wconf 91' lang='lat' dir='ltr'><strong>principio</strong></span> <span class='ocrx_word' id='word_1_136' title='bbox 2422 649 2655 719; x_wconf 80' lang='lat' dir='ltr'><strong>majora</strong></span> <span class='ocrx_word' id='word_1_137' title='bbox 2679 649 2847 706; x_wconf 82' lang='lat' dir='ltr'><strong>ferre.</strong></span> <span class='ocrx_word' id='word_1_138' title='bbox 2876 651 3022 706; x_wconf 86' lang='lat' dir='ltr'><strong>Hinc</strong></span> <span class='ocrx_word' id='word_1_139' title='bbox 3053 655 3140 706; x_wconf 92' lang='lat' dir='ltr'><strong>est</strong></span> <span class='ocrx_word' id='word_1_140' title='bbox 3179 651 3339 722; x_wconf 90' lang='lat' dir='ltr'><strong>quod</strong></span> <span class='ocrx_word' id='word_1_141' title='bbox 3369 655 3426 708; x_wconf 90' lang='lat' dir='ltr'><strong>et</strong></span> 
     </span>
    </p>
   </div>
   <div class='ocr_carea' id='block_1_23' title="bbox 1765 737 3425 812">
    <p class='ocr_par' dir='ltr' id='par_1_23' title="bbox 1765 737 3425 812">
     <span class='ocr_line' id='line_1_23' title="bbox 1765 737 3425 812; baseline 0.004 -22"><span class='ocrx_word' id='word_1_142' title='bbox 1765 737 2053 807; x_wconf 84' lang='lat' dir='ltr'><strong>propheta</strong></span> <span class='ocrx_word' id='word_1_143' title='bbox 2093 752 2435 793; x_wconf 86' lang='lat' dir='ltr'><strong>sermonem</strong></span> <span class='ocrx_word' id='word_1_144' title='bbox 2478 737 2882 794; x_wconf 87' lang='lat' dir='ltr'><strong>abbreviatum</strong></span> <span class='ocrx_word' id='word_1_145' title='bbox 2923 739 3067 794; x_wconf 91' lang='lat' dir='ltr'><strong>olim</strong></span> <span class='ocrx_word' id='word_1_146' title='bbox 3115 739 3282 796; x_wconf 91' lang='lat' dir='ltr'><strong>illum</strong></span> <span class='ocrx_word' id='word_1_147' title='bbox 3321 755 3425 812; x_wconf 85' lang='lat' dir='ltr'><strong>ap-</strong></span> 
     </span>
    </p>
   </div>
   <div class='ocr_carea' id='block_1_24' title="bbox 1774 824 3419 897">
    <p class='ocr_par' dir='ltr' id='par_1_24' title="bbox 1774 824 3419 897">
     <span class='ocr_line' id='line_1_24' title="bbox 1774 824 3419 897; baseline 0.002 -19"><span class='ocrx_word' id='word_1_148' title='bbox 1774 824 2017 896; x_wconf 89' lang='lat' dir='ltr'><strong>pellavit</strong></span> <span class='ocrx_word' id='word_1_149' title='bbox 2058 827 2122 878; x_wconf 81' lang='grc'><strong>¹¹.</strong></span> <span class='ocrx_word' id='word_1_150' title='bbox 2164 828 2376 880; x_wconf 88' lang='lat' dir='ltr'><strong>Verum</strong></span> <span class='ocrx_word' id='word_1_151' title='bbox 2424 831 2742 897; x_wconf 77' lang='lat' dir='ltr'><strong>postquam</strong></span> <span class='ocrx_word' id='word_1_152' title='bbox 2789 827 2866 882; x_wconf 90' lang='lat' dir='ltr'><strong>ab</strong></span> <span class='ocrx_word' id='word_1_153' title='bbox 2905 827 3166 897; x_wconf 82' lang='lat' dir='ltr'><strong>agricola</strong></span> <span class='ocrx_word' id='word_1_154' title='bbox 3205 829 3419 882; x_wconf 72' lang='lat' dir='ltr'><strong>cultus.</strong></span> 
     </span>
    </p>
   </div>
   <div class='ocr_carea' id='block_1_25' title="bbox 1770 912 3423 983">
    <p class='ocr_par' dir='ltr' id='par_1_25' title="bbox 1770 912 3423 983">
     <span class='ocr_line' id='line_1_25' title="bbox 1770 912 3423 983; baseline 0.003 -16"><span class='ocrx_word' id='word_1_155' title='bbox 1770 912 1957 968; x_wconf 86' lang='lat' dir='ltr'><strong>divini</strong></span> <span class='ocrx_word' id='word_1_156' title='bbox 2030 913 2272 982; x_wconf 80' lang='lat' dir='ltr'><strong>Spiritus</strong></span> <span class='ocrx_word' id='word_1_157' title='bbox 2348 913 2793 983; x_wconf 89' lang='lat' dir='ltr'><strong>irrigationibus</strong></span> <span class='ocrx_word' id='word_1_158' title='bbox 2860 918 3120 980; x_wconf 88' lang='lat' dir='ltr'><strong>creverit,</strong></span> <span class='ocrx_word' id='word_1_159' title='bbox 3180 932 3423 972; x_wconf 88' lang='lat' dir='ltr'><strong>omnem</strong></span> 
     </span>
    </p>
   </div>
   <div class='ocr_carea' id='block_1_26' title="bbox 1773 1003 3426 1069">
    <p class='ocr_par' dir='ltr' id='par_1_26' title="bbox 1773 1003 3426 1069">
     <span class='ocr_line' id='line_1_26' title="bbox 1773 1003 3426 1069; baseline 0.001 -11"><span class='ocrx_word' id='word_1_160' title='bbox 1773 1003 1958 1058; x_wconf 90' lang='lat' dir='ltr'><strong>alium</strong></span> <span class='ocrx_word' id='word_1_161' title='bbox 1998 1003 2226 1058; x_wconf 80' lang='lat' dir='ltr'><strong>excedit</strong></span> <span class='ocrx_word' id='word_1_162' title='bbox 2275 1018 2636 1069; x_wconf 87' lang='lat' dir='ltr'><strong>sermonem,</strong></span> <span class='ocrx_word' id='word_1_163' title='bbox 2692 1019 2762 1059; x_wconf 90' lang='lat' dir='ltr'><strong>ac</strong></span> <span class='ocrx_word' id='word_1_164' title='bbox 2810 1004 3093 1059; x_wconf 91' lang='lat' dir='ltr'><strong>omnibus</strong></span> <span class='ocrx_word' id='word_1_165' title='bbox 3142 1005 3426 1060; x_wconf 85' lang='lat' dir='ltr'><strong>excelsior</strong></span> 
     </span>
    </p>
   </div>
   <div class='ocr_carea' id='block_1_27' title="bbox 1773 1091 3425 1163">
    <p class='ocr_par' dir='ltr' id='par_1_27' title="bbox 1773 1091 3425 1163">
     <span class='ocr_line' id='line_1_27' title="bbox 1773 1091 3425 1163; baseline 0.001 -17"><span class='ocrx_word' id='word_1_166' title='bbox 1773 1095 2041 1162; x_wconf 84' lang='lat' dir='ltr'><strong>apparet.</strong></span> <span class='ocrx_word' id='word_1_167' title='bbox 2083 1092 2189 1146; x_wconf 90' lang='lat' dir='ltr'><strong>Per</strong></span> <span class='ocrx_word' id='word_1_168' title='bbox 2217 1091 2374 1146; x_wconf 90' lang='lat' dir='ltr'><strong>hanc</strong></span> <span class='ocrx_word' id='word_1_169' title='bbox 2407 1107 2547 1147; x_wconf 87' lang='lat' dir='ltr'><strong>vero</strong></span> <span class='ocrx_word' id='word_1_170' title='bbox 2587 1092 2942 1163; x_wconf 89' lang='lat' dir='ltr'><strong>parabolam</strong></span> <span class='ocrx_word' id='word_1_171' title='bbox 2984 1092 3425 1163; x_wconf 85' lang='lat' dir='ltr'><strong>praedicationis</strong></span> 
     </span>
    </p>
   </div>
   <div class='ocr_carea' id='block_1_28' title="bbox 1775 1180 3427 1252">
    <p class='ocr_par' dir='ltr' id='par_1_28' title="bbox 1775 1180 3427 1252">
     <span class='ocr_line' id='line_1_28' title="bbox 1775 1180 3427 1252; baseline -0.001 -16"><span class='ocrx_word' id='word_1_172' title='bbox 1775 1184 2163 1249; x_wconf 84' lang='lat' dir='ltr'><strong>augmentum</strong></span> <span class='ocrx_word' id='word_1_173' title='bbox 2213 1181 2592 1250; x_wconf 67' lang='lat' dir='ltr'><strong>praenuntiat.</strong></span> <span class='ocrx_word' id='word_1_174' title='bbox 2653 1180 2734 1235; x_wconf 94' lang='lat' dir='ltr'><strong>De</strong></span> <span class='ocrx_word' id='word_1_175' title='bbox 2781 1181 3026 1236; x_wconf 87' lang='lat' dir='ltr'><strong>homine</strong></span> <span class='ocrx_word' id='word_1_176' title='bbox 3079 1185 3278 1236; x_wconf 87' lang='lat' dir='ltr'><strong>autem</strong></span> <span class='ocrx_word' id='word_1_177' title='bbox 3322 1181 3427 1252; x_wconf 92' lang='lat' dir='ltr'><strong>qui</strong></span> 
     </span>
    </p>
   </div>
   <div class='ocr_carea' id='block_1_29' title="bbox 1777 1267 3432 1341">
    <p class='ocr_par' dir='ltr' id='par_1_29' title="bbox 1777 1267 3432 1341">
     <span class='ocr_line' id='line_1_29' title="bbox 1777 1267 3432 1341; baseline 0 -17"><span class='ocrx_word' id='word_1_178' title='bbox 1777 1268 2089 1324; x_wconf 83' lang='lat' dir='ltr'><strong>seminavit</strong></span> <span class='ocrx_word' id='word_1_179' title='bbox 2113 1272 2170 1324; x_wconf 90' lang='lat' dir='ltr'><strong>et</strong></span> <span class='ocrx_word' id='word_1_180' title='bbox 2207 1267 2282 1324; x_wconf 90' lang='lat' dir='ltr'><strong>de</strong></span> <span class='ocrx_word' id='word_1_181' title='bbox 2313 1283 2474 1337; x_wconf 82' lang='lat' dir='ltr'><strong>agro,</strong></span> <span class='ocrx_word' id='word_1_182' title='bbox 2512 1270 2571 1324; x_wconf 91' lang='lat' dir='ltr'><strong>in</strong></span> <span class='ocrx_word' id='word_1_183' title='bbox 2610 1270 2964 1340; x_wconf 70' lang='lat' dir='ltr'><strong>praecedenti</strong></span> <span class='ocrx_word' id='word_1_184' title='bbox 2995 1269 3280 1341; x_wconf 88' lang='lat' dir='ltr'><strong>parabola</strong></span> <span class='ocrx_word' id='word_1_185' title='bbox 3309 1269 3432 1324; x_wconf 89' lang='lat' dir='ltr'><strong>dis-</strong></span> 
     </span>
    </p>
   </div>
   <div class='ocr_carea' id='block_1_30' title="bbox 1778 1357 3428 1427">
    <p class='ocr_par' dir='ltr' id='par_1_30' title="bbox 1778 1357 3428 1427">
     <span class='ocr_line' id='line_1_30' title="bbox 1778 1357 3428 1427; baseline 0.001 -15"><span class='ocrx_word' id='word_1_186' title='bbox 1778 1357 2091 1412; x_wconf 87' lang='lat' dir='ltr'><strong>seruimus.</strong></span> <span class='ocrx_word' id='word_1_187' title='bbox 2142 1357 2361 1412; x_wconf 89' lang='lat' dir='ltr'><strong>Dicitur</strong></span> <span class='ocrx_word' id='word_1_188' title='bbox 2402 1361 2599 1414; x_wconf 87' lang='lat' dir='ltr'><strong>autem</strong></span> <span class='ocrx_word' id='word_1_189' title='bbox 2643 1359 2903 1414; x_wconf 91' lang='lat' dir='ltr'><strong>mundus</strong></span> <span class='ocrx_word' id='word_1_190' title='bbox 2945 1374 3086 1427; x_wconf 87' lang='lat' dir='ltr'><strong>ager</strong></span> <span class='ocrx_word' id='word_1_191' title='bbox 3137 1359 3218 1414; x_wconf 94' lang='lat' dir='ltr'><strong>ob</strong></span> <span class='ocrx_word' id='word_1_192' title='bbox 3271 1359 3428 1415; x_wconf 90' lang='lat' dir='ltr'><strong>hanc</strong></span> 
     </span>
    </p>
   </div>
   <div class='ocr_carea' id='block_1_31' title="bbox 1776 1445 3426 1517">
    <p class='ocr_par' dir='ltr' id='par_1_31' title="bbox 1776 1445 3426 1517">
     <span class='ocr_line' id='line_1_31' title="bbox 1776 1445 3426 1517; baseline 0.001 -17"><span class='ocrx_word' id='word_1_193' title='bbox 1776 1452 1952 1502; x_wconf 76' lang='lat' dir='ltr'><strong>etiam</strong></span> <span class='ocrx_word' id='word_1_194' title='bbox 1995 1460 2270 1511; x_wconf 88' lang='lat' dir='ltr'><strong>aausam,</strong></span> <span class='ocrx_word' id='word_1_195' title='bbox 2322 1446 2458 1517; x_wconf 84' lang='lat' dir='ltr'><strong>quia</strong></span> <span class='ocrx_word' id='word_1_196' title='bbox 2507 1447 2838 1502; x_wconf 85' lang='lat' dir='ltr'><strong>seminatur</strong></span> <span class='ocrx_word' id='word_1_197' title='bbox 2890 1462 2960 1502; x_wconf 89' lang='lat' dir='ltr'><strong>ac</strong></span> <span class='ocrx_word' id='word_1_198' title='bbox 2998 1445 3208 1502; x_wconf 91' lang='lat' dir='ltr'><strong>colitur</strong></span> <span class='ocrx_word' id='word_1_199' title='bbox 3257 1447 3317 1502; x_wconf 90' lang='lat' dir='ltr'><strong>in</strong></span> <span class='ocrx_word' id='word_1_200' title='bbox 3357 1461 3426 1501; x_wconf 92' lang='lat' dir='ltr'><strong>eo</strong></span> 
     </span>
    </p>
   </div>
   <div class='ocr_carea' id='block_1_32' title="bbox 1773 1533 2476 1590">
    <p class='ocr_par' dir='ltr' id='par_1_32' title="bbox 1773 1533 2476 1590">
     <span class='ocr_line' id='line_1_32' title="bbox 1773 1533 2476 1590; baseline -0.003 0"><span class='ocrx_word' id='word_1_201' title='bbox 1773 1533 2058 1590; x_wconf 88' lang='lat' dir='ltr'><strong>rationale</strong></span> <span class='ocrx_word' id='word_1_202' title='bbox 2087 1533 2476 1589; x_wconf 81' lang='lat' dir='ltr'><strong>frumentum.</strong></span> 
     </span>
    </p>
   </div>
   <div class='ocr_carea' id='block_1_33' title="bbox 1845 1621 3429 1694">
    <p class='ocr_par' dir='ltr' id='par_1_33' title="bbox 1845 1621 3429 1694">
     <span class='ocr_line' id='line_1_33' title="bbox 1845 1621 3429 1694; baseline 0.001 -17"><span class='ocrx_word' id='word_1_203' title='bbox 1845 1624 1888 1693; x_wconf 53' lang='grc' dir='ltr'><strong>ἡ·</strong></span> <span class='ocrx_word' id='word_1_204' title='bbox 1939 1624 2071 1677; x_wconf 64' lang='lat' dir='ltr'><strong>Haec</strong></span> <span class='ocrx_word' id='word_1_205' title='bbox 2125 1621 2298 1678; x_wconf 89' lang='lat' dir='ltr'><strong>dictio</strong></span> <span class='ocrx_word' id='word_1_206' title='bbox 2352 1622 2641 1694; x_wconf 89' lang='lat' dir='ltr'><strong>parabola</strong></span> <span class='ocrx_word' id='word_1_207' title='bbox 2699 1622 3002 1692; x_wconf 89' lang='lat' dir='ltr'><strong>signiﬁcat</strong></span> <span class='ocrx_word' id='word_1_208' title='bbox 3065 1622 3429 1694; x_wconf 89' lang='lat' dir='ltr'><strong>quandoque</strong></span> 
     </span>
    </p>
   </div>
   <div class='ocr_carea' id='block_1_34' title="bbox 123 1710 1660 1783">
    <p class='ocr_par' dir='ltr' id='par_1_34' title="bbox 123 1710 1660 1783">
     <span class='ocr_line' id='line_1_34' title="bbox 123 1710 1660 1783; baseline 0.005 -32"><span class='ocrx_word' id='word_1_209' title='bbox 123 1710 174 1767; x_wconf 69' lang='grc' dir='ltr'><strong>ὡς</strong></span> <span class='ocrx_word' id='word_1_210' title='bbox 212 1714 260 1761; x_wconf 75' lang='grc' dir='ltr'><strong>τό</strong></span> <span class='ocrx_word' id='word_1_211' title='bbox 288 1710 472 1781; x_wconf 81' lang='grc' dir='ltr'>·Ἠμᾱς</span> <span class='ocrx_word' id='word_1_212' title='bbox 551 1711 616 1771; x_wconf 85' lang='grc' dir='ltr'><strong>εἰς</strong></span> <span class='ocrx_word' id='word_1_213' title='bbox 675 1710 974 1783; x_wconf 80' lang='grc' dir='ltr'>παραϐολὴν</span> <span class='ocrx_word' id='word_1_214' title='bbox 1059 1710 1109 1762; x_wconf 79' lang='grc' dir='ltr'>ἐν</span> <span class='ocrx_word' id='word_1_215' title='bbox 1193 1717 1297 1770; x_wconf 83' lang='grc' dir='ltr'>τοῖς</span> <span class='ocrx_word' id='word_1_216' title='bbox 1355 1711 1522 1762; x_wconf 85' lang='grc' dir='ltr'>ἔθνεσι</span> <span class='ocrx_word' id='word_1_217' title='bbox 1577 1713 1660 1760; x_wconf 77' lang='grc' dir='ltr'>καὶ</span> 
     </span>
    </p>
   </div>
   <div class='ocr_carea' id='block_1_35' title="bbox 1843 1710 3426 1783">
    <p class='ocr_par' dir='ltr' id='par_1_35' title="bbox 1843 1711 3426 1780">
     <span class='ocr_line' id='line_1_35' title="bbox 1843 1711 3426 1780; baseline -0.001 -12"><span class='ocrx_word' id='word_1_218' title='bbox 1843 1711 2196 1777; x_wconf 65' lang='grc' dir='ltr'>ιτινᾶιὶοῑιοω,</span> <span class='ocrx_word' id='word_1_219' title='bbox 2229 1715 2292 1764; x_wconf 90' lang='lat' dir='ltr'><strong>ut</strong></span> <span class='ocrx_word' id='word_1_220' title='bbox 2320 1726 2459 1766; x_wconf 92' lang='lat' dir='ltr'><strong>cum</strong></span> <span class='ocrx_word' id='word_1_221' title='bbox 2485 1711 2699 1766; x_wconf 89' lang='lat' dir='ltr'><strong>dicitur</strong></span> <span class='ocrx_word' id='word_1_222' title='bbox 2733 1727 2746 1766; x_wconf 93' lang='lat'>:</span> <span class='ocrx_word' id='word_1_223' title='bbox 2774 1711 2981 1767; x_wconf 78' lang='lat' dir='ltr'><strong>Posuit</strong></span> <span class='ocrx_word' id='word_1_224' title='bbox 3021 1726 3126 1766; x_wconf 84' lang='lat' dir='ltr'><strong>nos</strong></span> <span class='ocrx_word' id='word_1_225' title='bbox 3155 1711 3218 1766; x_wconf 86' lang='lat' dir='ltr'><strong>in</strong></span> <span class='ocrx_word' id='word_1_226' title='bbox 3248 1725 3426 1780; x_wconf 82' lang='lat' dir='ltr'><strong>para-</strong></span> 
     </span>
    </p>
   </div>
   <div class='ocr_carea' id='block_1_36' title="bbox 120 1796 1667 1870">
    <p class='ocr_par' dir='ltr' id='par_1_36' title="bbox 120 1796 1667 1870">
     <span class='ocr_line' id='line_1_36' title="bbox 120 1796 1667 1870; baseline 0.018 -26"><span class='ocrx_word' id='word_1_227' title='bbox 120 1799 180 1845; x_wconf 74' lang='grc' dir='ltr'><strong>τόν</strong></span> <span class='ocrx_word' id='word_1_228' title='bbox 217 1796 553 1870; x_wconf 77' lang='grc' dir='ltr'>αἰνιγματώδη</span> <span class='ocrx_word' id='word_1_229' title='bbox 610 1799 784 1870; x_wconf 70' lang='grc' dir='ltr'>λόγον,</span> <span class='ocrx_word' id='word_1_230' title='bbox 843 1802 911 1860; x_wconf 84' lang='grc' dir='ltr'>ὡς</span> <span class='ocrx_word' id='word_1_231' title='bbox 956 1803 1013 1851; x_wconf 74' lang='grc' dir='ltr'><strong>τά</strong></span> <span class='ocrx_word' id='word_1_232' title='bbox 1043 1817 1055 1829; x_wconf 88' lang='grc'><strong>⁹</strong></span> <span class='ocrx_word' id='word_1_233' title='bbox 1089 1803 1298 1857; x_wconf 75' lang='grc' dir='ltr'><strong>Νοῆσαί</strong></span> <span class='ocrx_word' id='word_1_234' title='bbox 1331 1799 1445 1870; x_wconf 59' lang='grc'>(34)</span> <span class='ocrx_word' id='word_1_235' title='bbox 1484 1815 1539 1849; x_wconf 78' lang='grc' dir='ltr'><strong>τ⁸</strong></span> <span class='ocrx_word' id='word_1_236' title='bbox 1571 1817 1667 1848; x_wconf 58' lang='grc' dir='ltr'><strong>ποῖ’</strong></span> 
     </span>
    </p>
   </div>
   <div class='ocr_carea' id='block_1_37' title="bbox 117 1883 1660 1958">
    <p class='ocr_par' dir='ltr' id='par_1_37' title="bbox 117 1883 1660 1958">
     <span class='ocr_line' id='line_1_37' title="bbox 117 1883 1660 1958; baseline 0.001 -23"><span class='ocrx_word' id='word_1_237' title='bbox 117 1883 287 1954; x_wconf 55' lang='lat' dir='ltr'><strong>gaioli-1</strong></span> <span class='ocrx_word' id='word_1_238' title='bbox 335 1893 419 1939; x_wconf 78' lang='grc' dir='ltr'>καὶ</span> <span class='ocrx_word' id='word_1_239' title='bbox 476 1891 746 1940; x_wconf 84' lang='grc' dir='ltr'>σκοτεινόν</span> <span class='ocrx_word' id='word_1_240' title='bbox 813 1892 955 1958; x_wconf 81' lang='grc' dir='ltr'>λόγον</span> <span class='ocrx_word' id='word_1_241' title='bbox 1012 1907 1026 1919; x_wconf 74' lang='grc' dir='ltr'><strong>ο</strong></span> <span class='ocrx_word' id='word_1_242' title='bbox 1078 1892 1168 1939; x_wconf 81' lang='grc' dir='ltr'>καὶ</span> <span class='ocrx_word' id='word_1_243' title='bbox 1223 1892 1316 1945; x_wconf 75' lang='grc' dir='ltr'>τὴν</span> <span class='ocrx_word' id='word_1_244' title='bbox 1389 1889 1660 1958; x_wconf 87' lang='grc' dir='ltr'>ὁμοίωσιν,</span> 
     </span>
    </p>
   </div>
   <div class='ocr_carea' id='block_1_38' title="bbox 117 1973 1665 2049">
    <p class='ocr_par' dir='ltr' id='par_1_38' title="bbox 117 1973 1665 2049">
     <span class='ocr_line' id='line_1_38' title="bbox 117 1973 1665 2049; baseline 0.001 -25"><span class='ocrx_word' id='word_1_245' title='bbox 117 1973 238 2032; x_wconf 75' lang='grc' dir='ltr'>ὡςτό.</span> <span class='ocrx_word' id='word_1_246' title='bbox 278 1980 582 2047; x_wconf 76' lang='grc' dir='ltr'>προκείμενα</span> <span class='ocrx_word' id='word_1_247' title='bbox 637 1984 804 2028; x_wconf 89' lang='grc' dir='ltr'>ταῦτα</span> <span class='ocrx_word' id='word_1_248' title='bbox 861 1997 872 2008; x_wconf 92' lang='grc'><strong>·</strong></span> <span class='ocrx_word' id='word_1_249' title='bbox 928 1980 1016 2028; x_wconf 86' lang='grc' dir='ltr'>καὶ</span> <span class='ocrx_word' id='word_1_250' title='bbox 1067 1981 1160 2034; x_wconf 84' lang='grc' dir='ltr'>τὴν</span> <span class='ocrx_word' id='word_1_251' title='bbox 1190 1975 1546 2049; x_wconf 88' lang='grc' dir='ltr'>τροπολογίαν,</span> <span class='ocrx_word' id='word_1_252' title='bbox 1597 1978 1665 2035; x_wconf 88' lang='grc' dir='ltr'>ὡς</span> 
     </span>
    </p>
   </div>
   <div class='ocr_carea' id='block_1_39' title="bbox 114 2062 1662 2137">
    <p class='ocr_par' dir='ltr' id='par_1_39' title="bbox 114 2062 1662 2137">
     <span class='ocr_line' id='line_1_39' title="bbox 114 2062 1662 2137; baseline 0.001 -25"><span class='ocrx_word' id='word_1_253' title='bbox 114 2068 155 2113; x_wconf 77' lang='grc' dir='ltr'><strong>τό</strong></span> <span class='ocrx_word' id='word_1_254' title='bbox 198 2075 211 2090; x_wconf 86' lang='grc'><strong><em>⁸</em></strong></span> <span class='ocrx_word' id='word_1_255' title='bbox 259 2067 332 2115; x_wconf 79' lang='grc' dir='ltr'><strong>Υιὲ</strong></span> <span class='ocrx_word' id='word_1_256' title='bbox 380 2063 680 2136; x_wconf 79' lang='grc' dir='ltr'>ἀνθρώπου,</span> <span class='ocrx_word' id='word_1_257' title='bbox 760 2064 866 2116; x_wconf 72' lang='grc' dir='ltr'>εἰπε</span> <span class='ocrx_word' id='word_1_258' title='bbox 960 2064 1137 2126; x_wconf 69' lang='grc' dir='ltr'>αὐτοῖς</span> <span class='ocrx_word' id='word_1_259' title='bbox 1211 2069 1304 2122; x_wconf 82' lang='grc' dir='ltr'>τὴν</span> <span class='ocrx_word' id='word_1_260' title='bbox 1367 2062 1662 2137; x_wconf 79' lang='grc' dir='ltr'>παραϐολὴν</span> 
     </span>
    </p>
   </div>
   <div class='ocr_carea' id='block_1_40' title="bbox 370 2152 1659 2227">
    <p class='ocr_par' dir='ltr' id='par_1_40' title="bbox 370 2152 1659 2227">
     <span class='ocr_line' id='line_1_40' title="bbox 370 2152 1659 2227; baseline -0.001 -22"><span class='ocrx_word' id='word_1_261' title='bbox 370 2153 428 2206; x_wconf 89' lang='grc' dir='ltr'>Ὁ</span> <span class='ocrx_word' id='word_1_262' title='bbox 479 2152 632 2212; x_wconf 78' lang='grc' dir='ltr'>ἀετὸς</span> <span class='ocrx_word' id='word_1_263' title='bbox 719 2155 744 2204; x_wconf 89' lang='grc' dir='ltr'><strong>ό</strong></span> <span class='ocrx_word' id='word_1_264' title='bbox 802 2158 982 2224; x_wconf 81' lang='grc' dir='ltr'>μέγας,</span> <span class='ocrx_word' id='word_1_265' title='bbox 1061 2155 1086 2204; x_wconf 89' lang='grc' dir='ltr'><strong>ό</strong></span> <span class='ocrx_word' id='word_1_266' title='bbox 1151 2152 1597 2227; x_wconf 64' lang='grc' dir='ltr'>μηαλοπτέρυγος</span> <span class='ocrx_word' id='word_1_267' title='bbox 1649 2170 1659 2180; x_wconf 92' lang='grc'><strong>·</strong></span> 
     </span>
    </p>
   </div>
   <div class='ocr_carea' id='block_1_41' title="bbox 112 2236 1664 2314">
    <p class='ocr_par' dir='ltr' id='par_1_41' title="bbox 112 2236 1664 2314">
     <span class='ocr_line' id='line_1_41' title="bbox 112 2236 1664 2314; baseline 0.002 -25"><span class='ocrx_word' id='word_1_268' title='bbox 112 2236 218 2289; x_wconf 68' lang='grc' dir='ltr'>εὶς-τόν</span> <span class='ocrx_word' id='word_1_269' title='bbox 240 2238 400 2310; x_wconf 71' lang='grc' dir='ltr'>λέγων,</span> <span class='ocrx_word' id='word_1_270' title='bbox 457 2245 553 2292; x_wconf 83' lang='grc' dir='ltr'><strong>τόν</strong></span> <span class='ocrx_word' id='word_1_271' title='bbox 606 2240 831 2313; x_wconf 77' lang='grc' dir='ltr'>βασιλέα</span> <span class='ocrx_word' id='word_1_272' title='bbox 885 2248 984 2292; x_wconf 77' lang='grc' dir='ltr'>τῶν</span> <span class='ocrx_word' id='word_1_273' title='bbox 1043 2242 1339 2314; x_wconf 85' lang='grc' dir='ltr'>Ἀσσυρίων</span> <span class='ocrx_word' id='word_1_274' title='bbox 1371 2260 1383 2273; x_wconf 78' lang='grc' dir='ltr'><strong>ο</strong></span> <span class='ocrx_word' id='word_1_275' title='bbox 1421 2246 1664 2314; x_wconf 85' lang='grc' dir='ltr'>σημαίνει</span> 
     </span>
    </p>
   </div>
   <div class='ocr_carea' id='block_1_42' title="bbox 117 2323 141 2342">
    <p class='ocr_par' dir='ltr' id='par_1_42' title="bbox 117 2323 141 2342">
     <span class='ocr_line' id='line_1_42' title="bbox 117 2323 141 2342; baseline 0 0"><span class='ocrx_word' id='word_1_276' title='bbox 117 2323 141 2342; x_wconf 56' lang='lat'><strong>$-</strong></span> 
     </span>
    </p>
   </div>
   <div class='ocr_carea' id='block_1_43' title="bbox 111 2329 1666 2404">
    <p class='ocr_par' dir='ltr' id='par_1_43' title="bbox 111 2329 1666 2404">
     <span class='ocr_line' id='line_1_43' title="bbox 111 2329 1666 2404; baseline 0.003 -27"><span class='ocrx_word' id='word_1_277' title='bbox 111 2329 150 2377; x_wconf 61' lang='grc' dir='ltr'>ἴε</span> <span class='ocrx_word' id='word_1_278' title='bbox 191 2334 264 2379; x_wconf 76' lang='grc' dir='ltr'>καὶ</span> <span class='ocrx_word' id='word_1_279' title='bbox 306 2333 382 2382; x_wconf 79' lang='grc' dir='ltr'><strong>τόν</strong></span> <span class='ocrx_word' id='word_1_280' title='bbox 436 2333 629 2395; x_wconf 82' lang='grc' dir='ltr'>τύπον,</span> <span class='ocrx_word' id='word_1_281' title='bbox 692 2333 765 2391; x_wconf 84' lang='grc' dir='ltr'>ὡς</span> <span class='ocrx_word' id='word_1_282' title='bbox 819 2332 938 2382; x_wconf 85' lang='grc' dir='ltr'>ὅταν</span> <span class='ocrx_word' id='word_1_283' title='bbox 990 2330 1107 2403; x_wconf 74' lang='grc' dir='ltr'>λέγῃ</span> <span class='ocrx_word' id='word_1_284' title='bbox 1167 2329 1370 2390; x_wconf 83' lang='grc' dir='ltr'>Παῦλος</span> <span class='ocrx_word' id='word_1_285' title='bbox 1429 2337 1666 2404; x_wconf 82' lang='grc' dir='ltr'>περὶτοῦ</span> 
     </span>
    </p>
   </div>
   <div class='ocr_carea' id='block_1_44' title="bbox 114 2154 317 2207">
    <p class='ocr_par' dir='ltr' id='par_1_44' title="bbox 114 2154 317 2207">
     <span class='ocr_line' id='line_1_44' title="bbox 114 2154 317 2207; baseline 0 -7"><span class='ocrx_word' id='word_1_286' title='bbox 114 2154 258 2207; x_wconf 65' lang='grc' dir='ltr'>ταὶ-την</span> <span class='ocrx_word' id='word_1_287' title='bbox 305 2173 317 2185; x_wconf 72' lang='grc' dir='ltr'><strong>ο</strong></span> 
     </span>
    </p>
   </div>
   <div class='ocr_carea' id='block_1_45' title="bbox 109 2413 1666 2491">
    <p class='ocr_par' dir='ltr' id='par_1_45' title="bbox 109 2413 1666 2491">
     <span class='ocr_line' id='line_1_45' title="bbox 109 2413 1666 2491; baseline 0.003 -25"><span class='ocrx_word' id='word_1_288' title='bbox 109 2413 312 2488; x_wconf 72' lang='grc' dir='ltr'>Ἀϐραὰμ,</span> <span class='ocrx_word' id='word_1_289' title='bbox 391 2421 468 2472; x_wconf 87' lang='grc' dir='ltr'>ὃτι</span> <span class='ocrx_word' id='word_1_290' title='bbox 557 2422 644 2470; x_wconf 84' lang='grc' dir='ltr'><strong>τόν</strong></span> <span class='ocrx_word' id='word_1_291' title='bbox 731 2428 976 2491; x_wconf 80' lang='grc' dir='ltr'>μονογενῆ</span> <span class='ocrx_word' id='word_1_292' title='bbox 1075 2423 1405 2491; x_wconf 79' lang='grc' dir='ltr'>προσέφερεν,</span> <span class='ocrx_word' id='word_1_293' title='bbox 1482 2421 1506 2471; x_wconf 93' lang='grc' dir='ltr'><strong>ό</strong></span> <span class='ocrx_word' id='word_1_294' title='bbox 1576 2421 1666 2471; x_wconf 74' lang='grc' dir='ltr'><strong>τὰς</strong></span> 
     </span>
    </p>
   </div>
   <div class='ocr_carea' id='block_1_46' title="bbox 422 2505 1663 2580">
    <p class='ocr_par' dir='ltr' id='par_1_46' title="bbox 422 2505 1663 2580">
     <span class='ocr_line' id='line_1_46' title="bbox 422 2505 1663 2580; baseline 0 -20"><span class='ocrx_word' id='word_1_295' title='bbox 422 2505 726 2580; x_wconf 82' lang='grc' dir='ltr'>δεξάμενος.</span> <span class='ocrx_word' id='word_1_296' title='bbox 813 2506 963 2560; x_wconf 80' lang='grc' dir='ltr'>Ὅθεν</span> <span class='ocrx_word' id='word_1_297' title='bbox 1033 2507 1083 2558; x_wconf 87' lang='grc' dir='ltr'>ἐν</span> <span class='ocrx_word' id='word_1_298' title='bbox 1158 2507 1428 2579; x_wconf 78' lang='grc' dir='ltr'>παραϐολῇ</span> <span class='ocrx_word' id='word_1_299' title='bbox 1513 2508 1663 2560; x_wconf 74' lang='grc' dir='ltr'>αὐτόν</span> 
     </span>
    </p>
   </div>
   <div class='ocr_carea' id='block_1_47' title="bbox 114 2589 1274 2668">
    <p class='ocr_par' dir='ltr' id='par_1_47' title="bbox 114 2589 1274 2668">
     <span class='ocr_line' id='line_1_47' title="bbox 114 2589 1274 2668; baseline 0.006 -26"><span class='ocrx_word' id='word_1_300' title='bbox 114 2589 359 2663; x_wconf 64' lang='grc' dir='ltr'>ἐιομίσατο,</span> <span class='ocrx_word' id='word_1_301' title='bbox 389 2600 685 2665; x_wconf 86' lang='grc' dir='ltr'>τουτέστιν,</span> <span class='ocrx_word' id='word_1_302' title='bbox 717 2593 766 2647; x_wconf 84' lang='grc' dir='ltr'>ἐν</span> <span class='ocrx_word' id='word_1_303' title='bbox 797 2599 963 2668; x_wconf 85' lang='grc' dir='ltr'>τύπῳ,</span> <span class='ocrx_word' id='word_1_304' title='bbox 996 2594 1044 2648; x_wconf 81' lang='grc' dir='ltr'>ἐν</span> <span class='ocrx_word' id='word_1_305' title='bbox 1071 2595 1274 2668; x_wconf 85' lang='grc' dir='ltr'>εἰκόνι.]</span> 
     </span>
    </p>
   </div>
   <div class='ocr_carea' id='block_1_48' title="bbox 1075 2423 1405 2492">
    <p class='ocr_par' dir='ltr' id='par_1_48' title="bbox 1075 2423 1405 2492">
     <span class='ocr_line' id='line_1_48' title="bbox 1075 2423 1405 2492; baseline -0.003 -22"><span class='ocrx_word' id='word_1_306' title='bbox 1075 2423 1405 2492; x_wconf 79' lang='grc' dir='ltr'>προσέφερεν,</span> 
     </span>
    </p>
   </div>
   <div class='ocr_carea' id='block_1_49' title="bbox 105 2501 346 2575">
    <p class='ocr_par' dir='ltr' id='par_1_49' title="bbox 105 2501 346 2575">
     <span class='ocr_line' id='line_1_49' title="bbox 105 2501 346 2575; baseline 0.025 -24"><span class='ocrx_word' id='word_1_307' title='bbox 105 2501 346 2575; x_wconf 71' lang='grc' dir='ltr'>ἐπαγγελίας</span> 
     </span>
    </p>
   </div>
   <div class='ocr_carea' id='block_1_50' title="bbox 161 2767 1655 2847">
    <p class='ocr_par' dir='ltr' id='par_1_50' title="bbox 161 2767 1655 2847">
     <span class='ocr_line' id='line_1_50' title="bbox 161 2767 1655 2847; baseline 0.004 -28"><span class='ocrx_word' id='word_1_308' title='bbox 161 2767 290 2819; x_wconf 85' lang='grc' dir='ltr'><strong>Ὀ-</strong></span> <span class='ocrx_word' id='word_1_309' title='bbox 339 2772 496 2828; x_wconf 80' lang='grc' dir='ltr'>ἔστιν.</span> <span class='ocrx_word' id='word_1_310' title='bbox 562 2771 746 2845; x_wconf 84' lang='grc' dir='ltr'>Ὀπερ,</span> <span class='ocrx_word' id='word_1_311' title='bbox 808 2777 1014 2847; x_wconf 80' lang='grc' dir='ltr'>σπέρμα</span> <span class='ocrx_word' id='word_1_312' title='bbox 1067 2770 1330 2838; x_wconf 76' lang='grc' dir='ltr'>δηλονότι,</span> <span class='ocrx_word' id='word_1_313' title='bbox 1366 2777 1655 2845; x_wconf 89' lang='grc' dir='ltr'>σμικρότα-</span> 
     </span>
    </p>
   </div>
   <div class='ocr_carea' id='block_1_51' title="bbox 105 2857 1658 2934">
    <p class='ocr_par' dir='ltr' id='par_1_51' title="bbox 105 2857 1658 2934">
     <span class='ocr_line' id='line_1_51' title="bbox 105 2857 1658 2934; baseline 0.004 -27"><span class='ocrx_word' id='word_1_314' title='bbox 105 2874 164 2907; x_wconf 76' lang='grc' dir='ltr'><strong>τον</strong></span> <span class='ocrx_word' id='word_1_315' title='bbox 184 2863 257 2928; x_wconf 57' lang='lat' dir='ltr'><strong>ut“;</strong></span> <span class='ocrx_word' id='word_1_316' title='bbox 283 2861 391 2912; x_wconf 78' lang='grc' dir='ltr'>ἐστι</span> <span class='ocrx_word' id='word_1_317' title='bbox 437 2871 499 2934; x_wconf 74' lang='grc' dir='ltr'>τῇ</span> <span class='ocrx_word' id='word_1_318' title='bbox 571 2867 848 2927; x_wconf 82' lang='grc' dir='ltr'>ποσότητι,</span> <span class='ocrx_word' id='word_1_319' title='bbox 903 2865 1149 2933; x_wconf 86' lang='grc' dir='ltr'>μέγιστον</span> <span class='ocrx_word' id='word_1_320' title='bbox 1187 2857 1246 2913; x_wconf 75' lang='grc' dir='ltr'><strong>δὲ</strong></span> <span class='ocrx_word' id='word_1_321' title='bbox 1289 2869 1350 2932; x_wconf 77' lang='grc' dir='ltr'>τῇ</span> <span class='ocrx_word' id='word_1_322' title='bbox 1398 2869 1658 2928; x_wconf 82' lang='grc' dir='ltr'>ποιότητι,</span> 
     </span>
    </p>
   </div>
   <div class='ocr_carea' id='block_1_52' title="bbox 105 2946 1657 3022">
    <p class='ocr_par' dir='ltr' id='par_1_52' title="bbox 105 2946 1657 3022">
     <span class='ocr_line' id='line_1_52' title="bbox 105 2946 1657 3022; baseline 0.007 -29"><span class='ocrx_word' id='word_1_323' title='bbox 105 2948 250 3011; x_wconf 74' lang='grc' dir='ltr'>ξίτονν,</span> <span class='ocrx_word' id='word_1_324' title='bbox 297 2957 353 3020; x_wconf 77' lang='grc' dir='ltr'>τῇ</span> <span class='ocrx_word' id='word_1_325' title='bbox 414 2946 664 3022; x_wconf 75' lang='grc' dir='ltr'>δυνάμειο</span> <span class='ocrx_word' id='word_1_326' title='bbox 722 2953 806 3001; x_wconf 88' lang='grc' dir='ltr'><strong>Διὸ</strong></span> <span class='ocrx_word' id='word_1_327' title='bbox 855 2955 942 3002; x_wconf 85' lang='grc' dir='ltr'>καὶ</span> <span class='ocrx_word' id='word_1_328' title='bbox 988 2950 1058 3011; x_wconf 81' lang='grc' dir='ltr'>εἰς</span> <span class='ocrx_word' id='word_1_329' title='bbox 1111 2952 1324 3022; x_wconf 83' lang='grc' dir='ltr'>μέγεθος</span> <span class='ocrx_word' id='word_1_330' title='bbox 1352 2946 1657 3006; x_wconf 82' lang='grc' dir='ltr'>ἐπιδίδωσι.</span> 
     </span>
    </p>
   </div>
   <div class='ocr_carea' id='block_1_53' title="bbox 1776 1799 3427 1870">
    <p class='ocr_par' dir='ltr' id='par_1_53' title="bbox 1776 1799 3427 1870">
     <span class='ocr_line' id='line_1_53' title="bbox 1776 1799 3427 1870; baseline -0.001 -13"><span class='ocrx_word' id='word_1_331' title='bbox 1776 1802 1969 1858; x_wconf 88' lang='lat' dir='ltr'><strong>bolam</strong></span> <span class='ocrx_word' id='word_1_332' title='bbox 2011 1800 2076 1855; x_wconf 78' lang='lat' dir='ltr'><strong>in</strong></span> <span class='ocrx_word' id='word_1_333' title='bbox 2113 1799 2368 1870; x_wconf 78' lang='lat' dir='ltr'><strong>gentibus</strong></span> <span class='ocrx_word' id='word_1_334' title='bbox 2415 1801 2482 1854; x_wconf 77' lang='lat'><strong>“.</strong></span> <span class='ocrx_word' id='word_1_335' title='bbox 2539 1799 2842 1855; x_wconf 86' lang='lat' dir='ltr'><strong>Interdum</strong></span> <span class='ocrx_word' id='word_1_336' title='bbox 2890 1804 3090 1856; x_wconf 87' lang='lat' dir='ltr'><strong>autem</strong></span> <span class='ocrx_word' id='word_1_337' title='bbox 3143 1800 3427 1870; x_wconf 80' lang='lat' dir='ltr'><strong>aenigma-</strong></span> 
     </span>
    </p>
   </div>
   <div class='ocr_carea' id='block_1_54' title="bbox 1775 1885 3427 1957">
    <p class='ocr_par' dir='ltr' id='par_1_54' title="bbox 1775 1885 3427 1957">
     <span class='ocr_line' id='line_1_54' title="bbox 1775 1885 3427 1957; baseline -0.002 -11"><span class='ocrx_word' id='word_1_338' title='bbox 1775 1890 1956 1946; x_wconf 89' lang='lat' dir='ltr'><strong>ticum</strong></span> <span class='ocrx_word' id='word_1_339' title='bbox 1989 1896 2344 1951; x_wconf 84' lang='lat' dir='ltr'><strong>sermonem,</strong></span> <span class='ocrx_word' id='word_1_340' title='bbox 2399 1894 2466 1941; x_wconf 88' lang='lat' dir='ltr'><strong>ut</strong></span> <span class='ocrx_word' id='word_1_341' title='bbox 2507 1890 2595 1942; x_wconf 87' lang='lat' dir='ltr'><strong>est</strong></span> <span class='ocrx_word' id='word_1_342' title='bbox 2639 1885 2826 1942; x_wconf 90' lang='lat' dir='ltr'><strong>illud:</strong></span> <span class='ocrx_word' id='word_1_343' title='bbox 2873 1888 3211 1957; x_wconf 78' lang='lat' dir='ltr'><strong>Intelligere</strong></span> <span class='ocrx_word' id='word_1_344' title='bbox 3250 1902 3427 1956; x_wconf 78' lang='lat' dir='ltr'><strong>para-</strong></span> 
     </span>
    </p>
   </div>
   <div class='ocr_carea' id='block_1_55' title="bbox 1776 1974 3426 2046">
    <p class='ocr_par' dir='ltr' id='par_1_55' title="bbox 1776 1974 3426 2046">
     <span class='ocr_line' id='line_1_55' title="bbox 1776 1974 3426 2046; baseline -0.001 -13"><span class='ocrx_word' id='word_1_345' title='bbox 1776 1977 1960 2033; x_wconf 82' lang='lat' dir='ltr'><strong>bolam</strong></span> <span class='ocrx_word' id='word_1_346' title='bbox 1989 1981 2044 2032; x_wconf 83' lang='lat' dir='ltr'><strong>et</strong></span> <span class='ocrx_word' id='word_1_347' title='bbox 2068 1976 2382 2031; x_wconf 80' lang='lat' dir='ltr'><strong>obscurum</strong></span> <span class='ocrx_word' id='word_1_348' title='bbox 2397 1989 2716 2030; x_wconf 82' lang='lat' dir='ltr'><strong>sermonem</strong></span> <span class='ocrx_word' id='word_1_349' title='bbox 2734 1976 2801 2030; x_wconf 80' lang='grc'><strong>²⁸.</strong></span> <span class='ocrx_word' id='word_1_350' title='bbox 2825 1974 3125 2044; x_wconf 87' lang='lat' dir='ltr'><strong>Signiﬁcat</strong></span> <span class='ocrx_word' id='word_1_351' title='bbox 3141 1980 3426 2046; x_wconf 85' lang='lat' dir='ltr'><strong>praeterea</strong></span> 
     </span>
    </p>
   </div>
   <div class='ocr_carea' id='block_1_56' title="bbox 1773 2061 3428 2135">
    <p class='ocr_par' dir='ltr' id='par_1_56' title="bbox 1773 2061 3428 2135">
     <span class='ocr_line' id='line_1_56' title="bbox 1773 2061 3428 2135; baseline -0.002 -14"><span class='ocrx_word' id='word_1_352' title='bbox 1773 2065 2245 2129; x_wconf 78' lang='lat' dir='ltr'><strong>similitudinem,</strong></span> <span class='ocrx_word' id='word_1_353' title='bbox 2290 2061 2468 2119; x_wconf 85' lang='lat' dir='ltr'><strong>veluti</strong></span> <span class='ocrx_word' id='word_1_354' title='bbox 2511 2067 2644 2119; x_wconf 90' lang='lat' dir='ltr'><strong>sunt</strong></span> <span class='ocrx_word' id='word_1_355' title='bbox 2683 2063 2832 2133; x_wconf 67' lang='lat' dir='ltr'><strong>haec,</strong></span> <span class='ocrx_word' id='word_1_356' title='bbox 2876 2079 3006 2135; x_wconf 61' lang='lat' dir='ltr'><strong>quas</strong></span> <span class='ocrx_word' id='word_1_357' title='bbox 3055 2063 3152 2118; x_wconf 91' lang='lat' dir='ltr'><strong>hic</strong></span> <span class='ocrx_word' id='word_1_358' title='bbox 3210 2077 3428 2134; x_wconf 89' lang='lat' dir='ltr'><strong>propo-</strong></span> 
     </span>
    </p>
   </div>
   <div class='ocr_carea' id='block_1_57' title="bbox 1772 2149 3421 2221">
    <p class='ocr_par' dir='ltr' id='par_1_57' title="bbox 1772 2149 3421 2221">
     <span class='ocr_line' id='line_1_57' title="bbox 1772 2149 3421 2221; baseline -0.003 -11"><span class='ocrx_word' id='word_1_359' title='bbox 1772 2159 2016 2217; x_wconf 89' lang='lat' dir='ltr'><strong>nuntur,</strong></span> <span class='ocrx_word' id='word_1_360' title='bbox 2040 2151 2126 2206; x_wconf 88' lang='lat' dir='ltr'><strong>Ad</strong></span> <span class='ocrx_word' id='word_1_361' title='bbox 2150 2151 2279 2207; x_wconf 67' lang='lat' dir='ltr'><strong>haec</strong></span> <span class='ocrx_word' id='word_1_362' title='bbox 2294 2151 2571 2219; x_wconf 85' lang='lat' dir='ltr'><strong>designat</strong></span> <span class='ocrx_word' id='word_1_363' title='bbox 2595 2151 3016 2221; x_wconf 88' lang='lat' dir='ltr'><strong>tropologiam,</strong></span> <span class='ocrx_word' id='word_1_364' title='bbox 3036 2155 3100 2206; x_wconf 89' lang='lat' dir='ltr'><strong>ut</strong></span> <span class='ocrx_word' id='word_1_365' title='bbox 3123 2154 3212 2206; x_wconf 87' lang='lat' dir='ltr'><strong>est</strong></span> <span class='ocrx_word' id='word_1_366' title='bbox 3234 2149 3380 2205; x_wconf 91' lang='lat' dir='ltr'><strong>illud</strong></span> <span class='ocrx_word' id='word_1_367' title='bbox 3409 2167 3421 2205; x_wconf 91' lang='lat'>:</span> 
     </span>
    </p>
   </div>
   <div class='ocr_carea' id='block_1_58' title="bbox 1771 2239 3426 2312">
    <p class='ocr_par' dir='ltr' id='par_1_58' title="bbox 1771 2239 3426 2312">
     <span class='ocr_line' id='line_1_58' title="bbox 1771 2239 3426 2312; baseline -0.002 -13"><span class='ocrx_word' id='word_1_368' title='bbox 1771 2244 1897 2300; x_wconf 85' lang='lat' dir='ltr'><strong>Fili</strong></span> <span class='ocrx_word' id='word_1_369' title='bbox 1951 2241 2224 2305; x_wconf 78' lang='lat' dir='ltr'><strong>hominis,</strong></span> <span class='ocrx_word' id='word_1_370' title='bbox 2268 2240 2359 2296; x_wconf 88' lang='lat' dir='ltr'><strong>dic</strong></span> <span class='ocrx_word' id='word_1_371' title='bbox 2394 2240 2518 2296; x_wconf 80' lang='lat' dir='ltr'><strong>illis</strong></span> <span class='ocrx_word' id='word_1_372' title='bbox 2566 2240 2922 2308; x_wconf 79' lang='lat' dir='ltr'><strong>parabolam</strong></span> <span class='ocrx_word' id='word_1_373' title='bbox 2981 2239 3136 2296; x_wconf 85' lang='lat' dir='ltr'><strong>hanc</strong></span> <span class='ocrx_word' id='word_1_374' title='bbox 3186 2239 3426 2312; x_wconf 88' lang='lat' dir='ltr'><strong>:Aquila</strong></span> 
     </span>
    </p>
   </div>
   <div class='ocr_carea' id='block_1_59' title="bbox 1772 2328 3427 2402">
    <p class='ocr_par' dir='ltr' id='par_1_59' title="bbox 1772 2328 3427 2402">
     <span class='ocr_line' id='line_1_59' title="bbox 1772 2328 3427 2402; baseline -0.002 -14"><span class='ocrx_word' id='word_1_375' title='bbox 1772 2346 1982 2402; x_wconf 87' lang='lat' dir='ltr'><strong>magna</strong></span> <span class='ocrx_word' id='word_1_376' title='bbox 2001 2340 2358 2400; x_wconf 79' lang='lat' dir='ltr'><strong>magnarum</strong></span> <span class='ocrx_word' id='word_1_377' title='bbox 2380 2331 2616 2386; x_wconf 85' lang='lat' dir='ltr'><strong>alarum</strong></span> <span class='ocrx_word' id='word_1_378' title='bbox 2659 2330 2726 2395; x_wconf 66' lang='grc' dir='ltr'><strong>ιδ,</strong></span> <span class='ocrx_word' id='word_1_379' title='bbox 2766 2344 2989 2384; x_wconf 87' lang='lat' dir='ltr'><strong>vocans</strong></span> <span class='ocrx_word' id='word_1_380' title='bbox 3017 2328 3270 2400; x_wconf 88' lang='lat' dir='ltr'><strong>aquilam</strong></span> <span class='ocrx_word' id='word_1_381' title='bbox 3297 2344 3427 2399; x_wconf 88' lang='lat' dir='ltr'><strong>reg-</strong></span> 
     </span>
    </p>
   </div>
   <div class='ocr_carea' id='block_1_60' title="bbox 1771 2417 3429 2491">
    <p class='ocr_par' dir='ltr' id='par_1_60' title="bbox 1771 2417 3429 2491">
     <span class='ocr_line' id='line_1_60' title="bbox 1771 2417 3429 2491; baseline -0.004 -14"><span class='ocrx_word' id='word_1_382' title='bbox 1771 2436 1918 2477; x_wconf 91' lang='lat' dir='ltr'><strong>num</strong></span> <span class='ocrx_word' id='word_1_383' title='bbox 1962 2419 2361 2491; x_wconf 85' lang='lat' dir='ltr'><strong>Assyriorum.</strong></span> <span class='ocrx_word' id='word_1_384' title='bbox 2409 2418 2659 2490; x_wconf 91' lang='lat' dir='ltr'><strong>Insuper</strong></span> <span class='ocrx_word' id='word_1_385' title='bbox 2698 2417 2992 2486; x_wconf 89' lang='lat' dir='ltr'><strong>signiﬁcat</strong></span> <span class='ocrx_word' id='word_1_386' title='bbox 3032 2417 3313 2487; x_wconf 87' lang='lat' dir='ltr'><strong>ﬁguram,</strong></span> <span class='ocrx_word' id='word_1_387' title='bbox 3363 2420 3429 2473; x_wconf 90' lang='lat' dir='ltr'><strong>ut</strong></span> 
     </span>
    </p>
   </div>
   <div class='ocr_carea' id='block_1_61' title="bbox 1771 2505 3429 2582">
    <p class='ocr_par' dir='ltr' id='par_1_61' title="bbox 1771 2505 3429 2582">
     <span class='ocr_line' id='line_1_61' title="bbox 1771 2505 3429 2582; baseline -0.001 -18"><span class='ocrx_word' id='word_1_388' title='bbox 1771 2509 2020 2582; x_wconf 89' lang='lat' dir='ltr'><strong>quando</strong></span> <span class='ocrx_word' id='word_1_389' title='bbox 2060 2507 2198 2563; x_wconf 91' lang='lat' dir='ltr'><strong>dicit</strong></span> <span class='ocrx_word' id='word_1_390' title='bbox 2229 2505 2448 2564; x_wconf 87' lang='lat' dir='ltr'><strong>Paulus</strong></span> <span class='ocrx_word' id='word_1_391' title='bbox 2479 2507 2526 2544; x_wconf 85' lang='grc'><strong>¹⁶</strong></span> <span class='ocrx_word' id='word_1_392' title='bbox 2565 2507 2640 2561; x_wconf 90' lang='lat' dir='ltr'><strong>de</strong></span> <span class='ocrx_word' id='word_1_393' title='bbox 2670 2507 2972 2562; x_wconf 76' lang='lat' dir='ltr'><strong>Abraham</strong></span> <span class='ocrx_word' id='word_1_394' title='bbox 3014 2506 3178 2578; x_wconf 91' lang='lat' dir='ltr'><strong>quod</strong></span> <span class='ocrx_word' id='word_1_395' title='bbox 3217 2505 3429 2562; x_wconf 87' lang='lat' dir='ltr'><strong>obtulit</strong></span> 
     </span>
    </p>
   </div>
   <div class='ocr_carea' id='block_1_62' title="bbox 1770 2594 3422 2668">
    <p class='ocr_par' dir='ltr' id='par_1_62' title="bbox 1770 2594 3422 2668">
     <span class='ocr_line' id='line_1_62' title="bbox 1770 2594 3422 2668; baseline -0.002 -16"><span class='ocrx_word' id='word_1_396' title='bbox 1770 2597 1979 2667; x_wconf 90' lang='lat' dir='ltr'><strong>ﬁlium,</strong></span> <span class='ocrx_word' id='word_1_397' title='bbox 2035 2596 2138 2668; x_wconf 89' lang='lat' dir='ltr'><strong>qui</strong></span> <span class='ocrx_word' id='word_1_398' title='bbox 2189 2595 2361 2667; x_wconf 85' lang='lat' dir='ltr'><strong>juxta</strong></span> <span class='ocrx_word' id='word_1_399' title='bbox 2407 2594 2836 2667; x_wconf 90' lang='lat' dir='ltr'><strong>promissiones</strong></span> <span class='ocrx_word' id='word_1_400' title='bbox 2897 2599 3211 2666; x_wconf 87' lang='lat' dir='ltr'><strong>susceptus</strong></span> <span class='ocrx_word' id='word_1_401' title='bbox 3277 2597 3422 2651; x_wconf 88' lang='lat' dir='ltr'><strong>erat.</strong></span> 
     </span>
    </p>
   </div>
   <div class='ocr_carea' id='block_1_63' title="bbox 1777 2682 3102 2754">
    <p class='ocr_par' dir='ltr' id='par_1_63' title="bbox 1777 2682 3102 2754">
     <span class='ocr_line' id='line_1_63' title="bbox 1777 2682 3102 2754; baseline -0.005 -11"><span class='ocrx_word' id='word_1_402' title='bbox 1777 2686 1938 2743; x_wconf 91' lang='lat' dir='ltr'><strong>Unde</strong></span> <span class='ocrx_word' id='word_1_403' title='bbox 1967 2687 2032 2741; x_wconf 84' lang='lat' dir='ltr'><strong>in</strong></span> <span class='ocrx_word' id='word_1_404' title='bbox 2061 2685 2430 2753; x_wconf 79' lang='lat' dir='ltr'><strong>parabolam,</strong></span> <span class='ocrx_word' id='word_1_405' title='bbox 2464 2683 2676 2754; x_wconf 89' lang='lat' dir='ltr'><strong>inquit,</strong></span> <span class='ocrx_word' id='word_1_406' title='bbox 2706 2682 2924 2752; x_wconf 78' lang='lat' dir='ltr'><strong>recepit</strong></span> <span class='ocrx_word' id='word_1_407' title='bbox 2955 2699 3102 2737; x_wconf 86' lang='lat' dir='ltr'><strong>eum.</strong></span> 
     </span>
    </p>
   </div>
   <div class='ocr_carea' id='block_1_64' title="bbox 1838 2770 3426 2843">
    <p class='ocr_par' dir='ltr' id='par_1_64' title="bbox 1838 2770 3426 2843">
     <span class='ocr_line' id='line_1_64' title="bbox 1838 2770 3426 2843; baseline -0.002 -12"><span class='ocrx_word' id='word_1_408' title='bbox 1838 2777 2000 2831; x_wconf 82' lang='lat' dir='ltr'><strong>Vers.</strong></span> <span class='ocrx_word' id='word_1_409' title='bbox 2062 2777 2148 2830; x_wconf 87' lang='lat'><strong>32.</strong></span> <span class='ocrx_word' id='word_1_410' title='bbox 2206 2773 2374 2841; x_wconf 83' lang='lat' dir='ltr'><strong>Quod</strong></span> <span class='ocrx_word' id='word_1_411' title='bbox 2409 2809 2472 2819; x_wconf 87' lang='lat'>—</span> <span class='ocrx_word' id='word_1_412' title='bbox 2509 2779 2610 2828; x_wconf 76' lang='lat' dir='ltr'><strong>est.</strong></span> <span class='ocrx_word' id='word_1_413' title='bbox 2671 2771 2985 2827; x_wconf 88' lang='lat' dir='ltr'><strong>Minimum</strong></span> <span class='ocrx_word' id='word_1_414' title='bbox 3036 2770 3279 2843; x_wconf 90' lang='lat' dir='ltr'><strong>quidem</strong></span> <span class='ocrx_word' id='word_1_415' title='bbox 3337 2775 3426 2828; x_wconf 90' lang='lat' dir='ltr'><strong>est</strong></span> 
     </span>
    </p>
   </div>
   <div class='ocr_carea' id='block_1_65' title="bbox 1770 2859 3425 2936">
    <p class='ocr_par' dir='ltr' id='par_1_65' title="bbox 1770 2859 3425 2936">
     <span class='ocr_line' id='line_1_65' title="bbox 1770 2859 3425 2936; baseline -0.004 -16"><span class='ocrx_word' id='word_1_416' title='bbox 1770 2863 2120 2936; x_wconf 87' lang='lat' dir='ltr'><strong>quantitate,</strong></span> <span class='ocrx_word' id='word_1_417' title='bbox 2145 2861 2248 2917; x_wconf 91' lang='lat' dir='ltr'><strong>sed</strong></span> <span class='ocrx_word' id='word_1_418' title='bbox 2262 2861 2592 2916; x_wconf 86' lang='lat' dir='ltr'><strong>maximum</strong></span> <span class='ocrx_word' id='word_1_419' title='bbox 2605 2860 2891 2933; x_wconf 90' lang='lat' dir='ltr'><strong>qualitate</strong></span> <span class='ocrx_word' id='word_1_420' title='bbox 2905 2862 3023 2915; x_wconf 87' lang='lat' dir='ltr'><strong>sive</strong></span> <span class='ocrx_word' id='word_1_421' title='bbox 3044 2860 3251 2914; x_wconf 85' lang='lat' dir='ltr'><strong>virtute</strong></span> <span class='ocrx_word' id='word_1_422' title='bbox 3267 2875 3280 2924; x_wconf 93' lang='lat'>;</span> <span class='ocrx_word' id='word_1_423' title='bbox 3294 2859 3425 2914; x_wconf 82' lang='lat' dir='ltr'><strong>ideo</strong></span> 
     </span>
    </p>
   </div>
   <div class='ocr_carea' id='block_1_66' title="bbox 1770 2947 3424 3024">
    <p class='ocr_par' dir='ltr' id='par_1_66' title="bbox 1770 2947 3424 3024">
     <span class='ocr_line' id='line_1_66' title="bbox 1770 2947 3424 3024; baseline -0.003 -17"><span class='ocrx_word' id='word_1_424' title='bbox 1770 2967 2007 3024; x_wconf 91' lang='lat' dir='ltr'><strong>quoque</strong></span> <span class='ocrx_word' id='word_1_425' title='bbox 2036 2951 2097 3006; x_wconf 92' lang='lat' dir='ltr'><strong>in</strong></span> <span class='ocrx_word' id='word_1_426' title='bbox 2115 2949 2581 3019; x_wconf 88' lang='lat' dir='ltr'><strong>magnitudinem</strong></span> <span class='ocrx_word' id='word_1_427' title='bbox 2603 2948 2901 3005; x_wconf 89' lang='lat' dir='ltr'><strong>excressit.</strong></span> <span class='ocrx_word' id='word_1_428' title='bbox 2934 2948 3021 3003; x_wconf 89' lang='lat' dir='ltr'><strong>Ad</strong></span> <span class='ocrx_word' id='word_1_429' title='bbox 3045 2947 3222 3019; x_wconf 91' lang='lat' dir='ltr'><strong>hujus</strong></span> <span class='ocrx_word' id='word_1_430' title='bbox 3247 2948 3424 3004; x_wconf 89' lang='lat' dir='ltr'><strong>semi-</strong></span> 
     </span>
    </p>
   </div>
   <div class='ocr_carea' id='block_1_67' title="bbox 105 3037 1660 3123">
    <p class='ocr_par' dir='ltr' id='par_1_67' title="bbox 105 3037 1660 3112">
     <span class='ocr_line' id='line_1_67' title="bbox 105 3037 1660 3112; baseline 0.004 -28"><span class='ocrx_word' id='word_1_431' title='bbox 105 3037 217 3085; x_wconf 59' lang='lat' dir='ltr'><strong>xm</strong></span> <span class='ocrx_word' id='word_1_432' title='bbox 252 3041 336 3094; x_wconf 76' lang='grc' dir='ltr'>τὴν</span> <span class='ocrx_word' id='word_1_433' title='bbox 365 3039 660 3109; x_wconf 79' lang='grc' dir='ltr'>ὁμοιότητα</span> <span class='ocrx_word' id='word_1_434' title='bbox 700 3045 826 3109; x_wconf 87' lang='grc' dir='ltr'>γοῦν</span> <span class='ocrx_word' id='word_1_435' title='bbox 874 3045 964 3090; x_wconf 88' lang='grc' dir='ltr'><strong>τοῦ</strong></span> <span class='ocrx_word' id='word_1_436' title='bbox 1011 3042 1300 3112; x_wconf 85' lang='grc' dir='ltr'>σπέρματος</span> <span class='ocrx_word' id='word_1_437' title='bbox 1345 3041 1529 3089; x_wconf 86' lang='grc' dir='ltr'>τούτου</span> <span class='ocrx_word' id='word_1_438' title='bbox 1573 3042 1660 3090; x_wconf 86' lang='grc' dir='ltr'>καὶ</span> 
     </span>
    </p>
   </div>
   <div class='ocr_carea' id='block_1_68' title="bbox 1843 3037 3424 3123">
    <p class='ocr_par' dir='ltr' id='par_1_68' title="bbox 1843 3037 3424 3110">
     <span class='ocr_line' id='line_1_68' title="bbox 1843 3037 3424 3110; baseline -0.004 -15"><span class='ocrx_word' id='word_1_439' title='bbox 1843 3057 1863 3095; x_wconf 83' lang='lat' dir='ltr'><strong>s</strong></span> <span class='ocrx_word' id='word_1_440' title='bbox 1911 3039 2354 3095; x_wconf 90' lang='lat' dir='ltr'><strong>similitudinem</strong></span> <span class='ocrx_word' id='word_1_441' title='bbox 2403 3042 2460 3094; x_wconf 86' lang='lat' dir='ltr'><strong>et</strong></span> <span class='ocrx_word' id='word_1_442' title='bbox 2505 3037 2783 3110; x_wconf 91' lang='lat' dir='ltr'><strong>discipuli</strong></span> <span class='ocrx_word' id='word_1_443' title='bbox 2830 3053 2964 3092; x_wconf 90' lang='lat' dir='ltr'><strong>cum</strong></span> <span class='ocrx_word' id='word_1_444' title='bbox 3010 3052 3228 3108; x_wconf 87' lang='lat' dir='ltr'><strong>parvus</strong></span> <span class='ocrx_word' id='word_1_445' title='bbox 3283 3049 3424 3106; x_wconf 85' lang='lat' dir='ltr'><strong>grex</strong></span> 
     </span>
    </p>
   </div>
   <div class='ocr_carea' id='block_1_69' title="bbox 103 3123 408 3194">
    <p class='ocr_par' dir='ltr' id='par_1_69' title="bbox 103 3123 408 3194">
     <span class='ocr_line' id='line_1_69' title="bbox 103 3123 408 3194; baseline 0.013 -21"><span class='ocrx_word' id='word_1_446' title='bbox 103 3123 138 3169; x_wconf 74' lang='lat' dir='ltr'><strong>ci</strong></span> <span class='ocrx_word' id='word_1_447' title='bbox 182 3127 408 3194; x_wconf 77' lang='grc' dir='ltr'>μαθηταὶ,</span> 
     </span>
    </p>
   </div>
   <div class='ocr_carea' id='block_1_70' title="bbox 105 3209 378 3270">
    <p class='ocr_par' dir='ltr' id='par_1_70' title="bbox 105 3209 378 3270">
     <span class='ocr_line' id='line_1_70' title="bbox 105 3209 378 3270; baseline 0.015 -7"><span class='ocrx_word' id='word_1_448' title='bbox 105 3209 202 3270; x_wconf 65' lang='lat' dir='ltr'><strong>rin</strong></span> <span class='ocrx_word' id='word_1_449' title='bbox 212 3213 378 3268; x_wconf 68' lang='grc' dir='ltr'>ϐησαν.</span> 
     </span>
    </p>
   </div>
   <div class='ocr_carea' id='block_1_71' title="bbox 492 3125 1660 3200">
    <p class='ocr_par' dir='ltr' id='par_1_71' title="bbox 492 3125 1660 3200">
     <span class='ocr_line' id='line_1_71' title="bbox 492 3125 1660 3200; baseline -0.001 -21"><span class='ocrx_word' id='word_1_450' title='bbox 492 3131 740 3198; x_wconf 84' lang='grc' dir='ltr'>ποίμνιον</span> <span class='ocrx_word' id='word_1_451' title='bbox 823 3130 962 3187; x_wconf 77' lang='grc' dir='ltr'>ὄντες</span> <span class='ocrx_word' id='word_1_452' title='bbox 1040 3125 1232 3197; x_wconf 80' lang='grc' dir='ltr'>ὀλίγον,</span> <span class='ocrx_word' id='word_1_453' title='bbox 1314 3127 1379 3186; x_wconf 85' lang='grc' dir='ltr'>εἰς</span> <span class='ocrx_word' id='word_1_454' title='bbox 1454 3128 1660 3200; x_wconf 79' lang='grc' dir='ltr'>ἄπειρον</span> 
     </span>
    </p>
   </div>
   <div class='ocr_carea' id='block_1_72' title="bbox 154 3300 1659 3375">
    <p class='ocr_par' dir='ltr' id='par_1_72' title="bbox 154 3300 1659 3375">
     <span class='ocr_line' id='line_1_72' title="bbox 154 3300 1659 3375; baseline 0.003 -26"><span class='ocrx_word' id='word_1_455' title='bbox 154 3305 452 3370; x_wconf 72' lang='grc' dir='ltr'>Καὶγίνεται</span> <span class='ocrx_word' id='word_1_456' title='bbox 510 3332 588 3342; x_wconf 95' lang='lat'><strong><em>—</em></strong></span> <span class='ocrx_word' id='word_1_457' title='bbox 625 3301 802 3356; x_wconf 69' lang='grc' dir='ltr'>αὐτοῦ.</span> <span class='ocrx_word' id='word_1_458' title='bbox 862 3309 1040 3354; x_wconf 84' lang='grc' dir='ltr'>Ταῦτα</span> <span class='ocrx_word' id='word_1_459' title='bbox 1103 3300 1256 3368; x_wconf 82' lang='grc' dir='ltr'>εἶπεν,</span> <span class='ocrx_word' id='word_1_460' title='bbox 1317 3304 1387 3363; x_wconf 85' lang='grc' dir='ltr'><strong>εἰς</strong></span> <span class='ocrx_word' id='word_1_461' title='bbox 1439 3306 1659 3375; x_wconf 77' lang='grc' dir='ltr'>ἔμφασιν</span> 
     </span>
    </p>
   </div>
   <div class='ocr_carea' id='block_1_73' title="bbox 101 3389 1662 3461">
    <p class='ocr_par' dir='ltr' id='par_1_73' title="bbox 101 3389 1662 3461">
     <span class='ocr_line' id='line_1_73' title="bbox 101 3389 1662 3461; baseline 0.007 -28"><span class='ocrx_word' id='word_1_462' title='bbox 101 3392 169 3434; x_wconf 73' lang='grc' dir='ltr'><strong>τοῦ</strong></span> <span class='ocrx_word' id='word_1_463' title='bbox 191 3391 439 3457; x_wconf 67' lang='grc' dir='ltr'>μεγέθους,</span> <span class='ocrx_word' id='word_1_464' title='bbox 482 3395 582 3442; x_wconf 81' lang='grc' dir='ltr'>καὶ</span> <span class='ocrx_word' id='word_1_465' title='bbox 635 3399 732 3452; x_wconf 82' lang='grc' dir='ltr'>τῆς</span> <span class='ocrx_word' id='word_1_466' title='bbox 787 3396 1118 3461; x_wconf 78' lang='grc' dir='ltr'>στερεότητος</span> <span class='ocrx_word' id='word_1_467' title='bbox 1184 3391 1361 3446; x_wconf 70' lang='grc' dir='ltr'>αὐτοῦ.</span> <span class='ocrx_word' id='word_1_468' title='bbox 1415 3395 1558 3454; x_wconf 75' lang='grc' dir='ltr'>Τινὲς</span> <span class='ocrx_word' id='word_1_469' title='bbox 1603 3389 1662 3444; x_wconf 77' lang='grc' dir='ltr'><strong>δὲ</strong></span> 
     </span>
    </p>
   </div>
   <div class='ocr_carea' id='block_1_74' title="bbox 97 3471 1661 3550">
    <p class='ocr_par' dir='ltr' id='par_1_74' title="bbox 97 3471 1661 3550">
     <span class='ocr_line' id='line_1_74' title="bbox 97 3471 1661 3550; baseline 0.006 -27"><span class='ocrx_word' id='word_1_470' title='bbox 97 3471 275 3536; x_wconf 65' lang='grc' dir='ltr'>κλάδους</span> <span class='ocrx_word' id='word_1_471' title='bbox 301 3487 389 3530; x_wconf 74' lang='grc' dir='ltr'><strong>τοῦ</strong></span> <span class='ocrx_word' id='word_1_472' title='bbox 437 3479 603 3550; x_wconf 77' lang='grc' dir='ltr'>λόγου</span> <span class='ocrx_word' id='word_1_473' title='bbox 640 3487 730 3539; x_wconf 81' lang='grc' dir='ltr'>τῆς</span> <span class='ocrx_word' id='word_1_474' title='bbox 774 3484 997 3539; x_wconf 86' lang='grc' dir='ltr'>πίστεως</span> <span class='ocrx_word' id='word_1_475' title='bbox 1044 3477 1202 3543; x_wconf 80' lang='grc' dir='ltr'>εἷπον,</span> <span class='ocrx_word' id='word_1_476' title='bbox 1250 3484 1367 3540; x_wconf 77' lang='grc' dir='ltr'>τοὺς</span> <span class='ocrx_word' id='word_1_477' title='bbox 1395 3484 1661 3532; x_wconf 85' lang='grc' dir='ltr'>πιστεύον-</span> 
     </span>
    </p>
   </div>
   <div class='ocr_carea' id='block_1_75' title="bbox 97 3563 1660 3636">
    <p class='ocr_par' dir='ltr' id='par_1_75' title="bbox 97 3563 1660 3636">
     <span class='ocr_line' id='line_1_75' title="bbox 97 3563 1660 3636; baseline 0.001 -16"><span class='ocrx_word' id='word_1_478' title='bbox 97 3579 163 3620; x_wconf 67' lang='grc' dir='ltr'><strong>τίς</strong></span> <span class='ocrx_word' id='word_1_479' title='bbox 190 3563 466 3636; x_wconf 70' lang='grc' dir='ltr'>ἀνθρώπους</span> <span class='ocrx_word' id='word_1_480' title='bbox 521 3566 578 3618; x_wconf 83' lang='grc' dir='ltr'>ἐν</span> <span class='ocrx_word' id='word_1_481' title='bbox 637 3565 714 3628; x_wconf 84' lang='grc' dir='ltr'>οἷς</span> <span class='ocrx_word' id='word_1_482' title='bbox 762 3576 1157 3625; x_wconf 88' lang='grc' dir='ltr'>κατασκηνοῦσι</span> <span class='ocrx_word' id='word_1_483' title='bbox 1204 3571 1269 3620; x_wconf 84' lang='grc' dir='ltr'><strong>τὰ</strong></span> <span class='ocrx_word' id='word_1_484' title='bbox 1315 3573 1521 3622; x_wconf 86' lang='grc' dir='ltr'>πετεινὰ</span> <span class='ocrx_word' id='word_1_485' title='bbox 1570 3577 1660 3622; x_wconf 89' lang='grc' dir='ltr'><strong>τοῦ</strong></span> 
     </span>
    </p>
   </div>
   <div class='ocr_carea' id='block_1_76' title="bbox 95 3650 1428 3728">
    <p class='ocr_par' dir='ltr' id='par_1_76' title="bbox 95 3650 1428 3728">
     <span class='ocr_line' id='line_1_76' title="bbox 95 3650 1428 3728; baseline 0.009 -28"><span class='ocrx_word' id='word_1_486' title='bbox 95 3650 294 3722; x_wconf 50' lang='lat' dir='ltr'><strong>silanos),</strong></span> <span class='ocrx_word' id='word_1_487' title='bbox 336 3657 513 3727; x_wconf 57' lang='lat' dir='ltr'><strong>670w,</strong></span> <span class='ocrx_word' id='word_1_488' title='bbox 551 3658 601 3707; x_wconf 83' lang='grc' dir='ltr'>οὶ</span> <span class='ocrx_word' id='word_1_489' title='bbox 626 3655 837 3728; x_wconf 81' lang='grc' dir='ltr'>ἄγγελοι</span> <span class='ocrx_word' id='word_1_490' title='bbox 864 3658 1199 3728; x_wconf 82' lang='grc' dir='ltr'>φυλάττοντες</span> <span class='ocrx_word' id='word_1_491' title='bbox 1221 3659 1428 3718; x_wconf 81' lang='grc' dir='ltr'>αύτούς.</span> 
     </span>
    </p>
   </div>
   <div class='ocr_carea' id='block_1_77' title="bbox 148 3739 1659 3821">
    <p class='ocr_par' dir='ltr' id='par_1_77' title="bbox 148 3739 1659 3821">
     <span class='ocr_line' id='line_1_77' title="bbox 148 3739 1659 3821; baseline 0.006 -30"><span class='ocrx_word' id='word_1_492' title='bbox 148 3739 321 3812; x_wconf 77' lang='grc' dir='ltr'>Ἐτεροι</span> <span class='ocrx_word' id='word_1_493' title='bbox 398 3741 460 3797; x_wconf 76' lang='grc' dir='ltr'>δέ</span> <span class='ocrx_word' id='word_1_494' title='bbox 539 3764 692 3815; x_wconf 75' lang='grc' dir='ltr'>φασι,</span> <span class='ocrx_word' id='word_1_495' title='bbox 774 3742 996 3806; x_wconf 75' lang='grc' dir='ltr'>κλάδους</span> <span class='ocrx_word' id='word_1_496' title='bbox 1095 3749 1203 3818; x_wconf 77' lang='grc' dir='ltr'>μὲν,</span> <span class='ocrx_word' id='word_1_497' title='bbox 1287 3748 1376 3807; x_wconf 88' lang='grc' dir='ltr'><strong>τάς</strong></span> <span class='ocrx_word' id='word_1_498' title='bbox 1456 3745 1659 3821; x_wconf 78' lang='grc' dir='ltr'>ἀρετὰς,</span> 
     </span>
    </p>
   </div>
   <div class='ocr_carea' id='block_1_78' title="bbox 93 3826 1665 3904">
    <p class='ocr_par' dir='ltr' id='par_1_78' title="bbox 93 3826 1665 3904">
     <span class='ocr_line' id='line_1_78' title="bbox 93 3826 1665 3904; baseline 0.002 -19"><span class='ocrx_word' id='word_1_499' title='bbox 93 3826 136 3885; x_wconf 71' lang='grc' dir='ltr'><strong>ἀς</strong></span> <span class='ocrx_word' id='word_1_500' title='bbox 177 3826 464 3898; x_wconf 72' lang='grc' dir='ltr'>βλαστάνειν</span> <span class='ocrx_word' id='word_1_501' title='bbox 526 3835 704 3885; x_wconf 82' lang='grc' dir='ltr'>εἰωθεν</span> <span class='ocrx_word' id='word_1_502' title='bbox 748 3835 773 3884; x_wconf 94' lang='grc' dir='ltr'><strong>ό</strong></span> <span class='ocrx_word' id='word_1_503' title='bbox 810 3833 965 3904; x_wconf 81' lang='grc' dir='ltr'>λόγος</span> <span class='ocrx_word' id='word_1_504' title='bbox 1018 3841 1109 3895; x_wconf 87' lang='grc' dir='ltr'>τῆς</span> <span class='ocrx_word' id='word_1_505' title='bbox 1148 3840 1372 3896; x_wconf 86' lang='grc' dir='ltr'>πίστεως</span> <span class='ocrx_word' id='word_1_506' title='bbox 1416 3854 1428 3868; x_wconf 76' lang='grc' dir='ltr'><strong>ο</strong></span> <span class='ocrx_word' id='word_1_507' title='bbox 1462 3839 1665 3888; x_wconf 85' lang='grc' dir='ltr'>πετεινά</span> 
     </span>
    </p>
   </div>
   <div class='ocr_carea' id='block_1_79' title="bbox 99 3910 1664 3997">
    <p class='ocr_par' dir='ltr' id='par_1_79' title="bbox 99 3910 1664 3997">
     <span class='ocr_line' id='line_1_79' title="bbox 99 3910 1664 3997; baseline 0.01 -35"><span class='ocrx_word' id='word_1_508' title='bbox 99 3910 163 3979; x_wconf 65' lang='grc' dir='ltr'>ὄε,</span> <span class='ocrx_word' id='word_1_509' title='bbox 193 3923 297 3980; x_wconf 71' lang='grc' dir='ltr'>τοὺς</span> <span class='ocrx_word' id='word_1_510' title='bbox 342 3921 751 3996; x_wconf 69' lang='grc' dir='ltr'>ὑπερϐαίνοντας</span> <span class='ocrx_word' id='word_1_511' title='bbox 778 3925 844 3974; x_wconf 72' lang='grc' dir='ltr'>τὰ</span> <span class='ocrx_word' id='word_1_512' title='bbox 897 3925 1062 3995; x_wconf 84' lang='grc' dir='ltr'>γεηρὰ</span> <span class='ocrx_word' id='word_1_513' title='bbox 1107 3925 1408 3997; x_wconf 84' lang='grc' dir='ltr'>πράγματα,</span> <span class='ocrx_word' id='word_1_514' title='bbox 1467 3928 1556 3977; x_wconf 82' lang='grc' dir='ltr'>καὶ</span> <span class='ocrx_word' id='word_1_515' title='bbox 1594 3932 1664 3994; x_wconf 81' lang='grc' dir='ltr'>τῷ</span> 
     </span>
    </p>
   </div>
   <div class='ocr_carea' id='block_1_80' title="bbox 98 4011 1664 4084">
    <p class='ocr_par' dir='ltr' id='par_1_80' title="bbox 98 4011 1664 4084">
     <span class='ocr_line' id='line_1_80' title="bbox 98 4011 1664 4084; baseline 0.008 -31"><span class='ocrx_word' id='word_1_516' title='bbox 98 4012 230 4075; x_wconf 59' lang='grc' dir='ltr'>πτεοῷ</span> <span class='ocrx_word' id='word_1_517' title='bbox 259 4017 340 4061; x_wconf 76' lang='grc' dir='ltr'><strong>τοῦ</strong></span> <span class='ocrx_word' id='word_1_518' title='bbox 368 4019 458 4062; x_wconf 83' lang='grc' dir='ltr'><strong>νοῦ</strong></span> <span class='ocrx_word' id='word_1_519' title='bbox 508 4011 924 4083; x_wconf 80' lang='grc' dir='ltr'>κονφιζομένους</span> <span class='ocrx_word' id='word_1_520' title='bbox 972 4011 1041 4072; x_wconf 83' lang='grc' dir='ltr'><strong>εἰς</strong></span> <span class='ocrx_word' id='word_1_521' title='bbox 1093 4011 1227 4084; x_wconf 73' lang='grc' dir='ltr'>ὕψος</span> <span class='ocrx_word' id='word_1_522' title='bbox 1263 4018 1518 4083; x_wconf 83' lang='grc' dir='ltr'>γνώσεως,</span> <span class='ocrx_word' id='word_1_523' title='bbox 1575 4019 1664 4066; x_wconf 85' lang='grc' dir='ltr'>καὶ</span> 
     </span>
    </p>
   </div>
   <div class='ocr_carea' id='block_1_81' title="bbox 94 4092 1102 4175">
    <p class='ocr_par' dir='ltr' id='par_1_81' title="bbox 94 4092 1102 4175">
     <span class='ocr_line' id='line_1_81' title="bbox 94 4092 1102 4175; baseline 0.01 -32"><span class='ocrx_word' id='word_1_524' title='bbox 94 4092 184 4160; x_wconf 77' lang='grc'><strong>(35)</strong></span> <span class='ocrx_word' id='word_1_525' title='bbox 206 4101 318 4167; x_wconf 76' lang='grc' dir='ltr'>πρὸς</span> <span class='ocrx_word' id='word_1_526' title='bbox 347 4103 431 4150; x_wconf 76' lang='grc' dir='ltr'><strong>τόν</strong></span> <span class='ocrx_word' id='word_1_527' title='bbox 462 4100 689 4175; x_wconf 75' lang='grc' dir='ltr'>οὐρανόν</span> <span class='ocrx_word' id='word_1_528' title='bbox 722 4098 1102 4171; x_wconf 82' lang='grc' dir='ltr'>ἐπειγομένους.</span> 
     </span>
    </p>
   </div>
   <div class='ocr_carea' id='block_1_82' title="bbox 155 4179 1666 4262">
    <p class='ocr_par' dir='ltr' id='par_1_82' title="bbox 155 4179 1666 4262">
     <span class='ocr_line' id='line_1_82' title="bbox 155 4179 1666 4262; baseline 0.005 -28"><span class='ocrx_word' id='word_1_529' title='bbox 155 4179 309 4241; x_wconf 70' lang='grc' dir='ltr'>’Δλλην</span> <span class='ocrx_word' id='word_1_530' title='bbox 337 4219 400 4226; x_wconf 91' lang='grc'><strong>-</strong></span> <span class='ocrx_word' id='word_1_531' title='bbox 433 4188 604 4260; x_wconf 77' lang='grc' dir='ltr'>ζύμη.</span> <span class='ocrx_word' id='word_1_532' title='bbox 673 4190 768 4240; x_wconf 80' lang='grc' dir='ltr'><strong>Διὰ</strong></span> <span class='ocrx_word' id='word_1_533' title='bbox 822 4192 912 4260; x_wconf 69' lang='grc' dir='ltr'>μὲν</span> <span class='ocrx_word' id='word_1_534' title='bbox 958 4197 1050 4249; x_wconf 86' lang='grc' dir='ltr'>τῆς</span> <span class='ocrx_word' id='word_1_535' title='bbox 1112 4188 1413 4262; x_wconf 73' lang='grc' dir='ltr'>παραϐολῆς</span> <span class='ocrx_word' id='word_1_536' title='bbox 1462 4198 1554 4242; x_wconf 88' lang='grc' dir='ltr'><strong>τοῦ</strong></span> <span class='ocrx_word' id='word_1_537' title='bbox 1588 4210 1666 4242; x_wconf 87' lang='grc' dir='ltr'>σι-</span> 
     </span>
    </p>
   </div>
   <div class='ocr_carea' id='block_1_83' title="bbox 94 4270 1664 4352">
    <p class='ocr_par' dir='ltr' id='par_1_83' title="bbox 94 4270 1664 4352">
     <span class='ocr_line' id='line_1_83' title="bbox 94 4270 1664 4352; baseline 0.034 -38"><span class='ocrx_word' id='word_1_538' title='bbox 94 4270 272 4352; x_wconf 67' lang='grc' dir='ltr'>νάπεως,</span> <span class='ocrx_word' id='word_1_539' title='bbox 313 4281 402 4333; x_wconf 66' lang='grc' dir='ltr'>τὴν</span> <span class='ocrx_word' id='word_1_540' title='bbox 453 4277 685 4339; x_wconf 73' lang='grc' dir='ltr'>αὔξησιν</span> <span class='ocrx_word' id='word_1_541' title='bbox 735 4285 829 4336; x_wconf 83' lang='grc' dir='ltr'>τῆς</span> <span class='ocrx_word' id='word_1_542' title='bbox 879 4282 1100 4338; x_wconf 74' lang='grc' dir='ltr'><strong>πίστεως</strong></span> <span class='ocrx_word' id='word_1_543' title='bbox 1142 4285 1514 4352; x_wconf 61' lang='grc' dir='ltr'><strong>προηγόρευσεε</strong></span> <span class='ocrx_word' id='word_1_544' title='bbox 1572 4285 1664 4338; x_wconf 64' lang='grc' dir='ltr'><strong>τὴν</strong></span> 
     </span>
    </p>
   </div>
   <div class='ocr_carea' id='block_1_84' title="bbox 1772 3128 2821 3197">
    <p class='ocr_par' dir='ltr' id='par_1_84' title="bbox 1772 3128 2821 3197">
     <span class='ocr_line' id='line_1_84' title="bbox 1772 3128 2821 3197; baseline -0.005 -12"><span class='ocrx_word' id='word_1_545' title='bbox 1772 3133 1989 3197; x_wconf 90' lang='lat' dir='ltr'><strong>essent,</strong></span> <span class='ocrx_word' id='word_1_546' title='bbox 2016 3128 2077 3183; x_wconf 91' lang='lat' dir='ltr'><strong>in</strong></span> <span class='ocrx_word' id='word_1_547' title='bbox 2105 3142 2392 3195; x_wconf 89' lang='lat' dir='ltr'><strong>magnum</strong></span> <span class='ocrx_word' id='word_1_548' title='bbox 2418 3131 2821 3182; x_wconf 87' lang='lat' dir='ltr'><strong>excreverunt.</strong></span> 
     </span>
    </p>
   </div>
   <div class='ocr_carea' id='block_1_85' title="bbox 1841 3214 3428 3285">
    <p class='ocr_par' dir='ltr' id='par_1_85' title="bbox 1841 3214 3428 3285">
     <span class='ocr_line' id='line_1_85' title="bbox 1841 3214 3428 3285; baseline -0.001 -14"><span class='ocrx_word' id='word_1_549' title='bbox 1841 3217 2005 3272; x_wconf 88' lang='lat' dir='ltr'><strong>Vers.</strong></span> <span class='ocrx_word' id='word_1_550' title='bbox 2053 3216 2146 3272; x_wconf 71' lang='lat'><strong>32.</strong></span> <span class='ocrx_word' id='word_1_551' title='bbox 2185 3215 2264 3270; x_wconf 82' lang='lat' dir='ltr'><strong>Et</strong></span> <span class='ocrx_word' id='word_1_552' title='bbox 2315 3216 2386 3283; x_wconf 83' lang='lat' dir='ltr'><strong>ﬁt</strong></span> <span class='ocrx_word' id='word_1_553' title='bbox 2442 3245 2510 3256; x_wconf 96' lang='lat'><strong><em>—</em></strong></span> <span class='ocrx_word' id='word_1_554' title='bbox 2563 3218 2712 3285; x_wconf 84' lang='lat' dir='ltr'><strong>ejus.</strong></span> <span class='ocrx_word' id='word_1_555' title='bbox 2749 3215 2878 3270; x_wconf 82' lang='lat' dir='ltr'><strong>Haec</strong></span> <span class='ocrx_word' id='word_1_556' title='bbox 2903 3214 3049 3270; x_wconf 86' lang='lat' dir='ltr'><strong>dixit</strong></span> <span class='ocrx_word' id='word_1_557' title='bbox 3075 3214 3150 3269; x_wconf 89' lang='lat' dir='ltr'><strong>ad</strong></span> <span class='ocrx_word' id='word_1_558' title='bbox 3181 3214 3428 3269; x_wconf 82' lang='lat' dir='ltr'><strong>demon-</strong></span> 
     </span>
    </p>
   </div>
   <div class='ocr_carea' id='block_1_86' title="bbox 1773 3301 3427 3374">
    <p class='ocr_par' dir='ltr' id='par_1_86' title="bbox 1773 3301 3427 3374">
     <span class='ocr_line' id='line_1_86' title="bbox 1773 3301 3427 3374; baseline -0.004 -12"><span class='ocrx_word' id='word_1_559' title='bbox 1773 3307 2115 3362; x_wconf 87' lang='lat' dir='ltr'><strong>strationem</strong></span> <span class='ocrx_word' id='word_1_560' title='bbox 2154 3302 2584 3374; x_wconf 90' lang='lat' dir='ltr'><strong>magnitudinis</strong></span> <span class='ocrx_word' id='word_1_561' title='bbox 2619 3318 2688 3358; x_wconf 90' lang='lat' dir='ltr'><strong>ac</strong></span> <span class='ocrx_word' id='word_1_562' title='bbox 2731 3301 3026 3358; x_wconf 85' lang='lat' dir='ltr'><strong>ﬁrmitatis</strong></span> <span class='ocrx_word' id='word_1_563' title='bbox 3088 3303 3241 3371; x_wconf 88' lang='lat' dir='ltr'><strong>ejus,</strong></span> <span class='ocrx_word' id='word_1_564' title='bbox 3295 3301 3427 3366; x_wconf 91' lang='lat' dir='ltr'><strong>Qui-</strong></span> 
     </span>
    </p>
   </div>
   <div class='ocr_carea' id='block_1_87' title="bbox 1773 3388 3424 3454">
    <p class='ocr_par' dir='ltr' id='par_1_87' title="bbox 1773 3388 3424 3454">
     <span class='ocr_line' id='line_1_87' title="bbox 1773 3388 3424 3454; baseline -0.005 -3"><span class='ocrx_word' id='word_1_565' title='bbox 1773 3395 1916 3450; x_wconf 91' lang='lat' dir='ltr'><strong>dam</strong></span> <span class='ocrx_word' id='word_1_566' title='bbox 1947 3409 2083 3449; x_wconf 88' lang='lat' dir='ltr'><strong>vero</strong></span> <span class='ocrx_word' id='word_1_567' title='bbox 2110 3407 2313 3449; x_wconf 91' lang='lat' dir='ltr'><strong>ramos</strong></span> <span class='ocrx_word' id='word_1_568' title='bbox 2341 3391 2632 3447; x_wconf 90' lang='lat' dir='ltr'><strong>sermonis</strong></span> <span class='ocrx_word' id='word_1_569' title='bbox 2663 3391 2821 3454; x_wconf 92' lang='lat' dir='ltr'><strong>ﬁdei,</strong></span> <span class='ocrx_word' id='word_1_570' title='bbox 2847 3390 3126 3445; x_wconf 88' lang='lat' dir='ltr'><strong>dixerunt</strong></span> <span class='ocrx_word' id='word_1_571' title='bbox 3151 3388 3424 3446; x_wconf 87' lang='lat' dir='ltr'><strong>homines</strong></span> 
     </span>
    </p>
   </div>
   <div class='ocr_carea' id='block_1_88' title="bbox 1773 3477 3429 3552">
    <p class='ocr_par' dir='ltr' id='par_1_88' title="bbox 1773 3477 3429 3552">
     <span class='ocr_line' id='line_1_88' title="bbox 1773 3477 3429 3552; baseline -0.003 -14"><span class='ocrx_word' id='word_1_572' title='bbox 1773 3484 2100 3552; x_wconf 84' lang='lat' dir='ltr'><strong>credentes,</strong></span> <span class='ocrx_word' id='word_1_573' title='bbox 2130 3483 2190 3537; x_wconf 91' lang='lat' dir='ltr'><strong>in</strong></span> <span class='ocrx_word' id='word_1_574' title='bbox 2221 3481 2438 3552; x_wconf 88' lang='lat' dir='ltr'><strong>quibus</strong></span> <span class='ocrx_word' id='word_1_575' title='bbox 2483 3496 2625 3537; x_wconf 90' lang='lat' dir='ltr'><strong>aves</strong></span> <span class='ocrx_word' id='word_1_576' title='bbox 2670 3479 2802 3536; x_wconf 88' lang='lat' dir='ltr'><strong>coeli</strong></span> <span class='ocrx_word' id='word_1_577' title='bbox 2834 3478 2956 3535; x_wconf 87' lang='lat' dir='ltr'><strong>sive</strong></span> <span class='ocrx_word' id='word_1_578' title='bbox 2995 3478 3190 3550; x_wconf 90' lang='lat' dir='ltr'><strong>angeli</strong></span> <span class='ocrx_word' id='word_1_579' title='bbox 3233 3477 3429 3533; x_wconf 87' lang='lat' dir='ltr'><strong>nidiﬁ-</strong></span> 
     </span>
    </p>
   </div>
   <div class='ocr_carea' id='block_1_89' title="bbox 1773 3575 2400 3637">
    <p class='ocr_par' dir='ltr' id='par_1_89' title="bbox 1773 3575 2400 3637">
     <span class='ocr_line' id='line_1_89' title="bbox 1773 3575 2400 3637; baseline -0.006 -6"><span class='ocrx_word' id='word_1_580' title='bbox 1773 3575 1925 3637; x_wconf 90' lang='lat' dir='ltr'><strong>cant,</strong></span> <span class='ocrx_word' id='word_1_581' title='bbox 1952 3575 2253 3628; x_wconf 86' lang='lat' dir='ltr'><strong>servantes</strong></span> <span class='ocrx_word' id='word_1_582' title='bbox 2278 3587 2400 3627; x_wconf 89' lang='lat' dir='ltr'><strong>eos.</strong></span> 
     </span>
    </p>
   </div>
   <div class='ocr_carea' id='block_1_90' title="bbox 1843 3745 3430 3815">
    <p class='ocr_par' dir='ltr' id='par_1_90' title="bbox 1843 3745 3430 3815">
     <span class='ocr_line' id='line_1_90' title="bbox 1843 3745 3430 3815; baseline -0.005 -9"><span class='ocrx_word' id='word_1_583' title='bbox 1843 3747 1952 3807; x_wconf 82' lang='lat' dir='ltr'><strong>Alii</strong></span> <span class='ocrx_word' id='word_1_584' title='bbox 1983 3751 2181 3804; x_wconf 88' lang='lat' dir='ltr'><strong>autem</strong></span> <span class='ocrx_word' id='word_1_585' title='bbox 2215 3746 2422 3802; x_wconf 89' lang='lat' dir='ltr'><strong>dicunt</strong></span> <span class='ocrx_word' id='word_1_586' title='bbox 2448 3760 2651 3801; x_wconf 87' lang='lat' dir='ltr'><strong>ramos</strong></span> <span class='ocrx_word' id='word_1_587' title='bbox 2680 3759 2812 3801; x_wconf 88' lang='lat' dir='ltr'><strong>esse</strong></span> <span class='ocrx_word' id='word_1_588' title='bbox 2849 3745 3093 3799; x_wconf 87' lang='lat' dir='ltr'><strong>virtutes</strong></span> <span class='ocrx_word' id='word_1_589' title='bbox 3122 3757 3274 3815; x_wconf 87' lang='lat' dir='ltr'><strong>quas</strong></span> <span class='ocrx_word' id='word_1_590' title='bbox 3303 3757 3430 3813; x_wconf 87' lang='lat' dir='ltr'><strong>ger-</strong></span> 
     </span>
    </p>
   </div>
   <div class='ocr_carea' id='block_1_91' title="bbox 1773 3831 3428 3904">
    <p class='ocr_par' dir='ltr' id='par_1_91' title="bbox 1773 3831 3428 3904">
     <span class='ocr_line' id='line_1_91' title="bbox 1773 3831 3428 3904; baseline -0.005 -8"><span class='ocrx_word' id='word_1_591' title='bbox 1773 3841 2002 3897; x_wconf 88' lang='lat' dir='ltr'><strong>minare</strong></span> <span class='ocrx_word' id='word_1_592' title='bbox 2066 3835 2214 3892; x_wconf 87' lang='lat' dir='ltr'><strong>solet</strong></span> <span class='ocrx_word' id='word_1_593' title='bbox 2263 3833 2401 3890; x_wconf 90' lang='lat' dir='ltr'><strong>ﬁdei</strong></span> <span class='ocrx_word' id='word_1_594' title='bbox 2454 3850 2649 3890; x_wconf 90' lang='lat' dir='ltr'><strong>sermo</strong></span> <span class='ocrx_word' id='word_1_595' title='bbox 2701 3850 2714 3889; x_wconf 91' lang='lat'>:</span> <span class='ocrx_word' id='word_1_596' title='bbox 2770 3848 2912 3890; x_wconf 88' lang='lat' dir='ltr'><strong>aves</strong></span> <span class='ocrx_word' id='word_1_597' title='bbox 2974 3848 3117 3888; x_wconf 87' lang='lat' dir='ltr'><strong>vero</strong></span> <span class='ocrx_word' id='word_1_598' title='bbox 3168 3847 3271 3888; x_wconf 90' lang='lat' dir='ltr'><strong>eos</strong></span> <span class='ocrx_word' id='word_1_599' title='bbox 3323 3831 3428 3904; x_wconf 87' lang='lat' dir='ltr'><strong>qui</strong></span> 
     </span>
    </p>
   </div>
   <div class='ocr_carea' id='block_1_92' title="bbox 1773 3921 3428 3998">
    <p class='ocr_par' dir='ltr' id='par_1_92' title="bbox 1773 3921 3428 3998">
     <span class='ocr_line' id='line_1_92' title="bbox 1773 3921 3428 3998; baseline -0.006 -12"><span class='ocrx_word' id='word_1_600' title='bbox 1773 3935 2005 3987; x_wconf 88' lang='lat' dir='ltr'><strong>terrena</strong></span> <span class='ocrx_word' id='word_1_601' title='bbox 2029 3925 2580 3998; x_wconf 89' lang='lat' dir='ltr'><strong>supergrediuntur,</strong></span> <span class='ocrx_word' id='word_1_602' title='bbox 2614 3928 2792 3995; x_wconf 90' lang='lat' dir='ltr'><strong>atque</strong></span> <span class='ocrx_word' id='word_1_603' title='bbox 2823 3922 2920 3979; x_wconf 90' lang='lat' dir='ltr'><strong>ala</strong></span> <span class='ocrx_word' id='word_1_604' title='bbox 2946 3922 3162 3978; x_wconf 91' lang='lat' dir='ltr'><strong>mentis</strong></span> <span class='ocrx_word' id='word_1_605' title='bbox 3192 3921 3428 3977; x_wconf 84' lang='lat' dir='ltr'><strong>elevan-</strong></span> 
     </span>
    </p>
   </div>
   <div class='ocr_carea' id='block_1_93' title="bbox 1773 4010 3426 4087">
    <p class='ocr_par' dir='ltr' id='par_1_93' title="bbox 1773 4010 3426 4087">
     <span class='ocr_line' id='line_1_93' title="bbox 1773 4010 3426 4087; baseline -0.006 -12"><span class='ocrx_word' id='word_1_606' title='bbox 1773 4024 1868 4076; x_wconf 88' lang='lat' dir='ltr'><strong>tur</strong></span> <span class='ocrx_word' id='word_1_607' title='bbox 1910 4017 1989 4073; x_wconf 88' lang='lat' dir='ltr'><strong>ad</strong></span> <span class='ocrx_word' id='word_1_608' title='bbox 2023 4013 2374 4087; x_wconf 86' lang='lat' dir='ltr'><strong>cognitionis</strong></span> <span class='ocrx_word' id='word_1_609' title='bbox 2418 4012 2791 4069; x_wconf 87' lang='lat' dir='ltr'><strong>altitudinem</strong></span> <span class='ocrx_word' id='word_1_610' title='bbox 2835 4011 2942 4084; x_wconf 78' lang='lat' dir='ltr'><strong>(-H-</strong></span> <span class='ocrx_word' id='word_1_611' title='bbox 2989 4017 3044 4067; x_wconf 89' lang='lat' dir='ltr'><strong>et</strong></span> <span class='ocrx_word' id='word_1_612' title='bbox 3087 4010 3165 4067; x_wconf 91' lang='lat' dir='ltr'><strong>ad</strong></span> <span class='ocrx_word' id='word_1_613' title='bbox 3204 4010 3426 4068; x_wconf 72' lang='lat' dir='ltr'><strong>coelum</strong></span> 
     </span>
    </p>
   </div>
   <div class='ocr_carea' id='block_1_94' title="bbox 1772 4103 2138 4178">
    <p class='ocr_par' dir='ltr' id='par_1_94' title="bbox 1772 4103 2138 4178">
     <span class='ocr_line' id='line_1_94' title="bbox 1772 4103 2138 4178; baseline -0.011 -16"><span class='ocrx_word' id='word_1_614' title='bbox 1772 4103 2138 4178; x_wconf 90' lang='lat' dir='ltr'><strong>properant).</strong></span> 
     </span>
    </p>
   </div>
   <div class='ocr_carea' id='block_1_95' title="bbox 1844 4186 3429 4258">
    <p class='ocr_par' dir='ltr' id='par_1_95' title="bbox 1844 4186 3429 4258">
     <span class='ocr_line' id='line_1_95' title="bbox 1844 4186 3429 4258; baseline -0.006 -9"><span class='ocrx_word' id='word_1_615' title='bbox 1844 4196 2010 4249; x_wconf 85' lang='lat' dir='ltr'><strong>Vers.</strong></span> <span class='ocrx_word' id='word_1_616' title='bbox 2073 4192 2159 4248; x_wconf 90' lang='lat'><strong>33.</strong></span> <span class='ocrx_word' id='word_1_617' title='bbox 2212 4191 2405 4246; x_wconf 82' lang='lat' dir='ltr'><strong>Aliam</strong></span> <span class='ocrx_word' id='word_1_618' title='bbox 2435 4220 2502 4230; x_wconf 96' lang='lat'><strong>—</strong></span> <span class='ocrx_word' id='word_1_619' title='bbox 2529 4190 2845 4258; x_wconf 82' lang='lat' dir='ltr'><strong>fermento.</strong></span> <span class='ocrx_word' id='word_1_620' title='bbox 2904 4190 3007 4242; x_wconf 89' lang='lat' dir='ltr'><strong>Per</strong></span> <span class='ocrx_word' id='word_1_621' title='bbox 3052 4186 3276 4256; x_wconf 88' lang='lat' dir='ltr'><strong>sinapis</strong></span> <span class='ocrx_word' id='word_1_622' title='bbox 3320 4201 3429 4256; x_wconf 89' lang='lat' dir='ltr'><strong>pa-</strong></span> 
     </span>
    </p>
   </div>
   <div class='ocr_carea' id='block_1_96' title="bbox 1774 4272 3424 4347">
    <p class='ocr_par' dir='ltr' id='par_1_96' title="bbox 1774 4272 3424 4347">
     <span class='ocr_line' id='line_1_96' title="bbox 1774 4272 3424 4347; baseline -0.008 -8"><span class='ocrx_word' id='word_1_623' title='bbox 1774 4282 2068 4346; x_wconf 90' lang='lat' dir='ltr'><strong>rabolam,</strong></span> <span class='ocrx_word' id='word_1_624' title='bbox 2122 4281 2258 4335; x_wconf 90' lang='lat' dir='ltr'><strong>ﬁdei</strong></span> <span class='ocrx_word' id='word_1_625' title='bbox 2319 4282 2686 4334; x_wconf 90' lang='lat' dir='ltr'><strong>crementum</strong></span> <span class='ocrx_word' id='word_1_626' title='bbox 2755 4277 2918 4347; x_wconf 89' lang='lat' dir='ltr'><strong>prius</strong></span> <span class='ocrx_word' id='word_1_627' title='bbox 2974 4272 3424 4337; x_wconf 87' lang='lat' dir='ltr'><strong>demonstravit,</strong></span> 
     </span>
    </p>
   </div>
   <div class='ocr_carea' id='block_1_97' title="bbox 103 4351 1660 4464">
    <p class='ocr_par' dir='ltr' id='par_1_97' title="bbox 103 4351 1660 4464">
     <span class='ocr_line' id='line_1_97' title="bbox 103 4351 1660 4437; baseline 0.001 -19"><span class='ocrx_word' id='word_1_628' title='bbox 103 4351 175 4405; x_wconf 63' lang='grc' dir='ltr'><strong>διά</strong></span> <span class='ocrx_word' id='word_1_629' title='bbox 212 4372 296 4422; x_wconf 69' lang='grc' dir='ltr'>πῆς</span> <span class='ocrx_word' id='word_1_630' title='bbox 350 4368 668 4437; x_wconf 71' lang='grc' dir='ltr'>προσθήκης</span> <span class='ocrx_word' id='word_1_631' title='bbox 725 4374 823 4417; x_wconf 82' lang='grc' dir='ltr'>τῶν</span> <span class='ocrx_word' id='word_1_632' title='bbox 863 4366 1108 4418; x_wconf 84' lang='grc' dir='ltr'>ἑκάστοτε</span> <span class='ocrx_word' id='word_1_633' title='bbox 1146 4372 1488 4419; x_wconf 81' lang='grc' dir='ltr'>πιστευόντων</span> <span class='ocrx_word' id='word_1_634' title='bbox 1525 4385 1536 4398; x_wconf 90' lang='grc'><strong>·</strong></span> <span class='ocrx_word' id='word_1_635' title='bbox 1577 4366 1660 4421; x_wconf 76' lang='grc' dir='ltr'><strong>διὰ</strong></span> 
     </span>
     <span class='ocr_line' id='line_1_98' title="bbox 108 4439 1410 4464; baseline 0 -6"><span class='ocrx_word' id='word_1_636' title='bbox 108 4439 134 4458; x_wconf 72' lang='grc' dir='ltr'><strong>ὶ-</strong></span> <span class='ocrx_word' id='word_1_637' title='bbox 197 4455 212 4464; x_wconf 68' lang='grc'><em>,</em></span> <span class='ocrx_word' id='word_1_638' title='bbox 415 4453 441 4464; x_wconf 55' lang='grc' dir='ltr'>η</span> <span class='ocrx_word' id='word_1_639' title='bbox 477 4454 491 4464; x_wconf 62' lang='grc'><strong>,</strong></span> <span class='ocrx_word' id='word_1_640' title='bbox 524 4462 541 4464; x_wconf 36' lang='grc' dir='ltr'><em>ᾼ</em></span> <span class='ocrx_word' id='word_1_641' title='bbox 668 4461 687 4464; x_wconf 93' lang='lat'>_</span> <span class='ocrx_word' id='word_1_642' title='bbox 771 4455 822 4464; x_wconf 54' lang='grc' dir='ltr'>μ,</span> <span class='ocrx_word' id='word_1_643' title='bbox 1049 4459 1057 4464; x_wconf 86' lang='lat'>_</span> <span class='ocrx_word' id='word_1_644' title='bbox 1147 4455 1159 4464; x_wconf 62' lang='grc'><strong>,</strong></span> <span class='ocrx_word' id='word_1_645' title='bbox 1257 4460 1265 4464; x_wconf 81' lang='lat'>_</span> <span class='ocrx_word' id='word_1_646' title='bbox 1399 4456 1410 4464; x_wconf 45' lang='grc' dir='ltr'><strong>ε</strong></span> 
     </span>
    </p>
   </div>
   <div class='ocr_carea' id='block_1_98' title="bbox 1843 4351 3424 4464">
    <p class='ocr_par' dir='ltr' id='par_1_98' title="bbox 1843 4359 3424 4434">
     <span class='ocr_line' id='line_1_99' title="bbox 1843 4359 3424 4434; baseline -0.008 -9"><span class='ocrx_word' id='word_1_647' title='bbox 1843 4369 1940 4426; x_wconf 70' lang='lat' dir='ltr'><strong>rod</strong></span> <span class='ocrx_word' id='word_1_648' title='bbox 1983 4369 2050 4424; x_wconf 86' lang='lat' dir='ltr'><strong>ﬁt</strong></span> <span class='ocrx_word' id='word_1_649' title='bbox 2085 4367 2384 4423; x_wconf 90' lang='lat' dir='ltr'><strong>additione</strong></span> <span class='ocrx_word' id='word_1_650' title='bbox 2422 4379 2629 4420; x_wconf 91' lang='lat' dir='ltr'><strong>eorum</strong></span> <span class='ocrx_word' id='word_1_651' title='bbox 2671 4362 2773 4434; x_wconf 88' lang='lat' dir='ltr'><strong>qui</strong></span> <span class='ocrx_word' id='word_1_652' title='bbox 2822 4362 3086 4433; x_wconf 88' lang='lat' dir='ltr'><strong>quotidie</strong></span> <span class='ocrx_word' id='word_1_653' title='bbox 3125 4359 3376 4415; x_wconf 89' lang='lat' dir='ltr'><strong>credunt</strong></span> <span class='ocrx_word' id='word_1_654' title='bbox 3413 4375 3424 4413; x_wconf 89' lang='lat'><strong>:</strong></span> 
     </span>
    </p>
   </div>
   <div class='ocr_carea' id='block_1_99' title="bbox 99 4439 1664 4529">
    <p class='ocr_par' dir='ltr' id='par_1_99' title="bbox 99 4439 1664 4529">
     <span class='ocr_line' id='line_1_100' title="bbox 99 4439 1664 4529; baseline 0.012 -38"><span class='ocrx_word' id='word_1_655' title='bbox 99 4439 243 4508; x_wconf 60' lang='grc' dir='ltr'>δετῆς</span> <span class='ocrx_word' id='word_1_656' title='bbox 277 4453 579 4524; x_wconf 78' lang='grc' dir='ltr'>παραϐολῆς</span> <span class='ocrx_word' id='word_1_657' title='bbox 626 4461 722 4514; x_wconf 83' lang='grc' dir='ltr'>τῆς</span> <span class='ocrx_word' id='word_1_658' title='bbox 766 4455 950 4526; x_wconf 80' lang='grc' dir='ltr'>ζύμης,</span> <span class='ocrx_word' id='word_1_659' title='bbox 1006 4459 1094 4512; x_wconf 83' lang='grc' dir='ltr'>τὴν</span> <span class='ocrx_word' id='word_1_660' title='bbox 1145 4455 1303 4526; x_wconf 83' lang='grc' dir='ltr'>ἰσχύν</span> <span class='ocrx_word' id='word_1_661' title='bbox 1350 4456 1512 4517; x_wconf 85' lang='grc' dir='ltr'>αύτῆς</span> <span class='ocrx_word' id='word_1_662' title='bbox 1541 4477 1664 4529; x_wconf 88' lang='grc' dir='ltr'>προ-</span> 
     </span>
    </p>
   </div>
   <div class='ocr_carea' id='block_1_100' title="bbox 100 4538 1667 4619">
    <p class='ocr_par' dir='ltr' id='par_1_100' title="bbox 100 4538 1667 4619">
     <span class='ocr_line' id='line_1_101' title="bbox 100 4538 1667 4619; baseline 0.01 -36"><span class='ocrx_word' id='word_1_663' title='bbox 100 4538 316 4602; x_wconf 52' lang='lat' dir='ltr'><strong>uehar.</strong></span> <span class='ocrx_word' id='word_1_664' title='bbox 349 4542 628 4594; x_wconf 83' lang='grc' dir='ltr'>Βασιλείαν</span> <span class='ocrx_word' id='word_1_665' title='bbox 655 4545 755 4616; x_wconf 80' lang='grc' dir='ltr'><strong>γὰρ</strong></span> <span class='ocrx_word' id='word_1_666' title='bbox 808 4552 907 4595; x_wconf 87' lang='grc' dir='ltr'>τῶν</span> <span class='ocrx_word' id='word_1_667' title='bbox 939 4543 1165 4619; x_wconf 84' lang='grc' dir='ltr'>ούρανών</span> <span class='ocrx_word' id='word_1_668' title='bbox 1190 4544 1362 4612; x_wconf 85' lang='grc' dir='ltr'>πάλιν,</span> <span class='ocrx_word' id='word_1_669' title='bbox 1408 4549 1492 4597; x_wconf 87' lang='grc' dir='ltr'><strong>τόν</strong></span> <span class='ocrx_word' id='word_1_670' title='bbox 1519 4546 1667 4618; x_wconf 88' lang='grc' dir='ltr'>λόγον</span> 
     </span>
    </p>
   </div>
   <div class='ocr_carea' id='block_1_101' title="bbox 97 4628 780 4692">
    <p class='ocr_par' dir='ltr' id='par_1_101' title="bbox 97 4628 780 4692">
     <span class='ocr_line' id='line_1_102' title="bbox 97 4628 780 4692; baseline 0.032 -25"><span class='ocrx_word' id='word_1_671' title='bbox 97 4628 150 4676; x_wconf 69' lang='grc' dir='ltr'>τῆ</span> <span class='ocrx_word' id='word_1_672' title='bbox 159 4643 174 4682; x_wconf 89' lang='lat'><strong>-;</strong></span> <span class='ocrx_word' id='word_1_673' title='bbox 192 4631 392 4692; x_wconf 75' lang='grc' dir='ltr'>πίστεως</span> <span class='ocrx_word' id='word_1_674' title='bbox 422 4631 780 4689; x_wconf 72' lang='grc' dir='ltr'>ὑποληπτέον.</span> 
     </span>
    </p>
   </div>
   <div class='ocr_carea' id='block_1_102' title="bbox 150 4707 1667 4798">
    <p class='ocr_par' dir='ltr' id='par_1_102' title="bbox 150 4707 1667 4798">
     <span class='ocr_line' id='line_1_103' title="bbox 150 4707 1667 4798; baseline 0.003 -27"><span class='ocrx_word' id='word_1_675' title='bbox 150 4707 316 4762; x_wconf 74' lang='grc' dir='ltr'><strong>Ἠν-</strong></span> <span class='ocrx_word' id='word_1_676' title='bbox 366 4725 510 4793; x_wconf 84' lang='grc' dir='ltr'>τρία.</span> <span class='ocrx_word' id='word_1_677' title='bbox 577 4723 737 4772; x_wconf 80' lang='grc' dir='ltr'>Σάτον</span> <span class='ocrx_word' id='word_1_678' title='bbox 777 4724 864 4792; x_wconf 82' lang='grc' dir='ltr'><strong>μέν</strong></span> <span class='ocrx_word' id='word_1_679' title='bbox 918 4719 1058 4774; x_wconf 85' lang='grc' dir='ltr'>ἐστιν</span> <span class='ocrx_word' id='word_1_680' title='bbox 1111 4719 1251 4784; x_wconf 73' lang='grc' dir='ltr'>εἶδος</span> <span class='ocrx_word' id='word_1_681' title='bbox 1305 4728 1492 4796; x_wconf 84' lang='grc' dir='ltr'>μέτρου</span> <span class='ocrx_word' id='word_1_682' title='bbox 1545 4742 1667 4798; x_wconf 66' lang='grc' dir='ltr'>παρ’</span> 
     </span>
    </p>
   </div>
   <div class='ocr_carea' id='block_1_103' title="bbox 96 4797 1668 4885">
    <p class='ocr_par' dir='ltr' id='par_1_103' title="bbox 96 4797 1668 4885">
     <span class='ocr_line' id='line_1_104' title="bbox 96 4797 1668 4885; baseline 0.007 -31"><span class='ocrx_word' id='word_1_683' title='bbox 96 4797 325 4869; x_wconf 42' lang='lat' dir='ltr'><strong>facetius,</strong></span> <span class='ocrx_word' id='word_1_684' title='bbox 385 4815 524 4883; x_wconf 79' lang='grc' dir='ltr'>Τρία</span> <span class='ocrx_word' id='word_1_685' title='bbox 596 4805 674 4873; x_wconf 63' lang='grc' dir='ltr'>δι,</span> <span class='ocrx_word' id='word_1_686' title='bbox 727 4811 792 4861; x_wconf 79' lang='grc' dir='ltr'>τὰ</span> <span class='ocrx_word' id='word_1_687' title='bbox 841 4809 1003 4862; x_wconf 79' lang='grc' dir='ltr'>πολλὰ</span> <span class='ocrx_word' id='word_1_688' title='bbox 1040 4818 1128 4863; x_wconf 89' lang='grc' dir='ltr'><strong>νῦν</strong></span> <span class='ocrx_word' id='word_1_689' title='bbox 1181 4815 1400 4885; x_wconf 84' lang='grc' dir='ltr'>εἴρηκεν.</span> <span class='ocrx_word' id='word_1_690' title='bbox 1431 4797 1668 4865; x_wconf 54' lang='lat' dir='ltr'><strong>niueae:</strong></span> 
     </span>
    </p>
   </div>
   <div class='ocr_carea' id='block_1_104' title="bbox 102 4887 1668 4973">
    <p class='ocr_par' dir='ltr' id='par_1_104' title="bbox 102 4887 1668 4973">
     <span class='ocr_line' id='line_1_105' title="bbox 102 4887 1668 4973; baseline 0.002 -22"><span class='ocrx_word' id='word_1_691' title='bbox 102 4887 179 4956; x_wconf 63' lang='grc' dir='ltr'>γὰρ</span> <span class='ocrx_word' id='word_1_692' title='bbox 210 4893 439 4960; x_wconf 77' lang='grc' dir='ltr'>πολλάκις</span> <span class='ocrx_word' id='word_1_693' title='bbox 488 4894 589 4950; x_wconf 77' lang='grc' dir='ltr'>διὰ</span> <span class='ocrx_word' id='word_1_694' title='bbox 631 4904 723 4950; x_wconf 85' lang='grc' dir='ltr'><strong>τοῦ</strong></span> <span class='ocrx_word' id='word_1_695' title='bbox 777 4897 999 4972; x_wconf 81' lang='grc' dir='ltr'>ἀριθμοῦ</span> <span class='ocrx_word' id='word_1_696' title='bbox 1042 4907 1141 4952; x_wconf 85' lang='grc' dir='ltr'>τῶν</span> <span class='ocrx_word' id='word_1_697' title='bbox 1191 4901 1366 4973; x_wconf 85' lang='grc' dir='ltr'>θριῶν,</span> <span class='ocrx_word' id='word_1_698' title='bbox 1407 4904 1471 4954; x_wconf 82' lang='grc' dir='ltr'>τὰ</span> <span class='ocrx_word' id='word_1_699' title='bbox 1506 4901 1668 4954; x_wconf 86' lang='grc' dir='ltr'>πολλὰ</span> 
     </span>
    </p>
   </div>
   <div class='ocr_carea' id='block_1_105' title="bbox 155 5065 521 5139">
    <p class='ocr_par' dir='ltr' id='par_1_105' title="bbox 155 5065 521 5139">
     <span class='ocr_line' id='line_1_106' title="bbox 155 5065 521 5139; baseline 0.019 -17"><span class='ocrx_word' id='word_1_700' title='bbox 155 5066 188 5099; x_wconf 86' lang='grc'>²¹</span> <span class='ocrx_word' id='word_1_701' title='bbox 216 5065 315 5125; x_wconf 82' lang='lat' dir='ltr'><strong>Isa.</strong></span> <span class='ocrx_word' id='word_1_702' title='bbox 338 5089 396 5139; x_wconf 86' lang='lat' dir='ltr'><strong>x,</strong></span> <span class='ocrx_word' id='word_1_703' title='bbox 427 5075 521 5131; x_wconf 81' lang='lat'><strong>23.</strong></span> 
     </span>
    </p>
   </div>
   <div class='ocr_carea' id='block_1_106' title="bbox 607 5074 1619 5143">
    <p class='ocr_par' dir='ltr' id='par_1_106' title="bbox 607 5074 1619 5143">
     <span class='ocr_line' id='line_1_107' title="bbox 607 5074 1619 5143; baseline 0.008 -15"><span class='ocrx_word' id='word_1_704' title='bbox 607 5076 656 5111; x_wconf 74' lang='grc' dir='ltr'>η</span> <span class='ocrx_word' id='word_1_705' title='bbox 680 5074 834 5131; x_wconf 88' lang='lat' dir='ltr'><strong>Psal.</strong></span> <span class='ocrx_word' id='word_1_706' title='bbox 867 5091 1020 5142; x_wconf 78' lang='lat' dir='ltr'><strong>xum,</strong></span> <span class='ocrx_word' id='word_1_707' title='bbox 1058 5075 1145 5132; x_wconf 86' lang='grc'><strong>15.</strong></span> <span class='ocrx_word' id='word_1_708' title='bbox 1224 5078 1269 5113; x_wconf 86' lang='grc'><strong>¹³</strong></span> <span class='ocrx_word' id='word_1_709' title='bbox 1296 5077 1458 5133; x_wconf 90' lang='lat' dir='ltr'><strong>Prov.</strong></span> <span class='ocrx_word' id='word_1_710' title='bbox 1498 5093 1533 5143; x_wconf 85' lang='grc' dir='ltr'><strong>ι,</strong></span> <span class='ocrx_word' id='word_1_711' title='bbox 1565 5081 1619 5136; x_wconf 82' lang='grc'><strong>6.</strong></span> 
     </span>
    </p>
   </div>
   <div class='ocr_carea' id='block_1_107' title="bbox 1778 4447 3423 4531">
    <p class='ocr_par' dir='ltr' id='par_1_107' title="bbox 1778 4447 3423 4531">
     <span class='ocr_line' id='line_1_108' title="bbox 1778 4447 3423 4531; baseline -0.009 -16"><span class='ocrx_word' id='word_1_712' title='bbox 1778 4474 1876 4531; x_wconf 88' lang='lat' dir='ltr'><strong>per</strong></span> <span class='ocrx_word' id='word_1_713' title='bbox 1912 4455 2266 4530; x_wconf 89' lang='lat' dir='ltr'><strong>parabolam</strong></span> <span class='ocrx_word' id='word_1_714' title='bbox 2313 4470 2448 4509; x_wconf 91' lang='lat' dir='ltr'><strong>vero</strong></span> <span class='ocrx_word' id='word_1_715' title='bbox 2498 4451 2789 4515; x_wconf 87' lang='lat' dir='ltr'><strong>fermenti,</strong></span> <span class='ocrx_word' id='word_1_716' title='bbox 2831 4450 2954 4504; x_wconf 91' lang='lat' dir='ltr'><strong>vim</strong></span> <span class='ocrx_word' id='word_1_717' title='bbox 3001 4451 3130 4520; x_wconf 89' lang='lat' dir='ltr'><strong>ejus</strong></span> <span class='ocrx_word' id='word_1_718' title='bbox 3182 4447 3423 4519; x_wconf 90' lang='lat' dir='ltr'><strong>prodiit.</strong></span> 
     </span>
    </p>
   </div>
   <div class='ocr_carea' id='block_1_108' title="bbox 1778 4536 3427 4618">
    <p class='ocr_par' dir='ltr' id='par_1_108' title="bbox 1778 4536 3427 4618">
     <span class='ocr_line' id='line_1_109' title="bbox 1778 4536 3427 4618; baseline -0.008 -14"><span class='ocrx_word' id='word_1_719' title='bbox 1778 4551 2047 4618; x_wconf 83' lang='lat' dir='ltr'><strong>Regnum</strong></span> <span class='ocrx_word' id='word_1_720' title='bbox 2075 4545 2233 4601; x_wconf 92' lang='lat' dir='ltr'><strong>enim</strong></span> <span class='ocrx_word' id='word_1_721' title='bbox 2259 4543 2543 4600; x_wconf 64' lang='lat' dir='ltr'><strong>caelorum</strong></span> <span class='ocrx_word' id='word_1_722' title='bbox 2574 4555 2812 4596; x_wconf 90' lang='lat' dir='ltr'><strong>rursum</strong></span> <span class='ocrx_word' id='word_1_723' title='bbox 2853 4553 2962 4611; x_wconf 90' lang='lat' dir='ltr'><strong>pro</strong></span> <span class='ocrx_word' id='word_1_724' title='bbox 2990 4536 3127 4593; x_wconf 87' lang='lat' dir='ltr'><strong>ﬁdei</strong></span> <span class='ocrx_word' id='word_1_725' title='bbox 3161 4552 3427 4592; x_wconf 88' lang='lat' dir='ltr'><strong>sermone</strong></span> 
     </span>
    </p>
   </div>
   <div class='ocr_carea' id='block_1_109' title="bbox 1778 4637 2275 4693">
    <p class='ocr_par' dir='ltr' id='par_1_109' title="bbox 1778 4637 2275 4693">
     <span class='ocr_line' id='line_1_110' title="bbox 1778 4637 2275 4693; baseline -0.004 -1"><span class='ocrx_word' id='word_1_726' title='bbox 1778 4637 2136 4693; x_wconf 87' lang='lat' dir='ltr'><strong>sumendum</strong></span> <span class='ocrx_word' id='word_1_727' title='bbox 2167 4638 2275 4691; x_wconf 90' lang='lat' dir='ltr'><strong>est.</strong></span> 
     </span>
    </p>
   </div>
   <div class='ocr_carea' id='block_1_110' title="bbox 1847 4714 3422 4790">
    <p class='ocr_par' dir='ltr' id='par_1_110' title="bbox 1847 4714 3422 4790">
     <span class='ocr_line' id='line_1_111' title="bbox 1847 4714 3422 4790; baseline -0.008 -9"><span class='ocrx_word' id='word_1_728' title='bbox 1847 4728 2009 4780; x_wconf 89' lang='lat' dir='ltr'><strong>Vers.</strong></span> <span class='ocrx_word' id='word_1_729' title='bbox 2045 4723 2129 4780; x_wconf 92' lang='lat'><strong>33.</strong></span> <span class='ocrx_word' id='word_1_730' title='bbox 2186 4721 2352 4790; x_wconf 82' lang='lat' dir='ltr'><strong>Quod</strong></span> <span class='ocrx_word' id='word_1_731' title='bbox 2383 4747 2442 4760; x_wconf 88' lang='lat'><strong>-</strong></span> <span class='ocrx_word' id='word_1_732' title='bbox 2475 4719 2682 4774; x_wconf 79' lang='lat' dir='ltr'><strong>tribus.</strong></span> <span class='ocrx_word' id='word_1_733' title='bbox 2741 4717 2948 4772; x_wconf 86' lang='lat' dir='ltr'><strong>Saturn</strong></span> <span class='ocrx_word' id='word_1_734' title='bbox 3003 4715 3188 4788; x_wconf 87' lang='lat' dir='ltr'><strong>(quod</strong></span> <span class='ocrx_word' id='word_1_735' title='bbox 3247 4714 3422 4771; x_wconf 89' lang='lat' dir='ltr'><strong>etiam</strong></span> 
     </span>
    </p>
   </div>
   <div class='ocr_carea' id='block_1_111' title="bbox 1778 4803 3424 4880">
    <p class='ocr_par' dir='ltr' id='par_1_111' title="bbox 1778 4803 3424 4880">
     <span class='ocr_line' id='line_1_112' title="bbox 1778 4803 3424 4880; baseline -0.007 -11"><span class='ocrx_word' id='word_1_736' title='bbox 1778 4813 1963 4869; x_wconf 76' lang='lat' dir='ltr'><strong>Graeci</strong></span> <span class='ocrx_word' id='word_1_737' title='bbox 2015 4815 2169 4864; x_wconf 83' lang='grc' dir='ltr'>σάτον</span> <span class='ocrx_word' id='word_1_738' title='bbox 2221 4809 2447 4880; x_wconf 85' lang='lat' dir='ltr'><strong>dicunt)</strong></span> <span class='ocrx_word' id='word_1_739' title='bbox 2498 4821 2686 4877; x_wconf 85' lang='lat' dir='ltr'><strong>genus</strong></span> <span class='ocrx_word' id='word_1_740' title='bbox 2744 4809 2869 4861; x_wconf 87' lang='lat' dir='ltr'><strong>erat</strong></span> <span class='ocrx_word' id='word_1_741' title='bbox 2916 4820 3210 4860; x_wconf 62' lang='lat' dir='ltr'><strong>mensuras</strong></span> <span class='ocrx_word' id='word_1_742' title='bbox 3264 4803 3424 4875; x_wconf 86' lang='lat' dir='ltr'><strong>apud</strong></span> 
     </span>
    </p>
   </div>
   <div class='ocr_carea' id='block_1_112' title="bbox 1780 4893 3426 4965">
    <p class='ocr_par' dir='ltr' id='par_1_112' title="bbox 1780 4893 3426 4965">
     <span class='ocr_line' id='line_1_113' title="bbox 1780 4893 3426 4965; baseline -0.006 -9"><span class='ocrx_word' id='word_1_743' title='bbox 1780 4901 2080 4958; x_wconf 78' lang='lat' dir='ltr'><strong>Hebraeos.</strong></span> <span class='ocrx_word' id='word_1_744' title='bbox 2101 4899 2232 4956; x_wconf 89' lang='lat' dir='ltr'><strong>Tria</strong></span> <span class='ocrx_word' id='word_1_745' title='bbox 2263 4914 2400 4954; x_wconf 87' lang='lat' dir='ltr'><strong>vero</strong></span> <span class='ocrx_word' id='word_1_746' title='bbox 2429 4912 2592 4953; x_wconf 89' lang='lat' dir='ltr'><strong>nunc</strong></span> <span class='ocrx_word' id='word_1_747' title='bbox 2621 4894 2763 4951; x_wconf 81' lang='lat' dir='ltr'><strong>dixit</strong></span> <span class='ocrx_word' id='word_1_748' title='bbox 2794 4893 3014 4961; x_wconf 87' lang='lat' dir='ltr'><strong>multa;</strong></span> <span class='ocrx_word' id='word_1_749' title='bbox 3047 4910 3186 4950; x_wconf 91' lang='lat' dir='ltr'><strong>nam</strong></span> <span class='ocrx_word' id='word_1_750' title='bbox 3209 4893 3426 4965; x_wconf 72' lang='lat' dir='ltr'><strong>saepius</strong></span> 
     </span>
    </p>
   </div>
   <div class='ocr_carea' id='block_1_113' title="bbox 1694 5071 3014 5142">
    <p class='ocr_par' dir='ltr' id='par_1_113' title="bbox 1694 5071 3014 5142">
     <span class='ocr_line' id='line_1_114' title="bbox 1694 5071 3014 5142; baseline -0.005 -8"><span class='ocrx_word' id='word_1_751' title='bbox 1694 5078 1743 5114; x_wconf 81' lang='grc'><strong>¹⁴</strong></span> <span class='ocrx_word' id='word_1_752' title='bbox 1777 5077 1982 5135; x_wconf 85' lang='lat' dir='ltr'><strong>Ezech.</strong></span> <span class='ocrx_word' id='word_1_753' title='bbox 2013 5092 2151 5141; x_wconf 85' lang='lat' dir='ltr'><strong>xvu,</strong></span> <span class='ocrx_word' id='word_1_754' title='bbox 2185 5077 2238 5131; x_wconf 83' lang='lat'><strong>2.</strong></span> <span class='ocrx_word' id='word_1_755' title='bbox 2270 5074 2322 5130; x_wconf 90' lang='lat'><strong>3.</strong></span> <span class='ocrx_word' id='word_1_756' title='bbox 2391 5075 2448 5112; x_wconf 73' lang='grc'><strong>’³⁸</strong></span> <span class='ocrx_word' id='word_1_757' title='bbox 2471 5072 2650 5132; x_wconf 89' lang='lat' dir='ltr'><strong>Hebr.</strong></span> <span class='ocrx_word' id='word_1_758' title='bbox 2683 5087 2762 5142; x_wconf 81' lang='lat' dir='ltr'><strong>XI,</strong></span> <span class='ocrx_word' id='word_1_759' title='bbox 2805 5071 2894 5141; x_wconf 74' lang='lat' dir='ltr'><strong>l7,</strong></span> <span class='ocrx_word' id='word_1_760' title='bbox 2926 5072 3014 5129; x_wconf 82' lang='grc'><strong>19.</strong></span> 
     </span>
    </p>
   </div>
   <div class='ocr_carea' id='block_1_114' title="bbox 1277 5253 2190 5323">
    <p class='ocr_par' dir='ltr' id='par_1_114' title="bbox 1277 5253 2190 5323">
     <span class='ocr_line' id='line_1_115' title="bbox 1277 5253 2190 5323; baseline -0.001 0"><span class='ocrx_word' id='word_1_761' title='bbox 1277 5253 1501 5323; x_wconf 79' lang='lat' dir='ltr'><strong>Variae</strong></span> <span class='ocrx_word' id='word_1_762' title='bbox 1523 5253 1850 5322; x_wconf 91' lang='lat' dir='ltr'><strong>lectiones</strong></span> <span class='ocrx_word' id='word_1_763' title='bbox 1891 5263 1955 5321; x_wconf 92' lang='lat' dir='ltr'><strong>et</strong></span> <span class='ocrx_word' id='word_1_764' title='bbox 1987 5263 2190 5322; x_wconf 74' lang='lat' dir='ltr'><strong>notae.</strong></span> 
     </span>
    </p>
   </div>
   <div class='ocr_carea' id='block_1_115' title="bbox 147 5439 1663 5514">
    <p class='ocr_par' dir='ltr' id='par_1_115' title="bbox 147 5439 1663 5514">
     <span class='ocr_line' id='line_1_116' title="bbox 147 5439 1663 5514; baseline 0.004 -14"><span class='ocrx_word' id='word_1_765' title='bbox 147 5439 244 5508; x_wconf 72' lang='lat'><strong>(32)</strong></span> <span class='ocrx_word' id='word_1_766' title='bbox 269 5444 517 5502; x_wconf 82' lang='lat' dir='ltr'><strong>Oﬂ&#39;endo</strong></span> <span class='ocrx_word' id='word_1_767' title='bbox 548 5445 606 5500; x_wconf 90' lang='lat' dir='ltr'><strong>in</strong></span> <span class='ocrx_word' id='word_1_768' title='bbox 635 5447 779 5501; x_wconf 82' lang='grc' dir='ltr'>ὅλων.</span> <span class='ocrx_word' id='word_1_769' title='bbox 815 5449 1152 5514; x_wconf 88' lang='lat' dir='ltr'><strong>Hentenius,</strong></span> <span class='ocrx_word' id='word_1_770' title='bbox 1183 5449 1468 5506; x_wconf 83' lang='lat' dir='ltr'><strong>omnibus.</strong></span> <span class='ocrx_word' id='word_1_771' title='bbox 1498 5452 1663 5507; x_wconf 88' lang='lat' dir='ltr'><strong>Forte</strong></span> 
     </span>
    </p>
   </div>
   <div class='ocr_carea' id='block_1_116' title="bbox 90 5517 1588 5576">
    <p class='ocr_par' dir='ltr' id='par_1_116' title="bbox 90 5517 1588 5576">
     <span class='ocr_line' id='line_1_117' title="bbox 90 5517 1588 5576; baseline -0.001 0"><span class='ocrx_word' id='word_1_772' title='bbox 90 5519 209 5576; x_wconf 76' lang='grc' dir='ltr'>ετεο</span> <span class='ocrx_word' id='word_1_773' title='bbox 236 5517 430 5568; x_wconf 76' lang='grc' dir='ltr'>πάντων</span> <span class='ocrx_word' id='word_1_774' title='bbox 463 5519 713 5574; x_wconf 84' lang='lat' dir='ltr'><strong>invenit.</strong></span> <span class='ocrx_word' id='word_1_775' title='bbox 750 5521 911 5576; x_wconf 86' lang='lat' dir='ltr'><strong>Certe</strong></span> <span class='ocrx_word' id='word_1_776' title='bbox 939 5528 1038 5571; x_wconf 84' lang='grc' dir='ltr'>τῶν</span> <span class='ocrx_word' id='word_1_777' title='bbox 1069 5519 1196 5573; x_wconf 85' lang='grc' dir='ltr'>ὅλων</span> <span class='ocrx_word' id='word_1_778' title='bbox 1226 5520 1402 5576; x_wconf 90' lang='lat' dir='ltr'><strong>debet</strong></span> <span class='ocrx_word' id='word_1_779' title='bbox 1441 5536 1588 5576; x_wconf 91' lang='lat' dir='ltr'><strong>esse.</strong></span> 
     </span>
    </p>
   </div>
   <div class='ocr_carea' id='block_1_117' title="bbox 165 5583 1664 5658">
    <p class='ocr_par' dir='ltr' id='par_1_117' title="bbox 165 5583 1664 5658">
     <span class='ocr_line' id='line_1_118' title="bbox 165 5583 1664 5658; baseline 0.003 -15"><span class='ocrx_word' id='word_1_780' title='bbox 165 5583 246 5655; x_wconf 89' lang='lat'><strong>33)</strong></span> <span class='ocrx_word' id='word_1_781' title='bbox 277 5587 390 5644; x_wconf 80' lang='lat' dir='ltr'><strong>Hoc</strong></span> <span class='ocrx_word' id='word_1_782' title='bbox 421 5587 724 5647; x_wconf 87' lang='lat' dir='ltr'><strong>scholium</strong></span> <span class='ocrx_word' id='word_1_783' title='bbox 756 5590 1021 5658; x_wconf 83' lang='lat' dir='ltr'><strong>inferius,</strong></span> <span class='ocrx_word' id='word_1_784' title='bbox 1051 5596 1188 5650; x_wconf 88' lang='lat' dir='ltr'><strong>ante</strong></span> <span class='ocrx_word' id='word_1_785' title='bbox 1217 5606 1366 5649; x_wconf 88' lang='lat' dir='ltr'><strong>vers.</strong></span> <span class='ocrx_word' id='word_1_786' title='bbox 1401 5592 1469 5648; x_wconf 89' lang='lat'><strong>36</strong></span> <span class='ocrx_word' id='word_1_787' title='bbox 1504 5592 1664 5649; x_wconf 85' lang='lat' dir='ltr'><strong>exhi-</strong></span> 
     </span>
    </p>
   </div>
   <div class='ocr_carea' id='block_1_118' title="bbox 1772 5438 3411 5508">
    <p class='ocr_par' dir='ltr' id='par_1_118' title="bbox 1772 5438 3411 5508">
     <span class='ocr_line' id='line_1_119' title="bbox 1772 5438 3411 5508; baseline -0.009 -3"><span class='ocrx_word' id='word_1_788' title='bbox 1772 5449 1870 5505; x_wconf 89' lang='lat' dir='ltr'><strong>bet</strong></span> <span class='ocrx_word' id='word_1_789' title='bbox 1899 5447 2240 5504; x_wconf 87' lang='lat' dir='ltr'><strong>Hentenius.</strong></span> <span class='ocrx_word' id='word_1_790' title='bbox 2275 5446 2461 5502; x_wconf 84' lang='lat' dir='ltr'><strong>Habet</strong></span> <span class='ocrx_word' id='word_1_791' title='bbox 2493 5449 2689 5503; x_wconf 87' lang='lat' dir='ltr'><strong>autem</strong></span> <span class='ocrx_word' id='word_1_792' title='bbox 2719 5459 2892 5500; x_wconf 87' lang='lat' dir='ltr'><strong>meus</strong></span> <span class='ocrx_word' id='word_1_793' title='bbox 2927 5443 2996 5502; x_wconf 88' lang='grc' dir='ltr'><strong>Β.</strong></span> <span class='ocrx_word' id='word_1_794' title='bbox 3036 5443 3096 5498; x_wconf 91' lang='lat' dir='ltr'><strong>in</strong></span> <span class='ocrx_word' id='word_1_795' title='bbox 3126 5438 3411 5508; x_wconf 89' lang='lat' dir='ltr'><strong>margine.</strong></span> 
     </span>
    </p>
   </div>
   <div class='ocr_carea' id='block_1_119' title="bbox 1867 5518 2813 5592">
    <p class='ocr_par' dir='ltr' id='par_1_119' title="bbox 1867 5518 2813 5592">
     <span class='ocr_line' id='line_1_120' title="bbox 1867 5518 2813 5592; baseline -0.004 -17"><span class='ocrx_word' id='word_1_796' title='bbox 1867 5520 1956 5592; x_wconf 81' lang='grc'><strong>34)</strong></span> <span class='ocrx_word' id='word_1_797' title='bbox 1977 5519 2132 5592; x_wconf 86' lang='lat' dir='ltr'><strong>Loco</strong></span> <span class='ocrx_word' id='word_1_798' title='bbox 2157 5518 2403 5592; x_wconf 79' lang='lat' dir='ltr'><strong>laudato</strong></span> <span class='ocrx_word' id='word_1_799' title='bbox 2433 5522 2520 5574; x_wconf 88' lang='lat' dir='ltr'><strong>est</strong></span> <span class='ocrx_word' id='word_1_800' title='bbox 2540 5521 2626 5592; x_wconf 69' lang='grc' dir='ltr'>νοή</span> <span class='ocrx_word' id='word_1_801' title='bbox 2638 5535 2716 5592; x_wconf 59' lang='grc' dir='ltr'>εει</span> <span class='ocrx_word' id='word_1_802' title='bbox 2741 5535 2813 5592; x_wconf 75' lang='grc' dir='ltr'>τι.</span> 
     </span>
    </p>
   </div>
   <div class='ocr_carea' id='block_1_120' title="bbox 1844 5522 3017 5664">
    <p class='ocr_par' dir='ltr' id='par_1_120' title="bbox 1844 5522 3017 5664">
     <span class='ocr_line' id='line_1_121' title="bbox 1867 5522 2813 5592; baseline -0.004 -17"><span class='ocrx_word' id='word_1_803' title='bbox 1867 5522 1956 5592; x_wconf 81' lang='grc'><strong>34)</strong></span> <span class='ocrx_word' id='word_1_804' title='bbox 1977 5522 2132 5575; x_wconf 92' lang='lat' dir='ltr'><strong>Loco</strong></span> <span class='ocrx_word' id='word_1_805' title='bbox 2157 5522 2403 5574; x_wconf 90' lang='lat' dir='ltr'><strong>laudato</strong></span> <span class='ocrx_word' id='word_1_806' title='bbox 2433 5522 2520 5574; x_wconf 85' lang='lat' dir='ltr'><strong>est</strong></span> <span class='ocrx_word' id='word_1_807' title='bbox 2540 5522 2716 5575; x_wconf 85' lang='grc' dir='ltr'>νοήσει</span> <span class='ocrx_word' id='word_1_808' title='bbox 2741 5535 2813 5571; x_wconf 84' lang='grc' dir='ltr'>τι.</span> 
     </span>
     <span class='ocr_line' id='line_1_122' title="bbox 1844 5522 3017 5664; baseline -0.006 -17"><span class='ocrx_word' id='word_1_809' title='bbox 1844 5522 1956 5664; x_wconf 45' lang='grc' dir='ltr'><strong>ἔξω)</strong></span> <span class='ocrx_word' id='word_1_810' title='bbox 1997 5591 2132 5648; x_wconf 64' lang='lat' dir='ltr'><strong>Haec</strong></span> <span class='ocrx_word' id='word_1_811' title='bbox 2161 5589 2413 5648; x_wconf 86' lang='lat' dir='ltr'><strong>aberant</strong></span> <span class='ocrx_word' id='word_1_812' title='bbox 2443 5588 2608 5661; x_wconf 91' lang='lat' dir='ltr'><strong>apud</strong></span> <span class='ocrx_word' id='word_1_813' title='bbox 2637 5582 3017 5645; x_wconf 84' lang='lat' dir='ltr'><strong>Hentenium.</strong></span> 
     </span>
    </p>
   </div>
  </div>
