3906 6202
370 237 468 292 411

1683 246 2032 303 EUTHYMII
2075 244 2402 302 ZIGABENI

3616 248 3718 303 412

371 378 471 433 per
515 379 827 423 numerum
870 371 1070 442 trium,
1107 372 1293 428 mluta
1329 372 1659 441 signiﬁcare
1705 372 1912 427 solent.
1954 375 1993 427 E

2122 375 2409 442 σημαίνειν.
2472 374 2571 423 Καὶ
2631 376 2759 441 γυνὴ
2820 373 2909 441 μὲν
2939 376 3144 434 νοεῖται,
3186 372 3215 429 ἡ
3273 376 3448 442 σοφία,
3482 374 3661 442 ἤγουν,
3694 372 3719 422 ὁ

370 451 581 507 mulier
624 455 960 526 intelligitur
1008 461 1319 531 sapientia,
1369 462 1489 515 sive
1548 461 1671 532 ipse
1730 460 2011 526 Christus,

370 555 440 594 eo
481 543 639 612 quod
689 545 891 600 fertilis
942 548 1018 603 sit
1044 566 1109 603 ac
1163 550 1401 605 nutriat.
1450 549 1678 605 Fideles
1718 549 2012 621 siquidem

369 643 475 698 per
528 629 908 701 baptismum
954 643 1197 706 generat
1228 653 1445 709 eosque
1502 638 1635 693 cibo
1657 638 2010 705 dogmatum

367 716 503 771 ﬁdei
529 721 760 776 enutrit.
807 724 1113 781 Fermento
1148 731 1343 781 autem
1391 732 1773 798 comparatur
1816 742 2009 781 sermo

366 802 527 859 ﬁdei.
562 808 721 864 Sicut
777 813 933 868 enim
980 814 1338 869 fermentum
1375 831 1512 869 cum
1548 816 1620 869 sit
1684 814 2007 883 modicum,

366 890 424 945 in
460 894 643 950 multa
674 903 872 954 tamen
904 901 1094 957 farina
1125 903 1567 967 absconditum,
1600 918 1705 973 per
1733 918 2009 973 consper-

366 979 594 1037 sionem
638 985 716 1056 (q)
752 993 934 1043 totam
968 988 1222 1046 farinam
1258 992 1314 1045 in
1360 1007 1545 1045 unum
1574 990 1749 1045 simul
1788 1006 2006 1062 corpus

366 1068 510 1137 unit,
557 1076 611 1126 et
654 1074 713 1128 in
756 1075 1002 1133 alteram
1056 1080 1335 1151 speciem,
1382 1081 1459 1135 ab
1509 1094 1579 1134 ea
1616 1095 1801 1150 quam
1850 1079 2008 1149 prius

361 1155 625 1214 habebat
656 1165 1013 1221 transmutat
1054 1184 1067 1221 :
1100 1183 1355 1239 cumque
1395 1167 1590 1223 farina
1627 1183 1720 1222 res
1753 1167 1825 1221 sit
1855 1183 2005 1223 mora

363 1245 483 1314 tua,
525 1262 660 1303 eam
707 1252 1161 1321 quodammodo
1199 1256 1484 1324 viviﬁcat,
1512 1271 1581 1310 ac
1622 1256 1738 1310 vim
1775 1256 2006 1310 habens

361 1332 638 1399 activam,
673 1354 907 1395 sursum
937 1342 1257 1398 ascendere
1287 1342 1443 1399 facit.
1478 1344 1561 1399 Ita
1591 1358 1831 1414 quoque
1872 1342 2006 1397 ﬁdei

360 1434 576 1489 sermo,
605 1438 743 1480 cum
776 1431 839 1480 ut
867 1428 1087 1485 dictum
1116 1436 1223 1495 est,
1257 1431 1589 1502 quantitate
1610 1430 1683 1485 sit
1713 1429 2002 1499 modicus,

358 1506 417 1561 in
460 1509 776 1567 multorum
822 1517 1131 1572 hominum
1176 1519 1495 1575 animabus
1534 1518 1862 1575 occultatus
1901 1534 2005 1589 per

358 1594 712 1663 doctrinam,
745 1618 953 1659 omnes
985 1605 1045 1660 in
1086 1622 1273 1662 unum
1306 1606 1431 1662 unit
1462 1607 1729 1663 Ecclesiae
1763 1623 1999 1679 corpus,

2120 462 2368 531 Χριστός,
2430 455 2521 510 διὰ
2581 460 2635 509 τὸ
2685 463 2894 530 γόνιμον
2957 464 3045 511 καὶ
3110 462 3375 531 τρόφιμον.
3435 465 3590 529 Γεννᾴ
3616 463 3720 534 γὰρ

2117 551 2235 609 τοὺς
2275 550 2495 606 πιστούς
2534 544 2627 598 διὰ
2654 554 2744 597 τοῦ
2793 545 3180 619 βαπτίσματος,
3215 552 3302 598 καὶ
3332 552 3499 619 τρέφει
3531 548 3721 609 αὐτούς

2116 644 2177 707 τῇ
2239 634 2436 709 βρώσει
2494 643 2587 685 τῶν
2646 632 2921 706 δογμάτων
2960 643 3056 696 τῆς
3097 640 3319 696 πίστεως
3368 676 3380 688 .
3437 635 3575 707 ζύμῃ
3638 632 3718 704 δὲ,

2116 725 2140 774 ό
2183 723 2334 794 λόγος
2364 730 2458 784 τῆς
2494 726 2714 782 πίστεως
2768 724 3158 794 παρεικάζεται,
3218 720 3356 775 διότι
3405 725 3637 795 καθάπερ
3687 726 3717 783 ἡ

2117 812 2277 882 ζύμη,
2313 810 2459 880 ὀλίγη
2500 830 2579 872 τις
2633 807 2784 875 οὖσα,
2848 816 2935 862 καὶ
2990 812 3060 872 εἰς
3112 810 3237 863 πολύ
3288 810 3497 884 ἄλευρον
3528 810 3721 885 ἐγκρυ-

2114 898 2285 964 ϐεῐσα,
2317 896 2408 950 διὰ
2457 908 2548 960 τῆς
2592 898 2953 970 ἀναφυράσεως
3006 898 3117 950 ὅλον
3166 902 3224 949 τὸ
3276 898 3488 968 ἄλευρον
3539 900 3612 960 εἰς
3672 900 3721 951 ἓν

2116 996 2268 1059 σῶμα
2298 994 2514 1056 συνενοῖ,
2552 991 2641 1038 καὶ
2699 987 2768 1048 εἰς
2827 987 2992 1061 ἕτερον
3052 983 3207 1055 εἶδος,
3266 990 3400 1059 παρὸ
3465 991 3717 1060 πρότερον

2116 1073 2246 1147 εἶχε,
2279 1077 2521 1146 μεθιστᾴ,
2568 1079 2656 1126 καὶ
2702 1078 2875 1147 νεκρὸν
2907 1074 2979 1139 ὃν,
3028 1078 3214 1149 τρόπον
3257 1078 3394 1141 τινὰ,
3446 1076 3592 1140 ζωοῖ,
3624 1080 3719 1127 καὶ

2113 1165 2216 1214 ἄνω
2248 1162 2444 1235 βαίνειν
2497 1164 2908 1237 παρασκευάζει,
2966 1160 3184 1234 δύναμιν
3240 1165 3444 1233 ἔχουσα
3497 1160 3719 1234 δραστι-

2112 1257 2225 1309 κήν.
2285 1252 2436 1303 Οὕτω
2466 1253 2617 1303 καὶὸ
2661 1251 2812 1321 λόγος
2841 1259 2932 1311 τῆς
2984 1256 3228 1317 πίστεως,
3285 1250 3454 1322 ὀλίγος
3511 1252 3602 1317 ὧν,
3653 1253 3720 1312 ὡς

2112 1344 2431 1413 προείρηται,
2473 1348 2533 1411 τῇ
2588 1344 2860 1404 ποσότητι,
2917 1344 3007 1390 καὶ
3056 1339 3463 1411 ἐγκρυπτόμενος
3506 1338 3718 1410 ψυχαῖς

2109 1428 2304 1480 πολλῶν
2356 1427 2631 1500 ἀνθρώπων
2672 1424 2765 1479 διὰ
2810 1435 2905 1499 τῇς
2964 1423 3339 1490 διδασκαλίας,
3401 1429 3599 1487 πάντας
3642 1428 3717 1489 εἰς

2586 1514 2895 1576 Ἐκκλησίας
2976 1522 3193 1581 συνωοί,
3249 1520 3337 1567 καὶ
3416 1520 3483 1574 εὶς
3544 1516 3715 1587 ἕτερον

2988 1608 3077 1655 καὶ
3159 1607 3366 1677 νεκροὺς
3423 1606 3575 1663 ὄντας
3638 1604 3713 1665 εἰς

2110 1514 2157 1568 ἓν
2205 1524 2356 1587 σῶμα
2423 1524 2512 1575 τῆς

2110 1601 2249 1665 εἶδος
2324 1603 2586 1665 πολιτείας
2667 1605 2907 1674 μεθιστᾲ,

360 1699 430 1739 ac
484 1686 540 1740 in
594 1689 837 1745 alteram
888 1696 1353 1751 conversationis
1409 1696 1668 1767 speciem
1712 1700 1998 1751 transmu-

2110 1692 2355 1765 ἐνέργειαν
2423 1691 2625 1763 ἀρετῆς,
2703 1695 2828 1754 ζωοῖ
2877 1694 3000 1765 πρὸς
3076 1690 3319 1763 ἐργασίαν
3377 1691 3542 1752 αὐτῆς
3612 1696 3700 1743 καὶ

360 1776 460 1837 lat.
495 1790 752 1847 cumque
800 1783 1015 1837 mortui
1068 1784 1181 1839 sint
1232 1784 1303 1840 ad
1363 1800 1547 1856 opera
1621 1784 1866 1849 virtutis,
1922 1784 1998 1839 vi-

357 1862 555 1918 viﬁcat
585 1865 657 1919 ad
688 1868 815 1938 ejus
846 1872 1252 1941 operationem
1289 1890 1301 1928 ε
1330 1878 1383 1928 et
1418 1890 1657 1929 sursum
1684 1873 2001 1929 ascendere

358 1948 497 2004 facit
553 1952 630 2007 ad
686 1956 904 2012 coelum
959 1961 1279 2033 omniaque
1334 1960 1510 2017 efﬁcit
1564 1976 1669 2017 sua
1716 1960 2001 2017 ineffabili

356 2041 637 2109 potentia.

428 2129 583 2183 Vers.
631 2131 721 2196 33,
763 2133 956 2191 Donec
999 2169 1068 2178 —
1109 2143 1321 2195 totum.
1362 2142 1561 2210 Neque
1609 2138 1773 2195 enim
1804 2138 1862 2193 in
1896 2139 1996 2194 ho-

352 2214 585 2271 minum
619 2221 937 2279 animabus
962 2226 1322 2282 occultatum
1347 2228 1630 2298 quiescet,
1654 2227 1841 2283 donec
1869 2243 2000 2283 om-

350 2319 457 2359 nes
487 2304 547 2360 in
603 2323 785 2365 unum
824 2313 1051 2377 unierit,
1097 2331 1249 2386 quos
1309 2316 1599 2387 sapientia
1666 2315 1766 2371 illa
1808 2316 1993 2387 praeﬁ-

352 2392 514 2459 nivit,
593 2412 728 2466 quae
786 2402 1056 2458 omnium
1114 2410 1341 2459 mentes
1385 2405 1801 2475 praecognovit.
1848 2408 1998 2462 Nam

352 2481 464 2536 tria
508 2488 637 2539 sata
681 2502 1034 2560 quanquam
1084 2491 1513 2561 signiﬁcatione
1553 2493 1996 2549 multitudinem

352 2567 777 2639 demonstrent,
863 2582 1117 2635 attamen
1158 2596 1409 2636 numero
1460 2581 1705 2636 tandem
1758 2581 1998 2637 deﬁnita

354 2663 508 2712 sunt.
542 2662 753 2730 Magna
790 2680 931 2735 ergo
949 2676 1036 2721 est
1068 2668 1505 2739 praedicationis
1533 2669 1716 2723 virtus
1754 2686 1766 2722 :
1808 2668 1997 2739 quod-

354 2760 471 2816 que
494 2749 673 2804 semel
712 2750 1130 2811 fermentatum
1163 2762 1268 2819 est,
1306 2772 1545 2810 rursum
1572 2756 1811 2827 reliqua:
1844 2758 1994 2827 parti

353 2832 709 2892 fermentum
732 2838 847 2895 ﬁet.
875 2843 1129 2907 Quidam
1147 2848 1342 2898 autem
1384 2844 1637 2899 farinam
1664 2844 1863 2899 dicunt
1893 2845 1997 2899 ho-

356 2920 550 2975 mines
587 2940 598 2976 :
631 2931 760 2980 sata
790 2944 926 2982 vero
944 2929 1049 2984 tria
1080 2931 1200 2985 sive
1225 2935 1337 2986 tres
1364 2932 1763 3003 mensuras,_J
1777 2932 1992 3001 udaaos,

355 3008 757 3069 Samaritanos
799 3020 855 3070 et
886 3016 1141 3073 Graecos.

426 3097 586 3154 Vers.
629 3104 717 3168 34,
749 3103 837 3159 35.
867 3106 1005 3160 Haec
1031 3138 1098 3146 —
1127 3109 1343 3163 seaculi.
1388 3108 1521 3164 Sine
1558 3108 1847 3179 parabola
1872 3124 1993 3165 non

348 3184 701 3258 loquebatur
765 3192 870 3255 eis,
926 3197 1189 3266 tempore
1252 3195 1352 3251 illo
1414 3196 1737 3253 videlicet:
1807 3197 1994 3253 multa

347 3275 503 3331 enim
569 3278 788 3348 saepius
840 3280 954 3335 illis
1025 3283 1257 3339 locutus
1322 3288 1409 3340 est
1466 3284 1590 3339 sine
1646 3285 1988 3355 parabolis;

345 3364 486 3417 tunc
544 3370 743 3422 autem
798 3385 899 3439 per
960 3372 1279 3442 parabolas
1346 3373 1701 3445 loquebatur
1762 3374 1864 3442 eis,
1930 3378 1991 3430 ut

342 3452 737 3523 compleretur
772 3460 929 3531 quod
963 3459 1185 3516 dictum
1245 3461 1435 3517 fuerat
1465 3477 1568 3533 per
1598 3462 1782 3517 David
1816 3464 1883 3516 1⁸.
1919 3463 1991 3518 Αι

343 3541 639 3596 translatio
692 3545 1079 3614 Septuaginta
1137 3548 1521 3619 interpretum
1562 3550 1739 3605 habet
1776 3550 1989 3622 φθέγξο-

340 3648 436 3700 μαι
474 3630 817 3701 προϐλήματα
848 3634 933 3683 ἀπ’
981 3634 1151 3707 ἀρχῆς
1202 3638 1411 3707 loquar
1462 3638 1823 3706 problemata
1870 3642 1988 3695 sive

338 3718 751 3785 propositiones
787 3721 1059 3777 obscuras
1090 3724 1163 3778 ab
1194 3726 1379 3779 initio.
1416 3726 1522 3791 Qui
1566 3742 1703 3782 vero
1726 3744 1986 3798 praesens

345 3804 730 3871 Evangelium
770 3807 829 3861 in
857 3808 1115 3865 Graecam
1145 3813 1436 3868 transtulit
1474 3814 1763 3883 linguam,
1802 3815 1982 3873 dixit:

339 3892 649 3965 Ἐρεύξομαι
749 3902 1074 3969 κεκρυμμένα
1177 3898 1276 3951 ἀπὸ
1369 3901 1662 3963 καταϐολῆς
1760 3908 1981 3976 κόσμου,

340 3982 644 4039 Eructabo
692 3984 1035 4043 abscondita
1066 4005 1102 4045 a
1137 3992 1545 4047 constitutione
1599 3994 1822 4050 mundi.
1881 3998 1983 4051 He-

345 4070 553 4126 braicis
602 4088 861 4143 praesens
919 4075 1297 4141 dictionibus,
1356 4096 1489 4151 quae
1539 4085 1595 4136 et
1625 4082 1752 4137 haec
1784 4088 1840 4138 et
1886 4084 1986 4141 illa

341 4160 698 4229 signiﬁcant.
745 4162 901 4217 Sicut
934 4172 1127 4220 eructo
1163 4167 1458 4236 signiﬁcat
1523 4170 1703 4225 etiam
1744 4172 1980 4242 loquor;

338 4254 394 4305 et
476 4249 559 4304 illi
616 4250 960 4324 προϐλήματα
1030 4254 1299 4311 dixerunt
1358 4256 1657 4329 αἰνίγματα,
1716 4261 1865 4315 sicut
1930 4267 1984 4317 et

336 4339 543 4410 Aquila
600 4343 844 4395 testatus
882 4348 989 4397 est.
1060 4344 1393 4412 Ainigmata
1457 4364 1592 4401 vero
1633 4354 1767 4403 sunt
1808 4349 1980 4404 etiam

334 4428 691 4497 evangelicae
726 4430 1053 4501 parabolae.
1092 4434 1615 4496 Quemadmodum
1659 4436 1816 4491 enim
1849 4438 1983 4491 inni-

334 4522 538 4582 gmata
568 4517 973 4574 absconditam
1005 4520 1229 4576 habent
1261 4523 1586 4587 veritatem,
1630 4523 1713 4578 ita
1749 4541 1889 4580 sane
1928 4532 1983 4583 et

332 4600 464 4654 illae.
491 4604 657 4666 Quod
683 4611 881 4660 autem
922 4607 1133 4663 dicitur
1167 4626 1178 4663 :
1230 4613 1271 4663 A
1319 4612 1720 4667 constitutione
1758 4616 1976 4677 swculi,

331 4687 492 4742 idem
550 4690 842 4758 signiﬁcat
897 4697 1077 4765 quod,
1137 4697 1225 4753 Ab
1278 4700 1445 4755 initio
1496 4700 1708 4755 mundi.
1758 4702 1980 4756 Marcus

332 4790 469 4830 vero
496 4775 641 4831 dixit
664 4798 675 4832 :
696 4779 774 4833 Et
800 4780 1141 4849 hujusmodi
1159 4789 1455 4855 parabolis
1482 4790 1683 4845 multis
1709 4790 1977 4861 loqueba-

336 4868 436 4920 tur
462 4868 539 4921 eis
573 4880 897 4926 sermonem
935 4878 1111 4939 prout
1174 4881 1447 4946 poterant
1507 4877 1710 4933 audire
1758 4881 1825 4943 ιτ,
1867 4878 1980 4935 hoc

405 5042 454 5080 1°
484 5042 638 5100 Psal-
678 5060 892 5113 Lxxvu,
932 5050 985 5105 2.
1065 5051 1108 5087 ¹⁷
1140 5050 1318 5109 Marc.
1350 5069 1426 5122 1v,
1455 5057 1546 5111 33.

2108 1781 2211 1831 ἄνω
2242 1778 2437 1851 βαίνειν
2498 1783 2620 1853 πρὸς
2669 1779 2879 1851 οὐρανὸν
2938 1780 3347 1854 παρασκευάζει,
3387 1784 3477 1831 καὶ
3538 1782 3705 1832 πάντα

2107 1874 2260 1935 ποιεῖ,
2298 1864 2517 1940 δύναμιν
2544 1871 2679 1939 ἔχων
2710 1870 2925 1939 ἄφατον.

2175 2133 2300 2194 Ἕως
2344 2165 2412 2172 -
2473 2134 2604 2185 ὅλον.
2669 2133 2743 2185 Ού
2800 2138 3046 2192 στήσεται
3119 2133 3243 2205 γὰρ,
3301 2130 3717 2205 ἐγκρυπτόμενος

2106 2230 2218 2283 ταῖς
2247 2222 2454 2293 ψυχαῖς
2511 2230 2608 2273 τῶν
2664 2220 2960 2295 ἀνθρώπων,
2995 2221 3083 2280 ἕως
3136 2220 3195 2271 οὗ
3248 2219 3505 2273 ἐνωθῶσιν
3534 2221 3603 2280 εἰς
3662 2222 3714 2273 ἐν

2105 2313 2303 2379 πάντες,
2347 2311 2435 2372 οὖς
2481 2315 2762 2383 προώρισεν
2810 2312 2840 2367 ἡ
2893 2311 3094 2361 πάντων
3142 2310 3229 2369 τὰς
3275 2314 3477 2380 γνώμας
3527 2328 3709 2383 προγι-

2104 2404 2379 2450 νώσκουσα
2412 2404 2585 2469 σοφία.
2643 2400 2720 2449 Τὰ
2748 2400 2849 2469 γὰρ
2905 2402 3026 2471 τρία
3079 2398 3234 2463 σάτα,
3285 2397 3329 2449 εἰ
3375 2401 3465 2448 καὶ
3510 2404 3575 2468 τῇ
3611 2397 3713 2468 ἐμ-

2106 2490 2255 2559 φάσει
2308 2486 2499 2548 πλῆθος
2550 2484 2821 2550 δηλοῦσιν,
2856 2484 2981 2536 ἀλλὰ
3035 2494 3107 2556 τῷ
3158 2484 3359 2558 ἀριθμῷ
3404 2504 3713 2557 πεπερατω-

2105 2580 2231 2646 μένα
2255 2579 2373 2635 τέως
2414 2576 2534 2628 εἰσί.
2573 2574 2737 2632 Πολλὴ
2772 2570 2857 2626 οὖν
2890 2582 2980 2625 τοῦ
3008 2576 3346 2646 κηρύγματος
3382 2575 3411 2631 ἡ
3458 2571 3711 2645 δύναμις,

2104 2668 2190 2715 καὶ
2234 2668 2291 2715 τὸ
2349 2664 2581 2734 ζυμωθεν
2633 2662 2791 2727 ἅπαξ,
2836 2664 2975 2733 ζύμη
3020 2663 3172 2714 πάλιν
3221 2670 3291 2732 τῷ
3346 2662 3508 2731 λοιπῷ
3563 2667 3716 2736 μέρει

2102 2757 2312 2823 γίνεται.
2364 2755 2505 2812 Τινὲς
2559 2748 2617 2803 δὲ
2667 2750 2873 2823 ἄλευρον
2914 2754 3002 2822 μὲν
3052 2750 3281 2821 λέγουσι,
3334 2754 3449 2810 τοὺς
3501 2748 3716 2822 ἀνθρώ-

2106 2860 2234 2901 πους
2276 2858 2286 2869 ⁸
2341 2843 2474 2892 σάτα
2526 2837 2605 2903 δὲ,
2652 2841 2786 2903 ἦτοι,
2848 2844 3012 2912 μέτρα
3048 2844 3189 2911 τρία,
3222 2842 3336 2899 τοὺς
3387 2835 3710 2909 Ἰουδαίους,

2105 2934 2224 2991 τοὺς
2254 2934 2590 3004 Σαμαρείτας,
2619 2934 2707 2980 καὶ
2738 2931 2855 2989 τοὺς
2877 2927 3140 2988 Ἕλληνας.

2173 3114 2349 3159 Ταῦτα
2404 3138 2471 3146 —
2521 3111 2743 3177 κόσμου.
2803 3110 2979 3178 Χωρὶς
3041 3103 3343 3177 παραϐολῆς
3395 3103 3489 3156 οὐκ
3540 3104 3714 3157 ἐλάλει

2101 3194 2293 3262 αὐτοῖς,
2345 3197 2476 3245 κατὰ
2521 3197 2607 3245 τὸν
2664 3194 2840 3266 καιρὸν
2898 3191 3105 3256 ἐκεῖνον,
3140 3188 3368 3249 δηλαδή.
3405 3191 3574 3244 Πολλὰ
3605 3196 3712 3267 γὰρ

2100 3283 2342 3344 πολλάκις
2392 3281 2630 3339 ἐλάλησεν
2668 3282 2863 3345 αύτοῖς,
2915 3280 3053 3351 δίχα
3083 3278 3380 3354 παραϐολῆς
3418 3297 3430 3309 ·
3490 3285 3609 3333 τότε
3653 3279 3715 3334 δε

2102 3368 2194 3423 διὰ
2250 3370 2552 3443 παραϐολῶν
2619 3369 2778 3421 ἐλάλει
2849 3369 3042 3433 αὐτοῖς,
3141 3371 3223 3419 ἱνα
3298 3369 3543 3440 πληρωθῇ
3617 3375 3714 3422 καὶ

2096 3463 2151 3512 τό
2181 3461 2333 3534 ῥηθὲν
2387 3456 2476 3511 διὰ
2511 3467 2600 3511 τοῦ
2651 3454 2836 3511 Δαυίδο
2900 3456 3034 3508 Ἀλλ’
3090 3459 3118 3515 η
3172 3459 3261 3528 μὲν
3320 3456 3563 3530 ἑρμηνεία
3605 3467 3711 3509 τῶν

2096 3546 2503 3621 Ἑϐδομηκοντα,
2588 3547 2872 3619 φθέγξομαι
2953 3544 3298 3619 προϐλήματα
3371 3543 3458 3595 ἀπ’
3522 3543 3711 3615 ἀρχῆς

2096 3637 2314 3712 ἔγραψεν
2349 3654 2364 3669 ⁸
2394 3637 2451 3689 Ὀ
2484 3633 2541 3688 δὲ
2584 3639 2641 3688 τό
2690 3639 2853 3710 παρὸν
2887 3633 3192 3705 Εύαγγελιον
3233 3633 3302 3694 εἰς
3345 3638 3436 3690 τὴν
3474 3630 3712 3685 Ἑλλάδα

2816 3723 3124 3797 Ἐρεύξομαι
3211 3724 3537 3793 κεκρυμμῄνα
3599 3721 3710 3773 ἀπὸ

3001 3818 3116 3872 ταῖς
3184 3809 3473 3882 Ἑϐραϊκαῖς
3526 3808 3711 3872 λέξεσι

2094 3726 2336 3797 γλῶσσαν
2414 3724 2731 3797 μεταϐαλὼν,

2094 3814 2384 3875 καταϐολῆς
2435 3819 2654 3886 κόσμου,
2734 3817 2924 3887 εἴρηκε,

2093 3908 2365 3975 προσχὼν,
2418 3904 2606 3962 αἳτινες
2632 3906 2720 3953 καὶ
2778 3909 2939 3953 ταῦτα
2966 3898 3179 3951 κάκεῖνα
3223 3895 3466 3955 δηλοῦσι.
3502 3904 3610 3950 Καὶ
3649 3903 3710 3950 τὸ

2094 3995 2383 4063 Ερεύγομαι
2433 3993 2552 4064 γὰρ,
2614 3994 2670 4042 τό
2728 3991 3025 4060 Φθεγγομαι
3082 3992 3348 4058 σημαίνει.
3416 3990 3513 4038 Καὶ
3566 4006 3711 4059 προ-

2094 4079 2333 4151 ϐλήματα
2367 4079 2567 4145 ἐκεῖνοι,
2617 4081 2682 4129 τὰ
2729 4078 3012 4149 αἰνίγματα
3066 4072 3227 4141 εἶπον,
3261 4078 3327 4136 ὡς
3381 4079 3469 4125 καὶ
3518 4076 3542 4125 ό
3582 4075 3710 4145 (36)

2109 4172 2310 4230 Ακύλας
2365 4167 2738 4240 ἐμαρτύρησεν.
2824 4166 3117 4236 Αἰνίγματα
3176 4161 3234 4216 δέ
3309 4163 3437 4215 εἰσιν
3498 4168 3593 4214 καὶ
3654 4165 3713 4215 αἱ

2093 4259 2421 4329 εὐαγγελικαὶ
2474 4255 2783 4329 παραϐολαί.
2841 4256 3078 4325 Καθάπερ
3137 4256 3237 4325 γὰρ
3292 4254 3355 4303 τα
3410 4251 3715 4322 αἰνίγματα

2792 4347 2883 4400 τήν
2957 4340 3219 4407 ἀλήθειαν,
3277 4339 3410 4390 οὕτω
3475 4334 3539 4395 δὴ
3614 4343 3714 4389 καὶ

2830 4430 3113 4490 καταϐολῆς
3189 4425 3247 4480 δὲ
3317 4432 3541 4497 κόσμου,
3625 4430 3713 4495 τό,

2092 4350 2444 4419 κεκρυμμένην
2523 4348 2711 4415 ἔχουσι

2093 4435 2266 4488 αὗται.
2328 4439 2426 4486 Καὶ
2474 4438 2531 4484 τὸ
2609 4432 2731 4485 Ἀπὸ

2092 4522 2176 4575 ἀπ’
2208 4522 2383 4594 ἀρχῆς
2440 4527 2660 4593 κόσμου,
2717 4517 2890 4577 δηλοῖ.
2943 4519 3000 4570 Ὁ
3045 4514 3103 4569 δὲ
3145 4519 3357 4590 Μάρκος
3405 4511 3563 4579 εἶπεν,
3628 4516 3716 4565 ὅτι

2093 4618 2192 4663 Καὶ
2254 4615 2521 4672 τοιαύταις
2598 4608 2916 4683 παραϐολαῖς
2973 4606 3187 4666 πολλαὶς
3269 4602 3434 4655 ἐλάλει
3517 4602 3714 4664 αὐτοῖς

2089 4705 2174 4751 τόν
2257 4700 2423 4771 λόγον,
2498 4700 2670 4759 καθὼς
2766 4694 3019 4755 ἠδύναντο
3121 4694 3345 4757 ἀκούειν,
3430 4694 3710 4758 τουτέστι,

2089 4791 2260 4851 καθὼς
2317 4786 2449 4847 ἦσαν
2506 4787 2642 4850 ἆξιοι
2690 4785 2890 4838 ἀκούειν
2940 4784 2988 4837 οἰ
3029 4788 3351 4857 Γραμματείς
3404 4784 3496 4832 καὶ
3547 4786 3714 4841 Φαςι-

2093 4886 2252 4931 σαῖσι.
2317 4878 2464 4932 Ἐπεὶ
2505 4880 2604 4950 γὰρ
2669 4875 2727 4928 ού
2785 4871 2879 4928 διὰ
2928 4877 2985 4926 τό
3031 4871 3359 4944 ὠφεληθῆναι
3415 4870 3715 4942 ἠκροῶντο,

3121 4692 3321 4745 ἀκούειν
3332 4734 3345 4757 ,

1546 5178 1773 5247 Variae
1805 5180 2226 5269 lectioneset
2258 5189 2459 5247 nota.

399 5363 513 5436 (36)
557 5365 667 5431 Qui
720 5366 947 5425 scilicet
1006 5373 1058 5427 et
1089 5371 1218 5442 ipse
1261 5372 1393 5429 loco
1459 5374 1636 5433 habet
1702 5381 2005 5451 αὶνίγματα.

410 5542 487 5617 (α)
514 5544 1027 5616 Conspersionem.
1053 5547 1569 5611 Commistionem.
