3906 6202
162 260 236 317 413
1053 256 1421 313 COMMENT.
1463 255 1533 310 IN
1572 253 2020 312 MATTH/EUM.
2054 286 2120 296 —-
2146 255 2300 311 CAP.
2332 255 2479 312 XIII.

3303 256 3405 312 414

151 385 246 437 ἀλλά
267 381 335 436 διὰ
354 383 399 434 τὸ
433 379 717 452 ἐπηρεάσαι
753 387 856 442 τοῖς
897 379 1056 433 αὐτοῦ
1086 381 1275 453 λόγοις,
1324 380 1373 433 ἐν
1418 378 1627 455 παραϐο

1809 383 1842 436 ει
1865 383 2162 452 quatenus
2193 381 2358 450 digni
2396 385 2564 438 erant
2601 382 2678 438 ad
2725 380 3096 438 audiendum
3138 379 3320 436 Sribee
3351 383 3407 436 et

148 472 234 532 λαῖς
253 471 383 530 αὐτοῖς
417 469 670 535 ἐλάλησεν,
707 470 790 521 ἵνα
817 474 905 522 καὶ
952 470 1106 530 αὐτὸς
1158 474 1215 521 τὸ
1261 470 1444 522 οἰκεῖον
1496 472 1642 544 ἔργον

143 563 200 616 εἵη
223 560 394 631 πληρῶν,
421 562 503 610 καὶ
547 558 695 610 αὐτοὶ
743 563 816 628 μὴ
853 566 1102 629 νοοῦντες,
1147 559 1180 610 ἆ
1208 557 1362 630 λέγει,
1400 563 1641 629 μείνωσιν

138 651 349 722 αἱιῖοακτοι,

175 917 270 964 Τότε
317 941 375 952 -
426 911 654 973 Ἰησοῦς.
719 911 806 973 Εἰς
862 916 954 972 τὴν
1017 911 1204 983 οἰκίαν,
1267 913 1317 966 ἐν
1482 913 1635 977 ἐξενο-

125 997 302 1070 δοχείτο.

173 1092 248 1140 Καὶ
271 1087 540 1159 προσῆλθον
584 1120 649 1129 -
681 1088 864 1161 ἀγροῦ.
900 1089 1046 1144 Κατὰ
1076 1094 1230 1163 μόνας
1270 1093 1399 1162 μετὰ
1432 1090 1634 1165 παῤῥη-

122 1181 207 1236 σίας
240 1174 478 1248 ἐρωτῶσιν,
538 1178 608 1238 ὡς
655 1176 968 1241 ἀκούσαντες
1014 1183 1281 1254 πρότερον,
1331 1181 1408 1232 ὅτι
1463 1181 1635 1240 αὐτοῖς

117 1260 276 1316 δέδοται
315 1274 488 1334 γνῶναι
542 1269 608 1318 τὰ
637 1271 928 1342 μυστήρια.
965 1273 1088 1340 Περὶ
1134 1273 1295 1340 μόνης
1334 1265 1392 1321 δε
1436 1271 1632 1331 ταύτης

111 1360 176 1412 τῆς
196 1351 445 1424 παραϐολῆς
495 1355 780 1430 ἐρωτῶσιν,
833 1357 898 1417 ὡς
927 1359 1016 1416 τὰς
1045 1355 1201 1418 ἄλλας
1237 1353 1334 1409 δύο
1381 1361 1630 1424 συνέντες,

113 1446 326 1496 τὺιτιτοῦ
353 1443 620 1507 σινάπεως,
661 1448 752 1496 καὶ
779 1448 872 1502 τὴν
909 1454 1005 1506 τῆς
1041 1447 1229 1516 ζύμης,
1263 1445 1351 1498 ἅτε
1384 1450 1632 1517 σαφεστέ·

109 1547 177 1599 ρας
208 1533 360 1588 οὔσας.
405 1530 550 1588 Αὖτη
601 1527 660 1583 δε
706 1536 797 1586 καὶ
847 1532 1062 1606 φοϐερὰν
1110 1529 1250 1604 εἶχεν
1288 1532 1498 1592 ἀπειλὴν
1551 1535 1634 1586 ἐπὶ

113 1615 220 1680 tim,
247 1616 544 1690 θορυϐοῡσαν
571 1619 776 1680 αὐτούς.

1753 469 2048 525 Pharisaei.
2081 475 2229 527 Nam
2262 471 2403 544 quia
2441 487 2562 527 non
2602 471 2675 526 ad
2710 471 3068 527 sumendam
3100 470 3398 526 utilitatem

1751 557 2096 630 audiebant,
2153 561 2256 616 sed
2302 560 2380 616 ad
2443 560 2789 615 struendam
2855 559 3226 614 sermonibus
3269 557 3396 628 ejus

1751 646 2112 703 calumniam
2161 666 2174 702 :
2224 647 2286 703 in
2339 648 2641 720 parabolis
2692 648 2924 703 locutus
2968 651 3056 702 est
3091 648 3173 701 eis
3202 655 3299 699 :ut
3340 649 3396 702 et

1747 735 1874 805 ipse
1929 752 2102 791 suum
2160 752 2313 807 opus
2387 736 2756 807 adimpleret,
2813 741 2866 790 et
2920 735 3000 790 illi
3053 750 3174 789 non
3227 733 3391 788 intel-

1746 825 1993 895 ligentes
2031 843 2166 897 quae
2213 826 2452 892 diceret,
2509 842 2612 897 per
2668 826 2769 881 illa
2822 825 2966 880 nihil
3017 826 3388 896 proﬁcerent.

1817 914 1986 970 Vers.
2024 917 2112 970 36.
2170 916 2335 970 Tunc
2383 946 2452 957 ——
2499 916 2684 970 Jesus.
2732 916 2798 970 In
2833 914 3080 970 domum
3130 913 3233 968 ubi
3261 913 3395 968 hos-

1745 1003 2062 1075 pitabatur.

1747 1162 1758 1174 ο
1816 1090 1980 1147 Vers.
2004 1095 2097 1146 36.
2129 1092 2209 1146 Et
2239 1097 2620 1148 accesserunt.
2648 1120 2704 1131 -
2746 1092 2898 1159 agri.
2929 1088 3184 1146 Seorsim
3217 1088 3397 1143 libere

1742 1177 2216 1247 lnterrogabant,
2272 1181 2337 1232 ut
2365 1178 2460 1248 qui
2488 1177 2652 1248 prius
2689 1177 2998 1232 audierant
3049 1177 3255 1231 datum
3286 1175 3398 1230 illis

1743 1281 1874 1320 esse
1891 1270 2206 1321 utnossent
2237 1266 2533 1336 mysteria.
2563 1267 2643 1321 De
2662 1265 2788 1320 sola
2805 1280 2944 1319 vero
2962 1263 3076 1318 hac
3108 1260 3397 1333 parobola

1742 1354 2131 1423 interrogant,
2149 1358 2351 1425 utpote
2370 1353 2629 1425 reliquas
2645 1354 2868 1409 duasin
2880 1352 3228 1422 telligentes,
3249 1353 3396 1420 puta

1742 1441 1816 1497 de
1849 1442 2044 1512 sinapi
2075 1445 2131 1497 et
2159 1441 2232 1497 de
2255 1440 2566 1507 fermento,
2599 1446 2886 1512 tanquam
2932 1437 3390 1494 manifestiores.

1744 1532 1874 1586 Hinc
1950 1534 2149 1585 autem
2201 1528 2689 1586 formidabiliores
2739 1527 2897 1584 circa
2960 1527 3144 1582 ﬁnem
3193 1525 3388 1581 minas

1739 1619 2020 1683 habebat,
2054 1633 2188 1690 quae
2219 1617 2380 1689 ipsos
2411 1617 2798 1673 exterrebant.

160 1704 200 1754 Ὀ
247 1701 296 1756 δὲ
342 1704 640 1779 ἀποκριθεὶς
689 1739 757 1748 --
815 1707 1100 1783 ἁνθρώπον.
1155 1711 1273 1762 Υἱόν
1339 1709 1627 1783 ἀνθρώπου,

1813 1707 1972 1762 Vers.
2000 1711 2087 1762 37.
2134 1706 2491 1774 Respondens
2523 1711 2718 1761 autem
2765 1736 2834 1744 —
2873 1703 3140 1759 hominis.
3179 1701 3385 1758 Filium

114 1792 243 1843 ἑαυτὸν
297 1793 553 1866 ὀνομάζει,
598 1793 693 1848 διὰ
754 1801 847 1855 τὴν
891 1802 1195 1869 φαινομένην
1247 1796 1633 1872 ἐνανθρώπησιν

110 1879 239 1935 αὐτοῦ,
281 1887 368 1935 Καὶ
411 1892 566 1936 τοῦτο
614 1894 846 1957 συνεχῶς
890 1886 1041 1957 λέγει,
1094 1884 1339 1958 βεϐαιῶν,
1381 1889 1460 1939 ὅτι
1499 1891 1634 1940 κατὰ

107 1969 290 2026 adﬂuat:
318 1971 697 2048 ἐνηνθρὼπησε,
731 1978 820 2026 καὶ
861 1977 993 2027 ἔστω
1039 1994 1123 2027 σοι
1148 1981 1299 2027 τοῦτο
1326 1984 1416 2028 τοῦ
1450 1974 1631 2029 λοιποῦ

103 2075 318 2131 Τιωριμον.

150 2146 193 2197 '0
235 2144 284 2200 δὲ
329 2148 484 2222 ἀγρὸς
549 2181 618 2190 -
677 2155 893 2224 κόσμος.
951 2151 1211 2227 Ἀνωτρρω
1270 2156 1380 2227 περὶ
1443 2155 1628 2205 τούτου

100 2240 356 2309 quatietur.

142 2328 196 2374 Τὸ
221 2321 270 2376 δὲ
296 2325 438 2378 καλὸν
473 2359 551 2367 --
575 2327 728 2382 εἰσίν.
758 2332 903 2390 Τίνες
932 2328 1048 2400 (37)
1081 2330 1223 2383 οὗτοι
1250 2348 1262 2398 ;

145 2414 196 2462 Οἱ
237 2416 327 2465 uici
375 2423 468 2477 τῆς
536 2415 832 2486 βασιλείας.
892 2420 1004 2470 Υἱοὶ
1055 2422 1144 2490 μὲν
1207 2427 1298 2480 τῆς
1357 2417 1626 2491 βασιλείας

91 2497 271 2566 mortar
305 2505 349 2554 οἱ
388 2500 692 2575 ὀρθὸόοξοι,
724 2508 792 2566 ὡς
840 2507 939 2557 ὑπὸ
982 2514 1074 2558 τοῦ
1107 2505 1365 2578 βασιλέως
1395 2516 1628 2579 Χριστοῦ

96 2593 316 2656 σπαρέντες
356 2591 422 2653 εἰς
486 2598 754 2665 γεωργίαν
816 2592 1020 2668 ἀρετῆς,
1077 2600 1167 2648 καὶ
1213 2596 1324 2668 (38)
1378 2596 1628 2671 κληρονο-

93 2681 175 2738 asia
235 2687 316 2740 τῆς
392 2679 668 2751 βασιλείας
760 2681 916 2734 αὐτοῦ
1001 2683 1282 2755 μέλλοντες·
1366 2688 1471 2738 υἱοὶ
1546 2684 1622 2751 δὲ,

92 2771 162 2811 τοῦ
203 2776 416 2840 πονηροῦ,
492 2771 550 2821 οἱ
602 2770 869 2843 αἰρετικοὶ,
933 2775 999 2834 ὡς
1072 2774 1171 2824 ὑπὸ
1227 2781 1319 2826 τοῦ
1379 2771 1627 2827 διαϐόλου

90 2860 311 2924 σπαρέντες
392 2857 463 2918 εἱς
525 2862 789 2931 γεωργίαν
857 2865 1062 2926 κακίας,
1143 2867 1231 2914 καὶ
1297 2862 1672 2936 κληρονομεῖν·

84 2947 152 2988 τοῦ
203 2943 574 3016 ἡτοιμασμένον
643 2945 783 3016 αὐτῷ
857 2952 1021 3019 πυρὸς
1094 2949 1352 3020 μέλλοντες
1413 2953 1622 3023 ὁμοίως.

1742 1797 2001 1852 hominis
2032 1795 2294 1866 seipsum
2323 1795 2616 1864 nominat,
2664 1798 2902 1865 propter
2952 1792 3386 1847 humanitatem

1742 1902 1902 1942 suam
1955 1901 2084 1957 quae
2131 1882 2462 1955 apparebat
2514 1899 2527 1937 :
2575 1887 2630 1939 et
2670 1883 2784 1938 hoc
2832 1881 3166 1952 frequenter
3221 1878 3387 1946 dicit,

1740 1973 2106 2030 conﬁrmans
2135 1973 2295 2044 quod
2318 1987 2451 2027 vere
2507 1971 2938 2027 humanitatem
2991 1967 3385 2040 assumpserit.

1742 2065 1856 2119 Erit
1885 2079 2025 2134 ergo
2051 2061 2150 2118 tibi
2171 2062 2286 2118 hoc
2317 2060 2600 2132 deinceps
2626 2059 3034 2115 manifestum.

1811 2155 1968 2208 Vers.
2001 2149 2094 2208 38.
2143 2151 2306 2219 Ager
2333 2149 2847 2206 vero—mundus.
2867 2147 3150 2219 Superius
3181 2145 3256 2200 de
3273 2144 3389 2200 hoc

1739 2240 2090 2313 praedictum
2113 2241 2218 2294 est.

1807 2328 1967 2384 Vers.
2019 2332 2105 2383 38.
2152 2328 2386 2383 Bonum
2419 2339 2555 2381 vero
2591 2355 2658 2364 —-
2687 2330 2832 2379 sunt.
2872 2324 2958 2394 +-t-
2989 2322 3243 2388 Quinam
3275 2321 3332 2376 hi
3360 2321 3388 2376 ?

1809 2418 1965 2472 Vers.
1994 2418 2079 2470 38.
2122 2414 2268 2469 Filii
2319 2413 2508 2484 regni.
2571 2411 2695 2467 Filii
2740 2411 2903 2480 regni
2947 2410 3241 2473 dicuntur,
3283 2408 3389 2480 qui

1735 2507 1956 2561 rectam
1985 2507 2222 2560 servant
2251 2502 2429 2557 ﬁdem
2463 2518 2477 2556 :
2503 2505 2704 2572 utpote
2731 2515 2766 2554 a
2791 2515 2926 2569 rege
2957 2498 3184 2553 Christo
3217 2495 3389 2552 semi-

1736 2593 1858 2649 nati
1909 2593 1986 2648 ad
2033 2591 2328 2647 colendam
2380 2590 2680 2652 virtutem,
2727 2592 2782 2643 et
2837 2587 2915 2643 ad
2950 2585 3384 2658 possidendum

1737 2682 1863 2752 ejus
1890 2696 2157 2751 regnum.
2187 2679 2307 2734 Filii
2340 2694 2478 2733 vero
2531 2677 2672 2732 mali
2702 2676 2878 2741 illius,
2926 2678 3062 2729 sunt
3099 2672 3382 2728 haeretici:

1736 2769 2315 2843 tanquamadiabolo
2331 2766 2592 2823 seminati
2607 2765 2678 2821 ad
2691 2764 2996 2820 colendam
3013 2762 3378 2834 pravitatem,

1736 2864 1792 2915 et
1821 2859 2084 2914 similiter
2115 2857 2192 2914 ad
2214 2855 2644 2929 possidendum
2692 2855 2889 2923 ignem
2936 2851 3045 2924 ipsi
3083 2864 3382 2923 prtepara-

1738 2954 1886 3004 tum.

137 3031 196 3079 re
244 3027 297 3083 δὲ
349 3034 565 3096 ζιζάνια
626 3065 695 3073 -
755 3044 1005 3108 πονηροῦ.
1063 3041 1280 3110 Εἴρηται
1345 3037 1451 3097 ἤδη
1510 3047 1627 3112 περὶ

1809 3039 1962 3093 Vers.
1980 3038 2047 3093 38
2071 3034 2311 3092 Zizania
2339 3048 2472 3091 vero
2486 3031 2724 3088 —mali.
2749 3034 2918 3089 Modo
2931 3030 3006 3086 de
3036 3029 3147 3085 illis
3159 3028 3383 3084 dictum

83 3120 252 3174 τούτων,

77 3290 85 3298 ἢ
129 3210 176 3298 ,Ο
223 3203 274 3259 δέ
320 3207 506 3281 ἐχθρὸς
536 3241 608 3250 —
666 3210 817 3267 εἰσίν.
874 3217 973 3265 Καὶ
1012 3218 1128 3289 περὶ
1175 3217 1367 3267 τούτων
1418 3211 1626 3288 προδιε-

77 3289 267 3362 ιςὶξομεν.
311 3302 422 3370 Χρὴ
486 3294 550 3350 δέ
606 3317 666 3350 σε
711 3303 1062 3372 μνημονεύειν,
1125 3304 1204 3355 ὅτι
1257 3301 1304 3355 ἐν
1334 3311 1406 3374 τῷ
1456 3304 1623 3356 ὀκτω-

75 3376 315 3453 καιδεκάτῳ
383 3386 674 3458 κεφαλαίῳ,
740 3389 980 3460 Θερισμὸν
1057 3394 1147 3462 μὲν
1214 3391 1439 3461 ἐκάλεσε,
1503 3397 1625 3456 τοὺς

70 3478 298 3522 πιστεῦσαι
351 3475 656 3544 μέλλοντας,
713 3479 777 3536 ὡς
830 3477 1064 3550 ἑτοίμους
1127 3480 1194 3539 είς
1259 3485 1315 3532 τὸ
1363 3501 1623 3554 συγκομι-

73 3557 239 3648 ῖθιίνειι·
295 3563 535 3633 θεριστὰς
621 3560 701 3628 δὲ,
776 3569 892 3628 τοὺς
961 3570 1375 3640 συγκομίζοντας
1436 3571 1624 3634 αὐτοὺς

70 3647 358 3711 ἀποστόλους.
415 3652 498 3704 Ἐν
561 3649 622 3705 δὲ
673 3661 746 3723 τῷ
792 3659 1028 3728 παρόντι,
1082 3659 1322 3730 Θερισμόν
1369 3662 1478 3730 μὲν,
1532 3665 1625 3718 την

71 3734 310 3786 marimari:
368 3749 461 3791 τοῦ
513 3746 746 3812 κόσμου,
803 3739 895 3794 διὰ
943 3749 1034 3802 τὴν
1083 3744 1183 3797 ἀπὸ
1231 3755 1322 3806 τῆς
1370 3747 1621 3821 ἓπικήρου

69 3817 180 3882 ζωῆς
239 3823 453 3897 ἐκτομὴν
518 3839 624 3880 τῶν
688 3829 984 3904 ἀνθρώπων·
1055 3835 1294 3908 θεριστὰς
1357 3832 1434 3900 δὲ,
1503 3840 1622 3897 τοὺς

67 3913 342 4008 attinuerat;
411 3917 612 3979 αὐτοὺς
683 3917 770 3969 ἀπ’
837 3920 1000 3982 αὐτῆς
1064 3920 1328 3992 ἀγγελους-
1402 3923 1624 3993 Ὁμοίως

71 4013 120 4045 σε
157 4003 224 4049 καὶ
275 4008 496 4078 σπέρμα,
559 4005 734 4058 ὀπίσω
781 4009 892 4078 μὲν,
936 4012 1020 4060 τὸν
1065 4009 1214 4081 λόγον
1263 4021 1352 4073 τῆς
1399 4018 1625 4075 πίστεως

68 4091 301 4155 τ’δδμαπν
352 4092 399 4144 έν
471 4091 534 4146 δὲ
598 4102 663 4166 τῇ
712 4100 1019 4170 προκειμένη
1082 4099 1373 4173 παραϐολῇ,
1443 4102 1625 4164 αὐτοὺς

64 4188 156 4232 τως
197 4183 570 4243 πιστεύσαντας
618 4184 736 4235 κατ’
783 4184 940 4244 ἄλλην
985 4191 1072 4239 καὶ
1112 4187 1270 4245 ἄλλην
1321 4193 1529 4245 ἔννοιαν.
1564 4191 1624 4244 Ὁ

61 4278 139 4332 γαρ
172 4272 441 4332 πιστεύσας
487 4271 702 4342 λέγεται
728 4275 818 4343 μὲν
861 4279 950 4326 καὶ
981 4282 1143 4342 σῖτος,
1177 4279 1240 4337 ὡς
1286 4282 1484 4349 καρπὸς
1531 4287 1622 4331 τοῦ

63 4364 230 4416 τῖεν-ου
280 4362 605 4431 σπέρματος,
675 4364 811 4425 ἦτοι,
883 4370 973 4415 τοῦ
1017 4363 1171 4435 λόγου
1233 4374 1326 4428 τῆς
1374 4371 1617 4430 πίστεως.

65 4443 239 4532 ζΧεγωτο
282 4441 331 4496 δ’
370 4450 432 4498 οἶν
503 4454 602 4501 καὶ
668 4455 893 4522 σπέρμα,
955 4454 1020 4512 ὡς
1075 4464 1412 4528 καρποφορών
1470 4457 1621 4508 πάλιν

63 4541 197 4618 τῖερσν
250 4534 314 4592 εἰς
389 4542 605 4591 πίστιν.
668 4538 787 4609 Οὐχ
845 4541 1139 4614 ἡρμήνευσε
1197 4539 1276 4610 δὲ,
1347 4550 1474 4605 τίνες
1531 4549 1620 4616 μέν

65 4630 170 4664 ama
220 4623 262 4671 οἱ
319 4623 676 4688 καθεύδοντες
723 4628 1004 4701 ἄνθρωποι,
1056 4635 1184 4691 τίνες
1233 4628 1292 4684 δὲ
1335 4635 1382 4684 οἱ
1445 4630 1622 4686 δοῦλοι

62 4710 129 4751 τεῦ
161 4710 542 4782 οικοδεσποτου,
600 4713 726 4766 ἀλλὰ
763 4725 989 4790 παρῆκεν
1028 4719 1234 4785 αὐτοὺς,
1281 4725 1311 4779 ἤ
1359 4723 1424 4783 ὡς
1469 4720 1621 4773 ἐλνω-

66 4804 256 4863 “SHW-’4,
301 4804 328 4857 ἦ
364 4808 456 4854 καὶ
506 4799 808 4874 διδάσκων,
841 4807 921 4858 ὃτι
946 4807 1004 4859 οὐ
1046 4813 1154 4883 χρὴ
1190 4811 1280 4870 τὰς
1332 4809 1624 4882 παραϐολὰς

65 4885 289 4980 ιατά
340 4891 502 4963 ῥῆσιν
558 4892 874 4965 ἑρμηνεύειν,
931 4897 1000 4957 ὥς
1048 4917 1206 4969 φησιν
1253 4900 1278 4950 ὁ
1326 4902 1625 4972 Χρυσὸστο-

63 4981 156 5034 μσς,
184 4973 291 5029 εἰ)λά
319 4983 457 5033 κατὰ
512 4984 654 5054 μόνα
690 4984 756 5036 τὰ
800 4981 1177 5060 ἀναγκαιότερα
1206 4988 1315 5059 (40)
1351 4992 1503 5062 μέρη,
1551 4984 1624 5039 δι’

1733 3130 1844 3182 est.

1802 3213 1967 3268 Vers.
2001 3211 2085 3268 39.
2117 3210 2396 3266 Inimicus
2425 3215 2620 3265 autem
2653 3238 2718 3248 —
2743 3213 2900 3263 sunt.
2959 3207 3147 3262 Etiam
3191 3206 3266 3260 de
3293 3205 3385 3260 his

1734 3299 2135 3372 praediximus.
2169 3301 2242 3354 Te
2291 3301 2487 3354 autem
2538 3294 2875 3350 meminisse
2938 3298 3189 3365 oportet,
3225 3290 3384 3362 quod

1732 3389 1965 3445 decimo
2009 3391 2220 3443 octavo
2276 3385 2463 3457 capite
2519 3399 2778 3440 messem
2822 3382 3114 3438 vocaverit
3151 3395 3251 3435 eos
3281 3378 3385 3450 qui

1732 3479 2007 3534 credituri
2058 3480 2246 3544 erant,
2301 3475 2474 3530 veluti
2511 3477 2754 3546 paratos
2807 3479 2870 3528 nt
2911 3470 3325 3541 colligerentur
3369 3483 3382 3534 ;

1735 3583 2024 3622 messores
2061 3571 2257 3620 autem
2285 3563 2388 3635 qui
2429 3562 2560 3618 illos
2609 3560 2991 3629 colligebant,
3032 3557 3332 3630 apostolos
3365 3573 3379 3623 ;

1734 3657 1793 3711 in
1824 3655 2097 3727 praesenti
2124 3669 2258 3710 vero
2278 3653 2410 3708 loco
2434 3667 2690 3707 messem
2714 3647 3077 3704 dicitseeculi
3106 3661 3386 3702 consum-

1735 3745 2056 3800 mationem
2115 3748 2355 3815 propter
2420 3739 2778 3797 excisionem
2821 3754 2856 3793 a
2903 3737 3025 3792 vita
3093 3735 3323 3791 mortali
3369 3751 3382 3790 :

1732 3849 2028 3890 messores
2052 3837 2255 3888 autem
2297 3830 2561 3899 angelos,
2593 3827 2696 3900 qui
2730 3827 2808 3883 ab
2842 3843 2913 3882 ea
2943 3829 3080 3882 sunt
3111 3825 3246 3882 illos
3291 3841 3385 3880 ex-

1733 3922 1934 3979 cisuri.
1989 3921 2263 3977 Similiter
2291 3925 2348 3976 et
2379 3933 2584 3974 semen
2603 3917 2876 3988 superius
2893 3930 3229 3972 sermonem
3247 3913 3384 3968 ﬁdei

1732 4009 2100 4082 nuncupavit
2129 4026 2141 4063 :
2172 4009 2232 4063 in
2263 4009 2377 4063 hac
2415 4022 2554 4062 vero
2592 4003 2885 4078 parabola
2936 4019 3037 4060 eos
3071 4004 3175 4075 qui
3202 4002 3385 4058 credi-

1733 4099 1947 4154 derunt
1975 4113 1986 4150 :
2011 4097 2182 4167 juxta
2203 4096 2377 4151 alium
2401 4093 2672 4151 videlicet
2703 4097 2758 4150 et
2791 4092 2976 4148 alium
3002 4091 3380 4147 intellectum.

1734 4188 1843 4254 Qui
1874 4185 2035 4242 enim
2076 4184 2326 4240 credidit
2379 4188 2435 4239 et
2483 4182 2740 4238 triticum
2801 4181 3029 4237 dicitur.
3091 4184 3380 4250 tanquam

1734 4275 1958 4331 fructus
1985 4273 2154 4346 primi
2183 4271 2450 4337 seminis,
2482 4270 2648 4326 verbi
2694 4269 2914 4324 scilicet
2951 4268 3090 4323 ﬁdei
3126 4284 3137 4320 :
3174 4266 3383 4338 poterit

1733 4364 2124 4420 nihilominus
2167 4361 2281 4415 dici
2337 4375 2558 4422 semen,
2628 4362 2829 4429 utpote
2885 4372 3084 4411 rursus
3133 4355 3382 4410 alterum

1733 4454 1810 4509 ad
1841 4453 2019 4508 tidem
2052 4449 2425 4506 fructiﬁcans.
2459 4450 2583 4503 Non
2621 4451 2708 4502 est
2734 4449 2932 4501 autem
2965 4444 3383 4514 interpretatus

1733 4542 1975 4615 quinam
2032 4539 2148 4595 sint
2198 4537 2560 4594 dormientes
2612 4534 2906 4596 homines,
2963 4539 3018 4587 et
3069 4532 3172 4603 qui
3227 4527 3381 4584 servi

1735 4628 2175 4704 patrisfamilias
2211 4628 2346 4694 ;sed
2377 4625 2507 4681 illos
2540 4622 2918 4696 prmtermisit
2942 4625 3043 4676 aut
3095 4625 3383 4689 tanquam

1734 4718 2104 4783 manifestos,
2135 4715 2434 4772 autetiam
2489 4713 2714 4768 docens
2745 4710 2905 4782 quod
2956 4724 3073 4764 non
3121 4710 3386 4778 oporteat

1734 4807 2057 4880 parabolas
2083 4805 2160 4860 ab
2186 4803 2433 4859 verbum
2481 4798 2865 4871 interpretari,
2898 4802 2962 4853 ut
2987 4796 3070 4853 ait
3102 4797 3385 4867 Chrysos-

1734 4903 1959 4962 tomus,
2012 4895 2115 4951 sed
2167 4896 2391 4949 tantum
2414 4892 2473 4947 in
2508 4889 2650 4946 locis
2699 4887 2958 4944 maxime
3015 4884 3382 4950 necessariis,

1736 4993 1978 5060 propter
2007 5001 2141 5059 quae
2188 4983 2368 5040 etiam
2412 4982 2816 5038 assumuntur.
2866 4975 3288 5047 Nam-reliqua
3313 4988 3384 5028 eo

1226 5165 1450 5235 Variae
1486 5166 1822 5236 lectiones
1864 5175 1929 5234 et
1971 5171 2170 5233 notae.

234 5374 694 5462 ﬂoc‘exciderat
718 5383 778 5462 i_n
810 5383 1012 5441 codice
1039 5387 1325 5462 Hentenii.

54 5445 203 5565 άίόβ)
234 5447 322 5504 Bis
359 5451 477 5509 hoc
526 5453 1049 5536 locoalnpovopei'w,
1101 5474 1208 5530 pro
1250 5458 1615 5535 κληρονομίαν,

91 5518 375 5581 unuscule.
409 5524 531 5581 Sed
562 5525 714 5581 nlhll
747 5528 1117 5581 tentandum.

325 5538 375 5582 ε.
409 5525 531 5583 Sed
562 5525 714 5583 nihil
747 5525 1117 5586 tentandum:

1804 5389 1922 5532 €39)
1945 5389 2108 5442 Tom.
2152 5385 2265 5448 VII,
2299 5399 2359 5455 p.
2400 5383 2608 5439 487.12.

1825 5459 1914 5532 40)
1941 5459 2350 5529 Ἀνάγκαιὸτατα
2378 5459 2438 5511 Α.

1825 5459 1914 5533 40)
1941 5459 2350 5529 Ἀνάγκαιὸτατα
2378 5459 2416 5508 Α
2428 5496 2438 5511 .
