3906 6202
435 267 538 324 415
1752 261 1977 318 EUTHY

2235 261 2470 318 iABENI
3675 256 3704 310 4
3717 258 3777 312 l6

435 395 666 446 tantum
698 390 815 445 fine
836 389 1055 461 pariter
1084 388 1399 455 adduntur,
1433 392 1498 443 ut
1539 391 1675 459 apte
1700 386 1977 456 efﬁngant

2306 393 2394 440 καὶ
2454 384 2960 459 παραλαμϐάνονται.
3036 385 3208 437 Τᾶλλα
3270 386 3394 455 γὰρ,
3465 379 3560 434 διὰ
3630 387 3778 454 μόνον

436 482 550 534 Nec
575 480 701 549 jam
744 487 909 535 vacat
949 477 1225 550 periculo,
1258 478 1439 533 etiam
1480 478 1607 532 haec
1665 477 1892 533 curiose
1924 494 1978 532 sc

2234 480 2248 529 5
2293 476 2589 534 πλασθῆναι
2628 478 2820 534 ταύτας
2868 477 3111 543 πιθανῶς,
3164 471 3776 547 συμπαραλαμϐάνονται,

435 569 570 623 tari.
2192 570 2281 617 καὶ
2350 566 2525 617 λοιπὸν
2605 564 2698 617 οὐκ
2761 560 3053 631 ἀκίνδυνον,
3120 566 3177 614 τό
3234 567 3321 614 καὶ
3382 569 3549 613 ταῦτα
3622 560 3782 612 πολυ-

2194 661 2529 727 πραγμονεῐν.

506 746 663 798 Vers.
694 746 783 799 40.
810 743 1054 799 Sicut—
1086 744 1282 813 huius.
1316 743 1402 814 -ι--ι-
1453 742 1670 799 Deinde
1720 742 1882 807 dicit,
1933 757 2048 815 quc

2080 771 2087 785 ι
2263 741 2463 815 Ὠσπερ
2495 773 2562 781 -
2594 743 2797 795 τούτου.
2829 737 2955 794 Εἶτα
2986 741 3096 812 (41)
3124 739 3279 812 λέγει,
3317 746 3427 799 πῶς
3451 740 3622 791 ἔσται.

434 833 617 889 modo
655 832 785 888 erit.

506 922 663 976 Vers.
696 923 783 975 41.
817 921 1009 976 Mittet
1039 950 1099 960 --
1134 920 1526 990 iniquitatem.
1590 922 1855 987 Regnum
1908 935 2048 975 sunt

2268 917 2567 969 Ἀποστελεί
2634 948 2702 958 -—
2764 916 2996 989 ἀνομίαν.
3070 917 3334 969 Βασιλείαν
3405 916 3564 968 αὐτοῦ
3636 933 3779 986 φησι,

434 1018 605 1064 vocat
632 1010 947 1073 mundum,
1010 1012 1072 1063 ut
1102 1008 1205 1079 qui
1245 1014 1460 1062 natura
1514 1008 1592 1062 illi
1630 1008 1880 1079 imperet
1918 1009 1976 1078 ju

2241 1011 2280 1057 ὢν
2326 1010 2538 1077 κόσμον,
2591 1009 2654 1065 ὡς
2702 1009 2852 1077 φύσει
2913 1004 3202 1077 βασιλεύων
3265 1006 3447 1071 αὐτοῦ,
3496 1006 3631 1055 κατά
3698 1007 3783 1060 τήν

432 1098 950 1152 divinitatemzaut
1001 1101 1292 1167 tanquam
1323 1095 1462 1151 data
1489 1096 1599 1151 sibi
1627 1097 1974 1166 omnipoteSi

2240 1100 2416 1152 ιότητα
2450 1098 2479 1152 ἧ
2527 1099 2616 1146 καὶ
2654 1097 2719 1154 ὡς
2764 1092 3005 1154 δοθείσης
3056 1095 3194 1163 αύτῷ
3244 1097 3422 1154 πάσης
3469 1093 3711 1155 ἐξουσίας
3742 1091 3782 1142 ἐν

431 1188 491 1241 in
519 1186 665 1241 caelo
697 1192 750 1241 et
780 1187 839 1240 in
867 1190 1044 1242 terra.
1083 1185 1454 1241 Oifendicula
1478 1200 1635 1254 vero,
1670 1184 1913 1239 eosdem
1945 1186 1973 1239 d

2240 1184 2393 1257 ἱρανῴ
2426 1188 2513 1235 καὶ
2552 1182 2634 1235 ἐπὶ
2672 1192 2791 1253 γῆς·
2845 1180 3115 1235 σκάνδαλα
3154 1179 3212 1235 δὲ
3254 1188 3341 1235 καὶ
3374 1190 3650 1241 ποιοῦντας
3696 1185 3782 1238 τήν

429 1278 651 1345 quoset
680 1278 989 1344 operantes
1018 1274 1409 1344 iniquitatem.
1434 1273 1723 1342 Colligent
1749 1277 1950 1328 autem

2238 1276 2430 1342 νομίαν,
2464 1275 2584 1332 τούς
2631 1272 2819 1332 αὐτοὺς
2846 1271 3104 1343 ὀνομάζει.
3149 1271 3452 1333 Συλλέξουσι
3493 1266 3552 1322 δὲ
3580 1269 3780 1335 αὐτοὺς,

430 1378 567 1417 cum
589 1362 665 1416 illi
696 1376 767 1416 ex
810 1362 1055 1417 mortuis
1093 1364 1425 1428 resurgent.
1455 1361 1611 1416 Scire
1642 1361 1801 1417 enim
1832 1376 1972 1432 opor

2243 1363 2520 1421 ναστάντας
2569 1359 2623 1411 ἐκ
2667 1369 2853 1434 νεκρῶν
2893 1356 3023 1418 ἤδη.
3070 1366 3183 1433 Χρὴ
3232 1363 3331 1434 γὰρ
3376 1366 3674 1431 γινώσκειν,
3715 1361 3785 1409 ὅτι

428 1449 587 1519 quod
614 1449 791 1503 simul
830 1465 967 1503 cum
993 1449 1083 1503 his
1117 1452 1422 1517 resurgant
1461 1452 1517 1503 et
1542 1448 1704 1517 justi.
1741 1451 1949 1504 Verum

2242 1469 2304 1500 1a
2352 1453 2440 1520 μὲν
2481 1451 2686 1510 τούτοις
2728 1448 3110 1506 ἀναστήσονται
3159 1454 3245 1501 καὶ
3309 1451 3357 1500 οὶ
3407 1446 3629 1500 δίκαιοι.
3686 1451 3784 1520 Πρὸ

428 1541 668 1608 tequam
698 1537 777 1591 illi
818 1537 1187 1607 colligantur,
1229 1536 1536 1607 rapientur
1563 1536 1623 1590 hi
1668 1538 1725 1591 in
1749 1537 1961 1591 nutibu

2243 1557 2254 1589 ε
2310 1534 2404 1599 τῆς
2459 1537 2709 1608 συλλογῆς
2762 1541 2954 1589 τούτων
3017 1537 3195 1590 ἐκεῖνοι
3243 1541 3331 1609 μὲν
3390 1537 3785 1608 ἁρπαγήσονται

428 1639 745 1679 occursum
800 1624 1031 1679 Domini
1064 1624 1121 1678 in
1171 1639 1302 1688 aere,
1347 1623 1495 1679 sicut
1538 1624 1681 1679 dixit
1729 1624 1947 1680 Paulus

2238 1648 2241 1667 ι
2306 1626 2529 1698 νεφέλαις
2597 1627 2667 1688 εἰς
2730 1625 3019 1684 ἀπάντησιν
3086 1634 3176 1678 τοῦ
3253 1630 3444 1700 Κυρίου
3510 1626 3577 1685 εἰς
3645 1628 3780 1698 ἀέρα,

426 1712 511 1767 illi
537 1728 675 1768 vero
705 1712 987 1767 deorsum
1013 1712 1198 1767 relicti
1224 1713 1402 1784 quasi
1452 1712 1700 1783 indigni,
1735 1713 1968 1783 colliget

2235 1717 2364 1775 αθὼς
2423 1714 2528 1767 εἶπε
2583 1715 2802 1776 Παῦλος·
2860 1716 3003 1767 οὗτοι
3056 1712 3134 1781 δε,
3185 1717 3324 1767 κάτω
3380 1713 3777 1785 ἀπολειφθέντες,

426 1807 752 1873 postquam
774 1801 899 1872 ipse
954 1801 1349 1858 descenderit.
1408 1799 1475 1855 Et
1524 1802 1785 1871 primum
1837 1802 1968 1872 quid

2242 1825 2262 1865 ς
2306 1802 2524 1867 ἀνάξιοι,
2580 1806 2710 1876 μετά
2759 1807 2817 1855 τό
2847 1806 3105 1856 κατελθεῖν
3154 1804 3307 1855 αὐτὸν
3358 1803 3780 1873 συλλεγήσονται.

427 1890 569 1945 boni
589 1906 655 1944 ac
663 1890 683 1960 j
696 1890 808 1944 usti
823 1888 1396 1960 comprobabuntur,
1413 1888 1630 1945 deinde
1650 1889 1789 1944 mali
1804 1889 1969 1946 condi

2245 1897 2294 1944 αἱ
2344 1902 2541 1964 πρῶτον
2590 1896 2680 1964 μὲν
2738 1892 2918 1944 ἐκεῖνοι
2978 1889 3443 1957 δικαιωθήσονται,
3494 1889 3608 1943 εἶτα
3651 1890 3787 1941 οὗτοι

427 1978 753 2033 nabuntur.
795 1981 930 2033 Post
958 1978 1069 2032 has
1114 1992 1253 2032 vero
1304 1976 1473 2031 datas
1502 1979 1823 2034 sententias
1886 1980 1969 2049 pri

2244 1978 2768 2039 ιταδικασθήσονται,
2829 1986 2927 2033 Καὶ
2982 1981 3158 2033 λοιπὸν
3217 1984 3347 2053 μετά
3400 1984 3491 2040 τὰς
3551 1983 3786 2037 τοιαύτας

430 2081 569 2121 sane
585 2070 924 2135 peccatores
946 2064 1276 2135 rejicientur
1297 2064 1355 2118 in
1372 2065 1729 2135 supplicium
1748 2070 1969 2121 aeterna

2245 2073 2494 2141 τοφάσεις,
2559 2079 2760 2143 πρῶτον
2809 2074 2898 2141 μὲν
2958 2072 3006 2121 οἱ
3078 2070 3371 2142 ἁμαρτωλοὶ
3421 2068 3787 2121 ἀπελεύσονται

431 2152 651 2208 deinde
674 2154 816 2224 justi
848 2154 908 2207 in
944 2154 1124 2209 vitam
1148 2158 1455 2218 aeternam,
1494 2154 1641 2208 sicut
1667 2154 1815 2209 dixit
1838 2171 1973 2210 sexa

2243 2179 2263 2219 ς
2313 2159 2525 2210 κόλασιν
2558 2160 2780 2211 αἰωνιον·
2845 2156 2956 2211 εἶτα
3004 2162 3050 2211 οἱ
3109 2156 3308 2211 δίκαιοι
3361 2159 3426 2219 εἰς
3482 2159 3624 2219 ζωὴν
3674 2158 3785 2210 αἰω-

436 2242 587 2296 simo
621 2242 813 2312 primo
837 2242 1046 2313 capite.

2190 2268 2316 2314 νιον,
2347 2251 2414 2309 ὡς
2440 2247 2487 2298 ἐν
2519 2256 2589 2317 τῷ
2623 2247 2886 2317 ἑξηκοστῷ
2918 2254 3103 2322 πρώτῳ
3134 2248 3386 2319 κεφαλαίῳ
3422 2253 3569 2312 φησί.

501 2331 661 2385 Vers.
697 2330 791 2385 4'2.
826 2329 904 2384 Et
935 2359 1002 2369 —
1040 2330 1215 2399 ignis.
1254 2329 1363 2385 Per
1410 2346 1471 2385 se
1496 2330 1744 2402 quidem
1810 2332 2043 2388 seminat

2264 2342 2463 2389 Καὶ-
2514 2342 2694 2408 πυρός.
2749 2336 2821 2388 Δι’
2870 2336 3054 2388 ἑαυτοῦ
3103 2339 3192 2407 μὲν
3241 2341 3457 2409 σπείρει.
3512 2333 3780 2398 δεικνύων,

426 2418 753 2473 ostendens
782 2418 946 2489 quod
974 2418 1085 2472 sibi
1111 2420 1417 2488 proprium
1452 2424 1541 2473 est
1585 2419 1877 2477 beneﬁcia
1930 2437 1968 2493 p

2237 2446 2266 2476 ἰ
2297 2426 2480 2477 οἰκεῖον
2511 2426 2669 2477 αὑτοῦ
2700 2427 2757 2476 τὸ
2789 2424 3081 2497 εὐεργετεῖν·
3130 2422 3204 2477 δι’
3234 2425 3410 2497 ἐτέρων
3459 2420 3518 2477 δε
3551 2424 3779 2489 κολάζει,

433 2511 585 2561 stare
606 2523 618 2559 :
640 2521 745 2577 per
760 2506 907 2560 alios
922 2520 1059 2560 vero
1074 2506 1325 2577 supplici
1336 2523 1426 2561 um
1446 2507 1639 2571 infert,
1656 2508 1975 2565 demonstra

1901 2515 2073 2565 ttrans
2188 2523 2484 2587 παριστών,
2514 2516 2593 2565 ὅτι
2624 2512 2885 2586 ἀλλότριον
2914 2513 3072 2565 αὐτοῦ
3102 2517 3161 2565 τό
3192 2513 3443 2573 κολάζειν.

435 2594 600 2665 quod
632 2594 702 2649 sit
729 2610 764 2649 a
784 2610 843 2648 se
870 2594 1129 2649 alienum
1162 2594 1396 2665 punire.

502 2685 660 2737 Vers.
691 2684 778 2737 42.
808 2684 900 2737 Ibi
951 2714 1018 2723 —
1047 2684 1331 2739 dentium.
1390 2683 1473 2739 lbi
1513 2684 1573 2739 in
1619 2686 1856 2740 camino
1922 2686 2044 2756 igni

2263 2690 2393 2741 Ἐκεῖ
2432 2720 2500 2729 -
2548 2686 2792 2758 ὀδόντων,
2853 2691 3005 2755 Ἐκεῖ,
3056 2689 3104 2741 ἐν
3160 2697 3219 2761 τῇ
3279 2692 3477 2760 καμίνῳ
3524 2695 3617 2740 τοῦ
3673 2688 3788 2739 αἰωο

434 2772 807 2842 sempiterni:
840 2772 929 2827 vel
970 2772 1030 2826 in
1078 2772 1187 2826 illis
1210 2772 1326 2843 tqui
1364 2773 1697 2842 punientur.
1738 2774 1843 2828 Per
1864 2774 1976 2830 ﬂeti

2246 2798 2298 2830 ου
2329 2782 2505 2850 πυρός·
2556 2780 2583 2836 ἦ
2632 2778 2679 2829 ἐν
2724 2779 2919 2838 αὐτοῖς.
2970 2781 3063 2830 Διά
3108 2775 3166 2831 δὲ
3219 2786 3308 2830 τοῦ
3366 2778 3638 2848 κλαυθμοῦ
3703 2782 3788 2827 καὶ

430 2866 631 2915 autem
662 2860 1095 2932 stridoremque
1148 2860 1436 2927 dentium,
1472 2861 1883 2918 vehementem
1908 2864 1972 2919 dc

2244 2875 2280 2918 νύ
2332 2866 2574 2941 βρυγμού
2626 2876 2724 2918 τῶν
2774 2864 3017 2934 ὀδόντων,
3071 2872 3164 2925 τὴν
3216 2869 3402 2939 ἄφατον
3446 2862 3643 2923 ὀδύνην
3696 2865 3786 2917 ἐνέ-

424 2964 549 3003 rem
576 2948 1025 3003 demonstravit.

786 2949 1025 3003 [straviL
2189 2975 2328 3027 φηνε.

496 3037 651 3091 Vers.
685 3036 771 3090 43.
812 3037 976 3091 Tunc
1020 3066 1082 3077 -—
1109 3037 1293 3104 patris
1340 3038 1449 3092 sui.
1500 3040 1713 3093 Verum
1747 3054 1886 3096 cum
1925 3044 2038 3096 tuni

2256 3049 2381 3097 Τότε
2409 3075 2471 3085 —
2506 3052 2597 3096 τοῦ
2627 3048 2825 3116 πατρὸς
2851 3045 3036 3098 αὐτῶν.
3069 3050 3169 3097 Καὶ
3196 3049 3318 3115 μὴν,
3358 3052 3447 3103 τῆς
3475 3042 3669 3114 αἴγλης
3702 3048 3787 3093 τοῦ

423 3122 687 3179 futurum
714 3124 787 3179 sit
815 3128 877 3179 ut
899 3124 997 3178 Dei
1028 3124 1310 3196 splendor
1338 3126 1468 3181 illos
1495 3127 1838 3191 circumdet,
1872 3130 1965 3184 utii

2246 3142 2319 3185 εού
2361 3138 2472 3185 τότε
2515 3133 2918 3207 προσϐαλούσης
2970 3133 3161 3197 αὐτοῖς,
3194 3138 3607 3204 μετατυπούνται
3658 3135 3788 3203 πρὸς

418 3212 533 3284 ipsi
572 3212 902 3268 conformes
925 3218 1097 3268 erunt
1126 3230 1193 3268 ac
1224 3213 1403 3269 divini
1427 3216 1743 3271 reddentur
1776 3233 1789 3282 ;
1821 3218 1889 3286 {et
1936 3234 1960 3273 ε

2240 3222 2366 3289 ἱτὴν,
2422 3227 2509 3273 καὶ
2573 3220 2814 3283 θεοειδεῖς
2867 3227 3115 3292 γίνονται,
3172 3227 3262 3272 καὶ
3323 3220 3601 3272 ἀκόλουθόν
3655 3219 3782 3279 ἐστι,

422 3315 680 3373 sequens
704 3304 809 3366 est,
845 3308 905 3355 ut
928 3300 1049 3356 sole
1078 3302 1511 3372 splendidiores
1538 3304 1889 3360 efﬁciantur.
1921 3310 1963 3371 Q

2244 3316 2528 3385 ;μπρότερον
2558 3310 2707 3368 ἡλίου
2738 3310 2955 3381 λάμπειν
2987 3310 3193 3371 αύτούς.
3232 3317 3346 3370 Πῶς
3378 3306 3463 3359 οὖν
3497 3327 3685 3379 φησιν,
3722 3311 3786 3366 ὡς

418 3390 601 3446 modo
614 3406 755 3458 ergo
768 3390 1181 3457 dicit,sz’cutsol
1196 3392 1222 3445 ‘I
1238 3392 1387 3456 Quia
1402 3397 1545 3446 noto
1559 3394 1864 3463 apudillos
1879 3411 1960 3450 εει

2242 3400 2417 3461 ἡλιοςζ
2452 3404 2591 3451 Διότι
2634 3405 2877 3471 γνωρίμῳ
2915 3404 3041 3473 πρὸς
3088 3399 3273 3458 αύτούς
3317 3394 3422 3449 ἔδει
3464 3399 3784 3467 χρήσασθαι

417 3477 517 3549 plo
550 3480 833 3534 utendum
857 3484 980 3534 erat
1012 3496 1024 3533 :
1059 3495 1167 3533 nec
1194 3480 1526 3551 quidquam
1549 3481 1659 3535 illis
1682 3490 1890 3537 notum
1928 3500 1955 3539 e

2247 3485 2589 3562 ιραὸείγματι.
2628 3488 2737 3539 Οὐκ
2770 3485 2829 3545 ἦν
2864 3484 2920 3539 δὲ
2969 3485 3117 3541 οὐδὲν
3157 3495 3255 3538 τῶν
3284 3490 3554 3559 ’γνωρίμων
3606 3486 3789 3543 αὐτοῖς

419 3567 585 3635 quod
622 3572 775 3621 esset
800 3567 922 3621 sole
955 3566 1343 3636 splendidius.

1193 3568 1343 3621 dius.
2184 3577 2331 3634 ἡλίου
2360 3576 2732 3649 λαμπρότερον.

485 3656 649 3711 Vers.
677 3655 769 3709 43.
839 3655 949 3720 Qui
975 3686 1041 3695 —
1102 3656 1330 3711 audiat.
1378 3657 1495 3711 Hoc
1528 3657 1856 3728 frequenter
1903 3659 2027 3716 dicti

2254 3666 2311 3717 Ὁ
2342 3696 2408 3705 —
2437 3664 2684 3718 ἀκουέτω.
2719 3671 2883 3716 Τοῦτο
2918 3662 3163 3724 πολλάκις
3203 3661 3441 3733 ἐπιλέγει,
3482 3662 3787 3733 παροξύνων

419 3741 602 3806 addit,
666 3743 931 3798 excitans
969 3742 1101 3797 illos
1154 3759 1276 3814 quo
1325 3744 1653 3800 reddantur
1688 3748 1961 3819 prespica

1782 3748 2076 3819 aspicatio-
2185 3753 2372 3815 αύτούς
2398 3753 2463 3813 εἰς
2490 3756 2546 3805 τὸ
2575 3754 2814 3823 ’γίνεσθαι
2842 3749 3324 3825 διορατικωτερους.

418 3844 533 3886 res.

495 3919 651 3972 Vers.
692 3918 782 3973 44.
812 3920 1063 3974 Rursum
1122 3949 1193 3960 —
1250 3919 1441 3976 illum.
1482 3922 1673 3985 Quare
1740 3922 1922 3978 turbis
1952 3939 2037 3981 no:

2259 3928 2415 3979 Ηάλιν
2443 3960 2506 3967 -
2540 3927 2743 3982 ἐκεῖνον.
2780 3932 2947 3990 Διατί,
2979 3936 3077 3979 τῶν
3118 3927 3286 3998 ὄχλων
3312 3930 3383 3998 μὴ
3412 3930 3713 3995 παρόντων,
3747 3924 3789 3975 ἐν

418 4006 829 4079 praesentibus,
850 4006 909 4061 in
944 4007 1243 4077 parabolis
1267 4008 1465 4064 adhuc
1494 4009 1848 4081 loquebatur
1903 4013 1954 4067 di

2248 4016 2507 4088 ιραϐολαῖς
2535 4019 2610 4068 ἔτι
2652 4016 2794 4068 λαλεῖ
2837 4025 2943 4078 τοῖς
2988 4018 3278 4088 μαθηταῖς;
3312 4019 3450 4066 Διότι
3505 4014 3640 4084 ἐγνω
3677 4016 3790 4065 τούο

419 4094 569 4165 pulis
597 4094 623 4147 ?
642 4094 789 4160 Quia
816 4095 1039 4151 sciebat
1057 4098 1185 4169 jam
1213 4097 1343 4152 illos
1359 4114 1458 4167 per
1478 4114 1548 4153 ea
1574 4115 1709 4169 quas
1740 4100 1895 4157 dicta
1935 4120 1960 4155 s

2246 4126 2302 4165 υς
2347 4109 2667 4177 σοφωτέρους
2697 4102 2802 4163 ἤδη
2844 4110 3145 4176 ’γενομένους
3189 4103 3287 4155 ἀπὸ
3334 4112 3431 4154 τῶν
3474 4102 3788 4176 εἰρημένων,

417 4182 805 4253 sapientiores
828 4184 1082 4251 effectos,
1113 4186 1193 4242 ita
1214 4191 1533 4257 utpossent
1558 4188 1901 4258 intelligere.
1936 4194 1953 4244 l

2276 4200 2365 4245 καὶ
2407 4198 2631 4245 συνιέναι
2664 4192 2942 4246 δύνασθαι.
2986 4200 3072 4245 Διό
3114 4194 3363 4261 καὶμετά
3409 4195 3466 4242 τὸ
3505 4190 3653 4251 τέλος
3690 4199 3789 4242 τῶν

415 4271 593 4327 etiam
625 4278 756 4343 post
784 4273 963 4329 ﬁnem
987 4274 1401 4344 parabolarum
1430 4278 1511 4331 ait
1538 4276 1621 4330 eis
1656 4293 1666 4331 :
1697 4277 1957 4335 Intellexi

2250 4282 2484 4353 εραϐολῶν
2530 4282 2664 4352 λέγει
2704 4282 2897 4341 αὐτοῖς’
2950 4286 3204 4339 Συνήκατε
3241 4288 3401 4332 ταῦτα
3441 4282 3664 4343 itaista;
3701 4284 3792 4331 Λε-

415 4360 535 4417 haec
559 4365 758 4419 omnia
790 4362 817 4417 7
844 4363 1048 4419 dicunt
1083 4365 1135 4419 ei
1165 4381 1177 4418 :
1210 4364 1427 4428 Etiam,
1460 4366 1694 4420 Domine
1725 4368 1791 4419 ιν.

1367 4382 1427 4428 72,
1460 4366 1694 4420 Domine
1725 4368 1791 4419 ¹⁹.
2109 4399 2154 4453 D
2183 4390 2367 4441 γουσιν
2390 4370 2547 4439 αὐτῷ·
2582 4376 2704 4431 Ναὶ,
2737 4374 2909 4443 Κύριε.

486 4452 641 4507 Sicut
664 4458 863 4509 autem
896 4452 955 4507 in
975 4452 1216 4508 duabus
1244 4469 1426 4524 supra
1448 4454 1653 4524 positis
1674 4454 1974 4523 parabolis
1999 4456 2028 4511 d

2253 4458 2450 4531 Ὠσπερ
2508 4455 2565 4510 δι
2609 4458 2687 4509 ἐπὶ
2741 4467 2839 4509 τῶν
2883 4457 3116 4531 ἀνωτέρω
3162 4461 3399 4527 κειμένων
3459 4453 3555 4507 δύο
3611 4476 3794 4528 παρα-

415 4540 611 4611 sinapi
644 4548 699 4597 et
752 4543 825 4597 de
882 4544 1190 4607 fermento,
1225 4557 1476 4611 regnum
1504 4543 1790 4598 cmlorum
1844 4544 1957 4600 εἰὶσε

2256 4551 2363 4611 λῶν,
2428 4555 2519 4598 τοῦ
2563 4566 2615 4598 τε
2683 4548 2937 4608 σινάπεως
2984 4551 3073 4597 καὶ
3126 4553 3215 4605 τῆς
3266 4546 3448 4615 ζύμης,
3505 4542 3798 4614 βασιλείαν

412 4626 552 4681 ﬁdei
580 4645 936 4697 sermonem,
968 4632 1048 4687 ita
1096 4646 1337 4703 quoque
1363 4632 1417 4685 in
1473 4632 1601 4687 ista.
1634 4633 1945 4703 Comparat

2254 4644 2409 4686 οανών
2476 4634 2611 4705 ἔλεγε
2675 4638 2761 4685 τὸν
2825 4634 2975 4705 λόγον
3040 4643 3135 4693 τῆς
3192 4638 3433 4691 πίστεως·
3494 4632 3637 4683 οὑτω
3709 4638 3796 4683 καὶ

417 4719 533 4768 tem
563 4715 759 4785 ipsum
794 4718 1072 4775 thesauro
1129 4724 1365 4791 propter
1401 4720 1648 4791 Spiritus
1690 4721 1879 4777 sancti
1928 4721 1959 4777 d

2256 4726 2506 4784 ὶταύτης.
2544 4723 2839 4783 Ἀπεικάζει
2881 4719 2939 4775 δὲ
2989 4723 3143 4774 αὐτὸν
3189 4724 3459 4794 θησαυρῷ,
3497 4717 3597 4772 διὰ
3625 4725 3715 4772 τόν
3750 4720 3798 4771 ἐν

421 4801 549 4867 tias,
583 4819 717 4873 quae
741 4805 801 4860 in
835 4806 936 4861 illo
973 4812 1128 4862 sunt.
1175 4810 1332 4877 Ager
1360 4816 1553 4864 autem
1580 4813 1670 4866 est
1722 4810 1963 4865 mundu:

2256 4822 2323 4882 τῷ
2354 4812 2569 4864 πλοῦτον
2617 4819 2709 4862 τού
2739 4811 2891 4882 ἁγίου
2940 4814 3255 4882 Πνεύματος.
3304 4810 3490 4882 Ἀγρὸς
3534 4805 3599 4861 δέ
3649 4809 3798 4861 ἐστιν

420 4891 771 4997 praedictum
800 4899 906 4950 est.
941 4896 1094 4951 Scito
1120 4911 1182 4952 er
1201 4912 1275 4966 go
1306 4898 1365 4952 in
1396 4899 1615 4954 mundo
1656 4898 1962 4956 abscondit

2346 4920 2451 4966 2.0;,
2484 4904 2551 4962 ὡς
2580 4896 2999 4973 προδεδήλωται,
3028 4902 3176 4953 Μάθε
3202 4895 3279 4970 δε,
3313 4899 3391 4950 ὅτι
3422 4896 3469 4949 ἓν
3495 4904 3567 4966 τῷ
3600 4902 3801 4969 κόσμῳ
3887 4957 3888 4964 γ

421 4994 553 5036 esse
592 4979 773 5038 ﬁdem
806 4982 903 5038 :in
936 4982 1049 5039 ﬁde
1075 4999 1215 5041 vero
1240 4984 1473 5042 divitias
1500 4986 1759 5058 spiritus.

2253 5012 2271 5041 ν
2300 4994 2582 5063 κέκρυπται
2611 4990 2640 5046 ἡ
2674 4993 2869 5049 πίστις·
2898 4988 2945 5040 ἐν
2974 4996 3036 5060 τῇ
3068 4993 3241 5040 πίστει
3272 4985 3350 5053 δὲ,
3382 4989 3406 5038 ό
3435 4986 3668 5047 πλοῦτος
3703 4994 3795 5038 τοῦ

2184 5080 2335 5150 ἁγίου
2369 5080 2482 5149 (42)
2514 5079 2830 5149 Πνεύματος.

490 5160 554 5212 Et
596 5162 808 5215 caetera
857 5161 1097 5233 quidem
1138 5161 1462 5235 parabolae,
1516 5168 1687 5234 prout
1723 5164 1881 5220 dicta
1937 5181 2032 5224 sur

2344 5130 2588 5239 t\r&,p‘sv
2635 5130 2765 5219 όῖλλα
2818 5175 2913 5229 τῆς
2961 5165 3256 5239 παραϐολῆς
3309 5164 3385 5228 ἔα,
3436 5165 3613 5225 καθὼς
3651 5184 3797 5238 προ-
3880 5189 3886 5257 Ι

491 5308 537 5344 ¹⁸
574 5309 595 5363 Ι
626 5310 824 5366 Thess.
850 5328 927 5379 1v,
963 5317 1050 5370 l7.
1175 5315 1217 5349 ’θ
1244 5314 1448 5370 Matth.
1483 5330 1605 5380 xm,
1633 5316 1723 5373 51.

1646 5413 1865 5482 Varia:
1890 5415 2218 5483 lectiones
2265 5425 2557 5484 etnotae.

494 5524 605 5596 (41)
634 5526 765 5582 Haec
787 5526 1128 5584 exciderant
1157 5527 1216 5583 in
1248 5528 1515 5585 versione
1548 5530 1830 5586 Hentenii.

1340 5528 1515 5585 'sione
1548 5530 1830 5586 Hentenii.
2259 5532 2374 5604 (42)
2404 5532 2585 5604 Ἁγίου
2616 5530 2789 5589 abest
2816 5532 2882 5587 Α.
