3906 6202
152 272 229 332 m
984 262 1358 323 COMMENT.
1398 258 1469 321 IN
1508 254 1959 337 MATTHEUMI.
1996 296 2065 307 —
2097 266 2259 325 CAP.
2300 266 2447 325 xm.

3279 256 3384 333 418

154 406 311 472 ripam.
342 397 488 447 Σκόπει
531 388 610 459 δὲ,
651 399 765 453 πῶς
806 392 832 443 6
880 393 1039 464 εὑρὼν
1080 398 1258 443 τοῦτον
1297 393 1383 443 τὸν
1418 389 1631 443 πλουτί-

1816 389 2027 462 linque.
2076 392 2398 450 Considera
2430 398 2626 451 autem
2655 395 2963 467 quomodo
3011 397 3059 452 is
3093 399 3196 471 qui
3227 400 3388 456 hunc

150 491 264 550 ζοντα
292 484 516 555 θησαυρόν,
548 482 740 545 εῖτουν,
772 482 797 531 6
834 478 1070 550 ἐπιγνούς
1104 479 1280 543 αὐτὸν,
1319 476 1630 540 σπουδάςευ

143 584 253 628 τοῦτο
293 575 366 643 γὰρ
409 569 632 641 ἐμφαίνει
687 572 768 634 τὸ,
835 567 1066 638 Ὑπάγει,
1134 571 1224 619 καὶ
1279 569 1410 639 μετὰ
1464 573 1636 642 χαρᾶς

138 666 271 726 πάντα,
307 664 383 710 όσα
417 660 541 729 ἔχει,
585 656 766 722 πωλεῖ,
814 658 895 707 ἵνα
944 660 1096 728 μόνον
1143 651 1379 728 κερδήσῃ
1433 662 1633 707 τοῦτονο

128 756 194 802 καὶ
223 751 351 815 σύνες,
384 747 451 799 ὃτι
487 742 741 798 διδάσκει
778 743 973 806 πᾶντας
1015 746 1045 802 ἡ
1087 747 1303 801 τοιαύτη
1344 742 1633 815 παραϐολὴ,

129 844 181 911 μὴ
210 842 329 911 μόνον
352 840 412 907 μὴ
447 834 725 887 λυπεῖσθαι
762 838 1091 908 προῖεμὲνους
1128 834 1254 906 ὑπὲρ
1290 840 1386 894 τῆς
1418 836 1637 892 πίστεως

126 929 265 991 πάντα,
318 925 402 977 ὃσα
450 925 693 994 ἔχουσιν,
747 921 874 975 ἀλλὰ
930 926 1020 974 καὶ
1073 924 1205 993 μετὰ
1262 927 1432 994 χαρᾶς
1486 928 1637 973 τοῦτο

128 1021 262 1077 ποιεῖν,
308 1017 381 1065 καὶ
436 1016 529 1069 τὴν
583 1010 844 1069 ἀποϐολὴν
910 1013 1101 1068 ταύτην
1157 1006 1339 1082 κέρδος
1394 1010 1638 1081 ἡγεῖσθαι

125 1108 323 1177 μέγιστον·
362 1105 442 1152 καὶ
488 1102 570 1152 ὅτι
615 1102 641 1152 6
693 1103 766 1171 μὴ
817 1098 1115 1152 ἀποϐάλλων
1157 1098 1312 1167 αὐτὰ,
1359 1102 1449 1150 καὶ
1489 1098 1515 1149 6
1566 1101 1634 1155 ιιή

127 1194 218 1263 μετὰ
237 1195 379 1262 χαρᾶς
418 1187 742 1253 ἀποϐάλλων,
775 1187 832 1239 ού
879 1183 1095 1239 δύναται
1126 1183 1387 1259 κερδῆσαι
1419 1188 1506 1238 τόν
1544 1192 1638 1246 τῆς

124 1284 289 1339 πίστεως
325 1279 597 1352 θησαυρόν.
642 1277 818 1328 Πάντα
850 1271 930 1344 δε,
976 1279 1076 1328 ὅσα
1116 1294 1191 1334 τις
1220 1276 1353 1346 ἔχει,
1384 1280 1636 1342 νοούνται,

122 1374 186 1419 καὶ
222 1369 275 1418 τὰ
318 1368 359 1418 ἓν
404 1368 559 1439 ἔργῳ,
616 1368 706 1417 καὶ
764 1362 812 1416 ἐν
864 1362 1023 1435 λόγῳ,
1082 1367 1170 1415 καὶ
1226 1365 1361 1415 κατά
1405 1358 1639 1414 διάνοιαν

120 1455 411 1529 ἁμαρτήματα,
476 1454 614 1528 οἱπερ
688 1453 871 1525 ὁμοίως
946 1456 1052 1525 χρὴ
1111 1450 1315 1519 πωλεῖν,
1386 1452 1413 1503 6
1477 1449 1634 1521 ἐστιν,

118 1543 398 1599 ἁποκτᾶσοαι.

1744 477 2028 535 ditantem
2062 479 2407 536 thesaurum
2449 483 2688 554 reperit,
2738 484 2859 539 sive
2888 486 3170 556 cognovit
3196 487 3386 555 illum,

1746 566 2005 623 studiose
2031 574 2282 624 conatur
2313 570 2478 640 (nam
2520 570 2634 627 hoc
2662 572 2889 628 indicat
2943 575 3108 645 quod
3160 575 3390 643 dicitur,

1743 653 1929 723 Abit),
1960 670 2099 710 cum
2153 657 2374 727 gaudio
2409 664 2623 715 cuncta
2677 675 2810 731 ques
2861 661 3043 717 habet
3101 663 3391 731 distrahit,

1744 745 1811 796 ut
1836 741 1999 798 hunc
2029 743 2226 799 solum
2255 744 2598 802 lucrifaciat.
2622 750 2686 804 Et
2712 749 2970 821 intellige
3000 752 3162 824 quod
3187 769 3396 810 omnes

1745 831 1961 886 doceat
1986 831 2088 903 huj
2100 832 2333 887 usmodi
2355 835 2665 905 parabola,
2683 852 2803 892 non
2830 839 3025 895 solum
3049 856 3122 896 ne
3183 843 3398 898 contri-

1747 923 1976 975 stentur
1987 920 2233 991 abjectis
2253 921 2375 977 sive
2389 924 2644 992 erogatis
2656 926 2937 982 omnibus
2949 943 3080 1000 quae
3092 932 3400 1001 possident

1748 1022 1877 1078 pro,
1907 1007 2026 1063 ﬁde
2054 1008 2159 1063 sed
2190 1009 2369 1065 etiam
2393 1017 2453 1064 ut
2481 1026 2615 1068 cum
2654 1013 2875 1082 gaudio
2908 1014 3021 1071 hoc
3071 1016 3312 1084 faciant,
3343 1026 3399 1075 et

1744 1093 1902 1152 hanc
1927 1095 2320 1167 abjectionem
2347 1098 2471 1154 sive
2496 1099 2909 1171 amissionem,
2928 1103 3163 1161 lucrum
3175 1106 3401 1165 ducant

1746 1182 2114 1243 maximum:
2147 1186 2493 1258 quodqueis
2519 1189 2620 1260 qui
2644 1194 2747 1245 aut
2766 1189 2999 1247 illanon
3026 1195 3268 1266 respuit,
3297 1202 3403 1254 aut

1746 1285 1870 1326 non
1882 1287 2021 1328 cum
2035 1274 2259 1342 gaudio
2272 1275 2522 1347 respuit:
2540 1291 2662 1333 non
2677 1283 2872 1350 potest
2894 1278 3030 1336 ﬁdei
3054 1280 3401 1340 lucrifacere

1746 1360 2117 1417 thesaurum.
2142 1362 2205 1417 In
2238 1363 2519 1419 omnibus
2550 1370 2751 1421 autem
2781 1383 2916 1439 quas
2960 1369 3162 1436 habet,
3194 1371 3399 1428 intelli-

1747 1453 1965 1519 guntur
2003 1466 2134 1520 quas
2185 1450 2245 1505 in
2288 1466 2462 1523 opere
2513 1468 2584 1508 ac
2630 1469 2924 1520 sermone,
2979 1461 3039 1512 et
3085 1458 3147 1514 in
3197 1466 3398 1516 mente

1747 1541 1886 1593 sunt
1905 1546 2149 1609 peccata
2173 1555 2185 1594 :
2215 1540 2416 1597 omnia
2443 1540 2708 1598 similiter
2727 1544 2982 1601 vendere
3003 1551 3256 1618 oportet,
3284 1548 3398 1606 hoc

1747 1630 1861 1692 est,
1901 1625 2254 1699 relinquere.

163 1719 287 1773 Πάλιν
326 1750 388 1760 -—
434 1718 614 1773 αὐτόν.
657 1716 930 1770 Βασιλείαν
967 1724 1065 1769 τῶν
1113 1716 1360 1791 οὐρανῶν,
1414 1714 1637 1792 ἰὸιοτρό-

1818 1714 1981 1771 Vers.
2006 1716 2595 1773 45.1lerum—'vers.
2612 1720 2701 1774 46.
2720 1720 2908 1778 illam.
2934 1723 3207 1793 Regnum
3221 1725 3398 1783 coelo-

118 1829 196 1870 πως
235 1808 422 1861 ἐνταῦθα
459 1815 699 1880 νοοῦμεν,
755 1810 847 1864 τὴν
898 1804 1174 1878 ἐπιθυμίαν
1223 1813 1317 1867 τῆς
1364 1804 1640 1878 βασιλείας

115 1906 185 1949 τῶν
220 1897 434 1971 οὐρανῶν⁸
490 1900 585 1949 καὶ
637 1896 906 1969 ἄνθρωπον
961 1897 1052 1967 μεν
1107 1893 1270 1953 αὐτὴν
1320 1893 1432 1967 (43)
1482 1892 1638 1962 εἶπεν,

114 1988 158 2043 ὡς
191 1984 228 2035 ἄν
268 1984 501 2059 ἀνθρώπῳ
556 1983 886 2057 ἐνεργοῦσανυ
941 1985 1163 2055 ἔμπορον
1219 1978 1298 2047 δὲ,
1354 1984 1422 2045 ὡς
1478 2003 1641 2056 πραγ-

108 2078 385 2146 ματευομένη
446 2078 540 2132 τὴν
614 2069 757 2125 ἰδίαν
819 2075 1102 2142 σωτηρίαν.
1164 2069 1302 2145 Ὀρα
1374 2074 1498 2144 γὰρ,
1561 2074 1639 2125 ὅτι

112 2161 278 2232 εὑροῦσα
314 2163 393 2214 ἕνα
420 2162 711 2233 πολύτιμον
756 2164 1110 2235 μαργαρίτην,
1149 2161 1203 2220 ὃς
1242 2158 1381 2212 ἐστιν
1429 2162 1454 2212 6
1494 2160 1640 2231 λόγος

110 2256 179 2307 τῆς
208 2254 411 2311 πίστεως·
454 2251 482 2302 6
523 2250 602 2311 εἷς
640 2251 752 2321 μὲν,
785 2245 878 2300 διά
914 2252 971 2301 τὸ
1004 2254 1133 2300 εἶναι
1169 2252 1294 2319 μίαν
1332 2252 1426 2306 τὴν
1471 2247 1635 2308 ἁληθῆ

106 2342 360 2404 τίστιν,καὶ
401 2335 491 2391 διὰ
534 2341 597 2391 τὸ
644 2342 716 2410 μὴ
762 2334 893 2390 εἶναι
936 2344 1168 2389 τοιοῦτον
1216 2336 1391 2388 ἄλλον·
1432 2337 1636 2390 πολύτι-

100 2445 175 2497 μος
208 2423 274 2491 δὲ,
308 2429 369 2489 ὡς
414 2429 549 2480 κατὰ
599 2425 732 2478 πολὺ
771 2429 965 2499 τίμιος,
1018 2427 1129 2497 [καὶ
1160 2425 1271 2497 (44)
1323 2428 1392 2487 ὡς
1435 2426 1641 2490 πολλοῖς

102 2517 150 2562 ὧν
180 2514 366 2588 τίμιος,]
409 2511 624 2574 δηλαδή
669 2522 779 2575 τοῖς
819 2511 1016 2567 εἰδόσιν
1064 2514 1237 2566 αὐτόν’
1288 2514 1562 2587 Ἀπῆλθεν,
1614 2517 1640 2568 ὃ

103 2596 217 2656 inici
260 2608 342 2662 τὴν
392 2600 659 2668 σπουδὴν,
722 2609 812 2657 καὶ
868 2602 1199 2661 ἆπεκτήσατο
1263 2603 1455 2674 πάντα,
1505 2606 1638 2658 ὅσων

98 2688 279 2747 ἀπόλαυε
303 2697 564 2767 πρότερον,
588 2697 682 2746 καὶ
711 2690 964 2751 ἐκτήσατο
992 2698 1174 2745 τοῦτον
1198 2697 1373 2766 μόνον.

144 2867 195 2917 Αἱ
240 2863 328 2920 δύο
373 2865 433 2921 δε
488 2870 652 2922 αὗται
705 2868 1000 2944 παραϐολαὶ
1056 2870 1125 2922 τὰ
1181 2868 1339 2922 πλείω
1395 2867 1641 2932 ἀλλήλαις

94 2956 284 3019 ἐοικυῖαι,
336 2955 552 3030 βραχέα
605 2954 965 3033 διαφέρουσιν,
1014 2959 1095 3011 ὅτι
1139 2959 1169 3016 ἡ
1217 2961 1306 3030 μὲν
1352 2960 1637 3034 Θησαυρὸν,

93 3040 116 3097 ἑ
152 3037 199 3094 δὲ
233 3050 561 3121 μαργαρίτην
610 3045 853 3118 ὀνομάζει
898 3050 985 3099 τὸν
1039 3046 1191 3118 λόγον
1238 3055 1334 3108 τῆς
1383 3051 1629 3108 πίστεως.
1668 3075 1710 3133 C

92 3127 244 3204 Ὠσπερ
287 3132 388 3207 ἆρα
434 3139 527 3187 καὶ
581 3136 640 3186 αἱ
692 3139 794 3208 πρὸ
846 3139 1040 3187 τούτων
1090 3132 1187 3188 δύο
1238 3134 1550 3210 παραϐολαὶ,
1603 3138 1634 3195 ἡ

88 3220 340 3287 fni-1261203
380 3226 663 3288 σινάπεως,
706 3225 736 3282 ἡ
785 3221 844 3277 δε
875 3224 1049 3297 ζύμην
1082 3224 1238 3277 αὐτὸν
1270 3223 1494 3280 ἐκάλεσε.
1538 3229 1639 3278 Καὶ

86 3308 272 3383 καθάπερ
324 3307 417 3363 διὰ
473 3320 577 3364 τῶν
624 3308 724 3364 δύο
778 3312 979 3365 ἐκείνων
1030 3309 1289 3372 ἐδήλωσεν
1336 3314 1362 3364 6
1409 3315 1640 3387 Χριστὸς

88 3400 158 3451 τὴν
200 3398 402 3461 αὔξησιν
444 3405 537 3452 καὶ
590 3404 687 3459 τὴν
738 3400 898 3473 ἰσχὺν
949 3409 1044 3464 τῆς
1082 3406 1322 3463 πίστεως-
1369 3402 1502 3454 οὕτω
1549 3407 1638 3456 καὶ

84 3479 154 3534 διὰ
175 3495 259 3538 τῶν
303 3486 400 3541 δύο
445 3492 652 3542 τούτων
688 3489 862 3557 πάλιν,
913 3493 999 3542 τὸν
1035 3490 1254 3544 πλοῦτον
1283 3494 1373 3543 καὶ
1405 3494 1462 3543 τὸ
1501 3490 1638 3554 ἐξαί-

80 3589 191 3641 ρετον
232 3576 407 3639 αὐτῆς.
473 3578 636 3641 Αὔξει
827 3581 949 3652 γὰρ,
1006 3582 1075 3641 ὡς
1133 3584 1323 3642 κόκκος
1366 3582 1633 3641 σινάπεως·

82 3659 223 3730 ἰσχύει
268 3662 344 3731 δέ,
400 3670 472 3729 ὡς
534 3670 701 3739 ζύμη·
760 3665 1028 3727 πλουτίζει
1093 3664 1171 3734 δὲ,
1221 3669 1291 3729 ὡς
1350 3669 1633 3741 θησαυρός·

80 3746 288 3821 ἐξαίρετος
348 3751 408 3807 δέ
469 3755 642 3821 ἐστιν,
716 3758 781 3816 ὡς
843 3752 1226 3829 διαφορώτατός
1290 3762 1633 3830 μαργαρίτης.

75 3836 213 3891 Tum:
267 3844 376 3911 (45)
442 3847 553 3917 γὰρ
626 3851 721 3905 τῆς
778 3842 1073 3917 παραϐολῆς
1129 3844 1186 3896 ού
1240 3850 1636 3918 περιεργαστέον

78 3926 197 3992 ἡμῖν.
235 3928 337 3982 Ἰνα
388 3928 449 3984 δε
498 3936 577 4003 μὴ
636 3930 900 4006 θαρῥῶμεν
944 3940 1006 4005 τῇ
1065 3937 1240 3986 πίστει
1295 3938 1448 4007 μόνῃ,
1498 3932 1637 4007 μηδὲ

81 4011 218 4081 ipa?»
264 4018 421 4078 αὐτὴν
479 4020 555 4082 εἰς
620 4025 882 4095 σωτηρίαν
938 4021 1244 4093 νομίζωμεν,
1312 4025 1637 4095 προστίθησι

78 4106 149 4152 καὶ
195 4103 348 4173 ἑτέραν
400 4107 738 4182 παραϐολήν,
794 4104 868 4160 δι’
930 4109 993 4169 ἧς
1049 4110 1388 4182 μανθάνομεν,
1443 4113 1523 4164 ὅτι
1575 4112 1635 4165 ού

76 4190 225 4256 πάντες
262 4197 307 4248 οὶ
352 4200 697 4257 πιστεύοντες
750 4196 1027 4269 σώζονται,
1071 4196 1199 4250 ἀλλὰ
1231 4197 1410 4252 πολλοὶ
1446 4204 1635 4253 τούτων

72 4274 337 4337 ἀπόλλυνται
362 4286 505 4357 (ιε).

129 4364 467 4448 [Ἂεργαρίτης
512 4370 580 4427 δὲ
630 4378 720 4427 καὶ
761 4374 788 4425 6
834 4376 1021 4448 Κύριος
1069 4374 1334 4446 κέκληται,
1382 4373 1522 4430 διότι
1564 4386 1637 4450 τῷ

77 4452 197 4525 βυθῷ
234 4472 312 4522 τᾶς
354 4465 611 4523 θεότητος
658 4466 870 4531 ῆνωται,
924 4468 1014 4515 καὶ
1060 4468 1237 4536 μόνοις
1277 4472 1383 4527 τοῖς
1436 4465 1637 4521 ἁλιεῦσι

78 4546 151 4593 καὶ
170 4553 259 4609 τοῖς
276 4550 438 4603 αὖτῶν
468 4553 743 4623 μαθηταῖς
767 4550 1119 4624 ἐγνώρισται]

131 4633 262 4688 Πάλιν
314 4670 383 4679 —
443 4642 860 4712 συναγαγούσῃ.
914 4640 1184 4694 Βασιλείαν
1239 4650 1338 4694 τῶν
1403 4644 1635 4719 οὐρανῶν

76 4715 192 4782 τῑοις
233 4724 355 4798 λέγει
411 4732 505 4780 τὸν
560 4727 720 4799 λόγον
775 4736 866 4789 τῆς
921 4733 1165 4791 πίστεως·
1231 4715 1499 4785 θάλασσαν
1553 4730 1633 4806 δὲ,

76 4809 141 4857 τὰν
175 4818 368 4887 κόσμιον,
417 4814 521 4870 διὰ
582 4821 682 4874 τήν
746 4821 956 4890 πικρίαν
1010 4822 1100 4871 καὶ
1157 4821 1224 4872 τὰ
1276 4824 1487 4893 κύματα
1537 4832 1635 4876 τῶν

78 4911 339 4972 nuncper
405 4912 648 4958 παντοία
712 4900 773 4958 δέ
836 4908 957 4977 γένη
1026 4905 1245 4979 ἰχθύων,
1304 4912 1370 4963 τὰ
1423 4911 1637 4965 ποικίλα

1746 1818 1905 1867 rum,
1934 1803 2172 1875 proprie
2207 1804 2592 1878 intelligimus
2620 1806 2984 1866 desiderium
3027 1813 3193 1882 regni
3224 1814 3397 1870 coelo-

1745 1906 1882 1948 rum
1913 1898 1969 1948 et
1997 1885 2307 1949 hominem
2336 1895 2570 1962 quidem
2611 1895 2759 1951 illud
2787 1898 3081 1968 apellavit,
3125 1917 3194 1957 eo
3232 1902 3400 1974 quod

1746 1979 1807 2035 in
1858 1980 2105 2037 homine
2143 1990 2447 2053 operatur.
2527 1984 2964 2056 Negotiatorem
3033 2004 3191 2055 vero,
3254 1991 3400 2062 quia

1748 2069 2055 2141 propriam
2086 2070 2421 2139 negotiatur
2446 2070 2714 2128 salutem.
2748 2073 2888 2129 Vide
2914 2075 3072 2131 enim
3104 2077 3270 2149 quod
3297 2079 3399 2134 ubi

1745 2155 1973 2212 invenit
2002 2173 2186 2213 unam
2238 2158 2563 2230 pretiosam
2614 2163 3024 2233 margaritam,
3057 2180 3399 2224 sermonem

1747 2244 2019 2302 videlicet
2065 2246 2245 2305 ﬁdei:
2332 2246 2435 2319 qui
2516 2263 2672 2303 unus
2738 2255 2825 2306 est
2903 2259 3147 2323 propter
3215 2270 3399 2311 unam

1746 2332 1886 2389 ﬁdei
1898 2334 2225 2400 veritatem,
2241 2335 2385 2407 quia
2404 2335 2601 2391 nullus
2615 2336 2767 2393 alius
2794 2344 2882 2394 est
2900 2340 3003 2412 huj
3015 2341 3279 2411 usmodi;
3302 2363 3399 2396 πο-

1746 2420 1959 2495 λύτιμος
1982 2427 2201 2488 autem,
2233 2423 2293 2478 id
2324 2430 2427 2489 est,
2460 2426 2780 2496 pretiosus,
2808 2428 2951 2500 quia
3006 2430 3176 2486 multi
3206 2432 3394 2502 pretii,

1748 2515 1802 2567 et
1832 2511 1978 2582 quia
2007 2511 2206 2567 multis
2236 2511 2624 2578 honorabilis,
2657 2516 2761 2587 qui
2808 2516 3083 2574 videlicet
3110 2518 3268 2575 illum
3294 2537 3399 2578 co-

1747 2607 2107 2670 gnoverunt:
2124 2600 2283 2666 Abit,
2298 2601 2460 2673 quod
2483 2601 2854 2675 diligentiam
2873 2620 2944 2661 ac
2954 2605 3397 2666 festinationem

1748 2686 2108 2757 manifestat,
2135 2693 2191 2744 et
2227 2689 2507 2762 relinquit
2536 2692 2744 2749 omnia
2788 2693 3007 2765 quibus
3034 2698 3211 2753 antea
3241 2698 3398 2754 frue-

1745 2777 1939 2843 batur,
1970 2792 2227 2850 eumque
2258 2778 2451 2835 solum
2482 2779 2844 2851 adipiscitur.

1820 2866 1949 2922 Haec
1966 2871 2167 2923 autem
2180 2868 2312 2922 dum
2332 2867 2631 2939 parabolae
2650 2869 2714 2926 in
2741 2869 2941 2927 multis
2971 2872 3226 2929 invicem
3259 2881 3398 2932 sunt

1750 2953 2018 3033 similes:
2069 2960 2126 3011 et
2165 2954 2426 3011 breviter
2452 2957 2510 3012 in
2552 2957 2663 3014 hoc
2713 2959 2843 3015 solo
2901 2959 3200 3028 differunt,
3228 2963 3397 3036 quod

1748 3030 1851 3098 illa
1861 3041 2002 3098 ﬁdei
2019 3058 2353 3099 sermonem
2371 3044 2716 3102 thesaurum
2735 3048 3010 3121 vocabat,
3030 3050 3159 3107 haec
3192 3030 3396 3108 autem

1748 3130 2157 3200 margaritam:
2196 3131 2345 3186 sicut
2366 3136 2420 3187 et
2449 3132 2705 3189 duarum
2731 3137 3196 3206 praecedentium
3224 3156 3397 3211 para-

1746 3217 2044 3282 bolarum,
2061 3233 2175 3274 una
2191 3217 2435 3290 quidem
2448 3234 2699 3288 granum
2714 3221 2940 3294 sinapis
2952 3223 3118 3279 illum
3134 3228 3395 3298 appella-

1747 3306 1863 3374 bat,
1895 3305 2079 3363 altera
2101 3322 2243 3362 vero
2270 3306 2647 3364 fermentum.
2670 3310 2734 3364 Et
2761 3310 2911 3365 sicut
2941 3327 3046 3382 per
3078 3313 3231 3369 duas
3262 3314 3395 3371 illas

1750 3394 2107 3465 signiﬁcavit
2130 3395 2562 3451 incrementum
2584 3396 2823 3469 vimque
2849 3397 3009 3463 ﬁdei,
3040 3398 3123 3455 ita
3153 3416 3393 3458 rursum

1746 3500 1852 3557 per
1879 3483 1991 3540 has
2014 3484 2185 3550 duas,
2214 3482 2368 3538 illius
2384 3483 2736 3554 signiﬁcavit
2760 3485 2995 3543 divitias
3028 3494 3082 3542 et
3110 3489 3395 3545 excellen-

1745 3574 1907 3630 tiam.
1939 3572 2156 3631 Crescit
2182 3571 2477 3645 siquidem
2502 3573 2676 3644 quasi
2711 3590 2967 3646 granum
2997 3576 3241 3648 sinapis,
3276 3578 3396 3634 vim

1746 3662 1925 3719 habet
1954 3665 2018 3717 ut
2052 3660 2421 3727 fermentum,
2454 3660 2603 3717 ditat
2629 3662 2809 3718 veluti
2862 3664 3178 3721 thesaurus
3206 3681 3228 3721 .·
3278 3667 3397 3723 exi-

1747 3750 1868 3807 mia
1886 3754 1975 3807 est
2004 3754 2295 3823 tanquam
2319 3750 2644 3821 margarita
2670 3751 3118 3822 pretiosissima.
3154 3754 3400 3828 Reliqua

1749 3854 1880 3895 vero
1917 3854 2053 3911 quae
2082 3839 2143 3895 in
2172 3838 2466 3912 parabola
2520 3840 2837 3909 habentur,
2872 3857 2991 3898 non
3042 3848 3182 3900 sunt
3227 3844 3399 3901 nobis

1744 3943 2112 4000 magnopere
2143 3929 2429 3986 curanda.
2459 3931 2538 3985 Ne
2555 3933 2756 3985 autem
2777 3930 2852 3986 de
2875 3930 3004 3987 sola
3036 3930 3155 3989 ﬁde
3178 3949 3400 4004 praesu-

1746 4032 2005 4082 mamus,
2038 4021 2141 4073 aut
2171 4018 2442 4073 sufﬁcere
2484 4034 2619 4075 eam
2658 4019 2735 4075 ad
2776 4019 3030 4077 salutem
3059 4022 3396 4091 credamus,

1745 4105 1913 4163 addit
1926 4109 1983 4161 et
2006 4106 2187 4161 aliam
2214 4106 2588 4178 parabolam,
2612 4124 2735 4180 qua
2764 4108 3051 4164 discimus
3080 4111 3245 4182 quod
3276 4127 3399 4168 non

1745 4209 1958 4252 omnes
1979 4193 2086 4266 qui
2108 4195 2358 4253 credunt
2381 4195 2527 4252 salvi
2548 4196 2720 4265 ﬁunt,
2748 4197 2853 4253 sed
2884 4197 3051 4253 multi
3075 4214 3283 4256 eorum
3300 4216 3400 4272 pe-

1745 4287 1918 4341 reunt
1942 4302 1955 4352 ;
1989 4282 2068 4340 ait
2091 4282 2252 4339 enim
2288 4300 2300 4337 :

1815 4374 1857 4444 ·ι-
1882 4371 2197 4443 Margarita
2226 4371 2403 4427 etiam
2435 4370 2721 4427 Dominus
2751 4372 3080 4443 appellatus
3110 4376 3214 4444 est,
3248 4375 3398 4446 quia

1665 4423 1712 4480 Β
1745 4423 2477 4533 divinitaiisprofundiiaﬁ
2491 4423 2724 4526 'u—nitus,
2747 4423 2972 4517 eisolis
2995 4423 3395 4533 piscat6ribus

1746 4551 1988 4623 suisque
2018 4548 2323 4622 discipulis
2350 4548 2620 4619 cognitus
2660 4553 2767 4604 est.

1813 4643 1977 4697 Vers.
1999 4642 2066 4696 47
2076 4679 2089 4693 .
2122 4642 2383 4696 Rursum
2404 4670 2471 4679 —
2491 4638 2896 4709 congreganti.
2926 4640 3194 4710 Regnum
3222 4640 3397 4700 coelo-

1743 4745 1877 4786 rum
1941 4730 2148 4785 iterum
2213 4732 2388 4785 vocat
2430 4727 2564 4784 ﬁdei
2616 4743 2990 4795 sermonem;
3043 4744 3211 4786 mare
3252 4747 3395 4789 vero

1742 4819 2298 4891 mundum,propter
2309 4817 2777 4875 amaritudinem
2797 4817 3109 4891 undasque
3127 4821 3397 4880 tentatio-

1745 4927 1913 4970 num.
1940 4907 2303 4968 Omnimoda
2317 4911 2518 4966 autem
2534 4907 2789 4981 piscium
2803 4922 3019 4980 genera
3041 4912 3202 4977 sunt,
3225 4910 3393 4969 variae

1262 5086 1490 5161 Variae
1520 5090 1849 5160 lectiones
1890 5099 1957 5160 et
1995 5099 2198 5160 notae.

140 5280 216 5343 43)
250 5280 409 5339 Αὐτόν
441 5286 507 5343 Β.

140 5351 214 5415 44)
248 5356 486 5415 Inclusa
511 5355 750 5414 absunt
775 5356 854 5415 Α.

136 5425 215 5487 45)
249 5433 346 5482 Πάν
366 5428 548 5487 addit
570 5431 645 5484 Α.

121 5496 217 5568 (36)
246 5499 640 5560 Additcodex
664 5504 727 5556 A.
756 5503 893 5559 Φησὶ
909 5501 1031 5572 γάρ.
1051 5501 1194 5567 Qum
1214 5502 1412 5560 autem
1433 5500 1532 5559 hic
1551 5499 1637 5561 ίη.

1746 5284 1914 5366 clusa
1932 5289 2212 5366 struthea
2239 5282 2429 5366 paulo
2480 5283 2618 5366 ante
2655 5281 2854 5366 habet
2901 5281 2964 5366 in
2991 5297 3187 5355 marg.
3247 5281 3385 5342 Φησὶ

1743 5359 1846 5433 γάρ
1876 5356 2044 5486 misit
2078 5354 2261 5415 etiam
2276 5355 2628 5415 Hentenius.
2651 5354 3044 5428 Conjungitur
3072 5354 3214 5431 ergo
3244 5368 3385 5413 cum

1743 5443 1903 5487 vers.
2006 5465 2025 5485 .
