3906 6202
454 276 558 330 419

1768 266 2119 326 EUTHYMII
2160 270 2487 327 ZIGABENI
3692 276 3784 332 420

450 396 860 453 multitudines
887 394 1348 451 inhabitantium
1376 393 1435 448 in
1479 410 1548 450 eo
1570 394 1897 461 hominum,
1940 396 2065 451 viro

2203 395 2373 454 πλήθη
2419 405 2517 448 τῶν
2560 393 2963 468 ἐνδιαιτωμένων
3011 399 3151 469 αὐτῷ
3210 399 3508 472 ἀνθρὼπων,
3564 399 3783 475 ἀνδρῶν,

446 502 601 549 rum,
626 484 960 546 mulierum,
997 498 1330 554 puerorum,
1364 499 1596 550 senum,
1624 482 1923 548 caelibum,
1955 500 2092 539 con-

441 575 812 645 jugatorum,
844 572 1215 642 aliorumque
1248 570 1550 637 similium,
1578 576 1679 627 aut
1710 572 1888 627 etiam
1921 572 2092 628 diffe-

443 664 645 718 rentiae
676 661 854 715 variae
897 660 1183 729 gentium.

513 752 673 806 Vers.
695 750 783 805 48.
802 750 967 816 Quod
990 780 1056 787 -
1072 748 1432 817 adjecerunt.
1449 749 1581 802 Cum
1600 748 1910 819 impletum
1947 749 2087 804 fuis-

445 846 550 902 set,
571 840 681 894 hoc
694 845 797 904 est,
814 838 1050 909 quando
1063 853 1261 891 omnes
1283 836 1657 891 crediderant
1684 854 1696 890 :
1722 837 1969 908 quidam
1995 855 2085 893 vo-

444 928 702 992 luntarii,
728 927 973 997 quidam
1009 931 1207 979 autem
1228 941 1347 979 non
1372 924 1704 979 voluntarii.
1742 926 1921 980 Littus
1953 943 2087 982 vero

443 1017 709 1085 intelligit
734 1016 933 1070 locum
966 1015 1021 1068 in
1053 1029 1175 1084 quo
1217 1013 1593 1082 judicaturus
1632 1019 1720 1068 est
1762 1014 2084 1069 Dominus:

444 1105 785 1176 colligentes
818 1109 1016 1158 autem
1044 1101 1309 1171 angelos.
1353 1102 1531 1156 Porro
1559 1101 1713 1156 bona
1749 1119 1883 1173 quae
1910 1109 2087 1173 capta

443 1194 788 1263 suntjustos
821 1191 1180 1261 signiﬁcant,
1216 1205 1401 1260 prava
1427 1196 1625 1244 autem
1661 1190 1851 1245 malos
1884 1207 1897 1256 ;
1939 1207 2086 1246 vasa

441 1298 582 1339 vero
613 1299 683 1337 ea
708 1298 841 1353 quae
884 1280 1211 1350 solisjustis
1238 1280 1296 1333 in
1328 1278 1727 1334 haereditatem
1760 1284 1893 1333 sunt
1915 1295 2083 1350 repo-

438 1374 569 1429 sita.
605 1371 853 1442 Reliqua
884 1373 1083 1425 autem
1131 1368 1310 1437 hujus
1336 1366 1641 1439 parabolas
1673 1367 1939 1423 similiter
1960 1383 2083 1423 non

436 1464 576 1516 sunt
600 1474 965 1529 magnopere
991 1458 1274 1512 curanda.

505 1550 677 1603 Vnus.
710 1549 796 1602 49.
830 1546 928 1602 Sic
957 1578 1021 1585 —
1052 1546 1271 1601 saeculi.
1328 1544 1439 1607 Sic,
1479 1545 1629 1600 sicut
1675 1544 1942 1599 dicturus
1968 1549 2079 1600 est.

505 1640 781 1693 Vens-49.
820 1635 1088 1691 Exibunt
1113 1666 1176 1674 ——
1199 1635 1359 1689 Vers.
1390 1637 1476 1688 50.
1509 1633 1791 1687 dentium.
1820 1633 2003 1704 Atqui
2022 1634 2079 1688 in

2199 495 2478 555 γυναικῶν,
2542 491 2681 549 νέων,
2748 492 3021 559 γερόντων,
3088 487 3320 559 ἀγάμων,
3397 496 3783 563 γεγαμηκότων,

2200 579 2289 625 καὶ
2320 579 2561 626 τοιούτων
2588 574 2771 637 ἄλλων,
2801 577 2828 633 ἦ
2864 580 2951 627 καὶ
2976 578 3039 627 τά
3074 573 3300 649 διάφορα
3330 579 3467 635 ἔθνη.

2269 751 2361 803 Ἦν
2395 783 2454 791 —
2493 751 2688 803 ἔϐαλον.
2728 752 2849 804 "Ora
2872 752 3169 827 ἐπληρώθη,
3203 758 3488 819 τουτέστιν,
3514 757 3633 807 ὅταν
3678 758 3780 827 (47)

2198 842 2383 901 πάντες
2430 840 2761 907 ἐπίστευσαν,
2822 844 2869 892 οἱ
2926 845 3015 913 μὲν
3073 842 3288 911 ἑκόντες,
3346 845 3394 893 οἱ
3447 840 3505 895 δὲ
3561 846 3777 905 ἄκοντες·

2198 928 2430 998 αἰγιαλὸν
2499 925 2557 980 δὲ
2625 934 2726 980 νοει
2798 932 2880 980 τὸν
2955 933 3129 999 τόπον,
3210 933 3329 982 ἔνθα
3392 931 3560 1002 μέλλει
3616 942 3781 1006 κρῖναι

2196 1018 2221 1067 ὁ
2292 1020 2498 1089 Κύριος·
2582 1016 2919 1087 συλλέγοντας
3005 1015 3083 1085 δὲ,
3170 1022 3286 1079 τοὺς
3352 1018 3623 1090 ἀγγελους,
3704 1026 3779 1073 καὶ

2194 1104 2325 1156 καλὰ
2368 1109 2457 1176 μεν
2502 1108 2798 1177 θηράματα,
2854 1110 2975 1167 τοὺς
3020 1103 3273 1166 δικαίους·
3324 1110 3498 1181 σαπρὰ
3544 1104 3621 1175 δὲ,
3672 1115 3781 1171 τοὺς

2194 1197 2465 1266 πονηρούςο
2539 1193 2723 1265 ἀγγεῖα
2799 1191 2878 1259 δὲ,
2952 1198 3045 1256 τὰς
3126 1195 3618 1269 ἀποκεκληρωμένας
3684 1205 3781 1257 τοῖς

2195 1279 2420 1344 δικαίοις
2462 1285 2640 1354 μονάς.
2693 1282 2865 1335 Τοῖλλα
2912 1279 2970 1335 δὲ
3017 1293 3107 1344 τῆς
3157 1283 3456 1359 παραϐολῆς
3497 1288 3693 1357 ὁμοίως
3731 1286 3779 1337 οὐ

2192 1370 2733 1444 πολυπραγμονητέον.

2263 1548 2443 1607 Οὕτως
2476 1579 2540 1587 —
2572 1547 2774 1609 αἰῶνος.
2808 1547 3008 1613 Οὕτως,
3041 1551 3111 1609 ὡς
3139 1548 3267 1623 ἐρεῖ,

2260 1636 2640 1698 Ἐξενεύσονται
2694 1668 2762 1678 -—
2812 1633 3052 1690 ὀδόντων.
3122 1642 3220 1689 Καὶ
3274 1641 3396 1708 μὴν,
3456 1636 3504 1688 ἓν
3557 1646 3630 1708 τῷ
3681 1639 3771 1701 ἐξῆν

434 1726 806 1796 sexagesimo
884 1724 1081 1796 primo
1160 1724 1351 1794 capite
1409 1721 1491 1777 ait
1569 1721 1698 1792 ipse
1782 1722 2073 1791 separabit

2197 1733 2361 1794 κοστῷ
2428 1730 2615 1794 πρώτῳ
2673 1724 2930 1796 κεφαλαίῳ
3007 1730 3183 1796 φησὶν,
3240 1730 3318 1777 ὅτι
3373 1725 3526 1786 αὐτὸς
3589 1728 3777 1800 ἁφοριεῑ

434 1831 537 1871 eos
569 1831 604 1870 a
634 1830 694 1869 se
736 1812 992 1867 invicem
1048 1813 1119 1865 ²⁰.
1183 1810 1336 1876 Quid
1393 1825 1533 1881 ergo
1564 1810 1881 1865 dicendum
1947 1811 2080 1865 est?

437 1903 747 1973 Quodipse
772 1901 1017 1971 quidem
1045 1899 1343 1971 separabit
1371 1915 1472 1953 eos
1503 1915 1611 1953 suo
1637 1915 1810 1969 μιεειι
1844 1916 1855 1952 ;
1886 1899 2080 1968 angeli

436 2007 576 2046 vero
593 1989 1069 2060 separabunteos
1084 1988 1445 2058 operatione,
1464 1992 1821 2058 praeceptum
1851 1987 2079 2042 Domini

438 2086 724 2149 tanquam
746 2077 998 2131 ministri
1024 2079 1429 2147 exsequentes.
1447 2075 1754 2128 Estautem
1776 2090 2074 2145 separare,

434 2167 717 2222 dividere.
768 2166 915 2229 Quia
955 2180 1095 2219 vero
1130 2164 1188 2217 in
1233 2163 1351 2216 ﬁne
1394 2162 1695 2233 parabolae
1736 2161 1884 2216 dixit
1912 2163 2077 2233 quod

433 2272 619 2327 prava
648 2254 807 2309 foras
860 2252 1218 2322 abjecerunt,
1255 2266 1327 2304 ne
1379 2250 1512 2321 quis
1562 2249 1896 2320 suspicetur
1952 2250 2075 2305 sine

430 2342 693 2415 periculo
750 2358 877 2396 esse
926 2340 1219 2410 ejusmodi
1252 2339 1627 2408 ejectionem,
1658 2339 2076 2409 interpretatur

428 2434 648 2497 dicens,
680 2431 833 2501 quod
869 2431 1045 2485 etiam
1069 2428 1296 2483 mittent
1350 2443 1451 2482 eos
1485 2427 1543 2481 in
1570 2427 1873 2481 caminum
1896 2427 2072 2496 ignis,

429 2526 486 2577 et
517 2528 744 2576 caetera.

498 2610 665 2665 Vers.
702 2610 789 2663 51.
815 2606 967 2662 Dicit
1009 2637 1063 2645 -
1087 2604 1285 2661 omnia
1307 2606 1335 2660 ‘P
1362 2605 1502 2670 Quae
1526 2603 1798 2659 videlicet
1816 2604 1874 2657 in
1907 2620 2075 2674 para-

426 2696 579 2753 bolis
638 2696 978 2753 necessaria
1031 2696 1222 2750 sunt?
1285 2694 1454 2763 Atqui
1502 2692 1726 2747 sciebat
1784 2697 2072 2762 tanquam

429 2789 584 2842 Deus
604 2786 769 2858 quod
796 2802 865 2840 ea
889 2784 1319 2839 intellexerant.
1368 2781 1676 2852 Reliquum
1708 2786 1793 2836 est
1825 2796 1985 2850 ergo,
2013 2786 2076 2836 ut

427 2875 543 2931 hoc
575 2891 737 2930 more
768 2875 1035 2929 humano
1066 2870 1537 2939 interrogaverit.

506 2967 667 3018 Vers.
701 2964 788 3019 51.
840 2962 1059 3016 Dicunt
1112 2990 1182 3000 -—
1212 2961 1368 3013 Vers.
1403 2960 1491 3013 52.
1540 2966 1751 3014 vetera.
1788 2960 1931 3013 Cum
1991 2957 2073 3012 illi

432 3053 783 3110 fassiessent
800 3067 859 3105 se
880 3048 1220 3117 intelligere,
1245 3046 1599 3119 parabolam
1620 3047 1911 3136 subinl'ert
1936 3063 2071 3117 quae
2110 3084 2148 3136 Ο

429 3144 660 3207 doceat,
690 3156 899 3196 omnes
918 3138 1171 3207 legitime
1198 3137 1422 3208 abipso
1454 3136 1719 3200 edoctos,
1749 3135 2074 3204 intelligen-

428 3232 509 3289 tia
539 3232 837 3287 ditescere.
892 3228 1121 3295 Omnis,
1161 3226 1367 3298 inquit,
1402 3225 1597 3281 scriba
1650 3226 1768 3280 sive
1833 3225 2072 3295 sapiens

425 3322 667 3376 edoctus
698 3335 733 3374 a
762 3332 897 3387 rege
951 3315 1238 3371 ccelorum
1278 3314 1373 3386 qui
1408 3319 1493 3368 est
1546 3314 1828 3380 Christus,
1861 3311 2069 3367 intelli-

424 3410 619 3479 gentia
657 3408 821 3463 dives
878 3411 967 3459 est
1000 3423 1011 3470 ;
1042 3406 1306 3467 edoctus,
1340 3402 1610 3473 inquam,
1673 3402 1749 3456 ab
1777 3418 1847 3455 eo
1889 3401 2071 3471 prius-

423 3515 605 3568 quam
622 3496 844 3550 scilicet
873 3493 1111 3548 fallatur
1145 3508 1157 3557 ;
1187 3497 1241 3545 et
1272 3490 1481 3544 similis
1510 3489 1699 3543 factus
1726 3493 1811 3543 est
1842 3487 2068 3543 homini

421 3584 856 3656 patrifamilias,
899 3580 957 3634 id
989 3585 1093 3645 est,
1149 3578 1325 3641 diviti,
1357 3579 1462 3648 qui
1500 3577 1794 3647 depromit
1823 3576 2067 3647 quando

420 3674 539 3727 vult
568 3673 642 3726 de
674 3671 947 3724 thesauro
976 3684 1083 3722 suo
1111 3682 1313 3730 novas,
1336 3672 1679 3735 veteresque
1707 3680 1802 3719 res
1817 3681 2058 3720 aureas.

417 3758 763 3829 Intelligitur
794 3760 993 3811 autem
1025 3771 1129 3826 per
1160 3769 1335 3820 nova,
1367 3753 1691 3808 intellectus
1721 3756 2070 3809 NoviTesta-

418 3848 649 3909 menti;
711 3862 809 3916 per
866 3851 1064 3899 vetera
1150 3847 1373 3907 autem,
1426 3841 1674 3898 Veteris.
1710 3842 1881 3907 Quod
1936 3859 2067 3899 vero

418 3936 577 4000 dicit,
610 3935 939 4002 Propterea,
981 3948 1099 3987 non
1150 3937 1239 3986 est
1270 3946 1429 3985 nunc
1482 3946 1678 3987 causa
1710 3930 2066 3986 redditivum

420 4024 524 4079 sed
555 4022 1023 4086 conﬁmativum,
1057 4021 1116 4075 id
1144 4026 1251 4086 est,
1281 4035 1436 4075 vere.

494 4115 651 4169 Vers.
688 4111 771 4165 53.
804 4110 880 4165 Et
914 4142 977 4149 —
1007 4111 1164 4164 Vers.
1213 4108 1301 4161 54.
1336 4109 1603 4164 illorum.
1657 4108 1906 4165 Patriam
1937 4111 2065 4180 ejus

416 4208 587 4259 vocat
635 4200 914 4257 Nazareth
947 4205 1231 4269 tanquam
1272 4198 1528 4270 patriam
1571 4198 1767 4255 Matris
1798 4199 1953 4270 ejus,
2009 4201 2064 4253 et

414 4293 569 4348 illius
595 4291 697 4363 qui
720 4288 1043 4362 putabatur
1072 4294 1231 4358 pater
1254 4288 1380 4357 ejus
1414 4304 1426 4340 ε
1458 4294 1511 4341 et
1543 4293 1832 4359 tanquam
1862 4287 2062 4342 locum

2191 1814 2377 1874 αὐτοὺς
2408 1811 2495 1864 ἀπ’
2525 1812 2776 1870 ἀλλήλων,
2822 1817 2883 1865 Τί
2914 1810 2999 1864 οὖν
3045 1816 3184 1865 ἔστιν
3226 1813 3419 1879 εἰπείν;
3457 1814 3575 1867 Ὀτι
3622 1813 3775 1875 αὗτδς

2188 1904 2277 1972 μὲν
2328 1900 2530 1973 ἀφοριεῐ
2572 1902 2761 1962 αὐτούς
2809 1910 2879 1971 τῷ
2928 1904 3315 1975 προστάγματι·
3368 1904 3417 1954 οἱ
3468 1900 3529 1954 ὁδὲ
3569 1904 3776 1975 ἄγγελοι

2189 1988 2493 2061 ἀφοριοῦσιν
2555 1990 2744 2050 αὐτοὺς
2794 1998 2854 2061 τῇ
2925 1994 3169 2063 ἐνεργείᾳ,
3228 1995 3283 2041 τὸ
3349 1996 3669 2063 πρόσταγμα
3722 1998 3773 2044 τό

2188 2082 2497 2129 Δεσποτικον
2554 2086 2617 2138 ὡς
2672 2082 2925 2149 ὑπηρέται
2988 2080 3315 2153 πράττοντες.
3377 2080 3672 2154 Ἀφορίζειν
3725 2079 3777 2134 δέ

2186 2166 2297 2217 ἐστι
2340 2170 2395 2217 τὸ
2442 2163 2805 2239 ὃιαχωρίζειν.
2861 2167 2999 2219 Ἐπεὶ
3050 2164 3109 2219 ὁε
3156 2167 3202 2218 ἐν
3252 2176 3322 2237 τῷ
3369 2167 3497 2219 τελει
3543 2166 3643 2229 τῆς
3690 2190 3779 2221 παι

2183 2253 2406 2327 ραϐολῆς
2463 2252 2615 2319 εἶπεν,
2678 2256 2755 2306 ὅτι
2813 2258 2876 2307 τὰ
2931 2258 3107 2329 σαπρὰ
3164 2255 3257 2317 ἔξω
3314 2255 3508 2321 ἔϐαλον,
3570 2258 3657 2308 ἶνα
3711 2260 3773 2329 μή

2184 2344 2413 2415 ὑπολάϐῃ
2445 2364 2539 2406 τις,
2586 2341 2857 2395 ἀκίνδυνον
2905 2343 3033 2395 εἶναι
3074 2348 3165 2401 τὴν
3205 2346 3446 2402 τοιαύτην
3492 2344 3779 2416 ἐξαγωγὴν,

2183 2434 2478 2503 ἡρμήνευσε
2507 2436 2724 2501 ταύτην,
2760 2432 2995 2505 εἰρηκὼς,
3045 2434 3125 2484 ὅτι
3171 2437 3259 2484 καὶ
3306 2432 3556 2504 βαλοῦσιν
3600 2438 3782 2492 αὐτοὺς

2183 2522 2255 2582 εἰς
2280 2527 2371 2578 τὴν
2410 2524 2621 2593 κάμινον
2653 2529 2743 2572 τοῦ
2772 2524 2954 2595 πυρὸς,
2987 2526 3074 2573 καὶ
3105 2523 3168 2573 τά
3197 2521 3334 2583 ἑξῆς.

2252 2615 2406 2678 Λέγει
2437 2642 2503 2650 —
2548 2613 2754 2676 πάντα;
2801 2612 2877 2662 Τά
2920 2609 3177 2680 ἀναγκαῖα
3221 2606 3428 2668 δηλαδὴ
3477 2618 3575 2662 τῶν
3624 2630 3783 2683 παρα-

2183 2698 2360 2751 ϐολῶν.
2427 2704 2525 2751 Καὶ
2593 2704 2716 2769 μὴν,
2779 2702 2845 2759 ὡς
2905 2703 3034 2758 Θεὸς
3082 2698 3373 2769 ἐγὶνωσκεν,
3427 2701 3507 2751 ὃτι
3552 2709 3782 2758 συνῆκαν

2183 2787 2336 2855 αὐτὰ,
2366 2787 2543 2839 λοιπὸν
2574 2783 2681 2853 οὖν,
2715 2789 2782 2848 ὡς
2809 2788 3073 2859 ἅνθρωπος
3100 2794 3251 2839 τοῦτο
3277 2788 3537 2860 ἠρώτησε.

2255 2967 2511 3034 Λέγουσιν
2586 2995 2652 3003 --
2724 2962 2946 3020 παλαιά,
3030 2963 3492 3035 Ὀμολογησᾶιντων
3566 2973 3777 3034 γνῶναι,

2182 3050 2315 3120 λέγει
2363 3050 2656 3123 παραϐολήν
2704 3048 3094 3121 διδάσκουσαν,
3128 3054 3205 3103 ὅτι
3243 3054 3428 3112 πάντες
3471 3054 3518 3103 οἱ
3547 3057 3779 3121 γνησίως

2185 3139 2323 3190 αὗτώ
2386 3142 2787 3211 μαθητευθέντες
2850 3140 3130 3192 πλουτοῦσι
3190 3149 3406 3211 γνῶσιν,
3482 3146 3593 3201 Πᾶς
3662 3143 3779 3213 γὰρ,

2185 3232 2333 3299 φησὶ,
2396 3232 2758 3301 Γραμματευς,
2828 3232 2968 3291 ἦτοι,
3048 3233 3225 3300 σοφὸς,
3295 3230 3647 3300 μαθητευθεὶς
3716 3236 3781 3297 τῷ

2184 3316 2392 3368 Βασιλεῖ
2438 3326 2536 3369 τῶν
2586 3318 2832 3391 οὐρανῶν,
2885 3317 2939 3377 ὃς
2994 3316 3134 3369 ἔστιν
3187 3319 3211 3369 ὁ
3262 3320 3512 3390 Χριστὸς,
3575 3317 3786 3369 πλουτεῖ

2180 3414 2392 3475 γνῶσιν.
2448 3408 2801 3466 Μαθητευθεὶς
2853 3402 2910 3458 δὲ
2959 3406 3120 3476 αὐτῷ,
3171 3410 3270 3480 πρὸ
3320 3406 3431 3476 (48)
3483 3413 3579 3457 τοῦ
3640 3425 3786 3477 σοφι-

2184 3495 2373 3551 σθῆναι
2425 3491 2686 3551 δηλονότι.
2747 3499 2845 3547 Καὶ
2904 3497 3060 3546 ἔοικεν
3109 3494 3357 3566 ἀνθρώπῳ
3408 3492 3786 3565 οἰκοὸεσπότῃ,

2180 3587 2435 3651 τουτέστι,
2487 3582 2738 3653 πλουσίῳ,
2796 3585 2942 3643 ὅστις
2990 3582 3239 3648 ἐκϐάλλει,
3292 3583 3372 3634 ὅτε
3418 3580 3697 3653 βούλεται,
3739 3582 3789 3633 ἐκ

2180 3679 2269 3721 τοῦ
2332 3672 2599 3744 Θησαυροῦ
2668 3671 2821 3723 αὐτοῦ
2892 3674 3047 3722 καινὰ
3118 3676 3207 3723 καὶ
3273 3670 3470 3722 παλαια
3540 3676 3781 3744 χρυσία.

2178 3767 2431 3813 Νοοῦνται
2472 3756 2550 3825 δὲ,
2588 3761 2741 3810 καινά
2784 3762 2896 3830 μὲν,
2937 3763 3002 3811 τὰ
3048 3768 3143 3821 τῆς
3182 3764 3315 3821 Νέας
3352 3760 3625 3820 Διαθὴκης
3674 3766 3790 3814 νοη-

2178 3867 2338 3921 μαῖον
2388 3847 2585 3900 παλαιὰ
2621 3844 2700 3914 δὲ,
2741 3850 2807 3899 τὰ
2850 3857 2943 3910 τῆς
2975 3848 3225 3908 Παλαιᾶς.
3259 3853 3327 3900 Τό
3372 3844 3431 3899 δὲ
3470 3850 3570 3899 Διά
3610 3856 3787 3912 τοῦτο,

2178 3936 2272 3988 οὐκ
2330 3939 2440 3988 ἔστι
2496 3944 2582 3987 νῦν
2640 3936 3007 4009 αἰτιολογικὸν,
3063 3936 3191 3989 ἀλλὰ
3248 3934 3618 4009 βεϐαιωτικὸν,
3680 3940 3793 3988 ἀντὶ

2176 4033 2290 4091 τοῦ,
2326 4025 2553 4086 Ἀληθῶς
2569 4069 2580 4080 ,

2251 4118 2349 4165 Καὶ
2388 4143 2457 4154 -
2498 4116 2685 4166 αὐτῶν.
2721 4109 2963 4188 Πατρίδα
3003 4113 3160 4165 αὐτοῦ
3198 4112 3351 4185 λέγει,
3386 4116 3478 4170 τὴν
3514 4113 3793 4188 Ναζαρὲτ,

2176 4203 2239 4262 ὡς
2268 4198 2503 4274 πατρίδα
2548 4210 2639 4262 τῆς
2683 4206 2892 4275 Μητρὸς
2945 4201 3105 4254 αὐτοῦ
3154 4206 3242 4253 καὶ
3292 4209 3381 4253 τοῦ
3438 4204 3795 4274 νομιζομένου

2175 4294 2366 4364 πατρὸς
2416 4290 2598 4356 αὑτοῦ,
2647 4296 2735 4342 καὶ
2786 4293 2849 4351 ὡς
2890 4296 3099 4365 τραφεὶς
3131 4289 3179 4342 ἓν
3226 4289 3379 4361 αὐτῇ.
3424 4295 3568 4347 Φησὶ
3609 4294 3723 4363 γὰρ
3777 4290 3799 4339 ὁ

413 4381 519 4437 ubi
546 4380 801 4436 nutritus
842 4383 979 4433 erat.
1023 4376 1168 4431 Dicit
1211 4377 1370 4431 enim
1402 4375 1587 4431 Lucas
1638 4376 1805 4447 quod
1834 4376 2064 4431 venerit

2197 4384 2405 4442 touxig,
2439 4381 2517 4429 ὅτι
2546 4384 2634 4430 καὶ
2672 4376 2820 4436 ἦλθεν
2848 4378 2919 4441 εἰς
2947 4384 3040 4436 τὴν
3072 4379 3331 4451 Ναζαρὲτ,
3369 4378 3429 4430 οὗ
3459 4374 3521 4436 ἦν
3566 4380 3799 4452 τεθραμ-

410 4469 699 4525 Nazareth
724 4467 821 4523 ubi
849 4466 1040 4523 fuerat
1063 4466 1312 4520 nutritus
1343 4467 1410 4500 ²¹·
1434 4464 1695 4520 Docebat
1722 4469 1921 4520 autem
1937 4481 2057 4520 eos.

411 4557 570 4623 Quos
594 4557 621 4609 ?
646 4557 758 4611 Eos
790 4555 1058 4611 videlicet
1078 4554 1225 4626 quie
1249 4554 1440 4625 patria
1457 4570 1565 4609 sua
1587 4558 1771 4608 erant.
1801 4555 2055 4610 Causam

408 4661 544 4699 vero
574 4651 815 4715 propter
844 4660 1029 4715 quam
1056 4644 1111 4697 in
1143 4657 1454 4714 synagoga
1479 4641 1748 4706 docebat,
1784 4643 2063 4713 praedixi-

409 4748 547 4789 mus
576 4733 637 4787 in
666 4732 957 4803 principio
987 4732 1420 4802 quarticapitis.

481 4859 531 4895 ²⁰
569 4856 768 4913 Matth.
803 4870 969 4927 χχιιι,
1001 4856 1094 4914 32.
1179 4858 1223 4892 ²¹
1258 4857 1394 4911 Luc.
1424 4872 1499 4923 1v,
1540 4861 1622 4912 16.

2172 4470 2336 4539 μένος.
2373 4463 2659 4519 Ἐδίδασκε
2701 4463 2757 4518 δὲ
2807 4467 3015 4533 αὐτοὺς,
3066 4471 3247 4531 τίνας;
3278 4462 3487 4524 Δηλαδὴ
3533 4470 3665 4527 τοὺς
3708 4474 3801 4525 τὶς

2172 4553 2429 4629 πατρίδος
2469 4556 2646 4611 αὐτοῦ.
2685 4561 2788 4613 Τὴν
2822 4555 2991 4607 αἰτίαν
3024 4552 3101 4621 δὲ,
3151 4554 3221 4607 δι’
3264 4558 3324 4613 ἢν
3371 4554 3420 4605 ἐν
3466 4562 3583 4615 ταῖς
3626 4575 3799 4607 onwa-

2170 4654 2364 4717 γωγαῖς
2417 4642 2682 4710 διδάσκει,
2734 4649 3110 4720 προειρήκαμεν
3151 4642 3197 4695 ἐν
3248 4642 3390 4717 ἀρχῇ
3454 4651 3550 4695 τοῦ
3609 4647 3799 4715 τετάρν

2172 4754 2263 4787 του
2293 4733 2588 4807 κεφαλαίου.

1625 5008 1841 5079 Variae
1861 5009 2198 5079 lectiones
2242 5019 2307 5077 et
2337 5018 2534 5077 notas.

505 5208 592 5265 47)
628 5216 726 5262 Ora
756 5208 821 5262 A.

628 5216 726 5336 0E:
756 5208 1070 5333 Alientenii
1134 5276 1636 5359 interpretatione,
1688 5292 1814 5404 qum
1855 5282 2057 5361 tamen

473 5368 645 5404 nsum
685 5365 807 5404 non
839 5355 926 5404 est
952 5349 1601 5404 assecutanntelltmtur
1633 5365 1698 5404 sa
1725 5356 1860 5404 tem.
1890 5350 2057 5404 illum

401 5349 646 5407 sensum
685 5365 807 5406 non
839 5355 926 5404 est
952 5349 1601 5419 assecuta,intelligitur
1633 5349 1861 5420 saltem,
1890 5350 2059 5406 illum

399 5439 642 5497 quoque
672 5425 731 5505 in
764 5420 1104 5505 suo‘codice
1151 5420 1617 5505 reperissenwpé.
1658 5422 1727 5503 Si.
1770 5436 1913 5503 ergo
1962 5424 2061 5505 πρὸ

396 5490 732 5551 neceSsario
765 5490 1177 5563 exglipan‘lum
1218 5490 1331 5553 est,
1383 5490 1551 5563 aliter
1609 5494 1794 5563 accipi
1834 5490 2060 5563 nequit,

398 5583 586 5640 quam
642 5571 762 5639 πρὶν
840 5559 1173 5636 διδαχθῆναι
1223 5563 1344 5637 παρ’
1403 5561 1683 5638 ἀνθρώπων
1742 5559 1807 5615 τὰ
1865 5559 2062 5635 ἀνθρώ-

2164 5226 2284 5269 ποις
2312 5202 2587 5271 δοκοῦντα,
2634 5202 2744 5256 ἀλλ’
2778 5202 2835 5255 οὗ
2884 5211 3018 5275 Θεῷ.
3064 5206 3182 5259 Hoc
3238 5206 3436 5275 autem
3459 5202 3641 5275 _mihj
3686 5204 3809 5260 dis‘

2167 5278 2362 5351 plicet.
2388 5278 2583 5351 Malim
2609 5291 2751 5345 ergo
2770 5272 3057 5351 sententia
3078 5272 3589 5351 commodissima
3618 5281 3686 5332 et
3710 5291 3811 5331 ex-

2169 5347 2561 5421 peditissima,
2602 5350 2730 5421 πρὸς
2766 5350 2825 5399 τὸ
2862 5348 3177 5421 σοφισᾷῆναι
3212 5347 3372 5421 παρὰ.
3394 5352 3482 5397 νοῦ
3520 5354 3806 5421 ﬁgis-toi.

2170 5416 2529 5483 Μαθητευθείς
2557 5416 2699 5490 ergo
2725 5433 2848 5474 non
2872 5416 2960 5475 δεῖ
2986 5418 3243 5489 edoctus,
3272 5416 3399 5487 Sed,
3431 5417 3541 5489 qui
3573 5416 3810 5477 Christi

2175 5492 2381 5547 schola
2411 5498 2466 5547 et
2498 5491 2770 5546 doctrina
2802 5506 2945 5546 usus
2976 5492 3084 5546 est.
