3906 6202
173 282 244 342 421
1005 277 1374 338 COMMENT.
1418 276 1487 335 IN
1523 275 1674 333 MAT'

1839 274 1959 332 UM.
2000 307 2069 318 —-
2107 278 2260 335 CAP.
2306 277 2448 333 XIII.

3317 272 3421 340 £22

226 409 412 460 Ὠστι-
448 401 697 477 δυνάμεις.
752 404 812 458 Ἣ
869 409 1026 478 σοφία
1074 413 1175 457 τῶν
1222 404 1404 475 λόγων,
1459 407 1548 456 καὶ
1606 406 1661 455 αἱ

1839 402 1995 456 Vers.
2025 404 2112 457 54.
2144 403 2241 458 Ita
2266 409 2329 458 ut
2357 434 2424 442 —
2453 401 2721 458 virtutes.
2746 398 3048 475 Sapientia
3076 421 3422 462 sermonum

171 494 348 566 δυνάμεις
379 500 458 545 τῶν
482 491 660 563 λόγων.
711 492 781 546 Ἠ
826 490 1068 567 δυνάμεις
1099 493 1244 545 καλεί
1286 495 1353 545 τὰ
1397 493 1657 562 θαύματα.

165 585 359 643 miram;
409 584 496 654 γὰρ
551 580 710 633 αὐτόν
778 582 1068 656 ὀψηλότερα
1130 588 1220 653 μὲν
1273 585 1364 632 καὶ
1427 580 1660 632 πιθανω-

160 690 250 745 τςοα
303 678 380 721 τῶν
436 668 584 721 πάλαι
655 669 978 745 περιϐοήτων
1044 667 1246 745 ἀνδρῶν
1311 664 1660 732 διδάσκοντα,

151 762 311 830 μείζονα
357 754 405 811 δὲ
450 759 686 830 θαύματα
742 766 1007 824 ποιοῦντα,
1071 763 1160 810 καὶ
1214 757 1533 829 ἀγνοοῦντες,
1583 758 1663 808 ὅτι

152 846 269 907 «ὠτός
310 843 358 904 ἦν
401 851 543 917 σοφία
593 853 730 901 Θεοῦ
791 852 880 899 καὶ
928 844 1169 919 δύναμις
1232 845 1526 917 ἐθαύμαζον
1573 846 1663 916 μὲν

149 939 342 994 καὶτοὺς
376 934 544 1005 λόγους
597 935 761 987 αὐτοῦ
814 942 905 988 καὶ
954 939 1019 988 τά
1070 938 1333 1009 θαύματα⁶
1392 935 1464 995 εἰς
1510 934 1665 985 αὐτόν

152 1019 209 1083 δι,
231 1027 296 1073 τὸν
317 1030 501 1075 τοιαῦτα
521 1020 855 1076 διδάσκοντα
878 1028 966 1077 καὶ
988 1032 1454 1097 τερατουργοῦντα,
1488 1022 1669 1074 ἐσκαν-

146 1106 373 1179 δαλίζοντο,
402 1108 467 1163 δι’
513 1109 669 1165 οὐδὲν
700 1112 889 1188 ἕτερον,
931 1116 960 1171 ἧ
1013 1110 1154 1165 διότι
1195 1116 1379 1185 γονέων
1425 1109 1487 1171 ἦν
1536 1111 1669 1164 εὐτε-

143 1199 228 1252 λῶν.
252 1199 359 1252 Ἀλλ’
385 1199 523 1260 ὄντως
572 1200 763 1272 τυφλὸν
812 1206 902 1253 καὶ
949 1200 1163 1260 ἀνόητον
1213 1203 1238 1253 ό
1295 1203 1497 1273 φθόνος.
1553 1199 1666 1271 Ἀφ’

140 1286 190 1337 ὧν
246 1290 326 1361 γὰρ
390 1284 487 1341 ἔδει
561 1288 757 1360 μᾶλλον
824 1289 1129 1361 θαυμάζειν,
1199 1294 1292 1342 καὶ
1364 1295 1674 1363 προσκυνεῖν

138 1375 268 1443 αὐτόν,
314 1378 381 1429 ότι
418 1379 667 1430 τοιούτων
710 1381 899 1450 γονέων
941 1385 1173 1441 τοιοῦτος
1225 1377 1481 1453 προῆλθεν
1531 1378 1669 1449 υἱός,

134 1461 207 1516 ἀπὸ
226 1465 385 1518 τούτων
407 1464 470 1528 εἰς
494 1466 657 1519 αὐτὸν
689 1462 1156 1528 σκανδαλίζονται.

180 1640 272 1712 Οὐχ
318 1640 449 1702 οὗτος
499 1673 573 1683 -
630 1641 735 1695 εἰσί
760 1658 775 1710 ;
818 1646 984 1695 Ταυτὶ
1050 1644 1222 1696 πάντα
1275 1641 1392 1695 κατ’
1470 1643 1641 1716 ἐρώτη

1769 493 1826 544 et
1858 488 2096 544 virtutes
2128 489 2463 546 verborum.
2497 492 2611 545 Aut
2641 492 2881 548 virtutes
2910 498 3085 548 vocat
3116 493 3424 550 miracula.

1770 577 2047 633 Videntes
2069 578 2227 634 enim
2246 596 2381 635 eum
2402 582 2715 640 docentem
2734 598 2868 654 quae
2890 582 3214 638 excelsiora
3235 587 3423 650 erant,

1772 665 2082 736 magisque
2133 667 2409 738 apposita
2447 670 2525 725 ad
2565 670 3052 742 persuadendum
3083 687 3268 742 quam
3299 688 3428 745 quae

1771 753 2094 810 docuerant
2121 755 2231 810 viri
2255 757 2558 826 quondam
2585 760 2870 829 insignes,
2906 759 3217 816 facientem
3246 761 3426 816 etiam

1773 842 2006 913 majora
2045 842 2347 909 miracula,
2390 850 2447 899 et
2483 845 2820 917 ignorantes
2858 863 2995 901 eum
3038 848 3137 902 Dei
3169 864 3300 905 esse
3339 866 3428 906 sa-

1771 930 2058 1002 pientiam
2086 946 2156 986 ac
2185 932 2477 998 virtutem,
2504 935 2876 991 mirabantur
2896 940 2951 990 et
2972 951 3278 992 sermones
3299 942 3427 1008 ejus

1774 1023 1830 1073 et
1876 1018 2184 1075 miracula.
2241 1019 2711 1079 Offendebantur
2758 1028 2954 1081 autem
3000 1039 3107 1093 per
3136 1041 3295 1091 eum,
3324 1028 3428 1097 qui

1775 1106 1915 1162 talia
1964 1106 2202 1162 doceret
2249 1124 2319 1163 ac
2350 1109 2639 1166 miracula
2682 1111 3036 1181 hujusmodi
3079 1112 3299 1179 ederet,
3348 1114 3428 1170 ob

1777 1193 1935 1250 aliud
1962 1194 2129 1264 nihil,
2151 1194 2266 1251 nisi
2286 1197 2450 1267 quod
2471 1197 2799 1255 humilibus
2815 1204 2980 1255 ortus
3007 1205 3159 1256 esset
3176 1201 3429 1272 parenti-

1776 1282 1917 1340 bus.
1940 1281 2055 1338 Sed
2066 1299 2202 1339 vere
2214 1299 2367 1339 caeca
2382 1290 2436 1341 et
2456 1286 2762 1343 insensata
2784 1304 2875 1343 res
2897 1294 2987 1343 est
3006 1289 3246 1345 invidia.
3270 1290 3435 1347 Unde

1781 1370 1939 1428 enim
1990 1372 2183 1441 magis
2231 1372 2516 1429 admirari
2551 1390 2813 1447 eumque
2861 1377 3109 1432 adorare
3159 1379 3432 1448 oportuit,

1781 1458 1946 1532 quod
1967 1459 2046 1516 ab
2066 1460 2366 1531 ejusmodi
2388 1463 2733 1534 parentibus
2754 1463 2883 1520 talis
2910 1465 3256 1536 progenitus
3286 1473 3438 1524 esset

1782 1547 1961 1619 ﬁlius,
1991 1548 2131 1604 inde
2160 1565 2261 1621 per
2291 1565 2427 1605 eum
2460 1550 2939 1608 oﬂ‘endebantur.

1853 1638 2018 1694 Vers.
2052 1641 2137 1698 55,
2169 1637 2260 1695 56.
2289 1638 2447 1695 Num
2476 1639 2572 1696 hic
2601 1669 2669 1681 -—
2704 1646 2843 1696 sunt
2872 1639 2901 1694 ?
2931 1643 3064 1697 Haec
3095 1642 3303 1700 omnia
3330 1659 3438 1716 per

129 1747 186 1780 σιν
238 1727 579 1801 ἀναγνωστέον.
654 1736 1038 1805 Λιαποροῦντες
1097 1732 1200 1804 γάρ
1266 1730 1437 1803 ἔλεγον
1504 1736 1674 1782 ταῦτα

1839 1724 2308 1795 ιιθττοεαῑὶοηεω
2338 1726 2592 1797 legenda
2621 1732 2759 1784 sunt
2785 1747 2798 1787 :
2829 1743 2973 1785 nam
2998 1729 3126 1786 haec
3154 1731 3436 1791 haesitan-

131 1819 225 1889 πρὸς
276 1815 520 1891 ἅλλήχους.
597 1822 734 1891 Πρὸς
805 1821 940 1892 ἡμᾶς
1011 1816 1089 1889 δε,
1168 1818 1283 1872 ἀντὶ
1354 1826 1468 1886 τοῦ,
1536 1825 1649 1893 Παρ

130 1923 235 1961 των.

155 1958 313 2046 ⁸Πόθον
361 2026 411 2036 -
470 1997 687 2063 πάντα;
717 1995 855 2068 Ὀρα
913 1994 1128 2068 βαθεῖαν
1181 1997 1381 2054 οἶνοιαν.
1440 1998 1670 2067 Λέγουσι

126 2081 218 2151 γὰρ,
260 2082 345 2144 ὅτι,
391 2083 533 2136 Ἐπεὶ
608 2087 797 2155 γονέων
853 2083 1062 2137 εὐτελῶν
1114 2084 1248 2151 ἐστι,
1307 2085 1458 2137 πόθεν
1514 2083 1668 2143 ἄλλοτ

129 2167 187 2217 On
226 2173 367 2242 τούτῳ
417 2181 589 2225 ταῦτα
640 2175 813 2225 πάντα
857 2177 1264 2247 προσεγένοντος
1308 2178 1408 2226 Καὶ
1455 2177 1578 2244 μὴν,
1628 2172 1668 2223 ὦ

124 2257 304 2324 μάταιοι,
330 2259 417 2312 οὐκ
458 2259 563 2314 ἀπό
614 2265 800 2331 γονέων
844 2261 1099 2332 εύκγείας,
1143 2258 1257 2314 οὐδ’
1306 2260 1409 2313 ἀπὸ
1457 2262 1670 2333 χρημά-

125 2361 197 2393 των
242 2342 510 2420 δαᾷιλείας,
576 2350 612 2409 ἦ
664 2352 902 2401 τοιούτου
952 2353 1111 2415 τινός,
1165 2347 1274 2401 ἀλλ’
1330 2348 1383 2411 ἐξ
1432 2352 1667 2422 εναρέτου

125 2430 330 2496 πολιτείας
369 2438 397 2496 ἠ
445 2447 648 2511 γνῶσις
674 2442 763 2490 καὶ
794 2440 861 2490 τὰ
890 2439 1132 2511 θαύματα
1156 2439 1324 2491 θεόθεν
1370 2445 1478 2499 τοῖς
1510 2435 1670 2500 ἀξίοις

121 2520 400 2590 χαρίζονται.

175 2610 502 2683 Καὶ-αύτῷ.
539 2612 688 2666 Ἀντὶ
714 2618 827 2678 τοῦ,
860 2612 975 2667 Ἐπ’
1006 2612 1168 2682 αύτῷ.

172 2701 223 2746 Ὀ
280 2693 333 2750 δε
379 2698 591 2763 Ἰησοῦς
639 2731 710 2741 ——
754 2700 934 2755 αὐτοῦ.
996 2700 1056 2753 Ὁ
1113 2697 1171 2753 δὲ
1232 2702 1443 2775 Μάρκος
1510 2701 1665 2764 εἶπεν,

118 2780 173 2833 ὅτι
216 2784 266 2838 Ei
308 2791 375 2858 μή
422 2787 472 2840 ἄν
518 2797 588 2862 τῇ
647 2785 868 2863 πατρίδι
919 2788 1098 2861 αὐτοῦ,
1150 2793 1241 2843 καὶ
1291 2788 1339 2841 ἄν
1392 2796 1503 2851 τοῖς
1547 2808 1670 2860 συγ-

112 2876 262 2939 γενέσι,
308 2881 393 2929 καὶ
447 2876 498 2929 ἓν
570 2885 640 2946 τῇ
703 2879 843 2949 οἰκίᾳ
916 2877 1096 2933 αὐτοῦ.
1166 2874 1670 2951 Παραδειγματικῶς

113 2954 157 3011 δε
199 2962 358 3016 ἑαυτὸν
402 2963 674 3025 ἐδήλωσεν
719 2967 744 3019 ὁ
786 2972 1037 3039 Χριστός.
1093 2968 1197 3021 Καὶ
1243 2966 1291 3019 έν
1334 2969 1424 3039 μὲν
1479 2975 1539 3039 τῇ
1574 2987 1670 3019 πα⁴¹

108 3046 223 3119 τρὶδι
270 3056 456 3128 cipue,
512 3052 618 3108 διὰ
670 3060 845 3107 πᾶσαν
901 3059 995 3113 τὴν
1042 3058 1304 3127 Ναζαρέτ·
1358 3053 1407 3107 ἐν
1461 3050 1520 3107 δὲ
1564 3062 1671 3118 τοῖς

109 3145 356 3209 ξυγγενέσι,
412 3141 507 3196 ὀιοέ
577 3146 700 3203 τοὺς
764 3139 1106 3202 ὁπωσδήποτε
1168 3150 1431 3215 συγγενεῖς
1488 3144 1666 3197 αὐτοῦ·

106 3222 144 3274 ἐν
181 3222 231 3280 δὲ
272 3238 332 3303 τῇ
386 3231 552 3304 οἰκίᾳ,
618 3228 711 3284 διὰ
765 3236 951 3304 μόνους
1007 3235 1131 3295 τοὺς
1180 3228 1436 3305 ἀδελφούς
1492 3233 1667 3287 αὐτοῦ*

105 3315 249 3376 πάντες
308 3322 406 3395 γὰρ
464 3321 639 3373 αὑτοῦ
689 3324 1054 3393 κατεφρόνουν·
1122 3322 1170 3373 οἱ
1235 3324 1345 3394 μὲν,
1418 3324 1483 3384 ὡς
1543 3343 1673 3395 συμ-

106 3411 377 3477 πατριώτου,
409 3410 460 3461 οἱ
507 3405 593 3481 δί,
645 3411 710 3469 ὡς
744 3416 1044 3479 συγγενοῦς,
1090 3411 1139 3461 οἱ
1188 3406 1264 3481 δὲ,
1311 3411 1383 3471 ὡς
1429 3407 1671 3483 ἀδελφοῦ.

105 3496 174 3543 Διό
237 3502 320 3549 καὶ
402 3498 687 3570 ὑπερφυῶς
766 3494 1160 3570 εὐδοκιμοῦντος
1239 3496 1675 3561 ἐσκανδαλίζοντο

104 3575 168 3629 ἔπ’
209 3583 359 3655 αὐτῷ.
413 3590 719 3651 τουτέστιν,
767 3585 861 3638 οὐκ
909 3583 1168 3647 ἠδύναντο
1224 3591 1484 3641 πιστεύειν
1536 3589 1676 3660 αὐτῷ

104 3664 181 3719 διὰ
202 3675 281 3723 τόν
324 3676 531 3745 φθόνον,
581 3674 631 3726 εἰ
673 3678 764 3726 καὶ
807 3676 855 3725 οἱ
903 3677 992 3745 μὲν
1038 3674 1225 3740 πλεῖον,
1280 3678 1327 3728 οἱ
1370 3673 1429 3729 δὲ
1472 3677 1676 3730 ἔλαττον

105 3756 327 3826 ἑφθόνουν.
398 3762 512 3815 Ούκ
583 3765 730 3815 ἔστιν
804 3762 910 3829 οὖν,
997 3768 1147 3835 φησὶ,
1227 3769 1493 3838 προφήτης
1557 3768 1677 3819 ἅτι-

99 3864 196 3913 μος,
223 3849 337 3921 παρ’
369 3850 484 3922 (49)
518 3852 607 3912 οἷς
649 3847 793 3904 δοκεῖ
835 3856 1124 3924 προφήτης,
1178 3852 1221 3905 εἰ
1262 3858 1333 3925 μὴ
1381 3852 1428 3905 ἐν
1472 3862 1532 3927 τῇ
1583 3875 1679 3907 πα-

102 3930 229 4002 τρίδι
289 3938 443 3991 αὐτοῦ
497 3944 599 3991 καὶ
677 3938 725 3991 ἄν
796 3946 905 4000 τοῖς
968 3944 1262 4011 συγγενέσι,
1341 3946 1429 3994 καὶ
1493 3942 1540 3994 ἐν
1616 3951 1677 4016 τῇ

100 4020 223 4095 οἰκίᾳ
280 4026 458 4082 mirati.
528 4026 702 4081 Οὗτοι
767 4026 886 4101 λὰρ,
942 4032 1114 4080 καίτοι
1185 4034 1455 4101 προφήτην
1527 4030 1681 4083 αὐτὸν

100 4103 288 4176 εἰδότες,
348 4116 491 4187 ὅμως
550 4122 972 4191 καταφρονοῦσιν
1044 4115 1223 4181 αὐτοῦ,
1302 4113 1396 4170 διοὲ
1469 4137 1523 4170 τε
1588 4123 1683 4178 τὴν

96 4193 320 4267 ῥηθεῖσαν
366 4203 564 4269 αἰτίαν,
636 4208 723 4256 καὶ
779 4200 920 4257 διότι
966 4207 1031 4257 τὰ
1093 4207 1313 4271 συνήθη,
1370 4205 1684 4279 εὐκαταφρό-

99 4303 231 4341 ma.
280 4290 337 4341 '0
401 4290 463 4345 δε
517 4298 739 4355 Λουκᾶς
793 4289 948 4358 εἶπεν,
1017 4294 1099 4346 ὃτι
1154 4289 1349 4354 Οὐδεὶς
1417 4298 1689 4368 προφήτης

107 4368 263 4438 δεκτός
306 4377 446 4433 ἔστιν
494 4379 549 4433 ἐν
610 4388 673 4453 τῇ
729 4378 949 4454 πατρίδι
1000 4381 1182 4451 αὐτοῦ,
1238 4377 1420 4434 δεκτόν
1458 4381 1689 4435 κάκεῖνον

103 4460 267 4532 λέγων,
290 4472 369 4519 τὸν
388 4473 600 4541 τίμιον.

178 4549 270 4603 Καὶ
308 4584 369 4595 -—
420 4557 627 4609 αὐτῶν.
690 4557 957 4629 Δυνάμεις,
1004 4558 1070 4609 τὰ
1127 4557 1371 4629 θαύματα
1418 4557 1572 4630 λέγει,
1624 4560 1694 4621 ὡς

113 4631 349 4711 δνιάμευς
402 4647 549 4706 θείας
603 4646 749 4719 ἔργα.
799 4648 897 4698 Καὶ
930 4646 1026 4720 ὅρα
1065 4649 1268 4718 σοφίαν.
1317 4646 1559 4706 Ἐποίησε
1605 4650 1694 4720 μὶν

110 4729 217 4799 γὰρ,
262 4731 341 4783 ἱνα
386 4737 460 4804 μή
513 4730 800 4799 δύνωνται,
846 4732 1029 4805 λέγειν,
1088 4735 1169 4786 ὅτι
1221 4741 1405 4788 Μισῶν
1453 4737 1592 4808 ἡμᾶς
1636 4736 1695 4789 ού

116 4815 355 4887 θεραπεύει
408 4826 541 4883 τούς
602 4821 652 4874 ἓν
709 4823 833 4894 ἡμῖν
897 4829 986 4876 καὶ
1041 4824 1143 4890 ὅτι,
1211 4823 1273 4877 Εἰ
1328 4822 1537 4883 ἕποίησε
1608 4831 1698 4879 καὶ

115 4906 218 4986 μῆρ’
266 4910 412 4981 ἡμῖν,
457 4909 849 4983 ἕπεστώσαμεν
900 4912 961 4963 ἄν
1015 4916 1107 4965 καὶ
1155 4913 1323 4986 ἡμεῖς.
1383 4913 1459 4966 Οὔ
1509 4912 1697 4976 πολλὰς

112 4983 179 5061 δί,
241 4991 330 5051 διὰ
397 5003 499 5060 τὸν
571 4997 825 5054 ἀπιστίαν
897 4999 1088 5075 αὐτῶν,
1146 5002 1228 5056 ὅτι
1277 5006 1366 5058 καὶ
1419 5006 1697 5076 γινομένων

166 5171 391 5236 “lare.
420 5192 509 5244 γι,
542 5180 606 5235 4.
635 5180 682 5216 ³³
707 5178 842 5236 Luc.
869 5192 950 5245 iv,
967 5180 1061 5236 24.

1780 1816 1869 1870 tes
1898 1811 2157 1869 invicem
2187 1813 2491 1873 dicebant.

1849 1990 2012 2047 Vers.
2046 1995 2132 2046 56.
2188 1991 2353 2048 Unde
2382 2022 2450 2034 —
2487 1990 2686 2049 omnia
2724 1993 2753 2049 7
2784 1993 2925 2051 Vide
2957 1998 3290 2055 extremam
3329 1998 3433 2055 de-

1779 2079 2087 2134 mentiam.
2118 2078 2326 2135 Dicunt
2347 2080 2504 2135 enim
2530 2097 2544 2135 :
2568 2080 2920 2137 Parentibus
2940 2088 3106 2140 ortus
3131 2093 3222 2141 est
3250 2087 3435 2143 tenui-

1779 2165 1892 2222 bus
1913 2166 2072 2222 unde
2099 2182 2239 2236 ergo
2261 2168 2399 2223 huic
2419 2169 2623 2225 omnia
2644 2170 2756 2225 ista
2782 2178 3183 2242 provenerunt
3207 2174 3235 2228 ?
3255 2175 3433 2247 Atqui

1777 2270 1813 2310 o
1845 2255 1997 2321 vani,
2034 2271 2144 2309 non
2171 2255 2250 2311 ob
2276 2262 2592 2327 parentum
2624 2259 3100 2327 generositatem,
3144 2279 3325 2334 neque
3355 2264 3434 2319 ob

1777 2341 2113 2398 divitiarum
2147 2341 2531 2410 afﬂuentiam,
2565 2351 2668 2402 aut
2697 2345 2859 2402 aliud
2892 2347 3202 2420 quippiam
3228 2351 3436 2423 hujus-

1778 2430 1963 2497 modi,
2024 2430 2127 2486 sed
2184 2431 2264 2487 ob
2316 2434 2623 2502 egregiam
2679 2434 2859 2490 vitam
2924 2436 3307 2508 intelligentia
3364 2456 3436 2496 ac

1776 2518 2067 2575 miracula
2095 2519 2379 2576 divinitus
2415 2521 2508 2576 his
2537 2521 2643 2593 qui
2673 2521 2838 2591 digni
2873 2531 3014 2579 sunt
3044 2526 3360 2583 donantur.

1847 2609 2011 2665 Vers.
2052 2611 2139 2663 57.
2173 2608 2249 2663 Et
2283 2639 2346 2649 —
2377 2624 2527 2666 eum.
2563 2609 2685 2666 Hoc
2710 2616 2800 2666 est
2828 2627 3007 2684 super
3030 2611 3156 2671 illo.

1844 2696 2004 2751 Vers.
2061 2696 2149 2751 57.
2205 2697 2368 2753 Jesus
2417 2705 2613 2754 autem
2643 2728 2712 2738 —
2763 2715 2896 2755 sua.
2957 2702 3182 2757 Marcus
3233 2708 3435 2761 autem

1775 2781 1921 2839 dixit
1952 2800 1965 2838 :
2006 2784 2137 2840 Nisi
2175 2784 2235 2839 in
2267 2786 2471 2855 patria
2507 2801 2635 2855 sua,
2674 2790 2727 2841 et
2766 2786 2918 2843 inter
2953 2797 3240 2860 cognatos,
3284 2797 3339 2847 et
3376 2793 3435 2846 in

1775 2870 1939 2927 domo
1965 2886 2096 2927 sua.
2130 2873 2178 2907 ¹²
2197 2872 2287 2927 Ab
2314 2873 2588 2945 exemplo
2618 2879 2820 2930 autem
2854 2875 3109 2947 seipsum
3138 2878 3433 2948 signiﬁca-

1776 2960 1855 3016 vit
1875 2961 2157 3027 Christus,
2185 2962 2263 3017 Et
2284 2964 2347 3018 in
2367 2964 2593 3032 patria,
2617 2963 2765 3021 dixit
2787 2971 3032 3038 propter
3052 2973 3234 3025 totam
3256 2972 3435 3028 Naza-

1775 3050 1925 3107 reth.
1946 3051 2110 3107 Inter
2133 3058 2405 3122 cognatos
2428 3068 2568 3109 vero
2590 3060 2832 3126 propter
2858 3071 2959 3111 eos
2978 3058 3080 3129 qui
3097 3060 3435 3131 quomodo-

1777 3154 2014 3211 cunque
2032 3139 2270 3209 cognati
2301 3140 2351 3210 ej
2363 3157 2429 3195 us
2446 3148 2612 3197 erant
2638 3157 2652 3207 ;
2678 3146 2737 3197 In
2759 3143 2942 3199 domo
2959 3152 3178 3210 autem,
3197 3154 3439 3219 propter

1779 3227 1939 3284 solos
1964 3226 2172 3284 fratres
2198 3228 2339 3298 ejus.
2374 3228 2593 3284 Omnes
2620 3229 2779 3285 enim
2810 3231 3218 3300 despiciebant
3249 3251 3388 3292 eum
3421 3253 3436 3304 ;

1778 3316 1861 3373 illi
1888 3315 2129 3389 quidem
2161 3321 2452 3388 tanquam
2482 3316 2823 3388 patriotam,
2856 3319 2948 3374 isti
2980 3334 3122 3375 vero
3154 3322 3317 3377 velut
3345 3339 3440 3380 co-

1781 3412 2053 3475 gnatum,
2084 3404 2145 3460 hi
2176 3408 2375 3460 autem
2405 3404 2579 3476 quasi
2610 3403 2881 3463 fratrem.
2918 3406 3059 3462 Ideo
3090 3409 3269 3464 etiam
3300 3427 3441 3468 cum

1782 3492 2301 3566 supernaturaliter
2331 3493 2833 3562 magniﬁcaretur,
2867 3493 3327 3554 oﬂ‘endebantur
3352 3517 3443 3554 su-

1782 3597 1888 3655 per
1904 3597 1994 3648 eo,
2018 3581 2133 3638 hoc
2154 3586 2264 3651 est,
2288 3588 2533 3654 propter
2554 3581 2844 3638 invidiam
2864 3583 2915 3638 ei
2932 3585 3171 3641 credere
3188 3601 3311 3643 non
3334 3604 3443 3659 po-

1783 3675 1974 3727 terant
2001 3686 2022 3736 ;
2049 3671 2157 3727 etsi
2185 3670 2434 3743 quidam
2467 3671 2682 3742 magis,
2713 3670 2963 3744 quidam
2995 3677 3199 3730 autem
3247 3676 3448 3732 minus

1785 3759 2137 3816 inviderent.
2195 3760 2329 3816 Non
2385 3762 2469 3816 est
2511 3776 2674 3831 ergo,
2731 3760 2945 3833 inquit,
2997 3763 3273 3833 propheta
3328 3768 3450 3822 sine

1788 3849 2005 3906 honore
2035 3849 2199 3921 apud
2224 3865 2377 3921 quos
2407 3849 2639 3905 videtur
2668 3850 2985 3921 propheta,
3014 3853 3132 3907 nisi
3159 3856 3222 3909 in
3245 3855 3447 3923 patria

1788 3953 1897 3994 sua
1926 3944 1978 3995 et
2006 3938 2161 3993 inter
2177 3944 2455 4007 cognatos
2476 3944 2531 3994 et
2556 3937 2619 3993 in
2644 3938 2814 3995 domo
2834 3955 2962 3996 sua.
3000 3939 3067 3995 Hi
3084 3942 3243 3997 enim
3265 3958 3453 4015 quan-

1789 4040 1975 4097 quam
1994 4025 2349 4097 prophetam
2371 4041 2509 4082 eum
2531 4041 2657 4082 esse
2674 4033 2991 4095 noverunt,
3018 4035 3220 4085 tamen
3246 4031 3455 4104 despi-

1791 4113 1956 4168 ciunt
1975 4127 2112 4168 eum
2135 4118 2375 4185 propter
2403 4129 2651 4170 causam
2679 4114 2901 4171 dictam
2926 4131 2940 4181 ;
2963 4123 3019 4172 et
3046 4117 3190 4188 quia
3214 4125 3453 4176 assueta

1793 4199 1965 4256 facile
2020 4200 2449 4271 despiciuntur.
2500 4201 2696 4258 Lucas
2748 4207 2949 4259 autem
2988 4203 3178 4260 dixit:
3231 4206 3452 4262 Nullus

1788 4291 2065 4362 prapheta
2094 4292 2368 4358 acceptus
2393 4294 2472 4345 est
2492 4290 2555 4344 in
2583 4291 2779 4359 patria
2796 4306 2905 4347 sua
2937 4293 3007 4361 ”,
3029 4307 3253 4348 vocans
3272 4292 3451 4349 etiam

1795 4379 1929 4450 ipse
1958 4380 2289 4450 acceptum,
2320 4375 2383 4432 id
2408 4377 2574 4449 quod
2601 4378 2662 4433 in
2690 4377 2919 4434 honore
2948 4384 3057 4434 est.

1873 4557 2042 4613 Vers.
2080 4559 2168 4612 58.
2194 4556 2278 4612 Et
2296 4588 2366 4597 —
2393 4553 2647 4611 illorum.
2680 4555 2932 4612 Virtutes
2962 4555 3100 4613 dicit
3126 4556 3453 4618 miracula:

1802 4649 2098 4719 tanquam
2113 4645 2330 4702 divinae
2352 4643 2583 4701 virtutis
2605 4659 2813 4717 opera.
2842 4645 3054 4702 Etvide
3075 4646 3455 4719 sapientiam.

1805 4736 1962 4792 Fecit
1999 4733 2296 4807 siquidem
2334 4734 2588 4806 aliquas,
2630 4749 2704 4789 ne
2732 4731 2928 4790 dicere
2964 4741 3208 4807 possent
3250 4758 3264 4793 :
3310 4740 3462 4807 Quia

1805 4825 1945 4882 odio
1969 4840 2080 4880 nos
2108 4824 2307 4893 habet,
2339 4839 2463 4880 non
2492 4826 2657 4878 curat
2689 4837 2791 4879 eos
2821 4824 2925 4897 qui
2952 4830 3087 4881 sunt
3116 4826 3278 4898 apud
3306 4844 3418 4885 nos
3443 4846 3458 4886 :

1806 4913 2017 4986 quodsi
2042 4912 2221 4970 etiam
2253 4913 2406 4986 apud
2435 4927 2546 4969 nos
2576 4912 2706 4968 haec
2729 4913 2962 4986 egisset,
2996 4913 3460 4973 credidissemus

1786 5003 2007 5075 utique
2027 5007 2085 5061 et
2105 5018 2245 5061 nos.
2274 5003 2409 5062 Non
2429 5002 2651 5061 multas
2676 5006 2897 5071 autem,
2923 5008 3170 5075 propter
3190 5003 3464 5062 incredu-

1303 5303 1524 5375 Varire
1561 5303 1889 5374 lectiones
1931 5314 1998 5373 et
2045 5312 2250 5374 notae.

164 5493 272 5575 (4)9)
320 5502 405 5575 ita
436 5501 641 5575 etiam
660 5497 1005 5575 Henteuius.
1056 5499 1173 5557 Sed
1201 5498 1322 5575 παρ’
1350 5501 1429 5564 οἷς
1466 5500 1674 5561 videtm

1839 5518 1864 5558 ε
1911 5499 2214 5575 postulare
2241 5512 2361 5558 non
2397 5496 2440 5555 εἰ
2479 5503 2575 5574 μὴ,
2609 5499 2709 5559 sed
2740 5497 2845 5553 ἀλλ’
2873 5498 2922 5553 ἓν
2953 5506 3041 5575 τῇ.
3080 5500 3274 5561 Malim
3323 5515 3462 5571 ergo

105 5569 215 5647 παρ’
239 5573 289 5641 ὃ,
321 5573 383 5632 id
413 5578 514 5632 est
543 5573 680 5627 καθὸ
709 5568 858 5627 δοκεί
882 5576 1169 5645 προφήτης.
