3906 6202
412 230 515 301 423

1722 241 2066 299 EUTHYMII
2107 230 2438 300 ZIGABENI

3666 244 3775 309 424

413 370 639 426 litatem
663 383 882 435 eorum,
911 368 1052 442 quia
1079 382 1190 424 nec
1219 367 1311 424 his
1340 383 1476 439 quas
1505 367 1675 423 factae
1702 370 1837 424 sunt
1866 368 2035 424 crede

2173 369 2428 427 ἠπίστουν
2478 371 2571 425 ἔτι.
2648 372 2735 422 Διὸ
2785 375 2875 423 καὶ
2944 372 2969 423 6
3022 373 3234 444 Μάρκος
3297 369 3451 437 εἶπεν,
3522 374 3606 426 ὅτι
3672 381 3776 428 Καὶ

409 456 585 514 bant.
626 457 943 530 Propterea
971 458 1193 511 Marcus
1223 472 1460 527 quoque
1492 455 1637 511 dixit
1665 473 1676 511 :
1710 457 1789 511 Et
1817 457 2066 513 miraba—

413 554 514 603 tur
531 552 777 616 propter
799 547 1273 603 incredulitatem
1296 560 1492 600 eorum
1518 547 1572 610 ³⁸,
1601 549 1830 601 tantam
1863 546 2066 600 videli-

407 640 497 691 cet
549 635 1006 706 impudentiam.
1068 633 1182 689 Sed
1222 633 1534 688 Matthaaus
1571 633 1818 705 quidem
1876 633 2060 689 dixit:

405 725 538 780 Non
573 724 718 794 fecit
749 724 832 778 ibi
873 724 1115 780 virtutes
1144 723 1361 777 multas
1395 739 1407 777 :
1442 721 1671 777 Marcus
1700 738 1841 777 vero
1874 739 1886 776 :
1940 722 2064 778 Nec

396 812 590 882 potuit
622 812 704 866 ibi
731 827 802 866 ne
832 826 1013 867 unam
1069 810 1293 882 quidem
1334 810 1611 864 virtutem
1663 811 1915 879 operari.
1953 810 2064 865 nisi

401 901 560 972 quod
591 916 805 971 paucos
836 899 1108 971 infirmos
1130 898 1421 967 impositis
1453 897 1715 952 manibus
1746 898 1973 953 curavit
2002 902 2057 951 ιι.

401 988 713 1054 Quomodo
744 1003 883 1057 ergo
905 986 1069 1057 dixit,
1093 985 1254 1059 quod
1268 987 1400 1041 Non
1422 987 1613 1055 potuit
1642 986 1669 1039 ‘2
1701 986 1848 1051 Quia
1872 986 2065 1058 impo-

397 1076 642 1133 tentiam
661 1092 876 1131 vocare
904 1075 1161 1131 solemus
1185 1090 1306 1131 non
1332 1074 1525 1130 solum
1544 1073 1836 1130 defectum
1855 1078 2062 1146 poten-

398 1164 512 1236 tiae,
543 1180 751 1221 verum
792 1164 972 1220 etiam
1003 1163 1496 1236 impedimentum
1537 1161 1721 1234 hujus
1760 1167 1865 1219 aut
1904 1163 2060 1219 illius

398 1269 620 1323 causae,
654 1253 807 1309 sicut
835 1253 1015 1309 etiam
1049 1268 1230 1309 nunc.
1265 1250 1633 1322 Impediebat
1663 1252 1826 1306 enim
1870 1251 2061 1308 incre-

397 1342 616 1398 dulitas
672 1341 911 1397 illorum
953 1340 1173 1413 quibus
1217 1338 1580 1396 beneficium
1642 1338 2055 1411 praestabatur.

395 1433 523 1488 Non
572 1434 799 1501 poterat
836 1445 997 1501 ergo.
1040 1429 1152 1484 hoc
1182 1434 1287 1492 est,
1318 1426 1756 1499 impediebatur
1792 1444 1806 1494 ;
1838 1431 1897 1484 et
1943 1444 2059 1485 non

394 1518 709 1591 oportebat
737 1534 840 1574 eos
867 1518 1083 1573 invitos
1115 1516 1407 1573 beneﬁcio
1434 1517 1686 1572 aﬁicere.

466 1606 623 1663 CAP.
682 1609 836 1662 XXV.
887 1608 976 1663 De
1020 1607 1252 1662 Herode
1301 1604 1605 1662 tetrarcha
1635 1605 1761 1677 ,qui
1783 1605 2058 1662 Joannem

1062 1694 1391 1752 interemit.

466 1787 609 1857 Cap.
635 1786 763 1840 XIV.
794 1786 961 1839 Vers.
989 1784 1031 1838 Ι.
1056 1784 1121 1838 In
1146 1814 1215 1823 ——
1245 1784 1306 1837 V.
1339 1784 1392 1836 2.
1420 1782 1548 1839 ilio.
1584 1780 1809 1839 Similia
1838 1780 1978 1838 dicit
2005 1786 2059 1838 et

393 1875 620 1930 Marcus
636 1875 708 1930 ³⁵.
736 1875 922 1928 Lucas
948 1887 1087 1927 vero
1118 1871 1200 1927 ait
1230 1889 1243 1926 :
1277 1871 1529 1928 Audiuit
1558 1869 1816 1926 Herodes
1847 1873 2060 1926 tetrar-

396 1962 505 2017 cha
534 1962 805 2017 universa
826 1975 959 2032 qua?
981 1959 1198 2027 ﬁebant
1228 1959 1302 2015 ab
1330 1975 1391 2014 eo
1418 1976 1434 2025 ;
1462 1966 1515 2015 et
1541 1958 1804 2015 hmrebat
1825 1973 1890 2014 eo
1913 1958 2059 2028 quod

393 2050 690 2107 diceretur
717 2067 751 2103 a
788 2049 1141 2120 quibusdam
1171 2048 1330 2119 quod
1358 2047 1609 2103 Joannes
1631 2047 1989 2103 surrexisset
2018 2062 2056 2104 a

392 2138 635 2198 mortuis
658 2157 671 2200 ;
700 2154 735 2192 a
754 2136 1101 2208 quibusdam
1118 2151 1255 2193 vero
1283 2136 1443 2206 quod
1469 2135 1635 2190 Elius
1658 2136 2051 2204 apparuisset;

393 2228 465 2284 ab
481 2229 617 2285 aliis
646 2232 855 2294 autem,
889 2226 1048 2297 quod
1064 2225 1353 2296 propheta
1383 2223 1666 2295 quispiam
1695 2239 1770 2281 ea:
1797 2223 2053 2293 antiquis

394 2316 757 2373 surrexisset.
791 2316 869 2370 Et
900 2314 1055 2371 dixit
1086 2313 1366 2378 Herodes,
1396 2312 1686 2368 Joannem
1732 2328 1835 2382 ego
1865 2313 2054 2369 decol-

395 2405 538 2461 lavi:
573 2405 703 2475 quis
734 2410 817 2460 est
848 2409 1039 2460 autem
1070 2404 1180 2458 iste
1207 2402 1277 2457 de
1304 2417 1410 2473 quo
1434 2416 1535 2472 ego
1565 2401 1717 2457 talia
1745 2401 1928 2457 audio
1955 2401 2051 2458 ?et

392 2492 659 2562 cupiebat
686 2493 877 2548 videre
905 2506 1035 2548 eum
1064 2493 1129 2557 ³⁷,

463 2581 781 2646 Quomodo
812 2597 953 2653 ergo
986 2579 1299 2636 Matthaaus
1330 2582 1385 2634 et
1413 2580 1639 2635 Marcus
1690 2576 2053 2648 scripserunt

390 2669 557 2743 quod
597 2668 939 2726 afﬁrmabat
978 2667 1274 2737 Herodes,
1306 2666 1511 2739 ipsum
1550 2680 1678 2721 esse
1705 2666 2000 2721 Joannem
2033 2682 2047 2731 ;

388 2759 575 2815 Lucas
596 2774 755 2829 vero,
776 2757 937 2831 quod
957 2756 1293 2813 dicentibus
1319 2754 1436 2810 hoc
1459 2752 1846 2826 quibusdam,
1874 2753 2051 2809 Hero-

386 2845 493 2902 des
540 2846 737 2918 potius
793 2845 1107 2902 asserebat
1151 2859 1274 2900 non
1333 2858 1462 2898 esse
1499 2841 1690 2897 illum.
1739 2841 2041 2908 Joannem,

383 2934 596 3006 inquit,
631 2948 729 3004 ego
759 2934 1068 3000 decoltavi,
1126 2932 1323 3003 itaque
1377 2945 1754 3002 consequens
1799 2934 1888 2986 est
1921 2945 2046 2985 non

385 3036 515 3079 esse
535 3023 753 3115 ipsum
778 3024 1068 3078 Joannem
1098 3021 1132 3115 Ἰ.
1156 3019 1307 3115 Quid
1344 3034 1486 3115 ergo
1520 3018 1845 3115 dicemus-‘2
1877 3018 2046 3115 Quod
2080 3060 2120 3115 Ο

383 3110 717 3183 suspicatus
740 3111 897 3165 hunc
923 3126 959 3167 a
985 3108 1235 3165 mortuis
1260 3108 1604 3177 surrexisse,
1630 3123 1699 3163 ac
1727 3106 2045 3162 miraculo-

384 3215 520 3254 rum
550 3199 803 3269 gratiam
847 3198 927 3255 ob
954 3198 1237 3269 injustam
1286 3197 1376 3253 sui
1416 3195 1643 3253 caedem
1669 3212 1705 3252 a
1735 3198 1853 3251 Deo
1883 3211 2044 3251 acce-

384 3288 547 3361 pisse
575 3307 587 3358 ;
622 3289 707 3344 eis
740 3293 938 3345 tamen
973 3287 1078 3361 qui
1109 3288 1223 3344 hoc
1254 3286 1554 3351 dicebant,
1586 3283 1893 3342 asserebat
1919 3297 2043 3340 non

386 3392 515 3433 esse
562 3377 878 3445 Joannem,
911 3392 980 3431 ne
1009 3376 1089 3432 ad
1131 3391 1270 3431 eum
1296 3376 1718 3431 concurrerent
1745 3378 1801 3428 et
1842 3376 2046 3428 contra

387 3482 449 3521 se
496 3466 845 3522 seditionem
919 3464 1305 3528 concitarent,
1361 3463 1483 3517 suis
1532 3466 1745 3516 autem
1801 3460 2041 3516 famulis

386 3554 753 3609 conﬁdenter
772 3552 1100 3621 detegebat,
1127 3555 1441 3606 secretum.
1467 3548 1616 3605 Nam
1642 3545 1834 3608 παῖδας
1856 3549 1968 3604 hoc
1986 3549 2044 3603 in

384 3640 517 3697 loco
544 3656 651 3712 pro
680 3640 968 3696 ministris
994 3638 1196 3710 posuit
1220 3637 1616 3706 Evangelista.
1642 3637 1707 3692 Id
1733 3641 1932 3692 autem
1959 3636 2043 3692 eis

385 3728 651 3793 conﬁdit,
680 3728 846 3799 quod
874 3727 1035 3782 hunc
1064 3726 1323 3782 maxime
1352 3726 1584 3781 timeret
1608 3729 1900 3798 tanquam
1930 3724 2043 3781 for-

384 3816 592 3873 tiorem
635 3816 765 3887 jam
806 3814 1103 3880 effectum,
1137 3818 1192 3870 et
1239 3812 1414 3886 quasi
1445 3812 1714 3869 futurum
1753 3816 1921 3880 esset,
1980 3817 2043 3869 ut

380 3904 661 3977 deinceps
701 3903 1104 3961 vehementius
1135 3918 1274 3958 eum
1306 3905 1597 3972 argueret.
1638 3904 1704 3958 Et
1741 3901 1877 3958 vide
1914 3917 2043 3958 rem

380 3993 820 4050 admirandam.
838 3992 891 4047 Is
903 3992 1007 4065 qui
1020 3992 1400 4048 interemerat
1418 3991 2040 4062 timetinteremptum.

377 4082 533 4140 Talis
551 4086 637 4139 est
658 4081 817 4137 enim
844 4082 940 4153 qui
966 4081 1205 4153 iniquus
1230 4084 1336 4144 est,
1363 4084 1429 4136 ut
1447 4083 1505 4136 et
1529 4084 1797 4136 mortuos
1817 4079 2037 4145 timeat,

384 4177 441 4228 et
486 4171 616 4229 talis
658 4176 746 4227 est
784 4170 888 4244 qui
920 4169 1191 4226 virtutem
1227 4168 1383 4234 colit,
1417 4172 1483 4226 ut
1533 4183 1817 4241 pavorem
1858 4169 2040 4226 etiam

375 4266 510 4334 post
531 4264 783 4318 mortem
811 4258 1097 4315 immittat
1124 4257 1476 4314 viventibus.
1506 4257 1805 4314 Incidente
1839 4262 2039 4314 autem

376 4350 688 4407 occasione
732 4348 807 4405 de
844 4348 1095 4413 Joanne,
1140 4350 1346 4404 narrat
1389 4349 1821 4419 consequenter
1863 4360 2042 4403 evan-

377 4440 587 4512 gelista
616 4455 739 4512 quo
770 4437 952 4495 modo
981 4441 1253 4493 mortuus
1285 4435 1379 4493 sit.

448 4532 489 4598 -ι-
518 4529 778 4584 Herodes
826 4528 931 4583 iste
979 4525 1091 4582 fuit
1136 4524 1296 4581 ﬁlius
1342 4524 1471 4596 ejus
1519 4524 1625 4596 qui
1676 4523 1932 4581 infantes
1978 4524 2039 4581 in

383 4616 684 4670 Bethleem
717 4615 1032 4671 interemit.

446 4702 610 4757 Vers.
630 4707 678 4757 5.
694 4705 951 4759 Herodes
967 4702 1112 4758 enim
1129 4734 1196 4744 —
1210 4704 1375 4758 Vers.
1407 4706 1436 4757 5
1450 4743 1463 4758 .
1487 4700 1791 4757 habebant.
1810 4702 2037 4759 Marcus

381 4794 583 4848 autem
613 4789 763 4846 dixit
800 4791 957 4862 quod
1013 4791 1299 4848 Herodias
1351 4790 1747 4846 insidiabatur
1801 4789 1872 4858 ei,
1922 4790 2038 4847 hoc

380 4882 486 4947 est,
540 4878 790 4936 molesta
843 4878 924 4936 illi
976 4885 1146 4948 erat;
1200 4879 1558 4952 volebatque
1610 4894 1750 4935 eum
1808 4879 2041 4936 occide-

2173 455 2432 528 ἐθαύμαζε
2463 454 2555 510 διὰ
2593 462 2687 516 τὴν
2733 456 2979 511 ἀπιστίαν
3016 459 3205 527 αὐτῶν,
3239 456 3476 517 δηλονότι
3524 471 3774 515 τοσοῦτον

2174 544 2652 616 ἀναιτχυντοῡσαν.
2711 546 2848 599 Ἀλλ’
2907 549 2932 597 6
2981 551 3069 619 μεν
3127 551 3399 611 Ματθαῑός
3452 569 3635 620 φησιν,
3691 554 3775 603 ὅτι

2173 634 2283 685 Οὐκ
2334 632 2572 692 ἐποίησεν
2621 633 2723 687 ἐκεῖ
2777 632 3023 707 δυνάμεις
3075 636 3280 697 πολλάς·
3337 638 3362 688 6
3421 634 3480 689 δε
3537 642 3775 712 Μάρκος,

2171 724 2250 774 ὅτι
2300 727 2398 774 Καὶ
2444 722 2538 774 οὐκ
2582 718 2812 781 ἠδύνατο
2842 722 2943 776 ἐκεῖ
2982 720 3228 795 οὐδεμίαν
3277 720 3497 796 δύναμιν
3528 735 3773 796 ποιῆσαι,

2171 810 2215 861 εἰ
2298 815 2369 881 μὴ
2449 810 2647 881 ὀλίγοις
2732 810 3018 886 ἀρρώστοις
3112 811 3302 873 ἐπιθεὶς
3377 816 3472 874 τὰς
3566 823 3772 889 χεῖρας,

2171 898 2504 973 ἐθεράπευσε.
2537 906 2650 961 Πῶς
2697 895 2783 951 οὖν
2825 896 2982 967 εἶπεν,
3038 901 3118 952 ὅτι
3165 901 3258 953 οὐκ
3297 898 3574 960 ὴδύνατοτ
3629 910 3774 957 Auiti

2171 983 2463 1059 ἀδυναμίαν
2575 986 2843 1060 ὀνομάζειν
2934 988 3199 1061 εἰώθαμεν,
3296 988 3353 1041 οὐ
3446 995 3600 1062 μόνον
3677 999 3774 1051 την

2167 1074 2388 1145 Ethnici.»
2426 1085 2516 1134 τῆς
2563 1072 2850 1148 δυνάμεως,
2898 1075 3025 1129 ἀλλὰ
3061 1082 3151 1129 καὶ
3191 1081 3277 1130 τὸν
3309 1075 3637 1152 ἑμποδισμόν
3675 1090 3771 1143 τῆς

2168 1164 2279 1225 οἵας
2338 1159 2405 1222 δή
2470 1184 2605 1225 τινος
2661 1166 2853 1232 αἰτίας,
2926 1164 3100 1240 ὥσπερ
3159 1170 3248 1218 καὶ
3301 1174 3409 1220 νῦν.
3471 1165 3773 1230 Ἐνεπόδιζε

2165 1254 2265 1323 γὰρ
2351 1252 2490 1323 αὐτῷ
2560 1256 2589 1311 ἡ
2671 1251 2892 1306 ἀπιστία
2957 1261 3056 1305 τῶν
3130 1254 3583 1328 εὐεργετουμένων,
3655 1257 3773 1309 Οὐκ

2167 1336 2396 1398 ἠδύνατο
2427 1341 2534 1409 οὖν,
2564 1340 2678 1394 ἀντὶ
2704 1349 2815 1412 τοῦ,
2848 1338 3224 1405 Ἐνεποδίζετο.
3259 1350 3361 1398 Καὶ
3392 1344 3486 1397 οὐκ
3516 1341 3576 1398 εδ
3580 1364 3625 1399 ει

2168 1426 2358 1500 βιαίως
2387 1429 2663 1503 εὐεργετεῖν
2691 1431 2846 1483 αὐτού
2856 1452 2896 1492 ς.

2416 1612 2559 1662 ΚΕΦ.
2593 1607 2708 1663 κε’.
2744 1613 2865 1682 Περὶ
2892 1609 3126 1662 Ἰωάννου
3154 1608 3523 1685 καὶἨρὼὃου.

2239 1783 2317 1834 Ἐν
2393 1782 2566 1854 ἐκείνῳ
2635 1814 2703 1823 -
2768 1783 2927 1855 αὐτῷ.
3006 1786 3082 1837 Τὰ
3155 1786 3310 1858 ὃμοια
3372 1786 3511 1858 )έγει
3576 1792 3665 1839 καὶ
3741 1794 3770 1842 6

2162 1873 2393 1943 Μάρκος.
2442 1871 2500 1923 ’0
2558 1868 2616 1924 δε
2672 1877 2878 1934 Λουκᾶς
2928 1892 3106 1945 φησιν,
3156 1874 3235 1926 ὅτι
3283 1873 3542 1928 Ἤκουσεν
3597 1876 3773 1951 Ἠρώ-

2163 1956 2263 2021 δης
2318 1961 2343 2012 6
2419 1961 2710 2032 τετράρχης
2781 1963 2845 2013 τὰ
2900 1965 3144 2034 γινόμενα
3208 1962 3296 2016 ὑπ’
3353 1963 3510 2016 αὐτοῦ
3568 1969 3764 2034 πάντα,

2159 2054 2248 2101 καὶ
2331 2044 2594 2121 διηπόρει,
2678 2045 2771 2101 διὰ
2832 2054 2890 2102 τὸ
2959 2049 3200 2122 λέγεσθαι
3265 2052 3364 2104 ὑπὸ
3434 2071 3612 2119 τινων,
3688 2055 3771 2105 ὅτι

2163 2136 2401 2197 Ἰωάννης
2458 2134 2733 2209 ἐγήγερται
2786 2136 2840 2188 ἐκ
2893 2147 3099 2213 νεκρῶν⁸
3174 2140 3271 2192 ὑπὸ
3337 2159 3489 2192 τινων
3545 2137 3629 2210 δε,
3688 2143 3769 2193 ὅτι

2162 2223 2320 2286 Ηλίας
2350 2223 2530 2295 ἐφάνη·
2562 2223 2723 2276 ἄλλων
2751 2220 2829 2291 δὲ,
2872 2227 2951 2277 ὃτι
2982 2231 3253 2298 προφήτης
3281 2228 3350 2287 εἷς
3387 2236 3487 2279 τῶν
3520 2227 3767 2301 ἀρχαίων

2159 2309 2369 2363 ἀνέστη.
2407 2316 2505 2365 Καὶ
2538 2309 2671 2364 εἶπεν
2700 2309 2958 2386 Ἡρώδης
2992 2314 3227 2372 Ἰωάννην
3258 2314 3353 2386 ἐγὼ
3381 2314 3764 2388 ἀπεκεφάλισω

2156 2405 2238 2462 τίς
2277 2397 2337 2453 δέ
2375 2399 2515 2453 ἔστιν
2561 2401 2707 2462 οὗτος
2739 2407 2858 2477 περὶ
2906 2403 2967 2455 οὗ
3015 2402 3115 2475 ὶγώ
3162 2403 3334 2457 ἀκούω
3363 2411 3630 2471 τοιαῦτας
3668 2412 3771 2459 Καὶ

2157 2487 2323 2548 έζήτει
2360 2485 2489 2541 ἰδεῖν
2518 2490 2694 2545 αὐτόν.

2228 2583 2341 2637 Πῶς
2386 2573 2471 2628 οὖν
2520 2580 2786 2640 Ματθαῖος
2841 2582 2931 2651 μεν
2982 2585 3073 2632 καὶ
3123 2582 3332 2653 Μάρκος
3365 2581 3625 2655 ἔγραψαν,
3681 2584 3767 2635 ὅτι

2156 2661 2507 2718 διεϐεϐαιοῦτο
2578 2663 2839 2740 Ἠρὼδης,
2916 2668 3070 2720 αὐτὸν
3150 2665 3276 2722 εἶναι
3348 2673 3437 2721 τὸν
3487 2669 3762 2729 Ἰωάννην·

2154 2755 2179 2806 6
2236 2751 2293 2806 δὲ
2344 2760 2565 2825 Λουκᾶς,
2616 2756 2696 2807 ὅτι
2743 2755 2990 2829 λεγόντων
3041 2762 3192 2810 τοῦτό
3244 2777 3413 2823 τινων,
3459 2757 3773 2832 ὁἨρὼδης

2153 2842 2341 2914 μᾶλλον
2388 2839 2515 2908 εἶπε,
2565 2847 2636 2915 μὴ
2685 2839 2813 2896 εἶναι
2858 2853 3060 2897 τοῦτον
3104 2846 3341 2904 Ἰωάννην
3391 2850 3519 2921 γὰρ,
3578 2854 3768 2919 φησὶν,

2154 2929 2251 3001 ἑγὼ
2310 2929 2679 3004 ἀπεκεφάλισα,
2737 2938 2828 2984 καὶ
2887 2932 3064 2986 λοιπὸν
3130 2934 3225 2986 οὐκ
3279 2937 3419 2988 ἔστιν
3477 2935 3759 2998 Ἰωάννης.

2151 3024 2213 3071 Τί
2287 3015 2374 3071 οὖν
2441 3019 2652 3095 ἐροῦμεν
2681 3039 2694 3090 ;
2725 3020 2845 3074 Ὀτι
2918 3022 3186 3075 ὑπολαϐὼν
3256 3022 3312 3075 ἐκ
3373 3033 3566 3097 νεκρῶν
3643 3024 3769 3078 tiva-

2155 3115 2342 3166 στῆναι
2386 3115 2586 3174 τοῦτον,
2652 3114 2968 3182 χαρίσματα
3018 3113 3291 3183 θαυμάτων
3358 3110 3414 3164 ἐκ
3469 3120 3611 3166 Θεοῦ
3668 3113 3768 3166 λα-

2152 3195 2327 3266 ϐόντα,
2389 3193 2482 3249 διὰ
2542 3200 2635 3256 τὴν
2699 3194 2884 3251 ἄδικον
2936 3198 3120 3252 ἑαυτοῦ
3174 3204 3400 3272 σφαγὴν,
3468 3205 3600 3274 πρὸς
3672 3222 3765 3274 μεν

2150 3289 2273 3348 τοὺς
2323 3293 2476 3338 τοῦτο
2533 3285 2792 3358 λέγοντας,
2856 3283 2982 3355 εἷπε,
3034 3292 3106 3361 μὴ
3167 3283 3295 3340 εἶναι
3350 3292 3435 3340 τὸν
3484 3289 3762 3357 Ἰωάννην,

2151 3373 2237 3425 ἳνα
2286 3378 2357 3446 μὴ
2413 3370 2828 3449 προσδράμωσιν
2882 3376 3042 3447 αὐτῷ,
3097 3381 3186 3428 καὶ
3242 3379 3583 3431 στασιάσωσι
3642 3384 3761 3432 κατ’

2152 3461 2327 3514 αὐτοῦ·
2388 3466 2514 3534 πρὸς
2571 3458 2630 3515 δε
2682 3467 2803 3526 τοὺς
2852 3464 3052 3526 οἰκέτας
3102 3464 3261 3517 αὐτοῦ
3317 3464 3494 3540 6αρρεῖ
3547 3470 3607 3519 τὸ
3664 3489 3768 3541 μυ-

2155 3555 2387 3623 στήριον.
2446 3547 2651 3613 Παῖδας
2715 3555 2817 3625 γὰρ
2887 3560 2995 3619 νυν,
3066 3556 3187 3615 τοὺς
3251 3553 3454 3615 οἰκέτας
3527 3551 3669 3608 εἶπεν
3737 3559 3765 3608 6

2152 3638 2541 3710 εὐαγγελιστὴς.
2622 3640 2816 3716 Θαρῥεῖ
2899 3637 2958 3694 δὲ
3035 3641 3205 3702 αὐτοῖς
3285 3650 3459 3709 τοῦτο,
3550 3642 3769 3719 σφόδρα

2153 3724 2418 3787 δειλιάσας
2463 3737 2663 3795 τοῦτον,
2714 3732 2782 3790 ὡς
2837 3728 3179 3803 ἰσχυρότερον
3232 3726 3338 3789 ἤδη
3394 3738 3764 3805 γεγενημένον,

2149 3819 2240 3868 καὶ
2294 3812 2635 3892 σφοδρότερον
2688 3817 2843 3870 αὐτὸν
2899 3818 3188 3890 ἐλέγξοντα.
3245 3823 3345 3872 Καὶ
3398 3821 3500 3892 ὅρα
3557 3822 3765 3895 θαυμα-

2154 3907 2296 3973 στὸν,
2350 3905 2375 3956 6
2433 3908 2684 3977 φονεύσας
2736 3904 2968 3979 φοϐεῖται
3045 3910 3129 3960 τὸν
3198 3912 3584 3980 πεφονευμένον.
3646 3916 3764 3964 Τοι-

2150 4000 2297 4045 οῦτον
2339 3995 2439 4066 γὰρ
2487 3995 2513 4045 6
2557 3998 2734 4056 κακός·
2787 3994 3018 4068 φοϐεῖται
3064 4000 3154 4048 καὶ
3198 3998 3317 4058 τοὺς
3364 3999 3597 4070 νεκρούς,
3658 4003 3760 4051 Καὶ

2149 4089 2380 4135 τοιοῦτον
2437 4083 2464 4134 6
2516 4080 2767 4157 ἐνάρετος,
2822 4082 2975 4155 φόϐον
3028 4082 3252 4156 ἐμποιῶν
3304 4092 3415 4145 τοῖς
3469 4086 3613 4145 ζῶσι
3664 4092 3761 4140 καὶ

2148 4172 2277 4242 μετὰ
2338 4171 2573 4226 θάνατον.
2652 4174 3094 4247 Παρεμπεσούσης
3173 4168 3233 4225 δε
3298 4180 3389 4233 τῆς
3451 4176 3593 4227 κατὰ.
3671 4178 3763 4228 τὸν

2148 4256 2382 4317 Ἰωάννην
2456 4261 2769 4330 ὑποθέσεως,
2837 4260 3017 4315 λοιπὸν
3081 4263 3107 4313 6
3174 4260 3550 4334 εὖαγγελιστὴς
3622 4260 3758 4323 διη-

2147 4356 2338 4420 γεῖται,
2370 4356 2474 4409 πῶς
2501 4348 2770 4408 ἀπέθανεν.

2218 4527 2260 4596 -ξ-
2292 4521 2457 4588 Οὖτος
2500 4527 2630 4597 (50⁸)
2675 4527 2701 4579 6
2751 4523 2972 4600 Ηρώδης
3019 4530 3131 4591 υἱὸς
3174 4523 3235 4587 ἧν
3279 4535 3371 4581 τοῦ
3400 4530 3469 4582 τὰ
3497 4526 3680 4605 βρέφη
3712 4529 3768 4585 ἐν

2149 4614 2376 4687 Βηθλεὲμ
2407 4614 2818 4677 ἀποκτείναντος.

2217 4701 2278 4756 Ὀ
2330 4707 2430 4778 γὰρ
2479 4701 2718 4777 Ἡρώδης
2772 4735 2843 4746 —
2888 4703 3053 4777 εἶχον.
3101 4704 3160 4758 Ὀ
3217 4701 3278 4758 δὲ
3336 4708 3546 4781 Μάρκος
3588 4705 3761 4775 rixa,

2149 4791 2229 4845 ὃτι
2274 4792 2304 4850 ἡ
2369 4789 2612 4866 Ηρωδιὰς
2667 4792 2857 4866 ἐνεῖχεν
2930 4794 3091 4866 αὐτῷ,
3165 4798 3456 4865 τοῦτέστιν,
3525 4794 3769 4850 ἔνεκὸτει

2149 4881 2312 4955 αὐτῷ,
2365 4886 2456 4936 καὶ
2509 4881 2592 4936 ὃτι
2646 4882 2820 4943 ἤθελεν
2888 4882 3042 4937 αὐτὸν
3097 4882 3420 4954 ἀποκτεῖναι,
3486 4888 3580 4938 καὶ
3662 4885 3771 4941 οὐκ

452 5005 499 5042 ²⁴
542 5005 718 5062 Marc.
750 5021 824 5073 η,
850 5005 906 5063 6.
937 5006 985 5041 ⁸⁵
1015 5003 1168 5064 Ibid.
1194 5004 1249 5061 5.
1281 5005 1330 5043 ³⁸
1355 5002 1505 5061 lbid.
1533 5003 1621 5060 14.
1655 5003 1700 5039 ⁸⁷
1734 5003 1876 5060 Luc.
1904 5020 1983 5074 xx,
2008 5005 2065 5072 7,
2104 5005 2161 5063 9.

1584 5178 1809 5250 Variae
1847 5180 2178 5253 lectiones
2217 5190 2283 5251 et
2329 5193 2536 5254 notae.

452 5376 544 5529 $50
596 5387 768 5445 Recte
798 5372 1145 5448 Hentenius,
1176 5372 1421 5437 invitos.
1948 5448 1959 5462 ο

477 5386 568 5529 5οζ
616 5460 830 5515 Neuter
861 5449 1663 5529 _meorum_htnc__agnoscit.
1706 5450 1959 5529 ﬂentem

480 5386 544 5446 5O
596 5387 768 5445 Recte
798 5386 1145 5448 Hentenius,
1176 5386 1421 5437 invitos.

477 5386 568 5532 50;
616 5460 830 5532 Neuter
860 5449 1663 5532 _meorum_htnc._agnosci_t.
1706 5448 2041 5532 ‘Iientenins

384 5522 587 5599 etiam,
618 5530 701 5587 uti
730 5545 802 5586 ex
826 5527 997 5598 signo
1022 5524 1212 5582 crucis
1235 5523 1313 5580 ab
1334 5522 1437 5579 illo
1464 5523 1660 5581 addito
1686 5522 1951 5591 discitur,
1980 5523 2041 5579 in

2145 5380 2548 5509 ἓεῖἰίἓὲῡέιέξ
2579 5378 2803 5509 cgdistgs
2826 5382 3066 5509 1igeperit.
3104 5384 3417 5447 Translata
3449 5392 3596 5448 sunt
3621 5388 3771 5450 hac

2148 5466 2218 5509 ex
2245 5450 2569 5526 Theophyl.
2600 5466 2662 5526 p.
2694 5455 2783 5526 80,
2826 5452 2890 5510 Β.
