3906 6202
641 165 668 176 υ

150 75 564 330 ..μ

1063 207 1432 263 COMMENT.
1472 206 1542 261 IN
1584 203 2018 261 MATTH/EUM.
2051 237 2118 244 —
2151 205 2311 263 CAP.
2351 206 2507 262 XIV.

3339 212 3443 267 426

147 331 353 393 ἣδῦνατο.
393 331 507 386 Εἶτα
547 334 838 406 προσέθηκε
900 337 990 384 καὶ
1057 336 1150 390 τὴν
1218 332 1389 384 αἰτίαν
1453 339 1539 382 τοῦ
1601 335 1667 402 μη

1852 373 1867 392 ,
1917 346 2026 384 nec
2077 335 2327 400 poterat.
2370 330 2591 385 Deinde
2641 347 2889 386 causam
2934 347 3178 403 quoque
3216 334 3446 391 addidit

147 421 363 475 δύνασθαι
411 423 557 479 αὐτὴν
602 421 789 474 ἀνελεῖν
851 421 1024 475 αὐτόν.
1087 429 1271 494 Εἰρηκε
1325 423 1450 492 γὰρ,
1509 422 1587 472 ὅτι
1647 422 1671 472 ὁ

143 509 341 584 Ἡρώδης
380 510 589 580 ἐφοϐεῖτο
631 515 718 562 τὸν
774 511 1031 578 Ἰωάννην,
1084 507 1234 570 εἰδὼς
1280 509 1453 575 αὐτὸν,
1503 507 1673 582 ἄνδρα

138 597 310 650 δίκαιον
361 605 439 650 καὶ
501 599 668 669 ἅγιον,
723 604 812 652 καὶ
881 604 1146 671 συνετήρει
1211 598 1384 663 αὐτὸν,
1443 603 1532 650 καὶ
1595 600 1672 649 ὅτι

126 687 295 740 ἀκούων
368 688 518 739 αὐτοῦ
578 687 741 739 πολλά
833 687 1010 751 ἐποίει,
1101 693 1188 739 καὶ
1255 684 1424 747 ἡδέως
1511 687 1671 738 αὐτοῦ

123 781 271 833 ἤκουε.
315 778 479 832 Ταῦτα
534 779 625 848 μὲν
677 773 765 828 οὖν
827 777 1157 848 ἱστόρησενό
1206 779 1438 848 Μάρκος.
1483 775 1543 828 Εἰ
1590 771 1669 844 δὲ,

123 862 250 925 εἰδὼς
302 865 446 916 αὐτὸν
497 866 524 916 6
584 861 824 941 Ἡρώδης
882 861 1051 938 ἄνδρα
1104 861 1307 917 δίκαιον
1359 870 1448 916 καὶ
1499 864 1667 935 ἅγιον,

125 959 350 1025 συνετήρει
425 953 601 1019 αὐτὸν,
685 963 797 1016 πῶς
863 957 1061 1028 εἴρηκεν
1126 955 1152 1004 6
1228 955 1516 1016 Mareadog,
1592 954 1669 1004 ὅτι

123 1042 238 1100 ᾒθὼ
268 1047 350 1114 μὲν
395 1042 548 1094 αὐτὸν
596 1041 916 1110 ἀποκτεῖναι,
949 1041 1176 1114 ἐφοϐεῖτο
1220 1039 1279 1094 δὲ
1335 1046 1421 1094 τὸν
1471 1040 1668 1112 ὄχλονς

122 1137 201 1183 Καὶ
236 1131 274 1183 εὶ
314 1131 468 1183 πολλὰ
533 1130 715 1196 ἐποίει,
750 1132 818 1182 ὧν
880 1132 906 1183 6
967 1130 1203 1191 Ἰωάννης
1276 1132 1513 1203 παρῄνει,
1582 1135 1671 1182 καὶ

121 1220 153 1270 εἰ
201 1216 344 1280 ἡδέως
396 1220 558 1272 αὐτοῦ
616 1221 773 1278 ὴκουε
827 1228 1218 1293 παραινοῦντος,
1285 1216 1431 1271 διατί
1484 1215 1670 1276 ἔδησεν

119 1309 242 1360 αὐτὸν
281 1315 362 1360 καὶ
417 1309 736 1376 ἀπέκλεισε,
790 1313 948 1371 Διότι,
1006 1309 1041 1360 οἷ
1090 1314 1179 1382 μέν
1234 1329 1391 1381 φησιν
1445 1311 1470 1361 6
1523 1311 1668 1381 Μάρ-

1785 434 1890 472 cur
1923 418 2020 473 illa
2051 434 2170 473 non
2208 423 2442 489 poterat
2471 436 2607 474 eum
2640 420 2928 475 occidere.
2969 421 3054 474 Ait
3087 421 3245 476 enim
3280 423 3446 494 quod

1787 507 2042 562 Herodes
2098 508 2399 563 metuebat
2447 510 2760 578 Joannem,
2815 509 3007 564 sciens
3055 526 3192 565 eum
3251 511 3445 568 virum

1778 595 2008 664 justum
2031 600 2086 649 et
2102 601 2394 660 sanctum,
2417 613 2486 652 ac
2505 597 2886 665 observabat,
2905 597 3094 663 illum,
3117 603 3173 654 et
3190 599 3444 655 audiens

1784 698 1921 737 eum
1975 684 2162 740 multa
2208 684 2482 754 faciebat,
2535 685 2902 757 libenterque
2951 702 3090 741 eum
3141 687 3441 745 audiebat.

1785 773 1914 826 Hth
1947 788 2093 827 sane
2123 772 2355 843 scripsit
2398 777 2626 828 Marcus
2675 777 2744 828 ³⁸.
2791 776 2958 839 Quod
3004 776 3050 830 si
3083 777 3275 832 sciens
3306 793 3444 833 eum

1782 859 1969 916 virum
2007 861 2238 931 justum
2272 867 2327 916 et
2359 867 2632 917 sanctum
2678 863 3039 918 obserbavat
3071 865 3257 930 illum,
3299 882 3446 938 quo-

1782 949 1965 1004 modo
1995 949 2141 1004 dixit
2167 949 2489 1014 Matthaaus,
2519 950 2684 1021 quod
2710 950 2948 1007 volebat
2982 967 3119 1007 cum
3151 952 3442 1020 occidere,

1782 1037 2033 1092 timebat
2063 1040 2264 1092 autem
2309 1036 2801 1094 multitudinem?
2843 1039 3129 1096 Praeterea
3172 1041 3221 1096 si
3254 1042 3446 1098 multa

1783 1124 2038 1180 faciebat
2067 1140 2276 1180 eorum
2305 1141 2442 1196 quae
2471 1127 2732 1181 Joannes
2777 1127 3162 1193 admonebat,
3207 1133 3264 1183 et
3293 1129 3339 1183 si
3371 1130 3444 1185 li-

1781 1213 1990 1270 benter
2002 1230 2136 1268 eum
2152 1213 2576 1269 admonentem
2596 1215 3093 1288 audiebat,quare
3105 1216 3442 1274 vinxiteum

1783 1318 1852 1358 ac
1882 1302 2162 1358 reclusit?
2194 1301 2344 1366 Quia
2373 1317 2505 1374 quae
2537 1303 2677 1358 dicit
2707 1306 2950 1370 Marcus,
2987 1304 3250 1375 primum
3284 1305 3445 1364 facta

115 1417 200 1460 κος,
259 1406 443 1470 πρῶτον
519 1397 773 1468 ἐγένοντοο
843 1397 878 1449 οἶ
939 1395 996 1450 δέ
1051 1417 1210 1470 φησιν
1276 1399 1302 1450 6
1380 1399 1667 1467 Ματθαῖος,

1851 1395 2014 1445 erant
2055 1408 2067 1444 :
2103 1406 2238 1460 quae
2269 1394 2470 1445 autem
2502 1391 2641 1445 dicit
2676 1392 3002 1457 Mattheus,
3046 1394 3443 1464 postmodum

113 1488 285 1557 ὓστερον
333 1485 649 1556 ἐπεγένοντο.
735 1492 944 1558 Πρῶτον
995 1488 1097 1560 γὰρ
1184 1488 1214 1544 ἡ
1276 1490 1365 1558 μὲν
1416 1484 1672 1560 Ἡρωδιὰς

115 1573 373 1643 ἐχαλέπαινε
435 1583 510 1644 τῷ
591 1575 826 1647 Ἰωάννη,
875 1580 963 1627 καὶ
1020 1573 1194 1632 ἤθελεν
1262 1574 1447 1627 ἀνελεῖν
1493 1576 1666 1630 αὐτὸν.

111 1667 130 1714 ο
170 1659 217 1714 δι
249 1659 478 1736 Ἡρώδης
528 1663 595 1714 οὐ
655 1668 971 1738 παρεχώρει,
1045 1669 1313 1735 γινώσκων
1362 1664 1518 1716 αὐτὸν
1585 1661 1670 1716 δί-

110 1769 226 1801 καιον
265 1757 346 1803 καὶ
385 1752 560 1821 οἱγιονο
617 1748 712 1804 διὰ
756 1759 909 1804 τοῦτο
953 1754 1056 1826 γὰρ
1103 1757 1193 1804 καὶ
1246 1750 1442 1804 ἀκούων
1487 1752 1667 1818 αὐτοῦ,

1417 1841 1556 1894 Ἐπεὶ
1613 1838 1647 1893 δ
1650 1844 1672 1893 '6

111 1927 303 1993 ἐνέκειτο,
376 1926 630 2000 σφοδρῶς
696 1927 921 2000 ἐλέγχων
990 1929 1145 1982 αὐτὸν
1219 1935 1308 1982 καὶ
1380 1926 1665 2001 διασύρων,

114 1838 242 1890 πολλὰ
287 1839 460 1908 ἐποίει,
528 1845 627 1892 καὶ
697 1837 861 1901 ἡδέως
916 1839 1077 1892 αάτοῦ
1137 1843 1341 1898 ηκουεν.

110 2015 265 2082 λοιπον,
317 2026 464 2070 τοῦτο
524 2021 624 2090 μὲν
683 2017 969 2078 ἐκνικηθεὶς
1024 2019 1124 2070 ὑπὸ
1176 2026 1264 2078 τῆς
1293 2017 1455 2078 λύπης
1509 2019 1669 2092 Ἠρώ-

110 2101 202 2167 ing,
261 2115 400 2158 τοῦτο
470 2103 670 2159 δὲκαὶ
742 2109 882 2180 ποιρά
946 2115 1037 2167 τῆς
1114 2103 1442 2180 Ἡρωδιάδος
1500 2106 1667 2159 ἐκϐια-

109 2196 237 2260 σθεὶς,
304 2195 544 2266 μετέϐαλε
623 2201 716 2252 τὴν
783 2191 918 2247 αἰδῶ
992 2198 1118 2268 πρὸς
1185 2195 1365 2268 ὀργὴν,
1436 2201 1524 2248 καὶ
1598 2201 1666 2267 μὴ

658 2283 832 2340 ἤθελεν
920 2283 1073 2334 αὐτὸν
1135 2281 1341 2335 ἀνελεῖν·
1431 2283 1668 2356 φοϐηθεὶς

108 2365 150 2418 δε
190 2374 262 2419 τὸν
311 2371 484 2441 ἀλλον,
553 2367 722 2427 ἔδησε
793 2374 882 2440 μὲν
935 2371 1086 2422 αὐτόν
1153 2369 1488 2444 ἀμυνόμενος,
1549 2372 1668 2424 ἀπέ-

304 2195 544 2266 μετέϐαλε

107 2288 346 2351 παυόμενον
420 2284 520 2334 ὀλω
532 2304 580 2348 ς,

103 2456 239 2509 κλεισε
295 2458 368 2524 δε,
427 2462 512 2510 ἱνα
585 2463 658 2531 μὴ
723 2464 1117 2532 περιερχόμενος
1184 2457 1414 2532 κωμῳδῇ
1491 2461 1665 2518 αὐτόν.

105 2543 313 2616 Ἐπετίμα
377 2545 420 2599 δ’
414 2567 434 2599 ε

105 2633 246 2700 ἔχοντι
288 2640 374 2692 τὴν
425 2642 662 2706 γυναῖκα
711 2642 804 2687 τοῦ
858 2631 1086 2706 ἀδελφοῦ
1137 2635 1320 2706 αὐτοῦ,
1370 2640 1507 2689 κατά
1571 2635 1668 2690 δύο

107 2720 260 2782 uitia;
307 2734 508 2797 πρῶτον
560 2726 678 2796 μὲν,
726 2726 806 2776 ὅτι
861 2724 1047 2784 ζῶντος
1098 2732 1190 2776 τοῦ
1232 2721 1458 2798 ἀδελφόν
1509 2725 1667 2778 αὐτοῦ

105 2805 259 2876 βιαίως
320 2810 549 2884 ἀρείλετο
619 2817 710 2864 καὶ
771 2817 864 2870 τὴν
916 2821 1140 2884 γυναῖκα
1205 2813 1364 2866 αὐτοῦ
1423 2819 1508 2866 καὶ
1576 2819 1667 2873 τὴν

103 2902 390 2970 τετραρχίαν⁸
459 2901 668 2966 ἔπειτα,
719 2902 800 2952 ὅτι
852 2905 936 2953 καὶ
992 2903 1251 2975 θυγατέρα
1316 2902 1545 2974 ἔχουσαν
1612 2902 1667 2966 ἐζ

633 2989 835 3062 ivvere

106 3079 183 3126 Kal
351 3080 377 3129 6
437 3083 608 3151 νόμος
670 3077 862 3130 ἐκέλευε
924 3081 1014 3150 μὲν
1073 3087 1241 3150 γῆμαι
1303 3083 1390 3137 τὴν
1441 3086 1668 3150 γυναῖκα

104 3171 173 3214 τοῦ
220 3163 446 3240 ἀδελφοῦ,
518 3166 635 3220 ἀλλ’
700 3168 793 3219 οὐκ
855 3171 930 3220 ἔτι
991 3168 1200 3234 ζῶντος,
1267 3163 1390 3220 οὐδὲ
1451 3166 1666 3221 παιδίον

104 2983 277 3055 ἐκείνου,
339 2992 536 3048 ταύτην
633 2989 835 3062 ἐγημεν,
915 2991 949 3041 ά
1013 2995 1103 3042 καὶ
1161 2992 1312 3062 εἶμφω
1367 2993 1662 3065 παράνομα.

103 3257 310 3322 ἔχουσαν.

159 3383 372 3432 Γενεσίων
462 3379 522 3435 δε
591 3381 860 3453 ἀγομένων
949 3414 1017 3422 -
1101 3383 1405 3442 αἰτήσηται.
1474 3383 1532 3435 Ὀ
1606 3380 1666 3436 δε

105 3470 272 3538 Μάρκιος
298 3477 443 3540 φησι,
479 3474 589 3526 Καὶ
639 3470 970 3541 ὡμολόγησεν
1017 3472 1130 3542 (51)
1177 3473 1331 3544 αὐτῇ,
1367 3475 1446 3524 ὅτι
1473 3472 1540 3524 Ὀ
1579 3473 1664 3524 ἐάν

101 3573 149 3622 με
195 3557 417 3631 αἰτὰσῃς,
469 3557 658 3626 δώσω,
713 3579 798 3611 σοι
844 3561 936 3622 ἕως
978 3563 1206 3632 ἡμίσους
1256 3570 1346 3622 τῆς
1391 3561 1666 3634 βτισιλείας

1781 1478 1934 1534 facta
2001 1483 2156 1533 sunt.
2225 1479 2485 1533 Primum
2553 1479 2712 1533 enim
2781 1480 3063 1536 Herodias
3129 1483 3440 1552 negotium

1781 1565 2117 1622 facessebat
2168 1566 2403 1637 Joanni,
2459 1565 2817 1638 volebatque
2870 1568 3038 1623 illum
3097 1569 3366 1626 occidere
3424 1587 3437 1625 :

1781 1656 2038 1711 Herodes
2079 1670 2221 1711 vero
2250 1671 2372 1710 non
2403 1655 2802 1726 permittebat,
2838 1655 3032 1712 sciens
3063 1672 3200 1713 eum
3244 1659 3442 1715 virum

1775 1743 2004 1815 justum
2036 1749 2092 1800 et
2121 1748 2416 1807 sanctum,
2464 1743 2597 1799 ideo
2627 1759 2871 1816 quoque
2915 1745 3119 1801 audito
3149 1761 3220 1802 eo
3252 1747 3442 1804 multa

1779 1832 2034 1888 faciebat
2101 1836 2156 1887 et
2219 1831 2472 1887 libenter
2537 1848 2674 1887 eum
2751 1832 3054 1890 audiebat.
3126 1835 3270 1889 Cum
3337 1852 3441 1892 au-

1778 1925 1896 1976 tem
1937 1917 2320 1976 vehementer
2357 1919 2524 1975 illam
2548 1926 2800 1990 urgeret,
2842 1937 3102 1992 arguens
3142 1938 3211 1978 ac
3251 1923 3440 1980 incre-

1778 2024 1929 2081 pans
1959 2024 2118 2073 eum,
2154 2008 2394 2064 tandem
2429 2009 2686 2064 Herodes
2720 2008 2860 2065 hinc
2888 2009 3138 2081 quidem
3169 2009 3441 2067 devictus

1779 2096 2069 2161 molestia,
2103 2096 2242 2152 hinc
2269 2101 2467 2153 autem
2500 2097 2622 2152 vim
2668 2097 3124 2169 quodammodo
3164 2097 3242 2154 ab
3269 2101 3443 2155 Hero-

1776 2185 1953 2242 diade
1983 2202 2321 2259 perpessus,
2350 2187 2477 2257 jam
2509 2188 2802 2259 pudorem
2833 2188 2894 2242 in
2920 2190 3071 2243 iram
3102 2197 3441 2244 commuta-

1776 2275 1890 2331 vit:
1917 2292 2024 2331 nec
2037 2276 2281 2332 omnino
2295 2277 2610 2347 quiescens
2627 2276 2705 2347 (θ’)
2724 2276 2963 2332 volebat
2980 2292 3120 2332 eum
3142 2277 3436 2344 occidere,

1776 2365 1992 2420 timens
2032 2381 2171 2421 vero
2211 2365 2653 2420 multitudinem
2706 2366 2892 2421 vinxit
2939 2381 3080 2422 eum
3118 2367 3293 2438 quasi
3329 2383 3445 2440 pu-

1776 2455 1944 2509 niens
1988 2477 1999 2508 :
2041 2456 2117 2510 Et
2159 2455 2365 2524 ligavit
2404 2469 2555 2516 eum,
2596 2469 2670 2508 ne
2707 2454 2875 2510 varia
2913 2454 3045 2510 loca
3084 2454 3441 2512 circumiens

534 2547 685 2617 αὐτῷ
774 2548 800 2597 6
868 2547 1128 2616 Ἰωάννης,
1204 2550 1273 2608 ὡς
1361 2553 1667 2623 παρανόμως

1851 2543 2123 2613 ἀυτεωεθι
2148 2559 2308 2598 eum.
2333 2541 2636 2611 Arguebat
2657 2548 2858 2599 autem
2877 2542 3040 2599 illum
3065 2545 3343 2610 Joannes,
3373 2559 3440 2610 ut

1777 2631 1877 2702 qui
1910 2636 2117 2687 contra
2145 2633 2339 2700 legem
2366 2631 2610 2686 haberet
2637 2646 2886 2686 uxorem
2919 2629 3110 2687 fratris
3141 2632 3256 2688 sui.
3287 2635 3436 2687 Dua-

1777 2719 1890 2774 bus
1919 2735 2056 2775 vero
2087 2719 2161 2774 de
2190 2719 2386 2774 causis
2415 2734 2550 2774 eum
2598 2717 2979 2790 increpabat;
3013 2718 3278 2790 primum
3307 2718 3438 2791 qui-

1775 2808 1914 2864 dem
1939 2808 2104 2881 quod
2131 2808 2361 2863 vivente
2388 2807 2562 2863 fratre
2590 2823 2698 2862 suo
2721 2806 3043 2864 abstulerat
3068 2806 3354 2864 violenter
3379 2811 3436 2865 et

1775 2897 1930 2952 illius
1970 2912 2216 2952 uxorem
2257 2901 2313 2952 et
2351 2895 2748 2952 tetrarchiam.
2787 2895 3005 2951 Deinde
3042 2895 3433 2968 quodetiam,

1775 3002 1913 3042 cum
1948 2985 2082 3058 ipsa
2112 2985 2297 3039 ﬁliam
2352 3000 2423 3039 ex
2452 2984 2549 3040 illo
2576 2985 2920 3056 peperisset,
2964 2984 3219 3041 duxerat
3247 3001 3379 3041 eam
3415 3003 3428 3042 :

1773 3089 2033 3146 quorum
2056 3079 2377 3144 utrumque
2399 3078 2605 3128 contra
2622 3073 2814 3142 legem
2831 3078 2973 3130 erat.
2997 3073 3253 3130 Jubebat
3271 3075 3433 3130 enim

1774 3163 1868 3218 lex
1895 3162 2086 3218 fratris
2136 3177 2374 3216 uxorem
2435 3161 2672 3229 ducere,
2728 3177 2851 3216 non
2896 3167 3100 3218 tamen
3129 3162 3326 3218 adhuc
3356 3165 3437 3218 vi-

1772 3251 1984 3316 ventis,
2015 3265 2203 3322 neque
2231 3265 2362 3304 eam
2388 3265 2522 3321 quae
2553 3249 2631 3304 ab
2658 3249 2756 3303 illo
2780 3249 3011 3319 prolem
3042 3251 3424 3322 suscepisset.

1847 3370 2003 3421 Vers.
2037 3367 2089 3421 6.
2125 3367 2273 3422 Cum
2305 3367 2501 3421 autem
2530 3369 2854 3433 agerentur
2882 3363 3166 3419 natatitia
3196 3365 3345 3416 —V.
3377 3369 3430 3419 7.

1772 3462 2013 3525 peteret.
2044 3457 2270 3510 Marcus
2298 3459 2497 3509 autem
2525 3452 2666 3507 dicit
2689 3451 2858 3523 quod,
2875 3452 3097 3521 juravit
3125 3451 3178 3507 ei
3207 3468 3219 3505 :
3256 3452 3436 3519 Quid—

1774 3544 1918 3616 quid
1928 3560 1964 3599 a
1981 3559 2070 3600 me
2082 3543 2339 3612 petieris,
2359 3541 2510 3597 dabo
2531 3540 2636 3595 tibi
2654 3556 2835 3610 usque
2849 3541 2929 3596 ad
2943 3539 3249 3596 dimidium
3267 3542 3436 3610 regni

101 3664 195 3710 μου,
243 3653 473 3700 Γενεσίων
535 3646 598 3701 δε
666 3646 947 3719 ἀγομένων,
1016 3649 1130 3702 ἀντὶ
1159 3659 1272 3719 τοῦ,
1333 3651 1659 3723 τελουμένων.

1851 3634 1888 3689 2i
1924 3635 1992 3688 ³ο,
2036 3636 2182 3688 Cum
2232 3637 2428 3686 autem
2479 3635 2792 3699 agerentur
2840 3627 3126 3693 natalitia,
3167 3629 3284 3684 hoc
3321 3635 3430 3694 est,

105 3730 221 3793 Ἐθος
278 3740 372 3810 γὰρ
430 3735 491 3794 ἦν
562 3745 674 3797 τοῖς
737 3739 999 3811 άρχουσιν
1067 3739 1326 3811 ἑορτάζειν
1387 3743 1452 3792 τά
1503 3741 1668 3793 οἰκεῖα

98 3825 311 3887 γειέθλιοι.
357 3826 716 3897 Ὀμολόγησιν
787 3824 845 3878 δὲ
904 3835 991 3878 νῦν
1039 3832 1132 3886 τὴν
1195 3830 1488 3900 ὑπόσχεσιν
1536 3831 1666 3882 ὠνό-

103 3927 252 3973 acea.
317 3913 379 3965 Ὠ
425 3915 624 3975 πολλῆς
670 3912 844 3975 ἀνοίας
887 3915 898 3968 ε
951 3920 1041 3967 καὶ
1097 3921 1270 3989 ὤμοσε
1321 3914 1524 3988 δοῦναι,
1577 3924 1668 3971 καὶ

103 4005 254 4068 κυρίου
313 4012 402 4064 τῆς
448 4005 718 4064 αἰτήσεως
800 4008 891 4062 τὴν
945 4009 1102 4078 κόρην
1155 4005 1388 4075 ἐποίησε,
1467 4013 1555 4060 καὶ
1609 4012 1666 4060 τὸ

105 4086 243 4176 iam
297 4099 384 4152 τῆς
461 4091 745 4164 βασιλείας
821 4093 980 4144 αὑτοῦ
1055 4093 1320 4168 βραχείας
1391 4096 1670 4170 ὀρχήσεως

105 4177 435 4246 πιμπόλησεν
467 4182 479 4236 Ξ

162 4457 208 4508 ἰι
270 4458 321 4514 δὲ
377 4496 442 4504 -
501 4471 829 4518 Βαπτιστοῦ.
888 4465 1332 4537 Προϐιϐασθεῖσα,
1383 4469 1497 4522 ἀντὶ
1555 4479 1665 4536 τοῦ,

109 4538 406 4619 διδαχθεῖσα.
459 4559 634 4612 Φησὶν
687 4549 794 4604 οὖν’
841 4559 933 4616 Δός
974 4575 1064 4627 μοι
1108 4553 1232 4624 ὧδε,
1290 4564 1553 4612 τουτέστιν
1597 4561 1668 4612 ἐν-

106 4638 255 4707 ταῦθα,
309 4639 353 4691 ἐν
381 4651 452 4711 τῷ
494 4645 812 4714 συμποσίῳ.
841 4649 898 4694 'O
945 4639 1004 4695 δὲ
1052 4647 1264 4719 Μάρκος
1302 4647 1458 4700 εἰπεῖν
1506 4649 1667 4708 αὐτὴν

108 4727 228 4792 ιεγιι,
257 4730 327 4780 ὁτι
375 4731 541 4800 Θέλω,
603 4733 688 4782 ἵνα
735 4749 825 4802 μοι
868 4728 974 4802 δῷς
1012 4731 1250 4800 ἐξαυτῆς,
1293 4737 1319 4788 6
1368 4735 1531 4808 ἐστιν,
1578 4739 1666 4791 αὖ·

165 4858 200 4891 "
221 4861 374 4919 lare.
405 4881 484 4931 vi,
518 4868 616 4921 20.
771 4867 817 4899 ²⁹
848 4867 1020 4922 Marc.
1051 4883 1123 4933 γι,
1156 4870 1246 4935 23,

1397 4876 1445 4914 ³ο
1467 4872 1614 4941 Ibid,
1645 4873 1734 4930 25.

1776 3723 2229 3779 celebrarentur.
2242 3719 2411 3776 Moris
2425 3734 2683 3784 namque
2697 3717 3051 3790 principibus
3065 3723 3192 3774 erat
3204 3717 3437 3790 prOpria

1776 3811 1979 3866 festive
2011 3809 2307 3865 celebrare
2337 3807 2616 3863 natalitia.
2663 3809 2822 3862 Hanc
2852 3812 3051 3862 autem
3083 3806 3436 3877 promissio-

1776 3917 1913 3956 nem
1955 3898 2213 3971 appellat
2264 3897 2360 3952 hic
2414 3895 2750 3968 ὁμολόγησιν,
2803 3895 2967 3966 quod
3016 3899 3218 3950 tamen
3260 3909 3434 3950 voca-

1777 3989 1987 4044 bulum
2007 3988 2226 4059 saepius
2240 4001 2574 4052 assensum,
2594 3989 2857 4056 pactum,
2878 3988 2980 4040 aut
2995 3982 3434 4039 confessionem

1778 4076 2090 4146 signiﬁcat.
2122 4078 2357 4138 Verum,
2381 4090 2418 4129 ο
2444 4089 2730 4142 magnam
2758 4071 3119 4126 dementiam
3149 4071 3160 4125 ι
3189 4075 3244 4126 et
3269 4071 3436 4126 datu-

1777 4182 1912 4222 rum
1961 4181 2024 4219 se
2076 4162 2319 4234 juravit,
2361 4166 2417 4216 et
2468 4161 2813 4232 petitionem
2872 4159 2931 4212 in
2986 4174 3174 4212 manu
3223 4156 3436 4228 puellm

1777 4252 1995 4326 posuit,
2037 4257 2096 4307 et
2133 4249 2450 4306 dimidium
2481 4247 2649 4318 regni
2684 4247 2777 4302 sui
2817 4246 2976 4302 brevi
3018 4243 3438 4300 saltatiuncula

1779 4339 2194 4400 commutavit.

1855 4471 2009 4522 Vers.
2021 4467 2110 4520 8.1
2116 4465 2202 4519 tta
2216 4459 2736 4528 vero—Baptista}.
2752 4456 3117 4522 Pruemonita,
3133 4455 3189 4510 id
3203 4456 3440 4511 estedo-

1780 4562 1893 4614 cta.
1929 4556 2073 4611 Dicit
2102 4567 2244 4621 ergo
2277 4567 2288 4605 :
2319 4552 2409 4606 Da
2429 4549 2577 4604 mihi
2599 4548 2716 4609 hic,
2736 4546 2798 4601 id
2823 4551 2934 4608 est,
2965 4560 3126 4600 nunc
3150 4543 3210 4599 in
3241 4545 3442 4600 convi-

1779 4648 1896 4704 vio.
1920 4649 2145 4702 Marcus
2167 4645 2366 4697 autem
2391 4653 2526 4694 eam
2547 4637 2768 4692 dixisse
2791 4635 2900 4690 ait:
2936 4635 3072 4690 Volo
3097 4639 3159 4689 ut
3180 4633 3277 4690 des
3302 4633 3443 4689 mihi

1779 4735 2086 4806 confestim
2118 4733 2186 4796 ⁸ο,
2219 4731 2332 4786 hoc
2360 4732 2473 4792 est,
2505 4729 2725 4790 statim,
2753 4729 3014 4797 repente.
3044 4727 3224 4781 Nacta
3253 4723 3442 4795 siqui-

1305 5023 1520 5092 Variaa
1553 5024 1880 5093 lectiones
1915 5032 1978 5090 et
2013 5029 2214 5086 notae.

127 5268 136 5276 ν
162 5197 612 5281 (Sllﬂentenius
637 5203 900 5281 juravjt.
923 5206 1074 5281 Ergo
1096 5211 1268 5281 ᾤμοσε
1287 5208 1444 5281 legit.
1470 5213 1658 5266 Recte.

104 5265 194 5320 Nec
216 5270 364 5327 aliter
393 5273 556 5328 hunc
589 5265 791 5328 locum
823 5265 1030 5332 laudat
1056 5265 1535 5351 Cﬁ'rysostf'tom;
1570 5265 1664 5338 VII

1772 5226 1833 5280 p.
1868 5208 1968 5263 497
2003 5207 2068 5280 ΟΔ..
2093 5161 2554 5280 Ιωοᾼοοοόὶηἰια
2593 5200 2654 5255 in
2698 5202 2974 5255 contextu
3009 5197 3181 5253 Marci
3211 5195 3445 5251 codices

1776 5275 2073 5349 Euthymii
2114 5275 2373 5330 variant.

156 5395 222 5462 (ν)
249 5397 362 5454 Nec
389 5399 638 5454 omnino
665 5398 988 5469 quiescens.
1025 5405 1284 5478 Cumque
1314 5423 1561 5480 prorsus
1590 5421 1712 5464 non
1743 5404 2100 5478 quiesceret,
2135 5403 2393 5456 Joannes
2424 5397 2728 5454 nimirum.

344 5523 582 5584 Pnact.
637 5523 740 5579 Gn.
785 5525 1023 5582 CXXIX.

3089 5516 3157 5604 μ
