3906 6202
443 144 548 199 427

441 269 580 324 dem
625 268 911 325 Herodias
947 273 1184 340 tempus
1223 270 1653 338 opportunum,
1692 263 1843 317 sicut
1879 263 2077 317 iteruu

2202 267 2341 327 τίκα,
2418 264 2584 324 εὐθύς.
2659 268 2847 336 Καιρὸν
2908 268 3010 339 γὰρ
3076 263 3368 323 ἐπιτήδειον
3434 272 3465 326 ἡ

441 356 673 427 scripsit
712 360 955 420 Marcus,
996 356 1099 428 qui
1137 353 1284 409 dixit
1324 371 1337 408 :
1382 353 1528 409 Cum
1568 352 1686 407 dies
1724 356 2093 419 opportunus

440 446 745 503 accidisset
769 448 810 481 ³1
840 464 852 510 ;
881 462 1015 500 cum
1044 446 1121 499 ad
1148 460 1209 499 se
1234 445 1502 512 ingressa
1528 448 1679 496 esset
1700 440 1819 494 tilia
1846 440 2096 495 interro-

440 550 591 603 gans
622 535 767 606 quid
801 536 1055 605 petitura
1085 538 1258 597 esset,
1292 532 1571 604 prmcepit
1599 530 1678 585 illi
1710 534 1774 584 ut
1804 530 2000 584 statim
2031 529 2093 582 in

438 623 710 678 convivio
730 628 952 694 peteret
969 624 1094 677 dari
1116 623 1228 677 sibi
1249 619 1707 693 caputJoannis,
1730 625 2000 674 metuens
2018 631 2093 671 ne

436 712 483 766 si
517 718 752 784 tempus
783 712 924 767 illud
960 710 1489 783 praeterlaberetur,
1524 708 1815 763 Herodem
1845 706 2092 761 omnino

434 802 763 872 paeniteret,
780 801 878 856 ubi
891 800 1138 857 decocto
1156 800 1291 857 vino
1305 799 1383 855 ad
1398 797 1777 854 sobrietatem
1788 795 2057 852 rediisset
2075 811 2086 849 :

431 890 525 945 vel
547 890 725 946 etiam
748 906 821 946 ne
844 889 1174 946 amicorum
1194 888 1438 960 quidam
1457 886 1777 959 deprecati,
1797 885 2091 941 Joannem

434 977 775 1035 liberarent.

506 1105 662 1158 Vers.
697 1104 750 1158 9.
783 1104 864 1157 Et
889 1134 956 1142 ——
984 1118 1110 1160 rex.
1140 1134 1209 1142 —
1240 1101 1642 1158 Contristatus
1668 1106 1768 1163 est,
1792 1102 1921 1154 tum
1945 1097 2091 1170 quia

437 1209 732 1263 magnum
758 1192 950 1249 virum
976 1194 1285 1249 occisurus
1314 1196 1460 1257 erat,
1492 1196 1619 1247 tum
1649 1189 1796 1262 quia
1824 1188 2087 1245 multitu-

429 1282 631 1337 dinem
663 1283 724 1337 in
756 1282 847 1338 sui
878 1282 1088 1338 odium
1119 1282 1543 1338 concitaturus.

500 1408 664 1462 Vers.
684 1412 731 1463 9.
756 1409 795 1461 Α
816 1412 1035 1465 ιίίιηιθη
1052 1410 1372 1477 propter—
1384 1406 1539 1461 dari.
1556 1406 1599 1461 Ο
1614 1403 1901 1460 muliebre
1918 1419 2089 1459 man-

427 1496 683 1567 cipium!
714 1497 955 1567 perjurii
980 1502 1152 1552 testes
1178 1495 1400 1551 habere
1426 1494 1690 1561 timuisti,
1719 1494 1957 1566 injustas
1985 1509 2086 1548 au-

425 1587 546 1640 tem
580 1585 762 1639 caedis
791 1592 909 1642 tam
936 1585 1155 1641 multos
1184 1584 1405 1640 habere
1435 1589 1794 1656 spectatores
1820 1598 1941 1637 non
1973 1582 2083 1637 for-
2112 1578 2157 1632 B

425 1674 709 1731 midasti?
770 1676 845 1729 Te
893 1674 1053 1730 enim
1102 1680 1318 1731 temere
1351 1673 1586 1744 jurasse
1624 1688 1746 1728 non
1787 1671 2079 1744 oportuit;

424 1763 567 1834 quia
596 1768 794 1820 tamen
826 1763 1317 1833 incircumspecte
1333 1762 1566 1833 jurasti,
1596 1761 1808 1816 melius
1834 1765 1959 1816 erat
1987 1776 2083 1831 pe-

418 1853 607 1921 jerare
636 1869 649 1905 :
681 1868 711 1907 e
740 1851 977 1907 duobus
1008 1867 1273 1924 namque
1303 1850 1497 1914 malis,
1529 1850 1717 1906 levius
1749 1853 1836 1906 est
1866 1848 2084 1920 eligen-

420 1940 589 1995 dum.

493 2083 649 2137 Vers.
684 2084 763 2135 10.
794 2081 1057 2151 Cumque
1074 2080 1322 2136 misisset
1341 2110 1410 2119 -—
1427 2095 1682 2136 carcere.
1714 2082 1862 2136 Cum
1884 2079 2080 2134 misis-

420 2172 526 2234 set,
566 2168 838 2224 videlicet
887 2169 1319 2240 speculatorem
1365 2172 1471 2225 aut
1517 2168 1883 2233 carniﬁcem,
1925 2168 2078 2224 sicut

418 2257 566 2313 dixit
597 2260 824 2314 Marcus
854 2259 921 2311 ⁸².
958 2258 1121 2314 Clam
1165 2258 1333 2313 illum
1364 2258 1596 2320 occidit,
1630 2274 1704 2313 ne
1735 2257 2072 2314 interfectus

416 2362 661 2419 quoque
700 2345 1032 2420 publicaret
1070 2346 1399 2403 obscenum
1453 2347 1863 2403 concubitum.
1904 2351 1962 2402 et
1998 2363 2071 2402 ne

415 2436 844 2491 multitudinem
859 2436 1102 2492 haberet
1114 2435 1324 2492 factum
1338 2436 1452 2491 hoc
1464 2436 1899 2508 prohibentem.
1920 2439 2071 2492 Deus

414 2528 616 2580 autem
629 2524 689 2579 id
706 2525 1014 2580 sustinuit:
1036 2524 1210 2580 simul
1237 2525 1484 2597 quidem
1502 2531 1562 2581 ut
1569 2525 1797 2596 justum
1813 2524 2068 2596 amplius

413 2618 745 2677 coronaret,
777 2612 955 2668 simul
976 2613 1156 2668 etiam
1178 2619 1242 2668 ut
1270 2614 1361 2668 his
1391 2615 1493 2685 qui
1514 2614 1732 2683 injuste
1763 2614 2071 2685 patiuntur

412 2703 835 2758 consolationis
863 2702 1203 2775 exemplum
1234 2702 1609 2775 relinqueret.

482 2828 638 2882 Vers.
676 2832 761 2883 tt.
798 2827 872 2882 Et
902 2858 971 2865 —
1004 2828 1191 2885 lance.
1228 2828 1270 2883 Ο
1300 2826 1527 2882 foedum
1559 2842 1628 2883 ac
1658 2826 1837 2882 ferale
1868 2826 2066 2882 convi-

1752 136 2098 193 EUTYHMII
2139 136 2467 195 ZIGABENI
3693 142 3775 200 498

3544 268 3778 343 Ἡρωδιὰς

2202 352 2446 422 εὑροῦσα,
2496 355 2564 413 ὡς
2614 354 2861 428 ἱστόρησε
2910 354 3059 406 πάλιν
3108 356 3134 406 ὁ
3184 357 3416 427 Μάρκος,
3461 356 3632 409 εἰπών.
3676 357 3778 411 "On

2205 445 2303 492 Καὶ
2358 441 2630 515 γενομένης
2692 446 2886 515 ἡμέρας
2939 444 3199 515 εὐκαίρου.
3260 445 3402 496 Ἐπεὶ
3464 451 3590 518 πρὸς
3639 447 3778 504 αὐτὴν

2203 530 2432 586 εἰσῆλθεν
2463 533 2491 588 ἡ
2531 534 2761 603 θυγάτηρ
2796 531 3058 605 ἐρωτῶσα,
3092 538 3142 583 τί
3183 533 3475 598 αἰτήσεται,
3507 540 3778 607 παρήγγει-

2200 617 2277 670 λεν
2333 619 2519 670 αὐτίκα
2566 618 2614 670 ἐν
2662 630 2733 691 τῷ
2790 626 3069 692 συμποσίῳ
3117 621 3335 680 αἰτῆσαι
3386 619 3608 681 δοθῆναι
3666 626 3776 697 αὐτῇ

2200 712 2291 764 την
2358 708 2579 779 κεφαλὴν
2648 710 2906 777 Ἰωάννου,
2976 708 3264 782 φοϐηθεῖσα
3331 716 3425 783 μὴ,
3498 720 3589 763 τοῦ
3657 733 3778 771 τηνι-

2200 804 2368 848 καῦτα
2418 804 2603 871 καιροῦ
2658 794 3110 873 παραδραμόντος,
3153 799 3480 871 μεταμεληθῇ
3524 802 3720 862 πάντως
3757 804 3776 852 ό

2198 882 2456 959 Ἡρώδης,
2514 885 2779 957 ἀνανήψας
2831 895 2921 946 τῆς
2968 889 3149 958 μέθης,
3196 891 3251 955 ἦ,
3308 888 3423 957 (52)
3468 893 3541 958 μὴ
3574 894 3777 941 καὶτῶν

2199 974 2353 1040 φίλων
2414 978 2540 1036 τινὲς
2601 975 3049 1049 παρακαλέσαντες
3112 975 3227 1048 (53)
3269 974 3657 1052 ἕλευθερώσωσι
3705 983 3777 1030 τόν

2198 1064 2459 1121 Ἰωάννην,

2270 1229 2369 1277 Καὶ
2417 1254 2484 1264 —-
2529 1222 2796 1295 βασιλεύς.
2854 1255 2921 1265 —
2971 1223 3257 1291 Ἐλυπήθη,
3310 1221 3446 1278 διότι
3492 1226 3662 1298 ἔμελλε
3698 1230 3776 1299 μέ-

2193 1334 2288 1385 γαν
2348 1312 2532 1365 ἀνελεῖν
2577 1309 2767 1386 ἄνδρα,
2820 1318 2908 1365 καὶ
2955 1322 3168 1371 κινῆσαι
3215 1316 3346 1387 πρὸς
3394 1322 3552 1387 μῖσος
3608 1316 3778 1368 ἑαυτοῦ

2194 1406 2279 1454 τὸν
2310 1402 2486 1474 ὄχλον.

2265 1562 2360 1612 Διὰ
2402 1557 2460 1612 δὲ
2511 1590 2578 1601 -
2645 1557 2882 1619 δοθῆναι.
2941 1559 3010 1613 Ὠ
3055 1569 3345 1632 ’γυναικεῖον
3399 1558 3773 1633 ἁνδροὲποδονί

2193 1648 2455 1721 ἐπιορκίας
2493 1654 2581 1722 μὲν
2630 1652 2899 1725 μάρτυρας
2940 1652 3079 1721 ἔχειν
3130 1648 3447 1713 ἕδιιλίασας·
3481 1656 3775 1725 παρανόμου

2194 1736 2226 1790 δ
2232 1742 2252 1790 ‘s
2276 1747 2477 1810 σφαγῆς
2506 1740 2688 1799 θεατὰς
2716 1742 2993 1799 τοσούτους
3020 1742 3159 1810 ἔχειν
3188 1740 3283 1791 οὐκ
3315 1738 3580 1811 ἐφοϐήθης
3602 1758 3614 1807 ;
3642 1736 3776 1793 Ἔδει

2189 1830 2287 1901 γάρ
2332 1847 2389 1879 σε
2430 1832 2499 1899 μὴ
2553 1837 2821 1892 προπετῶς
2874 1828 3085 1899 ὀμόσαι·
3134 1827 3242 1881 ἕπει
3292 1825 3351 1881 δὲ
3399 1827 3778 1902 ἀπερισκέπτως

2189 1921 2413 1988 ὤμοσας,
2460 1924 2686 1989 κρεῖττον
2719 1913 2778 1973 ἦν
2828 1919 3162 1989 ἐπιορκῆσαι·
3215 1914 3311 1969 δύο
3363 1920 3465 1993 γὰρ
3508 1926 3681 1970 κακῶν
3725 1920 3777 1969 τὸ

2186 2010 2491 2079 κουφότερον
2514 2008 2864 2078 αἱρετώτερον.

2258 2169 2358 2217 Καὶ
2421 2164 2625 2236 πέμψας
2678 2195 2748 2203 —
2813 2164 3036 2237 φυλακῇ.
3096 2164 3309 2237 Πέμψας
3356 2165 3772 2240 σπεκουλάτωρα,

2182 2257 2295 2311 ἤτοι
2330 2250 2539 2325 δήμιον,
2572 2256 2637 2314 ὡς
2664 2250 2796 2306 εἶπεν
2831 2254 2856 2304 ὁ
2891 2256 3118 2326 Μάρκος,
3152 2253 3320 2329 λάθρα
3348 2262 3530 2306 τοῦτον
3565 2255 3770 2320 ἀνεῖλεν,

2181 2342 2262 2393 ἵνα
2290 2347 2360 2413 μὴ
2408 2349 2497 2394 καὶ
2529 2341 2888 2414 ἀναιρούμενος
2936 2343 3051 2414 (54)
3102 2339 3395 2415 δημοσιεύη
3441 2347 3536 2401 τὴν
3588 2342 3772 2413 ἀσελγῆ

2177 2430 2317 2502 μίξιν
2344 2431 2526 2500 αὐτοῦ,
2551 2436 2639 2483 καὶ
2671 2434 2753 2482 ἵνα
2776 2436 2847 2503 μὴ
2876 2434 2962 2484 τὸν
2990 2431 3147 2503 ὄχλον
3178 2432 3276 2494 ἔξει
3305 2430 3589 2486 κωλυοντα.
3626 2432 3683 2483 Ὁ
3720 2428 3778 2484 δί

2178 2524 2301 2579 Θεὸς
2328 2520 2601 2591 ἠνέσχετο,
2649 2521 2777 2591 ὁμοῦ
2810 2523 2898 2591 μὲν
2928 2524 3014 2571 τὸν
3048 2516 3253 2572 δίκαιον
3300 2528 3562 2591 στεφανῶν
3592 2522 3775 2592 μειζό-

2175 2628 2285 2673 νως,
2344 2610 2473 2680 ὁμοῦ
2527 2605 2585 2661 δὲ
2636 2615 2747 2669 τοῖς
2792 2604 2989 2670 ἀδίκως
3041 2611 3321 2680 πάσχουσι
3372 2608 3777 2681 καταλιμπάνω

2176 2699 2531 2771 παραμυθίαν.

2248 2862 2348 2911 Καὶ
2393 2888 2460 2898 -
2507 2862 2710 2913 πίνακι.
2758 2856 2829 2909 ’Ὠ
2872 2865 3064 2931 μιαροῦ
3111 2861 3406 2930 συμποσίου
3450 2863 3541 2911 καὶ
3578 2860 3782 2933 θηριώ-

411 2915 605 2972 vium!
642 2916 957 2980 Quomodo
979 2930 1102 2970 non
1127 2914 1427 2971 vociferati
1459 2920 1598 2971 sunt
1626 2916 1729 2988 qui
1762 2915 1938 2970 simul
1970 2931 2062 2970 ac-

2250 2906 2346 2911 “““’“
2510 2906 2583 2909 ’“’⁷
2603 2906 2710 2913 nn"
2782 2906 2828 2909 “”
2872 2906 3058 2931 Γή⁷”Γ*“
3115 2906 3134 2910 ⁷
3153 2906 3313 2930 Τ“’““
3332 2906 3398 2910 ’⁷⁷
3452 2906 3541 2911 ’“”’
3582 2906 3600 2910 “
3620 2906 3749 2933 ’⁸1⁷⁷⁷⁷

2202 2947 2299 3008 ⁵ους
2325 2950 2335 3004 l
2400 2954 2514 3007 Πῶς
2569 2946 2662 2998 οὐκ
2723 2946 3021 3018 ἰλιγγίασαν
3074 2949 3123 2999 οἱ
3185 2953 3606 3019 συνανακείμενοι
3670 2950 3782 2999 θεά-

410 3003 796 3069 cumbebant,
851 3003 1285 3075 conspicientes
1336 3003 1594 3059 hominis
1646 3004 1844 3059 adhuc
1891 3002 2063 3059 calidi

410 3096 609 3162 caput,
637 3090 799 3163 quod
831 3092 1162 3147 etiamnum
1194 3092 1546 3162 sanguinem
1576 3091 1859 3159 stillabat,
1888 3108 2065 3164 super

408 3193 680 3235 mensam
707 3180 1032 3235 adductum
1056 3180 1229 3251 quasi
1249 3179 1539 3236 ferculum
1561 3185 1589 3236 ?
1611 3181 1919 3252 quomodo
1942 3197 2065 3237 non

407 3269 882 3325 exhorruerunt?

480 3397 638 3450 Vers.
668 3395 756 3449 tt.
784 3396 1120 3464 Datumque
1143 3400 1227 3450 est
1249 3394 1481 3461 puellm.
1510 3395 1888 3451 Exsecranda
1914 3412 2063 3452 mer-

407 3500 503 3539 ces
526 3484 893 3553 impudentis
906 3484 1130 3554 operis!
1152 3485 1295 3538 Vere
1318 3482 1452 3538 talis
1474 3484 1679 3539 matris
1696 3483 1882 3555 digna
1902 3485 2058 3551 ﬁlia;

405 3588 541 3644 quas
566 3572 662 3626 ubi
688 3572 873 3627 semel
894 3572 1111 3642 abjecit
1131 3572 1444 3643 pudorem,
1472 3576 1527 3627 et
1551 3573 1610 3627 in
1632 3580 1955 3645 conspectu
1976 3578 2062 3629 tot

406 3660 673 3716 virorum
700 3662 960 3733 seipsam
986 3661 1047 3715 in
1071 3661 1365 3716 theatrum
1387 3661 1678 3731 exposuit,
1703 3677 1773 3717 ac
1795 3664 1953 3719 varie
1974 3666 2060 3719 in-

405 3751 655 3806 decoros
687 3751 943 3806 exercuit
970 3756 1185 3815 motus,
1216 3749 1516 3805 crudelem
1544 3750 1655 3805 sibi
1681 3753 1907 3823 paravit
1938 3755 2061 3810 ani-

405 3856 594 3905 mum,
615 3840 968 3912 lancemque
985 3856 1133 3895 ausa
1145 3844 1234 3894 est
1248 3839 1590 3909 contingere
1603 3840 1764 3896 caede
1777 3842 2017 3913 plenam
2042 3861 2057 3902 ;

404 3944 514 3985 nec
545 3930 739 3984 solum
769 3929 1125 3999 contingere,
1178 3944 1383 3984 verum
1412 3930 1591 3985 etiam
1622 3931 1801 4001 quasi
1829 3931 2055 3989 donum

403 4018 643 4088 aliquod
657 4018 1061 4089 gratissimum
1075 4017 1701 4091 perferens,laetissime
1715 4020 1920 4078 obtulit
1932 4038 2061 4080 ma-

405 4107 493 4162 tri.
524 4107 616 4162 Ait
645 4106 804 4161 enim
838 4124 850 4161 :

2176 3038 2371 3088 σασθαι
2397 3035 2617 3108 κεφαλήν
2645 3034 2937 3108 ἀνθρώπου,
2974 3031 3161 3108 θερμοῦ
3199 3037 3497 3096 στάζουσαν
3529 3043 3779 3109 αἵματος,

2173 3123 2255 3177 ἐπὶ
2308 3128 2400 3183 τὴν
2454 3125 2711 3198 τράπεζαν
2770 3127 2937 3177 αὐτῶν
2991 3125 3348 3197 εἰσαγομένην,
3403 3128 3471 3186 ὡς
3532 3121 3746 3197 ἔδεσμα

2173 3221 2284 3274 Πῶς
2310 3214 2403 3266 οὐκ
2432 3213 2657 3287 ἔφριξαψ

2242 3368 2345 3421 Καὶ
2376 3362 2532 3423 ἐδόθη
2583 3372 2655 3435 τῷ
2700 3370 2956 3437 κορασίῳ.
3016 3367 3219 3426 Μισθὸς
3260 3364 3445 3436 ἐναγὴς
3479 3364 3783 3437 ἀναισχύνο

2170 3474 2259 3506 του
2308 3455 2538 3528 πράξεως
2585 3455 2598 3507 Ῑ
2648 3453 2843 3515 ’Ὀντως
2891 3456 3136 3515 τοιαύτης
3186 3458 3375 3527 μητρὸς
3427 3454 3550 3517 ἀξία
3606 3458 3787 3526 θυσίαι

2168 3564 2286 3619 τηρ·
2321 3543 2458 3605 ἅπαξ
2486 3546 2587 3616 ’γὰρ
2618 3548 2708 3600 τὴν
2748 3544 3060 3615 παρθενικὴν
3100 3540 3237 3595 αἰδῶ
3270 3548 3661 3616 παρωσαμένη,
3694 3549 3789 3596 καὶ

2169 3632 2215 3684 ἐν
2251 3631 2533 3705 ὀφθαλμοῖς
2562 3651 2804 3683 τοιουτων
2854 3628 3053 3703 ἀνδρῶν
3086 3630 3316 3704 ἀσέμνως
3349 3632 3536 3690 ἑαυτὴν
3578 3636 3793 3707 θεατρι·

2170 3741 2328 3787 σασα,
2362 3726 2451 3773 καὶ
2479 3721 2726 3782 ποικίλως
2759 3720 2874 3792 (55)
2901 3719 3354 3793 ἀσχημονησασα,
3383 3722 3573 3793 ψυχὴν
3610 3726 3789 3775 ancis-

2170 3812 2369 3886 θρωπον
2414 3810 2689 3878 ἐκτήσατο,
2732 3816 2815 3861 καὶ
2854 3809 3235 3883 κατετόλμησεν
3278 3808 3521 3879 ἅψασθαι
3550 3817 3793 3873 πίνακος

2168 3904 2320 3971 φόνου
2348 3904 2607 3972 γέμοντος,
2642 3904 2730 3951 καὶ
2760 3898 2866 3969 οὐχ
2896 3897 3138 3969 ἅψασθαι
3167 3904 3338 3971 μόνον,
3372 3897 3501 3951 ἀλλὰ
3523 3905 3656 3967 καὶ,
3693 3920 3796 3953 κα-

2170 3990 2328 4062 θάπερ
2362 4007 2415 4041 τι
2454 3985 2620 4063 δῶρον
2654 3984 2896 4056 ἣδιστον,
2940 3984 3321 4053 διαϐαστάσαι,
3352 3992 3440 4041 καὶ
3471 3994 3797 4062 χαριέντως

2168 4078 2487 4151 ἀποκομίσαι
2516 4086 2579 4149 τῇ
2612 4080 2793 4152 μητρί.
2831 4077 2944 4148 (56)

472 4234 633 4288 Vers.
665 4233 753 4289 1-1.
784 4233 861 4287 Et
891 4262 958 4272 —--
986 4247 1125 4288 suae.
1153 4234 1351 4303 Neque
1381 4232 1540 4288 enim
1574 4233 1712 4289 satis
1742 4240 1866 4291 erat
1896 4252 2056 4293 exse-

2236 4244 2335 4292 Καὶ
2384 4271 2452 4278 ——
2494 4238 2674 4299 αὐτῆς.
2727 4237 2837 4289 Οὐκ
2880 4238 3086 4311 ἠρκεῖτο
3114 4239 3215 4309 γὰρ
3246 4238 3276 4295 ἡ
3311 4234 3550 4309 βδελυρὰ
3598 4245 3799 4313 μήτηρ

401 4322 640 4378 crandas
674 4322 847 4377 matri
879 4322 1041 4393 quod
1073 4322 1411 4376 interfectus
1441 4328 1597 4378 esset
1628 4341 1640 4376 :
1675 4324 1777 4379 sed
1808 4326 2055 4396 Optabat

399 4428 641 4484 quoque
668 4411 726 4466 in
745 4426 961 4467 manus
977 4426 1213 4465 sumere
1236 4415 1432 4481 caput,
1448 4412 1608 4483 quod
1627 4412 1683 4467 in
1699 4429 1869 4470 suam
1895 4415 2055 4471 inve-

398 4500 651 4556 hebatur
672 4500 977 4556 lasciviam
1002 4499 1417 4562 aclibidinem,
1442 4506 1505 4557 ut
1525 4500 1670 4556 illud
1693 4505 2056 4563 contumelia

399 4586 673 4653 afﬁceret,
702 4606 771 4644 ac
798 4590 1185 4644 insectaretur
1215 4588 1505 4645 convitiis.
1536 4590 1890 4661 Hujusmodi
1917 4600 2055 4650 sunt

400 4675 675 4731 mulieres
688 4677 762 4732 ad
773 4677 1271 4741 ulteraa,omnium
1286 4678 1766 4752 improbissime,
1776 4682 2053 4739 crudelis-

399 4766 565 4821 simae
587 4781 656 4821 ac
688 4766 1144 4822 scelestissimaa.
1176 4769 1242 4822 Et
1266 4768 1402 4824 vide
1432 4769 1597 4841 quod
1627 4774 2054 4842 perpetraverit

395 4856 576 4913 mala.
622 4854 890 4927 Seipsam
932 4855 1222 4913 dedecore
1262 4858 1473 4927 aﬁ‘ecit,
1519 4875 1817 4932 suumque
1854 4863 2051 4921 virum

392 4945 731 5018 Philippum
752 4949 807 5003 et
831 4944 1170 5003 adulterum
1192 4947 1483 5005 Herodem
1506 4963 1575 5004 ac
1596 4948 1804 5007 ﬁliam.
1829 4951 2049 5011 Deinde

466 5073 509 5107 ³1
542 5074 712 5128 Marc.
745 5087 824 5138 vi,
857 5071 945 5127 21.
1097 5073 1144 5109 ³²
1173 5072 1324 5129 Ibid.
1358 5074 1445 5129 27.

2163 4328 2531 4403 ἀναιρεθέντος,
2592 4323 2865 4397 ἀλλ’ἑδίψα
2916 4331 3006 4377 καὶ
3071 4325 3241 4378 λαϐεῖν
3301 4326 3372 4387 εἰς
3426 4335 3639 4400 χεῖρας
3700 4338 3801 4385 τὴν

2166 4417 2568 4476 στηλιτεύουσαν
2625 4420 2719 4474 τὴν
2776 4414 3058 4467 ἀκολασίαν
3111 4416 3271 4477 αὐτῆς
3328 4415 3587 4486 κεφαλήν,
3655 4421 3805 4471 ὥστε

2162 4506 2429 4579 ἐνυϐρίσαι
2485 4506 2612 4577 αὐτῇ
2670 4510 2758 4557 καὶ
2810 4503 3151 4559 ἐπιτωθάσαι.
3206 4510 3457 4557 Τοιαῦται
3514 4506 3677 4559 εἰσιν
3752 4514 3806 4560 αι

2162 4601 2531 4669 μοιχευόμεναι
2623 4602 2879 4665 γυναῖκες,
2962 4594 3195 4646 ἁπάντων
3281 4593 3617 4667 ἰταμώτεροιι
3710 4604 3812 4651 καί

2161 4686 2415 4761 ὠμότεραι
2470 4690 2558 4737 καὶ
2608 4682 2952 4756 ἀνοσιότεραι.
3009 4687 3193 4736 Σκόπει
3245 4679 3302 4735 δὲ
3349 4689 3440 4736 καὶ
3481 4683 3603 4737 ὅσα
3650 4690 3813 4738 κακά

2162 4773 2494 4850 διεπράξατο·
2550 4778 2853 4847 κατῄσχυνε
2898 4777 2988 4825 καὶ
3053 4773 3251 4837 ἑαυτὴν,
3313 4777 3403 4824 καὶ
3454 4776 3542 4825 τόν
3613 4773 3819 4853 ἄνδρα

2160 4867 2323 4926 αὐτῆς
2374 4864 2644 4931 Φίλιππον,
2698 4868 2787 4914 καὶ
2841 4864 2927 4914 τὸν
2975 4865 3167 4935 μοιχόν
3216 4858 3479 4934 Ἡρώδην,
3528 4870 3649 4918 καὶ
3713 4872 3818 4925 τὴν

2161 4958 2439 5029 θυγατέρα,
2495 4956 2584 5007 καὶ
2637 4950 2797 5005 ἀνεῖλε
2847 4954 2936 5024 μὲν
2983 4954 3069 5003 τὸν
3127 4956 3413 5026 κατήγορον
3468 4960 3573 5014 τῆς
3683 4978 3817 5030 μοι-

1589 5209 1815 5279 Variae
1854 5211 2180 5283 lectiones
2220 5223 2286 5280 et
2331 5222 2533 5280 notae.

461 5356 568 5425 (52)
610 5355 738 5407 Ἀπὸ
769 5362 942 5427 κοινοῦ
972 5358 1027 5407 τὸ
1062 5354 1368 5427 φοϐηθεῖσα.

485 5424 572 5497 537)
603 5431 700 5499 Τὸν
730 5424 991 5499 Ἡρώδην.

485 5429 572 5497 53)
603 5431 700 5479 Τόν
730 5429 991 5499 Ἡρώδην.

458 5429 570 5571 ἓὸλί)
599 5498 639 5555 i.
673 5514 726 5555 e.
769 5498 817 5551 ἐν
846 5508 918 5570 τῷ
958 5497 1283 5572 ἀναιρεῖσθαι
1311 5498 1567 5574 δημοσίᾳ.

2392 5368 2517 5443 Τοῖς
2566 5370 2659 5443 τῇς
2710 5361 2984 5434 ὀρχήσεως
3039 5368 3312 5433 τρυφεροῖς
3369 5366 3460 5415 καὶ
3509 5364 3823 5443 alia-190i;

2158 5432 2412 5506 σχήμασι
2437 5438 2526 5485 καὶ
2558 5432 2777 5506 ἂλμασιέ

2228 5506 2340 5576 (56)
2370 5504 2689 5562 HenteniUs
2721 5504 2885 5562 addit
2916 5526 2928 5560 :
2962 5508 3090 5575 φησὶ
3119 5504 3250 5576 γάρ.
