3906 6202
164 197 244 256 429

1016 199 1382 255 COMMENT.
1425 198 1491 252 ΙΝ
1533 189 1985 253 MATTH/EUM.
2036 228 2103 236 —
2143 197 2296 252 CAP.
2337 197 2484 252 XIV.

3320 203 3424 258 430

158 330 288 394 χείας,
331 324 396 374 ἱνα
432 326 769 393 μοιχευομένη
825 322 1046 394 λανθάνῃ
1107 327 1227 384 τοὺς
1277 327 1390 374 τότε
1438 327 1592 395 μόνον
1645 342 1657 354 ·

1835 321 1983 376 :cidit
2001 321 2242 391 quidem
2263 321 2532 378 adulterii
2549 321 3056 389 insectatorem,ut
3073 323 3424 383 adulterium

161 412 350 464 ὼελοᾶτα
386 407 434 462 δε
481 409 654 479 αὐτὸν,
705 410 762 462 ού
819 415 972 483 μόνον
1045 411 1138 462 οὐκ
1187 410 1359 463 ἔλαθεν
1411 410 1657 479 ἐκείνους,

155 500 254 552 ἀλλὰ
274 505 450 559 καὶτοῖς
487 504 931 574 μεταγενεστέροις
959 495 1331 572 ἐδημοσιεύθη,
1378 505 1467 552 καὶ
1493 505 1657 574 μέχρι

149 592 293 647 παντὸς
314 587 352 638 ὲν
375 585 456 657 οδιῳ
479 595 548 656 τῷ
576 592 758 659 κόσμῳ
784 585 820 639 ὃ
823 608 850 645 η
857 591 1172 660 μοσιεύεταῦ

190 785 270 834 Καὶ
293 811 349 822 -
370 780 501 832 αὑτό·
548 779 606 832 Ὀ
655 777 715 833 δὲ
742 782 952 854 Μάρκος
980 784 1038 834 τὸ
1067 791 1256 855 πτῶμα
1301 783 1461 836 αὐτοῦ
1501 804 1650 856 φησι,

131 880 276 942 πτῶμα
302 873 348 922 τὸ
376 878 517 941 σῶμα
540 870 782 935 καλέσας,
818 867 912 924 διὰ
930 874 988 923 τὸ
1016 878 1189 924 πεσεῖν
1215 871 1285 934 εἰς
1310 870 1500 944 ἔδαφος
1527 876 1654 944 μετὰ

133 965 204 1018 τήν
224 959 405 1031 ἐκτομὴν
431 967 521 1020 τῆς
560 959 803 1031 κεφαλῆς.

182 1143 257 1190 Καὶ
307 1167 366 1178 -
425 1137 618 1195 Ἰησοῦ.
684 1139 878 1190 Λοιπὸν
947 1135 1321 1211 ἐνδεικνύμενοι
1387 1143 1481 1198 τὴν
1523 1143 1655 1214 πρὸς

124 1224 243 1276 αὐτὸν
273 1229 444 1278 εὔνοιαν
483 1244 496 1256 ·
557 1225 757 1297 ἔκαμψε
803 1229 903 1298 γὰο
957 1227 1148 1290 αὐτοὺς
1193 1228 1381 1300 μᾶλλον
1434 1231 1464 1287 ἡ
1524 1249 1656 1302 συμο

122 1317 237 1383 0000i-

171 1425 250 1472 Καὶ
292 1451 352 1462 -
393 1418 660 1476 κατιδίαν.
721 1423 994 1488 Ἀκούσας,
1055 1425 1133 1476 ὅτι
1177 1422 1398 1498 ἀνῃρέθη
1453 1427 1479 1477 ὀ
1539 1425 1654 1478 Ἰω-

114 1513 246 1570 ιί-ηης·
287 1516 365 1562 καὶ
405 1514 504 1585 γὰρ
572 1516 681 1576 καὶ,
738 1514 821 1564 ὅτε
867 1517 1106 1581 ἤκουσεν,
1158 1515 1237 1566 ὅτι
1278 1510 1545 1588 παρεδόθη
1587 1516 1655 1576 εἰς

115 1602 156 1648 τὸ
176 1595 514 1672 δεσμωτήριον,
559 1601 880 1675 ῥιδεχώρησε.
914 1597 985 1653 δι’
1031 1607 1094 1660 ἣν
1125 1599 1186 1656 δὲ
1223 1603 1412 1668 αἰτίαν,
1442 1607 1653 1677 εἰρήκα-

109 1707 175 1757 μεν
200 1686 237 1739 ἐν
262 1697 326 1757 τῷ
353 1693 505 1761 τρίτῳ
555 1689 836 1761 κεφαλαίῳ.
889 1695 978 1742 καὶ
1006 1693 1092 1743 ἶνα
1123 1691 1318 1765 φυλάξῃ
1366 1692 1543 1745 ἑαυτὸν
1588 1693 1654 1754 εἰς
1684 1671 1725 1730 Β

109 1778 172 1824 τὸν
192 1779 420 1848 πρέποντα
455 1785 552 1830 τοῦ
591 1786 820 1852 σταυροῦ
848 1783 1046 1852 καιρόν.

158 1887 268 1942 Τινὲς
339 1880 393 1936 δὲ
443 1884 842 1958 ἑρμηνεύουσιν,
919 1887 997 1938 ὃτί
1058 1886 1302 1955 ἀκούσας,
1363 1889 1440 1942 ὃτι
1492 1911 1654 1966 προσ-

108 1967 304 2028 εόόκησεν
357 1970 604 2047 Ἡρώδης
649 1977 736 2026 τὸν
766 1975 1004 2033 Ἰωάννην
1032 1976 1185 2028 αὐτὸν
1234 1975 1382 2032 εἶναι.
1424 1985 1524 2032 Καὶ
1550 1984 1650 2056 γὰρ

105 2063 173 2116 τὴν
217 2059 455 2135 αναίρεσιν
512 2061 677 2114 αὐτοῦ
730 2067 864 2116 κατὰ
908 2064 1021 2136 (57)
1074 2067 1399 2140 παρενθήκην
1457 2089 1654 2141 μνημο-

105 2150 292 2207 nubium
341 2158 444 2216 νῦν,
507 2156 602 2203 καὶ
678 2155 1038 2227 περατωθῆναι
1101 2159 1264 2229 μέχρι
1317 2164 1407 2208 τοῦ
1465 2162 1657 2232 παρόν-

102 2237 323 2310 τοςρητοῦ
358 2244 450 2298 την
487 2237 751 2312 διήγησιν
795 2241 974 2304 αὐτῆς.
1039 2239 1149 2295 εἶτα
1190 2244 1342 2296 πάλιν
1382 2244 1652 2298 ἀποκατα-

102 2333 246 2382 στῆναι
305 2332 387 2379 τὸν
461 2329 621 2401 λόγον
701 2330 770 2390 εἰς
849 2335 936 2389 τὴν
1019 2337 1270 2407 προτέραν
1348 2333 1654 2388 ἀκολουθίαν

99 2433 192 2466 ιντο
199 2436 236 2468 ν.

150 2522 270 2582 Εἰκὸς
315 2520 370 2576 δὲ
418 2523 582 2577 αὐτὸν
643 2523 868 2578 ἀκοῦσαι
919 2531 1006 2580 καὶ
1078 2525 1344 2605 ἀμφότερα
1386 2533 1523 2584 κατὰ
1567 2535 1654 2584 τὸν

96 2618 328 2666 τηνικαῦτα
371 2618 584 2687 καιρὸν,
654 2619 743 2666 καὶ
814 2617 1167 2691 ὑποχωρῆσαι
1234 2616 1307 2670 δι’
1368 2619 1651 2695 ἀμφότερα.

98 2704 171 2749 Καὶ
211 2703 296 2772 γὰρ
347 2708 435 2754 καὶ
502 2707 692 2776 τρίτην
753 2704 920 2756 αἰτίαν
995 2715 1087 2768 τῆς
1144 2711 1386 2770 τοιαύτης
1449 2708 1655 2782 ἀναχω·

93 2790 297 2856 ,θέσεωςό
343 2793 562 2864 Μάρκος
614 2794 882 2865 ἱστόρησε,
940 2797 998 2846 τὸ
1049 2793 1335 2867 βούλεσθαι
1367 2793 1654 2852 διαναπαύη

93 2893 158 2925 ται
202 2881 303 2938 τοὺς
353 2881 628 2951 μαθητὰς,
704 2882 1132 2955 ὑποστρέψαντας
1211 2885 1314 2939 ἀπὸ
1400 2896 1490 2940 τού
1565 2899 1730 2955 κτλ-(ζ’,

89 2967 322 3036 ρὺγματοςο
381 2972 567 3042 εῐρηκε
622 2971 724 3042 γὰρ
801 2970 937 3023 οὕτω

91 3053 320 3108 ἀποστολοι
387 3062 521 3131 πρὸς
639 3061 726 3111 τὸν

1009 2993 1019 3005 ·
1081 2978 1181 3026 Καὶ
1243 2978 1556 3048 συνάγονται
1607 2981 1655 3030 οἱ

824 3059 1050 3130 Ἰησοῦν,
1162 3068 1250 3116 καὶ
1339 3064 1654 3138 ἀπήγγειλα)

479 3151 582 3199 καὶ
661 3149 763 3200 ὅσα
835 3148 1104 3216 ἐποίησαν,
1163 3157 1252 3205 καὶ
1307 3156 1406 3206 ὅσα
1464 3152 1653 3208 ἐδιδα-

88 3230 169 3290 ξπι.
231 3239 321 3287 Καὶ
381 3233 523 3289 εἶπεν
603 3236 801 3299 αὐτοῖς·
867 3246 1038 3308 Δεῦτε,
1101 3242 1245 3314 ὑμεῖς
1316 3243 1459 3296 αὐτοὶ
1517 3246 1650 3315 (58),

87 3322 175 3370 κατ’
243 3319 372 3375 ἰδίαν
458 3326 533 3388 εἰς
613 3328 805 3398 ἔρημον

95 3141 201 3212 αὐτῷ
231 3147 406 3210 πάντα,

1159 3336 1248 3384 καὶ
1331 3331 1657 3388 ἀναπαύεσθε

86 3406 233 3479 ὧλγον.
289 3412 450 3466 Ἦσαν
526 3417 635 3486 γὰρ
697 3415 747 3467 οἱ
804 3415 1078 3490 ἐρχόμενοι
1132 3425 1220 3472 καὶ
1273 3423 1321 3472 οἱ
1374 3423 1656 3493 ὑπάγοντες

86 3498 226 3552 πολλοί
274 3518 286 3531 ·
339 3509 427 3556 καὶ
521 3500 657 3556 οὐδὲ

901 3331 1076 3395 τόπον,

339 3509 427 3556 καὶ
521 3508 657 3556 οὐδὲ
764 3513 940 3576 φαγεῖν
1016 3508 1306 3582 εὐκαίρουν.
1391 3515 1489 3562 Καὶ
1562 3509 1655 3562 ἁπ-

82 3585 200 3642 ῆὶθτι
227 3590 291 3652 εἰς
335 3594 551 3666 (annos,
605 3596 766 3646 τόπον
815 3603 886 3664 τῷ
930 3595 1093 3669 πλοίῳ
1140 3596 1405 3655 κατιδίαν.
1452 3606 1653 3652 Ταῦτα-

81 3696 149 3742 μτδ
174 3675 250 3729 Οὖν
275 3682 299 3732 ὁ
325 3685 562 3756 Μάρκος.

136 3804 464 3878 Παραπλήσια
513 3804 578 3859 δὲ
621 3807 782 3878 λέγων
833 3814 922 3862 καὶ
975 3811 1000 3861 ὁ
1050 3816 1277 3883 Λουκᾶς,
1331 3817 1656 3886 προστίθησι

79 3897 160 3979 καὶ.Δ
180 3900 438 3968 γνώρισμα
487 3906 590 3958 τῆς
629 3895 850 3970 ἐρήμου.
897 3904 1033 3957 Φησὶ
1079 3903 1318 3976 γὰρ,ζὸτι
1355 3907 1456 3956 Καὶ
1486 3924 1652 3979 παρα-

82 3974 217 4031 )-αεὲη
301 3987 506 4055 αὐτοὺς,
594 3988 916 4061 ὑπεχώρησε
1003 3987 1248 4043 κατιδίαν
1337 3993 1408 4054 εἰς
1466 3995 1655 4066 ἔρημον

79 4072 225 4135 τοπον,
291 4074 478 4136 πόλεως
578 4075 904 4149 καλουμένης
1015 4078 1309 4136 Βηθσαῖδά·
1411 4087 1526 4158 Χρὴ
1597 4080 1656 4136 δὲ

78 4167 329 4229 γινώσκειν,
425 4168 510 4218 ὅτι
603 4166 1054 4244 ἀνθρωποπρεπῶς
1154 4173 1179 4222 ὁ
1258 4175 1490 4246 Χριστὸς
1564 4177 1654 4226 καὶ

1767 409 2163 474 committens,
2205 425 2307 466 eos
2336 410 2437 484 qui
2479 415 2616 467 tunc
2655 412 2823 464 erant
2857 408 3100 478 lateret;
3137 413 3243 468 sed
3280 416 3426 486 quia

1767 495 1964 567 ipsum
2002 498 2236 564 occidit,
2279 514 2401 556 non
2430 499 2626 554 solum
2657 496 2790 552 illos
2822 513 2942 554 non
2981 499 3172 569 latuit,
3212 517 3424 559 verum

1765 585 1945 641 etiam
1975 587 2226 658 posteris
2253 588 2617 659 publicatum
2649 591 2740 644 est
2773 608 2784 644 :
2820 605 3174 664 semperque
3202 591 3264 648 in
3294 591 3422 648 uni-

1764 688 1936 730 verso
1967 675 2196 732 mundo
2225 677 2586 748 publicatur.

1833 783 1995 839 Vers.
2039 783 2122 836 l2.
2165 784 2241 838 Et
2295 813 2366 827 —-
2419 785 2596 841 illud.
2656 788 2885 844 Marcus
2943 792 3146 844 autem
3183 787 3325 845 dicit
3361 800 3419 854 ³³,

1762 870 1929 940 quod
1967 870 2226 927 tulerunt
2253 881 2440 945 πτῶμα
2468 875 2598 944 ejus
2642 893 2654 929 :
2697 877 2930 933 vocavit
2958 881 3162 932 autem
3201 891 3420 949 corpus

1763 961 1891 1029 ejus
1929 968 2118 1032 πτῶμα
2156 959 2255 1012 ἀπὸ
2294 967 2386 1012 τοῦ
2447 970 2641 1031 πεσεῖν,
2699 964 2762 1019 id
2824 969 2931 1028 est,
2972 981 3008 1020 a
3045 964 3316 1021 cadendo
3356 965 3420 1022 in

1763 1048 2174 1120 pavimentum
2204 1056 2338 1121 post
2367 1051 2574 1122 capitis
2601 1053 3096 1124 amputationem.

1836 1156 1998 1210 Vers.
2041 1156 2128 1211 12.
2168 1159 2257 1213 Ac
2294 1188 2363 1196 —
2399 1158 2560 1214 Jesu.
2603 1161 2738 1216 Jam
2777 1174 2919 1232 erga
2958 1160 3128 1216 illum
3165 1159 3422 1216 benevo-

1763 1242 2007 1300 lentiam
2023 1243 2536 1304 demonstrantes:
2561 1248 2752 1318 magis
2778 1249 2938 1305 enim
2956 1264 3060 1306 eos
3085 1248 3248 1306 ﬂexit
3264 1249 3420 1306 cala-

1764 1332 1962 1388 mitas.

1838 1447 2000 1503 Vers.
2037 1449 2117 1503 l3.
2152 1450 2412 1521 Cumque
2441 1452 2780 1508 —seorsim.
2811 1453 2960 1508 Cum
2981 1453 3239 1509 audisset
3266 1455 3417 1509 occi-

1765 1553 1900 1593 sum
1929 1551 2061 1592 esse
2110 1537 2406 1593 Joannem
2447 1539 2776 1610 :siquidem
2807 1539 2990 1596 etiam
3029 1555 3166 1595 cum
3192 1539 3421 1597 audivit

1765 1625 2044 1681 traditum
2076 1641 2204 1682 esse
2241 1625 2302 1682 in
2333 1641 2634 1683 carcerem
2677 1627 2938 1688 secessit.
2961 1628 3133 1698 cujus
3172 1643 3418 1685 causam

1765 1715 1929 1770 tertio
1959 1715 2152 1788 capite
2210 1714 2510 1771 diximus:
2539 1715 2706 1788 quod
2754 1715 2936 1772 etiam
2973 1715 3196 1773 factum
3217 1720 3325 1783 est,
3354 1721 3419 1773 ut

1765 1804 2032 1876 seipsum
2062 1803 2122 1859 in
2149 1807 2382 1876 tempus
2400 1804 2667 1876 passioni
2691 1805 3048 1860 conveniens
3069 1810 3414 1862 reservaret.

1835 1910 2088 1976 Quidam
2135 1913 2326 1966 autem
2376 1910 2838 1982 interpretantur
2882 1928 2895 1966 :
2940 1913 3088 1967 Cum
3153 1912 3419 1968 audisset

1762 2000 1924 2074 quod
1977 1999 2235 2055 Herodes
2274 1998 2656 2056 arbitraretur
2685 2000 2855 2056 illum
2893 2015 3020 2056 esse
3069 2001 3366 2058 Joannem
3399 2018 3412 2056 :

1761 2089 1944 2160 hujus
1976 2103 2241 2160 namque
2266 2087 2736 2144 interfectionem
2783 2088 2991 2144 dicunt
3018 2103 3125 2161 per
3152 2088 3419 2162 interpo-

1763 2179 2036 2234 sitionem
2062 2193 2223 2233 nunc
2250 2177 2323 2232 ad
2353 2177 2708 2234 memoriam
2738 2193 2873 2233 esse
2896 2177 3231 2246 reductam,
3258 2177 3418 2233 illus-

1762 2283 1878 2340 que
1903 2267 2304 2324 narrationem
2335 2266 2414 2322 ad
2451 2281 2712 2338 priesens
2735 2282 2918 2338 usque
2939 2266 3192 2322 verbum
3218 2267 3416 2323 termi-

1762 2358 1917 2413 nari.
1953 2356 2173 2412 Deinde
2187 2355 2784 2428 rursumfsermonem
2799 2356 2876 2411 ad
2889 2356 3152 2428 priorem
3169 2356 3256 2412 sui
3277 2371 3416 2412 con-

1764 2447 2137 2518 sequentiam
2163 2444 2408 2502 restitui.

1835 2570 2158 2627 Verisimile
2187 2576 2275 2626 est
2314 2573 2516 2627 autem
2548 2573 2867 2642 utrumque
2899 2585 2970 2626 eo
2997 2574 3266 2642 tempore
3298 2585 3414 2626 au-

1765 2661 1942 2726 disse,
2002 2665 2057 2716 et
2103 2664 2343 2732 propter
2390 2663 2708 2731 utramque
2763 2673 3000 2714 causam
3071 2658 3413 2714 secessisse.

1765 2751 2042 2804 Praeterea
2108 2749 2338 2804 tertiam
2392 2762 2634 2820 quoque
2672 2747 2856 2817 hujus
2899 2746 3250 2802 secessionis
3275 2763 3414 2802 cau-

1767 2855 1900 2895 sam
1947 2838 2181 2906 scripsit
2233 2840 2477 2902 Marcus,
2511 2839 2654 2907 puta
2692 2835 2858 2908 quod
2887 2836 3256 2908 requiescere
3297 2835 3415 2891 vel-

1763 2925 1841 2982 let
1867 2927 2186 2998 discipulos
2236 2942 2272 2982 a
2328 2925 2744 2997 praedicatione
2782 2938 3075 2980 reversos.
3119 2926 3205 2981 lta
3252 2923 3416 2981 enim

1765 3014 1912 3069 dixit
1939 3032 1950 3069 :
1975 3015 2049 3070 Et
2067 3019 2492 3084 congregantur
2506 3015 2748 3082 apostoli
2762 3013 2844 3070 ad
2857 3013 3077 3082 Iesum,
3106 3029 3178 3070 ac
3199 3029 3417 3070 renun-

1766 3104 1913 3159 tiant
1926 3103 2024 3158 illi
2044 3103 2242 3158 omnia
2255 3117 2493 3173 quaeque
2510 3102 2793 3171 fecissent,
2811 3118 3046 3176 quaeque
3066 3103 3413 3158 docuissent.

1765 3195 1840 3248 Et
1863 3192 2007 3247 dixit
2027 3191 2104 3246 eis
2135 3206 2146 3245 :
2191 3191 2385 3246 Venite
2410 3205 2504 3245 vos
2529 3191 2641 3246 soli
2670 3191 2902 3245 seorsim
2923 3192 2986 3246 in
3016 3191 3306 3248 desertum
3333 3193 3417 3247 to-

1765 3298 1918 3345 cum,
1947 3287 2002 3337 et
2018 3281 2358 3352 requiescite
2372 3279 2698 3349 paulisper.
2720 3280 2907 3334 Erant
2933 3279 3085 3334 enim
3115 3281 3214 3350 qui
3241 3281 3418 3334 venie-

1769 3372 1907 3426 bant
1929 3377 1979 3425 ct
2002 3370 2246 3427 abibant
2274 3368 2445 3423 multi
2471 3367 2572 3432 sic,
2604 3374 2670 3421 ut
2697 3383 2800 3423 nec
2826 3367 3114 3423 comedere
3140 3374 3409 3423 vacaret:

1765 3463 1818 3514 et
1847 3460 2055 3530 egressi
2085 3464 2219 3513 sunt
2247 3458 2314 3529 (δ)
2345 3457 2590 3527 navigio
2634 3457 2695 3512 in
2724 3457 3016 3512 desertum
3045 3456 3231 3513 locum
3263 3471 3417 3512 seor-

1764 3551 1887 3604 sim.
1923 3552 2055 3604 Hzec
2079 3564 2224 3604 sane
2255 3547 2500 3602 Marcus.

1837 3745 2116 3801 Proxima
2135 3743 2227 3798 his
2258 3745 2394 3799 sunt
2418 3757 2552 3814 qua:
2597 3739 2734 3796 dicit
2766 3742 2952 3796 Lucas
2983 3739 3209 3795 addens
3239 3740 3418 3796 etiam

1765 3836 2005 3905 signum
2031 3849 2152 3906 quo
2182 3831 2477 3887 desertum
2529 3837 2887 3884 nosceretur.
2935 3827 3027 3883 Ait
3055 3828 3214 3883 enim
3253 3827 3420 3900 quod

1766 3924 2006 3980 secessit
2030 3922 2278 3978 seorsim
2317 3921 2377 3976 in
2407 3919 2707 3975 desertum
2752 3917 2948 3974 locum
2989 3917 3241 3974 civitatis
3281 3933 3417 3990 quas

1764 4017 2007 4068 vocatur
2037 4009 2352 4066 Bethsaida
2377 4009 2443 4062 ³⁵.
2476 4007 2632 4064 Scire
2659 4007 2838 4063 etiam
2856 4010 3089 4078 oportet
3119 4006 3420 4063 Christum

1764 4103 2027 4158 humano
2051 4115 2216 4156 more
2247 4096 2537 4166 etaudire,
2561 4100 2616 4152 et
2637 4096 2929 4162 secedere,
2947 4100 3003 4151 et
3023 4112 3093 4152 ea
3109 4112 3246 4168 quae
3267 4096 3421 4151 circa

1766 4206 1827 4246 se
1857 4194 2026 4245 erant
2054 4188 2418 4259 dispensare.
2463 4184 2678 4241 Omnia
2728 4184 2887 4240 enim
2917 4189 3212 4255 tanquam
3266 4187 3418 4238 Deus

81 4252 348 4318 ακούει,καὶ
393 4255 696 4331 ἀναχωρεῖ,
742 4263 831 4310 καὶ
880 4258 1135 4332 οἰκονομεῖ
1183 4263 1246 4312 τὰ
1291 4262 1408 4314 καθ’
1454 4263 1652 4320 ἑαυτὸν.

1835 4278 2010 4343 iebat,
2051 4244 2168 4332 nec
2189 4274 2269 4330 illi
2291 4273 2432 4344 fuga
2455 4289 2605 4346 Opus
2638 4277 2782 4329 erat.

79 4333 151 4396 ἀς
186 4343 274 4414 γὰρ
321 4350 468 4408 Θεὸς,
516 4351 614 4398 καὶ
684 4344 930 4416 ἐγίνωσκε
975 4351 1162 4417 πάντα,
1217 4357 1307 4404 καὶ
1353 4352 1448 4404 οὐκ
1492 4350 1657 4406 ἐδεῖτο

78 4437 188 4496 ξηξ
198 4450 234 4490 ς-

144 4539 227 4587 Καὶ
271 4571 334 4580 -
376 4542 602 4596 πόλεων.
660 4539 718 4593 Ὀ
800 4539 859 4595 δε
915 4546 1128 4619 Μάρκος
1186 4552 1359 4620 φησὶν,
1436 4550 1515 4601 ὅτι
1569 4554 1659 4602 καὶ

83 4619 195 4674 εἶδον
253 4630 429 4692 αὐτοὺς
519 4633 843 4703 ὑπάγοντας.
927 4639 1070 4687 Τινεν
1167 4640 1257 4709 μὲν
1335 4639 1437 4711 γὰρ
1519 4635 1660 4692 εἶδον

82 4721 253 4782 αὐτοὺς,
282 4724 406 4780 τινες
454 4718 520 4774 δί
583 4726 821 4779 ἥκουσαν
878 4732 1029 4777 τοῦτο
1081 4731 1225 4800 παρὰ
1271 4736 1370 4780 τῶν
1421 4727 1655 4802 ἰδόντων,

81 4808 151 4853 καὶ
175 4803 507 4864 ἀκολουθοῦσι
534 4815 674 4883 πεζῇ
706 4814 906 4874 πάντες.
937 4821 1178 4869 Τοιοῦτον
1203 4820 1304 4894 γάρ
1338 4817 1451 4872 ἐστι
1478 4821 1656 4883 πόθος·

86 4895 164 4940 πᾶς.
182 4893 327 4964 ἐμπὸδ
332 4919 406 4951 ιον
439 4897 475 4953 δ
484 4903 812 4974 ιακρούεται.

141 5046 175 5082 ³³
200 5051 361 5108 lare.
390 5070 470 5119 η,
494 5054 600 5111 29.
717 5054 765 5090 ³⁸
790 5055 963 5113 Marc.
994 5073 1074 5125 vr,
1108 5061 1197 5126 30,
1220 5059 1310 5117 32.

1429 5063 1474 5099 ³³
1500 5063 1639 5120 Luc.
1661 5079 1741 5132 1x,
1780 5065 1864 5118 lo.

1835 4461 1998 4514 Vers.
2036 4461 2096 4512 l3
2141 4455 2218 4510 Et
2273 4485 2341 4494 —
2371 4450 2630 4507 urbibus.
2666 4450 2901 4505 Marcus
2958 4463 3102 4504 vero
3133 4447 3216 4503 ait
3253 4447 3421 4519 quod

1767 4549 1948 4606 etiam
1985 4545 2252 4602 viderunt
2280 4557 2378 4598 eos
2407 4541 2697 4597 abeuntes
2732 4541 2798 4593 ³⁸.
2835 4537 3091 4603 Quidam
3151 4536 3314 4592 enim
3344 4538 3423 4592 vi-

1769 4639 1985 4694 derunt
2007 4635 2154 4698 illos,
2194 4632 2437 4705 quidam
2469 4631 2670 4685 autem
2709 4626 3028 4683 audierunt
3071 4625 3185 4682 hoc
3217 4625 3295 4681 ab
3326 4625 3422 4680 his

1769 4728 1872 4801 qui
1900 4726 2168 4782 viderant
2197 4741 2209 4782 :
2244 4735 2575 4792 omnesque
2601 4716 2862 4790 pedestri
2886 4716 3070 4772 secuti
3097 4719 3238 4772 sunt
3281 4715 3424 4771 itine

1768 4834 1831 4875 re
1873 4834 1886 4873 :
1917 4811 2266 4886 hujusmodi
2291 4806 2826 4866 enimdesiderium
2849 4821 3029 4863 omne
3056 4805 3287 4878 repellit
3317 4805 3425 4860 im-

1772 4907 2197 4982 pedimentum.

1977 5061 2026 5095 ³⁸
2067 5056 2250 5113 Marc.
2274 5069 2352 5119 vr,
2380 5051 2471 5107 33.

1287 5213 1514 5281 Variae
1543 5214 1874 5284 lectiones
1905 5221 1972 5278 et
2002 5216 2205 5276 notae.

133 5353 232 5424 (57)
262 5357 497 5416 Scilicet
523 5373 564 5417 a
596 5372 775 5417 versu
802 5363 833 5416 3
865 5363 945 5417 ad
967 5362 1152 5420 ﬁnem
1183 5368 1265 5420 12.

1828 5364 1942 5436 (38)
1974 5360 2153 5429 Αύτοί,
2189 5356 2365 5413 Abest
2389 5356 2456 5410 A.

135 5488 196 5554 (⁸)
223 5490 448 5562 Eg'essi
494 5501 660 5550 sunt.
715 5493 950 5552 Videtur
989 5513 1134 5570 ergo
1191 5500 1408 5573 legisse
1460 5500 1712 5560 ἀπῆλθον.
1754 5501 1942 5570 Atque
1986 5495 2148 5552 dicta
2171 5492 2234 5548 in
2280 5490 2440 5546 textu
2492 5486 2678 5544 habet
2723 5485 2888 5558 apud
2938 5487 3193 5542 Marcum
3243 5480 3432 5537 codex

131 5574 298 5632 etque
329 5581 532 5622 meus.
