3906 6202
412 199 504 254 431
1731 191 2022 250 EUTHYN.

2170 191 2287 247 IGA
2297 189 2427 245 BEN
2436 192 2452 244 l
3669 191 3771 247 432

483 321 642 375 Vers.
674 322 742 375 14
783 320 859 375 Et
889 333 1153 389 egressus
1177 347 1245 356 —
1272 317 1538 372 illorum.
1571 314 1780 370 Vidisti
1819 316 2063 371 deside-
2096 317 2136 369 A

410 423 586 476 rium,
612 406 742 462 vide
769 411 822 463 et
842 408 969 478 ejus
1001 405 1335 478 praemium.
1369 406 1486 459 Nec
1511 404 1584 459 ab
1615 403 1707 458 bis
1748 403 1927 460 ﬁdem
1961 420 2061 459 ex-

411 497 693 568 petebat:
771 496 935 551 illam
990 495 1144 550 enim
1198 494 1753 551 demonstraverant
1804 493 2059 564 pedestri

411 585 616 640 itinere
645 584 872 656 absque
898 583 1192 640 alimentis
1222 586 1538 654 sequentes
1572 581 1631 636 in
1655 581 1952 637 desertum
1978 583 2060 636 lo-

410 689 546 728 cum
581 691 593 728 :
624 675 848 730 Marcus
880 687 1015 727 vero
1047 678 1104 728 et
1153 672 1341 728 Lucas
1371 669 1648 726 dixerunt
1676 670 1842 741 quod
1881 670 2057 725 etiam

410 761 587 833 coepit
617 761 829 818 docere
858 761 992 817 illos
1018 760 1227 830 multa,
1255 761 1542 832 quodque
1568 759 1919 831 loquebatur
1942 759 2056 814 illis

408 848 483 905 de
512 865 692 920 regno
727 851 827 905 Dei
866 852 932 905 37.

480 955 648 1013 Unde
678 962 875 1011 autem
908 970 1186 1026 egressus
1207 953 1465 1010 sanabat
1485 957 1541 1008 et
1565 952 1868 1008 docebat?
1895 954 2057 1008 Certe

408 1044 651 1099 dubium
673 1060 793 1099 non
815 1050 901 1099 est
925 1045 1065 1115 quin
1092 1059 1129 1100 a
1159 1049 1377 1099 monte.
1407 1041 1501 1098 Ait
1543 1043 1701 1098 enim
1755 1042 2052 1096 Joannes:

407 1132 566 1187 Abiit
581 1135 742 1188 Jesus
773 1139 929 1188 trans
953 1147 1113 1188 mare
1139 1132 1395 1188 Galilazce
1415 1130 1562 1201 quod
1581 1138 1658 1184 est
1692 1128 2011 1186 Tiberiadis
2039 1148 2051 1185 :

408 1227 457 1276 et
488 1221 839 1292 sequebatur
867 1237 992 1276 eum
1019 1221 1193 1276 turba
1220 1221 1420 1284 multa,
1453 1220 1591 1290 quia
1619 1218 1879 1275 videbant
1931 1221 2056 1287 ejus

405 1309 571 1380 signa
601 1325 734 1380 quce
759 1310 959 1365 edebat
989 1310 1047 1364 in
1078 1308 1162 1363 his
1183 1309 1754 1380 quiinﬁrmabantur.
1782 1307 2055 1362 Ascendit

407 1404 589 1454 autem
622 1399 685 1453 in
712 1405 962 1454 montem
994 1399 1176 1467 Jesus,
1213 1403 1270 1452 et
1298 1396 1382 1452 ibi
1404 1396 1625 1452 sedebat
1653 1412 1780 1451 cum
1807 1396 2051 1464 discipu-

407 1487 479 1541 lis
503 1487 636 1541 suis.
669 1489 717 1522 ⁸⁸
753 1487 1033 1542 Disseruit
1061 1485 1222 1541 enim
1251 1485 1313 1540 in
1344 1485 1478 1540 navi
1535 1501 1670 1539 cum
1702 1483 2006 1556 discipulis
2035 1501 2048 1550 ;

396 1591 654 1648 cumque
694 1575 1099 1632 ascendissent
1149 1575 1209 1629 in
1260 1580 1546 1640 montem,
1604 1574 2043 1646 requieverunt.

403 1665 623 1721 Deinde
643 1681 914 1735 egressus
935 1669 1024 1720 est
1039 1668 1097 1720 et
1121 1663 1372 1722 sanabat
1400 1668 1460 1720 et
1477 1662 1754 1720 docebat.

700 1856 851 1912 CAP.
884 1858 1065 1915 XXVI.
1105 1857 1180 1913 De
1199 1857 1450 1929 quinque
1483 1857 1750 1927 panibus.

473 1946 631 1999 Vers.
669 1948 752 1999 15.
781 1944 1027 2015 Vespera
1057 1975 1125 1985 --
1157 1944 1407 2000 cibaria.
1459 1944 1592 1999 Dies
1612 1944 1909 2000 declinare
1935 1960 2048 2000 cce-

400 2037 589 2103 perat,
620 2031 773 2087 sicut
823 2032 1176 2088 dixitLucas
1205 2033 1253 2066 ⁸⁸
1289 2048 1302 2097 ;
1336 2032 1449 2103 ipsi
1480 2036 1680 2088 tamen
1700 2032 1890 2103 jejuni
1921 2047 2046 2104 per-

400 2121 746 2186 manebant,
775 2120 1056 2176 audiendi
1087 2136 1289 2176 amore
1306 2120 1480 2176 famis
1501 2120 1904 2176 necessitatem
1923 2121 2048 2176 vin-

398 2214 592 2264 cente.
637 2209 896 2265 Christus
927 2225 1066 2264 vero
1090 2225 1227 2264 cum
1257 2208 1472 2264 idcirco
1501 2225 1602 2265 eos
1623 2208 1821 2264 cibare
1852 2208 2043 2272 vellet,

397 2297 757 2368 exspectavit
787 2302 982 2353 tamen
1010 2301 1074 2352 ut
1092 2297 1171 2353 ab
1201 2297 1332 2352 aliis
1353 2299 1729 2354 occasionem
1764 2302 2044 2367 sumeret,

398 2401 471 2440 ue
502 2385 797 2441 videretur
821 2385 898 2440 ad
923 2385 1194 2442 miraculi
1223 2386 1629 2458 operationem
1661 2385 1882 2441 assilire
1915 2402 2044 2441 :ne-

394 2489 508 2544 que
538 2472 633 2529 hic
656 2473 871 2539 solum,
906 2488 1114 2530 verum
1140 2474 1318 2529 etiam
1340 2473 1481 2530 alibi
1510 2474 1669 2529 idem
1708 2474 2045 2546 frequenter

396 2562 694 2618 observat.
719 2561 1008 2618 Praeterea
1021 2566 1082 2617 ut
1103 2563 1282 2618 etiam
1307 2562 1452 2634 quid
1479 2564 1827 2628 esurierant,
1858 2563 2044 2633 majo-

390 2650 435 2704 ri
467 2650 737 2706 miraculi
767 2665 940 2706 sensu
970 2657 1367 2708 moverentur.

463 2759 622 2814 Vers.
664 2762 752 2816 16.
775 2759 942 2816 Iesus
972 2766 1166 2816 autem
1195 2790 1255 2801 —
1281 2760 1441 2831 quod
1467 2759 1661 2816 edant.
1694 2761 1820 2816 Non
1849 2759 1993 2815 dixit
2025 2777 2039 2812 :

391 2849 510 2917 Ego
525 2864 770 2919 pascam
796 2848 927 2904 illos
957 2866 971 2916 ;
995 2850 1105 2906 hoc
1127 2850 1285 2905 enim
1306 2851 1660 2920 arrogantiae
1691 2849 1998 2905 videbatur
2022 2867 2035 2915 ;

389 2937 494 2990 sed
559 2935 878 3008 discipulos
950 2937 1317 3002 adhortatur,
1376 2943 1438 2994 ut
1495 2939 1637 2993 dent
1703 2937 1813 2993 illis
1873 2939 2037 3010 quod

389 3023 588 3095 edant,
623 3029 686 3080 ut
709 3024 1610 3098 ipsiinopiamjobtendentibus,
1625 3029 1746 3099 jam
1776 3033 1900 3084 tum
1927 3027 2038 3099 ipsi

389 3105 736 3169 necessitate
766 3119 1010 3170 coactus
1034 3115 1250 3172 faceret
1269 3115 1435 3188 quod
1457 3133 1634 3173 suum
1663 3121 1812 3173 erat.

456 3307 574 3363 Sed
603 3310 904 3364 Mattheus
933 3309 1178 3382 quidem
1196 3315 1252 3367 et
1280 3311 1507 3368 Marcus
1535 3316 1592 3368 et
1615 3313 1805 3368 Lucas
1831 3313 2037 3368 dicunt

384 3395 706 3468 discipulos
745 3398 1111 3468 suggessisse
1137 3399 1366 3455 Christo
1393 3401 1468 3456 de
1497 3401 1808 3456 turbarum
1840 3401 2037 3456 dimis-

383 3484 567 3555 sione,
599 3501 722 3557 quo
767 3486 993 3542 cibaria
1044 3493 1310 3544 emerent
1340 3489 1406 3541 ιο.
1445 3491 1701 3544 Joannes
1731 3505 1872 3546 vero
1903 3492 1979 3544 ait
2018 3511 2029 3548 :

384 3574 525 3630 Cum
555 3575 870 3632 sustulisset
900 3575 1090 3631 oculos
1139 3576 1304 3632 Jesus
1324 3583 1376 3633 et
1421 3578 1649 3634 vidisset
1677 3578 1818 3648 quod
1862 3581 2036 3634 turba

381 3661 557 3716 multa
587 3664 801 3719 veniret
829 3665 905 3719 ad
926 3679 1003 3728 se,
1041 3666 1126 3720 ait
1165 3666 1246 3720 ad
1271 3666 1612 3736 Philippum
1644 3685 1655 3721 :
1697 3667 1855 3723 Unde
1892 3683 2034 3724 eme

381 3767 501 3806 mus
526 3767 729 3820 panes,
764 3759 826 3808 ut
859 3753 1245 3809 comedunt/ti
1274 3755 1301 3808 ‘I
1330 3754 1448 3809 Hoc
1468 3763 1647 3809 autem
1669 3756 1891 3811 diccbat
1922 3764 2035 3812 len-

383 3845 507 3894 tans
533 3856 656 3896 eum
678 3859 690 3895 :
709 3843 834 3910 ipse
849 3843 1220 3898 enimsciebat
1241 3843 1378 3914 quid
1398 3850 1540 3899 esset
1581 3845 1868 3912 facturus.
1898 3847 2031 3900 Res-

375 3929 569 3999 pondit
603 3932 653 3984 ei
683 3931 1022 4001 Philippus:
1045 3933 1438 3988 Ducentorum
1463 3933 1834 3990 denariorum
1858 3951 2033 4003 panes

379 4031 500 4071 non
539 4019 839 4087 sufﬁciunt
863 4021 961 4086 eis,
991 4026 1056 4075 ut
1078 4021 1473 4092 unusquisque
1511 4037 1707 4077 eorum
1751 4024 2029 4092 pusillum

379 4105 673 4177 quippiam
700 4108 954 4177 accipiat
987 4110 1054 4160 η.
1087 4109 1219 4164 Ηωο
1249 4124 1390 4164 sane
1422 4110 1927 4182 scripsitJoannes.

445 4296 776 4354 Verisimile
812 4306 896 4357 est
926 4308 1127 4358 autem
1161 4304 1423 4373 primum
1448 4306 1768 4379 discipulos
1791 4326 2029 4381 sugges-

377 4387 522 4444 sisse
557 4405 570 4453 ;
613 4387 828 4445 deinde
866 4407 1003 4446 eum
1045 4390 1262 4448 dixisse
1313 4393 1425 4448 illis
1457 4411 1470 4449 :
1505 4397 1628 4450 Non
1660 4412 1899 4454 necesse
1943 4403 2030 4454 est

375 4477 488 4533 illis
511 4479 714 4548 egredi
743 4496 754 4534 :
789 4480 924 4537 date
954 4498 1057 4536 vos
1088 4481 1199 4536 illis
1225 4482 1388 4554 quod
1411 4483 1606 4540 edant.
1638 4486 2027 4545 Postmodum

375 4566 680 4623 sustulisse
711 4569 915 4626 oculos
944 4586 1014 4626 ac
1043 4569 1263 4626 vidisse
1293 4571 1526 4628 turbam
1556 4573 1736 4630 aliam
1776 4576 2024 4634 multam

373 4653 708 4712 venientem
738 4675 751 4725 ;
785 4662 841 4712 et
870 4665 1004 4714 tunc
1027 4658 1296 4716 humano
1325 4677 1491 4717 more
1519 4667 1773 4721 tentasse
1811 4665 2025 4740 Philip-

374 4756 540 4813 pum,
575 4742 700 4800 sive
731 4744 1020 4816 probasse
1039 4763 1116 4804 an
1140 4749 1597 4823 crederetipsum
1625 4769 1803 4825 posse
1817 4772 2026 4813 omnes

373 4845 642 4903 pascere.
682 4833 1180 4893 ’I‘entabatautem
1211 4837 1378 4896 illum
1414 4845 1699 4913 tanquam
1719 4845 2024 4903 casteriseo

442 5009 489 5045 ³⁷
531 5013 704 5068 Marc.
727 5028 809 5080 v1,
855 5014 920 5072 34
956 5031 969 5082 ;
1000 5014 1137 5073 Luc.
1169 5033 1245 5082 1x,
1283 5022 1364 5074 11.

366 5083 534 5140 Joan.
559 5099 640 5149 v1,
665 5088 774 5142 5-7.

1483 5020 1530 5054 ⁸⁸
1558 5020 1730 5078 Joan.
1760 5037 1841 5091 γι,
1879 5027 1989 5081 1-3.

2104 5025 2152 5062 ³9
2180 5026 2319 5082 Luc.
2365 5040 2440 5091 XI,
2491 5025 2581 5080 12.

2245 320 2344 367 Καὶ
2408 313 2616 376 ἐξελθὼν
2676 345 2743 354 —
2798 313 2982 366 αὐτῶν.
3071 311 3221 375 Εἶδες
3302 318 3388 366 τὸν
3446 317 3622 384 πόθον,
3682 318 3773 387 ὀρα

2168 408 2258 454 καὶ
2312 407 2396 454 τὸν
2445 405 2634 474 μισθὸν
2713 402 2892 454 αὐτοῦ.
2983 407 3082 455 Καὶ
3141 403 3234 454 οὐκ
3314 401 3524 456 ἀπαιτεί
3561 407 3773 464 τούτους

2168 496 2365 544 πίστιν·
2446 488 2645 553 ἔδειξαν
2723 494 2824 565 γὰρ
2911 495 3102 548 ταύτην
3167 490 3564 554 ἀκολουθοῦντες
3619 495 3772 565 πεζῇ,

2170 576 2308 650 δίχα
2362 588 2573 654 τροφῆς,
2655 579 2726 639 εἰς
2813 583 2999 653 ἔρημον
3058 583 3232 634 τόπον.
3292 584 3504 652 Μάρκος
3571 578 3630 634 δὲ
3689 587 3773 632 καὶ

2170 673 2372 729 Λουκᾶς
2444 668 2602 732 εἶπον,
2659 669 2740 719 ὅτι
2815 673 2898 719 καὶ
2978 667 3172 739 ἤρξατο
3249 664 3528 720 διδάσκειν
3589 670 3774 730 αύτούς

2166 755 2348 822 πολλὰ,
2399 759 2487 808 καὶ
2544 757 2623 807 ὅτι
2681 755 2842 808 ἐλάλει
2904 755 3082 815 αὐτοῖς
3154 762 3272 830 περὶ
3347 765 3436 817 τῆς
3496 755 3772 829 βασιλείας

2164 852 2254 896 τού
2294 852 2447 899 Θεοῦ.

2238 935 2397 986 Πόθεν
2452 930 2511 986 δὲ
2565 932 2773 996 ἐξελθὼν
2833 933 3016 985 ἰάσατο
3092 937 3180 986 καὶ
3229 929 3477 1002 ἐδίδαξε;

2167 1023 2267 1074 ἀπὸ
2319 1029 2410 1074 τοῦ
2459 1027 2627 1095 ὄρους.
2688 1026 2824 1080 Φησὶ
2875 1025 2975 1095 γὰρ
3027 1023 3343 1090 ὀἹωάννης,
3389 1025 3468 1075 ὅτι
3512 1024 3770 1084 Ἀπῆλθεν

2166 1113 2190 1164 ὁ
2248 1111 2454 1172 Ἰησοῦς
2548 1115 2704 1185 πέραν
2809 1118 2904 1172 τῆς
2981 1110 3252 1173 θαλάσσης
3328 1119 3422 1172 τῆς
3493 1113 3771 1175 Γαλιλαίας

2165 1209 2260 1260 τῆς
2308 1196 2631 1272 Τιϐεριάδος,
2694 1202 2782 1251 καὶ
2841 1200 3108 1256 ἠκολούθει
3162 1200 3301 1271 αὐτῷ
3360 1201 3518 1272 ὄχλος
3591 1203 3764 1267 πολύς,

2164 1289 2244 1339 ὃτι
2292 1288 2455 1363 ἐώρων
2503 1288 2664 1340 αὐτοῦ
2742 1290 2808 1340 τὰ
2892 1297 3103 1360 σημεῖα,
3173 1291 3208 1340 οἱ
3263 1288 3420 1341 ἐποίει
3500 1289 3585 1342 ἐπὶ
3667 1301 3771 1342 τῶν

2164 1375 2535 1434 ἀσθενούντων.
2599 1376 2813 1435 Ἀνῆλθε
2889 1373 2946 1429 δὲ
3000 1377 3065 1437 εἰς
3135 1381 3192 1428 τὸ
3273 1382 3390 1449 ᾁοος
3441 1380 3467 1429 ὁ
3535 1380 3766 1448 Ἰησοῦς,

3251 1468 3498 1536 μαθητῶν
3578 1469 3764 1522 αὐτοῦ.

3560 937 3772 998 Πάντως

2162 1470 2250 1517 καὶ
2342 1467 2447 1518 ἐκεῖ
2529 1465 2747 1523 ἐκάθητο
2838 1469 2967 1537 μετὰ
3051 1475 3149 1517 τῶν

2164 1553 2417 1626 Προέλαϐε
2471 1557 2572 1629 γὰρ
2655 1553 2702 1605 ἐν
2780 1553 2940 1625 πλοίῷ
3002 1558 3133 1626 μετα
3188 1563 3287 1606 τῶν
3341 1558 3614 1627 μαθητῶν,
3672 1564 3765 1609 καὶ

2088 1661 2132 1714 Β
2163 1642 2448 1703 ἀνελθόντες
2503 1643 2569 1703 εἰς
2620 1646 2676 1694 τό
2729 1646 2860 1716 ὅρος,
2916 1639 3308 1696 διανεπαύοντο.
3369 1645 3497 1698 Εἶτα
3556 1645 3758 1712 ἐξῆλθε,

2158 1752 2247 1785 και
2280 1732 2485 1796 ἰάσατο,
2509 1735 2600 1784 καὶ
2624 1727 2882 1794 ἐδίδαξεν.

2461 1825 2607 1876 ΚΕΦ.
2645 1818 2756 1873 ΚΣ.
2789 1823 2913 1893 Περὶ
2946 1827 3046 1872 τῶν
3083 1823 3229 1872 πέντε
3263 1822 3451 1896 ἄρτων.

2228 1907 2418 1980 Ὀψίας
2445 1937 2516 1948 —
2563 1905 2840 1980 βρώματα.
2883 1907 2940 1959 Ἠ
2976 1911 3066 1979 μεν
3093 1909 3261 1980 ἡμέρα
3302 1908 3486 1960 κλίνειν
3536 1909 3761 1982 ἤρξατο,

2156 1998 2328 2058 καθὼς
2352 1997 2459 2048 εἶπε
2491 2000 2718 2057 Λουκᾶςο
2754 1995 2899 2048 αὐτοὶ
2928 1992 2986 2048 δι
3007 1999 3286 2068 παρέμενον
3312 1998 3510 2064 ἄσιτοι,
3538 2005 3633 2049 τοῦ
3663 2007 3759 2059 τῆς

2156 2083 2447 2158 ἀκροάσεως
2485 2087 2672 2157 ἔρωτος
2715 2093 2955 2144 νικῶντος
3001 2087 3092 2141 τὴν
3141 2083 3366 2155 ἀνάγκην
3418 2095 3508 2145 τῆς
3550 2091 3757 2148 πείνης.

2153 2173 2210 2224 Ὀ
2238 2169 2297 2225 δὲ
2324 2177 2566 2245 Χριστὸς,
2592 2169 2685 2224 διὰ
2704 2180 2858 2224 τοῦτο
2881 2171 3190 2244 βουλόμενος
3218 2173 3403 2244 θρέψαι
3433 2171 3756 2246 παραδαξως

2155 2261 2364 2329 αὐτούς,
2410 2261 2542 2333 ὅμως
2573 2259 2795 2332 ἀνέμεινε
2823 2261 2944 2332 παρ’
2977 2261 3154 2334 ἑτέρων
3184 2260 3354 2313 λαϐεῖν
3383 2261 3644 2334 ἀφορμὴν,
3677 2266 3760 2315 ἵνα

2153 2355 2224 2421 μὴ
2252 2347 2378 2422 δόξῃ
2404 2358 2510 2410 ταῖς
2528 2352 2970 2424 θαυματουργίαις
2996 2346 3279 2419 ἐπιπηδᾷνο
3305 2356 3393 2402 καὶ
3416 2351 3510 2402 οὐκ
3532 2350 3758 2404 ἐνταῦθα

2153 2444 2325 2510 μόνον,
2360 2437 2484 2490 ἀλλά
2514 2458 2603 2489 και
2632 2438 2900 2509 πολλαχοῦ
2929 2445 3082 2490 τοῦτο
3111 2434 3365 2512 διατηρεῖ.
3394 2444 3496 2492 Ναὶ
3528 2444 3636 2510 μὴν
3668 2447 3760 2492 καὶ

2155 2529 2237 2579 ἵνα
2308 2530 2637 2588 πεινάσαντες
2715 2525 2904 2584 πολλὴν
2981 2529 3232 2584 αἴσθησιν
3315 2535 3405 2579 τοῦ
3491 2530 3760 2600 θαύματος

2151 2615 2401 2670 λάϐωσιν.

2220 2705 2276 2756 Ὀ
2301 2701 2358 2758 δὲ
2378 2704 2576 2764 Ἰησοῦς
2603 2733 2661 2744 —-
2691 2711 2888 2776 φαγεῖν.
2923 2703 2998 2756 Ού
3020 2707 3204 2778 χρείαν
3227 2707 3466 2776 ἔχουσιν,
3491 2704 3611 2759 ἀντὶ
3637 2717 3756 2776 τοῦ,

2151 2794 2261 2846 Ούκ
2291 2792 2599 2865 ὀφείλουσιν,
2645 2792 2753 2844 Ούκ
2794 2789 2900 2844 εἶπε
2942 2789 3018 2853 δὲ,
3056 2793 3137 2844 ὁτι
3174 2792 3301 2864 Ἐγὼ
3339 2793 3511 2866 θρέψω
3542 2795 3758 2862 αὐτούς,

2149 2890 2298 2935 τούτο
2327 2884 2428 2954 γὰρ
2462 2877 2627 2934 ἐδόκει
2659 2885 2946 2955 κομπηρόν,
2979 2879 3104 2932 ἀλλὰ
3130 2885 3245 2942 τοὺς
3273 2883 3510 2953 μαθητὰς
3536 2890 3758 2959 προτρέ-

2148 2991 2297 3024 πεται
2342 2967 2524 3023 δοῦναι
2557 2969 2732 3032 αὐτοῖς
2763 2977 2960 3042 φαγεῖν,
2997 2971 3099 3039 ἵνα,
3128 2974 3321 3022 τούτων
3355 2970 3756 3045 προϐαλομένων

2149 3062 2258 3130 (59)
2293 3059 2530 3132 ἀπορίαν,
2566 3063 2680 3110 τότε
2716 3058 2893 3110 λοιπὸν
2932 3057 2984 3121 ἐξ
3015 3057 3245 3131 ἀνάγκης
3272 3060 3422 3120 αὐτὸς
3453 3067 3657 3133 ποιήσῃ
3694 3065 3756 3113 τὸ

2147 3149 2351 3202 ἑαυτοῦ.

2218 3237 2370 3290 Ἀλλὰ
2439 3238 2706 3297 Ματθαῑος
2776 3239 2866 3308 μὲν
2931 3241 3020 3289 καὶ
3091 3239 3303 3309 Μάρκος
3373 3243 3462 3290 καὶ
3538 3244 3754 3302 Λουκᾶς

2144 3326 2376 3398 λέγουσι,
2448 3328 2591 3400 παρὰ
2668 3334 2766 3377 τῶν
2859 3327 3104 3396 μαθητῶν
3165 3328 3570 3398 ὑπομνησθῆναι
3661 3332 3752 3380 τὸν

2145 3420 2375 3490 Χριστὸν
2406 3420 2522 3488 περὶ
2547 3422 2634 3466 τού
2663 3413 2922 3466 ἀπολῦσαι
2947 3418 3062 3474 τούς
3083 3414 3294 3486 ὄχλους,
3327 3423 3409 3467 ῖνα
3434 3413 3752 3488 ἀγοράσωσι

2144 3508 2354 3580 τροφάς.
2403 3504 2461 3556 Ὀ
2507 3500 2564 3556 δὲ
2605 3503 2842 3564 Ἰωάννης
2883 3509 3032 3576 φησὶ,
3083 3506 3162 3555 ὅτι
3210 3504 3433 3578 Ἐπάρας
3475 3507 3500 3556 ὀ
3542 3505 3758 3567 Ἰησοῦς

2143 3599 2262 3655 τοὺς
2318 3593 2628 3665 ὀφθαλμούς,
2689 3597 2778 3643 καὶ
2839 3594 3170 3663 θεασάμενος,
3239 3593 3318 3644 ὁτι
3373 3593 3537 3654 πολύς
3591 3595 3759 3666 ὄχλος

2144 3686 2355 3756 ἔρχεται
2391 3685 2519 3753 πρὸς
2564 3681 2737 3749 αὑτὸν,
2779 3680 2912 3751 λέγει
2959 3685 3087 3751 πρὸς
3128 3685 3215 3732 τὸν
3259 3681 3539 3734 Φίλιππον·
3587 3686 3760 3735 ῐῐοθεν

2145 3771 2467 3846 ἀγοράσομεν
2522 3770 2632 3840 (60)
2679 3771 2886 3841 ἄρτους,
2940 3769 3022 3820 ἱνα
3069 3773 3301 3841 φάγωσιν
3351 3771 3540 3836 οὗτος
3587 3775 3758 3826 Τοῦτο

2144 3858 2202 3912 δὲ
2250 3861 2384 3930 ἔλεγε
2414 3859 2672 3932 πειράζων
2721 3858 2893 3911 αὐτὸν.
2948 3858 3099 3918 αὐτὸς
3143 3862 3243 3930 γὰρ
3300 3856 3442 3930 ᾔδει,
3487 3866 3537 3911 τί
3578 3860 3761 3932 ἔμελλε

2144 3958 2324 4004 ποιεῖν.
2357 3949 2636 4021 Ἀπεκρίθη
2673 3948 2812 4018 αὐτῷ
2852 3947 3116 4006 Φίλιππος·
3154 3954 3440 4000 Διακοσίων
3482 3943 3758 4022 δηναρίων

2140 4041 2288 4112 ἄρτοι
2345 4039 2438 4090 οὐκ
2505 4035 2753 4111 ἀρκοῦσιν
2837 4037 3033 4104 αὐτοῖς,
3115 4036 3199 4087 ἳνα
3281 4038 3494 4096 ἕκαστος
3575 4039 3756 4089 αὐτῶν

2141 4127 2324 4202 βραχύ
2406 4146 2458 4178 τι
2528 4123 2682 4196 λάϐῃ.
2763 4130 2940 4175 Ταῦτα
3022 4126 3111 4195 μεν
3194 4125 3282 4176 οὖν
3348 4127 3627 4198 ἱστόρησεν
3724 4128 3755 4177 ὁ

2063 4209 2110 4263 D
2143 4217 2398 4277 Ἰωάννης.

2215 4315 2360 4373 Εἰκὸς
2411 4309 2468 4364 δὲ
2521 4311 2631 4382 (Gl)
2701 4319 2902 4386 πρῶτον
2961 4313 3050 4382 μὲν
3127 4312 3530 4383 ὑπομνησθῆναι
3601 4317 3760 4386 παρὰ

2139 4412 2235 4455 τῶν
2282 4403 2548 4475 μαθητῶν,
2604 4397 2715 4451 εἶτα
2761 4399 2916 4451 εἰπεῖν
2971 4398 3162 4459 αὐτοῖς·
3219 4400 3293 4451 Οὐ
3347 4405 3529 4474 χρείαν
3581 4404 3761 4472 ἔχου-

2630 4484 2750 4540 δὸτε
2818 4487 2993 4548 αὐτοῖς
3070 4489 3220 4560 ὑμεῖς
3294 4497 3492 4560 φαγεῖν·
3560 4492 3761 4542 ἔπειτα

3032 4581 3122 4629 καὶ
3205 4579 3497 4631 θεάσασθαι
3579 4579 3758 4630 πολὺν

2138 4511 2221 4544 σιν
2293 4489 2524 4543 ἀπελθεῖν
2535 4531 2547 4555 ,

2137 4581 2324 4656 ἐπᾶραι
2425 4582 2546 4639 τούς
2627 4576 2891 4649 ὁφθαλμοὺ
2901 4595 2940 4641 ς,

2137 4670 2294 4742 ὄχλον
2347 4669 2512 4740 ἕτερον
2574 4666 2877 4739 ἀρχόμενόν,
2932 4670 3022 4718 καὶ
3074 4670 3190 4718 τότε
3234 4665 3410 4719 λοιπὸν
3470 4666 3760 4741 ἀνθρωπο-

2135 4766 2342 4835 πρεπῶς
2411 4757 2660 4831 πειράσαι
2723 4757 2810 4807 τὸν
2867 4754 3133 4819 Φίλιππον,
3213 4758 3378 4808 εἶτουν
3446 4753 3764 4828 δοκιμάσαι

2138 4854 2338 4913 τοῦτον,
2399 4846 2442 4898 εἰ
2485 4847 2721 4898 πιστεύει
2780 4840 3043 4897 δύνασθαι
3085 4844 3240 4896 αὐτὸν
3286 4843 3570 4918 διαθρέψαι
3615 4847 3770 4898 πείν-

2692 5024 2742 5060 ⁴⁰
2772 5023 2954 5081 Marc.
2987 5038 3067 5091 v1,
3097 5022 3166 5078 35
3197 5038 3212 5088 ;
3244 5021 3386 5078 Luc.
3421 5037 3500 5087 ix,
3559 5021 3650 5076 12.
3697 5027 3761 5062 ιι

1581 5269 1809 5342 Variae
1842 5272 2166 5343 lectiones
2195 5285 2259 5342 et
2291 5285 2492 5343 Ποία».

430 5456 549 5600 ξ59)
583 5457 1007 5531 Προϐαλλομένων
1035 5465 1089 5517 Β.

455 5529 542 5600 60)
574 5528 939 5600 Ἀγοράοωμεν
970 5538 1029 5586 Α.

455 5529 542 5600 60)
574 5528 939 5604 Ἀγοράοωμεν
970 5538 1029 5586 Α.

2199 5471 2317 5543 (61)
2351 5475 2474 5538 Καί,
2499 5485 2608 5542 pro
2641 5465 2700 5522 δέ
2728 5472 2790 5524 Α.
