3906 6202
180 257 262 314 433
1088 244 1443 304 COMMENT.
1484 244 1554 300 IN
1591 243 2027 303 MATTHzEUM.
2067 277 2136 287 —
2167 247 2322 305 CAP.
2354 246 2497 305 XIV.

3351 245 3455 302 434

182 401 235 435 τα
268 424 283 437 ,
321 374 541 447 Ἐπειραζε
582 370 642 426 δὲ
691 374 865 445 αὐτὸν,
918 375 983 433 ὡς
1029 372 1357 443 ἀτελέσι-ερον
1399 378 1681 429 τηνικαῦτα

1862 387 2059 445 mpore
2084 371 2620 443 imperfectiorem:
2654 375 2757 431 aut
2784 374 2964 431 etiam
2986 385 3096 446 per
3120 371 3299 436 hunc,
3328 387 3451 428 ser-

180 490 259 521 των
292 465 432 518 ἄλλων.
472 462 532 516 Ἠ
581 460 656 515 di‘
690 465 851 515 αὐτοῦ
889 467 979 515 καὶ
1025 465 1157 535 πρὸς
1184 464 1299 521 τοὺς
1328 460 1515 522 ἄλλους
1552 459 1686 514 ἁπο-

174 562 359 620 τιίνεται,
400 554 640 626 πειράζων
694 555 786 603 καὶ
849 553 1083 611 τούτους.
1142 549 1300 609 Δῆλον
1361 554 1552 615 τοίνυν,
1608 550 1687 601 ὅτι

164 646 197 696 οἱ
234 646 310 714 μὲν
352 639 470 694 εἷπον
510 643 559 693 οἱ
615 639 764 692 ἄλλοι
820 638 1205 711 εὖαγγελισταὶ,
1271 635 1601 715 παρέδραμεν
1661 639 1686 689 ὁ

160 734 369 791 ’[ωὰννης·
419 730 450 782 ἆ
514 724 574 782 δὲ
633 724 969 804 παρέδραμον
1030 725 1230 796 ἐκεῖνοι,
1302 734 1467 781 ταῦτα
1539 726 1690 789 οὗτος

159 818 430 891 ἆπήγγειλεν.

213 926 265 977 Οἱ
312 921 363 977 δε
413 954 475 963 -—
540 923 753 995 ἰχθύας.
822 923 1062 985 Ἰωάννης
1123 920 1185 977 δέ
1243 942 1376 995 φησι
1432 925 1516 975 τὸν
1574 921 1687 973 Ἀν·

160 1010 278 1086 δρίαν
319 1012 475 1079 εἰπεῖν,
521 1014 608 1066 ὅτι
660 1011 815 1065 Ἐστι
862 1009 1145 1086 παιδάριον
1202 1012 1251 1065 ἓν
1304 1008 1428 1076 ὧδε,
1488 1012 1515 1063 ὃ
1573 1012 1688 1081 ἔχει

155 1105 266 1154 πέντε
294 1102 457 1174 ἄρτους
490 1102 758 1176 κριθίνους
792 1105 889 1153 παὶ
936 1097 1034 1153 δύο
1080 1100 1297 1174 ὀψὰριαο
1347 1099 1474 1152 ἀλλά
1520 1104 1687 1151 ταῦτα

154 1196 192 1242 τί
237 1190 349 1242 ἐστιν
397 1189 459 1250 εἰς
512 1192 834 1261 τοσούτους,
894 1192 1101 1251 Πάντως
1163 1186 1223 1243 δὲ
1284 1192 1343 1241 τὸ
1403 1183 1686 1261 παιδάριον

152 1278 274 1331 έκεῖνο
331 1275 556 1331 διεπὼλει
629 1285 797 1330 ταῦτα
869 1285 978 1338 τοῖς
1051 1281 1335 1352 μαθηταῖς.
1405 1280 1493 1330 Διὸ
1569 1279 1684 1344 καὶ,

150 1369 204 1427 ὣς
243 1363 328 1424 ἤδη
374 1366 573 1438 ἔχοντες
626 1366 785 1433 αὐτὰ,
840 1365 1217 1441 ἁπεκρὶθησαν,
1273 1370 1345 1439 μὴ
1394 1368 1533 1439 ἔχειν
1577 1365 1684 1417 ἔτε-

141 1474 210 1528 ρον
244 1454 279 1508 εἰ
310 1458 372 1527 μή
411 1463 573 1508 ταῦτα
619 1459 793 1528 μόνον.
842 1456 994 1508 Ούτω
1038 1457 1274 1529 πάρεργα
1328 1454 1507 1516 αὐτοῖς
1549 1449 1684 1512 ἦσαν

143 1548 191 1594 τὰ
221 1547 478 1614 σωματικὰ,
516 1552 622 1596 τῶν
673 1548 1031 1616 πνευματίκῶν
1073 1542 1263 1615 μᾶλλον
1302 1541 1680 1615 ἀντεχομένοις.

141 1634 190 1683 Οἱ
213 1627 390 1685 δώδεκα
417 1635 517 1705 γὰρ
559 1636 711 1685 πέντε
739 1636 913 1705 μονοις
952 1634 1128 1708 ἄρτοις
1165 1630 1368 1704 ἔμελλον
1398 1639 1681 1705 τραφῆναι,

138 1725 207 1770 καὶ
227 1724 405 1783 τούτοις
429 1723 701 1796 κριθίνοις.

192 1826 236 1878 Ὀ
272 1824 325 1880 δὶ
371 1859 437 1868 -
488 1824 620 1884 ὦδε.
682 1827 845 1888 Αὐτὸς
903 1830 989 1880 αὶν
1042 1825 1358 1899 προσέταξεν
1406 1823 1683 1897 ἐνεχθῆναι

139 1920 237 1976 τοὺς
275 1918 445 1989 ἄρτους
500 1921 595 1969 καὶ
651 1920 773 1979 τοὺς
821 1915 1032 1987 ἰχθύας,
1088 1911 1382 1978 διδάσκων,
1435 1914 1517 1966 ὅτι
1570 1918 1679 1987 χρὴ

134 2008 201 2055 καὶ
243 2004 356 2057 αὐτὰ
407 2008 471 2058 τὰ
523 2005 683 2077 ὀλίγα
738 2011 1035 2079 παρασχεῖν
1091 2011 1196 2065 τοῖς
1253 2000 1533 2076 δεομένοις,
1592 2007 1683 2055 καὶ

134 2100 339 2165 προτιμᾴν
366 2095 575 2156 αύτούς·
620 2092 772 2147 αὐτοὶ
817 2089 894 2164 δὶ,
945 2096 1119 2147 καίτοι
1155 2099 1426 2154 πεινῶντες
1467 2092 1678 2163 ὀμοίῶς,

133 2185 204 2232 καί
229 2179 373 2254 μηδεν
400 2185 570 2259 ἕτερον
616 2185 846 2255 ἓχοντες,
890 2183 1027 2255 ὅμως
1057 2179 1440 2255 ἀναντίῤῥὴτως
1477 2181 1682 2233 πείθον-

132 2286 212 2324 ται.

185 2399 267 2447 Καὶ
312 2394 552 2458 κελεύσας
607 2425 679 2436 -—-
727 2398 973 2468 χόρτους.
1029 2393 1089 2447 Ὀ
1147 2390 1208 2447 δὶ
1253 2395 1463 2467 Μάρκος
1519 2389 1676 2458 εἶπεν,

1796 475 2041 517 monem
2058 466 2115 517 et
2130 460 2208 516 ad
2221 459 2370 516 alios
2388 460 2702 533 dirigebat,
2722 464 2956 519 tentans
2970 475 3209 534 quoque
3223 463 3283 517 et
3296 459 3452 517 illos.

1796 548 2170 605 Manifestum
2225 553 2313 605 est
2338 563 2480 619 ergo
2525 549 2692 621 quod
2742 565 2815 606 ea
2855 565 2988 622 quae
3031 548 3133 607 alii
3180 548 3454 605 dixerunt

1795 637 2200 707 evangelistai,
2246 638 2618 709 prastermisit
2658 640 2917 694 Joannes
2951 655 2966 704 ;
3011 654 3148 711 quae
3191 652 3333 694 vero
3372 634 3452 692 illi

1798 727 2315 797 praetermiserunt,
2346 726 2475 782 haec
2503 725 2611 783 iste
2639 726 2925 784 narravit.

1868 937 2032 993 Vers.
2065 939 2151 993 17.
2183 938 2262 993 At
2289 937 2385 993 itti
2413 967 2482 978 —-
2508 938 2716 1006 pisces.
2754 938 3011 993 Joannes
3038 952 3181 994 vero
3211 938 3291 995 ait
3336 939 3449 993 An-

1794 1025 2003 1081 dream
2032 1025 2274 1081 dixisse:
2314 1026 2420 1082 Est
2462 1024 2749 1095 puerulus
2798 1024 2890 1082 hic
2921 1040 3095 1092 unus,
3139 1027 3238 1096 qui
3274 1026 3449 1082 habet

1794 1114 2047 1186 quinque
2074 1129 2261 1183 panes
2297 1114 2646 1171 hordeaceae
2685 1118 2740 1170 et
2772 1113 2917 1169 duos
2937 1112 3142 1184 pisces,
3178 1114 3280 1170 sed
3323 1113 3447 1169 haec

1793 1203 1936 1274 quid
1962 1208 2095 1259 sunt
2121 1205 2279 1260 inter
2305 1208 2423 1259 tam
2448 1203 2661 1258 multos
2683 1206 2721 1239 α
2740 1199 2770 1257 ?
2792 1200 3009 1257 Procul
3036 1199 3224 1257 dubio
3245 1204 3446 1257 autem

1794 1290 2078 1364 puerulus
2097 1290 2191 1347 ille
2207 1290 2513 1362 discipulis
2533 1291 2661 1347 huic
2693 1288 3012 1358 vendebat,
3046 1289 3301 1362 ideoque
3322 1294 3446 1345 tan-

1792 1394 1978 1453 quam
1997 1379 2105 1437 iIla
2126 1380 2251 1451 jam
2270 1379 2579 1447 habentes,
2597 1377 3038 1449 responderunt
3059 1393 3120 1432 se
3143 1377 3308 1433 aliud
3328 1392 3443 1434 non

1791 1467 2011 1524 habere
2067 1472 2278 1540 praeter
2344 1467 2472 1523 haec
2534 1469 2786 1523 tantum.
2848 1469 2932 1520 Ita
2989 1464 3278 1537 neglectui
3331 1465 3444 1520 illis

1790 1560 1959 1612 erant
1983 1555 2312 1627 corporalia
2337 1555 2483 1610 dum
2505 1552 2807 1610 mordicus
2831 1550 3239 1622 spiritualibus
3263 1552 3445 1609 inhae-

1790 1649 1987 1700 rerent
2018 1660 2031 1710 ;
2054 1644 2375 1699 duodecim
2398 1642 2580 1708 enim,
2609 1640 2749 1696 solis
2767 1640 3034 1712 quinque
3056 1640 3315 1712 panibus
3341 1643 3441 1698 iis-

1791 1748 1905 1805 que
1927 1732 2272 1790 hordeaceis
2297 1731 2541 1788 cibandi
2570 1734 2758 1788 erant.

1861 1839 2024 1895 Vers.
2084 1840 2169 1894 18.
2226 1840 2360 1909 Ipse
2414 1843 2604 1896 autem
2657 1873 2726 1881 —
2779 1841 2907 1899 huc.
2962 1841 3146 1898 Jussit
3194 1839 3442 1913 quidem

1790 1942 1978 1999 panes
1993 1943 2064 1984 ac
2077 1928 2268 1999 pisces
2279 1926 2496 1996 afferri,
2515 1927 2739 1984 docens
2754 1930 2921 2003 quod
2937 1931 3117 1986 etiam
3132 1929 3233 1985 illa
3250 1941 3444 2000 pauca

1789 2020 2056 2089 oporteat
2092 2015 2358 2089 praebere
2394 2016 2826 2087 indigentibus,
2877 2034 3098 2092 eosque
3128 2017 3247 2074 sibi
3294 2015 3444 2089 ipsis

1788 2120 2158 2179 praeponere.
2186 2104 2271 2161 Illi
2296 2119 2432 2162 vero
2452 2120 2806 2179 quanquam
2830 2106 3096 2164 similiter
3118 2106 3277 2163 fame
3314 2120 3443 2161 cru-

1790 2194 1944 2259 ciati,
1988 2193 2135 2250 nihil
2175 2192 2344 2249 aliud
2379 2192 2691 2260 haberent,
2722 2195 2849 2252 sine
2880 2195 3001 2254 ulla
3046 2199 3247 2252 tamen
3294 2208 3444 2250 con-

1789 2281 2139 2340 tradictione
2168 2280 2479 2339 obediunt.

1860 2390 2022 2445 Vers.
2061 2389 2142 2443 19.
2196 2388 2455 2460 Cumque
2468 2390 2737 2459 jussisset
2768 2419 2836 2433 —
2872 2390 3172 2461 gramina.
3210 2389 3443 2445 Marcus

127 2482 189 2531 ὄτι
228 2488 315 2535 Καὶ
364 2482 604 2547 ἐπέταξεν
662 2484 840 2546 αὐτοῖς
887 2482 1230 2543 ἀνακλιθῆναι
1287 2481 1400 2553 (6‘2)
1457 2483 1677 2550 πὰντας,

1862 2482 1987 2535 ηοω
2040 2476 2189 2533 dixit
2228 2476 2395 2549 quod
2435 2476 2615 2548 jussit
2656 2482 2722 2534 ut
2763 2477 3143 2535 discumbere
3186 2476 3446 2535 facerent

128 2575 353 2640 συμπόσια
413 2576 715 2645 συμπόσια,
775 2570 856 2624 ἐπὶ
925 2579 998 2643 τῷ
1062 2571 1254 2645 χλωρῷ
1317 2574 1517 2642 χόρτῳ.
1576 2575 1678 2623 Καὶ

127 2655 322 2711 hinc!»
384 2665 619 2736 πρασιαὶ
687 2665 933 2734 πρασιαὶ,
997 2658 1094 2711 ἀνα
1170 2659 1350 2712 ἑκατὸν
1415 2663 1506 2711 καὶ
1582 2656 1679 2711 ἄινὰ

127 2751 408 2803 πεντήκοντα.
474 2780 548 2792 —
617 2754 901 2821 Κυμπόσια
965 2751 1239 2820 συμπόσια
1299 2746 1480 2819 λέγων,
1563 2745 1678 2800 ἀντὶ

119 2840 206 2900 τοῦ,
250 2841 511 2903 συμπόσια
569 2833 889 2911 διῃρημένα,
944 2839 1201 2905 τουτέστι,
1261 2840 1571 2907 συναγωγὴν
1616 2831 1677 2888 δὶ

120 2918 213 2985 iui,
257 2931 553 2998 συναγωγὴν
609 2922 670 2979 δὲ
712 2924 966 2998 ἀλλαχοῦ.
1008 2927 1079 2979 Τὸ
1127 2922 1255 2977 αύτό
1291 2919 1352 2976 δὶ
1397 2919 1551 2982 δηλοῖ
1587 2927 1677 2976 καὶ

116 3013 161 3061 τὸ
183 3019 380 3084 πρασιαὶ
407 3019 666 3088 πρασιαί.
708 3013 819 3068 Εἶεν
864 3010 913 3067 δ’
944 3015 1006 3066 ἄν
1048 3018 1139 3067 καὶ
1170 3013 1368 3088 ἑτέρως’
1403 3016 1678 3085 συμπόσια

118 3101 190 3167 μὲν
252 3103 301 3153 αἱ
370 3099 698 3164 κυκλοειδεῖς
778 3106 1099 3174 συναγωγαί,
1180 3105 1406 3176 πρασιαὶ
1483 3097 1541 3154 δὲ
1622 3103 1677 3153 αἱ

117 3188 539 3262 τετραγῳνοειδεῖς.
589 3198 845 3245 Τοιαῦται
871 3193 974 3266 γὰρ
1004 3193 1060 3243 αἰ
1087 3198 1184 3244 τῶν
1215 3195 1396 3249 κήπων
1424 3193 1672 3263 πρασιαί.

116 3275 295 3340 κλισίας
335 3278 392 3334 δε
438 3283 467 3333 ὁ
511 3286 726 3341 Λουκᾶς
767 3278 975 3333 ἐκάλεσε
1020 3282 1087 3332 τὰ
1129 3285 1349 3332 τοιαῦτα
1382 3278 1520 3350 (63),
1572 3277 1675 3332 ἀπὸ

113 3371 185 3416 τοῦ
206 3368 570 3429 κατακλιθῆναι
606 3364 893 3441 στιχηδόν.

1787 2582 1992 2623 omnes
2034 2565 2364 2622 distributis
2401 2565 2680 2622 conviviis
2708 2566 2770 2621 in
2811 2565 2988 2622 viridi
3021 2565 3337 2636 gramine;
3386 2568 3443 2621 et

1786 2655 2213 2712 discubuerunt
2241 2653 2537 2711 distributi
2568 2654 2626 2709 in
2660 2654 2894 2710 areolas
2922 2653 3153 2710 centeni
3183 2657 3241 2709 et
3268 2653 3439 2725 quin-

1783 2744 2045 2817 quageni
2078 2744 2145 2798 ⁶³.
2202 2742 2373 2808 Quod
2406 2746 2615 2798 autem
2665 2741 2896 2812 dicitur,
2947 2740 3275 2797 distributis
3312 2755 3442 2798 con-

1785 2833 1978 2904 viviis,
2028 2831 2092 2888 in
2141 2831 2337 2888 littera
2384 2830 2641 2887 habetur
2667 2834 2943 2904 συμπόσια
2974 2832 3269 2903 συμπόσια,
3328 2828 3441 2884 hoc

1786 2927 1873 2978 est
1914 2936 2021 2993 per
2066 2918 2378 2975 distributa
2424 2918 2739 2986 convivia;
2792 2919 2917 2975 sive
2969 2923 3029 2974 ut
3074 2917 3171 2974 hic
3219 2917 3291 2973 sit
3319 2931 3442 2972 una

1784 3008 2184 3081 congregatio,
2206 3007 2286 3064 ibi
2305 3007 2423 3064 alia
2437 3008 2841 3078 congregatio,
2863 3012 2921 3064 et
2954 3006 3097 3064 alibi
3115 3005 3192 3063 ali
3227 3010 3284 3065 et
3302 3004 3437 3062 alia.

1784 3098 1949 3154 Idem
1974 3112 2211 3170 quoque
2237 3094 2529 3164 signiﬁcat
2554 3096 2719 3169 quod
2740 3095 3017 3152 additur:
3050 3093 3352 3151 Distributi
3379 3094 3440 3149 in

1785 3185 2035 3251 areolas,
2063 3183 2228 3258 quod
2257 3182 2449 3239 littera
2471 3183 2653 3239 habet
2681 3188 2908 3256 πρασιαὶ
2932 3187 3178 3257 πρασιαί,
3207 3184 3322 3239 hoc
3350 3186 3444 3238 est

1784 3292 1886 3348 per
1908 3273 2256 3331 distributas
2277 3270 2528 3328 areolas.
2556 3272 2753 3327 Potest
2771 3286 3011 3343 quoque
3036 3274 3094 3326 et
3119 3270 3237 3326 alio
3258 3270 3440 3325 modo

1784 3366 1904 3423 dici
1924 3362 2089 3436 quod
2115 3365 2390 3417 συμπόσια
2408 3358 2621 3416 fuerint
2642 3357 3140 3429 congregationes
3159 3358 3220 3413 in
3239 3355 3439 3412 circuli

111 3457 328 3523 speciem
365 3458 689 3523 ordinatae,
729 3461 955 3532 πρασιαὶ
992 3472 1137 3513 vero
1172 3456 1232 3512 in
1271 3454 1676 3529 quadranguli
1713 3455 2001 3532 speciem.
2051 3448 2406 3521 Huiusmodi
2446 3449 2607 3504 enim
2647 3452 2788 3504 sunt
2824 3447 3134 3504 hortorum
3189 3443 3431 3503 areolae.

105 3539 265 3599 Lucas
294 3560 427 3603 vero
457 3546 608 3604 talia
636 3546 866 3602 vocavit
910 3546 958 3581 “
1000 3543 1326 3601 discubitus
1366 3560 1403 3601 a
1432 3543 1681 3603 discuml

1862 3572 1883 3613 ι,
1915 3542 2124 3601 κλισίας
2153 3537 2421 3595 videlicet
2448 3553 2486 3595 ε.
2515 3536 2777 3603 κλιθῆναι,
2810 3535 2872 3593 id
2903 3539 2993 3592 est
3020 3533 3298 3591 reclinari
3328 3548 3439 3590 suo

104 3645 313 3705 quoque
334 3642 497 3693 certo
527 3633 769 3691 ordine.

163 3720 328 3773 Λαϐὼν
387 3755 459 3766 -
512 3723 820 3795 εὐλόγησεν.
885 3720 1177 3793 ’Δνέϐλε-ψεν
1236 3721 1306 3784 εἰς
1370 3724 1458 3774 τόν
1525 3722 1679 3797 σύρας

102 3812 188 3875 νόν,
230 3821 381 3884 τιμῶν
430 3832 486 3866 τε
554 3814 649 3866 τὸν
691 3815 916 3887 Πατέρα,
984 3814 1073 3863 καὶ
1133 3806 1380 3864 δεικνύων
1440 3812 1520 3863 ὅτι
1585 3810 1677 3864 οὐκ

110 3897 225 3949 terra
270 3899 517 3969 ἀντίθεος,
568 3905 663 3954 καὶ
704 3896 978 3953 διδάσκων
1015 3902 1085 3971 μὴ
1132 3902 1379 3973 πρότερον
1422 3898 1679 3953 ἅπτεσθαι

107 3990 347 4057 τραπέζης,
413 3992 512 4052 ἕως
585 3991 650 4042 οἶν
723 3988 1193 4063 εύχαριστήσωμεν
1265 3994 1339 4059 τῷ
1412 3992 1540 4059 Θεῷ,
1606 3995 1678 4059 τῷ

106 4085 295 4147 χορηγῷ
342 4089 433 4141 τῆς
486 4086 706 4153 τροφῆς,
760 4086 851 4130 καὶ
902 4081 997 4136 τὴν
1054 4075 1287 4148 εύλογίαν
1342 4079 1535 4138 ταύτης
1586 4076 1679 4130 ού-

104 4166 284 4235 ρανόθιν
374 4167 701 4241 ἑλκύσωμεν.
789 4170 1196 4240 Θαυματουργεῖ
1267 4168 1460 4233 τοίνυν,
1558 4168 1682 4218 ποτὶ

105 4254 182 4322 μὲν
212 4256 313 4307 κατ’
359 4255 633 4320 ἐξουσίαν,
680 4257 748 4317 ὡς
793 4258 942 4321 Θεὸς,
985 4255 1110 4306 ποτὶ
1149 4249 1207 4306 δὶ
1242 4251 1537 4325 εὐχόμενος,
1589 4249 1683 4305 διὰ

108 4342 185 4404 τὰς
222 4343 599 4420 προρῥηθείσας
653 4345 838 4415 αἰτίας,
899 4342 984 4395 ἳνα
1043 4346 1116 4415 μὴ
1179 4338 1508 4414 σκανδαλίσῃ
1566 4344 1684 4402 τοὺς

105 4436 346 4504 πονηρούς.

172 4524 261 4572 Καὶ
303 4552 365 4563 -
412 4522 626 4595 ὄχλοις.
685 4516 884 4573 Ἔδωκε
933 4526 1038 4581 τοῖς
1087 4520 1350 4592 μαθηταῖς
1392 4525 1544 4571 τοῦτο
1589 4521 1680 4590 μὶν

109 4615 244 4677 τιμῶν
290 4610 500 4676 αύτούς,
586 4611 655 4672 ὡς
720 4609 1077 4684 οἰκειοτέρους,
1130 4614 1283 4661 τοῦτο
1336 4602 1397 4659 δὶ
1456 4611 1546 4659 καὶ
1600 4607 1683 4658 ἱνα

106 4698 166 4764 μὴ
213 4695 551 4753 ἕπιλοὶθωνται
594 4706 687 4752 τοῦ
735 4699 1015 4770 θαύματος,
1064 4696 1136 4759 εἰς
1184 4697 1211 4749 ὃ
1259 4691 1583 4754 διηκόνησαν
1627 4696 1682 4747 αἱ

110 4790 252 4857 χεῖρες
275 4789 470 4845 αὐτῶν.

167 4878 257 4925 ιιι
300 4907 367 4918 —
423 4877 857 4952 ἐχορτάσθησαν.
924 4875 1200 4947 Χορτοίσας
1257 4872 1448 4934 αύτούς
1505 4875 1686 4946 πρότε-

110 4976 183 5031 ρον
218 4973 571 5039 πνευματικῆς
779 4971 993 5038 τροφῆς,
1038 4961 1088 5015 ἓν
1139 4969 1215 5032 τῷ
1272 4956 1570 5026 διδάσκειν,
1622 4961 1687 5020 ὡς

112 5050 301 5123 εἴρηται,
360 5061 454 5107 καὶ
509 5053 688 5108 λαλεῖν
741 5057 861 5126 περὶ
913 5060 1011 5113 τῆς
1063 5050 1336 5124 βασιλείας
1382 5055 1475 5102 τοῦ
1529 5055 1684 5114 Θεοῦ,

165 5204 207 5239 ⁸³
231 5205 396 5262 toan.
428 5223 507 5276 v1,
547 5210 602 5262 5-
630 5210 683 5261 7.
716 5204 762 5239 "
791 5203 971 5259 Marc.
1001 5217 1080 5270 vv,
1110 5201 1199 5257 39.
1233 5201 1282 5236 “
1314 5201 1452 5256 Luc.
1483 5214 1562 5263 ix,
1598 5198 1685 5253 14.

1861 3725 2016 3779 Vers.
2080 3719 2163 3775 19.
2219 3716 2484 3788 Acceptis
2534 3746 2604 3757 -—
2662 3714 2980 3772 benedixit.
3038 3710 3318 3785 Suspexit
3380 3711 3444 3767 in

1786 3811 1997 3868 ccelum
2041 3810 2269 3864 Patrem
2311 3805 2637 3873 honorans,
2681 3819 2751 3860 ac
2793 3802 3114 3860 ostendens
3158 3803 3278 3857 Deo
3318 3815 3443 3856 non

1786 3915 1919 3956 esse
1987 3893 2369 3953 contrarium.
2436 3894 2718 3949 Praaterea
2782 3891 3009 3948 docens
3086 3905 3210 3946 non
3279 3889 3444 3962 prius

1789 4002 2062 4044 mensam
2109 3998 2241 4040 esse
2287 3981 2718 4052 attingendam,
2768 3979 2963 4037 donec
3030 3979 3151 4035 Deo
3215 3976 3444 4048 gratias

1789 4089 2067 4146 agamus,
2097 4071 2202 4143 qui
2232 4069 2405 4126 nobis
2434 4068 2786 4126 alimentum
2816 4065 3235 4140 suppeditavit,
3284 4065 3442 4136 ejus-

1788 4178 1903 4235 que
1953 4157 2426 4230 benedictionem
2463 4157 2694 4214 caelitus
2742 4155 3079 4212 trahamus.
3142 4152 3444 4209 interdum

1791 4266 1931 4320 ergo
1943 4248 2115 4321 quasi
2137 4250 2290 4302 Deus
2310 4245 2550 4316 propria
2565 4244 2914 4302 auctoritate
2928 4240 3287 4298 miraculum
3309 4253 3446 4310 ope-

1789 4343 1997 4395 ratur:
2042 4333 2410 4409 quandoque
2454 4348 2587 4389 vero
2629 4332 2983 4403 deprecatur
3011 4328 3092 4385 ob
3135 4326 3445 4399 prmdictas

1790 4443 2024 4492 causas,
2053 4439 2127 4480 ne
2153 4421 2343 4478 malos
2371 4419 2655 4476 offendat.

1863 4516 2027 4569 Vers.
2096 4512 2178 4569 19.
2231 4512 2313 4567 Ει
2358 4540 2426 4550 -
2477 4509 2682 4565 turbis.
2740 4504 2909 4563 Dedit
2960 4502 3261 4576 discipulis
3317 4505 3446 4559 tum

1790 4602 1958 4676 quasi
1987 4601 2179 4671 magis
2200 4597 2612 4663 familiaribus,
2647 4602 2774 4653 tum
2793 4593 2975 4650 etiam
3003 4608 3079 4649 ne
3105 4607 3210 4648 eos
3238 4590 3447 4649 lateret

1792 4689 2171 4754 miraculum,
2205 4687 2285 4745 ad
2313 4685 2478 4760 quod
2500 4685 2623 4742 suis
2648 4682 2933 4741 manibus
2959 4680 3449 4739 subministrave-

1792 4785 1945 4837 rant.

1862 4868 2024 4923 Vers.
2074 4870 2160 4923 20.
2212 4866 2291 4922 Et
2336 4893 2407 4907 -—-
2452 4861 2707 4920 saturati
2753 4867 2913 4917 sunt.
2971 4859 3079 4928 Qui
3128 4858 3296 4932 prius
3345 4873 3449 4915 eos

1792 4954 2078 5029 spirituali
2102 4954 2383 5011 alimento
2405 4956 2792 5016 saturaverat,
2812 4948 3108 5015 docendo,
3139 4952 3202 5004 ut
3224 4946 3451 5003 dictum

1793 5049 1899 5112 est,
1956 5049 2016 5102 et.
2070 5043 2372 5117 loquendo
2428 5041 2503 5098 de
2567 5054 2755 5111 regno
2811 5037 2936 5103 Dei,
2994 5051 3151 5093 nunc
3206 5049 3451 5108 quoque

1319 5322 1544 5392 Variae
1574 5319 1899 5389 lectiones
1923 5329 2209 5387 etnotae.

182 5498 266 5567 62)
310 5498 690 5556 ’Δνακλιθῆναι
719 5511 793 5552 ex
838 5494 1113 5567 Matthiae
1145 5491 1490 5567 assumpsit.
1543 5492 1692 5547 Nam

100 5564 319 5625 tumin
344 5574 642 5628 contextu
669 5573 916 5640 uterque
939 5564 1252 5636 vulgatum
1275 5564 1477 5621 habet.

1874 5488 1983 5558 (63)
2009 5494 2188 5558 Ταῦτα
2220 5501 2327 5558 pro
2356 5488 2422 5539 τά
2451 5492 2688 5538 τοιαῦτα.
2721 5486 2787 5539 Α.

1874 5488 1958 5548 (63
2009 5494 2188 5540 Ταῦτα
2220 5501 2327 5558 pro
2356 5488 2422 5539 τά
2451 5492 2688 5538 τοιαῦτα.
2721 5488 2787 5539 Α.

1874 5488 1987 5632 (64;
2017 5557 2113 5615 Sic
2145 5559 2317 5615 Marc.
2346 5572 2466 5626 VIII,
2498 5559 2532 5612 4
2562 5573 2575 5611 :
2608 5557 2878 5629 χορτάσαι
2906 5553 3094 5625 ἄρτων.
