3906 6202
405 304 509 357 435

408 426 586 482 satiat
630 422 760 476 illos
787 422 843 474 et
893 412 1188 487 corporali
1232 429 1245 467 :

406 515 585 571 etiam
618 510 807 565 multa
834 506 1007 562 docet
1035 518 1155 558 eos.
1187 499 1275 555 Ab
1305 495 1578 554 accubitu
1606 490 1852 565 quidem
1880 501 2053 558 super

409 616 675 673 gramen,
704 596 886 653 animi
909 591 1276 649 modestiam.
1300 588 1383 642 Ab
1408 601 1477 641 eo
1496 578 1825 673 quodnihil
1844 580 2055 673 praeter

408 666 594 763 panes
645 692 700 741 et
728 686 924 757 pisces
974 679 1277 753 pra-heret,
1328 670 1799 745 temperantiam.
1854 666 1941 721 Ab
1985 679 2055 719 eo

408 755 549 834 vero
624 755 788 847 quod
865 771 1145 829 omnibus
1218 765 1348 840 pari
1402 761 1586 819 modo
1656 755 2054 820 distribuerat,

407 868 757 941 aquitatem.

480 976 649 1031 Vers.
687 974 775 1025 20.
819 970 899 1024 Et
936 999 999 1006 —
1032 964 1329 1034 cophinos.
1371 958 1644 1029 Quinque
1680 969 1871 1027 panes
1901 966 2059 1024 quos

412 1065 666 1132 fregerat
704 1058 863 1114 dedit
918 1075 931 1107 :
973 1056 1191 1110 horum
1229 1054 1429 1106 autem
1467 1046 1802 1115 fragmenta
1837 1042 1899 1097 in
1922 1056 2059 1132 _ma-

411 1130 589 1209 nibus
624 1146 1057 1219 discipulorum
1088 1157 1245 1197 novo
1276 1135 1565 1195 miraculo
1596 1130 2050 1204 multiplicabat.

413 1245 613 1312 Neque
651 1236 811 1292 enim
844 1234 1039 1289 solum
1080 1230 1317 1285 fuerunt
1355 1225 1497 1281 satis
1530 1224 1721 1279 donec
1752 1219 2061 1276 satiaretur

412 1310 692 1401 populus,
728 1324 827 1379 sed
855 1327 909 1377 et
933 1317 1424 1376 diffundebantur
1453 1314 1644 1369 donec
1682 1310 2016 1401 superesset
2045 1322 2059 1372 ;

415 1397 763 1488 superesset,
793 1412 1065 1482 inquam,
1086 1407 1160 1463 ad
1186 1404 1504 1461 duodecim
1521 1401 1730 1473 plenos
1747 1397 2059 1469 cophinos,

416 1509 478 1560 ut
525 1503 702 1559 etiam
746 1498 1064 1557 duodecim
1110 1493 1366 1567 apostoli
1410 1506 1550 1546 suos
1597 1488 1923 1561 perferrent
1967 1500 2061 1540 co-

414 1593 654 1665 phinos,
700 1593 755 1645 et
790 1589 942 1644 sicut
984 1600 1200 1641 manus
1240 1582 1321 1638 ita
1358 1583 1413 1635 et
1452 1574 2066 1665 humerosrhaberent

1718 268 2070 330 EUTHYMII
2103 265 2437 323 ZIGABENI

1298 424 1409 465 nec
1461 406 1525 462 id
1577 403 1791 466 solum,
1844 412 2048 454 verum

2192 400 2247 445 ὔν
2295 390 2546 465 χορτάςει
2600 389 2815 447 τούτους
2858 390 2947 437 καὶ
2995 392 3320 456 σωματικῆς.
3359 389 3459 437 Καὶ
3502 385 3560 437 ού
3597 392 3750 437 ταῦτα

3651 260 3748 315 436

2164 487 2336 555 μόνον,
2401 478 2526 531 ἀλλά
2580 472 2821 530 παιδεύει
2881 474 3069 533 αύτούς
3129 473 3309 526 πολλά·
3371 473 3473 525 ἀπὸ
3530 476 3618 545 μὲν
3671 481 3753 534 τῆς

2165 570 2247 623 ἐπὶ
2356 578 2426 640 τῷ
2534 570 2711 639 χόρτῳ
2810 562 3158 624 κατακλίσεως
3266 565 3752 635 ταπεινοφροσύνην,

2166 660 2265 712 ἀπὸ
2313 655 2371 711 δὲ
2413 663 2505 709 τοῦ
2550 652 2715 728 μηδὲν
2746 654 2893 705 πλέον
2935 653 3096 726 ἄρτου
3126 654 3214 703 καὶ
3248 651 3434 723 ἰχθύος
3464 658 3754 725 παρασχεῖν

2534 570 2711 639 χόρτῳ

2166 748 2486 823 ἐγκράτειαν·
2549 744 2649 797 ἀπὸ
2710 740 2770 795 δὲ
2840 750 2932 794 τοῦ
2981 747 3117 793 πᾶσι
3178 743 3243 793 τὰ
3300 740 3433 792 αύτά
3498 738 3753 813 διανεῖμαι

2170 855 2414 893 ισοτητα.

2240 947 2341 995 Καὶ
2386 973 2457 984 -
2507 941 2720 1016 πλήρεις
2767 938 2902 1011 (65).
2948 942 3080 999 Τοὺς
3126 942 3273 990 πέντε
3315 938 3501 1011 ἄρτους
3547 936 3754 1005 κλάσας,

2169 1028 2346 1098 ἔδωκε,
2404 1033 2468 1083 τὰ
2520 1030 2798 1101 κλάσματα
2856 1024 2915 1079 δὲ
2966 1029 3155 1079 τούτων
3200 1025 3248 1077 ἐν
3300 1031 3410 1086 ταῖς
3462 1030 3620 1097 χερσὶ
3668 1034 3754 1077 τῶν

2168 1124 2414 1193 μαθητων
2492 1117 2850 1176 οέπληθύνοντο⁸
2911 1120 3000 1167 καὶ
3060 1117 3117 1167 τὸ
3188 1116 3361 1187 θαῦμα
3427 1113 3587 1177 ξένον.
3645 1114 3758 1185 Ούχ

2170 1218 2352 1262 ἵστατο
2410 1211 2506 1281 γὰρ
2566 1211 2729 1281 μέχρι
2785 1212 2877 1257 τοῦ
2929 1206 3240 1277 κορεσθῆναι
3295 1207 3383 1255 τὸν
3440 1202 3583 1268 λαὸν,
3641 1201 3759 1254 ἀλλὰ

2169 1304 2258 1351 καὶ
2312 1304 2379 1359 εὶς
2426 1302 2483 1349 τὸ
2528 1298 2855 1370 περισσεύειν
2903 1293 3147 1366 ἐξεχεῖτο,
3189 1296 3276 1344 καὶ
3322 1295 3378 1344 τὸ
3423 1292 3539 1363 (66)
3586 1311 3759 1365 περισ-

2173 1394 2318 1440 σεῦον
2370 1384 2581 1439 δώδεκα
2633 1388 2833 1455 κόφινοι
2874 1386 3133 1456 γέμοντες,
3184 1383 3267 1433 ἵνα
3315 1385 3405 1433 καὶ
3453 1384 3500 1433 οἱ
3559 1377 3762 1433 δώδεκα

2172 1476 2453 1529 ἀπόστολοι
2511 1472 2917 1527 διαϐαστάσωσι
2986 1471 3098 1542 (67)
3174 1475 3292 1532 τοὺς
3350 1474 3613 1542 κοφίνους,
3680 1474 3763 1521 καὶ

2172 1574 2343 1640 ὥσπερ
2416 1566 2512 1625 τὰς
2579 1570 2781 1636 χεῖρας,
2842 1564 2975 1613 οὕτω
3039 1563 3128 1612 καὶ
3196 1563 3314 1619 τούς
3371 1563 3547 1630 ὤμους
3598 1559 3763 1621 ἕξουσι

417 1646 719 1737 ἷῃὶηἱειτοε
769 1694 837 1732 ac
880 1681 1056 1730 testes
1114 1667 1457 1742 hujusmodi
1498 1664 1787 1722 miraculi.
1837 1665 2063 1719 Marcus

2192 1650 2445 1714 Γιοικόνους
2493 1653 2582 1703 xui
2633 1654 2904 1725 μάρτυρας
2954 1656 3045 1700 τοῦ
3090 1651 3327 1700 τοιούτου
3380 1650 3661 1720 θαύματος.
3711 1646 3763 1699 e0

415 1772 553 1825 vero
606 1767 751 1823 dixit
802 1768 871 1831 ‘5,
923 1762 1087 1836 quod
1140 1760 1289 1815 duos
1345 1772 1583 1829 quoque
1630 1753 1821 1826 pisces
1870 1751 2066 1807 divisit

418 1858 521 1927 eis,
590 1862 646 1913 et
706 1854 864 1926 quod
935 1852 1112 1907 etiam
1180 1848 1252 1906 ab
1322 1846 1433 1901 illis
1500 1843 1861 1901 sustulerunt
1929 1855 2065 1912 quas

419 1945 857 2018 superfuerant.

488 2054 649 2107 Vers.
691 2051 779 2103 21.
816 2049 923 2115 Qui
957 2052 1150 2103 autem
1182 2074 1247 2083 -
1282 2056 1510 2114 pueros.
1543 2043 1661 2095 Hoc
1693 2043 1746 2095 et
1776 2052 2067 2108 augmen-

420 2148 548 2199 tum
587 2143 678 2197 est
716 2135 1008 2199 miraculi,
1053 2141 1107 2189 et
1133 2135 1263 2189 laus
1304 2130 1634 2195 turbarum,
1680 2127 1846 2199 quod
1888 2127 2068 2182 etiam

423 2247 561 2286 cum
602 2226 888 2284 uxoribus
930 2229 986 2279 et
1019 2221 1216 2295 pueris
1261 2217 1618 2274 assidebant.
1662 2218 1728 2272 Et
1760 2216 1904 2287 quia
1932 2230 2067 2269 cum

420 2322 545 2375 tota
573 2315 799 2373 familia
828 2311 1243 2385 sequebantur,
1277 2323 1417 2363 cum
1446 2310 1570 2362 tota
1599 2306 1778 2362 etiam
1820 2302 2068 2361 famillia

422 2404 699 2463 beneﬁcii
732 2403 987 2459 fructum
1022 2400 1428 2471 perceperunt.

496 2514 650 2569 CAP.
726 2512 925 2568 XXVII.
1001 2509 1083 2564 De
1148 2506 1544 2563 ambulatione
1621 2503 1830 2559 Christi
1903 2517 2074 2574 super

1152 2612 1342 2652 mare.

497 2712 657 2766 Vers.
716 2713 803 2763 22.
857 2705 1174 2777 Statimque
1224 2736 1290 2743 —
1346 2703 1558 2758 turbas.
1616 2704 1763 2759 Cum
1815 2701 1893 2757 ab
1948 2702 2074 2772 ipso

426 2799 671 2857 distrahi
708 2796 932 2853 nollent
971 2793 1279 2865 ,compulit
1316 2792 1449 2847 illos
1487 2792 1546 2846 in
1584 2791 1891 2860 navigium
1940 2806 2076 2845 con-

426 2889 727 2951 scendere,
770 2891 827 2941 et
891 2884 1221 2956 praecedere
1284 2881 1339 2935 iu
1401 2880 1739 2936 ulteriorem
1802 2884 2071 2951 partem;

425 2980 541 3034 hoc
578 2976 823 3048 quidem
865 2976 1173 3045 praetextu,
1214 2975 1278 3026 ut
1324 2970 1445 3041 ipse
1484 2969 1722 3025 relictus
1762 2970 2078 3025 dimitteret

428 3065 629 3123 turbas
687 3065 813 3135 ,Δία
850 3062 1107 3131 _veritate
1159 3064 1379 3125 autem,
1429 3064 1494 3114 ut
1533 3074 1737 3114 secum
1788 3059 2078 3115 habentes

424 3156 898 3225 fragmentorum
942 3151 1251 3222 cophinos,
1294 3164 1399 3221 per
1454 3149 1640 3204 otium
1679 3150 1924 3205 absente
1978 3150 2078 3205 illo

424 3244 657 3300 curiose
688 3241 1023 3310 fragmenta
1052 3239 1511 3304 sciscitarentur,
1544 3256 1612 3295 ac
1651 3239 2076 3294 conﬁrmaren-

426 3340 542 3398 tur,
568 3331 724 3405 quod
742 3346 863 3387 non
884 3329 1252 3402 phantastice
1271 3328 1493 3384 factum
1509 3333 1663 3384 esset
1698 3328 2074 3384 miraculum.

428 3426 577 3479 Nam
634 3427 689 3476 et
736 3424 977 3492 prOpter
1025 3418 1135 3473 hoc
1186 3417 1618 3487 superfuerant,
1670 3422 1725 3472 et
1771 3417 2079 3489 oportebat

428 3509 755 3581 discipulos
794 3508 867 3563 de
908 3523 978 3561 ea
1015 3522 1076 3561 re
1117 3507 1387 3560 certiores
1430 3505 1554 3559 fieri
1591 3520 1767 3575 supra
1813 3511 2076 3573 caeteros,

430 3603 632 3669 utpote
673 3597 775 3667 qui
814 3600 1095 3665 tanquam
1130 3609 1469 3648 communes
1504 3594 1775 3648 omnium
1810 3596 2077 3665 magistri

429 3687 491 3740 in
531 3685 734 3740 orbem
792 3689 959 3737 erant
997 3682 1339 3752 ingressuri.
1386 3684 1451 3736 Et
1487 3682 1615 3737 haec
1652 3682 1898 3753 quidem
1958 3700 2079 3741 una

433 3788 615 3829 causa
644 3773 733 3826 est
762 3786 865 3825 cur
894 3770 1213 3841 discipulos
1244 3770 1614 3841 praemiserit.

503 3877 697 3932 Altera
722 3891 882 3940 vero,
908 3876 1049 3947 quia
1072 3874 1306 3931 volebat
1325 3874 1481 3931 solus
1508 3877 1568 3931 in
1590 3881 1853 3933 montem
1876 3894 2078 3935 ascen-

433 3967 592 4031 dere,
625 3968 798 4036 prout
827 3966 1023 4019 statim
1056 3964 1452 4035 subjungitur,
1485 3964 1709 4021 docens
1736 3966 1874 4022 hinc
1912 3969 2075 4041 quod

432 4070 629 4125 neque
675 4056 946 4123 oporteat
997 4052 1276 4108 continue
1324 4053 1685 4109 multitudini
1736 4056 2075 4128 immisceri,

433 4158 626 4215 neque
648 4158 874 4213 semper
898 4141 1099 4211 fugere
1126 4142 1561 4198 multitudinem
1590 4161 1603 4198 :
1633 4144 1738 4199 sed
1767 4150 2078 4217 utrumque

434 4232 654 4288 utiliter
682 4230 932 4286 efﬁcere.
964 4231 1095 4285 Jam
1124 4231 1323 4303 itaque
1354 4238 1411 4287 et
1439 4248 1551 4288 nos
1582 4232 1799 4288 relictis
1831 4235 2078 4291 urbibus

432 4336 755 4393 earumque
795 4320 1298 4385 distractionibus,
1340 4321 1567 4391 pedites
1605 4337 1675 4378 ac
1710 4322 1871 4378 leves
1918 4324 2081 4380 Chri-

434 4416 593 4467 stum
637 4425 982 4482 sequamur,
1024 4408 1097 4464 ad
1142 4408 1521 4466 solitudinem
1560 4412 1679 4467 sive
1723 4413 1982 4483 quietem
2026 4419 2080 4470 et

432 4499 727 4554 silentium
768 4515 838 4554 ac
890 4498 1077 4554 otium
1118 4498 1455 4567 abeuntem,
1515 4501 1687 4572 eique
1727 4503 2081 4559 assistamus

434 4586 713 4643 salutaria
753 4588 1003 4651 docenti,
1042 4592 1106 4642 ut
1134 4586 1516 4643 affectionum
1555 4588 1911 4648 abstinentia
1936 4593 2083 4663 jeju-

434 4678 665 4740 nantes,
696 4676 900 4732 divina
927 4676 1117 4745 gratia
1143 4676 1497 4747 repleamur.

503 4835 663 4889 Vers.
722 4837 809 4889 23.
871 4836 1123 4906 Cumque
1180 4837 1491 4893 dimisisset
1543 4868 1598 4879 —
1658 4839 1722 4895 V.
1789 4842 1875 4897 24.
1935 4843 2078 4899 illic.

430 4924 619 4994 Aptus
646 4926 732 4978 est
757 4922 917 4978 enim
942 4939 1118 4979 mons
1146 4924 1223 4980 ad
1245 4927 1580 4983 orationem
1608 4943 1621 4979 :
1649 4944 1769 4984 nox
1796 4934 2082 5002 prasterea

433 5016 488 5068 et
514 5010 770 5068 solitudo
802 5012 1097 5068 silentium
1129 5031 1198 5069 ac
1238 5015 1750 5075 indistractionem
1790 5019 2076 5090 prazbent,

432 5104 488 5157 et
515 5100 995 5158 immobilitatem
1024 5102 1085 5157 in
1116 5104 1401 5161 oratione.

503 5200 551 5235 ⁴⁵
582 5204 753 5257 Marc.
786 5217 862 5266 v1,
897 5202 983 5264 41,
1016 5205 1105 5257 43.

2174 1738 2232 1794 δὲ
2283 1743 2495 1814 Μάρκος
2554 1738 2707 1803 εἶπεν,
2757 1740 2836 1791 ὃτι
2886 1743 2973 1790 καὶ
3028 1741 3149 1798 τούς
3202 1734 3296 1789 δύο
3362 1736 3557 1808 ἰχθύας
3609 1739 3762 1811 ἐμέρι-

2176 1849 2259 1882 σεν
2307 1830 2500 1894 αὐτοῖς,
2557 1833 2645 1880 καὶ
2706 1829 2785 1879 ὅτι
2837 1832 2924 1878 καὶ
2972 1826 3024 1877 ἐκ
3077 1828 3267 1877 τούτων
3322 1821 3451 1899 ἦραν
3500 1828 3765 1898 περισσεῶ

2174 1938 2334 1991 ματα.

2246 2028 2312 2078 Οἱ
2370 2022 2427 2077 δε
2479 2056 2549 2066 —
2600 2020 2847 2077 παιδίων.
2907 2029 3070 2075 Τοῦτο
3116 2026 3202 2073 καὶ
3253 2023 3475 2084 αὔξησίς
3515 2020 3631 2073 ἐστι
3683 2031 3766 2073 τοῦ

2178 2118 2462 2187 θαύματος,
2564 2117 2653 2165 καὶ
2740 2120 2839 2163 τῶν
2930 2110 3101 2183 ὄχλων
3182 2114 3405 2175 ἔπαινος,
3488 2115 3566 2163 ὅτι
3646 2114 3770 2183 μετὰ

2174 2212 2431 2276 γυναικῶν
2504 2207 2593 2255 καὶ
2670 2198 2897 2254 παιδίων
2974 2196 3356 2273 προσήδρευον.
3415 2204 3514 2253 Καὶ
3591 2196 3765 2255 ἐπειδή

2175 2297 2384 2345 πανοικὶ
2448 2296 2777 2364 παρέμειναν,

2180 2381 2510 2440 ἀπήλαυσαν.

2857 2294 3068 2342 πανοικὶ
3141 2294 3231 2341 καὶ
3306 2297 3403 2351 τῆς
3477 2290 3769 2363 εὐεργεσίας

2342 2494 2486 2542 ΚΕΦ.
2522 2487 2636 2540 ΚΖ.
2670 2491 2795 2559 Περὶ
2825 2486 2915 2538 τού
2947 2490 2995 2538 ἐν
3038 2484 3277 2557 θαλάσση
3308 2488 3622 2558 περιπάτου.

2257 2653 2355 2701 Καὶ
2412 2648 2594 2710 εὐθέως
2644 2678 2713 2688 —
2784 2646 2990 2718 ὄχλους.
3067 2650 3153 2703 Μὴ
3234 2645 3580 2718 βουλομένους
3659 2668 3780 2701 απο-

2187 2740 2487 2795 σπασθῆναι
2544 2736 2719 2807 αὐτοῦ,
2789 2738 3081 2806 ἠνάγκασεν
3157 2733 3341 2796 αύτούς
3418 2734 3646 2807 ἐμϐῆναι
3719 2738 3784 2799 εἰς

2183 2830 2239 2879 τὸ
2304 2826 2479 2878 πλοῖον
2535 2830 2624 2877 καὶ
2679 2827 2943 2897 προάγειν,
3003 2827 3117 2880 ἤτοι
3188 2823 3570 2897 προλαμϐάνειν
3631 2826 3782 2878 αὐτὸν

2108 2920 2148 2975 C
2186 2916 2254 2975 εἰς
2300 2918 2357 2966 τὸ
2412 2916 2567 2986 περαν
2617 2918 2785 2986 μέροςθ
2838 2915 3097 2985 προφάσει
3154 2916 3263 2983 μὲν,
3320 2919 3404 2964 ἵνα
3454 2914 3619 2975 αὐτὸς
3670 2917 3786 2967 ύπο-

2185 3004 2406 3075 λειφθεὶς
2463 3002 2697 3074 ἀπολύση
2752 3005 2867 3063 νούς
2920 3001 3128 3073 ὄχλους,
3178 3009 3239 3072 τῇ
3298 2998 3349 3052 δ’
3397 3000 3642 3074 ἀληθείᾳ,
3687 3006 3784 3072 ἶνα,

2188 3095 2298 3164 μεθ’
2345 3092 2533 3144 ἑαυτῶν
2582 3093 2789 3162 ἔχοντες
2841 3094 2961 3151 τοὺς
3009 3094 3248 3161 κοφίνους
3299 3098 3398 3142 τῶν
3450 3090 3785 3163 κλασμάτων,

2187 3184 2322 3233 κατά
2390 3181 2612 3251 σχολὴν,
2684 3179 2902 3240 ἀπόντος
2966 3179 3147 3244 αὐτοῦ,
3206 3183 3657 3253 περιεργάσωνται
3728 3184 3787 3233 τὰ

2188 3270 2484 3343 κλάσματα,
2534 3273 2619 3321 καὶ
2675 3267 3054 3340 βεϐαιωθὼσιν,
3106 3268 3187 3319 ὃτι
3231 3268 3291 3319 ού
3337 3272 3470 3320 κατά
3499 3274 3789 3340 φαντασίαν

2187 3362 2245 3410 τὸ
2300 3360 2475 3430 θαῦμα
2519 3362 2713 3428 γέγονε.
2766 3360 2860 3410 Διά
2907 3363 3058 3408 τοῦτο
3105 3360 3205 3431 γὰρ
3246 3362 3335 3409 καὶ
3385 3356 3786 3432 ἐπερίσσευσαν,

2188 3452 2277 3499 καὶ
2324 3443 2431 3499 ἔδει
2476 3450 2592 3506 τοὺς
2642 3448 2881 3518 μαθητὰς
2933 3446 3093 3498 αύτοῡ
3141 3445 3610 3519 πληροφορηθῆνοιι
3664 3448 3791 3519 μᾶλα

2188 3536 2292 3601 λον,
2366 3535 2455 3587 ἁτε
2524 3538 2726 3595 κοινούς
2784 3531 3144 3595 διδασκάλους
3197 3535 3267 3595 εἰς
3330 3538 3421 3591 τὴν
3484 3536 3791 3607 οἰκουμένη

2190 3624 2402 3677 εἰσιέναι
2463 3624 2576 3695 (68)
2642 3623 2931 3696 μέλλοντας.
2992 3629 3102 3676 Μία
3166 3626 3256 3695 μεν
3308 3624 3439 3681 αὓτη
3495 3624 3651 3677 αἰτία
3708 3631 3795 3677 τοῦ

2187 3713 2493 3787 προπέμψαι
2521 3717 2636 3772 τόύς
2663 3715 2898 3784 μαθητάς
2912 3756 2923 3769 .

2261 3840 2479 3909 Δευτέρα
2528 3833 2608 3900 δε,
2664 3838 2743 3889 ὅτι
2788 3836 3014 3889 ἐϐούλετο
3062 3840 3211 3908 μόνος
3261 3837 3331 3898 εἰς
3377 3839 3435 3888 τὸ
3490 3840 3618 3910 ὄρος
3666 3836 3797 3888 ἀνελ-

2191 3927 2313 3993 θεῖν,
2370 3928 2434 3986 ὡς
2490 3922 2876 3993 δηλωθήσεται,
2927 3922 3197 3977 διδάσκων
3251 3925 3495 3991 ἐντεῦθεν,
3551 3927 3641 3978 ὃτι
3690 3930 3793 3999 χρὴ

2187 4020 2315 4087 μήτε
2405 4014 2791 4086 ἀναμίγνυσθαι
2883 4014 3129 4074 διηνεκῶς
3214 4022 3284 4083 τῷ
3374 4014 3582 4081 πλήθει,
3675 4019 3800 4087 μήτε

2189 4106 2385 4175 φεύγειν
2447 4100 2524 4153 ἀεὶ
2601 4106 2659 4152 τὸ
2734 4101 2943 4172 πλῆθος,
3016 4099 3120 4152 ἀλλ’
3199 4101 3432 4174 ἑκάτερον
3502 4108 3802 4174 χρησίμως

2883 4010 3129 4074 διηνεκῶς
3214 4022 3284 4083 τῷ
3374 4013 3582 4081 πλήθει,

2189 4198 2371 4243 ποιεῖν.
2426 4192 2620 4243 Λοιπὸν
2677 4190 2764 4242 ούν
2826 4195 2914 4242 καὶ
2971 4192 3141 4263 ἡμεῖς,
3200 4189 3403 4262 ἀφέντες
3462 4194 3562 4251 τὰς
3634 4193 3802 4253 πόλεις

2190 4285 2277 4332 καὶ
2332 4284 2446 4341 τούς
2509 4284 2907 4353 περισπασμούς
2978 4280 3169 4345 αὐτῶν,
3244 4284 3392 4343 πεζοὶ
3449 4285 3541 4332 καὶ
3619 4291 3805 4354 κοῦφοι

2188 4377 2258 4440 τῷ
2319 4376 2528 4442 Χριστῷ
2605 4368 3135 4440 κατακολουθησωμεν
3199 4369 3271 4430 εἰς
3326 4369 3569 4441 ἐρημίαν,
3642 4374 3803 4423 εῖτ-ουν

2192 4459 2406 4530 ἠρεμίαν
2476 4462 2563 4509 καὶ
2642 4460 2875 4529 ἡσυχίαν
2954 4458 3223 4529 ὑπάγοντι,
3296 4464 3387 4509 καὶ
3466 4466 3808 4532 παραμείνω-

2189 4566 2279 4618 μεν
2331 4547 2492 4617 αύτῷ,
2541 4542 2852 4598 διδάσκοντι
2895 4547 2961 4597 τὰ
3012 4552 3269 4619 σωτήρια,
3317 4548 3417 4617 ἵνα,
3473 4554 3807 4604 νηστεύσαν-

2191 4655 2270 4697 τες
2328 4643 2388 4707 τῇ
2447 4633 2623 4707 ἀποχῇ
2677 4642 2774 4686 τῶν
2822 4637 3021 4705 παθῶν,
3074 4634 3447 4707 ἐμπλησθῶμεν
3506 4646 3616 4697 τῆς
3678 4640 3810 4693 θείας

2191 4726 2433 4797 χάριτος.

2265 4852 2365 4901 Καὶ
2454 4846 2721 4908 ἀπολύσας
2798 4877 2867 4888 -
2958 4847 3077 4902 ἐκεῖ.
3155 4852 3429 4921 Χρήσιμον
3499 4851 3613 4921 γὰρ
3706 4859 3817 4908 ταῖς

2190 4944 2517 5009 προσευχαῖς
2560 4940 2650 4989 καὶ
2686 4938 2745 4988 τὸ
2790 4940 2948 5010 ὅρος,·
2994 4942 3083 4989 καὶ
3113 4938 3142 4995 ἡ
3192 4937 3303 5006 νύξ,
3344 4939 3495 4994 καὶό
3546 4943 3814 5010 μόνωσις,

2190 5028 2427 5097 ἡσυχίαν
2485 5030 2572 5078 καὶ
2635 5029 2692 5078 τὸ
2761 5025 3146 5098 ἀπερίσπαστον
3201 5030 3290 5079 καὶ
3346 5026 3585 5099 γαλήνην
3652 5036 3817 5102 Rapt-

2191 5134 2376 5187 χοντα.

1660 5304 1883 5375 Variae
1913 5308 2241 5380 lectiones
2260 5320 2326 5379 et
2346 5321 2548 5379 notas.

502 5415 614 5497 (6.5)
644 5415 863 5497 [ξλήρεις
886 5432 1013 5497 non
1045 5420 1327 5489 expressit
1360 5418 1711 5477 Hentenius.
1747 5425 1914 5481 Forte
1947 5425 2085 5483 dee-

429 5491 522 5542 rat
548 5487 609 5541 in
634 5487 765 5557 ejus
793 5487 1019 5544 codice.

678 5560 846 5639 Forte
904 5560 1223 5639 Hentenius
1280 5560 1439 5631 legit,
1500 5567 1588 5615 xui
1643 5568 1701 5616 τὸ
1759 5572 2084 5638 περισσεύειν

432 5625 643 5682 δὼδεκα
676 5635 913 5699 κοφίνους
940 5634 1207 5702 γέμοντας.

2267 5429 2379 5570 ἓὸἾ)
2411 5430 2769 5495 Διαστάσωσι,
2804 5434 2864 5483 Α.

2292 5502 2380 5569 68)
2420 5501 2506 5556 Ita
2547 5514 2789 5570 quoque
2832 5500 2864 5555 ii

2292 5502 2380 5569 68)
2420 5501 2511 5573 Ita
2547 5514 2789 5573 quoque
2832 5500 3123 5573 interpres
3150 5499 3381 5573 reperit.
3422 5503 3487 5556 In
3530 5508 3818 5561 mentem

2195 5569 2396 5627 tamen
2421 5569 2711 5643 cuiquam
2732 5571 2934 5627 venire
2960 5569 3153 5641 possit
3182 5569 3385 5631 ἐξιέναι.
