3906 6202
179 277 260 334 43⁸1
1034 256 1407 316 COMMENT.
1457 253 1529 309 ΙΝ
1569 251 1692 310 MA?

1873 252 2016 311 ZUM-
2056 285 2125 297 —
2164 256 2328 315 CAP.
2375 259 2529 319 XIV.

3349 269 3456 326 438

237 401 294 452 Τὸ
324 393 371 448 δε
411 393 559 446 πλοῖον
602 419 674 432 —-
719 389 924 460 ἄνεμος.
982 383 1142 438 Πάλιν
1183 385 1232 436 οἱ
1287 383 1520 454 μαθηταὶ
1572 377 1692 431 κλυ-

1879 383 2035 438 Vers.
2077 386 2146 438 24
2186 384 2371 442 Navis
2409 393 2609 445 autem
2648 421 2716 430 -
2756 397 2964 449 ventus
3007 394 3174 450 Nunc
3215 408 3454 450 rursnm

179 485 442 552 δωνίζονται,
485 483 645 540 καθὼς
682 483 771 530 καὶ
819 480 876 529 τὸ
920 480 1186 550 πρότερον.
1240 471 1395 526 Ἀλλὰ
1441 473 1555 522 τότε
1605 470 1695 541 μὲν

175 576 450 644 ἆτιλεστέροις
491 567 606 622 οὖσι
661 575 819 626 συνῆν
867 570 956 617 καὶ
1000 564 1154 625 αύτὸς
1213 562 1284 624 εἰς
1335 560 1690 632 παραμυθίαν,

162 664 200 716 ιῖ
242 667 314 714 καί
363 655 603 713 ἐκάθευδε·
653 665 742 708 νῦν
793 652 852 709 δὲ
889 651 1258 728 προκοψάντων
1302 651 1538 716 ἄπεστιν,
1588 646 1690 716 ἱνα,

159 748 411 824 μηδαμόθεν
503 751 706 820 ἔχοντες
809 745 1171 818 παραμυθίαν,
1265 742 1693 815 καρτερικώτεροι

153 846 372 912 γένωνται.

208 1037 400 1107 Τετάρτῃ
467 1063 521 1075 -
586 1030 881 1092 θαλάσσης.
930 1028 988 1082 Ὀ
1041 1024 1100 1081 δὲ
1178 1027 1390 1101 Μάρκος
1474 1025 1693 1098 εἴρηκεν,

151 1129 212 1177 ὃτι
242 1129 315 1176 καὶ
350 1119 475 1175 εἶδεν
522 1121 718 1182 αὐτοὺς
767 1118 1211 1192 βασανιζομένους
1249 1115 1299 1168 ἐν
1329 1122 1401 1185 τῷ
1450 1112 1693 1165 ἐλαύνειν·

148 1210 262 1266 ὁδὶ
315 1213 565 1277 Ἰωάννης,
638 1210 718 1262 ὃτι
786 1207 984 1266 ἤλασαν
1048 1210 1113 1268 ὡς
1185 1201 1439 1265 σταδίους
1507 1201 1698 1254 εἰκοσι·

147 1307 264 1355 πέντε
303 1306 327 1359 ἦ
371 1306 456 1353 καὶ
507 1302 812 1374 τριάκοντα,
870 1292 1086 1350 Στάδιον
1145 1291 1204 1348 δὲ
1252 1294 1368 1346 ἐστι
1411 1295 1568 1351 τόπος
1609 1290 1698 1363 ὄρ-

143 1399 272 1463 raqu
337 1389 529 1444 ἑκατόν.
606 1390 866 1462 Τετάρτην
937 1383 996 1438 δὲ
1062 1384 1291 1458 φυλακὴν
1358 1390 1449 1442 τῆς
1513 1382 1698 1442 νυκτὸς

139 1481 369 1552 ὠνόμασαν
423 1484 468 1531 οἱ
531 1476 752 1531 παλαιοὶ
802 1474 1177 1548 νυκτοφύλακες
1246 1480 1346 1524 τῶν
1405 1473 1694 1544 στρατοπέ-

141 1566 222 1621 δων
288 1572 341 1620 τὸ
411 1572 657 1643 τέταρτον
748 1569 904 1641 μέρος
959 1573 1050 1625 τῆς
1126 1563 1329 1629 νυκτὸς,
1412 1562 1530 1618 ἦτοι
1609 1562 1696 1619 τὰς

135 1658 386 1720 τελευταίας
457 1665 599 1730 τρεῖς
679 1656 836 1730 ᾦρας.
908 1653 1095 1726 Ἀφῆκε
1163 1647 1222 1703 δὲ
1273 1653 1394 1711 τοὺς
1457 1649 1695 1722 μαθητὰς

137 1748 156 1798 ὁ
224 1751 434 1821 Χριστὸς
532 1746 624 1798 ἐπὶ
722 1750 965 1796 τοσοῦτον
1048 1736 1483 1800 κλυδωνίζεσθαυ

138 1831 266 1888 δεύων
315 1835 640 1910 ἐγκαρτερεῖν
711 1839 814 1892 τοῖς
885 1827 1089 1900 δεινοῖς,
1161 1827 1496 1901 οἰκονομικῶς
1576 1826 1696 1878 ἐπα-

133 1930 338 1995 pnsum,
422 1929 512 1976 καὶ
613 1927 684 1995 μὴ
789 1922 959 1982 ζητεῖν
1060 1926 1279 1990 ταχεῖαν
1370 1914 1691 1988 ἀπαλλαγήν·

131 2016 190 2065 ἔτι
223 2010 274 2066 ἃ
313 2018 416 2080 καὶ,
466 2017 557 2064 ἵνα
603 2014 704 2087 πρὸ
754 2011 1026 2082 ὀφθαλμῶν
1070 2011 1156 2060 τὸν
1205 2007 1418 2059 θάνατον
1471 2007 1692 2077 ἔχοντες,

133 2099 221 2154 εἶτα
277 2099 584 2177 παραδόξως
666 2101 957 2174 ῥυσθέντες,
1030 2093 1328 2168 ἐπιγνῶσιν,
1408 2095 1488 2146 ὅτι
1567 2097 1698 2155 Θεὸς

131 2190 245 2243 ἐστιν
308 2193 331 2243 ό
384 2194 609 2252 τούτους
666 2185 1083 2259 διασωσάμενος·
1143 2188 1286 2237 οὔπω
1338 2186 1438 2258 γὰρ
1505 2181 1696 2235 τελείαν

129 2279 245 2352 εἶχον
311 2282 689 2356 πληροφορίαν.
774 2280 860 2330 Διὸ
933 2281 1024 2328 καὶ
1092 2275 1220 2347 μετά
1286 2277 1380 2331 τὴν
1463 2263 1695 2324 ἀπαλλα-

127 2376 207 2441 γὴν
253 2373 643 2444 προσεκύνησαν
718 2367 879 2438 αὐτῷ,
934 2363 1191 2436 λέγοντες
1269 2361 1504 2424 Ἀληθῶς
1558 2369 1690 2414 Θεοῦ

127 2466 218 2522 Υιὸς
245 2458 298 2515 εἶ.

188 2721 268 2767 Καὶ
318 2745 381 2756 -
434 2712 692 2786 ἔκραξαν.
760 2714 858 2763 Τὸν
913 2709 1014 2761 ἀπὸ
1077 2715 1170 2761 τοῦ
1225 2703 1484 2766 κλύδωνος
1544 2703 1697 2777 φόϐον

125 2807 257 2878 ἔτερος
325 2799 654 2874 διαδέχεται
729 2800 865 2871 (69),
943 2803 1032 2850 καὶ
1094 2797 1188 2850 οὐκ
1257 2795 1406 2848 ἔλυσε
1491 2802 1692 2859 τοῦτον,

121 2891 194 2950 ἕως
234 2893 335 2962 (70)
387 2890 646 2954 ἐϐόησαν,
701 2890 783 2941 ἱνα
831 2888 1170 2961 γυμνασθῶσι
1221 2889 1385 2960 φέρειν
1434 2885 1527 2944 τὰς
1580 2879 1696 2936 δια-

122 2975 266 3051 δοχὰς
291 2990 386 3033 τῶν
414 2987 750 3053 πειρασμῶν.

173 3069 355 3131 Εὐθέως
397 3101 471 3112 —
538 3072 619 3142 μὴ
704 3065 962 3138 φοϐεῖσθε.
1034 3063 1176 3116 Ἐπεὶ
1260 3063 1354 3116 οὐκ
1436 3059 1694 3122 ἠδύναντο

119 3164 336 3230 γνωρίσαι
383 3157 543 3210 αὐτὸν
599 3155 701 3208 ἀπὸ
750 3161 840 3208 τοῦ
896 3158 1176 3228 προσώπου
1229 3148 1323 3204 διὰ
1366 3157 1460 3210 τὴν
1512 3154 1692 3218 νύκτα,

113 3244 262 3297 λοιπὸν
289 3253 378 3306 τὴν
425 3252 701 3320 γνώριμον
732 3248 900 3316 φωνήν
945 3240 1121 3302 αὐτοῖς
1161 3240 1438 3313 ἐπαφίησι,
1468 3239 1696 3292 λύουσαν

117 3331 400 3410 ἀμφοτέρους
427 3341 557 3396 τοὺς
596 3332 804 3406 φόϐους.

169 3440 473 3517 Ἀποκριθεὶς
539 3473 619 3482 ——
690 3439 817 3491 ἐλθέ.
901 3437 1256 3510 Ἀφικνεῖσθαι
1331 3439 1462 3510 πρὸς
1541 3435 1695 3486 αὐτὸν

295 3541 389 3582 τῶν
446 3529 670 3584 ὑδάτων
714 3529 880 3593 ζητεῖ,
949 3528 1168 3599 προάσει
1215 3528 1324 3597 μὲν,
1375 3529 1448 3586 εἰς
1494 3520 1697 3576 διάπει-

105 3637 185 3688 ραν
227 3629 310 3672 τοῦ
355 3630 558 3692 γνῶναι
614 3617 858 3682 ἐντεῦθεν,
906 3615 949 3667 εἰ
986 3615 1144 3676 αὑτός
1198 3612 1336 3665 ἐστιν
1386 3614 1691 3687 ὁΧριστὸς·

108 3713 156 3774 τῇ
211 3704 255 3758 δ’
305 3708 540 3782 ἀληθείᾳ,
612 3705 904 3766 ἐνωτισθεὶς
964 3709 1056 3762 τὴν
1117 3707 1286 3776 φωνὴν
1347 3701 1528 3766 αὑτοῦ,
1582 3701 1693 3753 λίαν

106 3792 272 3865 ἐχάρη,
325 3803 415 3850 καὶ
472 3795 880 3869 διαθερμανθεὶς
930 3792 1176 3865 γλίχεται
1221 3793 1322 3866 πρὸ
1375 3797 1472 3842 τῶν
1529 3789 1692 3841 ἄλλων

106 3885 312 3954 ἐντυχεῖν
339 3886 481 3956 αύτῷ
492 3929 504 3942 ,

171 3995 258 4042 Καὶ
321 3991 566 4054 καταϐὰς
645 4021 711 4029 -
789 4007 870 4061 με.
940 3991 1046 4046 Τὴν
1116 3989 1206 4059 μὲν
1274 3984 1539 4038 Θάλασσαν
1596 3983 1690 4035 ούκ

107 4073 334 4133 ἐδειλίασε
363 4126 378 4148 ,
458 4085 648 4133 καίτοι
732 4081 1042 4151 μαινομένην
1077 4118 1091 4140 ,
1185 4073 1312 4126 ἀλλὰ
1405 4075 1690 4132 πιστεύσας

227 4165 441 4242 δυνάμει
531 4175 636 4221 τοῦ
709 4167 1081 4229 κελεύσαντος,
1166 4162 1452 4238 Θαρῥαλέως
1534 4159 1687 4220 ἐπέϐη

103 4263 188 4304 τῶν
247 4261 515 4330 κυμάτων,
575 4261 669 4309 καὶ
756 4255 909 4329 ὀρθὸς
979 4249 1192 4313 ἐϐάδιξε
1253 4273 1266 4285 ο

104 4338 154 4394 δὲ
227 4348 411 4418 μᾶλλον
486 4345 728 4420 ἐφοϐήθη
768 4390 784 4416 ,
871 4348 1073 4416 μήποτε
1147 4339 1430 4415 περιτρέψῃ
1515 4338 1688 4395 αὐτὸν.

99 4436 316 4488 Τοιούτον
386 4439 496 4510 ’γὰρ
574 4435 608 4493 ἠ
683 4432 977 4506 ἀνθρωπίνη
1057 4432 1231 4503 φύσις.
1310 4427 1561 4488 Πουάκις
1627 4429 1693 4480 τὰ

105 4523 281 4592 μεγάλα
324 4529 698 4601 κατορθοῦσα,
738 4522 926 4594 μᾶλλον
981 4519 1030 4572 ἔν
1083 4525 1189 4579 τοῖς
1234 4518 1499 4570 ἐλάττοσιν
1553 4516 1692 4588 ἐλέγ-

101 4630 258 4680 χεται.
313 4620 515 4669 Λοιπὸν
563 4610 655 4667 οὖν
709 4611 1081 4670 ἁσθενησάσης
1127 4616 1219 4668 τῆς
1278 4611 1525 4671 πίστεως,
1577 4605 1691 4677 μεθ’

102 4697 156 4759 ξς
208 4703 567 4777 κατετόλμησε
651 4709 747 4752 τῶν
827 4701 1104 4771 κυμάτων,
1160 4695 1353 4768 ἀφῆκεν
1431 4693 1584 4745 αὐτὸν
1655 4695 1685 4751 ἠ

106 4793 238 4860 χάρις
313 4793 506 4859 αὐτῆς,
567 4793 601 4848 ἡ
664 4789 993 4860 κουφίζουσα
1046 4782 1248 4853 τοῦτον,
1305 4789 1396 4837 καὶ
1446 4802 1690 4847 κατεπον-

1356 4253 1442 4302 τὸν
1508 4249 1690 4322 ἄνεμον

107 4876 264 4933 firm,

161 5110 347 5175 Εὐθέως
416 5141 493 5152 -
572 5106 860 5167 ἐδίστασας
910 5124 923 5174 ;
980 5113 1156 5159 Ταῦτα
1203 5101 1469 5166 ὀνειδίσας
1525 5103 1684 5174 αὐτῷ,

96 5195 282 5265 εδειξεν,
327 5203 411 5253 ὅτι
452 5200 570 5271 οὐχ
618 5200 648 5254 ἡ
684 5204 776 5248 τοῦ
818 5195 1006 5267 ἀνέμου
1049 5193 1145 5268 βία
1181 5201 1361 5247 τοῦτον
1391 5191 1683 5258 κατέϐαλεν,

154 5324 198 5361 ⁸⁸
232 5327 411 5384 lare.
453 5339 546 5393 vi,
592 5321 680 5376 48.

1805 469 2080 542 discipuli
2115 471 2406 531 ﬂuctuant
2441 492 2511 531 ac
2546 478 2953 548 periclitantur
2985 481 3138 538 sicut
3171 486 3227 538 et
3270 483 3451 554 prius.

1805 560 2022 614 Verum
2079 565 2218 616 tunc
2255 564 2501 635 quidem
2540 581 2679 622 cum
2719 576 2914 626 essent
2967 571 3454 642 imperfectiores.

1803 649 2009 704 aderat
2043 657 2098 705 et
2133 651 2258 723 ipse
2293 652 2371 708 ad
2404 655 2895 726 consolationem,
2937 675 3292 732 quanquam
3323 661 3458 717 dor—

1800 737 2027 795 miebat
2061 755 2074 805 ;
2106 755 2266 795 nunc
2298 757 2433 798 vero
2464 759 2602 799 cum
2627 744 2754 815 jam
2786 748 3176 818 profecissent
3204 749 3450 819 laberet.

1805 831 1866 883 ut
1913 843 2215 901 nusquam
2260 829 2547 888 habentes
2600 835 3071 892 consolationem
3127 838 3459 894 efﬁciantur

1803 916 2090 973 fortiores.

1876 1027 2034 1080 Vers.
2066 1029 2152 1080 25.
2209 1026 2439 1089 Quarta
2469 1059 2536 1068 -—
2579 1045 2762 1087 mare.
2807 1031 3036 1087 Marcus
3069 1038 3269 1088 autem
3317 1032 3460 1088 dixit

1805 1113 1971 1185 quod
2013 1113 2190 1169 etiam
2223 1114 2368 1170 vidit
2400 1132 2502 1173 eos
2543 1117 2884 1175 laborantes
2919 1121 2978 1175 in
3008 1120 3354 1190 remigando
3387 1123 3460 1160 “-

1804 1200 2068 1258 Joannes
2108 1218 2246 1258 vero
2275 1205 2436 1276 quod
2463 1207 2904 1278 remigaverant
2931 1208 3117 1265 ferme
3148 1209 3344 1265 stadia
3371 1208 3462 1264 vi-

1805 1291 1952 1361 ginti
1973 1292 2241 1364 quinque
2267 1297 2370 1350 aut
2390 1295 2644 1366 triginta.
2669 1296 2934 1353 Stadium
2956 1302 3157 1355 autem
3177 1298 3350 1354 locus
3375 1301 3462 1354 est

1805 1379 1927 1435 sive
1974 1397 2258 1438 mensura
2295 1387 2534 1440 centum
2565 1385 2866 1453 ulnarum,
2901 1402 3034 1458 quae
3066 1387 3212 1442 ulna
3259 1389 3457 1443 Graece

1805 1469 1994 1544 ὀργυιά
2040 1469 2337 1537 dicitur,et
2377 1476 2467 1528 est
2508 1489 2802 1529 manuum
2864 1490 3003 1530 cum
3033 1476 3284 1547 pectoris
3332 1475 3460 1531 lati-

1804 1557 2011 1615 tudine
2029 1560 2312 1628 extensio,
2330 1561 2638 1617 continens
2663 1579 2761 1617 sex
2784 1563 2986 1634 pedes.
3012 1563 3300 1630 Quartam
3322 1578 3455 1618 vero

1806 1648 1992 1704 noctis
2022 1648 2281 1719 vigiliam
2307 1650 2704 1707 nominabant
2735 1652 2988 1724 antiqui,
3022 1652 3117 1724 qui
3147 1653 3208 1707 in
3239 1652 3458 1708 exerci-

1572 1757 1694 1790 παι·
1730 1729 1960 1794 Btibus
2013 1744 2182 1794 nocte
2237 1739 2562 1808 vigilabant
2631 1746 2904 1812 quartam
2953 1741 3143 1797 noctis
3196 1745 3458 1812 partem-

1804 1831 2137 1898 postremas
2171 1827 2440 1883 videlicet
2462 1833 2579 1883 tres
2603 1829 2802 1885 horas.
2833 1830 3096 1886 Permisit
3127 1845 3268 1900 ergo
3299 1829 3461 1885 Chri-

1807 1920 1930 1970 stus
1959 1916 2284 1987 discipulos
2317 1917 2394 1972 ad
2424 1917 2485 1972 id
2517 1934 2706 1988 usque
2737 1924 2974 1990 tempus
3008 1919 3316 1984 ﬂuctuare,
3353 1917 3458 1973 do-

1805 2020 1946 2059 cens
1968 2009 2031 2060 ut
2054 2004 2232 2060 fortes
2259 2004 2586 2060 efﬁciamur
2606 2006 2683 2061 ad
2706 2007 2972 2078 pericula
2991 2023 3127 2079 quae
3148 2007 3461 2078 dispensa-

1806 2093 1953 2149 torie
1992 2093 2359 2149 inducuntur
2391 2111 2402 2149 :
2436 2110 2545 2149 nec
2575 2093 2810 2151 facilem
2842 2100 2942 2152 aut
2982 2097 3247 2151 velocem
3297 2111 3461 2168 quae—

1803 2200 2009 2240 ramus
2029 2182 2462 2239 liberationem.
2487 2185 2770 2240 Praeterea
2802 2190 2865 2241 ut
2890 2191 3141 2240 mortem
3168 2202 3291 2257 prae
3317 2201 3459 2240 ocu-

1804 2271 1876 2326 lis
1898 2271 2214 2338 habentes,
2248 2275 2302 2327 et
2327 2271 2405 2326 ab
2427 2287 2497 2327 ea
2521 2271 2870 2328 mirabiliter
2894 2271 3146 2338 liberati,
3177 2289 3460 2343 agnosce-

1803 2364 1932 2416 rent
1949 2362 2132 2415 Deum
2149 2375 2278 2415 esse
2296 2376 2456 2426 eum,
2472 2360 2573 2431 qui
2589 2378 2650 2416 se
2665 2366 2980 2418 servasset.
2999 2363 3278 2418 Nondum
3295 2361 3458 2418 enim

1805 2450 2120 2521 perfectam
2167 2448 2471 2504 habebant
2517 2450 2931 2506 certitudinem
2979 2467 2992 2517 ;
3042 2451 3176 2507 ideo
3221 2467 3460 2524 quoque

1803 2545 1938 2610 post
1991 2537 2400 2593 liberationem
2463 2537 2861 2595 adoraverunt
2917 2556 3056 2595 eum
3136 2540 3456 2597 dicentes:

1815 2627 1958 2683 Vere
1987 2627 2092 2682 Dei
2118 2626 2305 2682 Filius
2330 2643 2407 2683 es.

1877 2736 2035 2788 Vers.
2093 2738 2181 2790 26.
2240 2734 2318 2788 Et
2355 2763 2426 2775 —
2463 2733 2882 2789 clamauerunt.
2932 2733 3230 2790 Timorem
3252 2733 3357 2804 qui
3381 2733 3459 2790 ab

1808 2831 1985 2886 undis
2035 2835 2159 2886 erat
2197 2831 2411 2903 excipit
2448 2831 2594 2886 alter
2630 2829 2809 2886 timor
2849 2853 2860 2885 :
2904 2845 3014 2886 nec
3067 2830 3230 2886 hunc
3289 2830 3461 2887 solvit

1805 2919 1997 2976 donec
2036 2919 2464 2988 clamaverunt,
2505 2924 2569 2975 ut
2607 2925 3014 2975 exercerentur
3053 2917 3132 2975 ab
3183 2917 3460 2975 ferendas

1806 3010 2196 3068 tentationum
2224 3007 2652 3064 successiones.

1736 3093 1776 3148 (ἶ
1876 3120 2034 3173 Vers.
2060 3118 2146 3171 27.
2175 3116 2256 3170 Ac
2279 3115 2538 3184 protinus
2557 3145 2626 3154 —
2647 3115 2824 3171 nolite
2849 3116 3083 3172 terreri.
3113 3116 3264 3181 Quia
3287 3119 3460 3172 nocte

1804 3206 2183 3279 impediente,
2201 3220 2235 3259 a
2249 3218 2501 3275 persona
2513 3219 2650 3258 eum
2665 3217 3024 3271 cognoscere
3037 3205 3459 3276 nequiverunt.

1808 3297 1901 3352 sui
1937 3310 2098 3351 nunc
2131 3292 2417 3349 indicium
2457 3296 2602 3363 puta
2638 3306 2848 3346 vocem
2889 3292 2973 3346 eis
3011 3292 3258 3358 inducit,
3319 3309 3458 3364 quae

1805 3387 1938 3442 illos
1967 3389 2219 3454 utroque
2249 3381 2457 3436 timore
2486 3379 2780 3435 liberaret.

1877 3477 2036 3529 Vers.
2075 3476 2163 3528 28.
2195 3471 2571 3538 Respondens
2609 3499 2678 3510 —
2708 3471 2866 3524 Vers.
2911 3471 3000 3524 29.
3048 3469 3208 3525 Vem’.
3251 3471 3462 3526 Perve-

1805 3565 1930 3620 nire
1961 3563 2039 3618 ad
2089 3561 2255 3616 illum
2285 3575 2462 3630 super
2490 3573 2681 3629 aquas
2711 3560 2941 3630 quaerit,
2975 3562 3040 3613 ut
3068 3558 3212 3612 hinc
3247 3559 3461 3614 certior

1803 3653 2151 3715 efﬁceretur,
2191 3664 2268 3703 an
2314 3647 2440 3718 ipse
2485 3651 2644 3702 esset
2687 3645 2967 3701 Christus.
3010 3646 3212 3702 Potius
3254 3651 3459 3702 tamen

1802 3740 2141 3803 dicendum,
2173 3735 2339 3808 quod
2369 3751 2505 3790 cum
2536 3750 2742 3790 vocem
2775 3734 2903 3804 ejus
2933 3735 3316 3806 percepisset,
3365 3751 3460 3790 su-

1802 3846 1913 3903 pra
1958 3827 2208 3884 modum
2240 3825 2486 3896 gavisus
2516 3829 2603 3880 est
2632 3828 2689 3880 et
2716 3823 2968 3896 optabat
3014 3828 3150 3880 ante
3179 3824 3326 3881 alios
3379 3825 3459 3881 ad

1801 3934 1941 3974 eum
1980 3915 2280 3973 accedere.

1868 4027 2029 4080 Vers.
2057 4026 2146 4078 29.
2173 4022 2430 4093 Cumque
2458 4019 2838 4076 descendisset
2868 4050 2938 4061 —
2962 4020 3125 4076 Vers.
3154 4024 3243 4077 30.
3272 4022 3459 4078 Serva

1799 4129 1902 4170 me.
1934 4113 2089 4168 Mare
2118 4109 2363 4183 quidem
2394 4124 2516 4165 non
2559 4109 2774 4177 timuit,
2807 4124 3163 4181 quanquam
3192 4109 3413 4164 fureret
3437 4126 3453 4174 ;

1720 4227 1767 4281 D
1801 4202 1906 4258 sed
1935 4201 2010 4256 de
2036 4199 2294 4272 jubentis
2325 4197 2590 4270 potentia
2619 4196 2899 4263 conﬁsus,
2931 4197 3212 4281 audacter
3242 4198 3454 4252 ambu-

1799 4287 1964 4343 labat
2005 4298 2183 4354 super
2230 4298 2442 4354 aquas,
2489 4285 2546 4336 et
2587 4284 2742 4336 recte
2799 4280 3221 4348 gradiebatur:
3275 4283 3454 4334 vento

1801 4380 2000 4432 autem
2049 4372 2243 4442 magis
2292 4369 2526 4426 territus
2578 4373 2685 4434 est,
2717 4383 2792 4422 ne
2821 4367 2969 4422 forte
2999 4366 3454 4437 circumagendo

1802 4480 1938 4520 eum
1970 4464 2279 4520 everteret.
2322 4456 2676 4528 Hujusmodi
2720 4455 2880 4511 enim
2914 4459 3004 4511 est
3031 4455 3301 4511 humana
3352 4471 3455 4512 na-

1803 4563 1953 4618 tura,
2018 4555 2082 4607 ut
2141 4550 2492 4622 plerumque
2552 4546 2610 4600 in
2669 4545 2906 4614 magnis
2965 4548 3122 4600 recte
3163 4560 3224 4600 se
3265 4551 3452 4615 gerat,

1801 4643 1994 4712 magis
2015 4645 2215 4698 autem
2237 4636 2624 4694 convincatur
2638 4634 3100 4707 reprehensione
3118 4634 3304 4704 digna
3325 4652 3453 4692 esse

1798 4733 1859 4788 in
1892 4729 2236 4795 minoribus,
2263 4728 2644 4798 Consequens
2674 4724 2874 4796 itaque
2905 4728 3014 4792 est,
3049 4727 3107 4778 ut
3155 4723 3454 4781 debilitata

1798 4820 1938 4886 ﬁde,
1968 4835 2072 4892 per
2097 4833 2281 4889 quam
2314 4819 2518 4870 contra
2545 4812 2758 4869 ﬂuctus
2779 4812 3096 4868 audentior
3125 4819 3269 4880 erat,
3298 4813 3453 4870 illius

1799 4909 2207 4965 destitueretur
2237 4904 2446 4978 gratia,
2481 4919 2607 4975 qua:
2654 4902 2847 4958 levem
2894 4902 3095 4975 ipsum
3143 4901 3450 4969 efﬁciebat,

1798 4999 1858 5050 et
1885 4994 2345 5062 demergeretur.

1870 5099 2032 5166 Vers,
2064 5099 2155 5154 3t.
2182 5096 2255 5151 Et
2283 5094 2560 5151 continuo
2588 5122 2658 5134 —
2689 5091 2976 5149 hwsz'tasti
3015 5090 3043 5145 ‘I
3075 5089 3207 5146 Haec
3236 5090 3452 5162 impro-

1796 5204 2013 5263 perans
2059 5183 2335 5255 ostendit,
2379 5180 2542 5252 quod
2571 5196 2941 5253 nequaquam
2970 5178 3128 5234 venti
3176 5177 3448 5234 violentia

1289 5445 1514 5514 Varia;
1559 5441 1890 5512 lectiones
1935 5416 2006 5505 ᾗ
2045 5444 2245 5503 notae.

153 5639 260 5707 (es)
285 5639 476 5708 φάεος,
499 5634 676 5694 addit
693 5637 759 5690 A.

1875 5615 1987 5696 (φο)
2013 5608 2139 5684 Ἐως
2162 5620 2312 5688 οὗμὶδ
