3906 6202
366 241 470 297 439

365 367 533 421 illum
572 362 905 434 dejiciebat,
944 359 1044 415 sed
1087 359 1305 428 exigua
1342 358 1585 421 ﬁducia,
1626 358 1741 412 hoc
1782 360 1868 411 est
1921 355 2014 410 in-
2046 356 2095 408 A
2127 354 2234 406 ἀλλ’

366 454 617 509 ﬁrmitas
658 452 832 506 dictas
870 449 1026 503 ﬁdei.
1066 448 1305 518 Exigum
1346 462 1486 515 ergo
1526 446 1663 500 fidei
1704 444 2011 499 hominem

362 543 531 599 illum
562 538 891 611 appellavit,
950 542 1008 591 ut
1038 536 1135 607 qui
1168 539 1407 591 ventum
1441 535 1676 596 timens,
1729 548 2010 601 magnam

359 634 487 703 ejus
515 635 738 701 partem
770 626 1100 697 abjecisset.
1137 626 1279 679 Dicit
1306 625 1504 696 itaque
1536 623 1621 679 illi
1652 646 1662 678 :
1697 624 1817 677 Cur
1846 622 2012 677 ἠιτξεί-

362 722 500 776 tasti
527 719 554 771 ?
585 718 725 784 sive,
758 732 942 787 quare
971 715 1228 786 primum
1257 714 1535 767 ﬁduciam
1568 712 1819 777 habens,
1854 715 2010 781 post-

359 808 601 865 modum
625 804 912 861 timuisti?
936 804 1000 859 Id
1023 803 1180 859 enim
1206 802 1523 874 appellavit
1548 802 2007 856 haesitationem.

360 902 506 953 Nam
538 897 641 968 qui
670 900 875 949 contra
905 894 1119 948 ﬂuctus
1152 897 1206 946 te
1231 892 1444 946 fortem
1473 891 1777 953 reddebat,
1811 890 2009 960 utique

360 990 415 1042 et
440 990 646 1041 contra
670 987 917 1039 ventum
945 986 997 1037 te
1022 981 1235 1037 fortem
1262 978 1627 1037 reddidisset.

428 1236 589 1289 Vers.
622 1233 709 1289 32.
744 1230 1008 1301 Cumque
1036 1234 1223 1285 essent
1250 1226 1495 1298 ingressi
1520 1258 1587 1266 —
1619 1229 1846 1281 ventus.
1884 1226 2008 1280 Non

359 1322 561 1378 statim
599 1320 799 1376 navim
830 1318 1250 1381 ascenderunt,
1286 1316 1393 1371 sed
1422 1319 1597 1370 vento
1627 1314 2009 1369 vehementer

356 1414 622 1480 urgente,
655 1409 836 1477 longo
868 1408 1062 1463 adhuc
1089 1406 1280 1477 spatio
1311 1405 1773 1460 ambulaverunt
1821 1406 1881 1457 ut
1912 1404 2009 1456 Pe-

354 1503 479 1555 trus
523 1496 738 1553 certior
779 1496 1141 1561 redderetur,
1188 1499 1243 1549 et
1273 1494 1342 1548 de
1378 1509 1487 1548 sua
1529 1492 1742 1561 exigua
1787 1490 2008 1546 ﬁducia
2040 1491 2077 1543 Β

354 1587 821 1642 convinceretur.
857 1583 1179 1639 Dicitenim
1208 1584 1468 1638 Joannes
1493 1581 1657 1652 quod
1692 1580 2009 1635 voluerunt

353 1691 491 1730 eum
522 1689 755 1729 sumere
785 1675 844 1728 in
876 1673 1097 1735 navim,
1130 1676 1182 1726 et
1208 1670 1363 1726 illico
1388 1669 1561 1725 navis
1591 1668 1818 1740 appulit
1843 1673 2007 1723 terrae

352 1765 430 1821 ad
489 1780 673 1836 quam
732 1762 919 1817 ibant.
982 1764 1046 1816 Et
1083 1761 1217 1815 inde
1275 1758 1660 1814 manifestum
1719 1762 1805 1812 est
1843 1756 2008 1828 quod

352 1868 490 1909 cum
529 1851 701 1907 navis
742 1854 907 1905 terra:
945 1848 1223 1921 proxima
1260 1851 1431 1913 esset,
1490 1850 1617 1901 tum
1668 1845 1909 1900 demum
1948 1846 2007 1900 in

351 1956 485 1997 eam
518 1942 903 1995 intraverunt.

420 2047 586 2101 Vers.
630 2046 719 2099 33.
767 2045 1050 2099 therum
1099 2041 1203 2113 qui
1244 2071 1313 2083 —-
1356 2056 1428 2096 es.
1476 2041 1732 2097 Miraculi
1782 2040 2009 2110 magni-

350 2136 489 2192 tudo
509 2133 917 2206 perfectiorem
937 2132 1020 2187 eis
1059 2129 1287 2185 induxit
1305 2129 1510 2185 ﬁdem.
1536 2132 1687 2185 Mare
1710 2130 2007 2200 siquidem

349 2223 657 2295 increpare
684 2222 887 2277 minus
911 2224 1019 2285 est,
1048 2235 1235 2290 quam
1266 2234 1446 2289 super
1476 2217 1620 2272 illud
1651 2217 1963 2273 ambulare
1991 2238 2003 2277 :

348 2328 459 2369 nec
505 2311 697 2367 solum
747 2325 885 2365 eum
923 2324 1093 2380 super
1140 2306 1287 2362 illud
1317 2306 1645 2371 ambulare,
1681 2306 1777 2360 sed
1828 2307 2006 2362 etiam

348 2401 541 2457 facere
600 2400 741 2455 illud
806 2414 943 2453 cum
1002 2398 1153 2452 venti
1213 2395 1491 2451 violentia
1530 2395 1865 2466 impetuose
1904 2396 2009 2451 ﬂa-

347 2494 456 2555 ret,
515 2504 586 2545 ac
653 2504 814 2543 mare
876 2502 911 2541 a
992 2501 1102 2539 suo
1165 2489 1318 2540 statu
1396 2483 1818 2550 submoveret;
1903 2486 2007 2540 sed

349 2594 604 2650 praesens
641 2577 885 2650 quidem
924 2573 1289 2643 evangelista
1343 2572 1479 2628 dicit
1518 2573 1680 2644 quod
1740 2589 2007 2628 commu-

349 2668 500 2724 niter
555 2681 767 2722 omnes
823 2663 1078 2720 confessi
1136 2666 1275 2718 sunt
1313 2677 1441 2717 esse
1495 2662 1700 2733 ipsum
1764 2663 1860 2717 Dei
1927 2663 2007 2719 Fi-

350 2757 519 2813 lium.

423 2866 651 2919 Marcus
683 2864 882 2917 autem
908 2858 1077 2924 dixit,
1106 2856 1271 2929 quod
1300 2856 1578 2912 admirati
1607 2862 1766 2923 sunt,
1796 2874 2007 2914 verum

351 2967 477 3008 non
507 2950 936 3007 intellexerunt.
967 2947 1058 3003 Ait
1087 2946 1244 3002 enim
1280 2963 1292 3000 :
1326 2947 1401 3001 Ει
1434 2946 1794 3002 vehementer
1824 2963 2009 3018 supra

356 3040 593 3096 modum
625 3040 786 3094 intra
818 3052 936 3093 sese
965 3036 1276 3106 stupebant
1306 3041 1359 3090 et
1390 3034 1832 3090 admirabantur
1865 3054 1877 3091 :
1911 3054 2009 3093 ne-

356 3144 469 3201 que
497 3129 651 3185 enim
677 3126 1099 3183 intellexerunt
1126 3124 1198 3179 de
1224 3124 1467 3192 panibus
1492 3141 1509 3186 ;
1535 3140 1663 3178 nam
1689 3140 1786 3179 cor
1810 3141 2011 3183 eorum

357 3218 705 3274 obcaecatum
725 3220 848 3271 erat
881 3217 947 3268 ‘7.
984 3216 1080 3269 Est
1109 3218 1305 3269 autem
1340 3227 1549 3267 sensus
1580 3213 1877 3269 dictorum
1908 3215 2013 3270 hu-

356 3305 643 3378 jusmodi,
687 3304 846 3377 quod
876 3319 1061 3375 supra
1091 3301 1344 3358 modum
1373 3300 1827 3357 admirabantur
1873 3320 2012 3359 eum

360 3396 538 3451 veluti
579 3394 888 3451 hominem
932 3393 1032 3465 qui
1079 3392 1217 3447 talia
1265 3395 1485 3463 posset,
1538 3408 1720 3462 quum
1753 3394 2014 3450 maxime

361 3485 530 3541 illum
562 3484 810 3540 adorare
866 3482 1240 3554 oportuisset,
1288 3486 1573 3550 tanquam
1605 3483 1790 3536 Deum
1819 3483 2016 3539 omnia

361 3578 686 3647 potentem.
741 3570 952 3625 Volens
997 3574 1196 3624 autem
1246 3569 1556 3622 ostendere
1610 3571 1769 3639 quod
1822 3588 2015 3643 neque

363 3662 428 3717 in
458 3659 743 3731 praedicto
772 3672 1000 3729 panum
1038 3655 1326 3710 miraculo
1375 3672 1438 3709 se
1490 3658 1912 3714 convertissent
1943 3662 2015 3715 ad

1664 230 2015 288 EUTHYMII
2057 227 2383 286 ZIGABENI

3623 225 3732 280 440

2316 356 2345 411 η
2429 353 2782 425 ὀλιγοπιστία,
2842 356 3142 422 τουτέστιν,
3205 371 3235 409 η
3332 349 3576 402 ἀσθένεια
3635 358 3733 409 τῆς

2122 445 2371 517 ῥηθείσης
2450 447 2690 502 πίστεως.
2766 440 3130 512 Ὀλιγόπιστον
3208 437 3296 492 οὖν
3366 440 3524 491 αὐτὸν
3616 438 3732 490 ἐκά-

2123 532 2283 599 λεσεν,
2344 539 2407 592 ὡς
2464 530 2789 583 ἀποϐαλόντα
2859 530 2987 581 πολύ
3040 550 3088 583 τι
3158 530 3268 599 (71)
3326 534 3481 601 μέρος
3563 528 3729 588 αὐτῆς

2123 620 2170 672 ἐν
2228 630 2298 691 τῷ
2359 620 2647 692 φοϐηθῆναι
2714 624 2797 672 τὸν
2852 619 3051 691 ἄνεμον.
3112 624 3265 687 Λέγει
3317 625 3486 670 τοίνυν
3557 617 3723 685 αὐτῷ·

3111 704 3256 760 διατί
3344 716 3547 781 πρῶτον
3630 709 3725 777 μὲν

2123 715 2267 762 Διατί
2349 707 2694 774 ἐδίστασας;
2791 713 2950 779 ἤγουν
3001 750 3012 772 ,

2122 798 2461 872 ἐθάρρησας,
2544 799 2756 869 ὕστερον
2840 794 2898 849 δὲ
2983 793 3327 859 eduilius-aq;
3395 802 3561 847 Τοῦτο
3613 797 3721 865 γὰρ

2120 892 2354 959 ὠνόμασε
2414 885 2731 959 δισταγμὸν.
2814 886 2873 940 Ὁ
2946 889 3045 958 γὰρ
3121 886 3377 957 ἐνισχύων
3448 903 3505 935 σε
3582 886 3728 934 κατὰ

2119 986 2217 1029 τῶν
2294 979 2536 1048 κυμάτων
2617 976 2893 1048 ἐνίσχυσεν
2960 977 3021 1027 ἄν
3120 994 3175 1028 σε
3246 978 3335 1026 καὶ
3412 974 3549 1025 κατὰ
3623 979 3726 1023 τοῦ

2119 1064 2327 1137 ἀνέμου.

2191 1158 2293 1206 Καὶ
2376 1152 2634 1225 ἐμϐάντων
2687 1183 2758 1193 -
2821 1153 3020 1225 ἄνεμος.
3082 1151 3193 1203 Οὐκ
3252 1151 3398 1212 εὐθὺς
3470 1148 3726 1207 ἐνέϐησαν

2120 1242 2192 1303 εἰς
2232 1245 2290 1293 τὸ
2338 1241 2534 1309 πλοῖον,
2562 1240 2692 1292 ἀλλὰ
2737 1245 2843 1311 καὶ,
2895 1247 2984 1293 τοῦ
3030 1239 3216 1310 ἀνέμου
3272 1236 3511 1312 σφοδρῶς
3550 1237 3725 1309 ἐγκει-

2118 1334 2291 1403 μένου,
2370 1330 2498 1382 πολὺ
2587 1326 2863 1401 διάστημα
2949 1331 3334 1404 περιεπάτησαν
3418 1330 3515 1394 ἔτι,
3591 1331 3729 1399 πρὸς

2117 1418 2471 1492 πληροφορίαν
2530 1426 2620 1470 τοῦ
2673 1423 2889 1492 Πέτρου,
2930 1422 3020 1469 καί
3069 1417 3281 1488 ἢεγχον
3340 1424 3435 1476 τῆς
3489 1415 3731 1485 ὀλιγοπι-

2120 1514 2271 1569 στίας
2300 1508 2478 1562 αὑτοῦ.
2523 1512 2660 1565 Φησὶ
2691 1511 2791 1580 γὰρ
2824 1510 2847 1558 ὁ
2898 1509 3155 1574 Ἰωάννης,
3204 1508 3284 1557 ὄτί
3322 1505 3501 1563 ἤθελον
3546 1504 3729 1556 λαϐεῖν

2118 1597 2272 1649 αὐτὸν
2328 1597 2399 1656 εἰς
2449 1600 2505 1648 τὸ
2555 1596 2748 1661 πλοῖον,
2805 1601 2894 1647 καὶ
2954 1597 3131 1656 ευθέως
3189 1599 3244 1647 τὸ
3292 1594 3467 1646 πλοῖον
3524 1592 3724 1663 ἐγένετο

2118 1686 2201 1737 ἐπὶ
2245 1690 2337 1743 τὴν
2376 1694 2475 1756 γῆν
2519 1685 2654 1755 (72),
2689 1690 2755 1745 εὶς
2802 1686 2863 1743 ἣν
2912 1687 3132 1755 ὑπῆγον,
3170 1682 3448 1736 Κάντεῦθεν
3481 1688 3716 1757 φανερὸν,

2118 1776 2216 1845 ὅτι,
2272 1774 2493 1832 πλησίον
2556 1782 2649 1836 τῆς
2709 1780 2805 1844 ’γῆς
2860 1778 3130 1846 γενομένου
3197 1780 3287 1825 τοῦ
3348 1772 3554 1841 πλοίου,
3604 1777 3721 1825 τότε

2116 1863 2291 1916 λοιπὸν
2314 1862 2560 1920 ἐνέϐησαν
2588 1863 2654 1923 εἰς
2681 1862 2827 1917 αὐτό.

2190 1956 2255 2005 Οἱ
2307 1949 2365 2005 δὲ
2422 1984 2489 1991 -
2545 1949 2604 2005 εἴ.
2664 1955 2733 2004 Τὸ
2800 1953 3014 2024 μέγεθος
3072 1957 3162 2003 τοῦ
3221 1952 3482 2022 θαύματος
3535 1951 3723 2003 τελειο-

2116 2045 2265 2115 τέραν
2328 2044 2501 2100 αὐτοῖς
2559 2045 2645 2098 τὴν
2710 2045 2890 2092 πίστιν
2954 2038 3176 2098 ἐνέθηκε.
3248 2046 3350 2091 Τοῦ
3426 2043 3529 2111 γὰρ
3612 2041 3723 2101 ἑπι-

2116 2135 2270 2202 τιμᾲν
2328 2138 2389 2202 τῇ
2460 2128 2698 2200 θαλάσσῃ
2758 2129 2934 2201 μεῖζον
3000 2133 3058 2181 τὸ
3110 2135 3409 2201 περιπατεῖν
3476 2128 3552 2180 επ’
3620 2129 3721 2179 αῦ-

3416 2216 3547 2269 ἁλλά
3632 2223 3722 2268 καὶ

2119 2307 2270 2379 ἑτέρῳ
2323 2314 2475 2359 τοῦτο
2526 2308 2871 2380 χαρίζεσθαιο
2928 2312 3016 2359 καὶ
3065 2311 3135 2379 μὴ
3170 2314 3333 2358 ταῦτα
3365 2311 3543 2378 μόνον,
3590 2305 3723 2357 ἀλλὰ

2116 2226 2226 2283 τῆς,
2279 2223 2368 2270 καὶ
2438 2223 2509 2291 μὴ
2599 2223 2750 2291 μόνον
2809 2218 2959 2271 αὐτὸν
3024 2225 3340 2290 περιπατεῖν,

2117 2402 2204 2447 καὶ
2255 2394 2379 2467 βίας
2422 2398 2609 2467 ἀνέμου
2655 2397 3090 2467 καταιγιζουσης,
3123 2400 3210 2447 καὶ
3244 2394 3725 2467 ἀναμοχλευούσης

2117 2488 2211 2542 τὴν
2286 2484 2573 2538 θάλασσαν.
2637 2484 2768 2537 Ἀλλ’
2828 2486 2852 2536 ὁ
2922 2489 3011 2556 μέν
3087 2489 3262 2559 παρὼν
3343 2484 3729 2555 εὐαγγέλια-τὴς

2119 2593 2298 2645 φησιν,
2340 2577 2419 2626 ὅτι
2456 2582 2599 2646 κοινῇ
2650 2577 2830 2634 πάντες
2871 2573 3213 2646 ὡμολόγησαν
3253 2575 3386 2627 Θεοῦ
3434 2574 3552 2626 Υἰὸν
3584 2571 3725 2626 εἶναι

2118 2681 2292 2715 αυτον.

2187 2855 2245 2906 Ὀ
2302 2851 2361 2907 δὲ
2434 2858 2645 2928 Μάρκος
2698 2854 2877 2925 εἶπεν,
2940 2856 3019 2907 ὅτι
3072 2854 3370 2927 ἐθαύμασαν
3563 2898 3576 2923 ,
3663 2858 3726 2907 οὗ

2122 2952 2350 3003 συνῆκαν
2421 2941 2498 2995 δέ’
2553 2944 2685 3015 λέγει
2736 2947 2859 3018 γὰρ,
2902 2946 2981 2996 ὅτι
3030 2949 3131 2997 Καὶ
3181 2944 3293 2995 λίαν
3354 2943 3409 2996 ἐκ
3458 2953 3728 3018 περισσοῦ

2120 3031 2167 3084 ἐν
2234 3032 2437 3094 ἑαυτοῖς
2516 3031 2825 3098 ἐξίσταντο,
2914 3038 3003 3085 καὶ
3058 3033 3388 3105 ἐθαύμαζον·
3482 3034 3543 3086 οὗ
3620 3038 3727 3106 γὰρ

2123 3130 2350 3181 συνῆκαν
2405 3120 2487 3174 ἐπὶ
2537 3129 2642 3182 τοῖς
2710 3123 2902 3194 οἰρτοις·
2956 3118 3017 3180 ἧν
3090 3126 3187 3194 γὰρ
3244 3122 3412 3174 αὐτῶν
3478 3124 3509 3180 ἡ
3600 3143 3731 3196 καρ-

2123 3207 2217 3263 δία
2285 3214 2653 3283 πεπωρωμένη.
2730 3209 2882 3264 Ἐστι
2959 3207 3017 3263 δὲ
3093 3212 3118 3262 ὁ
3191 3219 3308 3273 νοῦς
3379 3220 3478 3263 τῶν
3550 3213 3731 3285 ῥητῶν

2121 3308 2373 3365 τοιοῦτος,
2424 3301 2503 3351 ὅτι
2550 3298 3044 3372 ὑπερεξεπληττοντο
3100 3299 3274 3366 αὐτὸν,
3324 3303 3390 3362 ὡς
3450 3303 3730 3375 ἄνθρωπον

2121 3397 2339 3441 τοιαῦτα
2410 3385 2710 3459 δυνάμενον*
2773 3384 2886 3440 δέον
2951 3388 3065 3459 (73)
3134 3388 3366 3455 μάλιστα
3411 3400 3732 3464 προσκυνεῖν

2123 3478 2298 3544 αὑτὸν,
2331 3480 2397 3538 ὡς
2424 3480 2550 3529 Θεὸν
2594 3479 2765 3529 πάντα
2808 3473 3110 3549 δυνάμενον.
3145 3478 3400 3550 Ἐμφῆναι
3439 3475 3500 3531 δὲ
3547 3479 3729 3547 θέλων,

2124 3569 2203 3619 ὅτι
2253 3562 2367 3618 οὐδ’
2412 3565 2496 3617 ἐπί
2548 3573 2609 3638 τῇ
2660 3565 2993 3639 προλαϐούση
3044 3568 3438 3641 θαυματουργία
3490 3578 3592 3619 τῶν
3642 3573 3738 3643 ἀρ-

2125 3663 2224 3705 τών
2274 3656 2558 3727 μετέμαθον
2607 3659 2665 3707 τὸ
2712 3652 2845 3720 δέον,
2875 3658 3213 3729 προσέθηκεν,
3250 3659 3328 3709 ὅτι
3384 3656 3443 3708 οὗ
3497 3666 3737 3715 συνῆκαν

364 3749 427 3805 id
456 3746 621 3819 quod
651 3745 924 3817 oportuit,
959 3744 1190 3800 addidit
1216 3743 1382 3814 quod
1432 3758 1554 3797 non
1608 3745 2017 3807 intellexerunt

2130 3739 2251 3795 οὐδε
2280 3743 2390 3815 (74)
2423 3742 2505 3795 ἐπὶ
2534 3751 2643 3806 τοῖς
2692 3744 2892 3817 ἄρτοιςο
2932 3745 3192 3816 Ἐπήγαογε
3218 3742 3276 3798 δε
3304 3751 3392 3797 καὶ
3415 3751 3511 3803 τὴν
3554 3752 3737 3799 αἰτίαν

366 3851 563 3907 neque
589 3834 660 3889 de
686 3833 969 3904 panibus.
999 3831 1258 3887 Adduxit
1280 3835 1479 3886 autem
1507 3848 1749 3890 causam
1776 3854 1879 3892 cur
1899 3856 2018 3895 non

370 3922 804 3988 intellexerunt,
845 3920 1105 3976 dicens:
1158 3920 1310 3976 Erat
1366 3935 1463 3975 cor
1509 3936 1705 3979 eorum
1766 3927 2018 3985 obcaeca-

373 4019 509 4069 tuna

443 4120 563 4173 Nos
612 4121 813 4173 tamen
852 4115 1108 4171 dicimus
1164 4115 1329 4186 quod
1395 4117 1571 4172 simul
1611 4123 1668 4175 ut
1724 4121 2025 4191 ingressus

376 4214 467 4265 est
492 4207 692 4263 navim
714 4205 909 4269 Jesus,
937 4204 1312 4273 contigerunt
1336 4220 1407 4261 ea
1432 4222 1565 4279 quae
1588 4207 1737 4265 dixit
1763 4214 1982 4270 Marcus
2010 4234 2023 4282 ;

376 4296 590 4354 deinde
643 4294 936 4350 dissoluta
965 4293 1243 4361 caecitate,
1276 4294 1428 4350 facta
1457 4301 1595 4353 sunt
1624 4314 1694 4355 ea
1722 4318 1856 4373 quae
1887 4305 2027 4359 scri-

376 4388 493 4459 psit
542 4384 870 4440 Matthreus.
927 4383 1083 4439 Scire
1130 4382 1291 4438 enim
1335 4390 1582 4456 oportet,
1635 4390 1798 4460 quod
1852 4392 2031 4447 inter-

377 4477 525 4531 dum
556 4472 801 4546 quidem
833 4472 1145 4529 tenebatur
1170 4490 1271 4530 cor
1299 4474 1751 4547 discipulorum,
1789 4496 1895 4536 nec
1926 4498 2027 4553 po-

380 4567 573 4618 terant
603 4561 928 4631 intelligere
963 4578 973 4615 :
1008 4563 1372 4635 quandoque
1407 4581 1543 4621 vero
1578 4568 1921 4624 solvebatur
1976 4577 2031 4628 et

381 4650 784 4721 intelligebant
824 4668 838 4717 ;
881 4657 1198 4723 utrumque
1238 4657 1437 4709 autem
1477 4654 1680 4713 divina
1719 4658 2029 4729 dispensa-

379 4739 539 4796 tione
578 4740 981 4810 contingebat.
1016 4741 1081 4795 Et
1108 4756 1219 4795 nos
1250 4756 1392 4811 ergo
1422 4758 1561 4799 cum
1605 4746 1871 4819 demergi
1925 4766 2032 4803 coe-

380 4829 647 4903 perimus
676 4832 1021 4899 tempestate
1048 4829 1561 4900 perturbationum
1593 4835 1799 4901 animi,
1828 4837 1853 4890 J
1864 4856 2031 4897 esum

457 4982 500 5015 ‘7
537 4980 715 5036 Marc.
740 4995 816 5045 vn,
848 4979 938 5035 51.

2130 3840 2221 3883 τοῦ
2276 3838 2347 3905 μή
2401 3837 2642 3899 συνιέναι,
2699 3834 2934 3906 εἰρηκὼς,
2976 3833 3057 3885 ὅτι
3101 3834 3195 3886 Ἦν
3239 3837 3269 3892 ἠ
3320 3832 3519 3908 καρδία
3562 3837 3743 3888 αὐτῶν

2132 3925 2502 3996 πεπωρωμένη.

2208 4137 2435 4205 Λέγομεν
2480 4129 2539 4186 δὲ
2590 4135 2760 4206 ἡμεῖς,
2806 4136 2882 4187 ὅτι
2950 4133 3059 4207 ἅμα
3124 4137 3213 4207 μὲν
3258 4144 3330 4207 τῷ
3389 4136 3619 4209 ἐμϐῆναι
3676 4142 3751 4201 εἰς

2138 4226 2194 4273 τό
2266 4222 2441 4273 πλοῖον
2519 4226 2605 4274 τὸν
2657 4221 2883 4292 Ἰησοῦν,
2944 4224 3255 4293 συνέϐησαν,
3311 4226 3440 4299 οἷπερ
3520 4224 3669 4281 εἶπεν
3727 4233 3754 4281 ὁ

2136 4311 2383 4383 Μάρκος·
2463 4308 2575 4363 εἶτα
2650 4311 2897 4373 λυθείσης
2978 4320 3071 4374 τῆς
3145 4319 3433 4387 πωρώσεως
3467 4359 3480 4381 ,
3557 4316 3755 4370 λοιπὸν

2136 4399 2434 4470 γεγόνασιν,
2479 4400 2607 4471 οἷπερ
2666 4400 2938 4473 ἱστόρησεν
3010 4402 3035 4452 ὁ
3113 4405 3398 4465 Ματθαῖος.
3458 4409 3580 4479 Χρὴ
3644 4410 3753 4481 γὰρ

2136 4507 2431 4559 γινωσκειν,
2493 4489 2572 4540 ὄτι
2614 4492 2736 4541 ποτε
2807 4492 2896 4561 μὲν
2956 4488 3217 4565 ἐκρατεῖτο
3279 4493 3305 4549 ὁ
3378 4489 3579 4563 καρδία
3649 4506 3757 4548 τῶν

2138 4579 2403 4650 μαθητῶν,
2436 4581 2525 4628 καὶ
2579 4577 2673 4628 οὐκ
2722 4574 2978 4635 ἠδύναντο
3042 4584 3287 4651 συνιέναι,
3336 4584 3459 4633 ποτε
3496 4579 3558 4633 δὲ
3621 4588 3757 4638 απε-

2141 4669 2307 4734 λύετο,
2362 4670 2450 4716 καὶ
2529 4670 2791 4718 συνίεσαν.
2840 4665 3105 4742 Ἑκάτερον
3168 4664 3226 4720 δὲ
3290 4669 3556 4723 συνέϐαινε
3610 4678 3755 4725 κατά

2144 4758 2399 4827 θειοτέραν
2483 4755 2830 4826 οἰκονομίαν.
2918 4758 3022 4811 Καὶ
3094 4759 3244 4829 ἡμεῖς
3314 4763 3532 4823 τοίνυν,
3621 4763 3759 4814 ὅταν

2143 4844 2429 4918 ἀρχώμεθα
2482 4845 2954 4905 καταποντίζεσθαι
3023 4854 3094 4916 τῷ
3163 4844 3391 4900 κλύδωνι
3468 4856 3569 4901 τῶν
3642 4870 3765 4905 πα-

1581 5137 1804 5207 Variee
1856 5140 2183 5213 lectiones
2238 5155 2302 5214 et
2340 5155 2540 5215 notaz.

458 5276 569 5419 £71)
598 5275 709 5331 Pro
737 5274 866 5327 πολύ
897 5293 968 5339 τι,
1001 5274 1045 5328 Α
1069 5274 1251 5331 habet
1273 5275 1576 5350 πολύτιμον.

482 5350 570 5411 72)
601 5346 772 5417 Apud
802 5348 1091 5419 Joannem
1125 5352 1250 5419 est,
1288 5346 1370 5401 ἐπὶ
1414 5358 1510 5413 τῆς
1560 5372 1576 5419 ς

482 5346 570 5411 72)
601 5346 772 5427 Apud
802 5348 1092 5426 Joannem
1145 5352 1250 5412 est,
1288 5346 1370 5401 ἐπὶ
1414 5346 1510 5413 τῆς
1560 5359 1675 5423 γῆς,
1733 5358 2036 5425 quomodo

482 5435 567 5473 im
615 5434 671 5471 in
705 5421 985 5471 contextu
1015 5417 1097 5471 ibi
1124 5416 1307 5473 habet
1352 5422 1721 5482 Euthymius.
1782 5413 2036 5482 Oﬁendit

1874 5430 2037 5487 endit
2098 5437 2106 5447 ‘

388 5416 567 5493 etiam
615 5416 674 5493 in
705 5421 985 5471 contextu
1015 5416 1307 5493 ibi_hab_et
1352 5416 1721 5493 Euthymius.

389 5488 1085 5569 etiamnghrysostorn‘us
1109 5488 1189 5569 in,
1233 5488 1443 5569 έπῖτῆς
1479 5488 1596 5564 γ’ῆς.
1642 5498 1861 5569 Semel,
1892 5515 2033 5569 ergo

389 5568 533 5617 tom.
579 5560 688 5624 VII,
733 5558 790 5631 p.
825 5564 924 5613 515
968 5558 1028 5629 C,
1070 5559 1252 5617 habet
1289 5561 1360 5624 εἰς
1388 5558 1635 5637 τῆν’γὴν.
1678 5568 1888 5634 Semel,
1933 5558 2032 5626 ubi

2147 5288 2287 5378 data
2312 5303 2489 5375 opera
2522 5288 2793 5361 explicat,
2829 5293 2975 5346 tom.
3007 5291 3122 5361 VII,
3148 5306 3207 5364 p.
3238 5293 3343 5349 255
3374 5292 3438 5351 C.
3471 5294 3630 5369 ἔγγὺς
3658 5308 3775 5361 τες

2145 5380 2208 5430 γη
2225 5381 2244 5420 ς
2265 5379 2477 5430 εγενετο.

2217 5432 2330 5495 (73)
2359 5435 2438 5495 Δέ,
2481 5430 2649 5486 addit
2680 5432 2747 5486 A.

2217 5436 2305 5493 (73
2359 5435 2438 5495 Δέ,
2481 5432 2649 5486 addit
2680 5432 2747 5486 A.

2216 5432 2330 5573 (ηιξ
2360 5498 2519 5568 Οὐδὲ,
2551 5501 2719 5558 abest
2754 5508 2820 5558 A.
