3906 6202
154 252 229 308 44(
1033 244 1398 301 COMMENT.
1441 245 1514 301 IN
1553 246 1996 304 MATTH/EUM.
2037 275 2104 290 —
2144 247 2297 303 CAP.
2342 251 2461 303 XV.

159 376 274 441 ϐῶν,
337 367 722 439 ἐπικαλεσὼμεεα
805 371 889 420 τὸν
944 373 1145 426 Ἰησοῦν
1208 411 1220 435 ,

155 458 284 513 δώσει
337 462 406 509 καὶ
457 458 572 528 ἡμῖν
656 464 818 530 χεῖρα

151 553 274 621 ἡμᾶς

897 456 1161 529 βοηθείας,
1225 462 1313 509 καὶ
1401 456 1668 512 ἀνελκύσει

198 694 274 742 Καὶ
307 719 364 728 -
391 692 718 762 Γεννησαρέτ.
758 689 816 740 Ὀ
848 685 904 741 δὲ
946 691 1153 760 Μάρκος
1197 688 1352 754 εἶπεν,
1394 691 1474 742 ὅτι
1513 690 1666 762 ἠνοίγ-

137 797 237 829 κασε
271 782 370 836 τοὺς
413 779 644 848 μαθητὰς
682 777 842 829 αὐτοῦ
899 777 1117 849 ἐμϐῆναι
1143 779 1214 839 εἰς
1259 782 1318 830 τὸ
1348 778 1541 845 πλοῖον⁹
1577 783 1664 830 καὶ

134 871 326 936 προάγειν
351 865 410 924 εἰς
455 869 511 917 τό
551 870 709 938 πέραν
739 870 861 940 πρὸς
919 863 1218 924 Βηθσαίδά.
1260 869 1285 918 ὁ
1315 865 1374 920 δὲ
1403 869 1660 935 Ἰωάννης,

135 956 195 1006 ὅτι
235 960 426 1027 ἦρχοντο
477 959 638 1028 πέραν
697 963 788 1015 τῆς
843 956 1114 1017 θαλάσσης
1169 955 1240 1017 εἰς
1297 960 1659 1031 Καπερναούμ.

132 1042 226 1094 Εἰσὶ
259 1038 307 1094 δε
342 1048 421 1094 καὶ
470 1044 499 1101 ἠ
544 1039 844 1110 Βηθσαεδὰ,
899 1049 987 1096 καὶ
1033 1047 1065 1103 ἡ
1119 1049 1480 1120 Καπερναοὺμ,
1511 1044 1559 1097 ἒν
1595 1053 1656 1118 τῇ

131 1137 181 1200 γῇ
224 1135 515 1205 Γεννησαρέτ.
573 1135 742 1204 Λίμνη
796 1129 855 1185 δὲ
881 1135 913 1192 ἡ
950 1136 1284 1209 Γεννησαρὲτ,
1321 1135 1553 1206 ἡνωμένη
1593 1141 1656 1204 τῇ

129 1215 363 1292 Τιϐεριάδι.

184 1346 262 1394 Καὶ
315 1341 592 1414 ἐπιγνόντες
620 1373 691 1384 -
739 1341 1092 1404 διεσώθησαν.
1156 1343 1328 1416 Εἶδες,
1371 1355 1481 1409 πῶς
1527 1349 1662 1399 κατὰ

3320 253 3426 309 442

1309 374 1398 421 καὶ
1482 371 1668 430 εὐθέως
1700 373 1744 425 Α
1775 371 2120 426 invocemus
2149 389 2162 426 :
2187 378 2240 427 et
2261 372 2542 428 continuo
2575 374 2828 446 porriget
2857 375 3034 432 etiam
3059 374 3229 431 nobis
3258 377 3423 430 auxi-

1773 459 1982 516 liarem
2018 475 2289 526 manum,
2325 467 2381 517 et
2410 462 2678 519 extrahet
2708 479 2817 520 nos

1845 727 2007 782 Vers.
2065 728 2150 782 34.
2194 730 2256 783 Et
2295 760 2361 769 —
2403 731 2759 786 Gennesaret.
2826 733 3052 786 Marcus
3094 735 3293 788 autem
3334 731 3426 786 di-

1770 813 1854 868 xit
1879 815 1925 848 ‘8
1976 816 2133 886 quod
2165 817 2449 888 compulit
2479 818 2803 889 discipulos
2838 835 2980 874 suos
3027 824 3425 876 conscendere

1769 903 1976 958 navim
2007 907 2062 958 et
2091 905 2414 974 praecedere
2447 906 2506 960 in
2537 906 2874 962 ulteriorem
2904 908 3099 979 ripam
3130 909 3208 964 ad
3257 910 3424 964 Beth-

1771 990 2022 1046 saidam.
2055 992 2310 1047 Joannes
2334 1009 2474 1048 vero
2499 995 2662 1065 quod
2689 1001 2975 1050 venerunt
3002 996 3242 1064 trajecto
3273 996 3424 1050 mari

1769 1078 1846 1135 ad
1879 1081 2244 1151 Capernaum
2275 1081 2343 1133 ‘9.
2387 1082 2534 1138 Sunt
2563 1086 2766 1138 autem
2794 1086 2852 1137 et
2878 1082 3192 1137 Bethsaida
3221 1087 3276 1137 et
3325 1083 3427 1138 Ca-

1766 1182 2061 1240 pernaum
2089 1169 2152 1224 in
2182 1173 2334 1225 terra
2364 1169 2725 1226 Gennesaret
2758 1187 2772 1236 ;
2806 1175 3080 1241 stagnum
3111 1186 3252 1226 vero
3283 1172 3428 1227 Gen-

1767 1261 2004 1312 nesaret
2033 1257 2264 1312 unitum
2298 1262 2423 1314 erat
2449 1259 2764 1314 Tiberiadi.

1841 1365 1996 1418 Vers.
2032 1365 2124 1419 35.
2168 1365 2431 1436 Cumque
2459 1365 2825 1435 agnovissent
2855 1395 2921 1406 -
2955 1368 3110 1420 Vers.
3145 1369 3230 1421 36.
3275 1366 3427 1422 salvi

121 1434 268 1503 μικρὸν
287 1433 329 1483 οἱ
351 1433 581 1503 μαθηταὶ
607 1433 922 1508 προέκοψανο
954 1437 1050 1508 ὅρα
1086 1441 1175 1488 καὶ
1204 1439 1262 1488 τό
1296 1435 1506 1498 πλῆθος.
1549 1436 1660 1489 Οὐκ

1843 1453 1921 1508 cti
1948 1458 2102 1507 sunt.
2132 1433 2344 1508 Vidisti
2363 1433 2665 1524 quomodo
2692 1453 2968 1525 discipuli
2981 1455 3270 1524 paulatim
3292 1469 3427 1524 pro-

123 1521 178 1569 ἔτι
198 1522 281 1590 γὰρ
309 1520 450 1573 αὐτόν
489 1521 562 1582 εἰς
592 1523 686 1584 τὰς
712 1523 878 1584 οἰκίας
906 1523 1159 1589 ἕλκουσιν,
1193 1521 1316 1577 οὐδὲ
1341 1533 1524 1600 χεῖρας
1554 1524 1661 1577 ἐπι-

125 1609 244 1660 θεῖναι
268 1612 514 1670 ζητοῦσιν.
549 1607 676 1664 οὐδὲ
695 1617 1015 1685 πρόσταγμα
1035 1609 1069 1664 δ
1076 1615 1125 1664 ιὰ
1144 1615 1372 1687 ῥήματος
1401 1614 1656 1680 αἰτοῦσιν,

121 1695 201 1746 ἀλλ’
225 1697 511 1772 ὑψηλότερον
544 1699 717 1770 πολλῷ
763 1706 853 1753 καὶ
885 1704 1310 1777 θεοπρεπέστερον
1339 1701 1661 1754 ἐπισπῶνται

121 1788 190 1840 τήν
215 1787 470 1860 θεραπείαν.
502 1787 570 1842 Ἡ
597 1792 700 1864 γὰρ
722 1788 1005 1866 αἱμόρρους
1035 1791 1243 1844 πλείονα
1279 1796 1459 1844 πίστιν
1488 1792 1662 1853 αὐτοῖς

119 1872 289 1930 ἐνέθηκε.

225 2163 346 2212 ΚΕΦ.
376 2161 501 2219 KH'.
540 2165 672 2236 Περὶ
701 2169 796 2224 τῆς
825 2163 1164 2237 παραϐάσεως
1192 2172 1288 2229 τῆς
1317 2165 1520 2231 ἐντολῆς

719 2258 813 2304 τοῦ
851 2256 998 2310 Θεοῦ.

164 2371 266 2457 Τότε
307 2402 370 2412 -
420 2373 696 2427 ἐσθίωσιν·
763 2376 848 2428 Ἐν
897 2379 1090 2438 πάσαις
1156 2383 1246 2451 μὲν
1292 2385 1408 2444 ταίς
1459 2386 1666 2457 χώραις

109 2465 184 2506 τῶν
210 2455 396 2514 δώδεκα
429 2463 608 2535 φυλῶν
664 2461 799 2522 ἦσαν
852 2471 1175 2540 Γραμματείς
1225 2473 1314 2521 καὶ
1353 2455 1654 2544 Φαρισαῖοι.

111 2553 391 2621 πονηρότεροι
442 2547 501 2604 δέ
573 2560 673 2603 τῶν
731 2553 893 2604 ἄλλων
951 2551 1084 2613 ἦσαν
1142 2559 1190 2608 οἱ
1234 2557 1334 2610 ἀπὸ
1385 2559 1664 2634 Ἱεροσολύ-

109 2654 212 2702 μων,
247 2639 303 2698 ὡς
351 2643 442 2698 τὴν
508 2641 839 2716 μητρόπολιν
888 2643 1165 2711 οἰκοῦντες,
1225 2651 1314 2699 καὶ
1368 2644 1462 2700 διὰ
1515 2656 1663 2701 τοῦτο

110 2731 417 2796 τετυφωμένοι.
471 2732 808 2800 ϐιασάμενοι
849 2734 950 2804 γὰρ
1002 2736 1088 2791 τὴν
1137 2734 1362 2807 μεγάλην
1400 2744 1492 2789 τοῦ
1537 2736 1662 2790 λαοῦ

110 2814 264 2880 πίστιν,
297 2813 639 2870 ἐσπούδασαν
684 2816 970 2872 ἐλαττῶσαι
999 2821 1180 2880 αὐτὴν.
1225 2825 1326 2877 Καὶ
1354 2834 1424 2896 τῷ
1449 2833 1664 2900 Χριστῷ

105 2899 175 2986 εςὲν
236 2899 368 2955 οὐδέν
421 2925 473 2958 τι
542 2907 862 2979 μέμψασθαι
920 2907 1184 2976 δύνανται,
1252 2921 1350 2965 τῶν
1416 2916 1663 2986 μαθητῶν

109 2979 153 3076 ξε
193 3001 588 3064 κατηγοροῦσιν,
647 2996 707 3048 οὐ
763 3004 1108 3071 παρανομίαν,
1165 2999 1292 3052 ἀλλά
1355 3001 1662 3076 παράβασιν

108 3071 376 3147 ἀνθρωπίνου
427 3083 880 3157 παραγγέλματος.
929 3091 997 3140 Τό
1047 3091 1149 3162 γὰρ
1200 3094 1270 3162 μὴ
1333 3071 1521 3144 ἐσθίειν
1562 3095 1662 3166 πρὸ

107 3170 178 3213 τοῦ
236 3168 474 3239 νίψασθαι
529 3177 697 3245 νόμος
773 3174 832 3226 οὐ
885 3177 1165 3248 προσὲταξε
1232 3181 1378 3244 οεῖος,
1453 3178 1560 3232 ἀλλ’
1615 3179 1664 3232 οἰ

106 3254 395 3331 πρεσϐύτεροι
466 3268 570 3314 τοῦ
637 3261 782 3317 λαοῦ.
851 3270 985 3322 Φησὶ
1048 3269 1150 3340 γὰρ
1225 3269 1252 3319 ό
1304 3270 1532 3342 Μάρκος,
1585 3270 1664 3321 ὅτι

107 3343 159 3390 Οἱ
216 3349 473 3416 Φαρισαῖοι
544 3354 642 3402 καὶ
722 3353 907 3414 πάντες
984 3356 1033 3406 οἱ
1100 3353 1370 3425 Ἰουδαῖοι,
1438 3357 1521 3410 ἐὰν
1556 3362 1558 3365 ’
1595 3363 1663 3431 μὴ

103 3441 248 3503 πυγμῇ
305 3438 563 3507 νίψωνται
610 3440 701 3500 τὰς
742 3447 949 3513 χεῖρας,
980 3442 1072 3494 οὐκ
1103 3443 1387 3512 ἐσθιονσιν,
1421 3455 1668 3522 κρατοῦν-

103 3535 168 3578 τες
231 3528 313 3580 τὴν
371 3525 683 3600 παράδοσιν
765 3538 864 3581 τῶν
942 3531 1321 3608 πρεσϐυτέρων.
1403 3538 1502 3589 καὶ
1566 3535 1666 3589 ἀπὸ

100 3604 272 3682 ἀγορᾶς,
336 3612 418 3666 ἐὰν
488 3621 572 3687 μὴ
622 3617 992 3690 ῥαντίσωνται,
1070 3604 1207 3692 (75).
1259 3623 1352 3675 οὐκ
1407 3627 1665 3683 ἐσθίουσι.

1771 1539 2066 1595 fecerint?
2099 1540 2224 1596 vide
2262 1546 2318 1595 et
2347 1540 2809 1598 multitudinem.
2851 1545 2976 1597 Non
3003 1542 3131 1612 jam
3159 1541 3325 1613 ipsos
3358 1542 3423 1613 (t)

1769 1628 1828 1684 in
1857 1629 2103 1684 domum
2134 1631 2394 1697 trahunt,
2417 1645 2610 1702 neque
2639 1635 2700 1685 ut
2727 1646 2942 1685 manus
2971 1630 3241 1701 imponat
3264 1645 3427 1701 quaa-

1768 1721 1925 1782 runt,
1949 1733 2142 1790 neque
2169 1718 2324 1772 verbi
2342 1718 2578 1789 jussum
2601 1723 2901 1790 expetunt,
2926 1718 3029 1773 sed
3049 1718 3338 1772 excelsius
3355 1732 3425 1774 ac

1768 1805 1946 1874 longe
1987 1806 2243 1862 divinius
2273 1806 2524 1862 salutem
2573 1812 2922 1862 accersunt:
2957 1807 3056 1862 illa
3107 1806 3258 1862 enirn
3289 1822 3425 1878 quae

1771 1893 2078 1966 sanguinis
2092 1895 2388 1966 proﬂuvio
2400 1895 2792 1962 laboraverat,
2809 1895 3098 1966 majorem
3117 1894 3230 1950 illis
3244 1895 3426 1950 ﬁdem

1769 1982 2100 2039 induxerat.

1843 2107 2004 2166 CAP.
2065 2107 2299 2164 XXVIII.
2359 2108 2442 2166 De
2489 2109 2949 2180 transgressione
2991 2107 3279 2178 praecepti
3304 2108 3423 2164 Dei.

1843 2393 1993 2448 CAP.
2024 2394 2132 2450 XV.
2168 2396 2327 2449 Vers.
2357 2396 2410 2459 1,
2441 2397 2494 2449 2.
2536 2397 2697 2450 Tunc
2725 2424 2792 2435 —
2814 2394 3005 2450 edunt.
3037 2396 3100 2449 In
3131 2392 3428 2449 universis

1773 2481 2020 2552 quidem
2051 2482 2361 2538 duodecim
2392 2483 2666 2538 tribubus
2699 2487 2867 2538 erant
2925 2482 3141 2538 Scribae
3201 2487 3258 2537 et
3285 2481 3430 2537 Pha-

1772 2569 1930 2626 risaei
1965 2591 1977 2624 :
2009 2570 2202 2626 caeteri
2244 2575 2444 2627 tamen
2475 2571 2800 2643 iniquiores
2837 2575 3004 2625 erant
3054 2570 3155 2641 qui
3187 2571 3265 2626 ab
3306 2570 3432 2625 Hie-

1771 2657 2089 2730 rosolymis
2139 2663 2326 2723 erant,
2361 2663 2560 2730 utpote
2591 2658 2968 2730 metropolim
3007 2657 3427 2724 inhabitantes,

1772 2746 2022 2820 ideoque
2053 2747 2269 2803 fastum
2322 2747 2616 2818 majorem
2660 2763 2777 2818 prae
2820 2762 2882 2802 se
2929 2746 3204 2802 ferentes.
3265 2746 3432 2802 Vide-

1771 2840 1906 2891 rant
1942 2851 2226 2906 magnam
2257 2836 2462 2908 populi
2494 2835 2692 2900 ﬁdem,
2727 2840 2783 2891 et
2811 2835 2976 2891 illam
3008 2835 3274 2890 minuere
3331 2849 3425 2890 co-

1772 2923 2088 2989 nabantur,
2114 2939 2320 2980 verum
2341 2925 2400 2980 in
2429 2923 2661 2980 Christo
2682 2924 2827 2980 nihil
2849 2929 2977 2980 erat
2994 2923 3159 2996 quod
3184 2937 3431 2995 carpere

1771 3015 2016 3084 possent
2057 3028 2069 3066 :
2112 3013 2217 3067 sed
2255 3011 2688 3084 discipulorum
2728 3012 3094 3070 accusabant
3157 3027 3278 3069 non
3318 3011 3433 3068 ini-

1771 3100 2084 3173 quitatem,
2116 3100 2223 3155 sed
2271 3100 2523 3157 humani
2553 3102 2831 3173 praecepti
2859 3102 3423 3172 transgressionem.

1773 3193 1973 3260 Neque
2024 3187 2182 3243 enim
2209 3187 2462 3258 jubebat
2489 3189 2584 3244 lex
2612 3189 2817 3246 divina
2867 3207 2940 3246 ne
2971 3191 3215 3246 ederent
3243 3190 3433 3262 prius-

1773 3292 1958 3350 quam
2025 3277 2312 3338 lavarent,
2356 3276 2464 3332 sed
2501 3276 2758 3333 seniores
2818 3277 3043 3349 populi.
3107 3277 3202 3331 Ait
3267 3277 3430 3332 enim

1775 3369 2030 3422 Marcus:
2059 3364 2357 3422 Pharisaei
2383 3380 2690 3436 omnesque
2716 3365 2916 3420 Judwi
2952 3365 3063 3420 nisi
3092 3365 3298 3420 crebro
3341 3365 3434 3420 la-

1777 3454 1966 3510 verint
1995 3469 2230 3518 manus,
2256 3470 2365 3509 non
2393 3453 2628 3524 capiunt
2659 3453 2868 3522 cibum,
2896 3452 3251 3508 observantes
3279 3466 3435 3508 mor-

1777 3542 1938 3599 dicus
1967 3542 2337 3598 traditionem
2376 3542 2661 3597 seniorum
2694 3559 2708 3608 ;
2746 3541 2802 3598 et
2841 3555 2877 3596 a
2903 3541 3040 3610 foro
3069 3545 3432 3608 revertentes,

1779 3632 1895 3687 nisi
1911 3637 2327 3702 aspergantur,
2353 3647 2468 3685 non
2487 3630 2806 3693 comedunt,
2830 3629 3132 3700 multaque
3157 3634 3294 3684 sunt
3315 3629 3438 3684 alia

104 3700 184 3748 Καὶ
209 3700 325 3753 ἄλλα
360 3703 523 3757 πολλοί
555 3703 721 3775 ἐστιν,
777 3705 810 3757 ἃ
851 3709 1136 3780 παρέλαϐον
1165 3719 1388 3785 κρατεῖν,
1441 3711 1668 3785 βαπτισ-

1843 3700 2210 3776 reservanda
2223 3724 2592 3788 acceperunt,
2616 3733 2812 3788 nempe
2832 3718 3068 3774 lationes
3091 3716 3434 3786 poculorum

99 3788 202 3852 μοὺς
291 3797 554 3865 ποτηρίων
645 3799 736 3847 καὶ
817 3795 1026 3865 ξεστῶν,
1099 3804 1188 3852 καὶ
1271 3800 1505 3872 χαλκίων
1585 3808 1674 3856 καὶ

101 3872 276 3933 κλινῶν.
354 3886 536 3935 Ταῦτα
613 3887 710 3954 μέν
778 3904 935 3956 φησιν
1003 3888 1029 3938 ό
1103 3890 1340 3960 Μάρκος.
1406 3890 1558 3944 Ἐστι
1616 3889 1674 3945 δὲ

309 3973 585 4024 νίπτεσθαι
641 3975 700 4024 τὸ
751 3976 1026 4028 νίπτεσθαι
1071 3981 1236 4049 μέχρι
1283 3985 1374 4031 τοῦ
1421 3979 1670 4051 ἀγκῶνος.

106 4047 375 4116 Ἐϐαπτιζον
433 4056 496 4112 δ”ε
555 4062 623 4113 τὰ
688 4066 936 4136 ποτήρια,
996 4047 1086 4116 καί
1137 4047 1272 4127 τοὺς
1324 4047 1522 4139 ξέστας,
1583 4072 1673 4121 καὶ

106 4141 160 4224 τὰ
208 4144 394 4212 χαλκίοι
453 4154 547 4201 καὶ
616 4151 713 4212 τὰς
783 4149 979 4222 κλίνας,
1041 4152 1275 4224 ἀγιάζειν
1324 4156 1458 4208 οὕτω
1509 4164 1677 4210 ταῦτα

106 4223 361 4294 δοκοῦντες.
455 4242 565 4290 Καὶ
656 4237 786 4290 ἄλλα
885 4240 1045 4294 πολλὰ
1123 4241 1504 4316 ἒκαινοτόμουν,
1589 4249 1675 4298 τόν

105 4319 178 4385 μὲν
246 4325 387 4395 νόμον
486 4324 912 4397 παραϐαίνοντες,
1016 4333 1083 4382 τὰ
1180 4333 1540 4404 καταγέλαστα
1618 4332 1677 4388 δε

102 4412 244 4491 ταῦτα
291 4414 798 4488 παραφυλάττοντες.
879 4420 944 4470 Οἱ
1012 4421 1243 4491 μαθηταὶ
1317 4418 1375 4474 δε
1437 4422 1678 4484 πολλάκις

111 4498 304 4558 notaret;
330 4509 518 4574 χερσὶν
553 4505 762 4568 ἤσθιον,
793 4505 886 4557 οὐκ
933 4504 1322 4571 ἐπιτηδεύοντες
1350 4518 1524 4564 τοῦτο’
1569 4522 1678 4575 πῶς

107 4584 193 4654 γάρ
222 4604 234 4650 ;
275 4591 316 4640 oi
339 4589 509 4662 μηδεν
534 4589 806 4665 μηδέποτε
828 4603 1060 4648 τοιοῦτον
1089 4607 1524 4673 παρατηροῦντεε·
1554 4601 1681 4654 ἀλλὰ

108 4677 238 4738 μόνης
285 4688 367 4741 τῆς
415 4680 615 4756 ἀρετῆς
680 4685 1053 4757 φροντίζοντες,
1107 4689 1173 4739 τὰ
1226 4695 1322 4749 τῆς
1378 4700 1680 4761 σωματικῆς

285 4776 670 4844 περιεφρόνονν,
727 4775 792 4833 ὡς
836 4770 1002 4845 μηδὲν
1057 4774 1124 4835 εἰς
1180 4774 1368 4848 ψυχὴν
1421 4774 1682 4852 δυνάμενα

151 4867 324 4898 λαττην

117 4867 324 4917 Putta?
336 4904 348 4914 .

1783 3815 1836 3864 et
1884 3822 2212 3872 urceorum,
2246 3810 2300 3864 et
2328 3810 2801 3870 ceramentorum,
2847 3811 2896 3861 et
2950 3807 3254 3861 tectorum.
3301 3804 3437 3860 Haec

1782 3895 2026 3968 quidem
2071 3896 2152 3952 ait
2179 3899 2405 3952 Marcus
2449 3896 2516 3958 ⁵ο,
2551 3903 2738 3967 Πνγμῇ
2772 3898 2972 3950 autem
3017 3893 3203 3949 lavari
3251 3891 3439 3965 (quod

1781 3985 1967 4040 habet
2011 3985 2264 4056 Marcus)
2295 3989 2382 4040 est
2425 3999 2615 4056 usque
2664 3983 2737 4040 ad
2771 3983 3036 4039 cubitum
3065 3983 3247 4038 lavari
3299 3981 3437 4051 (Ad-

1784 4077 1941 4128 verte
1998 4073 2166 4144 quod
2201 4072 2302 4128 ubi
2363 4073 2423 4128 in
2465 4073 2663 4128 Marco
2701 4088 2840 4128 cum
2877 4071 3103 4128 caeteris
3157 4069 3441 4126 omnibus

1782 4160 2202 4232 interpretibus
2233 4166 2525 4216 vertentes
2559 4161 2813 4216 dicimus
2852 4171 2868 4220 :
2907 4159 3108 4216 crebro
3159 4157 3433 4223 tavarint,

1783 4248 1915 4305 loco
1975 4248 2249 4304 dictionis
2288 4249 2510 4314 crebro,
2553 4249 2734 4304 habet
2774 4248 2976 4304 Grieca
3034 4254 3241 4319 πυγμῇ.
3304 4245 3438 4300 ideo

1785 4337 1926 4392 dicit
1974 4340 2180 4392 auctor
2207 4340 2408 4391 noster
2435 4336 2598 4408 quod
2630 4344 2806 4408 πυγμῇ
2861 4335 3072 4397 lavari,
3111 4340 3200 4389 est
3246 4347 3439 4402 usque

1788 4424 1866 4481 ab
1897 4423 2166 4479 cubitum
2209 4423 2394 4478 lavari
2429 4443 2442 4478 :
2475 4422 2654 4494 idque
2691 4422 2768 4478 ab
2801 4421 3184 4494 etymonogia
3226 4417 3440 4475 deduci

1787 4513 2037 4568 videtur.
2102 4513 2204 4567 Est
2266 4510 2426 4566 enim
2491 4516 2692 4583 πυγμὴ.
2755 4518 2836 4576 ἧς,
2902 4524 3149 4580 pugnus,
3236 4511 3437 4579 πυγὼν,

1789 4609 1916 4663 ὥνος
1944 4600 2207 4658 cubitus.
2249 4599 2554 4655 Lavabant
2597 4604 2791 4654 autem
2821 4597 3056 4671 pocula,
3106 4612 3340 4660 urceos,
3372 4613 3444 4650 ae-

1788 4696 2059 4747 ramenta
2087 4694 2142 4745 et
2171 4689 2372 4753 lectos,
2405 4687 2819 4744 existimantes
2848 4703 2919 4743 ea
2946 4686 3062 4742 hoc
3093 4686 3274 4742 modo
3307 4700 3442 4741 san-

1789 4778 2032 4835 ctiﬁcari
2062 4795 2075 4829 :
2108 4777 2346 4849 aliaque
2393 4775 2582 4833 multa
2609 4775 2956 4846 bnjusmodi
2987 4773 3304 4830 tradebant
3337 4773 3444 4830 ob-

1791 4865 2106 4933 servanda,
2137 4865 2330 4936 legem
2359 4866 2599 4938 quidem
2627 4864 3149 4935 transgredientes,
3182 4863 3310 4919 haec
3339 4879 3444 4919 au-

111 4939 206 4996 tem
232 4944 470 5004 ridicula
499 4946 920 5006 observantes.
961 4949 1246 5024 Discipuli
1277 4968 1416 5010 vero
1449 4954 1784 5028 frequenter
1813 4955 1989 5012 illotis
2022 4955 2301 5010 manibus
2333 4954 2612 5021 edebant,
2642 4969 2766 5010 non
2797 4957 3090 5009 sectantes
3121 4953 3250 5008 ista.
3286 4953 3442 5016 Quo-

109 5029 264 5087 modo
282 5036 440 5092 enim
455 5036 660 5092 facere
677 5041 974 5110 poterant,
999 5055 1136 5095 cum
1156 5057 1471 5114 nunquam
1496 5045 1610 5101 tale
1631 5046 1944 5118 quippiam
1969 5043 2403 5108 observassent,
2433 5043 2537 5098 sed
2567 5043 2750 5098 solius
2775 5041 3006 5098 virtutis
3027 5057 3234 5096 curam
3256 5040 3442 5095 habe-

103 5123 227 5184 rent,
253 5123 604 5196 ccrporales
628 5127 1088 5184 consuetudines
1112 5128 1527 5202 despicientes,
1557 5148 1628 5190 eo
1654 5134 1818 5206 quod
1848 5147 2054 5190 earum
2084 5133 2484 5203 transgressio
2512 5131 2743 5188 nullum
2761 5131 2979 5187 anima:
3005 5133 3208 5204 posset
3231 5128 3440 5184 afferre

106 5219 515 5269 nocumentum
541 5214 575 5268 ν

167 5296 205 5329 ⁸³
228 5299 397 5356 Marc.
435 5317 508 5356 vr.
543 5303 635 5357 45.
657 5303 703 5339 δ’
730 5305 899 5360 Joan.
925 5318 1006 5370 γε,
1040 5305 1129 5360 17.
1171 5307 1222 5350 ⁸ο
1247 5309 1427 5365 Marc.
1469 5325 1566 5375 vn,
1602 5313 1656 5374 3,
1687 5310 1747 5367 4.

1326 5405 1548 5475 Variae
1594 5406 1916 5475 lectiones
1939 5417 2005 5473 et
2035 5415 2235 5474 notae.

166 5501 270 5575 (75)
289 5503 646 5560 Ῥαντίσονται
676 5515 736 5563 Α.
768 5508 1132 5564 Ῥαντίσωνται
1160 5511 1315 5569 infra
1338 5513 1518 5570 etiam
1547 5514 1607 5570 in
1637 5529 1668 5570 c

1843 5516 1917 5569 :tu
1944 5512 2172 5569 habent
2201 5510 2375 5568 codd.
2409 5510 2729 5583 Euthymii.

167 5591 230 5662 (ι)
251 5593 378 5651 Non
398 5598 537 5666 jam
565 5596 768 5665 ipsum.
801 5600 882 5656 De
906 5598 1137 5657 Christo
1166 5615 1364 5658 sermo
1394 5607 1499 5659 est.
1530 5601 1850 5660 Hentenius
1881 5601 2068 5663 αὐτούς
2095 5600 2330 5659 videtur
2355 5599 2592 5670 legisse.
