3906 6202
470 278 569 332 443

469 489 632 544 ciunt
656 487 1171 557 transgrediendo,
1198 502 1273 541 ne
1298 486 1518 541 Judaeis
1546 483 1932 540 contentionis
1960 498 2124 537 occa-

476 577 703 631 sionem
743 577 1052 648 praeberet.
1096 579 1207 631 Nec
1248 576 1412 639 dixit,
1455 574 1596 629 Male
1638 573 1877 637 faciunt,
1921 588 1995 626 ne
2021 572 2127 626 hu-

471 664 735 736 jusmodi
786 664 1163 720 traditionem
1213 664 1607 719 conﬁrmaret.
1658 663 1857 733 Neque
1884 676 1985 716 eos
2033 675 2124 715 ca-

476 753 801 809 lumniatur
860 754 965 825 qui
1022 753 1188 808 illam
1252 752 1637 816 tradiderant,
1699 766 1774 805 ne
1835 755 2127 821 tanquam

477 842 975 898 contumeliorum
1016 858 1153 897 eum
1194 846 1624 897 aversarentur.
1685 838 1797 895 Sed
1860 839 2056 893 statim
2097 854 2128 893 e

476 931 707 986 diverso
733 933 806 987 de
834 932 1045 1002 majori
1073 935 1316 1003 peccato
1343 933 1585 985 accusat
1613 946 1625 984 :
1660 928 1979 984 ostendens
2006 942 2127 982 non

477 1025 748 1092 oportere
778 1037 879 1076 eos
912 1020 1015 1092 qui
1064 1020 1163 1075 Dei
1200 1023 1561 1091 praeceptum
1593 1016 2124 1087 transgrediuntur,

476 1125 757 1164 accusare
788 1109 937 1178 illos,
992 1110 1095 1181 qui
1124 1109 1439 1163 hominum
1468 1108 1842 1163 traditionem
1891 1110 2130 1178 praeter—

476 1202 636 1254 eunt.
684 1198 901 1254 Deinde
949 1199 1127 1255 etiam
1166 1197 1330 1262 dicit,
1390 1196 1552 1268 quod
1611 1196 1710 1251 Dei
1762 1197 2130 1268 praeceptum

474 1287 1005 1354 transgrediuntur,
1022 1290 1524 1358 etpropterquam
1538 1284 1914 1340 traditionem
1927 1299 2126 1339 suam:

475 1390 545 1429 ac
576 1374 736 1429 illam
765 1375 1057 1447 praecipue
1087 1375 1145 1428 in
1177 1374 1436 1429 medium
1468 1372 1709 1429 adducit
1736 1372 2127 1445 iniquitatem,

475 1479 610 1536 quae
635 1466 765 1518 tunc
794 1464 931 1519 inde
964 1463 1323 1533 emergebat.

548 1570 709 1625 Vers.
743 1573 796 1626 4.
822 1572 975 1626 Nam
1008 1602 1071 1611 —
1108 1570 1417 1626 moriatur.
1450 1569 1513 1624 In
1544 1568 1695 1625 libro
1736 1568 1918 1625 Exodi
1952 1569 2133 1624 ambo

477 1660 605 1715 haec
630 1667 914 1731 praecepta
937 1660 1251 1715 habentur.

548 1769 708 1822 Vers.
731 1768 784 1821 5.
819 1768 921 1821 Vos
948 1799 1011 1806 —
1035 1769 1097 1822 in
1119 1773 1282 1822 tuum
1302 1768 1552 1822 vertitur
1571 1766 1945 1822 commodum.
1975 1764 2133 1820 Difﬁ-

482 1856 604 1911 cilis
636 1862 721 1911 est
747 1857 961 1910 horum
989 1856 1136 1911 ordo
1182 1855 1521 1919 verborum,
1555 1855 1667 1909 nisi
1696 1855 1957 1926 primum
2003 1870 2129 1909 rem

478 1960 845 1999 enarremns.
869 1945 1136 1999 Seniores
1151 1944 1494 1998 Judaaorum
1512 1944 1837 1998 docuerant
1857 1944 2126 2013 juvenes,

477 2037 542 2086 ut
574 2036 857 2103 praetextu
904 2031 1081 2086 divini
1133 2032 1325 2087 cultus
1359 2037 1632 2102 parentes
1664 2036 2124 2086 contemnerent.

480 2120 535 2176 Si
575 2119 705 2191 quis
746 2120 905 2175 enim
948 2125 1260 2190 parentum
1301 2124 1523 2191 peteret
1560 2136 1595 2175 a
1638 2118 1761 2174 ﬁlio
1800 2135 1975 2175 ovem
2027 2124 2131 2174 aut

475 2207 750 2277 vitulum,
777 2212 877 2262 aut
903 2209 1065 2262 aliud
1090 2209 1423 2279 quippiam,
1453 2208 1867 2279 praecipiebant
1906 2207 2036 2274 illis,
2069 2212 2131 2263 ut

476 2296 737 2351 dicerent
778 2313 790 2349 :
834 2299 1035 2351 Munus
1096 2301 1185 2351 est
1220 2298 1357 2360 Deo,
1392 2297 1793 2368 quodcunque
1825 2312 1897 2351 ex
1947 2312 2032 2351 me
2071 2296 2130 2351 in

480 2386 649 2439 tuum
679 2383 925 2438 vertitur
956 2384 1364 2445 commodum,
1397 2384 1511 2439 hoc
1542 2389 1649 2451 est,
1678 2386 1793 2439 Deo
1824 2398 2132 2439 consecra-

480 2476 608 2527 tum
648 2476 733 2526 est
771 2472 1176 2544 quodcunque
1216 2489 1251 2527 θ.
1288 2488 1383 2527 me
1424 2472 1715 2528 lucrifacis
1758 2490 1769 2527 :
1813 2478 1867 2527 et
1905 2473 1986 2529 ita
2024 2473 2130 2528 do-

482 2560 695 2617 cebant
723 2576 824 2615 eos
850 2560 1146 2631 despicere
1176 2566 1439 2633 parentes
1467 2578 1535 2616 ac
1565 2562 1755 2631 legem
1783 2563 2125 2630 transgredi.

483 2649 822 2718 Ignominia
884 2649 1167 2721 siquidem
1235 2654 1339 2714 est,
1407 2649 1672 2722 legisque
1727 2651 2126 2719 transgressio,

480 2737 636 2792 ﬁlios
665 2738 935 2793 resistere
966 2738 1330 2809 parentibus.
1362 2742 1508 2793 Nam
1541 2744 1595 2793 et
1642 2738 1805 2810 ipsos
1857 2744 2129 2810 parentes

1788 266 2131 323 EUTHYMII
2185 266 2517 323 ZlGABENI
3682 278 3759 333 444

540 400 703 455 Vers.
738 400 826 456 13.
853 401 940 457 Ai
966 400 1069 454 itte
1096 429 1165 441 —
1194 403 1447 455 vestram
1478 398 1505 450 ἵ
1545 398 1669 451 Non
1696 393 1840 449 dixit
1870 394 2020 448 Bene
2045 393 2128 448 fa-
2158 389 2201 445 A

2305 393 2363 444 Ὀ
2405 391 2463 445 δὲ
2510 423 2579 434 —
2605 394 2745 465 ὑμῶν
2781 412 2793 461 ;
2832 394 2941 447 Οὔκ
2972 393 3133 462 εἶπεν,
3184 397 3263 447 ὅτι
3294 395 3455 457 καλῶς
3480 406 3666 452 ποιοῦσι
3688 401 3762 453 πά-

2236 482 2580 555 ραϐαίνοντες,
2642 484 2724 534 ἶνα
2749 486 2819 554 μὴ
2877 479 2953 553 δῷ
3006 492 3116 545 τοῖς
3183 480 3456 545 Ἰουδαίοις
3481 485 3684 560 ἀφορμὴν
3708 511 3766 560 φι-

2236 572 2505 637 λονεικίας,
2539 568 2654 623 οὐδ’
2699 574 2779 623 ὅτι
2822 579 2991 632 κακῶς
3019 580 3279 641 ποιοῦσιν,
3332 575 3411 625 ἵνα
3454 580 3517 646 μὴ
3546 574 3763 649 βεϐαιώσῃ

2236 664 2329 717 τὴν
2361 663 2601 717 τοιαύτην
2654 658 2971 734 παραδοσιν,
3020 659 3144 714 οῦδὲ
3201 659 3459 715 διαϐάλλει
3497 667 3597 724 τοὺς
3638 686 3769 739 παρα-

2239 746 2423 811 δόντας
2479 750 2661 818 αὐτὴν,
2718 752 2899 823 ἵναμὴ
2932 752 2997 811 ὡς
3051 750 3300 824 ὑϐριστὴν
3356 759 3524 804 τοῦτον
3554 752 3768 829 ἀποστραο

2238 846 2419 910 φῶσιν,
2451 838 2562 890 ἀλλ’
2593 840 2743 900 εὐθὺς
2774 838 3071 911 ἀντεγκαλεῖ
3098 846 3214 914 περὶ
3244 842 3474 913 μείζονος
3510 842 3769 915 ἁμαρτήμα-

2236 948 2345 995 τος,
2374 924 2407 980 ὃ
2412 932 2546 980 εικνῦ
2557 950 2595 994 ς,
2623 930 2703 980 ὅτι
2727 933 2842 989 τοῦς
2872 934 2962 986 τὴν
2989 928 3196 987 ἐντολὴν
3216 938 3307 981 τοῦ
3330 938 3459 983 Θεοῦ
3482 930 3769 1003 παραϐαινον-

2236 1037 2331 1078 τας
2374 1017 2430 1069 οῦ
2470 1022 2576 1091 χρὴ
2607 1020 2899 1089 μέμφεσθαι
2950 1026 3055 1078 τοῖς
3102 1018 3504 1092 παραϐαίνουσιν
3540 1018 3770 1093 ἀνθρώπων

2238 1103 2558 1179 παράδοσιν.
2610 1104 2740 1161 Εἶτα
2778 1107 2934 1178 λέγει,
2983 1112 3072 1159 καὶ
3122 1113 3275 1161 ποίαν
3322 1107 3512 1166 ἐντολὴν
3554 1116 3632 1161 τοῦ
3668 1113 3772 1161 Θεοῦ

2238 1194 2638 1267 παραϐαίνουσι,
2680 1200 2768 1248 καὶ
2820 1193 2913 1248 διὰ
2964 1202 3117 1248 ποίαν
3176 1194 3467 1269 παράδοσιν
3512 1198 3670 1267 αὐτῶν,
3701 1199 3770 1248 καὶ

2242 1285 2312 1347 εἰς
2342 1289 2497 1357 μέσον
2546 1290 2682 1361 φέρει
2720 1284 2951 1358 μάλιστα
2998 1290 3091 1344 τὴν
3150 1284 3553 1347 ἐπιπολάζουσαν
3582 1290 3681 1339 τότε
3700 1305 3775 1337 πα-

2242 1379 2510 1448 ρανομίαν.

2310 1651 2367 1702 Ὀ
2396 1653 2495 1722 γὰρ
2529 1680 2596 1690 -
2623 1648 2921 1701 τελευτάτω.
2942 1649 3023 1702 Ἐν
3041 1657 3101 1721 τῇ
3138 1647 3304 1721 βίϐλῳ
3334 1657 3432 1709 τῆς
3453 1652 3669 1708 Γενέσεως
3686 1647 3780 1717 (76)

2240 1744 2329 1792 καὶ
2350 1742 2501 1811 ἄμφω
2531 1739 2686 1790 αὗται
2712 1741 2765 1789 αἱ
2796 1737 2987 1790 ἐντολαὶ
3017 1745 3229 1790 κεῖνται.

2308 1829 2476 1900 Ὑμεῖς
2531 1860 2597 1867 -
2655 1827 2936 1899 ὠφεληθῇς.
2995 1831 3271 1899 Δυσχερὴς
3323 1826 3495 1897 (77)ἠ
3539 1833 3624 1877 τῶν
3646 1826 3779 1899 ῥητῶν

2238 1921 2430 1969 τούτων
2489 1920 2635 1968 ἔσται
2693 1916 2952 1983 σύνταξις,
3010 1916 3052 1967 εἰ
3114 1921 3184 1987 μὴ
3242 1912 3685 1987 προδιηγησάμεθα
3708 1916 3777 1968 τὴν

2240 2008 2502 2059 ὑπόθεσιν.
2538 2008 2602 2058 Oi
2652 2004 2992 2077 πρεσϐύτεροι
3040 2012 3139 2055 τῶν
3194 2000 3464 2055 Ἰουδαίων
3518 1997 3779 2054 ἐπαίδευσαν

2240 2098 2354 2155 τοῦς
2403 2099 2563 2155 νέους,
2612 2093 2659 2144 ἐν
2719 2096 2973 2166 προφάσει
3024 2091 3303 2157 εὐσεϐείας,
3355 2096 3664 2163 καταφρονεῖν
3708 2096 3781 2138 τῶν

2238 2188 2445 2255 γονέων.
2492 2180 2552 2234 Εἰ
2602 2184 2702 2255 γάρ
2753 2202 2829 2243 τις
2871 2190 2969 2233 τῶν
3021 2185 3205 2253 γονέων
3247 2178 3474 2240 ἐζήτησε
3517 2176 3665 2230 λαϐεῖν
3706 2175 3781 2228 ἀπὸ

2240 2282 2337 2325 τῶν
2366 2273 2481 2342 (78)
2508 2280 2597 2323 τοῦ
2627 2274 2742 2322 υἱοῦ
2770 2269 3042 2343 πρόϐατον,
3072 2270 3101 2327 ἣ
3150 2274 3357 2340 μόσχον
3383 2270 3411 2327 ἡ
3447 2269 3601 2342 ἕτερον
3619 2286 3679 2329 τι,
3706 2284 3785 2316 πα-

2239 2360 2517 2434 ρήγγελλον
2548 2360 2723 2421 αὐτοῖς
2772 2358 2955 2429 λέγειν,
2996 2360 3076 2409 ὅτι
3107 2362 3273 2429 Δῶρον
3304 2356 3421 2409 ἔστι
3445 2365 3513 2426 τῷ
3544 2363 3660 2423 Θεῷ,
3694 2352 3784 2403 δᾶεδ

2240 2450 2294 2511 ἐξ
2325 2449 2446 2521 ἐμοῦ
2487 2449 2720 2520 ὠφεληθῇ
2736 2469 2773 2511 ς,
2826 2452 3112 2511 τουτέστιν,
3147 2446 3428 2519 ἀφιέρωται
3456 2454 3524 2515 τῷ
3552 2449 3669 2512 Θεῷ,
3698 2440 3720 2491 ὁ
3744 2438 3789 2489 ἂν

2240 2539 2291 2601 ἐξ
2317 2539 2440 2610 ἐμοῦ
2470 2535 2751 2609 κερδανεῖς.
2787 2542 2885 2589 Καί
2912 2537 3070 2595 οὕτως
3101 2532 3392 2587 ἐδίδασκον
3424 2534 3600 2591 αὐτοὺς
3636 2529 3789 2599 ἀτιμά-

2240 2630 2345 2689 ζειν
2374 2631 2490 2687 τοὺς
2513 2634 2680 2697 γονεῖς
2710 2631 2800 2678 καὶ
2843 2632 3180 2698 παρανομεῖν,
3223 2624 3439 2695 Ἀτιμία
3476 2626 3591 2694 γὰρ,
3624 2622 3674 2671 τὸ
3698 2620 3790 2676 τοὺς

2237 2713 2436 2777 παῖδας
2484 2715 2685 2785 ἀπατᾷν
2714 2719 2834 2775 τοὺς
2891 2720 3072 2784 γονεῖς,
3122 2718 3213 2765 καὶ
3258 2715 3573 2786 παρανομία.
3622 2710 3733 2764 Τοὺς
3752 2722 3792 2755 τε

479 2791 590 2881 De
640 2791 929 2898 praetextu
968 2791 1822 2893 ‘fr—audﬁabant—rei—debita,—et
1850 2791 2128 2884 ἑέζῦζδ

2248 2809 2339 2879 γὰρ
2371 2812 2531 2877 γονεῖς
2563 2804 2873 2877 ἀπεστέρουν
2903 2805 3159 2875 προφάσει
3189 2809 3279 2853 τοῦ
3306 2807 3465 2869 Θεοῦ,
3492 2802 3578 2851 καὶ
3608 2791 3714 2849 οὐδὲ
3737 2800 3793 2861 τῷ

478 2914 643 2970 illam
674 2915 1022 2969 offerebant.
1057 2916 1188 2970 Haec
1217 2916 1407 2986 itaque
1438 2916 1522 2971 rei
1549 2917 1808 2972 narratio
1829 2923 1932 2972 est.
1967 2921 2133 2973 Nunc

477 3017 615 3058 vero
654 3007 886 3074 oportet
932 3009 987 3059 et
1016 3004 1174 3059 dicta
1202 3004 1595 3075 interpretari.
1642 3006 1744 3060 Vos
1792 3011 1984 3063 autem
2042 3007 2131 3061 di-

476 3092 618 3157 citis,
677 3092 791 3146 hoc
851 3096 956 3155 est,
1019 3108 1127 3147 vos
1184 3094 1671 3165 interpretamini,
1733 3110 1843 3149 vos
1910 3095 2132 3150 docetis

476 3178 889 3249 deceptionem
911 3180 1073 3235 illam
1098 3181 1426 3237 humanam
1454 3204 1465 3235 :
1497 3184 1776 3255 Quisquis
1803 3183 2011 3239 dixerit
2031 3199 2129 3255 pa-

473 3268 547 3322 tri
606 3267 696 3322 vel
737 3268 932 3329 matri,
973 3270 1193 3324 Munus
1232 3279 1313 3326 est
1351 3272 1469 3326 Deo
1509 3278 1909 3329 consecratum
1965 3274 2131 3344 quid-

475 3357 617 3428 quid
642 3371 711 3411 ea:
734 3372 823 3411 me
847 3358 909 3411 in
938 3364 1103 3413 tuum
1130 3360 1384 3415 vertitur
1413 3360 1788 3426 commodum,
1820 3362 1940 3417 sive
1966 3361 2131 3431 quid-

474 3444 619 3515 quid
652 3460 721 3499 ex
748 3460 843 3500 me
874 3445 1217 3502 lucrifacere
1248 3448 1435 3517 cupis.

545 3534 587 3601 -ι-
635 3534 889 3597 Quidam
938 3540 1137 3589 autem
1187 3550 1286 3607 per
1335 3535 1631 3591 defectum
1673 3537 2129 3609 interpretantur

474 3620 585 3675 hoc
638 3621 860 3677 dictum
914 3622 1177 3677 dicentes
1212 3640 1223 3677 :
1260 3626 1407 3678 Deus
1454 3626 1692 3696 quidem
1728 3626 1855 3681 haec
1886 3627 1977 3682 vel
2032 3627 2129 3683 illa

474 3710 759 3780 praecepit
790 3726 804 3777 ;
836 3726 946 3765 vos
979 3716 1178 3766 autem
1208 3712 1337 3767 haec
1366 3713 1686 3781 rejicientes
1716 3714 1929 3780 dicitis,
1964 3716 2125 3776 Quis-

475 3795 613 3867 quis
665 3797 874 3852 dixerit
903 3798 1055 3869 patri
1107 3799 1195 3854 vel
1244 3800 1435 3864 matri,
1487 3801 1716 3856 Corban
1769 3802 1891 3857 sive
1918 3818 2129 3857 munus

476 3890 563 3940 est
610 3887 725 3941 Deo
777 3888 1108 3957 quaesitum,
1148 3889 1549 3959 quodcunque
1602 3906 1673 3945 ex
1712 3906 1806 3945 me
1860 3891 1921 3946 in
1960 3896 2128 3947 tuum

474 3974 715 4029 vertitur
746 3975 1153 4031 commodum.
1206 3976 1485 4033 liberatus
1516 3982 1628 4034 est.
1671 3981 1787 4034 Hoc
1835 3980 1993 4034 enim
2046 3981 2130 4035 di-

2241 2903 2354 2963 Θεῷ
2397 2898 2729 2967 προσέφερον,
2777 2892 2833 2944 Ἠ
2866 2896 2953 2963 μεν
3006 2888 3093 2943 οὖν
3147 2887 3401 2961 διήγησις
3449 2889 3663 2942 τοιαύτη.
3698 2885 3791 2952 Χρὴ

2242 2980 2301 3035 δὲ
2330 2983 2506 3035 λοιπὸν
2554 2982 2869 3054 ἑρμηνεῦσαι
2912 2986 3001 3032 καὶ
3052 2983 3119 3032 τὰ
3149 2980 3305 3053 ῥητά.
3340 2979 3510 3050 Ὑμεῖς
3539 2972 3595 3027 δε
3637 2972 3793 3043 λέγετε,

2241 3072 2353 3124 ἀντὶ
2406 3078 2521 3136 τοῦ,
2575 3072 2740 3142 Ὑμεῖς
2814 3070 3130 3143 ἑρμηνεύετε,
3191 3069 3342 3139 ὑμεῖς
3413 3062 3678 3118 διδάσκετε
3724 3064 3795 3113 τὴν

2242 3160 2443 3219 ἀπάτην
2486 3165 2572 3212 τὸν
2620 3162 2887 3232 ἄνθρωπον
2941 3157 3150 3226 ἐκεῖνον,
3188 3156 3238 3216 ὃς
3292 3155 3356 3207 ἂν
3411 3158 3526 3226 εἷπη
3577 3159 3642 3221 τῷ
3666 3150 3795 3219 πατρὶ

2241 3252 2270 3310 ἢ
2347 3260 2407 3323 τῇ
2470 3254 2651 3323 μητρὶ,
2712 3250 2791 3301 ὅτι
2851 3252 3017 3321 Δῶρον
3100 3246 3213 3298 ἐστι
3266 3253 3341 3315 τῷ
3392 3250 3498 3313 Θεῷ
3544 3242 3570 3294 ὃ
3616 3238 3669 3289 ἂν
3711 3238 3797 3305 (79)

2240 3341 2292 3403 ἐξ
2345 3340 2467 3413 ἐμοῦ
2516 3338 2801 3409 ὠφεληθῇς,
2864 3341 3050 3401 εἶτουν,
3108 3334 3134 3386 ὃ
3190 3334 3248 3385 ἂν
3308 3333 3367 3396 ἐξ
3419 3331 3541 3404 ἐμοῦ
3591 3323 3795 3400 κερδᾶναι

2242 3430 2404 3503 θελῃς.

2312 3536 2475 3608 [Τινὲς
2505 3534 2619 3605 (80)
2663 3530 2720 3586 δὲ
2768 3534 3095 3593 ἐλλειπτιχῶς
3149 3533 3205 3581 τὸ
3256 3530 3418 3604 ῥητὸν
3468 3525 3793 3601 ἑρμηνεύοντες,

2238 3630 2413 3697 φασὶν,
2447 3626 2526 3675 ὅτι
2557 3625 2581 3674 ὁ
2613 3627 2701 3694 μὲν
2755 3625 2879 3681 Θεὸς
2919 3618 3196 3672 ἐνετείλατο
3235 3614 3369 3670 τάδε
3398 3622 3489 3669 καὶ
3519 3611 3658 3666 τάδε’
3686 3613 3799 3681 ὑμεῖς

2238 3711 2315 3777 δὲ,
2356 3719 2518 3764 ταῦτα
2549 3710 2862 3773 ἀθετοῦντες,
2895 3708 3081 3779 λέγετε,
3129 3711 3208 3759 ὅτι
3237 3707 3292 3767 ὃς
3324 3705 3386 3757 ἂν
3438 3708 3553 3773 εἶπη
3582 3708 3647 3769 τῷ
3673 3700 3798 3768 πατρὶ

2236 3802 2357 3873 ἢτῇ
2411 3805 2570 3873 μητρὶ
2631 3798 2853 3871 Κορϐάν,
2903 3802 3039 3861 ἤτοι,
3099 3793 3263 3868 δῶρόν
3323 3794 3439 3848 ἐστι
3492 3800 3563 3862 τῷ
3619 3795 3717 3856 Θεῷ
3756 3784 3799 3833 τὸ

2238 3890 2570 3961 ζητούμενον,
2594 3888 2955 3961 ἠλευθέρωται.
2978 3892 3141 3937 Τοῦτο
3170 3887 3272 3958 γὰρ
3297 3882 3547 3954 λέγουσιν
3577 3878 3795 3930 ἐλλείπειν,

2237 3982 2306 4040 ὡς
2360 3986 2465 4038 τοῖς
2526 3974 2769 4037 ὀυδαίοις
2835 3980 3114 4049 γνώριμον,
3187 3976 3316 4047 πρὸς
3378 3970 3472 4031 οὓς
3528 3971 3690 4043 εἰρηκε
3736 3963 3799 4012 τὸν

474 4066 616 4116 cunt
641 4062 907 4127 deﬁcere,
942 4069 1143 4135 utpote
1165 4065 1381 4119 Judaeis
1410 4070 1617 4121 notum
1640 4068 1719 4123 ad
1741 4083 1893 4139 quos
1922 4069 2126 4139 dirige-
2160 4039 2203 4092 D
2237 4066 2428 4139 λόφον.]

470 4150 575 4207 hat
604 4166 959 4208 sermonem.

541 4258 702 4313 Vers.
744 4259 796 4311 5.
840 4259 918 4313 Et
960 4291 1026 4298 —
1064 4275 1253 4315 suam.
1296 4260 1359 4315 Et
1398 4260 1525 4316 talis
1564 4259 1737 4317 homo
1770 4262 1898 4333 jam
1939 4264 2130 4335 impu-

472 4346 620 4402 dens
671 4346 931 4412 eﬂ‘ectus,
986 4347 1265 4420 deinceps
1313 4364 1433 4405 non
1486 4350 1807 4407 honorabit
1857 4357 2128 4423 parentes

473 4452 639 4492 SUOS.

546 4542 708 4597 Vers.
743 4546 773 4597 6
805 4545 879 4599 Et
908 4576 976 4584 —-
1004 4551 1278 4603 vestram.
1336 4545 1489 4603 Cum
1520 4545 1827 4603 manifeste
1884 4548 2125 4604 demon-

480 4631 751 4686 straverit
778 4632 906 4687 illos
931 4632 1255 4705 iniquitatis
1281 4640 1675 4707 praeceptores
1706 4652 1858 4707 esse,
1890 4653 1959 4691 ex
1990 4654 2125 4692 con-

480 4718 749 4788 sequenti
782 4734 1021 4789 quoque
1051 4722 1374 4793 discipulos
1406 4740 1539 4778 suos
1571 4728 1946 4781 accusatione
1986 4726 2127 4782 libe-

478 4806 635 4861 ravit
663 4806 827 4877 quod
857 4807 1089 4864 illorum
1122 4825 1241 4865 non
1271 4818 1574 4868 servarent
1606 4812 1991 4882 traditionem,
2025 4817 2129 4889 qui

478 4895 580 4951 Dei
610 4900 971 4967 praeceptum
998 4913 1118 4953 non
1140 4900 1471 4958 servabant.

549 5004 710 5057 Vers.
762 5002 815 5058 7.
864 5004 1197 5074 Hypocritaz
1239 5036 1307 5047 —
1354 5007 1560 5063 Isaias.
1609 5008 1951 5081 Hypocritas
1995 5009 2126 5066 illos

476 5092 623 5148 dixit
645 5092 787 5164 quia
817 5092 1008 5163 legem
1034 5109 1269 5150 servare
1298 5095 1668 5168 videbantur,
1699 5097 1893 5169 ipsam
1928 5102 2125 5155 tamen

2308 4392 2409 4441 Καὶ
2439 4419 2504 4427 —
2531 4385 2710 4439 αὐτοῦ.
2737 4388 2836 4437 Καὶ
2857 4384 2882 4435 ὁ
2906 4388 3136 4441 τοιοῦτος
3163 4381 3463 4455 ἄνθρωπος,
3497 4377 3807 4445 ἀναίσχυντος

2232 4484 2325 4530 τοῦ
2376 4477 2557 4529 λοιποῦ
2614 4479 2896 4546 γενόμενος,
2955 4471 3047 4524 οῦκ
3099 4472 3174 4523 ἔτι
3228 4474 3446 4541 τιμήσει
3505 4469 3625 4527 τοὺς
3675 4466 3805 4532 γονεῖς

2234 4568 2414 4624 αὐτοῦ.

2306 4660 2407 4708 Καὶ
2436 4686 2503 4693 -
2547 4656 2709 4726 ἡμῶν.
2744 4647 3025 4723 Προδήλως
3060 4645 3351 4710 ἀποδείξας
3383 4646 3585 4706 αὐτοὺς
3622 4656 3808 4714 παροῦσι

2232 4750 2354 4819 μίας
2384 4740 2760 4808 διδασκάλους,
2809 4738 3061 4801 ἀπήλλαξε
3108 4736 3350 4810 μέμψεως
3381 4736 3568 4788 λοιπὸν
3615 4734 3698 4783 καὶ
3715 4729 3808 4783 τοὺς

2233 4838 2472 4909 μαθητὰς
2498 4833 2676 4897 αὐτοῦ,
2736 4834 2806 4902 μὴ
2840 4836 3119 4901 τηροῦντας
3166 4832 3259 4884 τὴν
3291 4820 3601 4898 ηαράδοσιν
3630 4830 3717 4875 τῶν
3752 4822 3807 4888 μὴ

2230 4926 2519 4999 τηρούντων
2551 4926 2643 4978 τὴν
2674 4918 2878 4976 ἐντολὴν
2909 4925 2999 4969 τοῦ
3033 4923 3185 4971 Θεοῦ.

2303 5016 2587 5087 Υποκριταὶ
2643 5039 2711 5049 —
2786 5008 3025 5068 Ἠσαίας.
3108 5005 3425 5077 ’Υτοχριτὰς
3515 5004 3696 5061 αὐτοὺς
3756 5004 3815 5048 εἰ·

2230 5122 2339 5169 πεν,
2398 5104 2461 5163 ὡς
2512 5098 2799 5159 δοκοῦντας
2839 5100 2928 5170 μὶν
2987 5094 3247 5168 ἐννόμους,
3301 5098 3459 5157 ὄντας
3519 5091 3579 5146 δὲ
3622 5090 3813 5167 «a306-

1704 5249 1928 5318 Varize
1956 5250 2288 5324 lectiones
2327 5263 2393 5321 et
2417 5262 2596 5320 notae

552 5414 662 5493 (76)
696 5414 849 5493 Imo,
875 5421 937 5493 τῆ
950 5434 970 5475 ς
1000 5409 1233 5493 ’ξξόᾷοα
1271 5414 1498 5493 Scilicet
1527 5418 1715 5493 Exod.
1749 5436 1843 5487 xx,
1876 5424 1937 5477 l2
1967 5439 1988 5493 ς
2018 5424 2141 5487 xxi,

484 5483 570 5540 l7.
597 5483 785 5556 Atque
812 5483 1064 5556 ita‘legit
1092 5485 1267 5539 etiam
1304 5486 1650 5545 Hentenius.

554 5554 856 5633 (Ui—Haec
878 5554 1142 5633 Huetius,
1176 5560 1469 5633 tanquam
1495 5574 1576 5633 ex_
1607 5560 1872 5631 Origenis
1912 5568 2142 5633 catena,

483 5623 692 5684 laudat
715 5626 795 5683 ad
821 5625 976 5697 Orig.
1006 5624 1097 5680 Ill.
1124 5640 1183 5698 p.
1214 5623 1338 5683 εεσ.
1372 5630 1515 5685 nota
1545 5624 1605 5685 δ.

2350 5493 2440 5559 79)
2468 5494 2613 5559 Ἐάν,
2644 5493 2712 5546 Α.

2348 5425 2436 5478 78)
2465 5429 2575 5475 Τῶν
2607 5420 2776 5477 abest
2802 5422 2867 5474 Α.

2348 5426 2413 5478 78
2465 5429 2575 5475 Τῶν
2607 5425 2776 5477 abest
2802 5425 2867 5474 Α.

2323 5425 2440 5623 ἓΊθξ
2468 5494 2613 5559 Ἐάν,
2644 5493 2712 5546 Α.
2733 5562 2743 5572 ¹
2994 5559 3005 5571 ν

2323 5565 2417 5636 (80
2469 5564 2705 5620 Inclusa
2729 5576 2790 5618 in
2817 5573 3086 5632 margine
3113 5555 3297 5615 habet
3323 5560 3398 5614 Α.
