3906 6202
167 294 248 349 445
1046 282 1413 341 ΟΟΜΜΕΝΤ.
1458 278 1524 337 IN
1563 280 1670 336 MA

1844 278 2006 335 EUM.
2054 308 2115 318 -
2156 277 2311 335 CAP.
2354 278 2477 335 XV.

3318 285 3425 341 446

169 436 285 490 μους.
324 412 438 483 Ἀγει
476 406 529 461 δε
558 412 644 461 τόν
692 416 965 486 προφήτην
1018 408 1091 470 εἷς
1140 412 1320 482 μέσον,
1350 406 1511 460 πάλαι
1540 424 1665 458 κατ·

1844 401 2386 474 msgrediebantur.
2428 403 2791 476 Prophetam
2827 408 3027 465 autem
3054 407 3118 463 in
3159 405 3427 463 medium

171 509 386 578 ηγοροῦντα
442 499 618 567 αὐτῶν,
694 498 730 550 ἂ
784 506 896 565 ,νῦν
968 498 1119 561 οὗτος
1170 500 1518 571 κατηγόρησε,
1578 498 1667 546 καὶ

168 590 382 659 δείκνυσιν,
437 592 505 641 ὅτι
578 587 737 650 αὐτός
819 587 955 640 ἐστιν
998 590 1024 639 ό
1076 587 1287 639 κάκεῖνοι
1358 582 1430 638 δι’
1477 583 1666 636 ἐκείνου

158 677 437 751 φθηξάμενος.

209 912 343 979 Λέγων
389 937 450 947 -
494 905 795 982 ἀνθρώπων.
835 905 1024 973 Εἰπὼν,
1080 906 1158 957 ὃτι
1206 903 1437 977 Ἐγγίζει
1479 922 1568 976 μοι
1598 909 1669 955 τῶ

159 1001 341 1070 στόματι,
382 995 723 1071 ἐφηρμήνευσε
772 1001 945 1064 τοῦτο,
992 995 1258 1069 προσθεὶς,
1312 995 1392 1046 ὅτι
1428 992 1535 1046 Καὶ
1566 998 1670 1052 τοῖς

151 1085 305 1158 χεῦεσί
324 1104 378 1159 με
420 1091 559 1157 τιμᾶ⁸
614 1087 736 1138 Θεὸν
768 1082 1026 1156 ὁμολογῶν
1073 1102 1139 1156 με
1187 1087 1275 1135 καὶ
1306 1085 1546 1150 ποιητὴν,
1577 1084 1668 1133 καὶ

153 1177 293 1247 Κύριον
308 1181 384 1226 τοῦ
400 1177 600 1236 παντός’
632 1175 662 1232 ἡ
696 1169 756 1225 δὲ
780 1168 977 1242 καρδία
1004 1171 1174 1224 αὐτῶν
1199 1170 1375 1247 πόρῥω
1395 1166 1670 1224 διίσταται

150 1262 218 1315 ἀπ’
261 1263 374 1335 ἐμοῦ,
442 1266 510 1335 μὴ
598 1261 965 1324 πληςιάζουσα
1040 1266 1145 1321 τοῖς
1200 1258 1337 1333 ἐμοῖς
1391 1258 1666 1332 θελήμασυ

145 1353 275 1423 μάτην
299 1349 347 1404 δι
370 1350 596 1405 σέϐονται
619 1371 702 1424 με,
732 1354 821 1424 ξμὴ
874 1352 961 1411 τὰς
1004 1348 1129 1423 ἔμὰς
1159 1349 1504 1423 φυλάσσοντες
1534 1346 1668 1400 ἐντο-

142 1440 225 1504 λὰς,
378 1436 713 1501 διδάσκοντες
764 1434 1138 1509 διδασκαλίας,
1189 1441 1354 1501 οὔσας
1381 1437 1671 1510 ἐντάλματα

143 1527 378 1601 ἀνθρώπων,
435 1533 519 1582 καὶ
582 1528 642 1581 οὗ
690 1536 782 1580 τοῦ
863 1534 1014 1583 Θεοῦ.
1076 1525 1384 1600 Φοϐηθῶμεν
1433 1523 1520 1579 οὖν
1580 1530 1669 1579 καὶ

142 1619 267 1690 ἡμεῖς,
295 1619 317 1670 ό
341 1624 420 1670 τοῦ
446 1622 682 1694 Χριστοῦ
731 1616 878 1683 λαὸς,
921 1621 995 1691 μὴ
1028 1619 1118 1669 καὶ
1164 1616 1280 1668 καθ’
1324 1617 1470 1688 ἡμῶν
1503 1622 1670 1667 ταῦτα

138 1704 297 1777 ῥηθείη.

143 1884 291 1952 σχύνας
314 1882 508 1955 ἀφῆκεν,
540 1886 611 1945 ὡς
647 1883 908 1945 ἀνιάτους·
938 1887 1113 1957 τρέπει
1161 1879 1220 1936 δὲ
1249 1886 1334 1936 τὸν
1364 1882 1514 1955 λόγον
1539 1885 1670 1957 πρὸς

140 1972 203 2021 τὸν
221 1971 365 2043 ὄχλον,
384 1975 445 2035 ὡς
470 1972 872 2046 ἀξιολογώτερον
885 2015 897 2029 .

190 2217 380 2273 ’Δκούετε
402 2249 471 2263 -—
500 2224 724 2276 συνίετε.
750 2219 1005 2285 Ἀκούετε,
1021 2219 1047 2271 ὃ
1072 2218 1192 2292 ἐρῶ,
1220 2224 1310 2272 καὶ
1333 2226 1495 2290 γνῶτε
1520 2218 1665 2273 αὐτὸ.

134 2310 249 2379 Λέγει
274 2304 324 2361 δὶ
346 2316 510 2380 τοῦτο,
540 2316 712 2382 τιμῶν
742 2308 954 2377 αὐτοὺς,
988 2310 1073 2361 ἵνα
1101 2304 1483 2381 εὖπαράδεκτον
1515 2311 1671 2380 γένη-

131 2413 193 2447 ται
218 2398 263 2449 τὸ
290 2396 639 2472 ῥηθησόμενον
651 2442 667 2457 ,

183 2503 241 2554 Οὐ
269 2535 330 2545 -
377 2505 670 2580 ἄνθρωπον.
725 2510 923 2572 Κοινοῖ,
977 2504 1093 2558 ἀντὶ
1143 2511 1254 2572 τοῦ,
1305 2508 1516 2577 μιαίνει.
1574 2509 1670 2558 Λέ-

128 2609 189 2661 γει
223 2597 385 2666 τοίνυν,
427 2596 506 2648 ὅτι
533 2595 648 2668 οὐχ
672 2596 700 2646 ὁ
729 2593 831 2647 ἀπὸ
854 2603 952 2647 τῶν
989 2592 1217 2646 ἀνίπτων
1253 2598 1449 2669 χειρῶν
1484 2595 1665 2669 ῥύπος,

128 2683 227 2751 μετὰ
265 2690 348 2735 τῶν
415 2683 716 2758 βρωμάτων
782 2682 1146 2756 εἰσερχόμενος
1216 2683 1289 2745 εἰς
1340 2685 1398 2735 τὸ
1477 2686 1667 2755 στόμα,

130 2772 277 2839 μιαίνει
310 2773 385 2823 τὸν
424 2774 719 2848 ἄνθρωπον·
767 2769 892 2825 οὐδὲ
929 2775 1031 2847 γὰρ
1077 2772 1295 2826 ἅπτεται
1339 2780 1431 2844 τῇς
1459 2771 1665 2843 ψυχῆς

124 2862 243 2929 μόνον
301 2862 390 2936 γὰρ
466 2864 665 2937 μιαρὸν
738 2863 770 2920 ἡ
855 2861 1107 2934 ἁμαρτία,
1182 2859 1495 2934 βλάπτόυσα
1576 2863 1670 2918 τὴν

126 2945 285 3018 ψυχήν.
329 2948 383 3003 Ἦ
607 2945 695 3002 οὖν
742 2955 1023 3026 πρόχειρος
1078 2950 1320 3025 ἑρμηνεία
1368 2955 1458 3003 τοῦ
1510 2950 1670 3023 ῥητοῦ

124 3039 308 3096 τοιαύτη.

180 3148 288 3196 Φασὶ
332 3142 387 3199 δ¹ε
426 3151 515 3200 καὶ
564 3144 732 3204 ἄλλην
778 3147 1165 3220 ὑποκεκρύφθαι
1223 3143 1535 3219 βαθυτέραν,
1591 3145 1671 3196 ὅτι

120 3227 409 3308 adﬁrmavi:
442 3242 584 3290 Θεοῦ
625 3239 910 3307 γενόμενον,
960 3237 1112 3307 φύσει
1157 3238 1342 3308 μιαρόν
1372 3232 1503 3286 ἔστι.
1533 3236 1671 3290 Φησὶ

117 3321 252 3391 ἰἀρό
301 3329 540 3385 Masilam.
613 3328 714 3377 Καὶ
768 3320 901 3376 εἶδεν
955 3324 984 3375 ὁ
1037 3326 1164 3383 Θεὸς
1216 3324 1283 3375 τὰ
1330 3323 1522 3389 πάντα,
1572 3322 1673 3373 ὅσα

116 3404 301 3478 ἐποίησε,
346 3416 431 3465 καὶ
480 3410 629 3475 ἰδοὺ,
704 3410 839 3464 καλὰ
912 3411 1048 3466 λίαν.
1127 3414 1228 3465 Καὶ
1305 3409 1514 3482 λέγουσι
1579 3406 1674 3462 διὰ

115 3499 271 3561 ταύτης
302 3508 392 3564 τῆς
421 3500 721 3576 βαθυτέρας
750 3504 846 3558 τὴν
890 3508 988 3554 τῶν
1016 3499 1308 3576 βρωμάτων
1336 3498 1673 3552 ἐκϐάλλεσθαι

114 3592 448 3663 παρατήρησιν,
480 3590 543 3649 ἣν
606 3586 859 3643 Ἰουδαῖοι
914 3589 1379 3662 παρεφυλάττοντο.
1426 3594 1530 3642 Τοῦ
1572 3590 1673 3662 γὰρ

113 3680 207 3746 περὶ
247 3675 518 3751 βρωμάτων
582 3682 748 3751 νόμου
798 3676 1112 3751 συμϐολικὴ
1175 3680 1391 3753 θεωρίαν
1441 3680 1672 3749 ἔχοντος,

113 3762 153 3811 οὶ
219 3762 443 3821 Ἰουδαῖοι
531 3765 705 3842 μηδὲν
781 3766 980 3838 ὑψηλὸν
1082 3766 1266 3819 ἐννοεῖν
1375 3762 1674 3833 δυνάμενοι,

117 3864 377 3921 σωματικῶς
420 3859 599 3911 πάντα
636 3861 728 3909 καὶ
765 3857 897 3908 κατὰ
947 3859 1007 3907 τό
1060 3859 1360 3928 φαινόμενον
1400 3853 1679 3927 ἒξελαμϐάο

119 3954 252 3997 meo,

179 4029 389 4084 'Alliz—
430 4038 728 4112 ἄνθρωπον.
778 4035 1140 4107 Ἐκπορεύεται
1183 4033 1238 4087 ἐκ
1282 4040 1374 4087 τοῦ
1420 4039 1677 4107 στόματος

116 4122 197 4177 πᾶς
214 4118 365 4191 λόγος’
415 4125 544 4178 ἀλλὰ
595 4128 714 4200 περὶ
762 4130 855 4176 τοῦ
891 4130 1120 4197 πονηροῦ
1161 4122 1296 4195 λέγει
1324 4131 1433 4191 νῦν,
1479 4123 1529 4185 ὃς
1561 4125 1675 4196 ἔχει

114 4211 255 4277 mni?
271 4216 356 4269 τὴν
384 4211 637 4290 καρδίαν.
694 4217 897 4288 Προῐών
945 4209 1005 4265 δε
1037 4211 1313 4285 σαφηνίζει
1363 4212 1432 4264 τὰ
1461 4209 1675 4283 ἀσαφῶς

117 4292 298 4351 ἐνταῦθα
318 4301 562 4375 ῥηθέντα.

1777 492 2040 559 adducit,
2086 492 2189 563 qui
2226 492 2356 563 jam
2388 492 2528 548 olim
2558 493 2689 549 illos
2734 496 3059 553 accusabat
3099 495 3173 552 de
3204 494 3320 561 his,
3353 494 3429 550 de

1776 580 1997 654 quibus
2045 580 2172 653 ipse
2214 596 2376 637 nunc
2424 596 2526 638 eos
2575 588 2860 651 accusat;
2894 589 2951 641 et
2994 600 3056 640 se
3107 600 3245 641 eum
3300 599 3429 639 esse

1775 668 2051 814 gstendit,
2107 670 2210 742 qui
2264 670 2443 727 etiam
2500 670 2601 727 illa
2656 687 2762 744 per
2812 674 3173 747 prophetam
3222 673 3432 745 loque-

1822 760 1972 814 atur.

1822 760 1972 814 atur.

1848 866 2010 921 Vers.
2056 865 2112 919 7.
2155 865 2360 922 Dicens
2397 897 2465 907 —
2509 869 2568 922 V.
2613 869 2669 924 9.
2720 867 3040 925 hominum.
3092 868 3426 941 Postquam

1777 952 1954 1010 dixit:
1973 954 2423 1025 Appropinquat
2445 955 2595 1011 mihi
2614 971 2730 1023 ore,
2753 957 3169 1027 interpretatus
3186 957 3423 1022 esthoc,
3520 996 3525 1001 ι

1777 1041 2155 1098 addens:Et
2215 1042 2383 1098 labiis
2427 1059 2520 1100 me
2573 1044 2844 1111 honorae,
2898 1046 3086 1100 Deum
3141 1060 3238 1101 me
3292 1060 3425 1101 esse

1777 1129 2069 1188 conﬁtens
2093 1135 2149 1187 et
2175 1133 2513 1188 Creatorem
2551 1148 2622 1189 ac
2654 1132 2973 1189 Dominum
3000 1132 3280 1189 universi.
3312 1133 3424 1189 Cor

1777 1224 1980 1278 autem
1994 1235 2203 1277 eorum
2222 1220 2398 1291 longe
2416 1221 2588 1278 abest
2609 1238 2645 1279 a
2661 1237 2778 1288 me,
2793 1237 2914 1278 non
2928 1221 3428 1295 appropinquans

1776 1309 1926 1366 meis
1989 1308 2414 1367 voluntatibus.
2476 1313 2708 1368 Frustra
2765 1316 2964 1368 autem
3038 1311 3243 1367 colunt
3306 1326 3425 1379 me,

1777 1415 1912 1454 cum
1943 1413 2079 1455 mea
2107 1415 2231 1455 non
2260 1403 2493 1456 servent
2521 1403 2840 1472 praecepta,
2874 1399 2979 1456 sed
3006 1399 3264 1456 doceant
3289 1399 3429 1456 doc-

1776 1488 1959 1543 trinas
2002 1503 2136 1559 quae
2168 1491 2306 1544 sunt
2335 1491 2634 1560 praecepta
2683 1487 3001 1545 hominum
3035 1494 3090 1543 et
3130 1502 3253 1544 non
3292 1486 3417 1543 Dei.

1776 1575 2116 1632 Timeamus
2147 1591 2287 1646 ergo
2317 1581 2374 1633 et
2395 1591 2509 1632 nos
2541 1576 2645 1649 qui
2670 1592 2877 1633 sumus
2909 1575 3115 1633 Christi
3145 1574 3425 1648 populus,

1776 1681 1851 1721 ne
1877 1667 2052 1721 etiam
2084 1665 2408 1721 adversum
2439 1681 2551 1721 nos
2582 1665 2710 1722 haec
2738 1665 3032 1722 dicantur.

193 1798 344 1846 Καὶ-
369 1794 557 1857 αὐτοῖς.
588 1794 845 1856 Ἐκείνους
998 1792 1339 1867 ἐπιστομίσας
1366 1797 1456 1846 καὶ
1484 1794 1668 1845 καται-

1849 1774 2014 1828 Vers.
2050 1772 2134 1828 10.
2181 1774 2261 1827 Et
2307 1804 2376 1813 -—
2415 1773 2515 1830 eis.
2549 1771 2682 1829 Illos
2730 1775 3016 1844 tanquam
3069 1769 3429 1827 incurabiles

1777 1860 2031 1933 reliquit,
2089 1861 2192 1916 ubi
2251 1860 2552 1917 silentium
2609 1860 2692 1917 eis
2746 1860 3145 1933 imposuisset,
3204 1875 3428 1934 eosque

1778 1948 2168 2005 contudisset:
2195 1950 2478 2005 convertit
2491 1953 2692 2005 autem
2718 1964 3055 2005 sermonem
3080 1948 3154 2005 ad
3184 1947 3426 2005 turbam

1777 2042 2055 2109 tanquam
2080 2037 2414 2108 digniorem
2440 2054 2571 2110 quae
2599 2036 2825 2095 audiat.

1848 2146 2016 2202 Vers.
2050 2146 2137 2199 11.
2166 2144 2386 2202 Audite
2412 2176 2480 2185 -
2510 2145 2831 2217 intelligite.
2863 2143 3074 2200 Audite
3102 2143 3269 2216 quod
3293 2141 3427 2200 dico

1778 2238 1834 2291 et
1875 2232 2178 2304 intelligite
2205 2230 2372 2289 illud.
2404 2233 2537 2291 Hoc
2579 2238 2780 2290 autem
2810 2236 2893 2290 ait
2918 2232 3226 2289 honorans
3272 2230 3427 2302 illos,

1776 2326 1843 2379 ut
1864 2321 2097 2380 facilius
2125 2321 2484 2394 suscipiatur
2505 2322 2671 2395 quod
2700 2321 2968 2379 dicturus
2998 2325 3109 2379 est.

1847 2433 2006 2487 Vers.
2036 2431 2123 2489 11.
2167 2431 2306 2487 Νοη
2344 2460 2415 2471 -
2461 2430 2776 2487 hominem.
2828 2430 2949 2486 Hoc
2980 2433 3071 2486 est
3102 2447 3115 2485 :
3146 2431 3275 2485 Non
3305 2443 3430 2485 sor-

1777 2519 1884 2575 des
1930 2535 2225 2576 manuum
2269 2518 2567 2577 illotarum
2613 2534 2749 2591 quas
2806 2533 2929 2575 una
2978 2533 3115 2573 cum
3165 2516 3319 2573 escis
3370 2517 3432 2573 in

1778 2625 1847 2665 os
1874 2608 2293 2678 ingrediuntur
2322 2608 2733 2664 contaminant
2763 2611 2866 2663 aut
2902 2610 3305 2678 conspurcant
3326 2605 3433 2663 ho-

1778 2699 2025 2765 minem,
2104 2697 2249 2771 quia
2321 2713 2432 2753 nec
2512 2699 2765 2766 tangunt
2841 2696 3115 2752 animam
3165 2711 3178 2749 :
3233 2694 3431 2751 solum

1777 2802 2043 2860 namque
2064 2789 2378 2859 peccatum
2407 2784 2626 2841 fmdum
2651 2787 2755 2851 est,
2789 2783 2956 2856 quod
2980 2784 3196 2840 animae
3220 2786 3419 2841 nocet.

1777 2876 1931 2934 Talis
1974 2880 2171 2932 autem
2204 2875 2343 2933 dicti
2390 2874 2568 2947 hujus
2596 2873 3003 2947 interpretatio
3049 2872 3110 2928 in
3140 2874 3427 2944 promptu

1779 2969 1884 3023 est.

1702 3107 1744 3163 ο
1851 3073 2030 3128 Aiunt
2043 3078 2243 3129 autem
2256 3077 2312 3127 et
2329 3071 2570 3127 alteram
2589 3069 2946 3142 profundius
2958 3084 3090 3125 esse
3105 3068 3423 3132 reclusam,

1778 3165 1926 3236 puta
1963 3161 2128 3234 quod
2157 3159 2306 3216 nihil
2334 3159 2558 3215 factum
2602 3175 2638 3215 a
2688 3161 2827 3223 Deo,
2858 3163 3074 3215 natura
3118 3157 3426 3229 impurum

1779 3252 1888 3306 est.
1934 3247 2029 3303 Ait
2079 3247 2236 3302 enim
2273 3248 2497 3302 Moses:
2532 3246 2606 3301 Et
2648 3246 2799 3301 vidit
2836 3246 2992 3300 Deus
3040 3258 3426 3315 quaecumque

1776 3339 2019 3411 fecerat,
2052 3341 2105 3393 et
2129 3350 2257 3392 ecce
2288 3336 2434 3391 bona
2466 3333 2640 3391 valde
2663 3334 2732 3387 σί.
2761 3332 2969 3387 Dicunt
2998 3347 3139 3401 ergo
3154 3332 3269 3387 hac
3294 3345 3428 3402 pro-

1779 3425 2042 3486 fundiori
2072 3423 2551 3496 interpretatione
2581 3422 2852 3478 ciborum
2882 3420 3042 3491 rejici
3067 3418 3429 3476 observatio-

1781 3531 1943 3579 nem,
1975 3529 2161 3587 quam
2190 3512 2377 3568 Judaei
2408 3510 2751 3567 servabant.
2785 3512 2934 3567 Nam
2966 3525 3103 3564 cum
3147 3508 3260 3575 lex,
3295 3523 3430 3579 qum

1784 3604 1859 3661 de
1870 3603 2017 3660 cibis
2029 3606 2173 3667 erat,
2189 3601 2572 3671 allegoricum
2589 3599 2836 3656 haberet
2850 3597 3230 3662 intellectum,
3244 3595 3435 3652 Judaei

1786 3693 1888 3766 qui
1920 3690 2064 3749 nihil
2089 3690 2393 3750 excelsum
2424 3690 2684 3761 cogitare
2712 3690 3005 3761 poterant,
3050 3683 3437 3757 corporaliter

1785 3789 1841 3840 et
1866 3786 2043 3855 prout
2070 3781 2129 3836 in
2158 3780 2482 3852 conspicuo
2511 3780 2700 3843 erant,
2728 3776 2934 3833 omnia
2963 3774 3359 3846 excipiebant.

1855 3962 1993 4015 Vers
2043 3958 2131 4015 11.
2176 3957 2297 4014 Sed
2349 3987 2417 3997 —
2475 3955 2784 4011 hominem.
2842 3952 3152 4025 Egreditur
3204 3950 3279 4008 de
3331 3966 3432 4007 ore

1783 4047 1979 4103 omnis
2012 4061 2244 4101 sermo:
2273 4044 2375 4100 sed
2408 4059 2571 4100 nunc
2596 4042 2670 4099 de
2702 4041 2858 4098 malo
2886 4040 3172 4114 loquitur,
3200 4038 3304 4112 qui
3334 4054 3435 4095 cor

1781 4150 1891 4208 pro
1908 4133 2065 4189 fonte
2085 4131 2286 4188 habet.
2306 4135 2367 4187 in
2392 4130 2779 4204 sequentibus
2799 4134 3001 4187 autem
3026 4126 3434 4184 manifestiora

1778 4222 1985 4291 reddit,
2014 4236 2140 4293 qum
2164 4220 2262 4275 hic
2290 4220 2541 4275 obscure
2567 4218 2728 4274 dicta
2756 4223 2917 4273 sunt.

1850 4313 2008 4367 Vers.
2039 4311 2126 4365 12.
2159 4309 2320 4365 Tunc
2347 4308 2595 4377 offensos
2619 4337 2687 4347 —
2720 4306 2924 4375 fuisse.
2954 4305 3079 4370 Quo
3108 4316 3383 4359 sermone
3402 4302 3431 4357 ’ἲ

166 4406 354 4458 Τὸτε-
395 4406 922 4466 ἑσκανδαλίσθησαν.
955 4414 1111 4461 Ποῖον
1139 4407 1291 4479 λόγον
1337 4404 1549 4467 Δηλαδὴ
1588 4411 1671 4460 τὸν

1844 4416 1859 4456 ›
1890 4398 2163 4454 videlicet
2192 4413 2315 4469 quo
2362 4395 2599 4452 dicebat
2625 4411 2637 4449 :
2672 4397 2799 4450 Non
2830 4393 2997 4465 quod
3025 4392 3214 4489 intrat.
3250 4389 3311 4445 in
3341 4405 3427 4455 os,

114 4486 303 4560 ΜῚσντα,
346 4498 424 4550 ότι
476 4500 537 4552 οὐ
570 4502 633 4552 τὸ
677 4498 1041 4573 εἰσερχόμενον
1081 4497 1150 4558 εἰς
1205 4500 1264 4551 τὸ
1319 4501 1486 4570 στόμα
1512 4503 1676 4549 κοινοῖ

114 4582 188 4629 τὸν
205 4582 463 4657 ἄνθρωπον.
504 4588 783 4662 Ἀνέτρεπε
812 4591 914 4660 γὰρ
943 4591 1038 4646 τὴν
1067 4582 1366 4660 παράδοσιν
1391 4594 1490 4639 τῶν
1519 4604 1676 4659 πρεσ-

113 4664 315 4744 θυτέρυν.

166 4775 213 4829 ’0
255 4777 306 4833 δὶ
356 4813 423 4826 -
472 4784 917 4859 ἂριζωθήσεται.
965 4788 1183 4839 Φυτείαν
1256 4782 1393 4856 λέγει
1442 4789 1530 4834 νῦν
1580 4787 1677 4841 την

118 4864 363 4935 παράδοσιν
408 4880 511 4924 τῶν
558 4871 924 4947 πρεσϐυτέρων
975 4878 1065 4926 καὶ
1116 4876 1183 4925 τὰ
1234 4871 1526 4945 ἐντάλματα
1574 4879 1675 4924 τῶν

116 4947 369 5029 ἀιθρὼπων,

168 5059 325 5134 Ἄγετε
346 5098 415 5108 -
443 5068 657 5130 αὐτούς.
701 5068 791 5132 Ὠς
819 5067 1082 5132 ἀνιάτους.
1108 5071 1205 5122 Διὰ
1231 5075 1386 5122 τοῦτο
1419 5071 1519 5144 γὰρ
1551 5066 1677 5122 ουδὲ

105 5143 373 5221 έθφάιτενσε
423 5162 484 5212 τό
536 5155 833 5213 σκάνδαλον
886 5159 1078 5230 αὐτῶν,
1131 5155 1284 5222 εἰδὼς
1314 5158 1499 5222 αὐτοὺς
1525 5155 1675 5213 οὐδὲν

105 5233 557 5317 δ’ῗῑληθησομίνους
575 5289 592 5304 .

157 5343 355 5422 ὀδηγοὶ
398 5354 631 5427 τυφλῶν.
686 5354 921 5429 Τυφλοὺς
972 5354 1159 5418 αὐτοὺς
1214 5359 1394 5429 φήσιν,
1454 5359 1524 5420 ὡς
1578 5377 1676 5416 πη-

102 5435 317 5501 ρωθέντας
359 5445 447 5496 τὸν
476 5452 580 5506 τῆς
626 5444 812 5518 ψυχῆς
844 5444 1105 5518 ὀφθαλμόν
1134 5447 1234 5499 ὑπὸ
1280 5453 1370 5499 τοῦ
1420 5447 1677 5521 ῥεύματος

98 5529 181 5575 τῶν
221 5530 406 5599 παθῶν,
466 5538 563 5587 καὶ
626 5535 697 5597 ὥς
738 5539 811 5606 μὴ
863 5529 1175 5607 δυναμένους
1243 5534 1549 5595 ἕνατενίζειν
1604 5542 1676 5586 τῶ

159 5648 197 5683 ¹¹
234 5648 371 5713 Gen.
408 5669 449 5722 ι,
481 5656 581 5715 31.

1782 4490 2084 4560 impurum
2116 4486 2310 4543 reddit
2335 4484 2641 4541 hominem
2669 4501 2684 4552 ;
2713 4480 3095 4537 subvertebat
3123 4478 3285 4535 enim
3315 4481 3434 4535 tra-

1783 4578 2070 4635 ditionem
2096 4576 2413 4633 seniorum.

1856 4686 2024 4743 Vers.
2054 4683 2142 4739 t3.
2175 4684 2254 4739 At
2283 4681 2385 4739 ille
2427 4712 2494 4722 —
2523 4678 2948 4737 eradicabitur.
2999 4675 3435 4734 Plantationem

1784 4790 1946 4832 nunc
1987 4772 2128 4830 dicit
2156 4770 2533 4828 traditionem
2563 4768 2864 4825 seniorum
2894 4771 2953 4825 et
2994 4769 3290 4840 przecepta
3328 4765 3436 4824 ho-

1785 4879 2039 4921 minum.

1854 4972 2025 5029 Vers.
2070 4972 2158 5026 14.
2206 4968 2389 5026 Sinite
2414 4998 2483 5008 —
2512 4966 2664 5023 illos.
2695 4967 3008 5038 Tanquam
3050 4962 3431 5030 incurabiles,

1784 5061 1924 5118 Ideo
1949 5060 2109 5116 enim
2135 5073 2324 5130 neque
2354 5058 2483 5130 ipse
2503 5054 2727 5113 curavit
2751 5054 2989 5111 illorum
3011 5052 3428 5119 offensionem,

1784 5150 1978 5207 sciens
2049 5147 2192 5205 nihil
2276 5146 2390 5204 illis
2464 5145 2847 5219 profuturum
2939 5159 3068 5201 esse
3138 5139 3437 5215 quidquid

1784 5239 2025 5297 diceret.

1854 5358 2013 5412 Vers.
2061 5354 2147 5409 14.
2181 5353 2369 5410 Duces
2414 5381 2484 5394 —
2513 5367 2813 5410 caecorum.
2865 5352 3065 5408 Caecos
3112 5349 3288 5405 vocat
3334 5358 3437 5401 eos

1785 5448 2073 5519 tanquam
2102 5442 2320 5500 animm
2352 5440 2527 5498 oculo
2559 5457 2596 5498 a
2623 5441 2790 5497 ﬂuxu
2820 5439 3204 5498 affectionum
3252 5448 3438 5492 excee-

1783 5537 1969 5604 catos,
1999 5535 2057 5591 et
2076 5531 2256 5604 quasi
2290 5545 2415 5589 non
2458 5534 2733 5603 potentes
2771 5527 2976 5587 oculos
3023 5524 3323 5582 intendere
3371 5522 3436 5579 in
