3906 6202
492 234 594 287 447

1828 218 2175 277 EUTHYMII
2218 218 2541 275 ZlGABENI
3675 232 3755 283 448

494 358 686 410 lucem
745 354 1019 409 veritatis.
1081 355 1194 407 Nec
1250 351 1445 407 solum
1505 351 1639 415 hoc,
1699 348 1802 402 sed
1857 352 1912 401 et
1966 345 2143 398 «luces

2258 348 2387 414 φωτὶ
2442 351 2534 403 τῆς
2566 342 2821 402 ἀληθείας.
2882 348 2977 395 Καὶ
3029 348 3099 415 μὴ
3160 352 3297 396 τοῦτο
3342 351 3494 417 μόνον,
3545 348 3648 399 ἀλλὰ
3692 360 3758 404 καὶ

494 459 700 497 eorum
734 442 834 513 qui
884 441 960 495 ab
1008 440 1343 510 ignorantia
1398 440 1837 511 Scripturarum
1870 433 2146 489 excezcati

496 539 651 585 sunt.
685 529 918 585 Grande
963 528 1261 600 siquidem
1306 528 1534 583 malum
1578 530 1663 581 est
1708 524 1968 596 aliquem
2014 537 2145 577 esse

495 636 719 674 caecum
752 636 761 673 :
798 634 932 673 eum
980 634 1116 673 vero
1147 619 1250 689 qui
1284 632 1475 672 czecus
1508 622 1613 679 est,
1648 616 1934 669 ducatum
1980 610 2145 668 alteri

494 724 645 763 cmco
679 713 965 778 priestare,
996 707 1210 778 duplex
1241 712 1391 761 certe
1425 704 1646 760 malum
1673 709 1781 760 est.

570 816 705 869 Vers
740 817 821 868 14.
866 816 1063 869 Caecus
1094 845 1161 852 -—
1192 814 1437 868 cadunt.
1473 812 1589 865 Hoc
1622 809 2004 865 manifestum
2036 812 2141 863 est.

565 920 721 971 Vers.
766 918 852 971 15.
909 917 1266 986 Respondeas
1319 945 1387 954 —
1447 916 1617 969 hanc.
1675 916 1897 968 Marcus
1945 914 2145 966 autem

494 1006 685 1060 dixit:
720 1006 797 1059 Et
828 1020 959 1059 cum
1001 1006 1293 1074 ingressus
1338 1009 1482 1058 esset
1528 1002 1763 1057 domum
1813 1004 2061 1055 semotus
2109 1014 2145 1054 a

495 1094 689 1155 turba,
730 1093 1233 1161 interrogaverunt
1278 1106 1409 1147 eum
1452 1090 1718 1160 discipuli
1766 1091 1893 1158 ejus
1936 1089 2008 1143 de
2043 1102 2146 1156 pa-

495 1181 776 1237 rabolas”.
822 1182 968 1235 Cum
1013 1179 1173 1235 enim
1217 1182 1418 1235 Petrus
1466 1178 1823 1242 inchoasset,
1872 1175 1971 1231 alii
2002 1192 2147 1247 quo-

495 1285 610 1341 que
662 1270 879 1340 pariter
942 1270 1469 1338 interrogaverunt.
1525 1266 1875 1323 Parabolam
1946 1274 2144 1322 autem

492 1362 711 1413 vocant
739 1357 967 1412 Hebraei
1014 1357 1269 1428 aenigma
1324 1361 1379 1411 et
1411 1371 1749 1411 sermonem
1795 1354 2139 1409 obscurum.

492 1445 1081 1517 Namquiasuperius
1101 1446 1329 1500 dixerat
1348 1445 1632 1509 Christus,
1659 1444 1823 1509 Quod
1850 1443 2145 1513 egreditur
2177 1482 2218 1535 Β
2254 1464 2478 1535 χριστὸς

493 1534 560 1589 de
606 1549 707 1590 ore
753 1535 862 1590 hoc
893 1535 1190 1605 impurum
1242 1534 1432 1589 reddit
1474 1534 1753 1589 hominem
1787 1534 1855 1595 5",
1906 1532 2140 1595 deinde,

495 1624 646 1679 sicut
696 1622 868 1677 refert
920 1624 1165 1690 Marcus,
1223 1622 1752 1692 subjunxerat,'Si
1795 1623 1925 1691 quis
1974 1620 2142 1675 habet

492 1726 663 1766 aures
693 1711 773 1766 ad
802 1712 1161 1767 audiendum
1192 1711 1404 1767 audiat
1432 1713 1499 1773 ⁵⁸,
1534 1710 1691 1764 visus
1722 1720 1806 1765 est
1838 1710 1918 1764 eis
1951 1725 2143 1763 sermo

492 1800 811 1863 obscurus,
835 1805 890 1854 et
920 1800 1052 1855 ideo
1069 1799 1405 1871 parabolam
1437 1798 1602 1854 illum
1617 1804 1899 1855 vocantes
1919 1797 1991 1852 de
2013 1798 2143 1868 ipso

492 1889 881 1956 interrogant.

562 1995 728 2050 Vers.
762 1995 848 2048 16.
871 1995 1042 2050 Jesus
1065 2000 1254 2051 autem
1280 2024 1348 2035 —
1375 1994 1441 2049 Υ.
1483 2000 1561 2049 l7.
1595 1995 1902 2051 emittitur.
1932 1994 2145 2051 Omnia

490 2082 620 2139 haec
649 2097 756 2153 per
780 2081 1303 2152 interrogationem
1332 2081 1588 2151 legenda
1619 2086 1776 2137 sunt.

562 2180 796 2235 Marcus
826 2184 1024 2235 autem
1055 2184 1381 2250 potsquam
1411 2179 1557 2235 dixit
1590 2197 1602 2234 :
1636 2180 1711 2235 Et
1737 2180 1801 2234 in
1828 2194 2143 2235 successum

491 2270 816 2339 egreditur,
879 2267 1085 2323 addit:
1131 2268 1299 2334 Quod
1350 2274 1575 2338 purgat
1622 2284 1812 2325 omnes
1870 2283 2028 2325 escas
2072 2270 2139 2333 ⁵⁵,

490 2358 606 2414 hoc
636 2361 723 2411 est
756 2372 934 2428 puras
971 2357 1265 2428 relinquit.
1300 2358 1474 2412 Dictaa
1509 2358 1667 2413 enim
1714 2357 1919 2413 sordes
1956 2358 2017 2412 in
2059 2373 2144 2412 se-

492 2462 721 2501 cessum
793 2461 1064 2515 egressze,
1135 2462 1287 2517 pura
1354 2445 1697 2516 relinquunt
1776 2462 1910 2518 quas
1986 2446 2143 2501 intus

491 2539 801 2590 remanent
870 2533 1165 2605 alimenta,
1241 2550 1376 2606 quas
1446 2534 1717 2589 videlicet
1776 2540 1993 2590 natura
2054 2550 2139 2590 re-

492 2622 687 2678 tinuit.

563 2822 604 2889 i-
646 2816 814 2893 Ἐδρα
850 2818 1094 2890 quidem
1135 2818 1286 2874 inter
1318 2818 1435 2873 alia
1470 2818 1763 2891 significat
1800 2818 1977 2873 etiam
2017 2834 2139 2873 cor-

492 2907 657 2977 poris
682 2912 912 2977 partem
933 2923 1054 2978 qua
1075 2906 1325 2961 sedetur.
1354 2908 1492 2977 Ejus
1514 2913 1712 2963 autem
1740 2906 2143 2978 compositum

494 2989 781 3067 ἀφρεὸρὼν,
864 3001 1006 3057 ῶνος,
1062 2994 1304 3048 inﬁmus
1370 3002 1474 3058 est,
1544 2994 1631 3049 vel
1678 2998 1924 3061 stercus,
1978 2993 2143 3065 quod

497 3080 844 3136 secernitur.

564 3187 725 3242 Vers.
774 3189 861 3243 18.
914 3188 1148 3253 Ουεε-
1190 3189 1500 3244 hominem.
1564 3188 1715 3243 Dixit
1756 3189 1914 3244 enim
1966 3189 2145 3243 etiam

492 3276 769 3333 vicesimo
830 3278 1084 3331 secundo
1155 3278 1368 3349 capite,
1428 3278 1592 3349 quod
1656 3294 1727 3333 ex
1781 3278 2145 3333 abundantia

491 3364 688 3420 cordis
729 3381 793 3418 os
824 3364 1086 3437 loquitur
1112 3367 1180 3417 ⁵⁸.
1213 3366 1474 3421 Primum
1515 3367 1674 3421 enim
1713 3366 1773 3420 in
1800 3368 1977 3421 corde
2009 3382 2145 3421 con-

493 3452 851 3523 cupiscimus
893 3472 904 3504 :
945 3453 1160 3509 deinde
1212 3454 1377 3526 quod
1439 3454 1837 3509 desideratum
1889 3460 1997 3519 est,
2040 3471 2145 3527 per

492 3557 559 3598 os
588 3542 924 3607 educimus,
959 3548 1013 3597 et
1044 3542 1127 3597 ita
1156 3544 1319 3613 quod
1352 3544 1490 3597 foris
1520 3544 1868 3613 ingreditur,
1900 3559 2143 3599 rursum

494 3630 649 3685 foras
738 3630 1046 3701 procedit;
1110 3631 1276 3702 quod
1344 3636 1543 3686 autem
1614 3631 1689 3685 ab
1768 3632 2144 3687 interioribus

492 3717 806 3787 egreditur,
841 3719 1037 3773 adhuc
1060 3719 1216 3773 intus
1241 3724 1445 3775 manet
1468 3723 1525 3775 et
1553 3719 1921 3775 contaminat

562 3964 725 4020 Vers.
781 3969 862 4020 19.
908 3968 956 4020 Α
991 3997 1060 4007 -
1101 3967 1483 4037 blasphemia.
1522 3970 1746 4023 Marcus
1789 3984 1928 4024 vero
1972 3967 2145 4025 latius

493 4058 798 4109 enumerat
826 4059 882 4109 et
907 4054 1023 4111 alia
1052 4072 1064 4109 :
1092 4056 1421 4119 avaritiam,
1456 4058 1765 4122 malitiam,
1793 4058 2015 4129 dolum,
2038 4058 2149 4114 im-

490 4141 865 4211 pudicitiam,
908 4146 1136 4198 oculum
1182 4160 1450 4215 pravum,
1491 4147 1831 4213 superbiam
1869 4151 1922 4202 et
1959 4148 2149 4202 stulti-

496 4230 639 4286 tiam
682 4232 750 4283 ⁵⁷.
785 4233 851 4287 Ut
894 4237 1096 4288 autem
1127 4232 1382 4288 breviter
1417 4239 1471 4288 et
1500 4239 1699 4305 aperte
1730 4234 1945 4301 dicam,
1996 4234 2150 4305 cogi-

494 4320 744 4375 tationes
778 4320 953 4375 mala:
994 4327 1132 4377 sunt
1178 4321 1405 4377 nocivas
1451 4323 1953 4393 concupiscentiae
1994 4340 2006 4375 :
2048 4340 2148 4380 cae-

494 4409 597 4464 des
635 4426 798 4475 vero,
840 4410 1080 4475 furtum,
1128 4410 1348 4466 falsum
1400 4412 1827 4477 testimonium,
1875 4412 2143 4479 avaritia,

495 4498 669 4553 dolus
715 4505 770 4555 et
813 4500 1091 4571 superbia
1139 4504 1277 4555 nota
1321 4505 1457 4555 sunt
1499 4517 1511 4565 ;
1557 4500 1913 4555 adulterium
1948 4508 2143 4557 autem

496 4590 602 4648 est,
673 4588 749 4641 ad
802 4588 1065 4644 alienam
1124 4604 1369 4644 uxorem
1430 4589 1711 4644 accedere
1769 4606 1781 4655 ;
1836 4590 2146 4646 fornicatio

496 4686 638 4727 vero
670 4674 748 4729 ad
778 4691 912 4730 eam
942 4693 1078 4747 quae
1119 4677 1313 4732 virum
1352 4692 1473 4733 non
1515 4677 1696 4733 habet
1729 4698 1740 4745 ;
1774 4678 2145 4750 blasphemia

570 4770 617 4804 ⁵²
658 4773 830 4826 Marc.
889 4788 986 4836 vn,
1031 4775 1118 4827 17.
1199 4775 1244 4808 ⁵³
1288 4775 1486 4831 Matth.
1524 4792 1623 4841 xu,
1667 4777 1754 4830 34.

502 4883 597 4934 vn,
632 4872 723 4926 22.

2177 2613 2339 2673 Οπος
2395 2612 2662 2685 ἐξέρχεται
2717 2613 2789 2673 εἰς
2865 2616 2949 2665 τὸν
3026 2610 3318 2685 ἀφεδρῶνα,

1833 4777 1879 4811 ⁵⁸
1924 4778 2109 4835 Marc.
2161 4795 2251 4847 vn,
2299 4777 2386 4831 22.

2256 430 2480 503 ὁδηγοὺς
2528 436 2676 491 ὄντας
2704 441 2802 483 τῶν
2831 436 3202 505 πεπηρωμένων
3244 436 3335 485 ὑπὸ
3378 445 3460 496 τῆς
3487 435 3661 507 ἀγνοίας
3686 450 3758 491 τῶν

2255 528 2485 593 Γραφών.
2538 526 2684 591 Μέγα
2733 524 2821 592 μὲν
2863 524 2963 593 γάρ
3011 526 3164 573 κακὸν
3207 526 3259 573 τὸ
3305 523 3473 594 τυφλόν
3506 523 3614 577 εἶναι
3655 547 3755 579 τινα·

2252 614 2310 661 τό
2370 607 2426 662 δὲ
2466 614 2553 661 καὶ
2602 610 2787 681 τυφλὸν
2838 614 2957 661 ὅντα
3008 606 3209 681 ὁδηγεῖν
3263 614 3414 683 ἕτερον
3460 610 3645 665 διπλοῦν
3684 618 3760 689 ἆρα

2252 703 2407 751 κακόν
2418 740 2429 752 .

2323 839 2517 910 Τυφλος
2547 871 2616 880 -
2642 839 3007 912 ἐμπεσοῦνται,
3042 848 3202 893 Τοῦτο
3235 847 3379 913 σαφές
3405 842 3544 894 ἐστιν.

2325 928 2647 999 Ἀποκριθεὶς
2702 960 2770 968 —
2800 932 3011 987 ταύτην.
3048 929 3105 981 Ὀ
3155 927 3209 981 δὲ
3258 933 3447 1003 Μάρκος
3489 936 3670 1005 εἴρηκεν,
3703 936 3758 984 ότι

2254 1018 2361 1071 Καὶ
2400 1018 2481 1069 ὅτε
2512 1017 2743 1075 εἰσῆλθεν
2766 1018 2833 1078 εἰς
2861 1016 2997 1069 οἶκον
3038 1018 3137 1069 ἀπὸ
3160 1026 3245 1070 τοῦ
3276 1019 3445 1089 ὄχλου,
3483 1019 3758 1092 ἐπηρώτησαι

2255 1106 2409 1157 αὐτὸν
2483 1108 2532 1158 οἱ
2604 1109 2837 1177 μαθηταὶ
2906 1106 3065 1158 αὑτοῦ
3172 1112 3284 1180 περὶ
3345 1116 3431 1168 τῆς
3502 1108 3756 1181 παραϐολῆς.

2252 1202 2354 1247 Τοῦ
2431 1200 2622 1267 Πέτρου
2678 1198 2778 1266 γάρ
2862 1196 3364 1269 προκαταρξαμένου,
3424 1200 3504 1247 καὶ
3565 1199 3605 1247 οἱ
3651 1196 3759 1247 ἄλλοι

2257 1289 2723 1358 συνεπηρτπησαν.
2798 1283 3105 1357 Παραϐολήν
3159 1280 3217 1335 δε
3246 1283 3475 1335 καλοῦσιν
3508 1282 3761 1357 Ἑϐραῖοιτὸ

2252 1374 2489 1442 αἴνιγμα,
2559 1376 2645 1423 τὸν
2733 1376 2991 1425 σκοτεινὸν
3081 1372 3249 1443 λόγον.
3313 1377 3405 1425 Καὶ
3464 1371 3557 1423 ἐπεὶ
3590 1369 3695 1423 εἶπεν
3743 1373 3761 1421 ὁ

2572 1460 2821 1535 ἀνωτέρω,
2905 1463 2983 1514 ὅτι
3065 1465 3134 1513 Τὸ
3188 1464 3550 1532 ἑκπορευόμενον
3596 1460 3641 1511 ἐκ
3696 1466 3763 1510 τοῦ

2254 1554 2530 1622 στόματος,
2603 1557 2755 1600 τοῦτο
2822 1557 2987 1601 κοινοῖ
3048 1552 3135 1600 τὸν
3193 1551 3462 1623 ἄνθρωπον·
3514 1545 3621 1611 εἶτα,
3661 1548 3762 1596 καθά

2252 1658 2380 1709 φησι
2434 1641 2665 1710 Μάρκος,
2726 1636 3001 1708 ἐπήγαγεν,
3070 1640 3147 1689 ὅτι
3187 1637 3242 1689 Ὀ
3291 1641 3417 1709 ἔχων
3471 1634 3564 1687 ὦτα
3608 1633 3762 1685 ἀκούειν

2599 1732 2687 1778 καὶ
2766 1723 2934 1789 ἔδοξεν
3025 1726 3203 1788 αὐτοῖς
3299 1725 3490 1797 ἀσαφὴς
3548 1725 3568 1774 ὁ
3633 1722 3757 1792 λόγος’

2252 1726 2503 1778 ἀκουέτω·
2599 1732 2687 1778 καὶ
2766 1726 2934 1788 ἔδοξεν
3025 1726 3203 1788 αὐτοῖς

2250 1814 2548 1888 παραϐολὴν
2653 1823 2831 1867 τοῦτον
2952 1815 3312 1887 ὀνομάσαντες,
3397 1814 3601 1887 ἐρωτῶσι
3677 1814 3762 1881 περὶ

2250 1907 2463 1960 τούτου,

2320 2037 2377 2089 Ὀ
2418 2033 2477 2089 δὲ
2507 2036 2713 2095 Ἰησοῦς
2748 2067 2809 2077 -—
2838 2034 2953 2088 ἐστε
2986 2052 2999 2101 ;
3036 2038 3260 2108 Ἀκμὴν,
3292 2034 3398 2086 ἀντὶ
3438 2041 3520 2086 τοῦ
3546 2036 3625 2087 ἔτι.
3671 2032 3761 2085 Κατ’

2251 2126 2502 2200 ἐρώτησιν
2535 2122 2594 2178 δε
2623 2129 2711 2177 καὶ
2736 2131 2887 2177 τοῦτο
2913 2129 3002 2177 καὶ
3029 2127 3095 2177 τὰ
3127 2124 3239 2196 (81)
3271 2123 3399 2186 ἑξῆς.

2324 2263 2483 2311 Οὔπω
2520 2289 2589 2299 -
2654 2258 2949 2311 ἐκϐάλλεται
2990 2276 3003 2324 ;
3044 2258 3104 2315 Ὀ
3175 2255 3233 2310 δὲ
3284 2260 3481 2331 Μάρκος
3520 2256 3662 2318 εἰπὼν,
3706 2256 3763 2303 ὁτι

2254 2353 2353 2401 Καὶ
2442 2348 2511 2408 εἰς
2583 2350 2666 2399 τόν
2741 2344 3012 2420 ἀφεδρῶνα
3090 2346 3433 2419 ἐκπορεύεται,
3493 2344 3763 2417 προσέθηκεν,

2248 2443 2367 2488 Ὀτι
2413 2438 2694 2508 καθαρίζον
2747 2436 2861 2506 (82)
2915 2438 3084 2488 πάντα
3132 2438 3201 2487 τά
3261 2433 3514 2507 βρώματα,
3563 2434 3763 2493 τουτέστι,

2250 2527 2454 2596 καθα,οά
2511 2524 2861 2597 ἀπολιμπάνων
2919 2525 3052 2595 (83).
3111 2529 3212 2577 Καὶ
3258 2526 3355 2595 γὰρ
3400 2525 3422 2574 ό
3470 2518 3680 2578 δηλωθεὶς

3400 2611 3583 2681 καθαρά
3643 2606 3765 2677 ἀφιεὶς

2252 2699 2396 2754 ἔνδον
2425 2705 2594 2753 πάντα
2630 2704 2696 2753 τὰ
2727 2700 3002 2776 βρώματα,
3048 2703 3152 2753 ὅσα
3197 2697 3399 2759 δηλαδὴ
3439 2700 3763 2771 παρακατέσχεν

2252 2794 2281 2849 ἡ
2319 2795 2495 2861 φύσις.

2323 2904 2518 2980 [Ἐδρα
2546 2907 2659 2978 (84)
2682 2909 2771 2979 μεν
2810 2909 2868 2959 rb
2891 2909 3044 2980 μέρος
3074 2913 3168 2959 τοῦ
3193 2912 3450 2979 σώματος,
3473 2898 3667 2973 ἀφεδρὼν
3687 2894 3765 2949 citri

2253 3001 2457 3068 κοπρών
2485 2995 2619 3066 (85).
2652 2994 2673 3067 ]

2324 3217 2402 3267 Τά
2440 3244 2504 3256 -
2542 3216 2830 3287 ἄνθρωπον.
2889 3217 3077 3289 Εἶρηκε
3129 3218 3231 3289 γὰρ
3284 3218 3368 3266 καὶ
3416 3214 3529 3283 πρὸς
3572 3216 3629 3276 τῷ
3676 3204 3770 3255 Tt?“

2254 3311 2347 3355 τοῦ
2407 3303 2645 3355 εἰκοστοῦ
2700 3300 2943 3377 δευτέρου
2980 3303 3287 3375 κεφαλαίου,
3354 3302 3430 3355 ὅτι
3489 3299 3537 3350 ἐκ
3581 3302 3654 3347 τοῦ
3702 3310 3769 3342 πε·

2253 3395 2599 3465 ρισσεύματος
2648 3401 2741 3453 τῆς
2790 3389 3011 3467 καρδίας
3084 3396 3146 3444 τὸ
3212 3396 3380 3464 στόμα
3446 3387 3587 3441 λαλεῖ.
3643 3382 3772 3467 '5va-

2252 3483 2488 3553 μούμεθα
2564 3482 2676 3551 (86)
2747 3466 2865 3554 γὰρ
2916 3490 3114 3555 πρῶτον
3195 3483 3244 3533 ἐν
3310 3487 3371 3551 τῇ
3446 3472 3632 3549 καρδίᾳ,
3694 3466 3770 3520 εἶτα

2253 3574 2311 3620 rb
2361 3570 2640 3641 ἐνθυμηθεν
2707 3569 2951 3641 ἐξάγομεν
2996 3566 3089 3621 διὰ
3162 3577 3257 3622 τοῦ
3310 3572 3569 3640 στόματος.
3617 3564 3695 3615 Καὶ
3732 3558 3770 3607 τὸ

2254 3662 2342 3730 μὲν
2450 3660 2627 3720 ἔξωθεν
2717 3658 3162 3733 εἰσπορευόμενον,
3253 3658 3349 3720 ἔξω
3430 3655 3567 3707 πάλιν
3634 3652 3767 3720 χωρεῖ·

2176 3742 2219 3795 D
2252 3750 2310 3799 rb
2379 3744 2437 3798 δε
2486 3749 2672 3799 ἔσωθεν
2725 3746 3143 3822 ἐκπορευόμενον,
3196 3750 3300 3800 ἔσω
3356 3743 3498 3799 πάλιν
3552 3744 3680 3813 μένει,
3711 3735 3774 3783 καὶ

2254 3840 2467 3907 μιαίνει.

2328 3969 2415 4021 Ἐκ
2490 3999 2555 4009 -
2619 3968 2972 4041 βλασφημίαι.
3040 3967 3097 4020 Ὀ
3154 3966 3215 4021 δὲ
3289 3969 3491 4042 Μάρκος
3541 3961 3777 4027 πλατύτίρσδ

2259 4057 2630 4131 ἀπαριθμεῖται
2732 4062 2820 4108 καὶ
2919 4058 3081 4129 ἕτερα·
3188 4056 3495 4119 πλεονεξίαν,
3572 4051 3775 4117 πονηρίαι,

2260 4144 2430 4215 δόλον,
2535 4144 2831 4217 ἀσέλγειαν,
2942 4145 3207 4218 ὀφθαλμὸν
3318 4146 3549 4217 πονηρὸν,
3646 4138 3781 4204 {impr

2259 4241 2439 4308 φανίαν
2498 4240 2586 4287 καὶ
2675 4234 2989 4306 ἀφροσύνην·
3067 4240 3339 4307 συντόμως
3420 4230 3475 4285 δὲ
3534 4232 3611 4280 καὶ
3663 4221 3781 4308 ἁπλῶς

2258 4326 2435 4391 εἰπεῖν,
2495 4320 2830 4394 διαλογισμοὶ
2908 4327 2997 4393 μέν
3060 4323 3167 4375 εἰσι
3236 4325 3453 4395 πονηροὶ
3506 4320 3564 4369 τὰ
3615 4308 3783 4395 βλαϐερπ

2257 4413 2613 4485 ἐνθυμήματα·
2656 4414 2680 4463 ὁ
2708 4408 2767 4464 δε
2797 4417 2959 4483 φόνος,
3012 4417 3099 4463 καὶ
3132 4414 3161 4469 ἠ
3212 4412 3405 4480 κλοπή,
3448 4413 3531 4460 καὶ
3578 4394 3783 4485 bimis-

2256 4506 2539 4575 μαρτυρία,
2586 4506 2676 4553 καὶ
2760 4503 2789 4559 ἠ
2846 4500 3110 4563 πλεονεξία
3192 4505 3284 4553 καὶ
3364 4502 3389 4551 ὁ
3442 4495 3594 4560 δόλος,
3648 4492 3716 4540 καὶ
3761 4501 3779 4535 ιτ

2256 4592 2599 4663 ὑπερηφανία,
2656 4594 2912 4663 γνώριμα.
2974 4595 3209 4660 Μοιχεία
3255 4586 3315 4642 δέ
3373 4587 3481 4640 ἐστι
3536 4588 3587 4635 τό
3626 4580 3679 4637 εἰς
3722 4576 3783 4627 τὴν

2256 4676 2519 4750 ὗπανδρον
2572 4678 2685 4750 (87)
2736 4677 2985 4730 ἀπελθεῖν·
3025 4683 3242 4752 πορνεία
3296 4674 3356 4731 δε
3405 4680 3461 4727 τὸ
3518 4672 3579 4731 εἰς
3618 4671 3687 4722 τέ’
3729 4661 3779 4729 μὴ

2465 4778 2511 4811 ⁵⁵
2553 4775 2697 4831 ibid.
2742 4777 2828 4831 19.
2908 4778 2961 4811 ⁸⁸
3006 4777 3211 4833 Matth.
3254 4792 3381 4841 xm,
3419 4772 3506 4831 34.
3577 4770 3615 4803 ⁵⁷
3657 4765 3784 4820 Marc.

1728 4971 1944 5039 Varias
1984 4973 2313 5042 lectiones
2346 4979 2414 5041 et
2453 4981 2655 5039 notas.

567 5083 683 5155 (8t)
716 5085 1033 5159 Hentenius
1073 5085 1287 5159 omittit
1321 5085 1491 5157 ἀκμὴν
1521 5087 1710 5151 -ἔτι,
1739 5086 2011 5159 relinque
2045 5104 2147 5143 au-

498 5160 619 5211 tem
646 5171 782 5209 cum
813 5157 1082 5225 proximo
1111 5157 1336 5213 scholio
1359 5159 1680 5228 conjungit.

712 5228 1039 5300 Καθαρίζων,
1075 5231 1141 5281 Α.

573 5297 685 5368 (83)
715 5297 1128 5369 Ἀπολιμπάνων,
1165 5305 1201 5351 Α
1214 5338 1225 5349 .

570 5369 686 5440 (84)
720 5369 947 5423 Inclusa
981 5369 1159 5424 habet
1184 5370 1242 5422 in
1283 5384 1473 5436 marg.
1508 5373 1565 5425 Β.

570 5374 686 5510 (84)
720 5374 947 5423 Inclusa
981 5374 1159 5424 habet
1184 5374 1242 5422 in
1283 5384 1473 5436 marg.
1508 5374 1565 5425 Β.

570 5443 661 5508 (85
728 5446 941 5511 Κοπρών
975 5457 1095 5495 non
1138 5448 1227 5495 est
1262 5445 1500 5505 stercus,
1550 5446 1611 5497 ut
1652 5443 1909 5501 reddidit
1949 5448 2154 5501 Hente-

498 5511 652 5588 nius.
700 5513 846 5588 Nam
882 5512 1063 5588 idest
1104 5516 1314 5583 κόπρος.
1366 5511 1715 5588 δθάικο-πρών
1766 5521 1853 5573 est
1893 5522 2155 5588 recepta-

499 5580 701 5637 culum
733 5582 1023 5649 stercoris,
1052 5598 1175 5655 quo
1205 5580 1431 5639 Stercus
1456 5580 1704 5653 ejicit'ur.

2324 5090 2436 5158 (86)
2480 5088 2905 5159 Ἐνθυμούμενος,
2933 5091 2997 5160 Α.
3132 5158 3137 5160 Α
3341 5158 3349 5160 _
3491 5156 3501 5160 _
3654 5150 3664 5160 .

2330 5146 2440 5229 (87)
2486 5160 2571 5214 Ita
2601 5146 2846 5230 uterque
2868 5146 3084 5214 'codex.
3112 5158 3418 5230 Atqueiita
3434 5146 3789 5230 etiamyidetil;

2257 5223 2824 5310 legisseHentenius,
2854 5230 3106 5310 Πλεῖ-πρός
3132 5223 3269 5285 loco
3287 5229 3356 5289 εἰς
3372 5223 3651 5310 invenerit.

2259 5288 2385 5373 ipse
2412 5302 2588 5356 etiam
2615 5288 2838 5356 malim.
2875 5301 2990 5356 Sed
3017 5288 3176 5356 idem
3193 5288 3789 5373 moxreperitur-foif‘f

2264 5362 2496 5424 ἀπελθεῖν
2523 5378 2864 5443 corruptum
2891 5378 3003 5435 est,
3092 5371 3213 5426 uod
3242 5387 3366 5427 non
3398 5362 3625 5426 memini
3650 5362 3789 5427 lege?e

2264 5444 2373 5497 hoc
2404 5460 2601 5497 sensu.
2638 5443 2857 5497 Deinde
2882 5443 2951 5497 εἰς
2981 5388 3221 5497 videtur
3251 5448 3462 5497 notare
3487 5452 3598 5493 non
3623 5432 3688 5488 ad
3719 5420 3787 5478 sed

2264 5444 2373 5498 hoc
2404 5460 2601 5498 sensu.
2638 5432 2857 5498 Déinde
2882 5443 2951 5505 εἰς
2981 5432 3221 5497 ridetur
3251 5448 3462 5497 notare
3487 5452 3598 5493 non
3623 5432 3688 5488 ad
3715 5444 3737 5505 ξ

2264 5520 2498 5587 contra,
2533 5518 2594 5570 ut
2618 5521 2881 5587 παροινεῖν
2912 5499 3009 5587 εἷς..
3034 5513 3286 5587 R_aror_ia
3312 5518 3699 5587 saepenumele
3715 5499 3790 5587 Et?

2266 5572 2532 5657 thymius
2558 5572 2805 5641 adhibet
2842 5572 3154 5641 vocabula.
3202 5584 3376 5641 Forte
3398 5572 3622 5652 scripsit
3648 5572 3787 5625 asan-
