3906 6202
154 212 238 270 449
1013 200 1388 261 COMMENT.
1435 198 1505 256 ΙΝ
1544 199 1649 255 ΜΛ

1813 196 1992 255 ΕΗΜ.
2032 229 2103 242 --
2141 198 2302 257 CAP.
2341 200 2459 257 XV.

3309 204 3414 261 450

157 338 333 408 ἔχουσαν
372 327 529 404 ἄνδρα·
569 326 889 403 βλασφημία
932 322 991 380 δέ
1020 330 1079 380 τό
1106 326 1336 388 ὑϐρίζειν
1378 328 1465 379 τὸν
1496 328 1646 390 Θεὸν,

1813 328 1966 380 utem
1995 339 2124 381 esse
2155 327 2275 381 Deo
2305 324 2804 381 contumeliosum
2834 325 2924 381 vel
2954 324 3273 396 ingratum,
3308 332 3414 384 aut

157 430 180 485 ἡ
222 424 458 496 ἀχαριστεῖν
495 418 628 489 αύτῷ
682 419 713 477 ἧ
769 419 1062 490 μέμφεσθαι
1113 421 1274 487 αύτῷ·
1317 419 1542 490 πονηρία
1590 411 1649 467 δὲ

152 518 199 566 τό
238 511 399 584 μελετᾷ-θ
442 507 540 579 (88)
589 508 727 559 κατὰ
777 525 932 571 τινος,
976 506 1005 564 ἦ
1059 504 1456 577 ὑπολαμϐάνειν,
1487 503 1523 555 ἃ
1573 507 1645 576 μὴ

146 606 237 675 χρὴ
280 603 369 672 περὶ
412 596 573 648 αὐτοῦ*
625 594 868 666 ἀσέλγεια
921 591 980 647 δὲ
1022 597 1051 653 ἠ
1109 593 1493 666 ἀρσενοκοιτία,
1559 599 1649 646 καὶ

143 694 177 742 εἰ
228 709 269 740 τι
332 693 531 739 τοιοῦτον
601 683 903 737 ἀκόλαστον·
986 682 1245 755 ὀφθαλμὸν
1312 679 1372 735 δὲ
1426 685 1649 757 πονηρὸν

142 778 309 829 ἐνταῦθα
354 776 487 846 λέγει,
538 778 633 832 τὴν
683 771 976 846 βασκανίαν
1032 772 1193 844 (89)·
1254 770 1517 846 ἀφροσύνη
1591 767 1651 824 δὲ

139 872 283 941 κυρίως
322 868 372 916 τὸ
420 868 484 937 μὴ
534 859 725 916 εἰδέναι
770 867 856 915 τόν
904 865 1051 916 Θεὸν.
1107 858 1230 915 Εἶπε
1292 862 1416 935 γὰρ,
1466 865 1646 933 φησὶν,

141 956 271 1025 ἄρρων
328 953 369 1005 ἐν
413 950 606 1028 καρδίᾳ
662 951 840 1005 αὐτοῦ’
892 950 1004 1004 Ούκ
1060 951 1173 1003 ἔστι
1234 953 1378 1016 Θεὸς,
1432 948 1535 1002 εἰσὶ
1590 945 1650 1002 δέ

136 1048 203 1095 καὶ
256 1042 394 1116 ἕτεραι
460 1045 639 1094 κακίαι
711 1060 918 1115 μύριαι.
974 1039 1226 1109 Παρίλιπε
1278 1035 1337 1092 δέ
1386 1046 1475 1090 νῦν
1533 1039 1647 1109 (90)

134 1133 276 1191 ταύτας
313 1132 334 1182 ὁ
377 1134 623 1202 Χριστὸς,
675 1126 770 1183 διὰ
814 1134 872 1181 τό
924 1127 1095 1202 ἀρκεῖν
1143 1131 1209 1181 τὰ
1254 1128 1479 1201 ῥηθέντα
1522 1129 1648 1199 πρὸς

132 1226 203 1277 τὴν
242 1217 447 1272 κάκείνων
497 1215 808 1290 διάγνωσιν,
849 1224 1028 1271 Ταῦτα
1087 1212 1145 1269 δὲ
1195 1218 1364 1269 πάντα
1433 1213 1488 1267 ἐκ
1558 1222 1648 1275 τῆς

130 1305 300 1383 καρδίας
322 1304 441 1362 εἶπεν
482 1306 813 1383 ἐξέρχεσθαι,
846 1303 987 1359 διότι
1027 1307 1122 1367 τὰς
1158 1303 1333 1379 ἀρχὰς
1388 1303 1442 1367 ἒξ
1483 1303 1648 1365 αὐτῆς

127 1399 311 1468 ἔχουσιν.
376 1396 558 1471 Ἀρχαὶ
638 1400 741 1471 γὰρ
821 1397 1013 1449 τούτων
1080 1396 1135 1447 αἱ
1199 1393 1526 1466 ἐνθυμήσεις,
1590 1393 1648 1453 ἃς

1760 411 1929 469 illum
1947 428 2228 469 accusare
2261 430 2274 479 ;
2303 413 2525 469 malitia
2550 418 2638 469 est
2656 413 2915 482 cogitare
2938 413 3098 470 mala
3123 414 3412 471 adversus

1763 500 2043 573 aliquem,
2083 505 2186 557 aut
2223 502 2512 574 suspicari
2552 500 2620 557 de
2663 501 2760 557 illo
2804 518 2940 573 qure
2975 517 3095 557 non
3143 507 3406 575 oportet:

1762 588 2129 660 impudicitia
2173 595 2262 644 est
2307 589 2658 645 concubitus
2698 605 2834 644 cum
2897 590 3185 654 masculo,
3232 593 3334 647 aut
3362 591 3413 646 si

1761 693 1897 749 quas
1923 676 2375 747 esthujusmodi
2408 677 2930 747 lascivia;oculum
2962 683 3160 733 autem
3183 678 3411 734 malum

1763 771 1933 822 vocat
1964 766 2248 821 invidiam
2280 783 2294 832 ;
2328 765 2571 821 stultitia
2600 781 2743 822 vero
2770 765 3007 837 proprie
3025 771 3245 823 estnon
3274 781 3411 822 nos-

1763 868 1825 909 se
1858 856 2041 910 Deum
2073 855 2275 911 :Dixit
2294 854 2531 920 stultus,
2551 853 2743 925 inquit
2764 854 2828 909 in
2853 854 3023 910 corde
3036 855 3301 919 suo,Non
3327 859 3411 911 est

1760 943 1920 999 Deus
1948 944 2016 998 ⁵⁸.
2052 943 2200 999 Sunt
2233 947 2434 998 autem
2463 945 2521 996 et
2550 940 2669 996 alia
2710 941 2874 996 mala
2923 941 3237 998 innumera
3274 956 3410 1013 quas

1760 1045 1922 1087 nunc
1965 1028 2346 1102 praetermisit
2377 1028 2664 1095 Christus,
2716 1043 2786 1083 eo
2810 1028 2977 1100 quod
3015 1026 3315 1084 sufﬁciant
3341 1044 3414 1085 ea

1760 1133 1897 1191 quae
1928 1118 2079 1173 dicta
2105 1123 2266 1182 sunt,
2299 1117 2378 1173 ad
2406 1116 2756 1173 habendam
2794 1116 2967 1171 etiam
2999 1115 3236 1171 illorum
3258 1116 3411 1172 noti-

1761 1207 1924 1262 tiam.
1953 1206 2083 1262 Haec
2123 1221 2266 1277 ergo
2296 1221 2333 1262 a
2362 1205 2539 1262 corde
2570 1204 2717 1260 dixit
2740 1203 2963 1274 egredi,
3016 1204 3308 1276 quoniam
3333 1204 3412 1261 ab

1759 1294 1861 1352 illo
1904 1294 2256 1367 principium
2298 1294 2543 1351 habent.
2587 1293 2807 1349 Horum
2869 1299 3067 1349 autem
3120 1292 3414 1365 principia

1761 1383 2257 1455 concupiscentiae
2284 1386 2442 1452 sunt,
2470 1398 2601 1454 qua:
2631 1398 2666 1437 a
2688 1383 2864 1437 corde
2886 1382 3078 1438 solent
3106 1396 3409 1437 emanare.

124 1483 343 1560 ἠκαρδία
405 1470 659 1557 πηγάζειν
708 1485 898 1539 εἰωθεν.
954 1482 1099 1537 Ἐπεὶ
1156 1478 1215 1535 δι
1270 1484 1326 1535 ἑκ
1374 1491 1472 1543 τῆς
1516 1501 1646 1558 καρ-

1816 1472 1913 1529 uia
1940 1486 2084 1528 vero
2118 1487 2153 1527 a
2171 1470 2371 1535 corde,
2391 1470 2638 1527 omnino
2670 1470 2845 1526 etiam
2871 1471 2949 1526 ab
2974 1484 3076 1526 ore
3101 1470 3413 1541 egrediun-

126 1570 211 1633 δίας
262 1572 535 1647 ἐξέρχονται
561 1613 576 1640 ,
656 1575 861 1635 πάντως
924 1577 1014 1625 καὶ
1080 1570 1134 1624 ἐκ
1200 1576 1293 1623 τοῦ
1370 1575 1646 1644 στόματος,

122 1664 211 1714 ὅταν
272 1663 680 1735 ύπερϐλυσὰντων
734 1661 888 1734 (91)
943 1659 992 1713 ἐν
1064 1667 1126 1733 τῇ
1204 1655 1438 1734 καρδίᾳ,
1495 1655 1650 1717 δίκην

120 1758 294 1822 πονηροῦ
362 1759 533 1824 χυμοῦ
564 1793 581 1818 ,
631 1752 693 1804 τὸ
769 1756 1067 1824 περιττεῦον
1128 1747 1464 1822 ἕξεμεσθῆναι
1532 1745 1651 1820 βιά-

123 1858 256 1896 σεται.

168 1951 309 1997 Ταῦτα
366 1976 429 1988 -
500 1945 796 2021 ἄνθρωπον,
853 1946 1113 2006 Μαθόντες
1181 1941 1290 2003 ἤδη
1355 1947 1445 1997 καὶ
1500 1944 1650 2015 ἡμεῖς

115 2033 163 2082 τὰ
212 2036 450 2103 μιαίνοντα
538 2038 632 2086 τὸν
707 2035 974 2109 ἄνθρωπον
1003 2076 1020 2104 ,
1092 2035 1288 2091 ταύτην
1371 2033 1476 2105 οἷρα
1555 2036 1648 2090 τὴν

116 2120 316 2194 ῥυπαρίαν
384 2121 750 2198 ἀπορῥὶψωμεν
778 2166 794 2192 ,
847 2126 936 2181 τὴν
1000 2118 1325 2180 κηλιδοῦσαν
1389 2123 1483 2178 τὴν
1548 2118 1650 2190 ψυο

114 2211 210 2276 χήν.
257 2208 355 2262 Ἐὰν
392 2212 491 2286 γὰρ
550 2210 691 2272 ὅλοις
760 2216 1015 2283 ποταμοῖς
1084 2212 1140 2261 τὸ
1217 2218 1369 2281 σῶμα
1434 2207 1645 2280 λούσῃς,

113 2292 227 2347 ούδεν
272 2298 429 2369 ὄφελος
453 2341 472 2370 ,
543 2298 850 2373 ἁκαθὰρτου
930 2301 1189 2371 μενούσης
1266 2297 1461 2362 αὐτῆς,
1535 2300 1649 2359 ἥτις

111 2379 233 2437 ύδατι
292 2382 517 2462 δακρύων
602 2392 697 2440 καὶ
759 2389 1072 2463 καθαρσίοις
1134 2389 1325 2462 ἀρετῶν
1410 2384 1651 2438 ἀπολούε-

110 2490 193 2527 ται.

370 2677 517 2731 ΚΕΦ.
561 2675 675 2739 ΚΘ,
708 2675 833 2744 Περὶ
878 2678 975 2733 τῆς
1001 2674 1319 2730 Χαναναίας.

170 2761 246 2809 Καὶ
283 2789 343 2800 -
388 2758 640 2822 Σιδῶνος.
679 2760 847 2813 Αὗται
902 2759 958 2812 αἱ
1001 2759 1172 2821 πόλεις
1201 2767 1301 2811 τῶν
1346 2759 1649 2812 Χαναναίων

111 2839 228 2898 ἔσω.
292 2854 401 2910 Πῶς
466 2846 580 2917 οὖν,
651 2856 757 2910 τοῖς
815 2850 1076 2920 μαθηταῖς
1160 2847 1522 2920 ἐντειλάμενος,
1582 2843 1651 2905 εἰς

106 2928 198 2984 ὁδὸν
218 2932 350 2988 ἐθνῶν
376 2943 446 3010 μή
499 2936 763 3003 ἀπελθεῖν,
797 2937 954 2999 αὐτὸς
991 2937 1199 2990 ἄπεισιν
1219 2955 1237 3007 ς,
1289 2935 1401 2989 Ούκ
1455 2933 1652 2995 ἀπῆλθε

102 3021 303 3092 κηρύξειν·
379 3026 451 3088 εἰς
514 3033 681 3081 τοῦτο
751 3028 855 3098 γὰρ
907 3029 999 3078 καὶ
1047 3029 1170 3086 τοὺς
1229 3026 1465 3097 μαθητὰς
1522 3024 1650 3077 ἑκὼ-

101 3106 234 3161 λυσενδ
287 3112 405 3167 ἄλλά
477 3115 643 3169 θέλων
716 3110 968 3167 ἀδειάσαι
1018 3113 1135 3187 (92)
1174 3115 1378 3187 μικρόν.
1425 3116 1513 3167 Διό
1561 3118 1651 3168 καὶ

99 3202 195 3267 μετὰ
239 3204 289 3254 τό
332 3200 567 3257 ἀπελθεῖν
603 3244 617 3269 ,
666 3206 735 3267 ὡς
793 3204 819 3254 ὁ
876 3204 1091 3277 Μάρκος
1164 3201 1298 3256 εἶπεν
1333 3244 1347 3269 ,
1412 3202 1653 3257 εἰσελθὼν

100 3289 153 3347 είς
186 3287 283 3361 (93)
320 3291 506 3362 οἰκίαν,
535 3290 734 3346 οὐδένα
756 3291 903 3350 ἤθελε
929 3299 1140 3363 γνῶναι,
1174 3296 1265 3345 καὶ
1291 3290 1385 3345 ούκ
1411 3288 1651 3351 ἠδυνήθη

98 3370 249 3433 λαθεῖν.

150 3487 235 3536 liii
257 3515 320 3526 —
367 3487 530 3543 αὐτῶ.
574 3486 638 3539 ⁸0
690 3483 752 3540 δι
792 3487 1005 3563 Μάρκος
1034 3490 1212 3558 φησίνο
1249 3485 1346 3539 Ἧν
1378 3483 1438 3540 δὲ
1458 3489 1489 3547 ἠ
1520 3493 1652 3560 γυνὴ

94 3566 294 3637 Ἑλληνίς,
364 3580 520 3652 Σύρα,
617 3578 925 3629 Φοινίκισσα
991 3582 1064 3627 τῶ
1136 3579 1290 3648 γένει,
1367 3580 1650 3646 τουτέστιν,

92 3655 282 3724 ’ωηνίς
328 3668 413 3735 μὶν
460 3670 560 3725 τὴν
623 3666 903 3738 θρησκείαν
960 3666 1096 3737 Σύρα
1153 3661 1213 3717 δὲ
1260 3672 1324 3738 τῇ
1377 3661 1652 3739 διαλέκτῳ,

1761 1565 1911 1617 tur:
1979 1559 2225 1633 quando
2272 1559 2339 1616 in
2414 1559 2591 1615 corde
2657 1559 2987 1614 ebulliendo
3041 1558 3103 1613 in
3158 1557 3411 1614 modum

1762 1649 1905 1706 mali
1977 1647 2270 1713 humoris,
2361 1648 2526 1721 quod
2601 1647 2977 1720 superﬂuum
3043 1651 3129 1703 est
3213 1646 3412 1703 evomi

1762 1737 2011 1809 cogitur.

1836 1986 1995 2040 Vera.
2061 1985 2158 2040 20.
2219 1984 2360 2038 Haec
2403 2012 2473 2022 —
2535 1982 2826 2038 hominem.
2879 1981 3139 2039 Scientes
3199 1986 3256 2038 et
3299 1998 3413 2040 nos

1761 2072 2044 2144 deinceps
2077 2087 2215 2144 quia
2246 2071 2365 2127 sint
2388 2086 2461 2127 ea
2490 2086 2626 2143 quae
2654 2070 2963 2126 hominem
2985 2070 3411 2138 contaminant,

1760 2162 1920 2219 hanc
1936 2176 2078 2219 sane
2094 2160 2540 2217 immunditiam
2556 2159 2937 2230 abjiciamus,
2958 2176 3093 2233 quas
3107 2159 3411 2215 sordidam

1760 2250 1955 2307 reddit
1984 2250 2273 2306 animam.
2305 2248 2367 2304 Si
2415 2249 2575 2305 enim
2607 2248 2739 2320 ipsa
2779 2248 2852 2303 sit
2879 2249 3137 2320 impura,
3186 2247 3414 2304 etiamsi

1761 2338 1896 2395 totis
1924 2337 2279 2393 ﬂuminibus
2306 2352 2526 2408 corpus
2555 2335 2796 2401 laveris,
2818 2336 2961 2391 nihil
2984 2335 3089 2392 tibi
3113 2335 3411 2408 proderit;

1762 2426 1864 2484 illa
1890 2442 2050 2492 vero,
2108 2441 2269 2499 aqua
2312 2425 2711 2497 lacrymarum
2743 2428 2800 2480 et
2846 2423 3258 2496 puriﬁcatione
3302 2424 3411 2479 vir-

1762 2518 1958 2571 tutum
1980 2513 2257 2571 abluitur.

1682 2603 1724 2659 C
1830 2619 1992 2677 CAP.
2033 2620 2217 2675 XXIX.
2246 2619 2330 2674 De
2354 2617 2701 2676 Phwnioissa
2728 2619 2840 2672 sive
2872 2616 3226 2676 Chanana’a.

1830 2727 1991 2783 Vers.
2018 2727 2108 2785 2t.
2135 2727 2212 2781 Et
2237 2755 2306 2767 —
2330 2724 2589 2781 Sidonis.
2633 2725 2733 2779 Ηεο
2776 2722 3046 2779 civitates
3073 2722 3410 2780 Chananeo

1758 2832 1894 2873 rum
1919 2818 2109 2872 erant.
2141 2812 2457 2879 Quomodo
2485 2827 2628 2883 ergo
2657 2812 2761 2885 qui
2792 2810 3098 2884 discipulis
3128 2810 3414 2884 prmcepit

1759 2921 1834 2961 ne
1873 2905 1933 2961 in
1967 2905 2125 2960 viam
2154 2903 2404 2973 gentiam
2433 2901 2664 2958 abirent
2686 2901 2755 2967 ⁵³,
2787 2901 2913 2973 ipse
2944 2899 3113 2956 abit?
3132 2903 3259 2957 Non
3288 2899 3414 2958 abit

1758 2992 2211 3066 praedicaturus,
2247 2991 2355 3047 sed
2389 2995 2453 3047 ut
2481 2989 2794 3063 paululum
2824 2989 3242 3062 requiesceret.
3270 2988 3412 3047 Ideo

1759 3082 1939 3139 etiam
1969 3086 2292 3153 postquam
2319 3078 2578 3143 abiisset,
2608 3080 2917 3149 ingressus
2937 3081 3210 3147 domum,
3237 3080 3417 3150 prout

1762 3173 1989 3226 Marcus
2029 3167 2108 3224 ait
2149 3169 2219 3233 5°,
2257 3167 2561 3237 neminem
2612 3167 2758 3224 scire
2809 3166 3018 3231 voluit,
3061 3182 3171 3224 nec
3221 3166 3416 3239 potuit

1762 3260 1962 3317 latere.

1837 3488 1994 3545 Vers.
2019 3489 2110 3543 22.
2144 3488 2211 3543 Et
2234 3516 2303 3526 --
2327 3501 2406 3543 an
2436 3499 2585 3542 eum.
2617 3487 2842 3543 Marcus
2880 3484 2963 3541 ait
2994 3500 3007 3539 :
3052 3483 3208 3539 Erta
3232 3490 3414 3541 autme

1762 3578 1980 3635 mulier
2010 3577 2216 3633 erca.
2258 3578 2436 3646 Syra,
2494 3572 2880 3641 Phaenicissa,
2928 3573 3044 3630 hoc
3075 3578 3162 3628 est
3206 3572 3414 3631 Graeca

1762 3667 2006 3740 quidem
2048 3664 2352 3736 religione,
2410 3665 2559 3736 Syra
2593 3679 2735 3719 vero
2773 3661 3002 3733 lingua.
3063 3661 3415 3719 thnicissa

95 3750 357 3806 Φοινίκισσα
402 3750 460 3806 δε
509 3763 591 3825 τῷ
640 3757 813 3825 γένει,
871 3755 1037 3805 εἶτουν
1088 3760 1161 3823 τῷ
1218 3755 1367 3808 ἔθνει.
1428 3759 1650 3817 Φοίνικες

1813 3772 1904 3812 ero
1926 3770 2142 3825 genere
2172 3755 2294 3809 sive
2320 3758 2514 3824 gente.
2548 3751 2851 3809 Phwnices
2897 3751 3054 3807 enim
3111 3750 3413 3807 Chananae

89 3838 173 3906 γὰρ
221 3843 265 3890 οἱ
310 3848 599 3896 Χαναναῖοι
668 3842 900 3914 ἐλέγοντο
932 3880 946 3905 ,
1024 3837 1118 3894 διὰ
1193 3845 1250 3894 τὸ
1335 3845 1653 3917 μητρόπολιν

93 3924 213 3993 igua
270 3934 353 3987 τὸν
402 3938 673 3989 Φοινίκην.
731 3931 1036 3986 Ἀκούσασα
1085 3929 1148 3985 δε
1196 3930 1360 3986 πάλαι
1412 3936 1504 4007 μὲν
1558 3939 1653 3993 τὴν

90 4017 238 4084 φήμην
280 4020 444 4089 αὐτοῦ,
493 4029 591 4074 νῦν
643 4017 723 4089 δὲ,
776 4021 858 4073 ὅτι
916 4021 1031 4093 (94)
1080 4018 1490 4095 ἐπιδεδήμηκεν,
1546 4020 1654 4075 ἁνι-

87 4119 273 4169 χνευσει
298 4108 461 4164 αὐτόν.

143 4223 260 4301 [(95)
299 4234 740 4309 Συροφοινίκισσά
792 4233 907 4307 (96)
956 4238 1096 4287 ἐστιν
1139 4237 1170 4293 ἡ
1220 4234 1440 4289 ἕκάστου
1468 4236 1648 4309 ψυχὴ,

84 4315 275 4385 ἔχουσα,
324 4325 559 4397 καθὰπερ
622 4324 902 4396 θυγατέρα,
947 4327 1042 4383 τὴν
1102 4319 1336 4378 διάνοιαν
1396 4344 1651 4399 κεκρατη-

83 4408 212 4471 μέυην
255 4418 311 4481 τῇ
359 4412 507 4485 φιλία
553 4420 651 4473 τῆς
681 4411 830 4481 ὕλης,
878 4417 968 4466 καὶ
999 4408 1093 4466 διὰ
1137 4421 1290 4467 τοῦτο
1321 4413 1652 4473 ἐπιληπτευο-

87 4496 215 4559 μένεν
231 4502 309 4550 καὶ
329 4495 846 4576 διαῤῥησσομένην]

148 4591 187 4625 ⁸³
212 4591 351 4655 Psal.
377 4615 503 4667 xm,
542 4600 598 4655 1.

1761 3844 2123 3908 dicebantur,
2160 3859 2228 3898 eo
2252 3841 2421 3915 quod
2450 3840 2833 3914 metropolim
2856 3839 3198 3896 thnicem
3228 3838 3411 3895 habe-

1760 3937 1910 3989 rent.
1952 3934 2081 3988 Haec
2107 3946 2249 4001 ergo
2275 3947 2415 3987 cum
2440 3929 2671 3987 famam
2699 3928 2945 4002 quidem
2967 3928 3097 4000 ejus
3110 3928 3243 4000 jam
3268 3927 3413 3983 olim

1760 4020 2048 4086 audisset,
2094 4035 2257 4075 nunc
2283 4034 2428 4076 vero
2479 4018 2646 4092 quod
2688 4033 2762 4074 eo
2818 4018 3184 4081 accessisset,
3211 4021 3415 4073 secuta

1761 4112 1852 4167 est
1878 4109 2008 4181 ejus
2036 4107 2304 4178 vestigia.

1832 4235 1876 4304 ιι-
1910 4230 2434 4304 SyraPhcenicissa
2459 4236 2543 4287 est
2574 4231 2872 4302 cujusque
2902 4228 3123 4294 anima,
3150 4232 3412 4283 mentem

1763 4321 1945 4397 quasi
1973 4321 2162 4376 tiliam
2191 4319 2447 4383 habens,
2474 4335 2609 4392 quas
2637 4318 2895 4374 materiis
2918 4322 3146 4373 tenetur
3170 4330 3409 4383 amore;

1762 4416 1821 4469 et
1848 4411 1985 4468 ideo
2038 4405 2322 4466 comitiali
2373 4406 2587 4463 morbo
2651 4404 2894 4470 laborat,
2950 4420 3020 4460 ac
3067 4400 3414 4458 discruciari

1765 4502 1999 4559 dicitur.

676 4598 724 4635 ³³
757 4598 959 4656 Matth.
983 4615 1044 4666 x,
1077 4604 1129 4657 5.
1207 4601 1255 4637 °°
1275 4602 1450 4658 Marc.
1479 4617 1576 4671 νιι,
1600 4605 1690 4659 24.
1770 4604 1791 4639 ⁸
1820 4598 1966 4657 ibid.
2004 4597 2100 4654 26.

1299 4708 1519 4778 Variae
1533 4709 1861 4779 lectiones
1883 4714 2167 4776 etnotae.

87 4819 189 4896 ψ,
211 4818 370 4889 cujus
396 4826 615 4896 tamen
643 4821 921 4896 exempla
947 4822 1183 4896 ignoro,
1204 4823 1319 4896 etsi
1348 4828 1491 4896 nota
1515 4830 1655 4882 sunt

92 4880 333 4967 ἀξεῧτφᾶς,
388 4891 698 5019 ὰϐιλτηρία.
748 4880 839 4934 -”
882 4880 1010 4976 Λᾶν,
1042 4880 1343 4977 vocabula
1418 4880 1653 4950 eadem}

92 4970 144 5015 εις
165 4963 289 5018 noto
315 4966 556 5019 tantum
607 4980 786 5019 ocum
815 4964 935 5019 fere
967 4965 1222 5019 Similem
1252 4980 1433 5019 sunra
1472 4984 1528 5019 ι).
1559 4968 1651 5019 25.

86 4963 144 5040 ξιξ
165 4963 289 5040 ιεᾳςο
315 4966 556 5040 tantum
570 4963 786 5040 ‘locum
815 4964 936 5040 fere
967 4965 1231 5040 similem
1252 4980 1433 5037 supra
1472 4984 1528 5040 p.
1559 4968 1652 5034 25,

83 5027 257 5115 ἓξὲξδί
291 5038 395 5115 est,
444 5034 659 5095 εἰσῆλθε
704 5040 835 5109 πρὸς
877 5036 1061 5103 αὐτὴν,
1093 5040 1163 5098 ὡς
1189 5036 1262 5099 εἰς
1308 5027 1522 5111 πόρνην.

83 5098 372 5160 Addenda.

134 5170 234 5251 (8_8)
274 5176 633 5251 ⁸ῐίιειιὶειιίιιει,
686 5179 870 5235 mala.
922 5178 1165 5237 Videtur
1194 5193 1337 5251 ergo
1362 5180 1653 5238 excidisse

237 5245 312 5301 ob
341 5249 685 5319 proximum
719 5252 875 5305 κατὰ.

263 5314 489 5394 omitti}
518 5320 709 5394 codex
740 5323 782 5376 Β
807 5325 902 5380 τὴν
935 5319 1250 5394 βασκανίαν.

152 5386 233 5457 90)
260 5395 386 5457 Νῦν,
420 5392 600 5447 abest
618 5392 683 5447 A.

153 5461 232 5518 91)
258 5461 441 5517 lntell.
478 5461 672 5518 αὐτων,

129 5529 231 5602 (92)
254 5529 529 5605 Ἀδιάσαι,
554 5537 620 5589 Α.
660 5530 974 5601 ’Δδιιάξιιν,
1007 5535 1173 5608 quod
1203 5551 1340 5595 raro
1378 5535 1652 5608 occurrit,

133 5312 153 5521 ἱ

210 5316 233 5602 ἓ

1762 4829 1849 4881 est
1892 4838 1966 4879 ex
1994 4817 2185 4889 ridica,
2217 4821 2507 4889 notatque
2554 4811 2738 4868 ἄδειαν

1763 4896 1886 4952 Hoc
1932 4894 2065 4950 loco
2122 4887 2305 4944 ἄδειαν
2357 4887 2700 4962 πραγμάτων,
2763 4887 2798 4939 ἄ

1764 4985 1948 5163 Exigi?
1989 5033 2120 5103 Τήν,
2152 5030 2318 5106 quod
2347 5030 2620 5105 vulgares
2650 5028 2943 5087 aditiones
2971 5028 3208 5096 habent,
3243 5028 3416 5085 omit-

1765 5109 1829 5163 tit
1857 5110 1917 5163 in
1946 5123 2013 5163 ra
2038 5107 2099 5161 in
2127 5108 2426 5161 contextu.

1765 5109 1829 5166 tit
1848 5107 2013 5164 infra
2038 5107 2099 5161 in
2127 5108 2426 5161 contextu.

1836 5179 1948 5261 (94)
1978 5177 2096 5261 201-:
2125 5175 2303 5233 habet
2322 5180 2564 5261 uterque
2603 5171 3085 5261 eademne?“
3114 5171 3249 5258 quis
3272 5185 3414 5261 φρ-

1762 5239 1942 5322 Ῑίοῖειί
1985 5249 2100 5322 ὅτε..
2131 5263 2205 5304 ex
2247 5239 2652 5322 superioribus
2700 5239 3212 5322 repetendu'm,'r6
3261 5239 3413 5294 ἀκού-

1769 5315 1934 5389 σασα,
1968 5324 2034 5376 ut
2058 5319 2150 5388 sit,
2181 5326 2268 5370 νῦν
2296 5315 2673 5389 δὶῗάκούσασα,
2726 5315 2823 5389 ᾂτι.

1839 5382 1951 5460 (93)
1978 5382 2533 5460 Quae'inclusimus,
2566 5403 2637 5446 ea
2668 5388 2708 5444 Β
2734 5387 2918 5446 habet
2953 5386 3013 5444 in
3030 5382 3312 5456 margine.

1837 5459 1952 5535 (96)
1982 5466 2069 5519 lta
2105 5459 2205 5518 alii
2234 5459 2457 5532 legunt.
2851 5468 2855 5475 ’

2796 4817 2823 4868 ἔ
2867 4832 2958 4883 ειν,
2989 4813 3038 4867 ἐν
3095 4810 3249 4867 eam
3296 4811 3412 4888 ζῇν.

2796 4835 2944 4941 ’δξιαν
2979 4893 3070 4940 τοῦ
3135 4882 3412 4940 διδάσκειν

2864 4882 2949 4939 ιαν
2979 4893 3070 4940 τοῦ
3135 4882 3416 4940 διδάσκειν
