3906 6202
460 146 558 203 451

1775 138 2115 197 EUTHYMII
2169 133 2501 191 ZIGABENI
3644 136 3720 195 452

532 272 694 325 Vers.
716 268 803 321 22.
824 269 1037 324 Dicens
1058 288 1069 323 :
1091 298 1157 305 —
1181 272 1505 337 torquetur.
1524 265 1662 320 Filia
1679 280 1813 335 quae
1835 264 1965 317 adre
1986 278 2101 317 mo-

2289 264 2533 330 Λέγουσα
2574 287 2643 296 —
2710 250 3090 328 δαιμονίζεται.
3153 260 3253 312 Τὴν
3309 256 3535 329 θυγατέρα
3582 257 3726 332 auius.

454 358 951 429 niotorquebatur
963 355 1181 420 relicta,
1202 368 1272 408 eo
1284 352 1447 424 quod
1467 352 1723 408 omnino
1749 367 1925 406 sensu
1948 367 2108 407 care-

450 451 555 509 ret,
573 447 833 517 seipsam
847 442 1245 516 profertquasi
1264 441 1802 510 maximeindigeat
1818 445 1880 495 ut
1896 440 1985 495 sui
2012 439 2108 493 mi-

454 540 736 603 sereatur,
758 534 899 605 quia
926 532 1201 587 morbum
1229 530 1536 597 sentiebat,
1565 534 1621 584 et
1643 529 2108 585 ideoinnumera

457 622 1190 678 sustinebatincommoda.
1219 619 1425 675 Filium
1441 624 1641 675 autem
1656 619 1841 674 David
1864 634 1991 673 eum
2008 634 2107 674 vo-

457 717 568 776 cat,
588 711 748 782 quod
770 710 1058 766 didicerat
1082 725 1112 765 e
1144 725 1358 781 genere
1386 708 1559 762 David
1587 709 1882 764 Christum
1908 707 2105 762 oriun-

456 801 619 855 dum.
636 800 924 855 Omnibus
937 798 1230 869 siquidem
1246 796 1761 852 nominatissimus
1776 800 1901 851 erat
1917 795 2104 851 David

453 888 599 945 Male
630 888 837 957 inquit,
870 902 906 943 a
937 887 1219 942 dwmonio
1251 890 1585 956 torquetur,
1605 884 1718 939 hoc
1749 888 1840 940 est
1869 884 2100 939 misere.

526 978 688 1031 Vers.
720 980 806 1030 23.
838 976 985 1043 Ipse.
1016 1006 1082 1013 —
1114 974 1371 1030 verbum.
1435 973 1536 1027 Illa
1584 972 1829 1044 quidem
1861 971 1973 1027 alte
2002 989 2104 1028 vo-

454 1064 1036 1129 ciferatur,dolorem
1062 1062 1162 1134 qui
1190 1062 1411 1118 latebat
1430 1062 1490 1117 in
1525 1060 1704 1117 corde
1724 1060 2098 1131 signiﬁcans;

452 1152 579 1224 ipse
600 1166 739 1207 vero
754 1151 994 1223 penitus
1017 1150 1169 1216 silet,
1198 1150 1499 1205 sustinens
1521 1150 1709 1205 donec
1736 1150 1931 1205 omnis
1948 1148 2101 1204 illius

452 1241 619 1307 ﬁdes,
654 1240 829 1295 animi
884 1240 1179 1295 modestia
1222 1239 1541 1310 prudentia
1577 1238 2096 1293 manifestaretur:

452 1329 612 1399 quod
658 1328 821 1383 vario
861 1328 1042 1383 modo
1092 1327 1285 1383 facere
1341 1327 1488 1383 solet
1531 1328 1590 1381 in
1639 1326 1858 1382 multis.
1916 1326 2102 1382 Simul

453 1418 633 1473 etiam
658 1421 719 1472 ut
741 1432 771 1472 e
804 1417 1042 1471 diverso
1072 1416 1286 1471 Judaeis
1310 1415 1668 1481 ostenderet,
1697 1414 1933 1487 qualem
1962 1430 2101 1484 erga
2132 1402 2172 1454 Β

452 1506 582 1561 illos
608 1509 834 1574 gereret
865 1505 1152 1567 affectum,
1185 1521 1323 1559 cum
1358 1504 1631 1560 inﬁrmos
1662 1520 1868 1560 eorum
1919 1502 2103 1559 semel

456 1598 687 1651 tantum
736 1599 991 1663 rogatus,
1048 1593 1169 1649 imo
1201 1609 1309 1649 nec
1358 1592 1540 1649 semel
1592 1593 1856 1665 quidem,
1902 1594 2101 1649 statim

456 1683 705 1739 curabat
739 1699 752 1737 :
786 1682 1097 1752 gentilium
1121 1698 1257 1737 vero
1287 1698 1407 1737 non
1434 1684 1531 1737 ita.

526 1772 689 1826 Vers.
723 1776 809 1827 23.
857 1773 928 1825 El
952 1804 1015 1810 ——
1046 1787 1169 1826 nos.
1199 1771 1368 1836 Quod
1399 1772 1497 1825 Hic
1529 1770 1758 1835 dicitur,
1778 1770 2098 1841 Rogabant,

454 1862 645 1916 littera
697 1861 879 1915 habet
932 1861 1161 1932 ἠρώτων,
1198 1858 1361 1930 quod
1418 1859 1657 1913 verbum
1707 1859 1840 1913 licet
1870 1863 1932 1913 ut
1973 1857 2101 1929 plu-

452 1949 677 2004 rimum
708 1947 1072 2016 interrogare
1099 1948 1410 2015 signiﬁcet,
1466 1948 1761 2002 interdum
1796 1952 1995 2003 tamen
2028 1947 2101 2001 si-

454 2035 698 2105 gniﬁcat
754 2035 1080 2105 deprecari.
1146 2038 1294 2091 Nam
1347 2040 1402 2090 et
1446 2035 1552 2090 hoc
1590 2035 1721 2090 loco
1775 2035 2000 2091 Marcus
2031 2050 2101 2089 eo

454 2125 649 2187 utitur,
684 2139 824 2178 cum
862 2125 931 2177 de
972 2123 1221 2178 muliere
1258 2123 1516 2194 loquens
1562 2123 1643 2179 ait
1674 2142 1685 2181 :
1713 2124 1935 2196 Ἠρώτα,
1988 2124 2103 2179 hoc

455 2218 561 2278 est,
614 2213 1050 2284 deprecabatur
1088 2228 1216 2267 eum
1258 2216 1321 2267 ut
1350 2212 1759 2267 daamoninum
1793 2212 2028 2282 ejiceret
2069 2228 2105 2268 a

454 2302 577 2357 ﬁlia
607 2318 716 2357 sua
746 2304 814 2356 δ’.
848 2301 913 2356 Et
934 2303 1120 2357 Lucas
1164 2302 1394 2358 decimo
1432 2307 1647 2374 quarto
1673 2304 1864 2374 capite
1912 2304 2102 2374 ἐρωτῶ,

456 2392 572 2447 hoc
585 2396 688 2455 est,
710 2390 998 2459 deprecor
1018 2397 1091 2455 te,
1118 2391 1267 2447 habe
1288 2407 1380 2447 me
1392 2397 1728 2447 excusatum
1743 2394 1787 2427 ⁸³
1799 2431 1811 2444 .
1829 2392 1923 2447 Est
1936 2398 1991 2446 et
2003 2390 2105 2445 ubi

453 2479 663 2550 jubere
688 2478 998 2549 signiﬁcat,
1044 2484 1106 2534 ut
1141 2495 1278 2534 cum
1322 2478 1480 2535 circa
1526 2480 1709 2534 ﬁnem
1753 2479 1970 2536 decimi
2014 2494 2109 2535 ca-

464 2568 602 2638 pitis
642 2567 808 2638 apud
853 2568 1075 2623 Lucam
1132 2567 1396 2622 dicitur:
1450 2568 1743 2637 Ingressus
1808 2575 1996 2624 autem
2044 2568 2106 2622 in

463 2671 640 2711 unam
677 2658 878 2712 navim
926 2672 1058 2727 qua:
1109 2660 1235 2711 erat
1288 2656 1545 2712 Simonis
1598 2658 1885 2729 ἠρώτησεν,
1935 2656 1993 2711 id
2020 2659 2110 2711 est

459 2746 629 2816 jussit
680 2762 799 2800 eum
829 2750 887 2799 ul
920 2760 956 2800 a
992 2752 1149 2801 terra
1189 2744 1505 2801 abduceret
1551 2746 1823 2814 pusillum
1856 2748 1921 2799 δε.
1957 2745 2108 2801 Tan-

460 2847 647 2904 quam
677 2837 1008 2904 praeceptor
1058 2832 1219 2888 enim
1245 2833 1441 2903 jussit.
1476 2836 1624 2888 Nam
1656 2837 1710 2889 et
1753 2832 1934 2904 paulo
1976 2837 2109 2905 post

456 2920 632 2992 quasi
668 2922 1078 2977 auctoritatem
1098 2921 1329 2977 habens
1355 2921 1501 2976 dixit
1529 2938 1540 2975 :
1576 2923 1697 2976 Duc
1720 2923 1779 2977 in
1819 2923 2006 2978 altum
2035 2921 2105 2978 ⁸⁵.

526 3009 685 3065 Vers.
722 3012 809 3064 2i.
854 3012 931 3064 At
964 3010 1069 3065 ille
1116 3042 1181 3048 —
1232 3011 1437 3065 Israel.
1474 3009 1814 3066 Suﬂlciebat
1860 3009 2106 3082 quidem

452 3097 749 3154 silentium
780 3102 843 3153 ut
873 3114 1006 3153 eam
1037 3099 1097 3154 in
1138 3098 1613 3170 desperationem
1664 3099 1979 3169 conjiceret
2012 3116 2025 3165 ;
2052 3102 2107 3154 at

450 3187 764 3259 responsio
795 3186 976 3242 multo
1006 3187 1183 3242 etiam
1215 3187 1469 3258 amplius
1512 3187 1989 3259 desperationem
2021 3189 2105 3243 in-

450 3276 650 3331 tendit.
700 3276 1024 3347 Respondit
1070 3278 1228 3331 enim
1258 3293 1270 3330 :
1303 3277 1436 3333 Non
1483 3294 1607 3332 sum
1641 3279 1849 3333 missus
1880 3277 1994 3333 nisi
2026 3278 2105 3333 ad

447 3365 698 3430 Iudaeos,
725 3366 837 3420 hos
866 3366 1015 3420 enim
1048 3365 1365 3437 appellavit
1430 3382 1548 3422 oves
1595 3368 1854 3436 perditas
1901 3368 2102 3421 domus

451 3452 656 3509 Israel.
692 3456 836 3507 Nam
890 3452 1124 3508 decimo
1151 3468 1314 3508 nono
1366 3469 1610 3525 quoque
1643 3455 1834 3525 capite
1863 3471 2101 3510 rursum

454 3542 536 3598 ita
557 3542 703 3597 dixit
749 3541 1076 3613 apostolis:
1118 3543 1193 3597 lle
1221 3546 1413 3598 autem
1452 3544 1650 3611 potius
1682 3544 1752 3596 ad
1791 3559 1921 3599 oves
1965 3559 2102 3612 per-

2216 350 2485 419 νιζομένην
2528 344 2875 409 ἀπολιποῦσα,
2922 340 3016 396 δ’ιά
3056 347 3111 396 τὸ
3163 341 3398 403 παντελῶς
3441 343 3720 421 ἀναισθητεῖν,

2215 444 2509 512 πρόσεισιν,
2565 435 2753 492 ἑαυτὴν
2814 432 3083 491 ἐλεηθῆναι
3156 432 3375 502 μάλιστα
3424 430 3720 507 δεομέληῖτὴν

2216 527 2590 597 αἰσθανομένην
2640 532 2729 583 τῆς
2776 527 2953 589 νόσου,
3004 526 3093 573 καὶ
3167 517 3256 573 διὰ
3299 529 3435 573 τοῦτο
3480 531 3618 596 μυρία
3656 532 3724 579 πάι

2218 634 2477 687 σχουσαν.
2513 613 2629 665 Υὶὸν
2662 609 2721 665 δὲ
2743 609 2909 665 Δαυίὸ
2936 612 3090 663 αὑτὸν
3121 610 3265 662 καλεῖ
3283 606 3314 662 δ
3319 614 3367 662 ιὰ
3386 614 3435 663 τό
3465 615 3633 684 μαθεῖν,
3666 618 3724 668 ὅτι

2214 704 2271 757 ἐκ
2297 700 2462 757 Δαυῖδ
2492 705 2709 773 κατάγει
2738 705 2795 755 τὸ
2835 706 2999 774 γένος.
3035 707 3174 753 Πᾶσι
3206 702 3302 774 γὰρ
3340 702 3363 751 ὁ
3408 699 3553 753 Δαυὶδ
3584 705 3724 775 όνοραο

2215 799 2463 855 στότατος
2490 789 2568 850 ἦν.
2606 799 2791 853 Κακῶς
2818 787 2896 860 δὲ,
2926 794 3075 861 φησὶ,
3110 786 3467 861 δαιμονίζεται,
3503 789 3598 842 ἀντὶ
3638 800 3720 857 τοῦ,

2214 883 2425 955 χαλεπῶ
2437 904 2473 943 ς.

2278 978 2342 1023 Ὂ
2396 1003 2465 1011 -
2539 970 2708 1041 λόγον.
2763 969 2820 1022 Ἠ
2879 972 2968 1042 μὲν
3024 967 3128 1042 βοᾷ
3192 968 3398 1040 μεγάλα,
3434 972 3507 1019 τὸν
3556 966 3725 1041 ἐνδομν-

2209 1069 2411 1132 χοῦντα
2447 1068 2545 1123 τῆς
2586 1056 2806 1134 καρδίας
2855 1059 2967 1130 (97)
3012 1062 3165 1110 πόνον
3222 1053 3574 1129 ἐνδεικνυμένη·
3605 1059 3726 1118 αὐτὸς

2211 1146 2270 1201 δὲ
2321 1154 2445 1220 σιγᾷ
2519 1147 2796 1214 παντελῶς,
2856 1146 3114 1220 ἀναμένων
3181 1145 3382 1198 οἶπασαν
3447 1147 3725 1218 φανερωθῆναι

2208 1243 2301 1296 τὴν
2340 1243 2537 1309 πίστιν,
2582 1243 2669 1290 καὶ
2711 1240 3041 1301 ταπείνωσιν,
3080 1240 3169 1287 καὶ
3224 1238 3416 1286 σύνεσιν
3453 1234 3605 1298 αὐτῆς,
3635 1238 3727 1306 ὅπερ

2210 1324 2467 1400 διαφόρως
2516 1329 2659 1379 εἴωθε
2708 1333 2871 1378 ποιεῖν
2934 1324 2982 1377 ἐν
3026 1323 3252 1385 πολλοῖς·
3303 1324 3401 1396 ἅμα
3426 1320 3476 1375 δὲ
3516 1327 3591 1375 καὶ
3622 1322 3731 1375 ἀντε-

2208 1413 2599 1488 πιδεικνύμενος
2669 1410 2982 1479 Ἰουδαίοις,
3054 1414 3167 1465 οἷαν
3252 1416 3364 1486 περὶ
3428 1412 3590 1471 αὐτοὺς
3645 1413 3731 1481 ἔχει

2210 1502 2465 1571 διάθεσιν,
2517 1507 2597 1555 ὅτι
2627 1508 2744 1564 τοὺς
2792 1508 2880 1575 μὲν
2934 1502 3236 1577 ἀρρώστους
3282 1502 3436 1553 αὐτῶν
3472 1500 3591 1562 ἅπαξ
3623 1504 3733 1556 αἰτη-

2211 1598 2334 1662 θεὶς,
2390 1596 2419 1652 ἡ
2489 1591 2603 1646 οὐδ’
2650 1592 2827 1659 ἅπαξ,
2887 1593 3037 1653 εύθύς
3097 1593 3391 1664 θεραπεύει,
3437 1594 3542 1649 τοὺς
3575 1586 3621 1641 ἴε
3658 1598 3731 1640 τῶν

2209 1683 2364 1735 ἐθνῶν
2405 1682 2511 1754 οὐχ
2538 1680 2719 1742 οὓτως.

2280 1771 2387 1823 Καὶ
2427 1802 2492 1811 —
2520 1772 2684 1842 ἡμῶν.
2730 1800 2783 1809 -
2836 1769 3097 1843 Ἠρὼτων,
3154 1767 3269 1820 ἀντὶ
3307 1774 3412 1832 τοῦ,
3458 1765 3726 1839 παρεκάλουν.

2211 1864 2309 1912 Καὶ
2359 1862 2459 1933 γὰρ
2526 1863 2613 1909 καὶ
2675 1860 2700 1909 ὁ
2748 1858 2958 1930 Μάρκος
3014 1860 3185 1931 εἴρηκε
3236 1862 3351 1929 περὶ
3400 1863 3487 1915 τῆς
3530 1856 3733 1924 γυναικὸς,

2209 1953 2287 1999 ὅτι
2341 1953 2429 1999 καὶ
2486 1948 2663 2019 ἠρώτα
2704 1946 2881 2016 αὐτὸν,
2931 1948 3011 1998 ἱνα
3073 1948 3130 1997 τὸ
3191 1942 3451 2017 δαιμόνιον
3497 1941 3655 2012 ἐκϐάλῃ
3696 1939 3734 1990 ἐκ

2208 2045 2301 2098 τῆς
2370 2038 2627 2108 θυγατρὸς
2692 2034 2873 2098 αὐτῆς,
2945 2034 3124 2105 ἤγουν,
3198 2032 3482 2106 παρεκάλει.
3546 2032 3605 2082 Τὸ
3660 2030 3734 2098 γὰρ

2211 2125 2380 2197 ἐρωτῶ
2440 2126 2679 2196 σημαίνει
2745 2125 2833 2194 μὲν
2888 2125 2957 2184 ὡς
3012 2120 3097 2174 ἐπὶ
3146 2124 3204 2173 τὸ
3265 2122 3490 2174 πλεῖστον
3554 2120 3601 2169 τὸ
3644 2135 3737 2166 πυν-

2214 2214 2477 2265 θάνεσθαι’
2544 2216 2786 2283 σημαίνει
2850 2208 2909 2262 δὲ
2984 2215 3072 2263 καὶ
3125 2214 3205 2279 τὸ,
3276 2208 3556 2284 παρακαλῶ·
3605 2208 3661 2264 ὡς
3698 2206 3740 2254 τὸ

2211 2302 2410 2376 Ἐρωτῶ
2478 2320 2557 2369 σε,
2638 2303 2729 2371 ἔχε
2816 2319 2880 2372 με
2939 2303 3324 2375 παρῃτημένον.
3389 2298 3523 2350 Ἔστι
3580 2292 3639 2362 δ’,
3682 2293 3741 2343 ὅτε

2214 2387 2369 2447 δηλοί
2419 2394 2508 2441 καὶ
2563 2392 2622 2439 τὸ
2672 2390 3016 2460 προστάσσω,
3069 2390 3138 2449 ὡς
3189 2393 3271 2440 τό·
3320 2386 3497 2459 Ἐμϐὰς
3558 2381 3605 2435 δε
3654 2380 3742 2451 (98)

2215 2478 2282 2538 εἰς
2347 2478 2394 2529 ἓν
2452 2485 2550 2528 τῶν
2606 2476 2815 2539 πλοίων,
2874 2478 2899 2528 ὃ
2958 2474 3018 2534 ἦν
3079 2484 3171 2529 τοῦ
3236 2481 3471 2549 Σίμωνος,
3535 2474 3747 2545 ἠρώτησεν

2815 2574 2911 2636 γῆς

2218 2652 2542 2716 διδάσκαλος
2603 2657 2704 2727 γὰρ
2780 2653 3112 2729 προσέταξεν,
3171 2653 3284 2707 ἐπεὶ
3364 2658 3448 2705 καὶ
3502 2653 3614 2723 μετὰ
3680 2666 3747 2716 μί·

3180 2743 3501 2812 Ἐπανάγαγε
3573 2738 3630 2795 εἰς
3704 2736 3746 2782 τά

2217 2566 2369 2618 αὐτόν
2445 2565 2544 2618 ἀπὸ
2627 2574 2720 2626 τῆς
2815 2574 2911 2636 γῆς
3004 2564 3344 2637 ἐπαναγαγεῖν
3415 2565 3565 2634 ὀλίγον
3598 2603 3610 2615 .
3682 2557 3745 2615 Ὠς

2216 2747 2337 2819 κρὸν
2416 2743 2823 2805 ἐξουσιαστικῶς
2863 2794 2873 2813 ,
2900 2742 3033 2795 εἶπεν
3083 2760 3093 2772 ’

2218 2832 2401 2904 βάθος.

2286 3018 2328 3062 Ο
2381 3042 2447 3050 -
2503 3010 2763 3084 Ἰσραήλ.
2830 3010 3000 3069 Ἰκανὴ
3068 3012 3157 3081 μὶν
3237 3013 3330 3062 καὶ
3404 3009 3432 3065 ἡ
3506 3006 3651 3060 σιωπὴ
3698 2998 3751 3059 εἷς

3123 3100 3153 3156 ἠ
3215 3096 3265 3151 δ’
3323 3096 3583 3168 ἀπόκρισις
3623 3087 3751 3155 πολλῷ

2213 3189 2360 3241 πλέον
2421 3194 2514 3246 τὴν
2575 3187 2794 3261 ἀπορίαν
2861 3188 3106 3241 ἐπέτεινεν
3136 3230 3149 3243 .
3200 3187 3481 3258 Ἀπεκρίθη
3517 3184 3641 3255 γὰρ,
3692 3178 3750 3229 ὅτι

2214 3277 2323 3329 Ούκ
2401 3276 2695 3333 ἀπεστάλην
2766 3277 2838 3337 εἰς
2912 3275 3093 3337 ἄλλους
3142 3275 3185 3328 εἰ
3250 3282 3324 3349 μὴ
3392 3280 3460 3335 εὶς
3510 3271 3614 3328 τοῦς
3659 3266 3752 3317 Ἰον-

2216 3097 2509 3171 ἀπόγνωσιν
2565 3098 2797 3171 ἐμϐαλεῖν
2855 3099 3018 3156 αὐτήν
3050 3115 3064 3128 ⁸

2214 3362 2430 3427 ὃαίους·
2482 3369 2691 3425 τούτους
2749 3368 2848 3440 γὰρ
2916 3370 3151 3437 ὠνόμασε
3207 3364 3447 3438 πρόϐατα
3511 3355 3752 3411 ἀπολωλότα

2212 3459 2354 3508 οἳκου
2421 3454 2635 3528 Ἰσραήλ
2665 3498 2677 3509 .
2736 3455 2875 3507 Ἐπεί
2946 3459 3037 3505 καὶ
3110 3452 3157 3505 ἐν
3232 3462 3305 3525 τῷ
3386 3443 3753 3509 ἐννεακαιδεκάτῳ

2209 3544 2467 3616 κεφαλαίῳ
2520 3551 2630 3604 τοῖς
2693 3542 3002 3603 ἀποστόλοις
3047 3543 3182 3595 οὕτω
3240 3542 3393 3614 (99)
3446 3539 3585 3592 πάλιν
3640 3536 3752 3585 εἶτεν

454 3630 605 3685 ditas
631 3631 837 3686 domus
861 3632 1053 3687 Israel
1077 3634 1144 3686 ⁸⁸.
1174 3631 1327 3695 Quid
1362 3646 1502 3702 ergo
1526 3631 1735 3686 mulier
1764 3633 1790 3687 ‘l
1809 3632 1954 3687 Cum
1972 3647 2101 3688 sese

2217 3636 2497 3708 Πορεύεσθε
2563 3630 2621 3685 δὲ
2682 3632 2870 3704 μᾶλλον
2922 3635 3052 3706 πρὸς
3117 3635 3185 3685 τά
3255 3631 3495 3705 πρόϐατα
3547 3629 3606 3679 τὰ
3655 3622 3755 3675 ἁπο-

456 3718 676 3775 videret
705 3734 835 3775 esse
866 3719 1236 3791 despectum,
1270 3719 1615 3790 repudiatos
1644 3719 1811 3776 etiam
1841 3720 1971 3776 illos
1997 3721 2102 3792 qui

456 3823 561 3879 pro
588 3824 661 3865 ea
696 3808 1175 3880 deprecarentur,
1226 3823 1348 3863 non
1395 3807 1730 3880 desperavit
1760 3823 1771 3862 :
1806 3824 1949 3865 nam
1981 3826 2104 3867 ma-

451 3910 637 3967 gnam
678 3898 934 3954 habebat
978 3896 1157 3953 ﬁdem
1188 3912 1257 3953 ac
1300 3896 1680 3969 prudentiam
1715 3914 1728 3963 ;
1762 3898 1867 3954 sed
1906 3898 2101 3970 impu-

451 3986 955 4044 densesthonesta
976 3986 1373 4059 impudentia,
1396 3990 1452 4041 et.
1459 3987 1588 4057 jam
1609 3987 1811 4044 relicto
1841 3987 2100 4045 clamore

450 4075 552 4147 qui
589 4076 823 4131 eminus
878 4076 1079 4142 ﬁebat,
1130 4076 1379 4149 propius
1420 4076 1687 4131 accessit.
1748 4080 1864 4132 Nos
1897 4083 2098 4135 autem

447 4181 568 4222 non
583 4164 683 4235 ita,
700 4166 922 4235 sedLubi
941 4166 1140 4221 statim
1156 4181 1277 4222 non
1292 4166 1687 4238 assequimur,
1703 4166 2047 4223 desistimus
2083 4185 2096 4233 ;

448 4272 577 4311 cum
610 4255 854 4327 propius
883 4259 1179 4327 oporteret
1209 4253 1510 4318 accedere,
1537 4261 1591 4309 et
1622 4255 1941 4312 ferventius
1971 4272 2099 4313 ora-

448 4345 593 4402 tioni
630 4345 998 4402 incumbere.

520 4436 683 4491 Vers.
713 4439 800 4491 25.
830 4437 947 4491 Illa
970 4465 1034 4476 ——
1058 4449 1164 4490 me.
1196 4436 1385 4505 Usque
1408 4437 1538 4490 tanc
1555 4435 1703 4489 enim
1727 4450 1921 4508 neque
1946 4435 2007 4491 in
2038 4435 2100 4492 il-

451 4525 564 4579 lius
595 4529 982 4596 conspectum
1030 4539 1179 4579 ausa
1224 4523 1413 4579 fuerat
1443 4524 1743 4588 accedere,
1787 4524 2099 4595 indignam

457 4627 585 4667 sese
615 4618 897 4685 reputans
910 4658 922 4672 .

526 4703 681 4755 Vers.
704 4702 791 4755 26.
826 4703 930 4757 Ille
968 4733 1036 4744 -—
1088 4703 1335 4759 catellis.
1368 4703 1667 4765 Quantum
1704 4701 1804 4759 illa
1840 4704 2102 4774 augebat

452 4788 819 4861 petitionem,
849 4792 1077 4847 tantum
1131 4790 1260 4863 ipse
1289 4791 1712 4863 repulsionem.
1765 4795 1992 4849 Marcus
2021 4794 2102 4851 ait

521 4946 567 4981 ⁶²
600 4944 778 5001 Marc.
806 4960 904 5009 v11,
927 4946 1014 5000 26.

1092 4946 1138 4979 ⁶³
1166 4946 1299 5002 Luc.
1334 4960 1448 5011 xw,
1472 4946 1560 4998 18.
1639 4945 1685 4980 οι
1715 4945 1855 5001 Luc.
1886 4962 1940 5011 v,
1968 4947 2021 5001 3.

2099 4948 2146 4985 ⁸⁸
2178 4949 2323 5006 ibid.
2354 4951 2408 5006 4.

2211 3723 2407 3775 λωλότα
2455 3726 2599 3775 οἴκου
2656 3722 2885 3797 Ἰσραήλ.
2942 3726 3005 3774 Τί
3060 3718 3147 3773 οὖν
3187 3724 3219 3780 ἡ
3270 3728 3400 3793 γυνὴ
3439 3737 3453 3785 ;
3502 3714 3753 3783 eranum

2209 3814 2561 3886 παροφθείσαν
2636 3814 2725 3883 μὲν
2801 3810 3012 3881 ἕαυτὴν,
3083 3809 3515 3883 ἀποπεμφθέντας
3586 3808 3637 3857 vi";
3690 3802 3757 3850 καὶ

2208 3905 2330 3963 τοὺς
2411 3901 2537 3973 ὑπὲρ
2623 3900 2787 3960 αὐτῆς
2850 3898 3324 3973 παρακαλέσαντας
3350 3940 3366 3967 ,
3422 3899 3510 3951 οὐκ
3557 3894 3755 3962 ἀπέγνω·

2212 3990 2397 4047 πολλὴν
2448 3992 2549 4064 γὰρ
2614 3986 2727 4061 εἶχε
2782 3992 2960 4041 πὶστιν
3017 3993 3107 4041 καὶ
3184 3993 3440 4043 σύνεσιν·
3489 3984 3604 4038 ἀλλὰ.
3652 3979 3761 4031 ἀναι-

2210 4086 2429 4150 σχυντεῖ
2478 4078 2637 4136 καλὴν
2685 4076 3082 4149 ἀναισχυντίαν,
3144 4084 3237 4130 καὶ
3281 4078 3473 4151 ἀφεῖσα
3506 4078 3562 4127 τὸ
3598 4068 3761 4144 κράζειν

2208 4168 2486 4243 πόῤῥωθεν,
2544 4167 2691 4240 ἔγγὺς
2740 4170 2974 4241 ἔρχεται.
3017 4167 3195 4239 Ἡμεῖς
3248 4164 3309 4219 δὲ
3350 4168 3457 4240 οὐχ
3490 4164 3652 4231 οὕτως,
3687 4151 3760 4207 ac):

2208 4259 2327 4310 ὅταν
2376 4262 2447 4330 μὴ
2497 4259 2761 4329 τύχωμεν,
2795 4255 3144 4329 ἀφιστάμεθα,
3196 4254 3317 4308 δέον
3351 4256 3607 4329 ἐγγύτερον
3645 4262 3766 4317 προτ-

2210 4347 2386 4415 ελθεῖν,
2424 4350 2512 4398 καὶ
2554 4348 2856 4419 θερμότερον
2896 4344 3213 4401 ἐπικεῖσθαι.

2277 4434 2335 4487 Ἡ
2388 4467 2455 4476 -
2501 4455 2609 4507 μοι.
2670 4434 2843 4509 ’Ἄχρι
2902 4438 3001 4509 γάρ
3063 4438 3175 4487 τότε
3230 4432 3355 4487 οὐδ’
3406 4438 3478 4495 είς
3517 4431 3623 4502 ὄψιν
3647 4424 3743 4478 uita

3752 4429 3767 4468 ὖ

2207 4524 2513 4599 τετόλμηκεν
2539 4523 2716 4595 ἐλθεῖν,
2753 4522 2966 4586 ἀναξίαν
2994 4524 3184 4583 ἑαυτὴν
3214 4529 3500 4595 κρίνουσα·

2278 4706 2335 4757 Ὁ
2390 4735 2459 4748 -
2505 4708 2791 4778 κυναρίοις.
2849 4703 3015 4757 ’Ὅσον
3069 4703 3320 4757 ἐπέτεινεν
3387 4707 3548 4760 εκείνη
3594 4702 3668 4755 τήν
3704 4693 3767 4742 αῖ·

2208 4816 2381 4859 τησιν,
2431 4803 2679 4848 τοσοῦτον
2731 4797 2823 4847 καὶ
2877 4795 3035 4857 αὐτὸς
3097 4798 3191 4853 τὴν
3244 4801 3597 4870 παραίτησιν.
3638 4788 3683 4839 Ὀ
3733 4780 3773 4835 δέ

2485 4950 2533 4985 ⁸⁸
2578 4947 2774 5005 Matth.
2808 4964 2869 5017 x,
2901 4951 2953 5005 ϐ.

1691 5121 2257 5195 Variaelectiones
2272 5135 2338 5193 et
2362 5133 2562 5193 notae.

518 5321 635 5393 (97)
697 5320 862 5376 Forte
914 5317 1232 5395 Hentgnius
1279 5318 1517 5395 reperit,
1577 5326 1640 5395 τῇ
1698 5316 2099 5395 καρδίᾳγΕθιτὶ

449 5384 637 5463 potest
664 5397 1008 5464 utrumque.
1059 5391 1165 5451 Τῆς
1194 5384 1439 5461 καρδίας,
1487 5384 1701 5463 pendet
1724 5384 1817 5461 ei,
1874 5384 1964 5444 ’τὸν
2006 5396 2099 5445 πό-

448 5484 560 5523 νον.

2280 5323 2393 5395 (98)
2424 5326 2503 5394 Δέ,
2539 5321 2703 5378 abest
2739 5320 2807 5374 A.

2276 5410 2391 5482 (99)
2420 5410 2593 5475 Οὕτω,
2624 5409 2789 5466 abest
2818 5410 2885 5465 Α.
