3906 6202
138 155 224 218 iss
301 133 304 136 ’
1035 149 1404 216 COMMENT,
1458 152 1525 208 IN
1565 147 2008 214 MATTH/EUM.
2050 184 2116 192 -
2156 153 2315 212 CAP.
2368 151 2486 210 xv.

3295 157 3398 220 454

131 286 302 356 Μάρκος
342 285 494 353 φησὶν,
537 281 615 332 ὃτι
669 281 802 333 εἶπεν
860 281 1012 351 αὐτῇ·
1065 279 1221 351 ’Ἄφες
1260 287 1461 352 πρῶτον
1499 296 1638 350 χορ-

1831 275 1909 330 od
1934 275 2140 331 dixerit
2161 278 2211 334 ei
2246 295 2257 332 :
2287 279 2427 334 Sine
2453 282 2700 350 primum
2725 286 2999 338 saturari
3024 286 3178 351 filios
3210 289 3277 340 ετ.
3306 288 3395 342 Un

136 375 336 430 τασθῆναι
378 372 432 421 τὰ
467 374 625 422 τέκνα·
675 371 1004 441 πανταχόθεν
1033 371 1131 441 γὰρ
1172 364 1360 426 ἐδήλου
1400 371 1492 425 τὴν
1539 373 1638 416 τῶν

137 459 344 514 Ἰουδαίων
380 464 638 522 οἰκείωσιν,
675 464 762 510 καὶ
803 463 895 516 τὴν
932 457 1004 520 εἰς
1062 458 1252 518 αὐτοὺς
1296 457 1503 526 ἀγάπην
1551 460 1640 507 καὶ

132 557 256 622 τιμὴν
295 555 362 601 καὶ
404 545 722 619 κηδεμονίαν.
782 553 880 601 Καὶ
937 551 1087 599 τέκνα
1141 549 1230 616 μὲν
1280 545 1464 604 αὐτούς
1518 544 1637 594 ὠνόο

124 658 270 710 ⁸ιιοιοέν,
338 641 395 697 ὡς
471 641 717 708 γνησίους
785 641 874 687 καὶ
934 638 1000 696 ὡς
1056 635 1417 706 ἠγαπημένους
1473 650 1484 661 ·
1553 652 1639 683 xu-

121 731 242 801 νάρια
280 723 331 778 δὲ
373 729 432 778 τα
487 728 622 792 ἔθνη,
684 728 752 786 ὡς
819 723 1110 796 ἀκάθαρτα,
1182 728 1271 774 καὶ
1329 724 1397 784 ὡς
1457 722 1639 793 μιαρά.

123 816 273 888 Ἀρτον
315 811 364 866 δὲ
410 813 536 884 λέγει
592 819 686 872 την
737 815 1026 886 θεραπείαν,
1073 811 1132 863 ού
1191 815 1284 869 τὴν
1342 813 1642 882 σωματικὴν

123 910 256 976 μόνον,
299 902 411 954 ἀλλὰ
452 907 537 954 καὶ
578 907 671 960 τὴν
713 901 968 973 ψυχικήν.
1015 905 1114 954 Καὶ
1163 899 1259 973 ὃρα
1322 902 1527 951 σύνεσιν
1552 917 1645 968 γυ-

124 997 272 1053 ναικός·
305 990 577 1067 δραξαμένη
604 994 704 1065 γὰρ
735 999 832 1042 τῶν
873 998 964 1042 τοῦ
989 996 1226 1062 Χριστοῦ
1254 988 1520 1062 ῥημάτων,
1554 985 1640 1038 ἀπ’

121 1083 249 1134 αἰτῶν
273 1081 422 1134 πλέκει
448 1084 762 1154 συνηγορίαν
789 1079 993 1142 εαυτῆς.

169 1172 214 1222 Ἠ
264 1167 314 1222 δέ
354 1201 418 1209 -
456 1170 622 1222 αὐτῶν
661 1215 674 1226 .
751 1174 851 1222 Ναὶ
903 1171 1099 1242 Κύριε,
1177 1171 1373 1239 φησὶν,
1441 1164 1645 1227 ἀληθῶς

119 1257 241 1319 εἶπας.
277 1263 418 1312 Τέκνα
469 1262 559 1332 μεν
615 1260 816 1323 ἐκεῖνοι,
865 1258 1107 1332 κυνάριον
1151 1253 1210 1309 δὲ
1257 1257 1378 1328 ἐγώ·
1423 1260 1511 1307 καὶ
1551 1251 1646 1306 διὰ

115 1353 231 1399 τοῦτο
271 1367 322 1420 με
371 1352 475 1420 χρὴ
535 1347 728 1420 μᾶλλον
759 1345 1046 1406 ἓλεηθῆναιο
1075 1349 1177 1398 Καὶ
1225 1347 1327 1417 γὰρ
1376 1348 1442 1396 τα
1486 1346 1643 1396 κυνα-

109 1456 180 1509 ρια
236 1434 320 1487 ἀπὸ
377 1445 470 1487 τῶν
543 1436 749 1507 ψιχίων
821 1435 981 1487 ἐσθίει
1040 1443 1139 1486 τῶν
1194 1437 1482 1486 πιπτόντων
1545 1431 1644 1484 ἀπὸ

109 1533 178 1584 τῆς
236 1525 466 1596 τραπέζης
549 1531 654 1576 τῶν
732 1529 922 1597 κυρίων
993 1523 1160 1574 αὐτῶν
1193 1561 1207 1575 .
1278 1520 1415 1574 Ἐπεὶ
1478 1525 1646 1573 τοίνυν

112 1615 299 1684 ιυνάριόν
356 1613 474 1684 εἰμι,
526 1612 624 1664 ούκ
683 1617 788 1685 εἰμὶ
859 1611 1121 1685 ἀλλοτρία,
1176 1607 1299 1663 ούδὲ
1381 1609 1646 1682 κωλύομαι
1682 1626 1723 1680 Β

108 1711 181 1751 τῶν
238 1702 419 1773 ψιχίων
490 1709 805 1774 μετασχεῖν,
859 1702 1032 1776 ὥσπερ
1100 1697 1223 1752 οὐδὲ
1283 1701 1349 1751 τὰ
1404 1702 1642 1772 κυνάρια⁸

107 1789 264 1860 ψιχίων
309 1795 586 1862 νοουμένων
651 1798 750 1842 τῶν
816 1788 871 1842 ἔκ
929 1797 1023 1841 τοῦ
1094 1792 1492 1864 παρατυχόντος
1567 1787 1646 1840 ἰά-

112 1897 221 1933 σεων.
268 1883 326 1932 Τό
355 1882 440 1953 μὶν
511 1876 605 1932 οὖν
657 1883 729 1952 μὴ
790 1877 1103 1948 ἀποστῆναι,
1149 1885 1394 1930 τοσοῦτον
1448 1872 1649 1940 ἐξουδε-

107 1970 322 2037 νωὸεἰσαν,
367 1974 597 2031 πίστεως
657 1965 737 2026 ἦν’
795 1971 852 2020 τὸ
906 1965 964 2020 δὲ
1018 1967 1440 2039 συνομολογῆσαι
1495 1965 1649 2016 κυνά-

103 2076 187 2126 ριον
228 2057 394 2116 ἑαυτὴν
444 2062 824 2116 ταπεινώσεως·
869 2059 928 2108 τὸ
988 2052 1037 2108 δ’
1071 2053 1172 2107 ἀπὸ
1213 2063 1310 2106 τῶν
1362 2053 1526 2126 λὸγῶν
1555 2061 1647 2105 τοῦ

104 2152 288 2215 Χριστοῦ
335 2148 735 2200 κατασκευάσαι
809 2150 1118 2216 συνηγορίαν
1179 2148 1468 2205 συνέσεως.
1555 2144 1650 2195 Διὰ

105 2241 229 2286 rari-ra
270 2241 422 2288 τοίνυν
465 2234 743 2288 ἀνεϐάλετο
784 2235 860 2306 (1)
914 2238 1008 2292 τήν
1054 2236 1197 2285 ἴασιν
1229 2234 1254 2284 ὁ
1281 2233 1528 2304 Χριστὸς,
1565 2233 1648 2283 ἵνα

102 2331 229 2374 ταῦτα
269 2328 645 2398 φανερωθῶσιν,
695 2326 783 2375 ἶνα
834 2319 979 2394 δείξῃ
1033 2326 1127 2380 τήν
1167 2320 1214 2374 ἓν
1253 2324 1454 2382 τούτοις
1507 2319 1646 2392 φιλο-

102 2417 246 2483 σορίαν
287 2413 460 2482 αὐτῆς,
515 2417 610 2466 ἶνα
641 2413 1109 2483 καταισχυνθῶσιν
1155 2407 1428 2469 Ἰουδαῖοι,
1459 2416 1647 2461 τοσοῦ-

99 2519 163 2551 τον
201 2503 254 2562 εἰς
292 2509 462 2556 πίστιν
510 2508 611 2555 καὶ
646 2506 954 2555 ταπείνωσιν
998 2505 1083 2552 καί
1137 2502 1340 2552 σύνεσιν
1414 2501 1645 2571 ἡττώμε-

97 2608 154 2640 νοι
185 2597 395 2662 γυναικὸς
441 2592 672 2656 ίθνικῆς,
727 2592 828 2655 ἵνα,
877 2597 1044 2642 ταῦτα
1105 2587 1368 2661 βλέποντες
1417 2590 1467 2640 οἱ
1521 2587 1647 2640 ἀπὸ·

101 2679 250 2747 stoici,
318 2681 659 2756 θαρρήσωσιν
734 2679 970 2752 ὕστερον,
1035 2676 1463 2750 ἀποστελλόμενοι
1519 2680 1645 2749 πρὸς

101 2768 151 2815 τά
175 2769 286 2826 ἔθνη.
325 2775 517 2822 Λοιπὸν
550 2765 645 2822 οὖν
680 2767 984 2841 ἀντεκήρυξεν
1015 2766 1229 2825 αὐτὴνό
1263 2770 1510 2840 Χριστός.

145 2967 248 3014 Τοτε
294 2991 356 3004 -
408 2967 550 3037 ὧρας
610 2960 819 3022 ὶκείνης.
875 2960 933 3012 Ὁ
979 2956 1038 3013 δε
1081 2963 1296 3036 Μάρκος
1346 2959 1501 3012 εἰπεῖν
1556 2961 1642 3010 τὸν
1679 2971 1723 3027 C

93 3055 272 3120 Χριστόν
324 3056 449 3125 πρὸς
524 3051 698 3109 αὐτὴν
758 3069 932 3122 φησιν,
991 3050 1070 3101 ὄτι
1147 3052 1242 3102 Διὰ
1311 3056 1489 3102 τοῦτον
1560 3051 1645 3100 τὸν

89 3138 220 3207 λόγον,
268 3141 444 3212 ὕπαγε,
494 3139 776 3205 ἐξελήλυθε
835 3142 893 3192 τό
952 3135 1224 3211 δαιμόνιον
1279 3137 1333 3190 ἐκ
1401 3146 1496 3204 τῆς
1561 3139 1648 3189 θυ-

89 3231 238 3303 γατρός
291 3249 399 3302 σου,
472 3233 749 3296 τουτέστι,
805 3224 899 3280 διὰ
949 3231 1035 3279 τὸν
1081 3227 1251 3299 λόγον,
1321 3225 1464 3300 ᾧτινι
1520 3230 1648 3301 πρὸς

91 3324 355 3392 σπηγορίαν
398 3319 630 3394 ἐχρήσω
680 3325 896 3378 συνετῶς
953 3318 1104 3389 οἰγαν.
1167 3321 1268 3369 Καὶ
1321 3319 1420 3391 γὰρ
1465 3317 1490 3367 ό
1537 3323 1647 3368 Σω-

91 3407 162 3478 τήρ
201 3412 275 3457 καὶ
323 3412 411 3466 τὴν
462 3415 654 3460 πίστιν
695 3405 858 3466 αὐτῆς
901 3403 1132 3477 ἐπῄνεσε,
1179 3409 1268 3456 καὶ
1299 3409 1391 3462 τὴν
1419 3407 1645 3458 σύνεσιν.

93 3499 164 3543 Καὶ
190 3492 270 3546 διὰ
306 3505 454 3549 τοῦτο
484 3497 765 3555 Ματθαῶς
795 3497 883 3567 μὲν
927 3497 1014 3546 τὸν
1067 3497 1268 3546 ἔπαινον
1309 3502 1397 3554 τῆς
1433 3498 1650 3553 πίστεως

91 3582 221 3643 xlvii;
247 3585 450 3656 Ξγραψε,
479 3587 705 3659 Μάρκος
737 3580 796 3636 δέ
823 3587 906 3636 τὸν
932 3591 1027 3644 τῆς
1059 3588 1329 3645 συνέσεως.

140 3677 198 3723 Σύ
242 3671 294 3726 δε
342 3679 564 3740 σκόπει,
624 3681 756 3741 πῶς,
822 3681 921 3725 τῶν
991 3672 1288 3724 ἀποστόλων
1370 3669 1654 3730 δεηθέντων

90 3759 193 3831 νπὲρ
246 3763 364 3821 αύτῆ
378 3786 416 3830 ς,
470 3769 564 3816 καὶ
637 3759 805 3835 μηδὲν
877 3761 1192 3829 ἁνυσοίντων,
1266 3761 1392 3819 αύτὴ
1466 3761 1654 3834 μᾶλλον

89 3850 237 3906 inst.
290 3850 666 3927 Διδασκόμεθα
715 3854 813 3924 γὰρ
861 3851 1105 3916 ἐντεῦθεν,
1165 3853 1245 3903 ὅτι
1293 3852 1319 3902 ὁ
1365 3855 1494 3913 Θεὸς
1525 3849 1656 3924 βού-

87 3937 210 3988 λεται
255 3942 425 4011 μᾶλλον
492 3945 642 4016 ἡμᾶς
699 3941 890 4003 αύτούς
944 3942 1070 4015 ὑπὲρ
1126 3940 1317 3992 ἑαυτῶν
1386 3943 1647 3998 ἱκετεύειν.

92 4029 146 4077 Οἱ
189 4033 267 4100 μὲν
290 4035 380 4107 γὰρ
429 4034 674 4104 μαθηταὶ
728 4029 943 4103 μείζονα
989 4029 1288 4104 παρρησίαν
1329 4025 1493 4102 εἶχον,
1550 4030 1655 4083 ἀλλ’

90 4118 113 4170 ἡ
138 4122 248 4185 γυνη
273 4120 452 4179 πολλὴν
474 4124 764 4194 καρτερίαν
793 4116 1110 4181 ἐπεδείξατο.
1137 4125 1237 4172 Καὶ
1269 4123 1424 4182 ὄντως
1455 4121 1658 4192 μεγαλα

91 4201 275 4260 diaeta:
300 4209 594 4286 προσεδρία
624 4208 1017 4282 παρακλήσεως.

150 4302 415 4367 Προετύττου
525 4297 590 4353 δε
666 4301 804 4350 κατὰ
899 4297 1210 4373 ἁλληγορίαν
1289 4299 1319 4356 ἡ
1391 4304 1659 4352 Χαναναία

89 4385 194 4443 (in;
238 4393 353 4457 γυνὴ
403 4394 497 4448 τὴν
562 4387 620 4450 ἐξ
667 4386 824 4440 ἐθνῶν
871 4386 1205 4451 Ἐκκλησίαν,
1266 4390 1378 4448 ἣτις
1434 4389 1527 4450 ἕως
1569 4391 1657 4461 μὲν

91 4477 228 4543 ἐμενεν
300 4478 343 4529 ἐν
405 4488 514 4540 τοῖς
578 4480 748 4550 ὁρίοις
822 4486 916 4538 τῆς
981 4479 1262 4550 θρησκείας
1304 4479 1486 4543 αὐτῆς,
1547 4476 1658 4550 εἶχε

91 4567 164 4617 τήν
207 4566 442 4644 θυγατέρα
502 4565 991 4640 δαιμονιζομὲνην,
1041 4571 1202 4638 ἤγουν
1237 4609 1251 4634 ,
1317 4571 1405 4626 τὴν
1472 4568 1657 4641 πρᾶξιν

91 4663 412 4727 ινριιύοξιένην
497 4660 608 4710 ὑπὸ
699 4653 977 4728 δαιμόνων·
1063 4653 1338 4718 ἐξελθοῦσα
1413 4653 1472 4709 δὲ
1556 4667 1655 4711 τῶν

91 4742 214 4810 ὁρίων
261 4746 432 4809 αὐτ-ἦς’
491 4746 581 4819 (2)
638 4744 913 4798 Ἐπιλοὶθου
968 4747 1108 4819 γὰρ,
1158 4749 1321 4816 φησι,
1393 4752 1486 4798 τοῦ
1531 4746 1655 4800 λαοῦ

95 4848 196 4896 σου,
237 4840 320 4887 καὶ
371 4844 466 4889 τοῦ
524 4839 683 4889 οἷκον
747 4841 841 4886 τοῦ
895 4837 1087 4909 πατρός
1146 4851 1278 4886 σουο
1345 4833 1500 4906 λόγου
1549 4837 1657 4900 ἠξι-

97 4920 181 4976 ευίηι
221 4928 350 4997 παρὰ
405 4931 679 5002 Χριστοῦ,
730 4927 820 4976 καὶ
871 4921 1144 4994 ἀπηλλάγη
1198 4931 1293 4985 τῆς
1346 4920 1660 4990 δυναστείας

91 5015 170 5076 τῶν
195 5008 460 5085 δαιμόνων.

148 5137 182 5171 ⁸⁷
206 5140 360 5198 Iam.
388 5156 492 5207 vn,
525 5139 624 5194 97.
747 5139 793 5175 ⁸⁸
818 5141 989 5196 Marc.
1022 5153 1124 5205 vn,
1168 5139 1256 5195 29.

1747 361 1926 434 dique
1955 363 2114 420 enim
2140 366 2494 422 ostendebat
2546 368 3006 425 familiaritatem
3048 387 3118 426 ac
3148 371 3404 428 dilectio-

1748 467 1885 505 nem
1917 455 2330 526 ergaJudaeos,
2353 473 2680 528 eorumque
2708 460 3058 529 procurabat
3089 461 3400 516 honorem.

1754 539 1919 594 Filios
1946 541 2184 612 quidem
2215 559 2317 597 eos
2360 545 2594 600 vocavit
2633 550 2916 617 tanquam
2949 564 3087 602 suos
3122 566 3186 602 ac
3218 549 3400 605 dilec-

1753 634 1881 693 tos;
1912 631 2182 686 ethnicos
2238 649 2374 686 vero
2427 633 2659 689 catellos
2706 641 2982 708 tanquam
3033 637 3295 708 impuros
3331 654 3402 694 ac

1753 717 2054 773 scelestos.
2090 720 2312 775 Panem
2347 726 2540 776 autem
2591 722 2733 778 dicit
2764 726 3073 780 sanitatem
3102 741 3223 781 non
3272 741 3398 782 cor-

1753 821 1967 876 porum
1997 815 2246 872 tantum,
2302 825 2503 864 verum
2567 811 2742 866 etiam
2774 813 3124 870 animarum.
3175 817 3240 871 Et
3264 815 3400 872 vide

1754 892 2016 948 mulieris
2035 897 2410 966 prudentiam
2435 914 2446 950 :
2469 898 2675 956 Christi
2699 902 2859 956 enim
2879 902 3073 958 verbis
3102 905 3397 976 perculsa,

1755 997 1932 1035 suum
1956 981 2029 1037 ab
2067 983 2177 1037 illis
2210 985 2346 1039 texit
2373 986 2794 1057 patrocinium.

1822 1213 1988 1270 Vers.
2025 1215 2112 1269 27.
2134 1215 2330 1271 Atilla
2364 1246 2427 1255 —
2456 1232 2718 1274 suorum.
2753 1218 2934 1286 Certe,
2969 1221 3227 1292 Domine,
3262 1238 3403 1279 vere

1753 1302 1947 1358 dixisti
1979 1320 1990 1358 :
2020 1303 2100 1359 illi
2139 1303 2386 1376 quidem
2435 1312 2565 1365 sunt
2596 1307 2716 1371 ﬁlii,
2759 1324 2869 1378 ego
2916 1326 3056 1366 vero
3103 1327 3222 1368 una
3247 1328 3277 1368 e
3310 1329 3406 1370 ca-

1753 1391 1904 1448 tellis
1937 1409 1949 1445 :
1995 1392 2241 1464 ideoque
2284 1395 2396 1448 mei
2423 1396 2618 1465 potius
2651 1397 2916 1452 misereri
2948 1403 3204 1468 oportet.
3241 1401 3397 1458 Nam

1755 1487 1805 1538 et
1837 1481 2038 1536 catelli
2067 1481 2323 1538 eduntde
2370 1483 2530 1538 micis
2570 1500 2698 1554 qua:
2735 1486 2956 1541 cadunt
2993 1503 3027 1541 a
3056 1502 3258 1544 mensa
3303 1489 3400 1544 do-

1757 1570 2045 1626 minorum
2101 1585 2355 1636 suorum,
2418 1572 2563 1636 Quia
2617 1588 2755 1642 ergo
2807 1574 3017 1630 catella
3068 1591 3225 1640 sum,
3281 1591 3403 1632 non

1758 1659 1957 1715 aliena
1989 1675 2144 1724 sum,
2179 1675 2366 1732 neque
2388 1660 2461 1716 de
2487 1661 2654 1718 micis
2674 1662 3029 1734 participare
3057 1665 3395 1735 prohibeor,

1759 1747 1911 1804 sicut
1939 1763 2132 1819 neque
2164 1748 2349 1804 catelli
2383 1767 2399 1803 :
2444 1749 2518 1804 de
2549 1750 2715 1805 micis
2765 1752 2848 1821 (ιι)
2904 1751 3153 1822 inquam
3184 1752 3403 1808 intelle-

1757 1836 2072 1900 ctualibus,
2101 1836 2161 1891 id
2186 1837 2641 1893 estsanitatibus
2665 1839 2892 1894 collatis
2918 1839 2995 1895 ab
3012 1856 3082 1895 eo
3108 1842 3211 1912 qui
3245 1856 3406 1896 nunc

1757 1940 1902 1980 casu
1933 1940 2060 1980 sese
2091 1925 2320 1981 obtulit.
2352 1926 2522 1992 Quod
2544 1943 2684 1998 ergo
2704 1928 2854 1983 adeo
2882 1928 3122 1998 repulsa
3142 1944 3262 1984 non
3291 1929 3407 1984 dis-

1759 2013 1952 2080 cessit,
1985 2013 2116 2068 ﬁdei
2131 2019 2255 2069 erat
2284 2031 2296 2068 :
2326 2015 2486 2085 quod
2511 2031 2646 2070 vero
2675 2033 2738 2070 se
2763 2016 3037 2072 catellam
3063 2020 3156 2072 est
3181 2017 3406 2074 confes.

1760 2117 1846 2168 sa,
1876 2101 2226 2158 humilitatis
2263 2119 2279 2158 :
2311 2103 2474 2175 quod
2499 2109 2698 2162 autem
2729 2119 2765 2159 a
2787 2103 2998 2160 Christi
3027 2105 3408 2162 sermonibus

1759 2190 2154 2260 patrocinium
2177 2191 2288 2246 sibi
2343 2192 2646 2262 aptaverit,
2708 2191 3034 2264 prudentiae
3103 2196 3410 2263 Propterea

1759 2278 1909 2334 enim
1940 2278 2200 2335 Christus
2226 2280 2536 2335 sanitatem
2567 2280 2817 2344 distulit,
2853 2285 2916 2338 ut
2939 2280 3068 2338 haec
3095 2282 3409 2339 manifesta

1757 2368 2006 2423 ﬁerent:
2067 2373 2244 2440 atque
2275 2384 2380 2440 per
2417 2367 2514 2423 illa
2570 2368 2751 2440 hujus
2800 2369 3250 2442 philosophiam
3309 2371 3410 2428 de-

1760 2462 2135 2523 monstraret,
2207 2463 2387 2528 ntque
2431 2457 2940 2514 confunderentur
2993 2459 3202 2524 JUdtBl,
3257 2459 3406 2516 adeo

1758 2545 1893 2612 ﬁde,
1925 2546 2254 2602 humilitate
2279 2562 2348 2602 ac
2401 2546 2713 2618 prudentia
2743 2564 2776 2603 a
2803 2547 3006 2619 gentili
3040 2549 3284 2604 muliere
3315 2565 3406 2604 su-

1759 2635 1942 2705 perati
1991 2652 2003 2690 :
2058 2640 2343 2706 praeterea
2389 2639 2452 2690 ut
2497 2633 2624 2689 haec
2680 2635 2942 2691 videntes
2990 2636 3259 2707 apostoli,
3309 2653 3405 2693 su-

1757 2723 2331 2786 merentaudaciam,
2355 2740 2488 2778 cum
2519 2723 2894 2794 postmodum
2913 2723 2987 2778 ad
3019 2731 3222 2793 gentes
3241 2724 3405 2782 emit-

1758 2817 2031 2868 terentur.
2065 2813 2197 2868 1am
2229 2812 2431 2883 itaque
2454 2812 2719 2868 Christus
2745 2811 2899 2867 illius
2919 2812 3100 2868 ﬁdem
3142 2814 3406 2885 promul-

1756 2906 1877 2971 gat.

1827 3008 1995 3065 Vers.
2035 3007 2122 3062 28.
2162 3009 2323 3063 Tunc
2350 3039 2419 3049 ——
2451 3009 2558 3066 ίιια
2624 3009 2792 3065 hora.
2829 3012 3055 3066 Marcus
3097 3014 3302 3066 autum
3328 3011 3410 3068 ait

1755 3097 2048 3153 Christum
2076 3097 2154 3152 ad
2181 3096 2340 3152 illam
2360 3096 2582 3153 dixisse
2603 3117 2614 3155 :
2634 3098 3048 3166 PrOpter/zunc
3063 3115 3403 3166 sermonem,

1755 3185 1859 3242 abi
1886 3186 1932 3220 ⁵⁸
1959 3202 1974 3252 ;
2015 3183 2194 3240 exivit
2219 3184 2588 3240 dtemonium
2618 3201 2654 3240 θ.
2691 3185 2814 3240 filia
2841 3195 2954 3252 tua,
2981 3188 3092 3242 hoc
3125 3193 3209 3242 est
3236 3204 3409 3260 prop-

1758 3281 1844 3330 ter
1875 3274 2031 3329 hunc
2077 3288 2406 3328 sermonem
2433 3289 2554 3344 quo
2611 3273 2908 3344 sapienter
2940 3275 3265 3329 admodum
3303 3292 3412 3331 usa

1759 3378 1819 3418 es
1850 3362 1926 3417 ad
1968 3363 2388 3434 patrocinium.
2437 3361 2636 3417 Etenin
2671 3363 2938 3418 Salvator
2966 3367 3023 3417 et
3077 3363 3258 3417 tidem
3281 3363 3411 3432 ejus

1758 3451 2020 3507 laudavit
2049 3456 2104 3508 et
2145 3450 2542 3522 prudentiam.
2584 3452 2648 3506 Et
2679 3451 2810 3506 ideo
2841 3451 3144 3507 Matthaaus
3173 3450 3412 3522 quidem

1760 3539 2002 3596 laudem
2029 3539 2163 3596 ﬁdei
2195 3540 2324 3611 ejus
2377 3539 2614 3611 scripsit
2642 3557 2653 3594 :
2685 3542 2911 3595 Marcus
2961 3556 3100 3596 vero
3157 3541 3414 3612 pruden—

1765 3629 1878 3685 tite.

1833 3737 1918 3792 Tu
1945 3741 2144 3793 autem
2177 3736 2484 3792 considera
2503 3735 2812 3809 quomodo
2858 3753 2989 3793 cum
3031 3736 3284 3810 apostoli
3307 3754 3415 3811 pro

1764 3827 1864 3884 illa
1889 3827 2194 3899 deprecati
2211 3826 2476 3891 fuissent,
2505 3825 3130 3898 nihilqueen‘ecissent,
3157 3828 3282 3900 ipsa
3314 3843 3418 3900 po-

1768 3918 1880 3974 tius
1911 3916 2169 3988 perfecit.
2206 3917 2348 3972 Hinc
2396 3916 2555 3972 enim
2591 3915 2876 3972 docemur
2905 3918 3066 3988 quod
3099 3920 3250 3973 Deus
3296 3933 3418 3974 ma-

1766 4006 1892 4062 vult
1921 4021 2030 4062 nos
2059 4021 2166 4076 pro
2216 4005 2535 4075 nobisipsis
2566 4004 2875 4061 obsecrare
2911 4024 2922 4060 :
2953 4005 3227 4078 discipuli
3255 4005 3416 4062 enim

1688 4108 1732 4162 D
1767 4094 1980 4166 majori
2005 4093 2270 4152 libertate
2294 4095 2632 4157 utebantur,
2654 4095 2758 4150 sed
2789 4094 2998 4150 mulier
3013 4111 3292 4166 magnam
3323 4094 3419 4149 de-

1768 4183 2120 4242 monstravit
2148 4183 2545 4239 constantiam
2565 4200 2634 4238 ac
2655 4185 3177 4255 perseverantiam.
3201 4187 3264 4242 Et
3285 4201 3418 4239 vere

1767 4289 1991 4344 magna
2028 4277 2222 4344 potest
2253 4271 2610 4343 precationis
2642 4273 2981 4328 assiduitas.

1839 4380 2265 4450 Prteﬁgnrabat
2291 4379 2671 4448 autemjuxta
2703 4378 3041 4448 allegoriam
3074 4377 3416 4433 Chananaaa

1766 4473 1894 4528 haec
1939 4470 2148 4526 mulier
2179 4468 2504 4524 Ecclesiam
2545 4483 2574 4522 e
2605 4467 2880 4536 gentibus
2907 4467 3414 4536 congregandam,

1766 4579 1901 4636 qua:
1929 4561 2077 4617 dum
2106 4561 2165 4616 in
2193 4559 2406 4614 finibus
2437 4574 2682 4613 suarum
2735 4557 3257 4614 observantiarum
3291 4572 3419 4630 per-

1767 4653 2010 4716 mansit,
2039 4651 2214 4706 ﬁliam
2243 4647 2506 4704 habebat
2536 4663 2572 4703 a
2593 4646 2895 4703 daemonio
2925 4647 3231 4716 agitatam,
3267 4645 3421 4702 vide-

1767 4743 1900 4800 licet
1921 4741 2324 4815 operationem
2363 4736 2742 4794 daemonibus
2772 4737 3129 4808 subjectam.
3179 4735 3288 4792 Ubi
3316 4751 3422 4792 au-

1767 4838 1888 4890 tem
1935 4847 2173 4904 egressa
2197 4835 2288 4886 est
2344 4846 2378 4886 a
2405 4827 2628 4883 ﬁnibus
2678 4827 2822 4891 suis,
2858 4825 3041 4882 oblita
3067 4826 3290 4882 scilicet
3318 4840 3423 4898 po-

1769 4923 1892 4997 puli
1915 4922 2004 4978 sui
2033 4937 2103 4979 ac
2133 4921 2343 4977 domus
2373 4918 2557 4992 patris
2588 4917 2678 4972 sui
2708 4919 2776 4982 6°,
2803 4915 3013 4972 Christi
3035 4931 3308 4971 sermone
3337 4915 3424 4971 di-

1771 5029 1888 5084 gna
1915 5012 2127 5070 effecta
2156 5015 2263 5077 est,
2296 5015 2353 5068 et
2377 5025 2411 5068 a
2454 5009 2796 5065 daemonum
2830 5006 3109 5064 violentia
3137 5006 3414 5065 liberata.

1375 5139 1421 5175 ⁶⁹
1454 5140 1604 5197 Psal.
1634 5156 1779 5197 XLIV.
1808 5139 1896 5195 tt.

1185 5264 1412 5334 Varias
1440 5266 1768 5335 lectiones
1799 5271 1865 5331 et
1890 5271 2094 5330 notae.

146 5385 161 5445 (
172 5381 215 5450 t)
237 5379 595 5449 Ἀνεϐάλλετο,
626 5387 686 5439 Β.

163 5451 214 5519 2)
242 5453 381 5510 Haec
409 5454 679 5512 fortasse
706 5455 913 5516 contra
935 5452 1195 5512 codicem
1222 5469 1399 5514 suum
1429 5453 1682 5514 mutavit
1706 5450 2050 5509 Hentenius.

168 5524 224 5594 υ)
244 5525 328 5582 De
355 5525 529 5583 micis
559 5553 638 5567 —
667 5539 784 5580 sese
813 5523 1047 5581 obtulit.
1081 5525 1240 5582 Micee
1271 5531 1472 5584 autem
1501 5525 1908 5596 intelliguntur
1931 5519 2266 5580 curationes
2305 5535 2453 5580 casu
2478 5519 2714 5578 oblata).
