3906 6202
448 185 553 245 455
1758 170 2093 230 EUTHYMII
2136 167 2467 223 ZIGABENI

525 314 689 366 Vers.
721 309 808 362 29.
840 308 920 362 Et
947 336 1016 346 -ο
1049 304 1191 367 illic,
1228 300 1524 355 Interdum
1556 298 1792 371 quidem
1827 297 1952 369 ipse
1993 295 2099 350 cir-
2129 291 2175 343 Α

451 398 659 462 cumit,
718 412 939 450 sanans
967 409 1068 449 eos
1098 392 1199 463 qui
1234 389 1387 444 male
1431 388 1655 443 habent
1684 404 1695 441 :
1729 386 2095 459 quandoque

451 493 647 542 autem
678 484 839 538 sedet
869 484 1223 552 exspectans
1247 494 1348 532 eos
1372 478 1587 549 quibus
1618 492 1761 529 cura
1784 491 1936 546 opus
1955 479 2042 527 est
2078 491 2090 539 ;

452 574 596 629 illud
649 572 893 643 quidem
926 585 1035 623 sua
1073 567 1359 629 bonitate,
1390 566 1501 620 hoc
1540 580 1700 627 vero,
1736 569 1799 617 ut
1841 563 1914 617 de
1941 560 2095 616 inﬁr-

454 677 687 717 morum
711 660 828 714 ﬁde
854 662 1052 713 sumat
1081 656 1578 727 experimentum.
1606 655 1963 723 Frequenter
1996 665 2097 705 au-

452 756 575 806 tem
607 749 667 804 in
695 752 957 803 montem
992 744 1267 810 ascendit,
1302 749 1542 815 propter
1573 758 1698 796 sua:
1725 739 2095 795 altitudinem

454 837 808 894 divinitatis:
853 852 921 891 ac
964 836 1186 890 docens
1234 849 1268 887 a
1308 832 1435 887 solo
1466 830 1683 886 elevari
1710 846 1811 886 eos
1845 828 1949 900 qui
1981 829 2096 882 Deo

456 926 937 999 appropinquare
965 922 1227 993 cupiunt.

814 1032 965 1087 CAP.
1000 1030 1146 1085 ΧΧΧ
1167 1030 1253 1084 De
1283 1028 1468 1083 turbis
1495 1026 1742 1083 sanatis.

530 1138 694 1194 Vers.
725 1138 817 1195 30.
857 1138 934 1191 EI
969 1165 1034 1175 —
1056 1136 1297 1190 multos.
1340 1133 1521 1187 Κυλλοὶ
1553 1133 1682 1204 (pro
1712 1147 1833 1204 quo
1870 1130 2099 1187 mutilos

456 1227 769 1297 vertimus)
840 1225 1077 1297 proprie
1149 1224 1446 1288 dicuntur,
1532 1223 1635 1294 qui
1691 1220 1969 1275 manibus
2002 1235 2099 1275 ca-

458 1321 609 1379 rent,
644 1316 790 1370 sicut
808 1314 1105 1371 tricesimo
1126 1313 1378 1384 septimo
1393 1309 1968 1382 capitemanifestius
2000 1324 2101 1379 pa-

462 1403 626 1460 tebit.

528 1427 686 1547 agis.
714 1491 802 1545 30.
834 1491 910 1545 Et
942 1521 1010 1530 —
1037 1490 1193 1545 illos.
1230 1488 1373 1543 Vide
1428 1487 1834 1557 proﬁcientem
1864 1484 2101 1541 illorum
2132 1427 2173 1480 Β

455 1580 659 1636 ﬁdem.
690 1582 889 1651 Neque
920 1578 1077 1634 enim
1106 1577 1366 1648 amplius
1387 1580 1637 1645 tangunt
1662 1574 1963 1630 ﬁmbriam
2006 1589 2098 1629 ve-

458 1668 716 1725 stimenti
738 1668 788 1739 ej
801 1668 1002 1733 us,sed
1020 1665 1343 1738 projiciunt
1361 1681 1422 1721 se
1440 1664 1635 1721 solum
1649 1664 1722 1719 ad
1750 1664 1927 1735 pedes
1947 1664 2098 1735 ejus,

460 1760 513 1813 et
539 1761 775 1829 repente
824 1760 987 1811 curat
1014 1754 1149 1810 illos
1184 1770 1195 1809 :
1228 1769 1348 1809 non
1369 1753 1536 1825 quod
1566 1753 1809 1824 majoris
1832 1752 1951 1807 sint
1983 1751 2102 1808 ﬁde

459 1861 644 1916 quam
677 1844 1034 1911 Chananaza,
1081 1842 1185 1896 sed
1225 1841 1383 1911 quod
1413 1840 1579 1896 Iudas
1638 1841 1775 1908 sint,
1810 1845 1870 1894 ut
1905 1840 2101 1909 ingra-

460 1938 657 1988 torum
702 1931 938 1985 obturet
986 1945 1091 1985 ora
1134 1928 1491 1994 Iudaeorum,
1522 1928 1943 1983 demonstrans
1973 1928 2103 1983 illos

465 2019 678 2090 majori
731 2020 945 2089 dignos
985 2018 1295 2089 supplicio.
1358 2017 1629 2086 Ingratus
1680 2016 1837 2072 enim
1877 2022 2104 2088 quanto

462 2107 794 2177 majoribus
844 2105 1238 2177 pluribusque
1299 2104 1554 2160 afﬁcitur
1597 2104 1917 2168 beneﬁciis,
1941 2110 2107 2159 tanto

464 2198 538 2253 ad
572 2196 863 2265 majorem
892 2193 1436 2264 poenamluendam
1466 2198 1551 2249 est
1578 2192 1890 2248 obnoxius.

3685 162 3777 221 456

2282 297 2380 344 Καὶ
2429 323 2497 331 -
2543 291 2671 347 ἐκεῖ.
2731 294 2861 343 Ποτε
2913 293 3001 362 μὲν
3046 290 3201 353 αὐτὸς
3257 295 3589 365 περιέρχεται
3643 293 3779 363 θερα-

2205 380 2370 431 πεύων
2412 384 2530 441 τοὺς
2552 388 2723 442 κακῶς
2756 383 2993 450 ἔχοντας,
3018 382 3141 432 ποτε
3168 376 3227 432 δὲ
3266 382 3493 437 κάθηται
3524 386 3781 454 περιμένων

2206 474 2329 529 τοὺς
2393 470 2690 542 χρῄζοντας
2750 472 3063 543 θεραπείας·
3129 468 3285 521 ἐκεῖνο
3332 472 3420 541 μὲν
3481 464 3557 521 δι’
3612 469 3783 521 οἰκείαν

2209 557 2531 629 ἀγαθότητα,
2556 567 2707 610 τοῦτο
2742 555 2800 610 δὲ
2830 555 3118 631 δοκιμάζον
3137 563 3228 615 τὴν
3258 563 3435 610 πίστιν
3466 566 3563 609 τῶν
3587 563 3783 629 καμνόν-

2207 668 2325 702 των.
2388 655 2625 719 Συνεχῶς
2680 644 2738 700 δὲ
2791 647 2861 709 εἰς
2895 651 3011 720 ὅρος
3060 647 3246 713 ἂνεισι,
3309 643 3401 699 διὰ
3448 648 3507 697 τὸ
3540 646 3668 716 ὕψος
3707 655 3784 707 τῆς

2207 736 2391 787 ἑαυτοῦ
2412 738 2667 801 θεότητος,
2688 740 2776 787 καὶ
2806 733 3067 788 παιδεύων
3094 734 3397 810 ἐπαίρεσθαι
3425 737 3657 807 χαμόθεν
3683 740 3784 796 τοὺς

2205 824 2514 885 πλησιάζειν
2554 833 2625 895 τῷ
2658 833 2771 895 Θεῷ
2802 824 3054 886 θελοντας.

2282 1036 2425 1082 ΚΕΦ.
2462 1028 2543 1083 Λ’.
2578 1034 2701 1097 Περὶ
2722 1038 2820 1081 τῶν
2850 1030 3255 1103 θεραπευθέντων
3292 1028 3480 1099 ὄχλων.

2284 1123 2472 1170 Καὶ-
2509 1118 2748 1179 πολλούς.
2786 1117 2967 1171 Κυλλοὶ
2997 1122 3185 1191 κυρίως
3207 1120 3255 1170 οἱ
3286 1119 3514 1190 ἄχειρες,
3548 1119 3613 1177 ὡς
3637 1115 3679 1168 ἐν
3717 1125 3781 1185 τῷ

2210 1206 2289 1267 λζ’
2320 1206 2577 1279 κεφαλαίῳ
2610 1204 2913 1278 διαγνωσθή
2926 1226 3091 1259 σεται.

2287 1478 2409 1526 ’Καὶ
2455 1504 2523 1513 —
2571 1474 2780 1533 αὐτούς.
2844 1471 2983 1547 ’Ὀρα
3024 1475 3422 1546 προκόπτουσαν
3477 1477 3573 1530 τὴν
3632 1477 3786 1524 πίστιν

2213 1562 2398 1615 αὐτῶν.
2468 1562 2578 1614 Οὐκ
2631 1565 2702 1613 ἔτι
2758 1563 2859 1636 γάρ
2914 1562 3165 1613 ἅπτονται
3216 1569 3306 1612 τοῦ
3354 1558 3663 1633 ,κρασπέδου
3710 1569 3785 1612 τοῦ

2215 1654 2422 1723 ἱματίου
2471 1650 2649 1720 αὐτοῦ,
2688 1648 2813 1701 ἀλλά
2849 1651 3120 1723 ῥίπτονταί
3164 1654 3313 1721 μόνον
3356 1654 3456 1722 πρὸ
3498 1658 3597 1701 τῶν
3634 1645 3785 1700 ποδῶν

2212 1738 2396 1803 αὐτοῦ,
2445 1744 2534 1791 καὶ
2607 1747 2944 1814 παραχρῆμα
3010 1740 3250 1811 θραπεύει
3310 1738 3521 1801 αὐτοὺς,
3579 1738 3675 1808 οὐχ
3724 1739 3784 1796 ὡς

2211 1832 2550 1901 πιστοτέρους
2578 1828 2673 1889 τῆς
2694 1832 3008 1891 Χαναναίας,
3036 1826 3147 1879 ἀλλ’
3168 1830 3237 1888 ὡς
3256 1823 3514 1880 Ἰουδαίου
3526 1846 3566 1891 ς,
3588 1825 3785 1898 ἐμφράτ-

2211 1936 2310 1968 των
2339 1924 2438 1967 τῶν
2468 1914 2769 1990 ἀχαρίστων
2791 1912 3060 1968 Ἰουδαίων
3090 1919 3155 1967 τὰ
3186 1920 3445 1987 στόματα,
3474 1919 3566 1966 καὶ
3601 1913 3791 1985 ἀποφαί-

2214 2015 2309 2057 νών
2341 2006 2525 2065 αὐτοὺς
2546 2006 2782 2077 μείζονος
2797 2010 3045 2077 τιμωρίας
3073 2003 3266 2066 ἀξίους.
3294 2004 3351 2055 Ὀ
3371 2007 3471 2076 γὰρ
3496 2002 3788 2076 ἀχάριστος,

2217 2098 2336 2147 ὅσον
2407 2094 2745 2167 εὐεργετείται
2814 2095 3011 2165 μεῖζον,
3067 2101 3309 2145 τοσοῦτον
3366 2098 3563 2164 γίνεται
3619 2093 3789 2164 μείζονι

2218 2182 2425 2235 κολάσει
2466 2185 2764 2244 ὑπεύθυνος.

538 2303 705 2355 Vers.
756 2304 847 2356 31.
890 2301 975 2355 Ila
1024 2302 1085 2354 ut
1114 2330 1181 2339 —
1211 2299 1422 2354 videre.
1465 2298 1820 2354 Mirabantur
1870 2304 2111 2370 propter

2288 2288 2447 2341 ’Ὥστε
2536 2321 2603 2328 -
2685 2288 2969 2360 βλέποντας
3002 2327 3013 2337 .
3075 2288 3400 2359 Ἐθαύμαζον
3477 2284 3577 2339 διά
3638 2305 3689 2338 τε
3745 2289 3790 2335 τό

466 2405 672 2447 eorum
727 2388 1171 2443 multitudinem
1202 2388 1306 2459 qui
1366 2387 1743 2451 curabantur,
1779 2392 1834 2442 et
1868 2391 2111 2458 propter

2232 2377 2409 2437 πλῆθος
2456 2386 2551 2428 τῶν
2612 2380 3040 2449 θεραπευομένων,
3099 2381 3189 2427 καὶ
3242 2373 3335 2428 διὰ
3383 2379 3440 2427 τὸ
3504 2374 3671 2446 ταχος
3718 2382 3794 2431 τῆς

467 2477 792 2535 curationis
819 2477 1209 2531 velocitatem.

2232 2468 2513 2538 θεραπείας.

537 2585 708 2639 Vers.
736 2584 821 2639 31.
869 2584 935 2637 Et
964 2614 1031 2621 —
1056 2584 1258 2638 Israel.
1294 2582 1480 2637 Deum
1512 2581 1698 2653 ipsius
1747 2581 1949 2651 Israel,
1996 2580 2110 2637 hoc

2294 2578 2393 2625 Καὶ
2423 2603 2488 2612 -
2520 2570 2751 2643 Ἰσραὴλ.
2778 2573 2875 2622 Τόν
2898 2574 3024 2623 Θεὸν
3057 2572 3136 2643 (3)
3177 2570 3410 2645 Ἰσραὴλ,
3439 2574 3693 2631 τουτέστιν
3722 2569 3791 2617 τὸν

466 2678 575 2739 est,
607 2672 710 2745 qui
742 2672 819 2727 ab
851 2671 1127 2728 Israelitis
1160 2671 1484 2727 colebatur.

2232 2666 2501 2733 τιμώμενον
2532 2661 2631 2711 ὑπὸ
2661 2668 2761 2711 τῶν
2792 2660 3146 2734 Ἰσραηλιτῶν.

789 2796 943 2852 CAP.
974 2796 1139 2851 XXXI
1170 2796 1257 2851 De
1280 2801 1495 2864 septem
1524 2795 1795 2865 panibus.

540 2907 696 2960 Vers.
741 2907 826 2958 32.
882 2903 1048 2959 Jesus
1104 2908 1297 2958 autem
1328 2933 1395 2940 —
1439 2901 1635 2957 edant.
1668 2902 1797 2956 Dies
1838 2907 1969 2968 tres,
2003 2918 2113 2973 pro
2160 2960 2187 2971 _

466 2993 679 3048 diebus
708 2991 918 3047 tribus.
944 2990 1312 3045 Admiranda
1335 2994 1462 3045 erat
1492 2996 1651 3047 tanta
1705 2991 1887 3046 turba:
1916 3006 2115 3065 perse-

465 3080 749 3136 verantia.
773 3081 963 3144 Quare
989 3083 1188 3134 autem
1228 3084 1421 3134 lacent
1445 3078 1739 3149 discipuli.
1772 3095 1881 3135 nec
1911 3079 2116 3135 dicunt

466 3174 531 3225 ut
560 3170 747 3241 prius.
777 3168 1012 3223 Dimitte
1064 3166 1281 3236 turbas,
1324 3167 1505 3238 idque
1528 3168 1713 3223 tribus
1743 3169 1869 3239 jam
1900 3168 2117 3240 elapsis

466 3257 676 3313 diebus
706 3258 734 3312 ?
766 3257 916 3322 Quia
931 3255 1213 3311 videbant
1235 3255 1367 3310 illos
1401 3261 1847 3327 perseverantes
1876 3274 1944 3314 ac
1975 3273 2117 3325 gau-

467 3346 674 3403 dentes
696 3361 874 3418 super
899 3343 1254 3400 sanitatibus
1292 3344 1691 3410 inﬁrmorum,
1747 3362 1854 3401 nec
1894 3346 2117 3401 famem

464 3436 695 3507 penitus
726 3434 1059 3489 sentientes.

538 3523 820 3579 Fortassis
843 3528 1037 3577 autem
1070 3526 1127 3577 et
1151 3522 1229 3577 ad
1259 3523 1496 3578 tertium
1538 3539 1723 3594 usque
1754 3523 1912 3579 diem
1954 3541 2119 3580 escas

2298 3530 2454 3592 Ἴσως
2504 3526 2561 3583 δὲ
2600 3536 2687 3583 καὶ
2742 3535 2904 3605 μέχρι
2958 3539 3048 3591 τῆς
3080 3535 3256 3603 τρίτης
3298 3532 3497 3603 ἡμέρας
3529 3538 3668 3601 εἰχον

465 3611 796 3666 detulerant
833 3628 843 3665 :
872 3611 1006 3665 ideo
1036 3616 1175 3666 tunc
1198 3612 1437 3666 demum
1468 3612 1543 3666 ad
1574 3611 1924 3667 miraculum
1958 3631 2119 3669 acce-

2232 3617 2345 3676 δια,
2406 3624 2491 3671 Διό
2546 3626 2633 3672 καὶ
2680 3626 2792 3672 τότε
2832 3620 3008 3671 λοιπὸν
3063 3618 3142 3671 ἐπὶ
3176 3623 3231 3671 τὸ
3279 3621 3452 3691 θαῦμα
3482 3621 3712 3690 ἔρχεται,
3740 3618 3805 3665 ὅτε

468 3700 572 3763 dit,
604 3698 851 3770 quando
884 3700 941 3752 in
974 3700 1239 3753 ciborum
1276 3701 1598 3767 indigentia
1626 3704 1925 3757 constituti
1960 3709 2115 3757 sunt.

2232 3715 2557 3766 κατέστησαν
2608 3710 2657 3761 ἐν
2710 3714 2866 3782 χρείᾳ
2917 3717 3125 3781 τροφῆς.
3167 3712 3314 3768 Τίνος
3358 3704 3418 3759 δὲ
3470 3710 3633 3759 ἕνεκεν
3677 3704 3805 3757 affari

469 3788 659 3851 Quare
683 3793 882 3841 autem
923 3803 1159 3841 rursum
1192 3788 1318 3842 illos
1357 3788 1421 3842 in
1454 3790 1681 3844 deserto
1717 3792 1903 3861 pascit
1932 3792 1959 3847 ‘I
2002 3792 2121 3851 Uti-

468 3889 580 3947 que
612 3889 687 3929 ne
718 3874 778 3928 in
813 3874 907 3928 via
959 3874 1296 3939 deﬁcerent,
1350 3877 1501 3930 sicut
1526 3878 1650 3948 ipse
1687 3883 2122 3949 consequenter

467 3962 629 4026 dicit,
647 3968 702 4017 et
720 3970 781 4017 ut
806 3962 1186 4018 confirmaret
1205 3964 1442 4033 signum
1465 3967 1925 4036 praecedentium
1957 3968 2125 4039 quin-

467 4068 583 4124 que
642 4068 911 4123 panum;
955 4051 1217 4123 undique
1266 4054 1425 4108 enim
1466 4054 1833 4125 divulgatum
1866 4064 2008 4124 erat,
2061 4061 2126 4113 ut

468 4140 630 4214 quod
662 4140 899 4213 publice
927 4140 1150 4196 factum
1174 4140 1390 4200 fuerat.

2542 2781 2685 2828 ΚΕΦ.
2722 2774 2847 2829 ΛΑ’·
2878 2780 3001 2849 Περὶ
3026 2784 3123 2827 τῶν
3155 2775 3281 2827 ἑπτὰ
3305 2776 3494 2849 οἶρτων.

2290 2892 2347 2943 Ὀ
2383 2923 2449 2932 -
2477 2894 2734 2963 φάγωσιν.
2767 2892 2983 2964 Ἡμέραι
3011 2891 3086 2962 (4)
3118 2899 3274 2963 τρεῖς,
3308 2892 3423 2943 ἀντὶ
3455 2897 3575 2959 τοῦ,
3606 2892 3798 2963 ἡμέραις

2223 3000 2384 3053 τρισι.
2436 2984 2728 3053 Θαυμαστὴ
2760 2976 2817 3032 δὲ
2856 2981 2884 3037 ἡ
2919 2982 3149 3037 τοσαύτη
3192 2987 3283 3031 τοῦ
3330 2978 3491 3051 ὄχλου
3540 2981 3792 3051 καρτερία.

2226 3074 2371 3122 Διατί
2403 3066 2461 3121 δὲ
2509 3078 2726 3140 σιγῶσιν
2766 3071 2813 3120 οὶ
2852 3071 3105 3141 μαθηταὶ,
3140 3073 3229 3119 καὶ
3284 3068 3408 3139 οὐχ,
3450 3070 3516 3127 ὡς
3556 3072 3799 3142 πρότερον,

2222 3158 2480 3229 λέγουσιν’
2517 3158 2803 3209 Ἀπόλυσον
2849 3161 2935 3210 τὸν
2967 3157 3144 3229 ὄχλον,
3181 3162 3269 3208 καὶ
3299 3165 3466 3208 ταῦτα
3498 3165 3652 3229 τριῶν
3680 3173 3797 3227 παρ·-

2226 3248 2478 3300 ελθουσῶν
2497 3250 2697 3320 ἡμερῶν
2723 3265 2735 3313 ;
2766 3252 2905 3299 Διότι
2926 3246 3131 3299 ἔϐλεπον
3162 3250 3281 3308 τοὺς
3310 3253 3801 3319 προσκαρτεροῦντας

2225 3341 2506 3409 χαίροντας
2546 3335 2629 3389 ἐπὶ
2677 3344 2792 3397 ταῖς
2823 3335 3148 3410 ἀναρρωσεσι
3178 3344 3277 3387 τῶν
3330 3334 3694 3399 ἀσθενούντων,
3730 3352 3802 3384 και

2227 3422 2340 3477 οὐδ’
2378 3424 2507 3486 ὅλως
2538 3425 2937 3496 αἰσθανομένους
2962 3424 3136 3497 λιμοῦ.

2230 3799 2420 3859 αὐτοὺς
2467 3797 2512 3849 ἐν
2572 3798 2746 3870 ἐρὴμῳ
2795 3802 2963 3869 τρέφει
3003 3814 3015 3862 ;
3062 3799 3283 3860 Πάντως,
3344 3798 3424 3847 ἵνα
3484 3802 3557 3867 μὴ
3610 3794 3806 3846 ἐκλυθώ-

2234 3907 2314 3939 σιν
2359 3886 2406 3937 ἐν
2474 3895 2534 3958 τῇ
2597 3882 2727 3956 add),
2784 3888 2955 3946 καθὼς
3008 3886 3162 3945 αὐτός
3205 3882 3310 3937 εἶπε
3364 3890 3585 3957 προῐων,
3618 3889 3702 3935 καὶ
3742 3885 3809 3930 ἶνα

2235 3976 2500 4048 βεϐαιώσῃ
2537 3979 2593 4027 τό
2628 3984 2840 4046 σημεῖον
2880 3984 2978 4026 τῶν
3032 3973 3388 4047 προλαϐόντων
3441 3978 3593 4025 πέντε
3632 3975 3800 4045 ἀρτων*

2234 4062 2639 4137 ὃιατεθρύλλητο
2710 4066 2807 4135 γὰρ
2888 4065 3031 4136 παρὰ
3081 4068 3266 4129 πᾶσιν,
3320 4064 3383 4121 ὡς
3459 4062 3541 4131 (ὅ)
3596 4078 3811 4130 καινογα·

2232 4159 2331 4217 νές.
2359 4154 2435 4226 (6)

540 4260 698 4315 Vers.
758 4262 844 4313 32.
900 4258 979 4312 Et
1034 4288 1103 4296 —
1160 4258 1259 4315 υιά
1308 4259 1538 4314 Marcus
1587 4266 1783 4317 autem
1831 4264 2063 4320 addidit
2109 4279 2119 4319 :

2307 4274 2407 4324 Καὶ
2442 4301 2510 4311 -
2564 4266 2693 4338 ὁδῷ.
2736 4268 2792 4320 Ὀ
2842 4264 2900 4320 δὲ
2947 4270 3159 4337 Μάρκος
3201 4269 3514 4339 προσέθηκα
3554 4271 3694 4326 Τινὲς
3735 4266 3815 4335 γὰρ

470 4348 713 4413 Quidam
741 4347 894 4404 enim
946 4362 1144 4403 eorum
1175 4364 1200 4400 e
1261 4346 1567 4419 longinquo
1620 4360 1925 4409 venerunt.
1983 4355 2124 4410 Vide

469 4452 610 4505 ergo
659 4435 893 4493 Domini
923 4435 1384 4491 humanitatem.
1438 4440 1581 4492 Nam
1615 4440 1806 4495 sciens
1850 4448 2124 4500 naturam

468 4524 800 4581 humanam
849 4525 984 4580 cibo
1024 4524 1309 4593 indigere,
1354 4526 1626 4597 providet
1678 4529 1729 4583 ei
1779 4530 1955 4587 etiam
2009 4549 2125 4590 non

467 4613 804 4683 requisitus,
833 4614 1153 4687 cibumque
1193 4614 1440 4686 praebet.
1480 4617 1894 4675 Communicat
1926 4628 2125 4679 autem

473 4697 798 4769 discipulis,
827 4706 890 4756 ut
936 4702 1229 4759 recordati
1273 4704 1539 4760 miraculi
1578 4706 1843 4780 quinque
1874 4725 2123 4782 panum,

475 4784 728 4841 offerant
766 4788 814 4842 ei
874 4804 1062 4859 panes
1106 4807 1260 4863 quos
1289 4792 1527 4858 habent,
1580 4799 1633 4850 et
1677 4796 1910 4856 dicant:
1946 4801 2124 4858 Multi-

544 4884 591 4917 ⁷ο
632 4885 804 4940 Marc.
836 4901 937 4951 vn,
970 4890 1023 4943 3.

2234 4361 2288 4423 ἐξ
2348 4360 2422 4431 (7)
2483 4358 2649 4410 αὐτῶν
2692 4359 2946 4431 μακρόθεν
3001 4359 3247 4415 ἣκουσιν.
3303 4364 3437 4429 Ὀρα
3513 4354 3574 4408 δὲ
3652 4356 3815 4407 Δεσπό-

2230 4468 2319 4501 του
2398 4445 2779 4520 φιλανθρωπίαν
2821 4486 2832 4500 .
2921 4440 3092 4505 Εἰδὼς
3167 4447 3267 4519 γὰρ
3337 4449 3428 4501 τὴν
3515 4443 3818 4515 ἀνθρωπίνην

2234 4538 2387 4608 φύσιν
2442 4531 2686 4605 δεομένην
2740 4540 2955 4606 τροφῆς,
2986 4540 3281 4607 προνοεῖται
3332 4534 3573 4599 ταύτης,
3628 4538 3712 4583 καὶ
3758 4536 3813 4599 μή

2235 4625 2485 4687 αἰτηθεὶς,
2558 4625 2783 4693 παρέχεί
2854 4626 3067 4696 τροφήν.
3144 4619 3528 4689 Κοινολοσιεῖται
3600 4618 3659 4673 δὲ
3712 4622 3821 4691 πρὸς

2234 4717 2357 4774 τοὺς
2410 4713 2669 4784 μαθητὰς,
2706 4712 2787 4763 ἱνα
2839 4710 3248 4781 ἀναμνησθέντες
3299 4717 3391 4761 τοῦ
3443 4712 3704 4782 θαύματος
3734 4714 3819 4756 τῶν

2234 4806 2379 4856 πέντε
2458 4803 2626 4875 ἄρτων
2651 4844 2666 4869 ,
2734 4804 3148 4872 προσενέγκωσιν
3226 4798 3365 4868 αὐτῷ
3425 4803 3553 4860 τοὺς
3636 4800 3823 4870 ἄρτους,

1688 5048 1904 5117 Varia),
1940 5050 2269 5120 lectiones
2301 5062 2365 5119 et
2408 5059 2615 5117 noue.

545 5235 621 5305 (3)
650 5240 752 5286 Τοῦ
783 5232 966 5289 addit.
1000 5235 1065 5289 A.

543 5310 619 5372 (4)
651 5306 737 5378 At)
766 5307 955 5378 ἡμέραι
984 5306 1061 5362 ad
1098 5311 1269 5378 τρισίν
1292 5308 1576 5368 omiserat
1613 5314 1947 5372 Hentenius.

548 5377 636 5461 (5)
676 5376 1015 5461 Hentenius.
1049 5376 1329 5461 reddidit,
1365 5396 1433 5435 ac
1473 5383 1521 5437 si
1565 5387 1847 5456 repererit
1887 5407 2128 5461 κοινοφα-

473 5451 567 5508 νές.
606 5448 718 5504 Sed
749 5448 1129 5502 retinendum
1160 5449 1409 5515 videtur,
1435 5473 1579 5506 καινο

541 5476 567 5508 ;.
606 5476 718 5504 acu
749 5476 1129 5502 iuuucuuum
1168 5476 1409 5515 VIUUIUI',
1435 5476 1599 5506 καινόν
1622 5477 1755 5519 ανες.

541 5521 619 5592 (6)
638 5520 739 5575 Hic
760 5518 1077 5576 addiderat
1100 5521 1417 5578 Hentenius
1439 5487 1727 5584 schofium
1746 5530 2131 5603 allegoricum

2241 5248 2402 5328 quod
2421 5249 2480 5303 in
2505 5250 2654 5328 meis
2671 5245 2869 5328 paulo
2890 5244 3134 5301 inferius
3161 5244 3371 5317 legitur
3386 5247 3466 5303 ad
3488 5262 3731 5303 versum
3756 5246 3829 5300 tri.

2241 5320 2536 5376 cesimum
2576 5320 2836 5373 tertium.

2313 5390 2389 5461 (7)
2422 5391 2510 5452 Ἐξ
2562 5391 2710 5446 infra
2759 5388 2921 5460 apud
2968 5389 3231 5461 Marcum
3287 5388 3347 5446 in
3392 5394 3680 5448 contextu
3730 5401 3831 5444 non

2243 5458 2579 5533 agnoscunt
2605 5458 2835 5518 codices
2866 5458 3184 5530 Euthymii.
