3906 6202
180 300 256 361 ιω
724 276 725 279 “
1021 274 1378 338 COMMENT.
1423 273 1492 331 IN
1534 268 1687 331 MAT

1858 266 1993 327 LUM.
2035 300 2103 310 —
2142 265 2295 324 CAP.
2331 262 2450 323 XV.

3321 259 3426 317 458

186 427 251 488 οὓς
278 427 427 496 ἔχουσι,
463 419 539 470 καὶ
582 417 817 483 εἴπωσιν,
863 411 943 463 ὅτι
992 407 1258 466 Πλήθυνον
1287 405 1395 476 ptati.
1426 403 1660 461 τούτους.

1860 412 1932 453 ca
1968 393 2147 452 etiam
2175 393 2305 461 hos,
2339 390 2446 449 sed
2472 404 2597 448 non
2626 384 3039 446 intellexerunt
3060 382 3142 443 illi
3179 397 3430 442 causam

2080 483 2113 496 .-
2208 483 2218 493 ο
2314 481 2323 489 ν
2352 480 2368 496 1
2546 495 2565 496 η
2631 495 2640 496 κ
2702 477 2751 496 sm
2775 474 3083 496 39--..11-”
3122 471 3403 496 -L::-:.-..a

183 514 264 568 ἀλλ’
298 512 340 565 οὐ
376 516 562 567 συνῆκαν
596 502 779 557 ἐκεῖνοι
826 508 919 560 τῆν
967 496 1137 551 αἰτίαν
1189 502 1286 555 τῆς
1342 490 1659 566 ἐρωτήσεως·

181 602 245 658 διὸ
272 606 337 653 καὶ
359 598 472 652 πάλιν
492 596 553 648 τὰ
580 601 677 655 τῆς
707 591 928 665 ἀπορίας
956 584 1351 660 προϐάλλονται.

224 695 299 744 Καὶ
342 718 397 729 -—
459 691 694 737 τοσοῦτον
737 697 751 748 ;
806 680 1051 753 [Ἐρημία
1126 675 1203 747 (8)
1251 672 1459 730 νοηθείη
1520 667 1579 721 ἃν
1632 668 1661 726 ἡ

166 784 282 854 φύσις
319 785 397 831 τῶν
435 772 722 849 ἀνθρώπων,
754 770 783 828 ἣ
818 769 844 821 ὁ
890 772 1089 839 κόσμος
1129 763 1297 828 οὗτος,
1334 759 1383 812 ἐν
1417 758 1458 815 ὦ
1496 776 1665 834 προσ-

161 842 322 941 {idem
363 872 421 936 τῷ
464 842 589 934 λόγῳ
642 867 733 920 τῆς
789 857 976 932 ἀρετῆς
1030 858 1120 907 καὶ
1179 855 1415 923 γνώσεως
1460 848 1510 901 οἱ
1576 842 1669 899 διὰ

163 963 231 1016 τὴν
261 961 402 1008 πίστιν
440 957 518 1005 καὶ
573 955 666 1009 τὴν
714 942 903 1001 ἐλπίδα
959 951 1058 998 τῶν
1124 939 1404 1016 μελλόντων
1461 935 1667 1009 ἀγαθῶν

163 1045 501 1103 κακοπαθοῦντες.
570 1039 789 1114 Ἡμέραι
867 1031 927 1089 δί
994 1040 1129 1106 τρεῖς
1193 1031 1248 1083 αἱ
1326 1034 1418 1089 τῆς
1482 1024 1668 1099 ψυχῆς

159 1140 253 1209 τρεῖς
276 1129 499 1204 δυνάμεις,
543 1128 665 1182 καθ’
712 1124 775 1189 ἃς
815 1126 1212 1201 προσμένουσινο
1263 1126 1336 1191 τῷ
1374 1118 1465 1190 μὲν
1510 1114 1666 1187 λόγῳ,

160 1206 382 1287 ζητοῦντες,
434 1227 490 1292 τῇ
548 1216 801 1290 ἐπιθυμίᾳ
853 1211 932 1283 δε,
985 1213 1260 1270 ποθοῦντες
1306 1210 1366 1262 τό
1413 1206 1671 1277 ζητούμε-

154 1330 231 1377 νον,
253 1319 307 1381 τῷ
342 1312 469 1382 θυμῷ
519 1304 599 1375 δε,
646 1303 1148 1381 ύπεραγωνιζόμενοι
1193 1305 1285 1352 τοῦ
1312 1298 1659 1369 ποθουμένου.

155 1406 201 1453 Ἦ
222 1402 259 1452 οἱ
297 1405 404 1474 τρεῖς
450 1401 771 1470 γενικώτεροι
826 1397 997 1465 νόμοι,
1048 1392 1074 1444 ὁ
1114 1389 1354 1462 φυσικὸς,
1387 1387 1413 1438 ό
1443 1390 1669 1439 Μωσαῖ-

148 1492 224 1556 κός,
270 1490 293 1542 ό
340 1486 671 1560 εύαγγελικὸς,
726 1486 1027 1557 φωτίζοντες
1088 1476 1243 1536 δίκην
1300 1476 1515 1549 ἡμέρας,
1579 1475 1670 1525 καὶ

148 1583 242 1650 πρὸς
301 1576 523 1652 ἔργασίαν
587 1581 682 1628 τοῦ
759 1576 1102 1647 συμφέροντος
1172 1566 1533 1642 διεγείροντες.
1606 1564 1673 1615 Οἱ

146 1671 370 1719 τοίνυνκαὶ
422 1667 550 1719 κατὰ
604 1666 818 1723 τούτους
866 1664 988 1723 τοὺς
1043 1665 1182 1733 τρεῖς
1230 1656 1307 1729 (9)
1362 1654 1549 1727 λόγους
1598 1658 1671 1723 τῷ

1774 483 2289 557 interrogationis;
2312 480 2447 538 ideo
2470 495 2677 537 rursus
2698 474 3090 549 indigentiam
3116 471 3429 547 objiciunt.

1845 696 2008 755 Vers.
2051 697 2138 754 33.
2188 696 2265 753 Et
2314 724 2386 738 -—
2433 694 2713 752 tantam?
2757 691 2793 761 ’Ῑ-
2840 691 3151 747 Desertum
3188 685 3433 759 intelligi

1776 791 1973 861 potest
2008 786 2278 842 humana
2315 787 2554 849 natura,
2593 786 2697 840 aut
2734 778 3002 837 mundus
3042 778 3168 845 iste,
3210 776 3272 833 in
3311 791 3434 850 quo

1777 876 2003 933 assidui
2044 878 2186 931 sunt
2222 875 2301 931 ad
2327 888 2660 930 sermonem
2688 869 2921 927 virtutis
2961 873 3018 926 et
3052 865 3432 938 cognitionis,

1777 963 1884 1039 qui
1918 968 2162 1037 propter
2197 962 2382 1019 ﬁdem
2422 978 2493 1019 ac
2547 976 2719 1033 spem
2756 958 3098 1015 futurorum
3133 956 3436 1012 bonorum

1776 1055 1943 1113 mala
2000 1053 2326 1127 patiuntur.
2384 1055 2521 1109 Tres
2577 1054 2780 1107 autem
2836 1047 2984 1115 dies,
3040 1051 3163 1103 tres
3220 1044 3438 1102 animm

1776 1143 2053 1218 potentiae
2093 1157 2200 1216 per
2236 1157 2390 1216 quas
2433 1139 2660 1198 assidui
2699 1142 2838 1195 sunt
2878 1153 2895 1195 :
2936 1150 3047 1209 per
3081 1132 3440 1192 rationalem

1777 1234 2025 1308 quidem
2080 1232 2465 1306 inquirentes,
2524 1245 2633 1303 per
2687 1224 3221 1300 concupiscibilem
3273 1238 3438 1291 vero,

1778 1325 1944 1399 quod
1980 1324 2299 1399 quaesitum
2340 1327 2427 1380 est
2465 1319 2890 1386 desiderantes,
2935 1333 3043 1391 per
3078 1314 3442 1374 irascibilem

1781 1415 1861 1489 (υ)
1917 1418 2119 1472 autem
2169 1428 2280 1486 pro
2326 1427 2397 1469 eo
2451 1408 2620 1483 quod
2668 1408 3049 1481 concupitum
3098 1410 3188 1463 est
3241 1405 3442 1461 decer-

1780 1508 1993 1563 tantes.
2034 1505 2149 1559 Aut
2176 1506 2293 1558 tres
2318 1500 2445 1557 dies
2484 1504 2621 1555 sunt
2648 1498 2766 1555 tres
2793 1496 2955 1568 leges
2984 1493 3383 1568 generaliores
3425 1506 3440 1548 :

1781 1592 2089 1660 naturalis,
2132 1590 2353 1664 scripta
2389 1592 2446 1647 et
2500 1586 2861 1659 evangelica,
2919 1585 2999 1644 ad
3035 1584 3287 1642 modum
3325 1580 3444 1638 diei

1781 1682 2207 1749 illuminantes,
2235 1684 2293 1737 et
2315 1679 2393 1737 ad
2414 1679 2544 1751 ejus
2571 1676 2739 1751 quod
2764 1674 3007 1749 expedit
3031 1671 3443 1747 operationem

146 1761 226 1825 Θεῷ
268 1760 401 1827 Λόγῳ
448 1758 869 1831 προσμείναντες,
929 1753 1019 1803 καὶ
1084 1749 1204 1810 τούς
1260 1746 1386 1819 ύπὶρ
1450 1743 1671 1798 ἕκαστον

1859 1772 2128 1829 citantes.
2164 1767 2276 1836 Qui
2296 1743 2795 1840 ergo'secu'ndum
2814 1743 2928 1822 nos
2952 1743 3132 1821 etiam
3152 1766 3273 1820 tres
3294 1759 3441 1828 dies,

145 1848 280 1905 πόνους
364 1847 635 1917 προθύμως
718 1843 1096 1915 ὑπομείναντες,
1192 1836 1287 1889 οὐκ
1365 1832 1675 1887 ἀπολύονται

139 1940 307 1999 νήστεις,
353 1933 471 1987 ἀλλὰ
532 1930 785 2006 δέχονται
859 1933 1050 2007 τροφὴν
1110 1924 1307 1999 δαψιλῆ
1376 1928 1466 1977 καὶ
1511 1924 1669 1976 θείαν’

142 2022 328 2096 ὑπερμὶν
365 2030 447 2076 τού
478 2028 711 2096 φυσικοῦ
756 2019 865 2091 (10)
903 2022 1062 2091 νόμον
1111 2020 1206 2076 τὴν
1253 2016 1544 2068 ἄπταιστον
1574 2019 1674 2065 τῶν

139 2113 238 2162 κατὰ
284 2114 422 2183 φύσιν
491 2112 774 2186 ἐνέργειαν,
827 2109 952 2183 ύπὶρ
1014 2102 1073 2159 δε
1128 2112 1221 2158 τοῦ
1276 2109 1515 2179 γραπτοῦ
1579 2108 1675 2160 τῆν

141 2195 436 2270 ἐινενεργησίαν
494 2209 600 2253 τῶν
658 2200 804 2274 παρὰ
855 2199 1008 2269 φύσιν
1055 2196 1259 2261 παθῶν,
1312 2194 1438 2268 ὑπὲρ
1472 2187 1533 2244 δὲ
1585 2196 1675 2243 τοῦ

138 2286 407 2357 timaram?
473 2295 564 2350 τὴν
620 2290 749 2364 πρὸς
810 2286 960 2340 αὐτὸν
1006 2287 1092 2339 τὸν
1162 2286 1291 2339 Θεὸν
1344 2281 1528 2337 ἕνωσιν
1587 2284 1677 2333 καὶ

141 2376 317 2450 θένα...]

188 2659 267 2710 Καὶ
289 2661 548 2735 πρότερον,
581 2660 680 2711 καὶ
718 2654 953 2728 ὕστερον,
984 2653 1034 2708 ἄν
1061 2652 1271 2727 ἐρημίᾳ,
1295 2651 1473 2728 πόρῥω
1493 2650 1685 2706 πόλεων

136 2748 208 2795 καὶ
226 2756 400 2818 κωμῶν,
458 2752 517 2802 τὸ
565 2750 751 2820 θαῦμα
804 2752 955 2799 τοῦτο
985 2751 1142 2813 ποιεῖ,
1183 2742 1265 2796 ινα
1306 2746 1378 2815 μὴ
1418 2737 1547 2816 δόξῃ
1578 2746 1689 2802 τοίς

134 2831 276 2904 ὄχλοις
308 2837 358 2889 ἐκ
384 2837 801 2899 πλησιαζούσης
825 2834 1014 2895 πόλεως
1043 2834 1073 2893 ἣ
1124 2837 1303 2907 κώμης
1333 2834 1401 2885 τὰ
1430 2829 1690 2907 βρώματὰ

127 2930 457 2998 μετακομίζειν.

182 3029 263 3085 εάὶ
306 3064 369 3076 -
422 3030 683 3107 ἰχθύδια.
727 3034 828 3086 Καὶ
866 3030 953 3084 ἐπὶ
1010 3036 1111 3082 τῶν
1140 3031 1287 3083 πέντε
1338 3028 1505 3104 ἄρτων
1536 3034 1690 3081 τοῦτο

1783 1862 1861 1919 ad
1898 1861 1999 1919 Dei
2028 1873 2369 1917 sermonem
2399 1858 2811 1930 perseverant,
2844 1858 2901 1910 et
2928 1867 3039 1926 pro
3074 1865 3444 1925 unoquoque

1781 1950 2018 2010 labores
2048 1950 2332 2022 prompto
2364 1946 2663 2003 sustinent
2686 1943 2916 2010 animo,
2945 1955 3336 2015 nequaquam
3361 1939 3446 2012 je-

1778 2041 1912 2114 juni
1947 2038 2384 2111 relinquuntur,
2425 2034 2531 2091 sed
2581 2032 2916 2106 suscipiunt
2953 2029 3337 2104 splendidum
3375 2042 3448 2085 ac

1784 2129 2061 2188 divinum
2098 2127 2301 2185 cibum
2327 2144 2340 2180 :
2362 2140 2473 2199 pro
2502 2123 2761 2181 naturali
2783 2120 3028 2196 quidem
3054 2120 3205 2192 lege,
3246 2134 3450 2193 prom-

1784 2219 2127 2294 ptissimam
2150 2215 2481 2273 efﬁcaciam
2501 2229 2709 2271 eorum
2729 2228 2867 2286 qua:
2887 2209 3142 2269 naturali
3160 2208 3449 2266 instinctu

1788 2308 1939 2368 efﬁci
1978 2310 2230 2382 possunt
2276 2321 2291 2361 :
2344 2320 2454 2379 pro
2514 2303 2732 2377 scripta
2779 2316 2943 2373 vero,
2991 2316 3068 2357 ne
3107 2298 3451 2358 affectiones

1788 2414 1924 2473 qum
1962 2402 2175 2470 praeter
2211 2399 2491 2452 naturam
2546 2393 2866 2463 insurgunt
2920 2393 3250 2464 sequantur
3290 2386 3305 2445 ὲ
3340 2402 3450 2461 pro

1791 2486 2138 2558 evangelica
2190 2489 2408 2553 autem,
2462 2482 2751 2541 unionem
2801 2480 2883 2540 ad
2930 2480 3121 2538 Deum
3170 2494 3243 2539 ac
3288 2476 3456 2536 deiﬁ-

1793 2577 2111 2636 cationem.

1866 2668 1933 2724 Et
1957 2666 2123 2739 prius
2148 2667 2204 2722 et
2229 2666 2444 2738 postea
2466 2661 2530 2719 in
2558 2661 2793 2719 deserto
2819 2660 2954 2718 loco
2985 2658 3163 2730 longe
3191 2675 3226 2715 a
3252 2656 3454 2715 civita-

1795 2756 1957 2816 tibus
1977 2771 2047 2813 ac
2066 2754 2211 2812 vicis
2232 2753 2350 2811 hoc
2370 2751 2509 2811 facit
2534 2750 2910 2822 miraculum,
2932 2764 3009 2806 ne
3034 2747 3225 2805 turbis
3246 2745 3455 2805 videa-

1798 2850 1892 2906 tur
1915 2862 1952 2904 a
1980 2844 2323 2919 propinqua
2348 2842 2583 2900 civitate
2607 2856 2679 2916 ac
2705 2841 2839 2898 vico
2868 2838 3033 2897 cibos
3062 2837 3311 2896 deferre.

1868 3042 2034 3100 Vers.
2076 3042 2165 3098 3i.
2207 3041 2281 3097 Et
2314 3071 2385 3082 --
2419 3039 2750 3111 pisciculos.
2787 3039 2855 3095 In
2892 3038 3157 3113 quinque
3194 3035 3458 3110 panibus

126 3118 369 3191 ἠρώτησεν,
426 3105 499 3185 ως
551 3120 697 3176 εἶπεν
740 3122 767 3173 ὀ
814 3124 1043 3182 Λουκᾶς.
1084 3120 1199 3191 (11)
1249 3122 1350 3171 Καὶ
1388 3114 1504 3172 οὐδ’
1556 3117 1687 3171 οὕτω

1858 3148 1915 3189 )c
1944 3133 2124 3189 etiam
2153 3129 2553 3199 interrogavit,
2587 3129 2736 3184 sicut
2764 3127 2912 3184 dixit
2937 3105 3168 3183 Marcus
3197 3105 3267 3192 τη,
3300 3131 3356 3182 et
3383 3140 3459 3182 ne

125 3210 328 3268 συνῆψ’
358 3214 421 3264 σὺ
454 3208 536 3286 δέ,
571 3211 621 3266 εἰ
665 3214 757 3265 καὶ
803 3210 1037 3272 κακίζεις
1065 3212 1160 3268 τὴν
1209 3210 1471 3266 τοσαύτην
1511 3212 1692 3282 πώρω-

122 3314 185 3348 σιν
223 3300 393 3367 αὐτῶν,
447 3303 555 3370 ὅτι,
597 3307 787 3377 νεαροῦ
838 3304 979 3361 ὄντος
1034 3300 1112 3351 ἔτι
1155 3305 1249 3352 τοῦ
1300 3300 1694 3374 προφθάσαντος

124 3386 360 3459 Grinnes,
402 3391 540 3443 οὕτω
596 3390 718 3463 (12)
772 3393 979 3462 ταχέως
1032 3387 1357 3441 ἐπελάθοντο*
1406 3386 1530 3440 ἀλλὰ
1563 3389 1694 3441 θαύ-

118 3495 253 3543 μασον
290 3483 345 3532 τὸ
402 3480 694 3554 φελιῖληθες
746 3478 935 3545 αὐτῶν,
974 3486 1087 3541 πῶς
1130 3479 1414 3553 γράφοντες
1466 3476 1525 3529 ού
1572 3478 1695 3550 κρύ-

120 3582 279 3619 πτουσι
323 3572 381 3622 τὸ
433 3570 635 3624 οἰκεῖον
692 3568 947 3642 ἴγκλημα.
1009 3568 1282 3627 Ἐννόήσον
1342 3562 1403 3621 δὲ
1447 3570 1537 3620 καὶ
1588 3574 1699 3629 πῶς

116 3650 341 3730 ἐκυρίευον
382 3669 481 3723 τῆς
537 3662 795 3735 ιαστρός.
868 3658 952 3711 Ἐν
1002 3655 1195 3733 ἕρημία
1242 3658 1346 3732 γὰρ
1414 3659 1569 3723 ὄντες,
1609 3659 1699 3709 καὶ

117 3750 228 3843 ipsis
286 3748 475 3822 ἡμέρας
568 3745 953 3823 διατρίϐοντες,
1031 3745 1164 3800 ἑπτὰ
1256 3750 1445 3821 μόνους
1518 3747 1701 3821 ἄρτους

114 3838 399 3909 ἐπεφέροντο.

177 3944 268 3993 Καὶ
306 3974 371 3985 -
417 3943 868 4019 ἕχορτοίσθησαν,
905 3941 1103 4017 Ὅμοια
1142 3950 1249 4005 τοῖς
1300 3946 1571 4019 προτέροις
1614 3947 1704 3997 καὶ

116 4024 231 4100 λέγει
267 4037 349 4086 καὶ
390 4041 560 4104 ποιεῖ,
597 4035 691 4089 ἵνα
730 4035 1059 4107 πανταχόθεν
1089 4033 1272 4095 αὐτοὺς
1307 4031 1581 4108 ἂναμνὴσῃ
1613 4039 1705 4087 τοῦ

114 4123 337 4192 προτέρου
366 4126 673 4199 θαύματος.

176 4230 265 4280 Καὶ
326 4261 396 4274 -
446 4228 719 4287 παιδίων.
777 4235 895 4292 Πῶς
948 4228 1053 4283 ἐκεῖ
1098 4232 1189 4304 μὶν
1251 4226 1462 4286 δώδεκα
1508 4234 1707 4304 κόφινοι

1802 3224 1885 3279 sic
1914 3220 2158 3295 quidem
2187 3217 2618 3275 intellexerunt.
2653 3217 2876 3282 Quodsi
2907 3221 3084 3272 tantae
3110 3232 3318 3271 eorum
3352 3230 3463 3270 cae-

1802 3310 1961 3368 citati
1998 3307 2351 3379 indignaris,
2395 3305 2562 3378 quod
2603 3321 2743 3360 cum
2782 3304 2935 3362 adeo
2972 3319 3179 3360 recens
3217 3307 3464 3374 praeter-

1802 3400 1961 3457 iisset
1989 3397 2135 3455 illud
2167 3395 2549 3465 miraculum,
2580 3394 2732 3451 adeo
2770 3393 3048 3449 velociter
3077 3391 3243 3449 obliti
3274 3396 3414 3448 sunt
3445 3409 3459 3448 :

1804 3490 2103 3549 admirare
2160 3491 2364 3544 tamen
2414 3484 2581 3558 quod
2638 3483 2942 3540 veritatem
2993 3482 3076 3539 ita
3126 3479 3341 3549 colant,
3401 3483 3468 3538 ut

1806 3578 2151 3645 scribentes,
2189 3592 2331 3632 suos
2368 3574 2549 3631 etiam
2601 3572 2864 3630 defectus
2904 3587 3025 3629 non
3065 3569 3463 3628 abscondant.

1805 3668 2059 3727 Adverte
2120 3666 2298 3723 etiam
2364 3668 2663 3738 quantum
2727 3661 2918 3719 ventri
2979 3659 3465 3718 dominabantur.

1809 3760 1958 3816 Cum
1998 3755 2160 3814 enim
2197 3758 2402 3812 essent
2438 3753 2498 3809 in
2546 3752 2803 3819 deserto,
2845 3755 2901 3808 et
2937 3756 3056 3807 tres
3093 3749 3222 3807 dies
3260 3748 3473 3806 demo-

1809 3852 2102 3915 rarentur,
2137 3848 2367 3919 septem
2398 3846 2632 3901 tantum
2662 3857 2851 3916 panes
2882 3840 3219 3898 attulerant.

1882 3957 2045 4013 Vers.
2075 3958 2163 4011 35.
2188 3952 2267 4010 Et
2288 3983 2358 3993 ——
2378 3952 2443 4008 V.
2467 3950 2556 4009 37.
2583 3949 2860 4008 ϐαταναεὶ
2877 3953 3036 4006 sunt.
3064 3946 3291 4007 Similia
3310 3946 3472 4020 prio-

1814 4045 1982 4102 ribus
2031 4047 2089 4099 et
2135 4041 2296 4112 dicit,
2352 4044 2407 4098 et
2458 4038 2619 4108 facit,
2678 4043 2747 4095 ut
2795 4039 2962 4112 prius
3008 4036 3365 4096 miraculum
3405 4051 3475 4094 ex

1816 4132 1984 4193 omni
2022 4135 2190 4205 parte
2226 4130 2309 4186 eis
2344 4128 2425 4186 ad
2462 4128 2820 4186 memoriam
2849 4128 3117 4185 reducat.

1892 4240 2049 4297 Vers.
2091 4238 2180 4293 37.
2234 4235 2313 4293 Et
2364 4266 2434 4277 -—
2486 4237 2553 4291 V.
2599 4235 2687 4293 38.
2741 4238 2984 4293 Pueros.
3035 4234 3351 4300 Quomodo
3390 4231 3478 4288 ibi

112 4310 482 4389 ἕπερίσσευσοω,
516 4321 756 4376 ἕνταῦθα
793 4316 855 4374 δέ
893 4316 1149 4396 σπυρίδος
1173 4319 1304 4375 ἐπτὰ
1348 4318 1464 4375 δίον
1490 4320 1687 4375 ἐνταῦθα

1862 4327 2141 4388 uodecim
2170 4324 2412 4398 cophini
2440 4324 2877 4397 superfuerant,
2907 4322 3006 4378 hic
3034 4326 3235 4379 autem
3263 4323 3479 4392 sportas

110 4402 317 4475 μεῧιιστα
368 4410 549 4466 πλεῖον
611 4416 985 4487 περισσεῦσαι,
1045 4408 1168 4463 aea
1202 4414 1292 4464 καὶ
1342 4410 1562 4473 πλείονες
1594 4409 1710 4483 (13)

113 4494 157 4544 οἱ
193 4496 330 4567 ἄρτοι
372 4506 465 4554 καὶ
540 4500 809 4561 ὶλοίττονες
861 4500 909 4553 οἱ
965 4498 1225 4561 ἐσθίοντες
1271 4516 1286 4569 ;

1598 4461 1707 4483 κη,
1824 4461 1885 4477 ..ν
1936 4461 2073 4484 .ν...,
2117 4461 2255 4473 ν...-
2287 4461 2579 4487 ..,,-------
2605 4461 2704 4469 ..η
2734 4461 2926 4482 .-..σ--
2960 4461 3301 4481 “ruﬁ--.
3352 4461 3451 4466 ---

1344 4505 1508 4561 Φησὶν
1544 4500 1656 4574 (14)
1688 4501 1714 4553 ὃ
1743 4461 1789 4518 D
1823 4461 1928 4568 re:
1943 4508 2102 4565 enim
2136 4510 2304 4562 erant
2321 4503 2418 4560 hic
2439 4518 2651 4577 panes,
2678 4507 2735 4560 et
2759 4500 3073 4574 pauciores
3094 4498 3199 4572 qui
3227 4498 3486 4555 mandu-

120 4587 487 4664 Χρνσόστομος,
534 4593 629 4645 ὅτι
661 4592 717 4644 αἱ
750 4585 1004 4663 σπυρίδες
1035 4590 1164 4653 ἴσως
1186 4592 1401 4664 μείζους
1430 4599 1529 4645 τῶν
1572 4596 1715 4664 κοφί-

1824 4424 2073 4494 septem,
2116 4431 2255 4473 cum
2285 4416 2580 4487 oporteret
2605 4411 2705 4469 hic
2734 4412 2928 4482 magis
2958 4406 3312 4481 superesse?
3351 4409 3485 4466 Plu-

1828 4599 2132 4657 caveraut.
2196 4592 2343 4651 Dicit
2403 4593 2860 4664 Chrysostomus
2920 4593 3156 4663 sportas
3212 4586 3487 4661 cophinis

117 4692 202 4723 νων
237 4670 380 4750 ἦσαν,
410 4682 439 4741 ἦ
495 4685 599 4734 καὶ
646 4679 831 4754 ἑτέρως
879 4676 1187 4754 ᾧκονομήθη
1228 4682 1288 4734 τό
1338 4690 1595 4749 τοιοῦτον,
1637 4682 1681 4736 ἵν

1858 4687 2013 4746 uisse
2050 4685 2304 4744 fortasse
2348 4683 2629 4755 majores.
2684 4680 2784 4739 Vel
2833 4679 2950 4738 alio
2998 4693 3242 4753 quoque
3281 4677 3485 4737 modo.

178 4771 219 4809 ⁷¹
247 4776 412 4836 Marc.
447 4797 525 4849 vr,
562 4779 666 4838 38.

1346 4877 1576 4953 Varias
1604 4884 1933 4957 lectiones
1975 4892 2041 4953 et
2070 4891 2273 4953 notae.

178 5020 245 5094 (8)
279 5028 519 5085 Inclusa
538 5024 615 5083 in
645 5021 916 5094 margine
943 5019 1126 5079 habet
1152 5022 1291 5080 cod.
1330 5024 1389 5079 B.

173 5093 253 5171 (9)
279 5100 624 5156 Hentenius
654 5093 887 5152 videtur
931 5093 1147 5166 legisse
1184 5096 1401 5171 ἡμέρας.
1435 5097 1610 5156 Forte
1643 5100 1724 5151 νά.

103 5186 224 5239 μους
238 5168 607 5241 legendum.

166 5240 272 5315 (10)
296 5238 430 5299 Ἠοο
457 5239 766 5298 conﬁrmat
786 5238 1333 5315 conjecturammodo
1354 5239 1725 5315 propositam.

165 5309 270 5386 (11)
306 5315 488 5388 Apud
518 5317 668 5370 Luc.
691 5326 772 5377 ix,
799 5309 899 5375 13.
920 5309 1068 5366 nihil
1095 5310 1211 5367 tale
1230 5309 1547 5385 reperitur.
1582 5315 1729 5372 Scri-

139 5490 244 5577 .(v.)
271 5489 658 5577 (regibilem:
682 5489 818 5577 Tres
848 5486 1036 5577 animi
1058 5486 1375 5577 facultates
1399 5491 1653 5577 notati).
1681 5490 1724 5577 Ιἔ

1829 5026 2101 5087 bendum
2139 5042 2281 5098 ergo
2311 5039 2452 5081 cum
2482 5022 2764 5082 Hentenio
2797 5002 3031 5097 Μάρκος.

1931 5102 2019 5169 12)
2060 5106 2238 5164 Οῡπω,
2282 5098 2462 5153 male.
2502 5098 2569 5152 Α.
3044 5126 3047 5129 η

1931 5103 2019 5169 12)
2060 5106 2238 5164 Οῡπω,
2282 5103 2462 5153 male.

1932 5173 1997 5229 13
2063 5172 2149 5238 Οἱ,
2186 5170 2376 5226 abest.
2419 5170 2478 5223 Β.

1906 5103 2023 5316 in;
2060 5244 2222 5300 Tom.
2265 5240 2382 5309 Vll,
2422 5254 2478 5313 pa

1938 5239 2023 5313 14)
2060 5244 2222 5300 Tom.
2265 5240 2382 5309 Vll,
2422 5253 2563 5313 pag.
2607 5241 2729 5295 539.
2772 5239 2839 5295 D.

1840 5489 1967 5565 bile
1994 5488 2167 5549 reddi
2221 5489 2430 5565 possit.
2482 5488 2630 5547 Vide
2682 5485 2910 5545 scholia
2964 5483 3042 5545 ad
3089 5484 3299 5558 Synes.
3357 5484 3400 5539 t.
3454 5477 3502 5537 Ι.

102 5560 441 5647 ξόληυξόγζ
500 5567 570 5617 τὸ
626 5560 1044 5647 ἑπιθυμητικὸν,ι
1077 5564 1137 5614 τό
1183 5562 1419 5647 θυμικόν.
1447 5565 1605 5647 ‘Sgd
1669 5567 1728 5647 τό
1840 5579 1904 5637 p.
1944 5562 2035 5621 99.

106 5635 317 5709 Ευμαόν
336 5638 530 5696 latius
559 5636 752 5709 patet,
774 5648 961 5706 quam
987 5636 1051 5707 ut
1070 5648 1192 5690 uno
1213 5635 1501 5695 vocabulo
1525 5635 1733 5697 irasci-

592 5722 836 5781 Pnaoc.
876 5717 983 5779 GR.
1026 5720 1273 5785 CXXIX.

3032 5717 3101 5771 15
