3906 6202
434 258 540 318 459

1762 252 2108 315 EUTHYMII
2152 248 2475 313 ZIGABENI
3620 258 3698 314 460

433 388 520 441 Ita
557 383 911 457 dispositum
950 384 1096 449 erat,
1127 385 1190 440 ut
1227 382 1577 455 bujusmodi
1618 384 2088 454 fragmentorum

2208 384 2238 441 ἡ
2273 383 2486 439 τοιαύτη
2525 400 2623 433 των
2672 378 3101 451 περισσευμάτων
3158 374 3365 452 διαφορὰ
3397 384 3475 432 καὶ
3509 379 3705 434 ἀνοικειό-

431 472 743 531 diversitas
782 489 853 530 ac
905 472 1304 545 inaequalitas,
1360 472 1740 530 indelebilem
1782 474 2093 546 utriusque

430 560 704 620 miraculi
750 560 1107 619 memoriam
1160 567 1557 620 conservaret.

499 742 788 799 Praeterea
825 744 881 797 et
918 740 1105 799 aliter.
1138 741 1223 797 Ibi
1255 740 1503 814 quidem
1545 741 1833 813 cophinos
1872 740 2089 813 aequali

428 843 682 887 numero
721 846 863 886 cum
909 830 1199 903 apostolis
1252 830 1419 897 fecit;
1469 830 1567 886 hic
1615 834 1816 887 autem
1857 834 2089 902 sportas

429 919 649 991 aequali
664 934 916 976 numero
946 934 1083 976 cum
1113 919 1375 992 panibus
1405 936 1416 974 :
1452 918 1731 991 utrinque
1761 918 1984 975 docens
2000 917 2089 974 fa-

429 1006 537 1063 cile
577 1007 630 1062 ei
668 1022 797 1063 esse
836 1008 998 1079 quod
1036 1008 1172 1063 velit
1211 1008 1424 1064 facere.

499 1097 631 1152 Jam
669 1111 813 1152 vero
869 1096 1151 1165 secretius
1209 1096 1387 1152 etiam
1439 1094 1817 1152 considerare
1855 1097 2088 1167 oportet

432 1184 507 1241 de
542 1183 654 1241 illis
692 1184 959 1258 quinque
988 1184 1267 1252 millibus,
1310 1188 1367 1241 et
1396 1184 1469 1240 de
1499 1184 1591 1240 his
1627 1189 1880 1256 quatuor
1918 1181 2087 1239 milli-

429 1272 567 1330 bus.
611 1273 941 1346 Quinquies
979 1273 1137 1331 mille
1186 1278 1327 1330 sunt
1372 1273 1700 1345 imperfecti
1738 1274 1798 1329 in
1837 1272 2082 1329 virtute:

429 1366 641 1436 quater
678 1367 876 1421 autem
915 1362 1073 1420 mille
1104 1368 1241 1420 sunt
1267 1362 1665 1436 perfectiores.
1706 1362 1864 1419 Multi
1902 1361 2087 1434 siqui-

428 1452 569 1509 dem
592 1456 808 1509 suntet
836 1451 930 1509 isti
960 1456 1016 1509 et
1042 1452 1125 1509 illi
1155 1468 1168 1509 :
1205 1468 1441 1526 semper
1466 1456 1667 1509 tamen
1689 1450 2084 1525 imperfectio-

426 1556 524 1599 res
572 1556 826 1598 numero
882 1541 1125 1599 vincunt
1179 1542 1582 1613 perfectiores.
1642 1542 1837 1597 Edunt
1883 1544 2084 1597 autem

424 1631 596 1705 juxta
634 1631 953 1699 Christum,
997 1631 1113 1688 hoc
1152 1638 1238 1689 est
1277 1631 1658 1705 spiritualiter
1694 1630 2028 1701 intelligunt
2068 1646 2081 1687 :

428 1720 898 1794 imperfectiores
936 1720 1181 1794 quidem
1220 1722 1506 1793 pauciora
1552 1720 1917 1777 documenta
1954 1735 2087 1792 pro-
2122 1746 2161 1799 Β

428 1816 558 1883 pter
581 1810 1068 1877 imbecillitatem,
1094 1810 1462 1882 perfectiores
1484 1826 1624 1866 vero
1650 1810 1824 1882 plura
1848 1814 2087 1882 propter

428 1915 637 1957 eorum
688 1899 1113 1956 fortitudinem.
1162 1902 1489 1973 Supersunt
1536 1904 1738 1955 tamen
1787 1899 1961 1972 plura
2008 1899 2086 1955 ab

425 1988 980 2060 imperfectioribus,
1012 2005 1083 2045 eo
1112 1990 1277 2061 quod
1304 1990 1594 2060 pauciora
1625 1989 1807 2045 edant
1838 2004 1851 2043 :
1895 2005 1930 2044 a
1960 2004 2089 2060 per-

428 2076 771 2134 fectioribus
830 2081 1031 2135 autem
1096 2077 1402 2150 pauciora,
1456 2093 1527 2135 eo
1583 2078 1750 2150 quod
1816 2076 2089 2149 pluribus

430 2166 688 2224 alantur.

504 2258 637 2312 Haec
677 2270 822 2313 sane
878 2254 1143 2311 diximus
1192 2271 1305 2313 nos
1353 2255 1679 2327 simplicius
1736 2272 1806 2311 ac
1844 2255 2089 2312 manife-

433 2346 611 2418 stius;
653 2344 752 2402 alii
800 2361 935 2401 vero
990 2345 1217 2418 seipsos
1267 2346 1328 2401 in
1376 2344 1612 2401 subtiles
1652 2344 2087 2416 disputationes

431 2435 826 2502 demittentes,
868 2434 1123 2490 multam
1167 2438 1223 2491 et
1267 2434 1503 2491 anxiam
1552 2439 1975 2491 contraxerunt
2014 2435 2088 2490 de

430 2524 698 2583 minimis
736 2524 917 2581 rebus
946 2524 1439 2598 disceptationem
1480 2540 1549 2582 ac
1582 2525 1938 2593 molestiam,
1980 2540 2089 2580 nec

428 2614 492 2671 id
531 2615 592 2671 in
628 2615 901 2687 prmsenti
940 2618 1177 2671 tantum
1204 2614 1357 2681 loco,
1394 2630 1601 2671 verum
1640 2614 1819 2670 etiam
1857 2614 1918 2670 in
1957 2613 2088 2671 aliis

429 2703 631 2761 multis
650 2702 1248 2771 considerationibus,
1275 2719 1429 2778 quas
1448 2719 1558 2778 pro
1580 2703 1845 2762 molestis
1866 2703 2089 2761 baben-

430 2797 520 2850 tes
558 2793 1091 2869 praetercurrimus.

501 2884 659 2940 Vers.
701 2884 789 2939 39.
824 2884 903 2939 Et
929 2914 997 2923 —
1024 2882 1088 2939 in
1118 2881 1340 2941 navim.
1372 2884 1499 2939 Non
1529 2882 1674 2939 abiit
1713 2883 1964 2955 pedestri
2002 2882 2089 2938 iti-

430 2988 591 3040 nere,
622 2988 698 3030 ne
729 2975 1045 3046 sequentes
1076 2973 1473 3043 gloriﬁcarent
1502 2988 1661 3029 eum.

504 3062 669 3119 Vers.
706 3062 796 3118 39.
826 3061 909 3119 Et
936 3091 1004 3105 —
1034 3062 1344 3133 Magdala.
1378 3062 1612 3117 Marcus
1643 3065 1844 3117 autem
1869 3060 2009 3117 dicit
2038 3063 2086 3096 τ’

431 3150 599 3225 quod
639 3151 842 3208 statim
870 3151 1071 3207 navim
1100 3150 1403 3222 ingressus
1425 3166 1563 3206 cum
1595 3150 1902 3223 discipulis
1943 3150 2084 3221 suis,

430 3240 593 3297 venit
621 3239 683 3296 in
722 3244 920 3313 partes
954 3238 1357 3296 Dalmanutha
1400 3262 1412 3294 :
1455 3244 1775 3312 utrumque
1806 3240 1965 3296 enim
1996 3255 2090 3298 co-

432 3345 573 3386 men
600 3328 767 3400 regio
797 3328 899 3385 illa
927 3328 1211 3385 habebat.

503 3419 654 3477 CAP.
685 3418 813 3475 XVI.
839 3417 1005 3476 Vers.
1036 3418 1094 3475 1.
1136 3418 1400 3490 Cumque
1424 3418 1796 3475 accessissent
1824 3450 1891 3458 —
1920 3419 2085 3488 ipsis.

433 3507 534 3566 Hic
570 3524 812 3565 rursum
849 3508 1104 3563 verbum
1134 3505 1368 3583 ἐπερωτῶ
1398 3523 1521 3563 non
1560 3508 1942 3578 interrogare,
1986 3507 2090 3563 sed

432 3595 743 3670 deprecari
780 3595 1097 3667 signiﬁcat,
1138 3604 1201 3651 ut
1240 3596 1648 3667 praediximus.
1690 3597 1936 3666 Signum
1977 3613 2092 3653 au-

434 3690 555 3743 tem
594 3685 669 3743 de
708 3685 857 3742 coelo
896 3685 1097 3741 videre
1130 3684 1500 3757 quaerebant,
1544 3685 1709 3757 quod
1746 3685 2090 3757 prodigiose

433 3775 588 3832 circa
625 3773 815 3832 solem
846 3774 1033 3845 ﬁeret,
1065 3779 1168 3830 aut
1205 3772 1365 3829 circa
1392 3773 1621 3841 lunam,
1657 3779 1759 3829 aut
1786 3774 1847 3829 in
1888 3774 2087 3831 stellis.

435 3867 555 3923 Hoc
592 3880 735 3922 vero
776 3868 1070 3921 tentantes
1119 3861 1473 3935 quaerebant
1520 3880 1537 3917 :
1588 3878 1782 3935 neque
1831 3864 1989 3919 enim
2029 3868 2091 3921 ut

433 3955 755 4018 crederent,
791 3952 896 4008 sed
926 3956 991 4008 ut
1028 3951 1200 4024 quasi
1231 3966 1523 4021 magnum
1553 3952 2086 4023 apprehenderent.

433 4045 499 4099 Et
528 4042 628 4100 alii
651 4058 894 4115 quoque
920 4045 1236 4098 tentatores
1264 4046 1399 4096 ante
1426 4039 1538 4095 hos
1569 4042 1806 4111 signum
1833 4041 1907 4096 de
1939 4042 2089 4097 coelo

434 4133 843 4207 quasiverunt
879 4132 957 4190 ab
1005 4147 1095 4198 eo,
1154 4130 1307 4186 sicut
1356 4130 1639 4187 vicesimo
1689 4131 1856 4187 tertio
1896 4132 2089 4203 capite

432 4223 785 4298 praedictum
807 4226 913 4295 est,
947 4226 1004 4279 et
1030 4220 1114 4278 ibi
1146 4219 1328 4277 aliam
1358 4220 1535 4276 etiam
1562 4236 1797 4292 quaeras
1819 4237 2085 4276 causam.

508 4316 666 4371 Vers.
697 4312 750 4369 2.
782 4313 862 4369 At
887 4310 984 4368 ille
1011 4343 1081 4351 —
1104 4310 1202 4367 eis.
1238 4312 1467 4366 Marcus
1498 4311 1545 4344 ⁷³
1578 4325 1720 4366 vero
1750 4310 1894 4367 dixit
1924 4310 2089 4383 quod

434 4406 613 4463 etiam
651 4403 943 4477 ingemuit
981 4401 1187 4475 spiritu
1240 4416 1369 4467 suo,
1427 4400 1542 4456 hoc
1580 4404 1684 4465 est,
1724 4400 2017 4470 ingemuit
2054 4416 2089 4455 a

437 4494 672 4567 spiritu,
709 4494 787 4551 ab
817 4492 1039 4562 animo,
1074 4489 1240 4564 quod
1278 4505 1389 4546 nos
1420 4505 1748 4557 possumus
1778 4489 1973 4546 dicere
2012 4489 2089 4545 ab

435 4583 644 4654 intimo
665 4584 861 4639 cordis
886 4581 997 4654 (α’).
1024 4584 1171 4637 Nam
1203 4594 1341 4635 cum
1372 4583 1663 4635 tentantes
1690 4579 1852 4651 ipsos
1872 4594 2090 4649 cogno-

435 4669 642 4735 visset,
662 4669 951 4742 ingemuit
975 4673 1215 4742 propter
1240 4666 1631 4724 incurabilem
1657 4666 1895 4724 illorum
1918 4668 2092 4725 mali-

432 4758 601 4825 tiam,
644 4762 700 4813 et
736 4757 886 4814 dixit
921 4758 1005 4813 eis
1044 4774 1059 4813 :

506 4850 669 4904 Vers.
709 4846 765 4904 2.
815 4847 1055 4917 Vespere
1091 4877 1160 4887 —
1205 4847 1270 4903 V.
1310 4850 1365 4904 3.
1406 4846 1701 4903 Potestis?
1738 4847 2089 4920 Hypocritas

431 4937 543 4997 hos
570 4936 922 5004 nominavit,
952 4951 1075 4993 non
1105 4934 1299 4992 solum
1330 4938 1622 5009 tanquam
1651 4936 1767 4994 alia
1799 4936 2086 5004 dicentes,

502 5065 552 5104 ⁷³
582 5066 753 5123 Marc.
781 5077 899 5130 vui,
934 5066 1019 5119 l0.
1095 5060 1142 5097 ⁷³
1167 5059 1318 5118 Ibid.
1349 5063 1435 5117 l2.

2206 492 2301 533 της
2366 472 2608 543 ἑκατέρου
2667 471 2932 540 θαύματος
2984 473 3185 540 μνήμην
3240 466 3550 531 ἁνεξάλειπτον
3609 490 3707 522 συν-

2204 566 2438 637 τηρήσῃ.

2275 744 2374 791 Καὶ
2417 739 2608 811 τρόπον
2663 737 2829 809 ἕτερον
2878 735 3052 788 πάλιν*
3090 733 3213 789 Ἐκεῖ
3259 737 3340 807 μὲν
3383 738 3488 796 τοὺς
3519 740 3706 807 κοφίνους

2202 826 2513 900 ἰσαρίθμους
2559 834 2665 887 τοῖς
2694 825 3007 885 ἀποστόλοις
3054 823 3298 882 ἐποίησεν·
3350 823 3542 876 ἐνταῦθα
3571 821 3619 876 δι
3641 828 3707 883 τὰς

2201 914 2461 988 σπυρίδας
2496 916 2807 991 ἰσαρίθμους
2847 922 2956 976 τοῖς
3006 914 3198 986 ἄρτοις·
3245 909 3490 965 διδάσκων
3514 912 3704 983 ἐντεῦθεν,

2196 1006 2276 1058 ὅτι
2298 1006 2422 1079 ῥᾷον
2453 1005 2594 1076 αὐτῷ
2626 1013 2805 1074 ποιεῖν,
2835 1004 2917 1056 οἶα
2948 1002 3207 1076 βούλεται.

2266 1099 2381 1169 Χρὴ
2416 1090 2475 1147 δὲ
2502 1094 2678 1147 λοιπόν
2708 1098 2796 1145 καὶ
2820 1098 3203 1167 μυστικώτερον
3232 1089 3545 1164 ἔπιθεωρῆσαι
3566 1093 3710 1160 περίτι

2195 1191 2295 1235 τῶν
2320 1183 2761 1256 πεντακισχιλίων
2777 1185 2978 1235 ἐκείνων
2997 1187 3086 1234 καὶ
3107 1186 3220 1256 περὶ
3240 1188 3331 1233 τῶν
3353 1177 3707 1251 τετρακισχιλίων

2194 1275 2407 1329 τούτων.
2444 1271 2875 1344 Πεντακισχίλιοι
2928 1276 3018 1344 μέν
3050 1271 3179 1323 εἰσιν
3210 1272 3256 1321 οἱ
3307 1268 3586 1340 ἁτελέστεροι
3616 1269 3712 1339 πρὸς

2193 1359 2403 1433 ἀρετὴν,
2455 1361 2875 1437 τετρακισχίλιοι
2917 1357 2975 1414 δὲ
3010 1363 3057 1413 οἱ
3112 1358 3421 1431 τελειότεροι.
3465 1355 3711 1426 Πολλοὶ

2193 1452 2295 1524 ’γὰρ
2351 1455 2441 1504 καὶ
2486 1451 2632 1504 οὗτοι
2670 1449 2917 1503 κάκεῖνοι·
2980 1449 3204 1509 πλείονες
3255 1443 3310 1499 δ”ι
3356 1445 3428 1497 ἀεὶ
3469 1446 3512 1497 οἱ
3552 1442 3715 1495 ἆτελίσ-

2193 1558 2331 1614 τεροι
2361 1548 2460 1592 τῶν
2513 1540 2851 1614 τελειοτίρων.
2908 1539 3180 1592 Ἐσθίουσι
3236 1533 3292 1590 δι
3336 1536 3460 1587 κατὰ
3518 1534 3710 1604 Χριστὸν,

2194 1633 2484 1700 τουτέστιν,
2535 1637 2713 1683 νοοῦσι
2791 1636 3164 1701 πνευματικῶς,
3224 1627 3271 1678 οἱ
3329 1627 3411 1697 μεν
3464 1620 3715 1693 ἁτελέστερόι

2195 1717 2439 1771 ἐλάττονα
2544 1724 2782 1792 νοήματα
2862 1715 2936 1771 δι’
3012 1716 3273 1769 ἀσθένειαν
3378 1720 3462 1765 τοῦ
3538 1716 3621 1773 νοῦ,
3675 1709 3713 1758 οἱ

2197 1804 2255 1859 δε
2309 1806 2607 1883 τελειότεροι
2666 1807 2871 1860 πλείονα
2937 1803 3013 1859 δι’
3070 1806 3371 1858 εὑσθένειαν·
3426 1800 3716 1875 πιριττεύονσι

2197 1894 2256 1948 δε
2306 1896 2406 1949 ἀπὸ
2490 1900 2579 1969 μεν
2635 1907 2734 1950 τῶν
2806 1895 3145 1971 ἀτελεστέρων
3224 1893 3417 1946 πλείονα
3492 1885 3551 1941 δι’
3593 1887 3719 1957 ὀλιγο-

2195 1990 2423 2059 τροφίαν,
2456 1985 2556 2039 ἀπὸ
2598 1983 2657 2039 δὲ
2686 1995 2785 2039 τῶν
2837 1984 3150 2059 τελειοτέρων
3196 1982 3438 2035 ἐλάσσονα
3480 1974 3559 2031 διὰ
3599 1974 3720 2028 πολυ-

2196 2080 2436 2148 τροφίαν,

2267 2259 2444 2305 Ταῦτα
2499 2255 2587 2325 μὲν
2629 2249 2715 2305 οὖν
2769 2253 3044 2325 εἰρήκαμεν
3110 2253 3262 2323 ἡμεῖς
3314 2247 3618 2317 ἁπλούστερον
3660 2242 3724 2291 καὶ

2202 2348 2658 2415 συνοπτικώτερον.
2735 2341 2915 2393 ’Ἄλλοι
2991 2338 3069 2406 δε,
3151 2342 3378 2398 καθέντες
3455 2336 3630 2390 ἑαυτοὺς
3674 2329 3725 2388 εἰς

2195 2431 2550 2504 λεπτολογίαν,
2616 2431 2807 2490 πολλὴν
2884 2433 3203 2504 ἓπεσύραντο
3280 2424 3613 2500 σμικρολογίαν
3664 2420 3729 2469 καὶ

2199 2517 2411 2588 ἀηδίαν,
2463 2521 2556 2572 οὐκ
2604 2520 2688 2573 ἐπὶ
2754 2528 2845 2573 τοῦ
2898 2524 3154 2593 παρόντος
3212 2523 3381 2591 μόνον,
3426 2514 3538 2566 ἀλλὰ
3584 2513 3655 2561 καὶ
3693 2505 3726 2556 ἐι

2195 2609 2401 2671 πολλοῖς
2432 2609 2604 2672 ἄλλοις
2645 2611 2997 2683 θεωρήμασιν,
3029 2609 3162 2683 οἷπερ
3217 2607 3431 2670 ἑκόντες,
3470 2605 3530 2663 ὡς
3552 2597 3727 2673 δχλήρδη

2195 2720 2298 2775 παρ
2307 2704 2614 2775 ατρέχομεν.

2270 2900 2370 2949 Καὶ
2400 2926 2467 2936 --
2496 2894 2691 2947 πλοῖον.
2734 2894 2844 2947 Οὐκ
2874 2892 3071 2953 ἀπῆλθε
3100 2894 3352 2957 πεζεύων,
3392 2891 3547 2959 ἵναμὴ
3568 2882 3729 2936 ἄκολον-

2199 2988 2403 3045 θοῦντες
2434 2981 2731 3047 δοξάζωσιν
2762 2984 2935 3036 αὐτόν.

2269 3078 2370 3127 Καὶ
2400 3070 2682 3146 Μαγδαλοί.
2721 3076 2928 3147 Μάρκος
2959 3070 3017 3125 δέ
3044 3092 3229 3145 φησιν,
3262 3073 3342 3124 ὅτι
3371 3072 3453 3121 καὶ
3479 3067 3576 3137 (15)
3594 3062 3734 3118 εὐθέως

2195 3163 2355 3237 ἐμϐὰς
2388 3163 2460 3225 εἰς
2480 3167 2536 3217 τὸ
2566 3163 2740 3216 πλοῖον
2772 3165 2904 3236 μετὰ
2935 3170 3035 3215 τῶν
3061 3164 3315 3235 μαθητῶν
3345 3158 3513 3221 αὐτοῦ,
3548 3150 3668 3210 ἦλθεν
3687 3147 3734 3205 εἷς

2196 3256 2262 3306 τὰ
2286 3258 2415 3327 μέρη
2443 3252 2801 3325 Δαλμανουθά.
2838 3256 2937 3305 Καὶ
2960 3250 3260 3327 ἀμφοτέρας
3275 3251 3377 3323 γὰρ
3404 3252 3490 3307 τὰς
3509 3242 3737 3312 ἐπωνυμίας

2196 3341 2335 3415 εἶχεν
2369 3344 2399 3401 ἠ
2433 3347 2589 3415 χώρα
2619 3340 2804 3401 ἐκείνη.

2269 3436 2369 3483 Καὶ
2399 3430 2768 3503 προσελθόντες
2807 3460 2874 3471 -
2914 3429 3108 3489 αὐτοῖς.
3150 3459 3220 3470 --
3254 3430 3626 3501 Ἐπηρώτησαν›
3656 3415 3738 3503 ἀνῇ

2196 3526 2304 3584 τοῦ,
2369 3500 2752 3593 Παρεκοίλεσαν,
2808 3522 2873 3580 ὡς
2924 3523 3333 3593 προειρήκαμεν.
3392 3500 3587 3585 Σημεῑον
3630 3500 3740 3560 ὄιὲξ

2195 3608 2415 3683 οὐρανοῦ
2502 3608 2719 3669 ἐζήτουν
2800 3604 2947 3675 ἰδεῖν,
3032 3606 3531 3682 τερατουργοὺμενον
3583 3601 3609 3655 ἦ
3657 3595 3741 3663 περὶ

2194 3700 2280 3749 τόν
2322 3696 2486 3768 ἣλιον,
2524 3698 2553 3757 ἡ
2600 3702 2717 3771 περὶ
2757 3701 2850 3755 τὴν
2905 3696 3143 3765 σελήνην,
3180 3696 3211 3755 ἡ
3248 3699 3368 3767 περί
3396 3695 3512 3750 τοὺς
3553 3686 3739 3756 ἀστέρας-

2200 3786 2446 3846 Ἐζήτουν
2530 3782 2589 3838 δε
2655 3792 2808 3838 τοῦτο
2864 3786 3213 3860 πειράζοντες·
3278 3783 3339 3836 οὐ
3386 3800 3485 3854 γαρ
3534 3776 3618 3849 (ἵνα
3655 3785 3745 3822 m6-

2195 3877 2474 3941 τεύσωσιν,
2534 3874 2637 3926 ἀλλ’
2701 3876 2783 3927 ἶνα
2836 3873 3182 3927 ἐπιλάϐωνται
3271 3872 3431 3924 αὑτοῦ
3476 3871 3540 3928 ὠς
3581 3866 3741 3933 γόητος.

2198 3967 2301 4016 Καὶ
2351 3963 2497 4015 οὖλοι
2544 3959 2601 4015 δε
2632 3966 2731 4036 πρὸ
2781 3966 2974 4015 τούτων
3004 3966 3295 4038 πειρασταὶ
3327 3964 3532 4031 σημεῖον
3566 3951 3613 4015 ἐξ
3636 3948 3747 4019 “39"

2194 4060 2282 4103 νοῦ
2336 4051 2598 4112 ἐζήτησαν
2653 4051 2739 4103 ἀπ’
2805 4052 2984 4116 αὐτοῦ,
3035 4054 3099 4112 ὡς
3166 4051 3217 4103 ἐν
3282 4058 3354 4119 τῷ
3402 4047 3601 4111 εἰκοστῷ
3633 4040 3747 4110 τρίτῳ

2196 4140 2453 4213 κεφαλαίῳ
2501 4146 2900 4216 προειρήκαμεν.
2951 4145 3052 4193 Καὶ
3101 4140 3345 4201 ζήτησον
3400 4134 3498 4187 ἐκεῖ
3533 4133 3610 4183 καὶ
3634 4122 3747 4177 illm

2197 4230 2390 4283 αἰτίαν.

2263 4318 2322 4370 Ὀ
2356 4315 2413 4371 δε
2435 4350 2502 4357 -
2535 4318 2725 4381 αὐτοῖς.
2757 4318 2814 4371 Ὀ
2847 4315 2905 4371 δε
2935 4319 3147 4393 Μάρκος
3182 4314 3347 4386 εἶπεν,
3382 4318 3459 4369 ὅτι
3488 4314 3570 4363 καὶ
3590 4304 3751 4358 ἀναστε-

2195 4407 2346 4470 νάξας
2378 4415 2448 4477 τῷ
2478 4410 2728 4479 πνεύματι
2754 4406 2935 4473 αὐτοῦ,
2964 4406 3119 4479 λέγει,
3145 4410 3425 4459 τουτέστιν
3457 4398 3564 4473 (16)
3586 4394 3755 4447 ἀποστε-

2197 4497 2351 4560 νοῖξας
2382 4496 2481 4549 ἀπὸ
2513 4504 2603 4549 τοῦ
2648 4499 2957 4568 πνεύματος,
3002 4494 3102 4548 ἀπὸ
3133 4503 3234 4559 τῆς
3266 4495 3470 4567 ψυχῆς.
3526 4488 3549 4539 δ
3590 4485 3753 4551 λέἹοέίθ

2198 4589 2367 4659 ἡμεῖς,
2398 4584 2498 4637 διπό
2552 4567 2907 4658 βάθουςςάπὸ
2965 4581 3223 4659 καρδίας,
3287 4587 3443 4643 Γνοὺς
3488 4580 3580 4652 γὰρ
3613 4567 3755 4659 etim);

2198 4677 2557 4750 πειράζοντας,
2595 4674 2920 4738 ὰνεστέναξεν
2950 4672 3033 4727 ἐπὶ
3053 4680 3115 4746 τῇ
3143 4671 3349 4744 ἁνιοίτῳ
3372 4671 3589 4742 πονηρίᾳ
3608 4657 3751 4719 αὐτῶν»

2198 4768 2288 4817 καὶ
2316 4761 2449 4816 εἶπεν
2474 4763 2669 4826 αὐτοῖς·

2268 4850 2461 4923 Ὀψίας
2505 4882 2575 4893 -—-
2628 4847 2900 4920 δύνασθες
2940 4850 3256 4927 ’Υποκριτὰς
3310 4848 3507 4910 αὐτοὺς
3548 4842 3760 4910 ὠνόμασεν

2197 4939 2255 4994 οὐ
2297 4944 2449 5015 μόνον
2505 4943 2570 5004 ὡς
2617 4940 2746 4995 ἄλλα
2796 4944 2887 5015 μὲν
2942 4940 3210 5015 λέγοντας,
3262 4938 3403 4994 ἄλλα
3464 4932 3523 4990 δε
3572 4929 3764 5009 φρονοῦν·

1649 5243 1874 5315 Variae
1892 5244 2227 5315 lectiones
2271 5252 2337 5316 et
2371 5253 2553 5316 notas

440 5522 443 5527 Δ
503 5441 616 5517 (15)
647 5444 770 5511 Καὶ,
801 5440 990 5500 abest.
1019 5441 1089 5496 Α.

2275 5445 2390 5521 (16)
2428 5447 2817 5513 ’Δναστενοίξας.
2849 5451 2916 5504 Δ.

501 5622 587 5695 (τι)
616 5620 709 5679 Ab
739 5618 950 5677 intimo
980 5616 1194 5677 cordis.
1226 5617 1469 5676 Videtur
1497 5635 1639 5693 ergo
1669 5622 1919 5680 alterum
1952 5622 2051 5677 ἀπό
2105 5623 2169 5682 in
2197 5640 2306 5684 suo
2337 5626 2538 5685 codice
2567 5641 2691 5686 non
2720 5625 3035 5702 reperisse:
