3906 6202
194 309 290 376 tet

1146 309 1521 375 COMMENT.
1563 307 1634 372 IN
1674 305 2127 374 MATTHIEUM.
2166 346 2234 356 —
2266 313 2431 375 CAP.
2470 312 2617 372 XVI.

3453 323 3562 378 462

199 465 308 513 τας,
363 443 487 496 ἄλλᾶ
528 447 621 496 καὶ
685 445 754 506 ὧς
815 441 1096 505 δοκοῦντας
1143 446 1234 516 μεν
1281 445 1489 516 σοφοὺς,
1539 446 1687 504 ὄντας
1737 438 1798 494 δὲ

1943 440 2105 498 talia
2126 440 2464 507 sentientes,
2490 456 2695 498 verum
2727 441 2906 500 etiam
2944 445 3240 515 tanquam
3267 443 3559 502 habentes

196 533 438 607 ἆσὸρους.
489 537 643 605 Λέγει
700 538 893 601 τοίνυν,
953 534 1034 586 ὅτι
1078 537 1170 592 τὴν
1213 536 1304 605 μεν
1357 531 1651 604 ἐπιφάνειαν
1704 537 1795 583 τοῦ

191 625 408 697 οὐρανοῦ
461 628 746 694 γινώσκετε
805 619 1110 696 διακρίνειν,
1160 627 1282 676 ποτε
1333 625 1422 694 μὲν
1471 617 1651 673 εὐδίαν
1701 617 1797 679 δη-

180 713 278 782 λοῖ,
329 717 458 765 ποτε
512 708 572 764 δὲ
634 721 893 786 χειμῶνα·
954 715 1020 764 τὰ
1066 708 1126 764 δε
1183 719 1376 784 σημεῖα
1437 719 1536 763 τῶν
1601 719 1793 786 καιρῶν

178 803 236 855 οὗ
294 799 531 855 δύνασθε
591 798 903 874 διακρίνειν,
970 802 1030 854 Εἰ
1079 805 1179 876 γὰρ
1235 802 1324 860 ἦτε
1379 805 1567 873 σοφοὶ,
1620 798 1794 871 ἐγινώ-

181 910 328 945 σκετε
389 893 483 958 ἄν,
513 892 594 943 ὅτι
646 895 799 943 ταυτὶ
858 893 947 964 μὲν
1014 893 1078 942 τὰ
1111 889 1159 942 ἓν
1215 898 1276 963 τῇ
1330 897 1397 962 γῇ
1461 896 1654 962 σημεῖα
1701 896 1792 942 τοῦ

181 986 434 1055 παρόντος
516 980 620 1032 εἰσὶ
688 987 912 1054 καιροῦ,
971 981 1038 1032 τὰ
1106 975 1162 1032 δί
1217 977 1269 1042 ἐξ
1327 978 1546 1052 οὐρανοῦ
1600 985 1794 1048 σημεῖα

179 1078 271 1122 τοῦ
319 1076 514 1144 καιροῦ
564 1077 660 1132 τῆς
719 1069 1009 1130 συντελείας
1061 1068 1182 1124 εἰσί.
1237 1071 1366 1121 Τότε
1416 1070 1518 1142 γὰρ
1576 1069 1601 1119 ὁ
1651 1067 1792 1130 ἣλιος

178 1163 619 1225 σκοτισθήσεται,
678 1163 768 1212 καὶ
825 1161 855 1217 ἠ
922 1157 1101 1217 σελήνη
1157 1157 1214 1210 οὐ
1269 1154 1432 1210 δώσει
1493 1160 1552 1210 τὸ
1609 1161 1792 1229 φέγγος

177 1249 378 1314 αὐτῆς,
435 1253 529 1301 καὶ
629 1250 677 1301 οἱ
748 1247 957 1324 ἀστέρες
1030 1255 1312 1300 πεσοῦνται
1375 1245 1474 1300 ἀπὸ
1540 1253 1628 1300 τοῦ
1705 1247 1791 1299 οὐ-

171 1345 354 1412 ρανοῦ.

243 1432 349 1482 Καὶ
407 1457 476 1469 -
538 1431 808 1502 προφήτου
848 1471 862 1484 .

168 1523 256 1570 καὶ
316 1516 369 1569 ἓν
424 1525 502 1588 τῷ
566 1517 782 1588 εἰκοστῷ
832 1522 989 1593 τρίτῳ
1058 1517 1340 1590 κεφαλαίῳ,
1392 1522 1483 1570 καὶ
1536 1519 1786 1592 ἦρμηνεύο

167 1608 338 1665 ϐησαν
406 1605 456 1658 ἐν
490 1605 683 1678 ἐκείνῳ.
715 1609 782 1658 Σὺ
813 1603 872 1660 δὲ
921 1606 1088 1660 αὐτῶν
1136 1609 1234 1681 ὅρα
1273 1611 1368 1666 τὴν
1409 1612 1672 1682 πώρωσιν,
1705 1607 1786 1659 ὅτι

167 1700 256 1748 καὶ
285 1699 382 1748 τόν
425 1695 606 1750 Ἰωνᾶν
644 1691 860 1766 εἰδότες,
891 1700 981 1749 καὶ
1005 1698 1073 1749 τὰ
1100 1700 1332 1771 παρόντα
1366 1697 1503 1772 ῥητὰ
1534 1699 1626 1748 καὶ
1654 1699 1785 1770 πρό-

919 1433 1097 1480 Ταῦτα
1167 1423 1301 1480 εἶπεν
1380 1424 1790 1502 ἀπαραλλάκτως

1907 545 1969 585 se
1999 546 2108 602 pro
2156 530 2546 603 sapientibus,
2601 533 2740 586 eum
2779 535 2974 588 essent
3016 532 3384 605 insipientes.
3410 533 3562 592 Dicit

1903 633 2044 691 ergo
2080 639 2092 678 ε
2120 619 2547 692 Apparentiam
2577 636 2614 677 a
2671 620 2819 676 coelo
2853 620 2937 693 (ῃ)
2970 621 3158 678 nostis
3202 622 3556 696 dijudicare,

1903 708 2150 782 quando
2175 708 2558 766 serenitatem
2591 708 2836 777 indicat,
2867 713 2926 766 et
2955 711 3205 783 quando
3245 715 3557 785 tempesta-

1902 801 2022 854 tem
2039 815 2052 853 :
2068 799 2242 868 signa
2254 813 2394 854 vero
2412 803 2746 870 temporum
2771 815 2893 856 non
2906 802 3150 870 potestis
3175 801 3260 874 dij
3273 802 3554 858 udicare?

1903 887 2075 952 Quod
2099 887 2147 942 si
2160 886 2457 958 sapientes
2475 888 2702 955 essetis,
2727 891 3158 957 cognesceretis
3180 892 3376 962 utique
3393 891 3558 963 quod

1900 974 2031 1031 haec
2056 976 2230 1045 signa
2257 991 2394 1046 quae
2423 974 2486 1030 in
2513 979 2668 1032 terra
2691 976 2863 1043 ﬁunt,
2921 978 3225 1048 praesentis
3255 984 3387 1034 sunt
3412 985 3556 1035 tem-

1901 1063 2062 1135 poris
2105 1084 2117 1129 ;
2166 1064 2338 1134 signa
2376 1079 2514 1120 vero
2563 1081 2698 1137 quas
2733 1065 2805 1121 de
2842 1065 2993 1121 coelo
3048 1066 3218 1132 ﬁunt,
3269 1069 3554 1139 temporis

1901 1158 2040 1209 sunt
2063 1154 2600 1212 consummationis
2617 1155 2842 1213 saeculi.
2883 1157 3048 1212 Tunc
3063 1157 3222 1213 enim
3245 1159 3334 1213 sol
3355 1159 3555 1216 obscu-

1900 1242 2154 1311 rabitur,
2187 1250 2240 1299 et
2266 1244 2402 1300 tuna
2432 1261 2550 1301 non
2572 1243 2726 1302 dabit
2741 1245 3103 1317 splendorem
3124 1262 3316 1314 suum,
3340 1248 3549 1306 stellae-

1899 1348 2006 1405 que
2038 1334 2245 1390 cadent
2269 1335 2341 1391 de
2361 1334 2502 1391 caelo
2533 1335 2604 1388 7‘.

1969 1422 2136 1478 Vers.
2164 1424 2218 1478 4.
2245 1423 2322 1478 Et
2347 1454 2418 1465 —
2441 1423 2764 1495 prophetae.
2789 1425 2924 1480 Haec
2953 1424 3166 1481 eodem
3192 1425 3374 1482 modo
3403 1426 3551 1484 dixit

1894 1510 2183 1568 vicesimo
2210 1512 2378 1569 tertio
2405 1512 2617 1584 capite,
2646 1517 2703 1569 et
2731 1512 2792 1568 in
2837 1529 2909 1569 eo
2940 1512 3244 1571 declarata
3274 1517 3436 1571 sunt.
3462 1515 3548 1571 Tu

1893 1615 2028 1658 vero
2064 1616 2274 1658 eorum
2311 1601 2771 1659 excaecationem
2814 1602 3150 1659 considera.
3208 1604 3378 1668 Quod
3417 1619 3548 1660 cum

1891 1689 2104 1746 Jonam
2151 1693 2419 1756 nossent,
2465 1705 2536 1747 ac
2600 1690 2922 1762 praesentia
2979 1690 3159 1748 verba
3196 1696 3253 1748 et
3295 1691 3461 1764 prius
3490 1696 3548 1752 et

163 1804 310 1856 τερον
344 1789 440 1837 καὶ
469 1792 560 1836 νῦν
587 1783 921 1856 ἀκούσαντες,
961 1785 1055 1837 οὐκ
1083 1785 1343 1844 ἠθέλησαν
1374 1783 1655 1860 ἐρωτῆσαι,
1695 1789 1785 1839 καὶ

1943 1795 2049 1835 unc
2078 1795 2322 1854 quoque
2360 1780 2689 1845 audissent,
2717 1779 3033 1837 noluerunt
3058 1781 3444 1852 interrogare,
3475 1797 3546 1839 ac

169 1876 381 1946 μαθεῖν,
430 1877 484 1926 τί
551 1872 664 1926 ἐστι
713 1881 866 1926 τοῦτο
911 1877 970 1926 τὸ
1012 1882 1225 1947 σημεῖον
1277 1875 1303 1926 ὅ
1349 1873 1504 1946 λέγει.
1559 1881 1783 1948 Πειρασ-

163 1969 250 2015 ταὶ
273 1966 384 2036 γὰρ
415 1959 577 2029 ἦσαν,
611 1965 678 2025 ὡς
708 1966 930 2037 εἴρηται.
960 1967 1047 2016 Διό
1066 1969 1156 2016 καὶ
1185 1963 1341 2024 αὐτὸς
1379 1961 1544 2036 ἀφεὶς,
1572 1964 1783 2035 αὐτοὺς,

168 2049 509 2126 ὣεχὼρησε.

238 2173 344 2222 Καὶ
402 2168 522 2241 (17)
561 2199 633 2210 -—
683 2168 930 2229 ἀπῆλθεν.
978 2169 1037 2222 Ὀ
1094 2165 1154 2223 δε
1207 2172 1416 2243 Μάρκος
1465 2176 1642 2243 φησὶν,
1675 2173 1776 2242 ὅτι,

165 2255 325 2329 ἐμϐὰς
351 2257 512 2309 πάλιν
544 2257 619 2319 εἰς
655 2256 852 2324 πλοῖον,
884 2255 1107 2318 ἀπῆλθεν
1128 2259 1200 2321 εἰς
1230 2261 1288 2311 τὸ
1313 2263 1490 2332 πέραν.

167 2345 321 2400 [ΕΦ.
376 2345 512 2404 ΛΒ’.
579 2350 704 2420 Περὶ
731 2354 823 2407 τῆς
868 2346 1035 2420 ζύμης
1063 2357 1162 2400 τῶν
1192 2353 1484 2423 Φαρισαίων
1520 2354 1611 2403 καὶ
1640 2346 1777 2404 Σαδ-

841 2431 876 2488 δ
879 2439 1119 2493 ουκαίων.

237 2555 340 2604 Καὶ
393 2582 466 2594 -
532 2549 704 2604 λαϐεῖν
737 2589 752 2605 .
817 2551 1154 2626 [Ἀρκοῦντας
1208 2553 1322 2629 (18)
1368 2554 1543 2617 αὐτοῖς
1595 2552 1776 2616 δηλον-

157 2638 314 2713 an]

245 2727 303 2780 '0
354 2725 413 2782 δ“ε
470 2730 690 2804 Μάρκος
736 2726 893 2798 εἶπεν,
926 2734 1004 2785 ὃτι
1049 2737 1139 2786 καὶ
1181 2733 1225 2786 εἰ
1266 2739 1335 2808 μὴ
1373 2736 1459 2788 ἕνα
1487 2736 1643 2810 ἄρτον
1682 2737 1776 2790 οὐκ

162 2813 321 2889 εἶχεν
340 2820 454 2890 μεθ’
485 2817 682 2872 ἑαυτῶν
707 2821 755 2872 ἑν
783 2829 857 2891 τῷ
886 2821 1072 2894 πλοίῳ.

242 2932 298 2978 Ὁ
345 2922 406 2979 δέ
444 2928 662 2990 Ἰησοῦς
741 2959 808 2968 -
852 2926 1224 2984 Σαδδουκαίων
1256 2975 1269 2988 .
1322 2932 1381 2986 Ὀ
1447 2930 1508 2988 δε
1564 2937 1772 3008 Μάρκος

150 3016 392 3088 εἴρηκεν,
453 3017 538 3068 ὅτι
595 3020 686 3069 καὶ
740 3012 1058 3072 διεστέλλετο
1112 3021 1306 3090 αὐτοῖς,
1346 3021 1524 3096 λέγων·
1565 3021 1768 3097 Ὁρᾶτε,

145 3103 384 3176 ﬁlim“
453 3103 562 3156 ἀπὸ
611 3114 708 3168 τῆς
759 3107 928 3181 ζύμης
992 3117 1091 3160 τῶν
1141 3116 1476 3185 Φαρισαίων,
1530 3117 1619 3166 καὶ
1682 3122 1772 3174 τῆς
1808 3152 1848 3210 C

147 3195 228 3210 ..ρ
389 3193 449 3210 ρ..-
511 3189 572 3210 ..
750 3201 762 3210 .
905 3196 963 3210 Α,
1181 3202 1189 3210 .
1343 3197 1366 3210 .
1501 3199 1513 3210 .
1586 3206 1596 3210 _

145 3195 334 3264 ζύμης
389 3189 659 3267 Ἡρώδου.
737 3196 1058 3250 Διεστελλετο
1139 3202 1230 3272 μὶν
1310 3197 1417 3268 οὖν,
1491 3199 1605 3254 ἀντὶ
1653 3209 1767 3267 τοῦ,

139 3282 525 3356 Παρήγγελλε·
578 3285 637 3335 τὸ
689 3279 786 3349 δε,
833 3284 1051 3361 Ὁρᾶτε,
1111 3286 1357 3360 βλέπετε,
1412 3287 1771 3354 ἀναδίπλωσίς

135 3371 321 3438 ἔστιν,
410 3371 740 3445 ἐμφαίνουσα
795 3372 1034 3428 ίπίτασιν
1100 3386 1193 3440 τῆς
1247 3379 1616 3455 παραγγελίαςο
1678 3381 1768 3443 ζύ-

131 3481 253 3534 μην
339 3457 406 3514 δε
453 3460 593 3532 λεγεε
657 3468 975 3535 Φαρισαίων,
1042 3471 1132 3520 καὶ
1212 3464 1605 3539 Σαδδουκαίων,
1677 3481 1766 3529 καὶ

125 3547 423 3626 Ἡρώδου,
457 3554 548 3610 τὴν
591 3547 835 3624 διδαχὴν
876 3563 976 3607 τῶν
1019 3561 1338 3631 Φαρισαίων,
1381 3565 1470 3613 καὶ
1523 3558 1766 3617 Σαδδου-

126 3647 338 3706 καίων,
398 3645 490 3693 καὶ
544 3637 908 3716 Ἦρωδιανῶν.
964 3651 1350 3722 Προειρήκαμεν
1399 3649 1461 3706 δὲ
1504 3659 1623 3729 περὶ
1672 3654 1765 3728 μίν

123 3738 248 3819 τᾶν
325 3733 634 3819 Φαρισαίων
675 3735 766 3785 καὶ
817 3729 1187 3790 Σαδδουκαίων
1243 3737 1292 3792 ίν
1335 3748 1410 3812 τῷ
1460 3748 1621 3819 τρίτῳ
1685 3764 1766 3798 κε-

121 3818 381 3891 γελοίῳ,
413 3824 535 3892 περὶ
560 3815 621 3872 δὲ
644 3828 744 3909 των
769 3819 1103 3909 Ἠρωδγιανῶν
1129 3825 1178 3879 ἓν
1206 3836 1279 3900 τῷ
1327 3815 1547 3904 εἰκοστῷ
1575 3815 1763 3909 πρώτῳ

474 3910 656 3980 Ζῦμην
686 3905 748 3963 δ”ε
791 3915 885 3970 τὴν
928 3908 1171 3987 διδαχὴν
1217 3917 1380 3978 αὐτὴν
1411 3905 1663 3995 ἐκάλεσεν,
1699 3905 1764 3986 ὡς

120 3989 339 4057 ὀξώδη
355 4005 444 4047 καὶ
475 4000 704 4072 σαπράν.

207 4246 293 4336 Pi
346 4240 408 4298 δε
463 4275 531 4288 -
580 4245 842 4306 ἰλάϐοιιεν.
896 4250 955 4304 '0
1010 4256 1101 4326 μὲν
1153 4260 1384 4332 Χριστὸς
1441 4261 1612 4336 ζύμην
1667 4269 1762 4324 τὴν

101 4331 400 4406 διδαχὴν
447 4343 550 4389 τῶν
622 4340 896 4412 εἰρημένων
943 4331 1208 4416 ὠνόμασε,
1269 4351 1359 4402 καὶ
1413 4331 1612 4418 ταύτης
1668 4352 1763 4407 ἀπ-

95 4425 378 4514 έχεσθαι
434 4427 802 4514 παρήγγειλεν⁸
865 4432 915 4482 οἱ
980 4435 1217 4505 μαθηταὶ
1291 4434 1351 4492 δε
1406 4443 1575 4514 ζύμην
1644 4447 1762 4505 τοὺς

1891 1867 2119 1925 discere
2148 1869 2314 1942 quod
2367 1873 2523 1926 esset
2573 1869 2689 1927 hoc
2746 1869 2986 1939 signum
3043 1870 3209 1942 quod
3262 1871 3541 1942 diceret;

1891 1962 2212 2015 tentatores
2237 1959 2396 2015 enim
2422 1964 2608 2026 erant,
2637 1959 2784 2017 sicut
2809 1958 3038 2016 dictum
3066 1963 3177 2017 est.
3201 1959 3341 2017 Ideo
3363 1961 3544 2018 etiam

1889 2045 2106 2103 relictis
2134 2045 2248 2102 illis
2273 2048 2579 2104 abscessit.

1961 2154 2120 2209 Vers.
2145 2155 2201 2210 4.
2232 2153 2312 2210 Ει
2359 2185 2428 2194 -
2456 2154 2615 2213 abiit.
2661 2157 2890 2213 Marcus
2935 2158 3135 2213 autem
3167 2156 3248 2214 ait
3275 2157 3345 2225 ⁷⁵,
3377 2156 3544 2230 quod

1886 2256 2212 2300 conscensa
2240 2243 2380 2301 navi
2405 2259 2649 2302 rursum
2678 2245 2826 2303 abiit
2852 2246 2912 2301 in
2949 2243 3290 2303 ulteriorem
3319 2245 3542 2318 ripam.

1887 2332 2038 2389 CAP.
2069 2333 2301 2390 XXXII.
2333 2335 2418 2393 De
2448 2336 2747 2406 fermento
2774 2335 3206 2395 Pharisaeorum
3234 2339 3289 2394 et
3318 2335 3544 2396 Saddu-

2572 2457 2825 2501 eteorum
2833 2485 2846 2500 .

1956 2546 2122 2603 Vers.
2153 2547 2209 2603 5.
2247 2547 2327 2606 Et
2355 2580 2424 2589 —
2447 2564 2696 2608 sumere.
2729 2552 2771 2623 -ι-
2801 2551 2913 2617 Qui
2940 2550 3207 2611 videlicet
3243 2552 3331 2610 eis
3381 2553 3543 2611 sufﬁ-

1885 2639 2104 2692 cerent.

1955 2726 2179 2781 Marcus
2235 2730 2437 2783 autem
2466 2727 2608 2785 dicit
2641 2731 2706 2801 7‘,
2734 2729 2902 2801 quod
2945 2745 3136 2787 unum
3161 2735 3394 2788 tantum
3432 2747 3536 2804 pas

1882 2826 2024 2868 nem
2051 2812 2361 2872 habebant
2395 2832 2601 2875 secum
2633 2819 2696 2875 in
2732 2820 2893 2876 navi.

1953 2905 2110 2959 Vers.
2155 2906 2210 2959 6.
2277 2906 2442 2962 Jesus
2502 2939 2570 2950 -—
2619 2908 3058 2966 Sadduccerum.
3108 2911 3334 2984 marcus
3391 2924 3534 2966 vero

1880 2991 2029 3049 dixit
2057 2995 2125 3060 ⁷⁷,
2161 2993 2326 3066 quod
2362 2995 2541 3052 etiam
2581 2999 2861 3071 pracepit
2892 2999 2977 3054 eis
3036 2998 3242 3055 dicens
3279 3015 3293 3056 :
3336 2999 3530 3056 Videte

1879 3088 1933 3137 et
1945 3087 2132 3138 cavete
2143 3097 2180 3136 a
2195 3084 2478 3151 fermento
2492 3085 2946 3154 Pharisaeorum,
2969 3095 3024 3145 et
3041 3089 3331 3158 fer-mentp
3349 3090 3538 3148 Hero-

1877 3170 1985 3227 dis.
2040 3170 2305 3225 Verbum
2354 3178 2555 3228 autem
2599 3177 2774 3232 Marci
2845 3171 3160 3228 διεστέλλετο
3209 3178 3340 3248 (pro
3411 3193 3534 3248 quo

1875 3261 2180 3329 vertimus,
2223 3265 2519 3336 praecepit)
2573 3265 2902 3336 improprie
2954 3265 3204 3335 capitur,
3239 3264 3390 3318 sicut
3419 3264 3536 3320 alia

1875 3349 2135 3420 plurima
2169 3355 2330 3426 apud
2361 3357 2632 3412 Marcum.
2682 3350 2982 3422 Signiﬁcat
3031 3351 3191 3405 enim
3244 3353 3307 3404 ut
3353 3349 3534 3421 pluri-

1874 3453 2044 3496 mum
2073 3440 2457 3514 distinguere,
2485 3443 2793 3513 disputare
2818 3441 2912 3496 vel
2941 3439 3260 3511 explicare.
3295 3437 3397 3495 Illa
3426 3454 3533 3494 au-

1873 3531 1992 3585 tem
2047 3531 2433 3604 reduplicatio
2484 3549 2497 3588 :
2561 3531 3005 3597 Videte,Cavete,
3061 3529 3338 3602 prmcepli
3408 3530 3531 3585 sive

1871 3617 2298 3678 admonitionis
2313 3622 2834 3696 exaggerationem
2852 3620 3239 3676 demonstrat.
3258 3620 3533 3676 Fermen-

1871 3715 1999 3764 tum
2021 3724 2164 3767 vero
2185 3711 2642 3778 Pharisaeorum,
2665 3708 3133 3767 Sadducmorum
3154 3724 3222 3764 ac
3253 3707 3526 3773 Herodis,

1871 3803 2045 3855 vocat
2091 3799 2428 3858 doctrinam
2467 3800 2898 3858 Pharisaeorum
2939 3798 3413 3855 Sadducaeorum
3457 3812 3530 3853 ac

1872 3885 2369 3947 Herodianorum.
2398 3893 2478 3948 De
2501 3890 2809 3948 Pharisaais
2834 3889 3080 3962 quidem
3099 3894 3157 3945 et
3180 3887 3338 3945 Sadd
3349 3887 3529 3944 neseis

1870 3978 2040 4035 tertio
2078 3981 2268 4053 capite
2312 3981 2698 4054 praediximus
2733 3997 2746 4047 ;
2793 3980 2868 4036 de
2909 3979 3262 4036 Herodianis
3326 3983 3530 4035 autem

1867 4066 2153 4124 vicesimo
2180 4070 2376 4141 primo
2400 4071 2614 4142 capite.
2648 4073 2806 4126 Hanc
2826 4084 2967 4126 vero
2990 4068 3328 4125 doctrinam
3351 4082 3528 4123 voca-

1869 4157 1951 4212 vit
1967 4157 2339 4226 fermentum,
2374 4164 2579 4231 utpote
2610 4164 2916 4215 acetosam
2942 4174 3011 4214 ac
3045 4157 3411 4214 marcidam.

1939 4263 2101 4319 Vers.
2125 4263 2179 4320 7.
2205 4265 2282 4320 At
2307 4265 2408 4320 illi
2435 4295 2504 4306 —
2546 4266 2915 4335 sumpsimus.
2968 4241 3235 4319 Christus
3267 4261 3521 4332 quidem

1870 4351 2227 4409 fermentum
2258 4352 2597 4425 appellabat
2620 4352 3040 4423 praedictorum
3072 4350 3431 4415 doctrinam,
3465 4355 3522 4405 et

1871 4442 1951 4498 ab
1977 4443 2091 4498 hac
2116 4441 2412 4498 abstinere
2433 4441 2808 4514 pracipiebat
2840 4463 2852 4494 :
2888 4439 3164 4511 discipuli
3218 4454 3376 4502 vero,
3419 4439 3524 4494 fer-

96 4509 489 4576 Ἰουδαία-οῦς
543 4513 733 4590 ἄρτους
783 4525 1098 4594 νοήσαντες,
1159 4531 1251 4580 καὶ
1313 4533 1432 4606 περὶ
1471 4507 1584 4596 ’τῆς
1635 4507 1811 4587 ἰιπο-1

1943 4536 2142 4588 entum
2185 4507 2464 4589 Judaicos
2516 4507 2703 4605 panes
2755 4507 3168 4600 intelligentes,
3196 4534 3252 4585 et
3279 4529 3354 4584 de
3400 4529 3525 4584 illo-

93 4611 263 4693 χῆς⁸
319 4605 514 4656 τοῦτον
558 4607 981 4680 παραγγελθῆναι
1034 4619 1360 4686 νομίσαντες,
1407 4615 1760 4693 διελογίζοντο

91 4693 160 4786 ἐν
204 4689 490 4786 ⁸ἐιεντοῖςᾼ,
544 4699 844 4786 τουτέστιν,
904 4699 1270 4776 ἐθορυϐοῦντο,
1319 4689 1623 4773 κωλυθέντες

87 4782 234 4835 ἀπὸ
308 4789 414 4870 των
457 4779 768 4838 Ἰουδαϊκῶν
812 4787 999 4864 Ξρτων,
1049 4793 1121 4857 ὡς
1165 4795 1590 4870 προσεδόκησαν·
1654 4802 1758 4857 ἑτέ-

78 4889 262 4952 ρους
351 4866 411 4924 δε
465 4877 540 4944 μὴ
595 4871 949 4950 ἐπιφερόμενοι
977 4917 991 4934 .
1036 4866 1265 4956 λέγοντες
1319 4885 1368 4938 ἕν
1410 4890 1720 4965 μεταμελείᾳ
1742 4937 1758 4962 ,

1867 4637 2006 4678 rum
2044 4623 2397 4680 abstinentia
2446 4622 2806 4695 praecepisse
2846 4625 3139 4692 putantes,
3181 4618 3525 4688 cogitabant

1870 4713 2037 4785 apud
2067 4729 2216 4781 sese,
2244 4713 2359 4770 hoc
2379 4718 2482 4780 est,
2513 4711 2926 4780 turbabantur,
2958 4708 3244 4783 prohibiti
3275 4709 3522 4781 quidem

1868 4802 2143 4860 Judaicos
2173 4803 2345 4859 edere
2384 4818 2593 4875 panes,
2617 4806 2680 4858 ut
2705 4799 3129 4873 opinabantur,
3151 4815 3289 4855 cum
3323 4804 3520 4855 tamen

1871 4892 2023 4950 alios
2061 4909 2184 4951 non
2212 4892 2510 4965 aﬁerrent,
2560 4892 2825 4950 dicentes
2855 4895 3146 4964 tanquam
3174 4888 3522 4963 poenitentia

175 5051 248 5088 τι
284 5049 505 5108 Matth.
536 5067 696 5120 ινιτ,
728 5054 816 5112 29.
891 5059 941 5094 ⁷⁸
965 5061 1138 5118 Marc.
1169 5079 1289 5133 vni,
1328 5065 1412 5123 12.
1489 5069 1540 5106 ⁷⁸
1561 5070 1718 5143 Ibid,
1751 5074 1811 5131 t-i

1943 5077 1964 5113 ⁷
1988 5075 2130 5132 ibid.
2158 5076 2240 5132 l5.

1389 5244 1618 5319 Varia;
1646 5251 1972 5324 lectiones
2011 5262 2077 5324 et
2103 5262 2305 5323 notae.

146 5425 822 5521 (57)_Eiterque'meps
851 5438 1285 5521 cumHentenii
1309 5442 1477 5503 addit
1507 5445 1569 5504 in
1598 5448 1760 5521 prin-

300 5513 536 5558 versus
561 5519 576 5560 :
604 5508 704 5559 Καὶ
733 5508 1036 5582 ἀποκριθεὶς
1059 5514 1196 5565 είπεν
1223 5513 1417 5578 αὐτοῖς.

151 5689 276 5762 (ν)
315 5681 768 5752 Apparentiam
801 5702 838 5744 a
864 5648 1034 5747 caelo.
1067 5689 1457 5766 Superﬁciem
1477 5698 1630 5758 cali.

1867 5467 2064 5598 1mng
2093 5468 2329 5596 Itnclusa
2357 5467 2596 5527 omittit.
2624 5467 2690 5524 A.
2722 5465 3042 5524 Hentenius
3065 5464 3127 5520 in
3153 5461 3272 5518 ﬁne
3311 5457 3515 5516 scholii

1996 5555 2026 5597 e
2069 5556 2103 5598 a
2134 5582 2148 5597 .

1996 5555 2148 5598 θοειι.
