3906 6202
502 297 607 355 463

1821 290 2173 350 EUTHYMII
2216 288 2547 348 ZlGABENl
3698 294 3775 349 464

498 420 663 478 ducti
693 435 707 477 :
739 420 930 479 Panes
954 435 1079 478 non
1126 418 1496 493 smpsimus
1522 434 1560 478 a
1586 418 1862 477 ﬁdelibus
1908 419 2013 492 qui
2040 435 2134 475 no:

2264 419 2343 470 ὅτι
2391 423 2611 491 ’Δρτους
2664 415 2756 468 ούκ
2833 413 3075 488 ἐλάϐομεν
3149 415 3204 469 ἐκ
3281 424 3375 468 τῶν
3437 414 3779 489 ξενοδοχοὼτων

498 509 1089 584 excipiunthospitio,
1112 514 1179 568 ut
1198 510 1281 567 eis
1294 525 1616 583 pascamur
1638 510 1687 567 si
1708 525 1942 567 moram
1960 508 2154 566 facere

500 599 829 669 contingat.

572 688 717 754 Quid
742 703 885 759 ergo
913 688 1199 756 Christus,
1230 688 1330 763 qui
1359 688 1753 759 cogitationes
1782 687 2019 744 illorum
2049 703 2153 745 no-

494 784 659 835 verat
686 776 715 833 ?
740 778 947 835 Merito
976 783 1218 851 propter
1247 783 1563 850 utrumque
1590 776 1970 849 reprehendit
1998 776 2149 843 illos,

496 872 553 925 et
580 868 724 941 quia
752 868 1176 926 existimabant
1200 883 1340 924 eum
1390 867 1745 940 praecepisse
1776 867 1850 923 de
1878 867 2151 923 ciborum

495 957 929 1024 observatione,
959 973 1146 1030 quam
1169 958 1406 1028 utpote]
1419 957 1697 1013 udaicam
1723 957 1848 1028 ipse
1873 961 2047 1013 autea
2066 971 2153 1013 re-

490 1046 732 1119 jecerat,
787 1047 1038 1119 quando
1085 1047 1260 1104 docui
1292 1048 1362 1116 ⁷⁸,
1414 1046 1583 1119 quod
1615 1062 1739 1103 non
1769 1046 1851 1114 id,
1892 1045 2059 1119 quod
2089 1045 2151 1101 in

493 1150 561 1193 os
591 1135 941 1205 ingreditur,
970 1135 1273 1208 impurum
1302 1136 1491 1193 reddit
1528 1136 1838 1193 hominem
1864 1158 1877 1190 :
1910 1140 1969 1192 et
2006 1135 2151 1207 quia

492 1225 563 1282 de
586 1225 722 1283 cibo
740 1223 973 1283 solliciti
986 1232 1175 1297 erant,
1195 1242 1338 1283 cum
1354 1241 1557 1283 secum
1577 1225 1867 1284 haberent
1882 1241 2023 1283 eum
2040 1225 2143 1298 qui

491 1313 692 1371 cibum
718 1328 962 1372 omnem
1002 1314 1503 1373 subministraret.

561 1402 727 1461 Vers.
758 1403 817 1463 8.
842 1406 962 1473 Quo
990 1408 1216 1477 cognito
1242 1436 1313 1451 --
1334 1405 1666 1476 sumpsistis
1686 1405 1714 1461 ?
1732 1405 2001 1462 Primum
2031 1403 2149 1461 cibi

490 1492 951 1551 sollicitudinem
992 1494 1108 1552 illis
1153 1494 1523 1569 improperat
1551 1494 1758 1551 dicens
1793 1515 1805 1548 :
1836 1492 1989 1559 Quid
2030 1497 2149 1549 tur-

486 1582 719 1640 bamini
770 1583 937 1657 quod
978 1599 1169 1657 panes
1220 1584 1501 1643 alicunde
1562 1599 1681 1642 non
1730 1582 2070 1655 sumpsistis
2119 1580 2146 1636 Ἰ

488 1674 719 1729 Rursus
769 1677 971 1730 autem
1027 1677 1204 1732 vocat
1242 1690 1345 1732 eos
1388 1674 1617 1746 exiguae
1669 1671 1804 1729 ﬁdei
1847 1672 2143 1737 homines,

2262 509 2395 580 ἡμᾶς
2447 514 2667 571 πιστῶν,
2720 508 2801 557 ἱνα
2852 507 3052 567 τούτοις
3108 514 3388 581 τραφώμιν,
3428 506 3467 558 εἰ
3504 506 3650 579 συμϐῇ
3678 528 3783 581 χρο-

2260 602 2426 649 νίσαι.

2330 691 2393 739 Τί
2449 681 2535 737 οὖν
2585 685 2610 736 ὁ
2663 686 2911 759 Χριστὸς,
2955 684 2979 736 ὁ
3025 686 3119 745 τὰς
3174 680 3397 744 διανοίας
3438 684 3585 736 αὐτῶν
3628 681 3781 753 εἰδως;

2260 779 2527 848 Μέμφεται
2557 774 2733 835 αὐτοῖς
2765 773 2974 834 εἰκότως
3000 770 3071 825 δι’
3114 772 3389 847 ἀμφότερα,
3421 770 3543 826 διότι
3566 793 3611 826 τε
3634 794 3782 847 προσι-

2261 862 2496 923 δόκησαν
2545 862 2967 939 παραγγελθῆναι
2996 868 3113 935 περὶ
3169 871 3258 923 τῆς
3312 871 3403 915 τῶν
3435 861 3684 937 βρωμάτων
3709 884 3783 915 πα-

2258 960 2609 1029 ρατηρήσεως,
2678 953 2763 1020 ἣν,
2818 948 3115 1010 Ἰουδαῐκήν
3168 948 3345 1016 οὖσαν,
3398 952 3537 1013 αὐτὸς
3602 950 3781 1015 ἐξέϐαλεν

2261 1043 2511 1117 ἀνωτέρω,
2547 1044 2628 1095 ὅτε
2669 1038 2933 1110 ἐδίδαξεν,
2975 1044 3051 1095 ὅτι
3091 1042 3151 1095 ού
3194 1045 3251 1095 τό
3308 1042 3630 1115 εἰσερχόμενον
3663 1042 3781 1101 εἰςτὸ

2262 1140 2435 1207 στόμα
2462 1139 2627 1185 κοινοῖ
2661 1136 2747 1184 τὸν
2779 1133 3067 1205 ἄνθρωπον·
3103 1137 3191 1184 καὶ
3224 1128 3359 1184 διότι
3386 1136 3493 1205 περὶ
3520 1139 3675 1205 τροφῆς
3696 1130 3782 1201 ἐμε-

2257 1228 2540 1300 ρίμνησαν,
2582 1225 2789 1295 ἔχοντες
2832 1221 2943 1294 μεθ’
2999 1221 3191 1275 ἑαυτῶν
3243 1224 3330 1274 τὸν
3374 1224 3585 1295 χορηγὸν
3618 1219 3782 1278 ἀπάσης

2259 1321 2482 1385 τροφῆς.

2330 1405 2490 1463 Γνοὺς
2520 1432 2589 1443 -
2615 1400 2816 1454 ἐλάϐετε
2845 1417 2858 1468 ;
2892 1407 3103 1475 Πρῶτον
3146 1403 3235 1458 τήν
3266 1403 3503 1475 μέριμναν
3529 1405 3611 1460 τῆς
3632 1404 3783 1471 τροφῆς

2258 1491 2431 1552 αύτοὶς
2462 1487 2728 1562 ὀνειδίζει,
2770 1490 2948 1562 λέγων’
2995 1494 3059 1544 Τί
3105 1488 3424 1563 θορυϐεῖσθε,
3476 1485 3600 1541 διότι
3642 1488 3785 1560 ἄρτους

2257 1580 2495 1655 ἑτέρωθεν
2580 1580 2673 1633 οὐκ
2738 1578 2938 1633 ἐλάϐετε
3006 1598 3031 1645 ;
3087 1578 3478 1650 Ὀλιγοπίστους
3555 1573 3606 1629 δε
3668 1574 3782 1626 πάλιν

2256 1669 2439 1731 αὐτοὺς
2492 1669 2753 1743 ὀνομάζει,
2820 1666 2959 1722 διότι
3034 1668 3128 1721 οὐκ
3202 1666 3523 1737 ἐπίστευσαν,
3586 1666 3651 1719 ὅτι
3691 1663 3783 1735 παρ’

488 1762 629 1835 quia
656 1778 780 1821 non
806 1762 1132 1820 credebant
1160 1764 1328 1836 quod
1365 1763 1444 1822 ab
1470 1764 1601 1836 ipso
1638 1765 1892 1836 possent
1921 1760 2016 1833 ali,
2044 1760 2134 1817 sed

2256 1758 2417 1811 αὐτοῦ
2470 1764 2827 1834 τραφήσονται
2891 1760 3108 1827 πάντως,
3159 1756 3266 1809 ἀλλ’
3318 1756 3462 1811 αὐτοὶ
3509 1758 3613 1831 περὶ
3637 1753 3777 1807 ἑαυτῶν

486 1853 601 1926 ipsi
634 1853 728 1909 sui
748 1868 956 1910 curam
980 1853 1310 1912 habebant.

558 1960 725 2017 Vers.
753 1965 806 2017 6.
836 1962 1111 2018 Nondum
1149 1992 1219 2003 —
1250 1960 1317 2017 V.
1342 1961 1428 2016 10.
1460 1960 1827 2032 Sumpseritis
1858 1961 1887 2016 φ
1912 1960 2145 2016 Marcus

484 2062 627 2106 vero
656 2049 899 2121 gravius
930 2065 1033 2105 eos
1078 2050 1424 2122 increpasse
1478 2049 1581 2119 ait,
1622 2049 1852 2106 addens
1885 2068 1897 2105 :
1928 2049 2145 2105 Adhuc

487 2144 844 2197 exasceatum
878 2138 1105 2196 habetis
1162 2154 1260 2196 cor
1288 2147 1540 2197 vestrum
1574 2140 1603 2195 ?
1625 2139 1813 2196 oculos
1871 2137 2145 2195 habentes

487 2246 602 2286 non
624 2228 848 2299 videtis,
862 2234 916 2286 et
929 2244 1101 2287 aures
1114 2228 1379 2286 habentes
1398 2245 1511 2286 non
1528 2229 1747 2287 auditis
1761 2231 1806 2265 7°
1835 2227 1863 2284 ?
1878 2229 1942 2284 Et
1954 2241 2144 2301 quare

487 2333 613 2376 non
634 2322 774 2375 tunc
792 2318 1222 2391 improperavit
1233 2319 1430 2392 potius
1452 2318 1540 2375 eis
1558 2318 1807 2391 quando
1833 2318 2139 2374 dixerunt:

496 2406 658 2465 Unde
698 2406 957 2464 nobisin
1011 2408 1233 2465 deserto
1274 2423 1455 2478 panes
1498 2416 1617 2464 tam
1661 2408 1838 2464 multi
1865 2410 1911 2443 ⁸ο
1943 2408 1972 2462 Ῡ
1997 2406 2144 2472 Quia

488 2512 612 2557 non
635 2499 757 2553 erat
772 2512 1015 2569 aequum
1046 2500 1113 2553 ut
1138 2497 1251 2554 hos
1263 2513 1470 2554 coram
1485 2496 1687 2553 multis
1716 2495 2137 2561 confunderet;

488 2585 669 2643 simul
693 2585 874 2643 etiam
900 2592 1253 2660 exspectans
1277 2578 1467 2643 donec
1504 2586 1663 2643 edito
1692 2586 1915 2659 duplici
1964 2585 2142 2640 mira-

488 2675 647 2743 culo,
689 2674 925 2749 gravior
975 2690 1047 2733 ac
1098 2674 1399 2734 efficacior
1428 2675 1776 2733 redderetur
1814 2673 2136 2733 accusatio.

2256 1846 2575 1923 ἐφρόντιζον.

2327 1939 2486 1989 Οὔπω
2516 1967 2584 1978 -
2614 1935 2811 1991 ἐλάϐετε
2842 1953 2855 2004 ;
2894 1939 3103 2012 Μάρκος
3136 1932 3194 1989 δὴ
3227 1934 3503 2011 βαρύτερον
3538 1931 3783 2004 ἐπιτιμῆσαι

2256 2024 2430 2087 αὐτοῖς
2482 2026 2635 2098 λέγει,
2686 2028 2950 2099 προσθείς·
3000 2025 3115 2078 Ἔτι
3158 2029 3526 2098 πεπωρωμένην
3566 2024 3685 2094 ἔχετι
3714 2024 3782 2077 τὴν

2253 2112 2478 2189 καρδίαν
2535 2116 2675 2189 ὑμῶν
2731 2131 2743 2183 ;
2790 2114 3081 2188 ὀφθαλμούς
3136 2116 3346 2186 ἔχοντες
3390 2118 3445 2166 οὺ
3491 2111 3685 2185 βλέπετι,
3720 2114 3782 2160 καὶ

2253 2204 2361 2256 ὦτα
2401 2206 2604 2277 ἔχοντες
2636 2204 2731 2256 οὐκ
2770 2203 2977 2258 ἀκούετε
3002 2220 3014 2271 ;
3043 2204 3118 2259 Oi)
3152 2201 3387 2276 βλέπετε,
3432 2206 3568 2275 φησι,
3596 2207 3683 2259 πῶς
3719 2201 3783 2247 καὶ

2252 2298 2447 2355 πόσους
2497 2292 2544 2345 ἐν
2578 2292 2770 2367 ἐρημίᾳ
2819 2298 2982 2370 τρέφω
3014 2312 3026 2361 ;
3060 2297 3148 2346 καὶ
3199 2292 3295 2345 ούκ
3341 2291 3555 2354 ἀκούετε,
3602 2293 3696 2361 περὶ
3735 2286 3783 2335 ὧν

2254 2378 2502 2436 διδάσκω
2536 2400 2549 2450 ;
2585 2388 2685 2437 Καὶ
2716 2379 2858 2435 διατί
2882 2387 2951 2454 μὴ
2982 2386 3097 2435 τότε
3136 2381 3329 2455 μᾶλλον
3361 2376 3602 2433 ὠνείδισεν
3631 2380 3781 2439 αὐτοῖς,

2252 2472 2334 2525 ὅτε
2363 2468 2521 2525 εἶπον·
2557 2473 2717 2525 Πόθεν
2750 2480 2873 2545 ημῖν
2905 2472 2951 2524 ἐν
2991 2470 3183 2545 ἐρημίᾳ
3211 2473 3366 2544 ἄρτοι
3394 2476 3649 2533 τοσοῦτοι;
3681 2468 3782 2517 Διότι

2252 2560 2345 2614 οὐκ
2399 2557 2460 2619 ἦν
2515 2561 2651 2623 εἰκός
2698 2564 3057 2633 καταισχύναι
3107 2563 3317 2622 τούτους
3375 2558 3570 2611 ἐνώπιον
3615 2553 3777 2607 πολλῶν·

2250 2650 2361 2722 ἅμα
2386 2646 2444 2702 δι
2486 2654 2575 2702 καὶ
2608 2648 2859 2723 ἀνέμενεν,
2915 2651 3017 2721 ἱνα,
3062 2646 3254 2702 διπλοῦ
3305 2656 3396 2702 τοῦ
3427 2650 3655 2719 θαύματος
3674 2660 3783 2714 7M-

2249 2744 2423 2814 μένου,
2508 2739 2774 2815 βαρυτέρα
2847 2743 2937 2793 καὶ
3013 2735 3414 2815 δραστικωτέρα
3478 2738 3505 2795 ἠ
3555 2734 3785 2805 κατηγορία

2249 2846 2484 2884 γενηται.

559 2904 721 2966 Vers.
779 2907 869 2965 11.
939 2908 1233 2977 Quomodo
1298 2939 1369 2951 —-
1427 2907 1873 2965 Sadducaeorum
1904 2906 1931 2962 ?
1994 2909 2134 2962 Ecce

2251 2848 2484 2899 γενηται.

2322 2925 2439 2981 Πῶς
2490 2950 2560 2960 -
2611 2915 2982 2973 Σαδδουκαίων
3015 2937 3028 2987 ;
3064 2914 3202 2973 Ἰδοὺ
3231 2917 3414 2971 λοιπὸν
3441 2920 3525 2969 καὶ
3548 2917 3628 2972 τὴν
3656 2926 3782 2981 παρα·

482 2993 612 3071 jam
622 2997 1092 3055 observationem
1103 3013 1345 3072 quoque
1358 2997 1622 3054 ciborum
1636 2996 2134 3069 illisimproperat.

2251 3011 2473 3082 τήρησιν
2505 3017 2604 3061 τῶν
2637 3006 2929 3083 βρωμάτων
2958 3009 3131 3071 αὐτοῖς
3158 3006 3427 3069 ὀνειδίζει.

559 3085 725 3186 γεω.
769 3088 860 3146 12.
911 3088 1077 3143 Tunc
1130 3119 1201 3129 —
1238 3087 1711 3144 Sadducaaorum.
1755 3085 1968 3141 Vidisti
1993 3100 2134 3157 pras-

2319 3102 2446 3151 Τότε
2507 3129 2565 3139 -
2620 3095 2994 3152 Σαδδουκαίων
3047 3118 3061 3168 ;
3114 3094 3263 3160 Εἶδες
3336 3096 3660 3169 ἀγανάκτησιν
3704 3086 3785 3138 im-

486 3174 739 3233 missam
768 3176 1239 3249 increpationem
1256 3194 1273 3249 ;
1302 3177 1440 3234 vide
1468 3176 1647 3233 etlam
1668 3176 1925 3232 fructum
1956 3175 2085 3244 ejus
2116 3190 2132 3229 :

487 3265 763 3322 excitavit
792 3266 953 3322 enim
971 3270 1232 3323 mentem
1263 3265 1500 3323 illorum
1529 3282 1660 3338 quas
1700 3263 2056 3328 dormiebat,
2082 3266 2138 3319 et

484 3352 919 3412 intellexerunt.
946 3356 1253 3429 Siquidem
1274 3358 1509 3428 oportet
1534 3370 1657 3411 non
1684 3355 1906 3427 ubique
1930 3356 2134 3409 mitem

484 3459 614 3501 esse
640 3450 1083 3517 praeceptorem,
1113 3445 1220 3502 sed
1266 3444 1636 3518 quandoque
1668 3460 1950 3515 asperum
1987 3441 2133 3507 ﬁeri,

483 3537 542 3589 et
578 3532 880 3589 interdum
900 3534 1147 3604 quidem
1176 3532 1357 3589 libere
1383 3549 1445 3589 se
1470 3533 1697 3588 tradere
1718 3531 2025 3604 discipulis
2058 3530 2135 3587 ad

479 3618 989 3686 refocillationem,
1028 3622 1326 3677 interdum
1380 3636 1522 3677 vero
1562 3621 1869 3692 increpare
1898 3620 1976 3676 ad
2013 3636 2137 3676 cor-

475 3708 833 3780 reptionem,
865 3712 923 3765 et
948 3708 1063 3767 hac
1090 3709 1375 3766 varietate
1401 3708 1643 3766 illorum
1692 3724 2013 3781 procurare
2045 3723 2135 3765 sa-

478 3794 684 3853 lutem.

550 3896 687 3966 Cap.
732 3894 960 3952 XXXIII.
994 3895 1075 3952 De
1101 3895 1561 3967 interrogatione
1585 3896 1733 3967 apud
1778 3896 2129 3955 Cwsaream.

547 3984 712 4042 Vers.
751 3989 832 4041 13.
866 3988 1015 4043 Cum
1050 3993 1244 4043 autem
1275 3986 1513 4043 venisset
1555 4016 1621 4028 —
1652 3985 1900 4043 hominis
1930 3987 1959 4043 ?

552 4076 883 4133 Caesaream
913 4075 1071 4132 hanc
1102 4075 1409 4150 Philippus
1434 4077 1495 4131 in
1538 4076 1821 4133 honorem
1879 4078 2129 4135 Caesaris

478 4165 835 4223 construxit.
888 4167 1019 4222 Erat
1048 4170 1248 4223 autem
1278 4170 1335 4221 et
1362 4166 1481 4223 alia
1527 4167 1791 4223 Caesarea
1820 4167 2124 4223 Stratonis.

476 4257 544 4313 Et
562 4254 771 4329 procul
800 4271 836 4312 a
858 4254 1074 4313 Judaais
1099 4254 1391 4313 abductos
1438 4255 1764 4327 discipulos
1800 4256 2130 4327 interroga-

474 4346 577 4412 vit,
609 4350 673 4403 ut
701 4344 829 4402 sine
858 4346 1068 4403 timore
1096 4344 1280 4401 libere
1304 4344 1735 4417 responderent
1771 4344 1849 4401 ad
1876 4345 1936 4400 id
1962 4346 2124 4418 quod

473 4433 1014 4509 interrogabantur.
1043 4439 1160 4493 Nec
1181 4435 1254 4492 de
1278 4434 1495 4492 Scribis
1526 4440 1582 4491 et
1620 4435 1930 4491 Pharisaais
1954 4451 2125 4507 roga-

476 4522 592 4589 bat,
626 4524 708 4580 illi
732 4525 891 4581 enim
917 4525 1120 4599 ipsum
1164 4524 1477 4581 manifeste
1508 4525 1868 4580 contumelia
1910 4524 2123 4580 afﬁcie-

474 4609 617 4666 bant
645 4627 660 4677 ;
693 4613 799 4669 sed
826 4614 901 4670 de
949 4614 1228 4687 populari
1276 4615 1472 4683 turba,
1518 4629 1652 4686 quae
1682 4614 1761 4670 ab
1802 4612 2027 4669 invidia
2074 4619 2129 4669 et

473 4699 702 4758 malitia
729 4701 918 4760 libera
946 4709 1091 4760 erat.
1123 4705 1263 4761 Nam
1288 4709 1345 4762 et
1376 4706 1562 4761 Lucas
1594 4704 1765 4760 dicit:
1789 4702 1867 4759 Et
1896 4704 2125 4774 factum

473 4791 557 4847 est
586 4804 718 4847 cum
744 4796 879 4846 esset
910 4793 1025 4863 ipse
1046 4794 1207 4850 solus
1219 4810 1416 4862 orans,
1442 4800 1611 4850 erant
1641 4810 1774 4850 cum
1795 4810 1854 4851 eo
1888 4800 1939 4849 et
1981 4794 2125 4851 dici-

471 4880 599 4953 quti
637 4895 651 4936 :
681 4887 734 4938 et
760 4880 1155 4953 interragnvit
1187 4884 1307 4940 illos
1321 4884 1508 4941 dicens
1549 4901 1562 4941 :
1600 4884 1779 4952 Quem
1806 4899 1897 4942 me
1922 4884 2126 4941 dicunt

472 4984 593 5030 esse
622 4970 816 5029 turbce
839 4971 881 5008 ⁶¹
923 4971 951 5029 τ
979 4974 1199 5031 Marcus
1221 4989 1363 5033 vero
1384 4977 1452 5041 ⁸³,
1480 4975 1641 5048 quod
1668 4975 1730 5031 in
1750 4974 1846 5032 via
1876 4976 2123 5031 interro-

541 5152 591 5190 "
614 5150 797 5211 Matth
818 5166 912 5223 xv,
944 5155 1029 5209 tt.

2244 3192 2545 3259 τεταμένην,
2606 3189 2724 3255 (19)
2790 3190 2887 3262 ὃρα
2946 3193 3035 3241 καὶ
3091 3191 3178 3241 τὸν
3241 3190 3440 3260 καρπὸν
3517 3182 3672 3239 αὐτῆς.
3722 3184 3784 3227 Ᾱι·

2248 3281 2421 3350 ἡγιιρε
2457 3280 2559 3352 ’γὰρ
2600 3277 2919 3348 αύτίκα,τήν
2968 3274 3202 3330 διάνοιαν
3257 3278 3428 3330 αὐτῶν
3468 3266 3782 3333 καθιύδουσωι,

2244 3371 2335 3419 καὶ
2368 3375 2617 3426 συνῆκαν.
2678 3370 2794 3441 Χρὴ
2826 3370 2926 3441 γὰρ
2979 3371 3049 3439 μή
3106 3373 3386 3440 πανταχοῦ
3423 3370 3571 3439 πρᾶον
3595 3356 3784 3412 εἶναιτὸν

2247 3452 2590 3525 διδάσκαλον,
2662 3454 2769 3508 ἀλλ’
2824 3460 2961 3509 ἔστιν
3019 3456 3099 3509 ὅτε
3170 3461 3263 3509 καὶ
3333 3452 3679 3531 τραχύνεσθαι,
3723 3447 3785 3495 καὶ

2244 3547 2367 3598 ποτε
2451 3548 2540 3618 μεν
2630 3542 2975 3618 μεταδιδόναι
3054 3545 3359 3620 παρρησίας
3419 3552 3523 3605 τοῖς
3580 3537 3785 3611 μαθηταῖς

2243 3636 2375 3709 πρὸς
2422 3632 2727 3702 ἀνάκτησιν,
2782 3637 2905 3688 ποτε
2958 3630 3018 3687 δι
3076 3633 3319 3707 ἐπιτιμᾷν
3377 3636 3501 3707 πρὸς
3562 3624 3782 3688 συστολὴν,

2244 3728 2334 3775 καὶ
2416 3732 2479 3797 τῇ
2563 3723 2777 3797 τοιαύτῃ
2856 3722 3089 3796 ποικιλίᾳ
3158 3728 3255 3784 τήν
3341 3725 3590 3797 σωτηρίαν
3658 3712 3783 3767 εὖτῶν
3870 3784 3871 3797 χ

2245 3810 2551 3883 οἰκονομεῖν.

2352 3907 2495 3957 ΚΕΦ.
2527 3902 2652 3958 AI".
2682 3906 2805 3979 Περὶ
2830 3910 2924 3966 τῆς
2956 3901 3004 3955 ἐν
3038 3907 3335 3977 Καισαρείᾳ
3363 3901 3707 3977 ἐπερωτήσεως.

2314 3989 2501 4042 Ἐλθὼν
2556 4022 2624 4032 -
2690 3990 2959 4065 ἀνθρώπου
3019 4010 3032 4060 ;
3086 3995 3191 4049 Τὴν
3275 3992 3587 4064 Καισάρειαν
3640 3982 3784 4065 nam

2241 4082 2267 4133 6
2310 4078 2558 4141 Φίλιππος
2614 4078 2691 4133 ἐπὶ
2737 4088 2861 4153 τιμῇ
2923 4088 3015 4133 τοῦ
3069 4084 3342 4153 Καίσαρος
3392 4082 3603 4132 ἔκτισεν.
3647 4064 3784 4153 Ἐνᾷῖ

2239 4173 2329 4223 καὶ
2384 4167 2510 4227 ἄλλη
2575 4171 2882 4241 Καισάρεια,
2941 4172 2970 4228 ἡ
3028 4176 3118 4222 τοῦ
3178 4170 3496 4242 Στράτωνος.
3547 4162 3701 4238 Πόρῥω
3742 4150 3782 4206 δῖ

2239 4268 2337 4311 τῶν
2399 4254 2669 4313 Ἰουδαίων
2722 4256 3007 4329 ἀπαγαγὼν
3064 4262 3180 4319 τοὺς
3232 4261 3493 4330 μαθητὰς,
3552 4256 3783 4328 ἠρώτησεν,

2240 4350 2321 4401 ἵνα
2367 4352 2537 4421 χωρὶς
2584 4346 2742 4418 φόϐου
2796 4350 2921 4419 μετὰ
2998 4346 3303 4421 παρῥησίας
3355 4350 3582 4409 εἴπωσιν,
3626 4341 3649 4392 ὃ
3687 4339 3787 4409 ἡρωο

2236 4440 2494 4496 τήθησαν.
2539 4439 2650 4489 Ούκ
2717 4435 2883 4509 ἐρωτᾷ
2925 4432 2984 4489 δι
3032 4443 3150 4510 περὶ
3213 4446 3316 4489 τῶν
3364 4435 3683 4511 Γραμματέων
3727 4426 3787 4475 καὶ

2243 4532 2560 4601 Φαρισαίων.
2627 4522 2902 4600 προδήλως
2956 4528 3056 4600 γὰρ
3105 4524 3289 4579 ἐκείνοι
3369 4522 3545 4578 τοῦτον
3601 4515 3786 4590 ὕϐριζον·

2237 4616 2363 4670 ἀλλὰ
2396 4621 2512 4689 περὶ
2555 4622 2644 4668 τοῦ
2673 4611 2961 4687 δημώδους
2992 4614 3176 4685 ὄχλου,
3209 4624 3301 4668 τοῦ
3334 4620 3503 4687 χωρὶς
3532 4614 3694 4685 φθόνου
3725 4605 3789 4654 καὶ

2234 4710 2506 4780 πονηρίας,
2567 4704 2681 4776 (20)
2721 4708 2876 4775 Λέγει
2928 4706 3029 4776 γὰρ
3075 4705 3102 4755 ὁ
3135 4704 3248 4776 (21)
3304 4705 3566 4767 Ἰωάννης,
3608 4701 3671 4750 ὅτι
3709 4692 3786 4787 Kal

2234 4793 2429 4868 ἐγένετο
2636 4800 2709 4863 τῷ
2790 4789 2919 4848 εἶναι
2975 4792 3131 4846 αὐτὸν
3223 4797 3639 4869 προσευχόμενον
3688 4795 3791 4834 κατα

2235 4890 2409 4958 μόνας,
2496 4891 2728 4943 συνῆσαν
2796 4882 2939 4956 αύτῷ
3012 4883 3061 4936 οἱ
3148 4884 3411 4956 μαθηταὶ,
3502 4884 3585 4933 καὶ
3636 4873 3793 4944 ἐπηρώ-

2233 4994 2390 5035 τησεν
2470 4972 2654 5035 αύτούς
2706 4971 2885 5046 λέγων·
2963 4974 3090 5029 Τίνα
3145 4991 3211 5045 με
3282 4972 3529 5046 λέγουσιν
3592 4967 3637 5021 οἱ
3676 4958 3792 5035 ὄχλοι

1108 5152 1156 5190 ⁷⁸
1178 5158 1354 5211 Marc.
1385 5167 1504 5220 Vlll,
1534 5153 1621 5222 17,
1650 5153 1736 5209 18.
1815 5152 1863 5190 ³ο
1888 5153 2092 5211 Matth.
2120 5169 2134 5211 1

2251 5156 2333 5211 33.
2411 5153 2456 5190 ⁸1
2490 5155 2627 5211 Luc.
2661 5167 2742 5224 1x,
2776 5152 2863 5211 18.
2942 5150 3179 5215 “Marc.
3218 5168 3342 5224 vui,
3375 5152 3471 5211 27.

1678 5332 1899 5403 Variae
1943 5332 2268 5403 lectiones
2306 5342 2373 5403 et
2400 5340 2602 5403 notae.

542 5521 657 5603 (19)
704 5524 1197 5603 Ἐπιτετραμμίνην.
1241 5529 1307 5584 Α.
1360 5528 1529 5584 male.
1593 5529 1867 5586 Hentenil
1933 5532 2117 5588 etiam

467 5595 876 5674 interpretatio
900 5595 1189 5674 displicet.

540 5671 653 5747 (20)
702 5671 1134 5731 Desidero'hoc
1189 5672 1319 5729 loco
1371 5671 1639 5738 verbum,
1694 5672 1875 5730 veluti
1925 5678 2122 5751 κρίνον-

2228 5552 2331 5595 τος.
2362 5532 2628 5587 Hentenii
2656 5532 2848 5589 versio
2879 5532 3023 5588 nihil
3056 5530 3325 5604 adjuvat.

2303 5604 2415 5678 (21)
2465 5610 2669 5665 Λουκᾶς
2699 5595 3152 5677 corrigendum;
3176 5610 3235 5661 ut
3285 5605 3477 5662 habet
3506 5595 3789 5660 Hentenius.
