3906 6202
203 269 285 326 465
1076 255 1445 316 COMMENT.
1488 253 1560 313 IN
1595 248 2030 312 MATTH/EUM.
2071 283 2142 296 —
2179 250 2332 310 CAP.
2377 251 2518 308 XVI.

3386 258 3495 319 466

210 391 310 448 ιῖναι
337 390 418 460 ;⁴Ο
442 387 491 443 δέ
512 390 718 464 Μάρκος
748 384 904 458 εἶπεν,
936 388 1017 442 ὅτι
1054 389 1105 442 εν
1143 393 1206 461 τῇ
1241 382 1350 457 ὁδῷ
1389 384 1696 459 ἄπηρὼτησε

1853 380 2060 452 ςογοτίῑ
2088 394 2210 437 eos.
2245 378 2344 437 Est
2371 378 2533 436 enim
2565 378 2888 438 verisimile
2929 381 3098 456 quod
3139 396 3270 441 cum
3298 385 3495 442 venis-

208 484 365 544 αὐτούς.
391 483 516 542 Εἰκὸς
540 482 691 553 ’γὰρ,
746 477 956 532 έλθόντα
984 476 1051 539 εἰς
1081 478 1146 531 τὰ
1191 480 1321 550 μέρη
1377 478 1716 548 Καισαρείας,

203 571 400 644 εὔχεσθαι
416 569 510 642 ἅμα
535 571 625 620 καὶ
656 564 876 621 ὁδεύειν.

249 665 324 714 Τόν
370 660 470 712 Υίόν
524 655 582 710 δι
637 665 732 710 τοῦ
778 657 1052 731 ἀνθρώπου
1100 659 1250 730 φησὶ,
1318 656 1581 720 τουτέστι,
1633 654 1720 705 τόν

190 753 429 821 summa
472 747 639 809 αὐτοῖς
692 748 978 822 ἄνθρωπον.
1028 746 1294 818 Ἠρὼτησε
1352 741 1428 815 δι,
1485 743 1589 815 οὐχ
1651 743 1720 803 ὡς

185 836 355 907 ἀγνοῶν,
415 835 517 890 ἀλλ’
583 838 937 911 οἰκονομικῶς,
1011 837 1094 889 ἵνα
1155 836 1181 888 ό
1238 837 1427 907 Πέτρος
1484 835 1598 906 εἴπῃ
1659 833 1718 884 τό

185 925 481 999 ἀποκαλυφθεν
556 927 716 1000 αὐτῷ,
773 933 864 980 καὶ
943 922 1447 994 ἁποδοκιμασθῶσιν
1498 925 1553 975 αἱ
1598 924 1717 995 περὶ

183 1015 305 1068 αὐτοῦ
348 1024 433 1068 τῶν
476 1016 640 1070 ἄλλων
702 1018 904 1070 πάντων
973 1013 1278 1085 ὑπολήψεις,
1329 1015 1394 1074 ὡς
1463 1011 1719 1070 πεπλανη-

179 1109 308 1176 μέναι.
354 1111 443 1159 Καὶ
483 1109 586 1178 γὰρ
644 1106 939 1177 ἐγίνωσκεν,
1005 1106 1086 1157 ότι
1131 1101 1456 1174 ἀπεκάλυψεν
1509 1102 1535 1154 ό
1592 1103 1718 1160 Θεὸς

179 1200 245 1248 καί
271 1199 420 1269 Πατὴρ
467 1203 537 1267 τῷ
590 1199 769 1269 Πέτρῳ
799 1200 914 1270 περὶ
944 1194 1122 1262 αῧτοῦ,
1172 1190 1436 1256 διανοίξας
1464 1193 1551 1244 τόν
1597 1197 1715 1244 νοῦν

183 1305 230 1336 αν
236 1303 302 1337 τον
309 1327 320 1339 .

226 1379 374 1428 Σκόπει
397 1371 470 1446 δι,
509 1384 625 1438 πῶς
655 1375 751 1429 οὐκ
781 1375 832 1428 έν
862 1374 1004 1448 ἄρχῃ
1032 1381 1123 1428 τοῦ
1153 1375 1482 1448 κηρύγματος
1510 1371 1713 1444 ἠρώτη-

167 1482 248 1529 σεν,
277 1462 387 1517 ἀλλὰ
411 1468 540 1538 μετὰ
562 1469 625 1518 τό
672 1473 893 1524 ποιῆσαι
934 1463 1098 1518 πολλὰ
1135 1467 1226 1516 καὶ
1265 1461 1466 1536 μεγάλα
1497 1467 1709 1532 σημεῖα,

164 1555 265 1623 μετά
284 1557 333 1606 τὸ
359 1551 573 1618 διδάξαι
597 1559 717 1629 περὶ
745 1553 942 1608 πολλῶν
969 1557 1056 1607 καὶ
1084 1552 1334 1626 μεγάλων,
1368 1553 1499 1624 μετὰ
1526 1553 1584 1603 τό
1615 1569 1710 1602 πα-

159 1651 339 1714 ρασχιῐν
363 1645 532 1706 ἱκανὰς
565 1640 861 1708 ἀποδείξαις
884 1651 974 1705 τῆς
999 1643 1182 1697 έαυτοῦ
1215 1643 1476 1710 θεότητος,
1504 1643 1594 1693 καὶ
1614 1646 1710 1701 τῆς

158 1734 260 1804 πρός
291 1735 364 1785 τόν
401 1737 608 1808 Πατέρα
638 1733 898 1795 ἰσότητος.

211 1824 263 1874 οἱ
288 1818 341 1875 δὲ
367 1853 428 1866 -
456 1823 628 1896 λέγετε
653 1819 820 1894 εἶναις
851 1828 1033 1895 Ὑμεῖς.
1063 1825 1243 1895 φησιν,
1273 1821 1324 1873 οἱ
1354 1821 1586 1881 συνόντες
1615 1837 1707 1891 μοι

156 1907 407 1978 διαπαντὸς,
432 1917 520 1966 καὶ
561 1911 761 1972 πολλὴν
794 1919 974 1987 πεῖραν
1027 1913 1227 1984 ἔχοντες
1253 1917 1348 1972 τῆς
1391 1908 1516 1982 ἐμῆς
1548 1905 1584 1962 δ
1587 1910 1707 1960 υνά-

151 2019 255 2071 μεως
298 2001 344 2054 έν
387 2005 516 2076 ἔργῳ
543 2007 640 2055 καὶ
677 2002 832 2074 λόγῳ.
869 2001 1039 2055 Εἰπὼν
1079 1997 1166 2053 οὑν
1197 1999 1392 2061 αὐτοῖς’
1443 1998 1614 2058 ’Υιιείς
1645 1993 1703 2052 δι

153 2093 312 2162 τίναμε
352 2091 512 2165 Myer:
565 2088 741 2162 εἶναι;
785 2087 1095 2162 δεδήλωκεν,
1148 2091 1226 2144 ὃτι
1271 2097 1444 2151 κακῶς
1472 2089 1521 2142 οἱ
1549 2087 1702 2160 ὄχλοι

151 2195 358 2253 λεγουσιν.

202 2380 486 2453 ’Δποκριθεὶς
514 2413 592 2425 -
637 2381 844 2444 ζῶντος.
879 2379 1037 2436 Πάλιν
1068 2381 1094 2433 ό
1126 2382 1337 2454 Πέτρος,
1369 2379 1394 2431 ό
1421 2384 1698 2450 πανταχοῦ

147 2472 305 2544 θερμός,
424 2468 705 2548 προπηδᾷ,
867 2475 954 2524 καὶ
1089 2467 1460 2544 προλαμϐάνει.
1593 2474 1698 2520 Τοῦ

145 2560 293 2622 ζῶντος
374 2559 430 2616 δε
503 2559 641 2627 εἷπε,
715 2557 855 2614 διότι
939 2565 1232 2634 γέγραπται
1298 2563 1418 2630 περὶ
1512 2557 1693 2626 άὺτοῦ,

145 2653 238 2712 Θεὸς
283 2652 374 2713 ζῶν
445 2651 550 2724 ἕγώ
635 2651 764 2724 εἰμι,
806 2654 915 2716 καὶ,
973 2657 1055 2703 Ζῶ
1101 2647 1223 2720 έγὼ,
1287 2647 1423 2720 λέγει
1482 2648 1693 2722 Κύριος,

147 2742 215 2789 ui
248 2739 384 2793 πολλὰ
423 2749 670 2809 τοιαῦτα,
723 2743 854 2816 πρὸς
901 2734 1303 2796 ἀντιδιαστολὴν
1354 2743 1454 2790 τῶν
1505 2743 1694 2810 νεκρῶν

139 2824 338 2886 εἰδώλων.

194 2923 276 2970 Καὶ
316 2951 378 2963 -
433 2921 702 2995 οὐρανοῖς.
752 2922 852 2974 Καὶ
916 2921 1019 2992 μὴν
1088 2920 1178 2970 καὶ
1241 2919 1509 2992 πρότερον,
1563 2916 1694 2988 μετὰ

132 3010 204 3065 τὲν
238 3009 400 3076 ζάλην,
445 3014 494 3065 οἱ
532 3012 775 3084 μαθηταὶ
824 3011 943 3062 Υίόν
991 3014 1124 3062 Θεοῦ
1178 3003 1308 3060 εἶναι
1360 3005 1515 3059 αὑτὸν
1555 3007 1692 3078 ὡμο-

130 3093 342 3168 λόγησαν,
405 3100 658 3162 εἰπόντες·
760 3097 987 3161 Ἀληθῶς
1069 3103 1202 3150 Θεοῦ
1274 3097 1390 3157 Υἱὸς
1457 3091 1521 3163 εἴ,

128 3185 200 3237 οὐκ
236 3186 682 3265 έμακαρίσθησαν.
759 3193 859 3242 Καὶ
905 3187 1047 3240 ἄλλοι
1107 3183 1168 3240 δέ
1241 3205 1375 3248 τινες
1425 3187 1553 3240 Θεὸν
1597 3184 1689 3240 αὑ-

127 3277 193 3324 τόν
239 3279 484 3351 ὑπάρχειν
564 3280 904 3344 ἐπίστευσαν,
983 3279 1050 3338 ὡς
1115 3281 1514 3352 προειρήκαμεν
1583 3272 1690 3328 ἀλλ’

127 3361 278 3418 σὺδένα
340 3373 527 3422 τούτων
604 3368 906 3443 ἐμακάρισε.
980 3372 1044 3421 Τί
1125 3362 1212 3419 οὖν
1265 3367 1406 3419 έστὶν
1465 3364 1621 3418 εἰπεῖν
1672 3381 1686 3431 ;

122 3451 218 3505 Ὀτι
242 3459 428 3524 πάντες,
481 3461 608 3512 ὅσοι
654 3460 772 3512 Υἰόν
801 3464 935 3510 Θεοῦ
978 3453 1108 3510 εἶναι
1141 3455 1295 3508 αὑτὸν
1325 3454 1685 3528 ὡμολόγησαν,

124 3543 292 3599 ἧΘιὸν
341 3550 606 3622 ὑπάρχειν
666 3547 998 3615 ἐπίστευσαν,
1035 3545 1094 3598 οὑ
1162 3548 1310 3618 φύσει
1355 3548 1446 3598 καὶ
1498 3548 1688 3618 κυρίως

122 3641 259 3685 ταῦτα
304 3635 425 3690 εἶναι
480 3639 644 3690 αὑτὸν
695 3635 966 3703 ὑπέλαϐον,
1016 3633 1145 3687 ἀλλά
1204 3636 1361 3704 θέσει,
1413 3636 1503 3686 καὶ
1554 3634 1688 3686 κατά

122 3731 352 3794 προκοπήν
399 3726 614 3800 ἀρετῆς,
647 3728 718 3788 ὡς
772 3730 861 3778 καὶ
897 3727 1097 3786 πάντας
1133 3727 1254 3786 τοὺς
1296 3723 1498 3795 ἁγίους·
1531 3726 1685 3796 μόνος

120 3807 168 3862 δὲ
198 3813 220 3864 ό
248 3819 426 3891 Πέτρος
474 3816 689 3878 ἀληθῶς
728 3816 975 3887 Χριστόν,
1030 3818 1120 3867 καὶ
1169 3815 1322 3886 φύσει
1375 3817 1464 3866 καὶ
1493 3817 1686 3885 κυρίως

122 3902 220 3950 res
250 3912 329 3955 τοῦ
368 3914 503 3960 Θεοῦ
561 3912 743 3959 τοῦτον
794 3903 991 3962 ἐνόησε.
1050 3906 1139 3957 Διό
1197 3906 1286 3955 καὶ
1316 3901 1468 3955 θέλων
1495 3903 1520 3954 ό
1551 3909 1682 3976 Χρι-

123 3992 224 4052 στός
267 3989 421 4058 δεῖξαι
472 4003 594 4056 τοῖς
645 3995 926 4066 μαθηταῖς,
968 3994 1047 4046 ὅτι
1109 3996 1260 4066 μόνος
1311 3991 1461 4054 οὗτος
1499 3991 1686 4067 ὀρθῶς·

117 4079 241 4146 ἔγνω,
294 4089 374 4136 καὶ
433 4084 676 4145 ἀπλανῶς
740 4083 1065 4155 ὡμολόγησε,
1134 4081 1415 4156 μακαρίζει
1479 4088 1678 4148 τοῦτον,

117 4167 173 4228 ὡς
222 4179 539 4244 τετυχηκότα
619 4177 732 4246 περὶ
805 4174 990 4225 τούτου
1074 4173 1212 4234 Θείας
1263 4168 1680 4242 ἀποκαλύψεως.

114 4258 228 4327 Σᾶρξ
266 4265 380 4336 γὰρ,
443 4269 608 4337 φησι,
683 4265 772 4315 καὶ
824 4263 974 4334 αἷμα,
1033 4264 1320 4327 τουτέστιν,
1393 4261 1680 4332 ἅνθρωπος,

111 4344 189 4398 οὐκ
238 4347 646 4426 ὶμυσταγὼγησέ
685 4371 742 4406 σε
781 4357 877 4412 τὴν
925 4357 1043 4426 περὶ
1084 4349 1210 4421 ἐμοῦ
1265 4351 1459 4408 ταύτην
1504 4347 1684 4421 ὁμολο-

1832 473 1921 527 set
1948 470 2010 527 in
2048 472 2248 543 partes
2301 467 2584 527 Cmsareas
2620 469 2800 527 simul
2847 470 3064 530 orabat
3117 475 3175 531 et
3221 471 3494 534 ambula-

1832 559 1955 616 bat.

1901 649 2102 705 Filium
2137 664 2280 706 vero
2311 647 2574 706 hominis
2604 649 2704 717 ait,
2749 649 2866 708 hoc
2891 652 3000 716 est,
3028 665 3188 719 eum,
3219 653 3324 726 qui
3381 652 3493 711 ho-

1828 737 2092 796 minibus
2141 742 2392 812 apparet
2446 739 2647 794 nudus
2694 739 2904 796 homo.
2948 741 3337 812 Interrogavit
3388 757 3494 799 au-

1829 832 1947 885 tem
1972 843 2097 885 non
2143 827 2319 900 quasi
2350 827 2655 898 ignorans,
2689 828 2793 884 sed
2815 829 3246 900 dispensatorio
3280 831 3485 898 modo,

1828 927 1891 975 ut
1913 920 2116 975 Petrus
2128 917 2350 974 diceret
2373 917 2538 990 quod
2553 917 2668 974 sibi
2687 918 3011 976 revelatum
3031 924 3158 978 erat
3169 925 3226 978 et
3250 925 3502 984 caatero-,

1825 1024 1961 1064 rum
1979 1008 2284 1080 opiniones
2297 1021 2433 1078 quae
2445 1005 2519 1061 de
2531 1005 2666 1078 ipso
2678 1010 2868 1077 erant,
2883 1008 3348 1080 reprobarentur
3362 1014 3491 1066 tan-

1827 1109 2013 1170 quam
2039 1112 2314 1153 erroneae.
2333 1095 2569 1153 Sciebat
2585 1111 2849 1170 namque
2868 1097 3027 1169 quod
3046 1100 3198 1154 Deus
3223 1114 3294 1156 ac
3323 1099 3491 1158 Pater

1824 1187 2191 1245 revelaverat
2217 1187 2392 1242 Petro
2424 1185 2499 1243 de
2521 1201 2606 1254 se,
2632 1185 2908 1259 aperiens
2931 1190 3174 1244 menten
3203 1187 3354 1260 ejus.

1895 1382 2038 1438 Vide
2069 1386 2268 1439 autem
2295 1381 2460 1455 quod
2478 1381 2638 1438 circa
2655 1381 3097 1454 praedicationis
3118 1382 3288 1442 initia
3314 1383 3488 1443 inter-

1821 1472 2138 1544 rogaverit,
2172 1471 2278 1527 sed
2310 1475 2630 1544 postquam
2683 1471 2875 1528 multa
2922 1486 3261 1545 magnaque
3307 1472 3485 1545 signa

1821 1561 2104 1626 ediderat,
2153 1563 2483 1632 postquam
2539 1558 2721 1616 multa
2770 1573 3109 1632 magnaque
3149 1560 3482 1619 docuerat:

1818 1655 2142 1724 postquam
2157 1647 2512 1705 sufficientes
2528 1647 2598 1704 de
2611 1663 2722 1705 sua
2732 1647 3042 1705 divinitate
3059 1662 3128 1706 ac
3144 1649 3483 1723 mqualitate

1741 1733 1790 1794 Β
1818 1740 1898 1799 ad
1927 1739 2182 1806 Patrem,
2215 1737 2596 1811 probationes
2626 1737 2927 1795 evidentes
2948 1737 3297 1797 tradiderat.

1885 1832 2042 1886 Vers.
2080 1829 2168 1885 14.
2209 1828 2288 1884 At
2319 1827 2429 1884 illi.
2461 1856 2532 1869 -—
2557 1829 2622 1883 V.
2663 1828 2746 1882 15.
2782 1827 2924 1885 Esse
2945 1826 3144 1885 dicitis
3168 1829 3198 1886 τ
3227 1830 3361 1895 Vos,
3389 1829 3482 1887 in-

1811 1920 1959 1994 quit,
1991 1919 2092 1992 qui
2123 1933 2361 1974 mecum
2389 1931 2624 1988 semper
2638 1915 3104 1984 conversamini,
3141 1921 3198 1975 et
3221 1922 3477 1978 multam

1809 2008 2043 2066 habetis
2067 2005 2493 2080 experientiam
2525 2021 2675 2062 mea;
2714 2005 3012 2079 potentias,
3043 2022 3175 2080 quae
3207 2010 3268 2065 et
3294 2023 3476 2081 opere

1810 2104 1867 2156 et
1899 2113 2173 2155 sermone
2209 2095 2503 2153 elucescit.
2534 2096 2672 2152 Cum
2711 2110 2854 2166 ergo
2885 2094 3106 2153 diceret
3146 2095 3262 2153 illis
3293 2115 3309 2158 :
3363 2098 3474 2156 Vos

1809 2195 2007 2248 autem
2031 2203 2198 2261 quem
2224 2201 2317 2245 me
2330 2201 2448 2244 esse
2461 2184 2658 2243 dicitis
2682 2185 2711 2243 ?
2741 2184 3101 2259 signiﬁcavit
3125 2187 3330 2246 turbas
3348 2201 3472 2248 non

1807 2283 1964 2336 recte
2001 2277 2217 2335 dicere.

1877 2371 2034 2425 Vers.
2075 2369 2167 2426 16.
2207 2365 2576 2436 Respondeas
2597 2396 2666 2408 —-
2695 2364 2961 2424 viventis.
3001 2366 3232 2424 Rursus
3262 2369 3467 2428 Petrus

1805 2459 2031 2532 ubique
2059 2455 2930 2530 fervensprosilitetprmcedit.
2966 2455 3230 2514 Viventis
3263 2462 3468 2518 autem

1804 2548 1970 2615 dixit,
2009 2547 2154 2620 quia
2195 2545 2484 2620 scriptum
2522 2548 2648 2604 est:
2682 2547 2838 2604 Deus
2871 2546 3076 2604 vivens
3107 2561 3205 2620 ego
3232 2562 3364 2606 sum
3391 2549 3460 2607 ³³.

1804 2639 1872 2695 Ει
1932 2638 2067 2694 Vivo
2101 2651 2228 2708 ego,
2257 2635 2398 2693 dicit
2428 2636 2719 2692 Dominus
2740 2636 2830 2703 8’t;
2873 2634 3181 2709 multaque
3199 2635 3461 2709 isimilia,

1801 2727 1882 2785 ad
1944 2726 2286 2800 oppositam
2315 2724 2763 2784 distinctionem
2825 2728 3207 2784 mortuorum
3263 2725 3467 2785 idolo-

1800 2832 2038 2962 "'32..
2066 2906 2154 2960 ιτ.
2189 2905 2269 2961 Et
2298 2935 2369 2947 —
2397 2903 2568 2962 costis.
2595 2903 2770 2976 Atqui
2790 2902 2961 2978 ῐπίιιε
2982 2903 3164 2962 “iam
3179 2903 3460 2980 discipuli

1801 2995 2007 3056 sedata
2039 2996 2386 3066 tempestate
2429 2993 2644 3049 Filium
2693 2992 2796 3050 Dei
2838 3009 2972 3052 esse
3023 2994 3280 3053 confessi
3322 2993 3462 3056 sunt

1602 3099 1690 3149 καὶ
1723 3095 1768 3155 c
1799 3085 2106 3150 dicentes;
2168 3083 2312 3140 Vere
2351 3085 2458 3139 Dei
2484 3085 2676 3140 Filius
2721 3099 2780 3141 es
2809 3085 2854 3122 ⁸⁵
2905 3099 3014 3142 nec
3061 3089 3255 3143 tamen
3295 3087 3459 3145 beati

1799 3173 2097 3247 praedicati
2127 3176 2285 3228 sunt.
2329 3174 2395 3228 Et
2422 3171 2520 3228 alii
2545 3172 2797 3245 quidam
2822 3173 3011 3230 Deum
3037 3189 3172 3232 esse
3193 3176 3460 3234 credide-

1797 3268 1955 3330 runt,
1984 3261 2468 3336 utpraediximus,
2493 3261 2598 3317 sed
2627 3261 2861 3318 nullum
2897 3262 3136 3320 illorum
3166 3263 3459 3320 beatiﬁca-

1798 3352 1898 3410 vit.
1925 3351 2079 3419 Quid
2108 3367 2252 3423 ergo
2280 3349 2603 3406 dicendum
2633 3353 2767 3407 est?
2792 3350 2966 3417 Quod
3005 3366 3216 3407 omnes
3235 3351 3340 3425 qui
3369 3352 3460 3426 ip-

1798 3459 1932 3499 sum
1961 3457 2092 3498 esse
2120 3440 2222 3498 Dei
2245 3439 2457 3498 Filium
2479 3439 2740 3496 confessi
2779 3443 2936 3506 sunt,
2971 3443 3074 3496 aut
3107 3441 3295 3498 Deum
3324 3456 3455 3500 esse

1795 3531 2192 3596 crediderunt,
2224 3545 2348 3587 non
2374 3532 2589 3586 natura
2621 3531 2679 3586 et
2703 3527 2943 3602 proprie
2978 3527 3108 3584 haec
3131 3527 3299 3586 illum
3325 3545 3454 3590 esse

1795 3621 2215 3694 opinabantur,
2238 3618 2345 3676 sed
2367 3618 2706 3692 adoptione,
2728 3622 2784 3676 et
2806 3617 3142 3674 secundum
3169 3618 3458 3678 excellen-

1793 3712 1941 3769 tiam
1994 3710 2228 3767 virtutis
2282 3708 2464 3766 veluti
2520 3708 2700 3766 etiam
2757 3723 2968 3764 omnes
3022 3712 3290 3775 sanctos,
3351 3708 3455 3767 Dei

1791 3800 1946 3858 ﬁlios
1975 3816 2106 3858 esse
2137 3800 2357 3856 dicunt.
2400 3798 2576 3855 Solus
2617 3803 2820 3856 autem
2859 3798 3061 3855 Petrus
3100 3813 3238 3856 vere
3278 3797 3450 3856 Chri-

1793 3877 1970 3958 stum,
2000 3895 2056 3947 et
2096 3893 2311 3946 natura
2349 3893 2406 3945 et
2443 3887 2674 3962 proprie
2721 3886 2937 3944 Filium
2987 3886 3089 3944 Dei
3130 3887 3293 3944 hunc
3322 3903 3456 3946 esse

1789 3979 2088 4036 intellexit.
2119 3979 2255 4035 Ideo
2301 3993 2545 4051 quoque
2601 3976 2810 4034 volens
2843 3976 3105 4034 Christus
3146 3977 3455 4052 discipulis

1791 4069 2220 4138 demonstrare,
2267 4067 2431 4140 quod
2469 4066 2633 4122 solus
2671 4065 2766 4122 hic
2799 4070 2955 4123 recte
2993 4067 3355 4137 cognoverit,
3395 4070 3454 4127 et

1792 4159 1918 4214 sine
1942 4172 2138 4214 errore
2155 4155 2466 4213 confessus
2489 4155 2582 4222 sit,
2601 4155 2798 4227 ipsum
2817 4153 3144 4226 beatiﬁcat,
3165 4160 3451 4228 tanquam

1791 4250 2132 4303 assecutum
2156 4245 2421 4302 divinam
2447 4244 2523 4300 de
2551 4259 2613 4300 se
2633 4242 3057 4300 revelationem
3083 4258 3096 4299 :
3118 4246 3266 4300 Caro
3288 4245 3450 4302 enim

1790 4336 1990 4409 inquit,
2021 4339 2076 4392 et
2113 4335 2384 4405 sanguis.
2416 4333 2532 4390 hoc
2561 4338 2650 4388 est
2683 4331 2888 4399 homo,
2926 4346 3044 4387 non
3088 4330 3340 4388 initiavit
3393 4336 3452 4391 te

111 4440 231 4502 γίνῃ
272 4438 371 4493 ἀλλ’
422 4445 448 4494 ό
495 4447 683 4515 Πατήρ
732 4462 853 4515 μου,
904 4444 972 4502 ὡς
1018 4440 1160 4503 ἄξιον
1206 4440 1450 4499 τοιαύτης
1481 4435 1679 4490 ἀποκα-

1853 4425 1867 4481 ι
1918 4439 2154 4482 sacram
2192 4423 2348 4479 hanc
2379 4422 2453 4479 de
2499 4436 2595 4477 me
2634 4418 3097 4484 confessionem,
3133 4419 3236 4475 sed
3283 4420 3452 4478 Pater

113 4518 297 4592 39359:;
345 4535 412 4584 Τό
470 4528 533 4585 δί
612 4533 712 4605 Bap
778 4530 1016 4606 έϐραίκὸν
1083 4533 1172 4602 μέν
1255 4526 1386 4590 ἔστι,
1439 4531 1680 4599 σημαίνει

114 4607 162 4662 δι
204 4621 275 4667 τόν
313 4624 438 4676 υἱον,
507 4622 633 4682 Υἱός
676 4623 777 4694 γὰρ
853 4616 914 4678 ἦν
987 4620 1013 4671 ό
1079 4623 1263 4691 Πέτρος
1317 4617 1464 4669 Ἰωνᾶ
1517 4636 1674 4678 τινος.

111 4702 234 4755 ῦὲτω
289 4717 408 4778 γοῦν
470 4708 776 4783 βεϐαιώσας
820 4711 878 4761 τό
931 4704 1108 4780 δόγμα
1158 4714 1246 4759 τοῦ
1305 4711 1522 4781 Πέτρου,
1586 4710 1676 4758 καὶ

112 4791 407 4852 εωδίδακτον
489 4799 766 4873 ἀποφήνας
845 4797 992 4863 αὐτὸ,
1055 4795 1232 4870 βλέπε,
1296 4801 1447 4848 τίνων
1517 4795 1672 4848 αὑτὸν

114 4890 238 4941 «cui.

165 5062 298 5134 Κάγὼ
358 5098 423 5108 --
474 5086 580 5140 μου
649 5071 742 5126 τὴν
802 5065 1142 5124 Ἐκκλησίαν.
1233 5068 1320 5117 Σὺ·
1358 5063 1405 5117 εἶ
1458 5068 1667 5137 Πέτρος,
1721 5081 1724 5084 ’

1790 4530 1984 4584 meus,
2034 4517 2320 4586 tanquam
2375 4507 2724 4584 hujusmodi
2757 4507 3128 4564 confessione
3160 4508 3440 4580 dignum.

1789 4605 1954 4671 Quod
1982 4607 2182 4660 autem
2214 4601 2430 4676 dicitur
2455 4604 2581 4665 Bar,
2617 4597 2902 4655 Hebraica
2933 4595 3089 4654 dicto
3116 4602 3227 4668 est,
3271 4599 3451 4670 signi.

1784 4694 1974 4750 ﬁcans
2001 4694 2194 4762 ﬁlium
2215 4709 2228 4747 :
2246 4699 2370 4748 erat
2405 4689 2701 4764 siquidem
2729 4686 2887 4744 ﬁlius
2927 4686 3248 4758 cujusdam
3277 4691 3444 4748 Jona.

1783 4785 2110 4856 Postquam
2154 4796 2288 4852 ergo
2342 4779 2491 4836 Petri
2543 4776 2883 4851 opinionem
2935 4777 3330 4847 conﬁrmavit,
3390 4783 3447 4840 et

1779 4872 1936 4928 hunc
1956 4888 1992 4928 a
2013 4872 2130 4927 Deo
2147 4869 2430 4927 edoctum
2447 4883 2575 4926 esse
2599 4867 3050 4936 demonstravit,
3069 4867 3203 4928 vide
3219 4869 3442 4944 quibus

1780 4977 1920 5020 eum
1945 4960 2224 5032 dignetur
2247 4957 2445 5017 bonis.

1756 5053 1761 5060 ’
1846 5069 2010 5125 νοτε.
2051 5069 2134 5124 18.
2191 5066 2268 5122 Et
2316 5080 2422 5137 ego
2474 5095 2543 5107 —
2597 5063 2928 5124 Ecclesium
2980 5079 3193 5124 meam.
3239 5067 3325 5123 'l‘u
3375 5079 3440 5123 es

99 5153 152 5209 κ
222 5154 404 5224 μέλλων
489 5158 730 5228 γενσθέαι
802 5159 964 5228 πέτρα
1042 5159 1270 5216 πίστεως
1351 5156 1482 5228 μετὰ
1575 5159 1670 5213 τὴν

1853 5161 2002 5226 ιιιιιιε,
2035 5159 2102 5212 ιιι
2133 5155 2238 5230 qui
2265 5157 2402 5228 post
2419 5153 2902 5228 abnegationem,
2932 5153 3070 5213 ﬁdei
3086 5159 3258 5228 petra
3281 5154 3438 5212 futuo

99 5239 308 5312 ἄρνησιν,
387 5246 418 5304 ἦ
489 5248 564 5306 ὣς
621 5241 728 5304 ἤδη
811 5243 1018 5318 στεῤῥὸς
1085 5251 1152 5294 ῶν
1209 5249 1281 5313 τῷ
1356 5247 1672 5316 φρονήματι⁶’

155 5363 195 5400 ⁸³
215 5366 386 5427 Iosue
415 5385 504 5440 ιιι,
549 5371 628 5426 tO.

1753 5249 1756 5254 '
1776 5261 1880 5301 rus
1905 5260 1970 5302 es
2001 5261 2015 5302 :
2044 5243 2138 5302 vel
2167 5247 2460 5318 tanquam
2485 5243 2616 5318 jam
2635 5242 2951 5317 prudentia
2979 5244 3058 5320 (τ)
3074 5243 3304 5304 ﬁrmus.
3326 5245 3436 5303 Ita-

730 5370 779 5405 υ
817 5368 1022 5426 Ezech.
1057 5379 1220 5434 xvln,
1252 5367 1305 5424 3.
1385 5369 1432 5404 οι
1460 5343 1794 5439 uanam,
1820 5373 1909 5428 33.

1278 5493 1495 5563 Variae
1533 5493 1863 5565 lectiones
1909 5502 2198 5562 etnotae.

154 5635 488 5709 (1)996'mpm
510 5637 604 5693 hic
631 5643 685 5695 et
708 5639 863 5696 infra
892 5639 1141 5697 reddidit
1165 5641 1562 5712 prudentiam.
1597 5639 1790 5700 Malim
1813 5646 2068 5698 mentem
2099 5639 2370 5700 reddere.
