3906 6202
176 277 259 335 469

1040 263 1413 325 COMMENT.
1453 263 1526 320 IN
1559 263 2002 324 MATTHEUM.
2043 297 2116 310 -ο
2150 267 2308 326 CAP.
2337 271 2486 327 XVI.

3321 277 3426 339 470

177 423 307 478 μονοις
348 396 428 462 τοῖς
481 400 752 473 μαθηταῖς,
815 401 878 460 ὡς
932 395 1263 471 τελειοτέροις
1317 402 1414 446 τῶν
1473 393 1629 466 ὄχλωι

1800 395 1958 458 'etur.
1997 397 2201 467 utpote
2227 395 2330 469 qui
2352 396 2745 469 popularibus
2773 399 3147 473 perfectiores
3175 407 3429 471 erant,et

171 499 240 546 καὶ
279 496 331 554 ὡς
375 497 533 551 κοινοῖς
579 485 928 549 διδασκάλοις
995 494 1086 546 τῆς
1140 485 1463 557 οἰκουμένης.
1534 488 1666 546 Τοὺς

172 582 316 654 ὄχλους
361 577 407 633 δὲ
450 586 589 632 τοῦτο
649 579 832 650 μαθεῖν
899 576 993 630 οὐκ
1065 574 1296 628 ἐϐούλετο
1357 582 1465 638 νῦν,
1528 575 1664 648 ἄχρι

161 680 235 733 τῆς
271 670 312 723 ὁι
351 677 506 744 νεκρῶν
557 667 890 730 ἀναστάσεως
940 667 1122 731 αὐτοῦ,
1156 667 1237 716 ἵνα
1287 669 1384 737 μὴ,
1425 670 1511 715 νῦν
1564 683 1661 736 μοι·

156 763 300 827 ϐάντες,
339 759 406 811 ὃτι
454 761 594 831 φύσει
665 757 781 819 Υἱός
829 755 938 810 ἔστι
991 762 1082 808 τοῦ
1132 761 1285 822 Θεοῦ,
1352 759 1442 806 καὶ
1508 756 1660 826 φύσει

155 852 291 916 Θεὸς,
353 847 447 901 εἶτα
518 849 828 921 θεασάμενοι
925 852 1105 898 τοῦτον
1206 843 1404 916 ἀτιμως
1513 841 1659 916 ὑϐρι-

154 942 312 1010 ζόμενον
378 941 456 990 καὶ
536 933 683 989 δεινὰ
750 939 1032 1008 πάσχοντα
1098 939 1187 986 καὶ
1256 941 1451 1008 πικρῶς
1511 931 1658 984 ἀναι-

147 1029 362 1102 ρούμενοι,
430 1023 850 1079 σκανδαλισθῶσὶ
883 1066 896 1092 ,
959 1029 1049 1077 καὶ
1102 1023 1172 1086 εἰς
1236 1027 1328 1082 τὴν
1402 1026 1656 1096 προτέραν

148 1112 329 1168 ἀπιστίαν
396 1112 893 1190 παλινδρομήσωσι,
952 1118 1042 1166 καὶ
1119 1110 1504 1171 δυσανάκλητοι
1567 1116 1655 1184 γέ-

145 1222 277 1255 νωνται
286 1246 296 1259 .

194 1301 240 1355 Εἰ
293 1303 375 1378 γὰρ
434 1307 518 1356 καὶ
584 1306 704 1364 τοὺς
767 1303 1006 1374 μαθητὰς
1070 1297 1419 1354 ἐσκανδάλισε
1463 1306 1649 1368 ταῦτα,

140 1395 226 1451 τοὺς
267 1391 572 1466 τελειοτέρους
639 1400 738 1444 τῶν
787 1391 975 1463 ὄχλων,
1032 1396 1122 1444 καὶ
1170 1390 1228 1442 οὐ
1277 1397 1444 1443 ταῦτα
1495 1394 1648 1461 μόνον

132 1479 316 1552 ὁρώμενα,
362 1479 478 1534 ἀλλά
518 1486 611 1534 καὶ
662 1483 711 1534 οἱ
762 1485 878 1554 περὶ
931 1482 1124 1534 τούτων
1163 1479 1309 1552 λόγοι
1355 1483 1648 1554 προμηνυὸ-

131 1587 247 1632 μινοι·
292 1574 336 1622 τί
385 1570 469 1622 οὐκ
514 1569 579 1622 ἂν
637 1571 824 1623 ἔπαθον
875 1573 924 1623 οἱ
977 1568 1164 1631 ἀτελεῖς
1223 1569 1375 1642 (illo:
1432 1576 1648 1621 τοιαῦτα

126 1654 348 1728 βλέποντες,
391 1665 470 1712 καὶ
522 1659 821 1732 ἀγνοοῦντες
851 1663 906 1712 τὸ
949 1666 1040 1712 τοῦ
1093 1661 1287 1720 πάθους
1330 1664 1641 1732 μυστήριον,

1776 482 1951 554 quasi
1990 499 2342 540 communes
2374 486 2536 542 orbis
2593 489 2863 559 magistri
2897 507 2911 557 ;
2939 490 3255 564 populares
3282 508 3425 551 vero

1774 571 1831 625 id
1856 587 2015 628 nunc
2038 573 2188 629 scire
2203 573 2387 631 noluit
2405 591 2587 649 usque
2600 577 2676 633 ad
2690 580 3179 637 resurrectionem
3194 597 3366 639 suam
3388 598 3426 642 θ.

1772 662 2043 728 mortuis,
2085 678 2160 719 ne
2206 663 2255 718 si
2298 680 2459 720 nunc
2509 665 2799 724 discerent
2846 668 3014 725 illum
3045 675 3260 729 natura
3292 687 3423 729 esse

1769 749 1867 805 Dei
1896 751 2121 818 Filium,
2155 757 2209 808 et
2238 758 2447 809 natura
2475 757 2680 821 Deum,
2724 761 2930 829 postea
2955 757 3224 816 videntes
3279 775 3421 818 eum

1767 838 2165 908 ignominiose
2209 841 2585 898 contumeliis
2626 844 2925 913 affectum,
2969 851 3025 902 et
3048 846 3293 920 indigna
3317 865 3421 923 pa-

1767 928 2028 995 tientem,
2058 946 2127 984 ac
2158 930 2372 986 acerbe
2395 931 2841 1005 interemptum,
2866 934 3332 1004 oﬂ‘enderentur,
3362 942 3419 996 et

1765 1033 2007 1074 rursum
2072 1018 2149 1074 ad
2215 1019 2475 1090 priorem
2515 1019 2993 1080 incredulitatem
3020 1031 3412 1096 recurrerent,

1765 1122 2040 1179 aegreque
2075 1107 2154 1164 ab
2179 1123 2251 1166 ea
2278 1113 2716 1168 revocarentur.

1831 1324 1980 1378 Nam
2007 1321 2055 1378 si
2089 1322 2413 1395 discipulos
2438 1323 2633 1392 etiam,
2657 1325 2763 1398 qui
2802 1326 3196 1400 popularibus
3224 1330 3412 1402 perfe-

1757 1411 1965 1467 ctiores
1981 1415 2168 1479 erant,
2185 1411 2557 1470 offenderunt
2575 1429 2697 1471 non
2712 1415 2908 1472 solum
2919 1417 3049 1473 haec
3066 1425 3408 1490 conspecta,

1754 1515 1964 1556 verum
1996 1501 2172 1558 etiam
2211 1500 2285 1556 de
2312 1501 2408 1557 his
2459 1504 2633 1558 rebus
2677 1503 2866 1561 habiti
2896 1520 3222 1573 sermones,
3257 1507 3410 1579 quid

1754 1605 1871 1645 non
1905 1604 2096 1661 passas
2132 1589 2386 1646 fuissent
2432 1591 2795 1663 imperfectae
2845 1593 3033 1650 turbae
3090 1595 3239 1651 dum
3275 1596 3407 1653 haec

1751 1679 2199 1751 conspexissent
2255 1680 2514 1737 maxime
2560 1681 2905 1752 ignorantes
2948 1684 3246 1755 passionis
3273 1701 3406 1758 my-

125 1747 211 1820 ὃτερ
255 1753 328 1799 καὶ
379 1749 544 1812 αὐτοῖς
590 1757 695 1810 τοῖς
753 1751 1015 1822 μαθηταῖς
1071 1751 1145 1801 ἔτι
1202 1749 1311 1821 (2⁵)
1364 1744 1629 1822 δυσπίρώ

136 1829 151 1847 ⁵
304 1832 324 1847 ν
444 1844 478 1847 _
523 1843 531 1847 _
638 1838 662 1847 _
858 1841 866 1847 ,
977 1839 996 1847 _
1210 1840 1218 1847 _
1324 1842 1332 1847 _
1421 1837 1459 1847 ._
1533 1837 1560 1847 -

1803 1768 2014 1833 erium,
2045 1768 2209 1841 quod
2236 1768 2374 1840 ipsis
2405 1785 2648 1842 quoque
2675 1771 2982 1844 discipulis
3011 1777 3136 1830 erat
3156 1739 3402 1847 recepiu

127 1829 256 1886 δικτον
300 1832 388 1904 ἧνς
444 1843 542 1892 Καὶ
601 1838 747 1891 οὗτοι
811 1841 930 1911 γὰρ,
970 1839 1052 1891 ὅτε
1101 1840 1233 1910 μετὰ
1278 1842 1372 1897 τὴν
1421 1837 1638 1898 Ἀναλη-

119 1921 186 1990 φιν
248 1933 323 1977 τοῦ
397 1933 628 2000 Σωτῆρος
718 1925 1048 2000 ἐπιφοίτησεν
1125 1926 1300 1990 αὐτοῖς
1382 1927 1499 1999 (26)
1581 1931 1638 1980 τὸ

123 2014 274 2082 Πνεῦμα
345 2018 395 2067 τὸ
459 2017 610 2088 ἅγιον
656 2059 670 2083 ,
755 2022 866 2070 τότε
934 2016 1110 2069 λοιπόν
1197 2018 1336 2077 θείας
1414 2019 1638 2089 χάριτος

117 2097 410 2169 πλησθέντες,
510 2110 606 2158 καὶ
681 2109 798 2167 τοὺς
894 2103 1243 2182 ἀνθρωπίνους
1356 2105 1637 2178 λογισμοὺς

116 2185 367 2262 ἀποθέμενοι,
400 2203 630 2255 συνῆκαν
672 2198 737 2247 τὰ
766 2200 1031 2269 μυστήρια
1059 2197 1246 2266 πάντα,
1289 2200 1378 2248 καὶ
1429 2194 1636 2270 στερῥόο

111 2294 208 2350 τεροι
240 2287 483 2352 γεγόνασιν
537 2279 861 2358 ἀδάμαντος.
911 2283 1081 2358 Ἂχρι
1126 2281 1186 2338 δὲ
1227 2288 1342 2336 τότε
1401 2292 1636 2356 συνεχῶς

110 2361 408 2435 ἑσιιινδοῖλιζον
449 2373 646 2438 αὐτοὺς
708 2376 876 2427 πάντα
946 2376 1012 2427 τὰ
1080 2372 1488 2448 ἀνθρωποπρεπῆ
1546 2381 1634 2426 τοῦ

107 2459 298 2526 Χριστοῦ.

156 2557 228 2606 Διά
250 2566 380 2612 τοῦτο
415 2567 610 2628 τοίνυν,
653 2565 721 2625 ὡς
771 2565 992 2636 εἴρηται,
1047 2566 1161 2614 τότε
1193 2564 1282 2635 μὲν
1341 2562 1434 2614 οὐκ
1487 2563 1633 2621 ἤθελε

103 2645 331 2708 γνωσθῆναι
349 2658 453 2712 τοῖς
489 2650 698 2724 ὄχλοις,
733 2653 812 2704 ὅτι
849 2654 1000 2724 φύσει
1053 2653 1168 2712 Υἱὸς
1197 2658 1288 2703 τοῦ
1322 2658 1454 2705 Θεοῦ
1495 2651 1626 2720 ἐστι,

103 2736 171 2781 καὶ
214 2738 332 2805 φύσει
397 2745 569 2808 Θεὸς,
637 2747 728 2794 καὶ
783 2737 1046 2814 διαφόρως
1097 2748 1247 2793 τοῦτο
1308 2741 1629 2817 μαρήγγελλε

101 2826 180 2881 τοῖς
215 2828 462 2894 μαθηταῖς·
504 2830 596 2883 ὅτε
635 2826 714 2896 δὲ,
768 2839 866 2883 τῶν
930 2827 1380 2892 σκανδαλιςόντων
1424 2851 1627 2884 παντων

94 2909 356 2967 τελεσθέντων
383 2964 398 2989 ,
472 2919 682 2993 ἔμελλον
758 2919 1004 2995 λαμπρῶς
1082 2919 1452 2996 ἀνακηρύττειν
1538 2921 1628 2973 αὗ-

94 3000 153 3047 τὸν
179 3004 301 3071 φύσει
328 3011 446 3060 Θεὸν
473 3011 498 3060 ὁ
531 3009 682 3070 ἣλιος
706 3010 1090 3082 σκοτιζόμενος,
1120 3012 1178 3062 τὸ
1219 3029 1352 3062 κατα
1380 3014 1626 3083 πέτασμα

1748 1857 1987 1913 difﬁcile
2023 1858 2052 1914 ?
2079 1859 2232 1913 Nam
2284 1862 2341 1914 et
2363 1858 2448 1928 hi,
2511 1859 2759 1930 quando
2810 1865 2949 1932 post
2979 1861 3299 1919 Salvatoris
3338 1863 3402 1923 in

1747 1945 1960 2002 coelum
1985 1946 2416 2002 Ascensionem
2444 1947 2604 2003 venit
2629 1964 2810 2020 super
2849 1965 2952 2006 eos
2976 1950 3230 2022 Spiritus
3261 1967 3400 2009 san-

1746 2039 1896 2100 ctus,
1925 2041 2064 2092 tunc
2094 2035 2342 2090 demum
2375 2034 2576 2092 divina
2606 2037 2797 2106 gratia
2845 2038 3070 2111 repleti,
3115 2039 3400 2096 humanis

1745 2123 2485 2196 cogitationibusabjectis,
2514 2125 2720 2183 omnia
2743 2134 3151 2197 cognoverunt
3177 2133 3399 2202 myste-

1743 2213 1851 2281 ria.
1879 2213 2100 2288 Verum
2140 2229 2377 2286 semper
2396 2213 2475 2270 ad
2501 2214 2560 2270 id
2599 2231 2783 2287 usque
2818 2220 3055 2288 tempus
3085 2218 3290 2276 omnia
3313 2218 3397 2278 ad

1744 2285 2178 2360 humanitatem
2207 2285 2568 2375 pertinentia
2617 2285 3000 2364 offendebar—1t
3025 2305 3182 2366 illos.

1811 2569 2060 2642 Propter
2087 2569 2200 2626 hoc
2225 2584 2384 2641 ergo,
2427 2573 2494 2626 ut
2531 2570 2761 2629 dictum
2785 2575 2895 2642 est,
2925 2573 3115 2630 noluit
3139 2590 3176 2632 a
3207 2590 3400 2648 pOp'u-

1739 2657 1965 2714 laribus
1991 2659 2145 2726 sciri,
2178 2659 2338 2730 quod
2392 2663 2609 2716 natura
2648 2660 2749 2716 Dei
2807 2661 2984 2717 Filius
3013 2666 3185 2730 esset,
3214 2669 3271 2721 et
3291 2681 3398 2724 na-

1739 2749 1872 2804 tura
1907 2748 2062 2803 Deus
2089 2767 2106 2819 ;
2133 2747 2313 2819 idque
2361 2747 2562 2803 multis
2594 2748 2788 2805 modis
2822 2750 3105 2823 praecepit
3127 2750 3391 2824 discipu-

1736 2835 1828 2893 lis.
1861 2837 2114 2902 Quando
2139 2852 2280 2893 vero
2300 2837 2604 2908 completis
2633 2853 2703 2894 ac
2733 2837 2912 2894 ﬁnitis
2942 2839 3228 2898 omnibus
3253 2857 3393 2914 quae

1736 2923 2038 2982 offendere
2058 2930 2352 2998 poterant,
2383 2927 2807 2998 prmdicaturus
2833 2927 3001 2984 illum
3031 2933 3393 2990 erat‘natura

1737 3012 1924 3086 Deum
1955 3029 2082 3069 esse
2105 3013 2192 3070 sol
2206 3014 2582 3085 obscuratus,
2596 3015 2798 3072 velum
2814 3016 3018 3089 templi
3044 3017 3390 3087 discissum,

91 3095 154 3137 τοῦ
193 3102 295 3144 ναοῦ
344 3096 664 3171 ῥηγνύμενον
692 3139 708 3165 ,
769 3101 798 3158 ἡ
843 3107 911 3171 γῆ
973 3103 1209 3172 σειομένη
1237 3144 1252 3169 ,
1315 3101 1368 3151 αἱ
1438 3104 1624 3173 πέτραι

1800 3117 1888 3158 rra
1912 3118 2220 3169 concussa,
2253 3107 2426 3174 petras
2472 3104 2748 3176 diruptus,
2781 3110 2835 3162 et
2865 3122 3122 3180 corpora
3162 3113 3389 3165 sancto-

91 3177 378 3256 σχιξόμεναι,
457 3194 546 3240 καὶ
647 3191 712 3239 τὰ
797 3194 1017 3261 σώματα
1083 3197 1182 3240 τῶν
1239 3194 1622 3262 κεκοιμημένων

86 3262 204 3334 ἁγίων
247 3270 528 3349 ἕγειρόμενοι
562 3319 580 3345 ,
651 3281 738 3330 καὶ
803 3277 961 3340 αὐτὸς
1036 3274 1250 3341 ἐνδόξως
1301 3278 1355 3330 ἐκ
1434 3289 1620 3355 νεκρῶν

85 3360 390 3430 ανιστάμενος·
457 3375 756 3427 τηνικαῦτα
817 3370 918 3442 γὰρ
1003 3378 1180 3440 σαφῶς
1249 3367 1524 3442 ἐξέλαμψεν
1589 3371 1616 3428 ἦ

80 3436 252 3518 δύναμις
295 3461 384 3516 τῆς
429 3456 597 3509 αὑτοῦ
657 3459 935 3526 θεότητος,
993 3463 1083 3510 καὶ
1134 3457 1498 3535 ἀναντίῤῥητος
1559 3457 1618 3519 ἦν

79 3536 98 3586 ἡ
157 3534 406 3604 ἀπόδειξις*
469 3545 650 3618 ἔμελλε
719 3542 780 3599 δέ
834 3552 922 3598 καὶ
971 3549 1026 3598 τὸ
1093 3549 1343 3618 πανάγιον
1412 3555 1619 3622 Πνεῦμα

77 3623 236 3678 rima
281 3628 505 3702 ἐμϐαλεῖν
585 3635 644 3688 οὗ
698 3643 807 3696 τοῖς
869 3637 1133 3708 μαθηταῖς
1208 3641 1362 3709 μόνον
1399 3679 1413 3703 ,
1492 3636 1618 3690 ἀλλὰ

71 3718 136 3762 καὶ
173 3722 286 3770 πᾶσι
327 3731 426 3784 τοῖς
453 3727 797 3778 πιστεύουσι·
830 3729 946 3778 τότε
995 3721 1087 3790 δη,
1119 3730 1234 3778 τότε
1271 3725 1448 3780 λοιπὸν
1475 3726 1617 3780 ἐϐού-

69 3796 154 3853 λετο
196 3800 600 3880 δημοσιευθῆναι
629 3820 761 3867 πᾶσι
792 3819 881 3868 καὶ
919 3818 977 3867 τὸ
1017 3823 1112 3876 τῆς
1145 3816 1410 3882 θεότητος,
1438 3821 1528 3869 καὶ
1556 3821 1614 3870 τὸ

67 3897 140 3939 τοῦ
160 3896 327 3960 πάθους
345 3901 504 3956 αὐτοῦ
524 3907 848 3976 μυστήριον,
882 3904 964 3956 ἵνα
991 3901 1407 3958 ἀσκανδάλιστον
1439 3902 1615 3959 ὀδεύοι

70 3986 117 4026 τά
142 3986 364 4058 κήρυγμα.

121 4068 227 4123 Ἀπὸ
271 4083 373 4131 τότε
428 4111 496 4122 -—
566 4079 859 4156 ἐγερθῆναι.
899 4083 1032 4134 Ἀπὸ
1098 4087 1233 4149 τότε,
1294 4082 1382 4157 ἀφ’
1428 4084 1488 4136 οὗ
1528 4084 1614 4158 βε-

68 4151 198 4220 his;
235 4164 400 4235 ἔμαθον
457 4173 508 4222 οἱ
555 4172 818 4245 μαθηταὶ,
864 4172 940 4224 ὅτι
981 4177 1196 4244 γνήσιος
1228 4174 1347 4235 Υἱός
1389 4172 1610 4228 ἕστιτοῦ

61 4247 186 4300 Θεοῦ.
227 4256 285 4304 τὸ
321 4255 498 4311 λοιπὸν
543 4262 650 4335 γὰρ
685 4259 873 4335 ἤρξατο
914 4260 1025 4333 (27)
1068 4259 1444 4334 προδεικνύειν,
1485 4284 1610 4317 του-

61 4347 192 4398 tam,
269 4346 525 4418 προλέγειν
602 4350 830 4413 τούτοις,
887 4349 923 4401 ά
1004 4349 1168 4407 μέλλει
1241 4353 1444 4422 παθεῖν,
1506 4355 1607 4420 ἵνα,

1730 3207 1863 3248 rum
1906 3192 2010 3266 qui
2035 3191 2400 3248 dormierant
2455 3192 2724 3259 excitata,
2771 3194 3020 3267 ipseque
3061 3196 3313 3266 gloriose
3351 3214 3389 3257 a

1732 3282 1978 3338 mortuis
2009 3296 2337 3351 resurgens,
2373 3284 2513 3336 tunc
2539 3296 2682 3338 sane
2708 3281 2926 3340 etfulsit
2958 3285 3142 3341 virtus
3171 3285 3389 3342 divini-

1729 3370 1864 3427 tatis
1889 3371 2040 3442 ejus,
2074 3373 2132 3426 et
2152 3369 2484 3426 indubitata
2535 3373 2662 3427 erat
2690 3371 3143 3428 demonstratio.
3197 3372 3384 3431 Simul

1727 3475 1965 3533 quoque
2020 3459 2399 3518 immissurus
2449 3463 2575 3516 erat
2627 3460 2877 3532 Spiritus
2928 3465 3171 3517 sanctus
3220 3462 3384 3520 intel-

1724 3549 1963 3622 lectum,
1991 3564 2114 3606 non
2165 3547 2308 3605 solis
2347 3548 2682 3620 discipulis,
2733 3548 2840 3606 sed
2882 3551 3162 3607 omnibus
3205 3551 3383 3612 etiam

1727 3638 2102 3696 credentibus
2117 3655 2130 3695 :
2159 3643 2366 3696 ettunc
2382 3638 2511 3711 jam
2528 3639 2776 3696 demum
2795 3639 3072 3697 omnibus
3087 3641 3383 3713 publicari

1723 3730 1966 3788 volebat
1995 3733 2051 3786 et
2079 3727 2404 3785 divinitatis
2429 3732 2486 3786 et
2509 3728 2806 3801 passionis
2836 3746 2961 3787 suae
3001 3732 3380 3805 mysterium,

1725 3823 1790 3877 ut
1813 3819 2041 3892 absque
2087 3817 2207 3876 ullo
2233 3816 2589 3876 offendicula
2619 3818 2966 3892 praedicatio
2993 3820 3375 3892 precederet.

1793 4089 1951 4143 Vers.
1979 4087 2069 4141 2i.
2097 4087 2196 4144 Ea:
2224 4101 2286 4144 eo
2315 4078 2638 4159 tempore—
2661 4102 2983 4162 resurgere.
3015 4091 3098 4146 Ex
3127 4105 3192 4146 eo
3231 4092 3381 4148 tem-

1721 4191 1879 4248 pore,
1911 4192 1981 4232 ex
2006 4191 2128 4248 quo
2152 4174 2399 4232 ﬁrmiter
2424 4182 2833 4246 cognoverunt
2880 4177 3172 4251 discipuli,
3218 4179 3377 4251 quod

1719 4264 2006 4321 naturalis
2031 4268 2186 4320 esset
2214 4265 2314 4319 Dei
2360 4264 2536 4319 Filius
2567 4279 2578 4318 :
2609 4269 2752 4320 tunc
2787 4265 2948 4321 enim
2977 4266 3225 4322 demum
3259 4282 3375 4322 cm-

1718 4355 1804 4427 pit
1836 4353 2248 4410 demonstrare
2275 4352 2394 4408 sive
2432 4352 2749 4424 praedicere
2777 4352 2890 4409 illis
2915 4368 3052 4426 quae
3080 4369 3372 4426 passurus

57 4429 191 4475 ττᾶτα
232 4442 682 4506 προγινώσκοντες,
713 4441 848 4492 κατά
892 4441 976 4491 τὸν
1027 4444 1206 4514 καιρὸν
1258 4448 1349 4493 τοῦ
1410 4444 1611 4506 πάθους

1800 4448 1856 4509 ιι,
1892 4447 1951 4499 ut
1978 4443 2107 4498 haec
2159 4441 2556 4514 praescientes,
2612 4445 2882 4513 tempore
2911 4441 3206 4514 passionis
3250 4456 3370 4498 non

57 4513 113 4574 μή
160 4518 737 4599 σιανδολισθῶσι,μηδ’
791 4528 1140 4595 ὑπολάϐωσιν,
1197 4530 1277 4582 ὅτι
1334 4527 1406 4583 δι’
1456 4529 1607 4584 ἀσθέ-

55 4617 166 4651 “lim
219 4611 395 4678 θύσεως
460 4619 674 4688 πάσχει
708 4659 720 4671 .
812 4623 931 4679 Πῶς
980 4621 1101 4694 γὰρ,
1166 4620 1216 4679 ὃς
1267 4624 1355 4672 καὶ
1423 4639 1604 4695 πΡ⁰7ι’

54 4706 207 4747 meum
255 4709 423 4771 trito,
485 4709 582 4757 καὶ
639 4705 898 4780 προλέγει,
959 4713 1048 4760 καὶ
1127 4705 1343 4762 σπεύδει
1414 4708 1605 4782 μᾶλλον

56 4781 199 4834 παθεῖν
223 4803 237 4854 ;

115 4874 195 4922 Καὶ
239 4907 297 4918 —
334 4882 499 4954 αὐτῷ.
567 4881 1011 4957 Προσλαϐὁμενος,
1064 4884 1178 4938 ἀντὶ
1225 4893 1316 4939 τοῦ
1374 4886 1605 4960 παραλα-

53 4951 138 5006 ϐὼν
175 4965 413 5026 ιατιδίαν.
477 4972 746 5035 ’Δκούσας
797 4976 919 5048 γὰρ,
962 4973 1041 5026 ὃτι
1089 4975 1256 5048 μελλει
1311 4975 1602 5047 ἀποθανεῖν,

47 5043 412 5130 τίαρνθυμησεν,
475 5061 687 5125 ἀνάξιον
769 5070 862 5124 τῆς
941 5063 1100 5116 αὑτοῦ
1164 5066 1404 5127 θεότητος
1456 5073 1606 5119 τοῦτο

45 5142 245 5207 “Pinc.
297 5151 383 5201 Διὸ
425 5154 540 5223 καὶ,
573 5153 642 5215 ὡς
693 5147 801 5213 ἤδη
833 5151 1129 5227 παρῥησίαν
1179 5152 1280 5207 ἀπὸ
1309 5161 1401 5210 τοῦ
1431 5175 1605 5225 μαχα-

1717 4532 2168 4597 oﬁenderentur,
2220 4545 2412 4604 neque
2469 4528 2914 4601 suspicarentur
2933 4529 3100 4602 quod
3128 4533 3371 4603 propter

1714 4625 1937 4678 naturte
1956 4618 2424 4677 imbecillitatem
2440 4622 2757 4692 pateretur.
2777 4619 2905 4686 Quo
2934 4618 3093 4674 enim
3118 4619 3370 4691 pactoid

1713 4711 1880 4767 ﬁeret
1910 4710 1983 4766 de
2010 4726 2102 4774 eo,
2161 4709 2265 4781 qui
2303 4707 2588 4781 praenovit
2625 4711 2682 4764 et
2711 4705 2983 4780 praedicit
3029 4723 3100 4766 ac
3128 4707 3370 4765 festinat

1714 4799 1911 4873 potius
1942 4805 2004 4854 ut
2022 4798 2305 4872 patiatur.

1785 4888 1949 4945 Vers.
1979 4892 2066 4944 22.
2090 4887 2164 4944 Et
2193 4917 2259 4928 -—
2286 4885 2476 4943 illum.
2535 4885 2894 4954 Assumens,
2942 4885 3058 4943 hoc
3083 4889 3173 4944 est
3211 4901 3369 4945 seor-

1714 4977 1829 5034 sim
1860 4977 2176 5049 accipiens.
2206 4975 2421 5033 Audito
2457 4975 2618 5032 enim
2643 4975 2810 5048 quod
2845 4976 3170 5033 moriturus
3187 4980 3364 5046 esset,

1715 5067 1970 5140 graviter
2023 5066 2151 5123 tulit
2183 5083 2196 5135 ;
2227 5081 2364 5122 nam
2411 5064 2474 5121 id
2531 5080 2640 5122 sua
2680 5063 2980 5123 divinitate
3043 5065 3364 5136 indignum

1713 5157 1966 5229 putavit.
2024 5155 2280 5229 Ideoque
2349 5153 2530 5228 quasi
2589 5154 2721 5226 jam
2767 5158 3010 5228 sumpta
3066 5154 3360 5230 libertate,

1221 5359 1440 5431 Variae
1470 5361 1798 5434 lectiones
1828 5370 1896 5430 et
1929 5369 2137 5437 notae.

92 5565 191 5638 (ιδ)
221 5567 352 5639 Ἐτι,
382 5576 583 5634 abest.
612 5579 674 5635 A.

94 5639 196 5710 (26)
226 5644 422 5712 Δύτοῖς,
452 5648 646 5710 abest.
678 5654 745 5710 Α.

1782 5584 1892 5656 (27)
1916 5583 2030 5642 Sed
2067 5583 2128 5640 in
2155 5585 2315 5642 textu
2345 5585 2540 5642 servat
2564 5583 2872 5656 vulgatum
2900 5579 3167 5652 δεικνῦειν,
3198 5582 3394 5714 Ἐλοᾱ·

1782 5660 2172 5714 irvsostomus
2202 5657 2382 5714 etiam
2410 5655 2608 5714 habet.
2641 5659 2683 5714 t.
2711 5655 2828 5714 νυ.
2857 5669 2920 5714 D.
2950 5654 3052 5714 549
3076 5657 3140 5714 Ε.
3162 5658 3193 5712 5
3291 5653 3357 5714 6.

1714 5653 2172 5730 Ehrytwstomus
2202 5657 2382 5716 etiam
2410 5655 2608 5726 habet,
2641 5653 2694 5715 ιζ
2711 5655 2828 5725 Vll,
2857 5669 2920 5727 p.
2950 5654 3052 5716 549
3076 5657 3140 5728 Ε,
3162 5653 3266 5714 577
3291 5653 3357 5717 8.
