3906 6202
484 295 579 352 471
1797 288 2137 344 EUTHYMII

2256 285 2513 345 GABENI
3678 290 3756 346 ιη

481 435 552 478 eo
583 419 741 493 quod
767 415 1136 474 beatiﬁcatus
1161 418 1315 472 esset
1345 414 1593 471 seorsim
1625 413 1948 487 increpavit
1972 414 2137 471 illum

2256 415 2497 473 οισθῆναι
2565 413 2929 486 κτησάμενος,
2987 409 3229 465 κατιδίαν
3286 410 3561 486 έπετίμησεν
3633 415 3754 486 αὐτῷ,

482 510 605 565 sive
638 506 1028 580 reprehendit.

551 600 706 654 Scire
737 600 964 668 oportet
1001 595 1166 668 quod
1208 595 1322 651 hoc
1354 593 1606 650 verbum
1667 593 1946 666 ἐπετίμησε
2003 592 2138 666 (pro

480 703 600 761 quo
616 692 678 741 ut
701 685 1023 758 plurimum
1051 686 1365 742 vertimus:
1394 684 1729 753 Increpavit
1757 689 1854 739 aut
1880 685 2141 739 Intermi-

478 784 648 833 natus
674 776 780 847 est)
811 775 975 846 apud
1023 775 1418 843 evangelistas
1449 774 1749 829 interdum
1779 773 2025 845 quidem
2070 774 2141 829 si-

480 866 721 938 gniﬁcat
771 865 1071 920 silentium
1104 864 1413 937 imponere
1462 863 1585 918 sive
1627 879 1693 918 os
1720 863 2046 927 obstruere,
2077 866 2140 919 ut

479 957 554 1012 de
584 956 858 1011 daemone
883 955 986 1027 qui
1007 952 1242 1009 dicebat
1281 969 1341 1008 se
1382 967 1556 1008 nosse
1604 953 1919 1018 Christum,
1975 952 2140 1025 quod

478 1051 717 1103 sanctus
764 1043 859 1098 ille
917 1043 1014 1098 Dei
1055 1047 1224 1098 esset.
1276 1043 1366 1098 Ait
1412 1040 1872 1114 θοὶωὶπιτίμησε
1924 1042 1992 1106 ⁸ο,
2025 1041 2139 1097 hoc

480 1142 564 1192 est
591 1134 904 1204 increpavit
924 1131 1114 1196 illum,
1145 1129 1269 1188 sive
1296 1131 1582 1187 silentium
1609 1131 1916 1203 imposuit.
1957 1132 2138 1187 Inter-

480 1225 627 1280 dum
667 1227 866 1278 autem
953 1220 1252 1284 signiﬁcat
1309 1220 1650 1288 Refrenavit
1707 1219 1828 1275 sive
1879 1221 2141 1288 Impera-

481 1313 703 1381 vit;ut
761 1314 849 1367 est
900 1310 1045 1366 illud
1101 1308 1377 1382 ἐπετίμησε
1433 1310 1502 1373 ⁸ο,
1549 1310 1609 1364 id
1664 1313 1770 1378 est,
1825 1310 2138 1380 Imperavit

481 1401 665 1460 ventis
695 1405 747 1456 et
799 1399 972 1464 mari,
1013 1399 1137 1454 sive
1181 1399 1544 1467 Refrenavit.
1577 1397 1952 1470 Quandoque
1998 1412 2140 1454 vero

481 1491 738 1555 denotat,
811 1488 1219 1557 Conﬁrmavit,
1270 1491 1335 1544 ut
1392 1502 1528 1542 cum
1594 1487 1811 1544 dicitur
1860 1487 2140 1560 ἐπετίμησε

2251 508 2435 575 εἶτουν,
2472 503 2760 578 ἐμέμψατο.

2319 599 2433 668 Χρὴ
2501 596 2602 667 γὰρ
2649 597 2946 664 γινώσκειν,
2991 594 3071 644 ὅτι
3114 595 3171 645 τό
3227 591 3488 665 ἐπετίμησε
3530 593 3651 666 παρά
3680 601 3762 654 τοῖς

2249 683 2644 755 εὐαγγελισταῖς
2718 685 2842 734 ποτε
2906 685 2996 754 μὲν
3054 686 3295 755 σημαίνει
3361 685 3412 734 τό
3473 680 3762 754 ἐπεστόμισεν,

2248 775 2316 834 ὡς
2369 772 2450 825 ἐπὶ
2489 781 2580 825 τοῦ
2631 769 2894 844 δαίμονος,
2926 780 3017 824 τοῦ
3058 771 3287 833 εἰπόντος
3336 768 3508 824 εἰδέναι
3550 776 3623 823 τὸν
3671 779 3764 842 Χριη

2251 868 2395 928 στὸν,
2449 864 2529 916 ὅτι
2584 862 2720 916 ἐστὶν
2775 864 2799 914 6
2845 862 2988 934 ἅγιος
3035 871 3126 915 τοῦ
3173 867 3319 917 Θεοῦ’
3354 861 3628 934 Ἐπετίμησε
3670 862 3766 934 γὰρ,

2250 956 2427 1024 φησὶν,

2250 1037 2308 1093 δι
2367 1037 2521 1099 δηλοῖ
2566 1045 2623 1094 τό
2680 1039 3075 1114 ἓχαλίνωσεν,ἧ
3125 1040 3376 1106 ὶπέταξεν,
3408 1042 3470 1100 ὡς
3513 1043 3582 1108 τὸ,
3615 1038 3766 1091 Ἐπετίο

2249 1149 2387 1202 μησε
2441 1138 2546 1191 τοῖς
2603 1129 2806 1202 ἀνέμοις
2868 1135 2957 1183 καὶ
3020 1138 3080 1203 τῇ
3153 1129 3411 1201 θαλάσσῃ·
3456 1131 3565 1182 ποτε
3615 1123 3662 1180 δι
3707 1129 3768 1194 τὸ,

2249 1219 2724 1288 κατησφαλίσατο,
2789 1222 2857 1283 ὡς
2920 1223 2978 1272 τὸ
3015 1264 3028 1288 ,
3090 1220 3420 1292 Ἐπετίμησεν
3482 1217 3662 1286 αὐτοῖς,
3709 1216 3770 1266 ἱνα

2505 952 2660 1024 αὐτῷ,
2729 955 3014 1019 τουτέστιν,
3070 951 3399 1024 ἐπεστόμισεν
3469 951 3622 1002 αὐτόν’
3675 952 3766 1001 ποτὶ

2249 1305 2439 1379 μηδενὶ
2482 1308 2673 1380 λέγωσι
2729 1313 2846 1381 περὶ
2902 1309 3082 1361 αὐτοῦ·
3146 1312 3268 1362 ποτε
3323 1305 3382 1362 δὲ
3434 1311 3506 1374 τὸ,
3541 1305 3771 1379 ὶμίμψατο,

2252 1399 2318 1458 ὡς
2379 1404 2531 1450 τοῦτο
2581 1394 2666 1463 δὴ,
2726 1401 2845 1473 περὶ
2903 1395 2963 1451 ὀῦ
3018 1405 3105 1450 νῦν
3155 1399 3180 1450 6
3233 1398 3399 1470 λόγος·
3458 1398 3567 1449 ποτε
3613 1391 3661 1447 δι
3711 1397 3769 1458 τό,

2250 1483 2547 1555 ἐπέπληξεν,
2609 1487 2673 1547 ὡς
2747 1490 2828 1557 τό,
2897 1487 3204 1560 Ἐπετίμησε
3267 1495 3337 1558 τῷ
3409 1490 3585 1558 Πέτρῳ,
3647 1485 3775 1540 καθὼς

481 1576 565 1632 eis
587 1576 654 1640 9‘,
681 1572 1301 1641 hocestConﬁrmavit
1321 1571 1457 1628 illo:
1480 1587 1552 1628 ne
1565 1571 1656 1627 cui
1676 1571 1750 1628 de
1769 1587 1830 1628 se
1857 1571 2134 1628 dicerent.

2256 1574 2368 1638 ἑξῆς
2421 1573 2807 1635 δηλωθήσεται·
2861 1579 2972 1630 ἔστι
3025 1574 3084 1630 δι
3149 1579 3231 1630 ὅτε
3284 1579 3374 1630 καὶ
3436 1578 3489 1627 τὸ
3557 1572 3770 1634 ἐκώλυσεν,

480 1663 850 1736 Quandoque
902 1666 1103 1719 autem
1142 1661 1550 1733 Reprehendit,
1607 1665 1672 1717 ut
1697 1665 1784 1718 est
1813 1661 1868 1716 id
1910 1661 1984 1717 de
2015 1676 2137 1733 quo

479 1757 605 1812 erat
627 1769 848 1810 sermo.
880 1752 1182 1808 Interdum
1195 1766 1438 1824 quoque
1470 1751 1812 1820 Increpavit
1839 1750 1929 1806 vel
1949 1751 2139 1807 Corri-

2249 1665 2319 1726 ὡς
2372 1666 2656 1741 εὑρήσομεν
2722 1669 2848 1738 πρὸς
2915 1675 2986 1738 τῷ
3051 1665 3180 1720 τελει
3251 1673 3343 1718 τοῦ
3415 1665 3776 1736 τεσσαρακοστόῦ

2247 1753 2522 1824 κεφαλαίου
2533 1797 2544 1810 .

481 1846 634 1914 puit,
669 1848 733 1898 ut
765 1845 852 1897 est
884 1841 1033 1896 illud
1075 1841 1352 1912 ἐπετίμησε
1392 1843 1439 1876 θ’
1471 1841 1530 1895 id
1555 1845 1646 1895 est
1695 1841 2032 1910 Increpavit
2079 1841 2347 1910 Petrum,
2383 1849 2444 1899 ut
2475 1845 2671 1900 statim
2694 1849 3125 1914 consequenter
3148 1844 3439 1902 dicemus.
3489 1846 3577 1899 Est
3619 1846 3666 1897 et
3701 1831 3779 1894 ubi

485 1931 795 2000 signiﬁcat,
830 1930 1141 1985 Prohibuit
1175 1932 1243 1998 ",
1273 1937 1333 1984 ut
1365 1930 1422 1984 in
1449 1930 1568 1985 fine
1593 1930 2046 2002 quadragesimi
2077 1929 2287 2002 capitis
2330 1932 2719 1989 inveniemus.

556 2021 713 2075 Vers.
771 2020 860 2074 2'2.
915 2020 1128 2075 Dicens
1168 2049 1236 2060 —
1295 2019 1400 2074 hoc
1446 2021 1753 2090 Tanquam
1813 2019 2135 2075 consulens

482 2109 598 2166 hoc
623 2109 800 2175 ait,ut
823 2109 1120 2176 ingenuus
1151 2107 1380 2163 amicus
1406 2107 1533 2178 (bb).
1567 2109 1738 2174 Quod
1768 2113 1968 2164 autem
1999 2108 2139 2163 dici-

485 2203 580 2256 tur
607 2197 902 2269 Propitius
933 2197 1044 2253 tibi
1069 2197 1164 2262 sit,
1198 2202 1484 2253 consueto
1527 2213 1692 2253 more
1721 2197 1976 2252 lomutus
2003 2202 2092 2252 est
2123 2212 2138 2254 :

485 2287 669 2344 moris
699 2286 860 2342 enim
887 2291 1010 2342 erat
1032 2285 1147 2341 hoc
1177 2285 1373 2342 dicere
1404 2302 1563 2353 eum,
1599 2287 1700 2358 qui
1727 2286 2141 2358 indignaretur

485 2376 813 2434 absurdum
865 2375 1177 2448 quidpiam
1227 2375 1463 2440 dicenti,
1490 2380 1553 2432 ut
1579 2393 1592 2431 :
1623 2376 1920 2448 Propitius
1943 2376 2044 2431 tibi
2068 2375 2141 2430 sit

485 2467 639 2521 Deus
666 2465 745 2521 ob
764 2463 938 2520 talem
957 2480 1316 2520 sermonem.
1342 2465 1405 2519 Id
1439 2481 1580 2521 vero
1603 2466 1766 2538 quod
1784 2465 1946 2520 addit
1979 2465 2142 2521 :Non

485 2555 599 2613 erit
626 2554 730 2611 tibi
753 2555 879 2622 hoc,
911 2553 1284 2611 tantumdem
1311 2559 1400 2611 est
1427 2569 1496 2610 ac
1517 2555 1568 2611 si
1598 2555 1819 2612 diceret
1854 2571 1867 2610 :
1897 2557 1976 2611 Ne
2002 2569 2142 2611 con-

486 2645 673 2715 tingat
711 2643 814 2700 tibi
845 2643 956 2700 hoc
977 2643 1142 2716 quod
1163 2643 1334 2700 dicis.

561 2733 818 2790 Vers.23.
851 2733 924 2788 At
952 2732 1652 2790 ille—Satana.Marcus
1680 2737 1879 2790 autem
1911 2733 2138 2804 dixit“,

484 2823 651 2896 quod
671 2838 993 2879 conversus
1022 2827 1079 2879 et
1109 2822 1355 2879 intuitus
1401 2823 1723 2895 discipulos
1763 2838 1924 2888 suos,
1958 2823 2143 2881 incre-

484 2913 653 2985 pavit
691 2913 814 2968 sive
866 2911 1145 2984 corripuit
1190 2913 1442 2968 Petrum.
1491 2913 1718 2970 Etenim
1767 2913 1951 2970 voluit
2010 2913 2142 2970 illos

485 3020 728 3077 quoque
772 3003 1244 3076 increpationem
1294 3004 1499 3060 audire
1556 3021 1626 3062 ac
1688 3005 1983 3075 castigari,
2038 3005 2141 3078 qui

486 3093 645 3150 idem
684 3093 850 3166 quod
907 3092 1108 3149 Petrus
1161 3093 1557 3165 patiebantur.
1629 3094 1917 3151 Satanam
1941 3100 2140 3151 autem
2173 3090 2218 3150 C

485 3199 623 3240 eum
649 3186 842 3248 vocat,
875 3183 1049 3256 quasi
1073 3183 1133 3239 in
1157 3183 1271 3240 hoc
1297 3183 1581 3240 Satanam
1609 3184 2141 3257 imitantem,quod

483 3272 780 3330 Christum
809 3273 1000 3329 occidi
1026 3271 1290 3330 nolebat.
1325 3273 1629 3346 Siquidem
1655 3291 1850 3346 neque
1891 3275 2142 3330 Satanas

484 3361 776 3418 Christum
808 3360 993 3417 occidi
1019 3361 1273 3426 volebat,
1307 3367 1370 3418 ut
1427 3363 1742 3418 mendaces
1798 3363 2142 3418 viderentur

482 3451 810 3524 prophetia:
843 3466 977 3522 quae
1009 3449 1083 3504 de
1117 3456 1304 3506 morte
1359 3451 1486 3522 ejus
1539 3451 1951 3523 loquebantur,
1982 3457 2037 3507 et
2067 3467 2140 3508 ne

485 3555 646 3596 mors
709 3539 904 3595 carnis
957 3538 1135 3608 hujus
1197 3539 1362 3594 ﬁeret
1412 3554 1572 3594 mors
1614 3555 1737 3595 sum
1791 3541 2136 3610 potestatis:

483 3642 825 3699 quanquam
839 3626 967 3697 ipse
980 3626 1219 3698 propria
1231 3625 1424 3682 victus
1438 3627 1695 3684 malitiaJ
1707 3628 1903 3684 udaeos
1917 3629 1995 3686 ad
2008 3631 2138 3701 ejus

483 3715 711 3773 caedem
741 3714 1024 3771 incitavit.

555 3978 753 4038 Potest
784 3983 984 4038 autem
1025 3984 1080 4039 et
1118 3981 1284 4039 aliter
1326 3981 1462 4052 dici,
1504 3984 1669 4056 quod
1709 3985 1854 4058 quia
1884 3985 2138 4045 Satanas

481 4069 864 4129 adversarius
895 4069 1127 4137 dicitur,
1160 4073 1362 4128 Petrus
1393 4077 1592 4129 autem
1625 4075 1949 4145 prohibens
1978 4077 2136 4133 Chri-

484 4164 640 4218 stum
660 4160 832 4226 mori,
858 4176 977 4217 non
992 4160 1412 4234 sequebaturej
1427 4178 1493 4217 us
1506 4162 1872 4221 voluntatem
1901 4167 2004 4221 sed
2031 4167 2136 4223 ad-

481 4249 842 4316 versabatur,
869 4249 1012 4306 aitei
1028 4249 1323 4307 Salvator:
1341 4251 1456 4306 Abi
1477 4257 1602 4321 post
1621 4269 1730 4320 me,
1757 4255 2001 4327 Satana,
2017 4255 2132 4312 hoc

490 4343 579 4399 est
611 4363 623 4397 :
657 4342 916 4415 Sequere
943 4355 1057 4408 me,
1096 4340 1460 4398 adversaria.

557 4556 713 4612 Vers.
747 4557 835 4612 23.
866 4555 1180 4614 Obstaculo
1207 4555 1358 4613 mihi
1395 4571 1479 4616 es.
1541 4557 1974 4632 Impedimento
2033 4560 2138 4617 mi-

488 4641 636 4706 hies,
674 4645 1049 4702 adverserius
1067 4662 1215 4702 mete
1229 4646 1537 4704 voluntati.
1555 4648 1774 4705 Deinde
1791 4649 1932 4706 dicit
1956 4651 2136 4708 etiam

489 4746 735 4788 causam
767 4739 1003 4804 prOpter
1027 4751 1211 4804 quam
1259 4736 1708 4794 adversabatur.

561 4821 722 4876 Vers.
752 4820 841 4874 23.
879 4821 1027 4889 Quia
1055 4852 1118 4864 -
1147 4823 1454 4883 hominum.
1488 4829 1623 4897 Hoc,
1655 4827 1864 4900 inquit,
1896 4829 2134 4900 pateris,

487 4909 630 4990 quia
655 4923 775 4966 non
788 4908 988 4967 divino
1002 4911 1105 4966 sed
1128 4911 1399 4972 humano
1422 4915 1604 4972 modo
1633 4916 1815 4988 sapis.
1834 4917 2061 4972 Etenim
2087 4916 2136 4972 si

488 4997 692 5056 divina
718 5002 1008 5070 gustares,
1042 5001 1240 5074 utique
1270 5002 1520 5075 dignum
1559 5020 1652 5062 me
1704 5003 2007 5076 iudicares
2037 5006 2137 5077 qui

537 5125 608 5190 ,δ’
641 5127 812 5184 Marc.
858 5143 894 5193 ι,
937 5129 1026 5184 25.
1105 5127 1153 5164 ³ο
1193 5126 1390 5199 Matth,
1449 5143 1573 5194 vui,
1623 5129 1712 5186 26.

486 5212 606 5267 vm,
635 5201 724 5255 33.

1791 5129 1836 5165 ⁹¹
1893 5130 2067 5186 Marc.
2126 5145 2242 5202 vui,
2290 5132 2376 5189 30.

3019 2023 3384 2096 Συμϐουλεύων
3460 2019 3600 2080 δῆθεν
3665 2021 3778 2070 τοῦτό

2249 2131 2398 2182 φησι,
2441 2115 2509 2174 ὡς
2559 2118 2789 2184 γνήσιος.
2841 2116 2911 2166 Τὸ
2956 2116 3044 2184 μὶν
3095 2109 3182 2165 οὖν
3228 2113 3372 2173 ἵλεώς
3421 2131 3519 2174 σοι,
3549 2111 3664 2161 κατὰ
3696 2126 3783 2158 συν·

2319 2026 2495 2094 Λέγων
2575 2054 2645 2064 —
2721 2030 2874 2076 τοῦτο
2916 2065 2932 2082 .

2249 2201 2425 2258 ἠθειαν
2494 2205 2691 2276 εἴρηκεν
2768 2204 2876 2262 ἔθος
2955 2205 3052 2276 γὰρ
3141 2199 3242 2265 ἦν,
3310 2202 3460 2254 τοῦτό
3528 2198 3666 2269 λέγειν
3717 2197 3778 2244 τόν

2247 2296 2565 2364 μεμφόμενον
2601 2313 2703 2344 τινι
2756 2292 2946 2345 εἰπόντι
2996 2293 3115 2363 (28)
3163 2291 3475 2367 παράλογον,
3503 2288 3615 2352 οἷον,
3659 2285 3784 2342 Ἵλεώς

2252 2399 2336 2431 σοι
2394 2384 2522 2441 Θεὸς
2577 2384 2675 2446 εἴη,
2732 2384 2890 2434 ἕνεκεν
2947 2389 3039 2434 τοῦ
3070 2384 3309 2434 τοιούτου
3356 2381 3520 2452 λόγου·
3560 2381 3611 2428 τὸ
3642 2372 3781 2436 δι,οὑ

2247 2473 2318 2540 μὴ
2351 2471 2626 2543 ἔσται(29)
2648 2490 2730 2523 σοι
2753 2478 2921 2539 τοῦτο,
2953 2469 3064 2524 ἀντι
3093 2479 3204 2537 τοῦ,
3229 2475 3314 2529 Μὴ
3344 2473 3536 2543 γένοιτό
3562 2470 3781 2531 concito,

2250 2559 2275 2610 6
2299 2557 2484 2631 λέγεις.

2319 2861 2377 2916 Ὀ
2433 2860 2491 2918 δὲ
2537 2895 2607 2907 -
2659 2870 2877 2921 Σατανᾶ.
2947 2867 3160 2942 Μάρκος
3225 2863 3286 2920 δέ
3348 2886 3523 2940 φησιν,
3574 2866 3654 2929 ὅτι,
3705 2859 3791 2912 imo

2251 2958 2517 3028 στραφεὶς,
2564 2959 2653 3007 καὶ
2704 2951 2830 3007 ἰδὼν
2873 2959 2989 3016 τοὺς
3031 2957 3272 3028 μαθητὰς
3334 2955 3511 3020 αὐτοῦ,
3565 2954 3793 3023 ἐπετίμησε

2250 3051 2321 3113 τῷ
2381 3047 2577 3118 Πέτρῳ,
2629 3045 2811 3115 ἣγουν,
2845 3042 3114 3108 ἐπέπληξε.
3173 3050 3274 3098 Καὶ
3327 3049 3428 3119 γὰρ
3477 3042 3674 3104 seem
3716 3036 3795 3090 κὰ·

2249 3131 2716 3194 κείνουςάκοῦσαι
2763 3141 2857 3194 τῆς
2922 3133 3259 3202 ἐπιπλήξεως,
3318 3140 3411 3187 καὶ
3486 3130 3795 3205 σωφρονισθῆ-

2249 3240 2364 3290 ναι,
2420 3224 2722 3293 παθόντας,
2773 3223 2895 3295 ὅπερ
2943 3225 2968 3274 ὁ
3028 3228 3236 3294 Πέτρος,
3296 3229 3523 3277 Σατανᾶν
3577 3217 3630 3274 δι
3678 3218 3798 3270 αὐτὸν

2250 3310 2534 3383 ὠνόμασεν,
2593 3315 2660 3374 ὡς
2713 3315 3026 3385 μιμούμενον
3092 3319 3179 3366 τόν
3243 3320 3506 3380 Σατανᾶν,
3556 3310 3598 3363 ἐν
3646 3316 3707 3378 τῷ
3745 3323 3796 3376 μη

2253 3400 2408 3453 θέλειν
2463 3400 2795 3476 ἀναιρεθῆναι
2848 3405 2933 3453 τὸν
3006 3407 3260 3478 Χριστόν,
3339 3409 3442 3457 Καὶ
3496 3404 3590 3474 γὰρ
3637 3392 3728 3452 οὐδ’
3783 3393 3801 3443 ὁ

2251 3495 2476 3553 Σατανᾶς
2520 3490 2692 3549 ἤθελεν
2742 3493 3074 3566 ἀναιρεθῆναι
3126 3493 3302 3564 αὐτόν,
3342 3495 3426 3545 ἵνα
3483 3499 3666 3564 φανῶσι
3707 3485 3803 3556 ψελ-

2251 3575 2358 3640 δεῖς
2413 3581 2467 3632 αἱ
2525 3585 2642 3655 περὶ
2686 3587 2778 3632 τοῦ
2829 3582 3048 3634 θανάτου
3081 3581 3240 3634 αὐτοῦ
3290 3589 3618 3656 προφητεῖαι,
3643 3579 3718 3628 καὶ
3741 3576 3803 3624 ἱνα

2246 3673 2317 3740 μὴ
2347 3669 2372 3720 6
2407 3670 2622 3731 θάνατος
2643 3677 2736 3732 τῆς
2781 3671 2962 3722 τούτου
2997 3675 3188 3739 σαρκὸς
3235 3673 3462 3733 θάνατος
3497 3674 3691 3742 γένηται
3732 3671 3803 3720 τῆς

2247 3756 2406 3810 αὐτοῦ
2450 3755 2732 3831 δυνάμεως,
2772 3757 2934 3812 εἶκαὶ
2982 3759 3137 3821 αὐτὸς
3173 3764 3292 3821 τοὺς
3335 3757 3622 3819 Ἰουδαίους
3657 3755 3798 3814 εἰςτάν

2245 3850 2380 3900 κατά
2421 3855 2511 3899 τοῦ
2565 3855 2797 3922 Σωτῆρος
2848 3853 2994 3921 φόνον
3045 3851 3362 3924 παρέθηγεν,
3399 3851 3502 3903 ὑπὸ
3545 3855 3632 3908 τῆς
3661 3845 3801 3897 ἴαντοῦ

2245 3939 2430 3999 κακίας
2453 3941 2748 4009 νικώμενος.

2316 4024 2466 4078 Ἐστι
2527 4022 2584 4079 δὲ
2631 4033 2720 4079 καί
2760 4025 2940 4100 ἑτέρως
2999 4027 3174 4095 εἰπεῖν,
3215 4029 3294 4081 ὅτι
3338 4027 3451 4082 ἐπεὶ
3496 4030 3702 4084 Σατανᾶς
3740 4021 3803 4091 μὲι

2247 4116 2270 4166 6
2326 4113 2670 4187 ἀντικείμενος
2733 4116 3082 4189 ἑρμηνεύεται,
3127 4122 3323 4192 Πέτρος
3375 4114 3456 4182 δὲ,
3506 4115 3698 4168 κωλύων
3742 4113 3805 4158 τὸν

2165 4233 2211 4290 D
2247 4208 2476 4277 Χριστὸν
2549 4203 2842 4270 ἀποθανεῖν,
2903 4205 2997 4258 οὐκ
3071 4206 3385 4264 ὴκουλούθει
3461 4213 3534 4259 τῶ
3608 4202 3809 4272 θελήματι

2246 4294 2427 4362 αὐτοῦ,
2485 4293 2594 4345 ἀλλ’
2659 4292 2934 4363 ἀντέκειτο,
2985 4300 3115 4367 φησί
3167 4300 3296 4370 πρὸς
3364 4295 3524 4348 αὐτόν
3575 4295 3598 4345 6
3651 4299 3805 4355 Σωτηετ

2244 4383 2439 4455 Ὕπαγε
2492 4382 2659 4436 ὀπίσω
2721 4403 2841 4456 μου,
2894 4391 3110 4452 Σατανᾶ,
3172 4389 3473 4455 τουτέστιν,
3527 4377 3812 4440 Ἀκουλονθιι

2245 4491 2355 4545 μοι,
2389 4471 2719 4545 ἀντικείμενε.

2318 4559 2610 4615 Σκάνδαλόν
2659 4581 2758 4635 μου
2818 4561 2879 4616 εἶ.
2943 4560 3224 4636 Ἐμπόδιόν
3267 4583 3377 4636 μου
3426 4570 3515 4616 νῦν
3581 4560 3812 4632 ὑπάρχεις»

2247 4651 2585 4724 ἀντικείμενος
2614 4661 2684 4723 τῷ
2708 4652 2811 4724 ἐμῷ
2840 4651 3107 4725 θελήματι.
3133 4651 3257 4707 Εἶτα
3274 4653 3416 4726 λέγει
3443 4658 3534 4705 καὶ
3554 4657 3640 4710 τὴν
3659 4648 3810 4700 αἰτίαν.

2248 4738 2319 4793 δι’
2344 4745 2403 4800 ἦν
2432 4741 2710 4797 ἀντέκειτο,

2316 4828 2432 4882 Ὀτι
2490 4860 2554 4870 -—
2614 4828 2912 4904 ἀνθρώπων.
2973 4838 3155 4896 Τοῦτο,
3207 4837 3364 4903 φησὶ,
3423 4836 3672 4903 πάσχεις,
3710 4823 3819 4878 διότι

2245 4917 2304 4970 οὗ
2363 4926 2556 4991 φρονεῖς
2629 4921 2824 4984 θεῑκώς,
2885 4918 2992 4971 ἀλλ’
3065 4920 3424 4993 ἀνθρωπίνως.
3486 4921 3546 4974 Εἰ
3610 4921 3690 4992 μὲν
3743 4914 3817 4983 γὰρ

2246 5006 2468 5080 έφρόνεις
2522 5004 2650 5075 θεῖα,
2720 5006 2924 5072 ἀνάξιόν
2981 5028 3080 5082 μου
3137 5011 3391 5082 ἐνόμισας
3435 5011 3498 5063 ἄν
3544 5015 3601 5064 τό
3629 5012 3694 5081 μὴ
3721 5004 3822 5056 ἀπο·

2457 5135 2503 5170 ⁰²
2551 5130 2698 5189 ibid.
2764 5137 2850 5190 33.
2931 5135 2977 5170 "
3017 5134 3223 5193 Matth.
3267 5151 3407 5203 ιιι,
3443 5137 3536 5193 13.
3612 5131 3822 5190 “Marc-

1739 5299 1957 5400 Yarize
2003 5300 2328 5372 lectiones
2379 5312 2442 5372 et
2483 5314 2683 5372 notae.

562 5439 676 5520 (2_8)
723 5437 888 5520 Forte
939 5437 1034 5497 hic
1092 5439 1323 5514 excidit,
1353 5461 1426 5500 τι.
1472 5441 1708 5502 Videtur
1760 5444 1822 5502 id
1854 5445 2139 5520 reperisse

487 5511 832 5571 Hentenius.

534 5637 680 5713 -(bb)
711 5638 953 5698 Videtur
991 5639 1220 5714 legisse,
1254 5641 1317 5704 ὡς
1344 5646 1556 5715 γνήσιος
1587 5641 1747 5716 pilos.

2319 5448 2432 5523 (29)
2465 5451 2570 5522 Σὸι,
2603 5449 2834 5508 omittit.
2861 5451 2922 5509 Β.
