3906 6202
163 313 244 372 ⁴τ3
990 306 1364 366 COMMENT.
1412 303 1484 361 IN
1524 293 1668 360 MAT

1844 302 1979 359 .UM.
2021 335 2090 346 —
2127 303 2287 364 CAP.
2334 302 2484 361 XVI.

1082 449 1097 464 ·
1157 431 1265 487 imi
1346 427 1405 486 δε
1461 437 1661 505 φρονεῖς

1844 431 1990 489 πίω·
2009 446 2119 506 pro
2135 431 2355 488 mundo
2378 448 2390 488 :
2406 430 2549 503 quia
2563 436 2703 486 vero
2723 427 2994 485 humana
3013 420 3208 497 sapis,‘
3221 419 3420 494 potius

1766 520 2085 594 indignum
2117 537 2212 578 me
2232 520 2472 593 judicas
2503 519 2609 593 qui
2635 518 2876 576 moriar.

172 442 298 495 θανεῖν
336 454 384 509 με
448 433 558 507 ὗπὶρ
641 439 735 487 τοῦ
805 435 1006 507 κόσμου

165 528 406 602 ἀνθρώπινα,
464 521 658 587 ἁνὰξιόν
713 542 814 597 μου
891 527 1077 600 κρίνεις
1131 522 1320 599 μᾶλλον
1367 525 1427 576 τὸ
1466 520 1658 575 ἀποθα-

162 625 238 671 νεῖν
257 635 320 689 με.

207 709 260 759 Σὺ
282 701 332 758 δέ
365 722 440 776 μοι
483 700 634 776 βλέπε
678 704 767 755 τὸν
814 705 912 776 πρὸ
965 709 1156 778 μικροῦ
1204 701 1406 776 μεγάλα
1440 720 1661 776 μακαρι-

159 795 336 867 ζόμενον,
391 799 466 844 νῦν
524 791 726 865 μεγάλα
775 791 1228 866 ἐπιπληττόμενον,
1290 791 1362 855 εἰς
1407 810 1664 844 καταστο⁴

152 883 220 942 ὶήν
257 901 301 938 τε
347 890 430 944 τῆς
499 881 796 960 παῤῥησίας
871 882 1052 950 αὐτοῦ,
1105 886 1194 934 καὶ
1255 883 1338 934 ἵνα
1387 883 1558 955 μάθῃς
1604 883 1662 933 τό

154 971 543 1044 ἁπροσωπὸληπτον
590 976 682 1024 τοῦ
735 977 986 1047 Σωτῆρος.
1035 969 1160 1025 Ὀτε
1201 973 1292 1045 μὲν
1342 973 1444 1044 γὰρ
1503 968 1663 1046 ὀρθῶς

154 1063 314 1134 (igua,
353 1058 670 1136 έμακὰρεισεν
708 1059 862 1114 αὐτόν
908 1077 921 1091 ⁶
956 1062 1038 1115 ὅτε
1082 1056 1142 1115 δν
1171 1060 1265 1114 οὐκ
1309 1059 1474 1137 ὀρθῶς
1505 1056 1658 1126 εἶπεν,

157 1148 350 1214 ἒπέπληξε.
404 1154 496 1204 Καὶ
559 1148 724 1225 ὀρθῶς
769 1152 859 1224 μὶν
936 1153 1158 1226 εἴρηκεν,
1215 1153 1262 1204 ἓν
1329 1151 1401 1212 οἷς
1459 1148 1662 1203 ἀποκαο

157 1237 265 1309 λυῷιν
297 1240 438 1293 θεόθεν
491 1235 706 1305 έδέξατο
741 1261 754 1274 ·
813 1239 906 1295 οὐκ
956 1239 1123 1317 ὀρθῶς
1176 1235 1235 1294 δε
1289 1237 1444 1307 εἶπεν,
1500 1237 1547 1293 ἄν
1592 1237 1665 1302 οἷς

159 1330 294 1381 οἴκοθεν
313 1326 592 1402 ἕφθέγξατο.

193 1527 288 1578 Τότε
335 1556 395 1567 -
448 1545 564 1599 μοι.
621 1528 829 1602 Μάρκος
881 1523 942 1582 δε
987 1530 1077 1581 καὶ
1135 1533 1338 1589 Λουκᾶς
1391 1547 1521 1602 φασι
1575 1532 1666 1580 καὶ

144 1616 234 1685 πρὸς
273 1616 343 1666 τὸν
411 1615 589 1688 ὄχλον,
662 1621 753 1669 καὶ
804 1615 976 1680 ἁπλῶς
1053 1619 1180 1692 πρὸς
1245 1619 1446 1681 πάντας
1501 1624 1668 1670 ταῦτα

140 1701 256 1756 εἰπεῖν
295 1702 449 1759 αὐτόν.
490 1701 623 1760 Εἶπε
674 1701 734 1759 δε
778 1713 948 1760 ταῦτα
998 1704 1242 1780 βεϐαιῶν,
1293 1708 1374 1760 ὅτι
1425 1706 1483 1760 οὐ
1512 1710 1667 1781 μόνον

3312 292 3420 351 474

1839 722 1923 777 Tu
1940 735 2081 777 vero
2111 719 2259 776 mibi
2280 716 2591 776 considera
2622 730 2759 772 eum
2785 713 2888 786 qui
2913 710 3095 784 paulo
3126 713 3263 765 ante
3294 723 3418 765 ma-

1770 809 1930 866 xime
1959 810 2170 867 beatus
2197 809 2552 881 pradicatus
2571 809 2674 871 est,
2707 820 2861 859 nunc
2879 799 3138 857 maxime
3156 799 3423 869 increpa-

1772 903 1918 963 tum,
1946 904 2002 956 et
2027 898 2104 954 ad
2125 897 2560 969 correptionem
2582 910 2701 949 suae
2723 892 3012 954 audaciae,
3039 894 3100 947 et
3125 893 3189 944 ut
3211 883 3423 943 intelli-

1771 1003 1880 1060 gas
1893 987 2057 1062 quod
2070 988 2470 1044 Salvatornon
2483 983 2960 1055 sitpersonarum
2974 982 3249 1050 acceptor
3264 992 3279 1044 ;
3294 990 3425 1031 cum

1772 1075 1934 1134 enim
1960 1080 2114 1133 recte
2143 1075 2376 1132 locutus
2412 1075 2523 1139 est,
2556 1073 2795 1128 beatum
2834 1067 3176 1142 praedicavit
3207 1065 3374 1120 illum
3407 1080 3422 1130 ;

1772 1165 2014 1238 quando
2041 1169 2235 1222 autem
2263 1179 2383 1220 non
2403 1167 2582 1226 recte,
2604 1158 2956 1232 increpavit.
2984 1160 3156 1214 Recte
3179 1152 3427 1228 quidem

1773 1255 2008 1312 locutus
2024 1255 2181 1310 estin
2201 1253 2290 1308 his
2307 1268 2442 1324 quae
2459 1266 2565 1324 per
2580 1248 2999 1306 revelationem
3025 1244 3308 1304 divinitus
3329 1257 3424 1298 ac-

1774 1345 1930 1419 cepit
1960 1361 1975 1414 ;
2012 1360 2136 1401 non
2183 1348 2340 1400 recte
2375 1357 2512 1398 vero
2542 1340 2779 1398 locutus
2810 1342 2919 1406 est,
2963 1337 3026 1392 in
3050 1327 3163 1392 "his
3213 1348 3346 1406 quae
3390 1346 3428 1389 a

1773 1435 1968 1514 seipso
1997 1433 2162 1491 dixit.

1845 1509 2010 1582 Vers.
2033 1527 2121 1580 24.
2148 1523 2313 1578 Tunc
2327 1550 2397 1562 —
2412 1535 2520 1576 me.
2540 1519 2768 1574 Marcus
2785 1519 2842 1572 et
2863 1517 3048 1571 Lucas
3060 1511 3227 1570 aiunt
3246 1509 3428 1567 etiam

1776 1613 1855 1674 ad
1894 1613 2100 1672 turbas
2131 1617 2187 1668 et
2225 1609 2569 1682 simpliciter
2600 1606 2680 1663 ad
2723 1619 2933 1662 omnes
2968 1603 3095 1659 haec
3136 1599 3305 1656 illum
3343 1597 3429 1654 di-

1775 1705 1934 1761 xisse
1964 1704 2032 1758 ⁹⁸.
2079 1701 2229 1758 Dixit
2258 1705 2459 1756 autem
2487 1697 2635 1761 haec,
2680 1693 3042 1752 conﬁrmans
3073 1705 3193 1745 non
3231 1688 3430 1746 solum

139 1788 205 1840 oi:
237 1793 351 1843 ἔστιν
393 1791 615 1867 ἂπρεπὶς
691 1798 752 1847 τὸ
808 1793 1080 1849 ἀποθανεῖν
1145 1796 1320 1864 αὐτὸν,
1386 1795 1493 1849 ἀλλ’
1543 1792 1668 1850 οὐδὲ

1844 1810 1901 1851 ω
1941 1808 2074 1850 esse
2133 1789 2418 1846 indecens
2463 1791 2528 1845 ut
2567 1787 2695 1860 ipse
2739 1771 3044 1850 moriatur,
3090 1779 3196 1835 sed
3233 1792 3429 1852 neque

137 1873 306 1932 δύναταί
329 1901 398 1944 τις
425 1881 557 1936 εἶναι
614 1883 773 1937 αὐτοῦ
821 1886 1086 1957 μαθηηής,
1141 1884 1224 1939 ἐὰν
1275 1890 1348 1959 μὴ
1395 1889 1485 1939 καὶ
1515 1886 1671 1948 αὐτὸς

136 1965 312 2067 itaer
364 1972 619 2067 t'JTr'lP-‘I‘OYJ
673 1973 852 2028 καλοῦ.
915 1978 973 2030 Εἴ
1027 1995 1100 2036 νις
1149 1977 1272 2050 γὰρ,
1335 1981 1488 2048 φησι,
1539 1974 1669 2029 θέλει

134 2060 261 2110 ὀπίσω
313 2079 406 2133 μου
479 2060 666 2132 ἐλθεῖν,
743 2066 924 2135 ἤγουν,
1008 2061 1364 2125 ἀκολουθῆσαί
1416 2084 1526 2138 μοι,
1605 2066 1670 2126 ὡς

133 2148 317 2214 μαθητὴς
370 2155 453 2204 καὶ
530 2156 794 2226 μιμητὴς,
849 2151 1246 2228 ἀπαρνησάσθω
1299 2154 1478 2208 ἑαυτὸν
1532 2154 1668 2228 (30),

133 2233 228 2304 λὴω
248 2231 325 2304 δὴ,
372 2243 425 2292 τὸ
468 2239 661 2293 ἑαυτοῦ
717 2240 931 2316 θᾶημα,
987 2245 1046 2296 τὸ
1095 2240 1391 2316 φιλήδονον,
1439 2247 1498 2296 τὸ
1530 2241 1670 2317 φιλό-

132 2323 294 2395 {063,15
322 2331 373 2380 τὸ
416 2327 608 2382 ἐαυτοῦ
665 2338 838 2404 σῶμα,
884 2336 956 2404 μὴ
1011 2329 1310 2405 φειδόμενος
1361 2332 1520 2386 αὐτοῦ
1566 2352 1666 2386 κα-

128 2421 420 2488 κουχουμένου
460 2424 556 2472 καὶ
601 2418 1042 2492 βασανιζομένου,
1089 2420 1196 2476 ἀλλ’
1245 2419 1494 2486 ἐκδιδοὺς
1538 2422 1666 2476 αὐτό

125 2499 327 2567 κινδύνοις
378 2524 392 2538 ·
448 2514 541 2562 καὶ
598 2506 774 2584 ἀράτω
841 2514 926 2564 τὸν
979 2516 1202 2586 σταυρὸν
1270 2512 1450 2579 αὐτοῦ,
1506 2516 1665 2586 ἤγουν

128 2589 380 2664 βαπαξέτω
433 2595 516 2652 ἐπὶ
574 2603 786 2671 μνήμης
851 2604 946 2659 τὴν
1001 2598 1263 2675 ἀναίρεσιν
1315 2601 1520 2656 εαυτοῦ.
1572 2604 1669 2656 Διᾶ

126 2687 196 2782 τοῦ
218 2693 412 2760 σταυροῦ
456 2690 569 2764 γὰρ
625 2692 720 2748 τὴν
773 2688 1034 2766 ἀναίρεσιν
1089 2687 1338 2759 ἐδήλωσε,
1376 2689 1517 2745 διότι
1551 2695 1666 2746 τότε

131 2772 373 2844 ἀναιρέσεως
417 2772 477 2836 ἦν
523 2781 750 2852 ὄργανον
787 2779 814 2832 ὁ
861 2783 1087 2856 σταυρὸς
1143 2797 1157 2810 ο
1191 2779 1270 2835 ἀεὶ
1314 2778 1665 2856 προσδοκάτω

1779 1900 1956 1958 posse
1981 1881 2328 1956 quempiam
2353 1895 2531 1935 suum
2557 1892 2688 1933 esse
2718 1873 3095 1946 discipulum,
3119 1869 3232 1926 nisi
3257 1872 3314 1925 et
3331 1868 3430 1925 ille

1779 1974 2069 2032 moriatur
2094 1988 2202 2044 pro
2225 1972 2479 2027 honesto
2509 1985 2521 2024 :
2547 1967 2614 2025 Si
2634 1964 2783 2038 quis,
2810 1962 3022 2035 inquit,
3045 1961 3172 2018 vult
3198 1964 3432 2029 postme

1779 2063 2128 2133 venire,sive
2141 2059 2308 2133 sequi
2324 2074 2417 2114 me
2431 2063 2722 2129 tanquam
2737 2051 3062 2124 discipulus
3075 2048 3423 2113 etimitator,

1779 2153 2019 2224 abneget
2037 2145 2552 2221 semetipsum,dico
2569 2160 2712 2202 sane
2726 2142 2816 2198 sui
2830 2140 3022 2216 ipsius
3037 2137 3424 2203 voluntatem;

1776 2243 2220 2315 volumptatum
2243 2255 2309 2294 ac
2330 2238 2464 2294 vita:
2481 2250 2772 2298 amorem,
2793 2235 2895 2288 aut
2918 2245 3093 2285 suum
3117 2227 3428 2301 proprium

1775 2349 2012 2406 corpus,
2035 2346 2154 2387 non
2170 2343 2418 2403 parcens
2431 2325 2512 2381 illi
2525 2320 2820 2381 laboranti
2832 2325 2887 2377 et
2899 2319 3116 2382 afﬁcto,
3133 2317 3429 2388 sedexpo-

1774 2404 1894 2480 nati
1916 2420 2062 2478 illud
2087 2415 2364 2492 periculis
2396 2433 2410 2484 ;
2444 2421 2500 2472 et
2529 2415 2698 2471 tollat
2725 2426 2955 2468 crucem
2983 2424 3170 2475 suam,
3205 2406 3329 2462 sive
3349 2404 3430 2462 fe-

1773 2511 1938 2570 ratin
1952 2508 2244 2567 memoria
2254 2522 2426 2563 suam
2442 2507 2715 2561 mortem.
2730 2502 2839 2558 Per
2849 2514 3086 2556 crucem
3103 2496 3260 2553 enim
3278 2511 3428 2552 mor-

1774 2606 1893 2660 tem
1907 2599 2278 2673 signiticavit,
2293 2597 2436 2671 quia
2448 2600 2589 2652 tunc
2605 2591 2812 2649 mortis
2828 2589 3289 2646 instrumentum
3303 2587 3428 2642 erat

1776 2707 1922 2748 crux
1955 2691 1975 2759 ς’
2001 2703 2238 2762 semper
2267 2686 2360 2744 sui
2386 2684 2575 2759 ipsius
2602 2681 2823 2740 caedem
2868 2680 3151 2753 expectet,
3187 2689 3428 2748 semper

1775 2779 1855 2838 ad
1894 2783 2148 2838 mortem
2175 2781 2423 2854 paratus
2457 2775 2529 2832 sit
2577 2777 2634 2831 et
2665 2769 2934 2846 quotidie
2959 2766 3265 2825 voluntate
3294 2779 3429 2821 mo-

122 2862 194 2917 τήν
238 2868 408 2936 σφαγὴν
487 2864 703 2934 ἑαυτοῦ,
769 2869 987 2922 πάντοτε
1046 2869 1250 2944 ἕτοιμος
1329 2873 1462 2926 ἔστω
1537 2873 1664 2947 πρὸς
1769 2869 1975 2928 riatur.

123 2949 310 3051 eam»,
383 2960 469 3009 καὶ
523 2957 861 3017 καθεκάστην
921 2957 1294 3020 ἀποθνησκέτω
1344 2968 1407 3036 τῇ
1472 2980 1663 3037 προαι-

116 3055 240 3109 pem.

1843 3046 1971 3104 Alio
1996 3046 2174 3103 etiam
2207 3043 2389 3102 modo
2414 3056 2673 3117 prasens
2690 3039 2916 3097 dictum
2947 3035 3313 3109 interpretati
3335 3050 3430 3092 su-

173 3134 254 3217 Κᾳὶ
302 3130 470 3209 ἑτέρως
525 3131 595 3188 δί
650 3137 708 3189 τὸ
761 3141 924 3212 παρὸν
979 3143 1376 3215 ηρμηνεύσαμεν
1415 3142 1576 3217 ῥητὸν
1615 3140 1664 3194 έν

1844 3153 1914 3193 us
1939 3133 2173 3193 decimo
2196 3149 2356 3190 nono
2381 3132 2593 3205 capite.
2619 3130 2764 3188 Vide
2781 3135 2983 3186 autem
2998 3125 3308 3200 quomodo
3339 3124 3432 3181 di-

118 3224 170 3286 τῷ
213 3216 634 3296 ἐννεακαιδεκάτῳ
708 3226 988 3300 κεφαλαίῳ.
1053 3234 1235 3283 Σκόπει
1296 3227 1375 3297 δὲ,
1419 3216 1540 3295 πῶς
1600 3231 1668 3286 εἶ-

309 3329 380 3373 τις
427 3312 586 3382 θέλει,
647 3315 746 3368 κᾶν
797 3314 947 3390 ἀνὴρ,
1002 3319 1098 3370 κᾶν
1143 3323 1298 3391 γυνὴ,
1335 3319 1431 3373 κάν
1460 3321 1663 3396 ἅρχων»

115 3403 474 3472 ιέυάρχὸμενος
506 3422 520 3436 ·
582 3407 690 3469 καὶ,
747 3403 830 3457 ἐὰν
863 3405 978 3479 θέλῃ
1043 3424 1056 3438 ³
1107 3405 1296 3461 οὐδένα
1321 3411 1424 3485 γὰρ
1476 3408 1669 3464 ἄκοντα

113 3491 441 3587 Wa
496 3509 512 3522 ·
542 3493 666 3587 ’ἵνα
707 3489 768 3547 δε
820 3499 891 3567 μὴ
945 3501 1189 3571 νομίσῃς,
1250 3499 1328 3552 ὅτι
1383 3502 1443 3552 τὸ
1494 3506 1668 3562 κακῶς

115 3579 304 3681 ξάσᾉειν
337 3585 484 3681 μόνον
530 3579 704 3681 ἇιρκεῖ·
757 3589 845 3637 καὶ
895 3587 994 3658 γὰρ
1045 3591 1137 3640 καὶ
1186 3586 1380 3661 λῃσταί
1425 3593 1515 3642 καὶ
1540 3609 1668 3662 τυμ-

113 3660 308 3738 ϐωρύχοι
355 3675 443 3724 καὶ
496 3674 689 3743 γόητες
744 3677 834 3726 καὶ
887 3674 1034 3728 ἄλλοι
1086 3660 1306 3752 πονηροὶ
1361 3660 1668 3751 πάσχουσι-

114 3758 248 3856 ξξρία
293 3771 306 3786 ⁸
336 3762 688 3856 προσέθηκεν,
752 3763 834 3816 ὅτι
885 3768 984 3818 Καὶ
1048 3763 1391 3821 ἁκολουθειτω
1445 3787 1556 3841 μοι,
1587 3765 1669 3822 διο

112 3835 302 3945 δάσκιον,
330 3847 408 3945 5r...
460 3854 593 3945 χρὴ.
630 3855 701 3923 μὴ
757 3856 910 3924 μόνον
964 3861 1184 3908 τοιαῦτα
1235 3835 1486 3929 πάσχειν.
1541 3835 1671 3911 αλλὰ

115 3934 189 4020 ui
211 3933 470 3990 ἂκολουθείν
523 3937 692 4010 αὐτῷ,
742 3945 998 4015 τουτέστι,
1027 3945 1141 3996 κατ’
1168 3948 1320 4018 ἴχνος
1350 3945 1547 4020 βαίνειν
1574 3955 1672 4011 τῆς

111 4016 326 4086 πολιτείας
349 4026 532 4088 αὐτοῦ,

167 4107 247 4198 ᾯς
276 4143 336 4156 -
385 4117 580 4176 αὐτὴν.
633 4121 824 4192 Εἱρηκε
878 4129 1046 4176 ταῦτα
1114 4129 1205 4178 καὶ
1261 4125 1312 4179 ἐν
1385 4134 1458 4198 τῷ
1506 4127 1667 4182 ἐννεα-

410 4205 700 4280 κεφαλαίῳ,
783 4213 874 4263 καὶ
948 4212 1180 4273 ζήτησον
1250 4213 1300 4267 έν
1358 4192 1528 4289 ἐκείνῳ
1575 4222 1671 4276 τήν

112 4291 266 4390 rain—nr
297 4291 567 4390 iﬁqnau,
600 4298 816 4373 Μάρκος
854 4297 916 4354 δέ
960 4321 1139 4374 φησιν,
1187 4301 1383 4359 Ἐνεκεν
1426 4304 1551 4380 ἐμοῦ
1579 4311 1670 4361 καὶ

111 4381 186 4471 τον
210 4379 523 4471 εὐαγγελίου,
573 4391 838 4457 τουτέστι,
887 4385 960 4443 δι’
1008 4389 1094 4465 ἔμε
1132 4398 1224 4447 καὶ
1265 4390 1360 4449 διὰ
1417 4379 1512 4456 τῆν
1542 4394 1668 4471 έμὴν

111 4457 435 4530 διδασκαλίαν,

143 4553 223 4654 .Ti
396 4593 481 4658 -ἶ
525 4568 768 4658 ζημιωθῇ
812 4584 826 4634 ;
916 4565 1197 4626 Ἀδύνατον
1269 4577 1360 4648 μὲν
1412 4576 1498 4629 ἕνα
1555 4581 1670 4632 τινὰ

111 4652 394 4748 totaeque-1
438 4652 560 4706 ὅλον
612 4652 914 4730 κερδῆσαιο
969 4659 1013 4712 εἰ
1061 4657 1120 4714 δὲ
1171 4666 1260 4716 καὶ
1318 4661 1536 4719 δυνατὸν
1584 4665 1666 4740 ἦν,

112 4747 232 4830 9:401:
253 4737 433 4830 σφιλος,
479 4746 564 4796 Τὰ
620 4747 710 4816 μὶν
758 4748 860 4820 γὰρ
915 4755 1006 4800 τοῦ
1061 4754 1264 4826 κόσμου
1307 4757 1478 4810 πάντα
1508 4737 1670 4818 θνητᾶ

113 4825 232 4928 tim,
259 4828 296 4928 ἡ,
337 4825 396 4883 δὲ
431 4831 596 4905 ψυχὴ
649 4831 920 4928 ἀθάνανος.
960 4843 1087 4928 ,Καὶ
1139 4844 1337 4895 τούτων
1367 4848 1456 4917 μὲν
1495 4849 1525 4906 ἡ
1560 4851 1669 4924 τέρ-

217 4919 520 5016 προσκαιξος
555 4937 569 4952 ⁸
603 4925 797 4985 ταύτης
837 4923 898 4979 δέ
943 4927 975 4986 ἠ
1012 4928 1243 4993 κόλασις.
1285 4933 1511 4999 αἰώνιος.
1544 4919 1671 4992 Εἶτα

109 5007 324 5106 figuris
353 5007 534 5106 φὸςον.
585 5013 748 5067 Εἶωθε
789 5015 890 5091 γὰρ
934 5015 1159 5074 ἐντεῦθεν
1209 5021 1401 5094 μᾶλλον
1432 5023 1668 5098 βελτιοῦν

104 5100 201 5153 τοὺς
224 5100 469 5170 ἀκροατάς
473 5137 492 5168 ⁸

160 5279 201 5314 ’³
226 5280 391 5340 Marc.
423 5302 548 5352 vm,
589 5288 658 5348 3';
688 5305 702 5357 ;
745 5290 883 5363 Luc,
912 5310 996 5354 ix.
1029 5301 1117 5355 23.
1197 5302 1246 5337 "
1271 5253 1445 5360 Marc.
1489 5323 1606 5375 vm,
1640 5311 1733 5368 35.

1774 3226 1920 3285 xerit
1943 3242 1956 3283 :
1986 3225 2054 3282 Si
2067 3223 2200 3298 quis
2226 3223 2371 3288 vult,
2394 3222 2518 3278 sive
2537 3221 2646 3287 vir,
2676 3219 2800 3276 sive
2823 3217 3052 3282 mulier,
3077 3217 3200 3271 sive
3218 3214 3427 3288 praesi-

1776 3317 1943 3383 dens,
1962 3295 2200 3388 sive—qui
2225 3313 2376 3370 alius
2397 3310 2692 3386 praesidet,
2714 3308 2762 3365 si
2783 3307 2943 3364 velit:
2961 3295 3430 3362 neminem'enim

1776 3407 2024 3464 invitum
2050 3405 2226 3476 cogit.
2259 3404 2341 3460 Ne
2361 3406 2543 3475 putes
2572 3403 2773 3457 autem
2803 3395 2969 3472 quod
3001 3394 3159 3450 mala
3187 3391 3312 3466 pati
3333 3407 3432 3449 so-

1775 3497 1901 3554 lum
1929 3494 2204 3564 sufﬁciat,
2243 3509 2387 3550 nam
2417 3496 2473 3548 et
2495 3491 2758 3547 latrones
2792 3492 2850 3544 et
2881 3482 3326 3560 depraedatores
3357 3496 3429 3539 ac

1778 3585 1960 3659 magi,
1983 3584 2201 3659 aliique
2218 3583 2381 3656 pravi
2401 3581 2675 3638 homines
2694 3579 3013 3636 innumera
3025 3572 3432 3646 malapatiun—

1777 3681 1891 3744 tur,
1928 3673 2165 3732 addidit
2198 3691 2212 3730 :
2244 3674 2322 3730 Et
2352 3677 2625 3745 sequatur
2662 3684 2772 3736 me,
2809 3667 3030 3724 docens
3071 3680 3192 3721 non
3231 3661 3429 3720 solum

1777 3769 2051 3839 oportere
2079 3763 2222 3821 talia
2253 3764 2393 3836 pati,
2436 3761 2542 3818 sed
2566 3760 2746 3818 etiam
2779 3773 2840 3816 se
2865 3756 3056 3830 sequi,
3086 3755 3200 3812 hoc
3224 3758 3311 3811 est
3330 3765 3431 3826 per

1777 3853 2026 3928 vestigia
2056 3853 2525 3914 conversationis
2547 3851 2736 3926 ipsius
2755 3849 3047 3907 incedere.

1851 4041 2008 4096 Vers.
2041 4043 2132 4096 25.
2177 4034 2420 4107 Quiqui:
2448 4063 2518 4074 -—
2547 4047 2692 4089 eam.
2724 4028 2873 4086 Dixit
2902 4027 3082 4083 etiam
3112 4024 3239 4080 haec
3277 4021 3432 4079 deci-

1781 4146 1880 4188 mo
1909 4143 2072 4186 nono
2094 4126 2288 4200 capite
2320 4141 2334 4181 :
2362 4138 2559 4197 quaere
2579 4136 2721 4192 ergo
2742 4118 2824 4175 ibi
2844 4118 3058 4175 horum
3085 4115 3432 4186 interpreta-

1779 4221 2020 4280 tionem.
2043 4220 2269 4276 Marcus
2285 4219 2480 4271 autem
2501 4210 2645 4268 dixit
2666 4227 2680 4267 :
2714 4212 2963 4280 Propter
2981 4221 3061 4261 me
3080 4209 3135 4259 et
3153 4203 3433 4271 Evange-
3498 4229 3502 4232 -

1779 4311 1920 4368 lium
1977 4309 2047 4377 ³⁸,
2107 4306 2221 4364 hoc
2273 4307 2362 4360 est
2415 4305 2659 4376 propter
2704 4313 2801 4355 me
2853 4300 2911 4353 et
2963 4309 3160 4352 meam
3217 4288 3429 4348 doctri-

1779 4416 1944 4458 nam.

1698 4499 1742 4556 ι)
1847 4490 2012 4546 Vers.
2061 4485 2148 4542 26.
2193 4481 2348 4554 Quid
2385 4482 2540 4541 enim
2571 4511 2638 4523 —
2669 4479 2959 4553 facturam
2999 4470 3211 4546 fecerit
3248 4471 3276 4529 τ
3318 4474 3431 4525 Im-

1778 4578 2060 4656 p'ossibile
2089 4575 2335 4650 quidem
2384 4575 2475 4630 est
2519 4569 2870 4645 quempiam
2907 4570 3099 4622 totum
3135 4559 3431 4656 mundum

1779 4651 2121 4728 lucrifacere
2161 4683 2175 4735 ;
2207 4665 2254 4722 si
2294 4671 2497 4721 tamen
2534 4658 2802 4735 possibile
2849 4656 3017 4722 foret,
3063 4651 3229 4710 nulla
3278 4652 3432 4708 esset

1780 4760 2017 4818 utilitas.
2043 4755 2346 4831 Siquidem
2373 4752 2575 4810 omnia
2591 4764 2727 4824 quae
2747 4745 2957 4804 mundi
2983 4748 3140 4814 sunt,
3159 4740 3433 4799 mortalia

1779 4855 1935 4916 sunt,
1968 4848 2172 4906 anima
2201 4859 2344 4902 vero
2381 4838 2735 4900 immortalis
2766 4853 2779 4894 ε
2813 4842 2870 4895 et
2904 4836 3121 4893 horum
3153 4848 3299 4890 sane
3333 4831 3433 4888 de-

1776 4940 2009 4998 lectatio
2030 4933 2394 5010 temporalis,
2416 4933 2569 4990 illius
2586 4945 2729 4988 vero
2752 4925 3114 5001 supplicium
3131 4923 3433 4997 sempiter-

1778 5045 1945 5088 num.
1995 5026 2216 5086 Deinde
2258 5027 2432 5098 auget
2472 5025 2533 5080 et
2575 5025 2883 5079 terrorem.
2929 5015 3087 5078 Inde.
3115 5015 3276 5073 enim
3312 5012 3435 5086 ple

1777 5135 2034 5196 rumqne
2062 5117 2336 5178 meliores
2363 5113 2613 5174 reddere
2638 5110 2786 5171 solet
2812 5108 3128 5168 auditores.

1282 5481 1507 5558 Variae
1541 5483 1871 5559 lectiones
1905 5496 1974 5558 et
2001 5495 2200 5558 notae.

157 5651 262 5723 (ac)
289 5655 414 5729 Καὶ,
440 5663 600 5730 mle,
623 5663 772 5740 λέγω,
814 5660 1003 5731 additi
1042 5674 1107 5733 Α.
1167 5703 1176 5716 -
