3906 6202
461 272 565 332 475

531 397 694 454 Vers.
732 399 821 452 26.
862 395 985 450 Aut
1012 421 1082 434 -
1107 405 1217 448 sua
1241 391 1269 448 Ἰ
1319 389 1375 446 Si
1411 388 1573 444 enim
1617 400 1814 458 neque
1854 380 2120 440 mundus
2153 377 2201 433 A

462 489 620 543 totus
637 482 1108 555 correspondens
1131 484 1217 534 est
1237 477 1455 533 animae
1475 473 1772 543 rationali,
1793 471 1940 546 quid
1958 469 2123 526 dabit

460 573 760 646 quispiam
775 567 1259 628 commutationis
1287 574 1348 622 ut
1365 567 1520 622 hanc
1546 565 1623 620 ab
1649 569 1869 618 aeterno
1892 559 2122 632 suppli-

462 663 552 718 cio
566 661 982 734 eripiat?Certe
995 658 1161 714 nihil.
1178 657 1468 714 Omnibus
1482 655 1677 725 itaque
1691 652 1929 720 relictis,
1944 649 2121 720 hujus

461 767 669 807 curam
721 751 937 806 habere
982 748 1170 804 solius
1220 750 1474 817 oportet,
1529 745 1701 814 cujus
1747 743 1982 812 jactura
2037 744 2124 797 est

461 840 716 896 maxime
739 837 1023 902 mortalis,
1045 841 1101 892 et
1122 836 1200 891 ob
1231 851 1415 906 quam
1435 833 1728 906 perditam
1751 831 1912 886 nulla
1925 834 2123 903 potest

460 931 590 987 dari
621 928 1027 985 commutatio.
1061 929 1130 982 Ut
1158 930 1357 981 autem
1391 925 1621 979 discant
1650 922 1808 995 quod
1839 921 2122 993 segnibus

460 1035 584 1075 non
625 1034 749 1074 sme
784 1017 1006 1072 ultione
1036 1016 1143 1071 erit
1187 1030 1297 1069 sua
1329 1012 1624 1082 segnities,
1671 1027 1863 1082 neque
1897 1010 2122 1066 sedulis

469 1109 720 1181 praemio
759 1105 984 1162 carebit
1023 1119 1132 1159 sua
1174 1103 1480 1169 sedulitas,
1524 1109 1707 1175 utque
1741 1100 1828 1157 illi
1864 1100 2122 1172 amplius

459 1201 808 1260 terreantur,
843 1195 905 1250 bi
944 1208 1083 1250 vere
1114 1193 1411 1264 majorem
1452 1191 1750 1263 accipiant
1775 1189 2123 1246 consolatio-

460 1301 622 1355 nem,
663 1284 804 1340 dicit
840 1298 854 1340 :

532 1376 704 1429 Vers.
762 1373 849 1427 27.
882 1370 1070 1426 Filius
1099 1401 1168 1410 -—
1215 1375 1492 1440 operatus
1521 1377 1624 1426 est.
1661 1367 1846 1426 Simul
1877 1367 2125 1424 demon-

462 1463 666 1519 stravit
690 1461 853 1534 quod
885 1459 1160 1517 eamdem
1212 1459 1431 1516 habeat
1462 1477 1600 1516 cum
1632 1459 1801 1515 Patre
1847 1457 2119 1528 gloriam.

463 1553 533 1609 In
560 1552 770 1623 gloria,
794 1549 1004 1621 inquit,
1028 1549 1212 1621 patris
1237 1549 1346 1606 sui.
1379 1549 1552 1616 Quod
1581 1549 1625 1604 si
1645 1547 1920 1604 eamdem
1946 1547 2123 1603 habet

465 1641 737 1713 gloriam,
761 1642 1035 1711 ejusdem
1067 1641 1269 1713 utique
1295 1637 1640 1694 substantiae
1667 1642 1824 1693 estet
1844 1637 2121 1709 potentia:

1783 250 2122 314 EUTHYMI]

2229 248 2503 308 IGABENI
3645 259 3724 316 4⁵16

2303 375 2372 429 Ἦ
2416 376 2576 430 αὐτοῦ
2618 394 2630 444 ;
2690 378 2750 432 Εἰ
2804 380 2902 453 γὰρ
2948 374 3063 432 οὔδ’
3116 379 3141 430 ό
3202 377 3392 450 σύμπας
3445 382 3609 452 κόσμος
3653 382 3721 439 ἀντ

2233 465 2374 529 άξιός
2418 465 2531 519 ἐστι
2575 467 2764 539 ψυχῆς
2803 468 3034 541 λογικῆς,
3083 472 3134 521 τί
3178 464 3329 520 δώσει
3357 471 3428 529 τίς
3460 467 3738 543 ἀντάλλαγμα,

2232 558 2365 608 ὥστε
2410 559 2604 614 ταύτην
2651 556 2912 620 ἐξελέσθαι
2957 566 3052 619 τῆς
3105 557 3304 609 αἰωνίου
3355 557 3609 625 κολάσεωςς
3653 559 3742 612 Ὀν-

2230 665 2331 707 τως
2377 642 2548 700 οὐδέν.
2600 650 2796 699 Λοιπὸν
2847 643 2934 698 οὖν
2987 651 3122 722 χρὴ,
3173 649 3361 698 πάντων
3394 646 3629 718 ἀφεμένους
3667 657 3740 700 τῶν

2231 733 2412 803 ἄλλων,
2496 737 2692 797 ταύτης
2771 735 3124 808 ἐπιμελεῖσθαι
3201 741 3366 808 μόνης,
3424 736 3481 797 ἧς
3539 738 3562 793 ἡ
3615 737 3741 808 ζημία

2229 827 2570 896 καιριωτάτη,
2645 830 2734 878 καὶ
2793 826 2857 887 ἧς
2905 825 3242 897 ἀπολομένης,
3305 824 3389 875 οὐκ
3435 827 3534 876 ἔστι
3581 822 3739 877 δοῦναι-

2233 911 2582 985 ἀντάλλαγμα.
2639 913 2751 967 Ἰνα
2803 911 2862 968 δὲ
2925 916 3155 987 μάθοιεν,
3210 916 3286 966 ὅτι
3332 917 3436 966 οὔτε
3489 920 3578 974 τοῖς
3622 915 3739 987 ῥᾳθύ-

2228 1022 2348 1074 μοις
2401 1001 2726 1078 ἀτιμώρητον
2780 1007 2927 1057 ἔσται
2957 1007 3015 1056 τὸ
3039 1005 3288 1080 ῥᾴθυμον,
3335 1006 3436 1055 οὔτε
3484 1010 3577 1064 τοῖς
3611 1021 3740 1054 σπον-

2234 1088 2408 1153 δαίοις
2458 1091 2744 1166 ἀγέραστον
2798 1096 2855 1145 τὸ
2923 1090 3232 1160 σπουδαῖον,
3289 1095 3370 1144 καὶ
3411 1093 3484 1143 ἵνα
3525 1091 3592 1143 ἐπὶ
3632 1091 3740 1144 πλέον

2233 1179 2410 1234 ἐκεῖνοι
2496 1184 2584 1255 μεν
2664 1181 2984 1256 φοϐηθῶσιν,
3057 1182 3200 1235 οὗτοι
3257 1178 3312 1234 δὲ
3385 1183 3739 1255 παρηγορηθῶσι,

2235 1276 2407 1342 φησί’

2305 1359 2488 1413 Μέλλει
2518 1391 2587 1402 -
2628 1363 2763 1413 κατὰ
2808 1365 2902 1420 τὴν
2946 1361 3134 1436 πρᾶξιν
3204 1359 3374 1413 αὐτοῦ.
3419 1359 3544 1430 Ἀμα
3573 1358 3741 1425 ἐνέφηνε,

2232 1454 2322 1501 καὶ
2352 1451 2431 1501 ὅτι
2461 1457 2556 1511 τῆς
2586 1449 2748 1511 αὐτῆς
2773 1457 2844 1520 τῷ
2885 1455 3052 1525 Πατρὶ
3097 1446 3257 1512 δόξης
3289 1448 3436 1504 ἐστίν.
3464 1448 3535 1500 Ἐν
3571 1456 3620 1519 τῇ
3649 1443 3740 1518 δόξῃ

2230 1541 2352 1610 γὰρ,
2387 1544 2538 1610 φησὶ,
2589 1546 2679 1591 τοῦ
2721 1544 2921 1614 Πατρός
2962 1539 3140 1592 αὑτοῦ.
3176 1539 3238 1591 Εἰ
3268 1536 3323 1590 δὲ
3351 1545 3438 1599 τῆς
3464 1537 3602 1596 αὐτῆς
3626 1531 3743 1596 δόξης

2232 1629 2363 1693 εστὶ»
2387 1637 2481 1689 τῆς
2529 1628 2689 1690 αὐτῆς
2718 1630 2820 1701 ἄρα
2870 1634 2959 1682 καὶ
3008 1629 3188 1689 ούσίας
3219 1626 3346 1695 ἐστὶ,
3393 1625 3474 1678 καί
3519 1621 3741 1695 δυνάμεως,

463 1712 532 1789 ac
558 1729 881 1787 divinitatis
916 1747 928 1787 :
958 1712 1217 1805 quorum
1250 1729 1407 1784 enim
1436 1727 1623 1798 gloria
1647 1731 1737 1783 est
1757 1726 1988 1794 eadem,
2018 1726 2122 1783 bo-

2230 1723 2319 1769 χαὶ
2353 1718 2606 1778 θεότητος.
2640 1717 2735 1770 Ὧν
2763 1720 2864 1793 γὰρ
2894 1714 3024 1781 δόξα
3072 1719 3101 1776 ἠ
3151 1717 3304 1786 αύτὴ,
3354 1718 3528 1768 τούτων
3565 1712 3641 1786 ἆρα
3675 1715 3740 1762 καὶ

460 1835 616 1887 rum,
660 1824 716 1876 et
745 1826 949 1876 caetera
974 1835 1218 1894 quoque
1252 1821 1391 1872 sunt
1423 1823 1656 1872 eadem.

534 1926 704 1984 Vers.
730 1928 818 1983 28.
837 1930 1025 1985 Amen
1041 1927 1179 1984 —in
1199 1942 1363 1997 regno
1387 1941 1508 1980 suo.
1530 1924 1853 1996 Potsquam
1876 1924 1950 1980 de
1973 1923 2124 1996 seip-

464 2031 530 2071 so
557 2014 724 2081 dixit,
753 2016 919 2088 quod
944 2017 1206 2072 futurum
1246 2018 1333 2070 est
1361 2022 1424 2069 ut
1455 2013 1653 2068 veniat
1683 2012 1740 2067 in
1765 2012 1953 2081 gloria
1984 2029 2121 2069 cum

464 2104 732 2161 satellitio
758 2121 826 2160 ac
849 2107 1132 2162 comitatu
1146 2101 1617 2177 etpraamissione
1636 2101 2008 2170 angelorum,
2029 2119 2124 2157 co—

465 2194 628 2266 gnito
641 2194 806 2266 quod
824 2195 1097 2268 discipuli
1112 2195 1185 2250 de
1202 2195 1316 2250 hoc
1336 2208 1611 2249 sermone
1630 2191 1969 2247 difﬁderent
1986 2208 2124 2248 con-

462 2283 663 2339 ﬁrmat
683 2283 849 2339 illum
877 2283 1244 2356 praemittens
1268 2284 1402 2355 (cc),
1435 2282 1599 2354 quod
1630 2297 1751 2336 non
1785 2281 1970 2338 multo
1993 2287 2124 2353 post

461 2373 712 2446 quidam
761 2389 823 2428 se
852 2374 1030 2429 visuri
1061 2377 1253 2428 essent
1282 2373 1343 2427 in
1383 2371 1570 2441 gloria
1605 2392 1615 2435 ;
1649 2371 1806 2426 hanc
1843 2371 2003 2428 enim
2038 2388 2125 2427 re-

464 2475 652 2530 gnum
673 2476 828 2516 nunc
855 2462 1099 2517 vocavit.
1132 2460 1521 2531 Signiﬁcabat
1549 2464 1751 2515 autem
1783 2475 1905 2515 sua:
1935 2464 2122 2515 trans-

461 2549 834 2605 formationis
876 2549 1279 2622 splendorem,
1308 2566 1490 2621 quem
1524 2554 1660 2620 post
1683 2550 1859 2603 breve
1887 2553 2121 2620 tempus

462 2638 973 2695 demonstraturus
991 2645 1114 2695 erat
1147 2643 1332 2705 Petro,
1357 2639 1583 2694 Jacobo
1603 2643 1656 2692 et
1682 2640 1894 2692 Joanni
1929 2654 1941 2693 :
1976 2654 2120 2694 nam

462 2727 536 2784 de
564 2728 656 2783 bis
677 2728 822 2784 dixit
854 2748 868 2789 :
897 2730 1053 2784 Sunt
1072 2728 1310 2800 quidam
1344 2728 1439 2783 hic
1458 2733 1694 2782 stantes.
1723 2728 1993 2798 Regnum
2018 2744 2121 2783 au-

461 2820 581 2872 tem
594 2834 770 2873 suum
791 2817 915 2873 sive
938 2817 1190 2887 gloriam
1207 2832 1396 2881 suam,
1422 2814 1802 2886 splendorem
1824 2815 1988 2871 illum
2013 2832 2116 2872 no-

463 2906 734 2970 minavit,
776 2924 910 2962 cum
962 2923 1083 2978 quo
1128 2905 1519 2977 postmodum
1569 2905 1967 2960 descensurus
2010 2911 2115 2973 est,

462 2995 696 3065 quando
722 2995 924 3050 reddet
944 2995 1265 3067 unicuique
1274 2996 1291 3064 j
1305 3000 1445 3050 uxta
1462 2994 1520 3049 id
1537 2994 1699 3067 quod
1715 3000 1993 3066 operatus
2009 3001 2115 3052 est.

462 3083 804 3139 Venientem
826 3099 965 3139 vero
997 3082 1164 3156 dixit,
1193 3083 1309 3140 hoc
1330 3087 1418 3140 est
1447 3090 1856 3156 apparentem.

619 3297 774 3353 CAP.
803 3297 1022 3352 XXXIV-
1047 3297 1132 3354 De
1155 3297 1669 3368 transformatione
1702 3299 1948 3358 Christi.

531 3384 683 3440 CAP.
718 3386 852 3441 XVII
885 3387 1044 3440 Vers.
1085 3391 1131 3441 1.
1165 3387 1240 3442 Ει
1261 3394 1388 3456 post
1417 3418 1472 3430 —
1499 3389 1653 3458 ejus.
1703 3389 1894 3446 Lucas
1919 3393 2120 3447 autem

461 3474 649 3530 dixit:
683 3476 823 3530 Post
847 3483 973 3530 orto
1000 3477 1069 3542 '7,
1103 3487 1213 3531 nec
1261 3482 1461 3532 tamen
1505 3479 1835 3533 contrarius
1879 3483 1984 3535 est.
2036 3480 2121 3536 Si-

458 3563 706 3636 quidem
745 3563 1166 3620 annumeravit
1192 3563 1289 3619 ille
1321 3569 1378 3620 et
1406 3565 1560 3620 duos
1587 3566 1714 3621 dies
1745 3566 1912 3634 alios,
1958 3568 2119 3625 hunc

459 3651 726 3707 videlicet
749 3652 914 3724 quod
938 3651 1223 3724 prmdicta
1239 3651 1474 3707 locutus
1494 3659 1581 3708 est
1600 3654 1768 3709 Jesus
1786 3654 2116 3727 discipulis,

461 3745 516 3798 et
545 3756 678 3797 eum
710 3756 832 3813 quo
873 3740 1004 3796 illos
1035 3741 1360 3813 assumpsit
1394 3741 1744 3807 ;Matth&3us
1782 3760 1919 3799 vero
1952 3749 2121 3802 utro-

461 3846 577 3903 que
591 3831 1006 3903 prtetermisso,
1028 3830 1256 3886 medios
1271 3834 1500 3886 tantum
1516 3833 1904 3889 enumeravit.
1927 3835 2120 3900 Quare

462 3924 663 3977 autem
686 3919 846 3975 solos
871 3919 981 3975 bos
1007 3924 1123 3975 tres
1151 3919 1492 3992 assumpsit,
1517 3936 1638 3976 non
1663 3922 1844 3978 modo
1863 3927 2116 3990 tantum,

464 4009 570 4066 sed
607 4013 663 4064 et
690 4009 836 4065 alias
868 4008 1257 4081 frequentius,
1302 4010 1452 4066 sicut
1493 4011 1554 4066 in
1593 4026 1918 4084 progressu
1960 4014 2122 4072 inve-

462 4098 699 4156 niemus
755 4097 782 4153 ?
830 4097 981 4165 Quia
1032 4098 1257 4154 creteris
1315 4098 1628 4172 discipulis
1679 4105 2121 4172 prmstantiores

464 4189 631 4244 erant
665 4207 677 4240 :
703 4188 904 4242 Petrus
924 4186 1169 4258 quidem
1196 4202 1266 4243 eo
1281 4187 1449 4260 quod
1476 4187 1651 4244 valde
1668 4187 1936 4260 diligeret
1960 4207 2118 4264 eum,

463 4281 706 4348 propter
718 4275 854 4331 ﬁdei
868 4275 1160 4332 fervorem
1177 4293 1190 4344 ;
1205 4277 1464 4333 Joannes
1481 4293 1622 4334 vero
1635 4280 1772 4349 quia
1791 4281 2119 4351 plurimum

464 4365 824 4438 diligebatur
848 4365 925 4421 ab
957 4366 1074 4433 illo,
1106 4372 1348 4438 propter
1373 4367 1657 4424 virtutum
1678 4369 2119 4440 excellentiam;

462 4456 720 4513 Iacobus
750 4460 951 4512 autem
977 4455 1120 4528 quia
1150 4456 1346 4525 gravis
1367 4455 1702 4514 admodum
1729 4464 1852 4515 erat
1879 4459 2119 4525 Judasis,

466 4545 528 4600 in
546 4550 777 4602 tantum
805 4552 866 4600 ut
899 4545 1156 4601 Herodes
1182 4545 1381 4602 occiso
1411 4545 1510 4603 illo
1540 4547 1868 4604 maximam
1897 4549 2123 4620 praesti-

467 4633 602 4689 terit
633 4635 889 4701 gratiam
927 4634 1164 4690 Judmis.

539 4717 680 4774 Vide
719 4725 920 4777 autem
954 4723 1261 4793 quomodo
1299 4723 1609 4780 Matthasus
1635 4740 1753 4781 non
1792 4726 2122 4783 occultave-

467 4807 542 4863 rit
581 4806 713 4863 illos
764 4811 866 4880 qui
913 4809 1027 4864 sibi
1076 4811 1375 4882 praepositi
1425 4815 1585 4868 sunt.
1635 4813 1759 4870 Hoc
1807 4820 2012 4871 autem
2067 4821 2123 4873 et

469 4893 735 4953 Joannes
766 4895 1067 4969 plerisque
1086 4897 1148 4954 in
1166 4897 1310 4956 locis
1335 4899 1492 4969 facit,
1516 4901 1818 4974 praecipua
1845 4901 1997 4959 Petri
2023 4918 2121 4960 en-

542 5021 592 5060 "
623 5022 761 5080 Luc.
782 5036 864 5090 ιι,
902 5022 994 5078 28.
1055 5070 1060 5073 _

2230 1805 2389 1858 τᾶλλα
2417 1808 2483 1858 τὰ
2513 1806 2664 1859 αύτά.

2302 1906 2468 1977 Ἀμὴν
2516 1905 2664 1958 -ἒν
2711 1913 2773 1978 τῇ
2827 1904 3074 1978 βασιλείᾳ
3124 1904 3306 1958 αύτοῦ.
3356 1904 3506 1956 Εἰπὼν
3547 1903 3641 1971 περὶ
3666 1899 3743 1969 (31)

2233 1994 2435 2059 ἑαυτοῦ,
2487 1997 2561 2047 ὅτι
2592 1994 2759 2066 μέλλει
2803 1996 3056 2068 ἔρχεσθαι
3087 1993 3133 2046 ἐν
3184 1990 3312 2067 δόξῃ
3353 1995 3473 2064 μετὰ
3498 1987 3745 2061 δορυφορίας

2232 2089 2320 2136 καὶ
2375 2092 2688 2157 προπομπῆς
2739 2092 2836 2136 τῶν
2873 2083 3119 2156 ἀγγέλων,
3162 2088 3254 2135 καὶ
3301 2085 3444 2154 ’γνούς
3489 2083 3587 2137 τοὺς
3624 2077 3748 2147 unﬁn-

2231 2177 2320 2233 τὰς
2369 2170 2789 2236 δυσπιστοῡντας
2827 2181 2899 2243 τῷ
2943 2175 3162 2243 τοιούτῳ
3188 2172 3344 2243 λόγῳ,
3388 2166 3571 2242 βεϐαιοῖ
3597 2172 3744 2225 τοῦτον,

2232 2264 2522 2336 πρστιθεὶς,
2575 2264 2654 2314 ὅτι
2711 2263 2805 2314 ούκ
2856 2262 2926 2322 εἰς
2973 2265 3176 2336 μακράν
3227 2280 3353 2322 τινες
3396 2258 3545 2310 αὐτῶν
3590 2254 3749 2323 ὄψονται

2232 2356 2324 2410 τὴν
2357 2349 2515 2414 δόξαν
2542 2351 2722 2405 αύτοῦ.
2771 2353 2974 2409 Ταύτην
3005 2353 3101 2426 γὰρ
3146 2357 3238 2402 νῦν
3263 2350 3483 2421 ὠνόμασε
3521 2342 3744 2417 βασιλείαν·

2231 2438 2452 2500 Ἐδήλου
2529 2438 2588 2494 δὲ
2644 2445 2735 2499 τὴν
2804 2439 3149 2514 λαμπρότητα
3223 2447 3317 2500 τῆς
3384 2437 3748 2510 μεταμορφώσεως

2231 2530 2409 2596 αὐτοῦ,
2484 2534 2543 2591 ἣν
2601 2533 2732 2602 μετὰ
2787 2534 2965 2604 καιρὸν
3048 2528 3220 2600 ὀλίγον
3289 2526 3470 2600 ἔμελλεν
3537 2517 3744 2579 ὑποδεῖξαι

2231 2624 2428 2695 Πέτρῳ,
2475 2624 2563 2672 καὶ
2619 2618 2867 2690 Ἰακώϐῳ,
2918 2623 3003 2670 καῖ
3041 2619 3276 2690 Ἰωάννῃ.
3332 2620 3449 2687 Περὶ
3477 2614 3637 2666 τούτων
3673 2609 3742 2678 γὰρ

2229 2706 2383 2773 εἶπεν,
2440 2713 2517 2762 ὅτι
2591 2709 2710 2761 Εἰσί
2762 2728 2894 2770 τινες
2950 2716 3048 2759 τῶν
3100 2704 3205 2758 ὧδε
3262 2707 3500 2758 ἑστώτων.
3542 2698 3747 2753 Batulum

2228 2796 2287 2850 δὲ
2337 2799 2518 2867 αὐτοῦ,
2583 2801 2763 2868 ἤγουν,
2848 2794 3025 2864 δόξαν,
3085 2801 3177 2854 την
3246 2796 3562 2868 λαμπρότητα
3603 2789 3749 2840 ταύτην

2229 2888 2511 2960 ὠνόμασεν,
2573 2890 2640 2948 ὡς
2709 2883 2868 2939 οὖσαν
2948 2891 3270 2960 προμήνυμα
3349 2888 3436 2935 καὶ
3483 2873 3750 2951 παράδειγμα

2227 2987 2320 3040 τῆς
2360 2977 2715 3050 λαμπρότητος
2773 2975 2986 3039 ἕκεινης,
3052 2975 3166 3048 μεθ’
3240 2975 3302 3035 ἧς
3355 2971 3510 3045 μέλλει
3555 2964 3750 3018 κατελθεῖν

2158 3055 2462 3141 θῦσαι-ερον,
2530 3068 2612 3119 ὅτε
2680 3062 2947 3118 ἀποδώσει
3017 3065 3223 3135 ἑκάστῳ
3289 3065 3420 3115 κατὰ
3491 3063 3568 3115 τὴν
3615 3051 3754 3128 πρᾶξιν

2181 3141 2188 3186 Ῑ
2231 3157 2410 3211 αύτού.
2467 3154 2778 3231 Ἐρχόμενον
2830 3151 2888 3207 δὲ
2943 3151 3099 3221 εἶπεν,
3169 3152 3286 3205 ἀντὶ
3333 3158 3441 3220 τοῦ,
3496 3147 3752 3213 Φαινόμενον.

2231 3305 2377 3354 ΚΕΦ.
2426 3299 2544 3353 ΛΔ’.
2609 3301 2734 3371 Περὶ
2787 3306 2880 3360 τῆς
2938 3300 3383 3368 μεταμορφώσεως
3427 3299 3509 3345 τοῦ
3558 3290 3755 3361 Χριστοῦ,

2302 3393 2402 3444 Καὶ
2440 3389 2550 3461 μεθ’
2609 3419 2677 3428 -
2708 3387 2889 3440 αὑτοῦ.
2931 3392 3136 3445 Λουκᾶς
3168 3382 3230 3437 δὲ
3273 3386 3415 3438 Μετὰ
3463 3381 3580 3432 ὀκτώ
3623 3391 3756 3446 φησιν,

2228 3479 2321 3531 ούκ
2375 3476 2752 3548 ἐναντιολογῶν.
2813 3474 2981 3538 Οὗτος
3034 3478 3124 3547 μεν
3177 3478 3282 3549 γὰρ
3338 3471 3656 3544 συνηρίθμησε
3695 3464 3758 3512 καὶ

2228 3567 2390 3628 αύτάς
2425 3569 2516 3625 τὰς
2560 3567 2776 3637 ἡμέρας,
2809 3564 2925 3616 καθ’
2985 3566 3047 3623 ἦν
3099 3582 3154 3614 τε
3212 3565 3278 3615 τὰ
3324 3562 3534 3636 ῥηθέντα
3576 3551 3662 3607 εἰπε
3684 3555 3759 3605 τοῖς

2227 3659 2484 3728 μαθηταῖς
2515 3656 2540 3706 ό
2585 3657 2836 3727 Χριστὸς,
2884 3657 2974 3705 καὶ
3004 3651 3120 3705 καθ’
3173 3653 3237 3710 ἣν
3285 3654 3491 3708 τούτους
3524 3638 3756 3716 παρελαϐε·

2228 3747 2494 3805 Ματθαῖος
2537 3740 2615 3809 δε,
2667 3747 2756 3794 καὶ
2800 3741 3090 3816 ἀμφοτέρας
3138 3743 3335 3802 ταύτας
3377 3735 3666 3812 παραλιπὼν,
3697 3728 3759 3816 τᾲς

2228 3835 2421 3909 μεταξύ
2476 3839 2635 3907 μόνας
2693 3815 3124 3906 ἀπηριθμήσατο.
3177 3835 3324 3883 Διατί
3387 3825 3444 3880 δὲ
3495 3830 3652 3898 μόνους
3682 3815 3759 3886 (3'3)

2230 3929 2344 3986 τούς
2381 3931 2516 3997 τρεῖς
2556 3925 2770 3982 τούτους
2817 3919 3234 3993 παραλαμϐάνει,
3285 3922 3375 3970 καὶ
3419 3916 3476 3968 ού
3515 3921 3592 3965 νύν
3633 3912 3760 3981 μόνον,

2234 4014 2360 4066 ἀλλὰ
2415 4017 2504 4064 καὶ
2565 4011 2831 4079 πολλάκις,
2885 4012 2951 4071 ὡς
2990 4015 3262 4081 προῖόντες
3320 4009 3586 4079 εὑρήσομεν
3620 4017 3631 4065 ;
3665 4006 3764 4050 Aw“

2233 4113 2331 4156 τῶν
2361 4102 2522 4154 ἄλλων
2584 4102 2828 4173 μαθητῶν
2887 4101 3163 4171 ὑπερεῖχον
3223 4097 3371 4150 οὗτοι
3426 4113 3437 4125 ·
3481 4098 3649 4163 Πέτρος
3685 4089 3761 4155 μῦν

2235 4192 2334 4245 ἀπὸ
2362 4199 2452 4243 τού
2480 4186 2687 4262 σφόδρα
2718 4188 2876 4260 φιλεῖν
2907 4187 3084 4253 αὐτόν,
3123 4183 3216 4239 διὰ
3251 4189 3535 4262 θερμότητα
3556 4183 3740 4266 πίστεωὶ

2234 4281 2467 4340 Ἰωάννης
2513 4276 2592 4347 δε,
2626 4280 2728 4330 ἀπὸ
2759 4285 2850 4329 τοῦ
2883 4274 3090 4348 σφόδρα
3135 4276 3398 4348 φιλεῖσθαι
3436 4274 3515 4326 ὑπ’
3542 4257 3756 4348 αύτοῡηδι

2231 4366 2516 4442 ὑπερϐολὴν
2573 4366 2782 4439 ἀρετῶν.
2841 4365 3083 4426 Ἰάκωϐος
3145 4361 3224 4435 δε,
3307 4364 3406 4417 ἀπὸ
3481 4365 3563 4413 τοῦ
3613 4347 3769 4425 σφόδρα

2233 4455 2400 4529 βαρὺς
2454 4453 2582 4508 εἶναι
2630 4464 2733 4515 τοῖς
2797 4451 3096 4523 Ἰουδαίοις,
3146 4455 3259 4524 (33)
3295 4453 3391 4527 [ὡς
3419 4457 3504 4502 καὶ
3553 4444 3768 4513 τόνίἰρώ-

2231 4543 2351 4612 δην,
2385 4546 2597 4618 ὕστερον
2655 4544 2892 4596 ἀνελόντα
2942 4551 3143 4612 τοῦτον,
3193 4545 3359 4616 χάριν
3411 4543 3638 4614 μεγίστην
3672 4546 3766 4581 απο·

2229 4643 2400 4706 νεῖμαι
2428 4641 2536 4696 τοῖς
2567 4631 2886 4704 Ἰουδαίοις]

2301 4728 2484 4776 Σκόπει
2516 4720 2594 4789 δε,
2637 4731 2746 4785 πῶς
2789 4724 2813 4774 ό
2871 4723 3134 4782 Ματθαῖος
3185 4721 3280 4773 ούκ
3340 4715 3653 4793 ἀπεκρύψατο
3680 4723 3768 4762 τους

2228 4815 2636 4889 προτιμηθέντας
2696 4812 2876 4866 αὐτοῦ.
2933 4818 3097 4866 Τοῦτο
3153 4807 3211 4863 δὲ
3273 4815 3366 4861 καὶ
3415 4809 3634 4862 Ἰωάννης
3681 4795 3769 4849 πολ-

2227 4903 2398 4975 λαχοῦ
2446 4910 2604 4969 ποιεῖ,
2646 4904 2711 4954 τὰ
2757 4899 2992 4976 ἐξαίρετα
3041 4908 3133 4954 τοῦ
3173 4903 3371 4975 Πέτρου
3422 4896 3638 4968 ἐγκώμια
3661 4884 3771 4959 φιλα-

1695 5202 1913 5274 Variae
1941 5203 2269 5274 lectiones
2301 5209 2367 5273 et
2394 5211 2597 5273 notae.

571 5397 658 5470 3t)
690 5400 816 5470 Περὶ
855 5396 1034 5464 αὐτοῦ,
1069 5400 1136 5456 Α.

571 5417 658 5470 οι)
690 5417 760 5452 ut
798 5417 816 5452 t
855 5417 1034 5464 αυτου,
1069 5417 1136 5456 Α.

569 5468 658 5539 32)
693 5417 887 5533 Μόῖους
916 5473 1137 5534 τούτους
1177 5473 1296 5534 τοὺς
1324 5478 1481 5544 τρεῖς.
1510 5474 1576 5529 Α.

2242 5474 2285 5535 Ἰ
2313 5403 2674 5530 (ξδέηιιοιιιεα
2689 5399 3033 5458 exciderant
3048 5413 3120 5457 ex
3131 5395 3336 5457 codice
3347 5396 3413 5454 Β.
3437 5395 3515 5453 ob
3527 5386 3781 5465 repetitum

2289 5495 2349 5533 ου
2392 5495 2545 5535 αιοις.

2289 5495 2381 5533 ουο
2392 5495 2545 5538 αιοις.

551 5621 656 5697 (cc)
686 5623 1078 5682 Praemittem.
1106 5622 1366 5680 Addens.
1402 5625 1569 5681 Forte
1599 5623 1740 5697 legit
1767 5628 2049 5702 προτιθείς.
2081 5628 2122 5685 Α

2229 5627 2440 5702 siglam
2472 5626 2698 5686 invenit
2720 5625 2969 5705 πρτιθείς,
3002 5638 3137 5699 quae.
3160 5624 3426 5700 προτιθείς
3451 5621 3622 5680 notat.
