3906 6202
115 257 192 316 477
963 249 1332 310 COMMENT.
1374 250 1448 308 IN
1483 249 1934 312 MATTHEUM.
1974 284 2043 298 --
2081 253 2238 314 CAP.
2279 255 2451 314 XVII.

3264 243 3370 304 478

111 383 244 442 ληθῶς
275 378 536 452 ἀναγράφων.
593 378 786 432 Φθόνου
817 379 916 454 γὰρ
968 376 1115 439 ἐκτὸς
1162 374 1222 436 ἦν
1261 377 1288 429 ὁ
1339 383 1438 429 τῶν
1469 375 1592 431 ἀπο-

1779 379 1912 437 ιωίει
1947 381 2200 438 libenter
2238 381 2580 439 describens
2617 397 2634 449 ;
2673 375 3075 452 apostolorum
3113 384 3370 444 namque

114 471 266 524 στόλων
283 473 422 541 χορός.
460 472 600 520 Διατί
647 465 724 532 δὲ,
769 467 922 521 εἰπὼν
960 468 986 519 ό
1031 469 1284 542 Χριστὸς,
1326 465 1446 520 Εἰσί
1472 486 1604 530 τινες

109 569 187 613 τῶν
216 556 294 611 ὦδε
337 558 556 622 ἑστώτων,
613 555 949 632 ἀπεκρύψατο
977 559 1046 609 τὰ
1080 559 1272 609 τούτων
1334 555 1559 628 ὀνόματα
1585 571 1599 623 ;

107 652 180 702 Διά
201 653 244 702 τὸ
268 652 327 722 μὴ
352 645 559 706 λυπῆσαι
606 651 728 708 τοὺς
755 646 959 710 ἄλλους’
991 650 1081 699 καὶ
1109 647 1210 722 γὰρ
1243 643 1482 718 ἤλγησαν
1517 643 1599 713 ἂν,

104 735 286 800 δόξαντες
308 739 362 797 ὡς
397 735 584 799 ἀνάξιοι
611 738 968 811 παρορᾶσθαι.

156 831 298 879 Καὶ-
323 822 459 878 κατιδ
464 830 562 881 ίαν.
583 825 643 879 Ὀ
671 822 707 879 δ
709 828 732 879 ξ
759 831 963 888 Λουκᾶς
983 821 1137 891 εἶπεν,
1165 825 1264 892 ὅτι,
1288 821 1599 899 παραλαϐὼν

103 915 250 980 tiro-3;,
274 912 400 975 ἀνέϐη
434 914 502 977 εἰς
525 917 584 968 τὸ
623 919 739 990 ὄρος
766 914 1178 990 προσεύξασθαι.

153 1116 222 1166 Καὶ
259 1143 313 1152 -
345 1120 454 1185 φῶς.
507 1111 771 1188 ’Δναφέρει
939 1111 1125 1175 αύτούς
1172 1111 1240 1176 εἰς
1288 1116 1400 1188 ὄρος
1454 1111 1596 1185 ὑψη-

106 1200 178 1265 λὸν,
224 1201 285 1253 ἵνα
334 1204 532 1273 γένηται
607 1207 742 1255 πᾶσι
801 1209 909 1265 τοῖς
972 1201 1149 1266 ἄλλοις
1203 1199 1440 1266 ἀθέατος.
1502 1204 1596 1256 Διὰ

104 1298 211 1342 τοῦτο
244 1294 317 1365 γὰρ
377 1292 718 1364 προσέθηκεν,
792 1293 872 1345 ὅτι
923 1287 1188 1349 κατιδίαν.
1262 1288 1431 1346 Οὐδὲν
1493 1296 1592 1368 γὰρ

100 1377 212 1432 ἐποίει
253 1383 352 1451 πρὸς
401 1378 720 1453 φιλοτιμίαν,
785 1379 914 1434 ἀλλὰ
961 1384 1132 1434 πάντα
1195 1384 1332 1434 κατὰ
1383 1387 1590 1458 χρείαν.

95 1462 190 1537 Ἀμα
221 1463 267 1520 οἳ
287 1472 377 1534 καὶ,
419 1470 498 1522 ἵνα
527 1472 795 1543 μάθωμεν,
849 1470 927 1523 ὅτι
971 1475 1082 1544 χρὴ
1116 1471 1468 1546 ύπέραρθῆναι
1501 1481 1595 1536 τῆς

88 1562 224 1626 γεηρᾱς
244 1557 620 1630 χθαμαλότητος
671 1562 759 1612 τὸν
788 1558 1035 1616 μέλλοντα
1082 1562 1298 1636 θεωρίας
1339 1561 1477 1624 θείας
1508 1560 1596 1624 ἀξ-

87 1646 241 1702 ωθῆναι,

1712 469 1930 527 chorus
1977 487 2190 544 expers
2222 475 2346 529 erat
2374 471 2633 531 invidiae.
2664 471 2800 526 Ideo
2831 474 3031 525 autem
3061 462 3189 536 (dd)
3231 473 3371 517 cum

1711 559 1958 618 dixisset
1997 561 2260 618 Christus
2293 579 2306 619 :
2347 561 2494 619 Sunt
2534 560 2768 636 quidam
2809 560 2878 615 de
2917 557 3017 614 hic
3059 550 3366 615 stantibus,

1709 649 1929 708 horum
1947 651 2262 709 occultavit
2288 652 2538 718 nomina,
2575 667 2652 707 ne
2673 656 2918 707 caeteros
2958 643 3368 704 contristaret;

1709 754 1851 796 nam
1883 740 2164 811 indignos
2197 756 2328 796 sese
2358 741 2641 810 arbitrati,
2676 737 3006 795 doluissent
3035 749 3096 789 se
3121 725 3368 801 despici.

1781 831 1938 886 Vers.
1982 832 2030 885 1.
2071 832 2149 889 Ει
2199 862 2267 872 -
2312 833 2570 888 seorsim.
2620 830 2807 885 Lucas
2854 830 3056 882 autem
3105 817 3247 876 dicit
3297 817 3367 870 ’⁸.

1706 919 1872 990 quod
1918 919 2238 992 assumpsit
2273 919 2427 989 illos,
2469 919 2858 991 ascenditque
2895 914 2958 970 in
2996 913 3264 968 montem
3306 907 3372 961 ut

1703 1012 1942 1153 ori/:2.
1970 1099 2024 1154 2.
2059 1097 2136 1154 Et
2181 1127 2251 1139 —
2280 1097 2497 1156 lumen.
2541 1094 2823 1154 Subducit
2850 1091 2982 1149 illos
3012 1088 3075 1144 in
3103 1086 3368 1141 montem

1705 1185 2029 1253 excelsum,
2072 1191 2130 1244 ut
2172 1203 2205 1242 a
2244 1187 2408 1244 nullo
2455 1187 2572 1244 alio
2622 1181 2890 1258 conspici
2935 1176 3125 1254 possit
3169 1191 3185 1242 ;
3234 1171 3370 1228 ideo

1703 1276 1882 1332 etiam
1934 1277 2121 1343 addit,
2155 1276 2428 1334 Seorsim.
2466 1276 2617 1333 Nihil
2661 1276 2818 1332 enim
2861 1268 3114 1328 faciebat
3141 1265 3220 1322 ad
3251 1260 3373 1336 glo‘

1701 1365 1876 1431 riam,
1909 1365 2016 1422 sed
2054 1366 2260 1423 omnia
2294 1367 2368 1422 ad
2404 1364 3056 1430 utilitatem.,_Prseterea
3094 1361 3158 1414 ut
3174 1354 3371 1411 disca-

1703 1471 1838 1510 mus
1867 1459 2138 1527 oportere
2169 1471 2205 1512 a
2235 1459 2468 1512 terrena
2500 1453 2799 1511 sublevari
2827 1451 3160 1507 humilitate
3204 1461 3364 1514 eum,

1702 1544 1807 1618 qui
1853 1543 2058 1602 divina
2101 1543 2604 1618 contemplatione
2632 1542 2852 1614 dignus
2881 1538 3200 1598 habendus
3257 1542 3367 1598 est.

132 1738 444 1810 Μετιμορφὼθη
497 1733 582 1805 δὶ,
634 1741 896 1811 μείναντος
1080 1745 1172 1791 τοῦ
1229 1743 1468 1812 σώματος
1512 1738 1592 1792 ἐπὶ

1779 1745 1841 1802 Et
1865 1742 2324 1801 transformatus
2350 1743 2455 1809 est,
2488 1753 2737 1812 corpore
2765 1737 3011 1812 quidem
3041 1736 3097 1793 in
3126 1736 3369 1810 pr0pria

87 1829 148 1873 τοῦ
187 1824 340 1877 οἰκείου
398 1831 695 1900 σχήματοςο
754 1834 849 1889 τῆς
908 1829 1082 1891 θείκῆς
1136 1823 1195 1882 δὲ
1235 1827 1597 1904 λαμπρότητος

79 1916 212 1982 μικρὸν
238 1933 279 1966 τι
303 1917 822 1990 παραγυμνωθείσης,
862 1921 952 1969 καὶ
989 1916 1500 1992 καταλαμπρυνάσης
1538 1920 1596 1970 τὸ

82 2003 287 2070 πρόσωπον
320 2004 483 2077 αὐτοῦ,
549 2010 642 2058 καὶ
696 2009 756 2057 τὸ
796 2001 930 2067 εἶδος
966 2009 1154 2060 τούτου
1201 2005 1596 2078 μεταϐαλούσης

78 2085 198 2140 ἕπὶτὸ
234 2089 608 2169 θεοειδέστερον.
653 2092 980 2168 Ἐμπροσθεν
1024 2091 1084 2148 δε
1130 2095 1318 2162 αὐτῶν,
1361 2097 1446 2148 ἵνα
1475 2095 1594 2169 βλέ-

79 2194 218 2245 ποντες,
263 2189 359 2244 πῶς
417 2185 816 2256 μετεμορφώθη,
902 2189 973 2256 μὴ
1039 2183 1371 2237 ὑπολάϐωσιν
1427 2186 1596 2258 ἕτερον

76 2264 185 2350 αὐτόν
206 2264 329 2337 εἶναι,
354 2276 438 2324 καὶ
467 2273 586 2344 ilva
611 2274 844 2345 μάθωσι,
891 2282 1003 2336 πῶς
1036 2274 1170 2326 οὕτω
1211 2273 1358 2350 ῥᾷον)
1387 2274 1412 2327 δ
1445 2274 1594 2344 θέλει,

75 2349 252 2412 δύναται.

349 2444 404 2503 δί
432 2453 490 2503 τὸ
551 2454 832 2525 πρόσωπον
861 2451 1020 2504 αὐτοῦ
1073 2453 1142 2514 ὡς
1171 2452 1197 2504 ό
1242 2451 1404 2517 ἣλιος,
1457 2449 1594 2506 διότι

71 2531 188 2594 οὕτως
209 2533 354 2601 ἔδοξεν
382 2539 589 2603 αὐτοῖς.
619 2539 678 2593 Ἣ
708 2543 810 2614 γὰρ
848 2539 1146 2615 λαμπρότης
1175 2541 1338 2600 ἐκείνη
1366 2544 1492 2618 ὑπὲρ
1511 2545 1596 2595 τὸν

71 2621 172 2677 illo:
200 2621 266 2690 ἦν,
315 2633 398 2681 καὶ
427 2630 546 2682 θεία
602 2649 683 2692 τις
735 2634 826 2682 καὶ
872 2628 1175 2706 ἀπόρρητος.
1209 2634 1285 2685 Τὰ
1325 2627 1384 2684 δί
1417 2633 1600 2705 ἱμάτια

67 2710 189 2763 αξιτοῦ
218 2713 379 2786 ἐγένετο
427 2718 616 2788 λευκὰ,
657 2721 726 2782 ὡς
754 2722 812 2772 τὸ
852 2728 974 2792 φῶς,
1027 2715 1370 2784 διαδοθείσης
1405 2727 1495 2775 καὶ
1525 2721 1598 2786 εἰς

66 2798 168 2851 αὗτά
189 2810 236 2860 τῆ
244 2824 261 2865 ς
283 2811 639 2880 φωτοχυσίας.

113 2895 244 2956 εἴτις
267 2891 345 2947 οὖν
389 2903 481 2950 καὶ
532 2893 686 2970 ἡμῶν
725 2897 756 2957 ἦ
804 2896 1066 2970 ἀγαπήσει
1116 2886 1202 2952 τὸν
1250 2900 1477 2971 Ἰησοῦν,
1532 2903 1596 2962 ὡς

65 2981 222 3052 Πέτρος,
249 2983 274 3041 ἦ
319 2983 574 3059 ἀγαπηθῇ
607 2985 729 3061 παρ’
773 2987 952 3055 αὐτοῦ,
981 2990 1045 3049 ὡς
1075 2988 1336 3055 Ἰωάννης,
1367 2990 1396 3048 ἢ
1426 2987 1595 3062 βαρὺς

1705 1834 1898 1905 ﬁgura
1927 1836 2216 1895 manente,
2275 1827 2473 1885 divino
2521 1844 2658 1884 vero
2699 1825 3019 1900 splendore
3058 1825 3366 1882 modicum

1705 1921 1996 1997 quiddam
2015 1921 2078 1977 in
2095 1935 2166 1976 eo
2187 1920 2518 1989 detegente,
2537 1933 2607 1974 ac
2626 1916 2840 1972 faciem
2862 1915 2994 1988 ejus
3011 1914 3365 1978 illustrante,

1706 2011 2086 2085 speciemque
2124 2007 2283 2064 illius
2322 2007 2396 2064 ad
2436 2007 2730 2080 majorem
2773 2004 2875 2060 Dei
2914 2002 3365 2060 similitudinem

1705 2100 2078 2156 immutante.
2127 2096 2344 2154 Coram
2375 2096 2458 2152 eis
2497 2100 2718 2167 autem.
2747 2110 2822 2152 ne
2870 2092 3366 2151 transformatum

1707 2190 1905 2262 ipsum
1935 2186 2128 2244 intuiti
2188 2185 2439 2242 alterum
2494 2199 2627 2241 esse
2659 2182 3125 2256 suspicarentur,
3181 2184 3365 2253 utque

1709 2277 1929 2335 scirent
1978 2291 2118 2333 eum
2158 2273 2458 2341 facillime,
2496 2273 2665 2346 quod
2703 2271 2862 2338 velit,
2925 2269 3121 2329 facere
3159 2286 3356 2342 posse.

1781 2473 2086 2548 Splenduit
2140 2487 2286 2530 vero
2335 2471 2519 2530 facies
2557 2471 2684 2544 ejus
2726 2469 2878 2527 sicut
2915 2467 3022 2541 sol,
3085 2467 3234 2542 quia
3283 2468 3366 2528 ita

1707 2565 1820 2622 illis
1849 2563 2130 2637 apparuit
2158 2581 2172 2631 ;
2206 2561 2299 2618 ille
2327 2560 2488 2618 enim
2519 2575 2703 2634 supra
2730 2558 2917 2617 solem
2947 2562 3091 2623 erat,
3124 2557 3364 2614 divinus

1706 2654 1956 2728 quidam
1984 2657 2042 2711 et
2064 2651 2402 2710 ineﬂ‘abilis.
2430 2650 2795 2708 Vestimenta
2821 2653 3021 2705 autem
3046 2648 3176 2719 ejus
3206 2645 3364 2704 facta

1709 2749 1849 2802 sunt
1892 2743 2149 2801 candida
2193 2741 2346 2800 sicut
2387 2741 2617 2806 lumen,
2666 2737 2886 2796 diffuso
2934 2737 3112 2798 etiam
3159 2736 3221 2794 in
3261 2736 3364 2795 illa

1705 2835 2044 2908 splendore.
2760 2861 2768 2894 :

1709 2924 1914 2996 Itaque
1983 2922 2031 2980 si
2092 2923 2360 2980 nostrum
2422 2933 2664 2993 quoque
2729 2915 2946 2991 aliquis
3007 2916 3218 2974 Jesnm
3296 2919 3363 2974 ut

1708 3013 1908 3070 Petrus
1937 3011 2244 3076 amaverit,
2295 3013 2352 3066 et
2380 3013 2620 3066 amatus
2649 3006 2730 3064 ab
2767 3022 2840 3064 eo
2873 3005 3047 3063 fuerit
3081 3010 3147 3063 ut
3187 3007 3362 3062 Joan-

57 3073 215 3168 ξπται
239 3075 361 3126 κατὰ
404 3084 506 3127 τῶν
539 3073 751 3149 ἐχθρῶν
802 3075 980 3148 αὐτοῦ,
1015 3079 1082 3140 ὡς
1108 3077 1374 3140 Ἰάκωϐος,
1411 3076 1592 3153 ἐχθροὶ

1779 3119 1838 3166 ιε,
1888 3117 1959 3157 ac
1994 3073 2252 3156 inimicis
2298 3097 2455 3154 illius
2494 3097 2693 3168 gravis
2737 3096 2916 3153 fuerit
2965 3099 3031 3152 ut
3073 3095 3358 3163 Jacobus,

60 3149 100 3204 0'":
120 3161 271 3212 τούτου
321 3167 408 3215 καὶ
460 3163 665 3238 μᾶλλον
694 3165 743 3217 οἱ
800 3160 1062 3237 δαίμονες·
1109 3149 1470 3239 ἀναχθήσεται
1508 3149 1596 3221 ύπ⁹

57 3242 168 3297 κὺτοῦ
191 3247 250 3311 εἰς
273 3253 382 3326 ὅρος
416 3252 648 3323 ὑψηλόν,
706 3255 888 3325 ἤγουν,
939 3253 1006 3315 εἰς
1037 3253 1171 3325 ὕψος
1215 3260 1474 3326 γνώσεως,
1506 3262 1597 3310 καὶ

56 3333 246 3420 ξεωρὲπι
269 3344 356 3398 τὴν
387 3337 563 3405 δόξαν
604 3341 784 3407 αύτού,
829 3343 1054 3395 καθόσον
1087 3345 1289 3416 ἐφικτὸν
1320 3342 1592 3420 ἀνθρώπῳ,

53 3419 146 3490 λέγω
191 3421 270 3496 δὴ,
297 3431 360 3481 τὰ
407 3437 514 3492 τοῖς
572 3429 778 3492 πολλοῖς
816 3429 1247 3507 ἀποκεκρυμμένα
1274 3439 1363 3486 καὶ
1408 3419 1598 3488 ἀθέατα

50 3518 201 3586 μυστήρ
209 3535 274 3572 t1.

49 3686 56 3696 ι
102 3600 187 3652 Οὐκ
242 3606 443 3684 ἄκαιρον
511 3605 584 3662 δέ
644 3607 800 3662 εἰπεῖν
851 3614 1111 3685 πρόσωπα
1169 3612 1282 3682 (34)
1352 3614 1442 3684 μὲν
1503 3618 1596 3664 τοῦ

50 3693 184 3743 Ἰησοῦ
253 3701 339 3754 τήν
396 3707 602 3770 γνῶσιν
660 3706 761 3750 τῶν
810 3698 974 3770 λόγων
1040 3700 1221 3765 αὐτοῦ,
1300 3701 1482 3773 ἱμάτια
1536 3697 1596 3753 δε

49 3777 171 3830 αὐτοῦ
194 3784 270 3842 τὰς
291 3783 446 3848 λέξεις
474 3795 581 3840 τῶν
620 3787 789 3858 λόγων
817 3787 1001 3858 αὐτοῦ,
1044 3787 1108 3850 ἀς
1135 3791 1165 3848 ἡ
1202 3788 1590 3864 ἐγκεκρυμμένη

42 3870 203 3966 τούτοις
245 3883 430 3943 γνῶσις
494 3875 892 3949 περιϐέϐληται,
947 3880 1014 3940 ὡς
1075 3879 1275 3951 ἱμάτια·
1502 3885 1592 3933 καὶ

42 3963 192 4022 ἀφέτου
220 3963 269 4012 τὸ
309 3968 392 4035 μὶν
441 3972 690 4019 τοιοῦτον
740 3971 1018 4039 πρόσωπον
1073 3967 1232 4020 αὐτοῦ
1271 3967 1472 4042 λάμπον
1500 3973 1590 4024 καὶ

37 4050 218 4113 peritos
269 4056 373 4115 τοὺς
432 4053 846 4122 ένατενίζοντας,
901 4058 970 4108 τὰ
1047 4052 1106 4109 δ¹ε
1163 4064 1382 4111 τοιαῦτα
1435 4058 1589 4111 πάλιν

36 4132 187 4234 fiscina
205 4138 342 4193 αὐτοῦ
389 4142 574 4211 λευκὰ,
609 4139 780 4218 μηδὲν
812 4147 1073 4198 σκοτεινὸν
1114 4151 1204 4199 καὶ
1253 4147 1367 4220 (36)
1396 4145 1589 4221 ἀσαφὲς

30 4237 205 4290 ιχοντα,

1704 3189 1931 3247 inimici
1961 3204 2103 3246 vero
2153 3187 2310 3244 illius
2338 3189 2476 3242 sunt
2513 3185 2845 3250 daemones,
2889 3182 3250 3240 subducetur
3279 3184 3360 3241 ab

1705 3293 1778 3337 eo
1837 3279 1899 3334 in
1959 3281 2227 3334 montem
2289 3275 2610 3339 excelsum,
2674 3273 2798 3330 sive
2862 3272 2924 3330 in
2985 3272 3359 3329 altitudinem

1705 3367 2079 3438 cognitionis,
2112 3371 2170 3423 et
2198 3365 2442 3438 gloriam
2483 3364 2640 3422 illius
2677 3360 3022 3427 intuebitur,
3063 3366 3358 3432 quantum

1704 3455 1933 3513 homini
1968 3455 2332 3528 permissum
2368 3459 2502 3511 est:
2534 3452 2669 3510 dico
2711 3465 2853 3509 sane
2899 3448 3184 3523 mysteria
3219 3463 3358 3522 qum

1705 3546 1908 3603 multis
1935 3546 2232 3602 occultata
2261 3548 2400 3601 sunt
2429 3559 2502 3602 ac
2528 3542 2737 3600 invisa.

1775 3637 1904 3694 Non
1933 3635 2041 3692 erit
2092 3640 2292 3693 autem
2322 3638 2536 3707 praeter
2584 3632 2880 3689 intentum
2910 3633 3014 3688 aut
3064 3629 3356 3703 intempe-

1704 3724 1944 3796 stivum,
1989 3730 2054 3782 ut
2085 3724 2361 3781 dicamus
2406 3722 2621 3779 faciem
2656 3721 2797 3778 Jesu
2833 3719 3196 3777 intellectum
3241 3733 3358 3776 ser-

1702 3829 1954 3870 monum
2009 3813 2206 3881 illius;
2263 3812 2620 3869 vestimenta
2673 3825 2818 3866 vero
2883 3809 3014 3882 ejus
3069 3807 3358 3864 dictiones

1701 3918 2070 3972 sermonum,
2099 3902 2317 3976 quibus
2349 3901 2680 3958 occultatus
2709 3902 2798 3956 est
2823 3897 2886 3955 in
2915 3897 2998 3954 eis
3027 3896 3358 3954 intellectus

1700 3997 1990 4066 tanquam
2016 3991 2387 4049 vestimentis
2411 3989 2678 4047 induitur
2706 4005 2720 4058 ;
2748 3987 3004 4061 talisque
3028 3986 3156 4058 ejus
3176 3985 3358 4042 facies

1698 4079 2032 4154 apparebit,
2056 4079 2376 4152 splendens
2397 4094 2468 4135 ac
2492 4076 2840 4134 illuminans
2861 4092 2965 4132 eos
2984 4074 3086 4147 qui
3109 4074 3172 4130 in
3191 4073 3357 4131 illam

1696 4170 1970 4242 deﬁgunt
2007 4168 2214 4225 oculos
2248 4185 2262 4223 :
2291 4172 2348 4223 et
2376 4183 2606 4223 rursum
2652 4164 2793 4221 talia
2829 4164 2959 4236 ejus
3003 4162 3358 4219 vestimenta

1696 4259 1956 4316 candida
1985 4262 2142 4324 sunt,
2176 4255 2446 4330 nihilque
2473 4254 2856 4312 tenebrosum
2895 4256 2998 4309 aut
3027 4250 3355 4308 obscurum

1694 4346 1999 4405 habentia.

85 4423 168 4473 Καὶ
207 4455 267 4465 -
337 4429 447 4500 μετ’
503 4430 676 4483 αὐτοῦ
762 4428 1147 4494 συλλαλοῦντες.
1233 4435 1328 4486 Διά
1395 4433 1587 4497 πολλὰς

1779 4437 1939 4494 Vers.
1980 4439 2031 4494 3.
2059 4434 2140 4492 Et
2169 4463 2238 4478 —
2267 4449 2396 4491 cum
2427 4449 2492 4492 eo
2518 4433 2836 4505 loquentes.
2867 4431 3112 4502 Propter
3141 4427 3355 4485 multas

28 4511 259 4606 ξατίαξτόν
282 4522 510 4579 Mauricas
557 4521 769 4572 καὶτὸν
801 4518 977 4572 Ἠλίαν
1024 4525 1350 4595 παρέστησεν
1396 4523 1579 4597 ἑαυτῷ.

43 4591 206 4659 Επειδή
256 4607 343 4681 γὰρ
401 4610 451 4661 οὶ
502 4609 669 4681 ὄχλοι
731 4607 902 4680 ἔλεγον
971 4611 1022 4662 οἱ
1207 4611 1446 4672 Ἰωάννην
1494 4591 1582 4667 τόν

27 4687 274 4781 ξαπτιστήν
316 4693 440 4750 εἶναι
491 4698 682 4762 αὐτὸν,
731 4695 876 4750 ἄλλοι
920 4694 1000 4767 δε,
1050 4698 1248 4770 Ἠλίαν,
1289 4703 1450 4776 ἕτεροι
1499 4700 1578 4770 δε,

40 4774 229 4847 Immin
273 4785 300 4842 ἧ
347 4787 434 4840 ἕνα
487 4795 598 4840 τῶν
650 4795 926 4862 προφητῶν
979 4796 1080 4840 τῶν
1129 4774 1388 4865 ἀρχαίων·
1446 4812 1579 4866 συμ-

26 4869 314 4964 πῗρῖπησα,
358 4879 428 4938 ὡς
476 4873 729 4940 δούλους,
764 4881 880 4937 τοὺς
931 4875 1341 4954 έπισημοτέρους
1378 4889 1477 4934 τῶν
1530 4881 1579 4935 έν

117 4954 286 5035 “dati
317 4961 666 5038 λαμψάντων,
700 4964 782 5018 ἶνα
825 4973 954 5039 φανῇ
987 4969 1045 5020 τὸ
1092 4970 1248 5041 μέσον
1299 4968 1484 5023 ἑαυτοῦ
1526 4991 1579 5025 τε

74 5126 112 5161 ⁸⁸
134 5127 234 5192 an
258 5151 334 5207 ix,
363 5142 456 5198 28.

1694 4542 1907 4584 causas
1947 4540 2152 4582 secum
2196 4529 2389 4581 astare
2431 4521 2568 4580 fecit
2607 4523 2804 4579 Mosen
2855 4523 2914 4578 et
2948 4519 3154 4576 Eliam.
3206 4517 3355 4584 Quia

1693 4615 1856 4673 enim
1896 4615 2088 4672 turbis
2122 4613 2441 4670 dicebant:
2488 4612 2552 4668 hi
2605 4609 2852 4684 quidem
2888 4608 3184 4667 Joannem
3223 4623 3354 4665 esse

1694 4705 2044 4778 Baptistam,
2091 4702 2212 4760 allii
2238 4707 2439 4760 autem
2468 4699 2673 4768 Eliam,
2705 4698 2800 4756 alii
2829 4714 2969 4756 vero
3006 4697 3349 4764 Jeremiam,

1691 4800 1794 4852 aut
1813 4810 2002 4851 unum
2029 4797 2290 4850 veterum
2316 4789 2788 4864 prophetarum:
2818 4787 3119 4846 constituit
3148 4803 3353 4846 coram

1691 4899 1753 4940 se
1797 4887 2080 4956 tanquam
2112 4897 2338 4946 servos,
2370 4896 2472 4938 eos
2510 4879 2616 4953 qui
2649 4879 2710 4935 in
2750 4878 2933 4936 veteri
2975 4880 3352 4935 Testamento

1691 4972 2046 5046 insigniores
2101 4970 2476 5039 refulserant,
2531 4973 2597 5026 ut
2651 4966 2976 5027 discrimen
3036 4965 3204 5042 quod
3266 4971 3356 5025 est

1202 5216 1420 5289 Variae
1447 5218 1777 5292 lectiones
1807 5230 1876 5292 et
1904 5229 2107 5293 nota.

13 5393 159 5520 fug-3‘)
191 5398 509 5465 Hentenius
560 5410 842 5485 πρόσωπον
889 5407 1052 5484 legit,
1093 5412 1260 5486 quod
1314 5412 1576 5488 praetule-

1781 5416 1874 5489 35)
1894 5414 2140 5489 'Iptalr‘tov.

1781 5416 1851 5474 35
1894 5416 2140 5489 Ἰμάτιον.
2167 5416 2235 5472 Α.

1781 5416 1874 5562 36;
1900 5491 2002 5543 [at
2028 5485 2268 5562 ἀσφαλές.
2297 5489 2342 5544 Α
2370 5486 2569 5547 .male.

61 5648 164 5723 (Μ)
180 5651 306 5712 Ideo
332 5661 560 5716 autem.
594 5657 703 5718 Cur
731 5664 956 5720 autem.
993 5663 1108 5723 Pro
1139 5658 1308 5736 διατί,
1337 5663 1581 5726 videtur

1779 5665 1906 5726 Lisso
1937 5662 2100 5740 διότι,
2134 5666 2301 5742 quod
2330 5670 2536 5727 tamen
2561 5666 2768 5727 locum
2796 5675 2923 5724 non
2948 5659 3156 5721 habet.
