3906 6202
538 234 643 325 ζετο

1870 255 2194 315 EUTHYMI]

2300 255 2574 314 {GABENI
3312 324 3315 327 λ
3700 267 3779 323 480

539 395 690 451 inter
737 410 798 450 se
855 396 912 451 et
956 393 1089 450 illos
1145 382 1453 464 appareat,
1496 394 1549 444 et
1594 389 1885 461 quantum
1935 385 2061 459 ipse
2113 384 2191 442 ab

2302 383 2566 453 κάκείνων,
2604 388 2692 439 καὶ
2724 387 2883 439 πόσον
2934 382 3086 447 αὐτὸς
3137 379 3353 458 διαφέρει
3394 386 3579 441 τούτων.
3608 393 3696 443 Μία
3718 394 3779 463 με)

537 482 649 539 illis
673 480 929 540 differat.
962 482 1095 536 Haec
1122 479 1321 552 itaque
1351 494 1470 535 una
1494 478 1603 534 fuit
1629 492 1836 534 causa.

609 572 805 629 Altera
831 587 1071 628 rursum
1100 587 1113 627 :
1147 570 1291 642 quia
1320 566 1688 625 accusabant
1715 565 1886 624 illum
1925 565 1999 622 de
2046 565 2193 637 legis

540 662 1011 733 transgressione
1040 661 1338 716 dicentes:
1389 658 1521 715 Non
1550 662 1632 714 est
1664 656 1758 713 hic
1801 674 1834 710 a
1862 658 1994 722 Deo,
2061 654 2194 728 quia

537 753 865 810 Sabbalum
895 766 1015 807 non
1045 750 1291 806 custodit
1328 750 1401 804 99.
1434 750 1776 818 Rursusque
1805 744 2193 817 blasphemia)

538 842 676 897 eum
707 842 1094 904 accusabant,
1124 844 1180 894 et
1207 838 1368 911 quod
1391 837 1488 892 Dei
1517 836 1768 905 gloriam
1795 834 1907 890 sibi
1936 834 2193 889 vindica-

537 937 625 987 ret
653 930 917 985 dicentes
949 947 964 983 :
995 931 1076 985 De
1106 928 1253 984 bono
1283 941 1452 996 opere
1477 941 1591 981 non
1631 923 1951 995 lapidamus
1983 930 2051 989 te,
2096 923 2197 980 sed

538 1019 600 1074 de
627 1018 996 1088 blasphemia,
1030 1024 1084 1074 et
1114 1018 1251 1089 quia
1282 1016 1451 1072 homo
1481 1031 1609 1070 cum
1638 1014 1738 1077 sis,
1763 1015 1919 1082 facis
1950 1012 2193 1081 teipsum

538 1109 717 1164 Deum
751 1109 765 1143 ¹
799 1124 813 1175 ;
847 1112 1040 1163 astare
1071 1106 1203 1162 fecit
1234 1120 1436 1161 coram
1485 1119 1546 1159 se
1575 1105 1776 1159 Mosen
1823 1106 1887 1157 ut
1916 1101 2197 1157 ostende-

538 1200 642 1263 ret,
672 1197 838 1269 quod
866 1195 911 1251 si
936 1196 1082 1267 legis
1108 1200 1509 1266 transgressor
1533 1196 1706 1257 esset,
1735 1206 2110 1264 nequaquam
2136 1188 2196 1245 in

540 1287 792 1343 modum
818 1287 970 1342 servi
995 1284 1294 1359 legislator
1320 1283 1432 1340 sibi
1463 1284 1744 1341 astitisset
1771 1300 1784 1349 ;
1815 1282 1999 1337 Eliam
2034 1297 2193 1339 vero.

537 1380 603 1431 ut
626 1379 915 1448 appareat
937 1375 1098 1445 qnod
1124 1375 1173 1430 si
1199 1373 1591 1446 blasphemus
1612 1376 1784 1438 esset,
1808 1386 2193 1444 nequaquam

536 1464 587 1520 is
616 1464 721 1536 qui
766 1479 1000 1537 semper
1047 1463 1147 1520 Dei
1196 1462 1447 1533 gloriam
1475 1462 1857 1519 vehementer
1888 1465 2195 1518 amaverat

537 1566 605 1610 ac
626 1553 809 1610 tuitus
830 1554 1039 1619 fuerat,
1066 1556 1354 1627 tanquam
1377 1567 1584 1609 servus
1604 1551 1686 1608 illi
1711 1555 1928 1609 astaret
1947 1551 2051 1624 qui
2073 1551 2191 1608 Deo

538 1643 864 1699 contrarius
889 1647 1059 1699 esset.

606 1839 797 1896 Tertia
837 1853 1079 1912 quoque
1130 1852 1333 1904 causa,
1366 1842 1431 1894 ut
1462 1837 1669 1895 mortis
1709 1837 1966 1911 vitisque
1999 1838 2191 1895 Domi-

536 1944 650 1985 nus
665 1933 1136 1997 cognosceretur.
1168 1930 1356 1983 Moses
1387 1928 1542 1983 enim
1578 1931 1846 1984 mortuus
1864 1932 2006 1994 erat,
2040 1927 2194 1985 Elias

539 2022 731 2075 autem
764 2017 934 2072 vivus
969 2034 981 2073 :
1016 2021 1070 2073 et
1100 2022 1163 2072 ut
1209 2016 1475 2072 videntes
1509 2017 1884 2089 postmodum
1918 2018 2195 2090 discipuli

536 2105 703 2163 illum
735 2106 1107 2171 morientem,
1143 2105 1538 2175 intelligerent
1566 2107 1731 2178 quod
1760 2107 1882 2163 hac
1929 2107 2196 2164 volunta-

538 2196 621 2252 rie
660 2199 974 2267 pateretur,
1010 2200 1065 2251 et
1096 2195 1422 2265 cogitarent
1451 2196 1617 2267 quod
1647 2212 2033 2269 nequaquam
2078 2213 2194 2254 mo-

538 2289 763 2341 reretur
792 2284 1010 2339 invitus
1040 2285 1142 2357 qui
1173 2284 1375 2339 mortis
1406 2284 1661 2357 vitaeque
1692 2290 1846 2342 esset
1872 2286 2183 2343 Dominus.

611 2375 806 2430 Potest
835 2377 892 2429 et
920 2373 1038 2429 alia
1069 2372 1211 2429 addi
1243 2390 1427 2430 causa
1456 2374 1622 2447 quod
1670 2375 1780 2431 hos
1818 2384 2062 2448 propter
2109 2377 2194 2433 di-

538 2462 796 2535 scipulos
826 2462 1095 2529 adduxit,
1130 2468 1190 2520 ut
1227 2464 1306 2519 ad
1349 2480 1553 2520 eorum
1596 2464 1987 2522 imitationem
2040 2466 2193 2522 exci~

537 2556 821 2611 terentur.
865 2551 1171 2625 Siquidem
1219 2556 1404 2611 Moses
1456 2553 1671 2625 linguai
1716 2554 1991 2612 tardioris
2044 2559 2189 2626 erat,

535 2641 691 2699 Elias
736 2657 876 2698 vero
922 2642 1129 2698 durior
1165 2658 1235 2699 ac
1265 2641 1568 2715 asperior:
1605 2642 1789 2700 ambo
1835 2644 2013 2701 etiam
2066 2643 2193 2701 ino-

534 2746 640 2805 pes
671 2734 857 2798 erant,
904 2734 959 2787 et
993 2732 1285 2788 adversus
1326 2736 1610 2804 tyrannos
1641 2748 1868 2805 magna
1908 2733 2191 2807 loquendi

533 2820 802 2878 libertate
842 2821 929 2877 usi
972 2825 1156 2878 sunt:
1201 2824 1389 2878 Moses
1427 2823 1670 2895 quidem
1718 2823 1997 2879 adversus
2042 2824 2193 2881 Pha-

533 2925 805 2976 raonem,
840 2909 987 2965 Elias
1016 2925 1159 2966 vero
1201 2910 1492 2967 adversus
1521 2911 1726 2968 Achab
1755 2930 1769 2968 :
1802 2917 1857 2969 et
1888 2930 1921 2968 a
1960 2928 2190 2985 perver-

536 3000 618 3055 sis
654 2999 999 3055 hominibus
1033 3000 1133 3072 qui
1174 3015 1211 3056 a
1258 3016 1320 3057 se
1364 3002 1603 3073 magnis
1645 3001 1837 3059 aﬁ'ecti
1885 3008 2052 3061 erant
2096 3004 2196 3059 be-

2301 472 2388 528 οὖν
2418 475 2549 535 αὕτη
2582 476 2745 530 αἰτία.

2369 583 2547 658 Ἐτέρα
2603 580 2662 637 δὲ
2726 581 2894 635 πάλιν⁹
2948 577 3250 656 Ἐπειδήπερ
3312 580 3542 636 ἐνεκάλουν
3588 585 3701 657 αὐτῷ
3741 594 3780 639 τὸ

2301 672 2636 747 παραϐαίνειν
2691 675 2776 725 τὸν
2844 676 3017 744 νόμον,
3071 670 3309 743 λέγοντες·
3367 671 3515 733 Οὗτος
3558 673 3635 727 οὐκ
3685 678 3783 727 ἔστιν

2303 763 2357 817 ἐκ
2412 771 2502 817 τοῦ
2552 770 2707 829 Θεοῦ,
2749 764 2827 815 ὅτι
2873 766 2930 814 τό
2982 760 3237 814 Σὰϐϐατον
3285 760 3338 814 οὐ
3386 770 3530 835 τηρεῖ,
3573 768 3647 815 καὶ
3674 764 3783 816 πάλιν

2304 854 2515 907 ἐκάλουν
2570 853 2724 905 αὐτὸν
2807 851 3117 925 βλάσφημον
3173 856 3260 903 καὶ
3327 853 3685 926 σφετεριζόμενον
3726 860 3785 910 τὴν

2305 941 2462 1007 δόξαν
2519 952 2610 995 τοῦ
2653 948 2799 1011 Θεοῦ,
2863 944 3158 1013 φάσκοντες
3244 946 3359 1014 Περὶ
3404 940 3542 993 καλοῦ
3590 943 3710 1015 ἦογον
3748 942 3787 994 οὐ

2302 1034 2578 1106 λιθάζομέν
2659 1052 2736 1098 σε,
2828 1030 2957 1084 ἀλλὰ
3020 1035 3137 1104 περὶ
3221 1028 3547 1103 βλασφημίας,
3608 1035 3680 1083 καὶ
3736 1033 3790 1082 ὅτι

2304 1125 2573 1198 ἅνθρωπος
2637 1123 2704 1174 ὢν
2760 1130 2921 1182 ποιεῖς
3178 1118 3347 1172 ἑαυτὸν
3409 1124 3538 1173 Θεόνο
3594 1122 3793 1192 παρίστη-

2307 1235 2388 1267 σιν
2433 1214 2593 1286 ἱαυτῷ
2624 1216 2710 1266 τόν
2767 1216 2993 1270 Μωῦσῆυ
3024 1213 3133 1283 μὶν,
3187 1210 3267 1262 ἴνα
3304 1206 3501 1281 δειχθῇ,
3540 1208 3667 1261 ὃτιεί
3697 1228 3789 1282 aag-

2305 1304 2469 1359 ἔϐαινε
2511 1307 2595 1356 τὸν
2646 1307 2820 1375 νόμον,
2874 1300 2968 1354 οὐκ
3020 1299 3079 1352 ἃν
3128 1301 3153 1352 ό
3201 1301 3462 1371 νομοθέτης
3509 1295 3792 1371 δουλοπριπῶς

2303 1394 2443 1467 αὐτῷ
2498 1398 2810 1468 παρίστατο·
2876 1394 2963 1443 τὸν
3011 1389 3187 1443 Ἠλίαν
3246 1385 3318 1459 δε,
3374 1388 3449 1440 irai
3496 1394 3627 1460 φανῇ,
3665 1388 3726 1438 ότι
3764 1384 3793 1437 εἰ

2304 1484 2617 1560 βλάσφημος
2646 1480 2705 1541 ἦν
2732 1486 2821 1534 καὶ
2872 1485 2961 1539 τὴν
2993 1487 3084 1533 τοῦ
3141 1485 3274 1534 Θεοῦ
3318 1474 3462 1541 δόξαν
3506 1475 3794 1549 ἐσφετερίζετο,

2301 1579 2373 1648 μὴ
2419 1578 2785 1647 προσήκουσαν
2830 1569 2989 1641 αὐτῷ,
3051 1569 3143 1622 οὐκ
3185 1568 3246 1621 ἃν
3288 1569 3311 1620 6
3349 1568 3464 1641 ὑπερ
3501 1573 3579 1626 τῆς
3609 1572 3679 1617 τοῦ
3701 1568 3796 1616 Θεοῦ

2266 1662 2464 1743 ῖδόξης
2513 1662 2590 1717 ἀεὶ
2646 1660 2761 1736 (38)
2808 1659 2997 1728 ζηλῶν,
3044 1660 3109 1720 ὡς
3166 1654 3348 1719 δοῦλος
3379 1663 3447 1728 τῷ
3488 1653 3663 1726 ἀντιθέῳ
3704 1670 3799 1723 sap-

2304 1759 2322 1807 ί
2328 1773 2506 1807 στατο.

2375 1865 2476 1915 Kal
2506 1858 2633 1919 ἄλλη
2677 1855 2736 1913 δε
2766 1855 2916 1921 αὖθις
2955 1856 3119 1925 αἰτία,
3157 1855 3241 1908 ἶνα
3280 1854 3549 1930 γνωρισθῇ,
3576 1852 3640 1904 ὅτι
3664 1851 3800 1921 Κύριός

2304 1951 2414 2004 ἐστι
2465 1954 2554 2002 καὶ
2586 1950 2807 2002 θανάτου
2854 1952 2943 2000 καὶ
2982 1948 3139 2009 ζωῆς.
3190 1953 3420 2007 Μωῦσῆς
3467 1945 3544 2016 μὶν
3581 1943 3662 2015 γὰρ
3687 1939 3799 1990 θανὼν

2306 2036 2387 2107 ἧν,
2420 2040 2598 2102 Ἠλίας
2638 2035 2695 2093 δὲ
2736 2040 2859 2101 ζῶν.
2914 2042 3014 2090 Kal
3061 2038 3163 2102 ἵνα,
3198 2035 3461 2109 βλέποντες
3495 2031 3625 2084 αὐτὸν
3649 2029 3801 2099 ὕστερον

2306 2131 2353 2182 οἱ
2389 2131 2623 2203 μαθηταὶ
2656 2128 3070 2197 ἀποθνήσκοντα,
3098 2131 3358 2186 νοήσωσιν
3382 2123 3589 2177 ἑκούσιον
3613 2120 3658 2171 τὸ
3676 2122 3800 2169 τοιοῦ-

2304 2239 2389 2272 τον
2420 2222 2605 2284 πάθος,
2632 2224 2721 2271 καὶ
2749 2217 3079 2291 λογίσωνται,
3116 2217 3196 2269 ὅτι
3228 2215 3319 2268 οὐκ
3345 2212 3401 2266 ἂν
3430 2212 3552 2265 ἄκων
3576 2206 3766 2261 ἀποθάνοι
3784 2221 3800 2253 ο

2305 2310 2446 2373 ζωῆς
2474 2313 2562 2362 καὶ
2589 2310 2809 2361 θανάτου
2843 2309 3052 2381 Κύριος.

2374 2398 2526 2453 Ἐστι
2584 2396 2643 2451 δε
2694 2402 2783 2450 καὶ
2836 2396 3008 2469 ἑτέραν
3058 2394 3216 2449 εἰπεῖν
3261 2393 3445 2457 αἰτίαν,
3490 2391 3558 2443 ὅτι
3599 2384 3673 2440 διὰ
3719 2384 3803 2440 τοὺς

2302 2490 2537 2563 μαθητὰς
2591 2491 2914 2562 παρέστησεν
2973 2485 3179 2555 αὐτοὺς,
3264 2485 3346 2536 ἶνα
3412 2478 3711 2533 διαναστὼσιν
3755 2491 3803 2530 εις

2300 2583 2526 2651 μίμησιν
2555 2577 2743 2631 αὐτῶν.
2795 2579 2894 2628 Καὶ
2930 2576 3032 2650 γὰρ
3072 2580 3308 2634 Μωῦσῆς
3352 2572 3438 2644 μεν
3473 2563 3801 2643 βραδύγλωσσος

2302 2666 2362 2729 ἦν
2395 2683 2406 2695 '
2438 2667 2616 2728 ’[ἰλίας
2647 2665 2705 2719 ὸε
2731 2664 3087 2739 ἀγροικότερον
3120 2659 3457 2735 διακείμενος,
3486 2663 3564 2710 καὶ
3594 2658 3803 2724 inmiti-0‘“;

2299 2757 2576 2833 ἀμφότεροι
2609 2774 2620 2784 ·
2670 2759 2761 2807 καὶ
2806 2756 2942 2827 ὅμως
2982 2755 3108 2828 πρὸς
3158 2754 3435 2825 τυράννους
3478 2749 3662 2805 ἕκαστος
3688 2739 3802 2791 adv?“

2301 2846 2729 2922 ἐπαρρησιάσατο
2779 2862 2791 2875 ·
2850 2850 3080 2903 Μωϋσῆς
3158 2844 3251 2914 μεν
3328 2842 3449 2915 πρὸς
3521 2837 3595 2922 τὸν
3655 2832 3809 2922 Φαραὼ,

2305 2920 2481 2998 Ἠλίας
2531 2932 2589 2988 δὲ
2643 2937 2767 3008 πρὸς
2831 2936 2918 2986 τὸν
2969 2928 3206 3005 Ἄχριάῶ
3273 2934 3374 2984 Καὶ
3420 2929 3534 2999 ὑπὲρ
3578 2920 3809 2993 ἀγνωμόνων

2306 3024 2606 3100 ἀνθρώπων,
2690 3026 2774 3075 καὶ
2878 3019 2965 3073 ὑπ’
3039 3020 3206 3073 αὐτῶν
3292 3027 3390 3072 τῶν
3473 3008 3811 3090 εὐεργετουμένων

535 3089 784 3155 neﬁciis,
839 3089 1096 3160 plurima
1143 3091 1305 3162 passi
1355 3097 1496 3147 sunt
1534 3092 1817 3163 pericula,
1860 3096 1916 3149 et
1953 3109 2062 3150 nec
2110 3094 2193 3150 sic

2302 3119 2467 3188 μυρία
2523 3109 2667 3166 δεινὰ
2717 3112 3027 3178 πεπόνθασι,
3084 3113 3173 3162 καὶ
3220 3104 3338 3162 οὐδ’
3391 3107 3538 3166 οὕτως
3583 3101 3811 3153 ἀπέστησαν

535 3178 887 3234 destiterunt
917 3194 1017 3235 eos
1065 3178 1143 3235 ad
1173 3178 1406 3237 bonum
1437 3196 1673 3252 semper
1700 3180 1971 3252 dirigere.
2005 3186 2192 3255 thue

531 3266 947 3324 vehementius
964 3268 1514 3326 imitarenturMosis
1530 3271 1773 3343 quidem
1791 3272 2189 3338 clementiam,

534 3356 822 3413 Elizvero
847 3358 1037 3413 zelum
1063 3374 1247 3431 quem
1284 3375 1395 3431 pro
1428 3363 1542 3415 Deo
1582 3363 1846 3431 gerebat,
1886 3363 2191 3435 utriusque

534 3454 735 3503 autem
803 3445 1399 3514 administrationem,
1464 3448 1864 3523 laborumque
1941 3451 2193 3508 toleran-

534 3536 720 3592 tiam:
755 3535 964 3591 millies
1012 3552 1274 3608 namque
1316 3538 1479 3609 quod
1526 3538 1587 3593 in
1634 3555 1696 3594 se
1739 3545 1864 3597 erat
1923 3557 2027 3612 pro
2089 3542 2189 3599 Dei

532 3624 923 3697 beneplacitis
960 3624 1390 3694 moriebantur,
1422 3631 1478 3683 et
1506 3642 1615 3699 pro
1653 3629 1878 3700 populo
1908 3630 2023 3686 sibi
2048 3646 2188 3687 con-

534 3713 777 3785 credito,
806 3729 1067 3787 suasque
1094 3714 1397 3787 perdenda
1423 3716 1661 3772 animas
1686 3718 2041 3776 invenerunt
2064 3736 2187 3777 eas.

606 3856 1109 3931 Colloquebantur
1129 3862 1329 3916 autem
1350 3874 1489 3916 cum
1506 3876 1596 3926 eo,
1623 3862 2003 3919 ostendentes
2024 3864 2192 3938 quod

533 3948 628 4005 lex
667 3962 772 4020 per
809 3950 1008 4005 Mosen
1048 3947 1190 4006 data
1222 3955 1366 4016 erat,
1408 3966 1478 4006 ac
1518 3966 1715 4008 sermo
1755 3952 1858 4024 qui
1906 3969 2012 4026 per
2063 3970 2191 4026 pro-

533 4036 743 4112 phetas
772 4036 847 4093 de
894 4044 1082 4095 morte
1113 4039 1242 4109 ejus
1271 4039 1482 4107 fuerat,
1514 4040 1894 4099 conformiter
1924 4060 2062 4100 cum
2091 4044 2191 4102 illo

535 4127 1043 4202 prmsignaverant
1064 4146 1077 4181 :
1103 4128 1195 4185 ille
1215 4129 1461 4201 quidem
1482 4129 1544 4186 in
1561 4130 1770 4202 ﬁguris
1790 4132 2187 4202 victimarum,

534 4217 633 4276 hic
657 4216 716 4273 in
746 4216 994 4274 diversis
1022 4216 1332 4275 vaticiniis.

606 4307 797 4364 Lucas
850 4322 985 4363 vero
1024 4305 1164 4362 dicit
1212 4306 1372 4379 quod
1414 4307 1587 4365 etiam
1627 4308 1689 4365 hi
1726 4310 1785 4366 in
1824 4310 2012 4382 gloria
2067 4312 2190 4370 sive

533 4397 851 4471 splendore
870 4402 1278 4469 apparuerunt
1300 4397 1344 4463 ³,
1372 4399 1437 4453 ut
1456 4396 1759 4454 discamus
1783 4400 1946 4471 quod
1978 4416 2186 4456 omnes

533 4486 638 4560 qui
680 4485 1015 4543 secundum
1063 4485 1250 4540 Deum
1288 4484 1577 4553 vixerunt,
1617 4486 1885 4543 divinum
1932 4489 2189 4546 induunt

536 4574 932 4647 splendorem.
966 4574 1115 4640 Quid
1147 4578 1347 4631 autem
1389 4575 1493 4649 (ee)
1526 4575 2021 4650 colloquebantur
2052 4596 2187 4636 cum

536 4677 606 4717 eo
630 4664 657 4718 ?
690 4664 910 4718 Rursus
940 4663 1053 4719 hoc
1084 4663 1287 4721 docuit
1321 4666 1500 4721 Lucas
1531 4666 1571 4731 ⁸,
1606 4666 1810 4723 dicens
1839 4666 2004 4740 quod
2035 4667 2189 4723 dice-

535 4750 683 4807 bant
710 4765 1016 4807 excessum
1044 4753 1171 4823 ejus
1202 4769 1383 4825 quem
1414 4754 1816 4827 completurus
1842 4761 1967 4813 erat
1990 4757 2189 4814 Hiero-

536 4839 803 4912 solymis,
836 4855 1146 4899 excessum
1176 4858 1400 4901 vocans
1425 4841 1503 4902 ab
1532 4843 1645 4902 hac
1674 4844 1793 4903 vita
1818 4847 2041 4904 exitum
2067 4847 2190 4905 sive

536 4929 869 4988 transitum.

610 5054 850 5116 “Joan.
878 5073 954 5126 rx,
990 5056 1073 5117 t6.
1106 5058 1124 5096 ί
1154 5057 1327 5116 Joan.
1360 5074 1418 5127 χ,
1444 5061 1531 5117 33.
1554 5060 1577 5096 ³
1606 5058 1745 5117 Luc.
1778 5074 1856 5116 ix.
1886 5060 1976 5118 31.
2005 5064 2024 5096 ³
2056 5059 2209 5122 ibid.

2300 3211 2390 3258 τοῦ
2461 3206 2715 3277 περιέπειν
2798 3200 3003 3261 αὐτούς.
3086 3203 3188 3252 Καὶ
3262 3200 3347 3250 ἵνα
3422 3198 3493 3248 ἔτι
3560 3192 3813 3264 μιμὴσωνται

2302 3297 2561 3354 Μωυσέως
2599 3293 2689 3363 μεν
2718 3294 2811 3349 τὴν
2841 3288 3186 3352 ἀνεξικακίαν,
3222 3288 3400 3341 Ἠλίου
3433 3281 3504 3351 δε,
3530 3284 3604 3335 τόν
3631 3279 3727 3347 ὑπὲρ
3756 3290 3812 3369 του

2301 3390 2433 3438 Θεοῦ
2501 3380 2679 3443 ζῆλον,
2734 3379 3028 3452 ἀμφοτέρων
3104 3373 3164 3429 δὲ
3231 3381 3291 3429 τὸ
3366 3370 3695 3447 ὃημοιγωγιιιὸν
3753 3378 3813 3452 κοί

2300 3476 2586 3546 φερέπονον.
2620 3470 2877 3543 Μυριάκις
2930 3468 3029 3539 γὰρ
3076 3469 3133 3518 τὸ
3166 3464 3245 3518 ἐπ’
3275 3465 3452 3525 αὐτοῖς
3481 3461 3692 3513 ἀπέθανον
3726 3452 3811 3518 ὑπερ

2296 3569 2396 3613 τῶν
2428 3559 2745 3632 ἀρεσκόντων
2777 3564 2912 3628 Θεῷ,
2940 3554 3033 3608 καί
3060 3556 3186 3629 ὑπερ
3214 3562 3309 3609 τοῦ
3356 3550 3524 3625 δήμου
3566 3552 3643 3599 τοῦ
3678 3543 3811 3613 ἐμπιε-

2296 3652 2560 3711 τευθέντος
2606 3648 2802 3714 αὐτοῖς,
2844 3650 2933 3698 καὶ
2974 3645 3068 3706 τὰς
3095 3643 3285 3717 ψυχὰς
3318 3642 3483 3696 αὐτῶν
3532 3634 3813 3690 ἀπολέσαντες,

2299 3741 2442 3813 εὖρον
2469 3739 2629 3801 αὐτάς

2370 3845 2674 3901 Συνελοὶλουν
2741 3840 2800 3897 δε
2853 3842 3011 3914 αὐτῷ,
3074 3838 3394 3903 δεικνύντες,
3444 3839 3521 3889 ὅτι
3583 3835 3659 3883 καὶ
3696 3828 3715 3878 ὁ
3756 3818 3815 3921 διε

2299 3940 2563 3998 Μωῦσίως
2591 3939 2765 4007 νόμος,
2794 3936 2884 3985 καὶ
2921 3933 2946 3984 ό
2997 3928 3091 3984 διὰ
3119 3938 3219 3983 τῶν
3261 3934 3534 4003 προφητῶν
3568 3921 3710 3992 λόγος.
3740 3927 3815 3980 περι

2298 4033 2390 4078 τοῦ
2442 4026 2660 4077 θανάτου
2711 4022 2871 4075 αὐτοῦ
2926 4024 3213 4093 συμφώνως
3262 4018 3409 4088 αὐτῷ
3452 4011 3815 4089 προπεφὼνπσαν

2299 4116 2324 4167 ὀ
2358 4117 2457 4186 ’μεν
2488 4112 2534 4166 ἰν
2564 4116 2747 4175 τύποις
2786 4119 2886 4164 τῶν
2938 4110 3054 4183 (39)
3111 4111 3333 4177 θυσιῶν,
3389 4107 3415 4158 ό
3460 4100 3515 4157 δὲ
3553 4100 3595 4151 ἐν
3625 4094 3818 4165 diem“;

2296 4202 2639 4279 προρρήσεσι.

2370 4317 2572 4372 Λουκᾶς
2607 4306 2667 4363 δέ
2721 4327 2901 4382 φησιν,
2948 4308 3025 4360 ὅτι
3068 4309 3157 4359 καὶ
3205 4306 3357 4359 οὗτοι
3396 4302 3443 4356 ἐν
3471 4297 3591 4370 δόξῃ
3619 4293 3819 4379 ὤφθησταξ

2297 4406 2482 4468 εἶτουν,
2534 4400 2583 4453 ἐν
2638 4398 2986 4473 λαμπρότητι,
3047 4397 3132 4448 ἵνα
3179 4397 3451 4469 μάθωμεν,
3500 4391 3576 4443 ὅτι
3609 4385 3770 4441 πάντες,
3793 4391 3823 4423 οι

2296 4494 2431 4545 κατὰ
2490 4493 2611 4545 Θεὸν
2703 4470 2971 4551 ζήσαντες,
3050 4493 3147 4547 τῆς
3221 4486 3369 4545 θείας
3447 4470 3821 4553 μεταλαμϐάνουσι

2294 4582 2678 4654 )αμττρότητος.
2724 4581 2787 4630 Τί
2837 4572 2895 4628 δε
2936 4572 3241 4627 συνελάλουν
3294 4571 3458 4641 αὐτῷ,
3514 4560 3823 4655 ἐδίδαξίταω

2298 4672 2322 4723 ὁ
2376 4674 2601 4730 Λουκᾶς.
2653 4663 2777 4719 Εἶπε
2830 4667 2951 4739 γὰρ,
3003 4664 3077 4715 ὅτι
3132 4662 3305 4733 ἔλεγον
3357 4665 3451 4718 τὴν
3500 4649 3658 4718 ἔξοδον
3691 4659 3822 4743 αυτόν,

2300 4760 2358 4818 ἢν
2413 4757 2581 4831 ἔμελλε
2614 4756 2841 4831 πληροῦν
2988 4750 3350 4825 Ἰερουσαλήμο
3414 4742 3585 4811 ἔξοδον
3632 4737 3828 4831 ὀνομάσας

2297 4853 2390 4908 τὴν
2435 4823 2536 4901 ἀπὸ
2587 4855 2682 4909 τῆς
2720 4823 2856 4908 ζωῆς
2903 4823 3099 4903 mira;
3145 4840 3407 4905 ἓξέλευσιν
3459 4840 3548 4889 καὶ
3591 4823 3827 4905 μετάϐασο.

1757 5211 1982 5281 Varia;
2027 5213 2350 5282 lectiones
2375 5217 2664 5278 etnotae.

611 5379 725 5461 (37)
774 5384 1010 5437 Σεαυτόν.
1050 5381 1359 5464 Chrysost.
1396 5384 1444 5464 ξ,
1656 5398 1715 5464 p_.
1757 5383 1863 5442 566
2010 5386 2192 5464 EIﬁO

539 5452 719 5520 enim,
759 5468 882 5510 non
936 5469 1006 5510 ex
1045 5452 1346 5509 codicibus
1396 5452 1540 5509 Novi
1578 5452 1933 5514 Testamenti
1971 5456 2030 5513 hi
2069 5455 2192 5513 duo

535 5524 785 5583 Joannis
824 5525 941 5583 loci
980 5529 1114 5583 sunt
1139 5524 1391 5583 laudati.
1432 5524 1575 5580 Hinc
1603 5528 1857 5593 variatas
1886 5528 2184 5585 lectionis.

2401 5380 2496 5450 33)
2537 5379 2663 5447 Ἀεί,
2694 5377 2884 5450 abest.
2915 5377 2987 5450 ᾼ.

2401 5381 2496 5450 38)
2537 5381 2663 5447 ’Λεί,
2694 5381 2882 5437 abest.
2919 5381 2987 5432 A.

2374 5381 2491 5528 £39)
2534 5451 2793 5523 Παλαιῶν,
2814 5448 2996 5508 addit.
3018 5452 3050 5500 A
3070 5489 3086 5506 .

613 5652 717 5725 (ee)
751 5651 902 5722 Quid
929 5660 1142 5711 autem.
1171 5651 1343 5710 Forte
1370 5650 1512 5724 legit
1534 5654 1584 5704 τι
1613 5648 1673 5706 δὲ
1697 5682 1766 5695 --
1798 5654 1937 5727 αὐτῷ
1962 5670 1975 5721 ;
2006 5660 2158 5707 τοῦτο
2182 5651 2194 5707 ὲ
