3906 6202
435 268 538 344 483

1767 261 2116 335 EUTHYMIl
2155 269 2479 336 ZlGABENl

3693 275 3795 341 tet

433 416 633 468 autem
664 413 862 466 Petrus
890 407 1140 478 duplam
1184 409 1325 462 tunc
1364 405 1580 461 mentis
1609 406 2072 462 commotionem

2196 415 2423 480 σταυροῦ
2483 404 2690 482 σφόδρα
2740 408 2932 470 ἀτελεῖς
2981 407 3114 468 ἦσαν
3163 411 3210 462 οἳ
3262 413 3516 484 μαθηται’
3571 411 3684 483 ἅμα
3740 408 3794 463 δι

432 499 801 556 sustinebat:
835 496 972 552 hinc
1000 494 1243 568 quidem
1280 492 1580 566 trepidans
1610 509 1719 566 pro
1769 494 2078 563 magistro,

428 589 589 645 illinc
609 603 813 643 veroa
870 583 1303 658 supernaturaii
1362 583 1462 638 illo
1518 588 1763 655 aspectu
1805 583 2080 638 turbatus

428 683 513 734 est
542 682 598 733 et
626 675 929 743 confusus,
949 674 1208 746 taliaque
1237 673 1590 745 loquebatur
1631 673 1904 728 nesciens
1932 671 2080 744 quid

426 765 663 832 diceret,
695 767 846 821 sicut
875 764 1021 820 dixit
1040 765 1228 819 Lucas
1257 764 1298 828 ‘,
1320 762 1436 818 hoc
1453 770 1540 817 est
1563 763 1721 834 quod
1748 761 2081 818 inconside-

425 861 550 913 rate
578 856 937 928 loqueretur.

499 1073 725 1126 Marcus
749 1071 950 1124 autem
982 1066 1062 1122 ait
1089 1083 1102 1122 :
1133 1067 1330 1138 Neque
1383 1065 1538 1122 enim
1569 1066 1785 1122 sciebat
1811 1065 1958 1138 quid
1998 1067 2080 1122 lo-

428 1165 665 1216 cuturus
684 1165 812 1215 esset
839 1159 881 1221 ⁵,
902 1157 959 1212 id
974 1160 1078 1227 est,
1104 1171 1224 1211 non
1251 1160 1496 1212 noverat
1516 1156 1655 1227 quid
1680 1155 1836 1211 aliud
1859 1155 2075 1212 melius

425 1247 734 1304 locuturus
767 1252 919 1302 esset
949 1245 1042 1301 vel
1072 1245 1235 1317 loqui
1269 1249 1484 1316 posset.
1517 1244 1738 1300 Deinde
1761 1244 1993 1300 addidit
2023 1252 2079 1300 et

426 1353 674 1394 causam
726 1337 954 1402 dicens,
984 1334 1151 1407 quod
1179 1341 1349 1391 erant
1397 1334 1675 1391 exterriti.
1707 1335 1896 1390 Lucas
1935 1349 2076 1391 vero

425 1426 661 1498 scripsit
695 1428 737 1493 ⁵,
790 1426 949 1497 quod
994 1428 1162 1480 erant
1215 1439 1430 1480 somno
1468 1423 1698 1494 gravati
1741 1441 1754 1483 :
1808 1423 2075 1479 Exterriti

421 1515 666 1587 quidem
698 1514 826 1570 visa
855 1513 1050 1586 specie
1082 1511 1216 1585 plus
1268 1528 1452 1585 quam
1505 1511 1792 1568 humana.
1854 1514 2075 1570 Grave.-

417 1602 634 1659 bantur
663 1606 863 1658 autem
895 1615 1109 1657 somno
1139 1615 1257 1673 prae
1303 1616 1521 1673 sopore
1549 1601 1656 1674 qui
1687 1616 1723 1656 a
1754 1600 2074 1673 splendore

419 1691 829 1764 procedebat;
885 1705 1080 1764 neque
1151 1690 1310 1745 enim
1369 1705 1487 1746 nox
1566 1696 1693 1746 erat
1767 1691 1871 1746 sed
1926 1691 2071 1747 dies.

420 1757 764 1853 -Splendoris
840 1757 1041 1836 tamen
1099 1794 1373 1834 excessus
1424 1778 1786 1834 obscurabat
1838 1779 2072 1836 illorum
2108 1757 2149 1812 Β

420 1871 650 1938 oculos,
681 1885 752 1925 ac
790 1875 1041 1924 mentem
1063 1867 1449 1938 aggravabat,
1482 1867 1675 1924 donec
1701 1867 1955 1939 perfecte
1977 1885 2075 1925 ex-

421 1959 688 2031 perrecti,
745 1957 895 2012 sicut
950 1957 1098 2012 dixit
1140 1957 1328 2011 Lucas
1360 1957 1402 2027 ⁷,
1461 1957 1585 2011 sive
1640 1957 1718 2012 ad
1771 1974 1832 2012 se
1881 1974 1918 2014 a
1975 1958 2075 2014 tali

423 2061 635 2120 sopore
661 2051 717 2102 et
744 2045 1232 2102 obtenebratione
1289 2044 1525 2110 reversi,
1580 2045 1856 2102 viderunt
1890 2063 2076 2119 quan-

424 2140 545 2192 tum
603 2134 887 2207 possibile
940 2138 1084 2202 erat,
1135 2133 1385 2202 gloriam
1433 2134 1582 2204 ejus.
1631 2133 1834 2189 Petrus
1874 2138 2074 2208 itaque

423 2224 736 2282 confusam
758 2224 956 2281 adhuc
978 2227 1236 2278 mentem
1265 2223 1513 2288 habens,
1548 2223 1989 2282 inconsiderata
2019 2233 2076 2282 et

423 2315 757 2384 incongrua
782 2312 1157 2385 loquebatur.

491 2405 533 2473 -ι-
570 2403 700 2458 Tria
733 2400 1121 2458 tabernacula
1150 2399 1392 2470 intelligi
1428 2405 1684 2473 possunt
1730 2406 1846 2458 tres
1875 2403 1954 2459 ad
1983 2420 2077 2461 sa-

421 2491 604 2547 lutem
651 2490 1096 2564 dispositiones,
1161 2489 1427 2545 videlicet
1481 2491 1867 2562 operationis,
1937 2509 2074 2549 con-

421 2581 848 2654 templationis,
872 2584 927 2637 et
941 2579 1272 2649 theologiie.
1298 2579 1882 2653 Operationisitaque
1896 2587 2073 2655 typus

417 2670 532 2728 fuit
580 2670 731 2727 Elias
791 2668 957 2726 fortis
986 2684 1057 2725 ac
1108 2672 1494 2741 temperatus.
1545 2669 2072 2742 Contemplationis

418 2759 613 2816 Moses
660 2759 963 2831 legislator
1003 2773 1073 2816 ac
1133 2757 1282 2829 juris
1341 2757 1533 2813 dator.
1595 2759 1886 2832 TheIOgiae
1940 2777 2072 2816 vero

419 2849 709 2917 Christus,
741 2854 945 2922 utpote
975 2847 1320 2904 omnimode
1343 2846 1656 2918 perfectus.
1693 2851 1824 2904 Haec
1869 2854 2069 2905 autem

418 2939 806 2996 tabernacula
819 2942 969 3005 sunt,
990 2936 1434 3009 comparatione
1447 2937 1782 2994 futurarum
1799 2939 2065 3010 quietum

415 3028 957 3102 incomparabiliter
994 3026 1335 3082 meliorum.

489 3119 660 3174 Vers.
690 3118 743 3172 5.
775 3117 989 3172 Adhuc
1014 3147 1082 3155 -
1112 3115 1279 3171 nube.
1316 3115 1512 3170 Nubes
1540 3119 1594 3170 et
1610 3133 1746 3184 vox,
1772 3122 1834 3174 ut
1863 3119 2068 3174 certio-
2102 3109 2143 3165 Ο

415 3211 510 3264 res
537 3209 922 3264 redderentur
941 3207 1042 3264 Dei
1082 3223 1216 3263 esse
1245 3222 1454 3262 vocem
1497 3223 1509 3272 ;
1546 3208 1877 3265 didicerant
1907 3211 2063 3265 enim

413 3298 578 3372 quod
603 3300 755 3354 Deus
783 3299 840 3353 in
873 3297 1031 3354 nube
1061 3297 1372 3352 veheretur
1406 3312 1418 3352 :
1447 3297 1675 3353 Ponens
1695 3299 1906 3371 inquit,
1951 3317 2062 3355 nu-

415 3388 504 3444 bes
534 3404 834 3444 ascensum
857 3388 1048 3442 suum“
1066 3405 1084 3458 ;
1112 3385 1770 3458 multaquehujusmodi
1793 3389 2064 3461 frequen-

413 3480 501 3533 ter
533 3477 711 3534 habet
738 3475 1399 3548 Scriptura.Considera
1419 3491 1559 3530 vero
1571 3491 1694 3547 quo
1715 3485 1891 3548 pacto
1917 3480 2064 3537 dum

412 3567 690 3634 minatur,
717 3565 1039 3621 obscuram
1057 3563 1223 3634 ponit
1242 3562 1402 3618 circa
1429 3579 1490 3617 se
1523 3564 1769 3634 nubem,
1796 3570 1861 3620 ut
1886 3583 2066 3640 super

415 3655 556 3710 Sina
587 3657 606 3688 ⁹
643 3677 654 3719 ;
688 3668 850 3708 nunc
875 3656 1076 3707 autem
1105 3650 1314 3707 Filium
1345 3651 1658 3708 ostendere
1709 3653 1936 3722 volens,
1977 3657 2064 3713 lu-

411 3743 605 3797 cidam
634 3741 796 3796 illam
834 3740 1043 3797 habet.

484 3829 640 3886 Vers.
655 3832 707 3886 5.
723 3829 925 3887 Dicens
941 3846 952 3886 :
970 3860 1036 3870 -—-
1052 3828 1458 3898 complacitum
1473 3833 1575 3884 est.
1592 3829 1888 3890 Haectertio
1900 3837 2059 3892 etiam

412 3920 595 3992 capite
613 3937 740 3976 cum
760 3919 1030 3976 Salvator
1047 3919 1445 3990 baptizaretur
1457 3917 1602 3975 dixit
1621 3922 1850 3980 cmiitus
1863 3929 2060 3994 Pater;

410 4007 513 4064 sed
543 4008 623 4064 ibi
655 4014 894 4081 propter
925 4007 1435 4064 circumstantium
1469 4008 1921 4080 multitudinem,
1963 4016 2063 4074 hic

411 4102 612 4153 autem
643 4099 904 4153 maxime
929 4105 1164 4169 propter
1190 4098 1428 4153 Petrum
1456 4117 1468 4166 ;
1525 4115 1596 4157 ac
1619 4103 1666 4156 si
1691 4101 1909 4160 diceret
1947 4122 2063 4162 vox

410 4188 593 4242 Patris
626 4203 638 4242 :
675 4187 826 4252 Quid
853 4188 1044 4258 times,
1079 4203 1116 4243 o
1144 4189 1324 4260 Petre,
1343 4191 1417 4246 de
1443 4191 1582 4248 Jesu
1607 4193 1743 4249 ?hic
1769 4201 1854 4251 est
1880 4195 2060 4251 Filius

408 4293 570 4332 meus
605 4299 616 4342 ;
639 4293 746 4333 nec
770 4276 1115 4349 simpliciter
1128 4277 1330 4344 Filius,
1355 4287 1416 4336 ut
1434 4282 1602 4355 hiqui
1626 4285 2062 4354 pervirtutema

406 4382 503 4422 me
527 4372 662 4422 sunt
681 4366 971 4440 adoptati,
993 4366 1098 4422 sed
1119 4367 1367 4425 dilectus
1389 4371 1512 4428 sive
1530 4373 1748 4428 electus
1771 4378 2059 4446 tanquam

405 4456 746 4526 unigenitus
780 4471 794 4524 ;
827 4472 937 4512 nec
961 4456 1022 4511 id
1053 4461 1303 4524 tantum,
1380 4475 1586 4516 verum
1643 4461 1819 4517 etiam
1850 4462 1909 4518 in
1936 4479 2058 4535 quo
2090 4453 2136 4509 Ι)

405 4545 550 4599 mihi
576 4545 994 4617 complacitum
1037 4551 1144 4612 est,
1178 4547 1292 4602 hoc
1323 4552 1410 4604 est
1454 4547 1510 4603 in
1542 4565 1664 4622 quo
1723 4551 2056 4624 requiesco,

403 4630 464 4686 in
490 4648 609 4701 quo
657 4633 935 4698 oblector,
982 4640 1046 4689 ut
1077 4634 1136 4690 in
1179 4636 1447 4692 unanimi
1508 4643 1563 4694 et
1593 4639 1802 4711 aequali
1866 4642 2053 4696 mihi:

403 4729 481 4775 ne
511 4735 649 4790 ergo
686 4721 768 4777 illi
819 4723 1048 4778 timeas.
1088 4726 1626 4800 Quantumcunque
1672 4729 1832 4785 enim
1885 4730 2055 4788 illum

405 4806 640 4878 diligas,
667 4825 789 4866 non
819 4813 966 4867 adeo
1017 4827 1147 4868 eum
1197 4815 1393 4886 diligis
1442 4822 1506 4873 ut
1535 4833 1662 4888 ego.
1711 4819 1937 4891 Triplex
1968 4826 2056 4878 est

404 4913 672 4971 namque
702 4900 865 4971 apud
889 4916 984 4957 me
1003 4901 1093 4957 vis
1113 4906 1336 4960 amoris
1365 4921 1508 4977 erga
1537 4907 1727 4963 illum.
1755 4910 2053 4982 Siquidem

403 4991 697 5060 tanquam
724 4989 934 5046 Filium
952 4991 1117 5047 illum
1144 4993 1711 5068 diligo,ettanquam
1743 4997 2050 5067 dilectum,

404 5081 463 5136 et
497 5081 781 5152 tanquam
831 5095 929 5138 me
979 5087 1348 5142 recreantem
1389 5086 1658 5160 mihique
1696 5086 2048 5160 placentem.

2193 498 2217 546 ό
2260 499 2445 569 Πέτρος
2497 503 2584 549 καὶ
2637 495 2852 550 διπλοῦν
2911 507 3198 557 τηνικαῦτα
3257 501 3407 553 σάλον
3461 509 3555 561 τῆς
3610 500 3794 570 ψυχῆς

2192 586 2557 657 ὑφιστάμενος,
2605 597 2754 640 τοῦτο
2801 592 2911 658 μὲν,
2969 587 3068 640 ἀπὸ
3119 598 3210 642 τοῦ
3267 589 3487 661 ἀγωνιᾴν
3537 590 3666 661 ὑπὲρ
3707 598 3793 639 τοῦ

2191 671 2545 743 Διδασκάλου,
2578 685 2729 729 τοῦτο
2763 673 2832 742 δ’,
2870 677 2970 729 ἀπό
3001 687 3091 738 τῆς
3121 680 3409 753 ὑπερφυοῦς
3455 677 3622 748 ὅψεως
3656 677 3791 729 ἐκεί-

2188 783 2275 823 νης
2324 766 2615 837 ἐταράχθη,
2652 773 2736 818 καὶ
2775 770 3064 838 συνεχύθη,
3115 773 3204 820 καὶ
3243 776 3458 820 τοιαῦτα
3495 767 3789 840 ἐφθέγγετο,

2188 857 2258 924 μή
2331 850 2480 914 εἰδὼς
2536 857 2561 906 ὅ
2613 855 2769 926 λέγει,
2837 857 3010 916 καθὼς
3063 854 3171 909 εἷπε
3237 863 3457 926 Λουκᾶς,
3530 859 3555 908 ὃ
3625 855 3786 920 ἔστιν,

2190 941 2410 994 ἀσύνετα
2438 943 2621 1000 λαλῶν,

2260 1034 2470 1104 Μάρκος
2519 1029 2577 1084 δε
2616 1052 2792 1105 φησιν,
2837 1036 2914 1086 ὅτι
2967 1035 3075 1086 Οὐκ
3116 1031 3256 1108 ᾔδει,
3295 1040 3345 1088 τί
3382 1034 3621 1099 λαλήσει,
3665 1054 3783 1086 του-

2187 1124 2377 1181 τέστιν,
2438 1121 2530 1172 οὐκ
2588 1121 2852 1192 ἐγίνωσκε,
2911 1128 2963 1174 τί
3020 1123 3228 1181 λαλήσει
3293 1125 3457 1195 ἕτερον
3515 1131 3776 1196 κρεῖττον.

2188 1215 2312 1261 Εἰτα
2341 1212 2632 1282 προσέθηκε
2683 1217 2772 1263 καὶ
2820 1213 3010 1278 αἰτίαν,
3047 1213 3217 1265 εἰπών·
3251 1214 3329 1264 ὃτι
3379 1210 3513 1270 ἦσαν
3552 1212 3783 1284 ἔκφοϐοι.

2189 1306 2394 1360 Λουκᾶς
2458 1296 2516 1352 δὲ
2568 1300 2812 1374 ἔγραψεν,
2872 1303 2950 1353 ὃτι
3013 1298 3146 1359 ἦσαν
3215 1301 3559 1375 βεϐαρημένοι
3619 1304 3785 1373 ῦπνῳ.

2184 1386 2598 1460 Ἐξεφοϐήθησαν
2646 1393 2734 1462 μὲν
2778 1393 2901 1465 γὰρ,
2954 1387 3150 1453 ἰδόντες
3209 1387 3352 1452 εἶδυς
3397 1392 3522 1465 ὑπὲρ
3583 1393 3788 1464 ἄνθρω-

2184 1497 2297 1530 τιον⁹
2337 1479 2665 1552 ἐϐαρήθησαν
2712 1476 2770 1532 δε
2817 1487 2978 1551 ῦπνῳ,
3026 1479 3155 1551 λέγω
3210 1475 3301 1544 δή,
3351 1482 3514 1554 κάρῳ,
3557 1488 3633 1550 τῷ
3685 1480 3787 1532 ἀπὸ

2184 1574 2279 1628 τῆς
2316 1564 2669 1641 λαμπηδόνος.
2726 1573 2825 1621 Καὶ
2853 1571 2953 1641 γὰρ
2989 1569 3048 1620 οῦ
3082 1570 3172 1631 νὺξ
3207 1565 3287 1634 ἧν,
3334 1567 3440 1620 ἀλλ’
3489 1570 3680 1641 ἠμέρα-
3729 1573 3786 1620 τό

2186 1651 2246 1707 δι
2293 1665 2385 1718 τῆς
2446 1653 2782 1729 λαμπηδόνος
2838 1656 3150 1732 ὑπερϐάλλον
3207 1656 3446 1710 έσκότισε
3503 1661 3593 1730 μὲν
3662 1661 3789 1718 τούς

2185 1744 2480 1818 ὀφθαλμούς
2547 1746 2734 1798 αὐτῶν⁸
2816 1745 3044 1818 έκάρωσε
3104 1743 3163 1799 δι
3219 1752 3305 1799 τόν
3380 1755 3518 1815 νοῦν,
3579 1749 3665 1808 ἕως
3719 1748 3786 1798 οὗ

2186 1831 2718 1907 διαγρηγορήσαντες,
2797 1837 2867 1898 ὡς
2927 1839 2952 1887 ό
3032 1842 3240 1898 Λουκᾶς
3319 1837 3538 1908 εἶρηκεν,
3618 1839 3787 1888 εἶτουν

2185 1922 2534 1994 ἀνανήψαντες
2566 1931 2657 1976 τοῦ
2703 1927 2937 1976 τοιούτου
2981 1927 3143 1997 χοίρου
3194 1930 3282 1976 καὶ
3321 1934 3412 1986 τῆς
3448 1920 3785 1984 σκοτοδίνης,

2185 2010 2343 2080 εἶδον,
2399 2017 2462 2074 ὡς
2515 2010 2756 2079 δυνατὸν,
2813 2018 2905 2073 τήν
2956 2011 3112 2077 δόξαν
3161 2015 3340 2069 αὐτοῦ.
3392 2018 3592 2068 Λοιπὸν
3643 2011 3704 2065 δὲ
3764 2018 3787 2066 ὁ

2186 2107 2395 2176 Πέτρος,
2455 2105 2529 2154 ἔτι
2584 2103 2807 2156 ἐντεῦθεν
2868 2109 3255 2176 συγκεχυμένον
3310 2107 3444 2175 ἔχων
3501 2107 3590 2154 τὸν
3643 2112 3783 2166 νοῦν,

2186 2191 2407 2244 ἀσύνετα
2437 2195 2834 2267 παρεφθέγγετο.

2255 2405 2421 2478 [Τρεῖς
2473 2404 2586 2476 (43)
2629 2409 2817 2463 σκηναὶ
2865 2407 3089 2463 νοηθεῖεν
3143 2407 3203 2458 ἄν
3256 2407 3311 2458 αἱ
3352 2413 3484 2480 τρεῖς
3530 2406 3654 2469 ἕξεις
3695 2415 3788 2468 τῆς

2187 2499 2470 2570 σωτηρίας,
2521 2497 2550 2554 ᾖ
2605 2513 2659 2547 τε
2709 2503 2802 2557 τῆς
2855 2495 3103 2570 πράξεως,
3165 2499 3254 2548 καὶ
3306 2496 3334 2553 ἦ
3389 2505 3484 2556 τῆς
3541 2498 3784 2568 θεωρίας,

2182 2589 2270 2636 καὶ
2318 2586 2347 2642 ἡ
2404 2592 2493 2644 τῆς
2543 2583 2825 2655 θεολογίας.
2885 2587 2990 2646 Τῆς
3045 2586 3136 2657 μὶν
3189 2581 3275 2636 οὖν
3328 2585 3562 2660 πράξεως
3621 2590 3785 2648 τύπος

2179 2673 2203 2722 ὁ
2259 2672 2454 2738 Ἠλίας,
2505 2676 2573 2734 ὡς
2613 2669 2849 2746 ἀνδρεῖος
2895 2677 2981 2724 καὶ
3037 2677 3270 2748 σάφρων,
3318 2681 3408 2734 τῆς
3455 2671 3513 2726 δε
3567 2677 3787 2749 θεωρίας

2180 2762 2205 2812 ό
2260 2769 2491 2824 Μωυσῆς
2538 2765 2604 2813 ὡν
2657 2763 2935 2834 νομοθέτης
2983 2766 3072 2814 καὶ
3129 2759 3494 2822 δικαιοδότης*
3565 2773 3661 2823 τῆς

2182 2850 2444 2921 θεολογίας
2491 2853 2515 2902 ὁ
2564 2854 2809 2922 Χριστὸς,
2859 2857 2923 2910 ὡς
2954 2848 3000 2901 ἐν
3032 2855 3187 2902 παντὶ
3233 2851 3440 2913 τέλειος.
3489 2857 3687 2908 Σκηναὶ
3724 2849 3783 2904 δὲ

3729 2763 3785 2816 δὲ

2179 2940 2334 2992 αὗται
2386 2944 2513 3014 πρὸς
2576 2942 2852 3014 σύγκρισιν
2904 2949 3000 2992 τῶν
3049 2939 3340 3012 μελλουσῶν
3400 2940 3610 3012 λήξεων,
3678 2951 3781 2992 τῶν

2179 3029 2502 3103 ἀσυγκρίτως
2539 3029 2881 3104 κρειττονων.]

2248 3120 2364 3171 "En
2413 3151 2479 3160 ——
2531 3119 2758 3191 νεφέλης.
2818 3118 3010 3190 Νεφέλη
3072 3123 3161 3170 καὶ
3213 3123 3370 3191 φωνή,
3422 3126 3505 3190 ἵνα
3556 3118 3784 3190 βεϐαιω-

2179 3211 2357 3273 θῶσιν,
2417 3211 2493 3260 ὅτι
2541 3213 2678 3281 φωνὴ
2735 3215 2826 3260 τοῦ
2879 3215 3010 3260 Θεοῦ
3060 3206 3196 3263 ἐστι.
3255 3209 3622 3279 Μεμαθηκότες
3676 3213 3783 3282 γὰρ

2176 3298 2330 3364 ἦσαν,
2374 3300 2453 3350 ὃτι
2489 3300 2513 3349 ὁ
2551 3305 2679 3358 Θεος
2719 3296 2801 3349 ἐπὶ
2848 3296 3051 3368 νεφέλης
3091 3299 3318 3368 ὀχεῖται.
3368 3297 3427 3348 Ὀ
3463 3299 3629 3358 τιθεὶς
3664 3301 3781 3368 (Η)

2173 3390 2295 3461 γάρ,
2359 3392 2510 3459 φησὶ,
2565 3393 2685 3444 νέφη
2746 3392 2840 3445 τήν
2915 3385 3156 3438 ἐπίϐασιν
3223 3386 3398 3440 αὑτοῦ.
3453 3392 3554 3439 Καὶ
3611 3386 3780 3438 πολλὰ

2172 3485 2389 3530 τοιαῦτα
2442 3476 2710 3548 πολλαχοῦ
2753 3485 2846 3538 τῆς
2892 3481 3121 3548 Γραφῆς.
3170 3480 3350 3527 Σκόπει
3398 3472 3478 3544 δι,
3515 3484 3648 3544 πῶς,
3693 3479 3778 3528 ὅτε

2172 3571 2262 3640 μεν
2324 3566 2536 3632 ἀπειλεῖ,
2590 3570 2855 3624 σκοτεινήν
2914 3562 3152 3617 δείκνυσι
3205 3564 3409 3636 νεφέλην
3470 3571 3587 3641 περὶ
3645 3565 3777 3617 ἐαυ-

2172 3661 2278 3721 τὸν,
2313 3660 2380 3720 ὡς
2411 3657 2495 3709 ἐπὶ
2525 3663 2615 3708 τοῦ
2655 3661 2793 3708 Eua?
2825 3661 2912 3705 νῦν
2949 3650 3028 3722 δε,
3061 3650 3282 3716 διδάξαι
3315 3653 3488 3724 θέλων,
3523 3661 3779 3726 φωτεινὴν

2171 3747 2332 3805 αὐτὴν
2363 3749 2494 3818 ἔχει.

2244 3841 2486 3907 Λέγουσα
2542 3866 2610 3875 -
2668 3830 2954 3892 εὐδόκησα.
3012 3839 3190 3885 Ταῦτα
3245 3837 3333 3884 καὶ
3387 3831 3434 3884 έν
3488 3841 3560 3904 τῷ
3617 3839 3769 3909 τρίτη

2169 3926 2444 3999 κεφαλαίῳ,
2505 3923 2888 3998 βαητιζομένου
2951 3929 3041 3975 τοῦ
3101 3929 3350 3995 Σωτῆρος,
3413 3923 3547 3975 εἶπεν
3610 3924 3770 3996 ούρα-

2169 4018 2310 4068 νόθεν
2376 4016 2400 4066 ό
2460 4019 2661 4088 Πατήρο
2722 4011 2814 4064 ἀλλ
2865 4011 2970 4063 ἐκεῖ
3023 4014 3111 4084 μεν
3171 4007 3264 4063 διά
3311 4014 3396 4063 τὸν
3455 4021 3776 4084 περιεστῶτα

2171 4104 2347 4176 ὄχλον,
2395 4105 2615 4155 ενταῦθα
2659 4098 2717 4153 δε
2769 4100 3000 4172 μάλιστα
3055 4097 3148 4153 διὰ
3197 4103 3284 4152 τὸν
3334 4103 3548 4171 Πέτρον,
3606 4104 3774 4152 ὡσανε

2169 4192 2419 4264 λεγούσης
2488 4200 2583 4254 τῆς
2659 4198 2827 4264 φωνῆς
2914 4198 3003 4243 τοῦ
3074 4193 3297 4264 Πατρός·
3369 4192 3430 4244 Τί
3521 4186 3777 4250 δέδοικας

2171 4283 2210 4334 ὦ
2253 4288 2427 4355 Πέτρε,
2479 4287 2594 4355 περὶ
2647 4290 2737 4334 τοῦ
2791 4283 3004 4347 Ἰησοῦ;
3055 4278 3204 4341 οὗτος
3250 4278 3388 4331 έστιν
3437 4280 3461 4330 ό
3510 4281 3638 4340 Υἱός
3677 4300 3780 4351 μου

2169 4378 2258 4424 καὶ
2306 4372 2409 4444 οὐχ
2460 4371 2631 4433 ἁπλῶς
2677 4374 2815 4437 Υἱός,
2866 4374 2935 4433 ὡς
2991 4371 3038 4422 οἱ
3092 4365 3164 4421 δι’
3223 4368 3406 4442 ἀρετῆς
3467 4370 3785 4440 υίοιτοιοῦμε

2169 4468 2246 4514 νοί
2304 4482 2412 4535 μοι,
2473 4461 2580 4512 ἀλλ’
2632 4463 2656 4513 ό
2729 4459 3017 4531 ἀγαπητὸς,
3071 4461 3251 4529 ἠγουν,
3309 4461 3340 4510 ὅ
3395 4456 3680 4531 ἐξαίρετος,
3741 4463 3783 4509 ὼ

2168 4557 2461 4624 μονογενής
2504 4555 2592 4602 καὶ
2641 4550 2699 4602 ού
2743 4557 2896 4602 τοῦτο
2926 4554 3097 4619 μόνον,
3143 4545 3270 4612 ἀλλ’,
3311 4545 3357 4598 έν
3483 4546 3785 4604 ηύόόκησα

2167 4645 2452 4707 τουτέστιν,
2661 4637 3080 4708 έπαναπαύομαι,
3185 4635 3257 4708 ἐφ’

2166 4734 2235 4792 ὡς
2277 4732 2598 4804 όμογνώμονι
2646 4733 2734 4781 καὶ
2780 4731 2880 4799 ἶσῳ
2930 4726 3060 4799 ἐμοί.
3113 4731 3197 4784 Μὴ
3240 4730 3409 4776 τοίνυν
3456 4724 3611 4798 φοϐοῦ
3645 4733 3780 4798 περὶ

2165 4821 2346 4874 αὐτοῦ.
2385 4818 2525 4872 Ὀσα
2570 4821 2667 4894 γὰρ
2714 4819 2774 4869 ἄν
2819 4817 2986 4890 φιλῇς,
3036 4815 3147 4885 (45)
3199 4813 3257 4866 ού
3305 4822 3547 4866 τοσοῦτον
3607 4815 3780 4887 φιλεῖς

2164 4911 2338 4976 αὐτόν,
2386 4910 2507 4961 ὅσον
2709 4905 2964 4980 Τριπλοῦν
2993 4907 3094 4978 γὰρ
3123 4902 3374 4977 παρ’ἐμοῦ
3413 4904 3527 4976 (46)
3554 4908 3619 4956 τό
3652 4913 3782 4981 περὶ

2163 5000 2317 5054 αὐτόν
2371 4998 2592 5073 φΟιτρον,
2652 4995 2785 5050 Φιλῶ
2846 4997 2947 5067 γὰρ
3019 4996 3084 5054 ὡς
3157 4995 3274 5046 Υίόν
3346 5013 3471 5066 μου,
3528 4999 3628 5048 καὶ
3705 4999 3779 5058 ὡς

2163 5089 2449 5166 ἀγαπητόν,
2515 5091 2606 5140 καὶ
2655 5088 2720 5148 ὡς
2772 5083 3100 5138 ἀναπαύονται
3152 5087 3243 5137 καὶ
3302 5081 3597 5160 ἀρέσκοντὰ
3659 5107 3779 5161 μοι.

2537 4641 2574 4710 ᾧ
2661 4637 3080 4710 έπαναπαύομαι,
3185 4636 3257 4708 ἐφ’
3475 4638 3778 4708 ἀρέσκομοιι

474 5229 496 5269 ⁸
520 5231 664 5290 Luc.
693 5246 771 5300 ix,
805 5235 896 5292 33.
969 5235 992 5273 ⁵
1023 5235 1201 5295 Marc.
1221 5249 1311 5307 ix,
1342 5240 1396 5297 6.
1428 5239 1453 5277 ⁸
1475 5237 1614 5297 Luc.
1655 5255 1733 5314 ix,
1761 5242 1854 5300 30.
1932 5245 1959 5283 τ
1982 5245 2136 5308 Ibid.
2165 5249 2256 5306 32.
2331 5240 2515 5303 'Psal.
2544 5255 2658 5312 cm,
2683 5238 2738 5296 8.
2812 5238 2835 5278 '
2869 5235 3052 5297 Exod.
3091 5251 3210 5308 ιιι,
3251 5236 3348 5297 16.

1625 5421 1841 5492 Variae
1877 5422 2210 5495 lectiones
2251 5433 2318 5493 et
2355 5431 2537 5492 notae

471 5584 563 5663 (43

474 5585 588 5730 (43ξ
627 5586 691 5641 In
717 5585 988 5672 margine
1016 5586 1198 5645 habet
1231 5589 1289 5652 Β,

474 5662 562 5726 (44
616 5665 718 5712 Τοῦ
744 5666 877 5712 Θεοῦ
908 5677 1045 5713 εστιν
1077 5663 1104 5718 ἡ
1141 5665 1278 5730 φωνή

917 5601 988 5672 ne
1016 5588 1198 5677 habet
1231 5589 1289 5676 B,
1324 5601 1460 5713 iure
1488 5588 1586 5648 hic
1627 5589 1859 5652 inclusa
1890 5598 2052 5654 sunt.

917 5677 1045 5713 ιστιν
1077 5680 1104 5713 η
1141 5681 1301 5713 φωνή.
1386 5701 1397 5713 .

616 5665 718 5712 Τοῦ
744 5666 877 5712 Θεοῦ
908 5663 1045 5713 ἐστιν
1077 5663 1104 5718 ἡ
1141 5665 1301 5733 φωνή.
1331 5663 1397 5714 Α.

2255 5594 2348 5668 45)
2379 5592 2560 5668 Φιλεῖς.
2594 5595 2660 5649 Δ.

2255 5595 2348 5668 45)
2379 5595 2560 5654 Φιλεῖς.
2594 5595 2660 5649 Δ.

2229 5595 2344 5742 ἕω)
2373 5667 2503 5743 nap’
2530 5663 2640 5738 ἐμοί
2666 5661 2898 5720 videtur
2923 5659 3180 5732 leguisse
3211 5661 3560 5721 Hentenius.
