  <div class='ocr_page' id='page_1' title='image "/cluster/home/n/w/nwhite01/storage/ocr_20150623/129/hvd.32044073502395/248.png"; bbox 0 0 3906 6202; ppageno 0'>
   <div class='ocr_carea' id='block_1_1' title="bbox 138 210 2553 298">
    <p class='ocr_par' dir='ltr' id='par_1_1' title="bbox 138 210 2553 298">
     <span class='ocr_line' id='line_1_1' title="bbox 138 210 2553 298; baseline -0.005 0"><span class='ocrx_word' id='word_1_1' title='bbox 138 231 232 298; x_wconf 76' lang='lat' dir='ltr'>tes</span> <span class='ocrx_word' id='word_1_2' title='bbox 1076 234 1438 298; x_wconf 83' lang='lat' dir='ltr'>COMMENT.</span> <span class='ocrx_word' id='word_1_3' title='bbox 1481 222 1553 291; x_wconf 85' lang='lat' dir='ltr'>iN</span> <span class='ocrx_word' id='word_1_4' title='bbox 1594 210 2041 290; x_wconf 66' lang='lat' dir='ltr'>MATTHIEUM.</span> <span class='ocrx_word' id='word_1_5' title='bbox 2077 261 2149 275; x_wconf 94' lang='lat'><strong>—</strong></span> <span class='ocrx_word' id='word_1_6' title='bbox 2188 214 2353 292; x_wconf 79' lang='lat' dir='ltr'>CAP.</span> <span class='ocrx_word' id='word_1_7' title='bbox 2390 230 2553 287; x_wconf 85' lang='lat' dir='ltr'>xvn.</span> 
     </span>
    </p>
   </div>
   <div class='ocr_carea' id='block_1_2' title="bbox 3375 212 3479 290">
    <p class='ocr_par' dir='ltr' id='par_1_2' title="bbox 3375 212 3479 290">
     <span class='ocr_line' id='line_1_2' title="bbox 3375 212 3479 290; baseline 0 -71"><span class='ocrx_word' id='word_1_8' title='bbox 3375 212 3479 290; x_wconf 52' lang='grc'>486</span> 
     </span>
    </p>
   </div>
   <div class='ocr_carea' id='block_1_3' title="bbox 146 354 1736 439">
    <p class='ocr_par' dir='ltr' id='par_1_3' title="bbox 146 360 1732 439">
     <span class='ocr_line' id='line_1_3' title="bbox 146 360 1732 439; baseline -0.004 -20"><span class='ocrx_word' id='word_1_9' title='bbox 146 368 330 419; x_wconf 78' lang='grc' dir='ltr'>Λοιπὸν</span> <span class='ocrx_word' id='word_1_10' title='bbox 355 362 457 429; x_wconf 78' lang='grc' dir='ltr'>οὖν,</span> <span class='ocrx_word' id='word_1_11' title='bbox 491 363 634 436; x_wconf 77' lang='grc' dir='ltr'>εἰμὴ</span> <span class='ocrx_word' id='word_1_12' title='bbox 666 371 730 437; x_wconf 71' lang='grc' dir='ltr'>τῇ</span> <span class='ocrx_word' id='word_1_13' title='bbox 784 362 1003 439; x_wconf 65' lang='grc' dir='ltr'>δυνάμει</span> <span class='ocrx_word' id='word_1_14' title='bbox 1044 368 1232 418; x_wconf 79' lang='grc' dir='ltr'>τούτου</span> <span class='ocrx_word' id='word_1_15' title='bbox 1263 362 1487 439; x_wconf 81' lang='grc' dir='ltr'>θαρῥεῖς,</span> <span class='ocrx_word' id='word_1_16' title='bbox 1511 360 1637 414; x_wconf 73' lang='grc' dir='ltr'>ἀλλὰ</span> <span class='ocrx_word' id='word_1_17' title='bbox 1672 379 1732 432; x_wconf 89' lang='grc' dir='ltr'>γε</span> 
     </span>
    </p>
   </div>
   <div class='ocr_carea' id='block_1_4' title="bbox 1922 354 3501 439">
    <p class='ocr_par' dir='ltr' id='par_1_4' title="bbox 1922 354 3501 431">
     <span class='ocr_line' id='line_1_4' title="bbox 1922 354 3501 431; baseline -0.002 -17"><span class='ocrx_word' id='word_1_18' title='bbox 1922 357 2157 431; x_wconf 91' lang='lat' dir='ltr'>liquum</span> <span class='ocrx_word' id='word_1_19' title='bbox 2185 360 2275 414; x_wconf 90' lang='lat' dir='ltr'>est</span> <span class='ocrx_word' id='word_1_20' title='bbox 2303 356 2504 428; x_wconf 78' lang='lat' dir='ltr'>igitur,</span> <span class='ocrx_word' id='word_1_21' title='bbox 2535 359 2595 413; x_wconf 89' lang='lat' dir='ltr'>ut</span> <span class='ocrx_word' id='word_1_22' title='bbox 2634 357 2683 414; x_wconf 86' lang='lat' dir='ltr'>si</span> <span class='ocrx_word' id='word_1_23' title='bbox 2720 356 2899 430; x_wconf 83' lang='lat' dir='ltr'><strong>hujus</strong></span> <span class='ocrx_word' id='word_1_24' title='bbox 2943 371 3067 414; x_wconf 92' lang='lat' dir='ltr'>non</span> <span class='ocrx_word' id='word_1_25' title='bbox 3115 354 3250 412; x_wconf 82' lang='lat' dir='ltr'>ﬁdis</span> <span class='ocrx_word' id='word_1_26' title='bbox 3287 358 3501 429; x_wconf 89' lang='lat' dir='ltr'>poten-</span> 
     </span>
    </p>
   </div>
   <div class='ocr_carea' id='block_1_5' title="bbox 144 449 1732 531">
    <p class='ocr_par' dir='ltr' id='par_1_5' title="bbox 144 449 1732 531">
     <span class='ocr_line' id='line_1_5' title="bbox 144 449 1732 531; baseline -0.004 -24"><span class='ocrx_word' id='word_1_27' title='bbox 144 463 201 528; x_wconf 73' lang='grc' dir='ltr'>τῇ</span> <span class='ocrx_word' id='word_1_28' title='bbox 253 454 342 527; x_wconf 73' lang='grc' dir='ltr'>ἐμῇ</span> <span class='ocrx_word' id='word_1_29' title='bbox 400 451 679 527; x_wconf 76' lang='grc' dir='ltr'>θάῥρησον”</span> <span class='ocrx_word' id='word_1_30' title='bbox 732 449 905 516; x_wconf 74' lang='grc' dir='ltr'>οὐδεὶς</span> <span class='ocrx_word' id='word_1_31' title='bbox 952 456 1053 531; x_wconf 80' lang='grc' dir='ltr'>γὰρ</span> <span class='ocrx_word' id='word_1_32' title='bbox 1109 457 1195 507; x_wconf 88' lang='grc' dir='ltr'>τόν</span> <span class='ocrx_word' id='word_1_33' title='bbox 1248 452 1382 506; x_wconf 75' lang='grc' dir='ltr'>οὕτω</span> <span class='ocrx_word' id='word_1_34' title='bbox 1435 450 1732 525; x_wconf 75' lang='grc' dir='ltr'>φιλούμενον</span> 
     </span>
    </p>
   </div>
   <div class='ocr_carea' id='block_1_6' title="bbox 141 542 707 619">
    <p class='ocr_par' dir='ltr' id='par_1_6' title="bbox 141 542 707 619">
     <span class='ocr_line' id='line_1_6' title="bbox 141 542 707 619; baseline -0.005 -24"><span class='ocrx_word' id='word_1_35' title='bbox 141 548 367 619; x_wconf 78' lang='grc' dir='ltr'>προίεται</span> <span class='ocrx_word' id='word_1_36' title='bbox 397 542 707 613; x_wconf 72' lang='grc' dir='ltr'>ἀλογίστως.</span> 
     </span>
    </p>
   </div>
   <div class='ocr_carea' id='block_1_7' title="bbox 207 629 1332 705">
    <p class='ocr_par' dir='ltr' id='par_1_7' title="bbox 207 629 1332 705">
     <span class='ocr_line' id='line_1_7' title="bbox 207 629 1332 705; baseline -0.001 -19"><span class='ocrx_word' id='word_1_37' title='bbox 207 633 375 686; x_wconf 76' lang='grc' dir='ltr'>Αὐτοῦ</span> <span class='ocrx_word' id='word_1_38' title='bbox 454 629 665 684; x_wconf 75' lang='grc' dir='ltr'>ἀκούετε</span> <span class='ocrx_word' id='word_1_39' title='bbox 698 670 713 685; x_wconf 91' lang='grc'><strong>.</strong></span> <span class='ocrx_word' id='word_1_40' title='bbox 795 634 972 705; x_wconf 80' lang='grc' dir='ltr'><strong>Τούτῳ</strong></span> <span class='ocrx_word' id='word_1_41' title='bbox 1046 634 1286 686; x_wconf 78' lang='grc' dir='ltr'>πείθεσθε</span> <span class='ocrx_word' id='word_1_42' title='bbox 1320 673 1332 697; x_wconf 93' lang='grc'><em>,</em></span> 
     </span>
    </p>
   </div>
   <div class='ocr_carea' id='block_1_8' title="bbox 136 719 1735 794">
    <p class='ocr_par' dir='ltr' id='par_1_8' title="bbox 136 719 1735 794">
     <span class='ocr_line' id='line_1_8' title="bbox 136 719 1735 794; baseline -0.004 -19"><span class='ocrx_word' id='word_1_43' title='bbox 136 724 357 788; x_wconf 68' lang='grc' dir='ltr'>στεύετε,</span> <span class='ocrx_word' id='word_1_44' title='bbox 400 720 448 772; x_wconf 84' lang='grc' dir='ltr'>εἰ</span> <span class='ocrx_word' id='word_1_45' title='bbox 490 740 545 772; x_wconf 87' lang='grc' dir='ltr'>τι</span> <span class='ocrx_word' id='word_1_46' title='bbox 599 721 660 771; x_wconf 85' lang='grc' dir='ltr'>ἆν</span> <span class='ocrx_word' id='word_1_47' title='bbox 696 724 787 773; x_wconf 80' lang='grc' dir='ltr'>καὶ</span> <span class='ocrx_word' id='word_1_48' title='bbox 820 720 939 793; x_wconf 73' lang='grc' dir='ltr'>λέγῃ</span> <span class='ocrx_word' id='word_1_49' title='bbox 989 726 1078 774; x_wconf 78' lang='grc' dir='ltr'>καὶ</span> <span class='ocrx_word' id='word_1_50' title='bbox 1114 729 1261 794; x_wconf 75' lang='grc' dir='ltr'>ποιῇ.</span> <span class='ocrx_word' id='word_1_51' title='bbox 1297 725 1392 774; x_wconf 71' lang='grc' dir='ltr'>Καὶ</span> <span class='ocrx_word' id='word_1_52' title='bbox 1427 719 1470 772; x_wconf 88' lang='grc' dir='ltr'>εἰ</span> <span class='ocrx_word' id='word_1_53' title='bbox 1498 738 1735 791; x_wconf 84' lang='grc' dir='ltr'>σταυρω-</span> 
     </span>
    </p>
   </div>
   <div class='ocr_carea' id='block_1_9' title="bbox 138 806 1733 883">
    <p class='ocr_par' dir='ltr' id='par_1_9' title="bbox 138 806 1733 883">
     <span class='ocr_line' id='line_1_9' title="bbox 138 806 1733 883; baseline -0.003 -20"><span class='ocrx_word' id='word_1_54' title='bbox 138 815 283 871; x_wconf 72' lang='grc' dir='ltr'>θῆναι</span> <span class='ocrx_word' id='word_1_55' title='bbox 357 809 625 883; x_wconf 71' lang='grc' dir='ltr'>βουληθῇ,</span> <span class='ocrx_word' id='word_1_56' title='bbox 674 806 867 883; x_wconf 84' lang='grc' dir='ltr'>μηδεὶς</span> <span class='ocrx_word' id='word_1_57' title='bbox 922 810 1191 870; x_wconf 74' lang='grc' dir='ltr'>ἀντιπέσῃ.</span> <span class='ocrx_word' id='word_1_58' title='bbox 1250 809 1420 883; x_wconf 81' lang='grc' dir='ltr'>Ὑμεῖς</span> <span class='ocrx_word' id='word_1_59' title='bbox 1478 811 1567 881; x_wconf 73' lang='grc' dir='ltr'>μεν</span> <span class='ocrx_word' id='word_1_60' title='bbox 1631 810 1733 881; x_wconf 79' lang='grc' dir='ltr'>γὰρ</span> 
     </span>
    </p>
   </div>
   <div class='ocr_carea' id='block_1_10' title="bbox 136 896 1736 974">
    <p class='ocr_par' dir='ltr' id='par_1_10' title="bbox 136 896 1736 974">
     <span class='ocr_line' id='line_1_10' title="bbox 136 896 1736 974; baseline -0.003 -21"><span class='ocrx_word' id='word_1_61' title='bbox 136 900 223 953; x_wconf 68' lang='grc' dir='ltr'>οὐκ</span> <span class='ocrx_word' id='word_1_62' title='bbox 268 896 456 953; x_wconf 80' lang='grc' dir='ltr'>οῑδατε</span> <span class='ocrx_word' id='word_1_63' title='bbox 509 904 569 952; x_wconf 87' lang='grc' dir='ltr'>τὸ</span> <span class='ocrx_word' id='word_1_64' title='bbox 626 907 726 961; x_wconf 83' lang='grc' dir='ltr'>τῆς</span> <span class='ocrx_word' id='word_1_65' title='bbox 777 900 1072 974; x_wconf 79' lang='grc' dir='ltr'>οἰκονομίας</span> <span class='ocrx_word' id='word_1_66' title='bbox 1114 900 1275 953; x_wconf 76' lang='grc' dir='ltr'>αὐτοῦ</span> <span class='ocrx_word' id='word_1_67' title='bbox 1303 903 1611 973; x_wconf 81' lang='grc' dir='ltr'>μυστήριον·</span> <span class='ocrx_word' id='word_1_68' title='bbox 1645 898 1736 950; x_wconf 76' lang='grc' dir='ltr'>αὑ-</span> 
     </span>
    </p>
   </div>
   <div class='ocr_carea' id='block_1_11' title="bbox 137 986 1737 1061">
    <p class='ocr_par' dir='ltr' id='par_1_11' title="bbox 137 986 1737 1061">
     <span class='ocr_line' id='line_1_11' title="bbox 137 986 1737 1061; baseline -0.002 -20"><span class='ocrx_word' id='word_1_69' title='bbox 137 993 213 1051; x_wconf 80' lang='grc' dir='ltr'>τὸς</span> <span class='ocrx_word' id='word_1_70' title='bbox 262 986 325 1042; x_wconf 68' lang='grc' dir='ltr'>δε</span> <span class='ocrx_word' id='word_1_71' title='bbox 372 995 480 1041; x_wconf 85' lang='grc' dir='ltr'>πᾶν</span> <span class='ocrx_word' id='word_1_72' title='bbox 533 990 559 1041; x_wconf 86' lang='grc' dir='ltr'><strong><em>ὅ</em></strong></span> <span class='ocrx_word' id='word_1_73' title='bbox 607 988 745 1059; x_wconf 79' lang='grc' dir='ltr'>λέγει</span> <span class='ocrx_word' id='word_1_74' title='bbox 798 994 885 1043; x_wconf 84' lang='grc' dir='ltr'>καὶ</span> <span class='ocrx_word' id='word_1_75' title='bbox 935 996 1090 1056; x_wconf 79' lang='grc' dir='ltr'>ποιεῖ,</span> <span class='ocrx_word' id='word_1_76' title='bbox 1148 992 1284 1043; x_wconf 83' lang='grc' dir='ltr'>κατὰ</span> <span class='ocrx_word' id='word_1_77' title='bbox 1332 994 1543 1061; x_wconf 83' lang='grc' dir='ltr'>γνώμην</span> <span class='ocrx_word' id='word_1_78' title='bbox 1609 986 1737 1059; x_wconf 80' lang='grc' dir='ltr'>ἐμὴν</span> 
     </span>
    </p>
   </div>
   <div class='ocr_carea' id='block_1_12' title="bbox 140 1076 1735 1149">
    <p class='ocr_par' dir='ltr' id='par_1_12' title="bbox 140 1076 1735 1149">
     <span class='ocr_line' id='line_1_12' title="bbox 140 1076 1735 1149; baseline -0.002 -18"><span class='ocrx_word' id='word_1_79' title='bbox 140 1084 223 1131; x_wconf 77' lang='grc' dir='ltr'>καὶ</span> <span class='ocrx_word' id='word_1_80' title='bbox 266 1079 407 1149; x_wconf 80' lang='grc' dir='ltr'>λέγει</span> <span class='ocrx_word' id='word_1_81' title='bbox 445 1084 537 1130; x_wconf 81' lang='grc' dir='ltr'>και</span> <span class='ocrx_word' id='word_1_82' title='bbox 579 1085 736 1133; x_wconf 87' lang='grc' dir='ltr'>ποιεῖ.</span> <span class='ocrx_word' id='word_1_83' title='bbox 788 1082 983 1133; x_wconf 82' lang='grc' dir='ltr'><strong>Λοιπὸν</strong></span> <span class='ocrx_word' id='word_1_84' title='bbox 1038 1079 1125 1132; x_wconf 80' lang='grc' dir='ltr'>οὖν</span> <span class='ocrx_word' id='word_1_85' title='bbox 1165 1078 1324 1131; x_wconf 76' lang='grc' dir='ltr'>αὐτοῦ</span> <span class='ocrx_word' id='word_1_86' title='bbox 1368 1076 1598 1148; x_wconf 76' lang='grc' dir='ltr'>ἀκούετε,</span> <span class='ocrx_word' id='word_1_87' title='bbox 1650 1079 1735 1128; x_wconf 88' lang='grc' dir='ltr'>τόν</span> 
     </span>
    </p>
   </div>
   <div class='ocr_carea' id='block_1_13' title="bbox 140 1170 1736 1244">
    <p class='ocr_par' dir='ltr' id='par_1_13' title="bbox 140 1170 1736 1244">
     <span class='ocr_line' id='line_1_13' title="bbox 140 1170 1736 1244; baseline -0.003 -23"><span class='ocrx_word' id='word_1_88' title='bbox 140 1172 417 1221; x_wconf 66' lang='grc' dir='ltr'>Μωσαίκὸν</span> <span class='ocrx_word' id='word_1_89' title='bbox 467 1173 622 1237; x_wconf 84' lang='grc' dir='ltr'>νόμον</span> <span class='ocrx_word' id='word_1_90' title='bbox 680 1172 769 1220; x_wconf 81' lang='grc' dir='ltr'>καὶ</span> <span class='ocrx_word' id='word_1_91' title='bbox 825 1171 919 1229; x_wconf 82' lang='grc' dir='ltr'>τὰς</span> <span class='ocrx_word' id='word_1_92' title='bbox 977 1170 1305 1244; x_wconf 73' lang='grc' dir='ltr'>προφητικὰς</span> <span class='ocrx_word' id='word_1_93' title='bbox 1368 1170 1736 1240; x_wconf 84' lang='grc' dir='ltr'>μυσταγωγίας</span> 
     </span>
    </p>
   </div>
   <div class='ocr_carea' id='block_1_14' title="bbox 148 1255 1739 1331">
    <p class='ocr_par' dir='ltr' id='par_1_14' title="bbox 148 1255 1739 1331">
     <span class='ocr_line' id='line_1_14' title="bbox 148 1255 1739 1331; baseline -0.001 -23"><span class='ocrx_word' id='word_1_94' title='bbox 148 1256 352 1328; x_wconf 60' lang='grc' dir='ltr'>ἀφέντες.</span> <span class='ocrx_word' id='word_1_95' title='bbox 409 1255 681 1329; x_wconf 76' lang='grc' dir='ltr'>Πλήρωμα</span> <span class='ocrx_word' id='word_1_96' title='bbox 720 1258 823 1329; x_wconf 83' lang='grc' dir='ltr'>γὰρ</span> <span class='ocrx_word' id='word_1_97' title='bbox 867 1262 1026 1330; x_wconf 87' lang='grc' dir='ltr'>νόμου</span> <span class='ocrx_word' id='word_1_98' title='bbox 1078 1260 1167 1309; x_wconf 81' lang='grc' dir='ltr'>καὶ</span> <span class='ocrx_word' id='word_1_99' title='bbox 1213 1264 1490 1331; x_wconf 78' lang='grc' dir='ltr'>προφητῶν</span> <span class='ocrx_word' id='word_1_100' title='bbox 1520 1259 1739 1328; x_wconf 79' lang='grc' dir='ltr'>ὅΧρισ-</span> 
     </span>
    </p>
   </div>
   <div class='ocr_carea' id='block_1_15' title="bbox 142 1344 1732 1415">
    <p class='ocr_par' dir='ltr' id='par_1_15' title="bbox 142 1344 1732 1415">
     <span class='ocr_line' id='line_1_15' title="bbox 142 1344 1732 1415; baseline -0.001 -16"><span class='ocrx_word' id='word_1_101' title='bbox 142 1350 223 1406; x_wconf 79' lang='grc' dir='ltr'>τός</span> <span class='ocrx_word' id='word_1_102' title='bbox 269 1346 402 1415; x_wconf 63' lang='lat' dir='ltr'>(fll-</span> <span class='ocrx_word' id='word_1_103' title='bbox 449 1349 541 1397; x_wconf 82' lang='grc' dir='ltr'>καὶ</span> <span class='ocrx_word' id='word_1_104' title='bbox 606 1348 782 1398; x_wconf 76' lang='grc' dir='ltr'>λοιπόν</span> <span class='ocrx_word' id='word_1_105' title='bbox 839 1344 1006 1398; x_wconf 73' lang='grc' dir='ltr'>ἐκεῖνα</span> <span class='ocrx_word' id='word_1_106' title='bbox 1050 1347 1221 1399; x_wconf 79' lang='grc' dir='ltr'>πάντα</span> <span class='ocrx_word' id='word_1_107' title='bbox 1274 1344 1732 1410; x_wconf 76' lang='grc' dir='ltr'>συνετελέσθησαν,</span> 
     </span>
    </p>
   </div>
   <div class='ocr_carea' id='block_1_16' title="bbox 135 1432 1021 1509">
    <p class='ocr_par' dir='ltr' id='par_1_16' title="bbox 135 1432 1021 1509">
     <span class='ocr_line' id='line_1_16' title="bbox 135 1432 1021 1509; baseline 0.005 -23"><span class='ocrx_word' id='word_1_108' title='bbox 135 1435 261 1508; x_wconf 72' lang='grc' dir='ltr'>ἄχρι</span> <span class='ocrx_word' id='word_1_109' title='bbox 286 1437 481 1487; x_wconf 79' lang='grc' dir='ltr'>τούτου</span> <span class='ocrx_word' id='word_1_110' title='bbox 506 1437 658 1506; x_wconf 85' lang='grc' dir='ltr'>μόνον</span> <span class='ocrx_word' id='word_1_111' title='bbox 683 1432 1021 1509; x_wconf 77' lang='grc' dir='ltr'>έκτεινόμενα.</span> 
     </span>
    </p>
   </div>
   <div class='ocr_carea' id='block_1_17' title="bbox 1405 632 1734 701">
    <p class='ocr_par' dir='ltr' id='par_1_17' title="bbox 1405 632 1734 701">
     <span class='ocr_line' id='line_1_17' title="bbox 1405 632 1734 701; baseline -0.003 -19"><span class='ocrx_word' id='word_1_112' title='bbox 1405 632 1572 701; x_wconf 83' lang='grc' dir='ltr'>τούτῳ</span> <span class='ocrx_word' id='word_1_113' title='bbox 1642 648 1734 681; x_wconf 80' lang='grc' dir='ltr'>πι-</span> 
     </span>
    </p>
   </div>
   <div class='ocr_carea' id='block_1_18' title="bbox 199 1626 1733 1708">
    <p class='ocr_par' dir='ltr' id='par_1_18' title="bbox 199 1626 1733 1708">
     <span class='ocr_line' id='line_1_18' title="bbox 199 1626 1733 1708; baseline 0 -24"><span class='ocrx_word' id='word_1_114' title='bbox 199 1635 302 1684; x_wconf 76' lang='grc' dir='ltr'>Καὶ</span> <span class='ocrx_word' id='word_1_115' title='bbox 359 1660 429 1670; x_wconf 88' lang='grc'><strong>-</strong></span> <span class='ocrx_word' id='word_1_116' title='bbox 487 1626 715 1704; x_wconf 73' lang='grc' dir='ltr'>σφόδρα.</span> <span class='ocrx_word' id='word_1_117' title='bbox 763 1635 865 1684; x_wconf 78' lang='grc' dir='ltr'>Καὶ</span> <span class='ocrx_word' id='word_1_118' title='bbox 916 1635 1020 1703; x_wconf 82' lang='grc' dir='ltr'>μὴν</span> <span class='ocrx_word' id='word_1_119' title='bbox 1084 1636 1174 1684; x_wconf 81' lang='grc' dir='ltr'>καὶ</span> <span class='ocrx_word' id='word_1_120' title='bbox 1230 1633 1476 1708; x_wconf 85' lang='grc' dir='ltr'>πρότερον</span> <span class='ocrx_word' id='word_1_121' title='bbox 1522 1629 1607 1684; x_wconf 71' lang='grc' dir='ltr'>ἐπὶ</span> <span class='ocrx_word' id='word_1_122' title='bbox 1644 1638 1733 1684; x_wconf 86' lang='grc' dir='ltr'>τοῦ</span> 
     </span>
    </p>
   </div>
   <div class='ocr_carea' id='block_1_19' title="bbox 1842 444 3503 516">
    <p class='ocr_par' dir='ltr' id='par_1_19' title="bbox 1842 444 3503 516">
     <span class='ocr_line' id='line_1_19' title="bbox 1842 444 3503 516; baseline -0.001 -12"><span class='ocrx_word' id='word_1_123' title='bbox 1842 446 1958 516; x_wconf 72' lang='lat' dir='ltr'>tiae,</span> <span class='ocrx_word' id='word_1_124' title='bbox 1983 453 2045 505; x_wconf 88' lang='lat' dir='ltr'>at</span> <span class='ocrx_word' id='word_1_125' title='bbox 2082 463 2230 504; x_wconf 74' lang='lat' dir='ltr'>meae</span> <span class='ocrx_word' id='word_1_126' title='bbox 2256 445 2425 502; x_wconf 87' lang='lat' dir='ltr'>ﬁdas.</span> <span class='ocrx_word' id='word_1_127' title='bbox 2459 449 2641 503; x_wconf 89' lang='lat' dir='ltr'><strong>Nemo</strong></span> <span class='ocrx_word' id='word_1_128' title='bbox 2658 447 2818 503; x_wconf 91' lang='lat' dir='ltr'>enim</span> <span class='ocrx_word' id='word_1_129' title='bbox 2849 446 3001 503; x_wconf 90' lang='lat' dir='ltr'>adeo</span> <span class='ocrx_word' id='word_1_130' title='bbox 3025 445 3325 516; x_wconf 63' lang='lat' dir='ltr'>dilectum</span> <span class='ocrx_word' id='word_1_131' title='bbox 3357 444 3503 502; x_wconf 90' lang='lat' dir='ltr'>irra-</span> 
     </span>
    </p>
   </div>
   <div class='ocr_carea' id='block_1_20' title="bbox 1842 535 2643 593">
    <p class='ocr_par' dir='ltr' id='par_1_20' title="bbox 1842 535 2643 593">
     <span class='ocr_line' id='line_1_20' title="bbox 1842 535 2643 593; baseline -0.002 0"><span class='ocrx_word' id='word_1_132' title='bbox 1842 536 2108 593; x_wconf 83' lang='lat' dir='ltr'>tionabili</span> <span class='ocrx_word' id='word_1_133' title='bbox 2148 552 2333 593; x_wconf 88' lang='lat' dir='ltr'>causa</span> <span class='ocrx_word' id='word_1_134' title='bbox 2361 535 2643 592; x_wconf 82' lang='lat' dir='ltr'>destituit.</span> 
     </span>
    </p>
   </div>
   <div class='ocr_carea' id='block_1_21' title="bbox 1914 624 3503 697">
    <p class='ocr_par' dir='ltr' id='par_1_21' title="bbox 1914 624 3503 697">
     <span class='ocr_line' id='line_1_21' title="bbox 1914 624 3503 697; baseline -0.001 -14"><span class='ocrx_word' id='word_1_135' title='bbox 1914 630 2080 685; x_wconf 90' lang='lat' dir='ltr'>Vers.</span> <span class='ocrx_word' id='word_1_136' title='bbox 2118 628 2171 683; x_wconf 84' lang='lat'>5.</span> <span class='ocrx_word' id='word_1_137' title='bbox 2204 628 2403 697; x_wconf 84' lang='lat' dir='ltr'>Ipsum</span> <span class='ocrx_word' id='word_1_138' title='bbox 2430 627 2649 684; x_wconf 80' lang='lat' dir='ltr'>audite.</span> <span class='ocrx_word' id='word_1_139' title='bbox 2688 626 2835 683; x_wconf 86' lang='lat' dir='ltr'>Huic</span> <span class='ocrx_word' id='word_1_140' title='bbox 2864 626 3120 691; x_wconf 91' lang='lat' dir='ltr'>obedite,</span> <span class='ocrx_word' id='word_1_141' title='bbox 3153 624 3292 681; x_wconf 89' lang='lat' dir='ltr'>huic</span> <span class='ocrx_word' id='word_1_142' title='bbox 3316 624 3503 682; x_wconf 89' lang='lat' dir='ltr'>credi-</span> 
     </span>
    </p>
   </div>
   <div class='ocr_carea' id='block_1_22' title="bbox 1844 715 3497 790">
    <p class='ocr_par' dir='ltr' id='par_1_22' title="bbox 1844 715 3497 790">
     <span class='ocr_line' id='line_1_22' title="bbox 1844 715 3497 790; baseline -0.002 -17"><span class='ocrx_word' id='word_1_143' title='bbox 1844 720 1918 782; x_wconf 91' lang='lat' dir='ltr'>te,</span> <span class='ocrx_word' id='word_1_144' title='bbox 1962 718 2008 772; x_wconf 89' lang='lat' dir='ltr'>si</span> <span class='ocrx_word' id='word_1_145' title='bbox 2052 718 2198 790; x_wconf 90' lang='lat' dir='ltr'>quid</span> <span class='ocrx_word' id='word_1_146' title='bbox 2242 721 2346 772; x_wconf 87' lang='lat' dir='ltr'>aut</span> <span class='ocrx_word' id='word_1_147' title='bbox 2375 716 2586 771; x_wconf 80' lang='lat' dir='ltr'>dixerit</span> <span class='ocrx_word' id='word_1_148' title='bbox 2616 722 2718 773; x_wconf 89' lang='lat' dir='ltr'>aut</span> <span class='ocrx_word' id='word_1_149' title='bbox 2748 716 2965 772; x_wconf 83' lang='lat' dir='ltr'>fecerit.</span> <span class='ocrx_word' id='word_1_150' title='bbox 3014 716 3183 781; x_wconf 87' lang='lat' dir='ltr'>Quod</span> <span class='ocrx_word' id='word_1_151' title='bbox 3216 715 3264 771; x_wconf 89' lang='lat' dir='ltr'>si</span> <span class='ocrx_word' id='word_1_152' title='bbox 3320 715 3497 771; x_wconf 87' lang='lat' dir='ltr'>etiam</span> 
     </span>
    </p>
   </div>
   <div class='ocr_carea' id='block_1_23' title="bbox 1844 803 3500 876">
    <p class='ocr_par' dir='ltr' id='par_1_23' title="bbox 1844 803 3500 876">
     <span class='ocr_line' id='line_1_23' title="bbox 1844 803 3500 876; baseline -0.001 -15"><span class='ocrx_word' id='word_1_153' title='bbox 1844 805 2111 876; x_wconf 84' lang='lat' dir='ltr'>cruciﬁgi</span> <span class='ocrx_word' id='word_1_154' title='bbox 2160 804 2429 872; x_wconf 86' lang='lat' dir='ltr'>voluerit,</span> <span class='ocrx_word' id='word_1_155' title='bbox 2491 820 2671 861; x_wconf 90' lang='lat' dir='ltr'>nemo</span> <span class='ocrx_word' id='word_1_156' title='bbox 2728 803 2811 861; x_wconf 87' lang='lat' dir='ltr'>illi</span> <span class='ocrx_word' id='word_1_157' title='bbox 2840 804 3139 863; x_wconf 87' lang='lat' dir='ltr'>obsistat:</span> <span class='ocrx_word' id='word_1_158' title='bbox 3181 820 3288 860; x_wconf 92' lang='lat' dir='ltr'>vos</span> <span class='ocrx_word' id='word_1_159' title='bbox 3339 804 3500 860; x_wconf 90' lang='lat' dir='ltr'>enim</span> 
     </span>
    </p>
   </div>
   <div class='ocr_carea' id='block_1_24' title="bbox 1843 892 3503 965">
    <p class='ocr_par' dir='ltr' id='par_1_24' title="bbox 1843 892 3503 965">
     <span class='ocr_line' id='line_1_24' title="bbox 1843 892 3503 965; baseline 0 -15"><span class='ocrx_word' id='word_1_160' title='bbox 1843 893 2124 965; x_wconf 78' lang='lat' dir='ltr'>ignoratis</span> <span class='ocrx_word' id='word_1_161' title='bbox 2177 892 2641 965; x_wconf 85' lang='lat' dir='ltr'>dispensationis</span> <span class='ocrx_word' id='word_1_162' title='bbox 2694 909 2816 948; x_wconf 63' lang='lat' dir='ltr'>suae</span> <span class='ocrx_word' id='word_1_163' title='bbox 2892 892 3263 965; x_wconf 84' lang='lat' dir='ltr'>mysterium.</span> <span class='ocrx_word' id='word_1_164' title='bbox 3354 896 3503 950; x_wconf 90' lang='lat' dir='ltr'>Nam</span> 
     </span>
    </p>
   </div>
   <div class='ocr_carea' id='block_1_25' title="bbox 1843 980 3504 1055">
    <p class='ocr_par' dir='ltr' id='par_1_25' title="bbox 1843 980 3504 1055">
     <span class='ocr_line' id='line_1_25' title="bbox 1843 980 3504 1055; baseline -0.001 -17"><span class='ocrx_word' id='word_1_165' title='bbox 1843 982 2141 1055; x_wconf 84' lang='lat' dir='ltr'>quidquid</span> <span class='ocrx_word' id='word_1_166' title='bbox 2178 981 2305 1054; x_wconf 90' lang='lat' dir='ltr'>ipse</span> <span class='ocrx_word' id='word_1_167' title='bbox 2361 986 2418 1037; x_wconf 91' lang='lat' dir='ltr'>et</span> <span class='ocrx_word' id='word_1_168' title='bbox 2453 981 2594 1037; x_wconf 88' lang='lat' dir='ltr'>dicit</span> <span class='ocrx_word' id='word_1_169' title='bbox 2645 980 3040 1051; x_wconf 89' lang='lat' dir='ltr'>etfacit,|mea</span> <span class='ocrx_word' id='word_1_170' title='bbox 3094 982 3394 1039; x_wconf 79' lang='lat' dir='ltr'>voluntate</span> <span class='ocrx_word' id='word_1_171' title='bbox 3447 988 3504 1037; x_wconf 87' lang='lat' dir='ltr'>et</span> 
     </span>
    </p>
   </div>
   <div class='ocr_carea' id='block_1_26' title="bbox 1843 1068 3498 1143">
    <p class='ocr_par' dir='ltr' id='par_1_26' title="bbox 1843 1068 3498 1143">
     <span class='ocr_line' id='line_1_26' title="bbox 1843 1068 3498 1143; baseline -0.001 -16"><span class='ocrx_word' id='word_1_172' title='bbox 1843 1070 1983 1127; x_wconf 84' lang='lat' dir='ltr'>dicit</span> <span class='ocrx_word' id='word_1_173' title='bbox 2016 1075 2073 1127; x_wconf 85' lang='lat' dir='ltr'>et</span> <span class='ocrx_word' id='word_1_174' title='bbox 2098 1070 2257 1127; x_wconf 83' lang='lat' dir='ltr'>facit.</span> <span class='ocrx_word' id='word_1_175' title='bbox 2300 1070 2509 1142; x_wconf 90' lang='lat' dir='ltr'>Ipsum</span> <span class='ocrx_word' id='word_1_176' title='bbox 2538 1070 2741 1143; x_wconf 85' lang='lat' dir='ltr'>itaque</span> <span class='ocrx_word' id='word_1_177' title='bbox 2769 1069 2990 1138; x_wconf 84' lang='lat' dir='ltr'>audite,</span> <span class='ocrx_word' id='word_1_178' title='bbox 3037 1068 3167 1140; x_wconf 84' lang='lat' dir='ltr'>lege</span> <span class='ocrx_word' id='word_1_179' title='bbox 3224 1070 3498 1137; x_wconf 88' lang='lat' dir='ltr'>Mosaica,</span> 
     </span>
    </p>
   </div>
   <div class='ocr_carea' id='block_1_27' title="bbox 1843 1157 3502 1232">
    <p class='ocr_par' dir='ltr' id='par_1_27' title="bbox 1843 1157 3502 1232">
     <span class='ocr_line' id='line_1_27' title="bbox 1843 1157 3502 1232; baseline -0.002 -16"><span class='ocrx_word' id='word_1_180' title='bbox 1843 1160 2324 1232; x_wconf 88' lang='lat' dir='ltr'>propheticisque</span> <span class='ocrx_word' id='word_1_181' title='bbox 2386 1174 2691 1215; x_wconf 86' lang='lat' dir='ltr'>sacrorum</span> <span class='ocrx_word' id='word_1_182' title='bbox 2761 1157 3188 1214; x_wconf 82' lang='lat' dir='ltr'>initiationibus</span> <span class='ocrx_word' id='word_1_183' title='bbox 3241 1158 3502 1224; x_wconf 83' lang='lat' dir='ltr'>relictis;</span> 
     </span>
    </p>
   </div>
   <div class='ocr_carea' id='block_1_28' title="bbox 1843 1247 3500 1322">
    <p class='ocr_par' dir='ltr' id='par_1_28' title="bbox 1843 1247 3500 1322">
     <span class='ocr_line' id='line_1_28' title="bbox 1843 1247 3500 1322; baseline -0.002 -16"><span class='ocrx_word' id='word_1_184' title='bbox 1843 1248 2353 1322; x_wconf 86' lang='lat' dir='ltr'>complementum</span> <span class='ocrx_word' id='word_1_185' title='bbox 2394 1247 2690 1321; x_wconf 88' lang='lat' dir='ltr'>siquidem</span> <span class='ocrx_word' id='word_1_186' title='bbox 2740 1248 2888 1319; x_wconf 89' lang='lat' dir='ltr'>legis</span> <span class='ocrx_word' id='word_1_187' title='bbox 2939 1263 3011 1303; x_wconf 88' lang='lat' dir='ltr'>ac</span> <span class='ocrx_word' id='word_1_188' title='bbox 3069 1248 3500 1321; x_wconf 87' lang='lat' dir='ltr'>prophetarum</span> 
     </span>
    </p>
   </div>
   <div class='ocr_carea' id='block_1_29' title="bbox 1842 1336 3501 1410">
    <p class='ocr_par' dir='ltr' id='par_1_29' title="bbox 1842 1336 3501 1410">
     <span class='ocr_line' id='line_1_29' title="bbox 1842 1336 3501 1410; baseline -0.003 -13"><span class='ocrx_word' id='word_1_189' title='bbox 1842 1343 1931 1397; x_wconf 91' lang='lat' dir='ltr'>est</span> <span class='ocrx_word' id='word_1_190' title='bbox 1967 1338 2273 1397; x_wconf 88' lang='lat' dir='ltr'>Christus:</span> <span class='ocrx_word' id='word_1_191' title='bbox 2318 1341 2376 1394; x_wconf 92' lang='lat' dir='ltr'>et</span> <span class='ocrx_word' id='word_1_192' title='bbox 2407 1337 2539 1408; x_wconf 89' lang='lat' dir='ltr'>jam</span> <span class='ocrx_word' id='word_1_193' title='bbox 2594 1338 2801 1396; x_wconf 89' lang='lat' dir='ltr'>omnia</span> <span class='ocrx_word' id='word_1_194' title='bbox 2855 1336 2957 1395; x_wconf 89' lang='lat' dir='ltr'>illa</span> <span class='ocrx_word' id='word_1_195' title='bbox 2991 1336 3292 1410; x_wconf 89' lang='lat' dir='ltr'>completa</span> <span class='ocrx_word' id='word_1_196' title='bbox 3340 1339 3501 1407; x_wconf 90' lang='lat' dir='ltr'>sunt,</span> 
     </span>
    </p>
   </div>
   <div class='ocr_carea' id='block_1_30' title="bbox 1843 1426 3505 1501">
    <p class='ocr_par' dir='ltr' id='par_1_30' title="bbox 1843 1426 3505 1501">
     <span class='ocr_line' id='line_1_30' title="bbox 1843 1426 3505 1501; baseline -0.002 -16"><span class='ocrx_word' id='word_1_197' title='bbox 1843 1431 2047 1500; x_wconf 87' lang='lat' dir='ltr'>utpote</span> <span class='ocrx_word' id='word_1_198' title='bbox 2083 1443 2221 1501; x_wconf 67' lang='lat' dir='ltr'>quas</span> <span class='ocrx_word' id='word_1_199' title='bbox 2264 1442 2456 1499; x_wconf 84' lang='lat' dir='ltr'>usque</span> <span class='ocrx_word' id='word_1_200' title='bbox 2498 1426 2578 1484; x_wconf 91' lang='lat' dir='ltr'>ad</span> <span class='ocrx_word' id='word_1_201' title='bbox 2614 1426 2777 1484; x_wconf 86' lang='lat' dir='ltr'>hunc</span> <span class='ocrx_word' id='word_1_202' title='bbox 2808 1428 3008 1485; x_wconf 87' lang='lat' dir='ltr'>solum</span> <span class='ocrx_word' id='word_1_203' title='bbox 3068 1426 3505 1499; x_wconf 88' lang='lat' dir='ltr'>protendeban—</span> 
     </span>
    </p>
   </div>
   <div class='ocr_carea' id='block_1_31' title="bbox 1843 1520 1959 1582">
    <p class='ocr_par' dir='ltr' id='par_1_31' title="bbox 1843 1520 1959 1582">
     <span class='ocr_line' id='line_1_31' title="bbox 1843 1520 1959 1582; baseline 0 -9"><span class='ocrx_word' id='word_1_204' title='bbox 1843 1520 1959 1582; x_wconf 89' lang='lat' dir='ltr'>tur,</span> 
     </span>
    </p>
   </div>
   <div class='ocr_carea' id='block_1_32' title="bbox 1911 1622 3504 1697">
    <p class='ocr_par' dir='ltr' id='par_1_32' title="bbox 1911 1622 3504 1697">
     <span class='ocr_line' id='line_1_32' title="bbox 1911 1622 3504 1697; baseline -0.001 -18"><span class='ocrx_word' id='word_1_205' title='bbox 1911 1624 2077 1680; x_wconf 86' lang='lat' dir='ltr'>Vers.</span> <span class='ocrx_word' id='word_1_206' title='bbox 2107 1627 2158 1680; x_wconf 88' lang='lat'>6.</span> <span class='ocrx_word' id='word_1_207' title='bbox 2189 1623 2269 1680; x_wconf 85' lang='lat' dir='ltr'>Et</span> <span class='ocrx_word' id='word_1_208' title='bbox 2310 1653 2380 1665; x_wconf 94' lang='lat'><strong><em>—</em></strong></span> <span class='ocrx_word' id='word_1_209' title='bbox 2409 1622 2789 1680; x_wconf 75' lang='lat' dir='ltr'>vehementer.</span> <span class='ocrx_word' id='word_1_210' title='bbox 2830 1623 3008 1697; x_wconf 81' lang='lat' dir='ltr'>Atqui</span> <span class='ocrx_word' id='word_1_211' title='bbox 3037 1622 3203 1696; x_wconf 89' lang='lat' dir='ltr'>prius</span> <span class='ocrx_word' id='word_1_212' title='bbox 3230 1622 3408 1679; x_wconf 89' lang='lat' dir='ltr'>etiam</span> <span class='ocrx_word' id='word_1_213' title='bbox 3439 1622 3504 1678; x_wconf 88' lang='lat' dir='ltr'>in</span> 
     </span>
    </p>
   </div>
   <div class='ocr_carea' id='block_1_33' title="bbox 130 1706 1736 1794">
    <p class='ocr_par' dir='ltr' id='par_1_33' title="bbox 130 1717 1736 1794">
     <span class='ocr_line' id='line_1_33' title="bbox 130 1717 1736 1794; baseline 0.001 -22"><span class='ocrx_word' id='word_1_214' title='bbox 130 1717 404 1794; x_wconf 73' lang='grc' dir='ltr'><strong>Ἰορδάνου</strong></span> <span class='ocrx_word' id='word_1_215' title='bbox 456 1724 595 1792; x_wconf 70' lang='grc' dir='ltr'>φωνὴ</span> <span class='ocrx_word' id='word_1_216' title='bbox 656 1724 835 1792; x_wconf 78' lang='grc' dir='ltr'>γέγονε</span> <span class='ocrx_word' id='word_1_217' title='bbox 905 1723 1118 1780; x_wconf 77' lang='grc' dir='ltr'>τοιαύτη</span> <span class='ocrx_word' id='word_1_218' title='bbox 1156 1764 1171 1791; x_wconf 80' lang='lat'>,</span> <span class='ocrx_word' id='word_1_219' title='bbox 1228 1725 1318 1774; x_wconf 83' lang='grc' dir='ltr'>καὶ</span> <span class='ocrx_word' id='word_1_220' title='bbox 1385 1723 1518 1794; x_wconf 81' lang='grc' dir='ltr'>μετὰ</span> <span class='ocrx_word' id='word_1_221' title='bbox 1571 1729 1736 1774; x_wconf 81' lang='grc' dir='ltr'>ταῦτα</span> 
     </span>
    </p>
   </div>
   <div class='ocr_carea' id='block_1_34' title="bbox 1922 1706 3504 1794">
    <p class='ocr_par' dir='ltr' id='par_1_34' title="bbox 1922 1710 3504 1784">
     <span class='ocr_line' id='line_1_34' title="bbox 1922 1710 3504 1784; baseline 0 -17"><span class='ocrx_word' id='word_1_222' title='bbox 1922 1712 2096 1768; x_wconf 87' lang='lat' dir='ltr'>rdane</span> <span class='ocrx_word' id='word_1_223' title='bbox 2154 1729 2272 1769; x_wconf 87' lang='lat' dir='ltr'>vox</span> <span class='ocrx_word' id='word_1_224' title='bbox 2309 1711 2465 1769; x_wconf 84' lang='lat' dir='ltr'>facta</span> <span class='ocrx_word' id='word_1_225' title='bbox 2516 1715 2604 1767; x_wconf 85' lang='lat' dir='ltr'>est</span> <span class='ocrx_word' id='word_1_226' title='bbox 2654 1711 3043 1783; x_wconf 87' lang='lat' dir='ltr'>hujusmodi;</span> <span class='ocrx_word' id='word_1_227' title='bbox 3107 1716 3164 1769; x_wconf 91' lang='lat' dir='ltr'>et</span> <span class='ocrx_word' id='word_1_228' title='bbox 3202 1716 3342 1784; x_wconf 90' lang='lat' dir='ltr'>post</span> <span class='ocrx_word' id='word_1_229' title='bbox 3374 1710 3504 1767; x_wconf 60' lang='lat' dir='ltr'>haec</span> 
     </span>
    </p>
   </div>
   <div class='ocr_carea' id='block_1_35' title="bbox 126 1807 1732 1882">
    <p class='ocr_par' dir='ltr' id='par_1_35' title="bbox 126 1807 1732 1882">
     <span class='ocr_line' id='line_1_35' title="bbox 126 1807 1732 1882; baseline 0.002 -22"><span class='ocrx_word' id='word_1_230' title='bbox 126 1808 302 1874; x_wconf 66' lang='grc' dir='ltr'>πάλιν,</span> <span class='ocrx_word' id='word_1_231' title='bbox 338 1809 425 1861; x_wconf 82' lang='grc' dir='ltr'>ὅτε</span> <span class='ocrx_word' id='word_1_232' title='bbox 470 1813 561 1861; x_wconf 81' lang='grc' dir='ltr'>καὶ</span> <span class='ocrx_word' id='word_1_233' title='bbox 616 1807 841 1882; x_wconf 69' lang='grc' dir='ltr'>βροντὴν</span> <span class='ocrx_word' id='word_1_234' title='bbox 865 1809 1032 1881; x_wconf 79' lang='grc' dir='ltr'>ἔλεγον</span> <span class='ocrx_word' id='word_1_235' title='bbox 1082 1814 1366 1882; x_wconf 85' lang='grc' dir='ltr'>γεγονέναι,</span> <span class='ocrx_word' id='word_1_236' title='bbox 1416 1815 1507 1863; x_wconf 80' lang='grc' dir='ltr'>καὶ</span> <span class='ocrx_word' id='word_1_237' title='bbox 1558 1807 1732 1873; x_wconf 79' lang='grc' dir='ltr'>οὐδεὶς</span> 
     </span>
    </p>
   </div>
   <div class='ocr_carea' id='block_1_36' title="bbox 125 1894 1733 1959">
    <p class='ocr_par' dir='ltr' id='par_1_36' title="bbox 125 1894 1733 1959">
     <span class='ocr_line' id='line_1_36' title="bbox 125 1894 1733 1959; baseline 0.002 -10"><span class='ocrx_word' id='word_1_238' title='bbox 125 1894 277 1950; x_wconf 63' lang='grc' dir='ltr'>οὐδεν</span> <span class='ocrx_word' id='word_1_239' title='bbox 334 1904 577 1950; x_wconf 81' lang='grc' dir='ltr'>τοιοῦτον</span> <span class='ocrx_word' id='word_1_240' title='bbox 625 1898 803 1953; x_wconf 80' lang='grc' dir='ltr'>ἔπαθε,</span> <span class='ocrx_word' id='word_1_241' title='bbox 864 1904 975 1959; x_wconf 84' lang='grc' dir='ltr'>Πῶς</span> <span class='ocrx_word' id='word_1_242' title='bbox 1040 1894 1128 1951; x_wconf 82' lang='grc' dir='ltr'>οὖν</span> <span class='ocrx_word' id='word_1_243' title='bbox 1171 1899 1315 1952; x_wconf 82' lang='grc' dir='ltr'>οὗτοι</span> <span class='ocrx_word' id='word_1_244' title='bbox 1378 1907 1467 1951; x_wconf 86' lang='grc' dir='ltr'>νῦν</span> <span class='ocrx_word' id='word_1_245' title='bbox 1552 1902 1733 1952; x_wconf 73' lang='grc' dir='ltr'>ἔπεσον</span> 
     </span>
    </p>
   </div>
   <div class='ocr_carea' id='block_1_37' title="bbox 124 1985 1735 2062">
    <p class='ocr_par' dir='ltr' id='par_1_37' title="bbox 124 1985 1735 2062">
     <span class='ocr_line' id='line_1_37' title="bbox 124 1985 1735 2062; baseline 0.002 -24"><span class='ocrx_word' id='word_1_246' title='bbox 124 1985 207 2038; x_wconf 74' lang='grc' dir='ltr'><strong>ἐπὶ</strong></span> <span class='ocrx_word' id='word_1_247' title='bbox 265 1992 561 2059; x_wconf 79' lang='grc' dir='ltr'>πρόσωπον</span> <span class='ocrx_word' id='word_1_248' title='bbox 616 1986 782 2039; x_wconf 74' lang='grc' dir='ltr'>αὐτῶν</span> <span class='ocrx_word' id='word_1_249' title='bbox 814 2004 829 2055; x_wconf 86' lang='grc'>;</span> <span class='ocrx_word' id='word_1_250' title='bbox 863 1991 1003 2041; x_wconf 82' lang='grc' dir='ltr'>Διότι</span> <span class='ocrx_word' id='word_1_251' title='bbox 1040 1992 1131 2041; x_wconf 82' lang='grc' dir='ltr'>καὶ</span> <span class='ocrx_word' id='word_1_252' title='bbox 1160 1988 1293 2060; x_wconf 76' lang='grc' dir='ltr'>ὕψος</span> <span class='ocrx_word' id='word_1_253' title='bbox 1342 1985 1402 2047; x_wconf 77' lang='grc' dir='ltr'>ἦν</span> <span class='ocrx_word' id='word_1_254' title='bbox 1445 1993 1600 2062; x_wconf 80' lang='grc' dir='ltr'>μέγα,</span> <span class='ocrx_word' id='word_1_255' title='bbox 1644 1993 1735 2042; x_wconf 83' lang='grc' dir='ltr'>καὶ</span> 
     </span>
    </p>
   </div>
   <div class='ocr_carea' id='block_1_38' title="bbox 126 2074 1736 2151">
    <p class='ocr_par' dir='ltr' id='par_1_38' title="bbox 126 2074 1736 2151">
     <span class='ocr_line' id='line_1_38' title="bbox 126 2074 1736 2151; baseline 0.002 -25"><span class='ocrx_word' id='word_1_256' title='bbox 126 2074 321 2148; x_wconf 77' lang='grc' dir='ltr'>ἐρημία</span> <span class='ocrx_word' id='word_1_257' title='bbox 351 2074 571 2149; x_wconf 74' lang='grc' dir='ltr'>βαθεῖα,</span> <span class='ocrx_word' id='word_1_258' title='bbox 598 2080 688 2127; x_wconf 81' lang='grc' dir='ltr'>καὶ</span> <span class='ocrx_word' id='word_1_259' title='bbox 734 2077 947 2149; x_wconf 73' lang='grc' dir='ltr'>ἡσυχία</span> <span class='ocrx_word' id='word_1_260' title='bbox 986 2075 1172 2140; x_wconf 83' lang='grc' dir='ltr'>πολλὴ,</span> <span class='ocrx_word' id='word_1_261' title='bbox 1204 2082 1295 2131; x_wconf 81' lang='grc' dir='ltr'>καὶ</span> <span class='ocrx_word' id='word_1_262' title='bbox 1338 2079 1736 2151; x_wconf 74' lang='grc' dir='ltr'>μεταμόρφωσις</span> 
     </span>
    </p>
   </div>
   <div class='ocr_carea' id='block_1_39' title="bbox 122 2165 1733 2241">
    <p class='ocr_par' dir='ltr' id='par_1_39' title="bbox 122 2165 1733 2241">
     <span class='ocr_line' id='line_1_39' title="bbox 122 2165 1733 2241; baseline 0.001 -24"><span class='ocrx_word' id='word_1_263' title='bbox 122 2168 303 2235; x_wconf 63' lang='grc' dir='ltr'>ῖὴονε</span> <span class='ocrx_word' id='word_1_264' title='bbox 359 2168 550 2239; x_wconf 59' lang='grc' dir='ltr'>γρίκης</span> <span class='ocrx_word' id='word_1_265' title='bbox 578 2169 834 2236; x_wconf 81' lang='grc' dir='ltr'>γέμουσα,</span> <span class='ocrx_word' id='word_1_266' title='bbox 872 2170 961 2218; x_wconf 83' lang='grc' dir='ltr'>καὶ</span> <span class='ocrx_word' id='word_1_267' title='bbox 1013 2174 1113 2239; x_wconf 83' lang='grc' dir='ltr'>φῶς</span> <span class='ocrx_word' id='word_1_268' title='bbox 1143 2165 1420 2239; x_wconf 74' lang='grc' dir='ltr'>ἐξέλαμψεν</span> <span class='ocrx_word' id='word_1_269' title='bbox 1452 2165 1733 2241; x_wconf 77' lang='grc' dir='ltr'>ἀκήρατον,</span> 
     </span>
    </p>
   </div>
   <div class='ocr_carea' id='block_1_40' title="bbox 124 2253 1737 2330">
    <p class='ocr_par' dir='ltr' id='par_1_40' title="bbox 124 2253 1737 2330">
     <span class='ocr_line' id='line_1_40' title="bbox 124 2253 1737 2330; baseline 0.003 -26"><span class='ocrx_word' id='word_1_270' title='bbox 124 2258 217 2305; x_wconf 74' lang='grc' dir='ltr'>καὶ</span> <span class='ocrx_word' id='word_1_271' title='bbox 282 2254 490 2319; x_wconf 82' lang='grc' dir='ltr'>λοιπὸν,</span> <span class='ocrx_word' id='word_1_272' title='bbox 546 2261 639 2315; x_wconf 85' lang='grc' dir='ltr'>τῆς</span> <span class='ocrx_word' id='word_1_273' title='bbox 684 2253 890 2326; x_wconf 76' lang='grc' dir='ltr'>νεφέλης</span> <span class='ocrx_word' id='word_1_274' title='bbox 957 2257 1319 2330; x_wconf 83' lang='grc' dir='ltr'>περιταθείσης</span> <span class='ocrx_word' id='word_1_275' title='bbox 1371 2257 1581 2323; x_wconf 82' lang='grc' dir='ltr'>ἄνωθεν,</span> <span class='ocrx_word' id='word_1_276' title='bbox 1647 2260 1737 2309; x_wconf 80' lang='grc' dir='ltr'>καὶ</span> 
     </span>
    </p>
   </div>
   <div class='ocr_carea' id='block_1_41' title="bbox 125 2341 1736 2421">
    <p class='ocr_par' dir='ltr' id='par_1_41' title="bbox 125 2341 1736 2421">
     <span class='ocr_line' id='line_1_41' title="bbox 125 2341 1736 2421; baseline 0.002 -27"><span class='ocrx_word' id='word_1_277' title='bbox 125 2341 649 2418; x_wconf 69' lang='grc' dir='ltr'>έπικαταρῥαγείσης</span> <span class='ocrx_word' id='word_1_278' title='bbox 697 2352 790 2405; x_wconf 83' lang='grc' dir='ltr'>τῆς</span> <span class='ocrx_word' id='word_1_279' title='bbox 850 2351 1039 2417; x_wconf 71' lang='grc' dir='ltr'>φωνῆς,</span> <span class='ocrx_word' id='word_1_280' title='bbox 1070 2344 1276 2407; x_wconf 77' lang='grc' dir='ltr'>εἰκότως</span> <span class='ocrx_word' id='word_1_281' title='bbox 1314 2347 1736 2421; x_wconf 77' lang='grc' dir='ltr'>περιετράπησείν</span> 
     </span>
    </p>
   </div>
   <div class='ocr_carea' id='block_1_42' title="bbox 121 2431 687 2505">
    <p class='ocr_par' dir='ltr' id='par_1_42' title="bbox 121 2431 687 2505">
     <span class='ocr_line' id='line_1_42' title="bbox 121 2431 687 2505; baseline 0.005 -22"><span class='ocrx_word' id='word_1_282' title='bbox 121 2450 179 2484; x_wconf 79' lang='grc' dir='ltr'>τε</span> <span class='ocrx_word' id='word_1_283' title='bbox 207 2437 300 2485; x_wconf 81' lang='grc' dir='ltr'>καὶ</span> <span class='ocrx_word' id='word_1_284' title='bbox 332 2431 492 2505; x_wconf 67' lang='grc' dir='ltr'>ἐφοϐἠ</span> <span class='ocrx_word' id='word_1_285' title='bbox 502 2435 567 2492; x_wconf 87' lang='grc' dir='ltr'>θη</span> <span class='ocrx_word' id='word_1_286' title='bbox 576 2450 687 2487; x_wconf 85' lang='grc' dir='ltr'>σαν.</span> 
     </span>
    </p>
   </div>
   <div class='ocr_carea' id='block_1_43' title="bbox 199 2518 1739 2599">
    <p class='ocr_par' dir='ltr' id='par_1_43' title="bbox 199 2518 1739 2599">
     <span class='ocr_line' id='line_1_43' title="bbox 199 2518 1739 2599; baseline 0.001 -23"><span class='ocrx_word' id='word_1_287' title='bbox 199 2521 362 2576; x_wconf 79' lang='grc' dir='ltr'>Ἐστι</span> <span class='ocrx_word' id='word_1_288' title='bbox 392 2518 456 2575; x_wconf 77' lang='grc' dir='ltr'>δέ</span> <span class='ocrx_word' id='word_1_289' title='bbox 478 2528 571 2574; x_wconf 81' lang='grc' dir='ltr'>καὶ</span> <span class='ocrx_word' id='word_1_290' title='bbox 604 2521 782 2596; x_wconf 76' lang='grc' dir='ltr'>ἑτέρως</span> <span class='ocrx_word' id='word_1_291' title='bbox 809 2521 965 2576; x_wconf 80' lang='grc' dir='ltr'>εἰπεῖν</span> <span class='ocrx_word' id='word_1_292' title='bbox 994 2526 1074 2590; x_wconf 80' lang='grc' dir='ltr'>τὸ,</span> <span class='ocrx_word' id='word_1_293' title='bbox 1104 2522 1325 2578; x_wconf 79' lang='grc' dir='ltr'>Ἐπεσον</span> <span class='ocrx_word' id='word_1_294' title='bbox 1348 2523 1431 2578; x_wconf 71' lang='grc' dir='ltr'>ἰπὶ</span> <span class='ocrx_word' id='word_1_295' title='bbox 1460 2528 1739 2599; x_wconf 89' lang='grc' dir='ltr'>πρόσωπον</span> 
     </span>
    </p>
   </div>
   <div class='ocr_carea' id='block_1_44' title="bbox 118 2610 1203 2685">
    <p class='ocr_par' dir='ltr' id='par_1_44' title="bbox 118 2610 1203 2685">
     <span class='ocr_line' id='line_1_44' title="bbox 118 2610 1203 2685; baseline 0.004 -22"><span class='ocrx_word' id='word_1_296' title='bbox 118 2610 327 2677; x_wconf 68' lang='grc' dir='ltr'>αὐτῶν,</span> <span class='ocrx_word' id='word_1_297' title='bbox 355 2611 474 2663; x_wconf 72' lang='grc' dir='ltr'>ἀντί</span> <span class='ocrx_word' id='word_1_298' title='bbox 497 2618 591 2664; x_wconf 81' lang='grc' dir='ltr'>τοῦ</span> <span class='ocrx_word' id='word_1_299' title='bbox 618 2611 750 2684; x_wconf 71' lang='grc'>(48),</span> <span class='ocrx_word' id='word_1_300' title='bbox 780 2615 1203 2685; x_wconf 81' lang='grc' dir='ltr'>Προσεκύνησαν.</span> 
     </span>
    </p>
   </div>
   <div class='ocr_carea' id='block_1_45' title="bbox 212 2699 1738 2773">
    <p class='ocr_par' dir='ltr' id='par_1_45' title="bbox 212 2699 1738 2773">
     <span class='ocr_line' id='line_1_45' title="bbox 212 2699 1738 2773; baseline 0.001 -18"><span class='ocrx_word' id='word_1_301' title='bbox 212 2701 319 2755; x_wconf 68' lang='grc' dir='ltr'>Καὶ</span> <span class='ocrx_word' id='word_1_302' title='bbox 348 2731 421 2742; x_wconf 86' lang='grc'><strong>-</strong></span> <span class='ocrx_word' id='word_1_303' title='bbox 448 2704 525 2773; x_wconf 73' lang='grc' dir='ltr'>μὴ</span> <span class='ocrx_word' id='word_1_304' title='bbox 565 2699 824 2773; x_wconf 77' lang='grc' dir='ltr'>φοϐεῖσθε.</span> <span class='ocrx_word' id='word_1_305' title='bbox 855 2701 1071 2761; x_wconf 86' lang='grc' dir='ltr'>’Πλέησε</span> <span class='ocrx_word' id='word_1_306' title='bbox 1097 2704 1194 2762; x_wconf 79' lang='grc' dir='ltr'>τήν</span> <span class='ocrx_word' id='word_1_307' title='bbox 1242 2702 1507 2758; x_wconf 80' lang='grc' dir='ltr'>ἀσθένειαν</span> <span class='ocrx_word' id='word_1_308' title='bbox 1549 2704 1738 2772; x_wconf 78' lang='grc' dir='ltr'>αὐτῶν,</span> 
     </span>
    </p>
   </div>
   <div class='ocr_carea' id='block_1_46' title="bbox 118 2788 917 2863">
    <p class='ocr_par' dir='ltr' id='par_1_46' title="bbox 118 2788 917 2863">
     <span class='ocr_line' id='line_1_46' title="bbox 118 2788 917 2863; baseline 0.003 -22"><span class='ocrx_word' id='word_1_309' title='bbox 118 2792 233 2841; x_wconf 70' lang='grc' dir='ltr'>καὶ</span> <span class='ocrx_word' id='word_1_310' title='bbox 262 2792 467 2861; x_wconf 78' lang='grc' dir='ltr'>ταχέως</span> <span class='ocrx_word' id='word_1_311' title='bbox 495 2788 609 2842; x_wconf 83' lang='grc' dir='ltr'>λύει</span> <span class='ocrx_word' id='word_1_312' title='bbox 636 2793 723 2842; x_wconf 86' lang='grc' dir='ltr'>τόν</span> <span class='ocrx_word' id='word_1_313' title='bbox 744 2788 917 2863; x_wconf 64' lang='grc' dir='ltr'>φόϐον.</span> 
     </span>
    </p>
   </div>
   <div class='ocr_carea' id='block_1_47' title="bbox 210 2878 1742 2957">
    <p class='ocr_par' dir='ltr' id='par_1_47' title="bbox 210 2878 1742 2957">
     <span class='ocr_line' id='line_1_47' title="bbox 210 2878 1742 2957; baseline 0.004 -26"><span class='ocrx_word' id='word_1_314' title='bbox 210 2878 529 2951; x_wconf 76' lang='grc' dir='ltr'>Ἐπάραντες</span> <span class='ocrx_word' id='word_1_315' title='bbox 584 2909 655 2920; x_wconf 91' lang='grc'><strong>-</strong></span> <span class='ocrx_word' id='word_1_316' title='bbox 707 2883 878 2951; x_wconf 85' lang='grc' dir='ltr'>μόνον.</span> <span class='ocrx_word' id='word_1_317' title='bbox 939 2879 1052 2935; x_wconf 82' lang='grc' dir='ltr'>Ἰνα</span> <span class='ocrx_word' id='word_1_318' title='bbox 1111 2880 1608 2957; x_wconf 73' lang='grc' dir='ltr'>πληροφορηθῶσιν,</span> <span class='ocrx_word' id='word_1_319' title='bbox 1662 2883 1742 2937; x_wconf 88' lang='grc' dir='ltr'>ὅτι</span> 
     </span>
    </p>
   </div>
   <div class='ocr_carea' id='block_1_48' title="bbox 1842 1800 3502 1874">
    <p class='ocr_par' dir='ltr' id='par_1_48' title="bbox 1842 1800 3502 1874">
     <span class='ocr_line' id='line_1_48' title="bbox 1842 1800 3502 1874; baseline -0.002 -15"><span class='ocrx_word' id='word_1_320' title='bbox 1842 1818 2081 1859; x_wconf 82' lang='lat' dir='ltr'>rursum</span> <span class='ocrx_word' id='word_1_321' title='bbox 2109 1803 2359 1874; x_wconf 87' lang='lat' dir='ltr'>quando</span> <span class='ocrx_word' id='word_1_322' title='bbox 2404 1802 2626 1858; x_wconf 85' lang='lat' dir='ltr'>tonitru</span> <span class='ocrx_word' id='word_1_323' title='bbox 2656 1800 2936 1857; x_wconf 87' lang='lat' dir='ltr'>dicebant</span> <span class='ocrx_word' id='word_1_324' title='bbox 2966 1801 3191 1858; x_wconf 85' lang='lat' dir='ltr'>factum</span> <span class='ocrx_word' id='word_1_325' title='bbox 3249 1816 3383 1857; x_wconf 87' lang='lat' dir='ltr'>esse</span> <span class='ocrx_word' id='word_1_326' title='bbox 3432 1801 3502 1867; x_wconf 71' lang='grc' dir='ltr'>ιο,</span> 
     </span>
    </p>
   </div>
   <div class='ocr_carea' id='block_1_49' title="bbox 1842 1889 3504 1963">
    <p class='ocr_par' dir='ltr' id='par_1_49' title="bbox 1842 1889 3504 1963">
     <span class='ocr_line' id='line_1_49' title="bbox 1842 1889 3504 1963; baseline -0.001 -16"><span class='ocrx_word' id='word_1_327' title='bbox 1842 1895 1898 1947; x_wconf 89' lang='lat' dir='ltr'>et</span> <span class='ocrx_word' id='word_1_328' title='bbox 1916 1890 2116 1947; x_wconf 92' lang='lat' dir='ltr'>nullus</span> <span class='ocrx_word' id='word_1_329' title='bbox 2132 1890 2467 1963; x_wconf 87' lang='lat' dir='ltr'>quidquam</span> <span class='ocrx_word' id='word_1_330' title='bbox 2490 1889 2605 1947; x_wconf 91' lang='lat' dir='ltr'>tale</span> <span class='ocrx_word' id='word_1_331' title='bbox 2627 1905 2844 1963; x_wconf 88' lang='lat' dir='ltr'>passus</span> <span class='ocrx_word' id='word_1_332' title='bbox 2869 1894 2977 1947; x_wconf 90' lang='lat' dir='ltr'>est.</span> <span class='ocrx_word' id='word_1_333' title='bbox 3009 1890 3325 1956; x_wconf 87' lang='lat' dir='ltr'>Quomodo</span> <span class='ocrx_word' id='word_1_334' title='bbox 3362 1904 3504 1960; x_wconf 90' lang='lat' dir='ltr'>ergo</span> 
     </span>
    </p>
   </div>
   <div class='ocr_carea' id='block_1_50' title="bbox 1842 1978 3501 2052">
    <p class='ocr_par' dir='ltr' id='par_1_50' title="bbox 1842 1978 3501 2052">
     <span class='ocr_line' id='line_1_50' title="bbox 1842 1978 3501 2052; baseline -0.001 -16"><span class='ocrx_word' id='word_1_335' title='bbox 1842 1978 2472 2052; x_wconf 88' lang='lat' dir='ltr'>nunchiprociderunt</span> <span class='ocrx_word' id='word_1_336' title='bbox 2500 1979 2563 2035; x_wconf 90' lang='lat' dir='ltr'>in</span> <span class='ocrx_word' id='word_1_337' title='bbox 2587 1978 2804 2035; x_wconf 89' lang='lat' dir='ltr'>faciem</span> <span class='ocrx_word' id='word_1_338' title='bbox 2827 1980 3039 2037; x_wconf 86' lang='lat' dir='ltr'>suam?</span> <span class='ocrx_word' id='word_1_339' title='bbox 3067 1978 3224 2045; x_wconf 87' lang='lat' dir='ltr'>Quia</span> <span class='ocrx_word' id='word_1_340' title='bbox 3248 1978 3501 2035; x_wconf 87' lang='lat' dir='ltr'>altitudo</span> 
     </span>
    </p>
   </div>
   <div class='ocr_carea' id='block_1_51' title="bbox 1846 2065 3508 2141">
    <p class='ocr_par' dir='ltr' id='par_1_51' title="bbox 1846 2065 3508 2141">
     <span class='ocr_line' id='line_1_51' title="bbox 1846 2065 3508 2141; baseline -0.002 -15"><span class='ocrx_word' id='word_1_341' title='bbox 1846 2084 2068 2140; x_wconf 88' lang='lat' dir='ltr'>magna</span> <span class='ocrx_word' id='word_1_342' title='bbox 2095 2072 2238 2135; x_wconf 88' lang='lat' dir='ltr'>erat,</span> <span class='ocrx_word' id='word_1_343' title='bbox 2271 2067 2689 2141; x_wconf 83' lang='lat' dir='ltr'>profundaque</span> <span class='ocrx_word' id='word_1_344' title='bbox 2728 2067 2987 2125; x_wconf 88' lang='lat' dir='ltr'>solitudo</span> <span class='ocrx_word' id='word_1_345' title='bbox 3035 2084 3106 2124; x_wconf 90' lang='lat' dir='ltr'>ac</span> <span class='ocrx_word' id='word_1_346' title='bbox 3134 2066 3393 2124; x_wconf 91' lang='lat' dir='ltr'>multum</span> <span class='ocrx_word' id='word_1_347' title='bbox 3428 2065 3508 2123; x_wconf 85' lang='lat' dir='ltr'>si-</span> 
     </span>
    </p>
   </div>
   <div class='ocr_carea' id='block_1_52' title="bbox 1843 2156 3503 2216">
    <p class='ocr_par' dir='ltr' id='par_1_52' title="bbox 1843 2156 3503 2216">
     <span class='ocr_line' id='line_1_52' title="bbox 1843 2156 3503 2216; baseline -0.002 -1"><span class='ocrx_word' id='word_1_348' title='bbox 1843 2158 2115 2216; x_wconf 89' lang='lat' dir='ltr'>lentium.</span> <span class='ocrx_word' id='word_1_349' title='bbox 2149 2161 2429 2214; x_wconf 67' lang='lat' dir='ltr'>Praeterea</span> <span class='ocrx_word' id='word_1_350' title='bbox 2460 2156 2910 2214; x_wconf 83' lang='lat' dir='ltr'>transformatio</span> <span class='ocrx_word' id='word_1_351' title='bbox 2935 2156 3096 2215; x_wconf 87' lang='lat' dir='ltr'>facta</span> <span class='ocrx_word' id='word_1_352' title='bbox 3121 2162 3211 2214; x_wconf 91' lang='lat' dir='ltr'>est</span> <span class='ocrx_word' id='word_1_353' title='bbox 3237 2156 3503 2214; x_wconf 87' lang='lat' dir='ltr'>horroris</span> 
     </span>
    </p>
   </div>
   <div class='ocr_carea' id='block_1_53' title="bbox 1844 2245 3500 2321">
    <p class='ocr_par' dir='ltr' id='par_1_53' title="bbox 1844 2245 3500 2321">
     <span class='ocr_line' id='line_1_53' title="bbox 1844 2245 3500 2321; baseline -0.002 -16"><span class='ocrx_word' id='word_1_354' title='bbox 1844 2248 2042 2321; x_wconf 89' lang='lat' dir='ltr'>plena,</span> <span class='ocrx_word' id='word_1_355' title='bbox 2075 2252 2134 2303; x_wconf 87' lang='lat' dir='ltr'>et</span> <span class='ocrx_word' id='word_1_356' title='bbox 2167 2246 2270 2303; x_wconf 87' lang='lat' dir='ltr'>lux</span> <span class='ocrx_word' id='word_1_357' title='bbox 2300 2245 2657 2303; x_wconf 90' lang='lat' dir='ltr'>immortalis</span> <span class='ocrx_word' id='word_1_358' title='bbox 2688 2246 2888 2319; x_wconf 81' lang='lat' dir='ltr'>eluxit,</span> <span class='ocrx_word' id='word_1_359' title='bbox 2921 2262 2992 2304; x_wconf 88' lang='lat' dir='ltr'>ac</span> <span class='ocrx_word' id='word_1_360' title='bbox 3018 2246 3213 2303; x_wconf 89' lang='lat' dir='ltr'>subito</span> <span class='ocrx_word' id='word_1_361' title='bbox 3246 2246 3500 2318; x_wconf 89' lang='lat' dir='ltr'>desuper</span> 
     </span>
    </p>
   </div>
   <div class='ocr_carea' id='block_1_54' title="bbox 1846 2334 3502 2409">
    <p class='ocr_par' dir='ltr' id='par_1_54' title="bbox 1846 2334 3502 2409">
     <span class='ocr_line' id='line_1_54' title="bbox 1846 2334 3502 2409; baseline -0.001 -16"><span class='ocrx_word' id='word_1_362' title='bbox 1846 2337 2260 2409; x_wconf 87' lang='lat' dir='ltr'>circumposita</span> <span class='ocrx_word' id='word_1_363' title='bbox 2309 2336 2490 2402; x_wconf 89' lang='lat' dir='ltr'>nube,</span> <span class='ocrx_word' id='word_1_364' title='bbox 2546 2351 2814 2408; x_wconf 84' lang='lat' dir='ltr'>voceque</span> <span class='ocrx_word' id='word_1_365' title='bbox 2849 2351 3033 2408; x_wconf 86' lang='lat' dir='ltr'>super</span> <span class='ocrx_word' id='word_1_366' title='bbox 3079 2351 3182 2392; x_wconf 87' lang='lat' dir='ltr'>eos</span> <span class='ocrx_word' id='word_1_367' title='bbox 3228 2334 3502 2408; x_wconf 87' lang='lat' dir='ltr'>delapsa,</span> 
     </span>
    </p>
   </div>
   <div class='ocr_carea' id='block_1_55' title="bbox 1846 2422 2899 2498">
    <p class='ocr_par' dir='ltr' id='par_1_55' title="bbox 1846 2422 2899 2498">
     <span class='ocr_line' id='line_1_55' title="bbox 1846 2422 2899 2498; baseline 0.001 -17"><span class='ocrx_word' id='word_1_368' title='bbox 1846 2426 2056 2482; x_wconf 90' lang='lat' dir='ltr'>merito</span> <span class='ocrx_word' id='word_1_369' title='bbox 2084 2424 2341 2498; x_wconf 90' lang='lat' dir='ltr'>perculsi</span> <span class='ocrx_word' id='word_1_370' title='bbox 2367 2428 2505 2480; x_wconf 91' lang='lat' dir='ltr'>sunt</span> <span class='ocrx_word' id='word_1_371' title='bbox 2533 2428 2589 2481; x_wconf 91' lang='lat' dir='ltr'>et</span> <span class='ocrx_word' id='word_1_372' title='bbox 2619 2422 2899 2482; x_wconf 86' lang='lat' dir='ltr'>exterriti.</span> 
     </span>
    </p>
   </div>
   <div class='ocr_carea' id='block_1_56' title="bbox 1917 2512 3510 2587">
    <p class='ocr_par' dir='ltr' id='par_1_56' title="bbox 1917 2512 3510 2587">
     <span class='ocr_line' id='line_1_56' title="bbox 1917 2512 3510 2587; baseline -0.001 -15"><span class='ocrx_word' id='word_1_373' title='bbox 1917 2518 2111 2572; x_wconf 89' lang='lat' dir='ltr'>Potest</span> <span class='ocrx_word' id='word_1_374' title='bbox 2131 2529 2374 2587; x_wconf 91' lang='lat' dir='ltr'>quoque</span> <span class='ocrx_word' id='word_1_375' title='bbox 2403 2518 2462 2569; x_wconf 90' lang='lat' dir='ltr'>et</span> <span class='ocrx_word' id='word_1_376' title='bbox 2490 2512 2663 2571; x_wconf 88' lang='lat' dir='ltr'>aliter</span> <span class='ocrx_word' id='word_1_377' title='bbox 2687 2512 2807 2569; x_wconf 91' lang='lat' dir='ltr'>dici</span> <span class='ocrx_word' id='word_1_378' title='bbox 2834 2514 3002 2586; x_wconf 92' lang='lat' dir='ltr'>quod</span> <span class='ocrx_word' id='word_1_379' title='bbox 3030 2512 3415 2587; x_wconf 89' lang='lat' dir='ltr'>prociderunt</span> <span class='ocrx_word' id='word_1_380' title='bbox 3445 2513 3510 2571; x_wconf 91' lang='lat' dir='ltr'>in</span> 
     </span>
    </p>
   </div>
   <div class='ocr_carea' id='block_1_57' title="bbox 1848 2602 2979 2671">
    <p class='ocr_par' dir='ltr' id='par_1_57' title="bbox 1848 2602 2979 2671">
     <span class='ocr_line' id='line_1_57' title="bbox 1848 2602 2979 2671; baseline -0.004 -9"><span class='ocrx_word' id='word_1_381' title='bbox 1848 2604 2065 2662; x_wconf 85' lang='lat' dir='ltr'>faciem</span> <span class='ocrx_word' id='word_1_382' title='bbox 2089 2619 2284 2671; x_wconf 89' lang='lat' dir='ltr'>suam,</span> <span class='ocrx_word' id='word_1_383' title='bbox 2315 2603 2429 2661; x_wconf 91' lang='lat' dir='ltr'>hoc</span> <span class='ocrx_word' id='word_1_384' title='bbox 2446 2606 2534 2660; x_wconf 89' lang='lat' dir='ltr'>est</span> <span class='ocrx_word' id='word_1_385' title='bbox 2558 2602 2979 2660; x_wconf 89' lang='lat' dir='ltr'>adoraverunt.</span> 
     </span>
    </p>
   </div>
   <div class='ocr_carea' id='block_1_58' title="bbox 1920 2691 3511 2749">
    <p class='ocr_par' dir='ltr' id='par_1_58' title="bbox 1920 2691 3511 2749">
     <span class='ocr_line' id='line_1_58' title="bbox 1920 2691 3511 2749; baseline -0.001 -1"><span class='ocrx_word' id='word_1_386' title='bbox 1920 2693 2089 2748; x_wconf 81' lang='lat' dir='ltr'>Vers.</span> <span class='ocrx_word' id='word_1_387' title='bbox 2117 2692 2173 2747; x_wconf 91' lang='lat'>7.</span> <span class='ocrx_word' id='word_1_388' title='bbox 2204 2691 2281 2749; x_wconf 86' lang='lat' dir='ltr'>Et</span> <span class='ocrx_word' id='word_1_389' title='bbox 2334 2721 2403 2733; x_wconf 89' lang='lat'><strong>—</strong></span> <span class='ocrx_word' id='word_1_390' title='bbox 2450 2691 2627 2748; x_wconf 80' lang='lat' dir='ltr'>nolite</span> <span class='ocrx_word' id='word_1_391' title='bbox 2666 2691 2891 2748; x_wconf 85' lang='lat' dir='ltr'>timere.</span> <span class='ocrx_word' id='word_1_392' title='bbox 2923 2691 3232 2748; x_wconf 86' lang='lat' dir='ltr'>Miseratus</span> <span class='ocrx_word' id='word_1_393' title='bbox 3261 2693 3352 2748; x_wconf 87' lang='lat' dir='ltr'>est</span> <span class='ocrx_word' id='word_1_394' title='bbox 3403 2692 3511 2748; x_wconf 90' lang='lat' dir='ltr'>im-</span> 
     </span>
    </p>
   </div>
   <div class='ocr_carea' id='block_1_59' title="bbox 1847 2779 3240 2847">
    <p class='ocr_par' dir='ltr' id='par_1_59' title="bbox 1847 2779 3240 2847">
     <span class='ocr_line' id='line_1_59' title="bbox 1847 2779 3240 2847; baseline -0.003 -8"><span class='ocrx_word' id='word_1_395' title='bbox 1847 2780 2228 2839; x_wconf 88' lang='lat' dir='ltr'>becillitatem</span> <span class='ocrx_word' id='word_1_396' title='bbox 2257 2795 2485 2847; x_wconf 90' lang='lat' dir='ltr'>eorum,</span> <span class='ocrx_word' id='word_1_397' title='bbox 2521 2784 2578 2839; x_wconf 89' lang='lat' dir='ltr'>et</span> <span class='ocrx_word' id='word_1_398' title='bbox 2605 2780 2722 2837; x_wconf 92' lang='lat' dir='ltr'>cito</span> <span class='ocrx_word' id='word_1_399' title='bbox 2738 2779 2913 2837; x_wconf 87' lang='lat' dir='ltr'>solvit</span> <span class='ocrx_word' id='word_1_400' title='bbox 2944 2780 3240 2837; x_wconf 89' lang='lat' dir='ltr'>timorem.</span> 
     </span>
    </p>
   </div>
   <div class='ocr_carea' id='block_1_60' title="bbox 1922 2868 3509 2926">
    <p class='ocr_par' dir='ltr' id='par_1_60' title="bbox 1922 2868 3509 2926">
     <span class='ocr_line' id='line_1_60' title="bbox 1922 2868 3509 2926; baseline 0 -1"><span class='ocrx_word' id='word_1_401' title='bbox 1922 2870 2085 2926; x_wconf 85' lang='lat' dir='ltr'>Vers.</span> <span class='ocrx_word' id='word_1_402' title='bbox 2127 2871 2180 2925; x_wconf 91' lang='lat'>8.</span> <span class='ocrx_word' id='word_1_403' title='bbox 2228 2870 2495 2926; x_wconf 81' lang='lat' dir='ltr'>Etevatis</span> <span class='ocrx_word' id='word_1_404' title='bbox 2541 2900 2611 2910; x_wconf 90' lang='lat'><strong><em>—</em></strong></span> <span class='ocrx_word' id='word_1_405' title='bbox 2653 2868 2861 2926; x_wconf 82' lang='lat' dir='ltr'>solum.</span> <span class='ocrx_word' id='word_1_406' title='bbox 2922 2870 2992 2926; x_wconf 90' lang='lat' dir='ltr'>Ut</span> <span class='ocrx_word' id='word_1_407' title='bbox 3042 2868 3320 2925; x_wconf 89' lang='lat' dir='ltr'>certiores</span> <span class='ocrx_word' id='word_1_408' title='bbox 3378 2869 3509 2926; x_wconf 90' lang='lat' dir='ltr'>red-</span> 
     </span>
    </p>
   </div>
   <div class='ocr_carea' id='block_1_61' title="bbox 112 2957 1736 3046">
    <p class='ocr_par' dir='ltr' id='par_1_61' title="bbox 112 2968 1736 3046">
     <span class='ocr_line' id='line_1_61' title="bbox 112 2968 1736 3046; baseline 0.004 -27"><span class='ocrx_word' id='word_1_409' title='bbox 112 2972 254 3042; x_wconf 73' lang='grc' dir='ltr'>πιρὶ</span> <span class='ocrx_word' id='word_1_410' title='bbox 320 2968 491 3021; x_wconf 67' lang='grc' dir='ltr'>αὐτοῦ</span> <span class='ocrx_word' id='word_1_411' title='bbox 524 2972 729 3041; x_wconf 80' lang='grc' dir='ltr'>γέγονεν</span> <span class='ocrx_word' id='word_1_412' title='bbox 775 2970 807 3029; x_wconf 82' lang='grc' dir='ltr'><strong>ἠ</strong></span> <span class='ocrx_word' id='word_1_413' title='bbox 868 2974 1005 3043; x_wconf 69' lang='grc' dir='ltr'>γωνὴ</span> <span class='ocrx_word' id='word_1_414' title='bbox 1036 3013 1050 3039; x_wconf 83' lang='grc'><strong>,</strong></span> <span class='ocrx_word' id='word_1_415' title='bbox 1095 2976 1251 3044; x_wconf 81' lang='grc' dir='ltr'>μόνος</span> <span class='ocrx_word' id='word_1_416' title='bbox 1305 2972 1488 3026; x_wconf 87' lang='grc' dir='ltr'>λοιπόν</span> <span class='ocrx_word' id='word_1_417' title='bbox 1560 2974 1736 3046; x_wconf 80' lang='grc' dir='ltr'>ὁρᾶται</span> 
     </span>
    </p>
   </div>
   <div class='ocr_carea' id='block_1_62' title="bbox 1922 2957 3511 3046">
    <p class='ocr_par' dir='ltr' id='par_1_62' title="bbox 1922 2957 3511 3031">
     <span class='ocr_line' id='line_1_62' title="bbox 1922 2957 3511 3031; baseline 0.004 -21"><span class='ocrx_word' id='word_1_418' title='bbox 1922 2964 2129 3016; x_wconf 73' lang='lat' dir='ltr'>rentur</span> <span class='ocrx_word' id='word_1_419' title='bbox 2164 2957 2332 3031; x_wconf 91' lang='lat' dir='ltr'>quod</span> <span class='ocrx_word' id='word_1_420' title='bbox 2359 2957 2435 3015; x_wconf 92' lang='lat' dir='ltr'>de</span> <span class='ocrx_word' id='word_1_421' title='bbox 2471 2957 2604 3031; x_wconf 89' lang='lat' dir='ltr'>ipso</span> <span class='ocrx_word' id='word_1_422' title='bbox 2635 2957 2792 3016; x_wconf 83' lang='lat' dir='ltr'>facta</span> <span class='ocrx_word' id='word_1_423' title='bbox 2822 2962 2977 3015; x_wconf 90' lang='lat' dir='ltr'>esset</span> <span class='ocrx_word' id='word_1_424' title='bbox 3020 2974 3158 3025; x_wconf 84' lang='lat' dir='ltr'>vox,</span> <span class='ocrx_word' id='word_1_425' title='bbox 3195 2957 3356 3016; x_wconf 86' lang='lat' dir='ltr'>solus</span> <span class='ocrx_word' id='word_1_426' title='bbox 3379 2958 3511 3031; x_wconf 89' lang='lat' dir='ltr'>jam</span> 
     </span>
    </p>
   </div>
   <div class='ocr_carea' id='block_1_63' title="bbox 112 3063 331 3111">
    <p class='ocr_par' dir='ltr' id='par_1_63' title="bbox 112 3063 331 3111">
     <span class='ocr_line' id='line_1_63' title="bbox 112 3063 331 3111; baseline 0.018 -4"><span class='ocrx_word' id='word_1_427' title='bbox 112 3063 331 3111; x_wconf 63' lang='grc' dir='ltr'>αὐτοῖς.</span> 
     </span>
    </p>
   </div>
   <div class='ocr_carea' id='block_1_64' title="bbox 210 3143 1743 3225">
    <p class='ocr_par' dir='ltr' id='par_1_64' title="bbox 210 3143 1743 3225">
     <span class='ocr_line' id='line_1_64' title="bbox 210 3143 1743 3225; baseline 0.005 -27"><span class='ocrx_word' id='word_1_428' title='bbox 210 3151 408 3199; x_wconf 77' lang='lat' dir='ltr'>Kal—</span> <span class='ocrx_word' id='word_1_429' title='bbox 440 3143 667 3219; x_wconf 75' lang='grc' dir='ltr'>ἀναστῇ.</span> <span class='ocrx_word' id='word_1_430' title='bbox 714 3152 875 3201; x_wconf 84' lang='grc' dir='ltr'>Ὅσον</span> <span class='ocrx_word' id='word_1_431' title='bbox 925 3152 1028 3221; x_wconf 83' lang='grc' dir='ltr'>γὰρ</span> <span class='ocrx_word' id='word_1_432' title='bbox 1071 3149 1288 3223; x_wconf 75' lang='grc' dir='ltr'>μείζονα</span> <span class='ocrx_word' id='word_1_433' title='bbox 1339 3150 1570 3224; x_wconf 76' lang='grc' dir='ltr'>ὶλέγοντο</span> <span class='ocrx_word' id='word_1_434' title='bbox 1626 3156 1743 3225; x_wconf 80' lang='grc' dir='ltr'>περὶ</span> 
     </span>
    </p>
   </div>
   <div class='ocr_carea' id='block_1_65' title="bbox 111 3233 1744 3314">
    <p class='ocr_par' dir='ltr' id='par_1_65' title="bbox 111 3233 1744 3314">
     <span class='ocr_line' id='line_1_65' title="bbox 111 3233 1744 3314; baseline 0.006 -28"><span class='ocrx_word' id='word_1_435' title='bbox 111 3234 320 3303; x_wconf 59' lang='grc' dir='ltr'>αὐτοῦ,</span> <span class='ocrx_word' id='word_1_436' title='bbox 375 3243 632 3288; x_wconf 80' lang='grc' dir='ltr'>τοσοῦτον</span> <span class='ocrx_word' id='word_1_437' title='bbox 690 3233 1222 3314; x_wconf 83' lang='grc' dir='ltr'>δυσπαραδεκτότερα</span> <span class='ocrx_word' id='word_1_438' title='bbox 1259 3237 1494 3297; x_wconf 77' lang='grc' dir='ltr'>ἐδόκουν.</span> <span class='ocrx_word' id='word_1_439' title='bbox 1544 3240 1744 3295; x_wconf 77' lang='grc' dir='ltr'>Κελεύει</span> 
     </span>
    </p>
   </div>
   <div class='ocr_carea' id='block_1_66' title="bbox 107 3324 1743 3404">
    <p class='ocr_par' dir='ltr' id='par_1_66' title="bbox 107 3324 1743 3404">
     <span class='ocr_line' id='line_1_66' title="bbox 107 3324 1743 3404; baseline 0.004 -27"><span class='ocrx_word' id='word_1_440' title='bbox 107 3324 218 3378; x_wconf 69' lang='grc' dir='ltr'>οὖν</span> <span class='ocrx_word' id='word_1_441' title='bbox 262 3328 525 3400; x_wconf 72' lang='grc' dir='ltr'>κρύπτειν</span> <span class='ocrx_word' id='word_1_442' title='bbox 585 3328 712 3400; x_wconf 86' lang='grc' dir='ltr'>παρ’</span> <span class='ocrx_word' id='word_1_443' title='bbox 765 3326 967 3391; x_wconf 75' lang='grc' dir='ltr'>ἑαυτοῖς</span> <span class='ocrx_word' id='word_1_444' title='bbox 1030 3333 1089 3381; x_wconf 90' lang='grc' dir='ltr'>τὸ</span> <span class='ocrx_word' id='word_1_445' title='bbox 1136 3331 1312 3404; x_wconf 83' lang='grc' dir='ltr'>θαῦμα</span> <span class='ocrx_word' id='word_1_446' title='bbox 1356 3338 1532 3401; x_wconf 74' lang='grc' dir='ltr'>τοῦτο,</span> <span class='ocrx_word' id='word_1_447' title='bbox 1603 3328 1743 3385; x_wconf 85' lang='grc' dir='ltr'>διότι</span> 
     </span>
    </p>
   </div>
   <div class='ocr_carea' id='block_1_67' title="bbox 109 3414 1744 3489">
    <p class='ocr_par' dir='ltr' id='par_1_67' title="bbox 109 3414 1744 3489">
     <span class='ocr_line' id='line_1_67' title="bbox 109 3414 1744 3489; baseline 0.004 -22"><span class='ocrx_word' id='word_1_448' title='bbox 109 3414 277 3467; x_wconf 62' lang='grc' dir='ltr'>αὐτοί</span> <span class='ocrx_word' id='word_1_449' title='bbox 308 3432 371 3466; x_wconf 84' lang='grc' dir='ltr'>τε</span> <span class='ocrx_word' id='word_1_450' title='bbox 423 3414 523 3466; x_wconf 73' lang='grc' dir='ltr'>οὐκ</span> <span class='ocrx_word' id='word_1_451' title='bbox 580 3414 780 3486; x_wconf 60' lang='grc' dir='ltr'>ἤμελλον</span> <span class='ocrx_word' id='word_1_452' title='bbox 810 3419 1176 3489; x_wconf 70' lang='grc' dir='ltr'>πιστευθῆναι,</span> <span class='ocrx_word' id='word_1_453' title='bbox 1225 3424 1315 3473; x_wconf 84' lang='grc' dir='ltr'>καὶ</span> <span class='ocrx_word' id='word_1_454' title='bbox 1376 3422 1425 3473; x_wconf 78' lang='grc' dir='ltr'>οἱ</span> <span class='ocrx_word' id='word_1_455' title='bbox 1492 3417 1744 3475; x_wconf 79' lang='grc' dir='ltr'>Ἰουδαῖοι</span> 
     </span>
    </p>
   </div>
   <div class='ocr_carea' id='block_1_68' title="bbox 102 3504 817 3577">
    <p class='ocr_par' dir='ltr' id='par_1_68' title="bbox 102 3504 817 3577">
     <span class='ocr_line' id='line_1_68' title="bbox 102 3504 817 3577; baseline 0 -20"><span class='ocrx_word' id='word_1_456' title='bbox 102 3504 327 3577; x_wconf 64' lang='grc' dir='ltr'>μᾶλλον</span> <span class='ocrx_word' id='word_1_457' title='bbox 359 3504 424 3555; x_wconf 82' lang='grc' dir='ltr'>ἄν</span> <span class='ocrx_word' id='word_1_458' title='bbox 451 3504 817 3577; x_wconf 70' lang='grc' dir='ltr'>ἠγριώθησαν.</span> 
     </span>
    </p>
   </div>
   <div class='ocr_carea' id='block_1_69' title="bbox 191 3598 1745 3674">
    <p class='ocr_par' dir='ltr' id='par_1_69' title="bbox 191 3598 1745 3674">
     <span class='ocr_line' id='line_1_69' title="bbox 191 3598 1745 3674; baseline 0.005 -27"><span class='ocrx_word' id='word_1_459' title='bbox 191 3598 309 3647; x_wconf 72' lang='grc' dir='ltr'>Καὶ</span> <span class='ocrx_word' id='word_1_460' title='bbox 361 3624 427 3634; x_wconf 88' lang='lat'><strong>-</strong></span> <span class='ocrx_word' id='word_1_461' title='bbox 483 3601 722 3665; x_wconf 79' lang='grc' dir='ltr'>πρῶτο·ν;</span> <span class='ocrx_word' id='word_1_462' title='bbox 756 3598 883 3670; x_wconf 82' lang='grc' dir='ltr'>Περὶ</span> <span class='ocrx_word' id='word_1_463' title='bbox 922 3604 1017 3659; x_wconf 84' lang='grc' dir='ltr'>τῆς</span> <span class='ocrx_word' id='word_1_464' title='bbox 1044 3598 1285 3661; x_wconf 73' lang='grc' dir='ltr'>θεότητος</span> <span class='ocrx_word' id='word_1_465' title='bbox 1346 3599 1505 3653; x_wconf 76' lang='grc' dir='ltr'>αὐτοῦ</span> <span class='ocrx_word' id='word_1_466' title='bbox 1553 3602 1745 3674; x_wconf 79' lang='grc' dir='ltr'>μαθόν-</span> 
     </span>
    </p>
   </div>
   <div class='ocr_carea' id='block_1_70' title="bbox 98 3680 1744 3763">
    <p class='ocr_par' dir='ltr' id='par_1_70' title="bbox 98 3680 1744 3763">
     <span class='ocr_line' id='line_1_70' title="bbox 98 3680 1744 3763; baseline 0.007 -31"><span class='ocrx_word' id='word_1_467' title='bbox 98 3702 199 3745; x_wconf 74' lang='grc' dir='ltr'>τες</span> <span class='ocrx_word' id='word_1_468' title='bbox 259 3680 664 3756; x_wconf 71' lang='grc' dir='ltr'>ἀκριϐέστερον,</span> <span class='ocrx_word' id='word_1_469' title='bbox 694 3681 796 3737; x_wconf 80' lang='grc' dir='ltr'>ἀπό</span> <span class='ocrx_word' id='word_1_470' title='bbox 834 3703 890 3737; x_wconf 86' lang='grc' dir='ltr'>τε</span> <span class='ocrx_word' id='word_1_471' title='bbox 919 3694 1015 3748; x_wconf 81' lang='grc' dir='ltr'>τῆς</span> <span class='ocrx_word' id='word_1_472' title='bbox 1057 3686 1330 3759; x_wconf 74' lang='grc' dir='ltr'>ὁμολογίας</span> <span class='ocrx_word' id='word_1_473' title='bbox 1379 3692 1596 3763; x_wconf 80' lang='grc' dir='ltr'>Πέτρου,</span> <span class='ocrx_word' id='word_1_474' title='bbox 1645 3689 1744 3744; x_wconf 81' lang='grc' dir='ltr'>ἀπό</span> 
     </span>
    </p>
   </div>
   <div class='ocr_carea' id='block_1_71' title="bbox 98 3773 1742 3852">
    <p class='ocr_par' dir='ltr' id='par_1_71' title="bbox 98 3773 1742 3852">
     <span class='ocr_line' id='line_1_71' title="bbox 98 3773 1742 3852; baseline 0.005 -29"><span class='ocrx_word' id='word_1_475' title='bbox 98 3791 169 3824; x_wconf 73' lang='grc' dir='ltr'>τε</span> <span class='ocrx_word' id='word_1_476' title='bbox 222 3780 336 3833; x_wconf 72' lang='grc' dir='ltr'>τῆς</span> <span class='ocrx_word' id='word_1_477' title='bbox 380 3778 853 3847; x_wconf 74' lang='grc' dir='ltr'>μεταμορφώσεως,</span> <span class='ocrx_word' id='word_1_478' title='bbox 882 3779 971 3827; x_wconf 79' lang='grc' dir='ltr'>καὶ</span> <span class='ocrx_word' id='word_1_479' title='bbox 1024 3773 1124 3828; x_wconf 78' lang='grc' dir='ltr'>ἀπὸ</span> <span class='ocrx_word' id='word_1_480' title='bbox 1176 3786 1268 3839; x_wconf 82' lang='grc' dir='ltr'>τῆς</span> <span class='ocrx_word' id='word_1_481' title='bbox 1320 3779 1509 3832; x_wconf 76' lang='grc' dir='ltr'>ἄνωθεν</span> <span class='ocrx_word' id='word_1_482' title='bbox 1552 3800 1742 3852; x_wconf 69' lang='grc' dir='ltr'>φωνης,</span> 
     </span>
    </p>
   </div>
   <div class='ocr_carea' id='block_1_72' title="bbox 98 3858 1743 3944">
    <p class='ocr_par' dir='ltr' id='par_1_72' title="bbox 98 3858 1743 3944">
     <span class='ocr_line' id='line_1_72' title="bbox 98 3858 1743 3944; baseline 0.007 -33"><span class='ocrx_word' id='word_1_483' title='bbox 98 3869 424 3935; x_wconf 59' lang='lat' dir='ltr'>sparsim,</span> <span class='ocrx_word' id='word_1_484' title='bbox 450 3862 533 3913; x_wconf 82' lang='grc' dir='ltr'>ὅτι</span> <span class='ocrx_word' id='word_1_485' title='bbox 563 3858 743 3920; x_wconf 75' lang='grc' dir='ltr'>ἐπειδὴ</span> <span class='ocrx_word' id='word_1_486' title='bbox 781 3866 846 3915; x_wconf 83' lang='grc' dir='ltr'>σὺ</span> <span class='ocrx_word' id='word_1_487' title='bbox 872 3862 920 3916; x_wconf 77' lang='grc' dir='ltr'>εἴ</span> <span class='ocrx_word' id='word_1_488' title='bbox 968 3866 995 3916; x_wconf 86' lang='grc' dir='ltr'><strong><em>ὁ</em></strong></span> <span class='ocrx_word' id='word_1_489' title='bbox 1026 3869 1278 3938; x_wconf 75' lang='grc' dir='ltr'>Χριστός,</span> <span class='ocrx_word' id='word_1_490' title='bbox 1308 3865 1456 3921; x_wconf 83' lang='grc' dir='ltr'>διατί</span> <span class='ocrx_word' id='word_1_491' title='bbox 1482 3872 1530 3921; x_wconf 81' lang='grc' dir='ltr'><strong>οἱ</strong></span> <span class='ocrx_word' id='word_1_492' title='bbox 1574 3871 1743 3944; x_wconf 79' lang='grc' dir='ltr'>Γραμ-</span> 
     </span>
    </p>
   </div>
   <div class='ocr_carea' id='block_1_73' title="bbox 96 3948 1746 4032">
    <p class='ocr_par' dir='ltr' id='par_1_73' title="bbox 96 3948 1746 4032">
     <span class='ocr_line' id='line_1_73' title="bbox 96 3948 1746 4032; baseline 0.008 -34"><span class='ocrx_word' id='word_1_493' title='bbox 96 3956 326 4022; x_wconf 53' lang='lat' dir='ltr'>garris</span> <span class='ocrx_word' id='word_1_494' title='bbox 372 3948 635 4020; x_wconf 72' lang='grc' dir='ltr'>λέγουσιν,</span> <span class='ocrx_word' id='word_1_495' title='bbox 669 3952 747 4002; x_wconf 86' lang='grc' dir='ltr'>ὅτι</span> <span class='ocrx_word' id='word_1_496' title='bbox 790 3950 966 4004; x_wconf 82' lang='grc' dir='ltr'>Ἠλίαν</span> <span class='ocrx_word' id='word_1_497' title='bbox 990 3957 1100 4029; x_wconf 85' lang='grc' dir='ltr'>χρή</span> <span class='ocrx_word' id='word_1_498' title='bbox 1130 3953 1287 4008; x_wconf 81' lang='grc' dir='ltr'>έλθεῖν</span> <span class='ocrx_word' id='word_1_499' title='bbox 1320 3960 1419 4032; x_wconf 87' lang='grc' dir='ltr'>πρὸ</span> <span class='ocrx_word' id='word_1_500' title='bbox 1453 3965 1545 4010; x_wconf 82' lang='grc' dir='ltr'>τοῦ</span> <span class='ocrx_word' id='word_1_501' title='bbox 1582 3966 1746 4032; x_wconf 81' lang='grc' dir='ltr'>Χρισ-</span> 
     </span>
    </p>
   </div>
   <div class='ocr_carea' id='block_1_74' title="bbox 1774 3046 2251 3118">
    <p class='ocr_par' dir='ltr' id='par_1_74' title="bbox 1774 3046 2251 3118">
     <span class='ocr_line' id='line_1_74' title="bbox 1774 3046 2251 3118; baseline -0.002 -14"><span class='ocrx_word' id='word_1_502' title='bbox 1774 3058 1816 3118; x_wconf 83' lang='lat' dir='ltr'>c</span> <span class='ocrx_word' id='word_1_503' title='bbox 1851 3047 1969 3105; x_wconf 91' lang='lat' dir='ltr'>illis</span> <span class='ocrx_word' id='word_1_504' title='bbox 2008 3046 2251 3103; x_wconf 87' lang='lat' dir='ltr'>videtur.</span> 
     </span>
    </p>
   </div>
   <div class='ocr_carea' id='block_1_75' title="bbox 1922 3154 3511 3226">
    <p class='ocr_par' dir='ltr' id='par_1_75' title="bbox 1922 3154 3511 3226">
     <span class='ocr_line' id='line_1_75' title="bbox 1922 3154 3511 3226; baseline -0.001 -14"><span class='ocrx_word' id='word_1_505' title='bbox 1922 3156 2081 3212; x_wconf 82' lang='lat' dir='ltr'>Vers.</span> <span class='ocrx_word' id='word_1_506' title='bbox 2113 3154 2168 3212; x_wconf 87' lang='lat'>9.</span> <span class='ocrx_word' id='word_1_507' title='bbox 2193 3154 2275 3209; x_wconf 85' lang='lat' dir='ltr'>Et</span> <span class='ocrx_word' id='word_1_508' title='bbox 2301 3183 2373 3196; x_wconf 88' lang='lat'><strong>--</strong></span> <span class='ocrx_word' id='word_1_509' title='bbox 2396 3158 2701 3224; x_wconf 82' lang='lat' dir='ltr'>resurgat.</span> <span class='ocrx_word' id='word_1_510' title='bbox 2728 3154 2957 3219; x_wconf 87' lang='lat' dir='ltr'>Quanto</span> <span class='ocrx_word' id='word_1_511' title='bbox 2988 3154 3146 3209; x_wconf 90' lang='lat' dir='ltr'>enim</span> <span class='ocrx_word' id='word_1_512' title='bbox 3182 3155 3409 3226; x_wconf 87' lang='lat' dir='ltr'>majora</span> <span class='ocrx_word' id='word_1_513' title='bbox 3434 3154 3511 3211; x_wconf 92' lang='lat' dir='ltr'>de</span> 
     </span>
    </p>
   </div>
   <div class='ocr_carea' id='block_1_76' title="bbox 1851 3240 3508 3314">
    <p class='ocr_par' dir='ltr' id='par_1_76' title="bbox 1851 3240 3508 3314">
     <span class='ocr_line' id='line_1_76' title="bbox 1851 3240 3508 3314; baseline -0.001 -13"><span class='ocrx_word' id='word_1_514' title='bbox 1851 3259 1924 3301; x_wconf 88' lang='lat' dir='ltr'>eo</span> <span class='ocrx_word' id='word_1_515' title='bbox 1953 3244 2262 3314; x_wconf 88' lang='lat' dir='ltr'>dixissent,</span> <span class='ocrx_word' id='word_1_516' title='bbox 2283 3246 2449 3299; x_wconf 89' lang='lat' dir='ltr'>tanto</span> <span class='ocrx_word' id='word_1_517' title='bbox 2465 3240 2761 3297; x_wconf 78' lang='lat' dir='ltr'>difﬁcilius</span> <span class='ocrx_word' id='word_1_518' title='bbox 2786 3242 2927 3298; x_wconf 90' lang='lat' dir='ltr'>cred</span> <span class='ocrx_word' id='word_1_519' title='bbox 2939 3240 3127 3298; x_wconf 90' lang='lat' dir='ltr'>libilia</span> <span class='ocrx_word' id='word_1_520' title='bbox 3143 3242 3508 3300; x_wconf 83' lang='lat' dir='ltr'>viderentur.</span> 
     </span>
    </p>
   </div>
   <div class='ocr_carea' id='block_1_77' title="bbox 1849 3322 3512 3403">
    <p class='ocr_par' dir='ltr' id='par_1_77' title="bbox 1849 3322 3512 3403">
     <span class='ocr_line' id='line_1_77' title="bbox 1849 3322 3512 3403; baseline -0.001 -15"><span class='ocrx_word' id='word_1_521' title='bbox 1849 3322 2025 3390; x_wconf 84' lang='lat' dir='ltr'>Jubet</span> <span class='ocrx_word' id='word_1_522' title='bbox 2075 3346 2216 3403; x_wconf 90' lang='lat' dir='ltr'>ergo</span> <span class='ocrx_word' id='word_1_523' title='bbox 2247 3331 2540 3389; x_wconf 89' lang='lat' dir='ltr'>visionem</span> <span class='ocrx_word' id='word_1_524' title='bbox 2570 3330 2728 3387; x_wconf 90' lang='lat' dir='ltr'>hanc</span> <span class='ocrx_word' id='word_1_525' title='bbox 2763 3330 2843 3387; x_wconf 89' lang='lat' dir='ltr'>ab</span> <span class='ocrx_word' id='word_1_526' title='bbox 2865 3329 2976 3386; x_wconf 86' lang='lat' dir='ltr'>illis</span> <span class='ocrx_word' id='word_1_527' title='bbox 3006 3330 3313 3396; x_wconf 87' lang='lat' dir='ltr'>occultari,</span> <span class='ocrx_word' id='word_1_528' title='bbox 3367 3331 3512 3403; x_wconf 89' lang='lat' dir='ltr'>quia</span> 
     </span>
    </p>
   </div>
   <div class='ocr_carea' id='block_1_78' title="bbox 1851 3417 3507 3493">
    <p class='ocr_par' dir='ltr' id='par_1_78' title="bbox 1851 3417 3507 3493">
     <span class='ocr_line' id='line_1_78' title="bbox 1851 3417 3507 3493; baseline -0.003 -13"><span class='ocrx_word' id='word_1_529' title='bbox 1851 3422 2115 3481; x_wconf 82' lang='lat' dir='ltr'>futurum</span> <span class='ocrx_word' id='word_1_530' title='bbox 2167 3424 2312 3488; x_wconf 88' lang='lat' dir='ltr'>erat,</span> <span class='ocrx_word' id='word_1_531' title='bbox 2345 3426 2411 3477; x_wconf 92' lang='lat' dir='ltr'>ut</span> <span class='ocrx_word' id='word_1_532' title='bbox 2457 3435 2654 3492; x_wconf 92' lang='lat' dir='ltr'>neque</span> <span class='ocrx_word' id='word_1_533' title='bbox 2684 3419 2801 3493; x_wconf 89' lang='lat' dir='ltr'>ipsi</span> <span class='ocrx_word' id='word_1_534' title='bbox 2832 3417 3194 3492; x_wconf 87' lang='lat' dir='ltr'>persuadere</span> <span class='ocrx_word' id='word_1_535' title='bbox 3242 3424 3507 3493; x_wconf 85' lang='lat' dir='ltr'>possent,</span> 
     </span>
    </p>
   </div>
   <div class='ocr_carea' id='block_1_79' title="bbox 1852 3510 2854 3581">
    <p class='ocr_par' dir='ltr' id='par_1_79' title="bbox 1852 3510 2854 3581">
     <span class='ocr_line' id='line_1_79' title="bbox 1852 3510 2854 3581; baseline -0.006 -11"><span class='ocrx_word' id='word_1_536' title='bbox 1852 3516 1911 3570; x_wconf 86' lang='lat' dir='ltr'>et</span> <span class='ocrx_word' id='word_1_537' title='bbox 1934 3510 2122 3568; x_wconf 65' lang='lat' dir='ltr'>Judmi</span> <span class='ocrx_word' id='word_1_538' title='bbox 2148 3510 2340 3580; x_wconf 86' lang='lat' dir='ltr'>magis</span> <span class='ocrx_word' id='word_1_539' title='bbox 2362 3514 2854 3581; x_wconf 87' lang='lat' dir='ltr'>exasperaentur.</span> 
     </span>
    </p>
   </div>
   <div class='ocr_carea' id='block_1_80' title="bbox 1922 3596 3511 3671">
    <p class='ocr_par' dir='ltr' id='par_1_80' title="bbox 1922 3596 3511 3671">
     <span class='ocr_line' id='line_1_80' title="bbox 1922 3596 3511 3671; baseline -0.001 -13"><span class='ocrx_word' id='word_1_540' title='bbox 1922 3600 2098 3659; x_wconf 85' lang='lat' dir='ltr'>Vers.</span> <span class='ocrx_word' id='word_1_541' title='bbox 2135 3602 2220 3657; x_wconf 79' lang='grc'>10.</span> <span class='ocrx_word' id='word_1_542' title='bbox 2250 3600 2330 3656; x_wconf 87' lang='lat' dir='ltr'>Et</span> <span class='ocrx_word' id='word_1_543' title='bbox 2358 3629 2430 3641; x_wconf 91' lang='lat'>—</span> <span class='ocrx_word' id='word_1_544' title='bbox 2450 3598 2721 3669; x_wconf 80' lang='lat' dir='ltr'>primum.</span> <span class='ocrx_word' id='word_1_545' title='bbox 2763 3598 2845 3654; x_wconf 91' lang='lat' dir='ltr'>De</span> <span class='ocrx_word' id='word_1_546' title='bbox 2882 3596 3194 3655; x_wconf 86' lang='lat' dir='ltr'>divinitate</span> <span class='ocrx_word' id='word_1_547' title='bbox 3221 3598 3353 3670; x_wconf 89' lang='lat' dir='ltr'>ejus</span> <span class='ocrx_word' id='word_1_548' title='bbox 3379 3598 3511 3671; x_wconf 88' lang='lat' dir='ltr'>jam</span> 
     </span>
    </p>
   </div>
   <div class='ocr_carea' id='block_1_81' title="bbox 1852 3687 3515 3762">
    <p class='ocr_par' dir='ltr' id='par_1_81' title="bbox 1852 3687 3515 3762">
     <span class='ocr_line' id='line_1_81' title="bbox 1852 3687 3515 3762; baseline -0.001 -15"><span class='ocrx_word' id='word_1_549' title='bbox 1852 3688 1932 3747; x_wconf 87' lang='lat' dir='ltr'>ad</span> <span class='ocrx_word' id='word_1_550' title='bbox 1978 3689 2222 3762; x_wconf 86' lang='lat' dir='ltr'>plenum</span> <span class='ocrx_word' id='word_1_551' title='bbox 2269 3688 2479 3756; x_wconf 86' lang='lat' dir='ltr'>edocti,</span> <span class='ocrx_word' id='word_1_552' title='bbox 2520 3692 2578 3744; x_wconf 89' lang='lat' dir='ltr'>et</span> <span class='ocrx_word' id='word_1_553' title='bbox 2622 3704 2661 3745; x_wconf 90' lang='lat' dir='ltr'>a</span> <span class='ocrx_word' id='word_1_554' title='bbox 2706 3687 2855 3744; x_wconf 91' lang='lat' dir='ltr'>Petri</span> <span class='ocrx_word' id='word_1_555' title='bbox 2901 3687 3301 3755; x_wconf 80' lang='lat' dir='ltr'>confessione,</span> <span class='ocrx_word' id='word_1_556' title='bbox 3360 3693 3417 3745; x_wconf 91' lang='lat' dir='ltr'>et</span> <span class='ocrx_word' id='word_1_557' title='bbox 3478 3705 3515 3746; x_wconf 87' lang='lat' dir='ltr'>a</span> 
     </span>
    </p>
   </div>
   <div class='ocr_carea' id='block_1_82' title="bbox 1852 3776 3513 3848">
    <p class='ocr_par' dir='ltr' id='par_1_82' title="bbox 1852 3776 3513 3848">
     <span class='ocr_line' id='line_1_82' title="bbox 1852 3776 3513 3848; baseline -0.001 -13"><span class='ocrx_word' id='word_1_558' title='bbox 1852 3778 2388 3844; x_wconf 86' lang='lat' dir='ltr'>transformatione,</span> <span class='ocrx_word' id='word_1_559' title='bbox 2432 3780 2488 3834; x_wconf 90' lang='lat' dir='ltr'>et</span> <span class='ocrx_word' id='word_1_560' title='bbox 2543 3794 2579 3833; x_wconf 87' lang='lat' dir='ltr'>a</span> <span class='ocrx_word' id='word_1_561' title='bbox 2619 3776 2839 3833; x_wconf 65' lang='lat' dir='ltr'>calenti</span> <span class='ocrx_word' id='word_1_562' title='bbox 2873 3792 3038 3844; x_wconf 91' lang='lat' dir='ltr'>voce,</span> <span class='ocrx_word' id='word_1_563' title='bbox 3094 3776 3465 3848; x_wconf 91' lang='lat' dir='ltr'>interrogant</span> <span class='ocrx_word' id='word_1_564' title='bbox 3498 3792 3513 3834; x_wconf 93' lang='lat'><strong>:</strong></span> 
     </span>
    </p>
   </div>
   <div class='ocr_carea' id='block_1_83' title="bbox 1854 3866 3517 3941">
    <p class='ocr_par' dir='ltr' id='par_1_83' title="bbox 1854 3866 3517 3941">
     <span class='ocr_line' id='line_1_83' title="bbox 1854 3866 3517 3941; baseline -0.001 -16"><span class='ocrx_word' id='word_1_565' title='bbox 1854 3867 2004 3925; x_wconf 88' lang='lat' dir='ltr'>Cum</span> <span class='ocrx_word' id='word_1_566' title='bbox 2031 3874 2097 3926; x_wconf 91' lang='lat' dir='ltr'>tu</span> <span class='ocrx_word' id='word_1_567' title='bbox 2128 3869 2206 3924; x_wconf 88' lang='lat' dir='ltr'>sis</span> <span class='ocrx_word' id='word_1_568' title='bbox 2255 3867 2542 3933; x_wconf 87' lang='lat' dir='ltr'>Christus,</span> <span class='ocrx_word' id='word_1_569' title='bbox 2600 3883 2776 3941; x_wconf 85' lang='lat' dir='ltr'>quare</span> <span class='ocrx_word' id='word_1_570' title='bbox 2819 3867 3040 3924; x_wconf 62' lang='lat' dir='ltr'>Scriba;</span> <span class='ocrx_word' id='word_1_571' title='bbox 3093 3866 3303 3924; x_wconf 86' lang='lat' dir='ltr'>dicunt</span> <span class='ocrx_word' id='word_1_572' title='bbox 3353 3867 3517 3940; x_wconf 91' lang='lat' dir='ltr'>quod</span> 
     </span>
    </p>
   </div>
   <div class='ocr_carea' id='block_1_84' title="bbox 1856 3956 3512 4030">
    <p class='ocr_par' dir='ltr' id='par_1_84' title="bbox 1856 3956 3512 4030">
     <span class='ocr_line' id='line_1_84' title="bbox 1856 3956 3512 4030; baseline 0.001 -18"><span class='ocrx_word' id='word_1_573' title='bbox 1856 3956 2047 4013; x_wconf 89' lang='lat' dir='ltr'>Eliam</span> <span class='ocrx_word' id='word_1_574' title='bbox 2074 3961 2347 4029; x_wconf 85' lang='lat' dir='ltr'>oporteat</span> <span class='ocrx_word' id='word_1_575' title='bbox 2396 3956 2599 4012; x_wconf 91' lang='lat' dir='ltr'>venire</span> <span class='ocrx_word' id='word_1_576' title='bbox 2632 3960 2769 4012; x_wconf 88' lang='lat' dir='ltr'>ante</span> <span class='ocrx_word' id='word_1_577' title='bbox 2819 3956 3112 4013; x_wconf 87' lang='lat' dir='ltr'>Christum</span> <span class='ocrx_word' id='word_1_578' title='bbox 3139 3956 3167 4012; x_wconf 84' lang='lat'><strong>?</strong></span> <span class='ocrx_word' id='word_1_579' title='bbox 3205 3957 3512 4030; x_wconf 90' lang='lat' dir='ltr'>quomodo</span> 
     </span>
    </p>
   </div>
   <div class='ocr_carea' id='block_1_85' title="bbox 94 4035 1736 4121">
    <p class='ocr_par' dir='ltr' id='par_1_85' title="bbox 94 4035 1736 4121">
     <span class='ocr_line' id='line_1_85' title="bbox 94 4035 1736 4121; baseline 0.005 -29"><span class='ocrx_word' id='word_1_580' title='bbox 94 4044 225 4092; x_wconf 74' lang='grc' dir='ltr'>τοῦ</span> <span class='ocrx_word' id='word_1_581' title='bbox 257 4054 275 4104; x_wconf 87' lang='grc'>;</span> <span class='ocrx_word' id='word_1_582' title='bbox 312 4046 421 4098; x_wconf 77' lang='grc' dir='ltr'>πῶς</span> <span class='ocrx_word' id='word_1_583' title='bbox 450 4035 541 4090; x_wconf 78' lang='grc' dir='ltr'>οὖν</span> <span class='ocrx_word' id='word_1_584' title='bbox 569 4038 664 4091; x_wconf 72' lang='grc' dir='ltr'>οὐκ</span> <span class='ocrx_word' id='word_1_585' title='bbox 690 4036 840 4098; x_wconf 79' lang='grc' dir='ltr'>ἦλθεν</span> <span class='ocrx_word' id='word_1_586' title='bbox 861 4041 1012 4104; x_wconf 80' lang='grc' dir='ltr'>οὗτος</span> <span class='ocrx_word' id='word_1_587' title='bbox 1040 4047 1140 4116; x_wconf 89' lang='grc' dir='ltr'>πρὸ</span> <span class='ocrx_word' id='word_1_588' title='bbox 1176 4053 1270 4098; x_wconf 86' lang='grc' dir='ltr'>σοῦ</span> <span class='ocrx_word' id='word_1_589' title='bbox 1299 4061 1312 4111; x_wconf 89' lang='grc'>;</span> <span class='ocrx_word' id='word_1_590' title='bbox 1342 4053 1508 4100; x_wconf 81' lang='grc' dir='ltr'>Τοῦτο</span> <span class='ocrx_word' id='word_1_591' title='bbox 1661 4044 1736 4101; x_wconf 75' lang='grc' dir='ltr'>οὖι</span> 
     </span>
    </p>
   </div>
   <div class='ocr_carea' id='block_1_86' title="bbox 1922 4035 3517 4121">
    <p class='ocr_par' dir='ltr' id='par_1_86' title="bbox 1922 4044 3517 4118">
     <span class='ocr_line' id='line_1_86' title="bbox 1922 4044 3517 4118; baseline -0.001 -16"><span class='ocrx_word' id='word_1_592' title='bbox 1922 4061 1982 4103; x_wconf 70' lang='grc' dir='ltr'>ιιι</span> <span class='ocrx_word' id='word_1_593' title='bbox 2008 4046 2165 4102; x_wconf 87' lang='lat' dir='ltr'>venit</span> <span class='ocrx_word' id='word_1_594' title='bbox 2192 4046 2290 4101; x_wconf 91' lang='lat' dir='ltr'>hic</span> <span class='ocrx_word' id='word_1_595' title='bbox 2319 4048 2450 4102; x_wconf 87' lang='lat' dir='ltr'>ante</span> <span class='ocrx_word' id='word_1_596' title='bbox 2482 4050 2536 4102; x_wconf 93' lang='lat' dir='ltr'>te</span> <span class='ocrx_word' id='word_1_597' title='bbox 2568 4044 2597 4100; x_wconf 74' lang='lat'><strong>7</strong></span> <span class='ocrx_word' id='word_1_598' title='bbox 2628 4048 2747 4103; x_wconf 81' lang='lat' dir='ltr'>Hoc</span> <span class='ocrx_word' id='word_1_599' title='bbox 2772 4046 2975 4118; x_wconf 88' lang='lat' dir='ltr'>itaque</span> <span class='ocrx_word' id='word_1_600' title='bbox 3002 4044 3517 4116; x_wconf 85' lang='lat' dir='ltr'>interrogaverunt</span> 
     </span>
    </p>
   </div>
   <div class='ocr_carea' id='block_1_87' title="bbox 96 4129 809 4200">
    <p class='ocr_par' dir='ltr' id='par_1_87' title="bbox 96 4129 809 4200">
     <span class='ocr_line' id='line_1_87' title="bbox 96 4129 809 4200; baseline 0.006 -22"><span class='ocrx_word' id='word_1_601' title='bbox 96 4131 427 4200; x_wconf 63' lang='grc' dir='ltr'>ἠρώτησαν</span> <span class='ocrx_word' id='word_1_602' title='bbox 467 4129 516 4178; x_wconf 80' lang='grc' dir='ltr'>οἱ</span> <span class='ocrx_word' id='word_1_603' title='bbox 551 4130 809 4200; x_wconf 80' lang='grc' dir='ltr'>μαθηταί.</span> 
     </span>
    </p>
   </div>
   <div class='ocr_carea' id='block_1_88' title="bbox 202 4213 1750 4301">
    <p class='ocr_par' dir='ltr' id='par_1_88' title="bbox 202 4213 1750 4301">
     <span class='ocr_line' id='line_1_88' title="bbox 202 4213 1750 4301; baseline 0.008 -34"><span class='ocrx_word' id='word_1_604' title='bbox 202 4222 487 4288; x_wconf 64' lang='lat' dir='ltr'>“pocius</span> <span class='ocrx_word' id='word_1_605' title='bbox 549 4213 610 4269; x_wconf 79' lang='grc' dir='ltr'>δε</span> <span class='ocrx_word' id='word_1_606' title='bbox 636 4223 931 4289; x_wconf 71' lang='grc' dir='ltr'>γινώσκειν,</span> <span class='ocrx_word' id='word_1_607' title='bbox 981 4221 1059 4273; x_wconf 85' lang='grc' dir='ltr'>ὅτι</span> <span class='ocrx_word' id='word_1_608' title='bbox 1103 4224 1157 4275; x_wconf 85' lang='grc' dir='ltr'>αἱ</span> <span class='ocrx_word' id='word_1_609' title='bbox 1197 4228 1395 4297; x_wconf 69' lang='grc' dir='ltr'>Γραφαὶ</span> <span class='ocrx_word' id='word_1_610' title='bbox 1427 4222 1524 4279; x_wconf 78' lang='grc' dir='ltr'>δύο</span> <span class='ocrx_word' id='word_1_611' title='bbox 1553 4245 1750 4301; x_wconf 86' lang='grc' dir='ltr'>παρου-</span> 
     </span>
    </p>
   </div>
   <div class='ocr_carea' id='block_1_89' title="bbox 1859 4134 3517 4296">
    <p class='ocr_par' dir='ltr' id='par_1_89' title="bbox 1859 4134 3517 4296">
     <span class='ocr_line' id='line_1_89' title="bbox 1859 4134 3517 4296; baseline -0.002 -15"><span class='ocrx_word' id='word_1_612' title='bbox 1859 4135 2100 4281; x_wconf 55' lang='grc' dir='ltr'>(1ιέῗὶΞὲ</span> <span class='ocrx_word' id='word_1_613' title='bbox 2104 4134 2360 4280; x_wconf 65' lang='lat' dir='ltr'>llautem</span> <span class='ocrx_word' id='word_1_614' title='bbox 2433 4226 2689 4295; x_wconf 90' lang='lat' dir='ltr'>oportet,</span> <span class='ocrx_word' id='word_1_615' title='bbox 2749 4222 2915 4295; x_wconf 93' lang='lat' dir='ltr'>quod</span> <span class='ocrx_word' id='word_1_616' title='bbox 2989 4222 3303 4296; x_wconf 63' lang='lat' dir='ltr'>Scriptura:</span> <span class='ocrx_word' id='word_1_617' title='bbox 3362 4222 3517 4279; x_wconf 87' lang='lat' dir='ltr'>duos</span> 
     </span>
    </p>
   </div>
   <div class='ocr_carea' id='block_1_90' title="bbox 88 4308 1736 4389">
    <p class='ocr_par' dir='ltr' id='par_1_90' title="bbox 88 4308 1736 4389">
     <span class='ocr_line' id='line_1_90' title="bbox 88 4308 1736 4389; baseline 0.004 -30"><span class='ocrx_word' id='word_1_618' title='bbox 88 4311 261 4367; x_wconf 76' lang='lat' dir='ltr'>cria;</span> <span class='ocrx_word' id='word_1_619' title='bbox 314 4314 410 4358; x_wconf 72' lang='grc' dir='ltr'>τοῦ</span> <span class='ocrx_word' id='word_1_620' title='bbox 460 4313 699 4380; x_wconf 76' lang='grc' dir='ltr'>Χριστοῦ</span> <span class='ocrx_word' id='word_1_621' title='bbox 745 4308 976 4380; x_wconf 83' lang='grc' dir='ltr'>λέγουσι,</span> <span class='ocrx_word' id='word_1_622' title='bbox 1025 4315 1119 4369; x_wconf 81' lang='grc' dir='ltr'>τήν</span> <span class='ocrx_word' id='word_1_623' title='bbox 1167 4331 1220 4365; x_wconf 88' lang='grc' dir='ltr'>τε</span> <span class='ocrx_word' id='word_1_624' title='bbox 1268 4320 1610 4389; x_wconf 72' lang='grc' dir='ltr'>γεγενημένην</span> <span class='ocrx_word' id='word_1_625' title='bbox 1662 4321 1736 4369; x_wconf 68' lang='grc' dir='ltr'>καὶ</span> 
     </span>
    </p>
   </div>
   <div class='ocr_carea' id='block_1_91' title="bbox 1922 4308 3518 4389">
    <p class='ocr_par' dir='ltr' id='par_1_91' title="bbox 1922 4310 3518 4383">
     <span class='ocr_line' id='line_1_91' title="bbox 1922 4310 3518 4383; baseline -0.003 -11"><span class='ocrx_word' id='word_1_626' title='bbox 1922 4315 2071 4373; x_wconf 77' lang='lat' dir='ltr'>iristi</span> <span class='ocrx_word' id='word_1_627' title='bbox 2118 4315 2413 4371; x_wconf 89' lang='lat' dir='ltr'>adventus</span> <span class='ocrx_word' id='word_1_628' title='bbox 2437 4312 2664 4381; x_wconf 90' lang='lat' dir='ltr'>dicunt,</span> <span class='ocrx_word' id='word_1_629' title='bbox 2693 4328 2833 4369; x_wconf 90' lang='lat' dir='ltr'>eum</span> <span class='ocrx_word' id='word_1_630' title='bbox 2862 4311 3132 4369; x_wconf 88' lang='lat' dir='ltr'>videlicet</span> <span class='ocrx_word' id='word_1_631' title='bbox 3174 4312 3275 4383; x_wconf 87' lang='lat' dir='ltr'>qui</span> <span class='ocrx_word' id='word_1_632' title='bbox 3326 4310 3518 4368; x_wconf 80' lang='lat' dir='ltr'>factus</span> 
     </span>
    </p>
   </div>
   <div class='ocr_carea' id='block_1_92' title="bbox 86 4395 1736 4483">
    <p class='ocr_par' dir='ltr' id='par_1_92' title="bbox 86 4395 1736 4474">
     <span class='ocr_line' id='line_1_92' title="bbox 86 4395 1736 4474; baseline 0.005 -28"><span class='ocrx_word' id='word_1_633' title='bbox 86 4402 231 4453; x_wconf 68' lang='grc' dir='ltr'>τήν</span> <span class='ocrx_word' id='word_1_634' title='bbox 280 4395 598 4465; x_wconf 68' lang='grc' dir='ltr'>μελλουσαν.</span> <span class='ocrx_word' id='word_1_635' title='bbox 662 4401 785 4471; x_wconf 81' lang='grc' dir='ltr'>Περὶ</span> <span class='ocrx_word' id='word_1_636' title='bbox 840 4396 907 4450; x_wconf 83' lang='grc' dir='ltr'>ὧν</span> <span class='ocrx_word' id='word_1_637' title='bbox 947 4397 1241 4474; x_wconf 73' lang='grc' dir='ltr'>ἀμφοτέρων</span> <span class='ocrx_word' id='word_1_638' title='bbox 1296 4408 1384 4456; x_wconf 76' lang='grc' dir='ltr'>καὶ</span> <span class='ocrx_word' id='word_1_639' title='bbox 1450 4406 1476 4457; x_wconf 88' lang='lat'>6</span> <span class='ocrx_word' id='word_1_640' title='bbox 1548 4404 1736 4459; x_wconf 67' lang='grc' dir='ltr'>Παῦλος</span> 
     </span>
    </p>
   </div>
   <div class='ocr_carea' id='block_1_93' title="bbox 1922 4395 3518 4483">
    <p class='ocr_par' dir='ltr' id='par_1_93' title="bbox 1922 4400 3518 4483">
     <span class='ocr_line' id='line_1_93' title="bbox 1922 4400 3518 4483; baseline -0.002 -21"><span class='ocrx_word' id='word_1_641' title='bbox 1922 4410 1969 4473; x_wconf 85' lang='lat' dir='ltr'>t,</span> <span class='ocrx_word' id='word_1_642' title='bbox 2020 4412 2077 4463; x_wconf 91' lang='lat' dir='ltr'>et</span> <span class='ocrx_word' id='word_1_643' title='bbox 2120 4403 2410 4464; x_wconf 86' lang='lat' dir='ltr'>futurum.</span> <span class='ocrx_word' id='word_1_644' title='bbox 2444 4405 2526 4461; x_wconf 91' lang='lat' dir='ltr'>De</span> <span class='ocrx_word' id='word_1_645' title='bbox 2579 4410 2833 4483; x_wconf 81' lang='lat' dir='ltr'>utroque</span> <span class='ocrx_word' id='word_1_646' title='bbox 2883 4401 3085 4459; x_wconf 90' lang='lat' dir='ltr'>docuit</span> <span class='ocrx_word' id='word_1_647' title='bbox 3121 4400 3384 4459; x_wconf 83' lang='lat' dir='ltr'>Paulus:</span> <span class='ocrx_word' id='word_1_648' title='bbox 3442 4401 3518 4459; x_wconf 90' lang='lat' dir='ltr'>de</span> 
     </span>
    </p>
   </div>
   <div class='ocr_carea' id='block_1_94' title="bbox 82 4481 1736 4570">
    <p class='ocr_par' dir='ltr' id='par_1_94' title="bbox 82 4481 1736 4568">
     <span class='ocr_line' id='line_1_94' title="bbox 82 4481 1736 4568; baseline 0.006 -29"><span class='ocrx_word' id='word_1_649' title='bbox 82 4481 361 4547; x_wconf 70' lang='grc' dir='ltr'>ἐδίδαξε</span> <span class='ocrx_word' id='word_1_650' title='bbox 421 4485 607 4556; x_wconf 77' lang='grc' dir='ltr'>λέγων’</span> <span class='ocrx_word' id='word_1_651' title='bbox 651 4492 768 4560; x_wconf 77' lang='grc' dir='ltr'>περὶ</span> <span class='ocrx_word' id='word_1_652' title='bbox 815 4491 905 4561; x_wconf 69' lang='grc' dir='ltr'>μὲν</span> <span class='ocrx_word' id='word_1_653' title='bbox 956 4497 1051 4552; x_wconf 85' lang='grc' dir='ltr'>τῆς</span> <span class='ocrx_word' id='word_1_654' title='bbox 1103 4496 1350 4565; x_wconf 73' lang='grc' dir='ltr'>πρώτης*</span> <span class='ocrx_word' id='word_1_655' title='bbox 1413 4494 1664 4568; x_wconf 77' lang='grc' dir='ltr'>Ἐπεφάνη</span> <span class='ocrx_word' id='word_1_656' title='bbox 1716 4498 1736 4556; x_wconf 78' lang='lat' dir='ltr'>i</span> 
     </span>
    </p>
   </div>
   <div class='ocr_carea' id='block_1_95' title="bbox 1922 4481 3520 4570">
    <p class='ocr_par' dir='ltr' id='par_1_95' title="bbox 1922 4481 3520 4569">
     <span class='ocr_line' id='line_1_95' title="bbox 1922 4481 3520 4569; baseline -0.003 -16"><span class='ocrx_word' id='word_1_657' title='bbox 1922 4494 2151 4569; x_wconf 68' lang='lat' dir='ltr'>ropriori</span> <span class='ocrx_word' id='word_1_658' title='bbox 2194 4494 2482 4568; x_wconf 89' lang='lat' dir='ltr'>quidem:</span> <span class='ocrx_word' id='word_1_659' title='bbox 2542 4481 2864 4564; x_wconf 76' lang='lat' dir='ltr'>Apparuit,</span> <span class='ocrx_word' id='word_1_660' title='bbox 2908 4490 3123 4564; x_wconf 86' lang='lat' dir='ltr'>inquit,</span> <span class='ocrx_word' id='word_1_661' title='bbox 3174 4490 3370 4564; x_wconf 82' lang='lat' dir='ltr'>gratia</span> <span class='ocrx_word' id='word_1_662' title='bbox 3411 4490 3520 4549; x_wconf 85' lang='lat' dir='ltr'>Dei</span> 
     </span>
    </p>
   </div>
   <div class='ocr_carea' id='block_1_96' title="bbox 82 4577 1747 4660">
    <p class='ocr_par' dir='ltr' id='par_1_96' title="bbox 82 4577 1747 4660">
     <span class='ocr_line' id='line_1_96' title="bbox 82 4577 1747 4660; baseline 0.009 -35"><span class='ocrx_word' id='word_1_663' title='bbox 82 4580 314 4649; x_wconf 66' lang='grc' dir='ltr'>χάρις</span> <span class='ocrx_word' id='word_1_664' title='bbox 356 4583 448 4627; x_wconf 70' lang='grc' dir='ltr'>τοῦ</span> <span class='ocrx_word' id='word_1_665' title='bbox 499 4582 634 4628; x_wconf 78' lang='grc' dir='ltr'>Θεοῦ</span> <span class='ocrx_word' id='word_1_666' title='bbox 686 4577 717 4634; x_wconf 83' lang='grc' dir='ltr'><strong>ἠ</strong></span> <span class='ocrx_word' id='word_1_667' title='bbox 772 4583 1051 4651; x_wconf 74' lang='grc' dir='ltr'>σωτήριοςο</span> <span class='ocrx_word' id='word_1_668' title='bbox 1099 4584 1215 4653; x_wconf 78' lang='grc' dir='ltr'>περὶ</span> <span class='ocrx_word' id='word_1_669' title='bbox 1265 4577 1324 4635; x_wconf 75' lang='grc' dir='ltr'>δε</span> <span class='ocrx_word' id='word_1_670' title='bbox 1352 4591 1446 4646; x_wconf 83' lang='grc' dir='ltr'>τῆς</span> <span class='ocrx_word' id='word_1_671' title='bbox 1484 4581 1747 4660; x_wconf 84' lang='grc' dir='ltr'>δευτέρας·</span> 
     </span>
    </p>
   </div>
   <div class='ocr_carea' id='block_1_97' title="bbox 80 4660 1750 4750">
    <p class='ocr_par' dir='ltr' id='par_1_97' title="bbox 80 4660 1750 4750">
     <span class='ocr_line' id='line_1_97' title="bbox 80 4660 1750 4750; baseline 0.005 -29"><span class='ocrx_word' id='word_1_672' title='bbox 80 4660 579 4738; x_wconf 65' lang='grc' dir='ltr'>Ιιροσδεχόμενοι</span> <span class='ocrx_word' id='word_1_673' title='bbox 647 4670 740 4725; x_wconf 67' lang='grc' dir='ltr'>τήν</span> <span class='ocrx_word' id='word_1_674' title='bbox 814 4672 1075 4744; x_wconf 78' lang='grc' dir='ltr'>μακαρίαν</span> <span class='ocrx_word' id='word_1_675' title='bbox 1139 4666 1327 4725; x_wconf 80' lang='grc' dir='ltr'>ἐλπίδα</span> <span class='ocrx_word' id='word_1_676' title='bbox 1398 4677 1488 4727; x_wconf 79' lang='grc' dir='ltr'>καὶ</span> <span class='ocrx_word' id='word_1_677' title='bbox 1557 4676 1750 4750; x_wconf 67' lang='grc' dir='ltr'>ἔπερσε·-</span> 
     </span>
    </p>
   </div>
   <div class='ocr_carea' id='block_1_98' title="bbox 1859 4582 3518 4659">
    <p class='ocr_par' dir='ltr' id='par_1_98' title="bbox 1859 4582 3518 4659">
     <span class='ocr_line' id='line_1_98' title="bbox 1859 4582 3518 4659; baseline -0.004 -14"><span class='ocrx_word' id='word_1_678' title='bbox 1859 4586 2169 4647; x_wconf 81' lang='lat' dir='ltr'>satutaris.</span> <span class='ocrx_word' id='word_1_679' title='bbox 2182 4586 2261 4642; x_wconf 89' lang='lat' dir='ltr'>De</span> <span class='ocrx_word' id='word_1_680' title='bbox 2282 4583 2628 4659; x_wconf 88' lang='lat' dir='ltr'>posterioris</span> <span class='ocrx_word' id='word_1_681' title='bbox 2647 4598 2818 4639; x_wconf 88' lang='lat' dir='ltr'>vero:</span> <span class='ocrx_word' id='word_1_682' title='bbox 2840 4583 3271 4653; x_wconf 76' lang='lat' dir='ltr'>Exspectantes</span> <span class='ocrx_word' id='word_1_683' title='bbox 3294 4582 3518 4640; x_wconf 76' lang='lat' dir='ltr'>beatam</span> 
     </span>
    </p>
   </div>
   <div class='ocr_carea' id='block_1_99' title="bbox 1859 4670 3520 4749">
    <p class='ocr_par' dir='ltr' id='par_1_99' title="bbox 1859 4670 3520 4749">
     <span class='ocr_line' id='line_1_99' title="bbox 1859 4670 3520 4749; baseline -0.005 -13"><span class='ocrx_word' id='word_1_684' title='bbox 1859 4694 2015 4749; x_wconf 76' lang='lat' dir='ltr'>spem</span> <span class='ocrx_word' id='word_1_685' title='bbox 2046 4682 2098 4735; x_wconf 91' lang='lat' dir='ltr'>et</span> <span class='ocrx_word' id='word_1_686' title='bbox 2124 4676 2573 4747; x_wconf 82' lang='lat' dir='ltr'>apparitionem</span> <span class='ocrx_word' id='word_1_687' title='bbox 2596 4672 2794 4745; x_wconf 85' lang='lat' dir='ltr'>magni</span> <span class='ocrx_word' id='word_1_688' title='bbox 2819 4672 2927 4729; x_wconf 79' lang='lat' dir='ltr'>Dei</span> <span class='ocrx_word' id='word_1_689' title='bbox 2946 4677 3001 4729; x_wconf 86' lang='lat' dir='ltr'>et</span> <span class='ocrx_word' id='word_1_690' title='bbox 3025 4670 3352 4730; x_wconf 74' lang='lat' dir='ltr'>Saluatoris</span> <span class='ocrx_word' id='word_1_691' title='bbox 3392 4687 3520 4728; x_wconf 88' lang='lat' dir='ltr'>nos-</span> 
     </span>
    </p>
   </div>
   <div class='ocr_carea' id='block_1_100' title="bbox 76 4755 1736 4837">
    <p class='ocr_par' dir='ltr' id='par_1_100' title="bbox 76 4755 1736 4837">
     <span class='ocr_line' id='line_1_100' title="bbox 76 4755 1736 4837; baseline 0.015 -40"><span class='ocrx_word' id='word_1_692' title='bbox 76 4774 279 4808; x_wconf 59' lang='grc' dir='ltr'>νειαο</span> <span class='ocrx_word' id='word_1_693' title='bbox 315 4756 430 4825; x_wconf 65' lang='grc'><strong>(49)</strong></span> <span class='ocrx_word' id='word_1_694' title='bbox 472 4762 564 4808; x_wconf 77' lang='grc' dir='ltr'>του</span> <span class='ocrx_word' id='word_1_695' title='bbox 593 4755 823 4828; x_wconf 76' lang='grc' dir='ltr'>μεγάλου</span> <span class='ocrx_word' id='word_1_696' title='bbox 850 4764 983 4812; x_wconf 84' lang='grc' dir='ltr'>Θεοῦ</span> <span class='ocrx_word' id='word_1_697' title='bbox 1008 4761 1098 4812; x_wconf 77' lang='grc' dir='ltr'>καὶ</span> <span class='ocrx_word' id='word_1_698' title='bbox 1123 4766 1357 4835; x_wconf 82' lang='grc' dir='ltr'>Σωτῆρος</span> <span class='ocrx_word' id='word_1_699' title='bbox 1376 4764 1522 4837; x_wconf 77' lang='grc' dir='ltr'>ἡμῶν</span> <span class='ocrx_word' id='word_1_700' title='bbox 1570 4764 1736 4826; x_wconf 78' lang='grc' dir='ltr'>Ἰησοί</span> 
     </span>
    </p>
   </div>
   <div class='ocr_carea' id='block_1_101' title="bbox 1922 4755 2382 4837">
    <p class='ocr_par' dir='ltr' id='par_1_101' title="bbox 1922 4765 2382 4826">
     <span class='ocr_line' id='line_1_101' title="bbox 1922 4765 2382 4826; baseline -0.009 -2"><span class='ocrx_word' id='word_1_701' title='bbox 1922 4767 1943 4824; x_wconf 89' lang='lat' dir='ltr'>i</span> <span class='ocrx_word' id='word_1_702' title='bbox 1967 4766 2106 4823; x_wconf 79' lang='lat' dir='ltr'>Iesu</span> <span class='ocrx_word' id='word_1_703' title='bbox 2134 4765 2382 4826; x_wconf 78' lang='lat' dir='ltr'>Christi.</span> 
     </span>
    </p>
   </div>
   <div class='ocr_carea' id='block_1_102' title="bbox 76 4850 401 4921">
    <p class='ocr_par' dir='ltr' id='par_1_102' title="bbox 76 4850 401 4921">
     <span class='ocr_line' id='line_1_102' title="bbox 76 4850 401 4921; baseline 0.012 -26"><span class='ocrx_word' id='word_1_704' title='bbox 76 4850 401 4921; x_wconf 70' lang='grc' dir='ltr'>Χριστοῦ.</span> 
     </span>
    </p>
   </div>
   <div class='ocr_carea' id='block_1_103' title="bbox 182 5021 1591 5099">
    <p class='ocr_par' dir='ltr' id='par_1_103' title="bbox 182 5021 1591 5099">
     <span class='ocr_line' id='line_1_103' title="bbox 182 5021 1591 5099; baseline 0.013 -25"><span class='ocrx_word' id='word_1_705' title='bbox 182 5024 267 5063; x_wconf 74' lang='grc' dir='ltr'>ιο</span> <span class='ocrx_word' id='word_1_706' title='bbox 287 5021 459 5082; x_wconf 81' lang='lat' dir='ltr'>Joan.</span> <span class='ocrx_word' id='word_1_707' title='bbox 488 5039 595 5092; x_wconf 79' lang='lat' dir='ltr'>xu,</span> <span class='ocrx_word' id='word_1_708' title='bbox 626 5026 719 5085; x_wconf 74' lang='lat'>29.</span> <span class='ocrx_word' id='word_1_709' title='bbox 797 5024 842 5065; x_wconf 79' lang='grc'>¹¹</span> <span class='ocrx_word' id='word_1_710' title='bbox 866 5026 968 5086; x_wconf 86' lang='lat' dir='ltr'>Tit.</span> <span class='ocrx_word' id='word_1_711' title='bbox 995 5042 1056 5099; x_wconf 87' lang='grc' dir='ltr'>ιι,</span> <span class='ocrx_word' id='word_1_712' title='bbox 1096 5031 1181 5097; x_wconf 70' lang='grc'>11,</span> <span class='ocrx_word' id='word_1_713' title='bbox 1259 5030 1308 5070; x_wconf 74' lang='grc' dir='ltr'>ι’</span> <span class='ocrx_word' id='word_1_714' title='bbox 1338 5031 1485 5093; x_wconf 88' lang='lat' dir='ltr'>ibid.</span> <span class='ocrx_word' id='word_1_715' title='bbox 1522 5034 1591 5092; x_wconf 81' lang='grc'><strong>13</strong></span> 
     </span>
    </p>
   </div>
   <div class='ocr_carea' id='block_1_104' title="bbox 1363 5213 2294 5305">
    <p class='ocr_par' dir='ltr' id='par_1_104' title="bbox 1363 5213 2294 5305">
     <span class='ocr_line' id='line_1_104' title="bbox 1363 5213 2294 5305; baseline 0.003 -19"><span class='ocrx_word' id='word_1_716' title='bbox 1363 5213 1581 5286; x_wconf 67' lang='lat' dir='ltr'>Variae</span> <span class='ocrx_word' id='word_1_717' title='bbox 1611 5214 1943 5305; x_wconf 86' lang='lat' dir='ltr'>lectiones</span> <span class='ocrx_word' id='word_1_718' title='bbox 1978 5223 2048 5285; x_wconf 88' lang='lat' dir='ltr'>et</span> <span class='ocrx_word' id='word_1_719' title='bbox 2085 5224 2294 5289; x_wconf 66' lang='lat' dir='ltr'>notae.</span> 
     </span>
    </p>
   </div>
   <div class='ocr_carea' id='block_1_105' title="bbox 160 5402 981 5530">
    <p class='ocr_par' dir='ltr' id='par_1_105' title="bbox 160 5402 981 5530">
     <span class='ocr_line' id='line_1_105' title="bbox 160 5402 981 5530; baseline -0.007 -65"><span class='ocrx_word' id='word_1_720' title='bbox 160 5403 344 5530; x_wconf 57' lang='grc' dir='ltr'>(ιῗέ</span> <span class='ocrx_word' id='word_1_721' title='bbox 385 5402 659 5485; x_wconf 50' lang='lat' dir='ltr'>Initia-ipa</span> <span class='ocrx_word' id='word_1_722' title='bbox 701 5403 804 5478; x_wconf 81' lang='grc' dir='ltr'>γὰρ</span> <span class='ocrx_word' id='word_1_723' title='bbox 833 5433 920 5487; x_wconf 44' lang='grc'>-.</span> <span class='ocrx_word' id='word_1_724' title='bbox 954 5405 981 5459; x_wconf 80' lang='grc' dir='ltr'><strong><em>ὁ</em></strong></span> 
     </span>
     <span class='ocr_line' id='line_1_106' title="bbox 160 5475 981 5530; baseline 0 0"><span class='ocrx_word' id='word_1_725' title='bbox 160 5496 253 5530; x_wconf 71' lang='grc' dir='ltr'>-ο</span> <span class='ocrx_word' id='word_1_726' title='bbox 348 5476 656 5530; x_wconf 84' lang='lat' dir='ltr'>ntbvmius</span> <span class='ocrx_word' id='word_1_727' title='bbox 680 5475 981 5530; x_wconf 81' lang='lat' dir='ltr'>confudiss</span> 
     </span>
    </p>
   </div>
   <div class='ocr_carea' id='block_1_106' title="bbox 42 5475 1023 5547">
    <p class='ocr_par' dir='ltr' id='par_1_106' title="bbox 42 5475 1023 5547">
     <span class='ocr_line' id='line_1_107' title="bbox 42 5475 1023 5547; baseline 0.002 -15"><span class='ocrx_word' id='word_1_728' title='bbox 42 5475 253 5547; x_wconf 66' lang='grc' dir='ltr'>[σέο</span> <span class='ocrx_word' id='word_1_729' title='bbox 292 5475 656 5547; x_wconf 68' lang='lat' dir='ltr'>Euthymius</span> <span class='ocrx_word' id='word_1_730' title='bbox 680 5475 1023 5547; x_wconf 78' lang='lat' dir='ltr'>confudisse</span> 
     </span>
    </p>
   </div>
   <div class='ocr_carea' id='block_1_107' title="bbox 1119 5408 1755 5472">
    <p class='ocr_par' dir='ltr' id='par_1_107' title="bbox 1119 5408 1755 5472">
     <span class='ocr_line' id='line_1_108' title="bbox 1119 5408 1755 5472; baseline 0.017 -11"><span class='ocrx_word' id='word_1_731' title='bbox 1119 5409 1279 5472; x_wconf 82' lang='grc' dir='ltr'>ιστός.</span> <span class='ocrx_word' id='word_1_732' title='bbox 1332 5408 1583 5471; x_wconf 86' lang='lat' dir='ltr'>Videtur</span> <span class='ocrx_word' id='word_1_733' title='bbox 1637 5412 1755 5472; x_wconf 88' lang='lat' dir='ltr'>hoc</span> 
     </span>
    </p>
   </div>
   <div class='ocr_carea' id='block_1_108' title="bbox 1116 5480 1750 5553">
    <p class='ocr_par' dir='ltr' id='par_1_108' title="bbox 1116 5480 1750 5553">
     <span class='ocr_line' id='line_1_109' title="bbox 1116 5480 1750 5553; baseline 0.011 -17"><span class='ocrx_word' id='word_1_734' title='bbox 1116 5495 1239 5537; x_wconf 92' lang='lat' dir='ltr'>om.</span> <span class='ocrx_word' id='word_1_735' title='bbox 1268 5498 1329 5549; x_wconf 87' lang='lat' dir='ltr'>x,</span> <span class='ocrx_word' id='word_1_736' title='bbox 1361 5480 1415 5551; x_wconf 76' lang='grc'>4,</span> <span class='ocrx_word' id='word_1_737' title='bbox 1444 5499 1583 5543; x_wconf 89' lang='lat' dir='ltr'>cum</span> <span class='ocrx_word' id='word_1_738' title='bbox 1623 5502 1750 5553; x_wconf 86' lang='lat' dir='ltr'>xm,</span> 
     </span>
    </p>
   </div>
   <div class='ocr_carea' id='block_1_109' title="bbox 1934 5402 3524 5485">
    <p class='ocr_par' dir='ltr' id='par_1_109' title="bbox 1934 5402 3524 5485">
     <span class='ocr_line' id='line_1_110' title="bbox 1934 5402 3524 5485; baseline -0.003 -16"><span class='ocrx_word' id='word_1_739' title='bbox 1934 5413 2049 5485; x_wconf 75' lang='grc'>(48)</span> <span class='ocrx_word' id='word_1_740' title='bbox 2099 5412 2253 5469; x_wconf 90' lang='lat' dir='ltr'>Loco</span> <span class='ocrx_word' id='word_1_741' title='bbox 2316 5406 2736 5485; x_wconf 74' lang='grc' dir='ltr'>προσεκύνησαν,</span> <span class='ocrx_word' id='word_1_742' title='bbox 2792 5404 2977 5485; x_wconf 52' lang='lat' dir='ltr'>habgt</span> <span class='ocrx_word' id='word_1_743' title='bbox 3045 5402 3397 5485; x_wconf 46' lang='grc' dir='ltr'>ίςορςὴριζσαν.</span> <span class='ocrx_word' id='word_1_744' title='bbox 3454 5405 3524 5485; x_wconf 59' lang='grc' dir='ltr'><strong>β.</strong></span> 
     </span>
    </p>
   </div>
   <div class='ocr_carea' id='block_1_110' title="bbox 1937 5413 3524 5556">
    <p class='ocr_par' dir='ltr' id='par_1_110' title="bbox 1937 5413 3524 5556">
     <span class='ocr_line' id='line_1_111' title="bbox 1937 5413 3524 5537; baseline -0.008 -68"><span class='ocrx_word' id='word_1_745' title='bbox 1937 5413 2027 5485; x_wconf 76' lang='grc'>(48</span> <span class='ocrx_word' id='word_1_746' title='bbox 2099 5413 2253 5469; x_wconf 91' lang='lat' dir='ltr'>Loco</span> <span class='ocrx_word' id='word_1_747' title='bbox 2316 5413 2736 5537; x_wconf 55' lang='grc' dir='ltr'>πᾶιὲἷεκύνησαν,</span> <span class='ocrx_word' id='word_1_748' title='bbox 2792 5413 2977 5464; x_wconf 81' lang='lat' dir='ltr'>habet</span> <span class='ocrx_word' id='word_1_749' title='bbox 3045 5413 3397 5480; x_wconf 70' lang='grc' dir='ltr'>ἰφόὸὴθησαν.</span> <span class='ocrx_word' id='word_1_750' title='bbox 3454 5413 3524 5487; x_wconf 69' lang='grc' dir='ltr'><strong>β.</strong></span> 
     </span>
     <span class='ocr_line' id='line_1_112' title="bbox 1937 5413 3524 5556; baseline -0.006 -16"><span class='ocrx_word' id='word_1_751' title='bbox 1937 5413 2049 5556; x_wconf 48' lang='lat'>(49;</span> <span class='ocrx_word' id='word_1_752' title='bbox 2084 5485 2329 5556; x_wconf 11' lang='lat' dir='ltr'>Utergog</span> <span class='ocrx_word' id='word_1_753' title='bbox 2451 5482 2640 5553; x_wconf 86' lang='lat' dir='ltr'>ysost.</span> <span class='ocrx_word' id='word_1_754' title='bbox 2673 5482 2819 5556; x_wconf 56' lang='lat' dir='ltr'>tgm:</span> <span class='ocrx_word' id='word_1_755' title='bbox 2865 5476 2980 5556; x_wconf 71' lang='lat' dir='ltr'><strong>VII,</strong></span> <span class='ocrx_word' id='word_1_756' title='bbox 3013 5491 3075 5549; x_wconf 92' lang='lat' dir='ltr'>p.</span> <span class='ocrx_word' id='word_1_757' title='bbox 3119 5478 3524 5556; x_wconf 77' lang='lat' dir='ltr'>576_D._omit-</span> 
     </span>
    </p>
   </div>
   <div class='ocr_carea' id='block_1_111' title="bbox 48 5545 3524 5641">
    <p class='ocr_par' dir='ltr' id='par_1_111' title="bbox 48 5545 3524 5641">
     <span class='ocr_line' id='line_1_113' title="bbox 48 5545 3524 5641; baseline -0.002 -34"><span class='ocrx_word' id='word_1_758' title='bbox 48 5545 179 5641; x_wconf 43' lang='lat' dir='ltr'>g9.</span> <span class='ocrx_word' id='word_1_759' title='bbox 212 5546 437 5641; x_wconf 18' lang='lat' dir='ltr'>iI_de_m</span> <span class='ocrx_word' id='word_1_760' title='bbox 457 5545 698 5641; x_wconf 43' lang='lat' dir='ltr'>;accidit</span> <span class='ocrx_word' id='word_1_761' title='bbox 740 5546 955 5620; x_wconf 84' lang='lat' dir='ltr'>Cyrillo</span> <span class='ocrx_word' id='word_1_762' title='bbox 972 5548 1134 5609; x_wconf 77' lang='lat' dir='ltr'>Alex.</span> <span class='ocrx_word' id='word_1_763' title='bbox 1165 5545 1323 5612; x_wconf 38' lang='lat' dir='ltr'>tom.’</span> <span class='ocrx_word' id='word_1_764' title='bbox 1345 5545 1504 5615; x_wconf 55' lang='lat' dir='ltr'>I.&#39;De</span> <span class='ocrx_word' id='word_1_765' title='bbox 1543 5545 1755 5618; x_wconf 54' lang='lat' dir='ltr'>adora;-</span> <span class='ocrx_word' id='word_1_766' title='bbox 1862 5545 2055 5641; x_wconf 53' lang='lat' dir='ltr'>tjt&#39;rﬁ&#39;;</span> <span class='ocrx_word' id='word_1_767' title='bbox 2102 5545 2283 5641; x_wconf 54' lang='lat' dir='ltr'>3351a},</span> <span class='ocrx_word' id='word_1_768' title='bbox 2302 5552 2399 5641; x_wconf 55' lang='lat' dir='ltr'>ita</span> <span class='ocrx_word' id='word_1_769' title='bbox 2416 5545 2661 5641; x_wconf 57' lang='lat' dir='ltr'>quoque</span> <span class='ocrx_word' id='word_1_770' title='bbox 2689 5545 3067 5623; x_wconf 59' lang='lat' dir='ltr'>Euthymida,</span> <span class='ocrx_word' id='word_1_771' title='bbox 3109 5545 3396 5618; x_wconf 82' lang='lat' dir='ltr'>neglectis</span> <span class='ocrx_word' id='word_1_772' title='bbox 3422 5559 3524 5602; x_wconf 75' lang='lat' dir='ltr'>co.</span> 
     </span>
    </p>
   </div>
   <div class='ocr_carea' id='block_1_112' title="bbox 46 5622 507 5691">
    <p class='ocr_par' dir='ltr' id='par_1_112' title="bbox 46 5622 507 5691">
     <span class='ocr_line' id='line_1_114' title="bbox 46 5622 507 5691; baseline -0.002 -2"><span class='ocrx_word' id='word_1_773' title='bbox 46 5631 326 5690; x_wconf 59' lang='lat' dir='ltr'>tione,</span> <span class='ocrx_word' id='word_1_774' title='bbox 359 5633 420 5691; x_wconf 77' lang='grc' dir='ltr'>ι)-</span> <span class='ocrx_word' id='word_1_775' title='bbox 457 5622 507 5674; x_wconf 73' lang='lat'><strong>5-</strong></span> 
     </span>
    </p>
   </div>
   <div class='ocr_carea' id='block_1_113' title="bbox 1863 5621 2684 5687">
    <p class='ocr_par' dir='ltr' id='par_1_113' title="bbox 1863 5621 2684 5687">
     <span class='ocr_line' id='line_1_115' title="bbox 1863 5621 2684 5687; baseline -0.009 -1"><span class='ocrx_word' id='word_1_776' title='bbox 1863 5626 2096 5687; x_wconf 87' lang='lat' dir='ltr'>dicibus</span> <span class='ocrx_word' id='word_1_777' title='bbox 2124 5625 2266 5684; x_wconf 87' lang='lat' dir='ltr'>Novi</span> <span class='ocrx_word' id='word_1_778' title='bbox 2302 5621 2684 5682; x_wconf 76' lang='lat' dir='ltr'>Testamenti.</span> 
     </span>
    </p>
   </div>
  </div>
