3906 6202
524 187 631 247 487

1837 184 2191 271 summa
2230 184 2565 271 ztoABEM

3686 202 3766 263 488

598 313 661 369 Et
680 308 893 383 prioris
923 307 1167 381 quidem
1188 308 1381 366 factus
1403 309 1488 363 est
1514 258 1778 364 Joannes
1794 312 2130 381 praecursor
2154 329 2157 361 ;

2355 313 2458 368 Καὶ
2509 320 2605 375 τῆς
2658 314 2749 386 μὶν
2797 316 3007 387 πρώτης
3049 317 3222 388 γέγονε
3274 317 3538 395 πρόδρομος
3578 326 3601 376 6
3641 327 3772 381 Ἰωάν-

522 398 859 473 posterioris
896 413 1038 454 vero
1065 397 1167 452 ﬁet
1186 411 1518 468 praecursor
1560 396 1738 468 Elias,
1771 397 1845 453 de
1884 414 2007 471 quo
2032 397 2175 453 dicit

523 489 817 561 propheta
836 486 1167 543 Malachias:
1188 487 1414 542 Mittam
1427 488 1581 543 vobis
1608 487 1808 543 Etiam
1839 488 2168 559 Thesbiten,

522 578 625 650 qui
670 579 933 633 restituet
980 592 1083 632 cor
1146 576 1338 647 patris
1388 576 1467 631 ad
1509 577 1725 646 ﬁlium,
1774 577 1889 633 hoc
1929 580 2022 632 est
2065 575 2169 649 qui

520 672 814 723 convertet
841 666 1026 723 corda
1054 666 1424 733 Judteorum,
1451 668 1555 740 qui
1587 673 1728 723 tunc
1759 664 2169 738 superfuerint,

519 756 597 814 ad
622 756 945 829 apostolos,
972 761 1037 812 ut
1051 755 1630 812 obediantdoctrinis
1650 772 1881 822 eorum,
1905 757 2171 813 credant-

518 860 634 917 que
706 836 953 903 Christo.
1017 848 1216 903 Patres
1287 846 1449 904 enim
1516 845 1945 919 Apostolorum
1991 849 2169 902 erant

515 934 545 990 J
556 934 730 993 udasi.

589 1150 706 1207 Sed
726 1149 964 1222 Scribaa,
997 1149 1151 1207 duos
1174 1150 1383 1208 Christi
1408 1150 1701 1208 adventus
1721 1151 1781 1207 in
1803 1166 1993 1207 unum
2030 1165 2170 1208 con-

514 1239 850 1308 fundentes,
876 1246 934 1298 et
962 1243 1342 1313 posteriorem
1365 1241 1427 1297 in
1444 1241 1705 1313 priorem
1726 1242 2164 1311 contrahentes,

513 1330 589 1387 de
619 1332 747 1389 solo
766 1331 1081 1405 posteriori
1101 1331 1404 1389 docebant
1432 1330 1719 1405 populum
1748 1348 1762 1388 :
1791 1334 2169 1404 etprOpterea

512 1420 808 1478 Christum
845 1436 969 1479 non
1000 1421 1406 1495 suscipiebant
1450 1421 1735 1488 dicentes,
1773 1421 1939 1494 quod
1979 1420 2165 1477 Etiam

511 1515 746 1582 oportet
791 1512 995 1568 venire
1046 1512 1316 1584 primum,
1375 1515 1433 1568 et
1474 1527 1617 1568 mox
1663 1510 1987 1570 Christum.
2052 1509 2162 1567 Sed

2283 419 2398 463 της.
2428 410 2522 463 τῆς
2574 398 2821 475 δευτέρας
2873 398 2930 455 δὲ
2981 408 3249 475 γενήσεται
3288 404 3548 483 πρόδρομος
3575 413 3596 464 6
3620 415 3770 478 Ἠλὶας·

2282 495 2399 558 περὶ
2453 491 2515 551 ἧς
2566 496 2699 561 γησὶ
2748 491 3033 563 Μαλαχίας
3107 493 3133 544 6
3207 501 3471 570 προφήτης
3541 499 3775 557 Ἀποστελῶ

2282 579 2405 651 ὑμῖρ
2480 579 2491 599 ¹
2524 579 2681 632 Ηλίαν
2759 584 2846 632 τὸν
2921 581 3181 641 Θεσϐίτην
3211 624 3225 649 ,
3306 586 3358 647 ὃς
3427 586 3776 649 ἀποκαταστήσει

2280 664 2502 741 καρδίαν
2561 672 2755 745 πατρὸς
2809 673 2941 733 παός
2997 673 3124 737 νὶὀν,
3181 678 3447 741 τουτέστιν,
3495 678 3544 737 ὃς
3590 676 3777 753 ἐπιστρέ-

2278 756 2366 827 ψει
2418 757 2529 829 (50)
2583 762 2678 820 τὰς
2724 754 2949 831 καρδίας
2978 768 3077 811 τῶν
3118 770 3389 817 τηνικαῦτα
3414 762 3648 817 Ἰουδαίαν
3681 771 3777 839 πρὸς

2278 850 2393 907 τοὺς
2426 845 2769 915 ἀποστόλους,
2814 847 2948 901 ὥστε
3003 852 3283 909 πεισθῆναι
3333 860 3435 913 ταῖς
3478 850 3782 915 διδασκαλίαις

2278 934 2469 1004 αὐτῶν,
2499 941 2590 989 καί
2635 946 2917 991 πιστεῦσαι
2973 945 3046 1009 τῷ
3099 946 3323 1015 Χριστῷ.
3373 946 3569 1018 Πατέρες
3603 945 3683 1018 γὰρ
3707 952 3780 995 τῶν

2278 1022 2577 1078 ἀποστόλων
2607 1028 2654 1079 οἱ
2683 1023 2949 1082 Ἰουδαῖοι.

2349 1130 2484 1185 Ἀλλ’
2525 1135 2574 1185 οἱ
2628 1139 2971 1209 Γραμματεῐς,
3020 1140 3112 1199 τὰς
3143 1134 3239 1191 δύο
3277 1144 3363 1189 τοῦ
3393 1143 3604 1210 Χριστοῦ
3636 1156 3783 1213 «apau-

2280 1224 2395 1281 σίας
2432 1220 2504 1283 εἰς
2558 1227 2682 1295 μίαν
2742 1228 3075 1296 συγχέοντες,
3117 1232 3208 1280 καὶ
3255 1230 3345 1285 τὴν
3390 1231 3578 1300 πρώτην
3624 1226 3681 1288 εἰς
3717 1231 3785 1283 τὴν

2278 1305 2521 1385 δευτέραν
2562 1313 2891 1385 συνάγοντες,
2941 1320 3060 1388 περὶ
3106 1323 3202 1378 τῆς
3248 1312 3481 1390 δευτέρας
3525 1319 3665 1388 μόνης
3702 1312 3786 1367 ἐδί-

2278 1395 2474 1452 δασκον
2504 1404 2591 1453 τόν
2621 1400 2768 1459 λαόν.
2806 1407 2907 1456 Καὶ
2936 1399 2972 1457 δ
2975 1406 3027 1457 ιὰ
3071 1413 3225 1459 τοῦτο
3261 1409 3345 1457 τὸν
3376 1406 3587 1480 Χριστὸν
3611 1403 3688 1457 οὐκ
3710 1399 3787 1455 ἑδέ-

2274 1508 2455 1561 χοντο,
2486 1489 2731 1561 λέγοντες,
2761 1491 2837 1543 ὃτι
2870 1495 2958 1545 τόν
2987 1493 3162 1546 Ἠλίαν
3192 1498 3301 1567 χρὴ
3330 1492 3479 1546 ἐλθεῖν
3498 1501 3684 1565 πρῶτον,
3710 1487 3789 1543 εἶτα

509 1578 672 1658 nunc
711 1601 977 1659 Christus
1019 1578 1095 1658 de
1137 1600 1377 1662 duobus
1419 1606 1623 1675 aperte
1665 1600 1853 1660 docet.
1916 1600 2157 1659 Adverte

2274 1582 2360 1632 τόν
2390 1583 2639 1653 Χριστόν.
2667 1579 2822 1634 Ἀλλὰ
2855 1589 2942 1633 νῦν
2983 1584 3008 1635 6
3039 1588 3270 1656 Χριστὸς
3310 1578 3543 1636 διδάσκει
3584 1584 3680 1654 περὶ
3714 1586 3784 1631 τῶν

509 1705 668 1762 ergo.

580 1782 742 1837 Vers.
774 1783 834 1836 11
851 1823 865 1839 .
887 1782 1057 1838 Iesus
1081 1786 1278 1839 autem
1295 1780 1445 1838 —V.
1480 1782 1565 1839 12.
1589 1784 1993 1854 Cognoverimt
2009 1797 2156 1839 eum.

511 1869 662 1925 Elias
702 1871 943 1941 quidem
981 1871 1253 1943 proprior
1274 1871 1395 1928 sive
1424 1870 1733 1928 Thesbites
1759 1872 2034 1929 nondum
2066 1887 2159 1928 ve-

508 1960 638 2021 nit;
694 1960 886 2015 veniet
914 1965 1116 2016 autem
1145 1961 1298 2017 circa
1329 1960 1655 2016 secundum
1696 1977 1899 2017 meum
1940 1961 2161 2018 adven-

510 2054 634 2106 tum
667 2064 679 2105 :
705 2054 762 2105 et
790 2050 1051 2106 restituet
1075 2066 1320 2107 omnem
1344 2051 1439 2122 qui
1469 2050 1522 2107 ei
1562 2050 1899 2121 crediderit,
1935 2051 2052 2108 hoc
2072 2055 2163 2108 est

509 2143 803 2195 convertet
840 2155 943 2195 cor
992 2139 1179 2211 patris
1227 2138 1306 2195 ad
1348 2139 1550 2206 tilium,
1608 2145 1672 2196 ut
1731 2141 1813 2197 ait
1864 2140 2162 2212 propheta

508 2228 854 2286 Malachias.
880 2228 1019 2285 Dico
1050 2234 1250 2285 autem
1282 2229 1455 2285 vobis
1479 2229 1641 2302 quod
1674 2229 1829 2286 Elias
1858 2229 2160 2286 secundus

510 2319 632 2375 sive
662 2319 927 2391 Baptista
950 2318 1076 2390 jam
1123 2319 1285 2375 venit
1312 2320 1468 2375 circa
1498 2320 1745 2391 primum
1801 2335 2005 2376 meum
2059 2320 2161 2377 ad-

507 2414 776 2479 ventum,
810 2412 871 2464 ut
907 2408 1111 2465 dicunt
1144 2408 1490 2481 Scriptura:
1525 2414 1581 2466 et
1611 2424 1731 2466 non
1757 2414 2159 2482 cognoverunt

509 2497 726 2553 Scribe
769 2498 936 2571 quod
957 2498 1135 2555 etiam
1166 2497 1262 2555 hic
1291 2503 1451 2556 esset
1474 2499 1627 2555 Elius
1670 2504 1961 2572 tanquam
2009 2515 2157 2572 prie-

508 2602 735 2644 cursor.
769 2587 899 2644 Non
924 2592 1335 2658 cognoverunt
1372 2592 1574 2646 autem
1605 2604 1744 2646 cum
1776 2592 1975 2661 utpote
2000 2589 2157 2646 male

504 2674 897 2748 intelligentes
928 2678 1285 2750 Scripturas.

576 2768 739 2824 Vers.
765 2769 852 2825 l2.
899 2768 1016 2826 Sed
1050 2799 1121 2809 -
1150 2768 1483 2825 voluerunt.
1524 2767 1783 2825 Herodes
1838 2767 2109 2825 videlicet
2140 2782 2156 2834 ;

504 2857 695 2915 multa
719 2858 881 2915 enim
922 2860 984 2914 in
1031 2873 1173 2914 eum
1210 2856 1360 2927 fecit,
1394 2859 1455 2915 in
1506 2873 1805 2915 carcerem
1845 2857 2014 2914 illum
2068 2858 2158 2914 in-

500 2948 743 3020 jiciens;
774 2948 989 3005 deinde
1004 2952 1384 3021 amputatum
1410 2954 1591 3022 caput
1620 2947 1833 3005 deferri
1854 2948 2073 3020 jubens
2095 2948 2156 3005 in

504 3035 697 3095 lance.

520 3274 527 3281 ,
575 3219 746 3275 Vers.
812 3218 896 3273 12.
924 3219 1013 3275 Ita
1042 3248 1111 3258 —
1136 3218 1211 3275 ab
1240 3219 1340 3275 eis.
1364 3218 1452 3276 Ita
1481 3233 1735 3291 quoque,
1768 3233 1892 3275 non
1952 3215 2158 3289 cogni-

504 3312 599 3365 tus
629 3307 847 3364 scilicet
865 3308 1028 3381 quod
1054 3309 1130 3365 sit
1154 3308 1449 3365 Christus:
1503 3323 1627 3365 non
1651 3308 1925 3377 cognitus
1952 3312 2170 3365 autem.

501 3406 745 3470 propter
781 3413 1033 3470 pravam
1078 3403 1341 3455 mentem
1386 3397 1678 3470 ipsorum.
1729 3397 1840 3453 Sed
1883 3412 2152 3469 quonam

501 3487 686 3543 modo
714 3487 834 3553 ﬁet,
878 3493 940 3544 ut
966 3504 1106 3543 cum
1157 3491 1480 3559 prmsentes
1513 3486 1739 3543 Hebrmi
1766 3485 1995 3544 Christo
2032 3501 2149 3542 non

502 3576 879 3649 crediderint,
923 3577 1028 3649 qui
1057 3581 1199 3633 tunc
1223 3580 1409 3643 erunt,
1462 3574 1707 3633 credant
1759 3574 1894 3632 Elia:
1921 3575 1948 3630 ‘I
2002 3575 2150 3641 Quia

499 3672 830 3737 agnoscunt
848 3682 1006 3732 eum,
1051 3666 1362 3739 sciantque
1391 3664 1579 3735 de_illo
1606 3663 1952 3737 predixisse
1977 3663 2151 3722 Mala-

500 3755 719 3812 chiam.
753 3754 939 3812 Simul
961 3754 1141 3812 etiam
1172 3760 1292 3811 tam
1331 3753 1583 3825 longum
1609 3758 1843 3826 tempus
1873 3753 2041 3826 quod
2082 3753 2149 3811 in

500 3845 700 3902 medio
764 3844 1094 3910 intercidet,
1143 3848 1421 3916 tantaque
1472 3843 1656 3900 virtus
1690 3842 2146 3916 prmdicationis,

500 3934 799 3991 emolliant
821 3933 1099 3990 duritiem
1125 3932 1323 3990 cordis
1355 3948 1587 3989 eorum.

573 4022 741 4081 Vers.
777 4027 861 4080 13.
915 4025 1179 4080 Tunc—
1209 4024 1311 4081 eis.
1365 4026 1515 4080 Nam
1566 4022 1852 4079 vicesimo
1909 4036 2149 4095 quoque

500 4114 689 4189 capite
740 4113 1096 4187 praedixerat
1146 4113 1230 4169 eis
1269 4114 1337 4181 1‘,
1386 4111 1552 4186 quod
1581 4111 1678 4169 ille
1716 4112 1791 4170 sit
1827 4111 1981 4171 Elias
2049 4111 2150 4185 qui

498 4209 781 4263 venturus
801 4219 933 4261 esse
969 4203 1202 4260 dicitur.

915 4320 1070 4377 CAP.
1099 4319 1301 4377 XXXV.
1334 4321 1421 4376 De
1458 4320 1733 4376 lunatico.

568 4414 729 4487 Vers.
780 4422 869 4479 14.
910 4420 989 4478 Et
1017 4450 1087 4461 —-
1148 4420 1211 4475 V.
1242 4418 1325 4474 15.
1370 4418 1697 4490 Afﬂigitur.
1759 4420 1838 4474 De
1884 4417 2146 4475 lunatico
2179 4369 2240 4447 ἢ

496 4512 842 4584 praedictum
867 4510 1106 4584 quidem
1124 4515 1215 4566 est
1232 4508 1413 4566 modo
1433 4507 1781 4565 naturaliori
1795 4507 2144 4573 insistendo,

497 4605 707 4671 quarto
746 4599 971 4671 capite;
1002 4598 1229 4655 dicetur
1280 4604 1476 4655 autem
1529 4603 1586 4655 et
1614 4613 1771 4654 nunc
1831 4596 2147 4669 perfectius

497 4689 664 4761 quod
705 4688 1053 4746 daemonum
1119 4688 1369 4762 quidam
1435 4688 1799 4756 secedentes,
1852 4687 2147 4744 adversus

497 4779 797 4851 quosdam
826 4779 1103 4836 homines
1138 4783 1376 4853 tempus
1407 4783 1632 4835 certum
1673 4778 1831 4834 luna:
1865 4778 2146 4835 observa-

495 4868 657 4936 bant.
685 4876 743 4927 et
772 4875 907 4928 tunc
937 4870 1227 4927 insultum
1256 4872 1317 4926 in
1342 4869 1475 4926 illos
1529 4869 1844 4934 faciebant,
1880 4876 1943 4925 ut
1996 4870 2145 4925 dum

492 4959 640 5016 luna
670 4958 811 5016 mali
843 4974 906 5016 ea
919 4975 1026 5017 asa
1062 4959 1377 5025 videretur,
1411 4959 1542 5030 ejus
1573 4962 1803 5015 creator
1823 4957 2141 5015 calumnias

497 5054 908 5124 exponeretur.

568 5150 618 5189 ³⁸
646 5149 892 5209 Malach.
918 5166 994 5218 iv,
1016 5150 1072 5216 4,
1101 5149 1157 5205 5.
1236 5150 1281 5186 ³⁸
1308 5148 1508 5207 Matth.
1526 5163 1608 5216 xx,
1634 5149 1724 5208 14.

2197 1665 2255 1748 ᾖ
2275 1663 2372 1721 δύο
2405 1677 2597 1741 σαφῶς.
2634 1673 2877 1743 Πρόσχες
2900 1674 3027 1746 γὰρ’

2340 1772 2424 1827 Ὀ
2477 1771 2535 1828 δὲ
2610 1776 2839 1839 Ἰησοῦς
2890 1808 2958 1820 -
3027 1777 3323 1851 ἐπέγνωσαν
3396 1777 3577 1831 αὐτόν.
3639 1773 3787 1833 Ἠλίας

2269 1866 2359 1936 μεν
2417 1865 2442 1916 6
2493 1872 2742 1938 πρῶτος,
2816 1870 2997 1939 ἤγουν,
3056 1869 3082 1920 6
3146 1867 3409 1929 Θεσϐίτης
3440 1908 3454 1934 ,
3508 1869 3631 1919 οὔπω
3666 1860 3789 1921 ἧλθινι

2269 1956 2484 2027 ἔρχεται
2541 1952 2600 2008 δὲ
2655 1959 2793 2009 κατὰ
2832 1961 2926 2015 τήν
2981 1954 3226 2032 δευτέραν
3276 1977 3375 2031 μου
3417 1958 3690 2029 παρουσίαν,
3723 1955 3787 2002 καὶ

2272 2041 2701 2103 ἀποκαταστήσει
2746 2048 2916 2099 πάντα
2968 2050 3054 2099 τὸν
3122 2049 3425 2119 πειθόμενον
3478 2044 3622 2115 αὐτῷ,
3666 2044 3791 2094 τουτέ-

2273 2151 2406 2198 στιν,
2484 2132 2787 2207 ἐπιστρέψει
2858 2132 3086 2210 καρδίαν
3158 2138 3356 2209 πατρὸς
3416 2137 3538 2209 πρὸς
3595 2132 3701 2197 υἱὸν,
3745 2129 3790 2185 ὡς

2272 2222 2298 2274 6
2352 2228 2610 2295 προφήτης
2662 2222 2946 2296 Μαλαχίας
3000 2229 3133 2298 φησί
3167 2267 3182 2282 .
3250 2229 3401 2297 Λέγω
3467 2218 3521 2275 δι
3580 2215 3697 2293 ὑμῖν,
3740 2217 3796 2268 ότι

2274 2310 2452 2376 Ἠλίας
2497 2313 2523 2364 6
2582 2309 2843 2386 δεύτερος,
2898 2313 3083 2383 εἶτουν,
3140 2316 3165 2368 6
3225 2316 3537 2377 Βαπτιστὴς,
3588 2305 3675 2368 ἤδη
3706 2305 3795 2363 ἦλθε

2269 2403 2403 2453 κατὰ
2452 2406 2546 2459 τὴν
2602 2407 2811 2477 πρώτην
2860 2422 2961 2475 μου
3028 2405 3230 2462 ταύτην
3305 2404 3583 2479 παρουσίαν
3610 2442 3623 2468 ,
3670 2398 3721 2456 ὡς
3758 2392 3798 2444 αἱ

2270 2495 2471 2563 Γραφαί
2518 2509 2667 2563 φασι.
2726 2495 2825 2545 Καὶ
2889 2491 2984 2544 οὐκ
3049 2490 3356 2566 ἐπέγνωσαν
3410 2493 3458 2545 οἱ
3517 2489 3793 2563 Γραμματιῖςο

2268 2581 2348 2632 ότι
2398 2580 2488 2632 καί
2547 2580 2693 2641 οὗτος
2744 2579 2930 2643 Ἠλίας
2982 2580 3166 2650 ἐστὶν,
3230 2579 3319 2635 οἶα
3364 2576 3673 2655 πρόδρομος⁰
3728 2569 3797 2623 οὐκ

2267 2667 2561 2740 ἐπέγνωσαν
2638 2666 2699 2723 δέ
2778 2670 2932 2724 αὐτὸν
2963 2712 2978 2739 ,
3060 2673 3131 2734 ὡς
3228 2679 3406 2734 κακῶς
3479 2674 3681 2725 νοοῦντες
3737 2663 3800 2717 τάξ

2268 2760 2445 2832 Γραφά
2454 2778 2493 2821 ς.

2336 2846 2467 2901 Ἀλλ’
2520 2878 2586 2889 -
2633 2846 2919 2908 ἠθέλησαν,
2984 2849 3052 2902 Οἱ
3118 2854 3245 2925 περὶ
3320 2851 3409 2901 τόν
3462 2839 3665 2921 Ἡρώδην
3728 2831 3805 2892 3’:-

2265 2935 2452 2988 λονότι·
2509 2935 2673 2989 πολλὰ
2734 2940 2835 3010 γὰρ
2884 2936 2955 3000 εἰς
3004 2936 3161 2991 αὐτὸν
3234 2937 3510 2999 ἐποίησαν,
3561 2927 3805 3005 ἐμϐαλόντες

2200 3019 2242 3076 c
2266 3024 2336 3087 εἷς
2363 3024 2612 3097 φυλακὴν,
2654 3026 3143 3099 ἀποκεφαλίσαντες,
3182 3025 3474 3100 ἐνεγκόντες
3508 3027 3590 3080 τὴν
3633 3014 3809 3089 κεφαλὴν

2267 3113 2425 3167 αὐτοῦ
2464 3114 2549 3167 ἐπὶ
2577 3119 2814 3179 πίνακος.

2338 3204 2513 3264 Οὕτως
2560 3235 2630 3246 -
2686 3204 2773 3257 ὑπ’
2824 3204 3013 3261 αὐτῶν.
3046 3204 3205 3259 Οὕτω
3235 3210 3329 3259 καὶ
3380 3202 3551 3268 αὐτὸς,
3582 3194 3808 3271 ἀγνοούμ-

2262 3312 2367 3363 νος,
2420 3294 2500 3345 ὅτι
2543 3295 2569 3346 6
2616 3298 2843 3367 Χριστός
2891 3292 3050 3347 ἐστιν’
3110 3292 3467 3368 ἀγνοούμενος
3520 3286 3574 3343 δε
3625 3283 3704 3338 διὰ
3740 3284 3807 3336 τὴν

2260 3388 2532 3437 κακόνοιαν
2590 3384 2778 3438 αὐτῶν.
2840 3383 2994 3437 Ἀλλὰ
3044 3393 3175 3451 πῶς,
3223 3392 3330 3437 τῶν
3367 3390 3460 3436 νῦν
3495 3376 3719 3451 Ἑϐραίων
3760 3370 3807 3441 μή

2258 3474 2648 3526 πιστευσάντων
2690 3481 2762 3543 τῷ
2810 3479 3043 3546 Χριστῷ,
3075 3474 3124 3525 oi
3174 3478 3302 3527 τότε
3344 3480 3421 3544 τῷ
3468 3468 3610 3539 Ἠλίᾳ
3641 3460 3810 3516 πεισθή-

2262 3580 2486 3631 σονται;
2545 3566 2689 3615 Διότι
2747 3562 3095 3636 γνωρίζουσιν
3148 3562 3341 3631 αὐτόν,
3378 3564 3472 3615 καὶ
3500 3560 3811 3631 γινώσκουσιν,

2260 3653 2286 3703 ὃ
2322 3656 2439 3725 περὶ
2483 3650 2641 3703 αὐτοῦ
2684 3657 2919 3726 προεῖπεν
2950 3651 2976 3704 6
3010 3650 3327 3723 Μαλαχίας·
3357 3650 3472 3723 ἅμα
3499 3644 3557 3701 δε
3584 3647 3663 3697 καὶ
3703 3640 3724 3692 6
3755 3652 3816 3686 το·

2262 3748 2447 3803 σοῦτος
2498 3740 2546 3793 ἐν
2602 3748 2674 3811 τῷ
2722 3744 2866 3814 μέσῳ
2916 3744 3127 3814 χρόνος,
3178 3746 3277 3794 καὶ
3337 3742 3370 3799 ἠ
3432 3734 3705 3810 ruptam?“
3740 3727 3811 3814 ,τοῦ

2257 3832 2591 3904 κηρύγματος
2641 3812 2884 3904 δύναμις,
2920 3812 3250 3904 μαλάξουσι
3296 3834 3396 3890 τὴν
3458 3812 3815 3898 σκληροκαρδίαν

2257 3922 2443 3976 αὐτῶν.

2328 4030 2455 4081 Τότε
2514 4056 2584 4068 -
2633 4025 2831 4088 αὐτοῖς,
2893 4032 3115 4101 Προείπε
3157 4027 3272 4102 γὰρ
3338 4022 3519 4084 αὐτοῖς
3568 4023 3651 4073 καὶ
3694 4012 3818 4102 ἔγλτῷ

2258 4114 2477 4188 εἰκόστῷ
2533 4116 2814 4190 κεφαλαίῳ,
2867 4098 2950 4169 ὃτί
3002 4115 3157 4177 αὐτὸς
3209 4098 3363 4170 ἐστιν
3397 4113 3577 4173 Ἦλίας
3613 4109 3637 4161 6
3679 4098 3816 4178 μέλλων

2258 4208 2531 4284 ἔρχεσθαι.

2508 4338 2658 4389 ΚΕΦ.
2706 4332 2829 4388 ΛΕ’.
2865 4336 2987 4407 Περὶ
3017 4350 3108 4385 του
3144 4328 3624 4405 σεληνιαζομένου.

2332 4426 2533 4475 Καὶ-
2574 4424 2796 4494 πάσχει.
2837 4426 2962 4496 Περὶ
3006 4428 3098 4473 τοῦ
3153 4420 3537 4494 σεληνιασμοῦ
3582 4414 3829 4488 προείρηται

2256 4514 2346 4585 μὶν
2419 4515 2507 4563 καὶ
2582 4510 2631 4562 ἐν
2691 4518 2764 4581 τῷ
2848 4512 3074 4586 τετάρτῳ
3141 4510 3429 4583 κεφαλαίῳ
3508 4496 3829 4581 φυσιολογικώ·

2254 4620 2417 4676 τερονο
2480 4600 2773 4675 ῥηθήσεται
2840 4595 2897 4652 δι
2946 4604 3033 4651 καὶ
3088 4605 3175 4650 νῦν
3215 4597 3620 4675 ἀκριϐέστερον,
3657 4591 3724 4643 ὃτι
3765 4590 3835 4678 τῶν

2257 4687 2516 4764 δαιμόνων
2547 4692 2677 4742 τινεν
2702 4690 3172 4765 παραχωρούμενοι
3231 4690 3361 4760 (51)
3414 4686 3555 4740 κατα
3601 4697 3726 4734 τινων
3770 4688 3833 4721 αν

2258 4782 2492 4854 θρώπων,
2540 4778 2816 4853 ἐπετήρουν
2843 4781 3022 4853 καιρὸν
3060 4797 3174 4831 τινα
3226 4786 3333 4841 τῆς
3368 4776 3617 4841 σελήνης,
3646 4771 3721 4823 καὶ
3751 4766 3838 4815 τότε

2254 4873 2459 4934 τούτοις
2483 4865 2776 4933 ἐπεπήδων,
2803 4871 2907 4939 ἵνα,
2934 4871 2999 4929 ὡς
3020 4875 3115 4930 τῆς
3138 4866 3378 4930 σελήνης
3400 4872 3581 4927 αἰτίας
3606 4859 3839 4916 δοκούσης,

2254 4962 2281 5015 6
2315 4962 2642 5035 Δημιουργός
2672 4958 2832 5021 αὐτῆς
2875 4954 2910 5012 δ
2916 4957 3224 5018 ιαϐάληται.

1684 5252 1909 5348 Variae
1942 5276 2274 5349 lectiones
2322 5286 2388 5348 et
2422 5282 2625 5347 notae.

506 5436 526 5507 ;
562 5425 683 5573 (eo;
715 5424 805 5484 Uti
832 5421 1236 5497 eXplicatLuc.
1262 5440 1300 5490 ι,
1334 5424 1428 5481 t7.
1488 5396 1493 5403 ’

568 5500 1086 5573 (η51“Παραχωρείν
1161 5510 1322 5573 n_unc
1399 5511 1493 5573 nox

504 5494 526 5507 ·
568 5494 654 5571 (si

2256 5422 2355 5479 bet
2379 5394 2724 5476 ἐπιτίθεσθαι.
2748 5412 2923 5476 Forte
2953 5415 3151 5474 tamen
3179 5392 3341 5489 quis
3376 5412 3663 5489 maluerit
3681 5422 3851 5484 προχω·

708 5493 1086 5585 Ἥαραῐιωρετν
1161 5510 1322 5585 tunc
1399 5509 1522 5585 n9“.
1568 5498 1669 5585 es}.
1707 5493 1987 5585 metm
2040 5494 2152 5585 sed

2272 5497 2351 5585 iam}
2355 5513 2516 5569 μενοι.

495 5565 803 5644 erumpere
820 5565 1132 5629 in'co'ntra.
1176 5565 1475 5659 Chrysost.
1502 5570 1538 5623 t.
1578 5566 1691 5635 γνιι,
1718 5584 1777 5640 p.
1808 5568 1919 5623 579‘
1944 5566 2010 5637 E,
2040 5567 2151 5626 ha-
