3906 6202
181 291 260 354 489
1045 278 1417 342 COMMENT.
1459 277 1528 340 1N
1569 274 2010 340 MATTHAZUM.
2053 305 2120 322 -ω
2158 280 2314 338 CAP.
2357 278 2522 338 XVII.

3343 289 3447 343 490

239 429 418 492 Πολλάκις
459 458 519 470 -
545 422 713 501 ὕδωρ.
767 423 949 490 Ὥστε,
981 421 1026 476 εἰ
1067 425 1138 495 μὴ
1193 423 1285 472 καὶ
1341 420 1458 470 τότε
1509 417 1539 474 ἡ
1573 420 1665 467 τοῦ

1856 405 2020 462 Vers.
2075 409 2160 460 15.
2210 405 2917 479 Frequenter—aquam.
2978 407 3186 480 Itaque
3239 409 3442 467 sinon

189 524 286 570 Θεοῦ
306 514 465 590 δύναμις
495 520 579 569 τὸν
631 512 860 588 δαίμονα
908 510 1229 585 ἁνεχαὺτιζε,
1281 506 1442 561 πάλαι
1491 504 1551 557 ἂν
1582 502 1671 556 αὐ-

1781 495 1962 551 etiam
2018 498 2161 550 tunc
2233 495 2336 550 Dei
2390 495 2575 551 virtus
2638 495 2979 551 daemonem
3048 497 3438 564 cohibuisset,

185 611 247 658 τὸν
287 583 490 681 διέφθειρε.
555 607 768 680 Μάρκος
827 599 886 656 δέ
938 620 1116 676 φησιν,
1176 599 1258 652 ὅτι
1295 599 1354 650 τὸ
1419 596 1470 647 ἐν
1529 593 1670 663 αὐτῷ

1856 583 2140 639 mdudum
2165 598 2300 638 eum
2329 584 2705 656 perdidisset.
2725 587 2953 640 Marcus
2975 589 3176 642 autem
3201 587 3342 643 dicit
3367 589 3439 658 1⁵,

178 691 375 767 δαιμόνιον
401 693 559 747 ἄλαλον
604 690 666 753 ἦν
697 697 787 746 καὶ
815 696 984 766 κωφόν
1022 707 1038 721 ·
1076 689 1182 762 οὐχ
1227 690 1297 750 ὡς
1326 689 1478 760 φύσει
1505 689 1672 738 τοιοῦ-

171 803 245 849 τον,
389 786 443 847 ὡς
471 779 634 857 δεσμῆ
647 802 743 837 σαν
786 787 880 842 τὴν
907 787 999 834 τοῦ
1039 777 1473 853 δαιμονιζομένου
1502 775 1672 848 φωνὴν

173 876 236 924 καὶ
255 876 392 930 ἀκοήν.

223 966 294 1014 Καὶ
335 993 390 1002 —-
438 963 764 1037 θεραπεῦσαι.
851 957 963 1014 Οὐκ.
1040 955 1385 1019 ἠδυνήθησαν
1436 950 1530 1007 διὰ
1578 954 1672 1009 τὴν

177 1051 354 1102 ἀπιστίαι
395 1058 474 1103 τοῦ
527 1054 977 1126 προσαγαγόντος.
1026 1048 1090 1104 Εἰ
1113 1049 1216 1122 γὰρ
1261 1048 1354 1098 καὶ
1400 1045 1676 1118 προσήγα-

173 1158 228 1209 γα
267 1139 403 1206 αὐτὸν,
456 1138 559 1192 ἀλλ’
635 1139 732 1193 οὐκ
788 1138 1087 1194 ἕπίστευσεν
1151 1137 1262 1209 (52)
1323 1130 1673 1197 ἁδιστάκτως,

176 1229 228 1279 ὅτι
259 1223 451 1282 δύνανται
496 1232 585 1282 τὸν
665 1226 895 1302 δαίμονα
961 1223 1320 1302 φυγαδεῦσαι.
1398 1229 1563 1277 Τοῦτο
1617 1216 1677 1273 δὶ

172 1323 319 1390 φανερὸν
357 1317 443 1370 ἀπό
493 1337 550 1371 τε
604 1325 696 1372 τοῦ
756 1316 913 1370 εἰπεῖν
969 1319 1058 1370 τὸν
1114 1317 1364 1391 Χριστόνο
1417 1310 1490 1364 Ὠ
1529 1310 1678 1382 γενεὰ

168 1407 358 1469 ἄπιστος·
401 1404 492 1460 ἀπὸ
520 1427 579 1461 τε
608 1415 701 1460 τοῦ
742 1406 898 1460 εἰπεῖν
929 1401 1079 1468 αὖθις
1109 1409 1196 1459 τὸν
1225 1403 1628 1480 προσαγαγόντα
1657 1415 1673 1432 ο

163 1497 208 1547 εἴ
243 1515 280 1548 τι
337 1491 565 1566 δύνασαι,
660 1495 930 1570 βοήθησον
1013 1496 1138 1567 ἡμῖν
1243 1496 1334 1545 καὶ
1407 1489 1510 1544 ἀπὸ
1583 1493 1675 1540 τοῦ

160 1583 354 1656 ἐρωτῆσαι
401 1592 479 1640 τὸν
533 1591 784 1663 Χριστόν
845 1585 908 1641 Εἰ
954 1582 1182 1639 δύνασαι
1230 1588 1533 1636 πιστεῦσαι.
1585 1581 1676 1631 καὶ

159 1673 230 1727 ἐι.τό
292 1683 365 1728 τοῦ
443 1673 790 1751 ἀποκριθῆναι
869 1675 1024 1729 αὐτόν
1086 1687 1101 1703 ⁸
1161 1674 1419 1737 Πιστεύω,
1498 1671 1675 1742 Κύριε,

155 1761 292 1835 βοήθει
337 1786 424 1837 μου
465 1773 524 1840 τῇ
601 1765 844 1839 ἀπιστίᾳ.
897 1771 1078 1819 Ταῦτα
1125 1764 1228 1838 γὰρ

156 1854 312 1925 Μάρκος
333 1854 591 1930 ἱστόρησεν
605 1898 618 1913 .

202 1941 475 2016 Ἀποκριθεὶς
579 1974 648 1984 -
737 1939 1148 2020 διεστραμμένη.
1263 1937 1680 2013 Καθολικώτερον

154 2027 404 2099 ἐπιπλήττει,
460 2030 554 2087 διὰ
629 2035 688 2086 τὸ
741 2031 954 2095 πολλοὺς
1004 2039 1102 2086 τῶν
1169 2025 1439 2085 Ἰουδαίων
1490 2029 1680 2101 ὁμοὶως

151 2118 347 2194 ἀπιστεῖν,
423 2124 599 2176 καίτοι
679 2125 845 2196 μυρία
907 2129 1124 2175 τοιαῦνα
1197 2122 1563 2193 θεασαμένους,
1622 2114 1681 2168 οὗ

154 2203 202 2259 δι’
225 2209 355 2262 αὐτοῦ
397 2217 565 2285 μόνον,
614 2210 744 2266 ἀλλὰ
787 2216 878 2265 καὶ
926 2207 1022 2266 διὰ
1048 2218 1148 2264 τῶν
1176 2211 1423 2283 μαθητῶν
1455 2210 1685 2280 θαυματ-

147 2301 416 2370 ουργηθέντα.
470 2305 869 2376 Διεστραμμένη
925 2297 1006 2367 δέ,
1053 2300 1168 2354 ἀντὶ
1209 2306 1322 2356 τοῦ.
1370 2297 1578 2364 σκολιὰ,
1609 2299 1681 2369 μὴ

148 2396 294 2440 νοοῦσα
313 2393 364 2442 τό
391 2388 542 2453 εὖθίς.

196 2475 297 2540 Ἐως
335 2511 395 2522 -
441 2483 592 2555 ὑμῶν
642 2496 657 2547 ;
717 2479 1044 2552 Ἀγανακτεῖ,
1091 2483 1183 2533 καὶ
1237 2478 1386 2541 ζητεί
1446 2479 1533 2530 τὸν
1599 2476 1688 2528 θοὶ-

142 2585 272 2631 νατον,
522 2567 630 2624 διὰ
705 2571 765 2622 τὸ
859 2565 989 2623 εἶναι
1041 2567 1228 2630 αὐτοὺς
1287 2568 1533 2628 ἀνιάτους
1592 2568 1686 2623 τὴν

148 2674 355 2713 απιστιαν.

202 2749 336 2818 φέρετε
372 2778 438 2788 -
475 2744 607 2804 ὧδε.
663 2746 874 2820 Ἰναμή
928 2741 1058 2820 δόξῃ
1107 2750 1197 2799 καὶ
1243 2745 1398 2809 αὐτὸς
1445 2745 1686 2816 ἀσθενὴς,

151 2829 326 2886 ἐκϐάλλει
364 2840 418 2888 τὸ
466 2834 747 2909 δαιμόνιον
807 2836 1048 2910 Ἀγαγείν
1102 2833 1162 2890 δε
1219 2838 1306 2889 τὸν
1364 2831 1690 2908 δαιμονῶντα

141 2920 305 2988 κελεύει,
351 2929 429 2978 ἶνα
483 2929 684 2999 φανερά
729 2926 760 2984 ἠ
821 2921 1041 2999 δύναμις
1097 2925 1256 2979 αὐτοῦ
1313 2929 1528 2998 γίνηται
1577 2928 1691 2986 τοῖς

144 3007 324 3064 ἀσθενεῖν
347 3021 430 3068 καὶ
463 3015 619 3069 αὐτὸν
651 3014 925 3088 οἰομένοις.

191 3247 270 3296 Καὶ
318 3276 382 3285 -
409 3248 642 3308 Ἰησοῦς.
703 3244 963 3309 Ἐπέταξε.
1013 3247 1228 3322 Μάρκος
1277 3241 1338 3299 δε
1374 3249 1465 3298 καὶ
1494 3249 1691 3306 Λουκᾶς

133 3349 271 3398 φασιν,
319 3337 394 3386 ὅτι
467 3335 757 3401 ἐπετιμησε
820 3343 894 3406 τῷ
951 3337 1206 3408 πνεύματι
1260 3343 1334 3406 τῷ
1390 3333 1690 3408 ἀκαθάρτῳ.

135 3422 210 3470 Καὶ
241 3419 524 3498 ἀμφοτέροις
569 3429 679 3499 γὰρ
741 3422 972 3494 ἐπέταξε,
1025 3433 1098 3496 τῷ
1156 3420 1572 3498 δαιμονιζομένῳ
1601 3425 1692 3496 μεν

131 3520 378 3580 σωφρονεῖν,
406 3523 478 3585 τῷ
507 3511 736 3588 δαίμονι
762 3509 823 3567 δε
852 3521 1050 3587 φυγεῖν.

185 3602 265 3650 Καὶ
310 3631 376 3643 -
424 3601 638 3664 ἐκείνης.
719 3609 901 3656 Ταῦτα
973 3605 1064 3676 μὶν
1138 3609 1302 3677 σαφῆ.
1367 3606 1583 3676 Δαίμονι
1635 3597 1695 3655 δε

123 3684 262 3760 ἁλαὶῳ
325 3696 412 3743 καὶ
497 3700 667 3767 κωφῷ
746 3696 1030 3767 κατέχεται
1115 3695 1205 3745 κάξ
1278 3698 1381 3755 πᾶς
1467 3692 1494 3744 ὁ
1569 3695 1698 3764 μήτε

124 3771 252 3843 λέγων
298 3784 420 3850 μήτε
507 3781 721 3836 ἁκούων
791 3783 858 3835 τὰ
934 3783 1046 3835 θεῖα
1117 3781 1288 3854 λόγια.
1370 3781 1562 3836 Ῥίπτει
1638 3776 1699 3833 δε

118 3867 271 3916 τούτου
313 3869 339 3920 ὁ
394 3865 609 3943 δαίμων
673 3873 801 3924 ποτε
857 3873 950 3944 μεν
997 3870 1070 3934 εἰς
1116 3873 1176 3925 τὸ
1229 3878 1332 3945 πῦρ
1387 3877 1479 3924 τοῦ
1529 3873 1698 3944 θυμοῦ

124 3957 203 4002 καὶ
235 3964 315 4016 τῆς
356 3957 661 4035 ἐπιθυμίας,
720 3962 844 4014 ποτε
900 3955 961 4014 δε
1003 3959 1076 4023 εἰς
1130 3963 1190 4013 τὸ
1219 3957 1366 4036 ὕδωρ
1418 3968 1510 4022 τῆς
1535 3959 1699 4024 ζάλης

124 4047 208 4092 τάν
233 4043 376 4100 ἄλλων
409 4058 622 4109 παθῶν.

183 4225 379 4276 Τὰτε-
427 4229 601 4301 ὑμῶν.
667 4230 883 4302 Μάρκος
940 4223 1000 4281 δέ
1046 4247 1228 4300 φησιν,
1284 4229 1365 4282 ὅτι
1407 4228 1703 4284 εισελθόντα

119 4309 251 4362 αὐτὸν
288 4315 349 4376 εἰς
386 4315 528 4371 οἶκοι
582 4317 964 4392 ἐπηρώτησαν.
1053 4319 1320 4392 Ἐρωτῶσι
1377 4315 1455 4386 δε,
1511 4317 1700 4392 φοϐού-

117 4415 257 4465 μενοι,
301 4409 498 4475 μήποτε
554 4406 838 4460 ἀπώλεσαν
915 4409 979 4465 ἣν
1033 4406 1212 4460 ἔλαϐον
1266 4407 1506 4471 ἐξουσίαν
1567 4411 1703 4462 κατὰ

117 4494 382 4559 πνευμάτων
435 4496 781 4569 ἀκαθάρτων.
834 4493 896 4548 Ὀ
951 4490 1011 4548 δε
1063 4499 1291 4572 Χριατός
1339 4495 1552 4550 ἐνώπιον
1611 4500 1701 4572 μὲν

120 4582 203 4624 ταῦ
238 4579 444 4647 πλήθους
485 4595 552 4659 τῇ
618 4583 849 4657 ἀπιστίᾳ
886 4583 977 4636 τοὺ
1007 4591 1434 4659 προσενεγκόντος
1480 4592 1574 4646 τὴν
1626 4587 1705 4640 αἰ-

117 4669 218 4715 τίαν
268 4669 557 4742 ὒιοοιίσατοο
651 4672 767 4725 κατ’
829 4668 970 4726 ἰδίαν
1038 4670 1098 4726 δε
1145 4679 1238 4734 τὴν
1304 4684 1404 4728 τῶν
1458 4677 1702 4750 μαθητῶν

119 4749 335 4809 ἀπιστίαν
390 4762 670 4822 αἰτιᾶται.
737 4765 836 4816 Καὶ
911 4764 1011 4838 γὰρ
1071 4769 1160 4817 καὶ
1209 4764 1372 4834 οὗτοι,
1455 4770 1556 4838 πρὸ
1610 4775 1707 4830 τῆς

121 4837 466 4922 έπιχειρήσεως
547 4850 965 4921 ἀπιστήσαντες,
1036 4853 1117 4906 ὅτι
1174 4849 1421 4908 δύνανται
1464 4857 1552 4908 τὸν
1607 4858 1708 4910 χοὶ-

1781 672 1948 745 quod
1985 672 2375 740 daemonium,
2425 673 2592 745 quod
2633 673 2693 729 in
2725 690 2795 730 eo
2840 676 2988 739 erat,
3020 682 3258 732 mutum
3317 682 3442 735 erat

1783 775 1856 816 ac
1888 761 2140 817 surdum
2184 776 2308 817 non
2369 762 2533 832 quod
2590 767 2809 818 natura
2863 768 3014 818 esset
3061 763 3435 835 hujusmodi,

1785 849 1892 905 sed
1923 850 2062 923 quia
2090 848 2448 906 daemoniaci
2487 865 2696 906 vocem
2738 850 3029 922 ligaverat
3058 857 3115 908 et
3139 854 3436 911 auditum.

1852 939 2016 995 Vers.
2050 940 2135 994 16.
2180 939 2259 995 Ει
2289 969 2358 978 -
2382 953 2614 995 curare.
2664 938 2795 995 Non
2847 946 3169 1012 potuerunt
3197 947 3440 1015 propter

1783 1025 2083 1084 offerentis
2103 1027 2599 1084 incredulitatem.
2635 1027 2790 1084 Licet
2815 1028 2976 1084 enim
3007 1045 3148 1086 eum
3175 1031 3436 1088 adduxe-

1783 1119 1895 1186 rat,
1921 1132 2039 1172 non
2063 1121 2262 1173 tamen
2277 1116 2681 1173 indubitanter
2701 1117 3000 1185 credebat,
3029 1119 3196 1191 quod
3214 1118 3438 1177 ἀξεωο-

1784 1217 1923 1261 nem
1957 1205 2167 1276 fugare
2193 1211 2461 1277 possent.
2509 1207 2626 1260 Hoc
2651 1210 2852 1263 autem
2881 1210 2938 1262 et
2971 1221 3041 1261 ex
3086 1222 3159 1264 eo
3184 1209 3436 1265 manife-

1785 1295 1943 1349 stum
1972 1299 2079 1360 est,
2110 1293 2276 1367 quod
2307 1294 2456 1349 dixit
2483 1292 2749 1350 Christus
2782 1309 2796 1349 :
2833 1294 2881 1350 Ο
2922 1295 3224 1365 generatio
3249 1298 3441 1354 incre-

1785 1380 1925 1437 dula
1953 1398 1967 1449 ;
1999 1387 2057 1439 et
2105 1397 2315 1439 rursus
2348 1382 2427 1452 ab
2456 1397 2528 1439 eo
2585 1382 2750 1455 quod
2778 1382 2930 1439 dixit
2972 1383 3281 1441 adducens
3324 1401 3338 1441 :
3370 1386 3441 1443 Si

1786 1471 1931 1546 quid
1979 1478 2138 1543 potes
2188 1471 2410 1540 adjuva
2456 1486 2560 1527 nos
2608 1486 2727 1537 ;ex
2769 1486 2840 1528 eo
2893 1471 3059 1544 quod
3108 1471 3437 1545 interroga-

1785 1560 1868 1618 vit
1913 1560 2176 1616 Christus
2231 1576 2243 1615 :
2298 1559 2365 1615 Si
2407 1565 2570 1629 potes
2614 1559 2855 1616 credere
2885 1575 2900 1626 ;
2931 1563 2990 1615 et
3012 1561 3226 1617 iterum
3257 1562 3336 1618 ab
3365 1577 3437 1620 eo

1786 1648 1946 1725 quod
1992 1649 2120 1721 ipse
2172 1647 2486 1720 respondit
2535 1665 2549 1704 :
2594 1647 2774 1704 Credo
2824 1649 3096 1715 Domine,
3146 1651 3439 1710 auxiliare

1283 1735 1600 1834 πλαέύτεροζ,
1651 1735 1678 1810 δ
1705 1749 1755 1810 In
1784 1737 2187 1834 incredulitati
2209 1753 2361 1834 mea.
2386 1739 2536 1834 Nam
2551 1735 2681 1793 haec
2709 1736 2891 1834 latius
2922 1738 3159 1834 scripsit
3187 1741 3437 1834 Marcus.

1858 1830 2017 1886 Vers.
2079 1832 2162 1882 17.
2223 1825 2593 1897 Respondens
2645 1856 2714 1867 —
2764 1825 3034 1883 distorta.
3089 1827 3436 1886 Generalius

1788 1919 2055 1990 increpat
2082 1918 2324 1988 propter
2347 1913 2592 1971 Judaeos
2617 1914 2918 1987 quosdam
2948 1915 3219 1972 similiter
3248 1917 3440 1974 incre-

1790 2007 1988 2074 dulos,
2015 2005 2149 2061 licet
2175 2005 2496 2060 innumera
2554 2002 2911 2074 huiusmodi
2959 2005 3436 2077 conspexissent,

1789 2112 1912 2155 non
1943 2109 2048 2168 per
2075 2095 2278 2167 ipsum
2307 2096 2558 2158 tantum,
2595 2091 2703 2149 sed
2719 2098 2775 2150 et
2801 2107 2908 2166 per
2935 2092 3266 2166 discipulos
3285 2095 3443 2153 facta

1791 2184 2100 2244 miracula.
2156 2184 2408 2241 Distorta
2458 2185 2684 2250 autem,
2735 2181 2799 2240 id
2828 2186 2918 2240 est
2967 2187 3260 2255 tortuosa,
3318 2199 3443 2245 non

1791 2279 1951 2334 recte
1985 2270 2340 2343 intelligens.

1866 2453 2027 2509 Vers.
2053 2450 2118 2507 17
2127 2493 2139 2508 .
2175 2452 2481 2523 Quousque
2505 2479 2574 2490 —
2599 2465 2698 2508 vos
2735 2449 2765 2506 ἵ
2797 2450 3165 2522 Indignatur,
3196 2456 3254 2509 et
3290 2467 3448 2510 mor-

1796 2545 1917 2599 tem
1944 2540 2182 2615 quierit,
2227 2555 2295 2596 eo
2331 2537 2498 2612 quod
2530 2541 2727 2596 essent
2768 2538 2883 2612 ipsi
2935 2539 3283 2598 inﬁdelitate
3336 2541 3448 2600 im-

1796 2629 2202 2688 medicabiles.

1867 2719 2035 2776 Vers.
2075 2718 2167 2776 17.
2193 2717 2418 2789 A/ferte
2438 2744 2509 2759 --
2538 2715 2665 2772 huc.
2695 2718 2777 2773 Ne
2824 2717 2954 2789 ipse
2982 2731 3226 2790 quoque
3251 2716 3446 2792 impo-

1796 2813 1928 2868 tens
1980 2807 2267 2871 videatur,
2331 2805 2492 2878 ejicit
2565 2804 2952 2863 daamonium.
3003 2805 3181 2863 Jubet
3245 2811 3450 2866 autem

1798 2898 2017 2959 adduci
2032 2897 2498 2967 daamoniacum,
2518 2899 2580 2953 ut
2598 2895 2919 2955 manifesta
2936 2895 3044 2954 ﬁat
3057 2913 3168 2954 sua
3189 2897 3454 2971 potentia

1797 2989 1892 3045 his
1911 2988 2016 3060 qui
2041 2987 2222 3044 etiam
2244 2985 2446 3058 ipsum
2487 2983 2874 3058 impotentem
2900 3001 3030 3043 esse
3061 2987 3379 3059 putabant.

1727 3105 1768 3162 α
1869 3076 2034 3134 Vers.
2057 3076 2146 3131 18.
2171 3076 2254 3132 Et
2277 3105 2347 3116 —
2369 3076 2535 3131 Jesus
2583 3077 2701 3132 Hoc
2730 3079 2838 3143 est,
2893 3076 3194 3150 praecepit.
3227 3079 3455 3135 Marcus

1799 3171 2001 3224 autem
2025 3168 2084 3220 et
2104 3165 2291 3220 Lucas
2308 3162 2536 3229 dicunt,
2559 3163 2718 3234 quod
2745 3163 3063 3236 imperavit
3098 3166 3330 3238 spiritui
3347 3165 3456 3222 im-

1800 3253 2030 3312 mundo
2046 3254 2115 3307 ¹’¹.
2133 3251 2438 3322 Siquidem
2457 3251 2691 3323 utrique
2712 3251 3032 3324 imperavit
3051 3273 3065 3306 :
3085 3252 3455 3312 dmmoniaco

1800 3344 2046 3419 quidem
2072 3346 2136 3399 ut
2160 3341 2550 3414 resipisceret,
2582 3340 2994 3398 daemonivero
3015 3341 3338 3413 utfugeret.
3356 3343 3458 3400 Hic

1801 3432 1962 3490 enim
1993 3432 2247 3488 verbum
2269 3430 2550 3502 ἐπετίμησε
2593 3429 2754 3486 idem
2795 3429 3090 3503 signiﬁcat
3113 3431 3280 3504 quod
3298 3447 3460 3502 prae-

1801 3522 1943 3595 οερίι
1967 3520 2080 3594 (11³)-

1875 3613 2034 3668 Vers.
2066 3613 2150 3666 18.
2187 3609 2268 3666 Et
2297 3637 2362 3650 —
2386 3606 2516 3665 illa.
2552 3609 2684 3664 Haec
2739 3612 2894 3665 certe
2940 3608 3264 3668 manifesta
3299 3613 3458 3667 sunt.

1808 3703 2022 3759 Verum
2051 3715 2088 3756 a
2116 3698 2387 3756 daemone
2418 3713 2659 3770 quoque
2693 3703 2857 3754 muto
2884 3702 2942 3754 et
2971 3698 3157 3757 surdo
3199 3698 3460 3772 posside-

1807 3795 1921 3857 tur,
1965 3789 2233 3862 quisquis
2275 3802 2399 3844 non
2434 3787 2700 3859 loquitur
2760 3802 2956 3861 neque
3005 3787 3173 3846 audit
3223 3787 3463 3846 divinos

1807 3893 2135 3937 sermones.
2185 3876 2355 3932 Hunc
2412 3880 2613 3932 autem
2644 3876 2878 3950 projicit
2919 3875 3336 3937 daemonium:
3379 3877 3465 3934 in-

1808 3969 2044 4026 terdum
2085 3964 2332 4040 quidem
2361 3964 2419 4021 in
2447 3964 2652 4034 ignem
2682 3964 2784 4023 ira:
2837 3970 2896 4024 et
2948 3966 3464 4038 concupiscentiae,

1807 4054 2110 4114 interdum
2165 4070 2309 4110 vero
2358 4054 2420 4110 in
2477 4070 2702 4127 aquam
2751 4056 3176 4114 commotionis
3209 4055 3465 4115 aliarum

1811 4144 2220 4204 affectionum.

1880 4233 2046 4291 Vers.
2083 4235 2166 4288 t9.
2195 4232 2347 4288 Tunc
2371 4260 2444 4272 —
2465 4231 2628 4287 Vers.
2655 4235 2744 4287 '20.
2774 4237 3047 4290 vestram.
3074 4235 3302 4290 Marcus
3324 4247 3466 4289 vero

1811 4322 1960 4381 dixit
1973 4323 2042 4386 ιθ,
2061 4320 2222 4394 quod
2235 4334 2375 4376 cum
2388 4319 2517 4392 ipse
2540 4319 2793 4375 domum
2809 4320 3111 4389 ingressus
3124 4325 3280 4376 esset
3295 4322 3470 4376 inter-

1810 4415 2189 4483 rogaverunt.
2213 4408 2586 4480 lnterrOgant
2599 4414 2812 4473 autem,
2831 4407 3095 4464 timentes
3108 4424 3176 4464 ne
3190 4408 3472 4479 forteper-

1812 4501 1914 4558 did
1923 4500 2069 4556 erint
2082 4514 2258 4569 quam
2275 4502 2630 4568 acceperant
2643 4498 2904 4552 virtutem
2921 4496 3212 4552 adversus
3226 4496 3470 4569 spiritus

1813 4587 2178 4646 immundos.
2195 4586 2413 4641 Verum
2426 4585 2687 4642 Christus
2699 4601 2888 4641 coram
2902 4585 3473 4642 multitudineiucre-

1814 4678 2120 4736 dulitatem
2132 4674 2429 4751 offerentis
2441 4690 2550 4747 pro
2563 4689 2745 4730 causa
2754 4674 3226 4732 reddit:seorsim
3240 4691 3378 4732 vero
3389 4675 3475 4733 di-

1816 4767 2114 4841 scipuloru
2126 4783 2175 4820 ω
2187 4768 2482 4835 causatur,
2499 4762 2970 4820 incredulitatem.
2986 4765 3202 4822 Etenim
3228 4764 3289 4822 hi
3305 4765 3475 4824 etiam

1819 4857 2176 4931 priusquam
2199 4852 2685 4926 aggrederentur,
2709 4851 3082 4924 difﬁdebant,
3105 4871 3169 4913 se
3193 4871 3374 4928 posse
3391 4857 3476 4914 la-

186 5021 414 5088 “Marc.
441 5045 529 5099 ix,
577 5029 789 5096 17,25.
871 5030 918 5068 ¹⁸
949 5032 1122 5090 Marc.
1154 5047 1235 5100 ix,
1274 5032 1337 5090 19
1367 5049 1536 5108 seqq.
1613 5036 1658 5072 1⁷
1692 5036 1863 5094 Marc.
1902 5052 1982 5103 1x,
2012 5035 2080 5092 25
2114 5050 2129 5103 ;
2159 5034 2298 5091 Luc.
2317 5048 2392 5104 ix,
2445 5035 2535 5090 42.
2611 5032 2662 5070 η
2719 5033 2896 5093 Marc.
2943 5049 3013 5103 ix,
3057 5036 3148 5092 28.

1343 5211 1565 5283 Variae
1602 5213 1928 5284 lectiones
1961 5223 2027 5282 et
2055 5222 2262 5281 notae.

186 5400 288 5478 ($2)
314 5401 618 5464 ἐπίστευεν.
668 5408 729 5461 Δ.

1901 5410 2014 5482 (53)
2047 5411 2153 5465 Καί
2181 5411 2319 5466 ante
2337 5403 2452 5477 διά,
2481 5405 2650 5464 addit
2669 5407 2736 5462 Α.

153 5581 266 5663 ,(ΙΠ
283 5585 387 5645 Hic
409 5587 566 5646 enim
594 5613 680 5629 —
701 5585 856 5658 quod
873 5589 1175 5659 praecepit.
1202 5589 1307 5648 Mei
1336 5590 1574 5649 codices
1596 5591 1713 5648 hoc
1740 5603 1862 5648 non
1897 5592 2248 5661 agnoscunt.
2275 5585 2488 5646 Nescio
2526 5601 2606 5644 an
2645 5583 2720 5642 de
2770 5599 2880 5643 suo
2923 5583 3229 5642 addiderit
3286 5581 3488 5637 liente-

116 5667 260 5712 mm.
463 5747 728 5804 PATROL.
769 5744 876 5805 Gn.
920 5745 1170 5808 CXXIX.

3107 5745 3173 5800 16
