3906 6202
505 200 603 261 491

1814 198 2155 259 EUTHYMII
2205 196 2559 257 ZAGABENI
3677 204 3755 269 492

502 331 808 387 borantem
823 343 1032 385 curare
1056 343 1205 392 cum,
1227 331 1419 385 tamen
1434 329 1584 385 alios
1602 327 1812 383 multos
1827 329 2116 381 curassent

2257 346 2446 397 μνοντα
2500 327 2833 400 θεραπεύσαι,
2885 329 3060 375 καίτοι
3122 324 3326 386 πολλοὺς
3362 324 3521 387 ἄλλους
3564 327 3756 398 θεραπεύ-

502 425 558 474 et
580 421 660 475 ita
680 436 817 474 cum
839 422 1215 482 conarentur,
1247 434 1364 473 non
1388 424 1725 489 potuerunt.
1761 417 1981 489 Optime
2008 429 2149 483 ergo

500 523 702 563 coram
721 507 919 561 multis
935 506 1251 561 multorum
1264 506 1735 562 incredulitatem
1752 503 2147 576 reprehendit,

500 599 743 651 semotis
773 602 972 651 autem
994 595 1228 651 arbitris
1247 612 1488 652 suorum
1510 595 1921 651 difﬁdentiam.
1951 596 2145 662 Neque

498 686 656 739 enim
703 702 892 755 aequm
946 690 1089 747 erat,
1139 691 1203 739 ut
1249 701 1454 740 coram
1507 685 1708 741 multis
1757 682 2144 738 confunderet

494 790 846 829 communes
879 773 1041 828 orbis
1056 778 1464 846 prmccptores.

566 863 729 918 Vers.
772 862 840 918 20
891 865 1074 917 Amen
1136 893 1202 902 —-
1253 862 1549 919 transibit.
1605 862 1802 918 Fidem
1847 876 2008 917 nunc
2050 858 2142 913 di-

494 954 589 1015 cit,
612 967 734 1007 non
764 951 838 1006 de
862 950 975 1006 hoc
1000 952 1167 1022 quod
1224 950 1350 1023 ipse
1382 951 1455 1007 sit
1494 954 1666 1017 Deus,
1697 950 1797 1005 sed
1825 949 1903 1005 ad
1925 947 2141 1004 facien-

492 1038 573 1095 da
616 1041 806 1110 signa.
880 1038 1026 1093 Dicit
1059 1040 1267 1098 enim:
1333 1039 1394 1096 Si
1440 1039 1711 1096 habeatis
1757 1038 1941 1094 ﬁdem
1985 1037 2137 1094 adeo

494 1144 693 1184 acrem
724 1132 780 1183 et
807 1127 1222 1184 vehementem
1253 1143 1322 1184 ac
1356 1126 1678 1184 ferventem
1706 1127 1853 1184 sicut
1879 1142 2132 1197 granum

494 1218 753 1290 sinapis:
784 1216 929 1273 illud
945 1216 1311 1274 etenimtalis
1341 1224 1427 1273 est
1455 1216 1762 1290 qualitatis
1796 1216 2136 1283 ;credentes

491 1307 621 1361 sine
653 1305 765 1361 ulla
778 1305 1169 1377 trepidatione
1191 1306 1357 1377 quod
1384 1305 1594 1362 facturi
1616 1306 1757 1362 estis
1787 1304 1977 1374 signa,
2012 1308 2137 1360 tan-

490 1400 612 1451 tam
667 1394 960 1450 habebitis
1006 1394 1308 1464 virtutem,
1338 1399 1404 1450 ut
1448 1394 1613 1467 ipsos
1662 1394 1841 1451 etiam
1902 1398 2134 1450 montes

485 1483 876 1550 transferatis,
910 1484 959 1538 si
995 1484 1316 1541 volueritis.

554 1575 803 1627 Tantam
830 1577 1029 1627 autem
1081 1571 1263 1628 ﬁdem
1316 1573 1581 1645 aliquem
1618 1571 1860 1640 habere,
1900 1570 2134 1633 videtur

2260 434 2457 481 σαντες,
2507 414 2684 466 λοιπον
2738 410 2861 465 οὐδὲ
2892 416 3022 485 μετὰ
3069 417 3162 471 τὴν
3211 414 3511 486 ἐπιχείρησιν
3544 410 3755 472 ἠδυνήθη.

2258 520 2371 556 σαν.
2430 501 2659 577 ⁸Ἀρίστα
2707 509 2875 557 τοίνυν
2936 500 3147 553 ἐνώπιον
3205 507 3290 574 μὲν
3334 502 3509 555 πολλῶν
3558 508 3634 559 τὴν
3685 510 3758 551 τῶν

2253 590 2447 643 πολλῶν
2519 592 2767 645 ἀπιστίαν
2850 589 3078 665 διέσυρε,
3156 589 3382 643 κατιδίαν
3443 588 3494 644 δὲ
3564 597 3640 648 τήν
3683 600 3756 640 τῶν

2254 676 2421 733 ἰδίων.
2480 682 2590 734 Ούκ
2640 679 2699 741 ἦν
2750 685 2850 754 γὰρ
2884 682 3015 743 εἰκὸς
3048 680 3130 732 ἐπὶ
3162 681 3347 732 πολλῶν
3383 680 3761 751 χαταισχύνεσθαι

2250 773 2364 830 τοὺς
2393 776 2591 831 κοινούς
2619 767 2979 831 διδασκάλους
3009 778 3102 842 τῆς
3136 770 3434 841 οἰκουμένης.

2320 858 2488 932 Ἀμὴν
2536 891 2605 901 -—
2651 859 3031 934 μεταϐήσεται.
3084 864 3267 911 Πίστιν
3313 858 3440 930 λέγει
3484 864 3561 908 νῦν
3602 856 3650 907 οὐ
3693 861 3763 913 τὴν

2245 952 2477 1021 περὶτοῦ
2524 946 2651 1000 εἶναι
2704 949 2857 1000 αὐτὸν
2890 950 3037 1017 Θεὸν,
3086 947 3215 1005 ἡλλὰ
3262 951 3349 1004 τὴν
3386 950 3489 1019 περὶ
3533 952 3611 996 τού
3638 952 3763 996 ποιεῖν

2248 1045 2459 1109 σημεῖα.
2515 1043 2649 1097 Φησὶ
2674 1040 2796 1114 γάρ.
2827 1039 2945 1091 Ἐὰν
2985 1041 3145 1110 ἔχητε
3174 1041 3347 1089 πίστιν
3388 1036 3511 1087 οὕτω
3554 1030 3767 1106 δριμεῖαι,

3167 1129 3235 1188 ὡς
3307 1132 3478 1177 κόκκον
3534 1124 3763 1182 συνάπεωςο

2242 1131 2332 1177 xui
2397 1124 2651 1200 σφοδρὰν,
2718 1133 2805 1179 καὶ
2865 1130 3077 1202 θερμὴν,

2240 1218 2488 1277 τοιαύτης
2548 1219 2649 1290 γὰρ
2736 1221 3007 1277 ποιότητος
3077 1215 3247 1276 οὗτος·
3314 1216 3615 1271 πιστεύοντες
3667 1210 3770 1261 um-

2244 1301 2523 1369 δοιάστως,
2579 1307 2660 1357 ὅτι
2738 1311 2983 1364 ποιήσετε
3054 1311 3267 1378 σημεῖα,
3338 1303 3627 1360 τηλικαύτην
3668 1298 3772 1360 ἕξετε

2922 1393 3057 1445 αὐτὰ
3156 1396 3220 1446 τὰ
3304 1396 3393 1466 ὄρη
3462 1392 3694 1465 μεθιστᾷν,
3738 1385 3773 1437 εἰ

2243 1389 2485 1465 δύναμιν,
2578 1396 2646 1456 ὡς
2728 1398 2818 1446 καὶ

2241 1480 2513 1555 βούλεσθε.

2309 1574 2379 1624 Τὸ
2433 1569 2492 1623 bis
2520 1574 2763 1631 τοιαύτην
2813 1577 2986 1631 πίστιν
3035 1573 3175 1643 ἔχειν
3216 1571 3332 1623 τινὰ
3380 1566 3517 1621 δοκεῖ
3659 1564 3770 1635 r51:-

483 1660 725 1733 quidem
756 1660 946 1727 facile,
1000 1665 1089 1716 est
1137 1665 1338 1717 tamen
1382 1662 1559 1718 etiam
1589 1660 1889 1717 excelsum
1933 1660 2116 1718 valde.

2240 1662 2340 1736 ρες,
2380 1662 2496 1712 ἔστι
2531 1656 2591 1713 δὲ
2625 1666 2714 1713 xui
2764 1662 2878 1712 λίαν
2929 1659 3148 1731 ὑψηλὸν.
3208 1664 3450 1712 Γεννᾶται
3503 1658 3583 1731 μὲν
3630 1654 3776 1725 γὰρὲκ

482 1750 749 1806 Nascitur
771 1750 1069 1823 siquidem
1098 1766 1173 1806 ex
1224 1750 1491 1807 libertate
1515 1751 1594 1807 ad
1643 1754 1828 1806 Deum
1864 1766 2129 1806 :rursum

482 1840 616 1895 talis
646 1840 888 1895 libertas
929 1844 1016 1895 est
1047 1855 1118 1894 ex
1148 1846 1345 1895 mente
1376 1840 1604 1911 placide
1634 1840 1967 1912 composita
1998 1840 2126 1912 (gg).

481 1931 579 1984 Est
606 1935 804 1985 autem
829 1930 1032 1998 magni
1060 1930 1399 1985 certaminis
1425 1946 1497 1985 ex
1519 1930 1911 2001 placabilitate
1929 1932 2131 2002 acqui-

480 2034 606 2073 rere
620 2018 795 2073 talem
811 2034 953 2087 erga
967 2017 1155 2072 Deum
1176 2017 1532 2083 libertatem,
1552 2024 1612 2073 ut
1628 2019 2006 2075 credatillum
2026 2020 2128 2075 da-

478 2110 679 2163 turum
710 2106 1005 2178 quidquid
1021 2107 1446 2178 postulabitur.
1481 2110 1688 2172 Petite,
1717 2108 1925 2179 inquit,
1945 2116 1999 2165 et
2024 2110 2130 2166 da-

482 2195 639 2250 bitur
659 2196 811 2251 vobis
830 2196 899 2249 1°.

551 2285 715 2349 Quod
729 2284 772 2337 si
793 2282 992 2355 palam
1008 2298 1124 2337 non
1153 2283 1419 2339 fecerunt
1441 2285 1866 2354 transmigrare
1893 2293 2127 2342 montes

479 2370 755 2443 apostoli,
788 2386 861 2426 ne
890 2371 1121 2427 mireris
1152 2393 1164 2425 :
1190 2387 1310 2427 non
1337 2372 1499 2427 enim
1520 2372 1636 2428 hoc
1668 2373 1802 2428 ideo
1833 2374 1940 2429 fuit
1963 2374 2123 2447 quod

462 2474 596 2515 -non
636 2465 899 2532 possent,
923 2460 1031 2515 sed
1086 2460 1231 2533 quia
1287 2460 1628 2528 noluerunt,
1672 2468 1874 2534 utpote
1920 2462 2125 2533 hujus-

477 2550 637 2605 modi
649 2550 999 2605 necessitate
1018 2555 1123 2605 aut
1137 2550 1380 2607 utilitate
1394 2567 1522 2606 sese
1535 2551 1644 2606 illis
1661 2568 1782 2607 non
1803 2551 2085 2609 offerente
2106 2571 2119 2609 :

472 2644 610 2710 post
637 2638 748 2694 hos
761 2653 1028 2710 namque
1041 2640 1230 2695 sancti
1258 2638 1359 2695 alii
1388 2640 1676 2711 apostolis
1704 2640 2121 2711 longeinferio-

471 2744 564 2783 res
592 2734 836 2798 urgente
854 2729 1206 2784 necessitate
1222 2733 1458 2784 montes
1484 2729 1819 2801 demigrare
1834 2730 2117 2799 fecerunt,

466 2817 638 2887 juxta
671 2817 1038 2873 Dominicam
1062 2816 1438 2873 sententiam.
1456 2820 1646 2873 Potest
1675 2834 1913 2891 quoque
1940 2836 2116 2878 mons

470 2905 584 2961 dici
597 2905 872 2962 diabolus
885 2910 1127 2977 propter
1141 2905 1439 2976 opinionis
1452 2922 1575 2962 sum
1588 2908 1903 2964 elationem
1913 2950 1927 2974 ,
1945 2925 2119 2982 quem

469 2994 639 3050 facile
656 2994 845 3052 sancti
873 3011 1031 3051 asua
1047 2995 1189 3051 sede
1202 3001 1603 3060 commovent,
1618 2998 1866 3070 quando
1888 2998 2115 3055 volunt.
2156 3024 2198 3076 ο

540 3085 699 3138 Vers.
731 3088 819 3140 20.
842 3084 919 3139 Et
947 3114 1017 3123 —
1054 3083 1230 3140 vobis.
1263 3087 1389 3140 Non
1421 3084 1639 3151 solum,
1674 3086 1888 3159 inquit,
1946 3104 2118 3145 mon-

468 3176 554 3227 tes
586 3171 969 3240 transferetis,
992 3172 1115 3228 imo
1146 3172 1289 3228 nihil
1318 3173 1498 3229 etiam
1551 3173 1715 3230 aliud
1747 3176 2117 3248 impossibile

465 3262 571 3317 erit
593 3261 785 3317 vobis.

534 3370 693 3423 Vers.
745 3369 833 3423 2t.
906 3370 1126 3424 Hoc—
1160 3370 1471 3438 jejunium.
1520 3370 1713 3426 Genus
1768 3371 2114 3429 dmmonum

467 3458 742 3511 omnium
776 3472 898 3510 non
929 3456 1045 3511 alio
1102 3458 1281 3511 modo
1320 3458 1643 3526 egreditur,
1693 3459 1798 3513 nisi
1853 3478 1953 3531 per
1981 3478 2113 3519 ora-

446 3544 685 3599 tionem
714 3544 1083 3613 etjejunium
1116 3559 1271 3599 :non
1288 3544 1484 3599 solum
1502 3546 1635 3615 ejus
1651 3548 1755 3618 qui
1786 3555 1975 3615 sanat,
2008 3551 2111 3607 sed

463 3632 591 3701 ejus
622 3632 794 3685 etiam
825 3630 928 3701 qui
990 3632 1234 3702 patitur.
1284 3632 1480 3688 Oratio
1520 3635 1814 3705 siquidem
1852 3637 2112 3707 daemoni

462 3720 793 3776 admodum
820 3719 1090 3774 terribilis
1122 3724 1227 3775 est.
1254 3719 1419 3776 Hanc
1444 3727 1643 3777 autem
1662 3722 1964 3782 fortiorem
1980 3729 2110 3785 red-

461 3808 563 3872 dit,
598 3812 654 3862 et
682 3806 858 3861 valde
885 3812 1183 3878 potentem
1215 3806 1390 3863 efﬁcit
1408 3809 1722 3882 jejunium,
1750 3827 1869 3868 non
1902 3815 2108 3875 sinens

460 3896 726 3968 corporis
755 3896 1080 3951 satietatem
1124 3898 1421 3954 remittere
1469 3898 1832 3967 ﬁrmitatem,
1894 3911 1997 3960 aut
2020 3907 2107 3963 fu-

460 4002 590 4041 mos
621 3985 750 4056 (hh)
780 3985 883 4056 qui
920 3988 994 4040 ab
1023 4000 1094 4041 ea
1126 3987 1460 4043 ascendunt
1509 3989 1746 4047 turbare
1775 3993 2104 4063 cerebrum,

458 4080 653 4131 mente
664 4090 841 4145 mque
856 4074 1246 4130 confundere:
1264 4076 1462 4148 itaque
1480 4093 1724 4149 corpore
1744 4080 1934 4151 ﬁrmo,
1948 4101 2107 4140 men-

455 4169 629 4238 teque
647 4164 776 4219 sine
787 4162 1169 4220 distractione
1186 4171 1491 4236 operante,
1516 4168 1923 4227 vehementius
1944 4172 2104 4243 igne,

452 4255 736 4327 omnique
766 4269 828 4308 re
860 4253 1178 4308 terribilius
1236 4257 1503 4311 ascendit
1566 4258 1758 4314 oratio
1790 4276 1804 4325 ;
1834 4259 1970 4318 ideo
1999 4263 2105 4319 has

450 4359 685 4417 semper
715 4344 1064 4413 conjunctae
1094 4358 1224 4398 esse
1249 4350 1501 4415 oportet.

521 4435 681 4490 Vers.
709 4434 797 4489 22.
834 4432 974 4488 Cum
997 4438 1199 4488 autem.
1257 4441 1631 4490 versarentur
1684 4467 1755 4478 —
1793 4438 1951 4494 Vers.
2010 4444 2099 4498 23.

449 4521 829 4578 vehementer.
866 4521 1175 4593 Discipulis
1216 4520 1288 4577 de
1319 4523 1409 4577 sui
1439 4524 1735 4581 occisione
1766 4526 2101 4599 frequenter

447 4610 731 4680 praedicit,
754 4616 819 4666 ut
857 4611 1285 4682 praaexercitati
1349 4614 1696 4669 monitionis
1748 4615 2091 4691 frequentia,

444 4698 615 4753 facile
644 4698 836 4753 ferant
857 4715 994 4754 cum
1025 4700 1337 4766 acciderit;
1358 4707 1432 4766 et,
1454 4707 1516 4758 ut
1540 4719 1656 4759 uno
1673 4704 1855 4761 verbo
1869 4706 2090 4777 dicam,

445 4792 685 4859 propter
705 4801 945 4843 causam
960 4804 1149 4861 quam
1177 4789 1477 4847 tricesimo
1506 4794 1670 4849 tertio
1697 4795 1887 4867 capite
1913 4800 2091 4856 tradi-

516 4916 560 4949 ”
601 4913 804 4980 Matth,
834 4929 937 4979 vn,
964 4916 1017 4970 7.

2236 1748 2536 1823 παῤῥησίας
2581 1759 2678 1811 τῆς
2733 1754 2857 1825 πρὸς
2903 1754 3055 1803 Θεὸν*
3126 1750 3155 1807 ἡ
3240 1744 3301 1800 δὲ
3371 1748 3573 1803 τοιαύτη
3618 1739 3771 1814 παῤῥη·

2241 1842 2330 1889 σία
2371 1838 2524 1890 πάλιν
2580 1838 2634 1902 ἐξ
2674 1838 3073 1910 εὐαρεστήσεως·
3138 1836 3387 1908 Μεγάλου
3444 1833 3548 1907 (54)
3594 1828 3643 1884 δὶ
3679 1828 3781 1899 ἀγῶ-

2235 1930 2410 1989 νοςτό
2453 1923 2526 1979 δι’
2580 1926 2965 2003 εὐαρεστήσεως
3025 1927 3337 1984 κτήσασθαι
3388 1922 3662 1998 παῤῥησίαν
3687 1920 3781 1989 πρὸς

2236 2018 2321 2067 τὸν
2381 2018 2508 2068 Θεὸν
2578 2018 2846 2081 τοιαύτην,
2913 2016 3046 2067 ὥστε
3105 2017 3373 2068 πιστεύειν
3467 2009 3683 2085 βεϐαίως»
3725 2006 3787 2057 δτι

2238 2100 2402 2156 δώσει
2456 2111 2557 2158 πᾶν
2617 2109 2672 2158 τὸ
2727 2106 3046 2178 αἰτούμενον.
3100 2102 3314 2159 Αἰτεῖτε
3378 2104 3502 2176 γὰρ,
3550 2102 3679 2171 φησὶ,
3721 2098 3786 2144 καὶ

2239 2189 2525 2251 δοθήσεται
2556 2194 2676 2266 ύμῖν
2690 2237 2703 2251 ,

2307 2282 2368 2334 Εἰ
2413 2279 2471 2335 δὲ
2533 2287 2603 2354 μὴ
2655 2285 2941 2355 μετέθηκαν
2998 2286 3091 2356 ὅρη
3154 2288 3390 2355 φανερῶς
3442 2280 3491 2332 οἱ
3542 2272 3787 2335 ἀπόστολοι,

2233 2375 2305 2443 μὴ
2348 2373 2624 2445 θαυμάσῃς
2680 2389 2694 2402 '
2749 2371 2808 2424 οὗ
2836 2374 2938 2445 γὰρ
2978 2373 3043 2432 ὡς
3098 2373 3171 2443 μὴ
3239 2366 3565 2432 δυνηθέντες,
3612 2362 3703 2414 ἀλλ’
3743 2362 3793 2417 ὡς

2232 2463 2303 2531 μὴ
2361 2458 2716 2531 βουληθέντες,
2758 2458 2847 2512 οἵτε
2895 2464 2967 2533 μὴ
3023 2462 3214 2531 χρείας
3274 2460 3524 2517 τοιαύτης
3571 2454 3798 2524 γενομένης

2231 2548 2429 2609 αὐτοῖς.
2498 2552 2641 2602 Μετὰ
2678 2552 2892 2611 τούτους
2942 2550 3042 2622 γὰρ
3074 2567 3208 2609 τινες
3258 2547 3431 2620 οἷγιοι,
3476 2546 3654 2597 τούτων
3678 2538 3789 2591 ἐλάτ-

2228 2656 2351 2702 τους
2420 2638 2611 2711 πολλῷ,
2693 2643 2880 2716 χρείας
2948 2637 3303 2703 ἐπιτεθείσης,
3366 2640 3675 2711 μετέστησαν
3725 2632 3795 2698 ὄρη

2228 2729 2364 2779 κατὰ
2406 2731 2499 2786 τὴν
2539 2732 2856 2787 Δεσποτικὴν
2910 2725 3194 2800 ἀπόφασιν.
3251 2729 3352 2784 Εἳη
3393 2723 3447 2778 δ’
3493 2724 3551 2775 ἄν
3592 2726 3694 2794 ὅρος
3728 2718 3797 2767 καὶ

2228 2817 2255 2869 ὀ
2286 2812 2528 2879 διάϐολος
2576 2813 2671 2870 διὰ
2720 2822 2813 2876 τὴν
2872 2820 3088 2891 ἔπαρσιν
3144 2823 3241 2877 τῆς
3300 2816 3545 2880 οἰήσεως,
3597 2811 3642 2863 ὃν
3680 2806 3804 2877 τύχε-

2226 2914 2326 2978 ρῶς
2353 2908 2403 2958 οἱ
2432 2907 2577 2979 ἅγιοι
2604 2913 2989 2979 μετακινούσιν,
3020 2908 3104 2958 ὅτε
3133 2910 3230 2958 καὶ
3265 2904 3575 2979 βούλονται.

2302 3089 2403 3139 Καὶ
2432 3116 2501 3125 -
2555 3086 2700 3157 ύμίνο
2758 3084 2833 3137 Oti
2886 3087 3039 3157 μόνον
3086 3088 3182 3156 ὄρη
3224 3087 3614 3156 μεταστήσετε,
3661 3077 3804 3148 φησὶν,

2228 3172 2357 3226 ἀλλὰ
2392 3178 2483 3227 xui
2507 3171 2659 3229 ούδὶν
2696 3175 2866 3248 ἕτερον
2892 3170 3149 3226 ἀδύνατον
3180 3176 3347 3226 ἔσται
3377 3173 3526 3245 ὑμῖν.

2295 3376 2460 3424 Τοῦτο
2507 3401 2575 3411 -
2607 3374 2842 3442 νηστείᾳ,
2885 3371 2957 3421 Τὸ
3003 3370 3145 3439 γένος
3192 3376 3311 3421 τῶν
3357 3364 3624 3439 δαιμόνων
3650 3360 3815 3413 πὰντων

2222 3458 2316 3511 ούκ
2356 3458 2689 3533 ἐκπορεύεται
2736 3458 2916 3531 ἑτέρως
2959 3458 3002 3510 εἱ
3049 3460 3121 3529 μὴ
3177 3455 3238 3510 ἓν
3302 3462 3596 3532 προσευχῇ
3642 3453 3720 3502 καὶ
3754 3464 3819 3500 vt—

2224 3553 2371 3620 στείᾴ
2399 3548 2458 3601 ού
2486 3556 2639 3621 μόνον
2661 3555 2755 3601 τοῦ
2786 3548 3171 3620 θεραπεύοντος,
3209 3544 3359 3599 ἀλλὰ
3384 3549 3483 3598 καὶ
3510 3550 3601 3595 τοῦ
3623 3542 3822 3607 πάσχον-

2219 3657 2328 3707 τος,
2359 3643 2448 3691 xui
2478 3637 2666 3711 μᾶλλον
2707 3643 2800 3689 τοῦ
2829 3637 3151 3707 πάσχοντος.
3195 3634 3271 3689 Ἡ
3449 3637 3557 3706 γὰρ
3584 3629 3819 3705 προσενχή

2222 3725 2430 3803 σφόδρα
2467 3727 2657 3802 φοϐερὰ
2700 3733 2774 3796 τῷ
2814 3722 3027 3798 δαίμονι
3060 3741 3073 3755 ·
3119 3727 3338 3784 ταύτην
3394 3721 3461 3776 δὲ
3491 3721 3723 3798 κρατύνει
3752 3715 3821 3764 χαι

2220 3814 2447 3890 δυναμοῐ
2494 3817 2609 3869 λίαν
2666 3817 2696 3873 ἡ
2747 3819 2981 3881 νηστεία,
3037 3816 3110 3886 μὴ
3170 3811 3337 3866 ἐῶσα
3392 3817 3497 3871 τὴν
3556 3808 3825 3878 πλησμονὴν

2216 3907 2388 3979 χαλᾲν
2412 3910 2499 3959 τὸν
2535 3910 2679 3958 τόνον
2717 3911 2810 3956 τοῦ
2846 3909 3103 3975 σώματος,
3156 3900 3322 3975 μηδὶ
3374 3906 3511 3963 τοὺς
3565 3898 3620 3951 ἐκ
3667 3897 3823 3947 ταύτης

2216 3993 2413 4067 ἀτμοὺς
2464 3993 2689 4067 ἐνοχλεῖν
2766 4000 2839 4063 τῷ
2896 3990 3174 4064 ἐγκεφάλῳ,
3285 3996 3393 4044 καὶ
3472 3992 3718 4061 συγχέειν
3766 3998 3828 4032 ταν

2215 4092 2332 4136 νοῦν
2387 4101 2400 4114 ⁸
2438 4088 2529 4135 xui.
2580 4082 2779 4148 λοιπὸν,
2852 4087 2945 4133 τοῦ
3018 4084 3273 4152 σώματος
3358 4083 3459 4154 μὲν
3520 4079 3826 4131 drove-ivro;-

2216 4181 2310 4226 τοῦ
2359 4180 2449 4225 νοῦ
2477 4169 2538 4225 δὲ
2607 4170 3011 4244 ἀπερισπάστως
3088 4166 3484 4241 ἐνεργοῦντος,
3549 4161 3835 4239 σφοδροτέρα

2216 4266 2381 4337 πυρὸς
2434 4266 2524 4315 xui
2573 4260 2896 4334 φοϐερωτέρα
2946 4260 3139 4319 παντὸς
3188 4260 3427 4312 ἄνεισιν
3476 4260 3509 4316 ἠ
3544 4254 3835 4331 προσευχή“

2135 4366 2185 4423 ι)
2217 4350 2303 4406 διὸ
2328 4356 2438 4425 χρὴ
2464 4350 2815 4422 συνεζεῦχθαι
2841 4349 3034 4409 ταύτας
3059 4344 3161 4403 ἀεί.

2280 4443 2764 4516 Ἀναστρεφομένων
2822 4468 2893 4478 -—
2962 4433 3193 4511 σφόδρα.
3294 4444 3563 4510 Συνεχῶς
3640 4430 3844 4507 προλέγει

2209 4536 2323 4603 περὶ
2350 4540 2442 4591 τῆς
2468 4528 2777 4604 ἀναιρέσεως
2824 4526 2984 4579 αὐτοῦ
3036 4531 3167 4589 τοῖς,
3235 4528 3565 4597 μαθηταῖς,
3610 4524 3714 4586 ἱνα,
3740 4533 3843 4591 προ·

2203 4622 2581 4694 γυμνασθέντες
2623 4623 2687 4690 τῇ
2736 4619 2985 4687 συνεχείᾳ
3036 4622 3127 4675 τῆς
3170 4616 3594 4689 ὑπομνήσεως,
3648 4612 3850 4694 εὐχερῶς

2202 4712 2365 4770 αὐτὴν
2417 4714 2611 4784 φέροιεν
2674 4709 2944 4779 γινομένην
2994 4720 3008 4734 ’
3076 4706 3165 4755 xui
3226 4703 3434 4767 ἁπλῶς
3517 4705 3703 4770 εἰπεῖν,
3768 4691 3851 4747 διὰ

2198 4806 2293 4860 τὴν
2348 4799 2540 4865 αἰτίαν,
2597 4800 2660 4855 ἣν
2724 4790 3176 4871 παραδεδώκαμεν
3273 4794 3339 4847 ἂν
3399 4804 3486 4867 τῷ
3577 4790 3854 4869 τριακοστῷ

1713 5045 1930 5114 Variae
1955 5048 2283 5120 lectiones
2314 5059 2379 5117 et
2409 5056 2586 5116 notae

510 5183 625 5255 (54)
655 5182 864 5255 Μεγάλῃ
875 5223 890 5250 ,
918 5182 983 5237 Β.

506 5308 616 5379 (99)
656 5308 752 5362 Ειτ
810 5306 1279 5385 meriteplacide
1333 5311 1677 5385 composita.
1728 5312 2080 5385 Εύαρέστησις

436 5378 553 5435 non
585 5385 671 5457 est
698 5395 853 5435 mens
878 5378 1467 5457 placidecomposita,
1510 5382 1614 5457 sed
1666 5385 1785 5439 Deo
1834 5378 2079 5457 placens

434 5450 663 5529 mentis
679 5450 1051 5529 compositio.
1082 5452 1210 5505 Mox
1232 5451 1474 5529 _iterum
1525 5450 1866 5529 εὐαρέστησιν
1925 5458 2080 5514 male

432 5522 692 5598 reddidit
715 5520 1193 5598 plurabilitatem.
1224 5524 1512 5598 Caeterum
1539 5520 1662 5581 no'n
1696 5528 1925 5598 ignoro,
1959 5529 2079 5581 εύα-

433 5596 734 5667 ρεστείσθαι
764 5593 906 5651 alibi
936 5610 1068 5650 esse
1106 5609 1168 5650 re
1192 5593 1390 5665 aliqua
1421 5593 1753 5655 contentam}
1796 5593 1934 5665 esse,
1975 5600 2079 5656 ad-

2188 5332 2383 5388 eoque
2410 5331 2482 5372 ea
2513 5310 2967 5388 laetari._Eodem
2983 5324 3167 5365 sensu
3207 5310 3479 5374 dicitur
3505 5314 3705 5373 etiam
3719 5310 3867 5383 εὐαρέ-

2190 5383 2402 5449 σττῐσις.
2444 5386 2556 5443 Sed
2582 5384 2681 5442 hic
2705 5383 2781 5440 de
2810 5384 2933 5439 Deo
2962 5395 3161 5437 sermo
3200 5391 3339 5453 est,
3376 5389 3492 5444 cui
3528 5388 3725 5445 homo
3749 5396 3869 5455 pro-

2185 5459 2365 5531 batur
2387 5462 2446 5516 et
2473 5458 2685 5531 placet.

2258 5530 2394 5601 (Ich)
2435 5528 2559 5585 A'ut
2588 5529 2805 5598 fumos.
2836 5528 2982 5591 lmo,
3012 5537 3328 5597 vapores.
