3906 6202
202 212 291 282 493
1118 210 1480 268 COMNENT.
1531 209 1600 266 ΙΝ
1653 209 1759 266 MA‘

1932 205 2096 278 EUM.
2144 242 2202 252 -—
2247 211 2403 266 CAP.
2446 205 2615 267 XVII.

3424 211 3528 271 494

210 344 336 414 τρίτῳ
377 337 650 412 κεταλαιῳ.
703 337 842 413 Ὀρα
888 346 1035 413 γοῦν,
1089 346 1221 404 πῶς,
1270 343 1359 392 καὶ
1413 344 1505 390 τοῦ
1561 340 1759 411 Πέτρου

1936 351 2091 392 mus.
2115 336 2259 392 Vide
2280 350 2422 407 ergo
2443 336 2753 409 quomodo
2773 335 2910 395 licet
2927 335 3011 394 ibi
3031 336 3234 394 Petrus
3253 336 3428 394 fuerit
3446 337 3529 393 in-

215 427 548 501 ἑπιτιειηθέντος
617 426 740 495 ἐκεῖ,
823 434 912 482 καὶ
977 437 1068 482 τοῦ
1144 431 1343 501 Πατρός
1407 430 1539 501 μιτά
1607 435 1760 480 τοῦτο

214 515 487 578 κελεύσαντος
565 517 730 570 αὐτοῦ
811 516 1034 584 ἀκούειν,
1093 523 1182 570 καὶ
1255 525 1351 580 τῆς
1425 514 1762 576 ἀναστάσεως

208 608 315 679 μετὰ
336 614 452 679 τρεῖς
477 608 675 681 ἡμέρας
719 607 1128 680 ὑποσχεθείσης,
1160 602 1275 660 οὐδ’
1310 607 1470 668 οὕτως
1516 610 1758 679 ἤνεγκαν,

207 693 295 746 ἀλλ’
311 694 647 765 ἐλυπήθησαν,
679 700 770 749 καὶ
797 691 920 750 οὐδε
949 695 1143 766 ἁπλῶς,
1177 695 1305 748 ἀλλά
1327 692 1553 770 σφόδρα.

260 783 401 837 Τοῦτο
429 779 477 836 δ’
525 783 724 857 ἐγένετο
760 785 897 858 (55),
941 781 1035 838 διὰ
1079 788 1137 838 τὸ
1167 783 1372 858 ἀγνοεῖν
1425 784 1610 846 αὐτοὺς
1660 792 1760 837 τῶν

202 872 441 944 λεγομένων
511 878 606 932 τὴν
664 869 913 948 δύναμιν,
970 877 1040 937 ὥς
1092 874 1308 950 Μάρκος
1390 879 1478 928 καὶ
1557 880 1762 936 Λουκᾶς

207 957 333 1017 εἶπον.
373 965 554 1034 Εἴρηκε
607 965 711 1038 γὰρ
771 964 798 1016 6
849 967 962 1038 μεν,
1029 965 1109 1017 ὅτι
1165 964 1415 1036 Ἠγνόουν
1471 967 1530 1017 τό
1592 965 1758 1040 ῥῆμα,

202 1055 277 1104 καὶ
319 1049 576 1125 ἰφοϐοῦντο
645 1053 802 1106 αὐτόν
859 1051 1186 1129 ἐπερωτῆσαι
1219 1071 1232 1084 ·
1285 1055 1312 1107 6
1362 1051 1441 1122 δε,
1493 1055 1575 1107 ὅτι
1662 1058 1759 1107 Καὶ

204 1137 254 1199 ἦν
314 1141 819 1216 παρακεκαλυμμένον
888 1141 974 1195 ἀπ’
1035 1143 1222 1211 αὐτῶν,
1278 1144 1362 1196 ἴνα
1415 1148 1486 1218 μὴ
1543 1144 1763 1196 αἴσθωνο

204 1249 276 1283 ται
315 1230 442 1294 αὐτό.
501 1233 648 1285 Κατὰ
690 1233 830 1285 θείαν
885 1235 986 1307 γὰρ
1049 1233 1342 1308 οἰκονομίαν
1411 1229 1762 1307 ἀπεκρύπτετο

206 1319 232 1376 ἡ
275 1327 436 1392 γνῶσις
491 1327 584 1373 τοῦ
632 1321 868 1396 ῥήματος
921 1319 1009 1375 ἀπ’
1066 1322 1254 1390 αὐτῶν,
1300 1324 1366 1384 ὡς
1423 1321 1605 1375 ἀτελῶν
1665 1323 1759 1388 ἔτι,

194 1411 274 1459 καὶ
310 1412 374 1480 μή
422 1404 721 1482 δυναμένων
772 1408 1044 1485 ἔφικίσθαι
1082 1419 1176 1465 τοῦ
1226 1413 1520 1486 ὑπερφυοῦς
1573 1414 1762 1466 τούτου

189 1502 483 1573 μυστηρίου.

250 1591 341 1640 Καὶ
392 1584 476 1640 ἐὰν
524 1587 740 1661 ἠγνόουν
785 1587 936 1659 αὐτὸ,
989 1597 1100 1652 πῶς
1143 1588 1475 1649 ἐλυπήθησαν
1517 1586 1759 1666 σφόδρα;

1869 429 2163 496 crepatus,
2185 430 2240 480 et
2255 425 2647 497 postmodum
2662 425 2904 497 jusserit
2923 426 3097 484 Pater
3117 431 3182 484 ut
3201 442 3340 484 eum
3363 424 3532 483 audi-

1867 519 2016 578 rent,
2057 512 2184 586 ipse
2224 529 2465 586 quoque
2517 514 3013 572 resurrectionem
3065 523 3200 589 post
3247 521 3364 574 tres
3401 514 3532 572 dies

1868 603 2222 674 promiserit,
2265 618 2373 658 nec
2430 602 2513 658 sic
2569 607 2773 658 tamen
2829 603 2979 660 ferre
3035 608 3376 676 potuerunt,
3421 602 3530 662 sed

1870 691 2190 748 contristati
2222 696 2378 758 sunt,
2412 695 2468 746 et
2491 705 2614 748 non
2640 695 2964 765 utcunque,
2993 693 3101 749 sed
3124 694 3529 751 vehementer.

1944 781 2062 835 Hoc
2102 784 2304 836 autem
2340 779 2563 836 factum
2595 784 2702 849 est,
2743 796 2813 836 eo
2843 781 3008 852 quod
3036 781 3382 852 ignorarent
3417 781 3531 839 vir-

1871 870 2057 924 tutem
2087 883 2296 924 eorum
2331 883 2468 940 qua;
2494 867 2866 932 dicebantur,
2897 868 3046 926 sicut
3075 871 3306 927 Marcus
3337 875 3395 928 et
3424 872 3531 927 Lu-

1871 971 1974 1012 cas
2015 956 2296 1012 dixerunt
2334 958 2404 1013 ὀ.
2445 959 2595 1014 Nam
2647 956 2742 1012 ille
2781 955 2930 1013 dixit
2966 957 3133 1030 quod
3161 959 3530 1029 Ignorabant

1871 1045 2132 1113 verbum,
2171 1053 2226 1104 et
2255 1044 2527 1102 timebant
2558 1060 2689 1102 eum
2719 1046 3114 1116 interrogare.
3147 1046 3249 1102 Hic
3279 1051 3481 1103 autem
3515 1060 3531 1103 :

1868 1133 1945 1188 Et
1983 1140 2116 1190 erat
2146 1133 2555 1191 absconditum
2585 1123 2661 1190 aii
2690 1135 2770 1191 eis
2798 1137 2859 1189 ut
2888 1150 3007 1191 non
3039 1134 3430 1206 intelligerent
3459 1135 3530 1192 il-

1873 1222 1999 1277 lud.
2037 1222 2244 1279 Divina
2283 1227 2482 1280 autem
2523 1223 2970 1295 dispensatione
3009 1222 3422 1282 occultabatur
3454 1223 3533 1281 ab

1870 1309 1986 1365 illis
2020 1311 2186 1378 verbi
2213 1312 2474 1383 cognitio
2502 1315 2792 1384 tanquam
2824 1312 2902 1368 ab
2931 1312 3311 1385 imperfectis,
3343 1317 3402 1370 et
3428 1311 3534 1384 qui

1869 1399 2131 1457 necdum
2160 1405 2439 1473 poterant
2466 1400 2544 1457 ad
2577 1400 3031 1473 supernaturale
3061 1401 3192 1473 ejus
3219 1404 3532 1473 penetrare

1871 1489 2247 1560 mysterium.

1941 1579 2156 1633 Verum
2187 1577 2236 1632 si
2263 1577 2414 1634 illud
2453 1577 2835 1649 ignorabant,
2865 1579 3176 1651 quomodo
3205 1575 3532 1636 contristati

187 1675 254 1730 06
303 1680 358 1729 τὸ
418 1682 521 1729 πᾶν
581 1676 823 1750 ἠγνόουν,
881 1677 1009 1732 ἀλλά
1061 1683 1181 1753 περὶ
1380 1685 1472 1732 τοῦ
1539 1679 1759 1733 θανάτου

1932 1668 2008 1722 [ιιι
2036 1665 2418 1724 vehementer
2433 1666 2464 1722 ?
2487 1669 2616 1724 Non
2647 1667 2888 1740 penitus
2914 1667 3292 1738 ignorabant,
3324 1667 3430 1724 sed
3453 1667 3531 1724 de

181 1765 327 1818 αὐτοῦ
374 1764 674 1836 ἐγίνωσκον,
743 1763 1009 1842 διαφόρως
1069 1767 1401 1835 ἀκούσαντες,
1457 1766 1532 1842 ἔφ’
1584 1769 1624 1840 ᾧ
1671 1773 1762 1822 καὶ

180 1855 498 1928 ἱλυμήθησαν
522 1852 732 1931 σφόδρα
753 1873 767 1888 °
797 1859 917 1932 περὶ
943 1853 1002 1910 δε
1028 1865 1127 1920 τῆς
1155 1857 1491 1921 ἀναστάσεως
1517 1858 1757 1930 ἠγνόουν.

179 1944 415 2006 Πολλάκις
462 1949 591 2020 γὰρ,
651 1949 741 1998 καὶ
790 1950 911 2022 περὶ
960 1949 1156 2009 rat-7:4;
1215 1946 1550 2016 ἀκούσαντες,
1621 1949 1762 2024 ὅμως

176 2033 261 2087 οὐκ
296 2032 557 2093 ἠδύναντο
592 2041 742 2104 νοεῖν,
782 2039 838 2088 τί
867 2033 1007 2088 ιστιν
1055 2036 1212 2095 αὕτη.
1245 2043 1315 2094 Φπ
1333 2041 1381 2090 τὶ
1417 2040 1519 2112 γὰρ
1551 2038 1576 2090 6
1604 2039 1759 2112 Μοίρ-

173 2142 255 2186 κος
290 2122 335 2176 ἓν
378 2122 577 2192 ἄλλοις,
623 2125 702 2178 ὃτι
754 2120 891 2184 ἦσαν
941 2124 1300 2193 συζητοῦντες,
1339 2130 1394 2180 τί
1436 2126 1550 2181 ἔστι
1593 2130 1651 2180 τό
1705 2125 1760 2180 ἐκ

170 2223 345 2287 νεκρῶν
443 2213 754 2274 ἀναστῆναι.
843 2213 1221 2289 ’Υπελοίμϐανον
1293 2218 1417 2293 γὰρ,
1515 2217 1596 2270 ὅτι
1672 2223 1762 2272 καὶ

166 2311 310 2356 τοῦτο
350 2302 626 2379 παραϐολή
674 2307 753 2366 τίς
806 2300 936 2358 ἔστι.
996 2309 1097 2360 Καὶ
1147 2307 1250 2383 γὰρ
1302 2307 1434 2380 μετὰ
1483 2310 1578 2366 τὴν
1639 2306 1760 2360 ἀνεξ-

163 2411 344 2446 στασιν
396 2389 657 2457 διήνοιξεν
703 2392 876 2446 αὐτῶν
921 2396 1010 2448 τὸν
1054 2401 1176 2448 νοῦν
1226 2401 1320 2449 τοῦ
1359 2399 1588 2450 συνιέναι
1642 2415 1762 2471 περι

154 2501 375 2538 παντων.

222 2665 368 2716 ΚΕΦ.
400 2659 526 2726 Ac’.
555 2665 680 2737 Περὶ
707 2667 812 2715 τῶν
839 2661 1115 2725 αἰτούντων
1137 2665 1204 2718 τὰ
1229 2659 1537 2739 διδραχμα.

230 2754 329 2804 Καὶ
356 2781 428 2792 -
455 2753 564 2807 ναί.
619 2753 687 2805 Οἱ
733 2756 1055 2826 πρωτότοκοι
1099 2760 1203 2807 τῶν
1237 2751 1488 2829 Ἐϐραίων
1527 2751 1762 2832 δίδραχ-

149 2857 248 2912 μον
309 2841 533 2902 ἕκαστος
583 2839 700 2894 κατ’
775 2839 1004 2895 ἐνιαυτὸν
1081 2841 1279 2897 ἕτὲλουν
1326 2852 1399 2917 τῷ
1470 2849 1578 2918 Θεῷ
1636 2847 1762 2920 πρὸς

152 2928 535 3002 εὐχαριστίαν,
599 2929 710 2982 ἀνθ’
762 2929 833 2982 ὧν
907 2929 1249 3009 ἔξωλόθρευσε
1295 2933 1456 2988 πάλαι
1527 2937 1591 2988 τά
1661 2942 1761 2987 τῶν

1868 1759 2060 1812 morte
2089 1755 2215 1828 ejus
2241 1755 2672 1828 intelligebant,
2700 1771 2838 1813 cum
2871 1755 2946 1813 de
2971 1773 3043 1814 ea
3072 1756 3290 1830 saepius
3329 1756 3531 1814 audis-

1869 1847 2024 1913 sent,
2063 1848 2122 1900 et
2158 1843 2234 1901 de
2271 1843 2387 1902 hac
2425 1843 2762 1902 contristati
2805 1849 2944 1901 sunt
2977 1844 3354 1902 vehementer
3393 1861 3407 1902 :
3454 1845 3531 1904 de

1867 1933 2298 1990 resurrectione
2312 1949 2454 1991 vero
2480 1933 2860 2004 ignorabant,
2885 1933 2960 1990 de
2979 1949 3102 2006 qua
3120 1934 3298 1992 etiam
3312 1933 3531 2008 sapius

1867 2021 2201 2090 audierant,
2236 2037 2345 2079 nec
2373 2027 2578 2080 tamen
2615 2027 2892 2096 poterant
2929 2021 3255 2094 intelligere
3285 2021 3431 2096 quid
3459 2039 3532 2081 ea

1868 2116 2087 2168 essent.
2124 2111 2269 2170 Dicit
2299 2111 2460 2169 enim
2489 2105 2717 2168 Marcus
2746 2112 2898 2169 inter
2929 2109 3062 2178 alia,
3093 2111 3261 2185 quod
3289 2112 3534 2186 conqui-

1865 2199 2080 2257 rebant
2108 2201 2260 2259 inter
2291 2217 2354 2258 se
2384 2199 2535 2275 quid
2563 2205 2739 2271 esset,
2780 2217 2815 2258 a
2844 2200 3095 2258 mortuis
3123 2216 3430 2271 resurgere
3459 2203 3530 2258 ²¹.

1867 2288 2341 2362 Suspicabantur
2365 2305 2632 2378 namque
2657 2291 2814 2347 hanc
2839 2291 3016 2348 etiam
3045 2289 3379 2364 quamdam
3403 2307 3534 2349 esse

1866 2377 2242 2452 parabolam.
2259 2379 2572 2453 Siquidem
2583 2382 2718 2453 post
2734 2381 3230 2438 resurrectionem
3241 2382 3288 2417 “
3303 2379 3535 2454 aperuit

1870 2471 2134 2612 militem
2154 2467 2412 2538 illorum,
2440 2471 2507 2526 ut
2531 2468 2924 2541 intelligerent
2949 2469 3282 2542 Scripturas
3305 2471 3381 2527 de
3405 2485 3534 2528 om-

1870 2570 1930 2612 m
1980 2573 2069 2612 us.
2976 2567 2978 2569 ’

1869 2567 2069 2613 nibus.
2976 2567 2978 2569 ’

2014 2647 2166 2703 CAP.
2209 2646 2435 2706 XXXVI.
2474 2648 2563 2706 De
2599 2647 2969 2720 exigentibus
3006 2647 3388 2706 didrachma.

1939 2734 2108 2794 Vers.
2148 2736 2238 2794 24.
2276 2736 2352 2792 Et
2381 2751 2514 2794 cum
2545 2737 2858 2794 venissent.
2888 2769 2956 2778 —
2986 2735 3153 2794 Vers.
3193 2738 3282 2792 25.
3325 2739 3526 2794 etiam.

1869 2823 2251 2896 Primogeniti
2281 2841 2495 2882 omnes
2527 2825 2929 2883 Habrmorum
2957 2824 3206 2896 singulis
3238 2825 3411 2882 annis
3441 2823 3531 2882 di-

1871 2913 2166 2971 drachma
2205 2914 2553 2987 pendebant
2579 2916 2699 2973 Deo
2729 2917 2788 2972 in
2830 2915 3159 2987 gratiarum
3189 2914 3483 2972 actionem
3515 2929 3528 2968 :

151 3001 460 3090 Αἰγυπτίων
546 3023 873 3095 πρωτότοκα.
939 3001 1104 3075 Ἐπεὶ·
1136 3022 1225 3076 οὖν
1295 3027 1385 3077 καὶ
1451 3025 1477 3077 6
1535 3027 1759 3101 Χριστὸς

1932 3019 1943 3057 ν
1969 3003 2132 3101 quod
2156 3002 2301 3101 olim
2322 3001 2737 3077 Egyptiorum
2759 3005 3158 3077 primogenita
3172 3002 3531 3101 perdiderat:

153 3113 494 3182 πρωτότοκος
551 3105 632 3181 ἦν,
695 3110 836 3182 αὐτῷ
885 3112 976 3185 μεν
1033 3111 1082 3164 οἱ
1138 3110 1536 3187 ἔπισυνοίγοντες
1598 3122 1766 3170 ταῦτα

152 3197 462 3266 προσελθεῖν
543 3197 942 3270 ηὐλαϐήθησαν,
1011 3208 1261 3274 τιμῶντες
1324 3203 1480 3256 αὐτὸν
1542 3201 1635 3258 διὰ
1698 3206 1766 3259 τὰ

156 3295 353 3359 σημεῖα
386 3305 402 3319 ο
436 3296 511 3360 τῷ
545 3293 724 3364 Πέτρῳ
756 3285 818 3342 δι
844 3288 1044 3360 λοιπὸν,
1091 3294 1155 3354 ὡς
1207 3297 1474 3368 κορυφαίῳ
1519 3302 1620 3348 τῶν
1665 3316 1763 3369 μα-

153 3376 347 3445 θητῶν,
425 3381 840 3454 προσέρχονται,
897 3383 988 3433 καὶ
1053 3380 1148 3434 οὐκ
1230 3380 1562 3450 ἀπαιτοῦσιν,
1637 3382 1766 3438 ἀλλά

150 3468 280 3535 μετά
340 3471 643 3541 πραότητος
691 3466 971 3543 ἐρωτῶσιν.
1029 3467 1187 3524 Ἐστι
1239 3467 1300 3526 δε
1345 3475 1404 3527 τὸ
1457 3469 1763 3548 δίδραχμον

146 3551 282 3614 εἶδος
312 3554 602 3633 ἀργυρίου.

215 3737 325 3785 Καὶ
394 3733 481 3785 ὅτε
537 3732 770 3792 εἰσῆλθεν
827 3766 894 3776 -
939 3734 1260 3811 ἀλλοτρίων,
1309 3743 1417 3816 Πρὸ
1467 3748 1560 3794 τοῦ
1606 3741 1764 3796 εἰπεῖν

135 3824 227 3872 τὸν
279 3828 488 3895 Πέτρον
539 3827 658 3896 περὶ
696 3829 788 3877 τοῦ
829 3820 1165 3902 διδροὶχμου,
1221 3827 1497 3904 προέλαϐεν
1544 3830 1699 3885 αὐτὸν
1739 3833 1765 3885 6

139 3915 416 3981 Χριστὸς,
456 3911 741 3985 ἐμφαίνων,
773 3915 854 3967 ὅτι
877 3914 935 3967 οὗ
968 3912 1136 3968 δεῖται
1170 3916 1296 3993 παρ’
1342 3917 1516 3996 ἐτέρου
1560 3924 1765 3996 μαθεῖν,

145 3996 308 4062 εἰδὼς
354 4000 419 4052 οὗ
463 4004 533 4054 τὰ
569 4001 858 4076 λαλούμενα
904 4010 1076 4080 μόκον,
1139 4004 1267 4058 ἀλλὰ
1309 4011 1400 4061 καὶ
1452 4011 1519 4063 τά
1564 4009 1766 4066 ἐννοού-

140 4109 299 4163 μενα.
378 4093 479 4144 Διὰ
561 4089 989 4168 παραδείγματος
1056 4092 1115 4146 δὲ
1195 4093 1584 4172 ἀποδείκνυσιν,
1664 4102 1765 4169 ὅτι,

139 4184 382 4250 γνήσιος
450 4182 578 4242 Υἱός
638 4181 706 4233 ὢν
753 4188 845 4234 τοῦ
901 4187 1055 4251 Θεοῦ,
1114 4183 1208 4237 οὐκ
1258 4185 1444 4259 ὀφείλει
1498 4188 1656 4242 τελεῖν
1699 4191 1768 4262 τῷ

141 4274 326 4342 Πατρὶ
359 4272 425 4321 τό
475 4265 808 4344 δίδραχμον.
846 4273 914 4329 Oi
950 4291 1052 4346 ⁶γαρ
1089 4271 1328 4346 βασιλεῖς
1375 4276 1469 4329 οῦκ
1511 4277 1613 4332 ἀπὸ
1667 4288 1769 4333 τῶν

132 4362 392 4429 γνησίων
419 4361 569 4425 υἱῶν,
609 4357 718 4410 ἀλλ’
748 4357 852 4414 ἀπὸ
881 4369 982 4414 τῶν
1027 4360 1306 4437 ἀλλοτρίων
1333 4365 1452 4426 τέλη
1500 4369 1532 4426 ἦ
1577 4376 1769 4428 κῆνσον
1799 4375 1846 4431 D

133 4447 513 4519 λαμϐάνουσι.
552 4451 621 4501 T6
652 4447 780 4502 αὐτὸ
807 4445 868 4502 δι
889 4449 1092 4524 λίγεται
1115 4457 1206 4506 καὶ
1225 4453 1367 4519 τέλος
1385 4443 1392 4454 ί
1409 4460 1500 4510 καὶ
1526 4465 1724 4523 κῆνσος
1749 4477 1765 4492 ⁶

139 4537 302 4598 τῆος
341 4540 438 4608 μὲν
473 4537 597 4590 κάθ·
637 4537 902 4608 Ἕλληνας,
943 4549 1138 4606 κῆνσος
1185 4539 1247 4598 δι
1285 4547 1423 4600 κατὰ
1466 4545 1766 4621 Ῥωμαίους.

223 4775 392 4841 Λέγει
442 4800 515 4811 —
575 4769 694 4826 νὶοί.
750 4772 821 4826 T6
869 4771 972 4847 ἄρα
1035 4773 1151 4847 (56)
1219 4773 1334 4836 ἀντὶ
1388 4785 1502 4845 τοῦ,
1570 4779 1767 4838 λοιπόν.

144 4857 456 4934 ’ΰτᾶθεροι
490 4855 552 4913 δε
573 4867 668 4913 τοῦ
693 4856 882 4914 δοῦναι
907 4861 1026 4920 τέλη
1056 4863 1087 4922 ἣ
1114 4871 1330 4924 κῆνσον.

221 5064 280 5101 ⁸⁸
301 5065 471 5122 lare
500 5081 578 5132 ιι,
608 5069 713 5134 32;
745 5067 887 5125 Luc.
915 5085 990 5134 ix,
1021 5071 1114 5126 45.
1223 5071 1270 5107 ﬂ
1310 5073 1484 5130 Marc.
1513 5088 1590 5142 ix,
1624 5077 1709 5131 to.

1873 3091 2024 3158 Quia
2061 3106 2202 3164 ergo
2243 3091 2508 3148 Christus
2547 3093 2727 3150 etiam
2773 3094 3210 3166 primogenitus
3250 3097 3391 3160 erat,
3428 3091 3534 3166 qui

1872 3181 2001 3236 haec
2022 3180 2494 3252 congregabant,
2522 3181 2600 3238 ad
2623 3182 2828 3253 ipsum
2853 3181 3099 3254 quidem
3129 3181 3409 3238 accedere
3437 3197 3574 3256 ve-_

1871 3268 2178 3338 rebantur,
2216 3270 2585 3328 honorantes
2623 3285 2764 3326 eum
2793 3274 3039 3343 propter
3067 3269 3359 3327 miracula
3399 3285 3412 3324 :
3453 3271 3534 3328 ad

1872 3358 2119 3418 Petrum
2148 3363 2351 3417 autem
2381 3362 2670 3433 tanquam
2696 3358 3025 3432 principem
3051 3359 3181 3430 jam
3211 3358 3537 3431 discipulo-

1871 3465 2007 3506 rum
2027 3448 2321 3507 accedunt
2342 3471 2355 3505 :
2374 3463 2486 3506 nec
2501 3449 2764 3520 exigunt,
2789 3448 2896 3505 sed
2909 3463 3051 3506 cum
3071 3447 3535 3506 mansuetudine

1870 3537 2259 3610 interrogant.
2287 3539 2389 3595 Est
2417 3541 2615 3595 autem
2648 3536 3071 3596 didrachmum
3093 3550 3282 3609 genus
3304 3536 3535 3594 numis—

1875 3627 2076 3684 matis.

1943 3718 2103 3772 Vers.
2153 3719 2241 3772 25.
2297 3715 2568 3789 Cumque
2615 3717 2918 3788 ingressus
2968 3723 3114 3774 esset
3163 3747 3231 3758 —
3277 3715 3541 3774 alienis?

1873 3804 2233 3878 Priusquam
2263 3803 2606 3878 loqueretur
2635 3806 2842 3862 Petrus
2873 3805 2948 3862 de
2978 3804 3354 3871 didrachmo,
3392 3819 3537 3879 prm-

1873 3893 2033 3950 venit
2069 3909 2208 3950 eum
2240 3893 2433 3961 Jesus,
2467 3893 2890 3951 demonstrans
2920 3909 3043 3951 non
3073 3908 3230 3967 opus
3257 3908 3390 3951 esse
3427 3892 3542 3950 sibi

1874 3985 1942 4038 ut
1977 3980 2056 4037 ab
2093 3981 2210 4038 alio
2249 3981 2520 4048 disceret,
2576 3999 2715 4040 cum
2763 3984 2936 4040 sciret
2972 3997 3096 4040 non
3136 3986 3368 4040 tantum
3403 3997 3540 4056 quas

1876 4069 2247 4135 dicebantur,
2287 4085 2502 4127 verum
2549 4069 2731 4128 etiam
2775 4086 2912 4144 quae
2959 4071 3398 4143 cogitabantur.
3436 4069 3542 4128 Per

1875 4156 2220 4228 exemplum
2265 4158 2773 4216 autem'ostendit
2819 4159 3007 4231 quod,
3055 4174 3195 4216 cum
3242 4157 3539 4216 naturalis

1877 4247 1953 4303 sit
1988 4245 2090 4301 Dei
2132 4246 2330 4314 Filius,
2383 4262 2506 4304 non
2555 4247 2736 4304 debet
2771 4247 3032 4320 pendere
3071 4247 3222 4304 Patri
3259 4244 3540 4304 didrach-

1877 4351 2068 4394 mum.
2128 4338 2278 4393 Nam
2327 4351 2500 4408 reges
2546 4351 2668 4394 non
2715 4353 2753 4393 a
2791 4336 3050 4410 propriis
3093 4335 3254 4405 ﬁliis,
3297 4335 3403 4391 sed
3457 4334 3538 4391 ab

1877 4426 2086 4484 alienis
2125 4425 2415 4482 tributum
2446 4426 2537 4482 vel
2567 4441 2818 4483 censum
2854 4425 3177 4498 accipiunt.
3222 4425 3390 4484 Idem
3429 4439 3540 4481 au-

1877 4522 1997 4572 tem
2036 4514 2378 4585 signiﬁcant
2413 4513 2556 4576 τέλος
2594 4515 2785 4588 (quod
2816 4514 3102 4572 tributum
3137 4513 3446 4587 vertimus)
3483 4517 3542 4572 et

1877 4612 2070 4668 κῆνσος
2109 4620 2316 4662 census
2359 4621 2370 4658 :
2407 4605 2512 4661 sed
2545 4604 2691 4661 illud
2723 4604 2889 4678 apud
2923 4605 3173 4671 Grecae,
3217 4603 3334 4662 hoc
3373 4603 3540 4677 apud

1880 4697 2204 4753 Romanos.

1949 4785 2116 4840 Vers.
2153 4786 2242 4840 26.
2285 4782 2440 4840 Dicit
2477 4814 2546 4825 -—
2571 4783 2704 4854 ﬁlii.
2737 4788 2893 4858 "Aput,
2933 4783 3068 4840 loco
3102 4782 3439 4857 reliquum;
3474 4783 3542 4840 li-

1877 4871 2006 4928 beri
2045 4875 2270 4942 autem,
2307 4886 2383 4928 ne
2412 4872 2684 4946 pendant
2713 4871 3005 4930 tributum
3034 4871 3128 4930 vel
3159 4886 3430 4930 censum.

1820 5077 1871 5112 ²⁸
1903 5076 2042 5135 Luc.
2071 5092 2228 5149 xxxv,
2255 5077 2346 5133 45.

1395 5305 1619 5374 Variae
1651 5305 1980 5376 lectiones
2021 5317 2089 5375 et
2119 5316 2321 5377 notae.

240 5519 356 5588 ss)
394 5518 644 5590 Ἐγίνετο,
676 5524 744 5576 Α.
1599 5551 1602 5554 ρ

241 5592 354 5663 56)
387 5592 666 5667 Quinque
689 5595 890 5668 priora
915 5593 1210 5654 vocabula
1236 5597 1522 5656 omiserat
1549 5601 1889 5657 Hentenius.
1925 5599 2116 5658 Etiam
2146 5600 2491 5673 proximum
2524 5597 2608 5656 δέ.
