3906 6202
173 271 261 328 497

1072 268 1437 327 COMMENT.
1478 271 1550 326 IN
1588 269 2017 328 ΜΛΤΤΗΕΗΜ.
2055 305 2124 316 ——
2153 274 2309 334 CAP.
2352 276 2554 336 XVIII.

3374 290 3480 346 498

238 402 320 450 Καὶ
353 390 546 448 δοκοῦσι
573 395 666 466 μὲν
694 392 980 468 ἐρωτῆσαι,
1011 401 1130 469 περὶ
1174 395 1234 448 οὗ
1279 394 1574 468 ἐγίνωσκον·
1609 395 1696 448 οῦκ

1887 398 2177 457 Videntur
2205 407 2406 460 autem
2435 403 2511 460 de
2538 420 2604 460 eo
2631 405 2998 480 interrogare
3023 412 3182 482 quod
3210 412 3340 484 jam
3369 430 3477 471 no-

172 488 267 538 ἓστι
291 479 339 536 δὲ
361 491 506 544 τοῦτο,
544 486 644 535 Καὶ
671 484 796 557 γὰρ,
831 485 910 536 ὅτι
940 487 1030 556 μὲν
1069 483 1152 537 ἐπὶ
1199 493 1294 546 τῆς
1321 491 1421 556 γῆς
1452 485 1478 536 ὁ
1510 489 1702 558 Πέτρος

170 576 478 648 προτετίμηται
505 573 722 641 τούτων,
754 569 954 648 ᾔδεσαν
985 571 1037 636 ἐξ
1066 574 1136 624 ὧν
1178 572 1402 626 ἔϐλεπον·
1437 572 1700 628 ἐϐούλοντο

162 658 212 714 a’r
231 658 458 732 μαθιῢι,εί
480 664 568 714 καί
593 659 645 714 ἓν
672 661 872 735 οὐρανῷ
897 664 1371 736 προτιμηθήσεται.
1403 663 1562 716 Ἀ).λά
1589 668 1701 717 τότε

157 752 229 822 μὲν
255 748 477 820 ἤλγησαν,
508 753 696 822 τέσιειοι
725 747 786 804 δὲ
814 754 1097 825 γινόμενοι,
1128 759 1227 804 τῶν
1252 755 1515 828 πρωτείων
1545 751 1697 812 ἀλλὴ-

159 840 244 904 λοις
269 844 606 914 παρεχώρουν.

215 1076 295 1126 Καὶ
340 1101 406 1112 -
444 1071 638 1130 αὐτῶν.
673 1075 889 1147 Μάρκος
933 1069 992 1126 δε
1033 1092 1211 1146 φησιν,
1263 1074 1345 1127 ὅτι
1393 1077 1494 1128 Καὶ
1545 1072 1697 1146 ἐναγ-

163 1161 440 1234 καλισάμενος
507 1162 659 1228 αῦτό,
736 1161 872 1216 εἶπεν
929 1163 1121 1225 αὐτοῖς’
1184 1169 1393 1225 Λουκᾶς
1457 1159 1535 1228 δε,
1615 1165 1698 1218 ὅτι

162 1249 354 1308 ‘Emm
384 1250 504 1304 αῦτό
547 1251 676 1326 παρ’
720 1251 907 1322 ἑαυτῷ,
943 1254 1117 1305 Πάντα
1159 1249 1219 1306 δε
1254 1257 1518 1325 γεγόνασι.
1554 1261 1700 1328 Πρῶ-

158 1359 224 1391 τον
263 1342 336 1412 μεν
380 1343 476 1416 γὰρ
535 1343 758 1400 ἔστησεν
825 1341 950 1394 αὖτό
1006 1340 1057 1394 ἔν
1112 1345 1256 1415 μέσῳ
1303 1341 1497 1394 αὐτῶν*
1563 1339 1692 1408 εἶτα,

149 1428 246 1502 καθ’
278 1428 441 1501 ἐαυτῷ,
498 1432 680 1483 ἔπειτα
717 1429 1094 1502 ένηγκαλίσατο
1131 1431 1277 1486 αὐτὸ.
1338 1429 1582 1484 Βούλεται
1635 1428 1694 1485 δὲ

144 1513 215 1570 διὰ
238 1526 316 1570 τοῦ
345 1521 471 1572 κατὰ
519 1522 584 1572 τὸ
619 1516 835 1572 παιδίον
878 1517 1309 1593 παραδείγματος
1354 1519 1692 1574 καταστεῖλαι

140 1609 182 1658 τὸ
203 1609 343 1670 πίθος
367 1608 557 1664 αὐτῶν.

192 1702 273 1750 Καὶ
299 1727 360 1739 --
385 1698 644 1770 οὐρανῶν,
681 1696 847 1771 ’Υμείς
875 1700 964 1771 μὲν
991 1703 1109 1774 περὶ
1138 1707 1230 1751 τοῦ
1271 1697 1321 1751 έν
1346 1706 1410 1772 τῇ
1441 1697 1688 1773 βασιλείᾳ

137 1794 214 1837 τῶν
245 1786 451 1860 οὐρανῶν
478 1791 746 1863 πρωτείου
775 1788 1112 1841 πυνθάνεσθε·
1165 1787 1264 1860 ἑγὼ
1293 1783 1353 1841 δὲ
1380 1787 1512 1860 λέγω
1541 1790 1684 1862 ὑμῖν,

135 1877 212 1942 ὅτι,
238 1875 309 1929 ἐὰν
336 1882 402 1949 μὴ
441 1885 715 1951 στραφῆτε
744 1875 846 1930 ἀπὸ
878 1884 972 1939 τῆς
1000 1882 1251 1950 πονηρίας
1283 1876 1366 1930 ἐπὶ
1395 1881 1454 1930 τὸ
1485 1876 1684 1941 ἁπόνη-

130 1983 215 2037 ρον,
252 1972 326 2018 καὶ
353 1968 580 2039 γένησθε
621 1968 832 2036 ἄκακοι,
863 1969 934 2028 ὡς
959 1968 1025 2019 τὰ
1053 1962 1266 2033 παιδία,
1316 1963 1440 2020 οὐδὲ
1470 1966 1687 2020 εἰσελεύ-

132 2056 252 2107 «ei:
283 2054 394 2117 ὅλως
423 2055 546 2128 (61)
579 2057 650 2119 είς
681 2055 868 2115 αὐτὴν.

183 2146 239 2195 Τό
281 2148 373 2217 γὰρ
445 2141 672 2198 παιδίον
727 2143 838 2199 ἔστὶ
906 2149 996 2218 μέν
1065 2144 1279 2215 ἁπλοῦν,
1357 2143 1682 2220 ἀπερίεργον,

130 2228 400 2300 ἀκηόδοξον,
449 2233 674 2306 ἄτυφονσ
721 2232 1045 2294 ἀπήλλακται
1103 2230 1163 2288 δέ
1223 2233 1538 2307 βασκανίας,
1597 2239 1682 2288 καί

130 2320 410 2390 ζηλοτυπίας,
452 2327 549 2376 καὶ
583 2323 977 2396 φιλοπρωτείας,
1021 2327 1114 2377 καὶ
1157 2320 1353 2400 ῆοιδος,
1381 2328 1472 2376 καὶ
1512 2323 1682 2386 ἁπλῶς

125 2409 263 2477 εἰπεῖν,
314 2411 574 2488 ἐλεύθερόν
640 2411 756 2466 ἐστι
804 2416 992 2474 παντὸς
1042 2419 1406 2487 προαιρετικοῦ
1457 2414 1678 2480 πάθους,

121 2499 192 2548 οὐκ
248 2499 294 2563 ἐξ
351 2500 656 2569 ἀσκήσεως,
713 2500 824 2554 ἀλλ’
878 2500 931 2565 ἒξ
985 2500 1239 2575 ἀφελείας.
1313 2504 1375 2554 Εἴ
1439 2521 1519 2564 τις
1589 2503 1678 2554 οὖν

122 2583 329 2659 ἀπέχεται
387 2599 485 2643 τῶν
541 2599 922 2665 προαιρετικών
984 2593 1186 2661 παθῶν,
1236 2595 1438 2663 γίνεται
1489 2592 1555 2651 ὡς
1611 2592 1678 2643 τὰ

121 2674 291 2743 παιδία,
314 2685 575 2753 κτώμενος
603 2675 639 2733 δ
644 2679 680 2733 ι’
705 2677 1001 2743 ἀσκήσεως,
1028 2679 1377 2753 ἂπερ’ἕχουσι
1394 2681 1462 2733 τὰ
1481 2676 1677 2733 παιδία

122 2763 165 2826 ὶξ
186 2763 352 2839 ἆγελεία
358 2791 396 2832 ς.

171 2853 319 2919 Ὀστις
365 2889 429 2901 -
477 2859 742 2936 οὐρανῶν.
801 2855 984 2919 Ὀστις
1036 2856 1152 2911 λίάν
1203 2861 1498 2931 ταπεινώσῃ
1557 2857 1674 2911 ἑαυ-

115 2949 181 2994 τόν
204 2945 445 3018 ἑκουσίως,
498 2952 576 3009 ὡς
611 2949 673 3001 τὸ
714 2943 930 3001 παιδίον
958 2954 1111 3001 τοῦτο
1149 2946 1259 3001 λίαν
1306 2951 1673 3001 τεταπείνωται

113 3030 348 3100 ἑοιονσίως.
395 3043 509 3114 Χρή
569 3039 671 3112 γὰρ
715 3039 992 3111 μιμεῖσθαι
1034 3039 1092 3091 τὸ
1136 3033 1372 3102 παιδίον,
1411 3037 1437 3089 ὃ
1481 3035 1673 3099 πολλὰς

114 3123 226 3192 ἔχον,
264 3127 327 3189 ὡς
373 3130 608 3202 εἴρηται,
665 3124 850 3200 ἀρετὰς
893 3124 972 3180 ἔπ’
1018 3123 1245 3200 οὐδεμιᾷ
1284 3128 1478 3180 τούτων
1525 3131 1671 3179 επαί-

108 3230 234 3281 sum.

165 3307 246 3355 Καὶ
269 3334 333 3346 -—
361 3301 609 3377 δέχεται.
647 3309 748 3359 Καὶ
787 3303 929 3365 ὅστις
957 3305 1020 3357 ἄν
1065 3299 1394 3376 ξενοδοχὴση
1448 3301 1664 3358 παιδίον

106 3397 290 3444 τοιοῦτον
339 3395 408 3462 ἓν,
465 3394 584 3448 οἷον
639 3391 803 3461 εἷπον,
860 3393 1044 3465 ἤγουν,
1092 3393 1180 3446 ἕνα
1225 3395 1346 3448 τινὰ
1375 3397 1662 3466 γενόμενον,

106 3478 155 3536 ὣς
187 3477 378 3534 παιδίον
427 3489 694 3549 τοιοῦτον,
748 3480 878 3554 λέγω
927 3477 996 3542 δὴ
1044 3484 1301 3551 ταπεινὸν,
1345 3485 1434 3535 καὶ
1463 3481 1660 3549 εὐτελῆ,

103 3570 170 3618 καὶ
187 3565 561 3646 ἀπερριμμένον,
593 3573 670 3626 Τό
697 3567 775 3637 δι,
804 3568 888 3624 ἐπὶ
917 3577 990 3642 τῷ
1020 3569 1236 3644 ὀνόματί
1263 3589 1388 3644 μου,
1411 3570 1526 3624 ἀντι
1545 3579 1658 3640 τοῦ,

101 3650 158 3706 δι’
180 3655 273 3729 ἐμὲ,
298 3655 388 3712 διὰ
412 3663 470 3713 τὸ
507 3657 646 3714 εἶναι
681 3662 768 3714 τὸν
796 3667 1028 3714 τοιοῦτον
1053 3658 1195 3733 ἐμόν,

152 3849 270 3924 Ὀρα
293 3850 366 3925 δέ,
397 3860 564 3909 πόσον
614 3855 754 3928 φιλεῖ
787 3857 874 3908 τὸν
911 3861 1167 3911 τοιοῦτον.
1220 3855 1280 3908 '0
1322 3863 1501 3910 τοῦτον
1531 3860 1656 3933 γὰρ,

105 3943 230 4007 μοι,
274 3939 550 4017 δεχόμενος
593 3943 686 4016 ἔμε
735 3939 974 4017 δέχεταιο
1017 3946 1231 4018 Μάρκος
1286 3945 1345 3999 ὸε
1393 3949 1658 4020 προσέθη-

100 4044 186 4091 κεν,
211 4028 279 4082 ὅτι
309 4038 402 4087 Καὶ
431 4036 488 4097 ὃς
518 4035 610 4087 ἐὰν
642 4033 730 4107 ἐμὲ
757 4029 995 4103 δέξηται,
1026 4033 1122 4088 οὐκ
1151 4033 1242 4108 έμέ
1267 4031 1504 4108 δέχεται,
1531 4035 1662 4090 ἀλλὰ

100 4118 172 4166 ’ὸν
194 4116 544 4176 ἀποστείλαντά
571 4141 662 4196 με.

159 4204 281 4262 Ἐστι
327 4208 384 4265 δε
435 4214 463 4265 ὁ
515 4219 642 4275 νοῦς
698 4219 799 4264 τῶν
849 4210 975 4264 ὅλων
1032 4212 1204 4287 ῥητῶν
1272 4220 1522 4280 τοιοῦτος,
1581 4214 1661 4268 ὅτι

97 4293 172 4354 ’ος
211 4298 264 4348 ἄν
311 4298 637 4365 ὑποδέξηται
686 4303 774 4353 τὸν
845 4305 1112 4375 γενόμενον
1168 4304 1236 4366 ὡς
1289 4299 1524 4371 παιδίον,
1584 4300 1658 4357 δι’

96 4379 254 4438 ἐκείνου
299 4393 383 4461 μέν
433 4389 525 4464 ἐμὲ
573 4386 920 4463 ὑποδέχεται,
975 4386 1050 4444 δι’
1103 4389 1228 4465 έμοῦ
1283 4389 1344 4446 δε
1395 4395 1483 4446 τὸν
1533 4391 1658 4446 ἆτο-

99 4566 224 4614 οῦταί
261 4569 342 4625 τὴν
386 4567 454 4630 εἰς
497 4567 596 4642 ἐμὲ
642 4571 822 4640 τιμὴν,
871 4565 972 4640 ἕγὼ
1021 4565 1082 4622 δε
1129 4575 1224 4630 τὴν
1270 4570 1338 4632 εἰς
1378 4574 1466 4624 τὸν
1517 4576 1658 4642 γενόο

96 4667 220 4717 μενον
244 4657 304 4716 ὡς
327 4653 565 4711 παιδίον.

151 4744 203 4793 τὶ
241 4742 320 4795 οὖν
361 4749 760 4822 μακαριώτερον
813 4749 1058 4809 τοιαύτης
1112 4744 1415 4822 ὑποδοχῆς,
1466 4747 1540 4803 δι’
1597 4751 1656 4813 ἧς

100 4825 370 4904 ὑποδίχεταί
411 4855 495 4897 τις
548 4839 649 4893 τὴν
690 4840 953 4909 μακαρίαν
998 4833 1244 4910 Τριάδάι
1298 4837 1359 4891 Εἰ
1407 4837 1509 4912 γὰρ
1566 4841 1654 4892 τὸν

103 4915 198 4967 rte.
236 4926 311 4974 καὶ
362 4927 447 4977 τὸν
511 4927 744 4998 Πατέρα,
800 4928 1005 4990 πάντως
1060 4932 1151 4980 καὶ
1217 4930 1276 4981 τὸ
1333 4934 1543 5002 Πνεῦμα
1595 4933 1652 4983 τὸ

96 5002 219 5074 ἄγων
250 5011 366 5084 (62)-
417 5012 733 5090 ἀχώριστος
777 5016 878 5089 γὰρ
923 5017 954 5076 ἠ
1011 5017 1124 5070 θεία
1165 5019 1349 5091 Τριάς.
1395 5019 1555 5072 Οὔπω
1596 5015 1656 5074 δε

93 5098 244 5170 καιρὸς
289 5096 347 5159 ἦν
412 5109 713 5162 τηνικαῦτα
762 5099 981 5168 διδάξαι
1035 5109 1126 5160 καὶ
1177 5110 1292 5180 περὶ
1347 5114 1440 5162 τοῦ
1497 5107 1652 5182 ἁγίου

93 5187 363 5258 Πνεύμιτος.

145 5360 185 5398 ⁸
206 5363 367 5424 lare.
398 5383 481 5437 1x,
509 5371 606 5426 36.
630 5371 679 5408 "
703 5369 824 5429 Luc
844 5387 925 5439 rx,
953 5374 1044 5430 47.
1075 5372 1122 5410 ³⁷
1150 5371 1328 5432 Marc.
1353 5375 1434 5443 ix,
1463 5377 1556 5436 37.

1812 492 2040 558 verant,
2071 505 2193 548 non
2227 495 2430 549 tamen
2462 496 2548 551 est
2604 493 2702 550 ita.
2755 496 3062 571 Siquidem
3093 516 3165 558 ex
3195 502 3290 559 his
3336 519 3473 576 quae

1811 575 2115 646 videbant,
2141 579 2409 638 sciebant
2431 582 2599 655 quod
2629 582 2690 639 in
2716 587 2873 644 terra
2911 589 3118 645 Petrus
3179 591 3291 648 sibi
3325 575 3474 665 prae-

1809 671 2167 736 poneretur;
2217 669 2502 728 volebant
2551 675 2756 729 antem
2822 677 2990 743 scire,
3059 685 3257 736 utrum
3300 681 3472 738 etiam

1807 754 1867 841 in
1898 755 2048 811 coelo
2097 757 2611 829 praahonorandus
2651 767 2824 822 esset.
2878 765 2994 822 Sed
3027 769 3169 824 tunc
3221 770 3470 841 quidem

1808 840 1882 896 de
1911 842 2005 898 his
2030 844 2318 904 dolebant
2351 864 2600 907 :verum
2643 854 3037 925 postmodum
3089 840 3250 913 cum
3276 857 3470 915 effecti

1808 936 2003 990 essent
2051 934 2311 1007 perfecti,
2334 938 2563 1010 primos
2601 939 2859 998 honores
2896 942 3154 1001 invicem
3179 947 3469 1004 concede-

1811 1019 1988 1080 bant.

1877 1111 2042 1168 Vers.
2096 1115 2150 1169 2.
2191 1115 2267 1170 Et
2317 1145 2388 1158 —
2430 1116 2685 1176 illorum.
2723 1122 2954 1178 Marcus
2996 1125 3199 1180 autem
3242 1124 3344 1181 ait.
3385 1127 3466 1182 Et

1805 1201 2180 1270 amplexatus
2203 1205 2374 1262 illum
2394 1205 2548 1264 dixit
2571 1207 2653 1265 eis
2673 1209 2725 1244 'l‘
2752 1227 2767 1278 ;
2796 1211 2983 1267 Lucas
2997 1225 3136 1268 vero
3156 1213 3323 1285 quod
3340 1215 3464 1271 Sta-

1807 1289 1919 1345 tuit
1949 1305 2080 1348 eum
2095 1295 2277 1362 juxta
2305 1309 2365 1352 se
2388 1295 2458 1352 '°.
2498 1297 2715 1354 Omnia
2737 1303 2938 1356 autem
2968 1299 3126 1358 facta
3155 1305 3312 1358 sunt.
3338 1302 3462 1360 Pri-

1804 1393 1972 1436 mum
1988 1381 2284 1454 siquidem
2298 1384 2506 1442 statuit
2517 1400 2658 1442 eum
2673 1386 2735 1443 in
2748 1387 2946 1445 medio
2960 1387 3197 1446 illorum
3215 1407 3228 1458 ;
3245 1391 3462 1449 deinde

1796 1468 1971 1539 juxta
2000 1487 2082 1538 se,
2124 1473 2517 1544 postmodum
2561 1476 2941 1547 amplexatus
2970 1483 3059 1535 est
3095 1478 3284 1536 illum.
3328 1482 3461 1538 Vult

1798 1563 2000 1615 autem
2030 1575 2132 1632 per
2150 1562 2494 1634 exemplum
2507 1564 2581 1621 de
2601 1580 2791 1637 puero
2814 1566 3026 1624 sedare
3045 1567 3457 1628 huncillorum

1797 1647 2074 1706 affectum
2089 1694 2104 1709 .

1719 1747 1766 1806 Β
1867 1737 2024 1794 Vers.
2075 1743 2132 1796 3.
2178 1741 2260 1797 Et
2296 1771 2364 1782 —
2408 1742 2719 1802 caelorum.
2784 1746 2898 1802 Vos
2935 1745 3180 1819 quidem
3219 1747 3294 1804 de
3342 1750 3456 1822 pri-

1793 1830 1957 1882 matu
1989 1826 2052 1882 in
2082 1843 2265 1898 regno
2306 1830 2596 1888 caelorum
2644 1832 3062 1904 interrogatis;
3094 1850 3204 1908 ego
3251 1841 3452 1894 autem

1792 1914 1927 1970 dico
1956 1916 2128 1972 vobis
2158 1918 2344 1991 quod,
2376 1919 2492 1976 nisi
2523 1921 2790 1978 conversi
2823 1921 3048 1980 fueritis
3077 1940 3114 1981 a
3165 1928 3451 1998 pravitate

1792 2003 1869 2059 ad
1899 2003 2316 2074 sinceritatem,
2346 2011 2403 2065 et
2429 2008 2778 2067 eﬂlciamini
2798 2011 3147 2070 innocentes
3174 2017 3241 2071 ut
3262 2015 3448 2087 pueri,

1791 2093 1852 2149 in
1882 2091 2023 2149 illud
2053 2094 2300 2153 omnino
2324 2112 2448 2155 non
2475 2098 2914 2172 ingrediemini.

1861 2185 2020 2248 Puer
2043 2187 2342 2261 siquidem
2367 2191 2457 2245 est
2485 2187 2758 2261 simplex,
2785 2204 2906 2247 non
2933 2190 3225 2260 curiosus,
3251 2207 3450 2266 neque

1793 2294 1963 2337 vanae
1989 2277 2194 2352 gloriae
2223 2276 2501 2350 cupidus,
2529 2277 2653 2334 sine
2683 2277 2855 2346 fastu,
2886 2279 3038 2337 liber
3063 2287 3150 2338 est
3178 2285 3235 2338 et
3262 2281 3340 2339 ab
3364 2283 3451 2340 in-

1789 2367 1968 2434 vidia,
2013 2366 2416 2433 aemulatione,
2447 2367 2541 2424 sui
2569 2381 2794 2434 amore,
2826 2369 3224 2442 contentione,
3257 2377 3332 2437 et,
3384 2378 3449 2432 ut

1788 2457 1973 2515 semel
1995 2457 2217 2526 dicam,
2249 2455 2482 2513 solutus
2512 2460 2604 2512 est
2630 2456 2710 2514 ab
2738 2457 2904 2514 omni
2930 2458 3268 2519 voluntario
3307 2461 3447 2519 aﬂ‘e-

1785 2549 1901 2613 ctu,
1943 2562 2067 2604 non
2091 2563 2198 2620 per
2225 2546 2586 2618 exercitium,
2615 2546 2721 2603 sed
2746 2562 2854 2621 per
2881 2547 3346 2622 simplicitatem.
3388 2553 3446 2610 Si

1782 2635 1919 2708 quis
1979 2651 2121 2708 ergo
2170 2634 2507 2692 discesserit
2542 2651 2581 2693 a
2615 2633 2972 2694 voluntariis
3010 2637 3444 2711 affectionibus,

1781 2724 2067 2783 efﬁcietur
2095 2726 2247 2783 sicut
2273 2724 2465 2798 pueri,
2496 2723 2731 2782 habens
2761 2740 2869 2798 per
2897 2727 3244 2785 exercitium
3272 2730 3440 2802 quod

1781 2814 2006 2874 habent
2033 2814 2204 2888 pueri
2233 2829 2340 2888 per
2369 2812 2838 2887 simplicitatem.

1851 2907 2016 2962 Vers.
2047 2908 2101 2961 4.
2138 2904 2410 2978 Quisquis
2438 2934 2512 2946 -—
2535 2903 2834 2960 caelorum.
2866 2903 3138 2978 Quisquis
3166 2906 3435 2967 volunta-

1777 2993 1862 3050 rie
1905 2995 2170 3067 seipsum
2200 2993 2584 3051 vehementer
2625 2993 2923 3066 deiecerit,
2955 2993 3107 3052 sicut
3133 3010 3283 3068 puer
3328 2997 3440 3056 iste

1704 3096 1762 3174 ᾳ,
1781 3096 1904 3174 non
1950 3082 2280 3174 voluntarie
2305 3082 2688 3174 vehementer
2712 3083 2992 3174 dejectus
3019 3088 3107 3141 est
3137 3102 3163 3174 :7
3207 3090 3442 3159 oportet

1781 3172 1964 3238 enim,
1997 3175 2059 3228 ut
2094 3171 2326 3228 dictum
2369 3173 2482 3238 est,
2507 3170 2726 3228 imitari
2763 3186 3037 3242 puerum,
3068 3173 3170 3246 qui
3218 3175 3438 3232 multas

1778 3260 2004 3318 habens
2027 3260 2292 3329 virtutes,
2317 3259 2398 3317 ob
2421 3258 2653 3316 nullam
2673 3259 2912 3317 illarum
2937 3261 3256 3319 extollitur.

1844 3349 2008 3406 Vers.
2055 3353 2106 3406 5.
2152 3350 2231 3405 Et
2276 3379 2346 3390 —
2383 3348 2634 3421 suscipit.
2684 3349 2753 3405 Et
2796 3349 3139 3422 quicunque
3181 3351 3436 3424 hospitio

1773 3439 2069 3509 exceperit
2101 3453 2292 3495 unum
2320 3436 2504 3495 talem
2531 3451 2788 3510 puerum
2817 3437 3061 3511 qualem
3087 3438 3250 3506 dixit,
3279 3440 3437 3498 vide-

1769 3528 1907 3586 licet
1934 3543 2127 3584 unum
2173 3527 2429 3601 aliquem
2476 3524 2704 3584 factum
2733 3526 2883 3584 sicut
2917 3525 3052 3583 talis
3080 3542 3250 3600 puer,
3297 3529 3434 3586 dico

1768 3633 1913 3677 sane
1935 3616 2247 3689 humilem,
2273 3616 2454 3674 vilem
2482 3620 2540 3673 et
2567 3614 2888 3687 abjectum.
2916 3615 3087 3682 Quod
3110 3620 3312 3675 autem
3348 3618 3436 3677 di-

1768 3709 1866 3776 cit,
1913 3707 1977 3765 in
2018 3706 2249 3765 nomine
2275 3721 2417 3774 meo,
2461 3704 2580 3762 hoc
2623 3708 2733 3771 est,
2771 3710 3018 3778 propter
3044 3721 3152 3772 me,
3207 3711 3265 3764 et
3291 3710 3436 3781 quia

1767 3797 1902 3857 talis
1927 3802 2020 3856 est
2046 3812 2236 3854 meus.

1837 3887 1985 3945 Vide
2025 3902 2166 3959 ergo
2209 3889 2506 3960 quantum
2543 3884 2722 3942 talem
2761 3887 2940 3941 amet.
2986 3887 3174 3953 Hunc,
3216 3885 3437 3968 inquit,

1768 3976 2120 4048 suscipiens,
2142 3991 2239 4032 me
2265 3974 2536 4048 suscipit.
2559 3975 2790 4031 Marcus
2816 3987 2959 4032 vero
2984 3973 3248 4037 addidit:
3275 3976 3434 4044 Quis-

1768 4067 1901 4139 quis
1931 4072 2130 4122 autem
2160 4079 2246 4122 me
2285 4063 2548 4135 suscipit.
2585 4079 2699 4119 non
2743 4077 2838 4120 me
2877 4063 3120 4136 suscipit
3156 4065 3252 4122 sed
3300 4081 3432 4122 eum

1768 4154 1872 4227 qui
1899 4154 2050 4210 misit
2074 4168 2167 4211 me
2191 4155 2260 4209 ³⁷.

1840 4244 1940 4299 Est
1969 4248 2169 4300 autem
2207 4257 2421 4299 sensus
2448 4240 2715 4298 omnium
2752 4240 3046 4298 dictorum
3078 4241 3255 4297 talis:
3290 4243 3432 4309 Qui-

1768 4347 2014 4406 cunque
2041 4330 2369 4404 susceperit
2396 4345 2537 4387 eum
2565 4331 2672 4403 qui
2699 4328 2894 4386 factus
2927 4335 3013 4386 est
3042 4330 3218 4386 veluti
3255 4345 3428 4402 puer,

101 4417 253 4438 sutili!
299 4417 383 4461 μιν
433 4417 525 4464 ιμι
574 4417 920 4463 υποτηχιται,
975 4417 1033 4444 σι
1103 4417 1228 4465 ιμου
1283 4417 1344 4446 σε
1395 4417 1483 4446 ’τον
1533 4417 1658 4446 ατο.

101 4475 327 4529 erit?er
372 4498 435 4551 με
484 4481 703 4554 Πατέρα
748 4497 869 4550 μου.
923 4479 983 4532 Ὀ
1031 4481 1118 4534 αὲν
1146 4478 1248 4558 γὰρ
1287 4485 1469 4556 Πατὴρ
1501 4450 1696 4536 οίιιειιι1

1840 4437 1873 4478 ιι·
1902 4420 2072 4477 illum
2111 4419 2356 4493 quidem
2387 4433 2484 4476 me
2513 4417 2779 4490 suscipit,
2810 4432 2918 4488 per
2945 4432 3042 4473 me
3071 4421 3272 4473 autem
3321 4418 3429 4475 Pa-

1840 4527 1914 4558 ;m
1960 4525 2162 4558 meum
2193 4508 2290 4558 aui
2321 4507 2482 4558 misit
2510 4522 2632 4558 me-
2672 4510 2838 4558 Pater
2869 4505 3167 4558 siquidem
3214 4522 3429 4558 annm-

1765 4517 1918 4569 trem
1960 4525 2163 4567 meum
2193 4508 2290 4581 qui
2321 4507 2482 4564 misit
2509 4522 2632 4565 me.
2672 4510 2838 4564 Pater
2869 4505 3167 4579 siquidem
3214 4522 3430 4580 appro-

1765 4602 1916 4676 priat
1965 4599 2080 4656 sibi
2112 4613 2272 4664 eum,
2303 4597 2407 4670 qui
2437 4596 2584 4656 mihi
2612 4595 2894 4662 defertur,
2927 4594 3220 4652 honorem
3250 4612 3266 4664 ;
3311 4611 3424 4671 ego

1765 4705 1907 4747 vero
1945 4688 2213 4746 delatum
2242 4684 2320 4742 illi
2348 4683 2453 4760 qui
2481 4683 2674 4742 factus
2700 4687 2788 4741 est
2816 4683 2993 4740 veluti
3019 4699 3184 4756 puer.
3472 4699 3475 4701 ί

1837 4777 1987 4845 Quid
2029 4776 2202 4848 igitur
2246 4774 2350 4832 tali
2382 4775 2756 4848 susceptione
2783 4773 3043 4842 beatius,
3087 4789 3194 4845 per
3237 4789 3424 4848 quam

1767 4862 2014 4936 suscipit
2035 4861 2174 4935 quis
2208 4861 2440 4918 beatam
2462 4859 2799 4916 Trinitatem
2823 4859 2851 4916 7
2879 4860 3025 4914 Nam
3053 4858 3103 4915 si
3129 4859 3344 4916 Filium
3368 4866 3426 4918 et

1763 4956 2012 5019 Patrem,
2044 4950 2249 5024 utique
2279 4955 2336 5007 et
2361 4947 2642 5023 Spiritum
2666 4951 2976 5005 sanctum:
3011 4947 3422 5023 inseparabilis

1765 5041 2059 5114 siquidem
2096 5045 2186 5097 est
2214 5039 2385 5096 beata
2415 5038 2687 5096 Trinitas.
2727 5037 3003 5095 Nondum
3034 5042 3236 5096 autem
3278 5043 3418 5096 tem-

1760 5146 1874 5204 pus
1901 5134 2039 5188 tunc
2068 5133 2193 5188 erat
2216 5127 2468 5187 docendi
2493 5128 2568 5187 de
2595 5128 2810 5202 Spiritu
2833 5131 3062 5186 sancto.

1249 5499 1477 5572 Varia
1501 5501 1826 5574 lectiones
1856 5513 1924 5572 et
1961 5512 2162 5574 notae.

137 5629 238 5704 (δι)
263 5630 402 5703 Ἕως,
432 5651 549 5710 pro
579 5637 725 5701 ὅλως.
758 5641 820 5700 B.

1818 5648 1929 5722 (62)
1959 5645 2311 5724 Υποδέχεται.
