3906 6202
425 302 528 357 499

1784 268 2135 333 EUTHYMII
2176 268 2505 326 ZlGABENI

3548 31 3868 325 .l

497 422 671 490 Quod
709 435 852 477 vero
891 417 1103 474 addit:
1146 414 1280 470 Non
1316 426 1410 467 me
1445 408 1708 477 suscipit,
1756 418 1862 477 per
1906 416 2083 457 usum

2265 399 2334 447 Τό
2392 391 2472 461 δε,
2531 393 2642 445 Οὐκ
2693 392 2779 465 έμὶ
2833 390 3069 465 δέχεται,
3128 392 3262 442 κατά
3312 393 3547 449 συνήθειαν
3584 392 3704 465 λόγου

424 512 706 587 loquendi
746 510 967 565 dictum
1010 509 1115 561 est.
1164 504 1522 575 Frequenter
1565 496 1725 554 enim
1757 493 1955 549 dicere
1999 504 2089 545 so-

428 582 620 662 lemus
648 619 660 658 :
697 600 867 667 Quod
896 597 1046 655 mihi
1075 596 1240 659 facis,
1274 609 1393 650 non
1426 589 1570 648 mihi
1602 586 1766 650 facis,
1802 582 1905 639 sed
1937 582 2079 636 Deo.

430 695 569 750 Ideo
622 692 803 747 etiam
842 689 1060 757 Lucas,
1098 683 1342 757 reliquis
1383 680 1617 753 positis,
1669 674 1816 732 illud
1856 667 2091 742 reliquit

432 788 721 855 tanquam
746 777 1030 851 loquendi
1056 774 1475 848 proprietatem
1505 770 1573 850 '3.

502 853 666 927 vers.
696 874 749 928 6.
788 868 1134 937 Quicunque
1166 894 1236 906 —
1268 862 1473 918 maris.
1518 853 1957 915 Oﬂendiculum
1996 864 2093 904 vo-

431 966 527 1019 cat
554 961 651 1017 hic
697 955 1149 1015 contumeliam.
1190 952 1337 1008 Dicit
1378 949 1581 1005 enim:
1625 945 1784 1003 Sicut
1829 939 1945 1028 qui,
1978 939 2091 1028 hos

432 1052 799 1108 honorantes
850 1044 1184 1117 suscipiunt
1228 1040 1361 1097 illos
1405 1040 1649 1112 propter
1699 1050 1811 1099 me,
1861 1026 2093 1086 excelsa

435 1137 600 1210 digni
633 1140 771 1194 sunt
796 1134 1162 1192 beatitudine
1189 1147 1202 1186 :
1236 1130 1318 1187 ita
1350 1144 1497 1185 sane
1538 1130 1596 1183 et
1622 1125 1725 1198 qui
1757 1124 2090 1210 ipsoscon—

436 1228 683 1287 tumelia
702 1225 1027 1283 efﬁcientes
1046 1220 1385 1295 despiciunt
1402 1218 1549 1285 illos,
1576 1218 1905 1271 extremum
1930 1209 2094 1263 luent

435 1318 797 1391 supplicium
810 1355 828 1373 .

510 1385 618 1464 lini
650 1409 850 1462 autem
890 1403 963 1459 de
1000 1400 1229 1474 pusillis
1266 1398 1410 1463 istis,
1452 1394 1719 1452 videlicet
1754 1390 1856 1465 qui
1898 1385 2094 1460 pusilli

438 1498 732 1571 apparent
756 1496 813 1550 et
837 1491 995 1548 viles.
1028 1488 1173 1546 Dicit
1195 1492 1395 1546 autem
1420 1486 1494 1543 de
1523 1484 1638 1540 illis
1662 1482 1765 1556 qui
1792 1481 1929 1537 facti
1960 1481 2099 1571 sunt

440 1585 621 1644 veluti
652 1581 844 1657 pueri.
878 1581 1080 1636 Dicens
1105 1594 1246 1634 vero
1276 1575 1442 1649 quod
1467 1573 1704 1647 expedit
1733 1572 1783 1626 ei
1817 1575 1879 1626 ut
1921 1570 2097 1625 mise-

443 1692 577 1734 ram
603 1674 891 1730 sustineat
915 1669 1221 1734 ultionem,
1249 1664 1509 1723 ostendit
1533 1662 1698 1737 quod
1730 1660 2096 1717 miseriorem

445 1780 733 1840 passurus
756 1766 844 1818 est
872 1760 933 1815 in
958 1760 1154 1815 futuro
1179 1755 1420 1813 saeculo.

520 1964 683 2017 Vers.
728 1963 783 2014 '7.
825 1959 925 2014 Va:
952 1986 1020 1997 -—
1066 1951 1459 2025 offendimus.
1508 1948 1770 2005 Praedicit
1806 1946 2101 2003 damnum

452 2051 615 2125 quod
639 2049 716 2105 ab
747 2044 1121 2104 offendiculis
1149 2041 1475 2116 proveniet,
1500 2042 1971 2110 utexspectantes
2004 2052 2097 2102 ea,

453 2155 688 2211 semper
715 2135 963 2206 vigilant
991 2149 1113 2190 non
1144 2130 1255 2189 soli
1278 2128 1552 2203 apostoli,
1585 2127 1692 2185 sed
1716 2130 1773 2184 et
1795 2141 2027 2183 omnes.

526 2335 811 2394 Mundum
837 2330 1135 2405 siquidem
1156 2343 1259 2385 eos
1274 2326 1435 2395 dicit,
1466 2325 1571 2398 qui
1600 2324 1662 2380 in
1691 2323 1921 2381 mundo
1942 2326 2100 2378 sunt.

459 2423 821 2484 Oﬁendicula
837 2436 972 2477 vero
993 2417 1411 2491 impedimenta
1422 2418 1592 2472 rectas
1613 2411 2101 2470 conversationis.

460 2514 735 2587 Deplorat
769 2515 970 2569 autem
1013 2508 1310 2565 mundum
1340 2508 1584 2578 propter
1625 2500 2006 2571 offendicula,
2043 2504 2108 2557 ut

465 2605 557 2678 qui
589 2603 665 2660 ab
696 2602 810 2658 illis
835 2600 1025 2658 multa
1047 2612 1332 2672 pessmus
1358 2595 1451 2651 sit.

534 2696 695 2751 Vers.
739 2697 792 2749 7.
825 2692 1063 2749 Necesse
1090 2719 1160 2731 —
1191 2684 1561 2757 oﬂ'sndicula.
1598 2686 1839 2756 Propter
1878 2682 1995 2739 hoc
2023 2680 2109 2737 di-

465 2789 608 2841 cunt
633 2782 879 2857 quidam
903 2797 915 2835 :
943 2780 1001 2837 Si
1021 2792 1264 2835 necesse
1288 2778 1380 2832 est
1404 2769 2107 2837 utveniantoﬂendicula,

464 2888 702 2931 necesse
733 2875 819 2928 est
847 2874 911 2926 ut
940 2869 1085 2925 ﬂant
1125 2868 1371 2939 peccata
1397 2881 1410 2931 ;
1444 2863 1494 2919 si
1524 2868 1724 2919 autem
1753 2876 1993 2919 necesse
2022 2864 2111 2917 est

465 2967 526 3020 ut
553 2964 701 3018 ﬁant
732 2963 997 3032 peccata,
1032 2957 1248 3028 injuste
1285 2968 1497 3026 pcenas
1525 2952 1697 3008 luunt
1723 2955 2065 3024 peccatores
2093 2964 2109 3017 ;

465 3067 611 3109 nam
656 3048 821 3124 quod
851 3065 924 3104 ex
964 3044 1307 3103 neaessitate
1347 3044 1434 3107 ﬁt,
1465 3042 1642 3114 culpa
1666 3045 1847 3099 caret.
1887 3040 2111 3107 Quibus

465 3139 740 3204 dicimus,
776 3135 940 3211 quod
969 3148 1210 3191 necesse
1240 3136 1334 3190 est
1360 3136 1425 3188 ut
1453 3131 1693 3188 veniant
1729 3129 2107 3196 offendicula,

464 3233 709 3302 propter
737 3224 1151 3283 necessitatem
1198 3223 1544 3278 daemonum
1577 3235 1592 3289 ;
1640 3235 1764 3277 non
1796 3223 1886 3275 est
1910 3224 2109 3277 autem

467 3333 732 3386 necesse,
772 3322 835 3372 ut
861 3315 1062 3371 virtuti
1089 3311 1270 3370 dediti
1300 3310 1730 3368 oﬂ‘endiculum
1763 3310 2107 3382 patiantur;

465 3407 528 3464 id
570 3408 727 3463 enim
768 3405 823 3460 in
854 3420 967 3460 sua
1011 3402 1312 3459 voluntate
1343 3400 1528 3456 situm
1571 3402 1659 3454 est
1687 3412 1826 3453 cum
1855 3396 2110 3453 liberum

466 3495 732 3553 habeant
769 3493 1093 3550 arbitrium.
1137 3492 1205 3547 Ut
1265 3504 1409 3559 ergo
1445 3487 1690 3544 veniant
1749 3485 2115 3542 offendicula

468 3600 589 3641 non
634 3586 695 3639 in
734 3582 909 3639 nobis
955 3581 1138 3636 situm
1187 3581 1291 3643 est,
1346 3581 1410 3633 ut
1454 3580 1655 3633 autem
1688 3574 2114 3631 oﬂ'endioulum

467 3673 791 3745 patiamur,
823 3669 1073 3726 omnino
1106 3667 1175 3722 in
1196 3665 1372 3721 nobis
1403 3664 1584 3721 situm
1614 3667 1724 3720 est.
1750 3663 1954 3720 Sciens
1972 3678 2116 3735 ergo

471 3760 735 3817 Christus
792 3757 957 3830 quod
1017 3755 1264 3812 omnino
1320 3753 1521 3810 futura
1577 3753 1693 3810 sint
1729 3752 2113 3822 offendicula,

469 3848 740 3923 praedicit
764 3848 838 3903 de
875 3846 1012 3914 illis,
1040 3849 1123 3909 ut,
1157 3842 1305 3899 sicut
1339 3842 1567 3899 dictum
1597 3845 1707 3907 est,
1741 3856 2066 3899 caveamus
2100 3859 2115 3911 ;

467 3954 592 3997 non
633 3942 834 3994 tamen
878 3935 1013 3991 ideo
1060 3937 1316 3990 ventura
1359 3935 1517 3999 sunt,
1558 3931 1725 4005 quod
1750 3931 2113 4003 praadixerit,

469 4028 574 4085 sed
597 4031 916 4101 propterea
943 4022 1229 4097 praedixit,
1261 4021 1403 4095 quia
1431 4024 1681 4079 ventura
1709 4025 1899 4078 erant.

537 4121 704 4175 Vers.
754 4122 813 4174 '7.
873 4115 1285 4172 Verumtamen
1337 4142 1407 4153 —
1452 4112 1639 4168 venit.
1681 4110 2118 4169 Olfendiculum

469 4206 713 4283 quidem
732 4205 809 4264 ad
828 4219 1061 4260 aamone
1090 4202 1422 4258 seminatur
1448 4216 1461 4257 :
1487 4201 1565 4257 ab
1585 4200 1829 4257 homine
1851 4216 1994 4258 vero
2017 4200 2118 4258 ali-

466 4304 560 4356 tur
584 4302 637 4354 et
650 4298 901 4369 augetur
911 4309 981 4351 ac
1002 4292 1307 4365 recipitur,
1321 4290 1419 4364 qui
1432 4304 1683 4362 pravam
1698 4295 1754 4346 et
1769 4296 2115 4362 corruptam

464 4388 650 4446 habet
671 4385 1065 4451 voluntatem,
1082 4398 1264 4454 quem
1290 4382 1469 4438 etiam
1495 4394 1656 4436 nunc
1678 4379 1962 4452 deplorat,
1992 4385 2118 4437 tan-

467 4493 652 4551 quam
670 4474 961 4531 daamonis
974 4472 1339 4528 ministrum.
1357 4469 1578 4526 Deinde
1596 4468 1774 4525 etiam
1788 4470 1956 4525 docet
1971 4484 2115 4541 quo-

467 4566 652 4623 modo
678 4562 1034 4620 oﬂ'endicula
1053 4561 1406 4618 devitemus.

537 4652 706 4708 Vers.
734 4656 785 4708 8.
811 4652 876 4708 Si
890 4683 961 4693 —
985 4657 1292 4709 aeternum.
1315 4651 1441 4706 Non
1460 4648 1535 4704 de
1552 4647 1839 4704 membris
1857 4648 2119 4720 corporis

468 4742 585 4798 hoc
628 4740 790 4805 dicit,
823 4740 927 4795 sed
963 4738 1038 4795 de
1080 4739 1349 4809 cognatis
1374 4741 1430 4793 et
1464 4736 1673 4793 amicis
1698 4752 1770 4793 ac
1810 4736 2116 4803 ministris,

467 4845 621 4904 quos
652 4828 871 4886 horum
905 4827 1313 4883 membrorum
1336 4826 1464 4883 loco
1480 4825 1766 4882 habemus
1794 4841 1807 4882 :
1840 4828 2119 4899 quemad-

467 4918 710 4977 modum
751 4916 960 4990 quinto
1000 4916 1189 4988 capite
1230 4915 1641 4988 particularius
1672 4916 2111 4976 enarravimus.

468 5012 618 5066 Nam
638 5010 693 5063 et
715 5006 843 5062 haec
867 5006 931 5062 in
955 5003 1057 5062 illo
1078 5004 1237 5062 dicta
1261 5006 1416 5060 sunt.
1446 5004 1647 5069 Quaere
1671 5016 1813 5074 ergo
1838 5003 1920 5061 ibi
1944 5020 2121 5078 expo-

541 5134 590 5170 ²³
620 5133 762 5190 Luc.
790 5148 867 5202 1x,
892 5132 985 5202 48,

2199 486 2426 558 εἴρηται.
2486 482 2597 553 (63)
2663 487 2761 534 Καὶ
2812 485 2911 553 γὰρ
2984 479 3227 540 πολλάκις
3295 480 3510 554 εἰώθαμεν
3566 482 3708 553 λέγειν,

2198 574 2278 625 ὃτι
2333 572 2399 625 Ὀ
2453 578 2616 633 ποιεῖς
2662 570 2796 644 ἐμοὶ,
2850 571 2940 622 οὐκ
2988 568 3102 642 ἐμοὶ
3146 566 3321 634 ποιεῖς,
3360 569 3469 621 ἀλλὰ
3503 578 3561 641 τῷ
3606 580 3708 642 Θεῷ.

2201 667 2287 714 Διὸ
2333 666 2422 715 καὶ
2469 663 2494 714 ὁ
2526 667 2753 731 Λουκᾶς,
2963 658 3123 711 τᾶλλα
3156 660 3272 722 θεὶς,
3304 664 3439 711 τοῦτο
3476 660 3715 734 παραλελοι-

2202 770 2290 804 πεν
2318 753 2387 813 ὡς
2418 746 2634 823 ἰδίωμα.

2270 839 2362 901 ’ος
2431 871 2500 883 -
2583 839 2875 900 θαλάσσης.
2962 833 3349 910 Σκανδαλισμὸν
3416 836 3604 891 ἑνταῦθα
3652 843 3717 898 τὴν

2204 927 2415 1000 ατίμίαν
2459 927 2613 999 λέγει.
2663 931 2801 986 Φησὶ
2845 929 2969 1001 γὰρ,
3021 926 3101 978 ὃτι
3143 924 3338 1001 ⁴Ωσπερ
3378 927 3421 979 οἱ
3454 930 3554 988 τοὺς
3590 931 3717 980 τοιού-

2200 1037 2315 1079 τους
2357 1025 2620 1090 τιμῶντες,
2671 1015 2718 1068 ἐν
2778 1024 2851 1087 τῷ
2903 1011 3268 1088 ὑποδέχεσθαι
3319 1014 3498 1085 αὐτοὺς,
3548 1011 3610 1069 δι’
3653 1014 3717 1089 illis

2200 1115 2296 1169 τῆς
2338 1108 2504 1180 ἄκρας
2550 1104 2813 1169 ἀξιοῦνται
2857 1109 3259 1179 μακαριότητος·
3309 1104 3430 1158 οὑτω
3473 1101 3531 1163 δὴ
3571 1108 3643 1157 καὶ
3682 1107 3719 1157 οἱ

2203 1195 2535 1268 ἀτιμάζοντες
2584 1196 2789 1261 αὐτοὺς,
2840 1193 2889 1247 ἓν
2942 1202 3015 1265 τῷ
3077 1200 3402 1267 καταφρονεῖν
3452 1194 3610 1266 αὐτῶν,
3647 1197 3717 1251 τήν

2203 1283 2439 1356 ἐσχάτην
2469 1280 2708 1338 δώσουσι
2743 1280 2919 1342 δίκην.

2273 1381 2397 1427 Ἐνα
2449 1372 2508 1427 δὲ
2559 1382 2657 1427 τῶν
2705 1380 2903 1447 μικρῶν
2954 1375 3170 1439 τούτων,
3230 1375 3389 1426 εἶτουν
3434 1381 3522 1425 τῶν
3567 1382 3720 1446 μικρῶν

2207 1466 2338 1515 κατά
2392 1466 2452 1517 τὸ
2514 1466 2834 1535 φαινόμενον,
2901 1469 3001 1514 τῶν
3056 1459 3289 1518 εὐτελῶν.
3356 1464 3499 1533 Λέγει
3546 1457 3596 1514 δε
3638 1464 3726 1535 περὶ

2208 1560 2306 1604 τῶν
2349 1555 2628 1624 γενομένων
2684 1554 2754 1614 ὡς
2811 1553 2879 1603 τὰ
2934 1547 3148 1603 παιδία.
3193 1550 3361 1604 Εἰπὼν
3403 1546 3474 1617 δε,
3519 1551 3587 1602 ὅτι
3624 1568 3725 1622 συμ-

2209 1645 2343 1715 φέρει
2396 1639 2558 1712 αὐτῷ,
2599 1641 2684 1693 ἵνα
2728 1641 2871 1713 πάθη
2921 1635 3081 1697 τήνδε
3115 1643 3210 1699 τήν
3259 1638 3483 1712 χαλεπὴν
3512 1642 3723 1712 τιμωρίαν,

2132 1738 2178 1806 Β
2210 1728 2457 1802 ἐνέφηνεν,
2534 1729 2617 1782 ὃτι
2684 1727 3053 1803 χαλεπωτέραν
3119 1728 3290 1801 μέλλει
3349 1729 3516 1782 παθεῖν
3571 1724 3609 1779 έν
3667 1731 3723 1796 τῷ

2209 1816 2441 1889 μέλλοντι
2469 1819 2640 1875 αἰῶνι.

2280 1908 2415 1962 Οὐαὶ
2483 1939 2554 1949 -
2630 1904 2956 1963 σκανδάλων.
3032 1913 3399 1983 Προαναφωνεῖ
3447 1911 3530 1966 τὴν
3588 1904 3730 1975 ἐσομέ-

2208 2017 2299 2056 νην
2340 1996 2541 2070 βλάϐην
2590 1997 2691 2051 ἀπὸ
2730 2006 2830 2051 τῶν
2882 1992 3211 2066 σκανδάλων,
3264 1997 3365 2064 ἱνα,
3409 1991 3733 2072 προσδοκῶντες

2211 2086 2364 2158 αὐτὰ,
2421 2091 2624 2160 νηφωσι
2668 2084 2764 2141 διὰ
2814 2089 3005 2150 παντὸς
3050 2086 3157 2160 οὐχ
3209 2086 3263 2140 οἱ
3308 2084 3564 2140 ἀπόστολοι
3599 2086 3729 2157 μόνον,

2212 2175 2339 2229 ἀλλὰ
2367 2180 2457 2230 καὶ
2487 2178 2691 2239 πάντες.

2284 2271 2387 2321 Καὶ
2432 2269 2630 2339 κόσμον
2676 2268 2766 2339 μὲν
2818 2265 2955 2338 λέγει
3001 2268 3120 2327 τοὺς
3166 2264 3218 2318 έν
3275 2273 3348 2339 τῷ
3392 2269 3573 2338 κόσμῳ,
3617 2261 3735 2315 σκάν-

2215 2356 2354 2410 δαλα
2403 2354 2462 2411 δὲ
2512 2358 2580 2410 τὰ
2628 2353 2861 2429 έμπόδια
2906 2362 3001 2415 τῆν
3061 2356 3225 2429 ὀρθῆς
3276 2354 3531 2416 πολιτείας.
3575 2349 3738 2404 Talari-

2216 2447 2294 2507 ζει
2326 2444 2386 2500 δε
2409 2449 2496 2499 τὸν
2524 2449 2723 2520 κόσμον
2748 2440 2843 2499 διὰ
2866 2446 2933 2499 τὰ
2963 2441 3256 2512 σκάνδαλα,
3286 2446 3355 2508 ὡς
3378 2443 3599 2518 μέλλοντα
3622 2438 3742 2494 πολλὰ

2214 2538 2397 2589 παθεῖν
2428 2535 2514 2589 ὑπ’
2540 2534 2731 2591 αὐτῶν.

2288 2642 2514 2715 Ἀνάγκη
2572 2672 2644 2683 --
2706 2637 2994 2696 σκάνδαλα.
3054 2644 3195 2717 Πρὸς
3252 2646 3404 2695 τοῦτό
3463 2643 3577 2713 φασὶ
3629 2653 3744 2703 τινες,

2218 2734 2319 2799 ὃτι,
2372 2731 2455 2785 ἐὰν
2508 2731 2706 2805 ἀνάγκη
2752 2730 2893 2785 ἐστὶν
2946 2729 3107 2784 ἐλθεῖν
3158 2732 3230 2784 τὰ
3284 2726 3555 2795 σκάνδαλα,
3590 2724 3743 2797 ἀνάγκη

2217 2826 2309 2875 καὶ
2365 2821 2695 2897 ἁμαρτάνειν·
2745 2820 2831 2875 ἐὰν
2876 2817 2936 2875 δὲ
2983 2818 3185 2893 ἀνάγκη
3236 2819 3555 2897 ἁμαρτάνειν,
3598 2811 3746 2871 ἀδίκως

2221 2911 2560 2965 ἀπαιτοῦνται
2604 2907 2761 2970 δίκην
2808 2910 2860 2964 οἰ
2904 2909 3309 2987 ἁμαρτάνοντές’
3347 2911 3406 2964 τὸ
3445 2912 3536 2982 γὰρ
3563 2906 3605 2969 ἒξ
3625 2902 3747 2972 ἀνάγ·

2219 3020 2319 3063 κης
2392 3000 2683 3056 ἂνεύθύνον.
2766 3002 2903 3076 Πρός
2985 2999 3073 3063 οὕς
3148 3000 3385 3073 λέγομεν,
3456 2997 3529 3051 ὃτι
3596 2993 3749 3063 ἀνάγκη

2219 3094 2310 3164 μὲν
2357 3090 2495 3144 ἐστιν
2544 3089 2702 3144 ἐλθεῖν
2747 3091 2816 3143 τὰ
2860 3085 3133 3143 σκάνδαλα
3181 3085 3280 3143 διὰ
3317 3092 3411 3148 τὴν
3445 3085 3643 3157 ἀνάγκην
3678 3088 3751 3132 τῶν

2221 3177 2501 3254 δαιμόνων·
2575 3179 2670 3232 οὐκ
2743 3178 2939 3251 ἀνάγκη
3021 3175 3081 3232 δε
3159 3176 3598 3236 σκανδαλισθῆναι
3662 3170 3754 3227 τοὺς

2147 3072 2191 3133 α

2221 3266 2546 3333 σπουδαίους
2614 3265 2710 3323 διὰ
2764 3271 2823 3322 τό
2883 3277 2979 3332 τῆς
3045 3274 3403 3346 προαιρέσεως
3463 3263 3753 3327 αὐτεξούσιον.

2218 3363 2289 3414 Τὸ
2335 3363 2425 3433 μεν
2471 3361 2573 3435 γὰρ
2618 3357 2780 3413 ἐλθεῖν
2806 3361 2874 3412 τὰ
2912 3355 3184 3412 σκάνδαλα
3232 3358 3330 3413 οὐκ
3371 3360 3507 3411 ἔστιν
3545 3355 3754 3435 ἡμέτερον,

2221 3452 2281 3504 τὸ
2334 3447 2394 3503 δὲ
2444 3452 2517 3520 μὴ
2546 3434 3025 3507 σκανδαλισθῆναι
3070 3450 3282 3512 πάντως
3336 3449 3584 3522 ἡμέτερον.
3629 3434 3761 3496 Εἰδὼς

2224 3535 2311 3593 οὖν
2356 3541 2382 3592 ὁ
2426 3540 2678 3615 Χριστός,
2724 3539 2805 3591 ὅτι
2848 3538 3057 3600 πάντως
3091 3535 3393 3592 έλεύσονται
3435 3536 3500 3589 τὰ
3527 3525 3758 3589 σκάνδαλα,

2224 3628 2460 3705 προλέγει
2505 3632 2626 3702 περὶ
2669 3629 2887 3700 τούτων,
2934 3629 3018 3681 ἶνα
3057 3632 3430 3703 προσέχωμεν,
3481 3626 3547 3685 ὡς
3589 3624 3763 3705 ripa-tur

2222 3718 2357 3779 πλὴν
2408 3717 2467 3772 οὐ
2526 3715 2620 3772 διὰ
2667 3724 2821 3771 τοῦτο
2873 3718 3140 3793 ἔρχονται,
3198 3713 3345 3772 διότι
3391 3722 3629 3790 προεῖπεν,
3671 3704 3763 3759 ἀλλά

2226 3805 2321 3862 διὰ
2347 3813 2501 3864 τοῦτο
2524 3813 2757 3882 προεῖπε,
2789 3802 2930 3861 διότι
2957 3808 3225 3883 ἔρχονται.

2296 4109 2435 4170 Πλὴν
2490 4138 2563 4153 -
2619 4111 2853 4183 ἔρχεται.
2925 4111 2997 4162 Τὸ
3057 4103 3358 4161 σκάνδαλον
3420 4104 3665 4179 σπείρεται

2223 4200 2368 4275 παρὰ
2416 4204 2509 4251 τοῦ
2557 4194 2821 4271 δαίμονος,
2876 4196 2965 4251 ὑπ’
3012 4196 3290 4273 ἀνθρώπου
3344 4192 3407 4249 δε
3448 4196 3684 4269 τρέφεται,
3712 4186 3775 4235 καὶ

2226 4288 2457 4360 αὔξεται,
2510 4291 2599 4341 καὶ
2673 4285 2948 4359 κομίζεται
3026 4285 3163 4360 (65),
3247 4289 3553 4360 προαίρεσιν
3610 4280 3773 4349 ἔχοντος

2227 4376 2421 4449 φαύλην
2463 4381 2553 4430 καὶ
2603 4372 3001 4450 διεφθαρμένην,
3051 4376 3107 4429 ὃν
3146 4378 3240 4429 καὶ
3291 4372 3555 4434 ταλανὲζει
3599 4373 3692 4430 νῦν,
3730 4361 3779 4450 ὣς

2227 4468 2489 4542 ὑπηρέτην
2529 4471 2620 4520 τοῦ
2668 4448 2937 4539 δαίμονος.
2990 4462 3120 4520 Εἶτα
3173 4461 3436 4517 διδάσκει
3486 4464 3569 4513 καὶ
3606 4460 3701 4513 πῶς
3733 4448 3780 4498 τά

2230 4551 2502 4610 σκάνδαλα
2532 4552 2568 4608 δ
2574 4555 2936 4629 ιαφευξόμεθα.

2299 4645 2363 4699 Εἰ
2412 4677 2482 4686 —
2536 4644 2761 4700 αἰώνιον.
2821 4643 2897 4697 Οὐ
2954 4645 3071 4717 περὶ
3127 4643 3297 4717 μελῶν
3377 4646 3615 4715 σώματος
3659 4625 3783 4684 ταῦτά
3866 4660 3867 4673 ι

2230 4755 2408 4809 φησιν,
2460 4734 2589 4789 ἀλλὰ
2636 4738 2754 4809 περὶ
2802 4739 3083 4807 συγγενῶν,
3137 4736 3229 4785 καὶ
3281 4731 3466 4806 φίλων,
3510 4729 3597 4781 καὶ
3640 4721 3788 4791 ὑπηρεο

2228 4834 2347 4897 τῶν,
2399 4824 2485 4885 οὖς
2542 4822 2592 4877 ἐν
2661 4823 2804 4887 τάξει
2866 4822 3031 4896 μελῶν
3089 4824 3346 4875 τοιούτων
3405 4822 3609 4892 ἔχομεν,
3654 4811 3714 4870 ὧς
3754 4804 3791 4856 έν

2227 4923 2301 4987 τῷ
2332 4895 2340 4897 -
2373 4918 2588 4988 πέμπτῳ
2669 4895 2928 4987 κεφαλαίῳ
3029 4913 3361 4987 λεπτομερῶς
3451 4895 3791 4988 ἐξηγησάμιβατ

2231 5008 2332 5059 Καὶ
2371 5004 2419 5058 ἑν
2472 5002 2647 5076 ἐκεινῳ
2686 4985 2788 5077 γὰρ
2834 5020 3003 5056 ταυτα
3049 4985 3275 5077 εῖρηταῖ’
3326 5002 3421 5055 καὶ
3465 4997 3683 5059 ζήτησον
3718 4985 3797 5037 ἐκεῖ

1676 5279 1901 5349 Variae
1930 5282 2261 5354 lectiones
2301 5290 2596 5352 etnotae.

559 5429 650 5500 63)
682 5427 765 5494 Εἰ,
794 5442 904 5500 pro
928 5429 1038 5500 καί,
1071 5425 1137 5480 Β.

559 5430 626 5487 63
682 5430 765 5494 Εἰ,
794 5442 904 5500 pro
928 5430 1038 5492 καί,
1071 5430 1137 5480 Β.

536 5430 654 5575 ἒϐἇτζ
699 5502 912 5575 Lucam
943 5497 1139 5575 solum
1169 5495 1460 5575 nominat,
1489 5496 1656 5568 quod
1699 5495 1910 5555 Matth.
1965 5512 2122 5568 xvm,

466 5578 517 5639 5,
546 5566 718 5644 plura
738 5570 919 5644 etiam
948 5566 1341 5644 praetermisit.

562 5638 650 5717 65)
697 5637 975 5716 Displicet
1012 5638 1278 5698 Hentenii
1326 5637 1541 5696 versio.
1577 5640 1882 5711 Κομίζιται,
1922 5643 2011 5698 est
2055 5640 2127 5703 εἰς

2232 5428 2395 5553 μέσον
2439 5424 2733 5507 κομίζεται,
2781 5424 3215 5512 προφέρεεαικκαὶ
3262 5419 3448 5483 ἄλλοις
3474 5415 3797 5493 προσφέρεται.

2261 5513 2300 5553 n
2328 5500 2495 5553 textu
2522 5511 2683 5553 emm
2710 5497 2818 5553 est.
2859 5491 2919 5549 δι
2982 5513 3042 5547 ου
3092 5510 3335 5553 ερχεται.
3382 5495 3516 5550 Non
3551 5499 3683 5553 ergo
3707 5490 3797 5538 me

2237 5490 2300 5555 in
2328 5490 2683 5555 textu'enim
2710 5490 2833 5567 est,"
2859 5490 2956 5549 δέ·
2982 5493 3044 5547 οὗ
3092 5494 3335 5567 ἔρχεται.
3382 5490 3524 5550 Non
3551 5499 3683 5559 ergo
3707 5490 3799 5538 me.

2237 5569 2407 5627 dium
2435 5576 2548 5637 est,
2580 5566 2685 5625 sed
2712 5566 3048 5640 passivum.
