3906 6202
460 235 568 293 503

3488 41 3841 180 ⁵-⁸

1794 214 2141 277 EUTHYMII
2191 211 2525 271 ZIGABENI
3662 222 3744 278 5M

466 363 611 433 quot
664 358 920 428 oportet.
975 357 1301 410 Numerum
1344 354 1547 406 autem
1601 346 2011 404 centenarium
2060 343 2119 396 in

2251 358 2302 391 ra
2356 339 2456 411 γάρ
2508 336 2658 404 εἰσιν,
2720 338 2821 388 ὅσα
2846 339 2981 410 χρή.
3013 341 3111 391 Τόν
3139 340 3238 410 γὰρ
3287 338 3450 390 ἑκατόν
3478 337 3661 415 ἀριθμὸν
3686 342 3749 396 im”

469 446 827 521 perfectione
849 443 993 497 solet
1015 457 1257 514 ponere,
1278 444 1341 495 ut
1364 441 1423 495 in
1456 444 1609 494 terra
1636 436 1931 505 frugifera,
1957 436 2122 507 quod

469 553 654 592 unum
670 534 830 588 dedit
851 530 1220 602 centuplum,
1241 530 1392 585 sicut
1410 527 1693 584 vicesimo
1714 532 1928 598 quarto
1966 528 2125 596 capi-

475 632 529 682 te
556 623 890 697 praedictum
922 624 1031 676 est.

545 712 680 767 Ovis
729 714 918 765 autem
967 723 1175 764 errans
1221 708 1370 764 ordo
1418 712 1505 763 est
1557 706 1871 765 hominum
1928 702 2031 776 qui
2090 717 2128 758 a

474 801 574 864 Dei
595 800 735 857 ovili
756 798 1023 870 abjectus
1050 802 1156 866 est,
1187 803 1243 854 et
1266 802 1504 854 secutus
1524 795 1766 853 fallaces
1791 794 2123 851 daemones.

548 981 773 1036 Montes
822 992 965 1034 vero
994 974 1326 1033 secundum
1351 975 1586 1048 aliquos
1620 973 1839 1031 coelum
1884 973 2129 1045 propter

476 1067 867 1133 altitudinem,
894 1066 957 1123 in
984 1081 1109 1138 quo
1134 1065 1279 1122 alios
1310 1064 1547 1121 ordines
1593 1062 1927 1135 dereliquit.
1956 1062 2129 1116 Juxta

476 1158 627 1217 alios
685 1160 908 1224 autem,
971 1158 1148 1222 terra,
1200 1159 1436 1225 propter
1491 1156 1749 1222 agrestes
1801 1150 2127 1216 dmmones,

478 1248 583 1320 qui
614 1246 674 1301 in
699 1261 771 1301 ea
795 1243 1154 1301 commorari
1212 1242 1496 1313 gaudent,
1552 1246 1840 1313 tanquam
1894 1239 2031 1295 ferte
2072 1238 2130 1293 in

479 1336 787 1392 montibus
814 1350 833 1400 ;
867 1337 923 1388 et
950 1331 1092 1405 quia
1144 1331 1394 1387 fructum
1422 1345 1545 1386 non
1585 1330 1769 1385 defert
1824 1329 2019 1385 lenem
2078 1332 2135 1383 et

482 1440 744 1489 suavem,
800 1422 905 1495 qui
931 1436 1178 1476 suavem
1210 1420 1526 1476 Dominum
1559 1424 1823 1475 nostrum
1862 1417 2129 1483 delectet,

484 1514 587 1568 sed
602 1515 898 1581 agrestem
916 1513 973 1565 et
988 1508 1291 1576 acerbum,
1304 1508 1406 1580 qui
1426 1506 1642 1563 acerbo
1670 1509 1906 1563 Satanae
1927 1504 2131 1561 suavis

484 1601 582 1658 sit.
610 1600 697 1655 Ad
722 1601 827 1656 hos
856 1597 1155 1671 profectus
1167 1600 1274 1662 est,
1307 1600 1367 1651 ut
1386 1601 1615 1669 quaerat
1629 1612 1797 1651 ovem
1816 1601 2129 1651 errantem.

2236 427 2554 486 τελέιότητος
2610 427 2754 478 εἴωθε
2808 428 3023 492 τιθέναι,
3057 428 3284 498 καθάπερ
3318 433 3400 478 καὶ
3441 427 3514 480 ἐπὶ
3554 437 3629 491 τῆς
3660 440 3749 501 γῆς,

2236 524 2327 576 τῆς
2378 518 2812 589 καρποφορούσης
2866 513 2912 566 ἓν
2944 515 3055 585 (70)
3096 516 3272 567 ἑκατόν
3304 518 3367 577 ὡς
3414 515 3456 569 ἐν
3484 526 3544 587 τῷ
3586 520 3751 590 εἰκοστῷ

2235 608 2458 680 τετάρτῳ
2488 604 2744 676 κεφαλαίῳ
2774 610 3103 679 προείρηται,

2310 699 2573 767 Πρόκατον
2606 690 2665 745 δε
2694 692 3016 765 πλανώμενον
3057 696 3115 746 τὸ
3164 695 3333 765 τάγμα
3380 702 3469 746 τῶν
3512 694 3753 770 ἀνθρώπων,

2238 785 2309 844 ὡς
2339 780 2627 855 ἀπορραγὲν
2658 789 2756 843 τῆς
2784 785 3007 854 ποίμνης
3038 788 3129 834 τοῦ
3166 788 3319 847 Θεοῦ,
3347 786 3429 834 καὶ
3465 781 3754 843 ἀκολουθῆσαι

2236 878 2341 931 τοῖς
2372 870 2683 929 ἀπατήσασι
2716 867 2985 943 δαίμοσιν.

2308 959 2445 1032 Ὀρη
2480 956 2558 1030 δε,
2590 962 2725 1012 κατὰ
2776 964 2866 1034 μέν
2903 980 3068 1026 τινας,
3131 961 3158 1012 6
3209 959 3415 1033 οὐρανὸς
3456 960 3574 1031 (71),
3603 957 3678 1013 δια
3715 965 3757 1014 τό

2239 1048 2391 1120 ὕψος,
2448 1048 2523 1121 ἐφ’
2552 1048 2613 1101 οὗ
2664 1050 2731 1101 τὰ
2809 1047 2937 1101 ἀλλα
3002 1050 3248 1122 τάγματα
3301 1048 3611 1102 καταλέλοιπε·
3659 1052 3760 1102 κατᾶ

2242 1135 2303 1192 δέ
2327 1157 2467 1198 τινας
2500 1139 2550 1207 ,ἡ
2604 1145 2697 1209 γῆ,
2728 1133 2820 1190 διὰ
2856 1141 2915 1190 τὸ
2961 1142 3079 1199 τοὺς
3126 1137 3340 1213 ἀγρίους
3391 1135 3612 1211 δαίμονας
3651 1138 3760 1210 ἐμφι-

2240 1227 2493 1300 λοχωρείν
2542 1227 2704 1299 αὐτῇ,
2752 1228 2985 1302 καθάπερ
3035 1231 3101 1280 τὰ
3159 1230 3317 1300 θηρία
3361 1235 3461 1290 τοῖς
3516 1232 3653 1302 ὄρεσι,
3696 1232 3763 1280 καὶ

2245 1313 2339 1369 διὰ
2393 1319 2451 1368 τὸ
2510 1320 2581 1387 μὴ
2638 1320 2804 1389 φέρειν
2858 1321 3057 1390 καρπόν
3113 1320 3323 1389 ἥμερον,
3380 1316 3667 1389 εὐφραίνοντα
3698 1320 3761 1368 τὸν

2245 1405 2432 1478 ἢμερον
2479 1408 2741 1463 Δεσπότην
2794 1407 2958 1477 ἡμῶν,
3018 1404 3125 1457 ἀλλ’
3172 1408 3371 1479 ἄγριον,
3424 1402 3649 1463 ἠδύνοντα
3700 1409 3762 1457 τὸν

2244 1496 2422 1567 ἄγριον
2482 1501 2728 1546 Σατανᾶν·
2808 1496 2885 1567 ἐφ’
2944 1494 2978 1546 οἱ
3036 1494 3286 1570 ἐπορεύθη
3348 1496 3503 1555 ζητῶν
3564 1497 3613 1546 τό
3672 1493 3763 1546 πλαο

2246 1589 2490 1655 νὼμενον.
2549 1583 2608 1636 Εἰ
2666 1579 2725 1636 δὲ
2774 1585 3043 1657 ἄνθρωπος
3087 1584 3147 1635 οὐ
3191 1589 3405 1657 περιορᾷ
3431 1584 3699 1656 πλανώμενον
3720 1587 3761 1635 τὸ

486 1690 658 1757 Quod
687 1689 733 1744 si
757 1685 1667 1743 homoerrantemirrationalem
1694 1701 1863 1742 ovem
1893 1700 2013 1741 non
2038 1685 2124 1741 de-

2251 1672 2430 1743 ἄλογον
2478 1671 2756 1748 πρόϐατον,
2808 1678 2981 1725 καίτοι
3027 1673 3189 1726 πολλὰ
3237 1676 3374 1744 ἔχων
3426 1671 3599 1730 ἀπλανῆ
3638 1671 3762 1742 πολλῷ

488 1780 678 1853 spicit,
694 1794 834 1835 cum
848 1781 1049 1833 tamen
1063 1775 1282 1833 multas
1297 1775 1520 1832 habeat
1533 1790 1654 1831 non
1669 1781 1953 1837 errantes,
1987 1774 2137 1830 mul-

487 1873 547 1926 to
571 1868 761 1937 magis
784 1869 936 1923 Deus
964 1864 1310 1922 rationalem
1325 1880 1448 1921 non
1469 1864 1744 1938 despicit,
1766 1864 1939 1935 cujus
1968 1863 2136 1919 mise-

486 1957 743 2015 ricordia
772 1956 851 2011 ad
883 1956 1208 2012 humanam
1242 1958 1345 2024 est,
1400 1954 1550 2011 sicut
1593 1969 1758 2011 mare
1823 1958 2012 2010 totum
2065 1952 2136 2007 ad

486 2062 669 2103 unam
694 2060 865 2117 aquae
897 2048 1151 2114 guttam.

556 2136 717 2191 Vers.
751 2136 920 2190 13.1?!
949 2162 1021 2177 -—-
1043 2134 1482 2190 aberraverunt.
1507 2135 1709 2206 Neque
1734 2132 2139 2189 enimtantum

488 2224 822 2297 gaudemus
847 2222 1025 2279 dehis
1039 2238 1172 2296 qum
1204 2238 1403 2279 secure
1417 2222 1812 2295 possidemus,
1842 2227 2141 2294 quantum

488 2314 565 2371 de
594 2329 665 2371 eo
685 2312 849 2383 quod
880 2316 1199 2384 postquam
1232 2312 1523 2384 perditum
1554 2317 1675 2367 erat
1694 2312 1999 2367 inventum
2032 2316 2139 2367 est.

490 2401 719 2458 Etenim
746 2417 883 2456 cum
911 2400 1006 2455 illa
1020 2416 1254 2472 semper
1270 2399 1615 2463 habeamus,
1649 2415 1772 2457 non
1795 2399 1947 2456 adeo
1970 2399 2145 2456 senti-

492 2507 628 2548 mus
654 2490 929 2559 gaudium
947 2490 1112 2562 quod
1131 2489 1210 2545 de
1240 2489 1385 2562 ipsis
1400 2488 1698 2546 habemus
1732 2506 1745 2547 :
1779 2506 1913 2545 cum
1942 2494 2143 2545 autem

490 2578 638 2637 illud
667 2578 1123 2651 perdiderimus,
1150 2594 1221 2635 ac
1260 2578 1635 2635 vehementer
1684 2578 2016 2635 contristati
2072 2576 2146 2635 si-

490 2684 650 2735 mus,
685 2674 971 2740 tanquam
1019 2667 1246 2725 damno
1293 2667 1539 2725 affecti:
1586 2668 1691 2724 ubi
1712 2668 2139 2733 invenerimus,

494 2756 874 2814 vehementer
897 2755 1253 2827 gaudemus,
1286 2760 1578 2830 tanquam
1602 2755 1749 2813 illud
1768 2756 2006 2814 lucrati.

566 2847 728 2903 Vers.
770 2848 855 2903 14.
893 2848 987 2903 Ita
1013 2875 1083 2889 —
1104 2846 1377 2904 istorum.
1410 2846 1516 2912 Ita,
1547 2846 1698 2903 sicut
1726 2846 1931 2904 docuit
1974 2862 2145 2919 para-

494 2935 655 2995 bola.
682 2939 911 2993 Patrem
941 2951 1080 2992 vero
1095 2935 1521 3008 discipulorum
1550 2935 1815 3009 seipsum
1831 2937 2102 2993 nominat
2128 2952 2142 2993 :

2246 1761 2434 1834 μᾶλλον
2482 1762 2508 1813 ό
2554 1765 2685 1824 Θεὸς
2714 1765 2773 1814 τὸ
2810 1762 3040 1834 λογικόν,
3073 1763 3275 1824 οὗτινος
3326 1763 3350 1814 6
3398 1762 3517 1822 ἕλεος
3560 1764 3658 1835 πρὸς
3697 1779 3760 1812 τον

2248 1850 2564 1926 ἀνθρώπινον
2616 1850 2748 1905 ἔλεον
2796 1854 2865 1914 ὡς
2907 1852 2997 1910 ὅλη
3046 1851 3287 1905 θάλασσα
3311 1854 3437 1925 πρός
3463 1856 3571 1924 μίαν
3597 1854 3767 1921 σταγόνα

2248 1938 2466 2001 ὕδατος.

2322 2134 2427 2188 Καὶ
2479 2165 2548 2177 -
2604 2134 3032 2209 πεπλανημένοις.
3085 2135 3161 2188 Οὐ
3204 2138 3450 2190 τοσοῦτον
3490 2137 3579 2208 γὰρ
3626 2138 3767 2207 χαὶρο·

2252 2241 2341 2295 μεν
2395 2222 2467 2295 ἐφ’
2500 2220 2572 2284 οἷς
2621 2223 2865 2297 ἀσφαλῶς
2912 2227 3121 2298 ἔχομεν,
3172 2227 3296 2277 ὅσον
3338 2224 3419 2279 έπι
3460 2232 3526 2295 τῷ
3567 2227 3673 2297 μετά
3704 2227 3768 2279 τὴν

2254 2311 2505 2365 ἀπώλειαν
2551 2314 2822 2387 εὑρεθέντι.
2886 2316 2989 2369 Καὶ
3035 2317 3137 2387 ’γὰρ
3194 2313 3366 2367 έκείνα
3419 2317 3502 2387 μεν
3547 2312 3614 2365 ἀεὶ
3665 2314 3769 2383 έχον-

2251 2420 2355 2465 τες,
2387 2400 2445 2455 οὐ
2489 2410 2736 2455 τοσοῦτον
2786 2403 3143 2476 αἰσθανόμεθα
3194 2412 3288 2465 τῆς
3345 2409 3524 2477 χαρᾶςο
3571 2408 3692 2455 τοῦτο
3730 2397 3771 2451 δε

2253 2488 2611 2557 ἀπολέσαντες,
2670 2496 2759 2544 καὶ
2818 2489 3025 2567 σφόδρα
3070 2491 3400 2555 λῦπηθέντες,
3450 2496 3509 2553 ὡς
3550 2491 3771 2563 ζημιωθέν-

2252 2598 2350 2646 τες,
2411 2577 2520 2633 εἶτα
2569 2582 2818 2657 εὑρόντες,
2875 2578 3084 2656 σφόδρα
3127 2586 3216 2634 καὶ
3275 2587 3542 2657 χαίρομιν,
3590 2582 3645 2640 ὡς
3694 2596 3772 2652 κιρ-

2255 2665 2534 2731 δήσαντες.

2327 2869 2508 2929 Οὕτως
2550 2897 2618 2909 -
2668 2869 2886 2924 τούτων.
2942 2866 3135 2933 Οὕτως,
3192 2870 3263 2930 ὡς
3324 2864 3549 2930 έδίδαξεν
3585 2866 3609 2923 ἦ
3650 2880 3778 2935 παρα-

2256 2954 2401 3014 ϐολή.
2477 2960 2682 3031 Πατέρα
2750 2953 2810 3011 δε
2860 2965 2961 3009 τῶν
3034 2958 3281 3030 μαθητῶν
3361 2957 3529 3011 ἑαυτὸν
3594 2951 3781 3025 ὀνομάζει

496 3040 621 3083 non
671 3023 866 3081 solum
905 3029 1192 3098 tanquam
1230 3024 1500 3098 ipsorum
1540 3029 1989 3099 praeceptorem,
2042 3042 2124 3082 sec

2254 3053 2343 3098 νῦν
2387 3044 2445 3099 οὐ
2484 3023 2639 3119 μόνον
2686 3046 2757 3109 ὣς
2804 3023 3151 3112 διδάσκαλον,
3204 3044 3340 3100 ἀλλὰ
3367 3051 3454 3100 καὶ
3481 3049 3542 3108 ὡς
3579 3023 3781 3115 δημιουρ·

498 3113 681 3171 etiam
707 3117 990 3187 tanquam
1005 3117 1354 3172 creatorem.
1374 3115 1531 3173 Scire
1546 3115 1705 3172 enim
1730 3119 1963 3189 oportet
1981 3115 2148 3189 quod

495 3202 797 3261 interdum
820 3205 1049 3260 Patrem
1080 3220 1258 3261 suum
1275 3204 1416 3261 dicit
1439 3205 1672 3262 Patrem
1688 3204 2143 3278 discipulorum,

498 3291 798 3350 interdum
837 3308 973 3349 vero
1003 3292 1287 3366 seipsum.

572 3382 782 3440 Coram
844 3383 1015 3439 Patre
1068 3388 1260 3440 vestro
1316 3386 1536 3450 autem,
1576 3382 1692 3439 hoc
1730 3388 1838 3449 est,
1870 3383 1931 3440 in
1980 3384 2150 3441 Patre

499 3477 713 3529 vestro.
738 3475 883 3529 Nam
904 3476 961 3528 et
987 3471 1083 3527 hic
1114 3487 1309 3528 sermo
1326 3472 1545 3543 linguae
1567 3472 1897 3543 proprietas
1922 3478 2032 3529 est.
2056 3476 2153 3528 Ve-

500 3577 637 3618 rum
668 3561 978 3632 quomodo
1012 3560 1250 3629 signum
1290 3576 1413 3617 non
1442 3560 1601 3617 dedit
1631 3575 1755 3633 quo
1786 3561 2030 3631 pusillos
2059 3578 2153 3618 co-

501 3648 722 3719 gnituri
760 3650 947 3704 simus
974 3650 1001 3704 ?
1034 3650 1101 3705 Ut
1131 3664 1269 3705 eum
1296 3648 1400 3721 qui
1428 3648 1649 3720 dignus
1680 3653 1768 3705 est
1790 3648 2148 3720 ignorantes,

501 3736 734 3793 nullum
752 3734 1178 3809 despiciamus,
1198 3737 1303 3793 sed
1317 3736 1591 3793 omnium
1604 3752 1809 3793 curam
1821 3736 2151 3796 habeamus

574 3932 743 3990 Vers.
787 3934 870 3989 15.
904 3932 973 3989 Si
1005 3963 1076 3975 —
1103 3932 1305 3990 solum.
1355 3933 1508 4000 Quia
1538 3932 1877 3993 vehementi
1930 3950 2149 3993 sermo-

502 4036 578 4077 ne
601 4020 882 4077 disseruit
911 4021 1196 4077 adversus
1224 4036 1328 4078 eos
1352 4022 1457 4097 qui
1487 4026 1625 4080 sunt
1673 4022 2035 4082 oﬂ‘endiculo
2060 4025 2152 4082 vel

500 4110 836 4178 obstaculo,
866 4114 922 4167 et
952 4110 1215 4183 undique
1244 4126 1348 4167 eos
1377 4112 1581 4169 terruit
1609 4129 1629 4169 :
1659 4113 1902 4170 tandem
1946 4114 2023 4171 ad
2048 4130 2151 4171 eos

499 4215 743 4273 quoque
771 4200 993 4266 transit,
1021 4200 1127 4273 qui
1153 4200 1459 4273 patiuntur
1483 4200 1937 4276 oﬂ‘endiculum,
1966 4208 2022 4261 et
2052 4204 2153 4276 ju-

497 4289 598 4346 bet
612 4305 733 4346 non
754 4290 1058 4363 aspernari
1078 4305 1182 4346 eos
1198 4291 1302 4364 qui
1323 4294 1461 4348 sunt
1486 4290 1847 4349 oﬁendiculo
1868 4294 2150 4350 .Fratrem

2255 3139 2367 3208 γόνυ
2424 3138 2539 3208 Χρὴ
2594 3137 2695 3209 γὰρ
2756 3139 3050 3207 γὶνώσκειν,
3101 3136 3182 3189 ὅτι
3232 3141 3363 3190 ποτέ
3409 3138 3495 3209 μεν
3535 3136 3607 3187 τόν
3644 3131 3779 3184 ἑαυτοῦ

2259 3228 2467 3299 Πατέρα
2511 3224 2648 3297 λέγει
2696 3228 2905 3300 Πατέρα
2958 3233 3058 3277 τῶν
3111 3226 3386 3298 μαθητῶν,
3440 3226 3551 3278 ποτε
3600 3218 3648 3275 δε
3692 3219 3781 3271 εαυ-

2256 3332 2342 3368 τον
2350 3355 2363 3368 ο

2328 3401 2655 3477 Ἐμπροσθεν
2712 3399 2771 3456 δε
2831 3410 2927 3455 τοῦ
2979 3405 3185 3477 Πατρός
3251 3404 3419 3477 ὑμῶν,
3473 3401 3575 3455 ἀντὶ
3620 3405 3708 3465 τοῦ,
3751 3394 3783 3446 ἐν

2259 3501 2331 3563 τῷ
2385 3496 2552 3566 Πατρὶ
2604 3490 2765 3565 ὑμῶν.
2818 3488 3046 3565 ’ἰδίωμα
3092 3495 3193 3565 γὰρ
3257 3498 3350 3546 καὶ
3410 3492 3551 3553 οὗτος
3596 3491 3617 3541 ό
3656 3486 3779 3556 λόγος·

2260 3581 2417 3636 Ἀλλὰ
2462 3590 2568 3644 πῶς
2617 3581 2675 3633 οὗ
2727 3578 3000 3655 παρέδωκε
3045 3587 3344 3655 γνώρισμα,
3408 3578 3479 3635 δι’
3506 3580 3562 3633 οὗ
3596 3580 3785 3638 τοὺςτοι·

2261 3674 2445 3733 ούτους
2495 3674 2716 3745 μικροὺς
2764 3669 3032 3744 έμέλλομεν
3072 3669 3481 3743 έπεγινὼσκεινς
3523 3669 3633 3732 Ἰνα,
3676 3663 3784 3733 67’0-

2260 3767 2433 3823 οῦντες
2461 3763 2546 3813 τόν
2577 3760 2740 3825 ἄξιον,
2773 3755 2997 3832 μηδενός
3039 3769 3442 3834 καταφρονῶμεν
3486 3758 3603 3812 ἀλλὰ
3637 3755 3783 3808 πέπων

2261 3848 2636 3923 ἕπιμελώμεθα.

2330 3937 2445 3992 Ἐάν
2495 3968 2563 3979 -
2617 3942 2796 4012 μόνον.
2858 3934 3067 3997 Ἐπειδή
3127 3934 3361 4012 σφοδρόν
3414 3941 3646 3991 κατέτεινε
3680 3931 3785 4001 λόγον

2260 4030 2394 4081 κατὰ
2437 4034 2537 4079 τῶν
2588 4023 3059 4092 σκανδαλιζόντων,
3113 4031 3203 4079 καὶ
3274 4028 3595 4099 πανταχόθεν
3654 4021 3787 4075 αὐτοὺς

2260 4116 2500 4190 έφόϐησε,
2551 4116 2729 4169 λοιπόν
2776 4115 3074 4189 μεταϐαίνει
3119 4121 3208 4169 καὶ
3275 4116 3361 4170 επὶ
3408 4120 3523 4178 τοὺς
3576 4106 3789 4167 σκανδαλι-

2263 4209 2526 4279 ζομένους,
2585 4210 2673 4258 καὶ
2739 4204 2929 4259 κελεύει
3002 4210 3073 4278 μὴ
3150 4204 3356 4278 ἀμελεῖν
3431 4214 3527 4259 τῶν
3579 4195 3793 4256 σκανδαλι-

2261 4297 2479 4349 σάντων.
2532 4290 2779 4367 Ἀδελφόν
2838 4291 2897 4347 δε
2938 4294 3070 4366 λέγει
3113 4297 3199 4347 τὸν
3246 4294 3505 4368 ὁμόφυλόν
3542 4295 3623 4345 καὶ
3662 4289 3791 4360 ὁμέπι·

496 4382 696 4437 autem
727 4378 888 4445 dicit,
918 4378 1189 4451 ejusdem
1214 4379 1407 4450 gentis
1433 4395 1503 4437 ac
1532 4379 1671 4437 ﬁdei
1718 4381 2048 4439 hominem.
2084 4382 2124 4437 E

2260 4403 2401 4439 στον.
2462 4388 2563 4437 Καὶ
2592 4380 2769 4442 έπειδὴ
2799 4384 2825 4435 ό
2859 4379 3219 4445 σκανδαλίσας
3264 4384 3363 4437 οὐκ
3407 4383 3467 4436 ἂν
3512 4381 3711 4453 εὐχερῶς
3740 4371 3797 4425 δι’

496 4468 640 4542 quia
685 4468 735 4524 is
764 4470 869 4541 qui
896 4468 1005 4525 fuit
1035 4468 1395 4525 oﬂ‘endiculo
1426 4484 1549 4525 non
1576 4468 1749 4527 facile
1788 4470 2009 4527 veniret
2070 4470 2147 4528 ad

492 4557 928 4614 confessionem
950 4558 1489 4630 autpurgationem,
1522 4558 1734 4615 rubore
1762 4574 1828 4615 ac
1854 4559 2148 4617 confusio-

496 4658 571 4697 ne
597 4645 887 4711 detentus,
929 4647 1090 4702 ducit
1129 4647 1296 4703 illum
1329 4648 1433 4720 qui
1460 4647 1881 4704 offendiculum
1932 4664 2148 4720 passus

497 4735 587 4785 est
607 4730 684 4786 ad
698 4748 855 4788 eum.
879 4734 1009 4800 Abi,
1034 4735 1245 4807 inquit,
1272 4740 1327 4792 et
1349 4751 1531 4807 argue
1557 4752 1717 4803 eum,
1743 4737 1857 4793 hoc
1878 4742 1985 4805 est,
2014 4754 2149 4809 sug-

496 4832 633 4887 gere
660 4821 821 4891 quod
855 4820 1025 4877 fuerit
1075 4823 1430 4881 offendiculo
1461 4846 1475 4882 :
1506 4825 1654 4882 doce
1707 4825 1871 4898 quod
1925 4827 2146 4899 injuste

495 4906 700 4976 egerit,
742 4907 995 4965 fraterne
1027 4920 1227 4968 tamen
1285 4913 1430 4970 etin
1481 4916 1732 4972 modum
1777 4915 2145 4985 corrigentis,

495 5011 611 5053 non
642 4998 816 5070 quasi
854 4997 1127 5055 inimicus
1170 5006 1273 5058 aut
1301 5002 1659 5076 increpans;
1712 5008 1769 5061 et
1801 5009 1865 5061 ut
1916 5003 2146 5062 facilius

2260 4475 2341 4527 θοι
2410 4476 2535 4549 πρός
2591 4470 2892 4544 ἀπολογίαν,
2952 4474 3201 4546 ἕρυθριῶν
3258 4493 3315 4528 τε
3387 4478 3478 4525 καὶ
3539 4466 3796 4541 αἰσχυνόμε-

2256 4581 2341 4624 νος
2388 4565 2474 4614 τόν
2526 4557 2995 4628 σκανδαλισθέντα,
3048 4565 3186 4635 φέρει
3258 4561 3378 4635 (72)
3454 4563 3577 4635 πρὸς
3642 4556 3797 4609 ἐκεῖνον.

2255 4654 2447 4721 Ὕπαγε
2514 4652 2639 4723 γὰρ,
2698 4656 2848 4723 φησὶ,
2922 4655 3012 4703 καὶ
3082 4650 3281 4722 ἔλεγξον
3347 4650 3523 4721 αὐτόν,
3576 4647 3796 4703 τουτέστιν,

2258 4740 2559 4811 ὑπόμνησον
2611 4742 2689 4793 ὃτι
2747 4735 3111 4805 ἕσκανδάλισε,
3170 4736 3396 4804 δίδαξον
3460 4742 3539 4792 ὅτι
3605 4731 3797 4795 ἠδίκησε·

2256 4827 2388 4886 πλὴν
2428 4825 2713 4901 ἀδελφικῶς
2760 4848 2813 4883 τε
2851 4834 2940 4881 καὶ
2984 4826 3019 4881 δ
3025 4830 3361 4901 ιορθωτικῶς,
3398 4834 3489 4882 καὶ
3532 4831 3600 4900 μὴ
3640 4823 3800 4895 ἕχθιου’

2259 4913 2365 4978 δῶς
2411 4937 2465 4972 τε
2519 4923 2611 4971 καὶ
2657 4917 3061 4980 έπεπληκτικῶς.
3124 4923 3222 4972 Καὶ
3267 4921 3356 4973 ἵνα
3409 4907 3800 4993 εὐπαριλὶδειιτθςὁ

2256 5005 2473 5079 ἔλεγχος
2521 5012 2740 5080 γένοιτο,
2798 5012 3077 5084 προτρέπει
3132 5007 3328 5081 μεταξὺ
3395 5018 3496 5063 τῶν
3544 5004 3633 5061 δύο
3676 5005 3801 5075 μόνων

1725 5244 1943 5313 Varia;
1978 5244 2310 5319 lectiones
2336 5252 2631 5318 etnotae.

580 5534 672 5611 ᾙ)
697 5534 756 5611 '9
785 5536 1022 5611 οὐρανός,
1049 5534 1354 5611 αδεὶωῐᾼ.

581 5463 673 5542 20)
697 5465 1055 5542 ponstanter
1084 5479 1225 5542 ergo
1254 5466 1466 5542 probat
1506 5465 1578 5540 έν,
1607 5483 1720 5542 pro
1771 5468 1998 5542 vulgari
2058 5471 2136 5529 ὃν.

554 5465 673 5681 370;
697 5465 1055 5553 ponstanter
1084 5479 1225 5537 ergo
1254 5466 1466 5540 probat
1506 5465 1578 5540 έν,
1607 5483 1720 5542 pro
1771 5468 1998 5542 vulgari
2058 5471 2136 5529 ὃν.

580 5537 642 5592 71
713 5544 756 5589 0
785 5536 1354 5611 oﬁpavdg,absuntA.

579 5610 671 5681 72)
724 5609 1181 5683 Interposuerim
1239 5609 1393 5664 αὐτόν
1447 5614 1549 5671 aut
1589 5630 1789 5683 τουτον,
1844 5612 1885 5674 i.
1942 5629 1995 5671 e.
2049 5614 2138 5666 τὸν

2248 5468 2718 5546 σκανδαλισθέντα.
2749 5471 3093 5546 ﬂentenius,
3108 5476 3203 5546 Aut
3227 5471 3491 5546 videtur,
3517 5463 3799 5546 paraphra-

2247 5548 2401 5601 stam
2425 5544 2577 5616 egit.
2624 5545 2731 5601 Vix
2771 5545 2930 5616 enim
2960 5542 3242 5602 credibile
3278 5551 3395 5613 est,
3434 5541 3600 5602 illum
3634 5541 3799 5596 iterum

2244 5612 2557 5687 reperisse,
2583 5617 2671 5671 τὸν
2704 5612 3177 5674 σκανδαλισθέντα.
