3906 6202
173 266 262 324 505

1039 271 1404 331 COMMENT.
1446 276 1521 332 IN
1562 276 2006 337 MATTHA‘IUM.
2045 310 2113 322 —
2153 281 2313 341 CAP.
2346 283 2545 341 XVIII.

3342 296 3450 354 506

179 390 366 463 γίνεσθαι
411 396 589 455 τοῦτον,
648 395 850 464 μήποτε
931 392 1304 470 δημοσιευθεὶς
1370 401 1676 477 ἰταμώτερος

1822 404 1982 476 ’θοὶρὶ
2012 407 2533 482 possitcorreptio,
2556 411 2905 470 exhortatur
2943 420 3004 472 ut
3025 415 3134 473 ﬁat
3155 416 3304 475 inter
3328 420 3452 477 duo

177 484 345 550 γένηται
363 482 433 532 καὶ
457 474 852 552 δυσδιόρθωτος.

222 736 314 789 Ἐὰν
344 766 398 777 -
445 755 550 792 σου.
603 739 720 792 Ἐάν
783 761 868 795 σοι
918 747 1106 819 πεισθῇ
1166 743 1539 820 διορθουμένῳ,
1593 754 1684 804 καὶ

164 830 415 897 μετανοήσῃ,
463 832 545 881 καὶ
610 840 852 903 καταγνῷ
911 832 1116 903 ἑαυτοῦ,
1200 834 1493 912 ἕκέρδησας
1547 843 1683 912 μέγα

163 910 317 986 κέρδος,
361 914 495 968 αὐτὸν
539 920 624 970 τόν
687 917 905 994 ἀδελφόν
963 942 1080 992 σου,
1141 927 1200 978 τὸ
1247 925 1394 998 μὲλος
1448 931 1508 980 τὸ
1567 932 1679 986 σόν.

165 1007 324 1076 Πρῶτον
345 1006 433 1077 γὰρ
461 1003 668 1079 ίξημιοῦ
712 1016 912 1078 τοῦτον,
967 1008 1062 1066 διά
1100 1021 1194 1067 τοῦ
1234 1011 1530 1070 σκανδάλου
1558 1017 1678 1092 ,ῥη-

166 1090 347 1162 τνύειενον
391 1091 482 1146 ἀπὸ
534 1103 630 1159 τῆς
686 1094 966 1173 ἀδελφικῆς
1034 1121 1128 1156 σου
1205 1110 1498 1179 συναφείας,
1551 1090 1674 1180 ὅπερ

170 1177 309 1248 μεγάλη
333 1180 479 1253 ζημία
504 1191 609 1246 τοῖς
637 1184 843 1251 ἀληθῶς
867 1186 1126 1257 ἀδελφοῖς.

219 1266 551 1346 Ἐὰν-ῥῆμα.
599 1274 818 1337 Ἐπειδὴ
869 1285 1022 1352 μόνος
1071 1281 1336 1347 ἠτόνησας
1379 1283 1673 1359 ἰατρεῦσαι,

163 1356 354 1427 παραλαϐι
403 1365 524 1432 μετά
579 1372 679 1417 σοῦ
731 1368 805 1419 ἔτι
848 1373 918 1440 μὴ
974 1369 1212 1438 πολλοῦς,
1275 1375 1360 1427 ἶνα
1400 1356 1476 1446 μη
1518 1374 1672 1429 πάλιν

155 1438 306 1538 ἐκεῖνος,
366 1445 507 1512 δόξας
583 1438 1024 1528 ἕκπομπεύεσθαι,
1076 1438 1422 1536 σκληρότερος
1478 1461 1670 1538 ἀποϐῇ,

153 1527 317 1625 ἕνα
346 1534 492 1625 ἦᾷδύο
543 1540 798 1614 βοηθούς,
835 1546 933 1615 ἱνα,
985 1547 1028 1604 εἰ
1071 1527 1303 1623 impr-iw:
1328 1527 1425 1624 ’μὴ
1471 1527 1673 1625 μαλασ-

153 1622 327 1691 σόμενος,
367 1623 455 1680 ὦσι
507 1636 596 1684 καὶ
646 1635 906 1710 μάρτυρες
957 1645 1048 1699 τῆς
1090 1658 1144 1692 τε
1176 1647 1270 1701 σῆς
1304 1660 1673 1716 χρηστοτητος

150 1713 212 1760 καὶ
249 1719 327 1775 τῆς
358 1713 533 1771 ἐκείνου
570 1721 948 1796 σκληρότητος,
1003 1731 1091 1780 καὶ
1141 1730 1224 1782 ἱνα
1255 1713 1390 1783 κοιτά
1440 1733 1535 1790 τὴν
1580 1738 1672 1794 τῆς
1699 1735 1744 1796 Β

148 1796 316 1861 παλαιᾶς
353 1808 665 1880 νομοθεσίας,
719 1810 979 1885 ἀπόφασιν
1028 1814 1111 1868 ἐπὶ
1171 1822 1448 1892 στόματος,
1507 1819 1669 1892 ἤγουν

146 1880 212 1938 διὰ
230 1896 463 1963 στόματος,
505 1893 603 1951 δύο
648 1904 923 1976 μαρτύρων
961 1908 992 1966 ἦ
1024 1914 1180 1981 τριῶν
1211 1910 1402 1983 σταθῇ,
1428 1914 1670 1964 τουτέστι

143 1972 345 2054 βεϐαιωθῇ
373 1991 466 2038 πᾶν
489 1988 659 2062 ῥῆμα,
696 1992 723 2044 ὃ
753 1990 912 2060 ἐστιν,
959 1997 1039 2049 ὅτι
1071 2001 1136 2050 σὺ
1178 2000 1238 2052 τὸ
1271 2001 1361 2052 σὸν
1391 1999 1666 2072 ἐποίησας,

139 2070 203 2160 διαὶ
222 2065 342 2123 οὐδὲν
376 2072 606 2143 ἐνέλιπες,
661 2089 842 2157 πρῶτα
882 2088 973 2156 μὲν
1009 2091 1164 2160 μόνος
1209 2088 1458 2156 ἀπελθὼν,
1491 2092 1668 2146 ἔπειτα

142 2148 272 2246 depasti
295 2158 461 2227 ἄλλους
489 2148 935 2246 συμπαραλαϐῶν.

189 2242 277 2297 Ἐὰν
338 2281 400 2293 —-
450 2242 765 2332 Ἐκκλησία,
825 2262 1135 2322 Ἐκκλησίαν
1189 2264 1325 2338 λέγει
1379 2275 1474 2321 νῦυ
1544 2273 1667 2335 τοὺς

138 2345 400 2432 acueram;
438 2353 531 2408 τῆς
596 2347 916 2413 Ἐκκλησίας
965 2361 1064 2406 τῶν
1114 2363 1336 2408 πιστῶν.
1386 2356 1664 2432 Ἀνοέγγει-

137 2416 198 2471 λον
231 2425 380 2493 αὐτοῖς
421 2434 483 2486 τὰ
519 2441 646 2512 περὶ
675 2438 854 2492 αὐτοῦ’
901 2445 1032 2505 ἴσως
1077 2442 1228 2498 αάτοὶ
1279 2454 1460 2504 τοῦτον
1507 2469 1681 2522 μεταο,

139 2514 366 2585 πείσουσιν,
396 2519 703 2598 αἰδούμενον
733 2533 828 2587 τὴν
849 2531 1114 2607 ὑπεροχὴν
1143 2534 1330 2593 αὐτῶν.

192 2598 282 2697 Ἐςὶν
317 2637 376 2648 -
422 2611 608 2674 τελώνη
622 2635 664 2678 ς.
725 2615 898 2672 Ἔστω
942 2598 1036 2674 ’σοι
1087 2622 1266 2678 λόιπόν
1301 2624 1659 2697 ἀκοινώνητος,

138 2706 193 2782 “ﬁ
231 2690 408 2759 ἀνίατος.
457 2708 580 2765 Τοῖς
629 2703 848 2770 ἐθνικοῖς
911 2705 989 2766 δὲ.
1047 2720 1151 2774 τοῖς
1207 2712 1465 2782 ἀπίστοις,
1540 2722 1661 2782 τοῦς

338 2791 590 2858 σννέζευξε
651 2790 746 2847 διὰ
799 2799 859 2849 τὸ
927 2798 1318 2876 φιλοχρήματον
1369 2774 1463 2859 καί
1514 2774 1659 2861 πλεοζ

127 2873 320 2940 δεκτικὸν,
345 2881 427 2930 καὶ
455 2877 786 2954 ἀσυμπαθες,
817 2891 906 2940 καὶ
942 2885 1154 2949 ἄδικον.

118 3225 132 3240 ⁸
174 3141 447 3224 ’Δκούτωμεν
505 3159 555 3211 οἱ
600 3166 712 3221 τοῖς
757 3179 1015 3226 τοιουτοις
1063 3168 1280 3222 πόθεσιν
1334 3168 1651 3246 ἐνεχόμενοι.

134 3235 218 3332 ρξα
266 3234 544 3335 (ἲς-πόσην
611 3246 854 3311 σπουδὴν
926 3250 1292 3321 ἐπιδείξασθαι
1339 3234 1652 3335 προσέταξεν

234 3333 311 3376 τοῦ
336 3325 681 3424 διορθοῦσθαι
698 3343 820 3402 τοὺς
847 3317 1296 3409 σκανδαλίσαντας
1325 3317 1482 3422 ἡμᾶς’
1503 3353 1656 3424 ἡμεῖς

121 3400 336 3510 (ἢλοιπὸν
381 3400 500 3516 οῦδὲ
527 3428 658 3488 τούς
698 3428 785 3500 ὑφ’
806 3400 959 3503 νήμῶν
991 3400 1469 3500 σκανδαλισσθέντας

122 3512 250 3599 “iam
291 3507 705 3587 καταδεχόμεθα.
785 3523 850 3572 Τί
903 3517 1040 3590 οὖν;
1093 3532 1245 3578 τοῦτο
1298 3531 1450 3599 μόνον
1507 3531 1656 3584 ἔσται

119 3585 288 3681 ξοῖασις
330 3606 396 3670 τῷ
462 3599 703 3676 ἀνιάτῳς
764 3607 932 3681 Οὐχὶ,
1007 3609 1116 3665 ἀλλ’
1188 3615 1346 3669 ἄκουε
1417 3622 1507 3672 καὶ
1555 3629 1654 3674 τῶν

116 3673 221 3740 iiiis.

109 3850 149 3874 ,ῃ
168 3765 302 3874 ’Λέαῆν
342 3806 405 3818 -
457 3781 681 3860 οὐρανῷ.
740 3787 994 3852 Κελεύσας
1047 3791 1336 3848 τελευτάῖον
1372 3795 1530 3851 εἰπεῖν
1584 3806 1648 3874 τῇ

107 3857 359 3958 ξεικξησίᾳ.
405 3857 614 3932 δηλαδὴ
660 3883 772 3939 τοῖς
815 3888 1109 3952 προεστῶσι
1162 3889 1252 3944 τῆς
1313 3857 1646 3960 Ἐκκλησίαςζ

109 3947 250 4043 tombs
290 3957 395 4027 πρὸς
452 3961 645 4025 αὐτοὺς
705 3962 1032 4022 ἀποτείνεται
1125 3969 1305 4043 λέγων’
1377 3972 1518 4029 Ὀσα
1587 3977 1647 4031 ἂν

109 4024 273 4092 δήσητε
319 4041 390 4098 ἐπὶ
446 4058 545 4115 τῆς
601 4061 726 4125 γῆς,
772 4061 861 4110 καὶ
913 4060 978 4111 τὰ
1035 4024 1201 4123 ἑξῆς.Ι
1230 4068 1395 4117 Τοῦτο
1451 4062 1511 4120 δε
1556 4072 1646 4122 καὶ

111 4129 294 4230 “ﬁt-r61
317 4138 493 4211 Πέτρον
518 4139 678 4210 εἶπεν,
703 4141 752 4195 ἓν
772 4152 844 4216 τῷ
863 4157 1159 4222 τριακοστῷ
1179 4155 1336 4227 τρίτῳ
1359 4155 1640 4230 κεφαλαίῳ,

107 4212 179 4259 καὶ
202 4213 396 4277 ζήτησον
432 4225 535 4282 ἰκεί
553 4235 654 4290 τὴν
682 4212 960 4306 ἐξήγησιν.

107 4303 283 4402 ,ΑἘξτι
322 4307 376 4364 δέ
420 4324 506 4368 νῦν
557 4321 590 4378 ἡ
643 4317 853 4376 διάνοια
922 4332 1013 4378 τοῦ
1061 4327 1225 4402 ῥητοῦ
1273 4333 1512 4402 τοιαύτη,
1566 4335 1645 4389 ὅτι

284 4399 415 4470 ὑμεῖς
464 4404 551 4460 ἐπὶ
601 4417 698 4474 τῆς
739 4421 842 4484 γῆς
870 4391 1228 4488 ἀποφὴνησθε,

113 4479 277 4585 ῥιεςξν
310 4497 372 4559 τῷ
399 4493 600 4570 ούρανῷ
627 4506 870 4575 κυρώσει,
905 4505 1002 4556 κᾶν
1043 4523 1099 4558 τε
1143 4505 1365 4572 ἀνιάτως
1401 4513 1642 4585 ἔχοντας,

116 4569 320 4673 εξκοτξητε
357 4585 571 4649 τούτους
592 4595 689 4652 τῆς
738 4591 1062 4665 Ἐκκλησίας,
1112 4598 1207 4649 κᾶν
1249 4617 1304 4652 τε
1339 4610 1646 4673 μετανοοῦν-

115 4660 188 4760 “li
220 4660 401 4739 ῧστιρον
439 4673 831 4748 παραδέξησθε.
885 4689 1064 4737 Ταῦτα
1107 4681 1168 4739 δὲ
1217 4660 1516 4762 ἠπείλησεν,
1562 4690 1646 4747 ἳνα

115 4758 170 4841 με
203 4758 342 4808 ταῦτα
374 4764 640 4838 γένωνται,
682 4766 792 4822 ἀλλ’
836 4771 937 4839 ἵνα,
971 4773 1285 4848 φοϐούμενός
1321 4798 1398 4840 τις
1426 4758 1517 4834 και
1549 4787 1642 4842 τὴν

358 4857 445 4913 ’ἧς
485 4852 818 4927 Ἐκκλησίας,
862 4866 952 4914 καὶ
1003 4863 1098 4922 τήν
1135 4846 1309 4938 ψῆφον
1346 4875 1438 4921 τοῦ
1485 4877 1640 4937 Θεοῦ,

189 4920 201 4934 .
433 4912 438 4913 ⁷
658 4912 668 4915 ’
781 4912 818 4927 ’ν
883 4912 949 4914 ⁷⁷’
1013 4912 1089 4922 ⁷“’”
1147 4912 1302 4938 ΪἿῘ⁷⁷
1353 4912 1434 4921 ’⁷⁷
1487 4912 1640 4937 ν”νἸ

112 4912 439 4996 δίωέέττηται.
491 4945 588 4996 Διά
646 4954 797 5002 τοῦτο
837 4953 937 5024 γὰρ
986 4957 1077 5006 καὶ
1122 4962 1342 5029 πρῶτον,
1387 4962 1478 5012 καὶ
1524 4956 1640 5014 δεύ-

104 5024 234 5115 τίξονρ
274 5029 351 5076 καὶ
397 5034 572 5102 τρίτον
623 5033 877 5097 ἕπίστησε
929 5045 1218 5116 κριτήριον,
1270 5051 1359 5100 καὶ
1397 5051 1514 5102 τότε
1553 5069 1639 5103 πε·

99 5112 269 5204 ηξηιιν
293 5112 437 5168 αὐτὸν
467 5118 777 5192 ἀπόϐλητον,
828 5127 930 5196 ἶνα,
985 5127 1071 5183 ἰὰν
1099 5139 1192 5185 τοῦ
1234 5140 1446 5210 πρώτου
1469 5158 1638 5212 παρα-

94 5203 246 5265 κονη,
307 5209 376 5273 τῷ
443 5203 663 5287 δευτέρῳ
739 5219 928 5290 πεισθῇ
991 5233 1007 5250 ο
1047 5217 1132 5272 ἰάν
1185 5217 1246 5276 δε
1274 5203 1391 5278 ’καὶ
1441 5203 1631 5282 τούτου

95 5291 432 5391 Τηρονξση,
482 5301 599 5354 τότε
634 5302 815 5358 λοιπὸν
861 5310 952 5365 τὴν
1001 5305 1260 5370 ἀποϐολήν
1331 5314 1627 5391 ὑποπτήξηο

289 5375 463 5453 οὖσαν,
530 5388 634 5445 εἶτα
711 5397 803 5447 καὶ
873 5399 969 5456 τὴν
1020 5396 1211 5452 ἄνωθεν
1284 5400 1477 5476 ψῆφον»
1541 5375 1630 5477 θ’θ’

369 5451 561 5538 Mc
618 5451 1007 5559 τυγχάνουσαν,
1065 5451 1195 5542 καί
1227 5451 1629 5570 πάξρξζιῗδιέῥ-

93 5566 203 5606 πασῃ
209 5591 224 5606 ,

145 5637 288 5693 Πάλιν
331 5675 396 5690 -
436 5658 530 5706 τοῦ
575 5652 620 5708 ἐν
665 5665 770 5722 τοῖς
838 5661 1095 5738 οὐρανοῖς.
1177 5666 1386 5727 ΒαϐαίΙ
1455 5672 1628 5732 πόσην

1797 495 2119 580 tantum,ne
2133 495 2281 552 forte
2295 497 2633 569 publicatus
2645 499 2958 573 improbior
2968 502 3070 559 ﬁat
3081 519 3151 560 ac
3165 504 3454 580 incorrigi-

1794 579 1952 638 bilis.

1867 690 2026 745 V‘ers.
2057 691 2140 746 15.
2175 693 2245 749 Si
2269 723 2340 735 —
2367 697 2555 752 tuum.
2577 696 2633 754 Si
2657 696 2764 753 tibi
2803 697 3096 758 obedierit
3133 702 3448 774 corrigenti

1790 776 2243 850 resipueritque,
2259 796 2329 837 ac
2343 781 2608 854 seipsum
2630 785 3136 854 condemnaverit,
3155 805 3445 861 magnum

1790 862 1975 920 fecisti
1997 865 2253 937 lucrum,
2270 869 2474 941 ipsum
2494 871 3014 933 videlicetfratrem
3041 882 3231 947 tuum,
3258 895 3444 937 mem~

1789 951 1966 1010 brum
1993 958 2182 1012 tuum.
2227 957 2396 1014 Hunc
2424 960 2584 1017 enim
2615 962 2962 1034 perdideras
2985 970 3229 1039 propter
3256 967 3440 1027 oﬂ‘eno

1787 1039 2067 1109 diculum.
2080 1045 2384 1104 divulsum
2397 1063 2434 1104 a
2446 1047 2700 1108 fraterna
2711 1051 2842 1122 conj
2854 1053 3124 1109 unctione
3139 1059 3258 1120 tua,
3275 1055 3441 1129 quod

1785 1131 2014 1201 grande
2053 1132 2344 1192 damnum
2376 1140 2463 1194 est
2488 1136 2581 1195 his
2600 1138 2706 1212 qui
2746 1153 2884 1198 vere
2903 1140 3112 1198 fratres
3137 1147 3294 1201 sunt.

1853 1238 2018 1294 Vers.
2043 1243 2132 1298 16.
2166 1242 2234 1300 Si
2255 1274 2324 1284 -—
2348 1244 2596 1302 verbum.
2668 1247 2817 1314 Quia
2847 1247 3008 1304 solus
3058 1265 3180 1306 non
3206 1250 3442 1309 valuisti

1783 1341 2013 1392 curare,
2045 1344 2286 1387 assume
2327 1337 2521 1390 tecum
2564 1334 2765 1392 adhuc
2811 1352 2930 1393 non
2970 1338 3209 1408 multos,
3243 1355 3316 1396 ne
3344 1339 3440 1397 ille

1782 1414 2076 1487 publicari
2105 1434 2168 1474 se
2192 1426 2495 1492 reputans,
2521 1423 2730 1480 durioa
2751 1423 3042 1482 efﬁciatur
3066 1444 3078 1493 ;
3114 1427 3218 1482 sed
3248 1443 3436 1484 unum

1783 1505 2051 1562 autduos
2082 1507 2476 1575 auxiliatores,
2503 1515 2567 1566 ut
2591 1511 2639 1566 si
2655 1513 3064 1584 perduraverit
3090 1529 3209 1570 non
3239 1515 3441 1572 molle-

1783 1607 1944 1658 oens,
1987 1595 2105 1651 sint
2136 1598 2301 1653 etiam
2331 1602 2501 1654 testes
2531 1605 2647 1655 tua
2682 1602 3164 1659 mansuetudinis
3185 1609 3242 1660 et
3277 1603 3439 1660 duri-

1783 1681 1878 1738 tiei
1907 1681 2085 1749 illius,
2130 1690 2311 1759 utque
2340 1687 2510 1758 juxta
2565 1691 2773 1745 veteris
2804 1689 2951 1760 legis
2984 1692 3340 1749 sententiam
3375 1694 3436 1751 in

1782 1785 1884 1828 ore
1910 1771 2033 1830 sive
2062 1788 2168 1846 per
2197 1791 2266 1831 os
2292 1775 2550 1833 duorum
2575 1779 2811 1836 testium
2828 1779 2923 1835 vel
2944 1781 3138 1847 trium,
3164 1786 3296 1854 stet,
3320 1782 3435 1840 hoc

1781 1865 1889 1927 est,
1921 1862 2306 1921 conﬁrmetur
2319 1881 2498 1922 omne
2515 1867 2783 1934 verbum,
2814 1873 3029 1941 putate
3047 1869 3254 1927 fecisse
3270 1872 3434 1945 quod

1776 1947 1840 2006 in
1868 1952 1924 2006 te
1973 1955 2077 2018 est,
2126 1953 2391 2027 nihilque
2451 1957 2897 2028 pratermisisse
2930 1974 2943 2015 :
2971 1959 3226 2032 primum
3267 1959 3430 2017 enim

1777 2037 1940 2096 solus
1969 2040 2163 2098 abiisti
2185 2042 2265 2100 ad
2303 2059 2465 2111 eum,
2497 2045 2712 2103 deinde
2767 2046 2898 2104 aliis
2927 2063 3170 2121 quoque
3200 2063 3434 2106 assum-

1774 2127 1910 2200 ptis.

1844 2236 2007 2294 Vers.
2023 2238 2110 2294 17.
2127 2239 2734 2308 Quodsi—Ecclesia.
2751 2244 3070 2302 Ecclesium
3083 2250 3429 2305 nuncvoeat

1773 2326 2059 2398 prasides
2080 2327 2349 2387 ﬁdelium
2371 2333 2643 2390 Ecclesia
2657 2378 2670 2392 .
2705 2335 2996 2392 Renuntia
3024 2334 3140 2391 illis
3162 2351 3300 2408 qua
3320 2336 3428 2393 cir-

1773 2416 2013 2475 cahunc
2037 2425 2314 2492 aguntur.
2333 2423 2710 2481 Fortassisilli
2739 2424 3145 2484 immutabunt
3173 2440 3312 2484 eum
3329 2442 3426 2484 ve-

1772 2504 1952 2562 ritum
1982 2507 2333 2578 dignitatem
2364 2511 2656 2584 ipsorum.

1843 2611 2008 2670 Vers.
2029 2615 2118 2671 17.
2136 2616 2320 2674 Porro
2337 2618 2390 2674 si
2416 2649 2482 2660 —
2501 2620 2882 2690 publicanus.
2910 2622 2992 2680 Sit
3015 2623 3118 2679 tibi
3138 2624 3422 2700 deinceps

1780 2700 2500 2774 incommumunicabilis,
2524 2724 2657 2766 cum
2687 2726 2804 2782 quo
2835 2710 3062 2768 nullam
3096 2713 3260 2770 ineas
3289 2715 3420 2771 vita

1769 2791 2130 2858 societatem,
2157 2799 2436 2869 tanquam
2463 2798 2904 2856 immedicabili.
2925 2800 3179 2857 Ethnicis
3219 2806 3418 2858 autem

1766 2879 2108 2938 inﬁdelibus
2137 2886 2271 2957 conj
2283 2887 2446 2943 unxit
2466 2887 2842 2960 publicanos,
2882 2894 3127 2962 propter
3149 2891 3420 2963 pecunia

1765 2983 2035 3028 amorem
2053 2977 2111 3029 et
2133 2974 2466 3044 avaritiam,
2486 2975 3139 3051 incompassibilitatem
3170 2983 3228 3036 et
3265 2978 3421 3055 inju-

1689 3091 1735 3152 ο
1764 3057 2006 3116 stitiam.

1833 3164 2155 3225 Audiamus
2169 3184 2312 3242 ergo
2329 3171 2425 3245 qui
2440 3173 2538 3245 huj
2548 3175 2776 3231 usmodi
2795 3175 3208 3235 affectionibus
3220 3193 3417 3234 sumus

1763 3251 2027 3311 obnoxii.
2050 3256 2190 3313 Vide
2219 3263 2421 3315 autem
2447 3266 2741 3332 quantum
2773 3264 3047 3320 adhiberi
3080 3265 3324 3335 jusserit
3353 3270 3419 3322 ut

1763 3342 2136 3414 corrigantur
2161 3345 2223 3402 hi
2251 3347 2356 3422 qui
2385 3346 2595 3405 fuerint
2623 3349 3027 3418 offendicula;
3055 3367 3191 3408 cum
3219 3367 3416 3425 neque

1763 3429 1893 3487 illos
1905 3448 2114 3490 curare
2137 3437 2555 3504 sustineamus,
2581 3439 2802 3513 quibus
2822 3440 3205 3512 praestitimus
3228 3441 3416 3498 offen-

1764 3519 2051 3578 diculum.
2084 3523 2239 3592 Quid
2255 3541 2398 3597 ergo
2412 3528 2440 3584 ?
2470 3527 2597 3584 hac
2610 3527 2738 3585 sola
2758 3528 3022 3585 eritultio
3052 3527 3289 3587 illorum
3309 3531 3413 3604 qul

1764 3611 2271 3671 suntincurabiles
2289 3617 2319 3674 Τ
2345 3617 2758 3690 Nequaquam,
2782 3618 2888 3675 sed
2909 3618 3054 3676 audi
3075 3618 3252 3676 etiam
3277 3634 3414 3695 qua

1762 3705 2118 3774 sequuntur.

1836 3809 1991 3864 Vers.
2009 3810 2095 3865 18.
2109 3810 2374 3868 Amen—
2389 3813 2548 3870 caelo.
2582 3813 2693 3873 Ubi
2711 3814 2956 3872 tandem
2970 3815 3244 3873 Ecclesia
3257 3815 3411 3874 dice-

1757 3909 1828 3951 re
1835 3896 2136 3968 jussisset,
2165 3901 2523 3972 prasidibus
2537 3903 2815 3962 videlicet
2847 3905 3320 3972 Ecclesia,nunc
3333 3907 3412 3963 ad

1756 3999 1860 4041 eos
1875 4001 2215 4044 sermonem
2232 3990 2505 4060 intendit,
2527 3991 2731 4050 dicens
2755 4010 2766 4048 :
2791 3993 3161 4068 Quaecumque
3194 3996 3413 4068 ligave-

1755 4073 1885 4129 m’tz‘s
1909 4076 1972 4131 in
2003 4081 2184 4144 terra,
2217 4082 2327 4135 etc.
2378 4082 2496 4138 Hoc
2525 4086 2728 4139 autem
2758 4087 2814 4140 et
2853 4083 2932 4140 ad
2991 4083 3228 4140 Petrum
3263 4084 3412 4143 dixit

1757 4162 2053 4221 tricesimo
2085 4166 2252 4222 tertio
2287 4168 2500 4241 capite,
2531 4169 2613 4227 ibi
2653 4185 2796 4242 ergo
2851 4187 3055 4244 quare
3085 4173 3408 4230 enarratio-

1755 4264 1917 4307 nem.

1827 4341 1924 4397 Est
1951 4345 2149 4398 autem
2176 4354 2339 4400 nunc
2367 4346 2654 4402 orationis
2687 4362 2898 4403 sensus
2923 4347 3065 4403 iste:
3101 4346 3407 4420 Quidquid

1281 4428 1434 4475 τοῦτο
1489 4428 1580 4478 καὶ
1617 4426 1643 4478 ὁ
1678 4447 1724 4502 D
1755 4443 1858 4484 vos
1885 4428 1945 4484 in
1969 4433 2121 4488 terra
2150 4433 2522 4506 censueritis,
2554 4441 2649 4490 aut
2688 4435 2982 4492 sententia
3009 4435 3401 4502 decreveritis,

1754 4515 1866 4573 hoc
1888 4519 2279 4577 Deusincmlo
2303 4527 2499 4580 ratum
2515 4523 2762 4580 habebit
2792 4541 2806 4580 :
2840 4526 2962 4581 sive
2993 4538 3096 4580 eos
3139 4524 3241 4598 qui
3264 4531 3406 4583 sunt

1751 4607 2116 4666 incurabiles
2126 4612 2201 4667 ab
2216 4611 2475 4669 Ecclesia
2495 4614 2966 4687 amputaveritis,
2991 4614 3111 4671 sive
3137 4617 3405 4687 postmo-

1753 4695 1903 4754 dum
1926 4698 2343 4773 resipiscentes
2371 4703 2730 4774 receperitis.
2764 4703 2902 4760 Hac
2929 4710 3129 4761 autem
3156 4704 3404 4761 commi-

1751 4792 1931 4844 natus
1959 4793 2063 4858 est,
2094 4805 2218 4846 non
2247 4791 2454 4848 uthac
2480 4791 2646 4857 ﬁant,
2670 4793 2773 4849 sed
2799 4797 2861 4849 ut
2879 4793 3136 4866 quisque
3167 4793 3400 4850 territus

1751 4877 2094 4935 etEcclesia
2128 4881 2601 4953 amputationem
2621 4884 2679 4938 et
2697 4881 2797 4939 Dei
2820 4882 3176 4940 sententiam
3215 4890 3404 4942 mutet

1749 4979 1821 5022 ac
1848 4964 2146 5034 liberetur,
2178 4973 2233 5025 et
2264 4983 2396 5024 eam
2445 4968 2684 5026 evadat.
2714 4973 2862 5028 Nam
2893 4975 2949 5028 et
2989 4975 3236 5044 propter
3266 4972 3395 5038 hoc,

1746 5052 2031 5125 primum,
2051 5056 2404 5124 secundum,
2439 5073 2508 5114 ac
2523 5058 2759 5116 tertium
2785 5058 3044 5116 tribunal
3072 5059 3397 5132 constituit,

1743 5141 2086 5216 ettandemj
2097 5145 2504 5203 udicaviteum
2522 5146 2923 5219 abjiciendum
2959 5167 2972 5206 :
2995 5149 3117 5204 utsi
3136 5149 3397 5221 primum

1739 5245 1859 5288 non
1878 5231 2129 5301 audiret,
2159 5234 2429 5293 obediret
2452 5237 2719 5294 secundo
2743 5254 2758 5305 ;
2784 5237 2837 5293 si
2858 5242 3051 5294 autem
3079 5242 3136 5295 et
3155 5237 3273 5294 hoc
3297 5239 3396 5294 de-

1739 5320 2008 5392 spiceret,
2028 5321 2259 5380 timeret
2274 5323 2366 5379 vel
2382 5325 2618 5381 tertium
2641 5341 2656 5392 ;
2675 5325 2842 5398 quod
2861 5326 2911 5382 si
2934 5326 3114 5382 etiam
3128 5326 3242 5383 hoc
3255 5341 3395 5384 con-

1736 5410 2048 5477 temneret,
2056 5409 2184 5481 jam
2197 5417 2336 5469 tunc
2353 5411 2750 5485 abjectionem
2769 5414 3113 5472 formidaret
3129 5430 3391 5473 amaram

1737 5511 2182 5572 supernamque
2202 5501 2582 5572 sententiam,
2601 5519 2738 5576 qua
2754 5503 2870 5561 hac
2896 5504 3231 5576 abjectione
3266 5519 3391 5561 ma-

1735 5584 1826 5656 gis
1855 5584 2236 5646 formidanda
2259 5593 2348 5646 est
2379 5604 2392 5644 :
2418 5593 2476 5647 et
2512 5590 2598 5648 ita
2615 5592 2864 5650 omnino
2894 5591 3306 5665 corrigeretur.

1805 5673 2013 5753 Vers.,t
2023 5678 2076 5732 9.
2107 5677 2371 5736 Rursum
2395 5709 2458 5721 —
2471 5679 2652 5752 quiin
2665 5682 2821 5739 catis
2831 5686 2934 5738 est.
2961 5681 3135 5753 Papa
3153 5679 3168 5736 l
3194 5693 3388 5753 quan-
