3906 6202
476 254 585 323 807

1792 246 2145 318 summa
2178 242 2514 314 ZIGABENI
3657 251 3739 305 sos

478 388 605 449 tam
635 394 803 466 ponit
822 394 895 449 de
911 393 1221 450 dilectione
1234 391 1496 449 studium
1508 436 1520 459 ,
1532 388 1713 446 variis
1724 384 2027 459 Evangelii
2040 384 2117 440 lo-

2234 379 2490 455 γροντίδα
2534 386 2757 434 ποιεῖται
2798 385 2887 440 τῆς
2942 376 3167 450 ἀγὴπῃς,
3217 372 3468 466 πολλαχξῦ
3502 378 3582 423 τοῦ
3612 373 3740 444 ad“?

480 481 561 537 cis
600 482 673 538 de
695 483 806 538 hac
836 484 1052 539 iterans
1073 498 1431 538 sermonem.
1462 483 1627 536 Nunc
1649 477 1943 550 siquidem
1966 478 2125 546 post-

476 588 659 643 quam
688 588 907 641 magna
933 573 1238 627 minitatus
1267 576 1355 627 est
1383 571 1475 626 his
1501 570 1604 642 qui
1619 571 1849 640 ponunt
1878 563 2125 620 offendi-

475 660 698 725 culum,
714 664 771 716 et
796 660 889 717 his
912 661 1013 733 qui
1036 676 1157 717 non
1180 659 1557 732 corriguntur
1572 672 1777 714 eorum
1792 654 1991 711 studio
2019 651 2123 725 qui

477 748 905 805 oﬂ‘endiculum
925 750 1083 822 passi
1106 754 1243 805 sunt
1276 761 1293 811 :
1325 764 1566 804 rursum
1598 761 1817 816 magna
1834 740 2126 816 promittit

476 838 568 894 his
598 838 985 911 quidiligunt,
1023 843 1084 894 ut
1108 843 1235 895 tum
1267 838 1467 901 minis,
1489 841 1611 893 tum
1635 832 1951 908 promissis
1971 830 2047 886 ad
2063 845 2124 886 a—

478 940 705 983 morem
738 934 1058 999 congreget
1084 928 1464 985 Christianos.

548 1123 695 1179 Dicit
714 1139 855 1193 ergo
883 1141 895 1179 :
925 1124 980 1180 Si
1003 1124 1123 1180 duo
1150 1140 1222 1179 ex
1243 1120 1786 1189 vobis,vidclicetin
1806 1132 2012 1175 amore
2046 1114 2129 1171 vii-

474 1216 693 1276 ventes,
718 1213 1090 1269 concorditer
1110 1212 1381 1285 petierint
1410 1227 1446 1268 a
1477 1215 1593 1268 Deo
1620 1210 1695 1266 de
1723 1207 2124 1284 qualicunque

475 1316 556 1366 re,
590 1302 980 1358 exaudientur
1009 1301 1205 1375 ;quod
1220 1301 1269 1356 si
1296 1301 1438 1367 duo,
1468 1299 1655 1356 multo
1681 1297 1874 1367 magis
1899 1296 2121 1369 plures.

477 1390 787 1454 Quomodo
817 1407 960 1462 ergo
999 1391 1337 1464 frequenter
1358 1390 1539 1462 aliqui
1567 1390 1688 1445 duo
1716 1388 1777 1444 in
1804 1385 2121 1442 dilectione

475 1480 809 1544 existentes,
838 1486 893 1536 et
948 1483 1130 1537 Deum
1168 1480 1538 1537 concorditer
1575 1478 1649 1534 de
1679 1477 1875 1549 aliquo
1918 1478 2123 1546 postu-

475 1567 825 1634 lantes,non
865 1570 1261 1627 exaudiuntur
1289 1570 1317 1625 Ὺ
1347 1570 1499 1635 Quia
1554 1583 1675 1624 non
1708 1570 1848 1622 sunt
1895 1564 2118 1620 similes

475 1657 786 1730 apostolis.
808 1660 1007 1731 Neque
1029 1659 1188 1714 enim
1216 1657 1564 1731 simpliciter
1576 1654 1825 1712 dixit:Si
1841 1653 1963 1709 duo
1977 1667 2116 1709 con-

475 1749 766 1803 senserint
792 1765 807 1814 ;
830 1747 957 1816 sed,
970 1748 1021 1803 si
1032 1748 1144 1803 duo
1167 1763 1239 1804 ex
1258 1747 1425 1814 vobis,
1447 1751 1561 1803 hoc
1574 1750 1665 1801 est
1689 1743 1912 1800 similes
1927 1741 2115 1808 vobis,

472 1836 745 1893 virtutem
772 1836 1051 1893 colentes.

543 1924 836 1995 Veligitur
848 1941 970 1981 non
1003 1941 1072 1981 ea
1092 1929 1375 1997 prestant
1398 1942 1532 1997 quae
1547 1928 1817 1998 possunt,
1845 1921 2122 1977 velinutiz-

471 2014 549 2069 tia
566 2018 791 2085 petunt,
818 2015 903 2069 vel
936 2014 1225 2071 adversus
1260 2030 1397 2071 eum
1427 2015 1529 2086 qui
1561 2012 1831 2070 molestia
1874 2010 2119 2068 affectus

472 2107 560 2159 est
588 2104 676 2175 (ίῆ
706 2102 1113 2176 deprecantur.
1148 2103 1241 2160 vel
1265 2119 1373 2176 pro
1393 2102 1642 2173 indigno
1674 2101 1996 2174 postulant,
2025 2099 2121 2155 vel

470 2192 721 2250 omnino
749 2191 953 2264 aliqua
976 2192 1127 2249 ratio
1152 2192 1324 2249 adest
1369 2207 1503 2265 quae
1531 2195 1737 2249 causet
1763 2188 2067 2262 repulsam
2101 2210 2114 2243 :

471 2296 594 2354 qua
608 2280 855 2346 sublata,
884 2280 988 2353 qui
1011 2282 1195 2338 vitam
1221 2282 1448 2354 degunt
1477 2279 1815 2338 secundum
1844 2278 2118 2335 virtutem

472 2375 529 2427 et
558 2370 619 2427 in
657 2386 863 2427 amore
890 2371 1119 2438 vivunt,
1179 2387 1249 2428 ac
1287 2372 1660 2429 concorditer
1718 2373 1946 2442 petunt,
1996 2372 2118 2425 sta-

471 2461 574 2518 tim
614 2466 1063 2535 consequuntur
1105 2478 1118 2517 :
1148 2463 1382 2519 mentiri
1438 2463 1599 2519 enim
1636 2477 1759 2519 non
1787 2465 1985 2535 potest
2010 2463 2115 2533 qui

468 2550 759 2624 promisit.
781 2552 953 2624 Atqui
969 2551 1150 2609 etiam
1173 2568 1325 2609 unus
1355 2552 1548 2609 virtuti
1568 2552 1805 2609 deditus
1831 2552 1878 2607 si
1912 2550 1997 2608 sic
2012 2552 2112 2624 (jj)

469 2645 629 2713 petat
645 2641 1011 2698 exaudietur.
1029 2641 1144 2697 Sed
1159 2657 1279 2699 non
1299 2647 1529 2699 tantum
1545 2647 1833 2715 quantum
1846 2641 1963 2697 duo
1975 2658 2116 2698 con-

468 2729 707 2787 formes.
741 2730 891 2799 Quia
914 2747 1056 2788 vero
1074 2731 1221 2787 dixit
1252 2734 1400 2789 :Fiet
1429 2733 1553 2789 illis
1578 2748 1615 2789 a
1638 2734 1823 2789 Patre
1851 2747 1991 2796 meo,
2010 2731 2117 2789 do-

466 2825 1021 2893 cetconsequenter,
1066 2819 1233 2893 quod
1268 2835 1393 2876 non
1443 2818 1606 2877 solus
1642 2822 1809 2877 Pater
1852 2819 1976 2888 dat,
2007 2820 2114 2878 sed

466 2909 641 2965 etiam
662 2907 817 2981 ipse;
847 2908 985 2965 ideo
1012 2913 1448 2982 consequenter
1475 2908 1619 2965 dicit
1649 2932 1663 2965 :

538 3000 701 3054 Vers.
734 3000 823 3053 20.
862 2998 975 3055 Ubi
999 3028 1069 3039 —
1093 3013 1317 3055 eorum.
1351 3002 1415 3054 In
1439 2998 1682 3056 nomine
1712 3014 1869 3070 meo,
1897 2998 2009 3056 hoc
2025 3002 2114 3055 est

465 3090 704 3160 propter
740 3102 857 3153 me,
884 3092 1275 3160 proptermea
1302 3093 1621 3162 praecepta,
1649 3092 1707 3145 et
1734 3104 1858 3145 non
1870 3094 2113 3162 propter
2145 3090 2189 3155 α

466 3174 648 3233 aliam
677 3192 943 3233 causam.
974 3176 1082 3233 Ubi
1112 3192 1250 3250 ergo
1279 3177 1365 3239 ita
1398 3178 1746 3250 congregati
1770 3176 2002 3245 fuerint,
2028 3177 2109 3234 ibi

466 3282 602 3323 sum
617 3267 678 3323 in
698 3266 898 3323 medio
911 3282 1141 3332 eorum,
1160 3265 1448 3340 colligans
1464 3272 1521 3325 et
1535 3268 1879 3325 custodiens
1902 3284 2024 3333 eos,
2040 3282 2111 3324 ac

465 3355 772 3429 complens
797 3370 1005 3413 eorum
1036 3355 1368 3429 petitiones.
1393 3359 1521 3415 Non
1551 3361 1755 3416 autem
1781 3356 1941 3423 dixit,
1974 3354 2105 3424 Ero,

468 3442 594 3511 sed,
616 3446 763 3504 Sum
787 3445 1080 3518 protinus.

539 3643 692 3697 Deus
729 3654 865 3703 vero
907 3639 1058 3697 inter
1086 3639 1197 3697 hos
1234 3639 1478 3713 quidem
1507 3655 1641 3697 esse
1668 3641 1903 3709 dicitur,
1958 3642 2113 3701 inter

465 3728 596 3803 illos
625 3745 767 3786 vero
831 3744 954 3786 non
1002 3744 1151 3798 esse,
1189 3745 1307 3787 non
1363 3732 1654 3804 tanquam
1694 3730 1828 3788 loco
1858 3731 2109 3789 circum-

467 3818 719 3891 scriptus
753 3834 983 3891 ;neque
1024 3818 1186 3876 enim
1231 3817 1365 3878 loco
1409 3818 1818 3877 circumscribi
1871 3825 2109 3895 potest;

467 3908 568 3964 sed
596 3907 761 3980 quod
796 3907 978 3965 virtus
1007 3907 1137 3981 ejus
1155 3908 1304 3966 inter
1333 3908 1550 3982 dignos
1574 3908 1825 3967 libenter
1848 3926 2114 3969 commo-

465 4000 641 4054 retur.

536 4086 701 4145 Vers.
730 4087 819 4143 2i.
845 4088 1004 4143 Tunc
1028 4088 1161 4145 —ei
1205 4086 1233 4146 ?
1263 4088 1411 4146 Cum
1452 4086 1525 4145 de
1556 4088 1867 4147 dilectione
1915 4105 1985 4147 ac
2022 4089 2116 4146 in-

463 4177 757 4250 juriarum
778 4176 1077 4234 oblivione
1116 4177 1421 4235 docuisset
1453 4179 1761 4245 Dominus,
1794 4180 2116 4252 interrogat

463 4284 670 4325 rursus
683 4266 951 4324 discendi
967 4267 1386 4340 cupidissimus
1400 4268 1627 4335 Petrus,
1650 4268 1936 4340 ignorans
1947 4270 2113 4344 quod

465 4374 703 4433 semper
730 4362 1003 4432 oporteat
1031 4356 1336 4431 ignoscere
1361 4358 1768 4429 peccantibus.

534 4452 692 4525 γει-ε.
715 4454 803 4505 21.
834 4449 986 4504 Num
1015 4462 1193 4520 usque
1240 4448 1441 4517 septies
1465 4446 1493 4503 ?
1518 4451 1596 4505 De
1652 4446 1767 4505 hoc
1821 4452 2111 4522 tanquam
2142 4455 2187 4511 D

464 4553 570 4609 per
583 4538 1060 4595 additamentum
1076 4538 1421 4609 interrogat,
1447 4536 1766 4596 arbitratus
1781 4537 1971 4594 videri
1998 4538 2114 4596 hoc

464 4627 837 4696 magnanimi
850 4644 921 4685 ac
949 4626 1363 4701 patientissimi
1375 4627 1582 4686 animi.
1597 4629 1639 4695 Ο
1649 4627 1749 4685 uid
1763 4627 1940 4699 igitur
1956 4628 2114 4685 Chri-

468 4719 595 4771 stus
624 4716 652 4772 ?

537 4806 703 4862 Vers.
751 4810 841 4862 22.
911 4806 1018 4863 Ait
1082 4837 1153 4849 —
1197 4808 1423 4878 septies.
1459 4807 1805 4881 Septuagies
1874 4807 2112 4880 septies,

465 4894 658 4970 inquit
676 4894 1157 4970 Cbrysostomus,
1179 4912 1301 4955 non
1333 4896 1629 4969 signiﬁcat
1647 4897 1745 4955 hic
1768 4912 2114 4966 numerum,

2231 471 2401 544 γελίου
2460 473 2545 523 τὸν
2603 474 2720 544 περὶ
2779 471 2974 530 ταύτης
3022 466 3173 538 λόγον
3230 460 3517 514 ἀνακυκλῶν.
3566 466 3649 513 Καὶ
3680 469 3745 512 νῦν

2230 562 2332 635 γὰρ
2382 559 2665 620 ἀπειλήσας
2713 558 2913 631 μεγάλα
2965 564 3072 617 τοῖς
3125 549 3498 613 σκνδαλίζουσι,
3541 554 3617 601 καὶ
3664 558 3746 612 τοῖς

2232 654 2302 723 μὴ
2365 646 2751 723 διορθουμένοις
2825 649 2923 700 ὑπὸ
3003 654 3095 706 τῆς
3166 651 3263 697 τῶν
3345 636 3746 711 σκανδαλιζομένωξ

2235 735 2496 803 σπουδῆς,
2558 736 2922 810 ἐπαγγέλλεται
2976 733 3175 809 μεγάλα
3232 730 3377 784 πάλιν
3418 736 3510 788 τοίς
3558 727 3753 798 ὰγαπὼο⁸

2232 836 2384 881 τοῦτο
2440 831 2529 901 μὲν
2597 824 2691 880 διὰ
2779 834 2872 889 τῆς
2936 824 3171 891 ἀπειλῆς,
3232 826 3378 873 τοῦτο
3441 814 3495 871 δε
3549 813 3630 869 διὰ
3685 824 3751 877 τῆς

2233 916 2557 990 ἐπαγγελίας,
2613 917 2685 980 εἰς
2759 914 2965 989 ἀγάπην
3074 914 3307 984 συνάγων
3372 910 3483 970 τοὺς
3538 913 3749 981 Χριστια-

2230 1010 2367 1069 νούς.

2309 1100 2457 1169 Λέγει
2508 1101 2699 1161 τοίνυν,
2748 1096 2829 1149 ὅτι
2877 1094 2995 1148 Ἐὰν
3043 1089 3141 1146 δύο
3189 1090 3351 1161 ὑμῶν,
3403 1085 3449 1138 ἓν
3682 1078 3753 1139 δη·

2233 1185 2400 1239 λονότι
2463 1183 2747 1258 διάγοντες,
2845 1187 3127 1257 συμφώνως
3209 1178 3463 1235 αἰτήσωσι
3519 1174 3594 1225 τὸν
3652 1173 3753 1223 Θεὸν

2231 1280 2348 1350 περὶ
2402 1272 2726 1335 οἰουδὴτινος
2785 1275 3107 1347 ιιτροίγμοιτος³
3170 1266 3641 1322 εἰσακουσθήσονται
3679 1272 3692 1289 ⁶
3723 1260 3754 1312 εἰ

2232 1346 2371 1417 δὲ-οἰ
2408 1362 2525 1429 δύο,
2565 1363 2734 1435 πολλῷ
2775 1346 2964 1436 μᾶλλον
3000 1362 3049 1414 οἰ
3090 1359 3317 1419 πλείουςο
3357 1358 3452 1408 Καὶ
3490 1352 3588 1412 πῶς
3611 1346 3754 1401 πολλά-

2226 1473 2305 1515 κις
2362 1451 2457 1507 δύο
2512 1456 2662 1524 τινὲς,
2709 1452 2757 1505 ἓν
2805 1450 2983 1525 ἀγάπῃ
3042 1454 3200 1514 ὄντες,
3260 1448 3349 1497 καὶ
3401 1446 3651 1514 συμφώνως
3694 1437 3757 1487 τὸν

2229 1546 2357 1597 Θεὸν
2442 1543 2702 1604 αἰτοῦντες
2787 1544 2906 1614 περί
2984 1558 3137 1608 τινος,
3224 1535 3319 1589 οὐκ
3390 1531 3753 1589 εἰσακούονταιζ

2228 1636 2367 1685 Διότι
2412 1632 2505 1685 οὐκ
2544 1632 2646 1685 εἰσὶ
2684 1632 2817 1684 κατὰ
2860 1633 2981 1693 τοὺς
3021 1625 3356 1685 ἀποστολους.
3398 1620 3470 1674 Οὐ
3508 1621 3598 1692 γὰρ
3626 1613 3758 1673 ἁπλῶς

2228 1720 2383 1787 εἶπεν,
2424 1722 2540 1776 Ἐὰν
2590 1718 2688 1775 δύο
2720 1724 3159 1794 συμφωνήσωσιν,
3208 1713 3335 1782 ἀλλ’,
3387 1710 3467 1765 ἐὰν
3521 1704 3605 1760 δύο
3629 1706 3752 1776 ὑμῶν,

2227 1816 2486 1875 τουτέστι,
2509 1809 2625 1864 καθ’
2653 1811 2787 1884 ὑμᾶς
2818 1808 3063 1884 ἐνάρετοι.

2298 1900 2366 1954 Ἥ
2413 1906 2582 1954 τοίνυν
2774 1902 2838 1952 τὰ
2888 1882 3010 1971 παρ’
3057 1896 3223 1949 αὐτῶν
3276 1891 3372 1945 οὐκ
3405 1882 3757 1960 εἰσφέρουσιν,ἧ

2229 1988 2527 2065 ἀσύμφορον
2574 1989 2832 2056 αἰτοῦσιν,
2875 1988 2904 2048 ἢ
2953 1988 3086 2039 κατὰ
3124 1990 3218 2037 τοῦ
3262 1980 3589 2036 λελυπηκότος
3630 1988 3762 2069 παρα-

2227 2080 2493 2150 καλοῦσιν,
2548 2084 2578 2140 ἦ
2633 2081 2760 2155 ὑπὲρ
2808 2075 3019 2140 ἀναξίου
3069 2071 3299 2140 δέονται,
3358 2070 3389 2129 ἦ
3442 2068 3624 2124 πάντως
3653 2068 3765 2165 stipa

2227 2191 2307 2233 τις
2350 2170 2495 2223 αἰτία
2522 2173 2795 2243 πρόσεστι,
2827 2173 3054 2221 ποιοῦσα
3082 2168 3176 2222 τὴν
3210 2161 3521 2232 ἀποτυχίαν·
3566 2154 3626 2213 ὡς
3657 2154 3698 2201 οῖ
3719 2160 3764 2217 7⁸

2228 2258 2345 2332 βίον
2419 2241 2627 2333 ἔχοντες
2705 2257 2957 2331 ἐνάρετον,
3037 2257 3128 2307 καὶ
3216 2253 3264 2305 ἓν
3354 2248 3523 2320 ἀγάπῃ
3599 2241 3761 2333 ζῶντες,

2224 2354 2313 2402 καὶ
2372 2355 2659 2423 συμφώνως
2716 2346 2993 2410 αἰτοῦντες,
3084 2341 3275 2395 αὐτίκα
3356 2332 3760 2431 ἐπιτυγχάνουσιῖ-

2220 2421 2496 2513 Ἀψευδῆςγ
2537 2441 2638 2513 γὰρ
2688 2439 2713 2490 ὀ
2772 2433 3222 2507 ἐπαγγειλάμενος.
3292 2431 3394 2483 Καὶ
3450 2428 3546 2499 μὴν
3597 2421 3766 2518 xui-tit

2224 2530 2453 2607 ἐνάρετος
2503 2528 2659 2581 αἰτῶν
2714 2526 3061 2589 εἰσακούεταί,
3121 2519 3230 2573 ἀλλ’
3285 2518 3348 2572 οὔ
3395 2520 3638 2574 τοσοῦτον,
3671 2520 3761 2557 οσον

2225 2618 2322 2673 δύο
2377 2626 2789 2691 συμφωνοῦντες.
2860 2615 2998 2669 Ἐπεὶ
3060 2608 3119 2666 δὲ
3185 2609 3350 2673 εἶπεν,
3417 2607 3492 2658 ὃτι
3545 2602 3766 2694 Γενήσιῖαι

2224 2710 2402 2773 αὐτοῖς
2456 2710 2599 2782 παρὰ
2647 2713 2734 2760 τοῦ
2790 2707 2997 2779 Πατρός
3042 2721 3163 2776 μου,
3207 2696 3465 2753 διδάσκει
3496 2692 3667 2752 λοιπὸν,
3705 2692 3765 2787 ὅτι

2223 2800 2281 2854 οὗ
2320 2804 2474 2873 μόνος
2516 2779 2541 2851 ὅ
2591 2800 2772 2870 Πατὴρ
2810 2791 3060 2859 δίδωπιν,
3096 2790 3223 2844 ἀλλὰ
3266 2792 3365 2842 καὶ
3405 2783 3561 2842 αὐτος.
3589 2779 3661 2832 Διὸ
3697 2779 3769 2825 καὶ

2221 2890 2375 2963 λέγει.
3544 2960 3553 2963 Α
3694 2948 3741 2963 _‘

2293 2979 2371 3032 Οὖ
2422 3010 2491 3020 -
2530 2978 2715 3032 αὐτῶν.
2773 3006 2841 3017 -
2887 2972 2987 3039 Οὗ,
3034 2970 3149 3044 (74)
3206 2968 3329 3022 ἀντὶ
3380 2970 3492 3031 τοῦ,
3532 2960 3665 3013 ὅπου.
3694 2956 3771 3044 Et;

2221 3072 2278 3123 τὸ
2335 3068 2454 3143 ἐμὸν
2507 3065 2566 3121 δε
2635 3070 2815 3139 ὄνομα,
2874 3061 2989 3116 ἀντὶ
3044 3067 3157 3127 τοῦ,
3224 3055 3305 3111 δι’
3369 3055 3476 3128 ἐμὲ,
3542 3045 3641 3115 διὰ,
3698 3057 3771 3142 τοις

2221 3138 2617 3233 έμάς-ίντολὴ,
2670 3158 2760 3208 καὶ
2806 3156 2877 3228 μὴ
2932 3147 3007 3204 δι’
3063 3149 3232 3225 ἑτέραν
3276 3147 3471 3200 αἰτίαν.
3518 3138 3672 3240 Ὀποτῖ
3691 3138 3771 3237 τξί·

2218 3266 2308 3302 νυν
2354 3247 2489 3302 οὕτω
2543 3246 2905 3318 συναχθῶσιν,
2976 3240 3082 3294 ἐκεῖ
3153 3238 3264 3311 εἰμι
3334 3235 3385 3289 ἕν
3437 3236 3573 3306 μέσῳ
3620 3235 3770 3325 αύτῶγο

2222 3335 2527 3411 συνδεσμῶν
2578 3339 2669 3388 καὶ
2716 3332 2981 3407 φυλάττων
3049 3328 3259 3396 αὐτοὺς,
3323 3328 3416 3379 καὶ
3473 3320 3772 3413 πληρῇιτῗί

2218 3430 2413 3482 τούτων
2462 3427 2718 3487 αἰτήσεις.
2778 3422 2889 3476 Οὐκ
2914 3421 3023 3475 εἷπε
3057 3414 3135 3487 δὲ,
3182 3419 3264 3471 ὅτι
3306 3416 3557 3487 Ἐσομαι,
3595 3402 3689 3458 ἀλλ’
3716 3402 3773 3452 ὅτι

2220 3518 2342 3592 Εἰμὶ
2370 3516 2579 3572 αὐτίκα.
2809 3599 2812 3600 ν
2902 3598 2924 3600 _
3101 3598 3107 3600 λ
3213 3595 3226 3600 μ
3385 3595 3399 3600 Α
3633 3581 3716 3600 ’ν

2291 3611 2513 3680 Λέγεται
2571 3601 2631 3658 δὲ
2668 3604 2694 3657 ὁ
2728 3599 2848 3664 Θεὸς
2877 3598 3006 3655 εἶναι
3061 3598 3149 3672 μὶν
3206 3595 3258 3648 ἓν
3303 3595 3537 3655 τούτοις,
3585 3589 3648 3659 μὴ
3677 3589 3776 3635 εἶναι

2221 3693 2273 3751 δ’
2325 3696 2373 3750 ἐν
2428 3694 2652 3762 ἐκείνοις,
2689 3692 2795 3766 οὐχ
2850 3693 2918 3754 ὡς
2977 3692 3334 3763 περίγραπτος
3390 3702 3407 3717 ·
3445 3680 3777 3766 ὰπερίγραπξος

2218 3787 2318 3863 γάρ
2352 3786 2486 3859 (75)·
2520 3755 2728 3845 ἁλλίνὼς
2751 3755 2857 3843 ’τῶς
2888 3755 3157 3852 δυνάμεως
3200 3774 3372 3830 αὕτοῦ
3399 3778 3505 3827 τοῦ
3538 3766 3687 3831 ἀξίοις
3707 3755 3777 3830 ἐμ·

2222 3875 2643 3949 φιλοχωρούσης.

2291 4073 2419 4127 Τότε
2472 4101 2543 4112 -
2603 4069 2792 4141 αὐτῷς
2848 4073 2952 4120 Τοῦ
3012 4067 3206 4139 Κυρίου
3288 4064 3416 4138 περὶ
3475 4056 3667 4145 ἀγάπης

2224 4162 2611 4237 ἀμνησικακίας
2662 4136 2997 4222 διδάξαντος,
3048 4136 3215 4227 ἐρωτᾷ
3264 4136 3430 4206 πάλιν
3480 4149 3507 4201 ὁ
3550 4136 3786 4239 φιλομαθές

2226 4273 2413 4314 στατος
2462 4254 2674 4324 Πέτρος,
2706 4247 2918 4322 ἀγνοῶν,
2972 4245 3052 4298 ὅτι
3104 4243 3331 4296 πάντοτε
3385 4241 3499 4313 χρὴ
3534 4243 3786 4305 συγχωραν

2221 4350 2331 4405 τοῖς
2359 4342 2767 4418 ἁμαρτάνουσιν.

2289 4411 2424 4494 Ἐως
2469 4411 2479 4418 1
2506 4428 2752 4495 intr/ﬁxit;
2833 4428 2955 4500 Περὶ
3035 4426 3220 4478 τούτου
3310 4421 3459 4475 κατά
3528 4411 3791 4507 προσθήφιηξ

2223 4521 2405 4598 ἐρωτᾷ,
2456 4518 2679 4594 νομίζων
2741 4522 2960 4590 φανῆναι
3016 4505 3640 4587 μεγαλοψυχότατος.’ῑ¹ί
3681 4505 3795 4551 οὺνο

2223 4613 2449 4687 Χριστός
2471 4625 2487 4676 ;

2296 4810 2452 4879 Λέγει
2503 4836 2568 4846 -
2617 4803 2764 4858 ἑπτά.
2842 4802 2913 4856 Τὸ
2985 4796 3442 4873 ἑϐδομηκοντάκις
3502 4791 3629 4879 ἕτετοὶ
3674 4799 3805 4879 fita.”

2226 4898 2252 4951 ὀ
2277 4874 2391 4970 (76)
2438 4897 2814 4970 Χρυσόπομος
2867 4889 3088 4945 ἐνταῦθα
3121 4893 3193 4963 μὴ
3255 4890 3545 4961 σημαίνειν
3597 4874 3805 4955 impetit”:

1664 5073 1889 5147 Variae
1926 5074 2258 5147 lectiones
2295 5084 2363 5145 et
2408 5085 2611 5145 notas.

537 5247 652 5324 (73)
683 5248 793 5307 Pro
816 5248 972 5323 quia,
998 5247 1165 5322 quod
1182 5246 1441 5307 habebat
1471 5245 1814 5321 Hentenius,
1865 5246 2112 5318 correxi,

466 5338 674 5413 igitur.

539 5408 759 5483 (74lAb
785 5405 843 5464 οὗ
879 5409 957 5468 ad
987 5414 1115 5464 ὅπου
1148 5425 1287 5466 cum
1308 5409 1583 5481 proximo
1602 5404 1663 5462 δέ
1691 5407 1913 5467 omittit
1962 5407 2121 5467 Hen-

564 5590 626 5661 ii)
650 5591 905 5661 A/fectus
934 5592 1035 5647 est.
1061 5586 1285 5661 Aﬁ‘ecit.

564 5591 608 5648 ii
650 5591 905 5661 Affectus
934 5592 1035 5647 est.
1061 5590 1285 5645 Affecit.

539 5590 641 5735 81))
668 5663 736 5721 Si
762 5661 864 5720 sic.
902 5662 1067 5719 Forte
1089 5659 1248 5731 legit,
1277 5656 1507 5733 ἕνάρετος
1534 5658 1699 5723 οὕτως
1724 5660 1909 5719 αἰτῶν,

2225 5248 2421 5307 tonius
2862 5306 2865 5313 _

2318 5319 2409 5395 75)
2436 5320 2521 5395 Αέν
2550 5316 2805 5395 Ρτίῌξίρν
2838 5315 2899 5395 Bs

2295 5319 2413 5465 E75;
2440 5320 2521 5385 Ai,
2550 5332 2654 5395 pro
2681 5319 2805 5445 γιάρ,
2838 5319 2899 5372 Β.

2320 5395 2389 5448 76
2436 5390 2605 5447 Tom.
2636 5390 2682 5446 ν
2732 5430 2748 5457 ,
2776 5400 2845 5460 p.
2889 5385 2989 5443 6H
3023 5386 3093 5443 Α.
