3906 6202
161 295 243 348 509
965 282 1334 339 COMMENT.
1379 279 1447 335 IN
1484 271 1926 334 MATTH/EUM.
1969 310 2036 322 —
2075 280 2232 336 CAP.
2274 280 2470 336 XVIII.

3314 264 3437 328 5³1οέ

167 420 268 473 ἀλλά
296 419 339 470 τὸ
361 417 555 488 ἄμετρον,
586 416 677 464 καὶ
706 407 956 474 διηνεκὲς,
1006 414 1096 462 καὶ
1135 407 1233 464 ἀεί.
1269 408 1511 479 Καθάπερ
1557 407 1658 477 γὰρ

1834 405 1881 460 ιὰ
1911 406 2298 474 immensum,
2331 407 2682 463 continuum
2708 411 2766 464 et
2807 417 3066 478 semper.
3092 404 3240 458 Nam
3270 397 3421 453 sicut

164 514 211 562 τὸ
247 508 437 581 μυριάκις
473 505 525 554 τὸ
561 500 809 564 πολλάκις
853 499 1007 558 δηλοῖ
1051 499 1172 574 παρ’
1219 496 1485 562 Ἐλλησιν,
1529 498 1661 546 οὕτω

163 595 219 656 δὴ
259 602 326 647 καὶ
354 595 400 645 τὸ
433 591 628 652 ἑπτάκις
672 591 798 666 παρ’
845 589 1122 664 Ἑϐραίοις,
1186 591 1272 640 καὶ
1315 584 1485 656 πολλῷ
1533 583 1662 656 μᾶλ-

155 688 218 740 λον
257 690 306 736 τὸ
361 678 810 753 ἑϐδομηκοντάκις·
867 683 942 732 ἔτι
1010 676 1070 732 δὲ
1123 677 1293 731 πλεῖον
1341 678 1400 727 τὸ
1449 673 1502 737 ἐξ
1563 672 1663 745 ἀμ-

157 783 240 848 ροίν
312 775 625 844 συγκείμενον,
704 769 837 842 λέγω
922 766 989 828 δὴ
1082 769 1140 820 τὸ
1215 762 1662 838 ἑϐδομηκοντάκις

152 881 262 917 ma.

205 951 311 1005 Ἐπιὶ
345 953 494 1002 τοίνυν
536 949 736 1023 ἄμετρα
791 950 860 1010 εἱς
911 950 1040 1002 Θεὸν
1087 946 1442 1021 ἁμαρτάνομεν
1489 945 1659 1016 ἡμεῖς,

155 1041 300 1116 ἄμετρα
333 1043 410 1092 καὶ
460 1044 753 1115 συγχωρεῖν
801 1043 906 1100 τοῖς
961 1036 1034 1099 εἰς
1083 1037 1223 1109 ἡμᾶς
1275 1031 1662 1108 ἁμαρτᾶνουσιν

162 1129 361 1197 aenae»,
405 1127 523 1181 ἀλλὰ
565 1133 678 1191 τοῖς
716 1127 794 1181 ἀεὶ
839 1131 1200 1202 μετανοοῦσιν.
1268 1124 1412 1177 Ἐπεὶ
1450 1125 1537 1175 τὸν
1589 1124 1660 1194 μὴ

158 1226 415 1291 μιτανοοῡντα
475 1217 613 1290 μετὰ
681 1222 863 1292 τρίτην
935 1219 1261 1290 παραίνεσιν,
1340 1211 1664 1266 ἀπωθεῖσθαι

157 1305 402 1380 προσέταξεν,
455 1307 516 1367 ὧς
571 1305 662 1359 τὸν
729 1303 927 1358 ἕθνικόν
993 1310 1085 1357 καὶ
1145 1306 1215 1366 ὡς
1279 1305 1367 1355 τὸν
1421 1300 1660 1359 τελώνην.

150 1398 330 1469 Πὼςγάρ
353 1395 406 1447 ἄν
430 1414 505 1457 τις
533 1391 731 1467 ἀφήσει
753 1402 825 1466 τῷ
850 1398 922 1468 μὴ
955 1393 1202 1456 ζητοῦντι
1229 1393 1412 1465 ἄφεσιν
1442 1406 1458 1456 ς

148 1517 252 1566 ΚΕΦ.
310 1509 420 1566 ΛΘ’.
493 1515 626 1586 Περὶ
687 1517 781 1563 τοῦ
847 1509 1130 1583 ὀφείλοντος
1204 1510 1270 1562 τὰ
1338 1509 1503 1581 μύρια
1575 1506 1664 1560 τά-

775 1598 956 1654 λαντα.

188 1693 262 1742 Διά
325 1697 461 1744 τοῦτο
503 1721 582 1731 —
645 1688 828 1743 αὐτοῦ.
896 1691 993 1742 Διά
1070 1696 1243 1754 τοῦτο,
1314 1693 1501 1756 notos;
1572 1687 1665 1738 Διὰ

138 1782 179 1830 τὸ
221 1789 386 1854 χρῆναι
446 1780 674 1834 πάντοτι
729 1785 1026 1854 συγχωρεῖν
1081 1786 1154 1849 τῷ
1222 1778 1442 1831 πάντοτε
1510 1795 1666 1850 μετα-

134 1877 300 1927 νοοῦντι.
342 1868 608 1924 Βασιλείαν
658 1864 719 1923 δε
755 1867 984 1942 οὐρανῶν
1033 1866 1214 1921 ἑαυτὸν
1267 1866 1404 1939 λέγει
1449 1873 1558 1934 νῦν,
1601 1872 1666 1926 ὥς

134 1955 306 2027 βασιλέα
353 1959 608 2035 οὐράνιον,
657 1959 828 2022 καθὼς
881 1957 1129 2022 πολλάκις
1194 1956 1489 2034 εἰρήκαμεν.
1545 1963 1667 2009 Συν-

131 2053 222 2120 ἀραι
256 2045 306 2102 δέ
348 2048 508 2122 λόγον,
551 2048 676 2103 ἀντὶ
732 2055 844 2121 τοῦ,
894 2056 1111 2108 κινῆσαι
1163 2046 1460 2120 λογοθέσιον
1507 2049 1664 2122 μέσον

133 2144 204 2186 τῶν
227 2133 392 2190 δούλων
418 2138 610 2206 αὐτοῦ,
664 2138 847 2202 οἵτινές
895 2134 1025 2191 εἰσιν
1056 2138 1105 2190 οἱ
1161 2138 1445 2210 ἄνθρωποι.
1499 2133 1666 2188 Πλάτ-

129 2244 185 2277 τιι
208 2222 253 2279 a‘i
283 2231 362 2286 τὴν
395 2227 706 2305 παραϐολὴν
752 2229 968 2294 ταύτην,
1003 2219 1174 2290 δεῖξαι
1203 2225 1536 2300 βουλόμενος,
1586 2226 1666 2279 ὃτι

129 2315 227 2386 ἀμὴ
267 2326 536 2393 συγχωρῶν
592 2325 666 2390 τῷ
695 2316 766 2381 εἰς
795 2317 951 2371 αὐτὸν
996 2317 1347 2392 ἁμαρτάνοντι
1394 2315 1666 2393 ἀποστερεῖ

124 2400 261 2456 ἑαυτὸν
280 2413 359 2460 τοῦ
384 2409 524 2483 παρὰ
552 2414 700 2462 Θεοῦ
728 2407 916 2470 ἐλέους·

175 2493 442 2568 ’Δρξαμένου
503 2528 589 2539 --
655 2496 937 2553 ταλάντων.
995 2494 1079 2558 Εἷς
1147 2485 1329 2558 δοῦλος
1401 2491 1663 2556 δηλονότι.

121 2579 245 2658 Ὀπιρ
284 2581 335 2639 δέ
358 2585 464 2642 ἔστι
487 2587 624 2662 παρ’
657 2589 782 2661 ὁμίν
833 2588 865 2647 ἡ
913 2585 1064 2664 λίτρα
1104 2591 1197 2640 τοῦ
1241 2594 1474 2664 χρυσοῦ,
1516 2593 1666 2639 τοῦτο

118 2674 236 2746 παρὰ
276 2683 366 2740 τοῖς
409 2677 677 2754 Ἑϐραίοις
721 2679 783 2731 τὸ
832 2677 1098 2733 τάλαντον.
1156 2679 1395 2751 Σταθμός
1448 2677 1550 2753 γὰρ
1605 2671 1666 2735 ἧν

123 2768 394 2836 νομισμάτων
439 2768 882 2841 πολυτιμότατος,
934 2771 1151 2822 καὶτῶν
1201 2766 1364 2820 ἄλλων
1424 2769 1665 2840 σταθμῶν

115 2851 432 2928 ὑπερκείμενος,

167 2948 239 3001 Μὴ
287 2946 479 3018 ἔχοντος
539 2943 604 3002 δξ
661 2977 736 2988 -
788 2950 879 3002 καὶ
958 2943 1306 3016 ἀποδοθῆναι,
1373 2941 1667 3006 Ἀποδοθῆ-

113 3051 178 3082 ναι
212 3036 261 3086 τὸ
298 3039 446 3111 χρέος
499 3039 743 3100 πάντως.
809 3035 919 3090 οὐκ
972 3034 1026 3101 ἐξ
1086 3035 1351 3111 ὠμότητος
1403 3031 1464 3089 δὲ
1516 3043 1666 3088 τοῦτο

1771 497 2040 569 μυριάκις,
2071 495 2186 551 hoc
2216 500 2322 565 est,
2347 497 2526 554 decies
2550 496 2773 566 millies,
2824 492 3122 565 signiﬁcat
3144 491 3422 561 frequen-

1773 589 1877 650 ter,
1910 583 2074 656 apud
2087 587 2338 651 Graecos,
2364 586 2444 642 ita
2466 602 2612 642 sane
2629 587 2902 656 etseptt‘es
2919 581 3082 655 apud
3097 579 3378 635 Hebraos
3397 593 3415 648 ;

1773 676 1832 728 et
1861 672 2046 729 multo
2099 674 2292 745 magis
2319 674 2687 747 septuagies;
2733 690 2802 731 ac
2852 668 3100 742 insuper
3145 665 3311 740 quod
3347 679 3420 720 ex

1773 765 2028 835 utroque
2051 764 2454 832 compositum
2483 769 2568 821 est
2585 764 2909 836 septuagies
2938 760 3169 831 septies.

1842 959 1992 1029 Quia
2020 975 2161 1032 ergo
2181 959 2458 1018 inﬁnities
2506 963 2569 1018 in
2590 962 2778 1018 Deum
2802 973 3143 1032 peccamus,
3173 953 3422 1011 inﬁnitis

1771 1047 2004 1105 vicibus
2018 1049 2197 1120 jussit
2224 1049 2532 1120 ignoscere
2555 1049 2649 1106 his
2680 1049 2784 1121 qui
2804 1047 2864 1103 in
2901 1059 3014 1102 nos
3046 1043 3419 1114 delinquunt,

1775 1137 1825 1194 si
1850 1153 2081 1210 semper
2107 1137 2497 1212 resipiscant:
2529 1147 2667 1195 eum
2696 1145 2961 1209 namque
2982 1133 3086 1208 qui
3111 1139 3235 1189 non
3284 1129 3424 1186 resi-

1773 1226 1970 1301 piscit,
2013 1232 2148 1300 post
2179 1231 2409 1285 tertiam
2434 1228 2827 1285 monitionem
2866 1222 3074 1297 repelli
3098 1219 3274 1293 jussit
3293 1221 3424 1275 tan-

1774 1332 1962 1389 quam
1992 1315 2291 1372 ethnicum
2325 1319 2381 1372 et
2426 1315 2819 1388 publicanum
2850 1329 2867 1380 ;
2901 1308 3212 1385 quomodo
3259 1307 3421 1365 enim

1774 1405 2027 1462 remittet
2049 1405 2182 1477 quis
2207 1405 2261 1460 ei
2285 1404 2391 1478 qui
2415 1404 2829 1461 remissionem
2852 1415 2977 1458 non
3007 1396 3221 1473 quaerit
3248 1395 3278 1451 ?

1847 1523 1997 1578 CAP.
2022 1521 2263 1578 XXXIX.
2287 1521 2375 1577 De
2403 1536 2488 1589 eo,
2516 1521 2620 1593 qui
2649 1519 2893 1578 debebat
2917 1517 3109 1574 decem
3128 1513 3318 1570 millia
3333 1517 3424 1570 ta-

2437 1609 2743 1668 lentarum.

1845 1701 2008 1757 Vers.
2036 1699 2124 1756 23.
2152 1701 2477 1770 Propterea
2529 1731 2598 1741 -—
2640 1698 2780 1756 suis.
2811 1699 3151 1770 Propterea,
3185 1691 3420 1767 quare?

1776 1789 1924 1857 Quia
1952 1792 2183 1863 oportet
2220 1788 2275 1846 ei
2342 1805 2572 1862 semper
2600 1789 2908 1859 ignoscere
2931 1785 3036 1861 qui
3058 1798 3297 1856 semper
3333 1798 3423 1840 re-

1773 1878 2011 1951 sipiscit.
2041 1879 2315 1950 Regnum
2331 1883 2530 1935 autem
2548 1877 2835 1934 caelorum
2861 1875 3121 1948 seipsum
3146 1888 3306 1928 nunc
3318 1887 3425 1948 ap-

1771 1967 1953 2040 pellat
1981 1969 2270 2042 tanquam
2295 1983 2494 2039 regem
2552 1966 2870 2033 coelestem,
2901 1968 3078 2038 prout
3122 1977 3282 2035 saepe
3336 1959 3425 2019 di-

1769 2058 1993 2116 ximus.
2032 2055 2306 2114 Conferre
2322 2073 2463 2114 vero
2499 2056 2816 2122 rationem,
2842 2054 2959 2112 hoc
2988 2055 3078 2110 est
3093 2066 3328 2108 sumere
3351 2065 3426 2108 ac

1772 2145 2106 2204 subducere
2129 2150 2482 2220 computum
2514 2145 2665 2202 inter
2703 2161 2912 2202 servos
2943 2158 3105 2208 suos,
3146 2140 3251 2214 qui
3282 2142 3426 2198 sunt

1770 2235 2066 2294 homines.
2094 2235 2284 2307 Fingit
2322 2239 2523 2293 autem
2588 2235 2741 2292 hanc
2788 2231 3164 2308 parabolam,
3215 2228 3424 2286 volens

1770 2325 2105 2397 ostendere,
2134 2325 2300 2399 quod
2323 2323 2376 2382 is
2401 2325 2506 2400 qui
2532 2341 2656 2382 non
2684 2323 2936 2397 ignoscit
2963 2321 3025 2380 in
3089 2337 3154 2377 se
3173 2333 3426 2394 peccan-

1772 2417 1831 2487 ti,
1863 2416 2058 2488 privat
2077 2415 2340 2487 seipsum
2370 2413 2473 2470 Dei
2495 2412 2922 2472 misericordia.

1843 2507 2002 2562 Vers.
2030 2504 2118 2560 24.
2150 2505 2411 2577 Cumque
2439 2503 2696 2574 ccepisset
2725 2534 2794 2543 —
2823 2503 3207 2559 talentorum.
3261 2500 3424 2555 Unus

1773 2593 2040 2652 videlicet
2082 2609 2307 2650 servus.
2349 2592 2531 2665 Quod
2577 2597 2783 2649 autem
2835 2595 2924 2648 est
2975 2588 3139 2662 apud
3193 2589 3427 2645 Graecos

1770 2681 1944 2758 λίτρα,
1973 2683 2090 2741 hoc
2122 2687 2208 2740 est
2238 2682 2388 2741 libra
2418 2682 2576 2749 auri,
2603 2680 2666 2738 id
2695 2679 2861 2756 apud
2889 2679 3168 2736 Hebraeos
3200 2680 3287 2733 est
3333 2684 3420 2732 ια-

1773 2773 2010 2830 lentum.
2043 2771 2180 2830 Erat
2205 2771 2355 2830 enim
2392 2772 2829 2830 numismatum
2880 2768 3116 2844 pondus
3173 2764 3420 2823 maximi

1769 2863 1965 2937 pretii,
1995 2867 2207 2920 caetera
2245 2862 2446 2920 omnia
2473 2860 2762 2920 excedens
2786 2858 3074 2934 pondera.

1830 2953 1992 3008 Vers.
2023 2956 2114 3008 '25.
2144 2951 2221 3008 Et
2248 2968 2376 3009 cum
2419 2969 2526 3008 non
2551 2958 2730 3022 posset
2782 2982 2851 2991 —
2895 2948 3147 3020 ﬁerique
3191 2943 3424 3002 solutio-

1772 3058 1923 3101 nem.
1950 3045 2020 3099 Ut
2038 3042 2284 3098 omnino
2307 3041 2636 3099 solveretur
2681 3040 2972 3098 debitum.
3028 3039 3164 3094 Non
3218 3039 3424 3092 tamen

115 3117 339 3193 ὲιιλινσεν,
385 3124 490 3179 ἀλλ’
535 3126 594 3180 ἐκ
658 3128 1012 3200 συμπαθείας,
1065 3128 1150 3180 ἶνα
1186 3125 1428 3200 φοϐηθεὶς
1481 3124 1664 3188 ἐκεῖνος

1834 3149 1888 3189 )c
1917 3147 1991 3188 ex
2019 3130 2356 3188 crudelitate
2387 3131 2583 3204 jussit,
2635 3131 2740 3186 sed
2779 3146 2853 3187 ex
2881 3125 3324 3201 compassione,
3356 3126 3425 3180 ut

213 3216 433 3275 τοιαύτην
471 3215 748 3290 ἀπόφασιν
789 3215 1078 3290 [imi-3136;),
1126 3215 1236 3289 (77)
1266 3220 1357 3269 καὶ
1396 3217 1540 3290 τύχῃ
1573 3225 1668 3279 τῆς

112 3294 306 3368 ἀφέσεως.
375 3305 435 3359 Εἰ
522 3309 629 3382 γὰρ
714 3309 786 3378 μὴ
857 3302 952 3359 διὰ
1026 3311 1180 3359 τοῦτο
1256 3307 1501 3365 τοιαύτην
1581 3304 1666 3371 ἰξ-

108 3385 271 3458 ἑνιγκα
319 3389 655 3470 mearum]
711 3393 808 3449 οὐκ
872 3391 933 3447 ἂν
996 3393 1317 3450 ἱκετεύσαντι
1377 3397 1439 3448 τὸ
1510 3398 1667 3469 χρέος

104 3485 251 3548 ἀφῆκε.

160 3574 240 3624 Καὶ
280 3568 423 3628 διατί
464 3580 540 3650 μὴ
593 3577 704 3652 πρὸ
751 3583 842 3640 τῆς
882 3575 1189 3650 ἀποφάσεως
1242 3573 1406 3650 ἀφῆκε
1427 3595 1448 3648 ς
1499 3579 1662 3648 Διότι,

100 3657 262 3728 ῥᾳδίως
303 3663 429 3718 οὕτω
474 3667 876 3741 συγχωρηθιὶς,
925 3664 1020 3720 οὐκ
1057 3665 1254 3742 ἔμελλεν
1304 3667 1664 3740 ἐπιγίνώσκειν

98 3748 144 3797 τό
176 3757 256 3813 τῆς
289 3756 510 3828 χάριτος
541 3758 784 3831 μέγεθος.
838 3757 936 3811 Διά
983 3763 1138 3811 τοῦτο
1184 3755 1273 3810 οὖν
1319 3757 1390 3819 εἰς
1435 3756 1664 3832 ἀνάγκην

99 3839 289 3908 μ-ιἿάλην
312 3844 461 3898 αὐτὸν
493 3850 850 3905 κατέστησεν.
899 3845 984 3900 ἵνα
1033 3841 1464 3921 διαμνημονεύειν
1511 3847 1668 3902 ὕστε-

97 3942 174 3995 ρον
222 3930 341 4001 ἱχοι,
391 3939 542 3998 ποίοις
595 3934 790 4010 ἀφείθη
847 3931 1163 4004 καταδίκης,
1231 3940 1322 3990 καὶ
1380 3940 1665 4011 συμπαθὴς

95 4023 279 4102 ἴδηται
324 4026 400 4075 καὶ
431 4023 593 4089 αὐτὸς
646 4028 770 4102 περὶ
819 4027 908 4078 τὸν
957 4024 1139 4080 ἑαυτοῦ
1186 4029 1491 4102 χρεώστην,
1545 4045 1666 4079 παι-

99 4097 267 4168 δινθεὶς
297 4110 342 4162 ἒν
368 4119 476 4175 ταῖς
500 4097 728 4176 οἰκείαις
759 4122 1073 4190 συμφοραῖς·

158 4200 307 4251 nam
364 4232 431 4242 —
488 4203 663 4275 αὐτῷ.
717 4201 858 4279 Ὀρα
907 4203 1022 4276 (78)
1079 4202 1464 4277 φιλανθρωπίας
1516 4203 1666 4278 ύπερ·

98 4279 258 4370 Solis!
315 4287 371 4342 Ὃ
580 4294 692 4368 γὰρ
759 4293 1085 4370 προθεσμίαν
1166 4293 1392 4354 ίζὴτησε
1465 4295 1618 4366 μόνον
1647 4308 1660 4322 ⁸

92 4370 118 4457 ξ
159 4367 208 4426 δι
249 4378 302 4429 τό
355 4383 518 4454 χρέος
599 4367 808 4454 ἀφῆκεν⁷
875 4380 1042 4454 αὐτῷ,
1124 4381 1303 4457 μεῖζον
1363 4381 1424 4435 οὗ
1479 4385 1663 4448 ᾔτησε,

96 4454 326 4528 δεδωκώς,

153 4551 191 4620 'i‘
233 4549 328 4610 Ἴδε
373 4563 464 4620 τὴν
511 4568 613 4624 τῆς
681 4565 958 4634 μιτανοίας
1015 4560 1197 4637 ἰσχὺν,
1256 4565 1346 4616 καὶ
1405 4565 1501 4622 τὴν
1557 4561 1668 4636 φιλ-

419 4657 559 4740 τοῦγ
611 4654 834 4724 Κυρίου.
922 4650 982 4706 Ἡ
1062 4655 1153 4724 μὲν
1235 4653 1338 4726 γὰρ
1420 4653 1668 4726 μετάνοια

94 4736 272 4831 emicat
300 4739 382 4792 τόν
444 4737 647 4794 δοῦλον
703 4747 878 4796 πεσεῖν
935 4739 1038 4795 ἀπὸ
1088 4749 1182 4805 τῆς
1234 4746 1418 4804 κακίας
1441 4759 1454 4772 ⁸
1497 4743 1523 4795 ὁ
1565 4745 1664 4817 γὰρ

368 4827 608 4901 βεϐαίως
678 4831 730 4884 ἓν
787 4838 849 4905 τῇ
902 4836 1064 4906 κακίᾳ
1117 4831 1178 4886 ού
1245 4835 1662 4909 συγχωρητέα·

95 4908 122 4965 ἦ
271 4915 628 4994 φιλανθρωπία
679 4927 773 4976 τοῦ
828 4928 962 4976 Θεοῦ
1015 4905 1359 5000 συνεχώρησέ
1380 4905 1386 4906 7
1409 4905 1668 4986 παντελῶς

88 5003 142 5050 τὸ
169 4997 343 5060 δάνειον
373 5026 386 5039 ·
418 5015 672 5083 καίτοιγε
693 5011 720 5064 ὁ
749 5005 935 5075 δοῦλος
963 5007 1024 5065 ού
1056 4997 1405 5087 συγχώρησιν
1443 5013 1661 5075 παντελῆ

88 5087 251 5162 ἑζέτει,
323 5095 454 5155 ma
531 5101 891 5175 προθεσμίαν.
983 5103 1225 5158 Μάνθανε
1308 5107 1498 5161 τοίνυν.
1587 5105 1668 5158 ὅτι

87 5179 110 5229 ὃ
157 5189 269 5248 Θεὸς
314 5195 405 5246 καὶ
442 5189 674 5244 πλείονα
723 5185 969 5264 δίδωσιν,
1029 5189 1098 5246 ὧν
1145 5192 1455 5268 αἰτούμεθα.
1526 5193 1668 5250 Ἐπεὶ

1775 3221 1878 3280 tali
1902 3221 2446 3290 sententiaiterritus
2461 3220 2896 3293 deprecaretur,
2917 3235 2986 3274 ac
3007 3214 3424 3273 remissionem

1775 3313 2251 3384 consequeretur.
2278 3310 2396 3367 Nisi
2417 3308 2578 3366 enim
2615 3324 2686 3366 eo
2715 3307 2835 3364 ﬂne
2866 3307 3041 3364 talem
3081 3301 3426 3377 protulisset

1773 3399 2144 3468 sententiam,
2175 3413 2565 3474 nequaquam
2588 3395 2926 3471 deprecanti
2965 3393 3294 3453 remisisset
3320 3389 3426 3448 de-

1770 3491 1986 3548 bitum.

1843 3582 1993 3637 Nam
2022 3577 2072 3635 si
2100 3577 2271 3638 valde
2296 3578 2465 3636 facile
2492 3576 2908 3636 remissionem
2928 3573 3310 3649 percepisset,
3335 3569 3428 3628 fu-

1773 3673 1975 3726 turum
1998 3671 2124 3726 erat
2147 3673 2212 3726 ut
2266 3667 2471 3740 gratia:
2536 3665 3011 3740 magnitudinem
3040 3678 3164 3721 non
3207 3676 3426 3733 cogno-

1772 3763 1996 3817 sceret:
2029 3764 2272 3833 propter
2289 3757 2406 3816 hoc
2435 3774 2576 3831 ergo
2616 3757 2678 3814 in
2697 3771 2984 3828 magnam
3008 3753 3427 3811 necessitatem

1773 3865 1913 3906 eum
1941 3847 2189 3920 redegit,
2213 3852 2279 3907 ut
2317 3847 2398 3906 ad
2421 3847 2782 3905 memoriam
2826 3845 2888 3901 in
2909 3848 3220 3918 posterum
3252 3856 3421 3900 revo-

1772 3954 1907 3996 care
1932 3941 2152 4010 posset,
2186 3953 2306 4010 qua
2351 3935 2850 3994 condemnatione
2880 3933 3189 3992 absolutus
3217 3933 3375 3990 esset
3404 3947 3421 3993 :

1772 4031 1830 4085 et
1850 4026 2268 4099 compassivus
2295 4026 2474 4083 etiam
2504 4025 2633 4098 ipse
2659 4041 2803 4096 erga
2841 4040 3020 4082 suum
3044 4021 3211 4080 ﬁeret
3246 4019 3420 4078 debi-

1770 4121 1981 4182 torem,
2008 4113 2259 4188 propriis
2288 4115 2533 4172 edoctus
2562 4112 3026 4172 calamitatibus.

1843 4207 2002 4261 Vers.
2031 4203 2121 4260 26.
2181 4205 2513 4260 Prostratus
2564 4234 2635 4245 —
2665 4205 2821 4259 Vers.
2887 4201 2977 4257 27.
3005 4200 3115 4259 illi.
3162 4200 3250 4270 -Η-
3275 4199 3422 4254 Ecce

1771 4291 2157 4352 humanitatis
2180 4290 2692 4366 magnitudinem!
2727 4289 2830 4346 Hic
2870 4289 3022 4346 enim
3077 4286 3424 4344 dilationem

1773 4387 2004 4442 tantum
2031 4381 2340 4456 quaerebat
2361 4397 2378 4448 ;
2403 4379 2499 4438 ille
2533 4395 2668 4438 vero
2728 4379 3000 4436 debitum
3024 4377 3078 4435 ei
3128 4376 3308 4433 etiam
3337 4389 3426 4432 re-

1694 4477 1741 4533 D
1775 4473 1956 4541 misit,
1988 4471 2243 4546 plusque
2260 4469 2444 4538 dedit,
2471 4485 2652 4544 quam
2682 4471 3012 4538 rogaverat.

1846 4561 1986 4620 Vide
2009 4559 2370 4634 paenitentiae
2395 4559 2546 4616 vires
2575 4573 2646 4616 ac
2693 4555 2932 4630 Domini
2981 4553 3423 4612 humanitatem.

1775 4651 2128 4710 Paenitentia
2149 4649 2445 4724 siquidem
2466 4647 2594 4705 fecit
2619 4662 2859 4704 servum
2877 4662 2914 4703 a
2934 4644 3163 4702 malitia
3173 4642 3422 4702 cadere:

1775 4745 1940 4800 stans
1959 4742 2118 4799 enim
2127 4740 2339 4798 ﬁrmus
2350 4739 2412 4796 in
2422 4737 2734 4812 pravitate,
2751 4752 2874 4794 non
2887 4738 3121 4810 poterat
3129 4732 3430 4792 remissio-

1773 4848 1915 4890 nem
1958 4831 2242 4903 accipere.
2283 4828 2387 4887 Dei
2414 4844 2558 4886 vero
2572 4826 2918 4886 humanitas
2938 4825 3060 4883 sive
3087 4823 3429 4895 benignitas

1774 4923 2022 4982 omnino
2039 4921 2287 4994 ignovit,
2316 4923 2374 4978 et
2393 4935 2476 4977 ms
2487 4917 2752 4978 alienum
2762 4916 3006 4975 remisit.
3029 4916 3427 4989 Atquiservus

1772 5029 1897 5072 non
1907 5011 2322 5072 omnimodam
2335 5009 2769 5076 remissionem,
2781 5006 2888 5065 sed
2912 5005 3431 5080 longanimitatcm

1774 5119 1846 5164 ac
1861 5102 2313 5178 protelationem
2324 5099 2655 5176 quaerebat.
2685 5098 2850 5156 Disce
2860 5112 3026 5172 ergo,
3048 5095 3239 5155 Deum
3258 5095 3432 5169 plura

1775 5193 2043 5253 conferre
2087 5208 2277 5267 quam
2319 5207 2431 5250 nos
2485 5189 2910 5265 postulemus:
2960 5190 3129 5246 tanta
3174 5189 3268 5244 est
3326 5185 3429 5242 Dei

1291 5393 1520 5467 Variae
1556 5395 1885 5469 lectiones
1925 5407 1991 5469 et
2030 5406 2234 5467 nota.

280 5598 521 5657 Inclusa
539 5597 898 5658 exciderant
922 5603 989 5662 Α.
1209 5661 1212 5663 λ
1288 5660 1293 5666 .

141 5599 245 5742 g3
274 5671 392 5730 Hoc
413 5671 661 5732 scholia
684 5665 919 5730 carebat
941 5659 1293 5742 interpretati

191 5659 245 5742 8)
274 5671 392 5730 Hoc
413 5671 661 5732 scholia
684 5665 919 5730 carebat
941 5659 1348 5745 interpretatio
1374 5672 1667 5731 Hentenii.

1780 5600 1914 5674 Ejus
1936 5604 2139 5674 autem
2160 5599 2295 5674 loco
2312 5599 2495 5674 habet
2511 5597 2750 5673 longius
2766 5593 3184 5668 Theophylacti
3212 5608 3275 5666 p.
3292 5591 3424 5674 χοε,

1780 5665 1844 5745 Β’,
1873 5672 2040 5746 quod
2075 5673 2174 5731 hic
2201 5672 2448 5745 subjeci.
2471 5671 2538 5728 In
2567 5665 2776 5728 ne'utro
2798 5665 3071 5725 meorum
3120 5665 3421 5735 reperitur.
