3906 6202
492 278 596 338 5i!

1808 266 2153 327 EUTHYMII
2191 265 2519 322 ZIGABENI
3662 263 3741 318 512

496 403 832 477 benignitas
862 401 1486 468 ethumanitas,etiam
1507 416 1645 457 cum
1667 398 1872 455 durior
1888 396 2118 453 videtur

2273 396 2481 450 ὀσαύτη
2573 390 2713 444 ἐστὶν
2770 392 2800 449 ἠ
2861 389 3211 463 φιλανθρωπία
3283 386 3442 454 αὐτοῦ,
3511 388 3621 438 ὥστε
3678 394 3743 439 καὶ

500 500 638 567 puta
662 492 931 563 jubendo
957 490 1311 549 venumdari
1332 505 1494 557 eum,
1527 494 1583 546 et
1602 489 1807 545 omnia
1831 504 1968 562 quae
1990 486 2145 544 illius

497 587 685 639 erant.
725 585 926 654 Neque
956 581 1117 638 enim
1147 581 1263 637 hoc
1303 596 1375 637 ex
1410 579 1727 652 asperitate
1748 578 2004 643 dicebat,
2036 576 2144 633 sed

497 675 563 728 ut
588 686 828 727 servum
855 673 1095 728 terreret
1122 678 1177 727 et
1206 669 1609 743 persuaderet,
1642 684 1902 741 eumque
1922 666 1992 723 ad
2041 666 2147 723 hu-

501 758 714 815 militer
741 760 1167 833 deprecandum
1188 759 1529 826 adduceret,
1555 758 1693 815 etad
1706 754 2147 829 respiciendum

499 848 806 921 quomodo
834 848 1200 906 invitaretur.

577 937 732 995 Vers.
763 940 855 996 28.
908 938 1269 1013 Egressm—
1335 939 1525 997 debes.
1553 941 1681 995 Non
1720 942 1855 1013 post
1900 936 2151 1007 longum

502 1032 760 1099 tempus,
784 1028 890 1086 sed
917 1030 1117 1088 statim
1147 1028 1634 1087 :beneticentiam
1689 1028 1911 1084 faciens
1949 1025 2153 1083 trami-

506 1124 644 1183 tem,
680 1116 760 1174 ad
800 1117 855 1174 id
875 1119 1043 1192 quod
1072 1135 1270 1195 neque
1298 1123 1417 1179 Deo
1439 1125 1677 1192 gratum
1696 1123 1803 1184 est,
1830 1132 2025 1192 neque
2048 1118 2153 1175 ho-

506 1203 791 1262 minibus.

579 1297 732 1351 Vers.
761 1297 848 1353 29.
895 1298 1224 1356 Proslratus
1252 1330 1322 1342 —
1342 1301 1504 1357 Vers.
1536 1302 1625 1357 30.
1658 1298 1928 1358 debitum.
1954 1301 2154 1371 Neque

505 1382 763 1442 formam
785 1387 1237 1460 supplicationis
1256 1389 1476 1447 veritus
1500 1394 1605 1458 est,
1623 1406 1747 1463 qua
1766 1392 1823 1445 et
1871 1389 2001 1461 ipse
2051 1388 2153 1444 mi-

504 1473 884 1532 sericordiam
909 1479 1208 1551 percepit;
1239 1495 1434 1554 neque
1466 1495 1742 1537 sermone
1775 1479 2044 1551 placatus
2069 1484 2155 1536 est

505 1576 610 1635 per
638 1578 820 1663 quem
844 1572 899 1622 et
936 1567 1062 1639 ipse
1101 1573 1373 1625 servatus
1426 1575 1552 1627 erat
1592 1586 1607 1637 ;
1639 1584 1835 1642 neque
1887 1586 1924 1626 a
1977 1568 2152 1625 simili
2190 1611 2230 1666 Β

502 1653 757 1725 propriae
782 1657 1051 1713 meminit
1075 1658 1453 1726 calamitatis,
1489 1658 1598 1715 sed
1619 1660 1949 1732 permansit
1983 1659 2153 1716 omni

503 1739 628 1796 fera
657 1742 966 1801 crudelior.
992 1748 1170 1821 Atqui
1200 1763 1323 1806 non
1348 1764 1453 1821 pro
1482 1748 1815 1822 aequalibus
1866 1754 1993 1805 erat
2017 1765 2155 1821 sup-

506 1828 745 1901 plicatio
770 1848 783 1898 ;
811 1832 938 1905 ipse
976 1837 1135 1892 enim
1177 1852 1279 1910 pro
1318 1836 1571 1902 talentis,
1632 1837 1727 1893 hic
1753 1852 1862 1908 pro
1892 1837 2153 1894 denariis

505 1918 759 1990 rogabat
790 1928 887 1989 ;et
914 1924 1041 1997 ipse
1084 1941 1195 1999 pro
1236 1925 1446 1983 decem
1478 1926 1767 1998 millibus,
1793 1926 1889 1982 hic
1953 1930 2153 1984 autem

508 2018 619 2080 pro
644 2014 922 2085 centum;
956 2019 1014 2071 et
1043 2015 1169 2087 ipse
1189 2015 1527 2084 dominum,
1554 2016 1651 2073 hic
1673 2020 1876 2074 autem
1918 2030 2155 2072 conser-

508 2111 653 2154 vum
669 2114 682 2164 ;
697 2104 751 2155 et
763 2099 1045 2159 dominus
1058 2108 1286 2162 tantum
1298 2105 1567 2163 debitum
1581 2104 1691 2179 ipsi
1705 2105 2047 2161 universum
2070 2120 2158 2161 re-

510 2186 766 2255 miserat,
785 2190 911 2263 ipse
926 2207 1061 2250 vero
1073 2209 1269 2267 neque
1284 2194 1630 2252 dilationem
1648 2210 1937 2253 conservo
1968 2193 2154 2261 dedit,

579 2279 741 2336 Vers.
773 2282 859 2338 3i.
906 2282 1172 2342 Videntes
1192 2317 1260 2327 —
1283 2301 1408 2359 quae
1433 2286 1677 2358 ﬁebant.
1702 2284 2159 2359 Incompassibi-

508 2366 640 2425 litas
670 2370 830 2427 enim
860 2388 980 2429 non
1006 2390 1040 2431 a
1068 2375 1186 2432 Deo
1217 2376 1410 2433 solum
1458 2376 1713 2434 habetur
1738 2374 1898 2441 odio,
1927 2374 2032 2433 sed
2058 2389 2157 2431 ne-

509 2473 622 2531 que
652 2463 983 2519 mansuetis
1010 2463 1382 2533 hominibus,
1410 2473 1582 2537 grata
1606 2468 1721 2523 est.

582 2549 745 2609 Vers.
776 2556 842 2608 3'2
875 2555 1040 2611 Tunc
1078 2587 1134 2598 —
1181 2558 1320 2614 Vers
1346 2557 1433 2614 33.
1466 2556 1736 2613 misertus
1762 2570 1892 2612 sum
1912 2556 1941 2610 .9
1962 2556 2005 2612 Ο
2051 2555 2160 2611 im-

512 2655 784 2698 mensam
807 2640 1331 2704 mansuetudinem
1365 2646 1377 2701 !
1410 2647 1493 2702 Ex
1516 2661 1692 2720 aequo
1721 2645 2003 2719 disceptat
2025 2660 2160 2701 cum

513 2745 583 2785 eo
613 2731 717 2804 qui
743 2734 911 2789 omni
963 2750 1237 2792 sermone
1283 2735 1569 2805 indignus
1609 2739 1697 2791 est
1729 2750 1742 2791 :
1792 2739 1849 2790 et
1878 2734 2163 2807 patienter

2255 480 2411 535 ἐκεῖνο
2454 485 2512 533 τὸ
2562 477 2750 533 δοκοῦν
2792 479 3036 552 σκληρόν,
3097 480 3151 529 τό
3203 475 3467 551 προστάξαι
3510 474 3747 534 πωληθῆναι

2258 571 2433 635 αὐτόν,
2493 570 2587 623 οὐκ
2637 568 2736 623 ἀπὸ
2793 566 3148 643 σκληρότητος
3202 563 3343 629 εἶπεν,
3402 563 3495 617 ἀλλ’
3530 564 3599 615 ἱνα
3632 582 3747 617 κατα-

2256 666 2463 733 ¹τινι-θήσῃ
2504 661 2590 711 τὸν
2631 655 2836 723 δοῦλον,
2884 661 2973 711 καὶ
3023 660 3177 729 πείσῃ
3231 654 3371 707 αὐτὸν
3428 653 3541 727 πρὸς
3590 653 3749 705 ἱκετείαν

2258 754 2348 801 καὶ
2371 747 2704 822 παράκλησιν
2732 745 3041 817 ἀποϐλέψαι.

2332 836 2574 901 Ἐξελθὼν
2622 869 2691 879 -
2737 836 2969 910 ὀφείλεις.
3030 829 3186 895 Εἶδες
3248 830 3352 903 (79)
3402 832 3625 882 Δεσπότου
3668 826 3753 901 φιλ-

2261 929 2576 1003 ανθρωπίαν,
2642 928 2739 1001 ὅρα
2806 930 2896 979 καὶ
2977 920 3165 978 δούλου
3234 920 3373 973 πάλιν
3442 917 3752 992 ἀπανθρωπίαν.

2263 1016 2509 1081 Ἐξελθὼν
2573 1018 2675 1091 γὰρ
2734 1014 2906 1081 εὐθὺς,
2956 1010 3119 1076 ἔδειξε
3178 1014 3269 1070 τὴν
3329 1009 3499 1062 οἰκείαν
3549 1006 3754 1071 ἀπήνειαν,

2262 1104 2387 1161 οὐδὲ
2413 1113 2601 1180 καιροῦ
2632 1125 2770 1168 τινος
2804 1103 3161 1179 παρελθόντος.

2336 1201 2512 1251 Πεσὼν
2542 1227 2610 1238 -
2641 1194 2980 1268 ὀφειλόμενον.
3022 1194 3157 1245 Οὔτε
3198 1190 3280 1244 οτό
3320 1195 3493 1259 σχῆμα
3528 1192 3603 1245 τῆς
3636 1186 3755 1241 ima-

2260 1291 2383 1365 ρίας
2419 1282 2644 1360 ᾐδέσθη,
2688 1281 2763 1338 δι’
2800 1279 2860 1337 οὗ
2898 1286 2988 1336 καὶ
3014 1272 3377 1342 αὗτόςὲσώθη,
3424 1278 3526 1329 οὔτε
3547 1282 3626 1335 τῆς
3663 1269 3759 1331 ἰδίας

2267 1360 2560 1449 ἀνεμνήσθη
2618 1377 2888 1448 συμφορᾶς
2933 1369 3033 1424 ἀπὸ
3097 1376 3193 1430 τῆς
3241 1369 3459 1440 ὁμοίας·
3512 1360 3604 1413 ἀλλ’
3644 1362 3759 1431 ἔμεινε

2267 1469 2449 1541 θηρίου
2504 1466 2691 1524 παντὸς
2760 1462 3033 1536 ὠμότερος.
3096 1462 3353 1528 Καὶτοιγε,
3413 1452 3507 1524 οὐχ
3551 1451 3653 1521 ὓπερ
3692 1455 3761 1499 τῶν

2263 1558 2391 1608 ἴσων
2445 1549 2507 1613 ἧν
2563 1554 2592 1612 ἡ
2647 1552 2903 1625 inrupta“
2962 1551 2987 1602 6
3041 1551 3130 1620 μὲν
3182 1548 3282 1619 γὰρ
3330 1544 3446 1615 ὑπὶρ
3487 1537 3761 1601 redderqu

2264 1641 2324 1697 δι
2375 1644 2501 1716 ὑπερ
2554 1639 2816 1716 δηναρίων
2869 1638 3167 1713 παρεκάλει.
3224 1637 3321 1689 Καὶ
3369 1633 3394 1684 6
3439 1632 3519 1703 μὶν
3560 1628 3661 1699 ὑπερ
3697 1645 3764 1695 μυί

2262 1737 2406 1809 ρίων,
2454 1733 2479 1784 ὁ
2533 1727 2593 1784 δὲ
2630 1732 2756 1805 ὑπερ
2804 1729 3002 1784 ἑκατὸν.
3042 1729 3143 1781 Καὶ
3185 1725 3213 1777 6
3254 1726 3339 1796 μὲν
3378 1722 3458 1772 τόν
3506 1712 3763 1777 Δεσπότηι,ὁ

2267 1800 2325 1877 6":
2372 1821 2459 1875 τόν
2517 1800 2824 1896 ὁμόδουλον.
2890 1821 2991 1872 Καὶ
3037 1818 3062 1868 6
3123 1816 3215 1887 μὶν
3272 1808 3511 1867 δεσπότης
3551 1806 3660 1896 ἄταν

2265 1920 2337 1985 τῷ
2374 1915 2432 1964 τὸ
2647 1915 2895 1962 τοσοῦτον
2947 1885 3366 1979 χρέοςήάφῆκεν·
3414 1897 3552 1957 αὐτὸς
3593 1889 3641 1945 δι
3680 1885 3765 1942 οὐδε

2265 2002 2589 2078 προθεσμίαν
2620 2001 2783 2072 μόνην
2812 2004 2884 2068 τῷ
2916 1990 3184 2064 συνδούλῳ
3229 1985 3460 2078 didam.

2338 2065 2555 2150 Ἰδοντες
2608 2065 2679 2128 σί-
2737 2087 2805 2139 τὰ
2851 2065 3119 2157 γενόμετα.
3177 2082 3251 2133 Τό
3307 2074 3583 2149 ἀσυμπαθες
3617 2070 3692 2142 γὰρ
3727 2065 3766 2117 εὖ

2266 2183 2418 2255 μόνον
2473 2184 2546 2249 τῷ
2610 2183 2725 2247 Θεῷ
2780 2176 3029 2248 μισητὸν,
3088 2168 3199 2223 ἀλλ’
3258 2163 3377 2221 οὐδε
3426 2169 3518 2223 τοῖς
3563 2158 3765 2212 ἐπιεικέσιν

2268 2269 2560 2343 ἀνθρώποις
2588 2264 2822 2341 ἀρεστὸν.

2338 2332 2465 2412 ’έότε
2517 2388 2587 2397 -
2621 2332 2856 2414 ’ἠλέησω
2924 2349 2995 2403 Ὠ
3038 2357 3132 2410 τῆς
3192 2344 3381 2406 πολλῆς
3452 2341 3708 2414 ἡμερότητος
3757 2332 3765 2386 ἲ

2270 2446 2678 2518 Δικαιολογείται
2733 2445 2863 2516 πρὸς
2905 2442 2993 2493 τὸν
3039 2436 3252 2500 ἀνάξιον
3303 2434 3449 2505 λόγου
3496 2428 3668 2491 παντὸς,

2270 2505 2615 2614 μακροθύμως
2671 2505 2876 2605 ἐλέγχει
2930 2532 3019 2581 τόν
3080 2525 3530 2595 αὐτοκατάκριτον·
3584 2516 3653 2566 καὶ

2269 2610 2470 2697 κνυσιν,
2530 2627 2611 2677 ὅτι
2662 2621 2815 2681 αὐτὸς
2874 2618 3039 2688 ἑαυτῷ
3097 2614 3191 2668 καί
3250 2617 3341 2672 τὴν
3398 2610 3614 2682 προτέραν
3657 2615 3769 2697 ῃςαρυι

2270 2715 2532 2789 ἀνέτρεψε,
2604 2715 2694 2765 καὶ
2745 2714 2840 2769 τήν
2912 2709 3045 2780 μετὰ
3112 2710 3269 2758 τοῦτο
3328 2698 3522 2753 κόλασιν
3565 2688 3769 2766 προύξένῖ·

511 2834 583 2876 ac
612 2820 813 2877 leniter
839 2839 977 2880 eum
1009 2825 1324 2894 convincit,
1355 2824 1459 2897 qui
1501 2839 1609 2896 per
1634 2839 1695 2879 se
1726 2806 2162 2880 condemnatus
2198 2831 2239 2890 α
2276 2826 2334 2861 σι
2364 2806 2500 2897 (3‘):

513 2912 619 2976 est,
650 2911 1027 2985 ostenditque
1049 2913 1215 2985 quod
1245 2913 1373 2985 ipse
1395 2910 1511 2967 sibi
1542 2911 1663 2984 ipsi
1683 2911 1942 2985 priorem
1980 2911 2161 2968 etiam

514 2997 767 3065 gratiam
795 2999 1105 3067 subvertit,
1126 3004 1182 3057 et
1206 3016 1275 3060 ex
1301 3016 1371 3057 eo
1399 3000 1686 3057 ultionem
1708 2999 1979 3057 adduxit.

582 3086 652 3139 Et
678 3099 817 3142 cum
848 3102 970 3143 non
995 3095 1194 3161 posset
1222 3090 1475 3156 solvere,
1504 3105 1624 3149 non
1653 3106 1791 3147 eum
1846 3089 2160 3145 scelestum

512 3175 861 3243 nominavit,
890 3179 989 3235 sed
1036 3180 1165 3251 ejus
1198 3181 1399 3254 potius
1450 3180 1726 3238 misertus
1755 3184 1878 3237 est:
1918 3178 2165 3254 quando

511 3279 655 3320 vero
681 3279 825 3336 erga
855 3282 1206 3327 conservum
1238 3285 1360 3327 non
1380 3274 1471 3328 est
1499 3275 1695 3327 motus
1724 3267 2166 3342 compassionis

512 3352 749 3424 affectu,
779 3360 920 3413 tunc
958 3362 1013 3415 et
1028 3359 1341 3416 scelestum
1362 3359 1738 3434 appelavitet
1766 3359 2017 3433 punivit.

579 3443 912 3503 Audiamus
926 3463 1033 3504 nos
1049 3450 1151 3521 qui
1166 3465 1285 3505 non
1302 3450 1700 3522 compatimur
1716 3454 1772 3504 et
1787 3448 2161 3512 horreamus,

513 3533 773 3591 sciamus
798 3536 964 3607 quod
980 3537 1091 3610 ipsi
1113 3538 1386 3611 nosipsos
1400 3538 1646 3596 omnino
1661 3537 2163 3601 condemnamus,

519 3621 618 3679 Dei
642 3623 1105 3683 misericordiam
1126 3644 1313 3701 quam
1334 3642 1476 3697 erga
1497 3642 1608 3685 nos
1632 3626 1901 3682 exhibuit
1926 3625 2166 3681 subver-

521 3718 724 3777 tentes,
752 3719 1164 3789 teternumque
1190 3716 1545 3789 supplicium
1573 3715 1952 3772 attrahentes.

590 3804 749 3857 Vers.
783 3803 871 3858 3i.
892 3804 969 3860 Et
998 3805 1391 3862 sibi—totum
1419 3805 1688 3861 debitum.
1721 3806 1835 3859 Hoc
1860 3808 1967 3868 est,
1986 3801 2167 3859 conti-

518 3907 635 3947 nue
659 3897 716 3947 et
765 3908 1003 3966 semper
1034 3913 1046 3963 ;
1073 3898 1276 3967 postea
1304 3894 1463 3951 enim
1495 3909 1809 3967 nunquam
1839 3892 2039 3949 solvet.
2084 3893 2169 3949 Tu

516 3996 658 4036 vero
687 3980 912 4054 reliqua
934 3984 1234 4055 parabolas
1282 4000 1357 4041 ne
1408 3985 1639 4041 curiose
1684 3984 1980 4048 scruteris,
2035 3998 2170 4056 qua

519 4053 1035 4142 persuasibilitatis
1063 4075 1249 4146 gratia
1278 4078 1415 4131 sunt
1455 4079 1839 4146 coassumpta
1862 4091 1880 4145 ;
1915 4073 2023 4129 sed
2055 4053 2170 4128 hoc
2203 4053 2247 4107 D

524 4158 717 4216 solum
740 4176 809 4216 ex
838 4176 910 4218 ea
947 4163 1259 4220 manifeste
1311 4163 1565 4237 accipito
1598 4178 1611 4219 :
1645 4167 1891 4237 peccata
1937 4178 2074 4235 quae
2111 4161 2172 4217 in

526 4250 711 4305 Deum
737 4250 1167 4308 committimus
1195 4252 1442 4308 inﬁnitis
1472 4252 1670 4309 modis
1706 4251 1874 4323 plura
1905 4266 2052 4317 esse,
2081 4248 2174 4304 his

522 4353 654 4412 qua
678 4338 1037 4413 delinquunt
1058 4342 1119 4397 in
1146 4357 1258 4397 nos
1280 4341 1490 4397 fratres
1521 4341 1726 4398 nostri.
1746 4344 1893 4397 Nam
1920 4338 2174 4412 quisque

528 4434 800 4485 nostrum
846 4432 963 4487 Deo
1002 4429 1236 4487 debitor
1262 4434 1370 4499 [est
1396 4430 1601 4487 decem
1652 4429 1903 4487 millium
1931 4428 2175 4484 talento-

530 4534 685 4585 rum,
714 4519 824 4575 hoc
853 4526 960 4585 est,
994 4519 1163 4576 multi
1192 4535 1262 4576 ac
1312 4512 1516 4591 magni
1572 4535 1709 4576 reus
1743 4517 1966 4586 debiti;
2008 4516 2176 4573 debe-

532 4621 667 4662 mus
682 4608 835 4662 enirn
856 4608 936 4664 illi
950 4609 1164 4664 multas
1180 4624 1512 4682 gravesque
1524 4623 1756 4680 poenas,
1782 4612 2024 4679 propter
2054 4621 2179 4661 ma-

533 4707 654 4763 gna
693 4697 1009 4766 gravisque
1030 4704 1293 4769 peccata.
1329 4698 1590 4771 Quisque
1615 4701 1815 4753 autem
1833 4709 2042 4751 eorum
2079 4693 2179 4766 qui

532 4782 589 4837 in
614 4796 724 4837 nos
749 4782 1145 4855 deliquerunt,
1199 4785 1374 4841 nobis
1404 4786 1636 4842 debitor
1670 4788 1757 4841 est
1788 4788 2027 4840 centum
2073 4783 2180 4839 de-

534 4870 862 4939 nariorum,
895 4871 1164 4930 videlicet
1191 4875 1360 4947 parvi
1383 4875 1631 4947 vilisque
1660 4874 1864 4939 debiti,
1900 4873 1950 4928 si
1977 4873 2178 4929 confe-

535 4965 700 5019 ratur
737 4962 812 5019 ad
845 4961 1055 5019 decem
1087 4963 1268 5020 millia
1297 4964 1677 5021 talentorum.
1713 4964 1858 5019 Cum
1889 4975 2031 5032 ergo
2060 4961 2181 5018 Dco

537 5055 703 5107 tanta
732 5050 1081 5122 debeamus,
1104 5051 1220 5108 nisi
1251 5067 1395 5122 erga
1417 5057 1652 5108 nostros
1682 5049 1981 5107 debitores
2009 5047 2182 5105 mise-

537 5140 790 5198 ricordia
817 5140 909 5197 usi
940 5140 1240 5206 fuerimus,
1264 5141 1680 5199 subvertemus
1696 5138 1876 5195 etiam
1893 5152 2029 5211 quas
2053 5137 2182 5209 jam

2345 2899 2447 2948 Καὶ
2487 2894 2570 2945 ὅτε
2612 2892 2701 2965 μὶν
2753 2887 2849 2941 οὐκ
2905 2882 3046 2958 εἶχεν
3099 2878 3391 2936 ἀποδοῦναι
3434 2878 3487 2928 τὸ
3529 2874 3663 2944 χρέος,
3701 2862 3771 2914 οὐκ

2272 2989 2535 3058 ὠνόμασεν
2586 2956 2743 3033 αὐτόν
2786 2956 3031 3048 πονηρόν,
3083 2971 3217 3025 ἀλλὰ
3261 2974 3350 3023 καὶ
3387 2963 3560 3058 μᾶλλον
3575 2956 3772 3058 ἑλέτω,

2273 3049 2462 3127 δτίδι
2508 3074 2625 3145 περὶ
2670 3070 2757 3122 τὸν
2809 3061 3092 3119 σύνδουλον
3134 3066 3340 3134 γέγονεν
3373 3049 3661 3125 ἀσυμπαθὴς,
3690 3055 3774 3091 τοτε

2273 3167 2364 3217 καὶ
2388 3163 2608 3234 πονηρὸν
2638 3158 2894 3230 ὠνόμασε,
2925 3157 3013 3206 καὶ
3042 3150 3311 3205 έκόλασεν.

2344 3359 2675 3428 Ἀκούσωμεν
2744 3352 2796 3406 οἰ
2869 3349 3197 3422 ἀσυμπαθεῖς
3269 3345 3359 3398 καὶ
3424 3337 3678 3428 optim-im,—
3714 3341 3774 3375 ιιι

2274 3456 2490 3521 γνῶμεν,
2550 3444 2630 3498 ὃτι
2676 3442 2827 3496 αὐτοὶ
2892 3441 3097 3499 πάντως
3169 3436 3381 3493 ἑαυτοὺς
3426 3422 3774 3487 καταδικάζημεν,

2275 3510 2363 3589 τὸν
2379 3510 2520 3599 ἐἰςνή
2527 3538 2631 3607 μᾶς
2654 3530 3090 3607 προγεγενημένον
3120 3523 3258 3579 ἱλεον
3286 3528 3377 3575 τοῦ
3407 3522 3529 3573 Θεοῦ
3553 3510 3777 3582 ἀνατρέπω*

2275 3644 2371 3697 τες,
2403 3629 2493 3677 καὶ
2515 3624 2608 3681 τήν
2634 3620 2845 3675 αἰωνίαν
2873 3617 3088 3671 κόλασιν
3118 3614 3488 3686 έπισπώμενοι.

2350 3800 2452 3849 Καὶ
2494 3824 2565 3834 -
2615 3797 2716 3844 πᾶν
2754 3792 2812 3842 τὸ
2859 3785 3181 3860 ὀφειλόμενον
3239 3780 3397 3851 αὐτῷ.
3452 3773 3682 3863 Tauris“,
3708 3756 3781 3863 ἐξ*

2279 3892 2489 3947 ηνεκῶς·
2531 3877 2781 3935 οὐδέποτε
2812 3878 2914 3951 γὰρ
2948 3874 3127 3928 λοιπὸν
3174 3866 3465 3925 ἀποδώσει.
3509 3865 3566 3914 Σὺ
3599 3853 3647 3910 δι
3675 3853 3781 3951 τίλλε

2279 3938 2369 4050 μὴν
2442 3938 2538 4034 τῆς
2597 3938 2902 4043 παραϐολῆς
2960 3968 3031 4038 μή
3089 3957 3459 4050 περιεργᾶςου,
3499 3950 3647 4050 ’χάραξ

2278 4043 2494 4124 νότητος
2552 4056 3079 4133 συμπαραληφθέντα·
3133 4058 3292 4105 τοῦτο
3332 4045 3389 4100 δι
3451 4046 3586 4117 μόνον
3619 4043 3665 4087 εκ
3693 4043 3783 4133 (ταν.-

2280 4174 2377 4217 της
2431 4153 2564 4227 μάθε
2616 4131 2808 4222 σαγως,
2864 4147 2945 4198 ὅτι
2982 4146 3050 4197 τὰ
3078 4141 3145 4202 εἰς
3184 4141 3317 4194 Θεὸν
3355 4135 3671 4229 ἁμαρτήματα
3687 4131 3783 4229 ἱξμάέῖ

2283 4218 2641 4318 μυριοπλάσιά
2703 4237 2807 4291 εἰσι
2857 4242 2958 4287 τῶν
3015 4231 3087 4294 εἰς
3141 4231 3287 4302 ἡμᾶς
3347 4218 3787 4318 ἁμαρτινεμιιίτιιινἼ

2286 4295 2543 4404 αδελφῶν.
2620 4331 2722 4383 Καὶ
2801 4324 3020 4384 ἕκαστος
3096 4295 3191 4392 ph;
3278 4295 3423 4389 ἠμῶν
3482 4295 3788 4404 Δχηρειιιιεῖειὶξῖῗξ

2285 4420 2395 4475 ἔστι
2422 4382 2519 4490 ,τῷ
2576 4423 2690 4487 Θεῷ
2745 4417 2944 4487 μυρίων
3003 4407 3287 4476 ταλάντων,
3344 4402 3590 4455 τουτέστιν
3635 4382 3790 4480 ὗσε-ἡδ’

2282 4530 2369 4573 νος
2433 4483 2621 4563 πολλοῦ
2661 4483 2765 4556 καί
2822 4483 3057 4575 μεγάλου
3097 4499 3319 4570 χρέους·
3380 4483 3790 4575 χρεωστοῦμενκέῐαξ

2286 4558 2424 4671 αὐτῷ
2487 4595 2676 4657 πολλὰς
2733 4558 2845 4645 καὶ⁸
2878 4558 3152 4663 μῖεγάλαςω
3184 4558 3443 4655 τιμωρίαξ
3454 4662 3485 4671 ι
3518 4573 3607 4671 ἐπ’ὶῄ

2287 4660 2667 4761 καὶιμεγοὶλοις
2714 4660 3103 4755 ἁμαρτήμασιν·
3167 4672 3407 4761 ἕκαστος-
3443 4662 3498 4761 δε
3548 4660 3793 4761 των-αξξῗῖ

2288 4748 2540 4833 τανόντων
2606 4772 2679 4835 εἰς
2747 4748 2887 4843 ἠμόὶς
2943 4762 3326 4841 χρεωφειλέτης
3387 4755 3528 4843 εστὶν.
3572 4750 3673 4818 ἦμῖν

2289 4870 2377 4921 τὸν
2440 4862 2720 4939 δηναρίων,
2786 4840 2948 4930 ἤγουν
3005 4853 3181 4925 ὀλίγου
3250 4853 3343 4939 καί
3416 4840 3623 4939 εὐτελοῦς
3669 4840 3763 4939 ξ,ξὴτο

2292 4959 2420 5033 πρὸς
2475 4926 2756 5029 σύγκρισιν
2800 4926 2901 5000 των
2958 4945 3155 5019 μυρίων
3210 4926 3631 5033 ταλάντων.”1ἱαὶ
3673 4926 3737 5033 6::

2290 5014 2579 5104 τηλικαῦτα
2613 5014 2713 5111 ’τῷ
2787 5042 2901 5105 Θεῷ
2988 5034 3395 5107 χρεωστοῦντις,
3614 5014 3802 5111 few?"

2292 5098 2422 5209 Tit-35$
2489 5134 2615 5192 τοὺς
2672 5098 2836 5202 μικρὰ
2873 5098 3294 5197 ’χρέωστοῦντας
3352 5115 3475 5186 ἡμῖν
3541 5098 3799 5166 ἀνελεήμονας

3765 4836 3800 4874 υς

3772 4908 3802 4958 oi

1754 5369 1971 5447 Variae
1998 5368 2329 5440 lectiones
2364 5372 2429 5434 et
2494 5370 2701 5431 notae.

544 5572 731 5701 tit(79)
757 5571 1023 5629 Hentenii
1062 5567 1468 5642 interpretatio
1525 5568 1619 5626 hic
1674 5583 1914 5642 prorsus
1966 5566 2195 5625 dissen-

2400 5559 2491 5624 80)
2513 5561 2604 5624 T6,
2635 5552 2851 5613 omittit
2884 5551 2950 5624 Α.

2400 5564 2467 5618 80
2513 5561 2604 5624 Τό,
2635 5559 2851 5613 omittit
2884 5559 2950 5608 Δ.

2373 5559 2491 5705 ἱθίξ
2518 5631 2606 5688 Ita
2633 5624 2875 5691 correxi,
2905 5622 3039 5681 loco
3073 5615 3379 5695 προξένησε.
