3906 6202
503 251 608 313 5ίὸ

505 388 623 449 que
652 368 1039 441 exasperatus
1064 364 1152 421 est
1181 361 1332 417 sicut
1351 356 1468 421 alio
1496 355 1629 413 loco
1664 364 1889 424 :neque
1906 346 2153 407 omnino
2187 342 2233 408 Δ

505 435 700 533 arguit
727 435 850 522 eos,
874 460 937 511 ut
967 468 1144 510 suam
1174 447 1451 506 ostendat
1478 443 1800 507 lenitatem,
1841 446 1895 493 et
1936 440 1999 495 ut
2036 435 2157 490 dis-

506 531 736 623 cipulos
775 548 986 603 doceat
1029 539 1273 621 injurias
1309 536 1514 592 leniter
1557 534 1726 590 ferre.
1772 533 1897 586 Non
1950 531 2155 581 tamen

504 614 741 712 semper
780 635 1016 693 exhibet
1052 618 1373 695 lenitatem,
1407 642 1480 681 ne
1515 625 1716 697 putent
1753 616 1985 675 scelesti
2025 614 2155 671 haec

506 705 669 785 illurn
692 726 894 790 latere,
914 727 1096 796 utque
1122 718 1447 776 refrenaret
1466 710 1774 769 malitiam.
1806 710 1872 764 Et
1897 705 2034 762 vide
2064 719 2155 759 sa-

505 817 811 891 pientiam.
842 791 1247 881 Interrogatus
1276 821 1353 862 an
1376 803 1591 867 liceret,
1625 814 1747 856 non
1779 796 1978 852 statim
2009 791 2157 849 dixit

506 922 626 965 non
666 905 862 975 licere,
901 916 978 959 ne
1010 880 1179 955 daret
1216 894 1298 951 eis
1340 891 1719 948 occasionem
1757 880 2154 943 contentionis

506 1012 576 1055 ac
598 972 913 1060 tumultus;
938 988 1039 1045 sed
1062 987 1177 1043 hoc
1198 982 1312 1040 alio
1338 980 1521 1038 modo
1548 982 1684 1049 apte
1718 972 2044 1031 admodum
2066 985 2156 1028 as-

506 1084 645 1142 truit
674 1082 750 1139 ab
766 1057 1220 1153 ipsa-creatione
1241 1087 1375 1145 quae
1400 1069 1477 1126 ab
1499 1066 1665 1123 initio
1688 1063 1841 1119 facta
1866 1065 1971 1117 est.
2001 1057 2157 1125 Quid

509 1188 651 1246 ergo
681 1149 812 1227 ait‘l
841 1168 996 1225 Num
1027 1162 1239 1236 legistis
1262 1159 1416 1233 quod
1443 1157 1547 1230 qui
1568 1153 1708 1225 fecit
1739 1152 1815 1210 ab
1835 1149 2022 1217 initio,
2044 1162 2159 1203 ma-

508 1262 737 1323 sculum
760 1265 814 1315 et
837 1257 1113 1329 feminam
1151 1252 1293 1323 fecit
1320 1249 1459 1306 eos?
1508 1248 1628 1301 Hoc
1664 1246 1770 1309 est,
1812 1255 2000 1303 unum
2038 1252 2161 1293 ma-

510 1350 743 1407 sculum
766 1326 1073 1417 unamque
1095 1340 1404 1417 feminam,
1426 1340 1485 1392 ut
1507 1348 1664 1390 unus
1686 1345 1870 1387 unam
1892 1326 2159 1384 haberet.

511 1442 663 1496 Nam
693 1438 743 1492 si
780 1414 1063 1492 voluisset
1091 1414 1427 1486 masculum
1462 1424 1619 1480 hanc
1654 1419 2005 1491 relinquere,
2040 1430 2167 1469 rur-

512 1542 768 1601 sumque
787 1526 943 1582 hanc
959 1522 1196 1583 ducere,
1210 1517 1409 1593 plures
1423 1514 1624 1586 utique
1636 1511 1954 1567 formasset
1969 1506 2046 1563 ab
2060 1505 2167 1561 ini-

1818 217 2163 281 EUTHYMII
2201 213 2525 275 ZIGABENI

3669 212 3753 269 516

2262 345 2392 418 πρὸς
2439 339 2649 404 αύτούς,
2691 332 2815 390 ούὸε
2845 332 3163 408 ἕτραχύνθη,
3210 331 3369 392 καθὼς
3394 332 3515 384 ἔστιν
3548 332 3618 385 ὅτι
3635 340 3755 385 ποιεῖ.

2262 434 2392 485 Οὔτε
2456 431 2558 503 γὰρ
2605 429 2827 481 πάντοτε
2897 422 3122 496 ἐλέγχει,
3192 421 3268 474 ἶνα
3314 417 3445 483 δείξη
3492 425 3571 479 τὴν
3618 420 3759 475 ἑαυτοῦ

2260 522 2640 593 μακροθυμίαν,
2732 520 2821 567 καὶ
2911 513 2995 565 ἵνα
3071 507 3321 584 παιδεύσῃ
3395 513 3505 573 τοὺς
3579 512 3761 582 μαθητὰς

2260 609 2611 685 μακροθύμως
2659 611 2821 680 φέρειν
2874 605 2970 665 τὰς
3016 604 3319 674 παροινίας·
3360 598 3465 651 οὔτε
3492 596 3562 650 ἀεὶ
3610 618 3763 673 paxpe-

2264 700 2432 771 θυμεῖ,
2496 698 2578 748 ἶνα
2615 698 2686 767 μή
2742 689 2968 755 δόξωσιν
3017 692 3065 742 οἱ
3111 692 3316 763 πονηροὶ
3360 687 3592 740 λανθάνειν
3632 688 3762 751 eritis,

2262 792 2351 839 καὶ
2400 786 2484 837 ἵνα
2531 782 2856 856 ἁναχαιτίση
2904 784 2999 838 τὴν
3046 782 3307 852 πονηρίαν.
3347 780 3439 829 Καὶ
3479 777 3565 848 ὅρα
3610 780 3763 848 σοφίαν.

2264 876 2569 950 Ἐρωτηθεὶς
2624 874 2747 947 γὰρ,
2808 870 2851 923 εἰ
2896 868 3113 937 ἔξεστιν,
3172 867 3261 919 ούκ
3309 865 3474 927 εὐθέως
3532 863 3666 932 εἶπεν,
3713 866 3768 917 ὅτι

2263 964 2357 1018 οὐκ
2390 964 2604 1028 ἔξεστιν,
2654 962 2737 1014 ἵνα
2789 963 2861 1032 μὴ
2896 954 2974 1030 δῷ
3016 960 3218 1017 τούτοις
3263 954 3479 1028 ἀφορμὴν
3525 954 3767 1026 φιλονεικίας

2264 1057 2353 1106 καὶ
2381 1059 2649 1126 ταραχῆς,
2680 1047 2787 1101 ἀλλ’
2840 1048 2991 1120 ἑτέρῳ
3039 1050 3211 1121 τρόπῳ
3256 1051 3399 1098 τοῦτο
3446 1040 3769 1103 κατασκευάζει,

2266 1142 2497 1203 πιθανῶς
2537 1140 2694 1204 πάνυ,
2753 1136 2839 1190 ἀπ’
2883 1135 3045 1196 αὐτῆς
3074 1142 3172 1198 τῆς
3209 1132 3255 1185 ἐν
3474 1128 3768 1203 δημιουργίας.

2267 1234 2331 1283 Τί
2384 1224 2472 1282 οὖν
2522 1247 2680 1301 φησιν
2725 1246 2742 1297 ;
2804 1226 2916 1279 Ούκ
2980 1223 3241 1297 ἀνέγνωτε,
3298 1223 3373 1275 ὃτι
3417 1223 3440 1273 ὁ
3483 1225 3674 1281 ποιήσας
3712 1216 3769 1270 ἀπ’

2272 1318 2443 1392 ἀρχῆς
2490 1318 2645 1390 ἄρσεν
2702 1319 2792 1368 καὶ
2823 1314 2950 1374 θῆλυ
3004 1312 3243 1372 ἐποίησεν
3298 1310 3511 1376 αὐτούς
3548 1312 3771 1373 τουτέστιν,

2273 1409 2358 1461 ἕνα
2385 1408 2577 1481 ἄρσενα
2619 1410 2709 1458 καὶ
2759 1409 2882 1478 μίαν
2924 1402 3150 1469 θήλειαν,
3202 1403 3331 1454 ὥστε
3356 1402 3434 1453 τὸν
3470 1399 3547 1451 ἕνα
3588 1400 3666 1456 τὴν
3689 1402 3774 1471 μίαν

2275 1497 2434 1568 ἔχειν.
2487 1494 2548 1555 Εἰ
2610 1496 2711 1569 γὰρ
2770 1491 3022 1560 ἄϐούλετο,
3078 1492 3162 1544 ἶνα
3216 1492 3241 1543 ὁ
3292 1490 3453 1567 ἄρσην
3510 1488 3673 1544 ταύτην

509 1616 593 1674 tio
623 1575 876 1673 fgminas
903 1631 916 1669 :
951 1611 1095 1685 quia
1121 1575 1264 1679 οι·έο
1293 1604 1494 1679 plures
1517 1616 1642 1659 non
1666 1598 1960 1667 formavit,
1985 1600 2158 1652 restat

2277 1583 2485 1657 ἀφήσει,
2561 1584 2734 1658 ἑτέραν
2802 1578 2861 1635 δε
2931 1580 3084 1636 πάλιν
3156 1577 3431 1653 ἀγάγηται,
3506 1576 3679 1638 πλείους
3735 1575 3775 1626 ἂν

2277 1677 2296 1685 -
2335 1673 2351 1685 ι
2583 1673 2595 1685 ι
2627 1671 2640 1685 9
2742 1674 2752 1685 ι
2828 1674 2851 1685 Α
2892 1670 2909 1685 ε
2956 1676 2966 1685 ι
3086 1669 3100 1682 τ
3169 1674 3179 1685 ι
3226 1666 3261 1685 (1
3346 1666 3366 1685 \
3408 1670 3418 1685 ι
3566 1664 3579 1682 9
3626 1667 3642 1681 ⁸
3673 1664 3707 1685 ἵν
3731 1683 3763 1685 __

514 1712 580 1763 ut
606 1704 855 1762 voluerit
879 1703 1071 1759 virum
1099 1712 1224 1755 non
1248 1693 1557 1767 repudiare
1588 1704 1833 1747 uxorem
1860 1700 2055 1742 suam.

590 1994 753 2047 Vers.
817 1991 909 2044 5.’
950 1987 1027 2043 Et
1078 2014 1145 2025 —
1202 1995 1406 2038 unam.
1471 1980 1722 2035 Ostenso
1790 1989 1824 2032 a
1871 1970 2167 2029 creatione

519 2080 685 2153 quod
714 2092 837 2134 non
852 2075 1027 2132 liceat
1046 2070 1382 2144 repudiare,
1411 2063 1797 2146 ostendithoc
1814 2065 1869 2117 et
1889 2076 1924 2117 a
1942 2060 2168 2116 divino-

514 2138 713 2240 jiissu.
750 2166 903 2223 Scire
936 2138 1137 2219 autem
1166 2160 1413 2231 oportet,
1446 2151 1613 2227 quod
1652 2138 1711 2207 in
1742 2150 1892 2205 libro
1924 2146 2169 2203 Genesis

516 2236 766 2330 apparet
785 2266 1047 2326 praesens
1066 2248 1313 2305 verbum
1331 2244 1521 2316 ipsius
1542 2241 1733 2296 Adam
1760 2254 1891 2295 esse
1911 2236 2171 2310 prophe-

517 2323 695 2403 tantis
734 2323 809 2399 de
856 2354 1038 2398 uxore
1070 2356 1085 2407 ;
1116 2336 1222 2393 sed
1268 2333 1530 2389 Christus
1575 2345 1737 2387 nunc
1778 2329 1950 2383 decet
2003 2323 2170 2398 quod

516 2435 633 2492 hoc
678 2433 780 2489 Dei
822 2430 997 2487 fuerit
1045 2428 1433 2500 praeceptum,
1484 2424 1542 2477 et
1582 2434 1703 2475 non
1738 2415 1929 2489 ipsius
1974 2414 2167 2471 Adam

515 2521 853 2597 prophetia,
874 2523 941 2576 ut
966 2518 1236 2590 apparet.

593 2769 744 2828 Nihil
779 2774 982 2825 tamen
1017 2766 1177 2821 vetat
1210 2760 1371 2817 idem
1398 2758 1626 2815 dictum
1663 2759 1721 2812 et
1755 2754 1943 2828 ipsius
1979 2752 2171 2809 Adam

522 2861 707 2918 fuisse
746 2855 1120 2931 prophetiam
1150 2868 1188 2908 a
1219 2852 1335 2906 Deo
1365 2847 1688 2917 inductam,
1723 2848 1780 2901 et
1801 2859 2041 2900 rursum
2070 2840 2173 2897 Dei

523 2952 890 3021 praeceptum
906 2945 1136 3001 dictum
1156 2955 1263 3014 per
1281 2938 1474 2995 Adam
1494 2953 1506 2993 :
1530 2942 1595 2992 ut
1608 2936 1668 2991 id
1680 2933 1893 2991 dixerit
1907 2937 1966 2990 et
1981 2931 2169 2988 Adam
2204 2948 2247 3005 ε

522 3038 803 3096 inductus
827 3035 1016 3101 aDeo,
1038 3036 1094 3089 et
1111 3045 1322 3087 rursus
1336 3027 1551 3085 dixerit
1565 3025 1744 3082 etiam
1766 3024 1922 3081 Deus
1941 3022 2174 3079 locutus

523 3142 631 3201 per
648 3126 864 3183 Adam.

599 3373 691 3430 Ait
741 3387 883 3444 ergo
930 3368 1096 3443 quod
1137 3368 1320 3425 etiam
1362 3363 1576 3423 dixerit
1605 3363 1844 3420 Creator
1879 3377 1894 3419 :
1926 3360 2179 3433 Propter

526 3463 644 3521 hoc
672 3460 962 3527 videlicet,
994 3458 1141 3532 quia
1166 3457 1423 3515 formata
1450 3457 1541 3512 est
1578 3468 1729 3510 uxor
1755 3451 1829 3509 de
1857 3448 2038 3508 latere
2067 3448 2177 3506 viri

528 3552 621 3611 sui
701 3550 869 3623 (nam
949 3553 1005 3605 et
1069 3548 1184 3604 hoc
1261 3550 1398 3609 ante
1456 3541 1813 3617 praedictum
1888 3538 2177 3612 scriptum

529 3642 639 3713 est)
669 3662 681 3696 :
709 3640 1018 3712 Relinquat
1041 3637 1208 3696 homo
1222 3640 1452 3705 patrem
1470 3648 1646 3688 suum
1668 3637 1720 3688 et
1740 3637 2003 3696 matrem,
2036 3632 2173 3694 etc.,

528 3736 816 3803 eruntque
842 3728 959 3785 duo
985 3724 1290 3797 conjuncti
1308 3723 1371 3778 in
1396 3737 1634 3780 carnem
1664 3734 1864 3785 unam,
1897 3717 2023 3775 sive
2047 3732 2179 3774 cor-

528 3836 643 3895 pus
685 3835 870 3876 unum
913 3821 1150 3891 propter
1195 3811 1681 3885 conjunctionem
1732 3807 1995 3873 unitatis,
2050 3806 2177 3869 sive

526 3910 975 3982 conjunctivam
1016 3905 1296 3964 formam.
1345 3901 1497 3969 Quia
1537 3915 1681 3972 ergo
1726 3913 1917 3957 unum
1956 3911 2179 3969 corpus

528 3998 641 4058 hos
669 4014 798 4057 esse
816 3996 1015 4070 jussit,
1040 4009 1165 4052 non
1186 3993 1325 4050 licet
1348 3989 1690 4066 repudiare.

2212 1676 2223 1689 ’
2272 1673 2461 1727 ἔπλασε
2479 1673 2595 1726 κατ’
2617 1671 2794 1747 ἀρχὰς
2825 1670 3045 1732 θηλείας
3079 1669 3188 1723 ἐπεὶ
3215 1666 3275 1722 ὁὶ
3308 1666 3504 1728 πλείους
3528 1664 3609 1718 ούκ
3622 1664 3775 1727 ἔπλασε,

2270 1762 2447 1816 λοιπὸν
2479 1761 2723 1836 βούλεται
2763 1766 2836 1835 μὴ
2889 1759 3129 1814 ἀπολύειν
3166 1762 3255 1811 τὸν
3299 1752 3465 1829 ἄνδρα
3498 1758 3582 1814 τὴν
3614 1759 3779 1826 γυναῖκα
3870 1746 3871 1749 “

2273 1852 2456 1910 αὐτοῦ.

2347 1980 2447 2031 Καὶ
2514 2007 2580 2016 -
2625 1979 2769 2049 μίαν.
2823 1973 2995 2036 Δείξας
3042 1970 3143 2026 ἀπὸ
3210 1978 3307 2033 τῆς
3362 1965 3687 2043 δημιουργίας,
3726 1966 3779 2019 ὅτι

2274 2066 2366 2118 ούκ
2396 2064 2591 2128 ἓξέστιν
2637 2062 2895 2128 ἀπολύειν,
2929 2059 3167 2115 δείκνυσι
3220 2067 3371 2114 τοῦτο
3406 2065 3490 2111 καὶ
3536 2056 3623 2109 ἀπὸ
3663 2073 3783 2130 προσ-

2274 2157 2539 2227 τάγματος
2590 2160 2682 2205 τοῦ
2740 2159 2895 2207 Θεοῦ.
2946 2156 3061 2224 Χρὴ
3119 2145 3180 2203 δὲ
3231 2153 3509 2222 γινώσκειν,
3553 2147 3619 2198 ὅτι
3656 2142 3693 2196 ἐν

2271 2254 2332 2319 τῇ
2387 2243 2554 2318 βίϐλῳ
2623 2252 2714 2303 τῆς
2774 2245 3017 2303 Γενέσεως
3078 2244 3312 2313 φαίνεται
3363 2244 3451 2291 τοῦ
3503 2232 3652 2307 Ἀδὰμ
3695 2230 3781 2285 εἶναι

2274 2338 2332 2387 τὸ
2369 2337 2534 2407 παρὸν
2586 2332 2765 2407 ῥητὸν,
2829 2332 3242 2405 προφητεύοντος
3292 2331 3407 2403 περὶ
3458 2334 3543 2386 τῆς
3584 2326 3783 2396 γυναικός⁶

2276 2423 2385 2477 ἀλλ’
2432 2423 2458 2475 ὁ
2506 2423 2737 2497 Χριστός
2809 2416 3061 2473 διδάσκει
3130 2426 3241 2489 νῦν,
3297 2418 3376 2471 ὅτι
3415 2422 3503 2469 τοῦ
3560 2420 3669 2467 Θεοῦ
3710 2409 3789 2463 ἐστι

2275 2519 2428 2565 τοῦτο
2482 2513 2540 2564 τὸ
2584 2513 2923 2587 πρόσταγμα,
2982 2512 3073 2561 καὶ
3119 2507 3181 2562 ού
3221 2510 3502 2584 προφητεία
3545 2497 3785 2573 τοῦἏδὸιμ,

2277 2603 2343 2663 ὧς
2367 2598 2530 2656 δοκεῖ.
3266 2594 3269 2595 ⁷

2352 2722 2546 2800 [Ούδῂσ
2575 2725 2691 2799 (86)
2740 2721 2800 2778 δὲ
2826 2722 3013 2778 κωλύει
3040 2725 3100 2777 τὸ
3124 2721 3259 2777 αὐτὸ
3282 2722 3438 2798 ῥητὸν
3463 2724 3544 2773 καὶ
3568 2724 3644 2771 τοῦ
3662 2710 3791 2783 ’Δδὰψ

2281 2812 2409 2869 εἶναι
2462 2819 2798 2892 προφητείαν,
2872 2812 3225 2886 ίνηχηθεῖσαν
3274 2813 3419 2887 παρὰ
3471 2816 3551 2864 τοῦ
3588 2811 3694 2860 Θεοῦ
3728 2805 3795 2855 καὶ

2281 2904 2431 2968 αὖθις
2472 2888 2581 2958 τοῦθ
2610 2909 2739 2959 Θεοῦ
2796 2906 3133 2977 πρόσταγμα,
3197 2902 3358 2977 ῥηθὲν
3405 2897 3494 2954 διὰ
3533 2903 3606 2951 τοῦ
3640 2888 3791 2962 Ἀδάμ.
3870 2910 3871 2913 η

2282 2994 2424 3063 Οἶον,
2474 2996 2566 3046 καὶ
2621 2989 2755 3047 εἶπεν
2803 2992 2830 3045 ὁ
2860 2986 3058 3063 Ἀδὰμ,
3108 2989 3395 3064 ἕνηχηθεὶς
3430 2988 3562 3061 παρὰ
3581 2988 3657 3037 τοῦ
3677 2985 3795 3043 Θεοῦ,
3870 3054 3871 3057 η

2281 3090 2372 3138 καὶ
2425 3083 2598 3149 πάλιν,
2650 3086 2741 3136 καὶ
2794 3078 2928 3136 εἶπεν
2985 3082 3012 3141 ὁ
3080 3084 3226 3147 Θεὸς,
3309 3079 3533 3139 λαλήσας
3601 3070 3680 3126 διὰ
3732 3074 3796 3121 τοῦ
3870 3138 3871 3141 η

2278 3171 2506 3247 Ἀδάμ]

2355 3302 2521 3358 Φησὶν
2545 3293 2656 3368 οὖν,
2685 3296 2769 3349 ὅτι
2781 3300 2873 3348 καὶ
2897 3293 3033 3348 εἶπεν
3053 3294 3080 3346 ὁ
3099 3295 3455 3369 Δημιουργὸς,
3485 3290 3624 3343 ἕνεκεν
3648 3286 3795 3342 τούτου,

2286 3384 2496 3448 δηλαδὴ
2543 3392 2638 3440 τοῦ
2681 3384 2982 3443 πλασθῆναι
3009 3386 3104 3442 τὴν
3149 3390 3384 3457 γυναῖκα
3431 3379 3484 3433 ἐκ
3527 3386 3612 3440 τῆς
3642 3374 3802 3446 πλευρᾶς

2280 3485 2375 3532 τοῦ
2424 3473 2621 3551 ἀνδρὸς
2655 3474 2841 3536 αὐτῆςο
2911 3477 3029 3548 περὶ
3082 3474 3277 3526 τούτου
3350 3474 3451 3545 γὰρ
3513 3468 3707 3538 ἀνωτέρω
3743 3465 3803 3511 τοῦ

2284 3548 2605 3627 δηλωθέντος
2677 3564 3085 3639 προστάγματος
3167 3567 3489 3636 γέγραπταυ
3568 3548 3805 3621 Romam?“

2284 3659 2555 3732 ἄνθρωπος
2625 3657 2713 3708 τὸν
2801 3656 3000 3727 πατέρα
3091 3650 3260 3704 αὐτοῦ
3349 3654 3439 3703 καὶ
3504 3652 3589 3705 τὴν
3644 3643 3804 3715 μητέρα,

2284 3731 2468 3801 καὶντὰ
2496 3744 2630 3809 ἑξῆςί
2667 3747 2757 3796 καὶ
2804 3744 3009 3795 ἔσονται
3064 3742 3115 3793 οξ
3154 3737 3260 3793 δύο
3320 3740 3537 3811 σύζυγοι
3586 3734 3648 3796 εἰς
3688 3731 3807 3800 σάρκα

2286 3840 2431 3911 μίαν,
2488 3838 2651 3906 ἤγουν
2726 3840 2880 3905 σῶμα
2958 3830 3006 3883 ἓν
3075 3825 3170 3883 διὰ.
3253 3832 3345 3882 τὸν
3425 3822 3686 3897 σύνδεσμον
3744 3822 3808 3871 τῆς

2286 3905 2540 3993 ἷνὼσεως,
2582 3924 2749 3976 εἶτουν
2804 3917 2899 3974 διὰ
2939 3923 3035 3978 τὴν
3087 3921 3423 3977 συναπτικὴν
3486 3917 3670 3988 σχίσιν.
3712 3905 3806 3959 Ἐπεὶ

2288 4011 2350 4069 δε
2404 4013 2454 4067 ἣν
2496 4020 2650 4085 σῶμα
2708 4012 2926 4072 τούτους
2972 4006 3103 4061 εἶναι
3156 4006 3495 4080 προσέταξεν,
3556 4002 3639 4056 οὐχ
3671 3997 3808 4061 ἔξεστιν

2288 4103 2525 4159 ἀπολύειν
2534 4143 2546 4157 .

2356 4228 2516 4281 Ὥστε
2565 4256 2632 4267 --
2700 4222 2833 4299 σὰρξ
2911 4228 3027 4297 μία.
3084 4222 3372 4293 Ἀναγνοὺς
3424 4227 3527 4279 τοῖς
3582 4213 3811 4290 πειραςταῐς

604 4300 893 4391 Veraci.
926 4299 1220 4391 Itaque—
1249 4309 1374 4391 una
1403 4308 1555 4351 caro.
1596 4290 1930 4363 Postquam
1958 4293 2158 4347 tentatt

2769 4280 2829 4299 ι-
2911 4280 2923 4297 ι
3217 4280 3232 4293 .
3358 4280 3368 4283 -
3653 4280 3664 4290 .

2287 4322 2345 4372 τὸ
2400 4320 2531 4371 θεῖον
2568 4318 2904 4391 πρόσταγμα,
2964 4314 3299 4387 ἑφερμηνεύει
3373 4311 3566 4379 λοιπὸν,
3619 4305 3688 4355 ὅτι
3728 4294 3813 4371 μετά

532 4391 700 4449 ribus
730 4388 1002 4446 divinum
1034 4382 1304 4442 recitavit
1338 4384 1726 4456 praeceptum,
1763 4380 2182 4453 interpretatur

531 4496 694 4538 nunc
717 4477 885 4553 quod
912 4479 1049 4550 post
1072 4475 1206 4548 conj
1217 4473 1558 4530 unctionem
1587 4485 1778 4526 unum
1798 4484 2016 4542 corpus
2040 4467 2183 4524 ﬁant

534 4571 657 4627 duo
681 4569 815 4640 conj
826 4582 993 4638 uges.
1023 4564 1247 4621 Deinde
1272 4577 1446 4619 suam
1472 4574 1716 4634 quoque
1739 4557 1916 4615 infert
1946 4562 2183 4614 senten-

534 4660 680 4715 tiam
708 4674 725 4723 ;
753 4657 835 4713 ait
862 4655 1021 4713 enim
1057 4670 1071 4709 :

608 4747 769 4801 Vers.
799 4744 854 4800 6.
887 4743 1050 4811 Quod
1071 4773 1139 4783 -—
1164 4748 1407 4814 separet.
1426 4741 1574 4795 Ecce
1597 4737 1657 4794 id
1689 4734 1999 4793 subintulit
2021 4734 2188 4808 quod

539 4850 662 4893 non
680 4833 834 4900 licet,
857 4830 1079 4889 blande
1108 4831 1355 4904 quidem
1383 4830 1685 4900 modoque
1707 4824 2103 4899 persuasibili,
2126 4828 2191 4881 ut

535 4923 817 4992 diximus,
854 4918 1175 4979 ostendens
1204 4924 1415 4992 praeter
1450 4923 1716 4975 naturam
1755 4930 1827 4971 ac
1863 4920 2075 4986 praeter
2106 4912 2187 4969 le-

538 5029 678 5087 gem
696 5027 827 5070 esse
847 5009 1165 5067 divortium
1186 5025 1200 5065 :
1226 5013 1439 5081 preter
1458 5012 1737 5064 naturam
1753 5003 2022 5075 quidem,
2044 5017 2189 5059 nam

538 5119 664 5162 una
692 5116 834 5158 caro
862 5097 1179 5168 dividitur;
1212 5102 1425 5170 praeter
1453 5096 1649 5167 legem
1677 5106 1838 5157 vero,
1865 5106 2004 5146 cum
2028 5090 2189 5147 enim

537 5194 692 5250 Deus
720 5204 910 5247 unum
935 5203 1063 5244 esse
1083 5186 1342 5259 jusserit,
1369 5185 1799 5242 distrahuntur.

610 5284 772 5337 Vers.
810 5285 864 5336 7.
897 5276 1205 5334 Dicunt—
1237 5290 1361 5332 eam
1391 5275 1420 5331 ?
1445 5273 1619 5341 Quid,
1650 5270 1713 5328 id
1741 5274 1852 5337 est,
1884 5283 2070 5343 quare
2097 5268 2189 5325 vel

2284 4412 2378 4467 τὴν
2426 4406 2703 4477 συνάφειαν
2755 4400 2803 4455 ἓν
2859 4409 3011 4475 σῶμα
3076 4402 3124 4454 οἱ
3191 4395 3295 4453 δύο
3366 4400 3587 4469 σύζυγοι
3627 4396 3814 4466 γίνονται.

2288 4492 2417 4552 Εἶτα
2503 4493 2725 4569 ἐπιφέρει
2824 4495 2916 4543 καὶ
2987 4494 3080 4550 τὴν
3156 4488 3350 4543 ἑαυτοῦ
3438 4492 3652 4560 γνώμην.
3713 4483 3816 4542 Ai?“

2289 4586 2414 4659 γάρ’

2362 4726 2429 4779 ’0
2480 4758 2550 4773 —-
2604 4723 2899 4801 χωριζέτω.
2936 4717 3075 4775 Ἰδοὺ
3130 4723 3189 4773 τὸ
3240 4719 3361 4773 Ούκ
3406 4719 3573 4782 ἔξεστι
3606 4706 3822 4801 συνιπέξν
3870 4732 3871 4799 ἦ

2294 4836 2394 4885 νεν,
2463 4789 2770 4889 όμαλῶίτε
2814 4816 2905 4864 καὶ
2969 4812 3221 4879 πιθανῶς,
3304 4812 3380 4870 ὡς
3440 4808 3710 4882 εἰρήκαμεν,
3756 4789 3827 4844 διι-

2296 4909 2483 4971 κνύων,
2540 4907 2622 4957 ὅτι
2652 4904 2796 4978 παρὰ
2851 4903 3008 4974 φύσιν
3061 4903 3148 4952 καί
3196 4900 3348 4972 παρὰ
3384 4902 3537 4970 νόμον
3591 4894 3642 4945 τὸ
3676 4882 3823 4939 διελεῖν·

2296 4999 2443 5070 παρὰ
2504 4996 2659 5068 φύσιν
2711 4971 2820 5066 μεν,
2858 4971 2958 5044 ⁷ὅτι
3022 4993 3120 5063 μία
3168 4971 3511 5062 διατέμνεται
3555 4981 3690 5058 σάρξ·
3732 4971 3830 5070 πξρά

2295 5057 2451 5160 νόμον
2497 5057 2577 5149 ἐξ,
2602 5057 2721 5148 ὅτι,
2757 5057 2851 5134 τοῦ
2908 5057 3043 5133 Osci}
3098 5057 3442 5138 κελεύσαντος
3492 5076 3542 5127 ἓν
3590 5068 3720 5136 εἶναι,
3749 5057 3831 5113 δια·

2300 5184 2553 5239 σπῶνται,

2371 5250 2631 5349 Λέγουσιν
2687 5290 2756 5302 -
2801 5258 3012 5323 «ﬁniti;
3055 5259 3138 5322 Ti,
3189 5253 3308 5309 ἀντὶ
3358 5262 3474 5321 τοῦ,
3525 5237 3834 5312 dimidiati

1755 5448 1983 5525 Variae
2020 5446 2347 5537 lectiones
2375 5450 2443 5523 et
2473 5450 2673 5519 notas.

617 5603 744 5675 (86)
767 5598 1123 5658 Exciderunt
1144 5593 1376 5653 inclusa
1393 5594 1462 5649 A.
1568 5628 1571 5631 -
