3906 6202
482 227 587 297 519

554 366 716 421 Vers.
738 369 820 420 11.
842 363 952 421 Ille
970 364 1230 434 —hujus
1241 363 1398 420 dicti.
1416 365 1540 420 Non
1557 377 1769 419 omnes
1801 359 2127 433 suscipiunt
2155 359 2204 413 A

479 451 640 508 hunc
666 468 1003 509 sermonem
1027 452 1101 509 de
1132 468 1252 509 non
1275 451 1683 509 contrahendo
1702 450 2084 507 matrimonio
2109 465 2122 515 ;

479 557 601 598 non
632 558 839 597 omnes
860 541 1071 599 ferunt.
1104 544 1318 612 Magna
1349 542 1504 599 enim
1542 557 1634 598 res
1660 546 1747 598 est
1790 539 2123 604 caelibatus,

479 645 589 685 nec
627 630 700 685 ab
729 630 1007 685 omnibus
1043 631 1175 686 ferri
1201 637 1405 704 potest.

548 720 704 774 Vers.
735 720 817 774 11.
857 719 970 775 Sed
994 718 1208 791 quibus
1227 721 1437 777 datum
1466 728 1575 778 est.
1621 718 1740 775 Soli
1763 717 1847 774 illi
1906 733 2130 774 sermo-

475 822 615 862 nem
652 807 812 863 hunc
844 808 1175 880 suscipiunt
1204 816 1258 865 et
1288 809 1499 875 ferunt,
1540 807 1761 881 quibus
1803 807 2012 863 datum
2040 813 2129 863 est

474 895 589 951 hoc
605 897 834 952 donum
861 912 897 953 a
919 896 1070 963 Deo;
1098 897 1309 954 datum
1332 904 1421 954 est
1446 902 1647 953 autem
1676 897 1767 951 his
1789 896 1884 967 qui
1904 895 2129 968 petive-

474 989 629 1040 runt.
665 986 852 1041 Petite
880 985 1064 1050 enim,
1096 984 1199 1054 ait,
1222 992 1276 1042 et
1300 986 1536 1043 dabitur
1566 985 1725 1042 vobis
1762 986 1845 1055 ³⁶;
1881 983 2127 1057 petenti-

474 1070 609 1138 bus,
644 1073 908 1145 inquam,
970 1089 1090 1130 non
1144 1075 1511 1148 simpliciter,
1572 1074 1678 1131 sed
1729 1073 2017 1130 ferventer
2072 1080 2129 1129 et

474 1168 921 1232 perseveranter
952 1178 965 1217 :
998 1167 1071 1230 et,
1103 1168 1166 1220 ut
1205 1163 1387 1220 semel
1413 1165 1623 1235 dicam,
1672 1164 1822 1219 sicut
1873 1166 2125 1234 oportet.

476 1248 882 1320 Signiﬁcatum
905 1256 1155 1322 estergo
1180 1252 1575 1324 virginitatem
1601 1252 1703 1308 Dei
1724 1251 1954 1309 donum
1975 1266 2125 1324 esse,

473 1337 679 1394 datum
706 1339 800 1395 his
831 1340 933 1413 qui
966 1346 1194 1413 petunt,
1221 1348 1283 1397 ut
1313 1346 1564 1414 oportet.

543 1427 705 1483 Vers.
749 1433 826 1484 t2.
860 1429 1005 1485 Sunt
1028 1429 1413 1488 —ccelorum.
1451 1430 1602 1497 Quia
1630 1431 1705 1487 de
1731 1428 2007 1486 caelibatu
2036 1428 2126 1485 in-

473 1516 615 1573 cidit
650 1533 868 1585 sermo,
902 1519 1072 1576 docet
1095 1535 1255 1575 nunc
1282 1519 1358 1575 de
1388 1519 1650 1592 innuptis
1682 1536 1696 1586 ;
1729 1525 1785 1576 et
1835 1520 1945 1576 tria
1973 1535 2124 1575 enu-

472 1611 659 1664 merat
672 1622 890 1677 genera
900 1607 1333 1675 cunuchorum,
1347 1624 1607 1682 quorum
1620 1608 1882 1682 primum
1896 1609 2124 1665 nullam
2156 1629 2201 1686 Β

471 1696 721 1752 sustinet
741 1695 1118 1764 calumniam,
1152 1698 1485 1755 secundum
1506 1702 1708 1755 autem
1736 1699 2121 1770 vituperatur,

469 1785 703 1841 tertium
734 1802 873 1841 vero
904 1786 1206 1843 laudabile
1245 1792 1367 1844 est:
1431 1802 1638 1845 eorum
1705 1787 1981 1845 videlicet
2024 1787 2123 1861 qui

470 1873 705 1946 seipsos
736 1879 1170 1945 castraverunt,
1206 1882 1263 1931 ut
1298 1891 1553 1946 regnum
1596 1878 1885 1935 caelorum
1918 1892 2123 1934 conse-

463 1968 805 2034 querentur,
836 1980 958 2021 non
982 1965 1281 2022 novacula
1307 1965 1499 2023 ferrea
1528 1973 1871 2024 exsecantes
1899 1968 2123 2038 genita-

466 2051 562 2121 lia,
595 2052 702 2108 sed
734 2054 1096 2110 continentia
1119 2054 1418 2112 insaniam
1447 2055 1946 2129 concupiscentia:
1997 2072 2122 2112 am-

466 2146 764 2213 putantes,
810 2148 866 2198 et
918 2159 1121 2200 amore
1177 2143 1551 2215 virginitatis,
1606 2146 1797 2201 coitus
1863 2162 2121 2203 amorem

467 2245 866 2287 emarcescere
894 2232 1174 2288 sinentes.
1200 2234 1466 2299 Quorum
1499 2233 1661 2290 enim
1687 2239 1967 2291 naturam
1998 2250 2124 2291 ma-

465 2335 579 2375 nus
599 2319 869 2377 humana
884 2320 1347 2391 transformavit,
1373 2322 1718 2395 ferrumque
1743 2322 2119 2396 depravavit,

464 2422 587 2465 non
629 2415 857 2465 tantum
887 2410 966 2466 ob
1011 2415 1304 2468 servatam
1338 2411 1733 2482 virginitatem
1772 2412 2118 2471 laudantur.

462 2501 759 2570 quantum
781 2498 842 2554 hi
866 2498 971 2571 qui
998 2498 1176 2556 veluti
1200 2499 1463 2556 libidinis
1504 2500 1783 2567 accusati,
1834 2501 2121 2558 ultionem

464 2591 853 2658 susceperunt
879 2586 1063 2660 (mm),
1095 2604 1230 2661 quae
1261 2588 1323 2645 id
1371 2589 1549 2646 etiam
1597 2589 1819 2659 vincat,
1868 2589 2031 2663 quod
2084 2605 2180 2655 ἃς)

461 2672 611 2730 ferro
647 2680 732 2729 est
754 2674 1063 2731 auxilium.

527 2761 905 2833 +Gregorius
933 2764 1263 2837 Theologus
1291 2766 1391 2822 :Hi
1421 2766 1666 2839 quidem
1700 2771 1918 2824 natura
1945 2765 2117 2823 incli-

457 2856 679 2909 nantur
701 2853 777 2908 ad
805 2852 1058 2910 bonum.
1092 2855 1235 2911 Cum
1272 2860 1473 2912 autem
1511 2855 1643 2913 dico
1668 2862 1964 2921 naturam,
1994 2872 2115 2911 non

460 2940 675 3012 abjicio
704 2941 1094 3010 voluntatem,
1122 2944 1229 3000 sed
1269 2950 1587 3017 utrumque
1619 2960 1780 3017 pono
1816 2963 1829 2999 :
1870 2951 1928 3001 et
1954 2942 2116 2999 incli-

457 3032 761 3085 nationem
783 3029 937 3085 adid
963 3030 1129 3103 quod
1155 3031 1478 3089 honestum
1491 3038 1603 3103 est,
1627 3039 1832 3106 etquae
1854 3033 1932 3089 ad
1957 3048 2113 3104 opus

455 3115 687 3175 bonum
704 3118 866 3176 ducit
882 3123 1181 3178 naturam.
1197 3120 1565 3188 Quibusdam
1581 3138 1723 3179 vero
1745 3139 1781 3179 a
1797 3126 2117 3196 praecepto-

455 3206 622 3263 ribus
648 3212 1039 3279 amputantur
1074 3209 1440 3279 affectiones,
1469 3212 1719 3286 quidam
1770 3219 1976 3269 autem
2016 3226 2116 3282 per

454 3297 681 3370 seipsos
710 3296 837 3354 illas
868 3304 1209 3371 amputant,
1242 3302 1429 3374 utqui
1457 3307 1852 3374 praeceptores
1869 3316 1989 3357 non
2020 3316 2115 3357 as-

454 3386 659 3451 secuti,
685 3387 915 3459 seipsos
930 3388 1148 3446 docent
1169 3406 1301 3463 quas
1326 3392 1686 3448 conveniunt
1714 3407 1727 3446 :
1763 3402 1819 3447 et
1846 3391 2112 3447 radicem

452 3474 729 3533 vitiorum
748 3476 1099 3542 excidentes,
1124 3484 1181 3536 et
1195 3479 1471 3537 membra
1490 3480 1803 3553 pravitatis
1842 3478 2114 3536 extermi-

450 3569 683 3621 nantes.

525 3654 682 3707 Vers.
728 3656 808 3707 t2.
853 3651 964 3718 Qui
1012 3685 1081 3695 —
1132 3656 1353 3725 capiat.
1409 3656 1674 3713 Tandem
1714 3656 1816 3713 ubi
1876 3655 2141 3729 caelibes,

452 3738 635 3794 laude
664 3738 882 3808 dignos
902 3741 1384 3810 demonstrasset,
1405 3744 1746 3802 etitatalem
1766 3744 2108 3803 ctelibatum

452 3825 779 3893 laudasset,
794 3844 864 3885 ac
884 3844 955 3885 eo
978 3830 1160 3887 modo
1179 3830 1429 3889 latenter
1449 3833 1753 3891 auditores
1775 3834 1854 3892 ad
1874 3834 2105 3906 virgini-

453 3920 633 3972 tatem
652 3923 1061 3988 provocasset;
1082 3920 1273 3977 sciens
1290 3921 1351 3977 id
1370 3937 1664 3993 magnum
1679 3939 1827 3990 esse,
1844 3929 1898 3981 et
1911 3940 1947 3981 a
1962 3940 2107 3996 pau-

450 4005 536 4061 cis
556 4004 754 4076 deligi,
772 4006 1051 4080 relinquit
1070 4024 1195 4065 rem
1221 4010 1281 4067 in
1309 4010 1628 4069 hominum
1649 4012 1968 4071 voluntate.
1996 4015 2108 4080 Qui

450 4100 666 4167 potest,
698 4095 909 4170 inquit,
934 4113 1146 4172 capere
1174 4099 1307 4168 hoc,
1360 4107 1465 4159 aut
1515 4104 1815 4174 pervenire
1862 4103 1941 4161 ad
1970 4104 2105 4173 hoc,

451 4184 665 4257 capiat.

520 4436 681 4495 Vers.
716 4443 805 4497 t3.
847 4439 1266 4497 Tunc—illos.
1290 4440 1552 4501 Infantes
1583 4442 1733 4501 dixit
1759 4444 1966 4511 Lucas,
1999 4444 2105 4517 qui

448 4526 855 4583 offerebantur
879 4529 941 4585 in
960 4528 1073 4585 ﬁde
1096 4535 1411 4601 parentum
1438 4533 1507 4586 ³⁸.
1541 4532 1817 4605 Discipuli
1844 4549 1979 4590 vero
2001 4548 2103 4589 eos

446 4613 838 4687 increpabant
861 4619 966 4689 qui
986 4618 1330 4690 otl'erebant,
1347 4620 1501 4677 sicut
1519 4621 1752 4694 scripsit
1780 4622 2009 4679 Marcus
2030 4624 2099 4689 ³⁷,

447 4700 561 4756 hoc
590 4709 676 4758 est
699 4703 1120 4774 prohibebant.
1154 4708 1476 4766 Verisimile
1507 4715 1599 4767 est
1628 4714 1828 4769 autem
1860 4711 2021 4783 quod
2046 4722 2103 4777 et

446 4804 662 4861 pueros
688 4791 1099 4864 increpabant.
1127 4797 1283 4854 Nam
1303 4798 1490 4855 ethos
1516 4802 1572 4856 et
1595 4797 1749 4870 illos,
1780 4805 2102 4874 praecepto-

446 4892 575 4934 rem
608 4878 988 4948 honorando,
1020 4883 1437 4956 prohibebant.

516 5056 564 5094 ³⁵
603 5057 804 5119 Matth.
828 5076 922 5127 vu,
951 5065 1006 5118 7.

1086 5063 1133 5101 ³⁸
1160 5061 1303 5121 Luc.
1334 5065 1498 5133 xviu,
1537 5061 1621 5122 t5.
1698 5062 1744 5101 ετ
1777 5066 1953 5126 Marc.
1985 5082 2040 5136 χ,
2072 5073 2159 5128 13.

1792 217 2146 293 EUTHYMII
2196 232 2520 293 messem
3638 250 3718 306 520

2305 360 2363 413 Ὀ
2412 393 2479 403 —
2527 364 2614 415 τὸν
2667 361 2817 435 λόγον
2874 368 3075 417 τοῦτον.
3132 370 3203 415 Ου
3252 365 3411 426 πάντες
3453 366 3721 443 παραδέχονι-

2236 469 2321 503 ται
2378 455 2463 504 τὸν
2516 451 2666 524 λόγον
2718 460 2920 521 τοῦτον,
2967 454 3054 505 τὸν
3108 457 3219 527 περὶ
3267 462 3347 506 τοῦ
3399 460 3459 527 μή
3501 466 3641 531 γῆμαι
3685 462 3726 513 οὗ

2234 540 2418 603 πάντες
2470 540 2827 613 βαστάζουσι.
2886 546 3035 614 Μέγα
3061 545 3160 615 γὰρ
3191 545 3217 601 ἡ
3249 541 3445 615 ἁγαμία,
3486 553 3561 599 καὶ
3585 547 3729 619 ὀλίγοις

2237 635 2483 701 φορητόν.

2305 719 2441 771 Ἀλλ’
2510 720 2583 781 οἷς
2638 716 2870 773 δέδοται.
2922 718 3134 773 Ἐκεῖνοι
3183 725 3318 791 μόνοι
3360 725 3435 774 τὸν
3481 722 3605 794 λόγον
3646 734 3728 777 τοῦ·

2235 826 2321 860 τον
2350 805 2747 883 παραδέχονται
2779 813 2870 863 καὶ
2902 806 3278 882 βαστάζουσιν,
3317 812 3387 872 οἷς
3412 807 3595 865 δέδοται
3617 821 3727 866 τοῦτο

2234 917 2292 951 το
2324 893 2491 971 δωρον
2533 901 2676 972 παρὰ
2719 906 2851 953 Θεοῦ
2897 912 2912 929 ⁸
2948 894 3161 952 δίδοται
3190 894 3245 951 δέ
3287 899 3557 958 αἰτήσασιν,
3584 902 3731 954 Αἰτεῖτε

2233 990 2356 1062 γὰρ,
2401 992 2550 1059 φησὶ,
2597 993 2686 1040 καὶ
2743 984 3028 1047 δοθήσεται
3084 989 3203 1059 ὑμῖν
3256 1004 3267 1017 ·
3314 988 3541 1046 αἰτήσασι
3585 986 3729 1061 διοῦχ

2235 1074 2423 1141 ἁπλῶς,
2478 1075 2606 1130 ἀλλὰ
2656 1078 2851 1151 θερμῶς
2906 1081 2995 1128 καὶ
3058 1076 3317 1149 ἐπιμόνως,
3371 1080 3453 1129 καὶ
3512 1077 3654 1139 ἁπλῶς
3687 1078 3716 1130 εἰ

2234 1184 2366 1231 πειν,
2417 1168 2484 1228 ὡς
2536 1171 2665 1240 χρή.
2722 1172 3020 1239 Σημείωσαι
3069 1163 3148 1232 δὲ,
3206 1168 3283 1218 ὄτι
3332 1173 3453 1219 Θεοῦ
3526 1163 3658 1239 δῶρον
3705 1168 3725 1224 ἡ

2234 1257 2504 1330 παρθενία,
2534 1250 2786 1329 διδομένη
2819 1263 2928 1317 τοῖς
2959 1254 3216 1323 αἰτοῦσιν,
3245 1258 3309 1318 ὡς
3331 1260 3452 1329 χρὴ.

2302 1480 2423 1535 Εἰσὶ
2484 1510 2555 1522 -
2625 1480 2872 1555 οὐρανῶν.
2963 1478 3176 1540 Ἐπειδὴ
3282 1484 3393 1553 περὶ
3461 1478 3652 1552 ἀγαμίας
3688 1474 3737 1529 ἐν·

2232 1574 2379 1624 ἐπεσε
2407 1569 2559 1643 λόγος
2590 1571 2720 1641 (91),
2767 1567 3019 1623 διδάσκει
3061 1570 3239 1623 λοιπὸν
3284 1576 3392 1643 περὶ
3431 1578 3518 1620 τῶν
3560 1567 3734 1639 ἀγάμων.

2232 1665 2321 1713 καὶ
2372 1658 2746 1733 ἀπαριθμεῖται
2822 1665 2943 1733 τρία
3006 1655 3121 1717 εἱδη
3156 1667 3255 1711 τῶν
3311 1659 3561 1730 εὐνούχων,
3608 1678 3661 1707 ων
3699 1658 3740 1706 τὸ

2232 1757 2434 1822 πρῶτον
2482 1753 2573 1822 μεν
2629 1746 2949 1807 ἀδιάϐλητον
3016 1747 3129 1801 ἐστι
3198 1752 3255 1800 τὸ
3316 1744 3528 1820 δεύτερον
3565 1742 3610 1797 δι
3647 1740 3737 1795 δια.

2230 1837 2534 1912 ϐεϐλημένον
2588 1855 2601 1868 ’
2635 1841 2693 1891 τό
2760 1834 2819 1891 δι
2868 1842 3039 1910 τρίτον
3084 1836 3365 1901 ἐπαινετὸν,
3413 1837 3565 1894 οἰτινις
3612 1832 3741 1885 εὖνοὺ-

2229 1948 2396 2000 χισαν
2426 1928 2662 1999 ἑαυτοὺς,
2703 1930 2786 1980 ἱνα
2826 1930 3039 1999 τύχωσι
3068 1935 3164 1989 τῆς
3214 1925 3471 1999 βασιλείας
3502 1932 3584 1976 τῶν
3630 1921 3739 1994 οὐρα.

2229 2026 2347 2087 νῶν,
2397 2017 2455 2070 οὐ
2483 2017 2620 2089 ξυρῷ
2653 2013 2878 2092 σιδήρου
2911 2019 2977 2069 τὰ
3013 2012 3309 2087 παιδογὸνα
3336 2019 3483 2088 μόρια
3504 2011 3741 2082 ἐκτεμόντες,

2229 2105 2358 2159 ἀλλὰ
2419 2107 2555 2180 ξυρῷ
2612 2109 2947 2180 σωφροσύνης
2999 2109 3084 2157 τὸν
3139 2103 3348 2179 οἶστρον
3402 2112 3489 2164 τῆς
3538 2100 3743 2171 ἐπιθυμίας

2230 2194 2605 2268 ἀποκόψαντες,
2679 2202 2769 2249 καὶ
2823 2199 2972 2271 ἱρωτι
3022 2196 3302 2270 παρθενίας
3368 2196 3449 2245 τὸν
3510 2193 3646 2265 ἔρωτα
3678 2194 3745 2244 τῆς

2235 2292 2521 2348 συνουσίας
2591 2288 3070 2359 καταμαράναντες.
3140 2285 3241 2337 Ὧν
3317 2284 3415 2356 γὰρ
3492 2286 3572 2338 τὴν
3638 2281 3745 2349 φύσιν

2231 2374 2527 2451 ἀνθρωπίνη
2603 2375 2889 2449 μετέπλασε
2943 2378 3088 2449 χεὶρ,
3173 2378 3264 2426 καὶ
3337 2368 3541 2443 σίδηρος
3575 2363 3746 2440 παρεχά-

2229 2464 2379 2540 ραξεν
2406 2506 2421 2531 ,
2525 2465 2583 2518 οὐ
2658 2473 2903 2518 τοσοῦτον
3028 2459 3319 2516 ἁπόδεκτοι
3418 2460 3749 2532 παρθενεύοντες,

2230 2556 2352 2607 ὅσον
2431 2560 2806 2630 κατηγορητοὶ,
2911 2553 3267 2625 λαγνεύοντες,
3365 2552 3430 2611 ὡς
3528 2554 3608 2605 τῆς
3667 2540 3748 2593 ἀπ’

2226 2643 2417 2707 λασίας
2465 2647 2763 2707 νικησάσης
2817 2648 2908 2697 καὶ
2981 2647 3074 2701 τὴν
3126 2642 3234 2695 ἀπὸ
3278 2647 3368 2694 τοῦ
3422 2634 3619 2709 σιδήρου
3660 2630 3751 2703 βοή-

2231 2737 2391 2790 θειαν.

2302 2827 2424 2898 [Τοῦ
2474 2825 2588 2897 (92)
2656 2823 2913 2896 Θεολὸγου
2947 2824 3053 2874 Ὀἱ
3104 2825 3200 2893 μὲν
3257 2819 3315 2872 ἐκ
3380 2819 3556 2891 φύσεως
3590 2813 3757 2898 νεύουσι

2224 2897 2356 2990 προς
2381 2919 2440 2967 τὸ
2476 2914 2669 2987 ἀγαθόν
2721 2929 2736 2943 ⁸
2784 2916 2985 2986 φύσεως
3035 2907 3095 2963 δι
3125 2910 3253 2963 ὃταν
3284 2912 3429 2973 εἴπω,
3466 2905 3541 2958 οὐκ
3561 2897 3754 2971 ἀτιμάζοι

2224 2987 2318 3064 την
2360 3009 2683 3080 προαίρεσιν,
2740 3001 2847 3054 ἀλλ’
2900 3000 3168 3075 ἀμφότερα
3220 3000 3429 3071 τίθημι,
3470 3000 3548 3051 τήν
3585 3008 3636 3061 τι
3659 2987 3762 3058 πρὸς

2223 3098 2283 3147 τὸ
2330 3094 2481 3147 καλὸν
2531 3089 2953 3157 ἐπιτηδειότητα,
3006 3095 3097 3142 καὶ
3155 3094 3256 3149 τὴν
3321 3088 3387 3148 εἰς
3418 3088 3550 3158 ἔργον
3580 3081 3761 3148 ἄγουσαν

2224 3186 2282 3236 τὸ
2329 3183 2386 3236 ἐκ
2428 3186 2628 3256 φύσεως
2698 3177 2993 3240 ἐπιτήδειον
3028 3197 3040 3209 ·
3088 3181 3139 3231 οἱ
3201 3175 3265 3231 δε
3342 3177 3439 3227 ὑπό
3489 3164 3760 3224 διδασκάλω-δ

2224 3270 2551 3345 ἐκτέμνονται
2604 3292 2673 3324 τα
2721 3272 2859 3329 πάθη
2904 3287 2918 3300 ⁸
2960 3271 3009 3321 οἰ
3067 3264 3129 3320 δὴ
3172 3264 3251 3320 δι’
3309 3266 3497 3318 ἑαυτῶν
3526 3259 3764 3327 ἐπιτέμνουσι

2221 3370 2408 3429 ταῦτα,
2468 3358 2806 3415 διδασκάλων
2885 3362 2976 3432 μεν
3050 3357 3148 3410 οὐκ
3209 3354 3558 3426 ἐπιτυχόντες,
3604 3358 3762 3397 suum:

2223 3448 2283 3506 δι
2312 3448 2624 3516 διδάξαντες
2663 3454 2727 3504 τὰ
2754 3455 3111 3524 προσήκοντα,
3174 3451 3269 3499 καὶ
3320 3449 3417 3503 τήν
3460 3460 3512 3494 τε
3557 3439 3684 3513 ῥίζαν
3704 3437 3769 3486 fit

2219 3546 2408 3604 κακίας
2454 3544 2766 3615 ἐκτεμόντες,
2843 3543 2933 3592 καὶ
3001 3538 3069 3590 τὰ
3122 3540 3331 3611 ὄργανα
3413 3538 3507 3591 τῆς
3574 3524 3766 3595 πονηρίας

2219 3630 2585 3707 ἐξορίσαντες.]
3336 3708 3347 3711 Α
3414 3710 3419 3711 γ
3600 3707 3607 3711 _
3686 3698 3695 3711 ἲ
3747 3698 3753 3707 1

2287 3720 2345 3774 Ὀ
2396 3751 2467 3765 —
2512 3724 2771 3795 χωρείτω.
2820 3716 3142 3781 Τελευταίον,
3208 3708 3498 3774 ὑποδείξας
3536 3707 3642 3762 τοὺς

2216 3829 2348 3883 μους
2397 3814 2518 3873 τοὺς
2601 3808 3015 3881 ἐπαινουμένους,
3068 3810 3163 3857 καὶ
3249 3802 3393 3856 οὓτω
3447 3802 3536 3858 τὴν
3585 3805 3771 3887 TVM"

2217 3897 2446 3973 ἀγαμίαν
2499 3899 2793 3967 ἐπαινέσας,
2874 3900 2963 3949 καὶ
3008 3894 3307 3953 λεληθότως
3361 3893 3453 3963 μὲν
3501 3888 3609 3944 τοὺς

2217 3992 2310 4052 τὰς
2362 3990 2435 4051 εἰς
2481 3994 2539 4043 τὸ
2593 3990 2915 4063 παρθενεύειν
2957 3985 3118 4045 οὕτως
3175 3980 3586 4051 ἐπικαλεσάμενος
3616 3987 3627 4002 ⁸
3664 3960 3773 4064 ιιξως

2219 4075 2279 4132 δί
2330 4083 2468 4153 μέγα
2528 4062 2680 4132 τοῦτο
2733 4082 2823 4131 καὶ
2874 4075 3070 4148 ὀλίγοις
3150 4075 3394 4145 αἱρετὸν,
3465 4062 3772 4153 καταλιμξάνξι

2216 4171 2276 4221 τό
2330 4141 2551 4243 Ῐπρὲιγμα
2602 4176 2663 4233 τῇ
2730 4141 3030 4243 προαιρέσει
3085 4171 3193 4216 τῶν
3214 4141 3547 4237 ανθρώπων.
3860 4216 3861 4225 γ

2217 4236 2524 4335 μενοξγᾶρ,
2576 4262 2726 4333 φησὶ,
2771 4236 2968 4330 χωρ-εἰν
3009 4258 3193 4318 τοῦτο,
3249 4250 3309 4325 [ἦ
3342 4236 3345 4237 ν
3369 4253 3562 4323 χωρεῖν
3608 4236 3701 4311 (93)
3740 4240 3784 4284 τις

2214 4348 2419 4423 τοῦτο,]
2447 4355 2706 4425 χωρείτω.

2276 4443 2403 4493 Τότε
2449 4469 2517 4479 -
2573 4438 2769 4500 αὐτοῖς.
2842 4437 3004 4510 Βρέφη
3070 4427 3216 4483 εἶπεν
3292 4431 3320 4481 ὁ
3410 4428 3633 4486 Λουκᾶς,

2214 4531 2655 4607 προσηνέχθησαν
2731 4528 2818 4599 μεν
2898 4522 2953 4575 ἐκ
3000 4524 3243 4581 πίστεως
3297 4526 3405 4571 τῶν
3456 4515 3703 4611 γονέωνζὲ

2212 4602 2449 4697 μαθηται
2507 4617 2755 4690 ἐπετίμων
2808 4619 2916 4673 τοῖς
2954 4613 3391 4685 προσφέρουσιν,
3435 4608 3500 4664 ὡς
3558 4603 3583 4652 ὁ
3632 4602 3796 4662 Μοίριος

2210 4691 2422 4786 ἐγραψε,
2473 4710 2737 4761 τουτέστιν
2795 4700 3041 4757 ἐκώλυον.
3106 4697 3277 4759 Εἰκὸς
3338 4691 3402 4748 δὲ
3453 4695 3545 4744 καὶ
3592 4691 3682 4786 τοῖς
3708 4692 3794 4781 vim"

2212 4778 2321 4855 στὶν
2351 4778 2633 4871 ἐπιτιμᾷν.
2720 4791 2971 4846 Ἐκὼλυον
3040 4783 3098 4841 δι
3198 4784 3495 4845 κάκείνους
3572 4778 3799 4831 minuti.

2209 4898 2461 4965 τιμῶντες
2488 4890 2577 4941 τὸν
2599 4880 2947 4939 διδάσκαλον.

3683 4413 3791 4466 ἅτινα

3682 4502 3723 4554 οἱ
3751 4492 3789 4547 ὅί

1652 5218 1878 5289 Variae
1924 5217 2252 5291 lectiones
2305 5228 2371 5292 et
2402 5228 2604 5288 notae.

518 5380 636 5523 (91)
664 5381 922 5435 Ἐνέπεσεν
953 5383 979 5434 ὁ
1002 5376 1239 5453 λόγοςξΒ.

541 5456 628 5523 92)
655 5452 900 5523 Gregor.
934 5453 1210 5513 Nazianz.

436 5452 443 5461 '
518 5452 628 5525 (92)
655 5452 900 5523 Gregor.
934 5452 1210 5513 Nazianz.
1250 5469 1311 5527 p.
1343 5455 1463 5527 192,
1498 5460 1619 5516 193.
1679 5459 1866 5520 Habet
1905 5465 2104 5520 autem

2213 5388 2344 5448 haec
2367 5390 2432 5446 in
2451 5386 2731 5459 margine
2760 5380 2830 5442 Β.

2286 5462 2401 5536 (93)
2425 5456 2656 5518 Inclusa
2679 5456 2902 5514 absunt
2930 5459 2994 5510 A.

515 5580 675 5653 (mm)
708 5581 1097 5660 Quantum:
1125 5589 1527 5660 susceperant.
1562 5587 1866 5653 Quantum
1890 5590 1967 5649 ob
2018 5588 2123 5648 libi

2227 5580 2320 5647 em
2356 5583 2887 5660 reprehenduntur,
2918 5579 3041 5637 vim
3104 5573 3271 5633 ferri
3332 5570 3663 5649 (auxilium
3700 5545 3823 5618 ἰειτί)

441 5659 768 5726 superante
799 5654 980 5713 etiam
1009 5653 1496 5728 intemperantia.
