3906 6202
168 273 244 326 521
1114 252 1486 312 COMMENT.
1530 251 1600 307 IN
1638 249 2088 310 MATTHAEUM.
2129 283 2197 294 —
2237 252 2394 309 CAP.
2435 253 2584 310 XIX.

3312 257 3418 312 522

228 393 273 445 '0
319 388 362 444 δε
405 390 572 447 Ἰησους
613 416 681 426 -
717 383 966 457 οὐρανῶν.
1013 381 1074 434 Ὀ
1125 381 1184 433 δὲ
1236 382 1452 454 Μάρκος
1496 376 1654 441 εἶπεν,

1845 376 1999 432 Vers.
2032 381 2112 434 14.
2129 380 2301 435 Jesus
2319 385 2504 434 autem
2525 380 2913 436 —ccelorum.
2934 380 3163 435 Marcus
3183 378 3332 435 dixit
3350 381 3420 447 ³⁸,

177 487 236 535 ὅτι
268 485 336 532 καὶ
371 479 653 549 ἠγανάκτησε
698 475 834 526 κατὰ
879 482 976 526 τῶν
1020 470 1340 523 κωλυόντων·
1379 473 1655 543 προσίεται

177 569 222 623 δὲ
256 572 304 620 τὰ
335 564 498 632 παιδία,
528 563 765 618 δεικνύων
795 561 905 635 μέν,
939 564 1020 614 ὅτι
1060 563 1182 621 τούς
1228 558 1456 622 ἀκάκους
1487 579 1654 632 προσ-

167 665 282 710 ίεται·
322 653 546 708 διδάσκων
605 650 662 706 δὲ
716 658 827 713 καὶ,
885 651 965 704 ὅτι
1017 655 1274 725 προσήκει
1343 656 1655 702 καταπατεῖν

164 751 227 798 τὸν
262 747 341 798 ἀπὸ
386 751 462 806 τᾶς
505 745 764 815 ὑπεροχῆς
822 748 1002 813 τῦφον,
1054 745 1144 791 καὶ
1199 741 1515 813 προσίεσθαι
1566 743 1656 791 καὶ

161 840 244 895 τοὺς
277 834 664 906 εὐκαταφρονήτου
676 852 717 892 ς.
777 829 888 883 Οὐκ
956 827 1063 882 εἶπε
1143 825 1222 895 δὲ,
1307 829 1388 880 ὄτι
1461 830 1655 880 τούτων

167 925 265 975 ἐστὶν
298 925 321 980 ἡ
371 921 584 993 βασιλεία
630 929 732 972 τῶν
775 919 1024 992 οὐρανῶν,
1073 917 1183 970 ἀλλ’
1227 919 1308 969 ὅτι
1351 925 1450 968 τῶν
1490 919 1658 969 τοιού-

170 1031 250 1078 των,
291 1019 370 1062 τῶν
406 1013 715 1082 μιμουμένων
786 1013 881 1066 τὴν
945 1006 1215 1065 ἁπλότητα
1271 1009 1484 1070 τούτων,
1540 1010 1660 1081 περὶ

169 1101 216 1150 ὧν
255 1103 408 1172 εἴρηται
446 1097 749 1173 πλατύτερον
828 1096 878 1149 ἐν
952 1104 1024 1166 τῷ
1098 1103 1391 1169 τριακοστῷ
1452 1091 1660 1168 ἑϐδόμῳ

166 1187 362 1259 κεφαλαίῳ.

217 1281 288 1329 Καὶ
317 1307 366 1316 —-
407 1275 599 1331 ἐκεῖθεν.
655 1277 870 1350 Μάρκος
923 1271 983 1326 δὲ
1039 1272 1194 1341 εἶπεν,
1245 1274 1323 1326 ὁτι
1361 1273 1452 1325 καὶ
1498 1273 1655 1345 ἐναγ-

159 1363 411 1435 καλισάμενος
475 1365 627 1431 αὐτὰ,
696 1366 858 1426 τιθεὶς
928 1365 1018 1423 τὰς
1100 1368 1286 1435 χεῖρας
1349 1361 1430 1415 ἄπ’
1502 1362 1656 1427 αὐτὰ,

151 1453 294 1524 εὐλόγει
329 1454 458 1509 αὑτά.
488 1461 653 1507 Τοῦτο
703 1449 762 1506 δὲ
813 1452 992 1520 ἐποίει,
1045 1451 1256 1527 πληρῶν
1303 1456 1398 1510 τὴν
1451 1455 1659 1508 αἴτησιν

149 1550 217 1592 τῶν
281 1551 416 1594 ταῦτα
479 1545 937 1615 προσαγαγόντων.
1005 1543 1460 1616 Προσηνίχθησοιν
1532 1541 1657 1612 γὰρ,

149 1636 277 1700 φησιν,
328 1630 448 1701 αύτῷ
493 1628 708 1698 παιδία,
763 1633 846 1683 ἰνα
887 1632 979 1692 τὰς
1031 1638 1216 1703 χεῖρας
1283 1628 1434 1701 ἐπιθῇ⁹
1482 1627 1662 1688 αὐτοῖς

1764 465 1925 536 quod
1975 467 2152 522 etiam
2211 467 2642 538 indignabatur
2696 467 3171 539 prohibentibus.
3222 467 3424 540 Recipi

1769 561 1969 609 autem
1994 571 2233 626 pueros,
2259 556 2604 626 signiﬁcans
2627 572 2688 612 se
2708 556 2970 628 recipere
3001 556 3323 628 simplices,
3353 572 3425 613 ac

1763 642 1984 698 docens
2012 652 2284 716 oportere
2315 644 2536 700 fastum
2565 646 2669 717 qui
2701 661 2738 701 a
2767 645 3128 701 sublimitate
3157 645 3427 716 procedit

1766 731 2137 797 conculcare,
2189 740 2247 788 et
2303 735 2604 805 suscipere
2649 733 3060 805 despicabiles.
3099 736 3230 789 Non
3277 733 3428 789 dixit

1765 825 1966 876 autem
1999 838 2015 874 :
2051 821 2272 876 Horum
2303 826 2390 876 est
2417 836 2662 890 regnum
2694 821 3002 888 caelorum,
3039 821 3145 878 sed
3195 821 3422 884 talium,

1766 908 2131 964 imitantium
2152 909 2421 966 videlicet
2443 910 2664 965 horum
2686 909 3120 981 simplicitatem
3156 925 3172 975 ;
3199 909 3274 965 de
3295 910 3424 982 qui~

1766 995 1881 1052 bus
1905 997 2080 1053 latius
2101 997 2329 1054 dictum
2349 1001 2438 1053 est
2461 997 2764 1054 tricesimo
2788 999 3043 1070 septimo
3064 997 3282 1068 capite.

1841 1193 1985 1248 Vers
2021 1194 2104 1248 15.
2138 1193 2214 1249 Et
2245 1223 2313 1234 --
2343 1193 2500 1249 inde.
2531 1193 2765 1249 Marcus
2797 1194 2944 1250 dixit
2973 1196 3020 1230 ’9
3051 1193 3220 1267 quod
3247 1193 3428 1251 etiam

1768 1281 2167 1351 complexatus
2210 1287 2297 1337 est
2325 1281 2478 1349 illos,
2509 1298 2579 1338 ac
2609 1282 2903 1354 impositis
2935 1284 3211 1340 manibus
3251 1298 3432 1354 super

1769 1386 1872 1425 eos
1911 1370 2300 1426 benedicebat
2343 1370 2473 1426 illis.
2507 1373 2628 1427 Hoc
2659 1377 2860 1427 autem
2890 1371 3149 1428 faciebat
3190 1371 3430 1427 illorum

1769 1457 2107 1528 adimplens
2139 1459 2482 1528 petitionem
2513 1458 2617 1529 qui
2647 1474 2751 1513 eos
2779 1459 3155 1514 adduxerant
3181 1479 3193 1517 :
3231 1459 3433 1515 Oblati

1768 1552 1903 1600 sunt
1936 1547 2114 1615 enim,
2149 1546 2360 1617 inquit,
2393 1546 2442 1600 ei
2470 1547 2732 1614 parvuli,
2772 1553 2836 1601 ut
2873 1561 3078 1602 manus
3107 1547 3432 1615 imponeret

1769 1636 1845 1689 eis
1883 1642 1933 1689 et
1988 1641 2203 1690 oraret.
2255 1634 2442 1689 Simul
2492 1634 2665 1691 etiam
2705 1636 2963 1690 ostendit
3007 1636 3223 1690 iterum
3271 1633 3433 1705 quod

146 1723 204 1767 καὶ
239 1720 562 1792 προσεύξηται.
625 1718 770 1793 ’Δμα
825 1716 885 1772 δὲ
936 1719 1088 1772 πάλιν
1154 1715 1366 1784 ἔδειξεν,
1425 1719 1506 1770 ὅτι
1570 1721 1660 1768 καὶ

1845 1723 2145 1795 :iplectitur
2161 1723 2395 1795 sibique
2411 1722 2766 1780 familiarem
2786 1722 2964 1780 efﬁcit
2981 1739 3143 1790 eum,
3167 1723 3272 1794 qui
3289 1721 3431 1778 dolo

144 1804 475 1876 ὲναγιαλὶζιται,
543 1815 638 1861 καὶ
713 1808 994 1860 οἰκειοῦται
1046 1811 1133 1860 τὸν
1213 1805 1491 1880 ἁπόνηρον,
1570 1809 1660 1857 καὶ

144 1897 296 1952 τίθησιν
359 1896 427 1948 ἐπ’
485 1898 641 1951 αὐτόν
703 1900 792 1958 τὰς
864 1904 1071 1971 χεῖρας,
1133 1900 1252 1954 ἤτοι
1335 1901 1429 1955 τὴν
1501 1914 1659 1968 φρου-

137 1991 302 2054 ρηταὴν
355 1984 522 2039 ἑαυτοῦ
593 1983 842 2059 δύναμιν,
905 1990 996 2038 καὶ
1057 1985 1259 2058 niloch
1305 1990 1396 2038 καὶ
1451 1987 1659 2056 ἁγιάζει

141 2073 264 2128 adria.

191 2202 297 2252 ΚΕΦ.
341 2199 469 2258 ΜΔ’.
522 2206 653 2275 Περὶ
690 2208 783 2253 τοῦ
841 2198 1264 2274 ἐπερωτήσαντος
1316 2202 1404 2252 τὸν
1451 2201 1657 2258 Ἰησοῦν

724 2289 997 2345 πλουσίου.

190 2378 265 2426 Καὶ
299 2407 357 2416 -
402 2378 635 2436 αἰώνιον.
675 2377 947 2454 Ἀρχοντα
975 2386 1153 2431 τοῦτον
1180 2376 1314 2431 εἶπεν
1363 2379 1388 2430 ὁ
1434 2384 1657 2444 Λουκᾶς,

138 2456 311 2528 δηλαδή,
347 2475 437 2517 τῶν
465 2466 765 2520 Ἰουδαίων.
801 2467 912 2519 Οὐχ
961 2463 1021 2526 ἦν
1054 2464 1113 2520 δὲ
1164 2465 1387 2529 ὕπουλος
1426 2468 1452 2518 ό
1503 2471 1663 2520 νεανί-

138 2566 225 2609 σκος
259 2552 399 2620 οὗτος,
448 2559 509 2617 ὦς
557 2561 696 2629 φασί
751 2575 900 2618 τινες.
946 2555 1022 2607 Οὐ
1069 2559 1170 2629 γὰρ
1226 2556 1289 2608 ἃν
1364 2557 1389 2608 ὀ
1459 2557 1665 2618 Ἰησοῦς

135 2633 332 2709 ἐμϐλέψας
373 2644 528 2716 αὐτῷ,
581 2647 863 2716 ἠγάπησεν
905 2643 1083 2714 αὐτὸν,
1115 2647 1184 2706 ὡς
1222 2648 1395 2719 εἴρηκε
1428 2648 1660 2719 Μάρκος.

137 2723 254 2777 Ἀ)λὰ
293 2732 425 2785 τᾶλλα
469 2738 558 2806 μὲν
626 2733 780 2796 καλὸς
812 2731 894 2799 ἦν,
952 2738 1042 2786 καὶ
1095 2733 1232 2794 ζωῆς
1284 2735 1524 2804 ἐπεθύμει
1571 2741 1667 2795 τῆς

130 2811 304 2868 αἰωνίου·
346 2829 432 2884 τῆς
479 2819 538 2876 δὲ
591 2821 944 2897 φιλαργυρίας
987 2829 1015 2882 ὴ
1063 2823 1267 2875 ἄκανθα
1309 2827 1405 2881 τὴν
1443 2821 1665 2895 λιπαρὰν

129 2902 301 2974 ἄρουραν
334 2919 419 2971 τῆς
445 2912 638 2984 ψυχῆς
672 2911 835 2965 αὐτοῦ
865 2908 1234 2984 διελυμήνατο.

180 2992 224 3044 Ὀ
248 3025 292 3036 -
341 3004 476 3062 ϐιός.
516 3000 719 3062 Οὐδεὶς
761 3003 880 3054 οὔτε
928 3000 1129 3066 ὑλικὸς,
1162 3005 1280 3055 οὔτε
1321 3001 1495 3070 ἄυλος,
1544 3000 1668 3074 ἀγα-

128 3079 190 3140 θάς
217 3081 311 3136 ἐστι
357 3095 561 3163 κυρίως,
611 3089 659 3142 εἰ
703 3094 773 3156 μὴ
806 3095 956 3163 μόνος
998 3091 1024 3142 ό
1060 3095 1206 3153 Θεὸς.
1251 3097 1392 3144 Διότι
1433 3099 1505 3161 τῷ
1555 3097 1669 3161 Θεῲ

121 3171 200 3235 μὲι,
237 3177 351 3226 κατὰ
405 3181 556 3248 φύσιν
601 3181 637 3237 ἡ
699 3177 982 3250 ἀγαθότης,
1038 3185 1129 3232 καὶ
1179 3177 1272 3234 διὰ
1318 3188 1471 3232 τοῦτο
1525 3179 1670 3254 ἀτρε-

122 3263 319 3320 πτοτὰτη·
358 3273 460 3328 τοῖς
501 3268 684 3329 ἀλλοις
725 3265 785 3321 δὲ
836 3275 1018 3338 πᾶσιν,
1069 3271 1272 3344 ὁρατοῖς
1321 3289 1375 3322 τε
1402 3275 1492 3322 καὶ
1519 3268 1672 3343 ἀορά-

126 3362 217 3412 τως,
257 3356 378 3404 κατὰ
419 3362 754 3432 προαίρεσιν,
789 3363 879 3409 καὶ
926 3355 1019 3410 διὰ
1063 3366 1214 3410 τοῦτο
1261 3364 1477 3430 τρεπτή.
1535 3359 1672 3410 Ἐπεὶ

120 3443 247 3521 uir»
304 3443 446 3505 οὗτος
499 3448 779 3518 ἄνθρωπον
832 3445 1000 3507 ἁπλῶς
1066 3451 1154 3498 τὸν
1207 3451 1438 3521 Χριστὸν
1488 3447 1672 3499 ὑπέλα-

125 3520 332 3595 ετιεῖναι,
361 3540 446 3585 καὶ
501 3533 705 3606 ἀγαθόν
756 3535 912 3586 αὐτὸν
958 3534 1216 3602 ἐκάλεσεν,
1262 3535 1368 3606 οὐχ
1399 3537 1466 3597 ὡς
1521 3539 1669 3599 Θεὸν,

260 3621 318 3679 ὡς
381 3623 656 3696 ἄνθρωπον
685 3665 701 3690 ,
761 3627 872 3694 (94)
940 3625 1026 3677 ἕνα
1096 3633 1196 3676 τῶν
1248 3625 1377 3698 παρ’
1431 3623 1674 3698 Εϐραίοις

123 3695 427 3779 διδασκάλων,
482 3717 614 3788 πρὸς
687 3718 780 3770 τὴν
850 3715 1098 3770 τοιαύτην
1170 3712 1428 3784 ὑπόληψιν
1513 3713 1673 3765 αὐτοῦ

118 3785 262 3845 λοιπὸν
305 3803 384 3849 καί
438 3799 620 3867 αὐτὸς,
689 3803 755 3862 ὡς
810 3802 1103 3874 ἄνθρωπος,
1159 3801 1300 3873 αὐτῷ
1355 3798 1672 3874 διαλέγεται,

118 3875 265 3946 λέγων·
336 3893 470 3940 Διατί
543 3909 611 3962 με
686 3889 845 3960 λέγεις
927 3889 1144 3962 ἀγαθὸν,
1225 3891 1493 3966 ἄνθρωπον
1556 3895 1678 3943 ὄντα

119 3970 236 4017 κατὰ
260 3976 339 4029 τήν
364 3980 448 4034 σὴν
495 3977 807 4050 ὑπόληψιν;
851 3982 919 4041 ὡς
969 3983 1060 4050 μὲν
1115 3982 1218 4052 γὰρ
1266 3981 1557 4052 ἄνθρωπος,
1584 3982 1679 4032 οὔκ

117 4071 207 4123 ειμι
251 4056 434 4129 ἀγαθός’
491 4070 560 4129 ὣς
603 4064 665 4120 δὲ
706 4071 849 4132 Θεὸς,
903 4073 992 4120 καί
1047 4068 1206 4141 μάλα.
1242 4072 1404 4129 Μόνος
1450 4071 1550 4142 ’γάρ
1590 4089 1680 4120 ’ω’

114 4160 224 4211 ριως
267 4146 439 4221 ἀγαθὸς
481 4158 506 4207 ὁ
561 4161 714 4219 Θεὸς.
754 4163 917 4209 Τοῦτο
973 4154 1032 4210 δὲ
1086 4158 1260 4226 εἰπὼν,
1311 4165 1369 4209 οῦ
1419 4162 1534 4218 τους
1599 4157 1683 4209 ἀν-

119 4232 320 4301 θρώπους
366 4241 692 4320 ἀπεστέρησε
744 4255 834 4306 τῆς
883 4245 1229 4317 ἁγαθότητος,
1276 4246 1402 4298 ἀλλὰ
1432 4251 1547 4322 περὶ
1590 4255 1685 4307 τῆς

115 4328 280 4391 κυρίως
328 4328 654 4402 ἁγαθότητος
707 4331 966 4397 ἐδίδαξεν·
1019 4336 1131 4408 οἶμα
1181 4332 1240 4388 δὲ
1289 4341 1377 4388 καὶ
1414 4341 1507 4394 τὴν
1537 4336 1687 4388 κολα-

114 4415 234 4462 κείαν
278 4415 539 4488 ἀπώσατο,
581 4428 674 4476 καὶ
721 4421 1022 4490 ἐπαίδευσε,
1078 4430 1151 4498 μὴ
1208 4427 1690 4499 συγκατατίθεσθαι

118 4504 210 4558 τοῖς
236 4501 458 4572 ἑπαίνοις,

133 4762 141 4776 1
180 4674 482 4776 [fio-1495)
539 4695 631 4764 μὶν
681 4689 897 4764 ἀγαθὸς,
928 4698 1083 4766 μόνος
1123 4694 1149 4746 ὁ
1197 4698 1344 4757 Θεὸς*
1400 4699 1579 4769 γνώμῃ
1633 4692 1692 4749 δὲ

121 4770 307 4844 ἀγαθὸς,
336 4782 491 4848 μόνος
533 4783 560 4832 ὁ
593 4783 943 4854 Θεομίμητος]

120 5030 127 5039 1
179 4949 230 4999 Ει
256 4981 315 4994 -—
342 4963 542 5024 ποίαςς
579 4960 716 5032 Οὐχ,
751 4963 818 5022 ὡς
856 4962 1131 5035 πειράζων,
1180 4959 1304 5028 εἷπε,
1361 4968 1533 5025 ποίας*
1585 4962 1689 5015 ἀλλ’

110 5049 306 5130 τςομισε,
364 5049 517 5120 παρὰ
581 5050 671 5110 τὰς
715 5051 934 5122 νομικὰς
981 5049 1156 5127 ἐτέρας
1205 5048 1334 5104 εἶναι
1376 5072 1539 5119 τινας,
1599 5056 1693 5116 τὰς

109 5131 398 5198 εισαγονσας
426 5135 497 5196 εἰς
539 5140 632 5195 τὴν
665 5141 911 5196 τοιαύτην
946 5139 1108 5200 ζωήν.

1769 1827 1839 1866 ac
1870 1812 2104 1867 malitia
2129 1816 2287 1867 caret
2316 1829 2334 1881 ;
2371 1815 2428 1866 et
2460 1812 2628 1883 ponit
2665 1827 2846 1884 super
2882 1827 3021 1868 eum
3053 1827 3270 1867 manus
3309 1811 3432 1867 sive

1768 1900 2161 1956 excubantem
2194 1915 2368 1955 suam
2398 1900 2697 1965 virtutem,
2730 1916 2802 1957 ac
2830 1899 3144 1966 benedicit,
3177 1914 3433 1972 eumque

1767 1987 2114 2046 sancuﬁcaL

1946 2116 2098 2171 CAP.
2129 2114 2261 2171 XLI.
2290 2115 2376 2169 De
2402 2114 2579 2170 divite
2601 2114 3013 2186 interrogante
3038 2114 3252 2172 Jesum.

1841 2329 2002 2384 Vers.
2040 2330 2122 2382 t6.
2155 2327 2234 2381 Et
2266 2357 2334 2365 —
2371 2333 2655 2383 aeternam
2683 2326 3066 2399 ?Principem
3094 2327 3244 2384 dixit
3270 2327 3434 2384 hunc

1772 2417 1956 2471 Lucas
1989 2417 2058 2482 ιθ,
2085 2415 2356 2471 videlicet
2380 2415 2752 2472 Iudaeorum.
2785 2418 2911 2472 Non
2941 2421 3067 2472 erat
3096 2421 3297 2472 autem
3337 2417 3436 2473 hic

1775 2505 2117 2560 adolescens
2159 2504 2410 2560 dolosus
2445 2508 2550 2560 aut
2585 2504 2783 2571 ﬁctus,
2827 2509 2893 2561 ut
2931 2504 3098 2561 aiunt
3127 2505 3380 2577 quidam
3413 2523 3428 2574 ;

1773 2609 1968 2667 neque
2007 2594 2165 2649 enim
2206 2593 2454 2650 intuitus
2499 2590 2666 2648 illum
2703 2595 2873 2648 Jesus
2917 2592 3224 2650 dilexisset
3265 2610 3428 2660 eum,

1773 2682 1932 2755 quod
1957 2683 2109 2739 dixit
2137 2685 2366 2738 Marcus
2395 2684 2462 2748 ⁸³,
2493 2681 2599 2738 sed
2627 2682 2689 2736 in
2721 2681 2942 2737 caeteris
2965 2681 3212 2754 quidem
3241 2682 3433 2739 bonus

1775 2777 1920 2841 erat,
1951 2771 2204 2844 vitaeque
2235 2770 2491 2843 cupidus
2520 2774 2752 2826 aeterna:
2780 2789 2794 2829 :
2831 2770 2937 2826 sed
2967 2770 3229 2827 avaritiae
3261 2771 3437 2844 spina

1774 2861 1996 2934 pingue
2027 2859 2246 2916 animae
2277 2876 2485 2916 arvum
2515 2859 2873 2932 perdiderat.

1849 2969 2006 3024 Vers.
2045 2974 2128 3022 t7.
2157 2969 2284 3036 Ipse
2313 2997 2382 3009 —-
2411 2967 2586 3024 Deus.
2619 2966 2826 3023 Nullus
2856 2982 3053 3040 neque
3086 2981 3435 3040 corporeus,

1702 3077 1743 3134 ρ
1777 3073 1972 3129 neque
2023 3058 2409 3127 incorporeus
2448 3057 2686 3128 proprie
2723 3055 2922 3112 bonus
2960 3061 3066 3124 est,
3112 3056 3229 3112 nisi
3278 3056 3440 3114 solus

1779 3151 1956 3216 Deus,
2001 3147 2138 3217 quia
2175 3148 2291 3200 Deo
2333 3147 2668 3202 secundum
2707 3149 2989 3202 naturam
3033 3147 3307 3202 convenit
3335 3146 3443 3203 bo-

1779 3237 1952 3300 nitas,
2002 3235 2255 3304 ideoque
2293 3233 2508 3289 mutari
2551 3249 2674 3288 non
2704 3239 2938 3304 potest:
2973 3235 3199 3290 caeteris
3239 3240 3443 3290 autem

1780 3324 2062 3380 omnibus
2101 3322 2433 3378 VlSlbllibllS
2464 3327 2520 3378 et
2551 3322 2947 3378 invisibilibus
2979 3323 3310 3377 secundum
3341 3338 3444 3378 vo-

1781 3414 2098 3481 luntatem,
2148 3418 2205 3467 et
2242 3413 2376 3467 ideo
2428 3411 2735 3466 mutabilis
2774 3414 2882 3466 est.
2945 3411 3095 3476 Quia
3147 3426 3290 3480 ergo
3346 3411 3445 3467 hic

1781 3504 2078 3560 Christum
2139 3502 2447 3558 hominem
2511 3506 2743 3557 tantum
2809 3516 2934 3556 esse
3006 3500 3443 3572 suspicabatur,

1781 3593 2134 3664 bonumque
2154 3590 2410 3647 vocabat
2435 3605 2595 3658 eum,
2622 3605 2745 3646 non
2774 3594 3064 3662 tanquam
3093 3590 3304 3656 Deum,
3341 3589 3449 3646 sed

1783 3687 2075 3753 tanquam
2102 3679 2430 3746 hominem,
2459 3684 2514 3735 et
2537 3695 2728 3734 unum
2754 3679 3104 3751 quempiam
3127 3683 3452 3752 praecepto-

1782 3787 1917 3826 rum
1963 3769 2126 3840 apud
2167 3768 2486 3825 Hebraeos:
2532 3767 2612 3824 ad
2654 3767 3004 3839 hujusmodi
3043 3767 3452 3840 suspicionem

1784 3859 1913 3931 ejus
1948 3874 2106 3914 nunc
2135 3858 2316 3914 etiam
2344 3858 2471 3929 ipse
2497 3857 2669 3930 quasi
2698 3857 2883 3913 homo
2912 3873 3051 3912 cum
3085 3873 3157 3913 eo
3191 3857 3450 3928 disserit,

1786 3948 1992 4004 dicens
2035 3964 2046 4001 :
2103 3948 2254 4012 Quid
2295 3963 2390 4002 me
2443 3947 2589 4002 dicis
2627 3946 2880 4011 bonum,
2919 3946 3023 4018 qui
3075 3946 3260 4002 homo
3318 3960 3455 4002 sum

1783 4038 1954 4108 juxta
1980 4041 2143 4090 tuam
2163 4035 2565 4107 suspicionem
2584 4035 2611 4089 ?
2633 4034 2782 4090 Nam
2802 4039 3094 4106 tanquam
3129 4036 3312 4090 homo
3331 4051 3454 4090 non

1791 4141 1925 4180 sum
1959 4126 2172 4190 bonus,
2209 4130 2496 4194 tanquam
2531 4127 2682 4178 Deus
2711 4131 2932 4187 autem,
2968 4124 3146 4178 etiam
3194 4125 3456 4178 maxime

1792 4216 1990 4270 bonus
2013 4229 2179 4280 sum;
2209 4211 2374 4268 solus
2401 4227 2662 4282 namque
2691 4212 2843 4267 Deus
2869 4212 3107 4282 proprie
3133 4211 3330 4265 bonus
3345 4215 3453 4264 est.

1796 4303 1917 4358 Hoc
1957 4308 2156 4356 autem
2205 4300 2350 4354 dixit
2395 4315 2518 4354 non
2557 4299 2834 4353 homines
2875 4299 3118 4369 privans
3167 4297 3454 4378 bonitate,

1722 4425 1766 4479 ο
1798 4391 1905 4448 sed
1925 4391 2000 4445 de
2025 4405 2096 4445 ea
2110 4405 2246 4461 quin
2270 4389 2502 4479 proprie
2523 4388 2760 4479 bonitas
2783 4390 2873 4479 est
2893 4387 3131 4452 docuit»;
3157 4386 3460 4479 simulque

1799 4479 2200 4540 adulationem
2238 4477 2469 4550 repulit,
2514 4481 2570 4532 et
2607 4475 2878 4532 instruxit
2915 4490 3026 4531 nos
3064 4489 3139 4531 ne
3176 4473 3460 4530 laudibus

1801 4569 2221 4627 assentiamur.

1870 4679 1957 4750 Η-
2000 4679 2216 4733 Natura
2263 4673 2505 4745 quidem
2551 4671 2748 4728 bonus
2798 4671 2960 4728 solus
3008 4672 3183 4738 Deus,
3240 4672 3462 4728 mentis

1799 4783 1942 4824 vero
1990 4763 2461 4822 conformatione
2516 4761 2736 4832 bonus,
2793 4761 2956 4817 solus
3008 4760 3060 4816 is
3115 4759 3218 4833 qui
3277 4763 3464 4817 Deum

1803 4857 2087 4914 imitatur.

1872 4966 2034 5021 Vers.
2082 4962 2164 5017 17.
2210 4960 2377 5028 Quod
2413 4961 2463 5016 si
2501 4991 2568 4998 —
2606 4953 2765 5014 Vers.
2806 4959 2900 5016 18.
2941 4973 3073 5030 quae
3111 4958 3141 5014 ?
3178 4960 3306 5014 Non
3344 4960 3469 5013 ten-

1802 5055 1985 5111 tando
2015 5053 2182 5119 dixit,
2217 5066 2343 5122 qua:
2373 5051 2401 5108 ξ)
2427 5048 2526 5104 sed
2570 5048 2813 5120 putabat
2849 5052 3064 5120 praeter
3091 5045 3309 5118 legalia
3338 5061 3468 5101 esse

1782 5145 1940 5213 alia,
1972 5159 2108 5217 quae
2139 5141 2217 5198 ad
2251 5140 2431 5199 talem
2460 5139 2806 5196 inducerent
2832 5137 3040 5194 vitam.

167 5252 210 5286 ³⁸
232 5254 403 5324 Marc,
438 5263 527 5316 14.
561 5262 606 5297 ³⁸
634 5262 778 5320 ibid.
802 5265 892 5320 16.
921 5264 968 5300 ⁸ο
995 5264 1127 5322 Luc.
1155 5282 1315 5334 xvm,
1350 5267 1435 5323 18.
1471 5269 1514 5306 ⁴¹
1542 5273 1695 5328 Marc
1722 5289 1781 5344 x,
1810 5276 1867 5329 2t
1888 5314 1905 5330 .

1316 5391 1540 5463 Variae
1568 5397 1898 5466 lectiones
1923 5404 1990 5464 et
2020 5403 2222 5461 notae.

167 5524 276 5599 (96)
307 5533 410 5583 Καί
441 5529 795 5589 addendum
825 5534 1022 5592 credo.

393 5628 643 5687 ΡΑτειοι..
683 5630 788 5688 Gn.
827 5631 1064 5690 CXXIX.

1881 5539 1993 5610 (95)
2037 5539 2171 5593 Haec
2206 5534 2270 5591 in
2308 5548 2498 5604 marg.
2549 5532 2611 5589 B.
2655 5533 2977 5592 Hentenius
3016 5545 3142 5587 non
3179 5525 3469 5597 agnoscit.

3050 5628 3122 5682 17
