3906 6202
519 273 626 328 523

591 396 755 451 Vers.
794 398 876 449 l8.
909 394 1075 451 Iesus
1097 400 1290 450 autem
1317 426 1387 435 -—
1410 395 1573 450 Vers.
1602 398 1690 451 20.
1724 393 1983 462 infantia
2011 405 2166 447 mea.
2208 389 2252 443 A

516 483 946 555 Principaliora
992 491 1287 557 praecepta
1336 484 1551 553 legalia
1592 482 2023 555 dispensatorie
2063 479 2176 550 ipsi

516 572 759 645 profert,
801 573 977 628 simul
1041 590 1112 629 ea
1160 574 1488 640 honorans,
1551 578 1607 628 et
1638 579 1717 637 ut,
1761 571 1892 643 ipso
1932 584 2175 639 respon-

517 663 695 718 dente
725 681 737 711 :
768 664 903 718 HERC
930 664 1133 718 omnia
1166 679 1341 733 opere
1372 663 1669 733 complevi
1698 678 1711 727 ;
1741 676 1881 715 nam
1914 659 1975 713 id
1999 658 2176 727 signi-

514 751 655 807 ﬁcat
680 752 977 809 Custodivi
1001 758 1057 807 et
1079 753 1149 807 ab
1174 752 1480 822 infantia;
1507 751 1731 807 sciebat
1752 750 1910 805 enim
1933 754 1990 804 et
2008 747 2174 819 quod

516 857 694 913 opere
718 841 1151 913 complevisset,
1179 847 1233 895 et
1258 841 1423 912 quod
1447 840 1528 895 ita
1558 854 1953 910 responsurus
1980 841 2133 892 esset
2156 850 2169 901 ;

516 932 884 986 auditoribus
916 930 1395 986 manifestaretur
1434 929 1808 985 conversatio
1855 927 2012 983 illius
2055 925 2169 981 vir-

514 1020 620 1073 tuti
661 1026 1067 1075 consentanea
1099 1036 1112 1073 :
1154 1019 1371 1074 deinde
1410 1019 1649 1075 tandem
1689 1017 1922 1090 prolato
1960 1017 2011 1071 ei
2055 1030 2173 1071 uno

514 1108 857 1177 evangelico
888 1112 1203 1178 praecepto,
1241 1106 1376 1163 dico
1409 1122 1555 1162 sane
1601 1106 1943 1161 divitiarum
1983 1104 2174 1175 abjec-

511 1194 695 1260 tione,
723 1194 955 1249 facilius
980 1195 1359 1250 convinceret
1386 1210 1529 1250 eum
1557 1210 1685 1249 esse
1711 1208 1983 1258 avarum,
2006 1198 2063 1247 et
2091 1193 2173 1247 ita

510 1283 673 1340 bona
703 1284 1013 1339 occasione
1040 1284 1474 1339 demonstraret
1510 1283 1825 1339 manifeste
1856 1281 2169 1337 avaritiam

512 1388 893 1444 corrumpere
936 1389 1178 1427 omnem
1219 1373 1516 1436 virtutem,
1552 1378 1608 1427 et
1642 1375 1721 1427 ita
1761 1372 2169 1426 demonstrato

510 1463 765 1517 dramno
796 1463 1044 1517 devitari
1077 1466 1281 1533 posset
1307 1461 1655 1532 hujusmodi
1686 1460 1953 1516 affectus.

580 1716 771 1779 Quare
820 1717 1021 1769 autem
1060 1728 1183 1769 non
1214 1712 1457 1785 protulit
1488 1712 1573 1767 illi
1606 1712 1867 1783 primum
1898 1716 1954 1766 et
1986 1708 2170 1765 maxi-
2203 1736 2247 1793 Β

508 1820 675 1860 mum
726 1810 1111 1876 praeceptum,
1162 1809 1327 1875 puta,
1374 1803 1587 1873 Diliges
1638 1806 1938 1859 Dominum
1976 1802 2168 1858 Deum

507 1900 673 1950 tuum
689 1892 717 1947 ?
735 1894 881 1959 Quia
895 1893 1011 1949 alia
1030 1894 1210 1964 hujus
1227 1894 1390 1951 bona
1408 1910 1585 1966 Opera
1599 1896 1831 1949 occulta
1846 1896 2038 1947 erant:
2056 1891 2170 1962 pie-

503 1988 593 2039 tas
623 1999 763 2039 vero
792 1984 976 2054 hujus
1001 1985 1080 2040 ad
1111 1987 1298 2040 Deum
1328 1985 1610 2041 omnibus
1637 1988 1779 2040 nota
1807 1987 1953 2039 erat.

576 2198 882 2253 Dubitabit
907 2203 1108 2254 autem
1132 2199 1367 2271 aliquis,
1400 2203 1599 2254 utrum
1626 2196 1933 2270 proposita
1952 2194 2165 2264 legalia

501 2294 803 2361 praecepta
846 2288 1158 2343 concilient
1198 2289 1379 2343 vitam
1426 2294 1711 2343 aeternam
1740 2288 1768 2341 ‘I
1812 2286 1917 2341 Cui
1967 2285 2162 2339 dicere

500 2391 847 2449 possumus,
880 2376 1044 2449 quod
1086 2377 1401 2432 conciliant
1440 2377 1707 2448 quidem,
1742 2381 1799 2429 at
1829 2388 1949 2429 non
1983 2373 2158 2428 talem

498 2466 739 2538 qualem
781 2466 1148 2535 evangelica.
1191 2469 1338 2521 Nam
1380 2466 1499 2520 vita
1539 2472 1761 2519 aeterna
1812 2462 2160 2534 accipienda

498 2560 585 2610 est
616 2554 814 2609 fruitio
844 2568 980 2626 qua:
1014 2559 1102 2609 est
1137 2555 1196 2609 in
1233 2554 1415 2618 cmlis,
1448 2570 1581 2626 qua:
1614 2552 1781 2609 varia
1810 2558 1896 2607 est
1926 2556 1981 2606 et
2010 2551 2159 2606 mul-

500 2643 723 2713 tiplex;
768 2642 968 2698 multae
1009 2642 1161 2699 enim
1194 2642 1359 2715 apud
1400 2644 1594 2698 solum
1624 2642 1809 2697 Deum
1850 2640 2157 2696 fruitiones

498 2736 660 2787 sunt.

564 2823 822 2877 Rursum
863 2822 1162 2877 dubitabit
1202 2821 1434 2893 aliquis,
1483 2826 1682 2877 utrum
1739 2837 1872 2876 vere
1925 2820 2163 2876 dicebat

496 2910 848 2966 adolescens
868 2912 895 2965 ?
922 2911 1228 2983 Siquidem
1256 2928 1393 2966 cum
1418 2910 1635 2967 multas
1658 2910 1901 2966 haberet
1928 2926 2163 2983 posses-

502 2999 721 3063 siones,
765 3001 1073 3071 quomodo
1112 3000 1395 3069 diligebat
1433 3000 1771 3072 proximum
1814 2999 1961 3055 sicut
2012 3000 2162 3071 seip-

497 3102 633 3143 sum
663 3090 691 3144 ?
726 3090 926 3143 Utrum
969 3090 1125 3143 enim
1160 3088 1464 3144 dividebat
1495 3089 1604 3144 has
1633 3105 1851 3161 parum
1884 3094 1986 3144 aut
2015 3087 2161 3144 nihil
2192 3084 2235 3141 Ο
2270 3110 2330 3163 ἂν

492 3176 850 3232 habentibus
876 3177 904 3231 ?
952 3177 1105 3243 Quid
1137 3194 1274 3248 ergo
1314 3178 1637 3233 dicendum
1668 3178 1806 3233 est?
1845 3179 2013 3244 Quod
2046 3178 2159 3233 hoc

493 3282 730 3338 quoque
762 3274 1127 3339 praeceptum
1160 3268 1580 3339 compleverat,
1624 3276 1921 3340 quatenus
1960 3269 2155 3339 ipsum

492 3357 777 3429 compleri
824 3363 963 3412 tunc
996 3359 1355 3429 permissum
1390 3363 1532 3414 erat.
1570 3357 1855 3427 Diligebat
1896 3374 2155 3430 namque

490 3446 833 3516 proximum
892 3446 1041 3501 sicut
1098 3447 1387 3517 seipsum,
1444 3447 1546 3500 sed
1596 3448 1767 3517 quasi
1822 3446 2051 3501 nullum
2101 3445 2155 3501 ei

492 3534 798 3587 inferendo
834 3540 1274 3598 nocumentum,
1306 3550 1425 3588 non
1457 3535 1629 3605 quasi
1662 3534 1986 3589 dividendo
2018 3551 2154 3590 suas

491 3636 626 3676 cum
653 3638 722 3675 eo
745 3622 1174 3691 possessiones.
1208 3626 1355 3676 Nam
1379 3623 1433 3675 id
1460 3621 1759 3677 excelsum
1786 3629 1870 3678 est
1896 3628 1951 3679 et
1974 3640 2155 3694 supra

490 3708 808 3764 Iudaicam
834 3710 893 3763 in
924 3710 1172 3765 humum
1204 3710 1661 3780 depressionem.

504 3928 507 3929 ν
560 3852 602 3921 -ι-
642 3854 778 3916 Qua:
845 3868 914 3906 eo
965 3857 1225 3923 tempore
1267 3854 1516 3908 maxime
1581 3858 1748 3909 erant
1795 3857 2150 3912 necessaria.

491 3941 745 3995 Caeterea
775 3940 1018 4012 quidem
1042 3942 1101 3997 in
1125 3957 1245 3996 una
1268 3942 1451 3997 Exodi
1480 3948 1645 4014 parte
1667 3948 1882 4000 statuta
1906 3951 2044 4001 sunt
2083 3949 2151 4007 ⁴².

489 4028 639 4083 Illud
697 4035 941 4085 autem:
1004 4030 1212 4102 Diliges
1267 4034 1609 4101 proximum
1672 4040 1839 4092 tuum
1896 4037 2042 4093 sicut
2100 4045 2153 4095 te

489 4118 702 4187 ipsum,
734 4119 794 4173 in
825 4120 944 4175 alia
977 4136 990 4186 ;
1045 4125 1102 4175 et
1144 4121 1461 4176 manifeste
1495 4122 1575 4178 ita
1604 4122 1861 4181 habetur
1904 4126 1964 4181 in
1999 4129 2153 4183 Levi-

489 4208 603 4263 tico
636 4210 704 4261 ‘3.
732 4209 1069 4281 Assumpsit
1098 4214 1299 4266 autem
1331 4216 1384 4266 et
1413 4212 1528 4267 hoc
1572 4218 1854 4286 tanquam
1887 4218 2150 4273 maxime

488 4312 915 4356 necessarium.

562 4390 723 4444 Vers.
768 4390 854 4443 20.
900 4390 1055 4457 Quid
1089 4390 1279 4445 adhuc
1318 4390 1467 4445 mihi
1504 4392 1661 4447 deest
1694 4394 1722 4446 ?
1756 4392 1909 4460 Quid
1950 4395 2147 4451 adhuc

487 4478 703 4534 habere
738 4496 832 4534 me
872 4486 1101 4549 oportet
1129 4496 1245 4551 quo
1286 4496 1459 4535 careo
1490 4481 1516 4537 ?
1548 4482 1667 4536 Hoc
1710 4488 1909 4538 autem
1945 4485 2147 4541 dicens

487 4568 911 4623 manifestabat
942 4569 1103 4640 quod
1138 4570 1423 4640 majorem
1466 4570 1845 4628 desiderabat
1870 4576 2137 4633 vitutem.

484 4655 622 4709 Ideo
666 4672 929 4729 quoque,
973 4664 1032 4714 ut
1076 4661 1155 4714 ait
1200 4662 1441 4725 Marcus,
1486 4660 1735 4715 intuitus
1775 4663 1949 4720 illum
1981 4666 2143 4722 Jesus

484 4740 694 4799 dilexit
731 4762 853 4801 eum
883 4752 935 4801 et
972 4747 1121 4802 dixit
1165 4748 1259 4804 ei:
1300 4750 1493 4806 Unum
1536 4751 1638 4806 tibi
1674 4752 1819 4809 deest
1860 4755 1928 4811 “.
1964 4756 2147 4812 Lucas

558 4924 604 4958 ⁸³
632 4922 802 4979 Exod
826 4940 925 4989 xx,
960 4924 1047 4980 12.
1078 4926 1121 4960 ⁸³
1151 4926 1329 4983 Levit.
1358 4942 1484 4994 xtx,
1518 4931 1605 4987 18.
1636 4932 1683 4966 ⁴⁴
1716 4934 1888 4990 Marc.
1922 4951 1977 4997 ι,
2010 4939 2099 4992 2t.

1868 264 2141 321 EUTHYR

2270 262 2575 321 ΞΙΟΑΒΕΝῘ
3718 266 3801 325 ὅ24

2354 390 2412 443 Ὀ
2457 389 2515 444 δὲ
2572 394 2783 455 Ἰησοῦς
2828 423 2893 433 -
2943 396 3181 454 νεότητός
3235 411 3349 463 μου.
3417 394 3513 455 Τὰς
3574 392 3800 464 κεφαλαιω-

2288 478 2531 555 δεστέρας
2620 482 2759 553 αὐτῷ
2843 487 3095 555 προτείνει
3182 490 3275 533 τῶν
3345 490 3549 552 νομικῶν
3636 482 3799 534 ἐντολῶν

2286 570 2642 642 οἰκονομικῶς,
2697 572 2805 643 οἶμα
2866 576 2957 642 μὲν
3031 579 3191 642 τιμῶν
3248 570 3401 632 αὐτὰς
3461 571 3560 642 ἅμα
3611 568 3660 622 δε
3716 578 3797 633 καὶ,

2284 663 2367 711 ἵνα
2415 662 2644 721 εἰπόντος
2695 661 2874 725 αὐτοῦ,
2928 662 3007 712 ὅτι
3076 662 3401 733 Κατωρθωσα
3448 662 3622 720 ταύτας
3664 659 3797 732 [τοῦτο

2282 749 2379 819 γὰρ
2436 745 2589 805 δηλοῖ
2654 753 2730 814 τὸ,
2783 749 3165 821 Ἐφυλαξάμην,
3217 754 3303 800 καὶ
3370 751 3444 801 ὃτι
3494 748 3542 799 ἐκ
3591 754 3794 808 νεότητος·

2283 834 2528 907 ἐγίνωσκε
2590 841 2711 910 γὰρ,
2769 844 2858 891 καὶ
2915 840 2994 891 ὅτι
3067 836 3199 889 οὕτω
3270 838 3557 911 κατώρθωκε
3626 837 3795 910 ταύτας]

2282 930 2370 977 καὶ
2424 926 2504 978 ὅτι
2560 927 2717 986 οὕτως
2770 926 3202 1001 ἀποκριθήσεται,
3270 928 3522 1000 γνωρισθῇ
3591 926 3689 998 (96)

2281 1022 2391 1076 τοῖς
2448 1013 2792 1090 ἀκροωμένοις
2851 1018 2881 1074 ἡ
2943 1016 3211 1089 φιλείρετος
3254 1015 3410 1068 αὑτοῦ
3453 1014 3674 1067 πολιτεία·
3717 1023 3798 1067 εἶτα

2563 1109 2688 1178 μίαν
2767 1106 2907 1175 αὐτῷ
3002 1110 3271 1178 προτείνας
3362 1113 3455 1158 τῶν
3525 1104 3796 1175 nia-nilum

2592 1200 2723 1266 φημὶ
2799 1193 2889 1260 δὴ,
2962 1199 3055 1252 τὴν
3116 1194 3401 1251 ἀπόκτησιν
3450 1202 3535 1245 τοῦ
3606 1193 3793 1253 πλούτου,

2281 1104 2479 1171 λοιπὸν,

2282 1190 2510 1258 ἐντολῶν,

2278 1282 2401 1354 ῥᾷον
2454 1282 2573 1354 (97)
2622 1283 2798 1356 ἐλέγξῃ
2889 1284 3226 1356 φιλάργυρον,
3285 1288 3373 1336 καὶ
3440 1283 3583 1342 οὕτως
3638 1282 3797 1355 εὐαγορ-

2280 1390 2383 1441 μως
2427 1377 2513 1423 καὶ
2566 1370 2787 1443 ἐναργῶς
2854 1370 3103 1445 ὑποδείξῃ
3164 1378 3256 1430 τὴν
3315 1372 3625 1444 φιλαργυρίαν
3672 1374 3795 1428 πάσας

2278 1459 2651 1531 λυμαινομένην
2702 1466 2789 1521 τὰς
2847 1461 3048 1534 ἀρετὰς,
3104 1468 3195 1514 καὶ
3243 1462 3439 1528 λοιπὸν,
3484 1466 3690 1533 φανείσης
3730 1469 3796 1519 τῆς

2280 1548 2502 1603 ἐντεῦθεν
2560 1552 2775 1623 ζημίας,
2833 1556 3047 1623 φευκτὸν
3093 1557 3307 1623 γένηται
3358 1553 3464 1621 (98)
3514 1554 3566 1602 τὸ
3621 1559 3795 1602 τοιοῦτον

2280 1641 2463 1701 πάθος.

2356 1760 2452 1807 Καὶ
2501 1753 2646 1808 διατι
2702 1762 2773 1830 μὴ
2835 1762 3115 1832 προέτεινεν
3166 1758 3307 1827 αὑτῴ
3365 1762 3451 1809 καὶ
3513 1760 3588 1813 τὴν
3631 1762 3790 1825 πρώτην

2279 1849 2368 1895 καὶ
2441 1846 2668 1917 μεγάλην
2748 1846 2973 1915 ἐντολὴν,
3028 1850 3085 1898 τὸ
3140 1848 3464 1918 Ἀγαπήσεις
3539 1848 3689 1918 Κύριον
3728 1846 3791 1894 τὸν

2279 1937 2398 1985 Θεόν
2458 1954 2551 1987 σου
2589 1940 2769 2000 ;Διότι
2828 1938 2895 1988 τὰ
2950 1938 3039 2009 μὲν
3097 1935 3224 1987 ἄλλα
3281 1938 3461 1987 τούτου
3489 1936 3792 2005 κατορθώματα

2276 2028 2600 2097 κεκρυμμένα
2648 2022 2801 2082 ἦσαν·
2857 2026 2886 2083 ἠ
2950 2024 3213 2078 θεοσέϐεια
3270 2022 3330 2077 δε
3377 2024 3525 2077 αὐτοῦ
3576 2028 3663 2082 τοῖς
3696 2026 3792 2072 πᾶσι

2274 2118 2527 2186 γνώριμος
2545 2116 2843 2185 ἐτύγχανεν.

2350 2201 2655 2275 Ἀπορήσειε
2702 2199 2750 2255 δ’
2802 2201 2863 2254 ἆν
2913 2222 3017 2267 τις,
3065 2202 3109 2255 εἰ
3162 2205 3217 2255 αἱ
3273 2204 3595 2276 προταθείσαι
3637 2203 3788 2269 νομικοὶ

2272 2289 2468 2342 ἐντολαὶ
2525 2291 2823 2363 προεξένουν
2883 2293 3015 2352 ζωὴν
3094 2292 3300 2344 αἰώνιον
3362 2309 3375 2358 ;
3456 2294 3577 2365 Πρὸς
3633 2291 3675 2340 ὃν
3737 2288 3788 2337 εί-

2270 2398 2423 2451 ποιμι
2488 2382 2570 2447 οἶν,
2640 2383 2720 2433 ὃτι
2781 2382 3079 2455 προεξένονν
3154 2385 3269 2453 μὲν,
3328 2381 3429 2434 ἀλλ’
3482 2380 3535 2432 οὐ
3588 2379 3787 2437 totum,

2270 2472 2380 2521 οἰαν
2450 2472 2505 2522 αἱ
2578 2469 2929 2543 εὖαγγελικαί.
2988 2474 3134 2528 Ζωὴν
3210 2476 3317 2547 γὰρ
3374 2471 3563 2523 αἰώνιον
3625 2472 3697 2524 τήν
3754 2463 3787 2514 έν

2270 2559 2505 2631 οὐρανοῖς
2559 2558 2849 2614 ἀπόλαυσιν
2919 2560 3263 2626 ὑποληπτέον,
3321 2563 3432 2622 ἣτις
3486 2556 3662 2613 ποικίλη
3725 2557 3786 2603 καὶ

2268 2646 2551 2711 πολυειδὴς
2595 2647 2726 2705 ἐστί.
2799 2649 2992 2703 Πολλαὶ
3066 2652 3164 2723 γὰρ
3223 2655 3384 2722 μοναὶ
3442 2648 3543 2720 (99)
3584 2645 3698 2719 παρά
3734 2648 3783 2708 τῷ

2270 2746 2404 2808 Θεῷ.

2341 2844 2689 2918 Ἐπαπορήσει
2745 2841 2805 2897 δι
2859 2865 2959 2911 τις,
3037 2845 3082 2897 εἰ
3154 2844 3361 2906 ἀληθῶς
3406 2844 3549 2915 ἔλεγεν
3599 2842 3620 2891 ὁ
3664 2842 3787 2889 νεανί-

2273 2952 2433 3005 σκος;
2486 2932 2661 3005 ’Ἐχων
2709 2938 2811 3009 *γὰρ
2858 2940 3102 3007 κτήματα
3155 2935 3344 3005 πολλὰ,
3399 2936 3548 2993 καθὼς
3597 2925 3781 2985 δηλωθήο

2273 3041 2437 3089 σεται,
2490 3032 2595 3084 πῶς
2642 3024 2825 3096 ἠγάπα
2870 3026 2956 3077 τὸν
2982 3024 3228 3092 πλησίον,
3259 3028 3328 3087 ὡς
3382 3023 3576 3085 ἕαντόνζ
3615 3017 3673 3069 Ἢ
3707 3014 3782 3086 γὰρ

2387 3112 2663 3187 ἐμερίσατο
2704 3122 2869 3167 ταῦτα
2935 3118 3065 3187 πρὸς
3137 3117 3264 3176 τοὺς
3323 3113 3487 3185 ὀλίγα,
3538 3111 3564 3169 ἦ
3616 3101 3785 3159 exitiale;

2268 3204 2482 3272 ἔχοντας
2517 3220 2529 3270 ;
2570 3208 2633 3256 Τί
2680 3198 2767 3255 οὖν
2820 3206 2959 3255 ἔστιν
3007 3205 3208 3269 simi»;
3252 3202 3371 3256 Ὀτι
3420 3200 3687 3275 κατώρθωσε
3720 3193 3783 3243 καὶ

2266 3295 2460 3350 ταύτην
2524 3298 2612 3349 τὴν
2684 3291 2907 3360 ἐντολὴν,
2960 3296 3028 3355 ὡς
3090 3292 3337 3368 ἐνεχώρει
3403 3297 3509 3344 τότε
3573 3285 3784 3357 κατορθοῦν

2266 3380 2447 3439 αὐτήν.
2513 3383 2725 3453 Ἢγοίπα
2782 3385 2871 3455 μεν
2944 3384 3045 3454 γὰρ
3112 3386 3197 3434 τὸν
3255 3383 3493 3447 πλησίον,
3552 3380 3610 3437 ὡς
3654 3374 3781 3426 ἑαυτὸν

2266 3468 2373 3521 ἀλλ’
2444 3472 2579 3523 ὥστε
2653 3468 2819 3542 μηδὲν
2869 3470 3120 3544 βλαϐερὸν
3198 3472 3345 3543 αὐτῷ
3402 3468 3703 3531 ἕνδείξασθαι,
3746 3460 3784 3509 6‘3

2263 3564 2366 3631 μὴν
2397 3559 2531 3613 ὥστε
2560 3564 2648 3613 καὶ
2676 3564 3105 3637 συμμερίσασθαι
3136 3561 3280 3633 αὐτῷ
3327 3565 3414 3613 τὸν
3454 3555 3577 3611 ἴδιον
3606 3554 3781 3607 πλοῦτον.

2263 3655 2425 3702 Τοῦτο
2478 3654 2576 3721 γὰο
2632 3650 2856 3721 ὑψηλὸν,
2897 3656 2985 3704 καὶ
3025 3659 3114 3711 τῆς
3161 3648 3462 3711 Ἰουδαίκῆς
3500 3640 3783 3720 χαμαίζηλίαξ

2266 3737 2529 3812 ἀνώτερον.

2339 3847 2452 3917 [Ὧν
2504 3847 2579 3918 (1)
2640 3847 2751 3919 εἶχε
2796 3852 2980 3922 χρείαν
3037 3848 3229 3921 μᾶλλον
3292 3850 3318 3899 ὁ
3380 3852 3491 3900 τότε
3539 3846 3699 3915 καιρός·
3738 3834 3778 3885 At

2261 3939 2350 4008 μὲν
2402 3934 2487 3988 οὖν
2540 3936 2689 3987 ἄλλᾶι
2746 3938 2863 3989 καθ’
2916 3939 2964 3990 ἓν
3013 3942 3162 4012 μέρος
3211 3937 3259 3989 ἐν
3326 3945 3388 4003 τῇ
3452 3931 3597 4003 ἐξόδῳ
3638 3942 3773 3995 VM?”

2265 4022 2522 4083 θέτηνται·
2600 4029 2657 4076 τὸ
2748 4022 2825 4095 δὲ,
2908 4025 3230 4097 Ἀγαπήσεις
3312 4031 3397 4079 τὸν
3470 4025 3661 4081 πλησίον
3716 4032 3773 4065 σου

2261 4116 2325 4174 ὡς
2391 4118 2622 4179 σεαυτὸν,
2685 4116 2803 4167 καθ’
2860 4118 3045 4189 ἕτερον,
3116 4122 3206 4168 καὶ
3284 4125 3505 4188 φανερῶς
3575 4111 3691 4164 οὕτως
3740 4118 3771 4148 τί

2769 4204 3027 4280 Παρέλαϐε

2259 4212 2329 4274 τῷ
2409 4210 2687 4275 Λευιτικῶ.
2769 4206 3027 4279 Παρέλοιϐε
3253 4212 3344 4257 καὶ
3435 4212 3573 4257 τοῦτο
3616 4206 3697 4257 νῦν,
3735 4209 3776 4245 ως
3848 4258 3849 4279 γ

2256 4290 2724 4367 χρειωδέστατον]

2326 4405 2388 4452 Τί
2449 4403 2523 4452 ἔτι
2583 4402 2830 4473 ὑστερῶ;
2879 4407 2940 4453 Τί
3005 4401 3297 4474 λείπομαι;
3359 4409 3518 4455 Τοῦτο
3567 4393 3615 4449 δὲ
3659 4392 3779 4449 εἰπὼν,

2256 4488 2500 4561 ἐνέφηνεν,
2556 4492 2635 4541 ὅτι
2684 4492 2915 4562 μείζονος
2960 4491 3155 4562 ἐφίεται
3214 4490 3431 4565 ἀρετῆς,
3493 4492 3570 4541 Διὸ
3614 4488 3698 4545 καὶ,
3738 4492 3779 4527 re:

2257 4599 2384 4651 φησι
2459 4582 2690 4652 Μάρκος,
2761 4579 2817 4632 Ὀ
2888 4580 3094 4642 Ἰησοῦς
3172 4581 3431 4653 ἐμϐλέψας
3506 4578 3627 4644 αὐτῷ
3692 4568 3833 4653 έ7²’ξ

2255 4688 2419 4725 πησεν
2492 4669 2671 4732 αὐτὸν,
2748 4674 2836 4721 καὶ
2906 4666 3039 4721 εἶπεν
3114 4670 3277 4740 αὐτῷ·
3331 4670 3415 4724 ’Ἐν
3478 4687 3557 4720 σοι
3615 4660 3777 4727 ὑστερεῖς

2261 4762 2465 4820 Λουκᾶς
2521 4755 2579 4811 δὲ
2630 4765 2781 4826 εἶπεν,
2829 4758 2909 4811 ὃτι
2954 4757 3046 4813 Ἐν
3109 4778 3193 4811 σοι
3241 4760 3424 4813 λείπει.
3474 4744 3778 4821 Ἐνέελεψίξιέν

1713 5135 1937 5206 ναι-ἰῶ
1967 5139 2298 5209 lectiones
2320 5149 2387 5209 et
2419 5150 2622 5209 notae.

576 5352 667 5411 96)
697 5351 931 5408 Inclusa
954 5353 1173 5409 absunt
1202 5356 1270 5411 Α.

697 5352 931 5408 Inclusa
954 5353 1173 5409 absunt
1202 5356 1270 5411 A.

560 5424 639 5503 A97
695 5424 983 5503 Impedita
1010 5430 1095 5503 est
1125 5428 1505 5503 constructio,
1538 5432 1703 5503 quod
1736 5432 1923 5489 multa
1950 5434 2143 5489 incola

480 5500 806 5574 catansunt,
834 5499 1099 5574 Γνωρισθῇ
1135 5498 1356 5574 pendet
1384 5515 1453 5554 ex
1481 5498 1769 5574 superiori
1796 5506 1896 5560 ἵνα.

574 5570 642 5622 98
690 5565 815 5618 Ἀπὸ
840 5565 1016 5619 κοινοῦ
1045 5565 1105 5620 τὸ
1134 5565 1240 5627 ἵνα,

549 5567 665 5709 itm;
691 5636 945 5709 Respicit
968 5641 1138 5698 Joau.
1168 5658 1240 5697 xv

571 5636 662 5709 99)
691 5636 945 5712 Respicit
968 5641 1138 5698 Joau.
1168 5658 1262 5709 xv,
1296 5641 1346 5696 2.
1376 5643 1711 5702 Mansiones
1736 5646 1900 5703 haud
1930 5648 2133 5715 dubie,

2248 5380 2371 5420 non
2404 5363 2736 5433 fruitiones,
2776 5365 2967 5421 voluit
2997 5365 3256 5421 scribere
3289 5362 3616 5421 Hentenius.

2322 5437 2400 5507 (t)
2430 5435 2564 5491 Haec
2588 5426 2871 5507 leguntur
2902 5437 2961 5492 in
2983 5437 3254 5507 margine
3280 5434 3559 5507 codicisB
3583 5426 3777 5507 referutl:

2248 5495 2456 5583 tufq'u?
2487 5508 2565 5583 βά
2605 5495 2967 5583 Ῡὸοὲβμιιιω
3003 5495 3526 5583 κεφαῖαιωδεστίραςι
3569 5495 3704 5576 qua}
3736 5495 3774 5544 ω

2247 5579 2548 5651 principio
2569 5579 2779 5636 scholii
2799 5580 3037 5651 legitur.

2319 5649 2400 5723 (2)
2432 5654 2511 5716 Δέ,
2543 5649 2895 5708 addendum
2927 5650 3181 5709 videtur.
