3906 6202
137 241 233 297 5'25
1093 244 1467 303 COMMENT.
1510 245 1577 299 IN
1620 239 2070 298 MATTHASUM.
2110 271 2178 282 -—
2211 243 2375 300 CAP.
2417 244 2562 302 XIX.

3394 256 3504 311 526

144 372 236 442 γὰρ
262 367 401 437 αὐτῷ
430 371 636 441 ἔφερον
663 370 909 440 ἠγάπησε
938 367 997 422 δὲ
1024 369 1198 441 αὐτὸν,
1235 375 1304 433 ὡς
1333 367 1542 445 σφόδρα
1567 388 1731 426 σωτη-

1912 369 2044 423 item
2069 365 2219 423 dixit
2243 385 2259 424 :
2295 369 2482 425 Uuum
2503 369 2611 426 tibi
2625 370 2816 439 deﬁcit
2837 371 2907 430 “.
2934 373 3187 431 lntuitus
3201 375 3500 449 siquidem

147 463 258 531 ρίας
299 457 614 530 ὀρεγόμενον,
656 459 701 511 εἰ
729 464 818 511 καὶ
857 467 918 530 τῇ
948 457 1223 533 τυραννίδι
1261 469 1356 522 τῆς
1395 460 1735 534 φιλαργυρίας

149 543 441 604 ἐπεπέδητο.
463 552 524 600 Τί
547 544 607 600 δέ
633 547 745 600 ἐστι
772 553 828 602 τό
851 549 1022 602 λεῖπον
1051 567 1064 616 ;
1092 553 1161 603 Τὸ
1194 549 1550 608 ἀκολουθῆσαι
1572 550 1729 620 αὐτῷ.

146 641 232 688 Καὶ
253 637 430 691 imus.

190 810 330 884 Ἔφη
403 843 476 851 -
531 807 802 862 ἀκολούθει
875 829 984 882 μοι.
1043 811 1183 865 Ἐπεὶ
1261 815 1325 866 τὰ
1403 813 1731 886 ὑπάρχοντα,

135 906 414 965 τουτέστιν,
485 901 510 952 ὁ
567 899 800 968 πλοῦτος,
875 897 1122 972 ἐμπόδιον
1188 898 1321 962 ἦσαν
1363 910 1455 956 τοῦ
1512 901 1732 955 ἀκολου-

141 994 307 1060 θῆσαι,
340 990 542 1043 κελεύει
585 997 752 1042 ταῦτα
802 989 1065 1057 πωλῆσαι,
1115 997 1204 1044 καὶ
1250 990 1432 1046 δοῦναι
1475 1000 1732 1064 πτωχοῖς.

145 1087 287 1137 Φησὶν
330 1077 447 1146 οὖν,
505 1079 563 1132 Εἰ
615 1079 776 1142 θέλεις
809 1079 992 1140 τελειος
1047 1077 1194 1134 εἶναι.
1262 1087 1361 1135 Καὶ
1402 1085 1503 1156 γὰρ
1543 1081 1734 1148 ἀτελεῖς

148 1174 184 1222 οἱ
211 1174 299 1234 τὰς
350 1169 573 1241 νομικὰς
641 1171 1008 1241 κατορθοῦντες
1054 1169 1279 1237 ἐντολὰς,
1346 1171 1452 1226 ἐπεὶ
1506 1178 1596 1225 καὶ
1643 1173 1734 1224 αὗ-

146 1281 220 1312 ται
297 1259 504 1324 ἀτελεῖς,
586 1256 679 1312 διὰ
745 1264 838 1317 τὴν
919 1259 1182 1328 ἀσθένειαν
1267 1270 1366 1313 τῶν
1437 1259 1728 1316 Ἰουδαίων.

140 1350 294 1412 Ἐξεις
369 1347 426 1402 δὲ
510 1352 798 1423 θησαυρόν,
890 1346 1016 1418 εἷπε,
1097 1353 1558 1424 παραμυθούμενος
1638 1356 1730 1410 τὴν

133 1439 555 1510 φιλοχρηματίαν
657 1437 842 1504 αὐτοῦ,
938 1443 1028 1491 καὶ
1117 1439 1572 1511 ἐπαγγελλόμενος,
1652 1443 1732 1494 ὅτι

131 1529 445 1602 θησαυρίσει
514 1526 691 1584 πάλιν.
757 1532 856 1580 Καὶ
916 1528 974 1579 οῦ
1044 1535 1194 1580 τοῦτο
1233 1533 1406 1600 μόνον,
1467 1529 1594 1582 ἀλλὰ
1641 1536 1732 1584 καὶ

126 1625 372 1686 κρεῖττον·
453 1616 502 1669 ἐν
549 1617 748 1691 οὖρανῲ
799 1619 923 1689 γάρ.
982 1621 1263 1692 Θησαυρὸν
1319 1615 1380 1670 δε
1426 1617 1474 1670 ἑν
1531 1619 1732 1692 οὐρανῷ

123 1706 248 1779 1&7“
320 1711 420 1766 τήν

126 1806 211 1848 τῶν
270 1798 725 1871 κατορθωμάτων.
802 1799 872 1848 Τό
935 1793 994 1849 δὲ
1050 1804 1228 1872 Δεῦρο,
1297 1796 1564 1851 ἀκολούθει
1620 1819 1731 1871 μοι,

128 1884 227 1937 ἀντὶ
276 1894 403 1951 τοῦ,
466 1882 664 1945 Βάόιζε
716 1886 830 1937 κατ’
882 1889 1032 1957 ἴχνος
1097 1895 1186 1947 τῆς
1251 1887 1382 1958 ἐμῆς
1450 1887 1730 1956 πολιτείας,

125 1975 396 2027 ἀκολούθει
456 1981 576 2036 ταῖς
605 1975 748 2046 ἐμαῖς
804 1973 1042 2037 ἐντολαῖς.
1092 1982 1256 2030 Τοῦτο
1288 1979 1391 2052 γάρ
1437 1996 1520 2030 σοι
1548 1977 1730 2048 λείπει,

123 2069 178 2116 τὰ
197 2066 410 2136 νομικά
448 2084 548 2115 κατ
562 2068 864 2134 υμθὼσαντι.

182 2242 459 2302 Ἀκούσας
511 2272 583 2280 -
641 2243 885 2313 κτήματά
924 2241 1087 2294 πολλοί
1122 2258 1133 2271 ’
1161 2242 1322 2297 Ὀσον
1393 2241 1505 2316 εἶχε
1547 2243 1728 2310 πολλὰ,

120 2341 370 2385 τοσοῦτον
420 2331 608 2392 αὖτοίς
649 2327 986 2385 ἐδεδούλωτο.
1037 2332 1144 2386 Καὶ
1203 2334 1305 2406 γὰρ
1363 2335 1392 2391 ἡ
1452 2335 1730 2408 προσθήκη

120 2428 198 2472 τοῦ
251 2421 499 2473 πλούτου
593 2423 902 2493 προσθήκην
986 2427 1124 2473 ποιεῖ
1191 2429 1284 2485 τῆς
1373 2421 1733 2496 φιλαργυρίας.

117 2511 325 2582 Γέγονεν
390 2506 484 2562 οὖν
542 2509 691 2562 αἰτία
735 2518 830 2573 τῆς
884 2510 1050 2573 λύπης
1106 2515 1196 2563 καὶ
1250 2518 1346 2572 τῆς
1397 2510 1653 2574 ἀπειθείας
1699 2515 1734 2573 ἡ

119 2601 356 2656 πολυκτη
364 2601 570 2672 μοσύνη
579 2641 593 2653 .

183 2689 248 2741 Ὀ
312 2686 374 2740 ὄε
428 2720 496 2728 -
554 2687 805 2760 οὐρανῶν.
881 2689 941 2741 Εἰ
993 2685 1054 2742 δὲ
1116 2688 1362 2752 πλούσιος
1441 2687 1732 2762 δυσκόλως,

122 2778 432 2840 πλεονέκτης
461 2775 586 2830 οὐδ’
640 2778 761 2839 ὅλως
793 2797 806 2809 ·
841 2778 884 2830 εὶ
909 2780 1010 2854 γὰρ
1057 2780 1083 2831 ό
1112 2783 1184 2851 μὴ
1236 2776 1426 2844 διδοὺς
1461 2784 1528 2833 τὰ
1552 2780 1734 2834 ἑαυτοῦ

113 2874 513 2943 κατακρίνεται,
597 2867 767 2938 πολλῷ
857 2867 1067 2939 μᾶλλον,
1153 2870 1179 2920 ό
1258 2873 1347 2922 καὶ
1423 2871 1487 2923 τὰ
1555 2870 1735 2943 ἑτέρων

116 2957 396 3032 ἁρπάζων.

1840 460 1928 511 est
1959 455 2125 512 illum
2180 463 2564 516 mansuetum
2600 477 2614 528 ;
2665 460 2866 517 dilexit
2913 467 3117 520 autem
3160 482 3300 523 cum
3325 468 3504 541 quasi

1841 544 2221 602 vehementer
2260 548 2511 604 salutem
2543 554 2947 622 appetentem,
2989 569 3341 626 quanquam
3368 573 3504 614 ava-

1842 633 1988 690 ritiae
2005 636 2320 706 tyrannide
2335 639 2837 712 prtepediebatur.
2856 641 3009 706 Quid
3026 646 3324 716 est-autem
3334 647 3502 719 quod

1841 723 2039 780 deﬁcit
2074 725 2102 780 ‘I
2129 728 2196 782 Ut
2220 732 2506 800 sequatur
2531 743 2690 784 eum.
2715 729 2870 784 Audi
2899 746 3064 802 ergo.

1912 814 2071 868 Vers.
2098 818 2187 870 21.
2219 815 2320 872 Ait
2346 847 2415 856 —
2444 833 2676 888 sequere
2720 834 2828 875 me.
2885 820 3036 884 Quia
3089 837 3160 878 ea
3211 839 3347 896 quae
3395 824 3502 881 ha-

1840 900 2040 964 bebat.
2073 903 2133 957 id
2184 907 2290 969 est,
2360 905 2577 961 divitiae
2622 906 3054 978 impedimento
3081 917 3247 968 erant
3287 929 3362 970 ne
3415 929 3503 970 se-

1841 994 2136 1062 queretur,
2182 992 2347 1063 jubet
2402 994 2528 1050 hmc
2577 995 2766 1061 vendi,
2815 997 3068 1070 darique
3114 1001 3502 1072 pauperibus.

1843 1079 1990 1135 Dicit
2019 1095 2160 1151 ergo
2195 1098 2206 1136 :
2236 1084 2297 1138 Si
2334 1083 2417 1140 υίε
2457 1085 2763 1154 perfectus
2788 1101 2942 1152 esse;
2983 1087 3308 1159 imperfecti
3346 1090 3503 1147 enim

1841 1173 2000 1237 sunt,
2026 1169 2132 1242 qui
2161 1171 2290 1228 sola
2317 1171 2534 1244 legalia
2559 1173 2864 1247 complent
2907 1181 3224 1250 praecepta,
3277 1179 3423 1251 quia
3445 1181 3505 1235 et

1839 1256 1970 1328 ipsa
1994 1258 2344 1329 imperfecta
2373 1266 2541 1318 erant
2564 1268 2808 1336 propter
2829 1265 3172 1322 Iudaeorum
3199 1267 3504 1324 imbecilli-

1839 1350 2039 1402 tatem.
2063 1349 2319 1406 Habebis
2343 1357 2538 1407 autem
2572 1352 2941 1422 thesaurum,
2999 1355 3146 1411 dixit
3175 1356 3502 1414 consolans

1839 1436 1970 1508 ejus
1995 1437 2330 1510 avaritiam,
2391 1455 2458 1495 ac
2511 1440 2868 1510 promittens
2916 1443 3081 1514 quod
3118 1444 3332 1500 iterum
3386 1445 3504 1501 the-

1841 1540 2088 1582 saurum
2104 1527 2454 1585 reconderet
2483 1547 2495 1588 :
2528 1545 2640 1585 nec
2667 1528 2731 1584 id
2762 1534 3018 1598 tantum,
3044 1532 3149 1588 sed
3177 1536 3231 1589 et
3259 1533 3496 1600 melius,

1841 1613 1985 1685 quia
2005 1615 2065 1670 in
2098 1615 2268 1675 coelo.
2303 1619 2482 1674 Vocat
2511 1622 2700 1674 autem
2746 1619 3095 1677 thesaurum
3127 1621 3187 1676 in
3214 1621 3368 1678 coelo
3396 1622 3503 1679 bo-

515 1705 854 1778 ἀποκειμένην
921 1705 1024 1758 ἐκεῖ
1093 1715 1203 1767 τοῖς
1275 1706 1439 1770 ἀξίοις
1509 1707 1731 1781 ἀμοιϐὴν

1912 1718 2056 1758 trum
2088 1704 2538 1762 retributionem
2573 1721 2838 1779 operum,
2867 1724 3004 1780 quae
3037 1709 3121 1766 ibi
3165 1710 3264 1766 his
3284 1710 3389 1783 qui
3416 1711 3502 1767 di-

1843 1792 1944 1861 gni
1974 1791 2204 1861 fuerint,
2245 1795 2512 1866 reposita
2542 1801 2700 1854 sunt.
2720 1797 2893 1863 Quod
2924 1802 3124 1856 autem
3151 1799 3316 1855 addit
3349 1817 3363 1856 :
3402 1801 3500 1856 Ve-

1843 1881 1926 1946 m’,
1957 1897 2183 1952 sequere
2210 1899 2321 1950 me,
2355 1885 2732 1942 tantumdem
2755 1893 2842 1942 est
2863 1903 2933 1944 ac
2957 1888 3176 1958 sijdicat
3206 1889 3502 1946 :Gradere

1837 1968 2012 2040 juxta
2056 1971 2308 2042 vestigia
2336 1989 2488 2029 meae
2539 1975 3033 2045 conversationis,
3071 1991 3321 2048 sequere
3363 1992 3505 2034 mea

1841 2064 2160 2132 praecepta,
2187 2060 2303 2118 hoc
2331 2062 2496 2119 enim
2547 2062 2656 2119 tibi
2679 2064 2892 2133 deﬁcit,
2927 2065 3032 2137 qui
3063 2064 3282 2136 legalis
3313 2065 3504 2122 adim-

1842 2147 2039 2220 plesti.
2310 2202 2315 2214 ,

1913 2238 2082 2294 Vers.
2126 2241 2216 2295 22.
2264 2239 2483 2296 Audito
2533 2271 2603 2282 -——
2645 2245 2864 2300 multas
2929 2243 3327 2312 possessiones.
3373 2245 3503 2310 Quo

1842 2327 2016 2399 plura
2066 2327 2344 2398 habebat,
2391 2345 2463 2386 eo
2493 2332 2684 2403 magis
2730 2349 2938 2389 servus
2989 2349 3201 2390 eorum
3258 2332 3501 2390 effectus

1843 2423 1970 2474 erat
1996 2437 2010 2487 ;
2037 2417 2264 2475 additio
2287 2419 2584 2492 siquidem
2615 2421 2960 2480 divitiarum
3015 2423 3382 2480 additionem
3417 2423 3505 2479 ta-

1844 2507 1921 2563 cit
1943 2507 2220 2564 avaritiae.
2246 2508 2561 2580 Opulentia
2590 2511 2791 2583 itaque
2816 2527 2999 2568 causa
3029 2511 3140 2568 fuit
3163 2511 3409 2568 tristitiae
3441 2515 3499 2568 et

1846 2596 2276 2653 incredulitatis
2289 2640 2304 2654 .

1916 2688 2082 2743 Vers.
2115 2687 2204 2742 23.
2235 2688 2397 2744 At—
2419 2688 2892 2754 crelorumﬂuod
2909 2689 2953 2744 si
2977 2689 3140 2744 dives
3165 2689 3498 2759 difﬁculter,

1845 2791 2064 2832 avarus
2097 2775 2258 2832 nullo
2283 2776 2481 2832 modo.
2518 2776 2577 2833 Si
2602 2776 2766 2833 enim
2792 2776 3226 2834 condemnatur
3250 2777 3353 2850 qui
3379 2792 3503 2834 non

1847 2869 1953 2928 dat
1975 2881 2105 2938 quae
2127 2881 2241 2922 sua
2279 2869 2436 2932 sunt,
2461 2863 2650 2921 multo
2681 2865 2938 2938 amplius
2963 2866 3067 2938 qui
3088 2866 3242 2939 rapit
3267 2866 3492 2927 aliena.

179 3047 357 3100 Πάλιν
405 3076 478 3087 —
526 3043 791 3100 εἰσελθεῖν.
845 3045 1016 3098 Εἰπὼν
1060 3049 1119 3098 τὸ
1179 3053 1396 3121 πρᾶγμα
1452 3045 1730 3116 δύσκολον,

1915 3046 2072 3099 Vers.
2105 3047 2194 3100 24.
2246 3047 2566 3102 Ηωέαε-
2613 3046 2852 3101 intrare.
2909 3047 3056 3102 Cum
3100 3060 3226 3102 rem
3256 3045 3508 3103 dixisset

111 3139 282 3189 ἔπειτα
332 3136 480 3206 λέγει
550 3141 704 3186 τοῦτο
758 3137 848 3186 κᾶὶ
919 3131 1196 3202 ἀδύνατον,
1256 3141 1346 3189 καὶ
1398 3138 1504 3210 οὐχ
1561 3138 1733 3202 ἁπλῶς

110 3221 401 3292 iamne,
472 3223 605 3276 ἀλλὰ
651 3229 740 3276 καὶ
813 3231 904 3277 τοῦ
977 3221 1238 3279 ἀδυνάτου
1310 3223 1724 3302 ἀδυνατώτερον,

109 3312 408 3368 Ἀδύνατον
461 3316 556 3386 μὲν
603 3314 703 3388 γὰρ
733 3318 823 3372 τὴν
875 3312 1128 3386 κάμηλον,
1177 3318 1236 3367 τὸ
1269 3318 1422 3383 ζῶον,
1476 3313 1570 3370 διὰ
1609 3337 1734 3391 τρυ-

108 3412 356 3478 πήματος
405 3401 626 3475 βελόνης
679 3398 896 3455 διελθεῖν
951 3403 1052 3474 (3),
1100 3399 1488 3480 ἀδυνατώτερον
1525 3402 1585 3458 δε
1609 3408 1732 3458 τού-

105 3513 193 3546 τον
226 3495 429 3547 ἐκεῖνο.
476 3491 606 3545 Κατ’
657 3490 895 3544 ἐτίτασιν
948 3487 1008 3544 δὲ
1037 3492 1064 3544 ὁ
1120 3491 1288 3564 λόγος,
1343 3494 1408 3555 εὶς
1440 3494 1593 3562 φόϐον
1634 3503 1732 3548 τῶν

107 3584 478 3656 φιλαργύρων.

169 3679 330 3735 Τινὲς
365 3669 426 3724 δὲ
455 3670 694 3743 κάμηλόν
736 3689 866 3742 φασι
911 3677 1146 3743 σχοινίον
1190 3675 1497 3744 παχύτατον
1526 3673 1728 3728 πλοίου.

100 3769 291 3816 Ταῦτα
323 3758 387 3815 δὲ
443 3760 606 3832 λέγων
661 3762 686 3812 ό
717 3763 966 3834 Χριστὸς,
1015 3761 1074 3814 οὐ
1136 3758 1405 3815 διαϐάλλει
1433 3766 1518 3816 τὸν
1566 3761 1730 3818 πλοῦ-

95 3873 218 3922 τον,
274 3851 415 3903 ἀλλὰ
441 3855 505 3902 τό
559 3846 882 3902 δουλοῦσθαι
933 3859 1004 3923 τῷ
1048 3851 1275 3924 πλούτῳ.
1333 3851 1618 3906 Κάλλιστον
1672 3851 1732 3907 δί

107 3946 176 3994 τὸ
237 3936 607 4014 παράδειγμα.
666 3940 911 4013 Καθάπερ
954 3942 1054 4015 γὰρ
1111 3944 1170 3992 τὸ
1214 3943 1464 4014 τρύπημα
1509 3949 1604 4004 τῆς
1640 3943 1732 4018 ῥα-

100 4026 276 4103 φίδος
305 4028 370 4080 οὗ
419 4038 584 4102 χωρ-εἱ
639 4033 734 4087 τὴν
787 4028 1040 4101 κάμηλον,
1091 4025 1184 4084 διά
1226 4049 1280 4083 τε
1316 4035 1410 4090 τὴν
1440 4033 1573 4103 οῖγαν
1615 4031 1728 4085 ἑαυο

91 4131 197 4174 τοῦ
275 4139 579 4182 art-5297.372,
658 4124 748 4172 καὶ
823 4115 916 4171 διὰ
962 4122 1048 4172 τόν
1105 4121 1237 4192 οῖγαν
1295 4119 1498 4183 ἐκείνης,
1554 4125 1726 4192 ὄγκον·

91 4212 250 4263 οὕτω
282 4215 376 4262 καὶ
409 4212 444 4267 ἡ
501 4207 648 4275 ὁδὸς,
688 4210 719 4266 ἡ
752 4206 1034 4280 ἀπάγουσα
1080 4209 1149 4270 εἰς
1179 4214 1272 4268 τὴν
1323 4213 1481 4276 ζωὴν,
1531 4211 1591 4263 οὐ
1621 4231 1730 4283 χω-

85 4309 178 4364 ρεῖ
231 4306 330 4354 τὸν
385 4299 663 4363 πλούσιον,
707 4294 799 4351 διά
839 4316 898 4352 τε
923 4303 1016 4356 τὴν
1055 4297 1245 4358 ἑαυτῆς
1294 4301 1592 4364 στενότητα,
1641 4303 1732 4352 καὶ

1843 3131 2345 3195 difﬁcilem,hanc
2368 3133 2678 3204 subjunxit
2707 3133 3152 3204 impossibilem
3185 3153 3198 3190 :
3228 3149 3334 3189 nec
3361 3135 3505 3190 sim-

1841 3221 2069 3294 pliciter
2087 3221 2541 3294 impossibilem,
2575 3221 2680 3276 sed
2702 3226 2757 3276 et
2781 3220 3144 3292 impossibili
3173 3223 3369 3291 magis
3396 3222 3505 3278 im-

1840 3311 2215 3384 possibilem.
2240 3308 2610 3382 Impossibile
2639 3309 2941 3382 siquidem
2966 3315 3057 3366 est
3081 3311 3379 3366 camelum
3409 3311 3504 3366 vi-

1839 3417 1984 3458 vum
2013 3401 2264 3456 transire
2286 3415 2391 3472 per
2411 3400 2684 3456 foramen
2705 3414 2851 3455 acus
2877 3420 2889 3452 :
2914 3399 3031 3455 hoc
3055 3403 3256 3456 autem
3277 3399 3506 3471 impos-

1841 3489 2062 3548 sibilius
2090 3494 2177 3547 est
2203 3490 2371 3546 illud.
2401 3491 2601 3546 Fertur
2617 3492 2811 3546 autem
2839 3488 2936 3544 hic
2963 3503 3160 3545 sermo
3187 3504 3289 3560 per
3320 3504 3506 3559 exag-

1839 3582 2206 3650 gerationem
2232 3579 2311 3636 ad
2343 3595 2667 3636 avarorum
2701 3582 3009 3634 terrorem.

1911 3669 2167 3736 Quidam
2203 3673 2402 3726 autem
2453 3667 2751 3726 camelum
2799 3671 3019 3725 vocant
3072 3666 3278 3723 funem
3327 3667 3504 3723 navis

1838 3760 2208 3816 crassiorem.
2240 3762 2458 3816 Verum
2510 3759 2630 3814 haec
2652 3758 2856 3814 dicens
2885 3757 3150 3813 Christus
3202 3772 3322 3814 non
3356 3757 3508 3814 vitu-

1838 3855 2008 3921 perat
2036 3849 2284 3916 divitias,
2319 3849 2425 3904 sed
2473 3849 2689 3905 servire
2737 3846 2976 3904 divitiis.
3009 3849 3104 3903 Est
3129 3851 3332 3904 autem
3357 3845 3507 3918 opti-

1838 3955 2008 3996 mum
2034 3939 2396 4012 exemplum.
2438 3942 2588 3996 Nam
2614 3938 2767 3994 sicut
2794 3937 3068 3994 foramen
3094 3951 3239 3992 acus
3268 3939 3507 3993 nonest

1838 4045 2022 4100 capax
2064 4029 2265 4086 cameli
2303 4032 2549 4101 propter
2577 4028 2813 4084 nimiam
2882 4026 2974 4082 sui
3027 4027 3395 4096 angustiam,
3451 4032 3509 4082 et

1837 4122 2081 4190 propter
2131 4117 2422 4188 grandem
2469 4117 2627 4173 illius
2669 4115 2893 4173 molem
2940 4131 3010 4173 ac
3044 4121 3387 4172 tumorem:
3423 4115 3508 4172 ita

1837 4222 2082 4279 quoque
2112 4207 2212 4263 via
2244 4223 2382 4279 quae
2406 4206 2568 4262 ducit
2596 4206 2676 4263 ad
2715 4206 2902 4261 vitam
2931 4220 3055 4261 non
3081 4205 3236 4276 capit
3265 4204 3506 4260 divitem

1839 4301 2077 4368 propter
2097 4295 2189 4351 sui
2214 4295 2578 4366 angustiam,
2603 4299 2662 4351 et
2685 4299 2931 4366 propter
2973 4293 3149 4363 hujus
3183 4299 3503 4349 tumorem.

86 4385 195 4441 διὰ
225 4393 328 4442 τόν
370 4392 565 4442 τούτου
615 4392 789 4459 ὄγκον.
850 4391 1112 4462 Προσήχει
1142 4384 1229 4440 οὖν
1260 4392 1412 4459 ὄγκον
1442 4386 1731 4442 ἀποθέσθαι

1912 4361 2080 4444 >ortet
2128 4400 2272 4455 ergo
2300 4361 2577 4441 vomnem
2640 4361 2926 4455 repellere
2983 4361 3281 4437 tumorem
3333 4382 3504 4452 juxta

79 4482 314 4547 πάντα,
366 4482 503 4530 κατὰ
567 4480 654 4530 τόν
711 4475 1048 4544 Ἀπόστολον,
1119 4481 1207 4530 καὶ
1264 4477 1606 4538 λεπτυνοῆναι
1657 4475 1729 4530 δι’

89 4570 374 4620 ἑκουσίον
411 4572 613 4626 πενίας.

170 4660 546 4718 ’Δκοῦσαντες
596 4653 656 4708 δε
710 4686 778 4696 -
811 4657 1084 4722 σωθῆναι;
1141 4655 1570 4720 Ἐξεπλήσσοντο,
1617 4654 1731 4709 ἀντὶ

83 4756 214 4814 τοῦ,
249 4745 670 4818 Ἐθορυϐοῦντο.
699 4745 834 4803 Πλὴν
859 4746 963 4817 οὐχ
992 4747 1118 4820 ὑπὲρ
1151 4744 1363 4798 ἑαυτῶνσ
1397 4749 1605 4806 πένητες
1629 4747 1730 4819 γὰρ

81 4835 263 4896 ἦσαν·
447 4838 576 4911 ὑπερ
600 4845 700 4887 τῶν
716 4834 1002 4890 πλουσίων.
1033 4833 1292 4909 Ἤρξαντο
1322 4837 1424 4909 γὰρ
1448 4834 1733 4907 σπλάγχνα

78 4923 468 4979 διδασκάλων
519 4924 813 4992 ἀναλαϐεῖν,
849 4929 938 4976 καὶ
993 4923 1294 4998 ὑπεραλγεῐν
1342 4932 1433 4985 τῆς
1481 4923 1732 4985 ἀπωλείας

69 5025 194 5070 τῶν
230 5016 562 5088 ὀοᾰρὼπων,
589 5015 836 5088 λέγοντες,
858 5017 950 5075 Τίς
974 5015 1082 5087 ἄρα
1094 5022 1196 5067 τῶν
1219 5013 1482 5067 πλουσίων
1507 5009 1729 5068 δύναται

69 5109 356 5165 σωθῆναι
389 5122 408 5173 ;

143 5286 410 5357 δίιικ,
440 5297 604 5352 nm,
645 5285 739 5338 22.
815 5279 866 5314 ⁴⁶
885 5278 1054 5336 Hebr.
1092 5295 1190 5343 xu,
1224 5283 1278 5337 t.

1840 4473 2193 4546 Apostolum
2227 4475 2299 4537 ⁴⁶,
2325 4477 2382 4530 et
2427 4473 2724 4530 attenuari
2768 4486 2876 4542 per
2928 4469 3327 4527 voluntariam
3357 4484 3507 4542 pana

1841 4567 2160 4636 pertatem.
2779 4609 2781 4611 .

1911 4656 2068 4711 Vers.
2118 4656 2208 4710 25.
2239 4653 2382 4709 Cum
2411 4658 2607 4709 autem
2655 4650 2944 4707 audissent
2993 4681 3060 4690 —
3085 4649 3282 4707 salvus
3322 4648 3505 4719 ﬁeri?

1841 4743 2102 4801 Exterriti
2129 4747 2284 4809 sunt,
2311 4742 2373 4799 id
2399 4746 2487 4798 est
2525 4740 2743 4797 turbati
2781 4745 2936 4806 sunt,
2989 4753 3112 4796 non
3143 4745 3349 4797 tamen
3392 4755 3503 4812 pro

1841 4833 2068 4906 seipsis,
2101 4849 2241 4889 cum
2286 4837 2580 4905 pauperes
2612 4834 2830 4895 essent,
2873 4829 2980 4885 sed
3031 4845 3135 4901 pro
3191 4829 3500 4886 divitibus.

1841 4921 2158 4994 Coeperunt
2185 4921 2352 4978 enim
2371 4924 2805 4994 praeceptorum
2844 4934 3146 4976 assumere
3159 4919 3415 4985 viseera,
3431 4933 3504 4976 ac

1841 5011 2041 5069 dolere
2060 5010 2390 5084 plurimum
2415 5025 2525 5082 pro
2555 5009 2886 5083 perditione
2907 5007 3224 5065 hominum
3241 5009 3502 5066 dicentes

1844 5099 1983 5166 Qui:
2005 5113 2139 5172 ergo
2167 5101 2415 5158 divitum
2441 5105 2622 5170 potest
2647 5099 2848 5155 salvus
2881 5099 3012 5168 ﬁeri
3037 5097 3066 5154 ‘t

1309 5430 1537 5499 Variae
1568 5423 1898 5498 lectiones
1929 5437 1996 5498 et
2025 5439 2228 5497 notae.

153 5587 261 5652 {3)
315 5581 604 5637 Εἰσελθείν.
637 5587 678 5633 Α
689 5620 704 5633 .
