3906 6202
407 258 514 315 527

479 383 645 438 Vers.
688 380 775 435 26.
827 377 1092 434 Intuitus
1138 406 1207 416 —
1242 373 1578 445 possibilia.
1627 371 1892 428 Primum
1941 367 2058 423 miti
2088 371 2133 422 Α

409 475 654 544 aspectu
703 467 1041 523 exterritam
1102 480 1327 521 eorum
1404 469 1665 518 mentem
1719 459 2057 515 consolatus

407 566 515 617 est.
551 558 771 615 Deinde
802 557 946 612 dixit
973 573 987 610 :
1018 554 1191 627 Apud
1221 553 1499 609 homines
1516 551 1750 614 divites,
1784 551 1893 604 hoc
1918 554 2059 619 puta

408 650 637 706 salvum
671 646 818 712 ﬁeri,
875 643 1240 715 impossibile
1284 648 1371 698 est
1411 659 1423 697 :
1457 640 1679 696 fortiter
1721 639 1877 694 enim
1912 649 2060 691 ava-

404 738 545 793 ritia
602 735 845 792 vinculis
895 733 1119 803 alligati
1157 736 1313 796 sunt,
1369 730 1628 801 factique
1683 728 2057 798 impotentes,

405 832 472 882 ut.
501 844 535 881 a
565 825 775 896 seipsis
806 823 945 878 solis
972 818 1319 891 hujusmodi
1354 816 1667 890 tyrannide
1701 816 2046 869 liberentur.

404 915 561 971 Deus
577 920 778 970 autem
791 928 913 967 non
926 910 1119 966 solum
1142 908 1368 963 salvare
1387 907 1499 962 hos
1521 910 1734 979 potest,
1756 904 1859 959 sed
1879 902 2056 958 etiam

405 1018 585 1059 omne
606 1001 767 1057 aliud
799 1004 1011 1072 potest.
1044 997 1306 1053 Salvabit
1323 1012 1463 1066 ergo
1485 996 1615 1059 bos,
1649 994 1697 1049 si
1726 993 1890 1064 quod
1922 1008 2061 1063 pos-

405 1095 544 1145 sunt
569 1088 835 1144 studium
875 1086 1247 1149 adhibentes,
1271 1086 1364 1140 'ac
1392 1084 1628 1139 divitias
1652 1084 1713 1137 in
1762 1095 2058 1152 pauperes

402 1183 774 1246 evacuantes,
799 1177 1119 1246 ignemque
1139 1171 1475 1245 cupiditatis
1522 1170 1889 1227 divitiarium
1926 1184 2060 1223 exs-

404 1267 758 1337 tinguentes,
790 1265 952 1321 hunc
992 1262 1401 1319 invocaverint
1426 1260 1837 1316 auxiliatorem
1869 1273 1940 1313 ac
1995 1257 2063 1311 li-

402 1355 645 1412 bertatis
671 1357 1045 1409 assertorem.

475 1531 679 1587 Docuit
705 1545 846 1600 ergo
878 1527 1075 1584 omnis
1098 1526 1199 1582 hic
1225 1542 1443 1597 sermo,
1477 1524 1638 1597 quod
1672 1540 1919 1581 avarum
1962 1525 2063 1580 im.

402 1622 685 1695 possibile
713 1628 798 1675 est
818 1619 1049 1675 salvum
1072 1633 1221 1682 esse,
1256 1616 1545 1688 nisiquod
1566 1618 1625 1671 in
1655 1631 1717 1670 se
1740 1622 1829 1671 est
1854 1616 2062 1671 afferat

403 1712 688 1779 studium,
715 1716 776 1765 ut
807 1708 1042 1765 dictum
1071 1713 1179 1772 est,
1208 1706 1467 1762 etDeum
1491 1705 1714 1761 habeat
1733 1705 2065 1775 adjutorem

404 1802 478 1858 ad
511 1800 915 1856 liberationem
934 1797 1094 1852 illius
1120 1794 1469 1851 miserrima:
1516 1794 1867 1850 affectionis.
1894 1794 2069 1854 Aiunt

404 1895 606 1945 autem
639 1887 919 1959 quidam,
951 1885 1115 1957 quod
1134 1884 1185 1940 si
1216 1885 1337 1939 Deo
1358 1884 1562 1939 omnia
1583 1887 1716 1938 sunt
1737 1883 2067 1955 possibilia,

406 1978 609 2047 utique
665 1982 719 2030 et
744 1975 934 2030 facere
966 1972 1192 2028 malum
1223 1974 1342 2027 Deo
1370 1970 1655 2042 possibile
1686 1978 1795 2027 est.
1843 1971 2065 2036 Quibus

404 2082 515 2122 nos
539 2065 809 2129 dicimus,
831 2062 1003 2134 quod
1026 2062 1221 2118 facere
1246 2060 1468 2116 malum
1489 2076 1611 2116 non
1642 2066 1730 2116 est
1772 2060 2066 2131 potentiae,

409 2155 509 2211 sed
539 2153 925 2225 impotentius.
951 2151 1086 2206 Ideo
1107 2150 1285 2207 etiam
1310 2148 1498 2205 David
1538 2155 1783 2220 peccata
1807 2149 2066 2220 appella.

404 2246 488 2301 vit
523 2242 949 2299 imbecillitates
997 2242 1113 2296 sive
1144 2239 1513 2296 inﬁrmitates
1541 2239 1747 2293 dicens
1771 2256 1782 2293 :
1806 2239 2066 2310 Mulipli—

406 2340 559 2391 cata:
581 2337 714 2388 sunt
739 2332 1113 2399 inﬁrmitates
1129 2344 1331 2386 eorum
1363 2329 1432 2383 ιτ.
1465 2328 1762 2384 EtPaulus
1792 2328 1887 2388 ait,
1925 2328 2068 2384 Cum

408 2438 513 2479 nos
526 2437 774 2479 essemus
796 2419 1017 2488 inﬁrmi
1038 2421 1106 2484 ⁸⁸,
1150 2418 1272 2474 sive
1296 2423 1651 2489 peccatores.
1701 2417 1992 2473 Praeterea
2012 2422 2069 2473 et

409 2512 527 2568 alio
546 2509 747 2578 modo,
759 2510 926 2581 juxta
948 2508 1293 2577 Gregorium
1328 2504 2065 2578 Theologum}principium

408 2600 554 2657 mali
584 2605 671 2655 est
726 2598 1023 2668 negligere
1072 2597 1299 2653 bonum
1337 2611 1348 2649 :
1392 2594 1695 2667 quomodo
1725 2602 1925 2650 autem
1964 2597 2067 2650 bo-

411 2707 559 2746 num
580 2688 854 2759 negligat,
898 2687 994 2759 qui
1027 2691 1113 2743 est
1141 2686 1276 2757 ipsa
1300 2684 1536 2740 bonitas
1560 2685 1587 2739 ?

483 2780 645 2835 Vers.
670 2781 757 2833 27.
796 2778 960 2832 Tunc
990 2807 1056 2816 -—
1089 2775 1249 2831 nobis
1277 2772 1305 2827 ?
1356 2775 1497 2837 Quae
1522 2773 1740 2839 omnia,
1773 2774 1944 2830 beate
1971 2774 2067 2829 Pe-

414 2874 495 2924 tre
522 2869 550 2923 ?
581 2871 669 2922 An
699 2866 1076 2931 arundinem,
1104 2869 1244 2929 rete,
1284 2862 1505 2926 navim,
1538 2867 1841 2934 artemque
1877 2864 2067 2933 pisca-

416 2957 629 3012 toriam
655 2956 682 3010 ?
712 2954 944 3025 Utique,
985 2952 1194 3024 inquit,
1222 2966 1358 3023 quas
1380 2954 1438 3006 et
1467 2956 1696 3023 quanta
1721 2952 2022 3007 habebam
2051 2968 2064 3017 ;

1724 242 2076 302 EUTHYMII
2117 241 2420 299 ZIGABEN
2428 245 2447 299 Ι

3570 258 3646 313 528

2241 368 2532 442 Ἐμϐλέψας
2592 404 2661 411 -
2742 369 2962 428 δυνατά.
3060 379 3252 444 Πρῶτον
3312 376 3457 448 ἡμέρῳ
3537 379 3651 453 βλέμ.

2168 478 2295 530 ματι
2352 464 2666 534 φρίττουσαν
2711 463 2877 514 αὐτῶν
2934 468 3029 520 τὴν
3078 459 3296 515 διάνοιαν
3346 472 3654 541 παρηγόρησεν,

2169 545 2279 599 εἶτα
2336 544 2493 616 εἶπεν,
2553 552 2633 602 ὃτι
2700 555 2841 624 παρὰ
2907 550 3192 624 ἀνθρώποις
3250 552 3480 615 πλουσίοις
3526 566 3653 625 τοῦτο,

2169 632 2379 695 δηλαδὴ
2425 643 2482 689 τό
2546 641 2797 705 σωθῆναι,
2870 636 3123 691 ἀδύνατόν
3197 639 3313 695 ἐστι.
3358 640 3660 715 Δεὸεσμημένοι

2166 727 2266 796 γὰρ
2324 725 2562 798 ἰσχυρῶς
2599 736 2712 789 ταῖς
2772 734 2970 800 σειραῖς
3009 736 3103 790 τῆς
3153 726 3470 802 φιλαργυρίας,
3518 730 3660 784 ἀδυναο

2168 820 2347 865 τοῡσιν
2390 814 2480 885 ἀφ’
2531 815 2719 867 ἑαυτῶν
2774 824 2939 887 μόνων
2996 815 3372 889 ἑλευθερωθῆναι
3410 826 3491 878 τῆς
3530 824 3665 871 τοιαύ-

2165 921 2260 962 της
2300 900 2627 976 τυραννίδος.
2666 904 2724 957 Ὀ
2783 901 2842 957 δὲ
2871 909 2997 966 Θεὸς
3043 906 3102 957 ού
3133 911 3273 978 μόνον
3322 915 3468 958 σῶσαι
3504 911 3665 969 τούτους

2171 988 2412 1059 δύναται,
2484 991 2611 1044 ἀλλὰ
2666 998 2754 1045 καὶ
2800 1001 2901 1045 πᾶν
2966 996 3132 1067 ἕτερον
3186 991 3400 1047 δύναται.
3454 1003 3583 1047 Σωσει
3625 993 3667 1047 δι

2169 1083 2400 1145 τούτους,
2445 1080 2528 1133 ἐὰν
2576 1086 2669 1140 τὴν
2712 1082 2835 1155 παρ’
2907 1083 3099 1136 ἑαυτῶν
3144 1080 3364 1142 σπουδὴν
3408 1084 3666 1158 εἰσφέροντες,

2170 1175 2259 1221 καὶ
2321 1178 2580 1231 κενοῦντες
2622 1174 2706 1223 τὸν
2770 1171 2990 1223 πλοῦτον
3062 1173 3134 1233 εἰς
3178 1177 3399 1236 πένητας,
3447 1179 3523 1225 καὶ
3561 1172 3669 1225 σϐεν-

2170 1261 2371 1321 νύοντες
2422 1262 2481 1311 τό
2536 1268 2638 1332 πῦρ
2687 1268 2774 1321 τῆς
2822 1259 3097 1333 ἐπιθυμίας
3146 1271 3239 1313 τῶν
3292 1264 3559 1334 χρημάτων,
3590 1260 3673 1313 ἑπι-

2173 1346 2492 1400 καλίσωνται
2554 1354 2644 1400 καὶ
2700 1356 2881 1402 τοῦτον
2947 1350 3216 1424 ἐπίκουρον
3281 1356 3363 1403 καὶ
3414 1350 3675 1424 συλλήπτορα

2173 1445 2268 1498 τῆς
2299 1437 2604 1509 ἐλευθερίας.

2251 1522 2494 1588 Ἐδίδαξι
2553 1532 2721 1579 τοίνυν
2797 1529 2822 1579 6
2874 1532 3085 1601 σύμπας
3138 1528 3302 1601 λόγος,
3367 1530 3438 1581 ὅτι
3485 1525 3677 1580 ἀδύνατον

2181 1616 2412 1673 σωθῆναι
2452 1616 2785 1688 φιλάργυρον,
2842 1616 2926 1669 ἐὰν
2966 1623 3037 1690 μὴ
3077 1622 3171 1677 τὴν
3214 1619 3330 1693 παρ’
3374 1618 3534 1671 ἑαυτοῦ
3560 1637 3681 1669 σπον-

2180 1701 2278 1762 δὴν
2328 1705 2594 1779 εἰσφέρων,
2652 1709 2721 1767 ὡς
2768 1709 2989 1781 εἴρηται,
3042 1712 3205 1779 σχοίη
3253 1713 3336 1760 καὶ
3364 1711 3442 1759 τὸν
3468 1711 3565 1760 Θεὸν
3586 1704 3678 1777 βοη-

3074 1800 3307 1849 τοιούτου
3386 1796 3681 1868 χαλεπωτάτου

2178 1884 2397 1944 πάθους.
2452 1889 2586 1936 Φασὶ
2640 1880 2699 1936 δέ
2753 1904 2906 1951 τινες,
2956 1887 3036 1937 ὃτι
3092 1888 3179 1937 ἐὰν
3235 1887 3396 1938 πάντα
3438 1881 3601 1936 δυνατὰ
3635 1889 3684 1950 τῷ

2182 1796 2266 1845 θόν
2351 1802 2446 1856 τῆς
2528 1793 2831 1866 ἀπαλλαγῆς
2906 1804 2999 1848 τοῦ

2178 1977 2306 2042 Θεῷ,
2356 1968 2576 2024 δυνατὸν
2629 1974 2733 2047 ἄρα
2770 1981 2841 2043 τῷ
2890 1978 2997 2044 Θεῷ
3045 1981 3137 2027 καὶ
3175 1978 3231 2027 τό
3269 1980 3436 2026 κακόν.
3478 1976 3592 2045 Πρός
3625 1971 3688 2030 οὖς

2177 2061 2405 2131 λέγομεν,
2469 2062 2551 2112 ὅτι
2614 2065 2671 2113 τὸ
2737 2066 2893 2114 κακὸν
2959 2063 3052 2114 οὐκ
3131 2067 3243 2117 ἔστι
3305 2060 3555 2134 δυνάμεως,
3613 2057 3689 2109 ἀλλ’

2178 2146 2493 2221 ἀδυναμίας.
2527 2153 2613 2202 Διό
2662 2155 2751 2203 καὶ
2803 2153 2828 2203 6
2881 2149 3050 2205 Δαυῖδ
3077 2155 3172 2213 τὰς
3207 2153 3451 2225 ἁμαρτίας
3492 2148 3689 2205 ἀσθενείας

2566 2239 2738 2307 εἰπὼν,
2848 2240 3277 2299 Ἐπληθύνθησαν
3358 2240 3409 2292 αὶ
3497 2238 3691 2290 ἀσθένειαι

2176 2327 2365 2380 αὐτῶν.
2430 2333 2530 2381 Καὶ
2606 2329 2630 2379 6
2707 2328 2908 2391 Παῦλος
2971 2326 3031 2383 δέ
3101 2350 3281 2402 φησιν,
3353 2328 3529 2381 Ὀντων
3588 2328 3690 2397 ἡμῶν

2178 2239 2381 2310 ὠνόμαο
2393 2258 2461 2306 εν,

2178 2415 2424 2485 ἀσθενῶν,
2477 2421 2658 2488 ἤγουν,
2720 2418 3054 2491 ἁμαρτωλῶν.
3115 2425 3219 2473 Καὶ
3272 2418 3444 2494 ἑτέρως
3491 2414 3555 2477 δῖ,
3601 2414 3697 2464 κατὰ

2175 2510 2262 2557 τόν
2322 2506 2573 2577 Θεολόγον
2628 2511 2930 2580 Γρηγόριον,
2992 2506 3139 2580 ἁρχὴ
3187 2516 3280 2561 τοῦ
3326 2515 3493 2572 κακοῦ,
3532 2508 3578 2556 τό
3613 2501 3696 2572 ἀμε-

2174 2594 2335 2654 λῆσαι
2384 2603 2476 2647 τού
2526 2595 2745 2666 ἀγαθοῦ.
2798 2603 2908 2657 Πῶς
2957 2594 3006 2649 δ’
3047 2599 3109 2649 οἶν
3163 2597 3395 2671 ἀμεληση
3441 2602 3521 2648 τού
3554 2592 3696 2662 ἀγαθον

2175 2686 2205 2741 ἡ
2240 2684 2631 2755 αύτοαγαθότης
2654 2701 2667 2749 ;

2246 2779 2372 2825 Τότε
2402 2805 2469 2813 -—
2499 2775 2651 2845 ἡμῖνς
2702 2781 2833 2826 [Ιοία
2867 2777 3054 2838 πάντα,
3110 2774 3150 2827 ὦ
3196 2778 3417 2850 μακάριε
3457 2777 3610 2844 Πέτρα
3636 2770 3704 2818 τὸν

2177 2863 2426 2934 κάλαμον,
2458 2867 2516 2914 τὸ
2567 2859 2797 2930 δίκτυον,
2832 2866 2889 2915 τὸ
2932 2864 3135 2928 πλοῖον,
3167 2870 3264 2923 τὴν
3296 2864 3573 2922 ἁλιευτικὼνζ
3600 2863 3697 2918 Ναί,

2178 2956 2355 3024 φησιν,
2388 2951 2422 3003 ἃ
2459 2948 2624 3023 εἶχον,
2670 2957 2759 3004 καὶ
2789 2954 2890 3005 ὅσα
2920 2951 3083 3024 εἶχον,
3116 2962 3174 3007 Ἡ
3219 2956 3505 3026 προαίρεσίς
3528 2966 3602 3019 μου
3625 2944 3703 3015 γὰρ

419 3059 554 3099 mea
605 3041 897 3113 siquidem
950 3040 1225 3096 voluntas
1279 3039 1507 3109 integra
1559 3039 1683 3095 fuit.
1737 3039 1885 3095 Cum
1929 3057 2067 3112 ergo

2182 3040 2399 3101 ἐντελής.
2440 3041 2685 3103 Εἰπόντος
2718 3038 2804 3093 οὖν
2844 3048 2935 3093 τού
2964 3049 3202 3116 Σωτῆρος
3232 3047 3358 3116 πρὸς
3383 3046 3459 3093 τόν
3483 3040 3710 3097 νεανίσκον,

423 3132 670 3188 dixisset
692 3131 961 3188 Salvator
986 3130 1339 3186 adolescenti
1370 3146 1383 3184 :
1411 3130 1470 3185 Si
1498 3130 1579 3185 vis
1609 3131 1899 3201 perfectus
1930 3146 2064 3195 esse,

423 3222 541 3288 abi,
574 3222 753 3278 vende
780 3236 907 3292 quae
934 3220 1125 3285 habes,
1153 3226 1202 3275 et
1232 3219 1305 3276 da
1333 3220 1707 3288 pauperibus,
1734 3220 2072 3291 habebisque

425 3310 771 3367 thesaurum
798 3312 855 3363 in
884 3310 1042 3374 caelo,
1071 3307 1269 3363 timuit
1299 3308 1500 3363 Petrus
1529 3308 1641 3363 sibi
1674 3324 1743 3364 ac
1787 3308 2075 3364 condisci-

423 3399 783 3471 pulis,quasi
806 3397 915 3469 ipsi
945 3397 1146 3451 minus
1164 3395 1467 3463 fecissent,
1493 3396 1635 3466 quia
1650 3412 1772 3452 non
1794 3396 2074 3451 vendide-

423 3494 558 3543 rant
576 3503 713 3560 qum
733 3485 1055 3548 habebant,
1088 3500 1197 3539 nec
1210 3482 1499 3539 dederant
1525 3484 1917 3554 pauperibus;
1943 3484 2076 3539 ideo

425 3580 607 3632 etiam
629 3576 711 3629 ait
740 3576 918 3628 :Ecce
941 3589 1053 3628 nos
1082 3587 1206 3627 non
1228 3571 1635 3640 vendidimus,
1666 3587 1775 3627 nec
1806 3573 2074 3643 pauperi-

426 3665 536 3717 bus
568 3662 864 3726 dedimus,
896 3661 1002 3715 sed
1055 3659 1403 3731 simpliciter
1438 3660 1640 3715 omnia
1663 3676 1800 3731 quae
1825 3660 2079 3716 habeba-

424 3768 547 3805 mus
576 3748 946 3820 reliquimus,
980 3753 1036 3804 et
1065 3748 1249 3804 secuti
1280 3764 1487 3802 sumus
1517 3753 1570 3804 te
1599 3767 1612 3816 ;
1636 3750 1783 3821 quid
1809 3765 1945 3819 ergo
1971 3749 2081 3807 erit

425 3838 602 3896 nobis
634 3836 1034 3893 retributionis
1058 3837 1087 3892 Ἰ

498 3928 659 3983 Vers.
689 3926 776 3981 28.
810 3927 977 3982 Jesus
998 3930 1193 3981 autem
1226 3955 1292 3965 —
1321 3925 1534 3982 Israel.
1561 3928 2081 3998 Regenerationem

426 4016 737 4074 dicitnunc
767 4030 803 4070 a
830 4014 1073 4070 mortuis
1091 4014 1793 4087 resurrectionem,quasi
1814 4017 2082 4075 iteratam

423 4105 911 4162 viviﬁcationem.
944 4102 1099 4169 Quid
1125 4119 1263 4175 ergo
1291 4103 1320 4159 ?
1342 4102 1635 4160 sedebunt
1663 4111 1804 4161 tunc
1829 4104 2086 4179 apostoli

426 4201 483 4252 et
505 4194 864 4267 judicabunt
890 4194 917 4249 ?
954 4196 1367 4265 Nequaquam.
1421 4192 1593 4250 Solus
1634 4195 1793 4251 enim
1824 4197 2084 4254 Christus

422 4284 669 4349 sedebit,
700 4290 755 4339 et
779 4284 941 4339 solus
974 4282 1105 4354 ipse
1130 4281 1448 4352 judicabit.
1477 4283 1590 4339 Sed
1618 4299 1722 4354 per
1761 4285 2083 4343 duodecim

424 4374 595 4430 sedes
628 4372 815 4429 innuit
845 4372 1189 4427 fruitionem
1214 4371 1337 4427 sive
1354 4372 1623 4443 requiem
1653 4389 1721 4428 ac
1747 4375 2082 4445 praecellen-

423 4462 572 4519 tiam
600 4461 918 4518 duodecim
941 4460 1396 4531 discipulorum,
1429 4462 1665 4533 etregni
1694 4464 1784 4518 sui
1816 4480 2084 4521 commu-

420 4550 806 4607 nicationem.
836 4549 1179 4605 Judicantes
1217 4554 1417 4605 autem
1449 4548 1606 4613 dicit,
1645 4551 1759 4607 hoc
1794 4558 1900 4617 est,
1936 4554 2083 4611 Con-

422 4638 797 4693 demnantes.
842 4638 933 4692 Ait
960 4653 1099 4707 ergo
1134 4653 1146 4691 :
1176 4637 1476 4693 Fruemini
1505 4642 1647 4694 tunc
1677 4639 1804 4696 sive
1827 4642 2080 4713 requies-

422 4724 582 4791 cetis,
628 4730 683 4780 et
713 4724 1046 4797 praecelletis
1076 4741 1145 4780 ac
1171 4725 1610 4797 conregnabitis
1656 4727 1826 4801 mihi,
1866 4732 2080 4789 conde-

421 4817 695 4869 mnantes
734 4812 1027 4868 Israelitas
1057 4830 1070 4867 :
1104 4829 1225 4869 non
1259 4814 1424 4886 quod
1454 4814 1571 4887 ipsi
1595 4816 1920 4888 judicaturi
1942 4820 2076 4889 sint,

420 4901 526 4957 sed
560 4901 712 4956 sicut
742 4900 1020 4956 vicesimo
1050 4902 1220 4958 tertio
1269 4903 1461 4974 capite
1517 4904 1755 4962 dicebat
1792 4908 2078 4966 Ninivitas

418 5006 489 5047 ac
512 4989 785 5060 reginam
840 4989 1035 5045 Austri
1091 4990 1598 5049 condemnaturos
1637 4996 2079 5063 generationem

416 5079 597 5142 illam,
633 5079 907 5135 itaethoc
922 5094 1083 5134 nunc
1113 5079 1621 5138 condemnaturos
1643 5082 1724 5139 ait
1756 5082 2078 5144 duodecim

418 5169 600 5225 tribus
644 5167 842 5225 Israel.
904 5167 1041 5224 ldeo
1082 5169 1239 5223 enim
1287 5185 1408 5225 non
1434 5170 1577 5227 dicit
1615 5176 1819 5242 gentes
1845 5179 1947 5231 aut
1989 5192 2079 5233 or-

412 5257 577 5324 bem,
633 5257 738 5313 sed
789 5256 949 5313 solos
993 5255 1291 5313 Israelitas
1322 5274 1462 5314 suos
1503 5260 1886 5330 contribules,
1937 5282 2077 5321 suos

415 5352 717 5420 cognatos.
773 5348 1274 5405 Condemnabunt
1331 5351 1490 5407 enim
1539 5369 1637 5410 eos
1723 5371 1846 5411 non
1904 5345 2077 5429 quasi

490 5530 537 5564 ‘7
559 5527 711 5585 Psal.
766 5544 858 5601 xv,
930 5569 944 5584 .
1022 5532 1076 5567 ⁴⁸
1106 5531 1275 5586 Rom.
1309 5545 1367 5595 v,
1398 5535 1449 5586 6.

2116 4421 2161 4477 D

2183 3130 2243 3184 Εἰ
2297 3130 2449 3191 θέλεις
2506 3130 2694 3191 τελειος
2772 3128 2920 3202 εἶναι,
2980 3131 3179 3204 ὕπαγε,
3250 3132 3480 3189 πώλησόν
3532 3143 3608 3179 σου
3664 3128 3713 3171 τὰ

2183 3221 2511 3294 ὑπάρχοντα,
2583 3224 2673 3271 καὶ
2730 3216 2824 3282 δός
2892 3228 3154 3292 πτωχοῖς,
3237 3227 3330 3275 καὶ
3399 3220 3511 3282 ἕξεις
3560 3217 3718 3271 θησαν-

2183 3312 2272 3379 ρόν
2329 3306 2377 3359 έν
2426 3308 2646 3380 οὐρανῷ·
2710 3305 2993 3362 ἱδειλίασεν
3050 3313 3078 3362 ὁ
3146 3315 3346 3384 Πέτρος
3396 3312 3504 3382 περὶ
3547 3323 3590 3356 τε
3638 3301 3720 3352 sorr

2184 3404 2276 3448 τοῦ
2328 3401 2417 3448 καὶ
2468 3402 2587 3470 περὶ
2644 3406 2744 3449 τῶν
2797 3400 3065 3469 μαθητῶν,
3123 3400 3199 3461 ὧς
3254 3400 3616 3470 ἠλαττωμένων,
3660 3386 3727 3440 διὰ

2185 3488 2244 3536 τὸ
2290 3491 2362 3557 μὴ
2410 3485 2653 3544 πωλῆσαι
2698 3488 2765 3538 τὰ
2806 3489 3140 3561 ὑπάρχοντα,
3185 3494 3281 3541 καὶ
3315 3484 3491 3540 δοῦναι
3526 3484 3724 3551 πτωχοῖς.

2189 3578 2275 3625 Διό
2324 3579 2413 3626 καί
2471 3592 2647 3647 φησιν·
2714 3572 2855 3628 Ἰδού
2908 3581 3054 3648 ἡμεῖς
3111 3578 3212 3630 οὐκ
3269 3576 3603 3647 ἓπωλήσαμεν,
3650 3572 3733 3620 οὗτε

2189 3668 2291 3735 μὴν
2322 3660 2587 3735 ἐδώκαμεν
2617 3672 2869 3737 πτωχοῖς,
2918 3664 3025 3718 ἀλλ’
3067 3665 3349 3739 ἀφήκαμεν
3394 3664 3553 3721 ἁπλῶς
3590 3661 3730 3719 πάντα,

2190 3752 2291 3804 ὃσα
2347 3756 2576 3826 εἴχομεν,
2630 3759 2721 3806 καὶ
2762 3754 3200 3829 ἠκολουθήσαμέν
3256 3773 3365 3809 σοι’
3413 3759 3462 3807 τί
3508 3754 3599 3825 ἄρα
3632 3751 3736 3801 ἔσται

2192 3843 2317 3914 ἡμῖν
2347 3842 2413 3902 εἰς
2443 3841 2705 3915 ciperem;

2260 3930 2319 3984 Ὀ
2383 3927 2442 3984 δὲ
2495 3931 2697 3993 Ἰησοῦς
2756 3963 2821 3973 -
2897 3932 3130 4007 Ἰσραήλ.
3204 3934 3603 4007 Παλιγγενεσίαν
3644 3926 3740 3995 λεἰεί

2191 4028 2278 4072 νύν
2356 4024 2449 4078 τὴν
2529 4019 2584 4071 ἐκ
2654 4030 2838 4095 νεκρῶν
2914 4021 3233 4090 ἀνάστασιν,
3327 4028 3395 4085 ὡς
3470 4020 3733 4081 παλινζυίαν.

2192 4113 2256 4162 Τί
2308 4104 2444 4176 οὖν;
2510 4106 2853 4163 καθεδοῦνται
2908 4117 2999 4164 καὶ
3066 4115 3114 4165 οί
3182 4113 3477 4167 ἀπόστολοι
3528 4115 3639 4174 τότε,
3676 4104 3743 4153 ισῖι

2194 4205 2491 4271 κρινοῦσιν;
2540 4196 2822 4272 Οὐδαμῶς.
2881 4205 3049 4263 Μόνος
3091 4205 3201 4275 γὰρ
3239 4205 3267 4255 6
3318 4205 3549 4276 Χριστός
3574 4199 3744 4253 καθίσει,

2193 4291 2283 4338 καὶ
2329 4292 2483 4359 μόνος
2518 4288 2673 4350 αὐτὸς
2726 4297 2907 4360 κρινεῖ.
2957 4290 3114 4343 Ἀλλὰ
3165 4289 3269 4345 διὰ
3311 4296 3403 4366 μὲν
3452 4298 3545 4344 τῶν
3592 4279 3753 4349 δὼδαᾳ

2196 4377 2383 4450 θρόνων
2421 4374 2762 4451 παρεδήλωσε
2806 4382 2899 4437 τὴν
2938 4384 3054 4432 τότε
3104 4379 3447 4447 ἀνάπαυσιν,
3499 4384 3579 4431 καὶ
3620 4374 3758 4448 apari-

2190 4483 2353 4537 μησίν
2404 4474 2503 4517 τῶν
2551 4462 2763 4519 δώδεκα
2803 4470 3070 4539 μαθητῶν,
3124 4475 3226 4523 καὶ
3282 4476 3382 4530 τὴν
3425 4468 3665 4522 κοινωνίαν
3695 4462 3759 4513 τες

2193 4553 2465 4626 βασιλιίας
2516 4555 2696 4610 αὐτοῦ.
2749 4561 3012 4629 Κρίνοντες
3045 4555 3105 4612 δέ
3162 4580 3364 4632 φησιν,
3404 4560 3517 4613 ἀντὶ
3551 4562 3650 4619 τοῦ,
3692 4554 3763 4602 Κα-

2190 4648 2535 4718 τακρίνοντες.
2594 4642 2743 4697 Εἶπεν
2802 4642 2910 4711 οὖν,
2971 4648 3054 4699 ὅτι
3126 4648 3607 4707 Ἀναπαυθήσεσθι
3660 4644 3761 4699 τάπ’

2188 4737 2279 4786 καὶ
2364 4734 2843 4807 προτιμηθήσεσθε,
2939 4740 3030 4789 καὶ
3153 4738 3613 4812 συμϐασιλεύσπέ
3683 4744 3766 4801 μοι,

2188 4827 2579 4895 κατακρίνοντες
2627 4826 2744 4883 τοὺς
2792 4825 3147 4899 Ἰσραηλίτας,
3186 4828 3305 4901 οὐχ
3362 4832 3434 4889 ὡς
3481 4827 3621 4878 αὐτοὶ
3655 4816 3768 4871 δίκα·

2191 4912 2382 4975 ζοντσς,
2437 4910 2544 4963 ἀλλ’
2602 4914 2776 4985 ὥσπερ
2826 4912 2874 4964 ἐν
2928 4923 3001 4986 τῷ
3050 4915 3298 4989 εἰκοστῷ
3352 4923 3515 4991 τρίτῳ
3560 4909 3773 4985 ιιειξιοιλιιίθει

2188 5005 2310 5063 τούς
2349 5004 2618 5063 Νινευῖτας
2655 5004 2813 5074 ἔφησε
2841 5008 2929 5057 καὶ
2966 5008 3061 5063 τὴν
3103 5004 3462 5078 βασίλισσαν
3514 5012 3600 5057 τοῦ
3640 5004 3775 5053 Νότον

2188 5095 2515 5163 κατακρίνειν
2563 5094 2656 5149 τὴν
2686 5094 2860 5163 γενεὰν
2892 5092 3111 5161 ἐκείνην,
3162 5096 3315 5150 οὕτω
3356 5101 3452 5150 καὶ
3486 5103 3573 5148 νῦν
3610 5091 3779 5144 τούτους

2188 5183 2281 5242 τὰς
2329 5176 2539 5232 δώδεκα
2582 5180 2739 5252 φυλὰς
2777 5190 2867 5234 τοῦ
2917 5184 3163 5256 Ἰσραήλ.
3218 5190 3325 5240 Διά
3368 5195 3525 5240 τοῦτο
3569 5184 3661 5255 γὰρ
3710 5175 3779 5226 οὐκ

2189 5266 2296 5321 εἷπε
2327 5271 2391 5321 τὰ
2437 5272 2575 5335 ἔθνη,
2619 5266 2871 5328 οὐδὲλτὴν
2915 5272 3263 5346 οἰκουμένην,
3310 5275 3448 5329 ἀλλὰ
3478 5279 3659 5349 μόνους
3691 5265 3781 5319 τοὺς

2189 5357 2539 5432 Ἰσραηλίτας,
2601 5362 2717 5420 τοὺς
2772 5361 3078 5433 ὁμοφύλους,
3153 5370 3291 5428 τοὺς
3365 5370 3649 5437 συγγενεῖς.
3703 5362 3783 5409 Κα⁸

3816 1576 3823 1621 ἱ

3820 1638 3825 1659 ξ
