3906 6202
187 333 298 388 529

1141 343 1517 404 COMMENT.
1565 344 1638 401 IN
1676 343 2126 404 MATTHIEUM-
2165 382 2236 396 —-
2273 354 2438 415 CAP.
2485 359 2639 420 XIX.

3461 377 3567 432 530

193 481 504 536 τακρινουσι
550 468 653 540 γὰρ
706 467 917 534 αὐτοὺς,
977 469 1081 542 οὐχ
1136 472 1205 530 ὡς
1243 467 1572 537 δικάζοντες,
1614 473 1684 533 ὡς
1733 471 1777 524 εἷ

1940 473 2265 547 udicantes,
2308 483 2412 539 sed
2439 486 2578 556 quia
2602 488 2651 543 is
2680 491 2780 562 qui
2798 492 3117 564 judicabit,
3137 513 3172 552 a
3201 497 3320 554 ﬁde
3344 498 3558 558 horum

186 556 447 624 ρήκαμεν,
510 553 616 606 ἀλλ’
673 559 738 618 ὡς
785 565 877 611 τοῦ
931 557 1236 620 δικάζοντος
1295 558 1396 612 ἀπὸ
1459 567 1555 621 τῆς
1606 563 1800 613 τούτων

182 644 412 701 πίστεως
485 641 938 710 καταδικάζοντος
1005 648 1214 711 αύτούς,
1283 648 1366 702 ὃτι
1437 657 1549 711 τοῖς
1622 649 1800 710 αὐτοῖς

177 726 538 802 ἐνετράφησαν
594 734 740 788 οὗτοί
811 755 866 789 τε
926 739 1154 790 κάκεῖνοι
1211 741 1388 810 νόμοις
1466 743 1556 792 καὶ
1617 739 1792 805 ἤθεσι,

173 825 266 870 καὶ
325 820 472 892 ὅμως
537 822 682 876 οὗτοι
755 827 848 897 μὲν
919 825 1254 895 ἐπίστευσαν,
1311 827 1493 881 ίκείνοι
1552 825 1612 882 δὲ
1672 829 1794 886 ἠπίη

181 926 410 966 manu.

243 1003 312 1050 Ti
351 995 454 1066 δη
489 1005 581 1054 καὶ
626 1004 653 1055 ὁ
680 1001 884 1066 Ἰούδας
932 1007 1109 1081 θρόνον
1159 1005 1278 1071 ἓξει,
1311 1011 1399 1059 καὶ
1449 1014 1785 1082 κατακρινεῖ;

185 1086 343 1159 Οὐχί.
404 1095 566 1149 Κοινὴ
622 1094 712 1164 μὶν
741 1095 844 1168 γὰρ
884 1095 915 1152 ἡ
949 1092 1230 1166 ἐπαγγελία
1265 1099 1392 1170 πρὸς
1429 1100 1546 1157 τοὺς
1577 1092 1789 1149 δώδεκα

183 1179 423 1248 μαθητὰς
484 1181 574 1232 ἶνα
624 1178 756 1252 μηδ’
824 1181 872 1235 ἐν
931 1186 1091 1256 ταύτῃ
1147 1193 1247 1236 τῶν
1301 1185 1467 1237 ἄλλων
1523 1186 1548 1236 ὁ
1581 1182 1786 1245 Ἰούδας

181 1263 508 1325 ἐλαττωθείη.
542 1269 833 1329 Φαυλὸτητι
863 1267 923 1324 δι
967 1271 1155 1344 ψυχῆς
1192 1273 1343 1334 αὐτὸς
1374 1274 1553 1326 ἑαυτὸν
1591 1277 1784 1336 ταύτης

175 1353 548 1430 iussa-rienes».
604 1357 759 1412 Ἐστι
810 1363 911 1434 γάρ
963 1366 1118 1435 νόμος
1167 1369 1261 1414 τοῦ
1311 1370 1445 1416 Θεοῦ
1491 1365 1637 1438 παρὰ
1693 1364 1782 1418 Ἰε-

163 1449 357 1516 ρεμίου
448 1450 578 1520 πρὸς
653 1445 946 1511 Ἰουδαίους
1028 1449 1356 1523 ἐκφωνηθεὶς,
1439 1456 1529 1504 καὶ
1599 1451 1776 1524 λέγων’

163 1533 284 1585 Ἐὰν
395 1533 686 1610 ἐπιστρέψῃ
825 1542 876 1590 τὸ
988 1542 1130 1602 ἔθνος
1221 1540 1381 1594 έκεῖνο
1479 1541 1580 1594 ἀπὸ
1680 1550 1778 1594 τῶν

157 1631 366 1674 κακιῶν
451 1624 645 1694 αὐτῶν⁹
728 1633 1026 1698 μετανοησω
1094 1627 1240 1701 κὰγώ
1324 1628 1425 1682 ἀπὸ
1505 1639 1604 1683 τῶν
1686 1651 1777 1684 κα-

155 1719 284 1775 κῶν,
360 1711 432 1763 ὧν
499 1712 815 1788 ἐλογισάμην
884 1725 1107 1775 ποιῆσαι
1177 1719 1372 1780 αὐτοῖς.
1453 1716 1598 1786 Εἶτα,
1674 1726 1775 1773 Καὶ

1910 564 1984 619 sit
2025 567 2534 630 condemnaturus
2585 577 2739 634 illos.
2778 581 3078 654 Siquidem
3147 602 3286 643 cum
3333 589 3560 646 eisdem

1906 653 2177 711 moribus
2208 673 2291 748 ac
2315 659 2550 731 legibus
2603 670 2659 722 et
2710 667 2772 723 hi
2820 653 2877 726 et
2911 671 2995 727 illi
3043 673 3163 730 sint
3207 677 3462 748 enutriti,
3495 678 3558 734 hi

1906 744 2106 800 tamen
2136 746 2531 822 crediderunt,
2562 752 2644 809 illi
2669 770 2810 813 vero
2839 759 3080 816 credere
3106 762 3445 820 noluerunt.

1971 991 2121 1055 Quid
2163 1009 2305 1066 ergo
2356 996 2384 1051 ?
2419 999 2678 1057 Judasne
2707 1003 2886 1060 etiam
2945 1008 3152 1065 sedem
3195 1011 3442 1070 habebit
3494 1018 3551 1080 et

1897 1080 2376 1140 condemnabit?
2399 1089 2812 1162 Nequaquam.
2834 1093 3179 1153 Communis
3209 1100 3365 1155 enim
3394 1101 3550 1160 facta

1895 1171 1983 1223 est
2037 1171 2356 1240 promissio
2410 1175 2492 1232 ad
2541 1177 2861 1238 duodecim
2915 1184 3264 1258 discipulos,
3323 1204 3399 1245 ne
3443 1205 3548 1260 per

1893 1255 2052 1313 hanc
2079 1257 2262 1316 Judas
2305 1261 2368 1318 in
2423 1263 2545 1322 ullo
2584 1269 2810 1326 caeteris
2867 1255 3125 1331 deterior
3176 1255 3543 1346 haberetur;

1891 1343 2018 1416 ipse
2040 1362 2180 1403 vero
2211 1350 2429 1408 animae
2476 1356 2767 1426 pravitate
2807 1359 3072 1432 seipsum
3101 1362 3215 1420 hac
3255 1367 3534 1435 privavit.

1892 1435 1990 1489 Est
2021 1437 2180 1492 enim
2237 1438 2338 1496 Dei
2388 1440 2480 1498 lex
2518 1459 2555 1499 a
2608 1445 2867 1504 Jeremia
2915 1452 3299 1521 promulgata
3333 1454 3414 1511 ad
3441 1457 3544 1511 Ju-

1889 1521 2073 1593 dteos,
2099 1541 2234 1596 quae
2262 1528 2402 1584 dicit
2433 1546 2446 1584 :
2481 1530 2548 1586 Si
2577 1548 2857 1593 conversa
2904 1539 3093 1607 fuerit
3127 1555 3270 1610 gens
3313 1541 3415 1599 illa
3462 1544 3540 1600 ab

1885 1610 2298 1682 iniquitatibus
2329 1620 2468 1685 suis,
2499 1622 2796 1689 penitebit
2848 1632 2900 1681 et
2947 1642 3040 1684 me
3089 1630 3383 1686 malorum
3417 1649 3540 1704 qua:

1885 1704 2266 1770 coyitaveram
2293 1707 2492 1776 facere
2515 1710 2660 1766 illis.
2693 1712 2918 1770 Deinde
2946 1715 3062 1772 ait:
3099 1718 3172 1772 Et
3201 1719 3254 1773 si
3278 1720 3538 1788 fecerint

157 1799 246 1851 ἐὰν
323 1807 607 1859 ποιήσωσι
664 1807 723 1856 τὸ
791 1809 1013 1878 πονηρὸν
1079 1805 1288 1860 ἐνώπιόν
1361 1827 1484 1880 μου,
1551 1815 1643 1861 τοῦ
1698 1814 1770 1881 μὴ

1931 1790 2102 1845 talum
2127 1808 2319 1850 coram
2351 1811 2461 1863 me,
2487 1803 2552 1852 ut
2568 1814 2684 1854 non
2708 1802 2955 1858 audiant
2979 1819 3172 1861 vocem
3203 1823 3402 1874 meam,
3421 1825 3533 1879 pae-

155 1886 376 1942 ἀκούειν
455 1899 548 1951 τῆς
624 1901 794 1964 φωνῆς
866 1915 987 1967 μου,
1068 1901 1373 1968 μετανοήσω
1445 1895 1591 1969 κάγὼ
1655 1903 1774 1970 περὶ

151 1987 256 2028 τῶν
337 1977 578 2050 ἀγαθῶν,
635 1981 702 2031 ὧν
755 1982 983 2040 ἐλάλησα
1035 1991 1127 2036 τοῦ
1183 1994 1406 2044 ποιῆσαι
1458 1985 1655 2047 αύτοῖς.
1705 1991 1770 2039 Τί

149 2067 242 2118 οὖν
289 2087 459 2139 φησιν
510 2069 656 2130 οὗτος
695 2072 722 2122 ὁ
771 2075 962 2144 νόμοςς
1000 2075 1079 2125 ὅτι
1127 2072 1246 2128 Ἐὰν
1284 2073 1552 2133 ἀπειλήσω
1591 2084 1769 2127 κακῶ-

151 2161 247 2207 σαί
295 2175 380 2218 σε,
434 2162 528 2209 καὶ
574 2155 886 2234 διορθωθῇς,
931 2160 1104 2224 λύσεις
1147 2181 1247 2234 μου
1295 2168 1388 2221 τὴν
1431 2163 1624 2236 ψῆφον
1678 2170 1769 2218 καὶ

147 2244 237 2296 ἐὰν
287 2247 631 2320 ύπόσχωμαί
683 2267 768 2301 σοι
823 2248 1014 2320 ἀγαθά,
1067 2255 1157 2302 καὶ
1207 2252 1539 2326 ῥᾳθυμήσῃς,
1592 2252 1769 2316 λύσεις

146 2355 244 2391 μου
284 2340 390 2394 τὴν
429 2334 767 2408 ἐπαγγελίαν.
823 2341 890 2392 Σύ
941 2342 1042 2414 γὰρ
1093 2344 1279 2406 αἴτιος,
1322 2340 1524 2404 ἀνάξιος
1572 2345 1765 2406 ταύτης

142 2428 437 2496 γενόμενος.
504 2428 793 2479 Μετάνοιαν
845 2430 944 2503 γὰρ
1000 2427 1085 2482 ἐπὶ
1135 2437 1225 2481 τοῦ
1276 2435 1403 2484 Θεοῦ
1456 2435 1550 2492 τήν
1623 2431 1764 2485 ἐναλ-

146 2514 313 2584 λαγήν
353 2520 452 2565 τοῦ
498 2522 699 2568 σκοποῦ
751 2524 981 2589 νοοῦμεν,
1039 2519 1103 2579 ἧς
1153 2517 1314 2572 αἱτιοι
1354 2522 1556 2582 πάντως
1594 2523 1759 2593 ἡμεῖς.

145 2607 260 2673 Χρὴ
307 2598 376 2655 δέ
415 2609 716 2674 γινώσκειν,
773 2608 854 2658 ὄτι
891 2613 995 2668 τοῖς
1044 2605 1256 2660 δώδεκα
1305 2611 1567 2679 μαθηταῖς
1609 2630 1762 2663 συνα-

149 2693 334 2763 ριθμεί
396 2698 488 2744 καὶ
559 2698 678 2754 τούς
748 2695 961 2771 ὕστερον
1025 2695 1466 2770 ἀντεισαχθέντας
1538 2700 1606 2760 εἰς
1675 2705 1760 2754 τὸν

146 2783 321 2852 χορὸν
352 2788 450 2832 τῶν
491 2778 706 2836 δώδεκα
747 2787 1014 2855 μαθητῶν,
1049 2789 1120 2848 ὡς
1145 2791 1238 2846 τὴν
1269 2789 1431 2848 αὐτὴν
1461 2795 1551 2842 καὶ
1580 2795 1759 2843 πίστιν

141 2873 229 2920 καὶ
255 2866 542 2922 διακονίαν
569 2869 928 2936 ἀναδέξασθαι
954 2875 1252 2948 μέλλοντας,

210 2964 318 3012 Καὶ
407 2990 480 3000 —
535 2960 939 3035 κληρονομήσει.
1012 2964 1155 3038 Ὑμῖν
1229 2970 1318 3038 μὲν
1382 2975 1492 3031 τοῖς
1547 2965 1758 3024 δώδεκα

137 3052 446 3116 γενήσεται,
504 3051 677 3112 καθὼς
726 3053 928 3125 εἴρηκα,
979 3058 1069 3106 καὶ
1108 3062 1216 3116 τοῖς
1267 3057 1443 3120 ἄλλοις
1490 3054 1550 3110 δέ
1600 3065 1752 3126 πᾶσι,

136 3143 239 3198 τοῖς
281 3139 660 3204 πιστεύουσιν,
703 3143 852 3192 ἔσται
881 3139 1009 3195 τάδε
1038 3149 1128 3196 καὶ
1174 3141 1321 3200 τάδε.
1354 3149 1621 3210 Ματθαίος
1791 3169 1832 3226 C

133 3225 217 3276 οὖν
295 3227 471 3291 εἶπεν,
551 3230 711 3280 ἕνεκεν
785 3237 878 3283 τοῦ
933 3231 1179 3304 ὀνόματός
1253 3255 1376 3307 μου,
1455 3236 1569 3289 ἀντὶ
1639 3245 1750 3305 τοῦ,

133 3310 205 3365 δι’
299 3314 418 3387 ἐμέ.
508 3318 721 3390 Μάρκος
797 3315 857 3371 δε
948 3325 1290 3394 προσέθηκεν,
1365 3324 1446 3377 ὁτι
1509 3331 1598 3378 καὶ
1659 3335 1751 3379 τοῦ

130 3402 487 3476 Εύαγγελίου,
541 3411 804 3473 τουτέστι,
856 3413 946 3462 καὶ
995 3407 1088 3464 διὰ
1127 3415 1186 3464 τὸ
1224 3419 1492 3488 κήρυγμα.
1542 3422 1751 3478 Λουκᾶς

546 3494 629 3546 ὁτι
696 3498 856 3550 ἕνεκεν
929 3507 1019 3560 τῆς
1096 3499 1365 3574 βασιλείας
1434 3513 1526 3557 τοῦ
1591 3513 1747 3572 Θεοῦ,

130 3580 313 3651 ἦγουν,
369 3578 471 3634 διὰ
517 3588 614 3641 τὴν
664 3583 935 3656 βασιλείαν
984 3597 1077 3642 τοῦ
1127 3597 1275 3655 Θεοῦ,
1318 3592 1402 3644 ἳνα
1443 3596 1586 3668 τύχῃ
1620 3599 1747 3647 ταύ-

127 3687 241 3729 της.
285 3670 507 3743 Ὠνσπερ
553 3669 632 3737 δι,
665 3673 786 3726 ὃταν
833 3676 1017 3748 ἔλεγεν,
1048 3678 1107 3731 Ὀ
1139 3678 1392 3742 ἀπολέσας
1420 3687 1516 3741 τὴν
1558 3683 1745 3756 ψυχὴν

126 3759 292 3812 αὐτοῦ
342 3763 510 3813 ἕνεκεν
561 3761 706 3831 ἐμοῦ,
755 3765 966 3840 εὑρήσει
1013 3769 1197 3838 αὐτὴν,
1241 3771 1300 3824 ού
1352 3781 1505 3827 τοῦτο
1558 3774 1744 3847 ἔλεγεν,

126 3848 215 3899 ἱνα
281 3849 580 3923 ἀναιρῶμεν
632 3853 864 3919 ἑαυτοὺς,
938 3857 1048 3910 ἀλλ’

133 3488 176 3542 δ’
168 3510 189 3542 ε
267 3514 344 3565 φη
357 3512 463 3555 σιν,

1125 3859 1209 3912 ἳνα
1261 3867 1350 3914 καὶ
1423 3863 1584 3926 αὐτῆς
1654 3875 1744 3928 τῆς

129 3936 328 4007 ψυχῆς
400 3942 545 4010 ἡμῶν
623 3953 955 4018 προτιμῶμεν
1012 3954 1107 4007 την
1178 3951 1250 4012 εἰς
1315 3952 1470 4005 αύτόν
1537 3960 1738 4008 πίστιν·

128 4025 275 4077 οὕτω
320 4032 417 4080 καὶ
468 4037 549 4081 νῦν
607 4030 785 4104 λέγων,
831 4034 929 4098 ’ος
983 4035 1147 4110 ἀφῆκε
1190 4049 1435 4113 γυναῖκα,
1489 4044 1585 4116 ούχ
1661 4047 1744 4098 ἵνα

126 4111 448 4189 dune-351.19
502 4119 671 4183 ἁπλῶς
722 4127 837 4185 τούς
892 4129 1114 4198 γάμους,
1182 4111 1336 4183 τοῦτὸ
1393 4111 1574 4205 gina-ru,
1637 4133 1742 4186 ἀλλ’

128 4204 217 4254 ἵνα
266 4211 357 4258 καὶ
400 4206 565 4269 αὐτῆς
609 4219 701 4271 τῆς
745 4213 981 4286 συζύγου
1037 4228 1368 4293 προτιμῶμεν
1417 4227 1506 4274 καὶ
1563 4222 1736 4293 αὐτὸν,

121 4297 213 4345 καί
269 4298 331 4346 τὸ
385 4296 726 4370 Εὖαγγέλιον,
785 4307 875 4355 καὶ
932 4309 1027 4362 τὴν
1082 4305 1355 4378 βασιλείαν
1425 4318 1518 4364 τοῦ
1581 4319 1734 4368 Θεοῦ.

119 4387 292 4436 Τοῦτο
363 4382 430 4438 δέ
499 4392 592 4440 καὶ
645 4387 729 4442 ἐπὶ
791 4393 968 4455 πάσης
1041 4395 1199 4458 ἄλλης
1267 4405 1569 4470 συγγενείας
1645 4407 1736 4455 καὶ

122 4471 475 4536 οἰκειότητος.
1764 4518 1811 4572 D

202 4565 415 4635 Μάρκος
468 4560 526 4618 δε
575 4571 666 4620 καὶ
711 4574 921 4633 Λουκᾶς
963 4579 1306 4651 φανερώτερον
1363 4583 1481 4653 περὶ
1540 4582 1734 4632 τούτων

125 4647 410 4723 ἔκθέμοοι,
517 4659 613 4714 τήν
709 4657 1215 4716 ἑκατονταπλασίονα
1327 4664 1550 4738 ἀμοιϐὴν
1661 4678 1734 4741 τῷ

121 4750 290 4813 καιρῷ
331 4744 511 4815 τούτῳ
555 4743 1022 4822 ἂποκεκληρῶσθαί
1077 4772 1256 4825 φασιν,
1299 4758 1481 4826 ἤγουν,
1522 4766 1594 4829 τῷ
1645 4767 1732 4811 νῦν

126 4829 291 4880 αἰῶ-ιρι·
342 4837 447 4890 τὴν
488 4829 547 4886 δέ
599 4834 805 4889 αἰώνιον
869 4838 1027 4904 ζωὴν,
1079 4850 1150 4912 τῷ
1202 4841 1486 4917 ὶρχομένῳ,
1543 4850 1730 4912 εἷτουν,

125 4925 199 4986 τῷ
279 4921 541 4991 μέλλοντι.
630 4922 1166 4984 Ἐκατόνταπλασίονα
1251 4929 1330 4998 δε,
1420 4933 1534 4988 ἀντὶ
1614 4944 1730 5004 τοῦ,

120 5006 570 5063 πολλαπλασίονα.
619 5013 772 5066 Οὕτω
813 5019 915 5090 γὰρ
964 5018 1040 5089 (4)
1077 5016 1212 5074 εἶπεν
1251 5023 1277 5074 ὁ
1313 5028 1541 5086 Λουκᾶς.
1579 5026 1734 5092 Ἀλλὰ

115 5103 222 5156 πῶς
269 5100 338 5150 ἄν
397 5118 480 5162 τις
534 5100 684 5154 λάϐοι
724 5107 820 5163 τὴν
865 5106 1287 5164 πολλαπλασίονα
1327 5116 1522 5173 ταύτην
1581 5115 1727 5189 ἂμοι·

116 5182 214 5242 σήν
257 5185 310 5238 ἓν
339 5195 418 5257 τῷ
453 5195 541 5240 νῦν
592 5191 779 5256 «iam;
831 5199 976 5264 Πῶς;
1031 5195 1119 5259 Ὠς
1147 5199 1328 5253 ἕλαϐον
1366 5202 1415 5254 οἱ
1446 5202 1729 5259 ἀπόστολοι

184 5364 226 5400 ι’
254 5365 480 5423 Jerem.
513 5384 673 5436 mu,
715 5369 771 5437 8,
804 5375 887 5427 10.
966 5375 1016 5410 ⁵ο
1053 5377 1225 5434 Marc.
1265 5395 1326 5444 χ,
1355 5379 1443 5435 99.

1521 5383 1564 5418 δ’
1609 5383 1748 5440 Luc.
1771 5399 1934 5454 xvm,
1960 5384 2054 5442 29.

1879 1877 2074 1934 nitebit
2096 1886 2150 1935 et
2179 1898 2269 1938 me
2290 1883 2534 1941 debonis
2556 1903 2687 1959 quae
2707 1890 3080 1949 decreveram
3091 1895 3290 1962 facere
3306 1877 3431 1953 illis
3459 1899 3529 1952 ω.

1879 1967 2031 2032 Quid
2070 1985 2212 2035 ergo
2254 1972 2335 2028 ait
2408 1974 2526 2031 ista
2574 1975 2668 2032 lex
2697 1977 2727 2032 ?
2773 1979 2832 2034 Si
2890 1983 3293 2040 comminatus
3362 1985 3532 2044 fuero

1877 2059 1941 2108 ut
1985 2055 2202 2112 faciam
2267 2060 2370 2116 tibi
2423 2063 2673 2132 malum,
2722 2071 2780 2122 et
2812 2072 2878 2123 tu
2942 2069 3282 2142 corrigens,
3333 2073 3526 2130 solves

1873 2158 2076 2200 meam
2102 2150 2455 2207 sententiam
2483 2167 2496 2206 :
2531 2156 2587 2208 et
2624 2153 2671 2209 si
2700 2156 3036 2226 promisero
3097 2159 3202 2216 tibi
3250 2161 3436 2229 bona,
3471 2168 3530 2222 et

1873 2231 2167 2301 ignaviter
2231 2239 2439 2309 egeris,
2495 2240 2689 2298 solves
2743 2259 2941 2302 meam
3013 2247 3525 2319 promissionem:

1872 2327 1976 2377 tua
1998 2324 2159 2381 enim
2217 2342 2403 2385 causa
2451 2328 2645 2386 factus
2692 2347 2756 2389 es
2787 2349 2858 2390 ea
2885 2334 3192 2406 indignus.
3235 2340 3526 2396 Paeniten-

1871 2410 2015 2467 tiam
2044 2427 2185 2485 ergo
2216 2415 2277 2471 in
2308 2418 2429 2474 Deo
2478 2418 2867 2492 intelligimus
2913 2426 3204 2498 propositi
3248 2430 3524 2486 mutatio-

1869 2514 2029 2568 nem,
2081 2503 2253 2573 cujus
2310 2521 2421 2562 nos
2486 2508 2738 2566 omnino
2813 2528 2996 2569 causa
3053 2531 3284 2572 sumus.
3367 2517 3524 2575 Scire

1868 2593 2067 2645 autem
2113 2599 2363 2664 oportet,
2402 2597 2567 2668 quod
2629 2598 2942 2671 discipulis
2973 2610 3371 2660 connumerat
3417 2621 3522 2663 eos

1866 2677 1969 2748 qui
1991 2683 2379 2751 postmodum
2399 2684 2460 2740 in
2477 2685 2728 2743 chorum
2746 2687 3056 2746 duodecim
3083 2690 3519 2763 dlscipulorum

1867 2765 2306 2837 subingressuri
2358 2777 2496 2830 sunt
2543 2780 2746 2848 utpote
2803 2777 3078 2834 eamdem
3108 2778 3293 2836 ﬁdem
3332 2780 3520 2838 idem-

1865 2870 1984 2926 que
2005 2858 2402 2918 ministerium
2429 2865 2787 2937 suscepturi.

1935 2944 2096 3001 Vers-
2138 2949 2224 3004 29.
2253 2949 2329 3005 Et
2355 2982 2423 2992 —
2453 2951 2793 3012 haereditate
2844 2956 3116 3027 accipiet.
3172 2956 3352 3014 Vobis
3383 2959 3512 3031 qui-

1862 3031 2000 3088 dem
2030 3033 2352 3094 duodecim
2409 3043 2756 3113 contingent
2776 3060 2911 3118 quae
2942 3045 3086 3111 dixi,
3120 3047 3346 3104 caeteris
3373 3064 3512 3106 vero

1863 3121 2242 3179 credentibus
2299 3133 2471 3185 erunt
2532 3130 2662 3187 haec
2733 3133 2865 3189 ista.
2948 3135 3254 3192 Mattheus
3309 3136 3513 3210 itaque

1862 3207 2011 3265 dixit
2042 3227 2054 3264 :
2090 3212 2333 3270 Prorter
2368 3233 2572 3274 nomen
2614 3236 2828 3286 meum,
2853 3223 2916 3277 id
2963 3229 3070 3290 est,
3118 3229 3362 3297 propter
3392 3207 3509 3284 me.

1859 3301 2084 3356 Marcus
2105 3308 2300 3359 autem
2333 3305 2564 3362 addidit
2591 3326 2604 3363 :
2639 3310 2712 3364 Et
2755 3317 3006 3380 propter
3049 3314 3411 3385 evangelium
3435 3317 3507 3372 σο.

1857 3385 1972 3443 hoc
1994 3400 2085 3446 est
2123 3397 2368 3464 prepter
2415 3395 2931 3466 praedicationem.
2965 3399 3160 3458 Lucas
3208 3417 3347 3458 vero
3377 3403 3502 3460 ait:

1857 3475 2111 3549 Propter
2133 3489 2381 3552 regnum
2405 3484 2509 3539 Dei
2536 3485 2605 3551 δι,
2642 3490 2707 3541 ιιι
2733 3485 2954 3543 scilicet
2981 3487 3128 3544 illud
3175 3504 3503 3563 consequa-

1856 3578 1973 3630 tur.
2024 3571 2542 3638 Quemadmodum
2587 3578 2786 3630 autem
2815 3576 3062 3648 quando
3086 3576 3326 3636 dicebat
3351 3601 3365 3635 :
3395 3580 3506 3646 Qui

1850 3661 2166 3734 perdiderit
2197 3662 2450 3718 animam
2485 3677 2653 3718 suam
2678 3678 2803 3720 mea
2847 3680 3052 3736 causa,
3075 3665 3332 3724 inveniet
3355 3685 3501 3736 eam,

1852 3765 1974 3808 non
2002 3751 2116 3809 hoc
2146 3751 2402 3808 dicebat.
2447 3756 2511 3808 ut
2538 3752 2817 3825 nosipsos
2848 3753 3278 3822 interimamus,
3309 3758 3414 3814 sed
3441 3763 3505 3816 ut

1851 3841 1959 3913 ipsi
2004 3841 2184 3897 etiam
2222 3840 2434 3896 animae
2485 3844 2724 3906 nostrae,
2773 3842 2951 3898 ﬁdem
3007 3859 3142 3916 quae
3193 3843 3254 3900 in
3301 3846 3502 3918 ipsum

1850 3935 1939 3985 est
1967 3945 2412 4002 prteponamus,
2443 3929 2527 3986 ita
2556 3934 2613 3986 et
2650 3947 2809 3986 nunc
2828 3931 3028 3988 dicens
3055 3953 3068 3988 :
3105 3933 3220 4001 Qui
3246 3936 3500 4007 relique-

1849 4026 1930 4074 rit
1969 4034 2235 4081 uxorem,
2296 4033 2419 4074 non
2470 4018 2584 4075 hoc
2629 4019 2794 4088 dixit,
2853 4025 2918 4077 ut
2971 4023 3213 4094 nuptias
3269 4025 3502 4096 penitus

1849 4106 2094 4170 dividat,
2129 4107 2236 4162 sed
2283 4111 2348 4163 ut
2370 4107 2484 4179 ipsi
2514 4123 2752 4180 quoque
2783 4110 3025 4181 coniugi
3073 4127 3500 4184 praeponamus

1847 4199 1907 4252 et
1952 4195 2156 4266 ipsum
2198 4199 2255 4250 et
2313 4195 2708 4265 Evangelium
2759 4202 2816 4251 et
2873 4213 3126 4270 regnum
3173 4200 3295 4255 Dei.
3380 4203 3498 4257 Hoc

1847 4289 2046 4340 autem
2073 4283 2208 4338 etin
2235 4283 2402 4339 omni
2455 4282 2569 4339 alia
2606 4285 2958 4356 cognatione
2986 4290 3043 4342 et
3096 4287 3496 4345 familiaritate

1845 4373 2166 4429 dicendum
2193 4375 2300 4428 est.

1914 4588 2145 4644 Marcus
2193 4592 2481 4659 praeterea
2528 4589 2586 4642 et
2630 4585 2820 4641 Lucas
2872 4585 3250 4644 manifestius
3281 4588 3357 4645 de
3395 4588 3492 4646 his

1843 4675 2170 4738 recitantes,
2215 4673 2558 4745 centuplam
2579 4673 3030 4731 retributionem
3069 4676 3184 4732 hoc
3228 4683 3493 4750 tempore

1841 4765 2087 4836 rependi
2135 4763 2363 4831 dicunt,
2425 4761 2488 4818 in
2531 4763 2646 4819 hoc
2693 4761 2968 4819 videlicet
3033 4765 3273 4832 saeculo,
3306 4767 3494 4824 vitam

1841 4861 2038 4910 autem
2089 4857 2374 4908 aeternam
2439 4856 2691 4908 venturo
2766 4852 2884 4908 sive
2954 4853 3154 4911 futuro
3235 4856 3302 4921 δ’,
3375 4857 3493 4914 Cen

1840 4941 2008 5012 tupla
2037 4955 2195 5006 vero,
2226 4939 2340 4995 hoc
2389 4945 2496 5007 est,
2535 4939 2699 4996 varie
2757 4941 3164 5013 multiplicata,
3206 4948 3310 5000 aut
3340 4944 3492 5000 mul-

1840 5034 1901 5087 to
1934 5029 2128 5102 plura,
2178 5030 2329 5085 sicut
2365 5028 2516 5085 dixit
2554 5031 2760 5085 Lucas.
2814 5030 2927 5086 Sed
2958 5034 3268 5102 quomodo
3325 5034 3490 5089 varie

1839 5119 2293 5191 multiplicatam
2357 5117 2601 5190 accipiet
2651 5119 2787 5191 quis
2837 5118 2989 5174 hanc
3036 5120 3488 5178 retributionem

1837 5207 1900 5263 in
1925 5208 2202 5280 praesenti
2230 5207 2448 5264 saeculo
2472 5209 2501 5264 ?
2526 5207 2838 5274 Quomodo
2868 5211 2897 5263 ?
2925 5208 3084 5266 Sicut
3130 5213 3488 5282 acceperunt

2139 5385 2187 5420 ⁵³
2211 5387 2389 5443 Marc.
2420 5401 2473 5442 x.
2508 5389 2596 5444 30.
2629 5386 2772 5446 Luc.
2809 5401 2970 5453 xvm,
3003 5389 3090 5444 30.

1367 5558 1593 5630 Variae
1630 5561 1958 5632 lectiones
1982 5571 2046 5628 et
2077 5569 2280 5628 nota.

172 5633 260 5700 (ι)
286 5629 393 5685 ’Δν
419 5631 577 5692 addit
601 5637 664 5692 Β.
