3906 6202
459 352 560 406 531

465 566 625 620 enim
665 561 827 633 quod
854 560 1123 615 omnium
1176 557 1443 613 ﬁdelium
1498 557 1714 612 domos
1769 554 1877 609 sibi
1930 550 2115 607 habe-

464 654 613 709 hant
662 653 921 720 apertas.
1002 650 1227 702 Fratres
1274 648 1451 703 etiam
1491 651 1546 702 et
1596 659 1828 700 sorores
1874 655 2115 713 paraveo

463 745 598 796 runt
641 753 849 793 omnes
902 741 1141 792 sanctos
1184 742 1239 793 et
1270 742 1510 791 sanctas
1543 752 1557 801 ;
1593 739 1792 807 patres
1821 746 1960 785 vero
1987 746 2114 785 om-

464 845 571 884 nes
602 828 765 898 ipsos
796 826 1077 895 colentes,
1109 825 1501 898 ipsorumque
1554 839 1759 879 curam
1804 821 2114 883 habentes,

466 934 533 973 ac
564 932 701 987 erga
746 916 909 987 ipsos
964 914 1402 986 compassionis
1446 912 1663 969 affectu
1708 916 1939 975 tactos;
1972 923 2115 963 nam

465 1008 595 1063 haec
636 1010 772 1060 sunt
817 1004 1057 1076 propria
1095 1004 1280 1075 patris
1319 1027 1329 1069 ;
1364 1008 1583 1058 matres
1632 1016 1871 1075 quoque
1902 1013 2114 1053 omnes

468 1096 597 1169 pari
622 1095 802 1151 modo
851 1110 912 1149 se
960 1092 1250 1149 habentes
1284 1109 1298 1159 ;
1332 1108 1547 1161 uxores
1593 1107 1731 1146 vero
1776 1104 1984 1144 omnes
2012 1085 2117 1141 mi-

469 1185 814 1247 nistrantes,
860 1183 1300 1238 subservientes
1359 1197 1429 1236 ac
1477 1184 1752 1235 curantes
1808 1194 1927 1242 eos,
1986 1176 2116 1230 haec

470 1274 766 1346 siquidem
808 1272 1007 1328 uxoris
1037 1276 1171 1326 sunt
1221 1285 1405 1342 opera
1433 1287 1445 1335 ;
1479 1269 1631 1325 ﬁlios
1663 1273 1962 1341 praeterea,
1993 1280 2118 1319 om-

468 1379 575 1418 nes
608 1360 923 1434 dicipulos.
1010 1359 1102 1415 Ad
1148 1359 1275 1414 haec
1349 1373 1554 1413 omnes
1623 1356 1888 1412 ﬁdelium
1943 1368 2119 1423 agros

469 1452 531 1507 in
589 1467 697 1506 sua
749 1453 1035 1522 potestate
1086 1447 1391 1504 habebant
1434 1464 1446 1501 :
1504 1447 1790 1518 quodque
1845 1443 2118 1500 omnium

471 1548 558 1600 est
614 1540 873 1596 maxime
934 1536 1306 1605 admirabile,
1383 1537 1588 1592 omnia
1641 1536 1771 1590 haec
1821 1534 2123 1589 habebant

472 1650 604 1690 cum
664 1630 1191 1704 persecutionibus,
1262 1632 1440 1701 prout
1495 1625 1725 1683 addidit
1781 1628 2008 1681 Marcus
2048 1626 2116 1689 ³⁸,

470 1724 585 1778 hoc
638 1724 728 1776 est
780 1737 814 1774 a
870 1718 1010 1773 ﬁdei
1084 1717 1335 1772 inimicis
1402 1715 1876 1788 persecutionem
1947 1712 2118 1768 susti-

471 1818 698 1868 nentes.

473 1901 553 1957 tia
593 1899 939 1963 sanitatum,
1011 1900 1117 1952 aut
1169 1895 1500 1969 prophetia,
1570 1900 1672 1950 aut
1725 1892 1888 1949 aliud
1954 1892 2123 1964 quip-

471 1990 635 2063 piam
664 1986 879 2042 simile.

544 2080 704 2133 Vers.
759 2076 853 2133 30.
892 2074 1072 2130 Multi
1092 2106 1160 2113 —
1188 2074 1389 2142 primi.
1444 2072 1602 2149 Multi
1650 2073 1753 2145 qui
1791 2072 1887 2128 hic
1916 2070 2124 2126 viden-

475 2170 570 2223 tur
620 2163 817 2236 primi,
879 2166 1050 2218 erunt
1122 2161 1201 2216 ibi
1268 2160 1571 2233 postremi.
1630 2161 1752 2215 Hoc
1810 2163 2009 2214 autem
2071 2162 2128 2212 et

477 2253 824 2326 simpliciter
863 2252 935 2307 de
968 2250 1252 2307 omnibus
1310 2249 1534 2306 dictum
1578 2254 1684 2315 est,
1718 2253 1781 2304 ut
1811 2264 2127 2320 nunquam

474 2343 538 2399 hi
576 2343 680 2414 qui
705 2343 1139 2414 praeponuntur
1183 2338 1243 2394 in
1284 2339 1426 2403 vita,
1471 2338 1829 2396 extollantur
1881 2356 1894 2404 ;
1934 2353 2127 2410 neque

477 2431 582 2504 qui
634 2430 730 2485 hic
786 2428 1213 2501 despiciuntur,
1278 2428 1552 2483 animum
1594 2426 2000 2498 despondeant
2033 2429 2128 2494 ;et

477 2518 772 2593 praecipue
792 2518 869 2574 ad
920 2518 1243 2573 Pharisaeos
1296 2516 1498 2590 eisque
1526 2516 1744 2571 similes
1792 2531 1985 2571 sermo
2042 2530 2129 2570 re-

479 2608 679 2675 fertur,
735 2606 840 2681 qui
904 2606 1203 2679 primatus
1260 2606 1394 2662 totis
1441 2605 1829 2661 vindicabant
1882 2603 2126 2659 viribus.

482 2699 631 2764 Quia
660 2712 800 2753 vero
828 2712 948 2753 non
984 2711 1195 2752 omnes
1239 2712 1309 2751 eo
1350 2698 1615 2767 tempore
1655 2693 1996 2761 credebant,
2028 2693 2132 2748 sed

481 2787 580 2844 alii
618 2787 854 2859 quidem
894 2785 1077 2858 prius,
1136 2784 1232 2840 alii
1282 2800 1423 2840 vero
1474 2789 1702 2856 postea,
1749 2784 1919 2857 ponit
1962 2800 2135 2857 para-

481 2875 683 2932 bolam
710 2891 845 2947 quae
874 2874 1227 2945 posteriores
1271 2872 1615 2929 consoletur
1639 2874 1976 2945 animaeque
2005 2873 2135 2943 inji-

484 2966 602 3021 ciat
625 2964 1011 3028 alacritatem,
1045 2979 1229 3035 quam
1268 2967 1453 3019 totam
1508 2962 1730 3035 pariter
1777 2979 2017 3019 necesse
2050 2966 2137 3017 est

484 3055 748 3129 primum
776 3053 1066 3123 accipere,
1124 3052 1247 3124 (nn)
1278 3053 1361 3110 ita
1398 3057 1753 3125 exposcente
1803 3053 1931 3124 ejus
1961 3069 2131 3109 enar-

1780 332 2125 393 EUTHYMII
2176 330 2509 387 ZIGABENI

465 475 717 549 apostoli
744 476 801 529 et
838 476 1127 541 martyres
1154 470 1466 539 ceterique
1512 481 1725 523 omnes
1765 463 1929 535 justi.
1975 461 2114 517 Vide

2243 464 2312 510 ιαὶ
2360 461 2407 510 οἱ
2452 462 2709 533 μάρτυρες
2752 466 2841 512 καὶ
2883 462 2931 511 οἱ
2974 456 3175 511 δίκαιοι
3226 459 3450 521 ἅπαντες.
3487 460 3603 532 Ὀρα
3638 465 3731 533 γὰρ,

773 1810 965 1863 Potest
1034 1806 1213 1862 etiam
1290 1821 1419 1861 esse
1498 1803 1928 1876 multiplicatio,
1990 1818 2117 1873 gra-
2152 1814 2195 1869 Β
2229 1820 2346 1870 των,
2418 1804 2448 1859 ἥ

3652 338 3728 392 532
3852 32 3872 387 ί

2225 635 2644 710 ἀναπεπταμένας
2731 638 2928 704 αὐτοῖς,
3027 643 3117 689 καὶ
3221 636 3450 709 ἀδελφους
3531 643 3604 710 μὶν
3674 645 3738 691 καὶ

2224 548 2304 598 ὃτι
2356 550 2530 610 πάσας
2578 552 2667 609 τὰς
2738 552 2940 601 πάντων
3013 556 3112 599 τῶν
3178 558 3366 600 πιστῶν
3423 549 3567 611 οἰκίας
3613 553 3733 621 ἔσχον

2226 724 2448 799 ἀδελφὰς
2501 728 2786 787 ἐκτήσαντο
2837 732 3033 790 πάντας
3093 733 3214 789 τοὺς
3270 728 3436 800 ἁγίους
3480 734 3557 781 καὶ
3606 731 3739 791 πάσας

2223 820 2317 878 τὰς
2359 817 2532 888 ἁγίας,
2577 822 2803 890 πατέρας
2861 814 2919 870 δὲ
2968 819 3161 877 πάντας
3207 820 3319 877 τοὺς
3368 815 3634 889 στᾶργοντας
3670 822 3737 869 καὶ

2226 907 2593 981 φροντίζοντας
2621 912 2709 959 καὶ
2753 906 3272 978 σπλαγχνιζομένους
3300 904 3367 958 ἐπ’
3403 906 3571 966 αὐτοῖς·
3612 914 3737 958 ταῦτα
3870 904 3871 973 ἦ

2224 998 2327 1068 γὰρ
2396 993 2515 1048 ἴδια
2580 1002 2797 1069 πατρὸς
2864 1000 3088 1068 μητέρας
3141 992 3220 1061 δὲ,
3272 998 3432 1055 πάσας
3474 998 3555 1057 τὰς
3596 997 3737 1066 ὁμοίως

2226 1082 2478 1155 ἐχούσας·
2537 1093 2785 1156 γυναῖκας
2836 1082 2895 1138 δὲ
2943 1088 3120 1146 πάσας
3171 1085 3261 1145 τὰς
3314 1081 3622 1144 διακονούσας
3676 1088 3740 1135 καὶ

2227 1175 2583 1245 ὑπηρετούσας
2652 1180 2740 1225 καὶ
2813 1173 3181 1246 ἐπιμελομένοις
3240 1174 3418 1225 αὐτῶν·
3479 1181 3620 1225 ταῦτα
3668 1175 3741 1243 γὰρ

2228 1267 2354 1335 ἔργα
2422 1269 2682 1334 γυναικός·
2752 1268 2903 1316 τέκνα
2969 1260 3028 1316 δὲ
3104 1265 3302 1323 πάντας
3368 1266 3477 1323 τοὺς
3538 1264 3744 1334 μαθητάς.

2228 1351 2384 1405 Ἀλλὰ
2431 1359 2519 1404 καὶ
2566 1356 2760 1415 πάντας
2805 1358 2927 1414 τοὺς
2972 1352 3163 1425 ἀγροὺς
3210 1361 3309 1404 τῶν
3350 1361 3529 1405 πιστῶν
3557 1348 3673 1423 εἶχον
3696 1352 3745 1412 εἰς

2229 1442 2492 1505 ἐξουσίαν.
2538 1447 2638 1495 Καὶ
2685 1447 2743 1494 τὸ
2776 1440 3220 1516 παραδοξότατον,
3278 1443 3438 1495 πάντα
3464 1448 3608 1492 ταῦτα
3632 1444 3749 1511 ἔσχον

2229 1536 2360 1605 μετὰ
2412 1530 2681 1603 διωγμῶν,
2739 1535 2808 1594 ὡς
2861 1534 2887 1583 ὁ
2939 1536 3151 1605 Μάρκος
3208 1534 3529 1604 προσέθηκεν⁵
3576 1532 3596 1581 ὁ
3650 1529 3746 1589 ἔστι,

2231 1619 2539 1693 διωκόμενοι
2611 1625 2753 1695 παρὰ
2823 1630 2922 1674 τῶν
3001 1619 3205 1693 ἐχθρῶν
3275 1629 3365 1680 τῆς
3426 1625 3634 1679 πίστεως.
3681 1617 3749 1673 Εἳη

2232 1708 2279 1763 δ’
2334 1712 2394 1762 ἄν
2438 1710 2834 1763 πολλαπλασίων
2882 1711 3091 1783 ἀμοιϐὴ,
3140 1716 3229 1762 καὶ
3280 1712 3309 1768 η
3347 1712 3501 1784 χάρις
3535 1716 3617 1760 τῶν
3642 1707 3752 1778 ἰαμά-

2530 1808 2623 1853 τοῦ
2697 1800 3004 1874 προϐλέπειν
3084 1804 3141 1852 τό
3218 1799 3415 1872 μελλον,
3475 1802 3503 1856 ἦ
3572 1798 3752 1849 τοιούτου

2228 1895 2334 1943 τινό
2344 1911 2386 1952 ς,

2306 2069 2490 2123 Πολλοὶ
2578 2100 2645 2109 —
2719 2077 2937 2142 πρῶτοι.
3021 2067 3205 2121 Πολλοὶ
3289 2076 3476 2141 πρῶτοι
3545 2062 3757 2121 δοκοῦντες

2237 2160 2283 2212 ἐν
2335 2168 2406 2231 τῷ
2454 2163 2670 2231 παρόντι
2712 2157 2831 2231 βίῳ,
2893 2161 3100 2211 ἔσονται
3144 2160 3369 2230 ἔσχατοι
3413 2157 3538 2207 κατὰ
3572 2157 3645 2206 τὸν
3675 2155 3756 2220 μέλ-

2235 2250 2406 2315 λοντα,
2461 2253 2549 2301 καὶ
2598 2248 2912 2312 τούναντίον,
2982 2250 3205 2318 ἔσχατοι
3266 2244 3526 2305 δοκοῦντες
3570 2242 3751 2304 ἐνταῦθα,

2238 2341 2443 2390 ἔσονται
2498 2346 2691 2413 πρῶτοι
2761 2338 2886 2393 ἐκεῖ.
2951 2342 3114 2389 Τοῦτο
3189 2333 3250 2389 δὲ
3318 2340 3511 2409 εἴρηται
3568 2334 3641 2405 μὶν
3693 2333 3754 2379 καὶ

2236 2433 2353 2502 περὶ
2400 2430 2599 2480 πάντων
2650 2426 2835 2489 ἁπλῶς,
2889 2427 2971 2478 ἶνα
3022 2431 3153 2497 μήτε
3204 2428 3255 2477 οἱ
3306 2427 3437 2477 κατὰ
3471 2427 3547 2476 τὸν
3588 2424 3761 2495 παρόντα

2240 2518 2356 2590 βίον
2430 2523 2811 2589 προτιμώμενοι
2885 2514 3219 2587 ἐπαίρωνται,
3289 2520 3419 2586 μήτε
3490 2514 3531 2564 οἱ
3596 2508 3761 2561 ἐνταῦθα

2238 2610 2706 2679 καταφρονούμενοι
2772 2605 3034 2677 ἁθυμῶσι·
3107 2602 3349 2676 μάλιστα
3417 2600 3472 2655 δί
3519 2605 3627 2674 πρὸς
3679 2599 3763 2654 τοὺς

2241 2700 2577 2769 Φαρισαίους,
2633 2700 2722 2746 καὶ
2773 2698 2894 2755 τοὺς
2949 2696 3238 2756 τοιούτους,
3300 2695 3325 2745 ὁ
3382 2694 3520 2762 λόγος
3580 2688 3767 2740 ἀποτέτα-

2242 2805 2347 2849 ται,
2441 2787 2519 2856 (δ)
2570 2793 2667 2836 τῶν
2739 2788 2999 2858 πρωτείων
3062 2783 3303 2855 ἰσχυρῶς
3368 2780 3767 2847 ἀντιποιουμένους.

2241 2876 2385 2927 Ἐπεὶ
2430 2871 2489 2926 δὲ
2533 2874 2589 2925 ού
2636 2876 2822 2935 πάντες
2868 2873 3003 2924 κατὰ
3030 2876 3117 2924 τὸν
3161 2872 3319 2925 αὐτὸν
3350 2870 3523 2945 χρόνον
3548 2864 3763 2919 πιστεύον-

2246 2983 2348 3030 σιν,
2396 2962 2501 3015 ἀλλ’
2531 2965 2577 3015 οἱ
2620 2966 2710 3035 μὲν
2751 2971 2973 3036 πρῶτον,
3009 2964 3056 3013 οἱ
3102 2959 3160 3014 δὲ
3187 2961 3430 3035 ὓστερον,
3468 2958 3769 3023 tremimus-

2244 3054 2395 3112 ϐολήν
2444 3054 2912 3125 παραμυθουμένην
2968 3055 3089 3112 τοὺς
3145 3051 3509 3124 ὑστεροῦντας,
3561 3048 3634 3097 καὶ
3676 3059 3773 3112 προ-

484 3142 733 3207 ratione,
759 3144 814 3197 et
852 3141 1091 3197 demum
1149 3157 1220 3197 ea
1271 3159 1408 3216 quae
1457 3142 1814 3198 videbantur
1873 3141 2134 3197 similiter

2246 3147 2433 3216 θυμίαν
2486 3143 2661 3203 αὐτοῖς
2727 3140 3102 3213 ἐμϐάλλουσαν,
3159 3142 3223 3200 ἣν
3282 3143 3413 3213 ὁμοῦ
3459 3144 3610 3189 πᾶσαν
3660 3130 3769 3199 ἀνάγ

484 3231 600 3304 (oo)
630 3230 704 3287 de
754 3247 826 3288 ea
876 3231 1108 3288 dicere:
1142 3248 1499 3306 quanquam
1554 3232 1714 3288 enim
1768 3231 2138 3304 longiuscula

491 3322 589 3387 sit,
621 3328 762 3395 apta
786 3325 988 3379 tamen
1014 3326 1099 3379 est
1129 3326 1194 3378 ut
1213 3321 1383 3378 facile
1409 3320 1539 3395 capi
1569 3322 1780 3394 possit,

622 3589 774 3645 CAP.
804 3588 958 3643 XLII.
986 3588 1063 3643 De
1092 3587 1341 3643 mercede
1370 3586 1665 3643 conductis
1706 3587 2010 3656 operariis.

564 3678 707 3747 Cap.
736 3678 839 3731 XX.
874 3678 1032 3731 Vers.
1069 3680 1113 3730 l.
1137 3674 1337 3730 Simile
1363 3705 1429 3714 —
1461 3676 1615 3729 Vers.
1666 3673 1730 3728 in
1757 3674 1923 3730 rebus
1951 3676 2087 3731 meis
2116 3675 2143 3731 Τ

496 3765 673 3837 Hujus
702 3762 899 3819 omnis
933 3762 1229 3834 parabolae
1257 3762 1447 3817 solum
1470 3762 1825 3834 exponenda
1846 3769 1984 3818 sunt
2013 3781 2142 3837 quae

492 3858 830 3929 opportuna
857 3851 1154 3918 videntur,
1188 3850 1369 3907 veluti
1397 3855 1601 3907 monet
1632 3851 2093 3924 Chrysostomus
2122 3874 2141 3927 ς

495 3947 705 4000 caetera
734 3957 871 3997 vero
898 3956 1020 3996 non
1066 3944 1203 3996 sunt
1250 3941 1482 3996 curiose
1509 3942 1852 4008 scrutanda,
1887 3942 2036 3999 sicut
2064 3944 2146 3999 vi-

496 4029 715 4086 cesimo
745 4034 959 4102 quarto
991 4028 1179 4101 capite
1210 4028 1614 4100 praediximus.
1648 4032 1711 4084 In
1737 4030 1849 4085 hac
1875 4030 2033 4086 enim
2062 4049 2143 4088 re-

497 4136 677 4207 gnum
719 4118 993 4207 caelorum
1034 4116 1376 4187 intelligitur
1406 4118 1535 4190 ipse
1581 4119 1859 4175 Christus.
1895 4120 2042 4177 sicut
2086 4123 2145 4177 in

497 4208 797 4291 parabolis
844 4206 1180 4281 frequenter
1212 4207 1489 4262 diximus.
1535 4207 1719 4264 Vinea
1750 4212 1947 4265 autem
2019 4212 2147 4282 ejus

498 4297 846 4369 evangelica
874 4297 1065 4369 ipsius
1124 4301 1417 4368 przecepta
1467 4301 1629 4354 sunt.
1691 4299 1954 4370 Operarii
2004 4316 2145 4356 vero

493 4388 835 4461 hujusmodi
884 4386 1094 4452 vineae,
1169 4386 1445 4442 homines
1520 4391 1865 4458 operatores
1936 4388 2143 4445 talium

2244 3234 2388 3285 καῖον
2464 3230 2705 3284 ἐκθέσθαι
2779 3239 3003 3301 πρῶτον,
3080 3231 3246 3291 οὕτως
3327 3228 3633 3284 ἀπαιτούσης
3710 3228 3777 3275 TE;

2246 3324 2538 3395 ἐξηγήσεως
2583 3321 2764 3382 αὐτῆς·
2816 3317 2922 3373 εἶτα
2949 3320 3126 3372 λοιπὸν
3169 3321 3304 3391 ὁμοῦ
3359 3322 3448 3370 καὶ
3492 3319 3552 3368 τὰ
3580 3311 3777 3365 δοκοῦντα

2244 3415 2360 3485 περὶ
2406 3414 2602 3471 ταύτης
2655 3412 2833 3466 εἰπεῖν,
2888 3408 2949 3463 Εἰ
3000 3412 3100 3482 γὰρ
3161 3414 3253 3461 καὶ
3310 3409 3487 3481 μακρά
3538 3409 3609 3465 τίς
3661 3400 3777 3459 ἐστιν,

2247 3499 2352 3551 ἀλλ’
2385 3500 2499 3558 εὔλη
2509 3519 2628 3559 πτος
2660 3503 2899 3571 πέφυκεν.

2408 3596 2559 3644 ΚΕΦ.
2598 3595 2716 3645 ΜΒ.
2756 3592 2878 3662 Περὶ
2908 3595 3005 3639 τῶν
3044 3588 3413 3659 μισθουμένων
3444 3584 3667 3658 ἐργατῶν.

2315 3678 2502 3751 Ὁμοία
2544 3709 2611 3717 —
2661 3676 2709 3728 ἐν
2763 3673 2873 3737 τοῖς
2922 3673 3097 3747 ἐμοῖς;
3147 3678 3257 3737 Τῆς
3302 3676 3427 3736 ὃλης
3465 3676 3641 3729 ταύτης
3663 3681 3783 3736 παρα·

2248 3766 2403 3828 ϐολῆς
2448 3771 2512 3819 τα
2553 3772 2734 3839 καίρια
2779 3770 2929 3838 μόνον
2974 3763 3335 3839 ἐρμηνευτέον,
3370 3767 3441 3826 ὡς
3471 3766 3495 3814 ὁ
3540 3760 3785 3832 Χρυσόπο-

2248 3877 2339 3929 μος
2382 3856 2457 3927 (6)
2504 3855 2784 3928 ἐπιτρέπει,
2831 3854 2994 3905 τᾶλλα
3028 3850 3076 3905 δ’
3111 3854 3169 3905 ού
3201 3855 3619 3927 περιεργαστέον,
3647 3849 3697 3903 ὡς
3726 3843 3785 3891 καί

2250 3945 2296 3997 ἐν
2371 3954 2442 4015 τῷ
2509 3945 2722 4013 εἰκοστῷ
2796 3945 3019 4017 τετάρτῳ
3090 3942 3359 4015 κεφαλαίῳ
3427 3932 3785 4017 προδιελάϐομῖδ.

2250 4034 2457 4087 Νοεῖται
2536 4036 2636 4107 γὰρ
2680 4036 2728 4085 ἐν
2780 4036 2943 4105 ταύτῃ
3002 4031 3254 4105 βασιλεία
3327 4035 3419 4104 μὲν
3473 4037 3569 4082 τῶν
3621 4025 3785 4095 οὐρανῶν

2252 4124 2404 4185 αὐτὸς
2457 4125 2482 4174 ὁ
2532 4126 2778 4195 Χριστὸς,
2834 4124 3007 4183 καθὼς
3058 4122 3334 4193 πολλαχοὺ
3387 4129 3486 4173 τῶν
3552 4109 3785 4189 παραϐολῶν

2251 4214 2544 4286 εἰρήκαμεν·
2597 4210 2832 4283 ἀμπελών
2878 4207 2938 4262 δὲ
2981 4210 3158 4279 αὑτοῦ,
3219 4212 3275 4261 αἱ
3335 4208 3655 4280 εύαγγελικαὶ
3702 4199 3794 4250 ἐδτι-

2250 4302 2335 4354 λαὶ
2408 4301 2591 4353 αὐτοῦ’
2657 4300 2869 4371 ἐργάται
2942 4296 3001 4352 δὲ
3081 4306 3176 4350 τοῦ
3237 4302 3487 4352 τοιούτου
3563 4289 3796 4366 ἀμπελῶνος

2252 4394 2300 4443 οἱ
2358 4389 2572 4465 ἐργάται
2623 4397 2723 4442 τῶν
2771 4391 3017 4441 τοιούτων
3076 4388 3289 4440 ἐντολῶν
3350 4390 3629 4461 ἄνθρωπον
3667 4378 3802 4448 καιρὸς

492 4483 953 4548 praeceptorum.
992 4476 1253 4547 Tempus
1311 4475 1695 4547 operationis,
1728 4492 1989 4549 praesens
2031 4479 2134 4534 vita

2256 4478 2313 4533 δὲ
2342 4490 2437 4541 τῆς
2493 4478 2759 4553 ἐργασίας,
2802 4480 2827 4529 ὁ
2859 4482 3035 4549 παρὼν
3093 4476 3228 4549 βίος·
3282 4480 3430 4550 πρωί
3476 4472 3535 4527 δὲ
3579 4474 3657 4523 κάὶ
3692 4470 3800 4536 τρίτη

2545 4571 2561 4573 ..
2772 4572 2775 4573 ,
2843 4565 2855 4573 .
2911 4568 2921 4573 -
3126 4572 3130 4573 ν
3199 4566 3209 4573 .
3256 4563 3279 4573 -
3376 4568 3384 4573 ,
3560 4565 3571 4573 .
3626 4557 3695 4573 ,,
3780 4571 3800 4573 γ’

494 4566 829 4621 Diluculum
860 4580 1019 4634 vero,
1052 4565 1199 4620 hora
1220 4561 1409 4629 tertia,
1456 4570 1639 4630 sexta,
1672 4580 1853 4633 nona,
1878 4574 1932 4622 et
1957 4567 2142 4624 unde-

492 4656 657 4720 cima,
713 4655 890 4711 variae
948 4654 1261 4711 hominum
1313 4657 1518 4709 aetates
1570 4654 1790 4726 quibus
1844 4656 1923 4711 ad
1964 4656 2142 4713 ﬁdem

490 4743 752 4809 veniunt,
813 4748 868 4798 et
913 4742 1092 4814 probi
1131 4741 1269 4797 facti
1328 4746 1446 4798 Deo
1497 4742 1754 4815 placent.
1805 4745 2141 4803 Diluculum

489 4831 805 4904 siquidem,
835 4831 956 4886 sive
982 4830 1179 4902 prima
1208 4832 1378 4897 hora,
1408 4835 1552 4888 aetas
1578 4836 1669 4889 est
1698 4848 1906 4890 eorum
1936 4836 2034 4907 qui
2060 4838 2140 4893 ab

560 4966 607 5000 ³³
641 4964 821 5023 Marc.
852 4980 912 5032 χ,
932 4962 1021 5019 30.

2252 4578 2361 4644 ὠρα
2407 4574 2495 4620 καὶ
2538 4571 2658 4625 ἕκτη
2698 4572 2788 4619 καὶ
2836 4565 2987 4623 ἐνάτη
3053 4572 3141 4617 καὶ
3190 4563 3476 4631 ἑνδεκάτη,
3520 4565 3575 4615 αἱ
3616 4557 3806 4627 διάφοροι

2252 4668 2348 4711 τῶν
2408 4657 2678 4732 ἀνθρὼρων
2732 4656 2951 4722 ἡλικίαι,
3010 4655 3124 4707 καθ’
3176 4655 3232 4715 ἃς
3278 4665 3346 4728 τῇ
3415 4659 3592 4706 πίστει
3638 4648 3803 4719 προσέρ-

2250 4768 2454 4821 χονται,
2502 4752 2590 4799 καὶ
2637 4743 2997 4815 εὐδοκιμοῦσι.
3036 4748 3177 4820 Πρωῖ
3222 4749 3317 4817 μὲν
3347 4747 3478 4818 γὰρ,
3512 4746 3642 4805 ἤτοι,
3671 4738 3807 4810 πρώτη

2250 4840 2379 4910 ὥρα,
2432 4839 2462 4895 ἠ
2514 4837 2695 4894 ἡλικία
2737 4844 2838 4887 τῶν
2892 4836 3134 4893 νηπιόθεν
3178 4833 3481 4891 κληθέντων
3531 4831 3602 4892 εἰς
3639 4831 3718 4886 τὰς

1714 5108 1931 5178 Variae
1971 5112 2300 5183 lectiones
2328 5122 2393 5182 et
2424 5122 2603 5181 notae

556 5244 631 5315 (5)
662 5242 1053 5299 Scribendum
1082 5240 1338 5315 videtur,
1371 5244 1489 5304 τοὺς
1506 5250 1640 5315 τῶν,

555 5313 787 5392 (ῥὶ-Ηοο
815 5315 950 5392 loco
972 5330 1081 5392 pro
1133 5313 1343 5368 κελεύει.
1378 5313 1645 5392 Explicat
1672 5316 1802 5392 haec
1830 5318 2136 5392 Chrysost.

482 5391 526 5443 t.
568 5384 692 5453 VII,
738 5402 798 5458 p.
850 5384 991 5441 638:
1034 5388 1250 5442 Locum
1311 5384 1511 5442 autem
1570 5388 1919 5461 Euthymius
1950 5384 2145 5463 'potis-
2182 5408 2185 5411 λ

551 5566 685 5642 (nt!)
711 5565 1004 5642 Accipere.
1053 5566 1295 5642 Ponere.
1329 5579 1701 5642 recensere,
1725 5568 1931 5642 Nescio
1988 5570 2135 5642 quid

501 5638 684 5709 egerit
710 5637 1031 5693 Hentenius
1073 5639 1205 5694 loco
1261 5636 1524 5689 ἐκθέσθαι.
1574 5638 1743 5694 Forte
1791 5636 2131 5711 ἐκδέχεοῖθαι.

2249 5249 2467 5305 simum
2520 5246 2754 5319 respicit
2782 5245 2991 5320 _ibid.:
3040 5245 3115 5298 Ού
3164 5250 3274 5320 χρὴ
3322 5248 3499 5299 πάντα
3552 5246 3615 5296 τὰ
3659 5240 3701 5292 ἕν
3735 5240 3819 5289 ταῖς

2254 5320 2571 5396 παραϐολαῖς
2599 5317 2655 5376 κ.
2693 5338 2746 5376 τ,
2781 5317 2835 5376 λ,

2204 5544 2209 5547 ﬁ
2253 5570 2488 5625 Poterat
2518 5566 2699 5623 etiam
2730 5568 2921 5624 dicere
2954 5570 3159 5627 θέσθαι,

2318 5641 2430 5711 (oo)
2454 5640 2759 5697 Similiter.
2786 5640 2994 5706 Simul,
3027 5656 3146 5697 uno
3166 5640 3329 5708 loco,
3360 5654 3490 5697 non
3514 5652 3618 5711 per
3641 5634 3818 5708 parteS-
