3906 6202
475 313 581 368 535

1796 290 2150 351 EUTHYMII
2183 289 2519 349 ZIGABENI

3661 300 3738 355 536

549 439 709 491 Vers.
746 436 831 487 is.
859 431 925 487 Si
969 460 1036 470 -
1084 443 1233 482 sum.
1286 425 1472 492 Quod,
1512 440 1621 496 pro
1670 424 1791 491 sed,
1819 421 1915 476 hic
1946 418 2136 473 sumi-

2315 417 2378 470 Εἰ
2412 448 2480 456 —
2539 416 2680 487 έίμις
2731 419 2800 469 Τό
2849 417 2948 481 ὃτι,
3003 415 3115 467 ἀντὶ
3168 422 3275 479 τοῦ,
3328 418 3397 487 (9)
3444 418 3569 474 ἀλλά,
3630 429 3743 493 Λέγει

480 534 590 581 tur.
625 524 715 578 Ait
736 522 894 578 enim
921 535 931 572 :
967 518 1021 573 Si
1043 516 1251 571 oculus
1284 521 1422 570 tuus
1445 513 1683 568 invidus
1706 517 1812 575 est,
1838 510 1998 582 atqui
2023 524 2133 579 ego

478 616 672 670 bonus
704 626 857 677 sum,
893 621 1139 661 servans
1169 611 1225 660 et
1266 610 1320 660 te
1362 609 1419 659 et
1457 603 1643 658 illum.
1676 605 1757 656 Tu
1787 616 1926 654 vero
1958 614 2031 653 ne
2063 612 2135 652 ex

478 704 593 759 hoc
623 698 877 755 turberis
903 695 1077 767 quasi
1103 692 1365 765 {equalia
1382 693 1599 747 dentur
1618 691 1829 745 bravia
1855 687 1947 742 his
1974 686 2076 759 qui
2101 701 2137 742 a

480 790 677 862 prima
711 789 884 841 astate
930 798 1119 855 usque
1161 780 1236 836 ad
1274 781 1453 836 ﬁnem
1496 779 1839 849 evangelica
1868 790 2135 831 servave-

478 880 618 934 runt
659 877 983 947 praecepta,
1027 875 1083 925 et
1120 870 1213 926 his
1253 869 1357 941 qui
1395 870 1455 924 in
1498 874 1803 940 postrema
1838 869 2008 921 astate
2046 880 2140 920 ac-

480 966 860 1038 quieverunt.
922 960 1124 1017 Solum
1173 960 1330 1015 enim
1383 958 1584 1013 docuit
1635 956 1927 1029 parabola
1973 953 2140 1026 quod

482 1053 788 1127 mqualiter
832 1051 979 1107 salvi
1032 1050 1202 1112 ﬁunt,
1251 1064 1374 1104 non
1413 1047 1579 1120 quod
1618 1046 1795 1102 etiam
1838 1044 2142 1117 aequaliter

483 1142 914 1213 gloriﬁcantur,
944 1139 1109 1194 salus
1139 1138 1437 1209 siquidem
1460 1140 1550 1192 est
1574 1151 1694 1191 non
1716 1134 1927 1207 perire,
1953 1132 2143 1202 gloria

484 1247 624 1290 vero
656 1229 943 1300 consequi
966 1227 1173 1283 bravia
1197 1242 1334 1299 qum
1360 1225 1525 1281 varia
1551 1229 1688 1280 sunt
1702 1225 1872 1295 juxta
1898 1237 2141 1294 propor-

488 1321 714 1376 tionem
744 1318 885 1373 data
909 1317 1005 1372 his
1034 1317 1138 1387 qui
1173 1319 1500 1370 servantur.

556 1410 715 1463 Vers.
764 1408 851 1462 16.
902 1406 995 1461 Sic
1041 1436 1109 1445 —
1160 1403 1479 1460 novissimi.
1532 1406 1658 1459 Non
1705 1403 1819 1457 hoc
1867 1417 1938 1455 ex
1976 1416 2147 1471 para-

488 1498 631 1555 bola
684 1495 1013 1560 conclusit;
1057 1510 1199 1549 nam
1253 1493 1642 1563 impertinens
1693 1496 1800 1545 est.
1853 1490 1935 1545 lbi
1989 1490 2145 1544 enim

497 1585 707 1658 primis
734 1584 999 1656 aequales
1028 1588 1165 1637 sunt
1189 1582 1494 1654 postremi,
1521 1580 1617 1636 hic
1644 1585 1841 1635 autem
1868 1580 2151 1651 postremi

486 1676 768 1733 dicuntur
799 1674 993 1745 primi.
1041 1673 1155 1728 Sed
1204 1672 1350 1727 alius
1399 1676 1491 1727 est
1532 1671 1629 1726 hic
1677 1686 1895 1733 sermo.
1928 1670 2150 1726 docens

488 1764 655 1838 quod
710 1763 860 1818 sicut
906 1761 1051 1817 illud
1104 1760 1341 1824 accidit,
1372 1766 1438 1815 ut
1487 1760 1591 1831 qui
1647 1775 1682 1814 a
1730 1760 1926 1830 prima
1983 1763 2147 1813 aetate
2177 1759 2218 1812 B

488 1852 719 1925 operati
761 1855 918 1914 sunt,
974 1849 1270 1920 aqualem
1331 1848 1629 1918 accipiant
1684 1848 2020 1902 mercedem
2061 1847 2150 1901 his

489 1941 591 2012 qui
620 1940 679 1994 in
710 1943 1016 2009 postrema
1042 1939 1483 2009 acquieverunt,
1511 1937 1591 1992 ita
1618 1953 1762 1991 sane
1786 1943 1841 1991 et
1870 1937 1984 1991 hoc
2015 1951 2153 1991 con-

492 2028 681 2096 tingit,
711 2032 771 2081 ut
792 2026 1105 2081 novissimi
1118 2030 1451 2096 appareant
1470 2025 1557 2096 pri
1568 2026 1665 2089 mi,
1687 2030 1742 2079 et
1763 2025 1936 2096 primi
1960 2024 2153 2079 novis-

502 2115 659 2171 simi.
692 2114 949 2169 Possunt
980 2117 1182 2169 autem
1228 2112 1290 2168 hi
1333 2128 1462 2168 esse
1493 2112 1801 2168 Christiani
1833 2119 1889 2167 et
1918 2112 2149 2177 Judaei;

502 2209 606 2260 aut
648 2202 919 2257 ﬁdelium
975 2201 1227 2273 quidam
1288 2201 1349 2256 in
1404 2200 1713 2273 principiis
1766 2201 2153 2269 negligentes,

501 2292 898 2366 postmodum
939 2307 1081 2347 vero
1130 2290 1283 2346 serio
1326 2306 1573 2363 operam
1625 2290 1872 2357 dantes;
1904 2292 2156 2362 quidam

502 2384 706 2438 autem
750 2380 812 2435 in
855 2378 1162 2452 principiis
1203 2379 1535 2449 diligentes,
1588 2380 1977 2450 postmodum
2018 2395 2157 2435 vero

503 2469 910 2539 negligentes;
962 2484 1155 2541 neque
1200 2470 1362 2524 enim
1409 2469 1469 2523 in
1518 2467 1636 2523 ﬁde
1686 2468 1900 2532 solum,
1949 2469 2052 2524 sed
2097 2477 2159 2524 1n

530 2559 653 2615 vita
685 2573 929 2631 quoque
964 2558 1114 2613 ﬁunt
1160 2557 1511 2628 hujusmodi
1551 2558 1852 2613 transitus.

576 2648 740 2703 Vers.
775 2651 857 2703 16.
886 2646 1067 2702 Multi
1098 2678 1165 2687 —
1195 2648 1379 2703 electi.
1411 2646 1568 2703 Multi
1597 2646 1841 2718 quidem
1868 2647 1944 2703 ad
1976 2646 2159 2703 ﬁdem

504 2736 699 2793 vocati
737 2741 894 2801 sunt,
926 2736 1105 2807 pauci
1133 2752 1269 2791 vero
1301 2736 1708 2808 acquiescunt.

578 2828 742 2881 Vers.
780 2826 866 2880 l7.
917 2826 996 2879 Et
1038 2856 1106 2865 —
1155 2826 1312 2879 Vers.
1364 2826 1451 2879 19.
1503 2824 1915 2893 cruriﬁgatur.
1948 2829 2162 2881 Ascen-

508 2914 800 2985 densjam
825 2914 903 2969 ad
931 2914 1276 2969 Passionem
1304 2928 1542 2968 rursum
1569 2914 1835 2985 praadicit
1854 2914 2164 2985 discipulis

509 3020 644 3074 qua:
677 3002 943 3057 futurum
973 3007 1065 3057 est
1095 3007 1157 3057 ut
1188 3003 1296 3073 ipsi
1327 3004 1693 3071 contingant,
1727 3008 1787 3057 ut
1816 3004 2025 3058 crebro
2056 3005 2166 3059 illis

2243 508 2364 577 γὰρ,
2420 508 2500 557 ὅτι
2532 505 2647 558 Ἐὰν
2694 505 2719 555 ό
2768 504 3025 577 ὀφθαλμός
3076 524 3168 557 σου
3215 504 3456 577 βάσκανός
3494 509 3625 579 ἐστιν,
3670 510 3744 562 ἀλλ’

2243 591 2330 646 οὖν
2384 593 2482 665 ἐγὼ
2522 594 2721 666 ἁγαθός
2755 593 2881 665 εἰμι,
2939 595 3117 654 σώζων
3156 596 3243 665 μὶν
3289 600 3369 647 καὶ
3415 596 3483 661 σὲ,
3521 599 3667 658 σώζων
3705 598 3745 652 δὲ

2242 688 2332 735 καὶ
2374 691 2575 737 τοῦτον.
2632 688 2697 736 Σὺ
2753 680 2813 736 δὲ
2866 687 2937 755 μὴ
2988 681 3275 757 θορυϐηθῇς
3316 682 3532 751 ἐντεῦθεν,
3569 689 3625 746 ὡς
3652 689 3743 738 ἰσων

2247 772 2504 845 βραϐείων
2551 776 2921 846 παρεχομένων
2975 777 3065 825 καὶ
3113 778 3222 833 τοῖς
3268 772 3318 825 ἐκ
3364 781 3545 848 πρώτης
3592 775 3746 837 ἡλικίας

2246 861 2380 937 ἆχρι
2427 862 2598 923 τέλους
2651 861 3021 935 ἐργασαμένοις
3074 860 3164 923 τὰς
3221 860 3527 933 εὐαγγελικὰς
3582 862 3745 935 ἑντολιὶε,

2246 956 2336 1003 καὶ
2364 947 2474 1011 τοῖς
2504 950 2552 1003 ἓν
2582 949 2797 1022 ἐσχάτῳ
2825 956 2969 1024 γήρᾳ
3008 949 3432 1025 εὐαρεστὴσασιν.
3468 951 3518 1003 Η²
3542 950 3745 1026 παραϐολὴ

2246 1042 2348 1113 γὰρ
2396 1044 2549 1112 μόνον
2599 1036 2858 1104 ἐδίδαξεν,
2890 1041 2967 1092 ὅτι
3006 1038 3191 1100 ἐπίσης
3227 1040 3482 1105 σώζονται,
3518 1039 3569 1091 οὐ
3594 1045 3674 1112 μὴν
3696 1042 3751 1092 ὅτι

2249 1132 2339 1180 καὶ
2407 1126 2590 1189 ἐπίσης
2648 1125 2981 1190 δοξάζονται.
3046 1132 3284 1202 Σωτηρία
3333 1130 3415 1199 μὲν
3463 1130 3570 1201 γὰρ,
3613 1132 3658 1180 τὸ
3698 1132 3748 1199 μὴ

2252 1216 2557 1270 ἀπολέσθαι·
2614 1213 2747 1279 δόξα
2777 1214 2856 1281 δε,
2902 1220 2960 1268 τὸ
3007 1224 3190 1288 τυχεῖν
3233 1215 3486 1290 βραϐείων,
3533 1213 3755 1288 ἀδιάφορα

2254 1306 2356 1358 εἰσι
2386 1308 2522 1357 κατὰ
2550 1305 2825 1376 ἀναλογίαν
2855 1302 3113 1377 διδόμενα
3139 1314 3249 1367 τοῖς
3279 1306 3575 1377 σωζομένοις.

2327 1394 2506 1456 Οὕτως
2556 1424 2626 1435 —
2664 1396 2905 1466 ἔσχατοι.
2956 1394 3067 1446 Οὐκ
3123 1394 3179 1447 ἐκ
3223 1403 3311 1455 τῆς
3345 1392 3609 1467 παραϐολῆς
3648 1402 3756 1444 τοῦτο

2257 1486 2608 1557 συνεπέρανεν·
2655 1482 2901 1535 ἀνοίκειον
2939 1484 3062 1556 γὰρ’
3119 1479 3259 1535 διότι
3302 1483 3397 1535 ἐκεῖ
3432 1485 3512 1555 μὲν
3559 1484 3645 1533 ἶσοι
3680 1484 3757 1551 (10)

2256 1578 2365 1633 τοῖς
2412 1578 2640 1647 πρώτοις
2698 1574 2747 1623 οἱ
2803 1574 3047 1644 ἔσχατοι·
3107 1570 3327 1624 ἐνταῦθα
3388 1568 3442 1624 δὲ
3502 1572 3544 1623 οἱ
3596 1573 3758 1641 ἔσχατοι

2256 1670 2474 1733 πρῶτοι.
2531 1660 2635 1712 ἀλλ’
2687 1662 2853 1734 ἔτερος
2904 1656 3055 1723 οὗτος
3118 1662 3144 1712 ό
3190 1660 3357 1732 λόγος,
3412 1656 3659 1723 διδάσκων,
3706 1662 3760 1709 ὅτι

2258 1750 2430 1824 ὥσπερ
2489 1748 2646 1802 ἐκεῖνο
2699 1755 2918 1821 γίνεται,
2972 1754 3033 1802 τὸ
3087 1756 3194 1811 τοῖς
3251 1749 3306 1802 ἐκ
3364 1753 3554 1821 πρώτης
3615 1747 3759 1805 ἡλικίας

2259 1838 2629 1911 ἐργασαμένοις
2703 1835 2814 1891 ἴσον
2872 1840 3062 1911 μισθὸν
3131 1838 3303 1891 λαϐεῖν
3356 1842 3465 1898 τοὺς
3519 1836 3559 1888 ἐν
3607 1836 3761 1906 ἐσχάτῳ

2257 1934 2401 2002 γήρᾳ
2446 1928 2918 2003 εὐαρεστήσαντας,
2967 1928 3131 1990 οὕτως
3178 1930 3285 2003 ἄρα
3323 1932 3407 1979 καὶ
3441 1934 3574 1978 τοῦτο
3603 1930 3760 1996 γίνεται,

2260 2021 2319 2070 τὸ
2368 2020 2489 2079 τοὺς
2538 2017 2801 2089 ἕσχάτους
2843 2023 3082 2091 πρώτους
3124 2025 3367 2090 φανῆναι,
3416 2019 3499 2067 καὶ
3538 2018 3634 2074 τοὺς
3671 2019 3766 2071 πρώ-

2262 2125 2379 2166 τους
2435 2104 2718 2177 ἐσχάτους.
2781 2102 2890 2159 Εἶεν
2947 2101 2997 2158 δ’
3064 2105 3123 2157 ἂν
3176 2114 3225 2158 οῖ
3280 2126 3335 2159 τε
3383 2106 3664 2179 Χριστιανοὶ,
3706 2102 3764 2149 καὶ

2265 2197 2314 2248 οἱ
2362 2191 2635 2262 Ἰουδαῖοι,
2687 2199 2777 2246 καὶ
2811 2203 2911 2246 τῶν
2958 2203 3158 2247 πιστῶν
3207 2196 3259 2247 οἱ
3294 2194 3345 2258 ἐξ
3381 2193 3541 2267 ἀρχῆς
3576 2194 3647 2263 μὲν
3684 2188 3767 2259 ἆμε-

2263 2284 2534 2350 λήσαντες,
2579 2282 2795 2357 ὕστερον
2844 2281 2903 2337 δι
2951 2280 3371 2349 σπουδάσαντες,
3415 2286 3495 2334 καὶ
3520 2283 3564 2332 οἱ
3606 2276 3764 2350 ἐνάρχῇ

2266 2376 2355 2446 μὶν
2410 2368 2820 2443 σπουδάσαντες,
2876 2372 3090 2447 ὕστερον
3127 2370 3187 2426 δι
3236 2372 3580 2447 ἀμελήσαντες.
3613 2374 3671 2419 Ou
3698 2367 3767 2437 γὰρ

2268 2460 2351 2515 ἐπὶ
2396 2467 2620 2524 πίστεως
2666 2466 2840 2535 μόνον,
2891 2460 3019 2514 ἀλλά
3069 2467 3159 2515 καὶ
3207 2463 3296 2515 ἐπὶ
3347 2460 3461 2536 βίου
3511 2462 3558 2511 αἱ
3599 2462 3769 2508 τοιαῦται
3857 2500 3859 2507 ,

2269 2552 2319 2623 (ί
2338 2551 2383 2622 1)
2414 2549 2695 2624 μεταϐολαί
2708 2595 2721 2609 ,

2342 2640 2526 2693 Πολλοὶ
2593 2672 2663 2681 -
2727 2639 2981 2697 ἐκλεκτοί.
3056 2640 3244 2694 Πολλοὶ
3303 2640 3409 2715 μὲν,
3458 2641 3502 2691 οἱ
3548 2635 3775 2703 καλούμενοι

2272 2729 2343 2789 εἰς
2369 2734 2464 2787 τὴν
2494 2734 2695 2781 πίστιν·
2730 2729 2897 2801 ὀλίγοι
2926 2726 3007 2798 δε,
3033 2731 3082 2783 οἱ
3112 2730 3509 2802 εὐαρεστοῦντες.

2346 2821 2443 2871 Καὶ
2499 2848 2567 2858 —
2625 2827 2948 2889 σταυρῶσαι.
3004 2816 3378 2893 Ἀνερχόδενος
3432 2817 3504 2869 ἐπὶ
3553 2816 3597 2865 τό
3648 2809 3781 2864 Πάθος

2274 2902 2404 2972 ἤδη,
2483 2904 2636 2958 πάλιν
2711 2908 2945 2981 προλέγει
3007 2915 3112 2969 τοῖς
3169 2910 3436 2980 μαθηταῖς
3491 2906 3542 2955 τὰ
3594 2896 3783 2971 μέλλοντα

2277 2995 2413 3066 αὐτῷ
2469 2994 2794 3067 συμϐαίνειν,
2846 2995 2894 3048 ἓν
2946 3005 3020 3067 τῷ
3069 3006 3279 3060 πυκνῶς
3318 3004 3477 3050 ταῦτα
3514 2988 3721 3065 προλέγειν
3744 2984 3786 3033 τὸ

510 3090 895 3165 praedicendo
924 3090 1153 3147 auferat
1179 3091 1585 3147 vehementem
1613 3108 1819 3148 eorum
1850 3093 2165 3148 tristitiam.

2278 3083 2405 3136 πολὺ
2458 3091 2554 3146 τῆς
2599 3084 2767 3147 λύπης
2819 3085 2987 3137 αὐτῶν
3039 3086 3460 3159 ὑποτεμνόμενος.
3509 3073 3715 3134 Κατιδίαν
3749 3067 3787 3120 δὲ

515 3181 777 3238 Seorsim
810 3183 1008 3235 autem
1041 3179 1115 3234 de
1158 3179 1254 3234 his
1284 3180 1523 3235 disserit
1554 3179 1687 3245 illis,
1722 3180 2019 3250 siquidem
2048 3196 2168 3235 non

511 3269 734 3326 multos
765 3268 895 3324 haec
916 3268 1064 3323 scire
1093 3268 1410 3340 oportebat
1437 3283 1510 3323 ne
1532 3268 1992 3324 oﬂ‘enderentur.
2021 3272 2169 3326 Nam

513 3359 562 3415 si
584 3358 715 3414 haec
742 3358 1051 3413 audientes
1084 3356 1359 3430 discipuli
1386 3357 1801 3423 turbabantur,
1830 3358 2016 3414 multo
2048 3375 2171 3417 ma-

515 3448 605 3518 gis
639 3446 850 3502 turbm.

588 3538 703 3592 Cur
732 3550 875 3603 ergo
901 3548 1025 3588 non
1071 3533 1298 3589 dictum
1344 3538 1431 3589 est
1473 3534 1547 3589 de
1594 3535 1686 3590 his
1733 3540 1789 3591 et
1814 3535 1891 3591 ad
1921 3535 2171 3591 turbas?

518 3623 749 3679 Dictum
789 3626 873 3675 est
898 3620 1165 3691 quidem,
1194 3621 1299 3675 sed
1347 3637 1469 3676 non
1516 3608 1826 3677 manifeste
1859 3640 1871 3677 :
1900 3622 1997 3679 Sic
2036 3624 2168 3690 erit,

516 3707 731 3780 inquit,
764 3708 947 3761 Filius
976 3707 1228 3762 hominis
1254 3707 1317 3762 in
1349 3710 1525 3764 corde
1550 3716 1725 3765 terra?
1755 3711 1943 3765 tribus
1974 3712 2173 3767 diebus

518 3802 573 3854 et
608 3797 796 3851 tribus
826 3796 1092 3850 noctibus
1135 3796 1181 3830 ⁵⁵
1209 3812 1223 3861 ;
1256 3801 1313 3850 et
1349 3797 1488 3851 alibi
1535 3797 1753 3853 similia
1784 3798 1895 3853 illis
1922 3800 2175 3855 obscure

519 3885 776 3950 dicebat,
812 3884 964 3938 sicut
1002 3884 1063 3938 in
1111 3885 1496 3955 sequentibus
1539 3886 1930 3942 inveniemus.
1962 3891 2175 3944 Verum

521 3990 660 4031 cum
686 3974 815 4030 haec
844 3989 967 4029 non
992 3973 1406 4043 intelligerent,
1434 3992 1620 4047 quare
1651 3978 1897 4032 omnino
1927 3995 1997 4034 ea
2023 3979 2179 4034 dice-

520 4063 628 4119 bat
667 4062 823 4118 illis?
874 4065 943 4118 Ut
994 4079 1134 4118 cum
1184 4064 1570 4135 postmodum
1620 4082 1689 4122 ea
1730 4072 2176 4136 cognoscerent,

526 4153 747 4208 scirent
774 4152 941 4224 quod
989 4169 1123 4224 quae
1174 4169 1466 4225 passurus
1517 4160 1642 4210 erat
1669 4163 2177 4227 praecognoverat,

524 4246 583 4298 et
607 4240 937 4297 voluntarie
970 4241 1047 4296 ad
1078 4242 1418 4313 passionem
1452 4250 1714 4299 venerat.

597 4331 711 4387 Sed
741 4345 935 4403 neque
964 4330 1276 4402 discipulis
1327 4331 1616 4404 principio
1648 4333 2076 4405 particulariter
2107 4335 2180 4390 de

2278 3173 2452 3233 αὐτοῖς
2499 3177 2617 3247 περὶ
2666 3175 2857 3225 τούτων
2911 3174 3023 3245 (l2)
3074 3170 3395 3246 διαλέγεται,
3448 3169 3573 3225 διότι
3606 3164 3682 3217 οὐκ
3717 3156 3790 3212 Erit:

2278 3270 2447 3315 ταῦτα
2491 3264 2672 3332 μαθεῖν
2714 3266 2837 3324 τοὺς
2879 3262 3113 3327 πολλοὺς,
3168 3262 3257 3316 ἳνα
3285 3269 3357 3337 μή
3401 3254 3787 3337 σκωδαλισθὼσιν.

2281 3351 2342 3403 Εἰ
2364 3353 2465 3423 γὰρ
2493 3353 2542 3403 οἱ
2566 3353 2800 3423 μαθηταὶ
2824 3358 2991 3403 ταῦτα
3020 3350 3296 3414 ἀκούοντες
3325 3348 3649 3423 ἐθορυϐοῦντο,
3671 3336 3788 3401 πο)λῷ
3858 3340 3859 3343 “

2280 3439 2469 3512 μᾶλλον
2500 3442 2549 3492 οἱ
2574 3439 2749 3510 ὄχλοι.

2351 3531 2414 3584 Τί
2470 3524 2558 3582 οὖν
2619 3528 2714 3581 οὐκ
2769 3527 2957 3600 ἐλέχθη
3014 3534 3131 3603 περὶ
3185 3532 3381 3583 τούτων
3436 3530 3519 3579 καὶ
3568 3524 3673 3597 πρὸς
3710 3516 3791 3569 τοδί
3857 3521 3859 3527 “

2281 3617 2543 3689 πολλούς;
2590 3616 2812 3689 Ἐλέχθη
2853 3621 2963 3690 μὶν,
2998 3617 3100 3670 ἀλλ’
3148 3619 3253 3691 οὐχ
3310 3619 3440 3671 οὕτω
3489 3620 3652 3685 σαφῶς,
3689 3609 3791 3658 0'3?“

2281 3709 2406 3780 γὰρ.
2466 3710 2647 3778 φησὶν,
2706 3709 2854 3759 ἔσται
2909 3706 2997 3759 καὶ
3062 3709 3088 3759 ὁ
3164 3711 3291 3769 Υἱὸς
3342 3714 3434 3759 τοῦ
3500 3702 3720 3775 ἀνθρώπου
3759 3698 3790 3744 ἐν
3856 3771 3860 3777 ἡ

2283 3804 2345 3869 τῇ
2404 3793 2601 3869 καρδίᾳ
2671 3804 2762 3856 τῆς
2830 3805 2931 3866 γῆς
3004 3803 3137 3867 τρεῖς
3192 3798 3389 3871 ἡμέρας
3461 3799 3544 3845 καὶ
3592 3796 3695 3864 τρεῖς
3730 3786 3791 3871 ἦ·

2284 3904 2430 3945 κτας.
2489 3889 2587 3936 Καὶ
2644 3884 2878 3955 ἀλλαχοῦ
2933 3881 2992 3937 δὲ
3045 3892 3261 3937 τοιαῦτα
3316 3890 3444 3957 πρὸς
3501 3882 3663 3939 αὐτοὺς
3704 3870 3791 3925 εἶπεν
3844 3950 3859 3960 7‘

2289 3972 2520 4045 ἀσαφῶς,
2556 3977 2624 4035 ὡς
2671 3978 2934 4047 προϊόντες
2980 3975 3287 4049 εὑρήσομεν.
3338 3975 3446 4028 Καὶ
3494 3971 3590 4024 ἐπεὶ
3635 3966 3681 4019 οὐ
3718 3982 3795 4013 m-

2292 4066 2434 4115 ίεσαν
2487 4062 2640 4131 αὐτὰ,
2690 4060 2837 4115 διατί
2884 4062 3011 4124 ὅλως
3058 4072 3227 4115 ταῦτα
3273 4067 3407 4138 πρὸς
3453 4061 3623 4118 αὐτοὺς
3658 4054 3793 4119 ἴκτενῖ
3845 4132 3852 4138 _

2286 4151 2397 4204 Ἰνα
2442 4154 2569 4223 μετὰ
2609 4158 2777 4205 ταῦτα
2830 4154 3079 4223 μαθόντες
3128 4152 3259 4204 αὐτὰ
3308 4160 3522 4224 γνῶσιν,
3568 4150 3634 4201 ὅτι
3679 4156 3801 4215 πρτίγισ

2288 4247 2520 4307 νώσκων,
2554 4240 2589 4292 ἅ
2615 4243 2795 4293 παθεῖν
2823 4240 3039 4312 ἔμελλεν,
3072 4240 3197 4293 ἑκὼν
3229 4238 3381 4299 ἦλθεν
3415 4242 3481 4300 εἰς
3510 4243 3562 4291 τὸ
3586 4236 3740 4287 παθεῖν-

2358 4328 2512 4383 Ἀλλὰ
2561 4334 2651 4381 καὶ
2698 4336 2807 4389 τοῖς
2851 4331 3114 4401 μαθηταῖς
3164 4330 3258 4382 οὐκ
3310 4331 3366 4392 ἐξ
3420 4329 3585 4403 ἀρχῆς
3631 4322 3807 4387 λεπτθὲὠ

523 4420 617 4476 his
645 4419 881 4475 locutus
914 4424 1022 4483 est,
1057 4419 1161 4476 sed
1210 4420 1471 4491 primum
1510 4404 1754 4493 quidem
1781 4423 2056 4491 obscure,
2083 4423 2168 4478 de-

2288 4428 2391 4495 ρῶς
2456 4416 2564 4471 εἶπε
2613 4423 2730 4492 περὶ
2786 4421 3001 4489 τούτων,
3056 4417 3184 4471 ἀλλὰ
3238 4429 3447 4493 πρῶτον
3492 4421 3575 4490 μὲν
3629 4404 3807 4483 ἀμυδρῲ
3854 4412 3860 4421 ’

524 4508 665 4565 inde
684 4508 1078 4566 manifestius.
1101 4511 1268 4565 Nunc
1295 4524 1431 4565 vero
1453 4526 1591 4565 cum
1617 4511 1860 4566 tandem
1888 4513 2183 4567 Passionis

527 4597 813 4669 opinione
856 4597 1155 4653 exercitati
1186 4602 1342 4665 sunt,
1394 4598 1571 4653 etiam
1603 4598 1720 4654 alia
1769 4600 2183 4670 particularius

532 4683 719 4751 addit,
757 4686 921 4755 quod
954 4686 1191 4742 tradent
1235 4702 1375 4743 eum
1424 4688 1698 4758 gentibus
1732 4688 1855 4744 sive
1895 4688 2183 4744 militibus

606 4862 654 4897 ⁸⁵
685 4861 887 4918 Matth.
917 4877 1019 4927 xu,
1052 4864 1141 4917 40.

2289 4528 2450 4583 τερον,
2511 4504 2623 4560 εἶτα
2673 4514 3035 4583 φανερώτερον.
3073 4514 3178 4561 Νῦν
3233 4505 3312 4575 δὲ,
3371 4511 3455 4561 ὅτε
3490 4506 3648 4560 λοιπὸν
3684 4497 3807 4565 ἐνιΤν
3844 4502 3849 4523 λ

2288 4600 2598 4671 μνάσθησαν
2664 4606 2725 4670 τῇ
2782 4594 3082 4671 προσδοκίᾳ
3136 4604 3229 4649 τοῦ
3294 4600 3521 4663 Πάθους,
3584 4586 3859 4671 λεπτομφάίί

2292 4707 2470 4761 στερον
2530 4691 2619 4739 καὶ
2668 4690 2735 4739 τὰ
2787 4687 2917 4739 ἄλλα
2961 4689 3336 4761 προστίθησιν,
3396 4689 3476 4739 ὅτι
3512 4688 3595 4735 καὶ
3628 4669 3845 4761 παραδωές

1780 4990 2003 5058 Varias
2041 4991 2363 5059 lectiones
2394 4999 2680 5059 etnotae.

606 5184 686 5256 (9)
714 5186 876 5258 Hanc
907 5182 1459 5258 interpretationem
1506 5186 1737 5258 peperit
1761 5186 1934 5241 lectio
1966 5187 2027 5251 εἰ,
2061 5187 2192 5244 loco

537 5259 593 5340 ᾖ.
628 5258 784 5338 Eam.
814 5256 1038 5340 invexit
1081 5257 1385 5340 Cbrysost.
1434 5262 1475 5340 ιτ
1508 5256 1651 5340 “νΙΙ,¹
1681 5274 1761 5340 p._
1794 5260 1917 5340 637,
1963 5259 2200 5340 638_qui

539 5335 739 5401 tamen
770 5327 929 5401 istud
951 5326 995 5379 εἰ
1016 5358 1089 5369 —-
1111 5326 1208 5380 δτί
1222 5328 1565 5401 prudenter,
1596 5333 1657 5384 ut
1678 5326 1845 5393 solet,
1880 5346 1997 5385 non
2030 5326 2199 5385 attin-

542 5399 643 5468 git.
674 5399 733 5452 Εἰ
759 5404 813 5455 et
837 5399 867 5457 ἣ
921 5402 1011 5455 est
1051 5399 1241 5455 mera'
1267 5400 1538 5455 confusio
1567 5401 1883 5457 vocalium.
1915 5404 1993 5456 Ex
2023 5403 2199 5456 inter-

541 5474 705 5544 prete
736 5470 940 5544 Latino
969 5470 1116 5544 nihil
1145 5470 1337 5544 colligi
1378 5476 1592 5543 potest.
1637 5476 1783 5544 Nam
1830 5476 1877 5527 is
1906 5477 2063 5528 recte
2095 5488 2198 5544 po-

540 5541 992 5614 ieratredderei;
1018 5558 1124 5614 per
1144 5558 1245 5599 an.
1272 5541 1815 5614 Casterum,etiamsi
1831 5541 2117 5614 probetur
2128 5544 2193 5599 εἰ.

540 5617 746 5670 tamen
774 5612 942 5670 nulla
968 5612 1060 5670 est
1086 5614 1408 5670 necessitas
1434 5616 1513 5664 ὅτι
1542 5612 1876 5685 explicandi
1906 5631 2014 5690 per
2043 5614 2191 5671 ἀλλὰ.

2300 5187 2471 5244 Modo
2497 5191 2632 5258 post
2668 5185 2810 5259 ἐμοῖς
2838 5185 3106 5241 deleatur
3134 5184 3537 5259 interrogandi
3564 5184 3705 5257 nota.

2374 5242 2808 5331 (10)“_Iaoc.'lta'
2838 5273 2997 5329 saape
3024 5258 3259 5314 variant
3298 5242 3481 5314 covdd.
3526 5269 3655 5310 mss.
3679 5248 3729 5303 in
3750 5242 3810 5297 ha

2299 5329 2620 5386 vocabulo.

2371 5401 2482 5472 (Η)
2515 5401 2596 5455 Ac
2628 5400 2678 5453 si
2707 5398 3013 5472 μεταϐάσεις
3029 5398 3242 5472 legerit
3272 5398 3610 5472 Hentenius.

2371 5401 2482 5544 (H;
2515 5401 2596 5455 Ac
2628 5401 2678 5453 Si
2707 5401 3013 5472 μίταϐάσεις
3037 5401 3242 5469 legerit
3272 5401 3610 5454 Hentenius.

2511 5475 2728 5539 πύκν’
2762 5473 2825 5527 Α·
2865 5473 2989 5529 mox
3023 5471 3182 5528 idem
3212 5471 3431 5528 οωίιῐὶῑ
3457 5472 3576 5527 τοὺς
3601 5465 3714 5521 ante
3738 5448 3807 5508 πολ

2317 5562 2435 5603 κους.
