3906 6202
228 365 304 420 537
943 303 949 312 ῃ
1052 349 1421 409 COMMENT.
1461 350 1532 406 IN
1569 351 2023 409 MAT’I‘H/EUM.
2073 385 2140 394 —
2179 352 2334 409 CAP.
2376 354 2498 407 XX.

3351 358 3458 414 538

233 505 367 540 σονσιν
410 481 522 532 αὐτόν
561 483 654 536 τοῖς
716 477 932 544 ἔθνεσιν,
987 476 1164 547 ἤγουν,
1224 482 1330 536 τοῖς
1377 475 1432 527 ἐκ
1495 476 1698 550 Ῥώμης

1879 479 2112 542 πηδηίε,
2158 479 2474 551 ρτδθςὶἀοω
2531 484 2740 550 agente
2795 480 3180 552 Jerosolymis
3249 482 3452 550 Pilato,

235 576 486 644 στρατιώταις
550 572 632 618 τοῦ
707 567 1105 638 ἡγεμονεύοντος
1196 564 1243 616 ἐν
1322 565 1698 638 Ἱεροσολύμοις

219 662 402 724 Πιὶιὲτον,
444 661 510 708 καὶ
551 657 622 706 ὅτι
667 653 1010 726 ἐμπαίξουσιν
1058 653 1202 706 οὗτοι
1248 654 1411 726 αὐτῷ,
1459 658 1550 707 καὶ
1593 675 1697 728 μα·

216 755 482 821 στιγώσονσιν
501 749 574 796 καὶ
604 747 910 818 σταυρὼσου
918 763 1019 798 σιν.
1559 803 1562 806 ,

262 841 338 890 Καὶ
387 865 442 876 -—
490 831 842 889 ἀναστήσεται.
918 833 1090 887 Εἰπὼν
1150 835 1216 885 τὰ
1267 832 1549 899 λυποῦντα,
1617 831 1698 886 λί-

208 947 266 998 γιι
303 929 370 976 καὶ
410 927 458 976 τὸ
496 924 964 995 παραμυθούμενον,
1007 922 1091 975 ἱνα
1136 923 1255 976 ὅταν
1291 919 1479 976 ἴδωσιν
1509 921 1694 995 ἐκεῖνὰ,

212 1011 530 1090 προσδοκήσωσι
578 1015 666 1064 καὶ
722 1018 895 1064 τοῦτο.
948 1016 1158 1072 Λουκᾶς
1205 1009 1267 1065 δέ
1317 1031 1494 1084 φησιν,
1540 1013 1698 1066 εἰπεῖν

206 1107 296 1177 πρὸς
332 1103 483 1162 αὐτούς
537 1105 618 1153 τόν
683 1102 932 1174 Χριστὸν,
1005 1102 1088 1153 ὃτι
1159 1105 1260 1154 Καὶ
1329 1103 1698 1160 τελεσθήσεται

207 1193 327 1243 πιόντα
384 1193 437 1243 τὰ
515 1192 842 1262 γεγραμμένα
921 1186 1018 1243 διὰ
1087 1197 1189 1242 τῶν
1262 1198 1540 1263 προφητῶν
1623 1198 1695 1262 τῷ

204 1285 279 1350 Υίῷ
314 1286 381 1331 τοῦ
420 1276 694 1353 ἀνθρώπου,
765 1283 876 1346 καὶ,
936 1281 1014 1332 ὄτι
1080 1278 1228 1332 αὐτοὶ
1281 1275 1431 1332 οὐδὲν
1499 1282 1696 1332 τούτων

204 1378 382 1426 συνῆκαν.
421 1369 478 1420 Οἱ
527 1369 612 1439 μὶν
684 1369 784 1442 γὰρ
841 1377 1103 1442 προφῆται
1180 1367 1498 1441 λεπτομερῶς
1578 1372 1695 1441 περὶ

192 1457 341 1507 πάντων
372 1456 511 1508 αὐτοῦ
557 1465 657 1508 τῶν
713 1458 1034 1529 παθημάτων
1082 1465 1348 1530 προεῖπον,
1387 1461 1477 1510 καὶ
1526 1456 1569 1510 εἰ
1620 1461 1691 1529 μὴ

192 1544 302 1596 πολὺν
347 1544 520 1617 ἔμελλον
561 1543 841 1598 ἀποτείνειν
895 1545 1066 1617 λόγον,
1120 1548 1298 1607 πάσας
1352 1548 1412 1598 ἄν
1482 1548 1696 1619 παρεθέ-

186 1653 262 1704 μην
301 1635 378 1694 τὰς
418 1638 524 1709 περὶ
572 1637 770 1686 τούτων
824 1639 1154 1709 προφητείας.
1214 1637 1281 1688 Οἱ
1339 1634 1397 1688 ὀὶ
1461 1637 1695 1708 μαθηταὶ

188 1719 293 1774 eiii»
332 1724 520 1787 τούτων,
571 1732 672 1775 τῶν
730 1729 1097 1798 γεγραμμένων
1155 1720 1396 1783 δηλονότι
1450 1721 1541 1776 διὰ
1595 1733 1696 1776 τῶν

1807 567 2093 640 quodque
2121 567 2184 622 hi
2221 567 2470 624 illudent
2499 584 2636 625 eum
2676 574 2733 624 et
2753 567 3144 640 ﬂagellabant
3170 587 3240 628 ac
3265 573 3459 628 cruci-

1806 655 2010 726 ﬁgent.

1879 835 2042 890 Vers.
2105 838 2188 890 19.
2248 837 2315 890 Et
2354 843 2724 908 —resurget.
2795 837 2903 893 Ubi
2955 837 3136 894 tristia
3186 837 3454 909 dixisset,

1807 923 1977 980 addit
2014 923 2194 980 etiam
2231 926 2907 997 quod.consolationem
2946 927 3174 994 afferat,
3211 934 3274 985 ut
3318 945 3457 986 cum

1805 1012 1906 1069 illa
1957 1013 2230 1078 viderint,
2281 1015 2463 1070 etiam
2510 1016 2624 1071 hoc
2668 1019 3027 1086 exspectent.
3083 1016 3271 1072 Lucas
3316 1034 3458 1075 vero

1807 1101 2103 1158 Christum
2147 1119 2389 1176 quoque
2434 1105 2518 1159 eis
2569 1103 2792 1160 dixisse
2833 1104 2957 1160 ait:
2989 1104 3063 1160 Et
3102 1120 3461 1163 consumma-

1808 1191 2034 1247 buntur
2081 1193 2280 1247 omnia
2328 1208 2454 1264 qua’
2496 1193 2655 1248 dicta
2702 1199 2840 1247 sunt
2878 1207 2985 1262 per
3012 1193 3336 1263 prozihetas
3391 1195 3461 1251 de

1804 1277 1951 1334 Filio
1970 1279 2240 1345 hominis,
2260 1283 2316 1335 et
2335 1280 2498 1351 quod
2513 1280 2627 1345 ipsi
2642 1279 2789 1334 nihil
2804 1280 3009 1336 horum
3023 1279 3460 1338 intellexerunt

1878 1368 2180 1439 Propheta;
2196 1368 2492 1439 siquidem
2505 1368 2843 1440 particulari
2853 1375 2936 1424 ter
2947 1369 3020 1423 de
3033 1370 3192 1424 omni
3205 1370 3311 1424 bus
3324 1385 3461 1441 quae

1802 1473 2084 1530 passurus
2125 1461 2250 1512 erat
2287 1457 2707 1528 praedixerunt,
2735 1462 2790 1512 et
2819 1458 2927 1512 nisi
2958 1459 3017 1512 in
3049 1459 3298 1528 longum
3329 1475 3461 1530 pro-

1809 1546 2132 1601 trahendus
2173 1550 2325 1601 esset
2362 1561 2578 1610 sermo,
2621 1562 2830 1602 omnes
2857 1547 2930 1601 de
2969 1547 3061 1601 his
3083 1545 3358 1602 afferrem
3397 1548 3460 1603 in

1806 1636 2076 1692 medium
2134 1635 2494 1707 prophetias.
2567 1635 2849 1707 Discipuli
2905 1651 3047 1691 vero
3103 1643 3243 1691 tunc
3313 1636 3460 1692 nihil

1805 1725 2018 1781 horum
2049 1723 2479 1788 intellexerunt,
2521 1741 2658 1797 qum
2693 1725 2961 1780 videlicet
2997 1741 3102 1797 per
3133 1725 3460 1798 prophetas

187 1819 408 1884 προφητῶν,
461 1820 684 1870 συνῆκαν
732 1818 866 1868 τότε.
917 1812 1073 1866 Ἀλλά
1127 1817 1217 1866 καὶ
1271 1811 1351 1880 ἦν,
1411 1815 1477 1874 ως
1520 1814 1632 1885 (l3)
1663 1815 1688 1865 ό

1879 1815 2026 1884 ripta
2051 1818 2236 1878 erant,
2271 1814 2375 1869 sed
2417 1814 2581 1881 Erat,
2616 1813 2765 1868 sicut
2795 1813 2953 1868 idem
2981 1814 3212 1884 scripsit
3252 1817 3459 1884 Lucas,

185 1899 290 1959 σὶτὸς
343 1903 421 1971 ἔφη
487 1907 708 1973 Λούκοὶς,
780 1905 839 1954 τὸ
903 1903 1048 1976 ῥῆμα
1126 1910 1278 1955 τοῦτο
1352 1907 1696 1976 κεκρυμμένον

185 1986 242 2039 ἀπ’
284 1989 440 2056 αὐτῶν,
490 1993 673 2062 ἤγουν,
727 1989 1082 2064 ἀγνοούμενον,
1137 1990 1270 2064 λέγω
1327 1989 1420 2060 δὴ,
1484 1995 1542 2043 τὸ
1597 1991 1699 2046 Καὶ

265 2082 385 2150 τρίτη
437 2081 600 2154 ἡμέρᾳ
677 2078 1046 2148 ἀναστήσεται,
1105 2084 1194 2133 καὶ
1250 2081 1344 2133 οὐκ
1418 2079 1697 2153 ἐφίνωσκον

181 2168 225 2214 τὰ
254 2164 459 2239 λεγόμενα
508 2174 626 2242 περὶ
685 2169 866 2237 αὐτοῦ,
923 2171 1097 2231 καθὼς
1165 2169 1441 2244 εἰρήκαμεν
1497 2174 1589 2222 καὶ
1650 2168 1698 2222 ἓν

177 2262 225 2324 τῷ
245 2253 343 2308 nisi
367 2263 452 2308 τοῦ
476 2265 797 2330 τριακοστοῦ
827 2262 1066 2331 πέμπτου
1095 2257 1396 2331 κεφαλαίου.

225 2346 500 2414 Προστίθησι
549 2342 610 2399 δὲ
663 2351 756 2398 καὶ
814 2347 984 2420 ἐτίραν
1049 2347 1221 2400 αἰτίαν
1285 2356 1380 2410 τῆς
1454 2350 1703 2410 τοιαύτης

173 2428 326 2500 ἀγνοίας
362 2433 385 2485 ὀ
428 2440 808 2510 Χρυσόστομος
857 2435 993 2509 (14),
1039 2437 1122 2489 ὅτι
1163 2441 1284 2511 περὶ
1311 2436 1466 2490 ἄλλου
1497 2440 1586 2509 μεν
1615 2437 1700 2509 ὑφ’

175 2518 294 2591 ἑτέρον
323 2520 616 2586 ἀναστάντος
665 2529 760 2577 καὶ
812 2526 1068 2595 ἣκουσαν,
1107 2530 1198 2578 καὶ
1239 2522 1398 2579 εῖδονο
1461 2531 1581 2600 περὶ
1622 2545 1704 2578 νε-

173 2615 263 2677 κροῦ
303 2606 352 2664 δε
397 2611 796 2676 ἁναστήσάντος
858 2613 1037 2667 ἑαυτὸν
1095 2618 1212 2667 οὔτε
1275 2618 1530 2679 ἤκουσαν,
1587 2617 1704 2668 οὔτε

176 2692 290 2750 εἶδον.
323 2697 459 2754 Ἀλλὰ
507 2708 601 2755 καὶ
667 2707 789 2778 περὶ
855 2710 948 2755 τοῦ
996 2702 1193 2776 μέλλειν
1246 2701 1572 2778 ἀναιρεῖσθαι
1616 2705 1702 2756 τὸν

179 2786 358 2853 Χριστὸν,
415 2791 495 2843 ὅτε
559 2794 657 2863 μὲν
723 2789 1006 2844 ἀπέϐλεπον
1063 2791 1134 2854 εἰς
1188 2792 1283 2852 τὰς
1341 2790 1704 2864 ἀνθρωποπρε-

168 2879 248 2931 ni;
297 2875 430 2930 αὐτοῦ
485 2880 769 2955 ἐνεργείας,
838 2878 1108 2933 ἕπίστευον
1190 2887 1362 2946 τοῦτο,
1439 2885 1528 2932 καὶ
1593 2879 1701 2933 ἐλυ-

167 2966 316 3014 πῡντο·
365 2968 440 3019 ὅτε
485 2963 547 3021 δὲ
585 2971 683 3030 τὰς
738 2971 1035 3045 θεοπρεπεῖς
1083 2968 1245 3022 αὐτοῦ
1291 2969 1505 3045 πράξεις
1553 2969 1703 3041 ἑλοίμ-

162 3046 268 3101 εςὺον
308 3054 372 3115 εἰς
415 3065 555 3122 νοῦν,
596 3059 886 3125 ἠπίστουν,
932 3063 1022 3111 καὶ
1065 3059 1162 3110 ούκ
1201 3057 1480 3130 ἐγίνωσκον
1518 3061 1585 3111 τὰ
1624 3057 1702 3111 λεο

1805 1903 2046 1961 verlmm
2071 1904 2599 1959 hocabsconditum
2616 1904 2686 1958 ab
2709 1903 2803 1965 eis,
2825 1903 2946 1957 sive
2965 1903 3325 1972 ignoratum,
3343 1902 3459 1958 hoc

1804 1994 2075 2066 inquam,
2113 1993 2305 2048 Tertio
2328 1993 2424 2048 die
2445 2000 2695 2062 resurget
2722 2010 2736 2059 ;
2769 2007 2876 2046 nec
2897 1991 3308 2062 intelligebant
3325 2009 3462 2065 quae

1806 2081 2158 2138 dicebantur
2195 2081 2270 2136 de
2327 2081 2450 2147 illo,
2497 2080 2667 2136 sicuti
2718 2080 2900 2137 etiam
2947 2080 3211 2136 diximus
3238 2081 3300 2137 in
3342 2081 3462 2137 ﬁne

1807 2171 2085 2227 tricesimi
2114 2170 2302 2243 quinti
2331 2171 2568 2243 capitis.

1881 2348 2058 2404 Addit
2079 2365 2324 2422 quoque
2349 2352 2406 2405 et
2435 2347 2604 2403 aliam
2633 2346 2815 2419 hujus
2839 2347 3191 2418 ignorantiae
3213 2363 3461 2404 causam

1808 2438 2287 2510 Chrysostomus,
2325 2437 2470 2509 quia
2510 2436 2585 2492 de
2623 2436 2742 2492 alio
2788 2436 3034 2508 quidem
3084 2437 3190 2509 qui
3232 2436 3309 2493 ab
3348 2436 3462 2492 alio

1810 2526 2099 2583 excitatus
2128 2530 2304 2592 esset,
2339 2531 2395 2582 et
2431 2524 2745 2581 audierant
2769 2532 2826 2580 et
2852 2525 3124 2580 viderant
3155 2545 3170 2592 ;
3201 2524 3276 2580 dc
3307 2540 3463 2581 mor-

1809 2619 1913 2673 tuo
1954 2631 2096 2671 vero
2121 2615 2227 2688 qui
2259 2615 2526 2686 seipsum
2551 2613 2882 2678 excitasset,
2921 2629 3116 2686 neque
3145 2614 3464 2670 audierant

1811 2720 2006 2776 neque
2036 2703 2320 2760 viderant.
2362 2705 2649 2760 Praeterea
2687 2708 2742 2758 et
2780 2703 2854 2757 de
2890 2719 2961 2758 eo
2995 2702 3160 2775 quod
3189 2703 3460 2759 occiden-

1811 2792 1926 2848 dus
1965 2797 2121 2849 esset
2166 2793 2446 2858 Christus,
2479 2792 2579 2848 ubi
2622 2791 2699 2848 ad
2736 2791 3039 2846 humanas
3066 2790 3463 2861 respiciebant

1811 2883 2210 2953 operationes,
2274 2881 2597 2938 credebant
2651 2881 2768 2936 hoc
2815 2885 2871 2936 et
2909 2879 3459 2945 contristabantur;

1810 2969 1913 3026 ubi
1933 2987 2076 3027 vero
2102 2970 2338 3027 divinas
2360 2972 2418 3026 in
2450 2976 2708 3028 mentem
2735 2969 3145 3034 assumebant,
3173 2967 3463 3024 increduli

1809 3060 2267 3132 permanebant,
2289 3075 2398 3116 nec
2424 3059 2830 3132 intelligebant
2855 3074 2988 3130 qua:
3013 3057 3369 3114 dicebantur
3387 3057 3463 3114 de

162 3142 303 3207 Ἱέρεια
340 3149 448 3218 περὶ
491 3146 678 3210 αὐτοῦ,
730 3151 1018 3214 τουτέστιν,
1070 3147 1130 3199 ού
1177 3145 1533 3221 παρεδέχοντο
1581 3150 1700 3210 τοὺς

1879 3163 1942 3213 >c,
1976 3147 2036 3203 id
2069 3153 2152 3203 est
2186 3163 2306 3203 non
2341 3148 2751 3220 suscipiebant
2791 3147 2935 3203 tales
2973 3148 3048 3203 de
3078 3147 3192 3204 hac
3229 3162 3291 3202 re
3333 3162 3462 3202 ser-

157 3231 364 3294 τοιούτους
399 3239 515 3310 περὶ
545 3235 722 3288 αὐτοῦ
751 3235 866 3307 (15)
892 3235 1096 3307 λόγους,
1124 3234 1424 3309 παραϐολὴν
1449 3255 1567 3289 τινα
1609 3242 1700 3289 καὶ

157 3319 316 3381 triton;
345 3327 670 3395 νομίζοντεςο

340 3415 486 3471 [ΕΦ.
527 3412 662 3469 ΜΓ.
701 3418 829 3488 Περὶ
855 3421 955 3466 τῶν
984 3415 1110 3466 υἱῶν
1148 3410 1448 3470 Ζεϐεδαίου.

199 3499 297 3549 ’Ῑὸτε
341 3517 450 3556 σου.
482 3501 569 3556 Ἐν
626 3511 710 3574 τῷ
756 3511 1165 3577 τεσσαρακοστῷ
1217 3508 1404 3579 πρώτῳ
1444 3503 1700 3578 κεφαλαίῳ

155 3587 216 3632 τοῦ
249 3590 456 3662 Σωτῆρος
494 3592 746 3654 εἰπόντος
791 3595 918 3665 πρὸς
957 3595 1074 3653 τοὺς
1114 3594 1370 3664 μαθητὰς,
1422 3595 1502 3646 ὅτι
1542 3593 1700 3646 Ὅταν

150 3673 293 3746 καθίσῃ
345 3678 371 3729 ό
420 3682 546 3742 Υἱὸς
624 3688 729 3733 τοῦ
800 3679 1072 3756 ἀνθρώπου
1129 3680 1214 3735 ἐπὶ
1291 3684 1472 3756 θρόνου
1546 3679 1702 3744 δόξης

155 3757 283 3828 τὶτον,
347 3769 633 3822 καθίσεσθε
709 3774 801 3822 καὶ
859 3771 1001 3842 ὑμεῖς
1059 3768 1142 3822 ἐπὶ
1201 3766 1412 3823 δώδεκα
1488 3772 1697 3845 θρόνων·

151 3847 400 3918 ἀκούσαντες
464 3861 514 3910 οἱ
586 3861 707 3911 υἱοί
777 3865 869 3911 τοῦ
941 3855 1245 3928 Ζεϐεδαίου,
1302 3858 1542 3922 Ἰάκωϐος
1613 3865 1702 3912 καὶ

154 3932 354 4006 Ἰωάννης,
397 3944 822 4019 προσεδόκησαν
885 3949 1063 4022 θρόνον
1141 3944 1298 4012 δόξης
1351 3947 1533 4020 λέγειν,
1614 3951 1701 4000 τὸν

155 4024 292 4096 θρόνον
325 4040 394 4094 τῆς
441 4037 492 4089 ἓν
555 4037 952 4109 Ἱεροσολύμοις
1013 4036 1302 4110 βασιλείας·
1381 4045 1472 4089 καὶ
1523 4037 1700 4090 λοιπὸν

150 4113 241 4182 ἄρτι
292 4121 416 4174 πᾶλιν
489 4125 763 4192 εἰπόντος,
830 4127 910 4178 ότι
984 4123 1126 4178 Ἰδοὺ
1205 4125 1542 4198 ἀναϐαίνομεν
1627 4126 1700 4189 εἰς

143 4199 425 4281 ’ῐεροσο”ιυμα,
479 4221 579 4268 καὶ
634 4217 707 4267 τὰ
764 4213 901 4277 ἑξῆς
943 4213 1044 4267 ὅσα
1091 4218 1181 4288 μεν
1231 4214 1525 4290 ἐρρήθησαν
1583 4218 1700 4286 περὶ

144 4298 218 4378 {ab
267 4301 598 4373 παθημάτων,
667 4303 731 4356 ού
788 4300 1162 4377 παρεδέξαντο,
1229 4306 1403 4366 καθὼς
1465 4303 1699 4378 ἀνωτέρω

141 4373 463 4465 stiti/{magar
520 4393 774 4451 ἤλπισαν
820 4373 880 4444 δὲ
923 4391 1233 4454 πλησιάζειν
1263 4390 1370 4452 ἤδη
1417 4398 1511 4452 τὴν
1544 4373 1699 4465 ﬂag.“

139 4463 245 4557 ’ξιίπ
282 4477 444 4534 «τὶ-τοῦ.
507 4486 620 4535 Καὶ
681 4484 784 4556 γὰρ
837 4485 925 4534 καὶ
975 4490 1076 4533 τῶν
1145 4491 1422 4557 προφητῶν
1488 4487 1697 4549 ἤκουον,

1809 3252 2040 3302 mones,
2083 3237 2456 3308 suspicantes
2492 3242 2548 3293 et
2579 3237 2691 3292 hos
2733 3236 3000 3308 aliquam
3039 3251 3170 3292 esse
3209 3234 3464 3306 parabo-

1805 3325 1952 3384 lam.

2128 3414 2284 3472 CAP.
2321 3415 2474 3470 XLIII
2500 3415 2586 3472 De
2613 3415 2759 3483 ﬁliis
2785 3413 3067 3472 Zebedati.

1879 3504 2040 3562 Vers.
2067 3509 2156 3561 20.
2189 3505 2352 3561 Tunc
2380 3535 2452 3546 ——
2487 3507 2649 3560 Vers.
2695 3505 2784 3560 2i.
2825 3510 2943 3558 tuo.
3009 3503 3156 3558 Cum
3199 3499 3466 3574 quadra-

1811 3594 2039 3664 gesimo
2077 3593 2272 3666 primo
2300 3594 2494 3664 capite
2523 3592 2768 3648 dixisset
2807 3590 3074 3648 Salvator
3109 3588 3457 3660 discipulis:

1812 3683 1958 3740 Cum
1986 3683 2199 3739 sederit
2224 3682 2434 3749 Filius,
2465 3681 2722 3738 hominis
2742 3681 2807 3737 in
2833 3680 2967 3737 sede
2995 3677 3192 3750 gloria
3220 3694 3359 3743 sum,
3383 3693 3463 3732 se-

1809 3773 2020 3829 debitis
2039 3778 2093 3828 et
2126 3787 2215 3828 vos
2235 3788 2407 3841 super
2434 3771 2742 3828 duodecim
2769 3771 2928 3826 sedes
2949 3771 3018 3834 ",
3043 3767 3464 3838 audissentque

1812 3861 1913 3917 ﬁlii
1955 3861 2222 3917 Zebedeei
2263 3860 2524 3916 lacobus
2576 3865 2632 3916 et
2683 3861 2963 3923 Joannes,
3009 3857 3276 3913 arbitrati
3327 3860 3465 3911 sunt

1811 3951 2014 4006 sedem
2035 3950 2238 4021 gloriae
2259 3950 2376 4006 dici
2400 3951 2683 4006 thronum
2701 3948 3017 4020 regni,quo
3041 3943 3464 4017 Hierosolymis

1809 4045 2165 4109 regnaturus
2196 4045 2350 4094 esset
2382 4056 2395 4106 ;
2428 4055 2686 4112 cumque
2717 4038 2895 4109 paulo
2939 4042 3075 4094 ante
3107 4050 3347 4090 rursum
3384 4033 3467 4088 di-

1807 4130 1994 4186 xisset
2021 4145 2037 4184 :
2064 4128 2208 4184 Esse
2232 4127 2592 4183 ascendimus
2620 4125 3097 4197 Hierosolymam,
3129 4129 3186 4179 et
3209 4138 3345 4195 quas
3373 4136 3467 4176 se-

1808 4223 2092 4290 quuntur,
2122 4233 2244 4271 non
2273 4231 2346 4271 ea
2375 4217 2449 4271 de
2480 4215 2902 4271 afﬂictionibus
2938 4212 3366 4276 intellexerunt,
3400 4213 3465 4264 ut

1810 4306 2085 4379 superius
2109 4303 2599 4375 signiﬁcavimus,
2617 4304 2724 4358 sed
2749 4301 3070 4374 sperabant
3088 4300 3309 4353 instare
3326 4297 3462 4366 jam

1807 4410 2061 4464 regnum
2101 4393 2251 4465 ejus.
2279 4391 2580 4464 Siquidem
2622 4390 2939 4462 prophetas
2977 4401 3216 4458 quoque
3255 4382 3461 4438 audie-

1807 4485 1955 4542 bant
1967 4483 2339 4556 appellantes
2352 4481 2642 4538 Christum
2656 4495 2858 4548 regem
2871 4475 3073 4532 Israel.
3095 4473 3306 4529 Statim
3319 4486 3459 4542 ergo

143 4550 316 4624 βασθὰ
358 4575 448 4622 τοῦ
495 4546 764 4643 Ἰσραὴλ·
808 4573 897 4624 τὸν
966 4546 1198 4646 Χριστὸν
1256 4546 1700 4644 κατεπαγγελλόνξ

1881 4573 2273 4629 meminentire
2304 4586 2508 4628 amore
2535 4569 2692 4641 capti
2725 4571 2865 4622 sunt
2891 4582 2906 4632 ;
2940 4580 3083 4620 nam
3110 4579 3170 4618 se
3201 4576 3324 4633 prte
3351 4576 3462 4616 cte-

141 4661 219 4742 ῖωτ
394 4658 609 4712 Λύτίκα
659 4666 754 4712 οῦν
795 4659 1027 4712 ἑάλωσαν
1067 4663 1219 4734 ἔρωτι
1248 4657 1550 4735 προεδρίας.
1602 4667 1702 4714 Καὶ

139 4750 198 4784 ’τι
347 4753 776 4821 ἧοοτετίμηνται
811 4755 912 4800 τῶν
966 4747 1149 4818 ἄλλων,
1211 4749 1509 4821 ἐγίνωσκον·
1565 4750 1701 4821 ὑφω-

141 4831 257 4890 ρςητο
295 4832 396 4905 (ιτ)
441 4833 505 4889 δι
535 4841 637 4889 τὸν
690 4841 910 4911 Πέτρον⁸
948 4833 1036 4889 διὸ
1080 4841 1171 4890 καὶ
1199 4845 1383 4911 πρῶτα
1425 4840 1537 4910 μὶνν
1571 4842 1640 4900 ὡς
1675 4841 1700 4892 δ

333 4928 515 4995 facit,
582 4925 747 4978 αὐτοὶ
818 4931 967 4998 μόνοι
1022 4929 1470 5001 προσπορεύονται
1533 4927 1698 4999 αύτῷ,

137 5001 269 5068 εἵκω.
326 5019 764 5088 προσέρχονται,
833 5014 1083 5087 λέγοντεςο
1176 5012 1488 5082 Διδάσκαλε,
1563 5016 1700 5070 θελο-

179 5154 561 5234 είιυα.χγιιι,
600 5167 827 5233 3ι,34.
904 5167 1122 5225 “Ibid.
1202 5169 1250 5205 δε
1281 5169 1478 5226 Matth.
1511 5185 1626 5239 xm,
1659 5170 1748 5226 28-

1811 4662 1946 4720 teris
1982 4663 2263 4718 honorari
2289 4660 2573 4724 sciebant,
2598 4658 2704 4714 sed
2735 4659 2967 4712 Petrum
2999 4651 3304 4710 timebant.
3328 4649 3461 4706 Ideo

1807 4752 2073 4824 primum
2109 4749 2450 4822 quidem,ut
2473 4747 2554 4803 ait
2579 4749 2826 4812 Marcus,
2861 4743 2972 4815 ipsi
2999 4741 3185 4797 solum
3213 4738 3286 4794 ad
3331 4753 3462 4794 eum

1809 4841 2094 4897 accedunt
2130 4839 2378 4894 dicentes
2418 4853 2429 4889 :
2462 4835 2738 4908 Magister
2779 4835 3048 4889 volumus
3075 4836 3136 4885 ut
3167 4825 3464 4900 quidquid

1805 4929 2149 4998 petierimus
2169 4927 2359 4997 facias
2389 4925 2575 4981 nobis.
2608 4925 2720 4980 Ille
2747 4928 2943 4979 autem
2975 4919 3128 4977 dixit
3155 4919 3237 4974 eis
3265 4933 3277 4974 :
3311 4915 3463 4984 Quid

1808 5033 1894 5075 me
1918 5015 2465 5089 vultirfacerevobis
2484 5014 2512 5070 ?
2533 5014 2728 5074 Αειζιί
2764 5013 3049 5073 dixerunt
3065 5011 3144 5070 ei:
3179 5011 3271 5066 Da
3295 5006 3461 5065 nobis

1346 5366 1574 5434 Variae
1608 5367 1939 5435 lectiones
1970 5378 2035 5436 et
2064 5379 2262 5436 notae.

166 5595 266 5678 ἓὲἕὶ
285 5601 343 5678 Ξ
368 5603 493 5678 νισι.
526 5595 599 5678 15-
652 5605 758 5678 644
788 5608 851 5663 Eo

169 5519 263 5600 ξω
284 5524 365 5592 ὀς
390 5531 586 5600 αὐτὸς,
621 5540 689 5587 Β.

171 5525 243 5588 {13
284 5525 365 5592 Ὠς
390 5531 586 5600 αὐτὸς,
621 5540 689 5587 Β.

171 5525 343 5735 [ίέτ.
368 5603 493 5674 VII,
526 5622 599 5678 p.
652 5605 758 5662 644
788 5608 851 5663 Ε.

171 5665 212 5728 (ί
297 5667 622 5744 Τοιούτους,
664 5675 833 5734 abest
856 5679 920 5733 Α.

1873 5537 1920 5613 (Δί
2015 5538 2495 5613 Κατοιγγελλόντων,
2525 5547 2588 5598 Α.

1876 5608 1989 5680 (17)
2015 5608 2320 5682 Ἐφοϐοὖντο
2342 5613 2401 5667 Β.
