3906 6202
478 300 584 355 539
1785 294 2133 351 EUTYHMII
2173 294 2502 351 ZIGABENI
3665 311 3743 366 5w

482 428 548 477 ut
572 438 725 479 unus
752 438 790 479 a
817 423 1043 479 dextris
1072 422 1188 478 tuis
1213 430 1269 476 et
1298 424 1453 478 alter
1484 439 1519 477 a
1546 422 1797 478 sinistris
1827 422 1943 476 tuis
1985 437 2024 476 ει

2204 441 2355 493 ιμεν,
2407 424 2507 489 ἱνα,
2555 426 2580 476 ὃ
2642 424 2727 476 ἐὰν
2797 427 3113 499 αἰτόσωμεν,
3180 435 3395 501 ποιήσῃς
3450 432 3575 501 ἡμῖν·
3618 432 3666 484 Ὀ
3704 432 3746 487 δέ

484 530 645 569 amus
664 514 723 567 in
742 513 926 583 gloria
948 518 1052 567 tua
1074 514 1141 565 ⁵9.
1170 514 1377 567 Verum
1400 527 1519 567 non
1550 516 1977 580 cognoscentes
2001 511 2026 564 ii

2248 510 2380 564 εἶπεν
2435 514 2625 574 αὐτοῖς’
2687 520 2749 567 Τί
2816 517 2979 569 θέλετε
3028 523 3246 575 ποιῆσαί
3292 538 3349 589 με
3405 523 3548 591 ὑμίν;
3598 524 3651 572 Oi
3704 520 3745 575 δε

484 618 545 657 se
586 618 798 673 passos
841 618 968 656 esse
1008 600 1330 673 repulsam,
1366 600 1529 672 quod
1570 600 1818 670 indigna
1851 605 2026 672 petert

2247 600 2385 654 εἶπον
2443 604 2604 673 αὐτῷ·
2675 610 2764 666 Δός
2834 608 2978 676 ἡμῖν,
3049 609 3132 659 ἶνα
3200 605 3269 668 εἷς
3333 607 3383 659 ἐκ
3448 606 3606 672 δεξιῶν
3660 632 3745 667 σου.

483 691 560 747 ad
591 690 1084 762 supplicationem
1119 694 1437 745 assumunt
1473 696 1529 745 et
1573 694 1846 745 matrem.
1884 693 2025 744 Inter

2244 695 2332 741 καὶ
2391 688 2457 752 εἰς
2536 692 2589 755 ἐξ
2646 696 2913 766 εὐωνύμων
2974 716 3066 748 σου
3126 699 3406 769 καθίσωμεν
3450 697 3491 749 ἐν
3552 707 3604 770 τῇ
3652 697 3744 772 δόξῃ

484 785 586 851 gat
602 786 799 835 autem
822 780 1082 835 Christus
1106 780 1367 851 primum
1393 779 1640 850 quidem
1664 778 1816 846 illos,
1845 778 2022 833 deind

2247 799 2361 834 σου.
2421 786 2507 839 Μὴ
2566 788 2811 853 τυχόντες
2870 782 2929 837 δε
2986 784 3321 858 ἀποκρίσεως,
3386 783 3472 839 διὰ
3520 791 3571 839 τό
3629 788 3746 841 αἰτεῖν

484 875 732 926 matrem
756 870 990 925 illorum
1012 873 1298 941 tanquam
1322 868 1508 924 homo
1528 885 1541 923 :
1558 868 1733 923 simul
1751 868 1930 925 etiam
1954 872 2015 924 ut

2246 869 2451 936 ἀνάξια,
2519 872 2989 945 παραλαμϐάνουσι
3056 880 3146 928 καὶ
3214 880 3302 934 τὴν
3366 876 3537 929 ἑαυτῶν
3597 883 3750 950 μητέρα

482 975 615 1016 rum
628 960 935 1032 responsio
956 958 1122 1015 ﬁeret
1139 957 1593 1031 quodammodo
1610 956 1858 1014 affectus
1878 957 1969 1013 sui
1998 974 2024 1013 c

2244 966 2372 1035 πρὸς
2411 964 2693 1037 ἱκετηρίαν.
2754 964 2952 1037 Ἐρωτᾷ
3006 962 3067 1018 δὲ
3119 968 3151 1017 ὅ
3193 969 3409 1039 Χριστός
3467 973 3639 1039 πρῶτον
3685 970 3748 1037 μιν

479 1049 680 1106 fessio.
2246 1051 2484 1120 ἐκείνους,
2525 1049 2637 1105 εἶτα
2681 1057 2775 1111 τὴν
2806 1057 3005 1126 μητέρα
3036 1054 3202 1106 αὐτῶν
3231 1052 3646 1129 ἀνθρωποπρεπῶς,
3673 1055 3753 1127 ἅμα

2248 1137 2307 1193 δι
2350 1145 2458 1208 καὶ,
2510 1140 2594 1193 ἱνα
2640 1144 2670 1199 ἡ
2705 1140 2983 1214 ἀπόκρισις
3030 1142 3197 1196 αὐτῶν
3241 1142 3581 1216 ἐξομολόγησις
3609 1148 3751 1217 τρόπον

2244 1233 2360 1282 τινὰ
2386 1234 2597 1302 γένηται
2626 1238 2717 1283 τοῦ
2745 1234 2967 1295 πάθους.

552 1323 711 1375 Vers.
772 1320 860 1373 22.
914 1316 1271 1386 Respondens
1312 1316 1623 1384 —-petitis.
1693 1315 1976 1385 Deinceps
2019 1314 2094 1369 illi

2316 1318 2639 1392 Ἀποκρίθεὶς
2686 1352 2755 1360 —
2803 1322 3047 1375 αἰτεῖσθε.
3102 1326 3235 1397 Πρὸς
3277 1320 3447 1382 αὐτοὺς
3488 1320 3752 1394 ἀποκρίνεται

478 1408 822 1480 respondet,
863 1411 923 1460 ut
965 1405 1067 1476 qui
1115 1410 1365 1459 matrem
1406 1420 1577 1459 suam
1616 1402 2018 1458 submiserant

2242 1407 2440 1472 λοιπόν,
2472 1411 2542 1471 ὡς
2584 1410 2752 1462 αὐτῶν
2781 1416 2875 1468 τὴν
2922 1415 3124 1485 μητέρα
3165 1409 3562 1485 προϐαλλομένων
3595 1411 3653 1472 εἰς
3687 1416 3752 1469 τήν

479 1516 587 1573 pro
627 1498 770 1569 ipsis
816 1494 1161 1567 postularet,
1205 1499 1260 1548 et
1298 1494 1377 1549 ait
1412 1494 1703 1549 :Nescitis
1745 1494 1881 1563 quid
1920 1500 2021 1562 pet:

2243 1498 2368 1569 ὑπὲρ
2412 1498 2578 1550 αὐτῶν
2621 1503 2853 1569 αἴτησιν,
2893 1505 2983 1552 καί
3027 1520 3205 1573 φησιν,
3255 1500 3360 1551 Οὐκ
3404 1498 3582 1566 οἴδατε,
3627 1506 3665 1552 τί
3700 1501 3754 1552 αὶ-

482 1590 690 1646 Sedere
738 1586 896 1641 enim
942 1600 977 1639 a
1023 1584 1247 1638 dextris
1296 1589 1398 1637 aut
1442 1599 1477 1638 a
1528 1582 1778 1639 sinistris
1832 1583 1893 1637 in
1946 1599 2024 1649 reg

2241 1589 2429 1641 τείσθε.
2463 1592 2531 1640 Τό
2557 1592 2657 1662 γὰρ
2685 1592 2903 1642 καθίσαι
2928 1593 3043 1643 τινα
3072 1590 3127 1643 ἐκ
3159 1588 3359 1659 δεξιῶν,
3390 1595 3417 1650 ἧ
3449 1590 3495 1654 ἐξ
3526 1591 3751 1661 εὐωνύμων,

476 1695 633 1742 meo,
664 1691 952 1746 magnum
985 1684 1089 1737 est,
1124 1677 1177 1728 et
1199 1688 1381 1743 supra
1412 1672 1760 1743 dignitatem
1784 1688 1906 1727 non
1932 1673 2012 1728 ho

2241 1673 2289 1726 ἕν
2314 1685 2376 1748 τῇ
2418 1675 2662 1750 βασιλείᾳ
2691 1698 2811 1751 μου,
2840 1682 2974 1751 μίγα
2997 1686 3086 1733 καὶ
3116 1681 3242 1754 ὑπὲρ
3269 1685 3358 1740 τὴν
3382 1681 3541 1747 ἀξίαν,
3572 1681 3618 1732 οὗ
3642 1688 3753 1751 μόνον

475 1785 623 1825 num
654 1771 910 1831 tantum,
950 1779 1159 1817 verum
1189 1763 1368 1817 etiam
1397 1777 1797 1833 supernarum
1822 1762 2017 1818 virtuti

2210 1774 2339 1817 ,τῶν
2383 1764 2683 1838 ἀνθρώπων,
2728 1766 2855 1820 ἀλλὰ
2899 1774 2988 1822 καὶ
3026 1779 3125 1821 τῶν
3168 1772 3275 1823 ἄνω
3317 1768 3579 1842 δυνάμεων.
3604 1768 3651 1821 Ἠ
3679 1772 3752 1841 γὰρ

476 1858 781 1930 Siquidem
812 1869 1063 1923 regnum
1101 1869 1301 1909 meum
1331 1867 1455 1907 non
1495 1856 1581 1906 est
1620 1868 1691 1906 ex
1733 1852 1848 1907 hoc
1880 1868 2018 1907 mun

2243 1852 2487 1926 βασιλεία
2543 1858 2575 1914 ἠ
2638 1856 2734 1927 ἐμὴ
2794 1857 2888 1910 οὐκ
2940 1861 3078 1911 ἔστιν
3126 1857 3178 1910 ἐκ
3226 1868 3319 1912 τοῦ
3370 1864 3553 1932 κόσμου
3600 1859 3748 1921 τούτου,

478 1954 654 2021 prout
691 1964 799 2003 vos
829 1946 1068 2017 putatis.
1110 1946 1259 2010 Quia
1285 1960 1424 2000 vero
1462 1943 1866 2016 opinabantur
1896 1948 2020 1999 tem‘

2240 1946 2410 2007 καθὼς
2447 1946 2595 2018 ὑμεῖς
2636 1948 2823 2001 οἴεσθε.
2860 1948 2997 2001 Ἐπεὶ
3043 1945 3103 2001 δε
3126 1947 3536 2023 προσεδόκησαν,
3560 1947 3608 1999 οὐ
3644 1952 3752 2019 μόνον

477 2038 623 2093 illud
650 2052 771 2092 non
796 2035 963 2105 regni
987 2034 1181 2089 solum
1204 2048 1355 2097 esse,
1383 2033 1485 2088 sed
1509 2033 1686 2089 etiam
1712 2032 1937 2105 requiei
1968 2052 1983 2103 ;
2017 2034 2019 2085 ἶ

2243 2033 2516 2105 βασιλείας
2568 2032 2697 2088 εἶναι
2748 2040 2835 2089 τὸν
2884 2040 3062 2112 καιρόν
3120 2037 3329 2104 ἐκεῖνον,
3388 2038 3506 2091 ἀλλὰ
3553 2043 3627 2089 καὶ
3670 2035 3754 2087 ἁνα-

478 2142 739 2199 quoque.
773 2124 937 2197 quod
972 2124 1033 2178 in
1064 2140 1125 2178 se
1147 2127 1252 2184 est,
1282 2122 1538 2192 corrigit,
1572 2123 2020 2178 demonstrans

2242 2126 2495 2195 παύσεως,
2556 2130 2645 2178 καὶ
2688 2133 2836 2178 τοῦτο
2885 2123 3193 2199 διορθοῦται
3245 2132 3305 2181 τὸ
3355 2132 3515 2202 μέρος,
3566 2125 3756 2198 ἐμφαίνων

477 2216 677 2288 potius
709 2230 843 2270 esse
866 2218 1100 2286 tempus
1126 2211 1459 2267 atﬂictionis
1489 2216 1545 2267 et
1569 2211 1766 2266 caedis.
1802 2211 1893 2266 Ait
1922 2211 2015 2267 eni

2245 2212 2460 2284 θλίψεως
2496 2213 2685 2287 μᾶλλον
2725 2212 2854 2267 εἶναι
2898 2218 2983 2268 τὸν
3016 2219 3196 2289 καιρὸν
3244 2224 3424 2270 τοῦτον
3468 2220 3549 2269 καὶ
3578 2224 3750 2288 σφαγῆς.

2244 2308 2317 2361 Φη
2325 2308 2380 2355 ai
2407 2305 2531 2377 γάρ·

549 2392 714 2448 Vers.
764 2396 853 2447 22.
906 2394 1146 2447 Potestis
1180 2422 1248 2431 --
1293 2390 1623 2459 baptizari?
1655 2390 1937 2445 Poculum
1992 2389 2088 2444 dic

2313 2394 2543 2446 Δύνασθε
2626 2424 2692 2434 -
2764 2394 3123 2467 βαπτισθῆναι
3178 2412 3191 2463 ;
3274 2402 3514 2471 ῐῐοτήριον
3581 2398 3628 2446 τὸ
3696 2398 3759 2444 τιό

477 2483 707 2547 mortis,
740 2486 797 2537 et
818 2482 1189 2553 baptismum
1220 2480 1319 2552 qui
1350 2480 1411 2535 ﬁt
1442 2495 1548 2551 per
1577 2480 1955 2547 sanguinem.
1985 2482 2019 2535 Ν

2245 2484 2467 2535 θανάτου
2511 2482 2665 2555 λέγει,
2720 2489 2810 2537 καὶ
2859 2483 3163 2558 βάπτισμα,
3216 2489 3280 2538 τό
3332 2482 3403 2538 δι’
3456 2486 3655 2557 αἳματος.
3686 2485 3758 2537 Τὴν

477 2578 536 2629 et
564 2571 849 2643 poculum
870 2575 925 2627 et
955 2570 1322 2641 baptismum
1346 2576 1521 2624 vocat
1542 2568 1768 2624 caedem
1800 2584 1812 2624 :
1843 2569 2019 2639 pocul

2244 2576 2452 2644 σφαγὴν
2496 2575 2599 2647 γὰρ
2654 2572 2891 2646 ὀνομάζει
2937 2580 3027 2627 καὶ
3077 2580 3332 2648 ποτήριον
3384 2578 3469 2627 καὶ
3513 2572 3751 2646 βάπτισμα.

476 2663 742 2736 quidem,
776 2666 969 2733 utpote
997 2661 1131 2715 lteto
1152 2661 1355 2715 animo
1382 2675 1489 2731 pro
1519 2658 1867 2714 hominibus
1890 2674 2018 2713 susc

2244 2667 2496 2736 Ποτὴρίον
2550 2665 2660 2734 μὲν,
2728 2665 2797 2726 ὡς
2855 2660 3023 2725 ὂδέως
3076 2661 3499 2740 προσδεχθείσαν
3546 2664 3650 2735 ὑπὲρ
3689 2667 3758 2711 τῶν

475 2756 597 2809 tam
632 2770 644 2820 ;
675 2752 1042 2824 baptismum
1072 2766 1228 2817 vero,
1264 2757 1551 2822 tanquam
1584 2748 1993 2819 purificatione

2243 2750 2542 2823 ἀνθρώπων
2600 2751 2885 2826 βάπτισμα
2932 2750 3010 2823 δὲ,
3074 2755 3141 2817 ὡς
3185 2758 3472 2829 καθάρσιον
3514 2752 3661 2804 αὐτῶν.
3697 2746 3760 2799 Εἱ-

477 2860 699 2901 sorum.
727 2842 966 2897 Addens
989 2846 1206 2903 autem,
1236 2840 1404 2907 Quod
1427 2856 1525 2908 ego
1559 2839 1848 2893 bibiturus
1872 2853 2019 2900 sum,

2242 2846 2350 2893 πὼν
2395 2838 2474 2906 δί,
2519 2843 2599 2894 ὅτε
2646 2841 2713 2893 Ὀ
2766 2842 2866 2914 ἐγὼ
2913 2849 3065 2911 πίνω,
3115 2848 3201 2895 καὶ
3237 2851 3309 2897 '0
3348 2844 3443 2917 ἐγὼ
3482 2840 3752 2916 βαπτίζομαι,

478 2935 601 3001 Quo
627 2948 732 3003 ego
765 2932 1052 2999 bavptizor,
1094 2929 1449 2993 subindicat,
1482 2928 1643 3000 quod
1676 2927 1779 2999 qui
1811 2926 2020 2982 afﬂicti:

2241 2928 2629 3003 παρεδήλωσεν,
2686 2934 2750 2993 ὡς
2796 2934 2821 2984 ό
2872 2937 2944 3005 μὴ
2990 2941 3246 2985 κοινωνῶν
3293 2941 3386 2987 τοῦ
3430 2934 3592 2991 πάθους
3617 2926 3756 2989 αὐτοῦ,

474 3024 591 3079 bus
615 3023 743 3093 ejus
762 3037 885 3077 non
906 3020 1331 3084 communicat,
1379 3033 1573 3090 neque
1618 3034 1805 3091 regno
1831 3034 1940 3073 suo
1966 3033 2016 3073 ct

1800 3043 1805 3069 μ
1831 3034 1940 3073 suo
1966 3032 2131 3073 com-
2242 3016 2366 3074 οὐδὲ
2392 3028 2487 3081 τῆς
2518 3019 2787 3093 βασιλείας
2825 3022 2983 3075 αὑτοῦ
3013 3028 3342 3082 κοινωνήσει.

475 3111 820 3169 municabit.
2169 3125 2209 3185 ο

546 3206 709 3259 Vers.
740 3203 828 3257 22.
877 3202 1090 3258 Dicunt
1129 3202 1181 3255 ei
1212 3217 1228 3254 :
1257 3204 1592 3257 Possumus.
1635 3199 1852 3256 Omnia
1890 3198 2088 3271 promi

2315 3204 2572 3273 Λέγουσιν
2634 3202 2797 3255 αὐτῶ·
2870 3205 3157 3276 Δυνάμεθα.
3252 3207 3429 3258 Πάντα
3492 3195 3762 3269 ἐπαγγέλλον-

474 3298 605 3351 tunt
636 3292 976 3365 petitionem
1010 3292 1292 3363 consequi
1318 3291 1639 3361 cupientes.
1672 3289 2016 3361 Chrysostor

2241 3310 2347 3355 ται,
2379 3292 2653 3354 ποθοῦντες
2682 3300 2865 3364 τυχεῖν
2894 3293 2987 3355 τῆς
3031 3292 3314 3356 αἰτήσεως.
3344 3293 3402 3345 Ὀ
3442 3288 3497 3344 δὲ
3532 3288 3762 3361 Χρυσόπο·

474 3389 673 3440 autem
714 3383 851 3438 dicit
893 3383 1057 3454 quod
1095 3397 1290 3452 neque
1335 3380 1552 3452 poculo
1600 3384 1655 3433 et
1694 3378 1998 3449 baptismo

2240 3385 2333 3452 μός
2362 3381 2476 3451 (18)
2517 3400 2696 3454 φησιν,
2728 3384 2807 3435 ὅτι
2838 3379 2961 3435 οὐδὲ
2991 3385 3049 3434 τὸ
3076 3389 3331 3455 ποτήριον
3360 3384 3524 3435 καὶτὸ
3552 3377 3768 3452 βάπτισμα

473 3473 741 3541 tellectis,
772 3490 807 3528 a
834 3472 961 3527 sola
987 3471 1172 3526 animi
1196 3468 1665 3540 promptitudine
1692 3467 1941 3539 gratiam
1965 3483 2015 3538 qi

2239 3475 2535 3537 νοήσαντες,
2588 3470 2687 3525 ἀπὸ
2739 3480 2825 3533 τῆς
2873 3475 3169 3547 προθυμίας
3224 3478 3391 3546 μόνης
3440 3470 3684 3523 κατέθεντο.
3724 3464 3766 3511 Τί

475 3565 706 3619 rebant.
742 3561 893 3626 Quid
924 3576 1066 3629 ergo
1098 3559 1379 3613 Christus.

1140 3559 1379 3613 hl‘istus.
2241 3554 2326 3611 οὖν
2357 3561 2384 3611 ό
2412 3565 2644 3633 Χριστός
2666 3579 2678 3629 ;

542 3654 705 3706 Vers.
745 3652 835 3706 23.
878 3650 955 3704 Et
996 3681 1064 3690 —
1092 3647 1555 3720 paptizabimini.
1607 3644 2005 3716 PrOphetabat
2043 3645 2084 3698 ei

2314 3652 2413 3701 Καὶ
2498 3681 2567 3691 ““
2647 3649 3099 3722 βαπτισθήσεσθε.
3172 3658 3555 3727 Προεφήτευσεν
3622 3642 3766 3703 αὖτοῖς,

474 3741 633 3814 quod
680 3739 792 3808 ipsi
842 3754 1085 3810 quoque
1126 3736 1431 3791 occidendi
1477 3741 1690 3797 essent,
1734 3750 1803 3789 ac
1861 3740 2013 3790 mart

2240 3738 2319 3787 ὅτι
2356 3741 2447 3789 καὶ
2490 3738 2638 3791 αὖτοὶ
2680 3745 3063 3812 σφαγήσονται,
3110 3746 3197 3793 καὶ
3244 3743 3563 3815 μαρτυρικοῦ
3604 3734 3766 3786 limitem

472 3836 661 3886 morte
700 3827 1058 3883 honorandi.
1100 3829 1161 3880 Et
1195 3827 1267 3879 de
1304 3824 1525 3881 Iacobo
1548 3824 1785 3895 quidem
1814 3840 2014 3879 nover:

2241 3826 2744 3888 καταξιωθήσονται.
2814 3835 2912 3882 Καὶ
2986 3835 3103 3904 περὶ
3173 3834 3267 3902 μὲν
3342 3824 3582 3884 Ἰακωδου
3638 3824 3767 3875 πάντες

474 3935 705 3981 omnes,
738 3916 902 3990 quod
934 3915 1011 3971 ab
1040 3915 1266 3970 Herode
1298 3913 1586 3969 tetrarcha
1614 3913 1686 3969 sit
1717 3914 2016 3986 interempi

2242 3913 2471 3981 οἴδασιν,
2522 3919 2603 3969 ὅτι
2650 3917 2873 3992 ἀνῃρέθη
2926 3923 3068 3992 παρὰ
3114 3919 3355 3994 Ἠρώϐου
3395 3926 3484 3971 τοῦ
3516 3914 3764 3983 τετράρχθτ

474 4011 551 4064 De
590 4009 813 4062 Joanne
856 4021 997 4060 vero
1044 4004 1294 4077 quaestio
1334 4008 1418 4059 est
1466 4002 1623 4074 apud
1665 4003 1903 4059 multos.
1956 4007 2016 4062 Ai

2239 4011 2356 4080 περὶ
2410 4004 2469 4059 δὲ
2519 4015 2611 4060 τοῦ
2670 4008 2904 4062 Ἰωάννου
2968 4014 3189 4071 ζήτησίς
3252 4009 3367 4063 ἐστι
3420 4008 3557 4079 παρὰ
3605 4000 3763 4054 πολλοῖς·

476 4096 634 4152 enim
662 4096 823 4168 quod
854 4094 997 4166 quia
1046 4092 1351 4148 infallibile
1385 4096 1476 4148 est
1509 4092 1718 4147 Christi
1761 4094 2018 4151 vaticinii

2242 4100 2375 4148 Φασὶ
2419 4098 2542 4169 γὰρ,
2577 4099 2643 4159 ὡς
2694 4096 2800 4151 ἐπεὶ
2846 4096 3087 4169 ἀψευδὴς
3119 4101 3148 4157 ἡ
3183 4107 3279 4151 τοῦ
3327 4103 3555 4174 Χριστοῦ
3602 4086 3762 4163 πρόρῥη’

475 4190 530 4242 et
546 4186 638 4241 ille
664 4185 935 4240 nondum
956 4182 1223 4253 martyrii
1258 4186 1505 4237 mortem
1535 4183 1828 4250 sustinuit,
1858 4186 2017 4240 nond

2243 4204 2345 4251 σις,
2418 4191 2506 4239 καὶ
2560 4189 2702 4239 οὔπω
2758 4193 3079 4263 μαρτυρικὸν
3131 4188 3287 4249 οὗτος
3344 4190 3538 4243 ὑπέστη
3594 4184 3770 4233 θάνατον,

475 4280 744 4333 mortuus
789 4279 893 4340 est,
936 4273 1038 4328 sed
1086 4272 1283 4327 adhuc
1327 4272 1487 4340 vivit,
1530 4279 1585 4327 et
1629 4289 1764 4330 cum
1812 4276 2017 4345 Enoch,

2241 4277 2382 4327 οὔπω
2428 4277 2683 4341 τέθνηκεν,
2740 4276 2849 4327 ἀλλ’
2892 4279 2967 4329 ἔτι
3019 4277 3106 4350 ζῇ,
3149 4283 3239 4329 καὶ
3290 4277 3460 4348 μέλλει
3506 4274 3620 4347 μετὰ
3654 4268 3772 4331 Ἑνὼχ

474 4366 598 4421 Elia
624 4365 775 4421 circa
803 4363 999 4419 saeculi
1027 4362 1607 4417 consummationem
1630 4363 1991 4419 occidendus

2238 4370 2327 4417 καὶ
2397 4364 2573 4417 Ἠλιοῦ
2625 4375 2887 4437 σφαγῆναι
2940 4369 3073 4418 κατὰ
3118 4370 3203 4418 τόν
3249 4377 3343 4428 τῆς
3396 4363 3658 4418 συντελείας
3697 4373 3773 4405 καί·

475 4456 935 4528 Chrysostomus
971 4458 1169 4508 autem
1214 4451 1518 4507 manifeste
1548 4452 1738 4515 docet,
1777 4454 1939 4525 quod
1971 4472 2017 4509 II

2238 4459 2349 4529 ρὸν.
2380 4454 2438 4508 Ὀ
2488 4452 2547 4507 δὲ
2596 4460 2975 4527 Χρυσόστομος
3023 4452 3275 4509 διδάσκει
3315 4464 3555 4528 φανερῶς,
3586 4453 3653 4501 ὅτι
3687 4442 3775 4495 ἁπέ-

473 4548 610 4599 tuus
663 4548 749 4598 est
778 4549 833 4598 et
863 4542 1274 4612 interemptus.
1322 4540 1471 4595 Nam
1513 4541 1953 4612 interpretando
1998 4560 2015 4597 ε

2241 4546 2377 4612 θανε,
2409 4550 2498 4596 καὶ
2546 4545 2622 4596 ὃτι
2668 4543 2890 4617 ἐσφάγη·
2923 4550 2980 4598 τό
3024 4549 3124 4618 γὰρ
3159 4544 3273 4597 κατ’
3330 4546 3485 4597 αὐτὸν
3526 4533 3777 4609 Eur/7‘7"”

476 4632 881 4700 Evangelium,
914 4632 991 4685 ait
1014 4631 1087 4685 de
1110 4630 1209 4685 illo
1239 4630 1504 4685 secunda
1532 4630 1778 4685 homilia
1812 4647 1824 4684 :
1868 4633 2018 4686 Evan

2239 4633 2548 4706 ἑρμηνεύων,
2598 4632 2647 4686 ἐν
2701 4637 2789 4706 μὲν
2842 4643 2913 4705 τῷ
2961 4635 3076 4704 (19)
3133 4632 3364 4707 δευτέρῳ
3407 4633 3538 4704 λόγῳ
3584 4629 3683 4698 περὶ
3716 4618 3774 4669 ωλ-

472 4719 551 4774 lio
614 4722 802 4772 totum
870 4718 1317 4789 comprehendit
1386 4719 1608 4784 orbem,
1682 4733 1929 4791 corpore
1986 4735 2014 4775 ν

2238 4730 2327 4773 τοῦ
2386 4742 2562 4794 φησιν,
2616 4726 2695 4775 ὅτι
2745 4731 2827 4795 Τῷ
2884 4725 2973 4797 μὲν
3033 4724 3332 4797 Εὑαγγελίῳ
3382 4727 3475 4782 τὴν
3534 4716 3774 4786 οἰκουμένην

475 4806 737 4862 mediam
764 4806 1020 4861 obtinuit
1046 4807 1266 4871 Asiam,
1293 4808 1420 4863 dico
1452 4823 1597 4863 sane
1630 4808 1930 4879 Ephesum
1961 4826 1973 4875 ;
2007 4828 2017 4865 ε

2237 4810 2509 4864 κατέλαϐεν
2579 4812 2807 4865 ἅπασανο
2868 4821 2939 4883 τῷ
2995 4810 3053 4866 δὲ
3116 4820 3322 4885 σώματι
3379 4816 3543 4886 μέσην
3600 4807 3779 4867 κατέσχε

473 4912 576 4952 ma
596 4900 797 4951 autem
823 4895 901 4952 ad
928 4895 1095 4951 illum
1121 4912 1181 4951 se
1194 4898 1364 4951 cessit
1388 4897 1586 4951 locum
1615 4898 1717 4969 qui
1746 4900 1967 4954 sanctis
1992 4917 2015 4955 c

2240 4907 2329 4960 τὴν
2369 4901 2568 4966 Ἀσίαν,
2619 4907 2750 4976 φημὶ
2783 4898 2875 4975 δὴ,
2916 4908 3004 4961 τὴν
3043 4902 3283 4976 Ἐφεσονο
3317 4911 3381 4976 τῇ
3431 4897 3490 4954 δὲ
3513 4899 3652 4970 ψυχῇ
3686 4892 3782 4963 πρὸς

475 5000 660 5055 gruus
690 4988 797 5039 est.
839 4984 903 5039 In
935 4984 1128 5056 prima
1164 5000 1305 5040 vero
1336 4984 1495 5049 dicit,
1524 4986 1689 5057 quod
1710 4987 1888 5042 etiam
1919 4988 2017 5043 Chl

2368 4996 2521 5045 τόπον
2571 4991 2852 5069 ἀνέδραμεν
2897 4992 3103 5060 ἐκεῖνον,
3154 4996 3240 5046 τὸν
3292 4999 3403 5053 τοῖς
3456 4990 3617 5061 ἁγίοις
3653 4981 3783 5052 ἀι⁰μ⁰⁸

474 5074 621 5131 bibit
664 5074 968 5147 poculum.
1010 5078 1068 5130 et
1109 5074 1402 5146 baptismo
1446 5074 1575 5145 ejus
1626 5074 1957 5146 baptizatus
1991 5094 2016 5133 e

2244 5083 2412 5145 ζοντα.
2452 5083 2532 5137 Ἐν
2591 5079 2652 5155 δε
2696 5092 2767 5155 τῷ
2814 5089 3004 5160 πρώτῳ
3048 5083 3199 5155 λέγει,
3251 5084 3335 5135 ὅτε
3387 5084 3477 5135 καὶ
3518 5079 3573 5130 τό
3602 5070 3697 5148 (20)
3722 5082 3786 5123 π⁰’

548 5254 595 5289 ⁸9
624 5253 795 5311 Marc.
831 5268 892 5318 κ,
924 5253 1013 5321 35,
1054 5252 1142 5309 36.

1691 5387 1912 5457 Varia:
1942 5387 2270 5455 lectiones
2302 5397 2369 5453 et
2408 5398 2613 5454 notae.

549 5577 664 5720 (is?
696 5577 862 5631 Tom.
900 5577 1011 5639 vn,
1039 5593 1098 5648 p.
1129 5577 1253 5634 646.

549 5648 639 5719 (19
691 5650 855 5705 Tom.
886 5647 1029 5714 V111,
1063 5664 1121 5720 p.
1155 5649 1208 5704 7.

2319 5581 2426 5654 (Q0)
2482 5583 2647 5639 Tom.
2702 5582 2844 5651 VIII,
2902 5598 2962 5655 p.
3016 5587 3071 5640 2.
3123 5582 3390 5657 Apparet
3426 5592 3582 5649 ergo,
3622 5564 3792 5633 EuthY'

547 5647 660 5720 (ιθ)
691 5650 855 5705 Tom.
886 5647 1121 5721 vuigp.
1155 5649 1208 5704 7.
