3906 6202
189 353 262 407 541
1058 342 1428 400 COMMENT.
1483 340 1547 394 IN
1590 338 2032 397 MAT’l‘H/EUM.
2076 376 2141 384 -—
2180 344 2338 401 CAP.
2393 346 2514 402 XV.
3325 344 3430 399 542

188 483 324 547 τήριον
361 481 426 524 τον
470 477 677 543 Χριστοῦ
733 473 858 531 ἓπίε,
917 475 1006 520 καὶ
1057 473 1114 521 τὸ
1173 468 1452 540 βάπτισμα
1503 466 1662 517 αὐτοῦ
1700 469 1730 518 Α

1892 473 2070 524 mtate
2100 470 2249 524 enim
2282 470 2451 526 ethic
2483 471 2861 544 interemptus
2903 481 3006 539 est,
3053 474 3246 547 plagis
3277 487 3434 526 mar-

189 563 435 615 ἐϐαπτίσατο.
477 565 536 629 Τῇ
592 563 892 632 προαιρέσει
947 562 1048 633 γὰρ
1100 557 1299 630 ἐσφάγη
1347 562 1437 608 καὶ
1495 555 1664 620 οὗτος,

1896 555 1910 608 i
1943 558 2252 630 susceptis,
2279 564 2335 615 et
2364 576 2578 630 passus
2622 559 2937 619 innumera
2980 533 3219 636 prbpter
3249 561 3433 616 Chris-

179 657 249 710 τὰς
283 649 537 721 μῳτυρικάς
584 646 790 718 πληγὰς
851 649 1103 708 ὑποστὰς,
1157 652 1246 698 καὶ
1301 650 1466 718 μυρία
1523 641 1668 695 δεινὰ

1889 659 1904 697 ι
1937 646 2219 715 pericula.
2254 651 2402 704 Nam
2436 648 2654 704 athleta
2682 666 2750 705 ac
2797 658 3023 723 martyr
3067 651 3278 706 dicitur
3307 664 3431 704 non

176 741 305 791 παθὼν
342 735 413 789 διὰ
449 741 520 788 τὸν
563 740 809 810 Χριστὸν.
870 735 1122 797 ’Λθλητής
1167 738 1268 810 γὰρ
1317 739 1407 786 καὶ
1447 735 1664 806 μάρτυς,

1886 749 1971 788 1m
2003 735 2106 805 qui
2133 737 2381 792 violente
2412 742 2684 792 mortuus
2712 745 2796 795 est
2841 746 3082 814 propter
3113 741 3428 802 Christum,

174 829 217 880 οὗ
261 831 379 898 μόνον
430 824 452 876 6
517 823 699 896 βιαίως
771 823 1038 878 ἀποθανὼν
1114 821 1207 877 διὰ
1269 827 1354 876 τὸν
1412 825 1664 896 Χριστὸν,

1891 839 1981 878 um
2011 824 2188 879 etiam
2209 827 2312 897 qui
2337 825 2669 894 ﬂagellatus
2691 834 2796 894 est,
2822 829 3056 902 aliaque
3077 830 3265 885 multa
3297 844 3433 900 pas-

178 916 267 967 ὃιλλὰ
297 919 366 966 καὶ
416 915 437 965 ὁ
485 917 830 986 μαστιγωθεὶς
884 920 974 968 καὶ
1019 916 1398 974 κακοπαθήσας
1447 908 1522 964 δι’
1579 909 1668 960 αὖ·

1903 918 2145 983 propter
2169 929 2328 968 eum.
2361 915 2700 970 Invenimus
2719 916 3017 988 siquidem
3040 924 3095 974 et
3125 917 3429 989 posthunc

181 1009 253 1059 τὸν.
317 1004 588 1076 Εὑρίσκομεν
651 1007 753 1075 γὰρ
829 1010 919 1056 καὶ
983 1007 1114 1076 μετὰ
1196 1011 1377 1056 τοῦτον
1449 999 1665 1058 πολλοὺς

1887 1015 2085 1072 rosque
2111 1008 2366 1058 certasse
2391 1001 2659 1074 quidem,
2688 1019 2898 1061 verum
2917 1007 3183 1062 animam
3201 1007 3259 1061 in
3283 1019 3429 1076 pace

181 1092 417 1153 ἀθλήσαντας
461 1095 558 1163 μὶν,
639 1096 733 1150 τὴν
792 1089 851 1146 δὲ
917 1093 1103 1165 ψυχὴν
1169 1095 1218 1144 ἐν
1272 1093 1444 1166 εἰρήνη
1503 1108 1667 1160 παρα·

1891 1091 2390 1147 ιοοωωοηάᾶεεθ
2424 1107 2573 1159 ;nec
2630 1099 2871 1172 propter
2919 1095 3035 1152 hoc
3087 1095 3244 1150 dicet
3275 1091 3433 1166 quis-

183 1185 345 1253 θιμένονς
373 1188 480 1251 Θεῷ,
515 1185 608 1232 καὶ
651 1177 746 1233 διὰ
790 1189 944 1234 τοῦτο
989 1188 1144 1254 φήσει
1184 1201 1264 1244 τις
1313 1180 1426 1252 (21)
1479 1179 1667 1239 αὐτοὺς

1885 1197 1929 1233 m
1951 1196 2052 1235 eos
2070 1196 2106 1236 a
2130 1186 2396 1258 martyrii
2419 1188 2708 1244 excidisse
2729 1186 3014 1256 dignitate
3033 1183 3204 1250 Quod
3230 1187 3427 1238 autem

174 1270 425 1328 ἐκϐεϐλῆσθαι
463 1277 545 1322 τοῦ
571 1277 901 1345 μαρτυρικω]
944 1270 1262 1344 ἀξιώματος.
1318 1269 1440 1322 Ὀτι
1485 1265 1544 1321 δὲ
1591 1271 1668 1319 τέ-

1889 1274 2048 1325 rtnus
2080 1272 2169 1340 sit,
2205 1273 2333 1344 ipse
2391 1276 2549 1333 idem
2604 1279 2680 1333 ait
2710 1277 2770 1332 in
2813 1273 3132 1346 Evangelio
3186 1271 3431 1344 quidem

173 1361 317 1425 θνεκιν,
343 1359 466 1421 αὐτὸς
503 1360 658 1421 οὗτός
698 1379 874 1432 φησιν,
925 1361 976 1412 ἐν
1010 1368 1081 1430 τῷ
1126 1360 1432 1432 Ebur/727i?
1462 1361 1552 1430 μὶν
1589 1355 1668 1408 λέ-

1891 1374 1976 1413 ωε
2010 1376 2021 1413 :
2056 1361 2190 1417 Non
2219 1363 2370 1420 dixit
2397 1365 2450 1421 ei
2475 1367 2664 1422 Jesus.
2717 1367 2849 1421 Non
2880 1364 3128 1419 moritur
3161 1363 3229 1414 ⁸ο.
3266 1363 3327 1414 In
3371 1360 3433 1414 li-

161 1468 250 1518 γων,
281 1450 342 1499 ἇτι
381 1448 476 1500 Οὐκ
524 1449 663 1500 εἶπεν
722 1448 860 1519 αὐτῷ
909 1451 935 1500 ὁ
995 1450 1217 1515 Ἰησοῦς,
1265 1451 1346 1500 ὅτι
1397 1447 1490 1500 οὐκ
1539 1445 1666 1497 ἀπο-

1885 1480 1886 1489 ι
1919 1454 2119 1506 autem
2163 1451 2555 1525 Apocalypsis
2589 1457 2697 1510 sub
2751 1469 3010 1526 persona
3063 1449 3383 1508 Salvatoris
3415 1463 3427 1502 :

164 1538 334 1593 θνήσκει·
377 1535 417 1588 ἐν
459 1533 512 1590 δὲ
555 1546 623 1610 τῇ
677 1536 843 1610 βίϐλῳ
885 1545 979 1600 τῆς
1030 1537 1446 1609 Ἀποκαλύψεως,
1505 1555 1666 1610 προσο

1891 1540 2043 1596 dabo
2073 1541 2294 1597 duobus
2325 1544 2566 1600 testibus
2597 1546 2752 1612 meis,
2806 1550 2855 1599 et
2887 1541 3317 1613 prophetabunt
3350 1544 3427 1593 tot

156 1632 241 1696 ώτῳ
288 1633 360 1678 τοῦ
404 1633 651 1701 Σωτῆρος,
709 1629 790 1679 ὅτι
849 1629 950 1680 Καὶ
1000 1624 1156 1680 δώσω
1203 1634 1308 1687 τοῖς
1357 1622 1486 1679 δυσὶ
1525 1628 1662 1698 μάρ-

1886 1631 2380 1688 busamictisaccis
2395 1635 2437 1670 ⁶¹
2452 1633 2572 1690 .Hic
2594 1637 2796 1689 autem
2812 1637 2953 1686 sunt
2969 1630 3166 1686 Enoch
3185 1633 3243 1684 et
3256 1627 3428 1683 Elias.

156 1720 238 1766 τ’δσί
301 1735 402 1786 μου,
484 1721 567 1768 καὶ
667 1719 1123 1790 προφητεύσουσιν
1221 1717 1414 1788 ἡμέρας
1504 1719 1663 1775 τόσας
1778 1722 1914 1793 (22),
2009 1721 2435 1796 περιϐεϐλημένοι
2531 1725 2780 1784 σάκκους.
2893 1722 3052 1776 Οὗτοι
3145 1717 3204 1774 δὲ
3299 1718 3430 1772 εἰσιν

156 1803 275 1874 Ἑνώχ
301 1810 375 1856 καὶ
406 1803 591 1868 Ἠλίας.
1696 1805 1741 1862 Β

201 1895 251 1943 Τὸ
299 1889 348 1945 δὲ
389 1896 596 1947 καθίσαι
655 1926 728 1936 -
786 1914 908 1967 μου.
968 1894 1312 1968 Προλαϐὁντες
1363 1895 1658 1967 εἰρήκαμεν,

1885 1904 2002 1958 ’ers.
2034 1901 2122 1956 23.
2146 1901 2358 1959 Sedere
2372 1908 2569 1958 autem
2598 1933 2668 1944 —-
2689 1917 2832 1958 meo.
2857 1902 2920 1956 In
2946 1898 3427 1972 praecedentibus

151 1980 287 2032 ὅτιτὸ
332 1984 530 2036 καθίσαι
582 1982 647 2036 ἔκ
702 1980 902 2050 δεξιῶν,
954 1988 986 2042 ἦ
1048 1982 1101 2046 ἐξ
1155 1984 1425 2056 εὐωνύμων
1480 1983 1660 2047 αὐτοῦ,

1885 1989 2055 2057 imus,
2082 1989 2243 2062 quod
2282 1990 2486 2046 sedere
2516 2006 2552 2046 a
2575 1990 2831 2046 dexteris
2853 1989 2985 2061 ejus
3019 1993 3122 2044 aut
3153 1985 3427 2050 sinistris,

149 2069 238 2140 ὑπερ
296 2075 374 2129 τὴν
425 2070 564 2135 ἀξίαν
631 2071 789 2138 ἐστὶν,
845 2073 904 2125 οὐ
970 2077 1123 2145 μόνον
1174 2081 1273 2125 τῶν
1358 2071 1659 2145 ἀνθρώπων,

1888 2080 2004 2136 edit
2055 2079 2398 2153 dignitatem
2430 2095 2549 2136 non
2579 2080 2894 2136 hominum
2953 2076 3171 2146 solum,
3226 2091 3430 2132 verum

152 2155 240 2208 ἀλλὰ
277 2164 350 2212 καὶ
393 2170 484 2212 τῶν
532 2162 642 2215 ἀνω
686 2159 973 2234 δυνάμεων·
1011 2161 1190 2215 λοιπὸν
1242 2158 1330 2214 οὖν
1367 2159 1542 2223 οὐδεὶς
1569 2180 1662 2213 κα·-

1891 2187 1944 2226 m
1976 2185 2370 2242 supernarum
2401 2171 2686 2226 virtutum
2718 2186 2731 2234 ;
2766 2169 2956 2224 nullus
3001 2169 3202 2239 itaque
3260 2168 3433 2222 sede-

149 2243 328 2303 θιδείται.
376 2254 468 2303 Καὶ
520 2261 634 2312 πῶς
687 2251 906 2304 ἐνταῦθα
962 2271 1140 2325 φησιν,
1207 2253 1287 2304 ὅτι
1341 2250 1450 2304 Οὐκ
1521 2254 1659 2303 ἔστιν

1915 2264 1983 2317 Ει
2007 2259 2316 2333 quomodo
2339 2259 2435 2314 hic
2465 2259 2600 2315 dicit
2623 2275 2636 2312 :
2656 2260 2786 2315 Non
2817 2265 2900 2315 est
2935 2273 3118 2314 meum
3146 2257 3306 2322 dare,
3333 2255 3433 2312 sed

146 2333 232 2403 ἐμὰν
275 2333 446 2406 δοῦναι,
517 2339 630 2392 ἀλλ’
687 2339 886 2394 ἐκείνων
961 2339 1122 2406 ἐστὶν,
1196 2338 1272 2402 οἷς
1343 2342 1660 2413 ἡτοίμασται

1891 2352 2144 2420 rontingit
2172 2349 2383 2421 quibus
2401 2355 2668 2420 paratum
2691 2354 2774 2405 est
2826 2364 2863 2404 a
2894 2350 3071 2403 Patre
3101 2361 3220 2403 meo
3240 2347 3267 2400 ?
3333 2347 3433 2402 Os-

140 2423 209 2474 ὑπὸ
248 2433 322 2478 τοῦ
373 2433 558 2502 Πατρός
610 2445 754 2502 μους
806 2434 1043 2482 Δείκνυσι
1087 2433 1212 2502 γὰρ,
1263 2431 1342 2482 ὃτι
1381 2424 1660 2482 καθεδοῦν-

1892 2439 1956 2494 lit
1978 2439 2135 2495 enim
2154 2439 2457 2510 quosdam
2479 2454 2766 2494 sessuros.
2793 2436 3053 2492 Dicimus
3091 2451 3234 2504 ergo
3267 2434 3434 2506 quod

139 2517 200 2562 ταί
236 2533 356 2576 τινες.
405 2521 634 2590 Λέγομιν
688 2514 794 2583 οὖν,
848 2521 918 2579 ὡς
969 2517 1077 2571 ἐπεὶ
1132 2515 1414 2591 προεδρίαν
1459 2517 1506 2569 ἐν
1556 2525 1660 2577 τοῖς

1887 2544 1909 2584 1
1963 2529 2476 2601 praeeminentiam
2526 2529 2678 2584 inter
2731 2526 3060 2598 discipulos
3147 2527 3429 2596 peterent,

135 2604 332 2670 μαθηταῖς
377 2607 608 2679 ᾐτοῦντο,
673 2607 851 2660 λοιπὸν
915 2610 942 2659 6
998 2611 1229 2680 Χριστὸς
1283 2604 1542 2682 καθέδραν
1606 2610 1660 2660 ἐκ

1889 2634 1930 2675 ιο
1981 2617 2245 2674 Christus
2295 2617 2643 2674 cathedram
2692 2634 2726 2672 a
2776 2615 3000 2671 dextris
3061 2619 3118 2670 et
3182 2613 3431 2668 sinistris

139 2685 280 2751 δεξιῶν
321 2701 392 2747 καὶ
442 2697 492 2760 ἐξ
551 2697 832 2772 εὐωνύμων
888 2696 1025 2769 λέγει
1077 2702 1171 2756 τὴν
1227 2703 1438 2772 πρώτην
1514 2697 1660 2759 τάξιν

1893 2714 1912 2763 t
1968 2708 2222 2780 primam
2270 2708 2418 2763 inter
2460 2708 2628 2778 ipsos
2678 2708 2904 2771 sedem,
2959 2719 3082 2776 quo
3129 2705 3330 2758 Petrus
3379 2706 3435 2757 et

133 2775 174 2828 έν
218 2780 370 2850 αὐτοῖς,
409 2787 468 2848 ἧς
516 2786 911 2850 ἀξιωθήσονται
967 2790 1161 2862 Πέτρος
1201 2806 1291 2838 και
1340 2785 1562 2850 Παῦλος,
1614 2788 1662 2838 οἱ

1893 2775 1985 2853 lus
2015 2796 2372 2868 dignihabiti
2399 2775 2541 2852 sunt
2567 2795 2862 2868 principes
2893 2775 3341 2865 discipulorum,
3370 2794 3435 2846 nt

130 2880 343 2941 κορυφαῖοι
391 2884 484 2928 τῶν
536 2879 814 2949 μαθητῶν,
859 2877 926 2938 ὡς
977 2875 1148 2928 πλεῖον
1177 2884 1277 2928 τῶν
1317 2875 1480 2928 ἄλλων
1533 2877 1664 2928 πάν-

1218 2884 1277 2927 ῶν
1317 2875 1480 2928 ἄλλων
1533 2877 1664 2928 πάν·
1773 2887 1876 2960 qui
1898 2887 2036 2959 plus
2066 2885 2289 2943 czeteris
2325 2886 2760 2943 laboraverunt.

133 2975 201 3009 των
224 2967 585 3038 ἀγωνισάμενοι,

181 3055 260 3103 Καὶ
303 3061 397 3115 πῶς
447 3057 472 3107 6
527 3051 932 3129 παντοδύναμος
1003 3051 1254 3108 ἀδυνατεῖ
1309 3051 1493 3108 δοῦναι
1543 3057 1666 3107 ταύ-

1895 3063 2252 3136 tqnomodo
2279 3063 2376 3134 qui
2405 3064 2783 3136 omnipotens
2835 3069 2940 3128 est,
2976 3061 3055 3119 ad
3082 3061 3240 3118 hanc
3291 3063 3437 3118 dan-

134 3142 224 3203 Ti‘l;
266 3141 363 3194 Οὐκ
401 3145 557 3213 ἔστιν,
602 3147 731 3217 ὅπερ
783 3143 936 3214 εἶπεν,
986 3141 1294 3217 ἀδυναμίας,
1341 3143 1466 3197 ἀλλά
1496 3142 1666 3198 δικαι-

1896 3169 1921 3207 1
1946 3153 2211 3208 redditur
2239 3153 2537 3224 impotens
2562 3155 2590 3208 ‘?
2638 3153 2807 3219 Quod
2833 3153 2999 3217 dixit,
3058 3153 3187 3208 Non
3209 3157 3286 3208 est
3320 3166 3438 3206 non

130 3231 294 3290 οςὺνης.
337 3231 469 3287 Ἐπεὶ
535 3237 641 3308 γὰρ
712 3237 1050 3309 χαρίσασθαι
1121 3234 1300 3297 αὐτοῖς
1376 3239 1470 3293 τὴν
1543 3256 1666 3311 προ⁴

1895 3242 2141 3298 potentiae
2164 3246 2272 3306 est,
2304 3241 2410 3296 sed
2469 3242 2726 3312 justitiam
2762 3245 2909 3297 Nam
2940 3241 3083 3313 quia
3109 3241 3286 3313 gratis
3326 3239 3437 3295 sibi

133 3312 266 3388 ιδρίαν
314 3321 534 3394 ᾐτοῦντο,
589 3329 776 3398 φησὶν,
834 3326 910 3377 ὅτι
963 3325 1072 3376 Οὐκ
1119 3326 1259 3377 ἔστιν
1308 3323 1426 3396 ἐμὸν
1465 3327 1523 3376 τὸ
1575 3328 1668 3382 τὴν

1895 3335 2102 3386 natum
2136 3330 2422 3402 petebant
2451 3347 2464 3385 :
2489 3332 2616 3386 Non
2647 3336 2760 3399 est,
2795 3312 3002 3400 inquit,
3047 3312 3250 3384 meum
3294 3327 3437 3384 dare

128 3425 287 3476 πρωτην
331 3414 468 3476 τάξιν
509 3415 876 3488 χαρίσασθαι’
922 3422 1076 3467 τοῦτο
1116 3417 1218 3487 γὰρ
1266 3422 1354 3466 νῦν
1383 3417 1442 3467 τὸ
1488 3411 1670 3466 δοῦναι

1893 3420 1965 3476 tis
1993 3420 2318 3492 primatum
2350 3419 2474 3475 sive
2502 3419 2758 3490 primam
2792 3419 3018 3488 sedem,
3050 3419 3110 3474 id
3138 3417 3435 3490 siquidem

131 3503 338 3564 πμαίνει,
404 3498 610 3566 δίκαιος
669 3505 776 3577 γὰρ
832 3507 959 3576 είμι,
1027 3508 1115 3556 καὶ
1170 3502 1668 3578 ἀπροσωπόληπτος·

1897 3510 2073 3566 iiﬁcat
2091 3509 2232 3565 dare
2259 3526 2272 3577 ;
2296 3509 2494 3580 justus
2512 3508 2872 3575 enimfsum,
2898 3523 3019 3563 non
3046 3523 3439 3579 personarum

125 3582 205 3634 ειὶΥ
251 3587 430 3642 ἐκείνων
481 3592 629 3646 ἐστὶν
687 3593 845 3659 αὕτη,
905 3593 982 3653 οἷς
1047 3595 1370 3665 ἡτοίμασται
1424 3594 1525 3646 ὑπό
1580 3600 1667 3645 τοῦ

1898 3603 2078 3672 eptor.
2112 3599 2226 3656 Sed
2250 3599 2385 3665 hoc,
2416 3599 2516 3664 ait,
2544 3603 2632 3654 est
2655 3598 2890 3654 illorum
2912 3597 3132 3670 quibus
3169 3601 3440 3669 paratum

126 3677 282 3746 Πατρός
319 3698 428 3749 μου.
467 3681 825 3754 Ἠτοίμασται
869 3678 928 3734 δὲ
967 3689 1082 3744 τοῖς
1129 3679 1515 3755 δικαιουμένοις
1544 3684 1668 3734 ταύ-

1899 3705 1936 3745 a
1961 3691 2130 3744 Patre
2162 3704 2316 3746 meo.
2350 3692 2628 3745 Paratum
2661 3691 2748 3744 est
2779 3693 2980 3744 autem
3011 3687 3101 3743 his
3147 3687 3248 3760 qui
3279 3685 3440 3756 digni

121 3777 191 3820 Tt;
231 3773 407 3837 τυχεῖν.
456 3770 532 3825 Οὐ
592 3774 702 3844 γὰρ
759 3775 912 3844 μόνον
984 3775 1042 3823 τὸ
1113 3779 1370 3824 κοινωνεῖν
1437 3791 1525 3844 μοι
1579 3781 1663 3834 τῆς

1900 3782 1921 3834 t
1951 3783 2013 3834 ut
2027 3779 2141 3833 hoc
2155 3783 2616 3851 consequantur.
2635 3781 2760 3834 Non
2781 3778 2935 3832 enim
2955 3776 3082 3833 sola
3107 3775 3254 3831 nihil
3285 3775 3442 3830 caede

123 3862 287 3922 σῩαἾῆς
321 3858 534 3928 προξενιί
564 3867 665 3920 τὴν
713 3866 923 3934 πρώτην
962 3861 1129 3926 τάξιν,
1178 3861 1305 3913 ἀ).λά
1351 3865 1409 3913 τὸ
1447 3869 1665 3937 πρωτεῦ-

1902 3867 2230 3923 imunicare
2278 3868 2537 3939 primam
2587 3867 2862 3924 conciliat
2890 3866 3116 3930 sedem,
3154 3863 3261 3920 sed
3332 3863 3444 3934 pri-

127 3954 204 3989 σαι
243 3943 412 3998 πάντων
458 3955 550 4002 καὶ
614 3949 667 4002 ἐν
740 3957 857 4012 ταῖς
907 3948 1112 4011 λοιπαῖς
1183 3949 1408 4023 ἀρεταῖς.
1479 3952 1669 4004 Ἐντεῦ-

1899 3975 1915 4012 ε
1958 3956 2232 4012 omnium
2275 3956 2423 4012 ferre
2476 3957 2658 4013 etiam
2715 3957 2776 4011 in
2827 3955 3056 4012 caeteris
3103 3952 3441 4009 virtutibus.

124 4025 192 4075 θη
225 4025 278 4114 δι
309 4034 518 4103 μάλιστα
556 4039 854 4113 παρίθηξεν
907 4039 1117 4102 αὐτούς.
1170 4039 1291 4092 ’Υπό
1331 4046 1423 4092 τοῦ
1471 4044 1666 4114 Πατρός

1901 4063 1925 4101 e
1965 4051 2167 4101 autem
2219 4048 2475 4102 maxime
2515 4045 2781 4102 traduxit
2807 4044 2960 4100 illos.
3012 4045 3057 4099 A
3111 4043 3294 4099 Patre
3319 4057 3443 4098 meo

119 4130 203 4179 μου
247 4113 298 4171 δι
344 4121 487 4192 εἶπεν,
546 4130 667 4201 ἅμα
712 4132 804 4200 μὲν
848 4132 934 4180 τὸν
973 4133 1177 4202 Πατέρα
1222 4137 1402 4200 τιμῶν,
1458 4113 1661 4200 ἀμανδῑ

1903 4150 1987 4190 3m
2017 4133 2182 4195 dixit,
2239 4138 2364 4189 tum
2420 4139 2484 4190 ut
2526 4134 2762 4190 Patrem
2815 4134 3151 4197 honoraret,
3202 4136 3333 4186 tum
3383 4132 3445 4185 ut

117 4210 189 4253 καὶ
228 4207 380 4264 ἑαυτὸν
426 4223 814 4289 συνεμφαίνων,
860 4219 933 4279 ὡς
984 4217 1174 4269 ταύτὸν
1211 4225 1284 4287 τῷ
1319 4221 1487 4293 Πατρὶ
1519 4214 1659 4270 δυνά

1900 4239 2052 4278 ιευω
2081 4222 2518 4278 demonstraret
2553 4226 2844 4293 tanquam
2882 4220 3043 4275 idem
3093 4236 3224 4275 cum
3271 4219 3442 4273 Patre

114 4309 250 4359 ἔλενσνο
280 4299 400 4372 Ἐγὼ
425 4308 549 4382 γὰρ,
584 4311 746 4380 φησι,
777 4310 867 4358 καὶ
893 4307 917 4357 ὁ
951 4311 1132 4381 Πατὴρ
1159 4306 1207 4358 ἓν
1240 4305 1410 4378 ἐσμεν.

1790 4315 2105 4385 potentem,
2134 4312 2277 4380 Ego,
2309 4310 2516 4382 inquit,
2547 4317 2599 4366 et
2626 4311 2802 4365 Pater
2830 4323 3014 4363 unum
3041 4321 3231 4363 sumus
3265 4307 3332 4359 ⁸³.

172 4398 255 4447 Καὶ
305 4429 362 4442 ~
402 4399 668 4477 ἀδελφῶν.
723 4405 788 4456 Οἱ
838 4400 935 4456 δύο
980 4407 1071 4476 μὲν
1109 4413 1209 4456 τῶν
1253 4401 1382 4456 δέκα
1430 4407 1677 4476 μαθητῶν

1903 4401 2024 4457 ὀι-ε.
2047 4403 2136 4456 24.
2170 4401 2247 4455 Et
2272 4428 2341 4443 --
2361 4399 2684 4470 fratribus.
2702 4400 2828 4452 Duo
2855 4396 3102 4468 quidem
3128 4410 3312 4465 supra
3351 4393 3445 4448 de-

114 4487 484 4555 κατεπήρθησαν·
539 4495 590 4545 οἱ
650 4489 784 4545 δέκα
813 4489 892 4556 δὲ,
923 4500 1032 4552 τοῖς
1077 4489 1206 4545 δυσὶ
1236 4495 1500 4565 μαθηταῖς
1530 4493 1650 4566 ἐφθό

1904 4490 2270 4563 [discipulos
2301 4489 2440 4545 elati
2473 4489 2704 4544 fuerant
2740 4509 2752 4540 :
2777 4485 2985 4541 decem
3013 4499 3155 4539 vero
3188 4483 3263 4538 de
3291 4483 3446 4540 duo-

111 4584 266 4655 ῖεταν,
304 4585 388 4627 τῶν
435 4586 712 4655 πρωτείων
762 4579 1059 4654 ἐφιεμένοις.
1115 4589 1267 4634 Οῡτω
1315 4585 1503 4645 πάντες
1541 4579 1653 4641 ἧσα

1918 4579 2290 4647 invidebant,
2313 4595 2385 4635 eo
2415 4579 2577 4650 quod
2606 4577 2836 4650 primas
2870 4573 3046 4630 sedes
3063 4573 3441 4629 desiderave-

114 4667 284 4722 τελεῖς.
334 4673 486 4736 μήπω
535 4678 636 4723 τοῦ
702 4671 839 4723 θείου
895 4672 1190 4742 Πνεύματος
1244 4669 1648 4742 ἐπιφοιτήσαντο

1903 4677 1960 4740 t;
1983 4675 2041 4726 et
2062 4669 2144 4725 ita
2162 4683 2382 4724 omnes
2405 4665 2730 4737 imperfecti
2755 4668 2946 4720 erant.
2975 4661 3253 4719 Nondum
3281 4662 3445 4718 enim

112 4744 272 4812 τέτοῖς.
301 4752 428 4809 Ἀλλ’
457 4760 688 4832 ὕστερον
723 4759 912 4822 αὐτοὺς
955 4761 1247 4833 κατάμαθε,
1279 4765 1368 4813 καὶ
1400 4760 1515 4832 ὄψει
1548 4781 1650 4813 παν

1903 4759 2036 4817 ritus
2067 4762 2312 4814 sanctus
2337 4755 2744 4812 descenderat.
2777 4753 2892 4810 Sed
2918 4751 3310 4825 postmodum
3359 4752 3445 4825 ip-

114 4839 185 4894 τος
223 4844 391 4906 πάθους
434 4847 894 4921 ἀπηλλαγμένους,
951 4854 1042 4902 καὶ
1099 4848 1354 4911 ἀλλήλους
1410 4848 1656 4904 ἐπαινοῦν

1917 4847 2174 4922 perfecte
2224 4845 2589 4917 cognoscito,
2641 4848 2699 4899 et
2751 4841 2985 4899 videbis
3024 4842 3192 4898 omni
3231 4841 3446 4899 affectu

111 4939 203 4994 τας,
249 4939 325 4988 καί
383 4935 630 5002 ἀλλήλοις
705 4947 807 4991 τῶν
868 4943 1131 5014 πρωτείων
1204 4946 1653 5013 παραχωροῦντας

1906 4953 2023 5005 ros,
2061 4952 2133 4993 ac
2156 4935 2406 4992 invicem
2431 4932 2796 4998 extollentes,
2830 4937 2888 4988 et
2919 4935 3131 4988 mutuo
3156 4931 3448 5003 primatu8

167 5053 372 5116 “toan.
394 5078 514 5132 XXI,
537 5065 638 5119 23.
719 5067 762 5101 ο¹
793 5067 975 5137 Apoc.
1004 5079 1081 5130 x1,
1103 5064 1158 5122 3.
1237 5066 1284 5100 ⁸³
1308 5065 1478 5121 Joan.
1511 5081 1567 5130 x,
1601 5069 1688 5122 30.

1297 5223 1521 5291 Varia
1551 5224 1879 5293 lectiones
1909 5233 1975 5291 et
1994 5232 2197 5290 notae.

101 5354 261 5446 [ιξξξξφ
304 5378 409 5434 pro
437 5365 649 5446 prima
692 5365 940 5446 humilia
960 5363 1296 5446 ΔΙιιξὶιιιὶεςειιξ,
1325 5365 1492 5446 qugd
1530 5381 1678 5446 non-
1792 5437 1826 5446 _
1857 5366 1972 5446 (22)
2003 5367 2174 5425 Τόσας
2199 5361 2641 5446 εοιοῇρξίςειιιιοά
2670 5376 2952 5446 numeros
2977 5362 3192 5446 referre
3235 5359 3444 5446 noluit.

97 5425 220 5513 {alii
239 5425 339 5513 prb
354 5425 724 5513 praefatione
747 5436 994 5492 habent.
1021 5425 1408 5494 Consentiunt
1427 5425 1677 5502 Savilius
1786 5425 2075 5513 Qéterum
2114 5449 2236 5490 non
2289 5425 2569 5513 intelligo,
2623 5433 2940 5513 quomodo.
2989 5434 3442 5513 haecnprobent,

94 5499 680 5574 et‘ldntefalconius.
1665 5499 1668 5502 ’
1782 5510 2076 5564 Joannem
2107 5499 2537 5574 evangelistam
2564 5499 2871 5562 mortuum
2916 5519 3064 5562 esse.
3123 5499 3286 5574 Vide,
3315 5515 3443 5573 qua:

151 5571 251 5643 (2t)
289 5575 451 5656 Forte
499 5575 706 5648 οὐδεις,
735 5577 909 5644 sicuti
943 5577 1277 5648 Hentenius
1314 5595 1561 5652 quoque
1591 5582 1637 5638 vi

95 5637 238 5696 detur
257 5644 482 5717 legisse.

1591 5580 1675 5638 vi-
1783 5579 1993 5648 dixiin
2022 5571 2295 5647 editione
2311 5578 2355 5632 N
2371 5617 2386 5636 .
2422 5577 2570 5634 Test.
2599 5575 2674 5632 ad
2700 5579 2873 5642 Joan.
2893 5591 3016 5641 xxx,
3042 5577 3129 5630 23.
