3906 6202
483 299 589 354 543

1795 289 2141 350 EUTHYMII
2191 289 2524 347 ZIGABENI

3651 303 3722 358 544

489 425 899 479 (τοπιρράοηίεε.
929 426 1087 478 Tunc
1116 423 1316 490 itaque
1343 422 1637 493 indignati
1668 426 1823 485 sunt,
1858 422 1976 474 sive
2006 433 2112 489 gra

2246 421 2373 468 Τότε
2405 413 2457 469 δ’
2486 414 2573 469 οὖν
2605 416 2721 489 (23)
2754 417 3149 489 ἠγανάκτησαν,
3182 420 3326 489 vir/0w
3356 420 3472 489 (2i),
3508 419 3728 496 ἐδυσφὸρπ-

488 513 637 567 viter
669 512 946 566 tulerunt.
983 511 1287 583 Siquidem
1319 511 1565 583 quando
1592 512 1931 583 frequenter
1979 505 2132 562 Chri-

488 605 612 656 stus
646 600 774 655 illos
806 617 921 671 prae
955 602 1172 656 caeteris
1196 600 1615 667 honoraverat,
1645 616 1767 655 non
1804 613 1959 667 aegre
1991 595 2134 651 tule-

486 693 639 754 rant,
674 688 875 760 ipsum
904 689 1125 745 scilicet
1158 689 1320 745 veriti
1353 706 1367 755 ;
1399 690 1647 761 quando
1688 693 1886 744 autem
1942 702 2048 759 per
2073 700 2134 741 se

486 777 809 849 primatum
855 778 1163 848 petierunt,
1222 778 1511 849 indignati
1574 785 1729 842 sunt,
1778 782 1835 833 et
1875 776 2135 833 maxime

487 866 721 935 cognito
751 868 913 939 quod
941 867 1203 923 exauditi
1233 883 1353 923 non
1381 874 1576 923 essent
1610 885 1624 935 ;
1657 884 1729 923 ex
1753 866 2135 939 praeceptoris

486 956 644 1010 enim
675 957 1063 1026 responsione
1093 957 1505 1013 intellexerunt
1532 957 1678 1028 quid
1706 956 2023 1028 petiissent.

561 1046 719 1098 Vers.
748 1044 834 1098 25.
864 1045 1030 1099 Jesus
1056 1051 1247 1100 autem
1281 1076 1346 1084 -—-
1370 1046 1547 1102 dixit.
1586 1046 1735 1111 Quia
1754 1044 1876 1101 duo
1907 1044 1984 1100 ab
2006 1044 2135 1099 aliis

489 1130 662 1185 divisi
706 1131 775 1187 ad
808 1148 945 1187 eum
1006 1139 1400 1197 accesserant,
1434 1137 1492 1187 et
1520 1137 1783 1190 astantes
1835 1132 2133 1203 colloque-

486 1219 727 1284 bantur,
784 1220 1040 1277 advocat
1093 1226 1150 1277 et
1199 1222 1385 1277 alios:
1448 1239 1518 1278 ac
1584 1222 1838 1294 primum
1888 1220 2133 1292 quidem

489 1309 753 1365 turbatos
770 1310 986 1382 placat,
1018 1327 1124 1382 per
1139 1311 1638 1367 coadunationem
1664 1326 1793 1383 quas
1818 1311 1970 1365 inter
1989 1326 2049 1365 se
2080 1316 2132 1365 et

486 1397 624 1454 illos
651 1403 796 1453 erat.
833 1399 1049 1454 Deinde
1078 1400 1193 1455 ait:

566 1591 724 1648 Vers.
754 1593 846 1650 25.
889 1592 1064 1647 Scitis
1093 1624 1162 1632 —
1192 1592 1353 1649 Vers.
1404 1596 1491 1649 26.
1526 1596 1682 1649 inter
1713 1610 1830 1649 vos.
1892 1592 2137 1663 Cognito

489 1680 647 1752 quod
676 1680 789 1735 hoc
830 1681 945 1736 ﬁne
975 1680 1095 1736 duo
1130 1680 1212 1736 illi
1238 1682 1526 1753 petierant
1558 1682 1902 1752 primatum,
1938 1687 2000 1735 ut
2030 1697 2139 1736 cte-

2248 525 2341 557 σαν
2390 505 2473 558 ὅτε
2520 508 2610 578 μὲν
2656 509 2757 579 γὰρ
2801 511 3055 579 προετίμα
3103 510 3299 568 τούτους
3342 509 3552 573 πολλάκις
3592 514 3728 587 6x9:-

2247 597 2383 659 στός,
2418 594 2512 646 ούκ
2542 592 2933 669 ἐδυσφόρησαν,
2962 592 3253 669 αἰδούμενοι
3281 604 3455 652 τοῦτον.
3485 598 3556 650 ὅτε
3581 596 3627 651 δὲ

2243 685 2438 735 οἴκοθεν
2492 684 2756 756 ᾐτήσαντο
2808 688 2901 743 τὴν
2952 681 3242 759 προεδρίαν,
3292 686 3630 756 ἠγανάκτησαν,
3670 693 3729 738 καὶ

2243 772 2475 845 μάλιστα
2522 777 2741 843 γνόντες,
2799 774 2879 825 ὅτι
2937 774 3031 826 οὐκ
3089 773 3501 832 εἰσηκούσθησαν.
3556 774 3627 828 Ἐκ
3667 784 3732 836 τῆς

2245 860 2562 934 ἀποκρίσεως
2641 863 2742 933 γὰρ
2803 869 2893 914 τοῦ
2971 858 3291 915 διδασκάλου
3361 872 3559 922 συνῆκαν
3607 866 3730 915 καὶό

2245 951 2344 1023 ᾐτή
2357 969 2533 1003 σαντο.

2313 1038 2371 1091 Ὀ
2429 1035 2488 1091 δὲ
2554 1039 2758 1102 Ἰησοῦς
2810 1071 2863 1081 -
2916 1038 3071 1092 εἶπεν.
3126 1040 3258 1093 Ἐπεὶ
3305 1043 3455 1112 μόνοι,
3497 1047 3579 1091 τῶν
3621 1038 3734 1090 ἄλλων

2246 1126 2634 1202 ἀπορραγέντες,
2684 1130 2734 1179 οἰ
2791 1125 2887 1181 δύο
2935 1133 3289 1202 ⁴ι’ροονῖήογγεσαν
3331 1129 3476 1198 αύτῷ,
3528 1131 3601 1179 καὶ
3639 1146 3736 1200 παρ-

2246 1225 2456 1276 εστῶτες
2521 1216 2765 1289 ὡμίλουν,
2844 1218 3214 1292 προσκαλεῖται
3283 1223 3368 1269 καὶ
3432 1220 3536 1277 τοὺς
3594 1214 3737 1282 ἄλλους,

2244 1310 2334 1357 καὶ
2378 1314 2559 1379 πρῶτα
2605 1309 2714 1377 μὲν,
2777 1311 3194 1380 ταρασσομένους
3236 1306 3409 1367 αὐτοὺς
3449 1306 3736 1378 καταπραύνει,

2247 1391 2343 1446 διὰ
2397 1402 2488 1446 τοῦ
2545 1400 2674 1470 πρὸς
2733 1396 2914 1450 ἑαυτὸν
2981 1402 3071 1449 καὶ
3144 1399 3349 1456 τούτους
3410 1393 3738 1447 ἐπισπάσασθαι·

2248 1480 2357 1536 εἶτά
2384 1503 2535 1556 φησιν

2320 1587 2516 1644 Οἴδατε
2557 1624 2626 1633 -
2656 1591 2704 1644 ἐν
2746 1594 2887 1666 ύμῖν.
2924 1596 3076 1653 Γνοὺς
3122 1595 3238 1652 τοὺς
3268 1587 3361 1644 δύο
3406 1587 3491 1643 διὰ
3534 1597 3655 1640 τοῦτο
3680 1590 3741 1642 τὴν

2248 1677 2529 1754 προεδρίαν
2598 1681 2891 1749 αἰτοῦντας,
2953 1683 3037 1733 ἵνα
3093 1684 3400 1753 κατάρχωσι
3455 1687 3542 1729 τῶν
3606 1675 3739 1741 illm,

489 1774 749 1824 terorum
771 1768 1061 1824 haberent
1090 1771 1510 1841 principatum,
1538 1770 1652 1825 hoc
1681 1770 1969 1825 intentum
2014 1786 2118 1824 car

2250 1765 2494 1841 διασύρει
2520 1773 2607 1821 τὸν
2636 1778 2868 1822 τοιοῦτον
2901 1773 3115 1839 σκοπὸν,
3147 1772 3216 1831 ὡς
3246 1770 3453 1823 ἐθνικόν.
3481 1770 3539 1819 Οἱ
3562 1766 3744 1839 ἄρχοντες

488 1857 758 1929 pitquasi
792 1875 826 1912 a
865 1858 1142 1926 gentibus
1195 1864 1517 1929 sumptum.
1560 1858 1881 1930 Principes,
1921 1859 2134 1931 inquit,

484 1947 772 2015 gentium,
809 1952 863 2000 et
888 1945 992 2017 qui
1037 1947 1238 2015 magni
1263 1952 1398 2001 sunt
1442 1946 1594 2001 inter
1628 1946 1782 2011 illas,
1818 1948 2135 2002 dominan-

485 2042 598 2099 tur,
627 2039 682 2088 et
707 2039 1057 2103 potestatem
1088 2040 1362 2089 exercent
1398 2036 1459 2089 in
1494 2035 1643 2090 alios
1673 2055 1688 2103 ;
1720 2051 1839 2091 non
1899 2035 1984 2091 ita
2034 2052 2138 2092 au-

486 2126 606 2177 tem
630 2122 738 2178 erit
758 2122 906 2178 inter
931 2139 1037 2179 vos
1059 2124 1157 2194 qui
1183 2123 1297 2179 mei
1328 2124 1486 2180 estis.
1515 2124 1736 2180 Deinde
1762 2124 1928 2181 docet
1957 2127 2134 2181 etiam

485 2227 601 2283 quo
634 2216 807 2282 pacto
840 2217 1114 2284 oporteat
1151 2228 1364 2284 parare
1409 2213 1754 2285 primatum.
1816 2214 1969 2271 Audi
1994 2231 2134 2286 ergo

484 2300 631 2372 quid
660 2300 840 2356 dicat.

554 2388 718 2445 Vers.
768 2390 854 2445 26.
909 2390 1030 2447 Sed
1063 2424 1131 2432 —
1160 2407 1309 2447 vers.
1365 2394 1451 2446 27.
1493 2408 1716 2448 servus.
1761 2394 1920 2450 Sicut
1958 2410 2133 2466 supe-

480 2477 606 2534 rius
636 2478 877 2534 eosdem
909 2479 1055 2536 dixit
1082 2480 1382 2552 principes
1400 2485 1455 2537 et
1481 2497 1755 2551 magnos,
1788 2483 1867 2537 ita
1892 2488 1948 2538 et
1976 2499 2136 2539 nunc

482 2568 761 2623 eumdem
802 2573 976 2624 vocat
1030 2584 1319 2638 magnum
1359 2575 1417 2625 et
1458 2571 1739 2642 primum.
1767 2573 1899 2628 Haec
1933 2578 2134 2629 autem

481 2656 687 2712 omnia
705 2656 778 2712 ad
814 2657 1247 2728 subjectionem
1270 2659 1435 2725 dixit,
1468 2665 1525 2714 ut
1542 2676 1677 2732 quae
1697 2660 1945 2730 singulis
1973 2662 2133 2717 utilis

480 2749 586 2801 est.
622 2746 768 2801 Dicit
796 2762 937 2816 ergo
972 2766 983 2805 :
1014 2746 1366 2803 Potestatem
1400 2748 1460 2802 in
1491 2748 1640 2803 alios
1666 2765 1936 2805 exercere
1989 2765 2133 2821 gen-

480 2835 627 2890 tium
661 2842 789 2901 est;
823 2851 934 2903 ego
976 2852 1111 2891 vero
1162 2837 1351 2907 legem
1410 2837 1577 2894 vobis
1634 2843 1829 2894 statuo
1881 2840 2135 2910 parandi

480 2923 869 2994 principatus,
911 2941 946 2980 a
980 2925 1363 2981 ministrando
1383 2927 1533 2995 aliis,
1562 2927 1765 3000 eisque
1798 2929 2130 2984 serviendo.

482 3011 593 3076 Qui
624 3012 780 3067 enim
809 3012 923 3067 hoc
948 3013 1113 3079 facit,
1142 3014 1305 3070 illum
1333 3032 1442 3087 ego
1462 3032 1751 3087 magnum
1780 3034 1849 3072 ac
1870 3018 2135 3090 primum

482 3099 740 3165 declaro,
777 3106 834 3156 et
859 3102 954 3157 hic
976 3103 1139 3175 apud
1158 3120 1252 3160 me
1274 3082 1596 3177 primatum
1630 3082 1893 3163 habebit.
1916 3107 2118 3163 Deindt

2246 3087 2558 3161 ἁναγορεύω,
2617 3091 2707 3138 καὶ
2754 3085 2900 3147 οὗτος
2943 3083 3064 3159 παρ’
3121 3083 3244 3157 ἐμοὶ
3300 3087 3357 3135 τὸ
3420 3082 3629 3155 πρωτεῖον
3673 3082 3757 3132 εξίιο

481 3189 745 3260 seipsum
763 3206 1005 3264 quoque
1020 3194 1185 3265 ponit
1200 3194 1258 3249 in
1289 3195 1651 3267 exemplum,
1674 3197 1777 3269 qui
1798 3212 1918 3253 non
1938 3196 2135 3254 solum

480 3278 764 3335 omnibus
792 3281 1101 3348 ministret,
1134 3283 1236 3338 sed
1287 3285 1464 3340 etiam
1523 3300 1629 3357 pro
1676 3286 1960 3342 omnibus
2010 3302 2136 3341 mo-

480 3368 687 3424 riatur.

555 3456 716 3513 Vers.
736 3458 824 3512 28.
845 3460 1005 3515 Sicut
1027 3490 1097 3501 -—
1127 3463 1348 3516 multis.
1388 3462 1490 3525 Sit,
1522 3463 1728 3534 inquit,
1762 3463 1859 3519 hic
1880 3464 2133 3519 aliorum

481 3546 753 3603 minister
790 3552 845 3601 et
865 3562 1086 3611 servus,
1118 3550 1641 3620 quemadmodum
1695 3566 1805 3620 ego
1848 3567 1970 3607 non
2006 3552 2136 3607 veni

481 3634 542 3689 in
562 3635 857 3689 mundum
878 3639 940 3689 ut
959 3636 1137 3707 aliqui
1158 3636 1301 3691 mihi
1325 3639 1747 3694 ministrarent.
1775 3640 2136 3711 Quanquam

480 3720 634 3775 enim
660 3736 866 3777 socrus
893 3722 1044 3779 Petri
1074 3729 1131 3779 et
1159 3724 1385 3781 Martha
1416 3742 1584 3781 soror
1616 3727 1839 3793 Lazari,
1884 3726 2137 3799 aliaeque

484 3808 763 3865 mulieres
806 3810 1220 3868 ministrabant
1249 3813 1322 3880 ei,
1379 3829 1500 3869 non
1548 3820 1747 3869 tamen
1785 3815 1954 3886 quasi
2014 3816 2135 3887 ipse

482 3897 699 3953 harum
734 3899 1060 3956 ministeria
1089 3918 1321 3974 cupere.
1357 3905 1482 3958 Non
1519 3918 1661 3973 ergo
1688 3903 1821 3959 veni
1872 3910 1933 3958 ut
1964 3905 2132 3960 mini-

484 3991 696 4041 stretur
722 3988 866 4043 mihi
924 3988 1001 4044 ab
1041 3990 1356 4062 aliquibus,
1386 3991 1487 4046 sed
1520 3992 1717 4064 potius
1758 3998 1821 4047 ut
1848 3993 1972 4065 ipse
2004 3994 2134 4049 aliis

483 4076 833 4139 ministrem.
855 4094 1075 4135 curans
1105 4096 1176 4135 ac
1201 4096 1425 4137 sanans
1451 4082 1849 4153 quorumdam
1877 4083 2125 4149 animas,

482 4167 887 4238 quorumdam
901 4183 1169 4240 corpora,
1189 4170 1596 4242 quorumdam
1613 4176 1669 4227 et
1686 4171 1920 4227 animas
1937 4178 1992 4228 et
2009 4187 2133 4227 cor-

481 4271 652 4328 pora,
679 4258 966 4331 quodque
992 4259 1317 4315 ministerio
1334 4275 1404 4315 ac
1435 4261 1674 4316 servitio
1708 4262 1906 4333 majus
1928 4266 2037 4327 est,
2068 4266 2133 4316 ut

480 4347 717 4403 tradam
748 4349 1017 4405 animam
1047 4364 1242 4405 meam
1268 4349 1731 4422 redemptionem
1765 4365 1875 4423 pro
1906 4351 2129 4415 multis,

483 4436 586 4507 qui
626 4437 777 4493 servi
802 4437 938 4495 facti
968 4442 1137 4495 erant
1164 4437 1403 4496 diaboli.

555 4628 768 4687 Multis
788 4638 990 4689 autem
1010 4634 1155 4690 dicit
1172 4650 1331 4691 nunc
1358 4650 1468 4707 pro
1505 4635 1808 4692 omnibus.
1841 4638 2134 4709 Frequen-

486 4718 573 4771 ter
612 4718 773 4773 enim
806 4721 1103 4791 Scriptura
1121 4725 1341 4778 multos
1359 4724 1497 4779 dicit
1526 4741 1636 4796 pro
1679 4726 1986 4783 omnibus.
2026 4727 2134 4783 Ita-

484 4820 602 4876 que
633 4820 743 4877 pro
768 4808 1048 4863 omnibus
1079 4812 1320 4867 tradidit
1359 4813 1619 4869 animam
1660 4831 1857 4886 suam,
1900 4831 2135 4871 omnes-

483 4910 602 4967 que
629 4894 896 4963 redemit,
924 4913 1277 4970 quanquam
1295 4901 1464 4957 mnlti
1495 4918 1607 4958 sua
1629 4909 1842 4973 sponte
1867 4906 1926 4959 in
1960 4905 2134 4959 servi-

485 4987 609 5040 tute
639 4991 1072 5042 remanserunt.

2246 1859 2368 1930 γὰρ,
2420 1862 2570 1929 φησὶ,
2604 1866 2703 1911 τῶν
2743 1858 2919 1923 ἐθνῶν,
2952 1863 3042 1910 καὶ
3080 1860 3129 1910 οἱ
3160 1857 3369 1931 μεγάλοι
3405 1856 3548 1907 αὐτῶν
3581 1871 3743 1905 κατακν-

2245 1949 2481 2018 ριεύουσι
2559 1952 2649 1998 καὶ
2718 1946 3195 2008 κατεξουσιάζουσι
3272 1954 3367 1997 τῶν
3432 1942 3590 1996 ἄλλων.
3643 1938 3745 2012 [Οὐχ

2245 2034 2379 2087 οὕτω
2428 2035 2540 2105 (26)
2583 2032 2641 2087 δὲ
2679 2039 2829 2088 ἔσται
2867 2034 2915 2087 ἐν
2960 2036 3101 2107 ύμῖν,
3152 2043 3259 2096 τοῖς
3303 2034 3454 2105 ἐμοῖς.
3501 2029 3606 2085 Εἶτα
3636 2024 3745 2080 διδέ-

2248 2142 2360 2176 σκει
2384 2128 2473 2176 καὶ
2494 2132 2598 2185 πῶς
2626 2129 2737 2197 χρὴ
2764 2126 2993 2177 κτᾶσθαι
3020 2127 3080 2177 τὸ
3106 2132 3372 2199 πρωτεῖον,
3405 2126 3489 2174 καὶ
3515 2120 3654 2171 ἄκουε.

2314 2372 2449 2425 Ἀλλ’
2496 2405 2564 2413 -
2618 2370 2816 2435 δοῦλος.
2876 2372 3075 2447 Ὠσπερ
3129 2373 3382 2448 ἀνωτέρω,
3433 2368 3750 2443 ἄρχονταςκαὶ

2244 2461 2497 2533 μεγάλους
2546 2466 2666 2524 τοὺς
2715 2461 2905 2523 αύτούς
2950 2462 3143 2533 ἔλεγενο
3201 2462 3335 2515 οὕτω
3388 2463 3469 2510 καὶ
3513 2463 3587 2508 νῦν
3634 2457 3746 2524 μένω

2243 2556 2332 2603 καὶ
2391 2559 2612 2623 πρῶτον,
2669 2554 2756 2603 τὸν
2833 2550 3009 2606 αὐτὸν.
3069 2551 3163 2613 Εἰς
3246 2548 3453 2608 ἐπήκοον
3511 2542 3560 2597 δε
3605 2543 3748 2595 πάντων

2245 2648 2411 2693 ταῦτα
2461 2660 2639 2711 φησιν,
2697 2642 2767 2702 ὡς
2821 2639 3128 2711 κοινωφελῆ.
3188 2643 3342 2711 Λέγει
3391 2640 3559 2697 τοίνυν,
3609 2631 3670 2682 ὃτι
3701 2630 3747 2680 Τὸ

2243 2732 2333 2803 μεν
2393 2729 2811 2792 κατεξουσιάζειν
2863 2737 2963 2779 τῶν
3012 2728 3206 2802 ἄλλων]
3265 2728 3450 2780 ἐθνικόν
3505 2726 3634 2774 ἐστιν’
3681 2716 3752 2785 ἐγὼ

2246 2816 2305 2872 δὲ
2364 2820 2622 2891 νομοθετῶ
2674 2819 2816 2889 ύμῖν,
2874 2819 3105 2871 κτᾶσθαι
3159 2818 3275 2890 ('27)
3323 2820 3381 2868 τὸ
3428 2818 3637 2886 πρωτεῖον,
3671 2805 3751 2856 ἀπὸ

2243 2916 2334 2960 τοῦ
2388 2905 2644 2960 διακονεῖν
2696 2914 2801 2967 τοῖς
2842 2906 3035 2973 ἄλλοις,
3076 2913 3168 2959 καὶ
3209 2904 3460 2959 δουλεύειν
3488 2900 3646 2957 αὐτοῖς.
3673 2894 3753 2945 Τὸν

2241 3000 2344 3072 γὰρ
2391 3005 2541 3049 τοῦτο
2591 3004 2863 3064 ποιοῦντα,
2912 3004 3095 3049 τοῦτον
3145 2995 3251 3066 ἐγὼ
3305 2999 3458 3067 μέγαν
3497 2993 3571 3041 καὶ
3606 2991 3758 3102 1:96:07

2255 3087 2267 3102 9
2477 3088 2488 3102 1
2689 3091 2699 3102 ι
2790 3085 2813 3101 ν
3052 3083 3064 3097 ἱ
3130 3083 3142 3099 ἱ
3225 3091 3235 3102 ι
3341 3087 3349 3098 ι
3431 3082 3629 3102 ,_,,_-?-..
3674 3091 3688 3102 ι-
3715 3089 3741 3102 υ

2242 3174 2460 3228 Ἔπειτα
2513 3178 2602 3227 καὶ
2657 3171 2997 3249 παράδειγμα
3048 3175 3269 3232 τίθησιν
3325 3172 3511 3231 ἑαυτὸν,
3560 3165 3608 3217 οὗ
3653 3164 3762 3233 μόνω

2245 3260 2280 3318 δ
2287 3271 2588 3317 ιακονοῦντα
2675 3270 2858 3331 πᾶσιν,
2937 3261 3064 3315 ἀλλὰ
3145 3268 3246 3315 καὶ
3324 3256 3761 3333 ύπεραποθνήσκοπα

2242 3357 2464 3406 πάντων.

2314 3459 2512 3534 Ὀσπερ
2576 3491 2646 3499 -
2719 3458 2934 3512 πολλῶν.
3012 3457 3213 3527 Ἔστω,
3275 3459 3452 3528 φησὶν,
3528 3447 3647 3506 οὗτος
3697 3449 3763 3544 ff?

2244 3548 2408 3601 ἄλλων
2460 3546 2698 3609 διάκονος
2744 3554 2833 3601 καὶ
2888 3544 3089 3613 δοῦλος,
3143 3549 3203 3599 ὅν
3253 3550 3444 3619 τρόπον
3609 3535 3680 3588 οὐκ
3708 3531 3769 3627 ξλς

2248 3641 2337 3691 θον
2383 3638 2454 3701 εἰς
2491 3642 2579 3691 τὸν
2624 3643 2840 3710 κόσμον,
2889 3639 2971 3689 ἶνα
3021 3633 3399 3694 διακονήσωσί
3449 3634 3532 3703 μοί
3566 3625 3766 3727 misit

2243 3730 2344 3800 γὰρ
2382 3732 2472 3780 καὶ
2522 3729 2552 3785 ἡ
2594 3729 2812 3801 πενθερὰ
2849 3733 2939 3779 τοῦ
2971 3729 3192 3799 Πέτρου,
3246 3729 3341 3777 καὶ
3371 3721 3567 3794 Μάρθα,
3601 3716 3626 3772 ἡ
3664 3716 3768 3763 ἁδελ-

2245 3821 2312 3889 φή
2392 3824 2484 3868 τοῦ
2557 3817 2825 3889 Λαζάρου,
2900 3820 2990 3867 καὶ
3055 3812 3212 3866 ἄλλαι
3275 3818 3513 3884 γυναῖκες
3563 3803 3765 3860 «imirth

2244 3906 2403 3976 αύτῷ,
2451 3905 2555 3958 ἀλλ’
2598 3905 2703 3977 ούχ
2751 3907 2820 3967 ὡς
2866 3904 3128 3978 χρῄζοντι
3177 3911 3274 3963 τῆς
3322 3903 3510 3953 τούτων
3551 3892 3766 3947 διακονίας.

2244 3994 2354 4048 Οὐκ
2384 3992 2536 4053 ἦλθον
2563 3991 2669 4064 οὖν,
2700 3998 2882 4066 φησὶν,
2912 3993 2998 4045 ἱνα
3026 3989 3061 4044 δ
3065 3993 3335 4049 ιακονηθῶ
3364 3988 3475 4060 (28)
3504 3986 3628 4057 παρὰ
3650 3994 3764 4033 τινων,

2243 4082 2349 4135 ἀλλ’
2398 4086 2480 4135 ἱνα
2518 4083 2704 4148 μᾶλλον
2751 4082 2905 4144 αὐτὸς
2955 4079 2990 4134 δ
2996 4087 3266 4140 ιακονὴσω
3296 4086 3409 4141 τοίς
3445 4074 3621 4137 ἀλλὼς,
3646 4067 3766 4136 iﬁlli“

2240 4173 2448 4245 λόμενος
2499 4177 2589 4224 καὶ
2638 4174 2948 4247 θεραπεύων,
2998 4178 3097 4222 τῶν
3136 4172 3232 4242 μεν
3283 4171 3381 4223 τὰς
3426 4166 3611 4236 ψυχὰς,
3642 4165 3714 4209 τῶν
3735 4149 3773 4202 δε

2241 4264 2305 4314 τὰ
2351 4268 2589 4335 σώματα,
2631 4269 2732 4314 τῶν
2773 4256 2833 4313 δὲ
2875 4265 2965 4312 καὶ
3008 4261 3100 4321 τὰς
3133 4258 3332 4329 ψυχὰς
3366 4262 3456 4308 καὶ
3499 4255 3560 4305 τὰ
3596 4254 3775 4335 σώμαῖῆ

3818 32 3850 305 l

3856 904 3863 993 ἶ

3862 1188 3869 1239 l

2241 4356 2330 4404 καὶ
2401 4354 2459 4403 τὸ
2526 4354 2702 4423 μεῖζον
2766 4358 2859 4410 τῆς
2924 4345 3199 4410 διακονίας
3277 4351 3373 4398 καὶ
3451 4341 3675 4401 δουλείας.
3725 4334 3780 4381 ἶνα
3868 4412 3869 4415 η

2242 4532 2401 4602 μένων
2428 4536 2499 4599 τῷ
2527 4525 2774 4599 διαϐόλῳ.

2161 4450 2207 4507 D
2243 4437 2400 4494 δώσω
2429 4422 2533 4499 τὴν
2564 4439 2752 4511 ψυχήν
2801 4457 2901 4511 μου
2954 4437 3133 4509 λύτρον
3181 4434 3303 4488 ἀντὶ
3332 4433 3543 4495 πολλῶν,
3583 4422 3779 4481 διδουλω·
3868 4440 3869 4461 ξ

2315 4635 2545 4697 Πολλούς
2587 4632 2646 4687 δε
2695 4641 2783 4685 νῦν
2830 4636 2947 4693 τοὺς
2992 4633 3194 4693 πάντας
3236 4631 3402 4701 λέγει.
3456 4624 3682 4680 Πολλάκις
3706 4616 3778 4684 γάρ
3868 4620 3869 4649 1

2242 4728 2271 4784 ἠ
2330 4730 2504 4799 Γραφὴ
2560 4723 2779 4784 πολλοὺς
2827 4726 2949 4784 τούς
3011 4723 3211 4781 πάντας
3272 4724 3458 4793 φησὶν.
3534 4715 3663 4782 ’Υπὲρ

2242 4834 2340 4867 των
2391 4817 2493 4887 ’γὰρ
2543 4810 2703 4866 ἔδωκε
2754 4815 2848 4869 τὴν
2896 4811 3084 4883 ψυχὴν
3133 4808 3304 4861 αὐτοῦ
3358 4811 3449 4859 καὶ
3500 4804 3675 4858 πάντας
3704 4793 3789 4887 ἔλθ’

2243 4880 2503 4977 τρώσατο,
2554 4901 2597 4955 εἰ
2638 4906 2727 4954 καὶ
2775 4899 2953 4953 πολλοὶ
3005 4898 3237 4959 θέλοντες
3291 4896 3544 4969 ἐνέμειναν
3592 4897 3645 4962 τῇ
3697 4880 3791 4937 δου-
3868 4886 3869 4977 (

2246 4995 2372 5065 λείᾳ.

1729 5178 1954 5248 Varias
1973 5179 2305 5250 lectiones
2333 5188 2399 5248 et
2426 5189 2636 5248 notae.

579 5346 669 5417 23)
701 5344 848 5412 Γοῦν,
881 5360 993 5418 pro
1022 5342 1185 5410 δὀῦν,
1218 5351 1287 5399 Α.

580 5418 669 5486 24)
702 5425 904 5484 Εῐτουν,
933 5420 976 5470 Α
988 5456 1002 5470 .

582 5488 671 5561 25)
695 5494 811 5551 Καὶ,
850 5504 959 5561 pro
991 5485 1137 5561 δέᾼ.
1170 5489 1356 5561 Forte,
1400 5491 1482 5541 ὅτε
1509 5486 1568 5542 δὲ
1596 5496 1711 5548 καὶ.

554 5560 667 5632 (26)
694 5562 836 5628 Qum
851 5560 963 5617 hic
989 5560 1353 5630 inclusimus,
1384 5575 1456 5617 ea
1492 5575 1567 5617 ex
1597 5563 1729 5618 cod.
1780 5564 1849 5619 Α.
1903 5564 2137 5621 excide-

2243 5354 2382 5407 runt
2420 5347 2646 5414 omnia,
2679 5346 2853 5419 culpa
2887 5345 3117 5411 scribae,
3152 5345 3263 5416 qui
3304 5344 3438 5400 istis
3476 5335 3697 5397 omissis
3726 5340 3800 5387 n0-

2246 5438 2391 5477 vum
2418 5422 2625 5478 folium
2657 5418 2896 5491 incepit.

2319 5492 2430 5562 (27)
2473 5495 2637 5556 Κατὰ,
2680 5505 2789 5562 pro
2827 5490 3075 5562 κτᾶσθαι,

2319 5498 2405 5553 (27
2473 5495 2637 5556 Κατὰ,
2680 5505 2789 5562 pro
2827 5492 3075 5552 κτᾶσθαι,
3104 5492 3167 5543 Α.

2318 5492 2435 5635 (28)
2467 5563 2703 5619 Omisso
2736 5562 2814 5613 ῖνκ
2850 5560 3066 5630 legitur
3094 5555 3512 5626 διακονηθῆναι,
3542 5560 3603 5613 Α.
