  <div class='ocr_page' id='page_1' title='image "/cluster/home/n/w/nwhite01/storage/ocr_20150623/129/hvd.32044073502395/278.png"; bbox 0 0 3906 6202; ppageno 0'>
   <div class='ocr_carea' id='block_1_1' title="bbox 91 259 3464 331">
    <p class='ocr_par' dir='ltr' id='par_1_1' title="bbox 91 259 3464 331">
     <span class='ocr_line' id='line_1_1' title="bbox 91 259 3464 331; baseline 0.004 -15"><span class='ocrx_word' id='word_1_1' title='bbox 91 261 187 316; x_wconf 70' lang='grc'><strong>545</strong></span> <span class='ocrx_word' id='word_1_2' title='bbox 1055 263 1429 324; x_wconf 87' lang='lat' dir='ltr'><strong>COMMENT.</strong></span> <span class='ocrx_word' id='word_1_3' title='bbox 1476 263 1548 320; x_wconf 91' lang='lat' dir='ltr'><strong>IN</strong></span> <span class='ocrx_word' id='word_1_4' title='bbox 1586 259 2034 320; x_wconf 68' lang='lat' dir='ltr'><strong>MATTHAEUM.</strong></span> <span class='ocrx_word' id='word_1_5' title='bbox 2076 295 2146 308; x_wconf 90' lang='lat'><strong>-—</strong></span> <span class='ocrx_word' id='word_1_6' title='bbox 2183 265 2343 322; x_wconf 84' lang='lat' dir='ltr'><strong>CAP.</strong></span> <span class='ocrx_word' id='word_1_7' title='bbox 2383 266 2506 321; x_wconf 87' lang='lat' dir='ltr'><strong>XX.</strong></span> <span class='ocrx_word' id='word_1_8' title='bbox 3359 271 3464 331; x_wconf 73' lang='grc'><strong>546</strong></span> 
     </span>
    </p>
   </div>
   <div class='ocr_carea' id='block_1_2' title="bbox 163 382 1705 465">
    <p class='ocr_par' dir='ltr' id='par_1_2' title="bbox 163 382 1696 465">
     <span class='ocr_line' id='line_1_2' title="bbox 163 382 1696 465; baseline 0.001 -26"><span class='ocrx_word' id='word_1_9' title='bbox 163 391 280 440; x_wconf 84' lang='grc' dir='ltr'><strong>Τίνι</strong></span> <span class='ocrx_word' id='word_1_10' title='bbox 320 382 380 438; x_wconf 83' lang='grc' dir='ltr'><strong>δέ</strong></span> <span class='ocrx_word' id='word_1_11' title='bbox 427 388 520 444; x_wconf 74' lang='grc' dir='ltr'><strong>τὴν</strong></span> <span class='ocrx_word' id='word_1_12' title='bbox 548 386 736 457; x_wconf 65' lang='grc' dir='ltr'><strong>ψυχὴν</strong></span> <span class='ocrx_word' id='word_1_13' title='bbox 768 386 928 439; x_wconf 73' lang='grc' dir='ltr'><strong>αὐτοῦ</strong></span> <span class='ocrx_word' id='word_1_14' title='bbox 959 383 1157 454; x_wconf 64' lang='lat' dir='ltr'><strong>idem;</strong></span> <span class='ocrx_word' id='word_1_15' title='bbox 1191 396 1274 460; x_wconf 81' lang='grc' dir='ltr'><strong>Τῷ</strong></span> <span class='ocrx_word' id='word_1_16' title='bbox 1306 394 1494 465; x_wconf 73' lang='grc' dir='ltr'><strong>Πατρὰ</strong></span> <span class='ocrx_word' id='word_1_17' title='bbox 1529 390 1696 462; x_wconf 79' lang='grc' dir='ltr'><strong>Ἐφώ-</strong></span> 
     </span>
    </p>
   </div>
   <div class='ocr_carea' id='block_1_3' title="bbox 1922 382 3464 465">
    <p class='ocr_par' dir='ltr' id='par_1_3' title="bbox 1928 389 3464 454">
     <span class='ocr_line' id='line_1_3' title="bbox 1928 389 3464 454; baseline 0.007 -10"><span class='ocrx_word' id='word_1_18' title='bbox 1928 390 2144 446; x_wconf 89' lang='lat' dir='ltr'><strong>uodam</strong></span> <span class='ocrx_word' id='word_1_19' title='bbox 2167 389 2346 446; x_wconf 88' lang='lat' dir='ltr'><strong>etiam</strong></span> <span class='ocrx_word' id='word_1_20' title='bbox 2373 390 2553 447; x_wconf 91' lang='lat' dir='ltr'><strong>modo</strong></span> <span class='ocrx_word' id='word_1_21' title='bbox 2577 391 2842 448; x_wconf 88' lang='lat' dir='ltr'><strong>animam</strong></span> <span class='ocrx_word' id='word_1_22' title='bbox 2876 409 3050 449; x_wconf 86' lang='lat' dir='ltr'><strong>suam</strong></span> <span class='ocrx_word' id='word_1_23' title='bbox 3085 394 3324 452; x_wconf 76' lang='lat' dir='ltr'><strong>tradidit</strong></span> <span class='ocrx_word' id='word_1_24' title='bbox 3355 396 3464 454; x_wconf 88' lang='lat' dir='ltr'><strong>Pa-</strong></span> 
     </span>
    </p>
   </div>
   <div class='ocr_carea' id='block_1_4' title="bbox 97 473 1639 554">
    <p class='ocr_par' dir='ltr' id='par_1_4' title="bbox 97 473 1632 553">
     <span class='ocr_line' id='line_1_4' title="bbox 97 473 1632 553; baseline 0.001 -25"><span class='ocrx_word' id='word_1_25' title='bbox 97 495 219 533; x_wconf 77' lang='grc' dir='ltr'><strong>νησε</strong></span> <span class='ocrx_word' id='word_1_26' title='bbox 262 477 363 549; x_wconf 66' lang='grc' dir='ltr'><strong>γὰρ</strong></span> <span class='ocrx_word' id='word_1_27' title='bbox 413 473 772 533; x_wconf 69' lang='grc' dir='ltr'><strong>ἀποθνήσκων·</strong></span> <span class='ocrx_word' id='word_1_28' title='bbox 822 478 1010 550; x_wconf 79' lang='grc' dir='ltr'><strong>Πάτερ,</strong></span> <span class='ocrx_word' id='word_1_29' title='bbox 1056 477 1127 538; x_wconf 80' lang='grc' dir='ltr'><strong>εἰς</strong></span> <span class='ocrx_word' id='word_1_30' title='bbox 1165 481 1354 553; x_wconf 74' lang='grc' dir='ltr'><strong>χεῖράς</strong></span> <span class='ocrx_word' id='word_1_31' title='bbox 1395 499 1488 532; x_wconf 90' lang='grc' dir='ltr'><strong>σου</strong></span> <span class='ocrx_word' id='word_1_32' title='bbox 1528 498 1632 552; x_wconf 86' lang='grc' dir='ltr'><strong>παρ</strong></span> 
     </span>
    </p>
   </div>
   <div class='ocr_carea' id='block_1_5' title="bbox 1922 473 3464 554">
    <p class='ocr_par' dir='ltr' id='par_1_5' title="bbox 1922 479 3464 554">
     <span class='ocr_line' id='line_1_5' title="bbox 1922 479 3464 554; baseline 0.006 -21"><span class='ocrx_word' id='word_1_33' title='bbox 1922 480 2046 551; x_wconf 70' lang='grc' dir='ltr'><strong>ξᾳᾳ).</strong></span> <span class='ocrx_word' id='word_1_34' title='bbox 2067 479 2606 535; x_wconf 85' lang='lat' dir='ltr'><strong>Exclamavitenim</strong></span> <span class='ocrx_word' id='word_1_35' title='bbox 2623 482 2884 536; x_wconf 89' lang='lat' dir='ltr'><strong>moriens</strong></span> <span class='ocrx_word' id='word_1_36' title='bbox 2909 482 3140 554; x_wconf 81' lang='lat' dir='ltr'><strong>:Paler,</strong></span> <span class='ocrx_word' id='word_1_37' title='bbox 3163 485 3227 540; x_wconf 80' lang='lat' dir='ltr'><strong>in</strong></span> <span class='ocrx_word' id='word_1_38' title='bbox 3251 501 3464 542; x_wconf 80' lang='lat' dir='ltr'><strong>manus</strong></span> 
     </span>
    </p>
   </div>
   <div class='ocr_carea' id='block_1_6' title="bbox 98 564 1640 645">
    <p class='ocr_par' dir='ltr' id='par_1_6' title="bbox 98 564 1640 639">
     <span class='ocr_line' id='line_1_6' title="bbox 98 564 1640 639; baseline -0.002 -21"><span class='ocrx_word' id='word_1_39' title='bbox 98 568 276 637; x_wconf 77' lang='grc' dir='ltr'><strong>τίθημι</strong></span> <span class='ocrx_word' id='word_1_40' title='bbox 305 570 362 616; x_wconf 86' lang='grc' dir='ltr'><strong>τό</strong></span> <span class='ocrx_word' id='word_1_41' title='bbox 391 565 589 637; x_wconf 77' lang='grc' dir='ltr'><strong>πνεῦμά</strong></span> <span class='ocrx_word' id='word_1_42' title='bbox 619 583 718 636; x_wconf 88' lang='grc' dir='ltr'><strong>μου</strong></span> <span class='ocrx_word' id='word_1_43' title='bbox 750 564 886 636; x_wconf 72' lang='grc'><strong>(29).</strong></span> <span class='ocrx_word' id='word_1_44' title='bbox 924 571 1022 618; x_wconf 78' lang='grc' dir='ltr'><strong>Καὶ</strong></span> <span class='ocrx_word' id='word_1_45' title='bbox 1044 571 1168 638; x_wconf 73' lang='grc' dir='ltr'><strong>μὴν,</strong></span> <span class='ocrx_word' id='word_1_46' title='bbox 1201 567 1306 639; x_wconf 71' lang='grc' dir='ltr'><strong>οὐχ</strong></span> <span class='ocrx_word' id='word_1_47' title='bbox 1338 569 1436 620; x_wconf 77' lang='grc' dir='ltr'><strong>ὑπὸ</strong></span> <span class='ocrx_word' id='word_1_48' title='bbox 1469 576 1558 620; x_wconf 76' lang='grc' dir='ltr'><strong>τοῦ</strong></span> <span class='ocrx_word' id='word_1_49' title='bbox 1589 574 1640 620; x_wconf 82' lang='grc' dir='ltr'>Π.</span> 
     </span>
    </p>
   </div>
   <div class='ocr_carea' id='block_1_7' title="bbox 1923 564 3465 645">
    <p class='ocr_par' dir='ltr' id='par_1_7' title="bbox 1923 569 3465 645">
     <span class='ocr_line' id='line_1_7' title="bbox 1923 569 3465 645; baseline 0.006 -24"><span class='ocrx_word' id='word_1_50' title='bbox 1923 584 1937 621; x_wconf 81' lang='grc' dir='ltr'>ς</span> <span class='ocrx_word' id='word_1_51' title='bbox 1991 569 2324 624; x_wconf 83' lang='lat' dir='ltr'><strong>commendo</strong></span> <span class='ocrx_word' id='word_1_52' title='bbox 2367 570 2635 638; x_wconf 81' lang='lat' dir='ltr'><strong>spiritum</strong></span> <span class='ocrx_word' id='word_1_53' title='bbox 2659 587 2850 626; x_wconf 69' lang='lat' dir='ltr'><strong>nicum</strong></span> <span class='ocrx_word' id='word_1_54' title='bbox 2899 572 2964 625; x_wconf 77' lang='grc'><strong>⁸⁸.</strong></span> <span class='ocrx_word' id='word_1_55' title='bbox 3009 575 3184 645; x_wconf 82' lang='lat' dir='ltr'><strong>Atqui</strong></span> <span class='ocrx_word' id='word_1_56' title='bbox 3249 591 3368 630; x_wconf 89' lang='lat' dir='ltr'><strong>non</strong></span> <span class='ocrx_word' id='word_1_57' title='bbox 3429 591 3465 631; x_wconf 81' lang='grc' dir='ltr'><strong>ε.</strong></span> 
     </span>
    </p>
   </div>
   <div class='ocr_carea' id='block_1_8' title="bbox 90 649 1632 728">
    <p class='ocr_par' dir='ltr' id='par_1_8' title="bbox 90 649 1626 728">
     <span class='ocr_line' id='line_1_8' title="bbox 90 649 1626 728; baseline 0.001 -22"><span class='ocrx_word' id='word_1_58' title='bbox 90 660 219 726; x_wconf 85' lang='grc' dir='ltr'><strong>τρός,</strong></span> <span class='ocrx_word' id='word_1_59' title='bbox 261 653 372 706; x_wconf 76' lang='grc' dir='ltr'><strong>ἀλλ’</strong></span> <span class='ocrx_word' id='word_1_60' title='bbox 403 656 506 706; x_wconf 69' lang='grc' dir='ltr'><strong>ὑπὸ</strong></span> <span class='ocrx_word' id='word_1_61' title='bbox 536 660 629 706; x_wconf 79' lang='grc' dir='ltr'><strong>τοῦ</strong></span> <span class='ocrx_word' id='word_1_62' title='bbox 677 649 924 706; x_wconf 78' lang='grc' dir='ltr'><strong>διαϐόλου</strong></span> <span class='ocrx_word' id='word_1_63' title='bbox 955 658 1331 728; x_wconf 79' lang='grc' dir='ltr'><strong>κατειχόμεθα.</strong></span> <span class='ocrx_word' id='word_1_64' title='bbox 1386 662 1482 710; x_wconf 71' lang='grc' dir='ltr'><strong>Καὶ</strong></span> <span class='ocrx_word' id='word_1_65' title='bbox 1528 675 1626 728; x_wconf 85' lang='grc' dir='ltr'><strong>προ</strong></span> 
     </span>
    </p>
   </div>
   <div class='ocr_carea' id='block_1_9' title="bbox 1919 649 3461 728">
    <p class='ocr_par' dir='ltr' id='par_1_9' title="bbox 1919 657 3461 719">
     <span class='ocr_line' id='line_1_9' title="bbox 1919 657 3461 719; baseline 0.006 -9"><span class='ocrx_word' id='word_1_66' title='bbox 1919 673 1992 719; x_wconf 87' lang='lat' dir='ltr'><strong>re,</strong></span> <span class='ocrx_word' id='word_1_67' title='bbox 2023 657 2130 712; x_wconf 89' lang='lat' dir='ltr'><strong>sed</strong></span> <span class='ocrx_word' id='word_1_68' title='bbox 2161 673 2197 713; x_wconf 90' lang='lat' dir='ltr'><strong>a</strong></span> <span class='ocrx_word' id='word_1_69' title='bbox 2252 657 2498 713; x_wconf 88' lang='lat' dir='ltr'><strong>diabolo</strong></span> <span class='ocrx_word' id='word_1_70' title='bbox 2551 659 2988 716; x_wconf 85' lang='lat' dir='ltr'><strong>detinebamur.</strong></span> <span class='ocrx_word' id='word_1_71' title='bbox 3019 661 3461 719; x_wconf 68' lang='lat' dir='ltr'><strong>advertendum</strong></span> 
     </span>
    </p>
   </div>
   <div class='ocr_carea' id='block_1_10' title="bbox 91 741 1633 818">
    <p class='ocr_par' dir='ltr' id='par_1_10' title="bbox 91 741 1633 818">
     <span class='ocr_line' id='line_1_10' title="bbox 91 741 1633 818; baseline 0.001 -23"><span class='ocrx_word' id='word_1_72' title='bbox 91 748 247 795; x_wconf 79' lang='grc' dir='ltr'><strong>εκτέον</strong></span> <span class='ocrx_word' id='word_1_73' title='bbox 296 751 361 814; x_wconf 72' lang='grc' dir='ltr'><strong>τῇ</strong></span> <span class='ocrx_word' id='word_1_74' title='bbox 404 741 556 795; x_wconf 81' lang='grc' dir='ltr'><strong>λύσει</strong></span> <span class='ocrx_word' id='word_1_75' title='bbox 599 751 696 804; x_wconf 80' lang='grc' dir='ltr'><strong>τῆς</strong></span> <span class='ocrx_word' id='word_1_76' title='bbox 724 741 960 814; x_wconf 79' lang='grc' dir='ltr'><strong>ἀπορίας.</strong></span> <span class='ocrx_word' id='word_1_77' title='bbox 1016 749 1121 796; x_wconf 81' lang='grc' dir='ltr'><strong>Πᾶν</strong></span> <span class='ocrx_word' id='word_1_78' title='bbox 1164 744 1346 817; x_wconf 79' lang='grc' dir='ltr'><strong>λύτρον</strong></span> <span class='ocrx_word' id='word_1_79' title='bbox 1403 745 1531 797; x_wconf 74' lang='grc' dir='ltr'><strong>αὐτὸ</strong></span> <span class='ocrx_word' id='word_1_80' title='bbox 1580 747 1633 818; x_wconf 74' lang='grc' dir='ltr'><strong>μὶ</strong></span> 
     </span>
    </p>
   </div>
   <div class='ocr_carea' id='block_1_11' title="bbox 1922 741 3464 818">
    <p class='ocr_par' dir='ltr' id='par_1_11' title="bbox 1922 745 3464 815">
     <span class='ocr_line' id='line_1_11' title="bbox 1922 745 3464 815; baseline 0.004 -16"><span class='ocrx_word' id='word_1_81' title='bbox 1922 761 2004 800; x_wconf 74' lang='grc' dir='ltr'><strong>ΞΠ]</strong></span> <span class='ocrx_word' id='word_1_82' title='bbox 2039 746 2116 801; x_wconf 91' lang='lat' dir='ltr'><strong>ad</strong></span> <span class='ocrx_word' id='word_1_83' title='bbox 2142 745 2501 802; x_wconf 68' lang='lat' dir='ltr'><strong>difﬁcultatis</strong></span> <span class='ocrx_word' id='word_1_84' title='bbox 2530 749 2906 815; x_wconf 73' lang='lat' dir='ltr'><strong>solutionem,</strong></span> <span class='ocrx_word' id='word_1_85' title='bbox 2955 767 3199 807; x_wconf 90' lang='lat' dir='ltr'><strong>omnem</strong></span> <span class='ocrx_word' id='word_1_86' title='bbox 3245 753 3464 808; x_wconf 83' lang='lat' dir='ltr'><strong>redem-</strong></span> 
     </span>
    </p>
   </div>
   <div class='ocr_carea' id='block_1_12' title="bbox 91 830 1633 907">
    <p class='ocr_par' dir='ltr' id='par_1_12' title="bbox 91 830 1633 905">
     <span class='ocr_line' id='line_1_12' title="bbox 91 830 1633 905; baseline 0 -21"><span class='ocrx_word' id='word_1_87' title='bbox 91 834 178 884; x_wconf 63' lang='grc' dir='ltr'><strong>ὑπό</strong></span> <span class='ocrx_word' id='word_1_88' title='bbox 258 836 359 890; x_wconf 69' lang='grc' dir='ltr'><strong>τήν</strong></span> <span class='ocrx_word' id='word_1_89' title='bbox 431 830 676 894; x_wconf 74' lang='grc' dir='ltr'><strong>ἐξουσίαν</strong></span> <span class='ocrx_word' id='word_1_90' title='bbox 748 835 924 884; x_wconf 79' lang='grc' dir='ltr'><strong>πίπτει</strong></span> <span class='ocrx_word' id='word_1_91' title='bbox 993 841 1084 884; x_wconf 80' lang='grc' dir='ltr'><strong>τοῦ</strong></span> <span class='ocrx_word' id='word_1_92' title='bbox 1159 838 1472 905; x_wconf 77' lang='grc' dir='ltr'><strong>κατέχοντος</strong></span> <span class='ocrx_word' id='word_1_93' title='bbox 1527 853 1633 886; x_wconf 77' lang='grc' dir='ltr'><strong>τινα</strong></span> 
     </span>
    </p>
   </div>
   <div class='ocr_carea' id='block_1_13' title="bbox 1922 830 3464 907">
    <p class='ocr_par' dir='ltr' id='par_1_13' title="bbox 1928 835 3464 907">
     <span class='ocr_line' id='line_1_13' title="bbox 1928 835 3464 907; baseline 0.007 -19"><span class='ocrx_word' id='word_1_94' title='bbox 1928 850 2085 901; x_wconf 88' lang='lat' dir='ltr'><strong>nem,</strong></span> <span class='ocrx_word' id='word_1_95' title='bbox 2131 835 2253 890; x_wconf 88' lang='lat' dir='ltr'><strong>sive</strong></span> <span class='ocrx_word' id='word_1_96' title='bbox 2310 837 2564 907; x_wconf 85' lang='lat' dir='ltr'><strong>pretium</strong></span> <span class='ocrx_word' id='word_1_97' title='bbox 2608 835 2973 893; x_wconf 88' lang='lat' dir='ltr'><strong>liberationis</strong></span> <span class='ocrx_word' id='word_1_98' title='bbox 3003 839 3064 894; x_wconf 90' lang='lat' dir='ltr'><strong>in</strong></span> <span class='ocrx_word' id='word_1_99' title='bbox 3111 841 3240 897; x_wconf 88' lang='lat' dir='ltr'><strong>aliis</strong></span> <span class='ocrx_word' id='word_1_100' title='bbox 3292 842 3464 897; x_wconf 83' lang='lat' dir='ltr'><strong>sitam</strong></span> 
     </span>
    </p>
   </div>
   <div class='ocr_carea' id='block_1_14' title="bbox 92 916 1634 1000">
    <p class='ocr_par' dir='ltr' id='par_1_14' title="bbox 92 916 1634 997">
     <span class='ocr_line' id='line_1_14' title="bbox 92 916 1634 997; baseline 0.001 -25"><span class='ocrx_word' id='word_1_101' title='bbox 92 927 196 984; x_wconf 70' lang='grc' dir='ltr'><strong>τοὺς</strong></span> <span class='ocrx_word' id='word_1_102' title='bbox 244 924 636 993; x_wconf 70' lang='grc' dir='ltr'><strong>κατεχομένους</strong></span> <span class='ocrx_word' id='word_1_103' title='bbox 688 916 747 973; x_wconf 73' lang='grc' dir='ltr'><strong>δε</strong></span> <span class='ocrx_word' id='word_1_104' title='bbox 789 920 1066 996; x_wconf 78' lang='grc' dir='ltr'><strong>λυτροῦται</strong></span> <span class='ocrx_word' id='word_1_105' title='bbox 1117 931 1210 984; x_wconf 83' lang='grc' dir='ltr'><strong>τῆς</strong></span> <span class='ocrx_word' id='word_1_106' title='bbox 1259 921 1449 975; x_wconf 74' lang='grc' dir='ltr'><strong>ἐκείνου</strong></span> <span class='ocrx_word' id='word_1_107' title='bbox 1489 926 1634 997; x_wconf 78' lang='grc' dir='ltr'><strong>χειρά</strong></span> 
     </span>
    </p>
   </div>
   <div class='ocr_carea' id='block_1_15' title="bbox 1924 916 3466 1000">
    <p class='ocr_par' dir='ltr' id='par_1_15' title="bbox 1924 923 3466 1000">
     <span class='ocr_line' id='line_1_15' title="bbox 1924 923 3466 1000; baseline 0.005 -23"><span class='ocrx_word' id='word_1_108' title='bbox 1924 940 1954 988; x_wconf 70' lang='grc' dir='ltr'><strong>ι,</strong></span> <span class='ocrx_word' id='word_1_109' title='bbox 1990 929 2092 978; x_wconf 89' lang='lat' dir='ltr'><strong>aut</strong></span> <span class='ocrx_word' id='word_1_110' title='bbox 2118 923 2319 979; x_wconf 90' lang='lat' dir='ltr'><strong>venire</strong></span> <span class='ocrx_word' id='word_1_111' title='bbox 2341 925 2400 978; x_wconf 91' lang='lat' dir='ltr'><strong>in</strong></span> <span class='ocrx_word' id='word_1_112' title='bbox 2434 929 2782 994; x_wconf 83' lang='lat' dir='ltr'><strong>potestatem</strong></span> <span class='ocrx_word' id='word_1_113' title='bbox 2809 927 2939 998; x_wconf 84' lang='lat' dir='ltr'><strong>ejus</strong></span> <span class='ocrx_word' id='word_1_114' title='bbox 2965 929 3065 998; x_wconf 87' lang='lat' dir='ltr'><strong>qui</strong></span> <span class='ocrx_word' id='word_1_115' title='bbox 3087 929 3323 1000; x_wconf 91' lang='lat' dir='ltr'><strong>aliquos</strong></span> <span class='ocrx_word' id='word_1_116' title='bbox 3356 936 3466 985; x_wconf 86' lang='lat' dir='ltr'><strong>ret-</strong></span> 
     </span>
    </p>
   </div>
   <div class='ocr_carea' id='block_1_16' title="bbox 95 1007 1637 1086">
    <p class='ocr_par' dir='ltr' id='par_1_16' title="bbox 95 1007 1637 1085">
     <span class='ocr_line' id='line_1_16' title="bbox 95 1007 1637 1085; baseline 0.001 -24"><span class='ocrx_word' id='word_1_117' title='bbox 95 1017 144 1062; x_wconf 73' lang='grc' dir='ltr'><strong>τό</strong></span> <span class='ocrx_word' id='word_1_118' title='bbox 193 1007 254 1062; x_wconf 65' lang='grc' dir='ltr'><strong>τῖε</strong></span> <span class='ocrx_word' id='word_1_119' title='bbox 311 1013 461 1084; x_wconf 78' lang='grc' dir='ltr'><strong>παρὰ</strong></span> <span class='ocrx_word' id='word_1_120' title='bbox 513 1017 606 1062; x_wconf 73' lang='grc' dir='ltr'><strong>τοῦ</strong></span> <span class='ocrx_word' id='word_1_121' title='bbox 653 1017 880 1085; x_wconf 61' lang='grc' dir='ltr'><strong>Χριστοῦ</strong></span> <span class='ocrx_word' id='word_1_122' title='bbox 938 1007 1087 1062; x_wconf 70' lang='grc' dir='ltr'><strong>δοθὲν</strong></span> <span class='ocrx_word' id='word_1_123' title='bbox 1136 1011 1341 1085; x_wconf 79' lang='grc' dir='ltr'><strong>λύτρον,</strong></span> <span class='ocrx_word' id='word_1_124' title='bbox 1392 1013 1462 1074; x_wconf 83' lang='grc' dir='ltr'><strong>ὡς</strong></span> <span class='ocrx_word' id='word_1_125' title='bbox 1506 1031 1637 1064; x_wconf 78' lang='grc' dir='ltr'><strong>παντ-</strong></span> 
     </span>
    </p>
   </div>
   <div class='ocr_carea' id='block_1_17' title="bbox 1923 1007 3465 1086">
    <p class='ocr_par' dir='ltr' id='par_1_17' title="bbox 1956 1013 3465 1086">
     <span class='ocr_line' id='line_1_17' title="bbox 1956 1013 3465 1086; baseline 0.006 -20"><span class='ocrx_word' id='word_1_126' title='bbox 1956 1028 2176 1082; x_wconf 91' lang='lat' dir='ltr'><strong>eosque</strong></span> <span class='ocrx_word' id='word_1_127' title='bbox 2206 1014 2307 1085; x_wconf 85' lang='lat' dir='ltr'><strong>qui</strong></span> <span class='ocrx_word' id='word_1_128' title='bbox 2335 1013 2673 1068; x_wconf 73' lang='lat' dir='ltr'><strong>detinentur</strong></span> <span class='ocrx_word' id='word_1_129' title='bbox 2707 1031 2812 1086; x_wconf 89' lang='lat' dir='ltr'><strong>per</strong></span> <span class='ocrx_word' id='word_1_130' title='bbox 2838 1016 2990 1070; x_wconf 89' lang='lat' dir='ltr'><strong>illius</strong></span> <span class='ocrx_word' id='word_1_131' title='bbox 3020 1029 3275 1073; x_wconf 84' lang='lat' dir='ltr'><strong>manum</strong></span> <span class='ocrx_word' id='word_1_132' title='bbox 3325 1019 3465 1075; x_wconf 90' lang='lat' dir='ltr'><strong>libe-</strong></span> 
     </span>
    </p>
   </div>
   <div class='ocr_carea' id='block_1_18' title="bbox 100 1095 1642 1175">
    <p class='ocr_par' dir='ltr' id='par_1_18' title="bbox 100 1095 1642 1175">
     <span class='ocr_line' id='line_1_18' title="bbox 100 1095 1642 1175; baseline 0.001 -25"><span class='ocrx_word' id='word_1_133' title='bbox 100 1099 274 1175; x_wconf 66' lang='grc' dir='ltr'><strong>λύτρον</strong></span> <span class='ocrx_word' id='word_1_134' title='bbox 383 1095 737 1173; x_wconf 75' lang='grc' dir='ltr'><strong>διαφερόντως</strong></span> <span class='ocrx_word' id='word_1_135' title='bbox 834 1100 1270 1174; x_wconf 73' lang='grc' dir='ltr'><strong>ὑπερφυέστερον,</strong></span> <span class='ocrx_word' id='word_1_136' title='bbox 1367 1099 1642 1172; x_wconf 76' lang='grc' dir='ltr'><strong>ἕλυτρώσα¹</strong></span> 
     </span>
    </p>
   </div>
   <div class='ocr_carea' id='block_1_19' title="bbox 1923 1095 3465 1175">
    <p class='ocr_par' dir='ltr' id='par_1_19' title="bbox 1929 1101 3465 1174">
     <span class='ocr_line' id='line_1_19' title="bbox 1929 1101 3465 1174; baseline 0.005 -18"><span class='ocrx_word' id='word_1_137' title='bbox 1929 1139 1946 1156; x_wconf 93' lang='grc'><strong>.</strong></span> <span class='ocrx_word' id='word_1_138' title='bbox 1980 1101 2235 1156; x_wconf 80' lang='lat' dir='ltr'><strong>Pretium</strong></span> <span class='ocrx_word' id='word_1_139' title='bbox 2260 1119 2399 1158; x_wconf 89' lang='lat' dir='ltr'><strong>vero</strong></span> <span class='ocrx_word' id='word_1_140' title='bbox 2426 1102 2591 1174; x_wconf 91' lang='lat' dir='ltr'><strong>quod</strong></span> <span class='ocrx_word' id='word_1_141' title='bbox 2631 1119 2666 1158; x_wconf 93' lang='lat' dir='ltr'><strong>a</strong></span> <span class='ocrx_word' id='word_1_142' title='bbox 2708 1102 2936 1160; x_wconf 85' lang='lat' dir='ltr'><strong>Christo</strong></span> <span class='ocrx_word' id='word_1_143' title='bbox 2967 1105 3174 1162; x_wconf 88' lang='lat' dir='ltr'><strong>datum</strong></span> <span class='ocrx_word' id='word_1_144' title='bbox 3218 1113 3322 1173; x_wconf 89' lang='lat' dir='ltr'><strong>est,</strong></span> <span class='ocrx_word' id='word_1_145' title='bbox 3381 1112 3465 1163; x_wconf 91' lang='lat' dir='ltr'><strong>ut-</strong></span> 
     </span>
    </p>
   </div>
   <div class='ocr_carea' id='block_1_20' title="bbox 103 1185 1645 1268">
    <p class='ocr_par' dir='ltr' id='par_1_20' title="bbox 103 1185 1645 1261">
     <span class='ocr_line' id='line_1_20' title="bbox 103 1185 1645 1261; baseline 0.002 -23"><span class='ocrx_word' id='word_1_146' title='bbox 103 1193 184 1261; x_wconf 70' lang='grc' dir='ltr'><strong>μὲν</strong></span> <span class='ocrx_word' id='word_1_147' title='bbox 246 1192 365 1249; x_wconf 71' lang='grc' dir='ltr'><strong>τοὺς</strong></span> <span class='ocrx_word' id='word_1_148' title='bbox 411 1191 814 1260; x_wconf 84' lang='grc' dir='ltr'><strong>κατεχομένους·</strong></span> <span class='ocrx_word' id='word_1_149' title='bbox 866 1188 992 1240; x_wconf 76' lang='grc' dir='ltr'><strong>αὐτὸ</strong></span> <span class='ocrx_word' id='word_1_150' title='bbox 1051 1185 1110 1242; x_wconf 71' lang='grc' dir='ltr'><strong>δε</strong></span> <span class='ocrx_word' id='word_1_151' title='bbox 1153 1191 1254 1242; x_wconf 83' lang='grc' dir='ltr'><strong>ὑπό</strong></span> <span class='ocrx_word' id='word_1_152' title='bbox 1305 1193 1398 1248; x_wconf 76' lang='grc' dir='ltr'><strong>τὴν</strong></span> <span class='ocrx_word' id='word_1_153' title='bbox 1456 1188 1645 1252; x_wconf 76' lang='grc' dir='ltr'><strong>ἐξουσίι</strong></span> 
     </span>
    </p>
   </div>
   <div class='ocr_carea' id='block_1_21' title="bbox 1926 1185 3468 1268">
    <p class='ocr_par' dir='ltr' id='par_1_21' title="bbox 1926 1189 3468 1268">
     <span class='ocr_line' id='line_1_21' title="bbox 1926 1189 3468 1268; baseline 0.005 -23"><span class='ocrx_word' id='word_1_154' title='bbox 1926 1207 1942 1246; x_wconf 67' lang='lat'><strong>3</strong></span> <span class='ocrx_word' id='word_1_155' title='bbox 1966 1189 2259 1246; x_wconf 75' lang='lat' dir='ltr'><strong>differenti</strong></span> <span class='ocrx_word' id='word_1_156' title='bbox 2293 1191 2477 1246; x_wconf 89' lang='lat' dir='ltr'><strong>modo</strong></span> <span class='ocrx_word' id='word_1_157' title='bbox 2504 1196 2558 1246; x_wconf 91' lang='lat' dir='ltr'><strong>et</strong></span> <span class='ocrx_word' id='word_1_158' title='bbox 2579 1192 2746 1247; x_wconf 90' lang='lat' dir='ltr'><strong>omni</strong></span> <span class='ocrx_word' id='word_1_159' title='bbox 2767 1192 2883 1249; x_wconf 87' lang='lat' dir='ltr'><strong>alio</strong></span> <span class='ocrx_word' id='word_1_160' title='bbox 2910 1195 3101 1265; x_wconf 89' lang='lat' dir='ltr'><strong>pretio</strong></span> <span class='ocrx_word' id='word_1_161' title='bbox 3116 1202 3468 1268; x_wconf 89' lang='lat' dir='ltr'><strong>supernatu-</strong></span> 
     </span>
    </p>
   </div>
   <div class='ocr_carea' id='block_1_22' title="bbox 103 1273 1645 1356">
    <p class='ocr_par' dir='ltr' id='par_1_22' title="bbox 103 1273 1645 1350">
     <span class='ocr_line' id='line_1_22' title="bbox 103 1273 1645 1350; baseline 0 -22"><span class='ocrx_word' id='word_1_162' title='bbox 103 1285 190 1328; x_wconf 76' lang='grc' dir='ltr'><strong>τοῦ</strong></span> <span class='ocrx_word' id='word_1_163' title='bbox 242 1280 546 1347; x_wconf 72' lang='grc' dir='ltr'><strong>κατέχοντος</strong></span> <span class='ocrx_word' id='word_1_164' title='bbox 611 1275 796 1337; x_wconf 72' lang='grc' dir='ltr'><strong>αὐτοὺς</strong></span> <span class='ocrx_word' id='word_1_165' title='bbox 864 1277 957 1329; x_wconf 72' lang='grc' dir='ltr'><strong>οὐκ</strong></span> <span class='ocrx_word' id='word_1_166' title='bbox 1021 1279 1187 1347; x_wconf 76' lang='grc' dir='ltr'><strong>ἔπεσε,</strong></span> <span class='ocrx_word' id='word_1_167' title='bbox 1254 1282 1326 1350; x_wconf 78' lang='grc' dir='ltr'><strong>μὴ</strong></span> <span class='ocrx_word' id='word_1_168' title='bbox 1385 1273 1645 1335; x_wconf 76' lang='grc' dir='ltr'><strong>δυνηθέντι</strong></span> 
     </span>
    </p>
   </div>
   <div class='ocr_carea' id='block_1_23' title="bbox 1923 1273 3465 1356">
    <p class='ocr_par' dir='ltr' id='par_1_23' title="bbox 1923 1278 3465 1356">
     <span class='ocr_line' id='line_1_23' title="bbox 1923 1278 3465 1356; baseline 0.006 -23"><span class='ocrx_word' id='word_1_169' title='bbox 1923 1296 2004 1343; x_wconf 87' lang='lat' dir='ltr'><strong>us,</strong></span> <span class='ocrx_word' id='word_1_170' title='bbox 2029 1278 2302 1336; x_wconf 84' lang='lat' dir='ltr'><strong>liberavit</strong></span> <span class='ocrx_word' id='word_1_171' title='bbox 2333 1296 2476 1335; x_wconf 87' lang='lat' dir='ltr'><strong>sane</strong></span> <span class='ocrx_word' id='word_1_172' title='bbox 2507 1295 2609 1335; x_wconf 90' lang='lat' dir='ltr'><strong>eos</strong></span> <span class='ocrx_word' id='word_1_173' title='bbox 2645 1281 2747 1352; x_wconf 88' lang='lat' dir='ltr'><strong>qui</strong></span> <span class='ocrx_word' id='word_1_174' title='bbox 2779 1281 3202 1340; x_wconf 86' lang='lat' dir='ltr'><strong>detinebantur</strong></span> <span class='ocrx_word' id='word_1_175' title='bbox 3230 1303 3244 1337; x_wconf 89' lang='lat'><strong>:</strong></span> <span class='ocrx_word' id='word_1_176' title='bbox 3270 1285 3465 1356; x_wconf 90' lang='lat' dir='ltr'><strong>ipsum</strong></span> 
     </span>
    </p>
   </div>
   <div class='ocr_carea' id='block_1_24' title="bbox 96 1361 1638 1443">
    <p class='ocr_par' dir='ltr' id='par_1_24' title="bbox 96 1361 1638 1441">
     <span class='ocr_line' id='line_1_24' title="bbox 96 1361 1638 1441; baseline -0.001 -25"><span class='ocrx_word' id='word_1_177' title='bbox 96 1365 264 1417; x_wconf 76' lang='grc' dir='ltr'><strong>λαϐεῖν</strong></span> <span class='ocrx_word' id='word_1_178' title='bbox 293 1365 435 1420; x_wconf 68' lang='grc' dir='ltr'><strong>αὐτὸ.</strong></span> <span class='ocrx_word' id='word_1_179' title='bbox 487 1361 692 1418; x_wconf 80' lang='grc' dir='ltr'><strong>Δέδωκε</strong></span> <span class='ocrx_word' id='word_1_180' title='bbox 736 1362 795 1418; x_wconf 73' lang='grc' dir='ltr'><strong>δε</strong></span> <span class='ocrx_word' id='word_1_181' title='bbox 830 1373 904 1435; x_wconf 85' lang='grc' dir='ltr'><strong>τῷ</strong></span> <span class='ocrx_word' id='word_1_182' title='bbox 948 1372 1116 1441; x_wconf 84' lang='grc' dir='ltr'><strong>Πατρὶ</strong></span> <span class='ocrx_word' id='word_1_183' title='bbox 1145 1368 1356 1429; x_wconf 82' lang='grc' dir='ltr'><strong>ταύτην,</strong></span> <span class='ocrx_word' id='word_1_184' title='bbox 1399 1369 1464 1427; x_wconf 83' lang='grc' dir='ltr'><strong>ὡς</strong></span> <span class='ocrx_word' id='word_1_185' title='bbox 1510 1365 1638 1438; x_wconf 77' lang='grc' dir='ltr'><strong>ψυχτ</strong></span> 
     </span>
    </p>
   </div>
   <div class='ocr_carea' id='block_1_25' title="bbox 1926 1361 3468 1443">
    <p class='ocr_par' dir='ltr' id='par_1_25' title="bbox 1926 1369 3468 1443">
     <span class='ocr_line' id='line_1_25' title="bbox 1926 1369 3468 1443; baseline 0.005 -20"><span class='ocrx_word' id='word_1_186' title='bbox 1926 1383 1946 1423; x_wconf 79' lang='grc'>)</span> <span class='ocrx_word' id='word_1_187' title='bbox 1976 1383 2098 1424; x_wconf 93' lang='lat' dir='ltr'><strong>non</strong></span> <span class='ocrx_word' id='word_1_188' title='bbox 2121 1369 2281 1423; x_wconf 87' lang='lat' dir='ltr'><strong>venit</strong></span> <span class='ocrx_word' id='word_1_189' title='bbox 2310 1369 2372 1423; x_wconf 91' lang='lat' dir='ltr'><strong>in</strong></span> <span class='ocrx_word' id='word_1_190' title='bbox 2405 1373 2750 1440; x_wconf 88' lang='lat' dir='ltr'><strong>potestatem</strong></span> <span class='ocrx_word' id='word_1_191' title='bbox 2782 1370 2910 1442; x_wconf 91' lang='lat' dir='ltr'><strong>ejus</strong></span> <span class='ocrx_word' id='word_1_192' title='bbox 2932 1372 3031 1443; x_wconf 87' lang='lat' dir='ltr'><strong>qui</strong></span> <span class='ocrx_word' id='word_1_193' title='bbox 3073 1372 3206 1429; x_wconf 91' lang='lat' dir='ltr'><strong>illos</strong></span> <span class='ocrx_word' id='word_1_194' title='bbox 3255 1375 3468 1430; x_wconf 89' lang='lat' dir='ltr'><strong>retine-</strong></span> 
     </span>
    </p>
   </div>
   <div class='ocr_carea' id='block_1_26' title="bbox 90 1451 1632 1531">
    <p class='ocr_par' dir='ltr' id='par_1_26' title="bbox 90 1451 1632 1528">
     <span class='ocr_line' id='line_1_26' title="bbox 90 1451 1632 1528; baseline 0.001 -23"><span class='ocrx_word' id='word_1_195' title='bbox 90 1462 170 1506; x_wconf 77' lang='grc' dir='ltr'><strong>τοῦ</strong></span> <span class='ocrx_word' id='word_1_196' title='bbox 195 1457 326 1507; x_wconf 68' lang='lat' dir='ltr'><strong>Tim}</strong></span> <span class='ocrx_word' id='word_1_197' title='bbox 368 1453 552 1508; x_wconf 73' lang='grc' dir='ltr'><strong>αὐτοῦ.</strong></span> <span class='ocrx_word' id='word_1_198' title='bbox 587 1457 674 1508; x_wconf 77' lang='grc' dir='ltr'><strong>Διό</strong></span> <span class='ocrx_word' id='word_1_199' title='bbox 705 1457 811 1525; x_wconf 77' lang='grc' dir='ltr'><strong>καὶ,</strong></span> <span class='ocrx_word' id='word_1_200' title='bbox 843 1455 914 1514; x_wconf 86' lang='grc' dir='ltr'><strong>ὡς</strong></span> <span class='ocrx_word' id='word_1_201' title='bbox 943 1451 1050 1513; x_wconf 75' lang='grc' dir='ltr'><strong>ἤδη</strong></span> <span class='ocrx_word' id='word_1_202' title='bbox 1081 1462 1174 1507; x_wconf 79' lang='grc' dir='ltr'><strong>τοῦ</strong></span> <span class='ocrx_word' id='word_1_203' title='bbox 1202 1454 1389 1528; x_wconf 83' lang='grc' dir='ltr'><strong>λύτρου</strong></span> <span class='ocrx_word' id='word_1_204' title='bbox 1437 1452 1632 1508; x_wconf 75' lang='grc' dir='ltr'><strong>δοθέντι</strong></span> 
     </span>
    </p>
   </div>
   <div class='ocr_carea' id='block_1_27' title="bbox 1921 1451 3463 1531">
    <p class='ocr_par' dir='ltr' id='par_1_27' title="bbox 1921 1456 3463 1531">
     <span class='ocr_line' id='line_1_27' title="bbox 1921 1456 3463 1531; baseline 0.005 -20"><span class='ocrx_word' id='word_1_205' title='bbox 1921 1473 2095 1524; x_wconf 84' lang='lat' dir='ltr'><strong>,cum</strong></span> <span class='ocrx_word' id='word_1_206' title='bbox 2121 1456 2269 1512; x_wconf 89' lang='lat' dir='ltr'><strong>illud</strong></span> <span class='ocrx_word' id='word_1_207' title='bbox 2310 1472 2426 1512; x_wconf 89' lang='lat' dir='ltr'><strong>non</strong></span> <span class='ocrx_word' id='word_1_208' title='bbox 2458 1461 2661 1528; x_wconf 88' lang='lat' dir='ltr'><strong>posset</strong></span> <span class='ocrx_word' id='word_1_209' title='bbox 2699 1459 2988 1531; x_wconf 90' lang='lat' dir='ltr'><strong>accipere.</strong></span> <span class='ocrx_word' id='word_1_210' title='bbox 3045 1462 3202 1516; x_wconf 87' lang='lat' dir='ltr'><strong>Patri</strong></span> <span class='ocrx_word' id='word_1_211' title='bbox 3261 1471 3463 1520; x_wconf 90' lang='lat' dir='ltr'><strong>autem</strong></span> 
     </span>
    </p>
   </div>
   <div class='ocr_carea' id='block_1_28' title="bbox 89 1541 1631 1618">
    <p class='ocr_par' dir='ltr' id='par_1_28' title="bbox 89 1541 1630 1617">
     <span class='ocr_line' id='line_1_28' title="bbox 89 1541 1630 1617; baseline -0.001 -22"><span class='ocrx_word' id='word_1_212' title='bbox 89 1544 124 1595; x_wconf 81' lang='grc' dir='ltr'><strong>εἰ</strong></span> <span class='ocrx_word' id='word_1_213' title='bbox 175 1548 270 1596; x_wconf 82' lang='grc' dir='ltr'><strong>καὶ</strong></span> <span class='ocrx_word' id='word_1_214' title='bbox 339 1549 414 1615; x_wconf 83' lang='grc' dir='ltr'><strong>μὴ</strong></span> <span class='ocrx_word' id='word_1_215' title='bbox 475 1551 628 1596; x_wconf 86' lang='grc' dir='ltr'><strong>τοῦτο</strong></span> <span class='ocrx_word' id='word_1_216' title='bbox 675 1541 846 1596; x_wconf 77' lang='grc' dir='ltr'><strong>λαϐεῖν</strong></span> <span class='ocrx_word' id='word_1_217' title='bbox 901 1547 1125 1616; x_wconf 78' lang='grc' dir='ltr'><strong>ἴσχυσεν</strong></span> <span class='ocrx_word' id='word_1_218' title='bbox 1180 1546 1205 1596; x_wconf 90' lang='lat'><strong>0</strong></span> <span class='ocrx_word' id='word_1_219' title='bbox 1261 1547 1524 1617; x_wconf 78' lang='grc' dir='ltr'><strong>τύραννος,</strong></span> <span class='ocrx_word' id='word_1_220' title='bbox 1580 1543 1630 1595; x_wconf 84' lang='grc' dir='ltr'><strong>ἐλ</strong></span> 
     </span>
    </p>
   </div>
   <div class='ocr_carea' id='block_1_29' title="bbox 1922 1541 3464 1618">
    <p class='ocr_par' dir='ltr' id='par_1_29' title="bbox 1922 1546 3464 1618">
     <span class='ocr_line' id='line_1_29' title="bbox 1922 1546 3464 1618; baseline 0.006 -20"><span class='ocrx_word' id='word_1_221' title='bbox 1922 1563 1962 1600; x_wconf 29' lang='grc' dir='ltr'><strong>κο</strong></span> <span class='ocrx_word' id='word_1_222' title='bbox 1990 1546 2253 1613; x_wconf 83' lang='lat' dir='ltr'><strong>tradidit,</strong></span> <span class='ocrx_word' id='word_1_223' title='bbox 2309 1552 2600 1618; x_wconf 85' lang='lat' dir='ltr'><strong>tanquam</strong></span> <span class='ocrx_word' id='word_1_224' title='bbox 2649 1548 2908 1604; x_wconf 87' lang='lat' dir='ltr'><strong>animam</strong></span> <span class='ocrx_word' id='word_1_225' title='bbox 2951 1549 3077 1604; x_wconf 90' lang='lat' dir='ltr'><strong>Filii</strong></span> <span class='ocrx_word' id='word_1_226' title='bbox 3132 1552 3266 1617; x_wconf 88' lang='lat' dir='ltr'><strong>sui;</strong></span> <span class='ocrx_word' id='word_1_227' title='bbox 3329 1552 3464 1608; x_wconf 91' lang='lat' dir='ltr'><strong>ideo</strong></span> 
     </span>
    </p>
   </div>
   <div class='ocr_carea' id='block_1_30' title="bbox 87 1629 1629 1712">
    <p class='ocr_par' dir='ltr' id='par_1_30' title="bbox 87 1629 1627 1705">
     <span class='ocr_line' id='line_1_30' title="bbox 87 1629 1627 1705; baseline 0.001 -22"><span class='ocrx_word' id='word_1_228' title='bbox 87 1635 366 1704; x_wconf 73' lang='grc' dir='ltr'><strong>τρὼθησαν</strong></span> <span class='ocrx_word' id='word_1_229' title='bbox 416 1631 468 1684; x_wconf 85' lang='grc' dir='ltr'><strong>οἰ</strong></span> <span class='ocrx_word' id='word_1_230' title='bbox 509 1637 872 1705; x_wconf 82' lang='grc' dir='ltr'><strong>κατεχόμενοι.</strong></span> <span class='ocrx_word' id='word_1_231' title='bbox 921 1638 1015 1686; x_wconf 82' lang='grc' dir='ltr'><strong>Βαὶ</strong></span> <span class='ocrx_word' id='word_1_232' title='bbox 1057 1641 1163 1693; x_wconf 84' lang='grc' dir='ltr'><strong>πῶς</strong></span> <span class='ocrx_word' id='word_1_233' title='bbox 1192 1629 1355 1686; x_wconf 78' lang='grc' dir='ltr'><strong>ῖόωκε</strong></span> <span class='ocrx_word' id='word_1_234' title='bbox 1385 1637 1478 1692; x_wconf 71' lang='grc' dir='ltr'><strong>τὴν</strong></span> <span class='ocrx_word' id='word_1_235' title='bbox 1506 1633 1627 1704; x_wconf 72' lang='grc' dir='ltr'><strong>ψυχ</strong></span> 
     </span>
    </p>
   </div>
   <div class='ocr_carea' id='block_1_31' title="bbox 1927 1629 3469 1712">
    <p class='ocr_par' dir='ltr' id='par_1_31' title="bbox 1927 1635 3469 1712">
     <span class='ocr_line' id='line_1_31' title="bbox 1927 1635 3469 1712; baseline 0.004 -22"><span class='ocrx_word' id='word_1_236' title='bbox 1927 1652 1980 1690; x_wconf 91' lang='lat' dir='ltr'><strong>m</strong></span> <span class='ocrx_word' id='word_1_237' title='bbox 2011 1636 2179 1708; x_wconf 90' lang='lat' dir='ltr'><strong>quasi</strong></span> <span class='ocrx_word' id='word_1_238' title='bbox 2208 1635 2350 1691; x_wconf 88' lang='lat' dir='ltr'><strong>dato</strong></span> <span class='ocrx_word' id='word_1_239' title='bbox 2365 1635 2494 1706; x_wconf 89' lang='lat' dir='ltr'><strong>jam</strong></span> <span class='ocrx_word' id='word_1_240' title='bbox 2518 1636 2725 1706; x_wconf 89' lang='lat' dir='ltr'><strong>pretio,</strong></span> <span class='ocrx_word' id='word_1_241' title='bbox 2751 1653 3100 1709; x_wconf 88' lang='lat' dir='ltr'><strong>quanquam</strong></span> <span class='ocrx_word' id='word_1_242' title='bbox 3127 1645 3469 1712; x_wconf 88' lang='lat' dir='ltr'><strong>nonpotue-</strong></span> 
     </span>
    </p>
   </div>
   <div class='ocr_carea' id='block_1_32' title="bbox 89 1718 1631 1800">
    <p class='ocr_par' dir='ltr' id='par_1_32' title="bbox 89 1718 1631 1793">
     <span class='ocr_line' id='line_1_32' title="bbox 89 1718 1631 1793; baseline 0.002 -22"><span class='ocrx_word' id='word_1_243' title='bbox 89 1721 240 1772; x_wconf 67' lang='grc' dir='ltr'><strong>αὐτοῦ</strong></span> <span class='ocrx_word' id='word_1_244' title='bbox 299 1721 494 1793; x_wconf 80' lang='grc' dir='ltr'><strong>λύτρον</strong></span> <span class='ocrx_word' id='word_1_245' title='bbox 560 1719 673 1774; x_wconf 74' lang='grc' dir='ltr'><strong>ἀντὶ</strong></span> <span class='ocrx_word' id='word_1_246' title='bbox 742 1721 973 1790; x_wconf 83' lang='grc' dir='ltr'><strong>πολλῶν;</strong></span> <span class='ocrx_word' id='word_1_247' title='bbox 1025 1720 1114 1784; x_wconf 75' lang='grc' dir='ltr'><strong>Ὠς</strong></span> <span class='ocrx_word' id='word_1_248' title='bbox 1174 1721 1422 1784; x_wconf 73' lang='grc' dir='ltr'><strong>ἑκουσίως</strong></span> <span class='ocrx_word' id='word_1_249' title='bbox 1481 1718 1631 1774; x_wconf 75' lang='grc' dir='ltr'><strong>επιδο</strong></span> 
     </span>
    </p>
   </div>
   <div class='ocr_carea' id='block_1_33' title="bbox 1924 1718 3466 1800">
    <p class='ocr_par' dir='ltr' id='par_1_33' title="bbox 1924 1725 3466 1800">
     <span class='ocr_line' id='line_1_33' title="bbox 1924 1725 3466 1800; baseline 0.005 -21"><span class='ocrx_word' id='word_1_250' title='bbox 1924 1725 2042 1780; x_wconf 90' lang='lat' dir='ltr'><strong>llud</strong></span> <span class='ocrx_word' id='word_1_251' title='bbox 2067 1731 2386 1796; x_wconf 89' lang='lat' dir='ltr'><strong>tryrannus</strong></span> <span class='ocrx_word' id='word_1_252' title='bbox 2413 1725 2948 1796; x_wconf 88' lang='lat' dir='ltr'><strong>accipere,liberati</strong></span> <span class='ocrx_word' id='word_1_253' title='bbox 2975 1730 3222 1800; x_wconf 89' lang='lat' dir='ltr'><strong>suntqui</strong></span> <span class='ocrx_word' id='word_1_254' title='bbox 3244 1729 3466 1786; x_wconf 88' lang='lat' dir='ltr'><strong>detine-</strong></span> 
     </span>
    </p>
   </div>
   <div class='ocr_carea' id='block_1_34' title="bbox 89 1808 1631 1885">
    <p class='ocr_par' dir='ltr' id='par_1_34' title="bbox 89 1808 1626 1884">
     <span class='ocr_line' id='line_1_34' title="bbox 89 1808 1626 1884; baseline 0.001 -22"><span class='ocrx_word' id='word_1_255' title='bbox 89 1810 264 1862; x_wconf 70' lang='grc' dir='ltr'><strong>ἑαυτὸν</strong></span> <span class='ocrx_word' id='word_1_256' title='bbox 313 1809 390 1872; x_wconf 87' lang='grc' dir='ltr'><strong>εἰς</strong></span> <span class='ocrx_word' id='word_1_257' title='bbox 453 1810 670 1862; x_wconf 78' lang='grc' dir='ltr'><strong>θάνατον</strong></span> <span class='ocrx_word' id='word_1_258' title='bbox 714 1811 840 1884; x_wconf 70' lang='grc' dir='ltr'><strong>ὑπερ</strong></span> <span class='ocrx_word' id='word_1_259' title='bbox 887 1817 976 1871; x_wconf 78' lang='grc' dir='ltr'><strong>τῆς</strong></span> <span class='ocrx_word' id='word_1_260' title='bbox 1013 1808 1297 1884; x_wconf 77' lang='grc' dir='ltr'><strong>ἐλευθερίας</strong></span> <span class='ocrx_word' id='word_1_261' title='bbox 1354 1820 1452 1862; x_wconf 86' lang='grc' dir='ltr'><strong>τῶν</strong></span> <span class='ocrx_word' id='word_1_262' title='bbox 1503 1810 1626 1884; x_wconf 82' lang='grc' dir='ltr'><strong>ἁνθρ</strong></span> 
     </span>
    </p>
   </div>
   <div class='ocr_carea' id='block_1_35' title="bbox 1913 1808 3455 1885">
    <p class='ocr_par' dir='ltr' id='par_1_35' title="bbox 1913 1811 3455 1885">
     <span class='ocr_line' id='line_1_35' title="bbox 1913 1811 3455 1885; baseline 0.003 -17"><span class='ocrx_word' id='word_1_263' title='bbox 1913 1818 2041 1869; x_wconf 80' lang='lat' dir='ltr'><strong>itur.</strong></span> <span class='ocrx_word' id='word_1_264' title='bbox 2067 1811 2457 1885; x_wconf 88' lang='lat' dir='ltr'><strong>thuomodo</strong></span> <span class='ocrx_word' id='word_1_265' title='bbox 2487 1813 2726 1868; x_wconf 86' lang='lat' dir='ltr'><strong>tradidit</strong></span> <span class='ocrx_word' id='word_1_266' title='bbox 2745 1815 3011 1871; x_wconf 86' lang='lat' dir='ltr'><strong>animam</strong></span> <span class='ocrx_word' id='word_1_267' title='bbox 3027 1833 3198 1872; x_wconf 89' lang='lat' dir='ltr'><strong>suam</strong></span> <span class='ocrx_word' id='word_1_268' title='bbox 3224 1817 3455 1874; x_wconf 87' lang='lat' dir='ltr'><strong>redem-</strong></span> 
     </span>
    </p>
   </div>
   <div class='ocr_carea' id='block_1_36' title="bbox 87 1897 1629 1977">
    <p class='ocr_par' dir='ltr' id='par_1_36' title="bbox 87 1897 1629 1975">
     <span class='ocr_line' id='line_1_36' title="bbox 87 1897 1629 1975; baseline 0.002 -27"><span class='ocrx_word' id='word_1_269' title='bbox 87 1918 212 1951; x_wconf 72' lang='grc' dir='ltr'><strong>πων.</strong></span> <span class='ocrx_word' id='word_1_270' title='bbox 305 1897 609 1951; x_wconf 78' lang='grc' dir='ltr'><strong>’Λποθανὼν</strong></span> <span class='ocrx_word' id='word_1_271' title='bbox 691 1901 792 1972; x_wconf 76' lang='grc' dir='ltr'><strong>γὰρ</strong></span> <span class='ocrx_word' id='word_1_272' title='bbox 882 1899 1110 1952; x_wconf 80' lang='grc' dir='ltr'><strong>καθεῖλεν</strong></span> <span class='ocrx_word' id='word_1_273' title='bbox 1216 1899 1519 1975; x_wconf 62' lang='grc' dir='ltr'><strong>εὐαφόρμως</strong></span> <span class='ocrx_word' id='word_1_274' title='bbox 1609 1919 1629 1951; x_wconf 84' lang='grc' dir='ltr'><strong>τ</strong></span> 
     </span>
    </p>
   </div>
   <div class='ocr_carea' id='block_1_37' title="bbox 1925 1897 3467 1977">
    <p class='ocr_par' dir='ltr' id='par_1_37' title="bbox 1925 1898 3467 1977">
     <span class='ocr_line' id='line_1_37' title="bbox 1925 1898 3467 1977; baseline 0.006 -25"><span class='ocrx_word' id='word_1_275' title='bbox 1925 1917 2074 1958; x_wconf 65' lang='grc' dir='ltr'><strong>μοθω</strong></span> <span class='ocrx_word' id='word_1_276' title='bbox 2106 1919 2214 1974; x_wconf 90' lang='lat' dir='ltr'><strong>pro</strong></span> <span class='ocrx_word' id='word_1_277' title='bbox 2249 1901 2442 1956; x_wconf 89' lang='lat' dir='ltr'><strong>multis</strong></span> <span class='ocrx_word' id='word_1_278' title='bbox 2472 1898 2502 1955; x_wconf 64' lang='grc' dir='ltr'><strong><em>Ἰ</em></strong></span> <span class='ocrx_word' id='word_1_279' title='bbox 2533 1903 2684 1966; x_wconf 87' lang='lat' dir='ltr'><strong>Quia</strong></span> <span class='ocrx_word' id='word_1_280' title='bbox 2723 1903 3051 1960; x_wconf 82' lang='lat' dir='ltr'><strong>voluntarie</strong></span> <span class='ocrx_word' id='word_1_281' title='bbox 3107 1905 3371 1977; x_wconf 90' lang='lat' dir='ltr'><strong>seipsum</strong></span> <span class='ocrx_word' id='word_1_282' title='bbox 3405 1906 3467 1962; x_wconf 92' lang='lat' dir='ltr'><strong>in</strong></span> 
     </span>
    </p>
   </div>
   <div class='ocr_carea' id='block_1_38' title="bbox 86 1985 1628 2062">
    <p class='ocr_par' dir='ltr' id='par_1_38' title="bbox 86 1985 1628 2062">
     <span class='ocr_line' id='line_1_38' title="bbox 86 1985 1628 2062; baseline 0.002 -25"><span class='ocrx_word' id='word_1_283' title='bbox 86 1992 353 2060; x_wconf 71' lang='grc' dir='ltr'><strong>τύραννον,</strong></span> <span class='ocrx_word' id='word_1_284' title='bbox 433 1989 501 2048; x_wconf 83' lang='grc' dir='ltr'><strong>ὡς</strong></span> <span class='ocrx_word' id='word_1_285' title='bbox 592 1985 832 2040; x_wconf 79' lang='grc' dir='ltr'><strong>ἀνελόντα</strong></span> <span class='ocrx_word' id='word_1_286' title='bbox 902 1992 991 2040; x_wconf 90' lang='grc' dir='ltr'><strong>τόν</strong></span> <span class='ocrx_word' id='word_1_287' title='bbox 1072 1987 1456 2062; x_wconf 78' lang='grc' dir='ltr'><strong>ἀναμάρτητον.</strong></span> <span class='ocrx_word' id='word_1_288' title='bbox 1539 1987 1628 2060; x_wconf 82' lang='grc' dir='ltr'><strong>’Λμ</strong></span> 
     </span>
    </p>
   </div>
   <div class='ocr_carea' id='block_1_39' title="bbox 1923 1985 3465 2062">
    <p class='ocr_par' dir='ltr' id='par_1_39' title="bbox 1923 1990 3465 2062">
     <span class='ocr_line' id='line_1_39' title="bbox 1923 1990 3465 2062; baseline 0.003 -16"><span class='ocrx_word' id='word_1_289' title='bbox 1923 1996 2059 2047; x_wconf 86' lang='lat' dir='ltr'><strong>rtem</strong></span> <span class='ocrx_word' id='word_1_290' title='bbox 2090 1990 2304 2047; x_wconf 90' lang='lat' dir='ltr'><strong>obtulit</strong></span> <span class='ocrx_word' id='word_1_291' title='bbox 2333 2007 2442 2062; x_wconf 91' lang='lat' dir='ltr'><strong>pro</strong></span> <span class='ocrx_word' id='word_1_292' title='bbox 2475 1993 2744 2048; x_wconf 88' lang='lat' dir='ltr'><strong>libertate</strong></span> <span class='ocrx_word' id='word_1_293' title='bbox 2798 1993 3114 2048; x_wconf 86' lang='lat' dir='ltr'><strong>hominum</strong></span> <span class='ocrx_word' id='word_1_294' title='bbox 3147 2009 3162 2060; x_wconf 88' lang='lat'><strong>;</strong></span> <span class='ocrx_word' id='word_1_295' title='bbox 3206 1994 3465 2051; x_wconf 88' lang='lat' dir='ltr'><strong>moriens</strong></span> 
     </span>
    </p>
   </div>
   <div class='ocr_carea' id='block_1_40' title="bbox 84 2074 1626 2156">
    <p class='ocr_par' dir='ltr' id='par_1_40' title="bbox 84 2074 1618 2150">
     <span class='ocr_line' id='line_1_40' title="bbox 84 2074 1618 2150; baseline 0.001 -22"><span class='ocrx_word' id='word_1_296' title='bbox 84 2083 231 2149; x_wconf 76' lang='grc' dir='ltr'><strong>ρτίας</strong></span> <span class='ocrx_word' id='word_1_297' title='bbox 285 2079 390 2150; x_wconf 68' lang='grc' dir='ltr'><strong>γὰρ</strong></span> <span class='ocrx_word' id='word_1_298' title='bbox 450 2075 595 2129; x_wconf 71' lang='grc' dir='ltr'><strong>ἐστιν</strong></span> <span class='ocrx_word' id='word_1_299' title='bbox 641 2075 900 2150; x_wconf 72' lang='grc' dir='ltr'><strong>ἐπιτίμιον</strong></span> <span class='ocrx_word' id='word_1_300' title='bbox 960 2078 987 2129; x_wconf 90' lang='lat'><strong>0</strong></span> <span class='ocrx_word' id='word_1_301' title='bbox 1049 2079 1283 2140; x_wconf 77' lang='grc' dir='ltr'><strong>θάνατος·</strong></span> <span class='ocrx_word' id='word_1_302' title='bbox 1351 2082 1507 2150; x_wconf 85' lang='grc' dir='ltr'><strong>μόνος</strong></span> <span class='ocrx_word' id='word_1_303' title='bbox 1559 2074 1618 2130; x_wconf 77' lang='grc' dir='ltr'><strong>δε</strong></span> 
     </span>
    </p>
   </div>
   <div class='ocr_carea' id='block_1_41' title="bbox 1924 2074 3466 2156">
    <p class='ocr_par' dir='ltr' id='par_1_41' title="bbox 1924 2081 3466 2156">
     <span class='ocr_line' id='line_1_41' title="bbox 1924 2081 3466 2156; baseline 0.003 -21"><span class='ocrx_word' id='word_1_304' title='bbox 1924 2097 1986 2144; x_wconf 91' lang='lat' dir='ltr'><strong>n,</strong></span> <span class='ocrx_word' id='word_1_305' title='bbox 2022 2085 2161 2152; x_wconf 90' lang='lat' dir='ltr'><strong>apta</strong></span> <span class='ocrx_word' id='word_1_306' title='bbox 2182 2082 2499 2139; x_wconf 86' lang='lat' dir='ltr'><strong>occasione</strong></span> <span class='ocrx_word' id='word_1_307' title='bbox 2520 2087 2844 2154; x_wconf 88' lang='lat' dir='ltr'><strong>tyrannum</strong></span> <span class='ocrx_word' id='word_1_308' title='bbox 2871 2081 3149 2153; x_wconf 87' lang='lat' dir='ltr'><strong>perdidit,</strong></span> <span class='ocrx_word' id='word_1_309' title='bbox 3181 2088 3466 2156; x_wconf 88' lang='lat' dir='ltr'><strong>tanquam</strong></span> 
     </span>
    </p>
   </div>
   <div class='ocr_carea' id='block_1_42' title="bbox 86 2165 1628 2243">
    <p class='ocr_par' dir='ltr' id='par_1_42' title="bbox 86 2165 997 2238">
     <span class='ocr_line' id='line_1_42' title="bbox 86 2165 997 2238; baseline 0.001 -20"><span class='ocrx_word' id='word_1_310' title='bbox 86 2171 154 2236; x_wconf 75' lang='grc' dir='ltr'><strong>Χρ</strong></span> <span class='ocrx_word' id='word_1_311' title='bbox 166 2169 315 2227; x_wconf 80' lang='grc' dir='ltr'><strong>ιστός</strong></span> <span class='ocrx_word' id='word_1_312' title='bbox 339 2165 609 2238; x_wconf 79' lang='grc' dir='ltr'><strong>ἁμαρτίαν</strong></span> <span class='ocrx_word' id='word_1_313' title='bbox 634 2165 728 2218; x_wconf 73' lang='grc' dir='ltr'><strong>οὐκ</strong></span> <span class='ocrx_word' id='word_1_314' title='bbox 757 2165 997 2224; x_wconf 74' lang='grc' dir='ltr'><strong>ἐποίησε,</strong></span> 
     </span>
    </p>
   </div>
   <div class='ocr_carea' id='block_1_43' title="bbox 1926 2165 3468 2243">
    <p class='ocr_par' dir='ltr' id='par_1_43' title="bbox 1926 2168 3468 2243">
     <span class='ocr_line' id='line_1_43' title="bbox 1926 2168 3468 2243; baseline 0.003 -20"><span class='ocrx_word' id='word_1_315' title='bbox 1926 2168 2182 2225; x_wconf 83' lang='lat' dir='ltr'><strong>identem</strong></span> <span class='ocrx_word' id='word_1_316' title='bbox 2220 2169 2386 2225; x_wconf 87' lang='lat' dir='ltr'><strong>illum</strong></span> <span class='ocrx_word' id='word_1_317' title='bbox 2419 2171 2524 2243; x_wconf 91' lang='lat' dir='ltr'><strong>qui</strong></span> <span class='ocrx_word' id='word_1_318' title='bbox 2556 2175 2803 2242; x_wconf 91' lang='lat' dir='ltr'><strong>peccato</strong></span> <span class='ocrx_word' id='word_1_319' title='bbox 2828 2170 3088 2227; x_wconf 86' lang='lat' dir='ltr'><strong>carebat.</strong></span> <span class='ocrx_word' id='word_1_320' title='bbox 3151 2171 3375 2228; x_wconf 88' lang='lat' dir='ltr'><strong>Peccati</strong></span> <span class='ocrx_word' id='word_1_321' title='bbox 3398 2173 3468 2228; x_wconf 92' lang='lat' dir='ltr'><strong>si-</strong></span> 
     </span>
    </p>
   </div>
   <div class='ocr_carea' id='block_1_44' title="bbox 1807 2257 3469 2332">
    <p class='ocr_par' dir='ltr' id='par_1_44' title="bbox 1807 2257 3469 2332">
     <span class='ocr_line' id='line_1_44' title="bbox 1807 2257 3469 2332; baseline 0.001 -18"><span class='ocrx_word' id='word_1_322' title='bbox 1807 2257 2054 2332; x_wconf 89' lang='lat' dir='ltr'><strong>quidem</strong></span> <span class='ocrx_word' id='word_1_323' title='bbox 2089 2258 2276 2314; x_wconf 89' lang='lat' dir='ltr'><strong>multa</strong></span> <span class='ocrx_word' id='word_1_324' title='bbox 2303 2265 2392 2315; x_wconf 88' lang='lat' dir='ltr'><strong>est</strong></span> <span class='ocrx_word' id='word_1_325' title='bbox 2443 2275 2654 2325; x_wconf 91' lang='lat' dir='ltr'><strong>mors;</strong></span> <span class='ocrx_word' id='word_1_326' title='bbox 2716 2258 2881 2314; x_wconf 91' lang='lat' dir='ltr'><strong>solus</strong></span> <span class='ocrx_word' id='word_1_327' title='bbox 2945 2265 3146 2316; x_wconf 89' lang='lat' dir='ltr'><strong>autem</strong></span> <span class='ocrx_word' id='word_1_328' title='bbox 3209 2261 3469 2318; x_wconf 85' lang='lat' dir='ltr'><strong>Christus</strong></span> 
     </span>
    </p>
   </div>
   <div class='ocr_carea' id='block_1_45' title="bbox 1807 2350 2468 2422">
    <p class='ocr_par' dir='ltr' id='par_1_45' title="bbox 1807 2350 2468 2422">
     <span class='ocr_line' id='line_1_45' title="bbox 1807 2350 2468 2422; baseline -0.002 -16"><span class='ocrx_word' id='word_1_329' title='bbox 1807 2354 2122 2422; x_wconf 86' lang='lat' dir='ltr'><strong>peccatum</strong></span> <span class='ocrx_word' id='word_1_330' title='bbox 2159 2365 2282 2406; x_wconf 92' lang='lat' dir='ltr'><strong>non</strong></span> <span class='ocrx_word' id='word_1_331' title='bbox 2313 2350 2468 2408; x_wconf 80' lang='lat' dir='ltr'><strong>fecit.</strong></span> 
     </span>
    </p>
   </div>
   <div class='ocr_carea' id='block_1_46' title="bbox 146 2429 1688 2512">
    <p class='ocr_par' dir='ltr' id='par_1_46' title="bbox 146 2429 1688 2511">
     <span class='ocr_line' id='line_1_46' title="bbox 146 2429 1688 2511; baseline 0.003 -26"><span class='ocrx_word' id='word_1_332' title='bbox 146 2439 270 2505; x_wconf 66' lang='grc' dir='ltr'><strong>Ξρή</strong></span> <span class='ocrx_word' id='word_1_333' title='bbox 310 2429 375 2486; x_wconf 64' lang='grc' dir='ltr'><strong>δ’.</strong></span> <span class='ocrx_word' id='word_1_334' title='bbox 403 2438 703 2505; x_wconf 75' lang='grc' dir='ltr'><strong>γινώσκειν,</strong></span> <span class='ocrx_word' id='word_1_335' title='bbox 751 2433 831 2486; x_wconf 87' lang='grc' dir='ltr'><strong>ὅτι</strong></span> <span class='ocrx_word' id='word_1_336' title='bbox 859 2432 964 2505; x_wconf 79' lang='grc' dir='ltr'><strong>οὐχ</strong></span> <span class='ocrx_word' id='word_1_337' title='bbox 993 2435 1024 2492; x_wconf 80' lang='grc' dir='ltr'><strong>ἠ</strong></span> <span class='ocrx_word' id='word_1_338' title='bbox 1060 2433 1217 2506; x_wconf 80' lang='grc' dir='ltr'><strong>ψυχὴ</strong></span> <span class='ocrx_word' id='word_1_339' title='bbox 1254 2439 1408 2508; x_wconf 92' lang='grc' dir='ltr'><strong>μόνον</strong></span> <span class='ocrx_word' id='word_1_340' title='bbox 1435 2444 1529 2488; x_wconf 79' lang='grc' dir='ltr'><strong>τοῦ</strong></span> <span class='ocrx_word' id='word_1_341' title='bbox 1561 2445 1688 2511; x_wconf 83' lang='grc' dir='ltr'><strong>Χρι-</strong></span> 
     </span>
    </p>
   </div>
   <div class='ocr_carea' id='block_1_47' title="bbox 1929 2429 3471 2512">
    <p class='ocr_par' dir='ltr' id='par_1_47' title="bbox 1929 2438 3471 2512">
     <span class='ocr_line' id='line_1_47' title="bbox 1929 2438 3471 2512; baseline 0.002 -18"><span class='ocrx_word' id='word_1_342' title='bbox 1929 2438 2038 2494; x_wconf 84' lang='lat' dir='ltr'><strong>cire</strong></span> <span class='ocrx_word' id='word_1_343' title='bbox 2055 2444 2255 2494; x_wconf 88' lang='lat' dir='ltr'><strong>autem</strong></span> <span class='ocrx_word' id='word_1_344' title='bbox 2274 2445 2526 2511; x_wconf 89' lang='lat' dir='ltr'><strong>oportet,</strong></span> <span class='ocrx_word' id='word_1_345' title='bbox 2575 2439 2739 2512; x_wconf 88' lang='lat' dir='ltr'><strong>quod</strong></span> <span class='ocrx_word' id='word_1_346' title='bbox 2756 2455 2877 2494; x_wconf 89' lang='lat' dir='ltr'><strong>non</strong></span> <span class='ocrx_word' id='word_1_347' title='bbox 2895 2439 3020 2494; x_wconf 89' lang='lat' dir='ltr'><strong>sola</strong></span> <span class='ocrx_word' id='word_1_348' title='bbox 3034 2439 3248 2496; x_wconf 86' lang='lat' dir='ltr'><strong>Christi</strong></span> <span class='ocrx_word' id='word_1_349' title='bbox 3266 2441 3471 2498; x_wconf 89' lang='lat' dir='ltr'><strong>anima</strong></span> 
     </span>
    </p>
   </div>
   <div class='ocr_carea' id='block_1_48' title="bbox 86 2520 1628 2603">
    <p class='ocr_par' dir='ltr' id='par_1_48' title="bbox 86 2520 1628 2597">
     <span class='ocr_line' id='line_1_48' title="bbox 86 2520 1628 2597; baseline 0.003 -24"><span class='ocrx_word' id='word_1_350' title='bbox 86 2531 214 2574; x_wconf 64' lang='grc' dir='ltr'><strong>στου</strong></span> <span class='ocrx_word' id='word_1_351' title='bbox 254 2521 504 2574; x_wconf 74' lang='grc' dir='ltr'><strong>καλεῖται</strong></span> <span class='ocrx_word' id='word_1_352' title='bbox 537 2521 724 2596; x_wconf 80' lang='grc' dir='ltr'><strong>λύτρον</strong></span> <span class='ocrx_word' id='word_1_353' title='bbox 754 2524 920 2594; x_wconf 74' lang='grc' dir='ltr'><strong>ἡμῶν,</strong></span> <span class='ocrx_word' id='word_1_354' title='bbox 963 2520 1094 2575; x_wconf 79' lang='grc' dir='ltr'><strong>ἀλλὰ</strong></span> <span class='ocrx_word' id='word_1_355' title='bbox 1123 2528 1220 2575; x_wconf 74' lang='grc' dir='ltr'><strong>’καὶ</strong></span> <span class='ocrx_word' id='word_1_356' title='bbox 1248 2527 1306 2576; x_wconf 87' lang='grc' dir='ltr'><strong>τὸ</strong></span> <span class='ocrx_word' id='word_1_357' title='bbox 1345 2521 1477 2597; x_wconf 81' lang='grc' dir='ltr'><strong>αἷμα</strong></span> <span class='ocrx_word' id='word_1_358' title='bbox 1515 2525 1628 2577; x_wconf 73' lang='grc' dir='ltr'><strong>αὖτε</strong></span> 
     </span>
    </p>
   </div>
   <div class='ocr_carea' id='block_1_49' title="bbox 1931 2520 3473 2603">
    <p class='ocr_par' dir='ltr' id='par_1_49' title="bbox 1931 2526 3473 2603">
     <span class='ocr_line' id='line_1_49' title="bbox 1931 2526 3473 2603; baseline 0.001 -19"><span class='ocrx_word' id='word_1_359' title='bbox 1931 2532 2051 2584; x_wconf 67' lang='lat' dir='ltr'><strong>itur</strong></span> <span class='ocrx_word' id='word_1_360' title='bbox 2073 2526 2404 2601; x_wconf 88' lang='lat' dir='ltr'><strong>redemptio</strong></span> <span class='ocrx_word' id='word_1_361' title='bbox 2431 2535 2650 2596; x_wconf 88' lang='lat' dir='ltr'><strong>nostra,</strong></span> <span class='ocrx_word' id='word_1_362' title='bbox 2681 2545 2887 2584; x_wconf 91' lang='lat' dir='ltr'><strong>verum</strong></span> <span class='ocrx_word' id='word_1_363' title='bbox 2915 2528 3093 2585; x_wconf 89' lang='lat' dir='ltr'><strong>etiam</strong></span> <span class='ocrx_word' id='word_1_364' title='bbox 3120 2530 3366 2600; x_wconf 80' lang='lat' dir='ltr'><strong>sanguis</strong></span> <span class='ocrx_word' id='word_1_365' title='bbox 3385 2531 3473 2603; x_wconf 86' lang='lat' dir='ltr'><strong>ip-</strong></span> 
     </span>
    </p>
   </div>
   <div class='ocr_carea' id='block_1_50' title="bbox 83 2610 1625 2690">
    <p class='ocr_par' dir='ltr' id='par_1_50' title="bbox 83 2610 1625 2688">
     <span class='ocr_line' id='line_1_50' title="bbox 83 2610 1625 2688; baseline 0.002 -28"><span class='ocrx_word' id='word_1_366' title='bbox 83 2619 166 2663; x_wconf 79' lang='grc' dir='ltr'><strong>καί</strong></span> <span class='ocrx_word' id='word_1_367' title='bbox 214 2611 431 2678; x_wconf 72' lang='grc' dir='ltr'><strong>λοιπὸν,</strong></span> <span class='ocrx_word' id='word_1_368' title='bbox 492 2610 528 2662; x_wconf 80' lang='grc' dir='ltr'><strong>οἱ</strong></span> <span class='ocrx_word' id='word_1_369' title='bbox 572 2618 661 2662; x_wconf 75' lang='grc' dir='ltr'><strong>νῦν</strong></span> <span class='ocrx_word' id='word_1_370' title='bbox 702 2616 821 2686; x_wconf 86' lang='grc' dir='ltr'><strong>περὶ</strong></span> <span class='ocrx_word' id='word_1_371' title='bbox 863 2618 959 2672; x_wconf 80' lang='grc' dir='ltr'><strong>τῆς</strong></span> <span class='ocrx_word' id='word_1_372' title='bbox 1005 2611 1189 2684; x_wconf 75' lang='grc' dir='ltr'><strong>ψυχῆς</strong></span> <span class='ocrx_word' id='word_1_373' title='bbox 1228 2613 1389 2664; x_wconf 75' lang='grc' dir='ltr'><strong>αὐτοῦ</strong></span> <span class='ocrx_word' id='word_1_374' title='bbox 1445 2617 1625 2688; x_wconf 71' lang='grc' dir='ltr'><strong>εἴρηντι</strong></span> 
     </span>
    </p>
   </div>
   <div class='ocr_carea' id='block_1_51' title="bbox 1923 2610 3465 2690">
    <p class='ocr_par' dir='ltr' id='par_1_51' title="bbox 1923 2617 3465 2690">
     <span class='ocr_line' id='line_1_51' title="bbox 1923 2617 3465 2690; baseline 0.002 -19"><span class='ocrx_word' id='word_1_375' title='bbox 1923 2635 1954 2671; x_wconf 76' lang='grc' dir='ltr'><strong>ι.</strong></span> <span class='ocrx_word' id='word_1_376' title='bbox 1997 2619 2200 2689; x_wconf 85' lang='lat' dir='ltr'><strong>Itaque</strong></span> <span class='ocrx_word' id='word_1_377' title='bbox 2229 2633 2366 2690; x_wconf 75' lang='lat' dir='ltr'><strong>quas</strong></span> <span class='ocrx_word' id='word_1_378' title='bbox 2389 2634 2543 2673; x_wconf 90' lang='lat' dir='ltr'><strong>nunc</strong></span> <span class='ocrx_word' id='word_1_379' title='bbox 2573 2617 2646 2673; x_wconf 91' lang='lat' dir='ltr'><strong>de</strong></span> <span class='ocrx_word' id='word_1_380' title='bbox 2680 2617 2885 2673; x_wconf 89' lang='lat' dir='ltr'><strong>anima</strong></span> <span class='ocrx_word' id='word_1_381' title='bbox 2915 2619 3048 2688; x_wconf 87' lang='lat' dir='ltr'><strong>ejus</strong></span> <span class='ocrx_word' id='word_1_382' title='bbox 3099 2618 3258 2675; x_wconf 90' lang='lat' dir='ltr'><strong>dicta</strong></span> <span class='ocrx_word' id='word_1_383' title='bbox 3311 2625 3465 2688; x_wconf 89' lang='lat' dir='ltr'><strong>sunt,</strong></span> 
     </span>
    </p>
   </div>
   <div class='ocr_carea' id='block_1_52' title="bbox 85 2700 1627 2778">
    <p class='ocr_par' dir='ltr' id='par_1_52' title="bbox 85 2700 1410 2773">
     <span class='ocr_line' id='line_1_52' title="bbox 85 2700 1410 2773; baseline 0.005 -23"><span class='ocrx_word' id='word_1_384' title='bbox 85 2708 262 2752; x_wconf 77' lang='grc' dir='ltr'><strong>ταῦτα</strong></span> <span class='ocrx_word' id='word_1_385' title='bbox 299 2705 390 2753; x_wconf 85' lang='grc' dir='ltr'><strong>καὶ</strong></span> <span class='ocrx_word' id='word_1_386' title='bbox 428 2705 547 2773; x_wconf 80' lang='grc' dir='ltr'><strong>περὶ</strong></span> <span class='ocrx_word' id='word_1_387' title='bbox 585 2707 677 2752; x_wconf 80' lang='grc' dir='ltr'><strong>τοῦ</strong></span> <span class='ocrx_word' id='word_1_388' title='bbox 705 2700 926 2772; x_wconf 78' lang='grc' dir='ltr'><strong>αἵματος</strong></span> <span class='ocrx_word' id='word_1_389' title='bbox 956 2701 1116 2752; x_wconf 76' lang='grc' dir='ltr'><strong>αὐτοῦ</strong></span> <span class='ocrx_word' id='word_1_390' title='bbox 1154 2701 1410 2773; x_wconf 71' lang='grc' dir='ltr'><strong>λέγονται.</strong></span> 
     </span>
    </p>
   </div>
   <div class='ocr_carea' id='block_1_53' title="bbox 1419 2700 2961 2778">
    <p class='ocr_par' dir='ltr' id='par_1_53' title="bbox 1809 2706 2961 2778">
     <span class='ocr_line' id='line_1_53' title="bbox 1809 2706 2961 2778; baseline -0.001 -16"><span class='ocrx_word' id='word_1_391' title='bbox 1809 2706 1881 2762; x_wconf 91' lang='lat' dir='ltr'><strong>de</strong></span> <span class='ocrx_word' id='word_1_392' title='bbox 1910 2706 2200 2776; x_wconf 83' lang='lat' dir='ltr'><strong>sanguine</strong></span> <span class='ocrx_word' id='word_1_393' title='bbox 2227 2722 2468 2778; x_wconf 90' lang='lat' dir='ltr'><strong>quoque</strong></span> <span class='ocrx_word' id='word_1_394' title='bbox 2509 2707 2640 2777; x_wconf 89' lang='lat' dir='ltr'><strong>ejus</strong></span> <span class='ocrx_word' id='word_1_395' title='bbox 2665 2706 2961 2762; x_wconf 88' lang='lat' dir='ltr'><strong>dicuntur.</strong></span> 
     </span>
    </p>
   </div>
   <div class='ocr_carea' id='block_1_54' title="bbox 400 2787 1942 2863">
    <p class='ocr_par' dir='ltr' id='par_1_54' title="bbox 400 2787 1384 2863">
     <span class='ocr_line' id='line_1_54' title="bbox 400 2787 1384 2863; baseline 0.001 -19"><span class='ocrx_word' id='word_1_396' title='bbox 400 2791 552 2845; x_wconf 75' lang='grc' dir='ltr'><strong>ΚΕΦ.</strong></span> <span class='ocrx_word' id='word_1_397' title='bbox 592 2789 721 2843; x_wconf 73' lang='lat' dir='ltr'><strong>MA’.</strong></span> <span class='ocrx_word' id='word_1_398' title='bbox 756 2794 880 2863; x_wconf 85' lang='grc' dir='ltr'><strong>Περὶ</strong></span> <span class='ocrx_word' id='word_1_399' title='bbox 905 2798 1003 2842; x_wconf 86' lang='grc' dir='ltr'><strong>τῶν</strong></span> <span class='ocrx_word' id='word_1_400' title='bbox 1035 2787 1132 2842; x_wconf 80' lang='grc' dir='ltr'><strong>δύο</strong></span> <span class='ocrx_word' id='word_1_401' title='bbox 1159 2789 1384 2863; x_wconf 79' lang='grc' dir='ltr'><strong>τυφλῶν.</strong></span> 
     </span>
    </p>
   </div>
   <div class='ocr_carea' id='block_1_55' title="bbox 1577 2787 3119 2863">
    <p class='ocr_par' dir='ltr' id='par_1_55' title="bbox 2147 2795 3119 2852">
     <span class='ocr_line' id='line_1_55' title="bbox 2147 2795 3119 2852; baseline 0.002 -2"><span class='ocrx_word' id='word_1_402' title='bbox 2147 2795 2302 2851; x_wconf 80' lang='lat' dir='ltr'><strong>CAP.</strong></span> <span class='ocrx_word' id='word_1_403' title='bbox 2346 2795 2528 2852; x_wconf 86' lang='lat' dir='ltr'><strong>XLIV.</strong></span> <span class='ocrx_word' id='word_1_404' title='bbox 2558 2798 2642 2852; x_wconf 89' lang='lat' dir='ltr'><strong>De</strong></span> <span class='ocrx_word' id='word_1_405' title='bbox 2683 2795 2910 2851; x_wconf 85' lang='lat' dir='ltr'><strong>duobus</strong></span> <span class='ocrx_word' id='word_1_406' title='bbox 2937 2797 3119 2852; x_wconf 66' lang='lat' dir='ltr'><strong>caecis.</strong></span> 
     </span>
    </p>
   </div>
   <div class='ocr_carea' id='block_1_56' title="bbox 155 2873 1697 2957">
    <p class='ocr_par' dir='ltr' id='par_1_56' title="bbox 155 2873 1697 2954">
     <span class='ocr_line' id='line_1_56' title="bbox 155 2873 1697 2954; baseline 0.001 -23"><span class='ocrx_word' id='word_1_407' title='bbox 155 2884 259 2932; x_wconf 72' lang='grc' dir='ltr'><strong>Καὶ</strong></span> <span class='ocrx_word' id='word_1_408' title='bbox 331 2908 399 2919; x_wconf 89' lang='grc'><strong><em>-</em></strong></span> <span class='ocrx_word' id='word_1_409' title='bbox 449 2873 644 2934; x_wconf 74' lang='grc' dir='ltr'><strong>Δαυΐδ.</strong></span> <span class='ocrx_word' id='word_1_410' title='bbox 717 2881 794 2931; x_wconf 81' lang='grc' dir='ltr'><strong>Τὰ</strong></span> <span class='ocrx_word' id='word_1_411' title='bbox 850 2878 1198 2951; x_wconf 82' lang='grc' dir='ltr'><strong>παραπλήσια</strong></span> <span class='ocrx_word' id='word_1_412' title='bbox 1256 2883 1550 2954; x_wconf 74' lang='grc' dir='ltr'><strong>γέγραπται</strong></span> <span class='ocrx_word' id='word_1_413' title='bbox 1610 2886 1697 2934; x_wconf 79' lang='grc' dir='ltr'><strong>καὶ</strong></span> 
     </span>
    </p>
   </div>
   <div class='ocr_carea' id='block_1_57' title="bbox 1928 2873 3470 2957">
    <p class='ocr_par' dir='ltr' id='par_1_57' title="bbox 1928 2884 3470 2957">
     <span class='ocr_line' id='line_1_57' title="bbox 1928 2884 3470 2957; baseline 0.001 -17"><span class='ocrx_word' id='word_1_414' title='bbox 1928 2902 2037 2940; x_wconf 88' lang='lat' dir='ltr'><strong>ers.</strong></span> <span class='ocrx_word' id='word_1_415' title='bbox 2064 2887 2153 2940; x_wconf 82' lang='lat'><strong>29.</strong></span> <span class='ocrx_word' id='word_1_416' title='bbox 2187 2885 2264 2940; x_wconf 78' lang='lat' dir='ltr'><strong>Et</strong></span> <span class='ocrx_word' id='word_1_417' title='bbox 2308 2915 2378 2926; x_wconf 89' lang='lat'>—</span> <span class='ocrx_word' id='word_1_418' title='bbox 2409 2887 2565 2940; x_wconf 89' lang='lat' dir='ltr'><strong>Vers.</strong></span> <span class='ocrx_word' id='word_1_419' title='bbox 2599 2885 2686 2940; x_wconf 91' lang='grc'><strong>30.</strong></span> <span class='ocrx_word' id='word_1_420' title='bbox 2723 2884 2934 2941; x_wconf 76' lang='lat' dir='ltr'><strong>David.</strong></span> <span class='ocrx_word' id='word_1_421' title='bbox 2969 2884 3202 2942; x_wconf 88' lang='lat' dir='ltr'><strong>Similia</strong></span> <span class='ocrx_word' id='word_1_422' title='bbox 3233 2900 3470 2957; x_wconf 88' lang='lat' dir='ltr'><strong>quoque</strong></span> 
     </span>
    </p>
   </div>
   <div class='ocr_carea' id='block_1_58' title="bbox 82 2964 1624 3047">
    <p class='ocr_par' dir='ltr' id='par_1_58' title="bbox 82 2964 1624 3041">
     <span class='ocr_line' id='line_1_58' title="bbox 82 2964 1624 3041; baseline 0.004 -25"><span class='ocrx_word' id='word_1_423' title='bbox 82 2974 195 3039; x_wconf 78' lang='grc' dir='ltr'><strong>περὶ</strong></span> <span class='ocrx_word' id='word_1_424' title='bbox 279 2976 390 3019; x_wconf 82' lang='grc' dir='ltr'><strong>τῶν</strong></span> <span class='ocrx_word' id='word_1_425' title='bbox 469 2967 518 3018; x_wconf 71' lang='grc' dir='ltr'><strong>ἓν</strong></span> <span class='ocrx_word' id='word_1_426' title='bbox 589 2975 664 3037; x_wconf 84' lang='grc' dir='ltr'><strong>τῷ</strong></span> <span class='ocrx_word' id='word_1_427' title='bbox 733 2964 1160 3039; x_wconf 74' lang='grc' dir='ltr'><strong>ἑπτακαιδεκάτῳ</strong></span> <span class='ocrx_word' id='word_1_428' title='bbox 1237 2968 1498 3041; x_wconf 72' lang='grc' dir='ltr'><strong>κεφαλαίῳ</strong></span> <span class='ocrx_word' id='word_1_429' title='bbox 1603 2966 1624 3022; x_wconf 73' lang='grc' dir='ltr'>ὁ</span> 
     </span>
    </p>
   </div>
   <div class='ocr_carea' id='block_1_59' title="bbox 1931 2964 3473 3047">
    <p class='ocr_par' dir='ltr' id='par_1_59' title="bbox 1931 2973 3473 3047">
     <span class='ocr_line' id='line_1_59' title="bbox 1931 2973 3473 3047; baseline 0.001 -18"><span class='ocrx_word' id='word_1_430' title='bbox 1931 2981 2027 3046; x_wconf 87' lang='lat' dir='ltr'><strong>pta</strong></span> <span class='ocrx_word' id='word_1_431' title='bbox 2044 2979 2184 3030; x_wconf 90' lang='lat' dir='ltr'><strong>sunt</strong></span> <span class='ocrx_word' id='word_1_432' title='bbox 2202 2973 2439 3030; x_wconf 88' lang='lat' dir='ltr'><strong>decimo</strong></span> <span class='ocrx_word' id='word_1_433' title='bbox 2461 2975 2715 3046; x_wconf 92' lang='lat' dir='ltr'><strong>septimo</strong></span> <span class='ocrx_word' id='word_1_434' title='bbox 2737 2975 2930 3047; x_wconf 88' lang='lat' dir='ltr'><strong>capite</strong></span> <span class='ocrx_word' id='word_1_435' title='bbox 2953 2991 2967 3042; x_wconf 90' lang='lat'><strong>;</strong></span> <span class='ocrx_word' id='word_1_436' title='bbox 2998 2974 3080 3030; x_wconf 91' lang='lat' dir='ltr'><strong>ibi</strong></span> <span class='ocrx_word' id='word_1_437' title='bbox 3107 2989 3246 3045; x_wconf 87' lang='lat' dir='ltr'><strong>ergo</strong></span> <span class='ocrx_word' id='word_1_438' title='bbox 3273 2990 3473 3047; x_wconf 65' lang='lat' dir='ltr'><strong>quazre</strong></span> 
     </span>
    </p>
   </div>
   <div class='ocr_carea' id='block_1_60' title="bbox 79 3054 1621 3159">
    <p class='ocr_par' dir='ltr' id='par_1_60' title="bbox 79 3054 1621 3131">
     <span class='ocr_line' id='line_1_60' title="bbox 79 3054 1621 3131; baseline 0.002 -24"><span class='ocrx_word' id='word_1_439' title='bbox 79 3057 313 3130; x_wconf 61' lang='grc' dir='ltr'><strong>τυγλὼν,</strong></span> <span class='ocrx_word' id='word_1_440' title='bbox 374 3061 471 3108; x_wconf 78' lang='grc' dir='ltr'><strong>καὶ</strong></span> <span class='ocrx_word' id='word_1_441' title='bbox 508 3055 743 3117; x_wconf 76' lang='grc' dir='ltr'><strong>ζήτησον</strong></span> <span class='ocrx_word' id='word_1_442' title='bbox 795 3055 845 3108; x_wconf 72' lang='grc' dir='ltr'><strong>ἓν</strong></span> <span class='ocrx_word' id='word_1_443' title='bbox 887 3054 1061 3128; x_wconf 69' lang='grc' dir='ltr'><strong>ἐκείνῳ</strong></span> <span class='ocrx_word' id='word_1_444' title='bbox 1102 3061 1197 3116; x_wconf 80' lang='grc' dir='ltr'><strong>την</strong></span> <span class='ocrx_word' id='word_1_445' title='bbox 1246 3056 1500 3130; x_wconf 70' lang='grc' dir='ltr'><strong>ἐξήγησιν</strong></span> <span class='ocrx_word' id='word_1_446' title='bbox 1549 3056 1621 3131; x_wconf 35' lang='grc' dir='ltr'><strong>ἁκι</strong></span> 
     </span>
    </p>
   </div>
   <div class='ocr_carea' id='block_1_61' title="bbox 1428 3054 2970 3159">
    <p class='ocr_par' dir='ltr' id='par_1_61' title="bbox 1428 3056 2970 3159">
     <span class='ocr_line' id='line_1_61' title="bbox 1428 3056 2970 3159; baseline 0.001 -43"><span class='ocrx_word' id='word_1_447' title='bbox 1428 3077 1500 3110; x_wconf 71' lang='grc' dir='ltr'><strong>τιν</strong></span> <span class='ocrx_word' id='word_1_448' title='bbox 1549 3056 1699 3131; x_wconf 80' lang='grc' dir='ltr'><strong>ἀκρι-</strong></span> <span class='ocrx_word' id='word_1_449' title='bbox 1742 3104 1782 3159; x_wconf 74' lang='lat' dir='ltr'>C</span> <span class='ocrx_word' id='word_1_450' title='bbox 1815 3063 2249 3119; x_wconf 87' lang='lat' dir='ltr'><strong>enarrationem</strong></span> <span class='ocrx_word' id='word_1_451' title='bbox 2282 3062 2507 3133; x_wconf 84' lang='lat' dir='ltr'><strong>integre</strong></span> <span class='ocrx_word' id='word_1_452' title='bbox 2545 3063 2970 3135; x_wconf 88' lang='lat' dir='ltr'><strong>conscriptam.</strong></span> 
     </span>
    </p>
   </div>
   <div class='ocr_carea' id='block_1_62' title="bbox 80 3144 728 3218">
    <p class='ocr_par' dir='ltr' id='par_1_62' title="bbox 80 3144 728 3218">
     <span class='ocr_line' id='line_1_62' title="bbox 80 3144 728 3218; baseline 0.002 -21"><span class='ocrx_word' id='word_1_453' title='bbox 80 3144 179 3206; x_wconf 64' lang='grc' dir='ltr'><strong>ϐὡς</strong></span> <span class='ocrx_word' id='word_1_454' title='bbox 219 3146 728 3218; x_wconf 69' lang='grc' dir='ltr'><strong>ἀναγεγραμμένην.</strong></span> 
     </span>
    </p>
   </div>
   <div class='ocr_carea' id='block_1_63' title="bbox 144 3233 1686 3312">
    <p class='ocr_par' dir='ltr' id='par_1_63' title="bbox 144 3233 1686 3308">
     <span class='ocr_line' id='line_1_63' title="bbox 144 3233 1686 3308; baseline 0.001 -21"><span class='ocrx_word' id='word_1_455' title='bbox 144 3235 202 3287; x_wconf 87' lang='grc' dir='ltr'><strong>Ὀ</strong></span> <span class='ocrx_word' id='word_1_456' title='bbox 274 3233 346 3287; x_wconf 72' lang='grc' dir='ltr'><strong>δε</strong></span> <span class='ocrx_word' id='word_1_457' title='bbox 404 3233 565 3305; x_wconf 81' lang='grc' dir='ltr'><strong>ὄχλος</strong></span> <span class='ocrx_word' id='word_1_458' title='bbox 619 3264 690 3274; x_wconf 91' lang='grc'><strong><em>-</em></strong></span> <span class='ocrx_word' id='word_1_459' title='bbox 746 3240 1116 3293; x_wconf 78' lang='grc' dir='ltr'><strong>σιωπήσωσιν,</strong></span> <span class='ocrx_word' id='word_1_460' title='bbox 1185 3235 1555 3308; x_wconf 81' lang='grc' dir='ltr'><strong>ἐπεστόμισεν</strong></span> <span class='ocrx_word' id='word_1_461' title='bbox 1610 3236 1686 3288; x_wconf 77' lang='grc' dir='ltr'><strong>αὐι</strong></span> 
     </span>
    </p>
   </div>
   <div class='ocr_carea' id='block_1_64' title="bbox 1934 3233 3476 3312">
    <p class='ocr_par' dir='ltr' id='par_1_64' title="bbox 1934 3240 3476 3312">
     <span class='ocr_line' id='line_1_64' title="bbox 1934 3240 3476 3312; baseline 0 -16"><span class='ocrx_word' id='word_1_462' title='bbox 1934 3257 2049 3296; x_wconf 89' lang='lat' dir='ltr'><strong>ers.</strong></span> <span class='ocrx_word' id='word_1_463' title='bbox 2079 3242 2165 3296; x_wconf 85' lang='grc'><strong>31.</strong></span> <span class='ocrx_word' id='word_1_464' title='bbox 2203 3240 2400 3296; x_wconf 84' lang='lat' dir='ltr'><strong>Turba</strong></span> <span class='ocrx_word' id='word_1_465' title='bbox 2439 3246 2629 3296; x_wconf 82' lang='lat' dir='ltr'><strong>autem</strong></span> <span class='ocrx_word' id='word_1_466' title='bbox 2656 3270 2726 3280; x_wconf 94' lang='lat'><strong><em>—</em></strong></span> <span class='ocrx_word' id='word_1_467' title='bbox 2773 3243 3053 3297; x_wconf 81' lang='lat' dir='ltr'><strong>tacerent.</strong></span> <span class='ocrx_word' id='word_1_468' title='bbox 3114 3241 3476 3312; x_wconf 87' lang='lat' dir='ltr'><strong>Imponebat</strong></span> 
     </span>
    </p>
   </div>
   <div class='ocr_carea' id='block_1_65' title="bbox 74 3321 1616 3401">
    <p class='ocr_par' dir='ltr' id='par_1_65' title="bbox 74 3321 1616 3396">
     <span class='ocr_line' id='line_1_65' title="bbox 74 3321 1616 3396; baseline 0.002 -22"><span class='ocrx_word' id='word_1_469' title='bbox 74 3329 212 3390; x_wconf 66' lang='grc' dir='ltr'><strong>τοὺς,</strong></span> <span class='ocrx_word' id='word_1_470' title='bbox 265 3323 348 3384; x_wconf 83' lang='grc' dir='ltr'><strong>εἰς</strong></span> <span class='ocrx_word' id='word_1_471' title='bbox 397 3327 561 3396; x_wconf 75' lang='grc' dir='ltr'><strong>τιμὴν</strong></span> <span class='ocrx_word' id='word_1_472' title='bbox 616 3330 708 3375; x_wconf 81' lang='grc' dir='ltr'><strong>τοῦ</strong></span> <span class='ocrx_word' id='word_1_473' title='bbox 749 3321 947 3390; x_wconf 79' lang='grc' dir='ltr'><strong>Ἰησου,</strong></span> <span class='ocrx_word' id='word_1_474' title='bbox 1007 3325 1077 3384; x_wconf 82' lang='grc' dir='ltr'><strong>ὡς</strong></span> <span class='ocrx_word' id='word_1_475' title='bbox 1133 3322 1472 3395; x_wconf 74' lang='grc' dir='ltr'><strong>ἐνοχλοῦντας</strong></span> <span class='ocrx_word' id='word_1_476' title='bbox 1524 3323 1616 3377; x_wconf 75' lang='grc' dir='ltr'><strong>αὐτ</strong></span> 
     </span>
    </p>
   </div>
   <div class='ocr_carea' id='block_1_66' title="bbox 1929 3321 3471 3401">
    <p class='ocr_par' dir='ltr' id='par_1_66' title="bbox 1967 3327 3471 3401">
     <span class='ocr_line' id='line_1_66' title="bbox 1967 3327 3471 3401; baseline 0.001 -18"><span class='ocrx_word' id='word_1_477' title='bbox 1967 3327 2268 3384; x_wconf 91' lang='lat' dir='ltr'><strong>silentium</strong></span> <span class='ocrx_word' id='word_1_478' title='bbox 2297 3329 2358 3383; x_wconf 90' lang='lat' dir='ltr'><strong>in</strong></span> <span class='ocrx_word' id='word_1_479' title='bbox 2385 3327 2679 3384; x_wconf 87' lang='lat' dir='ltr'><strong>honorem</strong></span> <span class='ocrx_word' id='word_1_480' title='bbox 2703 3329 2862 3399; x_wconf 83' lang='lat' dir='ltr'><strong>Jesu,</strong></span> <span class='ocrx_word' id='word_1_481' title='bbox 2880 3345 3062 3401; x_wconf 86' lang='lat' dir='ltr'><strong>quem</strong></span> <span class='ocrx_word' id='word_1_482' title='bbox 3094 3328 3174 3384; x_wconf 89' lang='lat' dir='ltr'><strong>illi</strong></span> <span class='ocrx_word' id='word_1_483' title='bbox 3195 3329 3471 3386; x_wconf 85' lang='lat' dir='ltr'><strong>molestia</strong></span> 
     </span>
    </p>
   </div>
   <div class='ocr_carea' id='block_1_67' title="bbox 1819 3416 2187 3473">
    <p class='ocr_par' dir='ltr' id='par_1_67' title="bbox 1819 3416 2187 3473">
     <span class='ocr_line' id='line_1_67' title="bbox 1819 3416 2187 3473; baseline -0.008 0"><span class='ocrx_word' id='word_1_484' title='bbox 1819 3416 2187 3473; x_wconf 75' lang='lat' dir='ltr'><strong>efﬁciebant.</strong></span> 
     </span>
    </p>
   </div>
   <div class='ocr_carea' id='block_1_68' title="bbox 143 3499 1685 3579">
    <p class='ocr_par' dir='ltr' id='par_1_68' title="bbox 143 3499 1682 3577">
     <span class='ocr_line' id='line_1_68' title="bbox 143 3499 1682 3577; baseline 0 -22"><span class='ocrx_word' id='word_1_485' title='bbox 143 3507 215 3555; x_wconf 85' lang='grc' dir='ltr'><strong>Οἱ</strong></span> <span class='ocrx_word' id='word_1_486' title='bbox 274 3533 355 3544; x_wconf 92' lang='grc'><strong><em>-</em></strong></span> <span class='ocrx_word' id='word_1_487' title='bbox 405 3499 604 3556; x_wconf 80' lang='grc' dir='ltr'><strong>Δαυίδ.</strong></span> <span class='ocrx_word' id='word_1_488' title='bbox 659 3501 798 3574; x_wconf 90' lang='grc' dir='ltr'><strong>Ὀρα</strong></span> <span class='ocrx_word' id='word_1_489' title='bbox 841 3507 1138 3577; x_wconf 75' lang='grc' dir='ltr'><strong>καρτερίαν.</strong></span> <span class='ocrx_word' id='word_1_490' title='bbox 1190 3505 1412 3563; x_wconf 71' lang='grc' dir='ltr'><strong>Τοὺτους</strong></span> <span class='ocrx_word' id='word_1_491' title='bbox 1463 3508 1682 3575; x_wconf 86' lang='grc' dir='ltr'><strong>μιμησώ</strong></span> 
     </span>
    </p>
   </div>
   <div class='ocr_carea' id='block_1_69' title="bbox 1930 3499 3472 3579">
    <p class='ocr_par' dir='ltr' id='par_1_69' title="bbox 1930 3504 3472 3579">
     <span class='ocr_line' id='line_1_69' title="bbox 1930 3504 3472 3579; baseline 0.001 -18"><span class='ocrx_word' id='word_1_492' title='bbox 1930 3506 2053 3561; x_wconf 75' lang='lat' dir='ltr'><strong>&#39;ers.</strong></span> <span class='ocrx_word' id='word_1_493' title='bbox 2081 3510 2168 3562; x_wconf 82' lang='lat' dir='ltr'><strong>3t.</strong></span> <span class='ocrx_word' id='word_1_494' title='bbox 2200 3504 2305 3562; x_wconf 79' lang='lat' dir='ltr'><strong>Illi</strong></span> <span class='ocrx_word' id='word_1_495' title='bbox 2343 3537 2412 3545; x_wconf 91' lang='lat'><strong><em>—</em></strong></span> <span class='ocrx_word' id='word_1_496' title='bbox 2464 3505 2682 3562; x_wconf 83' lang='lat' dir='ltr'><strong>David.</strong></span> <span class='ocrx_word' id='word_1_497' title='bbox 2743 3504 2892 3562; x_wconf 89' lang='lat' dir='ltr'><strong>Vide</strong></span> <span class='ocrx_word' id='word_1_498' title='bbox 2943 3505 3472 3579; x_wconf 86' lang='lat' dir='ltr'><strong>perseverantiam.</strong></span> 
     </span>
    </p>
   </div>
   <div class='ocr_carea' id='block_1_70' title="bbox 68 3590 1610 3668">
    <p class='ocr_par' dir='ltr' id='par_1_70' title="bbox 68 3590 1610 3664">
     <span class='ocr_line' id='line_1_70' title="bbox 68 3590 1610 3664; baseline -0.001 -20"><span class='ocrx_word' id='word_1_499' title='bbox 68 3594 210 3661; x_wconf 65' lang='grc' dir='ltr'><strong>μεθα</strong></span> <span class='ocrx_word' id='word_1_500' title='bbox 284 3596 385 3643; x_wconf 76' lang='grc' dir='ltr'><strong>καὶ</strong></span> <span class='ocrx_word' id='word_1_501' title='bbox 445 3592 612 3662; x_wconf 81' lang='grc' dir='ltr'><strong>ἡμεῖς,</strong></span> <span class='ocrx_word' id='word_1_502' title='bbox 681 3593 730 3642; x_wconf 83' lang='grc' dir='ltr'><strong>οἱ</strong></span> <span class='ocrx_word' id='word_1_503' title='bbox 793 3595 1155 3664; x_wconf 82' lang='grc' dir='ltr'><strong>πεπηρωμένοι</strong></span> <span class='ocrx_word' id='word_1_504' title='bbox 1230 3593 1348 3651; x_wconf 80' lang='grc' dir='ltr'><strong>τοὺς</strong></span> <span class='ocrx_word' id='word_1_505' title='bbox 1413 3590 1610 3663; x_wconf 73' lang='grc' dir='ltr'><strong>ὀφθαλμ</strong></span> 
     </span>
    </p>
   </div>
   <div class='ocr_carea' id='block_1_71' title="bbox 1935 3590 3477 3668">
    <p class='ocr_par' dir='ltr' id='par_1_71' title="bbox 1959 3593 3477 3668">
     <span class='ocr_line' id='line_1_71' title="bbox 1959 3593 3477 3668; baseline 0 -17"><span class='ocrx_word' id='word_1_506' title='bbox 1959 3595 2262 3651; x_wconf 86' lang='lat' dir='ltr'><strong>imitemur</strong></span> <span class='ocrx_word' id='word_1_507' title='bbox 2281 3600 2342 3650; x_wconf 89' lang='lat' dir='ltr'><strong>et</strong></span> <span class='ocrx_word' id='word_1_508' title='bbox 2369 3609 2503 3658; x_wconf 90' lang='lat' dir='ltr'><strong>nos,</strong></span> <span class='ocrx_word' id='word_1_509' title='bbox 2546 3595 2654 3668; x_wconf 90' lang='lat' dir='ltr'><strong>qui</strong></span> <span class='ocrx_word' id='word_1_510' title='bbox 2685 3593 2905 3651; x_wconf 66' lang='lat' dir='ltr'><strong>animas</strong></span> <span class='ocrx_word' id='word_1_511' title='bbox 2953 3594 3141 3651; x_wconf 90' lang='lat' dir='ltr'><strong>oculis</strong></span> <span class='ocrx_word' id='word_1_512' title='bbox 3200 3596 3477 3652; x_wconf 65' lang='lat' dir='ltr'><strong>excmcati</strong></span> 
     </span>
    </p>
   </div>
   <div class='ocr_carea' id='block_1_72' title="bbox 73 3676 1615 3753">
    <p class='ocr_par' dir='ltr' id='par_1_72' title="bbox 73 3676 1615 3753">
     <span class='ocr_line' id='line_1_72' title="bbox 73 3676 1615 3753; baseline 0.001 -23"><span class='ocrx_word' id='word_1_513' title='bbox 73 3689 170 3740; x_wconf 69' lang='grc' dir='ltr'><strong>τῆς</strong></span> <span class='ocrx_word' id='word_1_514' title='bbox 195 3681 424 3750; x_wconf 55' lang='grc' dir='ltr'><strong>ψυχῆς,</strong></span> <span class='ocrx_word' id='word_1_515' title='bbox 457 3684 547 3731; x_wconf 78' lang='grc' dir='ltr'><strong>καὶ</strong></span> <span class='ocrx_word' id='word_1_516' title='bbox 575 3678 842 3752; x_wconf 80' lang='grc' dir='ltr'><strong>κράξωμεν</strong></span> <span class='ocrx_word' id='word_1_517' title='bbox 872 3682 1005 3753; x_wconf 85' lang='grc' dir='ltr'><strong>πρὸς</strong></span> <span class='ocrx_word' id='word_1_518' title='bbox 1039 3679 1198 3731; x_wconf 80' lang='grc' dir='ltr'><strong>αὐτὸν</strong></span> <span class='ocrx_word' id='word_1_519' title='bbox 1229 3678 1282 3742; x_wconf 69' lang='grc' dir='ltr'><strong>ἐξ</strong></span> <span class='ocrx_word' id='word_1_520' title='bbox 1310 3678 1436 3742; x_wconf 85' lang='grc' dir='ltr'><strong>ὅλης</strong></span> <span class='ocrx_word' id='word_1_521' title='bbox 1463 3676 1615 3753; x_wconf 72' lang='grc' dir='ltr'><strong>καρδι</strong></span> 
     </span>
    </p>
   </div>
   <div class='ocr_carea' id='block_1_73' title="bbox 1938 3676 3480 3753">
    <p class='ocr_par' dir='ltr' id='par_1_73' title="bbox 1938 3682 3480 3751">
     <span class='ocr_line' id='line_1_73' title="bbox 1938 3682 3480 3751; baseline 0 -11"><span class='ocrx_word' id='word_1_522' title='bbox 1938 3699 2051 3751; x_wconf 82' lang='lat' dir='ltr'><strong>ius,</strong></span> <span class='ocrx_word' id='word_1_523' title='bbox 2085 3689 2142 3740; x_wconf 89' lang='lat' dir='ltr'><strong>et</strong></span> <span class='ocrx_word' id='word_1_524' title='bbox 2169 3682 2502 3739; x_wconf 87' lang='lat' dir='ltr'><strong>clamemus</strong></span> <span class='ocrx_word' id='word_1_525' title='bbox 2550 3683 2624 3739; x_wconf 89' lang='lat' dir='ltr'><strong>ad</strong></span> <span class='ocrx_word' id='word_1_526' title='bbox 2654 3700 2793 3739; x_wconf 89' lang='lat' dir='ltr'><strong>eum</strong></span> <span class='ocrx_word' id='word_1_527' title='bbox 2820 3699 2892 3740; x_wconf 83' lang='lat' dir='ltr'><strong>ex</strong></span> <span class='ocrx_word' id='word_1_528' title='bbox 2919 3688 3041 3740; x_wconf 89' lang='lat' dir='ltr'><strong>toto</strong></span> <span class='ocrx_word' id='word_1_529' title='bbox 3083 3683 3281 3740; x_wconf 88' lang='lat' dir='ltr'><strong>corde.</strong></span> <span class='ocrx_word' id='word_1_530' title='bbox 3312 3684 3480 3749; x_wconf 86' lang='lat' dir='ltr'><strong>Quod</strong></span> 
     </span>
    </p>
   </div>
   <div class='ocr_carea' id='block_1_74' title="bbox 74 3762 1616 3845">
    <p class='ocr_par' dir='ltr' id='par_1_74' title="bbox 74 3762 1616 3838">
     <span class='ocr_line' id='line_1_74' title="bbox 74 3762 1616 3838; baseline 0.001 -20"><span class='ocrx_word' id='word_1_531' title='bbox 74 3771 179 3818; x_wconf 68' lang='grc' dir='ltr'><strong>πᾶν</strong></span> <span class='ocrx_word' id='word_1_532' title='bbox 230 3770 342 3820; x_wconf 71' lang='grc' dir='ltr'><strong>ὑπὸ</strong></span> <span class='ocrx_word' id='word_1_533' title='bbox 393 3777 547 3818; x_wconf 80' lang='grc' dir='ltr'><strong>τινων</strong></span> <span class='ocrx_word' id='word_1_534' title='bbox 587 3762 1013 3838; x_wconf 75' lang='grc' dir='ltr'><strong>ἐμποδισθῶμεν,</strong></span> <span class='ocrx_word' id='word_1_535' title='bbox 1067 3765 1394 3838; x_wconf 73' lang='grc' dir='ltr'><strong>ἐπιτείνωμεν</strong></span> <span class='ocrx_word' id='word_1_536' title='bbox 1439 3771 1534 3825; x_wconf 82' lang='grc' dir='ltr'><strong>τὴν</strong></span> <span class='ocrx_word' id='word_1_537' title='bbox 1587 3763 1616 3820; x_wconf 85' lang='grc' dir='ltr'><em>δ</em></span> 
     </span>
    </p>
   </div>
   <div class='ocr_carea' id='block_1_75' title="bbox 1937 3762 3479 3845">
    <p class='ocr_par' dir='ltr' id='par_1_75' title="bbox 1937 3771 3479 3845">
     <span class='ocr_line' id='line_1_75' title="bbox 1937 3771 3479 3845; baseline 0.001 -17"><span class='ocrx_word' id='word_1_538' title='bbox 1937 3772 1999 3828; x_wconf 77' lang='grc' dir='ltr'><strong>ιι)</strong></span> <span class='ocrx_word' id='word_1_539' title='bbox 2051 3771 2351 3845; x_wconf 85' lang='lat' dir='ltr'><strong>aliquibus</strong></span> <span class='ocrx_word' id='word_1_540' title='bbox 2411 3771 2682 3844; x_wconf 89' lang='lat' dir='ltr'><strong>impediti</strong></span> <span class='ocrx_word' id='word_1_541' title='bbox 2738 3771 3050 3839; x_wconf 78' lang='lat' dir='ltr'><strong>fuerimus,</strong></span> <span class='ocrx_word' id='word_1_542' title='bbox 3103 3772 3479 3829; x_wconf 89' lang='lat' dir='ltr'><strong>intentiorem</strong></span> 
     </span>
    </p>
   </div>
   <div class='ocr_carea' id='block_1_76' title="bbox 71 3853 1613 3933">
    <p class='ocr_par' dir='ltr' id='par_1_76' title="bbox 71 3853 1613 3929">
     <span class='ocr_line' id='line_1_76' title="bbox 71 3853 1613 3929; baseline 0 -20"><span class='ocrx_word' id='word_1_543' title='bbox 71 3876 193 3922; x_wconf 68' lang='lat' dir='ltr'><strong>era,</strong></span> <span class='ocrx_word' id='word_1_544' title='bbox 248 3863 347 3908; x_wconf 74' lang='grc' dir='ltr'><strong>καὶ</strong></span> <span class='ocrx_word' id='word_1_545' title='bbox 377 3860 453 3928; x_wconf 74' lang='grc' dir='ltr'><strong>μὴ</strong></span> <span class='ocrx_word' id='word_1_546' title='bbox 501 3853 830 3928; x_wconf 75' lang='grc' dir='ltr'><strong>ἁποστῶμεν,</strong></span> <span class='ocrx_word' id='word_1_547' title='bbox 865 3861 956 3909; x_wconf 79' lang='grc' dir='ltr'><strong>καὶ</strong></span> <span class='ocrx_word' id='word_1_548' title='bbox 982 3857 1188 3917; x_wconf 80' lang='grc' dir='ltr'><strong>πάντως</strong></span> <span class='ocrx_word' id='word_1_549' title='bbox 1227 3855 1500 3929; x_wconf 63' lang='grc' dir='ltr'><strong>κάμψομεν</strong></span> <span class='ocrx_word' id='word_1_550' title='bbox 1531 3855 1613 3909; x_wconf 69' lang='grc' dir='ltr'><strong>αὐτ</strong></span> 
     </span>
    </p>
   </div>
   <div class='ocr_carea' id='block_1_77' title="bbox 1937 3853 3479 3933">
    <p class='ocr_par' dir='ltr' id='par_1_77' title="bbox 1937 3860 3479 3933">
     <span class='ocr_line' id='line_1_77' title="bbox 1937 3860 3479 3933; baseline 0.001 -18"><span class='ocrx_word' id='word_1_551' title='bbox 1937 3860 2147 3916; x_wconf 74' lang='lat' dir='ltr'><strong>iamus</strong></span> <span class='ocrx_word' id='word_1_552' title='bbox 2177 3860 2679 3933; x_wconf 84' lang='lat' dir='ltr'><strong>deprecationem,</strong></span> <span class='ocrx_word' id='word_1_553' title='bbox 2713 3875 2823 3916; x_wconf 89' lang='lat' dir='ltr'><strong>nec</strong></span> <span class='ocrx_word' id='word_1_554' title='bbox 2851 3861 3306 3926; x_wconf 89' lang='lat' dir='ltr'><strong>desistamus,et</strong></span> <span class='ocrx_word' id='word_1_555' title='bbox 3341 3877 3479 3916; x_wconf 89' lang='lat' dir='ltr'><strong>eum</strong></span> 
     </span>
    </p>
   </div>
   <div class='ocr_carea' id='block_1_78' title="bbox 72 3944 1614 4005">
    <p class='ocr_par' dir='ltr' id='par_1_78' title="bbox 72 3944 493 4004">
     <span class='ocr_line' id='line_1_78' title="bbox 72 3944 493 4004; baseline 0 -8"><span class='ocrx_word' id='word_1_556' title='bbox 72 3948 158 4004; x_wconf 78' lang='grc' dir='ltr'><strong>ὡς</strong></span> <span class='ocrx_word' id='word_1_557' title='bbox 189 3949 296 3997; x_wconf 75' lang='grc' dir='ltr'><strong>καὶ</strong></span> <span class='ocrx_word' id='word_1_558' title='bbox 332 3944 493 4001; x_wconf 82' lang='grc' dir='ltr'><strong>οὗτοι.</strong></span> 
     </span>
    </p>
   </div>
   <div class='ocr_carea' id='block_1_79' title="bbox 1270 3944 2812 4005">
    <p class='ocr_par' dir='ltr' id='par_1_79' title="bbox 1819 3947 2812 4005">
     <span class='ocr_line' id='line_1_79' title="bbox 1819 3947 2812 4005; baseline -0.003 0"><span class='ocrx_word' id='word_1_559' title='bbox 1819 3949 2068 4005; x_wconf 91' lang='lat' dir='ltr'><strong>omnino</strong></span> <span class='ocrx_word' id='word_1_560' title='bbox 2092 3947 2408 4004; x_wconf 87' lang='lat' dir='ltr'><strong>ﬂectamus</strong></span> <span class='ocrx_word' id='word_1_561' title='bbox 2440 3948 2594 4004; x_wconf 90' lang='lat' dir='ltr'><strong>sicut</strong></span> <span class='ocrx_word' id='word_1_562' title='bbox 2622 3953 2679 4003; x_wconf 92' lang='lat' dir='ltr'><strong>et</strong></span> <span class='ocrx_word' id='word_1_563' title='bbox 2697 3948 2812 4004; x_wconf 88' lang='lat' dir='ltr'><strong>isti.</strong></span> 
     </span>
    </p>
   </div>
   <div class='ocr_carea' id='block_1_80' title="bbox 163 4033 1705 4107">
    <p class='ocr_par' dir='ltr' id='par_1_80' title="bbox 163 4033 1705 4107">
     <span class='ocr_line' id='line_1_80' title="bbox 163 4033 1705 4107; baseline 0 -20"><span class='ocrx_word' id='word_1_564' title='bbox 163 4039 286 4087; x_wconf 67' lang='grc' dir='ltr'><strong>Καὶ</strong></span> <span class='ocrx_word' id='word_1_565' title='bbox 339 4062 409 4076; x_wconf 90' lang='lat'>-</span> <span class='ocrx_word' id='word_1_566' title='bbox 457 4035 596 4107; x_wconf 76' lang='grc' dir='ltr'><strong>ἡμῶν</strong></span> <span class='ocrx_word' id='word_1_567' title='bbox 644 4035 696 4086; x_wconf 84' lang='grc' dir='ltr'><strong>οἱ</strong></span> <span class='ocrx_word' id='word_1_568' title='bbox 741 4033 1019 4106; x_wconf 72' lang='grc' dir='ltr'><strong>ὀφθαλμοί.</strong></span> <span class='ocrx_word' id='word_1_569' title='bbox 1078 4034 1387 4105; x_wconf 73' lang='grc' dir='ltr'><strong>Ἐφὼνησεν,</strong></span> <span class='ocrx_word' id='word_1_570' title='bbox 1427 4034 1540 4107; x_wconf 88' lang='grc'><strong>(30)</strong></span> <span class='ocrx_word' id='word_1_571' title='bbox 1597 4033 1705 4088; x_wconf 79' lang='grc' dir='ltr'><strong>ἀντί</strong></span> 
     </span>
    </p>
   </div>
   <div class='ocr_carea' id='block_1_81' title="bbox 1940 4033 3482 4107">
    <p class='ocr_par' dir='ltr' id='par_1_81' title="bbox 1943 4036 3482 4104">
     <span class='ocr_line' id='line_1_81' title="bbox 1943 4036 3482 4104; baseline 0 -12"><span class='ocrx_word' id='word_1_572' title='bbox 1943 4053 2056 4092; x_wconf 87' lang='lat' dir='ltr'><strong>ers.</strong></span> <span class='ocrx_word' id='word_1_573' title='bbox 2095 4039 2186 4091; x_wconf 86' lang='lat'><strong>32.</strong></span> <span class='ocrx_word' id='word_1_574' title='bbox 2214 4036 2293 4091; x_wconf 81' lang='lat' dir='ltr'><strong>Et</strong></span> <span class='ocrx_word' id='word_1_575' title='bbox 2324 4067 2392 4076; x_wconf 93' lang='lat'>—</span> <span class='ocrx_word' id='word_1_576' title='bbox 2422 4036 2584 4092; x_wconf 88' lang='lat' dir='ltr'><strong>Vers.</strong></span> <span class='ocrx_word' id='word_1_577' title='bbox 2629 4037 2717 4092; x_wconf 85' lang='lat'><strong>33.</strong></span> <span class='ocrx_word' id='word_1_578' title='bbox 2747 4038 2909 4093; x_wconf 78' lang='lat' dir='ltr'><strong>oculi</strong></span> <span class='ocrx_word' id='word_1_579' title='bbox 2931 4037 3140 4093; x_wconf 80' lang='lat' dir='ltr'><strong>nostri.</strong></span> <span class='ocrx_word' id='word_1_580' title='bbox 3173 4039 3367 4104; x_wconf 88' lang='lat' dir='ltr'><strong>Quare</strong></span> <span class='ocrx_word' id='word_1_581' title='bbox 3398 4038 3482 4094; x_wconf 90' lang='lat' dir='ltr'><strong>in-</strong></span> 
     </span>
    </p>
   </div>
   <div class='ocr_carea' id='block_1_82' title="bbox 69 4121 1611 4198">
    <p class='ocr_par' dir='ltr' id='par_1_82' title="bbox 69 4121 1611 4198">
     <span class='ocr_line' id='line_1_82' title="bbox 69 4121 1611 4198; baseline 0.001 -23"><span class='ocrx_word' id='word_1_582' title='bbox 69 4132 203 4191; x_wconf 71' lang='grc' dir='ltr'><strong>τοοᾶ,</strong></span> <span class='ocrx_word' id='word_1_583' title='bbox 265 4121 528 4177; x_wconf 71' lang='grc' dir='ltr'><strong>ἐκάλεσεν.</strong></span> <span class='ocrx_word' id='word_1_584' title='bbox 583 4128 683 4177; x_wconf 72' lang='grc' dir='ltr'><strong>Καὶ</strong></span> <span class='ocrx_word' id='word_1_585' title='bbox 727 4128 865 4184; x_wconf 85' lang='grc' dir='ltr'><strong>τίνος</strong></span> <span class='ocrx_word' id='word_1_586' title='bbox 910 4125 1070 4176; x_wconf 80' lang='grc' dir='ltr'><strong>ἕνεκεν</strong></span> <span class='ocrx_word' id='word_1_587' title='bbox 1115 4122 1283 4198; x_wconf 71' lang='grc' dir='ltr'><strong>ἐρωτᾷ</strong></span> <span class='ocrx_word' id='word_1_588' title='bbox 1310 4124 1611 4196; x_wconf 79' lang='grc' dir='ltr'><strong>τούτομς;⁴</strong></span> 
     </span>
    </p>
   </div>
   <div class='ocr_carea' id='block_1_83' title="bbox 1939 4121 3481 4198">
    <p class='ocr_par' dir='ltr' id='par_1_83' title="bbox 1941 4123 3481 4198">
     <span class='ocr_line' id='line_1_83' title="bbox 1941 4123 3481 4198; baseline 0 -16"><span class='ocrx_word' id='word_1_589' title='bbox 1941 4123 2144 4195; x_wconf 80' lang='lat' dir='ltr'><strong>ogavit</strong></span> <span class='ocrx_word' id='word_1_590' title='bbox 2169 4123 2299 4180; x_wconf 88' lang='lat' dir='ltr'><strong>illos</strong></span> <span class='ocrx_word' id='word_1_591' title='bbox 2314 4123 2343 4180; x_wconf 71' lang='grc' dir='ltr'><strong>τ</strong></span> <span class='ocrx_word' id='word_1_592' title='bbox 2369 4127 2449 4180; x_wconf 85' lang='lat' dir='ltr'><strong>Ne</strong></span> <span class='ocrx_word' id='word_1_593' title='bbox 2476 4125 3026 4197; x_wconf 87' lang='lat' dir='ltr'><strong>putaretquispiam</strong></span> <span class='ocrx_word' id='word_1_594' title='bbox 3043 4125 3211 4198; x_wconf 91' lang='lat' dir='ltr'><strong>quod</strong></span> <span class='ocrx_word' id='word_1_595' title='bbox 3241 4126 3359 4184; x_wconf 86' lang='lat' dir='ltr'><strong>alia</strong></span> <span class='ocrx_word' id='word_1_596' title='bbox 3381 4142 3481 4182; x_wconf 86' lang='lat' dir='ltr'><strong>vo-</strong></span> 
     </span>
    </p>
   </div>
   <div class='ocr_carea' id='block_1_84' title="bbox 64 4211 1606 4286">
    <p class='ocr_par' dir='ltr' id='par_1_84' title="bbox 64 4211 1606 4286">
     <span class='ocr_line' id='line_1_84' title="bbox 64 4211 1606 4286; baseline 0 -22"><span class='ocrx_word' id='word_1_597' title='bbox 64 4217 154 4284; x_wconf 73' lang='grc' dir='ltr'><strong>μὴ</strong></span> <span class='ocrx_word' id='word_1_598' title='bbox 215 4217 418 4286; x_wconf 66' lang='grc' dir='ltr'><strong>νομίσῃ</strong></span> <span class='ocrx_word' id='word_1_599' title='bbox 467 4232 572 4277; x_wconf 84' lang='grc' dir='ltr'><strong>τις,</strong></span> <span class='ocrx_word' id='word_1_600' title='bbox 623 4215 705 4265; x_wconf 86' lang='grc' dir='ltr'><strong>ὅτι</strong></span> <span class='ocrx_word' id='word_1_601' title='bbox 767 4212 898 4265; x_wconf 78' lang='grc' dir='ltr'><strong>ἄλλα</strong></span> <span class='ocrx_word' id='word_1_602' title='bbox 953 4211 1283 4285; x_wconf 81' lang='grc' dir='ltr'><strong>βουλομένοις</strong></span> <span class='ocrx_word' id='word_1_603' title='bbox 1332 4211 1524 4279; x_wconf 75' lang='grc' dir='ltr'><strong>λαϐεῖν,</strong></span> <span class='ocrx_word' id='word_1_604' title='bbox 1585 4214 1606 4264; x_wconf 84' lang='grc' dir='ltr'><em>ἀ</em></span> 
     </span>
    </p>
   </div>
   <div class='ocr_carea' id='block_1_85' title="bbox 1937 4211 3479 4286">
    <p class='ocr_par' dir='ltr' id='par_1_85' title="bbox 1937 4213 3479 4286">
     <span class='ocr_line' id='line_1_85' title="bbox 1937 4213 3479 4286; baseline 0 -16"><span class='ocrx_word' id='word_1_605' title='bbox 1937 4215 2083 4270; x_wconf 67' lang='lat' dir='ltr'><strong>.ibus</strong></span> <span class='ocrx_word' id='word_1_606' title='bbox 2109 4213 2400 4284; x_wconf 86' lang='lat' dir='ltr'><strong>accipere,</strong></span> <span class='ocrx_word' id='word_1_607' title='bbox 2453 4214 2582 4286; x_wconf 91' lang='lat' dir='ltr'><strong>ipse</strong></span> <span class='ocrx_word' id='word_1_608' title='bbox 2619 4214 2787 4270; x_wconf 88' lang='lat' dir='ltr'><strong>daret</strong></span> <span class='ocrx_word' id='word_1_609' title='bbox 2817 4213 2953 4270; x_wconf 90' lang='lat' dir='ltr'><strong>alia.</strong></span> <span class='ocrx_word' id='word_1_610' title='bbox 2988 4216 3050 4269; x_wconf 91' lang='lat' dir='ltr'><strong>Et</strong></span> <span class='ocrx_word' id='word_1_611' title='bbox 3079 4230 3186 4270; x_wconf 93' lang='lat' dir='ltr'><strong>cur</strong></span> <span class='ocrx_word' id='word_1_612' title='bbox 3241 4231 3361 4270; x_wconf 92' lang='lat' dir='ltr'><strong>non</strong></span> <span class='ocrx_word' id='word_1_613' title='bbox 3394 4232 3479 4270; x_wconf 81' lang='lat' dir='ltr'><strong>re-</strong></span> 
     </span>
    </p>
   </div>
   <div class='ocr_carea' id='block_1_86' title="bbox 66 4298 1608 4377">
    <p class='ocr_par' dir='ltr' id='par_1_86' title="bbox 66 4298 1608 4374">
     <span class='ocr_line' id='line_1_86' title="bbox 66 4298 1608 4374; baseline 0.002 -22"><span class='ocrx_word' id='word_1_614' title='bbox 66 4298 324 4356; x_wconf 71' lang='grc' dir='ltr'><strong>δίδωσι.</strong></span> <span class='ocrx_word' id='word_1_615' title='bbox 360 4308 464 4356; x_wconf 71' lang='grc' dir='ltr'><strong>Καὶ</strong></span> <span class='ocrx_word' id='word_1_616' title='bbox 507 4309 613 4362; x_wconf 81' lang='grc' dir='ltr'><strong>πῶς</strong></span> <span class='ocrx_word' id='word_1_617' title='bbox 644 4301 740 4353; x_wconf 74' lang='grc' dir='ltr'><strong>οὐκ</strong></span> <span class='ocrx_word' id='word_1_618' title='bbox 781 4299 1050 4374; x_wconf 72' lang='grc' dir='ltr'><strong>ἀπῄτησεν</strong></span> <span class='ocrx_word' id='word_1_619' title='bbox 1093 4300 1291 4363; x_wconf 76' lang='grc' dir='ltr'><strong>αὐτοὺς</strong></span> <span class='ocrx_word' id='word_1_620' title='bbox 1316 4306 1499 4355; x_wconf 84' lang='grc' dir='ltr'><strong>πίστιν</strong></span> <span class='ocrx_word' id='word_1_621' title='bbox 1527 4321 1540 4370; x_wconf 90' lang='grc'><strong>;</strong></span> <span class='ocrx_word' id='word_1_622' title='bbox 1574 4310 1608 4355; x_wconf 92' lang='grc' dir='ltr'><strong>Δ</strong></span> 
     </span>
    </p>
   </div>
   <div class='ocr_carea' id='block_1_87' title="bbox 1941 4298 3483 4377">
    <p class='ocr_par' dir='ltr' id='par_1_87' title="bbox 1941 4300 3483 4368">
     <span class='ocr_line' id='line_1_87' title="bbox 1941 4300 3483 4368; baseline -0.001 -9"><span class='ocrx_word' id='word_1_623' title='bbox 1941 4303 2065 4360; x_wconf 77' lang='lat' dir='ltr'><strong>sivit</strong></span> <span class='ocrx_word' id='word_1_624' title='bbox 2085 4302 2164 4358; x_wconf 90' lang='lat' dir='ltr'><strong>ab</strong></span> <span class='ocrx_word' id='word_1_625' title='bbox 2193 4301 2277 4358; x_wconf 89' lang='lat' dir='ltr'><strong>eis</strong></span> <span class='ocrx_word' id='word_1_626' title='bbox 2297 4300 2482 4357; x_wconf 89' lang='lat' dir='ltr'><strong>ﬁdem</strong></span> <span class='ocrx_word' id='word_1_627' title='bbox 2507 4303 2536 4358; x_wconf 87' lang='lat'><strong>?</strong></span> <span class='ocrx_word' id='word_1_628' title='bbox 2564 4303 2714 4368; x_wconf 90' lang='lat' dir='ltr'><strong>Quia</strong></span> <span class='ocrx_word' id='word_1_629' title='bbox 2734 4301 2874 4357; x_wconf 86' lang='lat' dir='ltr'><strong>ﬁdei</strong></span> <span class='ocrx_word' id='word_1_630' title='bbox 2897 4301 3330 4358; x_wconf 87' lang='lat' dir='ltr'><strong>demonstratio</strong></span> <span class='ocrx_word' id='word_1_631' title='bbox 3357 4307 3483 4358; x_wconf 88' lang='lat' dir='ltr'><strong>erat</strong></span> 
     </span>
    </p>
   </div>
   <div class='ocr_carea' id='block_1_88' title="bbox 67 4387 1609 4465">
    <p class='ocr_par' dir='ltr' id='par_1_88' title="bbox 67 4387 1609 4465">
     <span class='ocr_line' id='line_1_88' title="bbox 67 4387 1609 4465; baseline 0.001 -22"><span class='ocrx_word' id='word_1_632' title='bbox 67 4398 332 4452; x_wconf 68' lang='grc' dir='ltr'><strong>πέστεως</strong></span> <span class='ocrx_word' id='word_1_633' title='bbox 371 4387 644 4453; x_wconf 77' lang='grc' dir='ltr'><strong>ἀπόδειξις</strong></span> <span class='ocrx_word' id='word_1_634' title='bbox 693 4387 754 4450; x_wconf 80' lang='grc' dir='ltr'><strong>ἦν</strong></span> <span class='ocrx_word' id='word_1_635' title='bbox 801 4393 833 4450; x_wconf 78' lang='grc' dir='ltr'><strong>η</strong></span> <span class='ocrx_word' id='word_1_636' title='bbox 875 4395 1105 4465; x_wconf 69' lang='grc' dir='ltr'><strong>κραυγὴ,</strong></span> <span class='ocrx_word' id='word_1_637' title='bbox 1145 4395 1235 4444; x_wconf 85' lang='grc' dir='ltr'><strong>καὶ</strong></span> <span class='ocrx_word' id='word_1_638' title='bbox 1276 4395 1335 4444; x_wconf 88' lang='grc' dir='ltr'><strong>τὸ</strong></span> <span class='ocrx_word' id='word_1_639' title='bbox 1374 4397 1444 4465; x_wconf 83' lang='grc' dir='ltr'><strong>μὴ</strong></span> <span class='ocrx_word' id='word_1_640' title='bbox 1483 4390 1609 4445; x_wconf 79' lang='grc' dir='ltr'><strong>ἁποο</strong></span> 
     </span>
    </p>
   </div>
   <div class='ocr_carea' id='block_1_89' title="bbox 1938 4387 3480 4465">
    <p class='ocr_par' dir='ltr' id='par_1_89' title="bbox 1938 4388 3480 4462">
     <span class='ocr_line' id='line_1_89' title="bbox 1938 4388 3480 4462; baseline -0.003 -13"><span class='ocrx_word' id='word_1_641' title='bbox 1938 4407 2072 4458; x_wconf 91' lang='lat' dir='ltr'><strong>nor,</strong></span> <span class='ocrx_word' id='word_1_642' title='bbox 2103 4396 2161 4448; x_wconf 89' lang='lat' dir='ltr'><strong>et</strong></span> <span class='ocrx_word' id='word_1_643' title='bbox 2190 4389 2633 4462; x_wconf 83' lang='lat' dir='ltr'><strong>perseverantia</strong></span> <span class='ocrx_word' id='word_1_644' title='bbox 2659 4389 2721 4445; x_wconf 92' lang='lat' dir='ltr'><strong>in</strong></span> <span class='ocrx_word' id='word_1_645' title='bbox 2752 4405 2845 4455; x_wconf 88' lang='lat' dir='ltr'><strong>eo,</strong></span> <span class='ocrx_word' id='word_1_646' title='bbox 2885 4405 3024 4444; x_wconf 92' lang='lat' dir='ltr'><strong>cum</strong></span> <span class='ocrx_word' id='word_1_647' title='bbox 3048 4389 3149 4445; x_wconf 90' lang='lat' dir='ltr'><strong>alii</strong></span> <span class='ocrx_word' id='word_1_648' title='bbox 3178 4388 3480 4445; x_wconf 89' lang='lat' dir='ltr'><strong>silentium</strong></span> 
     </span>
    </p>
   </div>
   <div class='ocr_carea' id='block_1_90' title="bbox 67 4460 1609 4552">
    <p class='ocr_par' dir='ltr' id='par_1_90' title="bbox 67 4482 714 4551">
     <span class='ocr_line' id='line_1_90' title="bbox 67 4482 714 4551; baseline 0.005 -20"><span class='ocrx_word' id='word_1_649' title='bbox 67 4501 172 4532; x_wconf 77' lang='grc' dir='ltr'><strong>ναι</strong></span> <span class='ocrx_word' id='word_1_650' title='bbox 209 4482 714 4551; x_wconf 70' lang='grc' dir='ltr'><strong>ἑπιστομισθέντας.</strong></span> 
     </span>
    </p>
   </div>
   <div class='ocr_carea' id='block_1_91' title="bbox 1099 4460 2641 4552">
    <p class='ocr_par' dir='ltr' id='par_1_91' title="bbox 1374 4460 2641 4552">
     <span class='ocr_line' id='line_1_91' title="bbox 1374 4460 2641 4552; baseline -0.005 -12"><span class='ocrx_word' id='word_1_651' title='bbox 1374 4460 1384 4465; x_wconf 28' lang='grc'>⁷</span> <span class='ocrx_word' id='word_1_652' title='bbox 1752 4460 1796 4512; x_wconf 80' lang='lat' dir='ltr'>D</span> <span class='ocrx_word' id='word_1_653' title='bbox 1827 4480 1911 4538; x_wconf 87' lang='lat' dir='ltr'><strong>eis</strong></span> <span class='ocrx_word' id='word_1_654' title='bbox 1936 4460 2242 4552; x_wconf 78' lang='lat' dir='ltr'><strong>imponere</strong></span> <span class='ocrx_word' id='word_1_655' title='bbox 2263 4482 2641 4535; x_wconf 90' lang='lat' dir='ltr'><strong>conarentur.</strong></span> 
     </span>
    </p>
   </div>
   <div class='ocr_carea' id='block_1_92' title="bbox 157 4564 1699 4645">
    <p class='ocr_par' dir='ltr' id='par_1_92' title="bbox 157 4569 1699 4645">
     <span class='ocr_line' id='line_1_92' title="bbox 157 4569 1699 4645; baseline 0.001 -25"><span class='ocrx_word' id='word_1_656' title='bbox 157 4569 602 4640; x_wconf 73' lang='grc' dir='ltr'><strong>Σπλαγχνισθεὶς</strong></span> <span class='ocrx_word' id='word_1_657' title='bbox 672 4599 744 4612; x_wconf 89' lang='grc'><strong><em>-</em></strong></span> <span class='ocrx_word' id='word_1_658' title='bbox 823 4569 990 4643; x_wconf 79' lang='grc' dir='ltr'><strong>αὐτῷ.</strong></span> <span class='ocrx_word' id='word_1_659' title='bbox 1067 4570 1146 4624; x_wconf 79' lang='grc' dir='ltr'><strong>Οὐ</strong></span> <span class='ocrx_word' id='word_1_660' title='bbox 1202 4575 1502 4645; x_wconf 74' lang='grc' dir='ltr'><strong>καρτερικοὶ</strong></span> <span class='ocrx_word' id='word_1_661' title='bbox 1565 4575 1699 4643; x_wconf 67' lang='grc' dir='ltr'><strong>μόνοτ</strong></span> 
     </span>
    </p>
   </div>
   <div class='ocr_carea' id='block_1_93' title="bbox 1942 4564 3484 4645">
    <p class='ocr_par' dir='ltr' id='par_1_93' title="bbox 1942 4564 3484 4640">
     <span class='ocr_line' id='line_1_93' title="bbox 1942 4564 3484 4640; baseline -0.001 -14"><span class='ocrx_word' id='word_1_662' title='bbox 1942 4570 2064 4626; x_wconf 85' lang='lat' dir='ltr'><strong>&#39;ers.</strong></span> <span class='ocrx_word' id='word_1_663' title='bbox 2095 4567 2184 4624; x_wconf 70' lang='lat'><strong>34.</strong></span> <span class='ocrx_word' id='word_1_664' title='bbox 2211 4567 2486 4626; x_wconf 68' lang='lat' dir='ltr'><strong>Miserius</strong></span> <span class='ocrx_word' id='word_1_665' title='bbox 2535 4599 2605 4608; x_wconf 96' lang='lat'><strong><em>—</em></strong></span> <span class='ocrx_word' id='word_1_666' title='bbox 2656 4582 2805 4622; x_wconf 79' lang='lat' dir='ltr'><strong>eum.</strong></span> <span class='ocrx_word' id='word_1_667' title='bbox 2866 4567 2994 4622; x_wconf 82' lang='lat' dir='ltr'><strong>Non</strong></span> <span class='ocrx_word' id='word_1_668' title='bbox 3041 4564 3238 4624; x_wconf 88' lang='lat' dir='ltr'><strong>solum</strong></span> <span class='ocrx_word' id='word_1_669' title='bbox 3281 4581 3484 4640; x_wconf 89' lang='lat' dir='ltr'><strong>perse-</strong></span> 
     </span>
    </p>
   </div>
   <div class='ocr_carea' id='block_1_94' title="bbox 67 4653 1609 4735">
    <p class='ocr_par' dir='ltr' id='par_1_94' title="bbox 67 4655 1609 4735">
     <span class='ocr_line' id='line_1_94' title="bbox 67 4655 1609 4735; baseline 0.002 -25"><span class='ocrx_word' id='word_1_670' title='bbox 67 4655 259 4726; x_wconf 65' lang='grc' dir='ltr'><strong>ξσετι,</strong></span> <span class='ocrx_word' id='word_1_671' title='bbox 467 4664 560 4712; x_wconf 82' lang='grc' dir='ltr'><strong>καὶ</strong></span> <span class='ocrx_word' id='word_1_672' title='bbox 601 4659 931 4731; x_wconf 71' lang='grc' dir='ltr'><strong>εὐγνώμονες.</strong></span> <span class='ocrx_word' id='word_1_673' title='bbox 970 4658 1362 4718; x_wconf 81' lang='grc' dir='ltr'><strong>Ἠκολούθησαν</strong></span> <span class='ocrx_word' id='word_1_674' title='bbox 1403 4662 1506 4735; x_wconf 73' lang='grc' dir='ltr'><strong>γὰρ</strong></span> <span class='ocrx_word' id='word_1_675' title='bbox 1555 4659 1609 4713; x_wconf 66' lang='grc' dir='ltr'><strong>αὖ</strong></span> 
     </span>
    </p>
   </div>
   <div class='ocr_carea' id='block_1_95' title="bbox 1943 4653 3485 4735">
    <p class='ocr_par' dir='ltr' id='par_1_95' title="bbox 1943 4653 3485 4728">
     <span class='ocr_line' id='line_1_95' title="bbox 1943 4653 3485 4728; baseline -0.002 -12"><span class='ocrx_word' id='word_1_676' title='bbox 1943 4663 2104 4716; x_wconf 81' lang='lat' dir='ltr'><strong>antes</strong></span> <span class='ocrx_word' id='word_1_677' title='bbox 2125 4662 2312 4724; x_wconf 90' lang='lat' dir='ltr'><strong>erant,</strong></span> <span class='ocrx_word' id='word_1_678' title='bbox 2340 4656 2445 4714; x_wconf 90' lang='lat' dir='ltr'><strong>sed</strong></span> <span class='ocrx_word' id='word_1_679' title='bbox 2472 4662 2529 4714; x_wconf 90' lang='lat' dir='ltr'><strong>et</strong></span> <span class='ocrx_word' id='word_1_680' title='bbox 2558 4655 2708 4728; x_wconf 79' lang='lat' dir='ltr'><strong>grati</strong></span> <span class='ocrx_word' id='word_1_681' title='bbox 2741 4653 3145 4728; x_wconf 88' lang='lat' dir='ltr'><strong>sequebantur</strong></span> <span class='ocrx_word' id='word_1_682' title='bbox 3200 4671 3358 4722; x_wconf 91' lang='lat' dir='ltr'><strong>eum,</strong></span> <span class='ocrx_word' id='word_1_683' title='bbox 3389 4671 3485 4713; x_wconf 89' lang='lat' dir='ltr'><strong>re-</strong></span> 
     </span>
    </p>
   </div>
   <div class='ocr_carea' id='block_1_96' title="bbox 65 4745 1607 4821">
    <p class='ocr_par' dir='ltr' id='par_1_96' title="bbox 65 4745 918 4821">
     <span class='ocr_line' id='line_1_96' title="bbox 65 4745 918 4821; baseline 0.005 -23"><span class='ocrx_word' id='word_1_684' title='bbox 65 4753 177 4806; x_wconf 66' lang='grc' dir='ltr'><strong>τήν</strong></span> <span class='ocrx_word' id='word_1_685' title='bbox 214 4749 534 4820; x_wconf 51' lang='lat' dir='ltr'><strong>(ﬁgor/mica</strong></span> <span class='ocrx_word' id='word_1_686' title='bbox 567 4745 918 4821; x_wconf 73' lang='grc' dir='ltr'><strong>ἀμειϐόμενοι.</strong></span> 
     </span>
    </p>
   </div>
   <div class='ocr_carea' id='block_1_97' title="bbox 1023 4745 2565 4821">
    <p class='ocr_par' dir='ltr' id='par_1_97' title="bbox 1828 4746 2565 4821">
     <span class='ocr_line' id='line_1_97' title="bbox 1828 4746 2565 4821; baseline -0.004 -17"><span class='ocrx_word' id='word_1_687' title='bbox 1828 4748 2152 4821; x_wconf 85' lang='lat' dir='ltr'><strong>pendentes</strong></span> <span class='ocrx_word' id='word_1_688' title='bbox 2192 4746 2565 4804; x_wconf 86' lang='lat' dir='ltr'><strong>beneﬁcium.</strong></span> 
     </span>
    </p>
   </div>
   <div class='ocr_carea' id='block_1_98' title="bbox 156 4833 1698 4910">
    <p class='ocr_par' dir='ltr' id='par_1_98' title="bbox 156 4834 1698 4910">
     <span class='ocr_line' id='line_1_98' title="bbox 156 4834 1698 4910; baseline -0.003 -18"><span class='ocrx_word' id='word_1_689' title='bbox 156 4841 320 4892; x_wconf 60' lang='lat' dir='ltr'><strong>Mai</strong></span> <span class='ocrx_word' id='word_1_690' title='bbox 372 4834 433 4891; x_wconf 78' lang='grc' dir='ltr'><em>δέ</em></span> <span class='ocrx_word' id='word_1_691' title='bbox 477 4857 633 4903; x_wconf 85' lang='grc' dir='ltr'><strong>τινες,</strong></span> <span class='ocrx_word' id='word_1_692' title='bbox 687 4837 775 4890; x_wconf 75' lang='grc' dir='ltr'><strong>ἱνα</strong></span> <span class='ocrx_word' id='word_1_693' title='bbox 819 4845 919 4890; x_wconf 82' lang='grc' dir='ltr'><strong>τῶν</strong></span> <span class='ocrx_word' id='word_1_694' title='bbox 965 4834 1063 4892; x_wconf 79' lang='grc' dir='ltr'><strong>δύο</strong></span> <span class='ocrx_word' id='word_1_695' title='bbox 1109 4840 1303 4892; x_wconf 82' lang='grc' dir='ltr'><strong>τούτων</strong></span> <span class='ocrx_word' id='word_1_696' title='bbox 1356 4836 1579 4910; x_wconf 78' lang='grc' dir='ltr'><strong>τυφλῶν,</strong></span> <span class='ocrx_word' id='word_1_697' title='bbox 1631 4841 1698 4891; x_wconf 67' lang='grc' dir='ltr'><strong>τότ</strong></span> 
     </span>
    </p>
   </div>
   <div class='ocr_carea' id='block_1_99' title="bbox 1941 4833 3483 4910">
    <p class='ocr_par' dir='ltr' id='par_1_99' title="bbox 1941 4833 3483 4909">
     <span class='ocr_line' id='line_1_99' title="bbox 1941 4833 3483 4909; baseline 0.001 -17"><span class='ocrx_word' id='word_1_698' title='bbox 1941 4836 2079 4894; x_wconf 88' lang='lat' dir='ltr'><strong>.iunt</strong></span> <span class='ocrx_word' id='word_1_699' title='bbox 2101 4839 2300 4893; x_wconf 86' lang='lat' dir='ltr'><strong>autem</strong></span> <span class='ocrx_word' id='word_1_700' title='bbox 2328 4834 2569 4909; x_wconf 88' lang='lat' dir='ltr'><strong>quidam</strong></span> <span class='ocrx_word' id='word_1_701' title='bbox 2586 4849 2776 4892; x_wconf 89' lang='lat' dir='ltr'><strong>unum</strong></span> <span class='ocrx_word' id='word_1_702' title='bbox 2786 4833 3000 4892; x_wconf 88' lang='lat' dir='ltr'><strong>horum</strong></span> <span class='ocrx_word' id='word_1_703' title='bbox 3022 4849 3321 4893; x_wconf 62' lang='lat' dir='ltr'><strong>cacorum</strong></span> <span class='ocrx_word' id='word_1_704' title='bbox 3342 4835 3483 4894; x_wconf 89' lang='lat' dir='ltr'><strong>insi-</strong></span> 
     </span>
    </p>
   </div>
   <div class='ocr_carea' id='block_1_100' title="bbox 155 5015 716 5086">
    <p class='ocr_par' dir='ltr' id='par_1_100' title="bbox 155 5015 716 5086">
     <span class='ocr_line' id='line_1_100' title="bbox 155 5015 716 5086; baseline 0 -14"><span class='ocrx_word' id='word_1_705' title='bbox 155 5018 213 5050; x_wconf 83' lang='grc'><strong>⁸³</strong></span> <span class='ocrx_word' id='word_1_706' title='bbox 247 5015 396 5073; x_wconf 86' lang='lat' dir='ltr'><strong>Luc.</strong></span> <span class='ocrx_word' id='word_1_707' title='bbox 433 5031 598 5086; x_wconf 76' lang='lat' dir='ltr'><strong>nni,</strong></span> <span class='ocrx_word' id='word_1_708' title='bbox 623 5016 716 5083; x_wconf 77' lang='grc'><strong>46,</strong></span> 
     </span>
    </p>
   </div>
   <div class='ocr_carea' id='block_1_101' title="bbox 1351 5140 2261 5210">
    <p class='ocr_par' dir='ltr' id='par_1_101' title="bbox 1351 5140 2261 5210">
     <span class='ocr_line' id='line_1_101' title="bbox 1351 5140 2261 5210; baseline -0.001 -1"><span class='ocrx_word' id='word_1_709' title='bbox 1351 5140 1570 5209; x_wconf 73' lang='lat' dir='ltr'><strong>Variae</strong></span> <span class='ocrx_word' id='word_1_710' title='bbox 1600 5141 1929 5209; x_wconf 88' lang='lat' dir='ltr'><strong>lectiones</strong></span> <span class='ocrx_word' id='word_1_711' title='bbox 1963 5150 2030 5208; x_wconf 87' lang='lat' dir='ltr'><strong>et</strong></span> <span class='ocrx_word' id='word_1_712' title='bbox 2057 5150 2261 5210; x_wconf 73' lang='lat' dir='ltr'><strong>notae.</strong></span> 
     </span>
    </p>
   </div>
   <div class='ocr_carea' id='block_1_102' title="bbox 138 5335 3382 5415">
    <p class='ocr_par' dir='ltr' id='par_1_102' title="bbox 138 5335 3382 5415">
     <span class='ocr_line' id='line_1_102' title="bbox 138 5335 3382 5415; baseline 0 -23"><span class='ocrx_word' id='word_1_713' title='bbox 138 5340 280 5412; x_wconf 74' lang='lat'><strong>(29)</strong></span> <span class='ocrx_word' id='word_1_714' title='bbox 312 5335 852 5415; x_wconf 42' lang='lat' dir='ltr'><strong>Accuratiushune</strong></span> <span class='ocrx_word' id='word_1_715' title='bbox 876 5335 1423 5415; x_wconf 56' lang='lat' dir='ltr'><strong>lqcumeshibetin</strong></span> <span class='ocrx_word' id='word_1_716' title='bbox 1446 5341 1722 5415; x_wconf 55' lang='lat' dir='ltr'><strong>contegtu</strong></span> <span class='ocrx_word' id='word_1_717' title='bbox 1833 5341 2080 5415; x_wconf 64' lang='lat' dir='ltr'><strong>tantum</strong></span> <span class='ocrx_word' id='word_1_718' title='bbox 2095 5336 2282 5415; x_wconf 79' lang='lat' dir='ltr'><strong>obiter</strong></span> <span class='ocrx_word' id='word_1_719' title='bbox 2319 5336 2542 5415; x_wconf 85' lang='lat' dir='ltr'><strong>laudat.</strong></span> <span class='ocrx_word' id='word_1_720' title='bbox 2730 5406 2744 5415; x_wconf 88' lang='lat'><em>_</em></span> <span class='ocrx_word' id='word_1_721' title='bbox 2814 5406 2830 5415; x_wconf 83' lang='lat'>_</span> <span class='ocrx_word' id='word_1_722' title='bbox 3022 5407 3032 5415; x_wconf 88' lang='lat'>_</span> <span class='ocrx_word' id='word_1_723' title='bbox 3074 5407 3108 5415; x_wconf 87' lang='lat'>__</span> <span class='ocrx_word' id='word_1_724' title='bbox 3144 5408 3186 5415; x_wconf 90' lang='lat'><em>__</em></span> <span class='ocrx_word' id='word_1_725' title='bbox 3274 5410 3283 5415; x_wconf 26' lang='grc' dir='ltr'><strong><em>Δ</em></strong></span> <span class='ocrx_word' id='word_1_726' title='bbox 3373 5401 3382 5415; x_wconf 41' lang='grc'><strong><em>⁸</em></strong></span> 
     </span>
    </p>
   </div>
   <div class='ocr_carea' id='block_1_103' title="bbox 55 5405 3483 5481">
    <p class='ocr_par' dir='ltr' id='par_1_103' title="bbox 55 5405 3483 5481">
     <span class='ocr_line' id='line_1_103' title="bbox 55 5405 3483 5481; baseline -0.002 -14"><span class='ocrx_word' id='word_1_727' title='bbox 55 5405 573 5481; x_wconf 58' lang='grc' dir='ltr'><strong>ενὲηέεζὶοωω</strong></span> <span class='ocrx_word' id='word_1_728' title='bbox 595 5413 672 5481; x_wconf 87' lang='lat' dir='ltr'><strong>et_</strong></span> <span class='ocrx_word' id='word_1_729' title='bbox 671 5408 731 5463; x_wconf 89' lang='lat' dir='ltr'><strong>in</strong></span> <span class='ocrx_word' id='word_1_730' title='bbox 755 5405 998 5481; x_wconf 82' lang='lat' dir='ltr'><strong>scholiis</strong></span> <span class='ocrx_word' id='word_1_731' title='bbox 1014 5407 1093 5464; x_wconf 87' lang='lat' dir='ltr'><strong>ad</strong></span> <span class='ocrx_word' id='word_1_732' title='bbox 1114 5408 1295 5465; x_wconf 80' lang='lat' dir='ltr'><strong>Matth</strong></span> <span class='ocrx_word' id='word_1_733' title='bbox 1313 5424 1491 5481; x_wconf 65' lang='lat' dir='ltr'><strong>xxvii,</strong></span> <span class='ocrx_word' id='word_1_734' title='bbox 1512 5409 1597 5466; x_wconf 86' lang='lat'><strong>50.</strong></span> <span class='ocrx_word' id='word_1_735' title='bbox 1621 5409 1722 5465; x_wconf 84' lang='lat' dir='ltr'><strong>Hic</strong></span> <span class='ocrx_word' id='word_1_736' title='bbox 1904 5407 2017 5479; x_wconf 89' lang='lat'><strong>(30)</strong></span> <span class='ocrx_word' id='word_1_737' title='bbox 2045 5407 2318 5481; x_wconf 86' lang='lat' dir='ltr'><strong>Quinque</strong></span> <span class='ocrx_word' id='word_1_738' title='bbox 2351 5407 2554 5481; x_wconf 90' lang='lat' dir='ltr'><strong>priora</strong></span> <span class='ocrx_word' id='word_1_739' title='bbox 2576 5406 2873 5468; x_wconf 90' lang='lat' dir='ltr'><strong>vocabula</strong></span> <span class='ocrx_word' id='word_1_740' title='bbox 2913 5407 3115 5465; x_wconf 86' lang='lat' dir='ltr'><strong>omisit</strong></span> <span class='ocrx_word' id='word_1_741' title='bbox 3143 5405 3483 5464; x_wconf 84' lang='lat' dir='ltr'><strong>Hentenius.</strong></span> 
     </span>
    </p>
   </div>
   <div class='ocr_carea' id='block_1_104' title="bbox 139 5477 1727 5555">
    <p class='ocr_par' dir='ltr' id='par_1_104' title="bbox 139 5477 1727 5555">
     <span class='ocr_line' id='line_1_104' title="bbox 139 5477 1727 5555; baseline -0.002 -16"><span class='ocrx_word' id='word_1_742' title='bbox 139 5477 298 5555; x_wconf 72' lang='lat' dir='ltr'><strong>(qq)</strong></span> <span class='ocrx_word' id='word_1_743' title='bbox 339 5479 602 5545; x_wconf 85' lang='lat' dir='ltr'><strong>Quodam</strong></span> <span class='ocrx_word' id='word_1_744' title='bbox 631 5479 822 5535; x_wconf 80' lang='lat' dir='ltr'><strong>Patri.</strong></span> <span class='ocrx_word' id='word_1_745' title='bbox 857 5477 961 5535; x_wconf 91' lang='lat' dir='ltr'><strong>Cui</strong></span> <span class='ocrx_word' id='word_1_746' title='bbox 1006 5482 1198 5536; x_wconf 88' lang='lat' dir='ltr'><strong>autem</strong></span> <span class='ocrx_word' id='word_1_747' title='bbox 1239 5477 1506 5536; x_wconf 88' lang='lat' dir='ltr'><strong>animam</strong></span> <span class='ocrx_word' id='word_1_748' title='bbox 1553 5496 1727 5536; x_wconf 83' lang='lat' dir='ltr'><strong>suam</strong></span> 
     </span>
    </p>
   </div>
   <div class='ocr_carea' id='block_1_105' title="bbox 130 5629 2350 5710">
    <p class='ocr_par' dir='ltr' id='par_1_105' title="bbox 130 5629 2350 5710">
     <span class='ocr_line' id='line_1_105' title="bbox 130 5629 2350 5710; baseline -0.002 -17"><span class='ocrx_word' id='word_1_749' title='bbox 130 5635 298 5710; x_wconf 84' lang='lat' dir='ltr'><strong>(qq)</strong></span> <span class='ocrx_word' id='word_1_750' title='bbox 334 5630 607 5698; x_wconf 77' lang='lat' dir='ltr'><strong>Quodam</strong></span> <span class='ocrx_word' id='word_1_751' title='bbox 635 5662 704 5674; x_wconf 94' lang='lat'><strong><em>—</em></strong></span> <span class='ocrx_word' id='word_1_752' title='bbox 733 5630 926 5689; x_wconf 77' lang='lat' dir='ltr'><strong>Patri.</strong></span> <span class='ocrx_word' id='word_1_753' title='bbox 957 5629 1064 5688; x_wconf 88' lang='lat' dir='ltr'><strong>Cui</strong></span> <span class='ocrx_word' id='word_1_754' title='bbox 1093 5635 1298 5688; x_wconf 88' lang='lat' dir='ltr'><strong>autem</strong></span> <span class='ocrx_word' id='word_1_755' title='bbox 1333 5630 1611 5690; x_wconf 87' lang='lat' dir='ltr'><strong>animam</strong></span> <span class='ocrx_word' id='word_1_756' title='bbox 1632 5647 1810 5690; x_wconf 86' lang='lat' dir='ltr'><strong>suam</strong></span> <span class='ocrx_word' id='word_1_757' title='bbox 1836 5629 2078 5690; x_wconf 78' lang='lat' dir='ltr'><strong>tradidit</strong></span> <span class='ocrx_word' id='word_1_758' title='bbox 2105 5630 2135 5688; x_wconf 80' lang='lat'><strong>?</strong></span> <span class='ocrx_word' id='word_1_759' title='bbox 2172 5631 2350 5691; x_wconf 85' lang='lat' dir='ltr'><strong>Patri.</strong></span> 
     </span>
    </p>
   </div>
  </div>
