3906 6202
504 223 609 286 547

1825 207 2184 273 EUTHYMll
2219 207 2546 266 ZIGABENI
3682 219 3761 276 5:3

507 353 777 424 gniorem
805 350 1005 414 fnisse,
1035 349 1108 403 de
1141 362 1264 420 quo
1294 362 1330 401 a
1353 347 1543 401 Marco
1572 343 1728 398 facto
1788 344 1876 395 est
1933 336 2145 392 mentio

2265 331 2654 409 ἐπισημότερον,
2713 337 3128 408 μνημονευθῆναι
3175 337 3317 410 παρά
3381 337 3552 408 Μάρκῳ
3600 344 3688 413 μὲν,
3731 345 3763 396 ἐ)

507 439 799 496 tricesimo
818 439 1010 510 primo
1029 433 1429 503 Evangeliisui
1459 432 1664 504 capite,
1688 429 1790 502 qui
1805 427 2152 482 BartimIEUS

506 529 815 584 dicebatur
860 528 945 589 6‘;
1000 527 1153 579 Luca
1191 538 1324 576 vero
1373 519 1742 589 sexagesimo
1799 521 2012 588 quarto
2063 513 2154 568 sui

506 615 800 686 Evangelii
828 613 1018 685 capite
1042 615 1088 647 ⁸⁵
1123 629 1137 676 ;
1165 612 1411 667 alterum
1441 616 1659 677 autem,
1687 606 1764 663 ab
1792 606 1888 661 his
1920 603 2152 659 silentio

505 705 862 776 praeteritum
891 705 1183 774 tanquam
1210 700 1362 755 illius
1381 698 1737 761 ministrum,
1759 694 2154 768 quemadmo-

503 795 649 848 dum
680 808 826 846 sane
867 796 922 846 et
961 790 1034 844 de
1092 789 1330 845 duobus
1369 786 1745 842 daemoniacis
1793 781 2152 839 duodecimo

503 881 694 952 capite
715 881 1062 952 praedictum
1087 883 1172 932 est
1203 896 1215 929 :
1241 877 1416 948 idque
1457 876 1795 945 conjectura
1827 887 2154 943 assequun-

503 976 615 1036 tur,
646 988 714 1026 eo
747 970 904 1042 quod
947 970 1159 1024 eadem
1190 971 1247 1022 et
1295 967 1548 1022 dixerint
1578 970 1634 1021 et
1689 964 2042 1030 audiverint,
2083 977 2152 1016 ac

503 1060 774 1116 similiter
813 1060 994 1114 secuti
1022 1057 1254 1112 fuerint.
1289 1059 1407 1127 Ego
1433 1071 1569 1109 vero
1597 1070 1658 1108 re
1707 1053 1986 1108 attentius
2015 1065 2152 1106 con-

504 1150 778 1218 siderata,
815 1149 1065 1203 alterum
1096 1147 1173 1202 ab
1203 1145 1297 1200 his
1330 1145 1568 1200 duobus
1599 1141 1876 1199 essedico
1899 1157 2048 1206 eum,
2078 1139 2152 1194 de

503 1253 625 1309 quo
663 1237 844 1292 habet
884 1237 1115 1291 Marcus
1149 1251 1162 1298 ;
1206 1248 1570 1306 rursumque
1612 1230 1864 1287 alterum
1921 1229 1999 1286 ab
2057 1245 2150 1296 eo,

503 1326 577 1381 de
603 1343 723 1397 quo
745 1328 990 1394 Marcus,
1025 1323 1188 1378 illum
1222 1323 1295 1378 de
1321 1339 1442 1393 quo
1480 1321 1736 1392 loquitur
1765 1321 1968 1374 Lucas.
2005 1320 2055 1372 ls
2082 1316 2153 1370 si-

502 1416 748 1488 quidem
779 1414 853 1470 de
882 1429 1004 1486 quo
1034 1417 1280 1478 Marcus,
1311 1415 1528 1466 vestem
1557 1426 1679 1483 pra
1700 1407 1888 1464 nimia
1917 1406 2153 1462 festina-

502 1505 654 1560 tione
686 1505 951 1576 projecit,
988 1507 1043 1557 et
1063 1503 1186 1557 sine
1228 1505 1502 1556 contactu
1560 1497 1876 1554 sanitatem
1904 1497 2148 1567 accepit.

502 1594 554 1647 Is
608 1600 807 1649 autem
848 1592 951 1663 qui
1021 1591 1180 1662 apud
1238 1591 1449 1646 Lucam
1516 1593 1621 1654 est,
1679 1587 1901 1643 Christo
1959 1583 2152 1656 potius

499 1682 864 1752 ingrediente
915 1680 1167 1746 Jericho,
1235 1683 1291 1735 et
1347 1695 1468 1736 non
1524 1677 1878 1747 egrediente,
1937 1673 2152 1729 sanita-
2180 1687 2220 1740 Β

503 1777 619 1827 tem
647 1777 738 1826 est
785 1775 1158 1826 consecutus.
1207 1767 1559 1840 Hujusmodi
1600 1766 1777 1821 etiam
1805 1763 2152 1836 opinionem

502 1862 644 1916 mihi
699 1861 1014 1915 conﬁrmat
1044 1859 1524 1930 Chrysostomus,
1563 1856 1664 1928 qui
1689 1855 1762 1910 de
1801 1853 1914 1909 illis
1958 1851 2152 1924 utpote

501 1949 629 2004 aliis
661 1948 806 2003 nihil
832 1949 1077 2002 omnino
1104 1947 1416 2016 signiﬁcat.

841 2089 993 2146 CAP.
1031 2089 1179 2144 XLV.
1222 2090 1306 2142 De
1334 2088 1507 2143 asina
1535 2093 1589 2143 et
1611 2088 1806 2156 pulto.

575 2239 716 2306 Cap.
748 2235 890 2288 XXI.
933 2234 1088 2288 Vers.
1128 2235 1178 2286 t.
1220 2234 1457 2288 Etcum
1497 2261 1568 2271 —
1595 2231 1760 2287 Vers.
1789 2235 1840 2287 3.
1881 2245 1990 2286 eos.
2017 2229 2153 2285 Jam

504 2330 692 2379 morte
710 2339 820 2377 sua
837 2323 1377 2394 appropinquante,
1393 2321 1602 2389 majori
1618 2319 1957 2376 auctoritate
1975 2332 2153 2388 nego-

502 2415 583 2469 tia
595 2411 828 2481 attingit
849 2431 863 2479 ;
884 2416 939 2466 et
955 2412 1099 2482 quia
1112 2411 1185 2465 de
1199 2412 1363 2466 asinn
1389 2418 1521 2465 1".le
1540 2409 1699 2480 pullo
1737 2408 2152 2480 prophetatum

503 2505 648 2568 erat,
682 2516 840 2556 nunc
896 2505 1184 2572 tanquam
1214 2500 1474 2555 omnium
1515 2497 1802 2553 Dominus
1845 2495 2014 2569 jubet
2061 2495 2154 2550 his

503 2606 652 2662 quos
683 2588 995 2644 emittebat.
1034 2592 1096 2644 ut
1123 2589 1327 2644 dicant
1357 2604 1369 2642 :
1402 2588 1644 2644 Domino
1689 2587 1779 2642 his
1804 2601 1944 2656 opus
1967 2592 2066 2650 est,
2099 2589 2157 2639 et

440 2741 446 2760 ι
502 2685 639 2751 post
665 2679 931 2734 habitum
950 2695 1121 2733 usum
1141 2678 1343 2732 reduci
1370 2677 1476 2732 hos
1501 2676 1578 2732 ad
1591 2676 1902 2731 dominum
1922 2690 2151 2730 eorum.

503 2769 613 2824 Sed
646 2767 942 2824 Matthaeus
966 2768 1198 2823 asinam
1223 2766 1364 2822 dicit
1383 2766 1682 2839 etpullum
1717 2784 1730 2831 ;
1761 2765 1993 2820 Marcus
2020 2778 2153 2818 vero

502 2857 731 2928 pullum
773 2857 966 2912 solum
999 2859 1066 2908 σε.
1098 2856 1429 2919 Invenietis,
1462 2855 1672 2926 inquit,
1702 2852 2156 2923 pullumalliga-

505 2954 646 3011 tum,
681 2962 860 3016 super
889 2962 1057 3016 quem
1087 2945 1289 3000 nullus
1320 2944 1621 3002 hominum
1668 2943 1837 3000 sedit.
1880 2941 2154 2998 Similiter

2263 431 2330 493 τῷ
2361 433 2654 497 τριακοστῷ
2684 429 2872 499 πρώτῳ
2901 423 3158 496 κεφαλαίῳ
3204 431 3295 474 τοῦ
3323 423 3599 496 Etim/751166
3633 429 3764 503 αὐτοῦ,

2263 518 2576 586 Βαρτιμαῐον
2650 512 2977 585 καλούμενον·
3062 515 3203 588 παρὰ
3269 519 3439 564 Λουκᾶ
3501 511 3568 582 δὲ,
3621 515 3658 568 ἒν
3718 531 3766 591 τῷ

2263 601 2526 672 ἑξηκοστῷ
2594 604 2821 677 τετάρτῳ
2873 600 3132 674 κεφαλαίῳ
3182 610 3272 654 τοῦ
3323 602 3430 653 κατ’
3472 603 3603 655 αὐτόν
3651 608 3767 680 Εὐαγ-

2260 689 2454 760 γελίου·
2488 694 2573 742 τὸν
2604 689 2753 743 ἀλλον
2789 687 2846 743 δὲ
2886 693 3361 764 παρασιωπηθῆναι
3386 695 3566 754 τούτοις
3589 695 3698 767 (31),
3723 700 3768 759 ὡς

2262 781 2517 854 ὑπηρέτην
2572 779 2783 832 ἐκείνου·
2855 783 2992 832 καθά
3047 776 3113 839 δὴ
3157 785 3249 832 καὶ
3297 786 3409 854 περὶ
3451 789 3538 833 τῶν
3577 778 3656 835 δύο
3689 781 3770 837 δαι-

2262 873 2606 941 μονιζομένων
2653 868 2700 922 ἐν
2763 879 2836 941 τῷ
2891 866 3177 941 δωδεκάτῳ
3225 873 3470 942 κεφαλαίῳ
3516 878 3767 947 προείρηται.

2267 962 2365 1010 Καὶ
2410 967 2809 1031 τεκμηριοῡνται
2859 963 2945 1010 τὸν
2989 959 3162 1031 λόγον,
3205 958 3305 1011 ἀπὸ
3352 967 3437 1010 τοῦ
3481 964 3539 1011 τὰ
3574 961 3684 1014 αὐτὰ
3710 970 3770 1015 καὶ

2263 1047 2438 1114 εἰπεῖν,
2505 1054 2594 1099 καὶ
2651 1045 2896 1114 ἀκοῦσαι,
2955 1052 3041 1099 καὶ
3095 1049 3287 1121 ὁμοίως
3333 1047 3662 1109 ἀκολουθῆσαι·
3706 1052 3772 1122 ἐγὼ

2264 1132 2322 1188 δὲ
2363 1136 2765 1209 στοχαζόμενος,
2819 1137 2986 1213 ἕτερον
3035 1136 3164 1190 εἶναι
3209 1137 3356 1209 λέγω,
3405 1140 3534 1211 παρά
3572 1144 3668 1200 τοὺς
3707 1136 3772 1190 δύο

2263 1226 2493 1291 τούτους,
2555 1229 2640 1277 τόν
2693 1234 2784 1277 τοῦ
2843 1229 3083 1300 Μάρκου,
3133 1231 3222 1278 καὶ
3269 1226 3429 1302 ἕτερον
3482 1226 3632 1295 πάλιν,
3677 1231 3776 1300 παρὰ

2265 1316 2346 1363 τὸν
2398 1320 2486 1365 τοῦ
2536 1317 2773 1388 Μάρκου,
2818 1319 2901 1367 τόν
2951 1323 3042 1368 τοῦ
3089 1321 3286 1368 Λουκᾶ.
3335 1322 3430 1368 Καὶ
3455 1319 3545 1388 γὰρ
3573 1318 3595 1368 6
3623 1322 3692 1388 μὲν
3715 1325 3774 1367 τοῦ

2262 1405 2477 1476 Μάρκου
2527 1407 2610 1454 καὶ
2659 1407 2716 1455 τό
2767 1407 2969 1476 ἱμάτιον
3014 1403 3218 1479 ἔρριψεν
3258 1406 3358 1456 ὑπὸ
3395 1412 3484 1466 τῆς
3519 1405 3630 1477 ἄγαν
3662 1424 3776 1457 61:66-

2264 1487 2382 1557 δῆς,
2428 1496 2516 1543 καὶ
2568 1498 2738 1566 χωρὶς
2789 1491 2988 1565 ἐπαφῆς
3031 1498 3124 1551 τὴν
3168 1493 3312 1545 ἴασιν
3357 1492 3536 1546 ἔλαϐεν
3575 1496 3596 1545 6
3638 1490 3684 1546 δὲ
3716 1502 3777 1545 τοῦ

2263 1586 2462 1648 Λουκᾱ,
2513 1579 2794 1655 ἐρχόμενον
2835 1582 3025 1653 μᾶλλον
3074 1582 3142 1642 εἰς
3193 1579 3400 1655 Ἰεριχὼ
3449 1590 3533 1634 τοῦ
3584 1590 3776 1655 Χριστοῦ,

2261 1673 2348 1720 καὶ
2406 1668 2499 1720 οὐκ
2556 1668 2980 1744 ἐκπορευομένου,
3039 1679 3131 1732 τῆς
3186 1671 3373 1731 ἰάσεως
3421 1674 3580 1743 ἔτυχε.
3632 1669 3780 1723 Βεϐαιοῑ

2263 1753 2320 1809 δὲ
2368 1777 2458 1830 μοι
2498 1758 2729 1830 μάλιστα
2775 1765 2868 1817 τὴν
2917 1763 3160 1818 τοιαύτην
3211 1758 3469 1831 ὑπόληψιν
3506 1762 3530 1812 6
3565 1760 3779 1832 (32))ἰρυη

2264 1851 2540 1918 σόστομος,
2609 1843 2759 1900 οὐδὲν
2819 1868 2870 1899 τι
2946 1853 3064 1924 περὶ
3125 1847 3324 1900 ἐκείνων
3391 1847 3781 1920 ἐπισημηνάμενος,

2261 1937 2328 1996 ὡς
2356 1935 2537 2008 ἐτέρων
2571 1941 2744 1992 ὄντων.

2465 2084 2608 2132 HN.
2646 2079 2772 2133 ME’.
2808 2083 2933 2153 Περὶ
2963 2086 3058 2141 τῆς
3087 2083 3202 2132 ὄνου
3231 2084 3320 2132 καὶ
3355 2087 3445 2132 τοῦ
3470 2079 3639 2132 πώλου.

3043 2235 3185 2297 Ἤδη
3239 2248 3339 2302 τῆς
3401 2239 3618 2300 τελευτῆς
3671 2238 3784 2289 αὖτοὺ

2843 2327 3374 2402 ἐξουσιαστικὼτερον
3463 2328 3649 2381 ἅπτεται
3719 2334 3784 2376 τῶν

2336 2243 2434 2290 Καὶ
2487 2240 2568 2290 ὅτε
2616 2270 2684 2278 -
2756 2239 2974 2302 αὐτούς,

2261 2328 2691 2401 προσεγγιζούση
2704 2349 2744 2390 ς,

2260 2417 2603 2487 πραγμάτων,
2650 2421 2740 2469 καὶ
2783 2415 2892 2470 ἐπεὶ
2935 2423 3287 2490 προεφότευσε
3326 2421 3396 2471 τὰ
3435 2421 3562 2470 κατὰ
3602 2420 3678 2474 τὴν
3711 2418 3788 2465 ὄνον

2260 2508 2350 2555 καὶ
2396 2508 2478 2556 τὸν
2524 2505 2710 2571 πῶλον,
2762 2505 2960 2572 λοιπόν,
3015 2509 3084 2567 ὡς
3141 2509 3330 2581 Κύριος
3390 2508 3595 2571 πάντων,
3647 2504 3786 2555 κελεύει

2259 2600 2365 2654 τοῖς
2427 2592 2886 2666 ἀποστελλομένοις
2932 2595 3109 2658 εἰπεῖν,
3174 2597 3258 2647 ὅτι
3299 2595 3366 2649 Ὀ
3423 2599 3598 2669 Κύριος
3645 2594 3781 2665 χρείαν

2263 2683 2428 2732 αὐτῶν
2492 2685 2623 2752 ἔχει,
2679 2687 2768 2735 καὶ
2817 2687 2948 2755 μετὰ
3005 2689 3096 2742 τὴν
3154 2689 3350 2756 χρείαν
3407 2683 3684 2754 ἀντιστρέφει
3724 2679 3786 2729 αὐ-

2260 2775 2379 2831 τοὺς
2429 2774 2554 2844 πρὸς
2602 2774 2724 2832 τοὺς
2768 2777 2981 2844 κυρίους
3029 2773 3218 2826 αὐτῶν.
3264 2773 3425 2827 Ἀλλά
3473 2773 3691 2828 Ματθαῖος
3719 2769 3789 2838 μὲι

2262 2863 2371 2910 ὄνον
2447 2864 2536 2911 καὶ
2601 2860 2767 2912 πῶλον
2838 2860 2994 2932 λέγει·
3050 2863 3260 2933 Μάρκος
3321 2859 3386 2915 δὲ
3453 2860 3589 2913 πῶλον
3646 2860 3786 2928 μόνον.

2267 2947 2524 3022 Εὐρήσετε
2597 2952 2721 3021 γὰρ,
2799 2955 2951 3021 φησὶ,
3038 2949 3207 3002 πῶλον
3282 2947 3558 3023 δεδεμένον,
3629 2945 3684 3017 ἔθ’
3750 2944 3793 2993 ὃν

503 3043 704 3091 autem
729 3035 999 3090 scribitet
1013 3037 1197 3090 Lucas
1214 3036 1282 3087 ⁵⁷.
1298 3037 1554 3090 Joannes
1570 3049 1703 3088 vero
1717 3032 1945 3105 pullum
1970 3030 2145 3087 asinaa

2265 3034 2439 3098 οὐδεὶς
2490 3035 2769 3111 ἀνθρώπων
2833 3037 3090 3094 ίκάθισεν.
3143 3038 3376 3111 Ὁμοίως
3429 3037 3484 3092 δὲ
3530 3037 3686 3109 γράφει
3729 3035 3797 3082 καὶ

501 3125 662 3180 hunc
707 3124 1032 3196 appellavit
1078 3125 1146 3190 ⁸³,
1205 3129 1496 3195 tanquam
1554 3122 1833 3178 tenellum
1889 3121 2148 3176 asinum.

503 3214 655 3282 Quid
681 3229 824 3283 ergo
854 3213 1125 3270 dicemus
1146 3217 1174 3268 ?
1191 3213 1364 3279 Quod
1392 3217 1638 3285 utroque
1663 3227 1816 3284 opus
1836 3216 1960 3266 erat
1983 3209 2153 3269 Chri-

503 3308 594 3359 sto
629 3322 642 3362 :
672 3302 778 3358 sed
817 3302 979 3375 pullo
1013 3308 1073 3359 ut
1103 3318 1284 3374 super
1325 3318 1464 3358 eum
1491 3301 1817 3365 veheretur,
1850 3300 2022 3356 asina
2052 3315 2152 3355 au-

504 3396 619 3448 tem
652 3397 716 3448 ut
745 3392 971 3463 pullum
1007 3396 1393 3463 sequeretur:
1435 3390 1713 3462 explebat
1733 3389 1891 3444 enim
1937 3392 2154 3460 myste-

499 3484 656 3538 rium
688 3482 853 3555 quod
878 3481 1076 3537 futura
1107 3480 1552 3554 praeﬁgurabat.
1583 3482 1649 3534 Et
1687 3484 1807 3534 erat
1856 3478 2056 3548 pullus
2091 3477 2152 3532 in

498 3573 758 3641 figuram
789 3570 928 3626 novi
948 3586 978 3624 e
1005 3571 1281 3640 gentibus
1310 3569 1530 3642 populi,
1559 3567 1788 3624 venturi
1839 3567 1915 3622 ad
1969 3566 2153 3622 ﬁdem

499 3677 634 3734 quae
662 3665 753 3716 est
780 3661 840 3714 in
869 3659 1186 3724 Christum,
1241 3659 1345 3732 qui
1373 3660 1452 3715 ad
1494 3658 1708 3714 divinas
1765 3655 1915 3728 legis
1941 3656 2151 3728 jugum

498 3749 916 3804 inexercitatus
968 3754 1114 3814 erat,
1149 3764 1328 3820 super
1377 3765 1558 3820 quem
1599 3747 1798 3802 nullus
1837 3747 2150 3803 hominum

501 3837 756 3902 sederat,
800 3837 1092 3909 prOpheta
1145 3837 1412 3892 videlicet
1457 3836 1544 3892 vel
1588 3836 1912 3908 apostolus.
1971 3835 2152 3892 Asina

498 3942 638 3982 vero
666 3927 730 3981 in
762 3931 974 3998 typum
993 3925 1204 3981 veteris
1232 3941 1263 3980 e
1291 3924 1509 3980 Iudaeis
1540 3925 1743 3997 populi
1762 3926 1876 3981 sub
1897 3925 2046 3996 jugo
2070 3924 2153 3981 le-

499 4015 590 4086 gis
611 4014 900 4085 degentis.
923 4017 986 4071 Et
1012 4013 1216 4086 pullus
1237 4013 1486 4086 quidem
1507 4012 1802 4071 Christum
1829 4015 1987 4070 vehit
2011 4015 2152 4071 insi-

497 4105 760 4172 dentem,
790 4105 959 4160 asina
998 4120 1140 4159 vero
1172 4105 1455 4176 sequitur,
1487 4105 1737 4161 docente
1768 4106 1963 4178 reipsa
1985 4104 2151 4177 quod

498 4198 819 4266 postquam
875 4192 1138 4248 Christus
1181 4192 1459 4262 gentibus
1504 4193 1802 4260 insederit,
1847 4199 1904 4250 et
1947 4194 2006 4249 in
2064 4194 2149 4249 eis

498 4288 788 4357 tanquam
814 4284 877 4339 in
911 4299 974 4339 se
1005 4283 1385 4340 credentibus
1416 4283 1792 4356 requieverit,
1828 4288 2151 4355 sequentur

2267 3132 2486 3185 Λουκᾶς.
2542 3131 2640 3178 Καὶ
2691 3128 2716 3177 6
2767 3126 3004 3187 Ἰωοίννης
3055 3123 3114 3179 δὲ
3158 3131 3244 3180 τόν
3299 3127 3471 3180 πῶλον
3520 3132 3671 3177 τοῦτον
3709 3119 3795 3170 ὀνά-

2265 3234 2375 3289 ριον
2433 3215 2720 3288 ὠνόμασεν,
2773 3218 2838 3276 ὡς
2907 3220 3017 3268 ὄνον
3067 3218 3198 3285 νέον,
3253 3216 3369 3270 ἐπεὶ
3426 3220 3511 3268 καὶ
3562 3213 3713 3277 πῶλος,
3759 3209 3798 3258 τὸ

2266 3313 2361 3365 τῆς
2414 3308 2528 3356 ὄνου
2589 3305 2868 3381 πωλάριον.
2927 3309 2990 3358 Τί
3037 3302 3124 3358 οὖν
3169 3306 3426 3380 ἐροῦμενς
3469 3305 3580 3357 Ὀτι
3624 3305 3696 3353 καὶ
3734 3296 3798 3367 ἆμ-

2269 3397 2488 3466 φοτέρων
2536 3397 2625 3467 μὲν
2669 3397 2798 3467 ἔσχε
2829 3400 3014 3466 χρείαν
3051 3397 3076 3446 ό
3111 3399 3369 3469 Χριστός,
3406 3394 3532 3447 ἀλλά
3566 3400 3644 3446 τοῦ
3677 3388 3801 3442 πώλου

2267 3486 2357 3556 μὲν
2406 3483 2476 3544 εἰς
2533 3486 2590 3535 τὸ
2641 3482 2982 3555 ἐποχηθῆναι
3035 3483 3194 3555 αὐτῷ’
3250 3493 3351 3548 τῆς
3404 3489 3518 3538 ὄνου
3564 3480 3630 3547 δὲ,
3671 3479 3725 3538 εἰς
3763 3478 3799 3526 7'5

2269 3571 2568 3625 ἀκολουθεῖν
2615 3581 2687 3643 τῷ
2732 3572 2912 3644 πώλῳ.
2970 3578 3276 3647 Μυστήριον
3327 3577 3432 3650 γὰρ
3487 3572 3629 3627 ἆτᾶει
3665 3584 3805 3642 προτει-

2267 3670 2394 3714 ποῠν
2445 3664 2510 3714 τὰ
2563 3661 2830 3733 μέλλοντα.
2885 3667 2984 3715 Καὶ
3035 3659 3097 3721 ἦν
3154 3665 3181 3715 ὀ
3224 3664 3401 3726 πῶλος
3587 3661 3651 3720 εἰς
3689 3661 3803 3708 τύποι

2265 3758 2356 3804 τοῦ
2395 3749 2448 3813 ἐξ
2499 3751 2655 3804 ἐθνῶν
2709 3755 2822 3804 νέου
2875 3751 3022 3823 λαοῦ,
3075 3759 3167 3805 τοῦ
3219 3757 3324 3829 πρὸ
3377 3761 3477 3816 τῆς
3524 3752 3590 3813 εἰς
3633 3746 3804 3821 Χριστὸν

2265 3846 2491 3900 πίστεως
2540 3839 2877 3913 ἀγυμνάστου
2918 3845 3050 3915 πρός
3087 3845 3174 3894 τόν
3215 3843 3380 3915 ζυγὸν
3420 3849 3512 3895 τοῦ
3548 3843 3670 3894 θείου
3690 3839 3802 3905 νόμον

2265 3932 2636 4002 τυγχάνοντος,
2687 3929 2762 4001 ἐφ’
2820 3933 2872 3982 δν
2933 3927 3106 3991 οὐδεὶς
3155 3932 3441 4006 ἀνθρώπων
3499 3930 3702 3992 ἐκάθισε,
3740 3919 3805 3976 δεο

2266 4015 2424 4083 λαὸὴ,
2467 4024 2741 4093 προφήτης
2777 4020 2806 4077 ἦ
2864 4018 3172 4082 ἀπόστολος·
3223 4022 3253 4079 ἡ
3304 4025 3423 4082 ὄνος
3471 4018 3549 4091 δὲ,
3600 4018 3658 4078 εἰς
3696 4018 3804 4067 rm)

2266 4116 2358 4160 τοῦ
2396 4107 2448 4171 ἐξ
2498 4105 2765 4161 Ἰουδαίων
2807 4109 3031 4162 παλαιοῦ
3080 4109 3226 4176 λαοῦ,
3284 4119 3382 4163 τοῦ
3427 4113 3528 4163 ὑπὸ
3579 4111 3656 4160 τὸν
3691 4103 3802 4169 ζυγέν

2265 4205 2357 4250 τοῦ
2412 4202 2569 4269 νόμου
2626 4198 2912 4260 τελοῦντος.
2980 4204 3076 4251 Καὶ
3134 4201 3159 4251 ό
3215 4200 3390 4262 πῶλος
3453 4205 3542 4274 μὲν
3601 4201 3713 4270 φέρει
3752 4193 3810 4239 τάν

2265 4289 2496 4361 Χριστόν
2553 4289 2766 4358 ἔποχον·
2825 4288 3002 4340 ἕπεται
3053 4285 3114 4340 δὲ
3169 4290 3199 4347 ἡ
3251 4293 3384 4350 ὄνος
3435 4297 3527 4342 τοῦ
3572 4287 3810 4360 πράγματος

496 4378 553 4430 et
591 4375 798 4432 Judaei.
853 4373 1004 4430 Dicit
1025 4374 1184 4431 enim
1211 4378 1265 4428 et
1295 4372 1552 4429 Paulus:
1586 4373 1838 4430 Caecitas
1881 4389 1956 4431 ea:
1984 4380 2145 4444 parte

2267 4372 2635 4440 διδάσκοντος,
2679 4378 2760 4428 ὅτι
2789 4379 2922 4448 ματά
2949 4381 3007 4429 τὸ
3052 4379 3270 4430 καθίσαι
3299 4383 3395 4431 τόν
3445 4379 3664 4452 Χριστόν
3689 4373 3753 4424 ἐπὶ
3775 4370 3816 4418 τὰ

491 4465 659 4532 facta
677 4467 838 4520 estin
851 4465 1042 4521 Israel
1063 4465 1248 4520 donec
1265 4463 1579 4532 plenitudo
1595 4464 1866 4533 gentium
1893 4463 2154 4520 intrave-

496 4553 577 4609 rit
609 4570 623 4618 ;
657 4557 709 4610 et
751 4560 894 4610 tunc
921 4554 1110 4612 omnis
1133 4554 1320 4609 Israel
1350 4554 1551 4608 salvus
1577 4555 1684 4607 erit
1735 4555 1806 4608 ‘9.
1838 4554 2152 4624 Propterea

496 4655 638 4708 ergo
669 4643 976 4698 Matthzeus
1003 4647 1214 4698 exacta
1243 4641 1549 4714 diligentia
1578 4640 1884 4712 utriusque
1895 4641 2153 4710 jumenti

498 4728 768 4782 meminit
797 4744 815 4792 ;
847 4731 1041 4784 caeteri
1070 4735 1270 4785 autem
1312 4729 1614 4786 brevitatis
1679 4744 1864 4786 causa
1918 4728 2149 4801 pullum

495 4816 743 4889 quidem
783 4818 1165 4890 scripserunt,
1195 4835 1268 4875 eo
1305 4819 1473 4891 quod
1525 4834 1703 4891 super
1729 4817 1897 4874 illum
1948 4822 2150 4876 vectus

568 4996 615 5030 ⁸⁸
649 4995 828 5052 Marc.
859 5012 910 5052 x.
942 4999 1039 5054 46.
1123 4997 1172 5033 ⁶¹
1205 4999 1322 5053 Luc
1345 5012 1513 5063 xvm,
1543 4999 1634 5054 35.
1713 5000 1760 5032 °°
1789 4997 1967 5053 Marc.
1996 5013 2059 5064 ιι,
2089 5000 2144 5052 2.

1123 4997 1172 5033 ⁶¹
1205 4999 1322 5053 Luc
1345 5012 1513 5063 xvm,
1543 4999 1634 5054 35.

2221 4999 2270 5035 ⁸⁷
2310 5000 2448 5055 Luc.
2476 5011 2602 5067 XIX,
2636 5003 2724 5056 3U.

2265 4466 2408 4532 ἔθνη,
2470 4470 2559 4516 καὶ
2626 4464 3104 4518 ἐπαναπαύσασθαι
3159 4467 3344 4528 αὐτοῖς
3406 4470 3727 4521 πιστεύσασιν
3769 4456 3817 4514 εἰς

2265 4553 2444 4621 αὐτὸν,
2493 4553 2914 4612 ἀκολουθήσουσι
2963 4559 3166 4616 τούτοις
3206 4561 3293 4608 καὶ
3329 4560 3383 4610 οἱ
3415 4553 3677 4611 Ἰουδαῖοι.
3707 4553 3819 4616 Λέγει

2263 4646 2364 4718 ’γὰρ
2411 4647 2499 4696 καὶ
2548 4643 2770 4713 Παῦλος,
2823 4645 2904 4696 ὅτι
2957 4650 3206 4720 Πὼρωσις
3247 4655 3321 4717 τῷ
3376 4646 3597 4722 Ἰσραὴλ
3647 4641 3728 4694 ἀπὸ
3753 4639 3820 4708 μέ-

2262 4751 2381 4807 Ρους
2457 4736 2679 4804 γέγονεν,
2746 4735 2908 4807 ἄχρις
2975 4734 3035 4786 οὗ
3100 4736 3162 4787 τό
3235 4740 3505 4812 πλήρωμα
3571 4743 3661 4788 τῶν
3707 4727 3822 4781 ἐθνῶν

2267 4820 2496 4893 εισίλθη,
2540 4826 2631 4874 καὶ
2685 4825 2800 4875 τότε
2837 4822 2958 4896 (33)
3003 4829 3108 4886 πᾶς
3152 4824 3372 4899 Ἰσραὴλ
3421 4827 3713 4883 συθήσιται,
3758 4816 3824 4868 Διά

2802 5001 2850 5037 ⁸⁸
2877 5001 3050 5060 Joan.
3077 5017 3175 5069 ιιι,
3205 5002 3296 5060 14.
3380 5005 3433 5040 ⁹⁶
3462 5005 3630 5061 Rom.
3655 5014 3724 5064 xi,
3762 4998 3826 5048 25-

1718 5173 1941 5242 Variaa
1974 5169 2301 5244 lectiones
2336 5183 2399 5244 et
2430 5185 2640 5246 notae.

577 5370 692 5441 (3i)
726 5369 1012 5430 ΤούτουςΒ.

568 5442 682 5512 (32)
711 5439 933 5497 Scilicet
970 5431 1427 5512 Chrysostomus
1454 5442 1526 5497 de
1557 5435 1821 5499 Marcoet
1855 5435 2009 5499 Luca
2029 5439 2140 5500 hoc

496 5520 628 5570 toco
658 5511 802 5568 nihil
823 5517 1046 5579 monet,
1068 5511 1654 5570 Malthaeumtantum
1685 5516 1936 5570 breviter
1966 5516 2149 5587 expli-

2254 5388 2425 5440 cans,
2457 5379 2497 5444 tt
2535 5375 2649 5441 VII,
2683 5375 2914 5445 p.653,
2942 5363 3068 5432 654.

2323 5445 2437 5515 (33)
2469 5441 2715 5519 Codices
2743 5443 3169 5519 Chrysostomi,
3206 5451 3247 5502 t.
3277 5447 3397 5517 vn,
3452 5463 3514 5519 p.
3550 5451 3648 5503 656
3673 5441 3827 5508 0,111;-

2258 5521 2465 5572 ctuant
2489 5520 2669 5574 etiam
2702 5518 3013 5574 intermino
3042 5524 3099 5576 et
3123 5525 3254 5574 τότε.
