3906 6202
140 269 232 328 549

1229 259 1598 326 COMMENT.
1641 267 1711 325 ΙΝ
1752 263 2197 328 MATTHIEUM.
2244 303 2313 312 -—-
2351 273 2506 328 CAP.
2546 264 2694 327 XXI.

3379 272 3486 330 550

145 404 284 450 τοῦτο
311 400 474 450 τοίνυν
511 398 779 456 Ματθαῖος
827 399 936 468 μὲν,
983 391 1056 448 δι’
1101 394 1388 470 ἀκρίϐειαν,
1439 400 1529 448 καὶ
1560 394 1726 468 ἀμφο-

1935 394 2205 452 Salvator
2236 413 2250 463 ;
2285 397 2514 455 asinam
2537 413 2677 453 vero
2703 397 2936 453 silentio
2962 397 3388 470 prasterierunt,
3420 401 3487 454 ut

145 492 290 562 τίρων
343 486 678 559 ἐμνημόνευσε
717 493 817 537 τῶν
869 485 1187 556 υποζυγίων’
1235 489 1283 538 οἱ
1333 483 1383 538 δ’
1420 485 1584 555 ἄλλοι,
1635 483 1728 538 διὰ

147 581 433 648 συντομίαν,
484 579 566 627 τὸν
634 575 800 627 πῶλον
861 577 950 647 μὲν
1017 574 1338 650 ἀνέγραψαν,
1391 579 1460 637 ὡς
1534 574 1727 646 ἐποχη-

140 667 300 725 θέντος
357 663 497 734 αὖτῷ
547 672 640 716 τοῦ
689 671 940 736 Σωτῆρος·
981 669 1075 722 τὴν
1117 668 1226 716 ὄνον
1286 661 1345 716 δὲ
1395 668 1728 738 παρεσιὼπη-

135 771 238 814 σαν,
273 755 347 814 ὡς
398 752 649 826 ἑπομένην
694 757 865 824 μόνον.
897 753 1182 824 Ἑπωχήθη
1214 757 1304 825 μὲν
1335 749 1422 805 οὖν
1461 762 1532 822 τῷ
1575 751 1727 822 πώλῳ

135 845 372 914 Χριστὸς,
427 841 539 913 ἅμα
584 844 696 914 μὲν,
741 845 807 902 ὡς
836 845 1057 916 εἴρηται,
1110 850 1380 916 προτυπῶν
1419 845 1477 893 τὸ
1525 839 1723 912 μέλλον,

135 932 227 1003 ἅμα
265 927 330 984 δὲ
385 935 500 998 καὶ,
545 927 727 988 ἐπειδὴ
779 929 1090 999 συνέϐαινεν,
1141 930 1541 1003 ἀσθενεστέρους
1583 933 1728 990 ὄντας

137 1023 257 1082 τινὰς
305 1021 612 1090 ὑποζυγίων
663 1017 893 1084 δεῖσθαι,
952 1021 1238 1074 κάνταῦθα.
1298 1023 1496 1094 Μέτρον
1555 1020 1725 1081 ἔθηκε,

141 1107 346 1173 διανὺς,
405 1111 486 1162 ὅτι
545 1109 604 1162 οὐ
655 1114 770 1183 χρὴ
824 1112 910 1162 τὸν
968 1109 1130 1162 αὐτοῦ
1200 1111 1442 1181 μαθητὴν
1498 1110 1639 1179 ἰππῳ
1694 1111 1723 1166 ἦ

142 1204 319 1271 iam»:
339 1200 668 1272 κεχρῆσθαι,
699 1198 807 1250 αλλ’
832 1197 972 1269 ὀνῳ,
1007 1203 1099 1252 καὶ
1139 1206 1404 1251 παντακοῦ
1435 1202 1598 1270 μόνης
1633 1205 1728 1258 τῆς

136 1296 314 1362 χρείας
338 1290 592 1358 γίνεσθαι.

195 1385 354 1430 Τοῦτο
420 1408 488 1418 σ-
566 1380 679 1428 υἱόν
757 1376 1074 1446 ὑποζυγίου.
1151 1383 1336 1442 Τοῦτο,
1413 1384 1600 1443 ποῖονς
1657 1379 1726 1428 T6

123 1465 422 1519 ἀποστεῖλαι
463 1469 581 1526 τοὺς
617 1467 857 1538 μαθητὰς
900 1465 970 1526 εἰς
1017 1469 1074 1518 τὸ
1107 1463 1323 1537 ἀγαγεῖν
1363 1469 1457 1524 τὴν
1488 1469 1598 1517 ὄνον
1643 1469 1725 1517 καὶ

119 1560 190 1606 τόν
215 1556 414 1609 πῶλον.
457 1560 739 1629 Προφήτην
789 1551 847 1607 δὲ
882 1563 965 1605 νῦν
1004 1553 1142 1626 λέγει
1188 1558 1276 1606 τὸν
1306 1560 1600 1627 Ζαχαρίαν.
1636 1561 1728 1607 Πε-

117 1645 385 1719 πλήρωται
416 1648 509 1717 μὲν
538 1652 625 1697 οῦν
667 1646 697 1702 ἠ
730 1647 944 1701 τοιαύτη
976 1648 1285 1716 προφητεία.
1315 1648 1496 1714 Γέγονε
1526 1640 1585 1697 δὲ
1607 1647 1726 1696 ταύ-

117 1754 198 1794 της
245 1737 280 1792 ἠ
352 1734 630 1804 πλήρωσις
695 1738 987 1806 προφητεία
1037 1733 1193 1786 πάλιν
1251 1731 1426 1805 ἐτέρου
1481 1733 1724 1804 πράγμα-
1761 1748 1806 1803 Β

120 1842 209 1889 τος,
239 1829 389 1895 φημὶ
421 1818 520 1888 δὴ,
552 1829 648 1884 τῆς
691 1827 919 1884 πίστεως
962 1829 1061 1874 τῶν
1104 1820 1278 1886 ἐθνῶν,
1312 1824 1381 1881 ὡς
1429 1821 1723 1896 εἰρήκαμενε

119 1916 371 1984 Θτηοὲτηρ
431 1908 494 1964 δὲ
525 1915 677 1973 Σιὼν,
729 1910 860 1968 αὐτὴ
909 1913 941 1969 ἡ
992 1915 1139 1981 Σιὼν,
1181 1913 1245 1971 ὡς
1281 1912 1396 1971 Υἱὸς
1432 1908 1723 1984 ἀνθρώπου,

118 2002 257 2063 αὐτὸς
332 2002 362 2052 ὀ
446 2002 735 2073 ἄνθρωπος.
806 1996 1024 2072 ’ἰδίωμα
1085 2002 1186 2072 γὰρ
1260 2004 1350 2052 καὶ
1415 2007 1567 2051 τοῦτο
1632 2007 1727 2059 τῆς

115 2086 375 2163 Βϐραίδος
432 2085 737 2143 διαλέκτου.
795 2093 895 2142 Καὶ
942 2093 1070 2140 Σιὼν
1118 2091 1230 2160 μὲν,
1279 2089 1311 2146 ἠ
1363 2086 1722 2161 Ἱερουοεαλήμ.⁹

116 2177 361 2249 βασιλεὺς
390 2175 457 2231 δὲ
487 2185 586 2239 τῆς
613 2183 760 2244 Σιὼν,
793 2180 819 2230 6
865 2182 1113 2251 Χριστός·
1155 2184 1312 2229 τοῦτο
1340 2181 1450 2250 μὲν,
1483 2181 1547 2237 ὡς
1579 2181 1722 2237 Θεὸς

107 2278 244 2322 τοῦτο
281 2266 378 2333 δὲ,
432 2272 527 2320 καὶ
582 2269 647 2328 ὡς
696 2267 754 2318 ἐκ
809 2265 1094 2339 βασιλικῆς
1131 2268 1286 2340 ῥίζης
1326 2265 1726 2328 ἀναϐλαστῆσας

106 2367 187 2418 τῆς
237 2367 345 2411 τοῦ
412 2353 608 2411 Δαυίδ²
667 2359 744 2409 ἔτι
803 2353 862 2410 δὲ
917 2361 1024 2422 καὶ,
1097 2359 1162 2417 ὡς
1218 2356 1488 2431 εὐεργέτης
1544 2356 1722 2418 αὐτῆς.

111 2447 362 2520 Ἔρχεται
437 2444 502 2500 δὲ
558 2451 692 2522 πρὸς
741 2446 904 2505 αὐτὴν
962 2446 1155 2521 πραΰς,
1215 2451 1347 2518 μήτε
1405 2442 1728 2520 δορυφόρους

101 2539 249 2607 ἔχων,
279 2543 432 2609 μήτε
459 2537 805 2610 ξιφηφόρους,
834 2541 966 2609 μήτε
985 2533 1349 2611 ῥαϐδούχους,
1379 2533 1508 2587 ἀλλά
1535 2534 1726 2593 πολλὴν

101 2630 188 2683 τὴν
255 2630 584 2699 ἡμερότητα
650 2631 741 2677 καὶ
799 2624 1074 2679 ἐπιείκειαν
1123 2621 1524 2688 ἐνδεικνύμενος.
1585 2623 1728 2677 Ἐπι-

100 2714 344 2777 ςεςηιὼς
385 2711 449 2768 δὲ
499 2714 586 2767 ἐπὶ
620 2717 732 2766 ὄνον
771 2719 862 2766 καὶ
909 2714 1099 2779 πῶλον,
1151 2714 1245 2766 οὐκ
1295 2710 1413 2785 ἰδίᾳ
1449 2718 1540 2766 καὶ
1589 2709 1723 2784 ἰδίᾳ,

106 2800 226 2855 οὐδ’
267 2808 345 2866 ὡς
384 2803 434 2855 ἐν
470 2800 751 2877 συνωρίδιο
805 2801 913 2855 ἀλλ’
946 2807 1058 2855 ὄνον
1087 2808 1176 2856 καὶ
1209 2803 1402 2871 πῶλον,
1433 2806 1519 2855 τὸν
1557 2801 1726 2854 πῶλον

102 2979 145 3032 6~
192 2982 481 3054 ἐρώτησον
527 2985 617 3033 τὸν
671 2978 944 3045 Ἰουδαῖον,
990 2988 1136 3044 ποῖος
1175 2980 1426 3054 βασιλεὺς
1464 2977 1613 3039 ἦλθεν
1654 2980 1725 3042 εἰς

92 3071 468 3144 Ἰερουσαλὴμ
512 3075 612 3142 ὄνῳ
640 3075 731 3123 ναὶ
761 3069 912 3142 πώλῳ
960 3069 1313 3142 ἐποχούμενος
1339 3087 1354 3138 ;
1387 3066 1592 3124 Οὐδένα
1619 3072 1721 3144 γὰρ

89 3163 254 3233 ἕτερον
282 3163 462 3216 εἰπεῖν
497 3162 558 3212 ἄν
590 3163 711 3230 ἔχοι
735 3161 882 3234 παρὰ
908 3163 994 3212 τὸν
1027 3164 1274 3233 Χριστόν.

149 3306 285 3378 [Καὶ
345 3304 480 3376 (34)
520 3303 687 3364 ἄλλως
735 3299 793 3356 δὲ
839 3304 1072 3378 θυγάτηρ
1118 3310 1209 3364 τῆς
1266 3306 1413 3369 Σιὼν,
1465 3297 1721 3374 Ἰερουσα-

81 3394 205 3467 λὴμ,
253 3393 362 3448 διὰ
418 3398 488 3446 τὸ
536 3396 733 3451 ταύτην
777 3393 1088 3445 ὑποκεῖσθαι
1144 3400 1213 3463 τῷ
1264 3395 1370 3467 ὄρει
1417 3400 1488 3463 τῷ
1535 3389 1720 3444 καλου.

79 3491 213 3557 μένῳ
295 3493 466 3539 Σιών·
529 3483 731 3554 λέγεται
792 3479 850 3534 δὲ
905 3487 995 3534 καὶ
1072 3483 1100 3540 ἡ
1169 3480 1509 3557 Ἰερουσαλὴμ
1568 3486 1714 3547 Σιὼν,

80 3572 180 3625 ἀπὸ
228 3583 333 3626 τοῦ
386 3573 720 3646 ἐπικειμένου
768 3575 913 3646 ὄρους
967 3571 1346 3645 μεταλαχοῦσα
1400 3579 1497 3632 τῆς
1545 3573 1718 3624 τοιαύ-

72 3684 168 3727 της
201 3667 310 3722 ιιλή
323 3661 521 3736 σεως.]

151 3757 526 3829 Πορευθέντες
586 3783 655 3791 -
706 3751 893 3806 πῶλον.

69 3843 447 3915 ἐπαγγέλλει,
505 3847 552 3893 τί
591 3845 860 3898 ἐποίησαν.
917 3845 1070 3912 Λέγει
1123 3843 1243 3914 γὰρ,
1300 3841 1380 3905 ὅτι
1437 3838 1717 3904 Ἀπῆλθον,

982 3752 1195 3826 Μάρκος
1263 3746 1296 3802 δ
1300 3752 1322 3802 ὲ
1393 3749 1718 3822 λεπτομερῶς

69 3939 178 3983 νιοιί
251 3933 416 4004 εὗρον
486 3936 570 3984 τὸν
643 3934 811 3982 πῶλον
895 3925 1164 4002 δεδεμένον
1223 3933 1354 4003 πρὸς
1416 3935 1504 3986 τὴν
1561 3931 1718 4004 θύραν

96 2899 304 2950 ὀπο-ον.
349 2894 512 2946 Ὀνον
543 2896 654 2966 μὲν,
685 2901 748 2965 τῇ
782 2895 952 2964 φύσει·
988 2892 1156 2946 πῶλον
1189 2889 1268 2957 δὲ,
1316 2899 1378 2965 τῇ
1425 2891 1624 2964 ἡλικίᾳ.
1658 2895 1724 2944 Σὺ
1759 2890 1800 2946 C

111 2979 145 2994 «ιιι
197 2982 211 2992 ς
272 2992 278 2994 .
570 2985 578 2994 ι
671 2980 705 2994 ν-
790 2978 812 2994 n
852 2989 871 2994 _
1061 2988 1080 2994 -
1183 2980 1210 2994 Α
1311 2980 1327 2994 ς
1376 2985 1386 2994 .
1470 2977 1557 2994 νς-
1682 2980 1694 2992 ς
1966 2969 1981 2994 9

1835 499 1966 555 quae
1999 489 2230 541 tantum
2281 488 2660 560 sequebatur.
2712 490 2919 543 Vectus
2959 492 3046 542 est
3075 487 3272 558 itaque
3305 502 3486 558 super

1835 573 2068 646 pullum
2093 575 2380 641 Christus,
2401 577 2573 632 simul
2615 577 3022 648 prmﬁgurans,
3044 576 3346 631 utdictum
3373 580 3482 641 est,

1835 663 2001 734 quod
2026 664 2291 720 futurum
2311 672 2471 732 erat;
2498 665 2676 721 simul
2705 667 2903 729 etiam,
2927 665 3073 738 quia
3100 665 3488 734 contingebat

1835 752 2134 822 quosdam
2183 755 2600 810 imbecilliores
2631 755 2896 823 indigere
2939 754 3243 825 jumentis,
3304 755 3484 810 etiam

1836 841 1899 896 in
1949 842 2064 898 hoc
2115 844 2366 899 modum
2409 843 2621 914 posuit,
2672 843 2991 899 ostendens
3038 859 3161 898 non
3216 848 3485 914 Oportere

1837 930 2200 1002 discipulum
2231 949 2408 988 suum
2432 948 2582 1003 equo
2617 938 2720 988 aut
2759 931 2922 987 mulo
2953 932 3052 998 uti,
3085 932 3190 988 sed
3219 933 3408 1000 asino,
3429 935 3487 988 et

1836 1019 2061 1092 ubique
2092 1022 2224 1078 sola
2247 1021 2309 1076 id
2339 1019 2466 1076 ﬁeri
2496 1020 2850 1076 necessitate
2879 1019 3010 1091 (rr).

1907 1235 2066 1289 Vers.
2100 1237 2134 1289 4
2179 1233 2304 1289 Hoc
2344 1263 2410 1274 —
2437 1232 2600 1290 Vers.
2654 1233 2688 1286 5
2715 1234 2900 1302 ﬁlium
2931 1233 3284 1304 subjugalz's.
3342 1234 3484 1299 Hoc,

1836 1322 1982 1394 quid
2007 1324 2035 1378 ?
2065 1323 2391 1396 Discipulos
2423 1322 2640 1378 missos
2671 1339 2798 1378 esse
2828 1327 2893 1378 ut
2923 1323 3155 1379 asinam
3179 1328 3234 1378 et
3255 1323 3487 1394 pullum

1838 1411 2221 1467 adducerent.
2265 1411 2619 1483 Prophetam
2674 1417 2872 1466 autem
2918 1411 3058 1466 dicit
3083 1428 3244 1467 nunc
3274 1412 3488 1470 Zacha-

1836 1499 2008 1555 riam.
2042 1501 2334 1572 Completa
2360 1506 2446 1556 est
2491 1502 2692 1571 itaque
2734 1499 3071 1571 hujusmodi
3128 1500 3482 1571 prophetia:

1837 1589 1966 1658 ejus
1997 1606 2135 1645 vero
2163 1590 2477 1661 completio
2531 1606 2736 1644 rursus
2765 1589 2921 1645 facta
2974 1594 3062 1644 est
3114 1589 3353 1644 alterius
3400 1587 3487 1643 rei

1836 1677 2168 1749 prophetia,
2221 1685 2362 1749 puta
2390 1678 2530 1734 ﬁdei
2579 1679 2865 1748 gentium,
2898 1682 2965 1733 ut
3001 1677 3288 1733 diximus.
3339 1677 3487 1732 Filia

1836 1771 2037 1822 autem
2077 1766 2219 1823 Sion
2276 1772 2360 1824 est
2410 1768 2539 1838 ipsa
2581 1766 2742 1835 Sion,
2805 1767 2954 1822 sicut
3009 1766 3184 1822 Filius
3221 1766 3486 1821 hominis

1836 1854 1963 1927 ipse
1989 1855 2191 1912 homo.
2213 1859 2361 1912 Nam
2389 1862 2445 1912 et
2473 1856 2587 1912 hoc
2618 1856 2834 1912 idioma
2859 1860 2947 1911 est
2976 1855 3278 1911 Hebraicaa
3307 1856 3487 1927 phra-

1837 1946 1941 2000 sis.
1984 1947 2049 2002 Et
2096 1946 2236 2002 Sion
2291 1946 2538 2018 quidem
2593 1949 2681 2001 est
2725 1945 3051 2001 Jerusalem
3087 1960 3232 2000 :rex
3285 1948 3487 2001 autem

1838 2033 1999 2100 Sion,
2050 2034 2176 2107 ipse
2203 2035 2487 2101 Christus,
2519 2035 2612 2090 vel
2666 2042 2945 2107 tanquam
2998 2035 3172 2099 Deus,
3225 2032 3316 2089 vel
3367 2037 3490 2089 tan-

1836 2139 2021 2196 quam
2052 2141 2082 2180 e
2113 2125 2275 2194 regia
2309 2125 2491 2180 David
2518 2125 2716 2181 radice
2747 2124 3092 2196 progenitus
3141 2142 3154 2182 :
3186 2123 3280 2178 vel
3306 2122 3487 2179 etiam

1837 2219 2128 2286 tanquam
2151 2213 2201 2269 is
2232 2213 2332 2286 qui
2357 2213 2418 2268 in
2443 2229 2577 2270 eam
2604 2213 2863 2285 plurima
2894 2212 3139 2269 contulit
3171 2212 3483 2268 beneﬁcia.

1837 2302 2006 2358 Venit
2030 2318 2169 2372 ergo
2200 2303 2276 2359 ad
2304 2319 2437 2358 eam
2472 2308 2819 2358 mansuetus
2850 2317 3078 2375 :neque
3093 2300 3489 2358 satellitesha-

1837 2389 2005 2447 hens.
2061 2407 2256 2465 neque
2287 2393 2390 2464 qui
2414 2391 2706 2457 lanceam,
2745 2390 3034 2462 gladium,
3066 2396 3170 2446 aut
3198 2391 3356 2447 faces
3388 2389 3485 2463 (ss)

1836 2479 2045 2547 ferant,
2081 2481 2185 2537 sed
2230 2481 2473 2536 multam
2505 2497 2629 2552 prae
2661 2496 2721 2536 se
2751 2479 2943 2536 ferens
2970 2480 3488 2536 mansuetudinem

1838 2586 1906 2626 ac
1934 2569 2393 2627 humanitatem.
2428 2567 2654 2626 Sedens
2698 2585 2838 2626 vero
2897 2585 3072 2642 super
3146 2570 3384 2625 asinum
3432 2574 3488 2624 et

1839 2660 2084 2732 pullum,
2118 2675 2239 2716 non
2267 2660 2522 2724 divisim,
2559 2658 2742 2716 modo
2770 2675 2948 2732 super
2972 2659 3152 2724 hunc,
3189 2658 3366 2714 modo
3391 2675 3487 2714 su-

1837 2765 1938 2822 per
1967 2749 2137 2804 illum
2172 2765 2184 2804 :
2219 2764 2413 2822 neque
2454 2754 2743 2820 tanquam
2804 2764 2983 2820 super
3037 2747 3242 2817 bigam
3282 2747 3360 2802 ab
3392 2746 3485 2802 his

1837 2843 2109 2906 tractam,
2140 2838 2243 2893 sed
2270 2841 2504 2896 asinum
2528 2837 2847 2910 etpullum,
2864 2835 3122 2906 intellige
3136 2836 3336 2908 ipsum
3352 2835 3486 2907 pul-

2013 2929 2253 2984 asinum
2284 2927 2533 3000 quidem
2592 2932 2827 2991 natura,
2856 2925 3090 2999 pullum
3121 2940 3263 2980 vero
3294 2929 3480 2980 aetate.

1834 3019 1918 3073 Tu
1943 3033 2084 3086 ergo
2119 3011 2423 3089 interroga
2446 3013 2739 3083 Judaeum,
2783 3017 2917 3089 quis
2944 3031 3043 3071 rex
3074 3013 3298 3070 venerit
3319 3016 3483 3071 Jeru-

1835 3107 2020 3164 salem
2050 3107 2217 3162 asino
2239 3112 2292 3162 et
2342 3106 2505 3178 pullo
2529 3112 2733 3163 vectus
2763 3107 2789 3160 ‘?
2816 3105 3052 3162 Nullum
3109 3104 3268 3160 enim
3300 3101 3483 3160 alium

1833 3195 2023 3251 dicere
2052 3197 2263 3267 poterit
2295 3197 2510 3267 praeter
2543 3195 2862 3250 Christum.

1901 3285 2146 3356 +Aliter
2199 3299 2441 3357 quoque
2492 3283 2610 3339 ﬁlia
2675 3286 2810 3340 Sion
2864 3287 2951 3340 est
3002 3280 3351 3348 Jerusabm,
3411 3297 3483 3338 eo

1829 3375 1994 3449 quod
2026 3374 2296 3445 subjecta
2321 3375 2394 3430 sit
2427 3373 2613 3430 monti
2653 3373 2756 3448 qui
2802 3377 3053 3428 vocatur
3081 3373 3235 3428 Sion.
3267 3369 3484 3426 Dicitur

1827 3481 2070 3539 quoque
2091 3465 2218 3537 ipsa
2247 3463 2569 3519 Jerusalem
2593 3463 2749 3529 Sion,
2783 3467 3026 3535 propter
3053 3467 3308 3516 montem
3342 3461 3483 3516 Sion

1827 3556 1933 3628 qui
1959 3570 2134 3627 supra
2163 3554 2423 3626 ponitur,
2475 3558 2539 3610 ut
2569 3552 2642 3608 sit
2685 3553 3088 3624 metaphorica
3137 3549 3479 3623 appellatio.

1900 3771 2066 3826 Vers.
2131 3771 2188 3824 6.
2239 3770 2467 3826 Euntes
2512 3797 2583 3808 --
2621 3767 2784 3824 Vers.
2837 3768 2888 3821 ’1.
2961 3766 3202 3837 pullum.
3253 3766 3483 3821 Marcus

1830 3863 2029 3916 autem
2057 3859 2478 3931 particularius
2527 3857 2733 3914 recitat
2761 3856 2822 3912 id
2871 3855 3039 3929 quod
3076 3855 3362 3911 fecerunt.
3391 3853 3485 3908 Ait

1830 3951 1989 4006 enim
2023 3965 2037 4004 :
2067 3949 2359 4006 Abierant
2410 3954 2462 4004 et
2496 3947 2848 4005 invenerunt
2879 3947 3114 4016 pullum
3161 3944 3483 4014 alligatum

65 4022 182 4084 ἔξω
277 4019 382 4072 ἐπὶ
462 4028 572 4071 τοῦτ
617 4015 858 4092 ἀμφόδου
934 4023 1023 4070 καὶ
1093 4018 1307 4070 λυουσιν
1383 4017 1554 4074 αὐτόν.
1620 4021 1756 4086 Καὶ]

1919 4045 2007 4095 rta
2022 4040 2283 4108 januam
2313 4037 2453 4107 foris
2484 4036 2752 4111 inbivio,
2796 4037 3146 4105 solvuntque
3180 4034 3377 4090 illum.
3404 4032 3483 4087 Et

63 4131 216 4172 τινες
279 4118 399 4162 τῶν
455 4108 554 4162 ἐκεῖ
611 4109 903 4167 ἑστηκότων
962 4107 1130 4178 ἔλεγον
1202 4108 1398 4173 αὐτοῖς,
1467 4111 1531 4158 Τί
1595 4125 1716 4157 ποι-

59 4210 182 4254 εῖτε
246 4200 476 4261 ’λύοντες
538 4204 627 4251 τόν
679 4197 880 4266 πῶλον;
941 4199 1006 4250 Οἱ
1054 4193 1112 4250 δὲ
1160 4193 1300 4250 εἷπον
1358 4195 1555 4261 αὐτοῖς,
1619 4216 1718 4248 κα-

55 4294 169 4352 Θώς
280 4289 580 4342 ἐνετείλατο
655 4289 682 4339 6
762 4288 984 4347 Ἰησους·
1056 4289 1146 4338 καὶ
1229 4285 1429 4358 ἀφῆκαν
1504 4284 1712 4346 αὐτούς.

51 4388 262 4433 Ταῦτα
330 4384 436 4451 μὲν
484 4374 573 4430 οὖν
632 4379 658 4429 6
720 4380 951 4450 Μάρκος,
1013 4378 1168 4450 θύραν
1225 4374 1406 4446 λέγων,
1467 4379 1559 4433 τὴν
1624 4381 1716 4425 τοῦ

48 4477 224 4523 οἰκον
273 4477 398 4520 τῶν
450 4470 563 4538 (35)
607 4472 796 4542 κυρίων
836 4473 926 4518 τοῦ
964 4464 1158 4518 πώλου*
1203 4461 1440 4538 ἄμφοδον
1481 4459 1541 4516 δὲ
1576 4460 1716 4516 ἐστιν

51 4563 84 4615 is
133 4555 384 4618 δίοδος.

133 4654 366 4701 Σκόπει
426 4642 481 4700 δὲ
525 4647 699 4698 πάντα
744 4648 877 4698 κατά
937 4646 1295 4719 προτύπωσιν.
1352 4643 1550 4717 Ὥσπερ
1616 4644 1717 4716 γὰρ

47 4742 78 4794 ὲ
142 4744 280 4800 ξενος
347 4743 453 4788 καὶ
504 4739 531 4788 6
579 4735 749 4798 πῶλος
791 4730 1030 4788 ἐδίδοντο
1069 4739 1310 4806 σχοίνοις
1349 4732 1464 4799 ἔξω,
1506 4730 1589 4783 ἐπὶ
1627 4738 1718 4783 τοῦ

41 4825 362 4902 ἀμςρὸδουο
439 4827 606 4902 οὕτω⁸
630 4828 719 4877 καὶ
772 4826 798 4876 6
837 4823 1054 4886 παλαιὸς
1092 4823 1230 4894 λαός,
1271 4825 1296 4875 6
1337 4821 1389 4884 ἐξ
1426 4815 1715 4886 Ἰουδαίων,

129 4896 190 4935 ξ’
223 4897 445 4955 lare.
472 4913 549 4954 ιι,
575 4896 634 4960 4,
671 4899 725 4952 6.

1829 4129 2071 4200 quidam
2101 4143 2297 4183 eorum
2325 4128 2425 4197 qui
2458 4125 2539 4180 ibi
2591 4125 2811 4181 stabant
2863 4125 3142 4180 dixerunt
3173 4126 3250 4179 eis
3284 4139 3297 4178 :
3329 4120 3484 4188 Quid

1824 4218 2034 4289 facitis
2055 4218 2331 4272 solventes
2348 4216 2577 4284 pullum
2597 4215 2624 4268 Ἰ
2647 4216 2713 4269 At
2733 4213 2826 4273 illi
2849 4214 3128 4268 dixerunt
3156 4212 3311 4267 sicut
3339 4227 3478 4280 prav-

1829 4312 2056 4380 ceperal
2083 4308 2268 4371 Jesus,
2300 4311 2355 4362 et
2380 4304 2730 4361 dimiserunt
2761 4319 2872 4360 eos.
2911 4303 3036 4358 Haec
3058 4317 3201 4356 sane
3243 4301 3477 4354 Marcus

1821 4398 2072 4469 januam
2093 4396 2294 4452 dicens
2320 4394 2538 4450 domus
2568 4393 2954 4448 dominorum
2981 4389 3127 4462 pulli
3158 4391 3226 4444 7°.

1899 4627 2216 4688 Considera
2229 4632 2423 4684 autem
2439 4625 2602 4698 quod
2617 4621 2820 4692 omnia
2843 4623 2918 4679 ad
2933 4621 3479 4696 praeﬁg‘urationem

1828 4721 2069 4779 faciant.
2095 4718 2244 4774 sicut
2268 4717 2425 4772 enim
2450 4715 2626 4772 asina
2656 4719 2712 4770 et
2735 4711 2934 4788 pullus
2962 4713 3235 4769 funiculis
3259 4707 3483 4784 alligati

1829 4815 1998 4870 erant
2022 4807 2165 4866 foris
2205 4807 2264 4863 in
2313 4805 2495 4872 bivio,
2551 4805 2633 4862 ita
2659 4819 2903 4879 quoque
2935 4805 3217 4877 antiquus
3253 4801 3479 4859 Judan-

1283 5081 1286 5084 ~
1333 5042 1558 5112 Varia
1583 5039 1916 5110 lectiones
1941 5044 2009 5105 et
2043 5045 2245 5102 notae.

105 5227 252 5296 (34)
285 5217 567 5280 Inclusa
594 5217 658 5274 in
686 5232 879 5290 marg.
913 5214 1154 5272 exhibet
1174 5214 1236 5270 B.

102 5405 246 5477 (rr)
270 5401 398 5477 ‘Et
449 5397 654 5477 ubique
681 5396 1048 5477 necessitate;
1071 5396 1145 5477 {Et
1173 5391 1425 5472 ubique“
1443 5388 1721 5477 solisne-

15 5465 364 5535 cessariis
392 5465 745 5526 contentum
772 5483 920 5533 esse,
945 5465 1088 5522 solis
1113 5465 1463 5521 necessariis
1485 5465 1720 5534 acquie-

16 5563 243 5617 scere,
287 5541 472 5602 sola
492 5539 824 5597 necessaria
846 5539 1077 5595 Curare.
1601 5549 1604 5552 θ

1899 5207 2014 5281 (35)
2044 5213 2148 5261 Τοῦ
2177 5208 2381 5282 κυρίου.
2421 5205 2487 5257 Α.

1899 5385 1998 5456 (ss)
2033 5386 2142 5439 Aut
2169 5384 2352 5456 faces.
2387 5380 2559 5456 Forte
2586 5393 2754 5456 ergo
2802 5378 2861 5434 in
2908 5391 3021 5433 suo
3050 5374 3256 5432 codice
3303 5374 3475 5430 inter-

1825 5447 1964 5529 pres
1980 5447 2200 5527 reperit
2229 5453 2405 5509 etiam
2428 5447 2754 5524 δᾳδούχους.
