3906 6202
418 259 515 315 55,
1714 246 2086 305 .EUTHYMII
2123 246 2455 306 ZIGABENI
3664 252 3763 308 552

420 400 556 441 rum
609 382 888 457 populus,
946 395 1261 450 novusque
1312 378 1600 450 gentium,
1656 376 1906 448 peccatis
1944 375 2060 431 alli-

2181 378 2310 427 καὶό
2358 380 2486 444 νέος,
2532 379 2557 429 6
2597 376 2650 440 ἐξ
2696 377 2870 443 ἐθνῶν,
2904 373 3141 429 δέδενται
3176 385 3296 437 ταῖς
3333 377 3635 450 ἁμαρτίαις,
3681 380 3768 441 ἔξω

422 479 640 545 gantur
686 479 845 528 extra
900 469 1215 525 Ecclesiam
1255 467 1316 522 in
1364 468 1530 535 vita;
1564 482 1705 521 nam
1745 466 1903 521 hanc
1963 482 2069 537 per

420 566 648 621 bivium
681 561 1084 628 intelligimus.
1147 561 1209 613 Et
1247 557 1758 629 quemadmodum
1813 556 2066 627 apostoli

423 653 617 708 soluta
658 650 763 707 illa
813 648 1089 704 animalia
1152 646 1457 702 adducunt
1501 646 1578 701 ad
1634 644 1951 707 Christum,
1988 644 2068 699 ita

420 756 561 797 sane
592 746 646 795 et
674 740 840 794 istos.
885 738 968 791 Ad
996 737 1124 791 haec
1181 736 1352 790 sicuti
1408 739 1781 791 tentaverunt
1815 733 2063 804 quidam

417 828 737 901 prohibere
767 828 895 892 hos,
950 832 1092 898 puta
1129 825 1356 879 domini
1410 824 1691 894 ipsorum,
1749 823 1901 876 sicut
1930 821 2068 875 dicit

419 921 611 973 Lucas
628 918 671 952 ⁷¹
684 960 697 983 ,
730 916 928 971 audito
951 920 1150 969 autem
1164 912 1329 985 quod
1345 911 1595 967 Domino
1612 911 1706 965 his
1720 926 1874 980 opus
1891 912 2064 978 esset,

418 1011 859 1073 concesserunt,
910 1006 990 1059 ita
1042 1019 1184 1058 sane
1215 1008 1269 1056 et
1300 1003 1358 1055 in
1410 1002 1526 1065 his,
1565 1006 1792 1055 tentant
1820 998 2065 1071 quidem

418 1096 523 1169 qui
575 1095 952 1151 dominantur
991 1092 1076 1148 eis
1108 1091 1432 1154 daemones,
1467 1088 1781 1161 prohibere
1814 1105 1828 1155 ;
1862 1088 2066 1144 audito

416 1200 554 1242 vero
584 1183 743 1257 quod
783 1185 901 1238 Deo
928 1182 1018 1238 his
1047 1196 1200 1253 opus
1229 1187 1332 1243 est,
1376 1178 1742 1250 permittunt.

489 1364 648 1417 Vers.
700 1366 750 1415 7.
810 1361 886 1415 Et
932 1390 1001 1400 —
1069 1358 1410 1415 vestimenta
1454 1371 1584 1412 sua.
1636 1358 1957 1411 Posuerunt
2008 1359 2064 1410 et

418 1466 596 1522 super
627 1449 859 1505 asinam
886 1454 942 1504 et
988 1464 1167 1521 super
1210 1447 1460 1519 pullum,
1493 1446 1833 1518 ignorantes
1883 1458 2062 1516 super

416 1556 595 1613 quem
627 1538 864 1594 illorum
889 1538 1024 1593 vehi
1050 1537 1240 1593 vellet.

488 1630 653 1686 Vers.
679 1629 735 1682 7.
766 1629 842 1683 Et
896 1659 962 1667 —
986 1643 1163 1697 super
1192 1641 1280 1682 ea.
1317 1628 1503 1697 Super
1550 1640 1639 1689 ea,
1697 1628 1837 1695 puta
1892 1622 2060 1677 vesti-

2177 474 2270 526 τῆς
2320 465 2653 537 Ἐκκλησίας,
2706 466 2789 519 ἐπὶ
2842 475 2932 519 τοῦ
2984 465 3126 539 βίου.
3156 474 3350 518 Τοῦτον
3380 466 3499 538 (36)
3529 470 3632 540 γὰρ
3677 471 3767 540 οἱμ-

2178 551 2335 625 φοδον
2384 564 2614 627 νοοῦμεν.
2674 560 2773 609 Καὶ
2820 558 2992 630 ὥσπερ
3044 555 3210 608 ἐκεῖνα
3263 559 3330 607 τὰ
3369 556 3483 616 ζῶα
3528 557 3767 619 λύσαντες

2177 645 2225 694 οἱ
2280 642 2560 697 ἀπόστολοι
2614 647 2946 719 προσάγουσι
2993 654 3066 715 τῷ
3115 653 3346 719 Χριστώ*
3380 645 3516 697 οὕτω
3556 641 3627 704 δή
3685 652 3770 698 καὶ

2176 735 2407 795 τούτους·
2470 739 2559 785 καὶ
2630 736 2803 808 ὥσπερ
2874 733 2950 785 ἐπ’
3010 732 3207 786 ἐκείνων
3275 733 3625 807 ἐπεχείρησαν
3682 740 3768 803 μέν

2176 840 2306 881 τινες
2360 820 2612 889 κωλύσαι,
2672 824 2853 893 ἣγουν,
2922 824 2971 875 οἱ
3030 826 3203 897 κύριοι
3270 822 3455 887 αὐτῶν,
3527 827 3599 884 ὡς
3665 824 3771 877 εἶπε

2176 917 2401 970 Λουκᾶς·
2459 909 2774 974 ἀκούσαντες
2818 909 2896 977 δὲ,
2943 914 3023 963 ὅτι
3069 914 3095 963 6
3138 914 3327 987 Κύριος
3374 912 3541 964 αὐτῶν
3586 918 3769 986 χρείαν

2177 1002 2307 1070 ἔχει,
2367 1005 2774 1073 παρεχώρησαν
2825 1002 2959 1053 οὕτω
3013 997 3081 1059 δὴ
3131 1006 3222 1053 καὶ
3269 1000 3355 1054 ἐπὶ
3406 1004 3604 1053 τούτων
3664 1000 3772 1053 ἑπι-

2174 1096 2421 1160 χειροῦσι
2454 1093 2543 1161 μεν
2578 1092 2626 1142 οἱ
2672 1094 2994 1163 κυριεύοντες
3031 1090 3200 1142 αὐτῶν
3241 1087 3484 1162 δαίμονες
3511 1088 3769 1141 κωλύσειν

2175 1176 2488 1241 ἀκούσαντες
2537 1176 2615 1248 δε,
2669 1182 2751 1231 ὅτι
2797 1182 2823 1232 6
2852 1184 2985 1242 Θεὸς
3012 1180 3180 1232 αὐτῶν
3210 1185 3395 1254 χρείαν
3434 1182 3572 1251 ἔχει,
3605 1198 3775 1253 παρα-

2171 1275 2433 1340 χωροῦσι.

2245 1362 2345 1409 Καὶ
2376 1388 2440 1397 -—-
2490 1360 2554 1409 τὰ
2606 1360 2790 1430 ἱμάτια
2843 1358 3028 1413 αὐτῶν.
3073 1358 3356 1416 Ἐπέθηκαν
3404 1362 3497 1409 καὶ
3554 1356 3642 1409 ἐπὶ
3684 1365 3774 1416 τῆς

2170 1449 2308 1514 ὄνου,
2364 1452 2453 1498 καὶ
2507 1445 2591 1498 ἐπὶ
2638 1456 2729 1499 τοῦ
2779 1447 2971 1509 πώλου,
3008 1452 3079 1520 μὴ
3112 1454 3472 1518 γινώσκοντες,
3508 1445 3600 1497 ἐπὶ
3643 1450 3774 1505 τίνος

2166 1535 2335 1587 αὐτῶν
2364 1539 2470 1606 ὸχη
2480 1537 2630 1593 θῆναι
2657 1534 2919 1608 βούλεται.

2243 1630 2342 1677 Καὶ
2399 1655 2467 1664 -—
2538 1623 2707 1676 ἐπάνω
2786 1625 2974 1679 αὑτων,
3040 1627 3240 1678 Ἐπάνω
3306 1624 3496 1693 αὐτῶν,
3568 1620 3771 1681 δηλαδὴ

414 1723 620 1775 menta
643 1716 1134 1789 queepulloerant
1163 1714 1555 1786 superposita.
1586 1713 1838 1768 Possunt
1860 1716 2055 1768 autem

2181 1723 2266 1765 τῶν
2313 1713 2549 1782 ἱματίων,
2599 1722 2698 1765 τῶν
2742 1713 3069 1767 ἕπιτεθέντων
3120 1722 3193 1785 τῷ
3240 1713 3415 1784 πώλῳ.
3462 1710 3579 1764 Εἶεν
3630 1708 3681 1764 δ’
3712 1713 3771 1763 οἷν

416 1807 843 1879 discipulorum
876 1804 1231 1859 vestimenta
1260 1802 1636 1859 reconditiori
1680 1800 2062 1872 intelligentia

416 1895 531 1951 dici
554 1896 819 1960 virtutes,
868 1909 1005 1965 quas
1057 1891 1451 1963 intelligibilia
1476 1897 1613 1947 sunt
1639 1891 1857 1946 animm
1889 1890 2060 1944 vesti-

413 1989 639 2047 menta,
672 1983 800 2037 illos
840 1982 1199 2038 adornantia
1236 1981 1339 2053 qui
1387 1979 1615 2035 Christo
1646 1980 2052 2035 adducuntur.

416 2072 604 2128 Lucas
633 2077 830 2126 autem
860 2071 1009 2126 dixit
1034 2073 1103 2137 ⁷³,
1136 2068 1304 2140 quod
1333 2067 1615 2140 discipuli
1650 2068 2062 2139 imposuerunt

413 2162 617 2216 Jesum
650 2175 829 2232 super
858 2159 1090 2231 pullum
1124 2176 1137 2225 ;
1163 2157 1431 2229 discipuli
1466 2158 1625 2212 enim
1652 2156 1901 2212 verbum
1924 2172 2063 2227 gen-

413 2250 571 2307 tibus
606 2250 865 2321 superim
876 2254 1121 2320 ponunt.

485 2339 652 2395 Vers.
719 2341 768 2393 8.
832 2337 1209 2394 Pturima—
1245 2352 1375 2393 sua.
1441 2335 1836 2392 Ostenderunt
1908 2334 2061 2407 quod

414 2426 549 2498 plus
578 2442 763 2498 quam
796 2426 1152 2498 prophetam
1186 2441 1320 2481 eum
1349 2425 1654 2481 habebant
1679 2442 1692 2491 ;
1721 2425 1852 2479 ideo
1886 2425 2062 2479 etiam

413 2515 718 2571 excellenti
750 2516 933 2570 modo
971 2515 1163 2587 ipsum
1189 2516 1653 2571 honoraverunt.
1687 2518 1833 2569 Nam
1866 2520 1922 2570 et
1942 2530 2062 2569 mo-

414 2605 548 2660 dico
561 2611 696 2660 ante
711 2612 976 2676 tempore
989 2621 1124 2659 cum
1146 2608 1430 2660 Lazarum
1448 2603 1879 2670 resuscitasset,
1901 2619 2063 2673 mag-

414 2709 558 2749 nam
584 2694 746 2766 apud
769 2710 873 2748 eos
904 2694 1289 2749 reverentiam
1315 2692 1651 2765 acquisivit.
1700 2692 2062 2763 Abjiciamus

413 2796 552 2852 ergo
582 2787 639 2837 et
684 2798 794 2837 nos
842 2783 1106 2855 corporis
1148 2786 1427 2837 ornatum
1463 2787 1703 2853 propter
1742 2782 2057 2847 Christum,

412 2875 471 2926 et
506 2886 791 2927 ornemus
814 2871 972 2927 viam
1003 2871 1153 2941 ejus,
1186 2870 1532 2941 abjicientes
1564 2886 1710 2943 opes
1748 2887 1817 2926 ac
1844 2869 2061 2926 affecti-

413 2974 558 3014 ones
587 2958 811 3031 quibus
840 2958 1150 3015 induimur
1171 2966 1274 3016 aut
1304 2959 1769 3015 circumdamur.

481 3047 646 3103 Vers.
687 3051 739 3103 8.
772 3048 985 3103 Αιίί-
1016 3049 1080 3103 in
1138 3049 1255 3105 via.
1305 3052 1531 3106 Marcus
1586 3066 1724 3105 vero
1774 3046 2060 3109 στοιϐάὸας
2093 3073 2133 3130 C

412 3135 557 3192 dixit
604 3137 678 3191 ⁷³.
724 3138 821 3192 Est
861 3142 1063 3193 autem
1090 3137 1302 3199 στοιϐὰς
1361 3155 1668 3194 ramorum
1730 3141 2054 3210 congeries.

413 3221 719 3279 Olivarum
748 3240 967 3295 nempe
1004 3226 1156 3281 rami
1188 3232 1375 3281 erant.
1424 3228 1571 3282 Nam
1621 3233 1760 3282 tunc
1792 3232 2059 3283 montem

412 3310 715 3369 Olivarum
746 3313 1146 3385 praeteribant.

480 3402 644 3456 Vers.
698 3404 749 3456 9.
815 3402 1028 3458 Turba:
1097 3409 1291 3459 autem
1372 3434 1435 3443 —
1489 3404 1696 3460 David.
1778 3405 2058 3461 Hosanna

412 3488 763 3545 Hebraicum
791 3496 897 3554 est,
950 3495 1006 3546 et
1056 3491 1349 3560 signiﬁcat
1404 3492 1703 3547 interdum
1759 3493 2058 3564 hymnum

411 3577 532 3633 sive
563 3578 803 3633 laudem
837 3598 850 3634 :
895 3578 1263 3651 quandoque
1307 3595 1467 3643 vero,
1498 3582 1690 3636 Serva.
1724 3584 1888 3637 Nunc
1918 3599 2059 3654 ergo

411 3666 751 3722 tantundem
776 3672 863 3722 est
906 3684 978 3724 ac
1029 3668 1076 3722 si
1120 3666 1277 3722 dicat
1310 3686 1323 3720 :
1361 3671 1628 3739 Hymnus
1696 3670 1814 3726 tilio
1850 3672 2056 3726 David.

479 3756 638 3810 Vers.
697 3756 749 3812 9.
814 3757 1148 3812 Benedictus
1186 3787 1254 3796 —
1299 3757 1545 3812 Domini.
1588 3788 1654 3797 —
1716 3760 1779 3813 In
1823 3761 2058 3816 nomine

409 3844 660 3910 Domini,
694 3844 808 3900 hoc
839 3850 944 3911 est,
977 3860 1013 3899 a
1044 3845 1312 3900 Domino.
1346 3845 1698 3901 Benedictus
1750 3849 1855 3919 qui
1900 3850 2059 3904 venit

408 3947 445 3988 a
475 3935 614 3999 Deo,
662 3933 1004 3988 benedictus
1056 3934 1159 4006 qui
1200 3933 1424 3989 missus
1457 3940 1544 3989 est
1574 3951 1608 3990 a
1658 3935 1796 3991 Deo.
1830 3939 2056 3992 Marcus

408 4026 609 4077 autem
633 4022 862 4077 addidit
888 4039 900 4077 :
940 4023 1316 4079 Benedictum
1366 4024 1521 4094 quod
1548 4026 1695 4080 venit
1725 4042 1963 4097 regnum
1998 4028 2057 4082 in

408 4110 1098 4167 nomineDominiPatris
1114 4111 1303 4166 nostri
1328 4112 1591 4167 David“.
1618 4113 2057 4171 Existimabant

408 4198 590 4266 enim,
625 4200 789 4271 quod
819 4202 1140 4271 erigeretur
1164 4201 1432 4271 abjectus
1463 4202 1711 4257 thronus
1743 4205 1908 4272 regni
1950 4207 2056 4260 Da-

408 4288 539 4343 vid:
566 4289 727 4345 unde
759 4290 1090 4358 gaudentes
1119 4289 1399 4344 dicebant
1428 4306 1440 4344 :
1474 4291 1856 4348 Benedictum
1884 4293 2051 4365 quod

404 4377 556 4434 redit
588 4393 838 4449 regnum
853 4378 1027 4449 primi
1049 4378 1233 4449 patris
1276 4379 1682 4435 nostriDavid.
1715 4382 1883 4446 Quod
1897 4383 2054 4439 venit

404 4468 468 4523 in
498 4469 736 4524 nomine
758 4467 997 4523 Domini
1024 4471 1245 4532 autem,
1273 4468 1388 4523 hoc
1427 4474 1511 4524 est
1535 4485 1571 4524 a
1609 4470 1752 4537 Deo,
1792 4470 2051 4527 Joannes

406 4572 549 4611 vero
580 4557 719 4614 dicit
746 4575 761 4611 :
792 4556 1133 4614 Benedictus
1153 4558 1257 4628 qui
1280 4559 1431 4613 venit
1457 4560 1519 4613 in
1554 4559 1780 4615 nomine
1826 4560 2054 4616 Domini

408 4658 518 4699 rex
532 4645 724 4701 Israel
749 4646 817 4680 ⁷⁵-
844 4645 1167 4701 Verisimile
1189 4648 1348 4701 enim
1371 4650 1457 4703 est
1480 4652 1617 4703 tunc
1647 4648 1852 4703 omnia
1876 4649 2053 4705 fuisse

409 4730 562 4786 dicta
592 4749 626 4787 a
648 4733 835 4789 turbis
861 4750 994 4805 quae
1028 4735 1444 4805 praecedebant
1481 4741 1692 4808 etqum
1735 4737 2054 4809 sequeban-

410 4825 499 4877 tur
558 4837 833 4893 ,quazque
888 4837 1148 4893 egressas
1183 4832 1348 4881 erant
1398 4824 1459 4880 in
1510 4840 1830 4883 occursum
1887 4827 2041 4899 ejus.

483 5001 530 5037 '“
560 5000 698 5057 Luc.
729 5016 848 5066 xxx,
894 5005 979 5067 33,
1012 5002 1100 5057 34.
1179 5003 1401 5075 ",3,Luc,
1432 5020 1547 5070 XIX,
1578 5005 1666 5062 35.

1745 5006 1791 5039 ⁷³
1826 5006 1995 5061 Marc.
2026 5023 2108 5072 ιι,
2138 5007 2199 5063 8.

2171 1805 2355 1873 ἱμάτια
2418 1812 2517 1854 τῶν
2573 1802 2871 1855 ἀποστόλων
2938 1802 3272 1874 ἁναγωγικῶς
3336 1804 3390 1854 αἱ
3449 1801 3659 1873 ἀρεταὶ,
3710 1804 3772 1852 τα

2167 1894 2329 1949 νοητὰ
2374 1890 2677 1965 περιϐόλαια
2728 1901 2824 1953 τῆς
2867 1891 3054 1963 ψυχῆς
3096 1894 3178 1953 αἷς
3216 1890 3621 1967 περιστέλλουσι
3657 1895 3772 1951 τοὺς

2170 1984 2590 2055 προσαγομένους
2626 1989 2698 2051 τῷ
2749 1989 2992 2053 Χριστῷ.
3047 1987 3252 2041 Λουκᾶς
3303 1977 3363 2033 δὲ
3412 1983 3643 2053 εἴρηκεν,
3699 1980 3773 2030 ὅτι

2171 2071 2220 2121 οἱ
2277 2071 2509 2141 μαθηταὶ
2580 2068 2892 2122 ἐπεϐίϐασαν
2959 2074 3046 2121 τόν
3110 2069 3311 2127 Ἰησοῦν
3372 2067 3459 2121 ἐπὶ
3520 2073 3613 2120 τὸν
3670 2075 3771 2120 πῶ-

2169 2158 2273 2212 λον.
2327 2161 2392 2210 Οἱ
2421 2160 2655 2231 μαθηταὶ
2702 2162 2800 2233 γὰρ
2853 2157 3221 2219 ἐπιϐιϐάζουσι
3263 2162 3349 2210 τόν
3400 2157 3559 2229 λόγον
3599 2156 3685 2210 ἐπὶ
3712 2159 3771 2208 ti:

2171 2249 2310 2305 ἔθνη.

2237 2336 2297 2390 Ὀ
2358 2335 2417 2390 δε
2472 2338 2713 2400 πλεῖστος
2781 2369 2852 2379 --
2909 2337 3101 2393 αὐτων.

2170 2432 2441 2501 προφήτην
2494 2428 2647 2480 αὐτὸν
2702 2426 2867 2499 εἶχον.
2921 2430 3008 2479 Διό
3066 2431 3155 2478 καὶ
3215 2425 3635 2500 ὑπερϐαλλόντως
3681 2425 3768 2476 αυ-

2168 2520 2254 2568 τὸν
2304 2515 2580 2588 ἐτίμησαν.
2654 2520 2761 2588 Πρὸ
2818 2515 2993 2587 ὀλίγου
3046 2518 3149 2590 γὰρ
3199 2519 3284 2567 τόν
3344 2516 3592 2588 Λάζαρον
3650 2513 3768 2565 ἁνα-

2172 2610 2396 2672 στησας,
2449 2608 2514 2666 ὡς
2573 2607 2598 2657 6
2666 2605 2907 2666 Ἰωάννης
2963 2609 3115 2676 φησὶ,
3171 2604 3301 2657 πολὺ
3356 2603 3509 2664 σέϐας
3562 2607 3759 2662 τούτοις

2170 2692 2393 2752 ἐνέϐαλε,
2455 2694 2706 2767 Ῥίψωμεν
2781 2695 2868 2746 οὖν
2920 2699 3009 2745 καὶ
3079 2695 3230 2766 ἡμεῖς
3276 2695 3361 2745 τὸν
3418 2697 3618 2764 κόσμον
3673 2699 3761 2744 τοῦ

2172 2790 2413 2856 σώματος
2469 2780 2563 2836 διὰ
2618 2787 2867 2858 Χριστόν,
2927 2787 3017 2835 καὶ
3072 2787 3416 2854 κοσμησωμεν
3480 2787 3575 2838 τὴν
3637 2777 3767 2832 ὁδόν

2168 2872 2349 2943 αὐτοῦ,
2419 2873 2702 2947 ῥίπτοντες,
2771 2872 2805 2923 οἶ
2872 2870 3305 2946 περιϐεϐλήμεθα,
3364 2874 3616 2942 χρήματα
3665 2873 3769 2919 καὶ

2169 2964 2332 3020 πάθη.

2238 3050 2415 3103 Ἀλλοι
2442 3081 2512 3090 -
2550 3049 2600 3102 ἰν
2646 3058 2707 3122 τῇ
2759 3045 2891 3120 ὀδῷ.
2935 3050 3149 3122 Μάρκος
3194 3046 3251 3101 δὲ
3301 3051 3436 3119 (37),
3476 3043 3776 3106 στοιϐάδας

2168 3138 2295 3194 εἶπε.
2350 3139 2560 3200 Στοιϐἁς
2628 3136 2707 3207 δε,
2767 3140 2797 3197 ἠ
2861 3144 3050 3213 σωρεία
3106 3148 3204 3192 τῶν
3259 3135 3487 3193 κλάδων.
3548 3137 3773 3190 Ἐλαιῶν

2170 3224 2229 3280 δὲ
2282 3224 2416 3285 ἦσαν
2470 3230 2517 3280 οἱ
2564 3224 2770 3283 κλάδοι.
2823 3232 2893 3281 T6
2932 3231 3032 3301 γὰρ
3074 3232 3188 3300 ὅρος
3229 3236 3328 3278 τῶν
3360 3225 3577 3279 Ἐϐαιῶν
3618 3245 3773 3284 τηνι-

2166 3324 2334 3370 καῦτα
2369 3316 2712 3392 παρήμειϐον.

2240 3408 2305 3459 Οἱ
2350 3402 2409 3459 δὲ
2459 3405 2611 3477 ὄχλοι
2658 3436 2727 3445 -
2765 3401 2952 3460 Δαυίδ.
2984 3409 3053 3458 Τὸ
3099 3404 3341 3468 Ὡσαννὰ,
3374 3404 3650 3478 Ἐϐραὶκόν

2168 3494 2300 3560 ἐστι,
2340 3500 2583 3567 σημαίνει
2637 3491 2715 3561 δὲ,
2770 3499 2892 3546 ποτὲ
2941 3498 3049 3566 μὲν,
3084 3495 3259 3566 ὕμνον,
3310 3498 3433 3546 ποτε
3471 3490 3552 3556 δι,
3596 3501 3775 3545 σῶσον

3176 2334 3437 2406 Ἐδειξαν,
3499 2338 3585 2388 ὅτι
3645 2337 3765 2408 ὑπὲρ

2169 3579 2259 3642 δή.
2294 3590 2400 3638 NW
2435 3584 2521 3635 οὖν
2549 3603 2725 3656 φησιν,
2755 3584 2911 3654 ὕμνος
2938 3591 3009 3653 τῷ
3036 3585 3131 3652 υἱῷ
3164 3579 3348 3635 Δαυῖδ.

2240 3761 2596 3835 Εὐλογημένος
2651 3792 2722 3802 -
2781 3767 2996 3835 Κυρίου.
3048 3764 3118 3815 T6
3167 3760 3215 3812 ἓν
3268 3760 3482 3832 ὀνόματι
3550 3767 3778 3833 Κυρίου,

2169 3849 2279 3903 ἀντὶ
2335 3859 2446 3914 τοῦ,
2506 3853 2649 3923 παρὰ
2710 3855 2923 3924 Κυρίου.
2992 3849 3345 3921 Εὐλογημένος
3400 3851 3425 3900 6
3490 3847 3781 3923 ἐρχόμενος

2166 3939 2267 3992 ἀπὸ
2320 3944 2467 4003 Θεοῦ,
2521 3938 2856 4011 εὐλογημένος
2906 3940 2930 3989 6
2969 3940 3218 4010 πεμφθεὶς
3249 3938 3305 3990 ἐκ
3359 3947 3515 3992 Θεοῦ.
3554 3942 3781 4009 Μάρκος

2168 4025 2227 4081 δὲ
2276 4029 2589 4101 προσεθηκε,
2646 4027 2755 4081 Καὶ
2810 4026 3123 4099 εὐλογημένη
3184 4029 3213 4085 ἠ
3285 4026 3543 4101 ἐρχομένη
3604 4028 3781 4099 βασι-

2164 4117 2275 4170 λεία
2327 4117 2373 4169 ἐν
2429 4116 2645 4190 ὀνόματι
2703 4121 2920 4190 Κυρίου,
2986 4124 3076 4167 τοῦ
3132 4120 3327 4191 πατρὸς
3381 4119 3530 4189 ἡμῶν
3578 4112 3779 4168 Atr-4&3.

2163 4204 2436 4258 ’Υπελαϐον
2511 4208 2610 4280 γὰρ
2683 4208 2796 4276 (38)
2866 4207 2946 4256 ὅτι
3024 4202 3304 4278 ἀνωρθώθη
3372 4208 3398 4257 6
3461 4205 3792 4262 καταϐεξεις.

2163 4299 2311 4366 μένος
2351 4296 2522 4368 θρόνος
2574 4302 2668 4355 τῆς
2718 4292 2993 4365 βασιλείας
3037 4302 3127 4345 τοῦ
3188 4291 3376 4347 Act-via“.
3417 4293 3568 4347 Ὀθεν
3639 4300 3789 4367 χαί-

2162 4403 2338 4455 ροντες
2388 4383 2573 4454 ἔλεγον,
2638 4387 2737 4435 Καὶ
2818 4382 3129 4455 εὐλογημένη
3204 4384 3320 4455 (39)
3392 4387 3419 4443 ἡ
3504 4386 3789 4458 ἑρχσμὸξ

2165 4473 2314 4525 πάλιν
2409 4471 2655 4544 βασιλεία
2731 4479 2823 4524 τοῦ

2164 4562 2452 4634 Ἐρχομένη
2512 4557 2571 4613 δὲ
2628 4559 2675 4612 ἄν
2730 4560 2941 4632 ὀνόματι
3016 4567 3234 4636 Κυρίου,
3311 4568 3615 4627 τουτέστιν,
3694 4564 3806 4615 ἀπο

2165 4659 2317 4704 Θεοῦ.
2346 4649 2404 4703 Ὀ
2456 4646 2515 4703 δὲ
2568 4649 2803 4709 Ἰωάννης
2865 4655 3044 4722 φησιν·
3142 4649 3499 4723 Εὐλογημένος
3586 4656 3620 4704 ὁ
3730 4662 3820 4727 ἐρ-

2161 4744 2385 4813 χόμενος
2461 4737 2509 4790 ἐν
2588 4737 2801 4811 ὀνόματι
2896 4742 3091 4812 Κυρίου
3174 4738 3424 4813 βασιλεὺς
3464 4810 3467 4813 ἤ
3507 4750 3613 4792 τοῦ
3693 4742 3819 4795 ‘16-

2162 4827 2318 4902 ραήλ.
2354 4829 2533 4880 Πάντα
2576 4830 2678 4900 γὰρ
2713 4826 2851 4889 εἰκός
2902 4829 3003 4880 ὑπὸ
3034 4838 3133 4880 τῶν
3184 4829 3358 4900 ὄχλων
3398 4834 3513 4882 τότε
3543 4832 3825 4903 ῥηθῆναι

2915 4475 3236 4546 προπάτορος
3331 4475 3477 4544 ἡμῶν
3578 4472 3799 4527 Δαυὶὄ”

2285 5006 2491 5063 ⁷⁸ὠίά.
2530 5010 2615 5063 i0.
2689 5008 2739 5041 ⁷⁸
2763 5006 2934 5062 Joan.
2970 5022 3070 5072 xu,
3105 5011 3187 5063 13.

1610 5207 1838 5276 Variae
1896 5209 2224 5277 lectiones
2256 5220 2326 5280 et
2364 5221 2565 5278 notas.

506 5405 593 5470 36)
626 5403 813 5470 Τοῦτο,
846 5406 910 5463 Β.

506 5409 574 5462 36
626 5404 813 5470 Τοῦτο,
846 5406 910 5463 Β.

482 5404 599 5551 ἓ37ὲ
625 5474 822 5532 Στιϐάδ
826 5497 905 5544 ας,
932 5477 999 5545 Α,
1031 5481 1088 5535 et
1116 5491 1260 5535 mox
1287 5477 1492 5539 στιϐάς.

2240 5406 2354 5552 ξ38)
2387 5411 2466 5488 Δί,
2500 5423 2610 5480 pro
2637 5410 2758 5482 γάρ,
2792 5413 2853 5462 Α.

2265 5478 2357 5552 39)
2385 5479 2487 5536 Htc
2524 5478 2676 5533 πάλιν
2698 5478 2853 5538 addit

2265 5478 2357 5553 39)
2385 5478 2676 5536 Hicsaéhu
2698 5478 2866 5538 addit
2893 5482 2961 5546 A,
3000 5480 3365 5554 moxgautem
3388 5481 3666 5542 omittit.
