3906 6202
142 241 239 301 553

1112 249 1480 307 COMMENT.
1523 248 1592 304 IN
1633 243 2079 305 ΜΑΤΊἨᾹΞΗΜ.
2119 281 2190 295 -
2227 254 2384 313 CAP.
2425 259 2577 316 XXI.

3396 281 3504 338 554

146 377 246 421 τῶν
321 389 378 423 τι
437 377 792 445 προαγόντων,
857 381 949 429 καὶ
998 384 1100 429 τῶν
1169 375 1603 439 ἀκολουθούντων,
1657 377 1748 425 καὶ

1909 371 2205 473 ttelligitur
2228 379 2408 438 etiam
2433 401 2446 438 :
2471 385 2545 440 In
2575 389 2816 446 nomine
2831 391 3090 463 Domini,
3113 396 3176 455 in
3193 399 3507 473 majestate

148 467 245 510 τῶν
302 457 590 521 ἐξελθόντων
640 464 714 526 εἰς
761 465 1054 525 ὑπάντησιν
1103 465 1282 519 αὐτοῦ.
1332 472 1544 519 Νοεῖται
1592 459 1652 516 δι
1690 465 1746 513 τὸ

150 546 231 599 ἐν
283 552 495 622 ὀνόματι
540 557 755 626 Κυρίου,
789 559 880 607 καὶ
927 553 1042 608 ἀντὶ
1071 563 1180 620 τοῦ,
1226 556 1308 609 Ἐν
1362 551 1490 626 δόξῃ
1525 556 1744 626 Κυρίου,

141 634 190 687 έν
219 637 363 700 τάξει
390 637 672 710 βασιλέως.
1349 679 1355 690 ’
1452 683 1454 685 >

204 725 440 779 Ὡσαννὰ
511 759 581 771 -
639 729 903 801 ὑψίστοις.
959 731 1148 806 ’Υμνος
1220 733 1272 786 ἓν
1323 733 1590 806 ὑψίστοις,
1649 733 1745 805 ὑμ-

137 816 358 867 νούντων
439 822 531 870 καὶ
594 827 694 870 τῶν
770 820 1008 892 ύψίστων
1083 818 1370 895 δυνάμεων,
1432 826 1567 893 ἤτοι,
1644 829 1742 874 τῶν

138 901 370 974 ἀγγέλων
416 909 507 958 τόν
558 911 706 978 Θεὸν,
743 913 831 961 τόν
876 910 1152 984 πέμψαντα
1194 913 1318 984 ἡμῖν
1350 909 1575 984 βασιλέα
1603 909 1740 983 (40),

137 997 226 1044 καὶ
272 993 650 1067 ὃινορθῶσαντα
692 1002 783 1056 τὴν
833 997 1106 1072 βασιλείαν
1150 996 1337 1055 Δαυίδ.
1392 1000 1454 1056 Ὀ
1503 995 1563 1052 δὲ
1605 1004 1741 1052 Λου-

143 1087 258 1148 σᾶς,
310 1081 429 1137 ἀντὶ
479 1092 592 1154 τού,
652 1085 878 1141 Ὡσαννὰ
931 1087 981 1141 ἓν
1027 1096 1138 1151 τοῖς
1183 1089 1454 1160 ὑψίστοις,
1501 1087 1633 1150 Δόξα
1687 1085 1739 1138 ἓν

141 1169 386 1241 ὑψίστοις
435 1171 590 1229 εἶπεν.
643 1176 810 1239 Οὗτος
841 1173 900 1230 δε
940 1177 1060 1250 (41)
1106 1181 1302 1252 ἱστορεῖ
1342 1182 1433 1231 καὶ
1480 1180 1600 1252 περὶ
1636 1183 1736 1228 τῶν

139 1260 409 1330 μαθητῶν,
491 1263 571 1315 ὅτι
640 1263 833 1336 ἔλεγον,
914 1266 1273 1341 Εὐλογημένος
1377 1267 1404 1319 ὁ
1456 1264 1736 1340 ἐρχόμενος

135 1345 391 1420 βασιλεύς
449 1349 498 1403 έν
578 1351 793 1426 ὀνόματι
877 1357 1095 1428 Κυρίου,
1172 1357 1347 1432 εἰρήνη
1415 1355 1464 1408 έν
1535 1355 1735 1430 οὐρανῷ

129 1443 216 1491 καί
286 1435 423 1503 δόξα
477 1439 528 1493 ἕν
579 1443 840 1514 ύφιστοις·
909 1444 1116 1520 εἰρήνην
1180 1451 1270 1504 τὴν
1329 1447 1504 1519 χαρὰν
1551 1444 1737 1517 όνομοὶο

130 1548 242 1590 σας.
297 1534 491 1583 Σκόπει
547 1527 628 1601 δὲ,
670 1540 781 1596 πῶς
829 1532 877 1585 ἕν
917 1537 1135 1606 τοιούτῳ
1185 1539 1374 1610 κρότῳ,
1411 1538 1498 1587 καὶ
1544 1536 1736 1587 τοσαύ-

127 1637 235 1680 ταις
313 1626 594 1694 κραυγαῖς,
653 1622 679 1673 ὀ
738 1621 926 1689 πῶλος,
980 1629 1156 1677 καίτοι
1209 1623 1470 1687 παντελῶς
1523 1620 1736 1698 ἀδάμα-

1857 458 2112 532 Domini,
2135 463 2197 521 in
2224 468 2432 527 ordine
2454 473 2640 545 regio.

1850 889 2122 957 angelos.
2148 892 2330 950 Deum
2356 897 2461 969 qui
2481 901 2660 957 nobis
2686 905 2845 963 misit
2873 924 3098 980 regem,
3127 929 3197 970 ac
3217 915 3511 977 instaura-

1847 975 1932 1030 vit
1960 992 2214 1048 regnum
2241 983 2447 1040 David.
2475 989 2661 1046 Lucas
2690 1007 2826 1050 vero
2854 975 2982 1052 loco
3007 999 3300 1062 Bosanna
3328 1007 3392 1062 in
3412 1024 3511 1066 ex-

1848 1064 2031 1154 celsis,
2059 1066 2216 1136 dicit,
2253 1072 2458 1131 Gloria
2490 1077 2552 1132 in
2578 1083 2822 1138 excelsis
2858 1085 2928 1140 τθ.
2971 1086 3074 1144 llic
3111 1096 3317 1150 autem
3353 1103 3410 1150 et
3434 1064 3511 1154 de

1847 1152 2416 1257 discipulisscribit,
2459 1168 2621 1237 quod
2664 1168 2944 1231 dicebant
2977 1191 2992 1232 :
3026 1177 3370 1239 Benedictus
3407 1152 3514 1257 qui

1845 1243 2004 1298 venit
2030 1260 2141 1303 rea:
2159 1247 2222 1302 in
2249 1251 2481 1310 nomine
2508 1257 2760 1325 Domini,
2795 1278 2919 1332 pas:
2940 1263 3006 1321 in
3048 1270 3189 1325 caelo
3231 1277 3284 1327 et
3313 1243 3512 1342 gloria

1845 1330 1908 1386 in
1937 1335 2200 1390 excelsis.
2235 1337 2562 1400 Considera
2585 1361 2723 1403 vero
2748 1330 3055 1422 quomodo
3079 1355 3142 1411 in
3170 1357 3270 1414 tali
3293 1330 3511 1430 plausu

1843 1423 2132 1494 tantoque
2155 1423 2415 1485 clamore
2439 1431 2662 1503 pullus,
2684 1451 3036 1510 quanquam
3065 1423 3315 1502 omnino
3333 1448 3510 1506 indo-

1845 1509 2045 1578 mitus,
2083 1517 2564 1576 mansuetissime
2603 1527 2804 1581 tamen
2846 1509 3187 1599 incedebat,
3233 1536 3509 1608 praeﬁgu-

1845 1612 1988 1654 rans
2029 1600 2200 1672 plane
2239 1607 2487 1675 gentiun
2521 1608 2949 1672 obedientiam.
2992 1624 3049 1676 et
3085 1600 3505 1704 omnimodam

128 1726 247 1769 στος
308 1712 402 1774 ὧν,
457 1710 593 1780 ὅμως
649 1710 913 1774 ούτάκτως
949 1712 1172 1788 έφέρετο,
1212 1722 1489 1788 προτυπῶν
1531 1716 1738 1775 πάντως

1909 1702 2053 1745 >rum
2078 1690 2159 1747 ad
2188 1691 2564 1766 disciplinam
2588 1699 3089 1765 immutationem.

127 1802 177 1848 τό
233 1799 556 1859 καταπειθὴς
610 1807 711 1851 τῶν
765 1799 920 1853 ἐθνῶν
978 1806 1069 1855 καὶ
1141 1807 1236 1862 τὴν
1307 1800 1501 1877 ἀθρόαν
1567 1803 1737 1856 αὐτῶν

123 1884 423 1957 μεταϐολὴν
454 1887 524 1948 εἰς
551 1887 786 1951 εὐταξίαν
797 1931 810 1945 .

185 1981 301 2028 Καὶ
399 1974 720 2039 εἰσελθόντος
822 2008 889 2019 -
981 1979 1169 2048 οὗτος;
1262 1980 1529 2052 Ἐσιίσθη,
1623 1981 1736 2036 ἀντὶ

122 2070 226 2128 τού,
283 2063 594 2139 ἐταράχθη,
643 2065 995 2142 θορυϐηθεῖσα
1040 2068 1124 2122 ἐπὶ
1169 2077 1243 2122 τῶ
1288 2076 1459 2145 κρότῳ
1486 2077 1576 2125 καὶ
1617 2079 1734 2134 ταῖς

124 2153 237 2225 τύφῃ
245 2158 419 2216 μίαις.

184 2247 252 2298 0i
313 2240 376 2298 δί
427 2244 584 2317 ὄχλοι
629 2277 698 2288 -
739 2247 1034 2311 Γαλιλαίας.
1087 2251 1148 2303 Εἰ
1175 2255 1266 2304 καὶ
1303 2251 1430 2326 ὑπερ
1459 2256 1729 2327 προφήτην

121 2332 270 2385 αὐτὸν
332 2331 503 2406 εἶχόν,
561 2336 698 2408 ὅμως
736 2343 1004 2410 προφήτην
1042 2339 1197 2392 αὐτόν
1245 2340 1529 2414 ὠνόμαζον,
1577 2337 1731 2394 οὐδὲν

117 2421 446 2495 ὑψηλότερον
527 2423 712 2476 έννοεῖν
783 2423 1081 2500 δυνάμενοι,
1161 2425 1256 2482 διὰ
1317 2431 1385 2482 τὰ
1467 2428 1731 2504 ἂνθρωπο-

120 2521 288 2583 πριπῆ
346 2514 565 2566 τούτου.
624 2520 834 2578 Λουκᾶς
882 2512 942 2570 δί
989 2537 1167 2590 φησιν,
1211 2519 1292 2570 ὅτι
1323 2523 1423 2572 Καὶ
1453 2538 1586 2581 τινες
1631 2527 1730 2571 τῶν

122 2607 426 2675 Meto-uim!
512 2601 616 2654 ἀπὸ
691 2611 784 2656 τοῦ
862 2605 1026 2678 ὄχλου
1113 2604 1255 2660 εἷπον
1345 2611 1472 2682 πρὸς
1553 2607 1727 2674 αὐτόν,

122 2685 443 2760 Διδάσκαλε,
529 2689 842 2764 έπιτίμησον
916 2702 1024 2757 τοῖς
1098 2697 1365 2768 μαθηταῖς
1434 2716 1550 2750 σου.
1631 2701 1730 2750 Καὶ

127 2777 430 2854 ἀποκριθεὶς
509 2777 648 2833 εἶπεν
721 2782 918 2848 αὐτοῖς’
1002 2787 1152 2856 Λέγω
1217 2787 1360 2858 ύμῖν,
1420 2789 1505 2839 εὰν
1588 2783 1732 2839 οὗτοι

123 2874 499 2938 σιωπήσωσιν,
583 2872 632 2922 όί
712 2872 846 2924 λίθοι
934 2873 1292 2938 κεκράξονται.
1383 2877 1733 2937 Φθονήσαντις

118 2960 214 3029 γὰρ
273 2957 474 3028 ἔλεγον,
523 2959 606 3010 ὅτι
642 2959 886 3013 Κώλυσον
929 2965 1050 3022 τοὺς
1101 2965 1336 3036 μαθητὰς
1375 2981 1470 3016 σου
1513 2973 1732 3017 τοιαῦτα

712 2869 846 2924 λίθοι
934 2873 1292 2948 κεκράξονται.

1915 1955 2079 2013 Vers.
2108 1961 2189 2049 lo.
2225 1959 2486 2034 Cumque
2499 1965 2774 2025 intrasset
2798 1999 2868 2012 —
2895 1971 2993 2030 hic
3009 1975 3038 2031 ?
3063 1976 3377 2037 Commota
3391 1986 3500 2049 est,

1841 2042 1904 2100 id
1930 2049 2038 2110 est,
2077 2047 2317 2142 turbata
2353 2055 2463 2119 est,
2503 2055 2755 2114 excitato
2774 2061 3033 2119 tumultu
3055 2069 3298 2138 propter
3322 2042 3500 2142 plan;

1841 2148 1977 2190 sum
2003 2137 2060 2190 et
2087 2133 2344 2194 favores.

1909 2223 2076 2319 vers.
2108 2225 2192 2280 l1.
2218 2226 2429 2319 Turbae
2445 2243 2586 2319 uero
2605 2262 2672 2275 —
2694 2234 2982 2296 Galilaae.
3006 2241 3076 2296 Et
3092 2240 3143 2297 si
3162 2241 3293 2315 plus
3311 2261 3498 2319 quam

1837 2311 2190 2382 prophetam
2215 2329 2351 2372 eum
2376 2315 2694 2389 habebant,
2725 2325 3084 2397 prophetam
3112 2311 3497 2392 tamen-eum

1838 2397 2131 2466 dicebant,
2170 2403 2314 2475 quia
2357 2405 2506 2463 nihil
2544 2409 2838 2469 excelsius
2882 2417 3196 2490 concipere
3219 2427 3498 2494 poterant

1839 2493 2077 2559 propter
2104 2489 2373 2549 humana
2413 2495 2543 2567 ejus
2585 2514 2787 2571 opera.
2835 2503 3024 2561 Lucas
3055 2489 3258 2566 autem
3301 2512 3490 2570 dicit:

1838 2577 1918 2632 Et
1938 2579 2176 2650 quidam
2196 2582 2629 2644 Pharisaeorum
2646 2588 2719 2646 de
2733 2591 2905 2649 turba
2927 2595 3206 2655 dixerunt
3229 2601 3308 2657 ad
3325 2618 3449 2659 eum
3469 2619 3486 2660 :

1838 2667 2135 2740 Magister,
2168 2672 2410 2743 increpa
2429 2675 2747 2748 discipulos
2765 2683 3008 2740 tuos.Et
3027 2689 3377 2756 respondens
3403 2693 3493 2750 ait

1839 2757 1961 2813 illis
1990 2775 2002 2813 :
2037 2760 2174 2816 Dico
2203 2761 2357 2817 vobis
2386 2766 2556 2836 quod,
2591 2769 2646 2823 si
2663 2767 2724 2823 hi
2753 2774 3059 2840 tacuerint,
3107 2776 3337 2847 lapides
3376 2780 3492 2838 claw

1838 2847 2086 2904 mabunt
2103 2850 2174 2902 ⁷⁷.
2196 2851 2424 2909 Invidia
2435 2855 2596 2911 enim
2611 2859 2759 2913 moti
2777 2858 3060 2920 dicebant
3077 2879 3090 2919 :
3107 2865 3362 2924 Prohibe
3372 2869 3492 2926 dis-

1840 2935 2070 3008 cipulos
2100 2943 2250 3006 tuos,
2276 2954 2351 2996 ne
2374 2940 2728 3014 hujusmodi
2753 2946 3069 3019 plausibus
3093 2969 3166 3011 ac
3185 2953 3492 3016 favoribus

117 3053 326 3117 ιροτεῖν
385 3051 477 3099 καὶ
530 3047 775 3120 εὐφημεῖν
825 3068 902 3117 σι,
954 3051 1122 3104 Εἰπὼν
1177 3049 1256 3117 δι,
1310 3054 1392 3104 ὃτι
1428 3052 1546 3107 Ἐὰν
1585 3054 1729 3106 οὗτοι

1909 3030 2301 3098 osequantur.
2319 3029 2527 3120 Dicens
2538 3037 2764 3100 autem,
2777 3036 2845 3093 Si
2861 3037 2928 3095 hi
2938 3043 3254 3116 tacuerint,
3267 3046 3492 3117 lapides

120 3141 499 3199 σιωπήσωσιν,
565 3138 614 3188 οἱ
668 3137 801 3190 λίθοι
872 3139 1230 3214 κεκράξονται,
1309 3140 1536 3214 ἐνέφηνεν
1591 3143 1726 3216 (42),

113 3225 192 3276 ὅτι
235 3221 512 3277 ἀδύνατον
557 3228 890 3286 σιωπηθῆναι
925 3233 1017 3287 τήν
1054 3226 1213 3292 δόξαν
1258 3231 1436 3286 αὐτοῦ.
1482 3236 1728 3304 Λέγοιντο

115 3309 160 3364 δ’
205 3317 272 3366 ἄν
330 3313 470 3366 λίθοι
518 3319 610 3368 καὶ
645 3318 694 3368 οἱ
741 3321 1109 3380 πιστεύσαντες
1150 3319 1204 3383 έξ
1253 3319 1427 3383 έθνῶν,
1479 3323 1544 3382 ὡς
1589 3323 1725 3385 ὄντες

114 3407 373 3478 πρότερον
421 3410 790 3479 πεπωρωμένοι
847 3406 960 3478 (43)
1009 3411 1096 3460 τόν
1142 3415 1281 3474 νοῦν,
1337 3414 1427 3462 καὶ
1479 3409 1725 3470 ἁνοίσθη-

111 3510 192 3543 τοι
295 3494 616 3564 θεογνωσίας
708 3493 975 3559 ἀληθινῆς,
1083 3505 1260 3559 οῖτινες
1346 3501 1724 3557 σιωπησάντων

109 3589 211 3632 τῶν
261 3581 577 3634 ἀποστόλων
637 3591 698 3656 τῇ
758 3583 992 3658 τελευτῇ,
1043 3585 1222 3640 λοιπὸν
1275 3587 1425 3641 αὐτοὶ
1469 3587 1725 3660 κράξουσι

105 3690 170 3727 κη
177 3675 466 3745 ρύττοντες
479 3716 493 3728 .

185 3766 296 3814 Καὶ
359 3791 434 3801 -—
476 3765 805 3836 πιριστεράς.
856 3765 936 3817 Τὰ
979 3765 1327 3840 παραπλήσια
1365 3773 1456 3821 καὶ
1493 3769 1520 3820 ό
1553 3769 1727 3821 Ἰωάν-

103 3868 210 3910 νης
261 3856 446 3921 γησὶν,
493 3848 604 3902 ἀλλ’
649 3850 833 3912 ἐκεῖνος
874 3855 965 3925 μὶν
1025 3853 1139 3906 κατ’
1188 3853 1359 3928 ἀρχὰς
1413 3864 1503 3909 τοῦ
1559 3855 1726 3929 Εὐαγ-

108 3937 326 4007 Ὶελίου,
378 3942 645 4004 Ματθαῖος
689 3937 750 3994 δί
801 3946 894 3994 καὶ
951 3945 1000 3995 οἱ
1051 3943 1225 3998 λοιποὶ
1278 3949 1412 4018 πρὸς
1447 3954 1520 4017 τῷ
1571 3946 1722 4003 τέλει.

105 4025 292 4084 Δῆλον
336 4024 444 4096 οὖν,
484 4031 567 4082 ότι
619 4025 706 4093 δὶς
752 4038 922 4084 ταῦτα
947 4037 1221 4092 πεποίηκεν
1268 4036 1294 4087 ό
1336 4039 1586 4109 Χριστὸς,
1632 4040 1723 4090 καὶ

103 4119 254 4168 κατὰ
320 4113 602 4191 διαφόρους
670 4123 905 4195 καιρούς.
977 4127 1077 4175 Καὶ
1135 4128 1252 4176 τότε
1321 4127 1412 4196 μεν
1486 4125 1722 4197 λέγουσιν

103 4201 375 4259 Ἰουδαῖοι
436 4206 548 4278 (44)
619 4212 753 4282 πρὸς
814 4209 988 4280 αύτόν,
1056 4217 1120 4264 Τί
1183 4220 1397 4285 σημεῖον
1473 4209 1723 4276 δεικνύεις

98 4295 286 4366 irai-1;
337 4298 461 4371 ἄρτι
499 4292 562 4350 δι
610 4306 833 4369 σιγῶσιν
878 4299 1014 4371 (45).
1055 4298 1196 4374 Ὀρα
1224 4301 1284 4355 δι
1325 4308 1419 4362 τὴν
1453 4309 1720 4379 καταφρό-

1838 3114 2186 3180 clamabunt,
2231 3118 2504 3184 ostendit,
2554 3124 2720 3194 quod
2766 3125 3135 3199 impossibile
3181 3114 3259 3191 sit
3313 3114 3490 3194 suam

1841 3203 2017 3260 taceri
2055 3204 2331 3275 gloriam.
2382 3210 2635 3299 i’ossunt
2671 3228 2914 3287 quoque
2956 3218 3190 3292 lapides
3214 3223 3354 3291 dici,
3391 3226 3492 3299 qui

1836 3308 1911 3348 ex
1965 3293 2239 3364 gentibus
2281 3295 2679 3365 crediderunt,
2740 3307 3030 3377 tanquam
3071 3310 3236 3381 prius
3291 3293 3490 3372 mente

1835 3380 2054 3436 idurati
2077 3398 2149 3438 ac
2172 3383 2550 3443 insensibiles
2569 3389 2648 3444 ad
2668 3389 2933 3450 divinam
2962 3380 3489 3470 Deiicognitionem

1833 3471 1957 3542 qui,
1989 3476 2313 3544 postquam
2342 3476 2599 3547 apostoli
2625 3482 2816 3537 morte
2846 3485 3180 3553 tacuerunt,
3205 3489 3335 3560 jam
3373 3491 3491 3550 cla-

1834 3564 2005 3616 mant
2027 3560 2433 3632 praedicantes.

1905 3775 2076 3830 Vers.
2100 3776 2189 3831 l2.
2219 3777 2300 3834 Et
2330 3807 2399 3819 -
2427 3778 2761 3848 cobumbas,
2808 3783 3036 3844 Similia
3077 3804 3322 3865 quoque
3351 3792 3495 3852 dicit

1833 3864 2092 3921 Joannes
2127 3882 2141 3920 :
2175 3865 2282 3922 sed
2309 3865 2404 3923 ille
2432 3866 2682 3940 quidem
2712 3871 2870 3930 circa
2897 3864 3260 3952 principium
3299 3883 3494 3941 Evan-

1835 3952 1993 4023 gelii,
2019 3955 2322 4012 Matthaeus
2353 3961 2554 4014 autem
2583 3962 2640 4016 et
2666 3961 2862 4019 caeteri
2889 3964 3048 4022 circa
3077 3966 3280 4026 ﬁnem.
3313 3973 3494 4030 Mani-

1831 4041 2050 4098 festum
2075 4060 2218 4116 ergo
2247 4046 2412 4118 quod
2447 4046 2540 4103 bis
2576 4048 2707 4107 hec
2735 4049 2936 4110 fecerit
2973 4055 3256 4127 Christus,
3286 4063 3493 4120 variis-

1831 4146 1951 4203 que
1979 4133 2371 4204 temporibus,
2405 4137 2472 4192 Et
2500 4141 2640 4192 tunc
2665 4139 2912 4211 quidem
2943 4142 3152 4204 dicunt
3181 4148 3233 4204 ei
3253 4147 3446 4208 Judaei
3471 4168 3488 4208 :

1832 4219 1997 4285 Quod
2013 4220 2252 4292 signum
2268 4223 2533 4279 ostendis
2551 4225 2726 4282 nobis
2737 4227 2766 4284 ?
2778 4229 2960 4286 modo
2976 4238 3177 4291 autem
3190 4241 3405 4294 tacent.
3424 4241 3493 4296 Et

1834 4307 1974 4364 vide
1999 4308 2391 4379 abjectionem
2418 4327 2646 4379 eorum,
2677 4314 2739 4369 in
2767 4318 2989 4389 templo
3020 4321 3320 4393 siquidem
3353 4341 3491 4381 cau-

94 4401 267 4438 νῆσιν
327 4383 514 4439 αὐτῶν.
552 4386 632 4438 Ἐν
682 4394 754 4456 τῷ
803 4395 910 4458 ναῷ
965 4391 1066 4462 γὰρ
1124 4388 1460 4450 ἐκαπήλευον.
1525 4398 1628 4447 Καὶ
1673 4395 1751 4460 οἱ]

1909 4396 2249 4454 νιιιώθλιιιιτε
2277 4402 2334 4454 et
2352 4398 2414 4454 hi
2435 4399 2680 4471 quidem
2697 4383 3487 4483 vendebantindigentibus,

95 4477 201 4542 μὲν
273 4471 497 4526 ἐπώλουν
554 4477 622 4526 τὰ
676 4478 805 4548 πρὸς
855 4477 1042 4529 θυσίαν
1086 4477 1361 4539 ἐπιτήδεια
1411 4489 1520 4546 τοῖς
1574 4489 1721 4557 χρῄ-

100 4561 305 4631 ζουσι,
361 4562 598 4636 πρόϐατα
645 4563 796 4636 λέγω,
843 4571 932 4619 καὶ
977 4565 1106 4640 βόας
1149 4573 1241 4622 καὶ
1283 4574 1609 4645 περιστεράς,
1658 4575 1722 4634 ὡς

95 4651 127 4701 ό
204 4651 453 4714 Ἰωάννης
509 4649 766 4721 ἐδήλωσε,
847 4660 938 4709 καὶ
1013 4659 1058 4709 si
1113 4677 1166 4710 τι
1229 4667 1478 4714 τοιοῦτον·
1549 4663 1598 4714 οἱ
1663 4658 1724 4715 δι

93 4741 403 4815 ἠγόραζον.
481 4740 832 4797 Κολλυϐισταὶ
919 4741 980 4798 δε
1057 4745 1188 4800 εἰσιν
1267 4750 1316 4802 οἱ
1389 4751 1719 4825 τραπεζῖται.

96 4830 494 4895 Καταλλέκτας
577 4829 639 4885 (γε
704 4836 924 4898 τούτους
983 4834 1331 4910 ὀνομάζουσιν
1405 4841 1456 4892 oi
1519 4841 1718 4899 πολλοί.

171 5011 231 5045 ⁷⁸
255 5009 404 5067 an.
433 5027 549 5078 nx,
577 5010 668 5068 38.
747 5012 792 5049 ⁷⁷
832 5011 977 5072 ibid.
1016 5014 1107 5074 39.
1182 5017 1232 5054 ⁷⁸
1256 5017 1431 5078 Joan.
1461 5034 1523 5084 ιι,
1549 5021 1640 5077 18.

1833 4503 1968 4560 quae
2003 4487 2078 4542 ad
2121 4487 2481 4544 sacriﬁcium
2520 4493 2664 4562 apta
2700 4498 2890 4555 erant,
2937 4510 3080 4552 oves
3117 4497 3272 4564 dico,
3310 4500 3490 4558 boves

1832 4591 1902 4632 ac
1922 4576 2255 4647 columbas,
2276 4577 2430 4633 sicut
2445 4579 2707 4635 Joannes
2736 4581 3157 4652 manifestavit,
3185 4591 3242 4644 et
3265 4588 3315 4644 si
3347 4590 3491 4663 quid

1833 4672 1922 4722 est
1949 4666 2140 4722 simile
2167 4667 2238 4722 ⁷⁸.
2271 4667 2378 4722 Alii
2400 4681 2539 4724 vero
2569 4668 2871 4726 emebant.
2905 4671 3256 4730 Κολλυϐισταὶ
3286 4683 3490 4737 autem

1833 4770 1940 4827 pro
1973 4755 2198 4827 quibus
2231 4755 2518 4812 vertimus
2552 4757 3010 4830 nummularios,
3038 4771 3177 4822 sunt
3203 4768 3492 4826 mensarii

1835 4844 1962 4901 sive
1977 4844 2291 4918 trapezita,
2312 4848 2370 4902 et
2384 4860 2540 4919 quos
2558 4845 2728 4904 multi
2747 4848 3108 4917 καταλλάκτας
3120 4861 3356 4930 vocant,
3373 4857 3491 4915 hoc

1394 5152 1618 5222 Variae
1639 5153 1969 5225 lectiones
2001 5165 2066 5225 et
2089 5167 2294 5226 notae.

159 5287 296 5354 (ιο)
347 5286 636 5356 Βασιλιέαν,
668 5295 734 5344 Α.

161 5358 301 5428 (41)
338 5355 541 5436 Malim
567 5355 660 5436 gis,
680 5357 922 5436 locoji.
952 5363 1103 5421 Nam
1123 5362 1195 5421 de
1224 5364 1380 5421 Luca
1398 5381 1596 5424 sermo
1613 5371 1725 5436 est,

75 5429 165 5486 de
219 5442 377 5502 quo
396 5429 527 5502 jam
549 5431 777 5502 dixerat
802 5429 882 5488 δέ.

159 5499 300 5572 (si)
350 5499 430 5569 Δί,
456 5501 624 5560 addit
650 5507 718 5560 Α.

415 5599 649 5658 Ρλτιιοι..
690 5600 796 5657 Gn.
827 5601 1074 5660 CXXIX.

1905 5299 2024 5512 343)
2050 5304 2441 5422 Πεπηρωμένοι,
2479 5301 2547 5357 Α.
2711 5381 2730 5393 ,⁸

1931 5370 2001 5424 44
2041 5376 2169 5422 Τοτε
2229 5375 2437 5442 έγουσιν
2457 5371 2727 5428 οίΊουδαι

1932 5373 2022 5512 45)
2049 5445 2266 5510 Ῑκδῶσιν,
2295 5457 2406 5512 pro
2446 5452 2688 5512 σιγῶσιν,
2714 5462 2730 5503 Α

2041 5374 2169 5422 Τότε
2197 5370 2437 5442 λέγουσιν
2457 5377 2508 5426 οί
2528 5371 2808 5445 Ἰουδαῖον,
2834 5378 2905 5432 Α.

1932 5440 2022 5512 45)
2049 5440 2266 5510 δῶσιν,
2295 5457 2406 5516 pro
2446 5452 2688 5518 σιγῶσιν,
2714 5451 2781 5503 Α.

3145 5618 3211 5670 18
