3904 6210
468 279 576 335 559

470 404 695 460 tionem
728 418 743 469 ;
775 410 940 453 mare
964 406 1102 449 vero
1133 386 1426 458 absyssus
1450 384 1507 436 et
1531 377 1714 434 chaos
1743 372 1868 427 sive
1898 377 2117 433 vorago

2233 362 2500 435 Διάκρισιν
2557 361 2657 431 γὰρ

2365 450 2427 469 ⁴Α
2579 445 2624 469 βε

470 490 703 549 inferni.

538 688 705 741 Vers.
738 685 825 738 22.
858 682 934 736 Et
964 710 1030 718 —
1061 670 1381 743 accipietis.
1432 669 1654 722 Marcus
1680 666 1879 716 autem
1919 653 2065 709 dixit
2100 665 2113 706 :

468 778 911 860 thucecunque
930 773 1154 824 orantes
1174 760 1371 832 petitis
1391 754 1607 813 credite
1622 749 1781 822 quod
1800 745 2113 860 accipietis,

467 874 519 924 et
564 834 739 921 erunt
785 834 945 917 uobis
975 858 1044 910 ⁸³.
1099 850 1314 909 Omnia
1356 850 1550 903 autem
1600 856 1715 896 non
1772 834 2117 908 simpliciter

466 952 758 1022 intelligit,
784 948 889 1005 sed
918 960 1054 1017 quae
1079 942 1262 1011 digna
1288 940 1446 993 sunt.

537 1060 687 1113 CAP.
713 1054 933 1110 XLVIII.
962 1051 1045 1105 De
1061 1043 1435 1118 principibus
1460 1036 1832 1095 sacerdotum
1851 1038 1905 1088 et
1930 1032 2115 1087 senio-

750 1143 912 1198 ribus
963 1136 1272 1195 Dominum
1307 1124 1828 1197 interrogantibus.

539 1255 695 1308 Vers.
751 1253 840 1305 23.
899 1248 1160 1315 Cumque
1212 1242 1331 1312 ipse
1376 1236 1590 1293 veniset
1621 1263 1688 1271 --
1718 1231 1863 1285 hanc
1890 1230 1918 1284 τ
1967 1226 2118 1292 Quia

469 1338 753 1397 miracula
804 1348 1047 1406 carpere
1082 1345 1205 1387 non
1233 1328 1528 1401 poterant,
1560 1321 1634 1376 de
1664 1316 1949 1389 ejectione
1976 1330 2117 1370 con-

466 1430 796 1501 querantur
846 1405 1055 1479 eorum
1099 1418 1198 1490 qui
1246 1417 1307 1471 in
1335 1410 1558 1483 templo
1585 1405 1868 1464 emebant
1890 1420 1960 1459 ac
1982 1419 2117 1457 ven-

464 1491 708 1579 debant,
732 1513 1030 1568 dicentes:
1054 1507 1124 1562 In
1146 1519 1266 1577 qua
1287 1505 1569 1573 potestate
1583 1497 1702 1552 haec
1726 1495 1901 1564 facis,
1922 1491 2117 1564 prohi-

462 1607 613 1662 bens
634 1619 772 1677 quae
789 1616 901 1656 nos
932 1612 1054 1654 non
1082 1592 1477 1667 prohibemus
1505 1589 1533 1624 "
1564 1592 1628 1645 Et
1665 1588 1801 1659 quis
1833 1586 1929 1642 tibi
1952 1584 2117 1639 dedit

463 1668 817 1768 potestatem
829 1691 1006 1752 hanc,
1032 1681 1337 1741 cuinullus
1355 1678 1555 1750 templi
1574 1676 1937 1749 principatus
1955 1689 2115 1729 com-

2233 1696 2385 1753 ἔδωκε
2431 1702 2526 1756 τὴν
2580 1694 2816 1757 ἐξουσίαν
2872 1693 3066 1746 ταύτην
3122 1692 3215 1737 τοῦ
3267 1680 3495 1744 ἐξωθεῖν;
3530 1668 3728 1746 μηδεμία

464 1766 682 1839 missus
721 1784 808 1837 est
836 1774 1063 1847 ?Atqui
1114 1773 1345 1829 bonum
1376 1784 1531 1841 opus
1590 1766 1782 1822 fuerat
1832 1768 2111 1835 operatus

462 1874 785 1944 repurgato
840 1863 1108 1935 templo:
1152 1874 1359 1917 verum
1420 1856 1647 1913 invidia
1719 1854 1897 1911 etiam
1951 1852 2113 1908 bona

465 1955 820 2016 calumniari
851 1952 1025 2009 solet.

538 2050 697 2101 Vers.
731 2042 819 2097 24.
867 2039 1237 2110 Respondeus
1274 2066 1344 2075 —
1370 2035 1536 2090 Vers.
1585 2036 1673 2087 25.
1727 2030 2058 2086 hominibus
2084 2028 2112 2083 ?

464 2137 520 2193 E
547 2135 715 2197 caelo,
736 2132 851 2188 hoc
881 2134 987 2193 est,
1017 2126 1258 2185 Caelitus
1285 2140 1322 2179 a
1361 2125 1500 2178 Deo.
1532 2121 1633 2177 Ex
1662 2118 2010 2183 hominibus,
2052 2118 2111 2173 id

466 2230 572 2292 est,
601 2223 686 2280 Ab
722 2217 1038 2278 hominum
1069 2218 1387 2289 praecepto.
1418 2210 1561 2266 Vide
1584 2215 1781 2265 autem
1804 2207 2112 2281 quomodo

464 2329 586 2371 non
614 2311 811 2367 statim
838 2304 1142 2378 respondit
1164 2304 1269 2372 eis,
1292 2317 1367 2358 ne
1407 2300 1673 2372 seipsum
1729 2295 2113 2367 magniﬁcare

468 2402 781 2465 videretur,
805 2402 861 2453 et
889 2412 965 2452 ne
990 2395 1190 2467 ipsum
1221 2394 1543 2463 carperent,
1572 2386 1744 2458 quasi
1775 2386 1875 2442 Dei
1910 2386 2114 2440 adver-

468 2490 714 2548 sarium.
740 2487 887 2554 Quia
903 2489 1103 2541 autem
1127 2480 1386 2554 Baptista
1406 2477 1596 2534 multa
1625 2476 1700 2532 de
1729 2476 1855 2547 ejus
1887 2474 2114 2545 magni-

468 2580 673 2637 tudine
702 2580 943 2634 testatus
984 2572 1193 2635 fuerat,
1249 2568 1387 2624 inde
1416 2582 1516 2623 eos
1541 2582 1573 2621 e
1602 2565 1841 2621 diverso
1870 2564 2113 2619 interro-

468 2673 589 2742 gat,
613 2677 669 2723 et
690 2666 751 2721 in
780 2662 1231 2738 perplexitatem
1261 2673 1363 2713 eos
1394 2654 1715 2720 concludit,
1738 2653 1819 2709 ita
1845 2658 1907 2707 ut
1937 2651 2112 2706 etiam

467 2757 585 2830 ipsi
610 2758 1001 2825 agnoscentes
1024 2746 1247 2807 turbati
1270 2747 1404 2802 sint.

539 2849 703 2902 Vers.
741 2845 824 2898 25.
852 2844 931 2897 Αι
950 2840 1042 2896 illi
1063 2869 1127 2880 --
1151 2834 1475 2894 credidistis
1496 2834 1551 2889 ei
1573 2834 1600 2888 ?
1632 2832 1762 2886 Haec
1785 2828 2118 2901 estperple-

469 2937 645 2991 xitas.
701 2932 953 2987 Dixisset
999 2928 1159 2984 enim
1186 2927 1270 2981 eis
1298 2943 1311 2977 :
1347 2925 1530 2990 Quare
1555 2938 1664 2976 non
1696 2919 2017 2975 credidistis
2039 2920 2113 2987 ei,

1794 231 2144 298 EUTHYMII
2182 231 2503 288 ZIGABENI
3626 221 3702 276 560

2710 356 2989 429 ἀμφότεροι
3054 354 3140 403 τόν
3216 346 3473 419 δισταγμὸν
3515 344 3707 417 ὀνομάζον

2231 471 2332 503 σιν.
2365 450 2517 524 ⁴Ορος
2567 445 2625 500 δὲ
2676 454 2888 509 νοεῖται,
2939 444 3029 494 καί
3059 442 3083 492 ό
3130 436 3365 501 διάϐολος,
3401 432 3481 487 διὰ
3504 439 3581 492 την
3605 436 3715 507 ἔπαρ-

2231 560 2333 593 σιν.
2365 540 2605 591 θάλασσα
2634 532 2712 599 δε,
2741 537 2770 592 η
2806 533 3039 592 ἄϐυσσος
3071 534 3158 580 χαὶ
3182 531 3235 579 τό
3264 528 3400 598 χάος.

2302 634 2400 683 Καὶ
2462 660 2528 667 —
2567 625 2813 696 λήψεσθε.
2876 622 2934 672 Ὀ
3002 617 3060 672 δὲ
3116 618 3315 691 Μάρκος
3363 611 3497 672 εἶπεν.
3547 613 3609 662 ότι
3645 616 3719 661 lim

2226 722 2394 771 πάντα
2440 719 2542 769 ὅσα
2634 713 2693 765 ἂν
2779 712 3191 785 προσευχόμενοι
3251 703 3353 773 (53)
3410 700 3610 759 αἰτῆσθε,
3655 717 3715 748 πι-

2229 811 2448 871 στεύετε,
2481 806 2563 857 ὅτι
2586 801 2886 875 λαμϐανετε,
2925 802 3014 850 καὶ
3058 799 3201 848 ἔσται
3234 794 3355 865 ύρίν·
3393 792 3539 841 πάντα
3562 783 3609 838 δε
3627 790 3716 849 νόει,

2224 902 2295 969 μὴ
2330 895 2520 963 ἁπλῶς,
2556 892 2683 945 ἀλλὰ
2710 894 2777 943 τὰ
2813 889 2955 952 ἄξια.

2228 1046 2373 1094 ΚΕΦ.
2432 1036 2564 1091 MH'.
2626 1038 2750 1109 Περὶ
2827 1040 2925 1083 τῶν
2992 1026 3402 1102 ἐπερωτησάντων
3462 1021 3535 1070 τὸν
3582 1017 3721 1087 Κύριον

2608 1124 2891 1199 ἀρχιερέων
2928 1124 3020 1171 καὶ
3048 1114 3410 1191 πρεσϐυτέρων.

2299 1258 2399 1309 Καὶ
2447 1252 2642 1305 ελθόντι
2697 1249 2839 1318 αύτῷ
2876 1276 2946 1287 -
3014 1244 3207 1298 ταύτην
3259 1255 3273 1305 ;
3326 1238 3452 1289 Ἐπεὶ
3494 1238 3586 1291 τοῖς
3637 1228 3726 1280 θαύ-

2225 1364 2385 1416 μασιν
2440 1342 2533 1394 οὐκ
2586 1336 2843 1396 ἠδύναντο
2900 1332 3231 1408 μέμψασθαι,
3298 1330 3406 1399 περὶ
3450 1330 3529 1380 τῆς
3568 1316 3726 1375 hem;

2226 1432 2503 1505 ἐγκαλοῦσι
2553 1436 2653 1481 τῶν
2710 1424 3012 1479 πωλούντων
3093 1423 3183 1471 καὶ
3243 1413 3561 1487 ἁγοραζόντων
3604 1407 3641 1458 ἰν
3678 1412 3727 1472 τῷ

2228 1525 2365 1595 ἱερῶ,
2426 1520 2671 1590 λέγοντι-ς’
2732 1518 2812 1568 Ἐν
2896 1517 3023 1583 ποίᾳ
3107 1508 3315 1577 ἐξουσία
3386 1508 3534 1553 ταῦτα
3571 1501 3725 1557 ποιεῖςς

2224 1611 2454 1675 κωλύων,
2530 1608 2658 1679 οἱπερ
2711 1606 2854 1676 ἡμεῖς
2902 1600 2997 1653 οὐκ
3044 1597 3382 1664 ἐκωλύσαμεν.
3438 1591 3528 1641 Καὶ
3566 1589 3631 1645 τίς
3672 1599 3730 1632 σοι

2223 1787 2398 1861 ἀρχὴν
2451 1793 2542 1838 τοῦ
2616 1790 2742 1835 ναοῦ
2821 1778 3291 1851 ἐμπεπιστευμένῳ.
3354 1772 3449 1821 Καὶ
3504 1767 3582 1836 μὴν
3617 1758 3729 1810 καλὸν

2224 1875 2484 1938 ἐποίησεν,
2519 1872 2845 1945 ἀνακαθάρας
2893 1871 2951 1919 τὸ
2985 1868 3135 1937 ἱερόν·
3194 1860 3301 1914 ἀλλ’
3338 1860 3366 1915 ἡ
3414 1853 3638 1928 βασκανία
3671 1849 3731 1897 καὶ
3862 1849 3875 1867 “

2222 1972 2327 2024 τοῖς
2356 1962 2532 2023 καλοῖς
2562 1962 2733 2013 ε’ίωθεν
2764 1955 3079 2029 ἑπηρεάξειν.

2293 2052 2621 2123 Ἀποκριθεὶς
2686 2079 2753 2088 -—
2805 2024 3086 2117 ἀνθρώπων
3146 2057 3159 2107 ;
3243 2036 3327 2098 Ἐξ
3404 2031 3593 2104 οὐρανοῦ
3658 2024 3732 2095 μὲν.

2224 2141 2337 2194 ἀντὶ
2389 2113 2499 2206 τοῦ,
2569 2138 2813 2204 Ἀνωθεν,
2976 2138 3067 2184 τοῦ
3123 2128 3241 2200 (54)
3294 2129 3437 2178 Θεοῦ·
3481 2116 3554 2179 Ἐξ
3596 2113 3735 2206 ἀνθρῇ·

2222 2252 2330 2283 πων
2370 2226 2451 2298 δε,
2482 2195 2592 2280 αντὶ
2625 2233 2738 2293 τοῦ,
2795 2195 2881 2286 ίεξ
2937 2195 3141 2278 ἐντολῆς
3198 2195 3487 2289 ανθρώπων,
3533 2204 3645 2277 Ὀρα
3682 2195 3736 2298 δέ,

2222 2328 2333 2381 πῶς
2382 2317 2433 2380 ἕξ
2487 2317 2688 2375 εὐθείας
2878 2311 2973 2363 οὐκ
3035 2306 3293 2379 ἀπεκρίθη
3357 2301 3555 2361 τούτοις,
3597 2293 3659 2342 ἱνα
3685 2288 3733 2357 μὲ

2225 2405 2351 2480 δόξῃ
2422 2404 2720 2477 μεγαλύνειν
2806 2402 3005 2467 ἑαυτὸν,
3062 2400 3151 2448 καὶ
3230 2396 3311 2446 ’ίνα
3366 2392 3431 2462 μὴ
3488 2381 3739 2453 διασῦρωσιν

2224 2497 2399 2565 αὐτόν,
2454 2498 2524 2557 ὡς
2562 2493 2809 2545 ἀντίθεον.
2865 2491 3006 2543 Ἐπεὶ
3057 2483 3116 2539 δε
3159 2486 3190 2536 ό
3243 2480 3524 2535 Βαπτιστής
3567 2468 3740 2522 Ἰωάννης

2228 2584 2389 2639 πολλὰ
2452 2587 2569 2659 περὶ
2631 2591 2723 2642 τῆς
2800 2577 3203 2652 μεγαλειότητος
3272 2569 3425 2622 αὐτοῦ
3484 2556 3739 2635 μεμαρτύρη·

2226 2694 2330 2741 κεν,
2415 2672 2601 2725 ἐκεῖθεν
2695 2670 2881 2730 αὐτούς
2962 2664 3314 2737 ἁντεπερωτᾲ,
3385 2659 3467 2708 καὶ
3517 2644 3741 2702 συνελαύνει

2229 2767 2353 2839 πρὸς
2415 2761 2655 2835 ἀπορίαν,
2719 2761 2745 2811 ὅ
2799 2762 2888 2809 καὶ
2946 2755 3095 2807 αὐτοὶ
3153 2755 3365 2823 γνόντες
3414 2736 3745 2816 ἐθορυϐήθησαν-

2340 2818 2351 2824 -
2517 2818 2525 2835 ,
2643 2818 2653 2828 ,
3164 2818 3176 2823 _
3731 2818 3740 2827 ν

2302 2855 2367 2905 Oi
2420 2848 2479 2903 δὲ
2534 2881 2601 2891 -—
2678 2847 3019 2900 ἐπιστεύσατε
3102 2841 3251 2911 αὐτῷ
3304 2854 3318 2904 ;
3388 2832 3524 2886 Τοῦτό
3570 2823 3682 2874 ἔστιν
3722 2835 3746 2871 η

2233 2941 2442 3017 ἀπορία·
2506 2938 2627 2993 Εῐττε
2683 2940 2781 3011 φάρ
2853 2937 2914 2987 ἄν
2961 2934 3077 3004 (55)
3134 2924 3342 2996 αὐτοῖς,
3394 2921 3515 2975 Arari
3555 2911 3631 2964 ούιι
3666 2907 3753 2957 ἐπι-

470 3041 611 3081 cum
642 3022 830 3078 multa
871 3025 928 3075 et
978 3031 1202 3085 magna
1248 3015 1323 3070 de
1355 3028 1450 3068 me
1476 3010 1748 3067 diceret?
1770 3009 1920 3063 Nam
1950 3007 2000 3060 si
2028 3006 2117 3062 his

2335 2997 2344 3017 ⁸
2689 2997 2699 3010 ⁸
2754 2997 2763 3011 ι
2971 2997 2980 3004 ‘
3057 2997 3066 3002 '
3744 2997 3752 3007 ι

2235 3034 2485 3085 στεύσατε
2548 3028 2702 3097 ούτῷ,
2776 3025 2973 3095 λέγοντι
3058 3019 3233 3072 πολλὰ
3310 3018 3395 3067 καὶ
3464 3002 3628 3081 μεγαλα
3669 3012 3759 3067 περι

470 3128 607 3186 quia
638 3111 876 3166 dicebat
904 3102 1335 3165 credidissetis.
1366 3099 1795 3173 cognovissetis
1824 3099 2025 3169 utique
2060 3095 2119 3150 in

470 3185 593 3274 qua
638 3202 925 3272 potestate
967 3196 1096 3251 haec
1152 3192 1391 3249 faciam.
1445 3193 1611 3245 Nunc
1641 3188 1841 3259 itaque
1871 3185 2122 3242 convin-

470 3288 695 3352 cimini,
740 3284 907 3359 quod
936 3284 1155 3339 frustra
1179 3282 1471 3337 Joannem
1507 3276 1835 3334 habueritis
1866 3274 2123 3348 prophe-

470 3383 614 3441 tam,
642 3392 779 3432 cum
811 3374 891 3429 illi
920 3387 1043 3429 non
1068 3367 1454 3427 credideritis.

541 3468 705 3522 Vers.
754 3467 841 3519 26.
882 3462 942 3518 Si
985 3466 1177 3517 autem
1222 3487 1294 3499 —
1339 3456 1702 3527 prophetam.
1746 3455 1789 3509 Ο
1839 3452 2121 3509 miseram

469 3554 819 3612 hominibus
867 3548 1138 3623 placendi
1169 3545 1555 3617 cupiditatem
1587 3544 1598 3597 l
1625 3543 1815 3598 Deum
1859 3546 2122 3597 contem-

470 3647 641 3709 nunt,
663 3640 942 3696 homines
969 3652 1107 3693 vero
1152 3634 1380 3698 timent,
1420 3636 1479 3688 et
1516 3632 1593 3687 ad
1624 3646 1826 3687 eorum
1864 3630 2122 3702 gratiam

470 3730 673 3786 omnia
696 3732 1028 3802 operantur.

540 3820 703 3875 Vers.
733 3822 823 3873 27.
870 3817 949 3872 Et
986 3812 1394 3883 respondentes
1414 3840 1482 3849 —-
1504 3808 1747 3879 faciam.
1803 3806 2122 3879 Oportebat

470 3908 711 3980 quidem
768 3922 869 3963 eos
915 3904 1130 3967 dicere,
1185 3900 1349 3972 quod
1427 3898 1726 3969 baptisma
1785 3896 2031 3952 Joannis
2086 3912 2121 3952 a

474 3999 593 4054 Deo
614 4002 759 4065 erat,
790 3997 847 4050 et
881 3991 1046 4066 quod
1071 3992 1326 4046 Joannes
1351 4004 1387 4043 a
1416 3989 1531 4042 Deo
1554 3986 1775 4041 missus
1807 3990 1951 4041 erat.
1973 3985 2122 4051 Quia

471 4102 612 4142 vero
648 4084 815 4154 argui
872 4081 1183 4144 timebant,
1241 4081 1306 4133 ut
1350 4076 1453 4149 qui
1495 4091 1617 4130 non
1674 4074 1997 4131 credidisse
2044 4074 2124 4130 illi

472 4176 584 4231 visi
635 4173 890 4236 fuerant,
943 4169 1255 4226 veritatem
1293 4165 1760 4221 abscondebant.
1799 4166 1891 4220 Ait
1936 4181 2118 4236 ergo:

470 4266 674 4338 Neque
700 4277 841 4332 ergo
861 4259 996 4315 dico
1024 4257 1197 4313 vobis
1211 4253 1379 4327 quod
1394 4255 1541 4309 scire
1559 4254 1772 4325 cupitis
1796 4271 1812 4320 ;
1839 4269 1962 4310 non
1976 4254 2125 4309 sicut

471 4370 580 4411 vos
626 4350 934 4409 veritatem
978 4343 1378 4407 abscondens,
1434 4341 1539 4398 sed
1590 4342 1973 4413 responsione
2032 4342 2125 4413 ju-

473 4442 685 4499 dicans
725 4455 833 4496 vos
889 4436 1191 4505 indignos,
1248 4432 1351 4504 qui
1404 4430 1488 4486 ita
1525 4429 1726 4486 dolose
1778 4430 2119 4487 versamini.

687 4547 846 4602 CAP.
890 4544 1059 4599 XLIX.
1102 4540 1183 4596 De
1210 4538 1422 4594 duobus
1446 4538 1583 4609 ﬁliis
1608 4537 1906 4607 parabota.

546 4636 707 4692 Vers.
740 4638 828 4690 28.
862 4632 1010 4699 Quid
1033 4637 1224 4687 autem
1256 4627 1411 4684 vobis
1436 4626 1666 4684 videtur
1692 4627 1720 4682 ?
1760 4628 1839 4683 De
1860 4626 1954 4682 his
1984 4643 2121 4700 quae

473 4724 694 4781 dicam.
747 4723 897 4778 Cum
948 4720 1108 4776 enim
1161 4718 1357 4774 dicere
1408 4716 1734 4773 noluissent
1786 4716 1947 4774 unde
1998 4722 2124 4774 erat

472 4813 779 4886 baptisma
815 4808 1077 4875 Joannis,
1134 4823 1209 4863 ne
1252 4808 1643 4877 arguerentur
1689 4805 1856 4878 quod
1907 4806 1963 4863 ei
2000 4822 2124 4864 non

475 4900 892 4967 credidissent,
943 4914 1049 4971 per
1093 4896 1448 4969 parabolam
1482 4909 1584 4950 eos
1637 4895 1884 4965 aggredi
1926 4902 2120 4969 parat,

474 4997 540 5049 ut
563 4991 791 5063 seipsos
819 4988 932 5062 ipsi
951 4986 1357 5044 condemnent
1383 4988 1673 5056 tanquam
1690 4983 2048 5054 incredulos,
2066 4991 2125 5045 et

475 5081 613 5138 dicit
643 5097 657 5137 :

546 5260 592 5295 ³³
623 5258 797 5314 Marc.
836 5272 919 5321 ιι,
963 5253 1054 5309 24.

2232 3120 2403 3194 ἐμοῦ;
2485 3118 2529 3170 εἰ
2579 3120 2681 3189 ’γὰρ
2740 3112 3102 3173 ἐπιστεύσατε,
3173 3109 3255 3168 οἷς
3308 3103 3482 3172 ἔλεγεν,
3528 3093 3760 3159 έἹίνώσκεπ

3475 3191 3482 3194 .
3569 3177 3589 3194 Ο
3661 3175 3724 3194 "1,

2255 3175 2265 3194 Ι
2390 3175 2402 3186 ¹
2587 3175 2600 3188 υ
2652 3175 2661 3189 ι
3661 3177 3670 3185 _
3707 3178 3714 3189 '

2231 3212 2315 3273 οἷν,
2368 3208 2416 3261 ἐν
2457 3211 2583 3278 ποίᾳ
2625 3204 2837 3274 ἐξουσίᾳ
2887 3208 3056 3253 ταῦτα
3106 3204 3268 3250 ποιῶ.
3334 3191 3516 3247 Λοιπὸν
3543 3177 3615 3235 οὖν
3656 3175 3764 3241 ὼν-

2230 3300 2413 3371 χεσθε,
2447 3297 2616 3369 μάτην
2677 3296 2877 3365 ἔχοντες
2932 3305 3207 3362 προφητην
3284 3285 3371 3335 τὸν
3427 3276 3651 3331 Ἰωάννην,
3681 3278 3763 3312 πί·

2233 3395 2468 3447 στοῦντες
2504 3384 2667 3453 αύτῷ.

2302 3477 2418 3528 Ἐὰν
2471 3470 2529 3526 δε
2580 3504 2648 3512 —
2702 3475 2987 3545 προφήτην,

2232 3565 2415 3618 ἀθλίων
2468 3544 2993 3636 ἀνθρωπαρεσκείαςῐ
3044 3560 3150 3606 Τοῦ
3235 3554 3329 3625 μὲν
3399 3549 3519 3599 Θεοῦ
3575 3544 3767 3627 καταφῆ

2228 3662 2400 3719 νοῦσι,
2457 3615 2575 3711 τούξ
2631 3615 2934 3721 ἀνθρώπους
2981 3641 3040 3696 δε
3071 3615 3380 3716 φοϐοῦνται,
3435 3637 3520 3685 καὶ
3566 3640 3673 3700 προς
3692 3615 3768 3689 χά·
3874 3616 3875 3685 l

3039 3464 3127 3517 ⁴Ω
3191 3471 3287 3523 τῆς
3373 3452 3659 3519 ἀνελευθέρου
3696 3446 3765 3490 τοῖιν

2229 3761 2309 3815 ριν
2340 3741 2506 3793 αὐτῶν
2534 3741 2741 3791 ἅπαντα
2768 3737 3108 3809 πράττουσιν.

2303 3835 2404 3883 Καὶ
2470 3827 2831 3899 ἀποκριθέντες
2904 3854 2972 3864 -
3033 3828 3191 3875 ποιῶ.
3270 3812 3421 3870 Ἐδει
3498 3811 3580 3883 μεν
3634 3798 3772 3853 αὐτοὺς

2233 3920 2406 3990 εἰπεῖν,
2459 3920 2539 3970 ὅτι
2590 3920 2681 3968 καὶ
2734 3918 2794 3966 τό
2826 3912 3106 3986 βάπτισμα
3159 3912 3219 3961 ἑκ
3262 3912 3400 3960 Θεοῦ
3430 3898 3510 3965 ἦν,
3539 3898 3618 3949 καὶ
3648 3890 3668 3941 ὁ
3699 3886 3769 3937 ’ἶνιν

2231 4011 2388 4069 άννης
2442 4006 2495 4059 ἐκ
2576 4011 2709 4059 Θεοῦ
2766 4000 3006 4054 ἔσταλται
3064 4018 3077 4031 ·
3142 3997 3262 4049 ἐπεὶ
3319 3991 3381 4047 δε
3442 3991 3680 4062 φεύγοντες
3718 3976 3773 4024 τέ’

2232 4096 2467 4168 ἔλεγχον,
2536 4096 2617 4145 ἱνα
2673 4096 2744 4164 μὴ
2814 4089 3154 4149 ἀπιστοῦντες
3212 4084 3361 4155 αὐτῷ
3410 4085 3639 4153 φανῶσιν,

2232 4146 2501 4242 πτόΐτὴν
2559 4146 2821 4249 ἀληθειαν,
2876 4182 3052 4251 φησὶν,
3114 4170 3269 4228 Οὐδὲ
3470 4167 3593 4237 λέγω

2234 4274 2485 4348 βούλεσθε
2536 4273 2737 4345 μαθεῖν,
2807 4268 2865 4320 οῦ
2917 4269 3183 4340 κρύπτων,
3236 4265 3312 4323 ὡς
3380 4261 3539 4331 ὑμεῖς,
3600 4252 3678 4304 τὴν
3702 4238 3783 4348 ἣτ’
3874 4306 3875 4325 1

2236 4329 2245 4348 .
2536 4329 2547 4345 .
2726 4329 2737 4339 ,
2951 4329 2961 4340 _
3170 4329 3174 4330 γ
3415 4329 3424 4331 _

2236 4366 2396 4431 θείαν»
2464 4360 2570 4413 ἀλλ’
2628 4358 2867 4421 ἀναξίους
2935 4364 3027 4415 τῆς
3085 4351 3428 4424 ἀποκρίσεως
3478 4347 3599 4417 ὑμᾶς
3638 4329 3787 4405 Inlit-
3874 4338 3875 4341 “

2233 4473 2401 4527 μενος,
2435 4451 2566 4503 οὖτω
2592 4452 3032 4521 κακουργοῦντας.

2430 4545 2575 4594 ΚΕΦ*
2607 4518 2907 4607 ΜΘἍἽΠερὶ
2937 4542 3036 4586 τῶν
3070 4527 3169 4584 δύο
3192 4532 3330 4583 υἱῶν
3360 4518 3645 4601 παραϐολή.

2300 4634 2363 4683 Τί
2420 4625 2480 4681 δε
2535 4629 2655 4700 ύμῖν
2705 4597 2897 4690 domi;
2939 4620 3065 4695 Περὶ
3110 4619 3180 4670 ὧν
3263 4616 3387 4693 ἐρῶ,
3440 4597 3788 4700 δηλονότι...Μὲ

2234 4718 2555 4776 θελησάντων
2582 4717 2685 4787 γὰρ
2740 4713 2917 4779 εἰπεῖν,
2975 4711 3128 4764 πόθεν
3180 4705 3248 4767 ἧν
3287 4688 3361 4760 ⁷τὸ
3424 4701 3687 4778 βάπτισμα
3705 4688 3791 4742 Ὶυ·
3874 4700 3875 4703 “

2230 4811 2405 4877 άννου,
2482 4807 2564 4858 ἶνα
2640 4808 2710 4877 μὴ
2787 4800 3109 4873 ἕλεγχθῶσιν
3197 4797 3593 4853 ἀπιστήσαντες
3642 4783 3792 4843 ἐκείνῳ,

2233 4862 2477 4973 βούλεται
2515 4890 2610 4947 διὰ
2640 4862 2961 4968 ⁸παροιϐολῖς
2999 4887 3191 4946 αὐτοὺς
3225 4884 3477 4960 ἓμϐαλεῖν
3529 4878 3598 4940 εἰς
3641 4875 3692 4926 τὸ
3734 4862 3796 4919 αὖ·

2230 4956 2348 5049 τοὺς
2442 4956 2923 5055 καταψηγίσασθαι
3001 4977 3199 5031 ἑαυτῶν
3252 4956 3263 4960 “
3287 4977 3367 5037 ὡς
3445 4970 3679 5030 ἀπειθῶν,
3736 4956 3800 5009 καὶ
3874 5010 3875 5055 ,

2228 5077 2386 5149 λέγει.

1697 5377 1923 5446 Variae
1962 5378 2289 5449 lectiones
2321 5391 2385 5448 et
2424 5388 2627 5446 notae.

472 5528 656 5673 (“(53)
685 5532 765 5583 Ita
803 5524 981 5582 etiam
1012 5522 1071 5579 in
1129 5523 1289 5579 textu
1320 5519 1492 5576 Marci
1523 5519 1704 5578 habet
1734 5523 1923 5579 codex
1970 5529 2122 5582 uter-

558 5617 611 5657 e.

558 5617 611 5657 e.

2305 5524 2420 5666 ἑῦάυζ
2449 5522 2544 5605 :Ex
2575 5527 2666 5573 τοῦ
2697 5526 2831 5601 φεοῦ
2862 5516 2929 5573 Α.

2329 5600 2395 5650 55
2475 5599 2564 5659 Αν,
2598 5595 2819 5649 omittit
2843 5596 2901 5646 B.

2329 5595 2418 5659 55)
2449 5595 2564 5659 "Av,
2598 5595 2819 5649 omittit
2843 5596 2901 5646 B.
