3904 6210
173 229 262 286 561
1070 226 1431 283 (ῙΟΜΜΕΝΤ.
1475 228 1547 283 ΙΝ
1589 226 1715 282 ΜΑἿ

1944 227 2030 284 ΙΜ.
2071 262 2141 272 -
2182 231 2342 291 CAP.
2383 234 2527 290 XXI.
3379 239 3486 295 562

241 355 503 428 Ἀνθρωπος
594 381 656 390 -
749 351 843 403 ούκ
920 350 1166 411 ἀπῆλθεν,
1249 355 1552 427 Ἄνθρωπον
1635 355 1723 424 μὲν
1760 351 1783 405 ,Α

1939 354 2062 409 ’ers.
2114 360 2201 412 28.
2234 349 2424 414 Homo
2457 357 2709 414 habebat
2739 387 2806 397 --
2839 355 2999 412 Vers.
3033 358 3120 414 30.
3154 374 3273 414 non
3316 362 3481 417 abiit.

177 441 403 501 ἀποδηλοῖ
443 439 522 492 τόν
576 442 722 504 Θεὸν,
779 442 850 502 ὡς
905 440 1281 517 φιλάνθρωπον⁸
1341 447 1493 494 τέκνα
1541 439 1599 494 δέ
1635 441 1719 492 αύ-

1940 443 2144 501 ninem
2178 446 2477 517 signiﬁcat
2507 450 2713 511 Deum,
2748 450 3038 518 tanquam
3068 447 3341 506 videlicet
3369 451 3482 506 hu-

168 541 248 586 τοῦ
274 528 375 596 δύο,
403 533 480 582 τόν
529 548 583 581 τε
631 528 751 581 λαόν
808 537 905 581 τῶν
963 529 1140 597 ἐθνῶν,
1194 535 1284 583 καὶ
1335 534 1421 583 τόν
1467 538 1564 582 τῶν
1597 531 1710 582 ’1ου

1939 546 2079 587 num
2103 534 2537 591 authominum
2559 538 2911 596 amatorem.
2934 535 3088 591 duos
3104 540 3306 592 autem
3323 536 3481 595 ﬁlios

166 618 323 688 δαίων,
351 623 414 680 ὡς
441 623 703 690 ποιήματα
760 618 940 674 αὐτοῦ.
978 624 1076 672 Καὶ
1127 621 1265 672 ἔστιν
1296 621 1322 672 6
1369 625 1441 692 μή
1485 621 1708 689 ύποσχό⁴

1937 637 1978 684 s,
2011 622 2302 693 populum
2336 623 2615 693 gentilem
2646 626 2704 679 et
2729 622 3064 689 Judaicum,
3098 625 3201 695 qui
3233 631 3371 681 sunt
3400 626 3479 684 fa-

161 728 286 783 μεδος
329 711 431 779 μὲν,
486 706 714 759 ἀπελθὼν
788 706 868 776 ὀὶ,
945 709 972 760 6
1027 707 1151 770 λαός
1201 716 1300 761 τῶν
1355 706 1526 760 ἐθνῶν·
1581 709 1607 759 6
1661 703 1703 759 δ]

1937 725 2008 764 rae
2053 710 2261 782 ipsius.
2310 714 2377 768 Et
2416 711 2467 766 is
2495 711 2599 783 qui
2628 726 2750 767 non
2791 711 3083 782 promisit,
3130 713 3236 768 sed
3274 718 3479 772 tamen

161 801 475 870 ὑποσχόμενος
503 798 614 868 μεν,
664 801 736 867 μή
777 795 1008 850 ἀπελθὼν
1066 793 1145 863 δε,
1200 798 1226 849 6
1275 795 1396 858 λαός
1445 805 1544 848 τῶν
1589 797 1703 848 ’1ουι

1935 797 1996 865 it,
2026 799 2286 872 populus
2313 805 2402 856 est
2426 799 2663 870 gentilis
2705 817 2718 854 :
2747 800 2850 871 qui
2880 815 3020 855 vero
3046 801 3337 873 promisit,
3367 819 3477 859 nec

163 883 409 944 δαίων.Τὰ
436 887 549 942 ἔθνη
606 887 698 957 μὲν
752 888 853 960 γὰρ
912 885 1018 958 οὐχ
1069 887 1366 957 ὑπίσχοντο
1397 883 1705 937 ἀκούσεσθαι

1934 901 2026 942 ien
2049 887 2214 951 abiit,
2234 889 2534 944 Judaicus.
2558 890 2766 944 Gentes
2791 887 3086 960 siquidem
3113 905 3235 946 non
3257 892 3476 961 promi-

158 984 235 1028 τοῦ
259 982 392 1041 Θεοῦ,
443 979 529 1028 καὶ
583 977 695 1048 ὅμω
741 975 956 1048 ὕστερον
1001 976 1310 1033 ὑπήκουσαν
1359 976 1700 1026 πιστώσαντο

1932 981 2025 1031 unt
2056 992 2118 1031 se
2139 977 2328 1032 Deum
2359 975 2695 1039 audituras,
2727 981 2786 1032 et
2809 980 3010 1032 tamen
3040 981 3248 1047 postea
3277 979 3474 1035 audie-

158 1073 217 1136 τῷ
258 1073 354 1118 Θεῶ
400 1069 486 1116 καὶ
539 1071 781 1139 Χριστῷ·
853 1065 902 1116 οἱ
956 1059 1016 1117 δε
1075 1060 1328 1117 Ἰουδαῖοι
1393 1065 1700 1134 ὑπίσχοντο,

1941 1067 1977 1126 t,
2025 1063 2370 1121 obedientes
2417 1063 2645 1120 Christo
2687 1079 2758 1120 ac
2799 1065 2937 1129 Deo,
2977 1068 3034 1119 et
3075 1063 3139 1119 in
3172 1079 3312 1121 eum
3355 1081 3475 1123 cre-

159 1153 338 1214 εἰπόντες
401 1151 446 1205 ἰν
656 1151 826 1226 βίϐλῳ
879 1160 970 1204 τοῦ
1039 1157 1454 1228 Δευτερονομίου·
1513 1152 1701 1216 Πάντα,

1931 1157 2026 1207 tes
2061 1168 2074 1207 :
2105 1153 2292 1208 Judaei
2322 1168 2457 1209 vero
2483 1151 2904 1225 promiserunt,
2935 1151 3198 1209 dicentes
3227 1153 3291 1209 in
3319 1153 3473 1211 libro

159 1244 240 1294 ὅσα
282 1244 334 1294 ἄν
373 1246 478 1314 εἴπῃ
541 1244 568 1294 6
624 1246 777 1308 Θεὸς,
847 1247 1132 1315 ποιήσομεν
1197 1246 1288 1294 καὶ
1357 1239 1701 1313 ἀκουσόμεθα,

1932 1241 2280 1297 iteronomii:
2299 1242 2512 1298 Omnia
2525 1256 2655 1314 quae
2666 1240 2826 1297 dixit
2837 1241 2992 1297 Deus
3001 1241 3474 1311 faciemusetau-

151 1333 222 1384 κάξ
263 1332 451 1404 ὕστερον
501 1337 871 1406 παρήκουσαν,
931 1329 1320 1394 ἀπιστήσαντες
1371 1338 1443 1400 τῷ
1493 1337 1693 1404 Χριστᾲ

1931 1346 2046 1385 mis
2062 1331 2109 1365 ⁸⁴
2127 1331 2544 1403 ;postmodum
2561 1335 2760 1386 autem
2779 1329 3198 1396 obaudierunt,
3214 1331 3326 1403 ipsi
3343 1347 3473 1404 per-

146 1424 218 1472 καὶ
262 1428 378 1490 Θεῷ.
428 1427 608 1472 Ταῦτα
656 1425 792 1492 μόνα
833 1429 920 1481 τῆς
967 1418 1265 1493 παραϐολῆς
1331 1418 1558 1490 ἐκλέγου,
1618 1438 1687 1470 κα

1925 1423 2130 1474 nentes
2170 1418 2395 1475 Christo
2435 1434 2505 1474 ac
2556 1421 2672 1474 Deo
2719 1417 3026 1473 increduli.
3066 1420 3197 1473 Haec
3237 1423 3467 1476 tantum

146 1507 424 1580 ἕπιγίνωσκεο
469 1509 634 1562 τοῖλλα
693 1506 752 1562 δε
806 1511 979 1585 πάρες,
1023 1513 1090 1572 ὡς
1133 1514 1221 1561 καὶ
1271 1511 1354 1562 ἐπὶ
1394 1516 1493 1562 τῶν
1541 1507 1688 1560 mm

1927 1507 2209 1578 parabola
2241 1506 2390 1579 elige
2419 1512 2476 1562 et
2501 1505 2778 1575 intellige.
2811 1505 3040 1578 reliqua
3064 1521 3207 1562 vero
3232 1512 3469 1578 praster-

144 1596 403 1670 παραϐολῶν
479 1598 926 1672 παρηγγείλαμεν.
1014 1599 1130 1650 Ἐπὶ
1213 1601 1270 1650 τό
1355 1596 1686 1670 ἀσαφέστερα

1925 1639 1938 1663 ,
1980 1597 2501 1670 quemadmodum
2542 1601 2596 1652 et
2643 1596 2702 1651 in
2742 1595 2983 1667 reliquis
3021 1596 3326 1667 parabolis
3363 1597 3466 1654 ad-

142 1688 222 1759 γάρ
267 1706 370 1738 τινα
431 1690 627 1749 ταύτης
710 1687 1045 1760 οἰκονομικῶς
1106 1688 1475 1751 συνετέθησαν,
1521 1683 1615 1738 διὰ
1643 1705 1684 1738 τε

1921 1687 2175 1753 nuimus,
2198 1692 2492 1758 tanquam
2508 1684 2623 1741 hoc
2643 1684 2770 1741 solo
2791 1683 2908 1739 ﬁne
2931 1683 2990 1740 in
3012 1699 3084 1740 ea
3102 1683 3318 1756 posita,
3341 1700 3463 1756 quo

142 1773 405 1841 ἀνύποπτον,
435 1778 516 1828 ἶνα
543 1773 717 1849 μηδὲν
743 1781 860 1851 περὶ
887 1776 1078 1829 ἱαυτῶν
1119 1779 1167 1828 οἰ
1198 1772 1450 1829 Ἰουδαῖοι
1477 1779 1678 1846 γνόντες

1917 1775 2037 1831 aior
2061 1782 2233 1840 esset,
2258 1780 2313 1831 et
2332 1775 2520 1830 Judaei
2542 1773 2688 1829 nihil
2707 1773 2782 1829 de
2805 1773 3019 1845 seipsis
3045 1772 3459 1844 intelligentes,

141 1863 260 1934 ὀρθήν
285 1863 577 1936 ἐξενέγκωσι
605 1870 704 1924 τήν
728 1866 922 1936 φῆνον.

1808 1870 2028 1920 rectam
2071 1865 2402 1936 proferrent
2439 1862 2811 1919 sententiam.

192 1959 372 2016 Τίς-
447 1963 674 2029 πρῶτος·
737 1953 925 2014 Αύτούς
974 1955 1288 2024 ἠνάγκασεν,
1349 1955 1416 2013 ὡς
1470 1956 1693 2026 εἴρηται,

1919 1952 2039 2008 ἐι-ε.
2070 1957 2155 2009 31.
2191 1952 2330 2017 Quis
2360 1983 2428 1992 —
2445 1951 2694 2021 primus.
2725 1948 2924 2020 Coegit
2951 1949 3107 2016 illos,
3140 1954 3205 2005 ut
3233 1949 3461 2006 dictum

142 2047 213 2097 τήν
242 2043 397 2114 ψῆφον
461 2042 758 2116 ἐξαγαγεῖν,
811 2045 894 2096 ἵνα
939 2043 1372 2114 αύτοκατάκριτοι
1426 2046 1684 2112 γένωνται.

1975 2040 2328 2096 sententiam
2388 2055 2512 2112 qua
2571 2037 3118 2094 condemnarentur
3175 2036 3456 2110 proferre.

136 2129 234 2184 Εἶτα
256 2131 537 2203 μεταϐαίνει
596 2137 732 2207 πρός
785 2137 901 2195 τούς
953 2131 1163 2192 τελώνας
1199 2135 1288 2183 καὶ
1339 2134 1430 2193 τὰς
1480 2135 1672 2205 πόρνας

1917 2129 2026 2184 nde
2070 2128 2147 2185 ad
2191 2127 2548 2200 publicanos
2585 2125 2798 2183 transit
2839 2130 2898 2183 et
2939 2125 3300 2193 meretrices,
3345 2125 3459 2182 hos

137 2219 199 2272 ἐπὶ
222 2221 347 2273 πὶεον
374 2221 596 2294 ὒὲγχων
632 2221 837 2282 αύτούς,

1801 2216 1934 2288 plus
1973 2232 2160 2290 quam
2190 2215 2322 2271 illos
2359 2231 2637 2287 arguens.

189 2315 318 2382 Λέγει
393 2312 570 2373 αὐτοῖς
661 2343 731 2352 -
808 2318 968 2367 Θεοῦ.
1059 2309 1290 2370 mam;
1367 2309 1504 2380 λέγει
1571 2313 1692 2370 τοῦς

1911 2308 2030 2361 ’ers.
2072 2309 2161 2361 31.
2201 2305 2303 2360 Ait
2339 2305 2464 2360 illis
2503 2335 2572 2344 —
2615 2303 2738 2361 Dei.
2779 2302 3136 2360 Publicanos
3174 2301 3316 2359 dicit
3351 2301 3453 2374 qui

133 2405 496 2469 μετανοήσαντας
573 2405 669 2452 καὶ
754 2398 1160 2473 βαπτισθέντας,
1221 2400 1377 2452 ὃτεό
1452 2398 1675 2456 ’ῐωςίνννμ

1911 2393 2212 2450 nitentiam
2243 2397 2507 2463 egerant,
2537 2391 2942 2465 baptizatique
2971 2391 3208 2448 fuerant
3235 2390 3453 2463 praedi-

134 2486 361 2563 ἐκήρυσσε,
425 2495 515 2542 καὶ
565 2494 767 2562 πόρνας
814 2490 1022 2562 ὁμοίως.
1079 2489 1382 2562 Προάγονσι
1431 2484 1510 2551 δε,
1575 2485 1676 2538 ἀντὶ

1917 2489 1968 2538 te
2005 2483 2256 2548 Joanne,
2295 2486 2353 2537 et
2397 2481 2737 2538 meretrices
2775 2479 3045 2537 similiter
3081 2477 3449 2553 praecedunt,

134 2584 226 2642 τοῦ,
270 2578 732 2652 προλαμϐάνουσιν.
820 2576 946 2631 Εἶτα
1021 2577 1295 2650 σαφηνίζει
1356 2580 1442 2628 τόν
1511 2575 1676 2646 λόγον,

1903 2591 1909 2625 ς
1939 2577 2025 2627 est
2053 2570 2258 2642 priora
2289 2574 2558 2627 sumunt.
2592 2569 2810 2626 Deinde
2845 2572 2901 2626 et
2927 2568 3223 2627 rationem
3251 2567 3445 2636 docet,

137 2669 209 2716 καὶ
234 2661 464 2732 δίδάσκει,
497 2677 611 2730 πῶς
639 2665 1089 2740 προλαμϐάνουσι,
1113 2665 1289 2738 λέγων·

1791 2661 2102 2732 quomodo
2139 2659 2340 2730 priora
2376 2663 2640 2722 sumunt,
2682 2657 2889 2714 dicens
2930 2673 2945 2714 :

191 2753 337 2808 Ἠλθε
380 2787 442 2798 —-
493 2757 663 2826 αύτῷ.
720 2755 741 2773 ⁷
769 2756 898 2808 HM;
954 2759 1084 2829 πρός
1129 2755 1281 2826 ὑμᾶς,
1325 2753 1420 2805 ούιι
1472 2755 1521 2805 ἓν
1551 2753 1682 2824 ἡμε-

1905 2749 2024 2804 ὀι-ε.
2070 2749 2161 2806 32.
2220 2747 2386 2804 Venit
2424 2778 2492 2786 —
2531 2745 2646 2804 illi.
2681 2745 2852 2801 Venit
2887 2745 2966 2802 ad
3003 2760 3134 2813 vos,
3176 2759 3296 2802 non
3340 2760 3447 2817 per

128 2840 287 2914 ἱεμένῳ
338 2843 454 2915 βίῳ,
514 2844 629 2898 ἀλλ’
690 2843 738 2896 ἐν
783 2841 890 2915 ὀδῷ
949 2843 1153 2920 ἀρετῆς,
1217 2847 1303 2894 ἶνα
1347 2847 1437 2894 καὶ
1477 2840 1670 2904 ἀξιόπι-

1903 2851 2072 2892 avam
2101 2835 2306 2899 vitam,
2341 2835 2449 2891 sed
2478 2849 2586 2906 per
2625 2833 2789 2890 viam
2831 2833 3085 2897 virtutis,
3115 2840 3180 2890 ut
3208 2832 3320 2888 ﬁde
3349 2832 3445 2889 di-

129 2949 218 2992 στος
259 2943 395 3007 φανῇ,
459 2939 550 2987 καὶ
603 2934 702 2987 ούκ
749 2932 1083 2986 ἐπιστεύσατε
1131 2931 1290 3002 αύτῷ,
1345 2939 1671 3006 παραινοῦντι

1901 2941 1944 2980 Is
1983 2923 2334 2987 haberetur;
2377 2928 2434 2980 et
2473 2938 2596 2979 non
2635 2921 2966 2979 credidistis
3003 2921 3077 2986 ei,
3121 2937 3261 2978 cum
3302 2921 3443 2978 resi-

125 3031 337 3089 μετανοείν
405 3029 493 3076 καὶ
569 3023 969 3098 εὐτρεπίζεσθαι
1051 3024 1180 3094 πρὸς
1243 3017 1522 3092 ὑποδοχήν
1583 3027 1667 3081 τῆς

1900 3027 2014 3068 :ere
2026 3012 2103 3069 ad
2111 3028 2248 3068 mon
2257 3011 2722 3086 eret,pararique
2739 3011 2819 3068 ad
2829 3011 3262 3084 susceptionem
3274 3010 3442 3082 regni

125 3105 347 3177 βασιλείας
374 3121 462 3165 τοῦ
483 3120 643 3166 Θεοῦ.
1707 3159 1745 3177 η
1787 3100 1907 3156 Dei.

173 3198 315 3271 Ὑμεῖς
369 3233 434 3241 -
483 3202 651 3272 αύτῷ.
715 3207 884 3273 Ὑμεῖς
940 3196 1018 3264 δε,
1081 3195 1275 3260 ἰδόντες
1340 3203 1458 3261 τοὺς
1524 3164 1715 3250 τελὼο1

1897 3191 2016 3245 οιέ.
2053 3188 2140 3244 32.
2193 3189 2301 3244 Vos
2337 3218 2406 3228 —
2444 3188 2515 3244 ei.
2567 3186 2684 3244 Vos
2721 3192 2926 3244 autem
2963 3186 3252 3253 videntes,
3292 3202 3439 3258 quo-

1781 3278 1966 3335 modo
2010 3276 2315 3350 publicani
2353 3285 2411 3332 et
2453 3274 2789 3332 meretrices
2827 3276 2903 3332 ad
2945 3273 3437 3348 praedicationem

121 3304 188 3346 νας
209 3293 286 3340 καὶ
334 3294 423 3352 τὰς
475 3295 695 3363 πόρνας,
759 3296 865 3348 πῶς
913 3287 1321 3360 μετεϐλήθησαν,
1365 3288 1447 3340 ὅτε
1502 3286 1670 3338 όἸω-

1779 3367 2029 3424 Joannis
2058 3367 2329 3423 conversi
2359 3371 2546 3434 erant,
2579 3381 2701 3423 non
2730 3363 3060 3439 resipuistis
3089 3363 3168 3421 ad
3194 3362 3438 3420 creden-

122 3377 236 3436 ἀτιῐς
279 3377 547 3450 ἐκήρυσσε,
621 3383 715 3430 καὶ
761 3376 1039 3450 προέλαϐον
1097 3378 1254 3450 ὑμᾶς,
1317 3377 1375 3429 οὐ
1429 3375 1669 3449 μετεϐλή-

123 3462 234 3535 θετε,
259 3469 378 3520 ὥστε
406 3475 689 3521 πιστεῦσαι
712 3466 870 3537 αύτῷ.
1777 3457 1946 3514 dum.

284 3666 415 3716 ΚΕΦ.
455 3661 533 3716 Ν’.
570 3666 700 3736 Περὶ
731 3667 822 3713 τοῦ
853 3659 1141 3732 ἀμπελῶνος
1171 3659 1455 3736 παραϐολή.

2145 3680 2297 3735 CAP.
2334 3680 2391 3734 L.
2427 3679 2513 3735 De
2541 3677 2714 3736 vinea
2735 3676 3053 3748 parabola.

179 3849 336 3908 Ἄλλην
379 3887 442 3895 -
499 3853 866 3928 ἀπεδήμησεν.
947 3855 1252 3932 Ἄνθρωπον
1309 3860 1398 3929 μὶν
1471 3856 1660 3923 ὁμοίως

1891 3891 2004 3930 ers.
2037 3879 2124 3932 33.
2157 3876 2360 3931 Aliam
2389 3906 2458 3916 —
2484 3889 2733 3945 peregre
2758 3874 3064 3944 profectus
3095 3878 3200 3930 est.
3233 3870 3429 3928 Homi-

118 3942 428 4010 ῦπαινίττεται,
491 3950 580 3998 τόν
637 3949 768 3998 Θεόν
826 3949 914 3998 καὶ
968 3950 1194 4020 Πατέρα,
1251 3942 1345 3998 διὰ
1398 3949 1456 3997 τό
1488 3945 1658 4018 φιλάν-

118 4026 138 4044 ﬂ
408 4039 417 4044 -
495 4031 517 4044 μ
554 4038 565 4044 -
676 4038 684 4044 .
783 4042 801 4044 ._
1025 4033 1051 4044 Α
1081 4034 1096 4044 ι
1124 4043 1129 4044 ,
1222 4036 1267 4044 ..Α
1429 4033 1440 4044 1
1559 4033 1574 4044 ι
1605 4040 1613 4044 -

1882 3979 1907 4018 3
1950 3963 2218 4019 similiter
2255 3942 2646 4034 aenigmatice'
2668 3942 2962 4034 signiﬁcat
2996 3962 3186 4017 Deum
3224 3964 3282 4017 et
3318 3961 3424 4016 Pa-

117 4026 296 4097 θρωπον,
346 4039 426 4086 καὶ
482 4031 579 4088 διὰ
632 4038 693 4086 τό
740 4042 835 4096 τῆς
874 4033 1174 4109 παραϐολῆς
1217 4036 1348 4096 ἔθος·
1420 4033 1657 4107 ἀμπελὼν

1883 4068 1936 4117 n,
1972 4058 2214 4123 propter
2240 4026 2559 4108 hominum
2580 4026 2873 4117 amorem,
2903 4055 2959 4106 et
2986 4055 3228 4122 propter
3251 4065 3425 4118 para-

114 4109 160 4164 δε
179 4122 400 4184 φυτευθεὶς
429 4124 514 4176 ὕπ’
567 4124 749 4188 αὑτοῦ,
804 4125 830 4176 6
886 4123 1222 4198 Ἰσραηλὶτης
1263 4123 1404 4186 λαὸς.
1437 4126 1489 4176 δν
1538 4124 1654 4196 ἐφ’δ·

1879 4109 2192 4195 seniorem.
2218 4140 2483 4195 Plantata
2508 4146 2709 4195 autem
2736 4109 2914 4195 vinea
2940 4109 3019 4194 ab
3039 4109 3138 4194 illo
3160 4109 3421 4210 populus

109 4218 250 4256 τενστδ
289 4209 414 4283 ἑντῇ
471 4221 537 4285 γῇ
580 4221 678 4286 τῇς
704 4212 1032 4284 ἕπαγγελίας.
1066 4218 1202 4272 Φησὶ
1249 4216 1350 4288 γὰρ
1397 4215 1423 4265 ό
1467 4209 1651 4266 Δαυίδ·

1874 4228 2175 4294 Judaicus,
2203 4245 2389 4300 quam
2417 4228 2706 4298 plantavit
2725 4228 2786 4282 in
2808 4231 2965 4282 terra
2985 4209 3416 4299 promissionis.

126 4298 315 4363 Αμπεὶον
391 4299 442 4363 ἐξ
531 4302 802 4374 Αἰγύπτου
873 4310 1122 4377 μετῆρας,
1223 4302 1446 4366 ἇξέϐα).ες
1535 4305 1651 4362 ἔθνη

1871 4323 1910 4372 ιι
1934 4317 2088 4372 enim
2114 4298 2305 4372 David
2328 4335 2340 4372 :
2383 4317 2622 4371 Vineam
2644 4315 2718 4372 de
2734 4298 3012 4385 ngypto
3034 4311 3413 4379 transtulisti,

110 4388 181 4430 καὶ
222 4390 578 4458 κατεφύτευσας
683 4390 862 4450 αύτήν*
951 4395 1188 4464 φραγμὸς
1268 4388 1346 4460 δε,
1407 4393 1432 4445 6
1480 4396 1651 4465 νόμος,

1870 4405 1986 4461 ήειί
2015 4412 2214 4475 gentes
2246 4414 2297 4461 et
2326 4405 2616 4474 plantasti
2653 4419 2781 4460 eam
2812 4404 2880 4458 ⁸³.
2916 4403 3097 4474 Sepes
3127 4416 3269 4456 vero
3296 4400 3412 4468 lex,

112 4477 188 4570 τά
230 4477 304 4524 ὧν
350 4477 499 4531 αύτόν
586 4478 892 4552 ἐπιμιγῆναι
983 4489 1092 4543 τοῖς
1150 4483 1338 4534 ἔθνεσι.
1435 4487 1652 4554 Λέγοιτο

1873 4495 2098 4550 ιεὶιιθηε
2111 4511 2242 4550 eam
2262 4493 2634 4550 commisceri
2651 4491 2948 4563 gentibus.
2965 4491 3415 4564 Potestquoque

112 4550 227 4608 δέν
254 4571 460 4637 φραγμὸς
511 4573 604 4621 καὶ
647 4571 675 4627 ή
733 4571 872 4642 παρά
914 4578 1006 4622 τοῦ
1047 4578 1180 4624 Θεοῦ
1225 4576 1443 4642 φυλακή,
1502 4591 1652 4645 φρου-

1873 4585 1878 4640 i
1911 4600 2109 4656 sepes,
2140 4583 2241 4638 Dei
2266 4583 2537 4638 custodia
2561 4598 2697 4654 qum
2724 4580 2962 4637 vineam
2990 4580 3148 4637 hanc
3174 4579 3252 4636 ab
3283 4595 3415 4637 om-

107 4656 240 4714 .9997!
313 4663 484 4708 τοῦτον
564 4656 663 4710 ἀπὸ
743 4661 914 4720 πάσης
995 4658 1270 4721 ἐπιϐουλῆς
1343 4669 1442 4712 τῶν
1505 4663 1649 4737 πέριξ

114 4729 146 4750 υ
188 4743 198 4750 .
275 4746 304 4750 μ.
353 4745 367 4750 -
419 4744 433 4750 -
591 4748 597 4750 Α

1873 4690 1928 4728 m
1982 4671 2534 4741 circumjecentium
2576 4669 2842 4740 gentium
2888 4666 3118 4724 insidiis
3157 4668 3415 4726 custodit

109 4733 245 4790 i'm’m
275 4744 502 4807 Καθεῖλες
541 4748 661 4822 γὰρ,
714 4753 865 4818 φησὶ,
919 4752 1006 4800 τόν
1065 4752 1299 4820 φραγμὸν
1348 4750 1529 4821 αὐτῆς,
1559 4733 1650 4804 καὶ

1869 4762 2132 4825 traxisti,
2166 4759 2375 4833 inquit,
2402 4774 2592 4828 sepem
2624 4760 2773 4829 ejus,
2802 4763 2856 4815 et
2885 4757 3253 4815 vindemiant
3282 4772 3411 4815 eam

109 4833 316 4922 ῖξυγώσιν
367 4833 528 4892 αὐτὴν
608 4837 792 4898 πάντες
871 4839 920 4889 οἰ
997 4843 1475 4912 παραπορευόμενοι
1545 4845 1646 4900 τήν

1869 4865 1955 4906 ιεε
1992 4850 2097 4922 qui
2127 4847 2705 4921 prwlergrediuntur
2752 4849 2909 4904 viam
2949 4847 3017 4904 ⁸⁸.
3056 4846 3246 4903 Lacus
3284 4847 3411 4904 sive

105 4905 222 4962 οδόν³
250 4916 380 4980 ληνός
431 4919 512 4985 δέ,
569 4928 626 4975 τό
685 4927 1082 5000 θυσιαστήριον,
1115 4925 1165 4978 ἕν
1291 4932 1347 4980 τό
1384 4930 1516 5000 αζαα
1544 4929 1644 4993 ἔξεο

1865 4905 2018 4994 ξυιεὲ
2051 4905 2141 4994 est
2175 4905 2373 4996 altari;
2405 4905 2466 4992 in
2505 4952 2628 5010 quo
2673 4936 2923 5006 sanguis
2966 4934 3407 4993 effundebatur.

101 5007 235 5066 χεὶτοσ
258 5011 437 5080 πύρ’Ῑος
465 5007 543 5076 δέ,
591 5014 618 5064 6
653 5017 789 5079 ναός,
835 5010 929 5066 διὰ
974 5018 1033 5066 τό
1080 5024 1173 5077 τῆς
1204 5013 1487 5090 οἰκοδομῆς
1515 5018 1643 5091 ἀχυ-

1866 5027 1952 5082 ris
1981 5043 2123 5084 vero
2154 5026 2465 5100 templum,
2497 5007 2740 5098 propter
2769 5029 3076 5081 structuras
3107 5023 3408 5082 fortitudi-

98 5102 168 5154 ρον
210 5098 286 5145 καὶ
334 5097 549 5168 ὑψηλόν
598 5108 815 5175 γεωργοὶ
871 5099 950 5165 δέ,
1001 5105 1050 5156 οἱ
1130 5103 1395 5180 ἀρχιερεῖς
1449 5112 1538 5160 καὶ
1593 5110 1640 5162 οἰ

1864 5132 1889 5169 n
1921 5130 1990 5171 ac
2021 5097 2470 5172 sublimitatem.
2500 5097 2789 5188 Agricolas
2829 5117 3055 5179 autem,
3087 5119 3225 5170 sunt
3249 5114 3406 5186 prin-

98 5191 370 5249 γραμματεῖς
422 5193 512 5240 καὶ
585 5192 632 5242 οἱ
686 5189 1026 5265 πρεσϐύτεροι
1083 5201 1176 5245 τοῦ
1241 5193 1388 5247 λαοῦ·
1437 5201 1640 5261 τούτοις

1858 5220 1910 5260 as
1956 5204 2336 5261 sacerdotum
2385 5210 2443 5261 et
2485 5205 2702 5262 Scriba:
2749 5203 3130 5276 senioresque
3171 5201 3400 5276 populi.

97 5279 179 5356 γαρ
223 5277 554 5328 διεπίστευσεν
613 5280 638 5330 ό
686 5283 836 5343 Θεὸς,
869 5283 935 5341 ὡς
965 5277 1333 5352 διδασκάλοις,
1365 5289 1450 5338 τόν
1481 5286 1639 5360 ἀμπε-

1875 5293 2034 5348 enim
2057 5298 2345 5365 tanquam
2373 5294 2842 5366 praaceptoribus
2861 5291 3223 5351 concredidit
3249 5293 3399 5348 Deus

99 5361 206 5404 λίπα
230 5366 408 5413 τοῦτον·
452 5361 748 5440 ἀποδημίαν
798 5365 857 5421 δέ
907 5377 1000 5422 τοῦ
1055 5367 1432 5427 οἰκοδεσπότου
1481 5383 1638 5448 φησὶν

1855 5396 1907 5436 ιο
1937 5361 2200 5436 vineam:
2232 5361 2663 5440 Profectionem
2701 5388 2902 5440 autem
2932 5380 3397 5455 patrisfamilias,

156 5555 196 5588 ιι
223 5560 388 5621 Exod.
411 5582 534 5640 ιιι,
559 5569 608 5627 8.
717 5573 766 5608 ιε
790 5572 946 5630 Psal.
979 5589 1176 5646 mu,
1202 5579 1255 5633 9-
1370 5579 1419 5616 ιο
1449 5580 1595 5640 ibid.
1622 5584 1712 5643 43.
