3904 6210
488 253 593 308 563

1809 240 2158 297 EUTHYMII
2196 238 2527 295 ZIGABENI
3018 316 3019 319 γ
3642 247 3715 301 su

490 376 633 431 dicit
662 376 1120 448 Chrysostomus
1146 370 1664 443 longanimitatem
1694 385 1761 426 ac
1788 369 2139 441 patientiam

2258 366 2273 416 5
2331 366 2449 436 (56)
2530 369 2909 439 Χρυσόστομος
2990 368 3083 425 τῆν
3160 368 3498 440 μακροθυμίαν,
3558 366 3615 440 ἐφ’
3671 371 3721 429 οἷς

490 465 621 535 ejus
650 465 712 520 in
758 464 850 520 his
879 463 982 535 qui
1010 464 1425 536 peccaverunt.

565 553 717 608 Vers.
752 555 837 608 34.
872 552 1017 607 Cum
1046 559 1239 608 autem
1270 582 1338 589 —
1368 550 1531 605 Vers.
1557 551 1643 604 36.
1678 547 1969 603 similiter.
2006 548 2138 600 Fru-

490 647 619 698 ctus
648 641 821 696 dictte
848 639 1035 695 vineae
1078 638 1413 695 observatio
1457 643 1581 693 erat
1608 635 1891 706 legalium
1923 650 2140 706 prlece-

488 734 731 802 ptorum
775 744 845 786 ac
887 728 1149 796 virtutes,
1180 728 1333 783 servi
1363 731 1565 783 autem
1607 724 1934 797 prophetae,
1984 739 2139 795 quos

487 819 773 883 diversos,
796 816 1171 888 diversisque
1194 814 1566 887 temporibus
1592 813 1810 869 missos
1829 812 1908 869 ad
1932 811 2139 883 repeti-

488 907 712 965 tionem
751 905 1104 977 hujusmodi
1142 902 1568 961 observationis
1602 901 2028 958 mandatorum
2068 916 2138 957 ac

486 996 792 1060 virtutum,
834 998 898 1050 ut
939 994 1167 1050 dictum
1201 996 1313 1063 est,
1346 992 1526 1049 variis
1566 990 1761 1047 modis
1794 991 2135 1063 punierunt.

488 1089 717 1143 Marcus
730 1087 932 1139 autem
943 1087 1000 1138 et
1014 1085 1198 1139 Lucas
1217 1087 1332 1139 tres
1344 1081 1660 1137 missiones
1672 1080 2135 1151 descripserunt,

489 1174 751 1229 dicentes
785 1171 1001 1227 missos
1035 1186 1161 1227 esse
1198 1172 1241 1206 ⁸⁷
1280 1170 1475 1242 primo
1508 1184 1698 1225 unum
1734 1184 1993 1233 servum,
2034 1168 2137 1224 de-

486 1263 625 1318 inde
647 1261 921 1325 alterum,
938 1259 1324 1331 postmodum
1345 1259 1603 1315 tertium.
1628 1261 1742 1313 Nec
1757 1258 1815 1312 id
1840 1256 2139 1312 contradi-

488 1350 566 1407 cit
593 1350 685 1405 his
713 1365 850 1421 quae
880 1348 1084 1404 scribit
1111 1347 1440 1404 Matthaaus.
1468 1350 1617 1403 Nam
1646 1351 1704 1403 et
1730 1345 1829 1402 hic
1859 1362 1964 1417 per
1988 1346 2140 1401 duas

487 1439 800 1495 missiones
824 1436 1278 1509 comprehendit
1302 1451 1533 1500 omnes,
1561 1440 1618 1491 et
1642 1434 1910 1490 similiter
1931 1434 2010 1489 illi
2038 1450 2141 1505 per

487 1533 623 1591 tres,
659 1526 755 1583 hic
784 1504 982 1583 tamen
1026 1524 1378 1596 generalius,
1424 1523 1503 1580 illi
1531 1540 1674 1580 vero
1703 1504 2137 1596 particularius,

2258 1530 2434 1591 ἐκεῖνος
2482 1530 2570 1600 μεν
2628 1528 2944 1597 παχύτερον,
3034 1523 3176 1575 οὗτοι
3254 1519 3309 1574 δὲ
3355 1520 3736 1592 λεπτομερέστερον,

486 1616 591 1689 qui
616 1616 797 1672 etiam
816 1630 924 1687 per
945 1630 1133 1670 unum
1154 1629 1394 1670 servum
1414 1629 1625 1670 omnes
1652 1613 2010 1684 signiﬁcant,
2036 1612 2140 1685 qui

486 1720 611 1762 una
620 1705 905 1761 missione
916 1704 1080 1759 missi
1094 1707 1234 1759 sunt
1246 1703 1580 1774 eodemque
1594 1704 1933 1775 tempore.Q
1944 1702 2042 1757 uid
2055 1706 2141 1758 est

489 1802 689 1851 autem
720 1794 883 1866 quod
917 1793 1057 1848 dicit
1080 1796 1309 1849 Marcus
1338 1809 1351 1847 :
1378 1792 1459 1847 Et
1490 1792 1649 1849 hunc
1680 1792 2007 1862 lapidantes
2038 1790 2140 1844 ἐκε-

491 1884 789 1957 φαλαὶωσαν
840 1883 931 1937 ⁸³⁸2
975 1882 1232 1947 Quidam
1282 1881 1487 1937 dicunt
1532 1881 1909 1938 tantumdem
1963 1881 2142 1951 signi-

488 1973 676 2037 ﬁcari,
706 1988 774 2027 ac
804 1972 854 2026 si
884 1971 1133 2036 dicatur,
1160 1971 1328 2043 quod
1356 1971 1639 2041 injuriam
1663 1971 1724 2026 in
1750 1971 1864 2027 hoc
1895 1971 2142 2041 college-

492 2064 631 2115 runt
668 2060 792 2115 sive
834 2059 1257 2131 impleverunt.
1288 2062 1410 2129 Ego
1449 2064 1654 2115 autem
1693 2064 1839 2131 puto
1876 2061 2143 2132 ἐκεφαλαὶ-

492 2168 631 2201 ωσαν
663 2148 1019 2219 signiﬁcare,
1063 2149 1250 2219 Caput
1278 2147 1360 2203 illi
1390 2149 1890 2204 comminuerunt.

563 2240 728 2295 Vers.
759 2238 847 2292 37.
880 2238 1263 2293 Post-modum
1295 2252 1432 2293 vero
1463 2269 1530 2277 —
1559 2238 1753 2307 ﬁlium
1781 2254 1991 2295 meum.
2027 2242 2145 2295 Hoc

493 2326 647 2384 dixit
682 2342 806 2383 non
850 2326 1022 2399 quasi
1064 2326 1363 2391 futurum;
1410 2326 1633 2383 sciebat
1676 2343 1940 2399 namque
1980 2329 2145 2401 quod

491 2417 655 2474 hunc
684 2415 991 2472 reverituri
1019 2430 1143 2471 non
1173 2422 1387 2481 essent,
1436 2415 1541 2471 sed
1573 2421 1859 2488 tanquam
1890 2417 1950 2473 id
1980 2418 2146 2489 quod

492 2505 620 2561 ﬁeri
645 2504 905 2569 deberet,
940 2519 1009 2561 ac
1038 2504 1087 2560 si
1116 2504 1336 2561 diceret
1368 2520 1381 2559 :
1414 2505 1654 2577 Oportet
1678 2510 1740 2562 ut
1766 2512 2148 2563 revereantur

493 2594 685 2651 ﬁlium
711 2608 936 2650 meum.
979 2595 1169 2649 Lucas
1212 2597 1413 2650 autem
1453 2593 1553 2664 ait,
1596 2595 1762 2666 quod
1805 2595 2015 2651 dixerit
2045 2596 2149 2652 do-

495 2685 697 2741 minus
724 2683 915 2739 vineae
947 2698 958 2736 :
993 2683 1149 2751 Quid
1173 2682 1398 2753 faciam
1420 2687 1449 2738 ?
1475 2684 1706 2740 mittam
1730 2685 1927 2753 ﬁlium
1956 2701 2147 2743 meum

496 2773 815 2843 dilectum,-
858 2772 1137 2842 fortassis
1174 2773 1335 2829 hunc
1363 2772 1570 2827 intuiti
1607 2774 2038 2830 reverebantur
2079 2775 2150 2832 39.

498 2862 651 2918 Dixit
694 2866 936 2920 autem:
978 2860 1133 2929 Quid
1160 2862 1580 2931 faciam‘lnon
1623 2878 1693 2917 ex
1738 2863 2149 2936 ambiguitate,

501 2952 605 3007 sed
630 2967 703 3006 ex
730 2950 985 3006 humani
1010 2950 1242 3021 generis
1267 2965 1491 3018 amore,
1514 2951 1837 3008 ostendens
1857 2957 2153 3024 quantum

500 3039 618 3096 sint
644 3038 727 3095 illi
755 3054 913 3094 cura;
942 3039 1179 3108 ingrati,
1212 3039 1486 3095 nondum
1513 3055 1614 3095 eos
1638 3042 1849 3112 punire
1876 3042 2151 3109 volendo,

501 3129 607 3185 sed
628 3128 879 3184 modum
902 3128 1248 3200 quaerendo,
1268 3146 1390 3201 quo
1411 3129 1523 3185 hos
1543 3136 1928 3203 exasperatos
1950 3131 2155 3189 redde-

499 3222 589 3276 ret
612 3220 983 3274 mansuetos.
1010 3218 1197 3274 Dictio
1227 3222 1427 3275 autem
1454 3222 1584 3281 ἴσως
1609 3220 1771 3292 apud
1800 3223 2019 3278 Lucam
2046 3236 2154 3294 pro

499 3323 622 3381 qua
632 3306 938 3372 vertimus,
954 3305 1239 3375 fortassis,
1253 3307 1314 3364 id
1330 3308 1497 3381 quod
1510 3308 1729 3367 decens
1742 3315 1832 3366 est
1843 3316 1900 3367 et
1911 3326 2154 3385 aequum

500 3396 715 3453 innuit.

572 3487 735 3541 Vers.
757 3487 844 3542 38.
862 3486 1165 3556 Agricolae
1179 3490 1371 3543 autem
1385 3518 1453 3527 -—
1469 3489 1613 3558 ejus.
1634 3489 1957 3546 Considera
1967 3506 2155 3563 quam

501 3575 812 3645 diligenter
853 3574 1119 3646 praedicit
1161 3592 1232 3632 ea
1277 3591 1413 3648 quas
1449 3581 1704 3633 ventura
1745 3584 1934 3634 erant.
1980 3578 2156 3650 Atqui

501 3679 625 3720 non
669 3663 1012 3720 occiderunt
1056 3664 1218 3721 hunc
1265 3668 1556 3737 tanquam
1600 3667 1699 3721 Dei
1751 3667 1977 3723 Filium.
2028 3671 2156 3724 Non

503 3753 850 3809 occiderunt
874 3770 1014 3809 eum
1040 3758 1105 3809 ut
1132 3753 1235 3809 Dei
1260 3753 1493 3820 Filium,
1521 3755 1629 3811 sed
1657 3756 2001 3813 occiderunt
2028 3763 2157 3814 tan-

502 3858 689 3916 quam
719 3842 908 3899 vineae
932 3841 1237 3900 haeredem
1263 3843 1387 3899 sive
1406 3846 1697 3916 tanquam
1723 3861 1924 3917 regem
1952 3848 2153 3903 Israel.

501 3933 868 4009 Aspicientes
896 3931 1193 4006 siquidem
1220 3931 1297 3989 ad
1328 3948 1399 3990 ea
1428 3949 1562 4005 quae
1594 3935 1957 4006 operabatur
1982 3938 2158 3995 mira-

503 4020 657 4089 cula,
686 4025 743 4077 et
764 4021 1072 4078 audientes
1094 4037 1165 4078 ea
1185 4038 1320 4094 quae
1344 4023 1780 4095 sapientissime
1807 4025 2156 4097 disserebat,

505 4117 911 4182 cognoverunt
953 4111 1198 4183 quidem
1230 4112 1393 4184 apud
1440 4116 1795 4188 semetipsos
1827 4115 1988 4173 hunc
2031 4133 2160 4175 esse

503 4218 685 4277 quem
698 4202 1003 4274 propheta:
1016 4218 1219 4273 regem
1234 4202 1409 4258 Israel
1423 4204 2159 4276 annuntiaverant,verum

502 4292 732 4350 invidia
774 4292 985 4348 devicti
1012 4296 1068 4348 et
1091 4291 1169 4349 ab
1195 4308 1267 4348 ea
1296 4295 1596 4359 excmcati,
1624 4294 1685 4350 id
1713 4312 1855 4352 sane
1900 4299 2159 4356 occulta-

501 4386 735 4450 verunt,
762 4380 1077 4437 consilium
1098 4398 1239 4438 vero
1260 4388 1544 4455 ceperunt
1566 4388 1625 4439 ut
1646 4400 1782 4439 eum
1806 4386 2159 4465 occiderent,

504 4475 563 4529 et
604 4473 685 4529 ita
714 4475 1081 4543 occuparent
1104 4471 1387 4543 deinceps
1418 4472 1543 4544 ejus
1577 4472 2004 4542 haereditatem,
2049 4477 2163 4533 hoc

504 4565 595 4617 est
635 4561 951 4633 populum.
991 4560 1363 4631 Occidamus,
1394 4562 1587 4634 inquit
1614 4564 1862 4633 Marcus,
1905 4581 2057 4633 eum,
2108 4574 2163 4624 et

2248 456 2276 513 ἡ
2286 457 2564 527 μοίρτανον.

2324 546 2447 597 Ὀτε
2505 544 2563 599 δὲ
2625 577 2687 586 -
2739 546 3005 605 ὡσαύτως.
3060 548 3244 616 Καρποι
3301 548 3379 615 μὲν
3428 550 3503 595 τοῦ
3548 544 3725 616 ῥηθέντος

2246 639 2557 713 ἀμπελῶνος,
2617 637 2645 693 ἡ
2709 633 2908 703 φυλακὴ
2977 641 3074 685 τῶν
3124 639 3326 705 νομικῶν
3367 631 3544 683 ἐντολῶν
3569 638 3638 684 καὶ
3675 637 3729 685 αἱ·

2248 729 2444 804 ἀρεταίο
2499 722 2678 777 δοῦλοι
2740 719 2818 785 δὲ,
2878 723 2927 773 οἱ
2973 728 3244 794 προφῆται,
3289 721 3369 782 οὓς
3410 720 3560 773 ἀλλοτε
3596 720 3726 783 ἄλλους

2249 815 2629 874 ἀποσταλέντας
2708 812 2777 873 εἰς
2844 809 3124 869 ἀπαίτησιν
3173 819 3256 871 τῆς
3308 811 3540 877 τοιαύτης,
3592 814 3645 870 ὡς
3684 814 3730 862 εἶ-

2244 927 2422 983 ρηται,
2478 904 2711 978 φυλακῆς
2765 911 2854 954 καί
2919 908 3017 952 τῶν
3080 898 3278 973 ἀρετῶν,
3334 895 3561 972 διαφόρως
3598 898 3727 971 ἐτιμω-

2244 1004 2497 1073 ρήσαντο.
2559 994 2768 1067 Μάρκος
2833 986 2892 1043 δὲ
2956 994 3046 1042 καὶ
3096 994 3291 1050 Λουκᾶς
3346 995 3466 1062 τρεῖς
3515 985 3731 1047 ἀποστολὰς

2247 1094 2345 1138 τῶν
2424 1089 2697 1157 προφητῶν
2822 1077 3137 1151 ἀνέγραψαν,
3210 1077 3415 1149 λέγοντες
3487 1075 3733 1128 ἀπεσταλθαι

2247 1182 2469 1249 πρῶτον,
2524 1172 2607 1224 ἕνα
2691 1167 2895 1234 δοῦλον,
2953 1165 3063 1219 εἶτα
3129 1167 3305 1241 ἕτερον,
3374 1167 3529 1217 ἔπειτα
3592 1169 3732 1239 τρίτον.

2249 1263 2360 1315 Οὐκ
2402 1265 2513 1314 ἔστι
2564 1257 2622 1312 δὲ
2686 1263 2839 1310 τοῦτο
2896 1255 3241 1326 ἑναντιολογία
3279 1257 3395 1326 πρὸς
3422 1258 3495 1305 τὸν
3521 1256 3734 1306 Ματθαῐον.

2251 1351 2491 1411 Κάκεῖνος
2521 1351 2621 1421 γὰρ
2677 1344 2767 1399 διὰ
2820 1354 2917 1397 τῶν
2976 1342 3072 1397 δύο
3131 1342 3408 1396 ἀποστολῶν
3458 1344 3617 1402 πάντας
3643 1361 3737 1413 συμ-

2246 1438 2534 1514 περιέλαϐε,
2587 1442 2676 1489 καὶ
2746 1436 2888 1487 οὗτοι
2942 1431 3037 1486 διὰ
3090 1442 3187 1485 τῶν
3238 1440 3379 1505 τριῶν
3421 1434 3596 1503 ὁμοίως.
3643 1429 3738 1486 lian

2248 1622 2297 1672 οἱ
2362 1623 2451 1671 καὶ
2500 1614 2592 1669 διά
2640 1623 2730 1667 τοῦ
2788 1613 2890 1673 ἐνὸς
2948 1609 3138 1665 δούλου
3188 1612 3375 1671 πάντας
3438 1605 3623 1665 δηλοῦσι
3660 1611 3741 1664 τοὺς

2249 1716 2337 1768 τῆς
2394 1712 2517 1779 μιᾶς
2574 1702 2869 1763 ἀποστολῆς
2946 1707 3033 1753 καὶ
3081 1706 3172 1753 τοῦ
3218 1700 3369 1752 αὐτοῦ
3423 1704 3597 1771 καιροῦ.
3637 1692 3740 1747 Τίδέ

2803 1793 3010 1865 Μάρκος
3079 1796 3196 1865 περὶ
3246 1788 3361 1853 ἑνὸς,
3439 1788 3508 1840 ὅτι
3567 1783 3741 1838 Κάκεῖνον

2249 1797 2412 1864 ἐστιν,
2468 1797 2493 1847 ὃ
2549 1812 2706 1865 φησιν

2248 1884 2671 1942 λιθοϐολῆσαντες
2778 1880 3224 1952 ἐκεφαλαίωσαν;
3326 1880 3455 1938 Τινὲς

2250 1978 2329 2029 ὅτι
2381 1972 2759 2046 ἐκεφαλαιωσαν
2829 1974 2923 2029 τὴν
3000 1968 3169 2041 ὕϐριν,
3241 1972 3411 2039 ἤγουν,
3479 1964 3743 2041 ἐκορύφωσαδ,

3518 1879 3589 1948 μὲν
3631 1871 3741 1935 sim,

2252 2065 2351 2136 ἐγὼ
2393 2060 2451 2115 δὲ
2503 2060 2650 2133 οἶμαι
2702 2063 2780 2126 τὸ,
2836 2057 3240 2131 ἐκεφαλαωσαν,
3294 2056 3400 2109 ἀντὶ
3427 2064 3524 2122 τοῦ,
3566 2060 3635 2110 τὴν
3671 2051 3744 2120 (37)

2253 2152 2474 2226 κεφαλὴν
2507 2150 2665 2203 αὐτοῦ
2697 2148 3035 2223 συνέτριψαν,

2322 2241 2565 2313 ’Υστερον
2622 2235 2681 2291 δε
2746 2269 2815 2277 -
2870 2241 2957 2289 τὸν
2996 2239 3107 2288 υἱόν
3169 2256 3289 2309 μου.
3352 2241 3497 2287 Τοῦτο
3540 2228 3748 2297 turma-31

2256 2334 2319 2391 ὡς
2384 2327 2772 2400 ἀποϐησόμενον
2829 2343 2842 2356 ·
2900 2325 3151 2397 ἐγίνωσκε
3218 2328 3336 2397 γὰρ,
3405 2325 3476 2374 ὅτι
3518 2320 3595 2372 οὐκ
3630 2317 3748 2390 ἔντρα-

2256 2426 2512 2478 πῆσονται
2563 2424 2739 2470 τοῦτον
2792 2434 2804 2446 ⁸
2857 2415 2967 2467 ἀλλ’
3022 2418 3091 2476 ὡς
3148 2413 3467 2487 ὀφειλόμενον,
3516 2412 3659 2461 ὡσανεὶ
3695 2409 3749 2455 λέ-

2254 2529 2380 2580 νων,
2435 2510 2515 2559 δτι
2571 2510 2678 2579 χρὴ
2738 2504 2926 2566 ἀῦτοὺς
3010 2502 3323 2578 ἐντραπῆναι
3393 2504 3469 2553 τὸν
3533 2500 3618 2550 υἱόν
3665 2513 3745 2566 μου.

2260 2603 2466 2659 Λουκᾶς
2514 2594 2573 2649 δέ
2636 2614 2815 2669 φησιν,
2874 2595 2954 2646 ὅτι
2990 2590 3128 2646 εἶπεν
3188 2595 3213 2645 ὁ
3273 2594 3437 2666 κύριος
3471 2597 3545 2641 τοῦ
3586 2584 3748 2659 ἀμπελῶο

2258 2703 2360 2748 νος·
2398 2690 2461 2738 Τί
2503 2689 2757 2752 nocitum;
2815 2682 3003 2755 πέμψω
3055 2685 3146 2733 τόν
3200 2683 3307 2733 υἱόν
3358 2700 3446 2752 μου
3494 2681 3563 2729 τόν
3597 2674 3748 2745 ἄγατα-

2260 2780 2366 2829 τόν’
2444 2778 2571 2836 ἴσως
2672 2779 2849 2826 τοῦτον
2956 2768 3153 2834 ἰδόντες
3236 2771 3606 2845 ἐντραπήσονται.
3664 2758 3753 2815 Eis:

2264 2860 2342 2931 δὲ,
2399 2867 2461 2916 Τί
2513 2868 2758 2928 ποιῆσω;
2817 2862 2910 2915 οὐκ
2959 2862 3011 2924 ἐξ
3078 2862 3322 2937 ἀπορίας,
3396 2858 3482 2911 ἀλλ’
3524 2854 3566 2907 ἐκ
3621 2850 3753 2922 90w-

2265 2955 2511 3026 θρωπίας,
2571 2949 2839 3019 δεικνύων,
2894 2956 3055 3005 πόσον
3095 2949 3323 3011 κήδεται
3376 2958 3458 3003 τῶν
3506 2943 3757 3016 ἀχαρίστων,

2263 3048 2412 3115 ρὴπω
2465 3042 2616 3094 θέλων
2665 3050 2905 3093 κακῶσαι
2969 3044 3207 3111 τούτους,
3260 3040 3382 3093 ἀλλὰ
3434 3038 3567 3098 ζητῶν
3604 3034 3758 3103 τρόπονι

2267 3128 2340 3183 δι’
2385 3132 2443 3183 οὗ
2484 3134 2693 3193 τούτους
2766 3130 3116 3206 ἀγριωθέντας
3175 3133 3442 3203 ἡμερῶσει.
3484 3126 3566 3178 Καὶ
3600 3123 3644 3173 τὸ
3672 3118 3759 3175 iw:

2268 3217 2346 3289 δὲ,
2372 3222 2428 3273 τὸ
2454 3220 2591 3283 εἰκὸς
2617 3217 2787 3279 δηλοῖ.

2336 3496 2404 3551 Οἱ
2456 3525 2524 3535 -
2573 3495 2750 3547 αὐτοῦ.
2811 3498 3016 3564 Σκόπει,
3070 3503 3186 3557 πῶς
3244 3491 3457 3568 ἀκριϐῶς
3506 3485 3690 3563 προλέγει
3722 3485 3764 3529 τά

2263 3583 2527 3656 μελλονται
2583 3588 2683 3636 Καὶ
2735 3588 2856 3656 μὴν,
2917 3583 3021 3656 οὐχ
3068 3587 3135 3645 ὡς
3186 3588 3305 3637 Υἱόν
3355 3588 3473 3635 Θεοῦ
3508 3586 3652 3630 τοῦτον
3679 3571 3766 3622 ἀνεῖ-

3096 3677 3169 3737 ὡς
3260 3675 3377 3726 Υἱὸν
3424 3677 3560 3724 Θεοῦ³
3606 3662 3683 3714 ἀλλ’
3724 3662 3765 3716 ὡς

2263 3764 2579 3837 κληρονόμον
2619 3770 2710 3815 τοῦ
2766 3762 3077 3836 ἀμπελῶνος,
3137 3768 3325 3836 ἤγουν,
3368 3764 3430 3822 ὡς
3490 3755 3671 3832 βασιλέα
3710 3754 3769 3799 τοῦ

2263 3674 2373 3727 λον’
2431 3674 2525 3726 οὐκ
2575 3672 2765 3726 ἀνεῖλον
2833 3673 3006 3742 αὑτὸν,

2266 3853 2504 3928 Ἰσραήλ.
2572 3852 2842 3915 Βλέποντες
2890 3855 2991 3928 γὰρ
3028 3854 3063 3905 οἱ
3093 3852 3468 3929 ἐτερατούργει,
3513 3852 3589 3899 καὶ
3627 3841 3770 3894 iam?

2266 3962 2347 4003 τες
2408 3942 2441 3994 οἱ
2498 3941 2807 4014 ἐφιλοσόφει,
2891 3944 3217 4014 συνῄσθοντο
3279 3945 3367 4015 μὲν
3424 3938 3468 3992 ἐν
3519 3936 3681 3991 ἑαυτοῖς
3725 3927 3773 3976 ὃτι

2268 4032 2422 4093 αὐτὸς
2475 4029 2613 4083 ἐστιν
2672 4033 2726 4083 δν
2771 4033 2819 4082 οῖ
2874 4039 3143 4107 προφῆται
3183 4029 3581 4102 καταγγέλλουσι
3625 4014 3774 4093 βασιλέα

2267 4128 2358 4172 τοῦ
2391 4119 2623 4193 Ἰσραήλ·
2684 4118 3029 4183 ἐκνικηθέντες
3088 4117 3146 4173 δὲ
3203 4128 3278 4192 τῷ
3330 4120 3511 4193 φθόνῳ,
3557 4116 3631 4165 καὶ
3665 4118 3776 4159 ποτι-

2272 4212 2470 4270 σθέντες
2512 4211 2613 4261 ὑπὸ
2652 4216 2747 4270 τῆς
2796 4208 3106 4281 βασκανίας,
3160 4218 3317 4262 τοῦτο
3364 4212 3451 4281 μὲν
3490 4194 3775 4263 συνεκαλνᾷθι

2274 4297 2586 4371 συμϐούλιον
2654 4295 2711 4351 δὲ
2764 4298 2960 4363 ὓαϐον,
3034 4301 3116 4350 ἶνα
3164 4299 3324 4350 αὐτὸν
3384 4296 3697 4349 ἀποκτείνωσι,
3724 4282 3780 4330 καὶ

2269 4386 2448 4441 λοίπὸν
2478 4393 2889 4461 κυριαρχήσωσι
2942 4395 3036 4449 τῆς
3096 4387 3443 4462 κληρονομίας
3484 4384 3637 4445 αὐτοῦς
3665 4374 3783 4426 τουτέο

2276 4497 2382 4546 στι,
2409 4484 2501 4529 τοῦ
2528 4476 2673 4540 λαοῦ,
2703 4473 2867 4549 μηδὲν
2900 4476 2969 4539 εἰς
2999 4480 3056 4528 τὸ
3085 4476 3205 4539 ἑξῆς
3228 4477 3605 4529 ὑποπτεύοντες.
3630 4468 3781 4529 Καιίῖίὲ

2277 4568 2396 4631 ζῶν,
2431 4566 2648 4639 ἤλεγχεν
2680 4566 2888 4631 αὐτοὺς,
2945 4570 3035 4618 καὶ
3062 4563 3325 4629 ὠνείδιζε,
3367 4569 3453 4617 καὶ
3499 4557 3665 4620 ἠπεῦλι
3696 4547 3785 4619 (δθλε

501 4653 709 4704 nostra
730 4650 842 4705 erit
866 4649 1181 4706 hwreditas
1208 4650 1277 4705 9°.
1301 4650 1446 4706 nihil
1468 4655 1668 4708 autem
1696 4652 1769 4708 de
1796 4669 1866 4709 eo
1888 4655 2053 4726 quod
2080 4656 2141 4711 in
2166 4660 2472 4730 posterum
2501 4656 2843 4711 succederet
2866 4656 3358 4728 suspicabantur.
3392 4649 3602 4709 Etenim
3645 4641 3785 4697 vivens

503 4735 703 4793 adhuc
726 4738 1017 4807 arguebat
1047 4754 1171 4806 eos,
1201 4743 1256 4795 et
1283 4740 1686 4814 exprobrabat
1710 4742 1841 4808 illis,
1870 4759 1992 4799 non
2019 4749 2223 4803 tamen
2245 4745 2297 4803 ei
2328 4744 2478 4801 ﬁdes
2507 4745 2867 4801 habebatur.

575 4825 738 4881 Vers.
766 4825 857 4881 39.
881 4827 961 4883 Et
982 4857 1048 4866 ——
1069 4829 1431 4886 occiderunt.
1460 4830 1632 4889 Extra
1659 4832 1941 4888 terminos
1967 4834 2155 4890 vineas

505 4931 646 4988 suae,
681 4917 848 4973 extra
876 4915 1192 4973 civitatem.
1219 4921 1366 4977 Nam
1395 4918 1553 4976 hunc
1583 4927 1748 4978 extra
1776 4922 1938 4978 illam
1970 4922 2154 4979 cruci-

579 5092 626 5130 "
652 5093 829 5153 Marc.
854 5108 919 5163 Il,
946 5099 979 5151 2
1010 5111 1181 5170 seqq.
1220 5098 1383 5157 rLuc.
1414 5115 1515 5168 xx,
1546 5103 1616 5159 10
1640 5116 1807 5174 seqq.

1920 5100 1969 5136 ⁸⁸
2003 5104 2176 5158 Marc.
2215 5118 2312 5171 xu,
2355 5104 2409 5159 4.

2340 4839 2439 4887 Καὶ
2493 4865 2560 4876 --
2618 4833 2935 4889 ἀπέκτειναν.
2990 4834 3123 4897 Ἐξω
3201 4842 3305 4886 τῶν
3358 4836 3505 4907 ὁρίων
3556 4831 3633 4880 τοῦ
3680 4819 3792 4890 ἀμιπῦ

2264 4923 2433 4991 λῶνος,
2492 4927 2675 4997 ἤγουν,
2728 4924 2821 4988 ἔξω
2874 4933 2964 4986 τῆς
3034 4924 3247 4985 πόλεως.
3340 4922 3474 4986 ’Ἐξω
3522 4921 3609 4993 γὰρ
3679 4908 3791 4963 αῧτὶὲ

2520 5098 2563 5136 δ’
2610 5104 2746 5159 Luc.
2773 5119 2872 5169 xx,
2912 5108 2995 5161 13.
3108 5105 3155 5139 ⁹⁰
3187 5105 3373 5162 Marc.
3400 5118 3491 5170 xu,
3518 5100 3567 5155 8.

1761 5278 1989 5349 Variae
2015 5280 2343 5349 lectiones
2389 5290 2454 5349 et
2500 5289 2702 5350 notae.

577 5496 692 5641 $56)
720 5498 870 5579 Tom
892 5499 1007 5567 VII,
1056 5513 1116 5570 p.
1145 5500 1248 5555 670
1271 5501 1338 5555 A.

602 5570 693 5641 57)
733 5568 929 5626 Simile
968 5576 1074 5640 est,
1106 5571 1272 5641 quod
1301 5572 1338 5627 Η

602 5570 693 5641 57)
733 5568 929 5626 Simile
968 5568 1076 5640 est;
1106 5571 1272 5645 quod
1301 5569 1630 5643 Hesychius
1669 5573 1896 5640 laudat,
1934 5577 2156 5647 γναθοῦν

2267 5508 2324 5556 τὸ
2347 5504 2418 5566 εἰς
2441 5505 2664 5575 γνάθους
2694 5506 2927 5561 τύπτειν.

2337 5560 2462 5648 (58)’
2524 5560 2847 5633 Hentenius
2908 5560 3009 5649 ita,
3083 5592 3151 5636 ac
3218 5577 3273 5633 si
3323 5574 3521 5649 legerit
3574 5560 3797 5628 ἠπιστήθη.
