3904 6210
142 248 244 303 565

1107 236 1479 296 COMMENT.
1522 233 1593 289 IN
1629 229 2074 288 MATTH/EUM.
2115 264 2184 273 —
2223 232 2379 288 CAP.
2410 232 2562 286 XXI.

3400 232 3507 290 566

150 381 328 426 τοῦτον
380 373 730 445 ἐσταυρωσαν.
788 370 1002 441 Μάρκος
1057 363 1115 419 δὲ
1167 385 1346 438 φησιν,
1411 365 1491 414 ὃτι
1547 368 1717 433 πρῶτο

1909 361 2128 414 xerunt.
2174 361 2402 415 Marcus
2426 361 2627 414 autem
2646 357 2807 426 dicit,
2840 356 3007 430 quod
3051 355 3214 413 hunc
3242 357 3506 430 primum

151 464 444 515 ἀπέκτειναν
488 460 663 529 αὐτὸν,
713 456 826 511 εἶτα
874 456 1106 520 ἐξέϐαλον
1152 456 1245 518 ἔξω
1294 461 1386 506 του
1431 450 1741 522 ἀμπελῶνος.

149 553 207 605 Τί
264 549 351 603 οὖν
423 550 670 622 ἐροῦμενς
705 550 785 600 ὅτι
842 552 900 600 τό
962 545 1224 609 Ἐξέϐαλον
1296 543 1389 606 ἔξω
1453 542 1570 593 καθ’
1645 538 1743 590 Eta-

137 661 225 715 ρον
256 641 446 701 ἐκεῖνος
472 637 580 692 εἶπε
609 643 1007 711 σημαινόμενον,
1046 635 1157 688 ἀντὶ
1194 641 1306 698 τοῦ,
1355 633 1742 703 Ἀπεστέρησαν

136 732 269 801 (59),
302 733 374 791 ὡς
402 729 582 790 αὐτοῖς
603 724 795 782 ἐδόκει.

198 820 366 872 “Orat
411 850 479 858 —
520 820 768 881 ἐκείνοις;
798 816 992 875 Αὐτοὺς
1035 812 1203 887 ἔρωτᾴ
1243 811 1413 877 πάλιν,
1467 808 1551 860 ἱνα
1591 806 1742 858 αὐτοὶ

135 909 245 961 καθ’
304 907 503 961 ἑαυτῶν
561 906 915 977 ίξαγαγόντες,
981 902 1246 956 κάνταῦθα
1309 904 1403 959 τὴν
1478 897 1738 970 ἀπόφασιν

132 998 570 1070 αὖτοκατάκριτοι
596 999 866 1066 ⁴γένωνται.

201 1092 465 1158 Λέγουσιν
495 1118 563 1125 -
605 1084 848 1138 ἀπολέσει
877 1083 1084 1144 αὐτούς.
1115 1085 1320 1142 Κακοὺς
1362 1083 1512 1140 ὄντας
1539 1083 1738 1150 πικρῶς

135 1177 342 1230 κολάσει
364 1176 523 1228 αὐτοῦ
533 1196 573 1236 ς.

207 1272 309 1319 Καὶ
355 1265 634 1317 -αῦτῶν.
697 1269 933 1324 Ἀκοντες
987 1262 1376 1336 προφητεύουσὶ
1431 1260 1520 1308 καὶ
1585 1254 1731 1307 αὐτοὶ

130 1359 180 1407 τό
225 1355 430 1424 μέλλον.
466 1353 656 1407 Ἐλθὼν
708 1356 809 1426 γὰρ
841 1353 867 1404 ο
918 1354 1095 1424 κύριος
1141 1355 1233 1401 τοῦ
1277 1349 1511 1400 τοιούτου
1565 1343 1736 1415 ἀμπε-

123 1445 297 1505 λῶνος,
343 1448 546 1516 ἧχουν,
591 1441 821 1503 ἀναστὰς
865 1439 920 1493 ἐκ
947 1449 1136 1512 νεκρῶν
1180 1441 1206 1490 ὁ
1255 1438 1504 1510 Χριστὸς,
1539 1435 1564 1486 ὁ
1610 1433 1734 1490 κλη-

120 1539 358 1608 ρονόμος,
396 1539 490 1584 καὶ
537 1530 821 1584 ἐπανελθὼν
871 1530 941 1590 εἰς
987 1533 1082 1587 τὴν
1117 1525 1257 1580 ἰδίαν
1301 1525 1560 1589 ἐξουσίαν,
1603 1541 1734 1595 παρ-

121 1618 308 1674 ἔδωκεν
404 1621 594 1680 αὐτοὺς
672 1628 783 1681 τοῖς
863 1619 1136 1690 Ῥωμαίοις
1201 1616 1272 1677 εἰς
1358 1614 1562 1688 ὄλεθρον
1641 1616 1731 1664 καὶ

1854 445 2214 515 occiderunt,
2246 447 2462 502 deinde
2501 446 2661 503 foras
2708 451 2866 502 extra
2891 445 3130 503 vineam
3181 447 3503 517 eiecerunt.

1856 535 2008 599 Quid
2029 552 2169 606 ergo
2196 537 2509 593 dicemus?
2540 535 2707 602 Quod
2731 536 2843 601 ille,
2875 539 3050 591 Foras
3077 537 3306 607 ejicere,
3332 539 3507 608 juxta

1851 622 2015 678 aliud
2036 625 2186 680 dixit
2231 626 2646 696 signiﬁcatum,
2703 631 2765 679 ut
2810 626 3178 680 tantumdem
3227 627 3299 682 sit
3351 627 3506 683 sicut

1850 711 2194 770 haereditate
2225 716 2480 788 privare,
2506 718 2684 786 prout
2715 714 2828 770 illis
2851 713 3184 770 videbatur.

1923 821 2081 876 Vers.
2114 822 2201 876 40.
2237 822 2387 879 Cum
2417 852 2485 860 —
2514 821 2636 878 illis
2661 821 2689 875 ‘I
2718 823 2975 876 Rursum
3013 835 3117 876 eos
3155 821 3502 894 interrogat,

1851 911 1915 964 ut
1933 914 2140 966 contra
2155 911 2504 980 semetipsos
2529 910 2643 981 ipsi
2673 909 3111 965 concitarentur
3139 909 3255 981 (ιι),
3287 927 3356 966 ac
3373 926 3503 968 sese

1848 997 2075 1069 prolata
2091 1000 2377 1054 sententia
2403 998 2895 1054 condemnarent.

1919 1089 2079 1143 Vers.
2111 1091 2199 1144 4-1.
2225 1089 2450 1145 Dicunt
2471 1119 2541 1129 —
2565 1087 2790 1158 perdet.
2812 1085 3104 1143 Melicum
3131 1085 3266 1158 sint,
3297 1088 3503 1145 acerbe

1847 1175 1978 1232 illos
2004 1179 2229 1248 puniet.

1917 1268 2077 1322 Vers.
2097 1269 2187 1322 41.
2218 1269 2286 1322 Et
2315 1299 2384 1306 —
2412 1267 2534 1323 suis
2561 1265 2834 1322 Nolentes
2875 1263 3237 1336 prophetant
3295 1268 3349 1320 et
3391 1265 3504 1337 ipsi

1845 1355 2006 1426 quod
2038 1355 2302 1411 futurum
2341 1361 2450 1412 est.
2511 1355 2760 1410 Veniens
2804 1353 2961 1409 enim
3013 1352 3290 1408 dominus
3321 1355 3500 1425 hujus

1843 1444 2052 1508 vineae,
2085 1450 2231 1516 puta
2255 1445 2520 1500 Christus
2564 1444 2754 1509 haeres
2782 1458 2819 1498 a
2848 1441 3100 1497 mortuis
3154 1457 3496 1511 resurgens.

1844 1549 1912 1588 ac
1937 1535 2177 1605 propria
2201 1538 2482 1605 potestate
2509 1547 2802 1598 reversus,
2825 1530 3070 1586 tradidit
3095 1546 3193 1586 eos
3215 1533 3500 1588 Romanis

1843 1621 1904 1677 in
1925 1623 2318 1694 perditionem
2341 1627 2394 1678 et
2427 1621 2748 1677 interitum.
2803 1622 3021 1675 Locum
3053 1624 3256 1675 autem
3314 1620 3498 1676 vinem

121 1710 439 1783 ἀφανισμόν.
507 1715 605 1763 Τὸν
663 1707 724 1762 δε
771 1715 925 1761 τόπον
1006 1715 1099 1760 τοῦ
1169 1705 1460 1779 ἀμπελῶνος
1519 1699 1719 1766 ἐξέδωκε

1909 1714 2050 1766 cavit
2097 1711 2565 1766 Christianorum
2605 1708 2919 1780 episcopis,
2978 1707 3079 1778 qui
3128 1708 3496 1780 temporibus

119 1809 218 1861 τοῖς
272 1809 382 1853 τῶν
438 1807 768 1874 Χριστιανῶν
815 1797 1141 1865 ἐπισκόποις,
1195 1797 1246 1848 οἱ
1287 1799 1378 1848 καὶ
1428 1795 1563 1846 κατά
1609 1796 1730 1854 τοὺς

115 1895 329 1963 καιροὺς
386 1889 582 1953 αὐτῶν,
643 1888 724 1940 ὅτε
777 1883 984 1946 δηλαδὴ
1045 1888 1113 1939 τὰ
1177 1893 1506 1959 Χριστιανῶν
1565 1883 1728 1946 ἤνθει,

117 1976 476 2054 διασερόντως
541 1977 921 2052 ἐκαρποφορουν
978 1979 1066 2036 τὰς
1125 1974 1308 2049 ἀρετάς
1365 1972 1522 2026 Ἀλλὰ
1583 1978 1729 2024 Ματ-

114 2071 252 2130 Gaio;
306 2075 403 2142 μὲν
457 2069 646 2128 αὐτοὺς
693 2067 828 2138 λέγει
874 2067 990 2119 καθ’
1031 2066 1223 2118 ἑαυτῶν
1275 2067 1370 2122 τὴν
1415 2062 1587 2133 ψῆφον
1631 2060 1730 2123 ἐξε-

111 2167 304 2228 νεγκεῖν
337 2179 351 2192 ·
405 2161 618 2231 Μάρκος
687 2154 747 2210 δι
810 2161 899 2209 καὶ
957 2162 1160 2215 Λουκᾶς
1209 2172 1384 2226 φασιν,
1447 2151 1526 2204 ὃτι
1572 2151 1727 2212 αὐτὸς

112 2247 416 2319 assyrium-0
475 2248 592 2300 κατ’
654 2246 843 2300 αὐτῶν.
905 2245 1057 2306 Εἰκὸς
1109 2241 1186 2311 δὲ,
1251 2251 1455 2315 πρῶτον
1507 2240 1728 2302 ἐκείνους

114 2337 516 2409 ἀποφήνασθαι,
564 2334 677 2388 εἶτα
723 2339 808 2387 τόν
857 2338 1086 2410 Χριστόν
1137 2334 1316 2400 εἰπεῖν,
1371 2332 1492 2406 ὅπερ
1547 2329 1727 2383 ἐκεῖνοι

111 2425 272 2491 εἶπον,
336 2425 740 2478 ἐπιϐιϐαιοῦντα
776 2429 861 2476 τόν
912 2424 1062 2495 λόγον
1109 2423 1297 2476 αὐτῶν.
1331 2417 1624 2474 Ἰδιαίτατα
1668 2416 1728 2478 δὲ

111 2524 324 2579 Λουκᾶς
387 2521 615 2591 εἴρηκεν,
694 2516 774 2567 ὃτι
857 2515 1170 2575 ἀκούσαντες
1248 2515 1406 2575 εἶπον,
1483 2515 1568 2568 Μὴ
1645 2515 1726 2582 ’γέ-

106 2627 269 2660 νοιτο.
331 2609 444 2680 Πρὸ
509 2609 698 2657 τούτου
741 2607 842 2678 γὰρ
892 2602 1212 2674 ἀγνοοῦντες,
1259 2603 1338 2654 ὃτι
1385 2605 1502 2675 περὶ
1558 2600 1725 2652 αὐτῶν

113 2694 174 2753 ἦν
211 2700 248 2754 ἡ
309 2695 598 2770 παραϐολή,
652 2693 1075 2765 κατεψηφίσαντο
1123 2692 1335 2744 ἑαυτῶν·
1382 2690 1597 2764 ὕστερον
1643 2687 1721 2756 δὲ,

107 2785 570 2858 ἐπιψηᾳσαμένου
647 2791 741 2836 τοῦ
787 2790 1042 2858 Χριστοῦ,
1095 2789 1344 2852 συνῆκαν,
1414 2784 1504 2832 καὶ
1561 2779 1721 2847 εἶπον,

103 2881 187 2933 Μή
216 2880 450 2946 γένοιτο.

173 2970 341 3037 Λῆει
421 2995 482 3003 -
549 2967 772 3032 γωνίαςς
806 2966 1066 3019 Λαυῑτικὴ
1149 2963 1238 3032 μὲν
1307 2962 1337 3018 ἡ
1413 2963 1718 3034 προφητεία,

694 2516 774 2567 ὃτι
857 2513 982 2566 ἀκού
991 2532 1170 2575 σαντες
1248 2511 1406 2575 εἶπον,

1842 1799 1984 1864 suis,
2013 1799 2258 1872 quando
2285 1799 2552 1855 videlicet
2581 1798 3046 1852 Christianorum
3078 1800 3351 1866 tempora
3392 1798 3499 1854 ﬂo-

1839 1888 2068 1954 rebant,
2102 1890 2296 1944 varias
2323 1888 2566 1944 virtutes
2591 1885 3052 1942 fructiﬁcabant.
3096 1886 3304 1940 Verum
3353 1889 3498 1943 Mat-

1838 1978 2024 2032 thaaus
2053 1977 2300 2048 quidem
2331 1977 2492 2048 ipsos
2519 1975 2598 2031 ait
2641 1979 2849 2030 contra
2879 1989 3006 2028 sese
3039 1973 3327 2045 potulisse
3367 1990 3498 2030 sen-

1838 2067 2092 2122 tentiam.
2125 2067 2355 2122 Marcus
2386 2069 2586 2121 autem
2606 2070 2663 2120 et
2685 2066 2872 2120 Lucas
2901 2062 3109 2118 dicunt
3136 2063 3337 2134 ipsum
3359 2079 3497 2120 con—

1837 2159 1924 2210 tra
1952 2154 2082 2210 illos
2113 2155 2474 2213 sententiam
2505 2155 2708 2210 tulisse
2741 2155 2814 2209 9‘.
2845 2151 3182 2209 Verisimile
3219 2167 3362 2222 ergo
3409 2157 3497 2210 est

1835 2244 2097 2316 primum
2124 2242 2255 2299 illos
2288 2243 2490 2299 tulisse
2515 2243 2902 2307 sententiam;
2947 2240 3167 2296 deinde
3193 2240 3494 2296 Christum

1837 2331 2049 2387 dixisse
2080 2333 2246 2404 quod
2277 2332 2357 2388 illi
2387 2332 2674 2392 dixerant,
2718 2327 3135 2386 conﬁrmando
3161 2329 3387 2384 dictum
3408 2330 3495 2401 ip-

1837 2436 2062 2478 sorum.
2089 2422 2497 2494 Propriissime
2515 2426 2714 2477 autem
2741 2419 2890 2475 dixit
2918 2419 3128 2487 Lucas,
3155 2418 3322 2490 quod
3351 2433 3490 2474 cum

1836 2509 2146 2567 audissent
2173 2511 2477 2566 dixerunt:
2507 2509 2688 2564 Absit.
2715 2512 2901 2563 Antea
2931 2507 3091 2562 enim
3122 2507 3490 2576 ignorantes,

1835 2598 2002 2671 quod
2041 2599 2116 2654 de
2145 2600 2290 2670 ipsis
2319 2603 2478 2654 esset
2505 2597 2815 2670 parabole,
2839 2598 3379 2653 condemnaverant
3406 2612 3495 2652 se.

1833 2688 1997 2760 ipsos
2033 2706 2046 2757 ;
2099 2688 2486 2759 postmodum
2513 2702 2654 2742 vero
2685 2686 3061 2749 sententiam,
3094 2684 3492 2742 conﬁrmante

1835 2777 2085 2843 Christo,
2109 2775 2523 2832 intellexerunt
2547 2780 2603 2832 et
2631 2775 2921 2840 dixerunt,
2954 2773 3140 2830 Absit.

1901 2974 2062 3028 Vers.
2099 2973 2186 3027 42.
2221 2973 2377 3029 Dicit
2411 3004 2478 3014 —
2529 2971 2799 3044 anguli?
2838 2969 3125 3027 Davidica
3171 2969 3488 3042 prophetia

101 3050 352 3105 δείκνυσι
383 3049 446 3105 δὲ
476 3049 570 3105 διὰ
615 3054 813 3113 ταύτης
862 3052 888 3102 ὁ
918 3054 1169 3123 Χριστὸς,
1203 3051 1282 3104 ὅτι
1311 3051 1516 3110 πάντως
1547 3051 1716 3114 ἔσται,

1909 3067 1940 3118 t.
1966 3062 2233 3119 Ostendit
2246 3067 2443 3118 autem
2458 3078 2564 3133 per
2579 3062 2735 3117 hanc
2753 3061 3038 3127 Christus,
3060 3061 3226 3134 quod
3238 3059 3485 3117 omnino

463 3140 882 3214 προαγγελθέντα
955 3140 1117 3192 πάλαι
1196 3141 1338 3212 παρὰ
1407 3146 1498 3191 τοῦ
1568 3138 1718 3209 ἁγίου

97 3236 427 3304 Πνςᾶξιατος.
526 3235 624 3284 Καὶ
705 3229 1104 3303 ἀναιρεθήσεται
1195 3232 1285 3302 μὲν
1357 3226 1442 3280 ὑπ’
1527 3228 1714 3291 αὐτῶν,

97 3321 336 3382 ἀναστὰς
379 3317 441 3373 δὲ
473 3320 528 3372 ἐκ
571 3327 774 3392 νεκρῶν,
812 3325 1088 3392 γενήσεται
1133 3317 1204 3386 εἰς
1246 3317 1467 3389 κεφαλὴν
1504 3321 1715 3389 γωνίας.

95 3417 154 3463 Τί
216 3408 286 3462 δὲ
346 3414 501 3462 τοῦτο
555 3408 714 3476 ἐστιν,
762 3408 991 3482 ἐροῦμεν.
1036 3415 1306 3484 Τροπικῶς
1357 3409 1386 3465 ἡ
1427 3409 1720 3478 προφητεία

91 3501 238 3552 ὶιθον
289 3503 384 3572 μὲν
446 3500 680 3572 ὠνόμασε
728 3503 814 3551 τόν
874 3502 1120 3569 Χριστὸν·
1178 3493 1578 3569 οἰκοδομοῦντας
1635 3492 1713 3560 δὲ,

94 3595 216 3648 τοὺς
248 3585 628 3648 διδασκάλονς
659 3595 755 3640 τῶν
797 3583 1087 3658 Ἰουδαίων,
1145 3587 1233 3648 οῦς
1267 3591 1356 3639 καὶ
1399 3588 1655 3660 γεωργοὺς
1684 3587 1711 3642 ἡ

1001 3672 1396 3749 ἀπεδοκίμασαν
1493 3671 1551 3727 δὲ
1628 3677 1714 3726 τὸν

99 3145 132 3193 2'
204 3142 376 3208 εἶπεν,

91 3678 379 3750 παραϐοὶῂ
473 3681 804 3750 προσηγόρευ
814 3693 918 3729 σεν’

85 3776 341 3820 τοιοῦτον
392 3767 536 3819 οὗτοι
578 3766 740 3838 λίθον,
795 3767 978 3837 ἦγουν,
1034 3765 1330 3833 ἀπώσαντο,
1380 3773 1579 3840 πρῶτον
1625 3769 1714 3836 μὲν

81 3857 362 3926 ’λέγεινντες⁹
427 3857 590 3917 Οὗτος
648 3855 742 3908 οὐκ
806 3857 946 3908 ἔστιν
1004 3853 1057 3906 ἐκ
1107 3856 1218 3927 (60)
1271 3862 1362 3907 τοῦ
1414 3860 1559 3908 Θεοῦ·
1625 3859 1714 3906 καὶ

86 3944 291 4008 πάλιν,
382 3945 545 4007 Οὗτος
605 3944 775 4015 πλανᾷ
847 3947 933 3996 τόν
1008 3949 1202 4018 κόσμον
1275 3945 1408 4015 (61),
1487 3949 1574 3996 καὶ
1648 3946 1714 3996 τὰ

80 4042 349 4086 τοιαῦται
409 4034 690 4088 τελευταῖον
763 4029 821 4086 δὲ
889 4039 1298 4108 σταυρώσαντες.
1376 4032 1577 4105 Κεφαλὴ
1655 4029 1713 4086 cl":

81 4128 296 4192 γωνίας
350 4122 487 4175 ἐστὶν
537 4124 562 4173 ὁ
618 4121 988 4196 ἀκρογωνιαίος
1029 4122 1189 4184 λίθος.
1234 4123 1460 4194 Ἐγένετο
1510 4119 1595 4174 οὖν
1644 4123 1712 4185 εἰς

75 4212 330 4284 κεφαλήν
366 4217 562 4284 γωνίας
606 4213 631 4264 ὁ
667 4215 911 4284 Χριστὸς,
965 4215 994 4270 ἦ
1027 4231 1172 4283 γουν,
1206 4212 1429 4286 ὑπῆρξεν
1471 4211 1710 4284 ἀκρογω-

75 4309 268 4363 nais;
331 4303 484 4368 λίθος,
558 4301 605 4354 ἐν
660 4310 732 4371 τῷ
804 4303 1212 4375 παρεικάζεσθαι
1283 4306 1496 4374 τοιούτῳ
1561 4302 1708 4374 λίθῳ.

1827 3152 2026 3211 futura
2051 3157 2185 3208 sunt
2214 3167 2346 3223 quas
2375 3151 2534 3214 dixit,
2568 3167 2704 3222 quae
2735 3151 2915 3206 etiam
2947 3167 2984 3207 a
3037 3150 3254 3221 Spiritu
3279 3153 3487 3206 sancto

1826 3241 1968 3298 olim
1994 3240 2391 3314 praenuntiata
2409 3240 2665 3295 fuerant.
2696 3241 2760 3294 Et
2788 3239 3035 3310 quidem
3081 3239 3158 3295 ab
3211 3239 3296 3294 eis
3332 3238 3484 3293 occi-

1826 3330 1994 3385 detur
2063 3328 2357 3396 Christus,
2438 3327 2562 3383 sive
2639 3325 3102 3398 reprobabitur:
3172 3340 3381 3380 verum
3449 3340 3487 3384 ἃ

1827 3419 2079 3474 mortuis
2105 3433 2446 3487 resurgens,
2476 3416 2576 3472 ﬁet
2615 3417 2676 3471 in
2705 3418 2888 3486 caput
2943 3413 3164 3483 anguli.
3211 3413 3360 3478 Quid
3392 3417 3480 3470 est

1825 3512 2026 3564 autem
2047 3507 2162 3563 hoc
2185 3507 2212 3561 ‘?
2233 3507 2496 3562 Dicimus
2526 3505 2693 3577 quod
2717 3503 3030 3576 prophetia
3057 3503 3354 3560 Christum
3376 3518 3484 3574 ap-

1824 3596 2068 3668 pellavit
2096 3596 2358 3668 lapidem
2391 3613 2405 3663 ;
2445 3594 2809 3652 mdiﬁcantes
2839 3609 3001 3664 vero,
3037 3593 3358 3661 magistros
3388 3595 3485 3648 Ju-

1825 3686 2112 3755 daaorum,
2128 3701 2282 3758 quos
2292 3687 2471 3742 etiam
2484 3683 2774 3754 agricolas
2790 3682 3124 3740 nominavit
3137 3681 3484 3754 praecedens

1823 3776 2160 3846 parabola;
2201 3775 2677 3847 reprobaverunt
2732 3776 2931 3829 autem
2982 3772 3105 3828 sive
3136 3771 3485 3842 repulerunt

1823 3863 1979 3920 hunc
2007 3865 2290 3937 lapidem,
2323 3865 2586 3936 primum
2612 3862 2860 3935 quidem
2884 3861 3140 3918 dicentes
3178 3876 3191 3915 :
3226 3861 3327 3917 Hic
3357 3875 3482 3916 non

1821 3957 1899 4008 est
1928 3970 1962 4006 ο
1987 3954 2103 4010 Deo
2133 3955 2205 4022 θ’,
2251 3957 2306 4010 et
2334 3969 2573 4008 rursum
2606 3967 2618 4007 ε
2657 3953 2767 4008 Hic
2819 3951 3048 4008 seducit
3073 3950 3358 4006 mundum
3408 3950 3479 4020 93,

1822 4041 2057 4114 aliaque
2090 4042 2341 4098 similia:
2377 4042 2586 4114 ultimo
2620 4057 2754 4098 vero
2802 4041 3238 4111 crucifigentes.
3287 4041 3480 4112 Caput

1819 4136 2018 4192 autem
2046 4131 2247 4203 anguli
2278 4135 2370 4188 est
2394 4131 2545 4202 lapis
2596 4129 2924 4200 angularis.
2971 4131 3177 4201 Itaque
3217 4129 3478 4185 Christus

1818 4219 2010 4276 factus
2040 4226 2130 4276 est
2158 4221 2219 4276 in
2246 4225 2428 4292 caput
2446 4219 2673 4288 anguli,
2707 4219 2830 4274 sive
2857 4219 3048 4274 factus
3070 4222 3158 4273 est
3185 4217 3340 4288 lapis
3370 4234 3474 4273 an-

1819 4310 2064 4383 gularis,
2085 4309 2595 4366 cumassimilatus
2611 4306 3058 4380 esthujusmodi
3083 4305 3290 4376 lapidi.
3319 4309 3470 4360 Nam

79 4393 353 4465 me;sz
400 4395 501 4467 γὰρ
550 4390 741 4453 ἐκεῖνος
787 4389 860 4462 ἐφ’
891 4390 1057 4461 ἐαυτῷ
1105 4387 1285 4444 συνδεί
1330 4396 1545 4464 τοίχους
1590 4389 1706 4462 δύο,

1911 4404 1970 4454 ut
1983 4397 2077 4453 ille
2091 4398 2222 4466 conj
2234 4397 2468 4466 ungitin
2485 4397 2686 4468 seipso
2699 4396 2852 4451 duos
2865 4394 3136 4463 parietes,
3156 4393 3238 4448 ita
3249 4395 3473 4450 etChri-

81 4483 186 4532 τὸν
222 4481 383 4532 αὐτόν
411 4486 600 4554 τρόπον
631 4485 722 4532 καὶ
768 4481 792 4532 ὁ
822 4483 1074 4552 Χριστός,
1123 4479 1201 4550 ἐφ’
1233 4480 1396 4551 ἐαυτῷ
1431 4479 1716 4554 συνὸεσμεῐ

79 4573 229 4631 τοὺς
265 4566 361 4621 δύο
396 4571 571 4635 λαοὺς,
603 4575 690 4622 τόν
736 4588 790 4622 τε
818 4567 872 4632 ἐξ
911 4568 1063 4621 ἐθνῶν
1106 4573 1307 4630 καὶτὸν
1338 4569 1391 4634 ἐξ
1422 4568 1709 4647 Ἰουδαίων,

97 4813 106 4822 .
163 4750 217 4784 ’1
247 4746 426 4806 Marc.
465 4765 570 4817 xu,
600 4752 634 4804 9
667 4767 683 4818 ;
712 4749 850 4804 Luc.
895 4763 966 4804 xx
1005 4748 1092 4812 16,
1170 4750 1218 4783 ⁹²
1243 4749 1519 4816 Joan.1x,
1553 4753 1639 4809 16.

1823 4492 1947 4543 stus
1959 4486 2021 4540 in
2036 4485 2396 4558 seipsoduos
2410 4484 2711 4541 coadunat
2730 4483 3001 4554 populos,
3018 4482 3300 4552 gentilem
3312 4484 3470 4539 vide-

1823 4575 1960 4631 licet
1980 4579 2036 4632 et
2062 4576 2089 4630 J
2100 4574 2401 4640 udaioum,
2435 4590 2505 4631 ac
2534 4589 2641 4647 per
2675 4571 2860 4628 ﬁdem
2897 4571 3038 4629 facit
3081 4587 3291 4628 unum.
3333 4573 3467 4642 Qui-

1719 4755 1766 4788 ⁹³
1792 4755 1966 4812 Joan.
1998 4769 2096 4818 v11,
2133 4758 2217 4810 l2.

1405 4927 1630 5016 Variae
1664 4930 1996 5020 lectiones
2051 4939 2117 5018 et
2155 4940 2361 5000 notae.

154 5121 320 5198 (59)-
333 5121 508 5178 lntell.
525 5130 620 5198 τοῦ
641 5120 956 5198 ἀμπελῶνος.
966 5193 979 5198 _
990 5121 1350 5198 Crediderim
1362 5126 1580 5198 tamen
1601 5140 1706 5198 po-

59 5197 232 5257 tius,
259 5194 519 5250 Marcum
541 5193 855 5250 invertisse
876 5193 1146 5266 ordinem
1164 5197 1343 5266 atque
1358 5193 1516 5250 idem
1535 5193 1706 5253 vo'ca-

57 5267 328 5336 bulum
353 5281 522 5321 sensu
553 5266 769 5322 eodem
793 5264 1136 5336 sumpsisse.
1175 5263 1270 5320 Sic
1298 5266 1468 5322 Joan.
1501 5281 1604 5323 xu.
1633 5270 1666 5323 3
1690 5286 1701 5323 :

59 5335 332 5405 Ἠλειψι
355 5342 433 5390 καὶ
459 5336 687 5406 ἱξέμαξε,
722 5335 890 5406 quod
910 5335 1123 5393 rectius
1152 5336 1301 5392 dixit
1328 5338 1466 5395 Luc.
1492 5355 1594 5406 xu,
1615 5342 1703 5406 38,

89 5359 332 5405 υιειψι
355 5359 433 5390 και
459 5359 536 5400 un
577 5359 687 5400 αςε,
771 5359 890 5392 uuu
910 5359 1123 5393 I‘BCUUS
1152 5359 1301 5392 uixit
1328 5359 1466 5395 huc.
1492 5359 1562 5394 xu

55 5411 368 5480 ἐξέμαςσε
392 5415 474 5462 καὶ
505 5359 696 5481 iique.
722 5359 999 5464 [Li-imum
1026 5408 1185 5464 enim
1215 5412 1303 5463 est
1323 5406 1562 5483 βρέχειν·

1815 5129 2166 5214 secundum,
2183 5127 2761 5214 ‘kxpo‘faefw‘tertil‘lm,
2785 5126 3025 5214 ἀλείφειν.

1887 5201 1998 5342 ἓϐο)
2029 5201 2113 5284 ’βκ
2145 5204 2200 5256 et
2229 5197 2351 5263 οὲπὸ,
2372 5198 2574 5271 ξϐοάά.
2603 5197 2913 5270 Οὶπγεοεῐί
2946 5205 2985 5256 t.
3029 5199 3146 5265 VII,
3173 5215 3232 5282 p.
3256 5201 3360 5282 67?.
3399 5203 3468 5255 A°

1911 5273 2002 5341 61)
2067 5271 2260 5342 Οχλον,
2291 5271 2600 5342 Chrysost.
2625 5270 2662 5325 l.
2709 5270 2747 5339 l.
2781 5272 2885 5327 sed
2915 5272 3265 5342 Euthymius
3290 5277 3468 5328 etiam

1911 5270 2002 5341 61)
2042 5271 2260 5342 Ὄχλον,
2291 5270 2600 5344 Chrysost.
2625 5270 2662 5325 l.
2709 5270 2747 5339 l.
2781 5272 2885 5327 sed
2915 5270 3265 5344 Euthymius
3290 5273 3468 5328 etiam

1815 5343 1876 5398 in
1901 5341 2069 5397 textu
2093 5341 2337 5397 Joannis
2361 5341 2539 5398 habet
2559 5346 2776 5414 κόσμον.

139 5542 269 5614 (ιι)
320 5538 771 5618 ροηοέιανεηιιιν.
820 5525 937 5613 Ipsi
965 5541 1061 5597 hic
1091 5555 1334 5613 quoque
1364 5526 1580 5600 ferrent
1605 5561 1719 5602 sem

1909 5561 1958 5601 ω
1983 5549 2040 5602 et
2063 5561 2100 5602 a
2130 5562 2191 5602 se
2219 5546 2367 5618 ipsis
2399 5547 2966 5607 condemnarentur.
2991 5547 3221 5618 Ἐξάγειν
3253 5549 3308 5601 et
3335 5543 3467 5595 ἁπο-

55 5609 268 5688 ςοαξά
311 5609 658 5684 junguntur.
