3904 6210
470 240 577 295 567

1802 226 2147 288 EUTHYMII
2190 224 2509 285 ZIGABENI
3641 241 3718 295 ωε

471 365 614 420 dam
647 370 838 420 autem
869 363 1156 432 angulum
1189 363 1593 419 intellexerunt
1643 357 1982 422 Ecclesiam,
2034 357 2117 406 ut-

2242 357 2318 403 ιιαὶ
2377 364 2576 408 συνενοῑ
2634 353 2726 408 διὰ
2795 366 2885 418 τῆς
2941 358 3014 418 εἰς
3069 358 3217 408 αὐτόν
3266 362 3482 430 μίστεως.
3526 364 3642 422 Τινὲς
3681 361 3722 415 δι

470 458 609 525 pote
638 452 842 507 ﬁdeles
870 452 1270 520 colligantem,
1315 453 1375 507 in
1404 453 1578 524 cujus
1611 453 1791 517 caput
1817 447 2008 501 factus
2037 447 2124 497 est

473 541 751 604 Christus,
777 547 956 612 caput
972 540 1238 596 videlicet
1257 541 1378 596 sive
1393 541 1753 614 principium
1767 543 1822 592 et
1845 533 2123 590 domina-

473 638 580 686 tor.

542 721 700 772 Vers.
726 718 796 770 42
822 718 868 771 Α
904 719 1150 773 Domino
1180 749 1249 759 —
1287 720 1526 774 nostris.
1579 718 1768 773 Etiam
1825 714 1939 770 hoc
1978 726 2121 784 pars

469 811 558 861 est
583 805 755 861 dictae
785 806 1133 878 prophetiae,
1162 807 1408 871 docens,
1430 807 1596 879 quod
1629 805 1727 862 Dei
1751 817 1996 876 quoque
2027 815 2122 855 vo-

465 895 691 950 luntate
717 894 816 950 ﬁet
841 895 1192 965 hujusmodi
1217 895 1500 965 angulus,
1541 894 1603 950 id
1648 899 1753 958 est,
1779 889 2123 962 conjunctio

467 983 833 1055 populorum
862 1000 874 1038 :
897 989 952 1038 et
981 984 1148 1054 quod
1173 983 1556 1040 admirationi
1596 981 1761 1055 apud
1785 995 1997 1037 omnes
2018 977 2125 1033 erit

468 1071 564 1125 hic
581 1070 859 1139 angulus,
889 1085 1009 1126 non
1032 1070 1227 1126 solum
1248 1073 1392 1143 quia
1411 1071 1586 1126 variis
1607 1067 2001 1126 adornabitur
2018 1065 2125 1120 vir-

469 1157 717 1224 tutibus,
751 1158 856 1213 sed
877 1158 1059 1214 etiam
1081 1160 1224 1230 quia
1243 1159 1526 1215 omnibus
1548 1158 1781 1214 insidiis
1813 1156 1921 1212 erit
1951 1169 2126 1226 supe-

471 1261 591 1302 l‘lOl‘
600 1287 612 1299 .

545 1337 701 1389 Vers.
741 1335 832 1390 43.
864 1335 996 1392 Ideo
1023 1366 1091 1377 —
1120 1336 1321 1406 ipsius.
1353 1335 1587 1405 Regum
1621 1336 1719 1391 Dei
1747 1333 1891 1390 dicit
1920 1337 2126 1388 custo-

472 1423 633 1478 diam
652 1423 780 1492 ejus
799 1439 923 1495 qua
953 1425 1347 1480 servabantur
1379 1443 1391 1480 :
1415 1425 1717 1480 nationem
1745 1438 1887 1478 vero
1911 1421 2127 1477 facien-

472 1515 582 1568 tem
609 1511 821 1581 dignos
864 1513 994 1583 ejus
1031 1512 1257 1569 fructus
1317 1518 1484 1570 vocat
1535 1527 1725 1582 genus
1775 1511 2130 1568 Christiano-

473 1615 629 1656 rum.

545 1689 713 1747 Vers.
744 1691 833 1744 44.
859 1691 938 1745 Et
959 1721 1025 1731 —-
1046 1692 1487 1761 confringatur.
1507 1688 1828 1748 Otl‘endens
1845 1691 1904 1745 in
1937 1687 2126 1756 illum,
2166 1701 2210 1754 Β

475 1777 711 1850 sibiipsi
735 1777 988 1846 nocebit,
1013 1783 1070 1834 et
1099 1795 1221 1834 non
1243 1779 1358 1838 illi:
1402 1779 1567 1852 quod
1599 1779 1762 1852 passi
1793 1782 1934 1833 sunt
1975 1776 2131 1847 prin-

473 1866 636 1936 cipes
667 1867 1047 1922 sacerdotum
1080 1871 1136 1922 et
1173 1868 1388 1923 Scriba:
1419 1884 1490 1924 ac
1521 1869 1784 1924 seniores
1811 1865 2039 1938 populi.

551 1956 689 2008 Vers
706 1955 794 2008 44.
828 1956 1017 2023 Super
1043 1987 1110 1997 —
1136 1971 1289 2012 eum.
1333 1957 1520 2027 Super
1549 1971 1974 2028 quemcunque
2029 1969 2132 2024 ag-

478 2042 810 2111 gravaverit
834 2060 915 2106 se,
935 2045 1048 2099 hoc
1064 2045 1255 2100 estcui
1271 2045 1453 2100 iratus
1474 2044 1666 2113 fuerit,
1691 2044 2059 2100 comminuet
2079 2048 2135 2098 et

478 2129 798 2202 disperget,
825 2147 895 2186 ac
925 2133 1341 2188 exterminabit
1365 2149 1524 2198 eum,
1574 2133 1740 2206 quod
1769 2132 1990 2188 factum
2049 2138 2136 2188 est

477 2220 538 2276 in
574 2223 759 2275 totum
788 2235 978 2289 genus
1014 2221 1360 2277 Judaeorum
1399 2243 1411 2277 :
1440 2221 1722 2278 traditum
1751 2237 2016 2294 namque
2047 2225 2138 2278 est

480 2307 766 2362 Romanis
791 2307 1082 2363 militibus
1114 2310 1174 2364 in
1218 2309 1638 2381 direptionem.

554 2397 712 2450 Vers.
729 2396 818 2451 45.
848 2397 927 2452 Et
949 2428 1016 2437 —
1037 2397 1350 2454 habebant.
1380 2398 1602 2471 Ubique
1627 2399 1903 2454 homines
1926 2399 2138 2455 timent

481 2486 540 2541 et
555 2499 676 2540 non
695 2485 904 2553 Deum,
929 2486 1190 2542 Christus
1205 2493 1404 2542 autem
1419 2491 1476 2543 et
1495 2487 1815 2559 parabolas
1830 2504 1976 2544 sane
1988 2487 2138 2544 dixit

481 2572 928 2644 etprophetiam
946 2573 1216 2640 adduxit,
1237 2579 1300 2631 ut
1329 2575 1536 2632 timore
1557 2576 1814 2648 correpti
1845 2576 2136 2632 malitiam

480 2660 884 2733 relinquerent
915 2663 1070 2734 ;ipsi
1088 2680 1227 2720 vero
1251 2664 1523 2720 occidere
1554 2665 1750 2735 magis
1776 2665 1945 2721 illum
1975 2682 2138 2737 quae-

481 2749 714 2806 rebant.
757 2753 936 2824 Atqui
985 2752 1212 2809 sciebat
1238 2754 1404 2825 quod
1452 2755 1724 2811 mutandi
1764 2770 1886 2811 non
1916 2761 2134 2821 essent,

485 2843 740 2895 attamen
759 2839 981 2912 ubique
998 2841 1164 2913 quod
1179 2857 1356 2896 suum
1384 2848 1476 2898 est
1501 2843 1655 2910 facit,
1686 2842 1955 2916 nihilque
1982 2859 2134 2915 prae-

483 2929 747 2984 termittit
775 2945 970 2985 eorum
998 2946 1135 3002 quae
1165 2932 1548 3008 conveniunt.

793 3035 944 3092 CAP.
972 3037 1059 3093 LI.
1095 3037 1181 3094 De
1209 3039 1427 3094 vocatis
1455 3038 1530 3095 ad
1561 3039 1826 3109 nuptias.

556 3139 710 3194 CAP.
760 3141 913 3206 XXII,
945 3143 1105 3198 Vers.
1157 3145 1209 3198 t.
1259 3145 1338 3200 Et
1382 3145 1735 3214 respondens
1762 3177 1832 3186 —
1870 3147 2033 3202 Vers.
2081 3147 2136 3201 3.

486 3228 702 3284 venire.
742 3230 1034 3286 Parabola
1063 3233 1407 3304 praecedens
1438 3249 1508 3289 ea
1566 3235 1839 3291 tractavit
1869 3252 1994 3307 quae
2059 3235 2138 3290 ad

485 3317 833 3375 Passionem
872 3335 1063 3393 usque
1089 3323 1485 3394 contigerunt,
1521 3331 1664 3395 puta
1693 3325 1795 3379 Dei
1824 3324 2139 3396 providen-

485 3407 629 3464 tiam
647 3424 768 3480 qua
779 3409 959 3481 ergaJ
969 3411 1173 3466 udaaos
1187 3428 1331 3466 usus
1349 3418 1455 3478 est,
1472 3413 1901 3484 prophetarum
1915 3414 2132 3470 caedem

485 3500 542 3552 et
562 3497 800 3552 tandem
821 3497 1008 3569 ipsius
1030 3499 1347 3555 Salvatoris
1369 3500 1747 3556 occisionem.
1779 3504 1909 3557 Haec
1934 3509 2134 3558 autem

485 3599 622 3655 qua:
651 3600 810 3640 nunc
836 3587 1205 3656 proponitur,
1245 3603 1316 3643 ea
1344 3605 1476 3660 qua:
1503 3595 1637 3658 post
1667 3605 1903 3646 crucem
1951 3593 2134 3647 conti-

485 3676 696 3741 gerunt
722 3671 965 3738 indicat,
997 3689 1248 3743 regnum
1283 3676 1572 3731 caelorum
1601 3692 1824 3732 vocans
1857 3678 2049 3734 Deum
2077 3685 2136 3736 et

484 3761 740 3821 Patrem,
759 3761 996 3831 nuptias
1011 3777 1151 3818 vero
1170 3765 1488 3834 mysticam
1509 3765 1633 3820 Filii
1649 3767 2130 3837 conjunctionem

483 3847 563 3902 ad
590 3847 909 3904 Ecclesiam
939 3849 1328 3910 credentium.
1364 3851 1671 3924 Duplicem
1702 3861 1902 3911 autem
1927 3857 2130 3914 intelli-

483 3935 1041 4008 gimushujusmodi
1062 3940 1572 4010 conjunctionem,
1591 3947 1650 3997 et
1668 3958 1805 4014 qua:
1824 3944 1919 4000 hic
1940 3945 2004 4000 ﬁt
2029 3963 2133 4018 per

480 4023 664 4080 ﬁdem
689 4041 758 4082 ac
783 4027 1022 4082 virtutes
1051 4034 1320 4098 crateras,
1343 4035 1399 4086 et
1422 4046 1558 4102 quas
1583 4031 1697 4087 illic
1714 4034 1906 4104 magis
1931 4052 2132 4108 super-

479 4114 826 4171 naturaliter
845 4116 1209 4187 perficienda
1228 4123 1338 4174 est.
1361 4119 1422 4174 ld
1449 4125 1649 4176 autem
1671 4129 1844 4179 vocat
1867 4126 2132 4196 nuptias,

479 4208 607 4260 tum
639 4209 880 4278 propter
907 4205 1270 4263 desiderium
1294 4209 1462 4280 quod
1490 4209 1669 4267 habet
1684 4212 1761 4268 ad
1784 4213 2128 4282 Ecclesiam,

477 4295 607 4348 tum
639 4299 880 4366 propter
925 4293 1111 4367 ipsius
1143 4296 1411 4353 Ecclesiae
1455 4300 1764 4368 gaudium.
1828 4304 2132 4376 Siquidem

2229 446 2418 511 γωνίαν
2475 443 2691 501 ἐνόησαν
2754 451 2846 503 τὴν
2897 445 3224 511 Ἐκκλησίαν,
3285 449 3346 508 ὡς
3407 444 3725 520 συνδεσμοῦσαι

2230 535 2343 591 τοῦς
2383 537 2622 599 πιστούς,
2659 536 2869 596 ἧστινος
2912 535 2982 597 εἰς
3011 535 3227 606 κεφαλὴν
3254 540 3435 606 γέγονεν
3474 538 3495 587 ὁ
3536 545 3724 611 Χριστος,

2233 624 2411 686 εἶτουν,
2446 623 2634 693 κεφαλὴ
2675 628 2764 675 καὶ
2793 626 3003 699 ἄρχων.

2305 713 2454 784 Παρά
2533 717 2726 786 Κυρίου
2788 745 2858 754 —
2927 715 3093 785 ἡμῶν.
3150 717 3246 765 Καὶ
3300 721 3436 766 τοῦτο
3485 719 3612 789 μέρος
3664 724 3728 776 τῆς

2232 797 2498 872 εἰρημένης
2541 802 2856 872 προφητείας
2905 801 3066 866 ἐστὶν,
3115 798 3380 866 διδάσκον,
3421 804 3492 854 ὁτι
3533 809 3607 854 καὶ
3635 808 3730 854 κατὰ

2233 886 2488 960 βούλησιν
2542 894 2669 942 Θεοῦ
2711 897 2986 961 γενήσεται
3039 891 3168 949 αῦτη
3221 893 3250 949 ἠ
3298 895 3461 962 γωνία,
3509 897 3730 957 τουτέστιν,

2236 979 2262 1034 ἡ
2331 980 2580 1049 συνάφεια
2645 988 2742 1030 τῶν
2810 978 2965 1044 λαῶν,
3039 985 3126 1032 καὶ
3188 981 3577 1052 θαυμασθήσεται
3631 984 3735 1053 παρὰ

2233 1067 2454 1137 πάντων⁹
2511 1067 2570 1118 ού
2617 1072 2790 1140 μόνον,
2856 1071 2921 1122 ὡς
2980 1068 3416 1140 κεκαλλωπισμένη
3479 1077 3573 1129 ταῖς
3615 1088 3737 1120 ποικι-

2234 1153 2366 1216 λίαις
2414 1164 2512 1208 τῶν
2562 1156 2772 1232 ἀρετῶν,
2819 1156 2947 1210 ἀλλά
2993 1163 3102 1223 καὶ,
3160 1161 3226 1220 ὡς
3279 1158 3564 1230 ἰσχυροτέρα
3609 1162 3736 1216 πάσης

2239 1243 2479 1304 ἕπιϐουλῆ
2493 1267 2532 1307 ς.

2312 1338 2406 1386 Διά
2459 1342 2611 1387 τοῦτο
2677 1367 2744 1378 —-
2801 1336 2978 1396 αὐτῆς.
3035 1336 3301 1389 Βασιλείαν
3356 1344 3439 1387 τοῦ
3497 1341 3604 1387 Θεοῦ
3646 1334 3739 1404 λὲχει

2241 1429 2334 1482 τήν
2413 1422 2700 1482 ἐπισκοπὴν
2783 1433 2873 1476 τοῦ
2963 1430 3108 1494 Θεοῦ,
3184 1426 3265 1497 ὑφ’
3352 1426 3408 1486 ἧς
3484 1427 3743 1498 ἐφρουροῦντο

2240 1512 2420 1572 ’Ἐθνος
2447 1510 2506 1564 δὲ
2536 1521 2714 1564 ποιοῦν
2741 1518 2856 1574 τοῦς
2907 1513 3084 1576 ἀξίους
3124 1515 3282 1575 αὐτῆς
3311 1517 3532 1587 καρπούς,
3573 1517 3619 1563 τὸ
3642 1531 3743 1581 7m;

2239 1609 2338 1652 τῶν
2370 1609 2709 1676 Χριστιανῶν.

2315 1695 2413 1742 Καὶ
2494 1723 2562 1730 -
2629 1692 3104 1749 συνθλασθήσεται.
3161 1692 3220 1746 Ὀ
3289 1691 3567 1764 προσκόψας
3629 1689 3742 1757 αὐτῷ,

2240 1778 2420 1831 ἑαυτὸν
2452 1779 2666 1852 βλάψει,
2717 1786 2804 1833 καὶ
2835 1782 2927 1833 οῦκ
2959 1780 3164 1846 ἐκεῖνον,
3195 1783 3221 1833 ὁ
3250 1782 3586 1833 πεπόνθασινοί
3611 1777 3744 1852 ἀρχιε-

2240 1875 2341 1942 ρεῖς
2370 1873 2460 1920 καὶ
2490 1871 2539 1920 οἱ
2562 1877 2886 1942 γραμματεῖς
2914 1875 3003 1922 καὶ
3033 1873 3081 1922 οἱ
3108 1869 3439 1945 πρεσϐύτεροι
3462 1877 3539 1920 τοῦ
3559 1867 3675 1918 λινοῦ.

2311 1957 2421 2027 Ἐφ’
2454 1989 2521 1997 -
2553 1958 2726 2014 αὐτόν,
2762 1959 2870 2030 Ἐφ’
2901 1962 2953 2010 ὃν
2997 1959 3057 2010 ἄν
3110 1960 3225 2030 (6'2)
3273 1957 3494 2031 βαρήση,
3532 1960 3746 2018 τουτέστιν,

2245 2046 2283 2116 ᾧ
2327 2046 2386 2097 ἄν
2423 2045 2671 2119 ὀργισθῇ,
2720 2047 2954 2100 λεπτυντί
3003 2054 3093 2099 καὶ
3140 2044 3500 2120 διασκορπίσει
3529 2050 3602 2096 καὶ
3636 2042 3748 2105 ἐξολο-

2247 2137 2450 2209 θρευσει
2496 2136 2670 2200 αὐτὸν,
2705 2139 2731 2188 ὃ
2778 2141 2980 2208 γέγονεν
3017 2137 3088 2198 εἰς
3127 2137 3243 2188 ὅλον
3295 2140 3350 2188 τὸ
3395 2140 3522 2207 γένος
3556 2133 3645 2204 (63)
3683 2139 3748 2182 τῶν

2245 2219 2538 2289 Ἰουδαίων,
2592 2220 2888 2297 παραδοθὲν
2943 2225 3010 2285 εἰς
3054 2225 3354 2298 πολιορκίαν
3402 2225 3504 2295 (64)
3549 2229 3636 2282 τοῖς
3673 2220 3752 2270 Ῥω-

2244 2320 2454 2385 μαίκοίς
2486 2317 2863 2386 στρατεύμασι.

2320 2407 2419 2454 Καὶ
2467 2432 2534 2443 -
2570 2401 2734 2474 εἶχον.
2791 2409 3073 2474 Πανταχοῦ
3124 2407 3248 2464 τούς
3296 2401 3567 2475 ἀνθρώπους
3603 2395 3754 2469 φοϐοῦν-

2245 2511 2352 2555 ται,
2407 2497 2496 2543 καὶ
2567 2491 2626 2543 ού
2682 2495 2768 2543 τόν
2830 2496 2977 2544 Θεόν.
3041 2491 3178 2545 Ἀλλ’
3237 2493 3262 2544 ό
3465 2490 3651 2562 Χριστός
3691 2488 3752 2533 καὶ

2245 2582 2333 2640 τὰς
2386 2578 2678 2653 παραϐολὰς
2732 2578 2856 2644 εἶπε,
2917 2584 3006 2632 καὶ
3042 2585 3136 2638 τὴν
3193 2584 3493 2653 προφητείαν
3543 2577 3752 2645 ἐπῆγε-χει,

2249 2671 2331 2720 ἵνα
2362 2665 2717 2731 δειλιάσαντες
2765 2668 3106 2740 ἀηόσχωνται
3152 2679 3248 2730 τῆς
3294 2672 3535 2739 πονηρίας·
3578 2657 3755 2715 armis}:

2245 2757 2436 2830 μᾶλλον
2485 2758 2744 2818 ἐζήτησαν
2801 2757 2987 2810 ἀνελεῖν
3041 2758 3223 2812 αὐτόν.
3261 2763 3360 2812 Καὶ
3401 2762 3488 2829 μὴν
3527 2753 3756 2825 ἐγίνωσκενν

2248 2850 2314 2908 ως
2365 2847 2422 2898 ού
2474 2847 2976 2919 μεταϐληθησονται,
3032 2845 3158 2899 ἀλλά
3221 2854 3478 2918 πανταχοῦ
3521 2848 3565 2895 τό
3610 2841 3757 2892 ἑαυτοῦ

2247 2943 2401 3001 ποιεῖ,
2429 2933 2595 3007 μηδὲν
2623 2934 2859 2988 ἐλλείπων
2889 2945 2988 2988 τῶν
3014 2939 3369 2994 καθηκόντων.

2359 3049 2501 3097 ΚΕΦ.
2535 3043 2661 3096 NA'.
2695 3047 2818 3116 Περὶ
2843 3051 2939 3095 τῶν
2963 3043 3293 3115 καλουμένων
3326 3043 3394 3105 εἰς
3421 3046 3496 3094 τὸν
3521 3041 3670 3110 γάμον.

2321 3156 2418 3202 Καὶ
2491 3148 2789 3224 ἀποκριθεὶς
2855 3181 2922 3190 --
2979 3149 3158 3205 ὶλθείν.
3233 3151 3292 3204 ἰι
3357 3154 3439 3220 μὲν
3497 3148 3582 3221 πρὸ
3625 3142 3764 3194 ταύτης

2247 3238 2532 3312 παραϐολὴ,
2585 3243 2648 3290 τὰ
2721 3243 2883 3311 μέχρι
2952 3246 3042 3291 τοῦ
3097 3248 3334 3315 σταυροῦ
3386 3234 3646 3308 dir/prim,
3693 3224 3764 3278 οἶθν

2247 3334 2340 3387 τὴν
2371 3337 2461 3380 τοῦ
2488 3334 2613 3380 Θεοῦ
2664 3334 2927 3395 πρόνοιαν,
3052 3334 3185 3402 πρός
3238 3326 3515 3386 Ἰουδαίους
3556 3323 3763 3392 ἐκέχριτο,

2247 3423 2342 3476 τητ
2407 3421 2600 3470 τούτων
2667 3423 3130 3492 προφητοκτονίαν,
3209 3425 3302 3470 καὶ
3374 3417 3642 3475 τελευταῖον,
3704 3411 3766 3460 τήν

2248 3505 2508 3578 ἀναίρεσιν
2557 3514 2648 3558 τοῦ
2699 3514 2952 3578 Σωτῆρος.
3011 3507 3140 3565 Δύτη
3193 3505 3274 3572 δε,
3324 3509 3352 3565 ἡ
3386 3514 3468 3557 νῦν
3511 3513 3764 3574 προεειμῦξν

2245 3598 2310 3646 τὰ
2377 3597 2505 3666 μετὰ
2567 3598 2652 3646 τὸν
2714 3599 2936 3670 σταυρὸν
2994 3602 3372 3669 προσημαίνει,
3433 3591 3667 3666 βασιλείαν
3707 3602 3768 3654 νεά

2245 3685 2472 3754 οὐρανῶν
2523 3683 2857 3755 ὁνομάζουσα
2912 3689 2996 3736 τόν
3049 3689 3173 3738 Θεὸν
3228 3691 3319 3737 καὶ
3372 3685 3578 3754 Πάτίρα’
3627 3678 3768 3745 γάμθυς

2245 3769 2324 3839 δι,
2383 3778 2475 3830 τὴν
2527 3778 2787 3844 μυστικὴν
2847 3776 3123 3844 συνάφειαν
3197 3783 3290 3826 τοῦ
3361 3776 3480 3826 Υἱοῦ
3547 3771 3655 3840 πρὸς
3709 3780 3770 3815 τεν

2245 3862 2552 3920 Ἐκκλησίαν
2600 3871 2698 3913 τῶν
2743 3871 2959 3914 πιστῶν.
3013 3868 3200 3920 Διττὴν
3254 3860 3315 3915 δε
3363 3870 3562 3931 νοοῦμεν
3602 3860 3674 3910 τὴν
3701 3868 3766 3900 τοι·

2244 3954 2404 4009 αὐτην
2463 3953 2759 4024 συνάφειαν,
2819 3957 2910 4008 τήν
2964 3953 3053 4022 μιν
3103 3950 3334 4004 ἐνταῦθα
3385 3952 3652 4022 γινομένην,
3699 3937 3771 4011 [65)

2245 4037 2339 4092 διὰ
2390 4045 2616 4100 πίστεως
2684 4045 2773 4091 καὶ
2833 4038 3043 4112 ἀρετῶν,
3117 4046 3212 4098 τὴν
3295 4038 3358 4093 δι
3428 4040 3528 4091 ἐκεῖ
3586 4031 3767 4086 τελεσθε-

3062 4132 3272 4200 Γάμους
3361 4125 3420 4182 δί
3500 4129 3554 4178 τὸ
3619 4124 3776 4194 “Pili”

2243 4216 2408 4279 καλεῖ,
2464 4213 2558 4268 διὰ
2601 4235 2653 4268 τε
2683 4221 2768 4268 τόν
2800 4218 2959 4268 αὐτοῦ
3007 4219 3186 4286 πόθον,
3236 4220 3292 4270 ὃν
3343 4219 3458 4289 ἔχει
3502 4218 3616 4289 πρὸς
3649 4209 3775 4262 αὐτὴν.

2246 4133 2464 4200 σομένην
2535 4129 2940 4202 ύπερφυίστερον
2953 4173 2965 4185 ,

2243 4311 2330 4357 καὶ
2365 4303 2457 4357 διά
2486 4310 2578 4362 τὴν
2625 4303 2786 4366 αύτῆς
2827 4309 3023 4379 χαράν.
3073 4313 3173 4359 Καὶ
3223 4310 3329 4382 γὰρ
3364 4307 3506 4358 καὶὸ
3549 4296 3780 4359 Βαπτιετὲς

478 4386 534 4438 et
546 4383 812 4455 Baptista
823 4399 1114 4456 sponsum
1125 4385 1291 4441 illum
1306 4367 1646 4458 appellavit.
1665 4389 1878 4447 Servos
1891 4367 2117 4466 quoque

2243 4399 2458 4466 νυμφίον
2513 4394 2666 4446 αύτόν
2714 4401 3126 4468 προσηγόρευσε’
3177 4392 3409 4457 δούλους
3456 4392 3512 4447 δι
3558 4393 3670 4460 λέγει
3704 4389 3782 4436 τοὺς

477 4469 619 4527 dicit
655 4472 986 4544 apostolos,
1019 4473 1125 4546 qui
1155 4474 1418 4545 primum
1453 4475 1880 4549 Hierosolymis
1919 4481 2135 4538 docue-

478 4563 632 4612 runt.
657 4560 941 4616 lnvitatos
964 4577 1124 4626 vero,
1146 4562 1383 4618 Judteos
1403 4563 1507 4635 qui
1533 4563 1796 4636 primum
1827 4568 1899 4624 ad
1933 4569 2133 4640 hujus-

479 4645 642 4699 modi
669 4649 900 4718 nuptias
931 4648 1166 4706 fuerant
1205 4651 1450 4718 invitati,
1485 4652 1628 4708 olim
1652 4655 1898 4726 quidem
1938 4673 1975 4714 a
2005 4675 2137 4730 pro-

479 4732 691 4804 phetis,
722 4736 1113 4804 postmodum
1145 4755 1181 4795 a
1206 4740 1474 4812 Baptista
1502 4759 1516 4801 :
1548 4741 1844 4814 siquidem
1869 4747 1948 4802 ad
1974 4747 2135 4804 hunc

2245 4483 2585 4553 ἀποστόλους,
2647 4486 2828 4546 οἰτινες
2885 4493 3086 4556 πρῶτον
3140 4485 3191 4536 ἐν
3236 4484 3605 4559 Ἰεροσολύμοις
3650 4469 3782 4528 ἐδέξαο

2246 4573 2354 4636 ξαν·
2401 4572 2740 4644 κεκλημένους
2786 4569 2863 4637 δε,
2901 4578 3020 4634 τούς
3069 4571 3391 4639 Ἰουδαίους,
3437 4577 3487 4626 οῖ
3535 4564 3786 4643 προεκλήθτσ

2249 4681 2343 4714 σαν
2384 4661 2454 4722 εἰς
2499 4664 2619 4722 τοὺς
2662 4664 2922 4722 τοιούτους
2969 4665 3188 4734 γάμους,
3248 4662 3414 4715 πάλαι
3470 4665 3555 4735 μεν
3599 4659 3681 4708 ύπό
3717 4668 3783 4699 των

2247 4759 2542 4826 προφητῶν,
2577 4749 2787 4825 ύστερον
2820 4747 2879 4803 δε
2909 4752 3008 4803 ύπὸ
3050 4758 3142 4803 τοῦ
3170 4758 3496 4805 Βαπτιστοῦ·
3539 4752 3651 4821 πρὸς
3687 4739 3790 4812 (δωο

1695 4948 1919 5017 Variae
1950 4950 2276 5023 lectiones
2313 4961 2381 5022 et
2419 4963 2620 5021 notae.

550 5159 664 5246 {62)
709 5159 926 5246 Fonrma
952 5159 1238 5246 loquendi
1268 5166 1571 5246 insolens.
1613 5176 1965 5246 Bapszvergo
2000 5173 2062 5229 h.
2093 5173 2132 5246 l.

480 5229 573 5317 est
624 5229 730 5317 pro
770 5229 1243 5317 ﬁap‘fwcfimm.
1268 5237 1377 5309 Ἐφ’
1411 5244 1463 5317 εῖν
1503 5229 1721 5317 autem
1761 5229 1926 5308 dixit;
1969 5229 2136 5317 quod

480 5302 683 5389 itaAeSt‘
702 5302 964 5359 inte'xtu.
993 5306 1054 5389 In
1088 5302 1346 5388 mentem
1372 5309 1545 5389 alicui
1595 5315 1790 5389 venire
1820 5302 2005 5389 possil
2031 5315 2132 5389 βα-

481 5377 801 5460 ρυθυμῂίσῃη
857 5382 1099 5457 propter
1177 5378 1433 5460 vicinum
1503 5386 1750 5460 ὀργισθῇ.
1821 5377 1958 5442 ’8οά
2031 5377 2134 5460 ’βα-

481 5445 1495 5524 prisppilentenius‘quoque_videtur
1525 5445 1755 5524 legisse.

580 5505 670 5590 63)
693 5517 778 5579 Εἰς
809 5521 867 5590 τὸ
891 5505 1200 5590 Δὅλονῖιένοὶ,
1237 5521 1301 5576 B.

580 5519 670 5590 63)
693 5519 778 5579 Εἰς
809 5521 867 5570 τὸ
900 5519 1011 5571 ὅλον
1035 5522 1200 5590 γένος,
1237 5521 1301 5576 Β.
1581 5519 1610 5524 ’

556 5519 668 5659 ἱὸιδ
689 5594 770 5645 Ac
795 5589 843 5644 si
878 5585 1180 5664 διαρπαγὴν
1208 5591 1418 5663 legerit
1445 5594 1754 5669 interpres.

2341 5179 2408 5232 65
2472 5181 2794 5248 Γενομέένην,
2824 5177 2884 5231 Β,
3769 5237 3776 5250 1

2315 5175 2430 5316 ίϐὃζ
2455 5251 2579 5303 Non
2596 5248 2749 5316 cepit
2770 5264 3010 5304 sensum
3037 5249 3212 5316 hujus
3247 5248 3369 5306 loci
3398 5245 3704 5310 Hentenius,
3727 5247 3776 5290 Αυ

2340 5247 2427 5316 66)
2440 5251 2579 5324 .Non
2593 5247 3010 5324 eep_it_s_ensum
3037 5248 3369 5324 hujusAloci
3398 5247 3704 5310 Hentenius,
3727 5247 3794 5324 Afi-

2242 5322 2348 5383 τόν,
2369 5318 2615 5393 refertur
2640 5318 2713 5393 ad
2740 5319 3054 5384 Christum,
3079 5336 3182 5393 seu
3211 5322 3558 5393 Sponsum;
3585 5318 3796 5393 παρετπξξι·

2241 5408 2372 5462 nm,
2407 5390 2492 5462 ad
2526 5391 2850 5462 prophetas
2885 5397 2942 5447 et
2989 5384 3316 5462 Baptistain
3345 5410 3358 5459 ;
3395 5392 3599 5455 αὐτούς,
3621 5384 3700 5462 illi
3731 5384 3795 5459 ³,υ”

2241 5460 2432 5535 (Ἰξιξοεεἒ
2449 5455 2596 5535 Na'm
2619 5455 2924 5534 prophetae
2944 5467 2999 5518 et
3017 5455 3285 5535 Baptista
3303 5464 3331 5517 J
3342 5455 3545 5520 udmos
3564 5459 3637 5517 ad
3654 5455 3796 5514 Chris-

2241 5537 2367 5588 tum
2397 5531 2718 5590 ducebant.
