3904 6210
167 407 290 459 αὑτὸν
350 405 427 476 γὰρ
485 400 657 461 αὐτούς
726 406 1079 476 παρέπεμπονο
1162 404 1241 455 in
1310 398 1369 455 δὲ
1420 405 1506 454 καὶ
1565 399 1652 452 ὑπ’
1685 398 1730 451 Α

166 496 288 548 αύτοῦ
329 499 397 544 τοῦ
448 495 665 562 νυμφίου.
724 495 824 543 Καὶ
878 493 974 564 ὅρα
1032 495 1121 550 τὴν
1178 497 1365 544 κακίαν
1415 495 1504 564 μέν
1555 498 1654 542 τῶν

166 580 388 648 Ἰουδαίων,
454 578 740 650 ale/«96mm
814 576 874 633 δὲ
954 589 1047 634 τοῦ
1114 589 1371 655 Σωτῆρος.
1438 579 1656 634 Ἀνείλον

152 671 273 723 αύτόν
315 668 480 721 ἐκεῖνοι·
534 668 557 719 ὁ
617 663 676 720 δι
722 672 812 721 καὶ
865 676 1031 741 φονεῖς
1081 673 1227 731 ὄντας
1283 669 1442 723 αὑτοῦ
1505 668 1657 721 πάλιν

153 759 265 812 καλεῖ
302 760 407 833 πρὸς
452 756 756 829 εύφροσύνην
804 756 1030 827 αἰώνιον,
1095 761 1145 812 οἱ
1199 756 1258 812 δι
1314 756 1656 817 ἀποπηδῶσι.

206 950 329 1004 Itala
387 980 449 990 —
513 951 730 1023 γάμους.
802 956 1083 1026 Προτέρους
1136 953 1227 1026 μὶν
1283 948 1501 1013 δούλους
1556 956 1660 1005 νόει

146 1042 235 1100 τοὺς
267 1044 361 1111 πιρί
406 1041 602 1114 Πέτρονο
664 1041 910 1112 ὑστέρους
963 1037 1043 1109 δί,
1098 1044 1214 1103 τούς
1259 1046 1373 1116 περὶ
1433 1039 1656 1094 Παῦλον.

146 1128 332 1203 ⁴Αριστον
373 1124 423 1180 δε
460 1132 543 1181 καὶ
579 1130 805 1203 ταύρους
858 1134 948 1183 καὶ
999 1133 1212 1183 σιτιστὰ
1248 1131 1521 1203 τεθυμένα,
1560 1132 1658 1182 εῖτ-

144 1237 228 1283 ονν,
270 1216 623 1290 ηὐτρεπισμένα,
682 1221 875 1291 εῖρηκε,
930 1222 1065 1272 κατὰ
1109 1222 1168 1271 τὸ
1213 1218 1261 1271 έν
1311 1227 1416 1280 τοῖς
1471 1221 1658 1292 γάμοις

145 1308 246 1366 ἔθος.
284 1301 371 1358 Eia
414 1302 457 1357 δ’
512 1305 571 1357 ἃν
622 1313 795 1359 ταῦτα
837 1306 1059 1360 ἐνταῦθα
1100 1311 1211 1380 μεν,
1263 1310 1291 1367 ἡ
1343 1313 1508 1383 τρυφὴ
1557 1316 1658 1360 τῶν

142 1395 253 1445 θιίων
276 1389 531 1465 δογμάτων
584 1396 694 1447 έκεῖ
722 1392 801 1460 δε,
853 1397 883 1454 ἠ
928 1396 1161 1469 οὐράνιος
1190 1400 1355 1471 τρυφὴ
1405 1402 1492 1449 καὶ
1531 1395 1658 1449 ἀπὸ·

136 1482 289 1542 λαυσις.
325 1485 405 1535 Διά
448 1480 502 1536 δι
529 1491 631 1536 τῶν
677 1486 879 1559 ταύρων
928 1489 1015 1537 καὶ
1057 1494 1157 1537 τῶν
1202 1493 1450 1538 σιτιστὼν
1492 1489 1550 1537 τὸ
1582 1507 1655 1558 ενι-

136 1570 292 1643 λοτιμον
313 1576 389 1623 καὶ
409 1572 673 1636 πολυτελὲς
698 1581 794 1635 τῆς
823 1574 1053 1646 εὐωχίας
1078 1574 1394 1647 έμφαίνεται.

187 1766 236 1816 0i
296 1795 357 1807 —
418 1766 591 1822 αὑτοῦ.
683 1774 1169 1843 Καταφρονήσαντες
1237 1778 1329 1831 τῆς
1401 1769 1655 1835 κλήσεως,

132 1852 305 1909 ἀπῆλθον
342 1855 406 1917 εἰς
458 1859 523 1910 τὰ
558 1856 730 1910 οἰκεῖα
770 1860 917 1930 ἔργα,
966 1862 1257 1923 τουτέστιν,
1307 1862 1510 1931 εἴχοντο
1555 1868 1655 1911 τῶν

134 1947 351 2017 προτέρων,

175 2034 225 2082 Oi
270 2029 319 2085 δε
364 2032 525 2087 λοιποὶ
574 2063 639 2077 -·
706 2033 1031 2093 ἀπέκτειναν,
1094 2036 1165 2088 Ὠ
1214 2044 1305 2099 τῆς
1358 2036 1655 2109 ἀναισχυν-

124 2125 208 2180 τίας
231 2120 242 2175 ε
266 2122 315 2173 ού
358 2127 501 2194 μόνον
539 2124 639 2177 ούκ
669 2122 843 2189 ἦλθον,
876 2123 1006 2177 ἀλλά
1045 2130 1136 2178 καὶ
1173 2129 1292 2186 τούς
1330 2124 1653 2198 ἀπεσταλμέ-

120 2227 207 2269 νους
264 2214 377 2285 πρὸς
446 2211 635 2274 αύτούς
696 2212 918 2286 ῦϐρισαν
976 2219 1067 2267 καὶ
1152 2213 1471 2269 ἀπέκτειναν.
1555 2220 1656 2268 Καὶ

122 2294 157 2344 ἓν
198 2300 269 2366 μὶν
336 2307 392 2372 τῇ
467 2300 809 2375 προλαϐούση
879 2301 1149 2377 παραϐολῇ
1209 2306 1259 2356 οἱ
1322 2302 1657 2367 ἀπαιτοῦντες

122 2390 209 2446 τοὺς
246 2393 449 2459 καρπούς
498 2388 831 2464 ἐσφάγησαν·
884 2389 933 2443 έν
982 2395 1148 2464 ταύτῃ
1201 2388 1261 2445 δι
1308 2394 1356 2445 οἱ
1386 2392 1657 2456 καλοῦντες

120 2472 169 2532 Ii;
192 2478 285 2537 τοὺς
321 2480 530 2550 γάμους.
582 2484 653 2533 Tl
682 2482 874 2541 ταύτης
914 2487 1028 2534 ῖσον
1057 2488 1152 2543 τῆς
1196 2487 1418 2555 μανίας,
1449 2489 1608 2535 Ὅσον
1630 2484 1655 2534 ὁ

117 2558 312 2631 βασιλεὺς
365 2565 714 2641 έμακροθύμει
778 2574 868 2621 καὶ
929 2567 1422 2643 ἄφιλανθρωπεύετο,
1474 2579 1655 2624 τοσοῦ-

120 2667 184 2700 τον
214 2652 327 2705 οὗτοι
359 2654 730 2733 ἐσκληρύνοντο
766 2662 856 2710 καὶ
882 2658 1175 2733 ὴγρίαινον.

181 2762 258 2811 Καὶ
302 2762 509 2825 ἀκούσας
563 2795 643 2805 —
694 2762 987 2838 ένέπρησεν.
1045 2762 1157 2819 Ἴδε
1203 2763 1519 2839 κηδεμονίαν
1566 2775 1656 2822 καὶ

115 2850 415 2921 μακροθυμίαν
501 2854 725 2925 ἄφατον.
815 2853 1121 2926 Ἐφύτευσεν
1218 2854 1494 2927 ἀμπελῶνα
1566 2864 1655 2912 καὶ

117 2929 365 3008 ἔιπηρτισεν,
398 2938 605 3003 ἐξέδοτο
656 2941 813 2994 αὐτὸν
861 2950 1111 3016 γεωργοῖς
1152 2951 1245 2997 καῖ
1289 2942 1650 3019 ἀπεδήμησεν,

112 3018 348 3079 ἂιπέστιιλιν
386 3027 432 3081 έν
479 3038 656 3105 καιρῷ
701 3027 918 3092 δούλους
960 3030 1193 3085 ἀπαιτῶν
1240 3038 1360 3094 τοὺς
1397 3039 1648 3109 καρπούς.

110 3113 268 3163 Τούτων
322 3116 705 3191 ἀναιρεθέντων,
770 3118 1061 3174 ἀπέστειλεν
1112 3120 1316 3185 ἄλλους.
1371 3129 1470 3177 Καὶ
1530 3128 1650 3178 τού-
1686 3155 1728 3211 C

107 3216 182 3249 των
216 3210 504 3275 σφαγέντων,
560 3208 790 3280 ἔπεμψεν
841 3209 997 3263 αύτὸν
1048 3213 1137 3263 τὸν
1184 3213 1296 3264 υίόν
1355 3212 1515 3266 αύτοῦ
1562 3219 1649 3268 τὸν

108 3282 340 3354 ἀμητόν.
406 3296 508 3351 Καὶ
560 3299 753 3350 τούτου
816 3300 1161 3369 φονευθέντος,
1218 3301 1493 3373 ἠνέσχετο,
1559 3308 1649 3358 καὶ

102 3375 250 3443 μᾶλλον
292 3379 587 3448 ἀποστείλας
652 3382 889 3453 δούλους,
941 3387 1148 3441 ἐκάλεσε
1185 3392 1309 3451 τούς
1359 3398 1521 3462 φονεῖς
1582 3391 1649 3453 εἰς

104 3462 283 3536 τᾶωχίαν
337 3470 689 3534 ἀτελεύτητον.
748 3475 858 3528 Ούκ
918 3476 1179 3535 ἠθέλησαν
1243 3477 1423 3534 έλθείν.
1489 3478 1648 3531 Πάλιν

102 3556 261 3625 "iocus
298 3556 608 3619 ἀπέστειλεν.
663 3565 729 3616 Οἱ
778 3560 837 3618 δὴ
872 3570 962 3617 καὶ
1022 3569 1240 3630 τούτους
1281 3566 1494 3623 ἀνεῖλον.
1549 3572 1645 3622 Τό-

100 3658 139 3691 τε
202 3644 374 3719 λοιπὸν,
457 3655 522 3713 ὡς
611 3650 801 3706 ἀνίατα
880 3662 1182 3723 νοσοῦντας,
1256 3655 1455 3729 ἀναιρεῖ
1527 3662 1650 3721 τοὺς

98 3739 416 3813 πιμπότὸρους
463 3747 554 3795 καὶ
614 3744 860 3816 μιαρὸύς.
933 3748 1302 3819 Στρατεύματα
1359 3743 1418 3800 δι
1486 3748 1649 3801 αὐτοῦ

94 3837 177 3871 mu
234 3827 291 3875 τὰ
358 3834 731 3904 στρατεύματα
791 3841 891 3884 τῶν
943 3833 1225 3906 Ῥωμαίων·
1286 3838 1472 3899 πάντες
1545 3840 1647 3911 γὰρ

96 3915 174 4005 ξοῦ
214 3915 320 3966 Θεοῦ
360 3917 482 3970 εἰσιν
535 3924 678 3973 κατὰ
722 3924 809 3973 τὸν
855 3921 1001 3994 λόγον
1040 3931 1131 3985 τῆς
1181 3921 1549 3999 δημιουργίας
1591 3927 1644 3993 ἆ,

93 4002 166 4048 επὶ
238 4003 616 4063 Οὐεσπασιανοῦ
693 4014 784 4063 καί
868 4014 1044 4079 Τίτου,
1122 4019 1211 4066 καὶ
1286 4018 1402 4076 τούς
1482 4024 1646 4089 φονεῖς

91 4091 384 4185 ξατέτῩα-ξαν.
430 4103 520 4151 καὶ
571 4104 673 4158 τήν
721 4099 869 4152 πόλιν
923 4101 1107 4169 αὐτῶν,
1171 4106 1238 4155 τὰ
1287 4104 1641 4179 Ἰεροσόλυμα,

90 4191 346 4252 αηρησαν.

141 4287 247 4373 ΪΓοτε
290 4319 353 4332 -
412 4294 638 4366 γάμους.
694 4292 968 4360 Διεξόδους
1023 4306 1123 4350 τῶν
1175 4294 1312 4351 ὁδῶν
1367 4300 1499 4373 λέγει
1550 4305 1642 4367 τὰς
1677 4301 1723 4356 D

84 4369 222 4463 πολεις
267 4383 349 4429 καὶ
422 4387 609 4454 κώμας
680 4391 781 4435 τῶν
857 4383 1030 4438 έθνῶν.
1090 4385 1364 4450 Διεξὸδους
1426 4369 1485 4442 δε
1545 4400 1641 4444 τῶν

88 4453 199 4553 ᾔδη
244 4469 415 4529 ταύτας
464 4471 727 4543 ὠνόμασε,
784 4468 957 4531 δηλῶν
1006 4478 1063 4527 τὸ
1118 4476 1493 4551 ἀπερριμμένον
1542 4488 1640 4531 τῶν

86 4545 230 4602 ἐθνῶν.
270 4553 339 4606 Ἐν
379 4564 491 4620 ταῖς
534 4556 796 4622 διεξόδοις
824 4564 925 4633 γὰρ
970 4564 1019 4614 οἱ
1060 4545 1429 4639 ἀπερριμμένοι
1459 4587 1639 4621 κατοι-

84 4641 227 4724 κοῦσι.
271 4648 469 4717 Πρῶτον
661 4652 762 4724 γὰρ
812 4652 862 4702 οἱ
903 4650 1185 4705 ἀπόστολοι
1222 4662 1333 4716 τοίς
1368 4653 1640 4720 Ἰουδαίοις

81 4729 346 4799 αέρυσσον,
410 4738 484 4789 in
541 4737 671 4810 παρ’
722 4738 894 4800 αὐτοῖς
942 4745 1092 4802 ὄντεςο
1149 4740 1257 4796 έπιὶ
1301 4740 1359 4797 δε
1408 4742 1642 4804 ἀπηλαύ-

80 4830 212 4909 torto,
280 4828 403 4891 φησί
475 4830 612 4901 πρὸς
688 4826 877 4891 αύτούς
956 4830 982 4881 ὀ
1056 4830 1275 4893 Παῦλος·
1352 4835 1497 4902 ’Υμῖν
1577 4833 1638 4895 ἦν

79 4913 316 4995 “Pr/uias
572 4922 776 4987 πρῶτον
840 4916 1125 4977 λαληθῆναι
1184 4923 1271 4972 τὸν
1335 4921 1482 4995 λόγον
1543 4933 1636 4978 τοῦ

74 4994 200 5042 Θεοῦο
247 4995 419 5059 ἑπαδή
484 4999 550 5055 δε
624 5002 867 5069 ἀναξίους
930 5006 1142 5071 ἑαυτούς
1207 4994 1455 5084 έκρίνατε,
1516 5009 1633 5066 ἰδού

71 5086 355 5157 στριφόμεοα
380 5088 447 5152 ci;
475 5093 549 5144 τά
565 5093 707 5153 εονη.

126 5214 167 5248 ἰ
192 5220 450 5292 manu,
475 5226 579 5284 se.

986 276 1362 336 COMMENT.
1410 275 1479 332 IN
1522 272 1970 331 MATTH/EUM.
2014 309 2081 319 —
2120 278 2280 339 CAP.
2328 282 2509 339 XXII.

3317 285 3423 339 570

1766 399 2053 471 populum
2078 403 2235 475 ipsos
2255 422 2453 461 servos
2475 407 2802 463 transmisit
2836 423 2846 460 :
2872 410 3153 480 praetcrea
3183 421 3423 478 quoque

1765 492 1822 544 et
1850 488 1927 545 ab
1958 489 2089 563 ipso
2120 496 2600 566 sponso.Etvide
2624 496 2764 552 hinc
2790 496 3037 569 quidem
3076 495 3420 551 Judaaorum

1766 580 2140 651 pravitatem,
2188 583 2345 640 illinc
2376 589 2573 641 autem
2609 585 2925 642 Salvatoris
2956 583 3305 640 bonitatem.
3337 583 3421 641 Illi

1768 667 1925 724 enim
1965 670 2330 738 occiderunt,
2362 674 2483 745 ipse
2508 690 2648 730 vero
2680 690 2818 730 cum
2849 676 3050 729 essent
3076 672 3417 742 homicidas,

1768 771 2009 814 rursum
2047 767 2216 817 vocat
2248 778 2351 819 eos
2398 762 2475 819 ad
2508 762 2801 833 gaudium
2854 762 3306 835 sempiternum,
3338 760 3419 817 illi

1772 849 1973 901 autem
2006 847 2084 904 ab
2116 864 2186 905 eo
2211 850 2499 907 resiliunt.

1841 967 2003 1017 vers.
2034 957 2084 1019 4,
2113 956 2368 1012 Rursum
2393 988 2463 999 —
2488 957 2741 1025 nuptias.
2769 956 2994 1012 Priores
3022 956 3266 1028 quidem
3303 972 3419 1012 ser-

1770 1056 1877 1097 vos
1906 1041 2174 1114 intelligit
2204 1045 2465 1113 Petrum,
2506 1050 2561 1101 et
2586 1044 2688 1117 qui
2720 1060 2857 1100 cum
2884 1060 2955 1101 eo
2986 1048 3151 1100 erant
3183 1060 3198 1110 ;
3227 1049 3421 1115 poste-

1767 1128 1951 1185 riores
1991 1146 2127 1187 vero
2158 1132 2407 1189 Paulum
2443 1139 2498 1189 et
2550 1148 2718 1189 suos.
2779 1131 3100 1189 Prandium
3137 1137 3332 1188 autem
3365 1138 3423 1192 et

1769 1223 1971 1274 tauros
1992 1226 2047 1275 et
2074 1220 2257 1277 altilia
2285 1228 2547 1278 mactata
2568 1222 2691 1277 sive
2712 1226 2920 1293 parata
2949 1220 3095 1276 dixit
3114 1221 3285 1291 juxta
3306 1238 3422 1277 mo-

1769 1322 1894 1363 rem
1915 1309 2011 1380 qui
2036 1310 2255 1365 servari
2281 1311 2424 1366 solet
2452 1312 2509 1366 in
2543 1310 2782 1383 nuptiis.
2816 1313 2882 1366 Et
2910 1311 3000 1366 hic
3030 1309 3275 1382 quidem
3301 1310 3420 1365 dici

1769 1402 2020 1468 possunt
2062 1396 2281 1453 delicia:
2313 1400 2654 1455 divinorum
2687 1399 3039 1471 dogmatum
3076 1415 3089 1464 ;
3119 1398 3176 1453 in
3222 1398 3418 1454 futuro

1770 1489 1965 1540 autem
1991 1486 2229 1542 caeleste
2260 1488 2549 1556 gaudium
2578 1503 2649 1543 ac
2666 1487 2891 1544 fruitio.
2925 1487 3033 1542 Per
3052 1490 3256 1541 tauros
3281 1503 3418 1543 vero

1768 1578 1823 1629 et
1852 1573 2031 1629 altilia
2066 1576 2399 1647 pretiositas
2430 1592 2498 1631 ac
2552 1574 2987 1645 magnificentia
3030 1575 3289 1631 convivii
3320 1575 3417 1629 de-

1768 1662 2049 1719 claratur.

1699 1752 1739 1805 Β
1838 1768 2003 1825 Vers.
2035 1770 2089 1824 5.
2123 1770 2223 1826 Illi
2242 1787 2511 1851 —suam.
2536 1773 2936 1843 Despexerunt
2964 1769 3414 1837 invitationem;

1765 1856 2040 1914 abierunt
2060 1858 2138 1913 ad
2164 1858 2408 1931 propria
2419 1875 2620 1931 opera,
2636 1859 2751 1915 hoc
2779 1864 2886 1930 est,
2902 1858 3123 1914 detenti
3147 1863 3284 1913 sunt
3303 1857 3415 1923 his,

1765 1956 1896 2013 quas
1920 1940 2120 2010 priora
2157 1958 2229 1998 ac
2266 1943 2497 2015 potiora
2520 1942 2848 2000 habebant.

1838 2031 1997 2086 Vers.
2026 2030 2083 2086 6.
2104 2031 2333 2103 Reliqui
2345 2047 2480 2088 vero
2511 2062 2579 2071 —
2598 2032 2962 2086 occiderunt.
3013 2030 3057 2085 Ο
3104 2029 3415 2097 impuden-

1768 2118 1908 2175 tiam
1943 2119 1957 2174 ι
1991 2134 2111 2175 non
2143 2118 2337 2175 solum
2374 2135 2493 2175 non
2523 2123 2831 2184 venerunt,
2867 2117 2974 2174 sed
3004 2122 3061 2173 et
3083 2133 3184 2173 eos
3210 2117 3314 2191 qui
3338 2116 3418 2173 ad

1767 2223 1831 2263 se
1850 2207 2012 2264 missi
2029 2212 2217 2274 erant,
2250 2207 2608 2263 contumelia
2627 2206 2950 2263 affecerunt
2976 2212 3032 2263 et
3055 2206 3414 2263 occiderunt.

1767 2298 1832 2353 Et
1848 2297 1905 2351 in
1921 2296 2279 2368 praecedenti
2300 2296 2540 2368 quidem
2554 2296 2845 2370 parabola
2863 2295 2942 2352 illi
2970 2295 3228 2367 jugulati
3255 2301 3413 2361 sunt,

1764 2385 1868 2458 qui
1897 2383 2121 2441 fructus
2138 2384 2503 2457 repetebant,
2527 2385 2587 2441 in
2604 2385 2718 2442 hac
2729 2392 2929 2441 autem
2952 2385 3056 2459 qui
3085 2384 3162 2441 ad
3180 2385 3417 2457 nuptias

1764 2473 2084 2530 vocabant.
2104 2474 2255 2540 Quid
2280 2474 2421 2530 huic
2450 2474 2700 2531 insanire
2738 2474 2965 2547 aequari
2996 2475 3205 2546 poterit
3231 2474 3262 2528 ?
3287 2476 3417 2540 Quo

1766 2562 1961 2632 magis
1982 2578 2084 2618 rex
2101 2562 2332 2635 patiens
2348 2568 2437 2619 est
2460 2568 2516 2619 et
2553 2563 2857 2629 humanis,
2879 2579 2950 2619 eo
2993 2564 3264 2620 duriores
3291 2564 3417 2620 efﬂ-

1765 2650 2003 2708 ciuntur
2029 2651 2091 2708 hi
2124 2667 2195 2707 ac
2224 2651 2554 2709 ferociores.

1836 2760 1994 2815 Vers.
2008 2762 2062 2816 7.
2079 2759 2340 2831 Cumque
2351 2791 2419 2801 —
2433 2760 2757 2816 succendit.
2772 2758 2916 2815 Vide
2930 2758 3413 2829 gubernationem

1766 2848 1893 2919 (uu)
1916 2864 1987 2904 ac
2001 2848 2373 2905 tolerantiam
2392 2849 2771 2905 ineffabilem.
2788 2848 3072 2904 Plantavit
3101 2848 3341 2904 vineam
3357 2856 3415 2905 et

1764 2937 1840 2992 ad
1873 2937 2191 3009 perfectum
2236 2938 2547 3010 perduxit;
2582 2937 2825 2994 tradidit
2861 2953 2988 2994 eam
3026 2936 3323 3009 agricolis,
3359 2941 3416 2994 et

1762 3041 2008 3098 peregre
2047 3028 2343 3098 profectus
2373 3032 2478 3083 est.
2534 3028 2742 3086 Emisit
2778 3028 2839 3083 in
2890 3032 3154 3099 tempore
3208 3042 3414 3084 servos

1760 3120 2035 3187 repetens
2057 3115 2281 3171 fructus
2305 3116 2428 3171 :his
2450 3115 2785 3181 interfectis,
2805 3116 3003 3171 emisit
3019 3116 3169 3174 alios
3194 3133 3208 3183 ;
3233 3117 3413 3175 etiam

1758 3202 1853 3259 his
1879 3203 2185 3274 jugulatis,
2232 3220 2412 3259 suum
2480 3203 2639 3260 misit
2693 3203 2885 3260 ﬁlium
2932 3205 3211 3261 dilectum
3244 3222 3258 3271 ;
3290 3221 3413 3277 quo

1757 3292 1937 3348 etiam
1991 3292 2291 3365 jugulato,
2352 3293 2639 3365 patienter
2703 3293 3175 3359 sustinuit;imo
3215 3294 3413 3350 missis

1758 3380 1945 3437 servis
1985 3380 2323 3438 homicidas
2352 3381 2431 3437 ad
2462 3382 2752 3454 gaudium
2782 3386 3071 3438 aeternum
3099 3382 3410 3449 invitavit;

1756 3470 2076 3527 noluerunt
2098 3470 2319 3529 venire.
2352 3474 2571 3527 Rursus
2597 3470 2747 3527 alios
2776 3470 2936 3526 misit
2967 3490 2982 3537 ;
3016 3470 3093 3526 illi
3126 3474 3329 3527 autem
3356 3474 3414 3527 et

1755 3557 1867 3615 hos
1890 3559 2333 3615 interfecerunt.
2350 3560 2514 3615 Tunc
2539 3559 2787 3616 demum
2803 3558 2978 3631 quasi
3000 3558 3412 3615 insanabiliter

1756 3653 2136 3717 aegrotantes,
2164 3648 2672 3704 occiditscelestos
2684 3664 2755 3704 ac
2781 3647 3204 3720 perditosillos.
3236 3647 3411 3704 Exer-

1756 3736 1908 3794 citus
1928 3753 2070 3794 vero
2126 3738 2257 3809 ejus
2321 3738 2579 3807 intellige
2636 3738 2926 3793 exercitus
2965 3740 3403 3794 Romanorum.

1758 3828 1978 3884 Omnes
2007 3827 2167 3883 enim
2213 3828 2315 3883 Dei
2364 3834 2505 3884 sunt
2546 3827 2773 3883 ratione
2807 3827 3121 3884 creationis
3160 3826 3264 3900 qui
3295 3826 3410 3883 sub

1756 3916 2114 3987 Vespasiano
2139 3920 2197 3972 et
2241 3916 2367 3973 Tito
2421 3917 2753 3973 homicidas
2774 3917 3146 3987 jugularunt,
3175 3933 3245 3974 ac
3273 3916 3412 3973 civi-

1756 4007 1939 4061 tatem
1969 4020 2176 4061 eorum
2209 4005 2613 4078 Hierosolyma
2643 4004 3099 4062 succenderunt.

1824 4305 1991 4362 Vers.
2033 4309 2087 4362 8.
2125 4308 2287 4362 Tunc
2315 4338 2383 4347 —
2412 4306 2574 4362 Vers.
2604 4310 2656 4361 9.
2707 4305 2956 4376 nuptias.
3030 4304 3231 4361 Exitus
3281 4305 3406 4361 via-

1751 4410 1886 4451 rum
1913 4394 2053 4451 dicit
2081 4394 2341 4451 civitates
2376 4400 2434 4451 et
2460 4394 2624 4450 vicos
2660 4392 2948 4464 gentium,
2995 4409 3131 4465 quae
3170 4391 3406 4450 vocavit

1752 4484 1953 4540 Exitus
1995 4484 2249 4549 viarum,
2282 4483 2630 4554 signiﬁcans
2662 4482 3055 4553 abjectionem
3089 4482 3358 4553 gentium
3387 4502 3401 4552 ;

1752 4571 1811 4626 in
1842 4571 2096 4628 exitibus
2125 4570 2287 4627 enim
2337 4571 2552 4643 abjecti
2607 4575 3073 4627 commorantur.
3137 4570 3404 4629 Primum

1751 4659 2049 4733 siquidem
2072 4659 2324 4732 apostoli
2348 4659 2565 4715 Iudaeis
2590 4658 3017 4732 praedicabant,
3038 4675 3177 4716 cum
3204 4659 3405 4716 adhuc

1749 4749 1912 4820 apud
1942 4765 2045 4805 eos
2070 4754 2283 4805 essent.
2318 4748 2644 4821 Postquam
2675 4753 2878 4805 autem
2920 4748 3051 4805 illos
3075 4750 3399 4818 ejecerunt,

1749 4838 1887 4894 dicit
1910 4838 1980 4893 lis
2000 4837 2258 4894 Paulus:
2303 4838 2473 4893 Vobis
2514 4839 2774 4908 oportuit
2800 4838 3063 4910 primum
3094 4838 3255 4911 loqui
3277 4854 3405 4896 ver-

1748 4926 1884 4983 bum
1911 4928 2024 4983 Dei
2051 4943 2064 4982 :
2098 4926 2236 5000 quia
2261 4932 2459 4983 autem
2489 4926 2768 4998 indignos
2797 4942 2895 4984 vos
2908 4928 3246 4999 judicastis,
3272 4943 3404 4985 ecce

1741 5016 2133 5074 convertimur
2158 5016 2239 5075 ad
2254 5021 2452 5088 gentes
2481 5017 2552 5073 ⁷⁸.

1256 5330 1484 5400 Varia
1521 5332 1849 5402 lectiones
1892 5344 2186 5403 etnotae.

124 5456 323 5551 Ita
355 5460 579 5521 laudat
600 5466 902 5541 Chrysost.
944 5475 984 5527 t.
1015 5472 1128 5539 VII,
1169 5486 1317 5545 pag.
1354 5474 1452 5531 681
1493 5479 1549 5531 Β.
1582 5476 1854 5534 Varietas
1887 5492 2025 5550 ergo
2064 5492 2189 5535 non
2222 5494 2291 5536 ex
2319 5479 2631 5538 codicibus
2671 5483 2957 5551 Aetnam,
2994 5481 3099 5538 sed
3147 5480 3395 5549 Chryso-

60 5530 241 5589 sterni.

119 5623 774 5698 (“Nisbet-nationem.
807 5640 1059 5699 Curam.

1918 5683 1941 5710 \
