3904 6210
496 236 595 293 571
1809 226 2157 285 EUTHYMII
2197 224 2526 282 ZIGABENI
3670 240 3751 293 572

566 359 743 432 Atqui
797 363 1119 432 postquam
1150 358 1467 414 resurrexit
1504 357 1785 423 Christus,
1818 355 2015 411 statim
2032 354 2143 409 hos
2175 354 2219 408 A

497 448 573 502 ad
623 451 828 519 gentes
883 446 1080 502 emisit
1132 447 1372 502 dicens:
1420 448 1638 503 Euntes
1694 446 1893 501 docete
1955 457 2145 498 omnes

496 543 694 606 gentes
727 538 794 589 9⁵.
830 535 1145 601 Quomodo
1177 552 1317 605 ergo
1344 536 1607 609 primum
1628 533 2143 605 Judaeispraedica-

494 629 704 679 verunt
740 626 767 679 ?
807 624 1017 681 Scribit
1059 626 1244 680 Lucas
1268 624 1418 681 libro
1474 630 1751 680 Actorum
1784 622 1969 696 quod,
2004 637 2141 677 cum

496 729 853 769 ascensurus
899 721 1051 769 esset
1111 714 1373 770 Christus
1415 715 1475 769 in
1524 714 1759 777 crelum,
1800 713 1946 768 dixit
1997 726 2138 783 apo-

495 800 657 857 stolis
674 819 685 856 :
700 804 742 856 A
755 802 1011 871 ccipietis
1028 804 1300 858 virtutem
1311 802 1997 873 supervenienteSpiritu
2014 816 2143 855 san-

494 897 585 947 cto
617 908 795 960 super
818 907 938 955 vos,
992 900 1043 947 et
1083 893 1244 948 eritis
1267 893 1407 947 mihi
1435 898 1595 948 testes
1636 893 1699 946 in
1730 891 2066 955 Jerusalem,
2089 894 2142 944 et

491 980 553 1034 in
580 980 737 1034 omni
763 980 969 1035 Judaza
995 988 1045 1035 et
1076 980 1364 1045 Samaria,
1394 988 1446 1036 et
1473 995 1656 1052 usque
1698 980 1779 1035 ad
1820 986 2141 1036 extremum

494 1071 747 1123 terra“.
784 1071 925 1123 Ecce
943 1068 1251 1140 quomodo
1280 1068 1725 1138 signiﬁcaverit,
1749 1068 1911 1141 quod
1943 1084 1979 1124 a
2010 1068 2143 1123 Hie-

490 1156 808 1228 rosolymis
843 1156 1177 1213 inchoaturi
1208 1163 1427 1214 essent.

564 1352 727 1407 Vers.
767 1357 845 1407 10.
889 1355 951 1407 Et
1010 1354 1199 1409 bonos.
1255 1352 1441 1409 Malos
1495 1357 1766 1409 nominat
1817 1353 1978 1409 malis
2053 1370 2141 1409 as-

490 1445 711 1505 suetos,
735 1446 837 1497 aut
890 1441 1351 1513 intemperantes
1375 1442 1434 1497 in
1466 1441 1877 1498 affectionibus
1906 1461 1919 1509 ;
1950 1444 2141 1499 bonos

488 1545 625 1584 vero
680 1530 979 1602 simplices
1039 1548 1108 1588 ac
1173 1537 1567 1603 temperantes
1622 1532 1697 1587 ad
1770 1533 2142 1589 irrationales

489 1619 768 1691 impetus,
785 1620 1005 1691 quibus
1026 1621 1201 1675 simul
1217 1621 1489 1676 omnibus
1513 1622 1983 1693 praedicaverunt
2000 1638 2141 1694 apo-

490 1708 645 1771 stoli,
676 1724 885 1763 omnes
905 1724 974 1764 ex
1006 1725 1181 1783 aequo
1212 1710 1531 1766 invitantes
1550 1710 1621 1766 ad
1648 1710 2137 1783 conjunctionem

489 1813 627 1852 cum
687 1797 936 1864 Christo,
985 1803 1039 1854 et
1084 1815 1216 1854 eam
1274 1816 1406 1871 quae
1441 1799 1499 1855 in
1531 1798 1780 1871 presenti
1838 1800 2053 1856 saeculo
2085 1804 2141 1856 et

486 1900 621 1956 quae
662 1886 766 1940 erit
798 1886 855 1940 in
890 1885 1105 1942 futuro.

558 1992 722 2047 Vers.
778 1994 862 2046 10.
916 1994 993 2049 Et
1050 2026 1118 2034 —-
1183 1996 1338 2050 Vers.
1406 1996 1868 2065 ll.nuptialem.
1931 1998 2137 2053 Dicens

486 2080 650 2151 quod
676 2078 936 2151 impletas
977 2086 1115 2138 sunt
1144 2083 1366 2153 nuptiae
1390 2082 1511 2139 sive
1527 2084 1743 2141 domus
1766 2085 2133 2157 nuptiarum,

489 2167 846 2238 signiﬁcavit
890 2170 1045 2241 quod
1104 2170 1273 2227 multi
1320 2171 1641 2242 ingressuri
1674 2179 1813 2229 sunt
1838 2191 2028 2247 usque
2059 2176 2137 2232 ad

487 2258 1312 2317 mundiconsummationem.
1333 2264 1394 2316 In
1413 2262 1681 2333 sequenti
1699 2278 1839 2319 vero
1852 2263 2138 2335 parabole

486 2346 661 2402 docet
689 2346 762 2403 de
793 2348 989 2403 futuro
997 2349 1242 2419 judicio.
1274 2354 1355 2407 Tu
1378 2357 1577 2407 autem
1606 2352 1751 2407 nihil
1780 2352 2135 2426 profundius

490 2436 785 2507 scruteris,
809 2440 950 2509 puta
981 2438 1117 2510 quis
1145 2439 1219 2495 sit
1244 2456 1504 2512 sponsus
1537 2446 1593 2497 et
1617 2442 1927 2513 quomodo
1958 2443 2135 2501 simul

488 2541 620 2581 cum
651 2527 925 2583 decenter
949 2528 1173 2584 ornatis
1203 2528 1508 2599 ingressus
1538 2536 1623 2587 est
1656 2532 1708 2587 is
1747 2533 1853 2605 qui
1885 2532 2135 2604 nuptiali

2331 357 2429 406 Καὶ
2494 358 2597 425 μὴν
2664 356 2894 416 αναστὰς
2945 355 2971 406 ὁ
3038 356 3259 428 Χριστὸς
3318 354 3369 406 ἐκ
3432 366 3594 429 νεκρῶν
3640 361 3753 424 εὐθὺς

2256 444 2321 502 εἰς
2396 445 2461 493 τὰ
2531 444 2647 501 ἔθνη
2720 447 2930 505 τούτους
2988 442 3343 514 ἐξαπέστειλεν,
3403 444 3553 497 εἰπών’
3612 454 3755 522 Πορευ-

2256 533 2423 592 θέντες
2532 535 2896 603 μαθητεύσατε
3021 536 3184 585 πάντα
3302 536 3361 584 τὰ
3460 537 3579 592 ἔθνη.
3673 542 3753 599 Πῶς

2252 617 2339 672 οὖν
2385 630 2584 693 πρῶτον
2632 629 2736 682 τοῖς
2776 618 3054 683 Ἰουδαίοις
3102 621 3363 693 ἐκήρυξαν,
3404 625 3566 696 γράφει
3605 630 3755 685 Λουκᾶς

2252 706 2299 758 ἐν
2475 708 2652 783 βιβλῳ
2700 720 2798 763 τῶν
2850 710 3108 783 Πράξεων·
3156 713 3229 763 ὅτι
3278 710 3453 783 μέλλων
3514 714 3535 762 ὁ
3583 718 3753 785 Χριστός

2254 795 2541 850 ἀναϐαίνειν
2612 800 2682 861 εἰς
2751 802 2837 852 τὸν
2886 800 3121 875 οὐρανὸν,
3180 796 3283 852 εἷπε
3327 806 3425 859 τοῖς
3490 798 3751 863 ἀποστόλοις⁴

2256 886 2500 956 Λήψεσθε
2574 884 2819 961 δύναμιν,
2883 888 2969 942 ἐπε
3040 889 3242 949 λθόντος
3298 896 3383 940 τοῦ
3453 889 3581 960 ἁγίου
3643 895 3753 943 Iler-

2252 995 2414 1047 ματος
2485 974 2558 1048 ἐφ’
2624 979 2775 1050 ὑμᾶς,
2834 981 2923 1031 καὶ
2994 981 3173 1031 ἔσεσθέ
3228 996 3311 1051 μοι
3359 980 3604 1052 μάρτυρες,
3645 982 3682 1030 ἓν
3717 999 3753 1031 τε

2256 1065 2600 1139 Ιερουσαλὴμ,
2657 1070 2746 1120 καὶ
2799 1065 2846 1119 ἐν
2899 1069 3045 1140 πάσῃ
3110 1075 3172 1139 τῇ
3236 1062 3457 1139 Ἰουδαίᾳ
3502 1072 3578 1119 καὶ
3631 1074 3753 1139 Σαμα-

2252 1159 2383 1226 ρείᾳ,
2435 1159 2523 1207 καὶ
2579 1157 2671 1219 ἕως
2724 1154 2957 1228 ἐσχάτου
3010 1166 3104 1219 τῆς
3156 1164 3270 1228 γῆς.
3328 1152 3458 1208 Ἰδοὺ
3510 1152 3752 1221 δεδήλωκεν,

2252 1245 2332 1295 ὅτι
2358 1243 2597 1315 ἄρξονται
2632 1246 2733 1298 ἀπὸ
2757 1245 3116 1319 Ἰερουσαλήμ.

2327 1338 2426 1385 Καὶ
2486 1366 2553 1374 --
2621 1333 2871 1405 ἀγαθούς,
2958 1339 3217 1407 Πονηρους
3269 1334 3493 1406 ὀνομάζει
3541 1337 3639 1394 τοὺς
3694 1352 3755 1383 κα.

2251 1424 2477 1487 κοὴθεις,
2530 1427 2557 1481 ἦ
2603 1428 2720 1485 τοὺς
2764 1423 3000 1499 ἀκρατεῖς
3053 1423 3099 1476 ὲν
3152 1431 3263 1485 τοῖς
3318 1424 3537 1476 πάθεσιν·
3589 1421 3757 1493 ἀγαθοὺς

2254 1509 2331 1573 δὲ,
2382 1517 2502 1573 τοὺς
2550 1512 2763 1579 ἁπλοῦς,
2811 1516 2839 1572 ᾖ
2893 1517 3013 1574 τοὺς
3065 1512 3325 1589 ἐγκρατεῖς
3378 1512 3422 1564 ἐν
3467 1519 3568 1571 ταῖς
3606 1510 3757 1579 ἀλόγοις

2251 1603 2456 1675 ὁρμαῖς,
2495 1603 2571 1664 οἷς
2618 1604 2747 1675 ὁμοῦ
2787 1610 2945 1655 πᾶσιν
2992 1601 3247 1676 ἐκήρυξαν
3276 1605 3323 1655 οἱ
3365 1600 3629 1665 ἀπόστολοι,
3664 1601 3755 1651 πάν-

2248 1712 2337 1753 τας
2423 1692 2607 1753 ἐπίσης
2700 1692 2971 1754 καλοῦντες
3055 1693 3128 1754 εἰς

2248 1788 2503 1853 Χριστοῦ,
2553 1787 2647 1840 τήν
2704 1801 2757 1834 τε
2809 1781 2857 1834 ἐν
2919 1790 2990 1853 τῷ
3040 1788 3129 1833 νῦν
3186 1782 3353 1850 αἰῶνι,
3400 1785 3482 1832 καὶ
3520 1783 3599 1837 τὴν
3634 1777 3672 1829 ἐν
3706 1784 3754 1845 τῷ

3203 1697 3296 1750 τὴν
3380 1694 3622 1763 συνάφειαι
3691 1695 3754 1739 τόν

2246 1870 2499 1943 μέλλοντι.

2320 1973 2417 2022 Καὶ
2476 2002 2543 2009 -
2615 1972 2810 2041 γάμου.
2874 1970 3063 2034 Εἰπὼν,
3121 1971 3202 2022 ὅτι
3268 1968 3486 2026 ἐπλήσθη
3543 1968 3564 2017 ὁ
3617 1967 3753 2036 γάμος,

2247 2058 2426 2129 ἡγουν,
2451 2059 2476 2109 ὁ
2519 2065 2747 2131 νυμφὼν,
2798 2058 3074 2131 ἐστήμανεν
3123 2060 3206 2111 ὅτι
3247 2058 3419 2111 πολλοὶ
3460 2054 3756 2108 εἰσελεύσονται

2246 2152 2409 2222 μέχρι
2456 2155 2550 2209 τῆς
2598 2156 2689 2200 τοῦ
2732 2151 2932 2219 κόσμου
2986 2148 3297 2209 συντελείας.
3335 2146 3412 2200 Ἐν
3457 2142 3511 2197 ο⁸⁴ε
3542 2152 3601 2213 τῷ
3626 2141 3756 2214 ἐφεξῆς

2246 2246 2338 2298 τῆς
2368 2236 2669 2310 παραϐολῆς
2716 2234 2752 2289 δ
2758 2236 2813 2289 ιδ
2817 2257 2966 2289 ασκει
2997 2243 3116 2312 περὶ
3148 2246 3247 2298 τῆς
3291 2236 3559 2309 μελλούσης
3583 2237 3754 2304 κρίσεωςο

2246 2329 2311 2377 Σὺ
2361 2324 2418 2377 δὲ
2466 2322 2633 2398 μηδὲν
2680 2326 3100 2399 πολυπραγμόνει
3150 2325 3454 2398 βαθύτερον,
3504 2319 3609 2386 οἷον,
3649 2319 3753 2378 τίςὸ

2244 2420 2472 2486 νυμφὼνν
2524 2420 2612 2467 καὶ
2664 2426 2773 2478 πῶς
2831 2416 3133 2474 συνεισῆλθε
3189 2422 3297 2475 τοῖς
3348 2412 3757 2467 κεκαλλωπισμένας

2244 2506 2269 2556 ὁ
2328 2503 2731 2570 ἁκαλλώπιστος,
2790 2511 2879 2557 καὶ
2938 2508 2981 2558 εἴ
3038 2525 3088 2557 τι
3153 2512 3407 2558 τοιοῦτον.
3481 2494 3755 2556 Ἐπαίνδννος

486 2620 701 2671 ornatu
721 2616 978 2681 carebat,
1007 2621 1061 2674 et
1092 2618 1139 2672 si
1186 2620 1332 2690 quid
1372 2625 1459 2676 est
1524 2620 1731 2677 simile.
1802 2622 2134 2679 Periculosa

2245 2597 2342 2667 γὰρ
2398 2598 2426 2653 ἡ
2483 2598 2675 2647 τούτων
2725 2595 2972 2659 ἐξέτασις,
3038 2591 3131 2647 διά
3196 2614 3252 2647 τε
3302 2598 3391 2652 τὴν
3461 2589 3654 2644 ἄϐυσσσι
3693 2592 3756 2644 τῆς

2249 2686 2273 2703 Α
2388 2689 2397 2703 ν
2558 2686 2567 2701 ³
2623 2694 2639 2701 υ
2824 2690 2836 2703 ι
2902 2681 2925 2703 ι
2960 2686 2971 2701 ς
3070 2689 3081 2703 .
3232 2685 3245 2701 ι
3416 2687 3426 2703 ,
3530 2688 3600 2703 AAL
3638 2695 3739 2703 ____

485 2704 645 2761 enim
678 2709 765 2760 est
793 2705 1002 2762 talium
1033 2681 1357 2778 indagatio,
1400 2714 1459 2765 et
1488 2716 1729 2784 propter
1766 2712 2134 2784 profundita-

2246 2686 2461 2754 θεωρίας
2508 2686 2695 2753 αὐτῶν,
2746 2690 2836 2736 καί
2890 2681 2983 2737 διὰ
3027 2689 3118 2743 τὴν
3179 2685 3480 2755 αὐτονομίαν
3526 2688 3600 2739 τῆς
3636 2695 3755 2749 παρα-

488 2802 613 2850 tum
644 2796 1059 2865 speculationis
1098 2795 1357 2864 illorum,
1413 2804 1469 2855 et
1514 2806 1758 2872 propter
1803 2801 2133 2858 libertatem

486 2883 811 2957 parabolae,
840 2886 1499 2961 suamquelegem(vv).
1530 2889 1833 2963 Siquidem
1858 2891 1916 2947 id
1941 2890 2133 2949 solum

486 2973 841 3031 trahendum
872 2974 1134 3041 esthinc,
1169 2977 1330 3049 quod
1361 2978 1665 3034 neminem
1704 2996 1981 3037 securum
2007 2998 2135 3038 esse

485 3068 777 3135 oporteat,
809 3079 879 3119 eo
906 3064 1069 3137 quod
1100 3064 1177 3120 ad
1204 3067 1441 3139 nuptias
1472 3068 1790 3142 intraverit,
1825 3070 1952 3127 sola
1984 3072 2136 3127 vide-

486 3151 618 3208 licet
647 3152 708 3209 in
748 3152 1044 3209 Christum
1072 3154 1187 3211 ﬁde
1230 3173 1245 3222 ;
1278 3156 1381 3213 sed
1413 3163 1736 3232 postquam
1778 3160 2135 3233 baptismate

486 3240 723 3298 ablutus
749 3250 853 3307 est,
897 3259 1050 3315 opus
1081 3250 1170 3301 est
1218 3251 1397 3312 veste,
1430 3248 1608 3304 etiam
1641 3250 1892 3322 nuptiali
1947 3251 2131 3317 indui,

483 3329 597 3387 hoc
627 3336 729 3397 est,
753 3337 1033 3389 ornatum
1072 3350 1199 3391 esse
1232 3351 1301 3392 ac
1354 3337 1605 3407 dignum
1647 3338 1853 3395 futuris
1883 3341 2130 3413 nuptiis.

484 3419 583 3476 Est
608 3426 806 3477 autem
820 3422 946 3478 haec
973 3424 1145 3479 vestis
1171 3428 1225 3480 et
1254 3431 1522 3493 ornatus,
1556 3428 1671 3483 vita
1689 3445 1838 3500 pura
1860 3446 1928 3485 ac
1948 3430 2135 3502 splen-

483 3508 646 3575 dida,
674 3510 735 3565 in
771 3511 1020 3566 modum
1052 3513 1228 3567 vestis
1261 3514 1574 3570 virtutibus
1597 3522 1891 3573 contexta.

555 3598 865 3652 Hominem
924 3599 1123 3671 itaque
1170 3616 1291 3657 non
1337 3604 1607 3660 vestitum
1655 3610 1817 3661 veste
1857 3608 2129 3680 nuptiali,

483 3685 1063 3757 appellavitomnem
1093 3688 1405 3747 hominem
1436 3694 1675 3762 indigne
1702 3701 2002 3752 ornatum.
2029 3698 2133 3754 Ve-

484 3772 586 3828 stis
617 3788 753 3827 vero
786 3788 906 3829 non
937 3775 1237 3847 nuptialis,
1265 3779 1385 3834 vita
1408 3785 1495 3836 est
1514 3781 1759 3840 sordida
1790 3789 1846 3839 et
1870 3784 2128 3856 impura.
2162 3778 2207 3832 Π

482 3861 756 3917 Amicum
785 3868 985 3919 autem
1015 3864 1160 3921 dixit
1227 3872 1427 3939 utpote
1486 3868 1908 3940 Christianum,
1941 3891 2130 3948 quan-

482 3966 668 4023 quam
683 3949 1036 4021 indignetali
1050 3955 1447 4028 appellatione
1466 3966 1939 4020 conversantem.
1960 3967 2131 4039 Atqui

482 4054 589 4111 per
640 4041 891 4108 gratiam
923 4058 1132 4098 omnes
1185 4048 1419 4103 vocavit
1453 4052 1803 4120 :quomodo
1851 4069 1993 4123 ergo
2029 4071 2131 4111 eos

484 4131 818 4186 scrutatur?
835 4131 1271 4196 Quiaconvenit
1298 4135 1477 4191 etiam
1496 4153 1632 4193 eum
1664 4140 1764 4211 qui
1787 4143 1864 4197 ad
1890 4144 2130 4215 nuptias

481 4222 729 4274 vocatus
757 4221 1037 4290 est,regio
1051 4227 1259 4278 ornatu
1272 4226 1518 4282 omnino
1544 4228 1793 4299 ingredi,
1823 4236 1879 4287 et
1902 4232 2129 4289 decenti

482 4308 653 4375 stola,
688 4310 892 4378 gratias
930 4312 1255 4367 vocationis
1283 4316 1664 4387 respondere.
1700 4322 1761 4373 tn
1781 4321 2127 4393 corruptibi-

480 4397 638 4454 libus
653 4399 799 4455 enim
814 4400 1036 4472 nuptiis
1050 4404 1412 4474 respondere
1425 4406 1717 4479 quispiam
1730 4416 1946 4481 posset,
1964 4410 2128 4484 quod

482 4489 667 4559 digna
702 4491 852 4546 stola
899 4491 1154 4548 difﬁcilis
1206 4493 1452 4550 inventu
1484 4496 1632 4553 foret
1662 4514 1673 4563 ;
1709 4500 1766 4555 in
1792 4500 1884 4556 his
1929 4506 2129 4559 autem

482 4576 1031 4648 incorruptibilibus
1045 4582 1265 4654 nuptiis
1280 4582 1477 4640 ablata
1491 4590 1577 4642 est
1591 4588 1785 4644 omnis
1804 4591 2123 4646 excusatio.

483 4666 548 4718 In
573 4666 841 4736 proximo
857 4684 1119 4743 namque
1143 4676 1232 4729 est
1262 4680 1509 4730 ornatus
1541 4692 1610 4734 ac
1633 4677 1875 4735 inventu
1904 4679 2085 4736 facilis
2110 4698 2123 4737 :

555 4841 605 4875 ⁸⁸
628 4842 832 4899 Matth.
870 4860 1029 4912 χχιιι,
1065 4847 1152 4905 19.
1232 4851 1279 4885 ⁹⁶
1310 4853 1433 4907 Act.
1464 4867 1503 4919 ι,
1536 4853 1590 4912 8.

2246 2772 2420 2835 ϐολῆς·
2465 2778 2616 2845 μόνον
2656 2771 2715 2827 δὲ
2753 2774 2976 2827 ἐντεῦθεν
3017 2773 3181 2847 ἁρύου
3227 2778 3288 2825 τὸ
3331 2778 3587 2845 γινώσκειν,
3622 2768 3686 2818 ὅτι
3715 2783 3757 2814 ου

2242 2868 2353 2935 χρή
2408 2882 2525 2915 τινα
2573 2863 2774 2938 θαρρεῖν
2831 2869 2970 2935 μόνῳ
3018 2871 3089 2933 τῷ
3131 2862 3299 2916 ἐλθεῖν
3349 2862 3414 2923 εἰς
3454 2859 3551 2917 τούς
3582 2858 3758 2938 γάμορς,

2246 2956 2432 3020 εἳτουν,
2482 2957 2609 3025 μόνη
2659 2961 2718 3025 τῇ
2773 2953 2844 3012 εἰς
2889 2956 3123 3027 Χριστὸν
3173 2958 3374 3017 πίστει,
3426 2948 3532 3011 ἀλλ’,
3561 2948 3649 2998 επεὶ
3687 2937 3762 2993 διὰ

2245 3048 2335 3093 τοῦ
2376 3040 2744 3114 βαπτίσματος
2798 3041 3119 3093 ἀπελούσατο
3167 3042 3308 3113 (68),
3356 3037 3435 3093 δεῖ
3468 3033 3762 3109 περιϐλεθῆναι

2244 3136 2333 3182 καὶ
2422 3126 2620 3203 ἔνδυμα
2690 3134 2937 3203 γαμικὸν,
2995 3133 3132 3196 ἤτοι,
3206 3129 3641 3198 κεκαλλωπισμένον
3698 3122 3762 3168 καὶ

2244 3221 2386 3283 ἄξιον
2456 3229 2555 3272 τῶν
2609 3220 2885 3293 μελλόντων
2955 3222 3157 3291 γάμων·
3219 3223 3333 3272 ἔστι
3398 3214 3453 3270 δι
3514 3222 3638 3267 τοῦτο
3680 3207 3763 3279 ﬂio;

2243 3312 2468 3385 καθαρὸς
2520 3314 2607 3362 καὶ
2659 3308 2914 3382 λαμπρός,
2963 3313 3151 3381 τρόπον
3206 3316 3427 3381 χιτῶνος
3474 3306 3762 3376 ὑφηγασμέθθς

2242 3399 2295 3462 ξξ
2328 3398 2389 3472 ἀρ
2397 3408 2537 3453 ετῶν.

2310 3612 2612 3686 Ἀνθρωπον
2688 3615 2776 3685 μεν
2856 3609 2963 3679 οὖν,
3046 3611 3141 3664 οὐκ
3228 3608 3553 3685 ἐνδεδυμένον
3621 3599 3765 3671 ἕνὸνμα

2240 3706 2413 3777 γάμου
2457 3707 2847 3775 προσηγόρευσε
2900 3701 3069 3754 πάντα
3132 3703 3407 3774 ἄνθρωπον
3467 3697 3654 3760 ἀναξίως
3703 3709 3762 3741 την

2239 3796 2408 3866 γάμου
2468 3791 2850 3865 ἐστολισμένον,
2930 3790 3039 3843 Οὐκ
3097 3787 3303 3863 ἔνδυμα
3358 3786 3416 3842 δε
3468 3790 3638 3861 γάμου,
3684 3779 3765 3851 βίος

2238 3884 2469 3958 ῥυπαρὸς
2527 3886 2614 3933 καὶ
2680 3880 2991 3954 ἀκάθαρτος.
3065 3880 3302 3955 Ἐταῖρον
3359 3876 3417 3931 δὲ
3472 3878 3607 3928 αὐτόν
3654 3886 3761 3929 nam

2241 3975 2307 4035 ὡς
2355 3976 2475 4031 τέως
2530 3972 2865 4045 Χριστιανὸν,
2930 3968 2972 4022 εἰ
3018 3974 3108 4021 καὶ
3173 3968 3395 4032 ἀναξίως
3441 3976 3529 4028 τῆς
3570 3976 3766 4039 προσηγα-

2240 4066 2352 4131 ρίας
2395 4063 2588 4121 ταύτης
2640 4058 3025 4111 ἐπολιτεύσατο.
3077 4064 3177 4111 Καὶ
3240 4063 3343 4131 μὴν
3409 4060 3584 4130 χάριτι
3627 4054 3763 4103 πάντας

2241 4148 2465 4201 ἐκάλεσεσ
2536 4157 2642 4209 πῶς
2714 4148 2800 4199 οὖν
2857 4146 3325 4221 ἀκριϐολογεῖταις
3385 4151 3518 4199 Διότι
3580 4144 3769 4213 προπῑει

2240 4242 2325 4290 τὸν
2382 4238 2451 4298 εἰς
2516 4240 2682 4309 γάμον
2758 4237 3030 4308 κληθέντα,
3088 4242 3179 4288 καὶ
3244 4236 3478 4308 μάλιστα
3535 4229 3766 4305 βασιλικὸν.

2238 4332 2620 4399 κεκοσμημένον
2680 4325 2941 4389 εἰσελθεῖν,
3002 4330 3090 4378 καὶ
3142 4324 3474 4398 ἀμείψασθαι
3529 4326 3611 4379 τήν
3660 4314 3769 4389 χάριν

2238 4425 2333 4477 τῆς
2379 4416 2609 4477 κλήσεως
2660 4424 2729 4486 τῷ
2778 4415 3130 4488 καλλωπισμῷ
3181 4424 3276 4477 τῆς
3337 4415 3540 4474 στολῆς.
3590 4410 3683 4462 Ἐπὶ
3712 4407 3769 4473 μὲν

2236 4508 2337 4580 γὰρ
2395 4514 2494 4558 τῶν
2563 4507 2797 4578 φθαρτῶν
2860 4507 3059 4577 γάμων,
3119 4507 3236 4575 ἔχοι
3306 4524 3383 4564 τις
3435 4504 3493 4554 οἷν
3556 4497 3771 4563 ἀπολογίαν

2236 4598 2326 4647 καὶ
2372 4600 2705 4667 συγγνώμην,
2753 4591 2846 4645 διὰ
2885 4598 2939 4646 τὸ
2978 4590 3340 4666 δυσπόριστον
3389 4592 3511 4646 εἶναι
3561 4596 3635 4647 τήν
3670 4584 3773 4644 ἀξῑυ

2241 4683 2450 4742 στολήνο
2508 4684 2592 4737 ἐπὶ
2641 4679 2699 4737 δι
2756 4690 2847 4735 τοῦ
2896 4681 3158 4759 ἀφθάρτου
3211 4686 3405 4737 τούτου
3458 4684 3634 4754 γάμου,
3672 4678 3774 4726 πᾶσα

1705 5049 1913 5119 Variae
1950 5050 2275 5121 lectiones
2318 5065 2383 5122 et
2423 5065 2626 5123 notae.

579 5245 668 5323 68)
708 5244 893 5323 intell.
918 5250 1003 5299 τὸν
1028 5256 1141 5323 τῷν
1158 5248 1422 5323 ἁμαρτιῶν
1450 5249 1635 5323 ῥῦπον,

578 5316 667 5399 υρ)
695 5316 995 5399 Αὐτόνομία
1022 5316 1338 5399 difﬁculter
1357 5316 1640 5380 redditur.
1665 5325 1813 5394 Ergo
1838 5326 2132 5399 interpres

482 5387 733 5471 duplici.
749 5387 1235 5471 modore‘ddidit,
1254 5392 1591 5471 ‘tibertatem
1640 5400 1706 5471 et
1723 5387 1893 5454 s'uam
1931 5387 2129 5471 teﬁem.

482 5460 737 5542 Et_quod
775 5461 1072 5542 .parabola
1097 5478 1207 5519 sua
1252 5462 1381 5542 lege
1406 5465 1608 5542 utitur.
1636 5468 1931 5542 Αὐτόνομία
1979 5460 2125 5542 pro-

482 5531 610 5604 prie
622 5536 713 5612 est
736 5533 1047 5612 civitatum
1071 5549 1205 5612 quae
1232 5531 1375 5612 suis,
1396 5535 1462 5612 id
1487 5542 1573 5612 est
1594 5531 1841 5612 patrum
1863 5548 1917 5596 et
1947 5531 2127 5612 majo-

481 5603 638 5667 rum,
670 5603 903 5674 legibus
934 5608 991 5661 et
1032 5603 1316 5663 institutis
1346 5603 1614 5664 utantur:
1652 5609 1942 5670 Parabola
1988 5603 2126 5683 ergo

2242 5328 2524 5402 αὐτόνομος
2553 5332 2662 5393 est,
2711 5345 2846 5402 quae
2885 5329 3067 5402 utitur
3100 5329 3537 5387 consuetudine
3572 5328 3625 5402 et
3656 5329 3787 5402 venia

2239 5386 2687 5481 parab'olarum,
2729 5386 3208 5481 admiscendum
3227 5386 3531 5481 nonnulla
3553 5397 3624 5481 ad

2240 5472 2513 5549 ciendam
2534 5477 2590 5549 et
2611 5472 3021 5529 exornandam
3045 5472 3431 5549 parabolam,
3453 5472 3679 5549 miniqu
3692 5472 3784 5549 pet;

2237 5544 2489 5672 ἥτιοὲἑὶδί
2512 5544 2589 5600 ad
2622 5560 2750 5600 rem
2784 5559 2919 5602 eam
2950 5536 3122 5615 cujus
3146 5560 3335 5602 causa
3365 5536 3694 5615 interposita
3725 5536 3786 5586 δεῖ

2237 5629 2348 5672 nar
2433 5631 2468 5672 ο
2493 5631 2548 5672 a.

2237 5629 2548 5686 paranoxa.
