3904 6210
186 268 245 324 73
1041 265 1395 322 COMMENT.
1442 266 1510 322 IN
1551 265 1663 320 MA'

1836 263 2003 321 EUM.
2045 298 2113 308 —-
2153 269 2306 324 CAP.
2341 271 2507 326 XXII.

3341 275 3443 355 574

162 396 420 466 περιῄρηται
464 397 723 462 πρόφασις.
780 390 839 443 Ὀ
903 394 1005 465 γὰρ
1087 391 1453 458 καλλωπισμὸς
1521 390 1663 462 ἐγγὺς

1860 392 2040 448 modo
2063 393 2229 449 illum
2256 410 2391 451 vere
2415 395 2846 467 quesierimus.
2869 398 3031 453 Juste
3055 397 3256 468 itaque
3276 395 3442 451 illum

160 486 232 531 καὶ
289 479 558 551 εὖπὸριστος,
638 477 680 531 εἰ
753 484 906 550 μόνον
977 479 1181 542 ἀληθῶς
1256 481 1410 533 αὐτὸν
1471 480 1676 541 ζητησο

155 587 232 639 fw
259 569 364 635 (69}.
410 567 545 619 Ὥστε
583 564 800 630 δικαίως
855 567 1085 622 ἐκϐάλλει
1125 574 1211 621 τὸν
1260 569 1675 638 ἀκαλλώπιστον,

151 661 204 717 ὡς
237 653 441 730 ρᾁμμον
485 661 566 708 καὶ
613 665 1018 732 καταφρονητην.
1061 661 1304 734 Καθάπερ
1357 663 1457 734 γὰρ
1515 659 1563 710 οἱ
1603 662 1673 730 μὴ

148 744 329 807 ἑλθόντις
353 744 571 820 ὕϐρισαν,
603 746 738 799 οὕτω
789 752 879 802 καὶ
922 748 972 800 οἰ
1010 748 1328 809 εἰσελθόυτες
1380 747 1678 824 ἐρῤυπωμί-

149 853 223 888 νοι.

202 926 236 992 'l‘
267 926 302 992 ’ξ’
331 923 538 996 Ῥυπαρά
564 925 678 997 (70)
717 929 818 1000 γὰρ
849 929 1033 1000 ἱμάτια
1067 935 1211 1004 φορεί
1239 929 1265 980 6
1287 931 1357 1000 μὴ
1387 923 1675 998 ἐνδυσάμε-

144 1031 210 1074 νος
255 1012 498 1084 σπλάγχνα
538 1015 864 1089 οἰκτειρμῶν,
920 1021 1285 1091 χρηστότητα,
1337 1013 1675 1090 φιλαδελφίαν

145 1107 215 1153 καὶ
242 1105 296 1153 τὰ
317 1104 470 1174 ὅμοια.

197 1187 337 1244 Ὀδε
379 1191 618 1265 ἐφιμώθη.
673 1193 758 1255 Ὡς
802 1191 968 1266 μηδεν
1021 1199 1158 1268 ἔχων
1212 1195 1668 1268 ἀπολογήσασθαι.

141 1277 406 1334 Διίκνυσιδε
439 1283 462 1334 6
490 1281 655 1354 λόγος,
688 1286 791 1353 ὅτι,
836 1290 1008 1338 καίτοι
1050 1282 1318 1358 προδήλου
1363 1293 1452 1346 τῆς
1499 1286 1670 1358 οῐμαρ-

141 1372 228 1428 τίας
249 1372 400 1435 οὔσης,
445 1375 578 1442 ὅμως
611 1373 670 1425 οὐ
706 1380 954 1447 πρότερον
984 1375 1010 1426 6
1055 1378 1180 1436 Θεὸς
1217 1375 1447 1442 κολάσει,
1483 1378 1671 1448 μέχρις

135 1458 180 1507 ἄν
216 1457 345 1520 αὐτὸς
378 1461 401 1510 ὁ
446 1462 760 1535 ἡμαρτηκὼς
805 1462 984 1516 ἑαυτὸν
1030 1460 1367 1536 καταδικάση
1411 1463 1524 1536 (71)
1555 1501 1568 1514 .
1605 1466 1668 1515 Γό

134 1549 208 1618 γὰρ
228 1553 416 1620 σιωπᾷν,
447 1553 532 1602 καὶ
560 1556 636 1623 μὴ
677 1547 940 1605 δύνασθαί
968 1573 1074 1614 πως
1103 1551 1470 1627 ἁμοκριθῆναι,
1511 1572 1670 1605 κατα-

133 1630 256 1696 δίκης
286 1634 405 1693 ἔστί.

184 1727 364 1778 Τότε-
392 1722 672 1791 διακόνοις.
723 1736 840 1791 Τοῖς
893 1729 1152 1802 ἁγγελοις,
1187 1739 1296 1794 τοῖς
1326 1731 1392 1792 εἰς
1412 1733 1472 1783 τὸ
1509 1729 1670 1782 κολά-

134 1812 212 1871 ζειν
236 1814 574 1887 ὑπηρετοῦσιν.
608 1817 698 1880 Ὠς
725 1824 1036 1894 γεγενημένα
1066 1816 1125 1874 δε
1153 1820 1286 1892 λέγει
1317 1823 1381 1872 τὰ
1399 1819 1664 1890 μελλοντα,

265 1911 551 1977 προφητείας
563 1950 576 1962 .

181 1996 392 2057 Δήσαντες
417 2027 484 2036 -
529 1994 795 2070 ἐξώτερον.
855 2002 1003 2051 Δίσιν
1037 1998 1172 2071 λέγει
1215 2005 1308 2060 τὴν
1339 2001 1538 2076 ἐποχὴν
1577 2015 1668 2068 τῆς

129 2081 326 2153 ἐνεργείας
348 2093 436 2146 τῆς
466 2104 518 2138 τε
545 2081 646 2139 διὰ
686 2083 863 2140 ποδῶν
897 2092 985 2140 καὶ
1025 2096 1120 2152 τῆς
1145 2086 1240 2143 διὰ
1267 2102 1459 2167 χειρῶν
1489 2095 1666 2150 τελου-

127 2173 261 2239 μένης.
303 2175 416 2226 Τότε
443 2176 540 2250 γὰρ
598 2184 940 2250 καταργεῖται
999 2184 1150 2231 πᾶσα
1195 2188 1295 2232 τῶν
1349 2181 1664 2256 ἀπαρτωλῶν

128 2257 317 2332 ἐνέργεια,
352 2268 435 2315 καὶ
472 2263 649 2317 οὐκέτι
678 2264 854 2318 λοιπὸν
876 2263 1100 2339 οὐδεμία
1136 2269 1325 2343 πρᾶξις
1359 2272 1427 2334 εἰς
1456 2273 1666 2336 ἐξιλασ-

127 2351 218 2437 μον,
246 2347 497 2424 Ἐργασίας
529 2357 656 2429 γὰρ,
691 2360 866 2426 φησὶν,
901 2358 927 2407 6
957 2362 1135 2430 παρὼν
1160 2363 1336 2433 καιρός
1361 2380 1373 2394 ⁸
1409 2363 1434 2414 6
1467 2359 1527 2416 δὲ
1545 2364 1662 2437 μέλ·

124 2435 214 2500 λων,
241 2437 634 2505 ἁνταποδὸσεως·
668 2449 986 2517 Δεσμοῠνται
1025 2443 1084 2499 δὲ
1113 2445 1272 2511 πόδες
1308 2454 1418 2523 μὲν,
1453 2453 1502 2504 οἰ
1534 2435 1663 2528 πρὸς

128 2525 330 2600 ἁμαρτίαν
373 2528 697 2602 βαδίσαντες
737 2549 752 2564 ⁸
783 2541 958 2610 χεῖρες
995 2530 1054 2589 δὲ
1098 2536 1271 2604 πάλιν,
1305 2538 1359 2592 αἱ
1387 2525 1665 2616 παρανομα

125 2611 496 2692 διαπραξάμεναι.

183 2809 293 2866 Ἐκιῐ
333 2847 393 2856 -
443 2815 694 2872 ὀδόντων.
778 2819 890 2875 Ἵνα
973 2826 1046 2896 μὴ
1137 2830 1326 2899 νομίσῃ
1419 2846 1494 2888 τις
1579 2830 1660 2882 ὅτι

123 2905 268 2964 σκότος
311 2904 468 2970 ἁπλῶς
511 2907 659 2962 ἐστιν
708 2911 738 2968 ἠ
794 2913 1009 2970 τοιαύτη
1060 2913 1293 2982 κόλασις,
1327 2919 1514 2984 εἰτουν,
1545 2923 1660 2973 στέ-

1788 479 1943 550 ejicit
1980 483 2083 553 qui
2122 488 2366 540 ornatus
2406 501 2529 541 non
2569 490 2712 552 erat,
2755 491 3041 558 tanquam
3085 500 3331 556 segnem
3372 500 3442 539 ac

1789 569 2203 640 negligentem.
2255 574 2562 646 Siquidem
2612 575 2759 631 sicut
2807 576 3022 646 injuste
3078 590 3218 644 erga
3272 572 3442 630 illum

1787 664 2034 727 egerunt
2057 662 2157 732 qui
2184 677 2304 718 non
2327 670 2632 734 venerunt,
2653 665 2738 721 ita
2759 668 2816 721 et
2840 663 2944 737 qui
2972 661 3197 720 sordidi
3220 661 3442 734 ingres-

1789 747 1836 802 si
1867 753 2023 805 sunt.

1854 944 1897 1012 -ι-
1924 940 2172 998 Sordida
2200 956 2466 1014 namque
2486 943 2636 1012 gerit
2660 944 3029 1010 vestimenta,
3062 945 3166 1016 qui
3190 945 3437 1004 indutus

1781 1045 1904 1086 non
1927 1034 2018 1086 est
2043 1031 2272 1087 viscera
2293 1030 2731 1099 misericordiae,
2763 1032 3210 1105 benignitatem,
3235 1034 3437 1092 frater-

1782 1134 1929 1175 num
1968 1134 2238 1175 amorem
2267 1124 2323 1176 et
2347 1119 2584 1176 similia.

1854 1209 2009 1263 Vers.
2044 1211 2126 1264 i2.
2160 1211 2238 1264 At
2278 1209 2379 1265 ille
2416 1209 2728 1268 obmutuit.
2773 1212 2981 1282 Utpote
3020 1210 3164 1266 nihil
3206 1210 3437 1268 habens

1779 1296 1942 1367 quod
1977 1295 2386 1368 responderet,
2433 1296 2581 1354 dum
2628 1297 2680 1353 is
2722 1298 2827 1370 qui
2873 1299 3131 1370 peccavit
3173 1298 3437 1372 seipsum

1779 1384 2159 1442 condemnat.
2206 1387 2418 1441 Tacere
2459 1387 2638 1454 enim,
2670 1402 2780 1442 nec
2810 1403 2985 1458 posse
3015 1387 3218 1460 aliquo
3253 1388 3438 1445 modo

1779 1474 2159 1547 respondere,
2191 1475 2707 1533 condemnationis
2733 1481 2820 1534 est
2848 1477 3155 1544 indicium,

1852 1725 2010 1780 Vers.
2055 1726 2141 1779 l3.
2199 1725 2358 1782 Tunc
2415 1757 2482 1765 —
2541 1726 2848 1783 ministris.
2912 1726 3150 1799 Angelis
3201 1727 3307 1800 qui
3355 1727 3435 1784 ad

1777 1813 2153 1884 puniendum
2185 1813 2659 1870 subministrant.
2700 1818 3012 1888 Tanquam
3043 1815 3199 1872 facta
3228 1820 3432 1872 autem

1777 1901 1916 1958 dicit
1942 1919 2012 1960 ea
2040 1919 2175 1976 quae
2201 1903 2400 1959 futura
2429 1908 2567 1960 sunt
2603 1903 2668 1959 in
2698 1905 2948 1960 modum
2978 1905 3322 1977 prophetiae.

1847 1993 2018 2052 Vers.
2081 1997 2170 2050 l3.
2216 1992 2437 2064 Ligatis
2476 2024 2544 2035 —
2583 2001 2896 2052 extremas.
2939 1994 3221 2051 Catenam
3259 1999 3435 2052 vocat

1775 2081 2176 2138 detentionem
2236 2081 2356 2138 sive
2407 2083 2809 2140 cessationem
2871 2081 3241 2155 operationis
3294 2099 3431 2156 quas

1773 2171 2058 2229 manibus
2079 2187 2149 2228 ac
2175 2172 2432 2244 pedibus
2455 2172 2777 2245 perﬁcitur.
2810 2175 2971 2229 Tunc
2993 2173 3152 2229 enim
3176 2174 3433 2231 cessabit

1773 2261 1970 2318 omnis
2012 2266 2397 2334 peccatorum
2436 2262 2722 2334 operatio,
2763 2278 2874 2318 nec
2904 2262 3163 2334 amplius
3193 2262 3288 2319 vel
3309 2279 3432 2324 una

1772 2350 1926 2406 actio
1957 2349 2037 2407 ad
2061 2349 2326 2421 judicem
2356 2350 2721 2422 placandum
2759 2350 3022 2407 dabitur.
3053 2351 3429 2424 Operationis

1773 2439 2070 2513 siquidem
2101 2454 2365 2512 praesens
2391 2447 2628 2512 tempus
2652 2444 2763 2507 est,
2795 2439 3064 2497 futurum
3097 2457 3234 2498 vero
3260 2441 3431 2498 retri-

1769 2529 2057 2586 butionis.
2116 2529 2401 2602 Ligantur
2469 2535 2671 2586 autem
2718 2546 2959 2599 manus,
3021 2547 3158 2604 quae
3225 2531 3433 2604 iniqua

1769 2618 2228 2691 perpetrabant];
2260 2619 2446 2692 pedes
2489 2635 2648 2686 vero,
2681 2619 2788 2694 qui
2826 2621 2904 2678 ad
2947 2623 3260 2694 peccatum
3299 2636 3433 2692 gra-

1769 2707 2105 2765 diebantur.

1839 2797 2002 2853 Vers.
2023 2797 2299 2854 i3.Ibi—
2317 2797 2602 2855 dentium.
2628 2801 2706 2854 Ne
2722 2802 2888 2870 putet
2916 2798 3240 2871 quisquam
3266 2800 3426 2871 quod

1771 2886 1916 2942 solas
1956 2887 2208 2943 tenebrae
2240 2888 2332 2943 sin
2359 2887 2708 2959 hujusmodi
2739 2886 2992 2960 punitio,
3012 2887 3126 2944 hoc
3165 2891 3253 2942 est
3299 2888 3430 2945 sola

452 2964 466 2970 -
724 2964 734 2968 -
957 2964 1008 2970 γ-
1063 2964 1293 2982 ν
1329 2964 1514 2984 -ν--η,
1549 2964 1634 2973 ~---

117 2995 240 3060 ρέςις
305 2999 452 3066 φωτὸς
523 3003 705 3072 μόνον,
775 3003 1114 3076 προσέθηκεν,
1189 3005 1269 3058 ὅτι
1341 3003 1447 3059 ἐκεῖ
1514 3010 1661 3062 ἔσται

1837 2975 1918 3032 cis
1962 2976 2238 3048 privatio,
2292 2977 2559 3033 addidit:
2591 2977 2684 3032 Ibi
2729 2977 2840 3034 erit
2884 2978 3060 3048 ﬂetus
3110 2983 3166 3034 et
3211 2977 3430 3034 stridor

117 3077 326 3154 κλαυθμὸς
351 3090 433 3138 καὶ
475 3087 500 3138 6
554 3085 798 3164 βρυγμὸς
822 3097 924 3142 τῶν
963 3086 1209 3162 ὀδόντων,
1250 3096 1344 3156 τὰς
1395 3094 1444 3148 ἐν
1487 3095 1658 3170 ἐκείνῳ

118 3171 266 3243 πικράς
297 3191 344 3225 τε
380 3180 466 3228 καὶ
497 3174 743 3249 ἀλγεινὰς
780 3175 972 3243 ὀδύνας
1019 3181 1334 3254 ὑποφαίνωνο
1393 3183 1661 3239 Ἀκούσω-

115 3272 182 3322 μεν
208 3263 283 3311 καὶ
329 3263 598 3337 φρίξωμεν,
661 3267 776 3319 ὅσοι
827 3270 960 3340 μετά
1008 3272 1066 3321 τὸ
1123 3268 1522 3327 ἁπολούσασθαι
1567 3271 1662 3328 διὰ

116 3349 184 3393 τοῦ
228 3348 350 3400 θείου
382 3350 780 3428 βαπτίσματος,
828 3355 877 3409 ἰν
945 3355 1300 3433 διεφθαρμένῳ
1352 3360 1455 3434 βίῳ
1499 3383 1660 3418 κατα-

115 3435 324 3508 {sumina
363 3440 469 3514 (‘72)
509 3448 607 3502 τὴν
663 3442 868 3516 ψυχὴν,
903 3447 982 3499 ὃτι
1034 3447 1092 3498 οὗ
1122 3453 1274 3521 μόνον
1331 3449 1659 3511 ἐκϐληθησὸ-

114 3522 218 3612 μιθα
260 3535 341 3579 τοῦ
374 3540 660 3604 νυμφῶνος,
703 3532 831 3586 ἀλλὰ
881 3540 971 3588 καὶ
1025 3536 1098 3599 εἰς
1139 3543 1234 3597 τὴν
1280 3540 1660 3612 χαλεπωτάτην

112 3609 283 3704 κόλασιν
349 3617 886 3697 ἀποπεμφθησὸμεθα.
969 3609 1660 3704 Τοιγαροῦν-ἐπιμελητέον

115 3704 188 3759 τῆς
227 3701 346 3796 ξςός
379 3709 586 3777 στολῆς,
634 3715 726 3765 καὶ
780 3717 850 3785 μή
894 3722 988 3776 τῆς
1045 3713 1209 3778 ἕκτος.
1255 3724 1388 3781 Ἐως
1419 3701 1540 3796 νγὰρ
1600 3723 1660 3774 οἶν

111 3795 187 3849 τῆς
229 3791 309 3855 ἔξω
375 3799 744 3874 φροντίζωμεν,
827 3810 917 3864 τῆς
986 3800 1129 3858 ἔνδον
1202 3806 1260 3859 οὗ
1324 3791 1662 3884 δυνησομεθα

114 3882 368 3946 ἵδροντίζειν.
407 3893 640 3949 Ζητήσει
709 3887 758 3943 δ’
808 3892 870 3943 οἷν
931 3913 1030 3966 τις,
1091 3901 1196 3956 πῶς
1251 3904 1310 3948 οῦ
1362 3906 1434 3970 τῷ
1494 3907 1659 3976 Πατρὶ

112 3964 293 4062 μᾶλλον,
323 3970 431 4029 ἀλλὰ
480 3988 553 4052 τῷ
608 3981 716 4050 Υἰῷ
767 3981 794 4038 ἡ
829 3980 1118 4041 Ἐκκλησία
1163 3988 1522 4059 συνάπτεται;
1561 3997 1660 4046 Καὶ

110 4067 288 4110 ακουσιι
340 4067 544 4136 παντως,
614 4069 696 4121 ὅτι
748 4071 774 4122 6
834 4073 954 4136 Υἱὸς
992 4069 1394 4148 ἐνανθρωπήσας
1451 4098 1659 4134 συνανε-

113 4147 278 4220 στράφη
326 4153 468 4228 αὐτῇ,
525 4162 619 4212 καὶ
664 4159 740 4211 ὅτι
794 4167 868 4232 τῷ
897 4163 1003 4235 Υἰῷ
1049 4170 1431 4238 συναπτομένη,
1471 4174 1658 4242 καὶτῷ

109 4237 243 4308 Πατρὶ
297 4247 624 4302 συνάπτεται.
686 4253 837 4321 Λέγει
881 4253 983 4324 γὰρ
1025 4253 1052 4304 6
1089 4255 1210 4315 Υἱός
1257 4270 1272 4285 ⁸
1329 4255 1461 4328 Ἐγὼ
1505 4264 1594 4311 καὶ
1633 4261 1658 4312 6

109 4326 254 4399 Πατὴρ
281 4330 323 4382 ἓν
352 4331 518 4408 ἐσμεν,
551 4341 665 4403 καὶ,
708 4337 768 4389 Ὀ
797 4337 1036 4412 ἑωρακὼς
1084 4341 1186 4416 ἐμὲ,
1215 4342 1406 4420 ἑώρακε
1430 4349 1517 4399 τὸν
1551 4355 1658 4401 Πα-

104 4431 222 4483 τερα,

169 4503 404 4562 Πὼᾆοὶ-
445 4513 690 4568 ἐκλεκτοί.
735 4523 899 4571 Τοῦτο
959 4518 1069 4573 εἷπε
1098 4528 1185 4575 καὶ
1218 4522 1266 4575 ἐν
1312 4533 1384 4596 τῷ
1412 4525 1542 4580 τελει
1565 4536 1659 4591 τῆς

107 4593 353 4663 προϐολῆς
377 4611 474 4654 τῶν
503 4605 858 4678 μιοθουμίνων
888 4607 1142 4684 ἐργατῶν.

448 4698 596 4749 ΚΕΦ.
638 4693 754 4751 ΝΒ’.
775 4701 899 4770 Περὶ
926 4706 1017 4751 τοῦ
1046 4705 1264 4769 κήνσου,

160 4790 265 4883 Τότε
291 4825 353 4837 -
381 4797 538 4870 λόγῳ-
587 4805 658 4852 Ὢ.
706 4809 798 4864 τῆς
845 4802 1064 4876 βαθείας
1107 4814 1398 4883 πωρώσεως
1444 4811 1658 4869 tonat»

108 4883 187 4974 ῖῖνι
209 4878 465 4955 εἰρημένων
512 4888 688 4960 ἥψατο
717 4899 810 4953 τῆς
856 4893 1047 4966 ψυχῆς
1109 4878 1276 4950 αὐτῶν
1329 4942 1343 4957 .
1383 4904 1658 4974 μεθύοντες

104 4959 152 5017 δι
182 4978 242 5042 τῷ
293 4976 478 5050 φθόνῳ,
536 4983 808 5052 τρέπονται
857 4987 989 5058 πρὸς
1040 4984 1337 5056 ἐπιϐουλὴν,
1397 4997 1485 5046 καὶ
1543 4992 1653 5048 ἐπεὶ

157 5121 195 5156 ’τ
218 5122 374 5185 Joan.
404 5145 467 5198 x,
509 5134 598 5189 30.
675 5135 723 5170 η
769 5135 941 5193 Joan.
973 5153 1090 5206 xiv,
1121 5144 1173 5197 9.

1768 3065 2047 3130 dentium,
2065 3065 2315 3123 acerbos
2331 3066 2755 3123 demonstrans
2779 3083 2849 3123 ac
2867 3066 3174 3124 doloribus
3187 3067 3423 3141 plenos,

1769 3153 1872 3228 qui
1906 3159 2079 3210 erunt
2107 3154 2210 3220 ibi,
2253 3155 2568 3211 cruciatus.
2611 3154 2943 3212 Audiamus
2981 3161 3036 3213 et
3074 3157 3428 3214 horreamus

1767 3248 2066 3316 quotquot
2135 3249 2270 3316 post
2346 3243 2533 3301 divini
2588 3244 2968 3318 baptismatis
3033 3246 3424 3313 ablutionem,

1769 3333 2036 3390 animam
2073 3333 2308 3406 perdita
2351 3333 2473 3391 vita
2507 3333 2972 3401 sordidavimus,
3009 3351 3076 3391 eo
3106 3335 3274 3408 quod
3304 3351 3428 3392 non

1769 3425 2001 3478 tantum
2022 3438 2058 3478 a
2085 3422 2306 3494 nuptiis
2335 3421 2610 3494 ejiciendi
2634 3439 2863 3489 sumus,
2902 3439 3107 3479 verum
3142 3425 3322 3480 etiam
3366 3424 3428 3482 in

1769 3511 2173 3567 miserrimum
2213 3511 2576 3584 supplicium
2606 3511 2980 3568 detrudendi.
3029 3511 3314 3568 Habenda
3339 3516 3431 3569 est

1770 3600 1971 3672 itaque
1997 3613 2140 3656 cura
2169 3601 2244 3657 de
2274 3601 2423 3657 stola
2451 3601 2728 3668 interiori,
2769 3606 2825 3657 et
2855 3616 2974 3657 non
3003 3601 3078 3657 de
3100 3601 3375 3658 exteriori
3411 3623 3425 3658 :

1769 3690 2042 3762 quandiu
2071 3691 2231 3746 enim
2261 3691 2336 3746 de
2367 3695 2611 3747 externa
2634 3691 3056 3757 curaverimus,
3089 3689 3164 3747 de
3193 3691 3427 3748 interna

1771 3793 1976 3835 curam
1993 3779 2216 3836 habere
2239 3795 2360 3836 non
2379 3780 2728 3852 poterimus.
2745 3782 2978 3846 Quaeret
2995 3785 3195 3837 autem
3219 3780 3428 3837 fortas-

1771 3868 1851 3924 sis
1874 3869 2108 3941 aliquis,
2137 3869 2446 3942 quomodo
2476 3885 2597 3925 non
2626 3869 2777 3926 Patri
2802 3871 2996 3942 potius
3023 3871 3428 3942 conjungatur

1770 3957 2089 4013 Ecclesiam
2105 3973 2291 4030 quam
2305 3957 2450 4014 Filio
2468 3959 2495 4014 ?
2517 3963 2572 4014 et
2588 3959 2789 4014 audiet
2806 3960 3052 4015 omnino
3068 3959 3232 4032 quod
3250 3957 3427 4016 Filius

1768 4047 1871 4118 qui
1910 4061 2151 4101 carnem
2203 4048 2550 4118 assumpsit,
2593 4063 2730 4103 cum
2779 4063 2850 4103 ea
2896 4053 3277 4105 conversatus
3315 4053 3425 4119 est,

1769 4138 1823 4190 et
1854 4134 2018 4207 quod
2048 4134 2183 4190 Filio
2218 4136 2556 4206 conjuncta,
2600 4137 2781 4192 etiam
2814 4138 2967 4192 Patri
3018 4138 3422 4208 conjungitur.

1690 4243 1733 4300 ι)
1770 4223 1914 4280 Dicit
1947 4225 2102 4280 enim
2140 4223 2318 4279 Filius
2346 4226 2472 4295 Ego
2501 4229 2555 4282 et
2583 4226 2768 4282 Pater
2787 4242 2971 4282 unum
2993 4242 3197 4282 sumus
3227 4229 3296 4281 97.
3324 4229 3422 4282 Et:

1771 4313 1884 4380 Qui
1911 4313 2058 4370 vidit
2087 4327 2194 4379 me,
2230 4313 2371 4369 vidit
2401 4319 2454 4371 et
2484 4315 2717 4370 Patrem
2747 4316 2815 4366 9°.

1842 4510 2010 4566 Vers.
2052 4511 2136 4565 14.
2169 4508 2424 4565 Multi—
2462 4509 2648 4565 electi.
2691 4511 2807 4564 Hoc
2834 4508 3015 4564 etiam
3047 4507 3194 4564 dixit
3215 4509 3276 4565 in
3307 4509 3424 4567 ﬁne

1768 4599 2068 4675 parabolas
2093 4599 2166 4656 de
2196 4599 2462 4672 operaris
2493 4596 2764 4654 mercede
2797 4597 3128 4654 conductis.

1874 4726 2028 4782 CAP.
2061 4726 2171 4781 LII.
2202 4726 2288 4782 De
2315 4723 2711 4797 quaerentibus
2752 4723 3050 4781 occasione
3083 4739 3314 4781 census.

1826 4816 1989 4872 Vers.
2009 4815 2092 4870 15.
2117 4816 2625 4871 Tunc—sermone.
2642 4814 2686 4871 Ο
2701 4813 3064 4886 profundam
3077 4814 3420 4872 caecitatem!

1766 4904 2135 4964 Nihileorum
2155 4919 2290 4980 quae
2307 4903 2468 4962 dicta
2481 4907 2622 4958 sunt
2649 4902 2837 4974 tetigit
2859 4903 3131 4962 animum
3147 4904 3386 4962 illorum
3406 4921 3420 4973 ;

1769 4993 2112 5051 sedinvidia
2134 4991 2302 5061 ebrii,
2335 4992 2410 5050 ad
2439 4990 2687 5049 insidias
2719 4997 3146 5054 convertuntur
3171 4998 3230 5053 et
3270 4996 3423 5068 quia

1281 5293 1501 5364 Varia:
1530 5296 1859 5367 lectiones
1884 5307 1950 5366 et
1977 5305 2178 5366 notae.

264 5446 446 5529 30119
469 5452 602 5513 ξητή
613 5473 801 5529 σωμεν.

148 5513 246 5604 (Ψ)
262 5517 388 5604 Hoc
407 5522 471 5604 in
488 5513 698 5604 neutro
718 5543 997 5604 ineorum
1016 5532 1329 5604 reperitur.
1360 5536 1442 5593 Ex
1463 5536 1646 5595 Theo-

88 5582 339 5655 Phyldcto
364 5600 471 5660 est,
506 5612 565 5666 p.
591 5582 688 5655 130
718 5582 780 5655 l3:

1826 5466 1940 5610 E71)
1973 5462 2356 5538 Καταδικοίσει,
2388 5468 2458 5523 Α.

1851 5540 1943 5609 72)
1977 5536 2440 5610 Καταρῥυποῦμεν,

1851 5536 1943 5609 72)
1977 5536 2440 5612 Καταρῥυποῦμεν,
2462 5542 2530 5597 Α.
