3904 6210
494 262 600 320 579

1688 234 2023 302 EUTHYM"
2060 218 2390 288 ZIGABENI
3669 232 3748 287 580

563 390 720 443 Vers.
750 385 838 439 24.
872 386 934 438 Et
964 412 1033 423 —
1059 394 1186 435 suo.
1222 380 1303 434 Ex
1327 377 1456 447 lege
1481 373 1738 430 Mosaica
1770 363 2147 425 occasionem

2343 359 2468 413 Καὶ.
2515 390 2583 399 —-
2627 358 2807 412 αὐτοῦ.
2842 356 2931 411 Ἐκ
2984 363 3260 409 Μωσαῐκοῦ
3279 358 3421 428 νόμόυ
3462 360 3543 415 τὴν
3574 356 3747 431 ἀφορμὴν

490 474 813 534 commenti
862 474 1127 535 sumunt,
1179 472 1239 523 ut
1284 463 1606 521 verisimile
1655 458 1938 533 appareat
1989 447 2156 524 quod

490 567 794 641 quaeritur.
818 568 882 618 tn
901 560 1191 632 scriptura
1211 556 1509 629 siquidem
1538 542 2153 641 Deuteronom‘iilprte-

489 628 645 728 cepit
698 654 911 717 Moses,
970 628 1036 705 ut
1078 628 1324 704 uxorem
1372 642 1588 699 mortui
1645 639 1874 709 absque
1931 628 2151 691 liberis,

491 725 727 802 rursum
750 742 925 797 ducat
956 739 1133 794 frater
1162 736 1291 807 ejus
1320 736 1364 799 ⁷,
1397 737 1455 788 et
1482 728 1739 803 quiquid
1762 725 2018 799 primum
2050 732 2155 772 na-

493 840 617 890 tum
650 831 822 888 fuerit
870 829 1209 885 nominetur
1264 824 1325 879 id
1368 822 1525 877 ﬁlius
1565 817 1763 874 fratris
1804 809 2040 875 mortui,
2079 807 2152 862 ad

493 925 622 994 ejus
648 919 1015 977 memoriam.
1042 916 1177 970 Hrec
1202 914 1403 984 itaque
1426 914 1563 965 sunt
1586 907 1752 976 legis.
1777 902 1917 958 Vide
1938 904 2148 961 autem,

492 1011 636 1085 quii
664 1010 725 1065 hi
754 1004 1209 1063 machinentur?

562 1308 725 1364 Vers.
772 1310 859 1361 25.
906 1308 1091 1361 Erant
1126 1335 1178 1344 -—
1226 1303 1379 1356 Vers.
1422 1299 1510 1353 28.
1562 1313 1717 1355 eam.
1774 1297 2009 1367 Septem
2049 1308 2151 1348 eos

492 1400 855 1468 supponunt,
881 1398 943 1449 ut
959 1392 1152 1461 magis
1172 1387 1511 1446 intricatum
1530 1386 1797 1442 videatur
1818 1382 2146 1456 problema.

492 1488 786 1541 lntentum
814 1488 1010 1539 autem
1047 1480 1509 1537 Sadducaeorum
1538 1482 1682 1539 erat,
1719 1484 1778 1530 ut
1808 1473 1926 1527 sive
1954 1471 2148 1537 unius,

492 1578 615 1631 sive
641 1574 901 1630 omnium
930 1571 1338 1644 responderet,
1371 1566 1574 1622 statim
1596 1567 1965 1636 opponerent
1987 1558 2151 1632 quod

492 1681 630 1721 cum
664 1664 877 1719 iterum
910 1660 1121 1717 futurae
1161 1661 1362 1714 essent
1391 1655 1635 1727 nuptiae,
1681 1656 1834 1709 certe
1874 1656 2069 1705 essent
2097 1652 2153 1703 et

490 1752 809 1827 puerperia
843 1756 899 1807 et
943 1749 1183 1805 nutritio
1220 1746 1533 1812 infantum,
1578 1746 1843 1816 quaestus
1872 1737 2152 1813 pecunia-

487 1858 645 1907 rum,
662 1841 901 1913 judicia,
926 1839 1083 1895 bella
1105 1854 1174 1894 ac
1193 1835 1592 1906 aegritudines,
1617 1845 1975 1902 rursumque
1998 1842 2151 1883 mor-

490 1936 596 1997 tes,
626 1936 682 1986 et
712 1929 917 1985 omnia
944 1944 1078 2000 quae
1104 1927 1165 1982 in
1196 1924 1470 1997 praesenti
1496 1923 1613 1978 vita
1643 1920 1956 1988 habentur,
1992 1924 2045 1973 et
2074 1915 2153 1973 ita

490 2021 610 2074 vita
640 2018 739 2074 illa
770 2033 891 2072 non
923 2016 1030 2072 erit
1058 2015 1176 2071 alia
1204 2014 1282 2070 ab
1314 2015 1425 2068 ista
1458 2030 1471 2078 ;
1503 2009 1670 2083 quod
1701 2009 1747 2065 si
1780 2008 1989 2064 eadem
2021 2006 2153 2071 erit,

493 2107 572 2163 ad
621 2106 765 2180 quid
816 2106 1016 2161 futura
1060 2112 1149 2160 est
1198 2100 1549 2159 resurrectio
1579 2104 1606 2155 ?
1636 2103 1839 2170 Itaque
1880 2112 2000 2153 non
2047 2096 2155 2152 erit.

491 2195 861 2252 resurrectio.
896 2192 1047 2259 Quid
1085 2207 1226 2261 ergo
1253 2188 1517 2245 Christus
1540 2189 1569 2243 7

562 2287 603 2355 -ξ-
651 2284 849 2340 Mulier
896 2282 1141 2356 quidem
1190 2295 1320 2335 esse
1368 2283 1558 2351 potest
1587 2278 1852 2334 humana
1896 2281 2149 2331 natura:

493 2377 721 2446 septem
761 2378 960 2428 autem
1006 2370 1132 2436 viri,
1182 2374 1406 2441 septem
1452 2369 1613 2437 leges
1656 2365 1833 2423 variis
1880 2364 2155 2437 tempori-

490 2462 605 2519 bus
648 2478 685 2518 a
717 2464 833 2517 Deo
877 2461 928 2515 ei
974 2459 1199 2515 tradita:
1233 2458 1309 2513 ad
1340 2455 1788 2512 instructionem
1833 2459 1889 2510 et
1935 2453 2155 2524 produ-

492 2553 745 2609 ctionem
786 2550 1085 2607 fructuum
1112 2548 1391 2620 justitiaa;
1431 2562 1573 2602 nam
1616 2545 1793 2601 dictio
1832 2549 1980 2616 νόμος
2022 2557 2153 2615 quae

490 2641 683 2710 legem
721 2638 1032 2710 signiﬁcat,
1078 2638 1236 2709 apud
1264 2638 1493 2693 Graecos
1523 2634 1851 2690 masculina
1882 2638 1987 2703 est,
2017 2632 2151 2687 ideo

492 2729 910 2785 convenienter
940 2726 1053 2783 illis
1083 2726 1239 2782 viros
1271 2726 1534 2789 denotat,
1565 2740 1701 2778 cum
1733 2722 1954 2795 quibus
1983 2720 2153 2793 quasi

491 2835 629 2875 cum
673 2818 813 2873 viris
843 2817 1174 2873 successive
1205 2819 1555 2870 conversata
1596 2817 1681 2867 est
1708 2828 1815 2868 nec
1842 2816 2041 2867 tamen
2073 2810 2149 2866 ab

491 2908 610 2963 ulla
636 2922 841 2962 verum
865 2906 1068 2962 habuit
1086 2904 1359 2960 fructum.
1392 2904 1623 2960 Harum
1648 2904 1839 2972 prima
1862 2900 1990 2965 fuit,
2015 2916 2151 2972 qua:

489 2996 630 3051 Adae
652 2996 711 3051 in
736 2995 1020 3067 paradiso
1046 2994 1259 3049 tradita
1286 2997 1394 3049 est.
1421 2991 1698 3047 Secunda
1722 3007 1928 3046 rursus
1957 2990 2151 3045 eidem

490 3085 631 3140 data
656 3066 817 3139 extra
846 3084 1194 3155 paradisum
1225 3083 1285 3137 in
1318 3086 1473 3137 statu
1499 3096 1816 3152 pmnarum
1846 3080 1978 3153 (zz).
2019 3078 2147 3134 Ter-

2259 3072 2376 3142 περὶ
2432 3074 2522 3125 τῆς
2575 3071 2878 3136 περιτομῆς·
2962 3066 3219 3134 πέμπτος,
3297 3066 3321 3111 ό

490 3172 575 3229 tia
595 3188 731 3245 quae
752 3176 869 3228 Noe
898 3172 1038 3228 data
1059 3176 1147 3227 est
1171 3173 1245 3227 de
1269 3187 1427 3227 area.
1453 3172 1675 3235 Quarta
1694 3186 1824 3241 qua:
1847 3169 2150 3225 Abraham

490 3262 633 3319 data
684 3266 771 3318 est
810 3262 883 3317 de
921 3260 1397 3319 circumcisione.
1445 3258 1659 3327 Quinta
1694 3275 1828 3331 quas
1860 3258 2053 3313 eidem
2081 3258 2150 3311 de

490 3356 652 3409 Isaac
682 3350 1118 3408 immolatione.
1157 3351 1328 3407 Sexta
1357 3366 1491 3422 quae
1523 3349 1696 3405 Mosi.
1738 3348 1995 3417 Septima
2021 3364 2149 3419 quae

486 3457 594 3513 per
642 3441 974 3513 prophetas.
1024 3444 1226 3512 Itaque
1274 3440 1583 3494 daemones
1629 3438 1724 3509 qui
1764 3438 1980 3493 docent
2026 3452 2148 3492 non

488 3530 727 3586 credere
770 3530 1285 3593 resurrectionem,
1327 3528 1694 3597 interrogant
1745 3526 2003 3596 maligne
2042 3540 2149 3597 per

489 3618 898 3687 cogitationes.
946 3619 1021 3681 Si.
1071 3617 1363 3688 inquiunt,
1411 3616 1609 3672 futura
1649 3620 1739 3672 est
1777 3620 2145 3672 mortuorum

485 3706 854 3771 resurrectio,
885 3706 1057 3776 juxta
1085 3722 1262 3777 quam
1292 3706 1508 3761 harum
1540 3709 1766 3779 septem
1806 3705 2009 3775 legum
2038 3706 2147 3761 hu-

487 3810 669 3876 mana
698 3798 837 3850 tunc
868 3798 1081 3851 natura
1111 3794 1551 3851 conversabitur
1579 3795 1607 3849 ?
1639 3800 1701 3852 ut
1730 3795 1777 3851 si
1811 3796 2145 3852 secundum

487 3882 750 3954 aliquam
803 3884 1020 3939 harum
1069 3883 1417 3949 dixerimus,
1475 3883 1777 3941 inferant:
1827 3900 1969 3955 ergo
2018 3887 2145 3942 sine

484 3971 679 4027 fructu
704 3971 787 4027 ibi
816 3971 925 4027 erit
951 3976 1055 4028 aut
1080 3987 1236 4029 vana
1260 3972 1527 4030 humana
1551 3974 1668 4031 vita
1692 3974 1995 4045 prioribus
2022 3990 2148 4032 rur-

485 4076 587 4116 sus
641 4059 906 4117 obnoxia
954 4060 1146 4118 malis.
1199 4061 1313 4117 Sed
1362 4077 1505 4119 vera
1555 4079 1623 4118 ac
1676 4063 1950 4120 salutaris
1994 4065 2148 4121 ratio

482 4149 715 4222 pietatis
742 4151 1045 4207 silentium
1078 4152 1166 4207 his
1190 4152 1464 4223 imponit,
1490 4152 1712 4209 docens
1739 4153 1991 4211 alteram
2015 4170 2146 4211 esse

2264 455 2357 499 τοῦ
2408 447 2747 520 πλάπσριατος
2802 445 3172 519 λαμϐάνουσιν,
3249 447 3371 505 ὅπως
3422 444 3645 517 ἀξιόλογον
3690 468 3752 519 φα-

2262 542 2368 595 νείη
2419 541 2475 589 τό
2526 538 2758 610 ζήτημα.
2824 541 2926 589 Καὶ
2975 538 3075 608 γὰρ
3111 534 3155 586 ἐν
3192 542 3251 607 τῇ
3280 542 3434 607 γραφῇ
3463 543 3540 587 τοῦ
3574 542 3748 608 Δεντερο-

2260 631 2435 698 νομίου
2515 626 2833 699 παρήγγειλε
2900 630 3150 689 Μωυσῆς,
3204 625 3281 675 ἵνα
3331 628 3413 682 τὴν
3462 632 3651 693 ’γυναῖκα
3690 633 3752 677 τοῦ

2262 716 2679 777 τετελευτηκότος
2755 710 2985 776 ἄπαιδος
3059 716 3267 786 γαμήσῃ
3342 712 3480 763 πάλιν
3530 714 3551 764 6
3596 710 3752 783 ἁδελφὸς

2263 805 2421 858 αὐτοῦ
2476 823 2489 835 ⁸
2544 814 2694 858 τοῦτο
2739 808 2841 879 γὰρ
2895 801 3067 869 δηλοῖ,
3122 806 3177 855 τό
3222 800 3615 874 Ἐπιγαμϐρεύσει
3660 807 3752 853 ’καὶ

2261 897 2286 947 ὀ
2334 897 2395 947 οἶν
2447 901 2668 969 γεννήσῃ
2742 904 2963 969 πρῶτον,
3020 893 3247 965 ὀνομάσῃ
3328 899 3467 945 τοῦτο
3514 896 3655 943 τέκνον
3691 898 3752 942 τοῦ

2264 987 2497 1046 θανόντος
2549 982 2793 1057 ἀδελφοῦ,
2849 988 2976 1057 πρός
3024 987 3340 1056 μνημόσυνον
3400 980 3587 1037 ἐκείνου,
3627 986 3753 1034 Ταῦτα

2261 1079 2351 1147 μὲν
2382 1076 2469 1127 οὖν
2513 1082 2603 1127 τοῦ
2661 1079 2840 1146 νόμου.
2885 1077 3066 1126 Σκόπει
3116 1069 3193 1137 δὲ,
3251 1075 3298 1123 τί
3353 1070 3754 1122 οὖτοικατασιενά-

2264 1166 2444 1225 ξουσιν
2466 1184 2478 1233 ;

2331 1254 2500 1307 Ἦσαν
2562 1285 2630 1294 -
2677 1253 2860 1311 αὐτὴν.

2260 1345 2394 1396 ὥστε
2446 1339 2618 1395 δοκεῖν
2670 1340 2989 1416 ἀπορώτερον
3061 1343 3119 1391 τὸ
3204 1335 3478 1412 πρόϐλημα.
3530 1337 3682 1393 Σκοπὸς
3716 1329 3754 1385 δε

2259 1440 2368 1493 τοῖς
2400 1429 2797 1499 Σαδδουκαίοις,
2855 1433 2936 1482 ἵνα
2987 1433 3086 1482 εἴτε
3135 1428 3258 1493 ἑνός,
3319 1429 3410 1479 ι’ίτε
3467 1427 3636 1477 παντων
3673 1421 3755 1473 6:0-

2260 1524 2483 1596 κριθείη,
2528 1526 2729 1593 ταχέως
2778 1519 3167 1588 ἀντιθήσουσιν,
3216 1519 3282 1578 ὡς
3331 1515 3431 1567 ἐπεὶ
3473 1516 3609 1585 γάμοι
3632 1510 3753 1573 πολιν,

2261 1612 2363 1684 ἆρα
2408 1616 2497 1663 καὶ
2545 1615 2861 1681 τέκνογονίαι
2918 1614 3007 1661 καὶ
3062 1603 3422 1680 παιδοτροφίαι
3465 1608 3542 1654 καὶ
3576 1603 3756 1672 πορισμοὶ

2933 1251 3093 1304 Ἐπ’τά
3146 1246 3205 1302 δὲ
3254 1252 3450 1308 τούτους
3478 1247 3750 1314 ὑποτιθέασιν,

2182 1705 2226 1761 Β
2260 1703 2551 1775 χρημάτων
2594 1705 2683 1753 καὶ
2724 1696 2871 1752 δίκαι
2914 1703 3003 1750 καὶ
3053 1696 3265 1767 πόλεμοι
3320 1698 3405 1746 καὶ
3443 1697 3569 1744 νόσοι
3599 1694 3666 1741 καὶ
3698 1689 3758 1738 θά-

2260 1811 2405 1843 νατοι
2447 1789 2621 1855 πάλιν,
2673 1793 2762 1841 καὶ
2817 1790 2987 1841 πάντα
3039 1788 3104 1839 τά
3154 1792 3243 1837 τοῦ
3297 1786 3527 1856 παρόντος
3549 1778 3662 1851 βίον,
3698 1780 3756 1826 καὶ

2261 1880 2354 1931 οὐκ
2385 1882 2533 1931 ἔσται
2568 1878 2747 1931 λοιπον
2796 1879 2822 1929 6
2853 1876 2970 1950 βίος
3020 1876 3206 1935 ἐκεῖνος
3253 1876 3411 1948 ἔτερος
3454 1870 3578 1941 παρὰ
3615 1874 3753 1919 τοῦτον.

2260 1970 2319 2023 Εἰ
2360 1967 2412 2020 δ’
2468 1969 2493 2020 ὀ
2533 1968 2689 2028 αὐτὸς
2750 1970 2918 2033 ἔσται,
2978 1971 3111 2025 τίνος
3164 1965 3323 2039 χάριν
3373 1964 3505 2013 ἔσται
3548 1956 3759 2012 ἀνάστασις

2258 2058 2418 2131 "gare
2441 2057 2535 2110 οὐκ
2561 2061 2708 2110 ἔσται
2738 2058 3047 2116 ἀνάστασις.
3080 2059 3145 2106 Τί
3170 2050 3256 2105 οὖν
3283 2053 3307 2103 6
3337 2054 3571 2123 Χριστόςς

2336 2266 2488 2335 [Γυνὴ
2551 2263 2665 2335 (81)
2716 2265 2805 2334 μὲν
2851 2264 2926 2318 εἴη
2981 2261 3042 2311 ἄν
3088 2262 3118 2316 ἡ
3182 2258 3457 2331 ἀνθρωπίνη
3506 2254 3644 2335 φύσις·
3674 2246 3760 2299 ἑπτὰ

2263 2351 2322 2406 δὲ
2375 2351 2606 2425 ἀδελφοὶ,
2680 2352 2727 2403 οἱ
2798 2352 2931 2402 κατά
2983 2352 3205 2423 καιροὺς
3256 2347 3391 2419 ποιρά
3442 2346 3551 2396 Θεοῦ
3597 2333 3760 2393 δοθέντες

2261 2442 2391 2514 αὐτῇ
2450 2445 2577 2515 πρὸς
2602 2436 2971 2511 παιδαγωγίαν
3024 2443 3113 2489 καὶ
3164 2440 3360 2509 ’γένεσιν
3406 2438 3586 2506 καρπῶν
3624 2423 3761 2477 dilato-

2266 2534 2425 2593 σύνης
2480 2537 2647 2602 νόμοι,
2699 2531 2794 2594 οἷς,
2849 2532 2917 2589 ὡς
2960 2524 3215 2600 ἀνδράσι,
3271 2525 3396 2576 κατά
3446 2515 3664 2587 διαδοχήν
3686 2514 3762 2583 ὀμι-

2260 2621 2492 2690 λήσασα,
2558 2619 2679 2692 παρ’
2724 2615 2930 2678 οὐδενὸς
2996 2619 3125 2687 ἔσχε
3191 2616 3382 2689 καρπόν
3437 2610 3649 2665 ἀληθινόν.
3687 2601 3762 2651 ’ὼ

2260 2719 2460 2783 πρῶτος
2508 2712 2616 2781 μὲν,
2669 2709 2694 2759 6
2750 2707 2797 2759 ἒν
2845 2714 2917 2777 τῷ
2974 2701 3288 2779 παραδείσῳ
3320 2699 3477 2761 δοθεὶς
3518 2704 3575 2749 τῶ
3620 2687 3761 2760 Ἀδάμ

2262 2797 2493 2871 δεύτερος
2548 2793 2629 2865 δὲ,
2685 2798 2711 2848 ό
2760 2805 2830 2867 τῷ
2882 2794 3020 2864 αὐτῷ
3063 2791 3244 2855 δοθεὶς
3274 2790 3418 2852 αὖθις
3443 2787 3517 2850 ἔξω
3546 2789 3619 2835 τοῦ
3642 2796 3767 2849 παρα-

2262 2886 2462 2955 δείσου,
2498 2886 2545 2938 ἐν
2585 2886 2727 2949 τάξει
2757 2885 3046 2957 ἐπιτιμίων
3081 2888 3283 2957 τρίτος,
3337 2883 3361 2932 ό
3405 2876 3511 2930 κατὰ
3539 2876 3609 2929 τὴν
3642 2864 3763 2918 κιϐω⁹

2260 2982 2345 3031 τόν
2390 2984 2461 3047 τῷ
2506 2983 2618 3028 Νῶε
2672 2971 2858 3034 δοθεὶς·
2905 2977 3177 3047 τέταρτος,
3228 2973 3253 3023 ό
3284 2977 3354 3041 τῷ
3390 2964 3584 3039 Ἃϐραὰμ
3619 2953 3764 3021 δοθεὶς,

3306 3060 3321 3111 5
3364 3065 3426 3127 τῷ
3499 3051 3612 3119 αὗτῷ
3657 3044 3764 3097 πολιν

2258 3161 2375 3231 περὶ
2427 3164 2520 3217 τῆς
2572 3156 2707 3206 κατά
2759 3155 2844 3205 τὸν
2896 3151 3081 3205 Ἰσαὰκ
3152 3152 3364 3209 θυσίας·
3419 3145 3565 3210 ἕκτος,
3610 3138 3631 3188 ὁ
3673 3150 3766 3185 κατα

2262 3248 2505 3309 Μωυσέα,
2539 3247 2628 3295 καὶ
2658 3238 2899 3314 ἕϐδομος,
2943 3242 2968 3293 ό
3014 3237 3107 3292 διὰ
3144 3247 3252 3291 τῶν
3282 3241 3548 3312 προφητῶν.
3575 3228 3627 3279 Οἱ
3650 3226 3767 3275 τοίνυν

2257 3338 2351 3391 τὴν
2384 3332 2667 3385 ἀνάστασιν
2710 3329 2905 3383 ἀθετεῖν
2935 3325 3306 3391 διδάσκοντες,
3342 3322 3576 3396 δαίμονες,
3602 3314 3767 3390 ἐρωτῶσι
3840 3328 3841 3331 η

2256 3423 2527 3484 κακοήθως
2582 3417 2677 3473 διὰ
2714 3428 2812 3471 τῶν
2863 3418 3155 3491 λογισμῶν,
3201 3419 3268 3477 ὡς
3317 3418 3447 3485 εἴπερ
3506 3412 3659 3479 νεκρῶν
3682 3399 3769 3451 ἀνά-

2260 3531 2446 3573 στασις
2488 3514 2651 3579 ἔσται,
2683 3511 2816 3561 κατά
2874 3512 2992 3560 τίνα
3044 3515 3144 3559 τῶν
3194 3507 3461 3582 εἰρημένων
3506 3497 3612 3551 έπτὰ
3652 3493 3768 3560 νόμων

2257 3603 2286 3660 ἡ
2369 3600 2663 3673 ἀνθρωπίνη
2748 3601 2902 3671 φύσις
2982 3601 3094 3650 τότε
3176 3594 3623 3651 πολιτευθήσεται;
3679 3578 3767 3637 Ἵνα»

2257 3692 2360 3761 εἴγε
2388 3692 2523 3742 κατά
2578 3707 2694 3741 τινα
2742 3690 2938 3739 τούτων
2995 3694 3189 3759 φῶμεν,
3249 3683 3581 3753 ἐπαγάγωσιν,
3628 3668 3769 3722 Οὐκοῦν

2256 3778 2488 3853 ἄκαρπος
2533 3781 2680 3830 ἔσται
2740 3776 2894 3829 πάλιν
2942 3779 3031 3828 καὶ
3085 3778 3294 3847 ματαία
3335 3773 3365 3829 ἡ
3402 3767 3655 3843 ἀνθρωπίνη
3682 3757 3767 3816 ξοντ’

2254 3844 2369 3929 τοῖς.
2381 3872 2648 3942 προτέροις
2677 3865 2829 3928 αὖθις
2869 3844 3181 3936 ἓνσχεθείσα
3211 3867 3413 3922 κακοῖς.
3442 3856 3565 3910 Ἀλλ’
3591 3853 3612 3903 6
3635 3844 3771 3942 ἆληεηξς
3860 3894 3863 3937 ,‘

2255 3963 2344 4010 καὶ
2395 3933 2648 4030 σξωτὴξοιος
2693 3964 2792 4017 τῆς
2848 3933 3107 4013 εὖσέέείας
3164 3952 3321 4025 λόγος
3370 3933 3773 4030 ἓπιπομίζερ.τῖξ⁶

2256 4066 2392 4114 τους)
2445 4046 2618 4121 ἑτέραν
2675 4046 2803 4099 εἶναι
2858 4044 2991 4105 ζωὴν
3044 4045 3176 4115 μετὰ
3233 4045 3328 4100 τὴν
3377 4038 3638 4091 ἀνάστασιν
3663 4018 3771 4077 διδαξ-
3856 4074 3863 4080 ,

2259 4155 2414 4189 σκων.
2448 4136 2508 4188 Εἰ
2539 4132 2597 4187 δὲ
2630 4139 2720 4187 καὶ
2750 4136 2843 4195 τὰς
2886 4133 3015 4185 ἑπτὰ
3042 4128 3307 4204 χιλιάδας
3345 4137 3442 4181 τῶν
3485 4124 3591 4178 ἑτῶν
3618 4123 3689 4171 τοῦ
3706 4127 3772 4163 πα·
3859 4172 3863 4195 λ

2256 4232 2433 4299 ρόντος
2489 4230 2690 4297 κόσμου
2742 4223 2893 4275 λάϐοι
2952 4241 3053 4287 τις,
3108 4225 3251 4285 ἤτοι,
3311 4222 3427 4278 τούς
3476 4215 3589 4268 ἐπτά
3631 4207 3773 4259 «iam
3861 4262 3863 4289 ὲ

482 4240 669 4297 vitam
724 4246 859 4313 post
901 4241 1411 4298 resurrectionem.
1468 4242 1639 4308 Quod
1684 4244 1733 4298 si
1780 4245 1915 4316 quis
1968 4246 2143 4301 etiam

484 4334 710 4402 septem
745 4330 928 4388 millia
954 4347 1251 4387 annorum
1294 4333 1600 4404 praesentis
1630 4333 1840 4389 mundi
1873 4335 2144 4406 accipiat,

482 4418 603 4475 sive
631 4424 861 4493 septem
896 4421 1114 4478 saecula
1143 4422 1365 4494 quibus
1396 4421 1535 4478 vixit
1564 4423 1880 4479 hominum
1910 4429 2143 4491 natura,

482 4524 518 4564 a
547 4510 847 4567 verisimili
878 4527 1000 4567 non
1033 4512 1348 4568 aberrabit.
1384 4512 1609 4568 Nullius
1640 4517 1841 4569 autem
1871 4513 1979 4569 erit
1999 4529 2148 4570 uxor

482 4603 617 4667 post
644 4601 1158 4666 resurrectionem,
1192 4617 1330 4657 cum
1355 4602 1478 4658 haec
1516 4602 1696 4658 ﬁuem
1726 4602 2004 4670 habeant,
2041 4603 2146 4659 sed

482 4684 640 4741 aliud
672 4688 958 4745 saeculum
987 4697 1267 4748 octavum
1290 4694 1458 4764 quod
1479 4692 1661 4748 ﬁnem
1678 4707 1801 4748 non
1821 4691 2023 4759 habet,
2048 4709 2148 4749 ac-

484 4773 659 4845 cipiet
683 4774 865 4832 illam.

550 4864 710 4919 Vers.
745 4866 833 4919 29.
878 4867 1237 4938 Respondens
1283 4902 1352 4911 —
1388 4871 1519 4927 Dei.
1572 4870 1886 4937 Fallimiui,
1929 4876 1994 4929 ut
2038 4874 2141 4946 qui

2178 4287 2225 4343 D

2259 4296 2335 4379 οἷς
2388 4296 2619 4388 ὡμίλησε
2671 4321 2772 4366 τῶν
2802 4312 3083 4386 ἀνθρώπων
3136 4313 3167 4369 ἡ
3207 4312 3389 4382 φύσις,
3429 4306 3528 4378 οὐχ
3563 4296 3781 4373 ἁμαρτέσα
3845 4344 3863 4380 ,Α

2258 4412 2349 4458 τοῦ
2380 4406 2573 4465 εἰκότος
2625 4404 2765 4475 (82),
2834 4403 2902 4453 ὧν
2960 4397 3173 4461 οὐδενὸς
3231 4403 3385 4452 ἔσται
3439 4397 3556 4468 γυνὴ
3596 4384 3807 4475 μετάπξε

2266 4446 2347 4458 ιν*
2380 4446 2572 4465 *δ’-*ινδ
2626 4446 2765 4475 κει-ν)
2835 4446 2897 4453 ἠν
2963 4446 3171 4461 νν-ν--ν
3232 4446 3384 4452 -ν-νπ
3446 4446 3487 4468 1⁷
3544 4446 3552 4451 -
3596 4446 3604 4461 ι

2259 4493 2568 4563 ἀνάστασιν,
2626 4494 2820 4545 τούτων
2876 4493 2966 4564 μὲν
3022 4493 3176 4565 πέρας
3232 4487 3507 4550 λαϐόντων,
3566 4479 3705 4550 ἑτέρον
3862 4542 3863 4545 η

2259 4583 2596 4642 ἀτελευτήτου
2672 4589 2761 4634 τοῦ
2845 4576 3039 4653 ὀγδόου
3121 4578 3308 4639 αἰῶνος
3378 4558 3805 4655 παροιλοψιϐεένΜος

2258 4672 2469 4746 αὐτὴν]
3800 4672 3805 4753 ξ
3826 4724 3827 4727 η

2330 4869 2657 4941 Ἀποκριθεὶς
2711 4896 2779 4908 -
2820 4870 2973 4922 Θεοῦ.
3035 4863 3330 4931 Πλανᾶσθε,
3390 4860 3454 4919 ὠς
3505 4859 3569 4932 μὴ
3620 4853 3788 4902 νοοῦντες
3856 4838 3863 4855 ”

551 4989 570 5023 ⁷
606 4987 773 5045 Deut.
799 5004 929 5057 xxv,
963 4994 993 5045 5

1686 5170 1912 5241 Variae
1961 5172 2293 5259 lectiones
2329 5180 2396 5249 et
2440 5179 2644 5253 notas.

487 5436 498 5447 ,
552 5365 668 5438 (81)
697 5366 838 5448 Quae
1000 5364 1366 5448 inclusimus.
1399 5379 1470 5420 ea
1508 5365 1567 5448 in
1586 5367 1733 5448 god.
1782 5371 1829 5425 Α
1865 5367 2145 5448 leguntur
2253 5372 2429 5448 atque
2458 5370 2742 5448 tortuosae
2766 5366 2925 5448 sunt.
2954 5363 3190 5448 Avertat
3217 5363 3382 5418 Deus
3409 5359 3469 5415 in
3497 5358 3751 5429 posterum
3770 5328 3801 5394 ί

482 5436 544 5519 in
558 5432 849 5519 ἱωὰιῖείρθ,
874 5436 1336 5519 ίνὶὺμυῐιιιιιηυο
1360 5432 2142 5519 sancto_Maximo,ci_]'jusin-
2252 5432 2458 5519 litteris
2492 5438 2679 5519 sacris
2708 5436 2856 5507 tales
2885 5434 3259 5519 interpretes.
3820 5432 3845 5484 ’ς

484 5505 931 5580 terpretationes
950 5505 1258 5580 pleraeque
1272 5522 1478 5563 omnes
1500 5505 1858 5580 allegoriae,
1876 5505 2143 5569 obscurae

2325 5510 2440 5582 (82)
2474 5515 2694 5573 Σκόποῦ,
2728 5505 2833 5581 pro
2865 5505 3077 5572 εἰκότος,
3108 5505 3169 5559 Α.

550 5634 664 5706 (zz)
688 5633 759 5689 In
790 5638 953 5690 statu
978 5648 1311 5704 poenarum.
1345 5630 1542 5687 Poenae
1565 5632 1716 5690 loco.
