3904 6210
70 51 515 109 W7

222 80 369 95 -.τρι

222 80 237 95 ;
300 80 313 89 ιτ
356 82 369 89 ΔΙ

66 110 83 135 ,⁸

68 412 79 447 τ
182 449 251 507 τὰς
288 439 440 518 Γραφὰς
480 434 554 496 τὰς
616 432 961 507 προφητικὰς,
1024 431 1214 493 αἳτινες
1282 427 1340 482 οῦ
1388 428 1654 492 τοιαύτην,
1691 429 1731 478 Α

178 537 264 589 οἷαν
302 515 621 599 ύπολαμϐάνετε,
682 518 1099 596 δογματίζουσιν
1154 518 1462 572 ἀνάστασιν.
1522 515 1657 569 Πλα-

174 624 293 676 νασθε
329 615 375 670 δε
406 620 489 679 καὶ,
530 614 590 673 ὡς
628 616 701 684 μὴ
758 608 954 674 εἰδότες
983 616 1073 670 τὴν
1105 606 1327 681 δύναμιν
1357 613 1449 659 τοῦ
1500 613 1656 667 Θεοῦ,

162 716 233 768 τὴν
270 707 506 777 ἰσχύουσαν
546 700 843 761 ἀναστῆσαι
889 704 1014 764 τούς
1068 702 1278 774 νεκρούς
1336 699 1502 769 χωρὶς
1558 692 1657 745 τῶν

163 799 359 871 προτέρων
377 796 573 865 σχέσεων
602 796 692 843 καὶ
712 793 890 843 παθῶν
904 835 917 847 .

215 887 273 938 Ἐν
309 912 367 925 -
411 880 784 953 ἑκγαμίςονται.
860 882 993 932 Οῦτε
1044 884 1307 950 γαμοῦσιν
1355 877 1405 927 οὶ
1451 868 1655 947 ἄνδρες,

158 975 242 1027 οὔτε
287 970 607 1045 ἂγαμίζονται
659 970 714 1021 αἱ
758 974 1018 1041 γυναῖκες,
1064 971 1328 1020 τουτέστιν
1386 963 1444 1016 ού
1504 961 1659 1014 συνά-

153 1081 311 1116 πτονται
355 1055 599 1135 ἀνδράσιν,
661 1059 730 1120 ὡς
782 1063 854 1131 μὴ
887 1061 1053 1121 οὔσης
1090 1053 1196 1108 ἐκεῖ
1233 1057 1464 1128 σχέσεως
1492 1070 1656 1125 γαμι-

148 1161 236 1214 κῆς.
270 1152 388 1223 Παρά
414 1146 466 1202 δε
506 1156 575 1200 τῶ
633 1153 815 1219 Λουκᾷ
859 1148 1198 1222 προσέθηκεν,
1245 1144 1324 1196 ὃτι
1354 1144 1485 1196 Οῦτε
1530 1141 1655 1192 ἀπο-

151 1243 276 1293 θανεῖν
314 1241 371 1291 ἔτι
407 1235 663 1306 δύνὼιται,
719 1233 992 1304 δεικτύων,
1037 1238 1109 1298 ὡς
1155 1236 1181 1287 ὁ
1227 1235 1392 1306 γάμος
1438 1226 1533 1283 διὰ
1570 1231 1654 1280 τὸν

144 1332 310 1381 θάνατον
368 1330 572 1400 γειονεν,
668 1324 781 1380 ἀντὶ
856 1334 956 1380 τῶν
1036 1324 1382 1378 τελευτώντων
1458 1320 1655 1393 ἐτέρους

142 1416 479 1472 ὑποϐλαστάνειν.
528 1415 703 1469 Ὀπου
761 1412 821 1470 δε
876 1416 1094 1478 θάνατος
1146 1413 1245 1466 οὐκ
1300 1414 1462 1478 εστιν,
1530 1405 1655 1462 οὐδὲ

128 1508 256 1579 γάμος
272 1506 442 1562 λοιπόν.

179 1594 283 1647 Ἀλλ’
324 1626 385 1636 -
427 1594 551 1653 εἰσι.
626 1598 752 1670 Περὶ
799 1598 967 1669 μόνων
1014 1601 1113 1645 τῶν
1165 1588 1384 1645 δικαίων
1434 1588 1657 1643 ἐνταῦθα

126 1683 237 1754 λέγει,
274 1685 342 1737 ὅτι
384 1691 471 1737 τοῦ
519 1683 710 1737 λοιποῦ
751 1686 817 1745 ὡς
867 1682 1078 1755 ἀγγελοί
1125 1682 1277 1748 εἰσιν,
1319 1682 1455 1732 κατὰ
1496 1680 1554 1730 τὸ
1599 1676 1654 1730 ἁ·
1685 1718 1729 1784 Β

184 1768 568 1784 .......
762 1768 1055 1784 -...
1221 1767 1488 1784 ....

130 1774 237 1833 πάθες
267 1778 341 1825 καὶ
376 1768 711 1846 ἁφιλήδονον,
758 1775 834 1825 ἔτι
874 1768 934 1825 δὲ
973 1776 1064 1825 καὶ
1109 1773 1243 1823 κατὰ
1290 1773 1348 1822 τὸ
1397 1767 1656 1843 ἀκήρατον

124 1868 186 1913 ui
228 1859 489 1934 φωτοειδές.
545 1864 621 1918 Τὸ
700 1857 780 1932 δε,
835 1860 925 1925 Ὠς
995 1859 1205 1934 ἄγγελοι
1259 1867 1351 1912 τοῦ
1410 1866 1543 1913 Θεοῦ
1608 1855 1656 1910 ἐν

124 1949 285 2021 οὐρανῷ,
327 1949 431 2004 ἀντὶ
482 1958 598 2022 τοῦ,
639 1953 703 2012 ὡς
753 1949 963 2023 ἄγγελοι
1009 1958 1101 2003 τοῦ
1161 1956 1316 2015 Θεοῦ,
1373 1950 1422 2002 οἱ
1473 1947 1522 2000 ἐν
1574 1946 1659 1999 ού-

116 2046 234 2112 Ροῷ·
269 2044 402 2094 Οὕτω
429 2040 544 2114 (83)
593 2042 701 2114 γὰρ
732 2037 866 2092 εἶπεν
910 2042 937 2092 ὁ
976 2042 1208 2113 Μάρκος.
1262 2043 1469 2099 Λουκᾶς
1501 2031 1561 2089 δὲ
1598 2037 1656 2086 τὸ

118 2128 244 2193 μεῖζόν
285 2149 446 2201 oraui,
518 2129 606 2182 ὅτι
660 2134 760 2183 Καὶ
821 2131 926 2182 υἱοί
992 2130 1122 2181 εἰσιν
1193 2135 1286 2181 τοῦ
1350 2133 1505 2192 Θεοῦ,
1564 2131 1660 2186 τῆς

451 2220 563 2272 υἱοί
665 2222 825 2287 ὄντες,
915 2221 1205 2283 τουτέστιν,
1301 2215 1661 2287 ἀναγεννηθέν-

109 2321 167 2363 τις
206 2302 278 2358 διὰ
327 2304 415 2369 τῆς
485 2309 857 2372 ἀναστάσεως,
922 2308 1040 2370 ἣτις
1105 2307 1218 2359 ἐστὶ
1268 2305 1655 2378 παλιγγενεσία.

113 2396 203 2465 Περὶ
233 2403 310 2445 τῶν
336 2394 556 2449 δικαίων
602 2399 714 2471 γὰρ
752 2398 955 2470 εἴρηται
995 2396 1115 2469 παρ’
1170 2395 1312 2467 αύτῷ
1352 2400 1441 2448 καὶ
1480 2399 1560 2464 τὸ,
1594 2396 1659 2447 Οἱ

104 2474 145 2531 ᾖ
182 2483 550 2548 καταξιωθέντες
600 2492 709 2538 τοῦ
738 2487 919 2547 αἰῶνος
967 2482 1158 2537 ἐκείνου
1200 2490 1384 2557 τυχεῖν
1432 2488 1523 2536 καὶ
1564 2488 1660 2547 τῆς

104 2563 363 2634 ἕως-τάσεως
385 2581 478 2637 τῆς
511 2574 576 2627 ἐκ
604 2582 827 2649 νεκρῶν,
850 2579 940 2627 καὶ
966 2577 1033 2628 τὰ
1064 2574 1215 2637 ἑξῆς.

147 2814 241 2889 [⁷8
421 2832 530 2876 τῶν
609 2823 851 2896 ἀγγέλων
896 2826 1054 2897 φύσις
1107 2828 1201 2884 τὴν
1250 2823 1322 2887 εἰς
1367 2824 1519 2899 άῤῥεν
1565 2824 1656 2875 καὶ

90 2904 189 3003 515.)»
242 2905 488 2985 διαιρεσιν
549 2913 663 2965 οὐκ
721 2910 1045 2986 ἐπιδέχεται,
1110 2908 1248 2967 διότι
1309 2920 1406 2976 τῆς
1472 2913 1658 2974 θνητῆς
1689 2947 1730 3006 C

93 2994 250 3060 ρέσεως
289 3001 321 3057 ἡ
366 3004 595 3060 τοιαύτη
661 2998 949 3075 διαίρεσις,
997 3002 1083 3055 οἷα
1124 3009 1221 3065 τῆς
1264 3002 1379 3074 (85)
1428 2999 1523 3055 διὰ
1564 3000 1657 3056 τοῦ

81 3086 211 3153 τάμον
256 3086 614 3154 παιδοποιῖας
679 3094 739 3143 τὸ
800 3088 893 3144 διὰ
946 3098 1039 3144 τοῦ
1088 3093 1310 3145 θανάτου
1358 3094 1656 3166 κενούμενον

86 3166 445 3253 ὃπλκρούσης]
457 3222 474 3237 .

127 3265 223 3334 Περὶ
277 3297 343 3306 -
399 3266 661 3334 Ἰοαώϐ;
696 3264 1022 3340 κἘπειδήπερ
1085 3266 1268 3321 ἐκεῖνοι
1341 3270 1429 3321 τὸν
1498 3275 1658 3323 Μωῦ-

79 3351 147 3398 τίει
172 3353 517 3427 προεϐάλοντο,
568 3357 774 3410 λοιπὸν
817 3360 907 3409 καὶ
951 3356 1107 3420 αὐτὸς
1151 3356 1251 3410 ἀπὸ
1293 3366 1391 3421 τῆς
1430 3364 1656 3413 Μωσαῑ-

69 3444 141 3498 li;
172 3453 351 3516 γραφῆς
405 3449 651 3508 τούτους
709 3444 1056 3519 ἐπιστομίζει.
1112 3447 1192 3500 Ἐν
1233 3456 1296 3522 τῇ
1343 3446 1509 3521 βίϐλῳ
1551 3450 1652 3525 ’γὰρ

171 3528 369 3592 Ἐξόδου
416 3539 488 3588 τὰ
538 3537 796 3611 ῥηθέντα
836 3540 1147 3611 γέγραπται.
1198 3541 1299 3590 Καὶ
1350 3541 1532 3591 σκόπει
1565 3541 1653 3591 τὸν

65 3610 191 3684 ἔαγε-ι·
218 3619 341 3692 Ἐγώ
370 3623 485 3697 εἰμι
535 3610 567 3678 ὅ
600 3627 754 3687 Θεὸς
785 3610 1043 3700 ’Δϐραὰμ,
1093 3632 1185 3679 καὶ
1222 3628 1248 3679 ὁ
1297 3630 1424 3689 Θεὸς
1450 3627 1651 3697 Ἰσαὰκ,

60 3720 126 3753 ιιι
166 3708 191 3758 ὁ
231 3716 351 3774 Θεὸς
378 3713 617 3786 Ἰακὼϐ,
696 3714 759 3767 ού
811 3722 933 3767 τῶν
962 3717 1129 3774 πάντη
1185 3726 1393 3791 νεκρῶν·
1456 3717 1501 3770 εἰ
1549 3720 1652 3791 γὰρ

222 3808 378 3877 νεκροὶ
422 3800 601 3875 ἦσαν,
670 3800 815 3857 εἶπεν
866 3806 948 3870 οἶν,
1001 3806 1081 3858 ὅτι
1110 3805 1241 3879 Ἐγώ
1273 3807 1411 3879 ἢμην
1442 3808 1468 3858 ὁ
1510 3811 1650 3868 Θεόςο

162 3883 213 3939 (τε
240 3887 391 3963 εἶπεν,
434 3896 529 3947 ὅτι
560 3895 727 3966 Ἐγώ
773 3893 880 3967 εἰμι
925 3896 952 3947 ὸ
996 3897 1139 3965 Θεὸς,
1171 3878 1382 3962 ἔδειξεν,
1432 3897 1513 3949 ὅτι
1554 3904 1653 3949 τῶν

53 3982 299 4033 marini
352 3981 709 4055 μελλόντων.
780 3981 979 4058 Ὠσπερ
1060 3986 1162 4057 γὰρ
1245 3985 1273 4037 ὁ
1342 3982 1537 4058 ’Δδάμ,
1612 3985 1657 4039 εἰ

45 4065 121 4110 ιειὶ
302 4071 382 4133 ἔζη
425 4075 584 4145 μετά
631 4076 749 4130 τὴν
798 4069 899 4125 ἀπὸ
946 4079 1039 4126 τοῦ
1090 4072 1242 4136 ξύλου
1273 4072 1466 4127 ἑκείνου
1508 4074 1654 4151 βρῶ-

50 4163 133 4217 εη,
168 4149 264 4205 ἀλλ’
296 4155 383 4211 οὖν
428 4160 484 4213 ἄν
598 4164 798 4235 ἡμέρᾳ
831 4163 1004 4235 ἔφαγε,
1041 4163 1255 4222 τέθνηκε
1297 4171 1360 4237 τῇ
1395 4149 1654 4237 ἀποφάσει

997 295 1366 364 COMMENT.
1410 288 1479 358 1N
1516 284 1950 357 MATI‘H/EUM.
1992 331 2060 340 _
2099 298 2251 356 CAP.
2296 287 2467 356 XXII.

3309 289 3416 357 882

1768 439 1889 480 non
1919 420 2239 494 intelligitis
2290 424 2666 498 propheticus
2715 425 3044 498 Scripturas
3096 442 3232 500 quas
3292 443 3416 485 non

1767 513 1967 581 talem,
2022 506 2265 589 qualem
2313 530 2414 570 vos
2472 514 2883 587 suspicamini,
2950 516 3166 572 docent
3228 534 3418 575 resur-

1767 603 2130 658 rectionem:
2190 618 2245 657 et
2306 602 2485 659 veluti
2554 604 2899 672 ignorantes
2964 605 3242 663 virtutem
3294 609 3413 674 Dei,

1767 707 1896 765 quae
1948 696 2217 746 mortuos
2262 691 2614 747 resuscitare
2673 699 2884 765 potest,
2941 694 3066 750 sine
3114 695 3415 768 prioribus

1765 778 2074 835 habitibus
2099 785 2154 836 et
2174 779 2505 836 affectibus.

1842 870 1996 925 Vers.
2048 872 2136 925 30.
2198 868 2263 923 In
2299 900 2367 909 ——
2412 869 2634 939 nuptui
2690 870 3025 929 tradentur.
3058 875 3259 947 Neque
3311 874 3418 931 viri

1769 955 2220 1014 matrimonium
2292 958 2660 1023 contrahent,
2721 964 2916 1031 neque
2974 962 3251 1019 mulieres
3309 980 3418 1020 nu-

1765 1046 1893 1119 ptui
1917 1045 2241 1112 tradentur,
2270 1047 2382 1103 hoc
2411 1052 2648 1113 est,non
2679 1048 3121 1119 conjungentur
3146 1051 3306 1118 viris,
3333 1057 3419 1109 ut-

1765 1140 1903 1208 pote
1920 1150 2040 1192 non
2063 1135 2467 1191 exsistenteibi
2482 1134 2697 1192 aﬁ‘ectu
2714 1137 2985 1209 nuptiali.
3004 1136 3173 1210 Apud
3197 1138 3417 1197 Lucam

1764 1227 1966 1281 autem
2005 1223 2278 1281 addidit:
2317 1224 2519 1297 Neque
2565 1226 2827 1295 amplius
2855 1229 3009 1283 mori
3031 1223 3309 1297 poterunt
3355 1230 3417 1296 8;

1763 1314 2081 1371 ostendens
2129 1314 2295 1386 quod
2355 1315 2576 1386 nuptiae
2617 1320 2862 1388 propter
2921 1322 3174 1374 mortem
3248 1318 3419 1376 facta:

1764 1408 1922 1469 sunt,
1979 1407 2043 1458 ut
2081 1402 2213 1459 loco
2270 1409 2638 1459 mortuorum
2690 1404 2791 1461 alii
2848 1412 3255 1476 generentur;
3316 1408 3420 1463 ubi

1764 1497 1961 1549 autem
2004 1507 2125 1548 non
2180 1495 2270 1547 est
2323 1508 2505 1561 mors,
2560 1492 2687 1563 jam
2750 1506 2947 1566 neque
2988 1496 3213 1567 nuptiae
3260 1502 3416 1553 sunt.

1836 1582 1994 1637 Vers.
2027 1582 2115 1638 30.
2143 1581 2264 1637 Sed
2289 1612 2355 1622 --
2387 1587 2575 1638 erunt.
2624 1585 2700 1637 De
2732 1582 2872 1637 solis
2893 1583 3069 1654 justis
3115 1584 3254 1640 dicit
3298 1584 3416 1654 hic,

1764 1673 1923 1743 quod
1951 1671 2233 1743 deinceps
2275 1670 2452 1744 quasi
2513 1671 2709 1741 angeli
2768 1677 2959 1739 erunt,
3013 1679 3309 1746 quantum
3340 1673 3418 1730 ad

1765 1758 2146 1816 aﬁ‘ectionum
2173 1774 2242 1815 ac
2284 1759 2660 1831 voluptatum
2702 1761 3026 1817 carentium
3055 1780 3074 1833 ;
3131 1765 3421 1835 praeterea

1765 1848 1943 1904 etiam
1992 1848 2198 1920 quoad
2253 1848 2766 1905 immortalitatem
2830 1850 3147 1923 lucemque
3217 1866 3422 1923 perpe-

1765 1940 1931 1994 tuam
2004 1937 2104 2009 (a).
2164 1937 2332 2003 Quod
2416 1940 2616 1993 autem
2702 1937 2885 1993 dicit:
2971 1939 3144 2011 quasi
3225 1938 3420 2011 angeli

1768 2027 1868 2082 Dei
1897 2027 1955 2081 in
1988 2026 2159 2095 coelo,
2190 2026 2305 2081 hoc
2348 2030 2457 2092 est,
2491 2025 2666 2099 quasi
2733 2027 2932 2096 angeli
2965 2027 3084 2097 Dei,
3140 2027 3246 2100 qui
3284 2031 3423 2084 sunt

1765 2114 1828 2171 in
1875 2114 2045 2171 coelo.
2107 2115 2195 2171 Ita
2246 2113 2407 2170 enim
2473 2113 2621 2169 dixit
2671 2114 2906 2171 Marcus
2958 2118 3001 2167 ⁸.
3048 2115 3236 2171 Lucas
3280 2130 3422 2172 vero

1766 2205 1930 2277 quod
2020 2203 2219 2276 majus
2279 2207 2365 2259 est
2425 2202 2610 2258 dicit:
2666 2204 2741 2260 Et
2786 2204 2905 2273 ﬁlii
2950 2211 3117 2260 erant
3174 2206 3280 2262 Dei
3350 2205 3417 2276 ιο,

1766 2309 1903 2349 cum
1937 2293 2201 2348 futurum
2241 2290 2340 2358 sit,
2379 2294 2443 2347 ut
2480 2291 2598 2347 sint
2631 2291 2737 2347 ﬁlii
2784 2294 3248 2359 resurrectionis,
3307 2294 3423 2350 hoc

1766 2385 1872 2448 est,
1927 2381 2259 2453 regenerati
2309 2396 2412 2453 per
2468 2381 2957 2437 resurrectionem
3001 2398 3135 2455 quae
3192 2386 3279 2438 est
3321 2382 3421 2439 ite-

1765 2476 1897 2528 rata
1943 2469 2268 2542 generatio.
2311 2472 2392 2525 De
2434 2469 2616 2540 justis
2653 2470 2814 2526 enim
2863 2470 3045 2527 etiam
3089 2471 3169 2527 ab
3216 2487 3288 2528 eo
3340 2472 3425 2528 di-

1764 2566 1926 2616 ctum
1954 2565 2046 2616 est
2092 2581 2104 2614 :
2141 2560 2255 2627 Qui
2296 2573 2433 2616 vero
2462 2558 2631 2629 digni
2683 2559 3079 2629 habebuntur,
3134 2565 3199 2616 ut
3249 2577 3419 2618 saecu-

1766 2650 1889 2705 lum
1910 2648 2064 2705 illud
2093 2653 2531 2719 consequantur
2553 2653 2609 2705 et
2639 2649 3129 2707 resurrectionem
3172 2664 3247 2707 ex
3264 2666 3418 2707 mor-

1765 2737 1880 2793 tuis
1903 2738 1972 2803 υ,
2002 2741 2109 2794 etc.

1835 2834 1878 2904 -ι-
1906 2833 2261 2905 Angelorum
2290 2836 2506 2890 natura
2524 2831 2881 2889 divisionem
2912 2833 2971 2889 in
3002 2833 3341 2891 masculum
3364 2838 3422 2891 et

1765 2921 2052 2978 feminam
2122 2920 2245 2979 non
2314 2922 2588 2995 suscipit,
2672 2922 2810 2995 quia
2860 2921 3129 2979 mortalis
3185 2930 3420 2980 natura:

1763 3017 1852 3067 est
1883 3010 2223 3083 bujusmodi
2269 3010 2505 3077 divisio,
2566 3015 2628 3068 ut
2684 3026 2789 3084 per
2837 3011 3094 3068 ﬁliorum
3145 3026 3418 3085 procrea-

1761 3100 2005 3166 tionem,
2038 3115 2173 3173 quae
2197 3100 2258 3157 in
2287 3099 2511 3173 nuptiis
2535 3104 2640 3166 est,
2680 3099 2907 3173 repleat
2952 3101 3013 3158 id
3035 3100 3201 3175 quod
3225 3107 3413 3159 morte

1763 3193 2107 3248 evacuatur.

1832 3298 1993 3353 Vers.
2020 3300 2107 3353 31.
2139 3297 2216 3353 De
2242 3328 2312 3337 —
2342 3296 2507 3353 Vers.
2548 3296 2636 3351 32.
2664 3296 2842 3353 Iacob
2872 3297 2900 3353 ?
2925 3295 3079 3364 Quia
3109 3297 3189 3352 illi
3215 3299 3416 3354 Mosen

1761 3384 2275 3457 objecerunt,jam
2303 3386 2484 3442 etiam
2541 3384 2808 3442 Mosaica
2852 3385 3151 3458 Scriptura
3212 3401 3419 3442 eorum

1761 3472 2025 3531 obdurat
2042 3489 2168 3532 ora.
2200 3475 2265 3530 In
2290 3473 2444 3531 libro
2476 3474 2635 3531 enim
2684 3473 2871 3530 Exodi
2899 3473 3120 3547 scripta
3150 3479 3289 3531 sunt
3348 3476 3414 3541 1’,

1760 3579 1896 3637 quae
1951 3563 2046 3619 hic
2100 3564 2401 3620 dicuntur.
2450 3565 2518 3620 Et
2566 3562 2877 3620 considera
2922 3562 3240 3630 rationem,
3290 3564 3419 3635 Ego

1759 3668 1885 3710 sum
1917 3655 2076 3711 Deus
2102 3653 2435 3719 Abraham,
2468 3657 2521 3710 et
2561 3653 2714 3711 Deus
2752 3652 2917 3710 Isaac
2946 3659 2999 3709 et
3029 3653 3184 3710 Deus
3211 3652 3416 3720 Jacob,

1760 3758 1884 3799 non
1923 3743 2158 3815 penitus
2207 3747 2616 3813 mortuorum;
2643 3757 2787 3800 nam
2818 3742 2867 3797 si
2910 3742 3152 3815 penitus
3201 3740 3421 3799 mortui

1760 3831 2030 3897 fuissent,
2070 3832 2314 3889 dixisset
2353 3831 2556 3904 utique
2599 3848 2612 3887 :
2657 3832 2779 3902 Ego
2822 3846 2990 3888 eram
3028 3825 3219 3903 Deus;
3258 3846 3422 3888 nunc

1761 3923 1963 3976 autem
2004 3919 2149 3992 quia
2186 3920 2355 3984 dixit,
2390 3920 2521 3992 Ego
2549 3936 2679 3976 sum
2706 3918 2861 3977 Deus
2902 3919 3236 3990 Abraham,
3283 3925 3418 3987 etc.,

1762 4008 2022 4065 ostendit
2062 4006 2229 4082 quod
2259 4025 2469 4065 eorum
2499 4008 2605 4083 qui
2634 4008 3023 4067 resurrecturi
3052 4011 3238 4077 erant,
3280 4012 3417 4065 tan-

1762 4112 1943 4171 quam
1965 4097 2260 4165 vivorum,
2285 4097 2442 4154 Deus
2467 4103 2648 4153 esset.
2678 4096 2842 4154 Sicut
2861 4098 3021 4154 enim
3041 4097 3256 4165 Adam,
3284 4097 3426 4155 licet

1761 4186 2001 4243 vivebat
2061 4190 2195 4261 post
2242 4185 2390 4257 ligni
2442 4184 2600 4241 illius
2652 4202 2841 4253 esum,
2900 4189 3164 4243 attamen
3214 4187 3276 4242 in
3323 4186 3421 4244 die

45 4242 116 4337 Γξῖ
138 4242 366 4311 “limis.
411 4251 575 4305 οῦτω
635 4256 747 4304 καὶ
791 4250 957 4319 οὗτοι,
1008 4251 1052 4303 si
1098 4256 1189 4305 καὶ
1227 4251 1499 4323 ἀπέθανον,
1544 4252 1652 4307 ἀλλ’

138 4331 181 4348 ς.
313 4345 333 4348 ,
374 4340 389 4348 -
600 4345 611 4348 _
885 4338 899 4348 .
1068 4343 1077 4348 .

1837 4291 1884 4331 to
1911 4275 2192 4343 comedit,
2227 4280 2499 4331 mortuus
2527 4280 2615 4331 est
2642 4291 2748 4348 per
2775 4275 2984 4331 mortis
3015 4275 3371 4331 sententiam
3402 4291 3415 4331 :

45 4319 115 4374 ’δ’
134 4331 339 4410 ἷξε-ιηή
365 4340 719 4413 ὑποσχέσει
750 4348 846 4402 τῆς
875 4338 1230 4404 ἀναστάσεως.

90 4524 191 4610 Οὐκ
230 4561 293 4573 —
336 4537 596 4596 ζώντων,
669 4535 740 4589 '0
925 4538 1027 4610 γὰρ
1085 4541 1224 4604 Θεὸς,
1279 4545 1347 4589 ὢν
1394 4543 1485 4590 καὶ
1529 4538 1651 4598 ζῶν·

96 4608 149 4668 ’ἢ
186 4632 361 4693 δαρὸς,
425 4629 540 4681 οὐκ
576 4632 668 4679 ὧν
731 4630 824 4678 καὶ
871 4625 930 4678 ού
975 4608 1096 4687 ζῶν.
1134 4631 1233 4680 Καὶ
1281 4631 1384 4700 μὴν
1419 4627 1654 4701 ἀλλαχοῦ

355 4716 481 4770 Ἱνα
547 4721 670 4770 καὶ
742 4723 930 4790 νεκρῶν
977 4721 1067 4768 καὶ
1116 4716 1319 4777 ζώντων
1375 4722 1651 4794 κυριεύσῃ.

47 4790 149 4847 liii
195 4801 342 4858 ιᾶιιί
388 4810 661 4883 νεκροὺς
725 4809 854 4871 νόει,
891 4810 1021 4869 τοὺς
1080 4805 1415 4878 μᾶναστῆναι
1479 4809 1654 4862 ἔλλον-

74 5002 95 5033 ⁸
125 5004 241 5065 an.
262 5028 369 5081 xx,
402 5017 510 5071 36.
662 5013 695 5047 ’
726 5012 901 5069 Marc.
930 5028 1027 5080 xu,
1055 5016 1142 5070 25.

1258 5014 1319 5075 ¹⁰.
1336 5015 1475 5072 Luc.
1507 5031 1599 5083 xx,
1639 5016 1749 5099 39,.

1762 4360 1846 4420 sic
1876 4368 1933 4421 et
1959 4363 2053 4421 isti
2082 4380 2439 4438 quanquam
2487 4364 2705 4420 mortui
2733 4368 2921 4429 erant,
2961 4367 3224 4420 attamen
3257 4362 3424 4420 vive-

1762 4455 1909 4512 bant
1935 4470 2040 4528 per
2064 4451 2511 4510 resurrectionis
2540 4452 3025 4526 promissionem.

1834 4545 1993 4599 Vers.
2019 4547 2106 4600 32.
2129 4543 2259 4600 Non
2283 4574 2352 4583 —
2374 4543 2714 4600 viventium.
2738 4542 2888 4596 Deus
2911 4538 3207 4612 siquidem
3231 4543 3287 4596 et
3309 4543 3415 4606 est,

1764 4637 1821 4689 et
1871 4632 2011 4689 vivit
2055 4649 2068 4688 :
2124 4638 2393 4688 mortuus
2437 4648 2574 4687 vero
2601 4647 2709 4687 nec
2735 4633 2842 4697 est,
2875 4645 2984 4685 nec
3026 4627 3187 4685 vivit.
3242 4624 3419 4702 Atqui

1764 4721 1903 4778 alibi
1942 4722 2226 4797 scriptum
2274 4724 2360 4777 est
2395 4742 2406 4774 :
2448 4721 2520 4778 Ut
2550 4728 2601 4778 et
2631 4725 3004 4777 mortuorum
3048 4722 3101 4775 et
3151 4717 3420 4779 vivorum

1763 4811 2102 4868 dominetur
2121 4812 2189 4864 1³.
2215 4808 2330 4867 Sed
2351 4809 2433 4866 ibi
2454 4802 2696 4886 quoque
2718 4814 2988 4866 mortuos
3011 4802 3270 4880 intelligo
3290 4824 3419 4876 eos,

1844 5017 1889 5071 l1
1930 5015 2078 5097 Ibid.
2109 5017 2200 5091 3:3.
2313 5017 2359 5053 ¹²
2394 5015 2575 5081 Exod.
2608 5032 2689 5089 ut,
2722 5020 2774 5073 6.
2885 5016 2933 5053 ¹³
2964 5017 3288 5080 Romam
3358 5013 3415 5068 9.

1256 5193 1485 5269 Variae
1511 5193 1843 5267 lectiones
1887 5203 1954 5263 et
1984 5204 2188 5263 notae.

54 5408 153 5543 ﬁt
176 5416 356 5488 Urget
381 5433 557 5489 ergo
593 5412 949 5491 articulum
967 5416 1017 5468 oi
1046 5417 1206 5500 apud
1227 5418 1509 5499 Marcum.

140 5498 157 5543 1
190 5486 433 5543 Inclusa
485 5486 741 5543 codex
766 5495 1013 5543 uterque
1044 5503 1108 5543 in
1137 5503 1408 5543 margine
1443 5489 1509 5543 ha

138 5486 157 5549 'l
190 5486 433 5547 Inclusa
464 5486 741 5546 'codex
766 5486 1013 5559 uterque
1044 5486 1108 5544 in
1137 5489 1408 5559 margine
1443 5489 1642 5546 habet.

58 5668 445 5734 tangendi;
460 5683 623 5728 non
655 5666 773 5723 est
788 5665 897 5721 tua:
910 5672 1212 5738 perpetua,
1231 5667 1338 5722 sed
1373 5656 1657 5724 lucidum.

1822 5417 1939 5560 $85)
1971 5416 2192 5486 Malim,
2234 5413 2319 5470 οἶα
2357 5415 2454 5470 διὰ
2480 5425 2589 5479 τῆς.

1847 5490 1940 5559 86)
1980 5487 2154 5553 Εἰκὸς,
2207 5503 2318 5560 pro
2372 5490 2415 5541 si
2461 5494 2552 5541 καί

1847 5487 1940 5559 86)
1980 5487 2154 5553 Εἰκὸς,
2207 5503 2318 5561 pro
2372 5490 2415 5541 si
2461 5494 2552 5541 καί
2596 5491 2664 5543 Λ.
