3904 6210
368 220 476 288 587
1687 202 2037 273 EUTHYMII
2075 202 2404 266 ZIGABENI
3635 204 3730 265 533

370 355 568 415 solum
595 368 667 412 os
690 351 775 411 eis
798 349 1138 420 obduravit,
1162 346 1271 407 sed
1288 350 1346 406 et
1370 347 1642 406 timorem
1672 343 1733 400 in
1760 342 2004 398 futurun

2135 333 2385 408 ἔφιμωσεν
2430 337 2638 405 αὐτοὺς,
2692 334 2819 388 ἀλλὰ
2846 338 2934 387 καὶ
2980 333 3053 394 εἰς
3097 336 3156 385 τὸ
3208 333 3325 396 ἑξῆς
3373 332 3532 405 φόϐον
3565 331 3733 395 αὐτοῖς

366 438 519 518 ipsis
544 442 813 501 incussit.
1052 512 1061 524 ι

441 534 600 593 CAP.
630 533 823 591 XXIII.
844 530 1011 589 Vers.
1046 521 1064 587 l
1100 531 1260 587 Tunc
1278 559 1348 572 —
1374 528 1510 584 suis.
1533 528 1717 595 Tunc,
1735 521 1983 595 quando
2003 526 2026 572 ?

366 623 693 696 Postquam
707 625 996 679 tentantes
1013 619 1357 678 refrenavit:
1381 622 1709 691 postquam
1733 612 1942 677 effecit,
1964 616 2027 667 ut

367 712 629 785 amplius
639 727 759 770 non
777 710 1066 769 auderent
1082 708 1251 765 illum
1276 709 1643 778 interrogare
1669 724 1680 763 :
1700 708 2021 776 postquam

367 800 798 860 demonstravit
826 815 929 857 eos
956 796 1477 855 immedicabiliter
1495 798 1804 864 aegrotare.

435 910 599 966 Vers.
649 912 703 964 2.
754 907 1091 965 Diceaez—
1123 904 1287 960 Vers.
1347 902 1401 956 3.
1450 917 1525 959 ne
1570 902 1849 972 feceritis.
1908 901 2023 957 Mo-

366 998 563 1064 saicae,
604 996 814 1068 inquit,
847 995 1023 1064 sedis,
1052 1009 1187 1066 quae
1226 992 1538 1049 doctorum
1570 997 1677 1056 est,
1710 989 1847 1046 facti
1886 994 2025 1046 sunt

364 1099 744 1143 successores
777 1100 789 1140 :
818 1084 953 1140 ideo
984 1096 1320 1155 quaecunque
1344 1080 1597 1136 dixerint
1626 1079 1781 1136 vobis
1811 1086 1875 1134 ut
1905 1095 2024 1135 ser-

363 1175 517 1239 vetis,
551 1180 778 1231 servate
806 1178 861 1230 et
884 1172 1066 1242 facile
1088 1189 1106 1237 ;
1136 1186 1258 1227 non
1283 1170 1443 1226 enim
1473 1185 1609 1242 quae
1640 1183 1751 1224 sua
1782 1171 1919 1223 sunt
1943 1168 2023 1225 di-

365 1266 506 1319 cunt
545 1261 792 1335 quando
829 1261 1069 1328 docent,
1110 1258 1217 1316 sed
1260 1273 1398 1331 quas
1454 1257 1572 1323 Dei,
1619 1261 1675 1312 et
1723 1273 1857 1329 quae
1915 1272 2022 1329 per

364 1352 588 1408 Mosam
612 1354 833 1407 statuta
861 1352 1016 1406 sunt.
1051 1349 1196 1404 Cum
1228 1351 1430 1403 autem
1461 1346 1602 1403 dicit
1642 1346 1864 1412 omnia,
1896 1362 2018 1403 non

364 1455 544 1498 omne
565 1438 835 1510 intelligit
850 1443 1157 1506 statutum,
1182 1441 1327 1510 puta
1347 1437 1422 1492 de
1449 1436 1756 1492 sacriﬁciis
1778 1452 2019 1509 quoque

365 1544 438 1586 ac
476 1528 648 1595 cibis,
692 1527 947 1600 aliisque
990 1526 1317 1583 similibus.
1366 1528 1497 1591 Quo
1541 1526 1701 1582 enim
1744 1531 1920 1598 pacto
1958 1526 2018 1583 id

356 1616 611 1691 juberet,
640 1632 779 1674 cum
809 1617 871 1673 in
900 1616 1369 1690 praecedentibus
1396 1616 1581 1671 ﬁnem
1601 1614 1691 1671 his
1716 1614 2019 1688 imposne.

362 1681 438 1764 rit
464 1708 492 1762 ‘I
530 1706 633 1764 sed
669 1706 875 1763 omnia
901 1681 1259 1779 simpliciter
1296 1721 1431 1778 quae
1472 1721 1670 1762 mores
1710 1705 2017 1778 corrigunt
2043 1681 2091 1740 Β

364 1811 436 1853 ac
465 1795 742 1852 meliores
774 1794 1053 1860 reddunt,
1086 1810 1193 1851 nec
1224 1794 1585 1865 evangelicis
1630 1794 2015 1864 dogmatibus

364 1886 662 1942 contraria
678 1888 837 1941 sunt.
860 1884 1037 1940 Juxta
1056 1898 1237 1955 opera
1255 1898 1392 1941 vero
1409 1899 1610 1940 eorum
1632 1898 1707 1940 ne
1716 1885 1983 1954 feceritis
1998 1901 2011 1951 ;

364 1972 491 2029 suis
523 1961 804 2045 namque.
825 1972 1111 2029 doctrinis
1146 1973 1564 2041 adversantur,
1597 1988 1821 2045 easque
1850 1990 2013 2030 coar-

364 2065 573 2134 guunt.
593 2061 802 2119 Docuit
826 2076 967 2132 ergo
987 2077 1109 2119 non
1130 2066 1401 2134 oportere
1422 2061 1482 2117 in
1509 2067 1905 2135 praeceptores
1929 2064 2016 2119 in-

363 2166 624 2222 surgere,
652 2150 881 2207 etiamsi
898 2144 1433 2224 pravam'habeant
1451 2153 1969 2209 conversationem
1998 2169 2011 2208 :

362 2240 467 2295 sed
491 2238 773 2296 doctrinae
795 2239 1041 2312 quidem
1066 2256 1272 2296 eorum
1299 2240 1565 2305 obedire,
1597 2240 1780 2296 vitam
1811 2246 2011 2298 autem

360 2342 571 2384 eorum
616 2327 931 2399 indignam
969 2343 1092 2385 non
1130 2328 1362 2385 imitari.
1414 2327 1698 2385 Docentes
1749 2345 2014 2403 namque

358 2414 480 2473 ﬁde
510 2416 676 2488 digni
707 2421 863 2483 sunt,
896 2422 956 2475 at
983 2432 1107 2474 non
1146 2422 1286 2475 sunt
1314 2418 1641 2474 imitatione
1668 2418 1838 2490 digni
1869 2435 2008 2475 con-

358 2511 680 2563 versantes.
770 2504 779 2515 ‘

430 2594 627 2652 Potest
644 2596 843 2653 autem
873 2599 930 2653 et
959 2589 1127 2653 aliter
1144 2588 1283 2661 dici,
1306 2594 1471 2668 quod
1497 2596 1642 2669 quia
1662 2596 1742 2654 ad
1765 2612 2010 2656 servan-

358 2682 501 2741 dam
519 2684 777 2752 turbam,
803 2685 1045 2742 tandem
1063 2684 1377 2742 manifeste
1398 2686 1869 2765 reprehensurus
1886 2695 2013 2745 erat

356 2774 552 2831 malas
580 2774 821 2833 illorum
856 2774 1236 2847 operationes
1270 2792 1282 2831 :
1318 2790 1394 2831 ne
1422 2780 1698 2847 putarent
1734 2778 2005 2849 quidam,

357 2863 524 2933 quod
540 2879 743 2921 amore
760 2864 1126 2936 principatus
1139 2880 1347 2921 eorum
1367 2864 1835 2923 calumniaretur
1848 2868 2004 2934 illos,

353 2948 701 3022 hujusmodi
745 2951 1009 3023 primum
1048 2958 1216 3009 curat
1264 2955 1693 3026 suspicionem,
1742 2956 1948 3013 dicens
1989 2975 2003 3014 :

358 3038 573 3131 Omnia
590 3054 940 3131 quacunque
956 3040 1219 3098 dixerint
1236 3044 1394 3099 vobis
1418 3049 1481 3099 ut
1496 3046 1761 3114 servetis,
1783 3055 2008 3105 servate
2044 3034 2084 3090 (ἶ
2112 3059 2203 3130 ψιν
2268 3034 2403 3131 (93),
2457 3034 2607 3111 είπών
2634 3034 2676 3088 ’·

355 3131 412 3184 et
427 3126 634 3198 facite,
666 3128 775 3184 etsi
799 3145 922 3186 non
955 3135 1191 3204 propter
1231 3132 1415 3189 vitam
1454 3132 1717 3202 illorum,
1762 3140 1820 3191 at
1858 3151 2003 3208 pro-

352 3219 485 3288 pter
532 3216 879 3288 dignitatem
933 3235 1004 3276 ac
1050 3218 1339 3278 doctrinas
1394 3224 1621 3279 sedem.
1672 3225 1755 3279 Ne
1798 3228 2004 3281 tamen

351 3304 603 3376 quidam
629 3306 1003 3365 adhaerentes
1035 3308 1322 3366 doctrinis
1353 3326 1581 3378 eorum,
1630 3311 2005 3371 imitarentur

350 3407 594 3465 quoque
617 3394 887 3467 ipsorum
914 3397 1121 3462 vitam,
1150 3398 1378 3454 addidit
1406 3415 1419 3453 :
1450 3400 1637 3455 Juxta
1662 3414 1837 3469 opera
1868 3416 2004 3456 vero

351 3496 549 3538 eorum
578 3498 651 3538 ne
674 3485 944 3553 feceritis.
986 3488 1051 3541 Et
1080 3486 1164 3543 ita
1194 3487 1297 3542 ubi
1328 3503 1452 3543 sese
1486 3488 1825 3559 suspicione
1853 3488 2003 3544 libeo

350 3570 520 3638 ravit,
552 3571 759 3645 incipit
786 3575 1339 3647 reprehensionem.

422 3747 586 3806 Vers.
628 3750 682 3808 3.
721 3752 941 3810 Dicunt
966 3784 1035 3797 —
1055 3754 1314 3825 faciunt.
1352 3754 1493 3812 Vide
1529 3755 1686 3812 unde
1734 3756 1997 3829 incipiat.

351 3838 701 3914 Quicunque
753 3848 909 3900 certe
953 3842 1148 3915 legem
1204 3844 1657 3916 transgreditur,
1715 3848 2002 3907 condem-

349 3928 591 3989 natione
604 3932 821 4005 dignus
843 3939 962 4002 est;
986 3938 1316 4008 praeceptor
1334 3940 1533 3991 tamen
1551 3936 1760 4009 triplici
1779 3938 1998 4010 dignus

350 4024 441 4078 est
470 4040 484 4081 :
514 4024 642 4081 tum
692 4023 835 4098 quia
874 4029 1277 4097 transgressor
1323 4031 1429 4093 est,
1481 4030 1606 4083 tum
1658 4028 1802 4100 quia
1849 4030 1999 4089 alios

349 4110 528 4173 debet
560 4116 872 4188 corrigere,
906 4121 1032 4174 tum
1071 4116 1207 4189 quia
1241 4122 1411 4173 nocet
1442 4116 1619 4173 etiam
1664 4118 1996 4191 discipulis.

419 4204 584 4268 Vers.
612 4208 666 4264 4.
689 4207 966 4280 Alligant
986 4239 1055 4248 —
1082 4206 1406 4265 hominum.
1429 4209 1621 4263 Onera
1643 4210 1845 4278 gravia
1858 4226 2000 4283 por-

344 4301 596 4376 tatuque
620 4299 906 4372 difficilia,
934 4303 1109 4356 vocat
1129 4298 1420 4355 altissima
1441 4301 1496 4354 et
1521 4298 1820 4371 exquisita
1850 4316 1998 4371 prae-

344 4396 517 4465 cepta
545 4392 703 4450 circa
732 4389 1269 4448 conversationem.
1301 4388 1591 4443 Humeros
1617 4404 1758 4445 vero
1788 4405 1995 4461 opera-

2135 4393 2430 4464 πιτάγματα
2497 4399 2589 4452 τῆς
2662 4390 2941 4452 πολιτείας·

2102 4501 2244 4553 γιιαν
2293 4490 2392 4535 τῶν
2446 4479 2747 4555 ἀνθρώπων.
2806 4486 3044 4535 Φαίνεται
3103 4476 3181 4549 δὲ,
3222 4482 3299 4534 ὅτι
3351 4484 3550 4534 καὶτὰ
3614 4485 3755 4558 ὑπὲρ

344 4480 567 4540 tionem
620 4481 957 4539 hominum.
1012 4478 1273 4550 Apparet
1315 4481 1514 4533 autem
1563 4476 1729 4550 quod
1780 4482 1996 4550 printer

340 4568 536 4640 legem
565 4586 807 4644 quoque
834 4568 1036 4641 aliqua
1056 4566 1371 4638 jubebant.

402 4658 579 4716 ‘Vers.
610 4660 665 4714 4.
694 4658 889 4730 Digito
921 4664 1118 4714 autem
1139 4688 1207 4697 —
1237 4672 1320 4712 ea.
1356 4659 1481 4713 Non
1506 4655 1701 4712 solum
1728 4656 1991 4714 humeris

342 4746 467 4803 suis
490 4753 729 4821 portare
753 4746 984 4816 nolunt,
1016 4763 1152 4819 qua:
1176 4746 1429 4802 aliorum
1451 4747 1717 4802 humeris
1749 4746 1993 4805 ferenda

338 4839 676 4911 imponunt,
707 4840 772 4893 ut
809 4851 917 4891 suo
956 4835 1230 4908 exemplo
1260 4836 1657 4908 promptiores
1694 4836 1826 4893 illos
1863 4838 1991 4895 red-

338 4928 505 4996 dant,
538 4927 643 4984 sed
685 4942 795 4983 nec
833 4925 1018 4996 digito
1057 4942 1168 4982 suo
1207 4941 1277 4981 ea
1320 4940 1561 4982 movere
1602 4925 1824 4989 volunt,
1874 4928 1989 4985 hoc

336 5023 443 5083 est,
473 5019 534 5075 in
563 5020 752 5091 parte,
776 5021 832 5072 et
852 5015 1123 5081 summis,
1155 5019 1217 5070 ut
1244 5016 1430 5080 aiunt,
1458 5014 1651 5085 digitis
1673 5016 1981 5087 attingere.

336 5109 485 5170 Dicit
530 5107 691 5167 enim
724 5110 780 5164 et
815 5105 1005 5163 Lucas
1051 5123 1065 5165 :
1116 5106 1239 5163 Uno
1289 5104 1603 5177 digitorum
1649 5108 1977 5165 vestrorum

2134 424 2355 482 ἐνέϐαλε.

2204 533 2350 587 ΚΕΦ.
2418 532 2534 587 AI".
2615 538 2741 586 Τότε
2830 563 2899 573 —-
2957 530 3137 584 αὐτοῦ.
3208 534 3354 595 Τότε,
3435 534 3577 595 πότε,
3612 528 3737 582 Ὀτι

2134 636 2419 710 ἐχαλίνωσε
2465 644 2584 700 τοὺς
2630 640 2985 712 πειράζοντας,
3034 639 3115 690 ὅτε
3163 638 3396 704 ἔστησεν,
3445 638 3580 689 ὥστε
3622 637 3736 707 (92)

2131 732 2316 800 μηκέτι
2402 729 2592 801 τολμᾷν
2672 729 2992 804 ἐπερωτῆσαι
3069 726 3245 792 αὑτὸν,
3305 727 3388 778 ὅτι
3471 722 3735 789 ἀπέδειξεν

2133 816 2319 871 ἀνίατα
2346 826 2647 880 νοσοῦντας.

2204 911 2379 979 Λέγων
2410 938 2477 948 -
2517 911 2587 980 μὴ
2620 914 2830 959 ποιεῖτε.
2886 912 2989 959 Τοῦ
3041 912 3351 969 Μωσαῑκοῦ,
3398 908 3552 976 φησὶ,
3614 906 3737 979 θρό-

2131 1015 2239 1063 νου,
2266 1004 2355 1049 τοῦ
2385 994 2789 1061 διδασκαλικοῦ,
2842 991 3102 1068 διάδοχοι
3129 999 3397 1065 γεγόνασι.
3448 996 3544 1045 Διά
3579 1000 3733 1045 τοῦτο

2130 1087 2320 1149 πάντα,
2401 1086 2502 1138 ὅσα
2584 1087 2644 1137 ἄν
2736 1089 2948 1137 εἴπωσιν
3050 1086 3171 1156 ὑμῖν
3258 1091 3449 1156 τηρεῖν,
3533 1089 3736 1155 τηρεῖτε

2129 1178 2219 1226 καὶ
2275 1181 2483 1229 ποιεῖτε.
2540 1174 2614 1225 Οὐ
2646 1175 2744 1246 γὰρ
2777 1176 2841 1225 τὰ
2889 1172 3082 1225 ἑαυτῶν
3130 1172 3391 1243 λέγουσιν,
3448 1172 3531 1222 ὅτε
3578 1168 3734 1223 διδά-

3001 1265 3092 1313 καὶ
3142 1262 3241 1313 ὅσα
3299 1256 3392 1313 διὰ
3469 1265 3736 1322 Μωυσέως

2401 1086 2502 1138 ὅσα
2584 1087 2644 1137 ἄν
2736 1089 2948 1137 εἴπωσιν

2132 1282 2368 1334 σκουσιν,
2438 1261 2564 1315 ἀλλὰ
2619 1271 2710 1314 τοῦ
2767 1270 2919 1332 Θεοῦ,

2130 1351 2485 1424 ἐνομοθέτησε.
2548 1353 2725 1405 Πάντα
2782 1348 2841 1403 δέ
2896 1350 3072 1421 εἰπὼν,
3134 1350 3194 1402 οὐ
3242 1356 3414 1401 πᾶσαν
3461 1348 3603 1419 λέγει
3654 1355 3732 1407 τὴν

2128 1444 2456 1514 νομοθεσίαν,
2513 1443 2618 1494 οἷον
2671 1446 2759 1493 καὶ
2835 1442 2901 1492 τὰ
2978 1445 3097 1515 περὶ
3149 1441 3341 1491 θυσιῶν
3386 1443 3477 1490 καὶ
3508 1441 3573 1490 τὰ
3626 1446 3731 1513 περὶ

2129 1529 2420 1603 βρωμάτων
2480 1536 2569 1583 καὶ
2624 1532 2690 1582 τὰ
2732 1536 2963 1581 τοιαῦτα·
3042 1536 3153 1590 πῶς
3219 1530 3320 1600 γὰρ
3373 1528 3408 1579 ἅ
3463 1526 3730 1600 προλαϐὼν

2125 1622 2345 1672 ἔπαυσεν
2398 1636 2413 1686 ς
2473 1619 2598 1671 ἀλλά
2644 1621 2813 1671 πάντα
2869 1619 3069 1678 πάντως
3128 1620 3193 1669 τὰ
3247 1613 3565 1690 διορθοῦνται
3617 1614 3730 1678 ἦθος

2124 1714 2212 1761 καὶ
2257 1707 2562 1781 βελτιοῡντα
2619 1712 2828 1783 τρόπον,
2909 1712 2999 1759 καὶ
3060 1711 3132 1778 μὴ
3203 1704 3583 1757 ἀντιπίπτοντα
3638 1714 3731 1767 τοῖς

2125 1798 2478 1871 εὖαγγελικοῖς
2546 1794 2897 1869 διατάγμασι.
2968 1798 3114 1848 Κατὰ
3168 1791 3227 1847 δὲ
3272 1798 3338 1846 τα
3389 1796 3522 1868 ἔργα
3573 1795 3727 1847 αὐτῶν

2122 1890 2195 1959 μὴ
2262 1894 2475 1939 ποιεῖτε.
2538 1888 2798 1938 Ἀνοίκεια
2856 1886 2957 1960 γάρ
3019 1884 3123 1936 εἰσι
3184 1890 3296 1944 ταῖς
3355 1879 3728 1943 διδασκαλίαις

2123 1975 2314 2042 αὐτῶν,
2366 1980 2455 2028 καὶ
2510 1972 2878 2047 διεφθαρμένα.
2966 1969 3213 2035 Ἐδίδαξε
3286 1976 3481 2035 τοίνυν,
3541 1973 3625 2025 ὅτι
3678 1969 3726 2023 οὐ

2122 2068 2233 2139 χρή
2282 2063 2758 2126 κατεξανίστασθαι
2810 2070 2905 2115 τῶν
2947 2057 3305 2127 διδασκάλων,
3361 2061 3404 2113 εἰ
3461 2066 3557 2113 καὶ
3615 2062 3729 2133 9W3-

2123 2152 2215 2211 λην
2267 2155 2457 2225 ἔχουσι
2511 2152 2793 2219 πολιτείαν,
2854 2149 2981 2202 ἀλλὰ
3026 2150 3299 2203 πείθεσθαι
3328 2152 3418 2222 μὲν
3463 2158 3529 2221 τῇ
3580 2146 3725 2202 διδα-

2126 2241 2319 2314 σκαλίᾳ
2364 2244 2579 2309 τούτων,
2651 2246 2721 2313 μὴ
2781 2242 3055 2313 μιμεῖσθαι
3106 2236 3163 2292 δὲ
3210 2242 3299 2292 τόν
3356 2237 3565 2301 ἀνάξιον
3621 2238 3724 2311 βίον

2124 2330 2312 2385 αὐτῶν.
2366 2330 2693 2393 Ἀξιόπιστοι
2763 2332 2851 2401 μὲν
2907 2330 3009 2403 γάρ
3072 2328 3174 2382 εἰσι
3234 2324 3607 2398 διδάσκοντες,
3642 2327 3723 2380 οὐκ

2124 2418 2466 2483 ἀξιοζήλωτον.
2489 2417 2523 2472 δ
2526 2423 2548 2473 'e
2572 2418 2980 2491 πολιτευόμενοι.

2192 2613 2345 2667 Ἐστι
2405 2611 2463 2667 δὲ
2514 2618 2603 2666 καὶ
2664 2615 2829 2687 ἕτερον
2877 2613 3055 2680 εἰπεῖν,
3119 2614 3188 2675 ὡς
3243 2612 3351 2666 ἐπεὶ
3408 2613 3581 2688 ἔμελλε
3636 2609 3722 2666 διὰ

2121 2702 2351 2775 φυλακὴν
2399 2711 2490 2756 τοῦ
2543 2702 2705 2774 ὄχλου
2740 2705 2807 2754 τὰ
2872 2702 3138 2755 τελευταῖα
3182 2699 3461 2774 προδήλως
3514 2702 3725 2773 ἀπελέγ-

2117 2810 2234 2864 χειν
2266 2794 2358 2853 τὰς
2418 2794 2651 2864 πονηρὰς
2726 2792 2939 2866 πράξεις
2992 2791 3181 2857 αὐτῶν,
3246 2794 3327 2843 ἵνα
3353 2795 3439 2864 μὲν
3480 2798 3555 2863 μή
3591 2811 3726 2852 τινες

2116 2881 2387 2948 οἰηθῶσιν,
2442 2884 2522 2933 ὅτι
2588 2883 2739 2956 ἔρωτι
2795 2889 2889 2943 τῆς
2966 2879 3143 2955 ἀρχῆς
3223 2880 3379 2933 αὐτῶν
3446 2876 3724 2931 διαϐάλλει

2114 2972 2351 3038 τούτους,
2450 2971 2863 3045 προιθεράπευσε
2968 2973 3062 3027 τὴν
3182 2971 3421 3026 τοιαύτην
3521 2968 3727 3026 ὑπόλη-

2767 3060 2962 3125 Πάντα,
3020 3060 3121 3110 ὅσα
3175 3057 3261 3111 ἐὰν
3339 3062 3553 3111 εῖπωσιν
3603 3059 3732 3129 ὑμῖν

2112 3154 2308 3219 τηρεῖν,
2366 3155 2568 3222 τηρεῖτε
2624 3152 2712 3199 καὶ
2761 3154 2971 3211 ποιεῖτε,
3011 3147 3054 3199 εἰ
3104 3150 3304 3219 καὶμὴ
3365 3144 3459 3199 διὰ
3486 3152 3571 3199 τόν
3614 3146 3732 3218 βίον

2114 3235 2303 3301 αὐτῶν,
2359 3234 2486 3287 ἀλλά
2527 3256 2585 3308 γε
2645 3233 2739 3288 διὰ
2790 3239 2875 3287 τόν
2922 3234 3149 3309 ἀρχικόν
3199 3240 3289 3288 καὶ
3346 3232 3734 3289 διδασκαλικὸν

2115 3326 2310 3399 θρόνον·
2393 3325 2475 3376 ἵνα
2542 3321 2600 3377 δὲ
2654 3331 2725 3396 μή
2798 3344 2948 3390 τινες,
3008 3327 3301 3397 πειθόμενοι
3360 3334 3482 3387 ταῖς
3537 3328 3735 3379 τούτων

2114 3407 2512 3478 διδασκαλίαις,
2565 3414 2849 3474 ζηλωσωσι
2902 3417 2987 3466 καὶ
3039 3417 3127 3465 τὸν
3177 3412 3290 3486 βίον
3323 3415 3514 3485 αὐτῶν,
3568 3432 3733 3489 προσ-

2112 3501 2283 3570 έθηκε,
2345 3506 2490 3556 Κατά
2543 3499 2602 3555 δὲ
2645 3500 2710 3554 τὰ
2780 3505 2907 3575 ἔργα
2968 3502 3135 3554 αὐτῶν
3210 3506 3282 3574 μὴ
3355 3510 3564 3556 ποιεῖτε.
3632 3503 3739 3557 Καὶ

2112 3589 2271 3651 οὕτως
2336 3590 2627 3644 ἀνύποπτον
2700 3596 3040 3652 καταστήσας
3096 3591 3297 3659 ἑαυτὸν,
3362 3594 3597 3668 ἄρχεται
3646 3600 3736 3653 τῆς

2110 3684 2451 3755 κατηγορίας,

2182 3773 2412 3839 Λέγουσι
2465 3800 2535 3810 -—
2586 3776 2846 3825 ποιοῦσιν.
2912 3765 3046 3836 Ἴδε,
3104 3771 3258 3822 πόθεν
3305 3771 3558 3844 ἄρχεται.
3626 3776 3739 3829 Πᾶς

2109 3858 2198 3929 μὲν
2252 3861 2354 3931 γὰρ
2420 3857 2753 3931 παραϐαίνων
2827 3863 2914 3911 τὸν
2996 3863 3150 3930 νόμον
3226 3855 3522 3921 καταδίκης
3588 3860 3733 3913 ἐστὶν

2108 3944 2324 4009 ἃξιος’ὁ
2374 3944 2433 3999 δὲ
2469 3942 2796 4009 διδάσκαλος
2850 3946 3090 4023 τριπλῆς,
3142 3948 3222 3999 ὅτι
3283 3968 3337 4000 τε
3385 3949 3732 4023 παραϐαίνει,

2106 4040 2193 4088 καὶ
2247 4037 2327 4087 ὅτι
2381 4037 2524 4088 ὁκαὶ
2571 4040 2690 4098 τοὺς
2742 4036 2922 4097 ἄλλους
2954 4034 3164 4107 ὀφείλων
3199 4033 3467 4109 διορθοῦν,
3522 4042 3619 4090 καὶ
3654 4038 3737 4089 ὅτι

2109 4122 2330 4196 βλάπτει
2358 4127 2474 4184 τοὺς
2503 4126 2763 4197 μαθητάς.

2178 4215 2525 4285 Δεσμεύουσιν
2604 4243 2673 4255 —
2747 4212 3051 4287 ἀνθρώπων.
3132 4218 3328 4285 Φορτία
3402 4217 3493 4287 μὲν
3563 4213 3748 4289 βαρέα

2105 4306 2194 4354 καὶ
2248 4298 2630 4354 δυσϐάστακτα
2675 4302 2812 4375 λέγει
2868 4305 2934 4354 τὰ
3010 4300 3275 4374 ἁκρότατα
3356 4309 3448 4354 καὶ
3532 4302 3746 4380 ἰαριϐξ

3027 4389 3198 4464 ὤμους
3256 4387 3335 4457 δὲ,
3411 4396 3508 4449 τὴν
3604 4392 3751 4467 ἐνέρ-

2101 4574 2190 4624 τόν
2216 4582 2366 4643 νόμον
2399 4569 2689 4625 ἐπέταττον.

2171 4666 2254 4732 Τῷ
2283 4657 2342 4713 δὲ
2391 4656 2629 4732 δακτύλῳ
2688 4692 2755 4701 -
2810 4657 2962 4711 αὐτά.
3028 4658 3104 4711 Οὔ
3152 4662 3305 4731 μόνον
3364 4666 3473 4721 τοῖς
3521 4661 3755 4716 ἑαυτῶν

2102 4753 2263 4822 ὤμοις
2336 4748 2393 4802 οὐ
2467 4747 2745 4821 βούλονται
2844 4746 3138 4820 βαστάσαι,
3222 4746 3256 4799 οἷ
3344 4756 3453 4810 τοῖς
3547 4751 3758 4825 ἐτέρων

2099 4844 2262 4912 ὤμοις
2308 4837 2727 4914 ἐπιφορτίζουσιν
2814 4836 2948 4909 (94),
3011 4838 3093 4888 ἵνα
3140 4841 3228 4889 καὶ
3278 4845 3350 4909 τῷ
3408 4838 3761 4915 παραδείγ-

2097 4948 2224 5002 ματι
2275 4930 2692 5002 προθυμοτέρους
2770 4926 2958 4987 αὐτοὺς
3031 4931 3350 4984 ποιήσωσιν⁸

2094 5028 2167 5092 τῷ
2219 5015 2459 5091 δακτύλῳ
2541 5017 2709 5070 αὐτῶν
2772 5016 2980 5069 θέλουσι
3048 5023 3265 5075 κινῆσαι
3314 5016 3471 5082 αὐτὰ,

2096 5125 2232 5176 στιν,
2303 5104 2426 5162 οὐδὲ
2470 5116 2695 5182 μερικῶς
2749 5111 2839 5161 καὶ
2897 5104 3190 5183 ἂκροθιγῶς
3252 5105 3529 5179 ἅψασθαι.
3605 5116 3771 5173 Φησὶ

3430 4924 3559 4979 ἀλλ’
3620 4929 3765 4984 οὑδέ

3560 5024 3771 5077 τουτὶ-

1505 5310 1732 5383 Variae
1768 5311 2105 5384 lectiones
2146 5320 2213 5383 et
2252 5322 2455 5383 notae.

402 5514 515 5588 (92)
563 5515 666 5569 Pro
712 5510 868 5588 ὥστε,
916 5510 1076 5583 apud
1132 5509 1437 5583 Chrysost.
1494 5508 1614 5584 VII,
1676 5528 1737 5584 p.
1786 5512 1891 5568 700
1946 5511 1985 5567 Ε

328 5578 540 5659 legitur
568 5590 639 5648 εἱς
666 5587 746 5641 τό.

2164 5510 2279 5578 (93)
2314 5511 2606 5575 ’Υπόθεσιν,
2634 5524 2742 5582 pro
2774 5508 3061 5582 ὑπόληψιν,
3090 5510 3157 5568 Α,

2165 5584 2277 5657 (94)
2302 5579 2654 5650 Ἐπιτιθέασιξ
2672 5596 2782 5655 pro
2813 5579 3255 5656 ἐπιφορτίζουσιν,
3291 5590 3355 5641 Α.
