3904 6210
56 249 76 352 ί
181 300 261 360 539
1035 290 1400 352 COMMENT.
1442 289 1513 347 1N
1552 285 1984 346 MATTH/EUM.
2023 318 2089 331 -
2121 290 2277 349 CAP.
2321 289 2526 348 xxm.
3351 293 3464 349 ερον

192 431 269 501 γὰρ
303 428 370 478 καὶ
397 423 416 475 ὁ
439 425 643 487 Λουκᾶς,
678 420 757 473 ὅτι
794 419 896 476 Ἑνὶ
939 427 1038 472 τῶν
1097 417 1367 473 δακτύλων
1402 419 1542 490 ὑμῶν
1569 413 1681 487 (95)

1876 429 1981 472 era
2013 431 2135 474 non
2166 418 2461 489 attingitis
2507 419 2574 473 ³³.
2628 416 2892 475 Subditis
2922 416 3460 491 siquidemjubent

191 517 234 569 οὐ
275 512 528 589 προσψαύετε
573 517 682 571 τοῖς
726 515 980 584 φορτίοις.
1025 514 1126 563 Καὶ
1155 517 1260 570 τοῖς
1439 507 1686 563 ὑπηκόοις

1873 503 2201 578 actissima,
2238 509 2348 564 sibi
2380 507 2529 580 ipsis
2580 511 2783 564 autem
2833 524 3079 565 omnem
3108 508 3461 580 permittunt

190 605 462 656 ἐπιτάττουσιν
484 599 745 674 ἀκρότητα
785 597 927 672 βίου,
961 597 1161 661 ἑαυτοῖς
1202 595 1262 652 δε
1289 603 1463 650 πᾶσαν
1502 590 1684 648 ἄδειαν

1873 598 2115 662 entiam,
2151 613 2286 652 cum
2320 598 2687 654 contrarium
2718 598 2845 654 ﬁeri
2875 601 3178 670 oporteret
3211 619 3222 651 :
3253 603 3317 654 ut
3346 597 3460 653 sei-

179 695 452 766 ἐπιτρέπουσι,
491 685 601 742 δέον
630 688 930 742 τούναντίον
961 695 1150 758 ποιεῖν,
1203 691 1293 739 καὶ
1344 685 1556 745 ἑαυτοὺς
1593 684 1684 755 μὲν

1873 697 1958 738 sos
1981 685 2183 755 potius
2203 686 2654 753 arctarent,aliis
2684 703 2823 744 vero
2848 687 3041 743 multa
3063 687 3457 758 ignoscerent.

178 781 336 854 μᾶλλον.
361 783 665 846 κατατείνειν,
719 776 937 838 ἐκείνοις
996 774 1056 830 δι
1124 780 1188 830 τὰ
1233 775 1396 830 πολλὰ
1452 791 1686 844 συγγνω·

1873 770 2037 827 Vers.
2070 778 2120 828 5.
2154 775 2365 832 Omnia
2385 807 2456 815 —
2479 776 2837 833 hominibus.
2871 777 3099 840 Omnia,
3131 791 3413 848 quanam
3433 775 3464 830 ?

172 876 316 942 μονεῐν.
1796 860 1939 925 Qua
1965 861 2082 917 sibi
2103 862 2269 920 bona
2292 864 2587 921 videntur.
2613 867 2678 919 Et
2697 865 2952 922 observa
2971 865 3138 938 quod
3163 865 3460 936 pradicta

227 961 363 1013 Πάντα
392 989 451 998 -
476 955 783 1030 ἀνθρώποις,
816 957 1043 1022 nam,
1100 962 1226 1009 ποῖα
1259 971 1273 1022 ;
1303 955 1380 1008 Τὰ
1433 949 1689 1005 δοκοῦντα

1873 951 2216 1007 cusationes
2247 951 2320 1008 de
2349 952 2695 1009 crudelitate
2741 958 2796 1009 et
2833 955 3082 1024 segnitie
3113 958 3320 1020 erant;
3346 953 3463 1008 hoc

174 1048 307 1109 αὐτοῖς
320 1046 448 1103 καλὰ.
481 1052 864 1122 Παρατήρησον
905 1041 984 1116 δε,
1017 1047 1098 1098 ὅτι
1122 1048 1190 1099 τὰ
1217 1043 1575 1121 προρῥηθίντα

1873 1054 1938 1094 ro
1994 1039 2222 1096 crimen
2277 1046 2366 1097 est
2416 1042 2842 1098 insanientium
2897 1042 2975 1098 ob
3029 1057 3205 1098 vana
3261 1041 3464 1112 gloria

173 1138 376 1210 ὠμότητος
401 1133 520 1194 ἦσαν
543 1140 634 1188 καὶ
670 1135 938 1210 ῥᾳθυμίας
975 1132 1297 1207 ἕγκλήματα,
1324 1139 1476 1186 τοῦτο
1507 1127 1565 1183 δὲ
1597 1125 1690 1181 δο-

1873 1128 2154 1198 petitum.
2182 1129 2406 1186 Deinde
2433 1131 2694 1187 ostendit
2713 1131 2879 1203 quod
2905 1146 3102 1203 neque
3127 1132 3202 1186 de
3227 1129 3465 1199 magnis

175 1226 358 1298 ξομανίας
389 1221 419 1278 δ
424 1223 616 1282 ιαϐολή.
667 1220 798 1277 Εἶτα
827 1219 1111 1289 δείκνυσιν,
1143 1225 1224 1276 ὃτι
1253 1218 1366 1276 οὐδ’
1399 1224 1482 1274 ἐπὶ
1529 1219 1694 1292 μεγά-

1873 1217 2144 1284 orientur,
2179 1222 2383 1290 utpote
2422 1219 2678 1291 egregiis
2722 1219 3008 1291 operibus
3048 1219 3330 1284 destituti,
3360 1217 3467 1274 sed

167 1314 252 1377 λοις
294 1311 642 1386 φιλοδοξοῦσιν,
697 1315 883 1388 ἔρημοι
919 1314 1335 1388 κατορθωμάτων
1374 1315 1532 1372 ὄντες·
1583 1305 1690 1360 ἀλλ’

1873 1332 1875 1356 ι
1901 1307 2106 1378 parvis
2134 1307 2509 1380 quibusdam
2533 1313 2590 1367 et
2609 1309 2851 1377 vilibus,
2875 1309 3041 1383 quod
3065 1310 3265 1383 ipsum
3287 1323 3468 1380 auget

171 1398 235 1454 isi
255 1410 423 1477 μικροῖς
445 1422 549 1456 τισι
597 1406 690 1455 καὶ
722 1401 997 1473 εῦτιλίσιν,
1047 1401 1073 1456 ὃ
1125 1406 1216 1456 καὶ
1256 1401 1382 1456 αὐτὸ
1411 1399 1689 1474 προσθήκη

1873 1395 1985 1453 iam
2021 1396 2488 1455 accusationem.

161 1493 315 1562 γίνεται
338 1499 418 1555 τῆς
443 1488 476 1545 δ
481 1491 660 1552 ιαϐολῆ
667 1511 708 1554 ς.

1873 1619 2039 1676 Vers.
2063 1624 2114 1675 5.
2138 1621 2414 1678 Dilatant
2435 1652 2503 1662 —
2528 1636 2792 1679 suorum.
2810 1623 2942 1678 Hac
2963 1626 3131 1680 erant
3148 1621 3223 1679 de
3243 1621 3464 1696 quibus

1728 1737 1776 1794 Β
1803 1710 2096 1780 tanquam
2126 1709 2202 1766 de
2232 1710 2486 1781 egregiis
2524 1711 2810 1784 operibus
2848 1727 2999 1768 vane
3029 1711 3461 1783 gloriabantur.

1805 1798 2047 1869 Oportet
2076 1803 2280 1855 autem
2313 1805 2368 1855 et
2397 1799 2473 1854 de
2501 1799 2599 1855 his
2629 1799 2846 1856 dicere.
2879 1801 3028 1866 Quia
3053 1801 3334 1858 continue
3365 1801 3469 1857 Dei

1802 1885 2237 1943 beneﬁciorum
2254 1887 2780 1956 obliviscebantur,
2799 1889 2976 1961 jussit
2991 1905 3063 1946 ea
3083 1889 3238 1946 Deus
3252 1889 3469 1946 libellis

1806 1973 2076 2041 inscribi,
2136 1981 2193 2033 et
2243 1978 2665 2049 magistrorum
2724 1978 2986 2050 appendi
3043 1978 3351 2048 manibus,
3405 1984 3470 2035 ut

1807 2079 2046 2136 semper
2072 2065 2432 2137 viderentur,
2458 2071 2516 2122 et
2536 2066 2596 2122 in
2624 2067 2918 2123 memoria
2937 2066 3317 2125 haberentur.
3350 2069 3469 2122 Hu-

1799 2152 2064 2225 jusmodi
2104 2170 2244 2210 vero
2283 2153 2531 2211 libelluli
2580 2155 2948 2228 phylacteria
2984 2155 3359 2226 dicebantur,
3398 2172 3470 2212 eo

1807 2241 1974 2316 quod
1996 2242 2075 2298 ab
2093 2243 2396 2300 oblivione
2418 2249 2720 2300 servarent
2742 2261 2812 2302 ac
2838 2251 3231 2317 protegerent,
3253 2244 3286 2298 ἆ
3302 2249 3366 2298 πό
3381 2252 3472 2297 τοῦ

1809 2330 2066 2404 φυλάττω.
2139 2332 2398 2388 Rursum
2461 2348 2537 2390 ne
2603 2339 3046 2406 praceptorum
3109 2335 3206 2390 Dei
3265 2334 3473 2391 oblivi-

1811 2427 2138 2488 scerentur,
2167 2421 2342 2493 jussit
2377 2425 2530 2479 Deus
2572 2423 2979 2496 fragmentum
3011 2423 3474 2497 hyacinthinum

1809 2510 1972 2567 assui
1996 2511 2168 2582 juxta
2197 2511 2382 2583 pedes
2413 2528 2533 2568 ora
2558 2512 2898 2586 palliorum,
2927 2520 2992 2569 ut
3023 2529 3263 2586 semper
3289 2529 3476 2586 appa-

1809 2616 1968 2667 rens,
2007 2599 2121 2657 hos
2149 2605 2589 2673 praceptorum
2627 2603 2728 2658 Dei
2767 2618 3068 2659 memores
3099 2602 3377 2674 efﬁceret,
3419 2607 3476 2660 et

1809 2687 1940 2744 hac
1977 2688 2278 2746 vocabant
2319 2687 2617 2765 κράσπεδα,
2650 2691 2766 2748 hoc
2797 2696 2884 2747 est
2921 2692 3206 2760 ﬁmbrias.
3254 2693 3473 2748 Scriba

1809 2778 2008 2848 itaque
2047 2782 2104 2833 et
2133 2777 2412 2850 pharisai
2453 2785 2752 2851 pracepta
2781 2779 3027 2852 quidem
3067 2780 3472 2850 negligebant,

1809 2865 2159 2938 hujusmodi
2187 2871 2387 2923 autem
2413 2867 2550 2924 latis
2577 2868 2963 2940 phylacteriis
2996 2884 3126 2925 sese
3151 2869 3471 2934 ornabant,

1811 2955 2120 3028 dictasque
2167 2955 2440 3012 ﬁmbrias
2489 2957 2811 3028 palliorum
2861 2973 3104 3014 suorum
3145 2958 3475 3030 plurimum

1811 3043 2233 3100 distendebant
2257 3061 2267 3098 :
2289 3045 2382 3100 his
2397 3045 2718 3116 gloriantes
2731 3063 2801 3103 ac
2822 3049 2996 3104 stulte
3015 3064 3144 3104 sese
3157 3050 3472 3120 jactanles.

1812 3132 1948 3188 Hac
1961 3137 2159 3189 autem
2185 3135 2411 3190 Marcus
2423 3136 2608 3191 stolas
2621 3135 2945 3208 appellavit
2961 3137 3185 3201 ,dicens
3212 3136 3477 3205 :Prospi-

1812 3221 1944 3288 cite,
1968 3220 2086 3276 sive
2113 3229 2314 3278 cavete
2339 3238 2375 3278 α
2402 3222 2621 3280 Scribis
2643 3225 2749 3294 qui
2771 3230 2976 3281 amant
2999 3225 3061 3280 in
3087 3226 3252 3280 stolis
3273 3225 3478 3281 ambu-

1815 3310 1940 3368 lare
1983 3312 2052 3362 ³³.
2099 3309 2382 3367 Similiter
2410 3315 2614 3368 autem
2643 3312 2791 3369 dixit
2835 3317 2890 3369 et
2918 3313 3112 3371 Lucas
3146 3315 3213 3367 εδ.
3257 3315 3372 3368 Nec
3414 3311 3478 3366 in

1812 3399 1906 3455 his
1945 3402 2184 3456 tantum
2221 3399 2309 3473 (ά)
2349 3415 2555 3458 amore
2593 3401 2802 3472 gloria
2833 3399 3057 3459 inﬁrmi
3095 3407 3284 3460 erant.
3323 3400 3477 3458 Audi

1817 3487 2024 3562 itaque
2037 3529 2051 3544 .
3230 3499 3237 3506 '

210 1667 490 1723 Πλατύνουσι
533 1701 609 1712 -
663 1669 852 1725 αὐτῶν.
916 1677 1094 1724 Ταῦτα
1147 1671 1238 1743 μὶν
1283 1665 1437 1736 ἦσαν,
1489 1667 1566 1742 ἔφ’
1623 1669 1695 1729 οἷς

160 1754 445 1828 ίκενοδοξουν,
475 1762 541 1824 ὡς
599 1763 688 1814 ἰπὶ
714 1761 1114 1833 κατορθώμασι.
1181 1763 1297 1833 Χρή
1351 1753 1411 1811 δε
1459 1761 1696 1832 καὶπερὶ

157 1849 308 1899 τούτων
355 1848 522 1905 εἰπεῖν.
575 1850 723 1902 Ἐπεὶ
767 1851 869 1924 γὰρ
903 1857 1140 1920 συνεχῶς
1177 1846 1568 1901 ἐπελανθάνοντο
1597 1854 1696 1899 τῶν

154 1935 400 2011 τᾶεργεσιῶν
449 1945 540 1991 τοῦ
597 1944 758 2004 Θεοῦ,
803 1937 1117 2012 προσέταξεν
1164 1939 1190 1989 6
1221 1941 1346 1997 Θεὸς
1375 1935 1698 2011 ἕγγροιφῆναι

155 2027 303 2086 ταύτας
333 2023 614 2099 βιϐλιδίοις
666 2031 756 2080 καὶ
803 2026 1152 2100 ἐξαρτηθῆναι
1206 2033 1301 2087 τῆς
1358 2028 1538 2100 χειρός
1597 2032 1697 2076 τῶν

151 2109 453 2182 διδασκάλων,
511 2119 654 2170 ὥστε
707 2112 802 2169 διὰ
845 2119 1039 2176 παντὸς
1090 2117 1316 2191 ὁρᾶσθαι
1371 2121 1461 2168 καὶ
1498 2133 1698 2188 μνημο-

151 2204 357 2259 νιῦισθαι.
390 2211 486 2260 Καὶ
514 2209 582 2258 τὰ
601 2212 827 2258 τοιαῦτα
855 2202 1042 2279 βιϐλίδ
1048 2226 1101 2258 ια
1129 2205 1397 2278 ὠνόμαζον
1441 2203 1700 2278 φυλακτή-

146 2311 231 2366 ρια,
257 2290 338 2347 διὰ
378 2299 432 2348 τό
464 2295 748 2368 φυλάττειν
775 2299 866 2348 καὶ
890 2295 1130 2370 ῥύεσθαι.
1166 2300 1263 2348 Καὶ
1296 2293 1471 2360 πάλιν,
1505 2295 1588 2346 ἶνα
1623 2295 1695 2364 μὴ

150 2378 526 2438 ίπιλανθάνωνται
554 2393 664 2437 τῶν
693 2382 906 2436 ἐντολῶν
933 2391 1024 2437 τοῦ
1053 2387 1202 2452 Θεοῦ,
1226 2382 1455 2437 ἕκελευσε
1481 2381 1703 2454 κλῶσμα

143 2469 383 2526 ὑακίνθινον
410 2475 856 2551 προσράπτεσθαι
885 2480 946 2546 τῇ
979 2475 1115 2526 κατὰ
1157 2477 1276 2536 τοὺς
1314 2469 1481 2533 πόδας
1509 2476 1588 2545 alia
1609 2476 1701 2523 τοῦ

147 2560 317 2625 ἱματίου
349 2562 531 2637 αὐτῶν,
583 2565 695 2632 ἵνα,
730 2565 943 2616 πάντοτε
971 2565 1293 2637 φαινόμενον,
1323 2563 1699 2636 ὑπομιμνήσκῃ

141 2651 318 2713 τούτους
363 2661 457 2706 τῶν
507 2653 752 2707 ἕντολῶν.
805 2657 905 2707 Καὶ
947 2655 1015 2706 τὰ
1047 2661 1266 2706 τοιαῦτα
1306 2651 1516 2704 ἐκάλουν
1541 2653 1704 2726 κράσ-

143 2733 272 2793 πεδα.
321 2743 379 2794 Οἱ
422 2751 550 2815 γοῦν
608 2749 939 2816 Γραμματεῖς
989 2747 1080 2795 καὶ
1130 2747 1407 2816 Φαρισαῖοι
1456 2750 1556 2793 τῶν
1612 2744 1702 2813 μὲν

140 2821 317 2880 ἕντολῶν
346 2831 581 2904 ἠμέλουν,
637 2835 707 2885 τὰ
755 2828 815 2884 δε
866 2839 1083 2884 τοιαῦτα
1139 2831 1466 2906 φυλακτήρια
1510 2830 1704 2883 πλατέα

133 2921 470 2981 κατεσκεύαζον
539 2922 775 2986 ἑαυτοῖς,
831 2925 920 2974 καὶ
992 2924 1060 2973 τὰ
1129 2921 1353 2995 ῥηθέντα
1426 2915 1704 2994 κράσπεδα

133 3011 215 3054 τῶν
264 3008 468 3079 ἱματίων
551 3011 732 3063 αὐτῶν
794 3010 1000 3082 μεγάλα
1071 3009 1369 3084 ἆπῃώρουν,
1432 3008 1701 3084 ἐναϐρυνό-

127 3110 247 3161 μενοι
294 3101 487 3160 τούτοις
515 3105 615 3153 καὶ
650 3099 880 3162 ἀνοήτως
926 3097 1365 3173 ἐνσεμνυνόμενοι,
1425 3106 1602 3152 Ταῦτα
1644 3094 1704 3152 δε
1735 3083 1778 3142 C

135 3182 288 3245 στολὰς
339 3188 364 3238 ὁ
423 3192 649 3266 Μάρκος
717 3187 973 3256 ἐκάλεσεν,
1033 3189 1188 3242 εἰπών
1247 3210 1260 3223 ο
1338 3187 1546 3243 Βλέπετε
1602 3187 1702 3242 ἀπὸ

124 3277 209 3321 τῶν
255 3283 628 3350 γραμματέων,
689 3281 872 3350 ἠγουν,
933 3277 1268 3352 φυλάττεσθε,
1316 3287 1416 3332 τῶν
1461 3278 1703 3332 θελόντων

127 3355 166 3406 ἓν
248 3367 448 3430 στολαῖς
550 3375 883 3443 περιπατεῖν.
984 3367 1210 3442 Ὁμοίως
1293 3365 1352 3422 δὲ
1437 3365 1544 3422 εἶπε
1615 3372 1705 3421 καὶ

121 3447 142 3497 ὁ
183 3457 396 3518 Λουκᾶς.
460 3463 570 3512 Καὶ
642 3457 742 3512 οὐκ
816 3457 867 3510 ἄν
927 3460 1132 3522 τούτοις
1185 3463 1357 3531 μόνον,
1413 3457 1540 3510 ἀλλᾶ
1616 3463 1707 3511 καὶ

124 3534 163 3585 έν
226 3538 405 3617 ἑτέροις
481 3555 711 3622 μικροῖς
787 3547 998 3601 ἐνόσουν
1059 3552 1156 3606 τὴν
1219 3544 1537 3622 φιλοδοξίαν.
1606 3552 1708 3602 Καὶ

119 3644 269 3688 ακουε.

177 3720 378 3777 Φιλοῦσί
506 3745 567 3780 τε
659 3757 733 3770 —
846 3733 1196 3800 συναγωγαῖς.
1317 3727 1700 3802 Πρωτοκλισίαν

1889 3708 2054 3766 Vers.
2095 3713 2147 3766 6.
2178 3709 2522 3783 Amantque
2557 3741 2627 3750 —
2659 3711 3002 3802 synagogis.
3031 3711 3264 3802 Primos
3302 3729 3483 3772 accu-

117 3801 212 3860 εἷπι
253 3817 339 3866 καί
398 3812 902 3890 πρωτοκαθεδρίαν,
953 3797 1094 3869 διότι
1155 3813 1205 3868 ἄν
1274 3797 1375 3889 μὲν.
1433 3825 1538 3879 τοῖς
1595 3815 1700 3870 δεί-

1873 3798 1994 3866 itus,
2019 3798 2186 3864 dixit,
2206 3799 2266 3855 in
2283 3800 2492 3864 canis,
2511 3815 2583 3857 ac
2602 3800 2800 3870 prima
2819 3801 3031 3857 sedilia
3048 3801 3109 3857 in
3133 3804 3480 3874 synagogis.

112 3913 245 3959 πθθις
320 3887 674 3978 ἁνεκλίνοντο,
871 3901 931 3959 δε
991 3912 1110 3968 ταῖς
1193 3887 1522 3979 συναγωγαῖς
1596 3905 1700 3960 ἑκά·

1873 3903 1973 3944 am
1999 3887 2061 3944 in
2087 3889 2274 3944 canis
2296 3889 2754 3956 accumbebant,
2786 3889 2849 3947 in
2875 3892 3200 3962 synagogis
3225 3908 3367 3950 vero
3391 3909 3486 3950 se-

121 3983 280 4045 θςντο.
653 3975 665 3978 ⁷
1333 3975 1343 3979 ⁷
1412 3975 1422 3978 -

1873 3975 2078 4035 ebant.

177 4079 272 4130 Καὶ
299 4079 594 4137 -Ῥαϐϐί.
659 4083 877 4138 Φιλοῦσι
933 4087 1025 4137 καὶ
1070 4085 1193 4146 τοὺς
1242 4083 1578 4158 ἀσπασμοὺς,
1619 4087 1700 4138 εἴτε

1894 4067 2056 4121 Vers.
2098 4071 2150 4123 7.
2186 4068 2278 4124 Ac
2306 4099 2376 4110 —
2406 4069 2613 4126 Rabbi.
2649 4073 2869 4126 Amant
2907 4068 3314 4137 salutationes,
3358 4073 3484 4130 sive

111 4167 217 4226 τοὺς
261 4178 626 4243 σωματικούς,
670 4177 771 4226 ε’ίτε
816 4177 906 4226 καὶ
957 4176 1080 4235 τοὺς
1134 4169 1228 4226 διὰ
1273 4179 1700 4250 προσφωνήσεωςι

1873 4169 2070 4224 )rpore
2108 4154 2274 4221 ﬁant,
2313 4157 2431 4212 sive
2471 4157 2893 4228 appellatione.
2926 4159 3142 4214 Amant
3192 4164 3248 4215 et
3283 4163 3486 4217 vocari

106 4253 302 4310 Φιλοῦσι
338 4267 431 4314 καὶ
451 4263 749 4315 καλεῖσθαι
779 4263 879 4315 ὑπὸ
917 4270 1018 4314 τῶν
1039 4260 1324 4336 ἀνθρώπων
1369 4259 1405 4316 δ
1409 4260 1700 4317 ιὸάσκαλοι.

1873 4242 1903 4298 b
1957 4242 2308 4301 hominibus
2369 4245 2666 4315 magistri,
2718 4245 2886 4319 quod
2938 4247 3220 4304 Hebraice
3271 4247 3487 4305 dicitur

103 4338 266 4398 Ῥαεϐὶ
291 4351 393 4424 γὰρ
421 4350 720 4424 Ἑϐραῖστὶ
753 4352 778 4404 ό
811 4347 846 4404 δ
851 4331 1163 4413 ιδάσκαλοςη.
1828 4331 2042 4424 “abhi-

164 4431 319 4506 Ὑμεῖς
343 4423 413 4480 ὲ
436 4423 586 4494 ἔστι.
613 4442 699 4494 Τὰ
725 4443 816 4514 μὶν
847 4439 976 4493 ἄλλα
1000 4443 1162 4514 μέχρι
1194 4448 1288 4504 τῆς
1328 4439 1527 4495 ἐκείνων
1557 4462 1700 4503 κατη·

1906 4423 2075 4481 Vers.
2106 4427 2158 4480 8.
2202 4425 2311 4480 Vos
2341 4452 2410 4467 —
2439 4423 2594 4480 estis.
2626 4423 2848 4481 Catera
2877 4423 3146 4496 quidem,
3179 4441 3376 4498 usque
3409 4426 3488 4482 ad

103 4527 270 4593 γορίας
321 4527 576 4596 ἔστησεν,
637 4512 734 4591 ὡς.
772 4529 943 4590 εὐτελῆ
1002 4512 1120 4584 κάλ’
1167 4534 1238 4604 μὴ
1296 4526 1513 4604 δεόμενα
1561 4531 1700 4604 λόγοι

1873 4517 2070 4574 lorum
2099 4512 2388 4570 duntaxat
2413 4512 2694 4584 perduxit
2725 4513 3170 4569 accusationem
3193 4519 3488 4586 tanquam

103 4609 316 4678 πλείονος
341 4617 413 4682 εἰς
442 4615 758 4695 διόρθωσιν
787 4636 801 4650 ⁸
831 4623 926 4678 τὴν
976 4615 1034 4672 δὲ
1070 4601 1394 4693 φιλαρχίαν,
1417 4623 1486 4683 ὡς
1522 4601 1700 4675 πολλῶτ

1873 4605 1990 4672 ilia,
2019 4619 2130 4660 nec
2151 4603 2228 4659 ad
2251 4602 2342 4658 sui
2365 4601 2791 4658 correctionem
2820 4601 3154 4672 longiorem
3184 4604 3490 4676 requiren-

105 4700 262 4754 αἰτίαν
292 4717 491 4777 κακῶν,
532 4709 615 4772 είς
651 4713 812 4781 μέσον
827 4710 964 4782 ἄγει,
994 4713 1086 4762 καὶ
1107 4706 1413 4784 διορθοῦται
1440 4707 1700 4764 σπουδαιό

1878 4712 1914 4753 a
1941 4707 2302 4752 sermonem.
2327 4692 2708 4764 Principatus
2741 4696 2939 4748 autem
2966 4707 3255 4760 amorem,
3288 4699 3494 4767 utpote

98 4807 249 4866 τερον.
279 4799 366 4857 Μὴ
424 4780 682 4858 κληθῆτε
713 4794 793 4869 δε,
825 4780 938 4851 ἀντὶ
964 4806 1076 4870 τοῦ,
1107 4780 1484 4872 μὴ-ζητὴσητε
1532 4800 1697 4861 κληθῆ

1873 4784 2165 4842 mltorum
2197 4798 2442 4839 causam
2475 4780 2797 4848 malorum,
2833 4781 2889 4836 in
2922 4780 3190 4837 medium
3226 4783 3491 4851 adducit,

97 4899 193 4936 ναι.
223 4885 281 4936 Εἰ
306 4889 413 4960 γὰρ
466 4891 656 4964 ἕτεροι
688 4895 838 4942 τοῦτο
872 4887 1120 4942 καλοῦσιν
1168 4889 1322 4962 ὑμᾶς,
1371 4889 1476 4963 οὐχ
1507 4891 1700 4967 ῦμετέμ

1873 4889 1910 4930 c
1952 4872 2296 4942 diligentius
2339 4871 2607 4941 castigat.
2657 4871 2746 4929 Ne
2793 4871 3103 4936 vocemini,
3155 4871 3218 4927 id
3260 4877 3369 4940 est,
3414 4877 3496 4931 Ne

97 4975 235 5028 τοῦτο
270 4961 662 5052 κατάγνωσις.

1873 4963 2042 5020 'ocari
2058 4977 2292 5035 cupias.
2311 4963 2459 5018 Nam
2497 4961 2544 5016 si
2577 4976 2686 5017 vos
2707 4961 2790 5018 ita
2804 4961 3155 5032 vocentalii,
3174 4977 3298 5020 non
3314 4962 3420 5020 erit
3436 4962 3497 5020 id

1841 5052 1924 5112 ad
1957 5057 2222 5110 vestram
2257 5049 2849 5109 condemnationem.

153 5224 201 5261 ²¹
238 5229 380 5287 Luc.
422 5244 514 5298 xi,
565 5231 673 5287 L6.
783 5230 830 5266 ”
869 5230 1044 5288 lare.
1084 5245 1185 5298 xu,
1225 5232 1319 5288 38.
1432 5230 1480 5268 ³⁸
1526 5232 1663 5289 Luc.

1873 5235 1936 5288 ιθ.

1355 5355 1581 5428 Varia
1599 5355 1932 5426 lectiones
1962 5363 2029 5424 et
2059 5365 2261 5424 notae.

157 5496 268 5570 (95)
291 5497 506 5569 Δῦτῶν,
545 5511 687 5574 pro
707 5498 875 5574 υμῶν,
899 5504 963 5558 Α.

152 5678 244 5753 (d)
286 5679 597 5739 Tantum.
645 5674 720 5734 In
756 5677 962 5736 Graco
1001 5677 1243 5738 additur
1284 5695 1299 5738 :
1340 5674 1452 5738 Sed
1494 5686 1550 5739 et
1592 5679 1654 5738 in
1692 5677 1831 5740 aliis
1869 5676 2103 5752 exiguis
2142 5678 2340 5738 rebus.
