3904 6210
451 259 553 317 591

451 474 655 533 vocari
680 477 876 545 patres
901 486 1003 527 eos
1035 470 1138 541 qui
1164 470 1331 541 juxta
1355 486 1594 525 carnem
1624 473 1976 539 genuerunt,
2010 473 2110 522 aut

453 565 630 621 etiam
654 563 825 634 juxta
847 559 1142 631 spiritum,
1172 559 1279 615 sed
1312 564 1375 615 ut
1402 560 1665 615 sciamus
1694 558 1831 631 quis
1861 558 1937 612 sit
1962 571 2109 628 prae-

451 654 623 725 cipue
654 657 709 706 et
742 656 1029 721 tanquam
1060 649 1256 721 prima
1297 665 1476 705 causa
1506 654 1675 721 pater
1705 652 1923 703 noster.
1958 648 2107 701 Nam

447 742 545 799 hic
578 742 742 797 solus
773 746 863 795 est
889 738 1063 795 nobis
1091 740 1194 811 qui
1220 738 1280 794 in
1314 739 1476 795 caelis
1506 744 1593 795 est
1626 741 1795 794 Deus.
1832 737 1938 804 Qui
1971 751 2107 791 vero

444 832 620 903 juxta
650 845 893 887 carnem
916 844 985 885 ac
1002 828 1174 899 juxta
1201 829 1471 901 spiritum
1498 832 1662 893 sunt,
1692 831 2110 897 cooperatores

449 920 649 990 magis
666 923 769 976 aut
785 917 1036 974 ministri
1054 917 1379 974 nativitatis
1397 917 1573 974 nobis
1593 922 1748 973 sunt.
1766 916 1911 971 Dicit
1930 929 2104 986 ergo:

450 1009 688 1066 Patrem
700 1007 867 1065 vobis
880 1007 1229 1078 praecipuum
1246 1013 1299 1063 et
1314 1012 1593 1079 tanquam
1611 1008 1846 1078 primam
1859 1020 2106 1062 causam

449 1115 527 1157 ne
542 1097 762 1157 vocetis
783 1097 956 1153 vobis
978 1096 1041 1152 in
1060 1101 1231 1154 terra.
1256 1098 1307 1151 Is
1320 1096 1481 1153 enim
1504 1102 1591 1153 est
1616 1112 1770 1152 unus
1789 1095 1891 1169 qui
1912 1095 1969 1150 in
1994 1110 2109 1150 coe-

451 1188 526 1245 lis
557 1193 660 1255 est,
694 1186 797 1260 qui
827 1187 888 1242 in
910 1186 1194 1243 Trinitate
1220 1202 1615 1258 personarum
1640 1201 1796 1241 unus
1821 1192 1909 1241 est
1930 1186 2108 1240 Deus.

522 1278 690 1335 Vers.
737 1281 819 1332 10.
860 1276 981 1333 Nec
1018 1306 1088 1317 —
1126 1277 1416 1332 Christus.
1463 1273 1640 1327 Ῥαϐϐὶ
1680 1278 1770 1327 καὶ
1806 1276 2111 1346 καθηγητὴς

455 1367 643 1440 (quod
688 1365 786 1422 hic
844 1366 1303 1437 interpretantur
1351 1364 1655 1436 magister)
1711 1379 1900 1420 unum
1950 1365 2108 1420 sunt.

452 1456 679 1528 Repetit
720 1469 861 1524 ergo
900 1454 1161 1527 priorem
1218 1470 1558 1510 sermonem
1601 1453 1679 1510 ad
1719 1457 2110 1525 augmentum

452 1544 859 1602 detestationis
876 1544 977 1617 huj
992 1543 1227 1600 usmodi
1244 1543 1406 1601 mali.
1426 1544 1583 1600 Sicut
1598 1559 1739 1614 ergo
1757 1558 2111 1616 quanquam

452 1650 611 1691 unus
659 1632 943 1703 magister
989 1632 1221 1688 dicatur
1271 1632 1557 1699 Christus,
1610 1648 1733 1689 non
1783 1630 2113 1688 excluditur

452 1725 644 1790 Pater,
684 1722 831 1796 quin
872 1722 1051 1778 etiam
1092 1722 1324 1778 dicatur
1359 1722 1649 1792 magister
1691 1744 1703 1777 :

452 1811 589 1868 licet
619 1827 774 1867 unus
804 1811 971 1866 Pater
1000 1816 1201 1866 noster
1231 1810 1463 1866 dicatur
1496 1812 1619 1882 ipse
1651 1813 1835 1876 Pater,
1866 1825 1986 1865 non
2017 1826 2113 1865 ex-

454 1901 707 1957 cluditur
747 1900 927 1954 Filius
972 1900 1117 1971 quin
1164 1900 1341 1955 etiam
1383 1899 1615 1956 dicatur
1657 1900 1823 1955 Pater
1866 1904 2108 1956 noster:

452 2004 599 2047 nam
616 2004 771 2044 unus
788 1993 843 2044 et
862 2004 1015 2043 unus
1036 1987 1113 2045 ad
1135 1989 1475 2061 oppositam
1494 1988 1931 2045 distinctionem
1954 1988 2114 2045 dicta

454 2080 594 2134 sunt
631 2078 947 2135 hominum
990 2082 1045 2134 et
1083 2077 1462 2148 angelorum.

524 2167 692 2224 Vers.
763 2171 846 2223 Η.
915 2166 1028 2234 Qui
1089 2169 1284 2223 autem
1346 2198 1414 2206 —
1474 2166 1761 2223 minister.
1823 2165 2113 2238 Ablegata

454 2257 678 2314 misera
709 2255 985 2313 servitute
1025 2257 1249 2312 amoris
1294 2256 1690 2329 principatus,
1731 2256 1904 2313 docet
1933 2257 2108 2313 etiam

454 2344 741 2418 deinceps
780 2361 903 2418 quo
943 2348 1119 2417 pacto
1161 2344 1221 2400 id
1272 2344 1533 2415 effugere
1572 2345 1923 2417 poterimus,
1967 2350 2113 2417 puta

453 2433 852 2491 ministrando
912 2435 1033 2490 sive
1086 2433 1480 2506 deprimendo
1532 2435 1829 2506 nosipsos.
1890 2436 2111 2490 Deinde

452 2523 621 2596 ponit
659 2523 837 2580 etiam
877 2523 1146 2580 elationis
1193 2524 1532 2596 praamium,
1575 2523 1840 2579 similiter
1879 2528 1933 2579 et
1972 2540 2112 2596 pro-

451 2613 598 2686 priae
627 2613 996 2684 dejectionis,
1029 2617 1092 2668 ut
1121 2612 1224 2668 illa
1254 2612 1489 2683 abjecta
1517 2612 1675 2668 hanc
1706 2621 2035 2669 assumant.

527 2705 682 2760 Vers.
708 2703 1791 2775 l2.Quisquis—exaltabitur.Maxima
1807 2704 2109 2775 possessio

452 2797 541 2851 est
564 2794 748 2851 animi
772 2793 1071 2850 modestia
1099 2810 1111 2849 :
1136 2792 1271 2849 ideo
1296 2793 1634 2865 frequenter
1655 2793 1728 2849 de
1752 2810 1823 2850 ea
1852 2793 2106 2859 disserit,

451 2886 737 2940 continua
758 2883 1087 2940 monitione
1110 2884 1268 2939 hanc
1290 2882 1594 2938 mdiﬁcans
1614 2883 1672 2938 in
1694 2883 1909 2939 animis
1931 2883 2110 2939 disci-

449 2973 752 3043 pulorum.
775 2972 947 3028 Jubet
963 2978 1165 3029 autem
1183 2988 1303 3029 non
1329 2971 1521 3028 solum
1541 2972 1734 3044 prima
1756 2989 1878 3029 non
1902 2989 2108 3030 amare

452 3060 680 3126 sedilia,
697 3061 799 3116 sed
820 3062 1013 3134 magis
1028 3066 1333 3134 postrema
1350 3063 1659 3134 prosequi.
1676 3062 1821 3118 illud
1835 3064 1992 3118 enim
2008 3063 2107 3119 de-
2142 3094 2182 3147 ο

447 3148 653 3222 primit
690 3154 1017 3218 amantem,
1068 3150 1184 3208 hoc
1234 3156 1436 3207 autem
1485 3150 1703 3208 exaltat
1742 3167 2103 3225 prosequen-

448 3243 571 3296 tem
587 3282 602 3298 .

517 3330 665 3386 CAP.
702 3330 833 3386 LVI.
865 3332 949 3387 De
973 3330 1387 3401 deploratione
1428 3330 1769 3387 Scribarum
1804 3338 1855 3388 et
1888 3330 2101 3389 Phari-

448 3434 699 3475 saaorum
713 3463 727 3477 .

518 3518 681 3572 Vers.
710 3515 989 3586 l3(vulgo
1009 3517 1113 3587 14).
1142 3518 1317 3572 Vae—
1337 3517 1686 3585 hypocrita}.
1707 3518 2102 3574 Universalius

447 3611 691 3678 accepto
720 3605 1037 3672 vocabulo,
1072 3607 1181 3662 hos
1210 3606 1471 3678 appellat
1500 3607 1863 3679 bypocritas,
1896 3613 2102 3682 utpote

449 3694 800 3751 simulantes
839 3693 1117 3765 pietatem
1160 3711 1229 3750 ac
1269 3695 1564 3750 virtutem.

520 3801 678 3856 Vers.
734 3804 795 3857 l3
830 3799 1032 3871 (vulgo
1064 3801 1173 3873 14).
1206 3802 1355 3870 Quia
1386 3833 1453 3840 —
1484 3801 1822 3860 viduarum.
1873 3805 2101 3871 Quibus

445 3890 720 3948 auxiliari
750 3889 1082 3962 oportebat.
1117 3890 1204 3945 Ad
1232 3907 1332 3946 eas
1359 3890 1517 3946 enim
1546 3890 1659 3947 sub
1687 3898 1971 3964 praetextu
1998 3895 2099 3951 de-

442 3978 728 4039 fensionis
742 3978 1316 4050 accedentes,magis
1335 3980 2096 4047 atterebant,substantiam

443 4086 651 4129 earum
690 4068 1126 4126 consumendo.

511 4189 669 4243 Vers.
712 4190 773 4243 i3
806 4183 1007 4257 (vulgo
1042 4184 1150 4257 14).
1188 4186 1265 4241 Et
1307 4216 1376 4226 —
1405 4195 1735 4255 precantes.
1768 4190 2094 4248 Occasione

440 4275 768 4334 devorandi
798 4274 1012 4330 domos
1040 4275 1375 4340 viduarum,
1408 4277 1530 4332 sive
1557 4293 1691 4349 quae
1720 4279 1778 4333 in
1812 4278 2094 4336 domibus

440 4382 649 4424 earum
688 4369 845 4430 sunt,
877 4364 1102 4437 prolixe
1141 4370 1500 4435 exaggerata
1539 4372 1799 4433 orantes,
1834 4372 1896 4425 ut
1934 4368 2093 4426 vide-

438 4460 645 4513 rentur
686 4456 875 4514 sancti
905 4470 974 4512 ac
1004 4454 1333 4511 reverentia
1370 4454 1557 4526 digni.

510 4649 673 4704 Vers.
730 4654 788 4705 l3
840 4650 1041 4721 (vulgo
1096 4651 1207 4721 14).
1266 4650 1405 4707 Ideo
1463 4682 1529 4693 ——
1565 4652 1886 4722 judicium.
1942 4655 2091 4720 Quia

439 4739 730 4808 tanquam
778 4742 999 4793 tutores
1047 4754 1252 4795 earum
1304 4740 1706 4811 ingredimini,
1759 4744 1864 4799 sed
1913 4743 2090 4801 veluti

439 4830 815 4897 corruptores
854 4826 1222 4895 egredimini,
1254 4835 1495 4901 propter
1523 4830 1636 4887 hoc
1667 4834 1908 4903 gravius
1947 4851 2092 4891 con-

438 4914 894 4971 demnabimini.
929 4915 1227 4972 Judicium
1253 4918 1411 4973 enim
1438 4926 1613 4976 vocat
1643 4922 2091 4981 condemnatio-

438 5019 599 5060 nem.
642 5004 951 5077 Siquidem
977 5005 1252 5076 quisquis
1288 5014 1511 5077 peccat,
1541 5010 1835 5082 supplicio
1871 5012 2090 5083 dignus

440 5098 527 5149 est
560 5113 571 5153 :
601 5092 706 5166 qui
731 5097 930 5150 autem
954 5094 1230 5149 virtutem
1263 5096 1398 5151 facit
1430 5100 1653 5168 peccati
1685 5101 2087 5169 occasionem,

437 5182 679 5253 gravius
700 5183 999 5254 punietur.
1022 5182 1296 5254 Deplorat
1322 5189 1521 5241 autem
1548 5203 1650 5244 eos
1674 5204 1742 5245 ac
1764 5189 2087 5262 redarguit,

437 5272 731 5345 populum
749 5272 1048 5329 instruens
1066 5288 1139 5329 ne
1160 5272 1399 5331 fallatur
1420 5293 1489 5332 ac
1507 5293 1580 5334 ne
1598 5283 1838 5353 propter
1853 5280 2090 5341 illorum

440 5361 788 5434 dignitatem
829 5362 963 5420 velit
993 5361 1171 5420 etiam
1204 5380 1303 5420 eos
1345 5364 1580 5423 imitari.

511 5561 673 5614 Vers.
719 5560 782 5614 14
821 5556 1022 5632 (vulgo
1073 5561 1175 5630 l3).
1230 5561 1326 5617 Vw
1364 5592 1430 5601 —
1470 5563 1737 5621 introire.
1780 5564 2085 5635 Clauditis,

439 5646 652 5720 inquit,
694 5647 895 5721 ipsum
932 5656 1068 5707 ante
1108 5649 1405 5716 homines,
1440 5657 1585 5723 puta
1617 5658 1753 5711 ante
1792 5657 2086 5731 vosipsos,

1768 247 2120 310 EUTHYMII
2170 245 2493 308 ZIGABENI
3616 265 3690 319 δίη

523 386 693 442 Vers.
731 385 779 439 9.
821 382 900 438 Et
940 410 1009 421 --
1046 378 1232 437 caelis.
1275 379 1396 435 Hoc
1436 379 1584 436 dixit
1622 394 1745 436 non
1783 377 2108 451 prohibens
2140 375 2183 427 A

2292 382 2390 431 Καὶ
2438 409 2496 418 -
2525 378 2780 451 οὐρανοῖς.
2832 385 2994 433 Τοῦτο
3022 375 3174 447 εἶπεν,
3206 379 3258 432 οὗ
3285 381 3460 435 κωλύων
3498 389 3544 438 τὸ
3568 388 3691 441 καλεῖν

2216 471 2443 539 πατέρας
2472 471 2589 529 τοὺς
2612 471 2746 520 κατὰ
2783 470 2955 542 σάρκα
2982 474 3295 544 γεννήτορας,
3319 475 3343 529 ἦ
3369 478 3445 524 καὶ
3470 478 3577 526 κατὰ
3591 485 3698 529 πνεῦ-

2215 576 2307 627 μα,
2341 555 2449 607 ἀλλ’
2479 557 2561 608 ἶνα
2584 566 2801 630 γνῶμεν,
2835 564 2916 619 τίς
2936 557 3076 610 ἐστιν
3100 560 3124 609 6
3154 565 3699 638 προηγουμένωςκαὶπρω-

2215 650 2428 707 ταιτίως
2451 650 2630 720 Πατὴρ
2660 648 2823 719 ἡμῶν.
2854 653 3021 708 Μόνος
3068 651 3167 720 γὰρ
3198 656 3332 701 τοῦτο
3359 651 3465 722 ἡμῖν
3493 650 3604 704 ἐστιν
3628 655 3647 704 6
3667 654 3700 704 ἐν

2216 741 2320 794 τοῖς
2354 735 2592 809 οὐρανοῖς
2617 740 2764 798 Θεόςο
2783 738 2830 788 οἱ
2865 733 2924 789 δὲ
2951 739 3087 789 κατά
3118 740 3379 812 σάρκα,καὶ
3404 743 3516 792 κατὰ
3536 748 3699 815 πνεῦμα,

2219 828 2478 876 συναίτιοί
2506 824 2625 889 εἰσι,
2656 824 2845 897 μᾶλλον
2874 823 2932 878 δέ
2964 822 3199 878 διάκονοι
3222 836 3306 888 τῆς
3327 832 3703 903 γωνήσεωςὴμῶν.

2216 915 2371 983 Λέγει
2400 918 2585 979 τοίνυν,
2615 916 2692 967 ὅτι
2724 919 2930 988 Πατέρα
2955 916 3098 987 ὑμῶν
3128 922 3486 990 προηγουμένως
3510 923 3704 993 καὶπρω-

2216 1006 2427 1065 ταιτίως
2452 1006 2524 1075 μὴ
2557 1003 2807 1062 καλέσητε
2846 1003 2929 1057 ἐπὶ
2963 1012 3057 1067 τῆς
3098 1014 3197 1077 γῆς
3224 1024 3235 1036 ·
3263 1003 3323 1066 εἷς
3344 1009 3431 1083 γὰρ
3458 1012 3582 1060 τοῦτό
3606 1007 3705 1060 ἐστιν

2218 1090 2243 1141 6
2300 1089 2348 1142 ἐν
2419 1111 2529 1154 τοις
2601 1093 2855 1169 οὐρανοῖς,
2932 1096 2957 1146 ὁ
3032 1093 3081 1146 ἐν
3147 1091 3329 1170 Τριάδὶ
3375 1104 3617 1169 προσώπων
3660 1100 3710 1159 εἷς

2218 1183 2365 1242 Θεὸς.

2289 1266 2440 1327 Μηδὲ
2469 1301 2539 1312 -
2571 1277 2823 1346 Χριστός·
2868 1272 3045 1326 Ῥαϐϐὶ
3091 1278 3181 1327 καὶ
3226 1275 3502 1346 καθηγητὴς
3540 1277 3587 1327 τὸ
3625 1275 3713 1328 αὐτὸ

2220 1358 2369 1410 εἰσιν·
2402 1358 2843 1434 Ἐπαναλαμϐάνει
2867 1367 3033 1415 τοίνυν
3063 1366 3150 1416 τὸν
3180 1372 3368 1438 πρῶτον
3393 1362 3542 1436 λόγον,
3565 1364 3620 1425 εἰς
3638 1364 3712 1416 ἐπί-

2218 1467 2370 1500 τασιν
2441 1458 2537 1512 τῆς
2566 1449 2866 1525 ἀποτροπῆς
2894 1458 2983 1504 τοῦ
3022 1456 3258 1505 τοιούτου
3282 1460 3446 1507 κακοῦ.
3470 1452 3634 1527 Ὠσπερ
3657 1449 3716 1504 οὖν

2221 1538 2285 1597 εἷς
2315 1539 2623 1609 καθηγητὴς
2650 1538 2938 1613 λέγομενος,
2984 1542 3276 1615 ὁΧρισ-τός,
3332 1542 3417 1594 οὐκ
3449 1540 3635 1594 ἐκϐάλλει
3657 1545 3715 1593 τὸν

2221 1628 2425 1699 Πατέρα
2450 1635 2541 1679 τοῦ
2568 1628 2809 1700 λέγεσθαι
2842 1632 3146 1702 καθηγητήν
3175 1650 3191 1663 ο
3223 1631 3349 1683 οὕτω
3383 1636 3465 1683 καὶ
3511 1628 3569 1691 εἶς
3591 1637 3718 1703 Πατὴρ

1749 1721 1830 1777 ita
1869 1736 2112 1793 quoque
2141 1728 2185 1785 Β
2220 1714 2364 1785 ἡμῶν
2413 1715 2702 1789 λεγόμενος,
2735 1720 2759 1771 6
2790 1723 2991 1793 Πατὴρ,
3026 1720 3118 1772 οὐκ
3174 1718 3395 1773 ἐκϐάλλει
3440 1723 3516 1772 τὸν
3540 1724 3632 1772 Υίὸν
3656 1725 3718 1769 τοῦ

2217 1802 2461 1875 λέγεσθαι
2516 1811 2720 1882 Πατέρα
2775 1811 2939 1881 ἡμῶν.
2998 1813 3066 1862 Τὸ
3118 1813 3220 1881 γὰρ
3286 1811 3353 1872 εἶς
3405 1814 3486 1862 καὶ
3528 1810 3582 1869 εἷς
3630 1811 3723 1883 πρὸς

2218 1890 2621 1955 ἀντῖδιαστο).ὴν
2670 1900 2869 1972 ιῗραται
2922 1906 3019 1952 τῶν
3050 1898 3326 1974 ἀνθρώπων
3372 1904 3453 1952 καὶ
3498 1918 3581 1951 των
3612 1896 3721 1968 ἀγχί-

2217 1980 2336 2040 λων.

2287 2179 2367 2235 Ὀ
2422 2179 2480 2236 δὲ
2510 2214 2575 2223 -
2603 2179 2859 2245 διάκονος.
2905 2186 3281 2260 Απαγορεύσας
3326 2186 3380 2238 τὸ
3435 2181 3624 2257 χαλεπὸν
3663 2183 3725 2231 v6-

2222 2291 2369 2343 σημα
2423 2280 2517 2333 τῆς
2574 2272 2871 2348 φιλαρχίας,
2920 2273 3096 2326 λοιπὸν
3151 2271 3417 2339 διδάσκει,
3466 2276 3541 2325 καὶ
3581 2270 3727 2329 πῶςᾶν

2219 2359 2344 2412 αὗτὸ
2378 2363 2605 2432 φύγοιεν,
2662 2363 2741 2413 ὅτι
2799 2365 2891 2415 ὸιὰ
2944 2371 3033 2415 τοῦ
3084 2360 3362 2430 διακονεῖν,
3406 2366 3726 2426 ι’ίτουν,ταπιιο

2216 2450 2457 2503 νοῦσθαι.
2490 2447 2615 2502 Εἶτα
2644 2449 2779 2522 λέγει
2809 2456 2897 2503 καὶ
2935 2459 3026 2512 τῆς
3055 2450 3325 2527 ἐπάρσεως
3352 2456 3405 2504 τὸ
3447 2449 3642 2517 ἔπαθλον,
3670 2449 3732 2497 καὶ

2217 2547 2307 2599 τῆς
2349 2545 2718 2606 ταπεινώσεως,
2755 2541 2836 2592 ἵνα
2861 2545 2953 2599 τὴν
2984 2544 3072 2615 μὲν
3096 2543 3346 2617 ῥίπτωαι,
3386 2545 3468 2599 τὴν
3496 2536 3546 2592 δὲ
3580 2534 3731 2610 λαμϐά-

2216 2648 2392 2684 νωσιν.

2285 2735 2303 2750 ’
2331 2744 2493 2799 Οστις
2518 2768 2585 2776 —
2616 2736 2955 2808 ὑψωθήσεται
2997 2756 3010 2805 ;
3050 2744 3317 2812 Μέγιστον
3346 2740 3561 2815 χρῆμαὴ
3599 2752 3734 2787 ταπειο

2214 2828 2501 2899 νοφροσύνη
2538 2842 2550 2855 '
2586 2821 2671 2878 διὸ
2700 2831 2787 2878 καὶ
2808 2826 3049 2890 πὸλλάκις
3070 2834 3193 2901 περὶ
3218 2829 3382 2891 αὐτῆς
3406 2826 3435 2880 δ
3439 2826 3660 2896 ιαλὲγετάι,
3687 2828 3735 2891 τῇ

2216 2918 2457 2986 συνεχείᾳ
2510 2923 2604 2977 τῆς
2661 2917 2998 2989 ὑπομνήσεως
3060 2914 3421 2993 ἐγκαθιδρύων
3460 2917 3611 2970 ταύτην
3649 2915 3737 2967 ταῖς

2212 3012 2310 3053 τῶν
2341 3005 2587 3074 μαθητῶν
2616 3002 2843 3076 ψυχαῖς.
2882 3004 3082 3058 Κελεύει
3131 3003 3196 3060 δε
3242 3012 3317 3079 μὴ
3375 3011 3509 3079 μόνον
3554 3004 3611 3075 μὴ
3654 2997 3743 3073 ἱρῷ

2212 3099 2311 3143 τῶν
2342 3096 2624 3166 πρωτείων,
2655 3091 2776 3151 ἁλλὴ
2828 3098 2918 3146 καὶ
2937 3094 3177 3166 μάλιστα
3204 3093 3528 3170 μεταδιώκειν
3545 3092 3599 3143 τὰ
3622 3092 3743 3159 ἔσχα-

2212 3204 2295 3241 τα.
2335 3188 2405 3236 T6
2434 3187 2523 3256 μὲν
2552 3186 2653 3259 γὰρ
2676 3193 2907 3239 ταπεινοῖ
2925 3190 3011 3239 τὸν
3033 3184 3255 3263 ἐρῶντα,
3292 3191 3350 3241 τὸ
3382 3183 3437 3241 δὲ
3454 3184 3565 3257 ὑψσί
3585 3184 3653 3235 τὸν
3677 3196 3743 3251 με·

2211 3268 2558 3328 ταδιὼκοντα.

2214 3385 2357 3435 ΚΕΦ.
2394 3381 2493 3445 Νς¹
2526 3385 2649 3455 Περὶ
2690 3389 2780 3434 τοῦ
2824 3380 3148 3455 ταλανισμοῦ
3201 3392 3305 3437 τῶν
3350 3382 3659 3458 Γραμματίων
3687 3377 3749 3426 καὶ

2850 3478 2956 3547 Φαρ
2966 3477 3151 3525 ισαίων
3160 3514 3174 3527 .

2282 3577 2415 3630 Οὐαὶ
2452 3609 2512 3619 -
2544 3578 2843 3654 ὑποκριταί.
2872 3580 3297 3656 Καθολικώτερον
3328 3580 3503 3648 εἰπεῖν,
3530 3578 3752 3650 ὑποκριτας

2210 3668 2453 3738 ὀνομάζει
2505 3669 2742 3737 τούτους,
2801 3670 2871 3730 ὡς
2930 3669 3381 3744 ὑποκρινομένους
3437 3662 3751 3722 εὐλάϐεια-ικαὶ

2208 3753 2406 3830 ἀρετήν.

2276 3860 2295 3880 “
2326 3870 2421 3915 Οτι
2450 3894 2518 3905 -
2551 3871 2754 3937 χηρῶν.
2813 3861 2907 3926 Αἷς
2946 3864 3159 3937 βοηθεῖν
3217 3863 3351 3921 ἔδει.
3407 3860 3753 3938 Παραϐάλλοπες

2205 3953 2305 4026 γὰρ
2336 3952 2540 4021 αὐταῖς,
2569 3952 2652 4005 ἐπὶ
2678 3959 2997 4027 προστασίᾳ,
3027 3955 3225 4028 μᾶλλον
3259 3954 3545 4032 ἔπέτριϐον,
3591 3953 3669 4013 τὰς
3700 3944 3758 3998 σθ’

2207 4045 2321 4102 σίας
2351 4041 2518 4094 αὐτῶν
2548 4041 3071 4115 προσαναλίσκοντες.

2277 4239 2376 4287 Καὶ
2412 4267 2471 4276 ““
2522 4242 2957 4309 προσευχόμενοι.
3018 4243 3119 4292 Καὶ
3178 4240 3454 4315 προφάσει
3516 4245 3599 4290 τοῦ
3661 4247 3765 4283 κατε-

2206 4324 2367 4375 σθιειν
2417 4327 2508 4385 τὰς
2555 4325 2721 4386 οἰκίας
2772 4335 2871 4378 τῶν
2920 4337 3125 4401 χηρῶν,
3175 4332 3328 4401 ἤτοι,
3386 4332 3447 4387 τὴ
3498 4325 3541 4380 ἐν
3598 4329 3692 4383 ταῖς
3714 4317 3766 4371 οἱ·

2126 4451 2171 4506 D
2201 4416 2342 4474 κίαις
2384 4413 2570 4480 αὐτῶν,
2616 4415 2795 4489 μακρὰ
2855 4421 2946 4467 καὶ
3005 4418 3363 4490 ἐπιτεταμένα
3411 4419 3770 4491 προσευχόμενοι

2200 4502 2323 4577 παρ’
2378 4502 2582 4572 αὑταῖς,
2671 4506 2806 4557 ὥστε
2888 4500 3058 4559 δοκεῖν
3109 4506 3311 4579 ἁγίους
3391 4512 3481 4560 καὶ
3554 4502 3773 4581 θεραπείας

2200 4589 2396 4654 ἀξίους.

2272 4682 2366 4732 Διά
2424 4711 2489 4721 —
2529 4688 2709 4756 κρῖμα.
2768 4686 2905 4736 Διότι
2960 4685 3269 4759 προστάται
3321 4688 3519 4738 τούτων
3571 4680 3770 4752 εἰσερχέσ

2199 4787 2360 4842 μενοι,
2410 4769 2655 4842 λυμεῶνες
2698 4771 2865 4825 αὐτῶν
2911 4773 3214 4848 ἐξέρχεσθε,
3267 4781 3365 4829 καὶ
3428 4772 3567 4829 διότι
3627 4773 3782 4844 προεδί-

2202 4878 2284 4911 σιν
2340 4866 2763 4935 γαστριμαργίας
2815 4870 3008 4916 ποιεῖτε
3064 4867 3159 4921 τὴν
3217 4866 3440 4939 μακρὰν
3494 4860 3777 4936 προσευχὴν,

2202 4944 2295 5000 διὰ
2341 4956 2493 5001 τοῦτο
2546 4955 2915 5025 περισσότερον
2991 4948 3572 5013 καταδικασθήσεσθε.
3646 4954 3788 5022 Κρῖμα

2198 5038 2299 5110 γὰρ
2331 5041 2424 5096 τὴν
2454 5036 2749 5097 καταδίκην
2807 5045 2957 5113 φησὶ.
3012 5048 3121 5102 Πᾶς
3180 5045 3283 5115 μὲν
3340 5046 3448 5117 γὰρ
3499 5038 3784 5114 ἁμαρτάνων,

2200 5132 2454 5202 τιμωρίας
2508 5126 2652 5191 ἄξιος
2686 5145 2703 5162 ⁶
2745 5130 2770 5182 6
2824 5126 2884 5183 δὲ
2938 5134 3026 5183 καὶ
3077 5136 3367 5207 προφασὶν
3424 5132 3675 5207 ἁμαρτίας
3720 5125 3789 5207 τὴν

2201 5213 2382 5291 ἀρετὴν
2412 5225 2571 5270 ποιῶν
2596 5216 2956 5293 χαλεπώτερον
2983 5205 3226 5280 κολασθή
3240 5240 3429 5281 σεται,
3461 5205 3723 5278 τΤαλανίζη
3747 5205 3791 5262 δῖ

2198 5303 2385 5367 αὐτοὺς
2414 5311 2505 5360 καὶ
2552 5304 2847 5381 ἀπελέγχει,
2880 5311 3306 5372 κατασκευάζων
3348 5320 3427 5385 τῷ
3477 5310 3586 5382 λαῷ
3618 5309 3672 5361 τὸ
3712 5300 3792 5355 6m-

2202 5394 2512 5465 ξαπάτητον,
2550 5397 2630 5449 ἵνα
2667 5403 2738 5470 μὴ
2773 5395 2807 5450 δ
2814 5401 2865 5451 ιά
2889 5404 2983 5457 τὴν
3015 5398 3164 5463 ἀξίαν
3212 5401 3399 5454 αὐτῶν
3432 5401 3672 5455 ἕλκων-ται
3694 5396 3794 5464 πρός

2202 5483 2375 5544 ζῆλον.

2270 5573 2405 5625 Οὐαὶ
2436 5606 2504 5615 -
2526 5574 2783 5631 εἰσελθεῖν.
2845 5577 3062 5646 Κλείετε,
3093 5584 3264 5650 φησὶ,
3313 5585 3521 5640 ταύτην
3547 5573 3795 5653 ἔμπροσθεν

2199 5670 2297 5714 τῶν
2339 5661 2637 5739 ἀνθρώπων,
2672 5668 2790 5718 ὅσον
2829 5670 2959 5741 πρὸς
3018 5669 3155 5740 ὑμᾶς
3209 5675 3312 5723 καὶ
3363 5675 3488 5732 τοὺς
3540 5664 3621 5743 ὑφ’
3664 5666 3794 5738 ὑμᾶς.
