3904 6210
227 275 315 332 593

1037 272 1404 333 COMMENT.
1450 273 1518 332 IN
1557 265 2004 331 MATTHJEUM.
2042 303 2112 315 —
2150 274 2309 334 CAP.
2347 280 2552 338 XXIII.

3407 291 3514 349 594

237 402 292 464 ὡς
338 404 443 474 μήτε
475 396 608 450 αὐτοὶ
648 396 1012 472 εἰσερχόμενοι
1057 399 1133 463 εἰς
1169 399 1354 468 αὐτὴν,
1405 399 1502 455 διὰ
1576 407 1668 461 τῆς
1715 395 1758 451 εἰ

1903 400 1922 453 t
1960 413 2064 456 eos
2090 402 2195 474 qui
2235 405 2406 463 vobis
2438 407 2729 466 subsunt:
2757 411 2820 465 ut
2842 424 3034 483 neque
3062 409 3182 484 ipsi
3218 411 3516 486 ingrepia-

234 491 305 564 ἐμὲ
362 494 558 556 πίστεως,
623 491 756 561 μήτε
843 488 1022 550 ἄλλους
1087 488 1286 551 ἐῶντες.
1345 490 1754 566 Εἰσερχομένους

229 577 279 632 δὲ
320 579 430 649 λέγει
475 581 582 638 τούς
637 573 986 647 ἐπιτηδείους,
1037 581 1153 640 τοὺς
1216 575 1532 652 δυναμένους
1593 579 1754 651 εἰσέρ-

218 669 399 741 χεσθαι,
457 669 636 738 Βαρεῑα
703 663 764 720 δὲ
829 675 980 721 τοῦτο
1037 674 1351 740 κατηγορία.
1418 669 1478 723 Εἰ
1532 670 1634 741 γὰρ
1696 668 1754 718 τό

219 754 385 830 μηδένα
429 755 618 828 ὠφελεῖν
677 753 965 828 καταδίκη,
1017 760 1073 810 τὸ
1131 762 1220 811 καὶ
1278 757 1524 831 βλάπτειν
1591 755 1756 827 ἀσύγ-

220 865 421 918 γνωστον,
461 850 539 898 καὶ
593 842 780 921 ἀνδρὸς
841 846 1046 920 λοιμοῦ.
1103 849 1256 923 Παρὰ
1320 845 1380 902 δε
1442 854 1514 919 τῷ
1577 851 1756 901 Λουκᾶ

221 954 361 1007 φησιν,
399 936 468 989 ὄτι
511 935 702 1009 Ἦρατε
751 941 846 995 τὴν
898 933 1082 990 κλεῖδα
1146 946 1242 1000 τῆς
1299 942 1558 1010 γνώσεως
1621 939 1754 988 οὕτω

216 1024 392 1086 καλέσας
437 1029 522 1084 τὴν
572 1024 645 1089 εἰς
704 1025 862 1078 αὐτόν
919 1030 1117 1097 πίστιν,
1176 1029 1245 1090 ὡς
1311 1027 1628 1100 εἰσάγουσαν
1684 1025 1756 1085 εἰς

215 1117 289 1172 τὴν
323 1121 490 1186 γνῶσιν
528 1122 627 1167 τῶν
677 1114 842 1190 ὀρθῶν
888 1111 1165 1190 δογμάτων
1209 1120 1297 1170 καὶ
1334 1124 1423 1177 τῆς
1454 1115 1751 1192 ἀπορρήτου

221 1207 380 1275 σοφίας,
443 1206 615 1263 ἥντινα
673 1199 856 1258 κλεῖδα
913 1202 1064 1279 ἦραν,
1123 1205 1307 1278 ἤγουν,
1375 1204 1575 1279 ἀφεῖλον
1650 1202 1750 1256 ἀπὸ

217 1299 288 1344 τοῦ
310 1291 426 1346 λαοῦ.

261 1472 372 1527 Ούαὶ
407 1504 468 1514 -
511 1475 676 1547 ὑμῶν.
723 1475 1021 1550 Περιάγετε,
1069 1473 1183 1528 ἀντὶ
1226 1482 1336 1542 τοῦ,
1387 1474 1745 1549 περιέρχεσθε,

207 1558 478 1635 διατρίχετε.
533 1563 873 1636 Προσήλυτον
931 1563 990 1618 δε
1047 1565 1308 1637 ὠνόμασεν
1371 1565 1398 1616 ό
1459 1567 1612 1635 νόμος
1663 1565 1749 1614 τὸν

201 1650 247 1714 ἐξ
296 1649 665 1726 εἰδωλολατρίας
725 1653 1152 1729 προσεληλυθότα
1216 1661 1278 1727 τῇ
1338 1655 1593 1726 θρησκείᾳ
1650 1659 1749 1705 τῶν

1864 487 2008 542 mini
2039 506 2145 562 per
2169 493 2348 552 fidem
2375 513 2511 570 quae
2542 503 2629 554 est
2668 499 2727 554 in
2750 515 2865 564 me,
2894 515 3090 572 neque
3121 501 3270 559 alios
3310 503 3516 562 sinatis

1863 574 2116 646 ingredi.
2150 583 2549 653 Ingredientes
2588 594 2791 644 autem
2843 589 2987 646 dicit
3032 605 3132 647 eos
3177 593 3284 664 qui
3325 595 3514 664 parati

1865 670 2005 722 sunt
2028 683 2097 724 ac
2121 679 2370 742 possunt
2391 675 2640 748 ingredi.
2689 679 2892 734 Gravis
2918 683 3004 735 est
3022 684 3224 738 autem
3254 682 3382 739 haec
3421 700 3518 742 ac-

1863 757 2106 812 cusatio.
2147 760 2297 817 Nam
2317 763 2364 818 si
2387 764 2531 819 nulli
2552 767 2853 836 prodesse,
2900 767 3212 826 sufﬁcitad
3235 772 3512 830 condem-

1864 844 2186 915 nationem,
2256 852 2358 922 qui
2392 853 2569 909 etiam
2611 861 2798 922 nocet,
2859 871 3246 930 nequaquam
3279 862 3514 920 veniam

1866 934 2156 1005 percipiet,
2205 952 2342 993 cum
2370 940 2443 996 sit
2471 942 2787 998 hominum
2819 944 3023 1015 pestis.
3074 949 3249 1018 Apud
3290 951 3514 1007 Lucam

1864 1035 2002 1075 vero
2050 1023 2163 1078 ait:
2208 1026 2444 1084 Tulistis
2494 1030 2710 1088 clavem
2751 1033 3006 1089 scientiae
3048 1035 3116 1100 ’⁵,
3162 1036 3243 1092 ita
3287 1054 3513 1096 vocans

1860 1109 2035 1166 ﬁdem
2086 1128 2222 1185 quas
2283 1116 2344 1172 in
2393 1134 2455 1174 se
2493 1124 2600 1187 est,
2646 1124 2844 1194 utpote
2911 1121 3385 1183 introducentem
3434 1129 3514 1185 ad

1861 1199 2170 1258 scientiam
2182 1209 2480 1264 rectorum
2493 1209 2849 1280 dogmatum
2863 1226 2933 1268 ac
2950 1211 3270 1269 ineﬁ‘abilis
3284 1216 3514 1288 sapien-

1859 1288 1972 1435 tiael,
2003 1305 2189 1362 quam
2220 1293 2449 1353 clavem
2478 1297 2736 1356 tulerunt
2765 1300 2890 1357 sive
2933 1300 3310 1360 abstulerunt
3339 1320 3376 1362 a
3409 1319 3515 1377 po-

1859 1393 1939 1435 nu
1966 1394 2022 1435 ο.

1858 1393 2022 1452 pulo.

1930 1471 2088 1526 Vers.
2133 1474 2217 1527 15.
2263 1473 2357 1532 Vae
2394 1507 2463 1516 —
2499 1494 2670 1549 quam
2710 1494 2828 1536 vos.
2875 1479 3237 1549 Circumitis,
3272 1497 3513 1554 percur-

1857 1559 2000 1615 ritis.
2021 1560 2169 1616 Nam
2194 1562 2255 1618 id
2288 1564 2581 1636 signiﬁcat
2609 1568 2723 1624 hoc
2753 1569 2885 1625 loco
2914 1572 3205 1645 περιάγετε.
3241 1572 3511 1647 Prosely-

1860 1655 1986 1707 tum
2017 1654 2217 1707 autem
2248 1654 2593 1726 appellabat
2618 1657 2714 1713 lex
2743 1674 2904 1725 eum,
2932 1659 3037 1732 qui
3075 1661 3147 1715 ab
3177 1661 3511 1721 idololatria

201 1737 439 1795 Ἰουδαίων.
503 1747 661 1814 Λέγει
708 1748 882 1796 τοίνυν
935 1744 961 1796 ὀ
1016 1747 1261 1817 Χριστὸς,
1312 1744 1392 1796 ότι
1443 1747 1607 1814 Μόγις
1661 1744 1750 1794 καὶ

1903 1737 1937 1794 d
1981 1738 2334 1810 religionem
2378 1744 2699 1802 accedebat
2745 1747 3112 1804 Iudaeorum.
3165 1749 3313 1806 Dicit
3366 1766 3507 1823 ergo

198 1832 301 1901 μετὰ
353 1836 536 1906 μυρίων
593 1837 764 1886 πόνων
825 1840 1018 1886 ποιεῖτε
1081 1833 1168 1886 ἕνα
1245 1831 1596 1908 προσήλυτον,
1658 1834 1747 1883 καὶ

198 1917 288 1972 οὐδ’
327 1922 472 1985 οὕτως
508 1921 672 1976 αὑτοῦ
716 1918 974 1995 φείδεσθε.
1017 1923 1279 1976 Τοσοῦτόν
1329 1920 1445 1975 ἐστε
1486 1925 1574 1974 καὶ
1620 1923 1746 1995 πρὸς

199 2014 414 2084 σωτηρίαν
453 2019 549 2064 τῶν
600 2008 1110 2084 εὶδωλολατρούντων
1157 2013 1451 2084 ἄχρηστοι,
1498 2012 1745 2082 καὶπρὸς

197 2098 384 2170 γυλακὴν
475 2105 566 2154 τόῦ
666 2100 1110 2174 προσεληλυθότος
1203 2103 1453 2176 ῥάθυμον
1556 2098 1745 2173 μᾶλλον

199 2184 243 2242 δι
293 2187 542 2262 προδόται,
619 2186 1007 2264 διαφθείροντες
1081 2190 1232 2244 αὐτὸν
1303 2198 1365 2264 τῇ
1444 2193 1578 2243 κατὰ
1659 2192 1745 2242 τὸν

197 2276 286 2348 βίον
325 2281 450 2352 ὑμῶν
493 2286 741 2354 πονηρίᾳ,
774 2285 866 2334 καὶ
909 2288 1176 2342 ποιοῦντες
1224 2282 1335 2333 υἱόν
1365 2281 1478 2352 (96)
1521 2281 1741 2352 γεέννης,

197 2374 431 2436 τουτέστιν,
489 2370 678 2424 οἰκεῖον
725 2374 932 2442 γεέννης
987 2375 1076 2424 καὶ
1123 2370 1267 2434 ἄξιον
1316 2369 1446 2429 αὐτῆ
1461 2390 1499 2432 ς.
1559 2368 1745 2422 Διπλό-

191 2476 305 2531 τερον
346 2455 400 2513 δε
443 2456 568 2527 εἶπε,
625 2456 768 2514 διότι
805 2465 908 2523 πᾶς
955 2463 1092 2532 ἔχων
1129 2456 1454 2514 διδάσκαλον
1498 2461 1740 2531 πονηρόν,

193 2547 238 2597 οὗ
275 2552 414 2623 μέχρι
447 2559 538 2612 τῆς
580 2553 769 2604 τούτου
818 2554 1005 2613 κακίας
1059 2550 1291 2603 ἵσταταιο
1355 2544 1745 2622 παραδείγματι

193 2630 240 2689 δι
304 2640 448 2713 τούτῳ
531 2644 812 2716 χρώμενος
898 2637 981 2694 έπὶ
1073 2641 1131 2693 τό
1201 2645 1382 2712 χεῖρον
1450 2635 1744 2713 προϐαίνειν

199 2725 347 2783 εἴωθεν.

253 2814 358 2868 (Ναί
409 2847 471 2858 -
540 2816 750 2891 τυφλοί.
819 2822 973 2878 Ζήτει
1032 2815 1081 2870 ἐν
1148 2825 1220 2889 τῷ
1284 2815 1504 2888 εἰκοστῷ
1570 2813 1743 2889 ὀγδόῳ

187 2909 397 2978 κεφαλαίῳ
456 2911 547 2968 τὴν
622 2907 876 2980 έξήγησιν
949 2915 1060 2973 τοῦ,
1138 2903 1363 2979 Ὀδηγοί
1412 2906 1515 2959 εἰσι
1562 2904 1742 2979 τυφλοὶ

188 2992 367 3066 τυφλῶν.

1858 1831 2120 1891 Christus
2165 1851 2179 1891 :
2232 1833 2476 1892 lnﬁnilis
2524 1834 2622 1890 vix
2672 1836 2914 1893 tandem
2963 1836 3270 1894 laboribus
3316 1855 3508 1896 unum

1855 1922 2086 1980 efﬁcitis
2119 1925 2507 1998 proselytum,
2537 1928 2594 1982 et
2630 1940 2740 1982 nec
2771 1925 2907 1982 ideo
2933 1925 3013 1982 illi
3042 1928 3302 2000 parcitis,
3353 1928 3508 1988 adeo

1855 2012 1994 2068 estis
2027 2017 2086 2071 et
2137 2016 2211 2072 ad
2262 2014 2519 2072 salutem
2558 2013 3006 2073 idololatrarum
3047 2015 3310 2086 inutiles,
3340 2021 3398 2075 et
3428 2019 3504 2076 ad

1855 2101 1986 2172 ejus
2001 2104 2106 2176 qui
2122 2104 2251 2176 jam
2271 2103 2512 2160 advenit
2533 2118 2770 2174 segnes,
2788 2104 2911 2162 imo
2933 2104 3136 2177 potius
3167 2105 3507 2178 proditores

1855 2197 2303 2265 corrumpentes
2341 2208 2476 2248 eum
2505 2191 2642 2249 vitm
2672 2197 2883 2249 vestras
2915 2193 3178 2266 nequitia
3205 2201 3260 2252 et
3287 2195 3509 2254 facien-

1857 2283 1944 2337 tes
1974 2297 2115 2339 eum
2146 2282 2336 2338 ﬁlium
2367 2282 2678 2353 gehennae,
2711 2281 2773 2338 id
2793 2286 2901 2353 est,
2930 2282 3289 2340 familiarem
3311 2285 3507 2355 gehen

1853 2385 1970 2440 nec,
1997 2375 2056 2428 et
2081 2388 2153 2429 ea
2178 2371 2450 2444 dignum.
2485 2374 2549 2428 In
2574 2370 2764 2444 duplo
2793 2375 2996 2429 autem
3019 2371 3189 2430 dixit.
3226 2373 3504 2447 Quisquis

1853 2459 2015 2517 enim
2041 2465 2466 2535 praeceptorem
2490 2460 2672 2518 habet
2705 2476 2977 2533 pravum,
3008 2476 3132 2519 non
3167 2461 3324 2519 illius
3356 2463 3506 2521 sistit

1852 2549 2100 2621 malitia,
2141 2551 2246 2609 sed
2283 2551 2414 2624 ejus
2471 2554 2644 2608 utens
2701 2550 2997 2624 exemplo,
3061 2550 3212 2610 solet
3261 2551 3504 2612 ulterius

1853 2639 2193 2713 procedere.

1923 2821 2080 2877 Vers.
2119 2819 2208 2878 t6.
2257 2819 2446 2878 νω-
2496 2818 2654 2875 caci.
2701 2818 2907 2883 Quaere
2956 2815 3240 2874 vicesimo
3289 2819 3503 2878 octavo

1850 2909 2042 2982 capite
2072 2908 2214 2967 dicti
2242 2908 2398 2966 illius
2423 2907 2866 2966 enarrationem
2917 2923 2930 2964 :
2965 2905 3112 2964 Caci
3145 2912 3286 2964 sunt
3329 2907 3505 2966 duces

1851 3013 2134 3056 08807⁸2071
2145 3041 2157 3054 .

235 3090 314 3148 ’ος
337 3117 397 3127 -
424 3085 630 3161 όφεῦει.
678 3083 845 3142 Ούδέν
877 3087 1012 3154 ἐστι,
1055 3084 1317 3153 δηλονότι,
1357 3092 1530 3141 τοῦτο.
1570 3085 1740 3159 Ὀφεί-

1944 3089 2107 3146 Vers.
2149 3088 2236 3145 16.
2267 3088 2378 3154 Qui
2405 3117 2470 3130 -—
2522 3103 2648 3144 reus
2687 3092 2789 3145 est.
2827 3086 2998 3145 Nihil
3037 3093 3120 3144 est
3173 3090 3320 3160 puta
3363 3087 3503 3147 hoc.

182 3169 240 3225 λιι
263 3171 330 3240 δέ,
357 3174 463 3231 ἀντὶ
505 3186 619 3246 τοῦ,
670 3185 950 3253 χρεωστεί.
998 3178 1059 3231 Εἰ
1090 3179 1193 3251 γάρ
1229 3197 1307 3238 τις
1339 3175 1513 3250 ὤμοσε
1556 3171 1740 3229 δοῦναί

180 3281 234 3325 τι,
270 3264 306 3316 εἰ
341 3270 421 3338 μέν
463 3271 599 3321 κατά
641 3275 737 3320 τοῦ
781 3274 905 3321 ναοῦ
953 3271 1178 3341 ὤμοσεν,
1226 3266 1418 3338 ἔλεγον,
1463 3267 1544 3319 ὅτι
1587 3260 1737 3319 οὐδέν

183 3349 266 3405 im
291 3361 441 3408 τοῦτο’
474 3357 518 3410 εἰ
547 3353 610 3410 δὲ
657 3358 794 3410 κατά
836 3376 968 3419 τινος
1012 3364 1223 3432 χρυσοῦ
1261 3358 1494 3424 σκεύους,
1543 3354 1735 3428 ἔλεγον,

178 3437 239 3493 ὅτι
269 3453 525 3516 χρεωστεῑ.
574 3453 757 3501 Ταῦτα
807 3443 866 3500 δι
913 3443 1262 3520 ἐδογμάτιζον
1308 3444 1360 3509 ἐξ
1413 3443 1607 3507 ἀνοίας.
1650 3447 1736 3497 Διὸ

181 3534 248 3582 καὶ
273 3539 479 3589 σκώπτει
507 3539 729 3600 τούτους
759 3536 828 3600 εἰς
858 3540 1078 3613 μωρίαν.

234 3714 388 3784 Μωροὶ
435 3744 497 3755 -
544 3717 757 3790 χρυσόν
801 3731 814 3780 ;
859 3713 1171 3787 Τυφλότητα
1215 3715 1424 3777 τούτοις
1468 3709 1735 3781 ὀνειδίζει,

179 3799 254 3855 τὴν
279 3809 360 3863 τῆς
389 3801 594 3876 ψυχῆς.

240 3893 322 3942 Καὶ
352 3921 412 3934 -
443 3889 637 3968 δῶρον,
681 3897 1077 3968 Θυσιαστήριόν
1123 3913 1302 3969 φησιν,
1353 3891 1426 3966 ἔφ’
1476 3892 1537 3946 οὗ
1582 3893 1735 3964 ἔσφα-

184 3971 258 4034 ζον
281 3980 335 4030 τὰ
357 3988 713 4058 προσαγόμενα
745 3985 970 4057 θύματα.

236 4064 283 4118 ὀ
313 4097 375 4111 -
421 4075 588 4127 ἐπάνω
639 4072 820 4127 αὑτοῦ.
878 4075 1057 4128 Ταῦτά
1094 4093 1272 4147 φησιν,
1343 4071 1447 4146 οὐχ
1499 4075 1568 4135 ὡς
1623 4071 1732 4125 ἔπι-

175 4157 334 4226 τρέπων
403 4161 626 4233 ὀμνύεινο
725 4162 774 4216 ἄν
841 4166 942 4236 γὰρ
1020 4171 1093 4236 τῷ
1174 4167 1392 4236 πέμπτῳ
1475 4161 1733 4236 κεφαλαίῳ

171 4247 381 4310 παντελῶς
425 4255 510 4306 τόν
555 4255 710 4327 ὅρκον
760 4251 1030 4307 ἐκώλυσεν·
1078 4251 1187 4306 ἀλλ’
1224 4255 1294 4314 ὡς
1322 4260 1422 4305 τῶν
1462 4249 1734 4307 Ἰουδαίων

173 4332 418 4404 ὁμνυόντων
447 4345 583 4396 κατὰ
612 4352 714 4396 τῶν
736 4345 1002 4397 τοιούτων.

1821 3181 2002 3236 .Reus
2031 3182 2134 3244 est,
2163 3177 2436 3234 videlicet
2465 3176 2667 3234 debiti.
2703 3177 2760 3233 Si
2803 3177 2940 3250 quis
2992 3178 3147 3234 enim
3186 3177 3412 3251 aliquid
3440 3192 3503 3236 se

1846 3268 2202 3325 donaturum
2245 3267 2580 3338 juraverat:
2615 3265 2661 3322 si
2692 3266 2939 3338 quidem
2975 3281 3082 3337 per
3120 3266 3414 3338 templum
3439 3266 3505 3324 id

1839 3359 2121 3431 jurasset,
2153 3355 2435 3412 dicebant
2460 3354 2622 3411 hunc
2649 3354 2728 3410 ad
2758 3353 2900 3410 nihil
2934 3353 3208 3424 obligari.
3243 3355 3415 3419 Quod
3449 3353 3502 3411 si

1845 3462 1952 3521 per
1972 3461 2077 3503 vas
2093 3444 2342 3518 aliquod
2359 3460 2608 3502 aureum
2629 3443 2690 3500 id
2706 3443 2984 3515 jurasset,
3017 3443 3300 3500 dicebant
3325 3443 3499 3500 illum

1847 3536 2046 3594 debito
2094 3535 2303 3593 teneri.
2365 3534 2507 3593 Haec
2559 3538 2760 3590 autem
2799 3537 3044 3605 propter
3089 3533 3498 3606 insipientiam

1815 3649 1820 3678 :
1845 3626 2174 3693 docebant;
2203 3624 2334 3681 ideo
2365 3624 2544 3680 etiam
2572 3623 2787 3680 horum
2814 3622 3018 3680 irridet
3035 3621 3388 3679 fatuitatem.

1917 3718 2053 3773 Vers
2073 3717 2163 3772 l7.
2195 3713 2376 3771 Stulti
2391 3745 2458 3755 —
2484 3729 2703 3772 aurum
2726 3712 3110 3771 ?Caecitatem
3138 3711 3257 3769 illis
3280 3727 3499 3785 expro-

1842 3805 1996 3873 brat,
2029 3821 2151 3862 non
2179 3805 2464 3878 corporis,
2507 3803 2615 3860 sed
2640 3803 2878 3861 animae.

1916 3898 2072 3953 Vers.
2097 3896 2185 3952 18.
2210 3895 2367 3951 Et—
2387 3894 2547 3950 Vers.
2573 3896 2653 3950 19.
2682 3894 2920 3950 donum.
2941 3892 3134 3951 Altare
3156 3891 3297 3950 dicit
3317 3905 3500 3966 super

1841 3985 2009 4058 quod
2030 3983 2394 4058 jugulabant
2423 3983 2716 4040 adductas
2749 3982 3047 4041 victimas.

1917 4072 2078 4130 Vers.
2109 4074 2199 4131 20.
2235 4073 2348 4141 Qui
2378 4103 2443 4113 —
2474 4073 2637 4128 Vers.
2663 4073 2752 4127 22.
2785 4071 2847 4127 in
2880 4072 3007 4128 illo.
3039 4071 3173 4127 Haec
3203 4070 3346 4127 dicit
3372 4085 3498 4129 non

1842 4161 2009 4236 quod
2033 4161 2234 4233 jurare
2274 4159 2610 4233 permittat:
2646 4159 2853 4231 quinto
2883 4158 3043 4214 enim
3079 4157 3262 4230 capite
3300 4159 3498 4230 prohi-

1843 4249 1976 4308 buit
2003 4263 2182 4306 omne
2206 4249 2636 4322 juramentum:
2667 4247 2769 4304 sed
2803 4246 2969 4320 quod
2993 4246 3190 4303 διιόωὶ
3218 4261 3324 4319 per
3353 4245 3496 4303 talia

1837 4341 2128 4412 jurarent.

230 4426 341 4481 0ὗαὶ
398 4462 466 4472 -
524 4437 733 4502 πίστιν,
786 4439 889 4487 Τοῦ
945 4436 1104 4506 νόμου
1161 4439 1234 4485 τῶ
1286 4431 1392 4503 λαῷ
1445 4431 1737 4495 κελεύοντος

1915 4431 2078 4484 Vers.
2117 4429 2205 4483 23.
2249 4425 2344 4484 Vae
2370 4454 2440 4467 —
2466 4423 2658 4495 ﬁdem.
2683 4424 2832 4481 Cum
2859 4422 2954 4480 lex
2983 4422 3209 4520 populo
3232 4421 3492 4520 j-uberet,

178 4507 362 4579 ὃεκάτπς
412 4526 663 4595 παρέχειν
721 4524 920 4575 πάντων
982 4530 1082 4575 τῶν
1137 4529 1369 4594 καρπῶν,
1439 4521 1586 4574 αὐτοὶ
1646 4526 1735 4575 καὶ

177 4608 272 4676 περί
311 4611 394 4670 τὰς
429 4606 653 4673 δεκάτας
682 4619 774 4666 τοῦ
824 4608 1102 4684 ἡδυόσμου
1145 4617 1234 4664 καὶ
1274 4619 1364 4664 τοῦ
1411 4610 1602 4671 ἀνήθου
1646 4616 1736 4665 καὶ

633 4710 732 4756 τῶν
811 4701 1202 4766 εὐτελεστάτων,
1281 4700 1732 4777 ἠκριϐολογοῦντο,

177 4781 538 4861 προϐαλλόμενοι
605 4795 689 4843 τόν
744 4795 915 4863 νόμον.
980 4794 1226 4865 Διασύρει
1291 4795 1460 4844 τοίνυν
1526 4791 1732 4861 αὐτοὺς,

176 4698 252 4742 τοῦ
316 4705 546 4772 κυμίνου,

178 4872 232 4955 fit;
258 4882 360 4948 περὶ
406 4882 470 4932 τὰ
513 4879 774 4953 έλάχιστα
829 4884 918 4954 μεν
967 4888 1056 4934 τοῦ
1111 4885 1272 4954 νόμου
1323 4879 1736 4955 παραγγελματα

176 4954 267 5012 λίαν
321 4963 855 5043 ἀκριϐολογουμένους,
918 4977 1018 5022 τῶν
1079 4967 1138 5022 δὲ
1197 4954 1431 5042 μεγάλων
1489 4969 1738 5042 ἀμελοῦν-

172 5065 264 5112 τις.
311 5061 486 5128 Κρίσιν
545 5055 608 5111 δε
660 5059 794 5132 λέγει
841 5063 934 5118 τὴν
987 5061 1114 5134 ὑπερ
1172 5067 1268 5112 τῶν
1340 5054 1731 5132 ἀδικουμένων;

173 5144 247 5193 καὶ
283 5141 423 5214 ἔλεον,
465 5150 556 5200 τόν
613 5147 680 5211 εἰς
725 5153 848 5213 τοὺς
885 5145 1179 5224 δεομένους,
1225 5152 1314 5202 καὶ
1369 5152 1548 5202 πίστιν
1595 5148 1730 5223 (97),

228 5319 286 5374 ³⁸.
315 5318 449 5382 Luc.
484 5338 570 5392 x1,
603 5328 685 5383 52.

1849 4523 1911 4576 ut
1947 4518 2116 4576 daret
2162 4515 2424 4572 decimas
2453 4513 2728 4570 omnium
2767 4513 3092 4578 fructuum,
3154 4511 3269 4583 ipsi
3310 4510 3493 4568 etiam

1844 4610 2002 4667 circa
2032 4606 2306 4671 menthae,
2331 4604 2554 4673 anethi,
2580 4619 2650 4661 ac
2666 4603 2890 4676 cymini
2917 4600 3342 4658 vilissimarum
3363 4600 3498 4657 her-

1843 4700 2054 4757 barum
2097 4696 2386 4763 decimas,
2419 4697 2690 4751 exactam
2725 4690 3147 4750 subducebant
3174 4690 3494 4758 rationem,

1841 4791 2036 4861 legem
2058 4785 2510 4860 praetendentes.
2533 4786 2648 4840 Hos
2665 4799 2806 4854 ergo
2827 4781 3325 4853 irridettanquam
3338 4780 3497 4839 circa

1844 4878 2094 4935 minima
2145 4874 2292 4945 legis
2347 4878 2646 4946 prmeepta
2697 4870 3066 4929 exactissime
3134 4874 3494 4936 scrutantes,

1844 4982 2067 5038 magna
2117 4980 2258 5021 vero
2306 4963 2690 5035 negligentes.
2740 4961 3043 5018 Judicium
3079 4964 3281 5016 autem
3330 4958 3494 5025 dicit,

1841 5059 2006 5131 quod
2021 5056 2150 5114 ﬁeri
2169 5054 2468 5126 debetpro
2498 5051 2707 5125 bisqui
2735 5051 2952 5124 injuste
2972 5049 3311 5107 afﬁciuntur
3338 5049 3493 5120 inju-

1833 5147 1961 5205 ria:
1991 5142 2474 5209 misericordiam,
2499 5156 2687 5215 quam
2697 5139 2827 5200 ﬁeri
2846 5138 3123 5200 convenit
3142 5139 3206 5198 in
3230 5150 3449 5210 egenos
3469 5148 3489 5196 :

1359 5424 1582 5496 Variae
1606 5424 1932 5495 lectiones
1963 5430 2029 5492 et
2062 5429 2262 5490 notae.

169 5587 330 5711 zu£95)
365 5592 590 5667 Οἰκεῑον,
635 5610 742 5669 pro
779 5595 910 5653 υἱόν.
961 5601 1025 5652 Α.
1070 5598 1127 5654 et
1173 5611 1312 5654 mox
1352 5595 1486 5670 υἱόν,
1515 5611 1621 5670 pro
1665 5593 1741 5650 οἱ-

219 5677 305 5711 ιον.

219 5677 305 5720 ιον,

1919 5593 2033 5666 (97)
2065 5597 2165 5647 Και
2192 5592 2286 5652 τὴν
2317 5590 2516 5660 πίστιν,
2550 5592 2615 5646 Α.
