3904 6210
453 276 559 333 595

1773 259 2127 324 EUTHYMII
2164 259 2502 326 ZIGABENI
2544 308 2551 312 .
3640 282 3718 339 596

452 406 505 458 et
535 403 740 469 ﬁdem,
774 416 909 474 quae
938 399 1099 455 estin
1130 401 1339 455 Deum.
1369 401 1552 456 Lucas
1591 398 1797 454 autem
1839 390 2105 449 dilectio-

2238 392 2306 449 ’ὴν
2346 392 2413 454 εἰς
2457 395 2543 445 τὸν
2590 397 2737 450 Θεόν.
2774 394 2833 449 Ὀ
2873 392 2933 450 δὲ
2968 400 3169 459 Λουκᾶς
3204 402 3288 451 καὶ
3329 402 3414 458 τὴν
3450 398 3624 473 ἀγάπην
3654 414 3722 461 τοῦ

452 486 589 549 nem
618 493 795 547 etiam
824 490 922 546 Dei
955 490 1123 561 ponit
1153 490 1198 525 ²⁶

515 584 557 651 -ι-
577 581 821 653 Oportet
848 593 1333 651 unumquemque
1354 578 1669 633 doctorum
1692 591 1728 630 a
1748 571 1975 647 populo
1996 584 2106 626 suo

429 671 771 735 decimare,
805 668 918 723 hoc
953 672 1060 731 est,
1102 671 1298 739 petere
1330 683 1366 722 a
1392 667 1601 721 decem
1634 663 1936 731 sensibus,
1961 662 2108 733 puta

454 759 721 831 quinque
747 756 1182 830 corporalibus,
1214 760 1270 811 et
1289 756 1557 827 quinque
1583 753 1688 825 qui
1719 756 1857 808 sunt
1887 750 2107 808 animae

448 847 765 919 judicium,
800 845 1265 903 misericordiam
1292 859 1362 900 ac
1403 843 1607 898 ﬁdem.

531 1030 687 1082 Vers.
729 1025 820 1083 23.
882 1026 1013 1081 Haec
1056 1055 1124 1063 —
1171 1022 1457 1078 omittere.
1494 1020 1630 1076 Haec
1677 1018 1936 1094 primum
1973 1031 2110 1090 quas

457 1116 729 1188 graviora
756 1122 910 1179 sunt,
931 1112 1173 1186 exsequi
1201 1111 1491 1182 oportuit:
1535 1115 1592 1167 et
1621 1109 1861 1165 rursum
1889 1106 2110 1163 leviora

436 1206 557 1263 illa
584 1221 707 1262 non
735 1204 1089 1275 relinquere,
1122 1202 1170 1257 si
1200 1204 1403 1259 exacte
1433 1200 1628 1271 legem
1654 1213 1888 1255 servare
1913 1196 2108 1253 vultis.

530 1384 692 1441 Vers.
721 1383 808 1438 24.
835 1382 1017 1438 Duces
1049 1413 1118 1422 —
1141 1379 1480 1451 glutientes.
1507 1377 1620 1444 Qui
1644 1391 1833 1449 parva
1866 1372 2114 1447 quidem

434 1474 693 1531 scuriose
725 1470 992 1536 servatis,
1020 1469 1083 1526 in
1114 1468 1349 1540 magnis
1372 1482 1509 1524 vero
1542 1465 1803 1540 peccatis
1834 1464 2116 1520 connive-

458 1566 553 1622 tis.

528 1654 807 1710 Vers.25.
851 1652 944 1707 Vae
971 1679 1041 1691 —
1082 1646 1390 1719 injustitia.
1444 1642 1732 1721 Παροψίδα
1783 1643 1970 1701 lancis
2016 1644 2119 1699 aut

2215 488 2347 533 Θεοῦ
2370 502 2520 555 φησι.

2284 573 2325 641 -ι-
2372 574 2413 642 -ξδ
2456 571 2543 626 Δεῖ
2586 574 2700 646 (98)
2754 575 2969 628 ἕκαστον
3017 584 3117 628 τῶν
3168 572 3481 631 διδασκάλων
3524 579 3724 637 iul-odua-

2213 666 2332 710 τοῦν
2410 660 2511 714 ἀπὸ
2586 671 2677 716 τοῦ
2746 663 2873 717 λαοῦ
2949 665 3130 735 αὐτοῦ,
3210 672 3478 735 τουτίσκιν,
3546 669 3727 726 ἀπαιτεῖν

2216 746 2317 801 ἀπὸ
2373 758 2473 801 τῶν
2545 749 2675 806 δέκα
2730 753 3047 820 αἰσθήσεων,
3110 763 3207 807 τῶν
3273 760 3409 809 πέντε
3481 772 3726 832 σωματικῶν

2214 842 2305 889 καὶ
2351 846 2452 890 τῶν
2506 845 2651 894 πέντε
2705 842 2971 917 ψυχικῶν,
3021 847 3115 903 τήν
3171 849 3336 917 κρίσιν
3390 850 3470 899 καὶ
3513 852 3586 900 τὸν
3632 849 3728 904 ἔλεον

2216 930 2307 978 καὶ
2337 931 2431 985 τὴν
2464 929 2662 987 πίστιν.

2287 1022 2464 1071 Ταῦτα
2527 1050 2597 1060 —
2665 1019 2887 1093 ἀφιέναι.
2964 1029 3144 1075 Ταῦτα
3218 1027 3581 1097 προηγουμένως
3653 1024 3730 1080 εδει

2217 1108 2570 1180 κατορθῶσαι,
2623 1113 2688 1163 τὰ
2741 1109 3024 1185 βαρύτερα,
3082 1110 3291 1166 κάκεῖνα
3342 1113 3498 1183 πάλιν,
3554 1117 3609 1167 τὰ
3652 1115 3731 1168 ἐλα-

2220 1196 2340 1267 φρὰ,
2381 1202 2452 1269 μὴ
2486 1196 2868 1274 παραδραμεῖν,
2922 1204 3029 1273 εῖγε
3071 1206 3166 1261 τὴν
3213 1201 3459 1277 ἀκρίϐειαν
3505 1211 3584 1256 τοῦ
3614 1209 3731 1278 νόμον

2220 1281 2392 1359 τηρεῖν
2422 1285 2709 1344 ἐϐούλεσθε.

2290 1371 2508 1447 Ὁδηγοὶ
2568 1408 2640 1419 -
2689 1383 3067 1442 καταπίνοντες.
3129 1382 3195 1434 Οἱ
3250 1383 3314 1434 τά
3357 1383 3505 1458 μικρά
3660 1402 3733 1436 πο-

2221 1462 2720 1565 λυπραγμονοῦντες,
2770 1471 2837 1521 τὰ
2882 1474 3110 1542 μέγιστα
3307 1467 3363 1524 δε
3401 1470 3735 1545 ἀπαρατηρήτως

2223 1555 2620 1626 ἁμαρτάνοντες.

2296 1642 2431 1695 Οὐαὶ
2490 1676 2559 1685 -
2606 1641 2835 1707 ἀδικίας.
2894 1651 2998 1706 Τὴν
3051 1646 3345 1721 παροψίδα,
3400 1653 3589 1711 πίνακος
3636 1647 3737 1711 εἶδός

456 1745 677 1818 patinas
709 1757 898 1813 genus
931 1755 1065 1796 esse
1095 1738 1319 1794 dicunt.
1352 1736 1518 1793 Unde
1550 1737 1739 1791 Lucas
1765 1735 1947 1805 hujus
1977 1734 2114 1789 loco

2238 1728 2354 1785 ιῖναι
2400 1753 2548 1805 φασι.
2604 1740 2807 1788 Πίνακα
2852 1739 2952 1811 γὰρ
3000 1740 3197 1796 ταύτην
3245 1735 3349 1791 εἶπε
3393 1742 3475 1790 καὶ
3522 1740 3546 1791 ὀ
3588 1744 3735 1798 Λουκᾶς

456 1840 670 1900 πίνακα,
714 1833 828 1888 hoc
892 1834 1002 1894 est,
1052 1829 1313 1884 catinum
1389 1825 1590 1898 posuit
1649 1824 2115 1897 quadragesimo

459 1925 625 1982 tertio
652 1921 927 1994 capite“.
958 1922 1053 1975 Est
1082 1922 1282 1975 autem
1329 1915 1423 1971 hic
1453 1930 1650 1971 sermo
1677 1914 2112 1983 mnigmalicus,

458 2014 520 2069 id
550 2014 835 2068 innuens:
864 2009 1125 2080 Corpora
1156 2006 1399 2079 quidem
1428 2009 1625 2060 vestra
1669 2004 1959 2076 purgatis,
2018 2000 2117 2059 illa

462 2102 622 2158 enim
652 2103 825 2156 vocat
864 2096 1214 2153 exteriorem
1253 2093 1452 2166 poculi
1490 2108 1560 2149 ac
1599 2092 1818 2164 patinas
1857 2096 2111 2163 partem,

438 2190 770 2248 *interiores
803 2191 1002 2243 autem
1034 2186 1246 2241 animae
1268 2183 1461 2256 plenas
1476 2186 1613 2237 sunt
1638 2181 1853 2253 rapina
1878 2185 1936 2236 et
1965 2180 2118 2250 inju-

464 2281 621 2337 stitia
650 2277 1048 2340 aﬂ‘ectionum,
1078 2275 1193 2330 hoc
1213 2278 1318 2338 est,
1344 2270 1672 2344 corporalis
1693 2270 1939 2343 quidem
1957 2269 2119 2341 puri-

462 2367 759 2425 ﬁcationis
789 2380 990 2421 curam
1023 2362 1272 2427 habetis,
1306 2376 1441 2418 eam
1474 2376 1611 2417 vero
1629 2376 1766 2432 quae
1788 2358 2004 2414 animae
2030 2362 2120 2414 est

465 2456 782 2529 negligitis.
815 2453 1173 2525 Injustitiam
1205 2455 1407 2508 autem
1448 2465 1609 2506 nunc
1653 2448 1911 2505 dicimus
1937 2448 2118 2504 etiam

467 2562 645 2605 omne
684 2548 1019 2619 peccatum,
1050 2557 1121 2598 eo
1151 2540 1316 2613 quod
1335 2539 1567 2612 justitia
1605 2553 1845 2611 quoque
1886 2538 2122 2594 dicatur

468 2635 663 2694 omnis
718 2635 923 2691 virtus.
977 2634 1167 2688 Lucas
1244 2632 1439 2684 autem
1504 2627 1881 2684 manifestius
1951 2625 2117 2682 dixit:

471 2726 639 2794 Quod
666 2727 825 2783 intus
868 2728 951 2780 est
997 2720 1195 2789 vestri,
1224 2720 1465 2789 plenum
1496 2724 1577 2775 est
1608 2718 1821 2790 rapina
1860 2722 1915 2774 et
1963 2716 2125 2772 mali-

470 2816 556 2874 tia
568 2817 638 2870 ’3.
1500 2836 1505 2837 ί

542 2907 705 2962 Vers.
732 2910 816 2961 26.
844 2903 1148 2961 Pharisaee
1179 2932 1249 2945 —
1298 2899 1544 2955 munda.
1586 2899 1732 2954 Cum
1775 2896 1936 2954 enim
1970 2895 2127 2969 puri-

472 2995 680 3051 ﬁcatur
704 2995 919 3060 anima,
958 2994 1136 3050 simul
1172 2996 1353 3051 etiam
1379 2995 1435 3048 et
1478 3003 1700 3059 corpus
1732 2986 2123 3059 puriﬁcatur;

2224 1820 2272 1873 ἒν
2333 1830 2405 1893 τῷ
2461 1833 2867 1901 τεσσαρακοστῷ
2937 1831 3097 1901 τρίτω
3153 1827 3423 1901 κεφαλαίῳ.
3483 1827 3735 1900 Αἰνίγματὼ-

2226 1906 2327 1973 δης
2376 1917 2465 1965 καὶ
2512 1912 2658 1975 οὗτος
2704 1916 2730 1966 ὁ
2776 1915 2947 1987 λόγος,
2994 1921 3283 1987 σημαίνων,
3334 1918 3409 1969 ὃτι
3449 1919 3518 1970 Τὰ
3663 1921 3736 1968 σώ-

2224 2020 2366 2073 ματα
2417 2002 2557 2074 ὑμῶν
2614 2004 2943 2079 καθαρίζετε·
2998 2013 3168 2058 ταῦτα
3218 2008 3317 2079 γὰρ
3370 2012 3545 2059 νοεῖται
3590 2006 3637 2056 τὸ
3674 2004 3739 2066 ἔξω

2224 2096 2316 2142 τοῦ
2368 2096 2622 2165 ποτηρίου
2657 2098 2746 2146 καὶ
2795 2103 2886 2155 τῆς
2930 2092 3253 2168 παροψίδος·
3300 2098 3396 2148 ἔσω
3439 2091 3493 2147 δι
3532 2095 3579 2145 αἱ
3610 2092 3739 2163 ψυχαὶ

2224 2184 2475 2252 γέμουσιν
2534 2180 2587 2244 ἕξ
2635 2181 2877 2258 ἁρπαγῆς
2914 2189 3003 2237 καὶ
3056 2181 3275 2248 ἀδικίας
3307 2186 3491 2238 παθῶν.
3534 2185 3739 2242 Τὸντέστιι

2224 2276 2334 2322 Τῶν
2382 2273 2471 2342 μεν
2535 2279 2628 2323 τοῦ
2694 2278 2935 2345 σώματος
2996 2276 3302 2350 καθαρσίων
3354 2277 3624 2349 φροντίζετε·
3671 2278 3739 2321 τῶν

2228 2355 2287 2411 δε
2343 2367 2434 2420 τῆς
2496 2358 2684 2432 ψυχῆς
2755 2361 3001 2435 ἀμελεῖτε.
3063 2360 3308 2418 Ἀδικίαν
3365 2360 3421 2416 δι
3468 2370 3544 2414 νῦν
3589 2360 3737 2431 λέγομεν

2227 2453 2317 2501 καὶ
2362 2454 2537 2502 πᾶσαν
2584 2456 2866 2526 ἁμαρτίαν,
2918 2452 3091 2525 ὥσπερ
3144 2458 3239 2506 καὶ
3298 2450 3603 2508 δικαιοσύνην
3644 2452 3740 2500 ἔστιν

2229 2538 2313 2590 ὅτε
2370 2543 2547 2591 πᾶσαν
2605 2539 2809 2613 ἀρετὴν.
2872 2548 3077 2603 Λουκᾶς
3134 2539 3197 2596 δε
3264 2548 3574 2617 φανερώτερον
3628 2532 3741 2602 εἶπα,

2230 2626 2311 2679 ὃτι
2380 2634 2451 2681 Το
2507 2630 2693 2682 ἔσωθεν
2754 2631 2895 2703 ὑμῶν
2964 2636 3110 2705 γέμει
3201 2632 3438 2708 ἁρπαγῆς
3499 2633 3574 2683 καὶ
3624 2643 3742 2682 πονε·

2230 2720 2369 2791 ρίας.

2307 2901 2556 2969 Φαρισαῖε
2605 2928 2676 2940 -—
2726 2901 2978 2973 καθαρόν.
3044 2906 3153 2962 Τῆς
3206 2903 3298 2975 μεν
3345 2901 3438 2974 γὰρ
3484 2898 3629 2969 ψυχῆς
3669 2911 3749 2943 κα·

2238 2987 2602 3058 θαριζομένης,
2682 2990 3131 3063 συγκαθαρίζεται
3212 2996 3305 3044 καὶ
3367 2993 3421 3043 τὸ
3483 2995 3619 3059 σῶμα·
3685 2986 3754 3034 τοῦ

445 3100 612 3139 σουω
642 3089 843 3138 autem
868 3082 1216 3155 puriﬁcatur
1243 3093 1614 3154 corpus,non
1647 3075 1825 3132 simul
1856 3074 2126 3148 puriﬁca-

2240 3081 2477 3147 σώματος
2527 3072 2586 3129 δε
2630 3078 3065 3153 καθαριζομένου,
3123 3079 3185 3132 οὐ
3259 3080 3653 3151 συγκαθαρίζεται
3693 3074 3757 3121 καὶ

473 3176 570 3229 tur
600 3176 656 3227 et
686 3170 907 3227 anima.
937 3172 1206 3229 Animam
1239 3173 1439 3243 itaque
1476 3166 1797 3241 puriﬁcare
1832 3164 2125 3232 convenit,

476 3263 540 3316 ut
567 3259 789 3331 pariter
815 3259 1160 3332 puriﬁcetur
1183 3264 1241 3316 et
1274 3273 1516 3331 corpus.

545 3351 708 3404 Vers.
741 3353 827 3404 27.
874 3350 967 3405 Vw
995 3380 1064 3392 —-
1114 3348 1422 3421 spurcitia.
1478 3348 1521 3416 σι-
1577 3345 1619 3415 -ιν
1674 3344 1833 3397 Κονία
1884 3341 2131 3415 quidem

477 3443 565 3495 est
594 3438 753 3503 calx,
781 3454 904 3511 quo
922 3440 1158 3509 tingunt
1183 3456 1253 3496 ac
1275 3437 1559 3494 dealbant
1578 3432 1853 3505 parietes.
1885 3430 2132 3503 Impuri—

475 3532 655 3585 tatem
681 3532 881 3584 autem
910 3528 1170 3599 appellat
1194 3526 1599 3600 putredinem.

547 3617 715 3673 Vers.
756 3619 843 3672 28.
887 3617 978 3672 Sic
1008 3648 1075 3656 —
1103 3616 1431 3688 iniquitate.
1469 3614 1659 3668 Lucas
1702 3612 1895 3665 autem
1933 3607 2084 3665 dixit
2115 3625 2129 3667 :

481 3708 627 3775 Quia
643 3707 774 3763 estis
790 3711 852 3761 ut
876 3711 1241 3762 monumenta
1270 3718 1400 3776 qua:
1415 3718 1533 3759 non
1555 3696 1864 3771 appareni,
1893 3703 1948 3754 et
1962 3699 2135 3755 homi-

480 3812 581 3853 nes
605 3796 968 3853 ambulantes
988 3810 1167 3866 super
1190 3809 1258 3853 ea
1283 3793 1549 3850 nesciunt
1568 3792 1636 3845 ’9.
1672 3786 1956 3859 Sepulcra
1973 3788 2135 3847 enim

444 3898 617 3960 quas
666 3900 788 3942 non
848 3888 1160 3957 apparent,
1202 3884 1361 3940 intus
1419 3880 1598 3954 plena
1641 3881 1780 3934 sunt
1832 3877 2131 3949 spurcitia,

482 3975 626 4032 foris
673 3978 875 4031 autem
900 3976 1193 4047 apparent
1222 3977 1379 4030 terra
1409 3970 1630 4028 munda
1659 3987 1729 4029 ac
1752 3973 1849 4029 via
1876 3970 2131 4045 publica.

556 4067 720 4121 Vers.
788 4064 875 4120 29.
941 4063 1032 4121 Vw
1071 4096 1139 4107 —
1188 4066 1346 4119 Vers.
1404 4062 1491 4117 30.
1545 4064 1960 4133 prophearum.
2020 4063 2134 4129 Vae,

488 4154 699 4228 inquit,
742 4153 933 4222 vobis,
969 4169 1093 4210 non
1128 4153 1292 4227 quod
1324 4152 1453 4209 haec
1478 4151 1665 4209 facitis
1706 4158 1763 4210 et
1790 4154 1916 4210 haec
1945 4151 2138 4207 dicitis

488 4261 627 4303 cum
656 4244 818 4300 bona
850 4243 987 4309 sint,
1022 4243 1130 4299 sed
1179 4242 1345 4315 quod
1397 4242 1527 4298 haec
1578 4241 1863 4300 facientes
1898 4252 1953 4299 et
2009 4241 2139 4297 haec

488 4336 767 4400 dicentes,
802 4349 871 4391 ac
913 4333 1185 4405 utrinque
1223 4336 1462 4405 patrum
1512 4337 1846 4389 vestrorum
1893 4330 2141 4388 homici-

2237 3165 2267 3223 ἦ
2321 3163 2499 3237 ψυχή.
2551 3168 2638 3218 Διὸ
2696 3172 2953 3241 προσήκει
3006 3172 3101 3227 τὴν
3153 3168 3348 3242 ψυχὴν
3392 3167 3668 3240 καθαρίζειν,
3700 3160 3759 3211 ἱνα

2237 3256 2451 3326 γίνηται
2476 3258 2563 3307 καὶ
2587 3258 2646 3308 τὸ
2685 3264 2838 3329 σῶμα
2867 3258 3115 3331 καθαρὸν.

2312 3343 2448 3397 Οὐαὶ
2499 3374 2568 3385 —-
2624 3343 2972 3420 ἀκαθαρσίας.
3031 3351 3274 3420 Κονίαμα
3325 3347 3405 3419 (1)
3583 3334 3760 3403 ἑστιν,ὀ

2240 3451 2465 3497 τιτανος,
2585 3439 2809 3507 χρίουσι
2850 3439 2939 3487 καὶ
2971 3440 3258 3509 χρώζουσι
3298 3439 3415 3498 τοὺς
3440 3438 3625 3506 τοίχους
3654 3430 3761 3479 Ἀκί·

2243 3523 2463 3595 θαρσίαν
2495 3518 2554 3575 δὲ
2583 3522 2718 3596 λέγει
2747 3528 2836 3583 τὴν
2875 3529 3129 3598 σαπρίαν,

2313 3612 2491 3673 Οὕτως
2536 3644 2606 3652 -
2668 3611 2899 3687 ἀνομίας.
2948 3613 3007 3667 Ὁ
3055 3614 3136 3686 (2)
3191 3612 3257 3668 δε
3308 3619 3509 3675 Λουκᾶς
3559 3607 3681 3674 εἶπεν,
3710 3606 3765 3655 ὅτι

2241 3703 2389 3755 Ἐστε
2448 3703 2513 3762 ὡς
2563 3704 2629 3754 τὰ
2691 3710 2919 3777 μνημεῖα
2968 3706 3035 3756 τά
3109 3700 3311 3769 ἄδηλα,
3372 3708 3460 3756 καὶ
3503 3699 3763 3772 οί-ἄνθρωποι

2241 3794 2635 3866 περιποτόῦντες
2696 3790 2883 3859 ἐπάνω,
2957 3792 3051 3846 οὐκ
3112 3789 3322 3849 οῖδασι.
3383 3795 3460 3846 Τὰ
3504 3794 3593 3863 γὰρ
3647 3785 3763 3856 ἆτανὶ

2242 3886 2469 3953 μνημεῖα
2503 3877 2647 3933 ἔνδον
2677 3884 2766 3954 μεν
2794 3886 3017 3955 γέμουσι
3061 3887 3313 3957 σαπρίας,
3347 3882 3448 3935 ἄνω
3491 3877 3545 3934 δε
3571 3881 3764 3951 φαίνονται

2242 3978 2309 4043 γῆ
2344 3970 2549 4043 καθαρά
2576 3974 2665 4023 καὶ
2689 3970 2958 4045 λεωφόρος.

2315 4057 2451 4111 Οὐαὶ
2508 4090 2579 4100 -
2621 4069 2917 4133 προφητῶν.
2975 4061 3130 4127 Οὐαὶ,
3180 4066 3361 4134 φησὶν,
3416 4062 3550 4133 ὑμῖν,
3600 4055 3680 4127 οὐχ
3715 4050 3767 4101 ὅτι
3866 4086 3867 4091 η

2245 4155 2412 4200 ταῦτα
2468 4156 2678 4221 ποιεῖτε,
2730 4155 2817 4203 καὶ
2855 4158 3024 4203 ταῦτα
3070 4150 3236 4222 λέγετε
3291 4150 3452 4225 [καλά
3491 4148 3565 4220 (3)
3613 4146 3690 4218 γάρ
3719 4138 3770 4193 εἶ’

2247 4237 2377 4313 σινο]
2420 4235 2527 4290 ἀλλ’
2571 4240 2652 4290 ὅτι
2698 4247 2863 4293 ταῦτα
2908 4248 3190 4307 ποιοῦντες,
3241 4246 3337 4294 καὶ
3384 4247 3542 4293 ταῦτα
3589 4241 3771 4305 λέγοντες,

2246 4331 2335 4379 καὶ
2434 4327 2786 4403 ἀμφοτέρωθεν
2892 4337 3303 4404 κατηγοροῦντες
3387 4337 3477 4390 τῆς
3554 4322 3777 4399 μιαιφονίας

488 4426 657 4483 dium
688 4426 1057 4487 accusantes,
1072 4421 1147 4478 ad
1162 4420 1306 4477 illud
1328 4436 1429 4477 vos
1445 4436 1683 4494 quoque
1698 4421 1954 4488 curritis,
1987 4419 2127 4475 festi-

2247 4424 2346 4468 τῶν
2397 4421 2630 4489 πατέρων
2678 4420 2838 4490 ὑμῶν,
2897 4418 2980 4471 ἐπὶ
3017 4422 3212 4478 ταύτην
3270 4424 3364 4471 καὶ
3421 4417 3562 4470 αὐτοὶ
3606 4415 3779 4486 τρὰετεν

490 4521 700 4571 nantes
728 4518 782 4570 et
811 4528 899 4569 me
953 4516 1009 4567 et
1038 4510 1363 4582 discipulos
1393 4526 1561 4565 meos
1591 4512 1882 4577 occidere,
1914 4514 1971 4566 et
2000 4509 2142 4582 quia

492 4619 643 4658 vane
681 4606 739 4657 et
780 4603 841 4657 in
874 4601 1111 4657 ﬁctione
1151 4600 1279 4655 haec
1326 4599 1516 4655 facitis
1561 4615 1631 4655 ac
1670 4600 1881 4670 dicitis;
1914 4614 2057 4654 nam
2088 4604 2144 4655 et

490 4706 601 4746 vos
630 4705 838 4747 eorum
867 4706 1022 4763 quos
1067 4688 1360 4746 accusatis
1390 4687 1775 4745 homicidium
1800 4687 2140 4745 imitamini.

568 4870 730 4926 Vers.
778 4869 863 4925 31.
917 4868 1223 4940 Itaque—
1260 4867 1603 4939 prophetas.
1654 4867 1881 4940 Itaque,
1941 4882 2013 4923 ex
2072 4882 2143 4925 eo

2252 4502 2562 4568 σπεύδοντες
2632 4505 2817 4560 ἀνελεῖν
2892 4506 3022 4581 κάμὲ
3086 4513 3175 4561 καὶ
3244 4512 3374 4570 τοὺς
3428 4503 3643 4579 μαθητάς
3686 4506 3772 4569 ματ

2250 4600 2335 4647 καὶ
2387 4598 2466 4648 ὅτι
2517 4598 2686 4667 μάτην
2729 4601 2818 4650 καὶ
2874 4595 2922 4649 ἓν
2975 4598 3253 4673 ὑποκρίσει
3312 4604 3480 4650 ταῦτα
3520 4596 3683 4647 ποιεῖτε
3720 4583 3781 4635 καὶ

2251 4692 2418 4739 ταῦτα
2489 4685 2677 4757 λέγετε.
2759 4690 2858 4739 Καὶ
2922 4689 3022 4759 γὰρ
3091 4691 3180 4739 καὶ
3244 4686 3399 4739 αὐτοί
3445 4681 3667 4758 μιμεῖσθε
3716 4674 3782 4725 τάν

2252 4779 2549 4848 μιαιφονίαν
2589 4784 2687 4828 τῶν
2725 4779 3207 4850 κατηγορουμένων.

2322 4864 2481 4919 Ὠστε
2524 4896 2591 4907 -
2635 4870 2923 4942 προφήτας.
2972 4864 3152 4938 Ὠστε,
3201 4864 3289 4940 ἀφ’
3332 4866 3402 4920 ὧν
3438 4862 3699 4937 ὁμολογεῖτε
3724 4853 3788 4909 τὴν
3866 4898 3867 4943 1

569 5052 637 5105 ²⁴.
667 5051 803 5117 Luc,
836 5064 914 5119 xi,
941 5049 1032 5107 42.
1057 5049 1103 5085 ²⁷
1134 5048 1270 5104 Luc.
1303 5061 1384 5114 x1,
1418 5045 1507 5103 39.
1542 5046 1611 5101 ³⁸.
1650 5044 1797 5102 Ibid.
1831 5046 1878 5080 ’9
1911 5044 2047 5101 Luc.
2079 5060 2155 5110 ιι,
2192 5043 2281 5100 44.

1717 5170 1935 5240 Variae
1964 5170 2296 5240 lectiones
2328 5177 2392 5238 et
2434 5175 2639 5237 nota.

2261 5387 2442 5422 νιαμα.

2356 5434 2408 5508 2)
2435 5436 2758 5495 Hentenius
2784 5441 2920 5493 ante
2941 5436 3056 5493 hoc
3083 5435 3385 5494 scholium
3406 5427 3796 5508 habetjunqml

2262 5495 2506 5567 versum
2564 5510 2632 5565 27
2677 5514 2733 5564 et
2778 5508 2866 5564 28.
2920 5508 3191 5564 Proxime
3247 5513 3460 5566 autem
3509 5495 3802 5565 antecedens

2212 5612 2215 5617 -
2265 5583 2578 5646 scholium,
2611 5585 2758 5634 κονία
2786 5611 2855 5620 -
2887 5585 3132 5646 σαπρίαν,
3165 5580 3396 5637 omisit.

2337 5654 2413 5728 (3)
2440 5652 2574 5711 Tria
2600 5652 2731 5711 haec
2759 5651 3056 5713 vocabula
3080 5651 3297 5712 omittit
3327 5654 3403 5709 Α.

574 5372 865 5447 (98)ίΗεεο
909 5372 972 5447 in
1012 5372 1235 5447 neutro
1269 5382 1544 5425 meorum
1590 5372 1961 5443 comparent.
2012 5369 2161 5435 Sunt

501 5442 1032 5517 Th'eophylacti,pp.
1066 5446 1164 5499 139
1204 5442 1262 5498 Β.

595 5464 655 5502 eo
701 5464 942 5517 nyiacu,
971 5464 1032 5515 p.
1066 5464 1125 5499 ισ

595 5464 697 5590 99ς
712 5521 789 5572 Τὰ
818 5515 1034 5590 μεγάλα,
1068 5519 1127 5567 Α.

602 5582 836 5661 immiti:
874 5582 1258 5661 scribendum
1313 5583 1561 5661 videtur.
1614 5582 1860 5661 Syllaba

502 5655 737 5722 videtur
782 5677 856 5722 ex
892 5659 1158 5737 proximo
1196 5663 1307 5733 μέν.
1336 5655 1511 5715 Aliud
1542 5659 1628 5715 est
1652 5660 1817 5723 κονία,

1949 5604 1982 5637 α
2027 5587 2157 5642 orta

1921 5655 2020 5713 iud
2070 5674 2155 5709 κο-
