3904 6210
185 323 276 378 591

1022 319 1401 378 COMMENT.
1450 320 1523 376 IN
1566 315 2014 375 MATTHXEUM.
2061 349 2129 362 -
2169 318 2328 375 CAP.
2367 319 2568 377 XXIII.

3396 325 3503 383 598

192 447 442 518 μιαιφονίαν
485 448 577 494 τῶν
628 447 861 520 πατέρων
917 447 1080 520 ὑμῶν,
1141 449 1216 499 ἔτι
1260 444 1320 501 δε
1356 451 1465 519 καὶ,
1526 445 1611 519 ἀφ’
1663 445 1713 496 ὥτ

1871 444 2007 517 [uod
2021 445 2384 503 conﬁtemini
2402 445 2790 504 homicidium
2808 438 3050 520 patrum
3062 450 3425 522 vestrorum;
3444 455 3503 510 et

186 535 394 606 μιμεῖσθε
441 533 637 598 ταύτην,
698 531 1062 589 ἀποδεικνύετε
1141 536 1354 599 ἑαυτοὺς
1411 539 1556 598 υἱοὺς
1630 542 1729 587 τῶν

661 628 868 684 Λουκᾶς
930 622 988 678 δὲ
1075 629 1414 702 προσέθηκεν,
1492 627 1569 678 ὅτι
1640 629 1729 677 καὶ

183 626 576 695 λςοοφητοκτόνων.

180 707 490 764 Σννευδοκεῖτε
543 717 645 772 τοῖς
700 715 866 786 ἔργοις
919 722 1020 766 τῶν
1076 719 1308 789 πατέρων
1360 716 1521 788 ὑμῶν,
1579 733 1729 767 τουτο

179 799 312 865 ἔστιν,
354 797 666 871 ἀποδέχεσθε
714 810 878 856 ταῦτα
927 808 1115 877 τρόπον
1158 806 1293 869 τινὰ,
1348 804 1436 857 ἅτε
1489 800 1584 856 διὰ
1635 810 1726 856 τοῦ

174 890 532 950 κατασκευάζειν
619 892 812 964 τάφους
894 892 1161 969 λαμπροὺς
1244 899 1349 955 τοῖς
1437 895 1724 966 φονευθεῖσι

173 982 457 1051 κηρύττοντες
523 983 617 1038 τὴν
687 980 879 1054 τόλμαν
947 991 1047 1035 τῶν
1119 986 1325 1055 φονέων,

170 1066 658 1142 ἔγκαλλωπιζομένων,
743 1077 831 1123 καὶ
887 1073 991 1125 οἷον
1058 1068 1462 1144 ἀποδεχομένων
1536 1071 1718 1130 αὐτὴν.

171 1153 384 1210 Ἐδοκιίτε
426 1160 522 1232 γὰρ
576 1157 640 1210 ἂν
671 1160 738 1220 εἰς
787 1166 946 1233 τιμὴν
975 1170 1074 1214 τῶν
1122 1164 1456 1235 φονευθέντων
1508 1167 1719 1234 κοσμεῖν

1407 983 1527 1058 ὅπερ
1584 981 1721 1034 ἐστὶν

171 1249 224 1299 τὰ
270 1255 463 1320 μνημεῖα
513 1251 730 1317 τούτων,
770 1256 860 1304 καὶ
913 1251 986 1314 εἰς
1034 1256 1357 1326 κατηγορίαν
1406 1259 1504 1304 τῶν
1557 1254 1719 1304 πατέ-

165 1353 252 1408 ρων
302 1337 420 1407 ὑμῶν
469 1339 534 1389 τὰ
588 1339 816 1413 ῥηθέντα
864 1339 1070 1414 λέγειν,Δ
1101 1341 1146 1394 εἰ
1190 1345 1262 1415 μή
1317 1341 1586 1413 έμιμείσθε
1623 1344 1717 1400 τὴν

159 1429 413 1497 μιαιφονίαν
453 1426 645 1482 αὐτῶν.

217 1518 300 1566 Καὶ
327 1545 388 1556 -
415 1517 572 1586 ὑμῶν.
605 1519 676 1570 Τὸ
719 1520 904 1592 μέτρον
949 1526 1047 1581 τῆς
1097 1523 1305 1581 κακίας.
1354 1519 1466 1572 Οὐκ
1509 1517 1717 1572 ἐπιτάτ-

155 1619 234 1652 των
270 1603 338 1674 (4)
387 1599 441 1656 δι
471 1611 625 1658 τοῦτο
684 1602 838 1672 εἶπεν,
894 1606 1021 1660 ἀλλὰ
1066 1615 1444 1682 προαναφωνῶν
1501 1611 1558 1660 τό
1602 1607 1717 1661 i06-

154 1709 274 1761 μενον
280 1731 290 1742 .

1840 549 1911 590 ex
1932 549 2003 590 eo
2033 541 2318 607 praeterea
2333 536 2497 610 quod
2529 535 2675 592 illud
2710 535 3050 605 imitamini,
3073 538 3500 598 demonstratis

1837 638 1944 680 vos
1975 623 2138 696 ipsos
2165 624 2318 681 ﬁlios
2348 641 2476 681 esse
2505 641 2736 690 eorum,
2767 626 2867 698 qui
2896 627 3223 699 prophetas
3263 629 3502 688 occide-

1835 719 1991 770 runt.
2010 715 2196 770 Lucas
2210 731 2350 770 vero
2364 715 2596 771 addidit
2622 716 3052 786 :Comprobatis
3064 718 3236 786 facta
3255 725 3497 788 patrum

1834 809 2160 859 vestrorum
2183 805 2253 870 ³ο,
2289 804 2406 859 hoc
2431 808 2534 870 est,
2569 819 2641 860 ea
2670 804 2937 875 quodam
2958 807 3141 862 modo
3173 807 3491 880 suscipitis,

1832 897 2035 962 utpote
2064 891 2423 948 rediticando
2476 893 2568 948 his
2627 893 2725 965 qui
2758 893 2939 949 occisi
2994 899 3133 952 sunt
3175 895 3494 966 splendida

1833 985 2214 1037 monumenta
2241 996 2254 1047 ;
2289 979 2623 1052 praedicatis
2645 980 2962 1037 audaciam
2991 981 3436 1042 homicidarum
3464 999 3480 1043 :

1827 1067 1887 1123 id
1911 1069 2070 1125 enim
2102 1069 2176 1124 de
2209 1084 2278 1124 ea
2309 1067 2692 1139 gloriantium
2732 1072 2819 1125 est
2848 1083 3099 1140 eamque
3151 1072 3493 1144 approban-

1827 1157 2004 1214 tium.
2045 1157 2404 1214 Videremini
2424 1156 2722 1229 siquidem
2751 1157 2813 1212 in
2833 1157 3129 1214 honorem
3155 1174 3364 1216 eorum
3381 1160 3489 1234 qui

1798 1247 2007 1302 ’occisi
2054 1251 2216 1312 sunt,
2249 1261 2463 1304 ornare
2523 1250 2918 1303 monumenta
2973 1246 3270 1319 ipsorum,
3302 1251 3358 1305 et
3407 1249 3488 1306 ad

1825 1336 2270 1392 accusationem
2295 1341 2536 1408 patrum
2575 1340 2906 1392 vestrorum
2935 1335 3222 1408 praedicta
3265 1336 3484 1404 facere,

1824 1425 1938 1480 nisi
1976 1424 2369 1481 homicidium
2395 1439 2604 1481 eorum
2642 1423 3052 1481 imitaremini.

1893 1513 2062 1570 Vers.
2095 1517 2182 1570 32.
2233 1515 2407 1570 Et—
2437 1519 2789 1570 vestrorum.
2833 1513 3162 1571 Mensuram
3215 1514 3479 1576 malitia.

1822 1605 1951 1660 Non
1980 1602 2132 1660 dixit
2156 1607 2357 1659 autem
2382 1601 2498 1658 hoc
2529 1601 2949 1675 praecipiendo,
2978 1601 3085 1659 sed
3121 1603 3288 1676 quod
3315 1602 3476 1664 futu-

1820 1707 1955 1748 rum
1987 1696 2113 1749 erat
2139 1691 2543 1764 praedicendo.

207 1785 376 1852 Ὂφεις,
422 1813 489 1824 -
527 1787 776 1856 γεέννης;
815 1784 990 1858 Ὂφεις
1043 1789 1134 1860 μεν
1178 1786 1368 1850 αὐτοὺς
1411 1785 1702 1859 ὠνόμασεν.

1894 1782 2053 1838 Vers.
2084 1785 2172 1839 33.
2199 1781 2507 1851 Serpentes
2531 1811 2598 1823 —
2614 1780 2892 1852 gehennae
2919 1779 2947 1838 ἳ
2977 1782 3289 1855 Serpentes
3307 1782 3475 1858 ipsos

153 1870 206 1930 ὡς
243 1876 477 1945 πονηροὺς
521 1878 615 1926 καὶ
669 1873 968 1938 ἐπιϐούλους
1026 1880 1115 1929 καὶ
1170 1875 1514 1950 λυμαντικούς
1542 1893 1555 1906 ⁶
1602 1895 1711 1948 γεν-

152 1963 321 2029 νήματα
387 1957 443 2014 δε
507 1959 758 2034 ἐχιδνῶν,
814 1967 882 2026 ὡς
957 1964 1193 2028 ἐοικότας
1265 1973 1374 2028 τοῖς
1443 1968 1707 2042 πατράσιν

151 2046 284 2099 αὐτῶν
315 2052 441 2103 κατὰ
467 2055 550 2104 τόν
591 2052 668 2104 ἰόν
707 2061 798 2114 τῆς
843 2059 1033 2118 κακίας
1084 2060 1172 2108 καὶ
1203 2057 1338 2108 κατὰ
1377 2058 1434 2108 τό
1478 2059 1702 2128 φονικόν.

153 2140 400 2209 Γεννήματα
449 2137 509 2194 δὲ
564 2139 795 2214 ἐχιδνῶν
878 2149 968 2197 καὶ
1023 2145 1050 2196 ό
1116 2149 1413 2206 Βαπτιστής
1463 2145 1706 2207 Ἰωάννης

151 2224 297 2288 αὐτοὺς
340 2235 762 2306 προσηγόρευσεν
817 2231 866 2285 ἓν
898 2241 971 2304 τῷ
1017 2238 1175 2306 τρίτῳ
1205 2233 1485 2306 κεφαλαίῳ,
1519 2235 1562 2288 εἰ
1617 2238 1704 2288 καὶ

151 2315 240 2366 καθ’
287 2316 443 2391 ἑτέραν
509 2323 728 2377 ἔννοιαν.
787 2326 974 2395 Κρίσιν
1030 2319 1090 2376 δὲ
1146 2327 1352 2395 γεέννης
1404 2323 1540 2396 λέγει
1606 2328 1700 2384 τὴν

146 2409 404 2479 κατάκρισιν
471 2414 560 2463 καὶ
642 2416 895 2487 τιμωρίαν
949 2421 1045 2475 τῆς
1116 2418 1335 2486 γεέννης,
1399 2417 1538 2483 ἦτοι,
1606 2419 1700 2474 τὴν

145 2501 537 2569 παραπέμπουσαν
565 2499 642 2562 εἰς
667 2505 761 2559 τὴν
790 2505 1012 2574 γέενναν.

198 2588 274 2636 Διὰ
316 2616 378 2628 -
422 2589 597 2647 πόλιν,
667 2592 763 2644 Διὰ
820 2599 992 2658 τοῦτο,
1041 2599 1221 2660 ποῖον;
1282 2595 1424 2646 Διότι
1492 2591 1698 2666 μέλλετε

145 2671 368 2743 πληρῶσαι
394 2681 448 2730 τό
494 2684 687 2753 μέτρον
725 2688 822 2742 τῆς
879 2685 1066 2742 κακίας
1091 2690 1190 2734 τῶν
1245 2685 1478 2758 πατέρων
1529 2683 1694 2754 ὑμῶν.

148 2760 414 2818 Ἀποστέλλω
475 2764 534 2820 δι
594 2765 724 2836 εἶπε,
779 2766 1170 2844 παραδεικνύων
1229 2774 1286 2823 τό
1340 2760 1552 2843 ἀξίωμα
1599 2777 1696 2834 τῆς

146 2850 358 2914 θεότητος,
412 2862 686 2931 Προφὴτας
736 2854 796 2910 δὲ
845 2863 934 2912 καὶ
992 2863 1182 2932 σοφοὺς
1229 2865 1317 2912 καὶ
1363 2867 1690 2936 γραμματεῖς

139 2943 234 2999 τοὺς
279 2941 574 3008 ἀποστόλους
628 2951 761 3020 φησὶ
816 2953 907 3001 καὶ
959 2953 1081 3010 τοὺς
1134 2948 1244 3022 μετ’
1303 2948 1524 3010 ἐκείνους
1577 2969 1692 3002 ποι·

139 3032 262 3096 μένας
304 3039 383 3086 καὶ
429 3033 796 3098 διδασκάλους
846 3045 943 3090 τῶν
1010 3037 1326 3098 Ἐκκλησιῶν
1391 3041 1460 3101 ὡς
1534 3038 1688 3102 ἠξιω-

1820 1871 2166 1937 nominavit,
2198 1875 2494 1943 tanquam
2523 1869 2770 1926 nocivos
2788 1873 2845 1926 et
2868 1868 3248 1929 insidiatores
3278 1887 3350 1930 ac
3372 1887 3475 1947 pes

1816 1959 2072 2017 stiferos.
2103 1959 2417 2032 Progenies
2447 1961 2644 2016 autem
2665 1959 3031 2031 viperarum,
3072 1964 3278 2032 utpote
3309 1959 3474 2020 simi-

1813 2047 1896 2104 les
1927 2048 2194 2121 patribus
2221 2049 2348 2105 suis
2372 2047 2436 2104 in
2456 2063 2690 2105 veneno
2714 2047 2951 2104 malitias
2998 2052 3056 2105 et
3082 2047 3144 2105 in
3175 2049 3473 2109 truculen-

1813 2137 1915 2194 tia.
1945 2138 2266 2215 Progenies
2284 2153 2522 2211 quoque
2537 2136 2891 2210 3viperarum
2915 2137 3242 2210 appellavit
3260 2154 3364 2197 eos
3381 2142 3470 2199 Jo-

1811 2241 2000 2284 annes
2021 2227 2282 2300 Baptista
2312 2227 2478 2283 tertio
2517 2226 2721 2299 capite,
2749 2226 2856 2283 sed
2875 2226 3050 2298 juxta
3079 2227 3268 2286 alium
3302 2229 3470 2288 intel-

1807 2315 2048 2373 lectum.
2069 2317 2098 2372 Ι
2107 2315 2374 2374 udicium
2394 2329 2536 2372 vero
2558 2314 2846 2388 gehennae
2867 2314 3011 2372 dicit
3020 2315 3471 2378 condemnatio-

1787 2421 1948 2462 -nem
1975 2411 2030 2463 et
2072 2404 2434 2479 supplicium
2465 2405 2751 2477 gehennaa
2780 2406 2925 2473 sive,
2964 2406 3132 2481 quod
3173 2406 3353 2466 mittit
3401 2407 3467 2468 in

1806 2496 2142 2567 gehennam
2157 2539 2170 2553 .

1877 2587 2034 2641 Vers.
2079 2584 2168 2640 34.
2203 2585 2453 2655 Propter
2471 2613 2541 2626 —
2568 2583 2891 2642 civitatem.
2921 2614 2993 2628 —-
3022 2585 3277 2656 Propter
3312 2586 3425 2647 hoc
3441 2604 3462 2662 ;

1780 2678 2047 2748 propter
2072 2673 2220 2746 quid
2243 2674 2270 2728 ?
2292 2673 2443 2740 Quia
2463 2673 2764 2746 impleturi
2793 2672 2934 2730 estis
2962 2689 3307 2734 mensuram
3336 2694 3465 2738 ma-

1800 2760 1940 2819 litiae
1954 2766 2196 2835 patrum
2211 2767 2563 2820 vestrorum.
2577 2763 2748 2820 Mitto
2759 2767 2950 2820 autem
2963 2763 3122 2830 dixit,
3139 2767 3463 2825 ostendens

1801 2851 2128 2908 divinitatis
2143 2851 2509 2924 dignitatem.
2531 2851 2860 2925 Prophetas
2875 2855 3076 2909 autem
3090 2857 3149 2909 et
3161 2854 3457 2927 sapientes

1776 2955 1872 2997 ‘ac
1915 2941 2144 2998 scribas
2175 2941 2319 2998 dicit
2347 2926 2675 3014 apostolos,
2720 2945 2776 2998 et
2803 2941 2908 3015 qui
2933 2956 3036 2999 eos
3081 2926 3265 3000 secuti
3319 2949 3462 3005 sunt

1775 3034 2073 3101 ~pastores
2103 3045 2173 3086 ac
2212 3030 2481 3087 doctores
2535 3029 2948 3095 Ecclesiarum,
2981 3035 3185 3104 utpote
3243 3033 3458 3105 dignos

141 3122 279 3186 μένους
330 3133 652 3197 προφητικοῦ
712 3130 1048 3200 χαρίσματος
1095 3133 1183 3181 καὶ
1221 3131 1316 3190 ὡς’
1351 3126 1705 3202 [σεσοφισμέ-⁵

1871 3118 2035 3176 .bitos
2059 3119 2408 3191 prophetica
2427 3119 2639 3190 gratia,
2662 3124 2720 3177 et
2739 3120 2915 3194 quasi
2936 3120 3013 3177 ab
3041 3136 3112 3179 eo
3137 3122 3378 3181 edoctos
3401 3127 3460 3184 et

136 3224 223 3268 ὀυς
263 3210 332 3282 (5)
367 3213 451 3265 ὑπ’
482 3214 650 3268 αὐτοῦ
678 3221 768 3268 καὶ
819 3217 906 3288 ὡς]
959 3221 1052 3276 τὴν
1105 3223 1304 3291 Γραφὴν
1356 3215 1582 3281 εἰδότας.
1615 3222 1685 3272 T6

138 3291 244 3360 ἶεὶξ
266 3300 415 3354 αὐτῶν
453 3301 633 3374 δηλοῖ,
665 3307 746 3357 ὃτι
783 3305 841 3358 οὐ
887 3307 1080 3369 πάντας
1127 3305 1514 3373 ἀποκτενοῦσιν,
1560 3303 1686 3360 οὐδε

133 3387 289 3452 πάντας
307 3400 757 3466 μαστιγώσουσιν.

184 3474 332 3542 Ὅπως
355 3512 421 3524 -
447 3492 566 3555 γῆς.
604 3480 750 3556 Αἷμα
789 3488 893 3537 νόει
935 3489 1031 3544 τὴν
1082 3482 1373 3548 καταδίκην
1401 3493 1492 3540 τοῦ
1523 3487 1684 3560 αἵμον-

129 3581 207 3634 τος,
231 3571 330 3626 ἤτοι
353 3579 440 3624 τοῦ
470 3578 650 3645 φόνου.
693 3572 868 3637 Ὀπως
919 3574 1062 3648 ἔλθη,
1110 3580 1287 3648 φησὶν,
1321 3575 1395 3648 εἶφ’
1426 3578 1562 3649 ὑμᾶς
1591 3597 1683 3630 κα-

127 3651 281 3715 ταδίκη
316 3665 497 3724 παντὸς
533 3666 756 3736 αἰματος
809 3661 1020 3716 δικαίου
1071 3663 1420 3739 έκχυνομένου
1473 3665 1556 3720 ἐπὶ
1585 3675 1682 3730 τῆς

128 3748 286 3810 Ἠξγὸ
336 3745 390 3801 δε
449 3758 660 3814 Λουκᾶς
731 3749 885 3821 εἶπεν,
969 3755 1050 3806 ὅτι
1111 3752 1221 3807 Ἰνα
1293 3753 1557 3829 έκξητηθῇ
1617 3759 1678 3808 τό

129 3832 234 3902 αἷμα
281 3840 466 3892 πάντων
537 3850 641 3894 τῶν
693 3851 989 3916 προφητῶν,
1045 3847 1103 3896 τό
1161 3843 1502 3918 έκχυνόμενον
1575 3844 1676 3898 ἀπὸ

130 3922 368 3989 καταϐολῆς
424 3935 651 4003 κόσμου,
707 3929 809 3984 ἀπὸ
872 3939 967 3992 τῆς
1021 3939 1197 4004 γενεᾶς
1241 3936 1456 3997 ταύτης.
1513 3932 1679 3990 Διδά-

132 4025 224 4061 σκει
279 4011 328 4068 δέ
376 4038 421 4071 τι
477 4020 696 4095 φοϐερόν
751 4006 1000 4092 όλόγος,
1049 4024 1128 4074 ὅτι
1175 4024 1200 4074 ὁ
1267 4028 1534 4095 γινώσκων
1585 4028 1677 4089 τὰς

126 4105 207 4148 τῶν
247 4105 728 4180 πεπλημμεληκότων
780 4115 1054 4184 τιμωρίας,
1113 4111 1239 4183 [καὶ
1296 4113 1374 4185 (6)
1436 4115 1676 4187 μιμησά-

125 4205 239 4255 μενος
282 4195 472 4262 αὖτοὺς,
530 4202 716 4271 ἔνοχός
766 4198 908 4252 ἐστιν
946 4199 1303 4259 ἁπαιτηθῆναι
1341 4203 1544 4258 πάντων
1587 4207 1676 4266 τὰς

124 4284 384 4358 τιμωρίας]
414 4292 677 4354 τουτέστι,
739 4285 922 4340 δοῦναι
979 4288 1055 4362 ἐφ’
1114 4289 1316 4362 ἑκάστῳ
1373 4287 1549 4359 δίκην,
1605 4297 1677 4357 ὡς

120 4367 176 4431 μὴ
223 4379 570 4445 σωφρονισθεὶς
620 4383 728 4438 τοῖς
778 4374 1207 4451 παραδείγμασι.
1263 4384 1363 4433 Καὶ
1411 4379 1464 4444 ἒξ
1505 4381 1674 4435 αὐτῶν

124 4468 407 4532 αποιτενείτε,
511 4470 693 4538 φησὶν,

125 4547 272 4606 παντὸς
318 4556 459 4622 φόνου
519 4554 1003 4630 προτετολμημένου
1071 4560 1209 4610 κατὰ
1259 4567 1359 4611 τῶν
1426 4555 1667 4616 δικαίων.

125 4626 340 4687 Ἤκουσαν
385 4646 506 4715 γὰρ,
567 4645 646 4695 ὅτι
699 4644 725 4695 ό
773 4647 864 4716 μεν
925 4647 1058 4701 Κάῑν
1115 4645 1244 4699 ἑπτὰ
1297 4657 1559 4722 τιμωριῶν
1608 4647 1669 4708 ἦν

123 4716 236 4782 ἀξιος
257 4740 267 4750 ·
296 4727 318 4777 ὁ
346 4724 400 4780 δι
454 4733 645 4804 Λάμεχ
675 4728 1119 4803 ὶϐδομηκοντάκις
1150 4735 1299 4800 ἑπτὰ,
1350 4716 1450 4790 διᾶ
1486 4742 1542 4790 τό
1593 4744 1666 4812 μὴ

125 4817 489 4881 σωφρονισθῆναι
543 4828 613 4891 τῷ
658 4817 1077 4894 παραδείγματι.
1136 4827 1206 4876 T6
1256 4821 1315 4877 δε
1365 4826 1523 4894 ὅπως,
1576 4831 1666 4880 καὶ

125 4896 169 4942 τὸ
201 4897 282 4969 ἱνα,
310 4904 400 4956 οὐκ
446 4907 770 4982 αἰτιολογικὰ
814 4917 902 4962 νῦν
951 4916 1079 4984 φασί
1123 4930 1275 4981 τινες,
1315 4911 1443 4968 ἀλλὰ
1499 4911 1668 4974 δηλω-

119 4988 216 5036 τικὰ
237 4999 316 5043 τοῦ
342 4995 622 5065 μέλλοντος.

175 5072 280 5129 ’Δπό
328 5112 395 5126 —
451 5087 856 5162 θυσιαστηρίου.
917 5089 1182 5164 Εὐκαίρως
1232 5098 1325 5144 τοῦ
1387 5092 1544 5149 ’Ἅϐελ
1615 5093 1667 5149 ί-

117 5169 409 5243 μνημόνευσε,
457 5170 724 5246 δεικνύων,
785 5178 866 5231 ὅτι
915 5183 1004 5233 καὶ
1051 5180 1078 5232 ὁ
1136 5179 1327 5234 έκείνοῦ
1375 5186 1519 5258 φόνος
1571 5180 1667 5242 διὰ

170 5342 208 5378 ³⁸
239 5345 365 5409 Luc.
394 5367 474 5410 ιι.
506 5354 596 5410 48.
672 5357 715 5393 ﬂ
740 5357 879 5414 Luc.
906 5373 988 5426 xi,
1022 5362 1108 5417 50.

1794 3208 2480 3281 tanquaijcripturam
2505 3209 2916 3280 intelligentes.
2948 3210 3122 3276 Quod
3145 3217 3350 3271 autem
3371 3212 3460 3271 di-

1792 3298 1964 3368 citur,
1995 3313 2068 3355 ex
2093 3299 2240 3363 illis,
2274 3297 2571 3370 signiﬁcat
2597 3298 2765 3371 quod
2792 3313 2917 3356 non
2945 3313 3159 3357 omnes
3201 3303 3456 3364 occisuri

1790 3391 1978 3453 erant,
2012 3403 2207 3460 neque
2236 3401 2449 3444 omnes
2473 3385 2850 3458 ﬂagellaturi.

1769 3501 1774 3505 -
1861 3478 2022 3534 Vers.
2047 3459 2138 3535 357.
2175 3477 2334 3535 Ut—
2358 3481 2605 3534 terram.
2625 3476 3000 3550 Sanguinem,
3027 3459 3286 3552 intelligo
3314 3493 3454 3539 san-

1790 3566 1986 3638 guinis
2023 3567 2148 3623 sive
2177 3565 2360 3623 caedis
2395 3565 2980 3624 condemnationem.
3015 3568 3086 3624 Ut
3106 3569 3327 3640 veniat,
3365 3568 3454 3628 in-

1787 3657 1932 3729 quit,
1961 3671 2144 3729 super
2180 3671 2290 3713 vos
2329 3654 2756 3712 condemnatio
2785 3655 3106 3728 cujuslibet
3147 3657 3290 3730 justi
3315 3673 3454 3716 san-

1786 3746 1980 3817 guinis
2007 3745 2111 3818 qui
2132 3745 2359 3802 effusus
2390 3749 2478 3802 est
2503 3760 2683 3818 super
2712 3750 2950 3802 terram.
3013 3747 3202 3804 Lucas
3248 3751 3452 3806 autem

1784 3835 1961 3893 dixit:
1980 3837 2048 3894 Ut
2061 3836 2411 3908 exquiratur
2418 3836 2661 3908 sanguis
2672 3835 2932 3893 omnium
2949 3835 3360 3908 praphetarum
3375 3839 3448 3906 “,

1783 3925 1890 3996 qui
1918 3923 2144 3982 effusus
2167 3929 2255 3982 est
2274 3924 2744 3982 aconstitutione
2773 3923 2987 3982 mundi
3008 3941 3046 3983 a
3068 3926 3450 3998 generatione

1775 4013 1913 4087 ista.
1946 4013 2128 4070 Docet
2145 4017 2347 4070 autem
2370 4013 2661 4086 quiddam
2685 4013 3065 4071 tremendum
3087 4031 3285 4074 sermo
3311 4015 3445 4075 iste.

1785 4101 1892 4168 Qui
1922 4101 2076 4158 enim
2096 4106 2480 4174 peccatorum
2510 4101 2676 4159 novit
2707 4117 2940 4175 poenas,
2971 4107 3029 4161 et
3056 4104 3446 4163 nihilominus

1783 4205 1883 4248 eos
1920 4190 2208 4258 imitatur,
2233 4205 2372 4248 reus
2405 4193 2496 4248 est
2517 4195 2582 4248 ut
2609 4189 2688 4248 ab
2729 4205 2802 4248 eo
2833 4192 3149 4264 exigantur
3169 4195 3446 4254 omnium

1789 4278 2103 4353 supplicia,
2131 4280 2246 4337 hoc
2273 4284 2364 4336 est
2389 4294 2500 4352 pro
2531 4293 2897 4352 unoquoque
2927 4295 3175 4353 poenam
3191 4281 3338 4347 luat,
3369 4297 3442 4342 eo

1780 4369 1946 4442 quod
1977 4369 2251 4442 exemplo
2283 4368 2412 4440 ejus
2433 4383 2564 4425 sese
2589 4382 2712 4425 non
2740 4367 3148 4427 refrenaverit.
3185 4371 3253 4427 Et
3281 4385 3354 4427 ex
3377 4371 3445 4429 il-

797 4468 937 4529 ὅπως
1034 4465 1359 4528 ἀπαιτηθῆτε
1457 4470 1713 4557 κόλασιν]

1877 4457 2178 4523 occidetis,
2208 4457 2422 4531 inquit,
2457 4461 2520 4513 ut
2547 4460 2856 4529 eXpetatur
2892 4472 2930 4515 a
2968 4456 3141 4514 vobis
3170 4457 3317 4517 ultio
3342 4475 3445 4516 cu-

1773 4546 2018 4620 juslibet
2045 4546 2252 4617 cedis,
2282 4562 2420 4620 quta
2451 4544 2618 4619 prius
2647 4551 2857 4602 contra
2874 4545 3072 4618 justos
3088 4546 3282 4607 fuerat
3310 4563 3442 4625 pero

1777 4641 2026 4708 petrata.
2059 4635 2388 4693 Audierant
2411 4635 2564 4692 enim
2589 4633 2756 4707 quod
2783 4634 2928 4693 Cain
2948 4639 3180 4708 septem
3211 4639 3439 4714 suppli-

1776 4724 1883 4782 ciis
1895 4726 2111 4798 dignus
2121 4724 2316 4782 fuerat
2331 4743 2345 4794 ;
2362 4723 2614 4782 Lamech
2632 4738 2770 4782 vero
2791 4725 3174 4797 septuaginta
3185 4733 3438 4802 septem,

1774 4829 1846 4871 eo
1875 4813 2038 4887 quod
2077 4828 2205 4871 sese
2236 4827 2352 4870 non
2390 4812 2747 4870 retrenasset
2775 4812 3068 4885 exemplo.
3112 4815 3439 4877 Dictionem

1775 4909 1979 4960 autem
2000 4905 2160 4972 ὅπως,
2203 4905 2288 4973 ut,
2313 4902 2482 4960 aiunt
2504 4901 2758 4975 quidam
2789 4917 2910 4960 non
2935 4902 3072 4978 capi
3096 4905 3434 4978 causaliter,

1774 4990 1876 5048 sed
1899 4996 1958 5049 ut
1996 4990 2297 5062 signiﬁcet
2318 4990 2380 5048 id
2408 4990 2573 5064 quod
2601 4990 2865 5047 futurum
2880 4995 2990 5049 est.

1844 5101 2002 5156 Vers.
2038 5103 2105 5157 35
2143 5099 2193 5155 A
2230 5099 2536 5157 —attare.
2589 5095 2930 5170 Opportune
2971 5098 3120 5158 Abel
3148 5101 3432 5174 meminit,

1773 5188 2095 5248 ostendens
2106 5187 2274 5262 quod
2297 5186 2478 5248 etiam
2491 5184 2858 5258 cadesillius
2873 5201 2983 5262 per
3005 5187 3288 5262 invidiam
3307 5205 3436 5264 per-

1259 5485 1477 5558 Variae
1525 5488 1854 5561 lectiones
1885 5498 1954 5562 et
1999 5499 2178 5561 notze

260 5613 372 5696 :Eui
396 5621 614 5696 πάντων,
646 5638 755 5696 pro
781 5622 1085 5694 ἐπιτάττων,
1119 5632 1184 5684 Α.

167 5673 233 5754 (⁵)
257 5687 472 5750 Inclusa
497 5673 800 5754 absunt}:

1837 5634 1916 5709 (6)
1947 5634 2180 5695 Inclusa
2208 5634 2425 5696 absunt
2447 5637 2519 5696 A.
