3904 6210
490 255 593 314 599

1799 260 2143 319 EUTHYMII
2193 261 2544 322 ZAGABENI
3659 286 3735 340 600

490 383 721 456 patrata
745 386 851 442 est.
894 383 1233 443 Zachariam
1262 389 1464 445 autem
1489 387 1740 463 quidam
1762 389 1969 446 dicunt
1998 403 2136 445 eum

2264 391 2426 444 οθόνον
2490 392 2704 464 ἐγένετο.
2777 397 3052 470 Ζαχαρίαν
3109 393 3166 452 δὲ
3236 400 3281 453 οί
3339 402 3418 472 μὶν
3467 402 3736 476 λέγουσιτὸν

488 472 596 546 qui
622 472 730 530 fuit
755 489 910 529 unus
931 475 1248 532 duodecim
1268 478 1685 551 prophetarum
1707 497 1719 535 :
1739 480 1977 554 quidam
1996 495 2136 536 vero

451 628 454 634 η
491 577 650 630 eum,
666 563 766 634 qui
785 561 943 618 filius
955 564 1152 620 Joadae
1167 565 1496 634 dicebatur,
1511 570 1614 642 qui
1627 570 1805 626 etiam
1820 570 2136 627 Zacharias

491 651 906 722 appellabatur
931 676 940 708 :
973 652 1172 724 plures
1200 661 1398 711 autem
1419 663 1648 730 patrem
1674 658 1968 732 Baptista}.
1989 661 2134 716 Scri-

489 740 812 796 buntenim
855 757 918 797 se
952 744 1260 817 accepisse
1299 752 1589 818 apatrum
1627 749 1964 814 traditione,
2000 767 2136 823 quas

491 830 635 886 citra
653 831 936 904 scriptum
959 849 1063 904 per
1079 850 1296 890 manus
1315 838 1583 907 pervenit
1607 839 1682 894 ad
1698 845 1990 912 posteros,
2006 857 2138 913 quas

490 919 874 977 traditionum
905 937 1126 994 genera
1151 925 1361 997 ἄγραφα
1388 928 1794 994 nominantur,
1824 930 1989 1002 quod
2017 935 2141 988 erat

469 995 553 1065 in
579 1009 800 1081 templo
821 1010 982 1066 locus
1011 995 1341 1084 virginibus
1367 1015 1692 1074 destinatus
1721 1034 1734 1074 :
1766 1035 1802 1074 a
1827 995 1948 1091 quo
1984 1025 2142 1077 stan-

492 1102 613 1154 tem
642 1099 952 1171 quondam
982 1101 1043 1156 in
1069 1117 1139 1157 eo
1160 1103 1260 1159 Dei
1293 1107 1530 1162 Matrem
1559 1111 1696 1178 post
1726 1116 1984 1179 partum,
2019 1126 2142 1168 non

491 1187 681 1258 ejecit,
713 1187 918 1244 dicens
947 1189 1241 1261 virginem
1272 1209 1419 1261 esse,
1450 1198 1506 1251 et
1525 1195 1661 1254 ideo
1691 1198 1924 1255 occisus
1942 1204 2030 1256 est
2056 1200 2145 1256 in-

492 1279 580 1333 ter
610 1276 894 1349 templum
927 1283 983 1335 et
1013 1279 1196 1337 altare
1226 1283 1502 1339 exterius.

564 1365 726 1422 Vers.
760 1370 846 1422 36.
884 1368 1074 1424 Amen
1104 1401 1169 1409 —
1192 1371 1373 1426 istam.
1411 1371 1562 1438 Quia
1593 1373 1804 1432 timore
1854 1377 2144 1446 gehennm

493 1469 628 1527 qum
673 1454 755 1511 eis
794 1455 1178 1528 impendebat
1220 1475 1290 1516 eo
1321 1462 1486 1533 quod
1515 1469 1766 1522 ventura
1824 1472 1998 1534 esset,
2032 1467 2144 1523 hos

468 1529 617 1601 non
645 1546 1064 1603 commovebat
1090 1548 1186 1620 (e),
1214 1529 1463 1607 exterret
1487 1568 1557 1609 ac
1589 1555 1905 1627 propulsat
1924 1573 2024 1613 eos
2051 1571 2145 1615 ca-

493 1633 883 1701 lamitatibus,
907 1653 1042 1709 quae
1065 1653 1184 1694 non
1207 1639 1383 1711 longe
1403 1647 1542 1714 post
1563 1641 1775 1701 futurae
1792 1653 1988 1702 erant:
2011 1647 2144 1703 ideo

495 1724 984 1798 conﬁrmatquod
1003 1727 1190 1802 etiam
1219 1735 1465 1788 ventura
1497 1738 1637 1789 sunt
1657 1736 1864 1792 omnia
1892 1736 2037 1804 hinc,
2062 1738 2143 1792 vi-
2173 1732 2213 1789 Β

469 1811 709 1876 ,ἀεὶὶοοι
731 1829 866 1884 quas
894 1815 1238 1874 miserrimae
1283 1825 1420 1877 sunt
1471 1821 1735 1888 ultionis,
1768 1841 1948 1897 super
1973 1842 2147 1897 gene-

469 1902 785 1967 _rationem
813 1902 1012 1971 istam,
1050 1905 1174 1963 sive
1197 1923 1376 1980 super
1401 1911 1511 1966 hos
1541 1911 1729 1984 ipsos.
1766 1914 1887 1972 Sub
1934 1918 2148 1989 Vespa-

496 1990 667 2046 siano
719 1991 879 2047 enim
925 1997 982 2049 et
1028 1994 1152 2051 Tito
1211 1999 1737 2070 apprehenderunt
1787 2019 1890 2061 eos
1936 2021 2073 2078 quas
2111 2023 2148 2066 a

495 2079 782 2136 Romanis
812 2095 1139 2152 provenere
1170 2086 1350 2144 mala.

569 2171 734 2227 Vers.
774 2170 860 2226 37.
891 2170 1217 2231 Jerusalem
1244 2207 1310 2216 —
1341 2178 1422 2234 ad
1449 2183 1522 2235 te.
1558 2181 1644 2236 Ad
1675 2181 1976 2242 civitatem
2009 2201 2148 2244 cono

497 2263 733 2315 vertens
755 2275 1096 2317 sermonem
1113 2263 1384 2335 deplorat
1404 2267 1581 2327 hanc.
1611 2271 2020 2345 Reduplicatio
2046 2292 2146 2332 au-

498 2354 620 2403 tem
666 2349 1097 2421 appellationis,
1135 2353 1569 2415 demonstratio
1617 2366 1704 2416 est
1733 2362 2147 2421 miserationis.

501 2437 638 2508 Ejus
670 2437 884 2493 etenim
907 2439 1235 2508 miseretur,
1268 2449 1330 2498 ut
1363 2461 1495 2517 quas
1539 2448 1682 2504 olim
1731 2450 1950 2509 dilecta
2003 2459 2144 2523 erat,

499 2542 662 2583 nunc
686 2541 822 2582 vero
852 2533 1119 2587 extrema
1149 2548 1398 2602 passura
1437 2541 1544 2602 est,
1575 2544 1817 2612 propter
1868 2541 2148 2616 iniquita-

501 2620 589 2674 tes
615 2616 1074 2676 inhabitantium
1107 2621 1167 2677 in
1211 2638 1300 2680 ea.
1329 2625 1766 2700 Consequenter
1797 2635 2000 2689 autem
2046 2649 2150 2690 ex-

495 2705 744 2796 probrat
772 2705 842 2770 ei,
892 2709 1059 2781 quod
1088 2709 1450 2772 interemerit
1479 2718 1803 2790 prophetas
1831 2737 1985 2793 quos
2021 2722 2150 2796 ipse

499 2795 580 2854 ad
609 2812 744 2854 eam
774 2797 1035 2856 miserat.

569 2889 728 2943 Vers.
757 2887 846 2943 37.
882 2889 1111 2956 Quoties
1139 2921 1207 2933 —
1229 2893 1516 2952 noluistis.
1543 2896 1738 2965 Volui,
1772 2899 1982 2974 inquit,
2013 2919 2154 2960 con-

500 2990 749 3066 gregare
766 2975 919 3032 ﬁlios
950 2981 1082 3036 tuos
1116 2981 1228 3038 sub
1261 2999 1395 3040 mea
1425 2987 1809 3057 protectione,
1837 3007 1992 3063 quos
2021 3009 2155 3066 pec-

500 3068 634 3121 cata
648 3064 1092 3138 disperseranta
1113 3071 1313 3129 divina
1334 3075 1626 3133 custodia.
1657 3080 1940 3153 Exemplo
1953 3064 2153 3140 autem
2187 3086 2227 3143 C
2267 3064 2321 3152 αξ

500 3153 738 3226 gallinas
770 3171 947 3212 suum
973 3157 1033 3213 in
1053 3158 1083 3213 J
1093 3160 1289 3217 udmos
1306 3179 1575 3223 amorem
1588 3170 1871 3226 ostendit.
1900 3172 2156 3237 Quidam

501 3248 703 3302 autem
732 3260 1072 3305 sermonem
1111 3249 1440 3323 intelligunt
1468 3255 1543 3312 de
1570 3258 1785 3315 Judaeis
1815 3276 1922 3332 per
1968 3262 2156 3319 varias

504 3333 773 3405 regiones
829 3335 1114 3410 dispersis
1164 3341 1277 3398 sub
1326 3343 1627 3414 prioribus
1693 3350 2155 3422 captivitatibus.

503 3454 572 3468 —
600 3425 684 3481 Et
707 3426 1000 3494 noluistis,
1034 3445 1129 3484 me
1143 3445 1263 3487 non
1280 3434 1650 3506 recipientes,
1679 3439 1785 3494 sed
1804 3455 2160 3514 persequen-

507 3517 590 3572 tes
621 3517 679 3570 et
707 3514 978 3572 occidere
1000 3517 1371 3578 festinantes.
1402 3523 1492 3580 Ad
1517 3526 1767 3584 civitatis
1790 3529 2158 3590 habitatores

506 3619 718 3661 rursus
749 3619 1088 3665 sermonem
1118 3611 1420 3670 convertit.

579 3801 752 3861 Vers.
808 3805 897 3859 38.
925 3803 1071 3861 Ecce
1111 3835 1180 3845 —
1209 3805 1462 3864 deserta.
1506 3807 1730 3867 Domus
1790 3819 1983 3873 vestra
2037 3819 2160 3876 sive

509 3890 797 3964 templum
810 3892 1165 3964 relinquitur
1176 3895 1349 3951 vobis
1371 3896 1674 3956 desertum
1695 3901 1772 3958 ab
1787 3904 2161 3966 inhabitante

484 3980 571 4037 .in
601 3996 671 4038 ea
700 3980 899 4038 divina
925 3982 1136 4052 gratia.
1167 3984 1289 4040 Hoc
1315 3991 1514 4043 autem
1537 3988 1754 4046 domus
1774 3992 1999 4052 illorum
2014 4002 2156 4066 erat,

510 4074 713 4142 utpote
743 4070 805 4126 in
831 4071 1064 4128 civitate
1093 4088 1302 4130 eorum
1334 4075 1708 4136 aediﬁcatum.

583 4160 740 4214 Vers.
775 4161 861 4214 39.
899 4162 1038 4218 Dico
1059 4193 1128 4203 —-
1154 4165 1411 4220 Domini.
1447 4169 1776 4240 thuando
1805 4172 1919 4230 hoc
1949 4175 2159 4234 dicturi

515 4250 694 4306 sunt?
714 4249 988 4307 Volentes
1017 4253 1273 4325 quidem,
1308 4270 1620 4328 nunquam
1646 4275 1657 4313 :
1690 4261 1958 4320 nolentes
1973 4272 2163 4323 autem

512 4342 780 4410 tempore
806 4341 1053 4396 secundi
1091 4343 1376 4399 adventus
1405 4347 1557 4417 ejus,
1598 4351 1843 4421 quando
1876 4359 2162 4412 venturus

2245 481 2329 534 ἕνα
2355 490 2453 533 τῶν
2487 479 2697 537 δώδεκα
2741 495 3036 559 προφητῶν,
3071 490 3118 540 οἱ
3181 486 3235 544 δὲ
3282 493 3359 543 τὸν
3398 497 3477 546 καὶ
3513 494 3576 565 (7)
3606 495 3740 559 Ἰωδας

2245 571 2553 644 καλούμενον
2579 590 2589 602 ·
2638 575 2798 649 ἕτεροι
2840 573 2897 629 δὲ
2946 581 3031 628 τὸν
3090 578 3163 649 (8)
3218 579 3440 656 Ἀζαρίαν
3465 599 3476 613 ⁶
3507 586 3549 636 οἱ
3591 585 3739 650 πλείους

2248 656 2326 723 δὲ,
2369 665 2454 713 τὸν
2511 667 2710 740 πατέρα
2760 673 2853 718 τοῦ
2910 674 3224 726 Βαπτιστοῦ.
3275 671 3511 744 Γράφουσι
3553 677 3652 747 γὰρ,
3687 678 3740 728 ὅτι

2246 750 2531 824 παρέλαϐον
2608 752 2660 816 ἐξ
2739 754 2973 829 ἀγράφου
3033 754 3364 829 παραδόσεως
3414 769 3500 813 τῶν
3548 767 3737 835 πατέρων,

2247 841 2310 899 ὡς
2368 837 2428 898 ἦν
2484 847 2638 906 τόπος
2695 843 2742 896 ἐν
2797 854 2868 916 τῷ
2924 854 3027 917 ναῷ
3078 854 3192 909 ταῖς
3246 851 3495 923 παρθένοις
3532 850 3740 925 imamq-

2248 931 2416 1001 μένος,
2448 931 2495 982 ἐν
2601 935 2798 987 στᾶσάν
2829 954 2951 989 ποτε
2985 941 3077 996 τὴν
3127 943 3364 991 Θεοτόκον
3403 943 3520 1012 μετὰ
3548 945 3616 993 τὸν
3640 948 3742 994 τόκον

2250 1018 2343 1070 οὐκ
2390 1019 2614 1083 ἐξέϐαλεν
2645 1024 2809 1090 οὗτος,
2844 1025 3018 1092 εἰπὼν,
3066 1028 3147 1080 ὅτι
3194 1031 3426 1102 παρθένος
3459 1029 3572 1085 ἐστί.
3597 1034 3665 1084 Διὸ
3685 1037 3745 1084 καὶ

2251 1106 2493 1180 ἐφονεύθη
2542 1112 2733 1184 μεταξὺ
2773 1122 2863 1168 τοῦ
2893 1123 3016 1169 ναοῦ
3046 1120 3136 1170 καὶ
3174 1125 3262 1171 τοῦ
3297 1118 3384 1183 ἔξω
3425 1120 3741 1196 θυσιαστηρίου.

2329 1340 2490 1414 Ἀμὴν
2546 1375 2614 1384 -
2664 1346 2876 1404 ταύτην.
2920 1347 3082 1412 Ἐπεὶ,
3163 1351 3246 1401 τὸν
3306 1348 3444 1422 φόϐον
3493 1359 3570 1412 τῆς
3605 1355 3749 1422 γεέννης

2255 1428 2602 1504 ἐπικρεμάσας
2656 1435 2852 1501 αὐτοῖς,
2913 1437 2970 1489 οῦ
3035 1440 3276 1492 καθίκετο
3330 1442 3522 1510 τούτων,
3593 1436 3665 1494 διὰ
3714 1445 3750 1494 τὸ

2254 1519 2448 1592 μέλλειν
2491 1521 2674 1589 αὐτὴν,
2735 1523 2935 1597 ἐκφοϐεῖ
2995 1532 3080 1581 καὶ
3139 1529 3550 1602 κατασφαλίζεται
3600 1533 3751 1591 τούτους

2256 1608 2355 1661 ἀπὸ
2401 1620 2498 1662 τῶν
2542 1612 2635 1664 οὐκ
2679 1614 2749 1675 εἰς
2797 1619 2999 1690 μακρὰν
3059 1627 3350 1692 συμφορῶν.
3404 1622 3480 1672 Διό
3527 1625 3601 1672 καὶ
3632 1617 3752 1672 6116:-

2255 1697 2516 1768 ϐαιοῦται,
2553 1703 2688 1765 ἦξειν
2718 1712 2882 1757 ταῦτα
2934 1709 3120 1773 πάντα,
3178 1705 3402 1776 δηλαδὴ,
3448 1712 3504 1760 τὰ
3549 1717 3623 1769 τῆς
3662 1729 3751 1778 m7-

2253 1787 2487 1860 χαλέπου
2540 1797 2813 1866 τιμωρίας,
2873 1793 2954 1848 ἐπὶ
3011 1801 3102 1854 τὴν
3169 1799 3337 1868 γενεὰν
3388 1801 3577 1864 ταύτην,
3625 1801 3750 1868 ἤγουν,

2256 1875 2332 1928 ἔπ’
2381 1877 2564 1940 αὐτοὺς
2615 1877 2681 1940 δὴ
2732 1886 2962 1945 τούτους.
3024 1885 3138 1939 Ἐπὶ
3181 1886 3554 1940 Οὐεσπασιανοῦ
3585 1889 3660 1961 γὰρ
3695 1891 3751 1937 καὶ

2254 1971 2410 2020 Τίτου
2439 1969 2717 2024 κατέλαϐον
2740 1973 2927 2036 αὐτοὺς
2956 1977 3019 2027 τὰ
3044 1973 3097 2027 ἔκ
3135 1976 3392 2049 Ῥωμαίων
3414 1979 3550 2031 κακά.

2325 2056 2664 2133 Ἰερουσαλὴμ
2710 2093 2777 2102 —
2826 2063 3006 2122 αὑτήν.
3070 2069 3210 2138 Πρὸς
3264 2071 3354 2126 τὴν
3399 2067 3528 2120 πόλιν
3577 2064 3756 2138 ἀποστρέο

2255 2144 2362 2217 φας
2395 2150 2478 2200 τὸν
2509 2149 2678 2220 λόγον,
2714 2151 2975 2214 ταλανίζει
3018 2158 3213 2214 ταύτην
3243 2173 3255 2186 ·
3290 2157 3315 2209 ὁ
3362 2153 3690 2226 διπλασιασμὸς
3719 2149 3755 2203 δε

2257 2244 2346 2296 τῆς
2385 2236 2615 2301 κλήσεως
2665 2238 2975 2312 ἐμφαντικὸς
3030 2242 3197 2306 ἐλέους
3245 2243 3396 2298 ἐστίν.
3449 2245 3660 2315 Οἰκτεὶρει

2259 2329 2472 2394 ταύτην,
2543 2332 2607 2389 ὡς
2661 2330 2818 2382 πάλαι
2869 2335 2958 2404 μὲν
3017 2333 3376 2407 ἠγαπημένην,
3430 2341 3506 2385 νῦν
3547 2329 3594 2384 δὲ
3632 2331 3754 2383 παθεῖν

2259 2417 2324 2468 τὰ
2372 2421 2578 2489 ἔσχατα
2631 2418 2938 2490 μέλλουσαν,
3001 2419 3094 2475 διὰ
3138 2425 3230 2485 τὰς
3271 2427 3566 2496 παρανομίας
3601 2428 3674 2472 τῶν
3700 2439 3760 2470 χα-

2258 2509 2564 2559 τονκούντων
2609 2507 2654 2560 ἐν
2709 2509 2868 2582 αὐτῇ.
2908 2515 2976 2564 Τὸ
3009 2508 3186 2575 δ’ἐξῆς
3242 2509 3472 2574 ὀνειδίζει
3510 2513 3675 2571 ταύτην,
3715 2507 3759 2563 ὡς

2260 2591 2664 2668 διαφθείρουσαν
2709 2602 2827 2661 τοὺς
2879 2605 3172 2676 προφήτας,
3235 2602 3322 2667 οῦς
3377 2601 3510 2663 αὐτὸς
3569 2593 3760 2651 ἆπέστελᾘ

2257 2688 2383 2761 πρὸς
2413 2687 2592 2745 αὑτήν.

2334 2920 2564 2983 Ποσάκις
2609 2951 2675 2961 -
2725 2921 3035 2980 ἠθελήσατε.
3090 2923 3374 2991 Ἠθὲλησα,
3427 2923 3570 2995 φησιν,
3611 2917 3767 2969 ἐπισυν-

2266 3016 2478 3081 αγαγεῖν
2519 3012 2585 3062 τὰ
2631 3013 2782 3063 τέκνα
2841 3031 2934 3064 σου
2989 3014 3088 3065 ὑπὸ
3133 3019 3233 3073 τὴν
3279 3014 3403 3087 ἐμὴν
3443 3015 3619 3075 σκέπην,
3665 3005 3772 3056 ἅτινα

2358 3097 2606 3174 ἁμαρτίαι
2651 3097 3028 3176 διεσχόρπισαν
3066 3101 3170 3156 ἀπὸ
3221 3113 3316 3166 τῆς
3369 3105 3498 3162 Θείας
3537 3097 3768 3150 ἐπισκοπῆς·

2267 3188 2362 3240 Διά
2410 3184 2469 3241 δὲ
2502 3195 2593 3241 τοῦ
2624 3188 3050 3263 παραδείγματος
3098 3200 3192 3253 τῆς
3248 3194 3442 3267 ὄρνιθος
3487 3191 3538 3242 τὸ
3574 3189 3665 3261 περὶ
3693 3184 3773 3284 τοῖς

2269 3273 2562 3340 Ἰουδαίους
2631 3279 2968 3354 φιλόστοργον
3034 3281 3225 3335 ἑαυτοῦ
3302 3278 3540 3334 δείκνυσι.
3582 3274 3698 3366 ΔΤινὶς
3737 3273 3772 3366 δῖε

2267 3375 2446 3420 νοοῦσι
2474 3371 2558 3420 τὸν
2592 3367 2740 3440 λόγον
2772 3375 2886 3442 περὶ
2918 3378 3014 3423 τῶν
3062 3367 3453 3445 διεσπαρμένων
3482 3360 3700 3422 Ἰουδαίων
3733 3376 3775 3416 εις

2269 3453 2554 3530 διαφόρους
2591 3464 2774 3531 χώρας
2817 3461 2917 3512 ὑπὸ
2949 3468 3048 3511 τῶν
3097 3463 3535 3533 προγεγενημένων
3581 3448 3774 3524 αἰχμαλω·

2268 3554 2418 3604 σιῶν.
2483 3552 2583 3600 Καὶ
2648 3548 2742 3600 οῦκ
2790 3548 3098 3616 ἠθελήσατε,
3173 3555 3244 3622 μὴ
3313 3544 3678 3624 παραδιξάμενοί
3723 3553 3775 3608 μιν

2269 3634 2396 3688 ἀλλά
2443 3633 2716 3699 διώκοντες
2774 3642 2862 3690 καὶ
2919 3637 3220 3692 ἀποκτεῖναι
3281 3634 3649 3697 σπουδάζοντεςο
3691 3628 3778 3696 Πρές

2266 3728 2386 3788 τοὺς
2413 3725 2730 3787 ἐνοικοῦντας
2761 3723 2820 3780 δὲ
2848 3735 2909 3801 τῇ
2939 3727 3080 3781 πόλει
3112 3725 3409 3800 διαλέγεται
3437 3725 3591 3780 πάλιν.

2340 3812 2480 3868 Ἰδοὺ
2516 3847 2585 3858 -
2637 3818 2844 3891 ἔρημος,
2899 3817 2957 3869 Ὀ
3013 3815 3149 3878 οἶκος
3199 3819 3364 3890 ὑμῶν,
3410 3820 3576 3887 ἤγουν,
3624 3811 3643 3860 ὃ
3685 3822 3779 3902 mi:

2271 3904 2471 3978 ἀφίεται
2519 3907 2638 3977 ὑμῖν
2669 3909 2857 3980 ἔρημος
2901 3915 2996 3968 τῆς
3044 3907 3350 3971 ἐνοικουσης
3395 3905 3526 3975 αὐτῷ
3573 3903 3682 3994 θείας
3719 3911 3780 3996 χαί

2269 4015 2429 4070 ριτος.
2480 3994 2632 4056 Οἶκος
2682 3995 2740 4048 ὁὶ
2823 3995 2988 4048 αὐτῶν
3043 3996 3211 4062 οὗτος,
3261 4001 3329 4059 ὡς
3390 3994 3633 4071 ἱδρυμένος
3668 4006 3704 4039 εν

2274 4085 2415 4139 πόλει
2441 4085 2630 4142 αὐτῶν.
3677 4162 3686 4172 .
3747 4165 3751 4170 ¹

2345 4181 2495 4248 Λέγω
2535 4206 2598 4216 -
2643 4179 2858 4248 Κυρίου.
2907 4180 3005 4229 Καὶ
3063 4179 3185 4229 πότε
3247 4183 3402 4229 τοῦτο
3438 4170 3790 4232 εἴπωσινίὶκθν

2275 4286 2355 4328 τες
2384 4269 2494 4338 μὲν,
2545 4261 2812 4332 οὐδέποτε,
2873 4267 3082 4328 ἄκοντες
3131 4263 3211 4334 δὲ,
3245 4269 3383 4318 κατά
3435 4263 3514 4316 τόν
3551 4258 3695 4328 καιρὸν
3730 4265 3788 4354 3:34

2277 4351 2523 4428 δευτέρας
2570 4354 2728 4407 αὐτοῦ
2781 4361 3092 4428 παρουσίας,
3149 4356 3273 4407 ὅταν
3331 4355 3442 4417 ἣξει
3471 4352 3542 4421 (9)
3589 4364 3696 4421 μετα
3736 4357 3790 4391 ον’

513 4433 602 4485 est
629 4445 766 4486 cum
797 4434 1088 4502 potestate
1119 4436 1174 4487 et
1204 4431 1393 4503 gloria
1423 4452 1644 4508 magna
1680 4456 1692 4506 ;
1722 4442 1969 4512 quando
2002 4445 2156 4502 nulla

3686 4438 3699 4446 .
3739 4428 3750 4444 η

2276 4447 2474 4518 νάμεως
2519 4448 2608 4496 καὶ
2651 4440 2806 4507 δόξης
2846 4444 3054 4515 πολλῆς,
3112 4446 3228 4496 ὅταν
3273 4441 3424 4497 οὐδὲν
3481 4441 3632 4497 αὐτοῖς
3677 4445 3792 4518 eam;

515 4519 622 4575 erit
647 4519 731 4575 eis
763 4519 978 4576 utilitas
1007 4521 1382 4592 cognitionis.
1427 4526 1698 4582 Amantis
1759 4545 1896 4588 vero
1941 4533 2164 4591 dictum

517 4612 608 4663 est
641 4629 652 4660 :
685 4608 1172 4682 Nequaquamme
1196 4614 1446 4681 posthac
1461 4614 1749 4674 videbitis.
1786 4620 2170 4682 Vehementer

521 4694 822 4766 siquidem
843 4700 1115 4768 amabat;
1144 4715 1352 4758 verum
1383 4703 1837 4776 despiciebatur,
1866 4715 1920 4767 et
1949 4712 2169 4771 idcirco

520 4783 784 4841 maxime
808 4785 1336 4848 dolebat.Posthac
1353 4797 1551 4851 autem
1572 4795 1795 4867 dicens,
1825 4815 1944 4857 non
1974 4803 2170 4860 solum

521 4875 762 4947 tempus
783 4875 932 4936 illud
958 4878 1328 4951 signiﬁcavit,
1358 4883 1463 4941 sed
1486 4889 1674 4944 totum
1705 4904 1894 4962 usque
1927 4893 2003 4948 ad
2034 4893 2171 4949 Pas-

2278 4515 2372 4596 τῆς
2439 4533 2782 4606 ἐπιγνώσεως.
2840 4534 3094 4608 Ἐραστοῦ
3149 4531 3208 4585 δὲ
3259 4537 3341 4599 τὸ,
3393 4532 3466 4585 Οὐ
3511 4533 3574 4602 μὴ
3612 4543 3662 4598 με
3692 4515 3795 4574 ﬁt"

2280 4625 2494 4699 ἀπάρτι,
2538 4619 2744 4698 σφόδρα
2789 4626 2879 4696 μὲν
2931 4621 3161 4697 ἐρῶντος,
3215 4622 3589 4696 ἀτιμαζομένου
3636 4610 3700 4715 0⁵ὲέ
3739 4623 3795 4700 και

2282 4713 2375 4768 διὰ
2410 4722 2558 4768 τοῦτο
2605 4712 3027 4788 περιαλγοῦντος.
3084 4713 3309 4786 Ἀπάρτι
3360 4708 3419 4764 δὴ
3474 4708 3796 4798 ein-gnosia;

2282 4805 2417 4878 ὥραν
2479 4801 2671 4861 ἐκείνην
2729 4805 2886 4874 μόνην
2939 4798 3219 4868 ἐδήλωσεν,
3276 4800 3384 4853 ἀλλ’
3433 4799 3540 4852 ὅλον
3583 4798 3658 4846 τὸν
3708 4800 3800 4892 fx“

2281 4900 2377 4956 τῆς
2408 4897 2749 4967 σταυρώσιως
2779 4893 2979 4965 καιρὸν,
3021 4891 3130 4964 μεθ’
3163 4893 3215 4945 ὃν
3243 4890 3341 4945 οὐκ
3391 4892 3464 4944 ἔτι
3509 4882 3631 4941 εἶδον
3670 4882 3798 4931 αὐτον.

1727 5040 1948 5110 Variae
1986 5043 2313 5116 lectiones
2345 5054 2408 5114 et
2436 5053 2636 5112 notas.

597 5225 680 5296 (7)
707 5223 809 5280 Καὶ
839 5225 944 5291 τόν,
971 5223 1174 5281 ordine
1213 5223 1471 5293 inverso,
1506 5225 1570 5281 Β.

598 5225 654 5296 (7
707 5225 809 5280 Καὶ
839 5225 944 5291 τόν,
971 5225 1174 5281 ordine
1213 5225 1271 5281 in

598 5225 680 5374 (δὲ
707 5299 827 5366 Καί,
850 5296 1172 5370 interponit
1200 5299 1271 5353 Α.

602 5450 693 5534 (ς).
739 5449 1033 5534 Interpres
1074 5463 1198 5534 non
1251 5447 1406 5520 cepit
1456 5449 1802 5534 ἐπικρεμάσαι
1850 5459 1950 5510 τινὶ
2005 5457 2176 5531 φόϐον.

532 5521 765 5580 Redde:
788 5521 1061 5587 Quantam
1083 5521 1352 5591 gehennae
1375 5527 1530 5576 metu
1555 5521 1761 5592 injecto
1779 5543 1871 5583 eos
1899 5521 2181 5586 non'com-

531 5599 810 5677 mouerat,
839 5593 986 5677 qu_od
1009 5594 1192 5677 silicet
1214 5593 1746 5677 futgrapsthterrst
1773 5615 1862 5677 eos
1902 5616 1979 5677 ac
1996 5609 2179 5660 certos

533 5667 722 5725 reddit
755 5682 791 5725 a
821 5665 1280 5727 calamitatibus.
1309 5666 1614 5727 Sententia
1640 5676 1726 5728 est
1751 5689 1762 5729 :
1793 5673 2086 5737 Quoniam
2109 5690 2181 5732 ea

2361 5235 2432 5307 (9)
2458 5232 2612 5307 Ἥξῃ,
2649 5239 2708 5291 Β.

2289 5447 3736 5555 ‘IWIGEDBEEiuPEPi‘Pﬂﬁd$239391???”
3749 5447 3817 5555 ti}

2288 5518 2486 5587 riculis
2519 5529 2725 5585 vicinis
2758 5545 2859 5584 eos
2887 5532 3079 5584 terret.
3119 5527 3609 5601 Κατασφαλίζεσθαι
3633 5518 3736 5574 h....
3761 5518 3816 5561 εει

2292 5618 2528 5628 ,ι-...ιηκ
2554 5601 2981 5628 ,οηιιςηιςηκιηη
3011 5600 3333 5628 τηου---.πη
3352 5606 3647 5628 ..ωηο-..ω
3673 5583 3816 5628 mttere

2289 5583 2539 5659 omnem
2551 5583 2985 5673 dubitatiOnem
3010 5583 3336 5659 futurarum
3350 5583 3650 5673 pugnarum
3673 5583 3796 5644 to“er

2289 5689 2390 5747 per
2420 5689 2627 5748 pcenas
2649 5673 2916 5745 proxime
2947 5672 3194 5731 futuras.
