3904 6210
527 280 633 335 603
1368 326 1373 331 .
1846 272 2069 329 EUTHY

2236 274 2540 331 ZlGABEN
2547 276 2567 329 Ι
3680 285 3752 341 604

525 402 854 459 vastatione
883 401 1111 457 discere
1140 400 1466 473 cupientes,
1498 404 1787 471 quantum
1803 399 1878 456 de
1910 402 2067 471 temp

2212 399 2253 453 Α
2282 409 2425 467 ναοῦ,
2471 402 2593 455 ὅσον
2626 404 2745 476 περὶ
2781 408 2874 454 τοῦ
2927 409 3111 477 καιροῦ
3166 410 3248 465 τῆς
3288 400 3500 477 δευτέρας
3540 414 3754 479 παρουσίας

528 492 775 548 secundi
796 491 1086 546 adventus
1114 491 1243 562 ejus
1276 508 1291 557 ;
1325 490 1457 545 ideo
1487 490 1665 546 etiam
1693 489 1941 545 seorsim
1971 505 2070 544 acc

2304 489 2463 541 ιύτοῦ.
2521 493 2607 542 Διὸ
2653 496 2742 543 καὶ
2787 492 2903 544 κατ’
2946 490 3085 543 ἱὸίαν
3116 493 3406 567 προσῆλθον,
3453 496 3523 546 ἶνα
3564 501 3621 568 μὴ
3656 506 3755 549 τοῦτο

526 586 727 637 serunt
765 596 837 635 ne
866 580 1087 634 Judmis
1116 579 1229 635 hoc
1255 579 1637 635 manifestum
1665 579 1849 635 ﬁeret.
1887 579 2005 634 Sed
2034 580 2068 633 Ν

2304 586 2387 640 ὀῖς
2466 576 2747 642 Ἰουδαίοις
2792 584 3048 634 ἔκπυστον
3102 587 3319 653 γένηται.
3372 582 3511 636 Ἀλλὰ
3561 588 3755 648 Mat-Gaio;

526 672 714 726 thtBlJS
740 669 861 724 duo
891 669 1013 724 huic
1036 658 1551 738 eosinterrogasse
1581 669 1737 734 dicit,
1767 673 1911 740 puta
1942 686 1953 723 :
1985 668 2067 735 Qu

2284 672 2374 740 μέν
2406 689 2586 739 φησιν,
2636 670 2819 731 αύτούς
2872 668 2968 723 δύο
3012 679 3173 723 ταῦτα
3201 671 3455 744 ἐρωτῆσαι,
3501 678 3608 726 Πότε
3649 683 3757 727 raris:

525 761 599 815 do
640 760 766 815 haec
795 766 965 815 erunt
996 760 1023 814 ?
1054 775 1188 831 quae
1215 759 1486 813 videlicet
1516 759 1590 814 de
1619 758 1825 830 templi
1873 758 2067 814 eversi

2304 758 2456 824 ἕσται,
2514 755 2746 825 δηλαδὴ,
2802 763 2869 812 τὰ
2913 768 3004 813 τοῦ
3034 768 3157 812 ναοῦ
3187 769 3275 821 τῆς
3320 761 3425 832 (13)
3463 772 3757 834 καταστροφῆς,

526 849 723 903 dixisti
754 867 766 915 ;
800 853 857 903 et
897 849 1059 914 Quod
1076 849 1291 919 signum
1321 850 1600 904 adventus
1630 849 1714 903 tui
1739 855 1791 904 et
1813 863 2068 904 consum:

2287 850 2395 911 καὶ,
2456 852 2520 899 Τί
2574 852 2631 899 τὸ
2689 857 2900 921 σημεῖον
2956 858 3052 911 τῆς
3121 858 3216 911 σῆς
3263 854 3543 923 παρουσίας,
3586 856 3655 902 καὶ
3701 860 3759 911 τῆς

526 940 699 994 tionis
723 940 932 995 saeculi
956 943 980 988 'I
1006 940 1233 993 Marcus
1270 953 1411 993 vero
1435 938 1673 993 unicam
1714 936 1895 992 fuisse
1925 937 2068 993 dicit

2292 934 2585 999 συντελείας
2623 945 2713 990 τοῦ
2754 938 2956 1000 αἰῶνος·
3014 939 3039 990 6
3089 934 3149 991 δὲ
3200 942 3393 1012 Μάρκος
3443 941 3485 990 ἓν
3534 938 3637 991 εἶναι
3675 940 3758 1009 limi

524 1027 1003 1097 terrogalionem,
1031 1025 1105 1081 de
1136 1027 1361 1097 templo
1388 1026 1606 1082 solum.
1632 1026 1727 1081 Ait
1750 1025 1944 1081 enim:
1978 1026 2066 1081 die

2288 1027 2346 1075 τὸ
2397 1024 2657 1099 ἐρώτημα,
2724 1032 2842 1101 περὶ
2897 1036 2989 1080 τοῦ
3045 1035 3169 1080 ναοῦ
3228 1032 3387 1100 μόνον.
3434 1028 3633 1099 Ἔγραψε
3678 1030 3757 1101 γὰρ,

508 1116 614 1173 ;bis
632 1116 867 1185 quando
887 1116 1005 1171 haec
1020 1123 1215 1183 erunt,
1239 1122 1293 1171 et
1336 1116 1495 1186 quod
1513 1116 1743 1185 signum
1772 1115 2005 1186 quando

2290 1113 2414 1167 Elui
2457 1116 2601 1187 ἡμῖν,
2659 1121 2783 1169 πότε
2833 1125 3000 1169 ταῦτα
3050 1120 3217 1182 ἔσται,
3264 1122 3347 1169 καὶ
3412 1123 3455 1169 τί
3500 1120 3548 1169 τὸ
3596 1124 3756 1188 σημεῖον,

528 1205 720 1260 omnia
747 1204 1201 1259 consummanda
1224 1210 1363 1260 sunt
1386 1206 1433 1240 ³⁵
1453 1210 1477 1255 ?
1502 1204 1778 1260 Similiter
1814 1208 2012 1259 autem
2046 1221 2070 1259 s

2290 1206 2406 1256 ὅταν
2477 1206 2633 1278 μελλη
2736 1214 2901 1260 ταῦτα
2983 1210 3153 1259 πάντα
3252 1205 3584 1269 συντελεῖσθαι.
3649 1213 3762 1279 Παρι-

527 1294 645 1365 psit
674 1293 934 1348 etLucas
961 1293 1027 1347 ³⁸.
1086 1292 1237 1358 Quid
1277 1309 1418 1363 ergo
1465 1293 1785 1349 dicendum
1822 1300 1962 1349 est?
2009 1296 2069 1358 Qu

2288 1294 2524 1355 πλησίως
2570 1292 2627 1348 δὲ
2661 1296 2792 1367 λέγει
2824 1302 2909 1349 καὶ
2942 1299 2966 1349 6
3010 1299 3234 1359 Λουκᾶς.
3264 1301 3324 1348 Τί
3367 1293 3444 1347 οὖν
3470 1298 3588 1348 ἔστιν
3630 1295 3758 1362 sixth;

525 1381 904 1453 unaquidem
930 1380 1040 1438 fuit
1059 1382 1461 1454 interrogatio,
1497 1383 1643 1438 sicut
1659 1383 2022 1454 scripserunt
2042 1382 2067 1437 Β

2290 1382 2409 1436 Ὀτι
2457 1389 2554 1457 μία
2606 1389 2694 1457 μὲν
2745 1383 2774 1444 ἦ
2818 1384 3093 1460 ἐρώτησις,
3146 1389 3217 1447 ὡς
3263 1385 3475 1458 ἔγραψαν
3508 1386 3677 1457 Μάρκος
3708 1389 3764 1435 καὶ

528 1488 629 1527 cus
658 1476 713 1526 et
734 1471 945 1525 Lucas.
981 1472 1226 1527 Intentio
1258 1475 1452 1528 autem
1476 1471 1906 1543 discipulorum
1946 1476 2070 1527 erat

2292 1479 2517 1535 Λουκᾶςο
2573 1478 2767 1535 σκοπὸς
2845 1472 2904 1528 δὲ
2952 1483 3063 1537 τοῖς
3132 1477 3381 1548 μαθηταῖς
3432 1480 3533 1547 περὶ
3580 1481 3656 1525 τῶν
3704 1470 3763 1523 δύο

527 1560 601 1616 de
632 1560 721 1615 his
750 1559 984 1617 duobus
1006 1560 1282 1615 certiores
1322 1561 1528 1616 ﬁerent
1562 1576 1573 1615 :
1603 1566 1747 1632 puta
1776 1561 1851 1617 de
1880 1561 2069 1617 eversi

2290 1564 2482 1614 τούτων
2533 1566 2734 1635 μαθεῖν,
2788 1571 2883 1623 τῆς
2947 1583 3001 1617 τε
3050 1572 3141 1616 τοῦ
3191 1572 3311 1615 ναοῦ
3346 1570 3669 1637 καταστροφῆς,
3710 1565 3765 1611 καὶ

526 1648 732 1721 templi
759 1652 813 1705 et
834 1649 908 1703 de
929 1648 1194 1705 secundo
1215 1649 1425 1705 Christi
1455 1650 1728 1706 adventu.
1772 1651 2068 1707 Existimat

2306 1660 2387 1713 ri;
2408 1659 2499 1704 τοῦ
2526 1660 2761 1725 Χριστοῦ
2804 1649 3047 1727 δευτέρας
3077 1658 3382 1727 παρουσίας.
3407 1648 3767 1721 ’Υπολαμϐάνοντις

529 1742 726 1794 autem
756 1738 918 1809 quod
946 1738 1123 1793 simul
1148 1738 1275 1794 haec
1295 1739 1415 1794 duo
1441 1741 1866 1810 contingerent,
1918 1740 2071 1796 fecer

2306 1744 2411 1815 γὰρ,
2446 1742 2519 1794 ὅτι
2547 1742 2658 1815 ἅμα
2684 1746 2751 1795 τὰ
2777 1739 2874 1795 δύο
2899 1748 3223 1815 γενήσονται,
3248 1747 3364 1815 μίαν
3392 1746 3496 1816 περὶ
3517 1749 3597 1792 τῶν
3619 1736 3689 1791 δύο
3706 1742 3763 1794 τήν

527 1843 713 1884 unam
736 1827 809 1882 de
829 1827 1634 1898 utroqueinterrogationem.
1652 1830 1860 1884 Verum
1882 1829 2069 1886 Matth:

2291 1829 2543 1903 ἐρώτησιν
2597 1830 2929 1891 ἐποιήσαντο*
2986 1835 3250 1893 Ματθαῖος
3313 1829 3369 1885 δε
3426 1830 3668 1903 σαφηνίζειν
3714 1831 3765 1877 τὸν

529 1917 920 1973 intentionem
952 1932 1162 1973 eorum
1192 1916 1607 1987 manifestans,
1633 1917 1797 1975 illam
1828 1919 1890 1975 in
1919 1919 2071 1977 duas

1919 1919 2073 1977 duas
2098 1920 2183 1976 di-
2292 1924 2487 1973 σκοπὸν
2515 1921 2705 1987 αὐτῶν,
2740 1918 2925 1975 διεῖλεν
2955 1922 3135 1987 αὐτὴν,
3166 1922 3238 1985 εἰς
3262 1923 3325 1974 τὰ
3352 1917 3458 1975 δύο.

525 2005 690 2062 visit.

598 2095 761 2149 Vers.
794 2096 847 2149 4.
869 2093 952 2149 Et
982 2124 1048 2134 —
1070 2093 1231 2151 Vers.
1260 2094 1539 2153 seducent.
1593 2096 1743 2153 Nihil
1767 2097 1847 2155 ad
1873 2098 1979 2155 bas
2009 2098 2140 2157 inte]

2363 2104 2463 2153 Καὶ
2515 2131 2585 2142 -
2645 2100 2995 2159 πλανήσουσι.
3052 2097 3222 2154 Ούδὶν
3276 2102 3399 2175 πρὸς
3455 2100 3536 2159 τὰς
3578 2095 3766 2169 ἐρωτήσεις

526 2185 868 2255 rogationes
914 2184 1242 2257 respondit,
1275 2185 1379 2241 sed
1436 2187 1699 2257 primum
1754 2188 1857 2245 illa
1881 2188 2025 2246 dicit

2291 2189 2544 2265 ἀπεκρίθη
2600 2193 2812 2258 ταύτας,
2875 2190 3005 2244 ἀλλὰ
3060 2196 3305 2265 πρότερον
3359 2193 3507 2243 ἐκεῖνα
3550 2187 3655 2258 λέγει
3693 2185 3768 2236 τοῦ-

527 2290 662 2346 quae
712 2274 975 2345 primum
1014 2289 1116 2330 eos
1149 2274 1297 2329 scire
1344 2276 1652 2346 oportebat
1684 2294 1697 2332 :
1725 2293 1857 2349 quas
1911 2278 2069 2334 videl

2289 2298 2419 2344 τοις,
2469 2280 2503 2331 ἆ
2552 2289 2735 2355 πρῶτα
2779 2284 2991 2342 τούτους
3051 2277 3160 2333 ἔδει
3190 2283 3385 2353 μαθεῖν,
3423 2282 3483 2340 ὡς
3520 2280 3600 2349 πρὸ
3636 2274 3766 2327 ἐκείνων

526 2363 791 2419 futurum
815 2368 1024 2418 eratut
1053 2370 1189 2419 ante
1212 2363 1311 2420 illa
1332 2370 1725 2423 occurrerent.
1760 2367 1950 2424 Lucas
1982 2382 2068 2424 aut

2291 2367 2588 2428 ἀπαντῆσαι
2629 2369 2892 2442 μελλοντα.
2949 2376 3160 2431 Λουκᾶς
3214 2367 3273 2423 δέ
3318 2388 3479 2443 φησιν,
3529 2364 3766 2433 Βλέπετε,ρὴ

528 2452 673 2508 dicit
711 2468 721 2506 :
766 2452 957 2509 Videte
985 2468 1059 2508 ne
1108 2454 1479 2510 seducamim'.
1531 2456 1715 2511 Multi
1760 2458 1917 2514 enim
1959 2474 2070 2513 veni

2289 2458 2602 2517 πλανηθῆτε.
2683 2459 2867 2512 Πολλοί
2940 2462 3040 2535 γὰρ
3112 2459 3403 2513 ἐλεύσονται
3465 2457 3535 2510 ἐπὶ
3589 2463 3643 2524 τῷ
3702 2452 3770 2503 ὀνο-

527 2541 592 2596 in
646 2542 870 2598 nomine
918 2558 1033 2599 mes
1082 2543 1329 2600 dicentes
1381 2547 1525 2615 :Ego
1548 2562 1726 2611 sum;
1780 2552 1875 2603 et:
1943 2549 2069 2605 Tem

2291 2553 2418 2620 μα’-ί
2467 2568 2589 2621 μου,
2642 2549 2890 2620 λέγοντες,
2952 2551 3031 2602 ὅτι
3092 2549 3229 2621 Ἐγώ
3280 2550 3402 2622 εἰμι,
3450 2545 3613 2613 καὶ,’0
3652 2544 3772 2611 καιρὸς

528 2631 725 2687 instat.
749 2632 835 2688 Ne
866 2632 1047 2703 igitur
1060 2635 1384 2705 sequamini
1406 2635 1535 2691 illos
1562 2637 1631 2691 ³⁷.
1662 2636 1928 2704 Venient,
1958 2639 2070 2711 linq

2294 2642 2499 2709 ἧγγικε,
2546 2643 2630 2697 Μὴ
2668 2636 2755 2691 οὖν
2790 2640 3076 2714 πορευθῆτε
3106 2639 3281 2692 ὀπίσω
3320 2640 3490 2691 αὐτῶν.
3522 2636 3769 2691 Ἐλεύσονται,

529 2720 773 2777 nomine
830 2738 965 2779 meo
996 2729 1224 2780 utentes
1264 2726 1333 2779 ad
1372 2724 2038 2798 deceptionemeorum,

2295 2731 2446 2799 φησὶ,
2504 2736 2576 2798 τῷ
2626 2728 2839 2800 ὀνόματί
2886 2748 2986 2801 μου
3039 2749 3307 2805 χρῳμενοι
3356 2732 3468 2801 πρὸς
3511 2724 3670 2778 ἀπάτην
3712 2725 3772 2769 τῶν

530 2809 643 2866 illis
683 2811 960 2867 credituri
991 2818 1147 2879 sunt,
1198 2818 1255 2868 et
1283 2813 1563 2879 dicentes,
1620 2815 1876 2889 quisque
1915 2816 2070 2872 videl

2294 2819 2607 2889 πειθομένων
2661 2818 2851 2883 αὐτοῖς,
2902 2824 2992 2871 καὶ
3046 2818 3278 2889 λέγοντες
3325 2819 3530 2877 ἕκαστος,
3580 2814 3641 2863 ὅτι
3688 2808 3778 2875 Ἐγώ

531 2914 739 2955 eorum
769 2919 782 2958 :
808 2901 937 2970 Ego
955 2916 1105 2965 sum,
1130 2917 1345 2973 nempe
1367 2902 1642 2958 Christus.
1667 2908 1766 2960 Et:
1803 2908 2073 2976 Tempus:

2295 2906 2418 2977 εἰμι,
2469 2911 2758 2974 τουτέστιν,
2801 2908 2914 2978 (14)
2962 2909 2989 2959 6
3038 2912 3293 2982 Χριστὸς,
3349 2910 3433 2959 καὶ
3467 2907 3528 2956 ὅτι
3566 2900 3611 2952 Ὀ
3632 2898 3777 2967 καιρὸς·

532 2993 638 3053 tat,
671 2993 817 3059 puta
856 2990 973 3043 mei
1003 2991 1246 3046 secundi
1277 2991 1570 3048 adventus
1607 2995 1696 3051 Ne
1714 3011 1845 3067 ergo
1870 3012 2074 3068 sequam

2236 2999 2529 3077 εῆγγικιν.
2589 2999 2614 3049 δ
2673 3005 2766 3059 τῆς
2811 2994 3049 3071 δευτέρας
3107 3017 3214 3069 μου
3278 2994 3502 3055 δηλονότι
3552 2989 3778 3062 παρουσίας.

533 3091 646 3140 eos,
678 3076 798 3131 sive
844 3076 1110 3148 aliquem
1160 3079 1420 3137 illorum.
1453 3082 1687 3139 Marcus
1717 3090 1919 3141 autem
1977 3086 2075 3141 dix

2296 3090 2380 3143 Μὴ
2445 3083 2532 3138 οὖν
2593 3084 2982 3146 ἁκολουθήσητε
3031 3086 3232 3155 αὐτοῖς,
3294 3091 3467 3158 ἤγουν,
3510 3084 3593 3133 τινὶ
3649 3074 3776 3127 αὐτῶν·

532 3165 609 3220 Ει
636 3164 841 3221 multos
868 3167 1134 3223 seducent
1170 3170 1241 3225 ³⁸.
1302 3170 1560 3229 Fuerunt
1609 3178 1807 3230 autem
1846 3175 2074 3248 hujusm

2294 3175 2352 3228 Ὀ
2416 3172 2475 3228 δὲ
2532 3178 2740 3249 Μάρκος
2808 3175 2963 3241 εἶπεν,
3015 3177 3095 3228 ὅτι
3172 3181 3280 3230 Καὶ
3336 3173 3528 3232 πολλοὺς
3572 3167 3780 3222 «Imm-

534 3254 896 3323 seductores,
954 3256 1158 3315 Simon
1215 3263 1274 3315 et
1318 3263 1637 3320 Menander
1705 3265 2076 3331 Samaritani,

2304 3284 2405 3319 σιν.
2466 3265 2725 3337 Ἐγένοντο
2784 3261 2844 3318 δε
2893 3273 3119 3319 τοιοῦτοι
3167 3266 3356 3318 πλάνοι
3408 3268 3559 3335 Ξίμων
3602 3257 3687 3328 (15)
3726 3252 3780 3300 καί

530 3343 653 3401 alii-
2302 3351 2621 3429 Μένανδρος,
2653 3357 2702 3407 οἱ
2728 3361 3061 3429 Σαμαρεῖται,
3094 3359 3183 3407 καὶ
3219 3356 3398 3431 ἕτεροι.

600 3436 759 3492 Vers.
788 3438 845 3493 6.
882 3436 1179 3495 Futurum
1210 3445 1293 3496 est
1341 3470 1409 3484 —
1456 3441 1767 3501 bellorum.
1820 3443 1984 3501 Bella
2029 3445 2142 3501 dici

2374 3444 2659 3503 Μελλὴσετε
2690 3475 2757 3486 -
2808 3444 3062 3516 πολέμων.
3118 3444 3379 3517 Πολεμους
3424 3441 3545 3512 λέγει
3578 3439 3667 3493 τούς
3698 3430 3785 3481 κατὰ

530 3538 666 3596 quae
688 3530 851 3580 mota
867 3532 1005 3582 sunt
1020 3534 1225 3583 contra
1241 3528 1647 3602 Hierosolyma
1670 3548 1969 3589 :rumores
1991 3550 2069 3591 au

2302 3542 2401 3586 τῶν
2430 3534 2816 3609 Ἰεροσολύμων·
2851 3533 3005 3595 ἀκοὰς
3036 3531 3094 3587 δὲ
3122 3534 3361 3606 πολέμων
3386 3534 3472 3592 τὰς
3507 3536 3591 3581 τῶν
3609 3526 3700 3597 πρὸς
3728 3534 3786 3575 τις

530 3612 847 3679 bellorum,
900 3631 1032 3686 qum
1085 3621 1293 3673 contra
1340 3618 1489 3675 alias
1528 3621 1877 3678 Judworum
1930 3624 2072 3680 civit.

2300 3623 2455 3684 ἄλλας
2482 3624 2652 3684 πόλεις
2699 3632 2797 3675 τῶν
2824 3620 3122 3688 Ἰουδαίων,
3164 3623 3259 3685 οῦς
3292 3623 3533 3679 Ἰώσηπος
3570 3617 3716 3685 ἱστορεῖ
3738 3623 3789 3675 7"

532 3719 687 3775 quos
707 3704 893 3761 factos
909 3705 1090 3761 fuisse
1122 3706 1325 3764 scribit
1352 3710 1641 3781 Iosephus
1663 3718 1990 3785 antequam
2020 3730 2074 3771 ca

2299 3715 2479 3765 νέσθαι
2516 3717 2616 3788 πρὸ
2656 3721 2746 3774 τῆς
2775 3712 3010 3773 ἁλώσεως
3052 3720 3142 3773 τῆς
3189 3710 3537 3787 Ἰερουσαλήμ,
3568 3706 3647 3758 καὶ
3666 3697 3787 3771 γὰρτὸ

532 3799 694 3850 retur
722 3795 1069 3851 Jerusalem.
1122 3796 1423 3870 Siquidem
1446 3800 1623 3855 erexit
1653 3816 1715 3857 se
1772 3802 1847 3873 (Γ)
1900 3804 2062 3860 natio

2298 3811 2397 3854 τῶν
2444 3800 2712 3856 Ἰουδαίων
2765 3804 2906 3863 ἔθνος
2961 3801 3166 3875 ἀντῆρε,
3222 3808 3313 3854 καὶ
3342 3800 3433 3853 ούκ
3470 3790 3682 3850 ἀπεδίδου
3716 3800 3788 3837 79v;

532 3882 818 3949 denorum,
834 3899 943 3940 nec
954 3883 1230 3941 tributum
1244 3886 1600 3945 exsolvebat.
1627 3891 1880 3947 Romani
1900 3908 2037 3949 vero
2068 3909 2074 3948 ι

2300 3896 2507 3965 φόρους·
2545 3892 2785 3964 Ῥωμαῖοι
2836 3888 2914 3957 δε,
2966 3896 3037 3963 μὴ
3089 3891 3377 3963 ἐνεγκοντες
3426 3892 3512 3945 τὴν
3539 3879 3786 3956 ὓϐριν,ὲτεεε

534 3970 885 4044 ferentes‘inj
897 3974 1109 4040 uriam,
1125 3975 1567 4047 expeditionem
1586 3979 1648 4035 in
1666 3979 1795 4036 illos
1812 3997 2076 4052 paraverl

1269 3975 1567 4034 :ditionem
1586 3979 1648 4035 in
1666 3979 1795 4036 illos
1812 3988 2187 4052 paraverunt.
2299 3983 2588 4053 τράτιυσαν
2622 3981 2811 4042 αὐτοῖς.

605 4061 761 4116 Vers.
797 4066 839 4127 6~
867 4064 1063 4121 Videte
1108 4096 1175 4105 —
1226 4066 1376 4134 ﬁnis.
1432 4070 1513 4125 Ne
1565 4071 1927 4139 terreamini,
1977 4072 2143 4145 inqui

2367 4069 2550 4144 Ὁρᾶτε
2616 4101 2683 4111 -
2736 4070 2894 4132 τελος.
2952 4074 3037 4129 Μὴ
3107 4071 3395 4136 πτοηθῆτε,
3450 4068 3609 4138 φησὶν,
3652 4059 3700 4115 ὣς
3733 4056 3786 4101 τοί

535 4148 707 4222 quasi
736 4151 1079 4221 praedicatio
1116 4153 1230 4211 sub
1269 4155 1554 4212 seditione
1583 4162 1638 4214 et
1667 4159 2002 4216 turbatione
2048 4161 2077 4217 d

2297 4164 2630 4236 κηρύγματος
2707 4163 2807 4213 ύπό
2871 4168 2966 4222 τῆς
3027 4160 3422 4219 ἀκαταστασίας
3485 4158 3566 4208 καὶ
3627 4156 3791 4217 ταραχπς

504 4290 511 4297 .
534 4238 758 4297 menda
790 4240 887 4299 sit.
928 4240 1220 4314 Siquidem
1244 4250 1492 4303 ventura
1516 4247 1803 4304 sunthaec
1828 4248 2035 4306 omnia

2302 4249 2333 4305 δ
2341 4254 2775 4323 ιακοπησομένου.
2840 4249 3096 4306 Μέλλουσι
3161 4252 3264 4322 γὰρ
3318 4251 3483 4301 πάντα
3533 4246 3589 4294 τὰ
3629 4245 3705 4290 τῶν
3740 4247 3792 4323 πέ

534 4330 608 4386 de
633 4330 726 4387 his
757 4329 928 4387 bellis
955 4331 1094 4404 dixi,
1151 4334 1235 4391 sic
1264 4340 1464 4392 tamen
1495 4341 1558 4392 ut
1586 4336 1731 4393 nihil
1776 4336 1859 4393 illi
1912 4354 2076 4396 noce:

2249 4341 2462 4435 )λέμων
2515 4342 2708 4393 τούτων
2760 4340 3020 4410 γενέσθαι,
3080 4335 3245 4411 μηδὲν
3307 4337 3432 4389 αὐτὸ
3488 4332 3791 4407 βλάπτοντωξ

2356 4434 2359 4435 ,
2574 4431 2588 4435 _
2770 4430 2780 4435 -
2866 4431 2884 4435 _
2910 4424 2929 4435 .
3178 4426 3204 4435 Α
3346 4426 3357 4435 .
3509 4425 3519 4435 .
3681 4417 3784 4435 .-μμ

539 4422 664 4477 Ant.
698 4422 777 4477 Ne
806 4423 1166 4493 terreamini,
1199 4425 1369 4496 quasi
1391 4425 1518 4495 jam
1544 4426 1719 4482 instet
1749 4426 1887 4483 ﬁnis
1914 4428 2036 4484 sive
2063 4445 2081 4502 ι

2252 4417 2267 4434 ’
2299 4434 2371 4501 μη
2426 4431 2707 4496 πτοηθῆτε,
2756 4430 2819 4490 ὡς
2858 4424 2965 4486 ἤδη
2998 4435 3088 4480 τοῦ
3134 4426 3307 4487 τέλους
3338 4425 3635 4479 ἐπιστάντος,
3678 4417 3794 4502 ἦγῗννι

536 4508 679 4567 ditio
706 4512 909 4585 templi
942 4528 1012 4569 ac
1064 4513 1335 4571 civitatis.
1366 4516 1606 4587 Oportet
1631 4516 1790 4572 enim
1817 4517 1944 4573 haec
1986 4500 2078 4575 om

2299 4527 2389 4571 τοῦ
2422 4519 2630 4593 ὀλέθρου
2686 4525 2776 4570 τοῦ
2832 4524 2955 4569 ναοῦ
2986 4522 3075 4568 καὶ
3106 4525 3198 4578 τῆς
3228 4517 3439 4576 πόλεως.
3484 4517 3557 4566 Δεῖ
3581 4508 3664 4579 γὰρ
3691 4512 3799 4597 ﬁt?“

538 4598 664 4654 ﬁeri
688 4617 707 4665 ,°
738 4603 843 4658 sed
870 4602 1142 4659 nondum
1196 4608 1284 4661 est
1322 4604 1459 4660 ﬁnis
1513 4605 1631 4661 sive
1664 4606 1907 4676 perditio
1933 4623 2080 4663 eoru

2299 4616 2467 4661 ταῦτα
2506 4610 2766 4680 γενέσθαι,
2824 4606 2932 4658 ἀλλ’
2983 4610 3126 4658 οὔπω
3182 4609 3240 4657 τὸ
3282 4604 3442 4672 τέλος,
3482 4605 3645 4659 εῖτουν,
3741 4601 3801 4637 ωεε

540 4701 683 4742 nam
718 4694 1100 4759 postmodum
1132 4699 1309 4766 capta
1371 4698 1511 4750 sunt
1568 4695 1990 4768 Hierosolyma.
2048 4700 2082 4753 Ι]

2303 4699 2422 4772 θρος
2470 4679 2655 4752 αῦτών.
2710 4695 2952 4768 ’Υστερον
2998 4698 3098 4771 ’γὰρ
3156 4694 3388 4747 ἑάλωσαν
3445 4679 3802 4759 τὰῚεροσολνὲίλ·

539 4779 741 4831 autem
764 4777 1242 4850 Chrysostomus,
1266 4782 1431 4855 quod
1450 4782 1723 4857 discipuli
1744 4801 1877 4841 cum
1895 4785 1954 4841 in
1977 4802 2081 4858 pra

2301 4770 2436 4845 «βησὶ
2463 4783 2522 4839 δὲ
2565 4788 2590 4838 6
2622 4791 3001 4860 Χρυσόστομος
3029 4785 3163 4857 (16),
3197 4786 3277 4836 ὅτι
3309 4785 3357 4836 οἱ
3386 4786 3472 4854 μεν
3513 4775 3708 4852 μαθηταὶ
3730 4770 3803 4860 περ(

542 4864 823 4922 dentibus
852 4868 925 4923 de
948 4874 1205 4928 extrema
1228 4872 1569 4929 Iudaeorum
1612 4875 1837 4931 ultione
1862 4876 2084 4932 audisse

2299 4884 2395 4937 τῆς
2457 4876 2803 4948 παγχαλέπου
2869 4879 3124 4951 τιμωρίας
3174 4882 3272 4926 τῶν
3346 4866 3597 4925 Ἰουδαίων
3638 4870 3804 4925 ωωτξὲν

617 5045 661 5079 ³⁵
690 5047 870 5103 Marc.
910 5062 1031 5114 χιιι,
1060 5049 1115 5116 4,
1221 5054 1267 5088 ³⁵
1298 5053 1437 5109 Luc.
1470 5069 1593 5121 xxx,
1621 5058 1673 5109 7.
1780 5056 1823 5089 ³⁷
1846 5054 1993 5110 ibid.
2024 5059 2075 5111 8.

1221 5054 1267 5088 ³⁵
1298 5053 1437 5109 Luc.
1470 5069 1593 5121 xxx,
1621 5058 1673 5109 7.
1780 5056 1823 5089 ³⁷
1846 5054 1993 5110 ibid.
2024 5059 2075 5111 8.
2189 5056 2236 5091 ³⁸
2267 5058 2439 5113 Marc.
2466 5071 2566 5127 xu,
2601 5059 2657 5111 6.

1772 5231 1988 5301 Variae
2021 5232 2346 5303 lectiones
2387 5243 2451 5302 et
2492 5242 2696 5301 notae.

617 5423 730 5497 (13)
756 5422 946 5479 Malim
976 5431 1070 5487 τῆς
1102 5431 1192 5477 τοῦ
1222 5430 1365 5489 ναοῦ,
1402 5430 1467 5482 ut
1494 5442 1653 5485 mox.

617 5497 725 5555 (14)
756 5499 1032 5549 Τουτέστιν
1064 5498 1088 5549 6
1121 5501 1367 5555 Χριστός.
1400 5497 1633 5555 Absunt
1661 5503 1725 5555 Α.

2380 5433 2457 5555 (ί)
2500 5433 2578 5488 De
2617 5433 2869 5555 utroque
2885 5426 3098 5486 Justin.
3125 5428 3291 5486 Mart.
3324 5430 3476 5500 p.69
3508 5425 3567 5490 D,
3598 5423 3649 5477 E.

2409 5504 2495 5555 16)
2534 5505 2699 5555 Tom.
2732 5504 2771 5555 V
2805 5506 2839 5555 ι.
2874 5518 2934 5555 n.
2969 5504 3068 5555 723
3102 5504 3164 5555 D.

617 5433 730 5497 (13)
756 5433 946 5479 Malim
976 5433 1070 5487 τῆς
1102 5433 1192 5477 τοῦ
1222 5433 1365 5489 ναοῦ,
1402 5433 1467 5482 ut
1494 5442 1653 5485 mox.

615 5497 725 5567 (14)
756 5499 1032 5549 Τουτέστιν
1064 5498 1088 5549 6
1121 5501 1367 5571 Χριστός.
1400 5497 1633 5556 Absunt
1661 5503 1725 5556 Α.

1621 5444 1653 5485 :.
2380 5433 2457 5575 (ί)
2500 5433 2578 5488 De
2617 5433 3098 5555 utroqueJustin.
3125 5433 3163 5484 Ν

1621 5503 1725 5556 tA.
2409 5504 2495 5575 16)
2534 5505 2699 5560 Tom.
2732 5504 2771 5557 V
2805 5506 2839 5568 ι,
2874 5518 2934 5575 p.
2969 5504 3068 5558 723
3102 5504 3163 5559 ι).

623 5673 702 5751 (f)
726 5674 940 5737 Erexit
968 5691 1047 5737 se.
1075 5675 1433 5738 Seditionem
1470 5677 1681 5750 movit,
1711 5678 2042 5742 rebellavit.
2074 5684 2163 5743 No

1892 5681 2042 5742 .avit.
2074 5684 2295 5743 Notum
2316 5684 2405 5743 est
2424 5681 2542 5743 hoc
2566 5695 2748 5743 sensu
2777 5680 3034 5759 ἀνταίρειν
3063 5685 3121 5743 et
3149 5680 3434 5757 ᾀντάρτης.
