3904 6210
105 291 193 350 605
971 285 1334 344 COMNENT.
1381 282 1453 339 IN
1504 278 1950 338 MATTHEUM.
1993 315 2056 326 —-
2101 285 2256 343 CAP.
2299 288 2497 346 XXIV.

3267 295 3373 351 606

110 418 327 490 μαθόντες,
387 418 438 477 ὡς
484 419 590 491 περὶ
671 413 942 492 ἀλλοτρίας
1019 419 1303 487 συμφορᾶς,
1373 410 1608 485 ἀφροντί·

1800 423 2011 480 iquam
2038 412 2118 468 ad
2149 413 2407 472 alienam
2465 415 2888 485 calamitatem,
2921 434 3058 492 quas
3087 419 3236 477 nihil
3267 436 3371 478 eos

113 525 218 568 στως
260 504 476 573 διέκειντο,
519 510 604 558 καὶ
661 509 794 578 μόνα
853 512 1137 564 τηνικαῦτα
1195 500 1333 575 δίχα
1381 502 1609 575 Θορύϐων

106 594 399 669 ὠνειροπόλουν
434 597 492 647 τό
533 603 620 656 τῆς
675 602 766 648 τοῦ
826 601 1060 671 Χριστοῦ
1116 589 1356 668 δευτέρας
1412 611 1612 666 παρου-

104 686 192 746 σίας
232 683 389 756 ἀγαθὰ,
419 680 486 736 δι’
544 683 578 736 οἱ
603 688 695 737 καὶ
767 688 862 742 τὴν
909 682 1162 758 έρώτησιν
1213 687 1551 758 προσήγαγον
1592 699 1605 714 ο

104 771 396 848 όδεΧριστός
429 772 568 825 πάλιν
623 771 842 826 έπίπονα
897 772 1010 846 (17)
1057 775 1259 834 τούτοις
1301 775 1609 845 προμηνύει,

103 863 225 915 ποιῶν
269 861 429 923 αὐτοὺς
497 861 604 934 (18)
657 861 981 935 ἐναγωνίους,
1067 867 1158 916 καὶ
1219 858 1378 934 διπλῇ
1437 866 1611 934 νήφειν

102 951 284 1018 idem,
344 953 404 1012 ὡς
470 956 592 1024 μήτε
670 953 770 1004 ὑπό
827 960 926 1004 τῶν
985 951 1188 1005 πλάνων
1259 950 1610 1021 ἀπατηθῆναι,

98 1047 200 1113 μήτε
232 1042 418 1103 ὑπὸτῆς
485 1039 643 1104 ἀκοῆς
697 1048 796 1094 τῶν
851 1040 1082 1114 πολέμων
1166 1043 1470 1116 θροηθῆναι.
1532 1047 1614 1094 Δι-

103 1129 222 1181 πλοῠν
260 1132 340 1204 γὰρ
385 1127 501 1182 εἶναι
540 1133 629 1182 τόν
671 1129 909 1204 πόλεμον,
973 1128 1075 1184 ἀπό
1127 1151 1180 1184 τε
1232 1140 1332 1184 τῶν
1388 1131 1609 1198 πλάνων,

100 1217 180 1270 ἀπό
216 1237 258 1271 τε
290 1225 370 1270 τῶν
403 1217 676 1292 Ῥωμαίων,
734 1224 826 1273 καὶ
869 1219 1061 1281 πολλὴν
1105 1225 1196 1275 καὶ
1251 1219 1490 1280 ποικίλην
1520 1225 1614 1281 τὴν

101 1305 244 1376 ζάλην,
265 1312 335 1361 καὶ
358 1306 483 1372 tm;
512 1314 604 1363 καὶ
635 1309 802 1373 ίκτός.

147 1503 450 1578 Ἐγερθήσεται
495 1537 562 1548 -
635 1505 926 1581 βασιλείαν.
977 1510 1055 1562 Τὰ
1111 1509 1226 1567 ἔθνη
1282 1511 1349 1562 τὰ
1406 1528 1614 1583 συμμα-

89 1599 245 1664 χοῡντα
302 1593 550 1668 Ῥωμαίοις
601 1596 686 1650 έπὶ
745 1600 811 1650 τὰ
886 1599 1005 1657 ἔθνη
1091 1599 1158 1651 τὰ
1228 1606 1616 1672 συμμαχοῦντα

93 1678 326 1749 Ἰουδαίοις,
382 1689 466 1738 καὶ
513 1687 569 1739 αἱ
627 1685 915 1759 βασιλεῖαι,
960 1689 1016 1741 αἱ
1069 1691 1436 1764 συναιρόμεναι
1491 1688 1616 1742 Ῥω-

90 1774 236 1842 μαίοις,
269 1771 341 1825 ἰπὶ
409 1776 497 1836 τὰς
579 1781 953 1850 συναιρομένας
1012 1773 1314 1840 Ἰουδαίοις.
1373 1782 1473 1832 Καὶ
1522 1774 1617 1832 διὰ

91 1866 202 1912 τοῦτο
227 1860 418 1937 ἰσχυροὶ
442 1869 748 1935 γενήσονται
773 1868 968 1919 τούτων
987 1866 1220 1940 πόλεμοι.

143 1954 220 2002 Καὶ
259 1981 319 1992 -
341 1957 538 2017 τόπους.
595 1957 740 2008 Κατὰ
767 1959 959 2019 τόπους
999 1965 1099 2008 τῶν
1139 1953 1428 2012 Ἰουδαίων.
1464 1957 1617 2030 Παρὰ

90 2045 140 2107 τῷ
195 2046 348 2113 Λουκᾴ
416 2039 473 2096 δε
542 2048 875 2118 πρόσκειται,
952 2047 1034 2099 ὅτι
1091 2035 1332 2120 φόϐητροί
1412 2067 1466 2101 τε
1526 2051 1617 2100 καὶ

93 2133 238 2198 σημεῖα
298 2130 485 2201 μεγάλα
570 2130 662 2185 ἀπ’
764 2134 986 2211 οὐρανοῦ
1042 2139 1212 2205 ἔσται,
1265 2137 1348 2190 ἵνα
1426 2145 1616 2210 γνῶσιν

90 2211 280 2271 Ἰουδαῖοι
322 2221 589 2293 Θεομηνίαν
647 2218 774 2277 εἶναι
815 2227 883 2278 τὰ
932 2229 1196 2299 γινόμενα,
1236 2231 1326 2280 καὶ
1367 2236 1614 2295 συνῶσιν,

91 2304 146 2355 ὅτι
191 2302 266 2360 διὰ
314 2313 396 2368 τὴν
467 2318 560 2365 τοῦ
622 2319 857 2388 Σωτῆρτς
940 2313 1203 2392 ἀναίρεσιν
1277 2323 1446 2371 ταῦτα
1521 2318 1619 2371 ποί-

91 2410 256 2463 σχουσι.

139 2486 278 2538 Πάντα
322 2517 385 2530 -
434 2486 660 2547 ὠδίνων.
731 2491 901 2568 Ἀρχὴ
960 2501 1060 2547 τῶν
1120 2503 1313 2561 κακῶν,
1367 2499 1620 2572 προοίμια

89 2578 160 2626 τίη
211 2586 473 2653 συμφορῶν,
551 2587 658 2633 τῶν
741 2589 846 2644 τοῖς
893 2580 1174 2648 Ἰουδαίοις
1239 2583 1614 2661 ίπερχομὶινων.

139 2666 238 2716 Τότε
272 2696 331 2708 —
375 2668 569 2741 Θλίψιν.
630 2675 776 2736 Τότε,
827 2675 952 2726 πότε
997 2690 1012 2740 ;
1065 2676 1174 2748 Πρὸ
1225 2683 1321 2738 τῆς
1379 2673 1619 2728 ἀπόστα-

96 2751 206 2812 σίας.
234 2751 306 2818 Εἷς
328 2754 506 2811 έκεῖνον
533 2761 642 2833 γὰρ
681 2763 768 2812 τὸν
799 2766 980 2836 καιρόν
1023 2768 1290 2836 μετήγαγε
1318 2767 1405 2818 τόν
1447 2764 1620 2837 λόγον,

90 2839 108 2889 ὁ
150 2846 218 2893 καὶ
280 2851 471 2911 Λουκᾶς
538 2845 804 2908 ίδήλωσεν
882 2854 1056 2920 εἰπὼν,
1111 2855 1192 2907 ὃτι
1244 2857 1352 2930 Πρὸ
1403 2857 1619 2924 τούτων,

92 2929 244 2982 πάντων
310 2933 638 2992 ἕπιϐαλοῦσιν
705 2941 778 3014 ἐφ’
840 2941 977 3014 ὑμᾶς
1043 2944 1137 3005 τὰς
1190 2929 1374 3018 χεῖρας
1430 2943 1620 3015 αὐτων,

87 3022 150 3070 καὶ
245 3019 479 3089 διώξουσι
507 3069 521 3095 ,

1719 501 2005 568 tangeret,
2044 504 2413 574 negligenter
2443 522 2503 562 se
2535 507 2612 562 ad
2644 524 2778 564 eam
2813 508 3134 578 habebant,
3165 517 3220 568 et
3246 511 3375 569 sola

1718 601 1790 642 ea
1819 593 1962 644 tunc
1988 593 2371 650 somniabant
2391 595 2571 661 bona,
2597 613 2734 670 quae
2765 598 2994 672 absque
3027 601 3282 656 tumultu
3313 602 3374 658 in

1719 678 1985 735 secundo
2035 681 2237 738 Christi
2282 684 2541 740 adventu
2594 692 2845 743 ventura
2874 692 3044 744 erant
3080 705 3103 745 ,ο
3134 696 3375 762 propter

1719 781 1850 836 qua:
1878 767 2056 824 etiam
2088 770 2612 843 interrogationem
2644 776 3073 847 produxerant.
3105 779 3372 835 Christus

1719 869 1862 912 vero
1890 872 2131 914 rursum
2154 860 2266 915 illis
2289 863 2594 920 laboriosa
2607 866 2973 935 pronuntiat,
3007 868 3373 924 constituens

1719 958 1823 999 eos
1847 948 2237 1004 certaminum
2264 950 2569 1022 praefectos
2587 952 2669 1024 (g)
2701 970 2718 1007 :
2743 959 2798 1009 et
2817 954 3119 1027 duplicem
3133 956 3212 1011 ob
3243 974 3376 1014 cau-

1691 1032 1700 1129 ζ
1720 1047 1850 1129 sam
1873 1035 2121 1129 vigilare
2137 1037 2326 1109 jubet,
2342 1045 2466 1096 tum
2493 1056 2568 1096 ne
2585 1057 2622 1097 a
2645 1043 3057 1098 seductoribus
3076 1042 3374 1112 fallantur,

1720 1122 1840 1176 tum
1867 1134 1940 1178 ne
1967 1140 2002 1181 a
2027 1125 2323 1184 bellorum
2349 1145 2590 1185 rumore
2644 1130 2973 1186 turbentur.
3029 1131 3265 1204 Duplex
3299 1132 3376 1188 si-

1695 1210 1968 1284 quidem
2006 1215 2089 1272 ait
2113 1215 2335 1273 instare
2366 1217 2608 1287 bellum,
2636 1222 2692 1275 et
2735 1235 2771 1276 a
2800 1220 2901 1275 sed
2914 1219 3230 1288 uctoribus,
3256 1224 3313 1276 et
3340 1237 3378 1277 a

1723 1300 2030 1374 Romanis,
2062 1305 2431 1380 multamque
2456 1323 2525 1364 ac
2552 1308 2778 1365 variam
2799 1309 3291 1375 commotionem,
3321 1313 3380 1368 et

1721 1397 1966 1455 interius
1997 1399 2054 1452 et
2082 1396 2356 1452 exterius.

1791 1489 1952 1542 Vers.
1987 1486 2358 1558 7.Exsurget
2384 1517 2453 1528 —-
2480 1501 2750 1558 regnum.
2801 1487 3013 1544 Gentes
3063 1487 3238 1544 socia
3270 1490 3379 1545 Ro-

1723 1592 2045 1634 manorum
2103 1576 2160 1632 in
2211 1580 2418 1647 gentes
2456 1576 2673 1633 Judaais
2720 1577 3080 1645 foederatas;
3117 1583 3172 1635 et
3196 1594 3380 1651 regna

1723 1665 2032 1722 auxiliaria
2061 1665 2360 1733 Romanis,
2391 1667 2447 1722 in
2472 1681 2660 1736 regna
2703 1666 3014 1725 auxiliaria
3041 1667 3258 1724 Judaais
3285 1684 3298 1736 ;
3321 1670 3379 1725 et

1644 1761 1690 1818 Β
1724 1761 2040 1828 propterea
2068 1755 2243 1812 fortia
2268 1759 2442 1812 erunt
2470 1755 2688 1812 horum
2714 1755 2890 1812 bella.

1796 1953 1954 2007 Vers.
1982 1955 2037 2006 7.
2063 1951 2233 2007 Et—
2267 1951 2418 2009 loca.
2460 1953 2580 2007 Hoc
2623 1954 2710 2007 est
2755 1950 3004 2021 singulis
3031 1951 3374 2010 Judreorum

1723 2039 1888 2096 locis.
1914 2039 2090 2113 Apud
2120 2041 2340 2096 Lucam
2367 2039 2607 2112 ponitur
2643 2056 2654 2096 :
2687 2041 3080 2113 Terroresque
3101 2047 3156 2097 et
3210 2043 3378 2113 signa

1725 2145 1763 2188 a
1791 2130 1921 2185 calo
1950 2143 2165 2201 magna
2186 2135 2362 2186 erunt
2392 2130 2462 2200 “,
2487 2129 3137 2201 utcognoscantJudasi
3159 2145 3377 2204 eaquaa

1725 2218 1870 2277 ﬁent
1906 2219 2124 2275 divinas
2155 2234 2284 2275 esse
2313 2219 2434 2285 iraa,
2482 2224 2539 2275 et
2580 2218 2911 2288 intelligant
2941 2219 3104 2291 quod
3135 2224 3378 2294 propter

1728 2308 2051 2366 Salvatoris
2081 2307 2604 2382 interemptionem
2650 2307 2773 2363 haec
2802 2307 3125 2380 patiantur.

1797 2506 1960 2562 Vers.
1989 2505 2044 2559 8.
2071 2504 2360 2562 Omnia—
2379 2504 2672 2564 dolorum.
2700 2505 3062 2580 Principium
3080 2506 3381 2566 malorum

1727 2598 1785 2652 et
1813 2594 2143 2666 primordia
2163 2594 2572 2652 calamitatum
2601 2610 2739 2667 quae
2767 2595 2991 2652 Iudaeis
3031 2595 3372 2654 imminent.

1799 2683 1968 2741 Vers.
2006 2688 2058 2742 9.
2103 2685 2252 2740 Tunc
2300 2715 2369 2725 —
2393 2684 2800 2756 afﬂictionem.
2833 2686 3029 2756 Tunc;
3073 2685 3322 2757 quando
3352 2687 3382 2743 ?

1726 2775 1874 2831 Ante
1903 2773 2297 2830 defectionem
2325 2789 2504 2841 ;nam
2527 2773 2741 2829 inillud
2762 2777 3004 2847 tempus
3039 2789 3382 2830 sermonem

1732 2863 2006 2929 traduxit,
2035 2862 2200 2936 quod
2230 2867 2285 2919 et
2313 2863 2500 2920 Lucas
2543 2851 2898 2935 signiﬁcavit
2950 2863 3155 2919 dicens
3193 2879 3205 2918 :
3234 2863 3384 2920 Ante

1733 2954 1856 3010 Itch
1874 2954 2064 3009 omnia
2082 2952 2349 3022 injicient
2370 2968 2572 3010 manus
2596 2968 2730 3010 suas
2753 2955 2812 3009 in
2831 2969 2941 3020 vos,
2970 2959 3027 3010 et
3044 2968 3386 3026 persequen-

667 3027 1051 3105 παραδιδόντες
1155 3032 1226 3096 είς
1318 3035 1624 3107 συναγωγὰς

1802 3058 1854 3110 r,
1885 3042 2171 3099 tradentes
2200 3041 2264 3098 in
2317 3057 2630 3115 synagogas
2658 3050 2710 3100 et
2737 3057 3022 3109 carceres,
3055 3048 3276 3100 tractos
3305 3041 3386 3099 ad

87 3112 150 3158 καὶ
192 3110 408 3182 φυλακὰς,
486 3116 776 3191 ἀγομένους
855 3119 936 3174 έπὶ
1011 3120 1250 3195 βασιλεῖς
1336 3127 1426 3176 καὶ
1499 3125 1624 3196 ἡγι-

1800 3149 1894 3205 ges
1919 3148 1988 3188 ac
2014 3132 2288 3204 praesides
2297 3110 2758 3203 propt'er'nomen
2782 3148 2972 3190 meum
2999 3133 3068 3188 ⁸ο.
3093 3131 3387 3188 Plurimas

85 3200 217 3286 ξένας,
266 3205 412 3258 ἕνεκεν
465 3215 561 3261 τοῦ
626 3207 875 3282 ὀνόματός
929 3230 1058 3283 μου.
1121 3213 1294 3266 Πολλὰ
1349 3215 1451 3286 γὰρ
1509 3218 1625 3268 τότε

87 3279 204 3350 δεινὰ.
247 3295 365 3362 μετὰ
416 3300 510 3356 τήν
558 3304 656 3351 τοῦ
711 3279 944 3374 Σωτῆρος
987 3299 1263 3374 ἀνάληψιν,
1297 3279 1626 3358 οίυἹουδαῖοι

87 3380 160 3435 τοῖς
201 3375 481 3448 ἀποστόλοις
541 3387 828 3461 έπὴγαγον·
883 3393 1008 3444 ποτε
1069 3395 1160 3465 μὲν
1215 3400 1318 3454 τοῖς
1369 3391 1626 3468 ἁρχισυν·

88 3470 257 3556 τιήοῑς
287 3472 664 3547 παραδιδόντες
704 3477 776 3541 εἰς
817 3481 1070 3547 κάκωσιν,
1114 3485 1234 3534 ποτε
1265 3479 1324 3535 δί
1350 3481 1435 3536 ἐπὶ
1467 3481 1626 3556 βασι-

87 3547 161 3650 ξιῖς
231 3560 436 3632 ἄγοντες,
525 3567 637 3619 οἷον
717 3567 802 3621 ίπὶ
898 3566 1137 3645 Ἡρώδην
1185 3577 1274 3625 καὶ
1331 3571 1625 3646 ’Δγρίππαν

90 3648 173 3711 [Ili
212 3648 308 3722 (l9)
353 3657 470 3716 τοὺς
518 3657 867 3732 τοιουτους,]
913 3663 1002 3712 καὶ
1053 3659 1138 3714 έπὶ
1192 3665 1312 3724 τοὺς
1369 3663 1629 3735 ἡγεμόνας

87 3736 150 3784 καὶ
221 3747 522 3814 στρατηγοὺς
579 3753 683 3798 τῶν
725 3745 939 3816 πόλεων,
982 3753 1073 3801 καὶ
1127 3752 1248 3812 τοὺς
1301 3748 1630 3815 ἀνθυπάτους

81 3821 151 3872 mi
206 3826 533 3904 πολιτάρχας,
595 3835 664 3898 ὡς
745 3836 776 3894 ἡ
857 3835 1042 3910 βίϐλος
1106 3847 1206 3892 τῶν
1272 3838 1629 3895 ἀποστολικῶν

87 3910 276 3982 "Pam
298 3919 504 3996 ἱστορεῖ.

127 4013 221 4104 ¹Καὶ
291 4014 658 4075 ἀποκτενοῦσιν
767 4023 919 4096 ὑμᾶς.
1027 4031 1193 4080 Τοῦτο
1264 4027 1402 4101 λέγει
1499 4032 1630 4104 πρὸς

83 4114 234 4194 gitti”;
285 4110 395 4170 τοὺς
485 4109 822 4183 ἀναιρεθῆναι
895 4113 1165 4186 μελλοντας
1224 4113 1319 4170 διὰ
1375 4127 1468 4181 τῆς
1531 4125 1629 4171 τῶν

357 4205 779 4277 κακεντρεχείας,
841 4183 948 4267 οἷος
1044 4202 1105 4265 ἦν
1203 4210 1454 4280 Στέφανος
1541 4212 1630 4260 καὶ

98 4275 296 4352 Ιὰιυεος,
325 4287 351 4338 ὁ
377 4275 604 4364 ἁδελφός
636 4291 893 4358 Ἰωάννου,
925 4299 1016 4347 καὶ
1041 4297 1086 4348 εἶ
1111 4315 1194 4358 τις
1213 4275 1403 4372 ἕτερος.

139 4371 220 4423 Καὶ
264 4403 325 4416 -ι
379 4397 500 4449 μου.
574 4379 698 4435 ’Υπό
763 4385 966 4453 γονέων,
1025 4385 1127 4437 ὑπό
1188 4394 1470 4458 συγγενῶν,
1529 4387 1630 4439 ὑπό
1698 4399 1704 4405 ·

85 4452 226 4544 τῶν,
271 4461 359 4516 ὕπὸ
445 4468 740 4541 ὁμοφύλων,
819 4471 920 4523 ὑπὸ
1002 4472 1221 4544 οἰκείων,
1305 4476 1404 4528 ὑπὸ
1459 4475 1624 4538 ξένων,
1662 4466 1708 4521 Ῑ)

84 4559 168 4642 tv"?
207 4556 462 4623 ιρχόντων,
519 4559 623 4611 ὑπό
675 4557 996 4632 ἀρχομένων,
1068 4567 1157 4616 καὶ
1222 4563 1396 4627 ἁπλῶς
1452 4567 1629 4632 εἰπεῖν,

202 4638 377 4732 firmi:
431 4654 537 4699 τῶν
597 4644 874 4722 ἀλλοτρίων
932 4657 1023 4704 τοῦ
1067 4655 1418 4726 κηρύγματος.
1453 4660 1631 4728 ΙΙροει-

86 4722 169 4770 πὸτ
192 4719 242 4777 δε
293 4733 354 4784 τὰ
403 4737 714 4810 σκυθρωπὰ,
748 4719 949 4792 Ὗλοιπόν
981 4719 1349 4814 ἐπήγαγευκαὶ
1390 4719 1507 4802 τὴν,
1531 4762 1634 4796 παι-

87 4814 316 4907 ξιμυίίιν,
347 4822 423 4876 ὅτι
476 4825 554 4876 Δι’
609 4824 715 4898 έμί.
771 4833 936 4881 Τοῦτο
991 4833 1093 4904 γὰρ
1125 4827 1279 4889 δηλοί
1325 4835 1383 4884 τό
1443 4829 1536 4886 διὰ
1577 4837 1634 4888 τό

87 4902 216 4971 ἄιομὰ
289 4927 407 4981 μου.
468 4917 575 4968 Καὶ
621 4917 774 4977 ὅντως
851 4902 1073 4989 μεγάληή
1103 4927 1214 4983 τοῖς
1268 4923 1528 4994 μαθηταῖς
1574 4921 1635 4984 ἦν

81 4997 341 5065 παραμυθία
364 5003 424 5055 τὸ
454 5005 686 5079 πάσχειν
715 5002 794 5059 δι’
821 5005 998 5063 αὐτόν.

134 5166 174 5203 η
196 5169 318 5231 Luc.
346 5191 471 5247 xxi,
508 5133 594 5237 ιι,
668 5181 719 5221 ιο
748 5179 898 5240 Ibid.
934 5185 1021 5242 ιε.

1733 3223 1896 3281 enim
1935 3220 2303 3278 calamitates
2351 3225 2488 3293 post
2531 3221 2852 3277 Salvatoris
2897 3221 3386 3292 Assumptionem

1732 3312 1923 3369 Judaei
1946 3311 2306 3368 induxerunt
2332 3309 2620 3382 apostolis
2642 3326 2656 3376 ;
2675 3309 2974 3366 interdum
3005 3309 3250 3383 quidem
3283 3311 3389 3382 Sy-

1733 3417 1986 3473 nagnge
2015 3398 2387 3474 principibus
2421 3399 2736 3466 tradentes,
2778 3404 2846 3455 ut
2873 3398 3230 3471 punirentur
3257 3414 3272 3465 ;
3305 3398 3388 3454 in-

1734 3491 1966 3549 terdum
1979 3505 2120 3546 vero
2140 3489 2220 3546 ad
2247 3487 2947 3560 regestrahentes,veluti
2978 3487 3056 3545 ad
3091 3487 3388 3544 Herodem

1736 3586 1792 3639 et
1812 3581 2156 3653 Agrippam,
2189 3594 2260 3635 ac
2295 3576 2534 3634 similes.
2576 3579 2869 3634 Praeterea
2907 3577 2986 3634 ad
3015 3576 3295 3650 prtnsides
3317 3591 3387 3633 ac

1737 3671 2039 3728 civitatum
2069 3667 2403 3742 prmfectos,
2437 3673 2492 3724 et
2516 3667 2784 3725 consulis
2811 3672 2916 3724 aut
2944 3667 3228 3740 principis
3255 3682 3392 3722 mu-

1737 3777 1878 3819 nere
1891 3760 2226 3831 fungentes,
2242 3757 2756 3832 quemadmodum
2771 3756 2920 3814 liber
2932 3756 3390 3830 apostolicarum

1738 3851 2052 3909 Actionum
2091 3851 2356 3906 testatur.

1810 4031 1976 4089 Vers.
1997 4034 2048 4086 9.
2081 4030 2157 4085 Et
2186 4029 2436 4086 occident
2484 4042 2598 4084 vos.
2631 4027 2754 4083 Hoc
2796 4025 2939 4083 solis
2979 4026 3062 4083 eis
3089 4025 3249 4092 dicit,
3288 4023 3394 4096 qui

1738 4136 1846 4195 per
1882 4120 2230 4176 Judmorum
2267 4116 2712 4190 improbitatem
2748 4131 2818 4172 ac
2875 4116 3198 4172 versutiam
3236 4114 3395 4171 occi-

1738 4208 1917 4267 dendi
1945 4212 2148 4266 erant:
2177 4210 2323 4280 puta
2348 4205 2704 4279 Stephanus,
2741 4203 3002 4261 Iacobus
3025 4203 3202 4262 frater
3222 4205 3393 4259 Joan-

1738 4299 1852 4365 nis,
1877 4303 1934 4355 et
1974 4297 2026 4352 si
2064 4295 2200 4369 quis
2221 4295 2391 4352 alius.

1811 4387 1981 4446 Vers.
2003 4390 2054 4443 9.
2093 4387 2250 4441 Et—
2271 4399 2477 4441 meum.
2501 4379 2930 4454 Aparentibus,
2948 4395 2984 4436 a
3009 4376 3392 4452 cognatis,ab

1741 4477 1968 4542 amicis,
1996 4491 2032 4532 a
2058 4472 2510 4540 contribulibus,
2542 4488 2575 4526 a
2600 4467 3111 4535 familiaribus,ab
3141 4465 3395 4539 hospiti-

1742 4567 1872 4637 bus,
1897 4563 2339 4638 aprincipibus,
2385 4578 2422 4618 a
2452 4559 2708 4616 subditis
2753 4564 2808 4614 et
2841 4562 2906 4613 ut
2947 4557 3132 4614 semel
3171 4557 3390 4625 dicam,

1743 4656 1821 4714 ab
1851 4654 2134 4712 omnibus
2155 4651 2257 4726 qui
2283 4649 2522 4708 alienati
2567 4652 2706 4705 sunt
2744 4663 2781 4704 a
2808 4647 3252 4720 praedicatione.
3285 4645 3395 4703 Ubi

1744 4749 1945 4803 autem
1995 4743 2182 4800 tristia
2250 4740 2538 4815 praedixit,
2593 4736 3064 4794 consolationem
3118 4735 3394 4808 deinceps

1746 4833 2074 4905 subjunxit,
2107 4831 2312 4889 dicens
2346 4849 2363 4884 :
2393 4829 2638 4902 Propter
2665 4842 2778 4883 me.
2799 4829 2948 4884 Nam
2979 4825 3040 4882 id
3063 4825 3390 4899 signiﬁcat:

1744 4930 1990 4997 propter
1999 4937 2208 4980 nomen
2223 4937 2431 4979 meum.
2454 4921 2520 4976 Et
2548 4931 2680 4975 vere
2698 4931 2924 4989 magna
2933 4914 3240 4992 discipulis
3270 4917 3397 4974 erat

1746 5013 2074 5075 consolatio
2103 5012 2226 5088 pati
2250 5014 2494 5085 propter
2528 5007 2752 5083 ipsum.
2859 5073 2862 5076 ,

1235 5312 1460 5383 Variae
1480 5313 1809 5386 lectiones
1837 5325 1905 5385 et
1926 5321 2132 5384 notae.

75 5436 231 5532 ἴέξῖ)
251 5441 502 5518 Ἐπὶμονα
526 5447 596 5507 Β.
618 5449 1073 5523 Chrysostomus
1092 5450 1225 5512 loco
1248 5453 1494 5516 laudato
1530 5479 1633 5532 χα-

74 5510 189 5562 imi.

131 5654 195 5726 (9)
230 5656 971 5738 Certaminumprafectos.
988 5668 1078 5727 Ad
1089 5668 1407 5733 certamina
1435 5671 1703 5735 idoneos.

1841 5456 2030 5532 18)]Εν
2057 5456 2274 5532 ἀγωνίᾳ,
2308 5457 2374 5511 Α.

1841 5460 1924 5532 18)
1946 5459 2030 5513 Ἐν
2067 5459 2079 5471 ³
2128 5460 2274 5530 ωνίᾳ,
2308 5459 2374 5511 Α.

1813 5459 2225 5603 ίίθπτίοαῖλωο
2280 5527 2578 5588 vocabula
2603 5525 2821 5586 absunt
2863 5528 2927 5581 Α.
