3904 6210
559 234 665 289 607

1912 225 2262 288 EUTHYMII
2303 226 2639 295 ZIGABENI

3693 49 3848 309 ..1

629 359 791 416 Vers.
833 360 920 415 1ο.
950 358 1028 415 Et
1081 360 1371 417 ~multi.
1425 363 1607 417 Erunt
1633 360 1889 417 invicem
1949 359 2185 430 suspect

2334 442 2341 443 7
2388 364 2487 413 Καὶ
2534 390 2605 405 -
2651 362 2852 423 πολλοί.
2917 364 3172 419 ’Υποπτοι
3215 366 3401 419 ἔσονται
3442 372 3550 443 πρὸς
3585 371 3769 443 etiam,

559 452 799 521 pr0pter
847 447 985 503 ﬁdei
1045 448 1438 507 diversitatem
1481 450 1665 520 ;sive,
1718 466 1843 507 non
1900 447 2205 509 credentes

562 538 725 610 apud
763 554 864 593 eos
889 537 990 610 qui
1021 538 1280 596 credent.

631 628 790 682 Vers.
818 628 1078 683 10.Et—
1097 628 1343 687 invicem
1358 630 1648 687 habebunt
1666 630 1819 686 odio.
1850 629 2081 685 Marcus
2106 642 2206 683 au-

560 718 674 770 tem
693 716 1063 772 manifestius
1077 717 1239 784 dixit,
1257 720 1417 791 quod
1448 720 1642 777 tradet
1666 720 1858 789 frater
1878 721 2132 789 fratrem
2147 716 2207 771 in

554 811 819 871 mortem,
835 812 889 862 et
914 813 1087 876 pater
1102 808 1346 864 Filium:
1376 810 1678 880 insurgent
1697 809 1809 879 ﬁlii
1832 809 1894 864 in
1908 814 2204 879 parentes,

557 901 609 952 et
635 895 827 954 morte
850 912 942 952 eos
968 898 1227 968 ofﬁcient
1244 899 1312 952 ⁴¹.
1341 899 1663 954 Verisimile
1684 897 1978 970 estitaque
2004 896 2209 954 omnia

556 986 715 1041 facta
740 1001 887 1052 esse,
917 986 1020 1041 etsi
1043 986 1191 1043 liber
1228 992 1504 1043 Actorum
1536 986 1963 1061 particulariter
1991 986 2065 1043 de
2092 1002 2210 1043 om-

558 1075 737 1130 nibus
768 1090 889 1131 non
915 1075 1189 1133 disserat.
1220 1078 1409 1133 Lucas
1435 1092 1577 1133 vero
1598 1077 1780 1134 etiam
1828 1076 1965 1133 dicit
1998 1095 2011 1139 :
2062 1077 2210 1134 Tra-

560 1164 783 1222 demim'
795 1170 987 1222 autem
1016 1180 1052 1222 a
1060 1167 1401 1238 parentibus
1413 1173 1467 1225 et
1486 1166 1985 1238 cognatis,amicis
1997 1182 2067 1223 ac
2085 1166 2210 1237 fra-

561 1255 769 1320 tribus,
796 1262 848 1311 et
869 1261 1055 1312 morte
1084 1257 1342 1327 afﬁciant
1366 1257 1645 1329 quosdam
1678 1272 1751 1314 ea:
1779 1256 1936 1313 vobis
1964 1257 2029 1313 η.
2064 1258 2208 1313 Prte-

559 1345 708 1401 dixit
729 1346 877 1402 enim
903 1346 1087 1401 ethoc
1113 1346 1374 1403 Christus
1394 1346 1719 1419 discipulis,
1739 1345 1905 1419 quod
1934 1346 2207 1403 omnium

557 1439 644 1491 est
670 1435 1553 1509 miserrimum,videlicetquod
1570 1437 1746 1493 etiam
1771 1435 2207 1493 afamiliarissi-

557 1524 668 1580 mis
688 1524 1086 1597 impugnandi
1119 1530 1319 1597 erant;
1338 1534 1398 1581 ut
1412 1526 1781 1597 praescientes
1798 1527 1989 1599 parati
2012 1530 2208 1583 essent

557 1614 629 1671 ad
662 1614 1056 1680 tolerantiam,
1090 1618 1146 1671 et
1182 1616 1265 1672 ita
1312 1615 1636 1687 periculum
1684 1616 1915 1673 facilius
1964 1616 2209 1672 sustine-

554 1710 704 1762 rent.
738 1704 872 1760 Haec
903 1710 1101 1761 autem
1129 1705 1335 1763 omnia
1361 1705 1633 1778 praedixit
1668 1706 1750 1762 eis
1781 1705 2015 1763 decimo
2045 1722 2207 1763 nono

557 1796 771 1868 capite.
804 1796 1012 1862 Quaere
1043 1810 1184 1867 ergo
1216 1800 1271 1852 et
1293 1796 1376 1851 ibi
1405 1795 1622 1851 horum
1648 1796 2098 1868 expositionem.

628 1998 789 2052 Vers.
823 1997 910 2051 11.
937 1996 1018 2052 Et
1044 2026 1111 2037 —
1130 1996 1368 2052 multos.
1401 1994 1685 2068 Superius
1705 1993 1780 2050 de
1810 1993 1882 2051 iis
1906 1992 2069 2061 dixit,
2104 1992 2209 2067 qui

561 2102 625 2143 se
640 2086 896 2143 Christos
927 2101 1055 2143 esse
1081 2085 1345 2157 ﬁngent:
1380 2101 1541 2142 nunc
1568 2090 1770 2141 autem
1819 2085 1892 2139 de
1918 2082 2014 2139 his
2045 2084 2206 2152 dicit,

560 2176 663 2250 qui
680 2192 741 2232 se
754 2175 1108 2249 prophetare
1123 2175 1515 2232 simulabunt.
1530 2175 1692 2231 Tunc
1705 2173 1868 2230 enim
1882 2172 2049 2230 multi
2064 2172 2209 2231 tales

561 2266 816 2334 fuerunt,
837 2281 975 2322 cum
1006 2264 1199 2322 adhuc
1221 2265 1387 2323 initia
1411 2268 1611 2323 essent
1639 2262 2099 2337 praedicationis.

632 2464 797 2521 Vers.
833 2466 923 2518 12.
948 2462 1027 2518 Et
1055 2462 1473 2519 —multorum.
1526 2464 1594 2517 Et
1638 2460 1753 2519 hoc
1801 2460 2209 2518 miserrimum

561 2555 670 2620 est,
702 2552 867 2625 quod
896 2568 1085 2626 neque
1125 2551 1204 2608 ab
1243 2552 1571 2610 amicorum
1601 2551 1914 2609 dilectione
1941 2550 2211 2608 consola-

559 2642 784 2699 tionem
812 2641 1075 2699 habituri
1120 2646 1278 2699 sunt.
1330 2642 1584 2709 Quidam
1624 2646 1821 2699 autem
1851 2640 2081 2713 ἀγάπην,
2122 2640 2207 2696 di-

560 2732 891 2800 lectionem,
929 2732 1229 2789 nominari
1267 2731 1543 2789 dixerunt
1586 2729 2073 2804 hospitalitatem,
2110 2729 2209 2787 alii

559 2838 703 2880 vero
754 2822 1237 2896 compassionem
1293 2837 1307 2879 :
1366 2821 1501 2877 vide
1579 2825 1727 2894 quot
1805 2820 2069 2893 pericula
2126 2819 2209 2876 eis

559 2912 917 2986 praedixerit,
940 2912 1017 2967 ad
1046 2911 1252 2968 omnia
1280 2925 1596 2980 exacuens,
1620 2915 1678 2968 et
1706 2910 1785 2968 ad
1812 2908 2210 2981 magnanimi-

558 3005 740 3058 tatem
765 3000 1080 3070 roborans,
1113 3015 1183 3057 ac
1212 2998 1745 3058 confortationibus
1787 3000 2210 3059 adamantinos

558 3089 839 3147 reddens.

631 3178 797 3236 Vers.
834 3180 925 3237 13.
994 3178 1103 3247 Qui
1146 3183 1342 3239 autem
1377 3211 1444 3223 -—
1474 3180 1667 3238 salvus
1698 3181 1832 3238 erit.
1863 3180 1995 3240 Hoc
2030 3178 2207 3237 etiam

560 3268 789 3326 dictum
816 3274 903 3326 est
948 3269 1183 3327 decimo
1220 3286 1383 3327 nono
1430 3271 1641 3343 capite,
1689 3275 1746 3328 et
1776 3269 1859 3327 ibi
1892 3268 2210 3327 manifesta

559 3359 889 3417 admodum
915 3358 1054 3416 data
1084 3364 1168 3416 est
1193 3360 1617 3434 interpretatio.

631 3450 797 3506 Vers.
826 3450 908 3505 14.
941 3451 1019 3506 Et
1046 3450 1474 3522 prcedicabitur
1503 3480 1570 3491 —
1599 3450 1762 3507 orbe.
1798 3448 1940 3505 Hinc
1963 3448 2209 3506 demon-

561 3539 945 3613 stravitquod
958 3540 1121 3596 nulla
1151 3539 1416 3612 pericula
1440 3538 1933 3612 praedicationem
1968 3554 2208 3611 supera-

561 3629 728 3701 bunt,
753 3634 809 3686 et
837 3628 919 3685 ita
949 3646 1233 3702 magnam
1264 3628 1750 3701 praedicatoribus
1777 3628 1972 3699 injecit
2003 3643 2211 3685 conso-

558 3718 866 3784 lationem,
893 3719 1054 3789 quod
1080 3720 1198 3774 voti
1216 3720 1306 3774 sui
1332 3722 1635 3790 compotes
1662 3721 1834 3773 erunt
1860 3733 1873 3774 :
1898 3718 2040 3789 quia
2063 3716 2211 3773 nihil

562 3808 648 3865 eis
701 3808 806 3866 erit
847 3808 1157 3865 obstaculo
1197 3808 1246 3864 si
1300 3808 1482 3864 modo
1526 3807 1923 3864 toleraverint.
1983 3810 2210 3865 Marcus

561 3902 760 3957 autem
776 3897 1149 3955 manifestius
1162 3897 1305 3954 dixit
1318 3914 1335 3954 :
1348 3899 1424 3953 Et
1436 3897 1498 3953 in
1529 3913 1723 3955 omnes
1734 3905 1933 3970 gentes
1948 3898 2211 3970 primum

562 3994 789 4060 oportet
816 3987 1143 4059 praedicare
1166 3986 1547 4059 Evangetium
1574 3988 1640 4044 ".

632 4078 801 4135 Vers.
846 4080 928 4132 14.
956 4076 1029 4133 In
1051 4107 1119 4116 —
1144 4076 1428 4148 gentibus.
1462 4076 1551 4132 Ad
1580 4075 2082 4147 redargutionem,
2133 4076 2212 4134 ad

564 4167 1003 4224 accusationem
1023 4182 1228 4223 eorum
1245 4165 1347 4239 qui
1364 4181 1486 4223 non
1504 4165 1858 4223 crediderint
1886 4184 1898 4235 ;
1916 4182 1990 4223 ne
2013 4166 2212 4224 dicere

564 4257 788 4331 possint
815 4256 875 4312 in
905 4256 1000 4311 die
1030 4253 1239 4327 judicii
1269 4272 1281 4311 :
1311 4254 1799 4312 Prmdicationem
1824 4271 1947 4312 non
1978 4255 2211 4313 audivi-

2316 442 2411 499 διὰ
2491 454 2584 508 τὴν
2671 449 2926 531 διαφορὰν
3002 463 3093 515 τῆς
3177 459 3399 525 πίστεως,
3441 442 3593 531 ἤγουν,
3654 466 3689 516 οἱ
3729 473 3771 539 μὲ

2316 540 2646 603 πιστεύοντες
2670 546 2799 618 πρὸς
2824 546 2946 608 τοὺς
2971 546 3315 607 πιστεύοντας.

2389 632 2488 681 Καὶ
2553 662 2621 671 --
2670 638 2989 704 μισήσουσιν
3043 633 3289 695 ἀλλήλους.
3367 639 3553 710 Μάρκος
3598 636 3643 693 δι
3685 663 3772 714 φαρε-

2314 720 2535 791 ρώτερον
2632 717 2787 789 εἶπεν,
2846 724 2925 775 ὄτι
3005 719 3307 797 Παραδώσει
3378 722 3568 799 ἀδελφὸς
3630 725 3771 801 ἀδελφὸν

2318 804 2385 867 εἰς
2470 809 2705 877 θάνατόν,
2814 817 2903 865 καὶ
2975 818 3148 887 πατὴρ
3195 817 3371 882 τέκνον,
3436 820 3515 868 καὶ
3574 816 3774 879 ἐπαναστή-

2320 913 2499 948 σονται
2581 902 2733 953 τέκνα
2790 900 2875 955 ἐπὶ
2946 909 3112 974 γονεῖς
3187 908 3271 955 καὶ
3344 905 3668 959 θανατώσουσιν
3722 910 3775 961 αὖα

2316 988 2462 1048 τούς.
2521 988 2668 1053 Εἰκὸς
2722 993 2823 1065 γὰρ
2880 994 3051 1045 πάντα
3126 994 3369 1064 γενέσθαι,
3422 993 3460 1045 εἰ
3508 999 3583 1047 καὶ
3615 1001 3667 1068 μὴ
3704 1002 3775 1072 πιρὶ

2318 1077 2520 1129 πάντων
2594 1077 2918 1154 λεπτομεροῦς
3020 1083 3049 1139 ἡ
3134 1079 3309 1154 βίϐλος
3388 1078 3669 1155 διαλαμϐάνει
3716 1092 3774 1136 τῶν

2320 1166 2579 1240 Προέξεων.
2654 1173 2753 1224 Καὶ
2827 1171 2852 1223 6
2906 1175 3111 1232 Λουκᾶς
3181 1166 3238 1225 δέ
3296 1191 3457 1246 φησιν,
3506 1174 3570 1225 ὅτι
3618 1170 3777 1246 Παραδο-

2320 1257 2545 1315 θὴσεσθε
2618 1263 2705 1311 καὶ
2760 1260 2859 1311 ὑπὸ
2937 1263 3124 1331 γονέων
3206 1266 3291 1313 καὶ
3346 1269 3572 1333 συγγενῶν
3641 1268 3777 1334 καὶφέ-

2315 1345 2414 1399 λων
2450 1352 2539 1400 καὶ
2594 1349 2704 1421 (20)
2760 1345 3015 1423 ἀδελφῶν,
3080 1354 3171 1403 καὶ
3211 1352 3560 1403 θανατώσουσιν
3602 1350 3644 1414 ἕξ
3675 1352 3776 1423 ὑμῶν.

2320 1442 2534 1508 Προεῖπε
2576 1441 2673 1511 γὰρ
2730 1446 2837 1501 τοῖς
2883 1440 3146 1511 μαθηταῖς
3176 1441 3201 1491 6
3247 1442 3459 1515 Χριστὸς
3505 1446 3579 1493 καὶ
3613 1446 3716 1492 τουτὶ
3746 1443 3778 1491 τὸ

2316 1527 2518 1577 πάντων
2568 1522 2882 1596 δεινότατον,
2941 1530 3018 1580 ὅτι
3071 1532 3156 1581 καὶ
3238 1530 3332 1581 ὑπὸ
3406 1536 3491 1582 τῶν
3553 1529 3778 1581 οἰκειοτάτων

2318 1614 2790 1689 πολεμηθὴσονται,
2858 1618 2940 1670 ἶνα
2994 1620 3343 1691 προμαθόντες
3403 1617 3707 1691 ἑτοιμασθᾶηιν
3739 1618 3780 1678 tt;

2319 1706 2601 1777 ὑπομονὴν,
2633 1710 2720 1758 καὶ
2762 1705 2939 1759 λοιπὸν
2985 1711 3286 1783 κουφότερον
3327 1711 3381 1760 τό
3424 1703 3567 1761 δεινὸν
3598 1706 3774 1777 ivi-7mm.

2316 1801 2496 1848 Ταῦτα
2547 1792 2607 1849 δὲ
2643 1797 2814 1849 πάντα
2868 1804 3107 1870 προεῖπεν
3161 1797 3329 1859 αὐτοῖς
3368 1801 3449 1849 καὶ
3494 1795 3533 1850 ἂν
3582 1804 3638 1867 τῷ
3679 1794 3775 1847 ἐννα-

2318 1882 2611 1957 καιδεκάτῳ
2665 1885 2943 1960 κεφαλαίῳ,
3001 1890 3091 1939 καὶ
3151 1886 3373 1949 ζήτησον
3424 1884 3554 1938 κάκεῖ
3610 1888 3677 1942 τὴν
3708 1887 3777 1955 περὶ

2318 1976 2511 2027 τούτων
2539 1973 2807 2047 ἐξήγησιν.

2393 2069 2493 2118 Καὶ
2547 2097 2612 2105 -
2656 2064 2898 2127 πόλλούς.
2994 2064 3253 2136 ’Δνωτίρω
3326 2066 3409 2138 μεν
3461 2062 3561 2137 περί
3603 2070 3676 2114 τῶν
3704 2062 3782 2111 ὑπο·

2318 2158 2625 2227 κρινομένων
2692 2157 2778 2208 τόν
2877 2157 3104 2230 Χριστόν
3165 2151 3315 2208 εἶπεν·
3382 2153 3573 2206 ενταῦθα
3621 2147 3664 2203 οέ

2318 2248 2436 2319 περὶ
2483 2253 2581 2297 τῶν
2658 2244 3068 2318 ὐποκρινομένων
3144 2246 3482 2319 προφητεύειν.
3552 2240 3689 2294 Πολλοὶ
3722 2242 3782 2309 γὰρ

2319 2341 2547 2388 τοιοῦτοι
2588 2338 2705 2389 τότε
2751 2339 3048 2409 γεγόνασιν,
3104 2332 3280 2408 ἀρχὴν
3332 2335 3403 2386 ἔτι
3448 2338 3527 2385 τοῦ
3560 2330 3783 2403 κηρύγματος

2320 2423 2507 2495 ἔχοντο
2518 2444 2555 2486 ς.

2392 2517 2493 2566 Καὶ
2548 2544 2617 2555 -
2692 2512 2911 2569 πολλῶν.
2992 2517 3092 2568 Καὶ
3160 2519 3309 2567 τοῦτο
3362 2507 3679 2584 χαλεπώτατον,
3736 2504 3785 2554 δτι

2318 2598 2442 2656 οὐδε
2484 2606 2578 2662 τὴν
2628 2601 2729 2656 ἀπὸ
2782 2610 2874 2664 τῆς
2910 2600 3117 2676 ἀγάπης
3171 2603 3486 2678 παραμυθίαν
3529 2597 3676 2662 ἕξουσι.
3696 2594 3783 2650 Τινὲς

2321 2686 2380 2745 6‘s
2452 2689 2659 2763 ἀγάπην
2761 2689 2981 2745 ἇνταῦθα
3078 2696 3175 2751 τὴν
3266 2689 3520 2765 φιλοξενίαν
3583 2688 3781 2754 ὠνόμασεν

2320 2781 2482 2855 ἕτεροι
2532 2777 2611 2849 δι,
2661 2784 2756 2840 τὴν
2805 2782 3151 2854 συμπάθειαν.
3208 2779 3358 2858 Ὀρα,
3389 2782 3511 2832 πόσα
3539 2770 3649 2828 δεινὰ
3676 2771 3787 2840 spati-

2248 2881 2289 2940 C
2320 2889 2408 2922 πεν
2491 2869 2684 2938 αὐτοῖς,
2760 2872 3081 2944 παραθήγων
3150 2870 3227 2935 εἰς
3311 2874 3481 2933 πάντα,
3532 2869 3598 2915 καὶ
3648 2862 3789 2927 Nolui"

2320 2958 2388 3020 εἷς
2442 2959 2728 3032 εὐψυχίαν,
2810 2965 2898 3014 καὶ
2955 2966 3067 3026 ταῖς
3124 2958 3459 3039 ἓπιρῥὼσεσιν
3518 2948 3792 3026 ἀδαμαντίνως

2319 3048 2743 3123 ἀπεργαζόμενος
2756 3093 2769 3106 .

2388 3175 2447 3228 ’0
2493 3172 2551 3230 δι
2597 3206 2667 3217 -
2720 3176 3041 3235 σωθήσεται.
3095 3177 3319 3249 Εἴρηται
3380 3177 3457 3225 καὶ
3522 3172 3639 3223 τοῦτο
3687 3159 3791 3224 ἓντῷ

2320 3261 2775 3337 ἐννεακαιδεκάτῳ,
2862 3263 3144 3338 κεφαλαίῳ,
3211 3269 3302 3317 καὶ
3375 3256 3671 3335 διηρμηντύθη
3708 3250 3789 3301 me“

2323 3364 2493 3428 σαφῶς
2519 3353 2641 3409 ἐκεῖ.

2394 3450 2494 3499 Καὶ
2592 3444 2997 3519 κηρυχθήσεται
3107 3473 3176 3483 —
3281 3441 3551 3513 οἰκουμένῃ.
3625 3441 3788 3523 fama

2320 3531 2530 3604 ἔδειξεν,
2587 3535 2667 3586 ὅτι
2743 3528 2893 3586 οὐδεν
2970 3540 3069 3586 τῶν
3149 3527 3334 3586 δεινῶν
3388 3530 3706 3605 περιγενήσεται
3736 3531 3789 3565 τον

2318 3626 2669 3697 κηρύγματος,
2723 3626 2813 3676 καὶ
2867 3621 3058 3680 πολλὴν
3106 3622 3243 3675 οὕτω
3282 3629 3385 3683 τοῖς
3438 3616 3598 3690 κήρυξι
3636 3622 3790 3697 παρέξω·

2321 3694 2710 3780 θίάν-ἶνέϐαλε,
2787 3711 3284 3787 πληροφορηθεῖσιν,
3367 3713 3443 3762 ότι
3512 3702 3630 3758 οὑὸὶν
3684 3694 3790 3795 eritcf;

2321 3800 2619 3877 ἕμποδίσει,
2673 3800 2757 3855 ἐὰν
2816 3807 2970 3873 μόνον
3044 3798 3146 3854 ὦσι
3231 3802 3531 3877 καρτερικοί.
3573 3792 3725 3861 Μάρκος

2322 3898 2660 3968 φανερώτερον
2714 3890 2869 3958 εἶπεν,
2922 3893 3002 3945 ὅτι
3065 3896 3166 3945 Καὶ
3219 3891 3293 3953 εἰς
3343 3891 3503 3943 πάντα
3543 3885 3595 3936 τὰ
3641 3879 3721 3931 ἔθνη
3746 3864 3789 3919 δδι

2320 3992 2522 4058 πρῶτον
2552 3983 2891 4058 κηρυχθῆναι
2919 3984 2977 4033 τό
3002 3979 3338 4053 Εὗαγγέλιον.

2393 4082 2483 4143 Εἰς
2532 4110 2599 4121 -
2649 4082 2864 4134 ἓθνεσιν.
2921 4078 3005 4141 Εἰς
3044 4078 3282 4152 ἔλεγχον,
3347 4076 3411 4139 ιίς
3452 4069 3709 4157 κατηγορίαν

2320 4176 2391 4246 μὴ
2449 4172 2862 4239 πιστευσάντων,
2920 4170 3003 4221 ἵνα
3047 4173 3120 4242 μη
3165 4166 3425 4222 δύνωνται
3465 4164 3605 4234 λέγειν
3643 4154 3795 4220 ita???

2322 4266 2559 4337 κρίσεως,
2620 4261 2700 4313 ὅτι
2744 4259 2837 4313 οὐκ
2888 4262 3122 4318 ἤκουσαν
3173 4265 3270 4312 τοῦ
3320 4258 3640 4330 κηρύγματοςο
3662 4246 3794 4311 519"”

3625 3425 3789 3485 Ἐντεῦθεν

562 4319 719 4405 inus.
754 4346 981 4402 Dictum
1010 4319 1098 4399 est
1121 4344 1299 4401 etiam
1321 4344 1391 4400 de
1412 4344 1526 4401 hoc
1552 4344 1787 4400 decimo
1812 4360 1973 4402 nono
2004 4344 2185 4418 capite

2355 4319 2363 4337 .
2529 4319 2557 4326 --
3388 4319 3399 4330 .
3458 4319 3494 4327 ..

2325 4349 2384 4405 δε
2410 4355 2500 4403 καὶ
2523 4356 2674 4403 τοῦτο
2696 4348 2743 4402 ἕν
2774 4357 2846 4421 τῷ
2876 4344 3315 4421 ἐννεακαιδεκάτῳ
3343 4342 3602 4418 κεφαλαίῳ.

636 4440 790 4493 Vers.
823 4440 904 4491 14.
935 4435 1012 4491 Et
1038 4435 1556 4491 —consummatio.
1589 4434 2044 4491 Consummatio
2070 4440 2216 4491 tem-

562 4527 644 4601 pli
684 4532 739 4583 et
766 4524 1118 4595 Jerusalem,
1140 4528 1204 4581 ut
1228 4523 1634 4597 praediximus.
1668 4524 1821 4582 Dicit
1842 4540 2020 4597 ergo:
2053 4526 2215 4580 Post-

564 4632 750 4689 quam
799 4616 957 4672 iacta
1008 4614 1224 4671 fuerint
1281 4615 1560 4671 universa
1613 4630 1749 4687 quas
1780 4614 1940 4669 dicta
1970 4618 2128 4682 sunt,
2160 4618 2217 4672 et

564 4709 880 4776 postquam
897 4706 1275 4777 praedicatum
1288 4704 1463 4761 fuerit
1475 4704 1849 4774 Evangelium
1865 4704 1925 4761 in
1941 4704 2215 4762 universo

566 4792 733 4863 orbe,
765 4798 907 4850 tunc
928 4792 1122 4850 veniet
1137 4794 1361 4852 Judmis
1376 4794 1728 4852 omnimoda
1745 4795 2018 4868 perditio.
2044 4796 2216 4863 Quod

566 4887 767 4941 autem
799 4883 1135 4958 priusquam
1160 4891 1507 4959 caperentur
1533 4886 1950 4958 Hierosolyma
2002 4887 2215 4962 praedi-

568 4978 765 5033 catum
796 4973 867 5032 sit
895 4974 1285 5043 Evangelium
1316 4991 1422 5050 per
1473 4980 1663 5032 totum
1711 4976 2031 5040 mundum,
2069 4976 2217 5035 dixit

567 5064 792 5124 Paulus
815 5064 1265 5135 :Fructiﬁcavit,
1284 5065 1493 5139 inquit,
1518 5081 1590 5125 ac
1605 5066 1789 5123 crevit
1804 5066 1867 5123 in
1884 5067 2040 5123 omni
2060 5082 2216 5125 crea-

643 5246 687 5281 ⁴ι
720 5246 893 5302 Marc.
925 5259 1047 5309 xm,
1080 5246 1166 5299 12.

3721 4432 3799 4456 {653‘

2397 4445 2497 4496 Καὶ
2534 4472 2602 4481 -——
2648 4438 2807 4501 τελος.
2864 4441 2933 4491 Τὸ
2986 4436 3121 4499 τελος
3168 4444 3266 4490 τοῦ
3317 4442 3439 4488 ναοῦ
3473 4434 3553 4484 καὶ
3589 4434 3659 4483 τῆς
3703 4424 3785 4487 1⁵9⁵³

2328 4529 2523 4603 σαλὴμ,
2569 4531 2633 4590 ὡς
2661 4531 2971 4601 προέφημεν.
3028 4531 3184 4598 Λέγει
3231 4530 3423 4593 τοίνυν,
3462 4522 3535 4575 ὅτι
3579 4509 3680 4590 μιτᾶ
3700 4512 3800 4603 Ti?“

2324 4623 2503 4674 νέσθαι
2550 4621 2615 4672 τὰ
2660 4618 2883 4693 ῥηθέντα
2938 4616 3126 4684 πάντα,
3192 4620 3286 4668 καὶ
3322 4615 3449 4688 μετὰ
3484 4611 3536 4661 τὸ
3569 4597 3800 4693 κηριζχθυῗί

2325 4714 2382 4764 τὸ
2428 4708 2735 4781 ΕὑαΊἹέλιον
2785 4705 2832 4759 έν
2885 4705 2975 4779 θη
3035 4713 3098 4779 τῇ
3155 4704 3452 4778 οἰκουμένη,
3493 4703 3595 4751 τότε
3628 4689 3709 4753 ἥξει
3740 4696 3800 4782 τοῖς

2326 4780 2601 4859 Ἰουδαίοις
2674 4798 2700 4850 6
2776 4795 3028 4858 παντελὴς
3105 4794 3333 4869 ὄλεθρος.
3402 4792 3513 4844 Ὀτι
3562 4780 3803 4871 δεπρὸρτΐί

2326 4890 2561 4953 ἀλώσέως
2635 4894 2730 4948 τῆς
2794 4883 3135 4963 Ἰερουσαλὴμ
3182 4882 3452 4957 ἐκηρύχθη
3496 4878 3546 4929 τὸ
3594 4869 3802 4965 Hirpini?

2327 4979 2396 5043 εἰς
2444 4978 2558 5032 ὅλον
2613 4979 2698 5029 τὸν
2756 4955 2974 5048 κόσμον,
3030 4977 3229 5049 εἴρηκεν
3279 4974 3307 5025 6
3366 4967 3573 5035 Παῦλος,
3622 4962 3687 5049 ὅτι
3722 4955 3806 5042 ἐστι

2325 5068 2805 5143 καρποφορούμενον
2859 5045 2994 5137 ⁷(21)
3075 5045 3173 5117 καί
3247 5058 3570 5131 αὐξανόμενον
3641 5045 3678 5099 ἓν
3721 5048 3805 5099 πίτῖέ

1248 5244 1294 5280 ⁴²
1320 5246 1459 5303 Luc.
1499 5262 1619 5312 xxi,
1658 5248 1739 5301 16.
1818 5247 1866 5281 ⁴⁸
1906 5248 2077 5303 Marc.
2109 5262 2235 5318 xm,
2265 5249 2348 5305 10.

1681 5416 1905 5486 Variae
1936 5417 2261 5487 lectiones
2288 5425 2355 5486 et
2393 5423 2595 5484 notas.

573 5661 613 5717 ι
646 5588 756 5717 (ἕο)
781 5589 866 5647 Ita
895 5585 1073 5647 etiam
1090 5587 1338 5660 uterque
1363 5584 1549 5645 codex
1590 5586 1829 5647 ordinat
1849 5588 1911 5647 in
1940 5591 2219 5649 contextu

616 5676 655 5717 ιι
692 5676 764 5717 aa.

616 5676 764 5718 ιιοω.

2400 5587 2507 5716 S21)
2553 5583 3004 5656 Chrysostomus
3039 5578 3167 5638 haec
3191 5579 3405 5637 tractat
3440 5580 3479 5631 t.
3509 5572 3607 5627 VII.
3631 5579 3678 5637 ρ.
3702 5546 3817 5631 72⁵9

2432 5672 2544 5716 ocs
2573 5654 2790 5716 similia
2812 5651 3141 5716 contundit.
3158 5653 3328 5712 Hunc
3347 5661 3503 5716 ergo,
3533 5652 3636 5702 non
3654 5626 3816 5689 οοωεθί

2330 5663 2387 5718 et
2409 5651 2544 5720 loca
2573 5651 2790 5716 sitnilia
2812 5651 3141 5717 contundit.
3158 5653 3328 5712 Hunc
3347 5661 3503 5720 ergo,
3533 5652 3636 5702 non
