3904 6210
68 260 164 317 609

1017 255 1382 318 COMMENT.
1425 257 1498 314 IN
1540 251 1983 317 MATTHEUM.
2025 293 2092 305 —
2132 260 2291 321 CAP.
2327 258 2528 319 XXIV.

3327 268 3432 324 610

75 395 132 459 τῇ
192 388 368 438 κτίσει
435 391 497 457 τῇ
575 383 667 437 ὑπ’
723 383 956 459 οὐρανόν.
1030 384 1090 440 Εἰ
1159 388 1259 462 γὰρ
1332 384 1481 446 αὐτὸς
1564 381 1696 436 ἀπὸ⁴

1861 399 1913 442 'a
1942 403 2068 458 quae
2087 387 2196 444 sub
2228 388 2366 445 caelo
2396 395 2478 445 est
2505 388 2574 444 “.
2631 387 2687 445 Si
2721 387 2880 444 enim
2928 387 3059 460 ipse
3093 404 3128 446 a
3160 390 3432 449 Hieroso-

74 474 414 549 Ἰερουσαλὴμ
460 473 530 536 εἰς
598 471 867 529 Ἱσπανίαν
943 473 1207 550 ἐκήρυξεν,
1275 474 1512 534 ἐννόησον
1579 478 1668 526 καὶ

1861 473 1950 529 nis
2003 492 2191 549 usque
2243 477 2322 533 ad
2373 476 2715 549 Hispaniam
2765 476 3121 548 praedicavit,
3184 480 3433 552 concipe

75 569 177 638 περὶ
222 573 328 616 τῶν
383 563 546 616 ἄλλων
577 560 900 634 ἀποστόλων,
931 565 1064 639 ἄχρι
1121 569 1286 618 πόσου
1360 560 1666 638 διέδραμον.

72 656 156 706 Διὰ
200 659 364 706 τοῦτο
423 647 484 705 δέ
532 655 663 725 μετὰ
711 655 770 705 τὸ
825 655 1166 726 κηρυχθῆναι
1239 657 1298 706 τὸ
1362 651 1670 724 Εὐαγγελιον

74 748 345 813 πανταχοῦ
379 750 475 804 τῆς
503 743 805 814 οἰκουμένης
866 739 1176 794 ἀπόλλυνται
1195 726 1269 795 ’τὰ
1319 739 1670 815 Ἱεροσόλυμα,

76 832 148 883 ἶνα
171 826 320 905 μηδὶ
356 833 512 884 σκιὰν
571 828 858 904 ἀπολογίας
909 833 1106 903 ἕγωσιν
1166 827 1434 897 Ἰουδαῖοι,
1485 832 1674 883 τοσαύο

73 925 153 978 τὴν
181 917 394 982 ἰδόντες
435 923 531 979 τήν
581 915 804 992 δύναμιν
841 928 933 973 τοῦ
989 923 1343 994 κηρύγματος,
1375 921 1440 981 ὡς
1470 918 1518 972 έν
1545 917 1675 994 βρα-

73 1017 152 1081 χιί
200 1014 390 1063 πᾶσαν
421 1006 728 1083 έπιδραμεῖν
778 1013 873 1069 τὴν
917 1009 1241 1082 οἰκουμένην,
1284 1014 1374 1062 καὶ
1398 1015 1674 1080 πανταχοῦ

72 1098 295 1172 λάμψαι,
330 1102 424 1151 καὶ
465 1103 809 1172 μεμενηκότες
855 1097 939 1152 ἐπὶ
994 1107 1084 1162 τῆς
1111 1099 1276 1162 αὐτῆς
1307 1098 1558 1161 ἀπιστίας
1585 1102 1674 1151 καὶ

75 1189 419 1262 ἀγνωμοσύνη
430 1209 472 1251 ς.

137 1278 310 1332 Ὀταν
384 1275 468 1332 οὖν
571 1309 639 1320 -
723 1282 920 1333 νοείτω.
998 1275 1275 1354 Βδέλυγμα
1363 1286 1450 1332 νῦν
1539 1277 1675 1352 λέγει

72 1371 152 1420 τόν
207 1363 502 1442 ἀνδριάντα
526 1373 618 1420 τοῦ
663 1372 843 1435 Τίτου,
894 1367 969 1436 ὃν,
1006 1367 1126 1421 ἐλὼν
1163 1373 1255 1427 τὴν
1309 1367 1477 1438 πόλιν,
1525 1369 1676 1426 έστη-

73 1476 149 1510 σεν
231 1456 284 1509 ἓν
363 1465 476 1520 τοῖς
537 1454 752 1520 ἀδύτοις
817 1465 910 1511 τοῦ
969 1465 1114 1515 ναοῦ.
1183 1455 1525 1530 Βδελύγματα
1571 1460 1673 1533 γὰρ

74 1548 302 1620 ὁνόμος
376 1546 612 1620 ὠνόμαζε
684 1549 752 1600 τὰ
823 1555 1044 1600 τοιαῦτα
1120 1550 1523 1622 άφομοιώματα.
1573 1554 1676 1609 Τῆς

72 1635 385 1710 ἐρημώσεως
451 1632 510 1690 δι
564 1644 720 1689 τοῦτο
787 1636 1023 1709 κέκληκε,
1089 1633 1250 1705 διότι,
1324 1635 1675 1712 έρημουμένου

75 1735 155 1778 τοῦ
211 1734 348 1779 ναοῦ
415 1731 508 1778 καὶ
555 1735 647 1788 τῆς
696 1726 912 1796 πόλεως,
971 1729 1096 1786 ἔστη
1145 1734 1300 1780 τοῦτο
1356 1743 1369 1758 ’
1438 1731 1469 1787 ἦ
1535 1724 1678 1780 διότι
1713 1743 1754 1798 Β

77 1823 153 1867 τοῦ
229 1814 605 1890 έρημὼσαντος
675 1815 809 1869 αύτά
872 1811 934 1874 ἧν
998 1817 1031 1875 ἡ
1089 1815 1236 1869 εἰκών
1289 1815 1401 1888 (22)
1432 1858 1444 1871 .
1485 1819 1554 1869 Τό
1596 1813 1674 1888 δε,

74 1903 265 1978 Ὀτανξ1
297 1901 477 1977 ἴδητε,
508 1901 654 1958 δοκεῖ
703 1907 794 1977 μὲν
838 1905 1066 1980 ῥηθῆναι
1121 1908 1253 1978 πρὸς
1301 1907 1418 1966 τοὺς
1457 1903 1680 1959 ἀποστό-

77 1991 184 2056 λους
215 2008 234 2025 ⁸
270 1997 482 2068 φέρεται
524 1989 586 2046 δε
626 1997 756 2066 πρὸς
778 1997 901 2057 τοὺς
942 1991 1257 2061 Ἰουδαίους,
1306 1993 1387 2047 ἵνα
1416 1996 1676 2068 μάθωσιν,

74 2084 142 2134 ὅτι
164 2083 274 2138 ὁύκ
317 2082 390 2144 εἰς
414 2086 640 2160 μακρὰν,
693 2081 822 2136 ἀλλὰ
851 2083 1056 2146 ζώντων
1094 2083 1264 2136 αύτῶν
1311 2086 1370 2136 τὸ
1403 2079 1682 2157 βδέλυγμα

75 2178 352 2231 στήσεται.
422 2174 490 2225 Οἱ
547 2171 827 2226 απόστολοι
904 2173 1005 2248 γὰρ
1085 2175 1312 2246 ἔφθασαν
1381 2175 1677 2246 προαποθαο

71 2267 238 2324 wine;
331 2263 386 2315 οἱ
463 2260 692 2329 πλείους,
767 2267 858 2316 καὶ
923 2264 1040 2316 ὅσοι
1107 2259 1165 2316 δι
1227 2261 1678 2336 περιελίεφθησαν,

73 2351 112 2402 ὲν
145 2351 334 2413 ἄλλοις
367 2359 656 2410 τηνικαῦτα
696 2356 877 2428 μέρεσι
922 2359 1014 2414 τῆς
1039 2351 1344 2425 οἰκουμένης
1396 2348 1675 2428 διέτριϐον.

74 2441 390 2516 Παρέπεμψε
419 2437 478 2494 δε
517 2440 709 2503 αὐτοὺς
755 2441 842 2494 έπὶ
871 2445 958 2494 τόν
1007 2441 1219 2506 Δανιὴλ,
1249 2444 1682 2516 προφητεύσαντα

73 2535 178 2604 πιρὶ
239 2537 334 2583 τοῦ
387 2534 628 2584 τοιούτου
698 2527 1085 2604 βδελύγματος,
1137 2534 1228 2584 καὶ
1291 2537 1383 2584 τοῦ
1436 2530 1671 2606 ὀλέθρου,

71 2625 216 2686 Ton,
270 2624 453 2691 γησὶν,
486 2621 512 2672 ὁ
549 2617 921 2692 ἀναγινώσκων
971 2625 1066 2680 τὴν
1123 2618 1304 2693 βίϐλον
1345 2627 1436 2673 τοῦ
1469 2621 1677 2687 Δανιὴλ,

71 2714 258 2762 νοείτω
302 2707 584 2763 έπιστοὶντα
630 2713 720 2763 τόν
777 2709 1001 2785 ὄλεθρον.
1056 2709 1115 2760 ⁸0
1155 2706 1216 2763 δι
1261 2715 1465 2772 Λουκᾶς
1512 2711 1680 2784 ἕτερον

81 2803 304 2870 σημεῖόν
330 2817 504 2870 γησιν,
532 2800 612 2852 ὅτι
638 2799 800 2852 Ὀταν
829 2795 983 2858 ἴδητε
1006 2798 1359 2872 κυκλουμένην
1396 2803 1497 2853 ὑπὸ
1526 2819 1677 2874 στραα

75 2883 314 2940 τοπέδων
339 2892 434 2947 τὴν
460 2887 824 2964 Ἰερουσαλὴμ,
870 2892 987 2941 τότε
1009 2896 1192 2960 γνῶτε,
1225 2889 1306 2941 ὅτι
1330 2889 1449 2947 ἧκεν
1487 2890 1517 2947 ἠ
1561 2887 1679 2964 έρή-

77 2994 248 3046 μπσις
291 2975 482 3039 αὐτῆς.
531 2981 771 3031 Φαίνεται
801 2973 910 3044 οὖν,
944 2979 1026 3032 ὅτι
1055 2982 1145 3031 καὶ
1196 2979 1465 3053 ἀμφότερα
1491 2979 1626 3032 εἶπεν
1654 2981 1679 3032 ό

77 3069 326 3137 Χριστός.

141 3160 273 3208 Τότε
303 3185 375 3196 -
403 3153 489 3208 ἐπὶ
534 3157 602 3208 τὰ
647 3159 768 3232 ὄρη.
813 3155 984 3210 Εἰπὼν
1025 3160 1145 3232 περὶ
1201 3163 1300 3209 τῶν
1351 3165 1522 3210 κακῶν
1581 3165 1680 3211 τῶν

75 3243 518 3317 καταληψομένων
573 3247 641 3299 τὰ
685 3244 1038 3319 Ἱεροσόλυμα,
1097 3250 1182 3299 ναὶ
1246 3250 1350 3319 μὴν
1409 3251 1500 3300 καὶ
1561 3251 1681 3322 περὶ

78 3339 171 3383 τῶν
199 3333 406 3386 πολλῶν
439 3337 531 3387 καὶ
560 3334 808 3388 ποικίλων
861 3343 1170 3410 πειρασμῶν
1211 3343 1310 3388 τῶν
1355 3334 1675 3405 ἀποστόλων,

77 3423 148 3473 in
177 3417 242 3475 δέ
269 3427 362 3476 καὶ
409 3428 530 3497 περὶ
575 3431 668 3484 τῆς
716 3421 1018 3485 ὠοδὼσεως
1066 3433 1159 3477 τοῦ
1195 3428 1553 3500 κηρύγματος,
1599 3427 1680 3479 ὅτι

77 3508 478 3582 ὸεμποδίστως
540 3519 716 3566 πᾶσαν
772 3509 1144 3589 έπιδραμεῖται
1208 3533 1300 3574 την
1356 3515 1678 3588 οἰκουμένην,

78 3596 212 3670 λέγει
273 3602 432 3656 πάλιν
497 3607 616 3676 περὶ
675 3611 776 3656 τῶν
844 3599 1146 3656 Ἰουδαϊκῶν
1213 3613 1510 3680 συμφορῶν,
1576 3602 1683 3658 δει-

77 3693 260 3762 κνύων,
321 3693 406 3744 ὃτι
458 3693 580 3745 ὃταν
624 3692 778 3754 αὐτὸς
828 3697 920 3746 καὶ
949 3695 998 3746 οἱ
1029 3695 1263 3766 μαθηταὶ
1296 3693 1456 3746 αὐτοῦ
1487 3714 1682 3748 παντα-

75 3785 186 3849 χοῦ
217 3775 563 3847 δοξάζωνται,
619 3785 736 3834 τότε
791 3781 935 3834 οὗτοι
979 3783 1306 3855 πανταχόθεν
1361 3778 1684 3857 διαφθείρον-

71 3885 192 3922 ται.
250 3873 344 3922 Διά
380 3865 437 3924 δι
494 3879 589 3923 τῶν
656 3867 950 3926 δοκούντων
1005 3881 1204 3946 μικρῶν
1235 3871 1467 3945 ἐμφαίνει
1495 3876 1554 3927 τό
1585 3882 1682 3927 τῶν

73 3957 302 4028 πληγῶν
362 3960 552 4012 ἐκείνων
611 3958 891 4035 ἀφόρητον.
942 3965 1129 4014 Σκόπει
1192 3963 1323 4037 γάρ.
1385 3966 1532 4034 Τότε,
1587 3983 1686 4036 φη-

75 4051 194 4115 σὶν,
229 4047 349 4099 ὅταν
400 4053 455 4101 τό
486 4044 769 4122 βδέλυγμα
837 4058 955 4124 στῇ,
988 4052 1038 4102 οἱ
1088 4048 1136 4102 έν
1161 4057 1224 4123 τῇ
1269 4048 1506 4124 Ἰουδαίᾳ
1567 4055 1686 4107 ἔνθα

69 4136 144 4188 τὰ
174 4134 526 4209 Ἱεροσόλυμα,
585 4143 915 4210 φευγέτωσαν
967 4137 1050 4192 έπὲ
1116 4141 1183 4192 τὰ
1240 4143 1358 4216 ὄρη,
1419 4137 1684 4215 μηδεμίαν

69 4220 274 4277 ἐλπίδα
327 4232 587 4302 σωτηρίας
635 4226 738 4281 ἀπὸ
791 4234 884 4282 τοῦ
942 4232 1247 4303 προσμένειν
1295 4231 1524 4301 ἔχοντες.
1573 4231 1686 4284 Οὐκ

71 4315 239 4366 ἔσται
284 4317 381 4388 γὰρ
408 4314 696 4380 ἀνάκλησις
741 4316 888 4386 ὅλως,
914 4313 1038 4371 οὐδὲ
1083 4316 1340 4390 μεταϐολὴ
1373 4327 1466 4373 τοῦ
1494 4328 1681 4378 κακοῦ.

71 4409 273 4475 Διόπερ
302 4406 569 4476 ἀγαπητόν
598 4409 657 4459 τὸ
689 4409 782 4460 καὶ
806 4414 984 4481 γυμνῷ
1013 4414 1083 4478 τῷ
1109 4412 1314 4480 σώματι
1335 4411 1536 4482 φεύγειν
1559 4409 1684 4484 ἁμε-

69 4498 370 4564 ταστρεπτί
381 4538 393 4551 .

163 4578 234 4631 Ὀ
261 4612 316 4621 -—
344 4589 428 4644 ri;
474 4583 666 4646 όίκεέας
709 4584 897 4642 αὐτοῦ.
955 4586 1051 4638 Διὰ
1091 4588 1177 4640 τὸν
1209 4584 1495 4661 ἀφύλακτον
1546 4590 1686 4643 κάτω

71 4663 343 4737 κίνδωον,
374 4675 457 4726 ἱνα
484 4678 555 4744 μὴ
589 4672 826 4747 ἐμπεσὼν
857 4673 1140 4734 ἀπόληται.

166 4763 359 4812 Καὶ-
401 4764 470 4814 τὰ
517 4764 703 4835 ἱμάτια
754 4763 940 4821 αὐτοῦ.
1005 4769 1064 4818 Ei.
1090 4767 1192 4841 γὰρ
1259 4766 1308 4820 εὶ
1351 4765 1402 4819 έν
1442 4773 1505 4840 τῇ
1541 4767 1686 4822 πόλει

73 4849 338 4922 sati—161m
361 4855 447 4904 τόν
504 4849 650 4906 ἔνδον
690 4853 805 4926 (23)
854 4853 1084 4928 ὄλεθρον,
1131 4855 1301 4928 πολλῷ
1338 4855 1528 4930 μᾶλλον
1557 4860 1607 4912 οἱ
1635 4857 1683 4912 έν

69 4945 214 5000 τοῖς
279 4937 461 5016 ἀγροῖς.
532 4944 685 5017 Παρὰ
748 4938 808 4996 δέ
864 4951 936 5016 τῷ
997 4949 1179 5019 Λουκᾷ
1239 4945 1377 5019 λέγει
1438 4950 1529 5001 καὶ
1587 4952 1684 5008 τὴν

71 5027 270 5081 sitia
320 5039 408 5095 τῆς
482 5027 848 5108 σφοδρότητος
896 5039 998 5086 τῶν
1047 5032 1277 5109 πληγῶν,
1357 5035 1439 5090 ὅτι
1496 5037 1684 5114 ἂμέραι

1715 4463 1761 4520 D

158 5204 228 5242 “
252 5205 460 5268 Coloss.
493 5213 627 5279 1,23
669 5227 796 5284 ;vx,
837 5216 922 5272 10.
1031 5214 1080 5254 ³⁸
1109 5214 1257 5302 Dan.
1299 5230 1381 5289 ix,
1422 5219 1519 5280 27.

1642 5216 1690 5256 ⁸⁸
1722 5217 1868 5278 Luc.
1903 5233 2031 5287 xxx,
2054 5220 2144 5276 20.

1779 562 1952 619 etiam
1995 565 2071 621 de
2101 566 2327 622 caeteris
2351 565 2641 638 apostolis
2675 581 2992 638 quousque
3022 569 3433 639 percurrerint.

1782 648 2004 708 Idcirco
2021 653 2178 710 enim
2202 659 2518 727 postquam
2538 655 2924 727 praadicatum
2947 661 3032 711 est
3050 657 3433 727 Evangelium

1780 738 1999 812 ubique
2010 747 2324 814 terrarum,
2339 750 2584 816 pereunt
2604 743 3038 817 Hierosolyma,
3062 761 3136 801 ne
3156 747 3434 803 umbram

1780 828 2023 900 quidem
2035 832 2444 906 responsionis
2460 832 2758 890 habeantJ
2768 833 2947 892 udaei:
2991 840 3213 893 tantam
3236 835 3437 894 viden-

1781 921 1868 973 tes
1891 919 2333 990 prtedicationis
2367 923 2663 992 virtutem,
2699 927 2760 979 ut
2788 921 3140 982 brevissimo
3171 930 3434 998 tempore

1784 1002 2128 1060 universum
2160 1007 2510 1078 percurrerit
2549 1006 2777 1073 orbem,
2813 1011 2869 1064 et
2911 1007 3128 1080 ubique
3155 1009 3439 1081 splendo-

1780 1106 1908 1148 rem
1935 1092 2162 1151 dederit
2193 1112 2206 1150 :
2241 1111 2380 1151 cum
2413 1099 2613 1152 tamen
2643 1095 2750 1168 ipsi
2780 1097 3217 1169 permanserint
3254 1098 3313 1154 in
3345 1098 3440 1154 in-

1781 1180 2060 1239 ﬁdelitate
2090 1188 2145 1241 et
2166 1184 2589 1256 ingratitudine
2611 1201 2740 1241 sua.

1852 1273 2014 1328 Vers.
2051 1273 2134 1330 15.
2168 1273 2312 1330 Cum
2343 1291 2473 1346 ergo
2504 1274 2900 1346 —intellz‘gat.
2920 1274 3438 1335 Abominationem

1780 1359 1924 1416 dicit
1945 1361 2052 1416 Titi
2077 1367 2359 1432 statuam,
2391 1379 2580 1437 quam
2636 1370 2810 1438 capta
2862 1364 3097 1422 civitate
3129 1365 3336 1423 statuit
3376 1367 3438 1424 in

1782 1448 1978 1522 adytis
2001 1451 2223 1525 templi.
2251 1453 2558 1526 Siquidem
2579 1452 3066 1510 abominationes
3098 1455 3442 1528 appellabat

1780 1539 1872 1596 lex
1900 1540 2256 1611 hujusmodi
2307 1543 2621 1613 inmagines.
2669 1543 3046 1599 Desolationis
3089 1560 3227 1601 vero
3269 1544 3436 1611 dixit,

1782 1629 1927 1704 quia
1956 1630 2055 1686 illa
2079 1631 2314 1688 deserto
2343 1632 2564 1704 templo
2597 1647 2667 1688 ac
2689 1632 2916 1688 civitate
2959 1637 3154 1690 erecta
3177 1638 3262 1691 est
3291 1649 3305 1689 :
3338 1638 3440 1690 aut

1783 1720 1928 1792 quia
1951 1719 2080 1791 ejus
2106 1724 2233 1777 erat
2278 1719 2476 1791 imago
2512 1721 2616 1794 qui
2645 1721 2771 1776 haec
2800 1722 3030 1778 deserta
3076 1723 3230 1782 fecit.
3265 1722 3437 1789 Quod

1785 1812 1986 1865 autem
2008 1808 2126 1868 ait:
2169 1808 2311 1865 Cum
2342 1809 2618 1874 videritis,
2651 1809 2884 1866 videtur
2922 1809 3163 1883 quidem
3203 1811 3438 1880 Edictum

1785 1913 1921 1954 esse
1947 1897 2028 1954 ad
2057 1898 2378 1971 apostolos,
2403 1899 2510 1954 sed
2537 1903 2735 1956 tamen
2765 1898 2949 1956 fertur
2977 1899 3055 1956 ad
3084 1899 3348 1966 Judaeos,
3377 1904 3439 1959 ut

1786 1987 1976 2044 sciant
1995 1987 2162 2060 quod
2181 2003 2306 2045 non
2339 1987 2515 2060 longe
2551 1991 2706 2062 post,
2737 1987 2838 2044 sed
2876 1989 2962 2045 eis
3007 1989 3206 2046 adhuc
3239 1990 3441 2046 viven-

1785 2077 1945 2135 tibus
1974 2076 2346 2134 abominatio
2374 2077 2574 2134 stabit.
2599 2077 2801 2134 Plures
2823 2077 3120 2151 siquidem
3147 2078 3437 2152 apostolo-

1783 2181 1920 2223 rum
1942 2169 2080 2223 aute
2107 2165 2167 2222 id
2205 2174 2444 2240 tempus
2484 2166 2697 2224 mortui
2731 2172 2910 2224 sunt:
2942 2167 3139 2224 casteri
3169 2183 3308 2226 vero
3333 2169 3442 2242 qui

1784 2263 2196 2311 remanserant
2214 2256 2276 2311 in
2305 2254 2435 2312 aliis
2461 2259 2604 2311 tunc
2631 2255 2788 2312 orbis
2828 2256 3092 2328 partibus
3121 2257 3442 2316 versaban-

1785 2348 1905 2400 tur.
1940 2343 2092 2400 Misit
2118 2349 2317 2401 autem
2342 2361 2447 2402 eos
2491 2345 2572 2402 ad
2597 2345 2929 2412 Danielem,
2983 2346 3086 2420 qui
3121 2347 3195 2403 de
3226 2347 3441 2420 hujus-

1786 2433 1952 2488 modi
1982 2432 2425 2490 abominatione
2450 2437 2506 2489 et
2535 2440 2730 2504 strage
2758 2435 3229 2507 prophetaverat.
3257 2437 3440 2508 Tunc,

1786 2521 1988 2594 inquit,
2047 2522 2152 2595 qui
2202 2521 2343 2593 legit
2373 2523 2628 2578 Danielis
2675 2522 2895 2579 librum
2944 2525 3011 2590 ‘5,
3049 2523 3334 2595 intelligat
3373 2541 3443 2582 ac

1787 2611 2125 2668 consideret
2177 2617 2438 2669 erectam
2494 2611 3018 2669 abominationem.
3082 2616 3267 2671 Lucas
3300 2631 3441 2674 vero

1790 2700 1954 2757 aliud
1990 2701 2132 2758 dicit
2182 2703 2424 2773 signum
2457 2716 2472 2758 :
2507 2701 2645 2758 Cum
2672 2702 2928 2759 videritis
2979 2701 3333 2760 circumdari
3373 2704 3443 2761 ab

1791 2791 2142 2848 exercitibus
2170 2792 2518 2860 Jerusalem,
2557 2798 2696 2850 tunc
2746 2791 2938 2849 scitote
2979 2791 3132 2864 quod
3191 2791 3441 2849 imminet

1788 2879 2060 2937 desolatio
2089 2882 2212 2952 ejus
2243 2883 2317 2940 ‘°.
2351 2883 2615 2956 Apparet
2643 2897 2784 2954 ergo
2805 2881 2969 2956 quod
3002 2885 3322 2956 utrumque
3353 2881 3444 2939 di-

1787 2969 1938 3026 xerit
1965 2970 2250 3027 Christus.

1860 3151 2022 3206 Vers.
2051 3153 2132 3206 16.
2173 3149 2338 3205 Tunc
2361 3180 2431 3190 —
2459 3149 2542 3206 ad
2568 3157 2800 3206 montes.
2849 3149 3178 3224 Postquam
3217 3151 3292 3208 de
3322 3169 3448 3210 ma-

1786 3238 1858 3296 lis
1877 3238 2044 3308 dixit,
2071 3254 2208 3312 quaa
2254 3238 2763 3311 comprehensura
2792 3244 2962 3296 erant
3009 3241 3440 3316 Hierosolyma,

1788 3328 1860 3385 de
1885 3329 2085 3386 multis
2107 3333 2391 3402 praeterea
2418 3345 2486 3384 ac
2520 3328 2700 3384 variis
2727 3328 3140 3400 apostolorum
3169 3333 3449 3389 tentatio-

1790 3419 1990 3488 nibus,
2014 3419 2263 3491 insuper
2276 3424 2332 3475 et
2347 3417 2416 3474 de
2429 3432 2715 3492 prospero
2730 3416 3174 3490 praadicationis
3211 3437 3443 3478 succes-

1787 3525 1879 3576 su,
1906 3509 2073 3582 quod
2101 3508 2332 3582 absque
2357 3507 2480 3564 ullo
2497 3507 2926 3581 impedimento
2948 3508 3282 3566 universum
3316 3527 3448 3584 per-

1789 3604 1984 3658 curret
2013 3599 2222 3656 orbem
2253 3617 2267 3653 :
2297 3598 2561 3672 loquitur
2585 3597 2799 3655 iterum
2821 3598 2895 3654 de
2923 3599 3268 3656 Iudaeorum
3297 3601 3449 3657 cala-

1789 3689 2115 3757 mitatibus,
2146 3689 2469 3746 ostendens
2496 3688 2665 3762 quod
2693 3693 3008 3761 postquam
3031 3689 3161 3762 ipse
3182 3696 3238 3747 et
3274 3689 3448 3748 disci-

1789 3779 1916 3852 puli
1953 3781 2046 3837 sui
2098 3779 2322 3853 ubique
2346 3780 2408 3836 in
2439 3779 2716 3852 opinione
2747 3778 2962 3835 celebri
2999 3780 3184 3837 habiti
3206 3781 3444 3848 fuerint,

1791 3870 2006 3927 tunchi
2035 3870 2299 3944 undique
2346 3869 2694 3942 perdentur.
2763 3868 2876 3926 Per
2905 3885 2977 3926 ea
3007 3886 3144 3928 vero
3166 3886 3292 3944 qua:
3317 3886 3450 3944 par-

1790 3974 1870 4016 va
1895 3959 2196 4028 videntur,
2237 3959 2610 4017 demonstrat
2637 3959 2951 4033 plagarum
2980 3959 3218 4018 illarum
3243 3960 3451 4018 intole-

1791 4047 2174 4106 rabilitatem.
2208 4047 2530 4105 Considera
2566 4049 2748 4104 enim.
2794 4052 2980 4116 Tunc,
3010 4049 3229 4122 inquit,
3256 4050 3359 4123 qui
3389 4051 3451 4106 in

1790 4135 1996 4194 Judsea
2023 4141 2181 4204 sunt,
2215 4136 2320 4193 ubi
2345 4137 2756 4210 Hierosolyma
2777 4139 2886 4195 sita
2911 4143 3069 4207 sunt,
3109 4137 3343 4207 fugiant
3373 4137 3452 4194 ad

1792 4230 2046 4292 montes,
2074 4225 2302 4282 nullam
2329 4226 2534 4282 salutis
2561 4242 2730 4298 spem
2752 4226 2814 4283 in
2842 4227 3213 4283 remanendo
3228 4225 3453 4282 haben-

1793 4321 1879 4374 tes
1907 4332 1920 4383 ;
1948 4330 2145 4389 neque
2164 4314 2327 4372 enim
2345 4315 2452 4372 erit
2467 4316 2715 4372 omnino
2731 4315 3030 4372 revocatio
3043 4320 3145 4372 aut
3162 4313 3305 4370 mali
3325 4329 3453 4370 mu-

1792 4407 1935 4464 tatio
1977 4421 1992 4473 ;
2023 4405 2159 4462 ideo
2187 4404 2250 4461 id
2280 4403 2769 4477 amplectendam
2809 4405 2936 4470 erit,
2971 4409 3035 4460 ut
3062 4404 3228 4460 nudo
3269 4402 3452 4460 etiam

1791 4511 2064 4570 corpore,
2095 4511 2206 4552 nec
2235 4509 2413 4552 versa
2440 4498 2751 4551 retrorsum
2775 4493 2922 4551 facie
2950 4492 3202 4563 fugiant.

1867 4587 2027 4644 Vers.
2054 4587 2149 4642 17.
2180 4584 2370 4652 Qui—
2397 4585 2570 4642 domo
2591 4600 2712 4640 sua.
2741 4584 2972 4654 Propter
2983 4581 3320 4640 inevitabile
3353 4597 3454 4656 pe-

1793 4677 2070 4744 riculum,
2090 4692 2164 4733 ne
2189 4675 2414 4733 incidat
2436 4675 2497 4731 in
2525 4673 2940 4747 perditionem.

1866 4770 2028 4824 Vers.
2056 4769 2144 4823 18.
2170 4766 2248 4822 Et
2276 4795 2348 4806 —
2384 4765 2730 4822 vestimenta
2757 4779 2888 4821 sua.
2928 4762 2986 4818 Si
3039 4761 3200 4819 enim
3256 4762 3361 4834 qui
3390 4763 3454 4821 in

1795 4857 2036 4915 civitate
2073 4861 2231 4924 sunt,
2265 4855 2500 4928 fugiunt
2527 4869 2665 4910 eam
2688 4869 2822 4928 quae
2848 4852 3007 4910 intus
3034 4857 3125 4909 est
3164 4856 3452 4923 stragem,

1795 4946 1985 5004 multo
2014 4947 2210 5018 magis
2239 4945 2344 5020 qui
2373 4945 2434 5000 in
2464 4942 2651 5016 agris.
2676 4942 2855 5017 Apud
2878 4943 3100 5000 Lucam
3130 4957 3273 4999 vero
3311 4941 3455 5000 dicit

1793 5036 1974 5095 etiam
2003 5052 2250 5095 causam
2272 5033 2660 5093 vehementis:
2689 5034 3010 5108 plagarum
3034 5032 3083 5070 ⁴¹¹
3111 5046 3126 5090 :
3150 5031 3299 5099 Quia
3326 5030 3453 5090 dies

2258 5218 2306 5256 ιτ
2338 5217 2486 5276 Luc.
2519 5229 2643 5284 xxx,
2661 5218 2750 5276 22.

1315 5391 1539 5464 Varias
1568 5395 1897 5465 lectiones
1927 5407 1993 5464 et
2021 5407 2224 5463 notae.

71 5578 257 5638 xcvi
292 5578 654 5662 Testamenti.
693 5588 955 5662 sequitur
986 5590 1360 5662 Euthymius.
1402 5592 1569 5649 Hunc
1600 5608 1686 5649 er-

73 5666 302 5708 oz'rem
328 5658 562 5714 correxit
584 5658 912 5733 Theopbyl.
946 5675 1008 5734 p.
1039 5658 1235 5720 143Ἐ.

2014 5590 2110 5644 Ἦν
2140 5591 2308 5654 εἰκών,
2343 5594 2409 5646 Α.

2015 5659 2139 5717 Ἐνδ
2141 5683 2194 5716 ον
2221 5662 2392 5720 abest
2413 5663 2480 5718 Α.

1867 5591 1983 5738 ἓξὲξ
