3904 6210
426 200 521 257 611
1741 183 2086 245 EUTHYMII
2130 181 2455 244 ZIGABENI
3683 187 3780 246 642

427 324 667 381 ultionis
695 321 759 378 hi
783 323 940 385 sunt,
976 321 1038 374 ut
1063 317 1478 389 compleantur
1520 317 1725 374 omnia
1750 331 1886 388 qua:
1931 313 2078 369 scri-

2207 307 2506 374 κδικὴσεως
2532 309 2688 366 αὗταί
2714 313 2839 380 εἰσι,
2879 320 2969 366 τοῦ
3017 311 3316 370 πλησθῆναι
3363 311 3476 384 (24)
3519 313 3686 364 πάντα
3729 316 3784 364 τὰ

427 421 532 487 pta
555 419 710 478 sunt,
731 413 788 466 in
815 411 978 465 libris
1006 408 1275 462 videlicet
1309 408 1561 463 Danielis
1581 413 1637 462 et
1663 407 1913 462 aliorum
1946 419 2078 476 pro-

426 504 765 574 phetarum,
808 499 881 552 de
911 496 1259 566 hujusmodi
1292 496 1753 568 expugnatione.
1817 495 1948 549 Dies
1980 510 2079 548 au-

425 595 544 646 tem
568 589 800 644 ultionis
816 585 991 642 caedis
1009 586 1329 642 Dominicee
1352 595 1544 642 erunt.
1565 587 1678 643 Sed
1693 587 1816 640 haec
1838 583 2078 656 quidem

421 680 593 750 juxta
622 676 949 731 historiam.

495 768 668 821 Juxta
696 781 1011 835 anagogen
1034 780 1192 827 vero,
1221 765 1314 835 qui
1333 765 1390 819 in
1408 765 1614 820 Judeea
1641 767 1798 830 sunt,
1826 762 1940 817 hoc
1973 763 2078 826 est,

425 856 480 912 in
512 855 713 910 divino
745 856 908 910 cultu
941 871 953 908 :
988 869 1127 909 nam
1160 853 1218 907 id
1249 853 1544 923 signiﬁcat
1566 852 1779 908 Judzeaa
1811 866 2030 906 nomen
2064 865 2077 904 :

427 944 660 1014 fugiant
685 943 760 998 ad
795 948 1044 1007 montes,
1089 940 1150 996 id
1182 947 1285 1005 est,
1331 942 1408 997 ad
1446 941 1750 997 excelsum
1790 939 1889 996 Dei
1919 938 2082 995 auxi-

424 1033 705 1097 lium,aut
722 1032 798 1086 ad
823 1031 1058 1086 excelsa
1084 1031 1389 1086 virtutum.
1413 1030 1669 1095 Quivero
1692 1031 1752 1085 in
1774 1033 1946 1092 tecto,
1964 1029 2081 1082 sive

427 1123 532 1194 qui
557 1121 1005 1177 conversatione
1038 1119 1320 1186 elevatus,
1357 1123 1412 1176 et
1455 1119 1743 1174 excelsior
1769 1134 1873 1190 per
1898 1118 2082 1172 vitam

428 1210 670 1265 effectus
701 1209 892 1274 fuerit,
921 1225 1042 1264 non
1064 1209 1402 1274 descendat,
1447 1212 1511 1263 ut
1541 1208 1704 1264 tollat
1756 1206 1966 1262 mundi
2002 1204 2084 1260 af~

427 1298 616 1354 fectus
649 1315 800 1370 quos
831 1297 1167 1369 reliquerat.
1200 1297 1264 1352 Et
1288 1297 1392 1370 qui
1421 1297 1477 1352 in
1513 1312 1658 1366 agro
1687 1296 1810 1351 sive
1841 1297 1901 1350 in
1941 1293 2082 1350 soli—

429 1389 578 1444 taria
605 1389 739 1457 vita,
770 1403 892 1443 non
918 1391 1242 1443 revertatur
1269 1391 1331 1442 ut
1371 1385 1538 1442 tollat
1566 1385 1922 1441 vestimenta
1953 1399 2081 1449 sua,

430 1492 565 1549 quae
607 1481 744 1531 sunt
773 1477 1142 1548 operimenta
1181 1479 1588 1549 peccatorum,
1620 1475 1699 1532 ab
1727 1490 1797 1532 eo
1819 1474 1948 1546 jam
1979 1473 2081 1528 du-

2185 407 2536 474 γεγραμμένα,
2573 400 2806 468 δηλαδὴ,
2849 406 2898 455 ἐν
2945 410 3060 463 ταῖς
3115 401 3318 474 βίϐλοις
3359 409 3448 454 τοῦ
3500 421 3555 453 τε
3587 402 3780 464 Δανιὴλ,

2187 495 2275 542 καὶ
2301 500 2397 541 τῶν
2443 492 2603 544 ἄλλων
2634 501 2930 565 προφητῶν,
2964 497 3080 567 περὶ
3121 500 3209 551 τῆς
3247 494 3494 552 τοιαύτης
3527 489 3775 552 ἁλώσεως.

2186 577 2402 651 Ἡμέραι
2435 578 2492 633 δὲ
2545 579 2864 644 ἐκδικήσεως
2907 591 2997 634 τοῦ
3049 588 3360 634 Δεσποτικοῦ
3414 584 3600 652 φόνου.
3641 581 3780 634 Ἀλλὰ

2188 677 2352 720 ταῦτα
2385 674 2473 741 μὲν
2500 672 2617 722 καθ’
2660 674 2914 745 ἱστορίαν.

2264 761 2409 810 Κατὰ
2473 755 2531 811 δὲ
2588 759 2853 832 ἀναγωγὴν
2911 762 2959 812 οἱ
3009 758 3057 811 ἐν
3089 767 3148 831 τῇ
3183 755 3438 831 Ἰουδαίᾳ,
3502 762 3776 830 τουτέστιν,

2190 851 2238 900 οἱ
2270 846 2317 898 ἐν
2353 856 2413 920 τῇ
2470 847 2703 921 εύσεϐείᾳ
2745 867 2758 880 ·
2809 857 2961 902 τοῦτο
2996 852 3096 924 γὰρ
3141 853 3386 921 σημαίνει
3423 851 3482 900 τὸ
3523 857 3620 908 τῆς
3673 848 3782 902 Ἰού·

2193 933 2346 998 δαὶας
2395 941 2553 1010 ὄνομα
2591 959 2603 971 ο
2639 943 2965 1009 φευγέτωσαν
3017 937 3102 991 ἐπὶ
3148 941 3212 989 τὰ
3242 942 3332 1010 ὅρη
3369 956 3382 969 ο
3415 937 3544 1008 λέγω
3588 935 3677 1000 δὴ,
3711 940 3779 989 ἐπὶ

2191 1029 2284 1083 τὴν
2341 1025 2540 1096 ὑψηλὴν
2592 1025 2839 1098 βοήθειαν
2889 1034 2979 1080 τοῦ
3014 1026 3230 1096 Θεοῡ,ἡ
3285 1025 3369 1078 ἐπὶ
3419 1029 3486 1077 τὰ
3529 1025 3642 1096 ὕψη
3695 1034 3779 1078 τῶν

2193 1113 2382 1188 ἀρετῶν
2417 1133 2428 1143 ·
2473 1118 2496 1167 ὁ
2546 1116 2628 1168 ἐπὶ
2682 1125 2772 1168 τοῦ
2806 1113 3051 1188 δώματος
3083 1111 3161 1179 δὲ,
3213 1119 3394 1186 ἤγουν,
3432 1117 3458 1166 ό
3513 1123 3612 1175 τῆς
3661 1117 3784 1167 κάτω

2195 1199 2471 1278 διατριϐῆς
2501 1206 2806 1280 ὑπεραρθεὶς
2867 1210 2956 1257 καὶ
2987 1204 3186 1275 ὑψηλὸς
3246 1212 3317 1274 τῷ
3351 1202 3452 1276 βίῳ
3503 1209 3784 1276 γενόμενος,

2195 1297 2264 1365 μὴ
2293 1292 2642 1346 καταϐαινέτω
2673 1288 2794 1369 ἆραι
2825 1297 2888 1346 τὰ
2905 1293 2959 1345 ἐκ
2990 1301 3081 1346 τοῦ
3102 1297 3301 1365 κόσμου
3329 1295 3493 1357 πάθη,
3524 1293 3658 1367 οἷπερ

2193 1382 2390 1435 λελοιπε
2423 1400 2434 1413 ·
2479 1388 2567 1435 καὶ
2594 1385 2619 1435 ό
2642 1382 2688 1434 ἓν
2719 1392 2790 1454 τῷ
2816 1382 2960 1457 ἀγρῷ
3000 1380 3079 1448 δὲ,
3103 1387 3290 1450 έῖτουν,
3317 1384 3342 1435 ὁ
3365 1383 3412 1435 ἐν
3433 1391 3504 1453 τῷ
3529 1382 3794 1453 ἀνακεχω-

2195 1477 2398 1545 ρημένῳ
2431 1471 2554 1544 βίῳ,
2587 1477 2656 1545 μὴ
2693 1470 3056 1546 ἐπιστρεψάτω
3110 1467 3234 1547 ἆραι
3272 1474 3339 1524 τὰ
3401 1473 3594 1544 ἱμάτια
3646 1471 3794 1523 αὐτοῦ

430 1567 577 1622 dum
605 1565 825 1622 relicta.

2207 1561 2323 1634 imp
2357 1562 2459 1614 εἰσὶ
2517 1565 2581 1614 τὰ
2610 1561 2918 1636 περιϐόλαια
2948 1571 3045 1614 τῶν
3078 1561 3362 1635 ἁμαρτιῶν,
3413 1561 3450 1613 ἃ
3478 1561 3646 1614 πάλαι
3683 1559 3798 1613 ἀπε·

2125 1665 2166 1720 Β
2200 1647 2420 1705 δύσατο.

502 1766 659 1819 Vers.
681 1765 768 1819 l9.
815 1764 912 1820 Va?
945 1792 1008 1803 -—
1025 1762 1243 1818 diebus.
1270 1762 1385 1818 [llis
1403 1761 1649 1834 quidem
1677 1763 1914 1833 propter
1933 1774 2086 1815 onus

432 1853 693 1916 interius,
727 1852 821 1906 his
852 1867 992 1907 vero
1023 1859 1264 1923 propter
1289 1851 1561 1907 exterius.
1598 1850 1717 1905 Illae
1749 1851 1907 1906 enim
1945 1864 2092 1920 pon-

432 1943 572 1998 dere
602 1943 1005 2013 embryonum
1034 1946 1374 2010 gravantur,
1408 1941 1501 1996 hae
1533 1949 1736 1997 autem
1767 1955 1946 1996 onere
1976 1938 2091 1994 lac-

433 2032 704 2086 tentium.
732 2031 1039 2102 Siquidem
1060 2030 1232 2085 facile
1263 2035 1349 2085 est
1369 2046 1477 2102 pro
1510 2031 1696 2087 salute
1725 2029 2012 2101 pecunias
2037 2032 2093 2083 et

433 2121 788 2175 vestimenta
831 2123 1210 2173 contemnere
1242 2134 1253 2173 :
1289 2118 1415 2173 ﬁeri
1469 2124 1666 2175 autem
1698 2119 1884 2173 levem
1915 2122 1970 2172 et
2003 2116 2091 2171 fu-

435 2225 575 2280 gam
603 2208 942 2279 expeditam
969 2223 1102 2262 eam
1139 2207 1226 2278 (h)
1259 2224 1395 2279 qua:
1444 2209 1505 2263 in
1536 2213 1702 2264 utero
1747 2206 1946 2271 habet,
1989 2210 2091 2261 aut

435 2298 689 2368 abjicere
720 2297 1006 2352 infantem
1035 2313 1170 2352 eam
1192 2313 1325 2368 quae
1354 2296 1554 2362 lactat,
1595 2313 1840 2370 prorsus
1869 2296 2091 2366 impos-

434 2386 598 2441 sibile
629 2390 714 2441 est
745 2391 985 2458 propter
1038 2390 1263 2441 naturae
1301 2385 1620 2442 vinculum.
1645 2389 1742 2441 Va:
1779 2401 1920 2455 ergo
1952 2383 2086 2450 illis,

433 2477 576 2549 quia
600 2475 771 2531 facile
801 2475 1421 2547 comprehendentur;
1455 2480 1510 2532 et
1541 2476 1807 2532 similiter
1842 2474 2092 2547 [embry-

435 2565 654 2622 onibus
681 2581 750 2621 ac
782 2564 1159 2628 lactentibus,
1195 2563 1378 2635 utqui
1402 2563 1577 2619 simul
1605 2564 1883 2636 peribunt
1914 2563 2008 2634 (ι).

503 2654 681 2710 Juxta
721 2669 1034 2724 anagogeu
1064 2669 1205 2709 vero
1267 2657 1644 2724 praegnantes
1675 2653 1932 2708 dicimus
1969 2652 2092 2708 ani-

435 2763 580 2808 mas,
614 2760 748 2816 quae
781 2743 1056 2797 virtutem
1082 2742 1350 2797 nondum
1375 2747 1756 2814 pepererunt:
1802 2742 2079 2798 lactantes

2207 2743 2293 2804 τὰς
2325 2748 2477 2814 μήπω
2507 2744 2762 2803 τεκούσας
2815 2741 2999 2814 ἀρετὴν
3027 2741 3209 2812 ψυχάς
3285 2758 3298 2770 ⁸
3361 2740 3702 2801 θηλαζούσας
3751 2736 3801 2789 δέ

434 2841 629 2891 autem
670 2849 802 2904 qua:
831 2837 1186 2904 pepererunt
1207 2831 1471 2903 quidem,
1502 2848 1704 2886 verum
1737 2831 1976 2903 puerilis
2001 2836 2079 2887 est

2207 2834 2294 2892 τὰς
2330 2833 2577 2890 τεκούσας
2633 2835 2743 2902 μὲν,
2786 2827 3042 2891 νηπιῶὸες
3075 2827 3134 2882 δὲ
3181 2833 3364 2902 κύημα
3408 2835 3490 2881 καὶ
3518 2827 3809 2903 βραχύτα-

435 2924 587 2978 fetus
620 2928 673 2977 et
703 2920 1030 2975 admodum
1073 2920 1473 2991 pusillanimis
1507 2920 1608 2991 (j).

2273 1757 2406 1809 Ούαὶ
2437 1787 2502 1797 -
2529 1759 2770 1830 ἡμέραις.
2801 1763 2910 1810 Τῶν
2964 1759 3053 1829 μὲν
3087 1756 3222 1829 (‘25),
3267 1752 3361 1808 διὰ
3389 1756 3474 1808 τόν
3501 1755 3650 1818 ἐντὸς
3680 1759 3795 1830 φόρ-

2200 1866 2306 1914 τον,
2362 1855 2461 1898 τῶν
2511 1843 2570 1900 δὲ
2629 1844 2722 1898 διὰ
2776 1850 2862 1898 τὸν
2920 1845 3060 1906 ἐκτὸς
3119 1846 3178 1898 ού
3233 1842 3526 1918 δυναμένων
3585 1847 3797 1906 εύκόλως

2201 1943 2402 2008 φυγεῖν.
2440 1938 2608 2007 Αῐμὲν
2635 1939 2735 2008 γὰρ
2770 1935 3090 2009 βεϐάρηνται
3113 1944 3185 2006 τῷ
3222 1937 3381 2007 ἄχθει
3412 1944 3511 1987 τῶν
3547 1935 3797 2009 ἐμϐρύων,

2201 2027 2255 2077 αἰ
2287 2022 2345 2078 δὲ
2384 2033 2454 2093 τῷ
2487 2031 2678 2098 φορτίῳ
2707 2034 2805 2076 τῶν
2863 2025 3208 2086 θηλαζόντων.
3243 2027 3542 2098 Χρημάτων
3583 2028 3672 2097 μὲν
3702 2029 3796 2096 γὰρ

2199 2119 2288 2165 καὶ
2352 2117 2567 2186 ἱματίων
2633 2118 3029 2188 καταφρονῆσαί
3079 2111 3288 2188 ῥᾴδιον,
3339 2111 3434 2166 διὰ
3493 2121 3794 2189 σωτηρίαν·

2198 2206 2439 2276 γενέσθαι
2479 2201 2537 2257 δε
2589 2210 2680 2262 τὴν
2740 2207 2921 2276 ἔγκυον
2970 2207 3186 2276 κούφην,
3229 2210 3312 2255 καὶ
3367 2202 3663 2278 ἁπορρίιξκαι
3713 2209 3794 2262 τὴν

2203 2293 2556 2364 θηλάζουσαν,
2602 2296 2627 2345 ὃ
2657 2293 2890 2360 θηλάζει,
2922 2293 3183 2353 παντελῶς
3230 2289 3512 2363 ἀδύνατον,
3577 2290 3671 2345 διὰ
3717 2297 3793 2344 τὸν

2201 2379 2395 2455 δεσμὸν
2419 2391 2514 2444 τῆς
2553 2385 2769 2454 φύσεως.
2806 2383 2942 2434 Ούαὶ
2972 2387 3144 2435 τοίνυν
3169 2382 3376 2452 αὐταῖς,
3404 2382 3626 2442 εὐπετῶς
3645 2401 3796 2433 κατα-

2197 2471 2625 2545 )αμϐανομέναις,
2655 2477 2880 2534 καὶτοῖς
2906 2471 3152 2546 ἐμϐρύοις
3193 2476 3282 2525 καὶ
3318 2473 3631 2545 ύπομαζίοις
3673 2491 3794 2523 συν-

2203 2558 2672 2636 διαφθειρομέναις.

2276 2655 2421 2708 Κατὰ
2461 2648 2518 2704 δε
2568 2653 2841 2722 ἀναγωγὴν
2882 2650 2930 2702 ἐν
2959 2657 3155 2722 γαστρὶ
3201 2653 3290 2723 μεν
3321 2650 3547 2722 ἐχούσας
3593 2657 3794 2721 νοοῦμεν

2205 2940 2309 2974 τον.

506 3030 675 3086 Vers.
715 3029 805 3082 20.
835 3028 1006 3082 Orate
1037 3058 1105 3067 —
1133 3027 1404 3082 Sabbato.
1441 3027 1811 3082 Manifestum
1869 3031 1924 3082 et
1954 3027 2092 3082 hinc

435 3119 620 3192 quod,
646 3133 997 3190 quanquam
1029 3117 1102 3170 ad
1128 3117 1434 3188 apostolos
1465 3116 1861 3189 protendebat
1889 3117 2095 3188 hujus-

436 3209 601 3265 modi
641 3223 968 3272 sermones,
998 3211 1258 3262 attamen
1291 3207 1380 3261 vel
1407 3207 1505 3261 isti
1537 3206 1614 3262 ad
1639 3207 1875 3262 Judaeos
1916 3207 2093 3278 respi-

437 3298 675 3354 ciebant
699 3314 712 3364 ;
734 3312 928 3368 neque
951 3295 1098 3352 enim
1122 3295 1381 3368 amplius
1406 3295 1810 3352 observabant
1841 3296 2096 3367 apostoli

438 3388 789 3452 Sabbatum,
818 3386 1063 3458 quando
1083 3392 1258 3456 capta
1289 3390 1428 3440 sunt
1454 3385 1876 3457 Hierosolyma.
1903 3387 2095 3451 Quare

435 3484 637 3535 autem
669 3493 788 3532 non
808 3477 1001 3531 hieme
1052 3491 1246 3545 neque
1293 3475 1550 3531 Sabbato
1575 3474 1601 3528 ‘I
1625 3475 1825 3531 Hieme
1848 3477 2094 3547 quidem

433 3571 675 3638 propter
703 3563 985 3633 temporis
1015 3561 1449 3628 difﬁcultatem;
1477 3561 1739 3618 Sabbato
1765 3579 1900 3618 vero
1928 3579 2098 3634 prap-

435 3659 520 3710 ter
545 3655 739 3723 legem
771 3668 905 3723 quae
932 3667 1052 3706 non
1083 3652 1458 3722 permittebat
1482 3650 1740 3709 Sabbato
1767 3653 1874 3708 iter
1906 3653 2097 3710 facere

435 3743 589 3799 ultra
618 3746 869 3798 statutos
899 3740 1027 3811 lege
1051 3756 1295 3811 passus.

506 3847 850 3918 Anagogice
903 3853 1102 3902 autem
1157 3846 1363 3917 fugam
1416 3846 1804 3917 intelligimus
1867 3849 2079 3905 exitur:

2282 3851 2638 3921 Ἀναγωγικῶς
2690 3844 2749 3900 δὲ
2787 3852 2955 3920 φυγὴν
2985 3849 3074 3920 μὲν
3104 3854 3314 3920 νοοῦμεν
3343 3850 3437 3906 τὴν
3483 3844 3672 3910 ἔξοδον
3723 3851 3804 3902 τῆς

437 3939 652 3995 animae
683 3956 718 3994 a
744 3954 993 4009 corpore
1033 3956 1045 4003 ;
1087 3937 1342 3992 hiemem
1379 3953 1513 3992 vero
1541 3940 2002 3996 commotionem
2029 3957 2079 3996 at

2207 3939 2388 4011 ψυχῆς
2433 3938 2532 3991 ἀπὸ
2561 3945 2650 3990 τοῦ
2705 3943 2945 4010 σώματος
2977 3956 2989 3969 ο
3025 3945 3264 4008 χειμῶνα
3293 3932 3352 3989 δὲ
3385 3941 3479 3994 τὴν
3517 3937 3684 3998 ζάλην
3730 3937 3805 3983 xxi

433 4029 834 4086 turbationem
857 4028 1280 4097 cogitationum
1308 4027 1670 4093 ;Sabbatum
1694 4033 1890 4085 autem
1913 4030 2099 4086 otium

435 4135 470 4175 a
496 4120 724 4174 virtute.
752 4117 920 4172 Jubet
982 4116 1183 4189 itaque
1233 4132 1431 4172 sermo
1485 4122 1548 4172 ut
1579 4133 1839 4186 oremus,
1883 4137 1956 4175 ne
1996 4120 2100 4177 ﬁat

435 4209 623 4265 exitus
639 4209 858 4265 animae
884 4211 1103 4263 nostrae
1130 4207 1187 4262 in
1213 4207 1614 4263 commotione
1637 4213 1738 4263 aut
1758 4210 2096 4266 turbatione

436 4298 878 4370 cogitationum,
921 4313 1117 4368 neque
1149 4298 1209 4352 in
1263 4299 1384 4353 otio
1419 4313 1455 4353 a
1510 4296 1843 4364 virtutibus,
1899 4299 2005 4355 sed
2036 4299 2097 4355 in

2278 3029 2648 3100 Προσεύχεσθε
2705 3057 2774 3066 —
2809 3025 3076 3098 Σαϐϐάτῳ.
3135 3030 3354 3100 Φανερὸν
3393 3025 3689 3091 κάντεῦθεν,
3737 3025 3806 3075 ὅτι

2206 3117 2247 3169 εἰ
2275 3123 2365 3169 καὶ
2397 3121 2521 3191 πρὸς
2567 3120 2687 3177 τοὺς
2727 3115 3048 3177 ἀποστόλους
3103 3114 3333 3168 ἀπέτεινε
3366 3118 3484 3175 τούς
3545 3118 3808 3172 τοιούτους

2203 3206 2404 3278 λόγους,
2440 3205 2565 3258 ἀλλά
2589 3225 2649 3277 γε
2701 3209 2832 3280 πρὸς
2877 3209 2997 3267 τούς
3039 3202 3335 3266 Ἰουδαίους
3367 3203 3576 3256 ἔϐλεπον
3643 3204 3800 3255 οὗτοι.

2207 3302 2307 3349 Καὶ
2339 3298 2437 3368 γὰρ
2487 3295 2659 3347 οὐκέτι
2688 3294 3073 3368 παρεφύλαττον
3129 3297 3187 3347 τὸ
3249 3291 3508 3346 Σάϐϐατόν
3555 3296 3607 3345 οἱ
3651 3291 3799 3345 ἀπόσ-

2203 3385 2360 3438 τολοι.
2403 3388 2545 3437 Διατί
2599 3380 2678 3449 δὲ,
2729 3387 2800 3454 μή
2859 3392 3137 3456 χειμῶνος,
3189 3380 3329 3456 μηδὲ
3381 3380 3674 3453 Σαϐϐάτῳς
3723 3385 3795 3435 Mi:

2204 3482 2463 3547 χειμῶνος
2493 3475 2603 3546 μεν,
2629 3468 2723 3524 διὰ
2744 3475 2837 3530 τὴν
2866 3468 3149 3524 δυσκολίαν
3179 3475 3270 3529 τὴν
3315 3471 3416 3523 ἀπὸ
3465 3478 3562 3523 τοῦ
3594 3475 3791 3542 καιροῦ·

2206 3568 2276 3636 μὴ
2330 3561 2572 3632 Σαϐϐάτῳ
2624 3557 2702 3625 δὲ,
2762 3557 2856 3613 διὰ
2916 3563 3002 3614 τὸν
3057 3564 3230 3633 νόμον,
3313 3560 3408 3613 ούκ
3467 3561 3798 3633 ἐπιτρέποντα

2209 3650 2452 3725 βαδίζειν
2483 3651 2530 3703 ἐν
2563 3649 2808 3723 Σαϐϐάτῳ
2833 3656 3116 3724 περαιτέρω
3167 3659 3266 3702 τῶν
3296 3653 3676 3723 νενομισμένων
3714 3646 3800 3720 £31:-

2207 3763 2382 3816 ματων
2391 3785 2403 3796 .

2208 4033 2449 4104 ταραχὴν
2483 4035 2581 4079 τῶν
2611 4027 2879 4099 λογισμῶν
2918 4043 2931 4057 ο
2958 4025 3218 4078 Σάϐϐατον
3246 4022 3305 4078 δε
3334 4030 3428 4083 τὴν
3477 4026 3672 4099 ἀργίαν
3727 4031 3808 4081 τῆς

2209 4118 2409 4194 ἀρετῆς.
2465 4122 2744 4192 Παρεγγυᾲ
2789 4119 2890 4190 γὰρ
2945 4117 2971 4168 ὁ
3039 4116 3190 4187 λόγος
3256 4118 3686 4190 προσεύχεσθαι,
3748 4115 3807 4184 μὲ

2207 4210 2561 4281 γενέσθαιτὴν
2619 4203 2799 4268 ἔξοδον
2845 4215 2936 4266 τῆς
2988 4205 3175 4277 ψυχῆς
3212 4207 3356 4277 ἡμῶν
3411 4204 3458 4256 ἐν
3533 4206 3671 4277 ζάλῃ
3734 4206 3814 4253 καὶ

3698 4294 3814 4345 ἀλλὰ

2208 4305 2419 4373 ταραχῇ
2469 4296 2760 4368 λογισμῶν,
2815 4291 2946 4367 μηδ’
2992 4293 3040 4346 ἐν
3080 4294 3240 4368 ἀργίᾳ
3289 4303 3379 4354 τῆς
3430 4293 3650 4368 ἀρετῆς,

437 4388 852 4462 tranquillitate
876 4386 1303 4458 cogitationum
1332 4392 1388 4443 et
1413 4388 1756 4459 operatione
1775 4392 2087 4444 Virtutum.

2207 4387 2564 4460 γαληνιῶντων
2629 4393 2728 4437 τῶν
2770 4385 3052 4458 λογισμῶν,
3124 4389 3213 4437 καὶ
3296 4383 3678 4459 ἐνεργουμένης
3732 4390 3816 4441 τῆς

2210 4476 2416 4552 ἀρετῆς.

1665 4609 1891 4677 Variae
1922 4610 2250 4678 lectiones
2282 4621 2346 4676 et
2380 4617 2578 4676 notae.

535 4751 621 4825 24)
660 4757 762 4802 Τοῦ
794 4750 1228 4825 πληρωοῆναιγΑ.
1283 4752 1442 4825 Loco
1464 4751 1708 4808 laudato
1728 4758 1973 4825 uterque
2001 4769 2092 4810 co-

437 4821 549 4876 dex
582 4823 640 4874 in
676 4829 828 4876 textu
863 4821 1028 4876 Lucae
1060 4823 1235 4877 habet
1265 4823 1586 4881 πλησθῆναι.

508 4894 621 4966 (25)
657 4893 973 4949 Hentenius
1024 4893 1301 4959 reddidit,
1345 4910 1413 4950 ac
1461 4895 1508 4949 si
1540 4895 1766 4966 legerit,
1821 4895 1925 4957 τοῖς
1977 4899 2086 4969 μὲν,

507 5069 594 5142 (Ιι)
623 5071 698 5125 Et
735 5061 939 5141 fugam
973 5071 1295 5140 expeditam
1318 5086 1464 5128 eam.
1518 5072 1651 5128 Haec
1673 5088 1794 5128 non
1851 5077 1987 5129 sunt
2029 5074 2091 5130 in

436 5143 658 5216 Graeco.
685 5143 850 5198 Forte
876 5149 1076 5198 autem
1104 5143 1371 5208 voluit,et
1404 5145 1484 5199 ad
1502 5146 1730 5216 fugam.
1758 5145 1822 5200 In
1854 5145 2091 5202 codice-

435 5214 540 5302 illo
596 5213 842 5270 fortasse
891 5221 1014 5271 erat
1048 5230 1060 5270 :
1098 5217 1301 5287 Κούφην
1373 5221 1463 5269 καὶ
1503 5213 1733 5278 ἐὐσταλῆ
1822 5221 1953 5293 πρὸς
1994 5237 2088 5291 φυ-

437 5305 665 5486 :EzztEt
681 5356 858 5414 simul
880 5372 1018 5414 cum
1044 5357 1476 5430 embryonibus
1495 5376 1566 5420 ac
1587 5361 1937 5420 lactentibus
1960 5375 2091 5434 per-

481 5449 626 5485 )UDL

510 5503 575 5573 (j)
610 5502 1046 5558 l’usillanimis.
1089 5504 1204 5557 Hoc
1230 5518 1342 5556 non
1375 5506 1544 5559 estin
1576 5507 1796 5562 Graeco.
1825 5505 2090 5562 Similem

442 5575 796 5632 sententiam
854 5577 1085 5647 reperio
1133 5573 1192 5628 in
1241 5573 1459 5632 Catena
1511 5577 1768 5634 Corderii
1833 5577 1994 5634 adh.
2051 5577 2089 5633 l.

2200 4760 2309 4814 τοῖς
2340 4749 2419 4808 δέ.
2451 4750 2562 4807 Sed
2588 4749 2758 4820 nulla
2779 4764 2935 4820 opus
2964 4753 3056 4804 est
3090 4749 3470 4806 correctione.
3508 4753 3640 4808 Nec
3667 4750 3820 4808 enim

2201 4825 2280 4882 ad
2311 4824 2448 4892 ούαὶ,
2483 4822 2590 4877 sed
2615 4823 2688 4878 ad
2721 4817 3032 4893 δυναμένων
3062 4820 3325 4878 refertur.

2201 5031 2272 5132 ex
2300 5072 2521 5131 Isidoro
2570 5077 2626 5130 et
2657 5071 2819 5146 apud
2877 5071 3174 5146 Isidorum
3203 5071 3352 5146 lib:
3384 5087 3426 5138 ι,
3467 5075 3668 5146 epist.
3711 5076 3828 5136 212,

2141 5208 2146 5215 _
2199 5149 2470 5205 etiamin
2501 5145 2733 5201 schedis
2781 5147 2935 5200 meis
2987 5145 3136 5202 inter
3185 5144 3418 5215 inedita
3463 5144 3720 5204 scholia
3750 5151 3834 5204 est

2201 5217 2501 5291 ejusmodi
2530 5216 2747 5291 Severi.
2782 5216 2894 5272 Sed
2948 5215 3008 5271 in
3039 5213 3511 5291 λῆς-βραχύτατον
3575 5235 3710 5275 non
3754 5235 3836 5291 re-

2199 5285 2426 5365 peritur
2456 5307 2468 5346 :
2495 5285 2758 5365 νῃπιῶδες
2782 5293 2982 5365 autem
3028 5292 3096 5365 et
3129 5285 3317 5365 ἁὲὲλξξζ
3352 5293 3719 5365 Βραχύτατον
3751 5290 3834 5346 in-

2153 5395 2159 5402 -
2201 5358 2485 5435 terpretor
2516 5359 2978 5435 βραχυϐιὼτατον,
3011 5358 3139 5435 Alia
3184 5359 3342 5416 enim
3388 5358 3671 5419 subesse
3706 5377 3828 5419 sen-

2200 5431 2383 5491 tentia
2413 5431 2637 5506 nequit;
2672 5432 2837 5486 Forte
2890 5431 3202 5506 Hentenius
3249 5447 3280 5486 e
3313 5447 3446 5506 s_uo_
3475 5435 3703 5492 codice
3741 5451 3828 5492 ex-

2203 5501 2528 5580 scalpserai
2551 5503 2880 5580 βραχύνουν,
2916 5502 3087 5575 cujus
3115 5501 3396 5575 exempla
3431 5503 3692 5575 ignoro.
