3904 6210
134 197 217 257 613
1027 187 1374 248 COMMENT
1414 188 1482 248 IN
1524 186 1971 250 MATTHEUM.
2013 229 2082 240 —
2119 199 2275 255 CAP.
2320 195 2514 256 XXIV.

3290 206 3398 266 614

190 332 343 387 Ἐσται
371 361 422 373 -
453 332 667 401 γένηται.
723 330 787 382 E‘i
834 347 915 391 τις
952 326 1144 400 ἐντύχῃ
1211 332 1320 386 τοῖς
1379 324 1634 382 Ἰωσήπου

1821 321 1979 376 Vers.
2012 321 2100 380 21.
2132 323 2269 382 Erit
2295 357 2364 366 —
2398 326 2514 394 ﬁet.
2548 324 2607 381 Si
2632 325 2766 398 quis
2795 326 2856 383 in
2885 329 3130 402 Iosephi
3179 331 3400 402 scripta

141 423 458 495 συῃροίμμασι,
519 417 1063 490 πληροφορηθησεται.
1141 419 1320 467 Καίτοι
1384 415 1486 488 γὰρ
1554 412 1638 466 Ἐ-

140 509 281 583 ϐραῖος
320 511 388 578 ὢν,
441 504 811 560 διαϐεϐαιοῦται
858 510 976 581 περὶ
1015 513 1110 565 τῆς
1153 506 1402 562 τοιαύτης
1455 503 1641 572 θεομη·

134 604 234 663 νίας,
303 600 365 649 ὅτι
409 603 561 648 πᾶσαν
650 594 854 654 ἐνίκησε
919 595 1211 668 συμφορὰν,
1286 597 1376 643 καὶ
1463 596 1637 642 πᾶσαν

130 685 300 755 ὑπερέϐη
342 681 626 760 τραγῳδίαν.
707 687 849 736 Μετὰ
910 685 1010 755 γὰρ
1065 690 1157 742 τῆς
1232 681 1378 744 ξένης
1448 677 1638 738 ἐκείνης

133 775 361 849 πολιορκίας
391 782 613 834 τοσοῦτος
642 775 704 832 ἦν
745 775 770 825 ὁ
815 771 988 846 λιμὸς,
1043 773 1108 832 ὡς
1164 775 1254 821 καὶ
1292 769 1475 829 αύταίς
1523 773 1638 827 ταῖς

130 865 331 935 μητράσιν
376 864 720 938 περιμάχητον
781 858 910 914 εἶναι
967 865 1062 919 τὴν
1127 858 1482 931 τεκνοφαγίαν,
1549 859 1638 907 καὶ

131 955 223 1024 ὑπὲρ
273 956 422 1005 τούτου
484 951 729 1024 πολέμους
795 952 1052 1023 γίνεσθαι.
1117 953 1264 1011 Τίνος
1322 943 1408 999 οὖν
1479 946 1636 997 ἕνεκεν

127 1042 390 1117 χαλεπώτερα
436 1048 516 1094 καὶ
567 1037 963 1117 φρικωδέστερα
1009 1041 1210 1092 πάντων
1265 1044 1364 1088 τῶν
1419 1033 1506 1086 ἀπ’
1563 1033 1639 1084 αἰ-

129 1139 219 1191 ῶνος
291 1131 526 1203 ἀνθρώπων
611 1133 899 1184 πεπόνθασι
959 1145 972 1195 ;
1067 1131 1208 1181 Διότι
1299 1123 1640 1198 χαλεπώτερα

128 1227 196 1271 καὶ
241 1216 568 1293 ῖρικωδέστιρα
625 1221 823 1272 πάντων
888 1226 986 1270 τῶν
1063 1215 1152 1269 ἀπ’
1200 1215 1384 1276 αἰῶνος
1438 1211 1636 1286 ἀνθρώ-

127 1329 210 1359 πων
263 1309 602 1382 τετολμήκασιν,
664 1307 920 1369 ἀνελόντες
975 1309 1062 1359 τὸν
1140 1307 1258 1358 rae»
1335 1309 1425 1355 τοῦ
1479 1308 1632 1353 Θεοῦ.

126 1403 286 1458 Λουκᾶς
325 1393 374 1450 δέ
420 1398 727 1472 πλατύτερὼ
791 1416 968 1470 φησιν,
1036 1396 1118 1447 ὅτι
1175 1393 1362 1446 ’Ἐσται
1433 1389 1632 1462 ἀνάγκη

125 1487 267 1556 μεγάλη
309 1486 380 1540 ἐπὶ
423 1496 505 1547 τῆς
558 1495 686 1559 γῆς,
733 1491 823 1539 καὶ
875 1485 1004 1559 ὀργὴ
1056 1482 1104 1535 ἐν
1157 1491 1229 1554 τῷ
1283 1481 1389 1551 λαῷ
1447 1480 1629 1549 τούτῳ,

126 1580 188 1626 καὶ
249 1583 483 1627 πεσοῦνται
558 1581 779 1648 στόματι
839 1577 1134 1648 μαχαίρας,
1205 1575 1295 1622 καὶ
1364 1565 1636 1640 αἰχμαλω-

122 1667 387 1721 τισθήσονται
445 1666 511 1726 εἰς
555 1667 730 1718 πάντα
781 1667 844 1717 τὰ
909 1665 1050 1729 ἔθνη,

126 1753 229 1804 ἔσται
290 1759 548 1826 πατουμένη
656 1756 756 1806 ύπό
844 1751 1017 1817 ἕθνῶν,
1099 1751 1234 1826 ἄχρι
1317 1746 1634 1820 πληρωθῶσι

119 1847 244 1915 καιροὶ
268 1841 420 1900 ἐθνῶν.
475 1844 670 1918 Ὀργήν
717 1845 806 1915 μεν
860 1841 1016 1913 λέγων
1065 1844 1158 1898 τὴν
1199 1845 1291 1891 τοῦ
1333 1842 1489 1904 Θεοῦ,
1542 1830 1637 1886 διὰ

121 1935 180 1981 τὸν
208 1933 300 1983 Υίὸν
332 1933 495 2000 αὐτοῦ,
541 1935 758 2005 καιρούς
814 1927 872 1984 δί
917 1929 1072 1982 ἐθνῶν
1118 1931 1234 1989 τοὺς
1285 1927 1421 2002 ἄχρι
1462 1942 1634 1976 συντε-

120 2019 215 2082 λείας
239 2019 395 2094 αὖτῶν,
421 2027 504 2075 καὶ
523 2029 620 2074 τοῦ
646 2026 847 2094 κόσμου
875 2023 1082 2080 παντὸς.

170 2115 244 2162 Καὶ
286 2111 322 2163 εἰ
370 2116 434 2184 μὴ
490 2143 558 2153 -
615 2110 671 2162 αἰ
723 2113 913 2183 ἡμέραι
986 2107 1193 2161 ἐκεῖναι.
1251 2103 1474 2178 Ἡμέρας
1542 2105 1634 2166 τὰς

120 2206 181 2249 τοῦ
223 2199 405 2273 solium:
449 2206 534 2254 καὶ
585 2209 686 2261 τῆς
738 2198 1040 2272 πολιορκίας
1095 2195 1290 2257 ἐκείνης
1343 2198 1494 2266 φησὶ,
1554 2192 1630 2244 λέ-

116 2305 216 2355 γωγ
258 2290 322 2341 ὁτι
377 2290 416 2342 εἰ
483 2294 554 2363 μὴ
631 2288 1005 2347 ἠλαττώθησαν
1055 2287 1109 2338 αἱ
1179 2287 1370 2359 ἡμέραι
1446 2281 1636 2334 ἐκεῖναι

117 2379 194 2427 κατ’
230 2378 481 2452 οἰκονομίαν
535 2380 686 2452 παρὰ
732 2385 824 2430 τοῦ
893 2383 1048 2443 Θεοῦ,
1109 2374 1204 2427 οῦκ
1258 2371 1318 2425 ἂν
1376 2368 1634 2440 διεσώθη,

118 2465 180 2515 οὐκ
242 2467 290 2518 ἂν
352 2469 624 2540 ὑπεξέφυγε
702 2470 789 2519 τὸν
858 2467 1076 2518 θάνατον
1127 2469 1276 2516 πᾶσα
1353 2460 1506 2535 σὰρξ,
1577 2464 1638 2519 ἣ-

117 2572 219 2620 γονν,
264 2553 366 2610 οὐδὲ
406 2562 500 2630 μία
557 2555 714 2630 σὰρξ,
773 2551 1038 2613 Ἰουδαῑκή
1118 2549 1376 2611 δηλονότι.
1443 2550 1636 2611 Πάντες

111 2647 184 2715 γὰρ
208 2643 629 2722 ἃνδιεοθάρησαν,
671 2649 761 2697 καὶ
809 2646 856 2697 οἱ
895 2645 1054 2709 ἐντὸς,
1108 2647 1196 2694 καὶ
1252 2643 1300 2694 οἱ
1358 2639 1504 2701 ἐκτός
1531 2657 1543 2668 ο
1587 2640 1636 2690 οἱ

115 2736 184 2800 μὲν
213 2733 331 2805 λιμῷ,
369 2738 412 2787 οἱ
459 2733 515 2789 δὲ
564 2735 756 2807 λοιμῷ,
799 2736 883 2786 οἱο
937 2730 996 2785 δὲ
1057 2732 1188 2804 ξίφει
1242 2734 1332 2783 καὶ
1378 2733 1636 2789 παντοίοις

113 2821 281 2874 θανάτου
318 2830 532 2894 τρόποις,
625 2825 770 2877 Κατὰ
838 2825 1039 2875 πάντων
1090 2823 1191 2894 γὰρ
1259 2815 1529 2873 Ἰουδαίων
1588 2819 1636 2870 οἱ

110 2908 296 2981 Ῥωμαῖοι
345 2911 568 2989 σφοδρῶς
622 2912 910 2987 ἐμάνησαν,
985 2915 1074 2963 καὶ
1147 2911 1280 2962 κατὰ
1347 2918 1446 2961 τῶν
1501 2927 1636 2960 παν-

112 3007 215 3070 ταζῆ
275 2998 645 3078 διεσπαρμένων
703 3001 956 3077 ἐφέροντο.
1022 2999 1319 3059 Ἐκλεκτούς
1377 2994 1436 3050 δὲ
1491 2997 1635 3049 καλεί
1667 3029 1706 3084 C

111 3092 191 3148 πὺξ
221 3087 262 3152 ἐξ
287 3089 535 3145 Ἰουδαίων
583 3095 826 3159 πιστοὺς,
879 3086 951 3143 δι’
999 3089 1088 3151 οὓς
1134 3092 1422 3162 ταχύτερον
1481 3089 1631 3139 ἔπαυ-

111 3193 150 3227 σε
199 3182 266 3230 τὸν
310 3181 531 3255 πόλεμον,
609 3183 693 3234 ἵνα
745 3184 816 3254 μὴ
875 3178 1264 3232 συναπόλωνται
1338 3184 1444 3240 τοῖς
1517 3175 1638 3229 ἀπί-

109 3283 220 3332 ττοις,
265 3267 374 3322 ἀλλὰ
419 3271 607 3344 μᾶλλον
661 3272 743 3322 ἵνα
797 3272 926 3330 τινες
986 3277 1086 3321 τῶν
1136 3266 1368 3320 ἀπίστων
1421 3261 1636 3318 συνδιοι.

108 3356 264 3408 σωθῶσι
299 3362 501 3426 τούτοις,
554 3362 692 3413 ὥστε
743 3355 947 3432 μηδένα
987 3354 1277 3417 δυνηθῆναι
1324 3356 1508 3429 λέγειν,
1555 3359 1634 3410 ὅτι

106 3439 171 3493 διὰ
207 3452 304 3510 τοὺς
373 3453 753 3510 πιστεύσαντας
817 3451 846 3507 ἠ
911 3447 1154 3509 θεήλατος
1231 3447 1362 3505 αὕτη
1437 3448 1634 3520 μάστιξ

107 3531 294 3590 έπὲλθιν·
343 3536 441 3590 ἀλλ’
474 3540 555 3591 ἱνα
614 3537 886 3611 βλέποντες
932 3539 982 3590 οἱ
1034 3539 1419 3609 ὑπολειφθέντες
1471 3537 1631 3590 ᾶπαν-

103 3630 278 3684 ταςτοῦς
325 3625 566 3689 εναῦτοῖς
629 3631 850 3688 πιστούς
907 3622 1250 3701 διαδράντας,
1309 3635 1507 3678 συνῶσι
1537 3631 1630 3686 τὴν

104 3711 247 3778 sitim,
291 3721 370 3768 καὶ
407 3715 787 3789 βεϐαιωθῶσιν,
832 3720 899 3779 ὡς
947 3716 1005 3769 οῦ
1049 3721 1201 3789 μόνον
1246 3716 1339 3769 οὐκ
1369 3715 1630 3768 ἀπώλοντο

99 3794 155 3848 δι’
191 3801 348 3866 αὐτοὺς
392 3809 436 3858 οἱ
475 3803 868 3880 διαφθαρέντες,
920 3803 1048 3858 ἀλλὰ
1089 3805 1321 3878 μάλιστα
1349 3810 1439 3858 καὶ
1483 3805 1630 3858 αύτοὶ

101 3883 175 3938 ita
195 3896 371 3956 τούτους
396 3898 810 3968 περιεσώθησαν.

156 3974 251 4032 Ὀτι
277 3976 326 4034 δὲ
350 3988 397 4036 τὸ
438 3992 589 4038 πᾶσα
617 3986 772 4058 σὰρξ,
814 3984 926 4038 ἀντὶ
955 3993 1067 4051 τοῦ,
1117 3981 1240 4038 ούδέ
1289 3990 1403 4057 μία,
1455 3992 1632 4054 παρεί-

95 4065 267 4135 ληπται,
295 4068 430 4130 δῆλον
477 4079 569 4127 καί
620 4075 721 4128 ἀπὸ
768 4083 856 4128 τοῦ
907 4071 1191 4128 Δκυῐδικοῦ
1225 4074 1406 4150 ῥητοῦ,
1460 4076 1630 4150 λέγον-

97 4172 187 4215 τος·
236 4165 309 4220 Μὴ
367 4166 827 4241 κατακυριευσάτω
882 4184 982 4238 μου
1039 4172 1186 4218 πᾶσα
1239 4165 1445 4240 ἀνομία,
1517 4165 1629 4220 ἀντὶ

93 4253 179 4314 τοῦ,
214 4247 330 4319 and:
373 4260 482 4325 μία,
520 4260 625 4308 Καὶ
680 4261 832 4308 τοῦτο
889 4257 990 4328 γὰρ
1042 4249 1240 4328 ἰδίωμα
1267 4263 1360 4319 τῆς
1408 4256 1630 4319 παλαιᾶς

95 4337 234 4408 ιζτοσφῆ
243 4359 277 4401 ς.

148 4424 275 4479 τοδε
315 4451 395 4497 μοι
449 4436 636 4485 σκόπει
684 4440 777 4486 τοῦ
806 4434 942 4486 θείου
993 4435 1290 4506 Πνεύματος
1338 4439 1432 4494 τὴν
1482 4434 1626 4488 οἰκο-

93 4517 259 4580 "Il-i1";
298 4529 389 4582 πῶς
443 4523 468 4573 ὁ
520 4526 616 4596 μὲν
661 4523 918 4592 Ἰωάννης,
963 4523 988 4574 ὁ
1048 4522 1168 4590 ζῶν,
1217 4525 1300 4576 ὅτε
1355 4531 1520 4577 ταῦτα
1545 4529 1625 4597 γέ-

89 4617 202 4694 'I'I‘JLI,
246 4612 320 4658 καί
356 4615 482 4680 μετὰ
511 4617 609 4669 την
659 4611 851 4664 ἅλωσιν
908 4610 1065 4664 πολύν
1097 4614 1168 4664 ἔτι
1217 4613 1385 4674 ζήσας
1412 4633 1622 4689 χρονον,

93 4682 212 4776 θίξιν
260 4699 430 4749 τούτων
487 4700 730 4774 ἔγραψεν,
801 4703 883 4753 ἶνα
927 4705 999 4774 μὴ
1068 4696 1201 4776 δόξῃ
1268 4682 1504 4776 γράφειν,
1558 4682 1629 4766 ὡς

91 4775 217 4830 πάλαι
261 4781 500 4859 εἰρημένα,
559 4791 626 4841 τὰ
648 4786 755 4848 ἤδη
801 4794 1144 4864 γεγενημένα·
1201 4793 1251 4843 οἱ
1306 4775 1367 4844 δὲ
1411 4795 1508 4866 πρὸ
1538 4800 1628 4846 τοῦ

90 4871 282 4930 Ὶαέεὸαι
370 4885 536 4930 ταῦτα
642 4879 1071 4950 τετελευτηκότες,
1175 4877 1355 4934 ἐκεῖνοι
1462 4883 1627 4936 πάντα

93 4966 228 5028 “ﬁt;
269 4964 507 5039 ἔγραψαν,
557 4970 640 5022 ἱνα
686 4967 973 5031 ἀνύποπτος
1027 4971 1058 5030 ἠ
1097 4976 1188 5024 τοῦ
1227 4977 1460 5044 Χριστοῦ
1509 4977 1627 5047 περὶ

143 5162 182 5197 ⁸⁸
204 5163 320 5224 Luc.
345 5187 455 5239 ιιι,
481 5173 578 5242 23,
611 5175 694 5234 24.
774 5179 820 5214 ι’
843 5176 998 5235 Psal.
1028 5193 1226 5246 cxvnr,
1264 5177 1355 5236 15.

1749 407 1992 478 incidat,
2013 411 2226 469 certior
2254 415 2500 470 omnino
2531 415 2604 469 de
2632 414 2723 470 his
2749 414 3053 474 efﬁcietur.
3087 417 3400 492 Siquidem

1750 512 1888 554 cum
1913 501 2091 557 etiam
2138 502 2380 559 Iudaeus
2421 509 2594 570 esset,
2630 504 2888 562 afﬁrmat
2918 508 2993 562 de
3050 508 3400 580 hujusmodi

1750 587 1849 641 Dei
1880 587 1986 653 ira,
2016 591 2178 661 quod
2209 608 2450 648 omnem
2483 595 2794 649 excesserit
2820 595 3240 664 calamitatem,
3274 614 3400 654 om-

1748 691 2009 749 nemque
2040 695 2424 751 supergressa
2473 684 2549 737 sit
2580 684 2952 752 tragmdiam.
3009 688 3156 742 Nam
3188 693 3400 757 praeter

1749 766 2120 823 tremendam
2150 769 2313 825 illam
2344 769 2738 842 obsidionem,
2774 779 2938 830 tanta
2957 780 3082 830 erat
3098 775 3306 841 fames,
3336 778 3401 831 ut

1748 853 1897 926 ipsis
1907 871 2150 928 quoque
2163 858 2454 914 matribus
2478 874 2686 930 pugna
2705 859 3000 933 fueritpro
3014 878 3115 918 esu
3136 863 3400 920 ﬁliorum

1749 942 1837 999 Ob
1857 959 2044 1015 quam
2067 961 2208 1016 ergo
2235 962 2500 1017 causam,
2526 947 3025 1005 miserabiliorem
3053 967 3122 1007 ac
3149 953 3401 1009 horribi-

1746 1030 1955 1088 liorem
1971 1034 2129 1104 passi
2151 1039 2288 1090 sunt
2307 1033 2689 1092 aﬂlictionem
2711 1037 2994 1093 omnibus
3011 1054 3146 1110 quae
3165 1039 3402 1098 fuerunt

1750 1137 1787 1177 a
1807 1121 2020 1178 saeculo
2046 1121 2073 1177 7
2093 1123 2242 1189 Quia
2270 1124 2463 1193 magis
2489 1125 2928 1182 exsecrandum
2960 1142 3026 1182 ac
3056 1127 3398 1184 horribilius

1747 1217 2239 1283 perpetraverunt
2279 1213 2576 1284 ﬂagitium
2629 1215 2913 1271 omnibus
2942 1216 3046 1288 qui
3076 1217 3315 1274 fuerunt
3367 1233 3404 1274 a

1747 1301 1968 1366 seculo,
1995 1301 2096 1358 Dei
2149 1302 2356 1358 Filium
2389 1304 2741 1360 occidentes.
2785 1307 2972 1363 Lucas
3026 1311 3227 1363 autem
3273 1307 3401 1379 pla-

1745 1389 1884 1445 nius
1911 1390 2053 1446 dicit
2083 1407 2095 1444 :
2128 1391 2259 1447 Erit
2281 1391 2419 1447 enim
2436 1393 2686 1461 a/flz'ctio
2709 1409 2926 1465 magna
2956 1409 3134 1464 super
3151 1402 3398 1463 terram,

1743 1485 1798 1536 et
1820 1479 1914 1534 ira
1942 1477 2000 1532 in
2024 1480 2238 1550 papula
2267 1479 2388 1545 hoc,
2436 1480 2761 1551 cadentque
2785 1481 2912 1538 acie
2940 1482 3146 1553 gladii,
3175 1490 3233 1539 et
3271 1499 3402 1556 cap-

1746 1566 1856 1623 tivi
1901 1567 2190 1623 ducentur
2239 1567 2298 1623 in
2354 1585 2552 1626 omnes
2596 1577 2809 1640 gentes,
2840 1575 2896 1627 et
2924 1570 3247 1629 Jerusalem
3280 1575 3402 1630 cal-

1134 1664 1222 1712 καὶ
1295 1655 1634 1733 Ἰερουσαλὴμ

1817 1655 1973 1712 bitur
2001 1672 2038 1713 ιι
2060 1657 2325 1729 gentibus
2354 1657 2530 1716 donec
2551 1659 2904 1728 impleantur
2951 1665 3221 1730 tempora
3267 1677 3402 1732 gen-

1746 1746 1893 1800 tium
1922 1745 1998 1802 ιθ.
2039 1750 2193 1802 Iram
2233 1746 2474 1817 quidem
2507 1748 2606 1804 Dei
2645 1748 2850 1804 dicens
2883 1767 2896 1818 ;
2948 1754 3215 1822 tempora
3266 1766 3398 1806 vero

1744 1834 2033 1906 gentium,
2058 1850 2130 1892 ea
2144 1851 2281 1908 quae
2305 1835 2610 1893 durabunt
2625 1854 2810 1910 usque
2836 1837 2916 1895 ad
2935 1838 3401 1896 consummatio-

1743 1939 1884 1980 nem
1913 1939 2144 1996 eorum,
2168 1925 2468 1998 totiusque
2491 1927 2721 1983 mundi.

1818 2103 1977 2159 Vers.
2027 2106 2115 2159 22.
2167 2103 2244 2158 Et
2282 2103 2404 2159 nisi
2440 2103 2658 2166 —dies
2700 2103 2812 2160 illi.
2863 2103 2995 2160 Dies
3025 2103 3108 2162 ait
3161 2103 3292 2161 belli
3345 2109 3402 2162 et

1745 2191 2096 2257 obsidionis,
2120 2192 2347 2264 dicens,
2372 2192 2535 2265 quod
2553 2185 2668 2248 nisi
2695 2193 2970 2250 diminuti
2997 2194 3251 2251 fuissent
3270 2195 3398 2251 dies

1747 2282 1827 2338 illi
1840 2282 2275 2355 dispensatione
2293 2282 2516 2349 divina,
2547 2299 2934 2356 nequaquam
2964 2284 3133 2341 salva
3163 2284 3394 2351 fuisset,

1746 2388 2126 2446 nequaquam
2166 2376 2419 2428 mortem
2469 2373 2740 2429 evitasset
2762 2373 2961 2430 omnis
3008 2390 3165 2441 caro,
3196 2371 3256 2429 id
3288 2380 3398 2440 est,

1745 2461 1911 2519 nulla
1939 2463 2328 2519 ramansisset
2368 2477 2530 2528 caro,
2561 2461 2814 2520 Iudaica
2861 2463 3156 2522 videlicet.
3185 2466 3400 2522 Omnes

1746 2552 1907 2609 enim
1934 2551 2151 2608 mortui
2182 2551 2428 2608 fuissent
2455 2551 2751 2622 homines,
2770 2557 2826 2608 et
2855 2553 2960 2626 qui
2988 2554 3167 2621 intus,
3208 2559 3266 2611 et
3294 2555 3400 2628 qui

1747 2646 1914 2700 extra
1937 2647 2108 2698 erant
2132 2659 2149 2697 :
2179 2641 2431 2715 quidam
2471 2642 2652 2712 fame,
2682 2642 2936 2715 quidam
2957 2660 3094 2700 vero
3113 2649 3274 2716 peste
3297 2647 3401 2701 aut

1748 2725 2380 2806 gladio,omnibusque
2394 2735 2598 2788 mortis
2611 2732 3258 2803 generibus.Adversus
3273 2749 3399 2790 om-

1745 2838 1847 2878 nes
1879 2822 2175 2895 siquidem
2204 2823 2434 2878 Judmos
2455 2822 2706 2878 Romani
2724 2821 2920 2878 furore
2952 2823 3187 2878 accensi
3205 2827 3395 2894 erant,

1745 2912 1924 2969 etiam
1955 2913 2240 2968 adversus
2279 2927 2380 2967 eos
2410 2911 2509 2982 qui
2560 2910 2776 2984 ubique
2810 2917 3101 2968 terrarum
3144 2911 3397 2983 dispersi

1745 3000 2084 3058 ferebantur
2122 3001 2203 3073 (k)
2238 3001 2462 3057 Electos
2493 3004 2695 3057 autem
2729 3006 2899 3058 vocat
2926 2999 3152 3068 ﬁdeles,
3183 3002 3287 3073 qui
3326 3017 3400 3057 ex

1743 3091 1962 3147 Judasis
2007 3095 2192 3156 erant,
2237 3095 2478 3162 propter
2506 3106 2660 3162 quos
2691 3091 2862 3146 citius
2905 3090 3124 3162 quievit
3152 3091 3395 3158 bellum,

1744 3197 1819 3237 ne
1845 3180 2095 3252 perirent
2123 3194 2244 3235 una
2269 3195 2406 3234 cum
2437 3178 2778 3235 inﬁdelibus
2806 3197 2820 3248 ;
2855 3180 2959 3236 sed
2993 3180 3190 3252 potius
3214 3182 3399 3236 incre-

1743 3270 1871 3327 duli
1889 3269 2072 3342 aliqui
2088 3284 2192 3341 per
2217 3267 2325 3324 hos
2345 3272 2734 3338 servarentur,
2760 3283 2835 3324 ne
2857 3274 3062 3340 posset
3086 3261 3397 3342 quispiam

1743 3359 1938 3416 dicere
1971 3357 2136 3431 quod
2188 3362 2430 3430 propter
2455 3372 2557 3412 eos
2597 3356 2700 3429 qui
2756 3356 3141 3421 crediderant,
3189 3358 3317 3413 haec
3360 3373 3398 3415 a

1745 3452 1862 3506 Deo
1892 3447 2166 3504 immissa
2217 3445 2362 3502 ultio
2412 3446 2882 3519 supervenisset:
2918 3446 3021 3502 sed
3053 3446 3157 3518 qui
3207 3446 3396 3503 relicti

1741 3543 1909 3596 erant
1934 3537 2196 3594 videntes
2225 3551 2433 3592 omnes
2479 3535 2578 3607 qui
2627 3535 2776 3591 inter
2822 3535 2986 3608 ipsos
3025 3535 3396 3593 crediderant

1739 3614 2159 3700 permansisse,
2215 3623 2608 3694 intelligerent
2647 3639 2919 3690 causam,
2980 3640 3050 3680 ac
3110 3623 3392 3680 certiores

1737 3717 2145 3782 redderentur,
2185 3715 2347 3788 quod
2393 3729 2515 3770 non
2543 3713 2733 3770 solum
2765 3729 2887 3770 non
2933 3714 3226 3786 perierant
3257 3730 3396 3786 pro-

1739 3811 1869 3879 pter
1896 3806 2028 3863 illos
2069 3805 2172 3877 qui
2199 3803 2419 3861 mortui
2439 3808 2625 3870 erant,
2657 3803 2763 3860 sed
2793 3802 2985 3876 potius
3015 3807 3073 3861 et
3109 3802 3226 3876 ipsi
3254 3819 3394 3876 pro-

1738 3901 1868 3970 pter
1887 3912 1991 3952 eos
2030 3895 2246 3952 servati
2275 3898 2462 3950 erant.

1811 3985 1980 4052 Quod
2007 3990 2208 4041 autem
2237 4000 2250 4038 :
2284 4000 2398 4040 non
2436 3985 2625 4040 omnis
2655 3999 2817 4050 caro,
2859 3999 2968 4056 pro
3010 3983 3175 4040 nulla
3227 3999 3389 4050 caro,

1740 4079 2031 4138 sumatur,
2076 4071 2461 4129 manifestum
2513 4078 2601 4128 est
2657 4088 2893 4145 quoque
2947 4090 2980 4127 a
3030 4072 3187 4129 dicto
3227 4072 3395 4129 Davi-

1737 4165 1872 4220 dico
1911 4177 2033 4236 quo
2063 4162 2276 4218 dicitur
2307 4177 2323 4216 :
2348 4161 2479 4218 Non
2509 4163 2852 4218 dominetur
2875 4162 2989 4218 mei
3028 4162 3210 4218 omnis
3241 4164 3397 4232 inju-

1737 4253 1902 4310 stitia
1915 4253 1984 4317 δ’,
2011 4251 2194 4316 idest,
2218 4247 2407 4308 nulla.
2437 4253 2588 4308 Nam
2609 4255 2665 4307 et
2685 4251 2794 4307 hoc
2811 4249 3036 4307 idioma
3061 4256 3148 4307 est
3172 4250 3388 4306 veteris

1739 4343 2076 4416 Scriptum.

1807 4433 1893 4489 Tu
1935 4447 2070 4488 vero
2101 4426 2414 4486 considera
2448 4426 2594 4484 mihi
2635 4425 2823 4483 divini
2877 4425 3126 4500 Spiritus
3153 4423 3394 4497 dispen-

1737 4521 2051 4590 sationem,
2081 4535 2198 4592 quo
2229 4517 2410 4574 modo
2447 4516 2706 4574 Joannes
2735 4515 2840 4589 qui
2891 4516 2953 4572 in
3002 4514 3156 4572 vivis
3195 4514 3394 4572 adhuc

1738 4615 1865 4669 erat
1888 4610 2036 4667 dum
2058 4608 2188 4665 haac
2213 4607 2363 4663 facta
2392 4611 2549 4674 sunt,
2587 4610 2644 4662 et
2668 4606 2857 4661 multo
2883 4604 3077 4661 adhuc
3121 4607 3394 4676 tempore

1737 4706 1870 4774 post
1920 4697 2425 4772 expugnationem
2473 4694 2637 4762 vixit,
2688 4695 2832 4750 nihil
2870 4695 3086 4750 horum
3135 4693 3391 4767 scripsit,

1735 4807 1811 4848 ne
1849 4786 2024 4863 quasi
2064 4787 2206 4844 olim
2239 4785 2524 4859 praedicta
2576 4784 2832 4840 scribere
2889 4783 3209 4850 videretur,
3261 4799 3393 4856 quae

1731 4883 1854 4954 jam
1883 4880 2038 4937 facta
2067 4882 2254 4934 erant.
2289 4875 2394 4942 Qui
2438 4891 2576 4932 vero
2615 4875 2969 4948 priusquam
3018 4873 3148 4930 haec
3186 4873 3395 4930 ﬁerent

1737 4970 1954 5028 mortui
2000 4973 2152 5035 sunt,
2239 4965 2554 5026 manifeste
2630 4965 2835 5024 omnia
2896 4963 3272 5037 scripserunt,
3327 4967 3394 5021 ut

1253 5353 1470 5429 Variae
1506 5354 1838 5427 lectiones
1877 5366 1944 5426 et
1971 5364 2155 5425 notae

140 5548 208 5621 (k)
225 5546 407 5614 Etiam
435 5587 504 5600 —-
530 5557 895 5626 ferebantur.
925 5558 990 5616 Et
1015 5563 1224 5616 contra
1251 5557 1476 5632 ubique
1519 5556 1822 5632 dispersos
1861 5553 2229 5613 ferebantur.
