3904 6210
3206 15 3904 210 *τ’

432 215 535 275 615
1781 209 2057 273 EUTHYN.

2193 210 2517 274 ZIGABENI
3586 206 3789 279 “die

430 343 773 418 suspicione
823 357 1022 400 carere
1051 339 1348 399 videretur
1391 341 1599 400 Christi
1628 342 1703 399 de
1730 341 1827 399 his
1878 337 2056 396 vatici

2193 341 2385 392 τούτων
2412 344 2701 415 προφητεία
2735 349 2888 416 φανῇ.
2923 342 3213 418 Πληρὼσας
3236 347 3409 398 τοίνυν
3442 346 3581 421 ἄχρι
3609 350 3787 399 τούτου

430 434 617 491 nium.
648 434 964 505 Postquam
996 448 1137 502 ergo
1168 432 1456 488 hactenus
1486 434 1562 488 ad
1593 432 1840 506 plenum
1871 426 2081 502 praedi-

428 523 534 589 xit,
602 539 737 595 quae
780 523 854 578 de
912 521 1246 594 captivitate
1280 520 1820 594 Hierosolymorum
1884 518 2081 574 futura

430 619 613 679 erant,
638 612 844 668 transit
861 611 1040 667 etiam
1069 610 1147 666 ad
1168 610 1462 683 reliquam
1493 609 1912 683 quaestionem,
1936 611 2081 679 puta

426 704 496 758 de
526 701 787 758 secundo
817 700 1073 758 adventu
1100 716 1230 768 suo,
1272 704 1325 754 et
1373 698 1549 771 hujus
1581 698 1753 770 signa
1793 695 2078 772 praedicit,

427 807 559 863 quas
591 789 935 847 Christianis
966 788 1164 846 futura
1203 791 1342 843 sunt
1376 788 1557 842 utilia.

496 882 540 951 -ι-
568 878 895 937 Decurtavit
924 882 1118 934 autem
1174 877 1324 932 Deus
1364 875 1710 932 aﬂlictiones
1740 878 1796 932 et
1832 874 2079 932 omnino

424 969 686 1026 bellum:
722 968 767 1023 si
799 969 956 1023 enim
986 965 1211 1023 bellum
1243 964 1500 1039 amplius
1529 965 1822 1031 durasset,
1874 977 2076 1020 omnes

426 1059 529 1132 qui
551 1059 709 1114 intus
738 1060 908 1113 erant
936 1056 1171 1128 penitus
1192 1053 1345 1110 fame
1363 1053 1692 1126 periissent.

498 1149 662 1203 Vers.
696 1145 784 1200 23.
819 1146 1055 1201 Tunc—
1078 1144 1261 1200 nolite
1283 1143 1533 1200 credere.
1555 1142 1740 1198 Dictio
1753 1145 1886 1206 τότε,
1912 1144 2074 1207 tunc,

426 1235 715 1294 interdum
756 1250 876 1291 non
910 1232 1208 1302 signiﬁcat
1244 1231 1734 1306 consequentiam
1772 1232 2077 1304 praedicto-

425 1326 701 1392 rum,sed
722 1325 951 1380 initium
972 1328 1205 1379 tantum
1233 1338 1439 1378 eorum
1457 1338 1584 1393 quin
1615 1320 1875 1378 dicenda
1906 1325 2067 1377 sunt:

427 1418 578 1472 sicut
622 1416 821 1479 etiam,
854 1416 913 1469 in
938 1412 1135 1469 diebus
1191 1412 1333 1477 illis,
1382 1410 1457 1467 de
1514 1427 1636 1483 quo
1688 1411 2075 1467 disseruimus

424 1506 591 1562 tertio
620 1504 830 1577 capite.
866 1506 929 1559 Et
960 1503 1039 1558 ita
1094 1503 1208 1557 hoc
1234 1502 1287 1556 in
1338 1502 1471 1557 loco
1510 1499 1690 1556 dictio
1724 1507 1885 1564 tunc,
1922 1500 2075 1557 ordi-

424 1611 561 1651 nem
591 1593 867 1667 temporis
892 1608 1012 1648 non
1036 1590 1350 1661 signiﬁcat,
1376 1590 1475 1645 sed
1500 1589 1747 1662 quando
1770 1589 1914 1644 ﬁent
1941 1605 2074 1663 qua;

2191 430 2257 480 τὰ
2303 434 2420 505 περὶ
2465 439 2559 493 τῆς
2603 432 2844 496 ἁλώσεως
2872 441 2970 486 τῶν
3019 433 3406 509 Ἰεροσολύμων,
3454 438 3660 508 μέτεισι
3707 441 3789 489 καὶ

2193 517 2274 571 ἐπὶ
2300 523 2356 571 τὸ
2385 521 2559 573 λοιπόν
2586 524 2848 597 ἑρώτημα,
2878 527 2935 576 τὸ
2964 528 3083 597 περὶ
3108 532 3202 586 τῆς
3233 520 3480 598 δευτέρας
3511 524 3671 579 αύτοῡ
3698 546 3789 578 πα-

2189 614 2431 684 ρουσίας,
2460 616 2549 664 καὶ
2579 613 2815 687 προλέγει
2842 616 2909 667 τὰ
2939 620 3130 687 σημεῖα
3158 616 3371 680 ταύτης,
3404 619 3661 689 χρήσιμα
3685 623 3789 678 τοῖς

2193 706 2530 773 Χριστιανοῖς
2551 699 2787 774 ίσόμενα.

2260 880 2345 950 Ἠ-
2394 879 2709 934 Ἐκολόϐωσε
2741 881 2852 954 (26)
2885 877 2944 935 δὲ
2998 883 3023 935 ὁ
3056 884 3182 943 Θεὸς
3217 883 3309 946 τὰς
3340 881 3532 954 θλίψεις
3572 888 3664 936 καὶ
3706 886 3785 936 τόν

2188 966 2428 1041 πόλεμον.
2452 974 2511 1023 Εἰ
2532 972 2633 1043 γὰρ
2667 972 2949 1043 ἐκράτησεν
2991 971 3077 1025 έπὶ
3105 972 3251 1025 πλέον
3277 974 3302 1024 ὀ
3336 972 3575 1045 πόλεμος,
3608 975 3785 1037 πάντες

2188 1059 2249 1110 ἄν
2269 1060 2317 1110 οἱ
2343 1055 2486 1111 ἔνδον
2518 1060 2616 1112 ὑπὸ
2646 1069 2737 1113 τοῦ
2766 1060 2918 1134 λιμοῦ
2942 1058 3315 1137 διεφθάρησαν.

2257 1152 2384 1200 Τότε
2440 1180 2506 1189 -
2558 1153 2629 1221 μὴ
2687 1153 3024 1209 πιστεύσητε.
3084 1154 3154 1203 Τό
3200 1156 3314 1205 τότε
3366 1154 3508 1205 ἔστιν
3556 1153 3642 1205 ὅτε
3696 1152 3783 1205 ούκ

2187 1234 2493 1290 ἀκολουθίαν
2558 1234 2713 1296 δηλοῖ
2799 1248 2898 1293 τῶν
2966 1245 3363 1316 προειρημένων,
3430 1239 3541 1294 ἀλλ’
3614 1241 3783 1317 ἀρχὴν

2187 1330 2337 1398 μόνον
2395 1334 2494 1379 τῶν
2558 1328 2782 1402 ῥηθῆναι
2843 1328 3148 1401 μελλόντών,
3210 1333 3381 1405 ὥσπερ
3439 1335 3532 1383 καὶ
3600 1335 3680 1400 τό,
3736 1331 3781 1382 ἐν

2185 1423 2293 1476 ταῖς
2360 1418 2573 1491 ἡμέραις
2630 1415 2865 1483 ἐκείναις,
2932 1422 3051 1490 περὶ
3109 1418 3170 1471 οὗ
3237 1414 3539 1492 διελάϐομεν
3606 1419 3653 1472 έν
3714 1429 3781 1490 τῷ

2185 1510 2344 1581 τρίτῳ
2383 1506 2662 1578 κεφαλαίῳ.
2711 1512 2809 1560 Kal
2855 1515 2942 1559 νύν
2987 1504 3073 1560 οὖν
3118 1511 3176 1561 τὸ
3222 1512 3335 1561 τότε
3382 1508 3441 1561 ού
3485 1509 3628 1571 τάξιν
3658 1529 3780 1560 και-

2184 1603 2278 1669 ροῦ
2333 1600 2596 1667 σημαίνει,
2652 1595 2757 1648 ἀλλ’
2811 1598 2890 1649 ὅτι
2938 1597 3021 1649 ὅτε
3076 1603 3387 1669 γενήσονται
3435 1600 3501 1650 τὰ
3555 1599 3782 1673 ῥηθησόο

423 1685 678 1741 dicenda
716 1688 872 1739 sunt.
918 1681 1193 1737 Similiter
1246 1685 1303 1736 et
1339 1680 1468 1736 haec
1494 1680 1568 1735 ad
1607 1680 1903 1752 apostolos
1956 1679 2057 1735 dic.

2193 1704 2328 1739 αενα.
2383 1691 2531 1738 Δοκεῖ
2574 1688 2664 1757 μεν
2717 1681 2804 1739 οὖν
2859 1688 2945 1739 καὶ
3004 1695 3169 1739 ταῦτα
3218 1692 3349 1762 πρός
3392 1692 3508 1750 τοὺς
3552 1686 3780 1741 ἆποσσόο

423 1772 697 1829 videntur
739 1790 752 1841 ;
784 1770 858 1829 ad
884 1786 985 1826 eos
1016 1774 1219 1825 tamen
1251 1767 1518 1840 dirigitur
1552 1766 1935 1835 Christianos,
1968 1768 2073 1840 qui

424 1866 564 1919 tunc
586 1861 765 1918 futuri
803 1864 991 1917 erant.

495 1954 661 2007 Vers.
693 1952 780 2005 24.
811 1951 1061 2020 Surgent
1081 1978 1149 1989 -
1166 1946 1695 2019 pseudoprophetce
1714 1978 1784 1989 —
1806 1945 2071 2019 Surgent,

422 2040 539 2098 hoc
577 2043 684 2104 est,
726 2040 986 2095 venient.
1031 2038 1178 2093 Sunt
1211 2041 1410 2093 autem
1455 2035 1914 2109 pseudochristi,
1973 2034 2074 2109 qui

423 2145 486 2186 se
524 2128 817 2185 Christum
853 2143 983 2183 esse
1022 2127 1299 2197 ﬁngunt:
1342 2124 1877 2199 pseudoprophetae
1907 2141 2066 2189 vero,

421 2220 521 2293 qui
560 2235 624 2275 se
648 2219 879 2291 ﬁngunt
909 2232 1036 2273 esse
1063 2216 1404 2290 prophetas.

494 2308 658 2365 Vers.
686 2311 774 2363 24.
805 2308 885 2363 Et
915 2338 982 2347 —
1009 2306 1306 2377 prodigia.
1351 2304 1531 2361 Etiam
1581 2308 1717 2361 ante
1766 2320 2073 2379 expugna—

423 2400 644 2456 tionem
678 2398 1221 2472 Hierosolymorum
1248 2396 1393 2451 dixit
1415 2395 1641 2452 futuros
1666 2412 1792 2452 esse
1818 2396 2075 2469 pseudo-

422 2488 767 2563 prophetas.
806 2487 984 2543 Multi
1014 2486 1185 2553 enim,
1219 2484 1434 2558 inquit,
1468 2487 1693 2542 venient
1724 2487 1787 2541 in
1840 2484 2075 2543 nomine

420 2594 547 2637 meo
593 2578 871 2635 dicentes.
918 2577 1042 2648 Ego
1098 2592 1226 2632 sum
1281 2575 1552 2631 Christus
1593 2575 1660 2629 ³ο.
1721 2576 1788 2630 Et
1821 2590 2069 2631 rursus:

420 2669 500 2726 Et
541 2668 716 2725 mulli
749 2665 1265 2739 pseudoprophetz
1306 2670 1571 2736 surgent.
1622 2663 1736 2720 Sed
1780 2664 1881 2737 qui
1936 2669 2073 2721 ante

419 2758 752 2814 secundum
783 2773 954 2812 suum
984 2756 1307 2812 adventum
1339 2754 1591 2819 venient,
1624 2752 1683 2809 hi
1731 2752 1907 2825 longe
1944 2769 2075 2823 gra-

418 2847 614 2903 viores
648 2851 822 2903 erunt
867 2844 1004 2911 illis,
1037 2844 1140 2916 qui
1189 2844 1425 2899 fuerunt
1477 2850 1611 2899 ante
1667 2843 2071 2915 captivitatem

419 2935 995 3007 Hierosolymorum.
1026 2936 1173 2989 Nam
1195 2932 1255 2987 hi
1286 2932 1459 3003 signa
1482 2947 1725 3005 quoque
1756 2947 1979 3003 magna
2003 2948 2073 2989 ac

2183 1773 2298 1835 λους
2342 1774 2616 1847 λέγεσθαιο
2652 1779 2891 1848 φέρονται
2943 1772 3002 1829 δὲ
3026 1779 3152 1851 πρὸς
3198 1780 3314 1838 τούς
3360 1775 3641 1851 ἐσομένους
3676 1784 3780 1831 τότε

2185 1866 2551 1939 Χριστιανούς.

2254 1953 2469 2026 Ἐγερθὴ
2481 1973 2659 2006 σονται
2723 1985 2793 1994 -
2851 1952 3304 2030 ψευδοπροφῆται.
3351 1954 3777 2032 ’Ῑ-ἶγερθῆσονται,

2185 2041 2299 2096 ἀντὶ
2342 2051 2454 2110 τοῦ,
2506 2042 2817 2096 ἐλεύσονται.
2858 2048 2957 2097 Καὶ
2995 2040 3387 2119 ψευδόχριστοι
3566 2046 3699 2099 εἰσιν
3735 2050 3777 2100 οἱ

2184 2134 2576 2205 ὑποκρινόμενοι
2598 2136 2679 2185 τὸν
2703 2136 2953 2207 Χριστὸν,
2972 2129 3404 2208 ψευδοπροφῆται
3428 2131 3488 2188 δ“ε
3506 2138 3559 2188 οἱ
3576 2137 3777 2213 ὐποκρι-

2182 2227 2380 2296 νόμενοι
2410 2226 2529 2284 τοὺς
2568 2228 2858 2297 προφήτας.

2258 2316 2357 2365 Καὶ
2414 2343 2481 2352 —
2510 2316 2718 2387 τέρατα.
2783 2317 2882 2365 Καὶ
2926 2314 3025 2376 πρὸ
3064 2321 3161 2375 τῆς
3212 2312 3449 2376 ἁλώσεως
3493 2323 3596 2366 τῶν
3632 2315 3771 2388 Ἱεροο

2188 2400 2423 2474 σολύμων
2455 2398 2588 2453 εἶπεν
2628 2403 2842 2454 ἔσεσθαι
2884 2398 3311 2477 ψευδοχρίστους
3343 2408 3435 2455 καὶ
3480 2400 3771 2478 ψευδοπρο-

2185 2496 2366 2563 φήτας.
2450 2489 2635 2543 Πολλοὶ
2716 2492 2839 2566 γὰρ,
2927 2496 3107 2563 φησὶν,
3184 2490 3474 2545 ἐλεύσονται
3546 2492 3629 2546 ἐπὶ
3706 2502 3771 2564 τῷ

2186 2578 2399 2652 ὀνόματί
2485 2597 2605 2652 μου,
2698 2579 2945 2651 λέγοντες,
3030 2580 3164 2653 Ἐγὼ
3238 2580 3344 2654 εἰμι
3432 2582 3458 2633 ὁ
3530 2586 3767 2657 Χριστός.

2185 2675 2282 2724 Καὶ
2355 2668 2546 2722 πάλινο
2634 2674 2735 2722 Καὶ
2817 2668 2993 2723 πολλοὶ
3055 2666 3488 2745 ψευδοπροφῆται
3573 2671 3771 2747 ἐγερθήο

2185 2777 2381 2815 σονται.
2450 2756 2585 2812 Ἀλλ’
2640 2760 2687 2811 οἰ
2749 2762 2848 2834 πρὸ
2912 2767 3006 2822 τῆς
3060 2756 3302 2835 δευτέρας
3360 2760 3519 2813 αύτού
3586 2781 3774 2837 παρουο

2186 2853 2319 2914 σίας,
2354 2848 2499 2900 οὗτοι
2549 2847 2720 2919 πολλῷ
2776 2846 3057 2923 βαρύτεροι
3116 2856 3216 2901 τῶν
3266 2852 3364 2922 πρὸ
3410 2858 3500 2909 τῆς
3532 2850 3776 2912 ἁλώσεως

2181 2945 2282 2989 τῶν
2311 2935 2697 3010 Ἱεροσολύμων.
2750 2937 2909 2989 Οὗτοι
2960 2939 3061 3011 γὰρ
3119 2942 3209 2990 καὶ
3253 2944 3531 2996 ποιήσουσι
3578 2946 3777 3003 σημεῖα

419 3024 694 3097 prodigia
718 3024 935 3079 facient
961 3039 973 3077 :
1000 3021 1434 3094 pseudochristi
1486 3022 1730 3095 quidem
1785 3020 2057 3079 miracula

2193 3026 2379 3099 ιεσγάλα
2426 3030 2514 3078 καὶ
2552 3029 2778 3100 τέρατα·
2837 3028 2884 3078 οἱ
2922 3029 3011 3099 μὲν
3059 3023 3466 3102 ψευδόχριστοι,
3519 3029 3777 3101 Θαυματο-

419 3113 686 3170 edentes:
707 3111 1247 3186 pseudoprophetis
1264 3126 1405 3169 vero
1417 3111 1697 3185 quaedam
1714 3111 1912 3169 futura
1926 3127 2069 3185 prae-

419 3203 704 3259 dicentes.

488 3292 652 3347 Vers.
685 3294 775 3348 24.
806 3290 897 3347 Ila
944 3296 1011 3346 ut
1058 3320 1128 3332 —
1184 3290 1380 3349 electi.
1432 3289 1491 3347 Si
1548 3290 1676 3347 fieri
1722 3294 1935 3364 potest,
1986 3290 2069 3347 eis

415 3379 630 3435 dicitur
658 3380 746 3451 (l).
799 3379 954 3434 Inter
982 3377 1466 3451 pseudochristos
1527 3384 1728 3436 autem
1789 3394 1943 3434 unus
1979 3382 2071 3434 est

413 3469 825 3533 Antichristus,
894 3474 1224 3539 postremus
1275 3484 1482 3524 eorum
1532 3474 1831 3534 venturus,
1891 3468 2065 3539 cujus

415 3559 721 3632 prophetas
751 3556 853 3629 qui
894 3556 1190 3622 dicuntur,
1223 3558 1282 3613 hi
1314 3562 1453 3613 sunt
1481 3556 2023 3630 pseudoprophetae
2050 3572 2064 3615 :

414 3647 489 3703 de
519 3663 641 3721 quo
662 3648 836 3702 etiam
875 3644 1089 3701 Paulus
1107 3645 1339 3717 scripsit
1367 3662 1381 3701 :
1417 3651 1735 3718 postquam
1770 3645 1927 3701 enim
1958 3662 2070 3703 vo-

414 3737 565 3793 cavit
593 3752 732 3792 eum
778 3734 1082 3790 hominem
1131 3733 1378 3805 peccati,
1430 3733 1742 3806 ﬁliumque
1791 3734 2070 3806 perditio-

414 3826 527 3892 nis,
561 3824 791 3881 addidit
822 3840 835 3879 :
871 3822 1047 3893 Cujus
1073 3831 1155 3880 est
1199 3822 1475 3880 adventus
1522 3822 1837 3880 secundum
1863 3839 2071 3894 opera-

417 3916 633 3975 tionem
655 3916 894 3971 Satanae
921 3913 978 3967 in
996 3912 1153 3969 omni
1178 3913 1391 3970 virtute
1414 3919 1468 3970 et
1497 3914 1668 3985 signis
1692 3928 1763 3970 ac
1780 3915 2069 3985 prodigiis

415 4005 639 4079 falsi".
673 4004 743 4059 Hi
775 4018 916 4074 ergo
934 4002 1173 4073 signum
1204 4007 1343 4059 sunt
1365 4003 1611 4060 secundi
1642 4002 1958 4061 adventus.

487 4189 644 4244 Vers.
700 4190 788 4243 25.
844 4190 991 4246 Ecce
1037 4185 1300 4257 praedixi
1354 4185 1535 4242 vobis.
1582 4186 1849 4241 Testatur
1901 4181 2067 4259 quod

414 4277 726 4336 manifeste
746 4276 1127 4351 praedicendo
1151 4274 1445 4331 munierit.
1461 4274 1633 4347 Apud
1648 4277 1905 4331 Marcum
1925 4290 2065 4331 vero

414 4370 495 4426 ait
526 4385 539 4424 :
580 4368 678 4425 Vos
705 4373 900 4424 autem
930 4366 1149 4423 videte:
1181 4378 1311 4420 ecce
1330 4362 1583 4435 prcediri
1598 4363 1751 4419 vobis
1774 4362 1969 4419 omnia
1994 4364 2057 4430 δ’,

2193 4364 2414 4433 Βλέπετε,

413 4474 551 4531 quas
603 4458 876 4515 videlicet
930 4454 1277 4527 contingent
1329 4452 1404 4510 de
1463 4452 1895 4508 seductorihus.
1957 4452 2066 4510 Per

415 4548 721 4622 apostolos
773 4562 917 4603 vero
972 4545 1097 4602 haec
1146 4544 1324 4600 etiam
1381 4541 1522 4598 dicit
1551 4542 1627 4598 ad
1675 4549 1969 4616 posteros,
2002 4545 2065 4597 ut

414 4638 576 4709 prius
608 4636 1007 4706 significatum
1037 4638 1142 4691 est.
1186 4633 1452 4689 Observa
1486 4631 1648 4687 enim
1696 4632 1861 4705 quod
1888 4632 2064 4687 etiam

417 4724 496 4783 ad
518 4724 819 4797 apostolos
845 4722 1404 4796 praedixeriteaquaa
1431 4719 1506 4777 de
1519 4720 2064 4793 Hierosolymorum

2181 3124 2465 3186 ποιοῦντες,
2527 3116 2576 3169 οἱ
2642 3112 2699 3169 δὲ
2764 3112 3217 3191 ψευδοπροφῆται,
3281 3118 3614 3191 προλέγοντές
3667 3139 3776 3171 τινα

2180 3204 2443 3277 μελλοντα.

2247 3301 2409 3348 Ὥστε
2459 3325 2527 3336 —
2580 3276 2986 3357 ἒκλεκτούς.Ἐί
3037 3290 3258 3348 δυνατὸν
3315 3294 3494 3358 αύτοῖς
3546 3302 3771 3370 γένηται.

2176 3386 2381 3437 Τούτων
2435 3392 2531 3435 τῶν
2560 3380 2964 3459 ψευδοχρίστων
3018 3385 3092 3445 εἷς
3147 3384 3257 3438 ἔστι
3291 3390 3379 3439 καὶ
3430 3388 3454 3437 ό
3508 3386 3770 3461 λεγόμενος

2178 3473 2563 3549 Ἀντίχριστος,
2628 3472 2917 3534 τελευταῖος
2980 3481 3079 3525 τῶν
3127 3473 3289 3526 ἄλλων
3346 3473 3647 3549 ἐρχόμενος,
3715 3476 3773 3528 ού

2178 3570 2442 3637 προφῆται
2504 3564 2552 3614 οἱ
2614 3560 2851 3637 ῥηθέντες
2914 3561 3058 3615 οὗτοι
3128 3560 3585 3637 ψευδοπροφῆται.
3654 3570 3771 3639 Περὶ

2177 3655 2363 3704 τούτου
2404 3656 2491 3704 καὶ
2537 3651 2737 3713 Παῦλος
2766 3650 2995 3725 ἔγραψε*
3056 3651 3279 3715 καλέσας
3320 3655 3423 3726 γὰρ
3451 3656 3572 3726 (27)
3624 3655 3773 3707 αὐτὸν

2178 3742 2446 3817 ἄνθρωπον
2506 3740 2782 3815 ἁμαρτίας,
2838 3746 2928 3794 καὶ
2992 3743 3102 3794 υἱόν
3165 3739 3440 3808 ἀπωλείας,
3493 3744 3775 3817 ἐπήγαγεν,

2179 3830 2257 3883 Οὖ
2312 3829 2449 3883 ἐστιν
2511 3830 2541 3888 ἡ
2606 3835 2873 3905 παρουσία
2934 3832 3049 3883 κατ’
3110 3829 3355 3905 ἐνέργειαν
3419 3840 3511 3885 τοῦ
3557 3838 3773 3905 Σατανᾶ,

2179 3918 2227 3973 ἄν
2292 3922 2437 3991 πάση
2508 3915 2728 3991 δυνάμει
2797 3924 2886 3972 καὶ
2953 3924 3190 3993 σημείοις
3259 3924 3346 3973 καὶ
3407 3927 3595 3995 τέρασι
3658 3924 3777 3995 ψεύ·

2180 4006 2318 4072 δονς.
2373 4009 2533 4062 Οὗτοι
2594 4005 2680 4062 οὖν
2725 4011 2829 4062 εἰσι
2874 4012 2933 4061 τὸ
2975 4017 3187 4083 σημεῖον
3230 4018 3326 4074 τῆς
3374 4007 3622 4086 δευτέρας
3653 4032 3773 4085 παρ-

2180 4102 2383 4160 ουσίας.

2254 4183 2413 4258 Ἰδού,
2498 4190 2785 4263 προείρηκα
2848 4189 2989 4259 ύμῖν.
3058 4190 3475 4265 Διαμαρτύρεται
3559 4190 3779 4265 ἐξασφα-

2178 4275 2460 4348 λιζόμενος.
2524 4279 2675 4351 Παρὰ
2728 4273 2787 4329 δι
2850 4284 2923 4347 τῷ
2988 4282 3185 4349 Μαρκῳ
3246 4297 3426 4351 φησιν,
3482 4279 3662 4352 Ὑμεῖς
3728 4279 3781 4333 δε

2505 4362 2622 4417 ἰδού
2718 4370 3006 4440 προείρηκα
3082 4368 3267 4433 πάντα,
3362 4364 3632 4437 δηλονότι,
3722 4374 3783 4421 τὰ

2175 4459 2292 4528 περὶ
2337 4462 2433 4506 τῶν
2480 4453 2699 4508 πλάνων.
2760 4455 2855 4507 Διὰ
2912 4451 2970 4506 δε
3008 4462 3108 4525 τῷν
3158 4453 3476 4521 ἀποστόλων,
3531 4460 3603 4520 ὡς
3664 4479 3784 4532 προ-

2179 4539 2498 4608 δεδήλωται,
2540 4546 2669 4616 πρός
2719 4546 2836 4604 τοὺς
2892 4543 3105 4617 ὕστερον
3158 4552 3325 4597 ταῦτα
3379 4544 3535 4619 λέγει,
3598 4554 3784 4622 Παρα.

2175 4636 2409 4706 τήρησον
2446 4634 2569 4706 γὰρ,
2629 4634 2709 4683 ὅτι
2739 4634 2867 4705 πρὸς
2919 4635 3033 4693 τοὺς
3065 4630 3381 4695 ἀποστόλους
3414 4632 3524 4688 εἶπε
3564 4643 3666 4690 καὶ
3725 4642 3786 4690 τὰ

2178 4726 2293 4798 περὶ
2358 4728 2449 4782 τῆς
2504 4720 2737 4782 ἁλώσεως
2789 4729 2888 4774 τῶν
2951 4720 3337 4797 Ἱεροσολύμων,
3390 4728 3481 4776 καὶ
3541 4728 3611 4779 τὰ
3668 4732 3787 4803 περὶ

487 4902 539 4948 ⁸ο
578 4901 773 4962 Matth.
806 4901 960 4973 xxiv,
988 4900 1043 4956 5.
1121 4900 1166 4937 ⁸⁸
1202 4899 1247 4956 ll
1281 4898 1483 4957 Thess.
1517 4914 1577 4969 ιι,
1608 4904 1659 4968 3,
1698 4903 1748 4956 9.
1825 4900 1873 4937 ⁵³
1896 4901 2051 4957 Marc

2193 4916 2218 4965 1,
2244 4898 2333 4959 23.

1615 5078 1848 5150 Varia
1887 5077 2217 5148 lectiones
2257 5087 2323 5149 et
2361 5088 2570 5150 nota.

486 5280 601 5358 (29)
627 5284 760 5358 naso
789 5278 850 5337 in
880 5282 1086 5358 neutro
1111 5279 1773 5358 meorumcomparent.
1814 5273 2067 5350 Sumpta

417 5350 558 5413 sunt
584 5350 658 5411 ex
685 5352 1112 5427 Theophylact.
1142 5366 1203 5423 p.
1235 5350 1341 5408 145
1369 5354 1441 5407 Α.

2249 5276 2361 5351 (‘27)
2404 5279 2526 5353 Γάρ,
2560 5276 2731 5337 abest
2756 5281 2823 5337 Α.

485 5530 553 5607 (ἰ)
586 5532 1120 5605 Henteniusliysm
1140 5529 1373 5587 videtur
1405 5526 1621 5600 legisse
1664 5528 1794 5587 loco
1832 5533 2065 5603 γένηται,
2097 5527 2264 5601 quod
2300 5530 2501 5587 tamen
2550 5526 2796 5586 minime
2841 5524 3249 5602 probandum.
3300 5526 3543 5591 Redde:
3593 5536 3665 5594 Si
3714 5540 3793 5595 ei:

414 5607 679 5683 possibile
698 5608 795 5663 sit.
