3904 6210
428 313 535 370 623

428 446 655 511 perque
682 422 1112 501 exspectarent.
1142 416 1218 475 Et
1235 410 1373 470 vide
1392 402 1702 511 quoquo
1732 394 2078 457 mirabiliter
2109 391 2155 445 A

430 487 710 596 impulerit
731 487 1144 573 vehementem
1164 515 1373 561 eorum
1394 492 1660 553 discendi
1687 487 2072 560 cupiditatem

1338 590 1348 596 .
1676 582 1690 596 ,
1722 580 1732 590 ,
1822 573 2072 596 __A_"___

432 573 630 671 21:51;
639 573 771 665 ilio
819 608 876 661 et
918 602 1071 659 hora
1097 613 1111 664 ;
1139 610 1213 652 ne
1256 590 1417 647 enim
1462 598 1638 657 snper
1676 580 1771 637 bis
1816 573 2075 671 amplius

430 660 836 761 {urbemin—tur,
866 660 960 748 ait
996 705 1009 745 :
1039 660 1118 744 Ne
1157 680 1353 753 angeli
1386 675 1634 749 quidem
1674 667 1962 725 caelorum
2003 660 2077 715 de

430 790 526 847 his
562 790 785 845 norunt
821 778 1067 855 quando
1103 777 1353 831 ventura
1390 767 1571 829 sunt;
1617 776 1684 816 ac
1724 757 1774 813 si
1812 753 2074 810 diceret:

434 839 1011 948 ἔί-οιῖέοιῖοωίοειοε
1041 865 1170 921 haec
1198 859 1497 930 ignorant,
1526 849 1716 908 multo
1748 842 1940 914 magis
1974 839 2076 894 ho-

433 970 626 1028 mines
650 970 911 1024 terrenos
936 973 1009 1015 ea
1036 954 1187 1011 scire
1215 963 1339 1007 non
1368 940 1625 1018 expedit.

438 1283 847 1381 mercaturas
878 1310 1241 1381 intelligitur,
1272 1315 1393 1359 non
1434 1296 1513 1355 ad
1553 1293 1786 1381 Filium.
1831 1283 2087 1381 Siuenim

436 1372 997 1481 zagigaggnabet,
1014 1372 1183 1455 Pater
1195 1372 1317 1451 Filii
1329 1390 1486 1452 sunt.
1507 1377 1815 1441 sicutdixit
1827 1374 2002 1432 Filius
2015 1372 2086 1439 ι’,

436 1502 589 1558 inter
616 1464 823 1555 omnia
842 1495 1045 1549 autem
1066 1489 1157 1542 est
1181 1495 1393 1544 unum,
1421 1475 1568 1531 scire
1588 1471 1749 1526 diem
1775 1470 1832 1522 et
1850 1464 2083 1524 horam,

595 1583 807 1660 procul
848 1577 1037 1636 dubio
1071 1574 1249 1631 etiam
1287 1570 1403 1624 hoc
1440 1562 1563 1620 erit.
1606 1556 1781 1630 Apud
1828 1556 2088 1610 Marcum

436 1639 576 1734 vero
600 1639 896 1745 scriptum
930 1670 1021 1723 est
1053 1679 1065 1718 :
1093 1662 1284 1731 Neque
1314 1656 1526 1715 Filius,
1567 1648 1683 1704 nisi
1719 1646 1892 1699 Pater
1920 1641 1988 1745 ας.
2024 1639 2090 1691 Et

438 1764 691 1840 quidam
720 1756 1071 1826 intelligunt,
1104 1746 1270 1821 quod
1307 1756 1503 1814 neque

438 1818 689 1911 ijllfurnet
710 1818 938 1905 horam;
948 1847 1014 1898 ut
1035 1818 1217 1895 homo
1241 1855 1253 1900 ;
1274 1848 1418 1888 nam
1439 1834 1505 1883 ut
1526 1829 1678 1881 Deus
1697 1818 1865 1877 novit
1888 1828 2090 1887 eaqua-

440 1907 751 1998 literﬂcum
780 1936 972 1989 Patre.
1009 1926 1218 1999 Aptius
1248 1926 1333 1978 est
1375 1923 1575 1976 autem
1605 1918 1670 1968 ut
1702 1912 1783 1966 ita
1812 1907 2041 1963 dicatur
2072 1917 2086 1955 :

441 2032 643 2103 Neque
662 1992 852 2083 ii‘ilius
880 2020 1012 2086 scit,
1042 1992 1160 2073 nisi
1192 2012 1381 2075 Pater,
1411 2004 1684 2063 videlicet
1714 1999 1863 2054 sciat
1896 2012 1911 2062 ;
1944 1992 2091 2061 quia

438 2082 607 2177 νέτῖ
622 2082 731 2173 scit
767 2113 962 2182 Pater,
996 2082 1102 2163 scit
1141 2103 1342 2175 utique
1380 2103 1436 2154 et
1472 2094 1653 2151 Filius
1693 2107 1706 2146 :
1746 2090 1874 2161 Ego
1912 2082 2086 2148 enim,

442 2205 653 2281 inquit,
696 2210 749 2260 et
781 2178 966 2257 Pater
1005 2210 1190 2252 unum
1229 2203 1432 2247 sumus
1476 2186 1545 2248 5‘,
1590 2178 1909 2237 Considera
1949 2186 2090 2227 vero

440 2263 749 2370 quomodo
783 2287 947 2361 apud
984 2283 1320 2342 Matthteum
1358 2273 1605 2348 quidem
1635 2268 1873 2342 ponitur
1912 2263 2089 2325 solus,

443 2352 551 2441 ;ed
570 2381 741 2439 nulla
760 2352 1063 2435 iit-mentio
1086 2368 1230 2435 Filii,
1255 2383 1326 2423 ne
1347 2365 1523 2421 etiam
1536 2360 1614 2417 ad
1630 2372 1769 2415 eum
1782 2352 2092 2410 referatur.

442 2438 619 2546 Apud
660 2472 921 2528 Marcum
958 2466 1158 2520 autem
1197 2472 1320 2515 non
1356 2453 1610 2511 habetur
1656 2446 1832 2509 solus,
1881 2440 1988 2497 sed
2028 2438 2096 2493 ﬁt

443 2537 670 2621 mentio
702 2556 842 2625 Filii,
876 2556 941 2611 ut
964 2549 1322 2621 intelligatur
1347 2544 1498 2599 sicut
1521 2537 1800 2596 diximus.

517 2757 681 2815 Vers.
766 2752 856 2811 37.
932 2747 1052 2806 Sed
1125 2746 1282 2802 sicut
1346 2769 1415 2783 -
1482 2732 1754 2793 hominis.
1810 2724 2096 2798 Exemplo

447 2845 793 2906 manifestat
876 2837 1044 2912 quod
1132 2833 1374 2906 repente
1464 2824 1570 2882 erit
1669 2824 1726 2878 et
1825 2819 2099 2888 inexspe-

449 2940 685 3080 cm‘gi;
740 3022 829 3076 38.
879 3016 1043 3072 Sicut
1093 3042 1163 3053 —
1201 3010 1359 3065 Vera.
1418 3005 1507 3061 39.
1567 2999 1836 3058 hominis.
1899 2994 2100 3052 Decla-

1740 264 2092 330 EUTHYMII
2128 257 2461 318 ZIGABENI

3667 228 3756 288 624

2187 392 2397 460 προεῖπε
2442 385 2531 434 καὶ
2592 380 2804 443 ταύτας,
2868 372 3069 447 ἔμελλον
3123 368 3424 421 ἀναπίπτειν
3476 368 3568 417 xui
3613 366 3762 439 ῥαθυ-

2186 482 2297 549 μείν
2351 478 2440 524 καὶ
2498 469 2851 542 ἀφροντιστεῖν
2903 464 3061 534 οἶχρις
3112 459 3301 511 αὐτῶν.
3347 462 3446 509 Καὶ
3506 457 3621 527 ὅρα,
3673 463 3763 515 πῶς

2188 566 2495 634 θαυμασίως
2546 554 2885 629 διεκρούσατο
2932 556 3025 609 τὴν
3092 553 3206 620 περὶ
3249 554 3343 606 τῆς
3404 547 3605 618 ἡμέρας
3660 543 3762 597 ἐκει-

2185 673 2277 715 νης
2333 655 2417 703 καὶ
2480 650 2615 721 ὧρας
2672 643 3003 717 φιλομάθειαν
3043 638 3227 690 αὐτῶν.
3284 635 3395 689 Ἵνα
3438 639 3541 710 γὰρ
3598 644 3763 708 μηκέτι

2186 746 2302 816 περὶ
2331 741 2521 792 τούτων
2552 734 2825 807 ἐνοχλῶσι,
2856 728 3033 803 φησὶν,
3079 729 3159 780 ὃτι
3202 722 3324 778 οὐδὲ
3370 728 3420 777 ὀὶ
3448 725 3658 797 ἄγγελοι
3681 736 3760 779 τῶν

2188 831 2415 905 οὐρανῶν
2480 822 2663 878 οἴδασι
2715 825 2831 894 περὶ
2887 819 3074 881 αὐτῶν,
3126 820 3248 868 πότε
3294 816 3529 879 ἥξουσιν,
3593 819 3761 868 ὡσανεὶ

2187 920 2367 990 λέγων,
2395 914 2606 969 ὅτιἘὰν
2644 914 2693 963 οἱ
2731 909 2942 981 ἄγγελοι
2972 909 3021 958 οἱ
3051 906 3285 979 οὐράνιοι
3311 908 3497 967 ταύτος
3528 904 3759 976 ἀγνοῶσι,

2190 1007 2357 1077 πολλῷ
2400 1003 2587 1078 μᾶλλον
2629 1004 2752 1061 τοὺς
2795 998 3099 1070 ἀνθρώπους
3152 997 3271 1056 τοὺς
3313 996 3528 1065 γηῖνους
3582 994 3641 1047 οὐ
3669 998 3759 1067 χρὴ

2192 1100 2382 1155 ταύτας
2408 1098 2700 1165 γινώσκειν.

2265 1184 2326 1237 Εἰ
2360 1188 2427 1256 μὴ
2474 1212 2543 1222 --
2606 1184 2774 1252 μόνος.
2840 1178 2910 1229 T6
2966 1177 3121 1246 μόνος
3179 1175 3308 1247 πρός
3371 1176 3489 1233 τοὺς
3549 1177 3764 1233 κτιστοὺς

2193 1279 2403 1337 νοεῖται,
2453 1275 2544 1323 καὶ
2584 1269 2642 1321 ού
2689 1270 2821 1340 πρὸς
2870 1268 2956 1317 τὸν
2988 1264 3105 1333 (35)
3154 1264 3291 1316 Υἱόν.
3350 1261 3412 1313 Εἰ
3438 1264 3543 1335 γαρ
3600 1266 3763 1327 πάντα,

2195 1364 2296 1414 ὅσα
2323 1363 2433 1432 ἔχει
2460 1360 2486 1411 6
2532 1360 2734 1429 Πατὴρ,
2782 1361 2873 1407 τοῦ
2921 1355 3044 1405 Υἱοῦ
3096 1349 3257 1415 ἐστιν,
3297 1352 3361 1410 ὡς
3389 1351 3415 1401 ό
3448 1353 3573 1411 Υίὸς
3619 1348 3762 1403 εἶπεν·

2195 1453 2243 1503 ἓν
2290 1446 2348 1503 δὲ
2382 1456 2480 1500 τῶν
2510 1449 2711 1499 πάντων
2750 1445 2926 1496 καὶτὸ
2976 1437 3167 1501 εἰδέναι
3212 1442 3305 1497 τὴν
3350 1440 3546 1512 ἡμέραν
3598 1442 3768 1497 εκείνην

2195 1545 2284 1592 καὶ
2316 1541 2450 1611 ὤραν
2474 1557 2486 1569 ·
2544 1542 2634 1588 τοῦ
2679 1535 2800 1587 Υἱοῦ
2840 1535 2929 1583 καὶ
2971 1536 3123 1582 τοῦτο
3165 1529 3389 1589 πάντως.
3429 1532 3588 1602 Παρὰ
3634 1525 3686 1581 6‘s
3710 1538 3768 1580 τῶ

2195 1630 2394 1702 Μάρκῳ
2446 1629 2736 1699 γέγραπται
2765 1623 2844 1673 ὅτι
2875 1615 3015 1671 Ούδε
3046 1620 3071 1670 ὁ
3125 1620 3261 1682 Υἱός,
3317 1616 3361 1668 εἰ
3396 1622 3469 1689 μὴ
3504 1588 3529 1668 ό
3590 1588 3763 1689 Πατήρ..

1534 1702 1709 1794 Filius
1736 1730 1901 1788 novit
1928 1727 2086 1782 diem

2208 1721 2299 1770 Καί
2317 1735 2451 1777 τινες
2475 1717 2564 1787 μεν
2606 1719 2811 1765 νοοῦσιν
2839 1711 2919 1761 ὃτι
2949 1704 3072 1760 οὐδὲ
3114 1708 3140 1757 ὁ
3170 1708 3289 1765 Υἱὸς
3319 1702 3430 1757 οἶδε
3460 1710 3558 1764 τὴν
3598 1709 3766 1779 ἡμέραν

2195 1804 2388 1862 ὶκείνην
2436 1808 2525 1855 καὶ
2557 1804 2712 1875 ὤραν,
2763 1802 2833 1859 ὡς
2877 1799 3182 1871 ἄνθρωπος’
3235 1797 3305 1856 ὡς
3330 1797 3430 1869 γὰρ
3482 1798 3611 1857 Θεὸς
3650 1792 3763 1847 οἶδεν

2197 1893 2378 1954 ἐπίσης
2429 1900 2499 1963 τῷ
2553 1894 2723 1963 Πατρί
2747 1905 2760 1919 '
2792 1892 2851 1939 τὸ
2900 1883 2959 1938 δε
2987 1885 3375 1958 γλαφυρώτερον
3406 1882 3548 1936 ἔστιν
3606 1885 3761 1949 οὕτως,

2196 1986 2276 2036 ὅτι
2321 1978 2461 2035 Ούδε
2490 1982 2515 2032 6
2564 1982 2678 2039 Υἱὸς
2719 1981 2983 2049 γινώσκει,
3034 1974 3175 2045 εἰμὴ
3223 1974 3247 2024 6
3292 1977 3468 2045 Πατὴρ
3505 1980 3762 2043 γινώσκειι

2198 2071 2304 2124 ἐπεὶ
2345 2067 2403 2123 δὲ
2453 2074 2695 2140 γινώσκει
2742 2067 2769 2117 6
2817 2066 3019 2135 Πατὴρ,
3053 2066 3295 2132 γινώσκει
3338 2062 3442 2133 ἄρα
3479 2066 3571 2113 καὶ⁵
3600 2063 3623 2112 6
3651 2064 3765 2122 Υἱός.

2196 2160 2327 2232 Ἐγὼ
2367 2160 2488 2232 γὰρ,
2546 2160 2695 2229 φησὶ,
2724 2158 2837 2205 ’καὶ
2880 2153 2905 2203 ό
2955 2155 3132 2224 Πατὴρ
3182 2150 3231 2201 ἓν
3282 2148 3453 2221 ἔσμεν.
3506 2155 3690 2202 Σπόπει
3722 2146 3769 2201 δέ

2199 2259 2308 2310 πῶς
2354 2248 2497 2320 παρὰ
2561 2248 2650 2318 μὲν
2697 2250 2767 2313 τῷ
2824 2242 3076 2310 Ματθαίῳ
3137 2245 3303 2290 κεῖται
3504 2242 3565 2290 τὸ
3620 2244 3767 2311 μόνος,

2201 2338 2259 2390 ού
2306 2338 2679 2408 μνημονεύεται
2717 2328 2775 2384 δι
2822 2333 2848 2383 6
2902 2332 3039 2394 Υἱός,
3092 2328 3175 2380 ἶνα
3230 2332 3301 2401 μὴ
3333 2332 3425 2380 καὶ
3470 2331 3599 2402 πρὸς
3642 2328 3769 2379 σώτόν

2204 2426 2553 2498 ἀναφέρηται⁹
2604 2423 2747 2494 παρὰ
2796 2417 2855 2472 δι
2906 2427 2977 2489 τῷ
3035 2420 3231 2491 Μάρκῳ
3287 2419 3346 2469 τό
3538 2422 3683 2490 μόνος
3722 2415 3769 2469 ού

2202 2521 2390 2580 κεῖται,
2448 2512 2823 2586 μνημονεύεται
2881 2504 2940 2561 δι
2973 2508 2999 2558 ό
3045 2508 3182 2573 Υἱὸς,
3238 2506 3321 2557 ἵνα
3348 2508 3583 2573 νοηθείη,
3628 2507 3773 2566 καθὼς

2205 2604 2501 2677 εἰρήκαμεν.

2274 2717 2473 2782 Ὠσπερ
2557 2703 2616 2759 δε
2693 2736 2759 2747 -
2844 2703 3137 2776 ἀνθρώπου.
3226 2703 3294 2757 Τὸ
3376 2695 3633 2773 αἰφνίδιον
3697 2704 3773 2751 καὶ

2206 2795 2604 2872 ἀπροσδόκητον
2670 2794 2832 2855 αὐτῆς
2897 2789 2991 2846 διὰ
3054 2797 3145 2843 τοῦ
3211 2786 3632 2865 παραδείγματος
3695 2787 3774 2859 ίμ-

2206 2894 2391 2962 φαίνει.

2274 2995 2473 3068 Ὠσπερ
2537 3023 2606 3033 -
2672 2988 2965 3063 ἀνθρώπου.
3030 2989 3099 3039 Τὸ
3172 2981 3505 3060 παράδειγμα
3575 2987 3778 3056 σαφηνί-

447 3112 640 3174 rando
668 3068 1271 3180 exemplumﬁdocuit,
1297 3095 1464 3170 quod
1498 3092 1698 3150 multis
1722 3087 2099 3146 versantibus

2210 3086 2330 3150 ζων,
2374 3080 2613 3144 ἐδίδαξεν
2666 3082 2746 3133 ὃτι
2797 3083 2886 3130 καὶ
2943 3084 3042 3129 τῶν
3100 3074 3299 3128 πολλῶν
3356 3080 3654 3148 τρυφώντων
3702 3077 3779 3124 καὶ

2454 3177 2461 3180 .
2700 3167 2731 3180 ιι
2783 3169 2792 3180 ι
3051 3171 3091 3180 -
3133 3171 3153 3179 -ι
3307 3159 3342 3180 λι
3502 3169 3509 3175 -
3600 3169 3643 3180 η
3688 3160 3724 3180 -Ν

448 3203 514 3261 in
562 3197 792 3257 deliciis
842 3211 914 3252 ac
970 3190 1285 3249 securitate
1339 3184 1554 3241 veniet.
1617 3184 1735 3236 Hoc
1791 3182 1988 3234 autem
2046 3180 2102 3230 et

450 3289 668 3348 Paulus
704 3284 973 3343 scribens
1000 3282 1065 3337 in
1107 3280 1267 3335 hunc
1310 3274 1581 3337 modum,
1624 3270 1745 3326 ait:
1777 3269 1912 3323 Cum
1940 3265 2103 3321 dixe-

451 3379 596 3447 rint,
621 3379 753 3434 Pax
782 3381 837 3432 et
864 3369 1166 3432 securitas,
1199 3373 1337 3423 tunc
1361 3362 1703 3433 repentinus
1724 3357 1800 3412 eis
1835 3367 2105 3424 superve-

451 3445 590 3525 niet»
611 3466 891 3523 interitus
920 3462 989 3515 ⁸⁵.
1034 3461 1249 3513 Verum
1282 3453 1333 3508 si
1368 3457 1513 3507 tunc
1542 3450 1600 3504 in
1636 3445 1864 3502 deliciis
1909 3446 2099 3507 erunt,

450 3554 762 3628 quomodo
788 3550 933 3608 dixit
960 3565 972 3603 :
998 3549 1133 3602 Post
1158 3541 1532 3612 afﬂictionem
1562 3535 1797 3591 illorum
1826 3532 2055 3587 dierum
2076 3532 2104 3583 ?

452 3621 702 3699 A-ﬁlictio
727 3638 973 3712 quidem
998 3633 1107 3689 erit
1134 3629 1455 3687 colentium
1484 3629 1667 3680 Deum
1688 3637 1758 3677 ac
1780 3621 2101 3691 justorum,

453 3731 679 3787 delicia
702 3711 840 3783 vero
871 3722 1169 3779 malorum
1194 3723 1250 3773 et
1276 3717 1735 3770 insensatorum.
1762 3711 1979 3779 Aptum
2002 3721 2102 3761 au-

454 3822 575 3874 tem
613 3814 817 3887 posuit
855 3807 1218 3880 exemplum.
1263 3803 1425 3858 Sicut
1466 3800 1627 3856 enim
1672 3802 1936 3867 tempore
1984 3797 2101 3850 Noe

452 3905 723 3963 videntes
757 3914 960 3958 arcam
988 3893 1282 3957 fabricari,
1330 3906 1466 3963 quae
1500 3891 1815 3943 venturam
1851 3899 1920 3939 ac
1963 3898 2103 3955 pro-

451 3993 743 4068 pinquam
774 4003 981 4046 eorum
1011 3982 1465 4042 subversionem
1498 3973 1960 4049 praenuntiabat,
1980 3986 2102 4027 non

455 4062 792 4140 sentiebant
823 4094 836 4133 :
878 4077 960 4132 ita
1002 4087 1243 4146 quoque
1281 4069 1342 4126 hi
1380 4066 1647 4123 videntes
1676 4062 2101 4118 Antichristum

454 4168 664 4228 sedulo
692 4168 1067 4225 laborantem
1098 4161 1205 4232 (η),
1251 4163 1305 4214 et
1339 4152 1876 4212 consummationis
1910 4151 2100 4221 signa,

453 4260 582 4317 sine
598 4254 991 4316 sollicitudine
1010 4246 1464 4324 permanebunt,
1488 4242 1749 4298 Observa
1760 4240 1942 4296 etiam
1954 4255 2102 4312 quo-

451 4349 636 4406 modo
660 4341 1091 4421 particulariter
1117 4336 1325 4394 omnia
1349 4349 1472 4407 prae
1485 4332 1625 4388 dicit
1649 4346 1783 4403 quas
1814 4344 2004 4401 usque
2024 4328 2103 4384 ad

2211 3172 2602 3247 ἀμεριμνώντων
2692 3167 2973 3220 ἐλεύσεται.
3051 3171 3215 3217 Τοῦτο
3294 3159 3355 3216 δε
3432 3169 3518 3215 και
3600 3160 3779 3220 Παῦλος

2208 3265 2417 3337 γράφων
2475 3258 2607 3312 οὕτω
2657 3260 2850 3330 φησὶν*
2902 3253 3064 3307 Ὀταν
3137 3252 3377 3323 λέγωσιν,
3457 3252 3647 3325 Εἰρήνη
3705 3255 3782 3302 καὶ

2213 3350 2483 3423 ἀσφάλεια,
2570 3352 2685 3399 τότε
2770 3340 3028 3417 αἰφνίδιος
3113 3341 3285 3402 αὐτοῖς
3365 3339 3641 3412 ἐφίσταται
3697 3340 3781 3391 ὄλε-

2214 3443 2349 3513 θρος.
2406 3436 2734 3509 Ἐκγαμίζειν
2784 3430 2844 3485 δέ
2900 3431 3013 3484 ἔστι
3058 3433 3116 3482 τὸ
3167 3434 3260 3488 τὴν
3308 3431 3572 3501 θυγατέρα
3624 3428 3785 3488 συζευ-

2210 3511 2381 3601 γνύειν
2434 3522 2604 3597 ἀνδρί.
2662 3527 2763 3593 Kui
2819 3522 2861 3574 εἰ
2911 3524 3078 3593 τρυφὴ
3135 3520 3283 3573 ἔσται
3342 3523 3477 3582 τότε,
3525 3525 3632 3577 πῶς
3674 3511 3784 3567 εἶπεν

2213 3620 2293 3670 ὅτι
2375 3617 2520 3670 Μετὰ
2594 3617 2687 3671 τὴν
2789 3609 2961 3681 θλίψιν
3061 3615 3159 3659 τῶν
3255 3608 3457 3679 ἡμερῶν
3574 3605 3787 3668 Eni-iw;

2213 3704 2399 3776 Θλίψις
2487 3705 2576 3772 μὲν
2657 3702 2805 3752 ἔσται
2890 3706 2987 3749 τῶν
3076 3694 3296 3748 εὐσεϐῶν
3384 3698 3475 3745 καὶ
3572 3690 3787 3755 δικαίων,

2213 3798 2379 3866 τρυφὴ
2445 3789 2502 3844 δε
2567 3798 2664 3843 τῶν
2708 3794 2944 3859 πονηρῶν
2998 3784 3084 3836 καὶ
3151 3782 3494 3841 ἀναισθήτων.
3560 3780 3787 3856 Ἃρμόζον

2214 3879 2272 3935 δὲ
2322 3884 2510 3935 τέθεικε
2566 3873 2924 3951 παράδειγμα.
2986 3874 3227 3946 Καθάπερ
3300 3874 3399 3945 γὰρ
3472 3874 3525 3922 οἱ
3576 3871 3656 3922 ἐπὶ
3716 3875 3789 3919 τοῦ

2211 3978 2324 4025 Νῶε
2360 3975 2453 4029 τὴν
2484 3967 2702 4021 κιϐωτὸν
2747 3966 2954 4038 ὁρῶντες
2984 3961 3528 4032 κατασκευαζομένην,
3564 3964 3651 4011 xui
3692 3959 3787 4028 (36}

2210 4066 2301 4119 τὴν
2359 4062 2478 4112 ὅσον
2544 4058 2685 4109 ούπω
2744 4055 3107 4125 καταστροφὴν
3158 4050 3324 4102 αὐτῶν
3379 4052 3787 4122 προμηνύουσαν,

2213 4150 2305 4203 ούκ
2359 4150 2678 4221 ᾐσθάνοντο·
2740 4144 2874 4195 οὕτω
2922 4146 3010 4193 καὶ
3067 4138 3229 4202 οὗτοι,
3287 4141 3371 4190 τὸν
3435 4139 3790 4209 Ἀντίχριστον

2214 4239 2484 4313 βλέποντες
2544 4235 2862 4307 ἐνεργοῦντα,
2925 4234 3013 4282 καὶ
3076 4231 3141 4280 τὰ
3215 4224 3409 4300 σημεῖα
3470 4236 3573 4290 τῆς
3643 4243 3795 4281 συντε-

3365 4323 3669 4390 Παρατὴρει
3750 4310 3797 4364 6's

2210 4328 2368 4393 λείας,
2466 4326 2816 4399 ἀφροντίστως
2900 4317 3277 4372 διακείσονται.

452 4405 779 4498 adventum
827 4447 1005 4490 suum
1056 4431 1309 4485 ventura
1353 4405 1515 4488 sunt,
1569 4419 1888 4477 ostendens
1941 4419 2102 4490 quod

2212 4426 2315 4478 πῶς
2356 4419 2525 4469 πάντα
2558 4413 2796 4488 προλέγει
2840 4410 3161 4481 λεπτομερῶς
3199 4410 3263 4459 τὰ
3305 4410 3468 4479 μέχρι
3522 4414 3618 4466 τῆς
3660 4405 3799 4457 αὐτοῦ

452 4528 615 4586 diem
642 4538 885 4600 quoque
910 4521 1077 4578 illum
1107 4522 1163 4573 et
1190 4516 1404 4571 horam
1433 4509 1685 4580 noverit,
1723 4508 1831 4565 sed
1862 4508 2101 4581 dispen-

454 4598 693 4680 satorie,
732 4620 798 4669 ut
845 4610 1072 4667 dictum
1114 4608 1217 4676 est,
1262 4602 1433 4658 illum
1471 4598 1841 4655 conticuerit.
1896 4598 2104 4662 Quaere

453 4708 657 4761 autem
687 4700 953 4757 secundo
981 4693 1183 4752 libello
1215 4689 1479 4760 Gregorii
1508 4686 1787 4757 Theologi
1817 4686 1889 4743 de
1925 4686 2100 4752 Filio,

453 4794 637 4863 caput
690 4787 1017 4851 decimum,
1080 4786 1138 4839 et
1198 4777 1597 4851 gratissimam
1674 4775 1938 4833 invenies
2015 4790 2106 4832 so-

453 4878 761 4938 lutionem.

524 4969 685 5024 Vers.
711 4964 799 5020 40.
836 4963 1017 5020 Tunc.
1052 4988 1123 5001 —
1150 4957 1420 5015 Versu.
1457 4953 1831 5027 relinquetur.
1864 4954 1973 5010 Per
2001 4968 2103 5011 eos

527 5103 575 5140 ⁸³
598 5100 774 5161 Joan.
810 5112 933 5163 xvi,
968 5099 1056 5154 i5.
1133 5094 1182 5132 ⁸³
1211 5095 1388 5152 Marc.
1408 5106 1531 5163 xui,
1552 5091 1642 5146 32.

2212 4508 2523 4579 παρουσίας,
2552 4502 2809 4574 ἐμφαίνων
2868 4499 2944 4551 ὅτι
2972 4502 3060 4549 καὶ
3109 4500 3201 4554 τὴν
3257 4496 3451 4568 ἡμέραν
3500 4493 3703 4551 ἐκείνην
3731 4498 3803 4544 xui

2213 4600 2306 4655 τὴν
2337 4597 2471 4669 ὥραν
2512 4589 2670 4656 οἶδεν,
2722 4589 2827 4642 ἀλλ’
2866 4587 3205 4659 οἰκονομικῶς
3256 4584 3432 4651 αὑτὰς,
3482 4586 3563 4645 ὡς
3594 4586 3803 4656 εἴρηται,
3902 4592 3904 4595 ’

2214 4688 2554 4761 παρασιωπᾷ.
2593 4686 2833 4739 Ζήτησον
2864 4673 2921 4730 δὲ
2950 4680 3039 4728 καὶ
3069 4678 3116 4727 ἐν
3151 4681 3223 4745 τῷ
3267 4677 3383 4746 περὶ
3415 4674 3544 4725 rio-3
3596 4670 3803 4742 δευτέρῳ

2211 4776 2348 4847 λόγῳ
2374 4780 2466 4827 τοῦ
2498 4780 2599 4825 Θεο
2628 4770 2779 4841 λόγον
2808 4770 2865 4821 τὸ
2898 4762 3110 4819 δέκατον
3150 4762 3444 4835 κεφάλαιον,
3477 4767 3577 4815 xui
3601 4778 3805 4836 χαριεσ-

2213 4867 2374 4923 τάτην
2401 4864 2638 4938 εὑρήσεις
2660 4858 2832 4911 λύσιν.

2283 4959 2409 5007 Τότε
2438 4983 2505 4993 -
2545 4947 2870 5023 ἀφίεται.Διὰ
2925 4946 3013 5018 μὲν
3065 4949 3167 4997 τῶν
3226 4944 3381 4994 ὄντων
3441 4938 3491 4994 ἐν
3552 4947 3629 5012 τῷ
3679 4939 3807 5012 ἐγρῶ

1723 5090 1769 5126 ⁶⁴
1798 5090 1970 5147 Joan.
2004 5107 2063 5157 x,
2095 5094 2186 5149 30.
2219 5091 2266 5128 ⁸⁵
2288 5094 2308 5146 l
2332 5089 2533 5146 Thess.
2563 5101 2620 5151 v,
2648 5084 2706 5140 3.

1658 5222 1885 5291 Variae
1924 5222 2254 5295 lectiones
2286 5229 2353 5291 et
2390 5229 2592 5290 notae.

526 5378 640 5451 (35)
665 5375 739 5434 Ού
770 5376 889 5452 περὶ
918 5376 1024 5452 τόν,
1054 5372 1113 5429 Β.

526 5435 644 5527 ζέὂδ
668 5456 788 5517 Καί,
801 5435 1144 5512 delendum,
1167 5441 1330 5517 quod
1353 5456 1464 5497 nec
1479 5441 1801 5498 Hentenius
1816 5435 2107 5513 agnoscit.

526 5633 612 5707 (η)
634 5630 850 5691 Sedulo
876 5627 1257 5685 laborantem.
1287 5617 1507 5692 Malim,
1535 5618 1975 5691 malefﬁcacem.
