3904 6210
148 303 242 358 6ἓὸ

1056 285 1541 354 ΟΟΜΜΕΝΤ.ἸΝ
1580 289 2031 352 MATTHIEUM.
2068 322 2137 336 -
2169 291 2332 350 CAP.
2371 291 2566 349 XXIV.

3346 294 3455 352 626

153 433 259 490 τοὺς
302 426 548 487 πλουσίους
595 421 766 492 δηλοῖ,
824 421 918 476 διὰ
966 420 1025 477 δὲ
1071 431 1170 476 τῶν
1201 421 1504 480 ἀληθουσῶν
1535 420 1582 474 ἐν
1615 428 1688 492 τῷ

1853 419 1900 476 ni
1930 421 1991 476 in
2021 434 2166 490 agro
2197 421 2353 489 sunt,
2392 417 2604 476 divites
2642 416 2945 489 intelligit;
2978 433 3085 490 per
3123 434 3225 476 eas
3245 421 3450 489 autem

151 518 336 591 μυλῶνι,
363 518 460 574 τοὺς
501 517 737 575 πένητας.
782 517 884 566 Καὶ
936 509 1186 566 διδάσκει
1232 513 1313 564 ὅτι
1353 515 1442 564 καὶ
1492 510 1546 562 ἐκ
1591 518 1689 562 τῶν

147 606 371 659 πλουσίων
411 607 492 654 καὶ
542 601 595 655 ἐκ
649 605 748 655 τῶν
800 607 1027 660 πενήτων
1076 605 1204 662 τινὲς
1261 603 1350 672 μὲν
1409 599 1686 667 σώζονται,

142 697 252 754 τινὲς
284 689 336 745 δι
377 691 694 746 ἀπόλλυνται.
749 693 836 744 Διό
887 695 976 743 καὶ
1029 690 1116 743 ἐπὶ
1166 692 1255 761 μὲν
1286 697 1385 741 τῶν
1429 688 1688 740 πλουσίων

143 781 388 857 ἄρσε-νικῶς
424 783 505 832 τὸν
545 780 694 850 λόγον
722 785 1014 854 προήγαγε,
1067 781 1125 831 τὸ
1174 777 1372 850 ὑψηλὸν
1397 782 1487 829 καὶ
1533 776 1688 846 ἰσχυ-

141 877 215 947 ρὸν
286 871 437 923 αὐτῶν
524 867 898 942 ἐνδεικνύμενος
985 868 1070 921 ἐπὶ
1145 863 1205 921 δὲ
1280 875 1381 920 τῶν
1458 869 1688 924 πενήτων

144 961 355 1025 θηλυκῶς,
404 961 460 1010 τό
526 961 765 1010 ταπεινόν
831 963 920 1010 καὶ
983 956 1188 1018 ἀσθενὲς
1233 958 1428 1008 τούτων
1469 956 1686 1027 ὑποφαί-

140 1072 235 1101 νων.
265 1053 353 1103 Καὶ
389 1051 484 1121 γὰρ
523 1047 641 1100 ὅσοι
669 1050 759 1120 μὲν
806 1050 836 1105 ἧ
893 1051 980 1100 τὸν
1027 1047 1246 1099 πλοῦτον
1285 1045 1455 1106 καλῶς
1493 1041 1688 1114 διῴκη-

145 1157 242 1206 σαν,
289 1138 314 1195 ᾖ
357 1141 443 1194 τήν
476 1140 653 1188 πενίαν
699 1134 862 1196 καλῶς
899 1134 1217 1203 ἐϐάστασαν,
1260 1130 1686 1207 παραλαμϐάνον-

141 1248 218 1280 ται
242 1227 302 1289 εἰς
321 1225 597 1283 ἀπάντησιν
624 1231 714 1277 τοῦ
743 1229 956 1298 Κυρίου,
1009 1226 1072 1284 ὡς
1095 1229 1348 1297 γνώριμοι
1378 1221 1516 1292 αὐτῷ
1563 1241 1686 1292 τυγ-

139 1317 382 1387 χάνοντεςο
426 1317 540 1368 ὅσοι
582 1311 643 1367 δὲ
671 1313 984 1380 τούναντίον,
1032 1312 1270 1384 ἀφίενται
1305 1313 1448 1364 κάτω
1495 1313 1566 1374 ὡς
1593 1309 1683 1362 ἁν-

135 1403 248 1466 άξιοι
277 1407 614 1476 περιμένοντες
656 1403 879 1456 ἐνταῦθα
919 1405 1003 1454 τὸν
1045 1397 1320 1460 δικαστήν.
1370 1406 1580 1461 Λουκᾶς
1621 1395 1682 1451 δὲ

132 1492 282 1564 ἑτέρως
331 1496 452 1564 φησί
525 1495 647 1566 περὶ
725 1493 910 1544 τούτου
961 1488 1011 1542 ἄν
1059 1497 1132 1560 τῷ
1198 1490 1459 1560 ἑξηκοστῷ
1523 1507 1681 1561 κεφα-

130 1580 248 1652 λαίῳ,
299 1583 372 1639 ὅτι
421 1581 674 1635 Ἔσονται
734 1578 831 1634 δύο
886 1579 970 1633 ἐπὶ
1015 1579 1188 1642 κλίνης
1245 1584 1387 1650 μιᾶςο
1449 1573 1519 1640 εἶς
1565 1577 1682 1648 (37)

130 1670 564 1743 παραληφθήσεται,
636 1673 726 1723 καὶ
809 1670 836 1722 ό
922 1669 1092 1742 ἕτερος
1166 1667 1496 1740 ἀφεθήσεται.
1582 1668 1681 1719 Δύο

1796 525 1932 580 qua:
1959 509 2192 564 molunt
2218 508 2278 563 in
2309 506 2489 573 mola,
2524 523 2818 578 pauperes
2851 523 2864 562 :
2897 523 2968 564 ac
2997 508 3173 565 docet
3199 508 3367 582 quod
3394 513 3453 566 et.

1796 597 1870 652 de
1899 597 2202 662 divitibus,
2236 601 2294 652 et
2322 596 2397 652 de
2440 595 2810 667 pauperibus
2838 595 3088 668 quidam
3121 597 3448 668 salvantur,

1795 685 2046 757 quidam
2069 701 2212 741 vero
2235 689 2506 756 pereunt.
2538 684 2673 739 Ideo
2705 683 2884 740 etiam
2909 684 2984 740 de
3018 685 3304 742 divitibus
3333 701 3452 744 ser-

1795 789 2039 829 monem
2068 773 2396 830 masculine
2443 771 2696 836 induxit,
2728 771 3030 829 excelsum
3068 789 3139 830 ac
3167 773 3314 831 forte
3348 775 3451 832 de-

1793 867 2138 918 monstrans
2170 861 2336 933 quod
2364 861 2426 916 in
2455 861 2540 916 eis
2585 865 2671 915 est
2699 876 2712 915 :
2747 860 2823 916 de
2851 862 3218 933 pauperibus
3246 869 3449 920 autem

1798 951 2101 1018 feminine,
2135 949 2524 1006 subindicans
2560 947 2755 1004 debile
2788 964 2858 1005 ac
2897 950 3252 1022 depressum
3280 952 3448 1025 quod

1793 1039 1856 1095 in
1894 1041 2007 1094 illis
2045 1045 2150 1095 est.
2195 1037 2501 1110 Siquidem
2552 1040 2847 1108 quotquot
2883 1037 2978 1093 vel
3015 1037 3254 1095 divitias
3293 1039 3447 1098 bene

1794 1134 2109 1194 sectantur,
2137 1127 2232 1183 vel
2259 1128 2672 1198 paupertatem
2701 1124 2855 1180 bene
2881 1125 3096 1192 ierunt,
3129 1142 3447 1195 assumun-

1791 1220 1887 1274 tur
1913 1217 1975 1273 in
2003 1232 2316 1273 occursum
2347 1213 2606 1280 Domini,
2642 1217 2931 1287 tanquam
2959 1214 3042 1270 illi
3073 1214 3396 1273 familiares
3427 1233 3442 1274 :

1791 1311 2087 1378 quotquot
2119 1309 2320 1361 autem
2350 1303 2647 1360 contrario
2677 1303 2862 1360 modo
2897 1319 2961 1360 se
2987 1303 3238 1371 habent,
3270 1305 3446 1362 deor-

1791 1411 1928 1450 sum
1954 1399 2240 1466 tanquam
2264 1391 2496 1462 indigni
2520 1391 2959 1465 relinquuntur,
2988 1397 3054 1450 ut
3075 1393 3158 1450 ibi
3179 1393 3444 1466 judicem

1790 1487 2152 1556 exspectent.
2205 1484 2391 1538 Lucas
2437 1495 2580 1537 vero
2631 1480 2707 1537 de
2758 1480 2851 1536 his
2903 1479 3023 1538 alio
3071 1482 3256 1539 modo
3302 1481 3446 1540 dicit

1791 1573 1981 1644 capite
1999 1571 2374 1641 sexagesimo
2395 1586 2408 1625 :
2431 1570 2625 1626 Erunt
2645 1568 2886 1641 (inquit)
2904 1571 3021 1627 duo
3038 1570 3102 1628 in
3123 1562 3269 1627 lecto
3286 1586 3406 1628 uno
3424 1586 3440 1629 :

1790 1678 1944 1718 unus
1983 1668 2331 1727 assumetur,
2367 1662 2420 1715 et
2449 1659 2608 1716 alter
2643 1657 3013 1730 relinquetur
3046 1675 3060 1715 :
3101 1659 3234 1716 duae
3267 1666 3442 1718 erunt

130 1761 296 1810 ἔσονται
335 1758 627 1817 ἀλήθουσαι
703 1757 786 1812 ἐπὶ
854 1761 912 1810 τὸ
969 1757 1120 1810 αὐτό⁸
1184 1761 1282 1829 μία
1343 1755 1678 1830 παραληφθήο

1853 1753 2066 1809 olentes
2091 1751 2308 1808 simul:
2329 1764 2454 1806 una
2473 1753 2827 1809 assumetur.
2851 1752 2904 1805 et
2925 1750 3123 1806 altera
3143 1750 3444 1822 reliaque-

131 1867 264 1912 σεται,
308 1855 393 1906 καὶ
438 1851 468 1906 ἡ
524 1847 683 1921 ,ἑτέρα
751 1846 1083 1911 ἀφεθήσεται,
1140 1842 1234 1899 διὰ
1287 1849 1376 1918 μὲν
1440 1854 1542 1897 τῶν
1594 1844 1676 1898 ἐπὶ

128 1946 203 1998 τῆς
245 1937 404 2000 κλίνης
439 1941 565 2000 τοὺς
619 1936 688 1989 ἓν.
726 1934 1016 1989 ἀναπαύσει
1086 1931 1277 2004 δηλῶν,
1333 1932 1426 1987 διὰ
1477 1931 1536 1988 δὲ
1580 1943 1678 1987 τῶν

128 2026 165 2078 ἐν
205 2033 266 2096 τῷ
311 2025 500 2098 μυλῶνι
555 2029 679 2087 τοὺς
733 2025 782 2078 ἐν
837 2025 1178 2095 κακοπαθείᾳ.
1249 2023 1407 2082 Δῆλον
1464 2020 1552 2075 οὖν
1599 2025 1678 2076 ὅτι

129 2109 342 2186 διαφόρως
388 2114 501 2168 κατ’
562 2114 717 2167 ἄλλον
779 2117 870 2166 καὶ
928 2112 1076 2166 ἄλλον
1135 2115 1314 2186 καιρὸν
1362 2111 1679 2187 ἐρῥήθησαν,

126 2205 178 2254 τὰ
216 2212 294 2256 τοῦ
340 2210 518 2259 Δουκᾶ
710 2207 976 2280 πρότερον,
1023 2204 1091 2256 τὰ
1137 2198 1196 2256 δὲ
1247 2208 1339 2254 τοῦ
1382 2204 1676 2271 Ματθαίου,

127 2291 314 2365 ὕστερον.

178 2383 212 2452 -ξ-
243 2385 278 2453 ἰ’
304 2382 476 2459 ’Δγρὸν
531 2383 774 2454 ὠνόμασε
823 2385 910 2434 τὸν
956 2381 1068 2453 (38)
1116 2385 1312 2454 κόσμον
1345 2400 1358 2413 ο
1404 2380 1677 2455 παραλαμ-

125 2470 290 2524 Gaium
369 2469 453 2525 οὖν
529 2474 556 2523 ὀ
622 2471 909 2543 σωζόμενος
958 2487 971 2501 ·
1025 2469 1229 2542 ἀφίεται
1298 2471 1323 2522 ό
1371 2475 1678 2544 κατακρινό-

122 2579 257 2629 μενος.
303 2562 381 2615 Ἐκ
430 2566 627 2616 τούτου
676 2565 845 2613 τοίνυν
901 2562 1142 2632 μάθωμεν
1199 2560 1279 2612 ὅτι
1330 2565 1419 2612 καὶ
1471 2564 1678 2620 πένητες

122 2656 193 2700 και
220 2649 454 2722 πλούσιοι,
507 2655 608 2703 καὶ
640 2646 818 2702 δοῦλοι
856 2654 946 2702 καὶ
984 2651 1156 2722 κύριοι
1183 2647 1678 2723 παραλαμϐάνονταί

123 2755 167 2788 τε
212 2744 282 2790 καὶ
348 2739 606 2813 ἀφίενται.
657 2744 896 2793 Δείκνυσι
965 2735 1024 2791 δὲ
1093 2740 1173 2791 ὃτι
1237 2735 1376 2810 μηδὲ
1430 2737 1674 2791 πλούσιοι

121 2828 271 2888 πάντες
317 2827 650 2896 ἀπόλλυνται,
699 2824 837 2900 μηδὲ
892 2831 1099 2887 πένητες
1159 2829 1343 2890 πάντες
1398 2827 1673 2890 σώζονται.

118 2912 238 2966 ὀθεν
285 2922 364 2968 καὶ
415 2920 608 2988 ἐπάγει
640 2935 653 2946 ·
687 2923 994 2991 Γρηγορεῖτε
1049 2912 1158 2984 οὖν,
1213 2917 1293 2968 ὅτι
1353 2915 1446 2968 οὐκ
1498 2913 1677 2968 οἴδατε

117 3008 220 3075 ποίᾳ
266 3007 364 3078 ὥρᾳ
437 3008 463 3059 ὁ
514 3008 710 3077 Κύριος
785 3006 926 3077 ὑμῶν
1001 3007 1233 3076 ἔρχεται.
1307 3006 1411 3062 Τὴν
1481 3007 1675 3076 ἡμέραν

118 3090 190 3141 οὐκ
259 3091 374 3159 εἶπε,
448 3094 771 3167 βουλόμενος
872 3092 1173 3165 ἐναγωνίοῦς
1256 3093 1385 3145 εἶναι

117 3175 337 3243 διηνεκῶς.

167 3275 444 3345 Γρηγορεῖτε
487 3303 560 3313 -
621 3273 852 3346 ἔρχεται.
915 3269 974 3323 '0
1027 3266 1086 3324 di:
1159 3271 1374 3346 Μάρκος
1429 3269 1670 3344 ἔγραψεν,

117 3355 406 3428 Ἀγρυπνεῑτε
487 3365 583 3413 καὶ
667 3361 1026 3434 προσεύχεσθε
1054 3377 1067 3391 ·
1122 3359 1215 3412 οὐκ
1295 3357 1476 3413 οἴδατε
1548 3363 1672 3413 πότε

116 3447 323 3521 ὀκαιρός
375 3447 536 3517 ἐστιν,
599 3449 626 3500 ό
685 3456 780 3511 τῆς
857 3445 1096 3522 δέυτέρας
1174 3445 1415 3507 δηλονότι
1476 3468 1667 3524 παρου-

117 3538 204 3594 σίας
270 3539 439 3594 αὐτοῦ.
519 3537 878 3610 Ἑγρήγορσιν
951 3533 1011 3589 δὲ
1066 3541 1154 3589 καὶ
1209 3535 1496 3610 ἀγρυπνίαν
1566 3541 1668 3591 νόεὶ

111 3629 165 3693 μή
209 3630 342 3696 μόνον
413 3633 504 3686 τὴν
572 3633 669 3678 τοῦ
754 3625 916 3678 ὕπνου
1001 3624 1316 3698 ἐγκράτειαν,
1400 3625 1526 3679 ἀλλὰ
1576 3631 1667 3680 καὶ

111 3716 184 3768 τήν
221 3720 446 3768 παντοίαν
506 3720 794 3790 προσοχήν
847 3733 902 3767 τε
950 3719 1039 3766 καὶ
1094 3715 1344 3787 φυλακήν.
1405 3721 1541 3774 Φησὶ
1565 3719 1665 3791 γὰρ

108 3807 180 3853 καὶ
223 3805 244 3854 ὁ
290 3811 507 3866 Λουκᾶς’
597 3808 888 3879 Προσέχετε
962 3803 1185 3868 ἑαυτοῖς,
1251 3809 1445 3878 μήποτε
1503 3804 1667 3878 βαρη-

115 3897 244 3946 θῶσιν
298 3895 428 3965 ὑμῶν
485 3897 542 3946 αἱ
601 3889 822 3968 καρδίαι
908 3891 956 3945 ἓν
1025 3892 1310 3967 κραιπάλῃ,
1365 3897 1454 3946 καὶ
1510 3896 1664 3968 μέθῃ,

113 3981 189 4028 καὶ
235 3985 479 4054 μερίμναις
554 3981 856 4056 βιωτικαῖς,
933 3986 1024 4034 καὶ
1094 3979 1347 4055 αἰφνίδιος
1419 3981 1491 4055 ἐφ’
1532 3985 1668 4056 ὑμᾶς

114 4063 268 4142 ἔπιστῇ
333 4073 360 4130 ἠ
416 4074 597 4148 ἡμέρα
661 4069 853 4129 ἓκείνη,
941 4070 1027 4132 Ὠς
1106 4075 1264 4144 παγὶς
1308 4074 1410 4146 γὰρ
1465 4071 1668 4125 ἐπελεύ-

114 4172 230 4210 σεται
290 4158 364 4213 ἓπὶ
425 4163 632 4221 πάντας
695 4161 812 4220 τούς
856 4161 1178 4232 καθημένους
1257 4159 1342 4214 ἐπί
1388 4166 1666 4236 πρόσωπον

111 4248 257 4309 πάσης
299 4257 382 4311 τῆς
408 4259 530 4322 γῆς.
585 4247 700 4322 [Ὠς
745 4248 856 4320 (39)
887 4253 1048 4321 παγίς
1081 4252 1170 4322 μεν
1205 4246 1299 4302 διὰ
1345 4254 1404 4302 τὸ
1430 4250 1667 4323 ἀσυμφα-

111 4335 173 4394 νὲς
207 4335 350 4402 αὐτῆς
405 4346 494 4392 καὶ
543 4339 858 4412 ἀπρόοπτον·
909 4343 1188 4412 πρόσωπον
1238 4336 1298 4392 δὲ
1350 4347 1446 4402 τῆς
1484 4341 1599 4412 γῆς]
1632 4341 1663 4398 ἡ

1790 1848 1891 1898 tur
1927 1843 1996 1909 ⁸⁸,
2037 1856 2144 1914 per
2180 1856 2282 1896 eos
2321 1839 2426 1911 qui
2463 1839 2524 1894 in
2559 1837 2711 1894 lecto
2751 1840 2890 1894 sunt
2927 1837 3273 1908 signiﬁcans
3310 1838 3442 1897 illos

1788 1931 1892 2004 qui
1937 1932 1998 1988 in
2043 1929 2248 2003 requie
2294 1929 2520 1999 degunt
2572 1942 2584 1982 :
2639 1941 2746 1998 per
2792 1941 2903 1982 eas.
2941 1932 3142 1983 autem
3193 1943 3331 1998 quas
3378 1928 3442 1986 in

1787 2020 1969 2088 mola,
2044 2034 2148 2076 eos
2218 2017 2323 2090 qui
2395 2016 2651 2073 adversa
2722 2013 2990 2071 tolerant.
3067 2015 3442 2074 Manifestum

1787 2113 1876 2166 est
1946 2123 2110 2178 ergo,
2179 2105 2346 2179 quod
2409 2101 2814 2160 diversimode
2881 2101 3000 2160 alio
3068 2107 3248 2177 atque
3322 2104 3441 2162 alio

1785 2202 2054 2269 tempore
2127 2195 2286 2252 dicta
2351 2193 2468 2250 sint
2533 2208 2548 2248 :
2616 2189 2785 2264 prius
2849 2190 3096 2264 quidem
3161 2207 3233 2250 ea
3305 2208 3440 2267 qua

1787 2286 1952 2359 apud
2001 2285 2246 2350 Lucam,
2287 2279 2678 2356 postmodum
2723 2293 2866 2338 vero
2903 2295 3041 2354 quas
3078 2274 3245 2354 apud
3297 2283 3444 2341 Mat-

1786 2376 2031 2432 thaeum.

1855 2483 1898 2553 -ιι
1928 2484 2152 2552 Agrum
2177 2478 2409 2538 vocavit
2447 2475 2766 2534 mundum.
2803 2474 3140 2535 Assumitur
3169 2491 3310 2550 ergo
3333 2478 3441 2552 qui

1787 2575 2070 2638 servatur,
2103 2569 2455 2642 relinquitur
2493 2565 2599 2640 qui
2639 2564 3097 2627 condemnatur.
3129 2554 3439 2628 Discamus

1783 2659 1963 2730 igitur
1991 2675 2062 2715 ex
2091 2659 2208 2714 hoc
2239 2657 2390 2722 loco,
2423 2655 2592 2728 quod
2629 2657 2686 2710 et
2711 2669 3006 2726 pauperes
3037 2659 3093 2712 et
3123 2656 3353 2728 divites,
3383 2661 3440 2716 et

1787 2749 1944 2806 servi
1959 2753 2016 2804 et
2032 2746 2259 2810 domini
2279 2747 2672 2803 assumuntur
2689 2757 2759 2799 ac
2778 2742 3213 2812 relinquuntur.
3235 2747 3440 2804 Osten-

1784 2837 1873 2894 dit
1910 2841 2110 2894 autem
2148 2835 2309 2909 quod
2347 2849 2457 2890 nec
2505 2845 2717 2887 omnes
2766 2830 2976 2887 divites
3013 2837 3436 2904 pereunt,_nec

1784 2941 2080 3000 pauperes
2121 2925 2427 2981 salvantur
2463 2933 2694 2977 omnes.
2749 2917 2911 2975 Unde
2950 2924 3004 2976 et
3044 2921 3436 2993 postmodum

1784 3015 1868 3072 ait
1898 3035 1910 3074 :
1957 3015 2204 3086 Vigilate
2232 3029 2371 3084 ergo
2401 3013 2544 3084 quia
2573 3007 2808 3065 nescitis
2827 3024 2946 3080 qua
2976 3011 3126 3068 hora
3149 3010 3436 3069 Dominus

1493 3093 1676 3154 αὐτοὺς
1709 3113 1752 3173 c
1784 3110 1970 3161 vester
2002 3103 2213 3160 veniet.
2246 3105 2374 3158 Non
2402 3099 2549 3156 dixit
2572 3095 2756 3166 diem,
2786 3097 2995 3156 volens
3025 3114 3130 3157 eos
3153 3099 3436 3160 continue

1782 3192 1857 3254 ad
1891 3196 2192 3250 certamen
2222 3205 2353 3247 esse
2381 3195 2650 3262 paratos.

1852 3280 2020 3336 Vers.
2053 3283 2142 3338 42.
2183 3280 2436 3350 Vigilate
2457 3311 2525 3320 —
2545 3285 2831 3337 venturus
2855 3275 2952 3333 sit.
2976 3278 3203 3333 Marcus
3232 3280 3435 3355 autem

1780 3370 2016 3444 scripsit
2047 3388 2060 3427 :
2105 3369 2355 3440 Vigilate
2384 3375 2440 3426 et
2491 3374 2658 3426 orate
2689 3384 2703 3423 :
2736 3366 2976 3424 nescitis
3005 3364 3159 3423 enim
3189 3366 3432 3439 quando

1780 3466 2006 3530 tempus
2032 3459 2110 3516 sit
2137 3461 2204 3525 ⁸⁷,
2241 3458 2487 3514 secundi
2519 3455 2793 3514 videlicet
2821 3454 3110 3510 adventus
3139 3454 3288 3526 ejus.
3323 3455 3434 3511 Per

1776 3547 2041 3619 vigiliam
2081 3552 2279 3604 autem
2318 3547 2442 3602 sive
2480 3544 2854 3617 vigilantiam
2880 3542 3140 3613 intelligo
3176 3557 3301 3600 non
3340 3533 3432 3600 so-

1775 3635 1898 3693 lam
1937 3627 2125 3692 somni
2159 3634 2636 3708 temperantiam,
2676 3647 2887 3689 verum
2917 3630 3098 3688 etiam
3136 3631 3432 3687 omnimo-

1777 3725 1920 3782 dam
1959 3725 2346 3782 attentionem
2377 3728 2433 3780 et
2461 3722 2819 3780 custodiam.
2862 3719 3011 3776 Dicit
3037 3718 3199 3776 enim
3229 3723 3287 3776 et
3323 3720 3433 3776 Lu-

1777 3831 1873 3872 cas
1889 3831 1902 3869 :
1922 3816 1968 3869 A
1981 3813 2228 3871 ttendite
2241 3829 2310 3870 vo
2318 3813 2400 3869 bis
2417 3813 2562 3882 ipsis
2579 3809 2894 3883 nequando
2905 3813 3235 3879 graventur
3247 3807 3432 3865 corda

1776 3908 1972 3960 vestra
1998 3903 2274 3971 crapula,
2304 3908 2356 3957 et
2378 3900 2680 3964 ebrietate,
2713 3913 2785 3955 ac
2805 3897 2965 3954 curis
2988 3897 3168 3967 hujus
3196 3896 3348 3964 vitai,
3377 3903 3432 3954 et

1775 3990 2116 4060 repentinus
2153 3989 2537 4059 superveniat
2575 3986 2736 4044 vobis
2785 3986 2909 4042 dies
2946 3986 3070 4042 ille.
3119 3986 3430 4058 Tanquam

1777 4079 2020 4149 laqueus
2041 4078 2196 4132 enim
2218 4074 2586 4145 superveniet
2609 4075 2673 4130 in
2695 4088 2892 4130 omnes
2911 4072 3016 4146 qui
3034 4072 3236 4130 sedent
3253 4089 3432 4145 super

1771 4165 1988 4238 faciem
2019 4166 2310 4220 universas
2342 4169 2522 4220 terrae
2552 4163 2623 4220 °'.
2661 4163 2976 4232 Tanquam
3005 4158 3258 4232 laqueus
3287 4178 3431 4222 sane

1774 4257 2018 4326 propter
2054 4267 2176 4308 non
2203 4250 2617 4323 apparentiam
2645 4253 2702 4304 et
2739 4247 3428 4320 impraameditationem.

1775 4342 1975 4399 Facies
2004 4345 2204 4396 autem
2230 4345 2398 4395 terra:
2439 4343 2528 4395 est
2563 4335 2907 4410 superﬁcies
2946 4339 3003 4392 et
3030 4335 3327 4408 apparitio
3356 4334 3431 4391 il-

111 4421 335 4494 ἑπιῖιάνεια
391 4428 578 4490 αὐτῆς·
644 4428 927 4498 καθήμενοι
976 4423 1035 4479 δὲ
1096 4430 1144 4480 οἱ
1203 4424 1486 4500 διάγοντες.
1541 4425 1668 4483 Εἶτα

1853 4447 1907 4485 ;s.
1952 4428 2236 4485 Sedentes
2275 4442 2418 4484 vero
2458 4429 2599 4482 sunt
2635 4425 2915 4489 viventes,
2957 4426 3062 4479 aut
3097 4423 3158 4479 in
3199 4423 3430 4482 mundo

110 4507 335 4580 λέγεικαὶ
396 4521 537 4592 περὶ,
579 4523 674 4577 τῆς
726 4525 1052 4589 προσευχῆς,
1114 4518 1191 4569 ὅτι
1249 4517 1582 4589 Ἀγρυπνεῖτε
1620 4518 1666 4570 ἐν

112 4607 235 4654 παντὶ
302 4614 460 4680 καιρῷ
555 4601 809 4676 δεόμενοι,
897 4606 979 4656 ἵνα
1083 4604 1438 4669 καταξιωθῆτε
1521 4607 1668 4680 Exon-

110 4695 196 4755 γείν
244 4694 398 4745 πάντα
483 4697 553 4746 τὰ
616 4691 862 4766 μελλοντα
949 4695 1188 4765 γενέσθαι
1259 4694 1394 4768 (40),
1464 4691 1667 4757 δηλοδὴ

110 4781 224 4850 παρὰ
243 4790 332 4834 τῶν
360 4783 586 4850 πλάνων,
617 4784 709 4834 καὶ
740 4782 840 4834 ὅσα
867 4777 1032 4836 δεινά.

166 5043 351 5104 “Luc.
380 5063 524 5108 xvu.
555 5049 643 5106 34.
757 5048 804 5084 ⁸⁷
835 5048 1007 5108 Marc.
1034 5048 1157 5122 xui,
1186 5050 1274 5109 33.

1389 5051 1437 5088 ⁸⁸
1462 5049 1602 5110 Luc.
1624 5066 1747 5126 xxx,
1772 5051 1963 5125 34,35.

1777 4520 2081 4588 degentes.
2109 4515 2333 4573 Deinde
2358 4514 2502 4572 dicit
2528 4514 2707 4570 etiam
2733 4512 2807 4568 de
2833 4511 3100 4568 oratione
3129 4531 3145 4568 :
3180 4511 3434 4582 Vigilate

1778 4607 1939 4666 omni
1978 4613 2253 4675 tempore,
2275 4610 2586 4674 precantes
2619 4608 2680 4657 ut
2719 4601 2891 4671 digni
2924 4600 3264 4658 habeamim’
3281 4601 3434 4672 επα-

1780 4711 1917 4768 gere
1962 4699 2161 4752 omnia
2214 4694 2339 4750 hac
2386 4707 2518 4766 qua
2564 4695 2818 4748 ventura
2865 4696 3003 4746 sunt
3052 4692 3120 4756 ⁸³,
3172 4705 3211 4747 a
3257 4689 3434 4748 sedu-

1784 4784 2048 4841 ctoribus
2088 4781 2382 4848 videlicet,
2434 4785 2492 4838 et
2538 4793 2915 4863 quascunque
2962 4778 3080 4839 alia
3125 4781 3299 4838 erant
3331 4795 3434 4854 pe-

1784 4872 1991 4930 ricula.

2081 5051 2129 5090 ⁸⁹
2153 5049 2296 5110 ibid.
2329 5052 2417 5109 36.

1296 5230 1520 5303 Variae
1546 5230 1872 5303 lectiones
1888 5239 1955 5303 et
1980 5237 2184 5302 note.

162 5417 256 5488 (37)
288 5419 362 5487 Ὁ,
399 5425 540 5498 ante
566 5423 677 5498 βῖς,
720 5428 779 5480 et
829 5426 886 5490 ἡ,
916 5428 1052 5498 ante
1071 5425 1191 5498 μιᾶ,
1245 5426 1462 5486 omittit
1491 5427 1672 5487 etiam

105 5489 317 5554 uterque
343 5494 533 5550 codex
562 5491 620 5550 in
648 5489 924 5553 contextu
948 5489 1143 5554 Lucis.

158 5557 263 5640 (38)
282 5563 408 5619 Hac
417 5569 626 5640 neuter
635 5579 908 5640 meorum
925 5567 1214 5640 agnoscit.
1235 5567 1399 5627 Unde
1419 5569 1674 5640 repetita

104 5637 286 5700 θεεοηι,
299 5635 555 5707 reperire
569 5650 692 5698 non
707 5639 897 5715 potui.
917 5635 1160 5701 Interim
1177 5655 1320 5724 ergo
1339 5635 1671 5715 ipseGraece

1778 5427 2033 5486 reddidi.

1851 5499 1966 5562 (39)
2001 5497 2237 5556 Inclusa
2273 5491 2623 5554 exciderunt
2649 5490 2724 5548 Α.

1851 5501 1942 5562 (39
2001 5499 2237 5556 Inclusa
2273 5499 2623 5554 exciderunt
2649 5499 2724 5548 Α.

1851 5499 1966 5643 (4οΞ
2005 5569 2172 5643 apud
2210 5570 2430 5631 Lucam
2453 5565 2694 5644 γίνεσθαι
2731 5559 2914 5625 habet
2943 5560 3212 5633 uterque.
