3904 6210
406 282 510 338 627
1717 263 2068 326 EUTHYMII
2110 262 2439 320 ZIGABENI
3645 265 3745 321 623

472 407 634 463 Vers.
675 407 762 462 43.
807 404 970 460 Illud
1013 429 1082 444 —
1131 413 1320 456 suam.
1376 394 1583 467 Vigilia
1621 395 1742 452 sive
1779 392 2048 450 cutodia

2233 389 2417 444 Ἐκεῖνο
2467 421 2539 434 -
2595 392 2774 448 αὐτοῦ.
2875 389 3076 450 Φυλακὴ
3158 390 3389 444 καλεῖται
3449 392 3509 443 τὸ
3567 409 3748 464 τεταρ-

402 497 612 552 dicitur
636 498 850 566 quarta
878 508 1020 565 pars
1051 489 1261 556 noctis,
1313 490 1491 560 prout
1519 485 1699 542 etiam
1731 483 1874 540 alibi
1901 482 2047 538 dixi-

2233 484 2402 553 αόριον
2455 487 2548 544 τῆς
2595 484 2799 552 νυκτὸς,
2867 482 2933 542 ὡς
2984 485 3072 534 καὶ
3123 480 3172 533 ἓν
3232 479 3406 541 ἄλλοις
3451 480 3748 554 εἶρήκαμεν.

402 602 560 641 mus.
593 582 937 639 Parabolice
969 583 1168 636 autem
1195 593 1354 634 nunc
1384 576 1544 638 dicit,
1567 574 1734 646 quod
1765 573 1811 628 si
1842 573 2049 627 scisset

2233 569 2521 643 ιραϐολικῶς
2595 569 2654 625 δέ
2735 591 2864 638 φησι
2909 579 3019 640 νῦν,
3085 571 3182 641 ὅτι,
3262 573 3342 622 ἑὰν
3405 569 3679 642 ἐγίνωσκεν
3729 571 3752 623 ό

401 674 584 729 homo
623 688 745 743 quo
786 676 1054 741 tempore
1093 668 1228 723 ﬁnis
1268 667 1397 721 vita;
1439 680 1560 719 suae
1602 663 1833 718 futurus
1871 665 2044 725 esset,

2233 660 2424 732 9ρωπος
2490 659 2537 712 ἐν
2594 665 2724 732 ποίῳ
2779 667 2944 734 καιρῷ
3022 668 3118 722 τῆς
3178 659 3312 720 ζωῆς
3368 658 3528 711 αύτοῡ
3577 663 3634 711 τὸ
3676 663 3749 712 τί·

401 762 604 832 utique
626 760 779 815 circa
804 759 949 814 illud
977 764 1211 828 tempus
1228 755 1550 824 vigilasset,
1583 758 1638 808 et
1663 765 2048 823 nequaquam

2233 768 2236 805 ;
2281 751 2511 820 ἔρχεται,
2583 747 2934 822 ἐγρηγόρησεν
2987 747 3047 800 ἄν
3092 748 3207 800 κατ’
3251 747 3436 801 ἐκεῖνον
3485 751 3573 801 τὸν
3633 768 3751 800 και-

399 850 654 922 periiset.
690 849 803 904 Sed
829 853 1142 919 propterea
1185 849 1240 900 et
1271 857 1656 898 communem
1687 841 1959 897 omnium
1985 837 2050 893 ﬁ-

2233 859 2264 902 ι,
2293 842 2381 889 καὶ
2419 837 2513 889 ούκ
2569 839 2627 890 οἶν
2680 837 2926 892 ἀπώλετο.
2984 837 3139 891 ’Δλλὰ
3189 833 3282 890 διὰ
3350 844 3503 890 τοῦτο
3554 842 3644 891 καὶ
3693 842 3747 892 τὸ

399 955 560 1003 nem,
590 942 646 994 et
673 953 810 993 eum
837 936 940 1007 qui
967 935 1176 1005 cuique
1204 931 1483 1004 proprius
1502 935 1609 994 est,
1642 930 1775 986 fecit
1806 931 1958 984 Deus
1985 929 2051 984 ut

2233 927 2324 977 ινὸν
2371 927 2572 978 πάντων
2641 926 2800 993 τέλος,
2863 930 2951 978 καὶ
3003 930 3060 979 τό
3109 923 3245 980 ἶδιον
3292 924 3511 979 ἑκάστου
3562 932 3748 980 πεποί-

401 1028 760 1097 ignorarent,
791 1041 865 1080 ne
896 1024 974 1079 ad
1011 1022 1158 1077 illud
1213 1021 1409 1076 solum
1439 1024 1674 1091 tempus
1715 1018 2046 1088 vigilarent,

2233 1033 2276 1066 εν
2322 1013 2709 1088 ἀγνοούμενονό
2767 1019 2916 1081 Θεὸς,
2952 1016 3034 1068 ἵνα
3086 1019 3159 1087 μὴ
3190 1015 3301 1068 κατ’
3351 1013 3538 1068 ἐκεῖνον
3599 1023 3748 1088 μόνον

402 1117 564 1170 omni
587 1114 814 1185 reliquo
846 1113 1002 1168 male
1026 1113 1288 1166 viventes
1321 1127 1334 1164 :
1365 1109 1470 1164 sed
1501 1113 1583 1173 ut,
1631 1125 1766 1162 cum
1798 1109 2050 1163 incertus

2233 1124 2246 1153 ρ
2321 1107 2500 1178 καιρὸν
2571 1110 2792 1176 νήφωσι,
2887 1109 2973 1157 τὸν
3056 1103 3205 1157 ἄλλον
3279 1102 3480 1157 ἅπαντα
3581 1114 3749 1168 κακῶς

402 1204 475 1258 sit
508 1204 659 1267 ﬁnis,
695 1218 930 1272 semper
967 1200 1136 1256 illum
1170 1201 1527 1272 exspectent,
1565 1212 1800 1269 semper
1828 1196 1944 1252 sint
1973 1194 2052 1253 ad

2233 1199 2414 1253 οῦντες
2473 1191 2578 1244 ἀλλ’
2619 1194 2718 1264 ἶνα,
2769 1200 2859 1246 τοῦ
2899 1192 3073 1255 τέλους
3128 1189 3326 1250 ἀδήλου
3373 1194 3746 1265 τυγχάνοντος,

401 1298 701 1350 certamen
726 1291 942 1364 parati.

2233 1282 2406 1334 ίστοτε
2451 1287 2601 1334 τοῦτο
2639 1277 3050 1357 προσδοκῶντες,
3097 1280 3339 1336 ἑκάστοτε
3393 1280 3521 1335 ὦσιν
3571 1280 3748 1355 ἕναγὼ-

2161 1389 2280 1425 νιοι.

474 1490 640 1544 Vers.
671 1491 759 1543 44.
803 1487 939 1542 Ideo
995 1515 1062 1526 —
1107 1489 1392 1541 venturus
1449 1487 1551 1539 est.
1607 1480 1760 1537 Ideo.
1813 1480 2054 1546 Quare?

2233 1477 2329 1529 Διὰ
2355 1482 2509 1529 τοῦτο
2561 1506 2631 1518 -
2683 1479 2914 1550 ἔρχεται.
2970 1477 3067 1530 Διὰ
3089 1483 3262 1544 τοῦτο,
3317 1484 3501 1546 ποῖονς
3563 1480 3663 1532 Διᾶ
3700 1483 3751 1533 τό

405 1577 557 1644 Quia
581 1582 818 1648 tempus
838 1574 1146 1646 ignoratis.
1181 1573 1247 1628 In
1272 1571 1588 1628 universali
1617 1569 1908 1642 siquidem
1935 1568 2056 1625 ﬁne

2233 1562 2458 1619 ιείδίναι
2504 1568 2590 1618 τὸν
2637 1571 2836 1640 καιρόν.
2896 1566 2976 1621 Ἐν
3187 1563 3276 1619 οὖν
3324 1575 3394 1639 τῷ
3440 1573 3750 1641 παγκοσμίῳ

404 1666 615 1722 mundi
640 1665 1026 1721 manifestum
1048 1666 1156 1729 est,
1199 1663 1358 1734 quod
1391 1659 1680 1716 Dominus
1720 1658 1934 1714 veniet.
1975 1658 2055 1713 De

2233 1669 2289 1707 tu
2360 1658 2570 1727 φανερόν
2621 1654 2701 1707 ὅτι
2751 1656 2778 1708 6
2831 1656 3016 1730 Κύριος
3085 1657 3316 1728 ἔρχεται·
3379 1660 3497 1730 περὶ
3564 1653 3626 1710 δέ
3667 1663 3752 1710 τοῦ

403 1755 648 1827 proprio
699 1759 898 1810 autem
957 1752 1075 1808 ﬁne
1123 1751 1330 1806 dicunt
1378 1750 1646 1821 quidam,
1686 1748 1850 1820 quod
1903 1762 2048 1804 uno-

2233 1750 2340 1796 ικοῡ
2403 1747 2532 1804 τινες
2732 1762 2888 1816 φασιν
2963 1745 3060 1811 ὅτι,
3137 1744 3358 1798 ἕκαστον
3433 1752 3748 1818 Χριστιανοῦ

405 1859 642 1916 quoque
695 1842 1026 1898 Christiano
1063 1839 1352 1895 moriente
1386 1838 1555 1894 adest
1593 1837 1880 1892 Dominus
1917 1851 2055 1891 cum

2233 1839 2512 1901 ιευτῶντος,
2561 1838 2902 1905 παραγίνεται
2951 1835 3082 1906 μετὰ
3132 1841 3232 1886 τῶν
3279 1835 3437 1907 ἁγίων
3502 1834 3747 1907 ἀγγέλων,

407 1933 625 1987 sanctis
681 1929 909 2001 angelis
955 1927 1243 2001 :quando
1301 1927 1481 1982 etiam
1518 1925 1809 1982 rationem
1864 1923 2058 1980 reddit

2233 1927 2364 1975 ικαὶ
2387 1921 2733 1994 λογοθετεῖται
2783 1924 2812 1979 ἠ
2859 1922 3014 1993 ψυχή
3046 1924 3179 1985 τινες
3227 1919 3285 1976 δι
3322 1923 3521 1976 ἴλευσιν
3588 1921 3749 1983 ἰδικὴν

407 2021 629 2076 anima.
665 2019 920 2085 Quidam
975 2033 1112 2073 vero
1161 2016 1475 2072 adventum
1513 2015 1819 2086 proprium
1874 2012 2052 2080 illius,

2234 2017 2325 2063 τοῦ
2376 2010 2588 2081 λέγουσι
2669 2015 2763 2068 τὴν
2830 2010 3061 2065 κε’λευσιν
3146 2018 3238 2064 τοῦ
3319 2020 3606 2085 χωρισμοῦ
3665 2020 3750 2071 τῆς

407 2109 613 2166 dicunt
658 2109 977 2180 imperium
1037 2108 1168 2179 ejus
1220 2121 1342 2178 quo
1384 2104 1553 2175 jubet
1606 2107 1672 2159 ut
1711 2103 1915 2180 anima
1970 2118 2058 2158 se-

2233 2107 2365 2171 ιχῆς.
2407 2100 2548 2152 Ἐπεὶ
2584 2095 2644 2152 δε
2680 2098 2857 2152 λοιπὸν
2919 2099 2993 2162 εἰς
3026 2103 3118 2160 τήν
3165 2109 3256 2162 τῆς
3300 2101 3593 2173 μελλούσης
3635 2106 3746 2172 κρί-

405 2204 664 2271 paretur.
721 2179 870 2263 Quia
935 2201 1135 2252 autem
1191 2195 1252 2250 in
1335 2192 1513 2250 futuri
1576 2179 1782 2264 judicii
1831 2207 2058 2248 memo-

2233 2209 2294 2250 ως
2327 2187 2522 2242 ἐνέϐαλε
2579 2192 2809 2260 μνήμην,
2864 2191 2994 2262 πρὸς
3053 2191 3176 2252 τοὺς
3233 2185 3594 2253 διδασκάλους
3636 2193 3748 2268 rpi-

406 2289 555 2344 riam
602 2286 828 2354 incidit,
863 2285 939 2342 ad
976 2289 1370 2357 praeceptores
1408 2283 1687 2340 convertit
1717 2296 2056 2338 sermonem

2233 2297 2248 2330 t
2275 2280 2362 2332 τὸν
2391 2276 2560 2351 λόγον,
2603 2281 2692 2330 καί
2722 2293 2872 2351 φησι·

408 2381 468 2433 et
493 2376 633 2432 dicit
661 2392 675 2431 :

476 2485 637 2538 Vers.
695 2483 784 2538 45.
820 2479 1104 2548 Quisnam
1133 2511 1202 2520 —
1251 2483 1527 2548 tempore.
1571 2475 1949 2534 Famulitium
1978 2473 2058 2531 di-

407 2571 483 2628 cit
511 2572 670 2644 ipsos
697 2569 957 2626 {amulos
983 2585 1053 2625 ac
1081 2568 1177 2625 Dei
1210 2582 1450 2633 servos;
1479 2565 1680 2623 cibum
1713 2569 1933 2631 autem,
1962 2579 2054 2621 ra-

2233 2616 2368 2664 ντας,
2421 2598 2540 2660 τοὺς
2585 2565 2837 2659 ΙδούλουςΙ
2899 2603 2990 2650 τοῦ
3067 2565 3216 2670 έεοῦ,
3294 2565 3486 2675 τροφὴν
3561 2597 3618 2655 δί

409 2660 690 2718 tionalem
732 2660 1065 2716 doctrinam
1079 2699 1092 2714 .

2233 2660 2398 2760 γικήν,
2422 2690 2516 2745 τὴν
2545 2681 2954 2746 διδασκαλικήν.

480 2770 649 2827 Vers.
701 2769 789 2826 46.
846 2768 1051 2824 Beatus
1099 2795 1171 2808 —
1222 2763 1306 2820 sic
1360 2763 1678 2837 facientem.
1739 2761 1851 2829 Sic,
1904 2761 2056 2820 sicut

2236 2778 2506 2853 Μακάριος
2552 2804 2620 2818 -—
2685 2783 2936 2830 ποιοῦντα
2987 2776 3168 2840 οὕτως.
3226 2775 3424 2846 Οὕτως,
3460 2779 3529 2841 ὥς
3583 2798 3745 2855 προσο

401 2859 609 2933 jussit.

2233 2867 2344 2938 ὶγη.

475 2969 639 3023 Vers.
674 2968 762 3022 47.
791 2964 981 3020 Amen
1007 2993 1075 3003 --
1101 2977 1254 3019 eum.
1304 2960 1369 3017 In
1421 2975 1714 3031 magnum
1765 2960 2057 3017 honorem

2233 2965 2401 3036 ’Δμὴν
2443 2994 2512 3006 —-
2557 2962 2732 3019 αὐτόν.
2775 2963 2890 3037 (41)
2947 2963 3038 3028 Εἰς
3090 2966 3317 3038 μεγάλην
3369 2972 3542 3020 τοῦτον
3591 2984 3747 3019 κατα-

406 3055 719 3112 constituet
745 3069 906 3123 eum,
933 3055 998 3109 ut
1024 3051 1198 3108 bonis
1226 3051 1349 3107 suis
1389 3050 1642 3122 dignum
1664 3050 1839 3108 ducat
1865 3051 2054 3113 illum.

2233 3058 2352 3112 ήσιι
2408 3056 2586 3126 τιμὴν,
2681 3061 2780 3106 τῶν
2893 3052 3099 3126 ἀγαθῶν
3173 3054 3355 3109 εαυτοῦ
3450 3056 3748 3119 καταξιώσιι

403 3147 487 3200 Tu
523 3160 661 3200 vero
698 3141 1043 3215 hujusmodi
1089 3157 1165 3198 ne
1203 3141 1449 3216 ulterius
1488 3141 1716 3197 curiose
1757 3141 2052 3198 scrutaris.

2233 3147 2339 3197 τόν.
2397 3145 2463 3195 Σὺ
2515 3137 2574 3195 δι
2629 3137 2793 3214 μηδεν
2854 3140 2937 3194 ἰπὶ
3019 3150 3118 3194 τῶν
3175 3145 3418 3196 τοιούτων
3474 3148 3750 3219 περαιτέρω

405 3233 761 3293 Parabolica
785 3247 1042 3304 namque
1071 3231 1153 3288 ita
1175 3231 1480 3288 tractanda
1492 3235 1648 3300 sunt,
1676 3231 1853 3304 quasi
1877 3231 2056 3303 signi-

2233 3231 2600 3306 λυπραγμόνιι.
2658 3233 2736 3286 Τὰ
2790 3229 3116 3305 παραϐολαὰ
3163 3234 3288 3308 γὰρ,
3361 3234 3432 3296 ὡς
3481 3232 3751 3307 ἄμφαντικὲ

404 3322 640 3380 ﬁcantia
677 3323 869 3380 solum
899 3338 970 3379 ea
988 3338 1122 3394 quae
1161 3320 1506 3377 necessaria
1535 3324 1694 3378 sunt.

2235 3342 2328 3372 νων
2357 3329 2455 3373 τῶν
2484 3319 2798 3392 ἀναγκαίων,
2819 3325 3263 3395 μεταχειριστίον.

477 3412 621 3468 Vide
655 3418 856 3469 autem
885 3411 1050 3482 quod
1080 3411 1196 3465 duo
1221 3409 1348 3465 haec
1378 3409 1591 3465 habere
1619 3413 1884 3480 oporteat
1920 3425 2058 3467 eum

2234 3409 2372 3484 Ὀρα
2429 3407 2488 3463 δι
2534 3411 2613 3462 ὅτι
2661 3406 2758 3462 δύο
2825 3417 2991 3463 ταῦτα
3047 3413 3156 3484 χρὴ
3239 3412 3324 3463 τὸν
3382 3413 3753 3485 προῐστάμινον

408 3501 511 3573 qui
537 3501 882 3573 praepositus
910 3504 996 3554 est
1028 3515 1039 3552 :
1065 3503 1211 3570 puta
1239 3497 1442 3564 ﬁdem,
1467 3512 1541 3553 ne
1571 3498 1821 3552 retineat
1842 3514 1908 3553 ea
1927 3515 2057 3570 qua

2236 3519 2326 3565 ειν,
2367 3504 2566 3566 πίστιν,
2621 3498 2755 3552 ὥστε
2801 3503 2872 3572 μὴ
2930 3501 3315 3574 παροκατεχειν
3368 3502 3437 3552 τὰ
3490 3508 3591 3553 τῶν
3649 3519 3753 3552 συν-

408 3595 546 3645 sunt
571 3604 1014 3652 conservorum,
1046 3593 1147 3641 aut
1167 3586 1446 3640 inutiliter
1470 3591 1787 3641 consumat
1811 3603 1824 3641 :
1853 3593 1908 3641 et
1929 3603 2058 3658 pru-

2233 3589 2384 3653 ύλων,
2453 3592 2482 3646 ἦ
2547 3590 2714 3660 μάτην
2807 3588 3228 3660 παραναλίσκεινο
3310 3594 3400 3642 καὶ
3493 3593 3755 3662 φρόνησιν,

408 3677 692 3740 dentiam,
723 3682 786 3730 ut
811 3675 1081 3730 decenter
1137 3689 1206 3729 ea
1233 3673 1475 3739 dividat,
1523 3688 1651 3744 quas
1705 3673 1815 3730 sibi
1850 3674 2058 3732 tradita

2233 3697 2297 3730 ττι
2353 3681 2644 3750 πρεπόντως
2703 3674 2959 3750 διανέμειν
3043 3679 3110 3730 τὰ
3171 3676 3622 3752 ἐγκεχειρισμένα,
3680 3680 3761 3728 καὶ

411 3766 566 3827 sunt,
619 3768 676 3819 et
726 3779 863 3818 cum
908 3761 1138 3832 judicio
1196 3765 1316 3815 tam
1364 3762 1423 3816 in
1455 3760 1753 3832 qualitate,
1786 3778 1971 3834 quam
1994 3764 2054 3819 in

2233 3769 2293 3820 τὰ
2373 3763 2687 3840 διακρίσεως
2747 3769 2794 3820 ἓν
2869 3786 2922 3820 τε
2997 3769 3241 3826 ποιότητι
3314 3771 3405 3820 καὶ
3489 3772 3759 3824 ποσότητι.

409 3851 760 3923 quantitate.
817 3849 1099 3906 Convenit
1157 3854 1355 3905 autem
1409 3848 1508 3905 hic
1555 3865 1749 3906 sermo
1799 3867 1921 3907 non
1965 3852 2056 3908 his

2233 3856 2405 3928 ομόζει
2455 3853 2514 3910 δε
2569 3857 2596 3909 6
2644 3856 2788 3928 λόγος
2827 3855 2976 3918 οὗτος
3032 3855 3090 3909 ού
3144 3860 3297 3928 μόνον
3335 3862 3446 3918 τοῖς
3497 3855 3761 3915 πλουσίοις

409 3944 627 3998 tantum
656 3940 759 4012 qui
785 3939 994 3995 divites
1025 3943 1162 3996 sunt
1182 3939 1240 3994 in
1272 3954 1567 4005 sermone,
1597 3940 1701 3995 sed
1731 3947 1786 3996 et
1836 3939 1923 3996 his
1953 3941 2056 4014 qui

2280 3945 2453 4017 λόγον,
2541 3942 2669 3997 ἀλλὰ
2719 3947 2808 3998 καὶ
2864 3952 2973 4008 τοῖς
3041 3944 3312 4008 πλουσίοις
3361 3944 3434 4008 εἰς
3486 3950 3758 4020 χρήματα.

409 4029 679 4102 pecuniis
729 4045 800 4086 ac
851 4028 1343 4101 possessionibus
1382 4028 1593 4084 divites
1640 4034 1796 4086 sunt.
1839 4031 2058 4087 Omnes

2233 4036 2370 4095 ἱντας
2416 4033 2528 4106 (42)
2576 4035 2676 4108 γὰρ
2731 4035 3048 4106 οἰκονόμους,
3096 4033 3164 4086 ὧν
3201 4033 3536 4108 εὐποροῦσιν,
3581 4034 3606 4086 6
3643 4037 3762 4094 Θεὸς

409 4118 568 4174 enim
629 4117 935 4174 constituit
983 4120 1137 4173 Deus
1185 4117 1627 4189 dispensatores
1671 4133 1875 4177 eorum
1921 4135 2056 4193 qua

2233 4127 2472 4192 τέστησε,
2526 4125 2614 4174 καὶ
2646 4120 2892 4194 βούλεται
2941 4123 3138 4185 πάντας
3187 4129 3387 4184 πιστῶς
3444 4125 3538 4174 καὶ
3589 4125 3759 4197 φρονί-

408 4207 733 4279 possident,
762 4205 970 4264 volens
1018 4209 1080 4262 ut
1104 4221 1314 4262 omnes
1353 4207 1603 4263 ﬁdeliter
1639 4223 1710 4264 ac
1738 4209 2057 4280 prudenter

2233 4233 2272 4274 ις
2317 4213 2484 4264 πάντα
2536 4205 2820 4282 διανέμειν.
2862 4209 3022 4267 Ἀλλὰ
3066 4214 3155 4264 καὶ
3207 4216 3314 4273 τοῖς
3358 4213 3636 4270 ἡντιναοῦν
3683 4209 3763 4283 ἀρ·

410 4301 620 4354 cuncta
649 4296 936 4352 dividant.
971 4295 1255 4352 Praeterea
1291 4295 1403 4351 illis
1437 4311 1673 4369 quoque
1698 4301 1936 4370 aptatur
1963 4298 2056 4354 hic

2233 4321 2269 4358 Iv
2300 4299 2767 4376 ὶγκεχειρισμένοις
2815 4300 2840 4352 6
2890 4298 3037 4372 λόγος
3093 4301 3164 4352 ἔτι
3204 4302 3481 4372 προσήκει.
3539 4305 3629 4352 Διῖ
3669 4301 3763 4371 γὰρ

409 4400 627 4455 sermo,
653 4385 757 4458 qui
777 4385 1175 4458 principatum
1208 4400 1632 4458 quemcunque
1663 4391 2052 4458 acceperunt;

2237 4393 2254 4441 ἱ
2305 4391 2526 4450 τούτους
2584 4392 2656 4462 μὴ
2705 4390 2833 4463 πρὸς
2907 4384 3047 4441 ἰδίαν
3116 4390 3312 4441 εὔνοιᾶν
3394 4392 3424 4446 ἧ
3480 4386 3766 4459 ἀπέχθειαν

410 4478 643 4546 oportet
689 4476 847 4532 enim
904 4478 962 4531 et
1005 4473 1170 4545 ipsos
1223 4488 1345 4530 non
1388 4474 1558 4545 juxta
1610 4474 1910 4546 propriam
1952 4473 2058 4531 be-

2233 4483 2403 4543 οικείν,
2465 4479 2584 4553 ὅπερ
2644 4476 2755 4531 ἐστὶ
2811 4485 3101 4551 νοσφισμοῦ
3157 4481 3247 4531 καὶ
3315 4475 3574 4541 ἀπιστίας,
3636 4472 3771 4549 μηδι

409 4563 812 4620 nevolentiam
852 4567 956 4619 aut
1005 4563 1375 4620 inimicitiam
1432 4562 1815 4619 administare
1871 4564 2058 4635 (quod

2233 4570 2396 4641 ιρόνως
2426 4570 2514 4622 καὶ
2545 4565 2820 4629 ἀσυνέτως.

411 4650 636 4706 fraudis
666 4656 757 4709 est
787 4656 845 4707 et
872 4651 1276 4724 inﬁdelitatis),
1310 4666 1503 4724 neque
1539 4651 1710 4708 stulte
1758 4655 1815 4709 et
1838 4651 2060 4726 impru-

411 4737 635 4795 denter.

483 4827 643 4883 Vers.
683 4827 775 4883 48.
809 4826 1106 4894 Quodsi—
1129 4830 1288 4886 Vere.
1317 4829 1401 4885 50.
1434 4829 1689 4900 ignorat.
1726 4831 1940 4889 Servus
1965 4832 2058 4892 ille

2240 4832 2360 4888 Ἐὰν
2415 4829 2474 4886 δὶ
2527 4859 2597 4876 —
2648 4834 2909 4904 γινώσκει.
2966 4830 3024 4885 Ὀ
3089 4831 3247 4894 κακὸς
3317 4827 3507 4895 δοῦλος
3559 4830 3775 4897 ἕκιῖνος,

413 4915 632 4984 malus,
660 4915 764 4986 qui
811 4914 1082 4974 videlicet
1111 4933 1141 4972 e
1180 4917 1414 4975 diverso
1447 4917 1702 4976 inﬁdelis
1736 4925 1791 4976 et
1831 4921 2056 4994 impru-

2242 4921 2532 4976 τούναντίον
2581 4922 2802 4983 ἄπιστος
2853 4925 2942 4974 καὶ
2997 4919 3168 4994 ἆφρων
3231 4919 3450 4986 ἀποϐὰς,
3516 4919 3630 4990 ἐὰν,
3680 4921 3780 4974 sieo

413 5001 562 5058 dens
583 5004 787 5070 evasit,
829 5003 878 5059 si
905 5007 1124 5076 putans
1157 5007 1420 5063 cunctari
1451 5007 1765 5065 dominum
1787 5025 1963 5067 suum
1989 5027 2058 5069 eo

2233 5031 2310 5074 νος
2351 5007 2632 5085 βραδύνειν
2691 5013 2778 5063 τὸν
2833 5012 3021 5086 Κύριον
3079 5009 3259 5079 αὑτοῦ,
3318 5006 3414 5063 διὰ
3458 5012 3521 5065 τὸ
3581 5010 3780 5084 ἀγνοιῖν

414 5092 579 5164 quod
659 5091 818 5149 diem
868 5093 1104 5164 ignorat
1152 5101 1207 5152 et
1261 5096 1496 5161 horam,
1555 5102 1615 5153 ut
1667 5096 1888 5156 dictum
1950 5105 2054 5170 est,

2237 5122 2262 5153 ν
2321 5102 2536 5175 ἡμέραν,
2601 5101 2669 5162 ὡς
2726 5101 2948 5174 εἴρηται,
3007 5101 3096 5153 καὶ
3173 5101 3268 5158 τὴν
3332 5098 3494 5173 ὥραν,
3550 5101 3783 5176 ἄρξηται

2233 2512 2320 2570 Τίς
2375 2537 2446 2550 --
2493 2513 2682 2583 καιρῷ.
2755 2510 3042 2584 Θεραπιίαν
3089 2509 3178 2581 μὶν
3235 2508 3367 2582 λέγει
3425 2513 3546 2575 τούς
3609 2512 3746 2588 Θερά-

1609 5211 1834 5282 Variae
1865 5213 2190 5289 lectiones
2223 5225 2288 5286 et
2317 5226 2517 5285 notae.

487 5342 597 5413 (4t)
630 5344 852 5424 fluc'e;
880 5343 1148 5424 margine
1175 5344 1264 5400 sui
1305 5345 1525 5403 codicis
1546 5348 1871 5424 _Hentenius
1896 5351 2070 5410 refert
2226 5355 2358 5424 7(42)
2400 5354 2521 5408 Huc
2545 5349 2726 5424 refert
2748 5364 2819 5406 ex
2849 5347 3114 5424 margine
3157 5347 3246 5404 sui
3297 5346 3520 5405 codicis
3575 5351 3785 5407 ﬂente-

414 5412 545 5470 haac
577 5412 929 5492 i_J_ustissime
947 5412 1088 5492 sane
1105 5422 1379 5492 tanquam
1400 5420 1739 5492 prudentem
1757 5427 1810 5476 et
1840 5425 2067 5481 studio-
2175 5412 2310 5479 nius
2333 5412 2461 5478 haec
2514 5439 2526 5480 :
2561 5423 2867 5478 Dominum
2914 5412 3267 5492 constituens
3299 5435 3787 5492 unumquemque

415 5486 1021 5567 sum.ld_autem_non_
1048 5486 1269 5567 desetis
1301 5491 1566 5556 pecuniis
1597 5507 1666 5548 ac
1707 5494 2068 5561 possessioni-
2176 5510 2320 5564 erga
2366 5511 2477 5556 eos.
2521 5496 2623 5565 qui
2645 5495 2903 5565 ipsorum
2928 5493 3193 5567 indigent
3222 5486 3602 5567 liberalitate.
3641 5486 3784 5567 ειυ-

421 5556 520 5638 bus
551 5557 771 5640 dictum
804 5561 904 5640 est,
923 5557 1021 5640 sed
1047 5563 1097 5614 et
1123 5559 1195 5615 de
1215 5575 1477 5640 sermqne
1499 5576 1634 5633 erga
1652 5556 1918 5632 mentem,
1951 5583 2068 5624 om-
2175 5556 2412 5623 deamus
2439 5556 2631 5640 itaque
2653 5556 2782 5640 eum
2800 5564 2959 5620 omni
2975 5556 3189 5636 gaudio
3209 5578 3278 5640 ac
3301 5564 3785 5636 promptitudine

417 5628 591 5702 nique
618 5628 1059 5701 dispensatione,
1092 5646 1270 5704 quam
1299 5631 1544 5705 quisque
1563 5628 1762 5693 nactus
1789 5628 1913 5693 εει(
2173 5652 2264 5708 ea,
2297 5651 2427 5709 quae
2447 5628 2883 5716 acquisivimus,
2909 5628 3177 5707 spargere
3207 5628 3592 5707 ίηραιφὲι-α.
