3904 6210
118 303 208 359 629
725 313 728 316 ‘
1043 290 1413 349 COMMENT.
1465 290 1533 346 IN
1571 287 2014 347 MATTHIEUM.
2052 318 2122 329 —-
2158 284 2319 343 CAP.
2369 283 2543 342 XXV.

3300 279 3408 338 630

124 431 304 481 τύπτειν
348 426 450 484 τοὺς
516 417 827 494 ὁμοδούλους
885 418 1066 485 αὐτοῦ,
1141 420 1406 470 τουτέστιν
1471 418 1639 470 ὁπωσ-

1829 413 2002 487 aperit
2027 411 2340 469 verberare
2375 423 2691 467 conservos
2721 423 2881 474 suos,
2912 407 3030 464 hoc
3081 409 3169 464 est
3191 404 3408 478 quovis

127 513 296 573 δήποτε
361 511 583 583 βλάπτειν
659 510 843 572 αύτούς
907 513 1007 561 εἶτε
1075 508 1322 580 ψυχικῶς
1381 509 1480 559 εἴτε
1556 525 1652 559 σω-

115 610 314 677 ματικῶς
341 618 351 631 ·
393 599 526 672 ἐσθίῃ
577 596 635 652 δὲ
683 603 776 651 καὶ
826 603 947 671 πίνη
999 599 1131 670 μετὰ
1185 603 1286 648 τῶν
1339 597 1648 668 μεθυόντων,

116 696 251 762 ἤγουν
277 692 734 761 συναναστρέφηται
760 686 973 760 φαύλοις
1001 690 1090 739 καὶ
1114 681 1506 758 διεφθαρμένοις
1535 681 1653 736 ἀνθ-

116 785 293 854 ρώποις,
319 777 605 853 ἆπροὸπτως
627 775 1069 848 ἐπικαταλήψεται
1097 781 1278 828 τοῦτον
1308 774 1334 827 ὁ
1354 775 1535 846 κύριος
1563 772 1652 827 αύ-

118 885 208 920 του*

177 961 262 1010 Καὶ
287 986 336 998 -
365 955 529 1011 αύτὸν.
562 955 710 1014 Διέλη
759 956 873 1026 (43)
904 953 992 1008 ἀπ’
1033 953 1194 1008 αύτού
1220 955 1281 1006 τὸ
1330 951 1651 1025 οἰκονομικὸν

119 1045 302 1118 ἀξίωμα.

177 1133 249 1205 [Ἦ
295 1134 393 1205 (44)
438 1130 760 1206 διχοτομίαν
809 1133 946 1206 λέγει
997 1137 1091 1192 τὴν
1142 1132 1361 1191 παντελῆ
1407 1135 1497 1184 καὶ
1535 1126 1655 1188 διη-

116 1229 214 1281 νεκῆ
253 1222 488 1295 ἀφαίρεσιν
533 1233 633 1286 τῆς
687 1225 912 1296 χάριτος
968 1229 1059 1275 τού
1116 1221 1265 1292 ἁγίου
1332 1223 1650 1293 Πνεύματος.

116 1317 166 1363 Ει
300 1309 409 1384 μηδ’
436 1310 660 1365 ενταῦθα
685 1318 800 1374 ταῖς
822 1310 1224 1385 βεϐηλωσάσαις
1243 1309 1404 1368 αὐτήν
1441 1308 1650 1361 ἀνακεκ-

109 1419 238 1473 ραται
280 1399 479 1473 ψυχαῖς,
520 1399 634 1452 ἀλλ’
686 1397 772 1453 οὖν
825 1403 1047 1477 πάρεστι
1103 1406 1213 1461 τοῖς
1268 1399 1408 1461 ἅπαξ
1463 1397 1653 1473 ἐσφρα-

109 1492 346 1560 γισμένοις,
395 1488 722 1562 ἁναμένουσα
774 1494 870 1549 τὴν
918 1488 1234 1562 ἐπιστροφήν
1293 1487 1480 1558 αὐτῶν,
1536 1490 1651 1540 τότε

110 1572 157 1628 δε
196 1577 422 1640 παντελῶς
506 1583 602 1632 καὶ
677 1575 928 1640 διηνεκῶς
1011 1577 1176 1632 αὐτῶν
1241 1576 1649 1649 ἀλλοτριωθήσε-

109 1665 213 1738 ται]

109 1843 229 1894 αὐτὸν
277 1843 467 1913 ἐκεῖνον,
523 1848 594 1906 ὡς
648 1842 755 1905 ἤδη
808 1850 1192 1919 κεχωρισμένον
1241 1844 1342 1898 ἀπὸ
1372 1851 1464 1898 τοῦ
1512 1844 1648 1898 οἰκο-

108 1938 277 2003 νομαοῦ
319 1933 628 2007 ἀξιώματος.
680 1941 749 1988 Ἤ
801 1932 947 1993 δείλη
1009 1935 1122 2007 (45)
1173 1935 1327 1988 αύτὸν
1387 1933 1488 1988 ἀπὸ
1543 1942 1645 1988 τῶν

110 2022 372 2086 θεραπόντων
414 2024 601 2090 αὐτοῦ,
655 2029 743 2077 καὶ
793 2028 878 2077 τὸν
934 2023 1122 2099 κλῆρον
1170 2024 1328 2077 αὐτοῦ
1379 2025 1529 2082 θήσει
1560 2042 1647 2096 με·

109 2112 157 2160 τὰ
197 2119 280 2162 τῶν
325 2113 642 2187 ὑποκριτῶν,
711 2115 780 2176 ὡς
832 2114 1233 2189 ὑποκρινομένου
1299 2117 1389 2186 μεν
1445 2113 1643 2166 οἰκονο-

109 2205 192 2268 μεῖν
235 2205 310 2253 καὶ
335 2204 713 2276 προῖστασθαι,
769 2200 1090 2274 βλαπτοντος
1137 2199 1197 2257 δε
1251 2202 1459 2276 μᾶλλον.
1503 2208 1640 2275 Διχῆ

108 2291 236 2338 τοίνυν
271 2286 516 2366 διήγειρεν
583 2292 657 2354 εἰς
714 2293 774 2345 τὸ
828 2296 1002 2364 νήφειν
1082 2291 1180 2361 ἀεὶ,
1235 2292 1326 2344 καί
1392 2291 1492 2346 ἀπὸ
1549 2301 1643 2355 τῆς

107 2372 377 2450 ἀποκειμένης
427 2389 496 2452 τῷ
542 2389 722 2452 πιστῷ
771 2386 860 2434 καὶ
916 2385 1144 2455 φρονίμῳ
1215 2377 1386 2454 δούλῳ
1463 2389 1639 2454 τιμῆς,

105 2471 169 2517 καὶ
214 2470 302 2520 ἀπὸ
345 2477 436 2531 τῆς
463 2473 731 2543 μενούσης
783 2472 871 2522 τὸν
923 2472 1080 2523 κακὸν
1135 2466 1320 2524 δοῦλον
1365 2476 1638 2544 τιμωρίας.

103 2555 263 2612 Ταύτην
296 2553 349 2610 δε
376 2563 465 2617 τὴν
510 2558 818 2634 παραϐολὴν
846 2563 936 2612 καὶ
965 2561 991 2611 ὁ
1021 2565 1224 2622 Λουκᾶς
1273 2559 1553 2634 ἀνέγραψεν
1593 2559 1641 2612 ἓν

103 2650 158 2710 τῷ
193 2655 574 2720 τεσσαραοστῷ
627 2649 756 2720 ἕκτῳ
812 2647 1090 2722 κεφαλαίῳ,
1155 2648 1203 2701 ἂν
1257 2647 1296 2721 ᾧ
1355 2668 1486 2721 φησι
1521 2653 1639 2724 περὶ

104 2736 176 2781 τού
205 2743 336 2787 κακοῦ
390 2733 606 2807 δούλου,
662 2739 739 2790 ὄτι
781 2743 882 2791 Καὶ
919 2740 977 2790 τὸ
1005 2740 1161 2813 μέρος
1197 2737 1357 2790 αὐτοῦ
1385 2740 1515 2810 μετὰ
1538 2746 1638 2790 τῶν

103 2816 288 2874 ἀπίστων
336 2826 499 2884 θήσει.
555 2831 658 2880 Καὶ
695 2829 744 2880 οἱ
773 2828 986 2880 ἄπιστοι
1017 2824 1075 2880 δὲ
1103 2829 1301 2888 πάντως
1346 2828 1635 2901 ὗποκριταί.

104 2905 472 2981 Ἐπαγγελλόνται
517 2918 616 2988 μὶν
656 2917 754 2989 γὰρ
815 2911 1004 2968 εἰδέναι
1047 2919 1196 2981 Θεὸν,
1227 2913 1512 2987 ψεύδονται
1543 2913 1629 2975 δέ.

105 3001 180 3050 Καὶ
223 3000 333 3054 οὕτω
388 3011 730 3077 συμφωνοῦσι
762 3006 827 3056 τὰ
875 3004 1029 3079 ῥητά.
1058 3005 1118 3058 Εἰ
1157 3001 1216 3058 δὲ
1234 3009 1321 3057 καὶ
1348 3002 1637 3078 διαφωνού-

1761 503 1943 560 modo
1972 501 2084 558 illis
2113 515 2342 566 nocere,
2366 498 2491 555 sive
2519 496 2903 570 corporaliter
2924 496 3045 553 sive
3099 492 3404 568 spirituali-

1760 596 1863 649 ter.
1896 591 2045 648 Edat
2073 594 2276 647 autem
2305 592 2360 644 et
2382 586 2556 643 bibat
2584 602 2722 642 cum
2749 584 2954 652 ebriis,
2984 585 3101 641 hoc
3123 588 3234 648 est,
3267 597 3408 640 con-

1759 683 2030 737 versetur
2058 694 2196 734 cum
2225 675 2517 750 perversis
2572 678 2627 731 et
2680 673 2973 748 corruptis
3027 671 3401 739 hominibus,

1760 767 2083 842 improvise
2110 765 2516 840 deprehendet
2537 779 2672 822 eum
2692 762 2974 822 dominus
3003 777 3174 819 suus.

1832 964 1994 1021 Vers.
2034 965 2121 1019 5t.
2173 962 2251 1018 Et
2287 990 2358 1002 —-
2400 974 2552 1017 eum.
2593 957 2903 1032 Separabit
2941 956 3021 1016 ab
3053 970 3126 1015 eo
3169 955 3409 1030 dispen-

1762 1053 1936 1110 sandi
1957 1052 2328 1123 dignitatem.

1832 1143 1867 1209 ᾧ
1882 1141 2139 1198 Division
2147 1155 2240 1196 em
2253 1139 2302 1211 ej
2312 1155 2381 1194 us
2393 1136 2535 1195 dicit
2553 1135 2971 1195 omnimodam
2987 1137 3044 1192 et
3054 1136 3409 1208 perpetuam

1761 1231 1970 1304 gratiae
1992 1229 2237 1302 Spiritus
2268 1228 2450 1285 sancti
2479 1226 2866 1284 ablationem.
2918 1223 3089 1288 Quod
3131 1223 3181 1279 si
3212 1238 3408 1297 neque

1759 1335 1922 1377 nunc
1939 1319 2340 1376 commiscetur
2359 1316 2668 1374 animabus
2689 1331 2824 1373 eam
2845 1312 3406 1384 contaminantibus,

1759 1413 1820 1466 at
1849 1408 2062 1464 saltem
2118 1407 2290 1463 adest
2327 1405 2446 1472 his,
2490 1405 2588 1478 qui
2627 1403 2811 1460 semel
2835 1418 2906 1460 ea
2961 1405 3100 1459 sunt
3121 1401 3406 1475 insigniti,

1759 1500 2116 1570 exspectans
2166 1493 2616 1551 conversionem
2646 1492 2960 1565 ipsorum:
3007 1494 3151 1549 tunc
3206 1493 3408 1548 autem

1758 1585 2008 1645 omnino
2037 1589 2092 1642 et
2108 1585 2396 1657 perpetuo
2423 1580 2798 1641 alienabitur.

164 1758 245 1807 Καὶ
313 1758 367 1807 τὸ
423 1760 574 1832 μέρος
629 1786 696 1799 -
752 1753 996 1810 ὀδόντων.
1062 1759 1226 1830 Μέρος
1283 1755 1445 1808 αὐτοῦ
1512 1755 1639 1828 λέγει

1829 1785 1988 1839 Vers.
2040 1781 2126 1836 st.
2184 1779 2526 1852 Partemque
2570 1808 2640 1818 —
2690 1774 3228 1834 dentium.Partem
3271 1772 3404 1846 ejus

1754 1870 1897 1928 dicit
1919 1886 2053 1926 eum
2072 1870 2292 1941 ipsum,
2325 1869 2528 1940 utpote
2539 1867 2670 1938 jam
2695 1863 2958 1921 divisum
2984 1879 3020 1920 a
3037 1861 3407 1934 dispensato-

1753 1962 1842 2020 ria
1865 1962 2149 2033 dignitate
2182 1977 2194 2016 :
2228 1963 2327 2016 aut
2379 1957 2600 2014 dividet
2641 1971 2774 2013 eum
2811 1971 2848 2013 a
2892 1954 3016 2012 suis
3055 1951 3403 2020 cultoribus,

1753 2052 1999 2124 ejusque
2047 2053 2266 2106 sortem
2304 2049 2486 2120 ponet
2547 2061 2686 2102 cum
2736 2043 3082 2117 hypocritis,
3113 2047 3406 2114 tanquam

1752 2140 2075 2210 ﬁngentem
2101 2153 2164 2194 se
2192 2136 2542 2209 dispensare
2573 2149 2642 2191 ac
2671 2131 3053 2207 praepositum
3084 2145 3232 2196 esse,
3263 2144 3407 2189 cum

1751 2227 1948 2302 potius
1986 2226 2231 2284 nocivus
2270 2225 2365 2281 sit.
2417 2222 2697 2281 Bifariam
2747 2222 2951 2295 itaque
3005 2218 3283 2277 excitavit
3321 2217 3406 2277 ad

1752 2332 1988 2390 semper
2007 2314 2378 2386 vigilandum
2417 2331 2431 2372 :
2466 2316 2524 2369 et
2552 2326 2624 2368 ex
2651 2309 2882 2369 honore
2911 2307 3010 2382 qui
3040 2322 3212 2364 servo
3240 2305 3405 2365 ﬁdeli

1753 2419 1824 2462 ac
1851 2403 2130 2478 prudenti
2151 2401 2477 2475 reponitur,
2500 2403 2558 2457 et
2582 2415 2654 2457 ex
2667 2397 2961 2472 supplicio
2987 2395 3153 2470 quod
3172 2393 3404 2453 malum

1751 2496 2050 2566 exspectat
2077 2507 2337 2548 servum.
2369 2491 2536 2548 Hanc
2573 2491 2776 2546 autem
2805 2484 3165 2561 parabolam
3209 2484 3403 2542 Lucas

1749 2598 1992 2656 quoque
2017 2581 2253 2654 scripsit
2281 2577 2749 2654 quadragesimo
2768 2579 2932 2634 sexto
2955 2573 3170 2648 capite,
3191 2573 3255 2631 in
3279 2587 3403 2647 quo

1748 2670 1823 2727 de
1854 2669 2013 2726 malo
2048 2684 2222 2725 servo
2251 2669 2351 2737 ait,
2389 2669 2743 2740 Partemque
2764 2667 2891 2737 ejus
2919 2679 3049 2722 cum
3064 2661 3403 2732 inﬁdelibus

1744 2766 1920 2830 ponet
1946 2760 2014 2815 το.
2058 2758 2332 2814 Inﬁdeles
2386 2760 2586 2814 autem
2624 2755 2826 2828 utique
2857 2753 3038 2810 etiam
3070 2750 3401 2824 hypocrita

1749 2853 1888 2906 sunt
1921 2864 1932 2904 :
1962 2849 2309 2920 promittunt
2346 2846 2505 2903 enim
2527 2860 2590 2900 se
2619 2858 2795 2901 nosse
2822 2843 3032 2908 Deum,
3088 2839 3197 2898 sed
3232 2853 3400 2897 men-

1746 2937 1988 2994 tiuntur.
2018 2940 2084 2995 Et
2105 2937 2188 2994 ita
2212 2939 2551 2992 consonant
2588 2949 2719 3006 quas
2757 2932 2915 2989 dicta
2940 2933 3080 2986 sunt
3111 2927 3314 3002 ;quod
3345 2927 3398 2985 si

1745 3027 1927 3082 etiam
1948 3025 2193 3083 dissona
2213 3028 2366 3093 sunt,
2393 3022 2542 3081 nihil
2562 3022 2817 3081 mirum:
2848 3019 3026 3080 variis
3053 3018 3214 3078 enim
3237 3016 3398 3077 dicta.

106 3103 181 3150 σιν,
207 3087 334 3144 οὐδἐν
363 3097 535 3146 καινόν
569 3109 585 3125 ⁸
613 3094 750 3147 κατὰ
788 3090 1067 3168 διαφόρους
1095 3095 1197 3173 γὰρ
1228 3098 1444 3169 καιρούς
1474 3098 1637 3172 εἴρην-

1829 3118 1882 3172 nt
1911 3113 2306 3187 temporibus.

311 3329 450 3382 ΚΕΦ.
480 3323 618 3382 ΝΘ’.
659 3327 784 3399 Περὶ
818 3332 916 3379 τῶν
948 3321 1078 3380 δέκα
1105 3329 1370 3403 παρθένων

146 3412 247 3463 τότε
290 3443 351 3454 -
381 3416 676 3490 παρθένοις.
729 3415 998 3470 Βασιλείαν
1049 3421 1150 3468 τῶν
1216 3416 1440 3490 οὐρανῶν
1499 3412 1637 3470 ἰδιοο

95 3499 250 3566 τρόπιος
279 3499 403 3574 λέγει
453 3511 542 3555 νῦν
575 3503 740 3569 ,αὐτὰ
772 3506 837 3556 τὰ
886 3506 1023 3557 κατὰ
1076 3509 1164 3564 τὴν
1222 3504 1494 3578 βασιλείαν
1534 3513 1635 3558 τῶν

96 3584 273 3658 οὐρανῶν
291 3610 400 3661 γενη
410 3597 610 3665 σὸμενα
635 3597 770 3646 τότε·
804 3613 906 3667 παρ
916 3595 1060 3654 θνους
1082 3591 1116 3646 δ
1119 3596 1141 3647 'e
1166 3598 1280 3656 τούς
1304 3596 1633 3669 παρθενεύον-

96 3691 179 3739 τας,
206 3681 290 3730 εἶτε
315 3679 490 3756 ἄνδρες
521 3679 677 3748 ὦσιν,
733 3685 831 3735 εἴτε
867 3690 1133 3755 γυναῖκες.
1193 3688 1306 3759 Χρὴ
1371 3680 1429 3737 δε
1483 3685 1634 3752 γινώ-

97 3779 205 3815 σκειν
231 3768 300 3818 ὅτι
326 3771 370 3821 ἓν
396 3773 484 3842 μεν
515 3779 582 3842 τῇ
643 3774 743 3845 πρὸ
786 3773 982 3834 ταύτης
1009 3770 1277 3844 παραϐολῇ
1334 3770 1632 3824 καθολικώ-

94 3867 208 3920 τερθν
241 3861 342 3926 περὶ
385 3861 561 3920 πάσης
624 3858 860 3930 ὡφελείας
907 3868 1003 3922 τῆς
1045 3861 1112 3921 εἰς
1145 3863 1262 3921 τούς
1312 3857 1635 3932 ὁμοδούλους

96 3937 367 4012 ﬁnisfinem;
395 3943 658 4009 ἐδίδαξεν
694 3946 744 3999 ἐν
773 3949 937 4021 ταύτῃ
973 3946 1032 4002 δί
1064 3945 1362 4023 ἰδικώτερον
1399 3945 1633 4020 διαλέγε-

93 4025 163 4076 ταί
190 4035 284 4099 περί
307 4037 454 4103 μόνης
498 4043 601 4094 τῆς
626 4037 674 4087 ἓν
727 4042 1000 4108 χρήμασι.
1042 4039 1330 4110 Παρθένους
1363 4035 1422 4091 δδ
1451 4045 1512 4110 τῇ
1536 4057 1634 4091 πα·

93 4113 248 4188 ραεολῇ
275 4128 351 4171 νῦν
370 4123 682 4182 ὑποτίθησιν
703 4125 808 4196 οὐχ
829 4125 1017 4188 ἁπλῶς,
1038 4124 1146 4178 ἀλλ’
1168 4123 1347 4186 ἐπειδὴ
1376 4131 1512 4200 μέγα
1539 4130 1634 4186 τὴν

93 4207 321 4276 παρθενίαν
349 4208 632 4279 ἀπέδειξεν,
666 4210 714 4262 ἐν
742 4209 815 4274 οἷς
840 4210 974 4266 εἶπεν
1005 4231 1019 4244 ·
1058 4215 1203 4268 Εἰσὶν
1226 4215 1338 4287 (46)
1369 4215 1633 4287 εύνοῡχοι,

94 4293 240 4356 οἵτινες
289 4297 596 4372 εὐνούχισαν
651 4300 864 4364 ἑαυτούς
920 4299 1014 4355 διὰ
1059 4307 1152 4362 τὴν
1205 4302 1477 4377 βασιλείαν
1536 4311 1636 4356 τῶν

95 4377 294 4450 θῦρανῶν.
343 4393 439 4440 Καὶ
467 4392 572 4462 γὰρ
623 4392 782 4453 ὅντως
808 4394 944 4462 μέγα
981 4393 1113 4447 ἐστί.
1156 4395 1242 4445 Διό
1272 4389 1385 4446 οὐδ’
1414 4393 1479 4454 εἰς
1510 4391 1634 4446 ἀνοί-

2041 3307 2196 3364 CAP.
2232 3305 2374 3362 LIX.
2415 3305 2498 3363 De
2521 3295 2719 3362 decem
2747 3301 3096 3376 virginibus.

1815 3414 1965 3471 CAP.
1989 3415 2145 3471 XXV.
2174 3414 2333 3470 Vers.
2370 3413 2424 3468 1.
2460 3412 2626 3468 Tunc
2645 3440 2715 3454 -
2738 3410 3086 3482 virginibus.
3115 3407 3393 3481 Regnum

1745 3502 2033 3561 ccelorum
2065 3517 2177 3559 suo
2207 3516 2371 3558 more
2395 3515 2558 3556 nunc
2587 3504 2762 3557 vocat
2787 3515 2858 3557 ea
2881 3514 3020 3573 qum
3069 3501 3213 3555 tunc
3238 3497 3396 3554 circa

1741 3608 1991 3664 regnum
2023 3590 2310 3648 caelorum
2339 3589 2704 3659 contingent.
2737 3588 3009 3662 Virgines
3053 3592 3255 3646 autem
3277 3603 3395 3646 ser-

1741 3687 1942 3740 vantes
1974 3681 2385 3754 virginitatem,
2410 3679 2532 3735 sive
2556 3678 2664 3735 viri
2677 3679 2788 3736 sint
2816 3677 2939 3734 sive
2952 3677 3209 3735 femina.
3235 3677 3394 3737 Scire

1741 3788 1886 3843 ergo
1903 3775 2152 3845 oportet,
2178 3769 2337 3842 quod
2362 3770 2423 3824 in
2444 3767 2816 3841 prmcedente
2836 3767 3124 3840 parabole
3144 3782 3395 3839 genera-

1741 3861 1856 3918 lius
1885 3860 1960 3916 de
1976 3860 2247 3916 omnium
2281 3857 2527 3916 utilitate
2545 3856 2748 3914 docuit
2763 3873 2947 3930 quam
2964 3855 3266 3914 conservis
3293 3855 3396 3914 de-

1740 3949 1886 4006 bent
1906 3970 1918 4004 :
1938 3949 1998 4004 in
2012 3948 2126 4004 hac
2139 3952 2336 4005 autem
2355 3947 2430 4004 de
2457 3962 2528 4004 ea
2545 3946 2674 4003 sola
2692 3945 3108 4018 particularius
3136 3944 3393 4017 disserit,

1743 4053 1880 4111 qua;
1903 4041 1990 4093 est
2021 4037 2080 4091 in
2107 4036 2376 4108 pecuniis
2395 4039 2453 4092 et
2478 4035 2979 4110 possessionibus.
2999 4033 3262 4107 Virgines
3287 4049 3393 4092 au-

1743 4131 1861 4183 tem
1874 4124 2014 4181 huic
2027 4124 2333 4197 parabolas
2359 4123 2644 4196 supponit
2656 4139 2778 4181 non
2794 4127 3121 4196 utcunque,
3135 4123 3239 4180 sed
3251 4123 3394 4196 quia

1744 4227 2029 4283 magnum
2052 4213 2368 4285 quidpiam
2394 4227 2524 4269 esse
2549 4211 2952 4286 virginitatem
2982 4210 3208 4281 docuit,
3254 4227 3393 4269 cum

1743 4303 1921 4359 dixit:
1943 4301 2089 4357 Sunt
2111 4301 2372 4358 eunuchi
2391 4301 2720 4372 quiseipsos
2739 4304 3148 4357 eastraverunt
3156 4305 3399 4370 propter

1743 4407 1992 4463 regnum
2017 4391 2288 4447 calorum
2310 4391 2356 4427 τί
2372 4434 2385 4447 .
2416 4389 2563 4445 Vere
2580 4389 2797 4446 etenim
2813 4403 3105 4458 magnum
3119 4391 3229 4456 est,
3256 4386 3394 4444 ideo

95 4484 199 4533 Tura
239 4476 372 4544 νόμον
415 4482 668 4546 κατέστη,
702 4477 826 4531 ἀλλά
876 4488 937 4552 τῇ
971 4485 1270 4555 προαιρέσει
1316 4489 1412 4534 τῶν
1443 4481 1636 4556 ἀνθρω-

1829 4495 1935 4552 que
1962 4479 2073 4534 sub
2100 4477 2250 4548 legis
2271 4477 2625 4534 necessitate
2651 4475 3038 4534 constitutum
3058 4477 3167 4542 est,
3200 4473 3305 4531 sed
3329 4474 3396 4532 in

96 4571 184 4605 πων
224 4555 583 4638 ἐπιτέτραπται.
629 4567 688 4620 Ὀ
736 4563 1015 4640 δυνάμενος
1065 4571 1188 4642 γὰρ,
1241 4574 1392 4642 φησὶ,
1443 4555 1634 4644 χωρεῖν

97 4651 306 4713 χωρείτω.
333 4654 499 4716 Δείξαι
531 4653 774 4727 βούλεται
805 4663 892 4708 νῦν
937 4659 1018 4710 ὅτι
1066 4654 1188 4711 οὐδὲ
1215 4661 1274 4710 τὸ
1304 4663 1439 4731 μέγα
1483 4665 1636 4713 τοῦτο

97 4736 360 4810 κατόρθωμα
402 4745 490 4795 τὸν
535 4749 841 4817 κεκτημένον
899 4745 1080 4819 ὠφελεί
1136 4750 1306 4822 χωρὶς
1359 4746 1636 4822 ἐλεημοσύ-

97 4836 186 4880 mg.

150 4971 452 5048 “Luam,
483 4983 574 5042 46.
653 4983 697 5022 ⁷³
725 4983 925 5045 Matth.
957 4985 1194 5054 111.12.
1270 4984 1485 5044 "Ibid.

1743 4569 1986 4643 propria
2031 4566 2348 4624 hominum
2379 4566 2674 4623 voluntate
2717 4563 3081 4637 permissum
3106 4566 3236 4620 est:
3282 4562 3397 4632 Qui

1737 4662 1938 4730 potest,
1960 4656 2149 4729 inquit
2176 4671 2384 4726 capere
2403 4656 2603 4724 capiat
2621 4656 2692 4712 τ’.
2717 4656 2884 4710 Nunc
2903 4652 3030 4710 vult
3056 4651 3391 4722 ostendere,

1743 4746 1909 4820 quod
1921 4760 2114 4818 neque
2127 4743 2484 4818 praclarum
2496 4743 2608 4801 hoc
2623 4741 2850 4800 facinus
2871 4740 3000 4800 sine
3020 4741 3396 4816 eleemosyna

1744 4848 2090 4910 possessum
2110 4832 2400 4907 proderit.

1268 5160 1492 5232 Variae
1515 5159 1846 5232 lectiones
1877 5168 2164 5232 etnotae.

130 5342 331 5426 ,μω-ἓξ
352 5350 447 5408 hic
474 5357 530 5410 et
556 5353 766 5426 paulo”
787 5359 924 5426 post
952 5356 1012 5412 in
1043 5358 1296 5426 utroque
1326 5355 1528 5413 codice
1559 5355 1635 5412 le-

96 5415 770 5505 glﬁlff_3tfig,_qqod_nihili
782 5415 1056 5505 estJjuto
1073 5415 1466 5505 Euthymium
1490 5427 1631 5505 scri-

92 5495 250 5603 ἔειπε
277 5492 450 5570 διελεῖ.
473 5496 557 5551 Sic
582 5497 721 5552 Luc.
754 5513 850 5561 xu,
887 5496 971 5565 18,
997 5504 1086 5555 est
1117 5492 1335 5552 καθελῶ.
1369 5501 1434 5553 ln
1465 5499 1634 5554 scho-

127 5569 167 5603 ιε
190 5559 436 5603 corlmnm
471 5565 908 5603 Mnannnnninm
947 5569 1018 5603 ..Α
1075 5571 1231 5603 imm.
1271 5568 1517 5603 ιεοηιιως
1551 5569 1632 5603 ιη-

127 5559 167 5606 is
190 5559 438 5620 codicum
470 5559 911 5638 Mosquensium
944 5559 1023 5625 ad
1072 5571 1232 5625 hunc
1271 5568 1520 5638 Μελιῂωὶ
1551 5569 1632 5625 lo-

97 5635 209 5680 cum
233 5636 496 5700 presenti
523 5635 788 5711 tempore
829 5639 1042 5712 legitur
1065 5640 1376 5714 ἁποσχίζει,
1405 5636 1624 5714 διαιρεῖ.

1837 5353 1926 5487 Ξέξ
1957 5353 2198 5482 ﬁt???
2211 5348 2889 5489 £3e‘i‘35ﬂ2.“£’3£§.‘°

1839 5484 1926 5578 46)
1945 5498 2031 5578 _Ex
2050 5495 2433 5578 margines-iui
2449 5484 2674 5552 codicis
2685 5495 2809 5578 huc
2835 5488 3014 5578 refert
3028 5484 3388 5578 ﬂentem-us};

1740 5561 2056 5698 33:33.
2077 5561 2288 5626 laudat
2308 5567 2368 5624 id
2384 5572 2824 5641 exsequentem:
2864 5577 2985 5623 non
3011 5564 3204 5624 autem
3227 5561 3386 5632 cogit
