3904 6210
95 283 201 340 633

1000 286 1369 345 COMMENT.
1409 286 1479 343 IN
1517 284 1969 344 MATTH/EUM.
2019 316 2088 330 --
2126 284 2281 344 CAP.
2320 286 2495 343 XXV.

3354 286 3458 344 634

172 409 562 481 ’Δπερχομένων
633 441 703 452 —-
766 414 999 484 νυμφίος.
1057 411 1335 487 Ὠρμησαν
1391 415 1481 486 μὲν
1548 412 1697 467 ἀπελ-

1889 413 2047 467 Vers.
2087 412 2167 467 tO.
2200 412 2497 468 Euntibus
2522 442 2591 453 —
2619 426 2876 482 sponsus.
2902 414 3297 470 Tentaverunt
3325 412 3459 484 qui-

106 498 231 563 θεῐν,
276 498 369 550 οὐκ
416 494 755 557 ἠδυνήθησαν
801 497 878 555 δέ.
936 505 1173 554 Δείκνυσι
1223 498 1283 554 δὲ
1332 507 1421 555 καὶ
1476 502 1626 566 οὗτος
1673 503 1699 556 ὁ

97 584 254 659 λόγος
281 587 360 639 ὅτι
390 592 499 640 τότε
526 593 731 660 ματαία
763 591 793 648 ἠ
831 593 961 663 πρὸς
993 589 1178 665 ἀρετὴν
1207 592 1363 666 ὁρμή.

162 784 269 835 Καὶ
325 811 398 821 -
458 784 610 855 θύρα’
661 786 827 857 Γάμοι
879 785 1010 838 εἰσὶν
1064 788 1094 845 ἡ
1154 791 1395 840 κοινωνία
1455 797 1546 849 τῆς
1602 788 1699 861 βα-

98 869 295 930 σιλείας
340 879 445 923 τῶν
488 871 739 945 οὐρανῶν,
782 878 870 927 καὶ
927 875 957 933 ἡ
1016 879 1110 927 σὺν
1166 884 1380 950 Χριστῷ
1430 874 1694 950 διαγωγή.

158 957 411 1033 ’Υστερον
479 990 547 1001 —-
629 964 774 1034 ἡμῖν.
845 964 1058 1017 Οἰονται
1120 967 1243 1041 γὰρ,
1326 968 1390 1028 ὡς
1453 970 1698 1043 παρθένοι

98 1049 361 1102 εἰσελθεῖν.

159 1144 222 1191 '0
276 1134 337 1191 δί
391 1169 462 1179 -
509 1139 665 1211 ὑμᾶς,
718 1140 792 1193 Οὐ
846 1146 1104 1216 γνωρίζω,
1177 1150 1354 1217 φησὶν,
1413 1148 1562 1219 ὑμᾶς,
1631 1150 1695 1210 ὡς

98 1225 417 1299 ἰσεεσμίνων
467 1235 568 1280 τῶν
624 1227 912 1302 λαμπάδων
951 1233 1113 1305 ὑμῶν.
1159 1239 1326 1287 Γνῶσι
1379 1232 1438 1289 δὲ
1474 1244 1561 1288 νῦν
1600 1242 1693 1296 τὴν

97 1312 149 1377 ἐξ
201 1314 503 1378 οἰκειώσει-ις
557 1322 769 1377 νόησον.
819 1317 1010 1384 Οὐδεὶς
1056 1325 1156 1396 γὰρ
1208 1322 1492 1397 ἆνελεήμων
1540 1326 1691 1380 οἰκει-

93 1410 239 1455 οῦται
298 1413 371 1476 τῷ
427 1404 661 1480 ἐλεήμονι
723 1413 962 1484 Χριστῷ.
1014 1413 1171 1485 Οἵμοι
1230 1412 1243 1466 ι
1302 1416 1433 1485 μετὰ
1495 1420 1694 1478 πόσους

88 1495 289 1558 πόνους,
346 1497 481 1566 μετὰ
534 1500 727 1559 πόσους
780 1497 1000 1571 ἀγῶνας,
1059 1502 1190 1573 μετὰ
1238 1505 1381 1556 πόσα
1443 1508 1688 1577 τρόπαια,

90 1580 118 1631 ἆ
158 1583 303 1633 κατᾶ
337 1590 439 1644 τῆς
657 1589 854 1659 φύσεως
898 1588 1164 1652 λυττὼσης
1204 1589 1515 1659 ἀνέστησαν,
1573 1594 1691 1648 ἁπε-

88 1671 402 1742 πέμφθησαν
463 1668 560 1726 διὰ
614 1678 708 1734 την
761 1675 1187 1750 ἁνελεημοσὺνην.
1246 1679 1407 1733 Ὅταν
1466 1679 1527 1736 δέ
1588 1703 1688 1753 τις,

1807 499 1947 555 dem
1977 500 2163 571 abire,
2193 502 2297 557 sed
2327 517 2447 558 non
2480 505 2823 574 potuerunt.
2877 502 3144 558 Ostendit
3173 508 3369 559 autem
3400 505 3458 557 et

1806 587 1905 644 hic
1935 605 2151 662 sermo,
2185 591 2350 663 quod
2392 596 2532 647 tunc
2576 606 2765 647 vanus
2799 591 2905 649 erit
2958 591 3036 647 ad
3061 592 3336 647 virtutem
3361 606 3457 647 co-

1805 682 2003 734 natus.

1876 767 2033 823 Vers.
2071 767 2156 823 10.
2196 769 2271 824 Et
2294 800 2363 811 —-
2378 771 2591 839 janua.
2625 769 2850 841 Nuptias
2885 771 3022 824 sunt
3050 767 3454 825 communica-

1806 854 1885 911 tio
1910 855 2078 925 regni
2106 856 2414 923 cmlorum,
2444 862 2501 913 et
2526 858 2895 913 conversatio
2922 874 3060 913 cum
3086 858 3333 915 Christo.

1874 946 2034 1001 Vers.
2067 946 2149 1001 11.
2180 948 2387 1002 Postea
2416 946 2679 1002 —nobis.
2709 948 2924 1003 Putant
2953 947 3111 1002 enim
3142 947 3307 1019 quod
3327 950 3455 1005 tan-
3480 985 3493 991 -

1804 1048 1986 1105 quam
2016 1034 2276 1105 virgines
2304 1036 2626 1092 intrabunt.

1874 1122 2038 1179 Vers.
2080 1124 2159 1179 t2.
2181 1124 2258 1178 At
2280 1124 2417 1180 illos
2448 1140 2570 1180 vos.
2594 1128 2717 1180 Non
2751 1138 3070 1194 cognosco,
3091 1123 3300 1196 inquit,
3320 1138 3453 1187 vos,

1802 1210 2105 1268 exstinctis
2142 1213 2415 1269 videlicet
2460 1212 2846 1285 lampadibus
2874 1212 3103 1270 vestris.
3164 1212 3456 1281 Cognitio-

1799 1315 1934 1355 nem
1964 1305 2162 1357 autem
2195 1316 2351 1357 nunc
2381 1317 2510 1357 eam
2532 1301 2805 1373 intelligo,
2835 1317 2965 1373 qua:
2996 1318 3030 1358 a
3056 1300 3454 1357 familiaritate

1798 1389 2085 1460 procedit.
2119 1390 2327 1448 Nullus
2373 1390 2532 1447 enim
2558 1391 2975 1447 immisericors
3024 1389 3333 1447 familiaris
3356 1389 3455 1461 {est

1800 1477 2170 1535 misericordi
2200 1478 2453 1536 Christo.
2500 1482 2621 1538 Heu
2646 1482 2779 1551 post
2803 1483 2999 1535 tantos
3026 1477 3279 1541 labores,
3318 1481 3453 1548 post

1798 1569 1967 1623 tanta
1996 1566 2341 1634 certamina,
2376 1571 2512 1639 post
2539 1572 2703 1625 tanta
2750 1571 2993 1639 tropaea,
3027 1582 3159 1639 quae
3204 1565 3317 1621 illm
3350 1566 3455 1622 ad-

1798 1670 2006 1711 versus
2036 1655 2432 1713 insanientem
2463 1660 2733 1714 naturam
2772 1659 3098 1721 erexerant,
3130 1655 3451 1727 repudiatae

89 1756 380 1831 ἀνελεήμων
423 1761 515 1831 ὢν,
566 1760 706 1835 μηδὶ
759 1768 1036 1840 παρθενίαν
1092 1771 1215 1841 ἔχῃ,
1282 1775 1433 1833 ποίας
1483 1771 1577 1825 οὐκ
1629 1774 1689 1825 οἶν

1858 1750 1936 1801 int
1957 1750 2191 1819 propter
2215 1746 2677 1819 eleemosynam.
2714 1746 2817 1803 Ubi
2852 1762 2994 1817 ergo
3020 1745 3147 1816 quis
3192 1744 3451 1801 immise-

89 1850 153 1905 εἰη
233 1845 544 1912 καταδίκης
602 1852 779 1922 ἄξιος
847 1855 921 1907 Ou’
974 1864 1369 1932 περιεργαστέον
1433 1857 1492 1914 δὲ
1544 1860 1691 1915 διατί

90 1932 208 1988 δέκα
261 1940 540 2012 παρθένοι,
586 1945 675 1995 καὶ
724 1947 838 1997 τίνα
889 1947 953 1997 τὰ
1015 1945 1201 2018 ἀγγεῖα
1239 1948 1426 2022 αὐτῶν,
1477 1956 1566 2005 καὶ
1609 1958 1691 2017 τίς

90 2025 114 2117 ii
354 2035 460 2079 τῶν
507 2032 706 2103 γάμων,
743 2037 831 2086 καὶ
868 2036 934 2087 τὰ
970 2044 1189 2090 τοιαῦτα
1225 2048 1321 2101 τῆς
1366 2040 1683 2117 παραϐολῆς,

88 2115 149 2177 ὡς
181 2115 445 2179 πολλάκις
474 2124 565 2172 καὶ
592 2119 831 2175 έπ⁹ά¹λλωι
860 2126 1236 2198 παρήγγελται.

150 2311 210 2365 Εἰ
266 2307 330 2365 δ¹ε
397 2311 448 2366 ἓν
690 2324 765 2387 τῷ
840 2318 1099 2393 ἑξηκοστῷ
1175 2328 1362 2396 πρώτῳ
1427 2327 1683 2401 κεφαλαίῳ

85 2405 398 2475 γέγραπται,
481 2405 563 2457 ὅτι
643 2414 844 2479 πρῶτον
918 2408 1235 2485 ἀπέρχονται
1312 2416 1361 2467 οἱ
1438 2415 1681 2492 ἁμαρτω-

84 2488 151 2542 λοὶ
200 2491 282 2553 εἰς
338 2491 559 2545 κόλασιν
616 2495 842 2563 αἰώνιον,
906 2495 1017 2552 εἶτα
1068 2503 1118 2553 οἱ
1166 2498 1365 2556 δίκαιοι
1418 2488 1488 2567 εἰς
1542 2488 1681 2568 ζωὴν

86 2578 309 2632 αἰώνιον
385 2579 437 2633 έν
509 2578 568 2635 δε
635 2591 710 2654 τῷ
783 2590 999 2661 παρόντι
1060 2591 1318 2664 κεφαλαίῳ
1385 2594 1680 2649 τούναντίον

84 2673 337 2738 φαίνεται,
386 2678 591 2742 πρῶτον
644 2672 985 2728 εἰσελθουσῶν
1044 2686 1137 2730 τῶν
1191 2687 1445 2755 φρονίμων
1488 2687 1682 2759 παρθέ-

83 2776 197 2849 νων,
250 2756 363 2811 εἶτα
402 2758 835 2834 ἁποπεμφθεισῶν
884 2774 982 2818 τῶν
1033 2777 1237 2843 μωρῶν·
1289 2776 1360 2844 μὴ
1421 2756 1681 2849 ὑπολάϐῃς

83 2842 459 2919 ἕναντιολογίαν
559 2848 657 2903 τῶν
742 2853 1045 2925 κεφαλαίων.
1138 2857 1323 2913 Ἐκεῖνο
1414 2867 1504 2935 μεν
1578 2842 1679 2939 γόιρ

84 2930 419 3008 ἀκριϐολογεῖ
447 2944 562 3011 περὶ
605 2948 698 3001 τῆς
741 2941 949 3005 τάξεως·
1000 2953 1152 2999 τοῦτο
1189 2944 1247 3001 δε
1292 2930 1485 3003 σκοπὸν
1515 2930 1682 3027 ἑτέρον

85 3024 208 3091 ἔχει,
253 3028 318 3075 τό
368 3022 591 3090 διδάξαι
634 3033 786 3102 μόνον
830 3032 911 3083 ὅτι
958 3030 1075 3085 οὐδ’
1113 3037 1142 3094 ἠ
1194 3040 1445 3111 παρθενία
1502 3022 1678 3112 σώζει,

84 3116 147 3206 μὴ
199 3119 634 3188 συγκεκραμένην
677 3119 790 3190 (54)
842 3120 997 3195 ἑαυτῇ
1047 3129 1138 3177 καὶ
1185 3107 1279 3184 τὴν
1337 3107 1682 3206 ἕλεημοσύνῃν
1719 3107 1760 3165 c

86 3199 311 3267 ἔχουσα,
364 3208 454 3255 καὶ
511 3207 592 3257 ὃτι
638 3208 669 3265 ἠ
722 3207 894 3281 ἑτέρου
942 3209 1097 3284 ἁρετὴ
1148 3213 1314 3287 ἕτερον
1369 3218 1463 3271 οὐκ
1505 3221 1685 3293 ὠφελεῖ

81 3292 205 3354 τότε,
238 3294 339 3341 καὶ.
367 3292 449 3344 ὅτι
479 3294 511 3351 ἡ
548 3296 673 3367 πρὸς
712 3294 896 3369 ἀρετὴν
944 3300 1079 3374 ὁρμὴ
1130 3312 1417 3360 τηνικαῦτα
1456 3292 1678 3382 ματαία,

82 3380 166 3476 καὶ.
220 3379 310 3429 ὅτι
366 3379 532 3434 πολλὰ
584 3385 988 3449 καθικετεύοντες
1038 3392 1088 3443 οἱ
1144 3379 1543 3468 κατακριθέντες
1586 3379 1680 3452 οὐκ

83 3469 497 3537 έπαοὶμπτουσι.
537 3470 708 3526 Τᾶλλα
752 3471 812 3527 δε
858 3479 1028 3530 πάντα
1075 3484 1420 3542 συνετέθησαν
1470 3484 1677 3560 ἀπαρα-

82 3559 342 3651 τηριὸτεος,
390 3555 481 3651 ἕνα
524 3562 711 3621 πιθανὴ
761 3568 974 3636 γένηται
1030 3570 1060 3627 ἡ
1112 3571 1401 3645 παραϐολὴ.
1447 3580 1547 3629 Καὶ
1575 3555 1676 3651 γὰρ

81 3638 207 3739 οὐδ’.
240 3642 329 3697 ὃτι
380 3644 789 3721 ἀπεπέμφθησαν
829 3654 900 3715 εἰς
951 3656 1164 3710 κόλασιν
1208 3659 1335 3729 εἷπε,
1379 3658 1473 3717 διὰ
1506 3668 1563 3717 τὸ
1603 3638 1673 3739 μη

79 3736 160 3778 νῦν
186 3728 651 3805 ἀκριϐολογεῖσθαι
684 3746 801 3815 περὶ
830 3752 929 3795 τῶν
957 3749 1221 3802 τοιούτων.

150 3824 465 3897 Γρηγορεῖτε
530 3857 599 3866 -
645 3831 876 3902 ἔρχεται.
926 3833 1180 3897 Πολλάκις
1231 3837 1450 3910 ἐπιλέγει
1500 3849 1675 3912 τοῦτο,

82 3900 315 3973 δεικνὺς,
362 3913 443 3964 ὅτι
480 3900 675 3975 πολλὴή
690 3924 849 3991 χρεία
903 3932 1176 3995 προσοχῆς
1231 3922 1323 3979 διὰ
1369 3900 1428 3981 τὸ
1480 3900 1676 3990 ἄδηλον

80 4002 179 4056 τῆς
209 3997 495 4065 τελευταίας
525 4005 719 4079 ἡμέρας
747 4012 837 4062 καὶ
866 4008 1021 4085 ὧρας.

302 4201 454 4253 [ΕΦ.
487 4197 558 4255 Ξ.
590 4206 716 4277 Περὶ
734 4211 834 4256 τῶν
855 4207 922 4258 τὰ
940 4206 1167 4264 τάλαντα
1184 4209 1463 4281 λαϐόντων,

151 4282 356 4380 Ὠσπερ
401 4317 470 4329 -
520 4284 762 4363 δύναμιν.
815 4299 914 4380 καὶ
961 4296 1093 4357 αὕτη
1139 4301 1169 4359 ἡ
1224 4303 1490 4376 παραϐολὴ
1522 4308 1679 4380 ὁμοία

80 4374 172 4466 μέν
214 4371 437 4466 ἔστι-τῇ
488 4385 581 4430 τοῦ
627 4388 819 4434 πιστοῦ
867 4379 1059 4438 δούλου
1106 4393 1195 4442 καὶ
1242 4371 1510 4466 φρονίμου,
1552 4371 1677 4451 ’καθ’

317 4460 616 4558 δελτρόπον
685 4468 1100 4547 ἐσχημάτισται,
1336 4455 1678 4558 διαλαμϐάνει
1708 4455 1753 4511 D

253 4559 353 4607 τῶν
390 4554 749 4629 λαμϐανόντων
789 4560 843 4615 ix
882 4570 1018 4617 Θεοῦ
1058 4571 1372 4642 χαρίσματα
1415 4554 1676 4629 διδασκα-

273 4651 435 4697 ταῦτα
479 4649 583 4720 γὰρ
626 4656 714 4701 νῦν
756 4649 963 4707 έκάλεσε
998 4637 1241 4710 εειίίλαντα⁷
1270 4656 1361 4713 διὰ
1402 4665 1459 4716 τὸ
1506 4670 1695 4739 τίμιον·

83 4728 276 4801 αὐτῶν,
329 4739 413 4788 καὶ
451 4739 484 4794 ἦ
521 4742 803 4811 χρωμένων
850 4739 1029 4807 αὐτοῖς
1068 4750 1158 4799 καὶ
1205 4728 1599 4823 κερδαινόντων,
1644 4758 1673 4817 ἦ

152 5059 204 5093 τι
224 5059 420 5119 Matth.
447 5079 590 5137 xxv,
607 5066 696 5125 46.

1796 1835 1979 1890 ricors
2008 1834 2405 1905 virginitatem
2452 1836 2627 1892 etiam
2659 1851 2780 1891 non
2828 1834 3121 1899 habuerit,
3150 1850 3273 1905 qua
3310 1837 3452 1889 tunc

1797 1924 2297 1981 condemnatione
2323 1925 2537 1998 dignus
2558 1941 2680 1981 non
2698 1923 2844 1981 erit?
2871 1928 2997 1981 Non
3024 1928 3111 1979 est
3130 1928 3326 1978 autem
3351 1938 3453 1980 cu-

1794 2012 1949 2068 riose
1980 2014 2366 2070 scrutandum
2421 2030 2607 2086 quare
2646 2014 2857 2069 decem
2914 2013 3026 2067 sint
3080 2012 3362 2080 virgines,
3395 2013 3453 2067 et

1794 2116 1931 2173 quin
1962 2102 2078 2158 sint
2100 2118 2250 2159 vasa
2275 2118 2503 2168 earum,
2535 2119 2741 2175 qumve
2772 2103 2843 2158 sit
2860 2103 3051 2173 janua
3080 2100 3446 2171 nuptiarum,

1794 2194 2123 2263 caateraque
2152 2191 2337 2263 ipsius
2390 2192 2695 2264 parabolas
2735 2191 2969 2255 similia,
3020 2194 3088 2246 ut
3128 2188 3277 2245 alias
3303 2203 3451 2260 quo-

1792 2294 1910 2352 que
1939 2278 2276 2353 frequenter
2301 2286 2661 2353 praeceptum
2687 2286 2798 2338 est.

1861 2367 2073 2422 Verum
2105 2369 2482 2438 sexagesimo
2512 2370 2707 2441 primo
2756 2368 2949 2441 capite
3002 2366 3291 2439 scriptum
3335 2368 3445 2433 est,

1790 2456 1950 2527 quod
1991 2456 2255 2528 primum
2303 2457 2530 2513 abeunt
2566 2462 2907 2529 peccatores
2952 2458 3012 2513 in
3080 2453 3447 2527 supplicium

1789 2548 2101 2611 aeternum,
2122 2546 2339 2602 deinde
2353 2547 2498 2619 justi
2517 2548 2577 2603 in
2606 2548 2786 2603 vitam
2803 2552 3086 2602 aeternam
3108 2546 3150 2579 ‘7
3173 2561 3184 2598 :
3215 2544 3273 2598 in
3297 2558 3445 2616 prae-

1788 2635 1937 2689 senti
1965 2650 2102 2691 vero
2128 2636 2319 2708 capite
2359 2636 2722 2692 contrarium
2753 2639 3017 2707 apparet,
3045 2650 3182 2689 cum
3216 2632 3445 2701 ingres-

1788 2722 1868 2777 sis
1897 2723 2160 2795 primum
2198 2724 2593 2797 prudentibus
2650 2722 3001 2793 virginibus,
3052 2721 3443 2792 postmodum

1790 2811 2115 2882 reprobate:
2148 2813 2263 2867 sint
2288 2813 2485 2869 fatuae.
2509 2816 2588 2869 Ne
2615 2812 2933 2884 suspiceris
2958 2808 3440 2865 contrarietatem

1789 2899 1983 2956 inesse
2008 2902 2298 2972 capitibus
2331 2918 2344 2957 :
2373 2902 2513 2957 illud
2551 2900 2841 2973 siquidem
2876 2903 3080 2954 exacte
3126 2902 3333 2954 tractat
3367 2896 3442 2951 de

1791 2988 2019 3056 ordine,
2052 2990 2167 3047 hoc
2197 2996 2391 3048 autem
2421 2991 2581 3047 aliud
2610 2990 2785 3047 habet
2815 2991 3127 3053 intentum,
3161 2987 3326 3059 quod
3360 2985 3441 3042 vi-

1791 3076 2002 3134 delicet
2029 3093 2224 3149 neque
2272 3078 2579 3149 virginitas
2604 3078 2879 3145 salvabit,
2908 3094 3029 3133 non
3080 3076 3306 3133 habens
3337 3074 3448 3132 sibi

1793 3166 1971 3222 etiam
2014 3167 2395 3237 conjunctam
2434 3168 2904 3238 eleemosynam,
2948 3172 3004 3222 et
3057 3166 3222 3238 quod
3272 3165 3449 3220 unius

1793 3254 1980 3310 virtus
2011 3254 2107 3310 alii
2134 3260 2268 3310 tunc
2295 3272 2416 3311 non
2442 3256 2702 3329 proderit
2733 3275 2746 3311 :
2778 3256 3060 3327 quodque
3082 3259 3219 3308 tunc
3242 3257 3444 3309 motus

1791 3342 1869 3399 ad
1892 3342 2166 3399 virtutem
2205 3358 2395 3399 vanus
2425 3344 2551 3399 erit.
2594 3345 2737 3399 Item
2769 3343 2929 3415 quod
2958 3341 3091 3397 licet
3121 3341 3444 3413 plurimum

1790 3431 2181 3503 deprecentur
2205 3431 2307 3503 qui
2339 3431 2709 3488 condemnati
2737 3435 2893 3497 sunt,
2920 3444 3306 3503 nequaquam
3333 3427 3442 3484 ﬂe-

1788 3524 1953 3575 ctunt
2000 3519 2287 3591 judicem.
2328 3521 2551 3577 Caetera
2575 3536 2718 3576 vero
2759 3520 2965 3576 omnia
3016 3518 3179 3574 nullo
3210 3517 3443 3574 delectu

1791 3608 1876 3681 (p)
1901 3609 2232 3680 composita
2253 3613 2409 3675 sunt,
2427 3615 2488 3664 ut
2512 3608 2835 3680 probabilis
2852 3608 2951 3663 ﬂat
2964 3606 3273 3680 parabola.
3291 3609 3441 3663 Nam

1789 3712 1984 3769 neque
2015 3697 2340 3769 dixitquod
2376 3696 2663 3768 ablegatus
2695 3701 2833 3752 sunt
2861 3696 2923 3752 in
2956 3695 3334 3767 supplicium,
3368 3709 3441 3750 eo

1789 3785 1954 3859 quod
1979 3800 2141 3840 nunc
2164 3785 2516 3857 hujusmodi
2558 3802 2677 3841 non
2705 3790 2908 3841 exacte
2934 3784 3231 3856 disquirat

1859 3874 2020 3930 Vers.
2062 3877 2140 3930 l3.
2184 3874 2421 3943 Vigilate
2443 3904 2512 3915 —
2540 3874 2747 3931 veniet.
2780 3874 3133 3945 Frequenter
3153 3871 3216 3927 id
3246 3868 3442 3926 subin-

1722 4012 1725 4015 ,
1790 3962 1918 4026 fert,
1939 3962 2259 4018 ostendens
2288 3962 2446 4034 quod
2472 3965 2737 4019 maxima
2779 3963 2854 4019 sit
2883 3961 3119 4029 utilitas,
3150 3967 3215 4018 ut
3239 3961 3299 4015 in
3328 3959 3442 4015 hoc

1792 4051 2146 4118 attendatur,
2178 4056 2414 4124 propter
2434 4051 2631 4110 ﬁnalis
2666 4052 2779 4109 diei
2809 4055 2866 4108 et
2892 4051 3057 4109 horas
3083 4049 3445 4106 incertitudi-

1789 4154 1951 4197 nem.

2278 4228 2429 4285 CAP.
2458 4229 2562 4285 LX.
2596 4229 2683 4285 De
2710 4228 2961 4285 talentis.

1856 4316 2019 4372 Vers.
2053 4317 2137 4371 14.
2168 4316 2338 4372 Sicut
2369 4347 2436 4356 —
2484 4318 2650 4372 Vers.
2694 4318 2783 4373 l5.
2827 4315 3190 4385 facultatem.
3248 4312 3439 4366 Etiam

1784 4404 1910 4460 haec
1935 4404 2223 4476 parabola
2253 4404 2463 4460 similis
2495 4407 2587 4460 est
2619 4405 2671 4460 ei
2701 4420 2837 4476 qum
2878 4401 3150 4474 superius
3179 4400 3252 4454 de
3284 4398 3440 4454 ﬁdeli

1786 4510 1855 4550 ac
1884 4493 2175 4565 prudente
2206 4508 2378 4549 servo
2404 4493 2601 4565 posita
2638 4497 2746 4559 est,
2781 4507 2989 4547 verum
3020 4489 3137 4545 alio
3171 4487 3351 4543 modo
3372 4486 3437 4541 ﬁ-

1786 4586 1996 4652 gurata
2020 4587 2110 4639 est
2150 4600 2163 4643 :
2198 4588 2253 4639 et
2277 4581 2351 4637 de
2407 4582 2500 4637 his
2529 4581 2784 4645 disserit,
2824 4580 2994 4652 quia
3048 4580 3167 4633 Deo
3213 4576 3435 4647 gratias

1784 4676 2140 4743 acceperunt
2196 4669 2450 4728 docendi
2480 4669 2646 4741 (nam
2678 4669 2783 4725 has
2813 4683 2973 4723 nunc
3004 4666 3223 4724 talenta
3264 4668 3440 4721 vocat

1784 4764 2025 4832 propter
2049 4759 2335 4816 honorem
2357 4758 2639 4829 illarum),
2691 4763 2745 4814 et
2766 4756 2857 4813 vel
2893 4772 2999 4829 per
3028 4771 3237 4812 earum
3259 4769 3440 4809 usum

1786 4846 2017 4903 lucrum
2043 4848 2385 4913 attulerunt,
2411 4848 2504 4903 vel
2542 4846 2906 4903 defodiendo
2931 4844 3077 4901 nihil
3118 4843 3263 4900 lucri
3291 4842 3441 4899 fece-

1658 4964 1679 4977 -
1786 4940 1943 4993 runt.
1973 4935 2127 4994 Dicit
2161 4952 2304 5008 ergo
2351 4938 2514 5009 quod
2540 4935 2771 4993 vocavit
2809 4950 3009 4993 servos
3062 4948 3226 4999 suos,
3261 4930 3441 4987 Filius

1282 5228 1508 5302 Varias
1537 5231 1865 5305 lectiones
1905 5243 1973 5303 et
1994 5244 2197 5307 notas.

152 5382 274 5470 (ετξ)
327 5384 510 5470 latim
552 5387 649 5444 vel
689 5389 966 5470 omittere
1014 5396 1127 5470 τῆς,
1160 5398 1250 5454 vel
1283 5400 1539 5459 scribere
1580 5410 1671 5465 τῆς

78 5452 361 5515 λυττὺσης
400 5460 622 5531 φύσεως.
670 5465 931 5518 Δυττῶσα
977 5452 1129 5541 god-ig
1564 5452 1671 5531 iii:

1780 5407 1955 5477 petus
1982 5410 2209 5461 naturae
2239 5404 2489 5462 incitans
2510 5406 2581 5464 ad
2608 5406 2937 5466 libidinem.

1852 5476 1968 5550 (54)
1992 5481 2451 5554 Συγκεκραμμένην
2487 5482 2543 5535 Β.

154 5638 236 5707 (ρ)
268 5636 447 5696 Nullo
471 5641 721 5700 delectu.
748 5644 835 5703 Ita
852 5650 917 5703 ut
934 5661 1057 5706 non
1081 5664 1237 5722 opus
1264 5651 1338 5709 sit
1365 5652 1443 5709 ad
1472 5668 1545 5712 ea
1571 5654 1897 5715 attendere.
