3904 6210
422 287 526 342 535
1732 255 2084 319 EUTHYMII
2117 253 2449 313 ZIGABENI
3659 254 3751 309 636

423 409 698 469 videlicet
719 405 1001 473 hominis,
1033 403 1235 472 utpote
1253 398 1434 455 home
1457 394 1560 467 qui
1579 404 1822 465 peregre
1843 385 2067 459 profec-

2223 378 2310 440 ιδὴ
2365 387 2458 433 τοῦ
2507 378 2798 452 ἀνθρώπου,
2855 380 3026 452 ὥσπερ
3089 379 3351 451 ἄνθρωπος
3414 375 3755 449 ἀποδημῆσαι

427 466 595 556 turus
623 500 749 553 erat
780 512 794 561 ;
826 499 880 549 et
906 466 1007 547 uni
1037 466 1278 562 quidem
1313 466 1775 555 deditiquinque
1825 476 2063 538 talenta,

2223 471 2383 523 ἴλλωνο
2441 474 2530 522 καὶ
2587 469 2720 540 ἄλλῳ
2767 471 2858 541 μὲν
2909 466 3069 521 ἔδωκε
3120 472 3265 520 πέντε
3315 468 3562 533 τάλαντα,
3611 468 3754 538 ἦγον-ι

427 589 551 644 sive
577 585 797 648 multa;
823 598 966 637 nam
1014 578 1181 635 varia
1205 580 1343 632 sunt
1392 572 1677 629 doctrina:
1731 567 1906 631 dona,
1939 579 2068 636 quis

2223 560 2351 612 ολλά*
2424 555 2654 630 διάφορα
2738 561 2837 632 γὰρ
2895 560 2963 610 τὰ
3016 554 3376 610 διδασκαλικὰ
3430 561 3755 628 χαρίσματα,

425 676 636 731 Paulus
667 669 1034 727 enumeravit
1063 685 1076 733 ;
1131 667 1227 722 alii
1267 670 1467 720 autem
1498 662 1638 723 duo,
1678 659 1790 713 hoc
1816 659 1904 710 est
1926 669 2067 726 pau-

2223 669 2300 721 τερ
2342 649 2367 700 ὀ
2415 647 2616 708 Παῦλος
2663 645 3091 718 ἀπηριθμήσατοο
3152 646 3285 717 ἄλλῳ
3335 642 3393 696 δὲ
3449 641 3567 708 δύο,
3617 663 3756 695 τουτ-

428 780 496 820 ca
527 781 540 829 ;
574 762 671 818 alii
695 775 832 816 vero
872 773 1057 814 unum
1088 755 1303 811 solum.
1339 752 1404 807 Hi
1437 754 1624 806 autem
1654 762 1787 802 esse
1815 747 2071 816 possunt

2223 757 2313 790 rm
2367 736 2533 807 ὀλίγα·
2584 735 2718 806 οἶλλῳ
2771 732 2829 787 δὲ
2874 737 2921 787 ἓν
2965 739 3138 806 μόνον,
3192 731 3305 789 Εἶεν
3350 730 3400 785 δ’
3450 731 3509 784 ἂν
3541 733 3684 784 οὗτοι
3717 735 3756 784 οἱ

426 817 691 924 episcopi
730 854 786 905 et
812 850 1198 919 praeceptores
1227 840 1627 897 ecclesiarum.
1653 834 1872 890 Deinde
1902 831 2072 887 addit

2223 831 2449 878 τίσκοποι
2495 827 2584 875 καὶ
2627 821 2943 876 διδάσκαλοι
2988 832 3087 874 τῶν
3137 824 3253 892 (55)
3289 821 3600 879 ἐκκλησιῶν.
3643 817 3756 873 Εἶτα

2358 916 2396 924 .-
2621 918 2629 924 .
2729 918 2738 924 .
2869 913 2880 924 .
2926 917 2934 924 .
3090 919 3110 924 _
3200 910 3212 924 ς
3318 919 3337 924 _
3402 907 3424 924 ι.
3593 918 3614 924 -
3675 909 3684 920 η

426 907 482 998 et
520 933 1205 1006 causaminaaqualitatis
1236 931 1294 986 in
1325 928 1636 989 divisione,
1660 921 1824 995 quod
1850 919 2071 975 scilicet

2223 916 2498 972 οοστίθησι
2549 918 2638 964 καὶ
2684 918 2777 971 τὴν
2828 913 2998 966 αἰτίαν
3050 919 3145 974 τῆς
3193 910 3239 962 ἐν
3279 919 3340 982 τῇ
3391 907 3615 982 διανομῇ
3667 909 3758 961 ἀνι-

429 995 600 1086 iuerit
629 995 955 1082 secundum
1008 1021 1296 1092 cujusque
1336 1014 1671 1073 facultatem
1709 1014 1764 1066 et
1788 1007 2073 1064 idoneita-

2223 1007 2409 1066 ὀτητος,
2465 1005 2544 1054 ὅτι
2594 1003 2726 1054 κατὰ
2775 1005 2866 1059 τὴν
2917 1001 3137 1053 ἑκάστου
3188 995 3408 1072 δύναμιν
3453 1004 3546 1052 καὶ
3596 997 3756 1055 ἐπιτη-

428 1121 558 1174 tem.
1079 1089 1096 1092 ⁷
1204 1089 1219 1090 7

2223 1096 2425 1148 ειότητα
2437 1133 2450 1146 .

501 1207 661 1260 Vers.
698 1203 785 1258 15.
818 1201 897 1256 Et
925 1200 1214 1269 profectus
1248 1201 1329 1252 est
1360 1193 1574 1249 statim.
1607 1193 1724 1245 Hoc
1765 1191 1873 1257 est,
1907 1189 1964 1241 et
1987 1200 2074 1240 re-

2252 1185 2351 1232 Καὶ
2405 1175 2741 1251 ἀπεδήμησεν
2789 1180 2986 1238 εύθέως.
3054 1178 3197 1229 Ἀντὶ
3257 1182 3368 1240 τοῦ,
3422 1180 3513 1227 καὶ
3583 1173 3756 1245 ἀφῆκεν

428 1294 598 1366 liquit
622 1308 723 1348 eos
755 1295 816 1345 ut
840 1291 1252 1359 operarentur.
1293 1284 1454 1339 Sicut
1476 1281 1634 1335 enim
1677 1279 1750 1332 de
1791 1276 1960 1330 vinea
1989 1274 2075 1328 di-

2223 1268 2368 1330 ὗτούς
2433 1268 2763 1340 ἐργάζεσθαι.
2822 1268 3061 1339 Καθάπερ
3111 1267 3210 1338 γὰρ
3273 1263 3353 1317 ἐπὶ
3391 1271 3481 1315 τοῦ
3530 1262 3758 1334 ἀμπελῶ-

430 1349 514 1438 xit
541 1383 608 1444 ⁷⁸,
643 1379 807 1452 quod
837 1349 1052 1433 locavit
1095 1390 1231 1430 eam
1259 1369 1552 1442 agricolis,
1585 1372 1641 1423 et
1667 1379 1915 1437 peregre
1941 1378 2076 1434 pro-

2223 1376 2262 1418 ις
2331 1353 2462 1408 εἶπεν
2534 1359 2613 1408 ὅτι
2686 1351 2886 1419 ἐξέδοτο
2965 1355 3118 1406 αὐτὸν
3174 1360 3423 1425 γεωργοῖς
3483 1357 3579 1403 καὶ
3647 1349 3758 1402 ειπε-

434 1441 622 1527 fectus
655 1441 744 1523 est
773 1485 786 1522 :
821 1467 901 1522 ita
928 1465 1066 1520 dicit
1117 1468 1171 1519 et
1201 1441 1382 1528 nunc,
1409 1463 1472 1513 ut
1493 1457 1622 1528 ejus
1651 1454 1850 1510 discas
1876 1451 2077 1521 longa-

2223 1449 2446 1516 ἠμησεν’
2509 1444 2641 1497 οὕτω
2690 1449 2820 1516 φησί
2870 1449 2960 1497 καὶ
2996 1451 3105 1498 νῦν.
3147 1442 3232 1494 ἱνα
3258 1444 3430 1514 μάθῃς
3459 1444 3555 1497 τήν
3586 1458 3760 1512 μακρο-

430 1558 782 1621 nimitatem,
813 1551 1123 1626 quomodo
1153 1565 1274 1607 non
1318 1547 1601 1603 continue
1642 1544 1884 1615 repetat.
1941 1539 2075 1604 Qui-

2223 1538 2371 1606 υμίαν
2447 1533 2623 1599 αὐτοῦ,
2700 1541 2807 1594 πῶς
2893 1533 2986 1584 οὐκ
3060 1531 3246 1592 εύθέως
3332 1528 3562 1583 ἀπαιτεῖ.
3633 1529 3759 1586 Τινὲς

433 1648 575 1704 dam
606 1652 804 1701 autem
825 1615 1032 1698 dicunt
1054 1635 1590 1712 peregrinationem
1610 1646 1740 1688 esse
1757 1627 2076 1687 Salvatoris

2223 1627 2243 1674 ἐ
2288 1642 2442 1694 φασιν
2497 1618 2797 1694 ἀποδημίαν
2851 1627 2943 1680 τήν
2994 1620 3048 1673 ἐκ
3086 1628 3187 1692 γῆς
3226 1620 3296 1680 εἰς
3333 1618 3548 1690 ούρανὸν
3594 1615 3760 1672 ἀνάλη-

433 1736 494 1793 in
520 1735 736 1791 omium
763 1710 1258 1802 assumptionem.

2231 1731 2273 1762 ιν
2311 1718 2399 1762 τοῦ
2432 1719 2691 1784 Σωτῆρος.

504 1825 670 1880 Vers.
713 1824 798 1877 16.
834 1793 994 1875 Abiit
1025 1849 1092 1859 —
1133 1817 1297 1872 Vers.
1334 1819 1417 1869 t7.
1465 1813 1602 1867 duo.
1661 1807 1971 1880 Duplicant
2006 1819 2076 1861 ea

2257 1801 2525 1871 Πορευθεὶς
2582 1829 2650 1839 —
2707 1794 2826 1853 δύο.
2882 1796 3298 1857 Διπλασιάζουσι
3370 1798 3437 1846 τὰ
3501 1793 3760 1865 ἐμπιστευ-

434 1929 567 1985 quae
599 1910 710 1967 sibi
741 1907 1079 1965 concredita
1118 1909 1256 1960 sunt
1295 1916 1504 1958 omnes
1547 1899 1650 1971 qui
1696 1895 2073 1968 proﬁciscun-

2223 1892 2335 1939 ἐντα
2372 1891 2575 1949 τούτοις
2619 1887 2734 1958 (56)
2766 1890 3082 1960 χαρίσματα
3126 1885 3310 1943 πάντες
3338 1885 3385 1933 οἱ
3435 1881 3758 1955 ἐμπορευόμε-

437 1973 529 2057 tur
550 1999 627 2056 ad
658 1999 739 2069 (q)
761 1997 1012 2052 salutem
1043 1990 1492 2064 discipulorum,
1522 1987 1804 2043 facientes
1827 1999 1928 2040 eos
1949 1997 2078 2038 rur-

2223 1996 2258 2028 u
2305 1981 2396 2035 τὴν
2445 1985 2543 2028 τῶν
2585 1978 2829 2048 μαθητῶν
2886 1978 3169 2048 σωτηρίαν,
3232 1977 3320 2024 καὶ
3370 1978 3634 2030 ποιοῦντες
3686 1973 3758 2019 καὶ

437 2105 538 2144 sus
568 2060 956 2160 praeceptores
991 2060 1264 2139 aliorum.
1305 2082 1347 2150 -ι-
1378 2079 1488 2143 Qui
1521 2076 1676 2132 bene
1713 2075 1991 2146 operatur
2020 2074 2078 2128 et

2223 2065 2370 2126 ύτοὺς
2443 2063 2796 2126 διδασκάλους
2873 2065 3023 2117 πάλιν
3087 2063 3286 2136 ἐτέρων.
3355 2060 3435 2134 [Ὁ
3513 2061 3633 2131 (57)
3684 2061 3759 2109 καὶ

436 2149 591 2235 recte
617 2149 807 2240 docet,
840 2171 1097 2243 dUplicat
1120 2169 1454 2225 concredita
1483 2166 1598 2222 sibi
1625 2164 1862 2221 talenta.

2225 2157 2423 2228 ράττων
2474 2155 2660 2222 καλῶς,
2701 2160 2790 2206 καὶ
2840 2150 3108 2206 διδάσκων
3157 2151 3344 2223 ὀρθῶς,
3382 2153 3450 2202 τὰ
3496 2149 3758 2220 ἐμπιστευ-

2191 2247 2339 2297 θέντα
2378 2241 2716 2304 διπλασιάζει
2755 2243 3033 2312 τάλαντα.]

2257 2333 2316 2385 Ὀ
2373 2329 2432 2385 δὲ
2473 2363 2540 2374 -—
2592 2333 2772 2386 αὑτοῦ.
2833 2338 2933 2388 Γῆν
2994 2330 3146 2382 αὐτὸν
3201 2332 3409 2386 νόησον.
3464 2326 3550 2382 Ἐν
3618 2327 3758 2394 ἑαυτῷ

511 2392 670 2446 Vers.
701 2386 783 2442 48.
809 2385 920 2454 Qui
946 2400 1082 2442 vero
1100 2415 1167 2426 -
1183 2383 1292 2438 sui.
1317 2385 1554 2438 Terram
1571 2381 1900 2452 lpsammet
1919 2379 2083 2434 intel-

436 2479 598 2551 lige:
647 2478 709 2533 in
755 2477 953 2548 seipso
1008 2474 1168 2529 enim
1225 2471 1482 2536 retinuit,
1537 2469 1697 2542 quod
1752 2469 1828 2525 ad
1873 2484 2084 2540 opera-

437 2570 660 2627 tionem
687 2567 893 2623 datum
928 2567 1070 2631 erat,
1105 2563 1186 2619 sic
1214 2566 1277 2618 ut
1301 2577 1408 2618 nec
1453 2559 1582 2628 sibi,
1611 2573 1721 2615 nec
1755 2557 1886 2613 aliis
1925 2556 2081 2613 utilis

435 2660 618 2716 ﬁeret.

2190 2425 2290 2497 γὰρ
2333 2426 2603 2493 κατέχωσε
2647 2425 2705 2473 τὸ
2747 2417 2896 2473 δοθὲν
2946 2419 3013 2481 εἰς
3062 2418 3329 2492 ἐργασίαν,
3364 2417 3435 2478 ὡς
3471 2421 3604 2488 μήτε
3640 2415 3760 2484 αὐτῷ

2192 2513 2315 2585 μηθ’
2353 2512 2534 2586 ἑτέροις
2566 2510 2677 2583 (58)
2708 2516 3102 2585 χρησιμεύσαι.

509 2747 677 2807 Vers.
729 2745 815 2801 19.
843 2745 981 2800 Post
1017 2773 1088 2784 —
1128 2742 1433 2798 rationm.
1484 2738 1648 2793 Venit
1673 2737 1842 2808 juxta
1881 2750 2083 2790 secun-

2263 2763 2406 2817 Μετὰ
2480 2791 2548 2801 -
2621 2759 2791 2831 λόγον.
2867 2757 3119 2830 Ἔρχεται
3189 2755 3324 2808 κατὰ
3386 2757 3482 2811 τὴν
3541 2749 3764 2826 δευτέραν

440 2838 585 2893 dum
632 2836 957 2893 adventum
1005 2832 1187 2887 :ideo
1233 2829 1411 2886 etiam
1452 2827 1620 2893 dixit,
1666 2831 1792 2898 post
1840 2826 2083 2881 multum

2223 2854 2304 2920 59)
2354 2853 2664 2920 παρουσίαν.
2721 2851 2805 2899 Διὸ
2862 2852 2970 2912 καὶ,
3017 2847 3147 2918 μετὰ
3193 2849 3382 2918 χρόνον
3424 2843 3594 2910 πολὺν,
3633 2837 3756 2896 εἶπε.

439 2935 672 2998 tempus“
718 3012 729 3014 ᾗ
838 3011 879 3014 _
1276 3009 1295 3014 _
1679 3008 1690 3014 _
1825 3003 1836 3014 _
2017 3002 2048 3014 η
2192 2944 2424 3014 Συναίριι
2464 2936 2522 2991 δὲ
2551 2937 2718 3010 λόγον,
2755 2935 2867 2988 ἀντὶ
2902 2943 3014 3003 τοῦ,
3048 2941 3188 2988 Κινεῖ
3215 2933 3532 3004 λογοθέσιον.

513 3018 668 3070 Vers.
707 3012 793 3067 20.
826 3011 904 3066 Et
933 3041 1002 3050 —
1032 3024 1138 3078 per
1168 3023 1237 3064 ea
1276 3009 1528 3062 Lucrum
1561 3008 1698 3060 sunt
1735 3003 1839 3076 qui
1878 3019 1984 3076 per
2013 3003 2081 3058 il-

2264 3035 2364 3082 Καὶ
2420 3059 2488 3068 -
2552 3026 2627 3078 ἐπ’
2703 3026 2894 3086 αὐτοῖς.
2958 3020 3152 3086 Κέρδος
3211 3023 3339 3074 εἰσιν
3411 3023 3460 3073 οἱ
3529 3017 3620 3072 διὰ
3689 3025 3768 3076 τῆς

439 3105 553 3160 lius
575 3101 942 3173 diligentiam
965 3072 1232 3171 acquisiti
1256 3101 1407 3156 sunt.
1433 3100 1496 3151 ut
1512 3094 1739 3151 dictum
1754 3072 1864 3159 est,
1881 3072 1941 3150 et
1961 3093 2080 3149 fru-

2266 3072 2364 3082 um
2553 3072 2606 3078 ---
2959 3072 3152 3098 --τνπ
3450 3072 3456 3073 γ
3733 3072 3766 3076 .-

2223 3114 2434 3179 ’πουδῆς
2482 3116 2640 3168 αὑτοῦ
2683 3117 2948 3174 κτηθέντςς
2995 3113 3129 3185 (60),
3164 3113 3233 3172 ὡς
3262 3111 3485 3183 εἴρηται,
3524 3115 3610 3161 καὶ
3658 3126 3767 3177 καρ-

439 3193 676 3251 ctiﬁcati
702 3195 833 3247 Deo.

2223 3209 2562 3280 ὀφορηθέντες
2589 3210 2715 3276 Θεῷ.

508 3304 666 3357 Vers.
686 3300 773 3356 21.
803 3298 981 3354 Αίι-
1002 3296 1374 3353 constituam.
1390 3292 1587 3350 Multis
1605 3291 1814 3366 gratiis
1831 3292 2083 3364 dignum

2260 3297 2392 3369 Ἔφη
2425 3327 2493 3336 -
2540 3295 2878 3347 καταστώσω.
2927 3290 3127 3344 Πολλῶν
3178 3291 3414 3363 χαρίτων
3461 3306 3518 3340 σε
3559 3285 3767 3348 ἀξιώσω,

437 3391 692 3449 faciam:
725 3388 918 3444 multa
946 3386 1104 3442 bona
1129 3385 1234 3442 tibi
1266 3383 1519 3440 tradam.

2223 3385 2386 3438 ὀλλῶν
2414 3384 2618 3456 ἀγαθῶν
2647 3401 2730 3436 σοι
2759 3377 3074 3454 μεταδώσω.

504 3481 672 3535 Vers.
724 3479 811 3533 21.
871 3477 1136 3532 Intra—
1181 3475 1284 3530 tui.
1333 3471 1619 3543 Requiem
1669 3474 1723 3525 et
1766 3468 2083 3526 beatitudi-

2264 3474 2470 3528 Εἶσιλθε
2559 3503 2626 3513 —
2711 3489 2826 3524 σου.
2920 3473 3025 3527 Τὴν
3120 3467 3327 3519 ἅπασαν
3427 3466 3774 3537 μακαριότητα

434 3584 572 3625 nem
593 3567 668 3638 (ν)
695 3581 800 3638 per
826 3578 1045 3619 nomen
1077 3561 1274 3630 gaudii
1308 3557 1680 3629 signiﬁcavit.

2223 3567 2287 3616 ¹ιὰ
2316 3571 2405 3616 τοῦ
2431 3562 2673 3634 ὀνόματος
2700 3567 2789 3620 τῆς
2814 3559 2984 3631 χαράς
3014 3554 3267 3614 ἐδήλωσε.

506 3659 664 3711 Vers.
698 3656 786 3706 22.
818 3651 1112 3707 Accedens
1143 3681 1209 3689 —
1239 3651 1404 3702 Vers.
1439 3647 1527 3700 23.
1565 3645 1692 3700 Tui.
1728 3646 2083 3715 Quanquam

2265 3651 2566 3725 Προσελθὼν
2612 3681 2676 3690 ——
2711 3669 2831 3704 σου,
2872 3647 2934 3702 Εἰ
2969 3651 3057 3698 καὶ
3090 3642 3318 3716 διάφορα
3347 3645 3412 3696 τὰ
3456 3646 3772 3714 χαρίσματα,

437 3744 690 3800 diversae
716 3740 952 3796 fuerunt
976 3737 1195 3806 gratiae,
1233 3735 1478 3807 aequalis
1500 3741 1701 3788 tamen
1731 3740 1818 3788 est
1842 3734 2034 3788 honor
2067 3751 2080 3790 :

2223 3741 2298 3793 ιλλ¹
2332 3745 2422 3799 ἴση
2471 3743 2616 3811 τιμὴ,
2653 3735 2794 3790 διότι
2821 3741 2909 3788 καὶ
2953 3737 3038 3793 ἴση
3082 3737 3285 3794 τούτοις
3331 3735 3358 3790 ἡ
3400 3728 3608 3789 σπουδή
3643 3731 3768 3801 (ὀί).

436 3831 580 3904 quia
610 3836 664 3886 et
694 3827 924 3900 aequale
955 3827 1013 3880 in
1046 3825 1158 3880 illis
1190 3824 1474 3879 studium.
1509 3821 1814 3893 Siquidem
1842 3826 2083 3893 uterque

2223 3835 2297 3883 Lati
2363 3832 2462 3901 γὰρ
2525 3828 2762 3899 ἑκάτερος
2813 3828 2876 3877 τὰ
2945 3820 3200 3894 διδόμενα
3259 3818 3655 3873 ἐδιπλασίασεν.
3714 3815 3772 3867 Ἠ

439 3924 684 3990 accepta
740 3915 1081 3988 duplicavit.
1115 3913 1216 3969 Vel
1265 3913 1441 3967 etiam
1490 3911 1656 3966 aliter
1703 3911 1817 3967 dici
1868 3915 2080 3982 potest,

2223 3925 2283 3972 ,αὶ
2353 3919 2528 3990 ἑτέρως
2603 3919 2756 3968 εἶπενο
2838 3915 3061 3972 Ἐπίσης
3137 3915 3226 3984 μὲν
3294 3909 3642 3974 ἐπαινοῦνται,
3703 3908 3777 3956 καί

439 4007 604 4083 quod
648 4005 952 4078 aequaliter
997 4002 1240 4076 quidem
1293 4001 1635 4070 laudantur,
1682 4005 1737 4054 et
1784 3999 2083 4072 aequaliter

2223 4013 2383 4068 πίσης
2415 4007 2726 4076 εἰσάγονταια
2758 4001 3018 4074 διαγόρων
3047 3998 3106 4053 δί
3135 4007 3233 4052 τῶν
3265 3998 3494 4071 ἀμοιϐῶν
3531 3997 3778 4061 ἀξιοῦνται

438 4096 917 4158 introducuntur,
977 4092 1084 4147 sed
1148 4089 1547 4146 diversimode
1631 4093 2083 4144 remunerantur

2223 4097 2312 4150 Latr'
2345 4095 2619 4166 ἀναλογίαν
2657 4100 2754 4145 τῶν
2785 4088 3244 4166 ἐπικερδηθέντων.

435 4189 604 4261 juxta
641 4183 1088 4258 proportionem
1126 4181 1450 4252 lucrorum,
1508 4194 1639 4251 quae
1670 4179 1747 4235 ab
1797 4178 1880 4234 eis
1935 4178 2092 4234 facta

444 4280 599 4332 sunt.

513 4369 672 4421 Vers.
717 4363 805 4419 '24.
838 4361 1135 4419 Accedens
1164 4389 1233 4402 —
1268 4361 1429 4414 Vers.
1464 4356 1550 4411 25.
1593 4357 1742 4428 quod
1789 4359 1952 4412 tuum
1991 4362 2083 4410 est.

2274 4351 2578 4429 Προσελθὼν
2675 4381 2742 4392 -
2837 4353 2894 4402 τό
2997 4351 3105 4401 σόν.
3183 4345 3428 4421 Σκληρός,
3506 4343 3620 4396 ἁντὶ
3687 4347 3786 4404 τοῦ,

445 4459 659 4520 Durus,
689 4453 804 4508 hoc
836 4457 926 4507 est
969 4455 1261 4506 austerus.
1297 4447 1550 4503 Putabat
1577 4420 1735 4502 enim
1773 4444 1933 4517 quod
1966 4445 2083 4501 sola

2223 4443 2487 4515 ιύστηρός.
2531 4440 2682 4493 Ὠιτο
2729 4441 2829 4514 γὰρ
2868 4440 2945 4491 ὅτι
2995 4441 3122 4509 μόνη
3162 4437 3191 4494 ἡ
3251 4431 3462 4492 σπουδή
3504 4442 3606 4485 τῶν
3650 4433 3793 4504 ἐμπο-

445 4543 749 4614 diligentia
769 4557 974 4596 eorum
990 4539 1088 4612 qui
1106 4537 1585 4609 negotiabantur,
1601 4536 1727 4591 sine
1752 4535 1849 4589 Dei
1872 4534 2083 4590 auxilio

2223 4536 2482 4604 νευομένων
2544 4531 2661 4582 ἄνευ
2737 4537 2832 4590 τῆς
2908 4526 2961 4580 ἐκ
3034 4533 3166 4578 Θεοῦ
3243 4523 3495 4597 βοηθείας
3555 4523 3795 4593 κατορθοῖ

447 4647 624 4688 omne
655 4632 883 4686 lucrum
908 4629 1181 4684 etﬁceret.
1217 4628 1389 4684 Hanc
1420 4630 1613 4682 autem
1636 4623 2083 4695 responsionem

2223 4626 2260 4674 ’ὸ
2290 4628 2410 4676 πᾶν.
2451 4622 2655 4676 Ταύτην
2708 4615 2766 4672 δέ
2795 4621 2888 4676 τὴν
2919 4615 3196 4687 ἀπολογίαν
3239 4612 3604 4685 ἐσχημάτισεν
3645 4614 3674 4667 ἦ
3709 4629 3796 4660 πα-

448 4718 670 4775 etﬁnxit
700 4717 1007 4788 parabole,
1035 4718 1238 4774 volens
1261 4715 1569 4773 ostendere
1596 4713 1756 4787 quod
1786 4711 1927 4770 tales
1947 4711 2083 4768 nihil

2223 4711 2416 4778 μαϐολή,
2469 4707 2637 4772 δεῖξαι
2687 4706 2972 4781 βουλομένη
3019 4706 3099 4759 ὅτι
3152 4706 3202 4757 οἱ
3241 4711 3469 4756 τοιοῦτοι
3527 4697 3683 4754 οὐδὲν
3729 4701 3794 4751 εὖ·

521 4815 568 4852 τι
595 4814 795 4872 Matth.
831 4830 947 4884 χιι,
969 4814 1059 4872 33.

1644 4909 1870 4979 Variae
1917 4909 2244 4980 lectiones
2275 4916 2340 4977 et
2369 4915 2548 4974 notae

544 5030 637 5100 55)
663 5034 793 5094 Τῶν,
827 5027 1041 5083 omittit
1070 5028 1133 5100 B.
1276 5097 1288 5100 _
1471 5097 1484 5100 _
1737 5096 1747 5100 _
1781 5097 1825 5100 __
2011 5097 2019 5100 _

2279 5024 2395 5100 (
2428 5021 2614 5100 Aﬁr-00",
2635 5017 2816 5100 laddi‘t
2845 5017 2911 5073 Α.

551 5094 638 5173 56)
666 5101 901 5173 Ἐαυτοζς
950 5105 1051 5155 aut
1076 5098 1251 5160 αὐτοῖς
1276 5097 1618 5168 legendum,
1667 5096 1751 5153 uti
1781 5097 2083 5154 Henteniu:

2436 5094 2753 5173 Κτησθέντες
2783 5094 2844 5144 Δ.

454 5153 1046 5230 ειίέιὶίιηθάάίάίί.ί””
1237 5153 1368 5168 ’έν
1464 5153 1468 5154 ί
1605 5153 1617 5161 ’
1835 5237 1860 5238 ἡ

2283 5153 2393 5238 (61)
2420 5169 2591 5238 Tum},
2612 5177 2721 5235 pro
2763 5154 2969 5238 σπουδή
3017 5158 3082 5238 A.
3112 5154 3394 5238 Deinceps
3424 5153 3639 5238 repetit
3668 5165 3805 5226 quo-

662 5225 1073 5324 ljaacuterque
1104 5240 1286 5324 codex
1313 5240 1372 5296 in
1413 5238 1681 5309 margine
1713 5237 1961 5294 exhibet.
2212 5225 2328 5310 qu‘e
2359 5225 2497 5290 διὸτί
2521 5225 2597 5291 ad
2615 5225 2854 5291 σπουδὴ.
2889 5233 3038 5302 Ergo
3065 5228 3157 5285 bis
3185 5225 3348 5283 idem
3385 5225 3642 5297 scripsit.

528 5315 638 5389 {58)
668 5320 851 5380 Τοῦτο,
881 5315 1200 5384 interponit
1229 5315 1292 5368 A.

533 5493 612 5566 (q)
662 5489 1120 5556 Proﬁciscuntur
1166 5490 1264 5545 ad.
1326 5489 1670 5554 Lucrantur,
1723 5503 1860 5544 cum
1913 5487 2083 5545 fructi

2223 5487 2386 5566 Forte
2425 5500 2532 5557 pro
2580 5482 2787 5535 ἅπασαν
2834 5479 2974 5551 legit
3032 5477 3324 5531 ἀνάπαυσιν
3374 5478 3476 5534 aut
3517 5473 3806 5527 ἀνάπαυλαι

464 5569 888 5709 cufgnltlcquicm
906 5639 954 5690 et
971 5631 1374 5691 beatitudidem.
1390 5633 1641 5690 Omnem
1655 5629 2108 5689 beatitudinem.
2219 5560 2324 5612 ml.
