3904 6210
62 58 77 167 ἶ

106 265 203 323 637

1039 258 1416 320 COMMENT.
1463 255 1537 314 IN
1574 253 2027 313 MATTHIEUMI-
2064 282 2136 297 —
2172 252 2338 311 CAP.
2382 252 2561 312 XXV.

3350 258 3456 316 638

108 392 253 465 λόγον
303 388 733 463 ἀπολογήσασθαι
784 387 1195 452 δυνηθήσονται,
1236 390 1328 440 καὶ
1377 385 1457 439 ὅτι
1494 386 1595 439 ὅσα
1635 384 1698 437 ἂν

1860 379 2159 439 ιιὶοηεὼὶιθ
2174 378 2534 453 respondere
2554 382 2837 451 poterunt
2858 395 2871 435 :
2895 384 2951 436 et
2969 380 3134 454 quod
3153 396 3457 454 quaecum-

112 478 549 551 ἀπολογήσωνται,
631 478 748 533 κατ’
804 479 970 533 αὐτῶν
1045 476 1218 531 πάντᾶ
1286 478 1700 551 περιτραπήσονο

105 586 207 621 ται.
252 574 352 623 Καὶ
383 570 540 623 ιίκουε
568 577 669 621 τῶν
699 568 834 634 ἑξῆς.

172 655 498 732 ¹Δποκριθεὶς
582 687 654 699 -
706 662 863 730 τόκῳ.

105 745 308 817 ἑκείνου,
341 754 515 800 ταῦτα
562 745 697 801 εἶπεν
747 750 774 800 ό
818 748 1006 821 Κύριος
1030 767 1043 780 ο
1076 741 1226 799 οὐδὲν
1264 745 1366 816 γὰρ
1418 742 1700 816 κατορθοῦ-

105 855 185 888 ται
210 840 377 909 χωρὶς
401 835 567 890 αὑτοῦ
588 854 603 868 ⁶
637 835 745 889 ἀλλ’
776 837 1090 898 ὑποθετικῶς
1123 836 1209 887 τόν
1254 832 1405 905 λόγον
1460 835 1697 906 προήγα-

102 944 202 997 γεν,
228 925 310 978 ὅτι
333 925 401 980 Εἰ
426 930 520 979 καὶ
547 932 782 989 τοιοῦτος
810 929 971 998 ἤμην,
1014 926 1135 999 ὅπερ
1166 922 1261 977 οὐκ
1307 920 1506 990 ἀληθὲς,
1560 920 1699 990 ὅμως

105 1016 204 1068 ἐπεὶ
254 1018 492 1068 τοιοῦτόν
544 1034 607 1087 με
657 1013 952 1087 ἂγὶνωσκες,
1001 1010 1097 1067 διὰ
1142 1019 1294 1065 τοῦτο
1350 1009 1536 1083 μᾶλλον
1588 1005 1697 1063 ἔδει

107 1122 159 1156 σε
194 1101 503 1156 καταϐαλεῖν
533 1106 591 1157 τό
620 1105 871 1179 χάρισμά
906 1122 1008 1176 μου
1052 1108 1159 1164 τοῖς
1197 1097 1369 1155 εἰδόσι
1411 1096 1695 1172 διακρίνειν

102 1195 158 1245 τό
191 1192 347 1245 καλὸν
391 1190 492 1245 ἀπὸ
535 1199 629 1247 τοῦ
673 1200 858 1249 κακοῦ.
907 1195 1136 1254 Τούτους
1173 1192 1276 1266 γὰρ
1320 1188 1457 1261 λέγει
1505 1205 1696 1264 τραπε-

102 1281 276 1344 ζίτας.
321 1276 465 1334 Ἐδει
494 1300 554 1335 σε
604 1278 848 1349 διδάξαι,
900 1283 1232 1351 νουθετῆσαι,
1280 1276 1691 1353 συμϐουλεῦσαι,

97 1376 195 1423 πᾶν
249 1370 313 1423 τό
356 1372 448 1423 σὸν
497 1377 745 1439 ποιῆσαι,
794 1373 852 1425 τό
889 1368 952 1425 δὶ
1007 1370 1186 1424 λοιπὸν
1243 1368 1357 1441 ἕμοὶ
1399 1366 1691 1441 ἕπιτρέψαι,

94 1458 219 1531 λέγω
270 1454 343 1519 δὴ
399 1462 496 1518 την
551 1457 858 1520 ἀπαίτησιν.
907 1456 1058 1515 Ἔδει
1110 1478 1169 1514 σε
1220 1460 1280 1511 τὸ
1328 1457 1693 1530 εὐχερέστερον

94 1552 205 1608 τέως
252 1544 691 1622 διαπράξασθαι⁸
741 1551 801 1602 τὸ
841 1545 901 1603 δε
930 1545 1347 1623 δυσχερέστερον
1385 1544 1500 1619 ἐμοὶ
1535 1564 1694 1598 κατα-

94 1636 268 1692 λιπεῖν.
323 1640 533 1691 Δάνειον
697 1637 786 1691 οὖν
831 1639 861 1697 ἠ
920 1633 1282 1692 διδασκαλία⁶
1314 1639 1466 1696 τόκος
1496 1632 1556 1689 δε
1601 1640 1694 1688 τοῦ

962 655 1085 729 Οὐχ
1171 656 1240 716 ὡς
1324 651 1512 711 ἀληθεύ
1520 671 1699 712 σαντος

1805 485 1924 541 que
1940 468 2387 542 respondebunt
2404 473 2613 525 contra
2634 468 2863 542 seipsos
2883 470 3089 528 omnia
3112 476 3458 530 converten-

1807 564 1919 617 tur.
1947 560 2100 616 Audi
2125 576 2267 631 ergo
2299 576 2431 632 quas
2465 565 2813 632 sequuntur.

1878 666 2043 723 Vers.
2072 668 2160 724 26.
2183 667 2534 737 Respondens
2558 698 2626 709 —
2654 668 2814 722 Vers.
2832 669 2922 721 27.
2946 682 3143 724 usura.
3165 669 3293 724 Non
3316 684 3458 741 qua-

1808 755 1858 810 si
1877 754 1971 811 ille
1984 771 2121 811 vera
2136 755 2348 811 dixerit
2366 755 2496 811 haec
2513 754 2595 811 ait
2617 754 2903 811 Dominus
2922 774 2940 827 ;
2962 755 3106 811 nihil
3123 758 3282 813 enim
3298 761 3457 813 recte

1805 841 1870 897 ﬁt
1908 844 2033 899 sine
2068 843 2196 916 ipso
2223 862 2239 913 ;
2274 842 2380 898 sed
2417 843 2728 914 supposito
2763 858 3038 900 sermone
3068 844 3357 917 procedit,
3388 860 3456 901 ac

1806 930 1855 987 si
1878 931 2103 988 diceret
2134 953 2146 986 :
2188 932 2248 988 Si
2273 932 2453 989 etiam
2484 932 2619 987 talis
2651 946 2865 1002 essem,
2897 933 3062 1004 quod
3092 949 3300 989 verum
3330 950 3455 992 non

1804 1024 1916 1084 est,
1933 1025 2137 1076 tamen
2157 1019 2302 1093 quia
2319 1019 2497 1076 talem
2516 1034 2611 1075 me
2628 1034 2905 1085 noveras,
2926 1020 3061 1076 ideo
3079 1021 3272 1091 magis
3282 1037 3458 1094 opor-

1804 1108 1963 1165 tebat
1990 1113 2045 1165 te
2076 1108 2424 1181 exposuisse
2453 1109 2680 1163 donum
2714 1122 2935 1177 meum,
2967 1108 3056 1164 his
3080 1110 3175 1180 qui
3210 1112 3458 1166 nossent

1803 1196 2027 1254 bonum
2051 1214 2085 1253 a
2100 1213 2286 1271 pravo
2308 1197 2387 1268 dij
2396 1197 2638 1253 udicare
2662 1213 2680 1251 :
2700 1195 2813 1253 hos
2833 1196 2993 1251 enim
3015 1196 3279 1269 appellat
3294 1213 3457 1254 men-

1803 1288 2035 1344 sarios:
2069 1288 2335 1360 oportuit
2372 1292 2427 1343 te
2472 1285 2768 1356 docuisse,
2797 1287 3207 1353 admonuisse,
3240 1301 3457 1345 consu-

1799 1375 2001 1443 luisse,
2043 1376 2301 1450 quiquid
2330 1375 2392 1431 in
2422 1378 2476 1431 te
2504 1378 2630 1431 erat
2660 1374 2888 1445 fecisse,
2922 1374 3220 1447 reliquum
3251 1380 3453 1433 autem

1799 1464 1945 1521 mihi
1975 1464 2363 1537 permississe,
2392 1463 2527 1520 dico
2553 1478 2697 1520 sane
2725 1462 3171 1534 repetitionem:
3197 1464 3457 1535 Oportuit

1800 1555 1856 1609 te
1884 1553 2037 1624 quod
2066 1552 2298 1610 facilius
2320 1555 2408 1608 est
2434 1551 2659 1607 interea
2690 1551 3029 1622 perfecisse,
3056 1551 3221 1623 quod
3250 1556 3452 1610 autem

1800 1640 2101 1697 difﬁcilius
2135 1646 2225 1698 est
2266 1640 2412 1697 mihi
2441 1639 2772 1713 reliquisse.
2806 1641 2906 1696 {Es
2935 1640 3137 1712 itaque
3167 1640 3449 1709 alienum,

94 1727 327 1779 τοιούτου
376 1723 588 1779 δανείου
636 1727 667 1785 ἠ
717 1728 996 1802 προσθήκη
1028 1734 1129 1779 τῶν
1181 1724 1372 1801 ἀρετῶν
1396 1741 1410 1755 ·
1437 1727 1586 1777 τόκον
1635 1719 1695 1777 δὶ

1860 1730 2071 1788 )ctrina
2090 1734 2208 1786 est:
2229 1745 2412 1786 usura
2428 1744 2569 1785 vero
2592 1728 2726 1785 talis
2741 1728 2896 1795 seris,
2910 1729 3133 1786 additio
3151 1730 3449 1786 virtutum.

95 1817 181 1873 τὸν
235 1810 568 1891 ἄπικέρδειαν
618 1813 790 1879 ἁπλῶς
842 1815 1098 1889 ὠνόμασε,
1151 1821 1214 1888 τῇ
1272 1815 1521 1887 συνηθείᾳ
1556 1831 1696 1887 χρη-

95 1904 337 1977 θέμενος.

154 1992 354 2067 ’Ἄρατε
445 2022 513 2034 --
595 1991 680 2047 ἀπ’
762 1993 941 2049 αὐτοῦ.
1013 1992 1277 2049 Ἐκέλευσε
1355 1993 1695 2065 γυμνωθῆναι

91 2081 246 2136 αὐτόν
280 2089 372 2136 τοῦ
426 2079 815 2137 διδασκαλικοῦ
869 2082 1160 2157 ἀξιώματος
1184 2104 1197 2118 ·
1253 2090 1405 2136 τοῦτο
1432 2084 1534 2155 γὰρ
1584 2078 1694 2135 εἶπε

89 2172 335 2225 τάλαντον
358 2190 374 2206 ·
406 2176 499 2227 καὶ
527 2177 622 2232 την
666 2177 824 2246 τιμήν
852 2176 1047 2232 ταύτην
1079 2172 1149 2237 εἰς
1189 2174 1498 2249 προσθήκην
1533 2168 1692 2231 δοθῆ-

87 2281 169 2314 ναε
205 2269 279 2333 τῷ
307 2264 491 2334 ἔχοντι
518 2264 586 2316 τά
616 2259 745 2316 δέκα
787 2261 1030 2318 τάλαντα.
1078 2266 1240 2316 Παντὶ
1268 2262 1368 2335 γὰρ
1412 2269 1483 2333 τῷ
1512 2264 1691 2334 ἔχοντι

89 2347 331 2411 σπουδήν
376 2370 437 2406 τε
486 2355 579 2405 καὶ
624 2350 911 2424 ἐπιμέλειαν
960 2348 1248 2410 δοθόσεται
1291 2355 1417 2425 τιμὴ
1466 2354 1557 2403 καὶ
1598 2368 1687 2403 πε⁹

85 2445 373 2516 ρισσοτέρα
434 2448 532 2503 τῆς
599 2439 976 2504 ἕπιϐαλλούσης
1028 2440 1199 2512 αὐτῷ·
1276 2439 1377 2495 ἀπὸ
1460 2436 1520 2494 δι
1595 2445 1688 2492 τοῦ

85 2534 147 2601 μὴ
212 2531 441 2603 ἔχοντος
492 2526 752 2602 σπουδὴν,
818 2534 883 2593 ὡς
949 2533 1173 2605 ιῖρηται,
1221 2534 1312 2583 καὶ
1376 2528 1681 2602 ἐπιμέλειαν.

84 2622 169 2672 καὶ
206 2618 234 2672 ὃ
277 2621 396 2692 ἔχει
428 2615 812 2674 διδασκαλικόν
863 2618 1087 2693 ἀξίωμα,
1128 2617 1553 2694 ἀφαιρεθήσεται,
1603 2614 1690 2671 οἶα

84 2711 152 2780 μὴ
181 2710 531 2783 χρησαμένου
570 2707 729 2781 αὐτῷ.

153 2801 263 2852 Καὶ
320 2800 407 2850 τόν
454 2795 669 2873 ἀχρεῖον
720 2794 903 2852 δοῦλον
950 2829 1021 2840 -
1082 2794 1327 2853 ὀδόντων.
1397 2796 1473 2851 Οὐ
1526 2800 1690 2871 μέχρι

84 2894 173 2949 τῆς
263 2883 586 2959 ἀφαιρέσεως
659 2888 850 2946 ἔστησε
924 2891 1017 2947 τὴν
1101 2888 1314 2961 ζημίαν,
1402 2886 1530 2941 ἀλλὰ
1597 2891 1689 2941 καὶ

86 2974 149 3035 εἰς
199 2972 470 3049 ἀφόρητον
526 2974 797 3049 ἀπέπεμψε
850 2975 1087 3045 κόλασιν,
1141 2974 1354 3051 ἀχρεῖον
1420 2976 1577 3030 αὐτὸν
1625 2974 1692 3030 εί-

83 3068 209 3131 πὼν,
256 3066 328 3124 ὧς
379 3066 657 3137 ἄχρηστον
704 3068 792 3119 καὶ
829 3064 1081 3141 ὀκνηρόν·
1115 3064 1252 3142 Ὀρα
1301 3071 1519 3141 πρᾶγμα
1547 3065 1691 3139 φοϐε-

83 3157 186 3223 ρόν.
224 3151 523 3215 Κολάςεται
553 3156 679 3229 γὰρ,
720 3155 825 3229 οὐχ
868 3157 949 3208 ὅτι
1004 3155 1191 3229 ἔπραξε
1240 3158 1397 3223 κακὰ,
1449 3154 1558 3208 ἀλλ’
1610 3157 1689 3209 ὅτι

82 3242 170 3294 οὐκ
250 3241 473 3318 Ξπραξεν
501 3258 516 3272 ⁸
577 3242 771 3314 ἀγαθά.
844 3243 1110 3298 Ἐκκλινον
1164 3246 1290 3320 γὰρ,
1346 3248 1523 3318 φησὶν,
1587 3243 1689 3298 ἀπὸ

79 3337 269 3398 κακοῦ,
366 3335 459 3383 καὶ
541 3336 761 3392 ποίησον
852 3331 1069 3405 ἀγαθόν.
1149 3330 1213 3387 Ἡ
1301 3336 1475 3406 μέντοι
1555 3336 1691 3387 κατὰ

77 3418 132 3469 τό
190 3418 485 3483 ἑξηκοστὸν
536 3416 757 3493 ἕϐδομον
822 3421 1095 3494 κεφάλαιον
1169 3428 1261 3475 τοῦ
1332 3428 1513 3476 Λουκᾶ
1586 3430 1688 3475 τῶν

79 3502 209 3559 δέκα
285 3516 427 3580 μνῶν
499 3508 768 3581 παραϐολὴ
831 3509 978 3583 ἑτέρα
1034 3511 1179 3586 παρά
1252 3512 1443 3569 ταύτην
1523 3509 1684 3581 έστὶν,

76 3594 117 3646 εὶ
144 3601 239 3650 καὶ
270 3598 341 3649 τά
364 3596 531 3649 πολλά
554 3598 733 3651 ἔοικεν.
787 3597 868 3653 Ἐν
916 3597 1081 3673 ἄκείνῃ
1122 3600 1224 3675 γὰρ
1265 3601 1320 3653 αἱ
1370 3596 1542 3662 δόσεις
1596 3603 1687 3674 μεν

74 3686 211 3750 ἶσαι,
244 3687 315 3737 τὰ
341 3682 509 3757 κέρδη
544 3682 603 3739 δι
631 3688 789 3739 ἄνισα
817 3692 905 3741 καὶ
933 3689 987 3740 αἱ
1015 3692 1188 3752 τιμαί.

142 3771 333 3847 [Διότι
364 3774 481 3847 (62)
518 3776 651 3833 αὕτη
691 3778 781 3848 μιν
806 3781 926 3850 περὶ
979 3773 1242 3852 διαφόρων
1291 3773 1686 3831 διδασκαλικῶν

69 3864 439 3935 χαρισμάτων
514 3859 876 3937 διαλαμϐάνει,
948 3869 1021 3937 μὴ
1094 3862 1383 3939 διδομένων
1457 3865 1643 3931 ἕπίσης
1671 3879 1685 3897 ⁹

73 3947 257 4007 ἑκείνη
286 3945 344 4004 δε
371 3956 487 4026 περὶ
514 3947 779 4027 διαφόρων
808 3949 1098 4027 διδομένων
1128 3953 1376 4030 ἕπίσης.]

153 4078 310 4130 ΚΕΦ.
393 4076 518 4133 ΞΜ.
575 4080 703 4151 Περὶ
775 4084 872 4140 τῆς
942 4077 1181 4141 ἐλεύσεως
1262 4086 1355 4133 τοῦ
1428 4086 1684 4154 Χριστοῦ.

150 4186 317 4233 Ὅταν
353 4211 424 4223 -
454 4181 635 4239 αὐτοῦ.
666 4186 865 4239 Λοιπὸν
906 4181 1171 4258 διηγεῖται
1216 4189 1306 4239 καὶ
1346 4189 1412 4239 τὰ
1439 4195 1535 4248 τῆς
1572 4182 1690 4240 δευ-

70 4272 240 4340 τέρας
304 4276 599 4343 παρουσίας
651 4272 812 4325 αὑτοῦ
867 4278 994 4346 πρὸς
1048 4272 1203 4347 φόϐον
1258 4280 1347 4328 καὶ
1405 4272 1689 4349 διόρθωσιν

70 4364 182 4407 τῶν
606 4360 765 4425 Δόξαν
797 4357 856 4416 δε
886 4362 1047 4416 αὐτοῦ
1091 4362 1225 4436 )έγει
1278 4367 1372 4423 την
1423 4366 1692 4441 θεοπρεπε-

347 4449 408 4502 Ἡ
444 4454 625 4522 πρώτη
672 4452 775 4525 γὰρ
822 4451 984 4504 αὐτοῦ
1029 4454 1229 4515 εὶευσις
1266 4452 1314 4505 έν
1365 4450 1555 4527 ἀδοξίᾳ
1603 4459 1692 4527 γέ·-

68 4552 222 4603 νσνι-
273 4538 488 4591 Καθίσιι
522 4534 602 4604 δι.
652 4542 723 4601 ὡς
757 4542 1189 4615 κριτήςοθρόνος
1240 4537 1300 4595 δι
1354 4538 1514 4607 δόξης
1563 4544 1588 4596 6
1618 4547 1690 4598 εν.

70 4618 266 4693 δοξος,
297 4626 323 4677 ὀ
360 4624 656 4699 βασιλικός.

148 4839 264 4890 Καὶ
316 4867 383 4880 -
443 4839 585 4900 ἔθνη.
660 4839 986 4895 Ἀναστοξντα
1064 4837 1275 4902 δηλαδὴ
1348 4840 1404 4895 ἐκ

64 4929 372 4998 Προείρηκε
443 4930 547 5005 γὰρ
640 4925 902 5005 διαγόρως

278 5015 503 5089 (63-68).

142 5106 265 5157 Καὶ
308 5133 375 5148 —
401 5103 608 5181 έρίγων.
658 5112 767 5163 Νῦν
809 5109 900 5182 μιν
936 5108 1038 5184 γὰρ
1070 5107 1264 5185 ἀναμίξ
1308 5108 1413 5167 εἰσι
1466 5111 1682 5177 πάντες·

136 5255 194 5293 ⁷⁸
240 5253 398 5316 Pal.
428 5272 630 5318 xum.
666 5259 754 5319 15.
786 5260 832 5300 τ’
874 5260 1012 5321 Luc.
1043 5276 1158 5333 xxx,
1187 5261 1276 5321 13.

1476 4852 1683 4919 νεκρῶν.

988 4934 1105 5005 πιρι
1187 4938 1285 4994 τῆς
1355 4928 1689 4999 ἀναστάσεως

1803 1820 2057 1877 Usuram
2097 1819 2325 1876 vocavit
2367 1818 2715 1892 simpliciter
2761 1834 2940 1877 omne
2986 1818 3240 1885 lucrum,
3287 1834 3453 1877 more

1801 1908 2103 1965 communi
2122 1912 2314 1965 utens.

1871 2016 2034 2072 Vers.
2088 2015 2179 2071 28.
2232 2014 2429 2071 Tollite
2453 2046 2522 2056 —
2550 2015 2716 2071 Vers.
2744 2018 2833 2071 29.
2867 2014 2936 2071 ab
2965 2030 3048 2071 eo.
3080 2013 3263 2070 Jussit
3312 2030 3451 2073 eum

1799 2104 2014 2162 nudari
2045 2104 2329 2161 doctrinm
2358 2104 2519 2161 dono
2549 2119 2564 2171 ;
2592 2102 2705 2160 hoc
2735 2105 2894 2159 enim
2924 2102 3075 2160 dixit
3111 2104 3400 2161 talentum
3435 2120 3451 2172 ;

1798 2198 1854 2251 et
1877 2194 2167 2250 honorem
2196 2193 2360 2250 hunc
2396 2193 2458 2249 in
2497 2192 2865 2250 additionem
2893 2192 3025 2249 dari
3056 2193 3105 2249 ei
3134 2193 3239 2266 qui
3264 2193 3452 2250 habe-

1796 2282 1902 2341 bat
1925 2284 2128 2340 decem
2160 2283 2384 2340 talenta
2416 2298 2430 2350 ;
2462 2281 2629 2339 omni
2659 2283 2820 2339 enim
2850 2282 2953 2355 qui
2988 2282 3355 2353 diligentiam
3392 2287 3450 2342 et

1797 2388 2003 2430 curam
2025 2372 2228 2438 habet,
2260 2371 2503 2429 dabitur
2528 2370 2743 2441 honor,
2773 2371 2951 2429 etiam
2977 2386 3159 2444 supra
3179 2388 3317 2429 eum
3343 2372 3449 2447 qui

1796 2462 1913 2535 ipsi
1939 2462 2206 2534 adjectus
2223 2466 2350 2518 erat
2382 2480 2396 2530 ;
2425 2460 2505 2519 ab
2530 2477 2600 2518 eo
2625 2476 2765 2518 vero
2790 2462 2893 2534 qui
2923 2462 3292 2533 diligentiam
3319 2478 3447 2521 non

1792 2550 1996 2618 habet,
2049 2554 2113 2607 ut
2164 2550 2386 2607 dictum
2442 2554 2549 2617 est,
2608 2566 2804 2623 neque
2859 2566 3089 2617 curam,
3150 2553 3447 2611 auferetur

1796 2639 1974 2697 etiam
2004 2639 2064 2696 id
2092 2639 2259 2713 quod
2281 2638 2462 2696 habet
2481 2638 2764 2697 doctrinae
2780 2638 3030 2708 donum,
3053 2644 3342 2715 tanquam
3364 2642 3445 2702 ab

1796 2744 1867 2787 eo
1891 2728 1986 2785 cui
2010 2728 2159 2785 nulli
2183 2733 2275 2785 est
2304 2727 2464 2784 usui.

1866 2837 2032 2894 Vers.
2070 2836 2159 2892 30.
2206 2836 2453 2893 Servum
2491 2850 2712 2908 quoque
2750 2833 3014 2893 inutilem
3049 2866 3119 2879 -
3156 2835 3443 2896 dentium.

1798 2927 1927 2982 Non
1955 2924 2017 2981 in
2047 2924 2347 2981 ablatione
2376 2923 2555 2980 ﬁnem
2582 2940 2777 2997 poenas
2814 2925 3037 2997 posuit,
3086 2926 3192 2981 sed
3220 2925 3283 2982 in
3313 2941 3451 3000 sup-

1800 3013 2047 3087 plicium
2096 3029 2337 3087 quoque
2393 3013 2765 3071 intolerabile
2816 3012 3128 3085 ablegavit.
3188 3015 3452 3072 Inutilem

1724 3081 1767 3139 C
1801 3081 2002 3160 autem
2048 3081 2199 3158 dixit
2227 3081 2487 3174 pigrum,
2520 3107 2577 3159 et
2606 3103 2827 3159 nullius
2859 3081 3037 3161 bonae
3064 3104 3268 3175 frugis.
3302 3105 3452 3164 Vide

1800 3207 1943 3263 ergo
1963 3207 2090 3247 rem
2121 3190 2513 3247 tremendam.
2540 3190 2789 3247 Punitur
2814 3192 3114 3265 siquidem
3144 3209 3265 3250 non
3286 3193 3454 3266 quod

1800 3280 1962 3337 mala
1986 3280 2207 3350 fecerit,
2239 3278 2344 3335 sed
2391 3278 2557 3351 quod
2585 3278 2750 3336 bona
2796 3295 2914 3336 non
2943 3279 3178 3337 fecerit:
3205 3283 3452 3341 Declina

1801 3370 1981 3435 enim,
2015 3368 2226 3441 inquit,
2258 3384 2296 3426 a
2322 3369 2477 3425 malo
2500 3372 2554 3425 et
2573 3370 2681 3439 fac
2714 3367 2923 3425 bonum
2944 3370 3013 3424 ⁷⁸.
3046 3368 3148 3425 Illa
3185 3386 3320 3426 vero
3346 3386 3452 3443 pa-

1797 3458 2027 3526 rabola,
2043 3474 2180 3531 quae
2198 3457 2359 3530 apud
2377 3459 2593 3514 Lucam
2616 3457 2857 3530 ponitur
2875 3459 3251 3529 sexagesimo
3272 3458 3449 3533 septi-

1797 3564 1899 3605 mo
1917 3547 2110 3620 capite
2135 3546 2211 3603 de
2240 3546 2443 3603 decem
2467 3545 2643 3602 minis
2668 3548 2739 3613 ⁷⁷,
2766 3546 2883 3603 alia
2904 3551 2991 3603 est
3013 3547 3092 3604 ab
3115 3549 3241 3615 ista,
3266 3548 3373 3605 etsi
3387 3548 3451 3607 in

1796 3636 2053 3710 pluribus
2073 3636 2145 3693 sit
2164 3636 2395 3692 similis.
2422 3635 2484 3691 In
2503 3635 2601 3691 illa
2623 3635 2785 3691 enim
2809 3636 2953 3692 data
2976 3636 3221 3709 quidem
3240 3653 3444 3711 mqua-

1795 3726 1874 3783 lia
1906 3727 2179 3782 fuerunt:
2211 3725 2377 3781 lucra
2404 3741 2545 3781 vero
2575 3730 2630 3780 et
2649 3725 2909 3781 honores
2936 3725 3276 3797 inaaquales.

1868 3819 2017 3872 Nam
2038 3815 2162 3871 hac
2188 3814 2263 3871 de
2288 3813 2537 3869 diversis
2563 3813 2848 3869 doctrinm
2875 3814 3078 3884 gratiis
3100 3831 3219 3871 non
3247 3832 3445 3890 aequa-

1794 3903 1927 3961 liter
1958 3904 2107 3960 datis
2133 3903 2362 3960 disserit
2391 3918 2402 3958 :
2436 3901 2537 3961 illa
2577 3918 2718 3960 vero
2766 3904 2837 3959 de
2867 3902 3113 3961 diversis
3146 3905 3448 3979 mqualiter

1795 3992 1974 4051 datis.

2141 4133 2298 4191 CAP.
2340 4133 2476 4191 LXI.
2508 4135 2588 4191 Ds
2616 4135 2867 4192 adventu
2892 4135 3114 4193 Christi

1868 4224 2031 4281 Vere.
2062 4222 2151 4279 3i.
2188 4225 2328 4280 Cum
2351 4254 2419 4265 —
2448 4238 2584 4279 sum.
2624 4226 2832 4281 Narrat
2857 4224 3036 4280 etiam
3061 4223 3345 4296 deinceps
3370 4225 3447 4281 de

1799 4311 2061 4368 secundo
2087 4311 2353 4369 adventu
2377 4327 2506 4377 suo,
2536 4311 2615 4367 ad
2641 4316 2922 4369 terrorem
2949 4316 3006 4368 et
3030 4311 3446 4368 correctionem

1718 4422 1770 4482 ι)
1800 4402 2160 4460 auditorum.
2194 4403 2377 4459 Suam
2408 4406 2607 4457 autem
2643 4401 2895 4472 gloriam
2948 4401 3108 4467 dicit,
3159 4417 3294 4473 quaa
3326 4402 3445 4457 Deo

1799 4492 2039 4566 propria
2066 4496 2171 4547 est.
2207 4491 2473 4548 Primum
2502 4491 2666 4548 enim
2697 4490 2987 4545 adventus
3013 4489 3141 4560 ejus
3162 4490 3444 4560 inglorius

1797 4580 1989 4638 factus
2011 4584 2119 4637 est.
2151 4579 2386 4637 Sedebit
2404 4594 2565 4647 vero,
2589 4583 2880 4652 tanquam
2898 4577 3086 4650 judex
3109 4596 3122 4635 :
3143 4578 3315 4635 sedes
3341 4594 3446 4635 au-

1796 4674 1916 4727 tem
1946 4670 2066 4727 sive
2095 4670 2346 4727 thronus
2372 4668 2588 4726 dicitur
2612 4667 2834 4740 glorias,
2874 4667 2991 4726 hoc
3029 4673 3116 4726 est
3149 4666 3442 4741 gloriosus

1797 4764 1854 4817 et
1881 4760 2103 4831 regius.

1867 4848 2033 4905 Vers.
2083 4848 2173 4904 82.
2225 4847 2304 4904 Et
2342 4875 2410 4891 -
2457 4851 2677 4919 gentes.
2722 4845 3054 4919 Postquam
3103 4846 3380 4905 videlicet
3406 4863 3443 4904 ο

1797 4937 2050 4995 mortuis
2075 4937 2502 4995 resurrexerint
2518 4952 2532 5005 ;
2551 4935 2824 5010 prmdixit
2839 4936 3001 4994 enim
3021 4936 3203 4995 variis
3219 4937 3279 4994 in
3297 4936 3440 4994 locis

1795 5027 1871 5086 de
1902 5026 2334 5086 resurrectione
2366 5042 2594 5084 earum.

1864 5114 2031 5174 Vers.
2059 5119 2146 5174 32.
2160 5115 2241 5174 Et
2263 5144 2331 5159 -—
2353 5114 2549 5174 Ιιωάὶε.
2576 5117 2741 5173 Nunc
2757 5115 2967 5174 etenim
2989 5113 3285 5175 commisti
3306 5116 3445 5174 sunt

1315 5440 1543 5515 Varia
1574 5443 1909 5514 lectiones
1938 5450 2006 5512 et
2037 5452 2235 5511 notae.

130 5625 270 5701 (62)
302 5625 524 5689 Inclusa
553 5628 617 5687 in
646 5630 917 5705 margine
946 5630 1128 5692 habet
1150 5634 1216 5692 Δ.

1864 5636 2071 5711 (63-68)
2091 5635 2520 5712 Corrigendum
2542 5637 2729 5712 αὐτῶν,
2745 5636 2872 5695 siou
2890 5632 3437 5697 thsbetﬂentenius.
