  <div class='ocr_page' id='page_1' title='image "/cluster/home/n/w/nwhite01/storage/ocr_20150623/129/hvd.32044073502395/325.png"; bbox 0 0 3904 6210; ppageno 0'>
   <div class='ocr_carea' id='block_1_1' title="bbox 436 261 544 319">
    <p class='ocr_par' dir='ltr' id='par_1_1' title="bbox 436 261 544 319">
     <span class='ocr_line' id='line_1_1' title="bbox 436 261 544 319; baseline 0 0"><span class='ocrx_word' id='word_1_1' title='bbox 436 261 544 319; x_wconf 81' lang='lat'><strong>689</strong></span> 
     </span>
    </p>
   </div>
   <div class='ocr_carea' id='block_1_2' title="bbox 1747 262 2083 320">
    <p class='ocr_par' dir='ltr' id='par_1_2' title="bbox 1747 262 2083 320">
     <span class='ocr_line' id='line_1_2' title="bbox 1747 262 2083 320; baseline -0.009 0"><span class='ocrx_word' id='word_1_2' title='bbox 1747 262 2083 320; x_wconf 85' lang='lat' dir='ltr'><strong>EUTHYMl]</strong></span> 
     </span>
    </p>
   </div>
   <div class='ocr_carea' id='block_1_3' title="bbox 2200 262 3791 320">
    <p class='ocr_par' dir='ltr' id='par_1_3' title="bbox 2200 262 3791 319">
     <span class='ocr_line' id='line_1_3' title="bbox 2200 262 3791 319; baseline 0.001 -1"><span class='ocrx_word' id='word_1_3' title='bbox 2200 262 2473 319; x_wconf 60' lang='lat' dir='ltr'><strong>{GABENI</strong></span> <span class='ocrx_word' id='word_1_4' title='bbox 3683 265 3791 319; x_wconf 73' lang='grc'>640.</span> 
     </span>
    </p>
   </div>
   <div class='ocr_carea' id='block_1_4' title="bbox 439 386 2083 463">
    <p class='ocr_par' dir='ltr' id='par_1_4' title="bbox 439 388 2083 463">
     <span class='ocr_line' id='line_1_4' title="bbox 439 388 2083 463; baseline -0.001 -18"><span class='ocrx_word' id='word_1_5' title='bbox 439 404 647 445; x_wconf 89' lang='lat' dir='ltr'><strong>omnes</strong></span> <span class='ocrx_word' id='word_1_6' title='bbox 672 408 685 445; x_wconf 90' lang='lat'><strong>:</strong></span> <span class='ocrx_word' id='word_1_7' title='bbox 719 391 857 445; x_wconf 89' lang='lat' dir='ltr'><strong>tunc</strong></span> <span class='ocrx_word' id='word_1_8' title='bbox 882 405 1022 447; x_wconf 89' lang='lat' dir='ltr'><strong>vero</strong></span> <span class='ocrx_word' id='word_1_9' title='bbox 1042 390 1347 460; x_wconf 84' lang='lat' dir='ltr'><strong>diligenter</strong></span> <span class='ocrx_word' id='word_1_10' title='bbox 1363 390 1813 463; x_wconf 86' lang='lat' dir='ltr'><strong>separabuntur.</strong></span> <span class='ocrx_word' id='word_1_11' title='bbox 1842 392 1919 444; x_wconf 88' lang='lat' dir='ltr'><strong>De</strong></span> <span class='ocrx_word' id='word_1_12' title='bbox 1946 388 2083 443; x_wconf 90' lang='lat' dir='ltr'><strong>solis</strong></span> 
     </span>
    </p>
   </div>
   <div class='ocr_carea' id='block_1_5' title="bbox 2200 386 3782 463">
    <p class='ocr_par' dir='ltr' id='par_1_5' title="bbox 2200 386 3782 463">
     <span class='ocr_line' id='line_1_5' title="bbox 2200 386 3782 463; baseline 0 -22"><span class='ocrx_word' id='word_1_13' title='bbox 2200 394 2308 441; x_wconf 85' lang='grc' dir='ltr'><strong>τότε</strong></span> <span class='ocrx_word' id='word_1_14' title='bbox 2347 386 2405 442; x_wconf 67' lang='grc' dir='ltr'><strong>δὲ</strong></span> <span class='ocrx_word' id='word_1_15' title='bbox 2457 388 2680 463; x_wconf 80' lang='grc' dir='ltr'><strong>ἀκριϐῶς</strong></span> <span class='ocrx_word' id='word_1_16' title='bbox 2732 386 3281 463; x_wconf 86' lang='grc' dir='ltr'><strong>διαχωρισθήσονται.</strong></span> <span class='ocrx_word' id='word_1_17' title='bbox 3331 394 3459 460; x_wconf 82' lang='grc' dir='ltr'><strong>Περὶ</strong></span> <span class='ocrx_word' id='word_1_18' title='bbox 3510 396 3612 441; x_wconf 81' lang='grc' dir='ltr'><strong>τῶν</strong></span> <span class='ocrx_word' id='word_1_19' title='bbox 3664 396 3782 463; x_wconf 76' lang='grc' dir='ltr'><strong>Χριο</strong></span> 
     </span>
    </p>
   </div>
   <div class='ocr_carea' id='block_1_6' title="bbox 437 478 2083 550">
    <p class='ocr_par' dir='ltr' id='par_1_6' title="bbox 437 478 2083 550">
     <span class='ocr_line' id='line_1_6' title="bbox 437 478 2083 550; baseline -0.001 -16"><span class='ocrx_word' id='word_1_20' title='bbox 437 483 636 534; x_wconf 90' lang='lat' dir='ltr'><strong>autem</strong></span> <span class='ocrx_word' id='word_1_21' title='bbox 669 478 1009 535; x_wconf 81' lang='lat' dir='ltr'><strong>Christianis</strong></span> <span class='ocrx_word' id='word_1_22' title='bbox 1042 479 1304 550; x_wconf 80' lang='lat' dir='ltr'><strong>loquitur</strong></span> <span class='ocrx_word' id='word_1_23' title='bbox 1342 481 1438 535; x_wconf 91' lang='lat' dir='ltr'><strong>hic</strong></span> <span class='ocrx_word' id='word_1_24' title='bbox 1470 495 1689 545; x_wconf 83' lang='lat' dir='ltr'><strong>sermo,</strong></span> <span class='ocrx_word' id='word_1_25' title='bbox 1730 478 1910 535; x_wconf 90' lang='lat' dir='ltr'><strong>veluti</strong></span> <span class='ocrx_word' id='word_1_26' title='bbox 1942 478 2083 533; x_wconf 85' lang='lat' dir='ltr'><strong>infe-</strong></span> 
     </span>
    </p>
   </div>
   <div class='ocr_carea' id='block_1_7' title="bbox 436 566 1087 622">
    <p class='ocr_par' dir='ltr' id='par_1_7' title="bbox 436 566 1087 622">
     <span class='ocr_line' id='line_1_7' title="bbox 436 566 1087 622; baseline 0 -1"><span class='ocrx_word' id='word_1_27' title='bbox 436 566 562 621; x_wconf 87' lang='lat' dir='ltr'><strong>rius</strong></span> <span class='ocrx_word' id='word_1_28' title='bbox 595 566 1087 622; x_wconf 82' lang='lat' dir='ltr'><strong>manifestabitur.</strong></span> 
     </span>
    </p>
   </div>
   <div class='ocr_carea' id='block_1_8' title="bbox 510 654 2087 729">
    <p class='ocr_par' dir='ltr' id='par_1_8' title="bbox 510 654 2087 729">
     <span class='ocr_line' id='line_1_8' title="bbox 510 654 2087 729; baseline 0.002 -21"><span class='ocrx_word' id='word_1_29' title='bbox 510 654 671 708; x_wconf 91' lang='lat' dir='ltr'><strong>Vers.</strong></span> <span class='ocrx_word' id='word_1_30' title='bbox 704 655 791 709; x_wconf 89' lang='lat'><strong>33.</strong></span> <span class='ocrx_word' id='word_1_31' title='bbox 820 655 899 709; x_wconf 87' lang='lat' dir='ltr'><strong>Et</strong></span> <span class='ocrx_word' id='word_1_32' title='bbox 939 686 1008 695; x_wconf 93' lang='lat'>—</span> <span class='ocrx_word' id='word_1_33' title='bbox 1056 657 1333 713; x_wconf 78' lang='lat' dir='ltr'><strong>sinistris.</strong></span> <span class='ocrx_word' id='word_1_34' title='bbox 1390 657 1611 715; x_wconf 91' lang='lat' dir='ltr'><strong>Ovibus</strong></span> <span class='ocrx_word' id='word_1_35' title='bbox 1660 660 2087 729; x_wconf 79' lang='lat' dir='ltr'><strong>comparantur</strong></span> 
     </span>
    </p>
   </div>
   <div class='ocr_carea' id='block_1_9' title="bbox 431 743 2087 815">
    <p class='ocr_par' dir='ltr' id='par_1_9' title="bbox 431 743 2087 815">
     <span class='ocr_line' id='line_1_9' title="bbox 431 743 2087 815; baseline 0.001 -17"><span class='ocrx_word' id='word_1_36' title='bbox 431 743 596 815; x_wconf 86' lang='lat' dir='ltr'><strong>justi,</strong></span> <span class='ocrx_word' id='word_1_37' title='bbox 619 748 854 814; x_wconf 80' lang='lat' dir='ltr'><strong>propter</strong></span> <span class='ocrx_word' id='word_1_38' title='bbox 873 746 1414 810; x_wconf 83' lang='lat' dir='ltr'><strong>mansuetudinem,</strong></span> <span class='ocrx_word' id='word_1_39' title='bbox 1438 746 1815 812; x_wconf 85' lang='lat' dir='ltr'><strong>modestiam,</strong></span> <span class='ocrx_word' id='word_1_40' title='bbox 1847 763 1915 802; x_wconf 88' lang='lat' dir='ltr'><strong>ac</strong></span> <span class='ocrx_word' id='word_1_41' title='bbox 1935 746 2087 801; x_wconf 86' lang='lat' dir='ltr'><strong>fruc-</strong></span> 
     </span>
    </p>
   </div>
   <div class='ocr_carea' id='block_1_10' title="bbox 434 830 2081 900">
    <p class='ocr_par' dir='ltr' id='par_1_10' title="bbox 434 830 2081 900">
     <span class='ocr_line' id='line_1_10' title="bbox 434 830 2081 900; baseline 0.001 -14"><span class='ocrx_word' id='word_1_42' title='bbox 434 830 817 888; x_wconf 88' lang='lat' dir='ltr'><strong>tiﬁcationem</strong></span> <span class='ocrx_word' id='word_1_43' title='bbox 839 834 899 888; x_wconf 89' lang='lat' dir='ltr'><strong>in</strong></span> <span class='ocrx_word' id='word_1_44' title='bbox 918 835 1245 900; x_wconf 85' lang='lat' dir='ltr'><strong>virtutibus,</strong></span> <span class='ocrx_word' id='word_1_45' title='bbox 1267 836 1420 889; x_wconf 84' lang='lat' dir='ltr'><strong>sicut</strong></span> <span class='ocrx_word' id='word_1_46' title='bbox 1441 836 1550 891; x_wconf 65' lang='lat' dir='ltr'><strong>illa:</strong></span> <span class='ocrx_word' id='word_1_47' title='bbox 1570 835 1629 890; x_wconf 87' lang='lat' dir='ltr'><strong>in</strong></span> <span class='ocrx_word' id='word_1_48' title='bbox 1648 835 1798 891; x_wconf 89' lang='lat' dir='ltr'><strong>lacte</strong></span> <span class='ocrx_word' id='word_1_49' title='bbox 1839 840 1894 890; x_wconf 88' lang='lat' dir='ltr'><strong>et</strong></span> <span class='ocrx_word' id='word_1_50' title='bbox 1918 834 2081 889; x_wconf 88' lang='lat' dir='ltr'><strong>lana:</strong></span> 
     </span>
    </p>
   </div>
   <div class='ocr_carea' id='block_1_11' title="bbox 433 920 2088 995">
    <p class='ocr_par' dir='ltr' id='par_1_11' title="bbox 433 920 2088 995">
     <span class='ocr_line' id='line_1_11' title="bbox 433 920 2088 995; baseline 0.002 -20"><span class='ocrx_word' id='word_1_51' title='bbox 433 920 626 976; x_wconf 72' lang='lat' dir='ltr'><strong>hcedis</strong></span> <span class='ocrx_word' id='word_1_52' title='bbox 681 938 817 977; x_wconf 92' lang='lat' dir='ltr'><strong>vero</strong></span> <span class='ocrx_word' id='word_1_53' title='bbox 864 928 1226 994; x_wconf 90' lang='lat' dir='ltr'><strong>peccatores,</strong></span> <span class='ocrx_word' id='word_1_54' title='bbox 1259 929 1503 995; x_wconf 85' lang='lat' dir='ltr'><strong>propter</strong></span> <span class='ocrx_word' id='word_1_55' title='bbox 1534 924 1998 988; x_wconf 84' lang='lat' dir='ltr'><strong>inclementiam,</strong></span> <span class='ocrx_word' id='word_1_56' title='bbox 2031 928 2088 978; x_wconf 88' lang='lat' dir='ltr'><strong>et</strong></span> 
     </span>
    </p>
   </div>
   <div class='ocr_carea' id='block_1_12' title="bbox 432 1009 2086 1084">
    <p class='ocr_par' dir='ltr' id='par_1_12' title="bbox 432 1009 2086 1084">
     <span class='ocr_line' id='line_1_12' title="bbox 432 1009 2086 1084; baseline 0.002 -21"><span class='ocrx_word' id='word_1_57' title='bbox 432 1009 897 1080; x_wconf 85' lang='lat' dir='ltr'><strong>immodestiam,</strong></span> <span class='ocrx_word' id='word_1_58' title='bbox 927 1017 983 1067; x_wconf 90' lang='lat' dir='ltr'><strong>et</strong></span> <span class='ocrx_word' id='word_1_59' title='bbox 1008 1012 1377 1068; x_wconf 87' lang='lat' dir='ltr'><strong>infructuosit</strong></span> <span class='ocrx_word' id='word_1_60' title='bbox 1398 1020 1571 1068; x_wconf 82' lang='lat' dir='ltr'><strong>atem.</strong></span> <span class='ocrx_word' id='word_1_61' title='bbox 1601 1013 1815 1068; x_wconf 87' lang='lat' dir='ltr'><strong>Poteris</strong></span> <span class='ocrx_word' id='word_1_62' title='bbox 1841 1027 2086 1084; x_wconf 90' lang='lat' dir='ltr'><strong>quoque</strong></span> 
     </span>
    </p>
   </div>
   <div class='ocr_carea' id='block_1_13' title="bbox 435 1097 2083 1173">
    <p class='ocr_par' dir='ltr' id='par_1_13' title="bbox 435 1097 2083 1173">
     <span class='ocr_line' id='line_1_13' title="bbox 435 1097 2083 1173; baseline -0.001 -19"><span class='ocrx_word' id='word_1_63' title='bbox 435 1097 675 1163; x_wconf 84' lang='lat' dir='ltr'><strong>addere,</strong></span> <span class='ocrx_word' id='word_1_64' title='bbox 700 1099 861 1170; x_wconf 92' lang='lat' dir='ltr'><strong>quod</strong></span> <span class='ocrx_word' id='word_1_65' title='bbox 883 1100 1049 1155; x_wconf 87' lang='lat' dir='ltr'><strong>etiam</strong></span> <span class='ocrx_word' id='word_1_66' title='bbox 1076 1106 1314 1172; x_wconf 89' lang='lat' dir='ltr'><strong>propter</strong></span> <span class='ocrx_word' id='word_1_67' title='bbox 1331 1116 1565 1171; x_wconf 83' lang='lat' dir='ltr'><strong>gravem</strong></span> <span class='ocrx_word' id='word_1_68' title='bbox 1587 1101 1807 1173; x_wconf 84' lang='lat' dir='ltr'><strong>peccati</strong></span> <span class='ocrx_word' id='word_1_69' title='bbox 1824 1102 2083 1168; x_wconf 88' lang='lat' dir='ltr'><strong>odorem,</strong></span> 
     </span>
    </p>
   </div>
   <div class='ocr_carea' id='block_1_14' title="bbox 436 1186 2087 1259">
    <p class='ocr_par' dir='ltr' id='par_1_14' title="bbox 436 1186 2087 1259">
     <span class='ocr_line' id='line_1_14' title="bbox 436 1186 2087 1259; baseline 0.001 -18"><span class='ocrx_word' id='word_1_70' title='bbox 436 1190 492 1242; x_wconf 90' lang='lat' dir='ltr'><strong>et</strong></span> <span class='ocrx_word' id='word_1_71' title='bbox 513 1186 676 1257; x_wconf 91' lang='lat' dir='ltr'><strong>quod</strong></span> <span class='ocrx_word' id='word_1_72' title='bbox 704 1203 821 1243; x_wconf 90' lang='lat' dir='ltr'><strong>non</strong></span> <span class='ocrx_word' id='word_1_73' title='bbox 840 1193 991 1244; x_wconf 88' lang='lat' dir='ltr'><strong>recta</strong></span> <span class='ocrx_word' id='word_1_74' title='bbox 1018 1190 1382 1259; x_wconf 81' lang='lat' dir='ltr'><strong>gradiantur,</strong></span> <span class='ocrx_word' id='word_1_75' title='bbox 1403 1190 1507 1245; x_wconf 90' lang='lat' dir='ltr'><strong>sed</strong></span> <span class='ocrx_word' id='word_1_76' title='bbox 1529 1206 1565 1246; x_wconf 91' lang='lat' dir='ltr'><strong>a</strong></span> <span class='ocrx_word' id='word_1_77' title='bbox 1589 1197 1749 1246; x_wconf 89' lang='lat' dir='ltr'><strong>recto</strong></span> <span class='ocrx_word' id='word_1_78' title='bbox 1773 1190 2087 1246; x_wconf 86' lang='lat' dir='ltr'><strong>discedant</strong></span> 
     </span>
    </p>
   </div>
   <div class='ocr_carea' id='block_1_15' title="bbox 433 1275 2085 1349">
    <p class='ocr_par' dir='ltr' id='par_1_15' title="bbox 433 1275 2085 1349">
     <span class='ocr_line' id='line_1_15' title="bbox 433 1275 2085 1349; baseline 0.003 -19"><span class='ocrx_word' id='word_1_79' title='bbox 433 1275 659 1341; x_wconf 85' lang='lat' dir='ltr'><strong>itinere,</strong></span> <span class='ocrx_word' id='word_1_80' title='bbox 708 1277 989 1348; x_wconf 88' lang='lat' dir='ltr'><strong>quodque</strong></span> <span class='ocrx_word' id='word_1_81' title='bbox 1038 1277 1360 1349; x_wconf 57' lang='lat' dir='ltr'><strong>praecipitia</strong></span> <span class='ocrx_word' id='word_1_82' title='bbox 1390 1279 1689 1335; x_wconf 88' lang='lat' dir='ltr'><strong>incedant.</strong></span> <span class='ocrx_word' id='word_1_83' title='bbox 1724 1282 1937 1334; x_wconf 87' lang='lat' dir='ltr'><strong>Verum</strong></span> <span class='ocrx_word' id='word_1_84' title='bbox 1986 1278 2085 1336; x_wconf 88' lang='lat' dir='ltr'><strong>illa</strong></span> 
     </span>
    </p>
   </div>
   <div class='ocr_carea' id='block_1_16' title="bbox 436 1364 2081 1438">
    <p class='ocr_par' dir='ltr' id='par_1_16' title="bbox 436 1364 2081 1438">
     <span class='ocr_line' id='line_1_16' title="bbox 436 1364 2081 1438; baseline 0.002 -20"><span class='ocrx_word' id='word_1_85' title='bbox 436 1378 581 1419; x_wconf 83' lang='lat' dir='ltr'><strong>sane</strong></span> <span class='ocrx_word' id='word_1_86' title='bbox 606 1364 908 1431; x_wconf 81' lang='lat' dir='ltr'><strong>animalia,</strong></span> <span class='ocrx_word' id='word_1_87' title='bbox 932 1381 1003 1421; x_wconf 88' lang='lat' dir='ltr'><strong>ea</strong></span> <span class='ocrx_word' id='word_1_88' title='bbox 1030 1382 1163 1438; x_wconf 64' lang='lat' dir='ltr'><strong>quas</strong></span> <span class='ocrx_word' id='word_1_89' title='bbox 1190 1366 1414 1422; x_wconf 86' lang='lat' dir='ltr'><strong>habent</strong></span> <span class='ocrx_word' id='word_1_90' title='bbox 1436 1382 1472 1421; x_wconf 89' lang='lat' dir='ltr'><strong>a</strong></span> <span class='ocrx_word' id='word_1_91' title='bbox 1501 1372 1715 1423; x_wconf 88' lang='lat' dir='ltr'><strong>natura</strong></span> <span class='ocrx_word' id='word_1_92' title='bbox 1738 1368 2043 1438; x_wconf 82' lang='lat' dir='ltr'><strong>possident</strong></span> <span class='ocrx_word' id='word_1_93' title='bbox 2067 1382 2081 1432; x_wconf 89' lang='lat'><strong>;</strong></span> 
     </span>
    </p>
   </div>
   <div class='ocr_carea' id='block_1_17' title="bbox 428 1451 2083 1527">
    <p class='ocr_par' dir='ltr' id='par_1_17' title="bbox 428 1451 2083 1527">
     <span class='ocr_line' id='line_1_17' title="bbox 428 1451 2083 1527; baseline 0.002 -20"><span class='ocrx_word' id='word_1_94' title='bbox 428 1451 573 1522; x_wconf 84' lang='lat' dir='ltr'><strong>justi</strong></span> <span class='ocrx_word' id='word_1_95' title='bbox 608 1468 744 1507; x_wconf 89' lang='lat' dir='ltr'><strong>vero</strong></span> <span class='ocrx_word' id='word_1_96' title='bbox 774 1458 830 1508; x_wconf 92' lang='lat' dir='ltr'><strong>et</strong></span> <span class='ocrx_word' id='word_1_97' title='bbox 864 1460 1203 1525; x_wconf 90' lang='lat' dir='ltr'><strong>peccatores</strong></span> <span class='ocrx_word' id='word_1_98' title='bbox 1238 1470 1275 1511; x_wconf 91' lang='lat' dir='ltr'><strong>a</strong></span> <span class='ocrx_word' id='word_1_99' title='bbox 1307 1456 1626 1511; x_wconf 84' lang='lat' dir='ltr'><strong>voluntate.</strong></span> <span class='ocrx_word' id='word_1_100' title='bbox 1666 1456 1805 1511; x_wconf 91' lang='lat' dir='ltr'><strong>Ideo</strong></span> <span class='ocrx_word' id='word_1_101' title='bbox 1840 1471 2083 1527; x_wconf 87' lang='lat' dir='ltr'><strong>quoque</strong></span> 
     </span>
    </p>
   </div>
   <div class='ocr_carea' id='block_1_18' title="bbox 432 1539 2081 1614">
    <p class='ocr_par' dir='ltr' id='par_1_18' title="bbox 432 1539 2081 1614">
     <span class='ocr_line' id='line_1_18' title="bbox 432 1539 2081 1614; baseline 0.002 -19"><span class='ocrx_word' id='word_1_102' title='bbox 432 1539 515 1595; x_wconf 86' lang='lat' dir='ltr'><strong>illi</strong></span> <span class='ocrx_word' id='word_1_103' title='bbox 541 1540 926 1610; x_wconf 89' lang='lat' dir='ltr'><strong>honorantur,</strong></span> <span class='ocrx_word' id='word_1_104' title='bbox 956 1544 1045 1598; x_wconf 87' lang='lat' dir='ltr'><strong>isti</strong></span> <span class='ocrx_word' id='word_1_105' title='bbox 1066 1546 1265 1599; x_wconf 88' lang='lat' dir='ltr'><strong>autem</strong></span> <span class='ocrx_word' id='word_1_106' title='bbox 1292 1544 1633 1614; x_wconf 89' lang='lat' dir='ltr'><strong>puniuntur.</strong></span> <span class='ocrx_word' id='word_1_107' title='bbox 1664 1544 1880 1600; x_wconf 82' lang='lat' dir='ltr'><strong>Dividit</strong></span> <span class='ocrx_word' id='word_1_108' title='bbox 1901 1544 2081 1599; x_wconf 89' lang='lat' dir='ltr'><strong>etiam</strong></span> 
     </span>
    </p>
   </div>
   <div class='ocr_carea' id='block_1_19' title="bbox 433 1631 2083 1705">
    <p class='ocr_par' dir='ltr' id='par_1_19' title="bbox 433 1631 2083 1705">
     <span class='ocr_line' id='line_1_19' title="bbox 433 1631 2083 1705; baseline 0.002 -20"><span class='ocrx_word' id='word_1_109' title='bbox 433 1644 535 1685; x_wconf 89' lang='lat' dir='ltr'><strong>eos</strong></span> <span class='ocrx_word' id='word_1_110' title='bbox 563 1645 683 1685; x_wconf 89' lang='lat' dir='ltr'><strong>non</strong></span> <span class='ocrx_word' id='word_1_111' title='bbox 707 1631 874 1701; x_wconf 93' lang='lat' dir='ltr'><strong>quod</strong></span> <span class='ocrx_word' id='word_1_112' title='bbox 899 1632 1145 1689; x_wconf 86' lang='lat' dir='ltr'><strong>testibus</strong></span> <span class='ocrx_word' id='word_1_113' title='bbox 1170 1638 1357 1701; x_wconf 87' lang='lat' dir='ltr'><strong>egeat,</strong></span> <span class='ocrx_word' id='word_1_114' title='bbox 1384 1633 1512 1705; x_wconf 90' lang='lat' dir='ltr'><strong>ipse</strong></span> <span class='ocrx_word' id='word_1_115' title='bbox 1537 1634 1695 1690; x_wconf 91' lang='lat' dir='ltr'><strong>enim</strong></span> <span class='ocrx_word' id='word_1_116' title='bbox 1725 1634 1887 1690; x_wconf 89' lang='lat' dir='ltr'><strong>testis</strong></span> <span class='ocrx_word' id='word_1_117' title='bbox 1913 1637 2003 1689; x_wconf 90' lang='lat' dir='ltr'><strong>est</strong></span> <span class='ocrx_word' id='word_1_118' title='bbox 2025 1637 2083 1689; x_wconf 93' lang='lat' dir='ltr'><strong>et</strong></span> 
     </span>
    </p>
   </div>
   <div class='ocr_carea' id='block_1_20' title="bbox 427 1718 631 1789">
    <p class='ocr_par' dir='ltr' id='par_1_20' title="bbox 427 1718 631 1789">
     <span class='ocr_line' id='line_1_20' title="bbox 427 1718 631 1789; baseline -0.02 -13"><span class='ocrx_word' id='word_1_119' title='bbox 427 1718 631 1789; x_wconf 88' lang='lat' dir='ltr'><strong>judex.</strong></span> 
     </span>
    </p>
   </div>
   <div class='ocr_carea' id='block_1_21' title="bbox 502 1807 2079 1883">
    <p class='ocr_par' dir='ltr' id='par_1_21' title="bbox 502 1807 2079 1883">
     <span class='ocr_line' id='line_1_21' title="bbox 502 1807 2079 1883; baseline 0.004 -23"><span class='ocrx_word' id='word_1_120' title='bbox 502 1807 663 1863; x_wconf 91' lang='lat' dir='ltr'><strong>Vers.</strong></span> <span class='ocrx_word' id='word_1_121' title='bbox 697 1809 783 1864; x_wconf 86' lang='grc'><strong>34.</strong></span> <span class='ocrx_word' id='word_1_122' title='bbox 830 1810 990 1865; x_wconf 85' lang='lat' dir='ltr'><strong>Tunc</strong></span> <span class='ocrx_word' id='word_1_123' title='bbox 1024 1842 1092 1851; x_wconf 94' lang='lat'><strong>—</strong></span> <span class='ocrx_word' id='word_1_124' title='bbox 1126 1811 1356 1868; x_wconf 84' lang='lat' dir='ltr'><strong>mundi.</strong></span> <span class='ocrx_word' id='word_1_125' title='bbox 1399 1812 1442 1867; x_wconf 94' lang='grc' dir='ltr'><strong>Ο</strong></span> <span class='ocrx_word' id='word_1_126' title='bbox 1482 1826 1689 1868; x_wconf 88' lang='lat' dir='ltr'><strong>vocem</strong></span> <span class='ocrx_word' id='word_1_127' title='bbox 1721 1812 2079 1883; x_wconf 89' lang='lat' dir='ltr'><strong>optabilem:</strong></span> 
     </span>
    </p>
   </div>
   <div class='ocr_carea' id='block_1_22' title="bbox 434 1895 2084 1973">
    <p class='ocr_par' dir='ltr' id='par_1_22' title="bbox 434 1895 2084 1973">
     <span class='ocr_line' id='line_1_22' title="bbox 434 1895 2084 1973; baseline 0.004 -23"><span class='ocrx_word' id='word_1_128' title='bbox 434 1911 469 1950; x_wconf 93' lang='grc' dir='ltr'><strong>ο</strong></span> <span class='ocrx_word' id='word_1_129' title='bbox 507 1895 798 1951; x_wconf 90' lang='lat' dir='ltr'><strong>honorem</strong></span> <span class='ocrx_word' id='word_1_130' title='bbox 834 1898 1233 1955; x_wconf 72' lang='lat' dir='ltr'><strong>ineffabilem!</strong></span> <span class='ocrx_word' id='word_1_131' title='bbox 1270 1900 1593 1965; x_wconf 83' lang='lat' dir='ltr'><strong>Benedicti,</strong></span> <span class='ocrx_word' id='word_1_132' title='bbox 1624 1901 1834 1973; x_wconf 89' lang='lat' dir='ltr'><strong>inquit,</strong></span> <span class='ocrx_word' id='word_1_133' title='bbox 1882 1902 2084 1956; x_wconf 78' lang='lat' dir='ltr'><strong>Patris</strong></span> 
     </span>
    </p>
   </div>
   <div class='ocr_carea' id='block_1_23' title="bbox 434 1984 2080 2061">
    <p class='ocr_par' dir='ltr' id='par_1_23' title="bbox 434 1984 2080 2061">
     <span class='ocr_line' id='line_1_23' title="bbox 434 1984 2080 2061; baseline 0.003 -21"><span class='ocrx_word' id='word_1_134' title='bbox 434 1986 585 2041; x_wconf 89' lang='lat' dir='ltr'><strong>mei:</strong></span> <span class='ocrx_word' id='word_1_135' title='bbox 635 1984 881 2049; x_wconf 88' lang='lat' dir='ltr'><strong>laudati,</strong></span> <span class='ocrx_word' id='word_1_136' title='bbox 924 1986 1107 2042; x_wconf 91' lang='lat' dir='ltr'><strong>electi.</strong></span> <span class='ocrx_word' id='word_1_137' title='bbox 1169 1991 1293 2044; x_wconf 86' lang='lat' dir='ltr'><strong>Non</strong></span> <span class='ocrx_word' id='word_1_138' title='bbox 1325 1987 1467 2043; x_wconf 82' lang='lat' dir='ltr'><strong>dixit</strong></span> <span class='ocrx_word' id='word_1_139' title='bbox 1504 1994 1744 2044; x_wconf 89' lang='lat' dir='ltr'><strong>autem:</strong></span> <span class='ocrx_word' id='word_1_140' title='bbox 1801 1989 2080 2061; x_wconf 81' lang='lat' dir='ltr'><strong>Accipite,</strong></span> 
     </span>
    </p>
   </div>
   <div class='ocr_carea' id='block_1_24' title="bbox 439 2072 2085 2151">
    <p class='ocr_par' dir='ltr' id='par_1_24' title="bbox 439 2072 2085 2151">
     <span class='ocr_line' id='line_1_24' title="bbox 439 2072 2085 2151; baseline 0.005 -25"><span class='ocrx_word' id='word_1_141' title='bbox 439 2072 564 2138; x_wconf 88' lang='lat' dir='ltr'><strong>sed,</strong></span> <span class='ocrx_word' id='word_1_142' title='bbox 600 2074 921 2140; x_wconf 86' lang='lat' dir='ltr'><strong>Possidete,</strong></span> <span class='ocrx_word' id='word_1_143' title='bbox 949 2080 1247 2147; x_wconf 83' lang='lat' dir='ltr'><strong>tanquam</strong></span> <span class='ocrx_word' id='word_1_144' title='bbox 1285 2082 1615 2148; x_wconf 88' lang='lat' dir='ltr'><strong>paternum,</strong></span> <span class='ocrx_word' id='word_1_145' title='bbox 1666 2083 1954 2151; x_wconf 90' lang='lat' dir='ltr'><strong>tanquam</strong></span> <span class='ocrx_word' id='word_1_146' title='bbox 1980 2079 2085 2135; x_wconf 91' lang='lat' dir='ltr'><strong>de-</strong></span> 
     </span>
    </p>
   </div>
   <div class='ocr_carea' id='block_1_25' title="bbox 437 2160 2085 2236">
    <p class='ocr_par' dir='ltr' id='par_1_25' title="bbox 437 2160 2085 2236">
     <span class='ocr_line' id='line_1_25' title="bbox 437 2160 2085 2236; baseline 0.004 -20"><span class='ocrx_word' id='word_1_147' title='bbox 437 2160 651 2226; x_wconf 90' lang='lat' dir='ltr'><strong>bitum,</strong></span> <span class='ocrx_word' id='word_1_148' title='bbox 682 2166 970 2234; x_wconf 88' lang='lat' dir='ltr'><strong>tanquam</strong></span> <span class='ocrx_word' id='word_1_149' title='bbox 996 2172 1391 2236; x_wconf 69' lang='lat' dir='ltr'><strong>praeparatum</strong></span> <span class='ocrx_word' id='word_1_150' title='bbox 1418 2166 1584 2222; x_wconf 86' lang='lat' dir='ltr'><strong>vobis</strong></span> <span class='ocrx_word' id='word_1_151' title='bbox 1615 2182 1651 2223; x_wconf 90' lang='lat' dir='ltr'><strong>a</strong></span> <span class='ocrx_word' id='word_1_152' title='bbox 1672 2167 2085 2223; x_wconf 89' lang='lat' dir='ltr'><strong>constitutione</strong></span> 
     </span>
    </p>
   </div>
   <div class='ocr_carea' id='block_1_26' title="bbox 442 2250 2085 2327">
    <p class='ocr_par' dir='ltr' id='par_1_26' title="bbox 442 2250 2085 2327">
     <span class='ocr_line' id='line_1_26' title="bbox 442 2250 2085 2327; baseline 0.002 -20"><span class='ocrx_word' id='word_1_153' title='bbox 442 2250 672 2307; x_wconf 87' lang='lat' dir='ltr'><strong>mundi.</strong></span> <span class='ocrx_word' id='word_1_154' title='bbox 701 2251 1052 2324; x_wconf 86' lang='lat' dir='ltr'><strong>Priusquam</strong></span> <span class='ocrx_word' id='word_1_155' title='bbox 1076 2253 1235 2308; x_wconf 92' lang='lat' dir='ltr'><strong>enim</strong></span> <span class='ocrx_word' id='word_1_156' title='bbox 1254 2254 1525 2311; x_wconf 90' lang='lat' dir='ltr'><strong>homines</strong></span> <span class='ocrx_word' id='word_1_157' title='bbox 1549 2254 1775 2319; x_wconf 90' lang='lat' dir='ltr'><strong>ﬁerent,</strong></span> <span class='ocrx_word' id='word_1_158' title='bbox 1808 2259 2085 2327; x_wconf 87' lang='lat' dir='ltr'><strong>paratum</strong></span> 
     </span>
    </p>
   </div>
   <div class='ocr_carea' id='block_1_27' title="bbox 442 2338 2085 2414">
    <p class='ocr_par' dir='ltr' id='par_1_27' title="bbox 442 2338 2085 2414">
     <span class='ocr_line' id='line_1_27' title="bbox 442 2338 2085 2414; baseline 0.005 -22"><span class='ocrx_word' id='word_1_159' title='bbox 442 2341 568 2393; x_wconf 86' lang='lat' dir='ltr'><strong>crat</strong></span> <span class='ocrx_word' id='word_1_160' title='bbox 592 2338 787 2408; x_wconf 71' lang='lat' dir='ltr'><strong>iustis,</strong></span> <span class='ocrx_word' id='word_1_161' title='bbox 820 2346 1210 2409; x_wconf 81' lang='lat' dir='ltr'><strong>cognoscente</strong></span> <span class='ocrx_word' id='word_1_162' title='bbox 1252 2343 1372 2398; x_wconf 91' lang='lat' dir='ltr'><strong>Deo</strong></span> <span class='ocrx_word' id='word_1_163' title='bbox 1416 2343 1583 2414; x_wconf 91' lang='lat' dir='ltr'><strong>quod</strong></span> <span class='ocrx_word' id='word_1_164' title='bbox 1624 2342 1891 2401; x_wconf 89' lang='lat' dir='ltr'><strong>futurum</strong></span> <span class='ocrx_word' id='word_1_165' title='bbox 1940 2349 2085 2401; x_wconf 87' lang='lat' dir='ltr'><strong>erat.</strong></span> 
     </span>
    </p>
   </div>
   <div class='ocr_carea' id='block_1_28' title="bbox 445 2426 1669 2492">
    <p class='ocr_par' dir='ltr' id='par_1_28' title="bbox 445 2426 1669 2492">
     <span class='ocr_line' id='line_1_28' title="bbox 445 2426 1669 2492; baseline 0.003 -11"><span class='ocrx_word' id='word_1_166' title='bbox 445 2426 669 2483; x_wconf 88' lang='lat' dir='ltr'><strong>Deinde</strong></span> <span class='ocrx_word' id='word_1_167' title='bbox 700 2428 841 2484; x_wconf 88' lang='lat' dir='ltr'><strong>dicit</strong></span> <span class='ocrx_word' id='word_1_168' title='bbox 869 2434 926 2486; x_wconf 91' lang='lat' dir='ltr'><strong>et</strong></span> <span class='ocrx_word' id='word_1_169' title='bbox 954 2446 1200 2487; x_wconf 89' lang='lat' dir='ltr'><strong>causam</strong></span> <span class='ocrx_word' id='word_1_170' title='bbox 1230 2432 1375 2488; x_wconf 88' lang='lat' dir='ltr'><strong>tanti</strong></span> <span class='ocrx_word' id='word_1_171' title='bbox 1407 2432 1669 2492; x_wconf 89' lang='lat' dir='ltr'><strong>honoris.</strong></span> 
     </span>
    </p>
   </div>
   <div class='ocr_carea' id='block_1_29' title="bbox 518 2533 2086 2598">
    <p class='ocr_par' dir='ltr' id='par_1_29' title="bbox 518 2533 2086 2598">
     <span class='ocr_line' id='line_1_29' title="bbox 518 2533 2086 2598; baseline 0.007 -12"><span class='ocrx_word' id='word_1_172' title='bbox 518 2533 682 2589; x_wconf 88' lang='lat' dir='ltr'><strong>Vers.</strong></span> <span class='ocrx_word' id='word_1_173' title='bbox 716 2539 801 2591; x_wconf 81' lang='grc'><strong>35.</strong></span> <span class='ocrx_word' id='word_1_174' title='bbox 833 2537 1078 2593; x_wconf 83' lang='lat' dir='ltr'><strong>Esurivi</strong></span> <span class='ocrx_word' id='word_1_175' title='bbox 1100 2570 1169 2578; x_wconf 94' lang='lat'>—</span> <span class='ocrx_word' id='word_1_176' title='bbox 1193 2540 1351 2594; x_wconf 86' lang='lat' dir='ltr'><strong>Vers.</strong></span> <span class='ocrx_word' id='word_1_177' title='bbox 1382 2543 1468 2596; x_wconf 87' lang='lat'><strong>36.</strong></span> <span class='ocrx_word' id='word_1_178' title='bbox 1499 2541 1578 2596; x_wconf 85' lang='lat' dir='ltr'><strong>ad</strong></span> <span class='ocrx_word' id='word_1_179' title='bbox 1598 2557 1705 2598; x_wconf 90' lang='lat' dir='ltr'><strong>me.</strong></span> <span class='ocrx_word' id='word_1_180' title='bbox 1726 2541 1869 2597; x_wconf 84' lang='lat' dir='ltr'><strong>Hinc</strong></span> <span class='ocrx_word' id='word_1_181' title='bbox 1898 2542 2086 2597; x_wconf 88' lang='lat' dir='ltr'><strong>mani-</strong></span> 
     </span>
    </p>
   </div>
   <div class='ocr_carea' id='block_1_30' title="bbox 443 2622 2085 2698">
    <p class='ocr_par' dir='ltr' id='par_1_30' title="bbox 443 2622 2085 2698">
     <span class='ocr_line' id='line_1_30' title="bbox 443 2622 2085 2698; baseline 0.005 -21"><span class='ocrx_word' id='word_1_182' title='bbox 443 2622 662 2679; x_wconf 81' lang='lat' dir='ltr'><strong>festum</strong></span> <span class='ocrx_word' id='word_1_183' title='bbox 694 2630 800 2689; x_wconf 90' lang='lat' dir='ltr'><strong>est,</strong></span> <span class='ocrx_word' id='word_1_184' title='bbox 831 2626 991 2698; x_wconf 90' lang='lat' dir='ltr'><strong>quod</strong></span> <span class='ocrx_word' id='word_1_185' title='bbox 1018 2627 1095 2682; x_wconf 88' lang='lat' dir='ltr'><strong>ad</strong></span> <span class='ocrx_word' id='word_1_186' title='bbox 1126 2627 1282 2684; x_wconf 90' lang='lat' dir='ltr'><strong>solos</strong></span> <span class='ocrx_word' id='word_1_187' title='bbox 1322 2629 1683 2686; x_wconf 88' lang='lat' dir='ltr'><strong>Christianos</strong></span> <span class='ocrx_word' id='word_1_188' title='bbox 1721 2632 1899 2688; x_wconf 91' lang='lat' dir='ltr'><strong>verba</strong></span> <span class='ocrx_word' id='word_1_189' title='bbox 1928 2630 2085 2697; x_wconf 85' lang='lat' dir='ltr'><strong>facit,</strong></span> 
     </span>
    </p>
   </div>
   <div class='ocr_carea' id='block_1_31' title="bbox 440 2712 2086 2789">
    <p class='ocr_par' dir='ltr' id='par_1_31' title="bbox 440 2712 2086 2789">
     <span class='ocr_line' id='line_1_31' title="bbox 440 2712 2086 2789; baseline 0.005 -23"><span class='ocrx_word' id='word_1_190' title='bbox 440 2712 520 2767; x_wconf 89' lang='lat' dir='ltr'><strong>ad</strong></span> <span class='ocrx_word' id='word_1_191' title='bbox 570 2729 723 2783; x_wconf 93' lang='lat' dir='ltr'><strong>quos</strong></span> <span class='ocrx_word' id='word_1_192' title='bbox 756 2716 1049 2787; x_wconf 88' lang='lat' dir='ltr'><strong>Evangelii</strong></span> <span class='ocrx_word' id='word_1_193' title='bbox 1095 2717 1185 2772; x_wconf 89' lang='lat' dir='ltr'><strong>sui</strong></span> <span class='ocrx_word' id='word_1_194' title='bbox 1216 2724 1502 2789; x_wconf 67' lang='lat' dir='ltr'><strong>praecepta</strong></span> <span class='ocrx_word' id='word_1_195' title='bbox 1545 2719 1701 2775; x_wconf 80' lang='lat' dir='ltr'><strong>facta</strong></span> <span class='ocrx_word' id='word_1_196' title='bbox 1748 2724 1904 2775; x_wconf 89' lang='lat' dir='ltr'><strong>sunt.</strong></span> <span class='ocrx_word' id='word_1_197' title='bbox 1939 2723 2086 2776; x_wconf 86' lang='lat' dir='ltr'><strong>Nam</strong></span> 
     </span>
    </p>
   </div>
   <div class='ocr_carea' id='block_1_32' title="bbox 439 2799 2084 2874">
    <p class='ocr_par' dir='ltr' id='par_1_32' title="bbox 439 2799 2084 2874">
     <span class='ocr_line' id='line_1_32' title="bbox 439 2799 2084 2874; baseline 0.005 -19"><span class='ocrx_word' id='word_1_198' title='bbox 439 2799 515 2856; x_wconf 90' lang='lat' dir='ltr'><strong>ad</strong></span> <span class='ocrx_word' id='word_1_199' title='bbox 543 2800 809 2857; x_wconf 85' lang='lat' dir='ltr'><strong>inﬁdeles</strong></span> <span class='ocrx_word' id='word_1_200' title='bbox 832 2803 1029 2859; x_wconf 89' lang='lat' dir='ltr'><strong>nullus</strong></span> <span class='ocrx_word' id='word_1_201' title='bbox 1051 2811 1187 2861; x_wconf 90' lang='lat' dir='ltr'><strong>tunc</strong></span> <span class='ocrx_word' id='word_1_202' title='bbox 1217 2808 1325 2862; x_wconf 89' lang='lat' dir='ltr'><strong>erit</strong></span> <span class='ocrx_word' id='word_1_203' title='bbox 1357 2806 1408 2862; x_wconf 79' lang='lat' dir='ltr'><strong>ei</strong></span> <span class='ocrx_word' id='word_1_204' title='bbox 1438 2822 1666 2874; x_wconf 90' lang='lat' dir='ltr'><strong>sermo;</strong></span> <span class='ocrx_word' id='word_1_205' title='bbox 1690 2824 1898 2864; x_wconf 89' lang='lat' dir='ltr'><strong>omnes</strong></span> <span class='ocrx_word' id='word_1_206' title='bbox 1925 2808 2084 2863; x_wconf 92' lang='lat' dir='ltr'><strong>enim</strong></span> 
     </span>
    </p>
   </div>
   <div class='ocr_carea' id='block_1_33' title="bbox 437 2888 2079 2960">
    <p class='ocr_par' dir='ltr' id='par_1_33' title="bbox 437 2888 2079 2960">
     <span class='ocr_line' id='line_1_33' title="bbox 437 2888 2079 2960; baseline 0.005 -18"><span class='ocrx_word' id='word_1_207' title='bbox 437 2888 613 2945; x_wconf 87' lang='lat' dir='ltr'><strong>simul</strong></span> <span class='ocrx_word' id='word_1_208' title='bbox 646 2906 749 2960; x_wconf 92' lang='lat' dir='ltr'><strong>per</strong></span> <span class='ocrx_word' id='word_1_209' title='bbox 779 2908 840 2945; x_wconf 90' lang='lat' dir='ltr'><strong>se</strong></span> <span class='ocrx_word' id='word_1_210' title='bbox 888 2893 1267 2949; x_wconf 86' lang='lat' dir='ltr'><strong>condemnati</strong></span> <span class='ocrx_word' id='word_1_211' title='bbox 1311 2904 1500 2950; x_wconf 90' lang='lat' dir='ltr'><strong>erunt.</strong></span> <span class='ocrx_word' id='word_1_212' title='bbox 1538 2896 1674 2951; x_wconf 92' lang='lat' dir='ltr'><strong>Ideo</strong></span> <span class='ocrx_word' id='word_1_213' title='bbox 1714 2897 1873 2952; x_wconf 90' lang='lat' dir='ltr'><strong>enim</strong></span> <span class='ocrx_word' id='word_1_214' title='bbox 1902 2896 2079 2952; x_wconf 86' lang='lat' dir='ltr'><strong>dicit:</strong></span> 
     </span>
    </p>
   </div>
   <div class='ocr_carea' id='block_1_34' title="bbox 434 2978 2085 3052">
    <p class='ocr_par' dir='ltr' id='par_1_34' title="bbox 434 2978 2085 3052">
     <span class='ocr_line' id='line_1_34' title="bbox 434 2978 2085 3052; baseline 0.005 -19"><span class='ocrx_word' id='word_1_215' title='bbox 434 2978 569 3033; x_wconf 86' lang='lat' dir='ltr'><strong>Non</strong></span> <span class='ocrx_word' id='word_1_216' title='bbox 596 2986 902 3048; x_wconf 82' lang='lat' dir='ltr'><strong>resurgent</strong></span> <span class='ocrx_word' id='word_1_217' title='bbox 933 2982 1103 3050; x_wconf 83' lang='lat' dir='ltr'><strong>impii</strong></span> <span class='ocrx_word' id='word_1_218' title='bbox 1131 2984 1192 3037; x_wconf 88' lang='lat' dir='ltr'><strong>in</strong></span> <span class='ocrx_word' id='word_1_219' title='bbox 1219 2982 1446 3052; x_wconf 84' lang='lat' dir='ltr'><strong>judicio</strong></span> <span class='ocrx_word' id='word_1_220' title='bbox 1472 2986 1541 3051; x_wconf 79' lang='grc'><strong>⁷⁸,</strong></span> <span class='ocrx_word' id='word_1_221' title='bbox 1574 2985 1689 3040; x_wconf 90' lang='lat' dir='ltr'><strong>hoc</strong></span> <span class='ocrx_word' id='word_1_222' title='bbox 1720 2990 1829 3051; x_wconf 89' lang='lat' dir='ltr'><strong>est,</strong></span> <span class='ocrx_word' id='word_1_223' title='bbox 1860 3002 1980 3041; x_wconf 93' lang='lat' dir='ltr'><strong>non</strong></span> <span class='ocrx_word' id='word_1_224' title='bbox 2001 3002 2085 3041; x_wconf 90' lang='lat' dir='ltr'><strong>re-</strong></span> 
     </span>
    </p>
   </div>
   <div class='ocr_carea' id='block_1_35' title="bbox 435 3066 2156 3147">
    <p class='ocr_par' dir='ltr' id='par_1_35' title="bbox 435 3066 2156 3147">
     <span class='ocr_line' id='line_1_35' title="bbox 435 3066 2156 3147; baseline 0.009 -29"><span class='ocrx_word' id='word_1_225' title='bbox 435 3071 679 3135; x_wconf 87' lang='lat' dir='ltr'><strong>surgent</strong></span> <span class='ocrx_word' id='word_1_226' title='bbox 712 3072 773 3121; x_wconf 90' lang='lat' dir='ltr'><strong>ut</strong></span> <span class='ocrx_word' id='word_1_227' title='bbox 793 3066 1155 3138; x_wconf 90' lang='lat' dir='ltr'><strong>judicentur,</strong></span> <span class='ocrx_word' id='word_1_228' title='bbox 1182 3072 1286 3126; x_wconf 91' lang='lat' dir='ltr'><strong>sed</strong></span> <span class='ocrx_word' id='word_1_229' title='bbox 1316 3077 1376 3127; x_wconf 90' lang='lat' dir='ltr'><strong>ut</strong></span> <span class='ocrx_word' id='word_1_230' title='bbox 1404 3074 1748 3144; x_wconf 89' lang='lat' dir='ltr'><strong>puniantur.</strong></span> <span class='ocrx_word' id='word_1_231' title='bbox 1781 3075 2083 3147; x_wconf 90' lang='lat' dir='ltr'><strong>Siquidem</strong></span> <span class='ocrx_word' id='word_1_232' title='bbox 2115 3068 2156 3126; x_wconf 86' lang='lat' dir='ltr'><strong>C</strong></span> 
     </span>
    </p>
   </div>
   <div class='ocr_carea' id='block_1_36' title="bbox 436 3154 2082 3236">
    <p class='ocr_par' dir='ltr' id='par_1_36' title="bbox 436 3154 2082 3236">
     <span class='ocr_line' id='line_1_36' title="bbox 436 3154 2082 3236; baseline 0.008 -28"><span class='ocrx_word' id='word_1_233' title='bbox 436 3154 823 3211; x_wconf 85' lang='lat' dir='ltr'><strong>manifestum</strong></span> <span class='ocrx_word' id='word_1_234' title='bbox 874 3162 960 3213; x_wconf 90' lang='lat' dir='ltr'><strong>est</strong></span> <span class='ocrx_word' id='word_1_235' title='bbox 998 3159 1175 3214; x_wconf 91' lang='lat' dir='ltr'><strong>etiam</strong></span> <span class='ocrx_word' id='word_1_236' title='bbox 1221 3162 1493 3233; x_wconf 85' lang='lat' dir='ltr'><strong>superius</strong></span> <span class='ocrx_word' id='word_1_237' title='bbox 1524 3164 1592 3229; x_wconf 71' lang='grc' dir='ltr'><strong>τ’,</strong></span> <span class='ocrx_word' id='word_1_238' title='bbox 1626 3164 1790 3235; x_wconf 90' lang='lat' dir='ltr'><strong>quod</strong></span> <span class='ocrx_word' id='word_1_239' title='bbox 1838 3165 2082 3236; x_wconf 89' lang='lat' dir='ltr'><strong>quando</strong></span> 
     </span>
    </p>
   </div>
   <div class='ocr_carea' id='block_1_37' title="bbox 438 3242 2085 3322">
    <p class='ocr_par' dir='ltr' id='par_1_37' title="bbox 438 3242 2085 3322">
     <span class='ocr_line' id='line_1_37' title="bbox 438 3242 2085 3322; baseline 0.006 -23"><span class='ocrx_word' id='word_1_240' title='bbox 438 3242 746 3314; x_wconf 86' lang='lat' dir='ltr'><strong>apparebit</strong></span> <span class='ocrx_word' id='word_1_241' title='bbox 775 3245 1013 3314; x_wconf 87' lang='lat' dir='ltr'><strong>signum</strong></span> <span class='ocrx_word' id='word_1_242' title='bbox 1038 3248 1159 3303; x_wconf 90' lang='lat' dir='ltr'><strong>Filii</strong></span> <span class='ocrx_word' id='word_1_243' title='bbox 1174 3248 1425 3305; x_wconf 89' lang='lat' dir='ltr'><strong>hominis</strong></span> <span class='ocrx_word' id='word_1_244' title='bbox 1450 3251 1512 3307; x_wconf 91' lang='lat' dir='ltr'><strong>in</strong></span> <span class='ocrx_word' id='word_1_245' title='bbox 1542 3252 1712 3317; x_wconf 72' lang='lat' dir='ltr'><strong>ccelo,</strong></span> <span class='ocrx_word' id='word_1_246' title='bbox 1746 3258 1888 3309; x_wconf 88' lang='lat' dir='ltr'><strong>tunc</strong></span> <span class='ocrx_word' id='word_1_247' title='bbox 1904 3255 2085 3322; x_wconf 85' lang='lat' dir='ltr'><strong>plan-</strong></span> 
     </span>
    </p>
   </div>
   <div class='ocr_carea' id='block_1_38' title="bbox 435 3335 2085 3406">
    <p class='ocr_par' dir='ltr' id='par_1_38' title="bbox 435 3335 2085 3406">
     <span class='ocr_line' id='line_1_38' title="bbox 435 3335 2085 3406; baseline 0.008 -20"><span class='ocrx_word' id='word_1_248' title='bbox 435 3337 575 3402; x_wconf 87' lang='lat' dir='ltr'><strong>gent</strong></span> <span class='ocrx_word' id='word_1_249' title='bbox 607 3348 803 3389; x_wconf 87' lang='lat' dir='ltr'><strong>omnes</strong></span> <span class='ocrx_word' id='word_1_250' title='bbox 834 3335 1023 3391; x_wconf 83' lang='lat' dir='ltr'><strong>tribus</strong></span> <span class='ocrx_word' id='word_1_251' title='bbox 1054 3340 1240 3406; x_wconf 69' lang='lat' dir='ltr'><strong>terra,</strong></span> <span class='ocrx_word' id='word_1_252' title='bbox 1272 3339 1466 3396; x_wconf 91' lang='lat' dir='ltr'><strong>solam</strong></span> <span class='ocrx_word' id='word_1_253' title='bbox 1490 3340 1773 3397; x_wconf 87' lang='lat' dir='ltr'><strong>habentes</strong></span> <span class='ocrx_word' id='word_1_254' title='bbox 1800 3342 2085 3398; x_wconf 92' lang='lat' dir='ltr'><strong>condem-</strong></span> 
     </span>
    </p>
   </div>
   <div class='ocr_carea' id='block_1_39' title="bbox 437 3424 2081 3499">
    <p class='ocr_par' dir='ltr' id='par_1_39' title="bbox 437 3424 2081 3499">
     <span class='ocr_line' id='line_1_39' title="bbox 437 3424 2081 3499; baseline 0.007 -25"><span class='ocrx_word' id='word_1_255' title='bbox 437 3424 682 3476; x_wconf 88' lang='lat' dir='ltr'><strong>nantem</strong></span> <span class='ocrx_word' id='word_1_256' title='bbox 713 3424 1157 3481; x_wconf 88' lang='lat' dir='ltr'><strong>conscientiam.</strong></span> <span class='ocrx_word' id='word_1_257' title='bbox 1209 3429 1375 3483; x_wconf 85' lang='lat' dir='ltr'><strong>Nunc</strong></span> <span class='ocrx_word' id='word_1_258' title='bbox 1408 3444 1550 3499; x_wconf 89' lang='lat' dir='ltr'><strong>ergo</strong></span> <span class='ocrx_word' id='word_1_259' title='bbox 1591 3430 1665 3485; x_wconf 89' lang='lat' dir='ltr'><strong>ad</strong></span> <span class='ocrx_word' id='word_1_260' title='bbox 1696 3429 2081 3499; x_wconf 86' lang='lat' dir='ltr'><strong>Christianos,</strong></span> 
     </span>
    </p>
   </div>
   <div class='ocr_carea' id='block_1_40' title="bbox 438 3509 2085 3589">
    <p class='ocr_par' dir='ltr' id='par_1_40' title="bbox 438 3509 2085 3589">
     <span class='ocr_line' id='line_1_40' title="bbox 438 3509 2085 3589; baseline 0.006 -24"><span class='ocrx_word' id='word_1_261' title='bbox 438 3513 499 3565; x_wconf 89' lang='lat' dir='ltr'><strong>ut</strong></span> <span class='ocrx_word' id='word_1_262' title='bbox 535 3509 815 3575; x_wconf 82' lang='lat' dir='ltr'><strong>diximus,</strong></span> <span class='ocrx_word' id='word_1_263' title='bbox 850 3527 1048 3568; x_wconf 90' lang='lat' dir='ltr'><strong>sermo</strong></span> <span class='ocrx_word' id='word_1_264' title='bbox 1096 3519 1203 3571; x_wconf 90' lang='lat' dir='ltr'><strong>est.</strong></span> <span class='ocrx_word' id='word_1_265' title='bbox 1238 3515 1382 3571; x_wconf 79' lang='lat' dir='ltr'><strong>Vide</strong></span> <span class='ocrx_word' id='word_1_266' title='bbox 1412 3522 1613 3573; x_wconf 89' lang='lat' dir='ltr'><strong>autem</strong></span> <span class='ocrx_word' id='word_1_267' title='bbox 1662 3519 1963 3589; x_wconf 90' lang='lat' dir='ltr'><strong>quomodo</strong></span> <span class='ocrx_word' id='word_1_268' title='bbox 2012 3519 2085 3576; x_wconf 91' lang='lat' dir='ltr'><strong>de</strong></span> 
     </span>
    </p>
   </div>
   <div class='ocr_carea' id='block_1_41' title="bbox 441 3597 2085 3678">
    <p class='ocr_par' dir='ltr' id='par_1_41' title="bbox 441 3597 2085 3678">
     <span class='ocr_line' id='line_1_41' title="bbox 441 3597 2085 3678; baseline 0.008 -26"><span class='ocrx_word' id='word_1_269' title='bbox 441 3597 569 3653; x_wconf 86' lang='lat' dir='ltr'><strong>sola</strong></span> <span class='ocrx_word' id='word_1_270' title='bbox 585 3598 956 3656; x_wconf 86' lang='lat' dir='ltr'><strong>humanitate</strong></span> <span class='ocrx_word' id='word_1_271' title='bbox 973 3602 1095 3657; x_wconf 89' lang='lat' dir='ltr'><strong>sive</strong></span> <span class='ocrx_word' id='word_1_272' title='bbox 1114 3619 1316 3660; x_wconf 89' lang='lat' dir='ltr'><strong>amore</strong></span> <span class='ocrx_word' id='word_1_273' title='bbox 1334 3621 1474 3676; x_wconf 87' lang='lat' dir='ltr'><strong>erga</strong></span> <span class='ocrx_word' id='word_1_274' title='bbox 1490 3606 1795 3677; x_wconf 85' lang='lat' dir='ltr'><strong>proximos</strong></span> <span class='ocrx_word' id='word_1_275' title='bbox 1812 3606 2085 3678; x_wconf 87' lang='lat' dir='ltr'><strong>disserat,</strong></span> 
     </span>
    </p>
   </div>
   <div class='ocr_carea' id='block_1_42' title="bbox 440 3686 2086 3767">
    <p class='ocr_par' dir='ltr' id='par_1_42' title="bbox 440 3686 2086 3767">
     <span class='ocr_line' id='line_1_42' title="bbox 440 3686 2086 3767; baseline 0.007 -26"><span class='ocrx_word' id='word_1_276' title='bbox 440 3691 497 3742; x_wconf 90' lang='lat' dir='ltr'><strong>et</strong></span> <span class='ocrx_word' id='word_1_277' title='bbox 526 3686 601 3741; x_wconf 91' lang='lat' dir='ltr'><strong>ab</strong></span> <span class='ocrx_word' id='word_1_278' title='bbox 626 3688 739 3744; x_wconf 89' lang='lat' dir='ltr'><strong>hac</strong></span> <span class='ocrx_word' id='word_1_279' title='bbox 770 3688 897 3745; x_wconf 89' lang='lat' dir='ltr'><strong>sola</strong></span> <span class='ocrx_word' id='word_1_280' title='bbox 914 3691 1100 3761; x_wconf 89' lang='lat' dir='ltr'><strong>justos</strong></span> <span class='ocrx_word' id='word_1_281' title='bbox 1124 3691 1349 3747; x_wconf 89' lang='lat' dir='ltr'><strong>honore</strong></span> <span class='ocrx_word' id='word_1_282' title='bbox 1376 3692 1587 3764; x_wconf 87' lang='lat' dir='ltr'><strong>dignos</strong></span> <span class='ocrx_word' id='word_1_283' title='bbox 1610 3694 1854 3765; x_wconf 87' lang='lat' dir='ltr'><strong>judicet,</strong></span> <span class='ocrx_word' id='word_1_284' title='bbox 1878 3712 2086 3767; x_wconf 85' lang='lat' dir='ltr'><strong>pecca-</strong></span> 
     </span>
    </p>
   </div>
   <div class='ocr_carea' id='block_1_43' title="bbox 439 3779 2085 3856">
    <p class='ocr_par' dir='ltr' id='par_1_43' title="bbox 439 3779 2085 3856">
     <span class='ocr_line' id='line_1_43' title="bbox 439 3779 2085 3856; baseline 0.008 -27"><span class='ocrx_word' id='word_1_285' title='bbox 439 3779 596 3831; x_wconf 90' lang='lat' dir='ltr'><strong>tores</strong></span> <span class='ocrx_word' id='word_1_286' title='bbox 620 3792 759 3833; x_wconf 92' lang='lat' dir='ltr'><strong>vero</strong></span> <span class='ocrx_word' id='word_1_287' title='bbox 783 3779 1093 3850; x_wconf 87' lang='lat' dir='ltr'><strong>supplicio.</strong></span> <span class='ocrx_word' id='word_1_288' title='bbox 1115 3782 1239 3836; x_wconf 90' lang='lat' dir='ltr'><strong>Non</strong></span> <span class='ocrx_word' id='word_1_289' title='bbox 1257 3782 1420 3853; x_wconf 90' lang='lat' dir='ltr'><strong>quod</strong></span> <span class='ocrx_word' id='word_1_290' title='bbox 1446 3788 1657 3840; x_wconf 54' lang='lat' dir='ltr'><strong>caetera</strong></span> <span class='ocrx_word' id='word_1_291' title='bbox 1678 3783 1771 3839; x_wconf 90' lang='lat' dir='ltr'><strong>vel</strong></span> <span class='ocrx_word' id='word_1_292' title='bbox 1783 3785 2085 3856; x_wconf 86' lang='lat' dir='ltr'><strong>justorum</strong></span> 
     </span>
    </p>
   </div>
   <div class='ocr_carea' id='block_1_44' title="bbox 437 3864 2086 3939">
    <p class='ocr_par' dir='ltr' id='par_1_44' title="bbox 437 3864 2086 3939">
     <span class='ocr_line' id='line_1_44' title="bbox 437 3864 2086 3939; baseline 0.004 -14"><span class='ocrx_word' id='word_1_293' title='bbox 437 3864 597 3925; x_wconf 87' lang='lat' dir='ltr'><strong>bona</strong></span> <span class='ocrx_word' id='word_1_294' title='bbox 623 3881 820 3939; x_wconf 86' lang='lat' dir='ltr'><strong>opera,</strong></span> <span class='ocrx_word' id='word_1_295' title='bbox 854 3867 945 3922; x_wconf 87' lang='lat' dir='ltr'><strong>vel</strong></span> <span class='ocrx_word' id='word_1_296' title='bbox 976 3874 1355 3939; x_wconf 85' lang='lat' dir='ltr'><strong>peccatorum</strong></span> <span class='ocrx_word' id='word_1_297' title='bbox 1387 3869 1599 3928; x_wconf 90' lang='lat' dir='ltr'><strong>delicta</strong></span> <span class='ocrx_word' id='word_1_298' title='bbox 1630 3871 1754 3928; x_wconf 91' lang='lat' dir='ltr'><strong>sine</strong></span> <span class='ocrx_word' id='word_1_299' title='bbox 1785 3874 2086 3932; x_wconf 87' lang='lat' dir='ltr'><strong>examina-</strong></span> 
     </span>
    </p>
   </div>
   <div class='ocr_carea' id='block_1_45' title="bbox 438 3953 2086 4031">
    <p class='ocr_par' dir='ltr' id='par_1_45' title="bbox 438 3953 2086 4031">
     <span class='ocr_line' id='line_1_45' title="bbox 438 3953 2086 4031; baseline 0.008 -24"><span class='ocrx_word' id='word_1_300' title='bbox 438 3953 597 4008; x_wconf 91' lang='lat' dir='ltr'><strong>tione</strong></span> <span class='ocrx_word' id='word_1_301' title='bbox 639 3954 732 4010; x_wconf 91' lang='lat' dir='ltr'><strong>vel</strong></span> <span class='ocrx_word' id='word_1_302' title='bbox 766 3954 1136 4013; x_wconf 88' lang='lat' dir='ltr'><strong>discussione</strong></span> <span class='ocrx_word' id='word_1_303' title='bbox 1178 3957 1569 4031; x_wconf 90' lang='lat' dir='ltr'><strong>relinquenda</strong></span> <span class='ocrx_word' id='word_1_304' title='bbox 1618 3960 1762 4017; x_wconf 89' lang='lat' dir='ltr'><strong>sint:</strong></span> <span class='ocrx_word' id='word_1_305' title='bbox 1813 3964 2086 4021; x_wconf 90' lang='lat' dir='ltr'><strong>omnium</strong></span> 
     </span>
    </p>
   </div>
   <div class='ocr_carea' id='block_1_46' title="bbox 441 4041 2087 4121">
    <p class='ocr_par' dir='ltr' id='par_1_46' title="bbox 441 4041 2087 4121">
     <span class='ocr_line' id='line_1_46' title="bbox 441 4041 2087 4121; baseline 0.009 -26"><span class='ocrx_word' id='word_1_306' title='bbox 441 4041 737 4113; x_wconf 87' lang='lat' dir='ltr'><strong>siquidem</strong></span> <span class='ocrx_word' id='word_1_307' title='bbox 777 4049 991 4101; x_wconf 91' lang='lat' dir='ltr'><strong>cuncta</strong></span> <span class='ocrx_word' id='word_1_308' title='bbox 1028 4046 1284 4118; x_wconf 89' lang='lat' dir='ltr'><strong>inquiret</strong></span> <span class='ocrx_word' id='word_1_309' title='bbox 1336 4052 1393 4103; x_wconf 91' lang='lat' dir='ltr'><strong>et</strong></span> <span class='ocrx_word' id='word_1_310' title='bbox 1430 4064 1633 4121; x_wconf 89' lang='lat' dir='ltr'><strong>opera,</strong></span> <span class='ocrx_word' id='word_1_311' title='bbox 1674 4056 1730 4107; x_wconf 93' lang='lat' dir='ltr'><strong>et</strong></span> <span class='ocrx_word' id='word_1_312' title='bbox 1781 4052 1980 4116; x_wconf 88' lang='lat' dir='ltr'><strong>verba,</strong></span> <span class='ocrx_word' id='word_1_313' title='bbox 2032 4056 2087 4110; x_wconf 89' lang='lat' dir='ltr'><strong>et</strong></span> 
     </span>
    </p>
   </div>
   <div class='ocr_carea' id='block_1_47' title="bbox 441 4128 2087 4210">
    <p class='ocr_par' dir='ltr' id='par_1_47' title="bbox 441 4128 2087 4210">
     <span class='ocr_line' id='line_1_47' title="bbox 441 4128 2087 4210; baseline 0.008 -25"><span class='ocrx_word' id='word_1_314' title='bbox 441 4128 850 4199; x_wconf 89' lang='lat' dir='ltr'><strong>cogitationes,</strong></span> <span class='ocrx_word' id='word_1_315' title='bbox 895 4137 960 4188; x_wconf 87' lang='lat' dir='ltr'><strong>ut</strong></span> <span class='ocrx_word' id='word_1_316' title='bbox 992 4134 1243 4206; x_wconf 90' lang='lat' dir='ltr'><strong>ipsemet</strong></span> <span class='ocrx_word' id='word_1_317' title='bbox 1289 4135 1619 4210; x_wconf 82' lang='lat' dir='ltr'><strong>frequenter</strong></span> <span class='ocrx_word' id='word_1_318' title='bbox 1668 4155 1778 4195; x_wconf 90' lang='lat' dir='ltr'><strong>sua</strong></span> <span class='ocrx_word' id='word_1_319' title='bbox 1817 4139 2087 4198; x_wconf 85' lang='lat' dir='ltr'><strong>doctrina</strong></span> 
     </span>
    </p>
   </div>
   <div class='ocr_carea' id='block_1_48' title="bbox 442 4216 2085 4300">
    <p class='ocr_par' dir='ltr' id='par_1_48' title="bbox 442 4216 2085 4300">
     <span class='ocr_line' id='line_1_48' title="bbox 442 4216 2085 4300; baseline 0.009 -29"><span class='ocrx_word' id='word_1_320' title='bbox 442 4216 861 4285; x_wconf 84' lang='lat' dir='ltr'><strong>manifestavit,</strong></span> <span class='ocrx_word' id='word_1_321' title='bbox 903 4226 960 4277; x_wconf 91' lang='lat' dir='ltr'><strong>et</strong></span> <span class='ocrx_word' id='word_1_322' title='bbox 1000 4238 1036 4278; x_wconf 91' lang='lat' dir='ltr'><strong>a</strong></span> <span class='ocrx_word' id='word_1_323' title='bbox 1071 4224 1269 4280; x_wconf 90' lang='lat' dir='ltr'><strong>multis</strong></span> <span class='ocrx_word' id='word_1_324' title='bbox 1312 4225 1529 4281; x_wconf 63' lang='lat' dir='ltr'><strong>divinas</strong></span> <span class='ocrx_word' id='word_1_325' title='bbox 1583 4227 1893 4300; x_wconf 72' lang='lat' dir='ltr'><strong>Scriptum</strong></span> <span class='ocrx_word' id='word_1_326' title='bbox 1939 4229 2085 4287; x_wconf 89' lang='lat' dir='ltr'><strong>locis</strong></span> 
     </span>
    </p>
   </div>
   <div class='ocr_carea' id='block_1_49' title="bbox 443 4304 2087 4389">
    <p class='ocr_par' dir='ltr' id='par_1_49' title="bbox 443 4304 2087 4389">
     <span class='ocr_line' id='line_1_49' title="bbox 443 4304 2087 4389; baseline 0.007 -27"><span class='ocrx_word' id='word_1_327' title='bbox 443 4304 746 4373; x_wconf 88' lang='lat' dir='ltr'><strong>discimus,</strong></span> <span class='ocrx_word' id='word_1_328' title='bbox 771 4312 827 4363; x_wconf 90' lang='lat' dir='ltr'><strong>et</strong></span> <span class='ocrx_word' id='word_1_329' title='bbox 846 4307 1020 4364; x_wconf 90' lang='lat' dir='ltr'><strong>bonis</strong></span> <span class='ocrx_word' id='word_1_330' title='bbox 1042 4311 1285 4382; x_wconf 91' lang='lat' dir='ltr'><strong>quidem</strong></span> <span class='ocrx_word' id='word_1_331' title='bbox 1318 4313 1594 4384; x_wconf 90' lang='lat' dir='ltr'><strong>operibus</strong></span> <span class='ocrx_word' id='word_1_332' title='bbox 1616 4317 1863 4383; x_wconf 66' lang='lat' dir='ltr'><strong>praemia</strong></span> <span class='ocrx_word' id='word_1_333' title='bbox 1882 4333 2087 4389; x_wconf 90' lang='lat' dir='ltr'><strong>repen-</strong></span> 
     </span>
    </p>
   </div>
   <div class='ocr_carea' id='block_1_50' title="bbox 2110 1721 2162 1781">
    <p class='ocr_par' dir='ltr' id='par_1_50' title="bbox 2110 1721 2162 1781">
     <span class='ocr_line' id='line_1_50' title="bbox 2110 1721 2162 1781; baseline 0 0"><span class='ocrx_word' id='word_1_334' title='bbox 2110 1721 2162 1781; x_wconf 94' lang='lat' dir='ltr'><strong>B</strong></span> 
     </span>
    </p>
   </div>
   <div class='ocr_carea' id='block_1_51' title="bbox 2198 476 3781 551">
    <p class='ocr_par' dir='ltr' id='par_1_51' title="bbox 2198 476 3781 551">
     <span class='ocr_line' id='line_1_51' title="bbox 2198 476 3781 551; baseline -0.001 -21"><span class='ocrx_word' id='word_1_335' title='bbox 2198 488 2415 532; x_wconf 84' lang='grc' dir='ltr'><strong>στιανῶν</strong></span> <span class='ocrx_word' id='word_1_336' title='bbox 2466 476 2525 532; x_wconf 69' lang='grc' dir='ltr'><strong>δὲ</strong></span> <span class='ocrx_word' id='word_1_337' title='bbox 2576 486 2743 551; x_wconf 87' lang='grc' dir='ltr'><strong>μόνων</strong></span> <span class='ocrx_word' id='word_1_338' title='bbox 2798 482 2823 532; x_wconf 88' lang='grc' dir='ltr'><strong>ό</strong></span> <span class='ocrx_word' id='word_1_339' title='bbox 2871 480 3020 551; x_wconf 87' lang='grc' dir='ltr'><strong>λόγος</strong></span> <span class='ocrx_word' id='word_1_340' title='bbox 3092 479 3328 548; x_wconf 75' lang='grc' dir='ltr'><strong>ἐνταῦθα,</strong></span> <span class='ocrx_word' id='word_1_341' title='bbox 3395 482 3463 540; x_wconf 80' lang='grc' dir='ltr'><strong>ὡς</strong></span> <span class='ocrx_word' id='word_1_342' title='bbox 3517 482 3781 551; x_wconf 74' lang='grc' dir='ltr'><strong>κατωτέρω</strong></span> 
     </span>
    </p>
   </div>
   <div class='ocr_carea' id='block_1_52' title="bbox 2197 564 2580 625">
    <p class='ocr_par' dir='ltr' id='par_1_52' title="bbox 2197 564 2580 625">
     <span class='ocr_line' id='line_1_52' title="bbox 2197 564 2580 625; baseline 0.003 -6"><span class='ocrx_word' id='word_1_343' title='bbox 2197 564 2580 625; x_wconf 85' lang='grc' dir='ltr'><strong>δηλωθήσεται.</strong></span> 
     </span>
    </p>
   </div>
   <div class='ocr_carea' id='block_1_53' title="bbox 2269 671 3781 750">
    <p class='ocr_par' dir='ltr' id='par_1_53' title="bbox 2269 671 3781 750">
     <span class='ocr_line' id='line_1_53' title="bbox 2269 671 3781 750; baseline -0.001 -23"><span class='ocrx_word' id='word_1_344' title='bbox 2269 679 2368 727; x_wconf 80' lang='grc' dir='ltr'><strong>Καὶ</strong></span> <span class='ocrx_word' id='word_1_345' title='bbox 2409 704 2480 714; x_wconf 93' lang='grc'><strong>-</strong></span> <span class='ocrx_word' id='word_1_346' title='bbox 2532 674 2820 748; x_wconf 75' lang='grc' dir='ltr'><strong>εὐωνύμων.</strong></span> <span class='ocrx_word' id='word_1_347' title='bbox 2878 674 3164 748; x_wconf 76' lang='grc' dir='ltr'><strong>Προϐάτοις</strong></span> <span class='ocrx_word' id='word_1_348' title='bbox 3308 677 3359 727; x_wconf 86' lang='grc' dir='ltr'><strong>οἱ</strong></span> <span class='ocrx_word' id='word_1_349' title='bbox 3414 671 3618 727; x_wconf 77' lang='grc' dir='ltr'><strong>δίκαιοι</strong></span> <span class='ocrx_word' id='word_1_350' title='bbox 3654 694 3781 750; x_wconf 82' lang='grc' dir='ltr'><strong>παρ-</strong></span> 
     </span>
    </p>
   </div>
   <div class='ocr_carea' id='block_1_54' title="bbox 2196 760 3783 838">
    <p class='ocr_par' dir='ltr' id='par_1_54' title="bbox 2196 760 3783 838">
     <span class='ocr_line' id='line_1_54' title="bbox 2196 760 3783 838; baseline 0.001 -24"><span class='ocrx_word' id='word_1_351' title='bbox 2196 762 2490 822; x_wconf 81' lang='grc' dir='ltr'><strong>εικαζονται</strong></span> <span class='ocrx_word' id='word_1_352' title='bbox 2544 760 2637 815; x_wconf 81' lang='grc' dir='ltr'><strong>διά</strong></span> <span class='ocrx_word' id='word_1_353' title='bbox 2686 767 2745 815; x_wconf 85' lang='grc' dir='ltr'><strong>τὸ</strong></span> <span class='ocrx_word' id='word_1_354' title='bbox 2801 771 2964 838; x_wconf 80' lang='grc' dir='ltr'><strong>πρᾶον</strong></span> <span class='ocrx_word' id='word_1_355' title='bbox 3029 770 3119 817; x_wconf 85' lang='grc' dir='ltr'><strong>καὶ</strong></span> <span class='ocrx_word' id='word_1_356' title='bbox 3177 768 3419 817; x_wconf 75' lang='grc' dir='ltr'><strong>εὔτακτον</strong></span> <span class='ocrx_word' id='word_1_357' title='bbox 3467 770 3559 815; x_wconf 73' lang='grc' dir='ltr'><strong>καὶ</strong></span> <span class='ocrx_word' id='word_1_358' title='bbox 3603 784 3783 837; x_wconf 74' lang='grc' dir='ltr'><strong>καρπο-</strong></span> 
     </span>
    </p>
   </div>
   <div class='ocr_carea' id='block_1_55' title="bbox 2196 851 3778 927">
    <p class='ocr_par' dir='ltr' id='par_1_55' title="bbox 2196 851 3778 927">
     <span class='ocr_line' id='line_1_55' title="bbox 2196 851 3778 927; baseline 0.001 -25"><span class='ocrx_word' id='word_1_359' title='bbox 2196 856 2346 923; x_wconf 74' lang='grc' dir='ltr'><strong>φόρον</strong></span> <span class='ocrx_word' id='word_1_360' title='bbox 2404 855 2451 903; x_wconf 76' lang='grc' dir='ltr'><strong>εν</strong></span> <span class='ocrx_word' id='word_1_361' title='bbox 2509 851 2731 927; x_wconf 77' lang='grc' dir='ltr'><strong>ἀρεταῖς,</strong></span> <span class='ocrx_word' id='word_1_362' title='bbox 2788 856 2853 914; x_wconf 83' lang='grc' dir='ltr'><strong>ὡς</strong></span> <span class='ocrx_word' id='word_1_363' title='bbox 2908 852 3073 906; x_wconf 81' lang='grc' dir='ltr'><strong>ἐκεῖνα</strong></span> <span class='ocrx_word' id='word_1_364' title='bbox 3122 853 3170 905; x_wconf 80' lang='grc' dir='ltr'><strong>ἐν</strong></span> <span class='ocrx_word' id='word_1_365' title='bbox 3220 853 3443 923; x_wconf 81' lang='grc' dir='ltr'><strong>γάλακτι</strong></span> <span class='ocrx_word' id='word_1_366' title='bbox 3492 857 3584 904; x_wconf 79' lang='grc' dir='ltr'><strong>καὶ</strong></span> <span class='ocrx_word' id='word_1_367' title='bbox 3634 851 3778 924; x_wconf 77' lang='grc' dir='ltr'><strong>ἐρίῳ’</strong></span> 
     </span>
    </p>
   </div>
   <div class='ocr_carea' id='block_1_56' title="bbox 2195 937 3780 1016">
    <p class='ocr_par' dir='ltr' id='par_1_56' title="bbox 2195 937 3780 1016">
     <span class='ocr_line' id='line_1_56' title="bbox 2195 937 3780 1016; baseline 0.001 -26"><span class='ocrx_word' id='word_1_368' title='bbox 2195 938 2387 1013; x_wconf 80' lang='grc' dir='ltr'><strong>ἐρίφοις</strong></span> <span class='ocrx_word' id='word_1_369' title='bbox 2436 937 2494 993; x_wconf 74' lang='grc' dir='ltr'><strong>δὲ</strong></span> <span class='ocrx_word' id='word_1_370' title='bbox 2528 944 2576 993; x_wconf 82' lang='grc' dir='ltr'><strong>οἱ</strong></span> <span class='ocrx_word' id='word_1_371' title='bbox 2622 942 2917 1016; x_wconf 80' lang='grc' dir='ltr'><strong>ἁμαρτωλοὶ</strong></span> <span class='ocrx_word' id='word_1_372' title='bbox 2958 939 3049 994; x_wconf 76' lang='grc' dir='ltr'><strong>διὰ</strong></span> <span class='ocrx_word' id='word_1_373' title='bbox 3095 946 3153 993; x_wconf 89' lang='grc' dir='ltr'><strong>τὸ</strong></span> <span class='ocrx_word' id='word_1_374' title='bbox 3197 944 3377 1015; x_wconf 81' lang='grc' dir='ltr'><strong>ἄγριον</strong></span> <span class='ocrx_word' id='word_1_375' title='bbox 3428 946 3519 993; x_wconf 84' lang='grc' dir='ltr'><strong>καὶ</strong></span> <span class='ocrx_word' id='word_1_376' title='bbox 3570 944 3780 993; x_wconf 63' lang='grc' dir='ltr'><strong>ἄτακτοι.»</strong></span> 
     </span>
    </p>
   </div>
   <div class='ocr_carea' id='block_1_57' title="bbox 2194 1027 3781 1101">
    <p class='ocr_par' dir='ltr' id='par_1_57' title="bbox 2194 1027 3781 1101">
     <span class='ocr_line' id='line_1_57' title="bbox 2194 1027 3781 1101; baseline 0.001 -21"><span class='ocrx_word' id='word_1_377' title='bbox 2194 1034 2284 1080; x_wconf 80' lang='grc' dir='ltr'><strong>καὶ</strong></span> <span class='ocrx_word' id='word_1_378' title='bbox 2326 1032 2575 1101; x_wconf 77' lang='grc' dir='ltr'><strong>ἄκαρπον.</strong></span> <span class='ocrx_word' id='word_1_379' title='bbox 2632 1034 2812 1092; x_wconf 82' lang='grc' dir='ltr'><strong>Εἶποις</strong></span> <span class='ocrx_word' id='word_1_380' title='bbox 2840 1027 2893 1083; x_wconf 73' lang='grc' dir='ltr'><strong>δ’</strong></span> <span class='ocrx_word' id='word_1_381' title='bbox 2923 1030 3004 1098; x_wconf 82' lang='grc' dir='ltr'><strong>ἂν,</strong></span> <span class='ocrx_word' id='word_1_382' title='bbox 3046 1028 3263 1083; x_wconf 87' lang='grc' dir='ltr'><strong>καὶδιά</strong></span> <span class='ocrx_word' id='word_1_383' title='bbox 3308 1034 3366 1083; x_wconf 85' lang='grc' dir='ltr'><strong>τὸ</strong></span> <span class='ocrx_word' id='word_1_384' title='bbox 3419 1027 3667 1089; x_wconf 78' lang='grc' dir='ltr'><strong>δυσῶδες</strong></span> <span class='ocrx_word' id='word_1_385' title='bbox 3701 1040 3781 1090; x_wconf 63' lang='grc' dir='ltr'><strong>τῆς</strong></span> 
     </span>
    </p>
   </div>
   <div class='ocr_carea' id='block_1_58' title="bbox 2195 1116 3778 1194">
    <p class='ocr_par' dir='ltr' id='par_1_58' title="bbox 2195 1116 3778 1194">
     <span class='ocr_line' id='line_1_58' title="bbox 2195 1116 3778 1194; baseline 0.001 -25"><span class='ocrx_word' id='word_1_386' title='bbox 2195 1118 2467 1193; x_wconf 77' lang='grc' dir='ltr'><strong>ἁμαρτίας,</strong></span> <span class='ocrx_word' id='word_1_387' title='bbox 2522 1124 2610 1172; x_wconf 78' lang='grc' dir='ltr'><strong>καὶ</strong></span> <span class='ocrx_word' id='word_1_388' title='bbox 2658 1116 2751 1172; x_wconf 81' lang='grc' dir='ltr'><strong>διὰ</strong></span> <span class='ocrx_word' id='word_1_389' title='bbox 2797 1123 2853 1171; x_wconf 87' lang='grc' dir='ltr'><strong>τὸ</strong></span> <span class='ocrx_word' id='word_1_390' title='bbox 2907 1124 2978 1191; x_wconf 77' lang='grc' dir='ltr'><strong>μή</strong></span> <span class='ocrx_word' id='word_1_391' title='bbox 3033 1120 3350 1194; x_wconf 71' lang='grc' dir='ltr'><strong>εὐθυπορεῖν,</strong></span> <span class='ocrx_word' id='word_1_392' title='bbox 3403 1118 3534 1171; x_wconf 80' lang='grc' dir='ltr'><strong>ἀλλὰ</strong></span> <span class='ocrx_word' id='word_1_393' title='bbox 3594 1138 3778 1190; x_wconf 82' lang='grc' dir='ltr'><strong>παρεγ-</strong></span> 
     </span>
    </p>
   </div>
   <div class='ocr_carea' id='block_1_59' title="bbox 2194 1206 3779 1283">
    <p class='ocr_par' dir='ltr' id='par_1_59' title="bbox 2194 1206 3779 1283">
     <span class='ocr_line' id='line_1_59' title="bbox 2194 1206 3779 1283; baseline -0.001 -23"><span class='ocrx_word' id='word_1_394' title='bbox 2194 1208 2399 1273; x_wconf 82' lang='grc' dir='ltr'><strong>κλίνειν,</strong></span> <span class='ocrx_word' id='word_1_395' title='bbox 2453 1212 2542 1260; x_wconf 79' lang='grc' dir='ltr'><strong>καὶ</strong></span> <span class='ocrx_word' id='word_1_396' title='bbox 2588 1206 2682 1260; x_wconf 83' lang='grc' dir='ltr'><strong>διὰ</strong></span> <span class='ocrx_word' id='word_1_397' title='bbox 2724 1211 2780 1260; x_wconf 87' lang='grc' dir='ltr'><strong>τὸ</strong></span> <span class='ocrx_word' id='word_1_398' title='bbox 2839 1208 3232 1283; x_wconf 82' lang='grc' dir='ltr'><strong>κρημνοϐατεῖν.</strong></span> <span class='ocrx_word' id='word_1_399' title='bbox 3287 1207 3420 1261; x_wconf 82' lang='grc' dir='ltr'><strong>⁹Δ)λ’</strong></span> <span class='ocrx_word' id='word_1_400' title='bbox 3469 1210 3639 1260; x_wconf 75' lang='grc' dir='ltr'><strong>ἐκεῖνα</strong></span> 
     </span>
    </p>
   </div>
   <div class='ocr_carea' id='block_1_60' title="bbox 2194 1294 3779 1369">
    <p class='ocr_par' dir='ltr' id='par_1_60' title="bbox 2194 1294 3779 1369">
     <span class='ocr_line' id='line_1_60' title="bbox 2194 1294 3779 1369; baseline -0.001 -21"><span class='ocrx_word' id='word_1_401' title='bbox 2194 1296 2249 1348; x_wconf 76' lang='grc' dir='ltr'><strong>ἔκ</strong></span> <span class='ocrx_word' id='word_1_402' title='bbox 2285 1299 2484 1369; x_wconf 73' lang='grc' dir='ltr'><strong>φύσεως</strong></span> <span class='ocrx_word' id='word_1_403' title='bbox 2529 1300 2765 1369; x_wconf 74' lang='grc' dir='ltr'><strong>ἔχουσιν,</strong></span> <span class='ocrx_word' id='word_1_404' title='bbox 2806 1297 2841 1349; x_wconf 85' lang='grc' dir='ltr'><em>ἃ</em></span> <span class='ocrx_word' id='word_1_405' title='bbox 2878 1300 3127 1369; x_wconf 75' lang='grc' dir='ltr'><strong>ἔχουσιν*</strong></span> <span class='ocrx_word' id='word_1_406' title='bbox 3162 1300 3211 1349; x_wconf 83' lang='grc' dir='ltr'><strong>οἱ</strong></span> <span class='ocrx_word' id='word_1_407' title='bbox 3262 1295 3321 1350; x_wconf 75' lang='grc' dir='ltr'><strong>δε</strong></span> <span class='ocrx_word' id='word_1_408' title='bbox 3372 1294 3575 1349; x_wconf 79' lang='grc' dir='ltr'><strong>δίκαιοι</strong></span> <span class='ocrx_word' id='word_1_409' title='bbox 3617 1302 3708 1348; x_wconf 85' lang='grc' dir='ltr'><strong>καὶ</strong></span> <span class='ocrx_word' id='word_1_410' title='bbox 3742 1298 3779 1347; x_wconf 83' lang='grc' dir='ltr'><strong>οἱ</strong></span> 
     </span>
    </p>
   </div>
   <div class='ocr_carea' id='block_1_61' title="bbox 2194 1384 3778 1461">
    <p class='ocr_par' dir='ltr' id='par_1_61' title="bbox 2194 1384 3778 1461">
     <span class='ocr_line' id='line_1_61' title="bbox 2194 1384 3778 1461; baseline -0.001 -24"><span class='ocrx_word' id='word_1_411' title='bbox 2194 1386 2489 1460; x_wconf 85' lang='grc' dir='ltr'><strong>ἁμαρτωλοὶ</strong></span> <span class='ocrx_word' id='word_1_412' title='bbox 2521 1384 2575 1438; x_wconf 70' lang='grc' dir='ltr'><strong>ἐκ</strong></span> <span class='ocrx_word' id='word_1_413' title='bbox 2603 1391 2968 1461; x_wconf 76' lang='grc' dir='ltr'><strong>προαιρέσεως.</strong></span> <span class='ocrx_word' id='word_1_414' title='bbox 3011 1390 3097 1440; x_wconf 86' lang='grc' dir='ltr'><strong>Διό</strong></span> <span class='ocrx_word' id='word_1_415' title='bbox 3140 1391 3228 1439; x_wconf 82' lang='grc' dir='ltr'><strong>καὶ</strong></span> <span class='ocrx_word' id='word_1_416' title='bbox 3279 1388 3328 1438; x_wconf 90' lang='grc' dir='ltr'><strong>οἱ</strong></span> <span class='ocrx_word' id='word_1_417' title='bbox 3374 1389 3465 1458; x_wconf 75' lang='grc' dir='ltr'><strong>μεν</strong></span> <span class='ocrx_word' id='word_1_418' title='bbox 3517 1393 3778 1456; x_wconf 78' lang='grc' dir='ltr'><strong>τιμῶνται,</strong></span> 
     </span>
    </p>
   </div>
   <div class='ocr_carea' id='block_1_62' title="bbox 2194 1470 3781 1549">
    <p class='ocr_par' dir='ltr' id='par_1_62' title="bbox 2194 1470 3781 1549">
     <span class='ocr_line' id='line_1_62' title="bbox 2194 1470 3781 1549; baseline 0 -24"><span class='ocrx_word' id='word_1_419' title='bbox 2194 1476 2241 1525; x_wconf 79' lang='grc' dir='ltr'><strong>οἱ</strong></span> <span class='ocrx_word' id='word_1_420' title='bbox 2297 1471 2356 1526; x_wconf 67' lang='grc' dir='ltr'><strong>δὲ</strong></span> <span class='ocrx_word' id='word_1_421' title='bbox 2401 1482 2767 1546; x_wconf 79' lang='grc' dir='ltr'><strong>τιμωροῦνται.</strong></span> <span class='ocrx_word' id='word_1_422' title='bbox 2820 1482 3015 1549; x_wconf 86' lang='grc' dir='ltr'><strong>Διαιρεῖ</strong></span> <span class='ocrx_word' id='word_1_423' title='bbox 3066 1472 3124 1529; x_wconf 79' lang='grc' dir='ltr'><strong>δέ</strong></span> <span class='ocrx_word' id='word_1_424' title='bbox 3173 1474 3381 1540; x_wconf 82' lang='grc' dir='ltr'><strong>αὐτούς,</strong></span> <span class='ocrx_word' id='word_1_425' title='bbox 3436 1474 3493 1525; x_wconf 88' lang='grc' dir='ltr'><strong>οὐ</strong></span> <span class='ocrx_word' id='word_1_426' title='bbox 3550 1470 3781 1545; x_wconf 71' lang='grc' dir='ltr'><strong>δεόμενος</strong></span> 
     </span>
    </p>
   </div>
   <div class='ocr_carea' id='block_1_63' title="bbox 2191 1563 3777 1639">
    <p class='ocr_par' dir='ltr' id='par_1_63' title="bbox 2191 1563 3777 1639">
     <span class='ocr_line' id='line_1_63' title="bbox 2191 1563 3777 1639; baseline 0 -25"><span class='ocrx_word' id='word_1_427' title='bbox 2191 1566 2487 1637; x_wconf 88' lang='grc' dir='ltr'><strong>μαρτύρων,</strong></span> <span class='ocrx_word' id='word_1_428' title='bbox 2540 1563 2644 1615; x_wconf 82' lang='grc' dir='ltr'><strong>ἀλλ’</strong></span> <span class='ocrx_word' id='word_1_429' title='bbox 2698 1564 2856 1627; x_wconf 87' lang='grc' dir='ltr'><strong>αὐτὸς</strong></span> <span class='ocrx_word' id='word_1_430' title='bbox 2909 1570 3000 1618; x_wconf 82' lang='grc' dir='ltr'><strong>καὶ</strong></span> <span class='ocrx_word' id='word_1_431' title='bbox 3060 1566 3262 1639; x_wconf 88' lang='grc' dir='ltr'><strong>μάρτυς</strong></span> <span class='ocrx_word' id='word_1_432' title='bbox 3312 1564 3378 1615; x_wconf 82' lang='grc' dir='ltr'><strong>ὢν</strong></span> <span class='ocrx_word' id='word_1_433' title='bbox 3432 1567 3523 1615; x_wconf 81' lang='grc' dir='ltr'><strong>καὶ</strong></span> <span class='ocrx_word' id='word_1_434' title='bbox 3588 1567 3777 1638; x_wconf 69' lang='grc' dir='ltr'><strong>κριτής.</strong></span> 
     </span>
    </p>
   </div>
   <div class='ocr_carea' id='block_1_64' title="bbox 2260 1827 3776 1901">
    <p class='ocr_par' dir='ltr' id='par_1_64' title="bbox 2260 1827 3776 1901">
     <span class='ocr_line' id='line_1_64' title="bbox 2260 1827 3776 1901; baseline -0.004 -17"><span class='ocrx_word' id='word_1_435' title='bbox 2260 1835 2387 1884; x_wconf 84' lang='grc' dir='ltr'><strong>Τότε</strong></span> <span class='ocrx_word' id='word_1_436' title='bbox 2426 1860 2495 1871; x_wconf 89' lang='grc'><strong>-</strong></span> <span class='ocrx_word' id='word_1_437' title='bbox 2532 1833 2755 1901; x_wconf 86' lang='grc' dir='ltr'><strong>κόσμου,</strong></span> <span class='ocrx_word' id='word_1_438' title='bbox 2796 1828 2868 1882; x_wconf 77' lang='grc' dir='ltr'><strong>Ὠ</strong></span> <span class='ocrx_word' id='word_1_439' title='bbox 2916 1837 3081 1901; x_wconf 76' lang='grc' dir='ltr'><strong>φωνῆς</strong></span> <span class='ocrx_word' id='word_1_440' title='bbox 3124 1827 3360 1888; x_wconf 79' lang='grc' dir='ltr'><strong>εὐκταίας</strong></span> <span class='ocrx_word' id='word_1_441' title='bbox 3385 1828 3398 1883; x_wconf 85' lang='grc' dir='ltr'><strong>ι</strong></span> <span class='ocrx_word' id='word_1_442' title='bbox 3427 1828 3466 1879; x_wconf 81' lang='grc' dir='ltr'><strong><em>ὦ</em></strong></span> <span class='ocrx_word' id='word_1_443' title='bbox 3515 1836 3675 1899; x_wconf 76' lang='grc' dir='ltr'><strong>τιμξς</strong></span> 
     </span>
    </p>
   </div>
   <div class='ocr_carea' id='block_1_65' title="bbox 2190 1918 3771 1995">
    <p class='ocr_par' dir='ltr' id='par_1_65' title="bbox 2190 1918 3771 1995">
     <span class='ocr_line' id='line_1_65' title="bbox 2190 1918 3771 1995; baseline -0.003 -23"><span class='ocrx_word' id='word_1_444' title='bbox 2190 1920 2397 1995; x_wconf 70' lang='grc' dir='ltr'><strong>ῥήτουὶ</strong></span> <span class='ocrx_word' id='word_1_445' title='bbox 2460 1920 2525 1971; x_wconf 81' lang='grc' dir='ltr'><strong>Οἱ</strong></span> <span class='ocrx_word' id='word_1_446' title='bbox 2594 1918 2943 1990; x_wconf 72' lang='grc' dir='ltr'><strong>εὐλογημένοι,</strong></span> <span class='ocrx_word' id='word_1_447' title='bbox 3020 1921 3167 1989; x_wconf 73' lang='grc' dir='ltr'><strong>φησὶ,</strong></span> <span class='ocrx_word' id='word_1_448' title='bbox 3245 1926 3335 1969; x_wconf 82' lang='grc' dir='ltr'><strong>τοῦ</strong></span> <span class='ocrx_word' id='word_1_449' title='bbox 3404 1922 3606 1988; x_wconf 77' lang='grc' dir='ltr'><strong>Πατρός</strong></span> <span class='ocrx_word' id='word_1_450' title='bbox 3668 1936 3771 1987; x_wconf 75' lang='grc' dir='ltr'><strong>μου,</strong></span> 
     </span>
    </p>
   </div>
   <div class='ocr_carea' id='block_1_66' title="bbox 2192 2002 3773 2073">
    <p class='ocr_par' dir='ltr' id='par_1_66' title="bbox 2192 2002 3773 2073">
     <span class='ocr_line' id='line_1_66' title="bbox 2192 2002 3773 2073; baseline -0.003 -12"><span class='ocrx_word' id='word_1_451' title='bbox 2192 2012 2241 2061; x_wconf 86' lang='grc' dir='ltr'><strong>οἱ</strong></span> <span class='ocrx_word' id='word_1_452' title='bbox 2268 2009 2541 2072; x_wconf 77' lang='grc' dir='ltr'><strong>ἐπαινετοὶ,</strong></span> <span class='ocrx_word' id='word_1_453' title='bbox 2574 2010 2623 2060; x_wconf 85' lang='grc' dir='ltr'><strong>οἱ</strong></span> <span class='ocrx_word' id='word_1_454' title='bbox 2650 2007 2894 2061; x_wconf 71' lang='grc' dir='ltr'><strong>ἐκλεκτοί.</strong></span> <span class='ocrx_word' id='word_1_455' title='bbox 2930 2006 3041 2059; x_wconf 86' lang='grc' dir='ltr'><strong>Οὐκ</strong></span> <span class='ocrx_word' id='word_1_456' title='bbox 3071 2004 3177 2060; x_wconf 79' lang='grc' dir='ltr'><strong>εἶπε</strong></span> <span class='ocrx_word' id='word_1_457' title='bbox 3231 2002 3310 2071; x_wconf 64' lang='grc' dir='ltr'><strong>δι,</strong></span> <span class='ocrx_word' id='word_1_458' title='bbox 3370 2005 3591 2073; x_wconf 82' lang='grc' dir='ltr'><strong>Λάϐετε,</strong></span> <span class='ocrx_word' id='word_1_459' title='bbox 3642 2005 3773 2066; x_wconf 63' lang='grc' dir='ltr'><strong>ἀλλὰ,</strong></span> 
     </span>
    </p>
   </div>
   <div class='ocr_carea' id='block_1_67' title="bbox 2195 2094 3777 2169">
    <p class='ocr_par' dir='ltr' id='par_1_67' title="bbox 2195 2094 3777 2169">
     <span class='ocr_line' id='line_1_67' title="bbox 2195 2094 3777 2169; baseline -0.006 -17"><span class='ocrx_word' id='word_1_460' title='bbox 2195 2098 2649 2169; x_wconf 73' lang='grc' dir='ltr'><strong>κληρονομήσατε,</strong></span> <span class='ocrx_word' id='word_1_461' title='bbox 2709 2099 2773 2157; x_wconf 82' lang='grc' dir='ltr'><strong>ὡς</strong></span> <span class='ocrx_word' id='word_1_462' title='bbox 2836 2101 3098 2169; x_wconf 81' lang='grc' dir='ltr'><strong>πατρῴαν,</strong></span> <span class='ocrx_word' id='word_1_463' title='bbox 3170 2097 3241 2155; x_wconf 85' lang='grc' dir='ltr'><strong>ὡς</strong></span> <span class='ocrx_word' id='word_1_464' title='bbox 3316 2094 3662 2166; x_wconf 68' lang='grc' dir='ltr'><strong>ὀφειλομένην,</strong></span> <span class='ocrx_word' id='word_1_465' title='bbox 3720 2096 3777 2153; x_wconf 79' lang='grc' dir='ltr'><strong>ὡς</strong></span> 
     </span>
    </p>
   </div>
   <div class='ocr_carea' id='block_1_68' title="bbox 2196 2184 3772 2259">
    <p class='ocr_par' dir='ltr' id='par_1_68' title="bbox 2196 2184 3772 2259">
     <span class='ocr_line' id='line_1_68' title="bbox 2196 2184 3772 2259; baseline -0.004 -20"><span class='ocrx_word' id='word_1_466' title='bbox 2196 2187 2591 2259; x_wconf 76' lang='grc' dir='ltr'><strong>ἐτοιμασθεῖσαν</strong></span> <span class='ocrx_word' id='word_1_467' title='bbox 2648 2187 2769 2259; x_wconf 86' lang='grc' dir='ltr'><strong>ύμῖν</strong></span> <span class='ocrx_word' id='word_1_468' title='bbox 2844 2184 2943 2236; x_wconf 83' lang='grc' dir='ltr'><strong>ἀπὸ</strong></span> <span class='ocrx_word' id='word_1_469' title='bbox 3006 2186 3313 2245; x_wconf 82' lang='grc' dir='ltr'><strong>συστάσεως</strong></span> <span class='ocrx_word' id='word_1_470' title='bbox 3368 2187 3597 2255; x_wconf 82' lang='grc' dir='ltr'><strong>κόσμου.</strong></span> <span class='ocrx_word' id='word_1_471' title='bbox 3684 2186 3772 2253; x_wconf 76' lang='grc' dir='ltr'><strong>Πρὸ</strong></span> 
     </span>
    </p>
   </div>
   <div class='ocr_carea' id='block_1_69' title="bbox 2196 2272 3774 2347">
    <p class='ocr_par' dir='ltr' id='par_1_69' title="bbox 2196 2272 3774 2347">
     <span class='ocr_line' id='line_1_69' title="bbox 2196 2272 3774 2347; baseline -0.004 -19"><span class='ocrx_word' id='word_1_472' title='bbox 2196 2284 2286 2328; x_wconf 84' lang='grc' dir='ltr'><strong>τοῦ</strong></span> <span class='ocrx_word' id='word_1_473' title='bbox 2337 2277 2578 2347; x_wconf 77' lang='grc' dir='ltr'><strong>γενέσθαι</strong></span> <span class='ocrx_word' id='word_1_474' title='bbox 2622 2277 2723 2347; x_wconf 81' lang='grc' dir='ltr'><strong>γὰρ</strong></span> <span class='ocrx_word' id='word_1_475' title='bbox 2774 2276 2894 2334; x_wconf 82' lang='grc' dir='ltr'><strong>τούς</strong></span> <span class='ocrx_word' id='word_1_476' title='bbox 2948 2272 3251 2346; x_wconf 76' lang='grc' dir='ltr'><strong>ἀνθρώπους</strong></span> <span class='ocrx_word' id='word_1_477' title='bbox 3307 2272 3626 2344; x_wconf 80' lang='grc' dir='ltr'><strong>ηὐτρεπίσθη</strong></span> <span class='ocrx_word' id='word_1_478' title='bbox 3685 2277 3774 2330; x_wconf 80' lang='grc' dir='ltr'><strong>τοῖς</strong></span> 
     </span>
    </p>
   </div>
   <div class='ocr_carea' id='block_1_70' title="bbox 2199 2358 3772 2435">
    <p class='ocr_par' dir='ltr' id='par_1_70' title="bbox 2199 2358 3772 2435">
     <span class='ocr_line' id='line_1_70' title="bbox 2199 2358 3772 2435; baseline -0.004 -18"><span class='ocrx_word' id='word_1_479' title='bbox 2199 2362 2442 2429; x_wconf 82' lang='grc' dir='ltr'><strong>δικαίοις,</strong></span> <span class='ocrx_word' id='word_1_480' title='bbox 2492 2368 2835 2435; x_wconf 73' lang='grc' dir='ltr'><strong>γινώσκοντος</strong></span> <span class='ocrx_word' id='word_1_481' title='bbox 2891 2369 2981 2414; x_wconf 85' lang='grc' dir='ltr'><strong>τοῦ</strong></span> <span class='ocrx_word' id='word_1_482' title='bbox 3037 2369 3168 2415; x_wconf 79' lang='grc' dir='ltr'><strong>Θεοῦ</strong></span> <span class='ocrx_word' id='word_1_483' title='bbox 3219 2364 3275 2413; x_wconf 89' lang='grc' dir='ltr'><strong>τὸ</strong></span> <span class='ocrx_word' id='word_1_484' title='bbox 3315 2360 3515 2432; x_wconf 77' lang='grc' dir='ltr'><strong>μέλλον.</strong></span> <span class='ocrx_word' id='word_1_485' title='bbox 3549 2358 3674 2411; x_wconf 77' lang='grc' dir='ltr'><strong>εἶτα</strong></span> <span class='ocrx_word' id='word_1_486' title='bbox 3707 2358 3772 2412; x_wconf 78' lang='grc' dir='ltr'><strong>λέ-</strong></span> 
     </span>
    </p>
   </div>
   <div class='ocr_carea' id='block_1_71' title="bbox 2196 2452 3336 2525">
    <p class='ocr_par' dir='ltr' id='par_1_71' title="bbox 2196 2452 3336 2525">
     <span class='ocr_line' id='line_1_71' title="bbox 2196 2452 3336 2525; baseline 0 -20"><span class='ocrx_word' id='word_1_487' title='bbox 2196 2472 2275 2525; x_wconf 89' lang='grc' dir='ltr'><strong>γει</strong></span> <span class='ocrx_word' id='word_1_488' title='bbox 2302 2458 2393 2505; x_wconf 87' lang='grc' dir='ltr'><strong>καὶ</strong></span> <span class='ocrx_word' id='word_1_489' title='bbox 2419 2458 2511 2511; x_wconf 76' lang='grc' dir='ltr'><strong>τήν</strong></span> <span class='ocrx_word' id='word_1_490' title='bbox 2550 2452 2722 2505; x_wconf 81' lang='grc' dir='ltr'><strong>αἰτίαν</strong></span> <span class='ocrx_word' id='word_1_491' title='bbox 2746 2459 2837 2512; x_wconf 87' lang='grc' dir='ltr'><strong>τῆς</strong></span> <span class='ocrx_word' id='word_1_492' title='bbox 2862 2453 3123 2511; x_wconf 79' lang='grc' dir='ltr'><strong>τοσαύτης</strong></span> <span class='ocrx_word' id='word_1_493' title='bbox 3161 2458 3336 2521; x_wconf 81' lang='grc' dir='ltr'><strong>τιμῆς.</strong></span> 
     </span>
    </p>
   </div>
   <div class='ocr_carea' id='block_1_72' title="bbox 2270 2538 3773 2613">
    <p class='ocr_par' dir='ltr' id='par_1_72' title="bbox 2270 2538 3773 2613">
     <span class='ocr_line' id='line_1_72' title="bbox 2270 2538 3773 2613; baseline -0.005 -18"><span class='ocrx_word' id='word_1_494' title='bbox 2270 2542 2547 2596; x_wconf 87' lang='grc' dir='ltr'><strong>Ἐπείνασα</strong></span> <span class='ocrx_word' id='word_1_495' title='bbox 2598 2571 2668 2583; x_wconf 85' lang='grc'><strong>-</strong></span> <span class='ocrx_word' id='word_1_496' title='bbox 2729 2545 2857 2613; x_wconf 89' lang='grc' dir='ltr'><strong>πρός</strong></span> <span class='ocrx_word' id='word_1_497' title='bbox 2923 2559 3010 2611; x_wconf 84' lang='grc' dir='ltr'><strong>με,</strong></span> <span class='ocrx_word' id='word_1_498' title='bbox 3094 2538 3350 2591; x_wconf 83' lang='grc' dir='ltr'><strong>Ἐντεῦθεν</strong></span> <span class='ocrx_word' id='word_1_499' title='bbox 3426 2541 3632 2610; x_wconf 73' lang='grc' dir='ltr'><strong>φανερόν</strong></span> <span class='ocrx_word' id='word_1_500' title='bbox 3704 2538 3773 2588; x_wconf 78' lang='grc' dir='ltr'><strong>ὅτι</strong></span> 
     </span>
    </p>
   </div>
   <div class='ocr_carea' id='block_1_73' title="bbox 2197 2624 3775 2705">
    <p class='ocr_par' dir='ltr' id='par_1_73' title="bbox 2197 2624 3775 2705">
     <span class='ocr_line' id='line_1_73' title="bbox 2197 2624 3775 2705; baseline -0.004 -22"><span class='ocrx_word' id='word_1_501' title='bbox 2197 2635 2322 2704; x_wconf 88' lang='grc' dir='ltr'><strong>πρός</strong></span> <span class='ocrx_word' id='word_1_502' title='bbox 2378 2635 2493 2692; x_wconf 82' lang='grc' dir='ltr'><strong>τοὺς</strong></span> <span class='ocrx_word' id='word_1_503' title='bbox 2536 2632 2881 2705; x_wconf 78' lang='grc' dir='ltr'><strong>Χριστιανοὺς</strong></span> <span class='ocrx_word' id='word_1_504' title='bbox 2918 2634 3103 2701; x_wconf 82' lang='grc' dir='ltr'><strong>μόνους</strong></span> <span class='ocrx_word' id='word_1_505' title='bbox 3156 2624 3472 2698; x_wconf 70' lang='grc' dir='ltr'><strong>διαλέγεται,</strong></span> <span class='ocrx_word' id='word_1_506' title='bbox 3526 2629 3652 2699; x_wconf 78' lang='grc' dir='ltr'><strong>πρὸς</strong></span> <span class='ocrx_word' id='word_1_507' title='bbox 3698 2624 3775 2684; x_wconf 79' lang='grc' dir='ltr'><strong>ούς</strong></span> 
     </span>
    </p>
   </div>
   <div class='ocr_carea' id='block_1_74' title="bbox 2197 2715 3775 2791">
    <p class='ocr_par' dir='ltr' id='par_1_74' title="bbox 2197 2715 3775 2791">
     <span class='ocr_line' id='line_1_74' title="bbox 2197 2715 3775 2791; baseline -0.006 -18"><span class='ocrx_word' id='word_1_508' title='bbox 2197 2723 2252 2773; x_wconf 85' lang='grc' dir='ltr'><strong>αἱ</strong></span> <span class='ocrx_word' id='word_1_509' title='bbox 2312 2727 2401 2772; x_wconf 85' lang='grc' dir='ltr'><strong>τοῦ</strong></span> <span class='ocrx_word' id='word_1_510' title='bbox 2465 2718 2782 2791; x_wconf 85' lang='grc' dir='ltr'><strong>Εὐαγγελίου</strong></span> <span class='ocrx_word' id='word_1_511' title='bbox 2831 2716 2988 2770; x_wconf 84' lang='grc' dir='ltr'><strong>αὐτοῦ</strong></span> <span class='ocrx_word' id='word_1_512' title='bbox 3044 2720 3319 2788; x_wconf 67' lang='grc' dir='ltr'><strong>γεγόνασιν</strong></span> <span class='ocrx_word' id='word_1_513' title='bbox 3380 2715 3597 2767; x_wconf 72' lang='grc' dir='ltr'><strong>ἐντολαὶ.</strong></span> <span class='ocrx_word' id='word_1_514' title='bbox 3655 2718 3775 2786; x_wconf 76' lang='grc' dir='ltr'><strong>Πρὸς</strong></span> 
     </span>
    </p>
   </div>
   <div class='ocr_carea' id='block_1_75' title="bbox 2194 2803 3771 2883">
    <p class='ocr_par' dir='ltr' id='par_1_75' title="bbox 2194 2803 3771 2883">
     <span class='ocr_line' id='line_1_75' title="bbox 2194 2803 3771 2883; baseline -0.004 -22"><span class='ocrx_word' id='word_1_515' title='bbox 2194 2812 2295 2883; x_wconf 81' lang='grc' dir='ltr'><strong>γὰρ</strong></span> <span class='ocrx_word' id='word_1_516' title='bbox 2354 2812 2473 2870; x_wconf 87' lang='grc' dir='ltr'><strong>τούς</strong></span> <span class='ocrx_word' id='word_1_517' title='bbox 2538 2807 2790 2867; x_wconf 81' lang='grc' dir='ltr'><strong>ἀπίστους</strong></span> <span class='ocrx_word' id='word_1_518' title='bbox 2844 2803 3013 2866; x_wconf 82' lang='grc' dir='ltr'><strong>οὐδεὶς</strong></span> <span class='ocrx_word' id='word_1_519' title='bbox 3064 2805 3202 2874; x_wconf 82' lang='grc' dir='ltr'><strong>αὐτῷ</strong></span> <span class='ocrx_word' id='word_1_520' title='bbox 3264 2812 3550 2863; x_wconf 80' lang='grc' dir='ltr'><strong>τηνικαῦτα</strong></span> <span class='ocrx_word' id='word_1_521' title='bbox 3609 2804 3771 2874; x_wconf 72' lang='grc' dir='ltr'><strong>λόγος’</strong></span> 
     </span>
    </p>
   </div>
   <div class='ocr_carea' id='block_1_76' title="bbox 2194 2894 3778 2971">
    <p class='ocr_par' dir='ltr' id='par_1_76' title="bbox 2194 2894 3778 2971">
     <span class='ocr_line' id='line_1_76' title="bbox 2194 2894 3778 2971; baseline -0.006 -21"><span class='ocrx_word' id='word_1_522' title='bbox 2194 2898 2415 2959; x_wconf 81' lang='grc' dir='ltr'><strong>ἅπαντες</strong></span> <span class='ocrx_word' id='word_1_523' title='bbox 2484 2899 2585 2971; x_wconf 81' lang='grc' dir='ltr'><strong>γὰρ</strong></span> <span class='ocrx_word' id='word_1_524' title='bbox 2651 2904 2830 2957; x_wconf 78' lang='grc' dir='ltr'><strong>κοινῶς</strong></span> <span class='ocrx_word' id='word_1_525' title='bbox 2894 2895 3327 2967; x_wconf 82' lang='grc' dir='ltr'><strong>αὐτοκατάκριτοι</strong></span> <span class='ocrx_word' id='word_1_526' title='bbox 3400 2895 3618 2945; x_wconf 76' lang='grc' dir='ltr'><strong>ἔσονται.</strong></span> <span class='ocrx_word' id='word_1_527' title='bbox 3692 2894 3778 2944; x_wconf 66' lang='lat' dir='ltr'><strong>Atii</strong></span> 
     </span>
    </p>
   </div>
   <div class='ocr_carea' id='block_1_77' title="bbox 2193 2978 3773 3059">
    <p class='ocr_par' dir='ltr' id='par_1_77' title="bbox 2193 2978 3773 3059">
     <span class='ocr_line' id='line_1_77' title="bbox 2193 2978 3773 3059; baseline -0.005 -20"><span class='ocrx_word' id='word_1_528' title='bbox 2193 2994 2343 3039; x_wconf 82' lang='grc' dir='ltr'><strong>τοῦτο</strong></span> <span class='ocrx_word' id='word_1_529' title='bbox 2395 2988 2519 3059; x_wconf 87' lang='grc' dir='ltr'><strong>γάρ,</strong></span> <span class='ocrx_word' id='word_1_530' title='bbox 2590 2990 2766 3057; x_wconf 73' lang='grc' dir='ltr'><strong>φησιν,</strong></span> <span class='ocrx_word' id='word_1_531' title='bbox 2822 2983 2932 3037; x_wconf 87' lang='grc' dir='ltr'><strong>Οὐκ</strong></span> <span class='ocrx_word' id='word_1_532' title='bbox 3016 2982 3402 3040; x_wconf 75' lang='grc' dir='ltr'><strong>ἀναστήσονται</strong></span> <span class='ocrx_word' id='word_1_533' title='bbox 3459 2980 3661 3042; x_wconf 75' lang='grc' dir='ltr'><strong>ἀσεϐεῖς</strong></span> <span class='ocrx_word' id='word_1_534' title='bbox 3731 2978 3773 3030; x_wconf 72' lang='grc' dir='ltr'><strong>ἐν</strong></span> 
     </span>
    </p>
   </div>
   <div class='ocr_carea' id='block_1_78' title="bbox 2193 3070 3776 3150">
    <p class='ocr_par' dir='ltr' id='par_1_78' title="bbox 2193 3070 3776 3150">
     <span class='ocr_line' id='line_1_78' title="bbox 2193 3070 3776 3150; baseline -0.004 -23"><span class='ocrx_word' id='word_1_535' title='bbox 2193 3079 2381 3150; x_wconf 78' lang='grc' dir='ltr'><strong>κρίσει,</strong></span> <span class='ocrx_word' id='word_1_536' title='bbox 2412 3078 2678 3128; x_wconf 77' lang='grc' dir='ltr'><strong>τουτέστιν</strong></span> <span class='ocrx_word' id='word_1_537' title='bbox 2716 3073 2811 3125; x_wconf 89' lang='grc' dir='ltr'><strong>οὐκ</strong></span> <span class='ocrx_word' id='word_1_538' title='bbox 2855 3071 3238 3130; x_wconf 78' lang='grc' dir='ltr'><strong>ἀναστήσονται</strong></span> <span class='ocrx_word' id='word_1_539' title='bbox 3288 3070 3367 3123; x_wconf 69' lang='grc' dir='ltr'><strong>ἐπὶ</strong></span> <span class='ocrx_word' id='word_1_540' title='bbox 3417 3078 3485 3141; x_wconf 79' lang='grc' dir='ltr'><strong>τῷ</strong></span> <span class='ocrx_word' id='word_1_541' title='bbox 3525 3072 3776 3144; x_wconf 70' lang='grc' dir='ltr'><strong>κριθῆναι,</strong></span> 
     </span>
    </p>
   </div>
   <div class='ocr_carea' id='block_1_79' title="bbox 2194 3155 3778 3237">
    <p class='ocr_par' dir='ltr' id='par_1_79' title="bbox 2194 3155 3778 3237">
     <span class='ocr_line' id='line_1_79' title="bbox 2194 3155 3778 3237; baseline -0.004 -21"><span class='ocrx_word' id='word_1_542' title='bbox 2194 3164 2301 3216; x_wconf 83' lang='grc' dir='ltr'><strong>ἀλλ’</strong></span> <span class='ocrx_word' id='word_1_543' title='bbox 2338 3164 2419 3217; x_wconf 78' lang='grc' dir='ltr'><strong>ἐπὶ</strong></span> <span class='ocrx_word' id='word_1_544' title='bbox 2461 3172 2532 3234; x_wconf 87' lang='grc' dir='ltr'><strong>τῷ</strong></span> <span class='ocrx_word' id='word_1_545' title='bbox 2583 3164 2964 3237; x_wconf 79' lang='grc' dir='ltr'><strong>τιμωρηθῆναι.</strong></span> <span class='ocrx_word' id='word_1_546' title='bbox 3009 3164 3107 3214; x_wconf 82' lang='grc' dir='ltr'><strong>Καὶ</strong></span> <span class='ocrx_word' id='word_1_547' title='bbox 3146 3163 3247 3234; x_wconf 80' lang='grc' dir='ltr'><strong>γὰρ</strong></span> <span class='ocrx_word' id='word_1_548' title='bbox 3291 3164 3380 3211; x_wconf 84' lang='grc' dir='ltr'><strong>καὶ</strong></span> <span class='ocrx_word' id='word_1_549' title='bbox 3425 3158 3658 3230; x_wconf 63' lang='lat' dir='ltr'><strong>avo-ipa</strong></span> <span class='ocrx_word' id='word_1_550' title='bbox 3704 3155 3778 3210; x_wconf 82' lang='grc' dir='ltr'><strong>δι-</strong></span> 
     </span>
    </p>
   </div>
   <div class='ocr_carea' id='block_1_80' title="bbox 2195 3250 3778 3323">
    <p class='ocr_par' dir='ltr' id='par_1_80' title="bbox 2195 3250 3778 3323">
     <span class='ocr_line' id='line_1_80' title="bbox 2195 3250 3778 3323; baseline -0.005 -18"><span class='ocrx_word' id='word_1_551' title='bbox 2195 3250 2423 3311; x_wconf 81' lang='grc' dir='ltr'><strong>δήλωκεν</strong></span> <span class='ocrx_word' id='word_1_552' title='bbox 2480 3254 2578 3317; x_wconf 85' lang='grc' dir='ltr'><strong>ὅτι,</strong></span> <span class='ocrx_word' id='word_1_553' title='bbox 2612 3252 2693 3305; x_wconf 85' lang='grc' dir='ltr'><strong>ὅτε</strong></span> <span class='ocrx_word' id='word_1_554' title='bbox 2754 3256 3041 3323; x_wconf 74' lang='grc' dir='ltr'><strong>φανήσεται</strong></span> <span class='ocrx_word' id='word_1_555' title='bbox 3075 3252 3132 3301; x_wconf 91' lang='grc' dir='ltr'><strong>τὸ</strong></span> <span class='ocrx_word' id='word_1_556' title='bbox 3166 3255 3379 3321; x_wconf 87' lang='grc' dir='ltr'><strong>σημεῖον</strong></span> <span class='ocrx_word' id='word_1_557' title='bbox 3416 3255 3507 3301; x_wconf 80' lang='grc' dir='ltr'><strong>τοῦ</strong></span> <span class='ocrx_word' id='word_1_558' title='bbox 3540 3251 3660 3300; x_wconf 80' lang='grc' dir='ltr'><strong>Υἱοῡ</strong></span> <span class='ocrx_word' id='word_1_559' title='bbox 3696 3252 3778 3298; x_wconf 75' lang='grc' dir='ltr'><strong>τοῦ</strong></span> 
     </span>
    </p>
   </div>
   <div class='ocr_carea' id='block_1_81' title="bbox 2196 3336 3777 3417">
    <p class='ocr_par' dir='ltr' id='par_1_81' title="bbox 2196 3336 3777 3417">
     <span class='ocr_line' id='line_1_81' title="bbox 2196 3336 3777 3417; baseline -0.004 -24"><span class='ocrx_word' id='word_1_560' title='bbox 2196 3341 2467 3417; x_wconf 87' lang='grc' dir='ltr'><strong>ἀνθρώπου</strong></span> <span class='ocrx_word' id='word_1_561' title='bbox 2528 3340 2577 3393; x_wconf 74' lang='grc' dir='ltr'><strong>ἄν</strong></span> <span class='ocrx_word' id='word_1_562' title='bbox 2628 3350 2698 3412; x_wconf 84' lang='grc' dir='ltr'><strong>τῷ</strong></span> <span class='ocrx_word' id='word_1_563' title='bbox 2755 3340 2977 3413; x_wconf 83' lang='grc' dir='ltr'><strong>οὐρανῷ,</strong></span> <span class='ocrx_word' id='word_1_564' title='bbox 3026 3342 3141 3391; x_wconf 88' lang='grc' dir='ltr'><strong>τότε</strong></span> <span class='ocrx_word' id='word_1_565' title='bbox 3206 3338 3455 3408; x_wconf 69' lang='grc' dir='ltr'><strong>κόψονται</strong></span> <span class='ocrx_word' id='word_1_566' title='bbox 3518 3343 3683 3389; x_wconf 80' lang='grc' dir='ltr'><strong>πᾶσαι</strong></span> <span class='ocrx_word' id='word_1_567' title='bbox 3732 3336 3777 3385; x_wconf 76' lang='grc' dir='ltr'><strong>αἱ</strong></span> 
     </span>
    </p>
   </div>
   <div class='ocr_carea' id='block_1_82' title="bbox 2196 3422 3777 3504">
    <p class='ocr_par' dir='ltr' id='par_1_82' title="bbox 2196 3422 3777 3504">
     <span class='ocr_line' id='line_1_82' title="bbox 2196 3422 3777 3504; baseline -0.005 -21"><span class='ocrx_word' id='word_1_568' title='bbox 2196 3432 2350 3504; x_wconf 76' lang='grc' dir='ltr'><strong>φυλαὶ</strong></span> <span class='ocrx_word' id='word_1_569' title='bbox 2424 3438 2519 3492; x_wconf 83' lang='grc' dir='ltr'><strong>τῆς</strong></span> <span class='ocrx_word' id='word_1_570' title='bbox 2580 3438 2700 3501; x_wconf 80' lang='grc' dir='ltr'><strong>γῆς,</strong></span> <span class='ocrx_word' id='word_1_571' title='bbox 2774 3433 2924 3501; x_wconf 88' lang='grc' dir='ltr'><strong>μόνον</strong></span> <span class='ocrx_word' id='word_1_572' title='bbox 2994 3430 3053 3481; x_wconf 77' lang='grc' dir='ltr'><strong>τὸ</strong></span> <span class='ocrx_word' id='word_1_573' title='bbox 3120 3424 3355 3489; x_wconf 81' lang='grc' dir='ltr'><strong>συνειδὸς</strong></span> <span class='ocrx_word' id='word_1_574' title='bbox 3437 3422 3777 3485; x_wconf 67' lang='grc' dir='ltr'><strong>καταδικάζω</strong></span> 
     </span>
    </p>
   </div>
   <div class='ocr_carea' id='block_1_83' title="bbox 2195 3515 3775 3593">
    <p class='ocr_par' dir='ltr' id='par_1_83' title="bbox 2195 3515 3775 3593">
     <span class='ocr_line' id='line_1_83' title="bbox 2195 3515 3775 3593; baseline -0.004 -20"><span class='ocrx_word' id='word_1_575' title='bbox 2195 3522 2421 3592; x_wconf 75' lang='grc' dir='ltr'><strong>ἔχοντες.</strong></span> <span class='ocrx_word' id='word_1_576' title='bbox 2476 3527 2583 3572; x_wconf 83' lang='grc' dir='ltr'><strong>Νῦν</strong></span> <span class='ocrx_word' id='word_1_577' title='bbox 2630 3515 2688 3571; x_wconf 65' lang='grc' dir='ltr'><strong>δε</strong></span> <span class='ocrx_word' id='word_1_578' title='bbox 2751 3520 2877 3593; x_wconf 87' lang='grc' dir='ltr'><strong>πρὸς</strong></span> <span class='ocrx_word' id='word_1_579' title='bbox 2924 3520 3040 3577; x_wconf 85' lang='grc' dir='ltr'><strong>τοὺς</strong></span> <span class='ocrx_word' id='word_1_580' title='bbox 3073 3519 3443 3591; x_wconf 81' lang='grc' dir='ltr'><strong>Χριστιανοὺς,</strong></span> <span class='ocrx_word' id='word_1_581' title='bbox 3477 3518 3549 3577; x_wconf 78' lang='grc' dir='ltr'><strong>ὡς</strong></span> <span class='ocrx_word' id='word_1_582' title='bbox 3582 3518 3775 3586; x_wconf 66' lang='grc' dir='ltr'><strong>ἔφημεν,</strong></span> 
     </span>
    </p>
   </div>
   <div class='ocr_carea' id='block_1_84' title="bbox 2197 3602 3781 3681">
    <p class='ocr_par' dir='ltr' id='par_1_84' title="bbox 2197 3602 3781 3681">
     <span class='ocr_line' id='line_1_84' title="bbox 2197 3602 3781 3681; baseline -0.006 -20"><span class='ocrx_word' id='word_1_583' title='bbox 2197 3610 2222 3661; x_wconf 89' lang='grc' dir='ltr'><strong>ὀ</strong></span> <span class='ocrx_word' id='word_1_584' title='bbox 2261 3608 2429 3681; x_wconf 86' lang='grc' dir='ltr'><strong>λόγος.</strong></span> <span class='ocrx_word' id='word_1_585' title='bbox 2490 3607 2627 3680; x_wconf 86' lang='grc' dir='ltr'><strong>Ὀρα</strong></span> <span class='ocrx_word' id='word_1_586' title='bbox 2675 3604 2733 3659; x_wconf 70' lang='grc' dir='ltr'><strong>δε</strong></span> <span class='ocrx_word' id='word_1_587' title='bbox 2767 3615 2875 3667; x_wconf 87' lang='grc' dir='ltr'><strong>πῶς</strong></span> <span class='ocrx_word' id='word_1_588' title='bbox 2911 3609 3028 3679; x_wconf 86' lang='grc' dir='ltr'><strong>περὶ</strong></span> <span class='ocrx_word' id='word_1_589' title='bbox 3069 3609 3229 3677; x_wconf 87' lang='grc' dir='ltr'><strong>μόνης</strong></span> <span class='ocrx_word' id='word_1_590' title='bbox 3272 3612 3365 3666; x_wconf 77' lang='grc' dir='ltr'><strong>τῆς</strong></span> <span class='ocrx_word' id='word_1_591' title='bbox 3416 3602 3781 3677; x_wconf 66' lang='grc' dir='ltr'><strong>φιλανθρωπίας</strong></span> 
     </span>
    </p>
   </div>
   <div class='ocr_carea' id='block_1_85' title="bbox 2197 3689 3783 3770">
    <p class='ocr_par' dir='ltr' id='par_1_85' title="bbox 2197 3689 3783 3770">
     <span class='ocr_line' id='line_1_85' title="bbox 2197 3689 3783 3770; baseline -0.006 -19"><span class='ocrx_word' id='word_1_592' title='bbox 2197 3695 2509 3770; x_wconf 72' lang='grc' dir='ltr'><strong>διαλέγεται,</strong></span> <span class='ocrx_word' id='word_1_593' title='bbox 2560 3700 2649 3748; x_wconf 83' lang='grc' dir='ltr'><strong>καὶ</strong></span> <span class='ocrx_word' id='word_1_594' title='bbox 2688 3694 2789 3747; x_wconf 88' lang='grc' dir='ltr'><strong>ἀπὸ</strong></span> <span class='ocrx_word' id='word_1_595' title='bbox 2830 3698 2984 3767; x_wconf 88' lang='grc' dir='ltr'><strong>μόνης</strong></span> <span class='ocrx_word' id='word_1_596' title='bbox 3022 3696 3216 3755; x_wconf 83' lang='grc' dir='ltr'><strong>ταύτης</strong></span> <span class='ocrx_word' id='word_1_597' title='bbox 3263 3696 3385 3755; x_wconf 75' lang='grc' dir='ltr'><strong>τοὺς</strong></span> <span class='ocrx_word' id='word_1_598' title='bbox 3558 3689 3783 3747; x_wconf 74' lang='grc' dir='ltr'><strong>δικαίους</strong></span> 
     </span>
    </p>
   </div>
   <div class='ocr_carea' id='block_1_86' title="bbox 2196 3779 3783 3859">
    <p class='ocr_par' dir='ltr' id='par_1_86' title="bbox 2196 3779 3783 3859">
     <span class='ocr_line' id='line_1_86' title="bbox 2196 3779 3783 3859; baseline -0.008 -20"><span class='ocrx_word' id='word_1_599' title='bbox 2196 3786 2331 3850; x_wconf 82' lang='grc' dir='ltr'><strong>ἀξιοί</strong></span> <span class='ocrx_word' id='word_1_600' title='bbox 2374 3793 2546 3859; x_wconf 80' lang='grc' dir='ltr'><strong>τιμῆς,</strong></span> <span class='ocrx_word' id='word_1_601' title='bbox 2588 3787 2703 3844; x_wconf 82' lang='grc' dir='ltr'><strong>τούς</strong></span> <span class='ocrx_word' id='word_1_602' title='bbox 2756 3780 2815 3836; x_wconf 80' lang='grc' dir='ltr'><strong>δε</strong></span> <span class='ocrx_word' id='word_1_603' title='bbox 2860 3783 3194 3857; x_wconf 84' lang='grc' dir='ltr'><strong>ἁμαρτωλούς</strong></span> <span class='ocrx_word' id='word_1_604' title='bbox 3235 3785 3492 3855; x_wconf 85' lang='grc' dir='ltr'><strong>τιμωρίας</strong></span> <span class='ocrx_word' id='word_1_605' title='bbox 3522 3798 3534 3811; x_wconf 74' lang='grc' dir='ltr'><strong>ο</strong></span> <span class='ocrx_word' id='word_1_606' title='bbox 3582 3780 3680 3851; x_wconf 77' lang='grc' dir='ltr'><strong>οὐχ</strong></span> <span class='ocrx_word' id='word_1_607' title='bbox 3723 3779 3783 3836; x_wconf 73' lang='grc' dir='ltr'><strong>ὡς</strong></span> 
     </span>
    </p>
   </div>
   <div class='ocr_carea' id='block_1_87' title="bbox 2194 3868 3782 3945">
    <p class='ocr_par' dir='ltr' id='par_1_87' title="bbox 2194 3868 3782 3945">
     <span class='ocr_line' id='line_1_87' title="bbox 2194 3868 3782 3945; baseline -0.007 -16"><span class='ocrx_word' id='word_1_608' title='bbox 2194 3879 2259 3929; x_wconf 79' lang='grc' dir='ltr'><strong>τὰ</strong></span> <span class='ocrx_word' id='word_1_609' title='bbox 2298 3876 2451 3928; x_wconf 86' lang='grc' dir='ltr'><strong>λοιπὰ</strong></span> <span class='ocrx_word' id='word_1_610' title='bbox 2492 3882 2589 3926; x_wconf 83' lang='grc' dir='ltr'><strong>τῶν</strong></span> <span class='ocrx_word' id='word_1_611' title='bbox 2640 3870 2858 3925; x_wconf 78' lang='grc' dir='ltr'><strong>δικαίων</strong></span> <span class='ocrx_word' id='word_1_612' title='bbox 3038 3872 3436 3945; x_wconf 73' lang='grc' dir='ltr'><strong>κατορθώματα,</strong></span> <span class='ocrx_word' id='word_1_613' title='bbox 3478 3878 3578 3922; x_wconf 83' lang='grc' dir='ltr'><strong>τῶν</strong></span> 
     </span>
    </p>
   </div>
   <div class='ocr_carea' id='block_1_88' title="bbox 2196 3955 3780 4034">
    <p class='ocr_par' dir='ltr' id='par_1_88' title="bbox 2196 3955 3780 4034">
     <span class='ocr_line' id='line_1_88' title="bbox 2196 3955 3780 4034; baseline -0.006 -18"><span class='ocrx_word' id='word_1_614' title='bbox 2196 3964 2364 4017; x_wconf 84' lang='grc' dir='ltr'><strong>τωλῶν</strong></span> <span class='ocrx_word' id='word_1_615' title='bbox 2441 3960 2499 4016; x_wconf 67' lang='grc' dir='ltr'><strong>δι</strong></span> <span class='ocrx_word' id='word_1_616' title='bbox 2564 3961 3002 4034; x_wconf 72' lang='grc' dir='ltr'><strong>πλημμελήματα,</strong></span> <span class='ocrx_word' id='word_1_617' title='bbox 3074 3955 3214 4031; x_wconf 76' lang='grc' dir='ltr'><strong>δίχα</strong></span> <span class='ocrx_word' id='word_1_618' title='bbox 3276 3958 3431 4031; x_wconf 84' lang='grc' dir='ltr'><strong>λόγου</strong></span> <span class='ocrx_word' id='word_1_619' title='bbox 3497 3956 3780 4009; x_wconf 70' lang='grc' dir='ltr'><strong>καταλιπεῖν</strong></span> 
     </span>
    </p>
   </div>
   <div class='ocr_carea' id='block_1_89' title="bbox 2194 4046 3783 4126">
    <p class='ocr_par' dir='ltr' id='par_1_89' title="bbox 2194 4046 3783 4126">
     <span class='ocr_line' id='line_1_89' title="bbox 2194 4046 3783 4126; baseline -0.008 -21"><span class='ocrx_word' id='word_1_620' title='bbox 2194 4052 2419 4126; x_wconf 74' lang='grc' dir='ltr'><strong>μέλλων·</strong></span> <span class='ocrx_word' id='word_1_621' title='bbox 2475 4053 2675 4104; x_wconf 83' lang='grc' dir='ltr'><strong>πάντων</strong></span> <span class='ocrx_word' id='word_1_622' title='bbox 2726 4052 2827 4125; x_wconf 80' lang='grc' dir='ltr'><strong>γὰρ</strong></span> <span class='ocrx_word' id='word_1_623' title='bbox 2873 4048 3097 4112; x_wconf 68' lang='grc' dir='ltr'><strong>ἐξετάσει</strong></span> <span class='ocrx_word' id='word_1_624' title='bbox 3143 4050 3332 4110; x_wconf 88' lang='grc' dir='ltr'><strong>πάντα,</strong></span> <span class='ocrx_word' id='word_1_625' title='bbox 3391 4052 3480 4101; x_wconf 86' lang='grc' dir='ltr'><strong>καὶ</strong></span> <span class='ocrx_word' id='word_1_626' title='bbox 3520 4049 3613 4107; x_wconf 81' lang='grc' dir='ltr'><strong>τὰς</strong></span> <span class='ocrx_word' id='word_1_627' title='bbox 3662 4046 3783 4117; x_wconf 70' lang='grc' dir='ltr'><strong>πρά-</strong></span> 
     </span>
    </p>
   </div>
   <div class='ocr_carea' id='block_1_90' title="bbox 2197 4134 3785 4211">
    <p class='ocr_par' dir='ltr' id='par_1_90' title="bbox 2197 4134 3785 4211">
     <span class='ocr_line' id='line_1_90' title="bbox 2197 4134 3785 4211; baseline -0.006 -17"><span class='ocrx_word' id='word_1_628' title='bbox 2197 4142 2314 4211; x_wconf 80' lang='grc' dir='ltr'><strong>ξεις,</strong></span> <span class='ocrx_word' id='word_1_629' title='bbox 2342 4143 2581 4201; x_wconf 81' lang='grc' dir='ltr'><strong>καὶτοὺς</strong></span> <span class='ocrx_word' id='word_1_630' title='bbox 2616 4139 2821 4211; x_wconf 87' lang='grc' dir='ltr'><strong>λόγους,</strong></span> <span class='ocrx_word' id='word_1_631' title='bbox 2867 4141 2957 4190; x_wconf 85' lang='grc' dir='ltr'><strong>καὶ</strong></span> <span class='ocrx_word' id='word_1_632' title='bbox 3008 4139 3097 4199; x_wconf 81' lang='grc' dir='ltr'><strong>τὰς</strong></span> <span class='ocrx_word' id='word_1_633' title='bbox 3136 4137 3467 4210; x_wconf 73' lang='grc' dir='ltr'><strong>ἐνθυμήσεις,</strong></span> <span class='ocrx_word' id='word_1_634' title='bbox 3521 4138 3587 4196; x_wconf 79' lang='grc' dir='ltr'><strong>ὡς</strong></span> <span class='ocrx_word' id='word_1_635' title='bbox 3642 4134 3785 4192; x_wconf 59' lang='lat' dir='ltr'><strong>urire;</strong></span> 
     </span>
    </p>
   </div>
   <div class='ocr_carea' id='block_1_91' title="bbox 2194 4222 3787 4302">
    <p class='ocr_par' dir='ltr' id='par_1_91' title="bbox 2194 4222 3787 4302">
     <span class='ocr_line' id='line_1_91' title="bbox 2194 4222 3787 4302; baseline -0.007 -19"><span class='ocrx_word' id='word_1_636' title='bbox 2194 4250 2247 4283; x_wconf 86' lang='grc' dir='ltr'><strong>τε</strong></span> <span class='ocrx_word' id='word_1_637' title='bbox 2297 4230 2564 4302; x_wconf 85' lang='grc' dir='ltr'><strong>πολλαχοῦ</strong></span> <span class='ocrx_word' id='word_1_638' title='bbox 2644 4235 2737 4290; x_wconf 81' lang='grc' dir='ltr'><strong>τῆς</strong></span> <span class='ocrx_word' id='word_1_639' title='bbox 2794 4227 2977 4280; x_wconf 82' lang='grc' dir='ltr'><strong>ἑαυτοῦ</strong></span> <span class='ocrx_word' id='word_1_640' title='bbox 3032 4222 3382 4286; x_wconf 79' lang='grc' dir='ltr'><strong>διδασκαλίας</strong></span> <span class='ocrx_word' id='word_1_641' title='bbox 3439 4225 3663 4297; x_wconf 72' lang='grc' dir='ltr'><strong>ἐνέφηνε,</strong></span> <span class='ocrx_word' id='word_1_642' title='bbox 3711 4226 3787 4273; x_wconf 70' lang='grc' dir='ltr'><strong>καὶ</strong></span> 
     </span>
    </p>
   </div>
   <div class='ocr_carea' id='block_1_92' title="bbox 2196 4316 3788 4391">
    <p class='ocr_par' dir='ltr' id='par_1_92' title="bbox 2196 4316 3788 4391">
     <span class='ocr_line' id='line_1_92' title="bbox 2196 4316 3788 4391; baseline -0.008 -19"><span class='ocrx_word' id='word_1_643' title='bbox 2196 4320 2515 4391; x_wconf 86' lang='grc' dir='ltr'><strong>πολλαχόθεν</strong></span> <span class='ocrx_word' id='word_1_644' title='bbox 2564 4325 2657 4379; x_wconf 80' lang='grc' dir='ltr'><strong>τῆς</strong></span> <span class='ocrx_word' id='word_1_645' title='bbox 2708 4318 2846 4379; x_wconf 84' lang='grc' dir='ltr'><strong>θείας</strong></span> <span class='ocrx_word' id='word_1_646' title='bbox 2894 4322 3099 4389; x_wconf 78' lang='grc' dir='ltr'><strong>Γραφῆς</strong></span> <span class='ocrx_word' id='word_1_647' title='bbox 3143 4317 3463 4387; x_wconf 82' lang='grc' dir='ltr'><strong>μανθάνομεν</strong></span> <span class='ocrx_word' id='word_1_648' title='bbox 3498 4331 3511 4343; x_wconf 84' lang='lat'><strong><em>°</em></strong></span> <span class='ocrx_word' id='word_1_649' title='bbox 3561 4316 3648 4365; x_wconf 79' lang='grc' dir='ltr'><strong>καὶ</strong></span> <span class='ocrx_word' id='word_1_650' title='bbox 3701 4319 3788 4363; x_wconf 70' lang='grc' dir='ltr'><strong>τῶν</strong></span> 
     </span>
    </p>
   </div>
   <div class='ocr_carea' id='block_1_93' title="bbox 444 4394 2083 4483">
    <p class='ocr_par' dir='ltr' id='par_1_93' title="bbox 444 4394 2083 4473">
     <span class='ocr_line' id='line_1_93' title="bbox 444 4394 2083 4473; baseline 0.008 -24"><span class='ocrx_word' id='word_1_651' title='bbox 444 4394 560 4461; x_wconf 88' lang='lat' dir='ltr'><strong>det,</strong></span> <span class='ocrx_word' id='word_1_652' title='bbox 590 4394 813 4451; x_wconf 88' lang='lat' dir='ltr'><strong>delictis</strong></span> <span class='ocrx_word' id='word_1_653' title='bbox 857 4401 1054 4453; x_wconf 88' lang='lat' dir='ltr'><strong>autem</strong></span> <span class='ocrx_word' id='word_1_654' title='bbox 1086 4414 1322 4467; x_wconf 72' lang='lat' dir='ltr'><strong>pcnnas.</strong></span> <span class='ocrx_word' id='word_1_655' title='bbox 1355 4403 1462 4458; x_wconf 93' lang='lat' dir='ltr'><strong>Sed</strong></span> <span class='ocrx_word' id='word_1_656' title='bbox 1499 4418 1657 4458; x_wconf 91' lang='lat' dir='ltr'><strong>nunc</strong></span> <span class='ocrx_word' id='word_1_657' title='bbox 1691 4406 1765 4461; x_wconf 91' lang='lat' dir='ltr'><strong>de</strong></span> <span class='ocrx_word' id='word_1_658' title='bbox 1796 4405 1923 4461; x_wconf 90' lang='lat' dir='ltr'><strong>sola</strong></span> <span class='ocrx_word' id='word_1_659' title='bbox 1951 4405 2083 4473; x_wconf 87' lang='lat' dir='ltr'><strong>hac,</strong></span> 
     </span>
    </p>
   </div>
   <div class='ocr_carea' id='block_1_94' title="bbox 2200 4394 3791 4483">
    <p class='ocr_par' dir='ltr' id='par_1_94' title="bbox 2200 4399 3791 4483">
     <span class='ocr_line' id='line_1_94' title="bbox 2200 4399 3791 4483; baseline -0.008 -21"><span class='ocrx_word' id='word_1_660' title='bbox 2200 4412 2286 4483; x_wconf 71' lang='grc' dir='ltr'><strong>μεν</strong></span> <span class='ocrx_word' id='word_1_661' title='bbox 2342 4408 2754 4481; x_wconf 82' lang='grc' dir='ltr'><strong>κατορθωμάτων</strong></span> <span class='ocrx_word' id='word_1_662' title='bbox 2805 4408 2962 4478; x_wconf 82' lang='grc' dir='ltr'><strong>τιμὰς</strong></span> <span class='ocrx_word' id='word_1_663' title='bbox 3023 4401 3308 4469; x_wconf 82' lang='grc' dir='ltr'><strong>ἀποδώσει,</strong></span> <span class='ocrx_word' id='word_1_664' title='bbox 3366 4410 3461 4455; x_wconf 83' lang='grc' dir='ltr'><strong>τῶν</strong></span> <span class='ocrx_word' id='word_1_665' title='bbox 3524 4399 3581 4455; x_wconf 82' lang='grc' dir='ltr'><strong>δέ</strong></span> <span class='ocrx_word' id='word_1_666' title='bbox 3628 4402 3791 4471; x_wconf 58' lang='lat' dir='ltr'><strong>frica-</strong></span> 
     </span>
    </p>
   </div>
   <div class='ocr_carea' id='block_1_95' title="bbox 445 4483 2086 4559">
    <p class='ocr_par' dir='ltr' id='par_1_95' title="bbox 445 4483 2086 4559">
     <span class='ocr_line' id='line_1_95' title="bbox 445 4483 2086 4559; baseline 0.007 -21"><span class='ocrx_word' id='word_1_667' title='bbox 445 4487 511 4539; x_wconf 90' lang='lat' dir='ltr'><strong>ut</strong></span> <span class='ocrx_word' id='word_1_668' title='bbox 534 4483 757 4540; x_wconf 88' lang='lat' dir='ltr'><strong>dictum</strong></span> <span class='ocrx_word' id='word_1_669' title='bbox 789 4490 892 4553; x_wconf 91' lang='lat' dir='ltr'><strong>est,</strong></span> <span class='ocrx_word' id='word_1_670' title='bbox 934 4486 1143 4543; x_wconf 88' lang='lat' dir='ltr'><strong>virtute</strong></span> <span class='ocrx_word' id='word_1_671' title='bbox 1182 4488 1435 4557; x_wconf 89' lang='lat' dir='ltr'><strong>disserit,</strong></span> <span class='ocrx_word' id='word_1_672' title='bbox 1468 4490 1818 4550; x_wconf 82' lang='lat' dir='ltr'><strong>conﬁrmare</strong></span> <span class='ocrx_word' id='word_1_673' title='bbox 1857 4493 2086 4559; x_wconf 89' lang='lat' dir='ltr'><strong>volens,</strong></span> 
     </span>
    </p>
   </div>
   <div class='ocr_carea' id='block_1_96' title="bbox 446 4572 2088 4654">
    <p class='ocr_par' dir='ltr' id='par_1_96' title="bbox 446 4572 2088 4654">
     <span class='ocr_line' id='line_1_96' title="bbox 446 4572 2088 4654; baseline 0.009 -28"><span class='ocrx_word' id='word_1_674' title='bbox 446 4572 610 4643; x_wconf 89' lang='lat' dir='ltr'><strong>quod</strong></span> <span class='ocrx_word' id='word_1_675' title='bbox 638 4572 797 4631; x_wconf 91' lang='lat' dir='ltr'><strong>hanc</strong></span> <span class='ocrx_word' id='word_1_676' title='bbox 828 4576 1088 4632; x_wconf 82' lang='lat' dir='ltr'><strong>maxime</strong></span> <span class='ocrx_word' id='word_1_677' title='bbox 1110 4578 1365 4651; x_wconf 86' lang='lat' dir='ltr'><strong>requirit,</strong></span> <span class='ocrx_word' id='word_1_678' title='bbox 1403 4584 1458 4635; x_wconf 92' lang='lat' dir='ltr'><strong>et</strong></span> <span class='ocrx_word' id='word_1_679' title='bbox 1480 4579 1637 4637; x_wconf 89' lang='lat' dir='ltr'><strong>hanc</strong></span> <span class='ocrx_word' id='word_1_680' title='bbox 1664 4598 1772 4654; x_wconf 68' lang='lat' dir='ltr'><strong>prae</strong></span> <span class='ocrx_word' id='word_1_681' title='bbox 1803 4583 2088 4640; x_wconf 89' lang='lat' dir='ltr'><strong>omnibus</strong></span> 
     </span>
    </p>
   </div>
   <div class='ocr_carea' id='block_1_97' title="bbox 448 4661 2087 4733">
    <p class='ocr_par' dir='ltr' id='par_1_97' title="bbox 448 4661 2087 4733">
     <span class='ocr_line' id='line_1_97' title="bbox 448 4661 2087 4733; baseline 0.01 -20"><span class='ocrx_word' id='word_1_682' title='bbox 448 4661 681 4729; x_wconf 87' lang='lat' dir='ltr'><strong>expetit,</strong></span> <span class='ocrx_word' id='word_1_683' title='bbox 741 4668 932 4733; x_wconf 91' lang='lat' dir='ltr'><strong>utpote</strong></span> <span class='ocrx_word' id='word_1_684' title='bbox 980 4666 1321 4724; x_wconf 86' lang='lat' dir='ltr'><strong>Christianis</strong></span> <span class='ocrx_word' id='word_1_685' title='bbox 1370 4669 1629 4727; x_wconf 83' lang='lat' dir='ltr'><strong>maxime</strong></span> <span class='ocrx_word' id='word_1_686' title='bbox 1668 4674 2087 4730; x_wconf 86' lang='lat' dir='ltr'><strong>necessariam.</strong></span> 
     </span>
    </p>
   </div>
   <div class='ocr_carea' id='block_1_98' title="bbox 447 4745 2092 4836">
    <p class='ocr_par' dir='ltr' id='par_1_98' title="bbox 447 4745 2092 4836">
     <span class='ocr_line' id='line_1_98' title="bbox 447 4745 2092 4836; baseline 0.013 -37"><span class='ocrx_word' id='word_1_687' title='bbox 447 4745 743 4819; x_wconf 87' lang='lat' dir='ltr'><strong>Cujusque</strong></span> <span class='ocrx_word' id='word_1_688' title='bbox 761 4752 923 4836; x_wconf 90' lang='lat' dir='ltr'><strong>enim</strong></span> <span class='ocrx_word' id='word_1_689' title='bbox 957 4752 1271 4813; x_wconf 89' lang='lat' dir='ltr'><strong>Christiani</strong></span> <span class='ocrx_word' id='word_1_690' title='bbox 1293 4757 1524 4828; x_wconf 88' lang='lat' dir='ltr'><strong>insigne</strong></span> <span class='ocrx_word' id='word_1_691' title='bbox 1545 4776 1667 4833; x_wconf 91' lang='lat' dir='ltr'><strong>quo</strong></span> <span class='ocrx_word' id='word_1_692' title='bbox 1692 4760 1962 4833; x_wconf 91' lang='lat' dir='ltr'><strong>dignosci</strong></span> <span class='ocrx_word' id='word_1_693' title='bbox 1988 4778 2092 4836; x_wconf 85' lang='lat' dir='ltr'><strong>po-</strong></span> 
     </span>
    </p>
   </div>
   <div class='ocr_carea' id='block_1_99' title="bbox 446 4835 2091 4920">
    <p class='ocr_par' dir='ltr' id='par_1_99' title="bbox 446 4835 2091 4920">
     <span class='ocr_line' id='line_1_99' title="bbox 446 4835 2091 4920; baseline 0.013 -31"><span class='ocrx_word' id='word_1_694' title='bbox 446 4836 580 4899; x_wconf 86' lang='lat' dir='ltr'><strong>test,</strong></span> <span class='ocrx_word' id='word_1_695' title='bbox 622 4842 708 4890; x_wconf 87' lang='lat' dir='ltr'><strong>est</strong></span> <span class='ocrx_word' id='word_1_696' title='bbox 736 4835 990 4895; x_wconf 85' lang='lat' dir='ltr'><strong>dilectio.</strong></span> <span class='ocrx_word' id='word_1_697' title='bbox 1024 4842 1095 4898; x_wconf 91' lang='lat' dir='ltr'><strong>In</strong></span> <span class='ocrx_word' id='word_1_698' title='bbox 1129 4843 1251 4912; x_wconf 84' lang='lat' dir='ltr'><strong>hoc,</strong></span> <span class='ocrx_word' id='word_1_699' title='bbox 1304 4846 1494 4919; x_wconf 89' lang='lat' dir='ltr'><strong>inquit</strong></span> <span class='ocrx_word' id='word_1_700' title='bbox 1520 4858 1871 4920; x_wconf 40' lang='lat' dir='ltr'><strong>cognoscent.</strong></span> <span class='ocrx_word' id='word_1_701' title='bbox 1895 4835 2091 4910; x_wconf 75' lang='lat' dir='ltr'><strong>omnes</strong></span> 
     </span>
    </p>
   </div>
   <div class='ocr_carea' id='block_1_100' title="bbox 447 4922 2092 4999">
    <p class='ocr_par' dir='ltr' id='par_1_100' title="bbox 447 4922 2092 4999">
     <span class='ocr_line' id='line_1_100' title="bbox 447 4922 2092 4999; baseline 0.012 -23"><span class='ocrx_word' id='word_1_702' title='bbox 447 4922 607 4993; x_wconf 84' lang='lat' dir='ltr'><strong>quod</strong></span> <span class='ocrx_word' id='word_1_703' title='bbox 653 4923 767 4981; x_wconf 87' lang='lat' dir='ltr'><strong>mei</strong></span> <span class='ocrx_word' id='word_1_704' title='bbox 801 4925 1083 4999; x_wconf 81' lang='lat' dir='ltr'><strong>discipuli</strong></span> <span class='ocrx_word' id='word_1_705' title='bbox 1108 4932 1254 4999; x_wconf 79' lang='lat' dir='ltr'><strong>sitis,</strong></span> <span class='ocrx_word' id='word_1_706' title='bbox 1287 4934 1340 4991; x_wconf 89' lang='lat' dir='ltr'><strong>si</strong></span> <span class='ocrx_word' id='word_1_707' title='bbox 1362 4935 1723 4994; x_wconf 82' lang='lat' dir='ltr'><strong>dilectionem</strong></span> <span class='ocrx_word' id='word_1_708' title='bbox 1768 4939 2092 4997; x_wconf 80' lang='lat' dir='ltr'><strong>habueritis</strong></span> 
     </span>
    </p>
   </div>
   <div class='ocr_carea' id='block_1_101' title="bbox 445 5010 2094 5099">
    <p class='ocr_par' dir='ltr' id='par_1_101' title="bbox 445 5010 2094 5099">
     <span class='ocr_line' id='line_1_101' title="bbox 445 5010 2094 5099; baseline 0.013 -34"><span class='ocrx_word' id='word_1_709' title='bbox 445 5010 604 5067; x_wconf 81' lang='lat' dir='ltr'><strong>inter</strong></span> <span class='ocrx_word' id='word_1_710' title='bbox 628 5027 727 5069; x_wconf 88' lang='lat' dir='ltr'><strong>vos</strong></span> <span class='ocrx_word' id='word_1_711' title='bbox 752 5021 1010 5073; x_wconf 85' lang='lat' dir='ltr'><strong>mutuam</strong></span> <span class='ocrx_word' id='word_1_712' title='bbox 1043 5020 1109 5074; x_wconf 82' lang='grc' dir='ltr'><strong>⁸ο.</strong></span> <span class='ocrx_word' id='word_1_713' title='bbox 1145 5023 1329 5093; x_wconf 79' lang='lat' dir='ltr'><strong>Hujus</strong></span> <span class='ocrx_word' id='word_1_714' title='bbox 1355 5029 1556 5081; x_wconf 89' lang='lat' dir='ltr'><strong>autem</strong></span> <span class='ocrx_word' id='word_1_715' title='bbox 1586 5028 1813 5098; x_wconf 88' lang='lat' dir='ltr'><strong>optima</strong></span> <span class='ocrx_word' id='word_1_716' title='bbox 1838 5044 1979 5099; x_wconf 88' lang='lat' dir='ltr'><strong>pars</strong></span> <span class='ocrx_word' id='word_1_717' title='bbox 2006 5034 2094 5087; x_wconf 90' lang='lat' dir='ltr'><strong>est</strong></span> 
     </span>
    </p>
   </div>
   <div class='ocr_carea' id='block_1_102' title="bbox 446 5113 2093 5184">
    <p class='ocr_par' dir='ltr' id='par_1_102' title="bbox 446 5113 2093 5184">
     <span class='ocr_line' id='line_1_102' title="bbox 446 5113 2093 5184; baseline 0.013 -31"><span class='ocrx_word' id='word_1_718' title='bbox 446 5114 779 5172; x_wconf 82' lang='lat' dir='ltr'><strong>pauperum</strong></span> <span class='ocrx_word' id='word_1_719' title='bbox 804 5120 994 5172; x_wconf 88' lang='lat' dir='ltr'><strong>amor,</strong></span> <span class='ocrx_word' id='word_1_720' title='bbox 1030 5113 1084 5163; x_wconf 89' lang='lat' dir='ltr'><strong>et</strong></span> <span class='ocrx_word' id='word_1_721' title='bbox 1126 5124 1267 5181; x_wconf 81' lang='lat' dir='ltr'><strong>erga</strong></span> <span class='ocrx_word' id='word_1_722' title='bbox 1304 5114 1646 5184; x_wconf 90' lang='lat' dir='ltr'><strong>proximum</strong></span> <span class='ocrx_word' id='word_1_723' title='bbox 1687 5116 2093 5176; x_wconf 85' lang='lat' dir='ltr'><strong>misericordia</strong></span> 
     </span>
    </p>
   </div>
   <div class='ocr_carea' id='block_1_103' title="bbox 447 5194 2094 5274">
    <p class='ocr_par' dir='ltr' id='par_1_103' title="bbox 447 5194 2094 5274">
     <span class='ocr_line' id='line_1_103' title="bbox 447 5194 2094 5274; baseline 0.013 -29"><span class='ocrx_word' id='word_1_724' title='bbox 447 5204 518 5245; x_wconf 88' lang='lat' dir='ltr'><strong>ac</strong></span> <span class='ocrx_word' id='word_1_725' title='bbox 547 5194 901 5263; x_wconf 90' lang='lat' dir='ltr'><strong>compassio,</strong></span> <span class='ocrx_word' id='word_1_726' title='bbox 928 5196 1101 5267; x_wconf 85' lang='lat' dir='ltr'><strong>juxta</strong></span> <span class='ocrx_word' id='word_1_727' title='bbox 1130 5198 1469 5271; x_wconf 88' lang='lat' dir='ltr'><strong>Gregorium</strong></span> <span class='ocrx_word' id='word_1_728' title='bbox 1500 5203 1885 5274; x_wconf 87' lang='lat' dir='ltr'><strong>Theologum.</strong></span> <span class='ocrx_word' id='word_1_729' title='bbox 1922 5206 2094 5267; x_wconf 89' lang='lat' dir='ltr'><strong>Nulla</strong></span> 
     </span>
    </p>
   </div>
   <div class='ocr_carea' id='block_1_104' title="bbox 519 5314 2082 5399">
    <p class='ocr_par' dir='ltr' id='par_1_104' title="bbox 519 5314 2082 5399">
     <span class='ocr_line' id='line_1_104' title="bbox 519 5314 2082 5399; baseline 0.013 -31"><span class='ocrx_word' id='word_1_730' title='bbox 519 5314 567 5348; x_wconf 79' lang='grc'><strong>⁷⁸</strong></span> <span class='ocrx_word' id='word_1_731' title='bbox 600 5314 753 5373; x_wconf 90' lang='lat' dir='ltr'><strong>Psal.</strong></span> <span class='ocrx_word' id='word_1_732' title='bbox 782 5331 820 5385; x_wconf 85' lang='lat'><strong>1,</strong></span> <span class='ocrx_word' id='word_1_733' title='bbox 857 5322 906 5374; x_wconf 85' lang='lat'><strong>5.</strong></span> <span class='ocrx_word' id='word_1_734' title='bbox 935 5320 982 5355; x_wconf 74' lang='grc'><strong>⁷⁸</strong></span> <span class='ocrx_word' id='word_1_735' title='bbox 1014 5322 1205 5379; x_wconf 82' lang='lat' dir='ltr'><strong>Matth.</strong></span> <span class='ocrx_word' id='word_1_736' title='bbox 1240 5340 1396 5396; x_wconf 79' lang='lat' dir='ltr'><strong>xxiv,</strong></span> <span class='ocrx_word' id='word_1_737' title='bbox 1433 5330 1521 5384; x_wconf 89' lang='lat'><strong>30.</strong></span> <span class='ocrx_word' id='word_1_738' title='bbox 1554 5327 1602 5363; x_wconf 82' lang='grc'><strong>⁸⁰</strong></span> <span class='ocrx_word' id='word_1_739' title='bbox 1622 5328 1797 5387; x_wconf 86' lang='lat' dir='ltr'><strong>Joan.</strong></span> <span class='ocrx_word' id='word_1_740' title='bbox 1829 5346 1953 5399; x_wconf 80' lang='lat' dir='ltr'><strong>xui,</strong></span> <span class='ocrx_word' id='word_1_741' title='bbox 1995 5336 2082 5388; x_wconf 84' lang='lat'><strong>35.</strong></span> 
     </span>
    </p>
   </div>
   <div class='ocr_carea' id='block_1_105' title="bbox 2198 4493 3791 4571">
    <p class='ocr_par' dir='ltr' id='par_1_105' title="bbox 2198 4493 3791 4571">
     <span class='ocr_line' id='line_1_105' title="bbox 2198 4493 3791 4571; baseline -0.006 -21"><span class='ocrx_word' id='word_1_742' title='bbox 2198 4498 2502 4571; x_wconf 84' lang='grc' dir='ltr'><strong>μελημάτων</strong></span> <span class='ocrx_word' id='word_1_743' title='bbox 2546 4499 2835 4568; x_wconf 84' lang='grc' dir='ltr'><strong>τιμωρίας·</strong></span> <span class='ocrx_word' id='word_1_744' title='bbox 2875 4493 3003 4545; x_wconf 84' lang='grc' dir='ltr'><strong>ἀλλὰ</strong></span> <span class='ocrx_word' id='word_1_745' title='bbox 3051 4501 3137 4545; x_wconf 81' lang='grc' dir='ltr'><strong>νῦν</strong></span> <span class='ocrx_word' id='word_1_746' title='bbox 3186 4496 3304 4567; x_wconf 86' lang='grc' dir='ltr'><strong>περὶ</strong></span> <span class='ocrx_word' id='word_1_747' title='bbox 3363 4496 3526 4564; x_wconf 87' lang='grc' dir='ltr'><strong>μόνης</strong></span> <span class='ocrx_word' id='word_1_748' title='bbox 3584 4494 3791 4551; x_wconf 70' lang='grc' dir='ltr'><strong>ταύτης,</strong></span> 
     </span>
    </p>
   </div>
   <div class='ocr_carea' id='block_1_106' title="bbox 2199 4580 3794 4659">
    <p class='ocr_par' dir='ltr' id='par_1_106' title="bbox 2199 4580 3794 4659">
     <span class='ocr_line' id='line_1_106' title="bbox 2199 4580 3794 4659; baseline -0.008 -20"><span class='ocrx_word' id='word_1_749' title='bbox 2199 4590 2263 4649; x_wconf 85' lang='grc' dir='ltr'><strong>ὡς</strong></span> <span class='ocrx_word' id='word_1_750' title='bbox 2329 4590 2548 4659; x_wconf 81' lang='grc' dir='ltr'><strong>εἴρηται,</strong></span> <span class='ocrx_word' id='word_1_751' title='bbox 2605 4580 2918 4655; x_wconf 56' lang='grc' dir='ltr'><strong>διαλέγεται,</strong></span> <span class='ocrx_word' id='word_1_752' title='bbox 2992 4581 3293 4655; x_wconf 78' lang='grc' dir='ltr'><strong>βαϐαιῶσαι</strong></span> <span class='ocrx_word' id='word_1_753' title='bbox 3354 4580 3669 4653; x_wconf 76' lang='grc' dir='ltr'><strong>βουλόμενος</strong></span> <span class='ocrx_word' id='word_1_754' title='bbox 3727 4581 3794 4630; x_wconf 75' lang='grc' dir='ltr'><strong>ὅτι</strong></span> 
     </span>
    </p>
   </div>
   <div class='ocr_carea' id='block_1_107' title="bbox 2198 4669 3795 4748">
    <p class='ocr_par' dir='ltr' id='par_1_107' title="bbox 2198 4669 3795 4748">
     <span class='ocr_line' id='line_1_107' title="bbox 2198 4669 3795 4748; baseline -0.008 -19"><span class='ocrx_word' id='word_1_755' title='bbox 2198 4679 2387 4734; x_wconf 89' lang='grc' dir='ltr'><strong>ταύτην</strong></span> <span class='ocrx_word' id='word_1_756' title='bbox 2444 4673 2675 4748; x_wconf 84' lang='grc' dir='ltr'><strong>μάλιστα</strong></span> <span class='ocrx_word' id='word_1_757' title='bbox 2752 4676 2916 4739; x_wconf 84' lang='grc' dir='ltr'><strong>ζητεῖ,</strong></span> <span class='ocrx_word' id='word_1_758' title='bbox 2988 4675 3076 4723; x_wconf 87' lang='grc' dir='ltr'><strong>καὶ</strong></span> <span class='ocrx_word' id='word_1_759' title='bbox 3146 4673 3338 4727; x_wconf 84' lang='grc' dir='ltr'><strong>ταύτην</strong></span> <span class='ocrx_word' id='word_1_760' title='bbox 3418 4669 3633 4722; x_wconf 81' lang='grc' dir='ltr'><strong>ἀπαιτεῖ</strong></span> <span class='ocrx_word' id='word_1_761' title='bbox 3706 4672 3795 4741; x_wconf 64' lang='grc' dir='ltr'><strong>πρὸ</strong></span> 
     </span>
    </p>
   </div>
   <div class='ocr_carea' id='block_1_108' title="bbox 2200 4761 3798 4833">
    <p class='ocr_par' dir='ltr' id='par_1_108' title="bbox 2200 4761 3798 4833">
     <span class='ocr_line' id='line_1_108' title="bbox 2200 4761 3798 4833; baseline -0.006 -15"><span class='ocrx_word' id='word_1_762' title='bbox 2200 4768 2421 4829; x_wconf 83' lang='grc' dir='ltr'><strong>πάντων,</strong></span> <span class='ocrx_word' id='word_1_763' title='bbox 2473 4767 2542 4824; x_wconf 89' lang='grc' dir='ltr'><strong>ὡς</strong></span> <span class='ocrx_word' id='word_1_764' title='bbox 2582 4761 2994 4833; x_wconf 84' lang='grc' dir='ltr'><strong>ἀναγκαιοτάτην</strong></span> <span class='ocrx_word' id='word_1_765' title='bbox 3054 4765 3407 4833; x_wconf 72' lang='grc' dir='ltr'><strong>Χριπιανοῖς.</strong></span> <span class='ocrx_word' id='word_1_766' title='bbox 3456 4766 3798 4831; x_wconf 69' lang='grc' dir='ltr'><strong>Χαρακτηρι-</strong></span> 
     </span>
    </p>
   </div>
   <div class='ocr_carea' id='block_1_109' title="bbox 2204 4846 3800 4926">
    <p class='ocr_par' dir='ltr' id='par_1_109' title="bbox 2204 4846 3800 4926">
     <span class='ocr_line' id='line_1_109' title="bbox 2204 4846 3800 4926; baseline -0.006 -19"><span class='ocrx_word' id='word_1_767' title='bbox 2204 4856 2379 4907; x_wconf 89' lang='grc' dir='ltr'><strong>στικὸν</strong></span> <span class='ocrx_word' id='word_1_768' title='bbox 2434 4856 2521 4926; x_wconf 73' lang='grc' dir='ltr'><strong>μεν</strong></span> <span class='ocrx_word' id='word_1_769' title='bbox 2577 4850 2676 4924; x_wconf 81' lang='grc' dir='ltr'><strong>γὰρ</strong></span> <span class='ocrx_word' id='word_1_770' title='bbox 2737 4856 3056 4925; x_wconf 77' lang='grc' dir='ltr'><strong>Χριστιανοῦ</strong></span> <span class='ocrx_word' id='word_1_771' title='bbox 3117 4850 3309 4908; x_wconf 83' lang='grc' dir='ltr'><strong>παντὸς</strong></span> <span class='ocrx_word' id='word_1_772' title='bbox 3366 4850 3397 4905; x_wconf 80' lang='grc' dir='ltr'><strong>ἠ</strong></span> <span class='ocrx_word' id='word_1_773' title='bbox 3447 4846 3628 4919; x_wconf 79' lang='grc' dir='ltr'><strong>ἀγάπη</strong></span> <span class='ocrx_word' id='word_1_774' title='bbox 3656 4866 3668 4879; x_wconf 68' lang='grc' dir='ltr'><strong>υ</strong></span> <span class='ocrx_word' id='word_1_775' title='bbox 3730 4846 3800 4899; x_wconf 70' lang='grc' dir='ltr'><strong>Ἔν</strong></span> 
     </span>
    </p>
   </div>
   <div class='ocr_carea' id='block_1_110' title="bbox 2200 4936 3799 5016">
    <p class='ocr_par' dir='ltr' id='par_1_110' title="bbox 2200 4936 3799 5016">
     <span class='ocr_line' id='line_1_110' title="bbox 2200 4936 3799 5016; baseline -0.008 -19"><span class='ocrx_word' id='word_1_776' title='bbox 2200 4945 2365 5015; x_wconf 84' lang='grc' dir='ltr'><strong>τούτῳ</strong></span> <span class='ocrx_word' id='word_1_777' title='bbox 2458 4945 2579 5016; x_wconf 85' lang='grc' dir='ltr'><strong>γὰρ,</strong></span> <span class='ocrx_word' id='word_1_778' title='bbox 2667 4944 2817 5012; x_wconf 80' lang='grc' dir='ltr'><strong>φησὶ,</strong></span> <span class='ocrx_word' id='word_1_779' title='bbox 2891 4942 3175 5010; x_wconf 85' lang='grc' dir='ltr'><strong>γνώσονται</strong></span> <span class='ocrx_word' id='word_1_780' title='bbox 3261 4938 3448 4998; x_wconf 84' lang='grc' dir='ltr'><strong>πάντες</strong></span> <span class='ocrx_word' id='word_1_781' title='bbox 3528 4938 3609 4990; x_wconf 86' lang='grc' dir='ltr'><strong>ὅτι</strong></span> <span class='ocrx_word' id='word_1_782' title='bbox 3692 4936 3799 5008; x_wconf 75' lang='grc' dir='ltr'><strong>ἐμοὶ</strong></span> 
     </span>
    </p>
   </div>
   <div class='ocr_carea' id='block_1_111' title="bbox 2202 5024 3802 5106">
    <p class='ocr_par' dir='ltr' id='par_1_111' title="bbox 2202 5024 3802 5106">
     <span class='ocr_line' id='line_1_111' title="bbox 2202 5024 3802 5106; baseline -0.013 -20"><span class='ocrx_word' id='word_1_783' title='bbox 2202 5034 2432 5106; x_wconf 81' lang='grc' dir='ltr'><strong>μαθηταί</strong></span> <span class='ocrx_word' id='word_1_784' title='bbox 2512 5029 2644 5096; x_wconf 77' lang='grc' dir='ltr'><strong>ἕστε,</strong></span> <span class='ocrx_word' id='word_1_785' title='bbox 2695 5026 2778 5080; x_wconf 70' lang='grc' dir='ltr'><strong>ἐὰν</strong></span> <span class='ocrx_word' id='word_1_786' title='bbox 2855 5024 3061 5099; x_wconf 81' lang='grc' dir='ltr'><strong>ἀγάπην</strong></span> <span class='ocrx_word' id='word_1_787' title='bbox 3136 5029 3297 5099; x_wconf 79' lang='grc' dir='ltr'><strong>ἔχητε</strong></span> <span class='ocrx_word' id='word_1_788' title='bbox 3355 5028 3469 5097; x_wconf 83' lang='grc'>(69)</span> <span class='ocrx_word' id='word_1_789' title='bbox 3537 5026 3586 5078; x_wconf 72' lang='grc' dir='ltr'><strong>ἐν</strong></span> <span class='ocrx_word' id='word_1_790' title='bbox 3655 5024 3802 5082; x_wconf 61' lang='grc' dir='ltr'><strong>ἀλλὴ.</strong></span> 
     </span>
    </p>
   </div>
   <div class='ocr_carea' id='block_1_112' title="bbox 2200 5114 3797 5191">
    <p class='ocr_par' dir='ltr' id='par_1_112' title="bbox 2200 5114 3797 5191">
     <span class='ocr_line' id='line_1_112' title="bbox 2200 5114 3797 5191; baseline -0.004 -18"><span class='ocrx_word' id='word_1_791' title='bbox 2200 5122 2339 5183; x_wconf 87' lang='grc' dir='ltr'><strong>λοις·</strong></span> <span class='ocrx_word' id='word_1_792' title='bbox 2381 5122 2576 5180; x_wconf 86' lang='grc' dir='ltr'><strong>ταύτης</strong></span> <span class='ocrx_word' id='word_1_793' title='bbox 2630 5114 2687 5171; x_wconf 69' lang='grc' dir='ltr'><strong>δὲ</strong></span> <span class='ocrx_word' id='word_1_794' title='bbox 2718 5120 2789 5191; x_wconf 19' lang='grc' dir='ltr'><strong>’τὸ</strong></span> <span class='ocrx_word' id='word_1_795' title='bbox 2834 5117 3111 5189; x_wconf 75' lang='grc' dir='ltr'><strong>κράτιστον</strong></span> <span class='ocrx_word' id='word_1_796' title='bbox 3167 5117 3198 5173; x_wconf 82' lang='grc' dir='ltr'>ἡ</span> <span class='ocrx_word' id='word_1_797' title='bbox 3258 5114 3592 5188; x_wconf 79' lang='grc' dir='ltr'><strong>φιλοπτωχία</strong></span> <span class='ocrx_word' id='word_1_798' title='bbox 3638 5118 3732 5166; x_wconf 77' lang='grc' dir='ltr'><strong>καὶ</strong></span> <span class='ocrx_word' id='word_1_799' title='bbox 3773 5114 3797 5167; x_wconf 77' lang='grc' dir='ltr'><strong>ἑ</strong></span> 
     </span>
    </p>
   </div>
   <div class='ocr_carea' id='block_1_113' title="bbox 2202 5202 3805 5284">
    <p class='ocr_par' dir='ltr' id='par_1_113' title="bbox 2202 5202 3805 5284">
     <span class='ocr_line' id='line_1_113' title="bbox 2202 5202 3805 5284; baseline -0.004 -22"><span class='ocrx_word' id='word_1_800' title='bbox 2202 5212 2317 5284; x_wconf 83' lang='grc' dir='ltr'><strong>περὶ</strong></span> <span class='ocrx_word' id='word_1_801' title='bbox 2364 5211 2421 5261; x_wconf 86' lang='grc' dir='ltr'><strong>τὸ</strong></span> <span class='ocrx_word' id='word_1_802' title='bbox 2465 5208 2703 5281; x_wconf 73' lang='grc' dir='ltr'><strong>συγγενὶς</strong></span> <span class='ocrx_word' id='word_1_803' title='bbox 2751 5204 3112 5279; x_wconf 71' lang='grc' dir='ltr'><strong>εὐπλαγχνία</strong></span> <span class='ocrx_word' id='word_1_804' title='bbox 3162 5208 3253 5256; x_wconf 85' lang='grc' dir='ltr'><strong>καὶ</strong></span> <span class='ocrx_word' id='word_1_805' title='bbox 3323 5205 3628 5277; x_wconf 80' lang='grc' dir='ltr'><strong>συμπάθεια</strong></span> <span class='ocrx_word' id='word_1_806' title='bbox 3675 5202 3805 5256; x_wconf 78' lang='grc' dir='ltr'><strong>κατὰ</strong></span> 
     </span>
    </p>
   </div>
   <div class='ocr_carea' id='block_1_114' title="bbox 1668 5454 2581 5527">
    <p class='ocr_par' dir='ltr' id='par_1_114' title="bbox 1668 5454 2581 5527">
     <span class='ocr_line' id='line_1_114' title="bbox 1668 5454 2581 5527; baseline 0 -5"><span class='ocrx_word' id='word_1_807' title='bbox 1668 5454 1891 5525; x_wconf 61' lang='grc' dir='ltr'><strong>νοτία)</strong></span> <span class='ocrx_word' id='word_1_808' title='bbox 1925 5456 2253 5527; x_wconf 89' lang='lat' dir='ltr'><strong>lectiones</strong></span> <span class='ocrx_word' id='word_1_809' title='bbox 2294 5464 2361 5525; x_wconf 92' lang='lat' dir='ltr'><strong>et</strong></span> <span class='ocrx_word' id='word_1_810' title='bbox 2381 5464 2581 5523; x_wconf 62' lang='lat' dir='ltr'><strong>notas.</strong></span> 
     </span>
    </p>
   </div>
   <div class='ocr_carea' id='block_1_115' title="bbox 456 5610 961 5691">
    <p class='ocr_par' dir='ltr' id='par_1_115' title="bbox 456 5610 961 5691">
     <span class='ocr_line' id='line_1_115' title="bbox 456 5610 961 5691; baseline 0.006 -25"><span class='ocrx_word' id='word_1_811' title='bbox 456 5686 459 5691; x_wconf 21' lang='grc' dir='ltr'><em>Α</em></span> <span class='ocrx_word' id='word_1_812' title='bbox 524 5610 637 5683; x_wconf 81' lang='grc'>(69)</span> <span class='ocrx_word' id='word_1_813' title='bbox 667 5610 869 5685; x_wconf 81' lang='grc' dir='ltr'><strong>Ἔχετε,</strong></span> <span class='ocrx_word' id='word_1_814' title='bbox 899 5620 961 5669; x_wconf 81' lang='grc' dir='ltr'><strong>Δ.</strong></span> 
     </span>
    </p>
   </div>
  </div>
