3904 6210
103 264 185 322 641
1079 254 1448 317 COMMENT.
1490 255 1561 312 IN
1599 249 2048 312 MATTHIEUM.
2088 253 2156 294 4—
2194 250 2352 312 CAP.
2392 249 2589 311 XXVI.

3273 262 3376 318 642

111 395 185 443 τὸν
239 388 439 458 Θεολόγον
500 388 800 458 Γρηγόριον.
868 379 1058 436 Ούδενὶ
1119 386 1242 457 γὰρ,
1305 387 1454 456 φησὶ,
1525 389 1624 433 τῶν

1797 378 1897 432 tim
1927 377 2042 434 alia
2065 393 2144 443 re,
2178 377 2387 449 inquit,
2420 378 2575 434 inter
2601 393 2816 436 omnes
2849 378 2933 436 ita
2959 381 3171 439 colitur
3202 385 3375 453 Deus,

111 482 297 536 πάντων.
343 479 397 537 ὡς
443 475 553 546 ἐλέῳ
605 477 736 537 Θεὸς
767 475 1121 548 θεραπεύεται,
1181 469 1303 524 οὐδὲ
1349 470 1484 541 ἄλλῳ
1522 474 1624 522 τινὶ

107 567 264 638 μᾶλλον
300 569 324 622 ἦ
364 563 698 636 φιλανθρωπίᾳ
759 565 818 614 τὸ
874 562 1226 636 φιλάνθρωπον
1274 555 1622 613 ἀντιδίδοται.

106 656 266 708 Λοιπὸν
307 649 382 704 οὖν
428 651 688 725 ἐξαιρέτως
737 648 1080 722 διαλαμϐάνει
1134 655 1252 723 περὶ
1297 656 1389 702 τοῦ
1433 647 1626 718 ἐξαιρέ-

106 762 177 794 του
224 747 516 816 Χριστιανοῖς
581 741 1004 812 κατορθώματος,
1062 737 1288 811 ἐκφοϐῶν
1340 737 1472 789 οὕτω
1534 738 1624 786 καὶ

107 832 350 903 συμπείθων
414 831 564 900 ἡμᾶς,
641 827 940 902 ἀνθρώπους
997 831 1158 890 ὄντας,
1235 827 1624 904 φιλανθρώπους

104 922 314 990 γίνεσθαι,
355 921 642 992 χρῄζοντας
683 924 779 979 τῆς
824 916 946 989 παρ’
985 917 1146 969 αὑτοῦ
1184 921 1294 969 τότε
1337 917 1619 993 φιλανθρω-

105 1013 218 1070 πίας.
262 1011 561 1067 Δικαιότατος
613 1003 673 1059 δι
718 1008 904 1078 μισθός
955 1013 1064 1066 τοῖς
1131 1008 1221 1078 μὲν
1289 1003 1622 1078 ἀνελεήμοσιν

105 1096 437 1167 balanos-ﬁrm
473 1101 577 1155 τοῖς
621 1090 681 1148 δὲ
710 1093 978 1166 ἐλεήμοσιν
1009 1093 1346 1168 ἐλεημοσύνη.
1395 1099 1492 1148 Καὶ
1519 1097 1618 1169 γὰρ

103 1184 220 1237 ἐλεῶν
273 1181 580 1238 ἀντιδίδωσιν
655 1191 852 1258 μικρῶν
916 1185 1331 1259 κατορθωμάτων
1395 1184 1622 1256 μεγάλας

103 1273 299 1345 ἀμοιϐάς.
350 1278 404 1327 Τί
461 1275 562 1344 γὰρ
627 1281 718 1333 τῆς
770 1271 1043 1345 βασιλείας
1103 1271 1294 1334 ἐκείνης
1346 1272 1616 1341 ἀντάξιον;

102 1360 228 1418 Δῆλον
253 1358 300 1414 δε
324 1362 391 1413 ότι
417 1360 470 1414 ἐκ
493 1369 593 1413 τῶν
620 1357 658 1414 δ
660 1359 916 1429 υναμένων
955 1360 1160 1414 ἀπαιτεί
1200 1366 1294 1420 τὴν
1338 1361 1619 1435 φιλανθρω-

96 1453 222 1500 πίαν·
261 1457 354 1511 τοῖς
391 1452 487 1522 γὰρ
531 1453 605 1522 μὴ
663 1446 967 1522 δυναμένοις
1008 1448 1154 1522 ἀρκεῖ
1203 1453 1262 1502 τὸ
1312 1448 1616 1522 βούλεσθαι.

99 1538 278 1610 Διάφορα
314 1534 366 1590 δι
388 1541 510 1611 μέρη
543 1536 817 1608 καταλέγει
844 1546 934 1599 τῆς
981 1537 1383 1613 φιλανθρωπίας,
1421 1540 1526 1608 ἶνα,
1574 1539 1619 1591 εἰ

97 1629 163 1696 μιν
187 1621 392 1692 δυνατόν,
419 1628 584 1679 πάντα
603 1627 1015 1701 κατορθώσωμεν
1034 1644 1048 1657 ·
1077 1632 1120 1680 εἱ
1151 1623 1210 1681 δε
1233 1633 1324 1700 μὴ,
1355 1629 1451 1680 κᾶν
1475 1645 1536 1699 γε
1556 1629 1621 1681 τὰ

99 1710 270 1769 δυνατοί.

149 1807 249 1856 Τότε
292 1829 352 1846 ·-
388 1802 686 1863 ἐποιήσατε.
749 1803 969 1858 Βασιλέα
1016 1803 1197 1858 ἐαυτὸν
1253 1803 1508 1875 ἐκάλεσεν,
1557 1808 1622 1866 ὡς

94 1894 248 1943 πάντων
283 1891 446 1944 λοιπὸν
483 1895 924 1965 ὑποτεταγμένων.
960 1893 1176 1966 Ἐφόσον
1225 1891 1303 1966 δὲ,
1344 1895 1456 1948 ἀντὶ
1503 1902 1618 1966 τοῦ,

95 1978 304 2035 Καθόσον.
351 1978 630 2054 Ἀδελφούς
663 1979 722 2035 δε
768 1987 888 2044 τούς
923 1987 1147 2044 πένητας
1191 1983 1302 2055 (70)
1337 1983 1618 2057 ὠνόμασεν,

93 2070 144 2128 ὡς
169 2070 319 2140 ὁμοίαν
343 2069 514 2131 αὐτοῖς
535 2069 800 2122 ἀναλαϐὼν
832 2074 988 2144 φύσιν
1019 2075 1108 2123 καὶ
1148 2071 1556 2144 ἐλαχιστότητα,
1589 2077 1616 2132 ἦ

91 2160 159 2207 καὶ
178 2157 231 2216 ὡς
251 2160 505 2220 κοινωνοὺς
529 2168 627 2219 τῆς
652 2158 810 2210 αὐτοῦ
835 2164 1012 2219 πενίας
1041 2160 1176 2230 (71).

142 2249 241 2296 Τότε
269 2277 324 2286 —-
353 2246 526 2302 αὐτοῦ.
555 2247 738 2322 Ὁρᾷς,
767 2249 797 2305 ἠ
833 2246 1080 2320 βασιλεία
1213 2256 1318 2310 τοῖς
1339 2248 1622 2324 ἀνθρώποις

91 2332 350 2403 irritatis-9n,
397 2339 454 2388 τὸ
485 2344 587 2410 πῦρ
622 2337 682 2388 δε
711 2344 819 2398 τοῖς
850 2336 1122 2409 ὸαίμοσιν.
1165 2339 1230 2390 Οἱ
1262 2336 1622 2412 ἀφρονέστεροι

89 2415 131 2470 δι
158 2429 240 2473 τῶν
275 2421 542 2498 ἀνθρώπων
566 2427 634 2478 τὰ
664 2432 756 2488 τῆς
783 2423 1052 2498 βασιλείας
1080 2426 1204 2490 ἄξια
1231 2427 1620 2497 καταλιπόντες,

89 2508 135 2557 τὰ
155 2518 231 2561 τοῦ
263 2517 414 2587 πυρὸς
437 2514 562 2578 ἀξια
590 2519 949 2590 προετίμησαν
973 2532 986 2546 ’
1017 2511 1104 2568 διὸ
1138 2521 1228 2569 καὶ
1255 2515 1448 2580 ἐκείνης
1475 2515 1625 2572 ἐκπι-

89 2601 239 2667 σόντις,
283 2610 434 2656 τοῶτο
461 2606 876 2680 κατεκρίθησαν.
907 2602 1037 2659 Εἶτα
1069 2610 1158 2660 καὶ
1199 2608 1229 2666 ἠ
1281 2606 1427 2663 αἰτία
1469 2607 1624 2662 πάλιν

86 2693 154 2746 fit
173 2696 407 2764 τιμωρίας.

139 2938 362 2992 Επείνασα
386 2969 455 2983 --
501 2961 581 2997 us.
613 2942 727 2995 Ούκ
757 2939 912 3010 εἶπεν,
945 2945 1026 2998 ὅτι
1068 2945 1180 3000 Ούκ
1210 2945 1536 3012 annosam
1563 2968 1626 3022 με

1736 473 1800 524 ut
1830 467 2234 524 misericordia
2269 484 2280 520 :
2307 482 2500 539 neque
2527 467 2621 524 alii
2648 469 2928 541 cuiquam
2954 473 3145 541 magis
3170 489 3378 548 repen-

1734 556 1906 611 detur
1924 556 2266 612 humanitas
2297 572 2480 628 quam
2511 556 2888 614 humanitati.
2916 559 3211 632 Praecipue
3236 579 3378 637 ergo

1734 643 1972 700 disserit
2011 643 2086 699 de
2142 645 2444 716 praecipuo
2513 645 2975 702 Christianorum
3018 664 3219 720 Opere,
3262 653 3379 710 hoc

1734 733 1913 788 modo
1941 748 2052 788 nos
2072 737 2128 788 et
2153 739 2452 788 exterrens
2482 739 2538 787 et
2592 735 2914 802 attrahens,
2947 740 3012 792 ut
3040 738 3142 808 qui
3186 739 3376 797 homi-

1732 835 1838 876 nes
1864 837 2091 886 sumus,
2123 821 2375 876 humani
2413 819 2762 886 efﬁciamur,
2818 830 3050 880 utentes
3109 842 3202 891 ea,
3260 845 3379 901 qua

1729 909 1857 980 ipse
1888 913 2028 964 tunc
2057 912 2250 964 utetur
2278 909 2661 964 humanitate.
2690 912 3016 966 Justissima
3054 919 3142 970 est
3177 921 3378 974 autem

1729 1012 1978 1062 merces,
2003 1001 2069 1052 ut
2097 996 2442 1052 inhumanis
2463 995 2892 1062 inhumanitas,
2919 1004 2974 1055 et
2993 1002 3380 1060 misericordi-

1728 1085 1846 1142 bus
1864 1085 2264 1142 misericordia
2283 1085 2665 1156 rependatur.
2691 1085 2918 1142 Etenim
2940 1087 3072 1160 ipse
3085 1093 3189 1161 qui
3207 1093 3381 1149 mise-

1728 1173 1910 1230 ricors
1939 1179 2048 1240 est,
2073 1174 2272 1248 parvis
2309 1173 2592 1246 operibus
2617 1189 2904 1244 magnum
2937 1177 3206 1235 retribuit
3233 1195 3381 1251 prae-

1727 1263 1919 1318 mium
1953 1279 1966 1317 :
1996 1263 2141 1334 quid
2172 1263 2330 1318 enim
2369 1277 2553 1332 regno
2582 1262 2662 1318 illi
2694 1263 2923 1336 aequale
2951 1280 3082 1321 esse
3112 1269 3325 1338 poterit
3353 1270 3381 1326 ?

1727 1349 2097 1408 Manifestum
2119 1353 2208 1406 est
2226 1355 2428 1406 autem
2457 1349 2623 1421 quod
2648 1366 2720 1406 ex
2743 1351 2838 1407 his
2865 1368 3000 1424 quas
3031 1369 3375 1425 possumus,

1725 1438 2158 1495 humanitatem
2189 1437 2430 1509 requirit
2464 1454 2476 1491 :
2510 1437 2600 1492 his
2629 1439 2790 1494 enim
2819 1441 2919 1511 qui
2956 1457 3076 1496 non
3106 1450 3378 1516 possunt,

1728 1527 2122 1599 sufﬁcitquod
2145 1526 2342 1582 velint.
2369 1526 2574 1583 Varias
2587 1527 2747 1582 enim
2768 1528 3154 1587 humanitatis
3180 1538 3382 1603 partes

1727 1621 1990 1672 recenset
2019 1632 2032 1671 :
2066 1620 2130 1671 ut
2159 1615 2448 1686 siquidem
2478 1631 2820 1687 possumus,
2885 1633 3096 1675 omnes
3136 1621 3381 1694 implea-

1651 1719 1694 1775 ις
1729 1721 1866 1762 mus
1893 1721 1906 1760 :
1941 1705 2036 1760 sin
2066 1705 2284 1768 minus,
2319 1709 2378 1761 at
2407 1703 2619 1761 saltem
2650 1721 2752 1762 eas
2789 1722 2942 1778 quas
2974 1724 3314 1780 possumus.

1799 1796 1962 1850 Vers.
1990 1797 2077 1850 37.
2113 1795 2270 1848 Tunc
2299 1824 2367 1833 —
2405 1795 2564 1848 Vers.
2590 1795 2680 1849 40.
2718 1795 2964 1863 fecistis.
3005 1797 3228 1868 Regem
3274 1817 3382 1857 vo-

1729 1885 1886 1940 cavit
1915 1883 2200 1954 seipsum,
2235 1887 2524 1954 tanquam
2578 1883 2862 1939 omnibus
2887 1885 3016 1955 jam
3063 1887 3375 1958 subjectis.

1731 1970 2026 2040 Quatenus
2039 1977 2258 2036 autem,
2289 1969 2351 2025 id
2381 1974 2485 2034 est,
2504 1972 2567 2024 In
2589 1977 2904 2042 quantum.
2928 1975 3160 2030 Fratres
3180 1982 3380 2035 autem

1729 2058 1958 2116 vocavit
1979 2074 2295 2131 pauperes,
2328 2062 2390 2114 ut
2419 2059 2521 2130 qui
2546 2059 2798 2114 similem
2822 2077 2959 2117 cuin
3001 2063 3084 2118 eis
3108 2081 3381 2138 suscepe-

1729 2151 1802 2204 rit
1832 2153 2108 2204 naturam
2139 2151 2194 2202 et
2242 2146 2634 2219 abjectionem
2663 2166 2676 2204 :
2710 2150 2804 2204 vel
2855 2151 3034 2207 etiam
3087 2157 3380 2226 tanquam

1730 2253 1833 2294 eos
1864 2236 1967 2310 qui
1989 2235 2562 2292 communicaverint
2587 2238 2929 2309 paupertati
2951 2239 3138 2312 ipsius
3155 2283 3168 2296 .

1800 2329 1960 2382 Vers.
2003 2326 2090 2380 41.
2126 2326 2283 2382 Tunc
2311 2326 2540 2396 —eju¢.
2580 2324 2755 2382 Vides
2786 2327 2814 2382 ?
2833 2329 3106 2399 Regnum
3132 2330 3382 2404 quidem

1729 2414 2076 2471 hominibus
2123 2418 2392 2486 paratum
2447 2416 2555 2480 est,
2597 2413 2751 2484 ignis
2803 2431 2944 2472 vero
2983 2416 3380 2476 daemonibus.

1729 2501 2210 2575 lnsipientissimi
2247 2508 2447 2559 autem
2504 2502 2799 2574 homines,
2842 2505 3057 2561 relictis
3108 2506 3200 2564 his
3244 2525 3382 2582 qua

1729 2607 1916 2666 regno
1928 2591 2112 2662 digna
2143 2596 2300 2659 sunt,
2333 2589 2650 2663 praeferunt
2667 2607 2738 2648 ea
2762 2609 2898 2664 quae
2921 2594 3122 2665 ignem
3148 2613 3382 2668 prome-

1730 2686 1964 2739 rentur:
1987 2679 2121 2739 ideo
2138 2682 2318 2738 etiam
2347 2680 2427 2737 ab
2456 2680 2554 2738 illo
2576 2681 2933 2748 excidentes,
2949 2683 3027 2739 ad
3044 2685 3202 2740 hunc
3233 2701 3381 2742 con-

1729 2770 2115 2828 demnantur.
2136 2770 2352 2828 Deinde
2369 2785 2576 2826 rursus
2606 2785 2788 2828 causa
2806 2771 2986 2828 etiam
3015 2771 3254 2830 ultionis
3275 2789 3381 2846 po-

1729 2861 1909 2918 nitur.

1800 2951 1960 3005 Vers.
2001 2949 2092 3004 42.
2149 2947 2398 3005 Esurivi
2433 2980 2502 2992 —
2531 2944 2696 3010 Vers.
2737 2949 2826 3008 43.
2859 2965 2967 3010 me.
3022 2948 3154 3010 Non
3206 2949 3378 3021 dixit,

85 3028 152 3080 τός
175 3030 321 3088 πενίας
343 3034 428 3082 καὶ
456 3039 554 3092 τῆς
585 3029 854 3096 ἀσθενείας
879 3038 968 3086 καὶ
995 3043 1058 3094 τῆ
1069 3055 1091 3097 ς
1129 3035 1326 3108 φυλακῆ
1339 3057 1381 3106 ς,
1410 3035 1513 3090 ἀλλ’
1547 3040 1624 3092 ὅτι

1797 3053 1858 3094 )n
1871 3037 2164 3094 liberastis
2180 3053 2273 3092 me
2291 3043 2659 3110 paupertate,
2678 3040 3024 3099 inﬁrmitate
3042 3056 3108 3099 ac
3123 3058 3381 3111 carcere,

84 3113 140 3159 Τὰ
157 3109 382 3184 ἀναγκαῖα
399 3119 494 3171 οὐκ
510 3117 858 3188 ἐνεδείξασθε,
885 3124 964 3175 ὅτι
978 3125 1045 3176 τὰ
1057 3122 1222 3200 ια
1237 3126 1330 3179 οὐκ
1351 3125 1620 3201 ἐπράξατε.

83 3201 245 3271 Πρῶτον
269 3200 323 3258 δε
345 3211 457 3269 τούς
477 3208 751 3282 ἐλεήμονας
777 3209 1141 3285 ἀνακηρύττει,
1171 3211 1417 3269 δεικνύων
1446 3221 1504 3270 τὸ
1533 3224 1626 3270 τοῦ

84 3293 428 3374 ξπσορθώματος
471 3299 709 3374 εύχερὶς,
744 3301 827 3353 ἵνα
855 3300 942 3354 ἀπ’
978 3304 1179 3356 ἐκείνων
1209 3308 1420 3368 τούτους
1467 3326 1626 3361 κατα-

83 3369 258 3453 δικάσῃ.

133 3472 237 3521 Τότε
286 3503 348 3513 -
381 3471 686 3534 ἐποιήσατε.
734 3477 956 3540 Εἰκότως
1005 3481 1032 3532 ὁ
1081 3484 1171 3554 μὲν
1224 3479 1446 3556 ἐλεήμων
1502 3484 1624 3544 κλη-

81 3563 245 3627 ρΰνομεῐ
269 3564 354 3618 τὴν
402 3562 704 3635 βασιλείαν,
751 3568 831 3619 ὅτι
882 3571 976 3626 τὴν
1025 3567 1232 3641 ἀγάπην
1289 3575 1621 3646 κατώρθωσε,

80 3651 153 3736 ἴξιν
205 3644 377 3720 ἀρετῶν
438 3656 497 3705 τὸ
567 3655 878 3726 κεφάλαιον·
949 3661 1142 3720 ταύτης
1209 3663 1306 3737 γὰρ
1377 3644 1527 3737 μέρος

83 3739 344 3802 unm-3m
370 3757 381 3768 ο
435 3743 461 3792 6
515 3737 566 3794 δ’
613 3743 902 3817 ἀνελεήμων
959 3746 1031 3808 εἰς
1079 3752 1136 3800 τὸ
1185 3754 1284 3824 πῦρ
1336 3748 1628 3825 ἀποπέμπε-

78 3835 176 3868 ται·
201 3820 324 3878 διότι
350 3830 404 3880 τὸ
435 3834 666 3883 ἐναντίον
696 3840 756 3906 τῇ
799 3832 975 3908 ἀγάπῃ
1007 3843 1164 3908 μῖσος
1207 3837 1479 3913 ἐκτήσατο,
1529 3852 1626 3896 τῶν

84 3917 246 4006 κακιῶν
281 3917 328 3965 τό
377 3919 694 3990 κεφάλαιον·
756 3931 939 3975 τούτου
996 3929 1094 4000 γὰρ
1154 3927 1344 3999 ὁμοίως
1397 3933 1546 4006 μέρος
1593 3935 1622 3992 ἡ

83 3995 433 4070 ωδελεηξιοοὼη.
470 4012 574 4061 Καὶ
599 4010 625 4060 6
653 4012 742 4082 μὲν
771 4014 857 4063 τὸν
888 4010 1133 4086 ἐλεήμονα
1161 4021 1248 4068 καὶ
1274 4017 1627 4095 φιλάνθρωπον

236 4086 532 4162 impria-aro,
591 4099 617 4149 6
656 4094 714 4150 δὲ
768 4098 1076 4174 ἀνελεήμονα
1121 4110 1212 4158 καὶ
1263 4112 1630 4184 μισάνθρωπον

82 4165 300 4234 διάϐολον.

139 4268 221 4358 lini
254 4299 313 4310 —
342 4272 570 4330 αἰώνιον.
621 4276 758 4330 Ούαὶ
805 4284 936 4332 πᾶσι
992 4283 1082 4353 μὲν
1131 4290 1238 4347 τοῖς
1283 4285 1626 4363 ἁμαρτωλοῖς,

77 4349 268 4416 μάλιστα
295 4354 351 4412 δε
380 4370 490 4425 τοῖς
522 4362 847 4438 ἀνελεήμοσι.

136 4443 220 4494 Καὶ
253 4449 436 4517 ἐγένετο
488 4484 562 4494 —
594 4457 979 4530 σταυρωθῆναι.
1015 4463 1118 4512 Τοῦ
1167 4470 1382 4534 νομικοῦ
1430 4470 1632 4538 Πασχα

136 4535 415 4600 autumno;
498 4544 634 4595 κατά
698 4548 794 4602 τὴν
882 4547 1460 4623 τεσσαρεσκαιδεκάτην
1536 4562 1630 4608 τοῦ

78 4621 226 4712 intris,
264 4625 325 4686 ὡς
373 4629 548 4702 όπερὶ
604 4634 790 4684 τούτου
842 4634 996 4706 νόμος
1048 4621 1307 4714 ἐπέτρεπε,
1370 4639 1630 4714 πρόδηλον

81 4719 140 4806 οἵ(
190 4715 308 4764 κατὰ
360 4719 452 4774 τὴν
506 4714 816 4780 δωδεκάτην
868 4731 1020 4776 τοῦτο
1061 4731 1190 4802 πρὸς
1233 4731 1352 4792 τοὺς
1393 4734 1631 4804 μαθητὰς

79 4809 233 4898 “fut.
277 4807 418 4856 Κατὰ
455 4809 655 4867 ταύτην
696 4814 787 4882 μεν
829 4814 930 4886 γὰρ
988 4817 1083 4873 τὴν
1141 4812 1446 4880 δωδεκάτην
1488 4827 1632 4900 παρὰ

78 4895 127 4951 τῇ
173 4895 244 4960 atq:
289 4897 516 4965 Σίμωνος
576 4905 666 4951 τοῦ
711 4896 898 4974 λεπροῦ
950 4903 1066 4977 (72)
1122 4903 1448 4981 δεδείπνηκε,
1497 4895 1631 4968 κατὰ

82 4541 135 4574 συ

1662 4422 1709 4479 D

1733 3125 1856 3181 sed.
1882 3127 2022 3190 Quae
2052 3127 2388 3181 necessaria
2410 3131 2548 3181 sunt
2582 3143 2704 3183 non
2754 3131 3108 3201 praebuistis,
3143 3147 3274 3204 quin
3297 3132 3384 3190 fa-

1732 3214 1865 3270 cilia
1894 3218 2028 3269 sunt
2057 3212 2434 3269 nonfecistis.
2461 3213 2715 3270 Primum
2743 3222 2941 3273 autem
2959 3217 3382 3277 misericordes

1730 3302 2036 3376 praedicat,
2062 3303 2377 3358 ostendens
2406 3301 2552 3359 boni
2593 3304 2785 3376 operis
2814 3304 3182 3377 facilitatem,
3212 3313 3276 3365 ut
3304 3310 3382 3366 ab

1730 3391 1831 3449 illo
1852 3391 1960 3447 bos
1989 3391 2369 3447 condemnet.

1802 3483 1962 3536 Vers.
1995 3480 2084 3536 44.
2121 3481 2281 3537 Tunc
2311 3511 2378 3522 —-
2403 3480 2564 3537 Vers.
2623 3483 2713 3538 45.
2756 3481 3012 3553 fecistis.
3045 3485 3244 3542 Merito
3275 3485 3382 3560 qui

1733 3569 2070 3626 misericors
2096 3569 2222 3635 fuit,
2255 3582 2507 3641 regnum
2537 3571 2819 3642 possidet,
2851 3574 2995 3645 quia
3032 3575 3384 3633 charitatem

1733 3675 1868 3732 quin
1894 3659 2175 3715 virtutum
2228 3663 2408 3730 caput
2465 3665 2572 3726 est,
2633 3676 2811 3733 opere
2871 3662 3212 3734 complevit,
3253 3665 3384 3736 ejus

1734 3749 1894 3804 enim
1931 3763 2070 3820 pars
2096 3751 2184 3803 est
2225 3747 2628 3821 eleemosyna.
2690 3750 2802 3815 Qui
2829 3766 2969 3807 vero
2999 3751 3101 3809 fuit
3126 3753 3384 3810 immise-

1733 3837 1940 3906 ricors,
1973 3836 2034 3892 in
2063 3837 2263 3906 ignem
2298 3837 2608 3907 ablegatur
2638 3854 2651 3893 :
2684 3838 2829 3910 quia
2879 3839 3011 3896 loco
3053 3842 3387 3900 dilectionis

1735 3924 1943 3980 odium
1971 3925 2256 3997 possidet,
2285 3927 2450 3997 quod
2489 3931 2671 3999 caput
2699 3931 2788 3984 est
2837 3927 3137 3998 vitiorum,
3172 3937 3228 3988 et
3259 3933 3388 4003 ejus

1735 4015 2034 4086 praecipua
2052 4029 2192 4085 pars
2206 4019 2296 4069 est
2324 4015 2757 4071 inhumanitas.
2777 4016 2872 4073 llle
2890 4034 3131 4091 quoque
3155 4020 3388 4077 miseri-

1736 4102 1978 4158 cordem
2005 4102 2458 4174 humanumque
2485 4105 2670 4159 Deum
2696 4105 2960 4162 imitatus
3000 4113 3128 4174 est;
3162 4110 3256 4165 hic
3287 4126 3389 4166 au-

1739 4195 1854 4248 tem
1888 4189 2424 4248 immtsericordem
2466 4192 2985 4266 inhumanumque
3044 4196 3380 4254 diabolum.

1807 4279 1969 4334 Vers.
2011 4281 2099 4335 46.
2129 4280 2208 4334 Et
2233 4310 2300 4319 —
2328 4283 2623 4337 aeternam.
2675 4281 2770 4338 Va
2826 4283 3110 4338 omnibus
3141 4284 3390 4356 quidem

1737 4368 2174 4440 peccatoribus,
2208 4367 2468 4425 maxime
2536 4374 2737 4425 tamen
2790 4370 3384 4428 immisericordibus.

1811 4475 1965 4532 CAP.
2011 4476 2186 4531 XXVI.
2225 4476 2384 4531 Vers.
2439 4479 2489 4531 1.
2535 4477 2601 4532 Et
2639 4477 2867 4546 factum
2908 4484 3011 4534 est.
3043 4507 3114 4518 -—
3140 4479 3382 4536 Vers.2.

1739 4563 2136 4636 cruciﬁgatur.
2192 4566 2339 4620 Cum
2387 4563 2576 4634 legale
2620 4565 2847 4622 Pascha
2891 4565 3129 4624 decimo
3173 4573 3387 4640 quarto

1739 4653 1962 4710 mensis
1989 4653 2294 4720 incideret,
2328 4652 2478 4709 sicut
2500 4652 2596 4709 lex
2637 4670 2774 4727 quae
2805 4654 2878 4710 de
2904 4654 3006 4712 illo
3034 4658 3236 4713 statuit
3276 4656 3392 4713 dis-

1739 4741 2002 4814 ponebat
2026 4757 2038 4796 :
2060 4741 2441 4798 manifestum
2467 4749 2553 4798 est
2575 4743 2732 4815 quod
2752 4743 2876 4799 haec
2895 4744 3256 4803 duodecimo
3296 4746 3391 4805 die

1740 4831 1961 4887 mensis
1982 4827 2194 4886 dixerit
2217 4829 2541 4903 discipulis.
2571 4834 2690 4888 Hoc
2712 4832 3006 4905 siquidem
3029 4834 3391 4894 duodecimo

1739 4918 1834 4976 die
1856 4921 1918 4976 in
1929 4920 2113 4977 domo
2134 4918 2392 4978 Simonis
2409 4920 2650 4994 Leprosi
2670 4924 2953 4992 ccenavit;
2971 4923 3206 4983 decimo
3224 4925 3392 4984 tertio

1262 5034 1479 5108 Varia:
1518 5041 1848 5113 lectiones
1874 5054 1940 5112 et
1969 5054 2149 5114 notae

261 5158 470 5234 ᾼύτούς,
507 5179 620 5234 pro
648 5170 764 5229 τοὺς
792 5172 1014 5234 πένητας
1047 5179 1108 5229 Δ.

131 5223 358 5325 ﬂgitio
382 5223 1219 5325 adgAit‘Henteni‘usvscholium
1250 5263 1323 5306 ex
1353 5255 1632 5325 margine

75 5300 370 5399 ξῗιηοθιξξοὶε
388 5322 408 5399 Ξ
417 5307 672 5399 Δξξιῖᾳξνοε
687 5313 951 5399 minimos
973 5300 1477 5399 υοραίῇιᾶἶθῖἑξ

74 5359 281 5428 humiles
321 5359 399 5432 m7
428 5359 449 5362 “
483 5359 489 5360 ⁷
513 5359 595 5390 ΓΤ
619 5359 666 5366 ⁷⁷
689 5359 948 5398 ”’⁷“’ξ””“ζ’“’
973 5359 1137 5414 υννῖθν
1157 5359 1366 5392 Ιυυυυομῠι
1490 5359 1632 5399 quia

74 5415 340 5464 λ,,,,.,,ι’.,
355 5463 364 5464 ί
379 5379 600 5464 εηάξσί»
619 5388 672 5464 ξε
691 5383 901 5452 αὺλεσίι
917 5394 1058 5464 ξζιηι
1079 5431 1090 5441 .
1111 5394 1164 5445 et
1179 5405 1392 5464 eosque
1409 5399 1543 5454 viles
1562 5415 1632 5456 ac

73 5430 126 5486 de
191 5440 199 5449 .
289 5430 315 5456 ,⁸
361 5430 401 5434 ἡ,
434 5430 548 5434 η---
567 5430 600 5443 ν,
621 5430 669 5438 ,ν
692 5430 901 5452 --νιννη
917 5430 1054 5467 ..τηρ
1079 5431 1090 5441 .
1111 5430 1164 5445 νυ
1179 5430 1269 5447 υυο
1289 5430 1392 5464 ειμι
1409 5430 1541 5454 unco
1562 5430 1631 5456 ut;

73 5445 397 5536 Μξιξξςξξίὲιςε
409 5450 496 5536 ,Ιιιι
505 5451 748 5536 nentur“:
767 5471 885 5536 non
902 5458 1036 5536 duco
1051 5463 1365 5521 monachos
1384 5469 1549 5536 solos,
1580 5474 1634 5527 et

73 5516 147 5585 ⁸9³
161 5516 252 5580 qui
267 5526 485 5598 montes
509 5521 870 5590 inhabitant,
888 5529 991 5584 sed
1007 5516 1635 5628 ιιπιινηᾷέιέἶῇέᾶἷίεᾉξξ

75 5581 195 5628 (tum
222 5596 556 5628 Alanorum
614 5595 730 5628 σε...»
761 5597 918 5628 In..-
945 5615 1209 5628 ..-ι---.μμ
1265 5623 1341 5628 μ-.
1399 5626 1422 5628 η
1456 5627 1481 5628 ,,
1546 5626 1556 5628 _
1621 5615 1633 5628 .

111 5593 195 5635 um
222 5593 583 5656 esurientem,
614 5595 730 5652 sive
751 5597 918 5667 fame
941 5593 1232 5672 pressuni,
1261 5593 1636 5670 nudant'aut

1733 5189 2146 5270 peregrinum:
2171 5191 2306 5270 Iros,
2321 5191 2580 5270 inquam,
2603 5191 2834 5270 fratres
2859 5201 3104 5270 vocat,et
3123 5197 3390 5267 primum

1737 5274 1831 5317 eos
1850 5260 2084 5333 taudat,
2099 5261 2203 5333 qui
2219 5262 2334 5330 piis
2347 5260 2834 5328 subveneruntmt
2848 5260 3148 5324 sententiae
3167 5284 3288 5325 sua
3302 5271 3396 5333 iu-

1739 5329 1957 5409 stitiam
1982 5329 2336 5409 demonstret
2371 5351 2386 5388 :
2409 5355 2440 5409 μ
2476 5335 2692 5409 Venite,
2729 5337 2942 5409 inquit,
2977 5340 3262 5396 benedicti
3283 5329 3393 5395 Pa-

1743 5401 1854 5457 tris
1881 5403 2012 5479 mei,
2043 5410 2100 5457 et
2132 5411 2364 5479 caetera.
2388 5407 2620 5479 Quanto
2642 5401 3026 5479 bono'poterit
3049 5426 3257 5467 nomen
3283 5411 3394 5466 hoc

1737 5475 2006 5550 pensari,
2039 5479 2104 5550 ut
2135 5475 2466 5550 benedictus
2495 5477 2592 5545 sis,
2628 5480 2798 5550 idque
2811 5475 2862 5537 'a
2891 5482 3094 5538 Patre.

1813 5544 1928 5624 (7,2)
1955 5543 2099 5624 βοά.
2138 5548 2232 5624 Α,⁸
2255 5543 2548 5624 ἐδείπνησε.
2579 5543 2731 5624 Mox:
2754 5550 2907 5607 idem
2953 5557 3086 5608 ante
3128 5555 3217 5610 τὴν
3247 5567 3393 5624 τρισ-

1744 5610 2065 5674 καίδεκάτην
2113 5610 2327 5676 Omittit
2369 5617 2448 5689 δέ,
2495 5625 2552 5678 et
2596 5621 2760 5679 addit
2812 5626 2948 5681 ante
2976 5624 3102 5698 παρ’
