3904 6210
485 244 589 300 643
1785 240 2100 298 EUTYHM]

2218 240 2507 300 [GABENI
3727 243 3818 300 644

487 385 624 426 vero
654 370 815 442 apud
847 385 979 426 eum
1011 369 1070 424 in
1100 368 1274 439 cujus
1301 368 1485 424 domo
1511 367 1797 424 intratum
1828 371 1916 424 est
1945 383 2100 424 coena

2248 365 2308 421 δε
2354 372 2448 427 τὴν
2486 362 2950 440 τρισκαιδεκάτην,
2997 364 3120 437 παρ’
3255 365 3315 417 τὸ
3353 364 3669 441 έστρωμένον
3709 366 3817 419 ἀνιὸ-

485 459 708 523 culum,
734 458 912 514 veluti
945 457 1125 528 paulo
1159 463 1290 528 post
1315 456 1822 513 demonstrabitur
1855 474 1867 512 :
1899 457 2100 514 decim

2243 477 2406 529 γαιον,
2450 460 2519 520 ὡς
2565 457 2674 528 μετ’
2720 455 2778 508 οὐ
2825 456 2952 508 πολὺ
2999 452 3385 526 δειχθήσεταιι
3416 457 3550 508 κατά
3581 461 3674 514 τήν
3718 476 3815 509 τεσ·

481 552 689 617 quarto
710 553 909 602 autem
931 546 1132 601 incidit
1155 545 1400 602 Pascha.
1421 546 1575 602 Dixit
1601 551 1798 603 autem
1820 547 1934 603 hoc
1957 547 2134 617 signi-

479 634 669 689 ﬁcans
702 636 1103 707 propinquam
1137 650 1262 691 esse
1295 640 1546 692 mortem
1580 652 1749 692 suam
1779 652 1793 703 ;
1823 651 1966 692 nam
2001 638 2131 708 ipso

477 722 685 791 legalis
717 723 959 779 Pascha:
990 729 1253 795 tempore
1282 740 1568 796 passurus
1588 730 1714 780 erat
1743 729 1798 780 et
1827 725 1971 796 ipse.
2001 728 2128 781 Non

479 816 684 866 autem
715 812 1054 883 simpliciter
1082 813 1232 868 dixit
1264 831 1277 867 :
1319 814 1615 875 Traditur,
1650 813 1753 869 sed
1784 813 2030 880 addidit,
2065 821 2129 869 ut

477 900 886 970 cruciﬁgatur.
901 902 1114 956 Judmis
1127 902 1283 956 enim
1298 908 1495 972 aperte
1521 903 1765 973 quidem
1779 903 2028 958 traditus
2042 907 2128 959 est

478 994 610 1058 post
639 1005 824 1043 unum
859 990 1030 1056 diem,
1063 990 1331 1045 videlicet
1358 990 1587 1045 decimo
1617 992 1805 1046 tertio.
1835 991 1981 1045 Nam
2011 991 2126 1047 hoc

475 1076 675 1131 adhuc
703 1079 964 1143 durante,
1003 1085 1324 1150 postquam
1365 1094 1498 1133 cum
1535 1078 1834 1150 discipulis
1874 1080 2125 1150 mystica

472 1178 645 1219 coena
664 1167 1230 1233 communicaverat,
1263 1167 1512 1222 traditus
1542 1173 1628 1222 est
1651 1167 2122 1234 insidiatoribus;

471 1257 534 1309 ut
559 1258 762 1309 autem
783 1255 1241 1324 cruciﬁgeretur,
1265 1256 1518 1311 traditus
1540 1261 1628 1311 est
1643 1261 1771 1326 post
1796 1256 1949 1312 duos
1967 1256 2120 1321 dies,

468 1341 867 1398 duodecimun
911 1343 1133 1399 scilicet
1161 1359 1232 1400 ac
1275 1343 1578 1400 decimum
1625 1343 1877 1400 tertium.
1913 1344 1994 1400 De
2022 1345 2120 1401 de-

465 1431 624 1486 cimo
654 1437 862 1502 quarto
883 1432 1043 1488 enim
1073 1431 1221 1487 dixit
1246 1432 1624 1503 Evangelista
1648 1450 1661 1488 :
1685 1433 1845 1490 Tunc
1869 1433 2119 1491 absolvit

464 1518 584 1573 illis
612 1520 940 1576 Barabbam
981 1537 994 1587 ;
1038 1522 1228 1578 Jesum
1265 1530 1452 1579 autem
1469 1522 1730 1593 ﬂagellis
1759 1537 1967 1581 casum
2000 1527 2118 1580 tra-

465 1607 618 1666 didit
644 1615 706 1665 ut
737 1611 1188 1682 cruciﬁgeretur
1217 1611 1293 1668 υ.

538 1911 700 1968 Vers.
739 1911 902 1969 Tunc
923 1912 1254 1985 congregati
1273 1918 1407 1969 sunt
1422 1943 1491 1954 —
1509 1913 1663 1969 Vers.
1689 1916 1740 1969 4.
1766 1914 2109 1972 occiderent.

464 1999 610 2054 Cum
654 2000 749 2055 lex
783 2002 1038 2071 juberet,
1091 2007 1156 2056 ut
1201 2018 1353 2056 unus
1405 2001 1682 2074 princeps
1730 2004 2112 2059 sacerdotum

460 2089 910 2145 constitueretur
941 2091 1136 2161 quoad
1165 2091 1404 2155 viveret,
1455 2091 1569 2146 hoc
1617 2098 1811 2148 autem
1851 2097 2107 2158 mortuo,

457 2176 604 2232 alter
631 2176 763 2232 loco
790 2179 840 2248 ej
852 2195 919 2232 us
950 2183 1272 2249 crearetur,
1297 2179 1483 2235 Judaei
1530 2179 1724 2248 legem
1750 2185 2107 2244 everterunt,

456 2268 515 2320 et
539 2280 808 2321 annuam
836 2265 1097 2322 fecerunt
1131 2267 1352 2323 summi
1378 2267 1692 2324 sacerdotii
1733 2268 2106 2337 dignitatem-

458 2351 621 2406 Unde
678 2353 994 2409 verisimile
1024 2359 1112 2410 est
1166 2354 1332 2427 quod
1376 2355 1546 2411 multi
1590 2361 1726 2412 tunc
1773 2361 1958 2424 erant,
2011 2357 2108 2430 qui

457 2455 698 2496 ummo
724 2440 907 2497 functi
929 2442 1163 2500 fuerant
1187 2443 1533 2514 sacerdotio,
1565 2446 1669 2502 sed
1703 2447 1830 2517 jam
1851 2448 2107 2518 comple-

453 2533 666 2584 verant
682 2529 1070 2585 ministerium
1100 2532 1265 2603 quod
1291 2532 1525 2589 fuerant
1541 2533 1748 2601 sortiti,
1770 2551 1923 2608 quos
1949 2551 2105 2592 nunc

453 2614 754 2688 principes
770 2620 1143 2675 sacerdotum
1166 2620 1541 2691 Evangelista
1578 2623 1924 2680 nominavit.
1958 2625 2106 2681 Scri-

454 2701 559 2759 bas
598 2711 799 2761 autem
833 2706 969 2763 dicit
997 2707 1141 2777 legis
1170 2709 1444 2766 doctores
1488 2728 1504 2778 ;
1541 2711 1800 2767 seniores
1830 2729 1968 2768 vero
1999 2730 2104 2786 po-

455 2792 601 2863 puli,
635 2795 915 2866 antiquos
953 2812 1022 2851 ac
1055 2797 1438 2869 sapientiores
1491 2801 1629 2870 :qui
1672 2817 1879 2856 omnes
1925 2801 2103 2858 simul

456 2888 594 2937 tunc
625 2887 960 2954 congregati
993 2892 1130 2942 sunt
1159 2888 1235 2942 ad
1267 2888 1616 2960 Caiapham,
1645 2890 1748 2961 qui
1778 2895 1919 2946 tunc
1946 2896 2100 2948 sorte

454 2972 874 3042 pontiﬁcatum
919 2976 1306 3044 gubernabat,
1359 2978 1437 3033 ab
1468 2977 1581 3034 hoc
1627 2979 1885 3035 volentes
1923 2981 2099 3037 caedis

2244 543 2726 620 σαρεσκαιδεκάτην
2777 539 2835 596 δι
2883 547 2942 597 τὸ
3001 545 3201 614 Πάσχα
3250 545 3546 599 συνέπεσεν.
3597 540 3724 597 Εἶπε
3777 542 3815 596 δε

2237 643 2408 702 τοῦτο,
2467 639 2731 706 σημαίνων
2779 633 2932 705 ἐγγύς
2980 629 3140 685 οὖσαν
3185 635 3278 690 τὴν
3330 632 3514 684 ἑαυτοῦ
3576 632 3813 692 τελευτήν.

2239 724 2322 780 Ἐν
2372 724 2510 794 αύτῷ
2548 725 2649 797 γὰρ
2692 730 2763 793 τῷ
2811 730 2975 795 καιρῷ
3008 729 3098 773 τοῦ
3143 728 3358 792 νομικοῦ
3400 722 3606 793 Πάσχα
3655 725 3814 774 παθεῖν

2237 812 2405 885 ἔμελλε
2456 817 2546 863 καὶ
2595 811 2770 872 αὐτός.
2819 810 2928 862 Οὐκ
2985 806 3093 862 εἷπε
3141 806 3200 861 δι
3248 808 3416 870 ἁπλῶς
3463 811 3545 861 ὅτι
3598 809 3813 882 Παραδί-

2237 897 2408 966 δοται,
2475 899 2582 952 ἀλλ’
2647 901 2727 951 ὅτι
2797 898 2866 959 εἰς
2921 902 2979 949 τό
3041 899 3424 970 σταυρωθῆναι.
3482 897 3686 959 Ἀπλῶς

2233 992 2333 1062 γὰρ
2400 985 2668 1063 παρεδόθη
2745 994 2854 1048 τοῖς
2912 981 3185 1046 Ἰουδαίοις
3247 988 3377 1058 μετά
3433 989 3559 1058 μίαν
3617 988 3810 1058 ἡμραι,
3902 981 3904 1024 ¹

2232 1081 2397 1149 ἤγουν
2445 1077 2495 1130 έν
2524 1085 2586 1149 τῇ
2616 1071 3055 1151 τρισκαιδεκάτῃ.
3103 1077 3306 1135 Ταύτης
3333 1078 3434 1147 γὰρ
3479 1073 3812 1146 ἐνισταμένης,

2229 1169 2358 1239 μετά
2421 1169 2478 1218 τὸ
2544 1172 2858 1222 κοινωνῆσαι
2926 1169 3036 1225 τοῖς
3091 1164 3353 1234 μαθηταῖς
3408 1170 3502 1214 τοῦ
3569 1171 3811 1235 μυστικοῦ

2231 1251 2441 1308 δείπνου
2498 1249 2763 1329 παρεδόθη
2814 1259 2921 1312 τοῖς
2972 1250 3292 1311 ἐπιϐούλοις·
3337 1250 3404 1312 εἰς
3449 1247 3509 1303 δε
3558 1254 3617 1302 τό
3670 1271 3810 1304 σταυ-
3902 1253 3904 1262 ’

2227 1346 2459 1417 ρωθῆναι
2508 1339 2798 1416 παρεδόθη,
2864 1343 2996 1414 μετά
3044 1336 3142 1392 δύο
3190 1342 3385 1401 ταύτας
3443 1341 3662 1412 ἡμέρας,
3713 1344 3808 1396 Erat

2227 1435 2358 1506 μετὰ
2412 1436 2506 1492 τὴν
2559 1427 2864 1488 δωδεκάτην
2917 1433 3007 1482 καὶ
3057 1433 3153 1488 τὴν
3204 1424 3672 1504 τρισκαιδεκάτην.
3744 1428 3806 1483 Ἐν

2225 1530 2288 1594 τῇ
2353 1515 2900 1596 τεσσαρεσκαιδεκάτη
2956 1520 3057 1592 γὰρ
3120 1522 3277 1590 φησὶν
3332 1519 3358 1570 ό
3415 1517 3805 1590 εύαοῃελιστης·

2223 1615 2350 1664 Τότε
2381 1608 2630 1663 ἀπέλυσεν
2655 1608 2854 1679 ζαύτοῖς
2883 1609 2966 1660 τὸν
3018 1605 3287 1682 Βαραϐϐᾶν
3344 1605 3460 1679 (73)
3490 1608 3518 1658 ό
3565 1606 3804 1668 Πιλάτος·

2145 1710 2188 1768 Β
2224 1701 2310 1750 τόν
2373 1695 2432 1750 δὲ
2495 1695 2698 1756 Ἰησοῦν
2767 1694 3100 1772 φραγελὼσας
3164 1694 3279 1767 (74)
3337 1691 3664 1770 παρέδωκεν,
3743 1697 3806 1748 ἱνα

2226 1789 2524 1861 σταυρωθῇ.

2292 1898 2419 1946 Τότε
2485 1894 2833 1964 συνήχθησαν
2895 1922 2950 1933 -
3013 1890 3403 1945 ἀποκτείνωσιν.
3477 1896 3586 1943 Τοῦ
3666 1895 3804 1963 νόμον

2223 1981 2507 2044 κελεύοντος
2536 1982 2623 2034 ἕνα
2670 1980 2918 2055 ἀρχιερέα
2969 1981 3327 2032 καθίστασθαι
3373 1982 3573 2053 μέχρις
3620 1981 3684 2030 ἄν
3737 1983 3804 2049 ζῇ,

2223 2073 2407 2124 τούτου
2491 2065 2549 2124 δί
2607 2068 3021 2135 τελευτησαντος,
3089 2068 3253 2143 ἕτερον
3319 2066 3802 2136 ἀντικαθίστασθαι,

2220 2160 2514 2232 παρέλυσαν
2565 2154 2816 2212 Ἰουδαῖοι
2867 2160 2954 2210 τὸν
2996 2161 3170 2229 νόμον,
3202 2160 3291 2210 καὶ
3344 2155 3672 2209 ἔνιαυσιαίαν
3728 2161 3800 2213 τήν

2220 2248 2614 2324 ἀρχιερωσύνην
2667 2246 2935 2306 έποίησαν.
2998 2245 3150 2299 Ὀθεν
3217 2245 3352 2307 εἰκὸς
3401 2244 3625 2307 πολλοὺς
3693 2243 3804 2298 εἶναι

2217 2341 2339 2400 τούς
2400 2338 2905 2413 ἀρχιερατεύσαντας
2969 2337 3080 2407 μεν,
3139 2334 3547 2407 πεπληρωκότας
3604 2329 3667 2386 δ’.
3723 2336 3799 2390 τὴν

2215 2426 2488 2499 λαχοῦσαν
2536 2426 2878 2500 λειτουργίαν,
2931 2424 3018 2484 οῦς
3066 2430 3154 2476 νῦν
3200 2421 3464 2496 ἀρχιερεῖς
3514 2423 3542 2474 ὅ
3597 2421 3800 2493 εὐαγγε-

2213 2515 2400 2579 λιστὴς
2451 2515 2705 2588 ὠνόμασε.
2762 2519 3090 2589 Γραμματείς
3142 2509 3202 2566 δι
3246 2511 3382 2583 λέγει
3426 2514 3545 2573 τοὺς
3589 2507 3800 2581 νομοδι-

2215 2601 2549 2665 δασκοὲλους’
2641 2602 3018 2678 πρεσϐυτέρους
3111 2597 3168 2654 δε
3262 2607 3355 2653 τοῦ
3451 2600 3598 2665 λαοῦ,
3692 2601 3800 2659 τοὺς

2210 2697 2462 2766 γηραιοὺς
2502 2693 2612 2764 (75)
2643 2696 2732 2744 καὶ
2782 2695 3174 2764 συνετωτέρους,
3202 2688 3252 2741 οἶ
3301 2689 3486 2751 πάντες
3517 2689 3650 2760 ὁμοῦ
3697 2695 3799 2740 τότε

2214 2785 2561 2854 συνήχθησαν
2622 2782 2766 2853 παρά
2815 2788 2887 2850 τῷ
2950 2780 3177 2851 Καίάφα,
3245 2781 3335 2835 τὴν
3409 2775 3796 2850 ἀρχιερωσύνην

2208 2878 2494 2929 τηνικαῦτα
2552 2869 2916 2941 κεκληρωμένῳ
2981 2869 3097 2939 (76)
3172 2863 3364 2918 διέπειν
3444 2867 3546 2916 ύπό
3622 2867 3798 2916 τούτου

2211 2960 2430 3020 θέλοντες
2460 2962 2518 3011 τὸ
2558 2965 2650 3010 τοῦ
2681 2963 2832 3030 φόνου
2866 2955 3035 3009 λαϐεῖν
3079 2951 3375 3026 ἐνδόσιμον,
3421 2952 3505 3025 ὑφ’
3548 2953 3608 3004 οὗ
3639 2952 3801 3004 κωλυ-

454 3075 670 3116 ansam
689 3078 916 3134 capere,
939 3080 974 3120 a
1000 3081 1119 3136 quo
1136 3065 1333 3137 potius
1364 3083 1464 3123 eos
1495 3068 1794 3140 prohiberi
1817 3072 2096 3141 oportuit.

2218 3050 2362 3108 θῆναι
2421 3047 2609 3120 μᾶλλον
2659 3046 2844 3121 έχρῆν.
2903 3044 3040 3116 Δόλῳ
3110 3040 3171 3096 δε
3225 3044 3480 3116 κράτησιν
3541 3037 3655 3094 εἶπε
3716 3044 3800 3096 τὴν

449 3147 732 3207 Dolosam
785 3159 986 3210 autem
1033 3155 1568 3226 apprehensionem
1618 3159 1761 3214 dixit
1806 3159 2097 3217 occultam

447 3239 785 3310 captionem
817 3258 830 3296 :
865 3258 1000 3299 eam
1030 3243 1190 3300 enim
1219 3261 1352 3318 quae
1377 3247 1438 3302 in
1487 3249 1806 3320 propatulo
1837 3249 2003 3306 fieret
2033 3250 2097 3306 ti-

441 3328 706 3398 mebant,
756 3338 996 3404 prapter
1035 3333 1165 3405 ejus
1211 3335 1557 3408 discipulos,
1600 3342 1657 3396 et
1687 3354 1788 3396 eos
1818 3341 1919 3412 qui
1949 3339 2094 3398 alia:

436 3415 607 3473 illum
640 3421 1062 3491 sequebantur.

507 3506 730 3563 Vers.5.
759 3509 1040 3566 Dicebant
1059 3541 1128 3551 —
1147 3513 1387 3581 populo.
1420 3512 1705 3570 Dicebant
1723 3519 1944 3582 autem,
1966 3521 2092 3575 Non

434 3593 499 3649 in
526 3594 623 3650 die
651 3595 823 3664 festo,
871 3598 1141 3654 videlicet
1169 3599 1292 3655 fiat.
1336 3603 1620 3657 Omnibus
1648 3604 1804 3659 enim
1848 3604 1909 3660 in
1938 3605 2090 3664 festo

435 3681 678 3737 Pascbas
715 3685 983 3757 undique
1037 3690 1409 3759 congregatis
1456 3691 1819 3761 contingeret
1869 3695 2089 3752 multos

434 3770 647 3827 adesse
693 3775 798 3845 qui
833 3777 1032 3830 Iesum
1077 3784 1482 3848 sequerentur.
1526 3779 1816 3839 Praeterea
1850 3799 2088 3857 quoque

433 3859 548 3915 nisi
583 3860 805 3918 factum
832 3869 987 3920 esset
1033 3867 1356 3933 occultum,
1405 3874 1632 3925 certum
1675 3870 1759 3926 eis
1806 3877 1931 3928 erat
1971 3878 2088 3930 tur-

429 3945 700 4006 bandum
727 3952 1030 4024 populum,
1063 3954 1166 4026 qui
1187 3955 1316 4012 illos
1345 3956 1812 4026 abominaretur,
1839 3977 1961 4017 non
1991 3979 2086 4019 so-

426 4036 554 4094 lum
583 4041 750 4111 quod
797 4041 1098 4099 insontem
1143 4045 1517 4114 occidissent,
1568 4049 1674 4103 sed
1704 4048 1886 4107 etiam
1915 4052 2083 4123 quod

422 4125 479 4184 in
506 4127 657 4185 festo
684 4129 972 4202 fecissent,
1006 4148 1128 4204 quo
1165 4143 1515 4192 consuetum
1567 4142 1693 4194 erat
1717 4139 1897 4196 etiam
1945 4157 2082 4197 con-

421 4217 773 4277 demnatum
793 4221 856 4276 in
877 4222 1008 4294 ejus
1029 4223 1319 4280 honorem
1341 4225 1668 4284 absolvere.
1708 4229 1908 4300 Itaque
1953 4245 2076 4287 non

2205 3137 2455 3212 λαθραίαν
2521 3137 2883 3207 κατάσχεσιν·
2944 3139 3037 3192 τὴν
3097 3134 3199 3206 γὰρ
3264 3131 3318 3183 έκ
3369 3136 3461 3183 τοῦ
3517 3134 3800 3203 προφανοῦς

2206 3224 2556 3298 ἓφυλάσσοντο
2595 3221 2689 3277 διὰ
2716 3226 2834 3284 τοὺς
2869 3222 3110 3296 μαθητὰς
3139 3219 3295 3273 αύτοῦ
3335 3224 3424 3272 καὶ
3461 3222 3588 3279 τοὺς
3642 3216 3799 3274 illa;

2205 3314 2447 3388 έπομένου
2458 3335 2497 3376 ς.

2271 3437 2480 3510 Ἔλεγον
2535 3466 2605 3478 --
2649 3435 2776 3506 λαῷ,
2837 3432 3046 3506 Ἔλεγον
3107 3429 3186 3501 δε,
3241 3435 3326 3490 Μὴ
3386 3429 3434 3482 ἓν
3492 3437 3557 3503 τῇ
3625 3428 3792 3501 ἑορτῇ,

2203 3523 2411 3586 δηλαδὴ
2477 3527 2718 3599 γενέσθω.
2778 3531 2986 3577 Παντων
3049 3525 3150 3596 γὰρ
3206 3521 3537 3592 πανταχόθεν
3618 3517 3667 3568 ἐν
3731 3522 3789 3586 τῇ

2200 3617 2347 3691 ἑορτῇ
2404 3623 2494 3668 τοῦ
2553 3616 2753 3685 Πάσχα
2804 3612 3216 3684 συνειλεγμένων,
3275 3607 3543 3662 συνέϐαίνε
3582 3605 3797 3664 πολλοὺς

2200 3702 2329 3758 εἶναι
2358 3707 2474 3778 περὶ
2503 3705 2589 3755 τὸν
2641 3703 2862 3773 Ἰησοῦν,
2897 3701 3060 3762 ἄλλως
3106 3719 3162 3752 τε
3207 3702 3318 3767 καὶ,
3349 3700 3421 3771 μὴ
3468 3696 3800 3751 modum;

2195 3803 2285 3848 τοῦ
2314 3796 2639 3867 πράγματος,
2690 3792 2784 3845 ούκ
2838 3786 3236 3866 ἀπροσδόκητον
3291 3784 3352 3846 ἧν
3394 3785 3597 3849 αὐτοῖς,
3635 3803 3795 3860 ταρα-

2193 3885 2506 3956 χθῆναιτόν
2563 3881 2705 3947 λαὸν,
2763 3881 3108 3952 μυσαχθέντα
3157 3879 3393 3942 τούτους,
3441 3875 3503 3928 ού
3534 3879 3687 3947 μόνον
3720 3874 3798 3925 ὅτι

2195 3973 2359 4026 ἀθῶον
2391 3969 2608 4038 ἀνεῖλον,
2658 3967 2765 4022 ἀλλ’
2795 3970 2874 4022 ὅτι
2906 3974 2996 4021 καὶ
3035 3966 3084 4019 έν
3127 3974 3189 4038 τῇ
3243 3965 3411 4038 έορτῇ,
3463 3963 3585 4016 καθ’
3618 3965 3681 4023 ἦν
3711 3965 3794 4013 καί

2190 4058 2473 4113 κατάδικον
2545 4058 2612 4120 εἰς
2680 4061 2836 4132 τίμήν
2895 4057 3050 4117 αὐτῆς
3125 4054 3363 4108 ἀπολύειν
3419 4054 3646 4113 σύνηθες
3718 4045 3795 4107 ἓν.

2190 4151 2368 4211 Ούτως
2416 4147 2474 4201 ού
2502 4150 2590 4200 τὸν
2639 4150 2780 4212 Θεὸν,
2832 4145 2960 4198 ἀλλά
3003 4147 3118 4206 τοὺς
3163 4142 3467 4218 ἀνθρώπους
3513 4145 3796 4211 πανταχοῦ

2187 4237 2481 4311 φοϐοῦνται.
2533 4235 2671 4290 Ἀλλ’
2702 4235 2745 4288 εἰ
2781 4240 2870 4288 καὶ
2901 4241 3053 4287 τοῦτο
3099 4232 3230 4285 οὕτω
3276 4233 3604 4305 κεκρίκασιν,
3659 4230 3801 4301 ὅμως

419 4305 626 4377 Deum,
661 4311 766 4366 sed
805 4310 1081 4369 homines
1125 4312 1343 4386 ubique
1387 4315 1611 4372 timent.
1645 4319 1853 4374 Verum
1883 4335 2100 4403 quan-q

2218 4328 2274 4379 ὒιι
2332 4325 2612 4399 ἀνέμειναν,
2668 4322 2772 4376 ἀλλ’
2837 4321 3058 4398 εύρόντες
3103 4325 3190 4374 τὸν
3251 4316 3536 4394 προδότην,
3625 4321 3799 4394 5.0::-

417 4412 603 4470 quam
634 4399 716 4457 ita
751 4405 1104 4472 statuerunt,
1144 4419 1268 4459 non
1308 4408 1508 4462 tamen
1548 4412 2066 4479 exspectaverunt,

416 4487 522 4542 sed
567 4488 808 4546 invento
853 4491 1158 4563 proditore
1204 4493 1586 4550 occasionem
1630 4502 1978 4567 rapuerunt,
2011 4503 2068 4555 et

414 4575 643 4633 invidia:
672 4579 836 4635 rabie
881 4581 959 4635 ad
1002 4581 1300 4638 insaniam
1332 4583 1656 4655 redigente,
1696 4587 1844 4657 quid
1887 4603 2067 4659 expe-

416 4663 585 4730 diret,
613 4682 733 4721 non
760 4668 1060 4725 viderunt:
1093 4671 1197 4726 sed
1227 4671 1388 4727 hunc
1420 4673 1481 4728 in
1505 4673 1650 4730 festo
1685 4675 2063 4733 immolantes

414 4751 625 4808 furoris
651 4756 1148 4827 magnitudinem,
1179 4776 1359 4831 quem
1399 4763 1686 4818 adversus
1713 4779 1848 4820 eum
1895 4781 2061 4836 gere-

411 4838 580 4924 bant,
624 4840 1131 4902 demonstrarunt.
1166 4849 1488 4918 Oportebat
1519 4851 1700 4919 enim,
1736 4854 2057 4924 oportebat,

411 4923 513 5001 inq
525 4931 1005 4996 uam,salutarem
1018 4936 1240 5004 Agnum
1255 4936 1314 4992 in
1328 4937 1422 4993 die
1436 4937 1842 4997 immolationis
1856 4923 2060 5014 legalis

410 5018 550 5088 agni
574 5019 870 5078 immolari
903 5041 915 5082 :
948 5028 1145 5080 utente
1178 5025 1240 5081 in
1263 5025 1378 5083 hoc
1406 5028 1632 5085 malitia
1661 5029 1899 5088 illorum
1939 5032 2060 5090 Sal-

481 5196 526 5236 ⁸¹
551 5196 751 5255 Matth.
784 5213 956 5265 xxvu.
983 5203 1072 5258 26.

2181 4435 2276 4468 σαν
2329 4417 2415 4466 τὸν
2467 4416 2647 4485 καιρὸν
2700 4411 2832 4483 (77),
2888 4415 2979 4464 καὶ
3044 4417 3136 4470 τῆς
3191 4416 3282 4461 τοῦ
3331 4410 3518 4479 φθόνου
3580 4406 3804 4468 λύσσης

2177 4502 2651 4575 ἀναϐακχευσοίσης
2704 4499 2910 4567 αύτούς,
2961 4500 3147 4552 καὶτὸ
3194 4501 3455 4571 μσυφέρον
3489 4496 3800 4567 ἠγνόησαν,

2173 4597 2263 4645 καὶ
2321 4591 2369 4643 έν
2419 4599 2480 4663 τῇ
2537 4589 2681 4666 ἑορτῇ
2745 4596 2925 4641 τοῦτον
2976 4590 3378 4652 καταθύσαντες,
3434 4582 3652 4648 ἔδειξαν
3716 4593 3806 4644 τῆς

2172 4679 2288 4732 κατ’
2340 4678 2499 4731 αὑτοῦ
2551 4683 2737 4751 μανίας
2787 4682 2880 4736 την
2937 4675 3244 4750 ὑπερϐολήν.
3300 4670 3449 4727 Ἔδει
3492 4676 3631 4747 γὰρ,
3693 4672 3809 4727 ἔδει

2171 4771 2258 4821 τὸν
2308 4773 2564 4843 σωτήριον
2613 4766 2799 4839 Ἀμνὸν
2848 4765 2896 4819 ἓν
2945 4773 3005 4840 τῇ
3061 4768 3230 4840 ἡμέρᾳ
3272 4773 3367 4826 τῆς
3417 4770 3511 4816 τοῦ
3567 4772 3808 4837 repunt}

2172 4855 2338 4930 ἀμνοῦ
2387 4858 2574 4916 θυσίας
2608 4854 2980 4922 θυσιασθῆναι,
3032 4861 3124 4906 τοῦ
3165 4860 3399 4925 Σωτῆρος
3430 4859 3812 4927 χρησαμένου

2169 4955 2229 5020 τῇ
2283 4946 2483 4999 ἐκείνων
2535 4949 2763 5021 πονηρίᾳ
2786 4947 2912 5020 πρὸς
2966 4947 3060 5002 τὴν
3091 4943 3279 4995 οἰκείαν
3324 4942 3666 5013 οἰκονομίαν,
3731 4945 3815 4994 ἶνα

2165 5038 2370 5098 πάντως
2421 5038 2447 5090 ό
2475 5038 2642 5100 τύπος
2686 5033 3012 5095 καταλλήλως
3052 5031 3182 5106 λαϐῇ
3236 5031 3348 5106 (78)
3402 5035 3498 5092 την
3540 5031 3812 5086 ἔπεισεν.

1621 5319 1846 5393 Varia;
1874 5321 2201 5396 lectiones
2230 5335 2295 5396 et
2313 5333 2516 5395 notas.

475 5432 586 5505 (73)
620 5426 873 5505 Βαραϐᾶν,
906 5429 1047 5488 Cod.
1075 5432 1144 5488 Α.

502 5505 591 5576 ’14)
616 5508 700 5560 Ita
725 5509 976 5576 uterque
1007 5505 1187 5563 etiam
1212 5505 1273 5564 in
1308 5511 1602 5567 contextu.

477 5433 565 5502 (73
620 5433 873 5505 Βαραϐᾶν,
906 5433 1047 5488 Cod.
1075 5433 1124 5486 Α

502 5507 570 5559 ’14
616 5508 700 5560 Ita
730 5509 976 5576 uterque
1007 5505 1128 5560 etia.

477 5433 591 5658 ‘75;
622 5575 764 5634 Cod.
793 5576 860 5643 A,
891 5577 1128 5651 γηρεούς.

2258 5512 2348 5588 77)
2385 5512 2636 5588 _CodA,
2665 5512 2908 5588 ἥρπασαν
2933 5517 3023 5588 aut}
3050 5513 3136 5588 τόν
3163 5515 3368 5588 καιρόν.

2259 5448 2324 5499 76
2390 5442 2533 5500 Cod.
2556 5445 2620 5507 Δ,
2647 5438 3048 5514 πεπληρωμένῳ,

2233 5444 2348 5586 ὶἹἺζ
2386 5512 2636 5586 Cod._A,
2665 5515 2908 5586 ἥρπασαν
2933 5517 3023 5586 κερ

2259 5448 2324 5499 76
2390 5444 2533 5500 Cod.
2556 5445 2620 5507 Δ,
2647 5444 3048 5514 πεπληρωμένῳ,

2233 5444 2348 5657 ὶἹἺξ
2387 5513 2528 5571 Cod.
2569 5512 2636 5582 A,
2665 5515 2908 5586 ἧρπασαν
2933 5517 3023 5565 καὶ
3050 5513 3136 5567 τὸν
3163 5530 3219 5566 κε

2231 5588 2321 5659 (78
2384 5584 2629 5662 Ἐκϐάλῃ,
2657 5599 2769 5657 pro
2792 5583 2948 5658 ὶάϐιρ,
2978 5583 3122 5644 Cod.
3150 5587 3219 5642 Δ.
