3904 6210
478 257 582 313 647

1820 235 2164 297 EUTHYMII
2202 236 2524 294 ZIGABENI
3701 242 3779 298 648

481 381 743 445 mistum,
773 380 835 432 ut
864 376 1133 447 apparet,
1157 381 1212 426 et
1231 369 1309 426 ad
1328 369 1637 440 puritatem
1669 367 1993 422 servatum:
2022 367 2118 420 aut

2238 364 2515 433 στευμένην
2569 361 2636 421 εἰς
2699 363 3076 435 καθαρότητα·
3128 364 3159 420 ἧ
3215 365 3304 414 καὶ
3363 367 3685 436 προσηγορία
3725 370 3782 426 τίς

480 468 628 524 forte
643 469 766 523 haec
780 462 1079 536 appellatio
1093 462 1344 532 quaedam
1358 462 1478 513 erat
1493 456 1778 528 unguenti.
1797 453 1945 510 Dicit
1958 453 2125 510 etiam

481 557 640 628 quod
662 572 765 610 vas
804 550 1240 617 comminuerit,
1277 564 1400 619 praa
1427 546 1798 602 festinatione
1842 542 2121 608 videlicet,

481 647 623 716 quia
646 648 961 713 angustum
980 644 1121 703 erat,
1147 645 1201 693 et
1222 638 1281 692 in
1299 641 1476 708 caput
1492 634 1868 690 Dominicum
1887 633 2121 688 infudit.

553 733 710 786 Vers.
752 733 804 783 8.
859 730 1064 784 Intuiti
1101 735 1374 782 autem—
1432 725 1589 780 Vers.
1648 725 1702 779 9.
1743 722 2122 792 pauperibus.

482 820 779 890 lndignati
802 825 958 884 sunt,
982 833 1188 873 verum
1203 816 1361 887 apud
1381 830 1531 877 sese,
1551 813 1856 868 sicutdixit
1878 815 2120 876 Marcus,

481 911 582 983 qui
615 909 845 965 addidit
869 924 968 962 eos
997 907 1214 961 dixisse
1248 920 1260 959 :
1289 905 1479 958 Potuit
1507 904 1616 959 hoc
1645 901 1901 958 distrahi
1928 901 2124 970 pluris

482 1016 654 1070 quam
669 997 932 1053 trecentis
950 994 1210 1051 denariis
1227 1012 1239 1062 ;
1255 997 1311 1048 et
1330 992 1490 1064 quod
1511 991 1544 1046 Ι
1547 991 1915 1061 nfremebant
1930 991 2125 1046 adver-

478 1104 576 1143 sus
606 1089 776 1143 illam
811 1088 854 1120 ³⁹
878 1086 991 1139 hoc
1023 1088 1107 1138 est
1138 1082 1553 1153 Objurgabant
1582 1096 1715 1136 eam
1751 1086 1806 1136 et
1853 1080 2125 1151 indigna-

477 1176 701 1231 bantur
719 1175 799 1230 illi
819 1179 1058 1245 propter
1073 1172 1328 1228 abusum
1357 1171 1658 1240 unguenti.
1683 1169 1770 1224 Ad
1791 1170 1903 1225 hoc
1923 1174 2122 1224 autem

481 1265 718 1321 adducti
757 1267 890 1318 sunt
918 1262 1320 1318 humanitate:
1357 1275 1495 1315 cum
1536 1258 1875 1331 frequenter
1908 1273 2125 1330 praece-

476 1360 707 1427 ptorem
720 1352 1024 1408 audissent
1040 1351 1224 1406 multa
1236 1349 1309 1405 de
1323 1349 1707 1420 eleemosyna
1719 1348 2119 1413 disserentem,

476 1447 531 1498 et
537 1443 662 1513 jam
678 1455 961 1512 magnam
979 1453 1317 1510 pauperum
1339 1453 1534 1493 curam
1554 1437 1840 1494 haberent
1857 1436 2124 1496 Scientes

477 1531 652 1587 etiam
675 1530 836 1602 quod
865 1528 1018 1585 Deus
1046 1526 1515 1584 misericordiam
1541 1526 1666 1582 vult
1691 1531 1746 1582 et
1767 1542 1887 1582 non
1902 1526 2123 1582 sacriﬁ-

477 1621 637 1676 cium
667 1622 734 1674 θο.
763 1622 855 1673 Est
880 1623 1079 1674 autem
1107 1617 1498 1672 admiratione
1526 1616 1711 1686 digna
1738 1616 1866 1672 haec
1891 1615 2120 1682 mulier,

2236 447 2296 507 ἧν
2330 458 2477 502 τοῦτο
2506 452 2693 523 μύρου.
2734 455 2886 520 Λέγει
2918 447 2976 502 δε
3010 455 3096 502 καὶ
3123 451 3202 502 ὅτι
3253 450 3529 524 συνέτριψε
3581 456 3636 503 τὸ
3661 456 3781 524 ἄγγος

2234 538 2333 590 ὑπὸ
2357 535 2617 606 σπουδῆς,
2649 539 2734 590 οἷα
2762 542 3082 610 στενόπορον.

2305 623 2522 688 ’ἰδόντες
2609 623 2667 678 δὲ
2731 659 2799 666 -
2873 635 3125 699 πτῶχοῐς.

2232 719 2362 789 πρὸς
2427 716 2662 782 ἑαυτούς,
2716 719 2784 777 ὡς
2844 717 2870 768 6
2935 719 3142 790 Μάρκος
3221 713 3375 780 εἶπεν,
3435 718 3488 778 ὅς
3539 720 3783 790 προσέθηκε

2231 810 2320 856 καὶ
2371 807 2451 856 ὅτι
2528 801 2664 857 εἶπον
2695 822 2706 834 ·
2765 802 3019 857 Ἢδύνατο
3108 813 3260 857 τοῦτο
3335 807 3600 878 πραθῆναι
3656 806 3780 858 ἐπάνω

2233 897 2542 966 τριακοσίων
2627 890 2908 968 δηναρίων,
2965 895 3074 964 xui:
3122 896 3200 946 ότι
3281 899 3368 945 καὶ
3437 894 3782 968 Ἐνεϐριμὼντον

2233 982 2384 1054 αὐτῇ,
2466 985 2732 1034 τουτέστέν
2817 981 3148 1050 ἐπέπληττον,
3226 981 3523 1054 ἐμμφοντο,
3583 981 3682 1054 [diu
3738 990 3780 1042 7i:

2230 1074 2594 1145 παράχρησιν.
2655 1072 2737 1132 Εἰς
2792 1079 2943 1124 τοῦτο
2985 1068 3043 1124 δε
3087 1074 3439 1145 προήχθησαν
3491 1075 3596 1124 ύπό
3654 1072 3782 1145 φιλαν-

2235 1162 2483 1232 θρωπίας,
2527 1159 2771 1221 πολλάκις
2815 1168 2906 1213 τοῦ
2962 1157 3290 1213 διδασκάλου
3345 1161 3508 1213 πολλὰ
3538 1165 3651 1234 περὶ
3676 1162 3782 1219 ἐλεη-

2230 1252 2459 1322 μοσύνης
2492 1245 2876 1321 διαλεχθέντος,
2916 1255 3005 1302 καὶ
3034 1248 3191 1302 πολὺν
3234 1246 3341 1308 ἤδη
3379 1249 3531 1321 λόγον
3591 1259 3676 1302 τῶν
3718 1270 3780 1302 πει

2229 1343 2395 1396 νήτων
2457 1340 2682 1410 ἔχοντες,
2763 1344 2848 1391 καί
2903 1342 3240 1410 γίνώσκοντες
3314 1339 3388 1391 ότι
3443 1341 3468 1389 6
3529 1343 3653 1401 Θεὸς
3684 1339 3780 1391 ἔλεον

2233 1429 2361 1481 θέλει
2412 1433 2500 1480 καὶ
2551 1428 2610 1480 ού
2687 1430 2892 1484 θυσίαν.
2950 1427 3398 1500 Ἀξιοθαύμαστος
3463 1425 3527 1480 δέ
3588 1428 3706 1481 ἐστιν
3755 1431 3777 1484 ἡ

2229 1521 2383 1588 γυνὴ,
2429 1522 2498 1590 μὴ
2571 1521 2848 1590 φεισαμένη
2931 1516 3240 1576 τηλικούτου
3295 1515 3625 1589 ἀναλώματος
3686 1519 3782 1588 ύπὶρ

2235 1611 2498 1681 σωτηρίας
2540 1605 2727 1678 ψυχῆς
2755 1623 2771 1640 ⁶
2803 1606 2861 1660 ού
2908 1607 3009 1681 γὰρ
3071 1607 3196 1681 ύπερ
3249 1615 3553 1680 σωματικῆς
3610 1607 3785 1676 ἰατρείας

3205 625 3625 698 Ἠγανάκτησαν,
3691 627 3781 681 ἀλλὰ

476 1725 610 1782 quae
642 1713 802 1765 tanto
828 1708 1086 1779 sumptui
1109 1722 1231 1764 non
1260 1705 1588 1778 pepercerit
1622 1705 1701 1761 ob
1729 1706 1945 1762 animm
1972 1705 2118 1762 salu-

2234 1703 2386 1749 τοῦτο
2415 1700 2683 1753 πεποίηκε.

478 1805 596 1855 tem
630 1816 643 1865 ;
677 1813 870 1870 neque
900 1797 1063 1853 enim
1084 1800 1320 1869 propter
1341 1795 1715 1868 corporalem
1742 1794 1856 1852 hoc
1883 1794 2018 1852 fecit
2041 1811 2128 1852 sa-

476 1889 742 1945 nitatem.

553 1979 710 2031 Vers.
748 1977 832 2029 10.
882 1976 1005 2042 Quo
1035 1975 1269 2045 cognito
1300 2002 1369 2014 —
1405 1972 1688 2030 mulieri?
1739 1975 1884 2030 Cum
1916 1973 2017 2030 illa
2045 1973 2123 2030 ef-

478 2065 723 2120 fundere
778 2069 1150 2132 unguentum
1201 2062 1553 2122 festinasset,
1601 2062 1882 2134 deinceps
1933 2068 2126 2117 tuetur

478 2169 602 2209 eam
634 2153 915 2215 Christus,
939 2167 1059 2206 non
1088 2150 1251 2222 quod
1276 2155 1580 2220 unguento
1602 2151 1714 2205 sibi
1744 2166 1898 2221 opus
1926 2151 2119 2215 fuerit,

478 2243 583 2297 sed
614 2258 687 2296 ne
716 2240 873 2295 illius
903 2240 1085 2294 ﬁdem
1126 2239 1518 2294 retunderent.
1569 2244 1625 2294 et
1662 2240 1803 2310 quia
1847 2239 2122 2310 discipuli

475 2330 786 2386 mulierem
821 2328 1214 2400 increpabant
1256 2327 1624 2398 impellentes
1658 2343 1793 2383 eam
1821 2328 1899 2382 ad
1939 2329 2122 2400 paeni-

473 2420 720 2476 tentiam
744 2419 870 2488 ejus
901 2418 1064 2489 quod
1095 2417 1328 2482 fecerat,
1380 2416 1714 2472 audientem
1745 2416 1823 2473 ab
1848 2418 1931 2472 eis
1957 2417 2122 2490 quod

472 2523 626 2564 vane
661 2506 1091 2577 consumpserit
1123 2505 1444 2576 pretiosam
1486 2505 1907 2574 substantiam,
1945 2521 1976 2561 e
2025 2505 2121 2560 di-

476 2612 646 2652 verso
663 2596 789 2650 illos
811 2595 1105 2664 objurgat,
1130 2593 1465 2648 molestiam
1489 2593 1692 2648 dicens
1714 2595 1949 2650 dolores
1968 2596 2122 2667 quia

475 2683 817 2758 paenitentia
858 2687 1210 2754 sequuntur,
1242 2682 1465 2737 docens
1495 2684 1662 2753 quod
1694 2698 1815 2738 non
1853 2688 2123 2755 oporteat

476 2773 806 2829 obtundere
833 2772 1134 2827 hominum
1175 2770 1354 2824 ﬁdem
1378 2787 1508 2842 quae
1538 2771 1870 2840 germinare
1897 2771 2119 2843 incipit,

478 2863 578 2918 sed
619 2863 836 2933 pariter
864 2877 999 2916 eam
1031 2861 1220 2931 potius
1251 2859 1525 2924 enutrire,
1555 2876 1748 2932 neque
1779 2861 1937 2917 circa
1965 2863 2122 2934 prin-

478 2951 636 3022 cipia
661 2956 862 3005 exacte
888 2949 1236 3020 disquirere,
1264 2954 1368 3003 aut
1392 2948 1709 3004 excelsiora
1736 2949 1812 3006 ab
1840 2949 2123 3007 inﬁrmio-

2306 1976 2461 2033 Γνοὺς
2535 2001 2604 2011 -
2666 1974 2931 2042 γυναικίς
2990 1973 3130 2023 Ἐπεὶ
3194 1971 3384 2042 ἔφθασε
3462 1972 3787 2044 κάταχυθῆναι

2234 2065 2290 2114 τὸ
2346 2064 2528 2135 μύρον,
2587 2060 2842 2131 ἠνέσχετο
2889 2059 3064 2112 λοιπὸν
3131 2059 3157 2112 ό
3207 2062 3414 2134 Κύριος,
3470 2060 3578 2132 οὐχ
3629 2063 3685 2120 ὡς
3719 2066 3785 2110 τοῦ

2232 2154 2397 2224 μύρου
2463 2148 2720 2221 δεόμενος,
2791 2147 2896 2199 ἀλλ’
2937 2149 3020 2199 ἶνα
3072 2151 3142 2219 μὴ
3195 2146 3425 2221 ἀμϐλύνῃ
3504 2153 3598 2208 τὴν
3647 2155 3785 2200 πίστιν

2234 2241 2410 2302 αὐτῆς.
2476 2238 2613 2292 Ἐπεὶ
2655 2234 2714 2290 δὲ
2769 2239 2820 2289 oi
2875 2238 3124 2309 μαθηταὶ,
3178 2244 3240 2309 τῇ
3281 2243 3496 2308 γυναικὶ
3558 2239 3784 2310 ἐπιτιμῶνο

2231 2349 2331 2395 τες,
2399 2328 2466 2388 εἰς
2513 2325 2844 2399 μεταμέλειαν
2889 2325 3048 2384 αὐτὴν
3106 2332 3198 2377 τοῦ
3251 2331 3613 2402 πεπραγμένου
3664 2328 3785 2382 avsi:-

2229 2417 2435 2486 λαυνον,
2499 2417 2860 2488 μανθάνουσαν
2926 2415 3046 2489 παρ’
3127 2414 3293 2467 αὐτῶν
3349 2417 3430 2468 ὅτι
3487 2418 3650 2488 μάτην
3693 2414 3783 2465 ἐνά-

2229 2506 2362 2559 λωσε
2425 2505 2705 2576 πολύτιμον
2774 2503 2885 2575 (82)
2941 2511 3151 2576 χρῆμα,
3211 2502 3525 2576 ἅντεπιτιμᾲ
3600 2507 3781 2564 τούτοις,

2230 2600 2417 2655 κόπους
2499 2596 2588 2666 μεν
2664 2592 2822 2665 λέγων
2911 2596 3000 2653 τὰς
3100 2593 3154 2645 έκ
3228 2593 3565 2665 μεταμελείας
3616 2591 3782 2654 ὀδύνας,

2232 2681 2503 2736 διδάσκων
2549 2679 2607 2736 δὲ
2637 2683 2716 2734 ὅτι
2758 2681 2816 2734 ού
2855 2686 2962 2753 χρὴ
3015 2689 3212 2755 πηροῦν
3268 2681 3568 2756 ἀρχομένην
3597 2682 3786 2755 βλαστά-

2229 2793 2329 2826 νειν
2358 2778 2450 2830 την
2521 2777 2699 2824 πίστιν
2764 2779 2862 2822 τῶν
2939 2769 3237 2844 ἀνθρώπων,
3285 2769 3412 2823 ἀλλὰ
3476 2775 3786 2845 συνεκτρέφειν

2231 2861 2423 2934 μᾶλλον
2468 2861 2648 2929 αὐτὴν,
2707 2863 2794 2911 καὶ
2839 2863 2910 2932 μὴ
2979 2861 3122 2934 παρὰ
3178 2865 3270 2917 τὴν
3324 2863 3503 2932 ἀρχὴν
3569 2861 3786 2920 ἐπιζητεῖν

2231 2951 2440 3003 ἅπασαν
2484 2948 2768 3024 ἀκρίϐειαν,
2819 2945 2956 3020 μηδὲ
3005 2951 3069 3000 τὰ
3121 2947 3416 3022 ὑψηλότερα
3463 2954 3586 3011 τοὺς
3619 2950 3788 3001 ἀσθενε-

477 3040 644 3094 ribus
675 3039 922 3108 exigere.
959 3037 1183 3093 Deinde
1210 3037 1546 3093 consolatur
1577 3037 1754 3094 etiam
1785 3039 2116 3113 mulierem,

2235 3045 2443 3114 στέρους
2500 3038 2752 3092 ἀπαιτεῖν.
2830 3034 2956 3090 Εἶτα
3027 3040 3413 3112 παραμυθεῖται
3467 3044 3558 3091 καὶ
3609 3043 3690 3096 τὴν
3721 3058 3791 3107 τν-

475 3128 680 3183 dicens
706 3144 717 3181 :

529 3217 690 3273 Vers.
725 3218 812 3273 lO.
857 3217 1008 3289 Opus
1055 3248 1120 3258 —
1160 3217 1225 3273 in
1273 3232 1375 3273 me.
1422 3217 1528 3274 Ubi
1573 3215 1917 3292 simpliciter
1967 3235 2115 3292 opus

470 3306 624 3363 illius
653 3307 933 3372 laudavit,
959 3308 1221 3379 primum
1241 3308 1482 3379 quidem
1507 3307 1673 3365 solvit
1692 3308 2117 3381 discipulorum

468 3396 542 3452 de
595 3396 956 3469 pauperibus
995 3401 1388 3468 praetextum:
1421 3402 1628 3468 postea
1671 3413 1810 3454 vero
1850 3398 2115 3455 defendit

465 3485 646 3541 etiam
667 3502 820 3557 opus
848 3485 996 3554 ejus.

534 3576 694 3629 Vers.
731 3575 817 3627 11.
849 3575 1151 3640 Pauperes
1181 3604 1248 3613 ——
1273 3572 1437 3627 Vers.
1475 3577 1558 3629 t2.
1596 3573 1754 3629 fecit.
1793 3577 1867 3630 De
1890 3591 2112 3647 paupe-

461 3662 629 3717 ribus
661 3661 899 3732 scripsit
930 3664 1154 3715 Marcus
1186 3679 1198 3715 :
1235 3662 1376 3716 Cum
1410 3662 1621 3732 inquit,
1673 3664 1987 3732 volueritis,
2011 3683 2110 3736 po-

466 3749 620 3804 testis
650 3749 770 3803 illis
798 3749 932 3804 bene
958 3749 1155 3816 facere
1180 3751 1248 3802 οι.
1287 3749 1541 3804 Dicendo
1574 3755 1773 3806 autem
1803 3768 1816 3807 :
1849 3753 1944 3808 Me
1975 3770 2110 3812 vero

463 3855 583 3893 non
635 3853 859 3906 semper
911 3837 1136 3903 habetis,
1194 3837 1372 3892 caedis
1413 3854 1533 3893 sua:
1582 3855 1715 3910 quae
1753 3842 1928 3912 paulo
1976 3851 2111 3915 post.

461 3925 665 3981 futura
695 3932 818 3982 erat
854 3926 1215 3981 mentionem
1239 3926 1324 3980 eis
1352 3926 1572 3997 injecit.
1595 3929 1694 3983 Ad
1712 3932 2107 3998 sepeliendum

460 4031 546 4071 me
562 4017 720 4084 fecit,
753 4016 864 4070 hoc
892 4021 995 4078 est,
1039 4015 1125 4069 Ad
1158 4015 1526 4086 sepulturam
1557 4033 1776 4083 meam,
1819 4024 2103 4092 tanquam

459 4120 594 4175 qum
636 4105 1076 4175 praephetizavit
1107 4109 1356 4159 mortem
1389 4121 1584 4161 meam
1612 4106 1773 4162 brevi
1820 4108 2103 4166 futuram.

459 4195 525 4247 Et
577 4193 690 4248 hoc
721 4181 916 4247 hetiam
980 4193 1344 4247 manifestius
1403 4193 1555 4249 dixit
1604 4197 1827 4250 Marcus
1872 4215 1885 4249 ε
1945 4200 2106 4265 Quod

456 4283 658 4338 habuit
687 4283 829 4349 haec,
853 4282 997 4352 fecit
1027 4298 1037 4337 :
1065 4282 1334 4351 praevenit
1363 4289 1422 4336 ut
1445 4291 1676 4353 angeret
1698 4301 1905 4355 corpus
1926 4304 2104 4344 meum

453 4371 528 4427 ad
568 4373 923 4440 sepulturam
962 4374 1008 4406 9’
1054 4371 1227 4427 Moris
1259 4371 1419 4427 enim
1457 4378 1578 4429 erat
1621 4389 1760 4429 cum
1795 4379 2102 4446 unguentis

452 4461 700 4533 sepelire
712 4477 984 4533 corpora,
1011 4467 1074 4516 ut
1094 4461 1316 4515 diutius
1336 4461 1673 4533 incorrupta
1688 4464 2096 4534 perdurarent.

453 4550 611 4614 Quod
662 4551 887 4616 habuit,
941 4551 1005 4604 id
1056 4557 1158 4614 est,
1196 4551 1364 4613 Quod
1407 4550 1615 4620 potuit.
1654 4555 1714 4607 Et
1743 4557 1805 4607 tu
1855 4570 1994 4622 ergo
2052 4555 2095 4610 si

450 4637 682 4706 aliquos
714 4626 1122 4693 construentes
1149 4637 1421 4692 ecclesias
1450 4645 1550 4694 aut
1571 4643 1951 4709 monasteria,
1979 4645 2096 4700 sive

453 4739 650 4779 sacras
693 4725 980 4795 imagines
1023 4726 1258 4791 videris,
1299 4741 1373 4781 ne
1413 4725 1635 4782 factum
1676 4729 1828 4784 dirui
1854 4729 2090 4800 jubeas,

451 4827 525 4867 ne
578 4811 762 4866 animi
810 4814 1047 4868 illorum
1099 4815 1625 4885 promptitudinem
1670 4819 1999 4876 retundas:
2048 4823 2096 4877 si

448 4916 587 4956 vero
615 4901 965 4973 priusquam
991 4901 1254 4968 aediﬁcet,
1280 4910 1337 4959 te
1360 4905 1660 4976 quispiam
1700 4907 2092 4982 interrogave-

449 4989 542 5054 rit,
560 4988 765 5060 jubeto
789 4990 925 5046 dare
951 4992 1330 5062 pauperibus.

2229 3138 2400 3195 ναίκα,
2429 3128 2605 3200 λέγων.

2301 3219 2488 3294 Ἔργον
2536 3249 2603 3257 —
2676 3216 2747 3279 εἰς
2798 3214 2902 3289 έμέ.
2968 3215 3269 3276 Ἐπαινέσας
3320 3215 3496 3278 ἅπλῶς
3571 3220 3625 3267 τὸ
3672 3217 3790 3288 ἔργον

2226 3309 2404 3380 ἁύτῆς,
2455 3315 2654 3382 πρῶτον
2703 3309 2792 3378 μὲν
2834 3304 2941 3357 λύει
2994 3310 3087 3362 τὴν
3117 3309 3232 3378 περὶ
3279 3313 3379 3356 τῶν
3426 3313 3651 3377 πτωχῶν
3691 3309 3792 3376 πρό-

2226 3417 2380 3471 φασιν
2419 3405 2518 3449 τῶν
2575 3397 2842 3468 μαθητῶν,
2888 3396 3064 3447 ἔπειτα
3105 3394 3572 3468 ύπεραπολογείται
3615 3400 3789 3445 καὶτοῦ

2223 3490 2373 3560 ἔργου
2401 3486 2529 3545 αύτῆ
2541 3506 2582 3548 ς.

2291 3580 2418 3636 Τοὺς
2479 3577 2725 3646 πτωχοὺς
2789 3603 2859 3614 ——
2919 3571 3147 3631 ἐποίησε,
3241 3578 3367 3647 Περὶ
3437 3583 3542 3627 τῶν
3594 3579 3786 3645 πτωχῶν

2221 3663 2554 3738 ἐκδηλότερον
2638 3661 2856 3737 ἔγραψεν
2926 3664 2951 3713 ό
2992 3665 3221 3736 Μάρκος.
3287 3661 3449 3715 Ὀταν
3516 3667 3634 3740 γύρ,
3687 3666 3791 3736 φησὶ

2223 3755 2414 3820 θελητε,
2464 3753 2649 3815 αύτούς
2709 3750 2934 3804 δύνασθε
2988 3751 3098 3822 (83)
3149 3751 3206 3803 εὖ
3229 3760 3474 3809 ποιῆσαι.
3529 3755 3688 3807 Εἰπὼν
3727 3749 3788 3815 δε,

2220 3847 2300 3897 ότι
2353 3844 2472 3916 Ἐμὲ
2531 3839 2588 3894 δὲ
2659 3841 2715 3893 ού
2770 3842 2987 3893 πάντοτε
3063 3842 3228 3911 ἔχετε,
3298 3841 3596 3911 ὑπόμνησιν
3645 3841 3792 3899 αὐτοῖς

2220 3933 2417 3986 ἐνέϐαλε
2468 3940 2563 3994 τῆς
2633 3930 2742 4003 μετ’
2797 3929 2968 4000 ὀλίγον
3058 3936 3263 4001 σφαγῆς
3325 3930 3514 3987 αὐτοῦ,
3576 3934 3705 4005 Πρὸς
3749 3931 3791 3980 τὸ

2219 4021 2524 4093 ἐνταφιάσαι
2629 4015 2754 4092 μεδε
2853 4016 3113 4087 ἐποίησεν,
3242 4016 3356 4070 ἀντὶ
3452 4029 3570 4092 τοῦ,
3685 4020 3793 4090 Πρὸς

2217 4111 2562 4183 ἐνταφιασμόν
2615 4128 2737 4180 μου,
2805 4109 3034 4180 καθάπερ
3102 4111 3506 4179 προφητεύουσα
3557 4114 3643 4160 τὸν
3691 4108 3795 4163 πλη·

2218 4202 2470 4260 σιάζοντά
2525 4217 2622 4270 μου
2678 4198 2913 4249 θάνατον.
2997 4200 3096 4248 Καὶ
3147 4203 3298 4249 τοῦτο
3352 4193 3409 4249 δὲ
3474 4203 3795 4272 φανερώτερσι

2215 4292 2412 4363 εἴρηκεν
2465 4289 2490 4338 ό
2547 4289 2774 4358 Μάρκος,
2855 4286 2935 4337 ὅτι
3002 4282 3068 4336 Ὀ
3155 4286 3310 4355 ἔσχέν
3386 4285 3523 4345 αὕτη
3587 4287 3797 4344 ἐποίησε·

2212 4376 2457 4451 προέλαϐε
2509 4377 2608 4448 γὰρ
2667 4377 2887 4447 μυρίσαι
2953 4392 3052 4445 μου
3127 4376 3185 4424 τὸ
3273 4382 3427 4446 σῶμα
3481 4375 3556 4437 είς
3611 4380 3696 4427 τόν
3743 4375 3800 4424 ἐν

2209 4470 2524 4539 ταφιασμόν.
2599 4462 2752 4523 Ἐθος
2827 4464 2928 4536 γὰρ
3011 4462 3071 4519 ἦν
3129 4465 3316 4536 μύροις
3383 4465 3712 4535 ἐνταφιάζειν
3754 4465 3805 4512 τὰ

2211 4561 2426 4628 σώματα
2476 4555 2602 4625 πρὸς
2658 4555 2714 4603 τὸ
2754 4547 3008 4621 διαρκεῖν.
3066 4549 3131 4602 Ὀ
3197 4547 3255 4602 δί
3313 4551 3424 4623 (84)
3477 4555 3640 4624 ἔσχεν
3681 4553 3799 4622 (85),

2209 4644 2320 4697 ἀντὶ
2372 4651 2484 4709 τοῦ,
2527 4641 2545 4657 ”
2574 4648 2615 4693 0
2664 4635 2915 4698 ἠδύνατο.
2959 4643 3058 4690 Καὶ
3115 4642 3178 4690 σύ
3208 4645 3397 4705 τοίνυν,
3444 4640 3532 4692 iam
3578 4645 3670 4711 μὲν
3701 4636 3805 4709 ἱδςς

2205 4736 2345 4793 τινὰς
2397 4729 2880 4789 κατασκευάζοντας
2947 4725 3242 4799 ἐκκλησίας,
3296 4729 3326 4787 ἦ
3381 4735 3734 4802 μοναστήρια,
3779 4727 3801 4782 ξ

2207 4822 2534 4894 ἀναθήματα,
2578 4823 2647 4890 μὴ
2707 4817 2875 4869 κε’)ευέ
2928 4814 3199 4867 καταλύειν
3262 4820 3320 4868 τὸ
3375 4823 3677 4889 γινόμενον,
3738 4819 3810 4868 ἱνα

2205 4918 2274 4986 μὴ
2313 4916 2562 4986 πηρώσῃς
2609 4907 2775 4960 αὐτῶν
2825 4910 2912 4963 τὴν
2963 4906 3252 4978 προθυμίαν
3286 4921 3298 4934 ·
3359 4903 3444 4957 ἐὰν
3486 4903 3550 4959 δε
3589 4910 3695 4981 πρὸ
3733 4912 3808 4957 τοῦ

2203 5001 2599 5055 κατασκευάσαι
2659 5015 2741 5056 τις
2797 4993 3058 5068 ἐρωτήσῃ,
3098 4993 3268 5047 κέλευε
3307 4990 3493 5049 δοῦναι
3561 5002 3810 5069 πτωχοῖς.

521 5144 568 5179 ⁸9
609 5145 777 5200 Marc.
811 5145 1004 5211 x1v,4,
1036 5145 1088 5199 5.
1115 5146 1160 5181 6°
1181 5144 1325 5202 Osee
1352 5161 1430 5215 v1,
1464 5150 1535 5219 6;
1567 5148 1761 5205 Matth.
1794 5166 1872 5222 ix,
1910 5155 1990 5209 l3.
2027 5154 2118 5210 ΜΕ

2229 5170 2413 5220 3.117,
2445 5157 2498 5208 7.
2540 5152 2588 5188 ’³
2618 5147 2765 5206 ibid.
2803 5148 2856 5205 8.

1671 5355 1894 5426 Variaa
1925 5358 2246 5428 lectiones
2290 5369 2354 5428 et
2395 5365 2601 5426 nota.

665 5523 757 5610 11:6"
773 5517 1075 5610 πολύτιμον,
1118 5520 1246 5576 cod.
1277 5522 1353 5609 Ἀ,

522 5592 634 5664 (83)
667 5592 912 5659 Θέληται,
945 5592 1206 5661 δύνασθαι
1228 5593 1437 5659 αὐτούς,
1469 5593 1610 5651 Cod.
1640 5597 1705 5651 Α.

2306 5529 2392 5590 83)
2427 5531 2508 5590 Δί,
2535 5524 2752 5580 omittit
2773 5520 2885 5578 cod

2306 5532 2368 5583 δι
2427 5531 2508 5590 Δί,
2535 5529 2752 5580 omittit
2773 5537 2851 5578 co.

2280 5529 2395 5673 issi
2423 5603 2491 5654 Τὸ
2524 5594 2583 5650 δὲ
2617 5598 2772 5667 ἔσχεν
2814 5599 2851 5646 n
