3904 6210
173 255 252 310 649

1024 243 1395 302 COMMENT.
1439 244 1508 298 IN
1543 241 1985 300 MATTHEUM.
2027 272 2096 282 —-—
2135 243 2290 299 CAP.
2323 245 2523 300 XXVI.

3316 254 3427 309 650

229 378 436 450 ’Ᾱμήν-
495 371 666 434 αὐτῆς,
723 377 886 426 Τοῦτο
939 374 1030 424 καὶ
1093 377 1187 433 τῆς
1242 372 1492 442 γυναικὸς
1564 389 1695 422 παι.

1865 370 2000 426 ἵετε.
2058 373 2138 425 i3.
2191 371 2370 426 Amen
2417 401 2487 412 —
2529 371 2738 441 ipsius.
2774 373 2907 430 Hoc
2952 378 3009 431 et
3058 373 3192 432 laus
3232 381 3319 434 est
3357 395 3428 436 ac

171 466 367 539 ράκλησις
400 468 468 516 καὶ
501 465 695 522 ἔπαινος
758 458 840 527 ἧν,
890 466 980 514 καὶ
1029 468 1130 513 τῶν
1199 461 1444 532 μαθητῶν
1499 479 1664 532 παρα-

169 558 296 628 μυθία
322 570 332 582 '
359 561 430 616 τῆς
464 555 559 625 μὲν,
614 553 696 604 ὅτι
732 553 880 604 ἔσται
927 552 1064 603 κατὰ
1105 554 1280 602 πᾶσαν
1311 545 1537 622 ᾁδομένη
1573 553 1664 606 τὴν

169 644 399 716 οἰκουμένην
427 662 438 675 ο
466 650 552 693 τῶν
610 636 688 706 δὲ,
750 641 831 692 ὅτι
887 643 946 692 τὸ
993 643 1240 714 κήρυγμα
1295 644 1469 691 πᾶσαν
1523 656 1664 711 περι-

165 731 261 805 λάϐῃ
308 733 477 802 (86-87)
533 733 627 788 τήν
705 729 1029 802 οἰκουμένην.
1103 731 1172 781 Τὸ
1239 727 1549 800 Εὗαγγέλιον
1604 724 1662 779 δε

169 830 294 888 τοῦτο,
319 820 408 872 ἀντὶ
449 817 548 887 τοῦ,
599 821 629 876 ἡ
683 823 1017 893 πραγματεία
1061 819 1092 876 ἠ
1143 815 1262 889 ἰμή,
1293 823 1323 876 η
1349 813 1599 887 διήγησις
1629 818 1658 874 ἠ

167 908 352 980 κατ’
397 914 480 961 Καὶ
527 911 697 973 ὅντως,
753 909 869 960 ὅσοι
913 912 1238 979 γινώσκουσι
1282 907 1348 957 τὰ
1393 907 1525 958 κατὰ
1575 908 1662 957 τόν

168 1003 354 1071 Χριστόν,
387 1002 681 1068 γινώσκουσι
732 1002 822 1049 καὶ
882 996 907 1048 ὃ
966 995 1207 1053 ἐποίησεν
1267 995 1419 1061 αὕτη,
1457 999 1547 1046 καὶ
1591 1002 1662 1065 τῷ

168 1085 376 1157 εὐαγγελίῳ
437 1087 792 1158 συνεκηρύχθη
852 1088 910 1138 τό
961 1088 1118 1158 ἓρχον
1165 1083 1350 1153 αὐτῆς,
1427 1087 1517 1136 καὶ
1593 1082 1664 1144 εἰς

169 1179 323 1228 ἅπασαν
356 1180 429 1232 τὴν
467 1185 556 1246 γῆν
612 1172 892 1249 διέδραμεν
965 1175 1122 1236 αὐτῆς
1181 1178 1240 1227 τὸ
1311 1177 1658 1247 μνημόσυνον.

172 1270 245 1317 Καὶ
273 1273 354 1325 πῶς
401 1261 530 1318 οὐδὲν
586 1268 934 1338 πνευματικὸν
986 1265 1248 1336 ὑπέσχετο
1309 1259 1372 1336 τῇ
1431 1267 1664 1334 γυναικὶ,

168 1352 263 1404 ἀλλὰ
282 1359 404 1425 μόνην
449 1359 530 1412 τὴν
585 1354 750 1406 εἰσαεὶ
805 1357 1014 1426 μνήμην
1079 1353 1264 1418 ςἈπό
1322 1354 1518 1412 ταύτης
1578 1355 1667 1403 καὶ

165 1447 249 1515 περὶ
282 1441 436 1496 ἐκείνου
479 1443 678 1518 θαρῥείν
741 1439 949 1498 ἔδωκεν.
998 1442 1056 1496 Εἰ
1101 1444 1203 1517 γὰρ
1285 1441 1438 1494 καλόν
1523 1443 1669 1514 ἔργον

172 1532 268 1604 erit?
299 1536 746 1609 προσεμαρτύρησε,
799 1529 1082 1605 πρόδηλον,
1134 1533 1214 1584 ὅτι
1263 1527 1423 1584 δώσει
1469 1533 1672 1582 καὶτὸν

164 1620 255 1692 ὑπὲρ
299 1625 452 1674 τούτου
490 1623 698 1694 μισθόν.
756 1624 1052 1696 Προετύπου
1108 1617 1167 1672 δὲ
1221 1621 1252 1678 ἠ
1299 1622 1388 1692 μὲν
1417 1623 1546 1691 γυνὴ
1581 1623 1670 1676 τὴν

161 1708 419 1776 Ἓλαλησίαν,
447 1716 532 1769 τὴν
569 1715 818 1786 πρότερον
877 1710 1037 1762 οὖσαν
1085 1707 1388 1782 ἁμαρτωλὸν
1427 1725 1440 1738 ·

161 1800 297 1869 μόρον,
352 1805 432 1858 τὴν
481 1805 679 1866 πίστιν,
733 1800 793 1858 ἣν
844 1798 1041 1872 ἐξέχεεν
1097 1799 1167 1860 εἰς
1222 1802 1472 1873 Χριστόν.
1525 1796 1670 1849 Ὑπόο

158 1905 301 1955 mm
362 1885 413 1942 δε
463 1898 561 1951 τοῖς
620 1891 896 1962 μαθηταῖς,
949 1891 1015 1949 ὡς
1073 1888 1366 1963 εἰρήκαμεν,
1441 1885 1671 1959 ἐμϐαλὼν

158 1983 227 2036 τῆς
265 1977 353 2047 μετ’
401 1978 558 2051 ὀλίγον
592 1988 802 2052 σφαγῆς
840 1977 1020 2044 αὐτοῦ,
1079 1982 1168 2030 καὶ
1208 1981 1292 2030 τόν
1324 1972 1529 2030 Ἰούδαν
1555 1977 1673 2028 ὑπέ-

157 2063 276 2130 νυξεν,
332 2069 387 2127 ὡς
435 2068 490 2120 οὐ
534 2068 714 2126 λέληθε
785 2069 980 2140 πονηρὰ
1037 2071 1397 2139 σκεπτόμενος,
1464 2067 1674 2118 ὑπανοί-

153 2172 230 2221 γων
277 2155 393 2206 αὗτώ
451 2163 721 2229 μετανοίας
783 2159 968 2229 θύραν.
1042 2156 1100 2211 Ὀ
1182 2153 1240 2208 δὲ
1302 2160 1673 2229 καὶπρότερον

153 2244 220 2312 ‘u'ra
266 2244 333 2295 ἐπὶ
372 2253 454 2307 τῆς
502 2243 732 2319 ἀδελφῆς
775 2253 866 2298 τοῦ
912 2247 1160 2320 Λαζάρου
1211 2241 1542 2316 διεγόγγυσε,
1599 2243 1675 2296 λέ-

155 2350 233 2397 γων
270 2349 280 2361 ⁹
341 2340 470 2387 Διατί
519 2343 672 2388 τοῦτο
722 2339 781 2387 τὸ
833 2337 994 2408 μύρον
1060 2334 1154 2386 οὐκ
1213 2332 1410 2408 ἐπράθη
1466 2352 1676 2406 τριακο-

158 2422 250 2469 σίων
283 2417 532 2496 δηναρίων,
587 2430 682 2476 καὶ
732 2421 891 2482 ἐδόθη
945 2431 1182 2496 πτωχοῖς
1213 2419 1374 2491 ;Εἷπε
1406 2419 1484 2488 δί,
1523 2427 1674 2495 φησὶ,

153 2516 278 2575 τοῦτο,
332 2513 424 2584 οὐχ
483 2515 561 2566 ὅτι
641 2518 759 2588 περὶ
826 2521 924 2566 τῶν
990 2521 1222 2584 πτωχῶν
1285 2512 1451 2585 ἔμελεν
1513 2512 1676 2583 αὐτῷ,

155 2595 231 2647 ἀλλ’
281 2601 346 2652 ότι
397 2601 610 2665 κλέπτης
680 2599 762 2665 ἦν,
837 2607 927 2654 καὶ
984 2605 1040 2654 τὸ
1105 2601 1476 2674 γλωσσόκομον
1542 2598 1679 2674 εἶχε,

151 2693 216 2737 καὶ
257 2691 310 2739 τὰ
361 2689 640 2764 βαλλόμενα
705 2690 977 2752 ἐϐάσταξε.
1053 2694 1123 2744 Τὸ
1183 2689 1557 2762 γλωσσόκομον
1621 2686 1680 2742 δὲ

155 2769 198 2828 ἓν
222 2774 475 2848 βαλάντιον,
515 2781 630 2853 (88)
690 2778 801 2850 ὶνῷ
829 2783 893 2832 τὰ
939 2783 1308 2854 προσαγόμενα
1363 2781 1525 2854 χάριν
1578 2787 1678 2832 τῶν

153 2869 327 2922 πενήτων
364 2867 920 2944 ἱναπεθησαυρίζοντο.
986 2868 1083 2921 Ὠν
1130 2865 1189 2922 δὲ
1235 2867 1674 2942 βαλαντιοφύλαξ,
1709 2849 1751 2908 C

152 2951 331 3008 ἐϐούλετο
347 2963 426 3011 καὶ
453 2963 506 3012 τό
531 2965 742 3034 τίμημα
760 2967 849 3012 τοῦ
879 2960 1046 3034 μύρου
1079 2957 1578 3031 ἐναποταμιευθῆναι
1607 2967 1678 3030 τῷ

148 3037 367 3117 ﬁala-nire,
398 3049 474 3100 ἱνα
502 3045 722 3102 δύναιτο
770 3047 971 3119 κλέψαι.
1003 3047 1325 3123 Φιλαργυρίᾳ
1365 3050 1463 3123 γὰρ
1509 3048 1677 3116 ἁλοὺς,

149 3127 198 3188 εἰς
229 3131 392 3192 κλοπὴν
446 3138 593 3212 ἐώρα.
629 3142 755 3190 Τότε
807 3137 870 3189 δὴ
898 3141 1076 3209 τυχὼν
1117 3136 1420 3208 ἀπολογίας,
1453 3135 1561 3189 ἐπεὶ
1590 3143 1680 3190 καὶ

145 3225 209 3268 νῦν
231 3227 276 3273 τό
301 3224 412 3278 αὐτὸ
439 3231 648 3298 γιγόνός
675 3223 798 3297 εἶδε,
841 3231 930 3278 καὶ
959 3234 1052 3286 τῆς
1096 3227 1336 3301 ἀφορμῆς
1363 3234 1452 3278 τοῦ
1492 3225 1679 3296 κλέψαι

144 3308 259 3360 πάλιν
281 3310 538 3387 ἀπέτυχεν,
567 3317 637 3377 εἰς
668 3315 828 3389 ὀργὴν
879 3315 1056 3368 λοιπόν
1097 3315 1370 3379 ἐξεκαύθη,
1421 3321 1508 3368 καὶ
1541 3316 1679 3368 εἰσε-

144 3394 301 3461 )θὰντος
325 3402 388 3465 εἰς
433 3405 585 3458 αὐτόν
616 3413 711 3458 τοῦ
755 3411 974 3470 Σατανᾶ,
1005 3406 1176 3467 καθὼς
1217 3401 1351 3458 εἶπεν
1391 3406 1417 3458 ὁ
1449 3410 1676 3473 Λουκᾶς,

146 3487 320 3557 ἄρχεται
341 3501 427 3555 τῆς
453 3493 700 3554 ἐπιϐουλῆ
713 3515 753 3557 ς.

195 3670 295 3720 Τότε
348 3701 411 3711 -
469 3670 778 3747 παραδώσω
853 3672 1008 3725 αὐτόν
1075 3688 1090 3740 ;
1156 3671 1279 3726 ὀτι
1339 3675 1370 3732 ἠ
1440 3671 1684 3746 ἀλλοτρία

148 3751 355 3827 ᾡκιιώθη,
397 3766 505 3815 τότε
541 3765 569 3816 ὁ
623 3763 814 3824 οἰκεῖος
879 3761 1222 3837 ἠλλοτριώθη,
1277 3767 1367 3815 καὶ
1429 3761 1680 3835 ἐπορεύθη

145 3848 248 3913 πρός
291 3848 476 3918 αὐτοὺς,
525 3853 634 3926 οὐχ
667 3853 755 3905 ὑπ’
808 3851 975 3904 αὐτῶν
1011 3851 1320 3924 μετεκλήθη,
1379 3854 1684 3924 Προστίθει-

149 3947 222 3982 ται
260 3930 308 3987 δι
347 3943 396 3990 τὸ
448 3939 546 3994 ἀπὸ
596 3951 691 4002 τῆς
743 3939 1074 4013 ἕνεγκαμὲνης
1116 3940 1228 4013 (89)
1274 3939 1555 4014 ἔτι-ώνυμον,
1604 3938 1684 3994 δι·-

147 4025 212 4072 ότι
257 4030 329 4078 καὶ
367 4028 506 4092 sine;
562 4026 777 4092 Ἰούδας
807 4026 869 4088 ἧν
917 4031 943 4082 ό
987 4027 1257 4084 Ἰακώϐου.
1317 4029 1424 4083 Οὐκ
1465 4027 1572 4083 εἶπε
1603 4027 1683 4101 δὲ,

146 4108 209 4159 ὅτι
233 4116 302 4164 τὸν
344 4116 558 4184 Ἰησοῦν,
612 4122 645 4180 ἦ
689 4123 776 4171 τὸν
806 4123 1054 4194 Χριστόν,
1088 4118 1196 4172 ἀλλ’
1227 4120 1309 4172 ὅτι
1338 4119 1510 4174 αὐτόν.
1549 4121 1687 4194 Ἐμί-

148 4215 208 4251 m
251 4206 334 4277 γὰρ
388 4206 558 4263 λοιπόν
627 4209 791 4262 αὐτοῦ
845 4213 934 4260 καὶ
998 4213 1056 4261 τό
1119 4213 1297 4282 ὄνομα.
1358 4215 1564 4272 Λουκᾶς
1628 4206 1688 4264 δί

147 4283 268 4356 εἶπεν,
324 4298 396 4348 ὅτι
441 4299 762 4357 συνελάλησε
805 4302 896 4350 καὶ
940 4305 1050 4360 τοῖς
1108 4307 1418 4374 στρατηγοῖς
1474 4303 1531 4352 τὸ
1577 4308 1688 4363 πῶς

147 4375 272 4431 αὐτὸν
322 4384 532 4460 παραδῷ
589 4384 791 4450 αὐτοῖς.
849 4389 915 4440 Οἱ
963 4389 1065 4460 γὰρ
1123 4387 1391 4465 ἀρχιερεῖς
1442 4393 1685 4462 παρέπει-

209 4554 264 4611 ".
283 4557 407 4618 toan
431 4579 571 4632 χιιι,
603 4570 660 4629 5,
686 4568 739 4622 6.
817 4566 864 4602 οι
894 4566 1030 4622 Luc.
1055 4582 1200 4632 χιιι,
1227 4571 1279 4624 3.
1357 4569 1404 4604 ’⁸
1435 4567 1584 4625 ibid.
1606 4569 1662 4624 4.

1770 457 2100 514 consolatio
2149 457 2429 526 mulieris,
2490 465 2545 518 et
2615 460 3051 534 discipulorum
3123 466 3426 536 solatium,

1769 546 1926 602 illius
1950 547 2217 620 quidem,
2246 549 2390 621 quia
2410 564 2517 621 per
2543 549 2888 607 universum
2931 552 3128 610 orbem
3153 555 3430 614 decanta-

1770 635 1950 702 bitur;
1985 637 2193 693 horum
2227 642 2448 704 autem,
2481 639 2624 712 quia
2656 640 3001 712 praedicatio
3037 645 3227 700 totum
3268 661 3430 703 com-

1770 725 2098 798 prehendet
2118 727 2444 783 mundum.
2476 728 2596 784 Hoc
2619 730 3028 801 Evangelium,
3055 732 3116 788 id
3139 737 3248 799 est,
3273 750 3428 806 opus

1775 830 1976 870 meum
2007 821 2061 870 et
2094 816 2350 871 narratio
2381 815 2540 872 facta
2592 817 2666 872 de
2699 835 2816 875 me.
2866 821 2940 878 Et
2969 837 3100 878 vere
3131 827 3430 896 quotquot

1772 909 2143 974 cognoscunt
2189 919 2259 958 ea
2288 920 2424 976 quae
2470 904 2628 961 circa
2673 905 2970 965 Christum
3026 913 3424 982 contigerunt,

1772 992 1950 1049 etiam
2003 993 2063 1047 id
2096 998 2309 1047 norunt
2352 993 2517 1064 quod
2563 992 2691 1048 haec
2743 994 3009 1062 fecit;et
3062 999 3238 1056 simul
3291 1018 3426 1057 cum

1774 1081 2091 1151 Evangelio
2139 1079 2532 1152 praedicatum
2567 1086 2657 1138 est
2695 1081 2878 1154 hujus
2909 1100 3084 1156 opus,
3119 1093 3175 1143 et
3203 1088 3268 1144 in
3298 1091 3430 1147 uni-

1771 1186 2014 1227 versum
2041 1169 2329 1242 percurrit
2357 1170 2560 1226 orbem
2588 1169 2771 1242 hujus
2799 1174 3111 1231 memoria.
3143 1177 3258 1232 Sed
3283 1193 3432 1250 quo-

1777 1260 1958 1316 modo
1989 1259 2138 1315 nihil
2168 1259 2467 1330 spirituale
2498 1259 2732 1315 mulieri
2761 1261 3056 1332 promisit,
3092 1265 3190 1320 sed
3221 1282 3432 1340 perpe-

1774 1354 1939 1407 tuam
1969 1349 2266 1405 duntaxat
2294 1348 2652 1404 memoriam
2690 1349 2719 1406 ?
2740 1352 2822 1404 Ex
2852 1349 2967 1406 hoc
2999 1368 3143 1408 sane
3170 1360 3233 1411 ut
3275 1355 3430 1414 illius

1775 1453 2019 1512 quoque
2036 1437 2318 1494 ﬁduciam
2332 1436 2580 1494 haberet
2597 1437 2790 1509 dedit;
2811 1455 2952 1495 nam
2976 1440 3262 1498 sibonum
3277 1445 3432 1501 illius

1778 1529 1964 1584 fuisse
2018 1542 2173 1600 opus
2219 1530 2465 1583 testatus
2511 1531 2617 1594 est,
2676 1527 3062 1586 manifestum
3125 1537 3212 1587 est
3266 1535 3433 1605 quod

1779 1616 1958 1673 etiam
1986 1615 2273 1688 rependet
2302 1631 2410 1688 pro
2443 1615 2574 1686 ipso
2629 1616 2990 1674 mercedem.
3030 1618 3436 1692 Praiﬁguravit

1497 1711 1556 1760 τό
1614 1703 1674 1760 δὲ
1708 1712 1750 1767 Β
1780 1712 1980 1763 autem
2033 1706 2161 1761 haec
2236 1703 2450 1760 mulier
2502 1703 2844 1773 Ecclesiam,
2900 1723 3035 1778 quae
3091 1709 3258 1780 prius
3308 1716 3435 1768 erat

1779 1794 2484 1868 peccatrix.Unguentum
2499 1792 2848 1858 vero,ﬁdem
2862 1811 3046 1868 quam
3061 1796 3119 1852 in
3133 1799 3433 1856 Christum

1779 1885 2012 1942 effudit.
2069 1881 2715 1940 Commemorationem
2759 1889 2958 1938 autem
3029 1885 3329 1959 discipulis
3370 1893 3434 1947 ut

1779 1974 2041 2030 diximus
2067 1971 2438 2043 suggerendo
2481 1971 2831 2043 propinquae
2863 1972 3042 2028 cadis
3075 1991 3219 2040 sum,
3252 1978 3431 2034 etiam

1779 2065 1998 2119 ludam
2030 2063 2183 2118 clam
2213 2060 2528 2133 percussit,
2561 2065 2765 2131 utpote
2792 2061 2956 2132 quod
2989 2063 3283 2120 Christum
3311 2082 3434 2124 non

1779 2153 2198 2224 lateretipsum
2221 2148 2428 2222 iniqua
2453 2154 2703 2205 tractare
2730 2171 2741 2203 :
2765 2154 3055 2224 tanquam
3075 2154 3436 2224 poenitentiae

1778 2243 2031 2314 januam
2063 2240 2143 2296 illi
2193 2239 2535 2312 aperiendo.
2571 2238 2666 2293 Ille
2703 2243 2906 2294 autem
2955 2241 3130 2296 etiam
3164 2243 3328 2314 prius
3363 2245 3439 2301 de

1784 2347 1986 2387 sorore
2019 2329 2214 2386 Lazari
2259 2333 2758 2393 murmuraverat,
2792 2327 2998 2384 dicens
3031 2346 3044 2385 :
3091 2331 3287 2398 Quare
3332 2335 3443 2391 hoc

1784 2427 2155 2492 unguentum
2185 2434 2303 2475 non
2329 2416 2511 2474 veniit
2539 2417 2810 2475 trecentis
2836 2418 3102 2476 denariis
3143 2428 3197 2478 et
3235 2422 3443 2482 datum

1785 2517 1868 2568 est
1908 2510 2106 2580 egenis
2137 2510 2164 2562 ?
2196 2508 2361 2565 Dixit
2391 2514 2588 2564 autem
2619 2509 2747 2572 hoc,
2783 2508 2976 2580 inquit
3013 2510 3292 2583 Joannes,
3325 2529 3447 2571 non

1786 2601 1945 2672 quod
1973 2599 2046 2655 de
2079 2599 2273 2668 egenis
2323 2596 2615 2653 sollicitus
2664 2603 2829 2662 esset,
2863 2597 2968 2652 sed
2997 2602 3139 2669 quia
3168 2606 3274 2671 [ur
3319 2607 3450 2659 erat

1788 2695 1842 2746 et
1861 2689 2083 2746 loculos
2114 2687 2373 2750 habebat,
2396 2701 2468 2744 ac
2489 2701 2556 2742 ea
2581 2700 2706 2757 quae
2730 2685 3120 2742 mittebantur
3144 2691 3446 2758 portabat.

1788 2778 1990 2834 Loculi
2011 2782 2212 2833 autem
2243 2780 2410 2832 erant
2437 2772 2810 2846 marsupium
2835 2775 2897 2830 in
2943 2791 3066 2848 quo
3089 2777 3450 2838 recondebat

1787 2883 1858 2924 ea
1868 2884 2004 2940 quas
2019 2881 2358 2939 pauperum
2374 2865 2562 2934 gratia
2575 2863 2855 2937 ascita(v)
2867 2869 3036 2921 erant
3054 2882 3067 2921 :
3085 2881 3224 2922 cum
3241 2872 3446 2926 autem

1786 2957 2010 3014 loculos
2043 2959 2322 3019 servaret,
2381 2954 2618 3010 volebat
2643 2953 2822 3010 etiam
2866 2955 3157 3026 unguenti
3187 2959 3444 3030 pretium

1789 3047 1851 3103 in
1872 3045 2080 3102 loculis
2097 3043 2364 3113 recondi,
2385 3059 2507 3114 quo
2532 3042 2714 3099 furari
2737 3044 2875 3100 inde
2896 3051 3112 3117 posset.
3137 3047 3444 3121 Siquidem

1789 3135 2035 3193 avaritia
2067 3140 2276 3206 captus
2302 3135 2362 3188 in
2408 3133 2632 3189 furtum
2665 3132 3032 3191 intendebat.
3064 3139 3130 3193 Et
3154 3143 3294 3194 tunc
3315 3140 3445 3212 qui-

1789 3227 1926 3281 dem
1953 3224 2033 3280 illi
2053 3236 2407 3295 responsum
2431 3226 2518 3276 est
2544 3221 2653 3293 (ευ),
2685 3221 2790 3276 sed
2818 3223 2960 3294 quia
2990 3239 3149 3281 nunc
3174 3225 3332 3283 idem
3360 3229 3446 3285 fa-

1789 3319 1950 3371 ctum
1981 3312 2145 3377 vidit,
2176 3327 2245 3366 ac
2271 3310 2509 3366 furandi
2537 3310 2851 3366 occasione
2881 3327 3088 3367 rursus
3131 3314 3445 3372 fraudatus

1791 3409 1896 3469 est,
1919 3405 2048 3475 jam
2082 3405 2142 3457 in
2184 3400 2336 3456 iram
2367 3401 2620 3455 exarsit:
2662 3415 2921 3472 cumque
2946 3400 3251 3471 ingressus
3289 3410 3446 3463 esset

1793 3493 1853 3550 in
1913 3508 2053 3549 eum
2111 3493 2384 3558 Satanas,
2457 3489 2606 3546 sicut
2686 3489 2835 3545 dixit
2914 3492 3120 3558 Lucas,
3199 3493 3446 3553 insidias

1795 3583 2038 3655 appeﬁL

1865 3674 2031 3728 Vers.
2083 3673 2162 3726 14.
2221 3668 2371 3724 Tunc
2422 3698 2491 3709 —
2548 3669 2707 3723 Vers.
2775 3672 2858 3723 15.
2919 3669 3075 3726 Eum
3128 3672 3367 3730 tradam
3419 3671 3450 3730 ‘P

1794 3761 1943 3819 Cum
1996 3760 2192 3817 aliena
2243 3761 2331 3814 est
2388 3754 2596 3814 eﬂecta
2652 3756 3006 3815 domestica.
3054 3763 3197 3817 tunc
3252 3761 3449 3819 domeo

1795 3853 1978 3909 sticus
2019 3849 2313 3906 alienatus
2343 3851 2451 3912 est,
2479 3853 2535 3902 et
2566 3845 2644 3902 ad
2672 3845 2804 3902 illos
2855 3846 3020 3918 abiit,
3053 3863 3175 3906 non
3227 3850 3306 3908 ab
3334 3851 3448 3909 illis

1792 3945 2038 3999 vocatus
2066 3944 2172 3994 est.
2206 3935 2490 3992 Additum
2521 3939 2609 3991 est
2632 3936 2811 3992 etiam
2847 3936 3050 4008 patriae
3089 3953 3447 4010 cognomen,

1795 4031 1934 4104 quia
1959 4028 2112 4084 alius
2139 4027 2310 4082 etiam
2341 4025 2525 4081 ludas
2575 4030 2699 4081 erat
2727 4025 2831 4097 qui
2861 4026 3066 4082 Jacobi
3115 4027 3449 4086 dicebatur.

1795 4123 1922 4177 Non
1948 4115 2096 4173 dixit
2125 4123 2324 4171 autem
2369 4113 2570 4169 Jesum
2605 4113 2926 4181 Christum,
2961 4115 3068 4170 sed
3100 4115 3252 4171 Eum
3284 4133 3298 4183 ;
3320 4118 3453 4189 jam

1797 4208 1956 4266 enim
1980 4212 2036 4262 et
2056 4219 2275 4260 nomen
2302 4203 2429 4274 ejus
2460 4201 2686 4258 oderat.
2723 4203 2910 4258 Lucas
2935 4218 3074 4259 vero
3104 4203 3255 4260 dixit
3287 4205 3454 4275 quod

1796 4297 1976 4356 etiam
2003 4293 2238 4350 locutus
2266 4296 2352 4348 est
2382 4307 2520 4346 cum
2565 4289 3018 4359 magistratibus
3049 4291 3134 4362 (ῃ)
3166 4292 3456 4364 quemad-

1800 4385 2052 4444 modum
2083 4381 2253 4438 illum
2283 4378 2574 4437 tradateis
2590 4378 2658 4432 9°.
2678 4377 2978 4450 Principes
3000 4379 3161 4437 enim
3179 4379 3459 4438 sacerdo-

1297 4746 1520 4816 Variae
1550 4745 1875 4815 lectiones
1928 4751 1993 4811 et
2031 4750 2234 4809 notae.

149 4997 158 5016 ε
203 4929 378 5016 (εξεγ)
410 4935 670 5016 Uterque
699 4940 887 5016 codex
911 4941 1524 5016 ha_betmpaai6g.8ed
1555 4958 1698 5016 con-

140 5010 396 5088 ltlngtiyus
417 5010 730 5088 _hi_c_'_non
767 5013 944 5088 habet
971 5010 1210 5088 locum.
1258 5010 1481 5086 Co'njici
1507 5014 1697 5088 possit

145 5074 380 5144 τοςιριεαλιῖ.
414 5081 526 5138 Sed
557 5085 881 5141 lientenius
910 5086 1088 5142 etiam
1113 5086 1296 5143 habet
1311 5074 1698 5144 co'mnr'ehen-

143 5139 254 5226 ῥέπε
277 5149 406 5226 Ergo
434 5139 1227 5226 περιλαϐιίβίίίῠίιλῖἆὶξῶή
1235 5139 1696 5222 adiam—.86,

144 5214 696 5312 “laesam;

200 5288 637 5366 (88),Βαλλοέντισν,
669 5296 811 5355 Cod.
843 5297 1076 5356 A.idem
1105 5314 1250 5357 mox
1268 5299 1448 5358 habet
1477 5297 1700 5372 pana-

195 5464 270 5678 £1)
290 5471 478 5530 Ascita
510 5474 753 5531 Oblata.

213 5544 268 5608 τ)
293 5539 390 5599 Illi
435 5560 753 5616 responsum

241 5612 259 5678 )
284 5612 753 5678 Magistratibusl

824 5550 924 5603 est.
959 5502 1413 5606 Excusationem
1463 5545 1698 5603 habuit.

241 5612 259 5678 )
284 5612 1086 5689 Magistratibmﬁuthymius
1105 5619 1181 5677 de
1193 5619 1479 5677 militibus
1494 5621 1702 5677 Roma-

381 5712 615 5771 ΡΑτειοι..
660 5715 764 5772 Gn.
807 5716 1050 5775 CXXIX.

1804 4937 2088 5022 τεθρύλαξκ
2133 4941 2190 4993 et
2233 4934 2435 5022 paulo.
2473 4938 2614 5022 post
2655 4948 2880 5020 rursus,
2932 4931 3244 5022 gutturi-thas.
3291 4936 3462 5020 Addo

1803 5005 2000 5070 obiter
2053 5009 2130 5065 de
2180 5005 2492 5093 yocabulo'
2523 5005 2893 5094 γλοοσσόκομον
2934 5005 3128 5078 Cyrilli
3159 5005 3348 5064 Gloss.
3377 5008 3465 5064 in-

1804 5083 1945 5158 edit.
1979 5080 2380 5158 Γλωσσοκομονο
2427 5076 2764 5158 βαλλάντιον,
2792 5097 2822 5136 η
2864 5075 3050 5158 ,ξυλίνη
3095 5079 3258 5139 θήκη,
3297 5079 3464 5136 Idem

1803 5153 1989 5235 habet
2014 5149 2448 5235 quoque'aliud
2476 5149 3057 5235 Le'xicon‘in‘editum.

1878 5224 1994 5297 (89)
2016 5221 2180 5280 Alibi
2201 5221 2508 5284 ἓνεκκούσης
2539 5223 2659 5278 fere
2691 5221 2925 5279 dicitur.

1808 5473 1904 5530 nis
1935 5473 2182 5544 accepit,
2207 5487 2330 5528 non
2346 5471 2422 5528 de
2443 5471 2732 5544 praefectis
2757 5471 2984 5544 templi.
3010 5474 3184 5543 Ergo,
3201 5469 3468 5533 ducibus,

1810 5543 2108 5616 prafectis
2136 5544 2418 5612 militum,
2447 5543 2544 5600 hic
2575 5547 2632 5602 et
2661 5558 2823 5601 mox.

3120 5714 3183 5766 21
