3904 6210
429 262 536 319 655

426 386 652 457 pascha
703 400 832 442 cum
877 375 1183 451 discipulis
1225 378 1366 435 meis
1408 377 1595 433 edam.
1642 374 1716 428 El
1765 372 1872 428 ille
1918 369 2051 426 vobi

2193 366 2304 437 ίλθη
2316 408 2330 434 ,
2394 370 2565 420 εἶπατε
2662 373 2736 436 τῷ

431 476 695 533 ostendet
729 476 773 511 ι¹
807 471 1165 529 οωηοοιιιιιηι
1190 466 1423 539 grande
1446 466 1766 521 instratum
1792 478 1804 516 :
1832 460 1958 516 illic
1975 474 2080 529 pa-

432 569 561 623 rate
592 563 776 620 nobis.
808 559 1086 617 Proxima
1112 557 1206 614 his
1228 556 1407 614 etiam
1433 554 1666 626 scripsit
1693 551 1878 607 Lucas
1904 551 1971 602 η.

506 815 760 884 Tempus
776 815 975 869 autem
987 809 1118 881 ejus
1134 803 1926 881 propinquum,intelligimus
1941 805 2081 857 tem-

438 916 553 974 pus
582 902 794 958 mortis
832 899 1019 972 ipsius
1053 899 1195 955 Cum
1230 895 1535 967 discipulis
1562 895 1711 958 meis,
1746 891 1988 956 addidit,
2021 895 2084 944 ut

418 1005 547 1063 .pro
574 990 669 1047 his
692 1004 931 1063 quoque
955 988 1254 1044 sufﬁciens
1283 989 1721 1058 prmpararetur
1746 980 2081 1037 convivium

439 1080 725 1153 Κατάλυμα
751 1094 890 1135 vero
919 1076 1082 1150 quod
1112 1078 1356 1134 Marcus
1386 1074 1533 1131 dixit
1558 1076 1636 1144 (et
1662 1089 1773 1129 nos
1806 1070 2082 1127 vertimus

435 1167 851 1239 diversorium)
872 1171 962 1223 est
981 1165 1379 1223 cmnaculum.
1406 1165 1667 1235 Apparet
1688 1165 1885 1216 autem
1916 1157 2081 1230 quod

433 1257 628 1315 ﬁdelis
642 1257 735 1313 hic
748 1255 1188 1329 paterfamilias,
1203 1253 1325 1309 sive
1342 1252 1545 1308 divina
1561 1249 1937 1313 revelatione,
1959 1247 2081 1302 sive

434 1344 724 1418 corporali
773 1344 1095 1400 Salvatoris
1141 1340 1558 1409 collocutione,
1618 1342 1865 1395 noverat
1916 1334 2078 1409 quod

432 1434 599 1507 apud
643 1450 705 1490 se
735 1432 999 1490 facturus
1048 1436 1205 1489 esset
1252 1430 1350 1489 ille
1406 1428 1662 1501 pascha:
1718 1431 1776 1483 et
1824 1426 1958 1482 ideo
2008 1425 2080 1481 ad

433 1523 870 1596 susceptionem
920 1524 1325 1594 praeparatum
1372 1518 1636 1575 habebat
1683 1514 2077 1572 coanaculum.

432 1612 727 1669 Prmterea
754 1612 815 1668 in
846 1611 957 1667 hoc
986 1612 1165 1668 etiam
1191 1609 1324 1665 loco
1355 1623 1492 1664 cum
1529 1608 1875 1664 auctoritate
1901 1605 2079 1675 signi-

430 1701 591 1771 ﬁcat,
624 1707 912 1775 tanquam
935 1700 1204 1757 omnium
1245 1697 1554 1755 Dominus.

420 1820 427 1823 ~
501 1790 738 1864 Mystice
759 1804 897 1846 vero
930 1789 1312 1861 signiﬁcatur,
1344 1786 1503 1860 quod
1541 1785 1620 1842 ad
1658 1797 2081 1857 quemcunque

432 1876 703 1932 divinum
734 1874 1038 1947 baptisma
1073 1874 1414 1945 ingressum
1443 1870 1649 1927 fuerit:
1690 1885 1834 1925 nam
1880 1868 1941 1924 id
1969 1868 2082 1941 hy-

431 1964 578 2021 dria:
606 1979 768 2037 aqua
795 1963 1107 2036 ﬁguratur,
1138 1961 1303 2034 apud
1344 1961 1505 2016 hunc
1543 1959 1804 2015 Christus
1851 1958 2082 2029 requie-

431 2052 555 2120 scit,
612 2051 868 2109 maxime
919 2052 966 2107 si
1025 2052 1335 2107 instratum
1403 2048 1626 2105 habeat
1681 2047 2075 2112 ccenaculum,

431 2143 555 2199 sive
581 2141 961 2216 puriﬁcatam
986 2144 1270 2206 mentem,
1303 2142 1359 2195 et
1388 2138 1742 2196 adornatam
1770 2136 2079 2209 splendore

430 2230 1004 2304 contemplationum
1052 2228 1610 2302 supernaturalium.
1663 2227 1817 2296 Illic,
1864 2225 2073 2298 inquit,

427 2327 639 2392 parate
665 2319 853 2385 nobis,
886 2334 957 2375 ea
998 2317 1272 2374 videlicet
1298 2334 1434 2390 quin
1466 2316 1547 2373 ad
1583 2317 1819 2373 Pascha
1859 2315 2076 2371 festum

430 2410 808 2474 conveniunt,
854 2423 1102 2479 agnum,
1148 2422 1382 2480 azyma,
1426 2406 1687 2463 lactucas
1718 2410 1981 2477 agrestes
2007 2420 2077 2460 ac

428 2497 704 2558 haculos.

500 2591 542 2660 σι’
568 2587 782 2646 Civitas
806 2588 1047 2661 quidem
1074 2587 1247 2659 juxta
1291 2600 1624 2657 anagogen,
1667 2584 1961 2641 sensibilis
1992 2589 2078 2639 est

430 2678 709 2736 mundus.
755 2678 946 2734 Homo
988 2693 1151 2744 vero,
1188 2676 1542 2747 generaliter
1593 2681 1807 2732 natura
1851 2678 1937 2730 est
1971 2674 2079 2729 hu-

430 2783 633 2824 mana.
660 2769 788 2824 Duo
809 2771 1007 2824 autem
1030 2767 1135 2840 qui
1164 2765 1242 2823 ad
1267 2766 1429 2822 hunc
1460 2766 1774 2821 mittuntur
1802 2763 2077 2835 discipuli

428 2855 524 2913 lex
565 2857 791 2913 Veteris
821 2872 890 2913 ac
922 2857 1066 2913 Novi
1108 2854 1464 2912 Testamenti
1503 2859 1793 2927 tanquam
1824 2868 2079 2926 praecur—

430 2961 598 3003 sores
640 2946 892 3019 quidam
920 2945 1150 3001 Christo
1192 2944 1514 3017 mysticum
1560 2944 1899 3001 convivium
1930 2958 2079 3014 prae-

1746 245 2092 303 EUTHYMII
2134 243 2461 299 ZlGABENI
3679 244 3763 299 655

3338 366 3395 419 Ὀ
3470 364 3767 429 διδάσκαλος

2187 455 2342 527 λέγει*
2405 463 2512 508 Ποῦ
2584 454 2696 508 ἐστι
2772 458 2830 508 τὸ
2902 456 3193 528 κατάλυμα,
3275 459 3402 509 ὅπου
3481 460 3539 509 τὸ
3602 460 3769 529 πάσχα

2845 360 3191 439 οἰκοδεσπότῃ
3250 386 3263 400 ο

2187 547 2317 617 μετὰ
2372 554 2469 597 τῶν
2547 547 2791 617 μαθητῶν
2868 564 2967 618 μου
3045 548 3237 618 φάγως
3309 550 3409 599 Καὶ
3458 546 3616 608 αὐτὸς
3667 548 3769 619 ύμῖν

2190 630 2347 697 δείξει
2398 632 2629 706 ἀνώγεων
2686 638 2819 707 μέγα
2898 632 3233 708 ἐστρωμένον·
3317 634 3421 688 ἐκεῖ
3481 634 3769 708 ἑτοιμάσατε

2188 724 2331 794 ἡμῖν.
2363 724 2440 776 Τά
2477 721 2821 797 παραπλησία
2850 719 2909 775 δε
2933 727 3023 775 καὶ
3053 725 3079 774 6
3110 730 3318 787 Λουκᾶς
3351 726 3620 799 ἱστόρησε.

2262 814 2451 885 Καιρὸν
2504 808 2562 864 δι
2611 812 2723 883 (94)
2786 811 2943 865 αὐτοῦ
2998 820 3207 885 νοοῦμεν
3270 812 3543 885 ἐγγίζοντα
3577 817 3660 866 τόν
3696 822 3767 867 τοῦ

2192 902 2432 954 θανάτου.
2493 904 2632 953 Μετά
2676 909 2776 952 τῶν
2824 903 3071 973 μαθητῶν
3123 921 3224 974 μου
3279 899 3338 954 δὲ
3364 900 3521 971 εἶπεν,
3574 905 3657 955 ἶνα
3699 909 3769 955 καὶ

2189 993 2317 1061 πρὸς
2372 992 2588 1050 τούτους
2638 992 2901 1063 αὐτάρκης
2949 993 2977 1049 ἡ
3035 988 3283 1063 ὑποδοχὴ
3337 996 3575 1063 γένηται.
3618 998 3769 1046 Κατά-

2188 1077 2327 1151 λυμα
2383 1075 2442 1131 δὲ
2487 1079 2687 1150 λέγεται
2752 1082 2810 1131 τὸ
2870 1085 3218 1151 καταγώγιον.
3280 1086 3520 1133 Φαίνεται
3578 1078 3654 1147 δε,
3707 1084 3767 1135 ότι

2189 1170 2375 1228 πιστὸς
2439 1172 2505 1219 ὦν
2562 1167 2743 1229 ἐκεῖνος
2792 1170 2817 1220 6
2871 1165 3270 1233 οἰκοδεσπότης,
3320 1172 3418 1222 εἴτε
3474 1173 3612 1222 κατὰ
3664 1170 3766 1221 am.

2189 1257 2413 1327 κάλυψιν
2468 1259 2745 1331 θειοτέραν,
2805 1261 2902 1310 εἶτε
2954 1261 3219 1310 καὶκατὰ
3271 1264 3565 1330 συντυχίαν
3620 1279 3765 1332 σωμα-

2188 1351 2332 1405 τικὴν
2380 1354 2471 1398 τοῦ
2525 1354 2781 1422 Σωτῆρος,
2841 1346 3089 1418 ἐγίνωσκε
3133 1355 3314 1399 τοῦτον
3359 1348 3485 1421 παρ’
3518 1350 3657 1417 αύτῷ
3705 1369 3766 1401 τε·

2188 1435 2403 1488 λίσοντα
2447 1440 2505 1488 τὸ
2552 1439 2764 1507 πάσχα,
2824 1441 2911 1489 καὶ
2982 1433 3076 1489 διὰ
3127 1446 3279 1489 τοῦτο
3328 1442 3459 1513 πρός
3515 1436 3764 1509 ὑποδοχὴν

2192 1525 2592 1598 ηύτρεπισμένον
2646 1522 2759 1596 εἶχε
2796 1531 2884 1577 καὶ
2944 1530 3004 1577 τό
3055 1524 3308 1598 ἀνώγεων.
3369 1528 3495 1580 Μετ’
3556 1527 3766 1591 ἐξουσίας

2192 1611 2251 1667 δε
2278 1616 2545 1667 κάνταύθα
2572 1617 2776 1687 μηνύει,
2809 1617 2877 1675 ὡς
2911 1615 3148 1667 ἁπάντων
3181 1619 3390 1691 Κύριος,

2259 1807 2697 1879 ’Υποσημαίνεται
2745 1804 2806 1860 δὲ
2856 1811 2945 1860 καί
3000 1827 3051 1860 τι
3106 1812 3359 1880 μυστικόν
3415 1809 3657 1875 ἐντεῦθεν,
3700 1812 3762 1862 ὅτι

2191 1897 2256 1957 εἰς
2282 1898 2334 1949 ὃν
2366 1896 2425 1948 ἂν
2452 1896 2652 1954 εἰσέλθῃ
2690 1901 2748 1949 τὸ
2782 1899 2914 1949 θεῖον
2962 1895 3265 1970 βάπτισμα·
3303 1905 3458 1951 τοῦτο
3492 1903 3594 1971 γὰρ
3628 1898 3763 1951 αἰνίτ-

2189 2005 2330 2039 τεται
2385 1990 2442 2038 τό
2494 1994 2585 2037 τοῦ
2642 1991 2890 2061 κεραμίου
2948 1982 3114 2058 ὕδωρ·

2188 2079 2415 2150 Χριστός
2482 2074 2799 2128 ἀναπαύεται
2855 2092 2868 2105 ·
2937 2080 3026 2128 καὶ
3092 2075 3300 2149 μᾶλλον,
3376 2077 3420 2130 εἰ
3477 2077 3762 2150 ἐστρωμένον

2189 2168 2301 2237 ἔχει
2330 2168 2389 2217 τό
2434 2164 2687 2236 ἀνώγεων,
2740 2168 2920 2236 ἤγουν,
2983 2167 3362 2241 κεκαθαρμένον
3400 2170 3488 2218 τὸν
3539 2175 3647 2220 νοῦν
3689 2172 3762 2218 καὶ

3203 1989 3347 2062 παρὰ
3397 1991 3566 2059 τούτῳ
3618 1993 3692 2040 καὶ
3744 1990 3761 2038 ὁ

2188 2259 2567 2328 κεκοσμημένον
2669 2261 2731 2325 τῇ
2808 2250 3121 2329 φαιδρότητι
3199 2263 3297 2307 τῶν
3372 2257 3477 2307 ἄνω
3548 2259 3756 2327 θεωριῶν.

2188 2343 2323 2396 Ἐκεῖ
2382 2340 2461 2410 δι,
2531 2348 2708 2415 φησὶν,

2186 2436 2279 2483 τόῦ
2310 2433 2509 2504 Πάσχα
2561 2432 2738 2507 ἑορτὴν
2769 2430 3062 2498 ἐπιτήδεια,
3095 2436 3180 2485 τὸν
3233 2433 3415 2506 ἀμνὸν,
3470 2437 3532 2487 τὰ
3579 2436 3751 2504 ἄζυμα,

2186 2524 2281 2583 τὰς
2308 2517 2577 2596 πικρίδας,
2602 2524 2694 2583 τὰς
2726 2519 3041 2594 βακτηρίας.

2264 2610 2390 2683 [Τοῦ
2422 2609 2573 2681 ἁγίου
2620 2610 2735 2680 (95)
2784 2611 3046 2682 Μαξίμου.
3104 2611 3263 2672 Πόλις
3317 2616 3407 2684 μὲν
3437 2613 3547 2664 κατ’
3588 2611 3759 2683 ἀναγω-

2186 2705 2283 2772 γὴν
2314 2701 2339 2751 ό
2388 2700 2641 2761 αἰσθητός
2696 2704 2910 2772 κόσμος·
2971 2702 3241 2774 ἄνθρωπος
3299 2697 3359 2753 δε
3398 2701 3510 2773 (96)
3558 2704 3586 2760 ἡ
3626 2704 3761 2752 add.

2186 2789 2275 2841 λου
2325 2792 2475 2861 φύσις
2540 2798 2639 2841 τῶν
2712 2787 3006 2862 ἀνθρώπων·

2789 2344 3095 2415 ἑτοιμάσατε
3174 2346 3299 2417 ἡμῖν
3382 2346 3446 2397 τὰ
3514 2349 3633 2420 πρὸς
3679 2350 3759 2401 τ’ὲν

3086 2786 3182 2841 δύο
3258 2786 3317 2842 δε
3377 2792 3603 2861 μαθηται
3648 2794 3757 2864 πρὸς

2187 2886 2368 2931 τοῦτον
2462 2877 2905 2950 ἀποστελλόμενοι,
2967 2879 2992 2929 ό
3046 2886 3142 2940 τῆς
3226 2878 3454 2939 “alata;
3525 2882 3759 2940 Διαθήκης

2186 2973 2336 3041 νόμος
2384 2972 2471 3020 καὶ
2509 2969 2534 3019 ό
2590 2976 2685 3029 τῆς
2738 2974 2952 3035 Καινῆς,
3013 2968 3117 3019 οἶόν
3180 2986 3312 3029 τινες
3366 2966 3646 3044 πρόδρομοι
3685 2974 3759 3021 καὶ

425 3039 728 3108 parantes.
757 3033 860 3091 Illa
881 3034 1127 3108 quidem
1149 3050 1254 3106 per
1284 3033 1727 3107 philosophiam
1751 3032 2053 3105 practican

2193 3058 2495 3131 ἕτοιμασταὶ
2542 3065 2639 3117 τῆς
2689 3064 2778 3109 τοῦ
2838 3064 3071 3130 Χριστοῦ
3151 3066 3416 3129 μυστικῆς
3469 3059 3676 3131 εὐωχίας
3720 3059 3758 3111 ίν

427 3139 529 3181 eos
546 3123 625 3181 ab
642 3124 798 3180 omni
814 3124 1224 3197 inquinatione
1237 3138 1579 3196 expurgans
1595 3140 1609 3189 ;
1624 3124 1750 3179 haec
1764 3126 1953 3178 autem
1974 3138 2079 3194 per

425 3213 1072 3270 theoricamsacrorum
1103 3212 1485 3287 disciplinam
1509 3229 1545 3269 a
1564 3211 1976 3285 corporalibus
2000 3210 2078 3267 ad

425 3306 712 3374 cognatas
723 3302 1119 3373 intelligihiles
1131 3302 1389 3359 visiones
1404 3302 1618 3359 animae
1633 3306 1894 3358 mentem
1909 3299 2079 3357 attol-

423 3390 572 3449 lens.
593 3392 872 3449 Practicaa
887 3391 1133 3465 quidem
1157 3392 1397 3462 signum
1416 3391 1524 3447 fuit
1549 3390 1771 3460 Petrus,
1803 3390 2078 3446 theoricae

425 3493 563 3538 vero
592 3483 873 3538 Joannes.
919 3482 1212 3537 Praeterea
1259 3480 1378 3545 illa,
1426 3480 1706 3552 lagenam
1753 3495 1927 3551 aquae
1975 3478 2076 3534 ba-

422 3569 625 3641 julans
654 3586 783 3627 esse
810 3573 1016 3641 potest,
1038 3582 1170 3641 qua;
1183 3584 1289 3641 per
1301 3568 1783 3642 operationemin
1809 3567 2076 3623 humeris

427 3658 735 3723 virtutum,
760 3662 1053 3729 tanquam
1077 3657 1135 3712 in
1154 3656 1388 3727 lagena,
1417 3655 1600 3724 idest,
1626 3656 2078 3713 mortiﬁcatione

428 3744 836 3802 membrorum
897 3745 1165 3817 corporis
1222 3761 1359 3818 quas
1418 3748 1561 3801 sunt
1601 3760 1781 3817 super
1838 3750 2075 3812 terram,

428 3834 714 3892 excubias
782 3838 998 3904 servat,
1052 3848 1201 3907 puta
1260 3835 1515 3908 gratiam
1564 3833 1808 3907 Spiritus
1865 3836 2073 3902 sancti,

427 3939 564 3997 quas
593 3939 700 3997 per
735 3922 918 3981 ﬁdem
958 3923 1233 3996 puriﬁcat
1264 3940 1278 3980 ε
1321 3924 1446 3980 haec
1476 3940 1616 3981 vero
1646 3924 2076 3997 paterfamilias

427 4012 675 4084 intelligi
705 4018 919 4087 potest,
947 4031 1080 4087 quas
1112 4030 1217 4087 per
1262 4015 1781 4088 contemplationis
1824 4015 2077 4072 altitudi-

425 4118 587 4170 nem,
642 4103 899 4176 seipsam
954 4102 1187 4160 excelsa
1234 4104 1623 4175 intelligentia
1666 4103 1957 4173 instravit,
2013 4109 2078 4161 ut

428 4193 547 4248 Deo
576 4191 771 4263 dignis
793 4192 1255 4263 cogitationibus
1280 4208 1351 4249 ac
1366 4192 1762 4265 dogmatibus,
1804 4194 2074 4251 divinum

426 4280 708 4354 suscipiat
745 4297 1105 4339 sermonem.

495 4481 539 4550 1-
565 4479 744 4538 Aliter
767 4479 846 4536 ad
870 4478 1049 4537 idem.
1084 4479 1296 4537 Civitas
1319 4482 1611 4555 cujusque
1632 4483 1836 4539 anima
1858 4486 1964 4549 est,
1996 4483 2075 4541 ad

427 4583 614 4639 quam
626 4585 662 4626 a
676 4569 795 4623 Deo
814 4569 1149 4635 mittuntur;
1166 4570 1259 4625 hic
1273 4570 1530 4642 quidem,
1547 4586 1734 4629 sermo
1748 4572 1821 4629 de
1833 4572 2070 4643 virtute;

427 4655 521 4711 ille
538 4661 737 4712 autem
748 4656 823 4712 de
844 4658 1198 4729 cognitione.
1215 4660 1323 4725 Qui
1335 4676 1476 4718 vero
1488 4660 1765 4732 lagenam
1780 4678 1954 4735 aquas
1970 4663 2074 4721 ba-

423 4743 596 4815 julat,
614 4750 701 4800 est
719 4744 885 4800 fortis
904 4747 1201 4816 cogitatio,
1224 4765 1359 4821 quae
1379 4753 1784 4824 temperantiae
1808 4752 2071 4811 humeris

426 4829 613 4888 defert
624 4832 829 4890 datam
842 4833 957 4889 sibi
970 4834 1029 4891 in
1042 4835 1343 4908 baptisma
1353 4839 1843 4909 gratiam.Domus
1856 4846 2068 4914 autem,

425 4934 560 4993 quat
581 4937 651 4977 ex
672 4920 873 4977 multis
901 4938 971 4978 ac
998 4925 1200 4994 variis,
1215 4925 1399 4983 ﬁrmis
1418 4944 1489 4985 ac
1519 4929 1781 4986 virilibus
1803 4931 2070 4989 moribus

425 5012 480 5067 et
492 5009 973 5081 cogitationibus,
992 5016 1283 5087 tanquam
1299 5014 1597 5090 lapidibus
1613 5019 1962 5088 aadiﬁcatur,
1982 5026 2069 5079 est

492 5215 537 5253 υ
566 5216 741 5274 Marc.
774 5231 894 5286 xiv,
948 5220 1145 5286 13,15.
1178 5220 1225 5258 ﬂ
1255 5220 1394 5279 Luc.
1426 5226 1564 5292 xxii,
1599 5224 1683 5298 10,
1716 5230 1802 5287 11.

2188 3156 2296 3209 τοῖς
2343 3147 2508 3210 ἀξίοις
2541 3154 2635 3208 τῆς
2702 3142 2983 3214 ἐπιδημίας
3052 3146 3232 3199 αὐτοῦ·
3292 3149 3317 3199 6
3369 3151 3481 3219 μὲν,
3543 3145 3632 3199 διὰ
3681 3154 3761 3206 τῆς

2186 3246 2482 3310 πρακτικῆς
2570 3234 2871 3308 φιλοσοφίας
2961 3239 3149 3297 παντὸς
3230 3236 3504 3310 μολυσμοῦ
3580 3240 3761 3293 τούτοκ

2189 3325 2572 3401 ἁποκαθαίρων·
2629 3326 2655 3377 6
2711 3321 2788 3391 δε,
2850 3321 2943 3377 διὰ
2995 3334 3084 3386 τῆς
3140 3327 3464 3399 θεωρητικῆς
3512 3345 3759 3398 μυσταγω·

2186 3420 2309 3488 γίας
2353 3414 2453 3467 ἀπὸ
2501 3423 2599 3467 τῶν
2659 3422 2963 3486 σωματικῶν
3048 3417 3179 3488 πρὸς
3234 3418 3299 3467 τὰ
3358 3424 3577 3487 συγγενῆ
3627 3415 3759 3471 νοττά

2190 3508 2423 3579 θεάματα
2458 3512 2759 3577 γνωστικῶς
2836 3501 3160 3567 ἀναϐιϐάζων
3232 3508 3319 3556 τὸν
3373 3512 3511 3561 νοῦν.
3570 3512 3760 3577 Πρακτιο

2187 3603 2284 3655 κῆς
2348 3598 2437 3667 μὲν
2518 3596 2619 3668 γὰρ
2704 3591 2960 3665 σύμϐολον
3034 3595 3059 3644 6
3115 3598 3323 3667 Πέτρος·
3402 3591 3757 3667 θεωρητικῆςό

2188 3684 2443 3745 Ἰωάννης.
2479 3688 2579 3737 Καὶ
2635 3684 2661 3735 6
2716 3685 2806 3755 μεν
2841 3687 2899 3735 τό
2947 3685 3189 3756 κεράμιον
3240 3691 3333 3737 τοῦ
3363 3680 3555 3745 ὕδατος
3588 3680 3760 3756 βαστά-

2192 3778 2290 3837 ζων
2317 3777 2392 3831 εῖη
2460 3774 2521 3825 ἄν
2575 3774 2601 3824 6
2652 3769 2746 3825 διὰ
2806 3779 2902 3834 τῆς
2966 3782 3255 3846 πρακτικῆς
3310 3781 3424 3836 τοῖς
3471 3778 3625 3846 ὤμοις
3674 3776 3757 3819 τῶν

2186 3862 2396 3937 ἀρετῶν,
2453 3865 2521 3925 ὡς
2588 3861 2636 3914 ἐν
2696 3866 2946 3937 κεραμίῳ,
3005 3870 3066 3935 τῆ
3120 3868 3366 3937 ναρὼσιι
3428 3872 3521 3914 τῶν
3563 3862 3641 3914 ἐπὶ
3672 3866 3757 3930 γῆς

2185 3953 2347 4027 μελῶν
2406 3960 2495 4005 τοῦ
2568 3957 2822 4025 σώματος,
2882 3955 3266 4027 φρουρουμένην
3330 3950 3612 4024 βαστάζων
3675 3950 3757 4005 τὴν

2187 4041 2281 4096 διὰ
2330 4049 2421 4103 τῆς
2475 4045 2698 4103 πίστεως
2746 4042 3065 4116 καθαρτικῆν
3119 4042 3281 4115 χάριν
3336 4049 3428 4094 τοῦ
3471 4043 3754 4113 Πνεύματος.

2182 4131 2240 4185 Ὀ
2274 4129 2332 4185 δὲ
2358 4127 2735 4191 οἰκοδεσπότης
2771 4132 2978 4189 νοηθείη
3009 4131 3091 4197 ἄν,
3143 4132 3167 4181 ό
3200 4126 3293 4182 διὰ
3338 4138 3437 4192 τῆς
3475 4133 3759 4203 θεωρητικῆς

2183 4225 2241 4274 τὸ
2273 4221 2401 4293 ὕψος
2448 4228 2540 4283 τῆς
2586 4220 2768 4273 ἑαυτοῦ
2824 4219 3179 4293 μεγαλοφυοῦς
3209 4216 3448 4282 διανοίας
3485 4235 3759 4288 καταστρω-

2186 4331 2282 4373 σας
2328 4313 2631 4386 θεοπρεπίσι
2691 4314 2921 4382 νοήμασι
2949 4328 3003 4362 τε
3057 4313 3148 4362 καὶ
3209 4306 3446 4382 δόγμασι
3487 4312 3611 4383 πρὸς
3641 4308 3763 4358 ὑπο-

2106 4422 2151 4477 D
2186 4396 2359 4472 δοχὴν
2396 4407 2486 4452 τοῦ
2511 4402 2736 4472 μεγάλου
2762 4398 2938 4471 λόγου.

2254 4489 2342 4551 Εἰς
2388 4492 2445 4541 τό
2524 4488 2673 4544 αὑτό.
2746 4487 2900 4552 Πόλις
2972 4490 3081 4561 μεν,
3141 4489 3171 4547 ἠ
3224 4495 3317 4541 τοῦ
3395 4488 3514 4541 καθ’
3565 4489 3763 4540 ἔκαε-ταν

2182 4578 2359 4651 ψυχὴ,
2391 4580 2516 4652 πρὸς
2573 4580 2634 4637 ἦν
2688 4576 3090 4631 ἀποστέλλονται
3135 4580 3279 4653 παρὰ
3327 4584 3421 4631 τοῦ
3473 4582 3599 4631 Θεοῦ
3644 4575 3668 4626 ὃ
3715 4590 3764 4625 τε

2179 4674 2297 4742 περὶ
2348 4666 2531 4742 ἀρετῆς
2586 4672 2675 4719 καὶ
2721 4668 2747 4719 6
2799 4671 2916 4742 περὶ
2966 4673 3200 4739 γνώσεως
3228 4666 3402 4740 λόγος·
3435 4669 3463 4719 ὁ
3497 4664 3555 4720 δὴ
3581 4667 3633 4717 τὸ
3674 4680 3767 4714 κε-

2179 4758 2366 4831 ράμιον
2394 4764 2485 4809 τοῦ
2534 4752 2721 4817 ὕδατος
2775 4754 3057 4828 βαστάζων
3103 4756 3261 4828 ἐστὶν,
3296 4758 3323 4809 6
3352 4764 3460 4817 τοῖς
3499 4756 3643 4828 ὤμοις
3666 4758 3766 4810 τῆς

2179 4844 2476 4922 ὶγκρατείας
2515 4844 2712 4918 ἀνέχων
2756 4850 2851 4904 τὴν
2909 4842 3004 4899 διὰ
3061 4853 3152 4898 τοῦ
3205 4844 3574 4919 βαπτίσματος
3599 4840 3764 4896 δοθεῖ-

2179 4956 2275 4990 σαν
2317 4940 2479 5011 χάριν
2552 4939 2847 5012 καρτερικὸς
2915 4940 3106 5010 τρόπος
3150 4940 3239 4988 καὶ
3291 4936 3559 5010 λογισμός·
3624 4932 3769 4985 οἰκία

2177 5023 2237 5080 δε
2280 5028 2311 5085 ἠ
2362 5025 2418 5079 ἐκ
2463 5026 2661 5080 πολλῶν
2707 5030 2797 5079 καὶ
2842 5021 3125 5100 διαφόρων,
3182 5027 3357 5102 ὥσπερ
3399 5026 3566 5095 λίθων,

1622 5380 1839 5451 Variae
1878 5382 2210 5454 lectiones
2268 5392 2337 5453 et
2372 5394 2574 5453 notae.

510 5540 601 5613 94)
627 5542 691 5593 Δί
708 5540 922 5599 omittit
951 5542 1095 5600 Cod.
1129 5550 1191 5599 Α.

511 5615 599 5684 95)
648 5613 973 5688 Utrumque
1015 5615 1312 5675 scholium
1342 5617 1577 5679 Maximi
1601 5624 1790 5683 codex
1815 5630 2063 5701 uterque

2170 5556 2231 5614 in
2248 5558 2530 5643 ,Ἐφ’θῖηὲ
2569 5556 2824 5643 θκδίίὶίὲί·

2242 5630 2354 5701 (96)
2394 5624 2693 5699 Ἄνθρωπος
2717 5624 2796 5696 δέ,
2823 5627 3038 5687 omittit
3066 5630 3130 5684 Β.
