3904 6210
167 293 261 349 657
1105 289 1475 348 COMMENT.
1514 289 1586 347 IN
1623 289 1696 346 Ml

1864 288 2078 347 UEUM.
2105 320 2174 332 -—
2200 289 2355 349 CAP.
2383 292 2582 350 XXVI.

3373 301 3480 360 658

175 423 262 495 ῥῶν
286 439 331 473 τε
353 423 428 471 καὶ
466 417 571 491 (97)
602 415 860 492 ἀνδρικῶν
908 419 1047 477 ἠθῶν
1105 421 1198 470 καί
1237 416 1522 489 λογισμῶν,
1570 420 1696 469 οὶκο·

1864 419 2011 472 tatus
2035 415 2395 490 habitusque
2423 417 2729 476 virtutum.
2760 421 3148 482 C(enaculum
3173 428 3259 485 est
3285 427 3478 486 subli-

175 508 424 582 δομηθεῖσα
459 508 776 570 κατάστασις
830 512 920 560 καὶ
968 508 1068 571 ἕξις
1121 516 1220 560 τῶν
1269 505 1480 578 ἀρετῶν⁶
1539 507 1598 558 1'6
1649 501 1709 557 δὲ

170 602 368 670 ἀνώγεων
415 599 442 655 ἡ
481 596 646 667 ὑψηλὴ
701 593 908 650 διάνοια
954 603 1044 651 καί
1103 600 1228 670 πρὸς
1281 603 1502 668 γνῶσιν·
1532 593 1709 652 ἐπιτη-

167 685 359 756 δειότης,
400 685 676 761 ἐστρωμένη
725 689 882 748 θείοις
925 691 1014 740 καὶ
1068 685 1376 762 ἀπορρήτοις
1422 684 1596 756 λογοις
1653 702 1707 736 τε

165 782 236 829 κεί
262 778 510 848 θεάμασιν·
557 778 584 828 6
633 773 692 830 δι
732 773 1133 842 οἰκοδεσπότης,
1167 777 1193 828 6
1222 782 1362 843 νοῦς,
1401 776 1428 828 6
1466 782 1538 845 τῷ
1579 772 1706 846 λαμ-

164 873 258 940 πρῷ
287 873 370 926 τῆς
392 865 500 918 κατ’
542 863 727 940 ἀρετήν
773 865 939 928 οἰκίας
965 866 1086 938 ὕψει
1133 870 1223 918 καὶ
1254 873 1324 935 τῷ
1368 865 1572 937 μεγέθει
1610 871 1704 924 τῆς

163 960 361 1025 γνώσεως
411 953 868 1028 ἕμπλατυνόμενος,
921 959 1053 1029 πρὸς
1100 957 1153 1008 ὃν
1213 960 1352 1008 ποιεῖ
1387 956 1444 1005 τὸ
1503 954 1705 1023 Πάσχα

165 1043 184 1094 6
223 1045 399 1117 Κύριος,
441 1047 677 1096 τουτέστι
726 1042 998 1111 διάϐασιν,
1055 1039 1324 1115 ἕπιδημών
1381 1041 1521 1112 αὐτῷ
1571 1042 1704 1114 μετὰ

163 1141 244 1183 τῶν
286 1134 500 1204 μαθητῶν
551 1132 734 1199 αὐτοῦ,
801 1132 934 1206 λέγω
981 1129 1050 1192 δὴ
1114 1140 1213 1185 τῶν
1264 1136 1383 1206 περὶ
1439 1135 1565 1185 Θεοῦ
1613 1133 1702 1183 καὶ

168 1221 288 1274 θείων
311 1220 613 1294 ὑψηλοτέρων
641 1221 806 1294 λόγων
843 1241 900 1276 τε
935 1227 1024 1276 καὶ
1054 1221 1340 1295 parmam]

230 1314 309 1363 Καὶ
332 1311 556 1368 ἐποίησαν
597 1342 666 1352 -
695 1314 722 1365 ὁ
750 1311 974 1375 Ἰησοῦς·
1015 1311 1104 1375 Ὠς
1131 1311 1246 1384 (98)
1275 1309 1619 1384 παρήγγειλε.

216 1519 298 1568 Καὶ
342 1517 623 1589 ἡτοίμασαν
676 1519 734 1569 τὸ
801 1519 1020 1590 Πάσχα.
1077 1515 1164 1570 Τὰ
1226 1523 1318 1569 τοῦ
1371 1517 1592 1588 Πάσχα,
1634 1518 1701 1569 τὰ

156 1607 258 1677 πρὸς
289 1608 371 1662 τὴν
405 1613 490 1657 τοῦ
543 1608 746 1677 Πάσχα
789 1606 962 1680 ἑορτὴν
1009 1603 1301 1674 ἐπιτήδεια,
1346 1608 1515 1667 καθὼς
1554 1609 1699 1680 εἰρη-

155 1712 237 1746 ται.
281 1698 477 1768 Φανερόν
524 1695 638 1760 οὖν,
693 1697 772 1747 ὅτι
819 1697 843 1748 6
903 1700 1135 1770 Χριστὸς
1181 1699 1333 1768 ἔφαγε
1379 1699 1438 1747 τὸ
1489 1697 1700 1768 νομικὸν

1819 504 1934 560 mis
1978 504 2364 577 intelligentia
2407 511 2464 564 et
2513 507 2785 579 aptitudo
2841 509 2922 567 ad
2964 512 3294 583 scientiam,
3335 533 3475 591 qua:

1817 594 2096 650 sternitur
2113 595 2331 652 divinis
2360 600 2415 653 et
2453 596 2854 655 ineffabilibus
2877 603 3261 662 sermonibus
3290 621 3361 663 ac
3379 623 3476 666 re-

1816 681 2232 749 velationibus,
2273 684 2702 742 Paterfamilias
2746 703 2918 744 mens
2961 695 3074 760 est,
3107 708 3244 765 quae
3281 692 3472 767 ipsius

1814 771 2034 829 domus
2061 789 2162 844 per
2197 774 2472 830 virtutem
2511 779 2887 844 constructas,
2925 778 3084 837 clara
3121 781 3468 842 celsitudine

1815 865 1870 918 et
1912 861 2264 932 cognitionis
2299 862 2708 932 magnitudine
2737 864 3016 924 dilatatur
3047 885 3060 927 :
3089 873 3250 943 apud
3282 887 3466 945 quem

1811 949 1950 1007 facit
1986 951 2274 1008 Dominus
2311 951 2559 1017 Pascha,
2600 953 2715 1009 hoc
2757 958 2867 1020 est,
2913 958 3228 1016 transitum
3257 975 3270 1015 ε
3299 976 3463 1018 acce-

1811 1040 1960 1096 dens
1991 1040 2069 1098 ad
2088 1055 2228 1096 eum
2259 1055 2375 1096 una
2394 1055 2532 1096 cum
2557 1039 2864 1114 discipulis
2895 1045 3036 1111 suis,
3058 1045 3122 1102 id
3143 1050 3252 1114 est,
3285 1049 3468 1106 subli-

1809 1128 2010 1184 mibus
2040 1128 2419 1186 sermonibus
2437 1144 2504 1185 ac
2523 1128 3033 1199 instructionibus,
3073 1150 3214 1207 qum
3246 1135 3322 1193 de
3343 1139 3466 1196 Deo

1807 1220 1864 1277 et
1888 1233 1928 1278 a
1947 1218 2070 1276 Deo
2099 1222 2261 1276 sunt.

1878 1326 2040 1382 Vers.
2074 1327 2162 1383 19.
2203 1327 2282 1382 Et
2305 1327 2586 1396 fecerunt
2609 1357 2678 1369 —
2713 1327 2904 1386 Jesus.
2937 1328 3097 1388 Sicut
3135 1329 3464 1399 constituit,

1807 1415 1923 1473 hoc
1941 1419 2034 1472 est
2053 1414 2355 1488 praecepit.

1879 1507 2038 1561 Vers.
2077 1508 2158 1560 l9.
2186 1506 2275 1562 Ac
2300 1511 2800 1576 praeparaverunt
2824 1506 3069 1576 pascha.
3103 1511 3469 1568 Paraverunt

1811 1594 2057 1666 pascha,
2086 1594 2144 1650 id
2163 1598 2250 1650 est
2270 1609 2340 1650 ea
2363 1610 2498 1667 quae
2512 1594 2590 1650 ad
2608 1594 2856 1652 Pascha)
2873 1595 3086 1653 festum
3102 1613 3257 1670 opus
3273 1603 3462 1666 erant,

1812 1683 1966 1739 sicut
2014 1682 2234 1739 dictum
2283 1687 2394 1740 est.
2438 1683 2820 1740 Manifestum
2859 1699 3002 1755 ergo
3041 1690 3128 1744 est
3170 1686 3466 1744 Christum

155 1783 316 1852 Πάσχα
357 1786 490 1840 τότε,
531 1783 609 1836 Οὔ
654 1785 756 1856 γὰρ
796 1785 857 1836 οἶν
902 1787 1071 1857 μάτην
1117 1786 1181 1836 τά
1210 1787 1334 1859 πρὸς
1373 1788 1466 1842 τὴν
1514 1788 1696 1857 χρείαν

1864 1789 1948 1828 inc
1974 1771 2161 1842 legale
2186 1772 2417 1843 pascha
2436 1772 2840 1830 manducasse
2867 1790 2880 1830 :
2905 1789 3100 1848 neque
3123 1774 3286 1833 enim
3317 1775 3465 1832 frus-

151 1871 408 1942 ἡτοίμαζον.

204 1958 364 2030 ’θερίας
433 1991 486 2003 -ο
568 1958 800 2016 δώδεκα.
871 1961 1061 2033 Ὀψίαν
1127 1968 1220 2021 τὴν
1288 1963 1506 2038 ἑσπέραν
1570 1961 1696 2018 εἷπε.

150 2053 226 2101 Καὶ
266 2050 288 2100 6
329 2055 522 2112 Λουκᾶς
570 2047 634 2103 δὲ
677 2071 852 2123 φησιν,
895 2053 974 2104 ὅτι
1009 2056 1108 2104 Καὶ
1158 2053 1236 2104 ὅτε
1275 2051 1468 2124 ἐγένετο
1503 2053 1532 2111 ἠ
1567 2053 1695 2127 ὥρα,

147 2133 346 2194 δηλονότι
380 2141 407 2198 ἡ
439 2149 534 2201 τῆς
575 2140 814 2215 ἑσπέρας.
855 2139 1113 2194 Ἐντεῡθέν
1154 2160 1282 2203 τινες
1328 2141 1699 2215 ἰσχυρίζονται

145 2228 202 2298 μή
243 2234 396 2299 φαγεῖν
434 2233 546 2282 τότε
593 2233 657 2281 τὸ
698 2233 908 2303 νομικὸν
945 2231 1140 2301 πάσχα
1185 2233 1268 2283 τὸν
1317 2234 1566 2304 Χριστὸν,
1609 2238 1698 2285 καὶ

147 2317 424 2388 παράγουσιν
474 2314 786 2382 ἀποδείξεις·
844 2323 923 2371 ὅτι
973 2316 1386 2394 τρισκαιδεκάτῃ
1443 2325 1558 2373 τότε
1606 2329 1696 2374 τοῦ

146 2408 275 2474 τιῑνὸς
314 2402 387 2464 ἦν·
429 2403 533 2460 ’ἔδει
573 2404 638 2460 δὲ
688 2411 823 2460 κατὰ
871 2413 963 2468 τὴν
1012 2406 1594 2484 τεσσαρεσκαιδεκάτην
1638 2414 1695 2463 τὸ

149 2497 310 2566 Πάσχα
348 2504 536 2568 οαγεῖν.
585 2502 686 2550 Καὶ
733 2499 811 2550 ὅτι
856 2499 882 2550 ὀ
911 2501 1000 2570 μὲν
1030 2504 1180 2572 νόμος
1211 2499 1441 2561 ἑστῶτας
1479 2498 1696 2552 ἐκέλευεν

149 2579 300 2634 ἐσθίειν
342 2588 396 2636 τὸ
439 2588 664 2658 Πάσχα·
712 2587 857 2647 οὗτος
906 2583 964 2640 δέ
1022 2586 1252 2643 ἀνέπεσε.
1306 2594 1406 2642 Καὶ
1466 2590 1546 2641 ὅτι
1595 2595 1698 2651 πᾶς

146 2672 270 2743 ἄρτος
322 2675 554 2747 ζυμωτός
602 2674 833 2749 ἐξηρείτο
880 2679 980 2750 πρὸ
1031 2685 1126 2740 τῆς
1179 2680 1383 2742 θυσίας,
1435 2683 1524 2731 καὶ
1571 2685 1698 2754 πυρὶ

144 2766 410 2816 κατεκαίετο·
453 2772 542 2816 νῦν
596 2761 661 2818 δε
706 2769 796 2817 καὶ
835 2764 991 2840 ἄρτος
1037 2768 1347 2842 παράκειται
1388 2773 1478 2820 καὶ
1510 2765 1700 2842 διαμε-

139 2853 321 2920 ρίζεται.
355 2858 450 2908 Καὶ
477 2855 559 2907 ὅτι
586 2854 747 2908 ὀπτὸν
777 2859 928 2928 μόνον
958 2858 1099 2929 θέμις
1136 2853 1198 2915 ἦν
1235 2863 1438 2930 φαγεῖν·
1480 2857 1699 2912 ἐνταῦθα

143 2934 189 2990 ὄε
211 2946 286 2993 καὶ
313 2946 472 3015 ζωμὸς
492 2946 862 3019 παρατίθεται.

197 3034 364 3084 Λοιπὸν
399 3031 486 3086 οὖν
533 3037 667 3108 πρὸς
709 3034 929 3093 ἑκάστην
974 3033 1254 3108 ἀπολογίαν
1294 3036 1404 3108 (99)
1436 3034 1696 3110 ἀπολογη-

1811 1867 1895 1918 tra
1921 1877 2053 1934 quas
2076 1861 2417 1918 necessaria
2444 1865 2611 1917 erant
2639 1866 3070 1934 prmpararunt.

1879 1970 2036 2024 Vers.
2059 1968 2147 2024 20.
2190 1968 2441 2037 Vespera
2470 1997 2539 2009 —
2572 1968 2906 2026 duodecim.
2939 1971 3121 2027 Lucas
3147 1973 3349 2027 autem
3373 1970 3465 2027 di-

1805 2057 1888 2114 xit
1918 2074 1931 2113 :
1963 2057 2100 2112 Cum
2131 2057 2282 2113 hora
2305 2057 2637 2114 advenisset
2659 2059 2726 2130 ³³,
2751 2057 3022 2115 videlicet
3049 2058 3309 2116 serotina
3339 2059 3464 2116 sive

1808 2145 2158 2218 vespertina.
2191 2145 2337 2202 Hinc
2375 2145 2677 2203 afﬁrmant
2705 2146 2954 2220 quidam
2982 2141 3106 2204 non
3131 2146 3464 2205 comedisse

1807 2239 1942 2292 tunc
1986 2235 2282 2291 Christum
2306 2234 2499 2307 legale
2525 2235 2774 2308 pascha,
2807 2240 2864 2294 et
2887 2251 3100 2294 causas
3127 2236 3458 2302 adducunt,

1806 2325 1970 2399 quod
1994 2325 2266 2382 decimus
2283 2325 2487 2382 tertius
2508 2329 2651 2382 tunc
2667 2324 2794 2381 dies
2811 2324 3037 2382 mensis
3058 2329 3210 2384 esset
3243 2343 3258 2395 ;
3292 2341 3464 2400 opor-

1807 2414 1966 2473 tebat
1982 2418 2181 2472 autem
2204 2413 2441 2471 decimo
2453 2421 2660 2487 quarto
2675 2413 2904 2486 pascha
2919 2413 3233 2472 comedere
3249 2435 3262 2482 ;
3280 2415 3466 2488 quod-

1805 2520 1924 2577 que
1951 2503 2047 2560 lex
2077 2507 2302 2560 stantes
2333 2503 2506 2560 edere
2523 2503 2761 2575 juberet
2783 2519 2796 2558 :
2820 2502 2946 2576 ipse
2964 2519 3106 2560 vero
3135 2503 3461 2562 discubuit.

1807 2594 2091 2650 Praeterea
2118 2592 2316 2648 omnis
2338 2592 2517 2666 panis
2537 2591 2928 2648 fermentatus
2948 2596 3088 2649 ante
3107 2592 3466 2651 immolatio-

1805 2698 1944 2739 nem
1958 2680 2370 2753 abjiciebatur,
2387 2681 2646 2753 igneque
2663 2679 3134 2737 comburebatur
3149 2697 3164 2747 ;
3179 2697 3337 2737 nunc
3357 2696 3461 2739 au-

1806 2777 1925 2828 tem
1951 2777 2006 2828 et
2034 2771 2206 2844 panis
2231 2771 2420 2836 adest,
2451 2771 2523 2839 fet
2559 2769 2859 2827 dividitur.
2908 2769 3000 2826 Ad
3033 2769 3158 2826 haec
3188 2774 3457 2827 assatum

1808 2865 2036 2918 tantum
2062 2860 2236 2917 edere
2268 2858 2358 2917 fas
2387 2863 2512 2916 erat
2538 2875 2553 2926 ;
2580 2857 2676 2915 his
2702 2873 2842 2916 vero
2881 2859 3062 2916 etiam
3091 2858 3192 2931 jus
3218 2873 3341 2933 quo
3367 2858 3458 2916 in-

1805 2949 2047 3020 tingitur
2065 2949 2261 3021 panis,
2290 2947 2636 3020 apponitur.

1875 3036 2378 3111 Respondendum
2417 3052 2560 3108 ergo
2598 3040 2687 3094 est
2711 3037 2790 3095 ad
2820 3051 3314 3112 unamquamque
3341 3038 3456 3096 hae-

139 3123 240 3173 τίον.
280 3121 523 3192 Προῦαϐε
562 3128 661 3196 μέν
707 3127 793 3176 τὸν
836 3128 1016 3198 καιρὸν
1047 3127 1217 3200 ἡμέρᾳ
1265 3131 1364 3198 μιᾷ
1403 3127 1523 3178 κατ’
1562 3127 1696 3180 οἰκοο

1864 3129 2165 3185 tationem.
2193 3130 2450 3200 Tempus
2469 3125 2716 3200 quidem
2740 3127 3145 3200 dispensative
3170 3127 3456 3203 anticipa-

139 3211 302 3276 νομίαν.
350 3208 558 3269 Ἐπειδὴ
622 3215 726 3287 γὰρ
776 3211 1065 3284 ἐγίνωσκεν,
1120 3216 1200 3266 ὅτι
1251 3217 1382 3268 κατά
1433 3220 1527 3274 τὴν
1575 3235 1696 3269 τεσ-

141 3296 576 3366 σαρεσκαιδεκάτην
647 3300 1002 3356 ἀποθανεῖται·
1081 3309 1171 3357 καὶ
1245 3307 1346 3377 γὰρ
1427 3304 1562 3366 εἰκὸς
1632 3302 1693 3364 ἦν

139 3387 246 3436 κατὰ
283 3392 367 3444 τὴν
417 3392 616 3466 ἡμραν
665 3399 757 3452 τῆς
801 3392 879 3463 (1)
925 3399 1016 3446 τοῦ
1051 3401 1273 3445 τνπικοῦ
1312 3391 1474 3465 ἀμνοῦ
1507 3395 1695 3455 Θυσίας

140 3473 442 3537 θνσιασθῆναι
485 3485 579 3533 καὶ
621 3483 710 3533 τὸν
740 3479 981 3539 ἀληθινὸν
1027 3479 1204 3554 ἀμνὸν,
1251 3484 1389 3544 ὅπως
1434 3482 1696 3542 καταλλή-

137 3558 213 3623 λως
248 3562 476 3640 ἕπενεχθῇ
518 3578 594 3641 τῷ
639 3571 786 3640 τύπῳ
825 3571 854 3628 ἡ
908 3568 1142 3629 ἀλήθεια·
1192 3570 1370 3624 λοιπὸν
1419 3574 1550 3625 κατὰ
1599 3577 1692 3631 τὴν

135 3652 530 3720 τρισκαιδεκάτην
585 3657 752 3711 ἕσθίει
806 3661 864 3710 τὸ
921 3661 1138 3731 Πάσχα,
1199 3665 1270 3732 μὴ
1335 3659 1693 3734 ἐγχωροῦντος

136 3738 283 3812 ἑτέρως
331 3753 414 3797 τοῦ
469 3749 808 3822 πράγματος.
866 3748 1016 3800 Οὕτω
1080 3750 1181 3821 γὰρ
1240 3755 1330 3802 καὶ
1375 3754 1432 3802 τὸ
1483 3755 1692 3823 νομικὸν

136 3824 358 3904 ἑπλτὲρωσε
426 3839 644 3908 πάσχα,
727 3841 813 3889 καὶ
873 3840 932 3890 τὸ
992 3841 1334 3911 πνευματικὸν
1397 3837 1686 3912 παρέδωκε,

137 3923 212 3968 καὶ
263 3922 428 3976 αὐτίκα
481 3924 529 3977 ἐν
585 3925 720 3998 αὐτῇ
777 3934 840 3998 τῇ
899 3933 1048 3978 νυκτὶ
1107 3927 1391 4000 συνελήφθη
1418 3932 1564 4003 παρὰ
1590 3939 1690 3982 τῶν

134 4001 372 4067 Ἰουδαίων.
420 4018 508 4068 Διὸ
568 4015 664 4067 κᾶὶ
707 4018 836 4088 πρὸς
878 4019 996 4078 τοὺς
1034 4017 1274 4087 μαθητὰς
1327 4021 1485 4072 εἰπεῖν
1538 4019 1690 4072 αὐτὸν

137 4095 295 4168 ἱστορεί
365 4108 586 4166 Λουκᾶς,
681 4105 756 4156 ὅτι
831 4102 1114 4178 Ἐπιθυμίᾳ
1164 4104 1471 4178 ἐπεθύμησα
1538 4107 1690 4161 τοῦτο

134 4184 180 4233 τό
224 4189 400 4262 Πάσχα
440 4200 626 4264 φαγεῖν
677 4192 792 4265 μεθ’
854 4195 997 4266 ὑμῶν
1046 4198 1144 4267 πρὸ
1218 4202 1310 4248 τοῦ
1365 4215 1430 4263 με
1486 4199 1687 4265 παθεῖν,

133 4279 346 4344 τουτέστι,
390 4278 602 4355 Σπουδῇ
657 4279 970 4336 ἕσπούδασα
1001 4287 1060 4338 1'6
1107 4291 1198 4337 τοῦ
1241 4283 1476 4339 ἐνιαυτοῦ
1505 4289 1688 4340 τούτου

133 4364 292 4436 πάσχα
329 4377 500 4442 φαγεῖν
549 4370 667 4444 μεθ’
716 4373 878 4443 ὑμῶν,
923 4376 992 4444 μὴ
1039 4370 1314 4439 ἀνάμείνας
1356 4378 1442 4428 τὸν
1495 4395 1688 4448 νενομι-

1803 3217 1883 3273 vit
1911 3232 2033 3273 uno
2057 3216 2172 3273 die.
2189 3215 2338 3284 Quia
2353 3215 2514 3272 enim
2539 3219 2784 3272 noverat
2807 3231 2868 3272 se
2879 3215 3115 3274 decimo
3127 3221 3339 3291 quarto
3360 3217 3457 3274 die

1804 3306 2156 3363 moriturum
2191 3323 2204 3360 :
2235 3304 2532 3377 siquidem
2562 3320 2799 3377 aequum
2840 3308 2966 3362 erat
2989 3309 3055 3362 ut
3076 3305 3174 3362 die
3192 3321 3314 3379 quo
3345 3305 3454 3362 im-

1803 3395 2135 3452 molabatur
2164 3393 2508 3464 ﬁgurativus
2534 3407 2749 3464 agnus,
2782 3397 2839 3450 et
2869 3408 3048 3450 verus
3085 3408 3329 3468 quoque
3359 3409 3457 3467 ag-

1802 3501 1916 3541 nus
1944 3483 2373 3548 immolaretur,
2395 3485 2463 3539 ut
2489 3481 2748 3538 invicem
2789 3481 3223 3555 responderent
3260 3486 3456 3554 ﬁgura

1802 3579 1858 3631 et
1912 3572 2146 3629 veritas.
2181 3571 2308 3628 Edit
2350 3571 2532 3642 igitur
2578 3569 2818 3628 decimo
2872 3572 3042 3628 tertio
3090 3571 3186 3628 die
3236 3572 3454 3645 pacha,

1800 3663 1982 3720 rebus
2012 3661 2180 3718 aliter
2203 3675 2325 3717 non
2354 3659 2688 3716 sinentibus
2717 3675 2900 3730 ;nam
2933 3660 3016 3718 ita
3052 3668 3108 3718 et
3137 3660 3328 3732 legale
3347 3661 3459 3719 im-

1801 3752 1983 3826 plevit
2017 3751 2264 3824 pascha,
2302 3754 2358 3806 et
2387 3748 2687 3822 spirituale
2716 3749 2977 3816 tradidit,
3041 3750 3357 3824 statimque
3395 3751 3455 3808 id

1801 3845 1889 3898 est
1903 3857 1974 3898 ea
1997 3845 2169 3897 nocte
2189 3857 2223 3896 a
2250 3839 2470 3896 Judaeis
2497 3838 2966 3912 comprehensus
2987 3843 3096 3896 est.
3119 3839 3254 3896 ldeo
3273 3839 3456 3897 etiam

1799 3930 2011 3986 dixisse
2052 3945 2187 3985 eum
2219 3927 2520 3999 discipulis
2549 3927 2753 3984 scribit
2779 3928 2986 3998 Lucas,
3031 3928 3334 3986 Desiderio
3361 3929 3456 3986 de-

1798 4019 2058 4076 sideravi
2090 4020 2199 4075 hoc
2223 4017 2452 4086 pascha
2480 4017 2790 4075 comedere
2812 4023 3135 4089 antequam
3155 4019 3362 4088 patiar
3383 4020 3451 4086 ιι,

1798 4108 1910 4164 hoc
1952 4111 2059 4173 est,
2114 4105 2500 4162 Festinatione
2549 4105 2823 4163 festinavi
2871 4107 2982 4163 hoc
3029 4121 3192 4164 anno
3230 4107 3457 4179 pascha

1798 4197 1972 4254 edere
2011 4194 2325 4252 vobiscum
2351 4200 2676 4268 antequam
2705 4194 2895 4266 patiar
2927 4209 2942 4261 ;
2969 4194 3032 4250 id
3052 4199 3162 4264 est,
3177 4211 3300 4252 non
3327 4211 3457 4252 exs-

1797 4284 2028 4358 pectavi
2055 4290 2290 4355 tempus
2304 4283 2479 4354 alege
2498 4287 2805 4349 statutum,
2820 4297 2896 4339 ne
2912 4282 3314 4356 pessioprucis
3325 4298 3460 4356 pro-

1795 4375 2028 4432 hiberet
2052 4372 2298 4443 legalem
2329 4387 2562 4431 omnem
2589 4387 2662 4430 ac
2689 4371 3028 4444 mysticam.
3072 4373 3140 4429 Et
3165 4369 3298 4427 haec
3326 4371 3456 4444 qui-

134 4457 283 4519 σμένον
322 4462 520 4530 καιρὸν,
564 4460 653 4511 ἱνα
688 4463 760 4531 μὴ
797 4463 856 4511 τὸ
887 4461 1052 4523 πάθος
1089 4467 1180 4514 τοῦ
1213 4471 1442 4538 σταυροῦ
1479 4466 1686 4538 κωλύσῃ

1864 4480 1940 4522 tm
1969 4463 2044 4521 de
2067 4466 2359 4533 tempore.

133 4540 206 4587 καὶ
243 4545 316 4592 τὸν
339 4551 547 4618 νομικὸν
581 4543 790 4602 δεῖπνον
828 4553 919 4602 καὶ
956 4552 1044 4602 τὸν
1074 4554 1349 4622 μυστικόν.
1380 4558 1560 4606 Ταῦτα
1603 4557 1692 4626 μὲν

133 4630 225 4698 περὶ
250 4639 329 4683 τοῦ
357 4643 564 4710 καιροῦ.

191 4721 293 4792 Περὶ
329 4718 385 4775 6":
432 4733 528 4777 τοῦ
573 4730 768 4801 τρόπον
815 4735 910 4789 τῆς
962 4725 1234 4802 βρώσεως·
1295 4729 1427 4791 εἰκὸς
1490 4739 1694 4806 πρῶτον

132 4808 203 4872 μὲι
235 4806 442 4876 ἑστῶτας
490 4821 677 4887 φαγεῖν
722 4818 782 4868 τὸ
825 4818 1020 4889 πάσχα
1067 4820 1203 4870 κατὰ
1243 4821 1328 4871 τὸν
1368 4823 1542 4893 νόμον,
1583 4819 1696 4875 εἶτα

135 4901 363 4952 ανατεσείν
391 4907 480 4955 καὶ
512 4899 767 4962 δειπνεῖν.
809 4903 868 4958 Ὀ
900 4901 953 4959 δ’
979 4906 1134 4979 ἄρτος
1161 4911 1254 4960 καὶ
1280 4908 1307 4960 6
1339 4907 1512 4982 ζωμὸς
1540 4930 1693 4984 παρε-

131 4983 316 5043 τέθησαν
337 4994 463 5063 μετὰ
490 4995 552 5046 τὸ
581 5001 759 5066 φαγεῖν
789 4993 976 5057 αὐτοὺς
1003 4998 1063 5049 1'6
1083 4998 1280 5069 πάσχα
1302 5003 1394 5051 καὶ
1421 4997 1692 5054 ἁναπεσειν

190 5139 228 5173 ¹⁸
255 5141 378 5201 Luc.
409 5161 558 5214 nu,
593 5149 678 5203 14.
795 5147 842 5185 ιι
873 5146 1018 5205 Ibid.
1052 5148 1140 5204 15.

1875 4736 1953 4789 De
1973 4729 2156 4788 modo
2180 4732 2382 4787 autem
2397 4725 2828 4793 manducandi,
2847 4726 3163 4785 verisimile
3186 4729 3456 4802 estquod

1803 4825 2026 4878 stantes
2089 4819 2354 4892 primum
2401 4816 2915 4874 manducaverunt
2969 4817 3191 4889 pascha
3248 4833 3456 4877 secun-

1803 4911 1950 4968 dum
1985 4909 2176 4981 legem
2217 4906 2468 4966 :deinde
2491 4905 2928 4965 discubuerunt
2953 4912 3010 4964 et
3049 4913 3454 4966 coenaverunt.

1804 4999 1978 5058 Panis
2028 5002 2226 5056 autem
2277 5003 2334 5054 et
2378 4998 2482 5068 jus
2529 4993 2808 5069 apposita
2851 4999 2990 5055 sunt
3037 5005 3345 5072 postquam
3375 4997 3457 5056 illi

1312 5271 1537 5344 Variae
1574 5267 1902 5347 lectiones
1933 5287 1997 5344 et
2028 5286 2231 5344 notae.

189 5434 285 5505 (97)
314 5435 421 5494 Pro
457 5457 513 5492 τε
533 5440 644 5505 καὶ,
671 5438 804 5496 cod.
833 5440 900 5496 Α.
933 5442 1037 5496 dat
1059 5449 1177 5495 τῶν.

190 5502 288 5590 (9_8)
319 5507 433 5588 Hoc
470 5514 529 5567 et
577 5502 915 5582 proximum
960 5511 1252 5569 scholium
1302 5517 1696 5590 conjunxerat

132 5571 436 5635 lientenius.

192 5646 291 5718 (99)
317 5649 758 5722 [imitationem
807 5653 1149 5716 Hentenius.
1199 5657 1368 5716 Forte
1414 5659 1698 5717 invenerit

1804 5443 2048 5519 ἀπορίαν.
2100 5443 2360 5525 Ἀπορίαν.
2379 5441 2558 5498 etiam
2597 5441 2848 5514 propius
2888 5441 3121 5500 accedit
3151 5441 3231 5498 ad
3259 5440 3458 5497 simili-

1804 5516 2071 5568 tudinem
2086 5514 2363 5568 vocabuli
2395 5511 2696 5568 ἀπολογίαν.
2722 5529 2901 5568 quam
2919 5513 3274 5568 αάένστασιν.
3291 5510 3458 5568 quod

1802 5513 2071 5573 tudinem
2086 5513 2363 5572 vocabuli
2395 5513 2696 5585 ἀπολογίαν,
2714 5513 2901 5585 quam
2919 5513 2998 5572 ad
3013 5515 3274 5580 ἔνστασιν,
3291 5526 3374 5584 qu

1803 5587 2089 5656 cuiquam
2121 5587 2181 5642 in
2207 5588 2470 5642 mentem
2497 5584 2938 5656 venirepossit.

1875 5655 1952 5731 (1)
1977 5666 2084 5721 Τῆς
2108 5662 2165 5715 et
2183 5674 2325 5715 mox
2356 5658 2560 5727 θυσίας,
2599 5655 2814 5712 omittit
2841 5655 2903 5710 Β.
