3904 6210
414 274 526 327 659

1747 253 2098 313 EUTHYMII
2138 251 2463 309 ZlGABENl
3630 255 3705 309 θα)

409 399 632 472 pascha
663 397 1193 459 manducaverant,
1219 397 1277 448 et
1305 392 1367 446 in
1397 404 1570 445 ccena
1597 386 2064 450 discubuerant;

2204 402 2232 430 ν
2279 388 2352 450 τῷ
2393 377 2609 450 δείπνῳ.
2648 383 2793 431 οῦπω
2830 381 2932 451 γὰρ
2978 376 3160 437 ἦλθενή
3209 375 3709 452 τεσσαρεσκαιδεκάτη,

416 488 688 545 nondum
717 488 876 542 enim
919 488 1157 540 venerat
1181 482 1449 536 decimus
1485 482 1734 551 quartus
1776 475 1922 542 dies,
1955 488 2076 544 quo

416 594 592 633 omne
622 576 1041 631 fermentatum
1081 572 1381 642 abjectum
1414 572 1558 625 erat.
1589 571 1703 623 Nec
1747 563 2078 638 quidquam

419 667 662 721 vetabat
682 663 982 734 jurulenta
1011 677 1254 734 quoque
1283 660 1484 715 edere.

491 757 558 808 Et
600 768 778 824 quam
809 753 889 806 ob
921 766 1167 807 causam
1199 751 1502 805 tacuerunt
1531 744 1909 815 evangelistae
1941 744 2079 797 Pas-

424 843 552 898 chae
577 841 969 898 mutationem
1003 840 1121 911 (aa)
1151 838 1180 892 ?
1206 837 1356 903 Quia
1371 836 1779 892 necessarium
1811 849 1933 889 non
1959 837 2085 887 erat

426 933 501 988 de
531 933 644 987 hac
683 947 745 987 re
788 931 984 986 dicere
1018 945 1031 984 :
1059 928 1204 1002 quid
1236 929 1394 983 enim
1426 925 1771 982 Christianis
1821 923 2084 980 confere-

426 1022 532 1076 bat
562 1021 742 1090 hujus
755 1018 1112 1074 reinarratio
1136 1019 1165 1074 ?
1199 1017 1361 1071 Hanc
1379 1030 1520 1084 ergo
1537 1015 2078 1086 praetermiserunt;

428 1125 736 1164 sermones
764 1113 961 1163 tamen
988 1122 1174 1161 omnes
1198 1103 1816 1177 mysticaadiligentius
1830 1107 2086 1174 pertrac-

426 1202 652 1264 tarunt,
700 1202 901 1268 utpote
935 1196 1195 1250 maxime
1239 1193 1612 1250 necessarios
1648 1209 1716 1247 ac
1755 1191 2082 1262 plurimum

423 1286 824 1342 conducentes
852 1285 930 1339 ad
951 1284 1132 1339 ﬁdem
1156 1287 1443 1339 nostram.
1470 1285 1536 1338 Et
1560 1280 1780 1353 ubique
1814 1280 2082 1347 regulam

420 1376 577 1430 hanc
608 1375 952 1436 observant,
988 1377 1049 1427 ut
1083 1388 1216 1443 quae
1244 1371 1577 1426 necessaria
1609 1386 1728 1426 non
1759 1375 1896 1424 sunt
1938 1384 2084 1438 prae-

422 1467 766 1525 tercurrant,
793 1463 882 1517 vel
911 1461 970 1516 in
990 1461 1234 1516 transitu
1259 1460 1455 1515 solum
1478 1459 1845 1514 mentionem
1873 1473 2082 1511 eorum

422 1553 660 1614 faciant,
693 1566 937 1606 omnem
959 1548 1329 1620 diligentiam
1352 1565 1420 1604 ac
1447 1548 1710 1604 studium
1744 1547 1896 1602 circa
1921 1545 2084 1600 utilia

425 1641 766 1709 dirigentes.

503 1730 723 1784 Verum
749 1745 888 1784 cum
914 1727 1397 1797 antelegitimum
1427 1731 1665 1798 tempus
1687 1726 1953 1781 Christus
1987 1727 2084 1780 Pa-
2118 1729 2158 1784 Β

433 1819 576 1874 scha
615 1817 941 1888 perfecerit,
967 1816 1275 1888 quomodo
1304 1815 1491 1871 Judaei
1519 1815 1834 1871 manifesta
1855 1815 1969 1869 hac
1993 1829 2087 1868 ac-

434 1907 740 1962 cusatione
777 1905 998 1972 relicta,
1044 1904 1388 1978 quaerebant
1417 1904 1633 1960 falsum
1688 1903 2089 1959 testimonium

436 1996 722 2052 adversus
735 1995 938 2050 Jesum
956 1995 984 2050 ‘I
1006 1994 1156 2058 Quia
1180 1992 1447 2048 sciebant
1471 1992 1692 2048 nullam
1723 2008 1847 2047 esse
1877 1991 2088 2061 legem,

437 2099 569 2156 qua:
628 2083 1056 2139 condemnaret
1084 2098 1222 2138 eum
1252 2081 1354 2154 qui
1389 2081 1620 2137 Pascha
1671 2087 1806 2136 ante
1854 2086 2092 2152 tempus

433 2173 790 2230 celebrasset
823 2188 835 2237 ;
868 2170 1230 2244 praevidente
1280 2171 1420 2226 olim
1450 2172 1568 2226 Deo
1619 2171 1783 2242 quod
1828 2173 2090 2226 futurum

436 2265 582 2325 erat,
616 2261 882 2333 nihilque
923 2261 992 2314 de
1034 2260 1146 2316 hoc
1178 2264 1492 2316 statuente.
1547 2262 1608 2314 Et
1639 2259 1768 2314 vide
1819 2275 1942 2315 rem
1989 2259 2092 2315 ad-

434 2349 748 2405 miratione
776 2349 1044 2418 dignam,
1090 2349 1256 2422 quod
1287 2354 1493 2405 contra
1522 2365 1680 2413 eum,
1715 2349 1816 2420 qui
1849 2354 1985 2420 post
2017 2349 2092 2404 le-

436 2439 712 2509 gitimum
754 2443 989 2510 tempus
1009 2438 1371 2494 celebrasset
1401 2442 1620 2494 statum
1645 2443 1786 2505 erat,
1821 2437 1931 2492 nisi
1966 2437 2092 2493 talis

436 2529 803 2585 occasionem
830 2527 1090 2583 maxime
1109 2527 1500 2584 necessariam
1527 2527 1892 2599 prtetexisset
1920 2543 1931 2580 ;
1957 2543 2092 2582 con-

438 2622 532 2674 tra
575 2633 714 2673 eum
770 2633 909 2673 vero
937 2618 1040 2689 qui
1071 2621 1306 2690 tempus
1344 2618 1744 2690 praevenisset,
1779 2615 1941 2671 nulla
1973 2619 2095 2671 erat

439 2706 684 2762 deﬁnita
713 2721 912 2778 poena.
945 2708 1206 2763 Joannes
1237 2712 1438 2762 autem
1459 2706 1598 2760 dicit
1619 2708 1685 2769 ³⁵,
1711 2704 1873 2776 quod
1893 2720 2030 2758 cum
2059 2720 2094 2760 a

441 2811 615 2851 omne
645 2797 1013 2865 surrexisset,
1040 2796 1340 2868 pedesque
1373 2793 1800 2864 discipulorum
1828 2794 2090 2858 lavisset,

441 2900 647 2939 rursus
668 2883 967 2939 discubuit
996 2901 1009 2948 ;
1045 2899 1186 2938 nam
1212 2883 1325 2938 hoc
1352 2889 1530 2953 caput
1559 2882 1636 2938 ab
1683 2882 1812 2937 aliis
1843 2897 2092 2951 evange-

442 2973 588 3028 listis
621 2977 708 3028 est
729 2973 1201 3044 praetermissum
1238 2989 1250 3027 :
1280 2972 1480 3040 etjideo
1498 2971 1732 3044 scripsit
1760 2972 1855 3026 ille
1886 2988 2094 3044 quem-

2187 471 2302 522 καθ’
2335 474 2394 527 ἦν
2440 470 2575 520 άπαν
2608 469 2844 540 ζυμωτὸν
2877 468 3230 540 ἐξηφανίζετσ.
3263 473 3356 522 Καὶ
3384 465 3518 521 οὐδὲν
3543 467 3710 520 ἐκώλυεν

2189 561 2262 611 ἔτι
2299 563 2388 610 καὶ
2431 561 2600 630 ζωμὸν
2627 556 2838 612 ἐσθίειν.

2265 757 2364 806 Καὶ
2416 749 2563 805 διατί
2610 758 3022 825 παρεσιώπησαν
3058 753 3109 803 οἱ
3145 751 3493 822 εὐαγγελισταὶ
3534 757 3614 808 την
3651 759 3715 802 τοῦ

2195 843 2393 912 Πάσχα
2437 840 2756 913 μετάληψινς
2789 845 2931 893 Διότι
2977 841 3070 893 οῦκ
3113 841 3175 898 ἦν
3232 839 3492 912 ἀναγκαῖον
3536 843 3586 891 τὸ
3628 845 3715 911 περὶ

2191 933 2386 992 ταύτης
2428 930 2602 982 εἰπεῖν.
2661 934 2725 981 Τί
2771 931 2868 1001 ’γὰρ
2928 929 2988 980 ἄν
3046 933 3136 980 καὶ
3193 929 3469 981 συνετελεσε
3518 936 3716 1000 Χριστια-

2191 1026 2296 1080 νοῖς
2343 1020 2372 1076 ἡ
2431 1021 2630 1081 ταύτης
2676 1014 2964 1088 διήγησις;
3021 1020 3108 1071 Διὸ
3145 1019 3333 1074 ταύτην
3512 1011 3715 1087 παρίδρα·

2192 1125 2306 1180 μον·
2366 1115 2472 1169 τοῖς
2528 1104 2587 1159 δε
2634 1107 2801 1178 λόγοις
2855 1115 2946 1159 τοῦ
3004 1113 3262 1178 μυστικοῦ
3320 1103 3514 1158 δείπνου
3558 1103 3718 1175 φιλοποο

2191 1204 2404 1271 νωτερον
2489 1193 2928 1268 προσδιέτριψαν,
3033 1200 3098 1257 ὡς
3203 1194 3585 1266 ἀναγκαιοτάτου
3654 1197 3718 1242 καὶ

2197 1287 2636 1338 συνεκτικωτάτου
2699 1293 2793 1347 τῆς
2854 1288 2998 1356 ἡμῶν
3055 1290 3300 1346 πίστεως.
3358 1289 3451 1336 Καὶ
3500 1287 3718 1351 πανταχοῦ

2195 1371 2253 1427 δὲ
2293 1379 2377 1426 τόν
2427 1380 2615 1426 κανόνα
2650 1383 2826 1426 τοῦτον
2877 1382 3117 1447 τηροῦσι,
3170 1377 3236 1425 τὰ
3279 1379 3346 1446 μὴ
3389 1372 3615 1442 ἀναγκαῖα
3655 1374 3717 1440 μιν

2195 1469 2632 1538 παρατρέχοντες,
2694 1468 2720 1520 ἦ
2782 1469 2914 1515 κατά
2979 1460 3211 1537 πάροδον
3275 1462 3719 1535 ἐπιμιμνησκόμενοι³

2196 1561 2368 1606 πᾶσαν
2404 1551 2461 1605 δὲ
2493 1559 2577 1611 τὴν
2615 1552 2877 1627 ἀκρίϐειαν
2909 1558 2998 1605 καὶ
3042 1550 3274 1610 σπονδὴν
3309 1558 3420 1626 περὶ
3447 1556 3503 1604 τὰ
3529 1555 3721 1622 χρήσιμα

2204 1649 2568 1704 συντείνοντες.

2273 1737 2373 1784 Καὶ
2421 1731 2528 1784 ἐπεὶ
2570 1735 2669 1805 πρὸ
2723 1740 2812 1782 τοῦ
2860 1734 3060 1802 Πάσχα
3107 1735 3164 1783 τό
3229 1733 3421 1801 Πάσχα
3460 1728 3665 1782 τετέλεκεθ
3704 1728 3721 1776 ο

2201 1824 2440 1892 Χριστὸς,
2495 1829 2602 1881 πῶς
2643 1816 2892 1872 Ἰουδαῖοι
2941 1825 3032 1877 τὴν
3090 1828 3324 1892 προφανῆ
3381 1821 3551 1875 ταύτην
3599 1834 3721 1871 κατι·

2199 1915 2379 1982 γορίαν
2442 1908 2665 1979 ἀφέντες,
2731 1909 2939 1972 ἐξῄτουν
3004 1906 3454 1983 ψευδομαρτυρίαν
3503 1908 3614 1957 κατὰ
3657 1910 3722 1954 τοῦ

2199 1999 2412 2063 Ἰησοῦ;
2469 2003 2609 2049 Διότι
2666 1996 2960 2068 ἐγίνωσκον,
3012 2000 3076 2058 ὡς
3121 1998 3180 2050 ού
3231 2005 3394 2050 κεῖται
3435 2001 3566 2067 νόμος
3601 2011 3720 2045 κατα·

2203 2083 2433 2149 δικάζων
2489 2090 2576 2138 τὸν
2635 2089 3050 2159 προεορτάζοντα
3099 2091 3156 2138 τό
3214 2090 3427 2158 Πάσχοθ
3482 2083 3616 2136 πάλαι
3657 2089 3721 2131 τοῦ

2202 2182 2334 2228 Θεοῦ
2373 2171 2678 2249 προειδότος
2715 2179 2772 2226 τὸ
2817 2176 3017 2247 μέλλον,
3057 2181 3147 2227 καὶ
3177 2173 3347 2247 μηδὲν
3377 2195 3427 2227 τι
3462 2177 3560 2245 περὶ
3585 2173 3721 2223 τούτου

2201 2267 2660 2336 νομοθετήσαντος.
2715 2269 2814 2317 Καὶ
2862 2267 2958 2338 ὅρα
3009 2267 3339 2336 θαυμαστόν,
3389 2267 3461 2317 ὃτι
3503 2263 3613 2314 κατὰ
3660 2263 3723 2330 μὴ

2201 2361 2292 2406 τοῦ
2355 2355 2783 2428 μεθεόρτάζοντος
2843 2357 3236 2427 νενομοθέτητο,
3299 2355 3343 2406 εἰ
3412 2358 3478 2426 μὴ
3529 2355 3722 2424 πρόφασιν

2202 2443 2351 2505 οὗτος
2407 2442 2817 2514 ἀναγκαιοτάτην
2874 2442 3184 2516 προϐάλοιτό
3403 2444 3526 2494 κατὰ
3567 2436 3608 2490 δι
3654 2442 3718 2486 τοὺ

2202 2533 2637 2605 προεορτάζοντος
2694 2530 2844 2585 οὐδὲν
2897 2535 3088 2604 ὥριστο
3138 2532 3419 2604 ἐπιτίμιον.
3487 2538 3522 2581 0
3569 2528 3612 2580 ὀε
3646 2524 3723 2577 ἰωο

2203 2624 2324 2679 άννη
2338 2642 2358 2682 ς
2419 2627 2598 2693 φησὶν,

2203 2710 2357 2781 νίφας
2433 2715 2548 2770 τοὺς
2621 2707 2792 2771 πόδας
2857 2731 2958 2762 των
3013 2713 3290 2784 μαθητῶν,
3356 2710 3496 2762 πάλιν
3554 2706 3725 2758 ἀνέπεσε.

2675 2623 2752 2674 ὅτι
2810 2620 3041 2682 ἀναστὰς
3098 2621 3195 2674 ἀπὸ
3262 2630 3351 2675 τοῦ
3418 2618 3616 2684 δείπνου,
3663 2617 3726 2664 καὶ

2207 2801 2432 2874 Παρείθη
2504 2802 2602 2874 γὰρ
2674 2804 2784 2862 τοῖς
2833 2800 3004 2862 ἄλλοις
3077 2801 3467 2872 εῦαγγελισταῐς
3524 2799 3642 2848 τουτὶ
3688 2796 3727 2842 τι

2203 2889 2494 2960 κεφάλαιον,
2549 2889 2608 2940 οὗ
2665 2892 2826 2961 χάριν
2895 2890 3051 2949 αὐτὸς
3105 2892 3360 2962 ἱστόρησε
3402 2893 3462 2940 τα
3506 2890 3604 2957 περὶ
3648 2884 3729 2933 τού·

2202 2996 2314 3046 του,
2367 2979 2534 3036 καθὼς
2586 2976 2634 3029 ἐν
2687 2985 2758 3049 τῷ
2817 2977 3086 3050 Εύαγγείῳ
3143 2979 3333 3044 αὐτοῦ,
3405 2984 3524 3030 Θεοῦ
3579 2970 3726 3029 δόντος.

443 3061 778 3117 admodum
814 3062 875 3116 in
919 3060 1295 3118 enarratione
1321 3059 1624 3130 Evangelii
1672 3061 1800 3132 ejus
1848 3064 1963 3116 Deo
1990 3061 2087 3116 do-

2204 3065 2587 3138 ἐξηγησόμεθα.

444 3152 622 3206 nante
646 3149 996 3208 referemus.

511 3259 673 3314 Vers.
726 3262 814 3313 2t.
854 3259 931 3314 Et
975 3257 1276 3314 edentibus
1329 3287 1399 3300 -—-
1449 3274 1541 3316 me
1589 3259 1923 3316 traditurus
1975 3267 2083 3317 est.

514 3347 750 3404 Marcus
778 3363 920 3405 vero
951 3347 1183 3405 addidit
1214 3365 1228 3404 :
1259 3347 1368 3414 Qui
1407 3349 1734 3406 manducat
1772 3365 1993 3406 mecum
2021 3351 2088 3416 ¹⁶,

440 3453 515 3491 ne
564 3439 1009 3509 suspicarentur
1053 3437 1220 3509 quod
1268 3453 1457 3493 unum
1496 3437 1713 3493 diceret
1752 3455 1960 3494 eorum
1991 3442 2092 3510 qui

440 3525 834 3590 crediderant,
863 3526 967 3597 qui
997 3541 1120 3581 non
1145 3530 1302 3582 esset
1327 3541 1483 3581 unus
1513 3526 1588 3582 de
1623 3527 1939 3583 duodecim
1971 3529 2094 3583 dis-

442 3614 674 3684 cipulis.
709 3615 896 3671 Simul
928 3630 1168 3685 quoque
1191 3613 1356 3670 ludas
1383 3613 1725 3671 clanculum
1757 3616 2090 3673 testabatur

446 3718 510 3756 se
550 3717 728 3758 nosse
767 3718 869 3758 cor
899 3703 1046 3772 ejus.
1076 3702 1301 3758 Etenim
1334 3703 1520 3773 pedes
1551 3703 1729 3758 etiam
1761 3705 1890 3774 ejus
1935 3706 2092 3774 lavit,

445 3789 526 3846 ad
551 3789 958 3860 panitentiam
1004 3806 1143 3846 eum
1176 3805 1489 3858 revocans,
1520 3807 1871 3863 quanquam
1915 3793 2007 3850 ille
2034 3795 2094 3852 in

444 3878 663 3934 duritia
687 3878 1454 3950 permansit.Traditionem
1474 3885 1670 3936 autem
1692 3881 1948 3952 intellige
1963 3899 2095 3954 pro-

443 3967 752 4024 ditionem.
779 3968 1044 4024 Tradidit
1081 3969 1240 4024 enim
1284 3984 1418 4025 eum
1447 3969 1506 4026 in
1538 3975 1813 4040 mortem,
1861 3977 1915 4028 et
1942 3973 2097 4029 insi-

443 4057 774 4114 diatoribus
804 4058 960 4114 hunc
985 4057 1266 4130 prodidit.

512 4165 672 4220 Vers.
707 4169 794 4219 22.
818 4165 895 4220 Et
922 4166 1526 4224 contristati-Domine
1553 4169 1583 4222 Υ
1609 4170 1736 4223 Haec
1753 4170 1932 4225 etiam
1954 4171 2094 4226 Mar-

438 4271 541 4310 cus
579 4255 726 4310 dixit
754 4257 821 4310 “.
858 4255 1042 4325 Elegit
1083 4259 1283 4311 autem
1325 4255 1609 4321 Christus,
1657 4262 1721 4312 ut
1750 4259 1940 4314 czeteri
1968 4276 2094 4316 om-

436 4361 543 4401 nes
565 4345 841 4401 timerent
881 4361 950 4401 ac
981 4345 1487 4415 contristarentur,
1533 4362 1656 4417 quo
1687 4349 1952 4418 perditus
1983 4351 2091 4403 dis-

441 4434 668 4504 cipulus
714 4437 1172 4490 converteretur.
1222 4436 1413 4499 Quare
1456 4440 1655 4491 autem
1699 4441 1884 4492 caateri
1932 4439 2093 4493 anxii

440 4530 626 4589 erant,
651 4541 788 4579 cum
819 4523 965 4578 nihil
987 4523 1099 4579 tale
1126 4523 1236 4578 sibi
1263 4523 1487 4580 conscii
1511 4531 1705 4581 essent
1733 4527 1760 4582 ?
1783 4528 1931 4591 Quia
1953 4545 2094 4598 prae-

439 4611 662 4681 ceptori
692 4612 953 4668 maxime
1002 4612 1328 4668 crededant
1367 4617 1651 4684 tanquam
1701 4617 2090 4683 veracissimo,

441 4702 497 4753 et
544 4699 794 4754 timebat
832 4700 1089 4772 quisque
1129 4717 1203 4756 ne
1241 4701 1390 4758 forte
1420 4701 1552 4757 talis
1583 4703 1857 4760 evaderet
1900 4713 2094 4763 mente

443 4790 794 4842 excaecatus.

512 4877 672 4931 Vers.
703 4875 791 4931 23.
825 4878 903 4932 At
930 4877 1125 4932 itte—
1155 4879 1565 4937 tradet.Ponit
1591 4896 1833 4954 quoque
1866 4885 2093 4954 insigne

438 4978 560 5036 quo
589 4968 798 5036 posset
822 4964 916 5020 ille
937 4964 1238 5034 dignosci.
1280 4967 1513 5024 Marcus
1540 4984 1681 5026 vero
1711 4969 1856 5027 dixit
1889 4988 1900 5026 :
1937 4975 2092 5030 Unus

431 5067 501 5109 ea.
535 5051 838 5108 duodecim
856 5053 957 5123 qui
982 5052 1226 5124 intingit
1253 5069 1478 5111 mecum
1496 5057 1560 5112 in
1583 5057 1846 5113 catinum
1873 5060 1941 5116 ¹⁸.
1971 5064 2090 5118 Hoc

508 5179 554 5214 ιι
584 5176 758 5234 Joan.
789 5192 908 5241 xm,
938 5179 991 5242 4,
1025 5179 1110 5235 12.
1229 5180 1276 5214 ³⁸
1310 5181 1477 5236 Marc.
1518 5196 1635 5236 xiv.
1672 5183 1758 5237 18.

2128 4392 2175 4447 D

1874 5185 1921 5219 ¹⁷
1953 5185 2098 5245 Ibid.
2128 5189 2216 5246 19.

2277 3285 2376 3332 Καὶ
2429 3280 2704 3332 ἐσθιόντων
2764 3311 2828 3321 —
2886 3277 3195 3353 παραδώσει
3251 3302 3334 3353 με.
3389 3281 3444 3332 Ὀ
3486 3276 3538 3331 δε
3583 3277 3734 3347 Μάριος

2202 3371 2541 3441 προσέθηκεν,
2597 3371 2677 3421 ὅτι
2743 3370 2769 3420 ὁ
2824 3368 3008 3421 ἐσθίων
3061 3370 3171 3441 μετ’
3232 3370 3377 3443 ἐμοῦ,
3425 3371 3500 3421 ἵνα
3548 3365 3731 3439 51735”

2201 3457 2451 3523 λάϐωσιν,
2506 3461 2570 3518 ὡς
2625 3457 2712 3509 ἱνα
2763 3457 2899 3529 λέγει
2967 3467 3064 3510 τῶν
3114 3461 3508 3512 πιστευσάντων
3561 3458 3632 3527 μιν
3687 3451 3736 3507 εἰς

2203 3547 2376 3613 αὐτόν,
2411 3552 2482 3619 μὴ
2520 3549 2980 3620 συνηριθμημὲνων
3012 3544 3071 3600 δὲ
3111 3555 3218 3608 τοίς
3270 3545 3477 3601 δώδεκα
3519 3546 3731 3618 μαθηταῖς-

2201 3637 2342 3708 Ἂμα
2404 3634 2463 3688 δι
2515 3641 2603 3688 καὶ
2655 3641 2784 3710 πρὸς
2832 3641 2918 3688 τὸν
2965 3633 3171 3690 Ἰούδαν
3231 3637 3434 3710 ἀφανῶς
3485 3635 3735 3708 ἐμαρτύρατο

2205 3726 2284 3777 ὁτι
2339 3729 2467 3797 ἔγνω
2524 3730 2617 3782 τὴν
2673 3722 2898 3797 καρδίαν
2967 3726 3147 3780 αὐτοῦ.
3226 3733 3332 3781 Καὶ
3381 3731 3477 3800 γὰρ
3530 3731 3601 3776 καὶ
3655 3721 3735 3773 τοὺς

2205 3815 2363 3867 αὐτοῦ
2407 3811 2577 3876 πόδας
2626 3814 2814 3885 ἔνιψεν,
2868 3815 2938 3877 εἰς
2989 3815 3329 3888 μεταμελειαν
3378 3817 3519 3868 αὐτὸν
3561 3808 3739 3865 ἔικαλοὺς

2205 3924 2366 3976 μενος,
2420 3905 2463 3957 εἰ
2504 3909 2594 3956 καὶ
2639 3903 2863 3976 σκληρὸς
2912 3908 3068 3977 ἔμενε.
3114 3903 3429 3978 Παράδοσιν
3471 3903 3525 3957 δι
3561 3907 3642 3953 νόει
3675 3901 3738 3952 τὴν

2205 3991 2512 4066 προδοσίαν.
2587 3989 2865 4066 Παρέδωκε
2929 3997 3029 4066 γὰρ
3085 3994 3243 4046 αύτόν
3299 3996 3371 4058 εἰς
3431 3997 3636 4056 Θάνατον,
3681 3991 3741 4036 καὶ

2203 4079 2506 4157 προδέδωκε
2537 4090 2715 4134 τοῦτον
2743 4091 2850 4144 τοῖς
2876 4082 3298 4137 ἐπιϐουλεύουσι.

2275 4176 2376 4223 Καὶ
2446 4171 2753 4243 λυπούμενοι
2825 4202 2893 4214 —
2970 4176 3162 4247 Κύριε;
3197 4177 3383 4229 Ταῦτα
3431 4178 3514 4225 καὶ
3585 4170 3744 4240 Μάρκος

2204 4263 2421 4332 εἴρηκεν.
2480 4260 2652 4312 Εἵλετο
2704 4263 2801 4334 γὰρ
2861 4263 2886 4312 ό
2936 4263 3168 4334 Χριστὸς
3227 4263 3459 4334 φοϐῆσαι
3502 4267 3582 4312 καὶ
3628 4257 3746 4308 λνπξο

2207 4369 2296 4401 σαι
2352 4351 2547 4409 πάντας
2602 4353 2718 4410 τοῦς
2769 4349 2973 4419 ἄλλους,
3030 4353 3156 4425 ὑπὲρ
3211 4359 3309 4403 τοῦ
3365 4348 3647 4423 ἐπιστρέψαι
3687 4344 3747 4393 τὸν

2204 4437 2548 4510 ἀπολλύμενον
2605 4441 2867 4510 μαθητήν.
2923 4446 3069 4492 Διατί
3124 4437 3182 4492 δε
3240 4444 3291 4494 οἱ
3341 4442 3504 4494 λοιποὶ
3548 4439 3747 4509 ἠγωνίων»

2205 4524 2368 4599 μηδὲν
2409 4547 2459 4579 τι
2506 4536 2737 4580 τοιοῦτον
2788 4526 3083 4590 συνειδότες
3129 4530 3381 4595 ἐαυτοίςς
3417 4535 3548 4582 Διότι
3593 4518 3751 4598 σφόδρα

2203 4625 2273 4687 τῷ
2362 4613 2672 4688 διδασκάλῳ
2747 4617 3032 4681 ἐπίστευον,
3101 4622 3165 4679 ὡς
3243 4617 3623 4690 ἀψευδεστάτῳ,
3689 4612 3750 4660 καὶ

2206 4703 2474 4758 ἐδεδίεσαν
2513 4708 2748 4774 ἕκαστος,
2794 4712 2996 4778 μήποτε
3025 4716 3262 4769 τοιοῦτος
3306 4708 3493 4780 ἀποϐῇ,
3532 4702 3750 4776 τυφλωθεὶς

2205 4800 2290 4849 τὸν
2314 4804 2450 4851 νοῦν.

2272 4886 2332 4940 Ὀ
2385 4885 2444 4938 ὁὶ
2489 4917 2558 4926 -
2607 4882 2935 4962 παραδώσει.
2991 4889 3185 4946 Τίθησι
3241 4893 3333 4941 καὶ
3384 4889 3672 4959 παράσημον
3708 4879 3755 4935 εἰς

2205 4973 2488 5047 διάγνωσιν
2531 4976 2710 5032 αὐτοῦ.
2761 4979 2973 5049 Μάρκος
3021 4973 3081 5029 δέ
3130 4976 3287 5045 εἶπεν,
3343 4979 3423 5031 ὅτι
3481 4977 3563 5038 Εἷς
3603 4973 3648 5025 ἐκ
3683 4977 3756 5020 τῶν

2205 5061 2414 5116 δώδεκα
2493 5067 2518 5116 ό
2591 5063 2970 5138 ἐμϐαπτόμενος
3035 5067 3148 5140 μετ’
3214 5067 3345 5139 ἐμοῦ
3421 5068 3489 5129 εἰς
3563 5068 3613 5115 τὸ
3668 5078 3755 5133 τρυ-

2325 5189 2371 5224 ¹⁸
2403 5187 2554 5245 Ibid.
2589 5193 2678 5246 20.

1648 5335 1869 5405 Variae
1913 5339 2243 5408 lectiones
2275 5350 2562 5409 etnotae.

507 5491 586 5564 (2)
622 5489 993 5566 Προϐάλλοιτο.
1025 5489 1169 5547 Cod.
1198 5492 1266 5546 A.

507 5619 625 5688 (aa)
655 5617 1064 5686 Mutationem,
1096 5617 1730 5678 Communicationem.
1764 5624 2084 5681 Hentenius
2115 5624 2364 5682 fortasse
2393 5627 2700 5683 invenerat
2728 5627 3058 5700 μετάμειψιν.
