3904 6210
127 285 209 342 661
987 275 1360 332 COMMENT.
1411 274 1479 328 IN
1521 268 1971 328 MATTH/EUM.
2012 299 2080 312 —
2117 269 2277 330 CAP.
2326 271 2530 328 XXVI.

3313 275 3420 333 662

131 409 267 474 ϐλίον,
314 412 466 478 ἰγονν,
517 407 544 457 s'
595 403 886 477 ἐμϐάπτων.
958 409 1126 457 Τοῦτο
1196 397 1248 454 δ’
1315 401 1574 472 ἐπήγαγεν
1626 423 1629 446 ι

1816 399 1962 452 item
2017 395 2283 454 Salvator
2320 396 2399 452 ad
2443 395 2612 452 ludas
2677 395 3086 454 confusionem
3139 396 3411 458 adduxit.

128 503 275 570 Σωτὴρ
321 499 425 569 πρός
493 493 734 566 ἐντροπὴν
799 500 889 545 τού
948 488 1146 546 Ἰούδα.
1218 497 1475 544 Τοσοῦτον
1551 493 1650 562 γὰρ

124 595 200 638 τού
244 582 529 638 Ῑιδασκάλου
585 587 975 656 κατεφρόνησεν,
1029 585 1096 644 ὡς
1147 577 1278 652 μηδ’
1339 579 1649 632 ὑποστέλλε-

123 677 224 727 σθαι
270 682 428 726 τοῦτον
477 675 571 737 ἔτι,
627 670 731 722 ἀλλ’
783 671 1061 742 ἐμϐάπτειν
1134 670 1241 742 μετ’
1292 669 1471 723 αύτού.
1518 677 1650 728 Τρυ-

121 761 228 814 ϐλίον
255 763 322 833 (3)
345 759 399 814 δέ
424 760 575 827 ἐστιν,
600 757 738 822 εἶδος
770 765 1008 822 πίνακος.

175 851 222 902 ’0
259 855 336 922 μιν
381 853 484 909 Υἱός
532 881 596 892 -
645 846 1025 924 παραδίδοται.
1081 849 1315 920 Ὑπάγιι,
1369 846 1484 900 ἀντὶ
1531 855 1644 918 τού,

121 945 364 1014 Πορεύεται,
445 938 732 1011 μεταϐαίνει
821 940 924 992 ἀπὸ
1011 947 1107 1000 τῆς
1179 937 1401 991 ἕνταύθα
1488 940 1639 1002 ζωῆς,

119 1031 252 1090 καθὼς
305 1033 573 1101 γέγραπται
637 1034 748 1090 τοῖς
807 1033 1098 1102 προφήταις
1139 1032 1260 1104 περὶ
1312 1026 1493 1092 αὐτοῦ,
1537 1034 1648 1090 πῶς

115 1118 248 1190 μέλλει
271 1118 537 1176 ἀποθανεῖν.

175 1208 310 1261 Καλόν
367 1239 427 1250 -
483 1208 692 1272 ἐκεῖνος.
763 1212 1023 1283 Συμφέρον
1098 1205 1160 1267 ἦν
1221 1207 1386 1280 αὐτῷ,
1443 1209 1516 1262 ὅτι
1593 1205 1644 1262 ἕν

117 1306 168 1367 τῇ
213 1299 274 1368 (6)
307 1298 457 1371 κοιλίᾳ
509 1306 603 1360 τῆς
644 1301 842 1374 μητρός
897 1297 1124 1363 αὔξοντι,
1192 1301 1263 1370 μὴ
1335 1299 1644 1368 γεννηθῆναι

115 1385 218 1447 ὅλοις
257 1389 334 1459 (5),
372 1395 596 1442 τοιοῦτον
650 1391 813 1461 μύσος
860 1387 1190 1460 ἐργάσασθαι
1236 1386 1489 1460 μέλλοντι,
1555 1391 1644 1440 καὶ

110 1473 370 1537 τηλικαύτης
417 1476 818 1549 ἀξιωθησομένῳ
877 1481 1152 1549 τιμωρίας.
1201 1481 1336 1530 Φασὶ
1387 1474 1446 1531 δέ
1493 1495 1642 1547 τινες,

110 1564 168 1614 ότι
226 1563 504 1637 ἑαέγκλητός
573 1565 707 1633 ἐστι,
770 1570 827 1618 τό
890 1569 1274 1641 προωρισμένον
1331 1565 1641 1626 ἐπιτελέσας.

107 1656 215 1727 Πρὸς
237 1654 310 1716 ούς
330 1654 544 1727 λέγομεν,
595 1657 674 1710 ὃτι
707 1655 765 1709 ού
812 1651 953 1708 διότι
999 1662 1315 1729 προώριστο,
1351 1652 1444 1709 διὰ
1490 1663 1642 1710 τοῦτο

104 1739 378 1812 παρέδυκινο
430 1743 556 1796 ἀλλὰ
618 1742 760 1798 διότι
806 1740 1096 1818 παρέδωκε,
1150 1741 1242 1796 διὰ
1286 1753 1436 1799 τούτο
1479 1752 1642 1819 προώ-

101 1849 234 1901 ριστο,
278 1841 360 1885 τού
409 1841 540 1886 Θεού
602 1830 904 1908 προειδότος
952 1838 1009 1887 τό
1066 1835 1266 1896 πάντως
1315 1833 1642 1908 ἀποϐησόμε-
1678 1855 1718 1909 Β

101 1937 192 1970 νον·
234 1921 386 1993 ᾕαελλε
429 1925 526 1998 γὰρ
588 1927 743 1986 ὅντως
795 1922 1053 1982 ἀποϐῆναι
1108 1931 1351 1990 τοιοῦτος,
1424 1924 1516 1976 ούκ
1587 1923 1641 1978 ἐκ

103 2011 273 2076 φύσεως,
435 2010 489 2064 ἐκ
519 2015 892 2085 προαιρέσεως.

155 2103 233 2150 Καὶ
285 2095 417 2154 διατί
461 2099 748 2175 παρέλαϐεν
805 2101 960 2154 αὐτὸν
1018 2101 1144 2164 ὅλως
1200 2101 1266 2162 εἰς
1316 2103 1554 2175 μαθητὴν
1612 2104 1637 2155 ό

101 2190 295 2258 Χριστὸς,
360 2198 587 2243 τοιοῦτον
669 2189 1097 2264 ἀποϐησόμενονς
1175 2190 1284 2245 Ἵνα
1350 2200 1478 2264 φανῇ
1549 2196 1638 2245 καὶ

98 2283 262 2335 τῆςτοῦ
295 2286 517 2354 Σωτῆρος
558 2279 901 2352 ἁγαθότητος,
955 2285 1044 2332 καὶ
1088 2289 1183 2342 τῆς
1233 2288 1324 2333 τού
1374 2277 1634 2353 προδότου

97 2369 238 2426 κακίας
278 2368 304 2424 ἡ
350 2367 622 2442 ὑπερϐολὴ,
665 2377 772 2432 πῶς
812 2369 837 2420 ό
872 2371 961 2440 μεν
1009 2373 1096 2422 τόν
1138 2369 1322 2424 ἑαυτοῦ
1369 2366 1634 2442 προδότην

98 2447 298 2508 ἐδίδασκε
346 2457 408 2509 τὰ
473 2464 716 2531 σωτήρια
761 2462 850 2511 καὶ
893 2459 1076 2529 ἠγάπα
1134 2463 1225 2511 και
1283 2461 1632 2534 χαρισμάτων

99 2541 208 2601 ἠξίου
256 2549 334 2596 καὶ
386 2554 481 2597 τῶν
539 2546 708 2598 ἄλλων
761 2547 856 2599 ούκ
905 2545 1129 2622 ἐχώριζε
1203 2550 1470 2620 μαθητῶν,
1545 2555 1634 2602 καὶ

96 2632 224 2683 πάντα
271 2637 329 2685 τὰ
371 2638 494 2708 πρός
539 2635 858 2711 ἐπιστροφὴν
913 2642 1002 2689 καὶ
1065 2633 1349 2710 διόρθωσιν
1403 2638 1628 2709 εἰσῆγεν,

96 2719 156 2769 ἱνα
202 2726 261 2792 μὴ
308 2719 496 2796 δυνηθῇ
553 2725 744 2796 λέγειν,
797 2728 866 2788 ὡς
916 2726 1011 2778 ούκ
1060 2729 1218 2799 ἔτυχε
1275 2723 1628 2798 διδασκάλου,

95 2802 323 2882 δυναμένου
354 2815 534 2874 σώζειν
583 2817 706 2874 τοὺς
751 2813 1112 2888 βουλομένους,
1144 2818 1169 2868 ό
1201 2813 1260 2869 δὲ
1304 2822 1394 2870 καὶ
1436 2821 1629 2870 τούτων

92 2899 248 2951 πάντων
321 2901 640 2970 ἀπολαύσας,
722 2904 874 2957 πάλιν
949 2909 1109 2978 ἔμεινε
1179 2912 1418 2982 πονηρός.
1488 2907 1628 2962 Ἐπεὶ

90 2989 166 3060 γὰρ
213 2995 291 3047 τήν
333 2991 511 3064 ψυχὴν
560 2993 867 3068 οἰκητήριον
917 3003 1010 3048 τοῦ
1060 2992 1306 3049 διαϐόλου
1358 3003 1627 3066 πεποίηκε,

92 3083 159 3135 τῆς
201 3079 513 3156 φιλαργυρίας
568 3081 858 3147 ἁνοιξάσης
928 3089 1018 3138 καὶ
1083 3085 1476 3158 εὶσαγαγούσης
1540 3088 1631 3141 αύ-

88 3167 167 3232 τόν,
206 3168 287 3220 οὐκ
328 3171 528 3243 ἀείφυγε
571 3176 637 3226 τό
685 3175 833 3244 ἄγος.
873 3173 1024 3229 Ὀθεν
1073 3175 1138 3235 ὤς
1177 3175 1270 3228 ούκ
1310 3175 1630 3248 ἀναγκαστι-

85 3261 176 3320 ιὼς,
224 3255 334 3311 ἀλλὰ
395 3271 778 3336 προαιρετικῶς
822 3260 1088 3337 προδότην
1157 3271 1421 3337 γενόμενον
1473 3266 1625 3319 ταλα-

85 3343 180 3401 “Cu
221 3354 380 3400 τοῦτον
431 3352 456 3402 ό
507 3354 720 3426 Κύριος,
799 3351 946 3407 ἐλεῶν
1004 3353 1215 3425 μᾶλλον,
1290 3355 1416 3427 παρ’
1472 3353 1622 3410 ούδὶν

81 3433 148 3495 μέν
191 3433 365 3505 θέμενον
410 3444 532 3502 τοὺς
588 3441 815 3504 πολλοὺς
859 3442 1022 3495 αὐτοῦ
1076 3449 1192 3518 περὶ
1256 3444 1620 3517 ακτημοσύνης

83 3536 231 3608 ξοντιυς,
280 3527 578 3602 εύχείρδτον
647 3527 705 3584 δὲ
757 3532 836 3602 (6)
887 3539 950 3603 τῇ
1021 3532 1336 3608 φιλαργυρίᾳ
1409 3540 1498 3588 καὶ
1545 3544 1617 3606 τῷ

83 3599 256 3692 glaebis.»
335 3624 641 3692 γενόμενον·
722 3622 780 3672 οὗ
864 3618 936 3674 δι’
1013 3621 1279 3676 ἀσθένειαν
1348 3633 1447 3675 τῶν
1527 3633 1617 3678 τοῦ

81 3689 344 3754 διδασκάλου
412 3707 600 3780 λόγων,
681 3712 732 3762 οῖ
799 3715 889 3763 καὶ
967 3711 1182 3773 τελώνας
1256 3711 1614 3767 ἐπεσπάσαντο

78 3787 141 3833 καὶ
218 3796 400 3866 πόρνας,
476 3797 608 3851 ἀλλὰ
700 3796 735 3851 δ
741 3801 773 3851 ι’

75 3883 292 3948 πονηρίαν.

864 3800 1054 3853 οἰκείαν
1131 3800 1443 3875 ἀπροσεξίαν
1527 3809 1616 3856 καὶ

136 3969 245 4062 ’ἦν
281 3976 371 4051 ipsi
407 4003 485 4046 τις
526 3985 711 4050 πάλιν,
760 3989 837 4040 ὅτι
884 3993 984 4042 Καὶ
1025 3990 1108 4060 (7)
1158 3989 1201 4043 εἰ
1238 3990 1391 4042 καλὸν
1437 3987 1499 4049 ἦν
1541 3999 1613 4062 τῷ

76 4055 232 4151 ’.ίθύδιιν
273 4069 312 4120 li
355 4071 446 4125 οὐκ
494 4073 772 4145 ἐγεννήθη,
825 4073 974 4129 διατί
1013 4081 1181 4131 εἴασεν
1225 4079 1380 4132 αύτόν
1429 4099 1612 4151 γεννη-

78 4145 226 4216 θξναις
267 4163 396 4212 Διότι
443 4163 503 4215 ού
556 4169 722 4226 κοαός
779 4164 1045 4237 ἐγεννήθη,
1105 4167 1234 4220 αλλὰ
1289 4172 1449 4231 κακός
1508 4169 1613 4242 ὶγὸο

73 4254 174 4336 νει-ο,
234 4251 491 4325 μοχθηρία
587 4259 805 4326 γνώμης
897 4260 988 4308 καὶ
1068 4256 1351 4328 φαυλότητι
1424 4279 1610 4334 προαι-

71 4342 233 4424 ἒεῖως.
281 4336 494 4424 ,Οὐδένα
567 4339 631 4396 δε
706 4344 733 4394 ό
808 4347 933 4406 Θεὸς
1019 4344 1301 4417 ἀναγκάζει
1373 4351 1612 4420 γενέσθαι

70 4423 207 4486 κων,
250 4423 289 4476 εί
337 4433 404 4499 μή
455 4430 588 4484 ἑκὼν
643 4432 721 4504 (8)
786 4437 864 4491 εἴη
925 4433 1098 4500 καλὸς,
1155 4435 1265 4488 ἀλλ’
1327 4439 1612 4495 ὑποτίθησι

1761 483 1923 539 Adeo
1953 485 2110 540 enim
2139 491 2564 557 praeceptorem
2595 483 2970 557 despexerat,
3006 490 3068 542 ut
3103 485 3232 558 jam
3278 503 3418 544 eum

1760 588 1879 628 non
1908 579 2224 640 vereretur,
2258 575 2356 630 sed
2384 592 2522 629 cum
2563 590 2632 629 eo
2663 573 2997 645 intingeret.
3042 577 3283 632 Catinus
3313 593 3420 633 au-

1761 665 1876 717 tem
1910 668 1996 718 est
2024 663 2206 718 lancis
2240 679 2449 732 genus.

1829 752 1984 805 Vers.
2024 751 2111 805 24.
2153 753 2338 806 Filius
2375 752 2604 823 quidem
2633 783 2700 791 —
2745 753 3031 823 proditur.
3092 753 3243 818 Abit,
3300 753 3412 809 hoc

1756 845 1860 907 est,
1892 839 2073 905 vadit,
2114 840 2317 896 transit
2344 841 2420 895 ab
2452 840 2565 895 hac
2593 840 2728 904 vita,
2767 841 2916 896 sicut
2942 841 3225 913 scriptum
3258 845 3350 896 est
3375 857 3412 898 a

1754 927 2054 999 prophetis
2098 928 2172 984 de
2220 929 2368 1000 ipso,
2428 927 2738 1000 quomodo
2777 929 3044 986 videlicet
3091 930 3408 986 moriturus

1753 1020 1857 1071 est.

1822 1264 1983 1319 Vers.
2005 1267 2094 1320 24.
2130 1267 2358 1322 Bonum
2395 1295 2464 1305 -
2486 1265 2608 1321 ιιιε.
2643 1263 2788 1321 Utile
2842 1264 3053 1321 fuisset
3083 1265 3135 1322 ei
3177 1280 3319 1323 cum
3349 1267 3413 1323 in

1752 1355 1917 1408 utero
1949 1353 2141 1409 matris
2171 1357 2458 1409 cresceret
2486 1353 2733 1409 omnino
2763 1367 2888 1409 non
2927 1355 3115 1421 nasci,
3146 1354 3247 1426 qui
3295 1355 3414 1412 talo

1751 1440 2048 1510 ﬂagitium
2109 1445 2549 1513 perpetraturus
2575 1447 2718 1507 erat,
2752 1446 2816 1498 ut
2856 1441 2962 1498 tali
2987 1441 3206 1513 dignus
3257 1450 3414 1500 esset

1751 1530 1984 1585 futurus
2010 1530 2324 1602 supplicio.
2351 1531 2562 1587 Dicunt
2590 1537 2791 1587 autem
2834 1531 3085 1603 quidam
3116 1532 3294 1604 culpa
3317 1549 3412 1590 ca-

1749 1635 1876 1674 rere
1907 1635 2064 1685 eum,
2089 1620 2192 1692 qui
2214 1622 2375 1692 quod
2400 1619 2841 1692 prmdeﬁnitum
2867 1624 2987 1676 erat
3011 1620 3255 1692 peregit.
3277 1622 3411 1686 Qui-

1750 1707 1864 1763 bus
1887 1723 1999 1764 nos
2025 1708 2298 1774 dicimus,
2322 1708 2485 1780 quod
2498 1724 2614 1765 non
2641 1709 2784 1781 quia
2802 1709 3235 1781 praedeﬁnitum
3262 1715 3406 1776 erat,

1751 1798 1870 1852 Deo
1923 1797 2296 1869 prasvidente,
2355 1797 2643 1870 quidquid
2689 1803 3040 1854 eventurum
3070 1803 3213 1854 erat.
3257 1799 3409 1855 Talis

1749 1887 1907 1943 enim
1943 1902 2229 1943 evasurus
2271 1892 2398 1943 erat
2423 1902 2549 1943 non
2601 1903 2640 1943 a
2677 1891 2916 1956 natura,
2949 1886 3058 1942 sed
3099 1903 3168 1942 ex
3202 1887 3408 1944 volun-

1751 1981 1888 2033 tate.

1820 2067 1886 2121 Et
1911 2081 2100 2138 quare
2120 2065 2368 2122 omnino
2403 2063 2666 2136 suscepit
2690 2064 2952 2120 Christus
2972 2065 3033 2119 in
3055 2062 3404 2136 discipulum

1747 2169 1886 2209 eum
1925 2156 2026 2226 qui
2077 2154 2210 2210 talis
2243 2169 2530 2212 evasurus
2564 2158 2689 2209 erat
2726 2153 2754 2209 ‘I
2784 2155 2852 2209 Ut
2882 2151 3203 2208 manifesta
3240 2152 3404 2210 ﬁeret

1748 2243 2100 2312 magnitudo
2143 2243 2428 2299 bonitatis
2456 2241 2666 2298 Christi
2701 2246 2758 2297 et
2798 2241 3039 2298 malitiaa
3063 2241 3399 2312 proditoris,

1744 2332 2052 2403 quomodo
2100 2331 2194 2387 ille
2225 2348 2403 2388 suum
2451 2331 2813 2403 proditorem
2880 2330 3167 2388 salutaria
3200 2330 3404 2388 docuit

1745 2435 1814 2476 ac
1853 2419 2078 2485 dilexit,
2109 2421 2436 2494 gratiisque
2473 2421 2728 2493 dignum
2764 2419 2977 2486 duxit;
3023 2435 3135 2475 nec
3165 2419 3241 2475 ab
3273 2419 3402 2475 aliis

1743 2511 2095 2580 segregavit,
2127 2510 2230 2566 sed
2246 2510 2450 2566 omnia
2469 2526 2606 2582 qua:
2625 2509 2704 2565 ad
2725 2509 3174 2565 conversionem
3187 2525 3258 2565 ac
3277 2524 3404 2565 cor-

1741 2599 2059 2654 rectionem
2109 2600 2237 2670 ejus
2268 2604 2453 2665 erant,
2509 2599 2782 2656 induxit:
2821 2614 2896 2654 ne
2925 2597 3122 2654 dicere
3175 2602 3397 2670 posset,

1740 2687 1905 2760 quod
1934 2693 2340 2761 praeceptorem
2368 2693 2574 2744 nactus
2600 2703 2723 2743 non
2751 2687 2960 2750 fuerat,
2992 2688 3095 2758 qui
3140 2686 3399 2742 volentes

1739 2782 1940 2848 posset
1968 2793 2227 2834 servare.
2277 2781 2346 2832 At
2375 2776 2468 2832 ille
2495 2793 2629 2831 cum
2659 2775 2864 2831 omnia
2888 2776 3016 2830 haec
3043 2779 3398 2830 consecutus

1738 2864 1960 2930 fuisset,
2023 2865 2409 2922 nihilominus
2478 2865 2675 2920 malus
2732 2863 3082 2936 permansit.
3131 2863 3209 2916 Ex
3273 2878 3396 2934 quo

1738 2954 1894 3010 enim
1937 2955 2189 3010 animam
2245 2971 2416 3010 suam
2464 2953 2832 3010 domicilium
2865 2951 3104 3008 diabolo
3152 2950 3390 3021 fecerat,

1739 3045 1984 3100 avaritia
2033 3044 2085 3100 ei
2134 3043 2435 3116 aperiente
2477 3043 2767 3116 illumque
2807 3041 3233 3107 introducente,
3267 3055 3391 3097 non

1737 3131 1946 3202 eﬂ'ugit
1975 3132 2182 3188 scelus.
2218 3132 2382 3187 Unde
2408 3136 2702 3204 tanquam
2743 3147 2866 3187 non
2898 3136 3098 3188 coacte
3151 3131 3258 3186 sed
3287 3146 3393 3187 vo-

1663 3207 1704 3263 C
1735 3223 1987 3278 luntarie
2039 3221 2262 3277 factum
2301 3220 2688 3293 proditorem,
2737 3219 3005 3292 deplorat
3064 3219 3224 3276 hunc
3282 3221 3393 3276 Do-

1733 3311 1941 3378 minus,
1973 3311 2426 3368 commiseratus
2456 3310 2655 3382 potius
2679 3324 2842 3378 eum,
2864 3307 2969 3381 qui
3000 3307 3220 3364 multos
3245 3323 3389 3365 suos

1730 3401 1804 3457 de
1834 3401 2039 3472 inopia
2067 3414 2376 3455 sermones
2425 3398 2648 3454 frustra
2679 3396 2985 3462 audiverit,
3016 3401 3071 3453 et
3093 3413 3221 3453 sese
3251 3413 3388 3453 ava‘

1727 3491 1872 3547 ritiae
1905 3506 1975 3546 ae
2014 3489 2251 3544 diabolo
2284 3486 2452 3544 facile
2481 3486 2847 3559 capiendum
2879 3486 3228 3542 tradiderit:
3262 3502 3384 3543 non

1665 3612 1672 3618 -
1727 3597 1871 3636 sane
1901 3580 1978 3636 ob
2003 3577 2387 3634 inefﬁcaciam
2437 3577 2758 3633 verborum
2791 3580 3194 3648 prteceptorns,
3246 3592 3383 3648 quis

1726 3675 1781 3725 et
1805 3670 2152 3742 publicanos
2195 3671 2562 3724 attraxerunt
2613 3670 2669 3722 et
2702 3666 3062 3728 meretrices,
3119 3664 3223 3721 sed
3253 3680 3386 3737 prc-

1723 3765 1856 3832 pter
1876 3759 2030 3815 illius
2063 3757 2373 3828 segnitiem
2403 3760 2460 3812 et
2483 3754 2790 3811 malitiam.

1795 3995 2012 4050 Verum
2043 3991 2182 4048 dicit
2209 4007 2413 4047 rursus
2438 3989 2652 4062 aliquis
2681 4011 2699 4042 .-
2729 3989 2786 4046 Si
2808 3988 3041 4045 bonum
3071 3992 3198 4044 erat
3215 3989 3382 4044 Judaa

1724 4084 1772 4138 si
1795 4087 1970 4139 natus
2027 4097 2149 4136 non
2204 4080 2426 4143 fuisset,
2479 4094 2584 4134 cur
2646 4094 2785 4134 eum
2832 4077 2998 4134 nasci
3048 4078 3320 4150 permisit
3350 4077 3379 4133 ?

1723 4173 1873 4239 Quia
1901 4185 2024 4227 non
2054 4168 2253 4225 malus
2277 4172 2456 4225 natus
2480 4172 2585 4237 est,
2611 4167 2718 4223 sed
2743 4167 2961 4224 mentis
3005 4166 3270 4238 nequitia
3309 4182 3380 4222 ac

1721 4259 2040 4317 voluntatis
2086 4257 2379 4329 pravitate
2444 4256 2642 4312 malus
2687 4255 2928 4311 etlectus
2980 4258 3108 4312 est:
3143 4253 3376 4308 nullum

1721 4353 1918 4406 autem
1949 4348 2106 4417 cogit
2146 4345 2531 4410 ﬁeribonum,
2561 4359 2633 4398 ne
2657 4342 3052 4398 involuntarie
3068 4341 3378 4404 sithonus,

1722 4439 1828 4494 sed
1858 4436 2142 4494 salutaria
2171 4434 2452 4505 suggerit,
2483 4438 2540 4488 et
2566 4448 2636 4488 ea
2657 4431 2970 4500 eligentem
3004 4429 3327 4501 coadjuvat
3359 4447 3377 4483 :

71 4514 213 4570 μθτά
250 4524 490 4590 σωτήρια,
539 4526 636 4574 καί
681 4531 914 4596 συνεργεῖ
957 4532 1029 4594 τῷ
1074 4527 1358 4600 αἱρουμένῳ
1407 4535 1605 4580 ταῦτα·

75 4611 151 4620 -.-ν
277 4612 294 4620 -
373 4604 404 4620 ι.
542 4615 550 4620 .
662 4613 679 4620 -
828 4616 845 4620 _
1154 4619 1160 4620 ,
1306 4617 1315 4620 _
1384 4617 1409 4620 _-

1816 4526 2004 4583 'mittit
2028 4530 2228 4582 autem
2261 4535 2750 4593 unumquemque
2777 4519 2912 4574 ferri
2937 4535 3060 4591 quo
3099 4517 3373 4586 voluerit,

72 4611 294 4676 συγχωρεῖ
358 4604 416 4662 δε
490 4613 743 4684 φέρεσθαι
820 4616 1059 4679 ἕκαστον,
1137 4619 1206 4678 ὡς
1255 4617 1608 4685 αὐτεξούσιον,

72 4685 162 4776 fiat!
202 4687 456 4759 βούλοιτο·
519 4704 614 4752 καὶ
655 4702 680 4751 ό
732 4698 935 4762 Ἰούδας
989 4707 1179 4769 τοίνυν,
1255 4704 1348 4756 οὐκ
1428 4703 1607 4764 ἐπειδή

71 4779 281 4869 ῆδῦνῂθη,
351 4791 528 4858 γέγονε
598 4793 778 4856 κακὸς,
867 4789 995 4843 ἀλλὰ
1053 4789 1233 4851 ἕπειδὴ
1321 4793 1611 4869 ἐρρᾳθύμει-

169 4865 462 4958 (9)-Διπλῆς
518 4873 580 4929 δὲ
645 4879 692 4928 οι
748 4881 1008 4951 γινόμενοι
1068 4885 1286 4954 πονηροὶ
1345 4865 1611 4945 κολάσεως

71 4966 190 5046 fit“,
231 4953 359 5013 διότι
403 4983 457 5017 τε
495 4969 750 5037 γεγόνασι
796 4974 1036 5044 πονηροί,
1085 4975 1175 5022 καὶ
1223 4967 1364 5024 διότι
1411 4974 1465 5025 ἐκ
1509 4981 1610 5025 τῶν

71 5044 232 5105 Τίαθῶν
272 5050 359 5102 οὐκ
388 5053 766 5126 ὠφελήθησαν
799 5058 990 5128 ὁμοίως
1037 5054 1097 5112 δι
1125 5063 1214 5112 καὶ
1263 5062 1312 5112 οἱ
1352 5066 1610 5135 γινόμενοι

1723 4624 1923 4689 utpote
1941 4615 2192 4672 liberum
2213 4612 2536 4668 habentem
2552 4609 2884 4666 arbitrium.
2909 4612 2972 4664 Et
2990 4607 3017 4662 J
3029 4606 3178 4662 udas
3211 4623 3373 4679 ergo,

1721 4721 1841 4761 non
1886 4705 2030 4778 quia
2086 4709 2261 4760 natus
2281 4706 2388 4768 est,
2429 4699 2626 4756 malus
2653 4697 2896 4755 eﬂ‘ectus
2927 4703 3032 4763 est,
3082 4695 3186 4752 sed
3225 4695 3374 4768 quia

1721 4795 1963 4864 ignavia
1994 4791 2360 4865 torpuit.Qui
2385 4795 2586 4847 autem
2619 4787 2760 4844 mali
2789 4787 3144 4853 efﬁciuntur,
3177 4784 3371 4857 dupli-

1721 4900 1850 4939 cem
1898 4887 2198 4953 merentur
2239 4881 2564 4937 ultionem:
2599 4883 2656 4934 et
2685 4877 2830 4950 quia
2858 4877 3002 4933 mali
3040 4875 3177 4933 facti
3209 4879 3370 4940 sunt,

1721 4976 1778 5029 et
1803 4972 1952 5044 quia
1981 4987 2018 5028 a
2044 4971 2222 5028 bonis
2248 4969 2474 5026 nullam
2491 4971 2775 5040 ceperunt
2804 4965 3137 5032 utilitatem,
3161 4964 3375 5023 Simili-

1721 5067 1805 5118 ter
1834 5066 1891 5118 et
1919 5061 2018 5133 qui
2046 5060 2193 5117 boni
2237 5059 2588 5124 efﬁciuntur,
2630 5055 2850 5130 duplici
2887 5055 3054 5128 digni
3101 5059 3242 5112 sunt
3268 5054 3374 5112 ho-

1229 5203 1456 5274 Variee
1495 5204 1823 5278 lectiones
1859 5214 1927 5273 et
1944 5213 2150 5273 notm.

67 5319 438 5445 Ὕαὲζιτριϐλίον
459 5350 474 5363 ο
512 5331 828 5415 σκουτίλιον,
857 5333 1152 5420 ὀξυϐάφων,
1188 5337 1376 5422 Gloss.
1411 5340 1606 5411 Cyrill.

74 5429 82 5436 .
119 5415 142 5440 ο
213 5415 292 5445 ον’
319 5403 616 5445 nonnum
672 5406 917 5445 [suumn
990 5407 1173 5445 ἰηιιΑη
1226 5409 1331 5445 Vua
1397 5413 1583 5445 um...

68 5403 292 5447 τονςλιονο
319 5403 639 5461 σκοπέλων.
672 5405 941 5472 Lexicon,
988 5403 1192 5463 incdit.
1226 5409 1356 5465 Vid.
1397 5403 1607 5468 Meurs.

68 5449 376 5548 Glossarium
419 5475 992 5550 greco-Barbarum
1035 5494 1093 5550 p.
1134 5483 1257 5536 510.
1303 5483 1613 5540 Erotianus

67 5545 268 5618 Z‘f‘ji‘f’
289 5561 300 5572 ’
327 5545 584 5618 τρυϐλίοντ

71 5610 519 5744 Ρῒξζιέᾆνξῗλίῑῐὶι
558 5617 706 5674 Cod.
746 5623 811 5675 Α.
846 5620 976 5676 Mox
1004 5619 1164 5677 idem
1191 5621 1296 5679 dat
1320 5623 1614 5695 αύξάνοντι,

1787 5338 1864 5410 (5)
1898 5341 1983 5395 Μὴ
2015 5339 2323 5410 γεννηθῆναι
2343 5335 2470 5398 ὅλως
2498 5333 2716 5392 omittit
2751 5331 2968 5390 COd.A.

1815 5408 1870 5474 6)
1900 5413 1978 5474 Δέ,
2006 5408 2223 5463 omittit
2249 5409 2308 5461 Β.

1815 5477 1871 5550 7)
1904 5485 2026 5545 Καί,
2059 5482 2195 5550 post
2219 5480 2296 5529 ὅτι
2325 5477 2544 5534 omittit
2572 5477 2707 5534 Cod.
2742 5482 2804 5530 Δ.

1819 5551 1874 5613 8)
1901 5550 2092 5613 Ἀκων,
2118 5555 2174 5605 Β.

1797 5551 1851 5622 (8
1901 5551 2092 5613 Ἀκων,
2118 5555 2174 5605 Β.

1797 5551 1879 5694 (θζ
1902 5622 2253 5694 Ἐρᾳθύμησε,
2284 5620 2424 5676 Cod.
2459 5624 2525 5676 Α.
