3904 6210
483 271 587 327 663

1833 256 2177 315 EUTHYMII
2217 254 2548 312 ZIGABENI
3650 264 3720 318 cm

484 410 652 465 nore,
693 397 748 451 et
773 394 908 467 quia
930 392 1071 449 boni
1094 390 1236 448 facti
1254 393 1412 460 sunt,
1434 392 1492 448 et
1506 388 1647 462 quia
1669 384 1891 445 amatis
1910 383 2143 441 nullum

2260 380 2466 453 ἁγαθοὶ,
2508 377 2698 442 διπλῆς
2742 380 2874 434 εἰσιν
2915 380 3055 444 ἄξιοι
3083 388 3256 453 τιμῆς,
3301 376 3493 435 διότιτε
3523 389 3721 455 γεγόνασιν

487 486 942 557 reportaverunt
973 481 1288 538 damnum.

560 682 718 735 Vers.
737 678 828 736 25.
860 678 1237 747 Respondens
1255 708 1324 717 —
1346 674 1527 733 Rabbi
1555 675 1583 731 ?
1610 676 1652 731 Ο
1670 672 2109 745 impudentiam
2130 670 2141 726 l

488 770 815 838 interrogat
876 770 1110 823 tentans
1165 765 1399 821 interim
1457 765 1637 820 latere
1701 762 2050 835 discipulos.
2101 762 2147 815 Α

491 858 783 929 principio
829 856 1121 926 siquidem
1147 871 1267 909 non
1299 853 1681 921 interrogavit
1718 852 1967 923 quando
2008 850 2152 907 dixit

493 946 754 1002 Christus
816 962 827 1000 :
879 946 1035 1001 Unus
1081 958 1149 999 ea:
1193 944 1395 1012 vobis;
1442 941 1695 1014 putabat
1755 941 1914 995 enim
1975 940 2149 994 latere

492 1040 917 1106 praeceptorem
943 1050 957 1099 ;
985 1032 1087 1088 ubi
1106 1048 1239 1087 vero
1257 1031 1542 1087 indicium
1570 1029 1818 1094 addidit,
1840 1030 2001 1085 novit
2022 1029 2150 1099 jam

494 1124 660 1197 quod
690 1123 965 1192 cognitus
995 1126 1149 1178 esset
1181 1138 1195 1188 ;
1231 1122 1332 1177 sed
1366 1120 1588 1177 cmteris
1620 1116 2146 1188 interrogantibus,

491 1216 817 1284 interrogat
849 1218 905 1269 et
929 1213 1080 1285 ipse,
1118 1211 1425 1267 conﬁdens
1464 1210 1538 1265 de
1565 1209 1951 1281 praeceptoris
1990 1206 2152 1264 beni-

496 1304 735 1374 gnitate,
770 1301 936 1374 quod
967 1301 1171 1373 palam
1216 1316 1354 1356 eum
1392 1299 1641 1355 omnino
1672 1313 1795 1354 non
1822 1301 2092 1370 argueret
2133 1314 2147 1363 ;

494 1392 631 1449 ideo
661 1406 903 1463 quoque
939 1388 1130 1446 Rabbi
1160 1389 1327 1445 illum
1358 1392 1546 1456 vocat,
1573 1387 1688 1443 hoc
1717 1392 1804 1444 est
1850 1387 2147 1459 magister.

567 1586 729 1642 Vers.
762 1586 850 1641 25.
887 1585 1044 1641 Dicit
1074 1583 1171 1640 illi
1204 1598 1217 1637 ε
1255 1585 1341 1639 Tu
1368 1583 1602 1640 dixisti.
1638 1582 1777 1638 Vide
1824 1598 2012 1655 quam
2043 1581 2155 1638 cle-

495 1680 727 1731 menter
751 1678 964 1744 arguat
984 1689 1142 1739 eum,
1173 1673 1457 1730 terminos
1475 1673 1650 1729 nobis
1672 1688 1744 1728 ac
1759 1673 1995 1745 regulas
2024 1673 2154 1730 lon-

2256 470 2461 543 ἁγαθοὶ,
2514 475 2604 524 καὶ
2656 467 2799 524 διότι
2840 470 2935 523 οὐκ
2991 470 3107 543 (l0)
3162 468 3213 522 ἐκ
3258 478 3347 522 τῶν
3393 482 3588 544 πονηρῶν
3629 474 3726 527 ἐϐλά-

2256 562 2319 620 ϐη
2329 581 2446 615 σαν.

2328 652 2655 725 Ἀποκριθεὶς
2710 680 2781 692 -
2857 647 3075 715 Ῥαϐϐί;
3149 648 3218 701 Ὠ
3261 657 3346 711 τῆς
3405 648 3725 722 ἁναισχυντίαςὶ

2258 739 2440 815 ἐρωτᾷ,
2506 741 2675 793 λαθεῖν
2723 743 2845 801 τοὺς
2908 740 3148 811 μαθητὰς
3196 742 3312 800 τέως
3359 746 3633 812 πειρώμενος.
3675 742 3730 804 Ἐξ

2260 828 2437 905 ἀρχῆς
2483 834 2572 902 μὲν
2615 832 2715 902 γὰρ
2757 829 2849 882 οὐκ
2904 830 3193 902 ἠρώτησεν,
3238 830 3362 880 ότεό
3398 833 3587 903 Χριστὸς
3612 828 3725 882 εἷπενσ

2260 920 2343 980 Εἷς
2390 918 2441 982 ἐξ
2479 921 2640 991 ὑμῶν.
2696 918 2846 990 ’ᾩετο
2891 921 2991 993 ’γὰρ
3033 920 3107 970 ἔτι
3148 918 3395 971 λανθάνειν
3433 922 3507 969 τόν
3544 915 3730 971 διδάσκα-

2259 1008 2364 1063 λον.
2430 1006 2550 1061 Ὀτε
2634 1004 2693 1060 δὲ
2776 1013 2865 1060 καὶ
2929 1010 3241 1081 παράσημον
3299 1008 3587 1079 προσέθηκεν,
3632 1010 3727 1078 ἔγνω,

2260 1100 2339 1150 ὅτι
2392 1094 2725 1169 διέγνωσται,
2783 1102 2872 1149 καὶ
2918 1096 3116 1163 λοιπὸν,
3166 1104 3263 1149 τῶν
3325 1095 3467 1147 ἀλλων
3518 1096 3733 1170 ipsine-aia-

2260 1206 2379 1253 των,
2431 1185 2595 1259 ἐρωτᾷ
2642 1192 2730 1239 καὶ
2759 1186 2925 1252 αὐτὸς,
2989 1184 3188 1261 θαρῥών
3225 1193 3314 1257 τῇν
3357 1184 3565 1257 ἐπιεικείᾳ
3587 1192 3653 1236 τοῦ
3685 1181 3734 1235 δι-

2262 1272 2552 1341 δασκάλου,
2612 1278 2693 1329 ὃτι
2735 1278 2936 1336 πάντως
2985 1274 3079 1327 οὐκ
3128 1274 3313 1346 ἐλέγξει
3355 1270 3585 1347 προδήλως
3620 1274 3735 1325 αὐτόν.

2260 1368 2355 1418 Διά
2420 1373 2572 1418 τοῦτο
2636 1367 2737 1438 γὰρ
2782 1369 2872 1417 καὶ
2932 1362 3109 1417 Ῥαϐϐὶ
3172 1371 3343 1417 τοῦτον
3386 1362 3598 1428 ἐκάλεσεν,
3648 1366 3733 1425 ἤτοι,

2261 1450 2606 1509 διδάσκαλον.

2334 1566 2486 1634 Λέγει
2553 1560 2715 1632 αὐτῷ,
2784 1564 2850 1614 Σὺ
2915 1557 3081 1623 εἶπας.
3150 1559 3306 1634 Ὀρα,
3377 1566 3474 1618 πῶς
3518 1556 3739 1619 ἀνεξικάκως

2263 1651 2416 1704 αὐτὸν
2474 1650 2700 1723 ἐλέγχει,
2747 1652 2897 1721 ὅρους
2944 1652 3068 1721 ἡμῖν
3108 1654 3199 1701 καὶ
3244 1653 3443 1711 κανόνας
3479 1648 3743 1721 μακροθυμίας

495 1733 868 1835 ganimitatis
917 1733 1283 1818 describens.
1336 1763 1428 1818 Ait
1455 1762 1614 1817 enim
1640 1778 1653 1817 :
1684 1764 1764 1817 'l‘u
1812 1733 2063 1818 tastatus
2094 1778 2144 1817 es

2262 1744 2477 1811 πηγνύς.
2512 1745 2648 1799 Φησὶ
2686 1742 2810 1814 γὰρ,
2857 1743 2924 1791 Σὺ
2980 1740 3221 1806 κατέθου,
3274 1739 3349 1790 ὅτι
3400 1740 3456 1790 σὺ
3501 1733 3551 1789 εἰ.
3599 1742 3741 1808 Ilipa:-

496 1858 549 1909 te
597 1867 750 1909 esse.
799 1851 1136 1907 Auferendo
1182 1850 1367 1917 enim,
1414 1851 1731 1923 Numquid,
1762 1850 2150 1923 relinquitur;

493 1941 620 2012 Ego
644 1957 773 1997 sum
801 1941 1006 2005 Rabbi,
1055 1940 1221 2013 quod
1251 1939 1679 2012 depositionem
1709 1955 1779 1996 ac
1833 1940 2155 1997 confessio-

493 2045 635 2086 nem
694 2030 1003 2099 signiﬂcat.
1056 2030 1314 2086 Christus
1346 2029 1547 2101 itaque
1578 2029 1722 2084 nihil
1773 2029 2152 2102 praetermisit

495 2135 701 2176 eorum
715 2134 853 2191 qua;
866 2121 943 2175 ad
970 2119 1397 2174 correctionem
1420 2122 1692 2190 spectant
1723 2136 1737 2174 :
1758 2118 1832 2174 ob
1862 2119 1976 2175 hoc
1992 2120 2150 2175 enim

493 2206 1201 2278 diversimodesuggessit
1230 2223 1299 2262 ac
1338 2206 1594 2271 retinuit,
1624 2212 1679 2263 et
1714 2223 1819 2280 per
1864 2224 2048 2280 opera
2096 2213 2153 2264 et

494 2313 596 2369 per
658 2312 986 2361 sermones,
1051 2312 1156 2367 per
1195 2298 1472 2353 timorem
1511 2301 1569 2351 et
1619 2312 1725 2368 per
1769 2297 2148 2370 obsequium.

495 2386 788 2453 Quoniam
820 2401 957 2441 vero
978 2384 1127 2441 nihil
1152 2384 1318 2440 illum
1344 2386 1422 2441 ab
1452 2386 1802 2455 aegritudine
1828 2387 2147 2453 revocavit,

495 2476 604 2533 sed
637 2477 869 2547 penitus
898 2474 1243 2531 incurabilis
1294 2476 1651 2547 permansit;
1689 2492 1760 2532 eo
1785 2476 1917 2547 jam
1944 2476 2147 2534 relicto

495 2565 687 2639 pergit
710 2565 789 2624 ad
818 2569 1045 2621 caatera.

839 2689 995 2746 CAP.
1028 2689 1213 2745 LXIV.
1251 2690 1338 2746 De
1364 2704 1516 2746 cana
1537 2689 1808 2760 mystica.

563 2800 726 2855 Vers.
759 2800 848 2855 26.
880 2798 1203 2855 Edentibus
1222 2828 1293 2839 —
1321 2813 1537 2865 corpus
1562 2812 1775 2854 meum.
1828 2800 2148 2871 Postquam

489 2886 673 2959 legale
688 2887 913 2960 pascha
924 2886 1350 2956 comedissent,
1366 2885 1810 2943 discumbentes
1828 2888 2150 2945 cosnabant

491 2982 557 3033 ut
593 2977 943 3049 prmdictum
992 2980 1080 3032 est
1110 2994 1126 3045 ;
1156 2975 1372 3031 deinde
1423 2991 1561 3031 cum
1603 2977 1951 3034 surrexisset
2006 2977 2149 3034 lavit

491 3066 675 3138 pedes
728 3080 957 3134 eorum,
1011 3069 1077 3122 ut
1125 3065 1207 3122 ait
1261 3066 1521 3122 Joannes
1567 3067 1637 3131 η,
1688 3069 1747 3121 et
1778 3081 1976 3121 rursus
2033 3067 2217 3144 dis-c

491 3153 838 3211 cumhentes
898 3154 1175 3212 edebant.
1252 3153 1645 3211 Postmodum
1717 3172 1953 3213 caenam
2019 3174 2148 3232 my-

491 3244 700 3300 sticam
766 3243 1007 3301 tradidit
1090 3243 1323 3301 interim
1396 3243 1726 3317 discipulis.
1804 3247 2145 3312 Edentibus,

490 3333 687 3406 inquit
736 3332 873 3401 illis,
938 3338 1176 3405 sumpto
1221 3348 1394 3406 pane,
1443 3334 1548 3406 qui
1613 3334 1887 3392 videlicet
1961 3353 2152 3410 appo-

492 3425 643 3480 situs
665 3428 809 3491 erat,
837 3426 940 3479 aut
964 3423 1149 3480 altero
1177 3423 1283 3495 qui
1305 3422 1575 3478 similiter
1604 3424 1655 3479 ei
1685 3430 1979 3496 tanquam
2018 3442 2149 3483 ma-

492 3513 677 3586 gistro
725 3517 851 3569 erat
893 3512 1228 3585 appositus,
1285 3510 1456 3583 fregit
1507 3512 1630 3567 sive
1660 3514 2033 3579 comminuit,
2092 3521 2146 3572 et

493 3601 735 3659 tradidit
759 3600 890 3657 illis.
914 3600 1105 3656 Lucas
1137 3614 1279 3655 vero
1314 3604 1638 3671 postquam
1682 3601 1919 3672 scripsit
1972 3620 1985 3658 :
2016 3604 2147 3660 Hoc

493 3694 573 3746 est
607 3705 821 3758 corpus
849 3704 1056 3759 meum,
1095 3686 1328 3745 addidit
1358 3706 1375 3744 :
1406 3687 1581 3755 Quod
1608 3704 1718 3759 pro
1748 3690 1907 3746 vobis
1936 3690 2140 3759 datur,

491 3778 611 3833 sive
634 3780 900 3834 traditur
920 3778 984 3833 in
1015 3784 1260 3834 mortem
1287 3779 1360 3833 ὀ.

561 3866 691 3936 Egit
718 3870 918 3922 autem
944 3865 1165 3936 gratias
1190 3872 1245 3921 et
1273 3881 1434 3922 nunc
1465 3870 1601 3923 ante
1625 3883 1869 3941 panem,
1898 3874 1953 3927 et
1979 3875 2143 3943 post-

486 3954 740 4012 modum
765 3960 902 4011 ante
923 3953 1208 4026 poculum
1234 3972 1247 4008 :
1274 3954 1499 4011 docens
1527 3957 1691 4028 quod
1713 3958 1937 4028 gratias
1966 3976 2142 4031 agere

487 4050 720 4118 oportet
749 4049 886 4101 ante
916 4043 1265 4115 hujusmodi
1300 4045 1679 4117 mysterium,
1725 4048 1883 4120 quod
1924 4050 2144 4121 perfec-

487 4140 614 4192 tum
632 4139 720 4191 est
746 4136 821 4191 ad
838 4135 1250 4208 praestandum
1270 4141 1498 4191 naturae
1522 4141 1738 4191 nostrae
1765 4138 2139 4197 beneficium.

489 4225 547 4282 Si
577 4225 737 4281 enim
778 4226 918 4295 agni
942 4224 1242 4294 ﬁgurativi
1272 4224 1606 4281 immolatio
1633 4225 1711 4281 ab
1739 4225 2141 4287 interfectione

485 4315 919 4382 liberationem,
948 4319 1004 4371 et
1032 4314 1363 4371 aservitute
1389 4315 1721 4372 libertatem
1750 4318 1972 4374 Judteis
2000 4336 2143 4391 praa-

2261 1834 2511 1906 ρουμένου
2562 1828 2663 1903 γὰρ
2720 1836 2813 1882 τοῦ
2858 1833 3009 1901 μήτε,
3053 1832 3110 1880 τὸ
3166 1829 3301 1899 Ἐγώ
3354 1827 3449 1898 εἰμι
3471 1823 3630 1887 Ῥαϐϐὶ,
3652 1841 3742 1893 περι·

2262 1919 2509 1985 λείπεται,
2565 1920 2847 1971 κατάθεσιν
2896 1923 2986 1970 καί
3032 1916 3303 1989 ὁμολογίαν
3350 1914 3572 1988 ἐμφαῖνον.
3614 1912 3656 1964 Ὀ

2263 2006 2351 2062 οὖν
2412 2012 2638 2080 Χριστός
2704 2003 2856 2060 οὐδὲν
2921 2006 3196 2080 παρέλειψε
3272 2014 3365 2058 τῶν
3423 2004 3480 2064 εἰς
3544 1998 3745 2076 διόρθωσιν

2266 2102 2643 2152 συντεινόντων.
2704 2100 2797 2149 Διὰ
2852 2104 3003 2149 τοῦτο
3072 2098 3173 2170 γὰρ
3232 2100 3319 2147 καὶ
3365 2091 3583 2164 διαφόρως
3627 2091 3747 2158 limpi-

2262 2206 2480 2260 μνησκε,
2514 2191 2603 2238 καὶ
2628 2193 2858 2257 κατεῖχε,
2898 2190 2988 2237 καὶ
3019 2181 3054 2237 δ
3060 2185 3092 2234 ι’
3122 2187 3303 2257 ἔργων,
3332 2186 3413 2235 καὶ
3435 2178 3515 2234 διὰ
3533 2179 3670 2249 λογων,
3689 2180 3745 2226 καὶ

2264 2273 2356 2329 διὰ
2400 2275 2578 2349 φόϐου,
2628 2280 2715 2327 καὶ
2748 2272 2842 2327 διὰ
2873 2276 3164 2347 θεραπείας,
3196 2277 3290 2325 καὶ
3320 2269 3409 2326 διὰ
3452 2271 3630 2323 πάντων.
3656 2266 3747 2316 Ἐπεὶ

2264 2362 2323 2419 δε
2349 2362 2499 2418 οὐδὲν
2527 2365 2681 2417 αὐτὸν
2714 2364 2912 2437 ἀφίστα
2933 2383 3024 2416 του
3053 2368 3367 2436 νοσήματος,
3409 2365 3489 2412 καὶ
3508 2358 3745 2411 παντάπασιν

2261 2456 2465 2515 ἀνίατος
2537 2456 2695 2527 ἔμενε,
2761 2453 2937 2507 λοιπὸν
2998 2451 3183 2506 ἐκεῖνον
3244 2451 3404 2525 ἀφεὶς,
3463 2448 3534 2502 ἐπὶ
3578 2447 3625 2496 τὰ
3664 2441 3748 2503 (iis

2260 2548 2521 2619 τρέπεται.

2584 2692 2730 2743 ΚΕΦ.
2750 2684 2858 2739 ΞΔ’.
2894 2690 3019 2759 Περὶ
3041 2680 3259 2739 δείπνου
3288 2688 3526 2758 μυστικοῦ

2329 2794 2633 2849 Ἐσθιόντων
2662 2822 2734 2834 --
2765 2794 2916 2866 σῶμά
2945 2812 3065 2865 μου.
3100 2795 3252 2846 Μετὰ
3277 2795 3333 2845 τὸ
3361 2795 3515 2863 φαγεῖν
3536 2788 3583 2838 τό
3606 2782 3748 2855 νομικὸν

2260 2887 2480 2955 Πάσχα,
2562 2883 2953 2945 κατακλιθέντες
3011 2879 3303 2945 ἑδείπνουν,
3370 2883 3432 2942 ὡς
3498 2879 3751 2950 προείρηταιι

2260 2970 2371 3025 εἶτα
2423 2971 2647 3033 ἀναστὰς
2695 2973 2804 3044 (Η)
2854 2972 2994 3043 ἓνιψε
3048 2975 3170 3032 τοὺς
3222 2966 3388 3030 πόδας
3428 2976 3515 3019 τῶν
3563 2965 3751 3037 μαθητῶν,

2258 3062 2327 3123 ὡς
2374 3063 2400 3113 ό
2451 3062 2686 3122 Ἰωάννης
2742 3067 2892 3134 φησὶ,
2924 3065 3014 3113 καὶ
3071 3057 3224 3122 αὖθις
3268 3059 3570 3114 ἀναπεσόντες
3603 3050 3755 3109 ἧσθισνσ

2258 3154 2434 3204 ἔπειτα
2489 3151 2682 3224 μεταξὺ
2736 3147 3008 3224 παρέδωκε
3062 3154 3122 3203 τό
3180 3151 3431 3223 μυστικὸν
3480 3142 3647 3198 δεῖπνον
3689 3141 3758 3191 τοῖς

2257 3244 2537 3315 μαθηταῖς.
2618 3241 2927 3295 Ἐσθιόντων
2986 3242 3107 3314 γὰρ,
3179 3244 3361 3313 φησὶν,
3433 3236 3595 3300 αὐτῶν,
3646 3224 3759 3279 λαβὼν

2257 3333 2431 3407 ἄρτον,
2489 3327 2697 3389 δηλαδὴ
2753 3333 2840 3383 τὸν
2878 3334 3258 3403 παρακείμενον
3308 3328 3461 3397 αὐτῷ,
3490 3328 3517 3382 ἦ
3551 3318 3756 3384 καὶέτ⁶Ρ⁰⁷

2259 3425 2756 3494 συμπαρακεὶμενον,
2843 3422 2907 3480 ὡς
2972 3415 3311 3491 διδασκάλῳ,
3397 3414 3600 3475 ἔκλασεν,
3650 3407 3757 3458 sint”

2260 3510 2567 3586 συνέθρυψε,
2584 3514 2672 3562 καὶ
2694 3505 2979 3582 μετέδωκεν
2997 3508 3198 3571 αὐτοῖς.
3222 3508 3283 3560 '0
3307 3504 3366 3560 δε
3388 3507 3574 3562 Λουκᾶς
3584 3494 3755 3587 γραίας

2254 3608 2417 3654 Τοῦτο
2484 3598 2595 3651 ἐστι
2657 3602 2715 3651 τό
2786 3601 2937 3670 σῶμά
3024 3618 3125 3671 μου
3208 3598 3350 3669 (12),
3416 3589 3675 3669 προσέθηκε,
3720 3595 3759 3675 το

2254 3690 2379 3761 ὑπὲρ
2458 3689 2599 3761 ὑμῶν
2667 3684 2962 3760 διδόμενον,
3039 3690 3225 3758 ἤγουν,
3304 3676 3671 3758 παραδιδόμενον
3718 3684 3759 3722 εις

2256 3780 2490 3832 θάνατον.

2326 3876 2706 3949 Ηύχαρίστησε
2763 3870 2823 3927 δε
2887 3880 2974 3925 νῦν
3031 3875 3120 3945 μεν
3169 3875 3276 3946 πρὸ
3331 3877 3424 3924 τοῦ
3488 3868 3641 3939 ἄρτου,
3678 3872 3762 3951 μετ’εἰ

2252 3966 2405 4019 τόῠτο
2438 3963 2495 4018 δὲ
2542 3970 2631 4017 καὶ
2682 3967 2782 4038 πρὸ
2828 3970 2918 4015 τοῦ
2948 3966 3229 4037 ποτηρίου,
3292 3956 3569 4024 διδάσκων,
3614 3952 3762 4038 ὅτίλῖδ·

2251 4063 2529 4129 χαριστεῖν
2578 4051 2662 4107 δεῖ
2706 4056 2805 4125 πρὸ
2868 4060 2960 4104 τοῦ
3021 4054 3261 4105 τοιούτου
3318 4050 3614 4123 μυστηρίου,
3652 4035 3767 4131 τ⁶λ⁰²ἶ

2252 4128 2403 4217 μένου
2448 4148 2573 4218 πρὸς
2626 4143 2918 4219 εὐεργεσίαν
2972 4150 3065 4202 τῆς
3123 4143 3275 4212 ἡμῶν
3328 4142 3537 4212 φύσεως,
3574 4128 3763 4221 Εἰ

2252 4242 2341 4287 τοῦ
2387 4241 2608 4286 τυπικοῦ
2654 4233 2816 4304 ἀμνοῦ
2871 4233 3032 4283 θυσία
3089 4234 3177 4282 καὶ
3236 4228 3572 4303 ὀλοθρεύσεως
3612 4218 3772 4270 ἀπαλη

2251 4330 2371 4397 γὴν,
2425 4328 2515 4376 καὶ
2564 4319 2801 4383 δουλείας
2863 4319 3146 4394 ἐλευθερίαν
3210 4325 3321 4379 τοῖς
3375 4315 3611 4389 Ἑϐραίοις
3652 4305 3772 4376 ἐχαρι·

488 4406 648 4469 stitit,
666 4410 893 4479 quanto
913 4406 1149 4476 majora
1165 4403 1461 4475 prmstabit
1486 4405 1828 4461 Christianis
1850 4407 1971 4465 veri
1992 4410 2141 4480 Agni

2260 4433 2404 4479 σατο,
2436 4412 2604 4483 πολλῷ
2644 4410 2833 4481 μᾶλλον
2863 4412 2901 4468 i1
2933 4417 3024 4462 τοῦ
3054 4399 3309 4467 axioma
3339 4414 3447 4468 τοῖς
3487 4398 3775 4477 Χριστιανθῖς”

488 4494 838 4551 immolatio.
866 4494 1048 4551 Simul
1072 4494 1249 4550 etiam
1283 4493 1619 4559 ostendens,
1647 4495 1807 4567 quod
1838 4496 2142 4554 ultroneus

490 4582 569 4639 ad
598 4583 942 4655 passionem
961 4583 1207 4649 veniret,
1239 4586 1596 4653 etpraaterea
1621 4582 1846 4640 docens
1872 4602 1984 4642 nos
2013 4603 2145 4657 gra-

489 4670 600 4727 tias
630 4686 804 4741 agere
834 4671 897 4725 in
926 4671 1209 4726 omnibus
1237 4686 1373 4742 quia
1398 4670 1678 4743 patimur.

563 4757 723 4814 Sicut
782 4762 982 4813 autem
1031 4758 1285 4829 pictores
1326 4759 1388 4815 in
1441 4775 1564 4816 una
1611 4760 1818 4820 tabula
1874 4768 1930 4821 et
1957 4764 2146 4824 lineas

488 4850 852 4919 supponunt,
890 4851 947 4903 et
988 4846 1252 4919 picturas
1311 4848 1687 4917 adumbrant,
1719 4855 1775 4909 et
1796 4852 2022 4911 colores
2051 4875 2148 4915 su-

486 4936 887 5010 perinducunt
933 4953 1003 4995 ac
1044 4937 1306 4995 formant
1333 4938 1449 4996 :ita
1482 4956 1720 5014 quoque
1776 4941 2042 5003 Christus
2082 4949 2145 5006 in

556 5062 605 5098 ¹⁶
628 5063 797 5118 Joan.
819 5074 945 5131 χιιι,
974 5060 1029 5116 4.
1106 5062 1155 5098 ³ο
1185 5061 1327 5118 Luc.
1353 5077 1494 5129 xxxi,
1534 5066 1625 5121 l9.

2251 4502 2362 4576 ἅμα
2392 4499 2451 4555 δε
2476 4506 2565 4554 καὶ
2614 4497 2880 4564 δεικνύων,
2913 4500 2993 4551 ὅτι
3036 4497 3161 4551 ἑκὼν
3200 4500 3291 4551 ἐπὶ
3333 4499 3392 4548 τὸ
3431 4494 3581 4551 πάθος
3606 4491 3775 4582 ἔρχεταξν

2252 4597 2341 4645 καὶ
2409 4594 2625 4667 προσέτι
2681 4585 2943 4642 παιδεύων
3007 4589 3168 4660 ἡμᾶς,
3232 4586 3565 4660 εὐχαριστεῖν
3629 4573 3688 4647 ἐφ’
3736 4573 3781 4625 οἱς

2252 4684 2553 4754 πάσχομεν.
3773 4748 3777 4755 3

2322 4771 2521 4845 Ὠσπερ
2555 4766 2614 4823 δὲ
2665 4770 2714 4822 οἱ
2746 4768 3011 4843 ζωγράφοι
3045 4765 3131 4819 ἐπὶ
3172 4771 3269 4817 τοῦ
3317 4762 3476 4817 αὐτοῦ
3515 4763 3696 4814 πίνακος
3726 4764 3786 4800 και

2254 4864 2343 4922 τὰς
2388 4861 2636 4933 γραμμὰς
2687 4858 3022 4910 ὑποτιθέασιν
3090 4854 3205 4927 (13)
3262 4858 3356 4907 καὶ
3424 4847 3786 4937 σκωγραγθῦξτνο

2255 4956 2344 5005 καὶ
2394 4952 2460 5003 τὰ
2506 4954 2767 5023 χρώματα
2812 4945 3147 5000 ἐπιϐάλλουσι
3197 4948 3295 4997 καὶ
3344 4945 3623 5016 μορφοῦσιν
3650 4948 3661 4963 ·
3699 4942 3788 4980 ουτω

1702 5188 1919 5259 Variae
1959 5192 2284 5267 lectiones
2316 5206 2383 5265 et
2411 5206 2616 5264 notae.

547 5357 666 5431 (10)
687 5354 1010 5431 9&x_ha_bet
1029 5354 1163 5413 cod.
1194 5357 1241 5412 A
1280 5358 1419 5431 ante
1445 5355 1630 5431 ἐϐλάϐῃ
1642 5378 1757 5414 σαν.

549 5426 663 5501 (lt)
690 5426 854 5484 Unde
905 5427 1002 5483 hic
1024 5432 1081 5501 et
1109 5442 1296 5501 supra
1348 5427 1425 5484 ad
1455 5426 1695 5486 versum
1722 5432 1811 5499 20,
1856 5430 2079 5495 ἀναστάς
2107 5436 2135 5491 ‘I

475 5500 615 5578 tiam
651 5500 714 5578 in
747 5502 1027 5578 contextu
1054 5500 1303 5578 {cannis
1332 5503 1581 5578 uterque
1618 5503 2133 5578 codex_Euthymii

474 5572 659 5629 habet
685 5570 939 5644 ἐγείρεται
964 5569 1215 5627 :scilicet
1246 5569 1782 5644 exChrjsostomo.
1811 5575 1898 5631 Ita
1946 5569 2129 5643 enim,

475 5644 637 5701 hunc
665 5642 863 5700 locum
880 5643 1293 5715 interpretans,
1318 5642 1542 5711 laudat,
1568 5649 1713 5701 tom.
1737 5647 1881 5715 VIlI,
1908 5663 1970 5720 p.
2002 5642 2125 5717 414,

2246 5369 2289 5423 D
2316 5362 2824 5423 consentientibus
2849 5361 3030 5421 etiam
3055 5362 3377 5420 codicibus
3403 5349 3790 5433 Mosqnensibus

2246 5435 2671 5510 Chrysostomi.

2313 5505 2425 5579 (f2)
2466 5516 2600 5575 Μοῦ,
2634 5505 2849 5579 omittit
2891 5506 2949 5559 Β.
2992 5576 3002 5579 _
3170 5577 3180 5579 _
3535 5575 3546 5579 _
3669 5570 3709 5579 ν

2309 5570 2424 5644 (13δ
2467 5570 2608 5638 Cod".
2636 5582 2682 5635 Α
2707 5577 2957 5633 ﬂuctuat
2987 5576 3137 5633 inter
3162 5577 3492 5644 ἐπιτίθέασι,
3525 5570 3790 5628 ἁποτιθέασιρ

2241 5656 2297 5710 et
2322 5648 2487 5727 quod
2516 5650 2664 5709 nihil
2694 5654 2803 5719 est,
2835 5648 3177 5705 εὐπιτιθέασι.
