3904 6210
142 307 232 363 665
1036 293 1391 355 COMMENT.
1433 291 1504 349 IN
1541 288 1994 348 MATTHEUM.
2034 321 2104 332 —
2134 290 2288 348 CAP.
2321 291 2512 349 XXVI.

3341 292 3448 348 666

147 435 225 484 καὶ
250 431 273 484 ὀ
300 429 497 502 Χριστός
537 427 617 480 έπὶ
657 434 750 488 τῆς
791 425 955 488 αὐτῆς
1002 423 1266 500 τραπέζης
1295 425 1385 474 καὶ
1437 423 1495 473 τὸ
1524 437 1673 473 τυπι-

1853 415 2005 474 idem
2033 431 2246 475 mensa
2273 421 2330 474 et
2357 415 2734 487 figurativum
2774 431 2842 474 ac
2871 413 3184 472 umbratile
3213 415 3446 472 Pascha

141 525 216 572 κὸν
247 524 323 572 καὶ
364 513 565 578 σκιῶδες
613 518 812 588 Πάσχα
863 512 1154 588 ὑπέγραψε,
1200 515 1290 564 καὶ
1327 513 1386 564 τὸ
1432 507 1678 568 ἀληθινὴν

140 614 212 661 καὶ
250 608 410 660 τιλειον
457 607 704 681 προέθηκε
767 605 902 677 (14).
967 608 1067 657 Καὶ
1133 601 1334 674 ἐπείπερ
1407 601 1437 658 ἠ
1501 601 1675 671 σφαγὴ

140 706 213 750 τοῦ
251 704 441 768 νομικοῦ
483 694 641 768 ἀμνοῦ
691 699 786 754 τὴν
841 698 1046 766 σφα-γὴν
1101 698 1193 745 τοῦ
1244 690 1456 762 λογικοῦ
1513 686 1676 762 ἀμνοῦ

138 791 422 862 προεμήνυεν,
469 781 569 837 ἔδει
597 785 794 844 πάντως
825 783 936 856 (15)
979 786 1070 842 τὴν
1114 783 1265 834 σκιὰν
1305 777 1675 851 ἀφανισθῆναι,

138 880 336 947 φανέντος
372 882 456 927 τοῦ
503 873 671 939 ἡλίου,
727 878 816 926 καὶ
858 875 944 926 τὸν
973 875 1133 924 τύπον
1175 871 1546 945 ὑποχωρῆσαι,
1581 876 1678 929 τῆς

139 964 334 1024 ἀληθείας
360 963 564 1022 ἐλθούση
577 982 618 1024 ς.

193 1051 310 1125 [Ἐπὶ
347 1052 448 1124 (Ιϐ)
491 1055 682 1105 τούτων
746 1050 1037 1125 μετάληψις
1106 1053 1195 1123 μεν
1255 1048 1476 1120 λέγεται,
1539 1043 1677 1100 διότι

137 1140 524 1214 μεταλαμϐάνομεν
589 1140 758 1194 αὐτῶν
790 1157 804 1172 '
849 1143 1088 1193 κοινωνία
1147 1135 1226 1208 δε,
1285 1134 1426 1191 διότι
1488 1156 1675 1190 κοινω-

135 1230 284 1304 νοῦμεν
320 1235 392 1284 καὶ
433 1239 501 1301 τῷ
545 1237 763 1305 Χριστῷ
810 1235 900 1283 καὶ
945 1228 1176 1292 ἀλλήλοις
1225 1224 1300 1282 δι’
1350 1227 1539 1294 αὐτῶν,
1586 1232 1677 1280 καὶ

140 1321 370 1391 σύσσωμοι
409 1320 653 1392 γινόμεθα
700 1318 814 1392 (17)
859 1325 1094 1392 Χριστοῦ
1122 1323 1212 1371 καὶ
1250 1316 1376 1390 μέλη
1424 1315 1672 1376 ἀλλήλων.

137 1411 245 1460 ῦῦτε
298 1405 348 1461 δε
393 1409 705 1482 φθείρονται,
769 1411 886 1461 οὔτε
933 1407 1005 1470 εἰς
1057 1403 1329 1480 ἀφεδρῶνα
1383 1415 1675 1481 χωροῦσιν,

133 1496 218 1548 ἀλλ’
257 1497 318 1558 εἰς
361 1499 614 1551 σύστασιν
663 1496 1030 1550 ἀναλίσκονται
1075 1493 1311 1555 οῦσιώδη
1362 1505 1462 1549 τῶν
1516 1516 1676 1570 μετα-

130 1584 453 1658 λαμϐανόντων.
510 1591 614 1640 Καὶ
662 1588 837 1660 ὥσπερ
891 1586 996 1658 οὐχ
1043 1589 1211 1661 ἕτερον
1260 1588 1404 1662 παρὰ
1445 1589 1504 1639 τὸ
1548 1591 1677 1660 πρό-

128 1695 241 1748 τερον
268 1684 404 1748 σῶμα
441 1680 530 1728 καὶ
573 1676 710 1749 αἷμα
751 1683 845 1729 τοῦ
889 1674 1371 1750 μεταλαμϐάνοντος
1423 1681 1675 1748 γίνονται,

1791 504 2167 578 subscripsit,
2199 511 2256 563 et
2283 522 2484 562 verum
2515 521 2587 562 ac
2615 505 2942 577 perfectum
2978 503 3257 577 apposuit
3303 502 3442 575 (bb).

1789 593 1856 649 Et
1884 595 2029 667 quia
2063 595 2256 652 caedes
2296 595 2436 665 agni
2460 594 2661 665 legalis
2697 595 2920 650 caedem
2949 592 3256 649 rationalis
3290 591 3445 663 Agni

1787 681 2223 756 prmﬁgurabat,
2244 683 2557 756 oportebat
2573 685 2818 740 omnino
2839 681 3110 739 umbram
3127 696 3446 737 evanesce-

1785 787 1868 836 re,
1884 778 2204 845 apparente
2225 773 2367 840 sole,
2388 779 2445 830 et
2462 773 2716 841 ﬁguram
2730 772 2957 839 cedere,
2973 771 3326 829 adveniente
3346 784 3442 824 ve-

1785 861 1980 920 ritate.

1856 971 1900 1040 -ι-
1922 969 2144 1026 Dicitur
2162 970 2276 1026 hoc
2308 974 2654 1042 mysterium
2671 969 2847 1024 etiam
2878 967 3274 1040 participatio,
3299 966 3446 1039 quia

1787 1060 2212 1132 participamus
2238 1059 2369 1116 haec
2404 1063 2805 1115 sacramenta.
2846 1057 3064 1113 Dicitur
3090 1061 3146 1112 et
3175 1071 3446 1111 commu-

1785 1147 1907 1213 nio,
1941 1149 2085 1221 quia
2114 1147 2635 1204 communioamus
2664 1152 2722 1203 et
2750 1145 2978 1203 Christo
3009 1149 3066 1200 et
3090 1143 3264 1200 nobis
3292 1142 3444 1199 invi-

1785 1252 1917 1294 cem
1946 1253 2053 1310 per
2085 1253 2156 1294 ea
2184 1254 2197 1293 :
2232 1242 2287 1294 et
2313 1238 2766 1309 incorporamur
2797 1234 3047 1299 Christo,
3081 1238 3136 1289 et
3167 1231 3443 1288 membra

1786 1325 1939 1383 inter
1980 1342 2092 1383 nos
2127 1327 2380 1384 invicem
2431 1326 2733 1382 efﬁcimur.
2776 1328 2903 1382 Non
2930 1327 3132 1380 autem
3173 1337 3446 1378 corrum-

1784 1420 2010 1488 puntnr
2039 1416 2174 1482 ista,
2220 1431 2412 1489 neque
2439 1417 2498 1471 in
2525 1430 2827 1471 secessum
2853 1412 3204 1477 abscedunt,
3247 1411 3353 1468 sed
3383 1411 3444 1468 in

1787 1504 2178 1562 substantiam
2230 1509 2691 1562 coassumuntur
2739 1501 3105 1575 spiritualem
3148 1501 3276 1572 ejus
3342 1501 3444 1574 qui

1787 1594 2120 1667 participat.
2169 1597 2233 1651 Et
2283 1595 2436 1650 sicut
2483 1609 2606 1650 non
2647 1591 2806 1649 aliud
2845 1607 3064 1664 corpus
3096 1594 3152 1646 et
3197 1588 3443 1659 sanguis

1787 1683 1940 1740 ﬁunt
1969 1699 2005 1740 a
2029 1699 2277 1756 corpore
2303 1691 2357 1742 et
2386 1683 2680 1752 sanguine
2705 1682 2834 1754 ejus
2851 1680 2953 1753 qui
2983 1678 3334 1751 participat;
3359 1677 3443 1734 ita

130 1765 256 1825 οὕτως
294 1761 406 1818 οὐδε
450 1765 606 1818 πάλιν
658 1767 822 1840 ἕτερον
882 1773 1034 1839 σῶμα
1090 1770 1180 1819 καὶ
1241 1766 1374 1838 αἷμα
1421 1768 1565 1841 παρὰ
1618 1769 1673 1819 τὸ

1860 1789 2021 1829 rsum
2048 1789 2243 1845 neque
2275 1772 2439 1829 aliud
2470 1787 2688 1844 corpus
2719 1775 2773 1826 et
2803 1768 3156 1839 sanguinem
3187 1767 3443 1823 dicimus

125 1861 195 1906 τοῦ
236 1858 473 1907 Δεσπότου
529 1859 684 1908 τοῦτο
735 1856 848 1928 (18)
895 1874 1075 1928 φαμεν
1129 1862 1294 1909 Τοῦτο
1345 1856 1470 1930 γὰρ,
1524 1859 1674 1927 φησὶ,

125 1947 213 1995 εστι
261 1948 312 1996 τὸ
366 1947 512 2017 σῶμά
568 1965 692 2018 μου.
763 1943 892 2018 [Καὶ
947 1945 1061 2017 (19)
1118 1941 1306 2006 αὖθις·
1359 1951 1524 1998 Τοῦτο
1573 1946 1676 2017 γὰρ

122 2031 212 2084 ἐστι
238 2036 288 2086 τὸ
313 2035 436 2097 αἷμά
481 2035 632 2108 μου.]
671 2034 956 2107 ’Υπερφνής
987 2031 1047 2088 δὲ
1090 2035 1116 2086 ὁ
1157 2033 1326 2106 λόγος.
1371 2033 1432 2086 Εἰ
1477 2030 1536 2086 δι
1587 2037 1677 2086 καὶ

119 2122 139 2172 ὁ
175 2127 311 2194 μέγας
355 2123 624 2187 Borealem;
673 2123 932 2177 ἀντίτυπα
978 2132 1144 2177 ταῦτα
1196 2121 1324 2192 εἷπε,
1392 2123 1521 2177 ἀλλὰ
1573 2127 1676 2200 πρὸ

118 2217 191 2261 τοῦ
215 2211 531 2283 ἀγιασθῆναι,
564 2218 660 2266 καὶ
701 2217 800 2287 πρό
838 2213 931 2266 τοῦ
981 2217 1072 2272 τὴν
1113 2214 1275 2288 χάριν
1303 2212 1494 2267 λαϐεῖν.
1540 2213 1678 2289 Ὅρα

117 2295 179 2360 ᾖ,
216 2309 311 2364 πῶς
353 2301 404 2354 ix
449 2310 550 2355 τῶν
603 2303 740 2355 κατὰ
787 2305 941 2375 φύσιν
989 2301 1037 2355 έν
1085 2310 1193 2366 τοῖς
1236 2303 1362 2375 ὑπὲρ
1403 2305 1557 2376 φύσιν
1591 2325 1674 2376 γι-

119 2391 287 2460 νόμεθα.
317 2394 455 2444 Κατά
486 2394 648 2465 φύσιν
682 2394 772 2464 μὲν
799 2393 924 2466 γὰρ,
966 2393 996 2450 ἠ
1029 2399 1122 2445 τοῦ
1148 2396 1486 2467 προκειμένου
1515 2394 1674 2466 ἄρτου

119 2484 187 2530 καὶ
217 2483 337 2533 οἶνου
364 2479 564 2556 βρῶσις
593 2486 684 2534 καὶ
732 2485 910 2544 πόσις·
951 2483 1076 2557 ὑπὲρ
1115 2484 1235 2534 ύσιν
1276 2478 1352 2548 δε,
1407 2479 1438 2540 ἦ
1483 2485 1676 2535 τούτων

122 2564 306 2639 ἐνέργειά
329 2589 380 2622 τε
423 2575 512 2624 καὶ
539 2567 789 2644 δύναμις.
815 2569 996 2642 ’Ἐνιψε
1034 2568 1094 2624 δὲ
1117 2579 1320 2644 πρῶτον
1349 2575 1467 2634 τοὺς
1511 2568 1678 2633 πόδας

118 2663 195 2707 τῶν
241 2659 490 2730 μαθητῶν,
558 2656 671 2714 εἶτα
726 2663 930 2722 τούτοις
985 2666 1077 2713 τοῦ
1139 2665 1434 2734 μυστηρίου
1491 2664 1676 2716 τούτου

119 2743 377 2815 μετέδωκεν,
407 2750 490 2801 ἱνα
513 2750 784 2823 μάθωμεν,
827 2751 905 2803 ὅτι
933 2754 1043 2826 χρὴ
1074 2759 1278 2825 πρῶτον
1306 2753 1676 2826 καθαίρεσθαι,

116 2829 203 2887 ιῖτα
225 2837 639 2912 μεταλαμϐάνειν.

163 3047 402 3126 ’Δνθρακα
453 3053 570 3126 ('20)
630 3049 764 3107 εἶδεν
810 3053 1051 3117 Ἠσαίας⁸
1103 3054 1301 3130 ἄνθραξ
1352 3051 1430 3127 δὲ,
1476 3055 1536 3109 οὐ
1582 3056 1672 3120 ξύ-

107 3134 173 3188 λον
229 3138 361 3193 ἱστὶν
421 3141 624 3209 ἁπλῶς,
703 3141 831 3196 ἀλλὰ
905 3149 1388 3218 πεπυρακτωμένον·
1462 3146 1674 3218 φωτίζει

105 3229 178 3297 μὲν
201 3232 308 3292 τοὺς
331 3229 530 3300 ἀξίους,
581 3231 783 3305 [φλέγει
826 3234 938 3304 (21)
983 3230 1042 3288 δε
1069 3238 1187 3296 τοὺς
1217 3233 1507 3308 ἁναξίους,]
1539 3239 1676 3289 κατὰ

109 3319 182 3371 τὴν
207 3313 377 3379 διπλῆν
403 3329 497 3374 τοῦ
531 3324 705 3397 πυρὸς
733 3320 1002 3398 ἐνέργειαν·
1037 3325 1206 3396 φλέγει
1231 3320 1310 3394 δὲ,
1341 3333 1414 3397 τῷ
1439 3324 1675 3390 κολάζειν

111 3411 358 3467 συντήκειν.

164 3625 248 3675 Καὶ
272 3621 430 3677 λαϐων
455 3654 526 3667 -
555 3627 842 3688 Διαθήκης.
875 3633 980 3690 Τῆς
1020 3635 1204 3688 καινῆς
1245 3631 1526 3701 Διαθήκης,
1559 3639 1680 3694 ἦτοι

107 3717 179 3768 τῆς
219 3715 322 3775 νέας
358 3717 691 3787 νομοθεσίας.
749 3719 819 3770 Τὸ
863 3718 954 3789 μεν
1001 3718 1102 3790 γὰρ
1151 3719 1284 3791 αἷμα
1324 3728 1414 3773 τοῦ
1456 3734 1677 3779 τοπικοῦ

105 3794 254 3868 ἀμνοῦ,
305 3811 393 3866 τῆς
443 3804 680 3866 παλαιᾶς
708 3801 769 3864 ἦν
809 3807 1093 3869 Διαθὴκηςο
1125 3809 1184 3861 τὸ
1211 3804 1270 3862 δι
1298 3817 1391 3863 τοῦ
1429 3809 1676 3871 ἀληθινοῦ

103 3887 280 3959 ’Δμνοῦν
300 3900 384 3954 τῆς
408 3898 522 3956 νέας
549 3893 717 3950 ἐστίν.

165 3973 220 4030 Ἦ
259 3983 356 4053 (22)
402 3991 563 4036 τοῦτο
612 3980 720 4037 εἶπε
767 3981 862 4038 διὰ
909 3987 969 4038 τὸ
1010 3983 1143 4058 αἷμα
1194 3991 1252 4040 τὸ
1307 3997 1404 4050 τῆς
1441 3989 1675 4054 Παλαιᾶς

103 4068 341 4133 Ameriam.
387 4071 467 4126 Ἐν
532 4080 600 4145 τῇ
635 4068 830 4144 Ἐξόδῳ
871 4075 974 4146 γὰρ
1009 4077 1284 4148 αοσχάρια
1325 4079 1484 4139 θύσας
1513 4086 1672 4133 Μωῦ-

105 4161 196 4221 σῆς,
222 4160 273 4210 τὸ
312 4163 475 4233 ἣμισυ
515 4168 613 4214 τοῦ
654 4162 874 4234 αἵματος
918 4161 1112 4235 ἐνέχεεν
1148 4164 1218 4228 εἰς
1248 4165 1360 4238 ('23)
1407 4178 1668 4245 κρατῆρα,

1788 1878 1826 1919 a
1854 1878 2100 1934 corpore
2126 1868 2182 1920 et
2209 1861 2500 1932 sanguine
2524 1861 2759 1917 Domini
2791 1858 3211 1915 :Hocenimest
3232 1872 3442 1926 corpus

1786 1966 1996 2020 meum,
2031 1951 2241 2024 inquit.
2271 1956 2553 2006 Etrursus
2583 1949 2981 2006 :Hicestenim
2995 1946 3240 2017 sanguis
3260 1961 3440 2002 meus.

1787 2041 1884 2097 Est
1922 2044 2123 2096 autem
2169 2037 2621 2113 supernaturale
2674 2036 2942 2094 verbum.
2982 2037 3046 2091 Et
3090 2048 3443 2108 quanquam

1784 2128 2043 2199 Magnus
2068 2128 2313 2186 Basilius
2359 2126 2728 2199 exemplaria
2769 2125 2898 2181 haec
2928 2140 3056 2182 esse
3103 2122 3252 2179 dixit
3284 2138 3296 2178 :
3327 2121 3444 2178 hoc

1785 2220 1988 2273 tamen
2017 2222 2105 2273 est
2133 2217 2486 2290 priusquam
2515 2214 2952 2272 sanctiﬂcentur
2977 2218 3032 2268 et
3071 2211 3324 2282 gratiam
3348 2225 3445 2267 ac-

1785 2304 2022 2378 cipiant.
2054 2305 2202 2361 Vide
2247 2310 2447 2362 autem
2492 2303 2802 2379 quomodo
2847 2319 2877 2359 e
2920 2300 3298 2358 naturalibus
3346 2315 3444 2355 su-

1785 2393 2184 2468 pernaturalia
2206 2395 2378 2454 ﬁant.
2419 2393 2713 2451 Naturalis
2747 2391 3038 2464 siquidem
3069 2390 3239 2446 cibus
3263 2392 3350 2446 est
3373 2403 3444 2445 ac

1784 2491 1963 2558 potus
1987 2484 2165 2559 panis
2178 2500 2248 2541 ac
2278 2483 2397 2540 vini
2425 2499 2561 2557 quae
2583 2484 3016 2555 praeponuntur
3048 2496 3060 2534 :
3095 2481 3444 2552 supernatu-

1785 2573 1926 2630 ralis
1955 2589 2114 2643 vero,
2144 2573 2358 2630 efficax
2378 2573 2596 2629 horum
2631 2571 2919 2644 operatio.
2944 2569 3208 2625 Primum
3241 2571 3444 2625 autem

1785 2661 1931 2722 lavit
1967 2663 2150 2736 pedes
2176 2662 2633 2735 discipulorum,
2667 2660 2883 2716 deinde
2912 2675 3023 2715 eos
3045 2657 3309 2731 mysterii
3330 2657 3443 2713 hu-

1781 2752 1879 2824 jus
1908 2750 2046 2810 fecit
2085 2768 2214 2809 esse
2264 2751 2594 2825 participes,
2638 2757 2700 2806 ut
2737 2749 3066 2811 discamus,
3107 2745 3274 2820 quod
3327 2745 3442 2818 pri-

1785 2858 1954 2899 mum
2011 2842 2316 2916 puriﬁcari
2390 2857 2492 2899 eos
2550 2843 2834 2914 oporteat,
2911 2835 3130 2894 deinde
3210 2834 3442 2908 partici-

1783 2947 1948 3003 pare.

1853 3039 1896 3110 -ι-
1928 3037 2263 3095 Carbonem
2295 3037 2642 3094 viditlsaias
2665 3037 2708 3074 ²ί
2738 3053 2752 3103 ;
2788 3033 2969 3092 carbo
2991 3036 3190 3091 autem
3214 3047 3337 3092 non
3355 3035 3444 3090 est

1706 3114 1748 3172 α
1786 3127 2132 3199 simpliciter
2149 3127 2402 3200 lignum,
2437 3126 2542 3183 sed
2567 3126 2801 3198 lignum
2835 3125 3110 3195 ignitum.
3139 3120 3443 3178 Illuminat

1783 3215 2030 3289 quidem
2078 3217 2254 3273 carbo
2285 3216 2461 3286 hujus
2512 3213 2779 3288 mysterii
2806 3229 2908 3270 eos
2937 3212 3038 3286 qui
3073 3211 3238 3283 digni
3283 3216 3438 3276 sunt,

1782 3305 2058 3378 indignos
2113 3321 2256 3362 vero
2310 3303 2667 3369 inﬂammat,
2705 3305 2872 3375 juxta
2915 3301 3216 3374 duplicem
3283 3300 3441 3370 ignis

1783 3395 2212 3467 operationem.
2255 3393 2596 3451 Inﬂammat
2621 3396 2822 3451 autem
2843 3389 3146 3465 puniendo
3193 3393 3248 3446 et
3273 3389 3444 3446 absu-

1782 3483 2028 3543 mendo.

1858 3624 2021 3678 Vers.
2073 3620 2162 3678 27.
2193 3620 2271 3678 Et
2325 3623 2553 3690 sumpto
2611 3617 2870 3674 -—Vers.
2925 3618 3015 3673 28.
3071 3616 3443 3673 Testamenti.

1784 3711 1934 3769 Novi
1961 3709 2341 3780 Testamenti,
2365 3708 2487 3764 sive
2511 3723 2684 3766 novm
2704 3705 3108 3778 legislationis.
3139 3703 3446 3778 Siquidem

1787 3800 2037 3872 sanguis
2076 3797 2380 3870 ﬁgurativi
2435 3795 2596 3868 agni,
2630 3796 2841 3853 veteris
2880 3799 3006 3852 erat
3041 3794 3442 3852 Testamenti:

1787 3890 2034 3961 sanguis
2065 3893 2267 3946 autem
2293 3886 2414 3944 veri
2447 3886 2617 3958 Agni,
2650 3885 2920 3943 estnovi.

1853 3995 2018 4064 1-Vel
2068 3996 2186 4052 hoc
2209 3995 2376 4065 dixit,
2428 3999 2671 4066 propter
2709 3993 3060 4062 sanguinem
3113 3991 3189 4050 de
3218 4007 3340 4064 quo
3385 3991 3446 4047 in

1784 4083 1972 4141 Veteri
1999 4087 2378 4140 Testamento
2410 4083 2476 4138 ﬁt
2517 4098 2738 4139 sermo.
2774 4087 2836 4138 In
2868 4081 3073 4137 Exodo
3122 4080 3280 4136 enim
3309 4078 3449 4136 dici-

1784 4179 1876 4231 tur
1905 4173 2066 4246 quod
2093 4178 2415 4244 postquam
2442 4173 2632 4227 Moses
2661 4171 2880 4227 vitulos
2924 4169 3314 4234 immolasset,
3360 4167 3445 4224 di-

100 4249 173 4295 καὶ
213 4245 364 4301 λαϐὼν
409 4254 468 4303 τὸ
520 4249 731 4324 βιϐλίον
775 4260 866 4313 τῆς
926 4255 1208 4320 Διαθήκης,
1255 4255 1444 4328 ἀνέγνω
1488 4257 1559 4321 εἰς
1604 4262 1673 4312 τὰ

1853 4245 2037 4318 idium
2057 4260 2414 4330 sanguinem
2453 4258 2659 4315 effudit
2693 4259 2753 4314 in
2783 4263 3095 4323 craterem,
3120 4261 3452 4328 sumptum-

104 4338 190 4384 ὦτα
229 4344 310 4388 τοῦ
346 4337 492 4392 λαοῦ·
551 4344 644 4393 καὶ
698 4335 870 4393 εἶπανο
926 4343 1102 4396 Πάντὰ
1155 4344 1257 4396 ὅσα
1308 4343 1526 4405 έλάλησε
1571 4351 1670 4402 Κύ-

100 4439 192 4493 ριος
229 4433 504 4502 ποιήσομεν
552 4435 646 4482 καὶ
697 4428 1048 4504 ἀκουσόμεθα.
1097 4432 1285 4486 Λαϐὼν
1334 4431 1394 4488 δε
1440 4443 1670 4498 Μωῦσῆς

102 4514 150 4562 τὸ
193 4515 328 4588 αἷμα,
376 4516 739 4574 κατεσκέδασε
803 4527 896 4574 τοῦ
942 4520 1089 4591 λαοῦ,
1148 4527 1238 4576 καὶ
1311 4521 1464 4578 εἶπεν·
1527 4522 1668 4580 Ι’δοὺ

103 4601 151 4651 τὸ
189 4601 299 4676 αἷμα
340 4615 433 4672 τῆς
464 4607 754 4681 διαθήκης,
788 4611 848 4672 ἧς
886 4608 1086 4665 διέθετο
1132 4615 1321 4687 Κύριος
1369 4618 1500 4689 πρὸς
1539 4618 1670 4690 ὑμᾶς

102 4695 196 4762 περὶ
242 4698 432 4749 πάντων
506 4706 611 4752 τῶν
685 4698 844 4771 λόγων
892 4702 1110 4760 τούτων.
1181 4702 1279 4756 Ἦν
1347 4701 1434 4758 οὖν
1510 4705 1668 4761 έκεῖνο

156 4801 192 4837 ²¹
217 4799 320 4860 Isa.
350 4820 430 4872 vr,
455 4805 513 4862 6.
597 4808 643 4843 ³³
681 4807 870 4864 Exod.
901 4824 1059 4876 xxiv,
1088 4813 1223 4882 6,,7.

1781 4367 1900 4426 que
1943 4348 2298 4408 Testamenti
2357 4347 2580 4404 librum
2632 4347 2773 4418 legit
2796 4347 3072 4402 audiente
3101 4343 3347 4416 populo,
3392 4348 3446 4399 et

1780 4442 2100 4498 dixerunt:
2135 4438 2347 4494 Omnia
2366 4450 2735 4510 quaecunque
2779 4436 3008 4491 locutus
3038 4440 3122 4491 est
3161 4432 3446 4489 Dominus

1775 4531 2088 4602 faciemus,
2122 4533 2175 4584 et
2220 4526 2544 4584 obedientes
2575 4525 2889 4582 erimus”.
2947 4524 3199 4595 Sumpto
3251 4525 3446 4578 autem

1777 4624 1968 4678 Moses
1992 4617 2288 4689 sanguine
2309 4614 2563 4688 aspersit
2582 4613 2900 4688 populum,
2928 4616 2984 4670 et
3003 4612 3084 4668 ait
3110 4626 3124 4668 :
3148 4613 3298 4669 Ecce
3309 4626 3444 4668 san-

1777 4711 2016 4783 guinem
2046 4707 2377 4766 testamenti
2404 4705 2561 4779 quod
2585 4703 2816 4776 pepigit
2838 4703 3130 4760 vobiscum
3152 4703 3444 4760 Dominus

1296 4919 1521 4991 Varias
1540 4923 1870 4994 lectiones
1903 4933 1968 4992 et
1993 4932 2199 4992 notae.

284 5041 611 5112 Ilpoa'iemg,
638 5040 781 5112 Cod.
809 5050 882 5097 A.

173 5106 249 5178 15)
278 5106 508 5178 Πάντων,
539 5109 686 5167 Cod.
715 5115 789 5169 A.

172 5176 249 5255 t9)
281 5176 522 5237 Inclusa
553 5181 623 5255 in
644 5182 914 5255 margine
937 5182 1164 5243 habent
1186 5186 1254 5254 A,
1288 5185 1354 5242 Β.

284 5255 561 5325 Γενόμεθα,
587 5253 709 5310 Cod
734 5247 825 5311 At.

285 5319 466 5396 Τοῦτο,
501 5329 637 5396 post
667 5330 927 5380 Δεσπότον
955 5327 1124 5386 abest
1155 5327 1292 5386 Cod.
1324 5332 1391 5386 Δ.

173 5390 249 5456 19)
283 5390 522 5452 Inclusa
547 5396 763 5455 omittit
792 5399 938 5456 Cod.
966 5401 1034 5456 A.

126 5460 252 5550 ε
283 5465 454 5523 Aliud
474 5467 770 5550 scholium
795 5470 1064 5550 i_nc_ipit_a
1085 5471 1375 5550 vocabulo
1399 5474 1657 5550 ἄνθρακα,

92 5527 356 5593 diversum
367 5553 404 5594 a
423 5539 612 5611 priori
632 5540 686 5596 in
704 5539 846 5598 Cod.
867 5527 935 5598 Αἷ
955 5527 1020 5600 1d
1037 5527 1238 5600 autem
1251 5527 1661 5619 super-ictith

1772 5050 2071 5123 iungit}

1848 5114 1962 5194 (2⁷1)
1993 5119 2230 5194 Inclusa
2258 5116 2471 5194 omittit
2497 5114 2639 5194 C_od.
2664 5115 3103 5194 _A._Hentenius
3133 5116 3214 5173 ita
3254 5115 3451 5194 reddi-

1777 5183 1882 5271 ditj,
1915 5183 1986 5248 ac
2007 5191 2059 5271 Si
2076 5194 2213 5271 post
2241 5192 2332 5271 μέν
2357 5187 2586 5271 legerit,
2612 5183 2717 5271 9:59
2747 5189 2774 5240 ὁ
2802 5186 3000 5271 ᾄνθραξ
3027 5195 3120 5240 τοῦ
3149 5190 3448 5271 μυστηρίου

1774 5255 1986 5318 τούτου.
2022 5255 2185 5319 Cérte
2210 5255 2339 5317 sine
2369 5255 2494 5315 istis
2537 5257 2698 5316 nulla
2736 5264 2824 5316 est
2877 5255 3351 5316 accommodatio
3374 5255 3444 5315 ad

1776 5333 1940 5390 hunc
1969 5334 2192 5390 locum.

1873 5405 1966 5470 22)
1996 5404 2232 5460 Inclusa
2251 5402 2308 5458 in
2329 5400 2489 5458 calce
2520 5401 2753 5470 paginze
2780 5400 2963 5458 habet
3000 5400 3148 5459 Cod.
3188 5405 3262 5459 Α.

1873 5407 1942 5460 22
1996 5405 2232 5460 Inclusa
2251 5405 2308 5458 in
2329 5405 2489 5458 calce
2520 5405 2725 5470 pagina

1849 5405 1968 5549 (25)
1997 5475 2094 5538 Εἰς
2117 5477 2204 5528 τὸν
2223 5481 2481 5548 κρατῇρα,
2505 5469 2630 5529 Cod
2661 5475 2725 5528 Α.

153 5647 260 5721 (bb)
289 5654 604 5723 Apparuit.
637 5657 806 5715 Forte
835 5658 1022 5716 codex
1050 5659 1387 5734 interpretis
1408 5661 1674 5722 habebat
1699 5665 1983 5740 παρέθηκε.
