3904 6210
460 284 564 338 66⁸7

1756 271 2101 333 ΕΗἸἨΥΜῘ]

2210 267 2489 327 [GABENI
3651 265 3727 321 ΕΑΒ

457 409 525 464 de
551 407 810 465 omnibus
832 409 934 465 hic
960 406 1312 464 sermonibus
1340 408 1409 461 ’³.
1444 409 1581 462 Erat
1601 405 1803 476 itaque
1859 400 2101 470 sanguis

2215 399 2274 448 τὸ
2312 396 2463 468 αἷμα,
2513 396 2739 467 σφραγὶς
2785 400 2878 455 τῆς
2922 387 3201 457 διαθήκης,
3245 393 3332 442 καὶ
3370 390 3635 463 μαρτύριον,
3669 395 3732 442 ui

456 498 555 556 ille
587 498 849 568 sigillum
876 499 997 552 sive
1041 495 1417 565 signaculum
1463 493 1822 557 testamenti,
1858 506 1928 547 ac
1952 490 2109 545 testi-

459 587 729 643 monium
762 592 817 642 et
840 586 1207 642 conﬁrmatio
1236 584 1465 641 fmderis
1494 584 1722 656 populi.

531 679 696 731 Vers.
730 677 817 730 28.
853 676 963 740 Qui
990 692 1094 743 pro
1124 675 1328 731 multis
1357 674 1710 744 e/funditur.
1739 672 1835 727 ille
1859 669 2103 743 quidem

457 764 701 834 sanguis
718 779 826 836 pro
854 764 995 820 solis
1022 763 1439 819 effundebatur
1456 763 1727 821 Hebrmis
1748 778 1761 827 ;
1788 761 1883 817 hic
1903 764 2104 816 autem

454 870 560 925 pro
590 852 872 909 omnibus
902 854 1241 909 homnibus.
1275 854 1479 909 Multos
1511 852 1807 925 siquidem
1846 850 1941 907 hic
1964 849 2105 905 dicit

455 958 666 999 omnes
700 962 713 996 :
747 959 890 999 nam
931 958 1142 999 omnes
1169 941 1335 998 multi
1373 946 1528 998 sunt.
1562 940 1657 996 Vel
1687 941 1917 1008 Multis,
1957 938 2103 995 dixit

456 1032 901 1101 comparatione
918 1032 1107 1100 gentis
1124 1031 1341 1087 horum
1357 1031 1739 1087 Hebraeorum
1772 1051 1783 1095 ;
1816 1029 1931 1084 illis
1942 1028 2102 1084 enim

454 1119 653 1190 plures
683 1124 820 1174 sunt
857 1119 941 1185 hi,
971 1120 1074 1192 qui
1122 1135 1192 1175 ex
1240 1119 1514 1176 omnibus
1531 1118 1851 1176 liberantur
1878 1122 1936 1175 et
1983 1117 2105 1175 sal-

454 1212 685 1273 vantur,
718 1213 956 1281 propter
976 1225 1122 1280 quos
1148 1208 1413 1265 Christus
1438 1213 1704 1265 mortuus
1735 1212 1844 1264 est.

524 1441 689 1495 Vers.
712 1444 799 1496 28.
836 1441 904 1496 In
936 1441 1323 1497 remissionem
1346 1445 1742 1511 peccatorum.
1777 1438 1876 1494 Ille
1924 1438 2106 1512 siqui-

453 1528 592 1585 dem
622 1529 681 1586 in
713 1530 962 1587 salutem
991 1535 1216 1585 tantum
1274 1528 1803 1600 primogenitorum
1844 1526 2106 1584 effunde-

456 1619 627 1677 batur
656 1641 667 1685 ;
700 1619 795 1675 hic
825 1626 1025 1675 autem
1046 1619 1103 1674 in
1132 1618 1549 1674 remissionem
1579 1623 1957 1689 peccatorum
1981 1632 2105 1673 om-

455 1708 620 1764 nium
652 1708 987 1764 hominum.
1024 1708 1162 1764 Vide
1184 1722 1325 1777 ergo
1356 1712 1581 1780 quanto
1631 1705 1931 1763 veteribus
1981 1722 2104 1762 ma-

449 1797 585 1869 jora
614 1798 729 1853 sint
757 1813 913 1853 nova
943 1797 1247 1868 mysteria.
1269 1797 1585 1869 Aptissime
1605 1812 1743 1852 vero
1774 1795 2104 1852 nominavit

452 1886 551 1942 hic
597 1888 1023 1943 Testamentum
1059 1892 1300 1960 propter
1333 1886 1917 1959 appropinquantem
1951 1900 2103 1940 mor-

452 1980 569 2031 tem
604 1981 928 2042 ;testantur
957 1976 1115 2031 enim
1146 1975 1249 2047 qui
1306 1975 1657 2030 moriuntur.
1718 1976 1917 2047 Itaque
1956 1973 2105 2032 sicut

451 2067 625 2121 Vetus
642 2068 1081 2122 Testamentum
1109 2064 1333 2121 hostias
1355 2068 1411 2120 et
1431 2063 1787 2133 sanguinem
1812 2063 2098 2121 habebat:

446 2153 531 2210 ita
561 2169 706 2211 sane
746 2158 800 2211 et
840 2157 1089 2222 Novum,
1113 2169 1332 2226 corpus
1363 2153 1634 2211 videlicet
1666 2158 1722 2209 et
1746 2152 2102 2224 sanguinem

451 2242 705 2298 Domini.

518 2333 644 2387 Non
676 2329 822 2388 dixit
851 2334 1046 2386 autem
1076 2348 1088 2387 :
1120 2334 1253 2387 Haec
1297 2335 1433 2388 sunt
1460 2330 1633 2401 signa
1662 2330 1926 2403 corporis
1983 2331 2103 2387 mei

447 2424 503 2475 et
534 2419 844 2490 sanguinis
874 2421 988 2477 mei
1019 2439 1032 2475 :
1066 2420 1190 2488 sed,
1222 2420 1349 2475 Haec
1379 2425 1517 2476 sunt
1557 2435 1774 2492 corpus
1806 2436 2005 2475 meum
2047 2423 2102 2476 et

446 2508 688 2580 sanguis
712 2524 901 2564 meus.
936 2510 1176 2581 Oportet
1199 2525 1335 2581 ergo
1348 2524 1467 2565 non
1497 2509 1574 2567 ad
1588 2513 1862 2566 naturam
1891 2524 2099 2564 eorum

444 2612 583 2669 quae
605 2602 1014 2669 praponuntur
1031 2597 1315 2670 aspicere,
1342 2598 1448 2653 sed
1467 2597 1544 2654 ad
1569 2597 1842 2654 virtutem
1869 2614 2096 2653 eorum.

446 2686 969 2752 Quemadmodum
1000 2687 1157 2743 enim
1178 2687 1703 2759 supernaturaliter
1721 2692 2098 2759 essumptam

445 2790 690 2832 carnem
706 2774 1004 2831 deiﬁcavit
1031 2777 1102 2840 (si
1120 2776 1201 2832 ita
1214 2776 1375 2850 loqui
1390 2776 1599 2846 liceat),
1632 2777 1715 2833 ita
1737 2782 1791 2833 et
1807 2777 1926 2833 haec
1953 2777 2097 2833 inef-

442 2863 692 2920 fabiliter
709 2868 1070 2920 transmutat
1092 2865 1153 2921 in
1170 2866 1363 2937 ipsum
1383 2866 1675 2923 viviﬁcum
1690 2882 1907 2938 corpus
1923 2883 2097 2921 suum

444 2958 500 3009 et
527 2955 588 3009 in
616 2954 814 3026 ipsum
835 2957 1161 3026 pretiosum
1185 2955 1542 3026 sanguinem
1575 2972 1771 3024 suum,
1805 2960 1863 3012 et
1892 2956 1952 3010 in
1966 2971 2096 3025 gra-

444 3042 589 3098 tiam
624 3043 910 3114 ipsorum.

518 3168 740 3224 Habent
763 3172 962 3225 autem
979 3167 1426 3225 similitudinem
1455 3170 1809 3242 quamdam,
1829 3171 2002 3244 panis
2019 3169 2098 3228 ad

443 3272 686 3330 corpus,
720 3260 775 3313 et
804 3257 1011 3314 vinum
1045 3259 1122 3315 ad
1151 3259 1527 3329 sanguinem.
1564 3259 1713 3316 Nam
1745 3265 1802 3316 et
1823 3261 2010 3333 panis,
2041 3264 2099 3317 et

444 3362 659 3419 corpus
688 3350 877 3404 terrea
906 3352 1044 3405 sunt
1071 3364 1082 3403 :
1119 3347 1321 3404 vinum
1340 3353 1539 3405 autem
1566 3353 1623 3405 et
1652 3349 1897 3420 sanguis
1924 3365 2098 3406 aerea

442 3435 551 3507 (cc)
573 3442 628 3492 et
650 3437 862 3493 calida.
901 3439 965 3493 Et
1019 3437 1526 3507 quemadmodum
1580 3438 1753 3508 panis
1783 3438 2094 3505 confortat,

442 3524 527 3580 ita
556 3530 612 3581 et
642 3525 851 3580 Christi
883 3541 1099 3596 corpus
1131 3526 1243 3579 hoc
1273 3525 1431 3592 facit,
1460 3542 1531 3581 ac
1548 3525 1743 3595 magis
1760 3527 1938 3582 etiam
1974 3543 2098 3583 cor-

444 3629 550 3685 pus
582 3617 636 3667 et
663 3613 949 3680 [animam
997 3613 1324 3669 sanctiﬁcat
1356 3631 1369 3668 :
1402 3618 1458 3669 et
1485 3613 1633 3669 sicut
1662 3614 1862 3669 vinum
1915 3614 2098 3671 laetiﬁ-

443 3704 555 3767 cat,
590 3700 667 3755 ita
697 3707 752 3754 et
774 3700 1019 3768 sanguis
1049 3700 1257 3756 Christi
1283 3702 1397 3757 hoc
1427 3701 1655 3766 facit,et
1679 3704 1923 3776 insuper
1950 3720 2099 3776 pre:-

445 3787 662 3843 sidium
695 3786 968 3844 efﬁcitur.

516 3876 687 3941 Quod
717 3877 763 3930 si
786 3876 860 3931 de
886 3892 1006 3931 uno
1027 3892 1275 3949 corpore
1305 3882 1361 3934 et
1386 3878 1678 3948 sanguine
1713 3895 1925 3937 omnes
1956 3881 2097 3939 tide-

445 3966 527 4021 les
563 3965 1011 4038 participamus,
1052 3982 1261 4023 omnes
1288 3983 1478 4025 unum
1518 3986 1724 4025 sumus
1762 3986 1867 4043 per
1898 3972 2095 4043 ipsam

442 4054 659 4110 horum
702 4055 1117 4126 mysteriorum
1158 4057 1673 4129 participationem
1703 4078 1717 4117 :
1747 4064 1804 4117 et
1844 4061 1899 4116 in
1938 4062 2096 4119 Chri-

443 4147 534 4200 sto
560 4159 793 4209 omnes,
821 4145 1154 4201 etChristus
1178 4145 1243 4202 in
1267 4146 1571 4204 omnibus.
1595 4148 1847 4217 Quiedit,
1879 4150 2090 4225 inquit,

441 4248 632 4290 meam
662 4248 896 4290 carnem
918 4237 970 4290 et
996 4234 1135 4290 bibit
1164 4251 1357 4292 meum
1373 4236 1739 4307 sanguinem,
1771 4240 1837 4295 in
1862 4256 1954 4297 me
1980 4257 2092 4296 ma-

441 4328 539 4381 net
565 4329 619 4380 et
649 4339 746 4395 ego
759 4325 821 4379 in
833 4324 937 4380 illo
951 4326 1018 4378 “.
1035 4323 1294 4380 Verbum
1308 4325 1595 4397 siquidem
1618 4342 1718 4399 per
1737 4330 2092 4401 assumptio-

440 4429 574 4469 nem
605 4413 766 4469 carni
799 4414 1028 4469 unitum
1057 4418 1174 4470 est:
1208 4414 1335 4471 hinc
1366 4430 1566 4472 rursus
1604 4432 1740 4473 caro
1772 4418 1970 4474 unitur
1990 4435 2093 4476 no-
2124 4448 2168 4504 D

441 4501 535 4558 bis
562 4518 668 4575 per
691 4502 1221 4576 participationem.
1266 4507 1439 4561 Facta
1470 4510 1671 4561 autem
1699 4508 2008 4577 sanguinis
2037 4513 2093 4566 et

442 4592 777 4648 testamenti
800 4594 1373 4659 mentione,rursum
1404 4601 1655 4651 mortem
1680 4612 1855 4653 suam
1880 4612 2093 4669 reprte-

443 4678 708 4743 sentavit,
726 4685 787 4735 ut
798 4680 925 4736 haec
936 4681 1110 4739 facile
1126 4682 1203 4740 ab
1216 4682 1301 4738 eis
1315 4682 1724 4756 susciperetur,
1739 4684 1865 4757 freq
1874 4687 2089 4742 uentis-

442 4766 597 4821 sima
626 4767 924 4824 mentione
955 4769 1237 4826 efﬁciens.
1280 4774 1427 4827 Nam
1466 4772 1515 4828 si
1544 4773 1677 4843 hac,
1708 4773 1843 4829 licet
1873 4775 2091 4847 saepius

443 4854 815 4928 annuntiata,
840 4857 917 4912 ad
949 4858 1248 4929 passionis
1267 4864 1461 4917 tamen
1482 4877 1704 4919 nomen
1736 4864 1863 4941 (ἀεὶ)
1897 4864 2093 4923 turba-

515 4973 560 5005 ²³
593 4970 756 5027 Exod
777 4988 889 5040 xw,
918 4973 971 5028 8.
1050 4975 1097 5009 ²⁴
1120 4976 1289 5031 Joan.
1322 4992 1399 5043 v1,
1430 4979 1524 5034 56.

2216 485 2437 556 βεϐαίοις
2469 503 2514 545 ις
2540 491 2628 542 τῆς
2660 483 2924 545 συνθήκης
2954 499 3045 533 του
3073 478 3245 549 λαοῦ.]

2281 682 2350 731 Τὸ
2421 683 2540 751 περὶ
2608 676 2804 730 πολλῶν
2876 674 3236 746 ἂκχννόμενον.
3316 675 3435 745 Περὶ
3492 671 3589 742 (24)
3650 672 3735 724 πολ-

2211 767 2330 835 λῶν,
2385 766 2500 819 ἀντὶ
2570 772 2680 831 τοῦ,
2744 767 2871 840 ὑπὲρ
2938 764 3159 816 πολλῶν.
3223 763 3407 817 Ἐκεῖνο
3460 764 3537 815 μὲν
3576 763 3658 835 γὰρ
3695 769 3734 815 τό

2212 858 2344 928 αἷμα
2383 858 2509 927 ὑπὲρ
2562 863 2662 908 τῶν
2719 853 2964 926 Ἐϐραίων
3008 857 3174 925 μόνων
3226 851 3462 924 ἐξεχεῖτο·
3509 859 3638 904 τοῦτο
3677 848 3731 917 οἰ,

2211 947 2337 1020 ὑπὲρ
2417 947 2620 997 πάντων
2686 942 2986 1018 ἀνθρώπων.
3050 941 3273 1002 Πολλοὺς
3338 944 3435 1017 γὰρ
3502 945 3604 1001 τοὺς
3646 943 3736 992 πάν-

2210 1053 2304 1095 τας
2377 1033 2597 1087 ἐνταῦθα
2683 1031 2826 1086 καλιί
2891 1031 3030 1103 (25).
3114 1035 3215 1085 Καὶ
3290 1033 3390 1105 γὰρ
3466 1032 3513 1083 οἱ
3577 1030 3734 1091 πάντες,

2209 1122 2407 1178 πολλοί.
2476 1129 2541 1176 Ἥ
2611 1120 2807 1175 πολλῶν
2868 1117 2997 1187 εἶπε,
3064 1122 3197 1192 πρὸς
3255 1122 3521 1194 σύγκρισιν
3547 1124 3625 1171 τοῦ
3667 1125 3736 1169 τῶν

2208 1211 2457 1286 Ἑϐραίων
2521 1213 2717 1273 ἔθνους.
2785 1209 2992 1270 unus;
3038 1210 3140 1284 γὰρ
3212 1209 3396 1274 αὐτῶν,
3445 1210 3490 1261 οἱ
3538 1208 3585 1270 ἐξ
3622 1206 3737 1259 axe.

2210 1322 2310 1354 των
2339 1300 2749 1376 ἕλευθιρούμινοι
2791 1304 2881 1353 καὶ
2925 1299 3234 1371 σωζόμενοι,
3278 1295 3350 1352 δι’
3393 1297 3478 1359 οὕς
3514 1298 3741 1370 ὁΧριο-τὸς

2215 1388 2479 1444 ἀπέθανεν.

2284 1479 2372 1540 Εἰς
2435 1480 2618 1551 ἄφεσιν
2686 1477 2972 1550 ἁμαρτιῶν.
3025 1476 3218 1529 Ἐκεῖνο
3284 1479 3375 1546 μὲν
3427 1477 3523 1548 γὰρ
3578 1473 3633 1534 si;
3673 1491 3742 1524 σω-

2212 1572 2393 1642 τηρίαν
2445 1576 2545 1620 τῶν
2592 1570 2934 1641 πρωτοτόκων
2993 1569 3160 1638 μόνων
3225 1564 3469 1636 ἰξεχείτο’
3511 1570 3640 1616 τοῦτο
3683 1558 3739 1629 is,

2214 1656 2280 1717 εἰς
2332 1658 2514 1729 ἄφεσιν
2566 1654 2831 1730 ἁμαρτιῶν
2884 1662 2984 1708 τῶν
3028 1656 3232 1706 πάντων
3292 1653 3576 1727 ἀνθρώπων.
3626 1650 3741 1723 Ὀρι,

2138 1751 2182 1805 Β
2211 1750 2373 1798 πόσον
2433 1746 2537 1799 εἰσὶ
2581 1745 2797 1817 μείζονα
2845 1752 2942 1796 τῶν
2989 1743 3223 1795 παλαιῶν
3272 1746 3342 1796 τὰ
3390 1748 3473 1795 νέα
3512 1746 3741 1813 μυστήρια,

2214 1839 2621 1908 Προσφυέστατα
2674 1830 2733 1887 δὴ
2787 1841 2875 1885 νῦν
2933 1835 3196 1891 Διαθήκην
3254 1835 3505 1904 ὠνόμασε,
3566 1827 3645 1881 διὰ
3681 1830 3741 1879 τὸν

2211 1924 2625 1998 προσεγγίζοντα
2672 1924 2906 1977 θάνατον.
2961 1924 3286 1974 Διατίθενται
3342 1923 3441 1996 γὰρ
3495 1921 3539 1972 οἱ
3579 1917 3745 1973 ἀποθνή-

2215 2031 2444 2074 σκοντες.
2486 2011 2687 2084 ⁴Ωσπιρ
2732 2007 2820 2064 οὖν
2869 2012 2898 2069 ἠ
2948 2010 3153 2063 Παλαιὰ
3195 2012 3428 2081 Διαθήκῃ
3477 2011 3651 2081 θύματα
3680 2008 3744 2056 καὶ

2212 2105 2412 2174 αἵματα
2442 2098 2599 2174 εἶχεν
2633 2102 2793 2162 οὕτως
2820 2102 2925 2174 ἄρα
2954 2106 3043 2153 καὶ
3070 2102 3099 2159 ὴ
3146 2104 3338 2169 Καινὴ,
3376 2101 3433 2153 τὸ
3460 2107 3595 2171 σῶμα
3616 2102 3685 2149 καὶ
3703 2097 3743 2145 τὸ

2213 2192 2344 2246 αἷμα
2370 2198 2462 2243 τοῦ
2493 2194 2754 2245 Δισπότου
2767 2230 2780 2245 .

2282 2374 2394 2427 Οὐχ
2577 2370 2686 2427 εἶπα
2730 2370 2810 2437 δὲ,
2843 2374 2925 2425 ὅτι
2963 2372 3141 2426 Ταῦτά
3177 2371 3287 2425 εἰσι
3320 2370 3543 2445 σύμϐολα
3566 2375 3638 2421 τοῦ
3665 2371 3745 2419 σὺ·

2209 2468 2369 2537 ματὸς
2425 2483 2525 2535 μου
2570 2469 2660 2518 καὶ
2723 2471 2814 2516 τοῦ
2870 2464 3085 2535 αἵματος
3144 2479 3265 2534 porr
3322 2459 3451 2532 ἀλλ’,
3497 2460 3566 2513 ὅτι
3608 2456 3747 2510 τ’σᾶτά

2212 2554 2341 2606 εἰσιν
2403 2553 2531 2605 αὐτὸ
2607 2555 2759 2625 σῶμά
2830 2571 2951 2625 μου,
3029 2556 3119 2604 καὶ
3189 2551 3323 2603 αὐτὸ
3398 2553 3453 2603 τὸ
3492 2549 3605 2619 αἷμά
3654 2563 3746 2616 μου.

2211 2646 2407 2697 Λοιπὸν
2452 2639 2560 2695 οὖν·
2616 2646 2728 2715 χρὴ
2780 2647 2850 2713 μὴ
2896 2644 3027 2714 πρὸς
3071 2645 3164 2699 τὴν
3214 2643 3376 2713 φύσιν
3417 2647 3510 2692 τῶν
3538 2634 3748 2709 «pompt-

2208 2753 2303 2785 νων
2353 2734 2499 2807 ὁρᾴν,
2541 2730 2669 2784 ἀλλὰ
2723 2734 2855 2805 πρὸς
2917 2736 3012 2789 τὴν
3070 2726 3300 2801 δύναμιν
3365 2728 3542 2784 αὐτῶν.
3598 2724 3746 2793 Ὠσπερ

2206 2824 2307 2894 γὰρ
2364 2823 2632 2895 ὑπερφυῶς
2705 2819 2890 2872 ἐθέωσε
2963 2824 3057 2878 τὴν
3128 2818 3543 2893 προσληφθεῖσα»
3604 2813 3747 2884 σάρκ’

2209 2911 2372 2971 οὕτως
2426 2908 2723 2984 ἀποῤῥήτως
2777 2917 3045 2980 μεταποιεῖ
3094 2913 3184 2960 καὶ
3234 2915 3409 2959 ταῦτα
3457 2906 3521 2965 εἰς
3567 2902 3670 2954 αὐτὸ
3707 2904 3746 2948 τὸ

2209 3000 2461 3059 ζωοποιὸν
2509 2998 2669 3051 αὐτοῦ
2710 3005 2881 3071 σῶμα,
2931 3018 3020 3050 και
3065 2996 3135 3059 εἰς
3169 2996 3302 3050 αὐτό
3344 2999 3401 3050 τὸ
3439 2998 3592 3067 τίμιον
3632 2989 3748 3042 αὐτοὺ

2134 3093 2175 3150 C
2207 3086 2360 3161 αἷμα,
2391 3091 2479 3139 καὶ
2506 3087 2576 3150 εἰς
2606 3092 2699 3145 τὴν
2730 3089 2894 3162 χάριν
2921 3085 3108 3141 αὐτῶν.

2276 3175 2507 3249 Ἔχουσι
2558 3172 2617 3229 δέ
2658 3195 2773 3229 τινα
2824 3180 2913 3229 καὶ
2955 3176 2981 3227 6
3030 3176 3187 3250 ἄρτος
3228 3176 3369 3251 πρὸς
3409 3176 3463 3225 τὸ
3503 3179 3649 3242 σῶμα,
3686 3168 3750 3216 καὶ

2206 3268 2232 3319 6
2263 3261 2395 3329 οἶνος
2437 3268 2567 3342 πρὸς
2604 3268 2661 3319 τὸ
2697 3265 2829 3339 αἷμα
2859 3263 3145 3338 ἐμφέρειαν.
3181 3268 3287 3316 Καὶ
3335 3266 3361 3316 6
3403 3264 3549 3338 ἄρτος
3586 3260 3665 3333 γὰρ
3688 3256 3753 3306 καὶ

2205 3357 2263 3407 τὸ
2298 3362 2469 3427 σῶμα,
2500 3350 2697 3425 γεώδη,
2734 3360 2820 3406 καὶ
2851 3354 2877 3406 6
2908 3349 3041 3415 οἶνος
3072 3357 3162 3405 καὶ
3191 3356 3247 3405 τὸ
3286 3349 3434 3425 αἷμα,
3471 3344 3744 3423 θερμαντικεί.

2209 3448 2308 3497 Καὶ
2356 3446 2528 3517 ὥσπερ
2580 3445 2605 3495 ὁ
2657 3444 2813 3515 ἄρτος
2874 3443 3134 3515 στηρίξει,
3197 3442 3341 3494 οὕτω
3406 3444 3493 3492 καὶ
3548 3441 3596 3490 τὸ
3642 3441 3753 3504 σῶμα

2206 3540 2298 3585 τοῦ
2340 3540 2575 3606 Χριστοῦ
2621 3536 2774 3584 τουτο
2826 3551 2881 3584 τε
2924 3539 3080 3599 ποιεῖ,
3119 3536 3208 3583 καὶ
3247 3531 3425 3597 πλέον,
3477 3528 3655 3600 ἁγιάζει
3687 3524 3749 3572 καὶ

2210 3630 2360 3695 σῶμα
2388 3627 2477 3673 καὶ
2505 3621 2711 3693 ψυχήν.
2767 3626 2866 3674 Και
2906 3624 3080 3692 ὥσπερ
3116 3622 3141 3673 6
3174 3618 3316 3682 οἶνος
3356 3621 3613 3694 εὐφραίνῃ,
3655 3613 3751 3665 οὕτω

2206 3717 2295 3762 καὶ
2326 3714 2385 3763 τὸ
2426 3709 2557 3783 αἷμα
2584 3718 2677 3762 τοῦ
2706 3717 2940 3772 Χριστοῦ
2987 3712 3141 3764 τοῦτὸ
3184 3729 3237 3763 τι
3290 3717 3450 3775 ποιεῖ,
3510 3712 3590 3760 καὶ
3626 3703 3750 3761 πλέονι

2204 3804 2397 3871 γίνεται
2421 3799 2791 3873 φυλακτήριον.

2276 3888 2336 3941 Εἰ
2394 3884 2443 3940 δ’
2476 3888 2581 3950 ἐνὸς
2634 3894 2869 3960 σώματος
2894 3892 2983 3940 καὶ
3040 3888 3267 3959 αἵματος
3311 3890 3362 3940 οἱ
3411 3888 3582 3945 πάντας
3618 3882 3754 3935 πιστοὶ

2204 3975 2678 4050 μπαλαμεοίνομεν,
2728 3979 2777 4028 οἱ
2826 3979 3007 4037 πάντες
3058 3977 3108 4029 ἓν
3156 3975 3336 4049 ἐσμεν,
3385 3974 3480 4030 διὰ
3512 3981 3599 4035 τῆς
3634 3969 3753 4025 αὐτῆς

2204 4074 2305 4118 τῶν
2364 4066 2532 4119 αὐτῶν
2584 4071 2887 4141 μυστηρίων
2935 4065 3295 4138 μιταλήψιως,
3347 4070 3439 4119 καὶ
3493 4064 3536 4117 ἒν
3589 4063 3755 4134 Χριστῷ

2202 4154 2408 4221 πάντες,
2469 4159 2559 4208 καὶ
2616 4156 2642 4207 ὁ
2696 4160 2926 4227 Χριστός
2983 4154 3031 4205 ἐν
3092 4160 3277 4210 πᾶσιν.
3341 4155 3401 4207 Ὀ
3458 4158 3645 4229 τρώγων
3685 4164 3757 4219 μου

2200 4246 2321 4317 γὰρ,
2382 4248 2535 4315 φησὶ,
2592 4248 2685 4302 τὴν
2728 4246 2920 4317 σάρκα,
2969 4248 3059 4296 καὶ
3096 4248 3257 4296 πίνων
3308 4262 3412 4317 μου
3472 4247 3529 4295 τὸ
3565 4241 3691 4311 uiua,
3727 4233 3761 4285 ἓν

2202 4332 2315 4399 ἐμοὶ
2373 4336 2529 4405 μένει,
2590 4334 2738 4403 κάγὼ
2779 4332 2830 4385 ἐν
2870 4333 3029 4403 αὐτῷ.
3089 4332 3146 4384 Ὁ
3337 4335 3441 4407 γὰρ
3484 4334 3634 4402 Λόγος
3663 4328 3761 4381 ἑνώ-

2203 4424 2266 4480 θη
2313 4429 2376 4495 τῇ
2425 4426 2605 4496 σαρκὶ,
2649 4417 2740 4474 διὰ
2792 4431 2888 4482 τῆς
2940 4421 3307 4494 προσλήψεως·
3370 4424 3503 4481 αὕτη
3556 4415 3610 4473 δί
3648 4413 3764 4469 πρᾶο

2202 4513 2402 4565 ἑνοῦται
2448 4514 2594 4583 ἡμῖν,
2658 4508 2753 4563 διὰ
2789 4518 2879 4572 τῆς
2919 4511 3277 4584 μεταλήψιως.
3332 4514 3565 4584 Λίματος
3617 4502 3667 4558 δὲ
3700 4506 3766 4553 καὶ

2203 4598 2462 4661 διαθήκης
2516 4603 2897 4673 μνημονεύσας,
2987 4604 3074 4653 τὸν
3139 4602 3367 4654 θάνατον
3436 4601 3588 4653 αὐτοῦ
3649 4591 3766 4647 ita?"

2202 4689 2422 4762 ἐνέφηνε,
2503 4696 2565 4761 τῇ
2644 4693 2930 4747 πυκνότητι
2985 4698 3083 4752 τῆς
3153 4695 3376 4763 μνήμης
3437 4681 3768 4761 ninguida?"

2203 4778 2380 4840 αὐτοῖς
2432 4784 2609 4830 τοῦτον
2661 4780 2945 4834 καθιστών.
3000 4779 3062 4831 Εἰ
3096 4781 3220 4854 γὰρ,
3273 4784 3369 4831 καὶ
3411 4777 3648 4836 πολλάκις
3680 4771 3768 4823 τοίου

2201 4887 2291 4922 τον
2348 4866 2904 4949 προκαταγγελθέντος,
2978 4869 3114 4941 ὅμως
3168 4867 3295 4940 παρ’
3355 4868 3482 4921 αὐτὸ
3534 4868 3588 4918 τὸ
3644 4860 3773 4917 πάθος

1659 5129 1886 5200 Variae
1919 5130 2245 5202 lectiones
2286 5141 2353 5201 et
2390 5143 2593 5203 notae.

536 5268 625 5346 gi)
654 5268 767 5346 Sex
790 5266 993 5341 priora
1020 5269 1314 5346 vocabula
1344 5270 1544 5346 omisit
1565 5271 1877 5346 interpres.

536 5340 627 5413 25)
668 5340 977 5413 Λέγέιλρτο
1002 5340 1164 5413 καλεῖ,
1194 5342 1341 5413 Cod.
1389 5345 1457 5398 A.

537 5410 628 5474 26)
658 5410 1042 5468 Hunclocum
1087 5411 1290 5471 laudat
1314 5414 1641 5474 Richardus
1691 5416 1995 5474 Simonius
2034 5432 2104 5474 ex

512 5269 534 5484 Ξ

606 5268 628 5485 ξ

518 5592 630 5665 (cc)
684 5592 893 5650 Aerea.

446 5664 485 5718 Ο
518 5592 630 5720 (£8)
684 5592 893 5650 Aerea.
972 5590 1149 5664 Ἀέρια
1217 5595 1326 5658 καί,
1384 5607 1509 5648 non
1582 5596 1765 5666 reperi
1842 5595 1903 5651 in
1955 5595 2104 5655 meis

488 5679 523 5720 o
618 5704 631 5716 .

488 5679 605 5720 οαα
618 5704 631 5716 .

2212 5276 2856 5406 ggﬁcibuss‘Parisinis
2894 5275 2957 5334 in
3006 5277 3090 5335 De
3134 5272 3678 5336 commentatoribus
3716 5266 3774 5325 Ν·

2351 5390 2388 5406 σι.
2417 5365 2472 5406 D.
2577 5388 2590 5401 .

2351 5390 2388 5416 .,
2416 5365 2472 5421 p.
2500 5365 2590 5405 es.

2245 5665 2258 5677 .
2283 5594 2408 5678 (d5!)
2428 5594 2528 5678 {id
2541 5595 2836 5665 passionis
2853 5600 3042 5652 tamen
3060 5607 3296 5651 nomen.
3321 5599 3462 5670 Ipso
3484 5598 3660 5653 tamen
3676 5605 3779 5665 pas-

2214 5669 2396 5722 sionis
2428 5669 2707 5739 tempore.
