3904 6210
116 266 196 322 669

920 248 1291 308 COMMENT.
1335 248 1404 306 IN
1441 244 1876 304 ΜΛΤΤΗΛΕΗΜ.
1917 275 1986 286 -—
2023 244 2179 302 CAP.
2222 243 2418 300 XXVI.

3260 239 3364 296 670

120 385 439 462 ἑθορυϐἦθπσιν,
481 383 530 434 τί
596 379 692 434 οὐκ
759 378 822 432 ἂν
893 379 1104 446 ἔπαθον,
1169 370 1338 448 μηδὲν
1398 391 1638 446 προμας.

1787 374 1970 427 .ntur:
1999 370 2147 443 quid
2181 385 2302 428 non
2333 369 2491 444 passi
2517 368 2788 433 fuissent,
2834 367 2882 424 si
2909 366 3069 424 hanc
3097 365 3364 440 primum

118 482 248 536 ϐάντες
267 494 281 543 ;

167 569 326 622 Λουκᾶς
360 557 409 613 δε
451 558 574 628 ὶεγει
621 561 711 610 καὶ
765 564 916 609 τοῦτο
973 556 1130 610 εἰπεῖν
1194 557 1307 608 τότε
1361 554 1446 605 τὸν
1498 551 1600 604 Κύ-

113 674 208 727 ριον,
250 655 314 704 ὅτι
357 655 495 704 Τοῦτο
546 646 739 700 ποιεῖτε
802 645 872 706 εἰς
942 649 1035 704 τὴν
1093 643 1220 718 ἕμὴν
1285 640 1598 714 ἀνάμνησιν·

113 750 239 804 τοῦτο,
280 743 401 811 φησὶ,
454 740 505 789 τό
558 738 730 787 καινὸν
784 738 1094 808 μυστήριον,
1153 737 1243 784 καὶ
1290 735 1363 802 μὴ
1425 728 1602 797 ἐκεῖνο,

117 834 159 882 τό
194 828 380 880 παλαιόν.
409 827 582 879 Ἐκεῖνο
621 827 713 899 μεν
759 825 883 899 γάρ,
933 822 992 876 τό
1033 825 1325 894 θυσίασμα,
1359 819 1424 881 εἰς
1475 817 1604 870 ἀνά-

115 937 253 991 μνησιν
275 916 431 988 ἐγίνετο
453 913 620 982 τῆςρν
643 914 886 986 Αἰγύπτῳ
914 916 1171 987 σωτηρίας
1203 918 1302 963 τῶν
1324 907 1606 983 Ἑϐραϊκῶν

117 1011 389 1081 πρωτοτόκων,
416 1009 494 1057 καὶ
537 1011 634 1068 τῆς
678 1012 778 1056 τῶν
826 1001 1075 1078 Ἐϐραίων
1106 999 1407 1074 ἐλευθερίας·
1457 1004 1608 1050 τοῦτο

115 1093 158 1148 δι
178 1095 228 1156 εἰς
247 1093 482 1167 ἀνάμνησιν
517 1099 610 1146 τοῦ
653 1096 933 1146 Δεσπότου.
965 1093 1063 1145 Διὰ
1105 1099 1196 1152 τῆς
1237 1090 1477 1148 τοιαύτης
1508 1088 1608 1162 γὰρ

117 1184 257 1245 θυσίας
298 1181 772 1257 ἀναμιμνησκόμεθα,
830 1183 908 1234 ὃτι
965 1184 1025 1233 τὸ
1088 1187 1241 1253 σῶμα
1295 1178 1456 1232 αὐτοῦ
1515 1196 1610 1228 πα-

110 1269 280 1343 ρέδωκεν
343 1277 400 1335 εἰς
452 1273 664 1325 θάνατον
734 1272 861 1345 ὑπερ
947 1271 1111 1342 ἡμῶν,
1173 1273 1262 1322 καὶ
1338 1270 1396 1320 τό
1477 1267 1612 1338 αἷμα

113 1360 234 1412 αὐτοῦ
262 1359 406 1432 ἐξέχεε,
435 1365 516 1414 καὶ
671 1363 918 1434 συνεχείᾳ
963 1364 1058 1418 τὴν
1107 1363 1319 1432 μνήμην
1377 1354 1612 1410 ἀνανεού-

106 1449 219 1519 faba.

158 1534 289 1602 Εἶδες,
317 1546 409 1600 πῶς
437 1541 679 1612 μετέθηκε
716 1541 836 1601 τοὺς
864 1539 1104 1611 μαθητὰς
1136 1535 1237 1590 ἀπὸ
1266 1545 1358 1599 τῆς
1392 1534 1612 1597 παλαιᾶς

111 1625 245 1686 θυσίας
267 1624 334 1678 ἐπὶ
374 1632 455 1685 τήν
502 1633 705 1687 καινήν.
756 1632 890 1681 Ποία
917 1630 1015 1701 γὰρ
1070 1626 1258 1688 εἰκόνος
1309 1628 1386 1681 ἔτι
1430 1625 1610 1698 χρεία,

1712 476 1834 516 non
1863 459 2263 516 didicissent?

1781 547 1876 604 Ait
1900 553 2098 605 autem
2147 549 2336 604 Lucas
2374 548 2491 605 hoc
2520 562 2764 620 quoque
2793 546 3012 603 dixisse
3041 545 3362 610 Christum,

1712 639 1834 693 Hoc
1851 638 2039 707 facite
2055 638 2117 694 in
2136 639 2251 695 mei
2264 637 2714 695 recordationem
2737 638 2785 671 ³⁵
2806 655 2822 703 ς
2850 636 2986 703 hoc,
3020 635 3234 707 inquit,
3260 649 3366 690 no-

1711 742 1853 782 vum
1885 726 2250 798 mysterium,
2284 732 2341 783 et
2368 742 2488 781 non
2508 725 2654 782 illud
2685 728 2878 782 vetus.
2927 723 3236 796 Siquidem
3276 737 3368 777 ve-

1712 818 1810 870 tus
1841 813 1982 870 illud
2015 815 2366 887 mysterium
2422 814 2483 869 in
2535 813 3006 869 recordationem
3055 811 3369 867 inductum

1716 909 1804 960 est
1823 903 1908 961 sal
1920 903 2031 960 utis
2060 903 2438 960 Hebraeorum
2454 903 2990 976 primogenitorum
3012 901 3070 956 in
3089 903 3365 976 Egypto,

1716 1009 1786 1049 ac
1810 992 2094 1049 libertatis
2107 992 2525 1048 Hebraeorum:
2551 992 2664 1047 hoc
2697 995 2897 1048 autem
2922 991 2983 1045 in
3013 989 3370 1046 recordatio-

1717 1098 1856 1138 nem
1881 1080 2137 1138 Domini.
2173 1081 2283 1137 Per
2328 1079 2442 1138 tale
2468 1081 2629 1137 enim
2669 1078 3029 1138 sacriﬁcium
3057 1077 3371 1134 reminisci-

1717 1188 1872 1238 mur,
1901 1171 2065 1245 quod
2077 1186 2290 1242 corpus
2312 1186 2487 1226 suum
2509 1185 2617 1243 pro
2631 1169 2806 1224 nobis
2831 1168 2891 1223 in
2912 1171 3163 1223 mortem
3194 1164 3370 1222 tradi-

1717 1260 1885 1333 derit,
1913 1265 1968 1317 et
1996 1260 2348 1330 sanguinem
2375 1275 2551 1315 suum
2568 1257 2862 1326 effuderit,
2885 1273 2956 1314 ac
2985 1257 3067 1313 ita
3079 1255 3370 1313 continui-

1718 1355 1834 1407 tate
1865 1349 2220 1407 memoriam
2249 1364 2632 1406 renovamus.

1789 1546 2002 1604 Vidisti
2027 1562 2148 1620 quo
2178 1550 2353 1618 pacto
2383 1544 2712 1617 discipulos
2734 1559 2770 1600 a
2798 1542 2980 1600 veteri
3011 1541 3297 1600 sacriﬁcio
3310 1542 3372 1598 in

1722 1654 1945 1694 novum
1973 1635 2336 1693 transtulerit
2364 1634 2390 1689 ‘I
2415 1637 2556 1690 Nam
2580 1649 2715 1706 quae
2743 1637 2828 1689 est
2853 1632 3136 1704 deinceps
3164 1631 3374 1702 imagi-

106 1721 184 1774 τοῖς
204 1711 282 1772 ῆδν
303 1719 349 1768 τὸ
373 1721 699 1792 πρωτότυπον
737 1719 929 1790 ἔχουσι
961 1735 974 1786 ;
1008 1721 1145 1776 Φησὶ
1172 1712 1230 1769 δὲ
1260 1717 1286 1768 ὁ
1314 1715 1612 1792 χρυσόστο-

1791 1744 1818 1782 s
1834 1726 2073 1793 utilitas,
2113 1736 2315 1782 verum
2331 1724 2461 1796 jam
2488 1722 2795 1795 exemplar
2816 1720 3172 1778 habentibus
3186 1722 3214 1780 7
3227 1720 3376 1779 Dicit

107 1820 174 1870 μῦς
193 1803 300 1875 (27),
325 1806 394 1857 ὃτι
431 1810 513 1860 καὶ
546 1807 574 1858 ό
602 1809 826 1878 Χριστός
870 1813 1071 1879 πρῶτος
1125 1809 1240 1858 τότε
1267 1808 1496 1880 μετέσχε
1523 1809 1616 1856 τοῦ

106 1895 344 1964 μύστηρίου,
390 1895 465 1948 ἱνα
504 1899 579 1969 μὴ
636 1891 961 1968 ἀηδισθῶσι,
1019 1898 1215 1971 σαρκός
1261 1897 1351 1947 καί
1403 1894 1621 1968 αἵματος

106 1979 333 2049 μιταλαϐεἰν
375 1981 772 2061 ἕπετρεπόμενοι·
807 1989 891 2038 καὶ
920 1987 1107 2037 τούτου
1138 1980 1199 2037 δὲ
1227 1988 1525 2058 τεκμῄριον,
1557 1986 1617 2037 τὸ

104 2068 216 2122 εἰπεῖν
239 2069 384 2124 αὐτόν’

153 2162 333 2229 Δέγω-
383 2166 574 2238 Πατρός
607 2182 736 2236 μου.
799 2162 861 2216 Εἰ
919 2159 979 2215 δὲ
1026 2169 1117 2215 τοῦ
1167 2166 1422 2236 ποτηρίου
1472 2165 1618 2235 μετέ.

106 2264 189 2317 σχε,
231 2249 465 2322 praeﬁxi
531 2255 641 2330 ἄρα
715 2257 803 2306 καὶ
863 2259 956 2304 τοῦ
1004 2252 1184 2327 ἄρτου.
1239 2255 1308 2306 Τὸ
1373 2253 1463 2324 μὲν
1528 2248 1615 2304 οὖν

105 2334 260 2411 ἂπάρτι,
307 2346 530 2415 σημαίνει
610 2344 691 2414 τό,
779 2339 881 2395 ἀπὸ
942 2347 1034 2394 τοῦ
1113 2348 1222 2394 νῦν.
1278 2339 1498 2415 Ἦμέραν
1557 2337 1617 2394 δὲ

103 2422 243 2485 intra
284 2427 401 2502 λέγει
434 2433 518 2484 τὸν
563 2433 702 2505 μετὰ
771 2435 865 2490 τὴν
945 2429 1233 2484 ἀνάστασιν
1288 2429 1446 2483 αὑτοῦ
1501 2449 1611 2482 και.

102 2517 175 2584 ρόν,
220 2519 286 2570 ότι
329 2522 470 2592 ῖφαγε
512 2527 605 2575 καὶ
662 2527 772 2574 ἔπιε
817 2523 950 2595 μετά
1006 2528 1106 2573 τῶν
1152 2521 1418 2594 μαθητῶν,
1472 2517 1498 2571 ὃ
1527 2523 1617 2572 καὶ

102 2600 205 2656 αὑτοὶ
249 2611 512 2682 ποιούμενοι
571 2617 672 2673 τῆς
729 2608 1060 2672 ἀναστάσεως
1120 2609 1279 2662 αὐτοῦ
1327 2604 1616 2680 ἀπόδειξιν,

100 2690 233 2762 fitP/or,
297 2696 397 2770 (28)
462 2701 662 2761 Οἶτινες
717 2701 1064 2773 συνεφάγομεν
1144 2703 1235 2751 καὶ
1315 2702 1617 2773 συνεπίομεν

102 2779 215 2833 aha.
243 2789 401 2838 Καινὸν
447 2784 524 2855 δε,
581 2787 700 2841 ἀντὶ
737 2796 848 2855 τοῦ,
904 2797 1094 2852 καινῶς
1123 2793 1214 2842 καὶ
1267 2784 1606 2862 παραδόξως.

97 2874 169 2920 Τοῦ
202 2878 409 2942 σώματος
456 2880 556 2954 γὰρ
623 2876 1076 2950 ἆθανατισθέντος,
1128 2882 1217 2930 καὶ
1267 2881 1456 2952 μηκέτι
1495 2873 1616 2931 δεο-

99 2962 208 3025 mu
252 2960 471 3037 βρώσεως
523 2968 553 3027 ἦ
607 2971 829 3034 πόσεως,
882 2969 1037 3040 ἔφαγε
1073 2972 1164 3022 καὶ
1209 2969 1364 3034 ἔπιεν,
1425 2966 1484 3019 οὐ
1525 2961 1620 3019 διὰ

1727 1821 1927 1874 autem
1958 1816 2438 1888 Chrysostomus,
2469 1811 2635 1885 quod
2656 1812 2918 1868 Christus
2947 1815 3089 1867 tunc
3141 1810 3373 1884 primus

1729 1902 2454 1980 participavitmyterium,
2477 1917 2554 1958 ne
2566 1901 2883 1958 molestum
2895 1901 2980 1958 eis
3003 1905 3176 1966 esset,
3206 1899 3375 1974 quod

1727 2010 1964 2053 carnem
1995 1997 2052 2050 et
2075 1993 2430 2063 sanguinem
2461 1989 2817 2063 participare
2860 2006 2964 2047 eos
2993 1990 3332 2048 hortaretur
3357 2009 3371 2057 ι

1726 2085 1897 2157 cujus
1921 2083 2103 2142 etiam
2133 2083 2376 2153 signum
2406 2088 2533 2139 erat
2551 2079 2695 2153 quia
2717 2080 2894 2136 dixit:

1797 2174 1959 2230 Vers.
1987 2177 2074 2229 29.
2120 2172 2264 2229 Dico
2314 2201 2381 2213 ς-
2419 2169 2612 2226 Patris
2641 2170 2768 2226 mei.
2814 2170 2984 2236 Quod
3013 2169 3060 2226 si
3090 2169 3374 2244 poculum

1726 2262 2119 2336 participavit,
2144 2261 2350 2332 utique
2374 2264 2434 2316 et
2451 2275 2694 2333 panem.
2723 2259 2970 2316 Posthac
2992 2275 3152 2328 vero,
3178 2259 3241 2316 id
3265 2262 3372 2327 est,

1726 2351 1801 2409 ab
1828 2351 1945 2408 hac
1972 2351 2140 2408 hora.
2163 2349 2328 2406 Diem
2360 2355 2561 2408 autem
2581 2349 2748 2406 illum
2773 2351 2949 2405 vocat
2975 2353 3211 2422 tempus
3239 2352 3378 2422 post

1725 2440 2254 2506 Resurrectionem,
2283 2439 2531 2513 quando
2556 2438 2679 2495 edit
2694 2442 2751 2496 et
2777 2437 2924 2494 bibit
2962 2453 3092 2494 cum
3117 2437 3377 2509 discipu-

1728 2530 1836 2586 lis:
1871 2529 2033 2602 quod
2083 2529 2262 2586 etiam
2300 2527 2414 2602 ipsi
2462 2532 2765 2585 sumentes
2816 2542 2926 2599 pro
2956 2532 3118 2584 certo
3163 2526 3377 2583 Resur-

1726 2619 2005 2677 rectionis
2027 2617 2273 2683 indicio,
2304 2616 2604 2683 dicebant,
2639 2617 2756 2686 Qui
2795 2616 3280 2674 manducavimus
3323 2619 3380 2671 et

1729 2709 1976 2766 bibimus
1999 2724 2126 2765 cum
2147 2723 2213 2765 eo
2242 2708 2316 2763 ³⁸.
2352 2709 2582 2763 Novum
2621 2720 2783 2771 vero,
2821 2705 2883 2760 id
2907 2708 2995 2761 est
3015 2720 3170 2760 novo
3194 2710 3250 2760 et
3275 2703 3380 2760 ad-

1727 2797 2006 2855 mirando
2026 2796 2232 2854 modo.
2267 2797 2414 2852 Cum
2442 2795 2604 2852 enim
2625 2810 2841 2866 corpus
2869 2792 3115 2850 haberet
3144 2793 3379 2849 immor-

1726 2887 1862 2956 tale,
1918 2903 2025 2944 nec
2076 2884 2340 2958 amplius
2371 2884 2506 2941 cibo
2536 2888 2729 2954 egeret
2765 2887 2868 2940 aut
2913 2886 3078 2955 potu,
3119 2880 3382 2940 comedit

1727 2981 1928 3036 tamen
1950 2980 2006 3032 et
2031 2974 2184 3033 bibit
2210 2991 2223 3032 :
2256 2989 2380 3032 non
2410 2973 2490 3031 ob
2531 2973 2965 3040 necessitatem,
2989 2971 3095 3027 sed
3115 2970 3191 3028 ob
3216 2971 3378 3028 certi-

96 3051 248 3136 ζριίαν,
297 3050 411 3106 ἀλλὰ
473 3051 564 3109 διὰ
628 3055 739 3129 (29)
787 3054 1156 3130 πληροφορίαν,
1191 3064 1282 3110 τοῦ
1325 3060 1396 3129 μὴ
1435 3057 1621 3129 φάσμα

1787 3065 2018 3131 dinem,
2041 3079 2111 3120 ne
2148 3064 2506 3136 phantasma
2534 3063 2849 3122 videretur.
2885 3063 3156 3132 Regnum
3180 3063 3381 3118 autem

100 3129 240 3192 δοκεῖν.
261 3141 511 3196 Βασιλείαν
538 3141 602 3197 δὲ
632 3143 778 3198 καλεί
801 3129 901 3204 τήν
923 3141 1168 3198 δοθεῖσαν
1188 3144 1328 3216 αὐτῷ
1359 3145 1618 3212 ἐξουσίαν,

96 3222 390 3304 ὧςᾶοθρώπῳ,
428 3236 556 3305 μετὰ
618 3237 716 3292 τὴν
771 3231 1078 3288 ἀνάστασιν.
1135 3231 1328 3293 Ἐδόθη
1358 3253 1450 3308 μοι
1495 3236 1619 3311 γὰρ,

97 3317 204 3380 insi,
236 3324 363 3371 πᾶσα
387 3319 600 3386 ἕξουσία
629 3319 678 3374 ἓν
708 3322 906 3397 οὐρανῷ
926 3327 1016 3375 καὶ
1046 3321 1130 3378 ἐπὶ
1149 3331 1216 3395 Ίῆ
1229 3345 1267 3386 ς·
1299 3330 1404 3378 Τοῦ
1425 3326 1625 3398 Πατρός

94 3418 167 3468 μου
191 3399 254 3473 δε,
280 3413 522 3482 τουτέστι,
554 3419 625 3486 τῇ
659 3411 758 3464 ὑπὸ
789 3419 881 3465 τοῦ
905 3416 1111 3485 Πατρός
1137 3431 1239 3486 μου
1263 3409 1479 3487 δοθείσῃ
1510 3432 1621 3487 μοι.

95 3490 214 3582 γνᾶτο
239 3491 287 3549 δε
314 3496 432 3568 εἷπε,
472 3505 565 3556 καὶ
597 3497 742 3555 διότι
769 3504 898 3576 πρὸς
923 3501 1078 3554 αὐτόν
1113 3500 1351 3577 ἀναφέρει
1368 3503 1538 3556 πάντα
1563 3503 1628 3554 τὰ

99 3589 254 3638 εαυτοῦ.

140 3676 318 3751 Ὁμοίως
344 3683 398 3740 δε
421 3693 508 3742 καὶ
550 3689 771 3762 Μάρκος
823 3688 1064 3765 ἔγραψεν.
1120 3687 1284 3743 Ὀταν
1340 3689 1466 3743 αὑτό
1496 3693 1627 3742 πίνω

93 3771 225 3819 καινόν
274 3771 315 3823 ἓν
362 3786 424 3850 τῇ
503 3777 758 3852 βασιλείᾳ
808 3785 899 3832 τοῦ
974 3786 1128 3833 Θεοῦ.
1214 3783 1318 3833 Ναὶ
1384 3783 1482 3852 μὴν
1537 3784 1628 3832 καὶ

91 3859 269 3942 ςεουκᾱς,
324 3863 340 3878 '
366 3872 472 3930 Εως
541 3870 668 3922 ὅτου
725 3869 756 3927 ἠ
818 3866 1066 3942 βασιλεία
1131 3875 1224 3921 τοῦ
1305 3872 1430 3922 Θεοῦ
1481 3866 1626 3942 ἔλθη·

91 3939 310 4010 βασιλείαν
330 3960 413 4007 καὶ
451 3957 620 4023 οὗτοι,
673 3961 767 4016 τὴν
817 3954 1158 4025 δηλωθείσαν,
1191 3957 1440 4030 λέγοντες,
1490 3939 1630 4022 ἕξου-

89 4036 197 4087 σίαν.
223 4036 271 4092 ’0
305 4038 356 4095 δί
390 4051 603 4111 Λουκᾶς
633 4049 708 4101 ἔτι
736 4050 827 4098 καὶ
879 4051 997 4120 περὶ
1041 4053 1132 4100 τοῦ
1161 4053 1375 4120 νομικοῦ
1405 4053 1630 4118 Πασχα-

89 4128 216 4217 ﬁala
255 4128 392 4184 εἰπεῖν
430 4138 519 4188 τόν
557 4138 818 4210 Χριστόν,
851 4136 932 4188 ὅτι
971 4135 1045 4189 Οὐ
1073 4140 1146 4208 μὴ
1181 4137 1329 4209 φάγω
1366 4136 1419 4201 ἐξ
1445 4135 1627 4205 αὐτοῦ,

84 4215 159 4272 ἕως
185 4215 285 4269 ὅτου
327 4220 566 4299 πληρωθῇ
603 4222 656 4277 ἓν
685 4231 748 4298 τῇ
790 4222 1038 4300 βασιλείᾳ
1082 4232 1173 4279 τοῦ
1207 4231 1362 4294 Θεοῦ,
1395 4221 1628 4296 δηλαδὴ,

85 4306 133 4392 fl?"
185 4310 298 4392 ξατά
345 4315 426 4366 τόν
508 4314 678 4368 αἰῶνα
727 4317 816 4367 τὸν
867 4313 1142 4389 μεἋλοντα.
1202 4318 1304 4369 Καὶ
1363 4318 1478 4368 τότε
1531 4317 1630 4392 γὰρ

1729 3158 1904 3212 vocat
1923 3155 2270 3227 potestatem
2295 3152 2500 3210 datam
2533 3151 2646 3208 sibi
2678 3156 2964 3224 tanquam
2987 3150 3218 3207 homini
3247 3152 3384 3222 post

1730 3243 2245 3300 resurrectionem.
2279 3242 2430 3298 Data
2459 3247 2539 3297 est
2568 3240 2736 3306 mihi,
2765 3239 2978 3312 inquit,
3018 3239 3204 3295 omnis
3225 3243 3384 3310 pote-

1732 3338 1854 3390 stas
1892 3334 1954 3388 in
1981 3333 2119 3389 calo
2147 3331 2284 3388 etin
2312 3337 2476 3388 terra
2501 3331 2568 3384 ³⁷.
2626 3329 2820 3385 Patris
2849 3332 3050 3384 tamen
3101 3328 3217 3384 mei
3242 3325 3383 3382 dicit

1732 3423 1848 3480 hoc
1873 3425 1978 3488 est,
2001 3420 2165 3494 quod
2195 3436 2233 3478 a
2268 3422 2432 3477 Patre
2461 3417 2611 3474 mihi
2634 3417 2846 3474 datum
2894 3420 3000 3474 est.
3035 3419 3154 3474 Hoc
3183 3419 3382 3472 autem

1735 3510 1901 3578 dixit,
1918 3511 2058 3582 quia
2077 3509 2158 3568 ad
2184 3508 2353 3566 illum
2378 3505 2554 3564 refert
2572 3504 2780 3564 omnia
2803 3522 2931 3578 qua:
2963 3520 3071 3561 sua
3090 3507 3246 3560 sunt.

1807 3707 2084 3764 Similiter
2103 3709 2158 3763 et
2186 3707 2412 3761 Marcus
2439 3701 2678 3776 scripsit
2700 3719 2713 3758 :
2736 3702 2979 3770 Quando
2999 3701 3188 3757 bibam
3209 3701 3384 3757 illum

1737 3813 1951 3854 novum
1977 3796 2043 3853 in
2069 3809 2242 3865 regno
2272 3793 2380 3851 Dei
2401 3793 2472 3848 ³⁸.
2500 3794 2790 3849 Ρτωῐθτθε.
2820 3791 3002 3847 Lucas
3030 3806 3044 3846 :
3079 3790 3270 3846 Donec
3297 3803 3386 3846 re-

1735 3903 1917 3958 gnum
1942 3887 2058 3942 Dei
2077 3885 2273 3942 veniat
2295 3886 2346 3920 η
2375 3899 2389 3942 :
2418 3886 2700 3940 vocantes
2726 3880 2789 3937 hi
2818 3880 3086 3937 similiter
3109 3894 3386 3950 regnum,

1737 3975 2089 4048 praedictam
2104 3976 2480 4046 potestatem.
2498 3972 2685 4028 Lucas
2699 3969 2876 4026 etiam
2889 3970 2964 4026 de
2975 3969 3150 4039 legali
3163 3968 3390 4025 Pascha

1740 4064 2034 4123 Christum
2063 4063 2146 4120 ait
2173 4062 2421 4118 dixisse:
2451 4061 2586 4118 Non
2615 4060 2778 4116 edam
2805 4075 2880 4116 ea:
2917 4074 2982 4115 eo
3027 4058 3203 4114 donec
3233 4073 3390 4114 com-

1737 4155 1981 4224 pleatur
1995 4168 2060 4209 ιη
2072 4167 2248 4224 regno
2262 4151 2374 4208 Dei
2397 4152 2466 4218 ³ο,
2489 4148 2656 4222 quod
2667 4147 2939 4205 videlicet
2959 4147 3065 4204 erit
3086 4146 3147 4202 in
3164 4146 3386 4202 saeculo

1739 4247 2028 4300 venturo:
2068 4245 2208 4298 tunc
2236 4239 2396 4298 enim
2433 4238 2658 4295 Pascha
2696 4236 2958 4310 perﬁciet
2985 4240 3043 4291 et
3071 4235 3390 4306 perfectius

1741 4336 1798 4388 et
1818 4329 2042 4404 purius,
2061 4327 2384 4386 immolans
2403 4325 2705 4384 ineffabile
2729 4324 2991 4380 Verbum
3003 4321 3322 4377 divinitatis
3333 4323 3391 4376 et

83 4384 302 4488 ξτξιτελὶσει
328 4404 382 4452 τό
430 4405 642 4478 Πάσχα
697 4403 1004 4477 τελειότερον
1046 4422 1101 4456 τε
1129 4408 1219 4456 καὶ
1248 4384 1630 4478 καθαρώτερον,

1787 4384 2140 4478 uitiari—itane
2154 4435 2298 4481 suae,
2318 4415 2520 4488 gladio
2531 4412 2817 4471 doctrinae
2833 4411 3138 4467 dissecans
3159 4408 3300 4464 illud
3318 4423 3390 4465 ac

87 4476 196 4568 θύων
230 4488 302 4536 τὸν
352 4476 650 4568 ἀπόρρητον
700 4491 849 4566 λόγον
904 4476 996 4566 τῇς
1055 4493 1295 4555 θεότητος
1332 4476 1493 4545 αὗτοῦ
1523 4476 1634 4547 Vacat

84 4571 160 4655 ῖῇς
180 4566 557 4649 ἀνθρωπότητος,
594 4589 661 4655 τῇ
710 4585 959 4655 μαχαίρᾳ
989 4589 1084 4655 τῇς
1128 4577 1506 4647 διδασκαλίας,
1544 4587 1634 4636 καὶ

83 4649 262 4731 δάιρῶν
289 4667 434 4722 αὐτὸν
462 4675 556 4724 καὶ
602 4667 860 4746 διανέμων
894 4677 1005 4734 τοῖς
1062 4669 1228 4734 ἀξίοις
1265 4678 1362 4745 τῇς
1389 4674 1635 4736 τοιαύτης

84 4760 417 4828 μνσταγωγίας.

137 4841 210 4900 Τίς
235 4838 286 4895 δε
309 4847 337 4904 ἡ
384 4852 539 4910 πόσις
738 4853 827 4902 καὶ
849 4848 900 4922 {ﬁ
955 4847 1248 4913 ἀπόλαυσις
1275 4865 1290 4919 ;
1320 4849 1493 4924 Ἠμῶν
1520 4853 1634 4925 μὲν,

1742 4509 2016 4568 dividens
2037 4507 2133 4565 his
2171 4506 2280 4581 qui
2308 4519 2609 4566 sacrorum
2639 4517 2890 4560 suorum
2918 4497 3193 4557 doctrina
3221 4496 3392 4568 digni

1744 4603 1939 4658 erunt.

1813 4847 1987 4919 Quod
2013 4849 2216 4904 autem
2252 4843 2347 4902 vel
2375 4846 2670 4918 quantum
2717 4838 3007 4912 gaudium
3033 4841 3142 4906 est,
3179 4841 3244 4894 ut
3279 4853 3394 4895 nos

135 4963 176 4997 ²⁵
209 4965 328 5027 Luc.
372 4987 516 5047 nn,
564 4978 652 5032 t9.
697 4974 746 5010 ³⁸
786 4977 905 5032 Act.
967 4990 1028 5042 ι,
1071 4975 1161 5031 41.
1199 4976 1248 5012 ³⁷
1293 4976 1490 5034 Matth.
1536 4991 1638 5035 απ

1787 4977 1868 5032 18.
1919 4973 1970 5011 ’⁸
2017 4974 2190 5030 Marc.
2240 4971 2329 5038 14,
2383 4971 2473 5025 25.
2531 4969 2580 5004 ²⁰
2633 4967 2776 5023 Luc.
2827 4979 2928 5031 xx,
2988 4963 3077 5019 18.
3151 4962 3199 4998 ³ο
3243 4960 3394 5019 Ibid.

87 5050 151 5108 ιο.

1275 5243 1501 5314 Varia
1512 5243 1842 5314 lectiones
1858 5248 1926 5311 et
1939 5249 2139 5310 notae.

131 5429 228 5570 ἳὲἔζ
255 5439 823 5570 Τὸτῗύἶὲξέξνῖδλ
861 5437 928 5495 Β·

377 5548 396 5570 .
718 5530 740 5570 ς
763 5511 869 5568 dat
893 5513 928 5568 C

257 5504 396 5582 Ὀτι,
417 5524 530 5582 pro
556 5504 740 5572 οἵτινες
763 5511 869 5568 dat
893 5509 1038 5569 Cod.
1071 5511 1144 5570 A.

133 5571 229 5708 £29;
262 5571 622 5645 Διά,’όωίιιίι
652 5571 798 5640 cod.
833 5587 903 5641 A.

151 5647 209 5698 30
263 5655 500 5708 Ποσότις.
528 5669 646 5708 nro
668 5657 840 5708 πόσις.
869 5656 903 5708 C

151 5647 229 5716 30)
263 5655 500 5722 Ποσότις,
528 5669 646 5726 pro
668 5657 840 5720 πόσις,
869 5653 1016 5712 Cod.
1052 5656 1119 5712 A.
1148 5653 1466 5712 Hentenius
1480 5653 1642 5712 vide-

1752 5443 1847 5496 tur
1895 5436 2152 5507 legisse:
2197 5437 2303 5507 _Tt';
2359 5429 2419 5485 δε
2478 5433 2569 5485 κάι
2622 5432 2773 5507 πόση·
2911 5426 3232 5507 ἀπόλαυσις,
3301 5427 3400 5505 aut

1750 5515 1892 5567 πόση
1922 5499 2004 5570 τῖς
2018 5509 2072 5566 ἠ.
2103 5504 2220 5562 Sed
2235 5520 2327 5567 ea.
2350 5519 2532 5574 quam
2552 5517 2664 5574 nos
2685 5499 3088 5574 exhibuimus,
3111 5500 3198 5553 est
3223 5499 3400 5574 un_i_ca

1751 5595 1888 5638 vera
1914 5567 2108 5636 lectio.
2136 5578 2223 5633 [ta
2242 5567 2402 5633 enim
2429 5574 2507 5632 ad
2541 5573 2798 5631 verbum
2823 5569 2989 5642 apud
3021 5568 3262 5636 Gregor.
3294 5567 3400 5622 Ne-

1752 5653 1932 5710 zianz.
1960 5666 2022 5724 p.
2060 5649 2166 5705 258
2193 5647 2352 5705 circa
2373 5646 2478 5702 ﬁn.
