3904 6210
453 249 552 304 671
1770 230 2118 289 EUTHYMII
2157 224 2488 284 ZIGABENI
3688 218 3769 272 6'12

456 372 694 445 quidem
732 372 1055 437 discamus,
1097 368 1193 426 ille
1228 382 1371 424 vero
1418 364 1659 422 doceat:
1703 366 1761 419 et
1796 374 1922 417 una
1960 373 2075 414 cun

2228 356 2268 406 τὸ
2314 355 2511 427 μαθεῖν,
2574 350 2760 404 ἐκείνου
2813 347 2872 403 δὲ
2927 353 2985 404 τὸ
3044 345 3262 412 διδάξαι
3312 350 3401 398 καὶ
3448 342 3769 396 κοινὼσασθαι

456 464 540 520 eis
559 463 706 534 ipsis
728 462 857 533 ejus
880 458 1193 531 discipulis
1213 456 1461 513 verbum
1484 451 1925 526 participemus,
1950 449 2100 503 sicut

456 555 535 609 ait
566 551 872 622 Gregorius
903 548 1255 618 Theologus.
1300 544 1705 601 Pulcherrima
1754 542 1860 611 (ee)
1894 544 1979 595 est
2027 537 2099 593 de

459 640 554 697 tali
581 639 807 696 Pascha
836 636 1238 713 philosophia.
1275 634 1389 692 Sed
1418 633 1492 689 de
1523 633 1615 689 his
1651 632 1957 688 hactenus.

530 840 694 893 Nunc
708 839 906 892 autem
935 836 1105 890 Lucae
1131 832 1312 888 verba
1336 831 1644 887 tractanda
1658 831 1795 885 sunt
1815 842 1884 883 ac
1908 824 2101 881 conci.

457 924 679 991 lianda,
704 929 994 997 quatenus
1010 921 1299 997 possibile
1326 919 1519 976 fuerit.
1543 920 1635 975 Ait
1656 916 1817 973 enim
1834 915 1928 971 ille
1950 912 2105 970 Chri-

460 1021 619 1070 stum
644 1014 837 1085 primo
859 1011 1101 1085 quidem
1139 1008 1466 1081 sumpsisse
1496 1007 1779 1080 poculum
1806 1010 1860 1061 et
1887 1002 2105 1077 gratias

459 1103 651 1173 egisse
663 1118 731 1158 ac
744 1101 988 1158 dixisse:
1013 1101 1273 1170 Accipite
1289 1099 1396 1155 hoc
1409 1105 1466 1155 et
1480 1095 1887 1154 dividiteinter
1907 1108 2003 1150 vos
2024 1092 2067 1127 δι
2089 1108 2102 1158 ;

459 1191 676 1248 deinde
707 1190 1032 1262 sumpsisse
1058 1205 1277 1261 panem
1300 1193 1355 1244 et
1381 1187 1602 1258 gratias
1635 1184 1825 1255 egisse
1855 1199 1924 1239 ac
1959 1182 2102 1237 divi-

463 1281 609 1337 sisse
641 1280 683 1316 ³¹
716 1301 730 1347 ;
764 1279 1029 1335 similiter
1049 1284 1238 1334 autem
1266 1282 1321 1333 et
1348 1276 1632 1349 poculum
1664 1273 1865 1345 ipsum
1897 1290 1909 1327 :
1948 1270 2106 1326 unde

460 1369 688 1425 videtur
716 1369 785 1424 de
808 1368 1043 1424 duobus
1062 1366 1226 1439 loqui
1248 1365 1496 1439 poculis.
1521 1368 1647 1421 Non
1674 1368 1764 1419 est
1784 1367 1985 1418 autem
2007 1362 2103 1427 ita,

461 1458 564 1514 sed
594 1457 856 1531 primum
879 1456 1123 1529 quidem
1151 1455 1403 1527 sumpsit
1423 1452 1709 1527 poculum
1730 1458 1783 1506 et
1804 1449 2110 1507 benedixit

462 1562 533 1601 ac
571 1545 717 1601 dixit
746 1562 758 1600 :
799 1544 1063 1613 Accipite
1093 1544 1203 1600 hoc
1228 1549 1280 1599 et
1310 1542 1548 1598 dividite
1569 1541 1727 1597 inter
1755 1554 1866 1594 vos.
1890 1538 2108 1593 Deinde

464 1651 598 1690 cum
633 1634 958 1690 addidisset
986 1651 999 1689 :
1033 1634 1416 1706 Nequaquam
1450 1632 1641 1689 bibam
1672 1630 1745 1687 de
1777 1630 1880 1685 hoc
1910 1633 2109 1696 fructu

462 1725 607 1783 vitis
641 1724 823 1780 donec
858 1738 1103 1793 regnum
1131 1724 1236 1778 Dei
1261 1722 1474 1791 veniat,
1516 1722 1721 1777 timore
1753 1718 1955 1775 mortis
1987 1734 2108 1772 suae

464 1814 724 1871 turbavit
760 1830 881 1868 eos.
934 1814 1004 1869 Ut
1043 1817 1242 1868 autem
1274 1810 1589 1867 verisimile
1629 1814 1736 1880 est,
1778 1808 1933 1864 facta
1972 1822 2110 1863 con‘

466 1904 782 1959 certatione
797 1903 886 1973 (/7)
901 1918 969 1957 ac
992 1901 1359 1968 confusione,
1383 1900 1703 1973 repositum
1724 1896 2109 1971 estpoculum

467 1991 688 2047 Deinde
734 1990 1036 2063 aliquanto
1094 1994 1231 2061 post
1285 1996 1552 2061 tempore
1600 1988 1756 2043 facta
1795 1991 1935 2042 sunt
1981 2002 2111 2059 quin

467 2085 815 2152 sequuntur,
889 2080 1007 2134 sive
1085 2078 1260 2151 panis
1351 2079 1471 2134 sive
1564 2076 1763 2150 poculi
1852 2075 2110 2132 traditio.

468 2172 613 2225 Cum
649 2168 808 2224 enim
841 2167 1051 2223 dixerit
1080 2166 1447 2236 evangelista
1477 2166 1552 2221 de
1598 2180 1771 2237 pane,
1814 2163 1977 2236 quod
2011 2164 2112 2218 ubi

467 2259 688 2330 gratias
718 2256 933 2328 egisset
964 2256 1132 2326 fregit
1170 2272 1239 2311 ac
1269 2256 1432 2313 dedit
1460 2256 1543 2311 eis
1573 2272 1583 2310 :
1618 2254 1833 2310 deinde
1871 2254 2113 2323 subjun-

467 2348 635 2403 xerit.
666 2345 946 2402 Similiter
971 2352 1026 2401 et
1041 2346 1318 2415 poculum
1342 2346 1534 2414 ipsum
1562 2346 1610 2380 ⁸³
1636 2362 1648 2400 :
1674 2342 1935 2399 ostendit
1954 2342 2114 2414 quod

467 2436 613 2492 illud
635 2435 832 2508 ipsum
851 2434 957 2490 fuit
976 2434 1254 2507 poculum
1278 2434 1435 2506 quod
1456 2434 1618 2507 prius
1636 2436 1963 2505 acceperat.
1988 2434 2114 2487 Non

469 2526 625 2582 enim
662 2524 1002 2597 simpliciter
1030 2524 1197 2591 dixit,
1230 2522 1508 2579 Similiter
1536 2528 1592 2579 et
1628 2523 1911 2595 poculum
1942 2540 1955 2577 :
1986 2521 2112 2586 sed,

470 2614 748 2672 Similiter
785 2622 835 2671 et
883 2616 1155 2684 poculum
1183 2616 1399 2684 ipsum,
1432 2613 1636 2669 addito
1678 2611 1948 2667 videlicet
1974 2610 2112 2667 arti-

471 2704 623 2769 culo,
654 2710 709 2759 et
737 2720 862 2760 rem
895 2705 964 2759 de
990 2719 1112 2777 qua
1137 2703 1291 2759 facta
1315 2706 1405 2758 est
1443 2702 1663 2758 mentio
1696 2699 2110 2771 significando.

470 2794 759 2850 Praeterea
787 2794 951 2866 quod
995 2793 1375 2864 subjungitur
1402 2810 1415 2848 :
1445 2794 1569 2848 Hoc
1603 2793 1795 2861 ipsum
1832 2791 2114 2861 poculum

470 2899 681 2939 novum
717 2885 1147 2939 Testamentum
1173 2889 1255 2939 est
1282 2884 1346 2937 in
1376 2899 1495 2938 meo
1531 2882 1831 2952 sanguine,
1857 2880 1964 2935 etsi
1993 2896 2118 2935 sca-

470 2975 651 3031 brosa
680 2972 900 3029 locutio
928 2971 1214 3037 videatur,
1252 2971 1395 3027 nihil
1428 2977 1629 3028 tamen
1653 2970 1848 3027 differt
1888 2986 1924 3025 a
1961 2969 2117 3025 dicto

2208 450 2311 505 τοίς
2387 442 2568 495 ἑαυτοῦ
2644 442 2907 514 μαθηταῖς
2977 443 3064 492 τόν
3124 438 3295 509 λόγον,
3351 437 3419 496 ὡς
3475 435 3501 485 ὁ
3562 432 3769 501 Θεολόγος

2211 538 2339 606 φησί
2371 536 2675 606 Γρηγόριος,
2729 530 2982 582 κάλλιστα
3031 532 3149 603 περὶ
3197 534 3288 579 τοῦ
3335 526 3581 576 τοιούτου
3616 522 3771 591 Πάσχα

2211 622 2585 695 φιλοσοφήσας.
2644 618 2795 672 Ἀλλά
2866 624 2957 671 καὶ
3008 622 3127 692 περὶ
3203 618 3398 668 τούτων
3456 614 3551 685 μὲν
3610 611 3671 673 εἰς
3716 629 3771 661 τοι

2212 719 2417 768 σοῦτον,

2280 822 2358 873 Τὰ
2410 815 2468 871 δὲ
2509 825 2599 870 τοῦ
2654 822 2834 871 Λουκᾶ
2887 816 3024 891 ῥητὰ
3079 814 3506 887 μεταχειριστέον
3559 814 3653 859 καὶ
3682 826 3775 878 συμ-

2212 909 2499 973 ϐιϐαστέον,
2552 910 2618 970 ὡς
2675 908 2780 960 οἷόν
2832 925 2902 958 τε.
2952 908 3101 975 Λέγει
3149 904 3250 976 γὰρ
3307 900 3493 960 ἐκεῖνος
3550 901 3644 949 τὸν
3686 904 3776 969 Χρι-

2216 1003 2335 1053 στόν
2394 1006 2594 1072 πρῶτον
2650 1000 2738 1069 μὲν
2793 994 2964 1047 λαϐεῖν
3015 998 3282 1065 ποτήριον,
3342 994 3433 1041 καὶ
3491 988 3776 1060 εὐχαριστῇ

2217 1109 2327 1156 σαι,
2398 1094 2486 1140 καὶ
2538 1088 2714 1140 εἰπεῖν.
2787 1083 2982 1138 Λάϐετε
3058 1090 3231 1148 τοῦτο,
3304 1084 3394 1131 καὶ
3468 1073 3777 1149 διαμερίσατε

2216 1180 2435 1239 ἑαυτοῖς·
2506 1174 2616 1231 εἶτα
2665 1174 2835 1228 λαϐεῖν
2892 1176 3068 1249 ἄρτον,
3119 1176 3207 1224 καὶ
3266 1170 3683 1242 εύχαριστᾶσαι,
3715 1171 3776 1215 καί

2217 1267 2498 1342 διανεῖμαι·
2561 1269 2803 1326 ὡσαύτως
2861 1260 2918 1317 δὲ
2971 1264 3084 1335 (3i)
3133 1266 3223 1313 καὶ
3270 1263 3327 1311 τὸ
3374 1263 3653 1331 ποτήριον.
3708 1260 3777 1307 Καὶ

2217 1339 2519 1431 δοκεῖ-περὶ
2576 1356 2688 1428 (32)
2738 1351 2835 1408 δύο
2888 1356 3150 1426 ποτηρίων
3192 1350 3373 1421 λέγειν.
3425 1346 3539 1400 Οὐκ
3594 1339 3779 1398 ἔστι

2215 1456 2389 1512 τοῦτο,
2448 1445 2575 1498 ἀλλὰ
2626 1452 2824 1520 πρῶτον
2881 1446 2970 1515 μὲν
3054 1439 3199 1495 ἔλαϐε
3251 1443 3525 1509 ποτήριον,
3583 1439 3674 1487 καὶ
3715 1432 3784 1490 ηὗ-

2216 1542 2532 1612 χαρίστησε,
2588 1538 2677 1586 καὶ
2726 1530 2849 1586 εἷπε·
2905 1530 3101 1584 Λάϐετε
3148 1536 3319 1593 τοῦτο,
3374 1532 3462 1578 καὶ
3496 1522 3781 1598 διαμερίσα-

2216 1646 2269 1679 τε
2322 1626 2536 1686 ἐαυτοῖς.
2590 1621 2717 1677 Εἶτα
2769 1622 3031 1693 προσθεὶς,
3086 1621 3165 1671 ὅτι
3201 1618 3277 1669 Ού
3325 1620 3395 1689 μὴ
3442 1618 3547 1667 πίω
3579 1612 3678 1664 ἀπὸ
3715 1617 3781 1662 τοῦ

2217 1721 2529 1787 γεννήματος
2599 1721 2694 1772 τῆς
2770 1709 3017 1783 ἀμπέλου,
3089 1708 3177 1767 ἕως
3261 1707 3378 1757 ὅτου
3452 1705 3481 1762 ἡ
3578 1700 3783 1773 βασιλεία

2220 1812 2311 1857 τοῦ
2369 1810 2501 1856 Θεοῦ
2560 1802 2701 1874 ἔλθη·
2753 1809 2823 1871 τῷ
2874 1798 3012 1871 φόϐῳ
3076 1804 3164 1849 τοῦ
3225 1797 3443 1847 θανάτου
3501 1791 3661 1843 αὐτοῦ
3710 1786 3784 1840 ὄιε-

2770 1709 3017 1783 ἀμπέλου,
3089 1708 3177 1767 ἕως
3261 1707 3378 1757 ὅτου
3452 1705 3481 1762 ἡ

2219 1893 2434 1969 τάραξιν
2490 1890 2693 1952 αὐτούς·
2736 1891 2819 1942 οἵα
2889 1885 2947 1941 δὲ
2999 1886 3151 1951 εἰκὸς,
3212 1882 3493 1957 διατριϐῆς
3543 1884 3636 1933 καὶ
3688 1898 3784 1949 συγ-

2220 1988 2432 2055 χύσεως
2486 1985 2780 2054 γενομένης,
2837 1976 3051 2029 ἀπέθετο
3098 1978 3155 2027 τὸ
3215 1978 3481 2045 ποτήριον·
3539 1968 3669 2033 εἶτα,
3702 1988 3783 2017 καί·

2222 2080 2314 2147 ρού
2370 2090 2503 2132 τινος
2558 2067 2867 2133 διελθόντος,
2924 2070 3173 2140 γεγόνασι
3227 2066 3294 2115 τὰ
3350 2061 3489 2133 ἐξῇς,
3540 2063 3569 2117 ἦ
3631 2078 3681 2109 τε
3720 2064 3785 2107 τω

2224 2164 2382 2237 ἄρτου
2450 2166 2539 2213 καὶ
2600 2162 2626 2219 ἠ
2680 2166 2770 2211 τοῦ
2834 2160 3085 2232 ποτηρίου
3141 2148 3446 2227 μετάδοσις.
3497 2149 3667 2203 Εἰπὼν
3707 2149 3781 2217 γὰρ

2224 2256 2250 2307 ὀ
2299 2251 2667 2327 εὐαγγελιστὴς
2720 2251 2838 2320 περὶ
2893 2253 2982 2299 τοῦ
3036 2247 3216 2319 ἄρτου,
3287 2243 3365 2293 ὃτι
3419 2240 3784 2311 εὐχαριστήσας

2222 2344 2426 2405 ἔχλασε,
2502 2344 2591 2393 καὶ
2660 2334 2845 2391 ἔδωκεν
2940 2335 3133 2395 αὐτοῖς·
3215 2329 3321 2385 εἶτα
3386 2328 3677 2400 ἐπαγαγὼν,
3722 2328 3782 2377 ὁτι

2224 2435 2469 2493 ὡσαύτως
2524 2434 2611 2482 καὶ
2668 2432 2724 2480 τὸ
2795 2430 3059 2502 ποτήριον,
3132 2418 3339 2490 ἔδειξεν,
3410 2421 3493 2471 ὃτι
3550 2417 3693 2469 ἐκεῖνο
3738 2419 3781 2465 τό

2223 2528 2493 2596 ποτήριον,
2575 2519 2599 2570 ὃ
2653 2521 2894 2592 πρότερον
2968 2512 3158 2566 ἔλαϐεν.
3221 2510 3330 2562 Οὐχ
3406 2505 3516 2560 εἶπε
3568 2509 3683 2580 γὰρ,
3722 2507 3783 2555 ὁτι

2222 2613 2489 2672 Ὡσαύτως
2540 2613 2629 2660 καὶ
2684 2611 2952 2680 ποτηριον,
3005 2602 3129 2666 ἀλλ’,
3186 2602 3265 2653 ὅτι
3314 2599 3581 2659 Ὡσαύτως
3631 2596 3781 2646 καὶτὸ

2223 2708 2481 2775 ποιηριον·
2559 2705 2621 2771 τῇ
2697 2697 2972 2772 προσθήκῃ
3028 2698 3119 2744 τοῦ
3188 2691 3382 2762 ἄρθρου
3440 2689 3498 2738 τό
3564 2704 3782 2758 προεγνω-

2229 2796 2409 2865 σμένον
2489 2784 2750 2847 δηλώσας.
2824 2788 2893 2837 Τό
2952 2778 3031 2847 δε,
3106 2787 3269 2833 Τοῦτο
3324 2781 3383 2830 τὸ
3450 2780 3705 2849 ποτήριον,
3761 2774 3780 2826 ἐ

2227 2885 2376 2939 καινὴ
2455 2880 2710 2944 suam,
2771 2874 2818 2927 ἐν
2871 2882 2943 2946 τῷ
2997 2874 3179 2944 αίματί
3254 2888 3376 2941 μου,
3434 2867 3479 2919 εί
3528 2869 3617 2917 καί
3670 2860 3789 2915 δοκεῖ

2230 2969 2584 3045 δύσφραστον,
2644 2965 2754 3018 ἀλλ’
2806 2960 2955 3017 οὐδὲν
3010 2958 3245 3033 διαφέρει
3283 2965 3374 3010 τοῦ
3425 2955 3579 3027 λόγόυ
3609 2960 3691 3005 τού
3716 2952 3788 3025 ρξ’

471 3078 745 3120 sermone
784 3077 963 3134 quem
1017 3061 1323 3117 Matthaeus
1369 3066 1424 3117 et
1469 3062 1696 3116 Marcus
1737 3059 2075 3132 scripserun‘

2230 3063 2401 3119 θέντος
2447 3060 2546 3111 ύπὸ
2626 3056 2899 3109 Ματθαίου
2972 3055 3059 3103 καὶ
3135 3051 3374 3123 Μάρκου.
3459 3045 3666 3097 Ἐκεῖνοι
3717 3044 3789 3113 μὲν

472 3152 561 3211 Illi
602 3151 899 3224 siquidem
930 3150 1241 3207 dixerunt:
1282 3151 1391 3207 Hic
1421 3157 1502 3208 est
1547 3150 1793 3220 sanguis
1822 3164 1979 3204 meus
2017 3148 2120 3220 qui

474 3249 554 3300 est
582 3242 719 3298 novi
749 3243 1119 3307 Testamenti,
1149 3242 1261 3297 hoc
1296 3245 1401 3309 est,
1434 3240 1532 3312 qui
1561 3256 1782 3296 novum
1817 3238 1986 3295 tradit
2020 3240 2119 3293 Te-

473 3336 857 3389 stamentum.
921 3331 1022 3385 Hic
1075 3336 1274 3386 autem
1326 3330 1445 3386 ait:
1503 3330 1634 3387 Hoc
1686 3329 1883 3401 ipsum
1938 3343 2118 3400 pocu-

472 3420 597 3475 lum
651 3436 876 3475 novum
925 3420 1367 3474 Testamentum
1418 3423 1523 3486 cst,
1556 3420 1720 3490 quod
1776 3432 1887 3487 ego
1960 3431 2120 3471 nunc

474 3512 655 3564 testor
678 3508 1023 3579 praecipiens
1054 3507 1245 3569 vobis,
1274 3512 1335 3562 ut
1367 3506 1447 3561 ita
1486 3505 1733 3563 faciatis.
1766 3507 1889 3561 Hoc
1919 3510 2119 3560 autem

476 3613 703 3653 novum
727 3599 1165 3651 Testamentum
1194 3600 1280 3650 est
1316 3596 1377 3650 in
1410 3611 1543 3649 meo
1574 3596 1897 3664 sanguine;
1950 3599 2119 3649 vetus

476 3684 1085 3740 enim'l‘estamentum
1104 3683 1462 3739 irrationalis
1483 3683 1756 3739 animalis
1776 3683 2121 3752 sanguinem

476 3772 750 3829 habebat.
782 3771 1055 3827 Similiter
1082 3776 1137 3826 ct
1161 3771 1325 3843 quod
1355 3771 1621 3843 sequitur
1649 3788 1660 3825 ι
1708 3773 2122 3828 Verumtamen

477 3876 605 3919 ecce
626 3876 831 3916 manus
871 3860 1154 3916 tradentis
1181 3877 1270 3916 me
1310 3876 1535 3916 mecum
1580 3868 1663 3917 est
1707 3863 1769 3917 in
1810 3877 2012 3917 mensa
2050 3862 2119 3927 ³³,

479 3949 669 4006 simile
691 3949 872 4005 estilli
900 3949 1066 4021 quod
1097 3949 1311 4006 dicitur
1336 3967 1349 4005 :
1376 3950 1489 4017 Qui
1508 3952 1824 4007 manducet
1858 3966 2120 4016 mecum;

478 4044 580 4097 aut
604 4056 616 4095 :
642 4039 750 4105 Qui
770 4039 1014 4095 intinxit
1033 4055 1257 4096 mecum
1288 4055 1529 4096 manum
1552 4041 1611 4095 in
1635 4043 1851 4098 catino.
1876 4042 1997 4097 Hoc
2023 4058 2123 4097 au-

479 4134 595 4186 tem
628 4128 828 4200 posuit
846 4128 1035 4185 Lucas
1059 4134 1195 4201 post
1223 4129 1395 4201 panis
1426 4134 1481 4185 et
1510 4128 1704 4201 poculi
1731 4129 2120 4198 divisionem;

478 4218 781 4276 Matthaaus
801 4222 856 4273 et
879 4220 1099 4273 Marcus
1120 4222 1257 4275 ante
1278 4218 1454 4275 illam.
1476 4218 1640 4275 Unde
1662 4224 1931 4292 apparet,
1957 4220 2123 4292 quod

476 4308 590 4364 hor
621 4307 715 4363 bis
744 4307 955 4363 dixerit
984 4306 1270 4373 Christus,
1303 4313 1359 4364 et
1396 4312 1527 4364 ante
1555 4309 1974 4381 mysteriorum
2014 4314 2123 4365 tra-

2226 3153 2327 3223 γάρ
2378 3146 2534 3217 εἶπον,
2587 3150 2748 3199 Τοῦτό
2802 3143 2913 3195 ἐστι
2964 3144 3022 3193 τὸ
3081 3141 3211 3211 αἷμά
3268 3156 3390 3209 μου,
3448 3139 3505 3186 τό
3559 3142 3645 3192 τῆς
3692 3148 3791 3179 και-

2226 3248 2318 3301 νῆς
2376 3240 2655 3301 Διαθηκης,
2700 3238 2959 3301 τουτέστι,
3012 3231 3037 3282 ὁ
3088 3232 3117 3287 ἠ
3163 3232 3313 3285 καινὴ
3376 3226 3601 3281 Διαθήκη
3651 3239 3791 3291 παρα-

2229 3325 2473 3381 δίδωσιν·
2526 3327 2675 3387 οὗτος
2732 3320 2791 3376 δέ
2848 3341 3024 3395 φησιν,
3066 3320 3144 3371 ὃτι
3181 3324 3346 3371 Τοῦτο
3402 3317 3459 3366 τὸ
3500 3316 3723 3384 ποτήριον
3764 3308 3785 3361 ἑ

2227 3422 2378 3477 καινή
2414 3418 2644 3474 Διαθήκη
2704 3412 2864 3476 ἐστὶν,
2926 3410 2985 3467 ἢν
3034 3406 3132 3480 ἐγὼ
3186 3403 3491 3477 διατίθεμαι
3520 3410 3622 3463 νῦν,
3658 3394 3788 3450 and-

2227 3509 2433 3581 λόμενος
2479 3508 2598 3578 ὑμῖν
2646 3504 2780 3555 οὕτω
2832 3507 3020 3554 ποιεῖν.
3087 3500 3247 3554 Καινη
3303 3490 3363 3546 δὲ
3392 3500 3543 3545 τοῦτο
3590 3489 3785 3542 Audin:

2230 3597 2393 3661 ἐστὶν,
2449 3595 2494 3648 ἐν
2546 3602 2619 3664 τῷ
2670 3594 2855 3663 αἵματί
2921 3607 3039 3661 μου·
3098 3588 3127 3643 ἡ
3182 3587 3284 3658 γὰρ
3340 3581 3538 3634 παλαια
3592 3578 3786 3632 Amet”.

2232 3686 2420 3758 ἀλόγου
2472 3685 2607 3745 ζώου
2666 3683 2798 3753 αἷμα
2853 3675 3011 3751 εἶχεν
3069 3678 3255 3748 ὁμοίως
3313 3670 3373 3724 δὲ
3424 3676 3514 3722 καὶ
3560 3671 3632 3726 τὸ,
3675 3664 3791 3719 Illi?

2234 3772 2371 3841 ἰδού,
2434 3777 2462 3832 ἡ
2518 3777 2639 3845 χεὶρ
2690 3777 2782 3822 τοῦ
2814 3762 3216 3841 παραδιδόντος⁹
3269 3780 3351 3835 με,
3411 3759 3520 3832 μετ’
3568 3756 3676 3829 ἐμοῦ
3721 3752 3789 3803 ἐπὶ

2231 3874 2321 3925 τῆς
2403 3865 2685 3935 τραπέζης,
2759 3860 2934 3931 ὅμοιόν
3019 3852 3129 3906 ἐστι
3187 3860 3279 3921 τῷ,
3345 3849 3404 3902 Ὀ
3483 3847 3654 3899 ἐσθίων
3700 3839 3788 3912 μετ’

2232 3952 2377 4025 ἐμοῦ,
2436 3953 2465 4010 ἦ
2527 3948 2702 4020 τῷ,Ὀ
2760 3944 2996 4019 ἐμϐάψας
3054 3942 3163 4014 μετ’
3217 3939 3340 4012 ἐμοῦ
3386 3937 3433 3989 ἐν
3483 3945 3550 4006 τῷ
3604 3930 3788 4007 τρυϐλίῳ

2230 4048 2323 4100 τὴν
2381 4049 2558 4114 χεῖρα.
2599 4040 2802 4092 Τέθειχε
2857 4032 2915 4087 δὲ
2966 4040 3117 4085 τοῦτο
3167 4034 3377 4090 Λουκᾶς
3423 4032 3513 4098 μὲν
3565 4026 3677 4097 μετὰ
3714 4026 3791 4075 τὴν

2230 4139 2322 4184 τοῦ
2370 4133 2623 4203 ποτηρίου
2670 4130 2759 4178 καὶ
2810 4131 2902 4177 τοῦ
2940 4124 3101 4198 ἄρτου
3156 4116 3432 4191 διανομὴν,
3479 4104 3792 4203 Μπθαίοςδὶἒ

2231 4227 2320 4275 καὶ
2370 4224 2577 4295 Μάρκος
2636 4220 2735 4290 πρὸ
2784 4217 3003 4275 ταύτης.
3062 4216 3156 4265 Κοὶ
3208 4213 3467 4282 φαίνεται,
3526 4208 3603 4257 ότι
3645 4199 3793 4260 diges-

2231 4331 2294 4365 πε
2338 4318 2489 4363 τοῦτο
2547 4309 2572 4360 ὁ
2619 4308 2866 4381 Χριστός,
2924 4306 3024 4376 πρό
3078 4319 3131 4352 τε
3198 4306 3287 4358 τῆς
3353 4292 3671 4368 μεταδόσεως
3712 4296 3795 4339 τῶν

479 4398 763 4454 ditionem
788 4396 1033 4470 quando
1063 4397 1124 4453 in
1155 4398 1419 4453 catinum
1441 4373 1801 4468 intingentes
1832 4399 2075 4455 edebant

2234 4404 2549 4475 μυστηρίων,
2632 4398 2713 4447 ὅτε
2800 4398 2889 4445 καὶ
2974 4390 3021 4443 ἐν
3098 4397 3171 4459 τῷ
3241 4385 3467 4459 τρυϐλίῳ
3555 4382 3797 4455 βάπτοντες

479 4493 535 4544 et
554 4493 684 4558 post
702 4486 1081 4544 traditionem
1101 4487 1348 4560 quando
1368 4503 1573 4543 rursus
1594 4488 1903 4559 appositus
1925 4493 2015 4545 est
2033 4504 2126 4545 ca-

480 4577 659 4632 tinus.

552 4682 618 4737 Et
645 4682 755 4738 hoc
779 4684 959 4740 etiam
982 4700 1267 4755 magnam
1297 4683 1473 4742 habet
1497 4683 1929 4742 dubitationem
1954 4704 1967 4743 :
2005 4702 2127 4759 quo

555 4809 598 4845 ³¹
634 4811 767 4865 Luc.
799 4825 896 4875 xx,
930 4810 1017 4877 t7,
1055 4810 1138 4878 t9,
1169 4812 1260 4866 20.
1294 4812 1340 4846 ³³
1368 4810 1508 4867 Luc.
1539 4826 1639 4877 xx,
1673 4814 1760 4867 20.
1791 4815 1836 4846 ³³
1863 4811 2011 4868 Ibid.
2037 4813 2129 4868 21.

2235 4465 2442 4555 iis-dimi,
2505 4490 2592 4538 καὶ
2644 4486 2773 4557 μετά
2829 4486 2922 4540 τὴν
2984 4474 3290 4553 μετάδοσιν,
3348 4477 3430 4527 ὅτε
3479 4476 3537 4524 τὸ
3592 4465 3799 4543 τρυϐλίον

2237 4576 2387 4640 αὖθις
2412 4577 2660 4653 παρετέθη
2693 4574 2827 4645 (33).

2310 4693 2411 4739 Και
2465 4690 2616 4737 τοῦτο
2690 4678 2749 4734 δὲ
2796 4678 2988 4739 πολλῆς
3062 4675 3205 4738 ἄξιον
3273 4672 3512 4748 ἀπορίας,
3563 4677 3674 4733 πῶς,
3721 4668 3803 4713 τιειᾶ

1698 4918 1919 4987 Variae
1959 4918 2280 4995 lectiones
2314 4927 2380 4987 et
2425 4925 2627 4987 notas.

556 5043 669 5115 (ξι)
703 5045 781 5115 Ai,
816 5042 1033 5097 omittit
1063 5041 1194 5115 cod.
1223 5043 1287 5097 A.

557 5112 669 5185 (32)
701 5114 875 5169 Miror
904 5114 1165 5185 sane,in
1195 5112 1496 5170 codicibus
1535 5113 1748 5171 Graecis
1796 5114 1861 5170 N.
1905 5116 1987 5182 T.,
2039 5114 2133 5171 hic

485 5184 718 5241 tantum
752 5184 1117 5256 deprehendi
1147 5200 1527 5250 consensum,
1560 5185 1620 5241 in
1650 5185 1781 5241 loco
1813 5202 1957 5242 sane
1982 5186 2130 5243 difﬂ-

486 5256 725 5312 cillimo.
760 5256 928 5312 Modo
954 5262 1167 5328 autem,
1196 5259 1275 5312 ad
1306 5273 1516 5312 manus
1544 5262 1631 5314 est
1656 5258 2133 5328 Evangeliarium

487 5329 820 5386 Gothanum
852 5344 990 5395 ms.,
1018 5327 1177 5401 quod
1207 5343 1447 5384 versum
1477 5329 1539 5384 t7
1568 5333 1621 5385 et
1667 5328 1727 5385 l8
1758 5327 1993 5389 omittit.
2035 5331 2133 5385 Le-

557 5545 660 5618 (ee)
705 5543 1133 5618 Pulcherrima
1186 5547 1296 5599 etc.
1332 5543 1885 5618 Quiupulcherrime
1924 5544 2000 5601 de
2029 5544 2132 5600 hu-

478 5614 745 5689 jusmodi
774 5616 1000 5675 Pascha
1027 5615 1325 5683 disseruit,
1360 5614 1816 5688 philosophatus
1844 5621 1950 5672 est.

2242 5044 2353 5173 ﬁtilo
2375 5047 2506 5172 (ita):
2537 5047 2610 5114 Τῇ
2644 5037 2839 5114 μεγάλῃ
2873 5036 2914 5090 ἐ.
2948 5037 3101 5112 πρωϊ.
3131 5032 3346 5106 Incipit
3385 5032 3446 5088 in
3475 5031 3585 5088 hoc
3610 5022 3807 5084 codice

2268 5132 2302 5173 o
2333 5155 2345 5167 .
2490 5155 2501 5168 .
3749 5161 3763 5173 θ
3796 5166 3805 5173 ι

2268 5132 2345 5173 Ol.
2377 5132 2501 5172 100.

2315 5161 2626 5259 ζὲέἵἏῦθις
2657 5182 2930 5259 μετετέθη,
2965 5177 3104 5236 Cod.
3137 5178 3213 5233 A.
3273 5174 3474 5232 Codici
3522 5173 3560 5227 Β
3609 5161 3811 5225 accedit
3902 5162 3904 5215 :

2243 5251 2420 5315 etiam
2444 5256 2637 5313 versio
2656 5251 2946 5310 Hentenii.

2313 5541 2408 5613 (θ’)
2450 5536 2916 5596 Concertatione.
2958 5534 3139 5590 Mora.
