3904 6210
99 275 187 334 673
981 269 1336 330 COMMENT.
1378 269 1446 325 IN
1485 263 1918 326 MATTHIEUM.
1959 303 2028 312 —
2057 272 2213 329 CAP.
2245 273 2441 330 XXVI.

3293 279 3400 340 674

103 402 335 454 Ματθαίου
386 402 634 472 φήσαντος
675 402 755 454 ὅτι
812 402 838 453 6
875 403 1107 474 Χριστὸς
1154 401 1254 472 πρὸ
1307 405 1403 459 τῆς
1455 393 1634 450 διανο-

1858 396 2081 454 iocum
2105 398 2414 456 Mattbaaus
2451 399 2667 458 dixerit
2709 401 3007 461 Christum
3060 407 3196 463 ante
3225 403 3400 464 tradi-

99 500 191 562 μῆς
230 499 315 542 τῶν
346 493 636 562 μυστηρίων
686 489 972 564 ἐφανέρωσε
1036 493 1121 542 τὸν
1177 484 1461 564 προδότην,
1505 485 1632 539 ἁπο-

97 581 263 653 κριθιίς
303 583 419 653 πρὸς
455 579 605 631 αὐτὸν
651 582 707 632 τὸ
761 584 826 632 Σύ
879 576 1044 644 εἶπας,
1101 574 1254 638 αὖθις
1297 578 1322 628 6
1373 577 1631 641 Ἰωάννης,

233 671 310 726 τὴν
361 665 624 741 διανομὴν,
674 668 984 740 ἀγνοοῦντας
1045 670 1242 740 ἱστορεῖ
1296 669 1412 726 τοὺς
1469 665 1636 736 μαθη-

99 762 190 823 τὰς,
237 762 315 809 καὶ
352 757 744 830 ἀπορουμένους,
794 761 874 810 ὅτε
915 762 1006 810 καὶ
1054 757 1255 823 ἑαυτὸν,
1309 755 1410 807 ὑπὸ
1442 757 1636 827 Πέτρου

100 848 464 921 παρορμηθέντα,
523 843 844 921 διερωτῆσαι
907 846 1042 918 λέγει
1122 848 1208 898 τὸν
1290 840 1634 906 Διδάσκαλον,

99 942 170 988 καὶ
207 933 400 993 δοθῆναι
438 943 650 1008 σημεῖον
692 939 752 988 τὸ
811 934 971 1008 βαφεν
1022 934 1251 1006 ψωμίον.
1319 931 1476 990 Δῆλον
1519 932 1637 1001 (34)

99 1028 195 1097 γὰρ,
241 1027 300 1086 ὡς
343 1025 548 1099 ὕστερον
604 1032 756 1077 τοῦτο
798 1029 974 1096 γέγονε
1023 1044 1036 1058 ο
1098 1023 1285 1076 Λαϐὼν
1313 1024 1438 1095 γὰρ,
1485 1025 1637 1092 φησὶ,

721 1113 904 1176 εὐθέως
977 1113 1175 1176 ἐξῆλθε.
1230 1119 1351 1172 Τοῖς
1406 1113 1495 1182 μὶν
1553 1106 1639 1162 οὖν

101 1203 244 1262 imm;
282 1201 540 1274 ἐξηγηταῖς
616 1200 866 1276 ούδεμιᾶς
943 1202 1256 1264 ἐπιστασίας
1335 1199 1530 1262 ἠξιώθη
1581 1201 1640 1250 τὸ

101 1295 238 1363 παρὸν
278 1292 482 1364 ζήτημα·
535 1291 916 1364 φιλοπονήσασι
967 1289 1026 1344 δε
1079 1293 1226 1364 ἡμῖν,
1258 1291 1284 1342 ὃ
1320 1285 1641 1360 διεγνώσθης

100 1381 357 1451 ῥηθήσεται.
386 1385 716 1454 Νωοήκαμεν
766 1384 892 1457 γὰρ,
942 1383 1021 1433 ὅτι
1063 1383 1162 1456 πρὸ
1211 1386 1304 1432 τοῦ
1341 1380 1501 1453 ἄρτου
1552 1380 1641 1428 καὶ

97 1477 172 1520 τοῦ
218 1475 440 1544 ποτηρίου
501 1480 604 1523 τῶν
675 1473 922 1544 μαθητῶν
1003 1479 1184 1532 κοινῶς
1246 1469 1637 1543 έρωτησάντων,

95 1560 115 1608 ό
157 1563 351 1632 Χριστὸς
400 1569 607 1635 πρῶτον
666 1564 755 1634 μὶν
811 1557 972 1613 ἔδωκε
1022 1565 1299 1634 γνώρισμα
1353 1561 1640 1631 κοινότερον

97 1651 155 1712 τὸ,
207 1648 256 1699 Ὀ
312 1648 546 1722 ἐμϐάψας
603 1650 713 1724 μετ’
789 1649 933 1723 έμού,
987 1654 1075 1702 καὶ
1128 1648 1187 1701 Ὀ
1239 1646 1637 1721 ἐμϐαπτόμενος.

99 1118 145 1166 τὸ
194 1115 370 1185 ψωμίον
430 1113 636 1177 ἐκεῖνος,

1742 485 1968 544 tionem
2007 489 2432 560 mysteriorum
2461 489 2869 548 manifestasse
2897 493 3283 566 proditorem,
3309 511 3401 552 re-

1745 576 2051 647 spondens
2079 576 2185 641 illi,
2229 580 2314 633 Tu
2342 578 2553 636 dixiin
2595 580 2664 635 3‘.
2694 583 2916 638 Rursus
2953 583 3212 640 Joannes
3268 591 3401 657 post

1746 666 2159 736 mysteriorum
2175 667 2554 726 traditionem
2571 669 2914 739 ignorantes
2928 671 3400 746 scribitdiscipu—

1744 751 1834 809 los
1865 769 1932 810 ac
1962 755 2300 812 haesitantes
2329 773 2340 812 :
2368 758 2607 826 quando
2638 763 2693 814 et
2740 760 3003 832 seipsum
3053 777 3090 818 a
3119 765 3284 818 Petro
3315 762 3400 817 in-

1747 841 2012 908 citatum,
2055 843 2450 916 interrogasse
2495 846 2636 903 dicit
2689 849 3134 920 Praeceptorem,
3189 857 3246 907 et
3286 851 3397 907 sibi

1747 932 1944 986 datum
1959 948 2086 987 esse
2104 932 2332 1004 signum
2355 933 2664 990 intinctam
2683 935 2931 992 offulam
2945 939 3012 992 ³⁵.
3027 939 3398 994 Manifestum

1748 1021 1908 1076 enim
1937 1026 2044 1086 est,
2063 1023 2225 1094 quod
2249 1023 2358 1078 hoc
2371 1027 2579 1094 postea
2607 1023 2832 1080 factum
2851 1031 2956 1080 est.
2977 1029 3124 1082 Nam
3145 1035 3396 1097 accepta,

1748 1108 1956 1182 inquit,
1972 1111 2072 1166 ille
2087 1111 2281 1180 oﬁ'ula,
2299 1111 2482 1168 exivit
2504 1113 2778 1168 continuo
2797 1115 2869 1169 ³⁸.
2905 1113 3139 1170 Caeteris
3156 1115 3400 1187 quidem

1749 1199 2194 1255 enarratoribus
2224 1200 2386 1256 nulla
2426 1217 2570 1257 cura
2607 1201 2793 1272 digna
2819 1202 3095 1274 apparuit
3134 1219 3399 1276 praesens

1749 1288 1992 1360 quaestio
2024 1304 2036 1342 :
2062 1305 2172 1345 nos
2197 1294 2396 1346 autem
2425 1292 2589 1363 quod
2620 1297 2753 1362 post
2789 1292 3008 1348 multos
3036 1292 3275 1350 labores
3318 1294 3403 1349 in-

1750 1376 2100 1442 telleximus,
2121 1378 2180 1433 in
2205 1378 2471 1434 medium
2494 1379 2833 1436 afferemus.
2859 1381 3236 1452 Percepimus
3257 1396 3402 1438 sane

1749 1467 1912 1539 quod
1965 1472 2100 1524 ante
2131 1483 2351 1540 panem
2410 1472 2466 1524 et
2494 1467 2776 1540 poculum
2833 1469 3130 1541 discipulis
3182 1470 3404 1541 pariter

1749 1556 2281 1624 interrogantibus,
2303 1556 2565 1613 Christus
2590 1558 2827 1629 signum
2849 1558 3012 1615 dedit
3033 1574 3356 1616 commune
3385 1577 3398 1612 :

1753 1645 1864 1714 Qui
1890 1645 2160 1710 intinxit,
2212 1646 2423 1718 inquit,
2482 1662 2707 1704 mecum
2742 1663 2755 1702 :
2789 1652 2845 1704 et
2873 1667 2885 1707 :
2913 1648 3024 1714 Qui
3051 1647 3398 1719 intingitur.

97 1742 174 1789 Καὶ
232 1741 321 1812 γὰρ
385 1741 577 1800 πάντες
639 1745 730 1792 καὶ
811 1739 1059 1811 ἐνέϐαψαν
1153 1743 1238 1791 καὶ
1313 1737 1639 1791 ἔνεϐοίπτοντο

1859 1735 2057 1791 uidem
2087 1750 2298 1791 omnes
2331 1740 2387 1791 et
2430 1735 2804 1802 intinxerant,
2837 1744 2892 1792 et
2921 1737 3120 1794 adhuc
3154 1737 3401 1808 intinge-

96 1829 149 1877 ἔτι
175 1827 289 1896 (35)·
315 1825 418 1880 εἶτα
439 1836 536 1882 τοῦ
574 1825 838 1901 προδότου
884 1825 1068 1890 ἰδικῶς
1101 1827 1478 1902 ἐρωτήσαντος,
1507 1845 1640 1902 προ-

96 1916 266 1973 σέθηκεν
301 1913 602 1993 ἰδικώτερον
648 1921 728 1983 τὸ,
775 1921 840 1970 Σὺ
873 1914 1038 1980 εἶπας.
1090 1916 1244 1970 Ἀλλὰ
1291 1919 1348 1968 τὸ
1379 1919 1468 1989 μὲν
1497 1923 1640 1988 πρῶ-

93 2023 156 2054 τον
187 2011 437 2079 γνώρισμα
491 2005 671 2060 πλεῖον
735 2011 1103 2070 συνεσκίαστο,
1176 2009 1235 2058 τὸ
1301 2003 1538 2078 δεύτερον
1584 2002 1643 2058 δὲ

92 2093 272 2147 ﬁctos.
318 2095 488 2168 Ὀμως
531 2093 594 2149 δε
641 2100 730 2149 καὶ
778 2103 930 2149 τοῦτο
1001 2099 1366 2160 συνεσκίαστο,
1419 2091 1514 2147 διὰ
1559 2114 1644 2166 φι-

92 2181 383 2256 λανθρωπίαν,
426 2188 495 2248 ὡς
555 2187 640 2252 οἶν,
697 2185 797 2239 ἀπό
838 2205 891 2239 τε
932 2193 1024 2238 τοῦ
1077 2189 1366 2259 κοινοτέρου
1418 2188 1507 2236 καὶ
1552 2191 1644 2236 τοῦ

95 2268 153 2324 iit
205 2279 372 2347 ωτέρου
429 2279 590 2347 γνούς
665 2276 692 2327 6
740 2275 853 2348 (36)
930 2271 1137 2336 Ἰούδας
1192 2276 1273 2327 ὅτι
1339 2273 1396 2326 ού
1446 2272 1644 2340 λέληθε,

94 2362 410 2433 μεταμεληθείη
486 2368 590 2438 πρὸ
686 2371 777 2416 τοῦ
854 2360 1250 2436 διαψωσθῆναι
1309 2370 1418 2424 τοῖς
1479 2360 1650 2437 ἄλλοις

93 2451 318 2520 μαθηταῖς.
375 2452 511 2507 Ἀλλ’
568 2453 716 2507 οὗτοι
761 2456 871 2526 μιν,
929 2456 1044 2506 οὗτε
1111 2451 1212 2506 ἀπὸ
1291 2459 1383 2504 τοῦ
1439 2455 1648 2524 πρώτου

94 2545 412 2613 γνωρίσματος,
498 2546 620 2595 οὔτε
693 2541 796 2595 ἀπὸ
868 2550 960 2596 τού
1037 2539 1282 2617 δευτέρου
1346 2537 1648 2601 δυνηθέντες

96 2636 258 2696 νοῆσαι,
301 2637 376 2693 τίς
415 2635 440 2684 6
468 2629 744 2704 προδότης
793 2631 924 2685 έστίο
978 2635 1035 2685 τὸ
1069 2634 1194 2706 γὰρ,
1237 2635 1304 2684 Σύ
1348 2627 1514 2695 εἶπας.
1560 2629 1646 2682 αῖ·-

96 2723 266 2789 vir/part
311 2721 470 2793 ἐῴκειο
527 2718 659 2774 οὐδὲ
708 2723 807 2796 γὰρ
861 2720 917 2774 ἐκ
964 2728 1055 2774 τοῦ
1111 2728 1404 2796 προφανοῦς
1455 2719 1649 2792 ὡμολό-

96 2825 232 2874 γησεν,
276 2811 350 2861 ὅτι
399 2812 529 2883 Ἐγώ
599 2810 729 2882 εἰμι,
781 2809 908 2862 ἀλλὰ
984 2811 1098 2862 κατ’
1158 2809 1429 2884 ἐρώτησιν,
1503 2813 1646 2866 Μήτι

94 2893 170 2963 ἐγὼ
209 2898 337 2970 ιὶμι;
385 2903 700 2972 ἡσύχασαν,
754 2905 954 2973 μήποτε
1000 2905 1090 2953 καὶ
1144 2901 1255 2971 (37)
1317 2893 1644 2974 προσονειδι-

97 2987 269 3049 οθῶσιν,
304 2990 368 3051 ὡς
409 2989 646 3048 ἀνόητοι·
702 2994 792 3042 καὶ
832 2992 932 3064 γὰρ
995 2995 1083 3042 καὶ
1127 2989 1306 3041 ἄλλοτε
1348 2997 1498 3041 τούτο
1547 3006 1641 3039 πε·-

1747 1825 1988 1881 bantur.
2007 1823 2224 1880 Deinde
2243 1824 2543 1896 proditore
2579 1826 2966 1896 singulariter
2998 1826 3400 1897 interrogante

1748 1913 1980 1970 addidit
1999 1912 2415 1985 particularius
2444 1913 2648 1969 dicens
2678 1931 2692 1980 ;
2725 1915 2810 1970 Tu
2848 1915 3064 1972 dixisti.
3095 1916 3210 1972 Sed
3235 1915 3401 1988 prius

1747 2002 1989 2076 quidem
2010 2001 2298 2059 indicium
2317 2003 2505 2072 magis
2520 2003 2921 2069 obumbravit,
2951 2006 3279 2062 secundum
3303 2021 3402 2062 au-

1749 2099 1889 2161 tem,
1913 2091 2112 2148 minus
2127 2091 2395 2164 quidem,
2419 2096 2681 2149 attamen
2699 2092 2878 2150 etiam
2897 2093 3011 2150 hoc
3034 2092 3402 2165 benignitate

1750 2181 2133 2238 obumbravit
2163 2197 2177 2248 ;
2206 2187 2266 2238 ut
2293 2181 2478 2238 Judas
2506 2182 2745 2254 cognito
2776 2187 2898 2239 tam
2931 2199 2961 2240 ο
3003 2183 3401 2240 communiori

1753 2271 1942 2344 signo,
1963 2287 2148 2344 quam
2165 2287 2201 2326 a
2215 2270 2646 2343 particulariori
2665 2274 2826 2344 quod
2841 2288 2961 2328 non
2974 2272 3200 2337 lateret,
3221 2273 3402 2344 paeni-

1753 2360 1936 2418 tentia
1976 2360 2292 2417 duceretur
2324 2365 2646 2432 antequam
2675 2362 2902 2418 caateris
2957 2361 3264 2435 discipulis
3293 2378 3400 2416 ma-

1754 2449 2151 2506 nifestaretur.
2185 2452 2397 2505 Verum
2437 2450 2496 2505 bi
2526 2465 2722 2522 neque
2747 2467 2784 2508 a
2821 2451 3000 2523 priori
3032 2451 3275 2518 indicio,
3304 2466 3403 2507 ne-

1755 2555 1872 2612 que
1913 2555 1952 2595 a
1989 2539 2298 2611 posteriori
2352 2539 2675 2609 intelligere
2724 2545 3046 2611 potuerunt
3086 2541 3222 2612 quis
3251 2544 3406 2596 esset

1755 2629 2026 2700 proditor
2057 2645 2071 2696 ;
2102 2629 2252 2685 illud
2281 2628 2440 2685 enim
2477 2645 2490 2684 :
2527 2631 2613 2684 Tu
2637 2629 2863 2694 dixisti,
2891 2629 3404 2702 aanigmatisimile

1753 2720 1896 2773 erat.
1951 2719 2067 2773 Nec
2111 2716 2269 2773 enim
2325 2715 2639 2772 manifeste
2677 2716 2992 2773 confessus
3043 2722 3169 2773 erat
3213 2734 3226 2772 :
3282 2719 3404 2788 Ego

1754 2821 1911 2872 sum,
1937 2805 2044 2862 sed
2075 2822 2176 2878 per
2206 2805 2732 2876 interrogationem
2756 2805 3089 2878 :Numquid
3106 2821 3211 2877 ego
3232 2804 3403 2861 sum?

1751 2894 1951 2967 itaque
1980 2899 2312 2960 tacuerunt,
2343 2911 2419 2951 ne
2457 2910 2580 2968 quo
2610 2895 2789 2950 modo
2817 2900 3106 2967 tanquam
3137 2895 3402 2951 insensa-

1752 2984 1823 3040 tis
1879 2984 2266 3055 exprobraret
2316 2983 2620 3044 Christus:
2653 3000 2795 3041 nam
2831 2988 2886 3040 et
2923 2984 3040 3040 hoc
3067 2983 3209 3040 alibi
3238 2984 3405 3055 passi

93 3077 312 3129 πονθασυν
367 3077 576 3141 Ἰούδας
633 3075 714 3146 δί,
763 3077 864 3132 ἀπὸ
918 3086 1010 3133 τοῦ
1053 3075 1297 3152 δευτέρου
1349 3081 1635 3152 ⁹γνωρίσμα-

1857 3074 1951 3128 lt.J
1959 3073 2108 3128 udas
2125 3089 2311 3130 veroa
2325 3072 3084 3146 secundoquidemindicio
3102 3073 3399 3142 intellexit,

93 3180 158 3224 τος
200 3175 368 3226 συνῆκε
393 3173 504 3240 μεν,
554 3170 640 3222 ὅτι
689 3164 982 3241 διεγνώσθη
1017 3177 1090 3239 τῷ
1137 3175 1379 3243 Χριστῷ·
1429 3167 1640 3238 λογισά-

92 3270 204 3320 μενος
255 3252 326 3326 δε,
375 3259 451 3310 ὃτι
505 3261 656 3311 οὔπω
714 3262 839 3321 τέως
888 3264 993 3319 τοῖς
1047 3259 1312 3330 μαθηταῖς
1358 3261 1645 3330 πεφανέρω-

95 3359 174 3402 ται,
212 3352 272 3414 μὴ
317 3352 616 3406 νενοηκόσιν
667 3349 766 3417 ἔτι,
798 3351 885 3400 τὸν
926 3347 1207 3420 ἀγνοοῦντα
1257 3353 1642 3420 προσεποιεῖτο,

93 3437 161 3492 τῆς
203 3441 282 3486 τοῦ
325 3431 659 3490 δὲδασκοὶλου
716 3436 1054 3512 καταθαρῥῶν
1113 3435 1453 3500 ἀνεξικακίας·
1515 3439 1647 3509 μετὰ

96 3513 139 3569 δέ
169 3540 216 3590 γε
256 3529 340 3582 τὴν
378 3535 477 3578 τῶν
515 3531 828 3600 μυστηρίων
875 3522 1151 3600 διανομὴν,
1202 3525 1354 3579 πάλιν
1394 3527 1418 3578 6
1467 3529 1643 3598 Σωτὴρ

95 3604 412 3687 ἐμαρτύρησεν,
474 3617 662 3688 ὂγουν,
712 3610 1092 3690 διεμαρτύρατο
1160 3621 1279 3692 περὶ
1321 3624 1418 3679 τῆς
1453 3613 1645 3690 προδο-

98 3701 201 3763 σίας,
243 3703 306 3765 ὡς
354 3705 380 3756 ὁ
411 3703 662 3766 Ἰωάννης
703 3703 946 3778 ἔγραψεν,
992 3705 1074 3758 ἵνα
1120 3702 1397 3773 ὀἸούδας,
1449 3709 1644 3759 τοσαύ-

95 3802 166 3848 τις
238 3789 455 3857 ἀξιωθεὶς
563 3797 950 3870 μακροθυμίας,
1041 3801 1130 3848 καὶ
1218 3801 1290 3869 μὴ
1367 3794 1645 3869 προδήλως

92 3875 601 3954 παραδειγματισθεὶς,
661 3885 772 3956 (38)
824 3881 965 3957 μηδέ
1014 3893 1114 3937 τῶν
1171 3891 1476 3959 μυστηρίων
1525 3884 1646 3938 ἁπε-

91 3960 242 4032 λαθιὶς,
450 3979 542 4027 καὶ
598 3976 794 4026 τούτων
829 3974 1017 4037 ἐπίσης
1067 3982 1178 4038 τοῖς
1219 3977 1482 4049 μαθηταῖς
1531 3975 1644 4048 (39)

89 4066 343 4131 μετασχὼν,
443 4069 666 4136 γένηται
747 4062 963 4137 βελτίων
1047 4070 1135 4118 καὶ
1211 4071 1641 4140 σωφρονέστερος’

91 4143 208 4232 εὐθὺς
255 4145 308 4203 δε
358 4155 403 4204 οἱ
453 4155 716 4226 μαθηταὶ,
783 4158 974 4228 μηκέτι
1031 4151 1332 4217 δυνηθέντες
1381 4161 1644 4232 καρτερεῖν

90 4231 154 4286 ἐπὶ
200 4237 367 4293 πλεῖον
416 4249 506 4298 καὶ
562 4247 666 4319 γὰρ
723 4244 980 4317 ἠγωνίων,
1046 4249 1136 4298 καὶ
1194 4244 1400 4298 ἔϐλεπον
1454 4245 1519 4306 εἰς
1559 4242 1644 4296 ἁλ-

87 4320 252 4396 λδξὶους,
300 4329 662 4409 ἔιπορούμενοι,
735 4339 852 4409 περὶ
905 4339 1044 4397 τίνος
1112 4333 1267 4406 λέγει·
1325 4334 1474 4386 αύτοὶ
1552 4336 1642 4407 μὲν

1751 3161 2209 3236 quodaCbristo
2223 3162 2498 3232 cognitus
2511 3167 2693 3218 esset:
2713 3167 2932 3234 putans
2946 3168 3134 3219 tamen
3147 3163 3406 3236 discipu-

1750 3252 1822 3308 lis
1854 3252 2126 3308 nondum
2158 3250 2607 3307 manifestatum
2634 3265 2781 3316 esse,
2815 3267 2954 3307 cum
2981 3250 3063 3308 illi
3090 3267 3210 3308 non
3240 3251 3406 3308 intel-

1752 3341 2052 3410 lexissent,
2071 3341 2446 3412 ignorantem
2465 3356 2526 3396 se
2551 3339 2740 3407 ﬁnxit,
2766 3345 3007 3412 sumpta
3028 3357 3064 3397 a
3093 3340 3407 3398 clementia

1753 3430 2133 3504 praeceptoris
2155 3430 2396 3486 ﬁducia.
2416 3431 2556 3486 Post
2579 3429 2940 3486 divisionem
2972 3434 3172 3486 autem
3194 3435 3405 3502 myste-

1753 3520 1975 3577 riorum
2006 3537 2210 3578 rursus
2241 3519 2512 3576 Salvator
2541 3519 2616 3576 de
2644 3519 2977 3592 proditione
3008 3523 3254 3576 testatur
3283 3517 3404 3575 sive

1753 3615 2110 3684 protestatus
2157 3614 2264 3677 est,
2311 3609 2489 3666 veluti
2519 3609 2754 3682 scripsit
2793 3609 3076 3674 Joannes,
3109 3614 3173 3665 ut
3200 3607 3294 3665 vel
3322 3609 3406 3665 sic

1751 3702 1937 3759 Judas
1966 3706 2196 3758 tantam
2222 3705 2501 3772 expertus
2524 3698 3061 3770 longanimitatem,
3084 3713 3194 3755 nec
3221 3696 3409 3755 mani-

1753 3790 1899 3847 feste
1951 3791 2278 3854 traductus,
2321 3804 2516 3861 neque
2571 3787 2868 3860 mysteriis
2911 3788 3247 3855 frustratus,
3299 3787 3408 3844 sed

1754 3897 1924 3953 asque
1955 3896 2093 3936 cum
2115 3877 2421 3950 discipulis
2442 3877 2657 3934 horum
2683 3875 2976 3950 particeps
2999 3877 3264 3946 effectus,
3287 3892 3410 3934 me-

1751 3969 1862 4026 lior
1890 3986 1959 4026 ac
1987 3973 2180 4025 mente
2210 3967 2410 4024 sanior
2440 3967 2789 4024 efﬁceretur.
2819 3968 3030 4024 Statim
3060 3983 3203 4038 ergo
3228 3964 3409 4025 disci-

1752 4057 1896 4132 puli,
1927 4059 2054 4129 jam
2103 4057 2345 4113 ulterius
2374 4056 2626 4113 tolerare
2656 4063 3046 4130 nequeuntes,
3080 4058 3407 4129 plurimum

1753 4147 1914 4204 enim
1962 4146 2123 4202 anxii
2153 4151 2341 4211 erant,
2389 4150 2445 4202 et
2473 4145 2552 4201 ad
2583 4161 2648 4200 se
2686 4145 2940 4202 invicem
2986 4145 3406 4217 respiciebant,

1752 4235 2098 4292 haesitantes
2121 4236 2195 4290 de
2221 4250 2343 4307 quo
2372 4233 2592 4290 diceret
2616 4252 2628 4302 ;
2661 4233 2772 4306 ipsi
2811 4233 3056 4306 quidem
3083 4233 3410 4306 interroga-

1754 4325 1974 4382 tionem
2005 4323 2200 4380 facere
2236 4323 2366 4380 ausi
2395 4337 2515 4378 non
2561 4325 2717 4387 sunt,
2746 4320 2825 4378 ob
2851 4337 2984 4378 eam
3014 4338 3198 4394 quam
3226 4321 3407 4393 paulo

87 4417 156 4465 καὶ
193 4417 335 4482 οὕτως
387 4423 481 4476 ούκ
529 4423 826 4496 ἐτόλμησαν
887 4428 978 4483 τὴν
1036 4422 1310 4500 ἐρώτησιν,
1345 4419 1420 4476 δι’
1467 4427 1528 4483 ἣν
1572 4423 1629 4477 εἰ·

1865 4429 1890 4470 e
1943 4413 2204 4469 diximus
2254 4426 2550 4467 causam:
2591 4409 2697 4465 sed
2735 4409 2891 4466 hanc
2943 4411 3148 4467 Petrus
3194 4411 3407 4467 Joanni

87 4508 273 4576 ρήκαμιν
343 4511 532 4565 αἰτίανο
602 4520 676 4582 τῷ
738 4513 945 4586 Ἰωάννη
1014 4509 1072 4565 δε
1121 4515 1315 4572 ταύτην
1373 4511 1643 4586 ἐπέτρεψεν

89 4587 326 4670 όΠέτρος,
377 4602 444 4662 ὡς
501 4601 828 4674 ἠγαπημένῳ
879 4599 1114 4674 μάλιστα
1183 4609 1256 4673 τῷ
1308 4597 1640 4676 διδασκάλῳ,

88 4685 160 4732 καὶ
206 4683 493 4762 ἀνωιειμένῳ
571 4697 866 4748 τηνικαῦτα
946 4689 995 4743 έν
1078 4697 1149 4762 τῷ
1204 4689 1378 4763 κόλπῳ
1456 4691 1640 4744 αὐτοῦ’

89 4766 181 4823 ’5δῖ
218 4784 600 4854 μεταστραφεὶς,
643 4784 732 4832 καὶ
781 4779 1035 4834 έπιπεσὼν
1087 4779 1174 4834 ἰπὶ
1216 4783 1274 4833 τὸ
1324 4783 1513 4842 στῆθος
1555 4781 1646 4834 αύο

87 4866 174 4929 τοῦ,
201 4866 295 4933 μετ’
338 4867 602 4930 εὐλαϐείας
647 4869 912 4942 ἠρώτησεν
962 4869 1029 4931 εἰς
1074 4872 1134 4922 τὸ
1187 4867 1292 4937 οὖς,
1338 4875 1428 4922 καὶ
1469 4870 1646 4924 λοιπὸν

89 4945 277 5028 δῑωτῆρ
323 4954 573 5026 συνιδὼν,
631 4959 713 5011 ὅτι
769 4957 974 5021 ἀνίατος
1022 4961 1048 5011 6
1097 4956 1302 5021 Ἰούδας
1329 4963 1488 5034 μένει,
1530 4958 1646 5014 οὐδ’

143 5130 179 5162 ³⁸
203 5132 379 5193 latth.
403 5151 563 5207 xxvi,
608 5138 698 5196 25.

1753 4502 2077 4571 commisit,
2106 4506 2398 4573 tanquam
2431 4499 2684 4554 maxime
2721 4513 2758 4556 a
2782 4498 3148 4572 Praeceptore
3169 4498 3405 4566 dilecto,

1754 4599 1812 4652 et
1839 4599 1982 4649 tunc
2009 4592 2069 4648 in
2101 4591 2225 4663 ejus
2255 4589 2390 4646 sinu
2412 4587 2816 4645 recumbenti:
2847 4593 2908 4646 at
2936 4587 3031 4645 ille
3057 4603 3404 4657 conversus,

1755 4687 1812 4740 et
1840 4698 1980 4739 cum
2028 4679 2351 4737 reverentia
2399 4693 2572 4750 super
2611 4683 2821 4749 pectus
2850 4677 2980 4749 ejus
3008 4677 3298 4747 recidens,
3346 4679 3406 4736 in

1753 4788 1964 4830 aurem
1989 4767 2395 4840 interrogavit.
2424 4769 2650 4824 Ettunc
2676 4765 2950 4824 Salvator
2977 4767 3216 4838 cognito
3243 4767 3407 4841 quod

1753 4871 1781 4926 J
1789 4869 1938 4927 udas
1955 4867 2301 4926 incurabilis
2319 4867 2718 4940 permaneret,
2737 4879 2848 4922 nec
2863 4865 2946 4921 sic
2957 4865 3202 4938 quidem
3216 4867 3411 4940 publi-

1756 4960 1916 5018 cavit
1929 4975 2090 5026 eum,
2111 4957 2213 5016 sed
2241 4955 2553 5031 respondit
2582 4959 2640 5013 et
2662 4955 2794 5028 ipse
2819 4953 2882 5011 in
2908 4970 3112 5013 aurem
3149 4956 3305 5014 :Itle
3335 4961 3420 5015 est

776 5138 823 5174 ⁸⁸
851 5139 1020 5195 Joan.
1049 5153 1173 5208 xm,
1197 5140 1290 5207 23,
1321 5138 1410 5194 26.
1480 5139 1527 5175 ⁸⁸
1555 5138 1709 5197 Ibid.
1735 5142 1824 5197 30.

1267 5277 1495 5350 Variae
1510 5279 1838 5350 lectiones
1858 5289 1925 5349 et
1945 5289 2150 5350 notas.

143 5430 413 5569 mea.»
440 5442 690 5523 γόιρ,’ὡς.
723 5441 858 5498 Haec
888 5442 1102 5499 omittit
1126 5441 1260 5498 cod.
1293 5444 1359 5497 A.

163 5504 219 5557 35
276 5513 376 5569 Ετι,
395 5513 767 5569 omittiteod.
801 5515 868 5569 Α.
897 5515 1069 5569 Forte
1100 5513 1354 5569 Euthvm

163 5504 376 5586 ᾷῦγβτι,
395 5504 617 5586 omittit
635 5513 767 5570 eod.
796 5515 1069 5586 _A.AForte
1100 5512 1454 5586 Euthymius
1471 5512 1646 5571 etiam

86 5567 308 5658 (legerat,
336 5567 633 5658 arma,
646 5567 764 5658 5:3
787 5567 1145 5640 exaggae;

144 5644 240 5717 (36)
263 5647 338 5716 '0.
366 5655 583 5713 omittit
609 5644 671 5712 1'32

1853 5506 1942 5586 38)
1964 5516 2065 5566 Καὶ
2088 5506 2246 5586 μηδέ,
2280 5511 2423 5586 Cod.

1855 5441 1944 5498 37)
1978 5445 2081 5494 Καί
2105 5440 2322 5497 omittit
2350 5439 2488 5498 cod.
2517 5440 2584 5495 Α.

1855 5445 1918 5498 37
1978 5445 2081 5494 Καί
2105 5441 2322 5497 omittit
2350 5441 2488 5498 cod.
2517 5441 2584 5495 Α.

1829 5441 1944 5656 ἓ38ξ
1964 5516 2065 5602 Κριὶ
2088 5506 2246 5586 μηδέ,
2279 5511 2423 5601 βοά.
2453 5512 2528 5571 Α.

1852 5587 1919 5640 39
1946 5590 2057 5638 Των
2090 5585 2357 5658 μαθητων,
2385 5583 2531 5642 Cod.
2560 5585 2627 5640 Α.
