3904 6210
495 234 610 300 ’679

1801 232 2157 292 EUTHYMII
2194 229 2521 291 ZIGABENI

2896 39 3904 329 Ἴ

505 369 650 424 Dicit
667 368 824 423 enim
838 368 1027 421 Lucas
1050 384 1061 424 :
1080 365 1211 420 Non
1229 369 1396 420 canet
1411 363 1584 421 hodie
1596 364 1792 435 gallus
1809 361 2091 433 priusqua

2265 364 2489 433 σήμερον
2577 358 2826 435 ἀλέκτωρ,
2910 364 3027 433 πρὶν
3102 366 3131 420 ἦ
3202 367 3315 434 τρὶς
3393 363 3703 433 ἄπαρνήση,
3780 367 3837 431 μὴ

507 466 596 514 ter
625 458 895 527 abneges,
930 462 983 511 te
1011 468 1176 510 nosse
1200 468 1288 509 me
1328 453 1395 507 ιι.

576 547 735 601 Vers.
792 546 879 601 35.
950 544 1099 598 Dicit
1145 573 1214 583 —
1261 541 1581 613 abnegabo.
1628 542 1860 607 Quanto
1921 539 2150 595 ﬁrmius

503 634 764 690 afﬁrmat
790 632 1073 697 Christus,
1108 636 1267 687 tanto
1300 634 1499 686 Petrus
1530 644 1561 685 e
1589 628 1825 685 diverso
1856 627 2147 699 majorem

502 720 763 779 ostendit
789 721 1184 776 fortitudinem
1221 736 1235 787 ;
1263 720 1585 775 vehemens
1605 717 1767 773 enim
1790 721 1913 773 erat
1932 718 1996 773 in
2018 716 2147 788 ipso

502 812 745 868 affectus
772 812 1020 883 prOpriee
1042 808 1435 874 conﬁdentia,
1460 808 1594 863 ideo
1618 808 1903 863 miserum
1928 806 2147 879 patitur

500 902 877 969 naufragium
915 916 926 965 ;
961 917 995 954 a
1050 899 1247 953 divino
1287 898 1506 952 auxilio
1558 896 1719 952 solus
1776 895 2032 965 relictus,
2085 898 2147 949 ut

502 992 629 1061 ejus
650 987 1281 1059 arguaturinfirmitas.
1299 986 1436 1041 Vide
1456 991 1655 1042 autem
1676 984 1985 1055 quomodo
2012 988 2147 1055 post

500 1079 627 1133 heec
654 1080 724 1133 sit
751 1078 822 1131 ad
876 1076 1218 1131 modestiam
1260 1079 1596 1130 revocatus.
1644 1073 1951 1145 Siquidem
2006 1087 2143 1127 cum

500 1172 636 1238 post
664 1166 1169 1221 Resurrectionem
1201 1164 1275 1217 de
1303 1166 1529 1218 Joanne
1559 1162 1805 1217 dixisset
1838 1178 1850 1215 :
1891 1161 2141 1227 Domine,

501 1255 589 1310 hic
619 1262 809 1311 autem
834 1255 969 1326 quid
1002 1256 1046 1289 ⁸⁸
1076 1254 1103 1309 ?
1129 1258 1185 1309 et
1209 1252 1555 1325 impositum
1581 1255 1739 1307 esset
1766 1250 1816 1305 ei
1846 1250 2145 1305 silentium

498 1344 655 1400 illico
681 1345 943 1400 obticuit.
981 1346 1045 1399 Et
1087 1348 1222 1399 ante
1266 1343 1747 1413 Assumptionem
1778 1356 1915 1395 cum
1946 1338 2147 1395 audis-

500 1439 587 1489 set
615 1452 627 1488 :
660 1434 794 1489 Non
821 1440 901 1489 est
933 1439 1189 1488 vestrum
1216 1446 1380 1487 nosse
1410 1437 1672 1500 tempora
1704 1430 1796 1486 vel
1820 1429 2145 1485 occasiones

497 1530 823 1592 temporum
884 1524 949 1589 ⁴⁶,
985 1521 1247 1577 similiter
1273 1519 1567 1575 conticuit.
1612 1522 1676 1575 Et
1715 1523 1848 1591 post
1894 1518 2023 1574 haec
2076 1517 2145 1572 de

497 1611 675 1668 linteo
700 1627 832 1665 cum
854 1609 1115 1665 audisset
1142 1625 1154 1663 :
1184 1608 1319 1675 Qua:
1340 1610 1491 1664 Deus
1512 1608 1876 1679 purificuvzt,
1907 1615 1969 1662 tu
1996 1622 2145 1662 com-

496 1704 697 1758 munia
727 1715 794 1755 ne
819 1700 1043 1757 dixeris
1094 1698 1163 1764 ‘7,
1215 1714 1570 1771 quanquam
1623 1713 1745 1753 non
1796 1696 2091 1766 intelligert

2249 1698 2422 1773 ῥηθὲν,
2494 1700 2630 1770 ὅμως
2702 1698 2795 1750 ούκ
2858 1698 3136 1772 ἐτόλμησεν
3195 1700 3464 1754 ἀντειπεῖν.

496 1790 804 1846 manifeste
851 1788 1010 1861 quod
1061 1786 1393 1855 dicebatur,
1426 1802 1546 1842 non
1593 1792 1789 1841 tamen
1835 1802 2018 1841 ausus
2057 1789 2142 1842 est

495 1880 869 1950 respondere.
896 1879 1029 1932 Haec
1054 1881 1248 1932 autem
1274 1875 1479 1931 omnia
1505 1892 1681 1931 casus
1698 1874 1791 1930 ille
1808 1874 2139 1945 negationis

494 1969 765 2024 correxit.
797 1970 861 2021 Et
876 1972 1010 2021 ante
1031 1966 1144 2021 hoc
1160 1965 1426 2037 quidem,
1450 1964 1743 2037 quidquid
1764 1971 1889 2021 erat
1918 1964 2053 2019 fidei
2079 1964 2141 2019 in

495 2072 558 2111 se
586 2056 931 2127 reponebat,
959 2054 1164 2110 dicens
1198 2069 1208 2105 :
1245 2053 1362 2124 Ego
1396 2061 1591 2109 tamen
1630 2069 1928 2123 nunquam
1960 2054 2142 2123 o/fen-

492 2145 608 2200 dar
646 2146 691 2178 ⁸³
746 2162 759 2209 ;
812 2148 914 2198 et:
974 2142 1360 2213 Nequaquam
1411 2148 1466 2197 te
1511 2141 1815 2211 abnegabo
1870 2144 1915 2176 "
1953 2158 1967 2207 ;
2001 2156 2139 2199 cum

492 2232 841 2289 addendum
890 2230 1096 2287 fuisset
1146 2246 1159 2283 :
1208 2230 1265 2284 Si
1338 2234 1390 2285 te
1460 2229 1729 2285 habuero
1781 2230 2135 2301 adiutorem.

492 2321 870 2376 Postmodum
924 2325 1121 2375 autem
1174 2320 1250 2373 de
1318 2318 1515 2373 claudi
1577 2319 1883 2374 sanatione
1937 2319 2137 2391 palam

490 2409 770 2465 dicebat:
798 2409 952 2475 Quid
992 2424 1095 2463 nos
1134 2408 1447 2464 intuemini
1491 2409 1666 2477 quasi
1693 2415 1894 2463 nostra
1923 2410 2139 2464 virtute

490 2502 595 2555 aut
621 2499 841 2568 pietate
882 2497 1241 2568 e/fecerimus
1272 2502 1335 2551 ut
1363 2497 1459 2553 hic
1492 2498 1824 2553 ambularet
1855 2499 1902 2533 ⁵ο
1932 2495 1961 2551 ?

560 2586 704 2643 Hinc
720 2603 861 2657 ergo
881 2600 1170 2656 magnum
1192 2585 1479 2642 discimus
1496 2586 1946 2651 documentum,
1970 2586 2137 2658 quod

487 2692 673 2749 neque
698 2676 967 2731 humana
984 2674 1391 2748 promptitudo
1420 2675 1748 2747 quidquam
1771 2675 1990 2734 efﬁciat
2008 2677 2133 2732 abs-

486 2782 604 2838 que
620 2766 824 2821 divino
845 2765 1085 2828 auxilio,
1110 2780 1298 2836 neque
1321 2763 1596 2819 divinum
1631 2765 1917 2821 auxilium
1944 2766 2135 2836 prosit

486 2854 716 2927 absque
758 2853 1226 2927 promptitudine
1255 2853 1545 2909 humana.
1582 2854 1893 2925 Utriusque
1923 2855 2005 2909 rei
2036 2870 2133 2910 ex-

487 2945 687 3016 empla
735 2948 872 2999 sunt
905 2947 1105 2999 Petrus
1154 2949 1207 2998 et
1237 2942 1440 2998 Judas.
1488 2942 1727 3015 Oportet
1769 2959 1910 3013 ergo
1943 2959 2131 3015 neque

2261 445 2452 502 εἰδέναι
2490 468 2575 522 με.

2331 543 2485 610 Λέγει
2537 569 2606 579 -
2659 536 2859 614 ἀπαρνὴ
2871 558 3051 609 σομαι.

2256 631 2504 700 Χριστὸς,
2556 635 2803 681 τοσοῦτον
2862 629 2888 680 ό
2942 631 3130 704 Πέτρος
3206 627 3666 701 ἁντισχυρίζεται.
3734 636 3840 700 Σφο-

2256 712 2379 789 δρόν
2408 719 2509 789 γὰρ
2543 716 2591 769 ἐν
2618 725 2759 788 αυτῷ
2788 720 2845 769 1'6
2896 720 3057 779 πάθος
3112 726 3204 780 τῆς
3251 716 3329 789 ἐφ’
3386 717 3554 787 ἐαυτῷ
3608 720 3841 774 πεποιθέ-

2256 824 2403 868 σεως.
2456 809 2545 859 Διό
2598 811 2687 858 καὶ
2734 806 2965 878 χαλεπὸν
3014 808 3299 879 ὑφίσταται
3348 808 3623 879 ναυάγιον,
3670 810 3841 882 ἔρημος

2253 904 2347 958 τῆς
2376 900 2517 971 παρά
2567 901 2693 950 Θεοῦ
2744 895 2987 969 βοηθείας
3042 895 3381 969 ἀπολειφθεὶς,
3416 902 3507 948 καὶ
3564 896 3837 968 ἐλεγχθεὶς,

2254 986 2332 1037 ὅτι
2363 985 2575 1047 ἀσθενής
2604 984 2761 1041 ἐστιν.
2793 985 2929 1061 Ὀρα
2980 994 3101 1057 γοῦν
3148 989 3279 1058 μετὰ
3329 994 3512 1053 ταῦτα,
3576 996 3683 1047 πῶς
3740 1006 3841 1039 κατ-

2256 1075 2560 1147 εσταλμένος
2598 1073 2729 1128 ἐστί.
2784 1081 2883 1128 Καὶ
2938 1078 3039 1151 γὰρ
3080 1079 3210 1148 μετὰ
3260 1081 3351 1134 τὴν
3396 1076 3742 1141 Ἀνάστασιν,
3788 1077 3839 1127 εί-

2253 1168 2361 1215 πὼν
2415 1169 2531 1236 περὶ
2584 1172 2674 1216 τοῦ
2719 1164 2976 1231 Ἰωάννου,
3047 1167 3157 1235 (44)
3223 1168 3397 1239 Κύριε,
3451 1165 3601 1227 οὗτος
3664 1163 3723 1217 δε
3764 1169 3838 1221 τί;

2253 1257 2343 1305 καὶ
2396 1252 2805 1327 ἐπιστομισθεὶς,
2862 1254 3054 1306 αὐτίκα
3101 1273 3367 1326 σεσιγηκε.
3446 1260 3547 1307 Καὶ
3612 1258 3715 1327 πρὸ
3764 1262 3841 1313 τῆς

2255 1339 2571 1409 ἀναλήψεως,
2659 1340 2886 1404 ἀκούσας
2916 1361 2929 1374 ο
3014 1342 3135 1414 Ούχ
3239 1345 3378 1415 ὑμῶν
3465 1342 3579 1395 ἔστι
3670 1352 3837 1415 γνῶναι

2252 1434 2478 1502 χρόνους
2534 1430 2563 1489 ἦ
2628 1434 2863 1505 καιρούς,
2936 1432 3126 1503 ὁμοίως
3199 1433 3466 1504 ἡσύχασε.
3541 1437 3645 1485 Καὶ
3727 1437 3838 1503 μετὰ

2254 1527 2439 1587 ταῦτα,
2495 1517 2577 1571 ἐπὶ
2637 1528 2727 1581 τῆς
2775 1520 2959 1581 ὀθόνης
3014 1519 3330 1590 ἐνωτισθεὶς,
3391 1523 3468 1573 ὃτι
3529 1521 3593 1574 Ἀ.
3655 1524 3681 1573 ό
3725 1527 3839 1582 Θεὸς

2254 1606 2549 1684 ὶκαθάρισε,
2592 1613 2656 1661 σὺ
2702 1614 2773 1681 μὴ
2810 1614 3001 1679 κοίνου,
3037 1616 3124 1662 καὶ
3183 1607 3307 1663 οὐδὲ
3365 1620 3544 1683 σαφῶς
3595 1608 3740 1672 εἰδὼς
3786 1616 3833 1662 τὸ

3544 1708 3720 1753 Ταῦτα
3784 1698 3835 1751 (ἢ

3133 546 3293 592 Ὅσον
3374 535 3775 591 διαϐεϐαιοῦται
3823 541 3842 591 ὁ

2248 1790 2416 1839 πάντα
2466 1790 2524 1839 τό
2576 1796 2762 1860 πτῶμα
2822 1787 2978 1841 ἐκεῖνο
3041 1798 3134 1852 τῆς
3196 1788 3453 1865 ἀρνξσεως
3512 1792 3828 1865 κατώρθωσε.

2251 1880 2351 1929 Καὶ
2390 1879 2489 1950 πρὸ
2517 1879 2700 1929 τούτου
2730 1880 2819 1950 μὲν
2860 1878 3021 1949 ἐαυτῷ
3068 1882 3124 1930 τό
3172 1885 3273 1930 πᾶν
3326 1889 3417 1941 τῆς
3470 1884 3693 1941 πίστεως
3738 1881 3833 1930 ανε-

2247 1967 2401 2034 τίθει,
2482 1964 2639 2037 λέγων
2684 1984 2696 1995 ·
2779 1967 2905 2039 Ἐγὼ
2992 1963 3050 2020 δὲ
3130 1964 3378 2020 οὐδέποτε
3454 1964 3830 2024 σκανδαλισθή-

2250 2074 2432 2127 σομαι)
2476 2059 2585 2121 καὶ,
2639 2055 2714 2107 0'3
2783 2061 2853 2127 μή
2941 2075 2998 2109 σε
3056 2055 3440 2131 ἀπαρνήσωμαι
3521 2058 3656 2127 (45),
3728 2053 3829 2107 δέω

2247 2149 2567 2216 παρακιρνᾲν
2619 2152 2723 2204 τοῖς
2780 2143 2974 2215 λόγοις,
3042 2146 3121 2197 ὅτι
3177 2146 3293 2199 Ἐὰν
3362 2148 3471 2217 ἔχω
3533 2165 3589 2199 σε
3629 2144 3826 2219 βοηθόν.

2245 2229 2484 2304 Ὕστερον
2524 2228 2603 2300 δὲ,
2663 2231 2747 2284 ἐπὶ
2798 2242 2889 2285 τοῦ
2936 2234 3135 2306 χωλοῦ,
3184 2231 3483 2309 διαρρήδην
3530 2234 3706 2306 ὓεγεν,
3762 2237 3825 2285 ὅτι

2249 2318 2399 2391 Ἠμῖν
2456 2324 2508 2372 τί
2563 2318 2838 2392 ἀτενίζετε,
2909 2324 2976 2385 ὡς
3045 2320 3159 2397 ἰδίᾳ
3237 2319 3454 2397 δυνάμει
3516 2325 3544 2383 ἦ
3614 2323 3827 2393 εὐσεϐείᾳ

2246 2414 2561 2467 πεποιηκόσι
2589 2417 2678 2462 τοῦ
2709 2420 3008 2484 περιπατεῖν
3039 2412 3191 2464 αὐτόν
3224 2430 3236 2481 ;

2315 2583 2570 2636 Ἐντεῦθεν
2623 2581 2709 2637 οὖν
2785 2590 2920 2658 μέγα
2978 2582 3153 2660 δόγμα
3213 2589 3533 2661 μανθάνομεν
3583 2587 3712 2656 (46),
3768 2591 3824 2647 ὡς

2243 2674 2359 2724 οὔτε
2421 2671 2712 2747 ἀνθρωπίνη
2793 2677 3061 2748 προθυμία
3126 2678 3375 2749 κατορθοῖ
3419 2696 3471 2727 τι
3541 2682 3701 2750 χωρὶς
3745 2687 3818 2735 τες

2244 2762 2383 2821 θείας
2409 2762 2594 2835 ῥοπῆς,
2627 2766 2743 2815 οὔτε
2789 2764 2896 2815 θεία
2945 2764 3079 2837 ῥοπὴ
3130 2761 3314 2837 κέρδος
3348 2770 3486 2838 φέρει
3538 2773 3703 2837 χωρὶς
3748 2764 3815 2815 in-

2242 2851 2499 2922 θρωπίνης
2551 2852 2864 2924 προθυμίας.
2923 2857 3022 2905 Καὶ
3066 2851 3362 2926 ἀμφοτέρων
3431 2851 3813 2929 παραδείγματα

2242 2941 2428 3009 Πέτρος
2484 2943 2574 2990 καὶ
2629 2936 2856 3001 Ἰούδας.
2908 2939 3059 2994 Ὀθεν
3126 2946 3236 3015 χρὴ
3292 2948 3424 3015 μήτε
3490 2947 3547 2994 1'6
3600 2950 3695 2994 πᾶν
3748 2942 3811 2994 ἐπὶ

484 3033 847 3102 obdormire,
875 3033 1039 3089 omni
1070 3033 1307 3103 negotio
1355 3034 1414 3087 in
1448 3034 1620 3087 Deum
1670 3033 1908 3104 rejecto,
1939 3048 2091 3105 nequ

2247 3028 2326 3077 τὸν
2378 3030 2499 3079 Θεὸν
2548 3027 2804 3100 ῥίψαντας
2869 3026 3161 3097 καθεύδειν,
3225 3037 3357 3103 μήτε
3415 3028 3811 3093 σπουδάζοντας,

483 3138 716 3178 rursum
733 3128 935 3194 putare
949 3122 1174 3193 seipsos
1191 3138 1369 3178 omne
1388 3138 1539 3195 opus
1553 3122 1804 3179 efficere.
1829 3123 2130 3196 Siquidem

482 3228 591 3268 nec
613 3216 800 3269 totum
816 3216 1097 3285 operatur
1119 3210 1292 3277 Deus,
1328 3227 1400 3267 ne
1428 3212 1602 3268 otiosi
1631 3228 2128 3285 permaneamus;

480 3318 590 3358 nec
622 3308 810 3359 totum
864 3302 1033 3357 nobis
1064 3301 1364 3373 permittit,
1413 3317 1487 3357 ne
1519 3301 1862 3371 gloriemur,
1906 3302 2012 3357 sed
2051 3301 2129 3357 ab

481 3408 840 3465 unoquoque
908 3391 1069 3465 quod
1117 3393 1400 3448 nocivum
1468 3398 1554 3447 est
1609 3392 1904 3460 auferens,
1964 3390 2129 3464 quod

480 3481 619 3538 utile
650 3487 740 3537 est
768 3480 941 3536 nobis
969 3480 1221 3552 reliquit.
1255 3480 1528 3535 Permisit
1549 3479 1748 3552 itaque
1779 3485 2127 3537 cmterorum

479 3570 809 3640 principem
839 3565 1072 3632 cadere,
1103 3583 1222 3623 non
1254 3569 1496 3639 propter
1521 3566 1707 3623 dictas
1736 3574 1966 3624 tantum
1994 3585 2128 3625 cau-

479 3672 597 3724 sas,
630 3672 839 3711 verum
868 3654 1051 3711 etiam
1100 3660 1166 3710 ut
1211 3655 1469 3726 amplius
1518 3662 1787 3721 amaret;
1821 3656 1916 3712 cui
1965 3657 2125 3713 enim

477 3743 791 3799 dimissum
814 3743 983 3798 fuerit
1004 3743 1262 3815 amplius
1285 3743 1382 3799 hic
1404 3742 1660 3815 amplius
1690 3744 1909 3815 diliget.

547 3835 611 3887 Et
645 3848 757 3888 nos
799 3831 999 3904 itaque
1042 3831 1356 3888 credamus
1408 3832 1625 3905 ubique
1663 3834 1801 3899 Deo,
1843 3850 1953 3890 nec
1988 3851 2119 3892 con-

474 3920 860 3989 tradicamus,
888 3921 1119 3977 etiamsi
1142 3921 1297 3993 quod
1331 3921 1408 3977 ab
1429 3937 1499 3977 eo
1524 3921 1738 3979 dicitur
1758 3926 2122 3982 contrarium

474 4025 603 4066 esse
621 4009 890 4065 videatur
915 4009 1133 4065 nostris
1162 4010 1627 4081 cogitationibus
1652 4018 1709 4069 et.
1735 4014 2076 4087 aspectibus
2107 4032 2119 4073 :

472 4100 545 4157 sit
572 4103 772 4156 tamen
794 4099 1022 4155 ﬁrmior
1041 4116 1235 4155 sermo
1263 4101 1390 4171 ejus
1416 4102 1633 4157 nostris
1672 4103 2123 4174 cogitationibus

471 4192 528 4245 et
569 4188 929 4261 aspectibus.
974 4190 1055 4244 Ita
1083 4204 1319 4261 quoque
1349 4189 1409 4244 in
1457 4190 1784 4248 adorandis
1827 4195 2123 4266 mysteriis

469 4276 779 4345 faciamus,
812 4294 934 4334 non
962 4293 1032 4335 ea
1063 4277 1258 4334 solum
1288 4295 1423 4352 quae
1457 4288 1865 4354 proponuntur
1893 4285 2120 4341 intuen-

470 4372 573 4436 tes,
607 4367 709 4424 sed
758 4368 1135 4425 sermonibus
1184 4368 1313 4439 ejus
1343 4370 1667 4427 credentes.
1714 4373 1980 4446 Cumque
2025 4373 2121 4429 ille

2241 3118 2297 3167 1'6
2329 3122 2428 3168 πᾶν
2470 3115 2681 3180 ἑαυτούς
2711 3120 2913 3171 οἴεσθαι
2966 3122 3248 3192 κατορθοῦν
3276 3142 3287 3153 ο

2240 3205 2265 3256 ὁ
2319 3209 2440 3267 Θεὸς
2516 3204 2813 3279 ἐργάζεται,
2872 3210 2973 3274 ἳνα,
3032 3214 3103 3281 μὴ
3187 3210 3339 3283 ἀργοὶ
3398 3215 3656 3282 μείνωμεν
3714 3213 3815 3261 οὗτε

2238 3297 2296 3346 1'6
2348 3302 2448 3347 πᾶν
2488 3298 2612 3367 ἡμῖν
2651 3294 2877 3368 ἐφίησιν,
2931 3298 3012 3349 ἵνα
3058 3303 3129 3369 μὴ
3179 3300 3540 3370 καυχώμεθα·
3581 3298 3685 3350 ἀλλ’
3714 3299 3812 3350 ἐκα-

2237 3387 2385 3458 τέρου
2415 3388 2471 3437 τό
2503 3382 2754 3458 βλαϐερὸν
2783 3385 2996 3459 ἀφελὼν,
3050 3390 3108 3439 1'6
3156 3392 3427 3461 χρήσιμον
3476 3391 3597 3459 ἡμῖν
3646 3387 3812 3440 atmii-

2235 3471 2427 3530 λοιπεν.
2484 3475 2703 3546 Ἀφῆκεν
2756 3471 2843 3527 οὖν
2893 3479 2980 3528 τὸν
3052 3484 3330 3550 κορυφαῖον
3382 3485 3576 3544 πεσεῖν,
3627 3477 3681 3530 ού
3732 3480 3811 3547 μό-

2235 3582 2317 3615 νον
2371 3559 2465 3617 διά
2515 3566 2609 3625 τὰς
2662 3563 2915 3639 ῥηθείσας
2960 3564 3153 3637 αἰτίας,
3206 3565 3334 3619 ἀλλὰ
3389 3572 3476 3619 καὶ
3522 3568 3605 3620 ἵνα
3656 3566 3807 3619 πλεῖον

2617 3652 2687 3725 γῼ¹
2752 3654 2863 3727 (47)
2938 3658 3038 3729 ’γὰρ
3104 3654 3275 3709 πλεῖον
3382 3654 3565 3729 ἀφεθῇ,
3654 3655 3809 3709 πλεῖον

3337 3124 3453 3173 οὔτε
3497 3126 3596 3196 γὰρ
3634 3126 3688 3172 τὸ
3731 3127 3813 3171 πᾶν

2236 3650 2302 3725 ἀγ
2308 3659 2412 3712 απή
2423 3672 2487 3727 σῃ
2498 3692 2510 3705 .

2235 3740 2519 3813 ἀγαπήσει.

2306 3836 2406 3885 Καὶ
2468 3832 2612 3904 ἡμεῖς
2674 3835 2732 3884 τὸ
2784 3839 2871 3885 νῦν
2916 3835 3209 3907 πειθώμεθα
3259 3844 3536 3907 πανταχοῦ
3591 3841 3657 3905 τῷ
3713 3838 3807 3897 Θεῷ
3885 3860 3887 3903 χ

2232 3922 2420 3992 καὶμὴ
2477 3919 2834 3993 ἁντιλέγωμεν,
2889 3926 2978 3975 καὶ
3021 3921 3065 3974 εἰ
3115 3925 3174 3974 τό
3223 3924 3348 3995 παρ’
3404 3925 3565 3977 αὐτοῦ
3614 3924 3807 3995 λεγομε-

2230 4028 2311 4061 νον
2356 4007 2580 4061 ἐναντίον
2638 4006 2765 4061 εἶναι
2824 4006 2970 4063 δοκεῖ
3044 4018 3153 4074 τοῖς
3231 4015 3490 4087 ἡμετέροις
3558 4013 3805 4085 λογισμοῖς
3856 4020 3861 4145 Ι

2230 4102 2320 4145 καὶ
2358 4104 2472 4145 ταῖς
2530 4096 2721 4145 ddunt
2752 4104 2841 4145 καὶ
2890 4102 3022 4145 ἔστω
3071 4106 3157 4145 am)
3215 4100 3478 4145 λοοησριίιν
3532 4107 3619 4145 καὶ
3662 4101 3805 4145 δείδίωῖ

2230 4102 2320 4150 καὶ
2358 4104 2472 4161 ταῖς
2530 4096 2721 4169 ὄψεσυ
2752 4104 2841 4151 καὶ
2890 4102 3022 4152 ἔστω
3071 4106 3157 4153 καὶ
3215 4100 3478 4175 λογισμῶν
3532 4107 3620 4155 καὶ
3662 4101 3805 4172 ἅψεων

2230 4192 2542 4261 κυριώτερος
2589 4188 2615 4239 ὁ
2654 4187 2806 4259 λόγος
2853 4188 3035 4243 αὐτοῦ.
3086 4190 3237 4243 Ούτω
3282 4170 3382 4243 καί
3435 4190 3518 4245 ἐπὶ
3566 4200 3666 4245 τῶν
3704 4170 3809 4263 ipp:-

2229 4260 2362 4326 κεῶν
2406 4281 2712 4349 μυστηρίων
2770 4285 3012 4350 ποιῶμεν,
3056 4282 3130 4351 μὴ
3192 4282 3257 4331 τὰ
3312 4286 3627 4355 προκείμενα
3856 4260 3857 4281 γ

2230 4361 2528 4435 βλέποντες,
2580 4364 2707 4418 ἀλλὰ
2753 4373 2857 4427 τοῖς
2909 4366 3083 4439 λόγοις
3128 4376 3221 4421 τοῦ
3275 4374 3537 4423 Δεσπότου
3588 4374 3813 4441 #:196311-

467 4458 627 4515 dicat
658 4474 671 4513 :
704 4458 832 4514 Hoc
858 4464 939 4514 est
982 4472 1193 4528 corpus
1227 4473 1419 4515 meum
1452 4475 1465 4525 ;
1496 4464 1551 4515 et
1584 4475 1596 4515 :
1625 4459 1737 4517 Hic
1765 4468 1847 4518 est
1875 4462 2091 4533 sangui

2247 4470 2328 4509 lat.
2362 4458 2463 4507 Καὶ
2493 4450 2675 4513 ἐπειδη
2711 4472 2837 4527 φησι
2864 4473 2877 4485 ·
2909 4461 3074 4510 Τοῦτό
3104 4456 3217 4510 ἔστι
3252 4462 3313 4512 τὸ
3346 4461 3499 4533 σῶμά
3536 4481 3665 4532 μου,
3719 4466 3813 4519 καὶ,

468 4562 645 4611 meus,
678 4552 733 4603 et
780 4562 1105 4619 pareamus
1132 4550 1190 4603 et
1218 4548 1554 4605 credamus.
1591 4549 1887 4622 Siquidem
1940 4552 2119 4609 etiam

466 4633 526 4689 in
543 4634 867 4706 baptismo,
888 4636 1187 4693 sensibilis
1216 4637 1459 4709 quidem
1486 4642 1767 4713 estaqua,
1790 4640 1895 4697 sed
1914 4642 2120 4700 intelli-

467 4720 648 4790 gibile
676 4722 903 4780 donum
934 4730 1019 4782 est
1068 4726 1461 4795 regeneratio.
1495 4727 1641 4795 Quia
1692 4730 1850 4786 enim
1883 4734 2116 4806 corpori

467 4816 740 4867 conserta
770 4816 858 4868 est
902 4813 963 4869 in
1002 4814 1177 4870 nobis
1207 4817 1428 4881 anima,
1480 4817 1541 4873 in
1592 4817 1978 4879 sensibilibus
2028 4823 2115 4881 in-

464 4897 793 4970 telligibilia
821 4902 1061 4959 tradidit
1088 4902 1263 4960 nobis
1295 4908 1467 4961 Deus.

2226 4546 2389 4595 Τοῦτό
2461 4542 2573 4596 ἔστι
2650 4547 2709 4596 τὸ
2794 4544 2925 4619 αἷμά
2991 4566 3114 4619 μου,
3200 4552 3291 4601 καὶ
3372 4551 3684 4623 ποιθώμεθα
3742 4554 3817 4601 ui

2224 4634 2573 4705 πιστεύωμεν.
2637 4638 2737 4687 Καὶ
2797 4637 2898 4709 γὰρ
2955 4640 3045 4689 καὶ
3122 4635 3205 4690 ἐπὶ
3278 4645 3372 4690 τοῦ
3452 4637 3817 4713 βαπτίσει-αγις

2225 4720 2475 4779 αἰσθητόν
2537 4724 2627 4794 μὲν
2683 4742 2742 4775 το
2820 4720 2988 4799 ὕδωρ,
3042 4723 3169 4778 ἀλλὰ
3244 4731 3427 4786 νοητὸν
3492 4734 3553 4781 τὸ
3642 4727 3817 4802 δῶρον.

2222 4811 2253 4868 ἡ
2334 4810 2701 4883 ἀναγεννησις·
2782 4811 2889 4866 ἐπεὶ
2956 4815 3056 4889 γὰρ
3140 4820 3347 4889 σώματι
3426 4819 3817 4891 συμπέπλεκται

2222 4900 2365 4972 ἡμῶν
2416 4902 2446 4958 ἠ
2506 4899 2684 4973 ψυχὴ,
2761 4900 2811 4954 ἂν
2878 4902 3147 4965 αἰσθητοῖς
3213 4908 3278 4958 τὰ
3346 4910 3513 4964 νοητὰ
3584 4898 3843 4984 παρέδωέ

2221 5007 2305 5041 κεν
2330 4989 2455 5063 ἡμῖν
2485 4989 2512 5041 ό
2542 4994 2680 5051 Θεός.
3836 5010 3841 5133 ῐ

2221 5112 2387 5133 η.-.
2439 5129 2476 5133 _
2549 5119 2603 5133 ...
2681 5115 2727 5133 η
2780 5114 2933 5133 .._...
3040 5132 3101 5133 η
3254 5120 3320 5133 η..
3404 5123 3445 5133 .-
3522 5121 3660 5133 ...-
3746 5123 3800 5133 -..

536 5096 585 5131 ιι
640 5098 776 5153 Luc.
827 5098 1051 5167 xxu,34.
1110 5100 1357 5158 “Joan.
1417 5117 1531 5169 XXI,
1577 5106 1666 5161 22.
1718 5105 1767 5141 η
1818 5107 1943 5164 Act.
2005 5124 2045 5176 ι,
2098 5116 2153 5169 7.
2203 5111 2249 5150 ιτ
2281 5114 2498 5181 Act.x,
2544 5119 2628 5172 t5.
2679 5115 2727 5151 ιο
2780 5114 2977 5175 Matth.
3034 5132 3197 5190 xm,
3252 5120 3344 5176 33.
3400 5123 3446 5156 ιο
3521 5121 3685 5180 Ibid;
3742 5096 3839 5193 δτι

462 5206 513 5243 ⁸ο
541 5206 667 5263 Act.
698 5222 779 5276 tn,
808 5208 897 5264 t2.

1663 5313 1886 5383 Variae
1924 5314 2249 5387 lectiones
2289 5328 2355 5387 et
2386 5329 2590 5390 notae.

529 5428 647 5573 2“;
679 5428 791 5485 Pro
821 5432 998 5503 Κύριε,
1027 5430 1132 5488 dat
1158 5437 1247 5486 καί
1277 5434 1419 5491 Cod.
1453 5440 1517 5493 A.

555 5504 620 5557 45
673 5500 1094 5573 Ἀπαρνήσομαι,
1124 5502 1266 5561 Cod.
1298 5508 1357 5564 Β.
1407 5508 1492 5566 Ita

460 5500 1094 5630 οοῇἷζὶῒτῗαρνῆσομαι,
1124 5502 1266 5561 Cod.
1298 5508 1357 5564 Β.
1407 5508 1492 5566 Ita
1521 5525 1763 5584 quoque
1793 5513 2023 5572 variant
2051 5514 2112 5572 in

2294 5444 2409 5587 ἕω)
2450 5446 2816 5518 Μανθάνωμεν,
2845 5446 2987 5504 Cod.
3015 5451 3081 5503 Α.

2320 5516 2415 5587 47)
2446 5517 2700 5587 Respicit
2722 5518 2861 5574 Luc.
2898 5534 2993 5586 νη,
3019 5523 3081 5575 Η

2320 5516 2415 5588 47)
2446 5516 2861 5589 Respicit‘Luc.
2898 5534 2993 5586 νη,
3019 5523 3111 5584 47,
3138 5522 3223 5577 48.
