3904 6210
115 290 200 352 681
971 283 1348 348 COMMENT.
1397 290 1469 346 IN
1511 283 1957 348 MATTHIEUM.
2003 323 2073 334 —
2111 289 2270 348 CAP.
2310 282 2505 348 XXVI.
3334 291 3437 352 682

176 415 370 488 Ὁμοίως
432 444 501 455 —
563 410 722 471 εἶπον.
787 417 1162 490 Μιμησάμενοι
1225 419 1314 469 καὶ
1381 415 1530 469 αὐτοὶ
1593 418 1718 472 τὸν.

1899 420 2007 474 'ers
2035 418 2123 475 35.
2155 416 2445 474 Similiter
2470 448 2541 458 —
2573 416 2882 477 dixerunt.
2909 418 3211 475 Imitantes
3239 420 3296 475 et
3325 417 3441 491 ipsi

117 510 300 580 Πέτρον.

1794 505 2052 563 Petrum.

174 595 366 648 Τότε-
384 588 510 647 insi.
529 596 697 654 Μόνος
720 593 930 647 ἄπεισιν
951 593 1020 656 εἰς
1046 598 1375 669 προσευχὴν,
1410 590 1684 647 διδάσκων

1901 597 2009 652 ’ere
2032 596 2124 652 36.
2159 596 2404 652 Tunc—
2441 595 2587 652 illic.
2615 594 2786 652 Solus
2829 595 2956 652 abit
2997 595 3075 652 ad
3123 594 3443 651 orationem

118 682 181 734 ὅτι
206 685 306 755 χρὴ
336 683 421 733 τὸν
439 683 639 756 θερμῶς
656 684 1053 756 προσευχεσθαι
1076 683 1322 756 μέλλοντα
1346 688 1660 757 μεμονωνένοη

1897 699 2020 740 :ens
2070 689 2342 757 oportere
2391 699 2529 740 eum
2570 685 2678 757 qui
2711 683 3005 741 ferventer
3029 688 3305 740 oraturus
3335 684 3439 746 est,

117 771 507 842 προσεύχεσθαι.

1797 771 2123 829 solitarium
2158 787 2348 829 orare.

179 858 277 931 [Ὦς
326 859 444 928 (48)
501 860 770 933 ἅνθρωπος
817 860 1173 936 προσηύξατο,
1234 857 1505 915 διδάσκων
1569 864 1690 924 τούς

1903 862 1980 930 --ὶ-
2014 863 2083 916 Ut
2146 860 2330 916 homo
2378 859 2750 932 precabatur,
2781 861 2999 918 docens
3046 861 3326 918 homines
3383 857 3445 913 in

119 945 394 1021 ἀνθρώπους
425 945 474 998 ἐν
505 957 818 1022 πειρασμοῖς
859 952 1272 1024 προσεύχεσθαι,
1319 955 1410 1003 καὶ
1458 950 1526 1012 εἰς
1569 953 1661 1004 Θεό

1906 948 2228 1005 tationibus
2257 949 2484 1020 precari
2515 953 2573 1004 et
2614 949 2690 1005 ad
2740 951 2919 1005 Deum
2944 949 3249 1006 intendere
3285 961 3448 1004 men-

121 1035 474 1108 ὰνατείνεσθαι,
501 1041 592 1090 καὶ
621 1035 967 1114 ἐκτενέστερον
997 1037 1356 1092 ἐπικαλεῖσθαι
1378 1043 1470 1098 τὴν
1498 1037 1663 1092 ἐκείνοι

1800 1042 1920 1096 tem
1946 1041 2123 1109 atque
2151 1035 2459 1094 ardentius
2488 1037 2618 1108 ejus
2643 1035 2966 1108 implorare
2995 1036 3303 1093 auxilium.

121 1121 402 1196 βοήθειαι]
795 1187 799 1190 .

185 1215 276 1265 Kal.
322 1211 632 1286 παραλαϐὼν
679 1245 739 1256 -
786 1211 1087 1288 ἀδημονεῖν.
1138 1215 1318 1290 [Ἔστι
1363 1216 1478 1287 (49)
1525 1213 1694 1270 δειλία

1912 1224 2036 1281 ’crs.
2066 1224 2158 1282 37.
2201 1223 2281 1279 Et
2310 1229 2602 1294 assumpto
2653 1252 2722 1262 —
2770 1224 3000 1278 maestus
3039 1236 3173 1278 esse.
3206 1223 3248 1292 -ι-
3277 1221 3320 1290 -ξ-
3357 1221 3454 1277 Est

124 1303 322 1371 φυσικὴ,
377 1305 448 1372 μὴ
510 1301 760 1364 θελούσης
823 1312 919 1366 τῆς
972 1303 1160 1377 ψυχῆς
1220 1302 1550 1378 διαιρεθῆναι
1601 1324 1666 1358 το

1913 1329 1980 1370 or
2024 1312 2276 1385 quidam
2317 1311 2646 1367 secundum
2683 1317 2984 1378 naturam,
3031 1326 3169 1366 cum
3215 1309 3455 1365 animus

125 1394 364 1461 σώματος,
421 1385 516 1442 διὰ
567 1395 657 1448 τὴν
705 1392 761 1454 ἕξ
809 1390 986 1466 ἀρχῆς
1038 1392 1328 1447 ἔντεθείσαν
1379 1393 1508 1466 αὐτῇ
1554 1412 1667 1465 παρι

1912 1421 1922 1458 ι
1965 1403 2088 1458 vult
2134 1400 2398 1472 disjungi
2447 1417 2484 1457 a
2521 1416 2786 1472 corpore,
2837 1404 3076 1472 propter
3122 1399 3360 1454 insitam
3401 1397 3454 1453 ei

121 1484 204 1528 τοῦ
247 1482 570 1553 Δημιουργόῦ
627 1484 852 1551 φυσικὴν
910 1484 1238 1554 συμπάθειάν
1281 1487 1470 1550 τεκαὶ
1511 1484 1663 1534 οἱκειὰ

1922 1490 2214 1563 principio
2275 1505 2312 1546 a
2363 1487 2638 1545 Creatore
2685 1488 3168 1559 compassionem
3219 1491 3276 1542 et
3316 1502 3456 1541 con-

119 1585 255 1623 τητα.
296 1571 395 1619 Καὶ
425 1569 538 1620 ἔστι
587 1565 758 1622 δειλία
784 1572 929 1642 παρὰ
973 1573 1149 1644 φύσιν,
1195 1569 1252 1623 έκ
1283 1567 1571 1646 προδοσίας
1615 1568 1661 1620 λι

1918 1579 2193 1634 ctionem.
2249 1579 2344 1632 Est
2398 1592 2530 1632 vero
2571 1577 2746 1632 etiam
2799 1577 2973 1631 timor
3029 1579 3228 1630 contra
3279 1579 3458 1629 natu-

117 1663 307 1726 γισμῶν
356 1660 447 1707 καὶ
503 1655 752 1719 ἀπιστίας
813 1663 1186 1732 συνισταμένη,
1239 1663 1307 1722 ὡς
1351 1660 1472 1712 ὅταν
1527 1678 1610 1720 τις
1650 1658 1659 1709 ε

1915 1683 1938 1723 1
1967 1667 2070 1740 qui
2099 1682 2171 1722 ex
2201 1665 2477 1735 neglectu
2521 1680 2686 1720 sanae
2729 1663 2975 1720 rationis
3005 1668 3061 1719 et
3111 1661 3457 1718 inﬁdelitate

117 1748 252 1794 νυκτὶ
301 1739 475 1814 δειλιᾷ
529 1741 623 1798 διὰ
691 1748 756 1798 τὰ
819 1749 1067 1820 φάσματα
1134 1753 1224 1800 καὶ
1294 1752 1413 1809 τούς
1477 1747 1659 1819 ψόφους

1915 1772 2013 1822 :ur,
2045 1754 2249 1821 veluti,
2274 1769 2410 1809 cum
2441 1753 2576 1826 quis
2608 1757 2778 1808 nocte
2803 1753 2986 1819 timet,
3033 1756 3279 1822 propter
3328 1765 3457 1822 spe-

119 1835 310 1889 Ταύτην
338 1828 398 1884 δε
429 1837 522 1890 τὴν
568 1829 784 1906 δειλίαν,
816 1838 882 1897 ὡς
909 1838 1055 1912 παρὰ
1091 1839 1266 1910 φύσιν,
1315 1838 1342 1888 6
1384 1839 1614 1910 Χριστὸς
1643 1855 1661 1888 ο

1921 1861 1936 1902 ι
1964 1848 2067 1900 aut
2089 1843 2337 1899 sonitus.
2369 1841 2539 1897 Hunc
2567 1841 2840 1897 timorem
2871 1845 3094 1906 autem,
3128 1838 3226 1910 qui
3255 1847 3463 1895 contra

117 1926 276 1991 προσῇ
284 1919 463 1994 κατο.]

1812 1941 2080 1991 naturam
2111 1929 2219 1997 est,
2256 1930 2521 1986 Christus
2552 1945 2674 1986 non
2703 1928 2931 1986 habuit.

184 2011 289 2062 Ούκ
336 2010 405 2071 εἰς
468 2014 562 2069 τὴν
617 2016 924 2085 προσευχήν
975 2012 1258 2086 παρέλαϐεν
1318 2013 1525 2081 αύτούς,
1579 2013 1708 2066 ἀλλὰ

1921 2023 2017 2077 ton
2046 2020 2116 2076 ad
2144 2020 2467 2076 orationem
2503 2033 2607 2074 eos
2637 2017 2983 2089 assumpsit,
3013 2015 3118 2071 sed
3145 2018 3463 2087 autequam

119 2101 213 2171 πρὸ
253 2107 348 2160 τῆς
387 2107 714 2174 προσευχῆς,
772 2097 887 2174 ἰδίᾳ
928 2109 1029 2154 τῶν
1071 2102 1236 2155 ἄλλων
1278 2105 1542 2174 μαθητῶν,
1575 2104 1661 2154 ὥσ·

1927 2115 2028 2176 ret,
2094 2112 2160 2164 ut
2205 2107 2455 2162 seorsim
2509 2105 2799 2178 separatis
2848 2105 2927 2160 ab
2977 2104 3110 2160 aliis
3161 2103 3469 2176 discipulis

119 2193 265 2260 μόνον
312 2184 648 2251 ένδείξασθαὶ
694 2188 879 2251 αὐτοῖς·
915 2193 981 2243 τὰ
1023 2199 1118 2253 τῆς
1163 2190 1348 2254 λύπης.
1391 2192 1602 2265 Μάρκος
1650 2211 1661 2243 ι

1924 2215 1992 2254 .m
2045 2197 2382 2253 ostenderet
2425 2193 2741 2251 tristitiam.
2794 2193 3026 2249 Marcus
3058 2197 3254 2249 autem
3307 2191 3466 2258 dicit,

121 2295 272 2348 φησιν
348 2277 431 2328 ὅτι
497 2276 692 2349 ἤρξατο
776 2275 1170 2351 ἕκθαμϐεῑσθαι,
1251 2283 1412 2351 ἤγουν
1491 2275 1663 2350 δειλιᾷ

1930 2285 1984 2341 μά
2015 2283 2189 2356 coepit
2213 2297 2626 2354 expavescere,
2658 2281 2722 2338 id
2743 2285 2838 2338 est
2867 2281 3073 2336 timere
3094 2281 3162 2335 δι.
3193 2278 3472 2337 Permisit

121 2365 301 2437 Ἐτῆκε
346 2366 446 2436 γὰρ
493 2373 557 2437 τῇ
614 2368 765 2438 φύσει
812 2369 1043 2439 πάσχειν
1081 2371 1141 2422 τὸ
1187 2364 1351 2424 ἴδιον.
1405 2364 1663 2440 Ἀδημονι

1928 2392 1975 2432 m
2026 2378 2256 2430 naturae
2312 2371 2438 2445 pati
2495 2370 2660 2444 quod
2726 2387 2904 2426 suum
2964 2373 3107 2426 erat.
3165 2366 3470 2440 Ἀδημονεῖν

123 2447 178 2504 δε
224 2459 308 2504 νῦν
359 2455 418 2504 τὸ
474 2455 797 2527 Βαρυθυμεῖν
857 2462 1068 2512 νοεῖται.
1122 2460 1228 2514 Τὴν
1275 2458 1366 2529 μὲν
1415 2452 1502 2508 οὖν
1548 2455 1665 2509 λύππ

1933 2481 2021 2521 em
2043 2465 2176 2536 (pro
2222 2477 2339 2536 quo
2367 2467 2636 2517 maestum
2663 2475 2790 2516 esse
2837 2460 3139 2529 vertimus)
3173 2459 3475 2528 signiﬁcat

119 2545 208 2593 καὶ
253 2538 589 2614 βαρυθυμίαν
642 2539 982 2609 ἐνδείκνυται,
1025 2539 1293 2612 δεικνύων,
1339 2545 1418 2597 ὅτι
1449 2545 1661 2618 ὦσπερτ

1933 2569 1984 2610 ιο
2039 2551 2254 2608 acerbo
2303 2565 2435 2607 esse
2485 2549 2710 2606 animo.
2772 2549 3102 2605 Mmstitiam
3164 2546 3363 2620 itaque
3417 2550 3475 2602 et

122 2632 288 2680 πάντα
335 2633 460 2689 Θεὸς
515 2629 678 2700 έστιν,
747 2631 878 2684 οὕτω
929 2636 1018 2685 καὶ
1069 2634 1137 2685 τὰ
1184 2634 1356 2686 πάντα
1419 2634 1664 2708 ἄνθρωπο

1933 2642 2004 2699 mi
2059 2640 2449 2698 acerbitatem
2492 2639 2903 2695 demonstrat:
2937 2636 3258 2693 ostendens
3309 2633 3475 2708 quod

122 2714 286 2770 ἰδιον
318 2713 378 2770 δε
430 2715 753 2793 ἀνθρωπίνης
797 2723 1000 2792 φύσεως
1042 2719 1322 2775 λυπεῖσθαι
1365 2718 1461 2774 διὰ
1499 2726 1585 2775 τόν
1629 2724 1664 2775 θ‹

1931 2736 1982 2788 ut
2026 2731 2275 2788 omnino
2328 2731 2482 2784 Deus
2538 2731 2645 2794 est,
2704 2727 2786 2782 ita
2815 2726 3063 2782 omnino
3105 2725 3289 2780 homo
3341 2728 3473 2779 est:

124 2825 291 2874 νατον,
325 2811 416 2896 καὶ
445 2806 677 2879 μάλιστα
719 2811 804 2861 τὸν
836 2807 1032 2881 βίαιον,
1081 2814 1172 2862 καὶ
1202 2809 1474 2882 φοϐεῖσθαι
1515 2818 1666 2864 τοῦτο

1942 2819 2137 2894 prium
2167 2823 2254 2874 est
2299 2822 2500 2873 autem
2531 2816 2815 2872 humanm
2863 2819 3088 2870 naturae
3133 2811 3479 2868 maestitiam

127 2900 318 2956 Μόνοις
369 2891 430 2946 δέ
489 2897 690 2957 τούτοις
745 2893 1084 2965 ένδείκνυται,
1157 2901 1222 2960 ὡς
1286 2903 1462 2971 μόνοις
1519 2902 1669 2974 θεωρο

1941 2891 2218 2980 ipropter
2243 2910 2518 2974 mortem,
2547 2903 2811 2960 maxime
2831 2903 3176 2971 vxolentam,
3202 2902 3483 2972 hancque

127 2990 371 3055 γεγονόσι
420 2988 512 3036 καὶ
561 2992 658 3047 τῆς
710 2984 759 3037 έν
810 2994 872 3058 τῇ
930 2992 1324 3062 μεταμορφώσει
1376 2989 1512 3050 θείας
1564 2985 1669 3052 δόξτ

1942 3012 2055 3053 ere.
2089 2994 2238 3052 Solis
2268 3000 2468 3050 autem
2497 2992 2590 3048 his
2621 2991 3083 3060 demonstratur,
3133 2995 3198 3046 ut
3226 2989 3330 3063 qui
3371 2987 3484 3044 soli

132 3071 312 3135 αὐτοῦ,
359 3076 450 3124 καὶ
490 3072 678 3144 μᾶλλον
707 3082 807 3127 τῶν
858 3074 1022 3128 ἄλλων
1067 3072 1368 3149 δυναμένοις
1395 3081 1468 3149 μὴ
1505 3077 1674 3153 θορυϐῑ

1943 3089 2190 3141 statores
2220 3082 2447 3138 fuerant
2475 3080 2694 3136 divinas
2735 3080 2936 3150 gloriae
2974 3079 3162 3151 ipsius
3207 3079 3270 3134 in
3301 3082 3485 3134 trans-

133 3162 284 3218 θῆναι
312 3163 405 3213 καὶ
434 3168 766 3222 καταπεσεῖν,

1947 3173 2204 3237 ιτοῐίοιιο,
2255 3175 2314 3226 et
2362 3169 2466 3242 qui
2516 3169 2709 3240 magis
2760 3169 2912 3225 inter
2961 3183 3164 3224 omnes
3211 3169 3489 3239 poterant

1835 3279 1957 3321 non
1988 3259 2215 3319 turbari
2244 3263 2348 3315 aut
2372 3256 2665 3314 decidere.

199 3340 325 3391 Τότε
376 3369 448 3378 -
507 3339 618 3413 μετ’
672 3337 817 3412 έμοῦ.
873 3345 1220 3416 Φανερώτερον
1293 3340 1581 3416 ἐξαγορεύει
1637 3345 1730 3400 τὴν

1950 3365 2062 3407 ers.
2107 3351 2196 3404 38.
2263 3348 2427 3404 Tum:
2455 3377 2524 3387 —
2563 3360 2798 3402 mecum.
2839 3343 3199 3401 Manifestius
3262 3349 3489 3398 natura:

134 3424 401 3479 ἀσθένειαν
455 3434 552 3490 τῆς
602 3429 822 3499 φύσεως,
881 3431 945 3488 ὡς
1008 3430 1298 3504 ἄνθρωπος.
1357 3433 1426 3486 Τὸ
1475 3427 1554 3498 δε,
1606 3429 1676 3483 ἘΑ

1948 3439 2042 3495 [άίί
2067 3435 2476 3494 inﬁrmitatem
2504 3439 2799 3506 tanquam
2830 3435 3036 3490 homo.
3069 3431 3242 3498 Quod
3287 3435 3490 3487 autem

139 3516 383 3584 θανάτου,
430 3513 545 3568 ἀντὶ
586 3523 698 3582 τοῦ,
730 3518 799 3578 ὡς
841 3515 889 3568 έν
922 3519 1150 3590 θανάτῳ,
1205 3521 1485 3593 Γρηγορὶῖν
1535 3516 1594 3572 δὲ
1624 3538 1681 3592 με

1953 3546 1958 3583 :
1999 3528 2190 3598 Usque
2219 3525 2299 3581 ad
2326 3531 2588 3588 mortem,
2623 3521 3003 3578 tantumdem
3033 3527 3121 3577 est
3151 3535 3222 3576 ac
3254 3519 3303 3576 si
3333 3517 3495 3575 dicat

139 3603 295 3656 αὐτοῦ
365 3603 561 3657 κελεύει
611 3607 950 3678 παραμυθίας
995 3608 1180 3672 ἕνεκεν,
1228 3609 1298 3668 ὡς
1353 3609 1468 3668 ἔθος
1523 3615 1634 3670 τοῖς

1953 3622 2005 3672 ut
2060 3615 2119 3670 in
2171 3617 2380 3678 morte,
2427 3611 2680 3681 Vigilare
2725 3625 2865 3666 vero
2915 3624 3124 3667 secum
3171 3607 3346 3680 jubet
3391 3622 3495 3663 eos

139 3695 534 3765 περιστάσεσιν.
567 3688 695 3746 Εἶτα
721 3698 811 3747 καὶ
839 3697 1055 3758 τούτους
1079 3693 1292 3767 ἀφίησιν
1322 3693 1442 3770 έκεῖ,
1467 3701 1557 3750 καὶ
1585 3701 1680 3770 μὸν

1963 3702 2268 3760 solationis
2316 3701 2524 3770 gratia,
2574 3699 2728 3755 sicut
2755 3697 2941 3754 moris
2984 3702 3076 3754 est
3125 3697 3188 3752 in
3236 3695 3501 3752 afﬂictio-

142 3781 352 3834 ἄπεισιν
382 3781 454 3843 εἰς
476 3785 570 3840 τὴν
591 3787 923 3856 προσευχήν.

1962 3810 2044 3849 us.
2073 3789 2297 3847 Deinde
2323 3789 2505 3846 etiam
2532 3787 2644 3844 hos
2673 3786 2754 3844 ibi
2776 3786 3073 3859 relinquit,
3097 3790 3154 3842 et
3184 3785 3351 3842 solus
3377 3783 3504 3840 abit

1850 3882 1928 3939 ad
1953 3879 2277 3938 orandum.

222 3959 324 4014 Και
370 3958 628 4033 προελθὼν
671 3989 741 3999 -
784 3958 965 4013 αὐτοῦ.
1017 3965 1222 4022 Λουκᾶς
1254 3956 1312 4015 δε
1341 3966 1431 4015 καὶ
1472 3965 1531 4016 τὸ
1561 3968 1744 4040 μέτρον

1969 3985 2080 4025 ers.
2136 3968 2226 4023 39.
2275 3965 2355 4022 Et
2391 3979 2837 4036 progressus—
2886 3978 3076 4020 suam.
3126 3965 3315 4019 Lucas
3367 3975 3509 4018 vero

147 4052 245 4098 τοῦ
269 4043 634 4120 διαστήματος
662 4045 816 4114 εἶπεν,
843 4049 925 4102 ὅτι
953 4045 1270 4110 ἀπεσπάσθη
1309 4049 1396 4104 ἀπ’
1428 4051 1596 4104 αὐτῶν
1621 4055 1689 4106 ὡο

1975 4073 2036 4112 m
2109 4054 2286 4128 spatii
2360 4053 2508 4108 dixit
2575 4068 2946 4117 mensuram,
3018 4054 3183 4123 quod
3266 4049 3510 4108 avulsus

148 4135 299 4187 λίθου
335 4135 513 4208 βολήν.

1856 4149 1944 4202 est
1967 4145 2046 4200 ab
2076 4145 2159 4200 eis
2187 4145 2483 4214 quantum
2502 4141 2698 4211 jactus
2727 4144 2814 4196 est
2836 4139 3055 4211 lapidis
3087 4140 3156 4193 δ’.

230 4230 654 4298 Προσευχόμενος
709 4255 776 4266 -
830 4227 900 4287 ὡς
947 4227 1033 4281 σύ.
1091 4225 1260 4280 Εἰπὼν
1446 4231 1525 4283 ὅτι
1562 4230 1618 4284 Ei
1659 4227 1750 4284 du-

1974 4249 2090 4288 ers.
2115 4232 2202 4288 39.
2237 4229 2422 4285 Orans
2461 4258 2530 4269 —
2553 4228 2705 4283 sicut
2736 4233 2820 4282 tu.
2857 4229 3066 4282 Dicens
3096 4243 3114 4280 :
3152 4226 3225 4282 Si
3244 4223 3515 4295 possibile

149 4317 306 4365 νατὸν
386 4312 519 4381 ἔστι,
606 4313 902 4387 παρελθέτω
979 4312 1068 4367 ἀπ’
1152 4313 1276 4389 έμου
1359 4321 1416 4371 τὸ
1507 4325 1691 4394 ποτήρι

1994 4324 2258 4377 transeat
2301 4332 2339 4373 a
2369 4331 2460 4372 me
2493 4315 2767 4384 poculum
2796 4313 2976 4383 istud,
3026 4313 3366 4368 humanum
3415 4310 3515 4365 de-

152 4409 331 4466 τοῦτο,
405 4399 569 4466 ἔδειξε
634 4407 731 4462 τήν
808 4403 1134 4477 ἀνθρωπίνην
1215 4402 1432 4476 δειλίαν,
1507 4413 1694 4483 ποτήρι

1970 4409 2214 4465 nstravit
2265 4404 2554 4471 timorem,
2608 4400 2889 4474 poculum
2953 4415 3180 4456 vocans
3233 4402 3512 4453 mortem.

155 4489 317 4560 λέγων
368 4494 426 4544 τὸ
476 4497 570 4544 τοῦ
629 4492 868 4545 θανάτουο
923 4492 1078 4545 εἰπὼν
1117 4489 1178 4546 δε
1230 4494 1311 4546 ὅτι
1355 4494 1488 4554 Πλὴν
1536 4494 1641 4568 ούχ
1689 4520 1697 4548 t

1972 4513 2071 4554 ens
2109 4500 2331 4560 autem,
2389 4493 2798 4548 Verumtamen
2852 4503 2970 4544 non
3023 4487 3175 4544 sicut
3205 4501 3306 4558 ego
3355 4486 3514 4555 volo,

159 4579 263 4648 ἐγὼ
304 4579 449 4649 θέλω,
497 4579 605 4632 ἀλλ’
633 4581 699 4640 ὡς
746 4583 835 4649 σὺ,
885 4577 1128 4644 ἐδίδαξεν
1171 4582 1247 4634 ὃνι
1290 4587 1378 4636 καὶ
1423 4591 1512 4646 τῆς
1558 4587 1701 4658 φύσει

1993 4588 2146 4642 sicut
2176 4588 2258 4649 tu,
2291 4580 2494 4638 docuit
2523 4579 2708 4652 quod,
2742 4578 2964 4635 natura
2991 4575 3127 4634 licet
3154 4574 3515 4642 retrahente,

159 4663 506 4731 ἆνθελκούσης
561 4671 672 4743 χρὴ
723 4669 941 4722 ἔπεσθαι
999 4677 1071 4741 τῷ
1125 4669 1373 4744 θελήματι
1443 4680 1534 4726 τοῦ
1602 4681 1701 4728 Θεο

1977 4675 2036 4732 ui
2080 4675 2350 4745 oporteat
2396 4668 2500 4725 Dei
2545 4666 2914 4723 voluntatem
2956 4664 3237 4736 illamque
3257 4661 3516 4736 propriae

165 4757 258 4806 lui
293 4762 548 4830 προτιμᾷν
589 4757 717 4810 αὐτὸ
744 4765 838 4811 τοῦ
886 4754 1025 4811 ἰδίου
1072 4757 1376 4832 θελήματος,
1410 4763 1477 4824 ὡς
1501 4760 1707 4816 λυσιτελ

1973 4764 2156 4819 untati
2202 4771 2570 4833 praeponere,
2627 4760 2919 4824 tanquam
2981 4753 3243 4809 maxime
3290 4750 3515 4807 utilem.

173 4858 366 4915 στιρον.
393 4851 465 4899 Τὸ
515 4843 597 4911 δέ,
647 4845 788 4905 Πλην
841 4846 936 4900 οὐκ
984 4849 1055 4910 ὡς
1101 4845 1198 4920 ἕγὼ
1240 4849 1385 4916 θέλω,
1425 4856 1715 4926 σαφέστερα

1978 4852 2042 4908 >ᾶ
2069 4865 2206 4906 vero
2253 4849 2369 4906 ait:
2426 4847 2836 4902 Verumtamen
2878 4859 2987 4896 non
3027 4841 3178 4898 sicut
3222 4855 3327 4912 ego
3377 4839 3520 4904 volo,

171 4929 206 4980 ὁ
255 4937 458 4997 Λουκᾶς
517 4933 846 5008 ἀπήγγειλεν,
903 4935 1076 5006 εἰπὼν,
1131 4937 1272 4998 Πλὴν
1327 4943 1400 5012 μὴ
1449 4942 1508 4993 τὸ
1566 4940 1713 5015 θέληρ

2014 4941 2168 4997 sicut
2220 4944 2308 5007 tu,
2357 4934 2602 5009 planius
2643 4929 2844 4988 retulit
2892 4932 3079 4989 Lucas
3112 4929 3364 4986 dicens:
3425 4928 3527 4986 Ve-

244 5074 287 5110 ⁵³
319 5074 497 5135 Marc.
536 5090 662 5146 xxv,
694 5076 785 5135 33.
811 5078 861 5115 "
893 5078 1030 5136 Luc.
1056 5094 1192 5147 xxu,
1223 5079 1314 5136 41.

1372 5255 1598 5328 Varia
1645 5257 1977 5331 lectiones
2020 5268 2086 5330 et
2124 5267 2329 5328 notae.

261 5442 366 5528 (ιβ)
405 5449 536 5508 Hac
574 5452 828 5528 uterque
861 5449 1051 5528 codex
1091 5451 1270 5528 habet
1313 5449 1694 5528 in_margine_,
1741 5453 1786 5509 A
1896 5525 1937 5528 η
1961 5452 2070 5524 (49)
2101 5447 2290 5528 Ellam
2313 5447 2443 5528 htec
2469 5450 2717 5528 uterque
2743 5447 2925 5510 habet
2949 5447 3012 5506 in
3055 5444 3339 5517 margine.
3373 5437 3539 5513 Apud

193 5518 424 5596 quidem
452 5523 632 5596 paulo
656 5518 923 5588 inferius,
950 5523 992 5578 Β
1021 5522 1139 5581 hoc
1162 5523 1322 5584 loco.
1359 5518 1615 5583 Caretéo
1638 5518 1786 5584 H'en-
1895 5518 2248 5581 He‘ntenium
2274 5535 2397 5578 non
2420 5518 2654 5592 legitur.

193 5591 400 5651 lenius.

466 5689 685 5750 Parnm.
722 5688 828 5751 Gn.
869 5687 1118 5752 CXXIX.
3195 5681 3266 5745 22
