3904 6210
414 258 516 323 633
1724 240 2069 305 EUTHYMII
2108 237 2436 305 ZIGABENI
3660 248 3752 311 est
3872 15 3904 300 Ι

412 394 736 445 rumtamen
758 401 874 442 non
899 398 1026 441 mea
1048 382 1345 447 voluntas,
1368 379 1469 437 sed
1495 384 1599 436 tua
1617 378 1721 446 ﬁat
1748 379 1793 413 ⁵³
1835 377 2063 433 Marcus

2190 396 2292 447 ιου,
2350 376 2480 429 ἀλλὰ
2518 379 2575 429 τὸ
2628 378 2719 429 σὸν
2765 378 2989 449 ’γινέσθω
3038 377 3183 450 (50).
3237 380 3447 455 Μάρκος
3496 376 3559 433 δέ
3606 399 3751 453 φησιν

413 482 611 532 autem
665 476 801 529 dicit
857 472 1021 545 quod
1094 470 1299 526 orabat
1334 473 1411 534 ut,
1468 468 1515 522 si
1547 466 1829 539 possibile
1885 469 2060 529 esset,

2190 468 2242 517 iri
2296 468 2638 538 προσηύχετο
2686 464 2769 517 ἱνα
2828 466 2959 537 (51),
2999 466 3042 518 εἰ
3087 464 3307 519 δυνατόν
3356 468 3493 532 ἐστι,
3533 469 3754 542 παρεὶθῄ

412 565 687 622 transiret
747 579 783 617 a
838 578 898 617 se
951 561 1114 626 hora,
1170 558 1439 614 videlicet
1489 557 1717 612 mortis.
1778 554 1843 608 Et
1906 553 2062 625 quod

2190 553 2257 606 ἔπ’
2306 554 2467 606 αὐτοῦ
2497 555 2527 611 ἡ
2575 555 2700 627 ὥρα,
2734 554 2913 625 ἤγουν,
2947 556 2976 613 ἡ
3010 562 3103 607 τοῦ
3134 557 3375 609 θανάτου·
3410 562 3500 609 xui
3536 559 3620 610 ὅτι
3656 558 3759 629 (52)

414 652 673 708 dicebat:
720 650 886 706 Abba
936 650 1140 716 Pater,
1180 650 1377 704 omnia
1421 646 1529 702 tibi
1569 644 1866 715 possibilia
1900 649 2059 707 sunt,

2190 644 2349 714 λεγεν,
2401 641 2567 695 ’Δϐϐἁ
2619 645 2644 693 ὁ
2708 648 2909 716 Πατὴρ,
2972 646 3141 696 πάντα
3189 641 3389 697 δυνατά
3439 664 3545 698 σοι·
3610 651 3762 719 παρέ-

416 742 681 809 transfer
702 740 983 808 poculum
1014 738 1114 793 hoc
1140 754 1177 793 a
1200 752 1309 800 me,
1337 737 1438 792 sed
1464 751 1579 791 non
1609 734 1766 806 quod
1787 748 1883 803 ego
1915 731 2060 797 volo,

2190 751 2311 801 νεγκε
2386 735 2444 783 τὸ
2509 738 2757 803 ποτήριον
2828 730 2912 784 ἀπ’
2987 732 3112 805 ἐμοῦ
3180 742 3350 787 τοῦτο’
3422 733 3532 786 ἀλλ’
3598 736 3661 788 οὗ
3718 741 3761 787 τί

416 830 515 887 sed
542 831 699 901 quod
743 836 805 885 tu
859 828 926 881 ⁵⁸.
954 827 1133 882 Dictio
1162 827 1330 881 Abba
1367 824 1643 881 Hebraica
1677 827 1786 886 est,
1841 820 2063 891 signiti-

2194 825 2272 892 γὼ
2323 820 2466 886 Θέλω,
2522 819 2648 872 ἀλλὰ
2694 826 2742 874 τε
2790 818 2877 875 σύ.
2927 825 2996 874 Τὸ
3049 825 3139 894 μεν
3190 842 3278 875 ουν
3320 822 3501 889 Ἀϐϐά,
3546 823 3753 898 ἐϐραῐκό

418 935 559 976 cans
586 919 746 973 idem
776 917 939 989 quod
972 918 1186 972 Pater:
1215 915 1351 971 ideo
1376 928 1619 986 quoque
1649 926 1758 967 sua
1782 911 2063 981 interpre-

2190 908 2302 971 ιέξις
2345 908 2477 975 ἐστὶ,
2522 916 2774 980 σημαῖνον
2830 913 2887 961 τὸ
2932 909 2991 963 Ὀ
3040 916 3238 985 Πατήρ·
3279 908 3364 964 διὸ
3403 918 3494 965 καὶ
3524 915 3553 971 ἢ
3597 913 3757 986 ἑρμη-

416 1008 561 1064 tatio
604 1007 881 1078 apposita
909 1009 1014 1061 est.
1050 1003 1222 1069 Quod
1251 1007 1452 1060 autem
1482 1001 1737 1065 additur,
1785 999 1904 1055 Sed
1942 1014 2062 1055 non

2190 1002 2277 1050 ιεία
2326 1000 2511 1050 τούτου
2564 1000 2878 1073 χροσετέθη.
2932 1004 3002 1052 Τὸ
3066 996 3144 1063 δι,
3207 1000 3285 1052 Οὐ
3338 1005 3390 1053 τί
3442 1001 3545 1074 ἐγὼ
3620 1002 3759 1070 θέλω,

414 1097 568 1167 quod
596 1110 698 1165 ego
721 1093 983 1160 volo,sed
993 1092 1143 1163 quod
1166 1098 1251 1157 tu,
1271 1091 1561 1147 defectiva
1576 1089 1764 1145 oratio
1787 1092 1877 1143 est
1901 1106 1913 1146 :
1940 1087 2063 1142 Fiat

2190 1086 2297 1138 ιλλά
2367 1092 2418 1138 τί
2493 1090 2581 1153 σὺ,
2662 1086 2838 1146 ἐλλιπῆ
2923 1092 3079 1144 εἰσιν.
3175 1088 3417 1142 Ἐλλείπει
3502 1091 3608 1162 γάρ
3690 1094 3755 1154 τὸ,

412 1200 534 1241 non
560 1182 725 1256 quod
756 1197 867 1251 ego
897 1181 1052 1251 volo,
1082 1180 1188 1237 sed
1212 1180 1372 1252 quod
1404 1184 1484 1236 tu.

2190 1177 2420 1232 ἰνεσθω.
2474 1174 2630 1229 Ἐστι
2678 1177 2778 1249 γὰρ
2825 1179 2882 1229 τὸ
2928 1176 3135 1251 πλῆρες,
3180 1177 3259 1230 ὃτι
3303 1180 3549 1248 Γινέσθω,
3598 1179 3761 1251 οὖχᾶ

482 1274 650 1344 Apud
699 1273 915 1327 Lucam
965 1285 1105 1325 vero
1151 1270 1436 1340 scriptum
1470 1272 1597 1325 est:
1649 1268 1851 1330 Pater,
1885 1265 1935 1320 si
1973 1264 2061 1320 vis

2190 1269 2266 1335 ’γὼ
2296 1264 2439 1330 eo»,
2474 1263 2579 1316 ἀλλ’
2611 1266 2639 1317 δ
2670 1268 2757 1319 σύ.

414 1362 738 1430 transferre
776 1360 1054 1428 poculum
1088 1358 1196 1414 hoc
1234 1374 1271 1415 a
1304 1374 1395 1414 me
1424 1358 1492 1393 5"
1521 1373 1535 1424 ;
1568 1360 1623 1411 et
1672 1354 1937 1409 similiter
1978 1356 2063 1408 est

2242 1356 2391 1426 Παρὰ
2448 1350 2508 1406 δε
2561 1361 2631 1424 τῷ
2680 1359 2861 1424 Λουκᾷ
2920 1357 3231 1427 γέγραπταυ
3290 1356 3480 1429 Πάτερ,
3540 1355 3589 1408 εἰ
3648 1354 3761 1428 βούο

412 1449 603 1505 oratio
644 1447 936 1503 defectiva
990 1446 1191 1502 deficit
1226 1445 1408 1512 enim,
1463 1443 1755 1500 Transfer.
1792 1444 1860 1497 Ut
1888 1441 2061 1497 homo

2190 1460 2242 1494 ιει
2324 1449 2653 1517 παρενεγκεῖν
2734 1445 2793 1494 τὸ
2875 1447 3122 1516 ποτήριον
3206 1448 3359 1496 τοῦτὸ
3444 1443 3534 1496 ἀπ’
3623 1443 3759 1517 ἐμοῦ.

413 1543 613 1594 autem
645 1536 901 1604 dicebat,
933 1536 1002 1591 Si
1035 1534 1312 1605 possibile
1336 1540 1438 1600 est,
1473 1534 1587 1589 hoc
1616 1536 1722 1595 est,
1770 1530 2061 1597 Quatenus

2190 1534 2273 1583 {ui
2324 1533 2439 1583 ἔστι
2508 1535 2597 1583 xui
2668 1538 2821 1583 τοῦτο
2895 1530 3111 1594 ἐλλιπές.
3190 1530 3434 1585 Ἐλλείπει
3506 1536 3612 1605 γὰρ
3687 1538 3756 1599 τὸ,

413 1625 539 1681 ﬁeri
568 1629 763 1697 potest
790 1642 803 1690 ;
833 1624 1171 1680 humanum
1217 1628 1307 1680 est
1335 1623 1495 1679 enim
1537 1622 1743 1677 timere
1774 1619 1879 1689 (ii).
1912 1617 2063 1674 Veri-

2190 1623 2476 1693 ἶαρένεγκε.
2556 1618 2618 1672 Ὠ
2688 1622 2956 1692 ἄνθρωπος
3033 1616 3092 1672 δι
3169 1617 3324 1675 εἶπεν.
3400 1621 3461 1675 Εἰ
3546 1618 3762 1675 δυνατόν

414 1713 607 1769 simile
633 1719 723 1769 est
752 1717 953 1769 autem
982 1713 1186 1769 omnia
1215 1728 1320 1785 per
1349 1715 1550 1783 partes
1574 1709 1735 1766 dicta
1764 1723 1919 1763 esse.
1965 1708 2063 1763 So-

2190 1712 2331 1775 ἐστιν,
2383 1708 2497 1761 ἀντὶ
2526 1716 2637 1774 τοῦ,
2692 1707 2736 1761 εὶ
2766 1706 3126 1780 ἐνδεχόμενον.
3169 1708 3520 1784 Ἀνθρὼπενον
3566 1714 3668 1783 γὰρ
3709 1714 3761 1762 τό

413 1803 606 1860 lemus
637 1802 799 1858 enim
826 1802 885 1857 in
926 1801 1368 1874 precationibus
1414 1814 1603 1856 unum
1629 1802 1686 1854 et
1715 1797 1875 1853 idem
1906 1794 2063 1852 vario

2190 1793 2490 1860 ἱπιδοιὰζειν
2539 1796 2679 1869 (53).
2740 1796 2826 1859 Ὠς
2877 1800 2978 1869 γὰρ
3033 1801 3163 1859 Θεὸς
3206 1797 3483 1870 ἐγίνωσκεν
3522 1802 3625 1853 εἴτε
3668 1796 3762 1851 δν-

417 1892 602 1949 modo
631 1892 847 1947 dicere.
2172 1888 2323 1938 νατόν
2354 1882 2436 1953 ἦν,
2469 1888 2564 1937 εἶτε
2603 1882 2880 1942 ἁδύνανον.
2921 1886 3073 1948 Εἰκὸς
3102 1883 3181 1957 δὲ,
3213 1889 3383 1939 πάντα
3417 1888 3648 1962 ῥηθῆναι
3674 1887 3763 1939 ἄνὰ

2174 1978 2345 2047 μέρος.
2393 1974 2658 2047 Εἰώθαμεν
2694 1978 2796 2050 γὰρ
2827 1972 2875 2027 ἕν
2904 1980 3019 2036 ταῖς
3064 1983 3389 2050 προσευχαῖς
3422 1973 3682 2050 διαφόρως
3708 1980 3760 2029 τό

2175 2063 2300 2116 αὑτό
2330 2063 2512 2134 λέγειν.

2247 2156 2347 2205 Καὶ
2402 2154 2616 2224 ἔρχεται
2673 2183 2740 2193 -
2799 2152 2957 2212 οὕτως
3004 2168 3018 2218 ;
3073 2155 3143 2204 Τὸ
3208 2150 3409 2219 οὓτως;
3467 2154 3583 2206 κατ’
3644 2152 3760 2226 ἐρώ-

2171 2260 2326 2299 τησιν
2404 2242 2593 2299 ἠθικὴν
2666 2240 3038 2313 ἀναγνωστέον.
3099 2240 3364 2315 Ἐνέτρεψε
3421 2244 3525 2317 γὰρ
3595 2242 3757 2305 αὐτόν,

2172 2334 2344 2381 καίτοι
2414 2332 2502 2381 xui
2569 2337 2667 2381 τῶν
2733 2329 2895 2381 ἄλλων
2955 2325 3334 2381 καθευδόντων
3399 2328 3529 2383 ἀλλὰ
3586 2333 3758 2382 τούτου

2174 2415 2517 2491 διαφερόντως
2590 2418 2889 2489 καθήψατο,
2961 2421 3030 2479 ὡς
3098 2423 3528 2494 προπετεστέρον,
3585 2418 3756 2490 λέγων·

2174 2508 2353 2568 Οὕτως
2390 2509 2632 2579 ὑπέσχου
2658 2524 2671 2573 ;

2248 2596 2360 2648 Οὐκ
2413 2626 2482 2638 -
2538 2597 2648 2668 μετ’
2696 2596 2984 2669 ἐμοῦςῖὺν
3031 2598 3145 2668 iuni
3191 2593 3467 2649 ἀποθανεῖν
3522 2594 3759 2668 ἔπη-Πεί-

2174 2685 2355 2754 λασθε,
2431 2688 2520 2736 καὶ
2585 2684 2679 2737 οὐκ
2739 2684 3002 2756 ἰσχύσατε
3068 2689 3191 2758 μίαν
3249 2687 3387 2755 ὥραν
3439 2690 3760 2759 γρηγορῆσαί

2175 2775 2286 2847 μετ’
2340 2773 2498 2846 iam};
2528 2776 2737 2847 Μάρκος
2789 2770 2848 2826 δε
2899 2793 3076 2846 φησιν,
3138 2775 3219 2826 ὅτι
3255 2772 3389 2844 λέγει
3443 2782 3515 2844 τῷ
3563 2779 3751 2847 Πέτρῳ·

2176 2867 2362 2936 Σίμων,
2421 2859 2732 2927 καθεύδειςς
2793 2862 2904 2915 Οὐκ
2960 2865 3199 2933 ἴσχυσας
3265 2866 3392 2934 μίαν
3447 2863 3586 2936 ὤραν
3633 2882 3757 2936 γρη-

2104 2960 2439 3026 ργορῆσαις
2484 2954 2888 3024 Προηγόυμενως
2932 2954 3021 3023 μὲν
3072 2952 3173 3025 γὰρ
3221 2953 3353 3024 πρὸς
3405 2949 3593 3003 ἐκεῖνον
3645 2949 3755 3005 ἄπε-

2174 3044 2396 3109 τείνατο,
2425 3036 2535 3092 εἶτα
2564 3045 2653 3092 xui
2682 3042 2813 3114 πρὸς
2845 3042 2965 3100 τοὺς
2993 3038 3197 3101 ἄλλους.

488 2131 655 2187 Vers.
682 2132 771 2185 40.
812 2129 891 2184 Et
914 2134 1069 2185 venit
1099 2158 1167 2167 —
1197 2128 1321 2184 sic?
1357 2126 1453 2183 Sic
1476 2142 1582 2199 per
1606 2125 1857 2182 modum
1892 2125 2066 2181 inter-

418 2220 743 2290 rogationis
806 2217 1121 2288 legendum
1151 2221 1238 2272 est
1302 2215 1531 2287 pudore
1567 2230 1825 2286 namque
1873 2212 2066 2270 affecit

418 2326 579 2365 eum.
622 2308 793 2379 Atqui
832 2307 1008 2362 etiam
1054 2304 1149 2359 alii
1181 2304 1580 2360 dormiebant.
1615 2304 1723 2359 Sed
1765 2302 1927 2358 hunc
1973 2318 2063 2357 ve-

419 2396 752 2453 hementius
770 2394 1106 2465 objurgavit
1128 2398 1412 2465 tanquam
1438 2392 1631 2463 magis
1663 2392 2061 2460 temerarium,

420 2486 618 2542 dicens
652 2501 663 2538 :
701 2484 791 2540 Sic
823 2489 875 2539 te
905 2481 1236 2555 promisisti
1269 2481 1566 2536 facturum
1594 2480 1621 2535 ?

488 2576 722 2630 Vers.40
738 2574 866 2628 Non
887 2603 955 2611 —
975 2587 1199 2627 mecum
1224 2572 1251 2627 7
1272 2573 1497 2627 Mecum
1515 2569 1667 2625 mori
1688 2570 2061 2641 promisistis,

417 2667 475 2720 et
500 2678 617 2719 non
643 2661 916 2733 potuistis
943 2676 1064 2715 una
1082 2660 1231 2715 hora
1257 2658 1502 2729 vigilare
1536 2675 1769 2714 mecum
1790 2660 1817 2713 Ῡ
1842 2663 2065 2715 Marcus

418 2756 617 2809 autem
649 2751 728 2807 ait
759 2749 978 2804 dixisse
1010 2748 1212 2803 Petro:
1258 2747 1478 2816 Simon,
1510 2748 1731 2803 dormis
1753 2746 1780 2801 ?
1808 2748 1939 2803 Non
1968 2764 2067 2817 po-

420 2839 587 2897 tuisti
608 2855 727 2895 una
744 2840 886 2895 hora
910 2838 1146 2909 vigilare
1162 2839 1208 2873 ‘5
1228 2836 1255 2891 Ὺ
1274 2837 1577 2908 Praecipue
1608 2838 1767 2892 enim
1791 2838 1867 2893 ad
1899 2837 2065 2892 illum

416 2928 627 2984 direxit
654 2942 1013 2991 sermonem,
1046 2924 1265 2980 deinde
1296 2924 1477 2980 etiam
1508 2924 1587 2980 ad
1618 2925 1788 2981 alios.

487 3019 645 3071 Vers.
711 3019 799 3071 41.
864 3016 1103 3086 Vigilate
1138 3046 1205 3055 —
1266 3016 1659 3071 tentationem.
1713 3018 1836 3070 Non
1894 3013 2063 3070 vobis

415 3104 559 3177 ipsis
590 3103 922 3169 conﬁdatis,
954 3120 1149 3175 neque
1182 3119 1406 3173 magna
1436 3103 1812 3175 promittatis,
1848 3104 1953 3159 sed
1986 3108 2063 3159 at-

2248 3103 2552 3203 Γρηάορεῖτε
2604 3103 3038 3201 -—'1mpua'yiév.
3103 3132 3189 3186 Μὴ
3252 3126 3485 3202 θαῤῥεττε
3551 3126 3737 3186 ἑαυτοῖς

414 3172 626 3250 tendite
652 3197 707 3249 et
733 3197 895 3249 orate
926 3208 999 3248 ne
1022 3172 1248 3248 intretis
1278 3172 1336 3248 in
1370 3172 1774 3248 tentationem.
1808 3192 2063 3261 Quidam

2190 3172 2766 3289 ιηὸιειιὲςταγγεὶλεσθε
2818 3172 3061 3287 ΓμεγΓαἊα,
3316 3172 3610 3287 [τειροσέχετε
3678 3172 3756 3266 xui

415 3298 557 3339 vero
626 3282 1015 3340 tentationem
1082 3283 1545 3355 interpretantur
1598 3281 1694 3338 hic
1746 3283 1820 3337 de
1888 3298 2063 3354 nega-

2190 3281 2546 3381 προσεύχεσέε
2603 3308 2674 3377 μὴ
2736 3281 2976 3358 εἰσελθεῖν
3028 3281 3099 3365 εἰς
3148 3281 3657 3378 πειρασιιόν.’ῖι“ινὶς
3707 3300 3758 3356 δε

418 3376 595 3429 tiGneo
2179 3376 2467 3470 πειρασμόν
2507 3376 2725 3448 ἐνταῦθα
2751 3397 2840 3448 τὸν
2871 3403 2959 3455 τῆς
2985 3376 3247 3467 ἀρνήσεωξ
3278 3393 3639 3467 ίρμηνεύουσι.

492 3603 650 3657 Vers.
706 3602 795 3656 41.
850 3600 1101 3670 Spiritus
1148 3599 1377 3671 quidem
1425 3630 1493 3641 —
1544 3599 1807 3669 inﬁrma.
1867 3604 2063 3662 Anima

2248 3618 2317 3670 Τὸ
2343 3617 2432 3687 μὶν
2464 3622 2663 3689 πνεῦμα
2687 3646 2757 3657 —
2783 3616 3021 3677 ἀσθενής.
3053 3613 3111 3669 Ἣ
3136 3617 3226 3689 μὲν
3246 3614 3402 3689 ψυχὴ
3434 3617 3758 3690 προθυμται

346 3728 351 3733 ρ
421 3688 668 3760 quidem
699 3694 978 3759 prompta
1028 3692 1115 3743 est
1161 3692 1217 3744 et
1265 3688 1551 3744 audenter
1580 3690 1806 3747 accedit
1844 3694 2063 3763 pericu-

2190 3710 2268 3757 εαὶ
2325 3703 2627 3776 κατατολμᾲ
2672 3712 2763 3756 τοῦ
2819 3702 3082 3757 κινδύνου·
3140 3688 3173 3764 ἦ
3242 3688 3510 3780 δεσόιρξ,
3561 3688 3760 3764 inﬁmi;

422 3776 597 3844 lum;
625 3791 765 3832 caro
811 3792 953 3832 vero
1000 3792 1136 3831 cum
1187 3776 1427 3832 infirma
1479 3778 1569 3846 sit,
1626 3777 1928 3846 formidat,
1963 3798 2063 3838 nec

2190 3792 2332 3849 abaci.
2365 3793 2731 3847 ὑποστελλεται
2764 3799 2854 3847 xui
2884 3794 2978 3846 οὐκ
3006 3794 3213 3846 εὐτονείο
3262 3790 3349 3846 διὸ
3386 3801 3639 3868 προσήκει
3670 3799 3756 3866 μὴ,

422 3864 573 3921 adeo
601 3868 884 3920 constans
923 3870 1013 3920 est
1041 3880 1054 3928 ;
1092 3863 1228 3920 ideo
1259 3865 1530 3920 convenit
1559 3882 1632 3921 ne
1662 3870 2063 3940 promptitudi-

2190 3886 2304 3955 πρὸς
2350 3886 2443 3941 τὴν
2506 3890 2601 3944 τῆς
2637 3882 2820 3953 ψυχῆς
2874 3884 3170 3957 προθυμίαν
3227 3863 3528 3954 βλέποντας,
3583 3863 3761 3958 θρασύ-

421 3968 560 4008 nem
609 3952 824 4007 animae
864 3951 1230 4008 attendentes
1285 3952 1661 4023 insolescant,
1714 3957 1818 4013 sed
1876 3961 2063 4016 carnis

2190 3951 2379 4040 θεσθαι,
2421 3970 2566 4041 ἀλλὰ,
2605 3951 2851 4045 πρὸξ-τὴν
2886 3951 2981 4033 τῆς
3012 3951 3201 4045 σαρκὸς
3228 3951 3760 4045 ασθένειαννόρέιγτις,

421 4040 827 4097 inﬁrmitatem
859 4040 1231 4097 advertentes
1264 4041 1514 4098 modesti
1545 4044 1679 4099 sint.

2190 4066 2576 4133 αετριοφρονεῖν.

493 4132 653 4185 Vers.
684 4128 777 4187 42.
808 4130 1030 4186 Rursus
1056 4160 1125 4169 —
1150 4131 1421 4187 voluntas
1452 4137 1575 4188 tua.
1608 4134 1838 4191 Marcus
1870 4142 2063 4195 autem

2461 4178 2533 4189 —-
2591 4146 2787 4219 θέλημά
2841 4165 2956 4201 σου.
3023 4146 3081 4199 Ὀ
3139 4143 3199 4200 δι
3260 4150 3475 4221 Μάρκος
3536 4148 3762 4223 ἔγραψεν,

424 4219 661 4291 scripsit
690 4219 850 4291 quod
880 4218 1160 4275 eumdem
1206 4219 1417 4275 dixerit
1448 4237 1784 4280 sermonem
1821 4228 1889 4281 ⁸⁸.
1918 4230 2063 4284 Veri-

2190 4237 2261 4288 Ξτι
2308 4239 2394 4288 τὸν
2447 4236 2602 4289 αὖτὲν
2644 4236 2793 4309 λόγον
2839 4232 2995 4302 εἶπεν,
3045 4237 3099 4289 ὃν
3164 4241 3255 4289 xui
3308 4242 3579 4312 πρότερον.
3634 4238 3771 4295 Εἰκὸς

424 4309 615 4365 simile
641 4314 729 4365 est
754 4324 896 4381 ergo
926 4312 984 4364 et
1007 4309 1167 4364 hunc
1197 4318 1252 4365 et
1283 4309 1447 4365 illum
1479 4310 1713 4368 dixisse.

2190 4321 2242 4378 δε
2279 4330 2369 4377 xui
2400 4323 2604 4391 ἐκεῖνον,
2637 4330 2726 4378 xui
2755 4333 2936 4378 τοῦτον
2962 4325 3141 4379 εἰπεῖν.

496 4400 657 4455 Vers.
692 4402 780 4455 43.
809 4399 887 4454 Et
919 4400 1069 4453 venit
1100 4429 1168 4438 —
1205 4400 1461 4469 gravati.
1494 4402 1907 4460 Gravabantur
1950 4423 2063 4463 non

2256 4418 2356 4466 Kui
2430 4413 2584 4467 ἕλθὼν
2664 4445 2732 4454 -
2805 4412 3173 4487 βεϐαρημένοι.
3231 4413 3521 4487 Βεϐοὲρηντο
3579 4416 3641 4468 οὐ
3713 4420 3773 4483 τῷ

426 4492 659 4545 tantum
677 4504 911 4553 somno,
936 4488 1040 4543 sed
1057 4492 1111 4543 et
1138 4503 1409 4552 maerore,
1443 4488 1590 4544 sicut
1610 4490 1758 4547 dixit
1782 4493 1970 4550 Lucas
2002 4498 2063 4548 ⁵⁷.

2190 4501 2324 4575 ὕπνῳ
2372 4508 2543 4575 μόνον,
2595 4501 2723 4555 ἀλλὰ
2774 4506 2860 4556 xui
2896 4511 2958 4576 τῇ
2999 4502 3161 4575 λύπῃ,
3200 4505 3370 4564 καθὼς
3404 4500 3512 4557 εἷπε
3555 4508 3777 4562 Λουκᾶς.

424 4577 557 4629 Jam
599 4576 753 4631 enim
798 4577 1075 4632 certiores
1117 4576 1253 4632 facti
1297 4582 1466 4633 erant
1495 4579 1569 4634 de
1623 4587 1810 4638 morte
1861 4584 2063 4656 ipsius.

2190 4588 2323 4651 Ἤδη
2374 4592 2473 4667 γὰρ
2523 4590 3022 4666 ὶπληροφορήθησαν
3056 4596 3171 4665 περὶ
3210 4599 3303 4644 τοῦ
3335 4593 3560 4645 Θανάτου
3590 4592 3773 4644 αὐτοῦ.

427 4662 658 4717 Marcus
682 4679 823 4720 vero
855 4664 999 4721 dixit
1023 4685 1035 4725 :
1073 4666 1146 4722 Et
1167 4666 1503 4723 nesciebant
1522 4670 1669 4739 quid
1696 4673 1751 4727 ei
1770 4677 2063 4744 responde-

2190 4680 2241 4734 Ὀ
2291 4677 2349 4733 o‘i
2382 4662 2611 4754 Μάρκος
2654 4662 2798 4735 iure
2848 4683 2930 4735 ὅτι
2979 4684 3079 4735 Καὶ
3122 4662 3223 4734 οὐχ
3263 4677 3508 4755 ᾔδεισαν,
3558 4686 3615 4735 τί
3653 4679 3784 4747 αὐτῷ

428 4755 562 4806 rent
592 4752 665 4807 ⁸⁸.

2190 4770 2353 4847 ἁποκρ
2364 4773 2563 4828 ιθῶσιν.

496 4901 542 4935 ⁵³
602 4902 737 4972 Luc,
785 4919 922 4971 xxii,
953 4904 1043 4961 42.
1102 4905 1149 4942 "
1179 4909 1351 4965 Marc.
1409 4924 1524 4977 x1v,
1572 4915 1659 4969 35.
1720 4915 1789 4951 ⁵⁴⁹
1846 4917 1983 4976 Luc.
2018 4936 2063 4977 ιε

426 4988 515 5045 45.
550 4990 597 5025 ³⁸
626 4993 801 5049 Marc.
838 5009 950 5050 x11.
993 4996 1082 5050 40.

2212 4924 2299 4977 42.
2360 4922 2408 4959 ⁸⁸
2449 4924 2618 4980 Mare.
2680 4920 2765 4989 14,
2816 4921 2908 4979 37.
2948 4920 2996 4959 ³⁸
3052 4920 3202 4979 Ibid.
3226 4920 3319 4990 89,
3367 4921 3417 4959 ⁵⁷
3471 4920 3621 4981 Luc.
3654 4934 3784 4980 mi.

503 5030 515 5045 ο
626 5030 801 5049 manu.
838 5030 950 5066 AI',
993 5030 1082 5050 Ἰυο

1656 5148 1869 5219 Variae
1917 5152 2248 5231 lectiones
2301 5166 2366 5225 et
2413 5164 2618 5228 notua.

498 5274 1067 5373 esteem-ossu-
1100 5284 1167 5373 ρο
1208 5355 1225 5373 .

2261 5302 2381 5371 (53)
2434 5298 2823 5373 Frequentius
2856 5298 3086 5373 legitur
3137 5292 3447 5362 ἓνδοιείξειν.
3507 5298 3631 5357 Sed
3684 5296 3789 5354 hoc

496 5350 577 5408 (51
634 5348 746 5400 Ἰνα
775 5352 987 5407 omittit
1019 5353 1153 5408 cod.
1194 5355 1259 5409 A.

498 5348 612 5491 (52g
640 5418 761 5473 Ὀτι
790 5422 1005 5480 omittit
1034 5425 1169 5480 cod.
1201 5430 1269 5481 Α.

2190 5348 2740 5445 quaesisses:

498 5418 612 5492 (52)
640 5418 761 5473 Ὀτι
790 5422 1005 5480 omittit
1034 5425 1169 5480 cod.
1201 5430 1269 5481 Α.

503 5592 592 5671 (ii)
631 5594 879 5655 Timere.
903 5595 1197 5656 Dubitare.
1234 5600 1305 5658 Ut
1333 5602 1486 5660 Deus
1517 5609 1699 5678 enim,
1727 5615 1901 5673 norat
1930 5617 2123 5674 utrum
2153 5614 2280 5677 ﬁeri
2318 5622 2523 5693 posset
2550 5632 2759 5678 necne.
