3904 6210
155 255 236 323 688

1058 259 1406 323 COMMENT
1446 261 1514 325 IN
1554 266 1998 330 MATTH/EUM.
2039 303 2108 314 —
2145 270 2301 326 CAP.
2346 267 2538 328 XXVI.

3307 269 3414 328 686

211 404 284 452 Καὶ
326 398 445 472 ἀφείς
494 425 550 440 -·
609 398 782 454 εἰπών.
845 399 934 454 Ἐκ
987 397 1232 474 δευτέρου
1292 400 1402 471 μὲν,
1457 404 1546 453 καὶ
1605 399 1659 452 ἐκ

1846 397 2000 452 Vers.
2029 399 2118 453 44.
2161 396 2236 452 Et
2265 396 2582 452 relictis—
2621 396 2838 453 dicens.
2886 395 3158 455 Secundo
3187 399 3244 453 et
3294 397 3408 451 ter-

153 491 285 561 τρίτου
329 486 650 561 προσηύξατο,
717 483 994 541 διδάσκὼν
1062 489 1142 540 ὅτι
1224 491 1333 559 χρὴ
1410 487 1661 551 πολλάκις

151 577 457 649 προσεύχεσθα,
505 580 698 648 καὶμὴ
753 575 1087 648 ἀποκάμνειν.
1137 575 1296 628 Ἦλθε
1332 571 1392 628 δε
1429 579 1488 627 τὸ
1543 572 1658 629 δεύ-

152 682 256 734 τερον
291 667 392 735 πρὸς
466 666 578 726 τοὺς
660 665 918 736 μαθητὰς,
979 664 1206 735 ἐλέγχων
1261 667 1348 721 τὴν
1394 661 1658 716 ἀσθένειαν

152 751 290 817 αὐτῶν,
323 754 378 813 ὡς
401 748 527 824 μηδὶ
576 756 706 823 μετά
759 757 854 811 τὴν
905 751 1208 824 ἐπιτίμησιν
1257 749 1655 823 βελτιωθέντων,

153 838 245 889 ἀλλὰ
292 845 364 890 καὶ
417 847 652 892 τοσοῦτον
717 839 1144 913 βεϐαπτισμένων
1198 849 1270 910 τῷ
1326 840 1488 911 ὕπνῳ,
1535 842 1658 892 ὅσον

151 924 251 998 μηδὲ
293 923 512 981 δύνασθαι
543 927 890 1002 ἀποκριθῆναι
921 929 1082 1000 αύτῷ.
1133 932 1221 981 Διὸ
1252 925 1376 981 οὐδε
1416 929 1657 1001 καθήψα-

153 1033 193 1066 το
212 1014 339 1067 αὐτῶν
358 1024 644 1074 τηνικαῦτα.

200 1110 359 1166 Λουκᾶς
398 1102 449 1158 δι
493 1105 807 1182 πλατύτερον
863 1105 969 1160 εἶπε
1021 1110 1108 1159 καὶ
1167 1108 1247 1159 ὃτι
1299 1105 1473 1180 Ὠφθη
1518 1106 1657 1179 αύτῷ

151 1191 314 1261 ἄγγελος
376 1191 449 1244 ἀπ’
528 1193 751 1270 ούρανοῦ
848 1192 1106 1266 ένισχύων
1199 1194 1376 1258 αύτον,
1472 1199 1653 1268 ἤγουν,

152 1278 307 1350 ἰσχύειν
352 1287 422 1333 καὶ
479 1285 867 1357 κραταιοῦσθσι
920 1283 1376 1357 ἐπιφθεγγόμενος,
1434 1286 1504 1346 ὡς
1569 1281 1655 1335 ἀν-

153 1369 319 1437 θρώπῳ·
363 1373 435 1421 καὶ
482 1372 584 1436 ὅτι,
642 1376 734 1424 καὶ
787 1375 1054 1443 γενόμενος
1099 1371 1148 1424 έν
1198 1371 1414 1444 ἀγωνίᾳ,
1469 1371 1654 1424 έκτενέ-

149 1473 282 1527 στεοον
335 1462 687 1531 προσηύχετο·
742 1456 1008 1512 παιδεύων
1061 1461 1216 1530 ἡμᾶς,
1285 1458 1332 1511 έν
1408 1457 1656 1532 ἀνάγκαις

144 1541 409 1617 ἑιτενίστερον
486 1550 927 1620 προσεύχεσθαι·
1013 1553 1104 1601 καὶ
1171 1550 1248 1601 ότι
1326 1547 1553 1620 Ἐγένετο
1627 1549 1654 1599 ό

145 1627 264 1704 ἱδρὼς
319 1633 454 1686 αὐτοῦ
513 1638 644 1688 ὡσεὶ
713 1635 930 1710 θρόμϐοι
985 1637 1202 1709 αἵματος
1261 1635 1656 1698 καταϐαίνοντες

141 1717 198 1768 ἐπὶ
233 1724 305 1777 τὴν
343 1731 446 1792 γῆν.
496 1721 727 1796 Θρόμϐοι
785 1724 903 1797 (54)
954 1721 1012 1778 δὲ
1061 1726 1276 1796 αἳματος
1319 1727 1367 1777 οἱ
1413 1728 1656 1796 παχύτα-

144 1824 203 1857 τοι
247 1809 495 1882 σταλαγμοὶ
549 1819 644 1864 τοῦ
693 1814 933 1884 αἳματος,
983 1820 1147 1866 Τοῦτο
1200 1810 1259 1866 δε
1307 1809 1432 1881 εἶπε,
1484 1811 1655 1871 δηλῶν

137 1894 214 1965 οὐχ
238 1898 301 1948 ὅτι
325 1900 439 1970 uiua
475 1897 722 1974 ἵδρωσεν,
775 1900 880 1953 ἀλλ’
919 1904 998 1955 ὅτι
1053 1902 1165 1974 (55)
1195 1909 1389 1974 παχεῖς
1434 1912 1655 1974 κατῆγεν

139 1979 310 2055 ἱδρῶτας
354 1987 441 2039 ύπό
478 1996 572 2050 τῆς
626 1987 872 2060 ἀγωνίας.
915 1989 1025 2044 Ἵνα
1064 1993 1166 2063 γὰρ
1219 1995 1290 2062 μὴ
1353 1988 1480 2064 δόξῃ
1533 1994 1658 2044 ύπό-

134 2090 264 2140 ιρισις
309 2077 359 2126 τὸ
395 2082 674 2149 γινόμενον,
732 2077 827 2130 ούκ
882 2077 968 2131 ἐπὶ
1024 2085 1112 2132 τοῦ
1166 2084 1448 2152 προσώπου
1505 2083 1656 2151 μόνον

135 2155 384 2214 ἐνδείκνυται
434 2169 522 2224 τὴν
580 2165 770 2233 λύπην,
818 2163 946 2218 ἀλλά
1001 2171 1090 2219 καὶ
1148 2172 1490 2242 φανερώτερον
1547 2166 1658 2229 ἐξα-

133 2249 282 2317 γορεύει
333 2253 531 2321 ταύτην,
604 2258 696 2306 καὶ
765 2257 1122 2326 προσεύχεται
1191 2259 1516 2329 πυκνότερον,
1570 2260 1659 2308 καὶ

134 2335 297 2404 ἅγγελος
345 2339 472 2410 αύτῷ
527 2347 766 2414 φαίνεται
819 2347 946 2418 πρὸς
994 2341 1236 2418 ἀνδρείαν
1464 2343 1660 2398 ἐπαλεί-

135 2442 224 2490 Ῡων,
265 2431 340 2479 καὶ
375 2431 443 2480 ἔτι
471 2428 692 2502 ἀγωνιᾷ,
744 2435 832 2483 καὶ
884 2431 1231 2505 ἐκτενέστερον
1283 2435 1657 2504 προσεύχεται,

131 2516 196 2560 καὶ
222 2510 404 2586 ἱδρῶτες
429 2515 584 2593 ἀδροὶ
628 2518 1002 2594 καταρῥέουσι,
1035 2525 1125 2572 καὶ
1161 2521 1335 2572 πάντα
1378 2528 1545 2573 ταῦτα
1571 2525 1662 2574 καὶ

134 2607 236 2650 ποιεῖ
275 2607 353 2654 καὶ
404 2609 626 2678 πάσχει,
668 2605 892 2679 βεϐαιῶν
945 2610 1026 2660 ὅτι
1086 2609 1144 2660 ού
1193 2611 1330 2661 κατά
1375 2613 1661 2681 φαντασίαν

129 2684 476 2761 ἕνηνθρὼπησεν,
521 2693 653 2746 ἀ).λά
681 2697 794 2747 κατ’
827 2694 1091 2754 ἀλήθειαν.
1127 2697 1187 2750 Ei
1209 2699 1312 2769 γάρ
1339 2702 1428 2749 καὶ
1469 2700 1662 2750 τούτων

130 2771 510 2853 “magna;
553 2783 690 2836 οὕτω
728 2789 1024 2858 γενομένων,
1057 2791 1147 2838 καὶ
1194 2795 1290 2848 τῆς
1336 2793 1662 2861 μαρτυρικῆς

124 2861 463 2942 καταδεέστερον
488 2876 872 2942 γενναιότητος,
905 2875 1040 2946 ὅμως
1067 2874 1170 2927 εἰσί
1207 2893 1339 2936 τινες
1380 2873 1662 2927 ἀπιστοῦν-
1701 2901 1742 2959 C

123 2968 180 3010 τις
201 2961 251 3024 τῇ
274 2955 550 3031 ἑνανθρωπή
562 2979 644 3014 σει
673 2961 854 3031 αύτόῦ,
883 2961 1076 3033 πολλῷ,
1113 2963 1263 3016 ἄλλον
1289 2964 1545 3022 ἠπίστουν
1579 2963 1660 3030 ἄν,

123 3045 154 3088 εἰ
170 3045 226 3110 μὴ
253 3051 399 3098 ταῦτα
425 3052 648 3120 γέγονεν.

171 3126 318 3192 ’Δξιον
365 3130 420 3187 δε
482 3137 742 3204 ζητῆσαι,
811 3140 968 3192 πόθεν
1029 3141 1080 3192 οἱ
1135 3139 1497 3212 εύαγγελισταὶ
1563 3160 1664 3214 μα-

124 3215 255 3278 θόντες
319 3225 726 3298 συνεγράψαντο,
797 3231 852 3279 τί
921 3245 977 3279 τε
1053 3234 1474 3302 προσευχόμενος
1558 3227 1666 3283 εἶπε

121 3315 375 3380 τηνικαῦτα,
421 3317 509 3364 καὶ
549 3316 782 3376 ποσάκις
830 3315 1188 3387 προσηύξατο,
1235 3323 1324 3369 καὶ
1371 3317 1546 3381 ἁπλῶς
1599 3321 1666 3370 τά

123 3399 326 3463 περὶτοῦ
373 3397 628 3472 ἀγγέλου,
687 3408 777 3455 καὶ
842 3406 909 3455 τὰ
959 3403 1094 3467 ἑξῆς.
1159 3407 1224 3458 Οἱ
1275 3408 1508 3478 μαθηταὶ
1563 3409 1664 3482 γάρ

121 3485 266 3568 πάντες
327 3492 434 3541 τότε
487 3493 581 3561 μὶν
657 3487 937 3544 έκοίθευδον
961 3509 974 3522 ·
1047 3493 1263 3568 ὕστερον
1319 3491 1378 3547 δε
1465 3493 1667 3567 ἀφέντες

125 3565 241 3620 τῦτόν
287 3575 477 3646 ἔφυγον,
539 3585 691 3632 Δοκεῖ
739 3581 838 3654 γάρ
897 3599 988 3652 μοι
1046 3565 1183 3654 μετὰἽ
1233 3586 1324 3641 τὴν
1378 3565 1667 3636 ἀνάστασιν

120 3654 240 3720 τάτός
283 3663 306 3712 ὁ
354 3662 680 3730 Διδάσκαλος
738 3669 897 3721 εἰπεῖν
948 3674 1039 3722 καὶ
1102 3677 1271 3723 ταῦτα
1325 3678 1436 3732 τοῖς
1495 3673 1668 3743 μαθη-

120 3751 203 3804 ταῖς
246 3749 318 3802 ὅτε
359 3749 428 3804 δι’
485 3759 696 3830 ἡμερῶν
749 3761 1145 3831 τεσσαράκοντα
1202 3758 1544 3832 ὀπτανόμενος
1606 3756 1668 3818 ἦν

117 3841 270 3899 αυτοῖς,
305 3841 413 3901 ὡςῦ
457 3841 636 3915 βίϐλος
671 3850 802 3916 φησὶ
842 3854 937 3899 τῶν
981 3847 1241 3919 Πράξεων.

117 3927 274 4013 ,Τότε
309 3957 375 3971 -
457 3930 810 3988 ἀναπαύεσθε.
887 3934 1168 4010 Ἐντρέπων
1250 3935 1440 3999 αὐτοὺς
1517 3943 1670 3989 τοῦτο

115 4012 239 4078 λέγει,
280 4021 360 4069 καί
405 4022 815 4094 καθαπτόμενος,
876 4019 963 4075 οἶα
1021 4028 1349 4096 κοιμωμένων
1414 4023 1462 4076 έν
1503 4034 1670 4100 καιρῷ

115 4095 338 4169 κινδύνου,
381 4113 470 4161 καὶ
526 4120 632 4162 τῶν
686 4109 885 4163 πολλῶν
931 4111 1091 4164 αὐτοῦ
1155 4118 1274 4186 περὶ
1337 4121 1430 4166 τοῦ
1475 4133 1669 4187 γρηγο-

112 4192 199 4253 ρεῖν
257 4196 332 4244 καὶ
382 4201 784 4270 προσεύχεσθαι
851 4199 1214 4274 παραγγελιῶν
1272 4201 1667 4274 έπιλαθομένων,

115 4275 269 4330 ὡσανεί
305 4280 496 4380 λέγων’
546 4287 693 4340 Ἐπεὶ
743 4292 908 4360 μέχρι
962 4297 1054 4342 τοῦ
1109 4297 1197 4342 νῦν
1249 4291 1344 4342 οὐκ
1386 4290 1671 4366 ἕΊΡηγορή’
1702 4325 1748 4380 D

117 4377 232 4429 σπι,
268 4373 319 4422 τὸ
356 4369 536 4426 λοιπὸν
592 4373 894 4442 καθεύδετε,
943 4382 1035 4430 καὶ
1087 4375 1429 4451 ἀναπαύεσθε,
1483 4379 1525 4432 εἰ
1578 4376 1670 4432 δύ-

111 4455 260 4509 mea

169 4537 286 4631 Ἰδού
334 4550 550 4620 ἤγγικεν
603 4554 635 4611 ἠ
697 4553 826 4628 ὥρα.
892 4553 950 4608 ’Β
1003 4563 1099 4617 τῆς
1151 4551 1461 4628 προδοσίας.
1520 4557 1670 4631 Μάρ-

111 4645 183 4718 ξος
235 4628 289 4686 δέ
336 4657 493 4708 φησιν
548 4641 709 4694 εἰπεῖν
766 4643 919 4696 αὐτὸν
960 4646 1062 4718 πρὸ
1117 4651 1209 4696 τοῦ
1257 4644 1411 4716 λόγου
1460 4647 1668 4710 τούτου,

113 4714 176 4767 ὅτι
221 4718 442 4796 νΔπιὲχει,
491 4734 789 4802 τουτέστιν,
839 4731 986 4786 ἔλαϐε
1037 4735 1132 4792 τὴν
1189 4735 1305 4786 κατ’
1351 4732 1476 4806 έμοῦ
1523 4733 1671 4796 ἔξου-

113 4809 209 4898 fias
233 4811 257 4861 ό
282 4807 543 4885 διάϐολος,
584 4820 616 4878 ἦ
649 4818 837 4892 ἀπέχει
876 4823 942 4874 τά
967 4821 1084 4873 κατ’
1121 4818 1229 4895 έμὶ,
1279 4825 1460 4893 ἤγουν,
1513 4827 1672 4898 πέρας

113 4893 345 4985 ἕψεαι
371 4907 473 4978 γὰρ
518 4912 612 4960 καὶ
640 4911 784 4984 ποιρά
832 4917 904 4982 τῷ
960 4893 1153 4984 Λουκᾴή
1203 4912 1424 4985 εἴρηκεν,
1476 4893 1673 4966 ὅταΤά

113 4988 206 5056 περὶ
230 4984 344 5061 ίμοῦ
366 4993 510 5058 τέλος
539 4997 675 5068 ἕχει.

1769 483 1848 540 tio
1900 486 2107 549 oravit,
2152 484 2377 540 docens
2415 485 2580 556 quod
2623 486 2837 556 sapius
2891 501 3060 542 orare
3118 486 3411 556 oporteat,

1769 575 1823 627 et
1849 587 1970 628 non
2001 572 2336 642 defatigari.
2361 572 2531 628 Venit
2548 579 2746 630 autem
2769 573 3029 630 secundo
3050 572 3127 628 ad
3159 570 3410 644 discipn~

1767 659 1877 729 los,
1905 662 2262 716 convincens
2283 660 2687 716 inﬁrmitatem
2719 661 2972 726 illorum,
3001 661 3106 733 qui
3130 664 3264 733 post
3288 675 3416 714 cor-

1766 748 2096 819 reptionem
2132 748 2399 804 meliores
2437 749 2649 804 redditi
2680 765 2800 804 non
2829 749 3104 812 fuissent,
3128 748 3233 804 sed
3259 747 3413 803 adeo

1768 851 1981 891 somno
2006 836 2264 892 demersi
2293 841 2508 901 essent,
2536 842 2598 890 ut
2618 851 2810 908 neque
2831 838 3192 909 respondere
3214 835 3263 891 ei
3283 849 3414 908 pos-

1767 931 1896 980 sent
1924 941 1938 991 ;
1969 925 2103 981 ideo
2132 929 2270 982 tunc
2298 939 2421 980 non
2460 924 2800 994 objurgavit
2828 941 2949 990 eos,

1837 1098 2025 1154 Lucas
2070 1103 2270 1154 autem
2327 1098 2511 1155 latius
2548 1097 2713 1164 dixit,
2769 1097 2935 1170 quod
2992 1098 3271 1168 apparuit
3321 1098 3421 1154 illi

1765 1187 2010 1257 angelus
2039 1187 2105 1242 de
2130 1189 2264 1244 calo
2289 1187 2633 1258 confortans
2653 1203 2777 1244 eum
2801 1188 2849 1223 δ’
2878 1203 2891 1254 ;
2915 1187 3121 1243 dicens
3149 1186 3423 1243 videlicet

1720 1335 1724 1339 ,
1765 1276 1818 1332 ei
1840 1281 2126 1348 tanquam
2147 1275 2371 1332 homini
2396 1281 2455 1332 ut
2477 1276 2906 1333 confortaretur
2934 1291 3002 1332 ac
3026 1277 3418 1332 roboraretur.

1766 1363 2058 1436 Quodque
2088 1364 2273 1420 factus
2307 1364 2369 1419 in
2404 1364 2645 1434 agonia,
2694 1363 2809 1419 hoc
2840 1369 2929 1419 est
2980 1378 3202 1432 angore
3233 1379 3424 1420 corre-

1764 1456 1920 1524 ptus,
1962 1452 2352 1522 protendebat
2391 1453 2764 1520 orationem;
2797 1452 3022 1507 docens
3058 1468 3191 1516 nos,
3243 1457 3306 1507 ut
3357 1452 3419 1507 in

1763 1540 2215 1596 necessitatibus
2265 1542 2595 1596 orationem
2646 1539 3091 1611 protendamus.
3151 1542 3213 1594 Et
3255 1539 3420 1612 quod

1693 1613 1734 1667 Β
1759 1628 1963 1699 factus
2008 1635 2089 1684 est
2117 1630 2306 1684 sudor
2334 1631 2460 1698 ejus
2498 1635 2644 1684 sicut
2671 1631 2868 1698 grumi
2893 1628 3203 1698 sanguinis
3232 1629 3421 1684 decur

1765 1725 1949 1773 rentes
1961 1717 2024 1772 in
2041 1724 2253 1773 terram
2265 1720 2329 1772 σο.
2350 1717 2552 1773 Grumi
2569 1716 2901 1787 sanguinis,
2922 1717 3035 1772 hoc
3053 1722 3160 1782 est,
3177 1717 3420 1772 crassis-

1765 1805 1932 1861 sima
1983 1805 2294 1876 sanguinis
2325 1812 2518 1876 gutta,
2564 1806 2909 1876 signiﬁcans
2943 1821 3064 1862 non
3095 1805 3255 1877 quod
3285 1821 3420 1861 san-

1765 1895 2008 1964 guinem
2071 1894 2394 1960 sudaverit,
2445 1893 2550 1949 sed
2603 1893 2771 1966 quod
2828 1909 3062 1950 crassos
3111 1894 3422 1950 deduxerit

1765 1982 2038 2039 sudores.
2088 1986 2167 2039 Ne
2209 1982 2370 2039 ﬁctio
2400 1982 2674 2038 videatur
2711 1983 2876 2050 quod
2909 1981 3132 2039 factum
3162 1989 3266 2052 est,
3297 1997 3420 2040 non

1766 2072 1822 2126 in
1875 2071 2025 2128 facie
2079 2075 2312 2128 tantum
2364 2071 2710 2128 maestitiam
2771 2071 3158 2137 demonstrat,
3211 2071 3314 2126 sed
3367 2075 3425 2128 et

1767 2159 2132 2216 manifestius
2159 2160 2315 2216 hanc
2359 2161 2578 2232 prodit,
2617 2164 2674 2216 et
2713 2164 2844 2216 orat
2867 2159 3236 2232 frequentius
3270 2177 3284 2226 ;
3319 2175 3420 2216 an-

1768 2249 2056 2320 gelusque
2105 2249 2158 2305 ei
2204 2253 2476 2322 apparet,
2524 2249 2603 2305 ad
2651 2248 3057 2305 fortitudinem
3106 2265 3421 2319 exercens;

1767 2342 1825 2394 et
1880 2353 2105 2408 angore
2159 2338 2494 2409 corripitur,
2553 2352 2624 2394 ac
2679 2337 2984 2409 protendit
3045 2339 3422 2406 orationem;

1768 2425 2072 2496 crassique
2089 2424 2363 2480 deﬂuunt
2383 2425 2651 2480 sudores.
2673 2425 2807 2481 Hac
2825 2429 3024 2482 autem
3041 2425 3246 2482 omnia
3266 2429 3324 2484 et
3343 2426 3428 2482 fa-

1771 2514 1847 2569 cit
1883 2518 1938 2568 et
1977 2514 2199 2586 patitur
2239 2513 2627 2578 conﬁrmans,
2679 2513 2846 2585 quod
2885 2529 3008 2570 non
3051 2514 3428 2587 phantastice

1768 2601 2208 2657 humanitatem
2261 2602 2678 2674 assumpserit,
2727 2601 2832 2656 sed
2879 2602 3054 2673 juxta
3093 2603 3425 2661 veritatem.

1772 2689 2001 2745 Etenim
2025 2689 2092 2755 si,
2118 2690 2298 2746 etiam
2319 2689 2412 2744 bis
2432 2689 2517 2746 ita
2537 2688 2708 2746 factis
2729 2705 2866 2760 qua
2889 2689 2968 2744 ad
2984 2689 3426 2747 humanitatem

1771 2777 2167 2850 pertinebant,
2189 2777 2439 2850 quidam
2457 2777 2653 2834 adhuc
2666 2778 2795 2848 ejus
2815 2777 3287 2844 incarnationem
3305 2795 3428 2836 non

1773 2867 2037 2931 credunt,
2067 2871 2295 2938 quanto
2328 2866 2521 2936 magis
2543 2865 2832 2922 increduli
2852 2871 3071 2936 essent,
3093 2867 3141 2922 si
3157 2865 3286 2924 hac
3307 2866 3429 2924 fac-

1775 2960 1833 3013 ta
1857 2970 1982 3011 non
2012 2954 2266 3010 fuissent
2287 2956 2316 3011 r

1846 3132 2102 3203 Dignum
2135 3135 2222 3188 est
2250 3136 2470 3202 autem,
2503 3136 2569 3188 ut
2595 3132 2993 3206 inquiramus,
3019 3133 3177 3191 unde
3209 3133 3429 3192 didice-

1775 3221 1890 3277 rint
1927 3219 2312 3292 evangelista
2354 3220 2499 3291 quid
2534 3227 2672 3276 tunc
2703 3237 2884 3277 orans
2919 3221 3152 3290 dixerit,
3187 3228 3245 3280 et
3280 3240 3429 3295 quo-

1775 3310 1880 3366 ties
1901 3309 2109 3374 oravit,
2135 3324 2204 3364 ac
2237 3313 2301 3364 ut
2323 3307 2504 3364 semel
2531 3308 2751 3374 dicam,
2777 3309 2851 3364 de
2872 3309 3087 3380 angelo
3112 3316 3168 3366 et
3201 3312 3428 3367 cateris

1774 3414 1910 3472 qua
1940 3397 2019 3454 ab
2038 3397 2154 3454 hoc
2167 3397 2300 3454 loco
2313 3403 2664 3470 sequuntur,
2694 3399 2990 3469 siquidem
3007 3399 3277 3471 discipuli
3295 3417 3426 3456 om-

1774 3501 1884 3543 nes
1912 3490 2053 3542 tunc
2092 3484 2482 3550 dormiebant,
2523 3485 2909 3557 postmodum
2939 3502 3081 3543 vero
3119 3503 3190 3542 eo
3219 3487 3425 3544 relicto

1777 3574 2072 3644 fugerunt.
2092 3574 2225 3630 Mihi
2252 3589 2395 3630 sane
2425 3578 2676 3645 apparet
2700 3574 2855 3645 quod
2885 3579 3019 3646 post
3039 3576 3429 3632 resurrectio-

1777 3677 1916 3718 nem
1952 3661 2296 3732 Praeceptor
2323 3662 2452 3734 ipse
2483 3661 2660 3717 etiam
2691 3661 2819 3717 hac
2848 3661 3160 3735 discipulis
3189 3664 3426 3729 dixerit,

1776 3749 2024 3822 quando
2056 3766 2161 3820 per
2194 3749 2321 3804 dies
2351 3749 2759 3822 quadraginta
2788 3750 2872 3806 eis
2905 3753 3205 3824 apparuit,
3253 3752 3429 3808 sicuti

1779 3839 1954 3894 refert
1977 3841 2258 3893 Actorum
2287 3837 2436 3894 liber
2471 3839 2537 3893 σί.

1849 3927 2014 3982 Vers.
2039 3929 2127 3981 45.
2164 3927 2326 3982 Tunc
2347 3956 2414 3967 —
2435 3925 2796 3997 requiescite.
2833 3927 3061 3984 Pudore
3079 3929 3430 3986 suffundens

1778 4030 1880 4071 eos
1913 4029 1984 4069 ac
2014 4013 2348 4084 objurgans
2378 4015 2492 4070 hoc
2521 4015 2683 4080 dicit,
2717 4015 2882 4086 quod
2912 4015 2970 4069 in
3003 4017 3251 4074 articulo
3281 4018 3431 4090 peri-

1779 4102 1892 4159 culi
1935 4101 2348 4165 dormitarent,
2394 4106 2768 4157 cumtamen
2811 4103 3009 4158 multis
3037 4119 3140 4159 eos
3187 4106 3431 4176 vigilare

1778 4189 2160 4262 pracepisset
2206 4194 2263 4244 et
2306 4205 2491 4253 orare,
2535 4189 2614 4244 illi
2654 4195 2853 4244 autem
2891 4190 3178 4246 oblivioni
3217 4199 3433 4249 cuncta

1779 4277 2177 4342 tradidissent,
2219 4292 2290 4332 ac
2335 4277 2384 4331 si
2420 4276 2677 4335 diceret:
2713 4279 2794 4332 Ex
2828 4294 2945 4348 quo
2990 4279 3279 4334 hactenus
3310 4296 3430 4336 non

1779 4365 2044 4438 vigilatis,
2065 4365 2192 4436 jam
2231 4365 2519 4436 deinceps
2561 4363 2820 4420 dormite
2865 4370 2920 4420 et
2963 4367 3336 4438 requiescite,
3383 4371 3431 4424 si

1779 4453 2044 4528 potestis.

1855 4545 2014 4598 Vers.
2033 4545 2120 4598 45.
2151 4542 2305 4598 Ecce
2333 4540 2831 4612 appropinquavit
2858 4541 3030 4598 hora.
3055 4544 3208 4599 Hora
3228 4544 3432 4616 prodi-

1780 4630 1973 4689 tionis.
2012 4632 2238 4686 Marcus
2277 4635 2475 4684 autem
2519 4628 2601 4684 ait
2636 4645 2774 4684 eum
2820 4636 2956 4686 ante
2997 4631 3159 4686 hunc
3207 4649 3432 4692 sermo-

1779 4735 1919 4776 nem
1949 4718 2166 4774 dixisse
2199 4718 2413 4790 Ἀπέχει
2447 4718 2648 4786 aufert
2682 4718 2751 4783 “,
2785 4718 2898 4774 hoc
2929 4725 3034 4785 est,
3067 4722 3298 4793 accepit
3330 4724 3434 4780 ad-

1779 4823 2026 4863 versum
2074 4823 2170 4862 me
2219 4805 2498 4862 diabolus
2558 4810 2934 4877 potestatem.
2993 4808 3088 4864 Vel
3109 4811 3435 4870 abscedunt

1779 4911 1911 4969 qua
1945 4895 2019 4951 de
2052 4910 2145 4950 me
2181 4900 2338 4963 sunt,
2376 4895 2504 4950 sive
2545 4894 2726 4950 ﬁnem
2770 4895 3012 4953 habent.
3057 4900 3204 4955 Nam
3253 4902 3434 4958 etiam

1781 4983 1946 5056 apud
1978 4986 2198 5040 Lucam
2227 4983 2374 5040 dixit
2407 4999 2420 5038 :
2456 4985 2540 5038 Ea
2573 4999 2706 5055 qua
2747 4991 2887 5041 sunt
2921 4986 2994 5043 de
3017 5002 3109 5044 me
3127 4989 3302 5058 ﬁnem
3331 4991 3436 5048 ha-

1785 5073 1917 5129 bent
1951 5075 2021 5110 “-

171 5178 210 5215 ⁸⁹
235 5180 363 5244 an.
391 5203 539 5258 xxn,
572 5191 665 5248 43.
700 5191 747 5228 ⁸ο
774 5189 924 5250 Ibid.
952 5194 1040 5250 44.
1075 5194 1118 5230 ⁶¹
1151 5193 1273 5250 Act.
1306 5207 1347 5259 ι,
1375 5197 1427 5250 3.
1462 5195 1509 5231 ⁶²
1539 5194 1682 5252 Mari

1846 5214 1869 5268 ',
1899 5199 1990 5253 41.
2025 5197 2074 5233 ⁸³
2103 5197 2243 5254 Luc.
2277 5212 2422 5263 xxii,
2447 5197 2537 5252 37.

1277 5316 1500 5386 Varia
1542 5317 1873 5388 lectiones
1935 5329 2001 5389 et
2041 5330 2242 5388 nota.

301 5452 552 5535 L9in
578 5455 781 5535 incdit.
815 5455 1346 5535 Θρόμϐοςξπεπηγός
1389 5457 1540 5535 αἷμα.

301 5452 552 5512 Lexicon
578 5455 781 5514 incdit.
815 5455 1056 5535 Θρόμϐος
1073 5475 1086 5490 ’
1112 5461 1346 5532 πεπηγός
1389 5457 1540 5535 αἷμα,

118 5519 248 5607 ιι(ξῦ
321 5524 748 5607 Τδθορδῖξωί,
775 5545 853 5607 Β.
905 5533 1002 5607 ὕᾊ
1060 5530 1140 5591 C:
1191 5535 1447 5607 ζταγὸσιν
1495 5528 1688 5607 ἁδραῖς

116 5581 321 5662 εδρὡτιη
343 5581 748 5673 nauata:
773 5581 1161 5677 fragrasse;
1180 5581 1685 5679 ésiaai'cug'gigt

1800 5462 1957 5549 4915A
1970 5455 2328 5549 θρρμϐοειδεῖς
2347 5455 2610 5549 ,ἱδρῶτας
2642 5461 2945 5528 ἀπέσταξεν.

1868 5533 1983 5606 (59)
2002 5529 2270 5608 Ἀνδρίαν,
2297 5529 2434 5590 cod:
2461 5536 2531 5592 Α.
