3904 6210
452 230 555 293 687
1770 220 2114 279 EUTHYMII
2153 218 2485 279 ZIGABENI
3661 212 3741 268 688

520 358 684 414 Vers.
739 358 825 413 45.
870 353 951 409 Et
994 380 1057 393 —
1100 356 1489 421 peccatorum.
1544 350 1664 406 Hoc
1710 347 2095 405 manifestum
2127 347 2172 402 A
2275 347 2379 402 Καὶ
2408 376 2425 387 -

2275 347 2379 402 Καὶ
2408 374 2476 387 —-
2509 340 2849 418 ἁμαρτωλῶν.
2882 344 3045 394 Τοῦτο
3074 342 3254 411 σαφές.

449 449 556 506 est.

775 558 924 612 CAP.
958 554 1109 611 LXV.
1142 554 1230 610 De
1259 552 1583 610 traditione
1609 553 1767 610 Jesu.
2346 607 2425 655 ΚΒ

2346 606 2491 655 ΚΕΦ.
2529 598 2640 653 EE‘.
2672 600 2797 671 Περὶ
2832 603 2921 657 τῆς
2946 590 3289 667 παραδόσεως
3329 599 3419 644 τοῦ
3451 591 3639 650 Ἰησοῦ.

515 667 679 765 γεῖς.
718 667 809 765 4‘6.
828 663 1059 765 Surgite
1079 693 1147 760 ῖ-
1174 662 1489 765 me‘tratiit.
1524 660 1711 765 Etiam
1738 660 1875 760 hinc
1898 664 2094 759 osten-
2272 692 2425 765 Ἔγείέ

2272 691 2563 765 Ἐγείρεσθε
2622 719 2691 729 —
2743 660 3088 757 ’παραδιδούς
3152 701 3233 754 με.
3314 680 3587 734 namss»
3652 676 3752 733 ἔδει·

444 753 550 820 dit,
598 752 761 826 quod
815 750 1140 807 voluntarie
1193 754 1514 821 pateretur.
1571 748 1881 805 Praesciens
1935 749 2091 803 enim
2204 779 2281 842 ξεν
2324 748 2421 831 ἑτι⁶

2337 748 2350 761 ,
2412 748 2421 765 .
2835 748 2844 757 .
3152 748 3160 754 .

2204 779 2281 842 ξεν
2324 780 2404 831 ὅτι
2465 777 2588 830 ἑκὼν
2650 774 3012 829 ἀποθανεῖται.
3088 767 3347 846 Προειδὼς
3396 773 3497 844 γὰρ
3565 768 3749 841 ἐρχομέ-

443 858 546 901 eos
578 841 843 916 quicum
870 839 1169 911 proditore
1194 839 1483 907 venirent,
1517 854 1637 893 non
1659 838 1828 907 fugit,
1853 836 1959 892 sed
1986 852 2096 909 po-
2201 836 2314 928 ,ξονς
2354 886 2425 919 το,

2201 886 2314 928 νους
2354 870 2473 929 τοὺς
2513 869 2631 939 περὶ
2674 868 2760 916 τὸν
2807 859 3094 937 προδότην,
3140 860 3198 912 ού
3248 865 3398 931 μόνον
3449 859 3548 910 οὐκ
3591 862 3751 930 ἔφυγεν,

442 934 562 992 tius
605 933 668 989 in
711 947 1032 989 occursum
1078 945 1285 985 eorum
1336 929 1490 985 exire
1538 928 1796 993 festinat,
1847 927 2089 983 dicens:
2202 927 2330 1009 ἀλλὰ
2383 976 2425 1008 κ,

2202 954 2330 1009 ἀλλὰ
2383 960 2472 1008 καὶ
2527 955 2600 1015 εἰς
2657 952 2944 1009 ἀπάντησιν
3000 950 3165 1002 αὐτῶν
3223 948 3404 1011 ἐξιέναι
3461 952 3751 1023 παρασκευαί·

445 1025 668 1079 Eamus
699 1021 775 1076 ad
806 1020 959 1085 illos,
986 1019 1175 1074 Lucas
1214 1022 1414 1074 autem
1443 1018 1524 1073 ait
1560 1033 1699 1073 eum
1728 1016 1945 1072 dixisse
1974 1017 2094 1072 dis-
2201 1047 2368 1113 Cm“,
2416 1044 2425 1097 ;

2201 1047 2368 1113 ζεται,
2416 1044 2610 1115 λέγων’
2665 1040 2905 1113 ⁸Ἀγωμεν
2984 1042 3113 1113 πρὸς
3179 1037 3386 1099 αύτούς.
3462 1016 3658 1098 Λουκᾶς
3710 1033 3751 1088 δέ

445 1112 700 1185 cipulis:
740 1112 808 1167 Ut
840 1110 985 1181 quid
1013 1108 1273 1164 dormitis
1298 1107 1326 1163 ?
1353 1109 1574 1206 surgite
1589 1113 1642 1164 et
1666 1114 1847 1177 orate,
1886 1113 1950 1162 ut
1976 1123 2091 1162 non
2200 1107 2364 1207 φησιν’
2416 1154 2425 1186 ε

2200 1154 2357 1207 φησιν
2416 1133 2570 1186 εἰπεῖν
2625 1130 2781 1183 αὐτὸν
2842 1137 2951 1191 τοῖς
3007 1130 3305 1201 μαθηταῖς’
3361 1131 3426 1179 Τί
3482 1122 3749 1191 καθεύδετε;

443 1203 677 1258 intretis
717 1202 780 1256 in
816 1199 1183 1255 tentationem
1215 1199 1283 1249 ⁸⁸.
1320 1196 1643 1252 Verisimile
1670 1204 1755 1251 est
1784 1212 1925 1266 ergo
1962 1197 2091 1252 haec
2198 1196 2425 1274 ἀγαστά,

2198 1221 2509 1282 ἀναστάντες
2592 1220 2971 1292 προσιύχεσθε,
3060 1218 3141 1268 ἱνα
3226 1220 3297 1287 μὴ
3378 1214 3633 1272 εἰσέλθητε
3700 1214 3752 1274 εἰς

441 1291 703 1363 primum
735 1288 968 1352 dixisse,
995 1286 1205 1343 deinde
1238 1284 1585 1342 addidisse:
1619 1285 1845 1356 Surgite
1872 1301 2085 1343 eamus.
2196 1330 2425 1385 πεφασμ

2196 1315 2504 1385 πειρασμόν.
2586 1309 2738 1369 Εἰκὸς
2792 1303 2851 1360 δε
2917 1313 3068 1358 τοῦτο
3148 1313 3347 1378 πρῶτον
3419 1303 3595 1370 εἰπεῖν,
3670 1300 3756 1355 εἶτα

2198 1399 2419 1453 ἐπειπεῖν
2446 1402 2502 1451 τὸ
2535 1397 2844 1470 Ἐγείρεσθε,
2879 1397 3108 1467 ἄγωμεν.

507 1487 667 1541 Vers.
698 1484 787 1539 47.
815 1484 892 1540 Et
913 1483 1106 1540 adhuc
1132 1512 1201 1522 —
1221 1481 1441 1554 populi.
1472 1480 1639 1537 Unus
1664 1480 1736 1537 de
1767 1481 2089 1539 duodecim
2271 1493 2371 1541 Καὶ
2401 1490 2425 1540 ε

2271 1493 2371 1541 Καὶ
2401 1490 2475 1540 ἔτι
2504 1517 2572 1527 -
2606 1493 2697 1538 τοῦ
2726 1484 2871 1538 λαοῦ.
2926 1484 3013 1544 Εἰς
3065 1491 3162 1535 τῶν
3221 1477 3435 1534 δώδεκα
3487 1481 3597 1553 (57)
3632 1484 3756 1554 πρὸσι

438 1573 679 1631 additur
690 1587 799 1645 pro
827 1571 1045 1628 indicio
1067 1570 1147 1627 ad
1172 1570 1634 1640 signiﬁcandum
1666 1570 1828 1643 quod
1848 1586 1879 1627 e
1903 1570 2090 1642 primo
2198 1596 2362 1631 κειται
2399 1598 2425 1648 ν)

2198 1596 2362 1631 κειται
2399 1581 2695 1650 γνώρισμα,
2752 1570 2942 1631 δηλοῦν
2992 1573 3069 1624 ὅτι
3122 1569 3176 1623 ἐκ
3230 1577 3323 1623 τοῦ
3370 1574 3579 1644 πρώτον
3623 1578 3754 1642 χοροῦ

438 1662 895 1751 discipulorum,
925 1660 1107 1716 choro
1136 1664 1310 1751 ierat.
1348 1661 1413 1715 Et
1448 1658 1714 1751 positum
1760 1659 1991 1751 esthoc
2020 1658 2089 1751 in
2119 1696 2161 1751 Β
2200 1674 2297 1751 τῶν
2334 1669 2425 1739 μα(

2200 1674 2297 1718 τῶν
2334 1667 2579 1739 μαθητῶν
2633 1660 2717 1721 ἧν.
2750 1662 2850 1715 Καὶ
2880 1664 2991 1713 ἔστι
3022 1663 3105 1733 ρεν
3150 1667 3303 1712 τοῦτο
3360 1664 3647 1731 κατηγορία
3688 1666 3757 1711 τοῦ

438 1752 605 1808 ludas
637 1750 1104 1806 accusationem.
1133 1748 1338 1817 Tangit
1363 1751 1563 1803 autem
1594 1747 1709 1803 hoc
1738 1751 1795 1803 et
1822 1746 1969 1803 alios
2001 1748 2089 1803 di-
2120 1741 2160 1751 ”
2200 1741 2379 1809 Ἰούδα
2405 1772 2417 1783 ·

2200 1741 2417 1809 Ἰούδαο
2473 1754 2795 1805 καθάπτεται
2866 1747 2926 1803 δὲ
2981 1754 3071 1801 καὶ
3138 1757 3233 1801 τῶν
3296 1747 3460 1799 ἄλλων
3516 1750 3754 1819 μαθητῶν·

440 1840 726 1911 scipulos,
759 1854 882 1894 non
914 1843 1113 1893 tamen
1144 1836 1452 1907 pudeﬁunt
1473 1836 1792 1892 scribentes
1819 1852 1890 1893 ea
1916 1852 2093 1893 evan-
2198 1843 2307 1896 ἀλλ’
2353 1842 2425 1895 o6:

2198 1843 2307 1896 ἀλλ’
2353 1842 2446 1895 οὐκ
2499 1842 2912 1912 ἐπαισχύνονται
2968 1846 3122 1890 τοῦτο
3164 1840 3439 1911 γράφοντες
3486 1840 3535 1890 οἱ
3581 1837 3759 1907 εὐαγγε-

438 1930 665 2002 εοὶὶείω
684 1945 698 1995 ;
719 1928 945 2000 ubique
966 1928 1125 1983 enim
1142 1926 1366 1981 veritati
1390 1926 1647 1982 student.
1665 1927 1927 1983 Joannes
1946 1943 2089 1984 vero
2197 1932 2393 1986 λισταὶ.

2197 1932 2393 1986 λισταὶ.
2451 1937 2730 2001 Πανταχοῦ
2777 1932 2878 2001 γὰρ
2944 1936 3041 1989 τῆς
3116 1925 3359 1989 ἀληθείας
3411 1927 3757 1999 φροντίζουσιν.

436 2019 511 2075 de
536 2017 687 2074 Juda
708 2017 867 2083 dicit,
898 2016 1063 2089 quod
1078 2020 1320 2087 sumpta
1333 2016 1575 2071 cohorte
1591 2020 1645 2071 et
1661 2032 1693 2070 a
1708 2016 2090 2087 pontiﬁcibus
2196 2023 2255 2073 '0
2309 2017 2361 2073 δ’
2396 2020 2425 2073 ’l

2196 2023 2255 2073 '0
2309 2017 2361 2073 δ’
2396 2018 2636 2080 Ἰωάννης
2695 2022 2813 2092 περὶ
2871 2025 2962 2070 τοῦ
3015 2012 3191 2070 Ἰούδα
3246 2020 3403 2086 φησὶν
3470 2018 3572 2082 ὅτι,
3627 2014 3759 2066 λαϐὼν

436 2112 492 2165 et
520 2107 827 2164 Pharisasis
849 2104 1157 2171 ministris,
1182 2104 1338 2161 venit
1354 2103 1490 2160 illuc
1511 2120 1649 2159 cum
1674 2104 1910 2161 laternis
1932 2110 1988 2161 et
2008 2106 2090 2164 fa-
2197 2112 2289 2167 τὴν
2347 2127 2425 2160 om

2197 2112 2289 2167 τὴν
2347 2114 2584 2183 σπεῖραν,
2633 2111 2723 2159 καὶ
2778 2106 2835 2158 ἐκ
2891 2113 2992 2157 τῶν
3032 2104 3317 2179 ἀρχιερέων
3364 2108 3456 2156 καὶ
3505 2108 3760 2177 Φαρισαίων

434 2195 606 2251 cibus
640 2210 709 2251 ac
740 2193 923 2250 armis
953 2194 1022 2248 ⁸⁸.
2200 2198 2425 2270 ύπηρέτα

2200 2198 2478 2270 ὑπηρέτας,
2533 2198 2744 2270 ἔρχεται
2800 2193 2905 2247 ἐκεῖ
2956 2196 3085 2266 μετὰ
3138 2200 3305 2264 φανῶν
3360 2196 3451 2245 καὶ
3513 2188 3760 2263 λαμπάδων

434 2296 524 2346 καὶ
574 2292 761 2345 ὃπλων.
805 2290 864 2345 Ἠ
926 2298 1115 2367 σπεῖρα
1165 2290 1279 2363 (58)
1332 2292 1423 2363 μεν
1471 2286 1559 2343 οὖν
1597 2288 1658 2349 ἦν
1687 2292 1867 2364 τάγμα
1915 2297 2309 2369 στρατιωτικὸν,
2350 2299 2626 2367 χρήμασιν
2675 2291 3070 2346 ἀναπεισθεῖσα.
3126 2295 3281 2344 Φανοῖ
3330 2286 3392 2344 δὲ
3443 2294 3510 2343 τὰ

434 2382 598 2457 φανάρ
607 2402 679 2437 ια.

502 2480 660 2535 Vers.
700 2481 791 2534 48.
830 2478 943 2546 Qui
983 2508 1054 2519 —
1105 2492 1251 2534 eum.
1309 2478 1351 2548 ιι-
1376 2479 1417 2547 1—
1462 2476 1731 2533 Proditor
1777 2478 1854 2534 ad
1893 2494 2085 2535 exem-
2117 2482 2157 2539 C
2264 2480 2323 2536 Ὁ
2371 2510 2425 2521 -

2264 2480 2323 2536 Ὁ
2371 2510 2440 2521 -
2469 2478 2622 2531 αὐτόν
2654 2474 2950 2551 [Προδότης
2992 2476 3107 2549 (59)
3153 2479 3244 2548 μὶν
3294 2480 3433 2530 κατὰ
3474 2480 3551 2529 τὸν
3577 2471 3759 2530 Ἰούδαν

433 2566 602 2641 plum
633 2566 797 2623 Judm
838 2570 945 2632 est,
981 2566 1085 2638 qui
1119 2566 1411 2621 rationem
1450 2566 1648 2637 prodit
1683 2566 1995 2623 affectibus
2031 2574 2087 2624 et
2195 2571 2221 2621 6
2245 2565 2425 2644 προδιι

2195 2571 2221 2621 ὁ
2245 2565 2535 2644 προδιδοὺς
2562 2568 2681 2639 (69)
2726 2570 2810 2619 τόν
2840 2565 2989 2637 λόγον
3018 2572 3125 2626 τοῖς
3154 2566 3370 2631 πάθεσι,
3403 2570 3491 2618 καὶ
3526 2569 3610 2624 τήν
3638 2564 3759 2616 εὐνο-

435 2655 793 2712 modestiam
832 2655 1050 2711 mentis
1091 2653 1486 2711 immodestiae
1521 2655 1845 2711 actionum.
1872 2659 2088 2728 Negrat
2194 2662 2320 2730 μίαν
2379 2666 2425 2709 τί

2194 2662 2320 2730 μίαν
2379 2665 2475 2718 τῆς
2524 2655 2709 2727 ψυχῆς
2764 2663 2825 2727 τῇ
2871 2658 3171 2729 παρανομίᾳ
3223 2662 3322 2706 τῶν
3384 2655 3630 2729 πράξεων,
3663 2653 3764 2723 ’Δρ-

434 2749 637 2802 autem
658 2744 846 2810 illum,
877 2743 1049 2800 sicuti
1082 2743 1309 2809 Petrus,
1333 2743 1436 2816 qui
1461 2749 1702 2816 propter
1728 2749 1953 2800 metum
1978 2745 2086 2800 ho-
2193 2753 2353 2799 νεῖται
2399 2741 2425 2798 δ

2194 2753 2353 2799 νεῖται
2399 2741 2458 2798 δε
2506 2744 2681 2814 αὐτὸν,
2734 2746 2869 2796 κατά
2921 2747 3009 2795 τὸν
3069 2747 3279 2816 Πέτρον,
3322 2744 3350 2795 ὁ
3401 2740 3495 2795 διὰ
3544 2742 3685 2815 φόϐον
3716 2744 3762 2791 τὸ

433 2838 605 2891 uesta
638 2833 878 2891 deserit.
2194 2834 2351 2886 καλὸν
2390 2854 2425 2885 π

2194 2834 2351 2886 καλὸν
2390 2831 2849 2906 παραιτούμενος.]

505 2923 647 2979 Post
686 2927 848 2980 tanta
887 2926 1243 2992 argumenta
1280 2922 1572 2978 occultare
1611 2922 1883 2979 studebat
1920 2922 2086 2996 quod
2264 2924 2411 2975 Μετὰ

2264 2924 2411 2975 Μετὰ
2458 2928 2700 2975 τοσοῦτον
2741 2917 2800 2973 δε
2862 2919 2979 2991 (61)
3035 2918 3267 2991 ἔλεγχον,
3322 2918 3496 2973 λαθεῖν
3539 2919 3766 2973 ἐσπούδα-

430 3010 561 3083 ipse
583 3027 719 3067 eum
751 3011 1025 3084 proderet
1048 3030 1060 3079 ;
1085 3011 1220 3067 ideo
1239 3011 1441 3083 palam
1462 3011 1706 3083 quidem
1724 3028 1844 3067 non
1866 3012 2082 3084 prodit,
2196 3010 2298 3076 ξεν,
2359 3011 2425 3062 δτι

2196 3010 2298 3076 ξεν,
2359 3011 2438 3062 ὃτι
2496 3009 2679 3071 αύτοὸς
2717 3008 2872 3060 αὐτὸν
2936 3003 3258 3079 προδίδωσι.
3311 3012 3400 3060 Διὸ
3447 3013 3539 3061 καὶ
3592 3007 3643 3059 ἐκ
3693 3012 3768 3058 τού

432 3100 539 3156 sed
567 3100 843 3156 osculum
869 3099 1115 3171 efﬁngit,
1147 3099 1433 3156 ﬁduciam
1460 3099 1687 3156 habens
1715 3100 1784 3155 de
1813 3116 2082 3157 mensue-
2194 3105 2409 3173 φανεροῦ

2194 3105 2409 3173 φανεροῦ
2653 3096 2711 3149 ού
2761 3092 3084 3168 προδίδωσι,
3171 3098 3567 3168 σχηματίζεται
3622 3093 3675 3149 6’s
3725 3098 3770 3145 τὸ

430 3188 637 3246 tudine
660 3188 1006 3250 Salvatoris.
1029 3188 1198 3260 quod
1214 3205 1354 3245 eum
1380 3205 1502 3245 non
1517 3189 1843 3261 repelleret,
1864 3206 2002 3245 cum
2023 3189 2086 3245 id
2194 3186 2412 3259 φᾶημα,

2194 3186 2412 3259 φῦιημα,
2477 3185 2743 3260 θαρρήσας
2798 3192 2858 3257 τῇ
2920 3186 3202 3257 ἡμερότητι
3252 3192 3345 3237 τού
3414 3193 3661 3258 Σωτῆρος,
3706 3186 3771 3234 ὃτι

435 3278 629 3349 magis
679 3280 989 3349 suﬂiceret,
1045 3282 1108 3334 ut
1151 3294 1287 3334 eum
1338 3278 1745 3346 confunderet,
1797 3279 2085 3350 omnique
2194 3274 2287 3327 ούκ
2336 3274 2425 3326 ἀπε

2194 3274 2287 3327 ούκ
2336 3274 2599 3327 ἀπώσεται
2650 3274 2827 3340 αὐτὸν,
2887 3272 2912 3324 ὃ
2959 3278 3049 3325 καὶ
3095 3275 3208 3343 (62)
3257 3273 3450 3344 μᾶλλον
3514 3277 3681 3327 ἱκανόν
3724 3268 3774 3328 ἦν

434 3368 611 3423 venia
647 3367 924 3440 privaret,
958 3368 1063 3440 qui
1095 3366 1248 3422 adeo
1276 3367 1613 3423 humanum
1650 3368 1965 3438 prodebat.
1999 3367 2087 3422 Ti-
2194 3362 2425 3436 ἐντρέψαι

2194 3362 2436 3436 ἐντρέφαι
2491 3370 2672 3415 τοῦτον
2742 3366 2831 3414 καὶ
2894 3363 3068 3422 πάσης
3146 3359 3511 3433 ἀποστερῆσαι

436 3470 610 3511 mens
643 3460 845 3511 autem
875 3470 949 3510 ne
993 3454 1141 3510 forte
1176 3454 1551 3511 insidiatores
1583 3454 1887 3524 effugeret,
1921 3455 2087 3526 quod
2195 3464 2316 3524 μιῆς,
2369 3453 2425 3504 ὅτ

2195 3464 2316 3524 μης,
2369 3453 2449 3504 ὅτι
2500 3454 2589 3503 τὸν
2641 3450 2777 3503 οὕτω
2836 3454 3127 3524 πραότατον
3183 3446 3499 3521 προεδίδου,
3560 3450 3776 3509 Φοϐηθεὶς

437 3542 779 3614 frequenter
798 3542 1037 3608 fecerat,
1070 3541 1357 3598 admonet
1376 3542 1577 3598 dicens
1602 3559 1614 3598 :
1643 3543 2087 3611 Apprehendite
2197 3537 2257 3593 δὲ
2323 3545 2425 3612 μήπ

2197 3537 2257 3593 δὲ
2323 3545 2523 3612 μήποτε
2600 3536 2832 3612 διαφύγῃ
2892 3542 3013 3601 τοὺς
3063 3537 3509 3609 ἓπιϐούλεύοντας,
3541 3540 3566 3592 ὃ
3612 3538 3774 3591 πολλὰ·

440 3646 568 3687 eum
593 3636 649 3687 et
668 3630 929 3688 abducite
958 3636 1128 3687 caute
1152 3632 1199 3665 ⁸ο
1224 3649 1238 3699 ;
1260 3631 1376 3686 hoc
1398 3630 1559 3686 enim
1581 3630 1812 3687 addidit
1834 3632 2083 3687 Marcus.
2194 3647 2279 3689 κις
2366 3627 2425 3680 ἐπ

2194 3647 2279 3689 κις
2366 3627 2595 3694 ἐποίησε,
2668 3633 3011 3701 παρήγγειλεν
3082 3628 3160 3680 ὅτι
3238 3634 3548 3700 Κρατὴσατε
3622 3628 3777 3694 criti»,

2194 3722 2285 3769 καὶ
2368 3717 2665 3789 ἀπαγάγετε
2742 3715 2986 3789 ἀσφαλῶς
3022 3733 3035 3747 ’
3093 3724 3244 3769 τοῦτο
3311 3720 3412 3793 γὰρ
3481 3720 3508 3770 ὁ
3595 3720 3778 3791 Μάρκος

2120 3825 2164 3880 D
2196 3808 2535 3880 προσέθηκεν.

512 3886 626 3945 Sed
642 3886 901 3944 Christus
920 3885 1083 3942 hunc
1101 3885 1403 3953 evincens,
1430 3888 1596 3959 quod
1617 3888 1836 3946 frustra
1862 3905 1923 3946 se
1951 3890 2089 3946 ﬁcto
2266 3894 2409 3947 Ἀλλ’

2266 3894 2409 3947 Ἀλλ’
2461 3896 2486 3947 ὁ
2545 3896 2793 3966 Χριστὸς,
2852 3892 3079 3965 ἕλέγχων
3140 3892 3295 3946 αὐτὸν
3345 3896 3521 3967 μάτην
3583 3895 3780 3966 ἔξασγα-

436 3975 609 4047 signo
638 3974 933 4038 munierit,
967 3990 1038 4031 ac
1066 3974 1393 4031 ostendens
1414 3976 1579 4048 quod
1610 3992 1671 4033 se
1706 3977 1958 4035 invitum
1991 3994 2090 4034 ne-
2196 3981 2425 4055 λιξόμενε

2196 3981 2483 4055 λιζὸμενον,
2530 3987 2619 4035 καὶ
2656 3978 2924 4047 δεικνύων,
2978 3984 3057 4035 ὃτι
3109 3982 3205 4034 ούκ
3260 3980 3322 4034 ἃν
3372 3992 3562 4037 τοῦτον
3612 3986 3779 4036 ἄκοντα

435 4079 731 4138 quaquam
747 4068 983 4135 possent
998 4063 1519 4135 comprehendere,
1534 4080 1811 4135 egressus
1825 4067 1971 4123 dixit
1983 4067 2085 4133 eis,
2197 4070 2425 4133 καθέξοιε

2197 4070 2475 4137 καθέξοιεν,
2552 4070 2761 4133 ἐξελθὼν
2845 4067 2979 4123 εἶπεν
3050 4069 3228 4132 αὐτοῖς
3299 4073 3370 4132 ὡς
3458 4075 3485 4125 ὁ
3566 4074 3781 4131 Ἰωάννης

435 4153 593 4210 sicut
618 4152 853 4224 scripsit
885 4150 1181 4210 Joannes:
1219 4152 1397 4219 Quem
1426 4154 1689 4225 quaeritis
1709 4156 1736 4210 7
1776 4157 2088 4227 Responde-
2200 4160 2424 4233 ἱστόρησ

2200 4160 2473 4233 ἱστόρησε.
2538 4162 2664 4211 Τίνα
2735 4158 2971 4227 Canta;
3035 4158 3421 4231 Ἀπεκρίθησαν
3476 4162 3650 4231 αὐτῷ,
3700 4161 3784 4216 Ἰξ-

432 4241 873 4308 runtei,Jesum
887 4241 1279 4298 Nazarenam.
1299 4242 1452 4297 Dicit
1478 4243 1903 4314 eisJesus,E'go
1934 4260 2083 4301 sum.
2199 4254 2322 4299 σοῦν
2401 4267 2425 4299 τ

2199 4254 2322 4299 σούν
2401 4250 2489 4299 τὸν
2580 4247 2909 4319 Ναζωραῖον.
3000 4250 3155 4318 Λέγει
3230 4246 3411 4308 αὐτοῖς
3477 4251 3504 4301 ὁ
3560 4250 3783 4309 Ἰησούςν

430 4333 649 4388 Stabat
671 4338 857 4388 autem
885 4335 939 4385 et
964 4329 1141 4385 ludas
1165 4330 1265 4401 qui
1290 4331 1560 4387 tradebat
1586 4346 1737 4397 eum,
1768 4347 1901 4388 cum
1921 4332 2082 4402 ipsis.
2197 4335 2333 4407 Ἐγὼ
2407 4355 2425 4388 ε

2197 4335 2333 4407 Ἐγὼ
2407 4335 2531 4408 εἰμι.
2613 4335 2856 4394 Εὶστηκει
2914 4332 2973 4388 δε
3036 4340 3125 4388 καὶ
3193 4336 3303 4407 (63)
3373 4335 3583 4399 Ἰούδας
3637 4341 3662 4391 ὁ
3700 4358 3785 4390 παρ

441 4421 512 4477 Ut
543 4435 681 4491 ergo
711 4420 869 4476 dixit
886 4418 986 4485 eis,
1023 4419 1153 4489 Ego
1183 4435 1332 4485 sum,
1359 4420 1629 4475 abierunt
1662 4426 1997 4490 retrorsum,
2032 4428 2086 4478 et
2193 4420 2423 4496 ραδιδού

2194 4420 2452 4496 ραδιδούς
2516 4424 2670 4476 αύτὸν
2743 4424 2854 4497 μετ’
2909 4424 3094 4479 αὐτῶν.
3175 4422 3263 4484 Ὠς
3329 4426 3443 4497 (6i)
3506 4424 3604 4480 οὖν
3676 4424 3790 4481 εἶπεν

432 4509 761 4565 ceciderunt
775 4508 837 4563 in
863 4514 1077 4563 terram
1104 4508 1172 4563 ⁸⁷.
1195 4508 1237 4562 Ο
1262 4507 1421 4562 verbi
1446 4508 1773 4578 potentiam
1802 4526 1816 4575 ;
1840 4525 1960 4565 non
1984 4526 2087 4582 po-
2195 4512 2373 4573 αὐτοῖς

2195 4512 2373 4573 αύτοῖς
2452 4514 2533 4565 ὅτι
2616 4513 2749 4584 Ἐγὼ
2815 4512 2943 4585 εἰμι,
3024 4512 3253 4573 ἀπῆλθον
3330 4514 3402 4575 εἰς
3470 4519 3539 4568 τὰ
3614 4516 3789 4578 ὀπίσω,

433 4597 969 4652 tueruntsustinere
988 4600 1237 4659 tantum,
1261 4596 1380 4665 Ego
1393 4612 1545 4662 sum;
1570 4596 1706 4652 ideo
1721 4614 1849 4652 cum
1862 4604 1917 4653 et
1932 4597 2086 4654 faces
2192 4606 2282 4653 καὶ
2335 4603 2420 4653 ἕπε

2194 4606 2282 4653 καὶ
2335 4603 2513 4654 ἔπεσον
2552 4605 2750 4674 χαμαί.
2805 4600 2876 4652 Ὠ
2930 4600 3084 4673 λόγου
3140 4596 3449 4672 δυνάμεωςι
3479 4603 3583 4655 οὐκ
3638 4607 3796 4674 ἰσχν-

434 4683 724 4740 haberent
770 4688 827 4738 et
876 4683 1207 4754 lampades,
1265 4685 1547 4741 excascati
1596 4690 1732 4743 sunt
1787 4702 1906 4743 una
1945 4704 2084 4745 cum
2195 4708 2290 4742 σαν
2345 4690 2425 4741 ὑπι

2195 4708 2290 4742 σαν
2345 4690 2636 4761 ὑπενεγκεῖν
2680 4692 2760 4756 τὸ,
2816 4689 2944 4761 Ἐγὼ
2999 4689 3126 4762 εἰμι,
3172 4693 3287 4760 (65)
3334 4696 3514 4761 μόνον,
3571 4696 3664 4745 Διὸ
3718 4696 3795 4742 καὶ

438 4770 756 4845 proditore.
787 4771 1073 4829 Praeterea
1101 4788 1235 4829 cum
1265 4772 1479 4843 gladiis
1503 4779 1560 4831 et
1587 4775 1843 4831 fustibus
1871 4778 2081 4834 armati
2194 4783 2379 4851 φανούς

2194 4783 2379 4851 φανούς
2584 4783 2673 4833 καὶ
2722 4775 3005 4853 λαμπάδας
3066 4781 3270 4852 ἔχοντες
3324 4779 3441 4854 (66)
3491 4779 3797 4857 ἰτυφλούντο

512 4895 559 4933 ⁸⁸
590 4896 721 4951 Luc.
753 4909 891 4963 nu,
924 4894 1012 4952 46.
1050 4897 1096 4931 ⁸⁵
1126 4898 1298 4955 Joan.
1329 4914 1481 4966 xvui,
1511 4902 1562 4955 3.
1596 4900 1644 4935 ⁶⁶
1671 4898 1851 4955 Marc.
1881 4917 1995 4966 xw,
2033 4904 2120 4958 44.
2147 4904 2193 4939 ⁸⁷
2223 4904 2396 4960 Joan.
2424 4922 2425 4926 ‘

2223 4904 2396 4960 Joan.
2424 4919 2580 4972 xvm,
2614 4908 2664 4971 5,
2699 4906 2751 4960 6.

1633 5006 1857 5075 Variae
1894 5008 2225 5078 lectiones
2266 5020 2331 5077 et
2360 5019 2560 5077 notas.

505 5124 623 5268 (57;
656 5126 953 5207 Πρὸκειται.
981 5127 1115 5209 οοά.
1142 5132 1209 5184 Α.
2262 5134 2376 5205 (62)
2418 5144 2425 5181 t

532 5200 598 5253 58
707 5200 957 5254 Lencon
1026 5200 1232 5257 inedit.
1315 5206 1503 5268 σπεῖρα
1569 5202 1799 5268 σύνάξις,
1885 5203 2081 5267 πλῆθος
2262 5206 2425 5268 (63)]

2262 5134 2376 5205 (62)
2418 5134 2718 5206 Chrysost.
2753 5136 2897 5190 tom.
2925 5133 3040 5209 VII,
3066 5150 3127 5207 p.
3164 5135 3296 5194 793.

2262 5206 2375 5268 (63)
2418 5208 2518 5257 Καὶ
2547 5206 2760 5261 omittit
2787 5205 2920 5261 cod.
2949 5208 3015 5260 A.

671 5200 957 5290 Wlfexicon
1026 5200 1232 5257 inedit.
1315 5206 1503 5274 σπεῖρα
1569 5202 1799 5269 σύνάξις,
1885 5203 2081 5267 πλῆθος

2262 5200 2375 5290 ςςεῇ
2418 5200 2760 5290 ιξειίόωξςςῑς
2787 5205 2920 5290 cod;
2948 5204 3015 5290 Α.-

436 5277 854 5395 στρατενγιατων.
1429 5343 1440 5354 .
1703 5344 1714 5355 ἰ
2259 5277 2373 5418 (64.)
2415 5286 2425 5324 t

430 5340 1117 5471 ni3589210gcllliziztcodex
1147 5342 1191 5396 A
1220 5341 1403 5400 habet
1425 5359 1487 5401 in
1526 5359 1815 5417 margine.
1863 5345 2077 5404 Hente-
2187 5348 2425 5471 una):

2259 5277 2373 5418 (64)
2415 5277 2518 5328 Οὖν
2550 5277 2762 5331 omittit
2798 5278 2933 5332 cod.
2973 5277 3039 5331 A.

2284 5348 2380 5436 65)
2410 5352 2594 5413 Μόνον,
2627 5346 2803 5403 habet
2827 5346 2960 5405 cod.
2990 5347 3244 5419 Apaulo
3290 5352 3450 5419 ante,
3506 5357 3662 5423 post
3714 5352 3799 5403 6::-

2194 5436 2425 5471 ινεννκειν.

929 5453 941 5469 ε
2187 5436 2425 5472 ενενκειν.

528 5478 1229 5631 ἓῖζῗξισὲῖῗὲίλὲἓὲὢ·
2255 5478 2425 5564 (δωε

2255 5478 2372 5564 (66)
2397 5489 2535 5548 Post
2564 5489 2794 5563 ἔχοντες,
2821 5488 2989 5549 addit
3016 5489 3151 5548 cod.
3180 5494 3221 5543 Α
3252 5493 3364 5547 καὶ.

2259 5206 2281 5418 ἕ
