3904 6210
145 275 238 336 689
1093 272 1454 332 COMNENT.
1503 271 1574 328 ΙΝ
1624 268 2070 328 MATTHEUM.
2113 302 2176 314 —
2220 271 2374 330 CAP.
2416 272 2614 331 XXVI.
3380 276 3488 334 690

143 404 256 475 μετὰ
310 409 404 455 τοῦ
456 397 740 477 προδότουο
777 403 1074 476 μαχαίραις
1122 397 1182 454 δε
1226 405 1315 454 καὶ
1365 399 1535 463 ξύλοις
1565 398 1703 452 ὠπλι

1889 401 2044 463 ιεθιιῑ,
2075 397 2343 456 dissoluti
2369 403 2506 454 sunt
2536 403 2591 456 et
2618 397 2978 457 ceciderunt.
3019 401 3343 474 Postquam
3379 416 3486 459 au-

144 494 305 558 σμένοι
385 492 717 561 τυχάνοντες,
815 489 1127 564 παρελύοντο
1209 494 1299 542 καὶ
1385 495 1697 542 κατέπιπτον

1889 501 1951 542 m
1980 501 2155 542 suam
2198 486 2458 544 ostendit
2501 489 2803 553 virtutem,
2851 488 3134 562 deinceps
3177 491 3480 563 permittit,

144 580 265 632 Ἐπεὶ
307 575 368 632 δε
415 575 581 642 ἔδειξε
625 584 721 637 τὴν
758 578 918 651 ἰσχύν
968 578 1150 647 αὐτοῦ,
1179 583 1294 632 τότε
1349 578 1526 630 λοιπὸν
1569 597 1703 630 συνε-

1889 590 1898 628 z
1927 575 2140 631 iterum
2168 574 2556 645 interrogavit
2575 592 2678 633 eos
2706 595 2719 633 :
2747 579 2923 646 Quem
2949 580 3214 650 quaeritis
3240 579 3268 636 ἵ
3287 583 3358 636 Αι
3390 579 3482 635 illi

139 674 363 741 χώρησε,
412 673 504 720 καὶ
549 667 703 720 πάλιν
749 668 940 728 αύτούς
974 667 1280 742 ἐπηρώτησε
1315 685 1326 697 °
1373 672 1499 720 Τίνα
1538 667 1703 728 ζητέῖ-

1889 670 2135 728 xerunt,
2164 666 2355 720 Jesum
2367 666 3099 736 Nazarenam.Respondit
3119 667 3286 724 Iesus
3307 687 3318 727 :
3337 668 3479 724 Dixi

138 774 216 822 τις
265 760 334 811 Oi
410 754 470 810 δε
517 755 656 810 εἶπον
681 774 693 788 ·
761 757 964 814 Ἰησοῦν
1033 762 1120 810 τὸν
1190 757 1516 832 Ναζωραῖον.
1571 755 1703 808 Ἀπε

1889 751 2002 820 ιόίε,
2029 753 2184 822 quod
2211 767 2310 822 ego
2333 768 2490 809 sum.
2527 753 2594 810 Si
2616 770 2740 825 ergo
2758 771 2850 811 me
2872 755 3160 827 quaeritis,
3185 756 3360 812 sinite
3379 755 3474 812 hos

138 849 278 922 κρίθη
328 847 538 908 Ἰησοῦς
569 862 583 876 ⁸
646 842 799 898 Εἶπον
834 845 977 918 ύμῖν,
1019 848 1097 898 ὅτι
1154 847 1284 917 Ἐγώ
1340 845 1461 918 εἰμι.
1521 844 1584 897 Εἰ
1629 842 1703 896 οὖ]

1889 840 1991 896 n're
2026 841 2094 894 ⁸⁸.
2125 841 2151 894 J
2161 841 2308 896 udas
2334 856 2469 896 vero
2497 841 2591 896 his
2621 858 2864 915 quoque
2891 844 2971 900 ita
3000 843 3189 910 factis,
3219 859 3342 901 non
3379 847 3474 901 est

140 933 211 1005 ίμὶ
281 931 504 1002 ζητεῖτε,
559 935 710 1007 ἄφετε
775 937 988 996 τούτους
1062 935 1297 1006 ύπάγειν.
1353 934 1411 986 Ὀ
1465 930 1524 986 δε
1586 931 1703 986 Ἰού-

1890 931 2090 984 utatus
2122 947 2135 986 :
2164 943 2275 984 nec
2300 928 2551 985 minimo
2576 930 2815 1003 quidem
2854 935 3078 1004 puncto
3109 932 3184 989 ab
3211 932 3307 990 his
3332 947 3469 1006 qum

141 1018 240 1090 δας,
291 1029 381 1076 xui
453 1025 647 1076 τούτων
718 1027 854 1076 οὕτω
923 1028 1221 1096 γινομένων,
1289 1023 1348 1076 ού
1421 1020 1703 1094 μετεϐλήθη

1889 1019 2218 1088 sposuerat,
2254 1015 2550 1074 discessit.

137 1116 217 1163 κᾶν
239 1119 365 1184 γοῦν
392 1115 599 1188 μικρὸν,
631 1108 756 1166 οὐδὲ
778 1120 878 1165 τῶν
906 1109 1232 1186 δεδογμένων
1257 1110 1540 1184 ἀπέσχετο.

199 1207 298 1255 Καὶ
356 1202 538 1264 εὐθέως
576 1232 646 1243 —
701 1201 874 1257 αὐτόν.
909 1208 1045 1260 Φησὶ
1099 1200 1160 1255 ὁε
1208 1206 1296 1255 xui
1333 1201 1468 1273 (67).
1505 1206 1713 1262 Λουκᾶς

139 1289 283 1343 εἰπεῖν
345 1293 427 1342 τὸν
477 1294 709 1363 Χριστὸν
762 1294 892 1365 πρὸς
948 1287 1176 1356 Ἰούδαν,
1237 1289 1517 1362 ἐγγίσαντα
1563 1289 1711 1362 φιλῆ-

137 1397 212 1429 σαι
247 1378 418 1431 αὐτόν·
476 1377 674 1447 Ἰούδα,
735 1379 986 1452 φιληματι
1040 1382 1127 1432 τὸν
1185 1383 1304 1433 Υίὸν
1365 1385 1456 1432 τοῦ
1514 1377 1708 1451 ἀνθρώ-

126 1485 213 1519 που
289 1465 639 1542 παραδίδως;
693 1471 1055 1542 Μακροθύμως
1113 1471 1215 1542 γὰρ
1296 1467 1485 1531 ἐξεῖπεν
1564 1469 1704 1538 αύτῷ

125 1560 198 1608 καὶ
246 1560 335 1608 τόν
386 1561 578 1610 σκοπόν
636 1565 729 1610 τοῦ
791 1557 1097 1631 φιλήματος,
1147 1561 1236 1609 καὶ
1304 1553 1702 1630 προσωνείδισε,

123 1649 390 1703 ποιήσαντι
448 1649 505 1699 τὸ
560 1646 812 1719 σύμϐολον
863 1655 956 1708 τῆς
1005 1646 1216 1718 ἀγάπης
1267 1645 1523 1718 σύμϐολον
1573 1665 1707 1721 προ-

123 1729 296 1796 δοσίας
324 1755 338 1767 ·
386 1740 473 1788 καὶ
525 1737 659 1808 ὅμως
716 1736 809 1789 οὐκ
862 1734 1130 1799 ἀπώσατο,
1193 1734 1320 1788 ἀ).λά
1371 1741 1462 1788 καὶ
1513 1737 1572 1787 τὸ
1625 1729 1778 1807 φί·’Β

119 1822 245 1894 hau
313 1820 548 1889 ἐδέξατο,
590 1830 678 1877 xui
733 1829 996 1896 παρέσχεν
1051 1824 1229 1876 ἐαυτὸν
1282 1824 1356 1885 εἰς
1404 1823 1518 1895 (68)
1571 1822 1701 1876 ἀπα-

117 1918 298 1982 yci-pia.
358 1912 419 1966 Ὀ
477 1909 556 1978 δὲ,
619 1919 708 1966 xui
770 1922 864 1976 τῆς
923 1910 1187 1986 δυνάμεως
1239 1914 1395 1966 αὑτοῦ
1442 1917 1698 1971 τοσαύτην

115 1998 268 2052 λαϐὼν
327 1998 618 2068 ἀπόδειξιν,
678 2007 766 2055 καὶ
821 2010 912 2062 τῆς
968 2001 1245 2065 ἐπιεικείας
1294 2007 1384 2055 xui
1445 2003 1695 2076 ἡμερότη-

112 2106 199 2153 τος,
225 2092 414 2163 Θηρίου
445 2094 637 2153 παντὸς
664 2090 1024 2166 χαλεπώτερος
1055 2095 1238 2164 ἔμενεν.

171 2177 228 2231 Ὀ
295 2176 357 2232 δε
434 2179 637 2240 Ἰησοῦς
695 2211 763 2222 -
837 2183 1009 2255 πάρει.
1086 2179 1223 2255 Ὀρα
1304 2181 1694 2255 εύσπλαγχνίαν

111 2265 497 2338 ἀνεκδιήγητον.
552 2268 722 2341 Ἀχρι
781 2271 880 2342 γὰρ
959 2273 1048 2322 xui
1125 2267 1416 2343 παρεδόθη,
1478 2269 1693 2330 ἐκηδετο

1889 2281 2296 2338 Vers.50.Jesus
2310 2279 2804 2339 autem—venisti.
2824 2280 2963 2336 Vide
2979 2279 3454 2339 misericordiam

110 2364 186 2406 τοῦ
242 2353 528 2430 προδότου.
587 2361 674 2410 Διὸ
747 2363 838 2411 xui
902 2365 989 2410 νῦν
1053 2358 1254 2432 ἑταῖρον
1313 2359 1550 2434 ὠνόμασε
1605 2365 1691 2414 τὸν

1889 2371 2284 2427 enarrabilem.
2328 2369 2634 2442 Siquidem
2677 2369 2870 2426 donec
2907 2369 3160 2426 traditus
3204 2373 3312 2437 est,
3345 2370 3454 2428 fuit

106 2445 368 2514 ἔχθιστον.
424 2448 494 2498 Τὸ
549 2442 628 2513 δε,
679 2445 790 2519 Ἐφ’
941 2450 1114 2520 πάρει,
1159 2447 1253 2500 ούκ
1296 2447 1691 2523 ἐρωτηματικῶς

1934 2476 2078 2516 cura
2123 2460 2198 2515 de
2243 2459 2560 2531 proditore.
2606 2459 2742 2515 Ideo
2788 2459 2950 2516 enim
2995 2475 3152 2516 nunc
3183 2459 3453 2517 amicum

104 2531 463 2604 ἀναγνωστέον
528 2534 776 2606 ἐγίνωσκε
819 2539 940 2609 γὰρ,
987 2535 1062 2608 ἐφ’
1211 2542 1530 2613 παρεγένετο·
1581 2537 1688 2591 ἀλλ’

1889 2547 2126 2604 minavit
2159 2562 2319 2616 eum,
2368 2547 2471 2619 qui
2513 2550 2639 2602 erat
2674 2545 2976 2605 inimicus.
3025 2547 3199 2614 Quod
3246 2552 3452 2604 autem

102 2624 469 2692 ἁποφάντικῶς.
512 2623 670 2682 Δηλοῖ
709 2621 768 2677 δε
806 2625 886 2678 ὅτι
926 2625 1000 2679 Δι’
1033 2625 1059 2677 ὃ
1089 2631 1468 2701 παραγέγονας,
1503 2631 1684 2700 ἤγουν,

1889 2636 1968 2692 dit
1995 2653 2007 2693 :
2032 2635 2124 2692 Ad
2146 2635 2306 2708 quod
2326 2635 2534 2692 venisti
2557 2636 2586 2692 7
2609 2650 2728 2690 non
2751 2640 2841 2690 est
2864 2651 2972 2707 per
2999 2636 3250 2692 modum
3274 2637 3452 2692 inter-

101 2714 150 2761 τὸ
197 2714 330 2764 κατὰ
369 2715 567 2765 σκοπόν
616 2719 829 2787 πρᾶττε,
861 2722 953 2766 τοῦ
1005 2720 1389 2788 προσχήματος
1417 2715 1682 2790 ἀφέμενος.

1889 2723 2122 2794 ςθῑὶοῑιίε
2135 2723 2455 2794 legendum
2471 2739 2485 2783 :
2507 2722 2730 2778 sciebat
2741 2723 2900 2778 enim
2913 2723 2991 2779 ad
3006 2723 3149 2796 quid
3178 2727 3446 2791 venerat;

100 2804 286 2861 Σκοπὸς
474 2804 578 2875 γὰρ
629 2798 690 2862 ἧν
741 2804 772 2861 ἡ
827 2799 1111 2878 προδοσία,
1164 2810 1461 2879 πρόσχημα
1516 2803 1575 2860 δὲ
1625 2811 1684 2862 τὸ

1889 2813 1902 2870 l
1945 2813 2300 2869 enuntiative
2351 2828 2366 2880 ;
2412 2810 2708 2883 signiﬁcat
2737 2811 2894 2868 enim
2945 2832 2960 2868 :
2994 2811 3083 2868 Ad
3112 2811 3174 2868 id
3203 2816 3449 2885 propter

100 2890 287 2962 φίλημα
305 2894 396 2944 καὶ
425 2891 452 2942 ὀ
481 2890 654 2963 λόγος’

1889 2902 1958 2957 od
1977 2901 2288 2966 advenisti,
2308 2899 2370 2957 id
2386 2905 2492 2965 est,
2503 2901 2669 2971 juxta
2683 2899 2977 2956 intentum
2995 2905 3162 2957 tuum
3194 2915 3446 2974 operare

1790 2991 1992 3046 relicto
2043 2989 2408 3047 velamento.
2445 2989 2606 3045 Finis
2657 2989 2956 3062 siquidem
2985 2993 3113 3046 erat
3157 2989 3441 3063 proditio,

1889 1245 2054 1302 Vers.
2086 1244 2176 1302 49.
2208 1245 2285 1302 Ει
2315 1244 2597 1316 confestim
2630 1276 2685 1288 —
2718 1261 2870 1304 cum.
2901 1247 2996 1306 Ait
3025 1251 3228 1306 autem
3274 1251 3469 1310 Lucas

1815 1334 2035 1390 dixisse
2053 1334 2348 1391 Christum
2359 1334 2388 1390 J
2397 1334 2529 1391 udte
2543 1351 2682 1392 cum
2696 1337 3090 1407 accederet,ut
3101 1339 3469 1399 oscularetur

1813 1440 1953 1482 eum
1981 1425 2183 1490 :Juda,
2202 1425 2621 1483 oscutoF‘itium
2641 1425 2895 1482 hominis
2917 1428 3104 1484 tradis
3122 1430 3168 1464 5°
3191 1430 3219 1485 ?
3239 1430 3468 1486 Patien-

1812 1517 1899 1572 ter
1923 1514 2081 1570 enim
2113 1513 2406 1586 expressit
2434 1514 2488 1570 ei
2519 1514 2614 1586 ()3)
2645 1530 2768 1586 quo
2800 1513 2918 1570 fine
2950 1514 3122 1570 fuerit
3165 1515 3260 1572 ille
3289 1532 3463 1572 oscu-

1809 1601 2007 1670 latus;
2041 1608 2095 1659 et
2124 1602 2502 1674 exprobravit
2547 1602 2712 1676 quod
2758 1603 2979 1659 amoris
3012 1604 3253 1676 signum
3297 1604 3465 1661 fecisn

1814 1697 1903 1750 set
1940 1693 2181 1763 signum
2241 1690 2636 1764 proditionis;
2689 1696 2746 1749 et
2793 1696 2995 1749 tamen
3048 1709 3170 1750 non
3222 1693 3459 1767 repulit,

1811 1781 1920 1839 sed
1944 1786 2002 1838 et
2024 1780 2301 1838 osculum
2326 1780 2604 1852 suscepit,
2627 1785 2683 1838 et
2707 1797 2769 1838 se
2797 1785 2861 1838 ut
2884 1781 3280 1839 abduceretur
3309 1799 3460 1856 prm-

1807 1870 1955 1928 buit.
2001 1869 2102 1927 Ille
2151 1874 2351 1926 autem
2401 1885 2540 1926 cum
2588 1874 2818 1927 tantum
2869 1872 3190 1943 accepisset
3236 1873 3460 1944 experi-

1805 1965 2077 2018 mentum
2123 1958 2358 2016 virtutis
2391 1957 2546 2014 illius
2571 1963 2628 2016 et
2654 1959 3042 2016 humanitatis
3068 1976 3136 2016 ac
3180 1976 3458 2018 mansue-

1805 2049 2041 2116 tudinis,
2095 2048 2263 2106 omni
2315 2052 2517 2106 tamen
2571 2049 2898 2122 permansit
2951 2049 3079 2106 fera
3133 2049 3453 2107 crudelior.

160 3127 277 3176 Τότε
305 3152 372 3164 -
404 3121 580 3178 αὐτόν.
617 3125 763 3178 Κατὰ
785 3126 844 3176 τὸ
886 3125 1148 3178 σύνθημα.

1889 3083 2196 3135 amentum
2227 3081 2450 3142 autem,
2477 3078 2752 3134 osculum
2777 3081 2834 3135 et
2857 3094 3073 3136 sermo.

239 3143 277 3246 :1
404 3143 580 3249 Tum“
617 3143 763 3249 fw,"
785 3143 1148 3249 fluuium"?
1231 3238 1253 3249 θ
1333 3236 1356 3249 _
1475 3234 1486 3249 Ι
1607 3237 1627 3249 η
1859 3168 2027 3224 Vers.
2062 3171 2148 3223 50.
2173 3168 2554 3223 Tunc—eum.
2581 3167 2919 3223 Secundum
2944 3167 3153 3224 datum
3176 3167 3438 3238 signum.

161 3235 255 3283 Καὶ
311 3227 432 3283 ἰδού
483 3261 555 3270 —
608 3235 779 3284 ὠτίον.
835 3230 895 3284 Ὀ
951 3228 1012 3285 δε
1077 3238 1280 3294 Λουκᾶς
1331 3234 1552 3307 ἔγραψεν
1601 3237 1680 3289 ὅτι

97 3314 188 3338 .,,,
391 3323 402 3333 .
583 3324 594 3338 .
731 3319 744 3337 ,
791 3324 801 3336 .
936 3325 945 3338 .
1052 3320 1066 3336 ,
1117 3326 1126 3336 .
1377 3319 1400 3338 ν
1571 3324 1672 3338 η.-.

1889 3256 2026 3312 fers.
2085 3257 2171 3311 51.
2221 3257 2297 3310 Et
2359 3270 2488 3312 ecce
2538 3286 2606 3296 —
2643 3255 2994 3312 auriculam.
3025 3256 3208 3312 Lucas
3229 3227 3439 3314 autem

111 3314 298 3380 ἰδόντες
355 3323 406 3373 οἱ
484 3324 600 3394 περὶ
683 3319 838 3373 αὐτόν
894 3325 954 3374 τό
1045 3320 1280 3394 ἐσόμενον
1353 3319 1491 3376 εἷπον
1565 3324 1678 3397 (69)

139 3407 152 3420 .
197 3417 214 3425 ,
315 3411 387 3427 ...
577 3408 590 3424 .
770 3409 816 3427 η.
1000 3409 1012 3426 ,
1261 3416 1273 3427 ,
1424 3418 1460 3427 ..
1506 3417 1516 3427 .
1566 3411 1578 3427 .
1642 3414 1655 3427 .

1889 3345 2022 3418 ipsit
2055 3361 2067 3400 ε
2113 3345 2384 3401 Videntes
2439 3345 2503 3401 hi
2529 3344 2622 3416 qui
2663 3345 2817 3400 circa
2859 3346 3046 3414 ipsum
3087 3350 3256 3401 erant
3285 3345 3440 3416 quod

97 3409 256 3478 αὐτῷ’
315 3411 497 3484 Κύριε,
542 3409 592 3461 οἰ
643 3409 935 3483 πατάξομεν
991 3409 1040 3463 ἐν
1095 3416 1382 3485 μαχαίρᾳ;
1424 3417 1524 3466 Καὶ
1557 3411 1678 3464 ἐπά-

97 3513 131 3516 _,
155 3496 180 3516 Ρ
299 3495 321 3511 ⁸,
564 3495 610 3516 ἓν
733 3497 745 3514 9
797 3505 816 3516 υ
963 3502 973 3516 1
1095 3496 1117 3516 α
1159 3499 1201 3516 ,ἢ
1405 3508 1424 3516 .-
1505 3499 1517 3516 ν

1889 3409 2052 3491 uirum
2091 3434 2247 3498 erat,
2287 3434 2573 3490 dixerunt
2603 3434 2674 3500 ei,
2702 3434 2949 3490 Domine
2988 3433 3438 3504 percutianusne

92 3496 225 3558 ταξεν
275 3496 341 3558 εἷς
398 3516 480 3558 τις
556 3496 610 3560 ἐξ
683 3497 851 3550 αὐτῶν
921 3502 1008 3552 τόν
1082 3496 1266 3553 δοῦλον
1336 3508 1426 3553 τοῦ
1495 3499 1678 3576 ἀρχιε-

102 3588 144 3606 -1
201 3605 206 3606 γ
358 3591 368 3604 η
448 3584 462 3600 θ
537 3583 575 3606 ἢ
596 3605 603 3606 κ
739 3586 751 3604 9
830 3595 848 3604 δ
939 3591 948 3606 ε
1043 3585 1066 3603 ν
1193 3591 1201 3602 ι
1280 3586 1303 3606 ι
1333 3589 1360 3606 ν
1395 3595 1404 3604 ρ
1513 3589 1567 3606 ελ
1635 3587 1676 3606 ‘I

1889 3523 2016 3580 dio?
2044 3525 2123 3580 Et
2147 3523 2424 3595 percussit
2462 3537 2613 3578 unus
2665 3522 2960 3594 quispiam
2993 3537 3067 3578 ea:
3103 3522 3182 3576 eis
3211 3537 3436 3578 servum

95 3588 228 3654 ρέως,
288 3591 376 3639 καὶ
440 3583 636 3658 ἀφεῖλεν
689 3586 851 3640 αύτοῦ
898 3591 956 3640 τὸ
1009 3585 1098 3650 οὖς
1151 3591 1210 3641 τό
1268 3586 1457 3653 δεξιόν.
1513 3589 1572 3642 Ὀ
1623 3587 1676 3643 δ’

1889 3614 2073 3684 ncipis
2096 3583 2482 3679 sacerdotum,
2511 3619 2560 3667 et
2589 3611 2922 3683 amputavit
2942 3612 3280 3668 auriculam
3305 3613 3434 3680 eius

92 3673 316 3738 Ἰωάννης
366 3672 596 3734 ἐδήλωσε
651 3681 742 3729 xui
798 3681 886 3730 τόν
938 3678 1258 3744 πατάξαντα,
1314 3679 1454 3732 εἰπόν
1507 3681 1668 3750 (70)·

93 3768 144 3780 ..,
354 3761 378 3780 ν
480 3769 552 3780 ..,
745 3767 769 3780 -
1005 3767 1017 3780 ,
1315 3767 1349 3780 ..
1631 3769 1644 3780 .

1889 3709 2058 3759 stram
2108 3702 2178 3757 7°.
2229 3702 2490 3756 Joannes
2545 3716 2686 3756 vero
2740 3715 2879 3756 eum
2907 3714 3150 3772 quoque
3179 3697 3431 3755 manife-

93 3768 248 3833 Σίμων
321 3767 409 3817 οὖν
480 3769 673 3840 Πέτρος
744 3767 882 3837 ἔχων
943 3767 1236 3842 μάχαιραν,
1289 3767 1519 3822 εἵλκυσεν
1582 3769 1666 3821 αύο

1889 3792 1949 3847 vit
1971 3790 2076 3863 qui
2094 3788 2401 3863 percussit,
2425 3788 2660 3848 dicens:
2681 3790 2878 3845 Simon
2901 3767 3039 3860 ergo
3053 3767 3274 3844 )Detrus
3295 3802 3430 3844 cum

92 3857 202 3919 τήν,
267 3859 354 3906 xui
418 3855 600 3907 ἔπαισε
673 3858 761 3906 τόν
831 3862 920 3907 τοῦ
978 3854 1262 3931 ἀρχιερέως
1322 3854 1526 3924 δοῦλον,
1580 3863 1670 3912 xui

99 3937 111 3952 ’
175 3945 184 3956 ι
256 3941 267 3959 Ι
428 3943 441 3959 ν
520 3950 540 3959 ι-
645 3945 656 3959 1
730 3943 742 3959 9
798 3947 809 3959 ο
976 3947 986 3959 1
1064 3941 1086 3959 ι
1116 3944 1142 3959 ν
1176 3950 1184 3959 ι
1299 3943 1366 3959 ν-..
1461 3941 1495 3959 αι
1561 3946 1660 3959 Δ-ιι

1889 3854 2018 3936 ιε»νεῖ
2036 3854 2320 3950 gladium,
2339 3854 2600 3935 eacseruit
2611 3894 2751 3942 eum,
2771 3880 2825 3934 et
2839 3854 3120 3948 percussit
3128 3875 3429 3947 pontificis

91 3941 330 4012 ἀπέκοψεν
379 3943 542 3995 αὐτοῦ
604 3945 663 3996 τὸ
716 3943 864 3996 ὠτίον
935 3947 993 3996 τό
1051 3941 1239 4008 δεξιόν.
1299 3943 1396 3998 Ἦν
1450 3941 1508 3998 δὴ
1557 3946 1667 4018 (Ἡ)

103 4033 122 4042 -
359 4039 379 4046 -
477 4027 499 4046 .
544 4030 581 4046 η
707 4031 816 4046 --.ς
1022 4031 1082 4046 η..
1251 4035 1261 4046 .
1400 4042 1419 4046 _
1516 4034 1584 4046 ..ι

1889 3941 2980 4038 νιιγη,ξιπιριιιαυίίιιιιε,αιινίσιιιαηιήαε
2997 3941 3428 4021 ιίεωιῖοαιηῈγαι

90 4033 243 4100 ὄνομα
318 4039 388 4102 τῷ
465 4027 636 4102 δούλῳ
707 4031 943 4105 Μάλχος.
1022 4031 1139 4086 Ἔτι
1206 4035 1305 4107 γὰρ
1354 4042 1454 4086 τῶν
1503 4034 1666 4088 ἄλλων

1889 4071 1972 4112 em
2001 4071 2214 4112 nomen
2261 4071 2428 4112 servo
2456 4054 2729 4110 Mulchus
2763 4055 2832 4108 τί.
2861 4056 3007 4109 Nam
3057 4068 3196 4109 cum
3227 4052 3427 4108 adhuc

90 4120 391 4189 ἐρωτώντων,
449 4121 607 4184 αὐτὸς
684 4121 778 4174 ούκ
855 4120 1124 4194 ἀναμείνας
1196 4128 1290 4181 τὴν
1364 4123 1664 4199 ἀπόκρισιν,

1889 4144 1968 4199 eri
1993 4144 2442 4212 interrogarent,
2472 4143 2600 4214 ipse
2635 4157 2756 4198 non
2789 4145 3129 4210 exspectata
3172 4155 3426 4212 respon-

89 4207 173 4257 οἶα
226 4209 542 4282 θερμότατος,
626 4209 871 4274 ἐπάταξεν
927 4213 1016 4283 μεν
1093 4215 1229 4264 κατά
1275 4220 1365 4273 τῆς
1419 4214 1660 4286 κεφαλῆς,

1889 4249 1958 4296 ιε,
1997 4237 2195 4304 utpote
2224 4231 2715 4300 ferventissimus,
2742 4229 3032 4300 percussit
3088 4227 3336 4299 quidem
3363 4227 3424 4282 in

89 4295 306 4364 ἀπέκοψε
360 4295 417 4350 δε
461 4303 520 4351 τὸ
574 4299 740 4354 ὠτίον.
777 4296 939 4370 Εἶχον
985 4301 1086 4375 γὰρ
1147 4296 1243 4352 δύο
1286 4307 1572 4376 μαχαίρας,
1601 4307 1665 4363 ὡς
1697 4363 1703 4392 1

1894 4295 1974 4386 ut,
2007 4295 2111 4375 sed
2142 4319 2467 4374 auriculam
2499 4295 2860 4390 amputavit.
2925 4295 3234 4371 Habebant
3262 4313 3423 4369 enim

86 4385 176 4453 ἔφη
247 4391 453 4452 Λουκᾶς,
511 4386 614 4439 ἀπὸ
684 4395 776 4439 τοῦ
852 4385 1062 4440 δείπνου
1129 4391 1338 4454 ταύτας,
1399 4393 1463 4451 ὡς
1511 4363 1703 4456 ἔοικε,1

1889 4363 2836 4479 ιζὲιέἆοζ.ἐοιλψάἰχίινιιυοαε
2884 4405 2957 4469 τ’,
2989 4417 3160 4476 quos,
3185 4405 3248 4458 ut
3277 4401 3424 4457 veri-

83 4470 333 4543 λαϐόντες,
355 4476 577 4548 μεγάλας
633 4479 814 4542 οὔσας,
866 4479 1000 4530 ὥστε
1054 4479 1298 4552 χρῆσθαι
1348 4483 1479 4552 πρὸς
1525 4481 1662 4552 ἄμυ-

1889 4470 2095 4566 ἱιθνθεί,
2125 4513 2160 4552 a
2184 4470 2355 4552 caena
2373 4497 2786 4566 sumpserant:
2817 4470 3038 4565 quibus
3062 4493 3266 4561 utpote
3297 4505 3422 4547 ma-

84 4579 178 4610 ναν
205 4570 288 4614 τῶν
315 4563 502 4618 ἐπιέναι
527 4563 827 4636 μελλόντων.

1889 4585 2016 4642 suti
2068 4563 2312 4658 possent
2359 4585 2418 4640 in
2485 4563 2771 4640 auxilium
2832 4563 3125 4638 abversus
3179 4593 3284 4636 eos
3315 4578 3422 4652 qui

1771 4675 2036 4732 invasuri
2065 4676 2252 4731 erant.

162 4751 281 4808 ἰδὼν
331 4755 388 4813 δε
441 4762 501 4812 τό
553 4761 763 4831 γεγονὸς
804 4760 830 4812 ὁ
860 4764 1111 4835 Χριστὸς,
1145 4758 1316 4815 εἶπεν
1369 4763 1512 4818 Ἐᾶτε
1568 4769 1659 4828 ἕως

1889 4763 2064 4822 'idens
2110 4765 2306 4818 autem
2354 4761 2524 4817 Iesus
2567 4757 2726 4831 quod
2771 4757 2995 4815 factum
3045 4760 3189 4821 erat,
3247 4757 3416 4824 dixit,

87 4846 280 4899 τούτου.
334 4854 429 4902 Καὶ
511 4846 773 4921 ἁψάμενος
838 4857 929 4902 τοῦ
1013 4851 1169 4904 ὠτίου
1237 4851 1416 4917 αὐτοῦ,
1476 4854 1660 4908 ἰάσατο

1889 4854 1963 4910 ite
1991 4853 2108 4910 huc
2136 4865 2338 4923 usque.
2380 4854 2654 4923 tactaque
2699 4847 2856 4903 illius
2887 4844 3154 4903 auricula
3182 4846 3421 4904 sanavit
3459 4868 3464 4874 ·

161 4969 363 5029 “toan.
393 4988 557 5040 mu,
585 4973 640 5039 7,
666 4973 724 5030 8.
809 4975 856 5011 δ’
884 4974 1020 5032 Luc.
1054 4991 1196 5046 xxn,
1226 4977 1313 5032 48.
1391 4979 1439 5013 το
1468 4979 1611 5035 Luc.
1650 4995 1703 5038 x1

1893 5020 1907 5049 ,
1938 4977 2027 5033 50.
2105 4977 2149 5012 τί
2181 4977 2330 5034 Joan
2357 4990 2518 5042 xvm,
2551 4975 2640 5045 to,
2688 4973 2772 5030 11.
2847 4973 2897 5008 τ’
2937 4973 3074 5030 Luc.
3127 4985 3277 5029 xm.
3311 4969 3406 5029 38.

1274 5153 1486 5224 Variae
1505 5154 1839 5226 lectiones
1881 5163 1947 5223 et
1976 5163 2174 5222 notae.

169 5341 264 5478 (67;
293 5349 384 5399 Καί
407 5345 625 5432 omittit
653 5344 786 5402 cod.
815 5348 879 5401 A.

169 5415 257 5492 εὲξ.
280 5415 592 5492 Trevir/ns-
629 5415 774 5492 βοά.
796 5417 901 5492 ,Αολ

1889 5347 1952 5492 ’οζ
1995 5347 2162 5402 Εἰπὼν
2219 5345 2436 5428 omittit
2461 5344 2526 5401 B.

1900 5426 1915 5474 1
1984 5424 2207 5492 Τόνομα,
2233 5434 2334 5484 Slc,
2367 5433 2477 5491 pro
2503 5437 2526 5471 τ

168 5415 260 5498 Si?!
280 5415 594 5498 Ὑτξαέιωγτῖτττ
609 5415 774 5498 ,9οά
796 5417 903 5498 ,Ακ

1900 5415 1951 5492 1)
1984 5424 2207 5492 Τόνομα,
2233 5418 2334 5484 sic,
2367 5433 2477 5491 pro
2503 5421 2747 5493 τοῦνομα.
2793 5417 2938 5476 Cod.
2973 5424 3033 5475 Α.

169 5481 264 5553 (69)
293 5481 428 5559 Δύτῷ
453 5481 669 5544 omittit
697 5488 838 5544 cod.
876 5490 941 5543 A.

167 5605 250 5678 (1'))
275 5608 557 5672 Patienter
578 5614 738 5672 enim
763 5611 1046 5686 expressit
1073 5613 1144 5672 ei.
1191 5614 1564 5690 Indulgenter
1596 5614 1874 5690 patefecit
1896 5614 1969 5673 ei.
