3904 6210
445 257 544 318 691

1760 241 2106 303 EUTHYMII
2144 240 2472 301 ZIGABENI
3692 249 3779 310 692

444 399 584 442 cum
607 384 678 440 τί.
711 383 861 441 Nam
895 381 953 437 et
980 378 1095 435 hoc
1124 372 1357 433 addidit
1401 371 1615 431 Lucas.
1646 371 1860 428 Dicens
1892 371 2091 442 itaque

2210 367 2376 436 αὐτόν,
2418 368 2477 423 Ὀ
2526 368 2683 431 αὐτὸς
2720 365 2780 424 δέ
2826 374 2916 424 καὶ
2964 375 3113 426 τοῦτό
3165 390 3296 443 φησι
3345 374 3578 435 Λουκᾶς,
3633 374 3778 428 Εἰπὼν

444 475 754 531 Christus:
787 470 964 525 Sinite
992 468 1104 523 huc
1152 479 1355 537 usque,
1408 462 1665 519 ostendit
1711 460 1877 534 quod
1919 460 2093 530 juxta

443 560 953 635 dispensationem
984 556 1181 612 ablata
1211 556 1282 610 sit
1308 568 1474 609 servo
1506 550 1789 623 principis
1818 549 2091 605 sacerdo-

443 657 569 709 tum
588 648 943 713 auricula,in
962 646 1200 714 signum
1214 642 1377 716 quod
1398 641 1693 713 principes
1708 638 2090 695 sacerdotum

441 755 566 813 prae
605 738 831 793 invidia
861 736 1069 791 auditu
1111 732 1318 805 privati
1349 735 1565 794 essent,
1615 744 1689 784 ne
1735 727 2007 783 audirent
2037 732 2093 782 et

442 828 829 896 intelligerent
880 840 980 879 eas
1010 839 1138 895 quis
1200 821 1273 875 de
1325 819 1459 890 ipso
1509 821 1678 873 erant
1723 816 2087 887 prophetiae.

444 917 681 971 Sanans
703 918 901 969 autem
926 912 1115 974 illum,
1140 907 1396 964 ostendit
1418 905 1879 961 misericordiam
1905 918 2091 975 quam

444 1020 587 1072 erga
633 1002 761 1057 illos
810 1001 1078 1065 haberet,
1132 996 1416 1068 quodque
1464 994 1539 1049 de
1565 992 1694 1059 illis,
1725 993 1775 1047 si
1811 991 2094 1047 libuisset

444 1107 655 1163 poenas
705 1088 1056 1159 sumpsisset
1106 1103 1120 1153 ;
1154 1100 1361 1139 verum
1402 1082 1661 1137 ostendit
1690 1085 1959 1150 oportere
1992 1096 2093 1150 po-

446 1181 561 1236 tius
586 1177 877 1235 beneﬁcio
910 1174 1136 1231 afﬁcere
1166 1170 1625 1227 malefacientes.
1654 1169 1766 1224 Sed
1787 1168 2093 1239 quomodo

446 1269 515 1338 is,
549 1268 651 1339 qui
684 1266 757 1319 de
806 1280 925 1319 non
971 1260 1310 1317 ulciscendo
1358 1258 1713 1315 mandatum
1762 1260 2090 1327 acceperat,

446 1357 646 1427 gladio
678 1354 973 1426 percutit?
1001 1351 1267 1406 Primum
1324 1349 1570 1420 quidem
1621 1362 1737 1401 non
1771 1361 1873 1417 pro
1902 1345 2093 1416 seipso

445 1445 559 1501 hoc
590 1444 744 1507 fecit,
782 1441 885 1496 sed
943 1456 1052 1512 pro
1098 1442 1460 1508 Prmceptore
1496 1453 1509 1501 ;
1539 1434 1774 1499 deinde,
1822 1434 2094 1489 nondum

451 1533 750 1608 perfectus
801 1534 969 1586 erat:
1003 1526 1389 1601 postmodum
1434 1529 1632 1581 autem
1682 1522 1883 1578 videas
1938 1521 2096 1577 hunc

453 1624 760 1678 sexcentas
793 1620 915 1691 pati
944 1616 1203 1689 injurias,
1237 1620 1415 1687 atque
1448 1612 1653 1669 omnia
1679 1615 1983 1667 mansuete
2013 1614 2098 1667 to-

446 1712 757 1769 lerantem.

514 1800 810 1856 Admirari
863 1796 1043 1853 etiam
1109 1791 1413 1867 quispiam
1495 1790 1726 1863 poterit,
1788 1787 2096 1862 quomodo

444 1905 568 1946 non
599 1884 1155 1959 comprehenderint
1216 1880 1544 1953 discipulos
1577 1896 1647 1936 ac
1679 1878 2097 1935 trucidaverint

444 1983 688 2051 propter
715 1976 775 2031 id
827 1973 992 2047 quod
1024 1973 1247 2028 factum
1304 1971 1480 2026 estin
1530 1985 1764 2025 servum
1813 1967 2096 2041 principis

446 2065 841 2121 sacerdotum.
878 2062 992 2119 Sed
1018 2077 1153 2116 vere
1202 2060 1335 2131 ipsa
1365 2060 1551 2115 virtus
1608 2074 1743 2130 quae
1777 2058 1887 2113 hos
1919 2072 2099 2112 excae-

447 2159 686 2211 caverat
707 2168 776 2209 ac
798 2148 1333 2222 prostraverat,illa
1354 2148 1531 2203 etiam
1555 2152 1695 2202 tunc
1717 2146 1891 2215 iram,
1909 2160 2097 2216 quam

446 2242 521 2299 de
550 2240 832 2299 auriculas
880 2238 1293 2310 amputatione
1334 2239 1752 2308 conceperant,
1787 2233 2089 2305 dispersit.

517 2349 681 2403 Vers.
740 2350 825 2402 52.
904 2347 1070 2400 Tunc
1116 2346 1199 2399 ait
1243 2374 1312 2384 —
1386 2344 1732 2398 morientur.
1804 2339 1916 2395 Ubi
1960 2354 2099 2395 eum

444 2433 720 2506 inerepas
734 2440 811 2490 set
832 2434 1252 2505 docuit,neque
1268 2433 1447 2488 etiam
1470 2446 1578 2502 pro
1595 2431 1713 2484 Deo
1725 2427 2102 2484 defendendo

443 2524 733 2579 utendum
748 2540 878 2579 esse
897 2523 1122 2593 gladio.
1146 2522 1253 2577 Per
1279 2520 1544 2591 gladium
1560 2534 1700 2574 vero
1711 2518 1919 2573 omnia
1931 2532 2099 2572 arma

442 2612 767 2684 prohibuit.
793 2612 964 2678 Quod
994 2618 1197 2667 autem
1228 2609 1370 2665 dicit
1396 2626 1408 2664 :
1442 2608 1647 2664 Omnes
1678 2607 1777 2677 qui
1797 2606 2096 2674 accipiunt

440 2701 718 2772 gladium,
750 2699 1058 2773 pr0phetia
1082 2704 1168 2755 est
1213 2697 1564 2769 perditionis
1614 2695 1957 2751 Iudaeorum
1991 2695 2094 2765 qui

441 2791 733 2848 adversus
771 2792 973 2862 ipsum
1026 2792 1333 2855 venerant,
1363 2789 1621 2841 Joannes
1650 2800 1790 2840 vero
1820 2784 1904 2839 ait
1954 2800 2091 2838 eum

440 2878 661 2936 dixisse
694 2902 705 2936 :
740 2881 829 2934 An
878 2895 993 2935 non
1028 2878 1215 2933 bibam
1257 2876 1532 2945 poculum
1560 2873 1711 2945 quod
1739 2873 1896 2929 dedit
1941 2873 2087 2928 mihi

439 2970 619 3026 Pater
640 2970 716 3025 7‘?
733 2967 1053 3023 ostendens
1074 2966 1199 3020 haec
1216 2979 1337 3019 non
1351 2979 1387 3020 a
1408 2967 1695 3035 potestate
1708 2962 1943 3019 illorum
1962 2960 2089 3016 ﬁeri

442 3058 549 3114 sed
572 3057 761 3113 Patris
782 3055 1192 3128 permissione,
1217 3052 1502 3126 quodque
1528 3051 1679 3109 Patri
1705 3052 1780 3108 sit
1801 3050 2088 3107 obediens
2124 3051 2171 3111 C.

438 3162 634 3219 usque
657 3145 734 3201 ad
763 3150 1035 3201 mortem.

510 3236 675 3291 Vers.
710 3240 795 3292 53.
820 3235 913 3289 An
936 3240 1116 3303 putas
1140 3263 1203 3272 —
1227 3234 1578 3303 angelorum
1600 3232 1628 3287 ?
1658 3230 1836 3299 Legio
1868 3243 2087 3300 agmen

438 3331 526 3381 est
573 3325 823 3381 militare
874 3322 1121 3379 maximi
1173 3320 1428 3378 numeri.
1483 3322 1611 3375 Non
1659 3319 1829 3375 dixit.
1863 3323 2085 3384 autem,

440 3414 696 3471 Possum
725 3430 827 3469 eos
857 3412 1124 3484 perdere,
1155 3426 1228 3465 ne
1262 3408 1529 3465 absurda
1580 3408 1741 3478 loqui
1789 3407 2082 3472 videatur,

438 3509 681 3575 propter
712 3506 1019 3571 susceptas
1051 3499 1410 3563 affectiones,
1454 3512 1769 3553 maerorem
1797 3494 2085 3562 videlicet,

438 3605 747 3663 pavorem,
780 3588 1082 3657 agoniam,
1135 3586 1403 3651 sudores,
1432 3591 1877 3656 etquazcunque
1908 3584 2089 3655 paulo

440 3684 575 3734 ante
598 3684 885 3748 tanquam
910 3677 1093 3731 homo
1113 3690 1329 3745 passus
1345 3678 1436 3729 est
1474 3673 1748 3728 Nondum
1771 3672 1931 3728 enim
1954 3688 2089 3729 eam

439 3782 624 3838 quam
648 3764 917 3827 decebat,
975 3767 1372 3838 conceperant
1423 3761 1497 3815 de
1523 3776 1593 3816 eo
1632 3760 2000 3831 opinionem,
2032 3766 2090 3818 et

440 3834 662 3909 idcirco
711 3852 961 3908 humilia
1009 3852 1083 3906 de
1115 3866 1176 3905 se
1218 3834 1500 3921 loquitur.
1560 3850 1625 3904 In
1677 3854 1841 3905 tanto
1886 3856 2088 3906 autem

439 3957 692 3999 numero
722 3941 983 4013 legiones
1010 3938 1154 3994 dixit
1201 3938 1553 4008 angelorum
1585 3942 1649 3994 ut
1680 3938 1921 3994 abunde
1954 3954 2091 3994 con-

440 4033 610 4089 fortet
636 4047 757 4093 eos,
808 4030 911 4102 qui
961 4028 1166 4084 timore
1216 4034 1384 4083 erant
1412 4043 1564 4099 pene
1614 4028 1890 4083 emortui.
1926 4030 2089 4083 Unus

439 4121 728 4193 siquidem
752 4118 1001 4189 angelus
1025 4118 1332 4189 quondam
1355 4121 1591 4171 centum
1614 4116 2092 4189 octogintaquin-

439 4226 557 4285 que
597 4208 781 4265 millia
814 4208 1129 4263 hominum
1175 4206 1340 4261 brevi
1383 4210 1650 4277 tempore
1681 4204 1971 4261 interfecit
2016 4207 2087 4259 ⁷⁸.

510 4303 672 4355 Vers.
698 4300 786 4353 5t».
818 4296 1186 4365 Quomodo—
1206 4294 1351 4364 fieri
1386 4298 1413 4349 ?
1436 4294 1556 4348 Nisi
1595 4293 1679 4349 ita
1703 4294 2091 4365 interemptus

439 4386 627 4451 fuero,
669 4385 876 4458 inquit,
914 4382 1224 4456 quomodo
1269 4380 1728 4452 complebuntur
1774 4381 2089 4452 Scriptura:

441 4477 814 4549 propheticus,
859 4477 1154 4546 quotquot
1206 4470 1281 4527 de
1331 4475 1518 4526 morte
1562 4486 1698 4526 mea
1743 4470 2087 4542 loquuntur,

441 4580 576 4636 quae
600 4565 863 4620 scribunt
882 4562 1047 4634 quod
1069 4562 1150 4617 ita
1170 4564 1433 4631 oporteat
1457 4558 1607 4626 ﬁeri,
1630 4559 1794 4631 quod
1818 4560 1897 4615 ita
1918 4575 2092 4632 opor-

443 4656 563 4707 teat
594 4668 687 4707 me
716 4651 867 4707 mori
911 4650 938 4704 ‘I

516 4739 678 4793 Vers.
714 4744 798 4794 55.
837 4739 907 4793 In
936 4738 1047 4794 illa
1075 4768 1143 4779 —
1172 4736 1647 4807 apprehendislis
1674 4751 1781 4793 me.
1826 4736 2093 4793 Ostendit

443 4826 532 4881 his
562 4841 819 4899 quoque,
855 4826 1017 4896 quod
1045 4842 1165 4881 non
1197 4842 1305 4882 sua
1346 4825 1559 4880 virtute
1588 4824 2092 4895 apprehenderint

444 4931 602 4971 eum.
638 4914 797 4970 Sicut
822 4914 980 4969 enim
1019 4918 1157 4969 tunc
1185 4929 1307 4969 non
1354 4918 1672 4985 potuerunt
1717 4930 1845 4968 eum
1891 4929 2091 4983 appre-

440 5003 721 5066 hendere,
771 5002 851 5057 ita
895 5017 1089 5073 neque
1137 5017 1312 5065 nunc,
1345 5001 1455 5056 nisi
1486 5000 1735 5056 omnino
1780 5000 2083 5056 voluisset.

442 5095 629 5149 Lucas
657 5106 797 5147 vero
828 5088 912 5146 ait
947 5090 1077 5147 hinc
1111 5105 1250 5147 eum
1288 5089 1503 5145 dixisse
1528 5088 1640 5157 his,
1668 5088 1771 5161 qui
1802 5095 2087 5146 venerant

510 5299 559 5333 ⁷⁸
591 5298 727 5354 Luc.
758 5310 897 5360 nn,
928 5294 1018 5350 51.
1094 5294 1143 5329 τι
1172 5295 1341 5350 Joan.
1372 5309 1524 5360 εγω,
1558 5294 1642 5349 it.

2127 1700 2177 1760 Β

2200 460 2289 529 μεν
2341 454 2428 510 οὖν
2485 460 2510 510 6
2564 462 2793 532 Χριστὸς
2866 463 2946 513 ὃτι
2997 460 3128 522 Ἐως
3173 463 3382 526 τούτου,
3436 465 3671 535 ἓνέφηνεν
3722 467 3778 517 ὁτι

2199 548 2313 599 κατ’
2348 547 2644 619 οἰκονομίαν
2696 548 2925 621 ἀφῃρέθη
2970 553 3029 601 τό
3083 546 3169 611 οὖς
3214 551 3240 601 6
3272 545 3458 611 δοῦλος
3488 558 3586 603 τοῦ
3618 550 3780 625 ἀρχιε-

2198 640 2347 710 ρέως,
2400 636 2471 697 εἰς
2530 644 2742 708 σημεῖον
2797 645 2888 689 τού
2946 637 3287 712 ἀφαιρεθῆναι
3350 644 3474 700 τούς
3530 638 3778 712 ἀρχιερεῖς

2200 726 2300 776 ύπό
2350 727 2535 796 φθόνου
2582 729 2640 777 τό
2692 724 2893 779 ἀκούειν
2940 736 3041 778 τῶν
3089 731 3207 799 περὶ
3261 726 3419 779 αὐτοῦ
3450 738 3775 801 προφητειών,

2201 816 2381 883 ἤγουν,
2461 818 2520 866 τό
2575 818 2804 866 συνιέναι
2870 818 3080 877 ταύτας.
3142 816 3436 888 ’ἰασάμενος
3495 813 3556 869 δε
3626 818 3775 884 αὐτόν,

2202 898 2363 963 ἔδειξε
2414 904 2504 974 μὲν
2556 908 2645 955 καὶ
2700 907 2787 955 τὸν
2837 904 2909 965 εἰς
2970 904 3159 964 αύτούς
3210 904 3363 967 ἔλεον,
3405 910 3499 956 καὶ
3542 907 3629 956 ὅτι
3674 908 3779 976 ἠμύ-

2200 1008 2322 1041 νατο
2374 988 2433 1040 ἄν
2487 990 2671 1049 αύτούς
2729 994 2867 1063 εἴπερ
2918 992 3112 1054 ἤθελεν,
3176 988 3421 1054 Ἐδίδαξε
3481 989 3539 1044 δε
3592 1000 3681 1044 καὶ
3721 996 3778 1044 ὅτι

2201 1082 2298 1149 κρὴ
2343 1078 2542 1149 μᾶλλον
2592 1079 2866 1152 εὐεργετεῖν
2912 1085 3031 1141 τοὺς
3079 1089 3253 1143 κακῶς
3293 1088 3596 1141 ποιοῦντας.
3640 1081 3778 1135 ⁴Αλλά

2202 1175 2311 1227 πῶς
2342 1169 2367 1218 6
2410 1172 2480 1238 μὴ
2547 1167 2833 1239 ἀμύνεσθαι
2888 1170 3248 1242 προσταχθεὶς
3293 1171 3557 1221 πατάσσει
3606 1168 3653 1221 ἐν
3699 1190 3778 1240 μα-

2203 1260 2370 1328 χαίρᾳ
2405 1274 2417 1319 ;
2452 1262 2659 1329 Πρῶτον
2701 1255 2791 1327 μὲν
2841 1256 2944 1327 οὐχ
2989 1258 3116 1329 ύπερ
3162 1257 3344 1309 ἑαυτοῦ
3390 1265 3546 1309 τοῦτο
3588 1264 3777 1315 πεποίηο

2203 1362 2306 1409 κεν,
2359 1342 2463 1395 ἀλλ’
2516 1346 2641 1417 ὑπερ
2695 1352 2784 1396 τοῦ
2858 1341 3189 1397 Διδασκάλου
3224 1362 3237 1375 ⁸

2203 1432 2392 1495 τέλειος
2445 1430 2505 1489 ἦν
2541 1454 2554 1466 ·
2608 1434 2819 1508 ὕστερον
2887 1430 2946 1486 δε
3023 1432 3180 1506 βλέπε
3238 1441 3419 1487 τοῦτον
3487 1439 3655 1510 μυρία
3703 1437 3777 1488 πά-

2208 1540 2428 1592 σχοντα,
2461 1525 2550 1574 καὶ
2579 1523 2753 1595 πράως
2788 1521 2995 1575 ἅπαντα
3012 1523 3351 1596 ὑπομένοντα».

3288 1348 3464 1397 ἔπειτα
3516 1350 3610 1397 καὶ
3660 1350 3777 1398 οὕτω

2279 1770 2580 1841 Θαυμάσειε
2631 1765 2682 1822 δ’
2732 1770 2791 1821 ἄν
2846 1788 2944 1837 τις,
2983 1777 3089 1831 πῶς
3129 1769 3188 1823 ού
3233 1768 3511 1822 συνέλαϐον
3560 1777 3648 1822 καὶ
3688 1773 3779 1827 τοὺς

2206 1859 2461 1930 μαθητὰς,
2535 1863 2623 1911 καὶ
2676 1858 2984 1930 κατέκοψαν,
3055 1854 3149 1911 διὰ
3216 1862 3275 1911 τό
3332 1863 3667 1931 γεγενημένον
3729 1858 3781 1917 εἰς

2205 1950 2292 1999 τόν
2355 1944 2538 1999 δοῦλον
2608 1956 2700 1999 του
2770 1947 3075 2020 ἀρχιερέως.
3132 1947 3267 1999 Ἀλλ’
3323 1950 3484 2009 ὅντως
3542 1945 3571 2007 ἧ
3628 1954 3777 2021 mpe-

2210 2054 2351 2087 σασα
2396 2041 2484 2087 καὶ
2538 2035 2745 2109 ῥίψασα
2798 2038 3014 2098 τούτους
3060 2032 3282 2108 δύναμις
3327 2035 3493 2093 ἐκείνη
3548 2041 3634 2088 καὶ
3689 2042 3781 2088 τότε

2210 2120 2522 2177 διεσκέδασε
2590 2128 2674 2177 τόν
2742 2122 2825 2177 ἐπὶ
3013 2122 3250 2198 ἀποκοπῇ
3297 2132 3389 2177 τοῦ
3434 2126 3589 2178 ὠτίου
3641 2126 3780 2196 θυμὸν

2210 2232 2397 2267 αυτων.

2279 2307 2405 2355 Τότε
2476 2300 2607 2374 λέγει
2661 2334 2727 2345 -
2779 2301 3176 2372 ἀποθανοῦνται⁹
3233 2304 3585 2375 Ἐπιτιμὴσας
3635 2302 3774 2371 τὶτῷ,

2211 2388 2425 2454 ἐδίδαξε
2494 2388 2624 2462 μηδ’
2700 2394 2824 2464 ὑπὲρ
2891 2399 2981 2443 τοῦ
3034 2398 3167 2444 Θεοῦ
3220 2394 3469 2465 χρῆσθαι
3519 2396 3772 2464 μαχαίρᾳ.

2210 2484 2306 2534 Διὰ
2358 2477 2415 2532 δε
2461 2488 2553 2542 τῆς
2608 2485 2881 2552 μαχαίρας
2931 2486 3021 2533 καὶ
3067 2488 3167 2532 παν
3223 2480 3377 2532 ὅπλον
3436 2479 3659 2532 ἐκώλυσε.
3716 2482 3779 2531 Τὸ

2210 2565 2269 2621 δε
2338 2571 2525 2629 Πάντες
2594 2571 2643 2621 οἱ
2709 2568 2949 2629 λαϐόντες
3017 2571 3302 2641 μάγαιραν,
3357 2568 3639 2643 προφητεία
3685 2565 3777 2618 ἐστὶ

2207 2666 2300 2717 τῆς
2376 2655 2631 2733 διαφθρᾶς
2682 2666 2780 2710 τῶν
2838 2657 3144 2710 ἐπελθόντων
3214 2658 3356 2729 αύτῷ
3406 2655 3687 2711 Ἰουδαίων,
3727 2654 3777 2705 Ὀ

2207 2741 2259 2797 δ’
2309 2746 2547 2808 Ἰωάννης
2604 2746 2758 2798 εἰπεῖν
2804 2746 2957 2798 αύτὸν
3010 2745 3144 2817 λέγει
3187 2751 3276 2798 καὶ
3320 2747 3399 2798 ὅτι
3430 2750 3499 2799 Τό
3533 2751 3774 2816 ποτήριον,

2204 2831 2229 2884 ὃ
2288 2829 2486 2886 δέδωκέ
2534 2835 2645 2905 (72)
2697 2854 2786 2906 μοι
2860 2836 2885 2886 ό
2944 2839 3149 2907 Πατὴρ,
3202 2834 3260 2886 ού
3331 2840 3402 2907 μὴ
3474 2839 3577 2887 πίω
3629 2835 3774 2900 adeo;

2204 2918 2503 2974 δεικνύοντα
2553 2924 2631 2975 ὃτι
2689 2923 2746 2974 ού
2814 2932 2908 2984 τῆς
2981 2922 3180 2975 ἔκείνων
3255 2919 3521 2995 δυνάμεως
3576 2922 3678 2975 ἔστι
3728 2927 3773 2973 τό

2199 3015 2481 3083 γινόμενον,
2533 3010 2661 3063 ἀλλὰ
2701 3020 2792 3072 τῆς
2836 3019 2926 3064 τοῦ
2964 3015 3164 3087 Πατρός
3210 3018 3655 3088 παραχωρήσεως,
3700 3016 3773 3062 καὶ

2200 3100 2279 3151 ὃτι
2311 3101 2535 3161 ὑπήκοός
2565 3099 2678 3153 ἔστι
2709 3110 2781 3172 τῷ
2813 3105 2981 3176 Πατρὶ
3012 3106 3175 3173 μέχρι
3202 3103 3451 3159 θανάτου,

2268 3188 2335 3241 Ἦ
2422 3186 2594 3250 δοκεῖς
2667 3220 2734 3230 -
2810 3189 3093 3261 ὰγγίλωνς
3148 3195 3350 3261 Λεγιών
3436 3189 3547 3243 ἔστι
3619 3192 3776 3261 τάγμα

2202 3282 2581 3353 στρατιωτνκὸν
2629 3278 3003 3354 πολυάριθμόν.
3062 3279 3173 3331 Ούκ
3221 3277 3329 3331 εἶπε
3385 3275 3466 3344 δε,
3507 3282 3587 3333 ὅτι
3638 3281 3773 3331 Aﬁn-

2198 3388 2294 3439 μαι
2336 3366 2520 3428 αύτούς
2572 3367 2842 3432 ἀπολέσαι,
2890 3371 2975 3420 ἶνα
3018 3372 3091 3440 μὴ
3150 3364 3277 3439 δόξῃ
3324 3366 3488 3439 λέγειν
3547 3366 3769 3431 ἀπίθανα,

2201 3453 2295 3509 διὰ
2332 3458 2397 3507 τὰ
2446 3456 2770 3527 προλαϐόντα
2815 3458 2978 3522 πάθη,
3033 3460 3127 3515 τὴν
3178 3455 3367 3522 λύπην,
3426 3460 3521 3514 τήν
3576 3452 3770 3515 δειλίαν,

2199 3549 2291 3603 τὴν
2345 3546 2591 3615 ἀγωνίαν,
2644 3549 2764 3605 τούς
2833 3542 3079 3618 ἱδρῶτας,
3149 3550 3239 3597 καὶ
3306 3546 3407 3597 ὅσα
3453 3550 3553 3617 πρὸ
3603 3550 3770 3618 μικροῦ

2202 3636 2444 3686 πέπονθεν
2499 3637 2568 3694 ὡς
2622 3635 2911 3707 ἄνθρωπος.
2978 3638 3137 3686 Οὔπω
3191 3636 3293 3706 γὰρ
3352 3638 3447 3692 τὴν
3504 3640 3778 3706 προσέκουο

2201 3742 2296 3774 σαν
2335 3727 2450 3793 περὶ
2503 3722 2659 3774 αὑτοῦ
2712 3721 2972 3793 ὑπόληψιν
3026 3724 3191 3793 εἶχον.
3253 3725 3350 3775 Διὰ
3390 3731 3542 3775 τοῦτο
3584 3720 3662 3774 οὖν
3698 3741 3776 3773 τα-

2198 3814 2347 3864 πεινὰ
2394 3813 2686 3883 φθέγγεται.
2736 3814 3003 3872 Τοσαύτας
3052 3807 3111 3863 δε
3158 3812 3407 3882 λεγεῶνας
3457 3809 3589 3864 εἶπεν

2578 3898 2632 3951 ἐκ
2707 3905 3011 3971 περιουσίας

2202 3986 2609 4050 ἀποτεθνηκότας
2668 3995 2739 4056 τῷ
2796 3984 2920 4043 δίει.
2977 3992 3077 4041 Καὶ
3136 3990 3237 4061 γὰρ
3294 3990 3368 4049 εἷς
3418 3989 3628 4060 ἄγγελος
3680 3988 3778 4040 ἐκα-

2200 4080 2285 4129 τὸν
2364 4074 2832 4148 ὀγδοηκονταπέντε
2904 4073 3157 4148 χιλιάδας
3236 4075 3425 4129 ἀνεῖλεν
3494 4077 3542 4130 ἐν
3603 4076 3781 4149 βραχεί

2202 4165 2387 4217 πάλαι.

2199 3899 2319 3963 λων,
2394 3901 2475 3951 ἵνα
2578 3899 2632 3951 ἐκ
2707 3905 3011 3971 περιουσίας
3106 3900 3483 3973 παραθαρρύνη
3561 3904 3776 3962 τούτους,

2274 4260 2390 4315 Πῶς
2466 4285 2535 4294 -
2611 4256 2915 4325 γενεσθαις
2994 4254 3054 4307 Εἰ
3133 4257 3204 4326 μή
3293 4253 3459 4315 οὕτως
3527 4252 3780 4327 ἆναιρεθώ,

2122 4388 2168 4447 D
2202 4348 2353 4414 φησὶ,
2406 4350 2510 4403 πῶς
2560 4341 2902 4415 πληρωθῶσιν
2963 4344 3018 4395 αἱ
3089 4348 3290 4414 Γραφαὶ
3358 4343 3413 4394 αἰ
3464 4346 3779 4417 προφητικαὶ,

2209 4434 2227 4446 η
2469 4436 2476 4447 .
2610 4439 2627 4447 -
2688 4433 2711 4447 λ
2801 4433 2811 4447 .
3112 4428 3134 4447 ο.
3188 4431 3233 4447 ι..
3463 4434 3473 4445 .
3589 4434 3598 4444 .

2202 4434 2323 4484 ὅσαι
2369 4436 2485 4504 περὶ
2540 4439 2629 4483 τοῦ
2686 4433 2905 4483 θανάτου
2958 4450 3057 4503 μου
3100 4428 3388 4498 διεξίασιν;
3421 4434 3785 4506 αίγράφουσειι

2203 4521 2281 4573 ὅτι
2312 4519 2446 4573 οὕτω
2472 4516 2552 4573 δεῖ
2580 4522 2840 4591 γενέσθαι,
2871 4521 2950 4571 ὅτι
2980 4520 3113 4572 οὕτω
3143 4524 3255 4592 χρὴ
3286 4519 3557 4573 ἀποθανεῖν
3583 4538 3664 4591 με.

2275 4733 2355 4785 Ἐν
2431 4733 2593 4803 ἐκείνῃ
2676 4762 2744 4772 -
2822 4730 3149 4804 ἐκράτησατέ
3229 4751 3316 4804 με,
3412 4736 3641 4785 Δείκνυσι
3704 4736 3787 4781 καὶ

2202 4824 2403 4882 τούτοις
2460 4824 2538 4873 ὅτι
2590 4819 2693 4890 ούχ
2753 4821 2852 4872 ύπό
2911 4828 3002 4880 τῆς
3056 4820 3221 4871 αὐτῶν
3283 4823 3578 4892 κατεσχέθη
3634 4818 3791 4872 δυνάο

2200 4931 2352 4983 μεως.
2402 4909 2601 4982 ’Ὥσπερ
2656 4910 2753 4980 γὰρ
2808 4912 2923 4960 τότε
2964 4915 3253 4979 κατασχεῖν
3305 4909 3461 4960 αὐτὸν
3515 4909 3601 4961 οὐκ
3661 4905 3786 4966 ἑδν-

2202 5002 2455 5065 δὴθησαν,
2512 5001 2670 5059 ούτως
2719 4993 2840 5050 ούδέ
2888 5004 2995 5061 νῦν,
3048 4998 3091 5049 εἰ
3145 5001 3217 5069 μὴ
3267 5000 3473 5061 πάντως
3525 4997 3784 5055 ἠθελησεν.

2196 5094 2401 5149 Λουκᾶς
2451 5084 2509 5141 δέ
2558 5105 2716 5160 φησιν
2752 5086 2908 5139 εἰπεῖν
2953 5092 3121 5137 ταῦτα
3168 5090 3292 5160 πρὸς
3332 5091 3452 5147 τούς
3483 5087 3781 5158 (73)·πιιρα-

1718 5293 1768 5328 ⁷⁵
1795 5292 1869 5348 IV
1900 5294 2038 5364 Reg.
2067 5309 2187 5363 χιι,
2222 5296 2310 5350 35.

1776 5442 1994 5513 Variae
2033 5442 2383 5512 lectiones.

511 5594 623 5667 (η)
652 5593 717 5647 ‘o
758 5587 937 5657 ἔδωκε,
987 5586 1129 5647 Cod.
1160 5586 1229 5642 A.

2269 5586 2383 5659 (73)
2424 5588 2747 5657 Γενομένους,
2776 5580 2926 5639 Cod.
2962 5582 3019 5636 Β.
3056 5581 3187 5641 Mox
3217 5587 3346 5657 πρὸς
3375 5585 3546 5652 αὐτόν,
3568 5586 3628 5640 Α.
