3904 6210
1081 277 1446 339 COMMENT.
1489 273 1561 338 IN
1600 281 2028 340 MATTHEUM.
2067 314 2135 324 -—
2165 282 2319 340 CAP.
2363 283 2566 340 XXVI.

3379 286 3485 347 694

130 405 427 475 γενομένους
474 402 554 456 ἣτ’
607 402 760 457 αὐτὸν
814 404 1077 480 ἀρχιερεῖς
1127 411 1217 458 καὶ
1262 411 1590 480 στρατηγοὺς
1626 414 1718 461 τοῦ

1895 407 2141 482 lipsum,
2158 408 2522 482 principibus
2537 407 2920 466 sacerdotum
2937 423 3009 467 ac
3030 409 3486 481 magistratibus

129 493 257 565 ἱεροῦ
306 497 399 544 καὶ
442 491 843 567 πρεσϐυτέρους.
887 494 1040 556 Εἰκὸς
1086 490 1147 548 δε
1189 499 1278 547 καὶ
1323 499 1452 568 πρὸς
1503 499 1718 559 τούτους

127 582 405 640 κάκείνους.
447 586 687 634 Φαίνεται
741 579 817 652 δε,
872 583 951 635 ὃτι
1005 584 1032 635 6
1105 586 1196 655 μεν
1257 581 1484 655 Ἰούδας,
1549 584 1717 637 λαϐὼν

128 674 211 727 τὴν
255 676 499 745 σπεῖραν,
553 674 644 723 καὶ
686 670 744 723 ix
798 679 898 723 τῶν
949 669 1234 745 ἀρχιερέων
1282 678 1372 726 καὶ
1419 679 1716 748 Φαρισαίων

129 759 399 833 ὑπηρέτας,
441 767 688 833 προῆγεν
729 761 931 812 εἵποντο
981 757 1039 813 δὲ
1089 765 1180 813 καί
1226 781 1354 823 τινες
1395 771 1494 814 τῶν
1523 761 1716 836 ἀρχιε-

127 853 240 920 ρέων
295 853 388 901 καί
447 856 755 922 στρατηγῶν
818 855 909 901 τοῦ
963 851 1100 922 ἱεροῦ
1168 855 1259 903 καὶ
1331 851 1713 926 πρεσϐυτέρων,

129 936 208 998 οὓς
245 943 339 988 νῦν
391 937 419 988 6
463 936 582 1008 (74)
639 943 848 999 Λουκᾶς
905 933 1186 996 έδηλωσεν·
1234 938 1344 1012 ἃμα
1405 943 1496 1013 μεν
1549 959 1717 1014 παρα-

132 1026 363 1096 θήγοντες
412 1029 533 1086 τοὺς
585 1024 1020 1099 ἀπεσταλμένους,
1073 1027 1185 1099 ἅμα
1233 1025 1291 1082 δε
1328 1034 1417 1080 καὶ
1473 1031 1716 1102 θεωροῦν-

131 1133 221 1179 τις,
299 1115 380 1166 ἶνα
465 1119 540 1187 μὴ
613 1111 1048 1189 δωροδοκηθῶσι.
1108 1122 1438 1193 Στρατηγούς
1495 1116 1554 1172 δὲ
1623 1126 1714 1172 τοῦ

134 1204 265 1275 ἱεροῦ
338 1202 472 1274 λέγει
562 1203 685 1266 τούς
745 1204 1107 1277 φυλάσσοντας
1187 1207 1314 1260 αὐτὸ
1387 1210 1518 1280 μετὰ
1597 1209 1711 1280 (75)

135 1299 226 1344 τῶν
279 1301 622 1366 στρατιωτῶν,
681 1294 755 1355 οἷς
809 1298 900 1348 καὶ
957 1293 1194 1369 ἀνωτέρω
1280 1295 1621 1355 συνελὸωησεν
1686 1297 1712 1348 ό

129 1376 347 1441 Ἰούδας,

188 1475 352 1522 Τοῦτο
401 1465 460 1522 δε
507 1500 576 1510 -
631 1479 928 1544 προφητῶν.
982 1474 1146 1528 Τοῦτο
1193 1468 1254 1526 δε
1299 1472 1433 1540 ὅλον,
1477 1470 1708 1545 δηλαδὴ,

125 1560 176 1610 τὸ
226 1558 450 1618 θελῆσαι
516 1563 915 1631 κατασχεθῆναί
987 1579 1070 1633 με,
1136 1563 1364 1633 γέγονεν,
1432 1563 1514 1614 ἳνα
1577 1563 1713 1624 τέλος

1828 497 2032 568 templi
2058 502 2112 554 et
2140 497 2468 554 senioribus
2494 498 2565 555 ⁷⁸.
2595 496 2914 554 Verisimile
2946 501 3033 554 est
3059 503 3283 569 autem,
3312 504 3369 558 et
3388 499 3484 557 his

1825 590 1882 642 et
1904 586 2020 642 illis
2051 602 2180 642 eum
2207 587 2443 643 dixisse.
2475 590 2739 659 Apparet
2775 602 2918 660 ergo
2947 588 3108 659 quod
3139 589 3322 646 Judas
3351 589 3485 663 qui-

1825 675 1964 731 dem
1991 681 2226 746 sumpta
2247 676 2508 740 cohorte,
2532 681 2588 731 et
2612 691 2648 730 a
2667 676 3052 747 pontiﬁcibus
3085 683 3142 732 et
3166 677 3479 735 Pharisais

1827 764 2132 833 ministris,
2160 765 2523 835 pracesseril
2553 781 2566 830 ;
2593 765 2776 820 secuti
2803 773 2939 820 sunt
2963 771 3159 821 autem
3183 781 3321 822 eum
3343 767 3474 839 qui-

1825 851 1968 909 dam
1985 851 2162 908 etiam
2177 852 2402 907 summi
2415 851 2754 907 sacerdotes
2773 867 2844 907 ac
2867 853 3244 922 magistratus
3267 855 3474 927 templi

1823 946 1882 996 et
1927 942 2210 1004 seniores,
2256 955 2409 1012 quos
2449 955 2606 995 nunc
2636 942 2821 995 Lucas
2861 940 3256 1014 signiﬁcavit;
3291 942 3473 1000 simul

1823 1029 2063 1102 quidem
2094 1033 2157 1084 ut
2195 1045 2302 1086 eos
2344 1028 2447 1100 qui
2491 1026 2662 1082 missi
2708 1033 2875 1083 erant
2917 1029 3248 1095 incitarent,
3293 1031 3472 1086 simul

1823 1119 2004 1174 etiam
2030 1133 2104 1173 ne
2130 1104 2481 1172 muneribus
2501 1114 2890 1171 allicerentur.
2923 1117 3296 1188 Magistratus
3331 1133 3472 1175 vero

1823 1206 2026 1279 templi
2053 1205 2193 1261 dicit
2211 1221 2332 1270 eos,
2361 1205 2465 1276 qui
2490 1204 2637 1260 illud
2659 1220 2793 1260 cum
2829 1203 3110 1260 militibus
3132 1206 3474 1274 servabant,

1822 1313 1962 1353 cum
1999 1295 2218 1368 quibus
2247 1295 2427 1351 etiam
2475 1294 2749 1366 superius
2812 1294 3041 1351 locutus
3081 1310 3217 1352 esse
3261 1296 3479 1354 dicitur

1819 1386 2022 1442 Judas.

1891 1473 2051 1529 Vers.
2085 1473 2173 1528 56.
2196 1473 2531 1528 Hocautem
2561 1472 3089 1542 —prophetarum.
3124 1473 3245 1528 Hoc
3260 1475 3476 1543 totum,

1823 1568 1965 1634 puta
1991 1561 2154 1634 quod
2203 1576 2297 1616 me
2339 1560 2629 1616 voluerim
2679 1559 3066 1631 apprehendi,
3118 1561 3338 1617 factum
3389 1565 3478 1617 est

123 1645 345 1700 λάϐωσιν
393 1649 449 1700 αἱ
507 1653 710 1721 Γραφαὶ
770 1657 871 1701 τῶν
933 1658 1232 1725 προφητῶν,
1283 1651 1406 1704 ὅσαι
1457 1655 1574 1725 περὶ
1621 1659 1712 1704 τοῦ

1905 1650 2333 1723 complerentur
2353 1665 2424 1705 ac
2447 1650 2865 1720 perficerentur
2892 1650 3203 1721 Scriptura
3227 1650 3477 1722 prophe-

125 1737 340 1790 θανάτου
369 1756 473 1810 μου
504 1732 541 1790 δ
544 1735 944 1810 ιαλαμϐάνουσι.

183 1830 314 1879 Τότε
377 1857 449 1867 -
503 1828 716 1898 ἔφυγον.
779 1825 1138 1892 Ἀκούσαντες,
1199 1829 1279 1881 ὅτι
1350 1827 1474 1880 έκὼν
1530 1827 1710 1880 έαυτόν

120 1911 389 1986 παρέδωκε
417 1917 557 1968 κατὰ
580 1917 676 1976 τὰς
723 1917 949 1990 Γραφὰς,
988 1921 1079 1968 καὶ
1126 1912 1342 1982 ἰδόντες,
1391 1917 1471 1970 ὅτι
1500 1917 1594 1970 ούκ
1635 1919 1710 1970 ἔτι

121 1999 473 2075 διαφεύξεται,
521 2003 697 2056 λοιπὸν
736 2007 941 2076 ἔφυγον,
989 2008 1124 2058 κατά
1167 2008 1260 2064 τὴν
1309 2002 1514 2076 ἀψευδῆ
1547 2005 1709 2081 πρόρ-

118 2092 265 2164 ῥησιν
316 2091 501 2159 αὐτοῦ,
545 2094 755 2166 Μάρκος
797 2089 857 2146 δε
895 2094 1212 2166 προσέθηκεν
1258 2095 1340 2146 ὅτι
1377 2099 1466 2147 καὶ
1513 2091 1584 2157 εἷς
1628 2114 1711 2157 τις

119 2185 377 2242 νεανίσκος
450 2179 801 2239 ἠκολούθησεν
871 2182 1032 2252 αὐτῷ,
1113 2181 1538 2255 περιϐεϐλημένος
1596 2202 1709 2236 σιν-

119 2265 240 2322 δόνα
279 2269 366 2322 έπὶ
411 2277 633 2341 γυμνοῦ.
685 2275 786 2324 Καὶ
831 2277 1114 2343 κρατοῦσιν
1147 2271 1302 2324 αὐτόν
1332 2274 1381 2324 οί
1417 2277 1700 2324 νεανίσκοι·

120 2360 144 2409 6
195 2355 256 2412 δε
315 2358 612 2411 καταλιπὼν
675 2363 770 2418 τὴν
828 2355 1062 2430 σινδόνα,
1129 2364 1327 2433 γυμνός
1380 2364 1561 2433 ἔφαγεν
1620 2362 1706 2414 ἀπ’

121 2447 302 2500 αὐτῶν.
353 2450 500 2508 Τινες
544 2451 635 2518 μεν
687 2455 776 2500 οῦν
823 2467 979 2520 φασιν
1025 2447 1128 2501 ἀπὸ
1177 2457 1270 2510 τῆς
1315 2450 1484 2511 οἰκίας
1513 2448 1708 2512 έκείνης

119 2533 240 2588 εἶναι
286 2539 376 2588 τὸν
425 2540 712 2602 νεανίσκον,
758 2535 807 2588 έν
863 2537 890 2609 ᾖ
939 2539 997 2590 τὸ
1043 2539 1238 2610 πάσχα
1283 2541 1465 2611 ἔφαγεν
1513 2540 1539 2591 6
1579 2547 1708 2613 Χρι-

121 2630 249 2686 στός·
336 2625 500 2698 ἕτεροι
573 2621 635 2679 δὲ
713 2624 954 2696 λέγουσιν
1016 2627 1146 2680 εἶναι
1219 2635 1400 2680 τοῦτον
1467 2627 1708 2682 Ἰάκωϐον

118 2718 196 2766 τὸν
243 2711 468 2787 ἀδελφόν
530 2721 623 2768 τοῦ
697 2719 914 2789 Κυρίου,
975 2717 1030 2778 ὃς
1089 2721 1176 2769 καὶ
1233 2717 1355 2790 παρ’
1418 2717 1540 2775 ὅλην
1613 2721 1708 2775 τὴν

120 2801 298 2855 ἑαυτοῦ
390 2803 532 2864 ζωὴν
612 2801 684 2856 ἐνὶ
757 2802 1070 2878 περιϐολαίῳ
1165 2803 1440 2877 έκέχρητο.
1536 2812 1709 2878 Περιε-

118 2888 328 2949 ϐίϐλητο
372 2888 436 2945 δε
487 2895 583 2950 τὴν
641 2887 860 2945 σινδόνα
913 2890 997 2946 έπὶ
1047 2902 1268 2966 γυμνοῦ,
1317 2902 1409 2948 τοῦ
1467 2900 1710 2968 σώματος

119 2974 352 3036 δηλονότι

1743 1721 1791 1788 Β
1822 1721 2053 1805 tarum,
2077 1743 2372 1811 quotquot
2417 1742 2658 1794 narrant
2694 1737 2769 1793 de
2800 1742 2989 1794 morte
3019 1753 3162 1793 mea.

1893 1831 2050 1884 Vers.
2078 1830 2163 1884 56.
2199 1828 2361 1883 Tunc
2391 1858 2457 1868 —
2480 1827 2792 1897 fugerunt.
2835 1826 3054 1882 Audito
3083 1827 3246 1898 quod
3274 1826 3474 1883 volun-

1819 1916 1964 1973 tarie
2012 1917 2277 1988 seipsum
2320 1915 2577 1971 traderet
2619 1914 2955 1971 secundum
3001 1916 3355 1986 Scripturas,
3413 1920 3471 1972 et

1819 2006 1947 2061 viso
1973 2005 2137 2077 quod
2167 2005 2446 2075 deinceps
2473 2003 2736 2059 futurum
2766 2018 2887 2058 non
2913 2010 3043 2060 erat
3073 2008 3135 2059 ut
3163 2003 3464 2073 effugeret,

1818 2099 1960 2150 tunc
1990 2093 2265 2164 fugerunt
2287 2094 2461 2166 juxta
2501 2091 2814 2148 infallibile
2866 2091 3058 2164 ipsius
3097 2091 3462 2148 vaticinium.

1819 2184 2039 2238 Marcus
2069 2197 2208 2236 vero
2237 2180 2482 2250 addidit,
2522 2180 2688 2252 quod
2719 2195 2874 2235 unus
2903 2179 3208 2252 quispiam
3239 2180 3465 2236 adoles-

1817 2271 2092 2328 centulus
2113 2271 2472 2342 sequebatur
2495 2269 2664 2324 illum
2699 2271 3181 2326 circumamictus
3214 2267 3468 2326 sindone

1817 2376 1996 2433 super
2019 2359 2270 2424 nudum,
2303 2364 2360 2414 et
2383 2358 2841 2430 apprehendunt
2860 2373 2996 2412 eum
3019 2357 3468 2416 adolescentuli.

1819 2454 1890 2505 At
1917 2448 2014 2504 ille
2029 2448 2228 2504 relicta
2253 2447 2501 2504 sindone
2527 2447 2727 2502 nudus
2748 2445 2988 2516 fugitab
3009 2449 3095 2502 eis
3115 2448 3184 2501 ⁷⁷.
3211 2447 3467 2512 Quidam

1815 2538 2016 2610 itaque
2041 2537 2209 2594 aiunt
2236 2552 2273 2593 a
2296 2536 2480 2592 domo
2500 2535 2603 2591 illa
2627 2534 2808 2590 fuisse
2833 2534 3366 2604 adolescentulum,
3406 2536 3469 2592 in

1815 2643 1938 2696 qua
1981 2626 2248 2682 Christus
2303 2626 2530 2698 pascha
2577 2623 3059 2680 manducaverat.
3113 2622 3218 2679 Alii
3267 2628 3468 2680 autem

1813 2715 1975 2772 hunc
2017 2715 2203 2771 fuisse
2233 2713 2440 2770 dicunt
2467 2713 2764 2770 Jacobum
2803 2711 3043 2768 fratrem
3075 2711 3330 2776 Domini,
3363 2712 3466 2784 qui

1815 2805 1991 2861 etiam
2022 2808 2146 2860 tota
2175 2803 2293 2860 vita
2321 2818 2427 2858 sua
2454 2804 2629 2858 unica
2657 2805 2820 2857 veste
2847 2800 3139 2856 utebatur.
3176 2799 3467 2855 Circums-

1818 2893 2030 2949 mictus
2055 2897 2250 2948 autem
2278 2896 2403 2948 erat
2422 2889 2674 2946 sindone
2705 2903 2887 2962 super
2911 2889 3168 2957 nudum,
3194 2887 3466 2945 videlicet

1815 2996 2058 3047 corpus.

185 3071 249 3122 Οἱ
289 3066 350 3122 δέ
370 3099 441 3110 -
469 3069 838 3142 συνήχθησαν.
871 3071 949 3123 Τὰ
975 3070 1130 3142 ὅμοια
1158 3074 1247 3124 καὶ
1275 3072 1488 3147 Μάρκος
1515 3071 1708 3147 ἔγραψε

1895 3073 2046 3126 Vers.
2069 3071 2154 3125 57.
2179 3069 2256 3124 At
2279 3068 2375 3124 illi
2392 3097 2461 3110 —-
2490 3067 2832 3137 congregati
2858 3070 3051 3122 erant.
3075 3064 3302 3122 Similia
3316 3079 3465 3137 quo-

119 3162 202 3210 καὶ
263 3164 493 3219 Λουκᾶςο
549 3159 576 3210 ὁ
623 3155 671 3212 δ’
705 3157 943 3221 Ἰωάννης
983 3157 1298 3233 πλατύτερον
1349 3165 1439 3213 καὶ
1502 3160 1706 3235 ἀκριϐές

122 3263 289 3313 στερον
341 3250 409 3299 τὰ
455 3246 681 3300 ίντε-ἳθεν
722 3249 956 3319 γράφων,
998 3249 1085 3301 οἷα
1127 3252 1304 3320 παρὼν
1342 3249 1539 3315 αὐτοῖς,
1572 3251 1706 3303 οὕτω

121 3342 286 3404 φησίν·
337 3334 400 3389 Ἠ
438 3331 530 3388 οὖν
565 3343 754 3411 σπεῖρα
781 3341 870 3388 καὶ
908 3337 934 3388 ό
970 3335 1262 3410 χιλίαρχος
1302 3344 1390 3390 καὶ
1431 3340 1479 3391 οἱ
1517 3339 1707 3411 ύπηρέ·

120 3433 297 3476 ταιτῶν
348 3420 626 3478 Ἰουδαίων
684 3423 958 3478 συνέλαϐον
1003 3430 1089 3478 τὸν
1157 3425 1379 3492 Ἰησοῦν,
1432 3433 1522 3480 καὶ
1584 3424 1705 3485 ἔδη-

122 3529 210 3563 σαν
260 3512 438 3579 αὐτόν,
483 3517 574 3565 καὶ
629 3511 901 3586 ἀπήγαγον
948 3514 1105 3568 αὐτὸν
1150 3518 1279 3588 πρὸς
1336 3514 1522 3568 Ἀνναν
1567 3524 1704 3590 πρῶ-

119 3617 221 3652 τον⁶
297 3609 360 3672 ῆν
426 3604 529 3674 γὰρ
598 3604 838 3677 πενθερὸς
905 3611 998 3655 τοῦ
1070 3605 1296 3676 Καϊάφαν
1375 3606 1426 3665 ὃς
1481 3606 1542 3678 ἦν
1616 3603 1704 3679 ἀρ·

118 3695 317 3761 χιερεύς
391 3697 483 3743 τοῦ
561 3688 798 3743 ἐνιαυτοῦ
873 3689 1091 3749 έκείνου.
1176 3689 1307 3746 Εἶτα
1361 3697 1492 3746 κατὰ
1551 3697 1704 3768 μέρος

122 3774 431 3848 ἀπαγγείλας
515 3781 584 3831 τὰ
637 3777 684 3830 έν
739 3786 812 3848 τῷ
878 3779 1002 3851 οἴκῳ
1057 3787 1150 3832 τοῦ
1222 3780 1381 3836 Ἀννα
1435 3786 1700 3856 γενόμενα,

119 3864 240 3936 άπερ
291 3871 339 3919 οἱ
392 3868 507 3939 (76)
547 3865 691 3919 ἄλλοι
737 3864 1074 3942 παρέδραμον
1123 3868 1510 3942 εύαγγελισταὶ,
1563 3871 1706 3934 me;

119 3951 264 4023 λέγει’
319 3952 640 4009 Ἀπέστειλεν
691 3955 846 4008 αὑτὸν
904 3956 932 4008 ὁ
989 3956 1174 4020 Ἀννας
1236 3955 1511 4031 δεδεμένον
1574 3963 1702 4034 πρὸς

127 4045 348 4114 Καίάφαν
366 4047 454 4096 τόν
483 4042 754 4118 ἀρχιερέα.

191 4129 245 4183 Ὀ
290 4127 347 4184 δε
392 4136 583 4206 Πέτρος
634 4163 704 4175 -
742 4131 1047 4209 ἀρχιερέως.
1090 4134 1533 4208 ’Υποστρέψαντες
1587 4137 1699 4209 (77)

125 4218 271 4282 εύθύς
323 4221 471 4283 αὐτὸς
523 4227 615 4275 καί
660 4223 685 4274 6
746 4223 982 4285 Ἰωάννης
1034 4224 1480 4298 παρηκολούθουν.
1529 4225 1586 4278 Ὀ
1653 4223 1701 4278 δ’

122 4306 347 4372 Ἰωάννης
405 4318 755 4384 συνεχωρεῖτο
807 4316 897 4364 καὶ
959 4311 1289 4381 πλησιάζειν,
1335 4310 1420 4366 οἶα
1475 4318 1700 4385 γνωστὸς

1814 3173 1932 3232 que
1958 3159 2318 3230 scripserunt
2346 3160 2570 3213 Marcus
2602 3157 2646 3191 ⁷⁷
2681 3161 2739 3211 et
2769 3158 2952 3211 Lucas
2977 3156 3027 3191 ⁷⁸
3062 3172 3075 3211 :
3110 3159 3170 3210 at
3205 3157 3465 3210 Joannes

1811 3248 1987 3304 latius
2022 3263 2093 3304 ac
2122 3246 2460 3316 diligentius
2501 3244 2760 3300 scribens
2793 3259 2863 3300 ea
2902 3259 3039 3315 qua
3079 3243 3158 3299 ab
3187 3243 3303 3299 hoc
3332 3243 3466 3299 loco

1815 3341 2167 3408 sequuntur,
2223 3339 2427 3406 utpote
2467 3333 2571 3406 qui
2629 3332 2808 3388 rebus
2849 3331 2961 3386 illis
3009 3331 3219 3395 adfuit,
3273 3331 3459 3387 dicit:

1814 3425 2034 3484 Cohors
2046 3426 2236 3495 igitur
2247 3430 2300 3479 et
2316 3422 2586 3478 tribunus
2600 3437 2672 3477 ac
2691 3419 2950 3476 ministri
2959 3419 3304 3476 Judaorum
3317 3435 3466 3475 com-

1809 3514 2242 3582 prehenderunt
2259 3512 2477 3576 Jesum,
2493 3517 2545 3567 et
2561 3511 2889 3582 ligaverunt
2901 3524 3054 3573 eum,
3076 3524 3143 3564 ac
3160 3509 3466 3566 duxerunt

1812 3619 1943 3670 eum
1970 3603 2052 3658 ad
2080 3603 2308 3658 Annam
2335 3601 2597 3670 primum
2627 3617 2640 3655 :
2671 3604 2798 3655 erat
2827 3599 2976 3654 enim
3005 3613 3167 3654 socer
3199 3597 3459 3667 Caipha,

1811 3695 1917 3766 qui
1933 3696 2064 3749 erat
2081 3691 2350 3763 pontifex
2374 3689 2517 3746 anni
2536 3689 2704 3744 illius
2729 3688 2798 3740 ⁷ο.
2827 3686 3048 3742 Deinde
3075 3685 3175 3741 ubi
3205 3686 3464 3758 particu-

1811 3781 2010 3839 lariter
2024 3778 2284 3836 recitavit
2302 3794 2438 3851 qua
2461 3778 2519 3832 in
2541 3777 2724 3832 domo
2748 3775 2934 3831 Anna
2961 3775 3120 3831 facta
3141 3780 3298 3842 sunt,
3327 3791 3461 3848 quae

1811 3871 1907 3927 alii
1948 3867 2452 3942 pratermiserunt
2497 3864 2894 3934 evangelista,
2952 3863 3197 3919 tandem
3254 3863 3395 3919 dicit
3444 3882 3456 3922 :

1809 3961 1889 4016 Et
1921 3959 2078 4014 misit
2107 3972 2238 4014 eum
2286 3955 2496 4012 Annus
2528 3953 2770 4025 ligatum
2809 3953 2900 4010 'ad
2948 3951 3238 4022 Caipham
3263 3951 3464 4022 ponti-

1835 4049 1982 4104 icem
2013 4049 2081 4100 ⁸ο.

1849 4049 1860 4060 ⁸
2013 4049 2062 4082 eo

1809 4049 2172 4191 [16531358.
2210 4132 2418 4188 Petrus
2448 4135 2644 4186 autem
2666 4161 2732 4170 —
2757 4129 3043 4199 principis
3068 4129 3457 4186 sacerdotum.

1809 4223 2044 4281 Reversi
2101 4221 2320 4285 statim,
2378 4220 2506 4291 ipse
2549 4223 2606 4274 et
2679 4220 2938 4273 Joannes
2990 4217 3394 4288 sequebantur
3443 4233 3456 4272 :

1807 4315 2064 4369 Joannes
2093 4323 2231 4364 vero
2262 4307 2589 4378 permissus
2618 4319 2862 4378 quoque
2899 4309 2984 4360 est
3018 4305 3462 4376 appropinqua-

125 4396 198 4465 τῷ
225 4396 468 4472 ἀρχιερεῖ,
516 4402 686 4461 καθὼς
709 4399 863 4462 αὐτὸς
909 4402 1125 4476 ἱστορεῖ.
1171 4399 1306 4455 Ἀλλ’
1339 4404 1387 4454 οἱ
1433 4406 1523 4468 μὲν
1569 4411 1699 4476 τρεῖς

1926 4403 2123 4472 utpote
2148 4403 2328 4452 notus
2355 4393 2643 4467 pontiﬁci,
2673 4395 2827 4447 sicut
2854 4391 2985 4463 ipse
3008 4392 3205 4446 scribit
3233 4392 3301 4444 ει.
3335 4391 3461 4447 Ca-

126 4482 476 4555 εύαγγελισταὶ
525 4495 619 4541 τοῦ
675 4492 871 4561 Πέτρου
923 4494 1076 4561 μόνον
1129 4493 1512 4561 μνημονεύουσι
1565 4511 1698 4564 συμ-

127 4578 292 4641 φώνως
352 4573 441 4628 διὰ
496 4581 552 4628 τό
605 4575 906 4648 ἀναγκαῖον,
952 4578 1035 4630 ἱνα
1094 4596 1148 4630 τε
1195 4575 1408 4641 δείξωσι
1450 4584 1542 4638 τὴν
1583 4586 1700 4654 περὶ

127 4668 221 4722 τῆς
269 4660 523 4734 ἀρνήσεως
577 4664 738 4718 αὐτοῦ
813 4665 1101 4739 πρόρῥησιν
1176 4674 1268 4718 τοῦ
1333 4674 1567 4741 Σωτῆρος
1630 4669 1700 4731 εἰς

130 4747 261 4812 τελος
313 4750 663 4821 ἐκϐεϐηκυῖαν,
707 4758 797 4806 καὶ
853 4755 934 4807 ἵνα
986 4750 1300 4820 διδάξωσιν,
1357 4757 1532 4808 ὁποῖόν
1589 4755 1702 4810 ἐστι

131 4843 277 4890 κακόν
326 4845 380 4893 τό
433 4841 634 4917 θαῤῥεῖν
695 4841 770 4915 ἔφ’
823 4841 987 4913 ἐαυτῷ
1039 4862 1175 4910 τινα,
1229 4849 1318 4896 καὶ
1365 4849 1436 4916 μὴ
1496 4844 1579 4897 ἐπὶ
1630 4855 1701 4917 τῷ

131 4931 263 4996 Θεῷ.
310 4928 365 4982 ’0
411 4927 462 4984 δ’
515 4931 755 4992 Ἰωάννης
792 4935 882 4983 καὶ
919 4930 1104 4984 ἑαυτοῦ
1152 4930 1523 5005 ἐμνημόνευσεν
1558 4932 1704 5006 ἀκρι-

1811 4490 1913 4546 teri
1942 4493 2144 4544 autem
2186 4491 2304 4541 tres
2333 4482 2719 4554 evangelista
2750 4479 3122 4536 concorditer
3152 4479 3305 4536 Petri
3335 4484 3461 4538 tan-

1810 4583 1930 4636 tum
1959 4575 2378 4638 meminerunt,
2410 4571 2756 4627 necessitate
2786 4568 2968 4634 ducti,
2997 4572 3059 4623 ut
3079 4569 3463 4625 ostenderent

1812 4665 2127 4725 Salvatoris
2177 4661 2520 4719 vaticinium
2565 4659 2639 4715 de
2674 4659 2826 4714 illius
2883 4658 3204 4728 negatione
3279 4657 3462 4714 fuisse

1809 4754 2170 4828 completum
2197 4769 2210 4805 :
2237 4757 2418 4824 utque
2436 4747 2814 4806 ostenderent
2835 4753 3125 4815 quantum
3147 4745 3220 4803 sit
3236 4747 3462 4804 malum

1810 4845 1870 4900 in
1889 4843 2082 4914 seipso
2095 4840 2466 4914 quempiam,
2492 4853 2610 4894 non
2631 4836 2692 4892 in
2712 4836 2832 4892 Deo
2852 4835 3172 4892 confidere.
3204 4836 3464 4894 Joannes

1811 4947 1952 4990 vero
1982 4931 2074 4986 sui
2103 4929 2292 5002 ipsius
2326 4929 2502 4984 etiam
2557 4925 2692 4982 fecit
2740 4924 3107 4982 mentionem
3145 4925 3464 4997 diligentia

202 5050 248 5085 ⁷⁸
265 5049 391 5109 an.
418 5069 548 5120 un,
566 5054 658 5110 52.
737 5055 785 5090 ⁷⁷
807 5056 1106 5126 Marcmv,
1133 5056 1220 5124 51,
1244 5060 1331 5113 52.
1407 5055 1620 5113 "Ibid.
1647 5047 1713 5114 53

1895 5057 2031 5112 Luc.
2056 5069 2196 5122 nu,
2222 5053 2312 5110 54.
2390 5053 2623 5109 “Joan.
2651 5065 2814 5124 xvm,
2851 5051 2934 5121 l2,
2964 5048 3054 5108 l3.
3138 5051 3187 5087 ⁸ο
3211 5021 3466 5110 1Βί(1.24.

129 5138 178 5173 ⁸¹
240 5137 370 5196 Ibid.
426 5148 506 5198 l5.

1519 5321 1744 5391 Varia
1774 5319 2127 5389 lectiones.

259 5586 308 5658 ξ)
327 5583 454 5658 Post
478 5589 609 5658 μετᾲ
637 5585 856 5658 Dimittit
877 5591 977 5636 τῶν
1007 5585 1142 5642 cod.
1171 5590 1236 5642 Α.

257 5512 304 5582 4)
330 5511 462 5569 Cod.
495 5518 539 5570 Α
568 5513 790 5570 omittit
816 5514 862 5567 6.

207 5509 304 5721 (2114)
330 5511 462 5569 Cod.
495 5518 539 5570 Α
568 5513 722 5570 omit

259 5586 308 5648 ὃ)
327 5583 454 5641 Post
478 5589 609 5658 μετὰ
637 5600 722 5641 on

227 5651 308 5723 ‘76)
337 5655 396 5706 Οἱ
421 5655 638 5714 omittit
663 5657 722 5710 Β.

1902 5515 2016 5586 (7'7)
2079 5515 2199 5586 Hoc
2266 5511 2514 5568 refertur
2565 5510 2643 5586 ad
2697 5508 2994 5586 superius,
3066 5507 3272 5582 ἀφέντες
3316 5507 3470 5560 αὐτὸν

1813 5579 2018 5661 εφυάονι
2055 5585 2206 5646 αύτός
2238 5589 2460 5650 autem,
2489 5584 2739 5640 refertur
2769 5579 2846 5637 ad
2888 5579 3138 5636 Petrum.
