3904 6210
430 211 533 271 695

1741 199 2093 261 EUTHYMII
2132 195 2469 258 ZIGABENI
3673 203 3757 264 696

426 353 612 396 causa
633 353 646 392 :
667 351 741 394 ne
766 339 968 394 tamen
989 331 1256 406 seipsum
1285 329 1536 389 laudare
1557 329 1844 398 videatur,
1873 333 2076 401 utpote

2203 323 2428 397 ἵολογίας
2487 324 2649 379 ἕνεκα·
2700 325 2834 384 πλὴν
2891 323 2972 377 ἵνα
3023 329 3094 399 μὴ
3147 321 3272 400 δόξῃ
3327 333 3547 380 επαινεῑν
3583 328 3756 393 ἑαυτὸν,

425 427 590 500 quod
621 426 680 482 in
729 422 1078 497 hujusmodi
1131 420 1397 493 periculis
1444 426 1683 476 secutus
1724 421 1818 482 sit,
1865 432 2076 473 nomen

424 514 736 588 proprium
789 511 1066 568 conticuit
1111 516 1167 564 et
1214 509 1356 564 dixit
1395 525 1407 563 :
1465 508 1828 579 Sequebatur
1879 511 2075 563 autem

425 605 622 660 Jesum
651 601 852 657 Simon
890 601 1098 656 Petrus
1140 604 1193 656 et
1219 598 1376 656 alius
1407 598 1736 668 discipulus
1759 599 1824 651 ³³.

497 782 663 835 Vers.
700 782 783 835 58.
837 780 915 834 Et
967 779 1257 848 ingressus
1315 808 1381 817 —
1409 778 1606 845 ﬁnem.
1639 779 1777 832 Tres
1829 775 2076 848 quidem

427 868 807 939 evangelistae
838 873 953 922 tres
980 867 1127 921 Petri
1161 866 1506 935 negationes
1536 866 1594 920 in
1624 865 1861 936 Caiphae
1893 865 2076 920 domo

430 957 617 1013 factas
647 973 777 1013 esse
809 957 1031 1020 dicunt,
1077 957 1329 1011 Joannes
1354 959 1555 1010 autem
1589 955 1647 1009 in
1680 955 1862 1010 domo
1893 959 2076 1009 Annae

432 1047 618 1100 soceri
650 1048 858 1116 ipsius,
888 1061 996 1099 nec
1033 1050 1231 1100 tamen
1261 1045 1341 1124 ob
1380 1044 1493 1099 hoc
1535 1043 1682 1098 inter
1713 1060 1813 1099 eos
1843 1050 1930 1099 est
1959 1045 2079 1099 dis-

433 1136 726 1190 sonantia.
784 1133 1087 1205 Siquidem
1144 1133 1462 1188 amborum
1518 1149 1638 1189 una
1675 1133 1891 1188 domus
1933 1141 2075 1197 erat,

433 1223 713 1294 idemque
744 1223 974 1286 atrium,
1006 1222 1230 1278 habens
1257 1222 1317 1277 in
1356 1239 1419 1278 se
1445 1223 1566 1278 duo
1594 1222 1986 1278 habitaculaa
2017 1239 2078 1277 se

431 1313 686 1367 invicem
727 1317 1014 1382 separata.

507 1402 662 1456 Scire
675 1404 871 1455 autem
886 1403 1134 1470 oportet,
1149 1400 1312 1470 quod
1328 1398 1628 1455 Matthaaus
1642 1399 1784 1455 dicit
1799 1399 2078 1455 ancillam

429 1488 690 1560 primum
711 1489 982 1544 terruisse
1002 1489 1229 1543 Petrum
1253 1488 1496 1556 ;exinde
1515 1488 1763 1544 alteram
1787 1508 1800 1555 ;
1821 1493 2081 1560 postmo-

429 1579 566 1634 dum
583 1593 721 1634 vero
739 1580 1249 1634 astantes.Marcus
1263 1593 1400 1633 vero
1415 1577 1665 1649 primum
1679 1578 2080 1644 ancillam,ex—

2185 416 2254 475 ὡς
2330 413 2377 466 ἐν
2453 417 2710 474 τοιούτοις
2789 411 2977 476 δεινοῖς
3043 414 3423 468 ἀκολουθοῦντα
3479 426 3552 487 τῷ
3634 415 3760 472 διδα-

2188 503 2382 574 σκάλῳ,
2442 510 2816 573 παρεσιώπησε
2877 508 2932 557 τὸ
3007 501 3144 558 ἴδιον
3213 509 3389 577 ὄνομα,

2186 591 2484 644 Ἠκολούθει
2553 590 2612 646 δὲ
2686 602 2758 664 τῷ

3467 511 3560 558 καὶ
3629 505 3758 574 εἶπεν,

2840 594 3017 650 Ἰησού
3086 599 3252 667 Σίμων
3324 598 3514 669 Πέτρος
3594 602 3682 649 καὶ
3739 600 3756 650 ὁ

2185 681 2329 741 ἄλλος
2354 683 2563 752 μαθητή
2576 701 2618 742 ς.

2258 775 2358 822 Καὶ
2415 770 2652 822 εἰσελθὼν
2708 801 2776 810 -
2825 771 2985 833 τέλος.
3046 773 3111 823 Οἱ
3164 774 3253 842 μὲν
3307 778 3443 845 τρεῖς
3509 772 3757 844 (tier/7:1:-

2189 863 2310 910 σταὶ
2340 861 2426 918 τὰς
2453 867 2590 932 τρεῖς
2611 857 2847 932 ἀρνήσεις
2883 867 2974 912 τοῦ
3012 865 3207 934 Πέτρου
3247 868 3308 931 τῇ
3349 860 3395 911 ἐν
3434 868 3529 912 τοῦ
3569 866 3758 934 liniue:

2187 947 2313 1018 αὐλῇ
2371 950 2610 1017 ’γενέσθαι
2673 947 2930 1020 λέγουσιν,
2986 950 3011 999 ὁ
3067 945 3114 1000 δ’
3169 948 3400 1009 Ἰωάννης
3467 949 3516 1001 ἐν
3573 959 3636 1023 τῇ
3686 961 3757 1003 τοῦ

2185 1034 2366 1102 Ἀννα,
2431 1043 2522 1087 τοῦ
2579 1039 2823 1106 πενθεροῦ
2879 1037 3064 1093 αὐτοῦ.
3143 1042 3242 1090 Καὶ
3299 1037 3392 1089 οὐκ
3444 1041 3564 1090 ἔστι
3630 1048 3757 1092 τοῦτο

2190 1120 2463 1195 διαφωνία.
2528 1131 2628 1176 Καὶ
2687 1128 2787 1198 γὰρ
2843 1127 2953 1196 (78)
3011 1125 3306 1198 ἀμφοτέρων
3366 1128 3436 1186 εἷς
3497 1125 3639 1186 οἶκος
3689 1135 3758 1178 καὶ

2189 1217 2285 1283 μία
2331 1212 2484 1279 αὐλὴ,
2521 1215 2726 1284 ἔχουσα
2768 1213 2816 1264 ἐν
2861 1213 3014 1286 ἑαυτῇ
3061 1211 3157 1267 δύο
3198 1211 3407 1276 διαίτας
3462 1215 3580 1286 (79)
3627 1213 3761 1266 Edm-

2188 1320 2362 1360 τατας.

2263 1394 2374 1462 Χρὴ
2434 1387 2491 1444 δὲ
2529 1396 2800 1461 γινώσκειν
2844 1393 2923 1444 ὅτι
2955 1390 3068 1462 (80)
3098 1393 3122 1443 ὁ
3153 1395 3418 1455 Μηθαίος
3447 1395 3542 1465 μὲν
3586 1403 3759 1467 πρῶτον

2191 1475 2480 1536 παιδίσκην
2543 1479 2677 1550 λέγει
2741 1487 2972 1539 πτοῆσαι
3027 1484 3113 1532 τὸν
3176 1486 3382 1554 Πέτρον·
3439 1480 3552 1534 εἶτα
3607 1483 3760 1540 ἄλλην*

2190 1569 2366 1619 ἔπειτα
2422 1572 2542 1629 τοὺς
2591 1568 2834 1629 ἑστῶτας·
2891 1571 3119 1643 [Μάρκος
3165 1571 3275 1642 (81)
3309 1568 3368 1623 δὲ
3406 1580 3614 1644 πρῶτον
3659 1593 3761 1623 παι-

428 1667 568 1722 inde
585 1683 790 1722 rursus
811 1666 1082 1722 eamdem
1104 1666 1709 1738 ipsam,postmodum
1728 1671 1990 1723 astantes
2009 1671 2076 1722 δ’.

2203 1652 2405 1723 ἳίσκην,
2462 1654 2572 1708 εἶτα
2639 1662 2731 1716 τὴν
2783 1658 2944 1716 αὐτὴν
2999 1659 3173 1723 πάλιν,
3227 1662 3404 1711 ἔπειτα
3458 1664 3582 1721 τοὺς
3633 1680 3762 1733 παρι-

429 1759 501 1810 Αι
517 1756 702 1811 Lucas
719 1755 979 1826 primum
1004 1754 1304 1819 ancillam,
1320 1755 1534 1809 deinde
1555 1754 1827 1821 alterum,
1843 1761 1900 1811 et
1923 1763 2080 1826 post-

433 1844 683 1899 modum
700 1844 883 1899 alium
897 1844 1222 1915 quemdam
1237 1845 1283 1878 ⁸³
1297 1889 1310 1901 .
1323 1845 1583 1900 Joannes
1606 1848 1803 1900 autem
1820 1845 2080 1915 primum

435 1932 713 1989 ancillam
728 1932 1038 1987 ostiariam
1051 1933 1095 1968 ⁸⁸
1117 1949 1128 1986 :
1145 1932 1353 1988 exinde
1366 1933 1664 2004 quosdam
1683 1949 1694 1986 :
1715 1933 1879 1988 tertio
1897 1949 2083 1990 unum

438 2036 509 2077 ex
533 2021 720 2076 servis
740 2020 1056 2092 pontiﬁcis,
1087 2021 1217 2092 ejus
1245 2028 1565 2092 cognatum
1593 2023 1686 2078 cui
1709 2023 1911 2080 Petrus
1937 2025 2086 2080 auri-

439 2110 639 2166 culam
694 2109 1049 2166 absciderat.

513 2199 571 2255 Si
613 2203 816 2255 tamen
875 2198 1277 2267 advertamus,
1319 2215 1427 2254 nec
1459 2200 1545 2256 sic
1577 2200 1936 2258 dissonantia
1966 2202 2088 2259 ulla

437 2287 744 2357 reperitur.
777 2290 835 2340 In
863 2287 1056 2358 prima
1083 2285 1380 2355 siquidem
1406 2289 1721 2357 negatione
1744 2290 1953 2345 eadem
1987 2307 2090 2346 an-

436 2373 571 2431 cilla
600 2376 763 2446 apud
785 2379 1046 2446 quatuor
1065 2375 1457 2444 evangelistas
1483 2376 1660 2432 fuisse
1685 2383 2047 2435 memoratur
2071 2395 2084 2431 :

438 2462 499 2518 in
531 2463 796 2518 secunda
826 2479 962 2518 vero
991 2464 1288 2535 quosdam
1340 2465 1594 2520 ostendit
1628 2465 1889 2523 Joannes
1916 2469 2090 2523 inter-

443 2566 681 2620 rogasse
725 2551 958 2606 PelrUm
989 2567 1001 2606 :
1039 2556 1100 2607 at
1135 2551 1198 2607 bi
1236 2552 1500 2624 quidam,
1543 2559 1712 2608 erant
1764 2555 1981 2611 ancilla
2018 2555 2089 2610 de

436 2655 560 2710 qua
615 2639 761 2694 dixit
812 2640 1137 2705 Matthaaus,
1219 2645 1274 2696 et
1340 2641 1500 2711 prior
1570 2642 1783 2698 ancilla
1840 2644 1914 2699 de
1971 2659 2090 2715 qua

434 2728 515 2784 ait
545 2728 796 2794 Marcus,
823 2734 878 2784 et
903 2729 1049 2784 alter
1073 2729 1145 2784 de
1171 2744 1292 2801 quo
1323 2729 1562 2800 scripsit
1591 2730 1793 2786 Lucas.
1831 2733 1888 2786 In
1923 2734 2090 2789 tertia

436 2820 637 2873 autem
668 2818 984 2886 negatione
1011 2817 1222 2872 eodem
1247 2818 1426 2873 modo
1449 2821 1673 2874 Marcus
1701 2825 1756 2874 et
1787 2821 1970 2876 Lucas
2004 2822 2090 2876 di-

435 2910 669 2969 xerunt,
703 2913 968 2962 astantes
1024 2905 1244 2961 scilicet
1281 2907 1681 2977 interrogasse
1742 2912 1993 2975 Petrum,
2030 2911 2088 2966 in

2191 1743 2440 1817 στῶτας.]
2490 1752 2692 1806 Λουκᾶς
2745 1743 2803 1799 δὲ
2847 1755 3046 1820 πρῶτον
3086 1744 3404 1816 παιδίσκην,
3445 1745 3563 1800 εἶτα
3596 1752 3758 1822 ἕτερον,

2189 1836 2364 1887 ἔπειτα
2413 1834 2560 1886 ἄλλον
2607 1837 2747 1888 τινά·
2817 1835 3051 1898 Ἰωάννης
3111 1832 3170 1888 δὲ
3211 1844 3412 1908 πρῶτον
3467 1835 3758 1900 παιδίσκην,

2189 1929 2282 1981 τὴν
2340 1926 2586 1998 θυρωρόν·
2648 1922 2758 1978 εἶτα
2813 1926 2970 1984 τινάς⁰
3035 1927 3211 1977 ἔπειτα
3273 1926 3360 1977 ἕνα
3416 1934 3520 1978 τῶν
3587 1924 3758 1979 δουλων

2191 2019 2280 2064 τοῦ
2351 2011 2651 2086 ἀρχιερέως,
2745 2021 2989 2083 συγγενῆ,
3055 2013 3114 2065 οὗ
3187 2011 3415 2084 ἀπέκοψε
3475 2019 3659 2089 Πέτρος
3712 2018 3758 2066 τὸ

2193 2120 2365 2156 ωτιον.

2267 2200 2405 2257 Πλὴν
2463 2198 2546 2251 ἐὰν
2603 2202 2964 2273 προσέχωμεν,
3017 2196 3128 2252 οὐδ’
3192 2200 3327 2252 οὕτω
3391 2197 3648 2273 διαφωνία
3702 2221 3762 2261 τις

2196 2289 2548 2359 εὑρεθήσεται,
2630 2289 2744 2340 Ἐπὶ
2808 2291 2896 2360 μὶν
2951 2291 3053 2362 γὰρ
3112 2296 3202 2348 τῆς
3258 2294 3471 2362 πρώτης
3537 2289 3763 2362 ἀρνήσεως

2196 2379 2226 2434 ἡ
2270 2376 2398 2434 αὐτὴ
2450 2373 2710 2434 παιδίσκη
2745 2376 2908 2441 ἐστὶν,
2943 2379 2972 2434 ἡ
3006 2379 3149 2450 παρὰ
3189 2385 3294 2438 τοῖς
3326 2382 3597 2452 τέσσαρσιν
3624 2380 3759 2449 εὐαγ-

2201 2465 2461 2536 γελισταῐς
2513 2469 2948 2537 μνημονευομένη·
3002 2464 3085 2517 ἐπὶ
3137 2462 3196 2518 δὲ
3259 2474 3350 2526 τῆς
3418 2463 3641 2540 δευτέρας
3693 2487 3760 2518 τι⁸

2195 2557 2286 2614 νὰς
2336 2556 2360 2605 ὁ
2411 2554 2646 2613 Ἰωάννης
2689 2553 2916 2626 ἐνέφηνεν
2967 2552 3227 2627 ἐρωτῆσαι
3274 2558 3361 2606 τὸν
3404 2560 3606 2628 Πέτρον,
3648 2559 3764 2607 οἰτι-

2195 2662 2274 2702 νες
2312 2639 2444 2700 ἦσαν
2475 2645 2502 2700 ἠ
2537 2639 2798 2699 παιδίσκη
2839 2662 2907 2709 τε,
2959 2648 3072 2716 περὶ
3120 2643 3180 2703 ἧς
3227 2650 3335 2695 εἰπε
3379 2647 3661 2710 Ματθαῶς,
3690 2651 3764 2695 καὶ

2196 2733 2226 2788 ἡ
2279 2735 2453 2804 πρώτη
2501 2731 2612 2800 (82)
2659 2727 2946 2794 παιδίσκη,
2985 2736 3101 2802 περὶ
3139 2732 3201 2792 ἧς
3251 2734 3343 2802 ἔφη
3378 2735 3607 2805 Μάρκος,
3641 2735 3763 2784 καὶὸ

2195 2820 2383 2894 ἕτερος,
2417 2825 2532 2893 περὶ
2572 2819 2631 2870 οὗ
2677 2822 2926 2890 ἱστόρησε
2975 2825 3199 2879 Λουκᾶςτ
3260 2819 3343 2872 ἐπὶ
3391 2818 3449 2872 δε
3479 2829 3565 2882 τῆς
3609 2827 3764 2895 τρίτης

2197 2907 2460 2980 ἀρνήσεως
2525 2909 2715 2980 ὁμοίως
2770 2909 2976 2981 Μάρκος
3045 2913 3133 2959 καὶ
3353 2911 3616 2971 Ματθαῖος
3658 2914 3763 2969 τοὺς

439 2994 660 3065 quibus
694 2997 820 3049 erat
841 2999 896 3050 et
916 2993 1065 3048 alius
1091 2995 1164 3048 de
1191 3010 1312 3065 quo
1343 2996 1504 3066 apud
1532 2996 1770 3062 Lucam,
1798 3004 1853 3054 et
1881 2999 1975 3054 hic
2002 3003 2082 3054 est

2203 3005 2532 3068 παρεστῶτας
2609 2994 2745 3049 εἷπον
2811 2995 3070 3070 ἐρωτῆσαι
3119 2996 3293 3060 αὐτὸν,
3355 2996 3402 3048 ἐν
3459 2999 3534 3059 οἷς
3587 2999 3762 3070 ἔμελλεν

439 3082 545 3154 qui
575 3097 612 3138 a
639 3083 868 3138 Joanne
901 3083 1114 3137 dicitur
1154 3099 1361 3139 servus
1410 3085 1726 3156 pontiﬁcis.
1762 3090 2087 3159 Postquam

439 3185 582 3239 ergo
604 3185 674 3226 ea
693 3185 828 3240 quas
853 3170 1184 3225 necessaria
1210 3176 1376 3228 erant
1393 3171 2086 3243 signiﬁcavimus,decla-

435 3258 631 3316 randa
660 3264 795 3313 sunt
819 3275 953 3330 quae
977 3259 1218 3316 ulterius
1258 3269 1605 3332 sequuntur.
1641 3265 1782 3328 Quen
1815 3264 1873 3319 in
1905 3265 2088 3321 domo

436 3347 675 3420 Caiphae
704 3346 859 3403 facta
889 3353 1042 3416 sunt,
1075 3364 1197 3404 non
1230 3355 1369 3404 sunt
1401 3352 1642 3407 recitata
1673 3367 1709 3408 a
1736 3351 1986 3420 Joanne,
2019 3369 2087 3409 eo

436 3437 602 3510 quod
632 3452 668 3493 a
692 3436 916 3492 caeteris
941 3436 1094 3493 dicta
1134 3443 1352 3495 essent.

509 3614 668 3669 Vers.
715 3619 799 3670 59.
836 3613 1131 3684 Principes
1164 3621 1350 3670 autem
1403 3616 1770 3672 sacerdotum
1825 3648 1891 3659 —
1922 3619 2084 3674 Vers.

437 3702 526 3758 60.
560 3703 949 3758 inveniebant.
987 3704 1053 3757 Ut
1097 3702 1214 3756 illis
1244 3703 1489 3773 quidem
1521 3704 1849 3771 videbatur,
1881 3722 2087 3763 verum

441 3791 843 3846 testimonium
879 3806 889 3845 :
918 3795 980 3845 ut
1009 3795 1209 3846 autem
1241 3791 1320 3845 rei
1340 3792 1554 3846 veritas
1585 3800 1726 3858 erat,
1762 3793 1985 3850 falsum
2013 3801 2090 3851 te-

442 3879 816 3935 stimonium.
853 3879 950 3935 Vel
979 3880 1158 3935 etiam
1189 3896 1326 3934 cum
1358 3880 1575 3935 scirent
1604 3882 1764 3954 quod
1797 3884 2089 3939 adversus

442 3967 818 4023 innocentem
845 3984 1050 4023 verum
1102 3969 1504 4024 testimonium
1561 3985 1681 4025 non
1735 3972 2088 4042 invenirent,

438 4057 565 4127 jam
588 4057 800 4113 falsum
819 4073 1049 4129 quoque
1068 4058 1456 4129 exquirebant
1483 4060 1908 4116 testimonium.
1929 4062 2092 4118 Vole-

441 4145 590 4204 bant
620 4162 763 4201 sane
795 4152 1082 4217 tanquam
1115 4163 1284 4202 reum
1310 4148 1712 4204 condemnare
1737 4150 1924 4216 illum,
1956 4151 2090 4209 ideo

441 4237 620 4293 etiam
640 4235 834 4292 forum
855 4235 1135 4306 judiciale
1167 4235 1472 4306 eﬂingunt,
1505 4253 1575 4292 ac
1594 4238 1804 4293 falsum
1828 4239 2089 4297 testimo-

2197 3087 2326 3137 εἶναι
2369 3089 2456 3136 καὶ
2494 3087 2518 3136 ὁ
2549 3084 2719 3150 οἴὶλος,
2757 3085 2782 3136 ὁ
2815 3088 2954 3158 παρὰ
2983 3093 3053 3154 τῷ
3096 3090 3299 3154 Λουκᾷ,
3353 3086 3518 3147 Οὗτος
3558 3084 3615 3139 δέ
3640 3087 3761 3139 ἐστιν

2198 3176 2223 3226 ὁ
2253 3176 2396 3248 ποιρά
2441 3182 2512 3243 τῷ
2548 3173 2750 3247 Ἰωάννῃ
2804 3170 2988 3235 δοῦλος
3024 3181 3116 3226 τοῦ
3161 3173 3463 3248 ἀρχιερέως,
3507 3175 3638 3229 Ἐπεὶ
3667 3173 3758 3245 οὖν,

2419 3260 2524 3316 ἔδει
2619 3265 3040 3334 σημειώσασθαι,
3134 3269 3590 3337 παρετηρήσαμεν,
3677 3265 3764 3314 λοι-

2197 3357 2290 3406 πὸν
2352 3352 2680 3426 ίρμηνευτέον
2747 3354 2813 3404 τὰ
2877 3351 3012 3418 ἑξῆς,
3075 3352 3202 3426 ἅπερ
3261 3355 3308 3404 ἓν
3377 3360 3449 3421 τῷ
3511 3357 3633 3423 οἰκῳ
3690 3356 3760 3424 μιν

2198 3264 2326 3337 άπερ
2419 3264 2524 3316 ἔδει
2619 3265 3040 3334 σημειώσασθαι,

2197 3449 2288 3493 τοῦ
2367 3443 2576 3512 Καίάφα
2654 3444 2950 3512 γεγόνασιν,
3029 3440 3121 3492 οὐκ
3193 3439 3643 3512 ἓμνημονεύθησαν
3712 3437 3763 3492 δὲ

2196 3533 2339 3602 παρά
2363 3536 2454 3581 τοῦ
2483 3529 2737 3598 Ἰωάννου,
2769 3526 2863 3580 διὰ
2890 3532 2948 3581 τὸ
2975 3529 3200 3603 ῥηθῆναι
3229 3532 3373 3601 παρὰ
3401 3538 3503 3582 τῶν
3533 3529 3702 3581 ἄλλων.

2270 3638 2335 3688 Οἱ
2383 3632 2440 3687 δὲ
2507 3634 2770 3708 ἀρχιερεις
2820 3664 2888 3676 -
2945 3631 3109 3707 εὖρον.
3155 3635 3246 3696 Ὠς
3293 3638 3383 3706 μὲν
3429 3635 3632 3694 ἐκείνοις
3670 3630 3762 3686 ἐδό-

2197 3743 2294 3789 κει,
2345 3729 2655 3798 μαρτυρίαν,
2695 3727 2764 3784 ὡς
2813 3717 2871 3775 δὲ
2914 3731 2973 3795 τῇ
3017 3722 3252 3795 ἀληθείᾳ,
3291 3721 3752 3798 ψευδομαρτυρίαν.

2197 3811 2262 3864 Ἦ
2317 3817 2406 3864 καὶ
2456 3819 2791 3883 γινώσκοντες
2855 3814 2936 3864 ὅτι
2989 3816 3280 3887 μαρτυρίαν
3339 3813 3446 3884 οὐχ
3503 3814 3760 3887 εὑρήσουσι

2198 3903 2332 3952 κατὰ
2379 3909 2470 3952 τοῦ
2543 3900 2907 3970 ἀνεπιλήπτόυ,
2966 3900 3143 3952 λοιπὸν
3210 3899 3428 3960 ἐζήτουν
3483 3897 3761 3972 ψευδομαρ-

2201 3992 2398 4063 τυρίαν.
2455 3988 2771 4060 [Ἐϐούλοντο
2839 3989 2949 4059 (84)
3008 3991 3105 4063 γὰρ
3162 3991 3228 4050 ὡς
3286 3991 3568 4042 ὑπεύθυνον
3630 4007 3760 4040 κατα.

2201 4074 2422 4128 δικάσαι
2470 4077 2643 4132 αὑτὸν.
2703 4080 2789 4129 Διὸ
2845 4082 2934 4128 καὶ
2989 4077 3390 4148 σχηματίζουσι
3447 4075 3761 4151 δικαστήριον

2199 4170 2287 4216 καὶ
2346 4165 2567 4224 ζητοῦσι
2615 4161 3119 4238 ψευδομαρτυρίαν,]
3178 4165 3329 4216 αὐτοὶ
3387 4170 3477 4217 καὶ
3539 4162 3763 4217 δικασταὶ

2199 4257 2288 4305 καὶ
2366 4259 2648 4326 κατήγοροι
2717 4257 2993 4324 γινόμενοι,
3067 4257 3155 4304 καὶ
3225 4249 3611 4314 σπουδάζοντες
3663 4251 3765 4324 παρ’

439 4326 606 4382 nium
629 4330 917 4398 quaerunt,
943 4325 1053 4395 ipsi
1073 4330 1126 4379 et
1135 4324 1368 4394 judices
1399 4331 1456 4380 et
1477 4335 1854 4382 accusatores
1879 4328 2082 4395 effecti,

2203 4342 2396 4401 ἑαυτοῖς
2465 4349 2642 4393 τοῦτον
2709 4338 3088 4395 καταδικάσαι.
3165 4342 3481 4394 Ἠπίσταντο
3543 4346 3636 4413 γὰρ
3697 4341 3766 4391 ὅτι

438 4419 493 4470 et
517 4414 834 4471 studebant
857 4430 992 4468 eum
1013 4413 1176 4484 apud
1205 4429 1268 4468 se
1295 4413 1730 4470 condemnare:
1764 4432 1904 4471 nam
1927 4419 2090 4489 apud

431 4503 665 4572 judices
694 4503 820 4574 (kk)
844 4502 1215 4572 difﬁdebant,
1245 4501 1404 4575 quod
1436 4502 1615 4573 hujus
1647 4505 1865 4576 negotii
1897 4510 2092 4563 essent

433 4591 794 4662 reportaturi
843 4591 1172 4648 victoriam.

510 4713 556 4750 ⁸²
584 4715 753 4772 Joan.
782 4728 940 4781 xvm,
978 4716 1060 4771 t5.
1139 4715 1184 4750 ⁸³
1207 4717 1377 4773 Marc.
1414 4715 1546 4782 XIV,
1576 4719 1663 4774 66.

1742 4719 1788 4753 ⁸³
1816 4719 1953 4776 Luc.
1979 4735 2119 4785 xxu,
2149 4718 2220 4775 56
2252 4731 2420 4789 seqq.

2198 4432 2319 4505 παρ’
2378 4430 2566 4503 ἑτέροις
2641 4425 2917 4490 δίκασταῖς
2995 4429 3089 4481 οὐκ
3144 4430 3205 4480 οἶν
3260 4448 3386 4482 ποτε
3440 4431 3549 4501 (85)
3602 4431 3767 4480 τούτου

2198 4524 2542 4597 περιγένοιντο
2556 4562 2568 4575 .

2498 4715 2544 4749 ⁸⁸
2577 4715 2744 4770 Joan.
2777 4727 2937 4782 xvm,
2979 4716 3041 4769 t7

1870 4843 2097 4912 Varize
2127 4842 2475 4912 lectiones.

513 4956 624 5028 (78)
653 4954 983 5028 Ἀμφᾲτερον,
1030 4954 1100 5016 εἷς
1131 4951 1287 5028 οἶκος.
1318 4955 1379 5008 Β.

513 4975 624 5028 (ιδ)
665 4975 983 5079 Αέιφοτερον,
1030 4975 1100 5016 εις
1131 4975 1287 5016 οικος.
1320 4975 1379 5008 ι).

510 5026 686 5098 ("(9)1
737 5025 1006 5089 ιαζουσας,
1035 5042 1143 5098 pro
1177 5022 1494 5087 ἰδιαιτάτας.
1541 5026 1672 5083 Cod.
1711 5027 1774 5080 A.

510 5098 622 5172 (80)
657 5099 715 5172 Ὀ
751 5098 982 5172 omittit.
1036 5099 1094 5172 Β.

511 5167 624 5238 (81)
667 5170 902 5225 Inclusa
957 5167 1171 5224 omittit
1208 5167 1340 5226 cod.
1381 5169 1446 5224 Α.
1491 5169 1663 5225 Error
1713 5171 1876 5224 ortus
1903 5174 2088 5227 estex

438 5241 666 5303 ἑστῶτας
697 5248 753 5296 et
799 5248 1156 5312 παρεστῶτας.

509 5314 620 5386 (82)
676 5308 892 5387 Πρώτην
949 5311 1108 5375 dixit,
1162 5308 1306 5381 quia
1357 5309 1562 5366 eadem
1593 5315 1764 5367 estet
1797 5311 2081 5369 secunda.

508 5489 631 5559 (klc)
662 5490 815 5545 Nam
854 5485 1008 5555 apud
1035 5485 1278 5555 judices,
1325 5487 1432 5538 etc.
1489 5484 1764 5559 Sciebant
1812 5490 1988 5554 enim,
2024 5507 2084 5546 se

436 5554 601 5638 apud
617 5554 773 5618 alios
805 5554 1040 5633 judices
1063 5573 1133 5614 eo
1165 5571 1284 5612 non
1317 5554 1651 5626 superiores
1684 5558 1826 5614 fore.
1862 5561 2084 5633 Ἐτέροις

2199 4956 2381 5043 Pa‘ulo
2411 4953 2568 5011 enim
2592 4957 2728 5010 ante
2758 4952 2832 5008 de
2858 4952 3122 5009 secunda
3147 4950 3314 5022 dixit,
3357 4950 3484 5007 Εἶτα
3508 4958 3598 5012 τὴν
3621 4952 3764 5008 acde

2196 5028 2369 5081 πάλιν.

2269 5098 2380 5167 (83)
2409 5097 2494 5151 Ita
2523 5095 2735 5167 scripsi
2763 5110 2866 5167 pro
2902 5100 3128 5167 Λουκᾶς.

2269 5100 2356 5165 (83
2409 5098 2494 5151 Ita
2525 5098 2735 5167 scripsi
2763 5110 2866 5166 pro
2902 5100 3128 5155 Λουκᾶς.

2269 5098 2380 5241 (84)
2420 5166 2650 5241 Inclusa
2680 5166 2895 5241 omittit
2924 5165 3066 5241 Cod.
3109 5165 3173 5219 A.
3212 5165 3393 5223 Error
3424 5166 3623 5224 scribes
3656 5178 3762 5220 rur-

2199 5233 2301 5297 sua
2324 5233 2485 5297 ortus
2516 5255 2587 5295 ex
2615 5237 2829 5309 duplici
2854 5233 3336 5310 ψευδομαρτυρίαν.

2267 5416 2377 5489 (85)
2411 5419 2554 5470 Ante
2585 5417 2766 5489 τούτου
2796 5413 2928 5470 cod.
2963 5415 3027 5468 A.
3064 5412 3231 5469 addit
3259 5419 3400 5488 περί.

2193 5485 2436 5560 prcrsus
2474 5487 2832 5560 neglectum.
2875 5489 3070 5560 Τούτου
3101 5485 3475 5543 autemnon
3507 5485 3580 5544 ad
3613 5498 3760 5553 nego-

2192 5556 2360 5625 iium,
2386 5559 2489 5615 sed
2518 5558 2597 5615 ad
2625 5557 2920 5614 Christum
2952 5556 3218 5613 refertur.
