3904 6210
500 285 607 343 699

1805 270 2148 332 ΕυΤΗΥΜΙῐ
2198 257 2549 325 ZAGABENI
3695 261 3773 317 τω

503 412 662 482 gitur
700 425 893 466 sermo
931 406 1028 480 qui
1067 423 1139 464 ex
1178 406 1263 462 eis
1307 403 1583 462 credituri
1622 406 1811 458 erant.
1854 399 2146 454 Prasterea

2264 394 2513 445 πιστεύειν
2571 390 2595 441 ὁ
2642 388 2808 459 λόγος.
2860 390 2930 440 Τὸ
2983 382 3043 438 δε
3100 384 3332 456 Ὀψεσθε
3383 379 3531 442 δηλοί
3588 387 3663 436 καὶ
3716 388 3767 438 τὸ.

501 500 776 561 verbum,
829 497 1110 559 Videbitis,
1155 494 1448 563 signiﬁcat
1495 494 1698 553 etiam,
1745 487 2141 559 Cognoscetis.

506 589 649 645 Dicit
684 592 878 643 autem
930 585 1092 656 apud
1145 587 1361 640 Lucam
1398 599 1410 638 :
1461 583 1555 638 Ea:
1587 583 1691 636 hoc
1741 585 1992 648 tempore
2034 577 2144 632 erit

503 678 688 733 Filius
707 676 953 731 hominis
984 674 1182 730 sedens
1209 689 1243 729 α
1275 673 1500 728 dextris
1526 672 1759 726 virtutis
1785 671 1888 725 Dei
1911 670 2005 733 9°),
2035 667 2146 720 hoc

502 772 606 830 est,
637 767 815 820 Breve
855 767 962 819 erit
993 771 1226 834 tempus
1258 763 1602 817 insidiarum
1630 777 1764 832 quae
1793 763 1851 815 in
1881 774 1974 813 me
2009 756 2149 810 inci-

501 859 637 910 tatae
669 858 805 908 sunt
839 870 851 918 ;
892 869 1079 923 parvo
1112 852 1269 905 enim
1310 851 1539 921 expleto
1573 857 1840 921 tempore
1879 847 2150 919 superior

505 943 778 999 omnibus
816 940 1067 996 inimicis
1098 941 1245 996 meis
1275 939 1512 994 eiﬁciar.

577 1035 732 1086 Vers.
778 1036 862 1084 65.
906 1031 1062 1084 Tunc
1088 1062 1158 1069 ——
1193 1029 1427 1085 testibus
1457 1029 1484 1082 Ῠ
1524 1027 1692 1084 Moris
1733 1031 1857 1083 erat
1903 1025 2144 1088 Iudaeis,

504 1135 642 1174 cum
685 1118 907 1188 aliquid
935 1119 1096 1172 triste
1127 1117 1410 1172 vidissent
1433 1115 1520 1170 vel
1551 1116 1874 1179 audissent,
1917 1114 2150 1169 descin-

505 1208 644 1263 dere
674 1207 1031 1261 vestimenta
1057 1223 1197 1262 sua:
1235 1206 1396 1278 quod
1438 1206 1615 1260 etiam
1665 1219 1824 1259 nunc
1875 1219 2149 1257 summus

507 1295 785 1351 sacerdos
810 1295 959 1363 fecit,
990 1299 1274 1365 tanquam
1307 1294 1514 1348 audita
1544 1293 1917 1364 blasphemia
1944 1290 2149 1346 intole-

505 1385 698 1441 rabili.
746 1387 808 1440 Et
835 1385 948 1439 hoc
979 1384 1152 1449 facto,
1183 1384 1316 1438 licet
1353 1384 1592 1449 invitus,
1627 1382 1804 1437 simul
1836 1382 2152 1453 propheta-

504 1473 587 1527 vit
622 1473 787 1543 quod
825 1471 1250 1527 discindendae
1290 1479 1445 1527 esset
1483 1472 1868 1544 pontiﬁcatus
1904 1472 1934 1524 J
1954 1470 2149 1526 udazo-

505 1576 660 1616 rum.

577 1652 728 1706 Vers.
799 1653 884 1704 65.
947 1650 1096 1704 Ecce
1132 1678 1200 1689 —
1260 1650 1418 1703 Vers.
1486 1652 1573 1704 66.
1635 1648 1914 1704 videtur?
1976 1647 2151 1703 Auxit

2257 482 2540 533 Γνώσεσθε.
2600 482 2737 534 Φησὶ
2803 472 2865 529 δε
2917 479 3005 527 καὶ
3059 475 3084 526 ὁ
3145 480 3352 535 Λουκᾶς
3425 474 3500 524 ὃτι
3553 473 3669 527 Ἀπὸ
3711 482 3772 526 τοῦ

2253 578 2340 621 νῦν
2423 572 2571 620 ἔσται
2623 567 2648 617 ὁ
2711 568 2824 626 Υἱὸς
2907 572 2997 616 τοῦ
3076 562 3346 634 ἀνθρώπου
3433 563 3688 632 καθήμενος
3739 561 3774 610 ἐκ

2257 655 2437 720 δεξιῶν
2485 664 2578 717 τῆς
2638 651 2905 725 δυνάμεως
2954 661 3044 704 τοῦ
3102 651 3275 723 Θεοῦ,]
3332 654 3576 714 τουτέστι,
3619 655 3773 722 Βραχνς

2255 749 2280 798 ό
2335 749 2510 817 καιρός
2579 753 2674 804 τῆς
2733 743 2848 794 κατ’
2910 740 3032 812 ἐμοῦ
3097 741 3210 810 (89)
3258 737 3558 799 ἐπιϐουλῆς·
3612 737 3690 788 οὐκ
3729 738 3774 795 εἰς

2255 837 2458 908 μακρὰν
2497 836 2597 906 γὰρ
2643 830 2890 905 ἁνὼτερος
2931 838 3030 880 τῶν
3071 827 3492 880 ἐπιϐουλευόντων
3532 831 3772 896 γενήσομαι.

2325 1019 2450 1063 Ton
2503 1041 2571 1050 —
2623 1010 2936 1082 μαρτύρωνς
2995 1005 3148 1067 Ἐθος
3217 1011 3324 1066 τοῖς
3388 998 3659 1065 Ἰουδαίοις,
3694 1003 3776 1052 ὅταν

2255 1120 2308 1153 τι
2345 1099 2573 1172 χαλεπόν
2604 1103 2693 1150 καὶ
2723 1099 2933 1169 φρικτὸν
2961 1093 3150 1147 ἴδωσιν
3181 1095 3208 1152 ἦ
3253 1093 3532 1157 ἀκούσωσι,
3577 1089 3779 1164 διαρρήσ-

2262 1209 2366 1242 σειν
2421 1191 2486 1240 τὰ
2544 1189 2725 1259 ἱμάτια
2774 1185 2963 1252 αὐτῶν,
3026 1186 3146 1254 ὅπερ
3205 1188 3294 1234 καὶ
3346 1189 3432 1232 νῦν
3488 1183 3511 1231 ό
3573 1179 3780 1252 ἀρχιερεύς

2258 1275 2517 1344 ἕποίησεν,
2572 1277 2636 1335 ὡς
2681 1273 2909 1334 ἀκούσας
2962 1269 3118 1331 δῆθεν
3183 1270 3517 1342 βλασφημίας
3570 1268 3650 1320 οὐκ
3709 1265 3782 1316 im-

2257 1375 2404 1428 κτῆς.
2435 1365 2577 1437 Ἅμα
2607 1361 2665 1416 δε
2711 1368 2799 1414 καὶ
2839 1364 2996 1427 ἄκων,
3044 1360 3127 1432 ἀφ’
3160 1360 3227 1410 ὧν
3259 1359 3490 1424 ἐποίησε,
3539 1361 3782 1431 προεφήτελ·

2259 1474 2361 1524 σεν,
2424 1456 2503 1506 ὃτι
2549 1450 3010 1527 διαρῥηχθήσεται
3062 1451 3092 1507 ἠ
3149 1447 3512 1523 ἀρχιερωσύνη
3563 1455 3646 1498 τῶν
3686 1445 3782 1498 Ἰον-

2259 1539 2293 1595 δ
2298 1548 2438 1598 αἱων.

2327 1627 2439 1684 Ἴδε
2467 1661 2536 1670 -
2579 1626 2762 1695 doni;
2814 1627 3058 1690 Λύξήσας
3115 1630 3208 1684 τὴν
3256 1629 3569 1700 κατηγορίαν
3614 1630 3687 1676 τοῦ
3725 1621 3784 1672 λιι

505 1738 683 1793 etiam
741 1754 848 1792 suo
897 1737 1054 1792 dicto
1095 1737 1560 1799 accusationem,
1613 1742 1668 1792 et
1706 1736 2147 1808 blasphemiam

2264 1721 2494 1789 χθέντος,
2536 1724 2624 1770 καὶ
2665 1716 3005 1789 βλασφημίαν
3034 1724 3187 1767 τοῦτο
3227 1715 3472 1782 καλέσας,
3523 1719 3603 1765 καὶ
3644 1730 3784 1785 προκα-

505 1843 724 1884 vocans
745 1842 1124 1898 responsum,
1149 1831 1206 1881 et
1226 1826 1573 1897 prejudicio
1599 1826 1896 1881 damnans
1917 1841 2074 1890 eum,
2094 1828 2152 1880 et

508 1917 712 1972 exinde
739 1916 968 1972 caeteris
1001 1919 1160 1971 viam
1194 1915 1413 1970 faciens
1455 1916 1527 1970 ad
1567 1932 1703 1970 eum
1745 1916 2150 1971 condemnan-

507 2006 673 2069 dum,
702 2006 875 2076 quasi
907 2004 1130 2060 scilicet
1158 2005 1534 2060 manifestato
1560 2005 1642 2059 eis
1672 2004 1906 2073 delicto,
1933 2019 2148 2073 cogens

508 2110 608 2150 eos
661 2095 738 2150 ad
777 2095 1282 2166 pronuntiandam
1325 2094 1700 2159 sententiam,
1741 2099 1803 2150 ut
1856 2095 1937 2149 ita
1973 2093 2149 2148 robo-

508 2190 666 2240 retur
695 2184 1130 2249 condemnatio,
1160 2189 1215 2239 et
1235 2199 1307 2239 ex
1321 2184 1453 2248 hoc,
1471 2189 1757 2255 tanquam
1775 2199 1942 2238 reum
1961 2182 2149 2238 Pilato

509 2273 745 2329 tradant
772 2279 832 2328 ut
851 2273 1244 2328 interimatur.

579 2363 744 2416 Vers.
789 2366 873 2417 66.
915 2361 989 2415 At
1036 2362 1134 2416 illi
1159 2393 1226 2402 -
1269 2368 1373 2418 est.
1413 2361 1578 2427 Quod
1620 2361 1902 2417 volebant
1932 2364 2150 2415 statue-

510 2455 665 2506 runt.
709 2454 856 2506 Nam
889 2455 1165 2522 corrupta
1208 2467 1378 2505 mens
1410 2456 1753 2522 corruptam
1791 2451 1899 2505 fert
1929 2456 1984 2505 et
2021 2465 2152 2504 sen-

510 2539 774 2594 tentiam.
812 2542 995 2595 Lucas
1025 2555 1161 2595 vero
1187 2539 1437 2610 scripsit,
1470 2540 1636 2611 quod
1666 2540 1961 2595 duxerunt
1985 2538 2148 2594 illum

510 2627 570 2682 in
596 2627 902 2682 concilium
930 2645 1107 2683 suum
1132 2628 1418 2693 dicentes,
1452 2629 1518 2684 Si
1545 2635 1609 2682 tu
1649 2644 1701 2683 es
1734 2629 2023 2690 Christus,
2055 2627 2152 2682 dic

509 2717 690 2772 nobis.
723 2719 826 2772 Ait
847 2723 1045 2774 autem
1074 2718 1224 2772 illis:
1244 2717 1308 2772 Si
1322 2717 1526 2774 dixero
1543 2717 1716 2781 vobis,
1736 2733 1856 2774 non
1871 2717 2111 2773 credetis
2136 2733 2147 2769 :

511 2806 668 2877 quod
691 2806 740 2862 si
759 2807 931 2863 etiam
951 2807 1416 2876 interrogauero,
1436 2823 1553 2862 non
1568 2807 1973 2877 respondebitis
1987 2807 2149 2870 mihi,

511 2909 698 2966 neque
726 2895 1060 2951 absolvetis.
1077 2896 1293 2951 Exhoc
1308 2903 1557 2966 tempore
1575 2896 1685 2950 erit
1705 2896 1890 2950 Filius
1906 2896 2152 2951 hominis

511 2983 713 3040 sedens
731 3000 764 3039 α
784 2985 1010 3041 dextris
1025 2985 1252 3040 virtutis
1271 2986 1394 3040 Dei.
1414 2985 1705 3041 Dixerunt
1723 2992 1915 3041 autem
1930 3001 2012 3040 om
2022 3000 2120 3041 nes
2137 3003 2150 3037 :

520 3072 604 3125 Tu
627 3088 751 3142 ergo
777 3088 834 3128 es
865 3073 1049 3127 Filius
1071 3075 1177 3128 Dei
1196 3075 1223 3127 5’
1247 3076 1369 3143 Ipse
1389 3090 1515 3130 vero
1537 3075 1622 3129 ait
1641 3074 1716 3128 ad
1738 3075 1884 3139 illos,
1932 3076 2036 3130 Vos
2065 3073 2156 3128 di-

511 3159 636 3214 citis
667 3161 818 3232 quod
845 3176 947 3231 ego
978 3178 1120 3216 sum.
1149 3165 1226 3216 At
1256 3161 1353 3218 illi
1384 3163 1692 3227 dixerunt,
1724 3163 1877 3229 Quid
1901 3163 2154 3232 amplius

510 3249 670 3304 nobis
704 3265 844 3318 opus
870 3258 953 3306 est
982 3252 1211 3306 testibus
1233 3257 1257 3306 .9
1287 3253 1401 3320 ipsi
1435 3254 1589 3307 enim
1628 3253 1953 3308 audivimus
1970 3267 2044 3308 ex
2061 3266 2157 3306 ore

513 3340 722 3408 eius“.
743 3337 1066 3395 Verisimile
1088 3346 1178 3395 est
1197 3341 1354 3396 enim
1382 3345 1437 3395 et
1468 3357 1753 3396 summun
1785 3341 2154 3396 sacerdotem

512 3443 890 3484 consessores
921 3429 1314 3498 interrogasse
1339 3437 1394 3484 et
1433 3430 1812 3484 examinasse
1838 3445 1992 3494 eum,
2026 3445 2156 3484 rur-

514 3532 768 3588 sumque
798 3517 996 3587 ipsum
1023 3522 1078 3572 et
1107 3516 1185 3571 illi
1213 3522 1268 3572 et
1293 3517 1418 3572 istis
1448 3516 1848 3588 respondisse.

585 3745 776 3808 Quare
804 3748 1006 3799 autem
1027 3743 1251 3799 occulte
1283 3744 1478 3815 ipsum
1515 3759 1634 3799 non
1657 3743 2000 3800 occiderunt
2025 3746 2052 3800 ‘t
2075 3746 2156 3801 Ne

515 3831 730 3887 invidia
763 3833 908 3888 moti
939 3832 1219 3887 occidisse
1251 3849 1388 3887 eum
1438 3832 1793 3888 viderentur.
1830 3835 2158 3891 Studebant

515 3936 657 3989 ergo
687 3922 923 3992 publice
952 3923 1110 3979 illum
1153 3926 1442 3994 tanquam
1474 3921 1811 3978 maleﬁcum
1843 3925 2112 3980 occidere
2141 3941 2152 3978 :

517 4010 762 4081 perdere
811 4010 1063 4066 nitentes
1117 4012 1459 4082 opinionem
1509 4027 1692 4084 quam
1741 4012 1814 4068 de
1861 4029 1931 4069 eo
1971 4014 2157 4069 turbae

515 4105 928 4171 conceperant.
957 4101 1093 4157 Ideo
1120 4101 1298 4156 etiam
1318 4101 1634 4173 petierunt,
1660 4107 1721 4157 ut
1749 4103 2160 4173 cruciﬁgerent

515 4205 653 4245 eum
680 4205 692 4244 :
726 4194 783 4245 et
810 4189 987 4245 simul
1017 4206 1154 4246 cum
1181 4206 1251 4246 eo
1273 4190 1529 4246 latrones
1561 4191 1996 4248 cruciﬁxerunt.
2031 4193 2158 4247 Edi-

514 4294 688 4334 verso
715 4283 912 4334 autem
936 4279 1159 4335 factum
1190 4284 1276 4335 est
1298 4295 1482 4351 quam
1510 4280 1590 4335 illi
1611 4286 1980 4352 optaverant.
2010 4285 2157 4338 Nam

514 4367 656 4440 quia
688 4368 922 4440 publice
968 4368 1359 4439 interemptus
1409 4374 1514 4433 est,
1564 4369 1754 4438 magis
1798 4370 2158 4441 resplenduit

516 4457 704 4527 gloria
755 4459 908 4529 ejus.
960 4461 1335 4528 Rursumque
1377 4457 1436 4511 in
1473 4457 1745 4529 sepulcro
1778 4458 1969 4530 sigilla
2007 4458 2160 4512 mili-

517 4551 764 4618 tumque
803 4547 1074 4604 custodia
1104 4546 1412 4602 veritatem
1462 4547 1654 4616 magis
1692 4547 1974 4618 effulgere
2017 4547 2161 4603 iece-

517 4641 673 4689 runt.

591 4725 747 4775 Vers.
783 4727 868 4776 67.
896 4725 1058 4778 Tunc
1088 4756 1154 4764 —
1185 4724 1322 4794 ejus.
1356 4726 1620 4793 Horreto,
1646 4725 1858 4781 coelum
1895 4730 1950 4781 et
1985 4729 2154 4790 terra,

520 4810 913 4882 universaque
941 4816 1226 4877 creatura,
1259 4813 1318 4868 in
1350 4829 1533 4885 quam
1551 4813 1784 4878 faciem,
1809 4831 1993 4886 quam
2012 4815 2159 4870 intu-

519 4896 709 4954 lerunt
738 4898 1034 4968 injuriam.

592 4989 748 5042 Vers.
776 4991 862 5042 67.
890 4988 965 5043 Et
996 5019 1052 5029 —
1108 4989 1268 5042 Vers.
1321 4989 1407 5045 68.
1453 4991 1550 5060 qui
1578 4997 1631 5046 te
1655 4993 1930 5064 percussit
1956 4996 1980 5046 .9
2012 4993 2160 5058 Quia

591 5165 640 5200 πο
670 5165 810 5220 Luc.
840 5181 976 5229 χιιι,
1012 5164 1097 5222 69.
1135 5167 1177 5203 ⁹¹
1211 5169 1346 5223 Luc.
1382 5183 1518 5234 χχιι,
1545 5169 1728 5224 66-71.

2255 1804 2548 1866 ταδικάσας
2578 1807 2753 1873 αὐτόν,
2783 1811 2874 1857 καὶ
2923 1802 3042 1865 ὁδὸς
3085 1805 3197 1875 (90)
3251 1800 3324 1862 ἥδ
3331 1824 3356 1860 η
3402 1808 3617 1861 καὶτοῖς
3660 1800 3786 1857 (moi;

2257 1896 2328 1956 εἰς
2388 1900 2446 1949 τὸ
2501 1891 2863 1948 καταδικάσαι
2915 1898 3191 1964 γενόμενος,
3263 1893 3464 1955 λοιπόν,
3517 1895 3579 1951 ὡς
3624 1895 3787 1961 φανεροῦ

2256 1993 2346 2037 τοῦ
2403 1984 2841 2056 πλημμελήματος
2907 1987 3066 2049 ὄντος,
3149 1981 3434 2052 ἀναγκάζει
3510 1984 3591 2030 καὶ
3648 1977 3784 2034 αὐτοὺς

2258 2073 2642 2145 ἀποφήνασθαι,
2692 2075 2792 2140 ἵνα,
2842 2072 3167 2142 κυρωθείσης
3217 2070 3353 2121 οὕτω
3401 2077 3495 2130 τῆς
3541 2063 3784 2125 καταδίκης,

2259 2164 2538 2215 ὑπεύθυνον
2592 2161 2891 2214 ἀπεντεύθεν
2950 2159 3103 2211 αὐτόν
3173 2155 3457 2232 παραδοῖεν
3512 2165 3577 2228 τῷ
3633 2154 3786 2219 nam

2257 2256 2388 2326 πρὸς
2437 2250 2720 2323 ἀναίρεσιν.

2330 2343 2395 2392 Οἱ
2427 2337 2582 2392 δέ-
2630 2341 2790 2394 ἐστίν.
2845 2337 3006 2411 Ὀπερ
3059 2335 3346 2401 ἐϐούλοντο,
3400 2342 3547 2388 τοῦτο
3593 2337 3662 2384 καί
3702 2328 3788 2380 ἀπι-

2259 2435 2504 2500 φήναντο.
2595 2428 2974 2500 Διεφθαρμὲνης
3055 2421 3142 2475 οὖν
3224 2430 3441 2495 γνώμης
3511 2419 3785 2492 διεφθαρμένη

2258 2522 2346 2568 καὶ
2397 2520 2426 2574 ἡ
2487 2516 2767 2587 ἀπόφασις.
2821 2515 2877 2566 Ὀ
2943 2510 3002 2565 δὲ
3050 2519 3256 2574 Λουκᾶς
3331 2511 3551 2586 ἔγραψεν
3597 2511 3658 2559 ότι
3721 2509 3790 2553 καὶ

2261 2605 2520 2676 ἀνήγαγον
2587 2604 2738 2656 αὐτόν
2788 2603 2858 2664 εἰς
2903 2605 2958 2654 τό
3015 2599 3283 2674 συνέδριον
3344 2600 3531 2662 αὐτῶν,
3583 2597 3786 2666 λέγοντεῖ

2259 2694 2320 2746 Εἰ
2367 2698 2431 2745 σύ
2495 2692 2542 2745 εἶ
2594 2695 2619 2744 ὁ
2677 2695 2928 2766 Χριστός,
2983 2690 3088 2743 εἰπε
3146 2691 3292 2761 ἡμῖν.
3351 2691 3475 2742 Εἷπε
3536 2684 3588 2739 δε
3629 2685 3788 2739 αὐτοῖς·

2261 2784 2380 2838 Ἐὰν
2429 2783 2548 2853 ύμῖν
2603 2784 2747 2848 εἴπω,
2812 2780 2870 2831 ού
2946 2783 3012 2850 μὴ
3087 2781 3447 2835 πιστεύσητε·
3499 2776 3574 2828 ἐὰν
3633 2770 3681 2824 δε
3730 2774 3789 2819 ιε’-ἱ

2261 2871 2523 2943 ἐρωτήσω,
2599 2870 2656 2922 ού
2726 2873 2796 2941 μὴ
2885 2868 3204 2940 ἀποκριθῆτε
3273 2886 3366 2938 μοι
3435 2869 3462 2924 ἣ
3541 2863 3788 2915 ἀπολύσητε

2262 2960 2394 3013 Ἀπὸ
2453 2967 2545 3011 τοῦ
2618 2966 2704 3009 νῦν
2762 2961 2912 3009 ἔσται
2968 2958 2992 3008 ό
3051 2957 3165 3016 Υἱός
3230 2962 3322 3007 τοῦ
3389 2957 3640 3025 ἀνθρώπου
3680 2951 3792 3000 καθί-

2261 3068 2426 3120 μενος,
2497 3046 2550 3099 ἐκ
2612 3043 2794 3109 δεξιῶν
2847 3055 2941 3106 τῆς
3009 3043 3279 3116 δυνάμεως
3339 3053 3431 3096 τού
3497 3049 3633 3094 Θεοῦ.
3678 3034 3794 3091 Εἶπτ)

2263 3135 2322 3190 δε
2352 3140 2567 3196 ποίντες⁹
2620 3143 2683 3187 Συ
2737 3136 2824 3187 οὖν
2865 3133 2907 3187 εἰ
2958 3136 2984 3185 ὁ
3030 3136 3149 3194 Υἱός
3179 3141 3269 3184 τοῦ
3329 3137 3488 3193 Θεοῦς
3531 3131 3581 3181 Ὀ
3634 3125 3794 3197 deses;

2263 3227 2448 3288 αύτούς
2529 3229 2662 3297 ἔφη·
2719 3223 2887 3296 ’Υμεῖς
2933 3223 3100 3294 λέγετε
3166 3223 3244 3274 ὅτι
3303 3219 3409 3292 ἐγώ
3483 3221 3597 3291 εἰμι.
3655 3217 3706 3268 Οί
3759 3210 3798 3262 vi:

2263 3317 2420 3368 εἶπον’
2494 3319 2556 3366 Τί
2642 3315 2716 3364 ἔτι
2789 3317 2974 3384 χρείαν
3050 3314 3237 3383 ἔχομεν
3324 3315 3634 3382 μαρτυρίαςζ
3693 3303 3797 3353 αὗτῡὶ

2260 3408 2360 3475 γὰρ
2438 3403 2734 3472 ἠκούσαμεν
2817 3399 2916 3451 ἀπὸ
2979 3407 3070 3450 τοῦ
3155 3403 3416 3470 στόματος
3482 3398 3644 3448 αὐτοῦ.
3693 3391 3799 3444 Εἰκὲς

2259 3495 2361 3566 γὰρ
2442 3495 2530 3542 καὶ
2593 3493 2679 3541 τὸν
2739 3487 3006 3562 ἀρχιερέα,
3092 3492 3180 3540 καὶ
3237 3491 3358 3546 τοὺς
3441 3483 3800 3557 συνεδριαζοντας

2263 3579 2517 3654 ἐπερωτᾷν
2548 3583 2636 3630 καὶ
2678 3576 2964 3650 ἀνακρίνειν
3005 3576 3178 3642 αὐτόν,
3231 3575 3389 3626 πάλιν
3430 3594 3484 3626 τε
3538 3574 3670 3624 αὐτόν
3708 3575 3798 3617 ατε-ε

2261 3671 2529 3742 κρίνεσθαι
2560 3673 2646 3718 καὶ
2671 3670 2794 3736 πρὸς
2825 3665 3030 3731 ἐκεῖνον,
3060 3671 3147 3716 καὶ
3175 3667 3304 3738 πρὸς
3348 3664 3560 3724 αὐτοὺς.

2336 3759 2439 3811 Καὶ
2488 3753 2633 3808 διατί
2680 3759 2750 3827 μὴ
2821 3755 2984 3825 λάθρα
3036 3761 3213 3804 τοῦτον
3273 3751 3509 3815 ἁνεῖλονς
3555 3752 3638 3802 Διά
3674 3749 3715 3798 τὸ
3752 3745 3799 3811 μὲ

2266 3842 2420 3908 δόξαι
2475 3847 2610 3896 κατὰ
2667 3845 2848 3915 φθόνον
2898 3842 3052 3893 αὐτόν
3106 3841 3312 3894 ἀνελεῖν.
3374 3835 3704 3898 Ὲσπούδάζον
3745 3827 3800 3881 οὖν

2266 3931 2504 4004 δημοσίᾳ
2565 3940 2744 3984 τοῦτον
2807 3934 2874 3992 ὡς
2926 3937 3213 4002 κακοῦργον
3273 3928 3618 4001 ἀναιρεθήναι,
3669 3939 3801 3994 μεχπο

2263 4028 2475 4094 νώμενοι
2515 4019 2719 4093 βλάψαι
2756 4023 2849 4076 την
2889 4018 3146 4088 ὑπόληψιν
3202 4018 3386 4072 αὐτοῦ,
3441 4020 3532 4069 Διὰ
3568 4021 3696 4068 τοῦτο
3734 4010 3801 4078 γὰρ

2263 4116 2352 4163 καὶ
2402 4117 2613 4181 σταυρῷ
2661 4115 2838 4160 τοῦτον
2893 4105 3222 4180 ἀναιρεθῆναι
3286 4107 3575 4168 ἠτήσαντο,
3620 4105 3694 4151 καί
3737 4097 3803 4162 11;-

3189 4199 3371 4264 Γέγονε
3439 4191 3497 4247 δι
3556 4190 3804 4244 mirarier.

2779 4289 3017 4354 Δημοσίᾳ
3079 4286 3176 4354 γὰρ
3249 4282 3613 4356 ἀναιρεθέντος,
3669 4273 3805 4348 μᾶλλον

2267 4202 2390 4259 στὰς
2455 4198 2594 4267 αύτῷ
2657 4199 3110 4267 συνεσταύρωσαν.

2265 4286 2341 4348 οἷς
2407 4285 2694 4338 ἐϐούλοντο.

2266 4375 2544 4446 ἐξέλαμψεν
2594 4375 2623 4431 ἠ
2678 4369 2809 4434 δόξα
2884 4371 3062 4427 αὐτοῦ,
3127 4375 3226 4423 Καὶ
3287 4355 3379 4423 ἐπὶ
3449 4379 3539 4422 τοῦ
3591 4368 3730 4436 τάφου
3773 4355 3808 4408 δε

2266 4463 2417 4516 πάλιν
2483 4465 2538 4514 αἰ
2617 4457 2904 4533 σφραγῖδες
2960 4465 3050 4511 καὶ
3139 4461 3168 4516 ὴ
3251 4459 3598 4530 παραφυλακὴ
3667 4449 3809 4524 μᾶλλ-εν

2269 4549 2569 4622 διαλάμψαι
2599 4553 2692 4608 τὴν
2724 4548 2965 4606 ἀλήθειαν
2992 4552 3334 4604 πεποιήκασι.

2338 4732 2462 4779 Τότε
2506 4758 2573 4767 -
2616 4726 2796 4780 αὐτοῦ.
2856 4725 3057 4799 Φρίξον,
3113 4724 3291 4798 ούρανε
3345 4727 3437 4775 καὶ
3477 4729 3542 4792 γῆ
3589 4723 3669 4769 καὶ
3719 4719 3812 4782 ar)?-

2267 4835 2415 4868 πασα
2470 4819 2659 4879 κτίσις,
2711 4815 2782 4876 εἰς
2830 4815 2932 4866 οἷον
2975 4818 3251 4888 πρόσωπον
3308 4814 3424 4864 οἵαν
3485 4810 3681 4882 ἀτιμίαν
3729 4804 3813 4856 ἐπὲ-

2267 4924 2428 4976 γαγον
2463 4905 2475 4960 l

2343 4998 2442 5046 Καὶ
2489 5023 2558 5034 -
2618 4995 2818 5055 παίσας
2875 5007 2964 5057 at;
3027 4991 3164 5043 Ἐπεὶ
3223 4988 3363 5062 παρά
3422 4988 3619 5047 πολλοῖς
3668 4985 3814 5055 Nam"

1764 5346 1983 5416 Variae
2014 5348 2334 5416 lectiones
2367 5356 2431 5415 et
2471 5357 2668 5414 notae.

619 5540 706 5610 89)
742 5537 864 5592 Κατ’
895 5535 1001 5610 ἐμὲ.
1033 5535 1176 5594 Cod.
1209 5539 1275 5593 Α.

619 5541 685 5596 89
742 5540 864 5592 Κατ’
895 5540 1001 5610 ἐμὲ.
1033 5540 1176 5594 Cod.
1209 5540 1275 5593 Α.

593 5540 707 5684 ξε)οζ
743 5613 962 5667 Durum
992 5607 1446 5682 quodammodo
1477 5611 1534 5662 τὸ
1563 5607 1706 5674 ὁδός.
1747 5613 1941 5672 Malim
1974 5611 2165 5686 ὁδηγός

2273 5543 2528 5615 Uterque
2558 5547 2760 5615 tamen
2792 5539 2975 5615 codex
3013 5538 3303 5596 consentit
3338 5539 3400 5596 in
3435 5536 3574 5602 ὁδός.
3607 5527 3816 5592 Hentenii

2271 5612 2670 5687 interpretatio
2699 5612 2987 5684 ambigua
3013 5616 3125 5667 est.
