3904 6210
124 287 202 348 701
979 282 1359 344 COMMENT.
1405 281 1477 340 IN
1516 273 1966 341 MATTHEUM.
2009 314 2073 326 —
2117 284 2279 343 CAP.
2327 285 2528 344 XXVI.
3286 280 3392 339 702

126 433 194 475 της
235 411 415 485 Mm,
462 406 730 473 διέπαιζον
787 409 963 477 αὐτὸν,
1021 413 1092 473 ὡς
1168 404 1625 480 ψευδοπροφήτην.

1804 409 2007 464 multis
2030 409 2316 482 propheta
2337 409 2663 475 dicebatur,
2680 407 3076 465 verberabant
3095 423 3237 465 eum
3262 411 3392 465 tan-

118 501 486 578 Περικαλύψαντες
537 503 635 573 γὰρ
724 500 912 573 ἱματίῳ
986 501 1045 551 τὸ
1118 501 1396 570 πρόσωπον
1449 495 1625 560 αὐτοῦ¹

1785 513 1922 553 nam
1949 498 2156 553 falsum
2173 499 2548 571 prophetam,
2578 499 2725 555 facie
2745 501 2794 568 ej
2807 515 2875 553 us
2900 501 3066 553 veste
3093 501 3385 560 contecta,

117 595 297 664 πρὸςτό
343 595 404 662 μὴ
448 587 672 661 βλέπειν,
722 593 793 652 ὡς
842 590 1050 664 Μάρκος
1092 592 1184 639 καὶ
1226 591 1427 644 Λουκᾶς
1470 583 1625 649 εἷπον,

1783 601 1815 640 e
1852 586 2097 652 videret,
2147 587 2314 644 slcuti
2375 589 2607 644 Marcus
2656 591 2713 643 et
2760 589 2944 642 Lucas
2983 585 3262 641 dixerunt
3317 587 3388 651 ³³,

109 689 225 734 τοῦτο
359 677 669 750 ἐκολάφιζον,
725 685 879 731 τοῦτο
927 674 986 730 δὲ
1040 675 1336 751 ἐρράπιζον,
1385 673 1625 743 λέγοντες·

1783 677 1906 729 unc
1944 681 2137 731 autem
2177 675 2506 740 credebant,
2549 691 2708 730 nunc
2739 690 2878 730 vero
2923 673 3124 745 alapas
3163 673 3394 729 dabant

115 772 412 840 Προορήτενσον
488 768 636 838 ἡμῖν,
715 769 930 839 Χριστὲ,
1005 771 1085 827 τίς
1157 763 1297 816 ἐστιν
1355 764 1381 814 6
1434 767 1625 822 παίσας

1783 761 2001 818 icentes
2036 779 2048 818 :
2073 764 2432 832 Prophetiza
2457 765 2642 829 nobis,
2669 764 2916 828 Christe,
2945 765 3077 834 quis
3103 767 3188 818 est
3216 760 3318 832 qui
3336 766 3392 817 te

110 859 338 924 σιςἘστι
390 851 443 908 δε
493 859 813 929 κολαφιομός
864 859 954 928 μὲν
1003 858 1061 907 τὸ
1125 857 1294 907 παίειν
1349 853 1486 904 κατὰ
1539 856 1625 902 τοῦ

1783 851 2021 906 ercussil
2049 850 2078 906 ?
2108 855 2205 907 Est
2241 857 2433 908 autem
2464 852 2752 924 colaphus
2786 851 3118 908 verberatio
3160 865 3298 922 quae
3327 849 3390 904 in

107 944 322 1018 τραχήλου
358 943 494 1016 κοῦιη
546 943 673 1016 ἁφῇ,
730 948 862 1020 πρὸς
910 947 968 996 τὸ
1017 950 1180 996 ποιεῖν
1232 941 1398 1013 ψόφον
1432 960 1444 973 ·
1477 940 1625 1013 ῥαπι-

1783 938 1892 994 ollo
1911 940 1975 994 tit
1993 955 2182 996 vacua
2199 941 2329 1012 (nn)
2343 956 2527 997 manu
2547 947 2609 995 ut
2622 955 2841 996 sonum
2861 939 3000 996 edat
3021 956 3034 993 :
3055 939 3234 1010 alapa
3251 952 3389 994 vero

108 1038 210 1105 (ab;
236 1029 284 1085 δὴ
306 1037 354 1084 τὸ
380 1037 544 1085 παίειν
572 1036 708 1085 κατὰ
735 1040 832 1085 τοῦ
861 1037 1166 1103 προσώπου.

1783 1041 1800 1081 ι
1841 1026 2053 1083 faciem
2087 1028 2284 1084 datur.

157 1124 270 1177 Μετὰ
315 1124 402 1193 γὰρ
429 1125 523 1179 τήν
567 1118 753 1174 ἄδικον
804 1117 1118 1190 καταδίκην,
1172 1122 1240 1181 ὡς
1286 1119 1468 1190 ἄτιμόν
1515 1135 1625 1168 τινα

1807 1135 1944 1188 Post
1969 1132 2253 1203 injustam
2309 1135 2467 1189 enim
2499 1132 3062 1190 condamnationem
3102 1135 3391 1202 tanquam

103 1215 174 1260 καὶ
205 1209 294 1280 (9i)
334 1209 720 1282 τριωϐολιμαῖον
770 1209 1006 1270 λαϐόντες
1051 1213 1207 1281 μέσον
1238 1208 1413 1271 αὑτὸν,
1453 1208 1501 1258 οἱ
1539 1208 1625 1277 μὲν

1783 1220 2037 1292 bjectum
2068 1223 2407 1295 quempiam
2440 1228 2496 1278 et
2519 1223 2918 1282 ’triobolarem
2967 1221 3030 1276 in
3061 1221 3256 1276 medio
3296 1236 3397 1276 su-

100 1303 240 1347 πᾶσαν
282 1297 340 1357 εἰς
387 1299 543 1350 αὐτὸν
602 1293 944 1351 ἐνεδείκνυντο
996 1301 1289 1371 παροινίαν,
1346 1295 1439 1348 οὐκ
1496 1293 1625 1347 ἐλεύ-

1783 1317 1985 1377 ientes,
2026 1311 2087 1366 hi
2117 1293 2357 1382 quidem
2396 1311 2694 1384 quidquid
2737 1311 2797 1366 in
2837 1311 3087 1366 buccam
3116 1309 3394 1365 veniebat

100 1385 212 1456 θεροι
253 1391 400 1456 μόνον,
447 1385 580 1439 ἀλλὰ
624 1391 714 1439 καὶ
772 1383 972 1455 δοῦλοι,
1005 1390 1094 1438 καὶ
1131 1389 1379 1437 παντοίαν
1432 1382 1625 1435 ἐκίνουν

1783 1398 2268 1454 ebacchabantur
2295 1400 2356 1454 in
2404 1382 2714 1464 eum,inon
2762 1399 2928 1454 liberi
2959 1398 3171 1466 solum,
3201 1398 3306 1452 sed
3336 1402 3392 1454 et

90 1473 186 1523 κατ’
241 1476 380 1526 αὐτοῦ
442 1481 655 1547 μανίαν,
719 1479 812 1527 καὶ
863 1471 1032 1538 ἡδέως
1081 1483 1179 1536 τῆς
1225 1473 1414 1536 λύττης
1468 1472 1625 1544 ἐνεφο-

1783 1487 1887 1542 arvi
1929 1505 1942 1542 :
1972 1487 2069 1543 alii
2095 1503 2232 1543 vero
2263 1488 2676 1546 omnimodam
2707 1488 2995 1544 adversus
3026 1502 3163 1541 eum
3193 1500 3388 1541 move-

91 1569 236 1635 ροῦντο
259 1579 272 1593 ’
311 1565 336 1615 6
363 1559 418 1615 δὲ
466 1567 642 1616 πάντα
675 1563 1060 1636 μεγαλοψύχως
1089 1564 1320 1636 ὑπέμενε,
1355 1557 1625 1613 διδάσκων

1783 1580 1884 1631 ant
1904 1575 2223 1644 insaniam,
2248 1577 2650 1649 gandentique
2672 1577 2877 1632 animo
2900 1575 3131 1631 rabiem
3154 1589 3388 1630 evome-

89 1649 338 1721 ἀνέχεσθαι.
395 1653 495 1708 Καὶ
553 1649 616 1711 ἦν
670 1652 794 1722 παρ’
842 1650 1053 1713 ἔκείνοις
1105 1654 1214 1724 μὲν,
1246 1653 1430 1711 κακίας
1476 1651 1625 1724 ύπερ-

1783 1671 1902 1721 ant.
1971 1666 2249 1722 Universa
2288 1670 2485 1722 autem
2528 1681 2752 1737 magno
2811 1665 3016 1721 animo
3065 1663 3391 1719 sustinebat

90 1737 204 1808 ϐολὴ,
224 1742 353 1813 παρὰ
377 1742 546 1813 τούτῳ
579 1736 658 1806 δε,
687 1738 1030 1804 ἀνεξικακίας.

1783 1769 1956 1811 ocens
1986 1769 2096 1810 nos
2148 1754 2397 1825 injurias
2457 1733 2726 1811 tolerare.
2759 1755 2825 1810 Et
2854 1758 2980 1810 erat
3034 1753 3201 1824 apud
3252 1750 3389 1806 illos

1733 1843 2056 1899 vehemens
2086 1843 2389 1915 pravitatis
2428 1842 2812 1911 abundantia,
2863 1842 3033 1914 apud
3060 1840 3222 1897 hunc
3247 1855 3388 1897 vero

133 1987 247 2008 'AP,
335 1985 367 2008 ιο
446 1991 472 2008 Α
611 1993 623 2005 ο
842 1995 853 2008 ι
979 1993 989 2008 ι
1117 1991 1130 2008 ν
1266 1988 1286 2008 \
1400 1991 1410 2004 η
1569 1996 1588 2005 -

1783 1932 2064 1988 plorantia.

155 1988 282 2051 AEm
324 1985 380 2044 δε
442 1991 718 2063 θαυμάσαι
770 1995 862 2044 καὶ
907 1993 1024 2052 τοὺς
1079 1988 1466 2063 εύαγγελιστὰς,
1515 1996 1625 2049 πῶς

1804 2023 1901 2076 Est
1921 2025 2121 2077 autem
2152 2020 2542 2077 admiratione
2567 2021 2840 2090 dignum,
2889 2018 3198 2092 quomodo
3221 2032 3392 2074 evan-

76 2081 144 2128 καὶ
185 2080 240 2130 τὰ
306 2075 566 2133 δοκοῦντα
637 2077 973 2134 ἐπονείδιστα
1040 2079 1327 2152 φιλαληθῶς
1382 2079 1624 2151 ἐπαγ-γέλ-

76 2163 191 2191 \-..--
255 2173 330 2191 ---ξ
388 2172 497 2191 -²--
565 2173 611 2191 _2
705 2170 764 2191 οι,
788 2165 878 2191 {)l,
970 2173 992 2191 ἰ
1059 2173 1136 2191 __\
1226 2170 1308 2191 ετ-.
1340 2165 1519 2191 Ω-.ρ--.,
1569 2171 1580 2181 '
1611 2188 1623 2191 -

1783 2109 1952 2165 elistaa
1989 2113 2278 2182 tanquam
2332 2109 2592 2165 veritatis
2631 2116 2950 2177 amatores,
3011 2124 3143 2181 quas
3209 2106 3388 2163 etiam

74 2163 212 2233 λονσι,
255 2173 336 2222 καὶ
381 2172 499 2222 οὔτε
559 2173 647 2222 τόν
705 2165 908 2223 Ἰούδαν
965 2173 996 2228 ἦ
1055 2173 1178 2232 τούς
1226 2165 1520 2229 Ἰουδαίους
1556 2171 1624 2230 ὡς

77 2252 195 2276 Σμῇικ
213 2258 222 2270 ⁸
317 2253 338 2276 θ
446 2260 456 2274 I
766 2263 790 2276 Π
932 2262 942 2276 ο
1020 2265 1033 2276 Α
1083 2255 1106 2276 Ω
1129 2260 1140 2274 ⁸
1250 2258 1269 2276 \
1385 2261 1397 2274 ν
1483 2254 1506 2276 δ
1544 2254 1567 2276 δ
1593 2259 1602 2272 ν

1783 2198 1995 2253 taxime
2043 2198 2330 2266 probrosa
2383 2198 2670 2263 videntur,
2728 2196 3010 2260 referunt,
3068 2200 3122 2251 et
3194 2208 3390 2267 neque

74 2253 255 2327 ἐχθρούς
304 2253 676 2334 διασύρουσιν,
728 2263 846 2311 οὔτε
890 2262 978 2312 τὸν
1008 2255 1333 2312 Διδάσκαλον
1373 2261 1441 2320 ὡς
1471 2254 1625 2310 διδά-

82 2342 228 2367 -..-”ι--.
275 2345 442 2367 ΙΙιο-
529 2363 542 2367 -
607 2345 704 2367 ῚΧἿῚ
772 2346 786 2362 9
877 2349 939 2367 Λα
1050 2348 1070 2363 η
1303 2343 1326 2367 θ
1433 2353 1481 2367 ,υ
1523 2365 1597 2367 __,,

1783 2287 1948 2342 idam
1979 2292 2081 2343 aut
2107 2287 2348 2342 Iudaeos
2377 2292 2664 2358 tanquam
2693 2286 2967 2341 inimicos
2995 2284 3279 2340 conviciis
3308 2283 3392 2339 la-

79 2343 229 2394 σκαλον
273 2345 492 2415 ύψούσιν
528 2363 543 2376 °
598 2345 704 2398 ἀλλ’
762 2346 971 2408 ἀπαθῶς
1035 2348 1241 2400 ἅπαντα
1291 2343 1623 2417 διηγοῦνται,

79 2435 143 2456 ..ι-ξ
187 2437 323 2456 .-.'_--_
380 2443 465 2456 At,
525 2434 715 2456 ",,ﬁ,l,
862 2455 893 2456 ιν
979 2436 1025 2456 ’ν
1119 2455 1122 2456 ,
1294 2440 1304 2454 ε
1402 2455 1409 2456 κ
1462 2455 1503 2456 7,
1574 2441 1625 2456 Af’

1783 2380 2004 2432 assunt:
2025 2392 2219 2448 neque
2241 2376 2602 2445 Magistrum,
2628 2380 2918 2448 tanquam
2937 2379 3392 2446 praeceptorem:

77 2435 145 2483 καὶ
180 2437 324 2504 μόνης
375 2443 469 2497 τῆς
515 2434 763 2498 ἀληθείας
813 2436 1170 2509 φροντίζουσι,
1224 2440 1312 2489 καὶ
1350 2441 1625 2506 πανταχοῦ

1783 2465 2055 2520 iblimem
2085 2434 2364 2528 efferunt:
2388 2465 2494 2520 sed
2532 2434 2707 2536 quasi
2755 2434 3392 2519 nullo.motiraﬂ‘ectu

78 2523 268 2587 γίνονται
289 2531 378 2585 τῆς
406 2528 621 2599 χρείας.

1783 2553 1942 2609 mnia
1979 2558 2244 2621 narrant,
2278 2569 2348 2609 ac
2394 2553 2576 2608 solius
2611 2569 2819 2609 curam
2851 2552 3074 2608 habent
3105 2551 3387 2617 veritatis,

1739 2647 1796 2699 et
1815 2642 2038 2716 ubique
2068 2643 2146 2699 ad
2166 2641 2226 2699 id
2252 2645 2410 2715 quod
2436 2657 2528 2697 res
2557 2641 2815 2713 postulat
2854 2657 2915 2696 se
2947 2639 3279 2696 conferunt.

222 2745 356 2795 ΚΕΦ.
387 2740 498 2806 Ξς’.
538 2746 668 2816 Περὶ
697 2747 792 2803 τῆς
826 2738 1080 2816 ἀρνήσεως
1107 2745 1200 2793 τοῦ
1232 2743 1449 2814 Πέτρου.

2094 2777 2252 2834 CAP.
2275 2776 2456 2832 LXVI.
2485 2776 2568 2832 De
2593 2775 2902 2846 negatione
2950 2775 3128 2831 Petri.

130 2848 164 2894 Ο
203 2840 253 2898 δε
296 2852 482 2922 Πέτρος
540 2879 612 2890 --
665 2852 718 2900 τί
753 2847 929 2918 ὶέγεις.
989 2851 1192 2913 Σκόπει,
1250 2855 1356 2906 πῶς
1403 2849 1489 2898 τὸν
1528 2849 1626 2918 πρὸ

73 2940 226 3003 μικροῦ
309 2935 604 2993 τηλικαῦτα
666 2936 1149 3009 μεγαλαυχήσαντα
1237 2932 1626 3011 θεραπαινίδιον

73 3014 240 3084 ἀσθενὲς
268 3023 539 3093 ἐπτόησεν,
589 3027 660 3088 ὡς
707 3027 805 3078 ὑπὸ
844 3034 934 3086 τῆς
975 3027 1110 3086 θείας
1141 3028 1359 3098 χάριτος
1411 3023 1626 3096 ἐγκατα-

70 3103 308 3178 λειφθέντα.

128 3198 390 3262 Ἐξελθόντα
444 3200 506 3257 δε
583 3203 738 3256 αὐτὸν
819 3235 886 3244 ——
954 3206 1041 3256 τὸν
1127 3204 1414 3278 ἄνθρωπον.
1493 3201 1620 3257 Φεύὲ

73 3287 137 3336 οἱα
176 3284 394 3348 διέθηκεν
430 3293 593 3345 αὐτὸν
625 3293 650 3344 6
681 3290 855 3365 φόϐος.
890 3291 965 3345 Ού
1014 3296 1165 3364 μόνον
1207 3295 1309 3366 γὰρ
1340 3294 1624 3367 ἠρνήσατο,

75 3371 173 3426 ὰ)λά
210 3385 290 3432 καὶ
332 3383 444 3454 μεθ’
499 3384 679 3457 ὅρκου.
714 3381 927 3444 Ἐξῆλθε
976 3378 1054 3449 δε,
1083 3386 1176 3434 ούκ
1205 3381 1301 3444 ἔξω
1330 3389 1420 3434 τοῦ
1463 3381 1628 3435 πυλῶ-

73 3482 148 3528 νος,
194 3465 291 3519 ἀλλ’
366 3471 438 3533 εἰς
502 3475 594 3523 τὸν
646 3470 873 3538 πυλῶνα,
929 3475 1217 3535 τουτέστιν,
1272 3475 1342 3534 είς
1397 3474 1453 3523 τὸ
1500 3490 1627 3544 προ-

76 3552 231 3625 αύλιον,
259 3559 324 3620 ὡς
353 3559 378 3611 6
407 3562 630 3633 Μάρκος
657 3555 783 3614 εἶπε.

1807 2889 1970 2943 Vers.
2001 2886 2091 2942 69.
2123 2886 2336 2940 Petrus
2361 2888 2558 2940 autem
2588 2912 2658 2922 —
2706 2883 2864 2938 Vers.
2897 2883 2990 2937 70.
3029 2880 3176 2952 quid
3199 2879 3383 2936 dicas.

1735 2975 1881 3032 Vide
1905 2973 2214 3048 quomodo
2239 2989 2398 3038 eum,
2431 2972 2531 3044 qui
2559 2971 2737 3043 paulo
2770 2973 2906 3027 ante
2953 2970 3105 3026 adeo
3131 2984 3259 3026 sese
3289 2968 3388 3040 ja-

1657 3072 1696 3130 C
1736 3063 1956 3132 ctabat,
1983 3062 2219 3118 infirma
2239 3077 2318 3116 an
2329 3060 2522 3116 sillula
2541 3063 2962 3133 praeceptorem
2985 3074 3203 3130 negare
3229 3058 3387 3126 fecit,

1734 3157 1938 3225 utpote
1968 3151 2169 3206 divina
2196 3150 2545 3205 destitutum
2579 3148 2798 3218 gratia.

1805 3244 1967 3298 Vers.
1982 3241 2044 3294 71
2061 3283 2076 3297 .
2099 3241 2248 3296 Cum
2264 3243 2460 3294 autem
2473 3238 2672 3294 exisset
2689 3268 2751 3279 -
2763 3235 2925 3292 Vers.
2941 3239 3029 3290 72.
3050 3235 3378 3291 Hominem.

1736 3331 1854 3386 lleu
1881 3329 2128 3401 qualem
2157 3326 2413 3383 reddidit
2450 3325 2561 3397 (oo)
2590 3341 2729 3380 eum
2760 3325 2934 3380 timor
2974 3323 2987 3376 ι
3022 3325 3146 3380 Non
3193 3322 3389 3380 solum

1735 3419 1893 3476 enim
1925 3417 2182 3489 negavit,
2239 3416 2347 3473 sed
2374 3416 2740 3472 etiamnum
2786 3414 3146 3485 juramento.
3202 3412 3391 3469 Exivit

1733 3514 1934 3566 autem
1963 3523 2084 3564 non
2110 3511 2274 3563 extra
2320 3503 2699 3569 vestibulum,
2752 3504 2851 3558 sed
2889 3502 2952 3558 in
3001 3501 3386 3565 vestibulum,

1732 3599 1847 3655 hoc
1876 3602 1982 3663 est,
2016 3596 2278 3669 priorem
2307 3593 2438 3652 atrii
2471 3598 2725 3666 partem.
2758 3595 2907 3649 Nam
2939 3594 3166 3649 Marcus
3193 3591 3388 3664 προαύ-

1732 3687 1840 3741 λιον
1875 3687 2047 3742 dixit.

127 3771 247 3820 Μετὰ
305 3775 491 3845 μικρὸν
565 3803 634 3812 —
689 3774 777 3824 τὸν
837 3772 1124 3845 ἄνθρωπον.
1191 3770 1249 3824 Ὀ
1307 3766 1367 3823 δὲ
1418 3772 1625 3841 Μάρκος

1806 3798 1965 3850 Vers.
1990 3798 2082 3849 ’73.
2106 3793 2179 3848 Et
2206 3797 2332 3860 post
2356 3791 2640 3862 pusillum
2671 3819 2738 3829 —
2765 3791 2922 3844 Vers.
2955 3791 3047 3844 74.
3077 3786 3389 3843 Hominem

67 3857 249 3927 ἔγραψεν
290 3861 365 3914 ὅτι
417 3867 522 3915 Καὶ
576 3865 679 3934 γὰρ
725 3860 988 3921 Γαλιλαῖος
1041 3857 1101 3925 εἶ,
1148 3865 1236 3913 καὶ
1267 3863 1296 3918 ἡ
1337 3859 1488 3912 λαλιά
1530 3877 1624 3911 σου

1786 3899 1959 3938 arcus
1985 3887 2183 3937 autem
2206 3857 2394 3935 dixit:
2421 3879 2567 3934 Nam
2597 3885 2650 3934 et
2679 3877 2969 3933 Galilwus
2990 3884 3134 3939 es,et
3161 3875 3392 3948 loquela

67 3947 302 4010 ὁμοιάζειο
333 3949 480 4021 εἶχον
515 3953 622 4024 γάρ
671 3969 722 4002 τι
771 3952 1086 4024 παράσημον
1141 3948 1321 4009 στολῆς
1373 3950 1422 4000 οἱ
1470 3947 1625 4000 Γαλι-

1783 3987 1837 4027 ια
1876 3970 2147 4028 convenit
2177 3970 2247 4026 οι.
2280 3967 2594 4023 Habebant
2624 3967 2783 4022 enim
2817 3965 3124 4037 quidpiam
3155 3947 3391 4034 insigne

63 4028 188 4100 laici,
213 4043 290 4089 ναὶ
336 4045 440 4110 μήν
489 4044 587 4090 καὶ
644 4035 905 4110 ίδιώματά
955 4057 1072 4090 τινα
1116 4033 1412 4092 διαλέκτου.
1456 4043 1624 4090 Κατα-

1786 4059 1959 4114 alilaei
1998 4057 2060 4113 in
2091 4061 2269 4126 veste,
2326 4060 2382 4111 et
2410 4055 2708 4128 quasdam
2751 4028 3038 4125 praeterea
3089 4028 3390 4108 idiomatis

66 4119 312 4189 σιματίζιιν
359 4128 478 4197 (93)
529 4124 596 4180 δέ
641 4125 754 4180 ἔστι
795 4131 854 4178 τὸ
896 4125 1307 4198 ἀναθεματίζειν-
1342 4124 1492 4178 Οὕτω
1520 4128 1623 4198 γὰρ

1783 4147 2144 4219 roprietates.
2174 4143 2478 4199 Exsecrari
2506 4148 2703 4198 autem
2738 4145 2831 4196 est
2877 4141 3185 4196 devovere.
3217 4139 3385 4195 Unde

60 4212 294 4285 όΜὰρκος
348 4214 479 4283 εἶπε,
537 4221 631 4268 καὶ
690 4217 844 4288 ἄμφω
894 4212 953 4268 δε
1003 4219 1155 4268 ταυτὶ
1205 4218 1264 4267 τὸ
1294 4217 1625 4288 καταρᾶσθαι

1786 4212 1960 4293 arcus
2012 4234 2251 4306 scripsit
2290 4231 2679 4304 ἀναθεματίζειν
2719 4232 2788 4285 θ’.
2825 4228 3014 4285 Ambo
3052 4242 3191 4284 vero
3238 4227 3385 4296 haec,

64 4292 270 4353 δηλοῦσι
1739 4324 2182 4382 maledictiones
2210 4321 2424 4377 inferre
2475 4318 2831 4390 signiﬁcant.

119 4410 202 4458 Καὶ
258 4409 437 4472 εὐθέως
497 4441 571 4451 —
622 4429 704 4484 με.
772 4413 986 4479 Μάρκος
1039 4406 1098 4463 δέ
1149 4429 1326 4483 φησιν,
1396 4412 1479 4463 ὅτε
1534 4413 1624 4483 μὲν

1805 4413 1969 4469 Vers.
2026 4412 2115 4468 74.
2143 4411 2472 4482 Statimque
2524 4437 2592 4450 -—-
2639 4407 2802 4462 Vers.
2862 4404 2954 4459 75.
3007 4417 3120 4461 me.
3159 4405 3390 4459 Marcus

61 4493 174 4555 ἅπαξ
212 4498 236 4548 ὁ
280 4504 472 4574 Πέτρος
525 4500 817 4574 ἠρνήσατο,
860 4503 973 4552 τότε
1023 4503 1110 4552 τὸν
1158 4499 1407 4575 ἀλέκτορα
1459 4509 1595 4572 φωνῆ

1783 4508 1935 4559 utem
1966 4500 2132 4567 dixit,
2160 4498 2321 4571 quod
2349 4513 2486 4553 cum
2513 4499 2711 4552 Petrus
2732 4493 2915 4550 semel
2941 4491 3200 4561 negavit,
3245 4493 3389 4546 tunc

62 4595 134 4631 σαι
155 4585 420 4659 τὸπρῶτον
455 4607 469 4620 ο
503 4589 593 4640 ὅτε
623 4584 684 4640 δε
711 4593 904 4662 τρίτον,
933 4591 1047 4640 τότε
1087 4591 1146 4640 τὸ
1179 4585 1435 4663 δεύτερον.
1472 4595 1618 4650 Ἐσηο

1783 4593 1922 4649 allus
1952 4591 2216 4663 primum
2247 4587 2456 4642 cecinit
2489 4602 2500 4642 :
2535 4583 2780 4657 quando
2818 4597 2960 4638 vero
3008 4581 3174 4637 tertio
3203 4595 3386 4650 nega—

61 4677 278 4735 μειώσατο
325 4673 384 4729 δὲ
427 4684 609 4740 τοῦτο,
651 4673 822 4734 δηλῶν
879 4678 955 4728 ὅτι
1003 4681 1118 4730 οὗτε
1167 4679 1197 4736 ἡ
1254 4685 1428 4751 πρώτη
1481 4685 1618 4751 φωνή

1783 4688 1828 4748 t,
1859 4687 1996 4736 tunc
2028 4677 2295 4734 secundo
2345 4673 2559 4730 cecinit
2583 4676 2650 4728 ⁸⁵.
2707 4671 2940 4730 Notavit
2993 4674 3194 4726 autem
3244 4669 3382 4736 hoc,

60 4764 132 4808 τοῦ
175 4759 433 4837 ἀλέκτορος
486 4765 772 4837 ἀνέμνησεν
827 4765 1002 4819 αύτὸν.
1059 4772 1159 4820 Καὶ
1218 4769 1243 4819 6
1300 4774 1507 4831 Λουκᾶς
1562 4767 1621 4823 δὲ

1783 4769 2122 4826 tanifestans
2146 4764 2310 4838 quod
2352 4765 2607 4835 primum
2635 4760 3002 4833 gallicinium
3034 4773 3156 4814 non
3185 4757 3386 4814 admo-

56 4843 165 4916 λί-ιτι
230 4852 375 4904 πάλιν
452 4855 538 4906 ὅτι
619 4856 750 4925 μετά
816 4857 874 4906 τὸ
931 4862 1169 4927 φωνῆσαι
1215 4858 1302 4908 τὸν
1350 4855 1616 4931 ἀλέκτορα,

1783 4860 1857 4914 uit
1885 4872 2042 4913 eum.
2073 4858 2327 4911 Rursum
2350 4857 2538 4909 autem
2561 4852 2746 4907 Lucas
2777 4848 2996 4915 scribit,
3030 4845 3196 4921 quod
3223 4850 3383 4921 post-

114 4971 331 5033 ”Iarc.
373 4993 501 5043 xxv,
536 4977 652 5043 65;
694 4978 830 5034 Luc.
863 4993 1010 5049 xxn,
1054 4978 1145 5034 64.
1227 4981 1274 5014 ⁸³
1322 4981 1498 5038 Marc.
1555 5001 1625 5040 xr

1792 5027 1803 5039 .
1881 4985 1930 5019 9‘
1978 4980 2122 5038 Ibid.
2179 4983 2272 5036 70.
2357 4979 2405 5014 ³⁵
2464 4975 2618 5033 lbid.
2674 4976 2764 5032 71.
2842 4975 2890 5011 ⁸⁵
2932 4972 3084 5031 ibid.
3139 4975 3225 5040 68,
3280 4975 3370 5030 72.

1227 5094 1450 5164 Variae
1487 5097 1815 5168 lecliones
1856 5107 1929 5166 et
1961 5105 2182 5164 notae-

109 5221 204 5304 (‘91)
238 5224 317 5282 lta
340 5225 652 5300 Chrysost.
682 5226 787 5283 sed
807 5226 882 5284 de
902 5242 965 5283 re
990 5226 1128 5297 alia,
1147 5231 1293 5286 tom.
1325 5231 1443 5303 VII,
1473 5247 1610 5304 pag.
1791 5234 1917 5304 (93),
1935 5231 2020 5286 Ita
2040 5228 2226 5300 etiam
2254 5230 2504 5304 uterque
2529 5226 2610 5304 _in
2648 5227 2921 5304 contextu
2949 5221 3229 5304 Matthaei.
3267 5223 3382 5304 Ποῖ

55 5289 199 5372 ΨΑ.
232 5366 242 5372 .
348 5370 357 5372 _
401 5365 421 5372 _
456 5289 487 5372 ί
522 5371 527 5372 ,
640 5367 655 5372 _
779 5370 807 5372 _
1111 5289 1124 5297 ⁷
1430 5289 1443 5303 ’
1474 5289 1492 5304 ⁵
1553 5289 1589 5304 υ
1719 5289 1828 5361 cte.
1858 5289 2140 5368 Alterum,
2165 5298 2332 5372 quod
2370 5289 2480 5354 n'ec
2518 5295 2954 5372 Complutensis
2985 5295 3161 5352 editio
3189 5292 3388 5350 habet

110 5365 208 5436 (92)
231 5366 308 5430 Ὠς
335 5370 361 5422 ὁ
388 5365 745 5431 διδάσκαλος.
778 5370 839 5424 Β.

1783 5392 1789 5431 :
1821 5391 1925 5430 suo
1951 5365 2158 5428 Lexico
2185 5365 2577 5443 "deprompsit
2619 5365 2924 5426 Erasmus.

107 5541 218 5617 (πη)
242 5546 466 5628 Δνιιειιαο
502 5551 636 5606 lmo
663 5562 830 5606 cava.
859 5549 1028 5606 Forte
1058 5567 1175 5622 mp
1210 5565 1319 5622 pro
1347 5551 1492 5628 κοίλη
1522 5552 1609 5609 in-
1787 5551 1897 5626 (oo)
1928 5551 2174 5622 Qualem
2211 5548 2495 5608 reddidit.
2545 5548 2674 5614 Quo
2686 5544 2868 5604 modo
2923 5541 3138 5601 etfacit.

55 5623 277 5675 venerat.
