3904 6210
494 276 603 332 703

1803 258 2156 321 EUTHYMII
2205 255 2529 315 ZIGABENI
3699 255 3775 316 τω

496 418 681 475 quam
717 400 907 473 gallus
926 397 1151 463 cecinit,
1195 410 1515 454 conversus
1566 392 1852 451 Dominus
1885 386 2114 459 respexi

2261 387 2502 456 στραφεὶς
2579 382 2605 435 ό
2692 383 2901 456 Κύριος,
2950 378 3177 453 ἐνέϐλεψε
3221 387 3293 452 τῷ
3346 383 3542 454 Πέτρῳ,
3595 374 3670 432 διὰ
3714 388 3771 432 τοῦ

495 494 751 556 Petrum,
784 505 889 561 per
913 492 1212 559 aspectum
1244 487 1323 541 ad
1373 484 1726 541 memoriam
1775 496 1914 536 eum
1973 476 2145 533 redu-

497 596 638 635 cens
684 580 749 633 ⁸⁷.
801 577 961 632 Adeo
1011 576 1173 632 enim
1246 575 1406 631 illum
1457 573 1756 629 devicerat
1830 570 2025 635 timor,
2085 570 2146 620 ut

494 666 879 739 paulominus
909 665 1080 720 fuerit
1106 670 1414 721 emortuus
1444 679 1458 717 :
1485 676 1743 733 cumque
1790 657 1986 729 gallus
2022 669 2143 709 non

496 755 679 811 semel
703 760 951 822 tantum,
981 755 1082 810 sed
1135 758 1192 810 et
1236 754 1328 809 bis
1353 751 1679 815 cecinisset,
1708 762 1900 818 neque
1947 746 2023 800 ita
2064 744 2143 799 ad

495 860 737 901 sensum
767 844 1034 909 redierat,
1066 844 1165 897 sed
1190 858 1343 913 Opus
1372 841 1550 896 etiam
1586 838 1772 893 fuerat
1816 833 2142 890 Salvatoris

495 938 755 1005 aspectu.
797 932 943 987 Vide
999 947 1141 1000 ergo
1189 930 1589 985 inﬁrmitatem
1642 927 1702 982 in
1746 941 1933 997 quam
1976 920 2139 978 brevi

496 1026 761 1092 tempore
791 1020 959 1076 tertio
991 1020 1387 1088 negaverit,et
1419 1016 1750 1073 successive
1780 1018 1898 1069 tres
1928 1011 2141 1068 emise—

494 1110 569 1165 rit
601 1109 1097 1180 negationes,non
1127 1106 1559 1179 qumstionibus
1590 1102 1980 1167 examinatus,
2011 1100 2138 1155 sed-

495 1197 644 1255 forte
670 1198 909 1253 fortuna
936 1198 996 1253 iu
1044 1198 1298 1253 transitu
1342 1194 1677 1266 requisitus.

567 1288 725 1342 Vers.
758 1288 851 1343 75.
920 1287 996 1341 Et
1036 1302 1296 1355 egressus
1345 1315 1413 1325 —
1457 1298 1681 1340 amare.
1737 1284 2020 1351 Egressus
2050 1284 2138 1335 est

494 1375 671 1440 foras,
730 1390 805 1431 ne
854 1374 1002 1429 forte
1067 1374 1217 1430 ﬂens
1266 1380 1323 1428 et
1377 1372 1502 1443 ipse
1557 1369 2128 1443 apprehenderetur.

493 1462 678 1519 Flevit
707 1468 930 1527 autem,
962 1478 1084 1518 non
1126 1467 1445 1533 utcunque,
1496 1462 1600 1515 sed
1634 1459 1864 1514 acerbe.
1911 1460 2139 1514 Marcus

495 1558 695 1608 autem
716 1552 857 1607 dicit
880 1553 948 1615 9',
979 1551 1142 1623 quod
1169 1550 1455 1621 adjiciens
1475 1549 1666 1614 ﬂevit;
1687 1546 1996 1618 adjiciens,
2024 1546 2138 1601 hoc

492 1644 581 1696 est
615 1640 923 1713 incipiens.
956 1640 1219 1696 Joannes
1250 1654 1386 1695 vero
1414 1639 1549 1705 hoc,
1582 1643 1872 1709 tanquam
1902 1636 1981 1691 ab
2008 1634 2136 1691 aliis

492 1729 718 1785 dictum
748 1728 1141 1799 praetermisit.

565 1818 767 1873 Vidisti
808 1820 1120 1888 peccatum
1141 1818 1168 1873 ?
1198 1817 1328 1872 vide
1353 1821 1405 1871 et
1436 1815 1866 1888 paenitentiam.
1901 1813 1989 1871 0b
2022 1813 2136 1870 hoc

494 1907 653 1962 enim
700 1912 943 1977 peccata
993 1910 1049 1962 et
1098 1905 1453 1977 pmnitentias
1518 1909 1859 1960 sanctorum
1916 1904 2137 1975 scripta

493 1999 650 2050 sunt.
700 1994 1032 2050 Permissus
1083 1999 1171 2049 est
1214 2001 1414 2050 autem
1467 1993 1678 2049 cadere
1733 1996 1957 2057 Petrus,
2012 2007 2135 2047 non

492 2088 733 2155 propter
769 2083 952 2138 dictas
988 2086 1220 2139 tantum
1250 2098 1486 2148 causas,
1517 2083 1615 2136 sed
1656 2081 1835 2137 etiam
1865 2086 1928 2136 ut
1969 2081 2135 2153 igno-

491 2186 653 2227 scere
682 2170 876 2227 discat
912 2170 1007 2226 his
1035 2186 1273 2243 quoque
1304 2170 1410 2242 qui
1439 2170 1731 2234 labuntur,
1766 2170 1981 2226 horum
2024 2171 2131 2225 im-

488 2258 864 2315 becillitatem
893 2274 962 2314 ex
996 2275 1109 2315 sua
1138 2274 1544 2328 cognoscens:
1577 2275 1718 2315 nam
1754 2263 1954 2331 pastor
1991 2274 2131 2313 con-

488 2346 821 2403 stituendus
855 2352 982 2403 erat
1015 2364 1027 2401 :
1061 2351 1118 2402 et
1149 2353 1208 2404 ut
1239 2363 1600 2416 magnorum
1640 2347 1831 2403 iactus
1856 2351 2133 2419 operator

488 2435 934 2502 miraculorum,
978 2435 1287 2492 modestus
1311 2437 1403 2501 sit,
1436 2451 1505 2493 ac
1531 2438 1622 2491 sui
1653 2452 1830 2492 casus
1860 2435 2132 2491 recorda-

486 2528 603 2588 tus,
635 2526 749 2579 Deo
779 2539 905 2579 rem
930 2539 1172 2580 omnem
1203 2523 1478 2581 ascribat.
1514 2524 1818 2597 Siquidem
1840 2529 1896 2581 et
1916 2524 2131 2579 Paulus

487 2628 625 2668 cum
642 2612 1061 2669 tentationibus
1086 2613 1414 2684 permissus
1435 2616 1522 2668 est
1547 2628 1838 2684 pugnare,
1854 2628 1929 2669 ne
1951 2612 2130 2669 extol-

484 2700 720 2769 leretur,
753 2706 816 2757 ut
843 2702 970 2773 ipse
1008 2702 1089 2758 ait
1126 2705 1195 2757 ’9.
1238 2703 1614 2758 Potissimum
1645 2707 1867 2770 autem,
1900 2708 1961 2757 ut
1993 2717 2119 2773 pec~

484 2789 787 2846 catoribus
831 2789 1056 2846 clarum
1087 2796 1239 2846 esset
1266 2791 1625 2862 paenitentiae
1659 2791 2017 2863 exemplum.
2069 2791 2128 2846 Si

483 2878 643 2934 enim
668 2883 1019 2935 cmterorum
1069 2880 1346 2952 princeps
1372 2879 1803 2951 apostolorum,
1853 2880 1953 2952 qui
1984 2879 2127 2935 tales

482 2967 724 3023 virtutes
749 2973 805 3023 et
843 2968 1070 3023 viderat
1117 2973 1173 3023 et
1196 2968 1431 3038 fecerat,
1470 2969 1712 3025 tandem
1758 2970 1817 3024 in
1862 2969 2125 3038 negatio-

483 3070 621 3111 nem
652 3054 858 3127 lapsus
888 3061 974 3113 est
999 3073 1012 3111 :
1041 3056 1255 3113 deinde
1278 3058 1479 3127 agnito
1509 3058 1717 3114 delicto
1747 3058 1913 3113 illum
1942 3057 2127 3130 pmni-
2160 3074 2199 3129 (ς

480 3144 609 3210 tuit,
625 3149 681 3201 et
706 3160 823 3200 non
858 3145 1053 3201 solum
1070 3146 1235 3203 brevi
1268 3151 1529 3219 tempore
1554 3147 1851 3204 maculam
1882 3163 2126 3203 omnem

482 3232 781 3299 abstersit,
812 3235 916 3291 sed
956 3241 1010 3292 et
1060 3244 1403 3293 casterorum
1442 3242 1645 3308 pastor
1696 3236 2126 3309 discipulorum

483 3328 719 3380 creatus
750 3329 855 3391 est,
897 3330 953 3381 et
995 3326 1304 3382 multorum
1336 3342 1402 3381 ac
1455 3342 1812 3397 magnorum
1852 3331 2128 3398 operator

483 3411 908 3469 miraculorum
925 3414 1258 3485 appellatus
1284 3420 1369 3470 est
1404 3431 1417 3479 ;
1451 3414 1681 3470 nullum
1712 3415 1816 3486 qui
1847 3414 2129 3470 ceciderit

479 3499 801 3572 desperare
831 3503 1123 3567 convenit,
1157 3502 1263 3557 sed
1298 3502 1454 3558 illico
1487 3503 1896 3573 paenitentiam
1951 3518 2126 3571 agere

481 3603 620 3644 cum
678 3589 910 3646 divitias
978 3595 1297 3661 cognoscat
1336 3591 1812 3646 mansuetudinis
1873 3591 2123 3648 Domini.

553 3832 618 3888 Et
664 3833 754 3890 hic
810 3850 1052 3908 quoque
1104 3836 1572 3904 observandum,
1626 3838 1786 3909 quod
1816 3838 2128 3896 Matthasus

479 3920 726 3992 quidem
767 3924 783 3959 ί
818 3928 873 3979 et
897 3925 1118 3980 Marcus
1148 3928 1169 3963 ³
1218 3928 1579 3998 scripserunt
1609 3928 1869 3999 primum
1907 3928 2128 3985 factam

481 4022 612 4065 esse
638 4027 668 4065 a
694 4011 958 4083 principe
986 4014 1363 4070 sacerdotum
1388 4016 1933 4085 interrogationem,
1963 4018 2125 4073 deiu-

479 4098 554 4155 de
583 4099 923 4156 Judaeorum
954 4100 1223 4172 injurias,
1259 4108 1317 4159 et
1346 4106 1734 4177 postmodum
1767 4108 1912 4162 Petri
1952 4122 2129 4178 nega-

480 4186 691 4243 tiones.
720 4189 911 4245 Lucas
940 4206 1077 4246 vero
1104 4191 1367 4263 primum
1392 4194 1544 4249 Petri
1570 4195 1937 4263 negationes,
1966 4195 2128 4251 dein-

479 4275 550 4333 de
570 4277 841 4347 injurias,
858 4279 1244 4350 postmodum
1268 4280 1421 4338 facto
1438 4282 1568 4353 jam
1595 4282 1689 4337 die
1717 4284 2128 4353 interrogatio-

2255 470 2547 544 βλέμματος
2644 472 3055 543 ὑπομιμνήσκων
3139 471 3314 524 αὐτόν.
3397 476 3639 523 Τοσοῦτον

2253 562 2412 613 αὐτοῦ
2486 562 2869 635 κατεκράτησεν
2950 561 2975 611 ὀ
3062 559 3232 632 φόϐος,
3311 562 3380 620 ὡς
3450 557 3775 615 ἀποτεθνηκέιιί

2251 658 2461 722 μικροῦ,
2518 654 2607 702 καὶ
2676 657 2766 702 τοῦ
2846 648 3117 723 ἀλέκτορος
3193 653 3520 720 φωνήσαντος
3576 647 3627 698 οὐ
3670 652 3771 719 μόνον

2250 739 2410 807 ἅπαξ,
2442 738 2567 790 ἀλλά
2609 742 2698 791 καὶ
2744 734 2848 802 δὶς,
2882 735 3011 809 μηδ’
3051 738 3213 799 οὕτως
3259 739 3329 799 είς
3379 738 3616 793 αἰσθησιν
3645 735 3771 797 ﬁeri),

2251 826 2376 880 ἀλλὰ
2421 824 2673 885 δεηθῆναι
2720 832 2807 878 καὶ
2861 835 2951 879 τοῦ
2984 825 3277 899 βλέμματος
3323 833 3414 877 τοῦ
3449 821 3773 899 Σωτῆρος.’1δε

2248 924 2372 987 γοῦν
2404 915 2689 981 ἀσθένειαν,
2742 924 2846 975 πῶς
2904 920 2953 968 έν
3010 914 3207 988 βραχεῖ
3258 934 3421 984 καιρῳ
3470 918 3631 985 τρίτον
3663 915 3775 987 ἠρνή-

2252 1026 2399 1071 σατο,
2432 1010 2521 1057 καὶ
2560 1004 2614 1057 ἐκ
2646 1002 2917 1077 διαδοχῆς
2965 1007 3059 1065 τὰς
3100 1012 3233 1078 τρεῖς
3259 1003 3497 1076 ἀρνήσεις
3535 1002 3772 1061 ἐποιήσατο.

2248 1098 2336 1145 καὶ
2382 1094 2475 1145 οὐκ
2527 1092 2847 1166 ἐταξόμενος,
2899 1092 3026 1158 ἀλλ’,
3082 1095 3153 1155 ὡς
3202 1095 3380 1163 ἔτυχε,
3426 1094 3565 1144 κατὰ
3602 1088 3776 1163 πάροδον

2248 1180 2565 1255 ἐρωτώμενος
2578 1223 2590 1235 .

2322 1275 2422 1324 Καὶ
2490 1269 2700 1332 ἐξελθὼν
2752 1300 2821 1309 -
2875 1277 3094 1345 πικρῶς.
3151 1268 3387 1332 Ἐξῆλθεν
3457 1268 3572 1334 ἔξω,
3645 1266 3779 1340 φοϐον-

2247 1378 2393 1431 μενος
2468 1362 2667 1429 μήποτε
2746 1357 2933 1410 κλαίων
2996 1359 3305 1429 κατασχιθῇ
3380 1362 3469 1408 καὶ
3532 1356 3683 1417 αὐτός.
3720 1354 3777 1408 Ἐ-

2246 1446 2440 1501 κλαυσε
2471 1444 2529 1499 δε
2558 1447 2664 1518 οὐχ
2695 1446 2886 1510 ἁπλῶς,
2922 1445 3047 1499 ἀλλὰ
3075 1455 3289 1518 πικρῶς.
3311 1445 3370 1497 Ὀ
3395 1442 3454 1498 δε
3480 1441 3778 1518 Μάρκοςεῖπιν

2246 1538 2325 1589 ὅτι
2399 1534 2649 1588 ἐπιϐαλὼν
2724 1535 2919 1588 ἔκλαιεν
2944 1553 2956 1565 ⁸
2990 1534 3263 1599 ἐπιϐαλών,
3328 1533 3442 1586 ἀντὶ
3507 1542 3611 1599 τοῦ,
3669 1532 3781 1604 ἄρξεις

2245 1644 2416 1696 μενος.
2467 1626 2708 1687 Ἰωάννης
2756 1622 2816 1677 δε
2866 1629 2955 1677 καὶ
2998 1632 3150 1677 τοῦτο
3208 1620 3560 1698 παρέδραμεν,
3605 1625 3665 1684 ὡς
3704 1628 3779 1681 τοῖς

2246 1714 2419 1775 ἄλλοις
2449 1714 2735 1786 εἰρημένον.

2358 1799 2380 1816 η
2668 1800 2679 1813 .
2841 1805 2851 1818 .
2988 1804 3010 1817 ,,
3203 1805 3212 1819 .
3533 1802 3545 1814 ,
3766 1802 3773 1812 .

2315 1799 2461 1863 Ειδες
2514 1807 2608 1860 την
2657 1820 2935 1875 αμαρτιαν,
2991 1797 3072 1853 ιδε
3131 1820 3220 1853 και
3275 1805 3368 1858 τὴν
3412 1820 3686 1873 μετανοιαν.
3716 1808 3781 1851 Δία

2244 1900 2395 1944 τοῦτο
2450 1894 2550 1963 γὰρ
2615 1895 2704 1942 καὶ
2770 1894 2823 1942 αὶ
2872 1890 3124 1962 ἁμαρτίαι
3169 1894 3253 1941 καὶ
3308 1891 3363 1941 αἱ
3412 1892 3665 1961 μετάνοιαι
3713 1898 3782 1940 τῶν

2244 1979 2405 2051 ἁγίων
2468 1978 2784 2053 ἐγράφησαν,
2841 1980 2942 2043 ἶνα,
2997 1980 3116 2030 ὅταν
3172 1977 3504 2051 ἀμάρτωμεν,
3560 1980 3783 2050 μιμώμεθα

2242 2073 2336 2127 τὴν
2400 2071 2595 2120 τούτων
2665 2070 2959 2139 μετάνοιαν.
3013 2069 3376 2141 Παρεχωρήθη
3452 2064 3515 2120 δε
3566 2075 3714 2119 πεσεῖν
3766 2066 3783 2115 ὁ

2244 2162 2433 2227 Πέτρος
2472 2156 2531 2208 οὐ
2580 2160 2732 2228 μόνον
2786 2152 2881 2207 διὰ
2926 2157 3014 2215 τὰς
3061 2154 3295 2227 ἀνωτέρω
3339 2156 3585 2229 ῥηθείσας
3634 2155 3779 2217 αἰτίας,

2240 2244 2368 2297 ἀλλά
2404 2250 2491 2297 καὶ
2543 2248 2625 2297 ίνα
2665 2247 2804 2317 μάθη
2851 2251 3226 2315 σνγγνωμονείν
3281 2251 3392 2306 τοῖς
3429 2244 3784 2307 ὀλισθαίνουσα,

2240 2334 2295 2387 ἐκ
2350 2342 2446 2397 τῆς
2500 2334 2693 2394 οἰκείας
2737 2332 3003 2393 ἀσθενείας
3056 2337 3147 2384 καὶ
3202 2337 3295 2390 τὴν
3351 2336 3548 2385 τούτων
3600 2332 3786 2403 ἐπιγινώ-

2240 2442 2397 2475 σκωνο
2452 2422 2619 2495 ἔμελλε
2673 2424 2774 2494 γὰρ
2832 2426 3025 2493 ποιμὴν
3080 2428 3427 2480 καταστῆναι·
3486 2427 3573 2474 καὶ
3620 2424 3688 2474 ίνα
3720 2438 3783 2472 τι·

2237 2511 2536 2586 λεσιουργός
2604 2511 2837 2582 μεγάλων
2920 2512 3194 2581 θαυμάτων
3275 2515 3562 2583 γινόμενος,
3624 2528 3788 2583 πετρω-

2239 2608 2417 2673 φρονῇδ
2471 2605 2559 2652 καὶ
2607 2606 2698 2651 τοῦ
2748 2604 3018 2670 πτώματος
3078 2602 3425 2671 μνημονεύων,
3487 2607 3557 2669 τῷ
3607 2606 3702 2667 Θεῷ
3743 2600 3786 2646 τὸ

2236 2695 2337 2741 πᾶν
2383 2688 2750 2761 ἐπιγράφηται.
2810 2692 2906 2740 Καὶ
2958 2686 3157 2748 Παῦλος
3203 2689 3305 2759 γὰρ
3362 2695 3660 2760 πειρασμοῖς
3701 2685 3788 2753 (94)

2238 2776 2397 2849 ἀφέθη
2456 2776 2709 2842 παλαίειν,
2771 2777 2854 2827 ἶνα
2901 2780 2996 2847 μὴ,
3064 2778 3128 2837 ὡς
3186 2776 3343 2837 αὐτός
3397 2796 3580 2848 φησιν,
3625 2778 3789 2848 ὑπεραίο

2234 2886 2411 2941 ρηται.
2466 2870 2523 2918 τό
2573 2862 2631 2918 δι
2684 2865 2882 2937 μεῖζον,
2930 2866 3012 2916 ἶνα
3053 2872 3163 2926 τοῖς
3201 2864 3562 2938 ἁμαρτάνουσι
3597 2864 3787 2935 λαμπρὸν

2235 2958 2312 3013 εἴη
2357 2951 2696 3027 παράδειγμα
2737 2957 3028 3027 μετανοίας.
3084 2954 3142 3005 Εἰ
3194 2954 3308 3024 (95)
3348 2957 3453 3027 γὰρ
3499 2956 3525 3006 ό
3556 2957 3787 3024 κορυραῖος

2235 3052 2333 3097 τῶν
2381 3047 2645 3117 μαθητῶν,
2693 3043 2719 3095 ό
2767 3042 3083 3100 τηλικούτων
3128 3038 3394 3114 δυνάμεων
3425 3046 3517 3103 τὰς
3561 3046 3645 3114 μὶν
3673 3036 3789 3102 ἰδὼν,

2235 3136 2324 3194 τὰς
2373 3112 2432 3186 ἐξ
2477 3132 2703 3197 τελέσας,
2736 3130 2951 3205 ὕστερον
2996 3112 3283 3188 ὠλίσθησεν
3324 3131 3396 3194 εἰς
3441 3112 3672 3204 ἄρνησιν,
3709 3125 3795 3181 εἶτα

2234 3226 2293 3274 τὸ
2356 3220 2845 3293 πεπλημμελημένον
2912 3218 3152 3289 ἐπιγνοὺς
3208 3224 3296 3271 καὶ
3370 3225 3707 3291 μετανοήσας,
3750 3215 3794 3267 οὐ

2235 3316 2387 3383 μόνον
2440 3310 2487 3362 ἐν
2544 3310 2700 3380 ὀλίγῳ
2751 3316 2915 3381 καιρῷ
2967 3307 3131 3360 τέλεον
3174 3308 3310 3359 ἅπαν
3367 3309 3644 3380 ἰπηλειψτν
3684 3307 3795 3376 (96).

2235 3399 2362 3453 ἀλλά
2390 3405 2479 3452 καὶ
2512 3403 2706 3471 ποιμὴν
2760 3407 2858 3450 τῶν
2905 3395 3067 3448 ἄλλων
3098 3398 3345 3469 μαθητῶν
3388 3398 3693 3472 προεϐλήθη,
3729 3398 3797 3443 καὶ

2235 3489 2429 3542 πολλῶν
2486 3494 2575 3540 καὶ
2637 3485 2869 3559 μεγάλων
2928 3488 3202 3557 θαυμάτων
3252 3486 3547 3558 αὐτουργὸς
3601 3485 3800 3557 ἐχρημά-

2234 3598 2375 3630 τισεν
2404 3596 2416 3607 ·
2449 3573 2635 3629 οὐδένα
2666 3579 2892 3628 πεσόντα
2937 3579 3047 3647 χρὴ
3101 3582 3433 3643 καταπεσεῖν,
3488 3575 3595 3627 ἀλλ’
3648 3572 3799 3624 αὐτίκα

2235 3674 2513 3735 μετανοεῖν,
2567 3665 2834 3717 ἐννοοῦντα
2891 3666 2978 3715 τὸν
3033 3662 3253 3715 πλοῦτον
3302 3670 3400 3724 τῆς
3448 3672 3543 3717 τοῦ
3578 3666 3800 3716 Δεσπότου

2235 3760 2626 3829 χρηστότητος.

2310 3845 2587 3897 Κάνταῦθα
2660 3838 2719 3894 δε
2793 3844 3187 3911 παρατηρητέον
3266 3842 3348 3892 ότι
3420 3843 3685 3901 Ματθαῑος

2235 3938 2325 3985 καὶ
2368 3935 2575 4005 Μάρκος
2625 3929 2857 4003 ἔγραψαν
2913 3937 3113 4002 πρῶτον
3148 3930 3387 4000 γενέσθαι
3435 3934 3533 3987 τὴν
3563 3931 3697 4001 παρὰ
3732 3928 3801 3975 τοῦ

2236 4019 2521 4095 ἀρχιερέως
2578 4018 2850 4093 ἐρώτησιν,
2903 4015 3013 4070 εἶτα
3064 4020 3153 4077 τὰς
3206 4016 3309 4069 ἀπὸ
3387 4026 3498 4070 τῶν
3570 4011 3801 4071 Ἰουδαίων

2236 4108 2464 4180 ἀτιμίας,
2521 4111 2696 4159 ἔπειτα
2743 4110 2839 4168 τὰς
2894 4104 3135 4178 ἀρνήσεις
3179 4114 3271 4158 τοῦ
3332 4110 3536 4179 Πέτρου
3573 4128 3585 4139 ·
3634 4107 3804 4158 Λουκᾶς

2236 4193 2294 4249 δε
2335 4205 2537 4269 πρῶτον
2580 4199 2673 4257 τὰς
2721 4194 2962 4269 ἀρνήσεις
2992 4211 3004 4224 ⁸
3060 4191 3167 4246 εἶτα
3216 4196 3310 4253 τὰς
3360 4192 3605 4266 ἀτιμίας,
3645 4196 3805 4253 ἔπειτα,

2232 4290 2499 4357 γενομένης
2548 4287 2746 4357 ἡμέρας
2802 4283 3000 4346 λοιπὸν,
3033 4287 3127 4340 τὴν
3176 4281 3454 4355 ἐρώτησιν.
3501 4286 3690 4354 Oi
3729 4282 3806 4348 γὰρ

476 4380 584 4421 nes
619 4370 659 4421 ³.
704 4366 787 4423 11Ιί
826 4367 1124 4439 siquidem
1154 4385 1274 4426 non
1308 4370 1503 4427 solum
1533 4386 1604 4427 ea
1637 4388 1770 4445 qum
1809 4371 1959 4428 facta
1990 4381 2114 4428 sunt

2245 4374 2291 4427 at}
2331 4378 2482 4446 μόνον
2541 4371 2861 4444 ἀπήγγειλαν
2914 4374 2978 4423 τὰ
3025 4372 3383 4445 πεπραγμένα,
3422 4370 3559 4423 ἀλλά
3608 4375 3693 4421 καὶ
3738 4376 3811 4425 τῆς

476 4454 817 4525 retulerunt,
852 4457 958 4512 sed
990 4463 1045 4513 et
1069 4457 1297 4514 ordinis
1328 4474 1528 4515 rerum
1578 4467 1884 4529 gestarum
1918 4477 2124 4518 curam

474 4540 816 4601 habuerunt
847 4562 860 4601 :
889 4546 983 4603 hic
1023 4553 1224 4604 autem
1256 4546 1414 4604 facta
1466 4552 1695 4604 tantum
1727 4550 2011 4607 relatione
2040 4567 2126 4607 re-

476 4644 610 4685 rum
641 4638 1134 4703 perpetratarum,
1167 4635 1392 4692 ordinis
1417 4652 1621 4693 curam
1643 4654 1764 4693 non
1790 4638 2019 4696 habuit.

553 4721 691 4792 Cap.
723 4723 919 4777 XXVII.
953 4723 1119 4782 Vers.
1164 4726 1211 4779 l.
1251 4726 1427 4783 Mane
1458 4755 1522 4767 —-
1554 4727 1713 4783 Vers.
1749 4732 1807 4782 2.
1845 4729 2124 4786 Prasr‘di.

475 4806 751 4865 Similiter
773 4812 831 4865 et
858 4812 1085 4868 Marcus
1118 4816 1175 4869 et
1220 4813 1409 4871 Lucas
1454 4815 1731 4872 dixerunt
1761 4817 1781 4851 ⁴
1824 4834 1837 4883 ;
1866 4820 2127 4875 Joannes

546 5004 589 5038 ⁸⁷
622 5004 757 5060 Luc.
798 5020 932 5074 xxu,
962 5009 1048 5063 6t.
1126 5008 1173 5043 ³⁸
1202 5010 1371 5065 Marc.
1404 5026 1520 5065 xiv.
1546 5012 1659 5065 72..

2234 4463 2425 4525 τάξεως
2471 4461 2639 4514 αὐτῶν
2699 4461 3041 4535 ἐφρόντισαν·
3078 4461 3102 4510 ό
3136 4455 3216 4527 δε,
3246 4464 3411 4531 μόνης
3462 4469 3562 4521 τῆς
3618 4460 3814 4529 immt-

2232 4551 2344 4613 λίας
2396 4560 2495 4602 τῶν
2545 4554 2913 4622 πεπραγμένων
2961 4553 3248 4620 γενόμενος,
3279 4556 3375 4610 τῆς
3434 4550 3632 4612 τάξεως
3674 4546 3811 4599 criti"

2236 4641 2328 4694 οὑκ
2360 4641 2672 4713 ἐφρόντισεν.

2310 4730 2517 4802 Πρωῖας
2590 4757 2655 4767 -
2736 4728 2971 4797 ἡγεμόνι.
3017 4724 3241 4797 Ὁμοίως
3326 4730 3415 4777 καὶ
3489 4728 3702 4800 Μάρκος
3749 4725 3818 4771 και

2241 4824 2449 4879 Λουκᾶς
2496 4813 2654 4871 εἶπον.
2715 4816 2949 4876 Ἰωάννης
3019 4810 3079 4867 δε
3133 4832 3289 4886 φησιν
3337 4815 3417 4867 ὅτι
3476 4814 3703 4887 ’Δγουσι
3754 4816 3820 4863 τόν

1738 5013 1785 5046 ’³
1808 5012 1855 5066 lI
1880 5013 2012 5070 Cor.
2045 5031 2147 5083 xu,
2178 5015 2235 5073 7.
2310 5014 2327 5050 ¹
2373 5011 2574 5070 Matth.
2603 5026 2763 5075 xxvn,
2798 5014 2884 5079 59,
2915 5010 3007 5081 67,
3035 5009 3123 5065 69.
3201 5011 3223 5045 ²
3255 5009 3437 5067 Marc.
3472 5027 3601 5077 xiv,
3636 5012 3721 5075 55,
3752 5011 3821 5067 65.

477 5094 566 5149 66.
645 5097 664 5129 ³
699 5092 837 5149 Luc.
878 5110 1019 5161 xm,
1063 5099 1147 5161 56,
1174 5096 1261 5165 63,
1303 5098 1391 5155 66.
1469 5101 1490 5135 ‘
1530 5102 1703 5157 Marc.
1740 5102 1893 5166 ΠΛ
1943 5118 1957 5169 ;
2002 5104 2134 5160 Luc.
2168 5120 2287 5171 xm,
2323 5104 2376 5157 1.

1688 5276 1907 5347 Varias
1944 5278 2274 5348 lectiones
2313 5288 2379 5347 et
2418 5288 2621 5346 notae.

546 5468 659 5545 (94)
687 5467 920 5545 mystea,
950 5466 1097 5545 Cod.
1147 5465 1311 5545 {Min
1341 5466 1458 5545 boc
1502 5470 1843 5545 plerumque
1873 5473 2123 5530 variant.

548 5538 665 5613 (95)
696 5540 868 5613 Εἰκὸς,
901 5554 1012 5613 pro
1042 5542 1101 5613 εὶ,
1133 5538 1403 5613 ᾀειιαοοςι.
1431 5538 1699 5613 AIMale.

549 5608 666 5684 (96)
695 5608 1011 5683 Λπήλειψεν,
1044 5612 1105 5679 Β,
1139 5608 1439 5682 ἀπείληφεν,
1494 5614 1565 5667 Α.
1619 5612 1768 5671 Illud
1818 5615 1995 5673 etiam
2048 5616 2131 5673 in-

2238 5472 2393 5529 venit
2419 5472 2750 5543 Hentenius.
2788 5469 3170 5543 Ergoscriba
3208 5468 3342 5523 cod.
3366 5468 3414 5543 A_
3453 5467 3727 5524 confudit
3751 5480 3828 5543 το·

2241 5544 2419 5611 cales,
2454 5548 2516 5599 ut
2551 5542 2713 5599 alibi.
2754 5539 2912 5599 Alias
2944 5542 3004 5597 in
3036 5544 3295 5597 mentem
3320 5539 3623 5612 cuiquam
3656 5539 3829 5594 venire

2242 5616 2427 5689 possit
2459 5613 2754 5687 ἀπείληφεν.
