3904 6210
436 228 541 308 707

1784 229 2132 301 EU'I‘HYMII
2172 234 2507 305 ZIGABENI
3666 238 3754 303 vos

428 392 496 432 eo
518 375 804 448 scriptum
816 377 925 439 est,
940 373 1103 446 quod
1116 372 1411 445 pradium
1425 371 1795 444 comparavit
1808 372 1883 426 de
1911 386 2065 426 mer-

2181 376 2430 429 εκτήσατο
2483 376 2681 446 χωρίον
2732 391 2785 424 εκ
2846 373 3043 445 μισθου
3102 379 3195 433 τῆς
3262 368 3493 439 ἀδικίας,
3557 372 3661 423 ἀλλ’
3708 374 3755 425 οὗ

427 466 570 521 cede
598 462 943 536 iniquitatis,
972 478 1092 517 non
1120 466 1318 518 tamen
1347 462 1461 516 hoc
1494 461 1599 515 fuit
1630 464 1763 532 post
1795 465 2070 528 strangu-

422 553 721 614 lationem,
762 556 825 605 ut
865 549 1113 621 quidam
1158 555 1390 622 putant.
1444 549 1507 604 Id
1551 549 1711 604 enim
1756 548 2069 604 declarans

421 642 897 713 Chrysostomus,
930 654 1143 709 agrum
1182 640 1345 711 ﬁguli
1384 639 1563 695 fuisse
1595 638 1735 695 dicit
1773 638 2068 710 praedium

420 730 582 785 illud.
614 727 872 800 Triginta
901 728 1201 799 siquidem
1232 728 1495 798 argentei
1525 726 1743 799 quibus
1771 727 1867 782 hic
1898 742 2072 798 para-

422 823 515 875 tus
563 822 652 873 est
700 832 861 886 ager,
893 817 1004 889 ipsi
1048 817 1216 872 Juda
1269 832 1493 872 merces
1542 823 1667 871 erat
1716 816 2066 885 iniquitatis,

422 923 605 979 quam
664 906 947 962 adversus
1001 910 1427 977 praeceptorem
1484 907 1862 977 perpetravit.
1916 905 2069 970 Quid

424 994 583 1052 enim
621 993 803 1063 hujus
820 993 1154 1064 proditione
1177 994 1434 1065 iniquius
1454 992 1481 1046 i’
1499 992 1907 1062 Intelligamus
1928 1009 2070 1064 ergo

421 1084 526 1155 qui
556 1082 783 1152 argenti
809 1098 1019 1136 sumus
1072 1086 1391 1148 amatores,
1437 1081 1747 1152 quomodo
1792 1081 1976 1138 Iudas
2014 1084 2071 1137 et

423 1172 737 1242 peccatum
755 1168 1134 1240 perpetravit,
1157 1173 1214 1225 et
1242 1170 1507 1240 pecunia
1530 1168 1790 1226 fructum
1816 1183 1937 1225 non
1969 1185 2067 1225 ac-

425 1259 596 1331 cepit,
626 1262 679 1313 et
703 1258 1302 1329 propriamanimam
1337 1257 1614 1329 perdidit.

492 1367 652 1419 Vers.
700 1365 754 1420 9.
795 1362 1184 1433 Principes—
1230 1367 1331 1419 est.
1392 1362 1770 1433 Impudenter
1813 1362 2070 1419 fatentur

422 1454 677 1523 pretium
717 1467 843 1507 esse
891 1451 1201 1521 sanguinis
1257 1452 1382 1507 sive
1440 1452 1621 1507 cadis
1680 1456 2065 1523 emptionem.

423 1539 725 1596 Corbonas
771 1545 967 1595 autem
1021 1545 1148 1595 erat
1220 1539 1478 1595 thesauri
1530 1538 1949 1611 repositorium
2007 1540 2068 1594 in

422 1628 664 1702 templo,
696 1630 809 1686 hoc
829 1636 938 1694 est,
972 1629 1271 1685 donorum
1296 1630 1762 1701 receptaculum.
1788 1630 1934 1685 Puto
1966 1645 2067 1684 au-

421 1724 539 1775 tem
566 1719 627 1774 id
660 1718 842 1774 fuisse
858 1718 1021 1789 quod
1034 1717 1345 1773 dicebatur
1361 1718 1885 1791 Gazophylacium.
1909 1718 2067 1775 Gaza

423 1808 581 1864 enim
609 1808 896 1865 Romanis
925 1806 1143 1862 divitia
1167 1806 1567 1878 appellantur.

491 1915 653 1969 Vers.
687 1915 737 1967 7.
774 1913 1028 1969 Consilio
1058 1916 1252 1968 autem
1285 1913 1436 1968 inito
1463 1942 1533 1951 -—
1563 1911 1720 1967 Vers.
1757 1915 1808 1967 8.
1842 1911 2069 1967 hodier-

422 2018 564 2059 num
593 2003 767 2058 diem.
800 2002 979 2057 Multo
1018 2001 1232 2056 melius
1267 2017 1350 2057 eis
1390 2000 1592 2056 fuisset
1629 2001 1738 2057 hos
1767 2001 1828 2055 in
1860 2000 2068 2056 corbo-

422 2107 562 2147 nam
585 2091 818 2146 misisse
846 2106 858 2145 :
884 2106 1264 2161 nequaquam
1288 2089 1446 2145 enim
1468 2090 1633 2161 quod
1665 2094 2069 2161 perpetratum

422 2184 510 2236 est
527 2179 678 2236 adeo
707 2177 1081 2248 divulgatum
1102 2178 1323 2233 fuisset.
1348 2179 1463 2249 Ipsi
1501 2193 1639 2233 vero
1678 2177 1755 2233 ad
1788 2177 2070 2246 redargu-

422 2268 645 2325 tionem
684 2267 822 2324 foedi
874 2266 1180 2322 homicidii
1208 2266 1297 2321 sui
1328 2281 1543 2336 agrum
1572 2269 1861 2331 emerunt,
1896 2266 2067 2337 cujus

421 2371 644 2411 nomen
696 2355 839 2411 tuba
900 2355 1118 2410 clarius
1166 2355 1311 2410 illud
1337 2354 1687 2426 publicaret.
1729 2357 1924 2426 Neque
1955 2354 2067 2409 hoc

422 2449 726 2517 utcunque
769 2443 1011 2508 faciunt,
1049 2443 1156 2498 sed
1198 2448 1442 2514 sumpto
1480 2443 1629 2498 inter
1674 2459 1739 2498 se
1783 2442 2062 2498 consilio:

421 2533 647 2605 ubique
670 2532 829 2589 enim
861 2532 1174 2588 consilium
1205 2532 1428 2600 ineunt,
1477 2536 1539 2588 ut
1571 2547 1751 2587 nemo
1782 2532 2067 2587 immunis

420 2622 806 2694 relinquatur.
831 2620 1006 2677 Liber
1030 2636 1267 2692 quoque
1290 2623 1572 2675 Actorum
1597 2620 1680 2676 ait
1698 2621 1739 2683 ⁷,
1776 2620 2067 2691 pradium

419 2710 568 2767 illud
610 2715 888 2767 vocatum
927 2725 1057 2765 esse
1097 2709 1435 2773 Aceldema,
1477 2708 1589 2764 hoc
1620 2714 1725 2773 est,
1771 2708 2065 2781 pradium

420 2801 750 2870 sanguinis.
784 2800 896 2858 Hic
925 2801 1127 2869 itaque
1153 2803 1238 2855 est
1263 2813 1405 2868 ager
1434 2797 1508 2854 de
1537 2814 1660 2870 quo
1686 2797 1781 2853 ille
1811 2797 1960 2855 liber
1986 2798 2068 2854 lo-

420 2888 647 2960 quitur.

492 2994 653 3048 Vers.
673 2994 725 3047 9.
758 2992 919 3047 Tunc
947 3021 1016 3031 —
1034 2990 1193 3046 Vers.
1222 2993 1305 3046 l0.
1333 2991 1626 3047 Dominus.
1668 2991 1732 3046 In
1767 2990 1917 3047 libro
1942 2990 2067 3063 qui-

418 3079 558 3136 dem
574 3079 1607 3151 Jeremiaquicommuniterlegitur,
1640 3080 1755 3135 hoc
1780 3080 2065 3151 scriptum

416 3183 542 3225 non
572 3174 678 3233 est,
710 3172 889 3223 restat
917 3183 1058 3237 ergo
1087 3173 1147 3223 ut
1176 3170 1235 3224 in
1266 3168 1612 3241 apocrypho
1626 3168 1754 3238 ejus
1779 3171 2067 3239 scriptum

418 3258 491 3313 sit
516 3256 866 3329 (Verisimile
897 3258 1075 3313 etiam
1119 3262 1206 3313 est
1237 3257 1627 3327 postmodum
1672 3257 1907 3328 abjecta
1938 3258 2066 3313 hac

417 3362 545 3404 esse
567 3347 646 3405 ab
670 3363 741 3403 eo
767 3346 921 3403 libro
952 3347 1049 3418 qui
1078 3346 1310 3416 legitur,
1338 3346 1476 3401 dolo
1497 3362 1567 3401 ac
1590 3347 1812 3402 malitia
1832 3347 2064 3402 Judao-

415 3451 574 3501 rum,
601 3436 755 3491 sicut
784 3435 965 3491 etiam
995 3436 1055 3490 in
1084 3434 1292 3489 multis
1322 3434 1448 3489 aliis
1478 3435 1678 3490 verbis
1707 3436 1818 3506 (rr)
1842 3435 2065 3491 factum

417 3524 553 3596 est.)
582 3528 953 3595 Acceperunt
988 3537 1129 3591 ergo
1173 3522 1393 3577 summi
1432 3523 1770 3577 sacerdotes
1810 3523 2063 3594 pretium

416 3612 628 3667 Christi
662 3609 1074 3681 pretiosissimi
1100 3626 1280 3682 quem
1315 3610 1758 3665 astimaverunt
1786 3611 1891 3681 qui
1929 3616 2066 3667 sunt

417 3712 454 3754 a
482 3699 624 3754 filiis
643 3698 844 3761 Israel,
879 3696 1153 3752 videlicet
1180 3696 1463 3752 Israelita.
1498 3697 1642 3752 Dicit
1689 3703 1888 3753 autem
1935 3714 2065 3753 eos-

413 3785 553 3842 dem
586 3801 860 3841 summos
887 3785 1248 3849 sacerdotes,
1282 3784 1529 3857 quando
1559 3785 1636 3840 ad
1667 3801 1768 3840 eos
1799 3786 1944 3842 dixit
1968 3787 2065 3842 Ju-

414 3873 519 3929 das
548 3891 561 3929 :
586 3874 737 3939 Quid
763 3874 942 3929 vultis
973 3872 1119 3929 mihi
1147 3873 1313 3937 dare,
1347 3880 1397 3930 et
1448 3889 1545 3944 ego
1581 3874 1738 3930 vobis
1768 3890 1897 3932 eum
1944 3882 2066 3933 tra-

414 3962 553 4019 dam
580 3964 602 3998 ⁸
628 3963 656 4018 ‘I
696 3964 767 4019 At
794 3961 879 4017 illi
917 3961 1350 4018 constituerunt
1379 3962 1432 4018 ei
1466 3963 1703 4032 triginta
1734 3969 2060 4034 argenteos.

418 4050 724 4107 Constituit
750 4051 908 4116 mihi,
941 4050 1055 4106 hoc
1077 4055 1179 4116 est,
1210 4049 1360 4105 dixit
1386 4051 1520 4107 mihi
1542 4052 1850 4108 Dominus.

484 4142 643 4197 Vers.
672 4140 761 4198 11.
785 4141 951 4195 Jesus
972 4147 1169 4196 autem
1195 4170 1257 4179 —
1278 4140 1549 4207 praside.
1579 4140 1686 4196 Ubi
1716 4157 1855 4198 eum
1876 4143 2067 4200 addu-

412 4227 639 4285 xissent
676 4226 754 4285 ad
786 4227 1151 4300 pratorium,
1184 4228 1323 4282 dicit
1355 4230 1634 4294 Joannes,
1675 4230 1841 4301 quod
1889 4232 2065 4289 exivit

414 4318 495 4375 ad
521 4333 624 4375 eos
649 4317 888 4384 Pilatus,
918 4321 975 4372 et
1004 4316 1087 4371 ait
1112 4333 1124 4371 :
1167 4316 1353 4383 Quam
1382 4320 1812 4375 accusationem
1842 4320 2063 4389 offertis

417 4408 695 4464 adversus
719 4405 1002 4463 hominem
1022 4406 1175 4461 hunc
1195 4406 1222 4461 7
1243 4407 1755 4474 Responderuntet
1779 4409 2062 4465 dixerunt

414 4495 469 4551 ei
488 4515 500 4555 :
529 4496 662 4552 Nisi
682 4502 820 4553 esset
843 4496 940 4551 hic
959 4494 1332 4565 male/actor,
1353 4510 1471 4549 non
1495 4495 1599 4550 tibi
1626 4496 2063 4554 tradidissemus

416 4597 568 4638 eum.
601 4584 766 4639 Dixit
797 4597 943 4654 ergo
974 4583 1052 4639 eis
1069 4583 1298 4638 Pilatus
1332 4601 1344 4640 :
1377 4584 1604 4639 Sumite
1624 4600 1753 4639 eum
1785 4601 1882 4640 vos
1910 4592 1960 4641 et
1985 4603 2064 4641 se-

414 4670 658 4723 cundum
684 4672 854 4741 legem
886 4676 1137 4726 vestram
1169 4669 1427 4738 iudicate
1456 4685 1588 4727 eum
1629 4674 1671 4740 9,
1701 4677 1811 4728 etc.
1846 4673 1933 4728 Illi
1960 4676 2060 4731 ita-

415 4769 535 4826 que
560 4757 925 4813 tradiderant
948 4773 1083 4812 eum
1112 4758 1299 4813 Pilato
1320 4758 1397 4813 ad
1420 4758 1920 4827 interﬁciendum,
1940 4776 2060 4818 non

416 4930 437 4967 "
469 4930 594 4990 Act.
628 4947 668 5000 ι,
697 4932 785 4990 19.
822 4932 842 4968 ⁸
872 4933 1073 4992 Matth.
1106 4950 1261 5002 xxvi,
1292 4934 1377 4991 15.
1407 4938 1427 4971 9
1459 4935 1629 4994 Joan.
1669 4954 1821 5007 xvm,
1848 4940 2037 5000 29-31.

2173 463 2303 531 μετὰ
2344 465 2438 520 τὴν
2475 460 2736 531 ἀγχόνην,
2764 461 2832 523 ὥς
2861 480 2993 522 τινες
3024 464 3243 518 οἴονται.
3277 466 3441 513 Τοῦτο
3474 464 3581 532 γὰρ
3612 460 3755 534 ἑρμη-

2174 550 2327 600 νεύων
2404 551 2429 601 ό
2504 554 2905 622 Χρυσόστομος,
2980 553 3068 602 τὸν
3148 548 3306 622 ἀγρὸν
3372 558 3467 602 τοῦ
3518 554 3759 623 κεραμόως

2176 637 2303 688 εἶναι
2340 640 2399 689 τὸ
2436 643 2637 712 χωρίον
2678 638 2835 691 ἐκεῖνο
2874 638 3030 709 λέγει.
3081 641 3160 691 Τὰ
3196 640 3477 712 τριάκοντα
3527 641 3636 713 γὰρ

2174 728 2351 798 γύρια,
2396 724 2449 789 ἐξ
2494 728 2562 777 ὧν
2594 728 2863 802 ἠγοράσθη
2907 727 3076 793 οὗτος,
3109 729 3298 798 μισθὸς
3327 727 3463 784 ἦσαν
3493 736 3572 798 τῷ
3603 724 3759 799 Ἰούδᾳ

2176 822 2265 873 τῆς
2301 811 2513 875 ἀδικίας
2568 824 2662 877 τῆς
2698 815 2768 877 εἰς
2815 818 2901 867 τὸν
2949 812 3295 870 Διδάσκαλον.
3334 821 3399 868 Τί
3432 818 3540 890 γὰρ
3588 813 3758 867 ἀδικώ-

2177 921 2318 973 τερον
2370 911 2461 965 τῆς
2508 901 2801 978 προδοσίας
2844 904 3047 971 αὐτούς
3100 904 3452 976 Ἐννοήσωμεν
3504 910 3681 956 τοίνυν
3719 908 3760 956 οἱ

2176 990 2503 1065 φιλάργυροι,
2554 1001 2663 1054 πῶς
2708 993 2734 1043 ὁ
2782 989 2989 1055 Ἰούδας
3034 998 3123 1045 καὶ
3156 998 3249 1052 τὴν
3300 993 3569 1065 ἁμαρτίαν
3610 993 3760 1065 εἰργάο

2179 1098 2325 1142 σατο,
2382 1084 2470 1131 καὶ
2528 1089 2626 1132 τῶν
2681 1083 2972 1155 χρημάτων
3035 1081 3129 1134 οὐκ
3182 1080 3479 1149 ἀπήλαυσε,
3538 1086 3633 1133 καὶ
3683 1085 3761 1139 τήν

2180 1163 2320 1220 ἰδίαν
2358 1166 2544 1240 ψυχὴν
2585 1167 2865 1227 ἀπώλεσεν.

2247 1348 2312 1398 Οἱ
2368 1376 2435 1385 —
2495 1344 2654 1400 ἐστιν.
2732 1346 3190 1418 Ἀνεπαισχύντως
3259 1346 3633 1418 ὁμολογοῦσιν,
3696 1348 3761 1399 ὅτι

2176 1439 2299 1507 τιμὴ
2354 1435 2570 1497 αἵματός
2634 1434 2793 1501 ἐστιν,
2855 1439 3037 1500 εἶτουν,
3095 1436 3196 1494 ὠνὴ
3262 1441 3438 1508 φόνου.
3521 1435 3761 1505 Κορϐονᾶς

2101 1494 2144 1550 Β
2177 1521 2235 1576 δὲ
2276 1520 2336 1581 ἧν
2383 1527 2441 1575 τό
2472 1532 2564 1575 τοῦ
2593 1532 2716 1575 ναοῦ
2749 1524 3256 1597 θησαυροφυλάκιον,
3298 1528 3355 1575 τὸ
3392 1521 3760 1598 δωρόδοχεῖον.

2178 1610 2340 1684 Οἶμαι
2384 1609 2442 1665 δε
2472 1621 2624 1664 τοῦτο
2669 1610 2797 1665 εἶναι
2831 1616 2889 1665 τὸ
2936 1614 3204 1685 λεγόμενον
3244 1613 3640 1685 γαζοφυλάκιον

2175 1703 2319 1762 Γάζα
2342 1704 2439 1777 γὰρ
2466 1704 2609 1774 παρὰ
2630 1700 2904 1773 Ῥωμαίοις
2934 1704 2958 1753 ὁ
2986 1702 3199 1762 πλοῦτος
3228 1702 3484 1757 καλεῖται.

2244 1894 2557 1967 Συμϐούλιον
2611 1891 2671 1947 δὲ
2707 1893 2949 1957 λαϐόντες
2987 1926 3056 1935 -
3098 1900 3347 1969 σήμερον.
3400 1895 3540 1949 Πολὺ
3571 1895 3765 1947 κάλλιον

2175 1981 2235 2042 ἧν
2276 1985 2453 2045 αὐτοῖς
2500 1984 2567 2044 εἰς
2604 1987 2687 2036 τὸν
2732 1983 2979 2058 κορϐονᾶν
3019 1991 3187 2036 ταῦτα
3230 1983 3433 2057 βαλεῖν·
3480 1985 3544 2037 οὐ
3574 1988 3680 2059 γὰρ
3714 1987 3765 2036 ἄν

2176 2073 2309 2124 οὕτω
2352 2068 2648 2130 κατάδηλον
2686 2076 2744 2124 τό
2778 2073 2853 2143 (4)
2901 2079 3118 2145 πρᾶγμα
3165 2071 3387 2143 ἐγίνετο.
3446 2076 3514 2126 Oi
3561 2071 3621 2126 δὲ
3652 2078 3767 2146 πρὸς

2175 2161 2386 2231 ὒκεγχον
2417 2169 2504 2220 τῆς
2546 2162 2714 2213 αὐτῶν
2745 2166 3040 2234 μιαιφονίας
3071 2162 3341 2234 ἠγόρασαν
3369 2165 3458 2214 τὸν
3506 2160 3690 2233 ἀγρὸν,
3714 2162 3767 2213 οὗ

2176 2253 2233 2300 τὸ
2276 2252 2435 2321 ὄνομα
2461 2249 2744 2322 σάλπιγγος
2773 2249 3126 2324 λαμπρότερον
3165 2252 3363 2308 ταύτην
3396 2248 3757 2324 ἁνακηρὺττει.

2179 2342 2277 2390 Καὶ
2330 2334 2453 2390 οὐδε
2511 2337 2683 2399 ἁπλῶς
2736 2346 2886 2391 τοῦτο
2948 2346 3210 2403 ποιοῦσιν,
3265 2338 3395 2390 ἀλλὰ
3461 2337 3767 2411 συμϐούλιον

2175 2426 2433 2487 λαϐόντες’
2482 2431 2571 2479 καὶ
2607 2435 2882 2498 πανταχοῦ
2928 2427 3239 2497 συμϐούλιον
3274 2427 3621 2501 λαμϐάνουσιν
3663 2428 3761 2496 (5},

2175 2516 2258 2565 ἵνα
2298 2511 2482 2586 μηδεὶς
2530 2513 2697 2577 ἀθώος
2744 2515 3046 2588 ὑπολειφθῇ.
3108 2522 3208 2569 Καὶ
3259 2518 3289 2575 ἡ
3342 2516 3524 2589 βίϐλος
3571 2512 3631 2568 δε
3666 2524 3762 2567 τῶν

2176 2604 2415 2677 Πράξεὼν
2460 2623 2588 2675 φησι
2630 2604 2884 2662 κληθῆναι
2934 2608 2990 2656 τὸ
3020 2610 3220 2679 χωρίον
3260 2608 3417 2658 ἐκεῖνο
3448 2601 3761 2676 Ἁκελδαμά,

2175 2696 2429 2755 τουτέστι,
2461 2697 2658 2766 χωρίον
2704 2694 2943 2765 αἳματος.
2983 2692 3143 2745 Ὥστε
3186 2698 3338 2746 τοῦτό
3383 2692 3517 2760 ἐστι,
3558 2698 3678 2768 περὶ
3712 2692 3765 2745 οὗ

2173 2779 2383 2838 κάκείνη
2415 2780 2571 2851 λέγει.

2243 3000 2370 3047 Τότε
2413 3024 2482 3034 -—
2536 2996 2744 3068 Κύριος.
2794 2992 2872 3046 Ἐν
2921 3002 2983 3066 τῇ
3034 2992 3490 3067 ἆναγινωσκομένῃ
3546 2999 3639 3067 μεν
3681 2992 3769 3067 βί-

2173 3080 2275 3153 ϐλῳ
2328 3088 2418 3133 τοῦ
2454 3081 2698 3155 Ἰερεμίου
2744 3089 2896 3135 τοῦτο
2951 3081 3010 3133 οὐ
3053 3086 3370 3157 γέγραπται.
3434 3086 3632 3136 Λοιπὸν
3687 3079 3769 3134 οὖν

2174 3169 2221 3221 ἓν
2269 3178 2330 3241 τῇ
2383 3168 2664 3243 ἀποκρύφῳ
2712 3169 2869 3222 αὐτοῦ
2919 3172 3211 3243 ἱστόρηται.
3262 3169 3441 3243 [Εἰκὸς
3472 3173 3554 3242 (6)
3598 3168 3661 3223 δὲ
3688 3174 3769 3222 καὶ

2173 3259 2387 3332 ὕστερον
2445 3257 2756 3317 ἐκϐληθῆναι
2810 3266 2979 3311 ταῦτα
3033 3257 3134 3311 διπό
3200 3267 3294 3321 τῆς
3360 3258 3773 3331 ἀναγινωσκομέ-

2172 3367 2264 3408 νης
2307 3347 2363 3399 ἐκ
2409 3353 2722 3421 κακουργίας
2760 3356 2860 3399 τῶν
2910 3343 3205 3416 Ἰουδαίων,
3260 3348 3382 3419 ὅπερ
3421 3352 3516 3399 καὶ
3566 3348 3653 3400 ἐπὶ
3692 3346 3773 3398 ἄλ-

2171 3437 2268 3489 λων
2322 3437 2492 3511 ρητῶν
2548 3433 2791 3507 ἐγένετο]
2844 3433 3060 3487 Ἐλαϐον
3116 3435 3203 3487 οὖν
3262 3438 3311 3487 οἱ
3362 3435 3631 3509 ἀρχιερεῖς
3684 3439 3770 3491 τὴν

2172 3526 2298 3583 ὧνὴν
2355 3532 2446 3576 τοῦ
2494 3528 2752 3595 παντίμου
2814 3531 3070 3595 Χριστοῦ,
3124 3526 3177 3575 ὃν
3244 3520 3622 3596 διπιμήσαντο
3675 3524 3771 3575 ἀπὸ

2172 3615 2294 3664 υἱῶν
2339 3612 2578 3684 Ἰσραὴλ,
2609 3615 2792 3682 ἤγουν,
2827 3615 2875 3663 οἱ
2912 3611 3254 3685 Ἰσραηλῖται.
3289 3617 3442 3683 Λέγει
3483 3610 3547 3666 δε
3584 3614 3771 3673 αὐτοὺς

2171 3706 2287 3761 τους
2338 3704 2624 3775 ἀρχιερεῖς,
2679 3702 2760 3752 ὅτε
2808 3705 2929 3775 πρὸς
2982 3701 3170 3763 αὐτοὺς
3226 3697 3364 3754 εἶπεν
3425 3698 3655 3763 Ἰούδας
3711 3706 3775 3753 Τί

2174 3792 2337 3842 θέλετέ
2402 3809 2491 3861 μοι
2561 3786 2763 3855 δοῦναι,
2823 3788 2969 3862 κόιγὼ
3022 3791 3143 3862 ὑμῖν
3208 3786 3518 3864 παραδώσω
3578 3791 3773 3855 nam;

2174 3880 2239 3930 Οἱ
2271 3874 2329 3931 δε
2368 3881 2592 3936 ἔστησαν
2627 3877 2767 3949 αὐτῷ
2799 3880 3079 3951 τριάκοντα
3116 3877 3364 3953 ἀργύρια.
3406 3878 3658 3942 Συνέταξέ
3692 3897 3777 3951 μοι

2175 3963 2233 4020 δὲ
2261 3965 2376 4018 ἀντὶ
2415 3974 2529 4035 τού,
2562 3963 2672 4019 εἶπέ
2700 3986 2810 4040 μοι.

2243 4145 2300 4197 Ὀ
2354 4141 2411 4198 δὲ
2452 4143 2658 4207 Ἰησοῦς
2697 4175 2764 4184 -
2810 4145 3084 4215 ἡγεμόνος.
3131 4142 3463 4215 Ἀγαγόντων
3512 4142 3674 4196 αὐτὸν
3716 4143 3781 4203 εἰς

2171 4236 2228 4285 τὸ
2272 4238 2608 4307 πραιτώριον,
2652 4237 2809 4304 φησὶν
2856 4234 2882 4283 ό
2915 4232 3153 4293 Ἰωάννης
3186 4233 3267 4284 ὅτι
3314 4230 3529 4293 ἐξῆλθεν
3559 4234 3585 4282 ὁ
3620 4231 3780 4285 Πιλά-

2171 4341 2257 4384 τος
2304 4326 2436 4396 πρὸς
2483 4321 2692 4388 αὐτοὺς,
2747 4325 2836 4372 καὶ
2885 4316 3010 4373 εἶπε·
3060 4324 3186 4373 Τίνα
3236 4325 3561 4391 κατηγορίαν
3613 4325 3785 4395 φέρετε

2171 4412 2307 4462 κατὰ
2388 4416 2480 4461 τοῦ
2568 4407 2838 4482 ἀνθρώπου
2916 4411 3102 4460 τούτου
3128 4425 3143 4475 ;
3218 4406 3612 4481 Ἀπεκρίθησαν
3700 4412 3787 4458 καὶ

2173 4495 2311 4550 εἶπον
2377 4497 2537 4567 αὐτῷ’
2608 4498 2666 4549 Εἰ
2730 4500 2799 4568 μὴ
2858 4491 2919 4554 ἦν
2981 4496 3129 4557 οὗτος
3188 4498 3493 4560 κὰκοποιὸς,
3555 4496 3659 4547 οὐκ
3730 4498 3788 4547 ὦ

2176 4605 2259 4638 σοι
2314 4582 2688 4660 παρεδώκαμεν
2765 4584 2939 4638 αὐτόν.
2993 4581 3145 4637 Εἶπεν
3201 4580 3288 4635 οὖν
3342 4583 3525 4645 αὐτοῖς
3581 4585 3613 4635 ὀ
3687 4591 3790 4637 [Is-

2171 4674 2345 4735 λάτος”
2403 4672 2594 4727 Λάϐετε
2661 4672 2815 4725 αὐτὸν
2890 4673 3054 4745 ὑμεῖς,
3128 4676 3216 4723 καὶ
3278 4674 3415 4723 κατὰ
3477 4675 3564 4723 τόν
3630 4679 3789 4745 νόμον

2174 4763 2315 4837 ὑμῶν
2362 4767 2569 4836 κρίνατε
2623 4760 2703 4833 (7)
2752 4763 2928 4827 αῡτὸν,
2981 4764 3070 4813 καὶ
3119 4762 3184 4812 τὰ
3233 4759 3371 4822 ἑξῆς.
3428 4762 3497 4812 Οἱ
3685 4765 3786 4834 γὰρ

1622 5061 1839 5132 Varia
1869 5064 2194 5134 lectiones
2225 5072 2287 5132 et
2322 5072 2525 5133 nota.

488 5197 564 5270 (3)
597 5197 760 5264 Quod
784 5199 1145 5258 vocabulum
1175 5202 1475 5261 multoties
1505 5203 1567 5261 in
1595 5207 1661 5263 N.
1694 5207 1751 5262 Τ.
1786 5208 2059 5267 occurrit.

604 5273 674 5322 Τὸ
705 5276 1079 5345 πεπραγμένον,
1111 5276 1177 5330 Α.

599 5342 973 5414 Λαμϐάνοντες,
1007 5351 1068 5400 Α,

510 5273 542 5326 4

510 5278 542 5326 4
604 5278 674 5322 Τὸ
705 5278 1079 5345 πεπραγμένον,
1111 5278 1177 5330 Α.

484 5278 565 5486 35;
599 5342 973 5414 Λαμϐάνοντες,
1007 5351 1068 5400 Α,

513 5414 571 5484 6)
626 5414 765 5479 Qua
805 5414 900 5470 hic
927 5414 1301 5485 inclusimus,
1328 5430 1401 5473 ea
1434 5418 1773 5489 Hentenius,
1806 5425 1865 5478 ut
1895 5421 2063 5479 scho-

545 5196 565 5414 Ξ

2170 5207 2317 5283 lium
2346 5222 2424 5283 ex
2450 5205 2717 5283 margine
2754 5205 2843 5283 sui
2892 5201 3120 5264 Codicis
3148 5208 3491 5283 repetitum,
3538 5210 3791 5269 exhibet

2169 5280 2228 5335 in
2260 5278 2377 5333 ﬁne
2408 5277 2598 5349 hujus
2619 5277 2843 5335 scholii.

2182 5360 2185 5365 '
2243 5349 2321 5423 (7)
2356 5355 2616 5418 κτείνατε,
2641 5355 2697 5407 Β.

486 5592 599 5670 (rr)
621 5592 827 5651 Multis
849 5592 986 5651 aliis
1010 5592 1191 5652 vobis.
1220 5591 1363 5649 Aliis
1384 5594 1573 5652 dictis.
1604 5598 1815 5657 Multis
1837 5604 2065 5658 nonest
2100 5598 2165 5657 in
2186 5600 2413 5658 Graoo.
2441 5629 2450 5641 ι
