3904 6210
3332 52 3405 89 ‘1"

3534 102 3547 115 ο
3612 94 3617 113 l

3534 102 3547 115 ο
3612 94 3617 113 l

508 217 606 272 711
1850 216 2199 275 EUTHYMII
2248 211 2586 277 ZIGABENI
3749 216 3839 276 712

508 340 726 398 talibus
758 343 810 396 te
840 342 1121 396 accusent
1156 338 1185 396 ‘t
1214 341 1281 395 Et
1307 337 1521 395 deinde
1572 337 1744 397 solvit
1771 340 2034 397 Christus
2065 343 2151 413 ty-

506 428 776 486 rannidis
816 427 1240 499 suspicionem,
1286 426 1492 483 dicens
1522 443 1764 499 regnum
1806 446 1983 485 suum
2026 443 2149 484 non

506 533 634 573 esse
672 533 741 573 ex
762 515 989 571 mundo
1018 515 1134 572 hoc
1176 532 1188 569 :
1223 520 1276 572 et
1306 514 1556 573 Pilatum
1585 516 1791 573 timore
1818 518 2009 574 solvit.
2043 517 2149 573 Po-

504 606 593 661 nit
621 609 817 660 autem
845 609 901 658 et
931 604 1487 673 considerationem,
1511 622 1647 679 quae
1678 611 1735 662 et
1759 607 1872 663 hoc
1902 607 2149 662 demon-

506 697 662 748 stret.
698 695 843 748 Nam
865 707 1115 763 regnum
1147 693 1313 765 quod
1339 710 1411 750 ex
1428 695 1540 750 hoc
1557 696 1786 751 mundo
1817 700 1922 760 est,
1948 695 2008 751 in
2040 696 2147 751 mi-

502 780 701 836 nistris
728 780 901 837 habet
939 781 1342 839 fortitudinem
1377 799 1388 837 :
1419 784 1599 855 hujus
1632 790 1831 840 autem
1878 800 2141 855 regnum,

504 884 640 925 cum
660 870 896 926 caeleste
910 870 1003 936 sit,
1029 886 1065 925 a
1086 871 1283 942 seipso
1305 871 1489 928 robur
1500 874 1744 929 obtinet.
1765 872 1970 929 Dicens
1982 889 2142 942 vero,

503 960 761 1028 Regnum
788 974 981 1015 meum
1002 975 1117 1015 non
1147 966 1227 1016 est
1263 975 1337 1018 ea:
1366 960 1472 1018 hoc
1493 962 1729 1028 mundo,
1753 977 1868 1017 non
1894 962 2148 1019 detrahit

499 1061 686 1117 regno
716 1047 1027 1104 mundano
1056 1064 1227 1105 suam
1277 1048 1700 1117 fortitudinem,
1757 1050 1858 1107 sed
1891 1052 2147 1109 ostendit

498 1134 666 1207 quod
695 1151 871 1192 suum
900 1152 1021 1192 non
1066 1137 1141 1194 sit
1169 1142 1232 1194 ut
1256 1154 1441 1209 regna
1469 1139 1681 1195 mundi
1732 1140 1932 1212 hujus,
1976 1141 2146 1197 mini-

501 1224 638 1279 stris
667 1224 959 1296 indigens,
994 1225 1304 1299 timorique
1351 1226 1705 1299 subjectum,
1740 1244 1808 1285 ac
1835 1228 2019 1286 ﬁnem
2048 1244 2144 1286 ca-

499 1327 698 1385 piens.

569 1510 784 1567 Deinde
822 1528 1094 1583 egressus
1145 1512 1365 1569 Pilatus
1396 1514 1639 1571 tentavit
1679 1514 1929 1573 liberare
1979 1533 2139 1575 eum.

2256 339 2383 397 Εἶτα
2413 342 2596 414 ἐρωτᾷ.
2650 342 2714 394 Τί
2749 337 3020 409 ὶποίησας,
3070 340 3151 393 ὅτι
3200 342 3417 393 τοιαῦτά
3471 359 3557 393 σοι
3622 339 3837 412 ἐγκαλοῦ-

2260 447 2356 498 σι;
2398 435 2498 484 Καὶ
2544 430 2721 481 λοιπὸν
2769 428 2876 481 λύει
2923 434 3018 487 τὴν
3065 429 3292 500 ὑποψίαν
3341 439 3437 490 τῆς
3490 428 3837 503 τυραννίδοςι

2256 522 2506 595 Χριστὸς,
2560 518 2718 590 λέγων
2776 522 2869 576 τὴν
2933 516 3205 590 βασιλείαν
3270 519 3429 570 αὐτοῦ
3487 523 3563 591 μὴ
3632 516 3757 571 εἶναι
3798 522 3835 572 ἐκ

2254 616 2346 660 τοῦ
2388 613 2588 679 κόσμου
2619 610 2827 673 τούτου,
2859 611 2947 659 καὶ
2996 605 3209 659 ἀπολύει
3266 615 3356 659 τοῦ
3388 606 3549 679 φόϐου
3578 611 3671 660 τὸν
3704 608 3836 661 [illai-

2253 716 2358 750 τον.
2400 699 2595 755 Τίθησι
2627 693 2685 748 δὲ
2730 700 2819 748 καὶ
2866 694 3137 768 λογισμὸν,
3191 695 3318 748 αύτό
3368 715 3422 748 τε
3461 704 3618 748 τοῦτο
3664 693 3833 749 δειχθέν).

2253 805 2393 851 οντα,
2453 789 2543 838 καὶ
2594 786 2675 837 ὃτι
2730 786 2759 842 ἡ
2823 783 2877 836 ἐκ
2925 792 3017 836 τοῦ
3064 788 3266 857 κόσμου
3333 783 3580 857 βασιλεία
3639 784 3689 836 έν
3752 794 3833 848 τοῖς

2253 876 2536 948 ὑπηρέταις
2589 876 2700 945 ἔχει
2756 876 2845 931 τὴν
2914 872 3097 945 ἰσχύν·
3152 875 3182 932 ἠ
3237 869 3296 925 δὲ
3348 876 3532 926 τούτου
3589 872 3831 945 βασιλεία,

2254 962 2486 1035 ούρᾶνιος
2534 958 2687 1027 οὖσα,
2740 960 2825 1033 ἀφ’
2881 961 3065 1023 ἑαυτῆς
3120 967 3365 1020 κέκτηται
3414 966 3474 1014 τό
3523 966 3735 1037 κράτος.
3766 965 3831 1015 Ei-

2253 1054 2361 1101 πὼν
2411 1046 2470 1103 δε
2530 1050 2610 1101 ὅτι
2654 1048 2712 1101 Ἦ
2774 1046 3023 1120 βασιλεία
3074 1050 3103 1106 η
3152 1048 3249 1121 έμὴ
3310 1048 3403 1102 ούκ
3462 1051 3606 1101 ἔστιν
3658 1050 3714 1101 έκ
3766 1058 3830 1101 τοῦ

2254 1142 2455 1210 κόσμου
2508 1140 2711 1203 τούτου,
2766 1136 2871 1208 ούχ
2936 1135 3233 1208 ὑπεξήγαγε
3286 1145 3378 1198 τῆς
3438 1136 3631 1190 ἑαυτοῦ
3687 1144 3832 1213 κύριος

2253 1245 2407 1287 τητος
2445 1228 2531 1277 τὸν
2579 1230 2796 1298 κόσμον,
2858 1223 2966 1277 ἀλλ’
3019 1223 3246 1297 ἐνέφηνεν
3299 1226 3378 1278 ὅτι
3425 1224 3521 1277 ούκ
3576 1228 3744 1293 ἔστιν,
3786 1230 3829 1287 ὼς

2257 1317 2431 1366 αἰτοῦ
2477 1318 2676 1386 κόσμου
2716 1316 2903 1365 τούτου
2949 1311 3239 1385 βασιλεῖαι,
3298 1310 3515 1386 δεομένη
3568 1316 3829 1389 ὑπηρετῶν,

2252 1408 2342 1455 καὶ
2372 1404 2678 1474 ὑποκειμένη
2718 1400 2914 1473 φόϐοις,
2946 1406 3035 1454 καὶ
3067 1401 3208 1463 τέλος
3233 1405 3457 1473 ἔχουσα.

2324 1489 2450 1545 Εἶτα
2499 1490 2707 1553 ἐξελθὼν
2760 1491 2784 1541 ὁ
2844 1490 3065 1550 Πιλᾶτος
3118 1488 3361 1564 ἐπειράθη
3408 1491 3527 1562 (10)
3600 1491 3831 1555 ἐξελέσθαι

496 1598 598 1656 Ait
626 1599 787 1655 enim
817 1580 1003 1658 Lucas
1022 1601 1180 1673 quod
1205 1601 1419 1659 dixerit
1441 1603 1521 1658 ad
1545 1604 1843 1677 principes
1871 1608 2131 1663 sacerdo-

2252 1580 2426 1635 αύτόν.
2480 1585 2615 1636 Φησὶ
2662 1582 2762 1651 γὰρ
2808 1580 2834 1631 ὁ
2880 1584 3083 1639 Λουκᾶς
3138 1580 3213 1630 ὅτι
3270 1587 3379 1632 εἰπε
3426 1583 3561 1651 πρὸς
3601 1585 3719 1641 τούς
3763 1580 3829 1654 ἆρ-

495 1690 625 1743 tum
655 1694 712 1744 et
741 1689 944 1746 turbas
968 1691 1169 1746 :Nihil
1193 1691 1428 1747 invenio
1463 1708 1626 1747 noxa:
1650 1693 1711 1748 in
1745 1694 1853 1751 hoc
1886 1696 2138 1753 homine.

496 1776 578 1829 At
597 1775 694 1831 illi
706 1776 1142 1834 invalescebant
1181 1779 1443 1835 dicentes
1458 1795 1480 1834 .·
1501 1779 1829 1838 Commovet
1858 1784 2139 1852 populum

494 1863 703 1921 docens
712 1881 823 1934 per
833 1867 1166 1923 universam
1179 1869 1468 1934 Judaeam,
1490 1883 1735 1925 exorsus
1747 1886 1783 1925 a
1797 1872 2033 1928 Galilwa
2049 1888 2141 1928 us-

495 1967 608 2023 que
636 1953 711 2009 ad
741 1955 900 2010 hunc
932 1957 1137 2011 locum.
1170 1957 1396 2011 Pilatus
1420 1964 1612 2013 autem
1640 1959 1842 2015 audita
1870 1961 2138 2031 Galilaea,

490 2040 874 2112 interrogavit
889 2050 1088 2098 utrum
1104 2044 1272 2099 homo
1288 2046 1561 2100 Galilaus
1574 2054 1738 2103 esset.
1754 2048 1829 2102 Et
1848 2053 1910 2103 ut
1932 2064 2140 2119 cogno-

494 2129 576 2185 vit
607 2130 859 2201 quodad
909 2132 1159 2187 Herodis
1198 2133 1477 2189 ditionem
1525 2135 1871 2203 pertineret,
1919 2138 2140 2193 remisit

493 2216 663 2274 illum
694 2220 776 2274 ad
802 2218 1100 2286 Herodem,
1133 2222 1232 2292 qui
1257 2227 1311 2277 et
1351 2221 1472 2291 ipse
1512 2222 1879 2293 Jerosolymis
1917 2233 2039 2281 erat
2078 2227 2139 2283 in

492 2304 611 2361 iliis
648 2306 848 2363 diebus
880 2309 947 2376 ι’,
992 2313 1101 2365 etc.
1167 2308 1380 2365 Pilatus
1437 2310 1635 2383 itaque
1686 2328 1823 2368 cum
1882 2313 2143 2372 audisset

494 2394 776 2450 aChristo
805 2396 879 2452 de
900 2412 1086 2466 regno
1107 2397 1293 2470 ipsius
1313 2399 1476 2469 quod
1509 2415 1578 2454 ex
1607 2400 1835 2456 mundo
1864 2402 1978 2458 hoc
2019 2418 2141 2459 non

494 2488 647 2539 esset
679 2498 692 2538 :
726 2488 784 2538 et
804 2484 1041 2556 cognito
1064 2485 1228 2557 quod
1250 2501 1371 2541 non
1389 2486 1630 2544 haberet
1651 2496 2005 2561 apparatum
2032 2491 2143 2547 ali-

492 2586 674 2643 quem
696 2574 1073 2643 tyrannicum
1101 2575 1219 2629 sive
1239 2574 1469 2647 insigne
1499 2578 1711 2632 terreni
1738 2580 1903 2649 regni
1927 2601 1939 2634 :
1966 2584 2021 2636 et
2046 2596 2141 2636 co-

490 2672 786 2729 gnoscens
818 2676 940 2717 non
971 2677 1101 2718 esse
1131 2662 1506 2735 probabilem
1547 2667 1989 2723 accusationem
2021 2668 2139 2723 :in-

490 2748 790 2820 culpatum
814 2766 952 2806 eum
982 2750 1324 2806 declaravit.
1355 2751 1474 2823 Ipsi
1500 2768 1638 2809 vero
1682 2769 1815 2810 cum
1848 2756 2138 2812 dictarum

488 2837 945 2893 accusationum
994 2839 1166 2909 signa
1216 2855 1336 2895 non
1383 2847 1627 2913 possent
1672 2845 2005 2910 ostendere,
2063 2846 2135 2901 ad

488 2924 731 2981 alteram
757 2926 1160 2996 digrediuntur
1185 2927 1629 2985 accusationem
1655 2931 1949 2987 dicentes:
1980 2933 2137 2989 Com-
2172 2957 2211 3012 ρ

488 3018 696 3076 movet,
728 3012 855 3068 sive
882 3016 1205 3085 perturbat,
1232 3017 1514 3087 populant
1546 3018 1778 3075 docens.
1808 3019 1872 3075 Et
1895 3022 2134 3091 quidem

488 3101 655 3170 quod
675 3100 886 3158 doceat
914 3108 1191 3159 astruunt
1218 3121 1231 3160 :
1255 3120 1378 3161 non
1408 3103 1609 3162 dicunt
1636 3112 1837 3165 autem
1859 3110 2006 3182 quid
2035 3110 2137 3167 do-

489 3193 636 3254 ceat,
702 3205 776 3246 ne
827 3192 1153 3251 rideantur.

561 3450 669 3506 Ubi
717 3454 919 3506 autem
959 3451 1192 3507 fecisset
1228 3452 1489 3509 Herodes
1528 3470 1664 3526 quae
1716 3456 1889 3513 refert
1927 3458 2131 3514 Lucas.

487 3552 699 3594 rursus
712 3553 844 3592 eum
864 3539 1087 3594 remisit
1101 3540 1175 3594 ad
1192 3540 1462 3609 Pilatum,
1493 3542 1946 3614 insequentibus
1957 3547 2132 3603 etiam

485 3624 855 3695 principibus
876 3626 1247 3681 sacerdotum
1270 3643 1339 3682 ac
1360 3629 1588 3693 scribis,
1609 3636 1665 3685 et
1689 3632 1979 3688 adversus
1998 3650 2136 3691 eum

483 3711 946 3767 vociferantibus
976 3715 1042 3769 υ.
1073 3714 1290 3770 Pilatus
1326 3732 1456 3772 vero
1477 3720 1816 3775 convocatis
1850 3722 2139 3796 principi-

483 3797 601 3855 bus
626 3800 1003 3856 sacerdotum
1030 3804 1561 3874 etmagistratibus,
1577 3822 1645 3863 ac
1672 3808 1859 3879 plebe,
1889 3812 2039 3868 dixit
2060 3814 2137 3870 ad

483 3886 619 3943 illos
655 3906 668 3941 :
696 3903 839 3943 nam
869 3889 929 3944 id
953 3906 1190 3963 quoque
1218 3892 1389 3948 refert
1418 3895 1601 3949 Lucas
1630 3912 1643 3951 :
1674 3897 1968 3956 obtutistis
1988 3902 2137 3958 mihi

488 3975 650 4033 hunc
687 3976 988 4047 hominem,
1030 3983 1310 4052 tanquam
1346 3990 1696 4041 avertentem
1739 3989 2035 4059 populum,
2080 3997 2134 4047 et

485 4079 617 4123 ecce
644 4081 747 4136 ego
776 4082 973 4123 coram
1004 4068 1155 4123 vobis
1176 4086 1298 4125 cum
1334 4070 1719 4142 inquisissem,
1760 4077 1912 4133 nihil
1938 4079 2136 4136 inveni

486 4155 755 4211 criminis
766 4156 827 4211 in
851 4155 1073 4213 homine
1086 4157 1194 4213 isto
1208 4173 1278 4213 ex
1290 4159 1373 4213 his
1386 4161 1459 4217 de
1478 4162 1689 4231 quibus
1706 4170 1995 4222 accusatis
2005 4184 2131 4224 eum

484 4245 588 4301 sed
610 4261 681 4301 ne
709 4245 966 4301 Herodes
995 4247 1249 4317 quidem.
1276 4248 1426 4304 Nam
1456 4252 1658 4306 remisi
1679 4268 1773 4308 vos
1797 4256 1874 4309 ad
1896 4255 2085 4324 ipsum
2111 4276 2132 4323 ς
2160 4299 2207 4354 D

494 4334 1322 4354 -.ημηηημυξη
1639 4346 1651 4354 .
1716 4341 1727 4352 .
1789 4342 1828 4354 ι.
2021 4352 2027 4354 Α

486 4338 540 4390 et
556 4349 679 4390 ecce
700 4334 860 4391 nihil
874 4335 1116 4406 dignum
1136 4343 1325 4392 morte
1348 4343 1547 4395 actum
1570 4346 1651 4395 est
1678 4341 1743 4395 ei.
1781 4342 2127 4413 Correptum

485 4436 618 4493 ergo
644 4423 833 4493 ipsum
864 4424 1163 4480 absolvam
1198 4426 1245 4460 ²⁴
1279 4442 1291 4479 :
1320 4428 1749 4499 correptionem
1791 4431 1885 4487 hic
1916 4448 2130 4489 vocans

483 4511 845 4568 mediocrem
860 4511 1313 4583 ﬂagellationem
1324 4553 1337 4579 ,
1351 4515 1429 4570 ad
1454 4516 1728 4573 solatium
1742 4524 1799 4574 et
1812 4523 2132 4591 repressio-

483 4612 625 4652 nem
663 4600 763 4655 iraa
802 4600 1058 4667 illorum,
1092 4606 1156 4656 ut
1202 4602 1307 4657 visi
1349 4603 1514 4659 illum
1572 4605 1863 4663 devicisse
1888 4610 2129 4667 cohibe-

484 4689 688 4741 rentur
712 4687 791 4743 ab
818 4688 1074 4745 ulteriori
1095 4689 1349 4747 insania.
1376 4696 1445 4748 At
1466 4692 1547 4747 illi
1567 4709 1676 4750 nec
1719 4696 1803 4751 sic
1824 4696 1884 4752 in
1928 4698 2131 4772 aliquo

484 4773 685 4828 minus
714 4774 957 4846 eﬂerati,
1004 4778 1389 4835 immobiliter
1448 4781 1529 4836 ad
1575 4782 1636 4837 id
1667 4792 2016 4859 spectantes,
2065 4793 2133 4845 ut.

489 4860 754 4919 velociter
781 4863 1224 4933 interﬁceretur,
1286 4884 1494 4925 rursus
1538 4871 1843 4931 oblatrant.

558 5129 603 5165 ¹²
628 5128 769 5186 Luc.
796 5145 956 5198 xnu,
987 5133 1100 5189 4-7.
1178 5135 1223 5170 ¹³
1251 5135 1387 5192 Luc.
1421 5152 1585 5209 xxur,
1621 5139 1703 5196 11.

1784 5141 1831 5177 ¹⁸
1860 5141 2006 5200 ibid-
2038 5147 2221 5209 13-16.

2249 1677 2446 1744 χιερεῖς
2507 1673 2597 1721 καὶ
2663 1672 2784 1729 τοὺς
2830 1666 3025 1739 ὄχλους
3074 1664 3241 1720 Ούδεν
3308 1669 3535 1741 εύρίσκω
3600 1673 3762 1721 αἴτιον
3794 1673 3828 1719 ἐν

3602 1756 3827 1829 λέγοντες,

3586 1845 3710 1906 ὅλης
3760 1854 3828 1904 τῆς

2986 1756 3034 1808 οἱ
3111 1751 3169 1808 δε
3241 1754 3521 1828 έπίσχυον,

3061 1840 3333 1897 διδάσκων
3400 1845 3522 1897 καθ’

2248 1767 2321 1829 τῷ
2399 1756 2650 1831 ἀνθρώπῳ
2722 1759 2904 1827 τούτῳ·

2249 1849 2329 1899 ὅτι
2386 1846 2641 1901 Ἀνασείει
2702 1848 2788 1896 τὸν
2844 1844 2987 1911 λαὸν,

2252 1932 2533 2003 Ἰουδαίας,
2636 1932 2919 2008 ἁρξᾶιιενος
3002 1931 3102 1985 ἀπὸ
3206 1942 3299 1994 τῆς
3394 1933 3673 1995 Γαλιλαίας
3758 1936 3829 1993 ἕως

2249 2024 2370 2079 ὧὸε.
2453 2022 2675 2084 Πιλᾶτος
2751 2018 2831 2085 δὲ,
2916 2019 3143 2081 ἀκούσας
3212 2020 3509 2088 Γαλιλαίαν,
3585 2021 3829 2097 inpatr-

2252 2132 2356 2174 σεν,
2441 2111 2485 2163 εἰ
2559 2112 2584 2162 ὁ
2659 2112 2926 2185 ἄνθρωπος
3003 2109 3273 2172 Γαλιλαίὸς
3353 2109 3487 2167 ἐστι.
3570 2116 3669 2163 Καὶ
3744 2110 3829 2161 ἔπι-

2248 2204 2423 2272 γνούς,
2493 2201 2573 2252 ὅτι
2636 2198 2690 2251 ἔκ
2752 2208 2844 2259 τῆς
2908 2198 3147 2261 ἔξουσίας
3217 2195 3455 2270 Ἡρώδου
3523 2198 3682 2268 ἔστὶν,

2249 2288 2446 2361 πέμψεν
2518 2287 2672 2340 αύτὸν
2740 2290 2865 2361 πρὸς
2911 2282 3170 2359 Ἡρώδην,
3231 2290 3354 2339 ὄντα
3420 2290 3510 2338 καὶ
3582 2287 3730 2339 αὑτὸν
3788 2290 3826 2337 'n

2248 2375 2627 2450 Ἱεροσολύμοις
2698 2374 2747 2426 ἓν
2820 2376 3032 2434 ταύταις
3106 2381 3222 2435 ταῖς
3304 2375 3545 2447 ἡμέραις,
3622 2379 3710 2426 καὶ
3774 2377 3826 2425 τα

2250 2465 2386 2528 ἑξῆς.
2428 2465 2486 2517 Ὀ
2544 2467 2635 2536 μὲν
2684 2462 2771 2515 οὖν
2823 2462 3055 2528 Πιλᾶτος,
3110 2461 3341 2525 ἀκούσας
3393 2466 3533 2537 παρὰ
3576 2470 3660 2514 τοῦ
3705 2469 3826 2535 Χρι-

2252 2561 2378 2606 στοῦ
2408 2557 2525 2628 περὶ
2552 2560 2642 2613 τῆς
2673 2550 2950 2624 βασιλείας
3002 2552 3180 2616 αὐτοῦ,
3227 2553 3306 2604 ὅτι
3346 2551 3442 2603 ούκ
3482 2554 3612 2603 ἔστιν
3653 2550 3708 2602 ἑκ
3749 2556 3828 2602 τοῦ

2248 2646 2450 2713 κόσμου
2504 2645 2710 2705 τούτου,
2763 2645 2853 2693 καὶ
2910 2643 3065 2711 γνούς
3113 2641 3194 2692 ὅτι
3244 2638 3339 2692 ούκ
3386 2642 3499 2711 ἔχει
3556 2658 3825 2714 παρασκευο

2249 2730 2311 2785 ην
2364 2748 2479 2780 τινα
2533 2733 2866 2801 τυραννικὴν,
2924 2728 2954 2787 ἦ
3011 2731 3069 2780 τὸ
3126 2730 3322 2780 οἱονοῦν
3375 2730 3691 2802 παράσημον
3738 2730 3826 2779 ἑπι-

2246 2821 2387 2888 γείου
2428 2815 2724 2889 βασιλείας,
2773 2822 2863 2869 καὶ
2910 2813 3157 2889 διαγνούς
3206 2814 3455 2869 ἀπίθανον
3488 2822 3588 2875 την
3629 2835 3825 2884 κατηγοο

2244 2924 2380 2977 ριαν,
2423 2907 2651 2958 ἀναίτιον
2702 2905 2857 2957 αὑτὸν
2912 2903 3179 2977 ἀπέφηνενο
3232 2905 3381 2957 αύτοὶ
3437 2902 3515 2971 δι,
3570 2910 3640 2977 μή
3689 2901 3826 2956 δυνά·

2245 3014 2388 3066 μενοι
2442 2991 2612 3057 δεῖξαι
2670 3002 2863 3067 σημεῖα
2913 3002 3012 3045 τῶν
3049 2994 3303 3067 ῥηθέντων
3357 2993 3710 3067 ἐγκλημάτων,
3753 3011 3825 3064 ιιι-

2244 3081 2469 3141 τέϐησαν
2526 3085 2597 3155 ἐφ’
2648 3082 2819 3156 ἑτέραν
2876 3087 3215 3157 κατηγορίαν,
3273 3082 3503 3154 λέγοντες
3560 3085 3643 3135 ὅτι
3698 3081 3825 3135 Ἀνα-

2247 3176 2373 3223 σείει
2421 3174 2507 3223 τὸν
2570 3170 2712 3237 λαὸν,
2778 3175 2938 3243 ἤγουν
3005 3171 3307 3236 ἁναστατοῖ,
3381 3166 3677 3225 διδάσκων.
3741 3172 3827 3222 Καὶ

2244 3260 2325 3311 ὅτι
2362 3263 2451 3331 μὲν
2501 3255 2751 3312 διδάσκει
2792 3258 3023 3330 λέγουσι’
3057 3264 3108 3311 τί
3154 3256 3213 3312 δι
3245 3255 3522 3328 διδάσκει,
3564 3259 3623 3312 ού
3664 3259 3826 3329 λέγω·

2248 3368 2350 3413 σιν,
2380 3348 2462 3399 ἵνα
2489 3352 2560 3420 μὴ
2585 3348 3062 3420 καταγελασθῶσιν.

2314 3436 2372 3488 Ὀ
2421 3432 2479 3489 δι
2532 3433 2793 3510 Ἡρώδης,
2843 3442 3071 3499 ποιήσας
3119 3438 3220 3491 ὅσα
3267 3440 3397 3509 φησί
3454 3442 3684 3497 Λουκᾶς,
3730 3434 3828 3504 (11)

2246 3524 2535 3597 ἀντέπεμψε
2586 3533 2767 3577 τοῦτον
2830 3524 2980 3578 πάλιν
3032 3529 3161 3599 πρὸς
3226 3528 3313 3578 τὸν
3366 3524 3613 3593 Πιλᾶτον,
3673 3523 3833 3594 ipens-

2245 3618 2406 3686 μένων
2466 3618 2555 3665 καὶ
2623 3622 2722 3665 τῶν
2803 3612 3087 3686 ἀρχιερέων
3150 3619 3240 3666 καὶ
3306 3622 3405 3666 τῶν
3476 3616 3829 3688 Γραμματέυν,

2245 3708 2335 3755 καὶ
2386 3700 2775 3757 καταϐοώντων.
2828 3702 3051 3763 Πιλᾶτος
3094 3698 3171 3769 δὲ,
3221 3703 3675 3774 συγκαλεσᾶμενος
3727 3702 3835 3755 τοὺς

2245 3790 2507 3864 ἀρχιερεῖς
2556 3796 2646 3843 καὶ
2719 3794 2838 3851 τούς
2904 3792 3169 3866 ἄρχοντας
3229 3796 3320 3844 καὶ
3381 3795 3468 3843 τὸν
3532 3790 3678 3859 λαὸν,
3742 3783 3833 3837 εἶπε

2242 3884 2371 3953 πρὸς
2408 3880 2613 3940 αύτούς·
2674 3881 2699 3931 ὁ
2756 3885 2963 3942 Λουκᾶς
3010 3885 3099 3932 καὶ
3142 3881 3307 3932 ταῦτᾶ
3353 3899 3503 3952 φησι,
3551 3879 3835 3952 ΠροπνὶἹδ

2242 3971 2365 4019 κατέ
2448 3987 2539 4039 μοι
2624 3971 2712 4019 τὸν
2800 3970 3067 4043 ἄνθρωπον
3159 3976 3358 4038 τοῦτον,
3438 3970 3512 4028 ὡς
3598 3970 3832 4036 ἀποστρῦ

2244 4074 2401 4125 φοντα
2465 4060 2552 4108 τὸν
2630 4055 2771 4123 λαὸν,
2848 4062 2938 4110 καὶ
3014 4053 3131 4109 ἰδού
3220 4055 3339 4128 ἐγὼ,
3408 4055 3627 4109 irarum
3711 4055 3831 4125 ὑμῶν

2243 4140 2539 4218 ἀνακρίνας,
2622 4142 2773 4197 ούδὶν
2848 4145 2992 4217 εὗρον
3058 4144 3107 4196 έν
3194 4152 3267 4214 τῷ
3340 4143 3599 4216 ἀνθρώπῳ
3687 4149 3836 4207 τούτῳ

2509 4232 2577 4283 ὧν
2662 4240 2993 4307 κατηγορεῖτε
3061 4233 3178 4285 κατ’
3264 4232 3426 4285 αὐτοῦ
3467 4251 3481 4263 ·
3532 4231 3648 4283 ἀλλ’
3730 4224 3837 4281 οὐδε

2238 4305 2493 4392 Ἠρὼδης.
2568 4305 2871 4393 Ἀνέπεμψαή
2932 4323 3033 4394 γὰρ
3112 4321 3243 4392 ὑμᾶς
3308 4323 3437 4394 πρὸς
3503 4320 3698 4387 αὐτὸν,
3766 4320 3841 4367 καὶ

2242 4405 2380 4474 ἰδού,
2488 4405 2638 4461 οὐδὲν
2728 4410 2872 4472 ἄξιον
2967 4412 3188 4462 θανᾶτου
3288 4408 3396 4461 ἐστὶ
3487 4412 3843 4482 πεπραγμιλιπτ

2242 4496 2353 4568 (12)
2408 4497 2566 4568 αύτῷ.
2624 4494 2926 4558 Παιδεύσας
2989 4495 3077 4551 οὖν
3152 4497 3309 4549 αὐτὸν
3377 4496 3662 4553 ἀπολύσω.
3736 4502 3849 4549 Παί-

2242 4580 2421 4637 δευσιν
2480 4585 2696 4639 ἐνταῦθα
2746 4590 2837 4645 τὴν
2905 4591 3117 4660 μετρίαν
3174 4591 3509 4659 μαστίγωσιν
3790 4579 3847 4639 εἷς

2238 4676 2573 4747 παραμυθίαν
2620 4679 2709 4727 καὶ
2754 4674 3077 4733 καταστολην
3140 4682 3233 4727 τοῦ
3296 4676 3463 4745 θυμοῦ
3515 4674 3726 4739 αὐτῶν,
3761 4674 3851 4729 ἱνα,

2242 4757 2500 4830 δόξαντες,
2558 4765 2917 4837 περιγενέσθαι
2978 4762 3160 4829 αὐτοῦ,
3227 4765 3539 4815 παύσωνται
3616 4771 3722 4825 τῆς
3780 4780 3853 4813 πε·

2239 4854 2458 4924 ραιτέρω
2494 4856 2697 4924 μανίας.
2748 4854 2813 4903 0i
2858 4847 2916 4904 δὲ
2944 4856 3035 4904 καὶ
3065 4852 3222 4911 ούτως
3270 4847 3420 4903 οὐδὲν
3474 4850 3710 4905 ἔλαττον
3768 4850 3855 4912 ἑξε-

2243 4940 2535 5012 θηριοῦντο,
2604 4942 2732 5013 πρὸς
2801 4939 2849 4993 ἓν
2926 4944 3078 5013 μόνον
3140 4938 3360 5000 ἁκλινῶς
3419 4940 3682 5013 ὁρῶντες,
3752 4938 3851 5011 (15)

2242 5025 2429 5080 ἀνελεῖν
2450 5028 2603 5081 αὑτὸν
2633 5030 2888 5101 τάχιστα.
2918 5031 3005 5083 Διὸ
3044 5027 3197 5083 πάλιν
3226 5027 3665 5087 καθυλακτοῦσι.

2241 4233 2425 4301 αἴτιον,
2509 4232 2577 4283 ὧν
2662 4240 2993 4301 κατηγορεῖτε
3061 4233 3178 4285 κατ’
3264 4232 3426 4285 αὐτοῦ
3467 4251 3481 4263 ·

1706 5265 1921 5337 Variae
1958 5269 2285 5344 lectiones
2325 5286 2391 5345 et
2420 5286 2599 5345 notae

554 5397 670 5474 (10)
706 5397 1064 5474 ΔἘτινειρᾶσθη,

554 5471 672 5555 (11)
704 5471 989 5555 ξΑνιττέμψε
1019 5472 1422 5555 scribendum,
1456 5482 1522 5537 ut
1544 5479 1729 5540 habet
1753 5483 1942 5543 codex
1974 5490 2124 5545 uter-

481 5543 601 5621 que
638 5543 794 5603 infra
822 5543 891 5601 in
914 5543 1193 5603 eontextu
1225 5544 1415 5605 Lucis.

2334 5419 2417 5567 12g
2448 5420 2526 5474 Ἐν
2560 5419 2882 5503 interponit
2911 5422 2978 5476 A.

2334 5492 2390 5548 13
2444 5490 2733 5566 Interpont
2765 5496 2954 5565 potest

2328 5490 2413 5566 13)
2444 5490 2736 5566 Interponi
2765 5496 2954 5565 potest
2981 5494 3063 5551 τό.
