3904 6210
64 183 164 246 713

935 178 1305 240 COMMENT.
1345 177 1414 237 IN
1451 173 1905 237 ΜΑΤἹἪιΕυΜ.
1955 210 2023 221 —
2063 177 2218 234 CAP.
2259 173 2484 234 XXVII.

3323 179 3426 238 714

131 316 231 366 Καὶ
285 341 350 353 --
388 311 713 384 ἁπεκρίνατο.
758 304 1004 382 Σφοδρῶς
1054 309 1156 380 γὰρ
1212 304 1318 366 ἤδη
1368 306 1705 364 λυττησάν-Λ

1843 305 2006 360 Vers.
2040 304 2126 360 t2.
2159 303 2236 359 Et
2259 334 2326 344 —
2347 301 2671 374 respondit.
2701 305 2849 359 Cum
2873 302 3034 362 enim
3056 303 3432 362 vehementer

68 420 154 452 των
209 399 282 460 εἰς
333 402 420 452 τὸν
478 405 625 471 φόνον
682 398 861 462 αὐτοῦ,
913 403 1002 450 καὶ
1054 396 1351 450 ἀκαθέκτων
1407 394 1529 456 ὅλως
1581 415 1661 466 γε-

65 494 306 561 γονότων,
392 491 522 560 ἔγνω
590 493 816 561 ματαίαν
886 485 1016 540 εἶναι
1081 495 1170 540 τοῦ
1228 486 1411 538 λοιποῦ
1490 490 1662 537 πᾶσαν

69 579 366 651 ἀπολογίαν.

125 675 260 722 Τότε
337 700 406 709 -
475 675 976 742 καταμαρτυροῦσις
1071 673 1238 719 Τοῦτο
1290 665 1427 738 λέγει
1502 685 1666 738 παρα-

68 767 212 811 κινῶν
264 758 421 810 αὐτὸν
481 757 552 818 εἰς
606 761 664 810 τὸ
723 756 1160 828 ἀπολογήσασθαι
1208 760 1296 808 καὶ
1360 753 1664 826 ἀπαλλαγῆ-

71 865 161 900 ναι·
215 847 309 899 καί
365 849 467 921 γὰρ
529 845 803 918 ἐγίνωσκεν
857 847 936 899 ὅτι
976 847 1099 921 ῥᾷον
1151 841 1393 897 διαλύσει
1437 846 1529 906 τὰς
1570 862 1665 896 συ-

74 942 346 1010 κοφαντίας
375 935 562 988 αὐτῶν.

139 1030 240 1078 Καὶ
295 1057 365 1066 -
408 1026 573 1100 ῥῆμα.
629 1028 697 1078 T6
749 1024 862 1088 ἑξῆς
909 1026 1009 1098 γὰρ
1061 1027 1305 1098 περιττὴν
1363 1024 1539 1094 ἠγεῖτο
1578 1026 1666 1074 καὶ

79 1119 160 1171 τήν
223 1118 350 1187 πρὸς
393 1114 547 1166 αὐτὸν
579 1113 876 1190 ἀπόκρισιν,
923 1115 988 1174 ὡς
1034 1118 1104 1186 μὴ
1155 1109 1436 1184 δυνάμενον
1478 1111 1667 1172 αὐτοὺς

88 1202 391 1256 ἀναστεῖλαι.
457 1209 558 1256 Καὶ
607 1210 710 1278 γαρ
765 1199 825 1262 ἦν
890 1207 980 1276 μεν
1036 1207 1391 1277 μισοπόνηρος
1433 1202 1458 1253 6
1502 1199 1666 1253 Πιλά-

91 1311 182 1356 τος,
242 1299 326 1345 ιαὶ
395 1289 603 1368 σφόδρα
657 1293 904 1352 ἠθέλησεν
963 1291 1220 1354 ἐξελέσθαι
1283 1295 1369 1343 τὸν
1438 1291 1663 1349 Ἰησοῦν·

86 1381 304 1453 μαλοαός
333 1378 392 1435 δε
420 1383 508 1449 ὡν,
543 1378 780 1436 ἐνεδίδου
801 1389 912 1442 ταῖς
945 1379 1145 1434 ἐκείνων
1174 1381 1380 1456 ὁρμαῖς.

1772 393 1850 449 ad
1879 393 2010 464 ejus
2059 393 2289 449 caedem
2345 392 2694 458 insanirent,
2735 407 2844 448 nec
2884 395 3132 451 omnino
3162 395 3433 452 revocari

1773 487 2044 553 possent,
2077 482 2302 537 sciebat
2344 481 2562 538 frustra
2591 481 2858 539 dandum
2887 482 2956 538 iri
2992 483 3276 557 deinceps
3310 499 3436 544 om-

1774 586 1912 626 nem
1940 586 2423 644 responsxonem.

1846 681 2006 735 Vers.
2049 680 2130 734 13.
2198 680 2364 736 Tunc
2417 710 2489 719 —
2527 679 2726 736 dicunt
2779 680 3108 738 testimonia
3141 680 3168 736 ?
3202 683 3322 737 Hoc
3352 681 3436 738 ait

1775 769 2083 824 concitans
2123 784 2262 823 eum
2293 773 2352 824 ut
2383 769 2785 840 responderet,
2828 786 2900 826 ac
2925 770 3009 825 sic
3039 769 3430 827 liberaretur:

1775 856 1999 914 sciebat
2023 857 2182 914 enim
2208 857 2371 928 quod
2399 856 2574 913 facile
2605 863 2805 929 posset
2831 858 3069 915 illorum
3091 858 3318 917 diluere
3339 875 3432 918 ca-

1775 945 2061 1002 lumnias.

1848 1055 2008 1109 Vers.
2037 1055 2119 1108 14.
2135 1053 2215 1109 Et
2230 1083 2299 1093 —
2314 1053 2566 1109 verbum.
2586 1053 2871 1126 Deinceps
2889 1053 3049 1110 enim
3065 1055 3436 1126 superﬂuam

1777 1141 2187 1198 fore'ducebat
2223 1142 2678 1214 responsionem
2704 1157 2840 1214 quae
2870 1143 2983 1214 ipsi
3013 1142 3274 1209 daretur,
3299 1158 3438 1198 cum

1777 1247 1900 1288 non
1927 1237 2129 1302 posset
2145 1231 2273 1286 illos
2291 1231 2708 1303 comprimere.
2731 1230 3026 1304 Siquidem
3050 1231 3278 1288 malum
3299 1231 3441 1288 ode-

1777 1325 1868 1378 rat
1895 1320 2146 1389 Pilatus,
2178 1325 2234 1376 et
2270 1320 2474 1376 Jesum
2514 1319 2778 1376 maxime
2839 1325 3106 1392 optasset
3143 1320 3390 1377 liberare
3425 1336 3437 1375 :
3509 1319 3513 1323 ’

1779 1425 1988 1466 verum
2019 1425 2147 1465 cum
2188 1408 2384 1465 mollis
2418 1413 2592 1475 esset,
2624 1408 2864 1465 illorum
2908 1408 3160 1466 cedebat
3187 1408 3442 1467 affectio-

1779 1499 1954 1556 nibus
1969 1542 1982 1555 .

139 1596 300 1649 Ὠστε
355 1627 421 1637 -
470 1595 603 1650 λίαν.
660 1596 984 1668 Θαυμαξειν,
1026 1603 1132 1656 πῶς
1170 1590 1490 1646 ἐνδείκνυται
1547 1612 1671 1646 τοσ-

1850 1591 2019 1645 Vers.
2059 1587 2147 1643 14.
2166 1587 2326 1644 Adeo
2348 1593 2412 1644 ut
2437 1618 2505 1628 -
2523 1602 2708 1657 supra
2733 1588 2997 1644 modum.
3035 1587 3441 1645 Admiraretur

81 1688 232 1742 αώτην
266 1684 562 1750 ἐπιείκειαν,
588 1692 717 1752 πῶς,
751 1681 1034 1756 δυνάμενος
1062 1683 1437 1755 ἀπολογεῖσθαι
1466 1688 1556 1736 καὶ
1581 1703 1672 1735 κα-

81 1776 382 1845 ταισχύνειν
410 1773 618 1842 αὐτοὺς,
651 1773 777 1825 ἑκὼν
809 1779 938 1844 σιγᾴ
964 1777 1055 1825 καὶ
1085 1771 1348 1844 ἀνέχεται.

144 1990 291 2041 Κατὰ
345 1983 406 2039 δὲ
467 1987 643 2060 ἑορτὴν
707 2019 768 2028 -—
815 1993 1083 2063 Χριστονς
1144 1991 1290 2041 Κατὰ
1355 1985 1412 2041 δὲ
1472 1987 1671 2061 ἑορτὴν,

84 2084 165 2138 τὴν
232 2087 327 2131 τοῦ
387 2081 584 2149 Πάσχα
633 2075 891 2136 δηλονότι.
937 2083 1074 2137 Φησὶ
1121 2082 1222 2153 γὰρ
1269 2082 1294 2130 6
1322 2079 1557 2140 Ἰωάννης
1601 2079 1674 2131 εἰ-

83 2177 184 2221 πεῖν
248 2172 337 2220 τὸν
414 2167 648 2221 Πιλάτου.
707 2167 859 2222 ’Ἐστι
913 2165 971 2220 δὲ
1041 2170 1290 2227 συνήθεια
1353 2170 1468 2241 (li)
1534 2171 1674 2241 ὑμῖν,

86 2260 158 2309 ἱνα
206 2259 298 2310 ἕνα
353 2259 474 2329 ὑμῖν
537 2254 782 2309 ἀπολύσω
839 2258 950 2329 (15)
1020 2255 1066 2309 ἕν
1130 2266 1202 2328 τῷ
1276 2259 1494 2330 Πάσχα.
1554 2265 1678 2333 Περὶ

87 2344 136 2399 δε
182 2355 277 2399 τοῦ
336 2344 579 2418 Βαραϐϐᾶ
633 2345 768 2417 λέγει
827 2353 1170 2422 φανερώτερον
1229 2349 1254 2399 6
1329 2354 1532 2409 Λουκᾶς
1598 2351 1678 2401 ὅτι

88 2432 139 2492 ἧν
187 2433 286 2487 διὰ
342 2437 530 2487 στάσιν
589 2439 706 2487 τινὰ
750 2440 1022 2508 γενομένην
1068 2435 1116 2488 ἐν
1163 2444 1224 2508 τῇ
1282 2436 1424 2490 πόλει
1462 2442 1548 2490 καὶ
1583 2441 1678 2510 φό-

86 2545 158 2576 νον
232 2523 549 2597 βεϐλημένος
613 2523 686 2585 εἰς
743 2525 994 2598 φυλακήν.
1047 2525 1104 2578 Ὀ
1167 2526 1384 2587 Πιλάτος
1437 2523 1546 2592 οὖν,
1607 2532 1676 2599 μὴ

91 2611 331 2676 δυνηθεὶς
367 2617 436 2676 ὡς
494 2612 659 2667 ἀθῶον
723 2612 982 2676 ἐξελέσθαι
1032 2618 1117 2667 τὸν
1161 2618 1414 2688 Χριστὸν,
1472 2615 1681 2688 ἐπεχεί-

91 2723 213 2776 ρησε
252 2705 352 2754 κᾶν
398 2710 524 2774 γοῦν
571 2709 635 2764 ὡς
686 2700 972 2756 κατάδικον
1024 2707 1364 2779 χαρίσασθαι
1393 2713 1573 2759 τοῦτον
1617 2714 1679 2766 τῆ

95 2793 235 2866 ἑορτῇ
248 2836 261 2847 .

157 2879 313 2935 Ἔδει
360 2913 430 2922 —-
481 2881 654 2934 αὐτόν.
716 2886 902 2953 Διέγνω
953 2892 1128 2951 τοῦτο,
1183 2888 1273 2936 καὶ
1323 2885 1558 2952 ἣλπιζεν,
1606 2885 1687 2939 ὃτι

98 2972 184 3023 οὐχ
236 2971 297 3022 ἂν
353 2977 725 3043 προτιμησωσι
775 2975 861 3023 τὸν
900 2969 1211 3046 ἀνδροφόνον
1253 2973 1543 3048 Βαραϐϐᾶν.
1592 2979 1687 3028 Δία

98 3068 242 3112 τοῦτο
324 3064 498 3112 τοίνυν
565 3059 834 3134 θαρρήσας
908 3059 1090 3136 ἐρωτᾷ,
1157 3067 1284 3115 Τίνα
1338 3063 1500 3117 θελετε
1563 3063 1685 3117 ἀπο-

98 3149 229 3202 λύσω
296 3151 456 3222 iisiis;
501 3149 587 3211 Ὠς
649 3147 708 3201 δε
754 3149 888 3222 λέγει
946 3154 1174 3226 Μάρκος,
1216 3156 1315 3226 πρὸ
1358 3162 1453 3216 τῆς
1497 3153 1688 3228 ἐρωτήο

105 3257 222 3300 om;
264 3237 563 3300 ἀναϐοήσας
610 3241 636 3290 6
690 3238 880 3311 ὄχλος,
934 3241 1124 3312 ἦρξατο
1180 3241 1462 3313 αἰτεῖσθαι,
1515 3246 1687 3307 καθὼς

105 3324 175 3377 ἀεὶ
218 3325 377 3380 ἐποίει
430 3327 626 3394 αὐτοῖς,
682 3333 864 3400 ἤγουν,
923 3330 1184 3383 αἰτεῖσθαι
1243 3333 1354 3401 (l6)
1412 3335 1678 3405 γενέσθαι,

106 3413 192 3466 Ἠν
245 3413 303 3469 δε
358 3418 389 3474 ἠ
434 3421 645 3479 αἴτησις
685 3423 803 3492 περὶ
855 3426 942 3472 τοῦ
992 3418 1251 3472 ἀπολύσαι
1293 3422 1380 3474 ἕνα
1426 3431 1496 3494 τῷ
1546 3423 1687 3495 ὄχλῳ

111 3499 329 3575 δέσμιον.
375 3505 530 3558 Ὀθεν
580 3504 895 3580 δραξάμενος
943 3507 1180 3583 ἀφορμῆς
1228 3512 1254 3563 6
1309 3511 1544 3580 Πιλάτος,
1599 3513 1692 3565 ἐπ-

114 3599 393 3668 εχείρησεν,
422 3597 490 3656 ὡς
521 3600 742 3671 εῖρηταὶ,
771 3603 861 3650 καὶ
893 3603 1154 3672 ἠρώτησε.

187 3811 480 3884 Καθημένου
537 3843 600 3852 —
653 3816 828 3866 αὐτόν.
886 3812 1064 3876 Ἀὐτὸς
1116 3819 1204 3888 μὶν
1267 3818 1359 3870 οὐκ
1407 3819 1523 3891 (17)
1591 3818 1696 3874 εἶδε

121 3907 332 3952 τοιοῦτον
389 3904 532 3975 ὄναρ,
588 3902 617 3959 ἦ
671 3905 740 3964 ὡς
794 3902 1022 3970 ἀνάξιος,
1079 3907 1108 3965 ἣ
1171 3908 1250 3958 ὅτι
1301 3907 1470 3980 ἔμελλε
1521 3917 1694 3981 σιγᾷν,

125 3989 186 4046 ὡς
229 3995 420 4062 κριτὴς,
478 3990 510 4048 ἣ
567 3992 646 4043 ὅτι
703 3991 898 4064 ἔμελλεν
957 3992 1316 4062 ἀπιστεῖσθαι,
1367 4000 1431 4058 ὡς
1480 3999 1701 4052 πλαττό-

127 4096 263 4146 μενος
309 4079 459 4142 αὐτος
535 4085 664 4154 πρὸς
736 4086 794 4134 τὸ
866 4082 1044 4145 ἐξελεῖν
1097 4089 1268 4142 αὐτὸν.
1326 4087 1384 4138 Ἠ
1454 4094 1580 4160 γυνὴ
1645 4086 1702 4143 δὲ

132 4259 245 4315 τοὺς
295 4255 599 4326 Ἰουδαίους,
671 4261 753 4313 ἶνα
804 4264 868 4322 ὡς
921 4260 1199 4334 ἀνυποπτῳ
1267 4269 1430 4340 ταύτῃ
1485 4273 1708 4322 πιστεύ-

137 4361 298 4406 σαντες
349 4346 821 4420 ἁναχαιτισθῶσιν.
882 4356 981 4404 Καὶ
1041 4353 1100 4404 οὐ
1151 4351 1329 4426 βλέπει
1368 4361 1542 4428 μόνον,
1585 4357 1712 4411 ἀλλὰ

139 4438 229 4484 καὶ
271 4439 476 4508 πάσχει,
523 4443 813 4507 τουτίστιν,
859 4438 1116 4512 ἕταςεται,
1165 4446 1248 4496 ἵνα
1293 4453 1352 4518 τῇ
1413 4448 1713 4522 συμπαθείᾳ

141 4528 233 4581 τῆς
261 4530 488 4594 γυναικὸς
537 4529 562 4579 6
599 4529 731 4602 ἀνὴρ
778 4529 962 4596 αὐτῆς,
1010 4536 1100 4584 καὶ
1150 4538 1222 4605 μὴ
1270 4537 1583 4608 πειθομένων
1623 4539 1712 4590 αὖ-

147 4617 259 4676 τῶν,
315 4615 514 4690 κωλύσῃ
574 4621 661 4670 τόν
701 4622 868 4690 φόνον.
922 4624 992 4672 T6
1035 4617 1095 4673 δι
1147 4619 1327 4680 Μηδέν
1373 4644 1456 4677 σοι
1501 4632 1590 4679 καὶ
1642 4636 1714 4699 τῷ

153 4695 188 4749 δ
195 4707 325 4773 alia»
379 4704 566 4778 ἐκείνῳ,
636 4705 750 4760 ἀντὶ
799 4714 912 4780 τοῦ,
978 4707 1158 4768 Μηδὲν
1245 4731 1329 4764 σοι
1401 4717 1487 4766 καὶ
1548 4715 1714 4789 iuin

155 4785 610 4867 ἆμῗισεητήσιμον,
703 4793 907 4868 ἀπέχου
978 4797 1158 4854 αὐτου.

1241 4807 1555 4874 Σημιιωτέον
1634 4802 1667 4858 δ
1672 4810 1712 4872 'e,

158 4877 232 4928 ὃτι
251 4881 298 4930 τὸ
322 4887 537 4958 Σήμερον
561 4890 651 4937 καὶ
679 4883 765 4938 ἐπὶ
795 4886 980 4950 νυκτὸς
1003 4887 1228 4960 λέγεται.

226 5003 266 5037 ¹⁵
288 5004 441 5064 Joan.
474 5026 627 5079 xviii,
659 5013 746 5067 39.
825 5013 872 5048 ¹⁶
898 5012 1035 5068 Luc.
1069 5030 1229 5088 χχιιι,
1255 5016 1340 5074 l9.

1779 1677 2090 1752 quomodo
2121 1678 2558 1734 demonstraret
2608 1681 2836 1734 tantam
2861 1677 3389 1733 mansuetudinem
3423 1693 3436 1732 :

1781 1767 2106 1839 quomodo,
2127 1782 2265 1822 cum
2291 1765 2655 1836 respondere
2685 1772 2890 1836 posset
2910 1765 3164 1838 illosque
3188 1765 3439 1824 confun-

1781 1856 1943 1922 dere,
1982 1855 2318 1911 voluntarie
2347 1855 2544 1912 sileret
2571 1870 2642 1912 ac
2664 1855 3000 1912 sustineret.

1855 1963 2018 2020 Vers.
2062 1967 2146 2017 15.
2181 1962 2253 2017 In
2291 1961 2437 2033 festo
2458 1967 2650 2017 autem
2681 1991 2752 2003 —
2790 1961 2954 2018 Vers.
2984 1961 3065 2017 l7.
3104 1962 3377 2019 Christus
3412 1961 3441 2016 7

1783 2053 1850 2107 In
1875 2051 2024 2107 festo
2046 2050 2298 2109 Pascha
2324 2049 2608 2105 videlicet.
2638 2050 2729 2106 Ait
2749 2050 2908 2106 enim
2934 2051 3196 2107 Joannes
3222 2051 3444 2108 dixisse

1786 2141 2037 2198 Pilatum
2075 2161 2089 2197 :
2122 2141 2228 2196 Est
2255 2146 2444 2197 autem
2472 2140 2827 2196 consuetudo
2860 2140 3042 2210 vobis,
3066 2147 3129 2196 ut
3155 2157 3333 2196 unum
3348 2141 3446 2197 ab-

1782 2232 2006 2287 solvam
2036 2230 2193 2286 vobis
2224 2230 2288 2284 in
2312 2229 2544 2285 Pascha
2573 2229 2639 2284 ιδ.
2663 2231 2740 2284 De
2763 2229 3058 2299 Barabba
3095 2245 3234 2286 vero
3261 2231 3450 2287 mani-

1787 2320 1989 2376 festiue
2005 2319 2140 2375 dicit
2172 2319 2362 2374 Lucas
2386 2317 2573 2390 quod,
2596 2323 2840 2390 propter
2856 2318 3214 2375 seditionem
3240 2336 3450 2392 quam-

1788 2409 1930 2466 dam
1960 2408 2178 2465 factam
2211 2409 2270 2463 in
2289 2407 2522 2463 civitate
2551 2415 2607 2463 et
2632 2409 2880 2478 caedem,
2914 2408 3222 2480 conjectus
3249 2409 3445 2466 eratin

1789 2510 2090 2551 carcerem
2123 2494 2193 2548 10-.
2219 2491 2438 2548 Pilatus
2455 2507 2597 2562 ergo
2623 2508 2761 2548 cum
2789 2507 2911 2548 non
2937 2500 3142 2564 posset
3162 2498 3447 2567 tanquam

1789 2585 2164 2640 innocentem
2185 2581 2437 2638 liberare
2465 2581 2788 2647 Christum,
2817 2582 3217 2638 tentaviteum
3234 2582 3446 2640 saltem

1713 2687 1754 2746 ο
1794 2677 1852 2730 ut
1884 2672 2112 2745 judicio
2152 2671 2510 2728 damnatum
2549 2670 2773 2726 donare
2811 2671 3016 2743 ipsum
3042 2669 3212 2728 festo.

1867 2918 2026 2971 Vers.
2064 2915 2153 2972 18.
2202 2913 2441 2970 Sciebat
2478 2942 2547 2952 --
2589 2926 2742 2969 eum.
2779 2912 3012 2970 Sciebat
3057 2913 3194 2980 hoc,
3229 2915 3286 2970 et
3315 2929 3446 2988 spe-

1794 3003 1968 3060 rabat
1981 3001 2148 3075 quod
2164 3016 2552 3074 nequaquam
2580 3006 2994 3073 praeponerent
3007 3001 3062 3058 ei
3076 3001 3450 3060 homicidam

1797 3092 2152 3149 Barabbam.
2184 3092 2426 3163 Propter
2452 3091 2569 3146 hoc
2593 3106 2737 3160 ergo
2764 3096 3006 3162 sumpta
3030 3092 3250 3149 ﬁducia
3279 3093 3452 3150 inter-

1795 3187 2006 3250 rogat:
2041 3182 2217 3249 Quem
2246 3178 2424 3235 vultis
2448 3179 2743 3235 absolvam
2783 3179 2940 3235 vobis
2977 3179 3005 3234 ?
3038 3182 3107 3236 Ut
3140 3187 3342 3238 autem
3366 3182 3454 3237 di-

1796 3270 1873 3327 cit
1898 3271 2147 3335 Marcus,
2175 3273 2311 3324 ante
2334 3266 2864 3337 interrogationem
2894 3284 3033 3324 cum
3063 3269 3456 3327 acclamasset

1798 3359 1974 3417 turba
2002 3358 2175 3430 coepit
2205 3362 2420 3430 petere,
2462 3357 2614 3412 sicut
2644 3371 2882 3427 semper
2910 3357 3167 3414 faciebat
3191 3359 3276 3413 eis
3312 3375 3324 3414 ε
3354 3374 3452 3429 pe-

1799 3455 1917 3506 tere
1945 3447 2220 3504 videlicet
2264 3451 2326 3502 ut
2370 3446 2536 3501 fieret
2566 3446 2684 3518 (ιλιι)
2741 3445 2896 3502 sicut
2937 3461 3166 3518 semper
3199 3446 3456 3504 faciebat

1799 3541 1884 3596 eis
1915 3540 1982 3593 ‘7.
2017 3540 2150 3592 Erat
2185 3543 2385 3592 autem
2433 3535 2654 3606 petitio,
2703 3539 2765 3591 ut
2797 3551 2951 3590 unus
2990 3551 3062 3590 ex
3091 3535 3296 3592 vinctis
3347 3537 3454 3594 ab-

1801 3625 2346 3686 solvereturturbie.
2371 3625 2532 3682 Unde
2560 3629 2773 3681 nactus
2803 3625 3182 3683 occasionem
3209 3626 3454 3693 Pilatus,

1801 3717 2070 3781 tentavit,
2112 3721 2174 3770 ut
2204 3715 2432 3770 dictum
2458 3719 2566 3780 est,
2599 3720 2657 3770 et
2684 3714 3088 3785 interrogavit.

1875 3827 2034 3880 Vers.
2067 3824 2153 3878 19.
2185 3821 2418 3878 Sedente
2443 3853 2514 3863 —
2542 3821 2755 3892 ipsum.
2809 3823 2938 3894 Ipse
2977 3822 3224 3896 quidem
3249 3822 3463 3894 hujus-

1809 3913 1974 3970 modi
1996 3914 2300 3968 somnium
2323 3926 2447 3967 non
2470 3911 2721 3976 viderat,
2743 3911 2836 3967 vel
2851 3917 3134 3982 tanquam
3161 3912 3463 3982 indignus,

1810 4003 1902 4058 vel
1932 4002 2076 4074 quia
2126 4001 2404 4056 taciturus
2437 3999 2660 4066 fuisset,
2704 4006 2900 4072 utpote
2948 4001 3156 4072 judex,
3203 4003 3294 4058 vel
3324 4004 3469 4075 quia

1813 4092 1960 4148 ﬁdes
1985 4092 2037 4146 ei
2068 4089 2336 4146 adhibita
2365 4105 2485 4144 non
2514 4089 2734 4154 fuisset,
2763 4090 2932 4160 quasi
2971 4091 3030 4146 id
3050 4091 3127 4146 ad
3151 4107 3288 4146 eum
3329 4092 3469 4148 libe-

132 4163 294 4235 βλέπει
333 4168 539 4240 μᾶλλον.
619 4173 685 4232 ὡς
752 4169 874 4234 ἀξία
926 4179 1016 4225 καὶ
1069 4177 1136 4236 ὡς
1187 4177 1512 4252 πιθανωτέρα
1574 4183 1705 4252 πρὸς

1834 4180 2070 4237 ἰιῐιόυω
2085 4177 2406 4249 efﬁngenti.
2425 4180 2574 4233 llxor
2595 4185 2793 4233 autem
2814 4181 3014 4250 potius
3039 4180 3217 4246 videt,
3249 4180 3334 4234 vel
3351 4186 3474 4235 tan-

1817 4286 2002 4344 quam
2021 4267 2246 4329 melior,
2261 4265 2354 4322 vel
2369 4271 2658 4338 tanquam
2674 4267 2836 4338 apud
2849 4267 2874 4320 J
2888 4267 3087 4323 udasos
3107 4268 3224 4323 ﬁde
3237 4267 3475 4337 dignior

1823 4366 1884 4416 ut
1911 4359 2050 4414 huic
2087 4357 2259 4428 quasi
2297 4371 2420 4411 non
2447 4359 2737 4428 suspectae
2763 4355 2938 4410 tidem
2966 4355 3276 4420 habentes,
3299 4356 3477 4412 refre-

1820 4452 2123 4506 narentur.
2155 4446 2271 4501 Nec
2302 4444 2454 4500 videt
2485 4445 2702 4510 solum,
2726 4443 2833 4500 sed
2858 4452 2912 4498 et
2943 4444 3182 4516 patitur,
3217 4444 3330 4501 hoc
3366 4451 3472 4512 est,

1823 4540 2113 4596 tormento
2126 4534 2396 4598 afﬁcitur,
2414 4539 2474 4589 ut
2489 4531 2692 4588 uxoris
2708 4534 3148 4605 compassione,
3164 4533 3273 4589 illis
3295 4533 3478 4591 etiam

1823 4642 1945 4684 non
1959 4622 2494 4698 acquiescentibus,
2509 4622 2593 4677 vir
2605 4621 2654 4693 ej
2667 4639 2733 4677 us
2748 4621 3088 4694 prohiberet
3100 4623 3352 4683 caedem:
3374 4624 3480 4680 Ni-

1827 4717 1918 4773 hil
1939 4715 2046 4772 tibi
2074 4730 2208 4771 cum
2248 4715 2397 4780 iusto
2428 4713 2555 4777 ιἰιο,
2580 4712 2694 4768 hoc
2724 4715 2834 4776 est,
2860 4711 3005 4767 nihil
3035 4714 3477 4770 contentiosum

1829 4807 1900 4861 sit
1941 4804 2092 4860 inter
2138 4809 2194 4858 te
2233 4807 2290 4858 et
2325 4802 2513 4867 illum,
2573 4800 2804 4856 abstine
2837 4801 2914 4857 ab
2961 4800 3082 4858 illo.
3140 4803 3481 4860 Notandum

1829 4899 1917 4952 est
1946 4903 2166 4958 autem,
2207 4890 2371 4964 quod
2395 4895 2619 4964 σήμερον
2650 4889 2894 4962 (hodie),
2933 4891 3007 4947 de
3037 4898 3210 4949 nocte
3247 4891 3480 4949 dicitur.

1421 5020 1463 5055 ¹⁷
1499 5023 1671 5078 Marc.
1705 5039 1806 5087 xv,
1839 5025 1889 5077 8.

1368 5135 1584 5206 Varia
1632 5138 1954 5207 lectiones
1979 5147 2043 5204 et
2075 5145 2272 5203 notae.

235 5235 331 5315 (li)
349 5237 509 5315 ’,Ημῖνο
548 5251 603 5298 B'

357 5310 534 5390 ᾏπολύ
541 5335 734 5390 σωμεν.
760 5324 816 5372 Β.

237 5307 335 5444 ἓ15)
359 5307 730 5390 Ἀ’πολύσωμεν.
760 5324 816 5372 Β.

261 5380 335 5454 16)
357 5383 456 5442 Pro
481 5387 779 5446 vocabulo
807 5392 1072 5463 γενέσθαι,
1102 5397 1165 5460 Α,
1192 5394 1404 5466 repetit
1421 5394 1554 5454 haec
1580 5415 1592 5455 :
1630 5404 1733 5453 Ku-

1912 5255 2007 5314 θὼς
2036 5254 2115 5304 ἀεί
2145 5255 2306 5305 ἐποίει
2334 5253 2534 5314 αὐτοῖς.

1912 5325 2021 5396 (17)
2063 5320 2210 5378 Οἵδε.
2254 5325 2329 5381 Α.

240 5501 348 5574 (αα)
373 5511 512 5585 Ergo
541 5512 862 5574 Hentenius
893 5522 1027 5590 post
1055 5519 1299 5591 γενέσθαι
1319 5519 1532 5580 iterum
1566 5523 1705 5580 inve

1834 5523 1985 5582 ιαθως
2017 5519 2094 5572 ἀεὶ
2119 5518 2278 5573 ἐποίει
2309 5519 2503 5583 αὐτοῖς.

458 5611 700 5673 Paraoa.
747 5615 853 5677 Gn.
890 5615 1128 5676 CXXIX.

3127 5616 3196 5672 23
