3904 6210
458 173 564 229 715
1805 169 2000 225 ΕΟΤΗ

2231 167 2487 226 IGABEN
2492 171 2512 226 Ι
3706 180 3768 231 716

531 299 685 354 Vers.
702 294 1289 367 20.Principesautem
1309 295 1667 352 sacerdotum
1692 327 1760 335 ——
1780 293 2066 365 perderen

2301 297 2365 347 Οἱ
2432 293 2491 348 δὲ
2563 295 2826 371 ἀρχιερεῖς
2880 329 2947 337 -
3002 297 3341 353 ἀπολέσωσιν.
3400 301 3466 351 Οἱ
3526 307 3685 371 φονεῖς
3718 322 3770 353 τιν

459 386 783 445 Homicida:
796 384 1162 442 homicidam
1179 384 1232 440 ei
1248 385 1351 456 qui
1368 385 1551 442 vitam
1567 384 1768 441 tribuit
1783 400 2001 455 praepos

2228 389 2375 455 φονέα
2424 391 2837 458 προτετιμήκασι
2883 395 2973 439 τοῦ
3017 384 3305 454 ζωοόοτου,
3359 393 3449 439 καὶ
3500 389 3606 461 οὐχ
3656 389 3770 451 ἁπλῶς

455 482 621 532 runt:
644 491 753 532 nec
771 472 1116 547 simpliciter
1134 473 1526 540 homicidam,
1549 475 1651 529 sed
1676 472 1970 543 insignem
1994 495 1997 525 ε

2228 480 2392 545 φονέα,
2464 473 2579 525 ἀλ).⁹“
2620 474 2896 548 ἐπίσημον,
2959 480 3141 540 εῖτουν,
3192 476 3500 549 περιϐόητον
3550 478 3639 530 ἐπὶ
3690 500 3770 529 κια-

455 564 824 634 divulgatum
856 579 915 618 1n
944 562 1201 618 malitia:
1236 562 1388 619 adeo
1419 562 1818 618 inﬂammavit
1848 579 1948 617 eos
1972 563 1997 616 i:

2224 568 2429 635 ουργίᾳ.
2522 570 2780 616 Τοσοῦτον
2871 566 2896 616 ὁ
2979 567 3156 636 φθόνος
3248 565 3520 628 ἐξέκαυσεν
3612 568 3766 629 αὐτούς.

453 652 572 708 dia.
606 651 880 724 Corrupti
909 656 1112 707 autem
1144 650 1259 723 ipsi
1289 658 1686 724 corruperunt
1716 657 1771 707 et
1800 651 1995 707 turbas

2228 655 2554 726 Διεφθοροτες
2621 651 2679 706 δὲ
2731 654 2901 716 αὐτοι,
2957 653 3251 729 διέφθειραν
3303 662 3392 708 καὶ
3446 661 3566 717 τοὺς
3634 658 3770 728 ὄχλους

452 740 563 797 illae
587 756 830 815 quoque
842 741 1069 799 fraudis
1087 756 1211 796 sum
1240 756 1449 813 pmnas
1466 741 1711 797 luerent.
1728 744 1952 798 Marcus
1976 758 1994 794 ι

2226 745 2305 793 ἱνα
2344 747 2431 794 καὶ
2474 752 2569 805 τῆς
2599 746 2792 795 τούτων
2832 743 3032 804 ἀπάτης
3076 741 3231 803 δίκην
3273 745 3635 803 ἀπαιτηθώσι.
3671 750 3768 821 Μάρ-

452 831 608 899 dicit,
625 832 790 905 quod
801 832 1252 889 concitaverunt
1264 830 1385 887 sive
1396 831 1770 901 agitaverunt
1784 830 1994 887 turban

2224 851 2311 893 κος
2363 828 2422 884 δέ
2484 852 2642 904 φησιν
2698 835 2778 885 ὅτι
2827 831 3095 886 ἀνέσεισαν
3150 838 3234 886 τὸν
3274 835 3451 905 ὄχλον,
3508 841 3685 907 ἤγουν,
3717 834 3766 887 ἆν-

1810 962 1811 965 π
2223 940 2482 979 εκινησαν.

525 1010 688 1066 Vers.
708 1009 798 1066 21.
820 1008 1190 1078 Respondens
1206 1006 1445 1064 —vobis
1466 1008 1493 1063 ?
1514 1006 2067 1077 Primuminterrogz

2291 1010 2617 1083 Ἀποκριθεὶς
2671 1042 2738 1050 -
2799 1012 2920 1083 ὑμῖν
2976 1031 2989 1081 ;
3057 1012 3323 1086 Ἠρώτησε
3377 1022 3607 1086 πρῶτον,
3670 1018 3766 1066 οὕτω

452 1104 633 1168 verat,
661 1098 766 1155 sed
791 1103 1118 1170 antequam
1140 1096 1537 1169 respondisset
1559 1102 1889 1170 occupatus
1915 1102 1994 1153 est

2228 1096 2282 1152 δε
2340 1099 2736 1174 ἀποκριθέντων,
2805 1099 3125 1172 ἀσχοληθεὶς
3176 1106 3302 1173 πρὸς
3352 1107 3408 1154 τὸ
3462 1108 3677 1175 μήνυμα

448 1188 893 1259 suggestionem
924 1186 1124 1243 uxoris
1156 1203 1280 1243 suae
1317 1186 1556 1259 :itaque
1596 1202 1759 1243 nunc
1788 1201 1990 1242 rursus

2055 1202 2108 1242 [ι-
2218 1193 2466 1261 γυναικὸς
2495 1188 2675 1254 αὐτοῦ,
2708 1189 2858 1241 πάλιν
2886 1190 3157 1244 ἐπανέλαϐε
3191 1192 3282 1249 τήν
3312 1190 3597 1268 ἐρώτησιν.

448 1276 909 1348 terrogationem
934 1276 1166 1349 repetit.

520 1368 681 1421 Vers.
710 1365 797 1421 21.
824 1368 905 1421 At
928 1364 1476 1422 illi—Barabbam.
1510 1364 1667 1421 Sicut
1694 1365 1888 1423 edocti
1918 1381 2059 1423 eran

1851 1366 1888 1423 li
1918 1371 2105 1423 erant.
2288 1368 2353 1421 Οἱ
2385 1364 2444 1420 δὲ
2475 1397 2539 1407 -—
2567 1366 2855 1442 Βαραϐϐᾶν.
2889 1367 2977 1430 Ὠς
2997 1366 3393 1441 ἐδιδάχθησαν.

517 1455 681 1511 Vers.
714 1454 801 1510 22.
842 1456 943 1510 Att
980 1486 1051 1494 —
1081 1454 1355 1511 Christus
1392 1454 1420 1509 ‘I
1476 1456 1591 1527 Spe
1641 1454 1955 1513 frustratus
1985 1473 2053 1513 ru

2288 1462 2439 1528 Λέγει
2515 1488 2581 1498 —
2653 1462 2875 1530 Χριστόν
2937 1476 2949 1524 ;
3018 1458 3361 1531 Ἀστοχήσας
3425 1467 3521 1521 τῆς
3585 1456 3767 1525 ἐλπίδος,

445 1560 581 1600 sum
612 1544 687 1601 de
718 1560 790 1601 eo
827 1544 1170 1614 interrogat,
1215 1560 1449 1616 ponens
1479 1560 1605 1601 rem
1644 1546 1705 1600 in
1736 1545 1970 1602 illorum

2227 1546 2381 1621 ἐρωτᾷ
2431 1545 2582 1599 πάλιν
2636 1551 2752 1621 περὶ
2797 1547 2977 1612 αὐτοῦ,
3036 1554 3127 1600 καὶ
3182 1554 3391 1621 κυρίους
3450 1549 3640 1610 αὐτοὺς
3687 1570 3769 1600 ποις

444 1638 679 1691 testate:
704 1635 786 1690 ita
810 1632 1109 1705 obsequio
1134 1632 1266 1689 illos
1294 1638 1544 1705 captans
1571 1649 1643 1689 ac
1666 1634 1964 1704 mitigans,

2224 1644 2344 1687 εἰται
2361 1643 2451 1687 τοῦ
2482 1637 2804 1709 πράγματος,
2833 1637 3122 1709 θεραπεύων
3142 1638 3274 1690 οὓτω
3296 1643 3386 1689 καὶ
3417 1637 3766 1710 μειλισσομενος

441 1729 644 1780 tamen
678 1738 845 1795 asque
884 1726 1076 1778 truces
1103 1728 1477 1794 permanent.

2211 1725 2415 1785 αὐτούς’
2445 1721 2582 1795 οἰζδε
2610 1729 2852 1796 μένουσιν
2884 1722 3164 1779 ἀνένδοτοι.

512 1811 677 1867 Vers.
694 1816 781 1867 22.
804 1811 1103 1867 Dicunt—
1121 1810 1547 1880 Cruciﬁgatur.
1575 1812 1813 1874 Omnes,
1835 1827 1956 1867 non
1984 1815 2054 1868 tu:

2282 1818 2539 1884 Λέγουσιν
2587 1845 2655 1853 —
2721 1816 3095 1886 Σταυρωθήτω.
3150 1818 3357 1881 Πάντες,
3412 1815 3521 1887 οὐχ
3573 1819 3620 1868 οἱ
3654 1816 3766 1887 ὄχὶοι

437 1900 533 1958 bm
557 1900 774 1967 solum,
799 1900 906 1956 sed
927 1906 982 1956 et
1008 1900 1308 1972 principes
1337 1900 1711 1955 sacerdotum
1738 1905 1793 1956 et
1815 1902 1979 1956 senio

2227 1906 2375 1973 ιόνοι,
2420 1901 2547 1954 ἀλλά
2583 1907 2672 1954 καὶ
2706 1905 2754 1954 οἱ
2794 1902 3073 1978 ἀρχιερεῖς,
3106 1894 3194 1955 καὶ
3223 1907 3273 1955 οἱ
3304 1903 3659 1978 πρεσϐύτεροι.
3697 1910 3769 1957 Καὶ

434 1993 550 2047 Nec
575 1990 782 2047 dicunt
813 1989 1171 2060 :Occidatur,
1202 1988 1309 2045 sed
1360 1988 1805 2060 :Cruciﬁgatur,
1859 1995 1921 2046 ut
1947 2007 1976 2046 ι]

2224 1991 2266 2042 >5
2314 1990 2547 2061 λέγουσι,
2598 1993 2913 2057 Φονευθήτω,
2970 1992 3097 2044 ἀλλά
3149 1994 3529 2065 Σταυρωθήτω,
3585 1994 3660 2045 ἱνα
3701 1998 3766 2043 καὶ

434 2081 506 2136 tis
537 2096 780 2154 quoque
806 2095 1021 2150 genere
1043 2078 1384 2136 maleﬁcum
1412 2094 1548 2135 eum
1568 2096 1695 2135 esse
1714 2079 1976 2136 CODViDCt

2081 2122 2092 2135 .
2208 2084 2264 2132 τὸ
2292 2077 2431 2142 εἶδος
2456 2088 2546 2132 τοῦ
2578 2082 2798 2132 θανάτου
2829 2089 3118 2153 κακοῦργον
3151 2080 3420 2153 amis-5711:
3454 2082 3623 2134 αὐτόν.

502 2169 669 2227 Vers.
697 2170 785 2225 23.
810 2171 1027 2227 Praeses
1052 2176 1251 2226 autem
1282 2170 1493 2238 —feeit
1518 2170 1545 2222 ?
1570 2168 1719 2225 Cum
1738 2168 1974 2241 placare
1989 2186 2044 2227 ec

2274 2168 2332 2221 Ὀ
2361 2165 2419 2221 δὲ
2445 2171 2647 2241 ἡγεμὼν
2675 2168 2975 2228 -ἐποίησε
2999 2187 3011 2235 ;
3045 2176 3129 2228 Μὴ
3166 2167 3455 2243 δυνάμενος
3487 2168 3766 2226 δυσωπῆσαι

429 2274 551 2315 non
580 2265 795 2331 posset,
828 2264 1031 2331 aperte
1058 2258 1419 2315 contradicit.

1407 2300 1419 2313 .
2203 2261 2437 2321 τούτους,
2473 2257 2722 2329 ἀντιλέγει
2750 2258 2949 2317 λοιπόν,

502 2347 665 2404 Vers.
687 2348 1053 2404 23.Αιίιιί-
1084 2348 1510 2419 Cruciﬁgatur.
1548 2348 1942 2412 Vehementer,
1977 2349 2044 2405 hc

2273 2350 2338 2399 Oi
2388 2343 2446 2400 δὲ
2506 2380 2567 2387 -
2625 2350 3005 2422 Σταυρωθήτω.
3060 2380 3123 2389 —-
3178 2356 3477 2423 Περισσῶς,
3530 2348 3630 2400 ἀντὶ
3671 2353 3763 2407 τοῦ,

428 2436 1243 2503 estvehementius,itaenim
1274 2438 1508 2510 scripsit
1536 2439 1767 2494 Marcus
1797 2440 1865 2492 ‘9.
1897 2439 1970 2494 Lu

2219 2441 2614 2509 Ἰερισσοτέρως.
2704 2436 2853 2488 Οὕτω
2920 2440 3021 2511 γὰρ
3104 2437 3294 2509 ἔγραψε
3360 2440 3580 2512 Μάρκος
3637 2436 3659 2485 ὁ
3710 2430 3761 2484 δὲ

427 2532 629 2584 autem
646 2527 807 2593 dixit,
833 2527 998 2600 quod
1016 2526 1319 2584 instabant
1337 2527 1585 2583 vocibus
1610 2528 1866 2600 magnis,
1886 2544 1969 2599 po.

2223 2532 2404 2586 loumi;
2465 2523 2599 2578 εἶπεν
2666 2526 2745 2577 ὃτι
2811 2525 3065 2578 ἐπέκειντο
3133 2534 3328 2599 φωναῖς
3384 2527 3633 2599 μεγάλαις,
3697 2522 3765 2573 αἱ-

425 2616 612 2673 Iantes
645 2622 706 2674 ut
733 2616 1175 2689 cruciﬁgeretur
1203 2619 1265 2672 ²⁰.
1308 2620 1372 2672 Et
1407 2616 1857 2672 invalescebant
1907 2634 1967 2673 vc

2225 2618 2425 2686 οᾶμενοι
2474 2615 2626 2666 αὐτὸν
2678 2617 3061 2689 σταυρωθῆναι,
3108 2621 3197 2667 καὶ
3223 2622 3521 2687 κατίσχυον
3551 2617 3601 2666 αἱ
3626 2616 3763 2684 φονναὶ

426 2722 635 2763 eorum
660 2722 733 2764 ac
762 2722 1141 2763 summorum
1173 2707 1571 2762 sacerdotum.

1396 2710 1571 2762 )tum.
2190 2704 2359 2755 αὐτῶν
2390 2709 2477 2755 καὶ
2508 2712 2607 2755 τῶν
2639 2702 2938 2777 ἀρχιερέων.

495 2795 664 2852 Vers.
698 2797 788 2853 24.
827 2796 1028 2853 Videns
1055 2802 1253 2853 autem
1276 2826 1340 2835 —
1370 2795 1654 2851 videritis.
1686 2798 1889 2852 Manus
1918 2811 2037 2868 aqu

2260 2790 2411 2846 Ἰδὼν
2470 2790 2528 2845 δὲ
2582 2825 2647 2832 -
2724 2793 2930 2863 ὄψεσθε.
3006 2793 3256 2865 Ἐκάθηρε
3322 2796 3412 2853 τάς
3476 2801 3653 2865 χεῖρας
3705 2797 3756 2858 τῷ

419 2886 715 2958 purgavit,
740 2886 1063 2942 ostendens
1085 2885 1249 2958 quod
1277 2901 1458 2956 purus
1475 2889 1647 2952 esset,
1676 2892 1731 2941 ct
1755 2901 1877 2941 non
1905 2902 1961 2957 pi

2225 2878 2366 2941 δατι,
2427 2879 2673 2934 δεικνύων
2734 2884 2814 2934 ὃτι
2886 2885 3109 2955 καθαρὸς
3182 2889 3269 2934 καὶ
3339 2882 3600 2954 ἀμέτοχος
3670 2880 3762 2931 ἐστι

418 2990 559 3046 ceps
588 2974 792 3032 credis.
825 2978 970 3031 Nam
987 2975 1048 3030 id
1077 2974 1304 3031 Judaici
1337 2975 1548 3031 mortis
1569 2980 1714 3040 erat,
1747 2975 1862 3031 hoc
1897 2992 1955 3031 m

2219 2980 2279 3024 οὐ
2328 2976 2499 3044 φόνου.
2554 2968 2846 3024 Ἰουδαϊκὸν
2899 2976 3000 3046 γὰρ
3053 2975 3167 3034 ἔθος
3212 2969 3272 3029 ἦν
3324 2973 3459 3023 οὕτω
3503 2974 3618 3045 (18)
3666 2966 3760 3020 δια-

416 3065 734 3136 protestari
757 3079 859 3121 eos
886 3064 989 3137 qui
1017 3064 1243 3121 nollent
1271 3063 1524 3134 alicujus
1571 3063 1719 3121 caedi
1745 3080 1958 3120 commn

2222 3063 2547 3136 ηαρτύρεσθαι
2608 3064 2721 3121 τοὺς
2786 3065 2857 3132 μὴ
2915 3061 3148 3123 θέλοντας
3207 3068 3359 3133 φονου
3427 3066 3565 3122 τινος
3612 3080 3764 3111 κοινω-

413 3167 571 3210 care.
603 3153 695 3210 Ait
721 3154 881 3211 enim
925 3158 982 3211 et
1019 3154 1209 3213 David
1252 3175 1265 3208 :
1305 3154 1537 3211 Lavabo
1565 3155 1722 3211 inter
1748 3154 1955 3211 iuncea;

2222 3160 2363 3210 ἧσαι.
2408 3156 2544 3209 Φησὶ
2572 3152 2672 3223 γὰρ
2706 3155 2792 3201 καὶ
2822 3151 2847 3202 0
2892 3146 3076 3203 Δαυῖδ·
3111 3150 3349 3223 Νίψομαι
3383 3151 3431 3202 ἐν
3464 3149 3646 3209 ἀθώοις
3687 3150 3764 3206 τὰς

414 3258 629 3301 manus
660 3260 819 3301 meas
850 3246 922 3300 ³³.

2184 3244 2372 3314 χεῖράς
2400 3261 2518 3313 μου.

484 3333 649 3391 Vers.
684 3338 771 3391 25.
798 3335 876 3391 Et
904 3365 975 3376 -—
1013 3340 1266 3391 nostros.
1300 3332 1666 3404 Sanguinem
1700 3337 1912 3389 vocant
1940 3349 2026 3390 sai

2260 3336 2359 3383 Καὶ
2415 3362 2482 3369 -
2535 3331 2703 3401 ἡμῶν.
2776 3326 2915 3401 Αἷμα
2987 3328 3200 3400 λέγουσι
3257 3333 3347 3387 τὴν
3406 3337 3499 3381 τοῦ
3565 3328 3763 3400 αἳματος

414 3423 609 3493 guinis
634 3424 1221 3480 condemnationem.
1244 3424 1287 3479 Ο
1310 3422 1621 3478 scelestam
1648 3436 1855 3477 vocem
1882 3423 1893 3476 l
1921 3424 1956 3479 Ο

2218 3417 2495 3477 αταδίκην.
2529 3418 2597 3470 Ὠ
2626 3424 2816 3491 μιαρᾶς
2852 3427 3021 3490 φωνῆς
3056 3418 3067 3471 !
3102 3418 3139 3469 ὦ
3176 3418 3462 3491 τολμηρίας
3494 3417 3721 3491 ἐσχάτης
3750 3412 3758 3465 ἶ

413 3518 666 3568 tremam
696 3511 1045 3568 audaciam!
1079 3511 1249 3583 Atqui
1270 3527 1390 3566 non
1413 3511 1611 3566 solum
1645 3510 1933 3565 adversus

2221 3508 2317 3559 ιλλ¹
2349 3510 2396 3560 οἱ
2454 3510 2542 3579 μὲν
2598 3507 2656 3559 οὐ
2720 3512 2873 3578 μόνον
2922 3508 3039 3558 καθ’
3087 3506 3297 3570 ἑαυτῶν,
3342 3507 3470 3560 ἀλὶά
3514 3514 3604 3559 καί
3648 3506 3763 3557 κατὰ

414 3615 581 3671 psos,
611 3599 713 3654 sed
734 3599 917 3655 etiam
937 3599 1220 3654 adversus
1246 3598 1399 3655 ﬁlios
1423 3613 1567 3653 suos
1597 3597 1835 3653 trahunt
1857 3598 1956 3669 im]

2220 3606 2280 3647 ὧν
2328 3601 2512 3649 τέκνων
2562 3596 2770 3648 ἕλκουσι
2808 3601 2901 3654 τὴν
2951 3595 3097 3670 ἀράν·
3150 3597 3175 3647 ὁ
3231 3593 3290 3648 δὲ
3329 3602 3561 3669 Χριστὸς
3598 3600 3682 3647 καὶ
3718 3592 3762 3654 ἐξ

416 3690 734 3742 cationem.
778 3687 1042 3744 Christus
1103 3702 1238 3742 vero
1291 3692 1347 3742 et
1405 3687 1479 3741 de
1546 3686 1651 3754 eis,
1707 3692 1763 3741 et
1812 3687 1886 3742 de
1933 3687 1958 3741 f

2221 3686 2367 3752 ὐτῶν,
2413 3690 2501 3737 καὶ
2566 3685 2619 3737 ἐκ
2678 3694 2777 3736 τῶν
2832 3690 3016 3737 τέκνων
3076 3682 3291 3757 δέχεται
3343 3690 3460 3745 τοὺς
3531 3688 3763 3757 μετανοή·

414 3790 623 3831 eorum
661 3774 1070 3847 resipiscentes
1128 3776 1389 3846 suscepit
1416 3793 1433 3845 ;
1468 3790 1578 3829 nec
1628 3775 1823 3830 solum
1863 3777 1956 3845 huj

2218 3796 2387 3836 αντας·
2438 3782 2526 3827 καὶ
2576 3775 2633 3827 οὐ
2674 3780 2825 3847 μόνον
2870 3774 3147 3846 ἐξαιρεῖται
3194 3783 3284 3834 τῆς
3334 3780 3582 3835 τοιαύτης
3628 3776 3760 3845 ἀρᾶς,

413 3863 577 3919 modi
604 3863 817 3920 liberat
846 3864 1284 3936 imprecatione,
1338 3864 1446 3919 sed
1499 3871 1553 3919 et
1584 3864 1742 3920 mille
1781 3865 1951 3920 bonis

2226 3866 2303 3917 ’.λά
2341 3871 2429 3917 καὶ
2479 3870 2675 3939 μυρίων
2726 3863 2930 3935 ἀγαθῶν
2962 3863 3123 3926 ἀξιοῖ.
3176 3870 3274 3917 Καὶ
3302 3868 3403 3937 γὰρ
3441 3871 3532 3917 καὶ
3579 3864 3768 3921 Παῦλος

409 3967 562 4023 gnos
588 3953 769 4010 ducit.
793 3956 943 4009 Nam
973 3959 1027 4009 et
1056 3953 1271 4011 Paulus
1302 3970 1373 4009 ex
1404 3954 1487 4009 eis
1514 3960 1659 4021 erat,
1684 3960 1739 4009 et
1766 3955 1951 4010 innun

2223 3958 2227 3966 ’
2255 3955 2421 4007 αὐτῶν
2453 3951 2532 4023 ἦν,
2568 3958 2652 4005 καὶ
2698 3950 2951 4027 μυριάδες
2982 3962 3079 4004 τῶν
3112 3960 3530 4006 πεπιστευκότων
3565 3954 3617 4005 ἐν
3665 3954 3765 4023 (19‘:

405 4044 730 4116 θοτιιωξᾳιιὶ
750 4044 1135 4116 postmodum
1176 4044 1605 4114 Hierosolymis
1662 4044 1947 4101 credideru

1039 4060 1135 4099 um
1176 4044 1605 4114 Hierosolymis
1662 4044 2057 4103 crediderunt.
2172 4044 2572 4119 Ἰεροσολύμοις.

474 4134 637 4190 Vers.
669 4136 756 4190 26.
784 4136 941 4190 Tunc
965 4166 1033 4174 —
1060 4135 1529 4204 cruciﬁgeretur.
1562 4136 1783 4189 Marcus
1814 4134 1963 4191 dixit
1991 4140 2010 4170 ²

2242 4138 2369 4186 Τότε
2423 4164 2491 4174 —-
2553 4134 2852 4207 σταυρωθῇ.
2917 4134 3128 4203 Μάρκος
3183 4135 3271 4199 μὲν
3330 4130 3467 4185 εἶπεν
3519 4134 3606 4185 ὁτι
3655 4131 3766 4204 βου-

398 4222 567 4295 quod
624 4222 830 4280 volens
869 4222 1094 4296 populo
1135 4222 1524 4289 satisfacere;
1575 4224 1763 4279 Lucas
1822 4240 1940 4280 verc

2234 4243 2376 4295 μενος
2417 4231 2487 4293 τῷ
2528 4222 2670 4293 ὄχλῳ
2719 4225 2777 4273 τὸ
2814 4223 2985 4273 ἱκανόν
3025 4230 3265 4279 ποιῆσαι·
3310 4230 3521 4284 Λουκᾶς
3578 4220 3665 4281 δε.
3702 4222 3776 4273 ὅτι

396 4312 563 4386 quod
589 4313 962 4385 adjudicavit
994 4313 1119 4369 ﬁeri
1176 4312 1522 4385 petitionem
1566 4327 1797 4368 eorum.
1838 4320 1938 4387 Φρο

2234 4318 2395 4387 έκρινε
2446 4313 2686 4381 γενέσθαι
2743 4314 2800 4363 1'0
2864 4313 3065 4382 αἴτημα
3108 4311 3297 4366 αὐτῶν,
3355 4315 3422 4364 T0
3466 4309 3526 4365 δὲ
3584 4315 3776 4385 φροιγὲ-

394 4400 503 4455 λιον
546 4408 748 4460 autem
796 4402 986 4476 (quod
1033 4419 1143 4459 nos
1183 4402 1469 4473 ﬂagellum
1516 4401 1793 4473 dicimus)
1849 4419 1936 4459 vel

2232 4422 2271 4454 ›ν
2328 4401 2525 4474 μάστιξ
2576 4398 2636 4459 ἦν
2703 4399 2757 4452 ἐκ
2813 4405 3041 4472 σχοίνων
3096 4402 3124 4459 ἦ
3194 4400 3369 4474 λωρων
3420 4401 3774 4474 πεπλεγμενῖ,

394 4496 577 4549 crate
622 4492 903 4549 funiculis
947 4497 1051 4549 aut
1088 4492 1231 4548 loris
1271 4496 1637 4556 contextum,
1694 4508 1816 4562 quo
1868 4492 1936 4549 dc

2237 4493 2279 4543 θ’
2332 4492 2391 4551 ἧς
2446 4493 2661 4544 ἔτυπτον
2714 4492 2781 4541 τὰ
2816 4498 2952 4541 νῶτα
3008 4498 3106 4541 τῶν
3157 4486 3478 4545 καταδίκων.
3538 4492 3779 4562 Ἐσαφή-

394 4579 934 4638 condemnatorum
955 4581 1374 4638 verberabant.
1412 4580 1890 4651 Flagellationem
1911 4599 1936 4638 v

2236 4600 2273 4633 rs
2349 4578 2407 4633 δὲ
2488 4584 2582 4638 τὴν
2647 4578 2968 4652 φραγίλωσιν
3029 4580 3055 4630 ὁ
3130 4578 3365 4640 Ἰωάννης
3414 4580 3647 4653 γράψας
3704 4582 3778 4631 ὄτι

394 4666 1069 4725 manifestavitJoannes
1085 4669 1291 4725 dicens
1314 4687 1326 4724 :
1348 4670 1584 4738 Accepit
1601 4669 1831 4726 Pilatus
1855 4670 1936 4727 Je:

2239 4669 2333 4722 ιϐεν
2377 4671 2401 4721 0
2453 4669 2672 4731 Πιλᾶτος
2704 4672 2789 4721 τὸν
2834 4669 3062 4735 Ἰησοῦν,
3106 4673 3196 4720 καὶ
3233 4668 3599 4740 ἐμαστίγωσε.
3637 4676 3781 4723 Ταῦ-

390 4761 444 4811 et
477 4755 803 4826 ﬂagellauit
832 4760 900 4811 ²⁴.
936 4760 1066 4813 Hinc
1093 4764 1295 4815 autem
1335 4757 1490 4823 fecit,
1529 4764 1589 4814 ut
1615 4760 1874 4829 rigorem
1896 4760 1932 4815 il

2271 4756 2329 4813 δὲ
2374 4763 2671 4823 πεποίηκεν,
2723 4756 2937 4810 ἐκλῦσαι
2976 4761 3063 4809 τὸν
3107 4761 3251 4810 τόνον
3295 4766 3386 4817 τῆς
3433 4764 3645 4828 μανίας
3684 4766 3780 4809 τῶν

384 4843 523 4899 miae
552 4844 896 4901 Judaaorum
918 4851 1041 4902 arte
1062 4847 1386 4905 retraheret
1404 4846 1546 4919 (vv),
1573 4852 1635 4903 ut
1664 4849 1796 4904 visa
1824 4849 1926 4920 inji

2241 4846 2428 4901 »δαίων
2480 4852 2873 4921 μηχανώμενος,
2945 4847 3098 4911 ὅπως,
3167 4843 3361 4907 ἰδόντες
3425 4852 3526 4906 τὴν
3606 4848 3783 4923 ὓϐριν,

383 4946 521 5005 quae
550 4931 612 4988 in
651 4949 791 4990 eum
833 4934 991 4992 facta
1028 4942 1185 4992 esset
1230 4936 1548 5007 auditaque
1600 4939 1925 4995 sententiat

2244 4961 2248 4982 ν
2321 4938 2386 4999 εἰς
2466 4938 2620 4990 αὐτὸν
2692 4940 3054 5009 γεγενημένην,
3131 4940 3220 4988 καὶ
3288 4934 3625 4999 ἀκούσαντες
3695 4946 3786 4996 τες

456 5059 500 5093 ⁸⁸
540 5060 717 5117 Marc.
763 5076 858 5126 xv,
902 5062 991 5118 ll.
1079 5064 1123 5097 ¹⁹
1156 5062 1297 5118 ibid.
1328 5065 1410 5119 14.
1491 5065 1538 5097 ²⁰
1566 5066 1682 5119 Luc
1712 5080 1873 5130 χχιιι,
1907 5070 1998 5121 23.

456 5164 494 5202 ι.
528 5148 582 5202 5.
616 5164 770 5202 xxm.
797 5150 885 5202 24.

2244 5064 2314 5121 al.
2344 5068 2556 5133 xxv,6.
2633 5065 2680 5099 ”
2718 5065 2902 5119 Marc.
2940 5078 3040 5132 xv,
3074 5063 3155 5119 15.
3234 5064 3282 5098 ³⁸
3334 5063 3473 5120 Luc.
3514 5066 3574 5102 ³⁸
3603 5065 3786 5123 Joan.

375 5162 494 5213 xu,
528 5150 582 5203 5.
616 5164 770 5221 xxui,
797 5150 885 5205 24.

1616 5280 1837 5350 Variae
1863 5281 2199 5354 lectiones
2239 5295 2305 5354 et
2331 5291 2510 5354 notae

445 5419 565 5493 (18)
597 5421 1089 5496 Διαμαρτύρασθαι.
1120 5423 1187 5478 Α.
2225 5431 2338 5504 (19)
2364 5431 2628 5511 Ὕστερον,
2656 5438 2793 5490 ante
2831 5430 2900 5505 ἐν,
2938 5430 3097 5489 addit
3124 5430 3197 5491 Α.

437 5570 557 5651 (vv)
585 5575 948 5635 Retraheret.
981 5574 1147 5633 Forte
1175 5591 1285 5651 pro
1316 5575 1531 5633 ἐκλύσαι
1569 5579 1809 5640 invenit
1828 5581 1979 5638 ἕλκύσ

719 5575 948 5635 ἀΙιθνει.
981 5574 1147 5633 Forte
1175 5591 1285 5651 pro
1316 5575 1531 5633 ἐκλύσαι
1569 5579 1809 5640 invenit
1828 5581 2065 5641 ἑλκύσαι.
2091 5582 2261 5645 Male.
