  <div class='ocr_page' id='page_1' title='image "/cluster/home/n/w/nwhite01/storage/ocr_20150623/129/hvd.32044073502395/364.png"; bbox 0 0 3904 6210; ppageno 0'>
   <div class='ocr_carea' id='block_1_1' title="bbox 200 160 251 179">
    <p class='ocr_par' dir='ltr' id='par_1_1' title="bbox 200 160 251 179">
     <span class='ocr_line' id='line_1_1' title="bbox 200 160 251 179; baseline -0.039 0"><span class='ocrx_word' id='word_1_1' title='bbox 200 160 251 179; x_wconf 62' lang='grc' dir='ltr'><strong>..ἐ</strong></span> 
     </span>
    </p>
   </div>
   <div class='ocr_carea' id='block_1_2' title="bbox 132 234 233 291">
    <p class='ocr_par' dir='ltr' id='par_1_2' title="bbox 132 234 233 291">
     <span class='ocr_line' id='line_1_2' title="bbox 132 234 233 291; baseline -0.04 1"><span class='ocrx_word' id='word_1_2' title='bbox 132 234 233 291; x_wconf 72' lang='grc'><strong>717</strong></span> 
     </span>
    </p>
   </div>
   <div class='ocr_carea' id='block_1_3' title="bbox 1176 216 2715 286">
    <p class='ocr_par' dir='ltr' id='par_1_3' title="bbox 1176 216 2715 286">
     <span class='ocr_line' id='line_1_3' title="bbox 1176 216 2715 286; baseline -0.001 0"><span class='ocrx_word' id='word_1_3' title='bbox 1176 221 1546 286; x_wconf 76' lang='grc' dir='ltr'><strong>ΟΟΜΜΕΝΤ.</strong></span> <span class='ocrx_word' id='word_1_4' title='bbox 1590 221 1660 278; x_wconf 88' lang='lat' dir='ltr'><strong>IN</strong></span> <span class='ocrx_word' id='word_1_5' title='bbox 1700 216 2149 283; x_wconf 78' lang='lat' dir='ltr'><strong>MATTH/EUM.</strong></span> <span class='ocrx_word' id='word_1_6' title='bbox 2191 256 2256 267; x_wconf 93' lang='lat'><strong><em>—</em></strong></span> <span class='ocrx_word' id='word_1_7' title='bbox 2297 224 2452 282; x_wconf 80' lang='lat' dir='ltr'><strong>CAP.</strong></span> <span class='ocrx_word' id='word_1_8' title='bbox 2495 226 2715 285; x_wconf 83' lang='lat' dir='ltr'><strong>XXVII.</strong></span> 
     </span>
    </p>
   </div>
   <div class='ocr_carea' id='block_1_4' title="bbox 3378 227 3485 287">
    <p class='ocr_par' dir='ltr' id='par_1_4' title="bbox 3378 227 3485 287">
     <span class='ocr_line' id='line_1_4' title="bbox 3378 227 3485 287; baseline 0 0"><span class='ocrx_word' id='word_1_9' title='bbox 3378 227 3485 287; x_wconf 83' lang='grc'><strong>718</strong></span> 
     </span>
    </p>
   </div>
   <div class='ocr_carea' id='block_1_5' title="bbox 133 347 1757 433">
    <p class='ocr_par' dir='ltr' id='par_1_5' title="bbox 133 347 1757 433">
     <span class='ocr_line' id='line_1_5' title="bbox 133 347 1757 433; baseline -0.005 -22"><span class='ocrx_word' id='word_1_10' title='bbox 133 360 451 431; x_wconf 63' lang='grc' dir='ltr'>ἀποφάσεως,</span> <span class='ocrx_word' id='word_1_11' title='bbox 508 354 854 433; x_wconf 77' lang='grc' dir='ltr'><strong>παραδούσης</strong></span> <span class='ocrx_word' id='word_1_12' title='bbox 916 363 1094 410; x_wconf 84' lang='grc' dir='ltr'>τοῦτον</span> <span class='ocrx_word' id='word_1_13' title='bbox 1179 362 1251 424; x_wconf 84' lang='grc' dir='ltr'>τῷ</span> <span class='ocrx_word' id='word_1_14' title='bbox 1328 351 1579 423; x_wconf 75' lang='grc' dir='ltr'><strong>θελήματι</strong></span> <span class='ocrx_word' id='word_1_15' title='bbox 1633 347 1757 403; x_wconf 82' lang='grc' dir='ltr'>αύ-.</span> 
     </span>
    </p>
   </div>
   <div class='ocr_carea' id='block_1_6' title="bbox 1927 347 3481 433">
    <p class='ocr_par' dir='ltr' id='par_1_6' title="bbox 1927 350 3481 423">
     <span class='ocr_line' id='line_1_6' title="bbox 1927 350 3481 423; baseline 0.005 -17"><span class='ocrx_word' id='word_1_16' title='bbox 1927 366 1973 406; x_wconf 81' lang='lat' dir='ltr'><strong>n</strong></span> <span class='ocrx_word' id='word_1_17' title='bbox 2013 350 2333 408; x_wconf 77' lang='lat' dir='ltr'><strong>tradiderat</strong></span> <span class='ocrx_word' id='word_1_18' title='bbox 2354 352 2642 410; x_wconf 80' lang='lat' dir='ltr'><strong>voluntati</strong></span> <span class='ocrx_word' id='word_1_19' title='bbox 2667 368 2897 421; x_wconf 91' lang='lat' dir='ltr'><strong>eorum,</strong></span> <span class='ocrx_word' id='word_1_20' title='bbox 2921 357 2987 411; x_wconf 84' lang='lat' dir='ltr'><strong>ut</strong></span> <span class='ocrx_word' id='word_1_21' title='bbox 3022 354 3170 412; x_wconf 80' lang='lat' dir='ltr'><strong>dixit</strong></span> <span class='ocrx_word' id='word_1_22' title='bbox 3193 355 3383 414; x_wconf 88' lang='lat' dir='ltr'><strong>Lucas</strong></span> <span class='ocrx_word' id='word_1_23' title='bbox 3412 360 3481 423; x_wconf 77' lang='grc'><strong>⁸⁵,</strong></span> 
     </span>
    </p>
   </div>
   <div class='ocr_carea' id='block_1_7' title="bbox 130 441 1719 517">
    <p class='ocr_par' dir='ltr' id='par_1_7' title="bbox 130 441 1719 517">
     <span class='ocr_line' id='line_1_7' title="bbox 130 441 1719 517; baseline -0.008 -16"><span class='ocrx_word' id='word_1_24' title='bbox 130 458 244 517; x_wconf 74' lang='grc' dir='ltr'>τῶν,</span> <span class='ocrx_word' id='word_1_25' title='bbox 298 452 368 510; x_wconf 84' lang='grc' dir='ltr'>ὡς</span> <span class='ocrx_word' id='word_1_26' title='bbox 423 450 449 499; x_wconf 85' lang='grc' dir='ltr'><strong><em>ὁ</em></strong></span> <span class='ocrx_word' id='word_1_27' title='bbox 510 453 711 507; x_wconf 80' lang='grc' dir='ltr'><strong>Λουκᾶς</strong></span> <span class='ocrx_word' id='word_1_28' title='bbox 767 444 920 516; x_wconf 78' lang='grc' dir='ltr'>εἶπεν,</span> <span class='ocrx_word' id='word_1_29' title='bbox 965 448 1145 515; x_wconf 74' lang='grc' dir='ltr'>ἤγουν,</span> <span class='ocrx_word' id='word_1_30' title='bbox 1179 451 1250 513; x_wconf 79' lang='grc' dir='ltr'>τῷ</span> <span class='ocrx_word' id='word_1_31' title='bbox 1312 441 1719 516; x_wconf 79' lang='grc' dir='ltr'><strong>σταυρωθῆναι⁶</strong></span> 
     </span>
    </p>
   </div>
   <div class='ocr_carea' id='block_1_8' title="bbox 130 529 1723 612">
    <p class='ocr_par' dir='ltr' id='par_1_8' title="bbox 130 529 1723 612">
     <span class='ocr_line' id='line_1_8' title="bbox 130 529 1723 612; baseline -0.006 -22"><span class='ocrx_word' id='word_1_32' title='bbox 130 546 276 590; x_wconf 81' lang='grc' dir='ltr'>τοῦτο</span> <span class='ocrx_word' id='word_1_33' title='bbox 326 539 429 612; x_wconf 69' lang='grc' dir='ltr'><strong>γὰρ</strong></span> <span class='ocrx_word' id='word_1_34' title='bbox 490 534 551 595; x_wconf 75' lang='grc' dir='ltr'>ἦν</span> <span class='ocrx_word' id='word_1_35' title='bbox 580 540 636 587; x_wconf 89' lang='grc' dir='ltr'><strong>τό</strong></span> <span class='ocrx_word' id='word_1_36' title='bbox 696 535 891 607; x_wconf 81' lang='grc' dir='ltr'>θελημά</span> <span class='ocrx_word' id='word_1_37' title='bbox 944 534 1110 586; x_wconf 69' lang='grc' dir='ltr'>αὐτῶν</span> <span class='ocrx_word' id='word_1_38' title='bbox 1136 550 1148 564; x_wconf 88' lang='grc'><strong>·</strong></span> <span class='ocrx_word' id='word_1_39' title='bbox 1183 531 1471 605; x_wconf 83' lang='grc' dir='ltr'>χαλάσωσι</span> <span class='ocrx_word' id='word_1_40' title='bbox 1512 535 1603 587; x_wconf 80' lang='grc' dir='ltr'>τὴν</span> <span class='ocrx_word' id='word_1_41' title='bbox 1636 529 1723 603; x_wconf 85' lang='grc' dir='ltr'><strong>ὀρ-</strong></span> 
     </span>
    </p>
   </div>
   <div class='ocr_carea' id='block_1_9' title="bbox 128 621 1723 697">
    <p class='ocr_par' dir='ltr' id='par_1_9' title="bbox 128 621 1723 697">
     <span class='ocr_line' id='line_1_9' title="bbox 128 621 1723 697; baseline -0.004 -20"><span class='ocrx_word' id='word_1_42' title='bbox 128 631 241 697; x_wconf 69' lang='grc' dir='ltr'>γὴν,</span> <span class='ocrx_word' id='word_1_43' title='bbox 284 632 376 677; x_wconf 84' lang='grc' dir='ltr'>καὶ</span> <span class='ocrx_word' id='word_1_44' title='bbox 420 624 676 696; x_wconf 83' lang='grc' dir='ltr'>ἐμέσωσιν</span> <span class='ocrx_word' id='word_1_45' title='bbox 724 624 819 694; x_wconf 69' lang='grc' dir='ltr'><strong>ὀφέ</strong></span> <span class='ocrx_word' id='word_1_46' title='bbox 858 642 982 676; x_wconf 81' lang='grc' dir='ltr'>ποτε</span> <span class='ocrx_word' id='word_1_47' title='bbox 1040 623 1155 693; x_wconf 73' lang='lat'><strong>(‘20)</strong></span> <span class='ocrx_word' id='word_1_48' title='bbox 1199 626 1284 673; x_wconf 82' lang='grc' dir='ltr'><strong>τόν</strong></span> <span class='ocrx_word' id='word_1_49' title='bbox 1325 621 1415 674; x_wconf 79' lang='grc' dir='ltr'>ἱόν.</span> <span class='ocrx_word' id='word_1_50' title='bbox 1448 624 1541 672; x_wconf 83' lang='grc' dir='ltr'>Διά</span> <span class='ocrx_word' id='word_1_51' title='bbox 1572 626 1723 671; x_wconf 78' lang='grc' dir='ltr'>τοῦτο</span> 
     </span>
    </p>
   </div>
   <div class='ocr_carea' id='block_1_10' title="bbox 128 711 1722 788">
    <p class='ocr_par' dir='ltr' id='par_1_10' title="bbox 128 711 1722 788">
     <span class='ocr_line' id='line_1_10' title="bbox 128 711 1722 788; baseline -0.003 -22"><span class='ocrx_word' id='word_1_52' title='bbox 128 720 225 788; x_wconf 73' lang='grc' dir='ltr'><strong>γὰρ</strong></span> <span class='ocrx_word' id='word_1_53' title='bbox 274 720 366 767; x_wconf 87' lang='grc' dir='ltr'>καὶ</span> <span class='ocrx_word' id='word_1_54' title='bbox 416 716 483 765; x_wconf 81' lang='grc' dir='ltr'>τὰ</span> <span class='ocrx_word' id='word_1_55' title='bbox 533 714 653 776; x_wconf 78' lang='grc' dir='ltr'>ἑξῆς</span> <span class='ocrx_word' id='word_1_56' title='bbox 710 718 1047 784; x_wconf 69' lang='grc' dir='ltr'><strong>συνεχώρησε</strong></span> <span class='ocrx_word' id='word_1_57' title='bbox 1089 712 1345 782; x_wconf 76' lang='grc' dir='ltr'>γενέσθαι,</span> <span class='ocrx_word' id='word_1_58' title='bbox 1382 714 1475 767; x_wconf 77' lang='grc' dir='ltr'>τὴν</span> <span class='ocrx_word' id='word_1_59' title='bbox 1516 711 1722 781; x_wconf 83' lang='grc' dir='ltr'>περίθε-</span> 
     </span>
    </p>
   </div>
   <div class='ocr_carea' id='block_1_11' title="bbox 135 799 1723 874">
    <p class='ocr_par' dir='ltr' id='par_1_11' title="bbox 135 799 1723 874">
     <span class='ocr_line' id='line_1_11' title="bbox 135 799 1723 874; baseline -0.004 -19"><span class='ocrx_word' id='word_1_60' title='bbox 135 823 212 855; x_wconf 86' lang='grc' dir='ltr'><strong>σιν</strong></span> <span class='ocrx_word' id='word_1_61' title='bbox 252 812 351 865; x_wconf 83' lang='grc' dir='ltr'><strong>τῆς</strong></span> <span class='ocrx_word' id='word_1_62' title='bbox 402 799 702 874; x_wconf 78' lang='grc' dir='ltr'>χλαμύδος,</span> <span class='ocrx_word' id='word_1_63' title='bbox 753 806 846 859; x_wconf 75' lang='grc' dir='ltr'>τὴν</span> <span class='ocrx_word' id='word_1_64' title='bbox 900 799 1129 853; x_wconf 75' lang='grc' dir='ltr'><strong>ἐπίθεσιν</strong></span> <span class='ocrx_word' id='word_1_65' title='bbox 1179 806 1270 851; x_wconf 80' lang='grc' dir='ltr'><strong>τού</strong></span> <span class='ocrx_word' id='word_1_66' title='bbox 1326 799 1599 870; x_wconf 59' lang='grc' dir='ltr'>στεράνου,</span> <span class='ocrx_word' id='word_1_67' title='bbox 1630 801 1723 856; x_wconf 64' lang='grc' dir='ltr'>τὴν</span> 
     </span>
    </p>
   </div>
   <div class='ocr_carea' id='block_1_12' title="bbox 134 887 1437 963">
    <p class='ocr_par' dir='ltr' id='par_1_12' title="bbox 134 887 1437 963">
     <span class='ocr_line' id='line_1_12' title="bbox 134 887 1437 963; baseline -0.002 -19"><span class='ocrx_word' id='word_1_68' title='bbox 134 888 278 945; x_wconf 74' lang='grc' dir='ltr'>δόσιν</span> <span class='ocrx_word' id='word_1_69' title='bbox 308 900 401 944; x_wconf 79' lang='grc' dir='ltr'>τοῦ</span> <span class='ocrx_word' id='word_1_70' title='bbox 432 891 688 963; x_wconf 82' lang='grc' dir='ltr'>καλάμου,</span> <span class='ocrx_word' id='word_1_71' title='bbox 717 896 806 942; x_wconf 78' lang='grc' dir='ltr'>καὶ</span> <span class='ocrx_word' id='word_1_72' title='bbox 834 893 922 942; x_wconf 86' lang='grc' dir='ltr'><strong>τόν</strong></span> <span class='ocrx_word' id='word_1_73' title='bbox 951 888 1099 941; x_wconf 81' lang='grc' dir='ltr'>ἄλλον</span> <span class='ocrx_word' id='word_1_74' title='bbox 1123 887 1437 961; x_wconf 77' lang='grc' dir='ltr'>ἐμπαιγμόν.</span> 
     </span>
    </p>
   </div>
   <div class='ocr_carea' id='block_1_13' title="bbox 196 971 1727 1047">
    <p class='ocr_par' dir='ltr' id='par_1_13' title="bbox 196 971 1727 1047">
     <span class='ocr_line' id='line_1_13' title="bbox 196 971 1727 1047; baseline -0.005 -13"><span class='ocrx_word' id='word_1_75' title='bbox 196 986 323 1034; x_wconf 88' lang='grc' dir='ltr'>Τότε</span> <span class='ocrx_word' id='word_1_76' title='bbox 379 1011 447 1020; x_wconf 90' lang='lat'><strong>—</strong></span> <span class='ocrx_word' id='word_1_77' title='bbox 500 978 583 1032; x_wconf 85' lang='grc' dir='ltr'>ἐπὶ</span> <span class='ocrx_word' id='word_1_78' title='bbox 656 983 749 1037; x_wconf 79' lang='grc' dir='ltr'>τὴν</span> <span class='ocrx_word' id='word_1_79' title='bbox 817 974 992 1041; x_wconf 78' lang='grc' dir='ltr'>δεξιὰν</span> <span class='ocrx_word' id='word_1_80' title='bbox 1073 976 1253 1031; x_wconf 72' lang='grc' dir='ltr'>αὐτοῦ.</span> <span class='ocrx_word' id='word_1_81' title='bbox 1311 981 1417 1034; x_wconf 78' lang='grc' dir='ltr'><strong>Τὴν</strong></span> <span class='ocrx_word' id='word_1_82' title='bbox 1468 971 1727 1047; x_wconf 87' lang='grc' dir='ltr'>χλαμύδα</span> 
     </span>
    </p>
   </div>
   <div class='ocr_carea' id='block_1_14' title="bbox 135 1063 1725 1147">
    <p class='ocr_par' dir='ltr' id='par_1_14' title="bbox 135 1063 1725 1147">
     <span class='ocr_line' id='line_1_14' title="bbox 135 1063 1725 1147; baseline -0.004 -20"><span class='ocrx_word' id='word_1_83' title='bbox 135 1077 320 1132; x_wconf 82' lang='grc' dir='ltr'>ταύτην</span> <span class='ocrx_word' id='word_1_84' title='bbox 392 1076 600 1147; x_wconf 83' lang='grc' dir='ltr'>Μάρκος</span> <span class='ocrx_word' id='word_1_85' title='bbox 663 1074 753 1144; x_wconf 68' lang='grc' dir='ltr'>μὲν</span> <span class='ocrx_word' id='word_1_86' title='bbox 816 1071 1086 1145; x_wconf 76' lang='grc' dir='ltr'>πορφύραν</span> <span class='ocrx_word' id='word_1_87' title='bbox 1164 1065 1321 1137; x_wconf 79' lang='grc' dir='ltr'>εἶπεν,</span> <span class='ocrx_word' id='word_1_88' title='bbox 1381 1067 1617 1127; x_wconf 76' lang='grc' dir='ltr'><strong>Ἰωάννης</strong></span> <span class='ocrx_word' id='word_1_89' title='bbox 1666 1063 1725 1120; x_wconf 71' lang='grc' dir='ltr'>δὲ</span> 
     </span>
    </p>
   </div>
   <div class='ocr_carea' id='block_1_15' title="bbox 142 1154 1721 1235">
    <p class='ocr_par' dir='ltr' id='par_1_15' title="bbox 142 1154 1721 1235">
     <span class='ocr_line' id='line_1_15' title="bbox 142 1154 1721 1235; baseline -0.004 -20"><span class='ocrx_word' id='word_1_90' title='bbox 142 1165 331 1233; x_wconf 78' lang='grc' dir='ltr'>ἱμάτιον</span> <span class='ocrx_word' id='word_1_91' title='bbox 362 1169 657 1235; x_wconf 73' lang='grc' dir='ltr'><strong>πορφυροῦν</strong></span> <span class='ocrx_word' id='word_1_92' title='bbox 677 1178 688 1190; x_wconf 90' lang='grc'><strong>·</strong></span> <span class='ocrx_word' id='word_1_93' title='bbox 721 1160 946 1231; x_wconf 79' lang='grc' dir='ltr'>Ἰμάτιον</span> <span class='ocrx_word' id='word_1_94' title='bbox 979 1154 1037 1210; x_wconf 75' lang='grc' dir='ltr'>δὲ</span> <span class='ocrx_word' id='word_1_95' title='bbox 1068 1155 1127 1216; x_wconf 76' lang='grc' dir='ltr'>ἦν</span> <span class='ocrx_word' id='word_1_96' title='bbox 1156 1161 1553 1232; x_wconf 76' lang='grc' dir='ltr'>πορφυρόχροον</span> <span class='ocrx_word' id='word_1_97' title='bbox 1590 1156 1721 1226; x_wconf 83' lang='lat'><strong>(2|).</strong></span> 
     </span>
    </p>
   </div>
   <div class='ocr_carea' id='block_1_16' title="bbox 140 1244 1726 1321">
    <p class='ocr_par' dir='ltr' id='par_1_16' title="bbox 140 1244 1726 1321">
     <span class='ocr_line' id='line_1_16' title="bbox 140 1244 1726 1321; baseline -0.006 -16"><span class='ocrx_word' id='word_1_98' title='bbox 140 1251 195 1305; x_wconf 70' lang='lat'><strong>&#39;0</strong></span> <span class='ocrx_word' id='word_1_99' title='bbox 260 1248 317 1304; x_wconf 73' lang='grc' dir='ltr'><strong>δε</strong></span> <span class='ocrx_word' id='word_1_100' title='bbox 380 1252 651 1312; x_wconf 79' lang='grc' dir='ltr'>Ματθαίος</span> <span class='ocrx_word' id='word_1_101' title='bbox 719 1245 1013 1321; x_wconf 76' lang='grc' dir='ltr'><strong>ἀδιαφόρως</strong></span> <span class='ocrx_word' id='word_1_102' title='bbox 1072 1250 1316 1305; x_wconf 77' lang='grc' dir='ltr'><strong>κοκκίνην</strong></span> <span class='ocrx_word' id='word_1_103' title='bbox 1374 1244 1582 1298; x_wconf 83' lang='grc' dir='ltr'>ἐκάλεσε</span> <span class='ocrx_word' id='word_1_104' title='bbox 1631 1250 1726 1305; x_wconf 74' lang='grc' dir='ltr'>τὴν</span> 
     </span>
    </p>
   </div>
   <div class='ocr_carea' id='block_1_17' title="bbox 146 1332 1724 1409">
    <p class='ocr_par' dir='ltr' id='par_1_17' title="bbox 146 1332 1724 1409">
     <span class='ocr_line' id='line_1_17' title="bbox 146 1332 1724 1409; baseline -0.004 -16"><span class='ocrx_word' id='word_1_105' title='bbox 146 1344 371 1399; x_wconf 74' lang='grc' dir='ltr'>τοιαύτην</span> <span class='ocrx_word' id='word_1_106' title='bbox 446 1338 643 1408; x_wconf 75' lang='grc' dir='ltr'>βαφὴν,</span> <span class='ocrx_word' id='word_1_107' title='bbox 696 1340 765 1401; x_wconf 84' lang='grc' dir='ltr'>ὡς</span> <span class='ocrx_word' id='word_1_108' title='bbox 820 1336 1067 1391; x_wconf 83' lang='grc' dir='ltr'>ἐοικυῖαν.</span> <span class='ocrx_word' id='word_1_109' title='bbox 1131 1336 1207 1388; x_wconf 80' lang='grc' dir='ltr'><strong>Ού</strong></span> <span class='ocrx_word' id='word_1_110' title='bbox 1262 1338 1364 1409; x_wconf 64' lang='grc' dir='ltr'>’γὰρ</span> <span class='ocrx_word' id='word_1_111' title='bbox 1416 1334 1613 1397; x_wconf 78' lang='grc' dir='ltr'>ἀληθὴς</span> <span class='ocrx_word' id='word_1_112' title='bbox 1663 1332 1724 1395; x_wconf 76' lang='grc' dir='ltr'>ἦν</span> 
     </span>
    </p>
   </div>
   <div class='ocr_carea' id='block_1_18' title="bbox 140 1421 1724 1505">
    <p class='ocr_par' dir='ltr' id='par_1_18' title="bbox 140 1421 1724 1505">
     <span class='ocr_line' id='line_1_18' title="bbox 140 1421 1724 1505; baseline -0.004 -22"><span class='ocrx_word' id='word_1_113' title='bbox 140 1434 387 1505; x_wconf 62' lang='grc' dir='ltr'>πορφύρα.</span> <span class='ocrx_word' id='word_1_114' title='bbox 435 1431 579 1483; x_wconf 73' lang='grc' dir='ltr'>Ἐπεὶ</span> <span class='ocrx_word' id='word_1_115' title='bbox 614 1430 716 1503; x_wconf 76' lang='grc' dir='ltr'><strong>γὰρ</strong></span> <span class='ocrx_word' id='word_1_116' title='bbox 764 1426 1014 1501; x_wconf 77' lang='grc' dir='ltr'>βασιλεὺς</span> <span class='ocrx_word' id='word_1_117' title='bbox 1060 1435 1159 1478; x_wconf 80' lang='grc' dir='ltr'>τῶν</span> <span class='ocrx_word' id='word_1_118' title='bbox 1206 1421 1475 1478; x_wconf 85' lang='grc' dir='ltr'><strong>Ἰουδαίων</strong></span> <span class='ocrx_word' id='word_1_119' title='bbox 1508 1423 1724 1495; x_wconf 76' lang='grc' dir='ltr'>ἐλέγετο,</span> 
     </span>
    </p>
   </div>
   <div class='ocr_carea' id='block_1_19' title="bbox 135 1512 1728 1590">
    <p class='ocr_par' dir='ltr' id='par_1_19' title="bbox 135 1512 1728 1590">
     <span class='ocr_line' id='line_1_19' title="bbox 135 1512 1728 1590; baseline -0.004 -19"><span class='ocrx_word' id='word_1_120' title='bbox 135 1519 322 1585; x_wconf 87' lang='grc' dir='ltr'>λοιπόν,</span> <span class='ocrx_word' id='word_1_121' title='bbox 383 1521 446 1579; x_wconf 82' lang='grc' dir='ltr'>ὡς</span> <span class='ocrx_word' id='word_1_122' title='bbox 500 1517 743 1590; x_wconf 81' lang='grc' dir='ltr'>βασιλέα,</span> <span class='ocrx_word' id='word_1_123' title='bbox 802 1524 981 1569; x_wconf 75' lang='grc' dir='ltr'>τοῦτον</span> <span class='ocrx_word' id='word_1_124' title='bbox 1040 1512 1331 1581; x_wconf 79' lang='grc' dir='ltr'>διέπαιζον,</span> <span class='ocrx_word' id='word_1_125' title='bbox 1389 1518 1481 1572; x_wconf 76' lang='grc' dir='ltr'>τὴν</span> <span class='ocrx_word' id='word_1_126' title='bbox 1534 1516 1728 1586; x_wconf 78' lang='grc' dir='ltr'>πορφύ-</span> 
     </span>
    </p>
   </div>
   <div class='ocr_carea' id='block_1_20' title="bbox 131 1601 1726 1681">
    <p class='ocr_par' dir='ltr' id='par_1_20' title="bbox 131 1601 1726 1681">
     <span class='ocr_line' id='line_1_20' title="bbox 131 1601 1726 1681; baseline -0.003 -22"><span class='ocrx_word' id='word_1_127' title='bbox 131 1628 217 1679; x_wconf 88' lang='grc' dir='ltr'><strong>ραν</strong></span> <span class='ocrx_word' id='word_1_128' title='bbox 289 1609 483 1665; x_wconf 78' lang='grc' dir='ltr'>εκείνην</span> <span class='ocrx_word' id='word_1_129' title='bbox 544 1608 826 1681; x_wconf 74' lang='grc' dir='ltr'><strong>περιθέντες</strong></span> <span class='ocrx_word' id='word_1_130' title='bbox 900 1603 1010 1657; x_wconf 83' lang='grc' dir='ltr'>ἀντὶ</span> <span class='ocrx_word' id='word_1_131' title='bbox 1085 1601 1420 1677; x_wconf 73' lang='grc' dir='ltr'>ἀλουργίδος,</span> <span class='ocrx_word' id='word_1_132' title='bbox 1478 1607 1568 1654; x_wconf 84' lang='grc' dir='ltr'>καὶ</span> <span class='ocrx_word' id='word_1_133' title='bbox 1641 1605 1726 1654; x_wconf 87' lang='grc' dir='ltr'>τὸν</span> 
     </span>
    </p>
   </div>
   <div class='ocr_carea' id='block_1_21' title="bbox 1835 438 3485 514">
    <p class='ocr_par' dir='ltr' id='par_1_21' title="bbox 1835 438 3485 514">
     <span class='ocr_line' id='line_1_21' title="bbox 1835 438 3485 514; baseline 0.005 -21"><span class='ocrx_word' id='word_1_134' title='bbox 1835 438 1959 494; x_wconf 85' lang='lat' dir='ltr'><strong>sive</strong></span> <span class='ocrx_word' id='word_1_135' title='bbox 2004 444 2069 496; x_wconf 91' lang='lat' dir='ltr'><strong>ut</strong></span> <span class='ocrx_word' id='word_1_136' title='bbox 2117 441 2563 513; x_wconf 86' lang='lat' dir='ltr'><strong>cruciﬁgeretur</strong></span> <span class='ocrx_word' id='word_1_137' title='bbox 2586 443 2753 514; x_wconf 90' lang='lat' dir='ltr'><strong>(nam</strong></span> <span class='ocrx_word' id='word_1_138' title='bbox 2782 443 2910 500; x_wconf 70' lang='lat' dir='ltr'><strong>haec</strong></span> <span class='ocrx_word' id='word_1_139' title='bbox 2961 460 3171 502; x_wconf 88' lang='lat' dir='ltr'><strong>eorum</strong></span> <span class='ocrx_word' id='word_1_140' title='bbox 3205 444 3485 504; x_wconf 77' lang='lat' dir='ltr'><strong>voluntas</strong></span> 
     </span>
    </p>
   </div>
   <div class='ocr_carea' id='block_1_22' title="bbox 1833 529 3484 600">
    <p class='ocr_par' dir='ltr' id='par_1_22' title="bbox 1833 529 3484 600">
     <span class='ocr_line' id='line_1_22' title="bbox 1833 529 3484 600; baseline 0.005 -17"><span class='ocrx_word' id='word_1_141' title='bbox 1833 529 1979 600; x_wconf 89' lang='lat' dir='ltr'><strong>erat)</strong></span> <span class='ocrx_word' id='word_1_142' title='bbox 2001 529 2526 599; x_wconf 87' lang='lat' dir='ltr'><strong>mitigarentiram,</strong></span> <span class='ocrx_word' id='word_1_143' title='bbox 2556 548 2627 588; x_wconf 89' lang='lat' dir='ltr'><strong>ac</strong></span> <span class='ocrx_word' id='word_1_144' title='bbox 2648 532 2736 588; x_wconf 87' lang='lat' dir='ltr'><strong>vel</strong></span> <span class='ocrx_word' id='word_1_145' title='bbox 2768 548 2898 591; x_wconf 89' lang='lat' dir='ltr'><strong>sero</strong></span> <span class='ocrx_word' id='word_1_146' title='bbox 2918 534 3161 590; x_wconf 84' lang='lat' dir='ltr'><strong>tandem</strong></span> <span class='ocrx_word' id='word_1_147' title='bbox 3188 550 3484 592; x_wconf 90' lang='lat' dir='ltr'><strong>venenum</strong></span> 
     </span>
    </p>
   </div>
   <div class='ocr_carea' id='block_1_23' title="bbox 1833 621 3486 696">
    <p class='ocr_par' dir='ltr' id='par_1_23' title="bbox 1833 621 3486 696">
     <span class='ocr_line' id='line_1_23' title="bbox 1833 621 3486 696; baseline 0.006 -25"><span class='ocrx_word' id='word_1_148' title='bbox 1833 622 2193 674; x_wconf 87' lang='lat' dir='ltr'><strong>evomereut.</strong></span> <span class='ocrx_word' id='word_1_149' title='bbox 2222 621 2462 692; x_wconf 83' lang='lat' dir='ltr'><strong>PrOpter</strong></span> <span class='ocrx_word' id='word_1_150' title='bbox 2483 622 2595 677; x_wconf 87' lang='lat' dir='ltr'><strong>hoc</strong></span> <span class='ocrx_word' id='word_1_151' title='bbox 2617 622 2775 677; x_wconf 86' lang='lat' dir='ltr'><strong>enim</strong></span> <span class='ocrx_word' id='word_1_152' title='bbox 2798 624 2977 679; x_wconf 90' lang='lat' dir='ltr'><strong>etiam</strong></span> <span class='ocrx_word' id='word_1_153' title='bbox 2999 639 3135 696; x_wconf 74' lang='lat' dir='ltr'><strong>qua:</strong></span> <span class='ocrx_word' id='word_1_154' title='bbox 3154 628 3486 696; x_wconf 90' lang='lat' dir='ltr'><strong>sequuntur</strong></span> 
     </span>
    </p>
   </div>
   <div class='ocr_carea' id='block_1_24' title="bbox 1832 704 3485 786">
    <p class='ocr_par' dir='ltr' id='par_1_24' title="bbox 1832 704 3485 786">
     <span class='ocr_line' id='line_1_24' title="bbox 1832 704 3485 786; baseline 0.006 -26"><span class='ocrx_word' id='word_1_155' title='bbox 1832 704 1960 761; x_wconf 84' lang='lat' dir='ltr'><strong>ﬁeri</strong></span> <span class='ocrx_word' id='word_1_156' title='bbox 1982 709 2266 778; x_wconf 83' lang='lat' dir='ltr'><strong>permisit,</strong></span> <span class='ocrx_word' id='word_1_157' title='bbox 2297 710 2567 765; x_wconf 87' lang='lat' dir='ltr'><strong>videlicet</strong></span> <span class='ocrx_word' id='word_1_158' title='bbox 2589 715 2654 765; x_wconf 88' lang='lat' dir='ltr'><strong>ut</strong></span> <span class='ocrx_word' id='word_1_159' title='bbox 2673 712 3111 769; x_wconf 84' lang='lat' dir='ltr'><strong>circumdarent</strong></span> <span class='ocrx_word' id='word_1_160' title='bbox 3132 713 3185 769; x_wconf 90' lang='lat' dir='ltr'><strong>ei</strong></span> <span class='ocrx_word' id='word_1_161' title='bbox 3216 713 3485 786; x_wconf 83' lang='lat' dir='ltr'><strong>chlamy-</strong></span> 
     </span>
    </p>
   </div>
   <div class='ocr_carea' id='block_1_25' title="bbox 1834 792 3479 874">
    <p class='ocr_par' dir='ltr' id='par_1_25' title="bbox 1834 792 3479 874">
     <span class='ocr_line' id='line_1_25' title="bbox 1834 792 3479 874; baseline 0.005 -26"><span class='ocrx_word' id='word_1_162' title='bbox 1834 792 1993 860; x_wconf 88' lang='lat' dir='ltr'><strong>dem,</strong></span> <span class='ocrx_word' id='word_1_163' title='bbox 2010 801 2065 849; x_wconf 86' lang='lat' dir='ltr'><strong>et</strong></span> <span class='ocrx_word' id='word_1_164' title='bbox 2077 795 2448 868; x_wconf 86' lang='lat' dir='ltr'><strong>imponerent</strong></span> <span class='ocrx_word' id='word_1_165' title='bbox 2460 814 2757 865; x_wconf 82' lang='lat' dir='ltr'><strong>coronam,</strong></span> <span class='ocrx_word' id='word_1_166' title='bbox 2772 800 3099 874; x_wconf 87' lang='lat' dir='ltr'><strong>darentque</strong></span> <span class='ocrx_word' id='word_1_167' title='bbox 3112 800 3479 866; x_wconf 81' lang='lat' dir='ltr'><strong>arundinem,</strong></span> 
     </span>
    </p>
   </div>
   <div class='ocr_carea' id='block_1_26' title="bbox 1833 883 2948 956">
    <p class='ocr_par' dir='ltr' id='par_1_26' title="bbox 1833 883 2948 956">
     <span class='ocr_line' id='line_1_26' title="bbox 1833 883 2948 956; baseline 0.007 -19"><span class='ocrx_word' id='word_1_168' title='bbox 1833 898 1902 938; x_wconf 90' lang='lat' dir='ltr'><strong>ac</strong></span> <span class='ocrx_word' id='word_1_169' title='bbox 1932 883 2225 956; x_wconf 88' lang='lat' dir='ltr'><strong>reliquam</strong></span> <span class='ocrx_word' id='word_1_170' title='bbox 2257 886 2560 954; x_wconf 87' lang='lat' dir='ltr'><strong>explerent</strong></span> <span class='ocrx_word' id='word_1_171' title='bbox 2589 887 2948 946; x_wconf 87' lang='lat' dir='ltr'><strong>illusionem.</strong></span> 
     </span>
    </p>
   </div>
   <div class='ocr_carea' id='block_1_27' title="bbox 1905 972 3485 1050">
    <p class='ocr_par' dir='ltr' id='par_1_27' title="bbox 1905 972 3485 1050">
     <span class='ocr_line' id='line_1_27' title="bbox 1905 972 3485 1050; baseline 0.008 -24"><span class='ocrx_word' id='word_1_172' title='bbox 1905 972 2069 1027; x_wconf 87' lang='lat' dir='ltr'><strong>Vers.</strong></span> <span class='ocrx_word' id='word_1_173' title='bbox 2125 977 2213 1028; x_wconf 86' lang='lat'><strong>27.</strong></span> <span class='ocrx_word' id='word_1_174' title='bbox 2262 975 2426 1031; x_wconf 86' lang='lat' dir='ltr'><strong>Tunc</strong></span> <span class='ocrx_word' id='word_1_175' title='bbox 2463 1005 2532 1017; x_wconf 91' lang='lat'>—</span> <span class='ocrx_word' id='word_1_176' title='bbox 2566 977 2723 1032; x_wconf 90' lang='lat' dir='ltr'><strong>Vers.</strong></span> <span class='ocrx_word' id='word_1_177' title='bbox 2771 978 2858 1032; x_wconf 90' lang='lat'><strong>29.</strong></span> <span class='ocrx_word' id='word_1_178' title='bbox 2910 978 2983 1034; x_wconf 85' lang='lat' dir='ltr'><strong>In</strong></span> <span class='ocrx_word' id='word_1_179' title='bbox 3012 978 3297 1036; x_wconf 69' lang='lat' dir='ltr'><strong>dexteram</strong></span> <span class='ocrx_word' id='word_1_180' title='bbox 3340 982 3485 1050; x_wconf 80' lang='lat' dir='ltr'><strong>ejus.</strong></span> 
     </span>
    </p>
   </div>
   <div class='ocr_carea' id='block_1_28' title="bbox 1836 1060 3487 1139">
    <p class='ocr_par' dir='ltr' id='par_1_28' title="bbox 1836 1060 3487 1139">
     <span class='ocr_line' id='line_1_28' title="bbox 1836 1060 3487 1139; baseline 0.006 -24"><span class='ocrx_word' id='word_1_181' title='bbox 1836 1060 2229 1133; x_wconf 85' lang='lat' dir='ltr'><strong>Chlamydem</strong></span> <span class='ocrx_word' id='word_1_182' title='bbox 2255 1064 2409 1120; x_wconf 88' lang='lat' dir='ltr'><strong>hanc</strong></span> <span class='ocrx_word' id='word_1_183' title='bbox 2436 1065 2669 1121; x_wconf 88' lang='lat' dir='ltr'><strong>Marcus</strong></span> <span class='ocrx_word' id='word_1_184' title='bbox 2696 1066 2845 1122; x_wconf 84' lang='lat' dir='ltr'><strong>dixit</strong></span> <span class='ocrx_word' id='word_1_185' title='bbox 2875 1082 3209 1139; x_wconf 82' lang='lat' dir='ltr'><strong>purpuram</strong></span> <span class='ocrx_word' id='word_1_186' title='bbox 3238 1070 3287 1103; x_wconf 80' lang='grc'><strong><em>²⁶</em></strong></span> <span class='ocrx_word' id='word_1_187' title='bbox 3302 1068 3487 1125; x_wconf 84' lang='lat' dir='ltr'><strong>Joan-</strong></span> 
     </span>
    </p>
   </div>
   <div class='ocr_carea' id='block_1_29' title="bbox 1834 1157 3487 1227">
    <p class='ocr_par' dir='ltr' id='par_1_29' title="bbox 1834 1157 3487 1227">
     <span class='ocr_line' id='line_1_29' title="bbox 1834 1157 3487 1227; baseline 0.005 -22"><span class='ocrx_word' id='word_1_188' title='bbox 1834 1165 1940 1205; x_wconf 89' lang='lat' dir='ltr'><strong>nes</strong></span> <span class='ocrx_word' id='word_1_189' title='bbox 1972 1167 2112 1207; x_wconf 87' lang='lat' dir='ltr'><strong>vero</strong></span> <span class='ocrx_word' id='word_1_190' title='bbox 2151 1157 2374 1209; x_wconf 83' lang='lat' dir='ltr'><strong>vestem</strong></span> <span class='ocrx_word' id='word_1_191' title='bbox 2415 1170 2781 1227; x_wconf 88' lang='lat' dir='ltr'><strong>purpuream</strong></span> <span class='ocrx_word' id='word_1_192' title='bbox 2814 1157 2882 1209; x_wconf 77' lang='grc'><strong>³⁷.</strong></span> <span class='ocrx_word' id='word_1_193' title='bbox 2914 1157 3048 1213; x_wconf 86' lang='lat' dir='ltr'><strong>Erat</strong></span> <span class='ocrx_word' id='word_1_194' title='bbox 3077 1162 3280 1213; x_wconf 89' lang='lat' dir='ltr'><strong>autem</strong></span> <span class='ocrx_word' id='word_1_195' title='bbox 3309 1157 3487 1213; x_wconf 84' lang='lat' dir='ltr'><strong>vestis</strong></span> 
     </span>
    </p>
   </div>
   <div class='ocr_carea' id='block_1_30' title="bbox 1836 1241 3488 1320">
    <p class='ocr_par' dir='ltr' id='par_1_30' title="bbox 1836 1241 3488 1320">
     <span class='ocr_line' id='line_1_30' title="bbox 1836 1241 3488 1320; baseline 0.004 -25"><span class='ocrx_word' id='word_1_196' title='bbox 1836 1241 2122 1313; x_wconf 86' lang='lat' dir='ltr'><strong>purpurei</strong></span> <span class='ocrx_word' id='word_1_197' title='bbox 2170 1242 2405 1299; x_wconf 91' lang='lat' dir='ltr'><strong>coloris.</strong></span> <span class='ocrx_word' id='word_1_198' title='bbox 2447 1245 2755 1302; x_wconf 72' lang='lat' dir='ltr'><strong>Mattheeus</strong></span> <span class='ocrx_word' id='word_1_199' title='bbox 2798 1251 2999 1303; x_wconf 90' lang='lat' dir='ltr'><strong>autem</strong></span> <span class='ocrx_word' id='word_1_200' title='bbox 3046 1246 3281 1320; x_wconf 86' lang='lat' dir='ltr'><strong>absque</strong></span> <span class='ocrx_word' id='word_1_201' title='bbox 3324 1246 3488 1303; x_wconf 76' lang='lat' dir='ltr'><strong>diﬂ‘e-</strong></span> 
     </span>
    </p>
   </div>
   <div class='ocr_carea' id='block_1_31' title="bbox 1835 1329 3489 1406">
    <p class='ocr_par' dir='ltr' id='par_1_31' title="bbox 1835 1329 3489 1406">
     <span class='ocr_line' id='line_1_31' title="bbox 1835 1329 3489 1406; baseline 0.003 -20"><span class='ocrx_word' id='word_1_202' title='bbox 1835 1329 2043 1395; x_wconf 85' lang='lat' dir='ltr'><strong>rentia,</strong></span> <span class='ocrx_word' id='word_1_203' title='bbox 2092 1332 2391 1388; x_wconf 88' lang='lat' dir='ltr'><strong>coccinam</strong></span> <span class='ocrx_word' id='word_1_204' title='bbox 2454 1335 2687 1390; x_wconf 88' lang='lat' dir='ltr'><strong>vocavit</strong></span> <span class='ocrx_word' id='word_1_205' title='bbox 2733 1334 3085 1406; x_wconf 87' lang='lat' dir='ltr'><strong>hujusmodi</strong></span> <span class='ocrx_word' id='word_1_206' title='bbox 3143 1336 3489 1401; x_wconf 88' lang='lat' dir='ltr'><strong>tincturam,</strong></span> 
     </span>
    </p>
   </div>
   <div class='ocr_carea' id='block_1_32' title="bbox 1836 1421 3494 1495">
    <p class='ocr_par' dir='ltr' id='par_1_32' title="bbox 1836 1421 3494 1495">
     <span class='ocr_line' id='line_1_32' title="bbox 1836 1421 3494 1495; baseline 0.002 -20"><span class='ocrx_word' id='word_1_207' title='bbox 1836 1424 2040 1490; x_wconf 77' lang='lat' dir='ltr'><strong>utpote</strong></span> <span class='ocrx_word' id='word_1_208' title='bbox 2087 1435 2366 1492; x_wconf 63' lang='lat' dir='ltr'><strong>purpurae</strong></span> <span class='ocrx_word' id='word_1_209' title='bbox 2410 1421 2670 1479; x_wconf 88' lang='lat' dir='ltr'><strong>similem</strong></span> <span class='ocrx_word' id='word_1_210' title='bbox 2703 1439 2715 1478; x_wconf 89' lang='lat'>:</span> <span class='ocrx_word' id='word_1_211' title='bbox 2748 1439 2940 1495; x_wconf 87' lang='lat' dir='ltr'><strong>neque</strong></span> <span class='ocrx_word' id='word_1_212' title='bbox 2979 1423 3140 1479; x_wconf 90' lang='lat' dir='ltr'><strong>enim</strong></span> <span class='ocrx_word' id='word_1_213' title='bbox 3196 1438 3337 1479; x_wconf 89' lang='lat' dir='ltr'><strong>vera</strong></span> <span class='ocrx_word' id='word_1_214' title='bbox 3366 1428 3494 1480; x_wconf 87' lang='lat' dir='ltr'><strong>erat</strong></span> 
     </span>
    </p>
   </div>
   <div class='ocr_carea' id='block_1_33' title="bbox 1835 1510 3488 1580">
    <p class='ocr_par' dir='ltr' id='par_1_33' title="bbox 1835 1510 3488 1580">
     <span class='ocr_line' id='line_1_33' title="bbox 1835 1510 3488 1580; baseline 0.003 -18"><span class='ocrx_word' id='word_1_215' title='bbox 1835 1522 2117 1580; x_wconf 87' lang='lat' dir='ltr'><strong>purpura.</strong></span> <span class='ocrx_word' id='word_1_216' title='bbox 2161 1510 2312 1575; x_wconf 89' lang='lat' dir='ltr'><strong>Quia</strong></span> <span class='ocrx_word' id='word_1_217' title='bbox 2348 1516 2549 1567; x_wconf 90' lang='lat' dir='ltr'><strong>autem</strong></span> <span class='ocrx_word' id='word_1_218' title='bbox 2582 1526 2684 1567; x_wconf 88' lang='lat' dir='ltr'><strong>rex</strong></span> <span class='ocrx_word' id='word_1_219' title='bbox 2732 1513 3069 1568; x_wconf 71' lang='lat' dir='ltr'><strong>Judaeorum</strong></span> <span class='ocrx_word' id='word_1_220' title='bbox 3109 1512 3304 1568; x_wconf 87' lang='lat' dir='ltr'><strong>dictus</strong></span> <span class='ocrx_word' id='word_1_221' title='bbox 3342 1517 3488 1577; x_wconf 87' lang='lat' dir='ltr'><strong>erat,</strong></span> 
     </span>
    </p>
   </div>
   <div class='ocr_carea' id='block_1_34' title="bbox 1837 1597 3491 1673">
    <p class='ocr_par' dir='ltr' id='par_1_34' title="bbox 1837 1597 3491 1673">
     <span class='ocr_line' id='line_1_34' title="bbox 1837 1597 3491 1673; baseline 0.003 -22"><span class='ocrx_word' id='word_1_222' title='bbox 1837 1597 1971 1654; x_wconf 90' lang='lat' dir='ltr'><strong>ideo</strong></span> <span class='ocrx_word' id='word_1_223' title='bbox 1993 1602 2279 1670; x_wconf 88' lang='lat' dir='ltr'><strong>tanqaum</strong></span> <span class='ocrx_word' id='word_1_224' title='bbox 2302 1599 2425 1669; x_wconf 91' lang='lat' dir='ltr'><strong>regi</strong></span> <span class='ocrx_word' id='word_1_225' title='bbox 2455 1599 2803 1667; x_wconf 87' lang='lat' dir='ltr'><strong>illudebant,</strong></span> <span class='ocrx_word' id='word_1_226' title='bbox 2832 1616 3096 1673; x_wconf 86' lang='lat' dir='ltr'><strong>purpura</strong></span> <span class='ocrx_word' id='word_1_227' title='bbox 3121 1600 3221 1656; x_wconf 90' lang='lat' dir='ltr'><strong>illa</strong></span> <span class='ocrx_word' id='word_1_228' title='bbox 3238 1600 3491 1657; x_wconf 82' lang='lat' dir='ltr'><strong>circum-</strong></span> 
     </span>
    </p>
   </div>
   <div class='ocr_carea' id='block_1_35' title="bbox 132 1685 1757 1767">
    <p class='ocr_par' dir='ltr' id='par_1_35' title="bbox 132 1687 1722 1767">
     <span class='ocr_line' id='line_1_35' title="bbox 132 1687 1722 1767; baseline -0.004 -18"><span class='ocrx_word' id='word_1_229' title='bbox 132 1696 180 1760; x_wconf 75' lang='grc' dir='ltr'>ἐξ</span> <span class='ocrx_word' id='word_1_230' title='bbox 246 1695 485 1749; x_wconf 75' lang='grc' dir='ltr'>ἀκανθῶν</span> <span class='ocrx_word' id='word_1_231' title='bbox 557 1699 802 1767; x_wconf 76' lang='grc' dir='ltr'>στέφανον</span> <span class='ocrx_word' id='word_1_232' title='bbox 873 1693 1124 1754; x_wconf 72' lang='grc' dir='ltr'>ἐπιθέντες</span> <span class='ocrx_word' id='word_1_233' title='bbox 1192 1691 1305 1744; x_wconf 86' lang='grc' dir='ltr'><strong>ἀντὶ</strong></span> <span class='ocrx_word' id='word_1_234' title='bbox 1369 1687 1722 1764; x_wconf 77' lang='grc' dir='ltr'>διαδήματος,</span> 
     </span>
    </p>
   </div>
   <div class='ocr_carea' id='block_1_36' title="bbox 1927 1685 3492 1767">
    <p class='ocr_par' dir='ltr' id='par_1_36' title="bbox 1927 1689 3492 1761">
     <span class='ocr_line' id='line_1_36' title="bbox 1927 1689 3492 1761; baseline 0.002 -19"><span class='ocrx_word' id='word_1_235' title='bbox 1927 1692 2049 1742; x_wconf 91' lang='lat' dir='ltr'><strong>ntes</strong></span> <span class='ocrx_word' id='word_1_236' title='bbox 2064 1703 2170 1758; x_wconf 90' lang='lat' dir='ltr'><strong>pro</strong></span> <span class='ocrx_word' id='word_1_237' title='bbox 2186 1694 2672 1761; x_wconf 89' lang='lat' dir='ltr'><strong>vestepurpurea,</strong></span> <span class='ocrx_word' id='word_1_238' title='bbox 2689 1694 3039 1746; x_wconf 87' lang='lat' dir='ltr'><strong>etcoronam</strong></span> <span class='ocrx_word' id='word_1_239' title='bbox 3052 1689 3127 1745; x_wconf 89' lang='lat' dir='ltr'><strong>de</strong></span> <span class='ocrx_word' id='word_1_240' title='bbox 3141 1690 3329 1761; x_wconf 88' lang='lat' dir='ltr'><strong>spinis</strong></span> <span class='ocrx_word' id='word_1_241' title='bbox 3350 1704 3492 1747; x_wconf 76' lang='lat' dir='ltr'><strong>con-</strong></span> 
     </span>
    </p>
   </div>
   <div class='ocr_carea' id='block_1_37' title="bbox 131 1780 1727 1857">
    <p class='ocr_par' dir='ltr' id='par_1_37' title="bbox 131 1780 1727 1857">
     <span class='ocr_line' id='line_1_37' title="bbox 131 1780 1727 1857; baseline -0.004 -20"><span class='ocrx_word' id='word_1_242' title='bbox 131 1793 212 1838; x_wconf 83' lang='grc' dir='ltr'>καὶ</span> <span class='ocrx_word' id='word_1_243' title='bbox 254 1790 343 1839; x_wconf 84' lang='grc' dir='ltr'><strong>τόν</strong></span> <span class='ocrx_word' id='word_1_244' title='bbox 405 1784 634 1857; x_wconf 84' lang='grc' dir='ltr'>κάλαμον</span> <span class='ocrx_word' id='word_1_245' title='bbox 684 1782 1079 1856; x_wconf 73' lang='grc' dir='ltr'>ἐγχειρίσαντες</span> <span class='ocrx_word' id='word_1_246' title='bbox 1132 1780 1243 1835; x_wconf 83' lang='grc' dir='ltr'>ἀντὶ</span> <span class='ocrx_word' id='word_1_247' title='bbox 1310 1786 1594 1855; x_wconf 77' lang='grc' dir='ltr'>σκήπιρου,</span> <span class='ocrx_word' id='word_1_248' title='bbox 1639 1784 1727 1831; x_wconf 89' lang='grc' dir='ltr'>καὶ</span> 
     </span>
    </p>
   </div>
   <div class='ocr_carea' id='block_1_38' title="bbox 130 1871 1228 1945">
    <p class='ocr_par' dir='ltr' id='par_1_38' title="bbox 130 1871 1228 1945">
     <span class='ocr_line' id='line_1_38' title="bbox 130 1871 1228 1945; baseline -0.005 -16"><span class='ocrx_word' id='word_1_249' title='bbox 130 1878 331 1937; x_wconf 73' lang='grc' dir='ltr'>ἄκοντες</span> <span class='ocrx_word' id='word_1_250' title='bbox 366 1872 428 1928; x_wconf 75' lang='grc' dir='ltr'><strong>δε</strong></span> <span class='ocrx_word' id='word_1_251' title='bbox 452 1879 545 1933; x_wconf 76' lang='grc' dir='ltr'><strong>την</strong></span> <span class='ocrx_word' id='word_1_252' title='bbox 578 1872 811 1932; x_wconf 73' lang='grc' dir='ltr'>ἀληθειαν</span> <span class='ocrx_word' id='word_1_253' title='bbox 842 1871 1228 1945; x_wconf 73' lang='grc' dir='ltr'>ἐσχημάτιζον.</span> 
     </span>
    </p>
   </div>
   <div class='ocr_carea' id='block_1_39' title="bbox 197 2048 1731 2123">
    <p class='ocr_par' dir='ltr' id='par_1_39' title="bbox 197 2048 1731 2123">
     <span class='ocr_line' id='line_1_39' title="bbox 197 2048 1731 2123; baseline -0.003 -18"><span class='ocrx_word' id='word_1_254' title='bbox 197 2056 301 2107; x_wconf 77' lang='grc' dir='ltr'><strong>Καὶ</strong></span> <span class='ocrx_word' id='word_1_255' title='bbox 352 2082 425 2092; x_wconf 93' lang='lat'><strong>-</strong></span> <span class='ocrx_word' id='word_1_256' title='bbox 480 2056 573 2110; x_wconf 80' lang='grc' dir='ltr'>τὴν</span> <span class='ocrx_word' id='word_1_257' title='bbox 634 2050 857 2123; x_wconf 70' lang='grc' dir='ltr'>κεφαλὴν</span> <span class='ocrx_word' id='word_1_258' title='bbox 910 2050 1091 2103; x_wconf 74' lang='grc' dir='ltr'>αὑτοῦ.</span> <span class='ocrx_word' id='word_1_259' title='bbox 1147 2048 1215 2102; x_wconf 78' lang='grc' dir='ltr'><strong>Ὠ</strong></span> <span class='ocrx_word' id='word_1_260' title='bbox 1261 2050 1568 2102; x_wconf 80' lang='grc' dir='ltr'>ἀνεικάστου</span> <span class='ocrx_word' id='word_1_261' title='bbox 1634 2067 1731 2120; x_wconf 85' lang='grc' dir='ltr'>μα-</span> 
     </span>
    </p>
   </div>
   <div class='ocr_carea' id='block_1_40' title="bbox 130 2136 1723 2213">
    <p class='ocr_par' dir='ltr' id='par_1_40' title="bbox 130 2136 1723 2213">
     <span class='ocr_line' id='line_1_40' title="bbox 130 2136 1723 2213; baseline -0.003 -20"><span class='ocrx_word' id='word_1_262' title='bbox 130 2140 449 2213; x_wconf 73' lang='grc' dir='ltr'>κροθυμίαςῐ</span> <span class='ocrx_word' id='word_1_263' title='bbox 505 2141 544 2191; x_wconf 84' lang='grc' dir='ltr'>ὡ</span> <span class='ocrx_word' id='word_1_264' title='bbox 610 2142 781 2193; x_wconf 83' lang='grc' dir='ltr'>πάντα</span> <span class='ocrx_word' id='word_1_265' title='bbox 860 2140 1011 2211; x_wconf 82' lang='grc' dir='ltr'>λόγον</span> <span class='ocrx_word' id='word_1_266' title='bbox 1076 2145 1308 2200; x_wconf 76' lang='grc' dir='ltr'>νικώσης</span> <span class='ocrx_word' id='word_1_267' title='bbox 1370 2136 1723 2200; x_wconf 80' lang='grc' dir='ltr'>ἀνεξικακίαςί</span> 
     </span>
    </p>
   </div>
   <div class='ocr_carea' id='block_1_41' title="bbox 130 2225 1729 2302">
    <p class='ocr_par' dir='ltr' id='par_1_41' title="bbox 130 2225 1729 2302">
     <span class='ocr_line' id='line_1_41' title="bbox 130 2225 1729 2302; baseline -0.004 -18"><span class='ocrx_word' id='word_1_268' title='bbox 130 2232 373 2291; x_wconf 81' lang='grc' dir='ltr'>Ἰωάννης</span> <span class='ocrx_word' id='word_1_269' title='bbox 424 2227 486 2282; x_wconf 86' lang='grc' dir='ltr'><strong>δέ</strong></span> <span class='ocrx_word' id='word_1_270' title='bbox 536 2249 695 2302; x_wconf 71' lang='grc' dir='ltr'>φησιν</span> <span class='ocrx_word' id='word_1_271' title='bbox 750 2231 830 2282; x_wconf 83' lang='grc' dir='ltr'>ὅτι</span> <span class='ocrx_word' id='word_1_272' title='bbox 886 2235 975 2281; x_wconf 80' lang='grc' dir='ltr'>καὶ</span> <span class='ocrx_word' id='word_1_273' title='bbox 1025 2225 1241 2281; x_wconf 74' lang='grc' dir='ltr'>ἐδίδουν</span> <span class='ocrx_word' id='word_1_274' title='bbox 1282 2226 1420 2299; x_wconf 82' lang='grc' dir='ltr'>αύτῴ</span> <span class='ocrx_word' id='word_1_275' title='bbox 1463 2228 1729 2301; x_wconf 80' lang='grc' dir='ltr'>ῥαπίσμα-</span> 
     </span>
    </p>
   </div>
   <div class='ocr_carea' id='block_1_42' title="bbox 129 2317 1722 2394">
    <p class='ocr_par' dir='ltr' id='par_1_42' title="bbox 129 2317 1722 2394">
     <span class='ocr_line' id='line_1_42' title="bbox 129 2317 1722 2394; baseline -0.004 -21"><span class='ocrx_word' id='word_1_276' title='bbox 129 2339 204 2375; x_wconf 90' lang='grc' dir='ltr'><strong>τα.</strong></span> <span class='ocrx_word' id='word_1_277' title='bbox 258 2327 445 2373; x_wconf 77' lang='grc' dir='ltr'>Πᾶσαν</span> <span class='ocrx_word' id='word_1_278' title='bbox 509 2322 609 2394; x_wconf 71' lang='grc' dir='ltr'><strong>γὰρ</strong></span> <span class='ocrx_word' id='word_1_279' title='bbox 689 2317 836 2391; x_wconf 76' lang='grc' dir='ltr'>ὕϐριν</span> <span class='ocrx_word' id='word_1_280' title='bbox 889 2317 1030 2387; x_wconf 81' lang='grc' dir='ltr'>αύτῷ</span> <span class='ocrx_word' id='word_1_281' title='bbox 1085 2325 1353 2389; x_wconf 75' lang='grc' dir='ltr'>προσῆγον</span> <span class='ocrx_word' id='word_1_282' title='bbox 1412 2318 1462 2368; x_wconf 84' lang='grc' dir='ltr'>οἱ</span> <span class='ocrx_word' id='word_1_283' title='bbox 1520 2322 1722 2388; x_wconf 86' lang='grc' dir='ltr'>μιαροὶ,</span> 
     </span>
    </p>
   </div>
   <div class='ocr_carea' id='block_1_43' title="bbox 130 2404 1729 2484">
    <p class='ocr_par' dir='ltr' id='par_1_43' title="bbox 130 2404 1729 2484">
     <span class='ocr_line' id='line_1_43' title="bbox 130 2404 1729 2484; baseline -0.004 -22"><span class='ocrx_word' id='word_1_284' title='bbox 130 2412 477 2484; x_wconf 72' lang='grc' dir='ltr'>χαριζόμενοι</span> <span class='ocrx_word' id='word_1_285' title='bbox 550 2416 659 2470; x_wconf 89' lang='grc' dir='ltr'><strong>τοίς</strong></span> <span class='ocrx_word' id='word_1_286' title='bbox 727 2409 1060 2478; x_wconf 70' lang='grc' dir='ltr'>θεοστυγέσιν</span> <span class='ocrx_word' id='word_1_287' title='bbox 1116 2404 1414 2467; x_wconf 85' lang='grc' dir='ltr'>Ἰουδαίοις.</span> <span class='ocrx_word' id='word_1_288' title='bbox 1472 2404 1530 2457; x_wconf 78' lang='grc' dir='ltr'><strong>Ὀ</strong></span> <span class='ocrx_word' id='word_1_289' title='bbox 1580 2404 1729 2466; x_wconf 84' lang='grc' dir='ltr'>αύτός</span> 
     </span>
    </p>
   </div>
   <div class='ocr_carea' id='block_1_44' title="bbox 132 2494 1729 2568">
    <p class='ocr_par' dir='ltr' id='par_1_44' title="bbox 132 2494 1729 2568">
     <span class='ocr_line' id='line_1_44' title="bbox 132 2494 1729 2568; baseline -0.004 -16"><span class='ocrx_word' id='word_1_290' title='bbox 132 2496 187 2552; x_wconf 75' lang='grc' dir='ltr'><strong>δε</strong></span> <span class='ocrx_word' id='word_1_291' title='bbox 254 2500 504 2558; x_wconf 79' lang='grc' dir='ltr'>Ἰωάννης</span> <span class='ocrx_word' id='word_1_292' title='bbox 567 2501 657 2549; x_wconf 79' lang='grc' dir='ltr'>καὶ</span> <span class='ocrx_word' id='word_1_293' title='bbox 727 2499 792 2548; x_wconf 85' lang='grc' dir='ltr'>τὰ</span> <span class='ocrx_word' id='word_1_294' title='bbox 862 2494 1086 2548; x_wconf 77' lang='grc' dir='ltr'>ἐντεῦθεν</span> <span class='ocrx_word' id='word_1_295' title='bbox 1149 2497 1446 2568; x_wconf 77' lang='grc' dir='ltr'>ἱστόρησεν,</span> <span class='ocrx_word' id='word_1_296' title='bbox 1503 2497 1572 2555; x_wconf 86' lang='grc' dir='ltr'>ὡς</span> <span class='ocrx_word' id='word_1_297' title='bbox 1622 2502 1729 2557; x_wconf 88' lang='grc' dir='ltr'><strong>τοίς</strong></span> 
     </span>
    </p>
   </div>
   <div class='ocr_carea' id='block_1_45' title="bbox 132 2583 1730 2660">
    <p class='ocr_par' dir='ltr' id='par_1_45' title="bbox 132 2583 1730 2660">
     <span class='ocr_line' id='line_1_45' title="bbox 132 2583 1730 2660; baseline -0.003 -20"><span class='ocrx_word' id='word_1_298' title='bbox 132 2588 304 2648; x_wconf 72' lang='grc' dir='ltr'>ἄλλοις</span> <span class='ocrx_word' id='word_1_299' title='bbox 379 2586 840 2660; x_wconf 72' lang='grc' dir='ltr'>παραλελειμμένα,</span> <span class='ocrx_word' id='word_1_300' title='bbox 915 2583 1074 2657; x_wconf 72' lang='grc' dir='ltr'>λέγων</span> <span class='ocrx_word' id='word_1_301' title='bbox 1107 2603 1120 2616; x_wconf 92' lang='grc'><strong>·</strong></span> <span class='ocrx_word' id='word_1_302' title='bbox 1178 2583 1417 2646; x_wconf 82' lang='grc' dir='ltr'>Ἐξῆλθεν</span> <span class='ocrx_word' id='word_1_303' title='bbox 1489 2583 1576 2635; x_wconf 78' lang='grc' dir='ltr'>οὖν</span> <span class='ocrx_word' id='word_1_304' title='bbox 1635 2585 1730 2635; x_wconf 86' lang='grc' dir='ltr'>πά-</span> 
     </span>
    </p>
   </div>
   <div class='ocr_carea' id='block_1_46' title="bbox 131 2673 1397 2745">
    <p class='ocr_par' dir='ltr' id='par_1_46' title="bbox 131 2673 1397 2745">
     <span class='ocr_line' id='line_1_46' title="bbox 131 2673 1397 2745; baseline -0.005 -15"><span class='ocrx_word' id='word_1_305' title='bbox 131 2678 201 2730; x_wconf 80' lang='grc' dir='ltr'><strong>λιν</strong></span> <span class='ocrx_word' id='word_1_306' title='bbox 277 2676 375 2739; x_wconf 78' lang='grc' dir='ltr'>ἔξω</span> <span class='ocrx_word' id='word_1_307' title='bbox 446 2680 472 2728; x_wconf 89' lang='grc' dir='ltr'><strong>ό</strong></span> <span class='ocrx_word' id='word_1_308' title='bbox 546 2676 788 2738; x_wconf 86' lang='grc' dir='ltr'>Πιλάτος,</span> <span class='ocrx_word' id='word_1_309' title='bbox 846 2680 935 2727; x_wconf 83' lang='grc' dir='ltr'>καὶ</span> <span class='ocrx_word' id='word_1_310' title='bbox 988 2678 1119 2745; x_wconf 69' lang='grc' dir='ltr'>λέγει</span> <span class='ocrx_word' id='word_1_311' title='bbox 1181 2673 1397 2733; x_wconf 72' lang='grc' dir='ltr'>αὐτοῖς’</span> 
     </span>
    </p>
   </div>
   <div class='ocr_carea' id='block_1_47' title="bbox 132 2758 1731 2839">
    <p class='ocr_par' dir='ltr' id='par_1_47' title="bbox 132 2758 1731 2839">
     <span class='ocr_line' id='line_1_47' title="bbox 132 2758 1731 2839; baseline -0.003 -21"><span class='ocrx_word' id='word_1_312' title='bbox 132 2770 248 2839; x_wconf 50' lang='grc' dir='ltr'>ύῴν</span> <span class='ocrx_word' id='word_1_313' title='bbox 313 2766 471 2817; x_wconf 68' lang='grc' dir='ltr'>αὐτόν</span> <span class='ocrx_word' id='word_1_314' title='bbox 529 2764 645 2831; x_wconf 74' lang='grc' dir='ltr'>ἔξω,</span> <span class='ocrx_word' id='word_1_315' title='bbox 700 2769 789 2816; x_wconf 85' lang='grc' dir='ltr'>καὶ</span> <span class='ocrx_word' id='word_1_316' title='bbox 836 2766 901 2815; x_wconf 81' lang='grc' dir='ltr'><strong>τὰ</strong></span> <span class='ocrx_word' id='word_1_317' title='bbox 949 2762 1068 2826; x_wconf 77' lang='grc' dir='ltr'>ἑξῆς</span> <span class='ocrx_word' id='word_1_318' title='bbox 1130 2761 1264 2834; x_wconf 82' lang='grc' dir='ltr'>ἄχρι</span> <span class='ocrx_word' id='word_1_319' title='bbox 1310 2769 1422 2829; x_wconf 78' lang='grc' dir='ltr'>τοῦ,</span> <span class='ocrx_word' id='word_1_320' title='bbox 1472 2767 1597 2814; x_wconf 82' lang='grc' dir='ltr'>Τότε</span> <span class='ocrx_word' id='word_1_321' title='bbox 1645 2758 1731 2815; x_wconf 77' lang='grc' dir='ltr'>οὖν</span> 
     </span>
    </p>
   </div>
   <div class='ocr_carea' id='block_1_48' title="bbox 915 2583 1120 2657">
    <p class='ocr_par' dir='ltr' id='par_1_48' title="bbox 915 2583 1120 2657">
     <span class='ocr_line' id='line_1_48' title="bbox 915 2583 1120 2657; baseline -0.005 -21"><span class='ocrx_word' id='word_1_322' title='bbox 915 2583 1002 2657; x_wconf 72' lang='grc' dir='ltr'>λέγ</span> <span class='ocrx_word' id='word_1_323' title='bbox 1008 2606 1074 2636; x_wconf 90' lang='grc' dir='ltr'><strong>ων</strong></span> <span class='ocrx_word' id='word_1_324' title='bbox 1107 2603 1120 2616; x_wconf 91' lang='grc'><strong>·</strong></span> 
     </span>
    </p>
   </div>
   <div class='ocr_carea' id='block_1_49' title="bbox 1454 2669 1731 2745">
    <p class='ocr_par' dir='ltr' id='par_1_49' title="bbox 1454 2669 1731 2745">
     <span class='ocr_line' id='line_1_49' title="bbox 1454 2669 1731 2745; baseline -0.011 -19"><span class='ocrx_word' id='word_1_325' title='bbox 1454 2678 1497 2726; x_wconf 88' lang='grc' dir='ltr'><strong>Ἴ</strong></span> <span class='ocrx_word' id='word_1_326' title='bbox 1506 2669 1564 2725; x_wconf 78' lang='grc' dir='ltr'><strong>δε</strong></span> <span class='ocrx_word' id='word_1_327' title='bbox 1620 2672 1731 2745; x_wconf 72' lang='grc' dir='ltr'><strong>ἄγω</strong></span> 
     </span>
    </p>
   </div>
   <div class='ocr_carea' id='block_1_50' title="bbox 134 2852 1292 2932">
    <p class='ocr_par' dir='ltr' id='par_1_50' title="bbox 134 2852 1292 2932">
     <span class='ocr_line' id='line_1_50' title="bbox 134 2852 1292 2932; baseline -0.003 -23"><span class='ocrx_word' id='word_1_328' title='bbox 134 2852 431 2932; x_wconf 81' lang='grc' dir='ltr'>παρέδωκεν</span> <span class='ocrx_word' id='word_1_329' title='bbox 456 2854 613 2906; x_wconf 69' lang='grc' dir='ltr'>αὐτόν</span> <span class='ocrx_word' id='word_1_330' title='bbox 644 2854 843 2921; x_wconf 71' lang='grc' dir='ltr'>αὐτοῖς,</span> <span class='ocrx_word' id='word_1_331' title='bbox 878 2854 959 2905; x_wconf 78' lang='grc' dir='ltr'>ἵνα</span> <span class='ocrx_word' id='word_1_332' title='bbox 992 2852 1292 2928; x_wconf 76' lang='grc' dir='ltr'>σταυρωθῇ.</span> 
     </span>
    </p>
   </div>
   <div class='ocr_carea' id='block_1_51' title="bbox 1837 1778 3492 1850">
    <p class='ocr_par' dir='ltr' id='par_1_51' title="bbox 1837 1778 3492 1850">
     <span class='ocr_line' id='line_1_51' title="bbox 1837 1778 3492 1850; baseline 0.001 -18"><span class='ocrx_word' id='word_1_333' title='bbox 1837 1781 2057 1832; x_wconf 87' lang='lat' dir='ltr'><strong>textam</strong></span> <span class='ocrx_word' id='word_1_334' title='bbox 2072 1783 2542 1849; x_wconf 90' lang='lat' dir='ltr'><strong>superponentes</strong></span> <span class='ocrx_word' id='word_1_335' title='bbox 2555 1794 2663 1850; x_wconf 91' lang='lat' dir='ltr'><strong>pro</strong></span> <span class='ocrx_word' id='word_1_336' title='bbox 2675 1778 3029 1843; x_wconf 87' lang='lat' dir='ltr'><strong>diademate,</strong></span> <span class='ocrx_word' id='word_1_337' title='bbox 3049 1794 3119 1836; x_wconf 89' lang='lat' dir='ltr'><strong>ac</strong></span> <span class='ocrx_word' id='word_1_338' title='bbox 3132 1778 3492 1835; x_wconf 89' lang='lat' dir='ltr'><strong>arundinem</strong></span> 
     </span>
    </p>
   </div>
   <div class='ocr_carea' id='block_1_52' title="bbox 1835 1866 3492 1941">
    <p class='ocr_par' dir='ltr' id='par_1_52' title="bbox 1835 1866 3492 1941">
     <span class='ocr_line' id='line_1_52' title="bbox 1835 1866 3492 1941; baseline 0.001 -20"><span class='ocrx_word' id='word_1_339' title='bbox 1835 1882 1945 1939; x_wconf 89' lang='lat' dir='ltr'><strong>pro</strong></span> <span class='ocrx_word' id='word_1_340' title='bbox 1964 1871 2200 1938; x_wconf 88' lang='lat' dir='ltr'><strong>sceptro</strong></span> <span class='ocrx_word' id='word_1_341' title='bbox 2221 1866 2277 1921; x_wconf 91' lang='lat' dir='ltr'><strong>in</strong></span> <span class='ocrx_word' id='word_1_342' title='bbox 2292 1882 2539 1923; x_wconf 92' lang='lat' dir='ltr'><strong>manum</strong></span> <span class='ocrx_word' id='word_1_343' title='bbox 2558 1868 2923 1939; x_wconf 82' lang='lat' dir='ltr'><strong>porrigentes</strong></span> <span class='ocrx_word' id='word_1_344' title='bbox 2943 1884 2956 1923; x_wconf 91' lang='lat'>:</span> <span class='ocrx_word' id='word_1_345' title='bbox 2974 1867 3125 1925; x_wconf 87' lang='lat' dir='ltr'><strong>etita</strong></span> <span class='ocrx_word' id='word_1_346' title='bbox 3144 1883 3492 1941; x_wconf 87' lang='lat' dir='ltr'><strong>quanquam</strong></span> 
     </span>
    </p>
   </div>
   <div class='ocr_carea' id='block_1_53' title="bbox 1837 1955 2920 2028">
    <p class='ocr_par' dir='ltr' id='par_1_53' title="bbox 1837 1955 2920 2028">
     <span class='ocr_line' id='line_1_53' title="bbox 1837 1955 2920 2028; baseline 0.002 -17"><span class='ocrx_word' id='word_1_347' title='bbox 1837 1955 2126 2019; x_wconf 89' lang='lat' dir='ltr'><strong>nolentes,</strong></span> <span class='ocrx_word' id='word_1_348' title='bbox 2158 1955 2462 2013; x_wconf 90' lang='lat' dir='ltr'><strong>veritatem</strong></span> <span class='ocrx_word' id='word_1_349' title='bbox 2490 1956 2920 2028; x_wconf 83' lang='lat' dir='ltr'><strong>figuraveruut.</strong></span> 
     </span>
    </p>
   </div>
   <div class='ocr_carea' id='block_1_54' title="bbox 1910 2044 3493 2117">
    <p class='ocr_par' dir='ltr' id='par_1_54' title="bbox 1910 2044 3493 2117">
     <span class='ocr_line' id='line_1_54' title="bbox 1910 2044 3493 2117; baseline 0.002 -19"><span class='ocrx_word' id='word_1_350' title='bbox 1910 2045 2076 2099; x_wconf 89' lang='lat' dir='ltr'><strong>Vers.</strong></span> <span class='ocrx_word' id='word_1_351' title='bbox 2105 2047 2192 2099; x_wconf 84' lang='lat'><strong>29.</strong></span> <span class='ocrx_word' id='word_1_352' title='bbox 2219 2045 2299 2100; x_wconf 87' lang='lat' dir='ltr'><strong>Et</strong></span> <span class='ocrx_word' id='word_1_353' title='bbox 2334 2076 2400 2087; x_wconf 87' lang='lat'><strong>—-</strong></span> <span class='ocrx_word' id='word_1_354' title='bbox 2431 2047 2590 2101; x_wconf 88' lang='lat' dir='ltr'><strong>Vers.</strong></span> <span class='ocrx_word' id='word_1_355' title='bbox 2632 2049 2723 2103; x_wconf 88' lang='lat'><strong>30.</strong></span> <span class='ocrx_word' id='word_1_356' title='bbox 2774 2046 2966 2117; x_wconf 83' lang='lat' dir='ltr'><strong>Caput</strong></span> <span class='ocrx_word' id='word_1_357' title='bbox 3014 2047 3155 2117; x_wconf 81' lang='lat' dir='ltr'><strong>ejus.</strong></span> <span class='ocrx_word' id='word_1_358' title='bbox 3185 2046 3229 2104; x_wconf 91' lang='grc'>0</span> <span class='ocrx_word' id='word_1_359' title='bbox 3268 2044 3493 2102; x_wconf 88' lang='lat' dir='ltr'><strong>incom-</strong></span> 
     </span>
    </p>
   </div>
   <div class='ocr_carea' id='block_1_55' title="bbox 1838 2132 3493 2208">
    <p class='ocr_par' dir='ltr' id='par_1_55' title="bbox 1838 2132 3493 2208">
     <span class='ocr_line' id='line_1_55' title="bbox 1838 2132 3493 2208; baseline 0.002 -20"><span class='ocrx_word' id='word_1_360' title='bbox 1838 2132 2124 2205; x_wconf 89' lang='lat' dir='ltr'><strong>parabilis</strong></span> <span class='ocrx_word' id='word_1_361' title='bbox 2138 2134 2445 2205; x_wconf 82' lang='lat' dir='ltr'><strong>patientia!</strong></span> <span class='ocrx_word' id='word_1_362' title='bbox 2481 2135 2523 2189; x_wconf 94' lang='grc' dir='ltr'><strong>Ο</strong></span> <span class='ocrx_word' id='word_1_363' title='bbox 2546 2135 2886 2192; x_wconf 88' lang='lat' dir='ltr'><strong>innocentia</strong></span> <span class='ocrx_word' id='word_1_364' title='bbox 2900 2152 3037 2207; x_wconf 78' lang='lat' dir='ltr'><strong>quae</strong></span> <span class='ocrx_word' id='word_1_365' title='bbox 3050 2151 3293 2192; x_wconf 90' lang='lat' dir='ltr'><strong>omnem</strong></span> <span class='ocrx_word' id='word_1_366' title='bbox 3318 2150 3493 2208; x_wconf 90' lang='lat' dir='ltr'><strong>supe-</strong></span> 
     </span>
    </p>
   </div>
   <div class='ocr_carea' id='block_1_56' title="bbox 1837 2222 3493 2296">
    <p class='ocr_par' dir='ltr' id='par_1_56' title="bbox 1837 2222 3493 2296">
     <span class='ocr_line' id='line_1_56' title="bbox 1837 2222 3493 2296; baseline 0.002 -19"><span class='ocrx_word' id='word_1_367' title='bbox 1837 2230 1927 2279; x_wconf 88' lang='lat' dir='ltr'><strong>rat</strong></span> <span class='ocrx_word' id='word_1_368' title='bbox 1958 2238 2297 2279; x_wconf 89' lang='lat' dir='ltr'><strong>sermonem</strong></span> <span class='ocrx_word' id='word_1_369' title='bbox 2331 2222 2344 2276; x_wconf 92' lang='lat' dir='ltr'><strong>l</strong></span> <span class='ocrx_word' id='word_1_370' title='bbox 2376 2224 2635 2279; x_wconf 85' lang='lat' dir='ltr'><strong>Joannes</strong></span> <span class='ocrx_word' id='word_1_371' title='bbox 2666 2228 2867 2281; x_wconf 85' lang='lat' dir='ltr'><strong>autem</strong></span> <span class='ocrx_word' id='word_1_372' title='bbox 2908 2224 3069 2292; x_wconf 90' lang='lat' dir='ltr'><strong>dicit,</strong></span> <span class='ocrx_word' id='word_1_373' title='bbox 3116 2224 3282 2296; x_wconf 90' lang='lat' dir='ltr'><strong>quod</strong></span> <span class='ocrx_word' id='word_1_374' title='bbox 3312 2224 3493 2280; x_wconf 90' lang='lat' dir='ltr'><strong>etiam</strong></span> 
     </span>
    </p>
   </div>
   <div class='ocr_carea' id='block_1_57' title="bbox 1837 2311 3495 2384">
    <p class='ocr_par' dir='ltr' id='par_1_57' title="bbox 1837 2311 3495 2384">
     <span class='ocr_line' id='line_1_57' title="bbox 1837 2311 3495 2384; baseline 0.001 -16"><span class='ocrx_word' id='word_1_375' title='bbox 1837 2311 2067 2368; x_wconf 87' lang='lat' dir='ltr'><strong>dabant</strong></span> <span class='ocrx_word' id='word_1_376' title='bbox 2114 2312 2167 2367; x_wconf 90' lang='lat' dir='ltr'><strong>ei</strong></span> <span class='ocrx_word' id='word_1_377' title='bbox 2210 2312 2413 2384; x_wconf 89' lang='lat' dir='ltr'><strong>alapas</strong></span> <span class='ocrx_word' id='word_1_378' title='bbox 2456 2314 2525 2368; x_wconf 79' lang='grc'><strong>³³.</strong></span> <span class='ocrx_word' id='word_1_379' title='bbox 2561 2314 2813 2370; x_wconf 90' lang='lat' dir='ltr'><strong>Omnem</strong></span> <span class='ocrx_word' id='word_1_380' title='bbox 2864 2312 3026 2370; x_wconf 90' lang='lat' dir='ltr'><strong>enim</strong></span> <span class='ocrx_word' id='word_1_381' title='bbox 3076 2312 3411 2371; x_wconf 87' lang='lat' dir='ltr'><strong>inferebant</strong></span> <span class='ocrx_word' id='word_1_382' title='bbox 3441 2313 3495 2369; x_wconf 89' lang='lat' dir='ltr'><strong>ei</strong></span> 
     </span>
    </p>
   </div>
   <div class='ocr_carea' id='block_1_58' title="bbox 1841 2400 3496 2475">
    <p class='ocr_par' dir='ltr' id='par_1_58' title="bbox 1841 2400 3496 2475">
     <span class='ocr_line' id='line_1_58' title="bbox 1841 2400 3496 2475; baseline 0.001 -20"><span class='ocrx_word' id='word_1_383' title='bbox 1841 2400 2069 2457; x_wconf 88' lang='lat' dir='ltr'><strong>scelesti</strong></span> <span class='ocrx_word' id='word_1_384' title='bbox 2127 2400 2430 2472; x_wconf 85' lang='lat' dir='ltr'><strong>iujuriam,</strong></span> <span class='ocrx_word' id='word_1_385' title='bbox 2472 2418 2599 2457; x_wconf 90' lang='lat' dir='ltr'><strong>rem</strong></span> <span class='ocrx_word' id='word_1_386' title='bbox 2639 2410 2870 2475; x_wconf 81' lang='lat' dir='ltr'><strong>gratam</strong></span> <span class='ocrx_word' id='word_1_387' title='bbox 2904 2402 3127 2459; x_wconf 68' lang='lat' dir='ltr'><strong>Judmis</strong></span> <span class='ocrx_word' id='word_1_388' title='bbox 3181 2401 3282 2459; x_wconf 88' lang='lat' dir='ltr'><strong>Dei</strong></span> <span class='ocrx_word' id='word_1_389' title='bbox 3313 2402 3496 2458; x_wconf 84' lang='lat' dir='ltr'><strong>osori-</strong></span> 
     </span>
    </p>
   </div>
   <div class='ocr_carea' id='block_1_59' title="bbox 1842 2488 3495 2564">
    <p class='ocr_par' dir='ltr' id='par_1_59' title="bbox 1842 2488 3495 2564">
     <span class='ocr_line' id='line_1_59' title="bbox 1842 2488 3495 2564; baseline 0.002 -20"><span class='ocrx_word' id='word_1_390' title='bbox 1842 2489 1953 2544; x_wconf 89' lang='lat' dir='ltr'><strong>bus</strong></span> <span class='ocrx_word' id='word_1_391' title='bbox 2009 2488 2287 2546; x_wconf 88' lang='lat' dir='ltr'><strong>exhibere</strong></span> <span class='ocrx_word' id='word_1_392' title='bbox 2340 2492 2665 2563; x_wconf 86' lang='lat' dir='ltr'><strong>cupientes.</strong></span> <span class='ocrx_word' id='word_1_393' title='bbox 2715 2493 2843 2564; x_wconf 87' lang='lat' dir='ltr'><strong>Ipse</strong></span> <span class='ocrx_word' id='word_1_394' title='bbox 2886 2508 3030 2548; x_wconf 89' lang='lat' dir='ltr'><strong>vera</strong></span> <span class='ocrx_word' id='word_1_395' title='bbox 3064 2493 3328 2549; x_wconf 83' lang='lat' dir='ltr'><strong>Joannes</strong></span> <span class='ocrx_word' id='word_1_396' title='bbox 3357 2506 3495 2564; x_wconf 71' lang='lat' dir='ltr'><strong>quae</strong></span> 
     </span>
    </p>
   </div>
   <div class='ocr_carea' id='block_1_60' title="bbox 1842 2580 3496 2654">
    <p class='ocr_par' dir='ltr' id='par_1_60' title="bbox 1842 2580 3496 2654">
     <span class='ocr_line' id='line_1_60' title="bbox 1842 2580 3496 2654; baseline 0.001 -20"><span class='ocrx_word' id='word_1_397' title='bbox 1842 2580 2062 2635; x_wconf 89' lang='lat' dir='ltr'><strong>abhinc</strong></span> <span class='ocrx_word' id='word_1_398' title='bbox 2093 2584 2420 2651; x_wconf 88' lang='lat' dir='ltr'><strong>sequuntur</strong></span> <span class='ocrx_word' id='word_1_399' title='bbox 2454 2581 2710 2653; x_wconf 89' lang='lat' dir='ltr'><strong>scripsit,</strong></span> <span class='ocrx_word' id='word_1_400' title='bbox 2746 2588 3034 2654; x_wconf 89' lang='lat' dir='ltr'><strong>tanquam</strong></span> <span class='ocrx_word' id='word_1_401' title='bbox 3061 2580 3140 2637; x_wconf 90' lang='lat' dir='ltr'><strong>ab</strong></span> <span class='ocrx_word' id='word_1_402' title='bbox 3170 2580 3304 2638; x_wconf 88' lang='lat' dir='ltr'><strong>aliis</strong></span> <span class='ocrx_word' id='word_1_403' title='bbox 3336 2596 3496 2653; x_wconf 78' lang='lat' dir='ltr'><strong>prae-</strong></span> 
     </span>
    </p>
   </div>
   <div class='ocr_carea' id='block_1_61' title="bbox 1843 2668 3493 2741">
    <p class='ocr_par' dir='ltr' id='par_1_61' title="bbox 1843 2668 3493 2741">
     <span class='ocr_line' id='line_1_61' title="bbox 1843 2668 3493 2741; baseline 0.001 -18"><span class='ocrx_word' id='word_1_404' title='bbox 1843 2668 2133 2737; x_wconf 88' lang='lat' dir='ltr'><strong>termissa,</strong></span> <span class='ocrx_word' id='word_1_405' title='bbox 2157 2670 2361 2726; x_wconf 91' lang='lat' dir='ltr'><strong>dicens</strong></span> <span class='ocrx_word' id='word_1_406' title='bbox 2386 2688 2399 2726; x_wconf 89' lang='lat'><strong>:</strong></span> <span class='ocrx_word' id='word_1_407' title='bbox 2421 2672 2627 2728; x_wconf 75' lang='lat' dir='ltr'><strong>Exibit</strong></span> <span class='ocrx_word' id='word_1_408' title='bbox 2653 2688 2791 2741; x_wconf 87' lang='lat' dir='ltr'><strong>ergo</strong></span> <span class='ocrx_word' id='word_1_409' title='bbox 2808 2672 3023 2728; x_wconf 80' lang='lat' dir='ltr'><strong>iterum</strong></span> <span class='ocrx_word' id='word_1_410' title='bbox 3044 2672 3206 2739; x_wconf 87' lang='lat' dir='ltr'><strong>foras</strong></span> <span class='ocrx_word' id='word_1_411' title='bbox 3246 2669 3493 2735; x_wconf 79' lang='lat' dir='ltr'><strong>Pilatus,</strong></span> 
     </span>
    </p>
   </div>
   <div class='ocr_carea' id='block_1_62' title="bbox 1840 2759 3495 2831">
    <p class='ocr_par' dir='ltr' id='par_1_62' title="bbox 1840 2759 3495 2831">
     <span class='ocr_line' id='line_1_62' title="bbox 1840 2759 3495 2831; baseline 0.001 -17"><span class='ocrx_word' id='word_1_412' title='bbox 1840 2763 1892 2814; x_wconf 86' lang='lat' dir='ltr'><strong>et</strong></span> <span class='ocrx_word' id='word_1_413' title='bbox 1918 2760 2011 2817; x_wconf 83' lang='lat' dir='ltr'><strong>ait</strong></span> <span class='ocrx_word' id='word_1_414' title='bbox 2034 2759 2153 2815; x_wconf 83' lang='lat' dir='ltr'><strong>illis</strong></span> <span class='ocrx_word' id='word_1_415' title='bbox 2181 2782 2193 2816; x_wconf 86' lang='lat'><strong>:</strong></span> <span class='ocrx_word' id='word_1_416' title='bbox 2222 2760 2370 2816; x_wconf 83' lang='lat' dir='ltr'><strong>Ecce</strong></span> <span class='ocrx_word' id='word_1_417' title='bbox 2393 2761 2626 2817; x_wconf 83' lang='lat' dir='ltr'><strong>adduco</strong></span> <span class='ocrx_word' id='word_1_418' title='bbox 2653 2761 2808 2816; x_wconf 81' lang='lat' dir='ltr'><strong>vobis</strong></span> <span class='ocrx_word' id='word_1_419' title='bbox 2836 2776 2968 2817; x_wconf 91' lang='lat' dir='ltr'><strong>eum</strong></span> <span class='ocrx_word' id='word_1_420' title='bbox 2992 2763 3175 2831; x_wconf 82' lang='lat' dir='ltr'><strong>foras,</strong></span> <span class='ocrx_word' id='word_1_421' title='bbox 3210 2762 3320 2815; x_wconf 90' lang='lat' dir='ltr'><strong>etc.</strong></span> <span class='ocrx_word' id='word_1_422' title='bbox 3359 2774 3495 2831; x_wconf 74' lang='lat' dir='ltr'><strong>qua:</strong></span> 
     </span>
    </p>
   </div>
   <div class='ocr_carea' id='block_1_63' title="bbox 1844 2846 3492 2922">
    <p class='ocr_par' dir='ltr' id='par_1_63' title="bbox 1844 2846 3492 2922">
     <span class='ocr_line' id='line_1_63' title="bbox 1844 2846 3492 2922; baseline -0.001 -18"><span class='ocrx_word' id='word_1_423' title='bbox 1844 2856 2174 2921; x_wconf 85' lang='lat' dir='ltr'><strong>sequuntur</strong></span> <span class='ocrx_word' id='word_1_424' title='bbox 2195 2865 2387 2922; x_wconf 89' lang='lat' dir='ltr'><strong>usque</strong></span> <span class='ocrx_word' id='word_1_425' title='bbox 2401 2850 2477 2905; x_wconf 90' lang='lat' dir='ltr'><strong>ad</strong></span> <span class='ocrx_word' id='word_1_426' title='bbox 2500 2866 2639 2906; x_wconf 92' lang='lat' dir='ltr'><strong>eum</strong></span> <span class='ocrx_word' id='word_1_427' title='bbox 2653 2849 2878 2909; x_wconf 90' lang='lat' dir='ltr'><strong>locum:</strong></span> <span class='ocrx_word' id='word_1_428' title='bbox 2914 2850 3086 2907; x_wconf 81' lang='lat' dir='ltr'><strong>Tunc</strong></span> <span class='ocrx_word' id='word_1_429' title='bbox 3103 2864 3235 2921; x_wconf 88' lang='lat' dir='ltr'><strong>ergo</strong></span> <span class='ocrx_word' id='word_1_430' title='bbox 3249 2846 3492 2906; x_wconf 79' lang='lat' dir='ltr'><strong>tradidit</strong></span> 
     </span>
    </p>
   </div>
   <div class='ocr_carea' id='block_1_64' title="bbox 1843 2936 2763 3009">
    <p class='ocr_par' dir='ltr' id='par_1_64' title="bbox 1843 2936 2763 3009">
     <span class='ocr_line' id='line_1_64' title="bbox 1843 2936 2763 3009; baseline 0.001 -17"><span class='ocrx_word' id='word_1_431' title='bbox 1843 2936 1919 2992; x_wconf 83' lang='lat' dir='ltr'><strong>eis</strong></span> <span class='ocrx_word' id='word_1_432' title='bbox 1939 2936 2109 2992; x_wconf 82' lang='lat' dir='ltr'><strong>illum</strong></span> <span class='ocrx_word' id='word_1_433' title='bbox 2139 2943 2203 2991; x_wconf 89' lang='lat' dir='ltr'><strong>ut</strong></span> <span class='ocrx_word' id='word_1_434' title='bbox 2229 2938 2666 3009; x_wconf 81' lang='lat' dir='ltr'><strong>cruciﬁgeretur</strong></span> <span class='ocrx_word' id='word_1_435' title='bbox 2694 2940 2763 2993; x_wconf 76' lang='lat'><strong>”.</strong></span> 
     </span>
    </p>
   </div>
   <div class='ocr_carea' id='block_1_65' title="bbox 204 3026 1757 3117">
    <p class='ocr_par' dir='ltr' id='par_1_65' title="bbox 204 3036 1733 3116">
     <span class='ocr_line' id='line_1_65' title="bbox 204 3036 1733 3116; baseline -0.002 -17"><span class='ocrx_word' id='word_1_436' title='bbox 204 3049 449 3099; x_wconf 66' lang='grc' dir='ltr'>Φαίνεται</span> <span class='ocrx_word' id='word_1_437' title='bbox 517 3045 618 3116; x_wconf 75' lang='grc' dir='ltr'><strong>γάρ</strong></span> <span class='ocrx_word' id='word_1_438' title='bbox 683 3043 763 3095; x_wconf 86' lang='grc' dir='ltr'>ὅτι</span> <span class='ocrx_word' id='word_1_439' title='bbox 830 3038 911 3103; x_wconf 81' lang='grc' dir='ltr'>δὶς</span> <span class='ocrx_word' id='word_1_440' title='bbox 972 3040 1124 3094; x_wconf 74' lang='grc' dir='ltr'>αὐτὸν</span> <span class='ocrx_word' id='word_1_441' title='bbox 1184 3036 1483 3115; x_wconf 81' lang='grc' dir='ltr'>παρέδωκεν</span> <span class='ocrx_word' id='word_1_442' title='bbox 1556 3041 1624 3104; x_wconf 81' lang='grc' dir='ltr'><strong>εἰς</strong></span> <span class='ocrx_word' id='word_1_443' title='bbox 1675 3046 1733 3096; x_wconf 90' lang='grc' dir='ltr'><strong>τό</strong></span> 
     </span>
    </p>
   </div>
   <div class='ocr_carea' id='block_1_66' title="bbox 1927 3026 3497 3117">
    <p class='ocr_par' dir='ltr' id='par_1_66' title="bbox 1927 3026 3497 3099">
     <span class='ocr_line' id='line_1_66' title="bbox 1927 3026 3497 3099; baseline 0.001 -18"><span class='ocrx_word' id='word_1_444' title='bbox 1927 3029 2172 3098; x_wconf 77' lang='lat' dir='ltr'><strong>Apparet</strong></span> <span class='ocrx_word' id='word_1_445' title='bbox 2209 3026 2411 3099; x_wconf 89' lang='lat' dir='ltr'><strong>itaque</strong></span> <span class='ocrx_word' id='word_1_446' title='bbox 2440 3027 2606 3099; x_wconf 90' lang='lat' dir='ltr'><strong>quod</strong></span> <span class='ocrx_word' id='word_1_447' title='bbox 2644 3026 2738 3082; x_wconf 88' lang='lat' dir='ltr'><strong>bis</strong></span> <span class='ocrx_word' id='word_1_448' title='bbox 2778 3043 2915 3083; x_wconf 90' lang='lat' dir='ltr'><strong>eum</strong></span> <span class='ocrx_word' id='word_1_449' title='bbox 2946 3026 3249 3084; x_wconf 89' lang='lat' dir='ltr'><strong>tradiderit</strong></span> <span class='ocrx_word' id='word_1_450' title='bbox 3279 3028 3345 3083; x_wconf 91' lang='lat' dir='ltr'><strong>ut</strong></span> <span class='ocrx_word' id='word_1_451' title='bbox 3367 3041 3497 3082; x_wconf 85' lang='lat' dir='ltr'><strong>cru-</strong></span> 
     </span>
    </p>
   </div>
   <div class='ocr_carea' id='block_1_67' title="bbox 140 3130 1736 3209">
    <p class='ocr_par' dir='ltr' id='par_1_67' title="bbox 140 3130 1736 3209">
     <span class='ocr_line' id='line_1_67' title="bbox 140 3130 1736 3209; baseline -0.001 -23"><span class='ocrx_word' id='word_1_452' title='bbox 140 3136 505 3209; x_wconf 81' lang='grc' dir='ltr'>σταυρωθῆναε</span> <span class='ocrx_word' id='word_1_453' title='bbox 543 3150 555 3161; x_wconf 85' lang='grc'><em>’</em></span> <span class='ocrx_word' id='word_1_454' title='bbox 618 3130 745 3184; x_wconf 84' lang='grc' dir='ltr'><strong>ἀλλά</strong></span> <span class='ocrx_word' id='word_1_455' title='bbox 809 3134 867 3183; x_wconf 84' lang='grc' dir='ltr'>τὸ</span> <span class='ocrx_word' id='word_1_456' title='bbox 918 3140 1119 3205; x_wconf 84' lang='grc' dir='ltr'>πρῶτον</span> <span class='ocrx_word' id='word_1_457' title='bbox 1193 3134 1283 3203; x_wconf 69' lang='grc' dir='ltr'>μὶν</span> <span class='ocrx_word' id='word_1_458' title='bbox 1357 3130 1406 3183; x_wconf 80' lang='grc' dir='ltr'><strong>ἐν</strong></span> <span class='ocrx_word' id='word_1_459' title='bbox 1463 3133 1736 3206; x_wconf 77' lang='grc' dir='ltr'>ὑποκρίσει</span> 
     </span>
    </p>
   </div>
   <div class='ocr_carea' id='block_1_68' title="bbox 140 3217 1737 3295">
    <p class='ocr_par' dir='ltr' id='par_1_68' title="bbox 140 3217 1737 3295">
     <span class='ocr_line' id='line_1_68' title="bbox 140 3217 1737 3295; baseline 0 -21"><span class='ocrx_word' id='word_1_460' title='bbox 140 3219 227 3276; x_wconf 74' lang='grc' dir='ltr'>διὰ</span> <span class='ocrx_word' id='word_1_461' title='bbox 273 3228 367 3281; x_wconf 71' lang='grc' dir='ltr'>τὴν</span> <span class='ocrx_word' id='word_1_462' title='bbox 429 3224 804 3295; x_wconf 77' lang='grc' dir='ltr'>προειρημένην</span> <span class='ocrx_word' id='word_1_463' title='bbox 862 3219 1071 3273; x_wconf 74' lang='grc' dir='ltr'>αἰτίανο</span> <span class='ocrx_word' id='word_1_464' title='bbox 1106 3218 1214 3273; x_wconf 80' lang='grc' dir='ltr'>ἐπεὶ</span> <span class='ocrx_word' id='word_1_465' title='bbox 1262 3221 1396 3292; x_wconf 73' lang='lat'><strong>(21&#39;)</strong></span> <span class='ocrx_word' id='word_1_466' title='bbox 1446 3217 1525 3289; x_wconf 74' lang='grc' dir='ltr'>δὲ,</span> <span class='ocrx_word' id='word_1_467' title='bbox 1568 3223 1737 3274; x_wconf 89' lang='grc' dir='ltr'>πάντα</span> 
     </span>
    </p>
   </div>
   <div class='ocr_carea' id='block_1_69' title="bbox 140 3307 1735 3383">
    <p class='ocr_par' dir='ltr' id='par_1_69' title="bbox 140 3307 1735 3383">
     <span class='ocr_line' id='line_1_69' title="bbox 140 3307 1735 3383; baseline -0.008 -8"><span class='ocrx_word' id='word_1_468' title='bbox 140 3312 601 3383; x_wconf 67' lang='grc' dir='ltr'>μηχτιησάμενος,</span> <span class='ocrx_word' id='word_1_469' title='bbox 677 3307 813 3362; x_wconf 71' lang='grc' dir='ltr'>εἶδεν</span> <span class='ocrx_word' id='word_1_470' title='bbox 884 3309 1073 3372; x_wconf 72' lang='grc' dir='ltr'>αὐτοὺς</span> <span class='ocrx_word' id='word_1_471' title='bbox 1142 3312 1474 3369; x_wconf 76' lang='grc' dir='ltr'>παντάπασιν</span> <span class='ocrx_word' id='word_1_472' title='bbox 1524 3307 1735 3363; x_wconf 80' lang='grc' dir='ltr'>ἀνενδὸ-</span> 
     </span>
    </p>
   </div>
   <div class='ocr_carea' id='block_1_70' title="bbox 141 3395 1735 3471">
    <p class='ocr_par' dir='ltr' id='par_1_70' title="bbox 141 3395 1735 3471">
     <span class='ocr_line' id='line_1_70' title="bbox 141 3395 1735 3471; baseline 0.001 -20"><span class='ocrx_word' id='word_1_473' title='bbox 141 3419 275 3466; x_wconf 82' lang='grc' dir='ltr'>τους,</span> <span class='ocrx_word' id='word_1_474' title='bbox 328 3405 527 3459; x_wconf 76' lang='grc' dir='ltr'>ἤκουσε</span> <span class='ocrx_word' id='word_1_475' title='bbox 590 3395 649 3450; x_wconf 74' lang='grc' dir='ltr'><strong>δε</strong></span> <span class='ocrx_word' id='word_1_476' title='bbox 718 3403 808 3450; x_wconf 79' lang='grc' dir='ltr'>καὶ</span> <span class='ocrx_word' id='word_1_477' title='bbox 862 3399 977 3470; x_wconf 71' lang='lat'><strong>(‘22)</strong></span> <span class='ocrx_word' id='word_1_478' title='bbox 1053 3398 1338 3452; x_wconf 82' lang='grc' dir='ltr'>τελευταῖον</span> <span class='ocrx_word' id='word_1_479' title='bbox 1392 3400 1514 3471; x_wconf 89' lang='grc' dir='ltr'>παρ’</span> <span class='ocrx_word' id='word_1_480' title='bbox 1566 3400 1735 3453; x_wconf 66' lang='grc' dir='ltr'>αὐτῶν</span> 
     </span>
    </p>
   </div>
   <div class='ocr_carea' id='block_1_71' title="bbox 143 3484 1734 3561">
    <p class='ocr_par' dir='ltr' id='par_1_71' title="bbox 143 3484 1734 3561">
     <span class='ocr_line' id='line_1_71' title="bbox 143 3484 1734 3561; baseline 0.002 -22"><span class='ocrx_word' id='word_1_481' title='bbox 143 3490 215 3540; x_wconf 79' lang='grc' dir='ltr'>ὅτι</span> <span class='ocrx_word' id='word_1_482' title='bbox 261 3491 383 3541; x_wconf 71' lang='grc' dir='ltr'>Ἐὰν</span> <span class='ocrx_word' id='word_1_483' title='bbox 434 3496 614 3539; x_wconf 75' lang='grc' dir='ltr'>τοῦτον</span> <span class='ocrx_word' id='word_1_484' title='bbox 668 3485 959 3559; x_wconf 72' lang='grc' dir='ltr'>ἀπολύσῃς,</span> <span class='ocrx_word' id='word_1_485' title='bbox 1016 3488 1109 3539; x_wconf 79' lang='grc' dir='ltr'><strong>ούκ</strong></span> <span class='ocrx_word' id='word_1_486' title='bbox 1167 3484 1215 3540; x_wconf 83' lang='grc' dir='ltr'>εἷ</span> <span class='ocrx_word' id='word_1_487' title='bbox 1267 3488 1405 3561; x_wconf 72' lang='grc' dir='ltr'>φίλος</span> <span class='ocrx_word' id='word_1_488' title='bbox 1461 3497 1549 3541; x_wconf 80' lang='grc' dir='ltr'>τοῦ</span> <span class='ocrx_word' id='word_1_489' title='bbox 1604 3495 1734 3542; x_wconf 77' lang='grc' dir='ltr'>Καί-</span> 
     </span>
    </p>
   </div>
   <div class='ocr_carea' id='block_1_72' title="bbox 148 3575 1737 3651">
    <p class='ocr_par' dir='ltr' id='par_1_72' title="bbox 148 3575 1737 3651">
     <span class='ocr_line' id='line_1_72' title="bbox 148 3575 1737 3651; baseline 0.002 -23"><span class='ocrx_word' id='word_1_490' title='bbox 148 3596 299 3651; x_wconf 78' lang='grc' dir='ltr'>σαρος</span> <span class='ocrx_word' id='word_1_491' title='bbox 358 3598 373 3610; x_wconf 77' lang='grc' dir='ltr'><strong>ο</strong></span> <span class='ocrx_word' id='word_1_492' title='bbox 418 3584 522 3639; x_wconf 76' lang='grc' dir='ltr'><strong>πᾶς</strong></span> <span class='ocrx_word' id='word_1_493' title='bbox 597 3578 623 3627; x_wconf 86' lang='grc' dir='ltr'><strong>ό</strong></span> <span class='ocrx_word' id='word_1_494' title='bbox 696 3575 921 3649; x_wconf 76' lang='grc' dir='ltr'>βασιλέα</span> <span class='ocrx_word' id='word_1_495' title='bbox 999 3576 1179 3629; x_wconf 85' lang='grc' dir='ltr'>ἐαυτὸν</span> <span class='ocrx_word' id='word_1_496' title='bbox 1262 3586 1421 3631; x_wconf 82' lang='grc' dir='ltr'>ποιῶν</span> <span class='ocrx_word' id='word_1_497' title='bbox 1490 3577 1737 3650; x_wconf 79' lang='grc' dir='ltr'>ἀντιλέγει</span> 
     </span>
    </p>
   </div>
   <div class='ocr_carea' id='block_1_73' title="bbox 148 3664 1738 3741">
    <p class='ocr_par' dir='ltr' id='par_1_73' title="bbox 148 3664 1738 3741">
     <span class='ocr_line' id='line_1_73' title="bbox 148 3664 1738 3741; baseline 0.002 -24"><span class='ocrx_word' id='word_1_498' title='bbox 148 3676 212 3737; x_wconf 73' lang='grc' dir='ltr'>τῷ</span> <span class='ocrx_word' id='word_1_499' title='bbox 263 3672 496 3741; x_wconf 71' lang='grc' dir='ltr'>Καίσαρι</span> <span class='ocrx_word' id='word_1_500' title='bbox 528 3684 539 3695; x_wconf 88' lang='grc'>·</span> <span class='ocrx_word' id='word_1_501' title='bbox 589 3672 705 3718; x_wconf 87' lang='grc' dir='ltr'>τότε</span> <span class='ocrx_word' id='word_1_502' title='bbox 776 3666 955 3718; x_wconf 83' lang='grc' dir='ltr'>λοιπὸν</span> <span class='ocrx_word' id='word_1_503' title='bbox 1021 3664 1067 3718; x_wconf 83' lang='grc' dir='ltr'><strong>ἐν</strong></span> <span class='ocrx_word' id='word_1_504' title='bbox 1146 3666 1363 3739; x_wconf 78' lang='grc' dir='ltr'>ἀληθείᾳ</span> <span class='ocrx_word' id='word_1_505' title='bbox 1440 3664 1738 3741; x_wconf 79' lang='grc' dir='ltr'>παρέδωκεν</span> 
     </span>
    </p>
   </div>
   <div class='ocr_carea' id='block_1_74' title="bbox 150 3756 1739 3832">
    <p class='ocr_par' dir='ltr' id='par_1_74' title="bbox 150 3756 1739 3832">
     <span class='ocr_line' id='line_1_74' title="bbox 150 3756 1739 3832; baseline 0.003 -26"><span class='ocrx_word' id='word_1_506' title='bbox 150 3756 299 3808; x_wconf 66' lang='grc' dir='ltr'>αὗτόν</span> <span class='ocrx_word' id='word_1_507' title='bbox 349 3756 544 3819; x_wconf 81' lang='grc' dir='ltr'>αύτοίς,</span> <span class='ocrx_word' id='word_1_508' title='bbox 602 3757 686 3807; x_wconf 81' lang='grc' dir='ltr'>ἵνα</span> <span class='ocrx_word' id='word_1_509' title='bbox 740 3757 1037 3829; x_wconf 72' lang='grc' dir='ltr'>σταυρωθῇ.</span> <span class='ocrx_word' id='word_1_510' title='bbox 1089 3759 1176 3808; x_wconf 88' lang='grc' dir='ltr'>Διό</span> <span class='ocrx_word' id='word_1_511' title='bbox 1246 3762 1335 3808; x_wconf 85' lang='grc' dir='ltr'>καὶ</span> <span class='ocrx_word' id='word_1_512' title='bbox 1404 3760 1462 3809; x_wconf 85' lang='grc' dir='ltr'>τὸ</span> <span class='ocrx_word' id='word_1_513' title='bbox 1538 3766 1739 3832; x_wconf 81' lang='grc' dir='ltr'>πρῶτον</span> 
     </span>
    </p>
   </div>
   <div class='ocr_carea' id='block_1_75' title="bbox 150 3840 1033 3918">
    <p class='ocr_par' dir='ltr' id='par_1_75' title="bbox 150 3840 1033 3918">
     <span class='ocr_line' id='line_1_75' title="bbox 150 3840 1033 3918; baseline 0.001 -21"><span class='ocrx_word' id='word_1_514' title='bbox 150 3850 236 3915; x_wconf 69' lang='grc' dir='ltr'>μὶν</span> <span class='ocrx_word' id='word_1_515' title='bbox 286 3845 461 3907; x_wconf 76' lang='grc' dir='ltr'>ἁπλῶς</span> <span class='ocrx_word' id='word_1_516' title='bbox 502 3844 659 3897; x_wconf 86' lang='grc' dir='ltr'>αύτὸν</span> <span class='ocrx_word' id='word_1_517' title='bbox 714 3840 986 3918; x_wconf 84' lang='grc' dir='ltr'>παρέδωκε</span> <span class='ocrx_word' id='word_1_518' title='bbox 1022 3862 1033 3875; x_wconf 84' lang='lat'>&#39;</span> 
     </span>
    </p>
   </div>
   <div class='ocr_carea' id='block_1_76' title="bbox 154 3931 743 3996">
    <p class='ocr_par' dir='ltr' id='par_1_76' title="bbox 154 3931 743 3996">
     <span class='ocr_line' id='line_1_76' title="bbox 154 3931 743 3996; baseline 0.003 -9"><span class='ocrx_word' id='word_1_519' title='bbox 154 3931 338 3987; x_wconf 74' lang='grc' dir='ltr'>εδωκιν</span> <span class='ocrx_word' id='word_1_520' title='bbox 364 3934 518 3987; x_wconf 72' lang='grc' dir='ltr'>αὐτὸν</span> <span class='ocrx_word' id='word_1_521' title='bbox 546 3934 743 3996; x_wconf 69' lang='grc' dir='ltr'>αὐτοῖς.</span> 
     </span>
    </p>
   </div>
   <div class='ocr_carea' id='block_1_77' title="bbox 1089 3842 1741 3921">
    <p class='ocr_par' dir='ltr' id='par_1_77' title="bbox 1089 3842 1741 3921">
     <span class='ocr_line' id='line_1_77' title="bbox 1089 3842 1741 3921; baseline 0.005 -24"><span class='ocrx_word' id='word_1_522' title='bbox 1089 3848 1149 3897; x_wconf 85' lang='grc' dir='ltr'>τὸ</span> <span class='ocrx_word' id='word_1_523' title='bbox 1209 3842 1445 3921; x_wconf 82' lang='grc' dir='ltr'>δεύτερον</span> <span class='ocrx_word' id='word_1_524' title='bbox 1495 3842 1554 3899; x_wconf 76' lang='grc' dir='ltr'><strong>δε</strong></span> <span class='ocrx_word' id='word_1_525' title='bbox 1601 3866 1741 3920; x_wconf 84' lang='grc' dir='ltr'>παρ-</span> 
     </span>
    </p>
   </div>
   <div class='ocr_carea' id='block_1_78' title="bbox 221 4018 1741 4099">
    <p class='ocr_par' dir='ltr' id='par_1_78' title="bbox 221 4018 1741 4099">
     <span class='ocr_line' id='line_1_78' title="bbox 221 4018 1741 4099; baseline 0.002 -23"><span class='ocrx_word' id='word_1_526' title='bbox 221 4028 398 4097; x_wconf 78' lang='grc' dir='ltr'>Μυρία</span> <span class='ocrx_word' id='word_1_527' title='bbox 449 4027 541 4097; x_wconf 74' lang='grc' dir='ltr'><strong>μεν</strong></span> <span class='ocrx_word' id='word_1_528' title='bbox 583 4018 671 4075; x_wconf 76' lang='grc' dir='ltr'>οὖν</span> <span class='ocrx_word' id='word_1_529' title='bbox 741 4024 766 4075; x_wconf 92' lang='grc' dir='ltr'><strong>ό</strong></span> <span class='ocrx_word' id='word_1_530' title='bbox 827 4022 1048 4085; x_wconf 82' lang='grc' dir='ltr'>Πιλάτος</span> <span class='ocrx_word' id='word_1_531' title='bbox 1105 4020 1586 4099; x_wconf 72' lang='grc' dir='ltr'>ἐπραγματεύσατο,</span> <span class='ocrx_word' id='word_1_532' title='bbox 1645 4028 1741 4079; x_wconf 83' lang='grc' dir='ltr'>πά·</span> 
     </span>
    </p>
   </div>
   <div class='ocr_carea' id='block_1_79' title="bbox 159 4111 1745 4185">
    <p class='ocr_par' dir='ltr' id='par_1_79' title="bbox 159 4111 1745 4185">
     <span class='ocr_line' id='line_1_79' title="bbox 159 4111 1745 4185; baseline 0.002 -20"><span class='ocrx_word' id='word_1_533' title='bbox 159 4132 250 4173; x_wconf 59' lang='lat' dir='ltr'><strong>an;</strong></span> <span class='ocrx_word' id='word_1_534' title='bbox 298 4112 503 4173; x_wconf 64' lang='grc' dir='ltr'>εὖθύνης</span> <span class='ocrx_word' id='word_1_535' title='bbox 561 4116 649 4163; x_wconf 84' lang='grc' dir='ltr'>τὸν</span> <span class='ocrx_word' id='word_1_536' title='bbox 694 4115 921 4185; x_wconf 79' lang='grc' dir='ltr'>Χριστὸν</span> <span class='ocrx_word' id='word_1_537' title='bbox 984 4111 1341 4179; x_wconf 82' lang='grc' dir='ltr'>ἀπαλλάττων,</span> <span class='ocrx_word' id='word_1_538' title='bbox 1397 4119 1486 4167; x_wconf 82' lang='grc' dir='ltr'>καὶ</span> <span class='ocrx_word' id='word_1_539' title='bbox 1535 4121 1745 4168; x_wconf 86' lang='grc' dir='ltr'>παντοί-</span> 
     </span>
    </p>
   </div>
   <div class='ocr_carea' id='block_1_80' title="bbox 158 4200 1746 4276">
    <p class='ocr_par' dir='ltr' id='par_1_80' title="bbox 158 4200 1746 4276">
     <span class='ocr_line' id='line_1_80' title="bbox 158 4200 1746 4276; baseline 0.004 -24"><span class='ocrx_word' id='word_1_540' title='bbox 158 4222 244 4266; x_wconf 82' lang='grc' dir='ltr'><strong>ως,</strong></span> <span class='ocrx_word' id='word_1_541' title='bbox 300 4207 368 4274; x_wconf 74' lang='grc' dir='ltr'>μὴ</span> <span class='ocrx_word' id='word_1_542' title='bbox 426 4200 759 4276; x_wconf 86' lang='grc' dir='ltr'>ἀναιρεθῆναι</span> <span class='ocrx_word' id='word_1_543' title='bbox 807 4209 1007 4268; x_wconf 82' lang='grc' dir='ltr'>τοῦτον,</span> <span class='ocrx_word' id='word_1_544' title='bbox 1051 4200 1465 4275; x_wconf 71' lang='grc' dir='ltr'>ἀγωνιζόμενος*</span> <span class='ocrx_word' id='word_1_545' title='bbox 1526 4201 1633 4257; x_wconf 75' lang='grc' dir='ltr'>ἔδει</span> <span class='ocrx_word' id='word_1_546' title='bbox 1687 4202 1746 4259; x_wconf 73' lang='grc' dir='ltr'><strong>δε</strong></span> 
     </span>
    </p>
   </div>
   <div class='ocr_carea' id='block_1_81' title="bbox 160 4286 1747 4367">
    <p class='ocr_par' dir='ltr' id='par_1_81' title="bbox 160 4286 1747 4367">
     <span class='ocr_line' id='line_1_81' title="bbox 160 4286 1747 4367; baseline 0.003 -25"><span class='ocrx_word' id='word_1_547' title='bbox 160 4291 313 4342; x_wconf 80' lang='grc' dir='ltr'>αύτὸν</span> <span class='ocrx_word' id='word_1_548' title='bbox 355 4290 654 4349; x_wconf 80' lang='grc' dir='ltr'>ἀντιστῆναι</span> <span class='ocrx_word' id='word_1_549' title='bbox 712 4286 1169 4365; x_wconf 79' lang='grc' dir='ltr'>δικαστικώτερον,</span> <span class='ocrx_word' id='word_1_550' title='bbox 1230 4297 1320 4345; x_wconf 78' lang='grc' dir='ltr'>καὶ</span> <span class='ocrx_word' id='word_1_551' title='bbox 1373 4298 1443 4366; x_wconf 80' lang='grc' dir='ltr'>μὴ</span> <span class='ocrx_word' id='word_1_552' title='bbox 1493 4314 1747 4367; x_wconf 80' lang='grc' dir='ltr'>παραχω-</span> 
     </span>
    </p>
   </div>
   <div class='ocr_carea' id='block_1_82' title="bbox 1846 3114 3497 3188">
    <p class='ocr_par' dir='ltr' id='par_1_82' title="bbox 1846 3114 3497 3188">
     <span class='ocr_line' id='line_1_82' title="bbox 1846 3114 3497 3188; baseline 0.002 -18"><span class='ocrx_word' id='word_1_553' title='bbox 1846 3114 2174 3185; x_wconf 81' lang='lat' dir='ltr'><strong>ciiigeretur</strong></span> <span class='ocrx_word' id='word_1_554' title='bbox 2223 3132 2236 3170; x_wconf 90' lang='lat'><strong>:</strong></span> <span class='ocrx_word' id='word_1_555' title='bbox 2290 3114 2393 3171; x_wconf 90' lang='lat' dir='ltr'><strong>sed</strong></span> <span class='ocrx_word' id='word_1_556' title='bbox 2427 3116 2691 3187; x_wconf 89' lang='lat' dir='ltr'><strong>primum</strong></span> <span class='ocrx_word' id='word_1_557' title='bbox 2722 3116 2969 3188; x_wconf 88' lang='lat' dir='ltr'><strong>quidem</strong></span> <span class='ocrx_word' id='word_1_558' title='bbox 3018 3116 3078 3173; x_wconf 92' lang='lat' dir='ltr'><strong>in</strong></span> <span class='ocrx_word' id='word_1_559' title='bbox 3119 3115 3497 3173; x_wconf 86' lang='lat' dir='ltr'><strong>simulatione</strong></span> 
     </span>
    </p>
   </div>
   <div class='ocr_carea' id='block_1_83' title="bbox 1847 3203 3495 3277">
    <p class='ocr_par' dir='ltr' id='par_1_83' title="bbox 1847 3203 3495 3277">
     <span class='ocr_line' id='line_1_83' title="bbox 1847 3203 3495 3277; baseline 0.002 -19"><span class='ocrx_word' id='word_1_560' title='bbox 1847 3208 2085 3276; x_wconf 88' lang='lat' dir='ltr'><strong>propter</strong></span> <span class='ocrx_word' id='word_1_561' title='bbox 2108 3219 2291 3275; x_wconf 90' lang='lat' dir='ltr'><strong>supra</strong></span> <span class='ocrx_word' id='word_1_562' title='bbox 2306 3203 2530 3260; x_wconf 90' lang='lat' dir='ltr'><strong>dictam</strong></span> <span class='ocrx_word' id='word_1_563' title='bbox 2548 3221 2815 3261; x_wconf 90' lang='lat' dir='ltr'><strong>causam.</strong></span> <span class='ocrx_word' id='word_1_564' title='bbox 2831 3204 2982 3272; x_wconf 87' lang='lat' dir='ltr'><strong>Quia</strong></span> <span class='ocrx_word' id='word_1_565' title='bbox 3003 3221 3140 3261; x_wconf 88' lang='lat' dir='ltr'><strong>vero</strong></span> <span class='ocrx_word' id='word_1_566' title='bbox 3172 3210 3495 3277; x_wconf 87' lang='lat' dir='ltr'><strong>postquam</strong></span> 
     </span>
    </p>
   </div>
   <div class='ocr_carea' id='block_1_84' title="bbox 1845 3292 3495 3364">
    <p class='ocr_par' dir='ltr' id='par_1_84' title="bbox 1845 3292 3495 3364">
     <span class='ocr_line' id='line_1_84' title="bbox 1845 3292 3495 3364; baseline 0.001 -16"><span class='ocrx_word' id='word_1_567' title='bbox 1845 3293 2045 3348; x_wconf 88' lang='lat' dir='ltr'><strong>omnia</strong></span> <span class='ocrx_word' id='word_1_568' title='bbox 2104 3293 2508 3364; x_wconf 82' lang='lat' dir='ltr'><strong>excogitasset,</strong></span> <span class='ocrx_word' id='word_1_569' title='bbox 2538 3294 2677 3350; x_wconf 89' lang='lat' dir='ltr'><strong>vidit</strong></span> <span class='ocrx_word' id='word_1_570' title='bbox 2706 3310 2807 3349; x_wconf 89' lang='lat' dir='ltr'><strong>eos</strong></span> <span class='ocrx_word' id='word_1_571' title='bbox 2851 3294 3097 3349; x_wconf 91' lang='lat' dir='ltr'><strong>omnino</strong></span> <span class='ocrx_word' id='word_1_572' title='bbox 3132 3292 3495 3361; x_wconf 88' lang='lat' dir='ltr'><strong>immobiles,</strong></span> 
     </span>
    </p>
   </div>
   <div class='ocr_carea' id='block_1_85' title="bbox 1847 3381 3497 3455">
    <p class='ocr_par' dir='ltr' id='par_1_85' title="bbox 1847 3381 3497 3455">
     <span class='ocr_line' id='line_1_85' title="bbox 1847 3381 3497 3455; baseline 0 -19"><span class='ocrx_word' id='word_1_573' title='bbox 1847 3381 2211 3455; x_wconf 86' lang='lat' dir='ltr'><strong>tandemque</strong></span> <span class='ocrx_word' id='word_1_574' title='bbox 2228 3382 2547 3438; x_wconf 86' lang='lat' dir='ltr'><strong>audivitab</strong></span> <span class='ocrx_word' id='word_1_575' title='bbox 2571 3383 2681 3439; x_wconf 91' lang='lat' dir='ltr'><strong>illis</strong></span> <span class='ocrx_word' id='word_1_576' title='bbox 2719 3400 2732 3437; x_wconf 88' lang='lat'><strong>:</strong></span> <span class='ocrx_word' id='word_1_577' title='bbox 2761 3384 2828 3440; x_wconf 87' lang='lat' dir='ltr'><strong>Si</strong></span> <span class='ocrx_word' id='word_1_578' title='bbox 2845 3383 2995 3440; x_wconf 85' lang='lat' dir='ltr'><strong>hunc</strong></span> <span class='ocrx_word' id='word_1_579' title='bbox 3020 3382 3354 3450; x_wconf 59' lang='lat' dir='ltr'><strong>absolveris,</strong></span> <span class='ocrx_word' id='word_1_580' title='bbox 3385 3399 3497 3438; x_wconf 78' lang='lat' dir='ltr'><strong>non</strong></span> 
     </span>
    </p>
   </div>
   <div class='ocr_carea' id='block_1_86' title="bbox 1846 3470 3498 3545">
    <p class='ocr_par' dir='ltr' id='par_1_86' title="bbox 1846 3470 3498 3545">
     <span class='ocr_line' id='line_1_86' title="bbox 1846 3470 3498 3545; baseline -0.001 -18"><span class='ocrx_word' id='word_1_581' title='bbox 1846 3487 1903 3527; x_wconf 82' lang='lat' dir='ltr'><strong>es</strong></span> <span class='ocrx_word' id='word_1_582' title='bbox 1932 3470 2152 3527; x_wconf 83' lang='lat' dir='ltr'><strong>amicus</strong></span> <span class='ocrx_word' id='word_1_583' title='bbox 2187 3472 2432 3528; x_wconf 73' lang='lat' dir='ltr'><strong>Caesaris</strong></span> <span class='ocrx_word' id='word_1_584' title='bbox 2459 3489 2475 3526; x_wconf 89' lang='lat'><strong><em>:</em></strong></span> <span class='ocrx_word' id='word_1_585' title='bbox 2508 3473 2845 3545; x_wconf 81' lang='lat' dir='ltr'><strong>quicunque</strong></span> <span class='ocrx_word' id='word_1_586' title='bbox 2865 3490 2920 3528; x_wconf 86' lang='lat' dir='ltr'><strong>se</strong></span> <span class='ocrx_word' id='word_1_587' title='bbox 2950 3488 3144 3543; x_wconf 80' lang='lat' dir='ltr'><strong>regem</strong></span> <span class='ocrx_word' id='word_1_588' title='bbox 3169 3472 3336 3543; x_wconf 81' lang='lat' dir='ltr'><strong>facit,</strong></span> <span class='ocrx_word' id='word_1_589' title='bbox 3368 3487 3498 3527; x_wconf 84' lang='lat' dir='ltr'><strong>con-</strong></span> 
     </span>
    </p>
   </div>
   <div class='ocr_carea' id='block_1_87' title="bbox 1848 3560 3497 3632">
    <p class='ocr_par' dir='ltr' id='par_1_87' title="bbox 1848 3560 3497 3632">
     <span class='ocr_line' id='line_1_87' title="bbox 1848 3560 3497 3632; baseline 0.001 -16"><span class='ocrx_word' id='word_1_590' title='bbox 1848 3560 2078 3616; x_wconf 84' lang='lat' dir='ltr'><strong>tradicit</strong></span> <span class='ocrx_word' id='word_1_591' title='bbox 2097 3560 2314 3617; x_wconf 65' lang='lat' dir='ltr'><strong>Caesari</strong></span> <span class='ocrx_word' id='word_1_592' title='bbox 2344 3563 2391 3596; x_wconf 85' lang='grc' dir='ltr'><strong>³ο</strong></span> <span class='ocrx_word' id='word_1_593' title='bbox 2418 3577 2431 3616; x_wconf 91' lang='lat'><strong>:</strong></span> <span class='ocrx_word' id='word_1_594' title='bbox 2466 3566 2604 3617; x_wconf 89' lang='lat' dir='ltr'><strong>tunc</strong></span> <span class='ocrx_word' id='word_1_595' title='bbox 2615 3562 2741 3632; x_wconf 87' lang='lat' dir='ltr'><strong>jam</strong></span> <span class='ocrx_word' id='word_1_596' title='bbox 2763 3562 2823 3617; x_wconf 90' lang='lat' dir='ltr'><strong>in</strong></span> <span class='ocrx_word' id='word_1_597' title='bbox 2850 3562 3088 3617; x_wconf 89' lang='lat' dir='ltr'><strong>veritate</strong></span> <span class='ocrx_word' id='word_1_598' title='bbox 3110 3560 3497 3618; x_wconf 84' lang='lat' dir='ltr'><strong>tradiditeum</strong></span> 
     </span>
    </p>
   </div>
   <div class='ocr_carea' id='block_1_88' title="bbox 1848 3650 3503 3724">
    <p class='ocr_par' dir='ltr' id='par_1_88' title="bbox 1848 3650 3503 3724">
     <span class='ocr_line' id='line_1_88' title="bbox 1848 3650 3503 3724; baseline 0 -19"><span class='ocrx_word' id='word_1_599' title='bbox 1848 3650 1962 3706; x_wconf 90' lang='lat' dir='ltr'><strong>illis</strong></span> <span class='ocrx_word' id='word_1_600' title='bbox 1990 3656 2054 3707; x_wconf 91' lang='lat' dir='ltr'><strong>ut</strong></span> <span class='ocrx_word' id='word_1_601' title='bbox 2077 3650 2542 3721; x_wconf 79' lang='lat' dir='ltr'><strong>crucifigererur.</strong></span> <span class='ocrx_word' id='word_1_602' title='bbox 2568 3651 2706 3707; x_wconf 91' lang='lat' dir='ltr'><strong>Ideo</strong></span> <span class='ocrx_word' id='word_1_603' title='bbox 2731 3667 2969 3724; x_wconf 90' lang='lat' dir='ltr'><strong>quoque</strong></span> <span class='ocrx_word' id='word_1_604' title='bbox 2992 3652 3255 3723; x_wconf 89' lang='lat' dir='ltr'><strong>primum</strong></span> <span class='ocrx_word' id='word_1_605' title='bbox 3278 3650 3503 3723; x_wconf 90' lang='lat' dir='ltr'><strong>simpli-</strong></span> 
     </span>
    </p>
   </div>
   <div class='ocr_carea' id='block_1_89' title="bbox 1850 3740 3498 3808">
    <p class='ocr_par' dir='ltr' id='par_1_89' title="bbox 1850 3740 3498 3808">
     <span class='ocr_line' id='line_1_89' title="bbox 1850 3740 3498 3808; baseline 0 -12"><span class='ocrx_word' id='word_1_606' title='bbox 1850 3740 1993 3798; x_wconf 90' lang='lat' dir='ltr'><strong>citer</strong></span> <span class='ocrx_word' id='word_1_607' title='bbox 2015 3740 2401 3798; x_wconf 89' lang='lat' dir='ltr'><strong>tradiditeum</strong></span> <span class='ocrx_word' id='word_1_608' title='bbox 2435 3763 2446 3808; x_wconf 88' lang='lat'><strong>;</strong></span> <span class='ocrx_word' id='word_1_609' title='bbox 2482 3741 2750 3797; x_wconf 89' lang='lat' dir='ltr'><strong>secundo</strong></span> <span class='ocrx_word' id='word_1_610' title='bbox 2779 3756 2915 3799; x_wconf 87' lang='lat' dir='ltr'><strong>vero</strong></span> <span class='ocrx_word' id='word_1_611' title='bbox 2936 3741 3331 3799; x_wconf 83' lang='lat' dir='ltr'><strong>tradiditeum</strong></span> <span class='ocrx_word' id='word_1_612' title='bbox 3362 3740 3498 3796; x_wconf 90' lang='lat' dir='ltr'><strong>illis.</strong></span> 
     </span>
    </p>
   </div>
   <div class='ocr_carea' id='block_1_90' title="bbox 1923 4023 3503 4098">
    <p class='ocr_par' dir='ltr' id='par_1_90' title="bbox 1923 4023 3503 4098">
     <span class='ocr_line' id='line_1_90' title="bbox 1923 4023 3503 4098; baseline -0.001 -16"><span class='ocrx_word' id='word_1_613' title='bbox 1923 4024 2072 4083; x_wconf 83' lang='lat' dir='ltr'><strong>Mille</strong></span> <span class='ocrx_word' id='word_1_614' title='bbox 2102 4024 2295 4098; x_wconf 88' lang='lat' dir='ltr'><strong>itaque</strong></span> <span class='ocrx_word' id='word_1_615' title='bbox 2334 4023 2549 4080; x_wconf 88' lang='lat' dir='ltr'><strong>modos</strong></span> <span class='ocrx_word' id='word_1_616' title='bbox 2586 4023 2945 4094; x_wconf 86' lang='lat' dir='ltr'><strong>excogitavit</strong></span> <span class='ocrx_word' id='word_1_617' title='bbox 2968 4025 3214 4093; x_wconf 85' lang='lat' dir='ltr'><strong>Pilatus,</strong></span> <span class='ocrx_word' id='word_1_618' title='bbox 3247 4028 3315 4082; x_wconf 91' lang='lat' dir='ltr'><strong>ut</strong></span> <span class='ocrx_word' id='word_1_619' title='bbox 3344 4023 3503 4083; x_wconf 83' lang='lat' dir='ltr'><strong>Chri-</strong></span> 
     </span>
    </p>
   </div>
   <div class='ocr_carea' id='block_1_91' title="bbox 1854 4112 3502 4184">
    <p class='ocr_par' dir='ltr' id='par_1_91' title="bbox 1854 4112 3502 4184">
     <span class='ocr_line' id='line_1_91' title="bbox 1854 4112 3502 4184; baseline -0.001 -14"><span class='ocrx_word' id='word_1_620' title='bbox 1854 4118 2010 4170; x_wconf 88' lang='lat' dir='ltr'><strong>stum</strong></span> <span class='ocrx_word' id='word_1_621' title='bbox 2040 4112 2205 4169; x_wconf 90' lang='lat' dir='ltr'><strong>omni</strong></span> <span class='ocrx_word' id='word_1_622' title='bbox 2230 4127 2415 4184; x_wconf 75' lang='lat' dir='ltr'><strong>poena</strong></span> <span class='ocrx_word' id='word_1_623' title='bbox 2456 4112 2750 4177; x_wconf 89' lang='lat' dir='ltr'><strong>liberaret,</strong></span> <span class='ocrx_word' id='word_1_624' title='bbox 2775 4118 2831 4167; x_wconf 87' lang='lat' dir='ltr'><strong>et</strong></span> <span class='ocrx_word' id='word_1_625' title='bbox 2874 4113 3122 4169; x_wconf 93' lang='lat' dir='ltr'><strong>omnino</strong></span> <span class='ocrx_word' id='word_1_626' title='bbox 3165 4128 3239 4169; x_wconf 89' lang='lat' dir='ltr'><strong>ne</strong></span> <span class='ocrx_word' id='word_1_627' title='bbox 3271 4112 3502 4169; x_wconf 83' lang='lat' dir='ltr'><strong>occide-</strong></span> 
     </span>
    </p>
   </div>
   <div class='ocr_carea' id='block_1_92' title="bbox 1855 4202 3501 4272">
    <p class='ocr_par' dir='ltr' id='par_1_92' title="bbox 1855 4202 3501 4272">
     <span class='ocr_line' id='line_1_92' title="bbox 1855 4202 3501 4272; baseline -0.001 -13"><span class='ocrx_word' id='word_1_628' title='bbox 1855 4207 2015 4259; x_wconf 87' lang='lat' dir='ltr'><strong>retur</strong></span> <span class='ocrx_word' id='word_1_629' title='bbox 2038 4202 2347 4258; x_wconf 83' lang='lat' dir='ltr'><strong>laboravit.</strong></span> <span class='ocrx_word' id='word_1_630' title='bbox 2376 4203 2597 4257; x_wconf 84' lang='lat' dir='ltr'><strong>Verum</strong></span> <span class='ocrx_word' id='word_1_631' title='bbox 2634 4202 2897 4272; x_wconf 90' lang='lat' dir='ltr'><strong>oportuit</strong></span> <span class='ocrx_word' id='word_1_632' title='bbox 2929 4218 3063 4257; x_wconf 91' lang='lat' dir='ltr'><strong>eum</strong></span> <span class='ocrx_word' id='word_1_633' title='bbox 3090 4202 3295 4257; x_wconf 86' lang='lat' dir='ltr'><strong>fortius</strong></span> <span class='ocrx_word' id='word_1_634' title='bbox 3336 4217 3501 4257; x_wconf 88' lang='lat' dir='ltr'><strong>more</strong></span> 
     </span>
    </p>
   </div>
   <div class='ocr_carea' id='block_1_93' title="bbox 1853 4289 3506 4364">
    <p class='ocr_par' dir='ltr' id='par_1_93' title="bbox 1853 4289 3506 4364">
     <span class='ocr_line' id='line_1_93' title="bbox 1853 4289 3506 4364; baseline -0.002 -16"><span class='ocrx_word' id='word_1_635' title='bbox 1853 4292 2071 4364; x_wconf 87' lang='lat' dir='ltr'><strong>judicis</strong></span> <span class='ocrx_word' id='word_1_636' title='bbox 2097 4290 2383 4356; x_wconf 88' lang='lat' dir='ltr'><strong>resistere,</strong></span> <span class='ocrx_word' id='word_1_637' title='bbox 2415 4306 2525 4345; x_wconf 92' lang='lat' dir='ltr'><strong>nec</strong></span> <span class='ocrx_word' id='word_1_638' title='bbox 2564 4289 2795 4361; x_wconf 86' lang='lat' dir='ltr'><strong>iujustis</strong></span> <span class='ocrx_word' id='word_1_639' title='bbox 2845 4290 3127 4345; x_wconf 90' lang='lat' dir='ltr'><strong>assentire</strong></span> <span class='ocrx_word' id='word_1_640' title='bbox 3160 4305 3173 4345; x_wconf 89' lang='lat'><strong>:</strong></span> <span class='ocrx_word' id='word_1_641' title='bbox 3216 4294 3319 4345; x_wconf 89' lang='lat' dir='ltr'><strong>aut</strong></span> <span class='ocrx_word' id='word_1_642' title='bbox 3364 4304 3506 4345; x_wconf 90' lang='lat' dir='ltr'><strong>eum</strong></span> 
     </span>
    </p>
   </div>
   <div class='ocr_carea' id='block_1_94' title="bbox 160 4375 1757 4467">
    <p class='ocr_par' dir='ltr' id='par_1_94' title="bbox 160 4375 1747 4455">
     <span class='ocr_line' id='line_1_94' title="bbox 160 4375 1747 4455; baseline 0.003 -24"><span class='ocrx_word' id='word_1_643' title='bbox 160 4387 322 4453; x_wconf 77' lang='grc' dir='ltr'>ρῆσαι</span> <span class='ocrx_word' id='word_1_644' title='bbox 356 4387 459 4442; x_wconf 85' lang='grc' dir='ltr'>τοῖς</span> <span class='ocrx_word' id='word_1_645' title='bbox 496 4376 769 4446; x_wconf 80' lang='grc' dir='ltr'>ἀδικοῦσι,</span> <span class='ocrx_word' id='word_1_646' title='bbox 810 4375 949 4452; x_wconf 75' lang='grc' dir='ltr'>μηδε</span> <span class='ocrx_word' id='word_1_647' title='bbox 989 4376 1279 4455; x_wconf 74' lang='grc' dir='ltr'>προδοῦναι</span> <span class='ocrx_word' id='word_1_648' title='bbox 1326 4386 1412 4435; x_wconf 87' lang='grc' dir='ltr'><strong>τόν</strong></span> <span class='ocrx_word' id='word_1_649' title='bbox 1454 4384 1544 4435; x_wconf 76' lang='grc' dir='ltr'><strong>ὑπ’</strong></span> <span class='ocrx_word' id='word_1_650' title='bbox 1588 4383 1747 4437; x_wconf 67' lang='grc' dir='ltr'>αὐτοῦ</span> 
     </span>
    </p>
   </div>
   <div class='ocr_carea' id='block_1_95' title="bbox 1927 4375 3508 4467">
    <p class='ocr_par' dir='ltr' id='par_1_95' title="bbox 1930 4377 3508 4453">
     <span class='ocr_line' id='line_1_95' title="bbox 1930 4377 3508 4453; baseline -0.002 -15"><span class='ocrx_word' id='word_1_651' title='bbox 1930 4381 2127 4447; x_wconf 89' lang='lat' dir='ltr'><strong>odere,</strong></span> <span class='ocrx_word' id='word_1_652' title='bbox 2162 4379 2265 4453; x_wconf 92' lang='lat' dir='ltr'><strong>qui</strong></span> <span class='ocrx_word' id='word_1_653' title='bbox 2304 4379 2382 4435; x_wconf 91' lang='lat' dir='ltr'><strong>ab</strong></span> <span class='ocrx_word' id='word_1_654' title='bbox 2412 4380 2669 4451; x_wconf 90' lang='lat' dir='ltr'><strong>ipsomet</strong></span> <span class='ocrx_word' id='word_1_655' title='bbox 2696 4377 2874 4433; x_wconf 88' lang='lat' dir='ltr'><strong>Pilato</strong></span> <span class='ocrx_word' id='word_1_656' title='bbox 2903 4378 3304 4434; x_wconf 90' lang='lat' dir='ltr'><strong>testimonium</strong></span> <span class='ocrx_word' id='word_1_657' title='bbox 3346 4393 3508 4435; x_wconf 85' lang='lat' dir='ltr'><strong>acce-</strong></span> 
     </span>
    </p>
   </div>
   <div class='ocr_carea' id='block_1_96' title="bbox 162 4467 1749 4546">
    <p class='ocr_par' dir='ltr' id='par_1_96' title="bbox 162 4467 1749 4546">
     <span class='ocr_line' id='line_1_96' title="bbox 162 4467 1749 4546; baseline 0.004 -26"><span class='ocrx_word' id='word_1_658' title='bbox 162 4467 348 4521; x_wconf 85' lang='grc' dir='ltr'>ἐκείνου</span> <span class='ocrx_word' id='word_1_659' title='bbox 405 4472 821 4546; x_wconf 77' lang='grc' dir='ltr'>μαρτυρούμενον</span> <span class='ocrx_word' id='word_1_660' title='bbox 904 4468 1130 4522; x_wconf 83' lang='grc' dir='ltr'>ἀναίτιον</span> <span class='ocrx_word' id='word_1_661' title='bbox 1204 4471 1271 4531; x_wconf 88' lang='grc' dir='ltr'><strong>εἰς</strong></span> <span class='ocrx_word' id='word_1_662' title='bbox 1344 4474 1579 4525; x_wconf 85' lang='grc' dir='ltr'>θάνατον.</span> <span class='ocrx_word' id='word_1_663' title='bbox 1628 4473 1749 4526; x_wconf 80' lang='grc' dir='ltr'>Ὀτι</span> 
     </span>
    </p>
   </div>
   <div class='ocr_carea' id='block_1_97' title="bbox 163 4555 1749 4629">
    <p class='ocr_par' dir='ltr' id='par_1_97' title="bbox 163 4555 1749 4629">
     <span class='ocr_line' id='line_1_97' title="bbox 163 4555 1749 4629; baseline 0.005 -21"><span class='ocrx_word' id='word_1_664' title='bbox 163 4560 262 4629; x_wconf 66' lang='grc' dir='ltr'>γὰρ</span> <span class='ocrx_word' id='word_1_665' title='bbox 308 4555 551 4625; x_wconf 75' lang='grc' dir='ltr'>ἠδύνατο,</span> <span class='ocrx_word' id='word_1_666' title='bbox 604 4555 763 4617; x_wconf 83' lang='grc' dir='ltr'>δῆλον</span> <span class='ocrx_word' id='word_1_667' title='bbox 813 4558 913 4611; x_wconf 85' lang='grc' dir='ltr'>ἀπὸ</span> <span class='ocrx_word' id='word_1_668' title='bbox 963 4567 1053 4612; x_wconf 79' lang='grc' dir='ltr'>τοῦ</span> <span class='ocrx_word' id='word_1_669' title='bbox 1099 4560 1256 4612; x_wconf 83' lang='grc' dir='ltr'>εἰπεῖν</span> <span class='ocrx_word' id='word_1_670' title='bbox 1300 4561 1453 4614; x_wconf 86' lang='grc' dir='ltr'>αύτόν</span> <span class='ocrx_word' id='word_1_671' title='bbox 1485 4582 1496 4594; x_wconf 94' lang='grc'>·</span> <span class='ocrx_word' id='word_1_672' title='bbox 1531 4564 1640 4615; x_wconf 77' lang='grc' dir='ltr'><strong>Ούκ</strong></span> <span class='ocrx_word' id='word_1_673' title='bbox 1678 4560 1749 4616; x_wconf 80' lang='grc' dir='ltr'><strong>οἶ-</strong></span> 
     </span>
    </p>
   </div>
   <div class='ocr_carea' id='block_1_98' title="bbox 167 4641 1750 4722">
    <p class='ocr_par' dir='ltr' id='par_1_98' title="bbox 167 4641 1750 4722">
     <span class='ocr_line' id='line_1_98' title="bbox 167 4641 1750 4722; baseline 0.006 -26"><span class='ocrx_word' id='word_1_674' title='bbox 167 4641 282 4714; x_wconf 76' lang='grc' dir='ltr'>δας,</span> <span class='ocrx_word' id='word_1_675' title='bbox 354 4650 426 4700; x_wconf 79' lang='grc' dir='ltr'>ὅτε</span> <span class='ocrx_word' id='word_1_676' title='bbox 476 4647 715 4713; x_wconf 75' lang='grc' dir='ltr'>ἐξουσίαν</span> <span class='ocrx_word' id='word_1_677' title='bbox 790 4651 897 4721; x_wconf 76' lang='grc' dir='ltr'><strong>ἔχω</strong></span> <span class='ocrx_word' id='word_1_678' title='bbox 959 4656 1264 4722; x_wconf 87' lang='grc' dir='ltr'>σταυρωσαί</span> <span class='ocrx_word' id='word_1_679' title='bbox 1341 4670 1414 4713; x_wconf 81' lang='grc' dir='ltr'><strong>σε,</strong></span> <span class='ocrx_word' id='word_1_680' title='bbox 1462 4658 1551 4705; x_wconf 79' lang='grc' dir='ltr'>καὶ</span> <span class='ocrx_word' id='word_1_681' title='bbox 1612 4652 1750 4716; x_wconf 77' lang='grc' dir='ltr'>ἐξου-</span> 
     </span>
    </p>
   </div>
   <div class='ocr_carea' id='block_1_99' title="bbox 171 4737 1751 4813">
    <p class='ocr_par' dir='ltr' id='par_1_99' title="bbox 171 4737 1751 4813">
     <span class='ocr_line' id='line_1_99' title="bbox 171 4737 1751 4813; baseline 0.006 -29"><span class='ocrx_word' id='word_1_682' title='bbox 171 4738 285 4784; x_wconf 79' lang='grc' dir='ltr'>σίαν</span> <span class='ocrx_word' id='word_1_683' title='bbox 345 4738 447 4808; x_wconf 78' lang='grc' dir='ltr'>ἔχω</span> <span class='ocrx_word' id='word_1_684' title='bbox 515 4737 776 4790; x_wconf 79' lang='grc' dir='ltr'>ἀπολῦσαί</span> <span class='ocrx_word' id='word_1_685' title='bbox 831 4755 939 4805; x_wconf 85' lang='grc' dir='ltr'>σε;</span> <span class='ocrx_word' id='word_1_686' title='bbox 996 4743 1082 4790; x_wconf 85' lang='grc' dir='ltr'>Διό</span> <span class='ocrx_word' id='word_1_687' title='bbox 1153 4745 1243 4791; x_wconf 85' lang='grc' dir='ltr'>καὶ</span> <span class='ocrx_word' id='word_1_688' title='bbox 1299 4741 1325 4791; x_wconf 85' lang='grc' dir='ltr'>ὁ</span> <span class='ocrx_word' id='word_1_689' title='bbox 1374 4745 1602 4813; x_wconf 81' lang='grc' dir='ltr'>Χριστὸς</span> <span class='ocrx_word' id='word_1_690' title='bbox 1658 4742 1751 4794; x_wconf 79' lang='grc' dir='ltr'><strong>ούκ</strong></span> 
     </span>
    </p>
   </div>
   <div class='ocr_carea' id='block_1_100' title="bbox 172 4820 1752 4908">
    <p class='ocr_par' dir='ltr' id='par_1_100' title="bbox 172 4820 1752 4908">
     <span class='ocr_line' id='line_1_100' title="bbox 172 4820 1752 4908; baseline 0.008 -35"><span class='ocrx_word' id='word_1_691' title='bbox 172 4820 406 4877; x_wconf 72' lang='grc' dir='ltr'>ἀπέλυσεν</span> <span class='ocrx_word' id='word_1_692' title='bbox 476 4827 633 4879; x_wconf 67' lang='grc' dir='ltr'>αὐτόν</span> <span class='ocrx_word' id='word_1_693' title='bbox 699 4824 1011 4892; x_wconf 81' lang='grc' dir='ltr'>καταδίκης,</span> <span class='ocrx_word' id='word_1_694' title='bbox 1065 4829 1217 4882; x_wconf 87' lang='grc' dir='ltr'>εἰπὼν</span> <span class='ocrx_word' id='word_1_695' title='bbox 1271 4831 1351 4882; x_wconf 85' lang='grc' dir='ltr'>ὅτι</span> <span class='ocrx_word' id='word_1_696' title='bbox 1407 4831 1464 4884; x_wconf 69' lang='grc' dir='ltr'><strong>Ὀ</strong></span> <span class='ocrx_word' id='word_1_697' title='bbox 1518 4832 1752 4908; x_wconf 85' lang='grc' dir='ltr'>παραδι-</span> 
     </span>
    </p>
   </div>
   <div class='ocr_carea' id='block_1_101' title="bbox 240 4977 838 5048">
    <p class='ocr_par' dir='ltr' id='par_1_101' title="bbox 240 4977 838 5048">
     <span class='ocr_line' id='line_1_101' title="bbox 240 4977 838 5048; baseline 0.007 -15"><span class='ocrx_word' id='word_1_698' title='bbox 240 4977 287 5012; x_wconf 78' lang='grc'><strong>²³</strong></span> <span class='ocrx_word' id='word_1_699' title='bbox 342 4977 478 5039; x_wconf 87' lang='lat' dir='ltr'><strong>Luc.</strong></span> <span class='ocrx_word' id='word_1_700' title='bbox 541 4995 707 5048; x_wconf 84' lang='lat' dir='ltr'><strong>xxtu,</strong></span> <span class='ocrx_word' id='word_1_701' title='bbox 749 4985 838 5038; x_wconf 82' lang='lat'><strong>25.</strong></span> 
     </span>
    </p>
   </div>
   <div class='ocr_carea' id='block_1_102' title="bbox 178 5065 487 5127">
    <p class='ocr_par' dir='ltr' id='par_1_102' title="bbox 178 5065 487 5127">
     <span class='ocr_line' id='line_1_102' title="bbox 178 5065 487 5127; baseline 0.019 -6"><span class='ocrx_word' id='word_1_702' title='bbox 178 5066 221 5101; x_wconf 81' lang='grc'><strong>¹¹</strong></span> <span class='ocrx_word' id='word_1_703' title='bbox 248 5065 373 5126; x_wconf 85' lang='lat' dir='ltr'><strong>ibid.</strong></span> <span class='ocrx_word' id='word_1_704' title='bbox 405 5070 487 5127; x_wconf 87' lang='grc'><strong>10.</strong></span> 
     </span>
    </p>
   </div>
   <div class='ocr_carea' id='block_1_103' title="bbox 914 4983 1463 5051">
    <p class='ocr_par' dir='ltr' id='par_1_103' title="bbox 914 4983 1463 5051">
     <span class='ocr_line' id='line_1_103' title="bbox 914 4983 1463 5051; baseline 0.002 -14"><span class='ocrx_word' id='word_1_705' title='bbox 914 4984 963 5018; x_wconf 83' lang='grc'><strong>²⁶</strong></span> <span class='ocrx_word' id='word_1_706' title='bbox 1007 4983 1179 5039; x_wconf 68' lang='lat' dir='ltr'><strong>Marc.</strong></span> <span class='ocrx_word' id='word_1_707' title='bbox 1220 4999 1320 5051; x_wconf 86' lang='lat' dir='ltr'><strong>xv,</strong></span> <span class='ocrx_word' id='word_1_708' title='bbox 1376 4986 1463 5040; x_wconf 77' lang='lat' dir='ltr'><strong>i7.</strong></span> 
     </span>
    </p>
   </div>
   <div class='ocr_carea' id='block_1_104' title="bbox 1541 4988 2084 5054">
    <p class='ocr_par' dir='ltr' id='par_1_104' title="bbox 1541 4988 2084 5054">
     <span class='ocr_line' id='line_1_104' title="bbox 1541 4988 2084 5054; baseline -0.007 -9"><span class='ocrx_word' id='word_1_709' title='bbox 1541 4989 1587 5024; x_wconf 75' lang='grc'><strong>³⁷</strong></span> <span class='ocrx_word' id='word_1_710' title='bbox 1648 4990 1821 5047; x_wconf 81' lang='lat' dir='ltr'><strong>Joan.</strong></span> <span class='ocrx_word' id='word_1_711' title='bbox 1877 5003 1990 5054; x_wconf 82' lang='lat' dir='ltr'><strong>xix,</strong></span> <span class='ocrx_word' id='word_1_712' title='bbox 2032 4988 2084 5041; x_wconf 79' lang='lat'><strong>2.</strong></span> 
     </span>
    </p>
   </div>
   <div class='ocr_carea' id='block_1_105' title="bbox 1860 4466 3508 4545">
    <p class='ocr_par' dir='ltr' id='par_1_105' title="bbox 1860 4466 3508 4545">
     <span class='ocr_line' id='line_1_105' title="bbox 1860 4466 3508 4545; baseline -0.003 -17"><span class='ocrx_word' id='word_1_713' title='bbox 1860 4477 2047 4545; x_wconf 87' lang='lat' dir='ltr'><strong>perat,</strong></span> <span class='ocrx_word' id='word_1_714' title='bbox 2076 4469 2243 4542; x_wconf 90' lang='lat' dir='ltr'><strong>quod</strong></span> <span class='ocrx_word' id='word_1_715' title='bbox 2301 4467 2509 4525; x_wconf 91' lang='lat' dir='ltr'><strong>mortis</strong></span> <span class='ocrx_word' id='word_1_716' title='bbox 2566 4467 2746 4523; x_wconf 84' lang='lat' dir='ltr'><strong>noxia</strong></span> <span class='ocrx_word' id='word_1_717' title='bbox 2776 4468 3019 4523; x_wconf 88' lang='lat' dir='ltr'><strong>carebat</strong></span> <span class='ocrx_word' id='word_1_718' title='bbox 3043 4469 3112 4519; x_wconf 83' lang='grc'><strong>⁸¹.</strong></span> <span class='ocrx_word' id='word_1_719' title='bbox 3150 4466 3321 4532; x_wconf 88' lang='lat' dir='ltr'><strong>Quod</strong></span> <span class='ocrx_word' id='word_1_720' title='bbox 3346 4468 3508 4523; x_wconf 88' lang='lat' dir='ltr'><strong>enim</strong></span> 
     </span>
    </p>
   </div>
   <div class='ocr_carea' id='block_1_106' title="bbox 1860 4556 3508 4635">
    <p class='ocr_par' dir='ltr' id='par_1_106' title="bbox 1860 4556 3508 4635">
     <span class='ocr_line' id='line_1_106' title="bbox 1860 4556 3508 4635; baseline -0.004 -16"><span class='ocrx_word' id='word_1_721' title='bbox 1860 4561 2117 4635; x_wconf 88' lang='lat' dir='ltr'><strong>potuerit</strong></span> <span class='ocrx_word' id='word_1_722' title='bbox 2168 4575 2305 4616; x_wconf 89' lang='lat' dir='ltr'><strong>eum</strong></span> <span class='ocrx_word' id='word_1_723' title='bbox 2354 4574 2474 4613; x_wconf 89' lang='lat' dir='ltr'><strong>non</strong></span> <span class='ocrx_word' id='word_1_724' title='bbox 2517 4558 2747 4614; x_wconf 90' lang='lat' dir='ltr'><strong>tradere</strong></span> <span class='ocrx_word' id='word_1_725' title='bbox 2784 4556 3165 4613; x_wconf 87' lang='lat' dir='ltr'><strong>manifestum</strong></span> <span class='ocrx_word' id='word_1_726' title='bbox 3205 4562 3384 4613; x_wconf 85' lang='lat' dir='ltr'><strong>estex</strong></span> <span class='ocrx_word' id='word_1_727' title='bbox 3414 4572 3508 4626; x_wconf 90' lang='lat' dir='ltr'><strong>eo,</strong></span> 
     </span>
    </p>
   </div>
   <div class='ocr_carea' id='block_1_107' title="bbox 1860 4646 3507 4725">
    <p class='ocr_par' dir='ltr' id='par_1_107' title="bbox 1860 4646 3507 4725">
     <span class='ocr_line' id='line_1_107' title="bbox 1860 4646 3507 4725; baseline -0.004 -17"><span class='ocrx_word' id='word_1_728' title='bbox 1860 4650 2023 4725; x_wconf 91' lang='lat' dir='ltr'><strong>quod</strong></span> <span class='ocrx_word' id='word_1_729' title='bbox 2054 4652 2180 4721; x_wconf 91' lang='lat' dir='ltr'><strong>ipse</strong></span> <span class='ocrx_word' id='word_1_730' title='bbox 2212 4648 2358 4703; x_wconf 86' lang='lat' dir='ltr'><strong>dixit</strong></span> <span class='ocrx_word' id='word_1_731' title='bbox 2387 4665 2398 4703; x_wconf 92' lang='lat'>:</span> <span class='ocrx_word' id='word_1_732' title='bbox 2432 4648 2628 4703; x_wconf 78' lang='lat' dir='ltr'><strong>Nescis</strong></span> <span class='ocrx_word' id='word_1_733' title='bbox 2670 4647 2829 4718; x_wconf 87' lang='lat' dir='ltr'><strong>quod</strong></span> <span class='ocrx_word' id='word_1_734' title='bbox 2867 4651 3203 4717; x_wconf 78' lang='lat' dir='ltr'><strong>potestatem</strong></span> <span class='ocrx_word' id='word_1_735' title='bbox 3263 4646 3507 4703; x_wconf 85' lang='lat' dir='ltr'><strong>habeam</strong></span> 
     </span>
    </p>
   </div>
   <div class='ocr_carea' id='block_1_108' title="bbox 1860 4733 3513 4810">
    <p class='ocr_par' dir='ltr' id='par_1_108' title="bbox 1860 4733 3513 4810">
     <span class='ocr_line' id='line_1_108' title="bbox 1860 4733 3513 4810; baseline -0.007 -10"><span class='ocrx_word' id='word_1_736' title='bbox 1860 4740 2242 4810; x_wconf 82' lang='lat' dir='ltr'><strong>cruciﬁgendi</strong></span> <span class='ocrx_word' id='word_1_737' title='bbox 2271 4747 2341 4802; x_wconf 81' lang='lat' dir='ltr'><strong>te,</strong></span> <span class='ocrx_word' id='word_1_738' title='bbox 2375 4746 2425 4794; x_wconf 85' lang='lat' dir='ltr'><strong>et</strong></span> <span class='ocrx_word' id='word_1_739' title='bbox 2444 4743 2778 4807; x_wconf 80' lang='lat' dir='ltr'><strong>potestatem</strong></span> <span class='ocrx_word' id='word_1_740' title='bbox 2796 4736 3042 4794; x_wconf 82' lang='lat' dir='ltr'><strong>habeam</strong></span> <span class='ocrx_word' id='word_1_741' title='bbox 3065 4736 3393 4793; x_wconf 76' lang='lat' dir='ltr'><strong>absolvendi</strong></span> <span class='ocrx_word' id='word_1_742' title='bbox 3419 4733 3513 4792; x_wconf 87' lang='lat' dir='ltr'><strong>te?</strong></span> 
     </span>
    </p>
   </div>
   <div class='ocr_carea' id='block_1_109' title="bbox 1863 4826 3515 4888">
    <p class='ocr_par' dir='ltr' id='par_1_109' title="bbox 1863 4826 3515 4888">
     <span class='ocr_line' id='line_1_109' title="bbox 1863 4826 3515 4888; baseline -0.004 0"><span class='ocrx_word' id='word_1_743' title='bbox 1863 4834 2000 4888; x_wconf 91' lang='lat' dir='ltr'><strong>ldeo</strong></span> <span class='ocrx_word' id='word_1_744' title='bbox 2019 4829 2199 4885; x_wconf 83' lang='lat' dir='ltr'><strong>etiam</strong></span> <span class='ocrx_word' id='word_1_745' title='bbox 2225 4828 2489 4883; x_wconf 83' lang='lat' dir='ltr'><strong>Christus</strong></span> <span class='ocrx_word' id='word_1_746' title='bbox 2519 4843 2555 4883; x_wconf 90' lang='lat' dir='ltr'><strong>a</strong></span> <span class='ocrx_word' id='word_1_747' title='bbox 2584 4826 3079 4882; x_wconf 89' lang='lat' dir='ltr'><strong>condemuatione</strong></span> <span class='ocrx_word' id='word_1_748' title='bbox 3097 4842 3226 4881; x_wconf 90' lang='lat' dir='ltr'><strong>eum</strong></span> <span class='ocrx_word' id='word_1_749' title='bbox 3259 4842 3380 4882; x_wconf 93' lang='lat' dir='ltr'><strong>non</strong></span> <span class='ocrx_word' id='word_1_750' title='bbox 3411 4826 3515 4882; x_wconf 87' lang='lat' dir='ltr'><strong>ab-</strong></span> 
     </span>
    </p>
   </div>
   <div class='ocr_carea' id='block_1_110' title="bbox 2162 4979 3515 5039">
    <p class='ocr_par' dir='ltr' id='par_1_110' title="bbox 2162 4979 3515 5039">
     <span class='ocr_line' id='line_1_110' title="bbox 2162 4979 3515 5039; baseline 0 0"><span class='ocrx_word' id='word_1_751' title='bbox 2162 4985 2209 5021; x_wconf 74' lang='lat'><strong>”</strong></span> <span class='ocrx_word' id='word_1_752' title='bbox 2260 4982 2401 5039; x_wconf 82' lang='lat' dir='ltr'><strong>ibid.</strong></span> <span class='ocrx_word' id='word_1_753' title='bbox 2459 4984 2511 5037; x_wconf 90' lang='lat'><strong>3.</strong></span> <span class='ocrx_word' id='word_1_754' title='bbox 2588 4982 2635 5016; x_wconf 84' lang='grc'><strong>²⁹</strong></span> <span class='ocrx_word' id='word_1_755' title='bbox 2668 4979 2813 5035; x_wconf 89' lang='lat' dir='ltr'><strong>ibid.</strong></span> <span class='ocrx_word' id='word_1_756' title='bbox 2868 4979 3020 5035; x_wconf 67' lang='lat'><strong>4—16.</strong></span> <span class='ocrx_word' id='word_1_757' title='bbox 3100 4982 3147 5018; x_wconf 81' lang='grc' dir='ltr'><strong>³ο</strong></span> <span class='ocrx_word' id='word_1_758' title='bbox 3203 4979 3352 5037; x_wconf 87' lang='lat' dir='ltr'><strong>ibid.</strong></span> <span class='ocrx_word' id='word_1_759' title='bbox 3425 4984 3515 5039; x_wconf 81' lang='grc'><strong>12.</strong></span> 
     </span>
    </p>
   </div>
   <div class='ocr_carea' id='block_1_111' title="bbox 1363 5229 2319 5305">
    <p class='ocr_par' dir='ltr' id='par_1_111' title="bbox 1363 5229 2319 5305">
     <span class='ocr_line' id='line_1_111' title="bbox 1363 5229 2319 5305; baseline -0.007 -3"><span class='ocrx_word' id='word_1_760' title='bbox 1363 5229 1587 5303; x_wconf 83' lang='lat' dir='ltr'><strong>Variae</strong></span> <span class='ocrx_word' id='word_1_761' title='bbox 1633 5231 1964 5305; x_wconf 85' lang='lat' dir='ltr'><strong>lectiones</strong></span> <span class='ocrx_word' id='word_1_762' title='bbox 2010 5240 2076 5299; x_wconf 88' lang='lat' dir='ltr'><strong>et</strong></span> <span class='ocrx_word' id='word_1_763' title='bbox 2118 5239 2319 5299; x_wconf 68' lang='lat' dir='ltr'><strong>notae.</strong></span> 
     </span>
    </p>
   </div>
   <div class='ocr_carea' id='block_1_112' title="bbox 253 5392 1764 5476">
    <p class='ocr_par' dir='ltr' id='par_1_112' title="bbox 253 5392 1764 5476">
     <span class='ocr_line' id='line_1_112' title="bbox 253 5392 1764 5476; baseline 0.004 -22"><span class='ocrx_word' id='word_1_764' title='bbox 253 5392 355 5473; x_wconf 76' lang='lat'><strong>(20)</strong></span> <span class='ocrx_word' id='word_1_765' title='bbox 379 5396 567 5476; x_wconf 68' lang='lat' dir='ltr'><strong>Halim</strong></span> <span class='ocrx_word' id='word_1_766' title='bbox 596 5414 757 5457; x_wconf 92' lang='lat' dir='ltr'><strong>nunc</strong></span> <span class='ocrx_word' id='word_1_767' title='bbox 785 5400 931 5476; x_wconf 70' lang='grc' dir='ltr'>ερψε</span> <span class='ocrx_word' id='word_1_768' title='bbox 957 5408 1084 5476; x_wconf 76' lang='grc' dir='ltr'>γοῦν</span> <span class='ocrx_word' id='word_1_769' title='bbox 1114 5403 1650 5476; x_wconf 17' lang='grc' dir='ltr'>ποτεηιῗοιήίοᾲοηὶω</span> <span class='ocrx_word' id='word_1_770' title='bbox 1678 5402 1764 5476; x_wconf 82' lang='lat' dir='ltr'><strong>ita</strong></span> 
     </span>
    </p>
   </div>
   <div class='ocr_carea' id='block_1_113' title="bbox 186 5462 1765 5534">
    <p class='ocr_par' dir='ltr' id='par_1_113' title="bbox 186 5462 1765 5534">
     <span class='ocr_line' id='line_1_113' title="bbox 186 5462 1765 5534; baseline 0.004 -7"><span class='ocrx_word' id='word_1_771' title='bbox 186 5462 788 5534; x_wconf 60' lang='lat' dir='ltr'><strong>inieueratiuterpres.</strong></span> <span class='ocrx_word' id='word_1_772' title='bbox 814 5462 982 5530; x_wconf 79' lang='lat' dir='ltr'><strong>Cérté</strong></span> <span class='ocrx_word' id='word_1_773' title='bbox 1002 5473 1159 5532; x_wconf 81' lang='lat' dir='ltr'><strong>istud</strong></span> <span class='ocrx_word' id='word_1_774' title='bbox 1190 5464 1289 5533; x_wconf 75' lang='lat' dir='ltr'><strong>vel</strong></span> <span class='ocrx_word' id='word_1_775' title='bbox 1304 5472 1365 5532; x_wconf 89' lang='lat' dir='ltr'><strong>id</strong></span> <span class='ocrx_word' id='word_1_776' title='bbox 1394 5472 1659 5534; x_wconf 88' lang='lat' dir='ltr'><strong>iudicare</strong></span> <span class='ocrx_word' id='word_1_777' title='bbox 1683 5474 1765 5533; x_wconf 56' lang='lat' dir='ltr'><strong>vi.</strong></span> 
     </span>
    </p>
   </div>
   <div class='ocr_carea' id='block_1_114' title="bbox 189 5487 849 5602">
    <p class='ocr_par' dir='ltr' id='par_1_114' title="bbox 189 5487 849 5602">
     <span class='ocr_line' id='line_1_114' title="bbox 189 5487 849 5601; baseline 0.008 -5"><span class='ocrx_word' id='word_1_778' title='bbox 189 5487 801 5601; x_wconf 44' lang='lat' dir='ltr'><strong>suariam</strong></span> <span class='ocrx_word' id='word_1_779' title='bbox 814 5487 849 5530; x_wconf 65' lang='grc' dir='ltr'>υ</span> 
     </span>
     <span class='ocr_line' id='line_1_115' title="bbox 348 5560 849 5602; baseline 0.006 -5"><span class='ocrx_word' id='word_1_780' title='bbox 348 5583 361 5597; x_wconf 87' lang='grc'><strong>.</strong></span> <span class='ocrx_word' id='word_1_781' title='bbox 776 5560 827 5602; x_wconf 66' lang='lat' dir='ltr'><strong>t8</strong></span> <span class='ocrx_word' id='word_1_782' title='bbox 836 5584 849 5600; x_wconf 83' lang='lat'><strong>.</strong></span> 
     </span>
    </p>
   </div>
   <div class='ocr_carea' id='block_1_115' title="bbox 253 5609 928 5696">
    <p class='ocr_par' dir='ltr' id='par_1_115' title="bbox 253 5609 928 5696">
     <span class='ocr_line' id='line_1_116' title="bbox 253 5609 928 5696; baseline 0.018 -30"><span class='ocrx_word' id='word_1_783' title='bbox 253 5609 353 5683; x_wconf 72' lang='grc'><strong>(21)</strong></span> <span class='ocrx_word' id='word_1_784' title='bbox 375 5617 822 5696; x_wconf 59' lang='grc' dir='ltr'>ηορῳρόχροισν.</span> <span class='ocrx_word' id='word_1_785' title='bbox 850 5618 928 5678; x_wconf 72' lang='grc' dir='ltr'>Α.</span> 
     </span>
    </p>
   </div>
   <div class='ocr_carea' id='block_1_116' title="bbox 1968 5392 2737 5468">
    <p class='ocr_par' dir='ltr' id='par_1_116' title="bbox 1968 5392 2737 5468">
     <span class='ocr_line' id='line_1_117' title="bbox 1968 5392 2737 5468; baseline -0.007 -12"><span class='ocrx_word' id='word_1_786' title='bbox 1968 5403 2055 5468; x_wconf 71' lang='grc'><strong>21)</strong></span> <span class='ocrx_word' id='word_1_787' title='bbox 2090 5398 2323 5463; x_wconf 75' lang='grc' dir='ltr'>Ἔπειτα,</span> <span class='ocrx_word' id='word_1_788' title='bbox 2352 5396 2482 5468; x_wconf 92' lang='lat' dir='ltr'><strong>loco</strong></span> <span class='ocrx_word' id='word_1_789' title='bbox 2509 5392 2641 5453; x_wconf 79' lang='grc' dir='ltr'>ἐπεί.</span> <span class='ocrx_word' id='word_1_790' title='bbox 2677 5402 2737 5468; x_wconf 74' lang='grc' dir='ltr'>Β.</span> 
     </span>
    </p>
   </div>
   <div class='ocr_carea' id='block_1_117' title="bbox 1972 5461 3521 5545">
    <p class='ocr_par' dir='ltr' id='par_1_117' title="bbox 1972 5461 3521 5545">
     <span class='ocr_line' id='line_1_118' title="bbox 1972 5461 3521 5545; baseline -0.005 -21"><span class='ocrx_word' id='word_1_791' title='bbox 2094 5461 2343 5545; x_wconf 67' lang='grc' dir='ltr'>Τούτους,</span> <span class='ocrx_word' id='word_1_792' title='bbox 2397 5465 2716 5545; x_wconf 72' lang='lat' dir='ltr'><strong>interponit</strong></span> <span class='ocrx_word' id='word_1_793' title='bbox 2775 5468 2841 5522; x_wconf 79' lang='grc' dir='ltr'>Α.</span> <span class='ocrx_word' id='word_1_794' title='bbox 2904 5468 2959 5521; x_wconf 91' lang='lat' dir='ltr'><strong>et</strong></span> <span class='ocrx_word' id='word_1_795' title='bbox 3215 5461 3521 5537; x_wconf 75' lang='grc' dir='ltr'>τελευταῖον,</span> 
     </span>
    </p>
   </div>
   <div class='ocr_carea' id='block_1_118' title="bbox 1872 5538 3161 5618">
    <p class='ocr_par' dir='ltr' id='par_1_118' title="bbox 1872 5538 3161 5618">
     <span class='ocr_line' id='line_1_119' title="bbox 1872 5538 3161 5618; baseline -0.01 -13"><span class='ocrx_word' id='word_1_796' title='bbox 1872 5538 2046 5605; x_wconf 71' lang='lat' dir='ltr'><strong>addit</strong></span> <span class='ocrx_word' id='word_1_797' title='bbox 2065 5542 2317 5605; x_wconf 83' lang='grc' dir='ltr'>εἰπόντας·</span> <span class='ocrx_word' id='word_1_798' title='bbox 2348 5541 2469 5618; x_wconf 88' lang='grc' dir='ltr'>παρ’</span> <span class='ocrx_word' id='word_1_799' title='bbox 2499 5538 2665 5593; x_wconf 74' lang='grc' dir='ltr'>αὐτῶν</span> <span class='ocrx_word' id='word_1_800' title='bbox 2690 5544 2889 5596; x_wconf 89' lang='lat' dir='ltr'><strong>autem</strong></span> <span class='ocrx_word' id='word_1_801' title='bbox 2922 5538 3161 5595; x_wconf 80' lang='lat' dir='ltr'><strong>omittit.</strong></span> 
     </span>
    </p>
   </div>
  </div>
