3904 6210
401 306 507 365 723

1716 293 2070 356 EUTHYMIl
2108 290 2442 350 ZIGABENI
3663 280 3744 354 ei

404 435 752 492 vestimenta
774 433 909 504 ejus,
942 437 996 490 et
1014 431 1286 503 fecerunt
1312 432 1572 502 quatuor
1584 434 1805 499 partes,
1830 424 2057 481 unicui-

2168 418 2345 472 ἔλαϐον
2408 423 2473 475 τὰ
2546 424 2731 496 ἱμάτια
2781 423 2958 490 αὑτοῦ,
3042 428 3133 477 καὶ
3210 421 3462 496 ἓμοίησαν
3541 427 3745 497 τέσσαρα

402 541 510 597 que
532 524 716 580 militi
751 528 996 593 partem,
1026 526 1080 577 et
1108 522 1385 576 tunicam.
1428 519 1575 576 Erat
1611 522 1807 573 autem
1858 515 2056 571 tunica

403 611 792 674 inconsutilis,
818 625 853 666 a
873 626 1096 665 summo
1115 616 1393 666 contexta
1408 624 1517 677 per
1531 612 1729 663 totum.
1756 605 2055 661 Dixerunt

404 704 602 771 itaque
628 699 780 755 inter
796 714 915 755 sese
947 699 1065 755 :Ne
1085 698 1418 754 scindamus
1445 712 1593 761 eam,
1619 696 1713 751 sed
1742 696 2056 751 sortiamur

401 790 469 845 de
496 789 785 859 ittacujus
802 790 878 843 sit
904 804 922 854 ;
952 793 1013 843 ut
1033 787 1768 858 Scripturacompleretur,
1790 800 1912 856 qua
1932 784 2049 843 ait:

401 878 623 936 Partiti
640 885 770 934 sunt
794 880 1132 935 vestimenta
1153 893 1283 934 mea
1312 878 1443 945 sibi,
1470 883 1522 933 et
1544 878 1607 933 in
1635 883 1844 933 vestem
1865 890 2054 931 meam

402 969 692 1025 miserunt
737 974 947 1024 sortem
996 967 1064 1022 ‘7.
1102 967 1237 1023 Sola
1274 980 1415 1036 ergo
1466 965 1675 1021 Christi
1708 966 2058 1020 vestimenta

404 1057 597 1113 divisa
613 1060 769 1122 sunt,
783 1072 921 1112 cum
940 1055 1453 1112 tamenlatronum
1471 1055 1837 1111 vestimentis
1863 1057 2061 1109 essent

402 1146 635 1211 viliora,
687 1149 752 1201 ut
810 1144 1093 1201 Davidica
1153 1144 1471 1217 prophetia
1528 1159 1663 1216 quas
1704 1143 1778 1199 de
1814 1142 1907 1199 his
1937 1150 2061 1200 erat

406 1234 799 1307 compleretur
817 1251 831 1301 ;
852 1233 1145 1306 siquidem
1161 1234 1220 1290 in
1237 1233 1329 1289 his
1341 1249 1584 1306 quoque
1597 1232 2058 1299 subsannantes,

405 1324 580 1398 quasi
608 1324 764 1396 regis
816 1324 1161 1380 vestimenta
1212 1328 1429 1389 essent,
1486 1338 1557 1378 ea
1599 1321 1974 1378 diviserunt:
2007 1328 2064 1379 et

404 1414 487 1470 ita
527 1413 865 1469 ordinatum
897 1419 986 1468 est
1017 1418 1081 1469 ut
1110 1412 1425 1485 prophetia
1458 1427 1589 1485 qua:
1627 1411 1702 1467 de
1727 1410 1822 1467 his
1857 1411 2059 1479 fuerat,

403 1506 468 1558 ut
490 1501 715 1559 dictum
742 1505 848 1569 est,
880 1501 1293 1575 compleretur.
1339 1504 1405 1557 Et
1440 1500 1794 1557 vestimenta
1821 1500 2062 1572 quidem

407 1590 600 1648 divisa
628 1598 766 1647 sunt
798 1591 909 1647 :de
938 1591 1135 1648 tunica
1164 1606 1305 1648 vero
1335 1589 1675 1647 inconsutili
1702 1605 1887 1663 quam
1930 1605 2061 1663 pro-

410 1681 608 1757 phetia
638 1682 922 1755 ἱματισμὸν
942 1678 1242 1754 apellavit,
1276 1684 1498 1737 sortem
1529 1679 1835 1738 miserunt.

477 1946 589 2008 Sed
626 1951 772 2023 quot
796 1948 1012 2006 fuerint
1036 1949 1389 2007 vestimenta
1426 1949 1628 2006 nullus
1659 1951 2060 2023 Evangelista—

404 2057 537 2096 rum
562 2038 945 2111 signiﬁcavit.
969 2038 1108 2095 Ideo
1121 2038 1366 2112 quidam
1392 2038 1862 2097 fuissedixeruut
1886 2043 2058 2114 quin-

403 2145 522 2203 que
555 2145 567 2186 :
624 2132 887 2202 quatuor
923 2127 1160 2201 quidem
1200 2132 1457 2201 quatuor
1484 2129 1769 2186 militibus
1816 2130 2053 2197 divisa;

403 2219 681 2292 quintum
704 2233 846 2275 vero
866 2217 1130 2273 tunicam
1144 2216 1587 2276 inconsutilem.
1601 2218 1844 2275 Videtur
1856 2225 2055 2277 autem

405 2306 752 2364 incredibile
800 2306 1046 2372 dictum,
1082 2321 1152 2361 eo
1197 2306 1362 2380 quod
1415 2307 1702 2364 indecens
1767 2310 2058 2367 Salvatori

408 2397 615 2453 fuisset
644 2396 780 2469 (xx)
813 2412 826 2452 :
869 2411 1049 2451 nemo
1088 2395 1267 2462 enim,
1298 2412 1371 2451 ne
1402 2396 1653 2453 aliorum
1689 2397 1936 2471 quidem
1959 2400 2058 2456 ho-

404 2485 638 2541 minum
695 2488 777 2541 tot
814 2483 1076 2539 vestibus
1127 2484 1415 2543 induitur.
1465 2486 1873 2556 Conjectantes
1916 2504 2056 2560 ergo

401 2574 669 2639 dicimus,
701 2588 810 2630 nec
831 2572 1036 2646 procul
1054 2572 1305 2630 fortasse
1334 2573 1412 2630 ab
1434 2590 1504 2631 eo
1525 2576 1688 2647 quod
1719 2592 2055 2647 congruum

402 2668 505 2729 est,
538 2662 649 2720 tria
672 2662 856 2719 fuisse
883 2663 1160 2720 universa
1192 2680 1206 2719 :
1240 2680 1426 2719 unum
1469 2663 1715 2737 quidem
1759 2665 1933 2722 fuisse
1970 2672 2057 2723 tu-

402 2754 598 2809 nicam
629 2752 855 2825 corpori
896 2751 1256 2826 applicatam
1314 2752 1375 2808 in
1429 2754 1680 2810 modum
1722 2755 2048 2827 subuculas,

401 2843 535 2900 dico
561 2858 704 2899 sane
728 2842 984 2898 tunicam
1011 2842 1166 2899 hanc
1186 2844 1607 2899 inconsutilem
1629 2864 1647 2916 ;
1671 2845 1922 2902 alterum
1949 2862 2053 2903 au-

400 2939 521 2991 tem
551 2949 673 3007 quo
701 2948 880 3005 super
905 2932 1171 3005 primum
1195 2932 1572 3002 vestiebatur,
1603 2940 1660 2993 et
1690 2936 1921 2993 tertium
1952 2952 2051 2994 ex-

402 3023 582 3082 terius
612 3021 1056 3079 indumentum.

2164 514 2315 582 μέρη,
2377 509 2579 583 ἑκάστῳ
2658 521 2951 588 στρατιώτῃ
3008 518 3180 586 μέρος,
3248 518 3336 565 καὶ
3392 517 3481 565 τὸν
3545 522 3739 586 χιτῶνα,

2162 598 2360 665 ἔλαϐον,
2417 598 2678 659 δηλονότι.
2735 602 2832 656 Ἦν
2882 600 2941 656 δὶ
2997 605 3022 655 ό
3065 607 3219 654 χιτὼν
3266 602 3515 677 οῖρῥαᾳος,
3577 602 3632 653 ix
3667 612 3743 653 τῶν

2162 688 2352 741 ἄνωθεν
2422 692 2638 762 ὑφαντὸς
2719 688 2917 745 διόλου.
3012 690 3163 745 Εἶπον
3239 688 3326 743 οὖν
3404 695 3537 766 πρὸς
3612 690 3746 749 ἀλλέ-

2161 778 2303 840 λους.
2376 784 2460 838 Μὴ
2539 786 2813 854 σχίσωμεν
2889 782 3063 845 αὑτὸν,
3138 780 3266 832 ἀλλὰ
3331 780 3579 853 λάχωμεν
3655 787 3745 853 περὶ

2163 866 2345 932 αὑτοῦ,
2428 874 2560 931 τίνος
2634 874 2804 923 ἔσται·
2885 872 2966 923 ἵνα
3021 873 3050 929 ἠ
3112 875 3286 944 Γραφὴ
3347 870 3463 941 (32)
3514 869 3742 943 πληρωθῇ

2165 956 2195 1013 ἠ
2255 956 2496 1027 λέγουσα·
2570 965 2932 1032 Διεμερίσαντο
3003 962 3068 1012 τὰ
3148 961 3331 1031 ἱμάτιά
3388 979 3490 1031 μου
3544 959 3743 1025 ἑαυτοῖς,

2166 1048 2255 1096 καὶ
2318 1044 2400 1098 έπὶ
2455 1050 2540 1099 τόν
2600 1049 2882 1120 ἱματισμόν
2946 1066 3045 1121 μου
3119 1047 3296 1101 ῐϐαλον
3355 1047 3565 1121 κλῆρον.
3628 1054 3748 1101 Μόνη

2167 1142 2293 1205 γοῦν
2349 1138 2414 1188 τὰ
2469 1144 2561 1189 τοῦ
2613 1144 2848 1213 Χριστοῦ
2908 1140 3091 1211 ἱμάτια
3152 1134 3536 1213 διεμερίσαντο,
3603 1142 3748 1190 καίτοι

2171 1223 2495 1301 εὐτελέστερα
2550 1236 2649 1278 τῶν
2709 1230 2925 1299 ἱματίων
2980 1237 3080 1279 τῶν
3148 1226 3351 1301 λῃστῶν
3406 1230 3549 1294 ὅντα,
3613 1229 3746 1285 irai

2170 1318 2288 1387 περὶ
2343 1316 2535 1367 τούτων
2584 1321 2873 1390 προφητεία
2926 1323 3017 1369 τοῦ
3075 1312 3243 1369 Δαυὶδ
3298 1314 3429 1389 λάϐῃ
3479 1316 3639 1377 τέλος.
3696 1318 3748 1369 Oi

2171 1405 2260 1475 μὶν
2314 1406 2416 1475 γὰρ
2464 1409 2554 1457 καὶ
2606 1403 2689 1457 έπὶ
2743 1408 2944 1467 τούτοις
2984 1405 3346 1477 χλευάζοντες,
3396 1408 3462 1466 ὡς
3511 1404 3747 1477 βασιλέως

2173 1488 2329 1551 δῆθεν
2362 1495 2563 1565 ἱμάτια,
2607 1503 2773 1547 ταῦτα
2824 1491 3197 1569 διεμερίζοντο·
3252 1496 3565 1567 ᾠκονομεῖτο
3616 1491 3668 1547 δ⁶ε
3703 1498 3749 1547 τό

2170 1581 2311 1643 τέλος
2375 1591 2471 1645 τῆς
2530 1588 2649 1657 περὶ
2712 1586 2923 1653 τούτων,
2992 1586 3062 1645 ὡς
3131 1586 3359 1658 εἴρηται,
3428 1589 3745 1658 προφητείας.

2172 1675 2271 1723 Καὶ
2323 1673 2388 1723 τὰ
2433 1674 2524 1744 μεν
2570 1674 2754 1744 ἱμάτια
2794 1669 3182 1745 διεμερίσαντο·
3239 1672 3325 1725 ἐπὶ
3356 1669 3415 1726 δὲ
3453 1677 3540 1725 τόν
3569 1681 3749 1744 χιτῶνα

2091 1771 2135 1828 Β
2168 1762 2254 1811 τὸν
2307 1759 2534 1835 οἶρῥαφον
2605 1759 2781 1814 ἔϐαλον
2839 1761 3046 1837 κλῆρον.
3106 1768 3298 1815 Τοῦτον
3351 1764 3455 1835 γὰρ
3509 1763 3749 1835 ὠνόμασεν

2170 1851 2454 1921 ἱματισμὸν
2485 1852 2514 1908 ἡ
2546 1856 2855 1926 προφητεία.

2239 1938 2399 1992 Ἀλλά
2454 1944 2594 1991 πόσα
2648 1943 2715 1992 τὰ
2777 1942 2960 2012 ἱμάτια
3015 1941 3171 2006 ἦσαν,
3241 1938 3417 2003 οὐδεὶς
3493 1950 3594 1993 τῶν
3657 1941 3751 2010 (33)

2168 2027 2545 2099 εὖαγγελιστῶν
2619 2026 2870 2088 ὶδήλωσε.
2924 2034 3010 2083 Διό
3064 2049 3192 2091 τινες
3244 2035 3388 2083 πέντε
3451 2032 3618 2083 ταῦτὰ
3675 2050 3753 2101 φα-

2170 2134 2224 2168 σι
2258 2136 2270 2149 ·
2354 2122 2589 2192 τέσσαρα
2672 2122 2761 2189 μὲν
2851 2122 2917 2171 τὰ
3000 2128 3105 2181 τοῖς
3182 2125 3445 2191 τέσσαρσι
3524 2139 3752 2193 στρατιω-

2167 2225 2281 2267 ταις
2343 2202 2763 2281 διαμερισθέντα·
2820 2213 3049 2281 πέμπτον
3130 2205 3189 2261 δ⁴ε
3259 2212 3347 2260 τόν
3427 2217 3633 2281 χιτῶνα
3680 2212 3750 2259 τὸν

2166 2294 2419 2369 ᾶρραφον.
2457 2302 2602 2348 Δοκεῖ
2633 2293 2693 2348 δὲ
2721 2294 2966 2358 ἀπίθανος
3014 2298 3040 2349 ό
3087 2296 3236 2369 λόγος
3290 2293 3389 2350 διὰ
3430 2302 3492 2349 τὸ
3542 2305 3630 2349 τοῦ
3669 2304 3752 2349 Σω-

2164 2392 2323 2458 τῆρος
2376 2384 2644 2459 ἀπέριττον
2691 2403 2704 2416 ·
2754 2383 2931 2448 οὐδεὶς
2980 2389 3081 2461 γὰρ
3136 2383 3261 2439 οὐδὲ
3315 2395 3419 2438 τῶν
3467 2386 3628 2438 ἄλλων
3678 2384 3749 2436 ἂν·

3219 2477 3609 2547 Στοχαξόμενοι
3680 2470 3750 2525 οὑν

2166 2562 2315 2615 αὐτοὶ
2369 2562 2597 2634 λέγομεν,
2656 2569 2746 2616 καὶ
2797 2567 2927 2624 ἴσως
2998 2564 3056 2618 οὑ
3120 2563 3298 2639 πόρῥω
3343 2572 3437 2616 τοῦ
3484 2570 3753 2639 προσήκον-

2168 2475 2383 2546 Θρὼπων
2451 2482 2685 2526 τοσαῦτα
2758 2473 3139 2550 περιϐάλλεται.

2164 2672 2267 2717 τος,
2322 2657 2442 2725 τρία
2480 2650 2609 2705 εἶναι
2661 2657 2726 2705 τὰ
2775 2656 2962 2706 πάντα·
3014 2652 3061 2706 ἓν
3113 2656 3202 2726 μεν
3257 2658 3343 2705 τὸν
3391 2653 3476 2706 ἐπὶ
3523 2662 3615 2707 τοῦ
3657 2660 3741 2705 σώο

2164 2761 2323 2815 ματος
2362 2751 2584 2813 χιτῶνα,
2638 2742 2770 2814 λέγω
2824 2740 2916 2808 δὴ,
2961 2751 3142 2795 τοῦτον
3189 2746 3277 2795 τόν
3332 2742 3583 2818 ἅρραφον·
3643 2739 3747 2794 δεύ-

2164 2850 2307 2905 τερον
2366 2828 2424 2884 δε
2484 2835 2543 2883 τό
2592 2830 2675 2884 ἐπὶ
2724 2834 2891 2904 τούτῳ
2937 2830 3282 2906 περιϐόλαιον·
3343 2838 3517 2906 τρίτον
3574 2828 3649 2897 δε,
3699 2833 3747 2884 τό

2165 2919 2401 2984 ἐξωτάτω
2431 2918 2710 2993 ἐπίϐλημα.

472 3116 633 3170 Hanc
679 3127 821 3167 vero
860 3110 1123 3167 tunicam
1154 3126 1186 3167 e
1213 3111 1531 3170 traditione
1569 3113 1801 3171 Patrum
1829 3115 2055 3189 accepi-

2235 3122 2427 3169 Τοῦτον
2480 3112 2539 3169 δὲ
2606 3119 2693 3169 τὸν
2752 3125 2957 3189 χιτῶνα
3020 3116 3075 3170 ἐκ
3131 3114 3475 3191 παραδόσεως
3532 3122 3753 3192 Πατέρων

400 3220 537 3261 mus
548 3218 704 3276 opus
733 3200 915 3257 fuisse
932 3201 1035 3257 Dei
1063 3201 1257 3258 Matris
1278 3220 1313 3259 a
1342 3204 1754 3276 superioribus
1779 3207 2049 3279 partibus

399 3296 761 3362 contextam,
783 3289 963 3347 veluti
988 3294 1128 3346 sunt
1151 3291 1315 3364 apud
1338 3308 1450 3349 nos
1477 3294 1688 3366 capitis
1705 3301 1806 3351 aut
1831 3296 2054 3368 pedum

398 3381 704 3456 hyemalia
732 3381 1118 3453 operimenta.
1154 3382 1319 3438 Unde
1350 3383 1667 3439 commode
1699 3384 1773 3439 de
1813 3401 1883 3441 ea
1917 3386 2052 3442 alle-

402 3472 597 3546 gorice
627 3470 975 3543 loquuntur,
1011 3470 1114 3542 qui
1150 3470 1350 3526 dicunt
1381 3471 1577 3528 solum
1610 3472 1667 3528 id
1695 3473 1861 3545 quod
1899 3490 1935 3530 a
1958 3475 2058 3530 Dei

404 3563 586 3618 Matre
643 3567 943 3631 sumptum
995 3564 1104 3615 est‘
1136 3574 1369 3632 corpus,
1412 3562 1666 3634 desuper
1714 3562 1891 3619 fuisse
1920 3579 2059 3620 con-

404 3655 631 3707 textum
662 3666 675 3704 :
704 3647 820 3704 hoc
850 3653 960 3713 est,
991 3664 1027 3703 a
1058 3648 1207 3705 caelo
1247 3654 1581 3723 coeptatam
1614 3651 1723 3708 sibi
1772 3652 2059 3709 habuisse

406 3740 763 3796 divinitatem
796 3753 808 3793 :
842 3737 933 3793 vel
960 3752 996 3793 a
1016 3738 1135 3793 Deo
1160 3738 1343 3796 fuisse
1373 3740 1434 3796 in
1464 3756 1661 3797 rerum
1682 3747 1893 3798 natura
1924 3758 2059 3814 pro-

408 3829 667 3893 ductum,
696 3831 748 3883 et
772 3842 891 3882 non
919 3842 954 3882 a
981 3827 1207 3883 semine
1230 3828 1515 3886 humano.
1552 3829 1839 3887 Eduobus
1856 3836 2055 3887 autem

407 3917 650 3991 reliquis
679 3915 1040 3973 vestimentis
1072 3923 1331 3989 quatuor
1355 3924 1556 3991 partes
1584 3918 1851 3976 fecerunt
1880 3921 2058 3978 disse-

410 4013 610 4064 cantes
633 4022 724 4063 ea.
756 4005 1063 4079 Siquidem
1094 4022 1225 4062 cum
1265 4007 1339 4063 de
1384 4008 1723 4064 inconsutili
1756 4009 1953 4066 tunica
1975 4010 2058 4066 di-

406 4098 635 4153 xissent
659 4111 672 4152 :
695 4096 783 4152 Ne
811 4094 1149 4152 scindamus
1179 4111 1330 4161 eam,
1356 4096 1862 4166 signiﬁcaverunt,
1893 4098 2057 4171 quod

406 4186 638 4259 reliqua
672 4183 985 4241 sciderant.
1027 4186 1225 4257 Neque
1264 4183 1427 4240 enim
1468 4192 1755 4259 tanquam
1798 4188 2058 4259 pretiosa

408 4276 737 4334 diviserunt
766 4290 856 4342 ea,
886 4278 949 4330 ut
977 4290 1013 4330 a
1050 4272 1340 4330 faciendis
1373 4275 1645 4346 partibus
1673 4275 2053 4346 abstinerent,

409 4383 513 4423 seu
557 4366 891 4432 illudentes,
922 4367 987 4421 ut
1042 4363 1392 4437 praedictum
1449 4369 1554 4420 est.
1599 4365 1668 4421 Et
1707 4367 1766 4422 hi
1812 4366 2057 4439 quidem

2166 3206 2463 3278 ἠκούσαμεν
2531 3208 2675 3278 ἔργον
2740 3204 2869 3259 εἶναι
2946 3214 3035 3267 τῆς
3122 3213 3472 3281 Θεομήτορος,
3542 3206 3598 3259 ἐκ
3667 3214 3752 3257 τῶν

2166 3296 2357 3347 ἄνωθεν
2418 3303 2583 3368 μερῶν
2642 3296 2882 3367 ὑφαντὸν,
2948 3298 3127 3366 ἤγουν,
3187 3295 3288 3348 ἀπὸ
3354 3304 3446 3348 τοῦ
3495 3295 3752 3371 τραχήλου

2166 3388 2255 3441 τὴν
2313 3382 2487 3457 ἀρχὴν
2550 3392 2642 3446 τῆς
2701 3385 2834 3456 ὑφῆς
2884 3383 3123 3451 λαϐόντα,
3178 3390 3266 3437 καὶ
3319 3384 3538 3437 πλεκτὸν
3595 3382 3752 3438 διόλου

2166 3474 2523 3544 τυγχάνοντα,
2571 3474 2802 3548 καθάπερ
2852 3475 2917 3525 τὰ
2964 3476 3238 3547 χειμερινὰ
3288 3476 3412 3547 παρ’
3450 3476 3579 3546 ἡμῖν
3621 3494 3752 3545 περιο

2175 3561 2359 3614 ϐόλαια
2418 3570 2517 3614 τῶν
2595 3558 2772 3614 ποδῶν
2833 3567 2919 3614 καὶ
2988 3571 3087 3614 τῶν
3140 3561 3394 3635 κεφαλῶν,
3461 3562 3618 3615 Ὀθεν
3677 3564 3752 3611 καὶ

2166 3659 2447 3724 προσφυῶς
2502 3649 2879 3723 ἀλληγοροῦσιν
2951 3650 3127 3719 αὑτὸν,
3191 3651 3421 3721 λέγοντες
3478 3653 3564 3704 ὅτι
3618 3660 3754 3723 μόνον

2166 3744 2223 3793 τὸ
2265 3740 2319 3792 ἐκ
2359 3750 2455 3803 τῆς
2502 3744 2833 3813 Θεομήτορος
2876 3738 3063 3811 ληφθὲν
3116 3748 3267 3812 σῶμα
3324 3740 3378 3791 ἐκ
3434 3749 3533 3791 τῶν
3583 3741 3755 3792 ἀνωθεν

2168 3828 2230 3888 ἦν
2277 3831 2517 3896 ὑφαντόν,
2572 3832 2861 3897 τουτέστιν,
2907 3827 2961 3879 ἔκ
3005 3836 3095 3881 τοῦ
3138 3829 3357 3903 οὐρανοῦ
3410 3826 3529 3901 εἶχε
3579 3850 3755 3899 συνυφ-

2168 3924 2395 3992 ασμένην
2452 3919 2635 3971 ἑαυτοῦ
2710 3922 2803 3977 τὴν
2879 3920 3118 3985 θεότητα,
3163 3919 3193 3977 ἦ
3249 3916 3305 3969 ἐκ
3371 3928 3462 3970 τοῦ
3536 3924 3661 3973 Θεοῦ
3705 3918 3757 3975 ἦν

2168 4011 2419 4079 ὑφεστὼς,
2454 4012 2543 4059 καὶ
2592 4008 2684 4059 οὑκ
2729 4008 2785 4059 έκ
2827 4011 3122 4079 σπέρματος
3162 4004 3504 4079 ἀνθρωπίνου.
3559 4011 3635 4061 Τὰ
3676 4002 3759 4058 δὺο

2170 4096 2227 4151 δι
2294 4100 2476 4170 ἱμάτια
2546 4100 2780 4168 τέσσαρα
2856 4099 2985 4169 μέρη
3054 4102 3399 4163 πεποιήκασι,
3485 4102 3761 4169 σχίσαντες

2169 4188 2318 4242 αὐτοὶ.
2370 4191 2468 4240 Καὶ
2505 4188 2606 4259 γὰρ
2653 4185 2768 4255 (34)
2816 4184 3041 4245 εἰπόντες
3096 4191 3213 4256 περὶ
3254 4193 3344 4237 τοῦ
3399 4184 3635 4259 ἁρροὲφου
3681 4204 3763 4255 χι-

2168 4286 2321 4337 τῶνος
2382 4278 2460 4328 ὅτι
2528 4281 2612 4333 Μὴ
2669 4279 2939 4346 σχίσωμεν
2997 4276 3172 4341 αὑτόν,
3228 4271 3519 4340 ἐδήλωσαν,
3577 4278 3655 4327 ὅτι
3708 4275 3763 4324 τὰ

2169 4366 2298 4418 ἄλλα
2342 4369 2587 4437 ἓσχισαν.
2624 4361 2764 4417 Οὔδε
2806 4366 2907 4434 γὰρ
2948 4366 3016 4425 ὡς
3048 4362 3300 4421 πολυτελῆ
3334 4373 3503 4416 ταῦτα
3550 4362 3765 4437 διεμερί-

405 4454 803 4526 ignominioso
850 4469 987 4528 quas
1036 4452 1295 4526 pretiosa
1325 4458 1493 4510 erant
1548 4453 1918 4516 diviserunt:
1952 4473 2057 4530 per

2172 4474 2348 4524 σαντο,
2382 4456 2464 4506 ἵνα
2518 4460 2607 4505 καὶ
2646 4449 2925 4524 φείδωνται
2966 4460 3065 4503 τῶν
3117 4448 3366 4526 μερίδων,
3406 4451 3538 4504 ἀλλὰ
3585 4452 3766 4524 χλενεὲ-

411 4562 547 4619 qua:
572 4545 712 4601 talia
740 4544 897 4600 facta
927 4549 1063 4601 sunt
1095 4542 1403 4610 miracula,
1436 4543 1543 4601 sed
1572 4549 1706 4601 tunc
1743 4546 1925 4603 virtus
1955 4562 2057 4603 eo-

2172 4546 2356 4609 ζοντες,
2415 4545 2485 4605 ως
2543 4547 2868 4616 προείρηται.
2944 4544 3042 4593 Καὶ
3098 4540 3241 4593 οὗτοι
3312 4544 3404 4613 μεν
3458 4540 3657 4613 ἀτίμως
3708 4542 3768 4591 τὰ

411 4650 548 4691 rum
577 4632 968 4691 detinebatur.

2170 4639 2323 4709 τίμια
2372 4630 2747 4708 διεμερίζοντο,
2806 4628 2877 4683 δι’
2930 4630 2997 4681 ὧν
3049 4628 3343 4687 τηλικαῦτα
3395 4632 3647 4705 θαύματα
3698 4649 3769 4700 γε·

2169 4730 2384 4797 γόνασιν
2416 4740 2429 4754 ·
2458 4724 2489 4781 ἠ
2533 4719 2591 4775 δε
2619 4724 2810 4773 τούτων
2841 4716 3060 4792 δύναμις
3090 4717 3349 4791 ἐπείχετο.

489 4848 532 4884 ⁸⁷
573 4847 742 4906 Joan.
774 4861 897 4915 nx,
927 4845 1019 4918 23,
1060 4846 1148 4903 24.

1642 4973 1863 5043 Variae
1888 4974 2217 5044 lectiones
2258 4983 2326 5043 et
2347 4981 2550 5043 notas.

486 5118 598 5191 (32)
632 5116 749 5174 Soli
779 5131 921 5191 ergo
974 5116 1190 5191 Joanni
1242 5117 1370 5191 haec
1424 5117 1626 5191 tribuit
1668 5116 2062 5191 _Eut_hymiu's.
2175 5117 2499 5191 hacdere,
2538 5120 2642 5173 aut
2679 5113 2834 5171 ullus
2864 5112 3017 5170 alius
3049 5110 3443 5183 evangelista,
3476 5112 3776 5170 memorie

486 5131 598 5191 (32)
632 5131 921 5244 δοιιθτῗο
974 5131 1190 5175 Joanni
1242 5131 1370 5175 meo
1424 5131 1626 5174 tribuit
1689 5131 2062 5189 tsutnymnus.
2175 5131 2290 5176 hac
2318 5131 2393 5175 de
2418 5134 2457 5173 ει

410 5192 586 5247 Recte
633 5203 775 5259 ergo
828 5188 928 5247 ila
970 5190 1136 5262 apud
1192 5190 1532 5247 Matthmum
1589 5188 1846 5245 delenda
1904 5194 2063 5255 sunt,
2174 5189 2457 5263 prodidit:

410 5277 566 5319 vers.
596 5266 687 5319 35.
1011 5259 1029 5262 ⁷

2175 5259 2193 5263 ⁷
2244 5262 2358 5319 (34)
2390 5259 2568 5315 Εἶπον.
2599 5260 2665 5314 Α.

483 5266 844 5409 ῐέέ)3ἕλλλων,
875 5330 1063 5390 addit.
1096 5333 1162 5389 B.
1216 5332 1379 5388 Male.
1412 5332 1528 5389 Nec
1565 5333 1723 5390 enim
1751 5332 2057 5389 Matthaaus

2267 5263 2335 5317 34
2390 5263 2568 5315 Εἶπον.
2599 5263 2665 5314 Α.

2241 5263 2361 5405 ἱ35ζ
2402 5334 2739 5407 Ἀποροῦσιν.
2780 5329 2844 5384 Α,

480 5550 611 5620 (xx)
640 5549 727 5606 Eo
756 5546 916 5621 quod
954 5545 1228 5602 indecens
1280 5544 1580 5621 salvatori
1628 5548 1855 5617 fuisset.
1878 5545 2055 5621 Quod

410 5615 686 5679 Servator
715 5615 922 5694 paucis
948 5622 1260 5694 contentus
1299 5615 1561 5694 fuit._Aut
1585 5615 1832 5694 propter
1851 5619 2059 5694 frugg-

413 5695 662 5763 titatem,
688 5689 939 5766 propter
956 5689 1389 5765 simplicitatem
1419 5691 1765 5748 Samtoris.
1796 5692 1962 5748 Forte
1992 5690 2055 5747 in

2166 5544 2609 5622 siglam‘incidit
2629 5540 2951 5622 Hentenius
2969 5553 3042 5622 ac
3064 5537 3320 5609 conjecit
3338 5537 3588 5622 ἆπρεπὶς,
3616 5538 3773 5616 quod

2164 5622 2359 5674 tamen
2390 5616 2533 5674 huic
2559 5616 2983 5673 constructioni
3020 5625 3142 5668 non
3172 5616 3467 5669 convenit.
