3904 6210
149 312 234 368 729

1037 305 1405 363 COMMENT.
1451 303 1518 360 IN
1557 301 2000 360 MATTHAEUM.
2047 335 2111 344 —
2151 303 2305 360 CAP.
2349 305 2573 363 XXVII.

3329 306 3434 364 730

147 436 196 490 ’0
262 437 483 506 γέγραφα,
575 433 829 505 γέγραφα,
913 436 1202 497 τουτέστιν,
1295 430 1405 482 Οὐκ
1491 428 1675 481 ἁλλοιῶ

1851 435 1979 486 ηοω
2009 430 2257 487 omnino
2307 432 2748 504 providentiam
2776 433 2972 490 titulus
3026 447 3208 506 super
3238 432 3433 490 solam

146 529 190 576 τὸ
234 526 414 596 γραφέν.
464 523 604 574 Κατὰ
656 523 795 574 θείαν
851 518 910 574 δε
960 524 1165 581 πάντως
1211 524 1452 594 πρόνοιαν
1506 520 1531 570 6
1590 523 1673 570 τί·

144 614 233 675 τὶος
272 612 453 669 ἐπετέθη
507 615 645 683 μόνῳ
703 619 775 681 τῷ
831 619 1040 686 σταυρῷ
1104 617 1196 662 τοῦ
1253 616 1509 682 Χριστοῦ.
1563 615 1673 660 Τῶν

143 711 266 778 τριῶν
309 705 398 774 γὰρ
440 701 545 773 ἅμα
592 704 709 752 τότε
753 702 1221 773 καταχωσθέντων,
1276 703 1490 771 χρόνοις
1526 697 1675 749 ὕστεο

142 793 258 867 ρονὸ
297 793 585 852 Δεσποτικός
613 788 979 857 ἀναζητηθεὶς,
1014 787 1114 842 ἀπὸ
1156 795 1250 841 τοῦ
1278 787 1453 841 τίτλον
1484 786 1674 860 μᾶλλον

142 884 280 951 γέγονε
303 885 559 954 γνώριμος.

195 973 298 1021 Τότε
343 999 401 1008 --
443 968 733 1041 εὐωνύμων.
786 972 888 1022 Καὶ
931 974 1084 1020 τοῦτο
1117 975 1212 1028 τῆς
1253 975 1350 1020 τῶν
1405 963 1674 1020 Ἰουδαίων

144 1055 190 1114 ἧν
228 1053 444 1123 σπουδῆς,
495 1059 597 1124 ἱνα,
653 1057 813 1130 μέσον
861 1066 961 1110 τῶν
1002 1060 1307 1130 κακούργων
1341 1059 1670 1129 κρεμάμενος,

147 1153 372 1220 κακοῦργος
417 1151 502 1199 καὶ
548 1147 699 1208 αὐτὸς
748 1145 904 1215 δοκῆ,
960 1152 1049 1200 καὶ
1096 1145 1178 1199 ἳνα
1225 1149 1256 1204 ἡ
1307 1150 1549 1198 κοινωνία
1584 1152 1675 1205 τῆς

150 1240 339 1307 τιμωρίας
392 1240 628 1288 κοινωνὸν
685 1235 840 1288 αὐτὸν
896 1234 1224 1311 ἁνακηρύττῃ
1280 1240 1370 1287 καὶ
1429 1243 1524 1296 τῆς
1584 1253 1676 1285 κα-

151 1330 355 1398 magis;
390 1327 480 1377 Διά
525 1333 680 1378 τοῦτο
709 1328 810 1398 γὰρ
857 1331 948 1378 καὶ
999 1323 1238 1398 δημοσίᾳ
1275 1332 1455 1378 τοῦτον
1486 1323 1673 1377 ἐσταύ-

139 1432 291 1486 ρωσαν,
334 1417 524 1466 πάντων
581 1416 830 1490 ὁρώντων·
890 1420 1020 1488 φησί
1071 1417 1172 1489 γὰρ
1229 1416 1254 1466 6
1309 1421 1535 1480 Λουκᾶς,
1594 1415 1675 1465 ὅτι

137 1507 206 1553 καὶ
250 1504 448 1560 εἱστήκει
506 1505 533 1555 ὁ
599 1503 723 1566 λαός
781 1507 1003 1578 θεωρῶν·
1054 1510 1144 1557 καὶ
1199 1509 1360 1579 χερσὶ
1421 1523 1673 1579 στρατιω-

135 1598 267 1651 τικαῖς
356 1592 500 1645 αὐτὸν
606 1595 973 1666 σταυρωθῆναι
1071 1597 1489 1669 παρεσκεύασαν,
1584 1598 1674 1646 καὶ

133 1681 266 1731 πάντα
337 1687 699 1752 πεποιήκασιν,
769 1686 850 1734 ἱνα
925 1687 1260 1755 καταχέωσιν
1314 1682 1475 1735 αὐτοῦ
1531 1685 1676 1758 παρὰ

131 1774 233 1818 πᾶσι
270 1775 476 1843 πονηρὰν
526 1771 807 1843 ὑπόληψιν.
857 1771 1176 1847 Ἐπληροῦτο
1225 1769 1284 1824 δι
1332 1771 1598 1824 κάνταῦθα
1639 1774 1670 1830 ἡ

126 1865 197 1908 τοῦ
242 1857 437 1912 Ἠσαίου
494 1861 610 1930 (44)
666 1866 952 1937 προφητεία
1009 1863 1040 1920 ἡ
1087 1861 1332 1934 λέγουσαο
1390 1867 1491 1915 Καὶ
1545 1864 1676 1934 μετὰ

127 1944 290 2016 ἀνόμων
316 1948 549 2020 ελογίσθη
562 1993 575 2005 .

181 2040 262 2088 Καὶ
303 2039 348 2089 οἱ
393 2041 480 2110 μὲν
533 2035 634 2090 δύο
678 2038 872 2112 λῃσταὶ
917 2042 1038 2102 τοὺς
1071 2037 1169 2093 δύο
1216 2039 1368 2101 λαούς
1411 2041 1674 2114 ᾐνίττοντο

123 2127 189 2173 τὸν
239 2144 285 2177 τε
331 2126 570 2197 παλαιὸν,
620 2134 710 2180 καὶ
759 2132 846 2180 τὸν
889 2133 1022 2186 νέον,
1083 2131 1288 2182 Τούτων
1339 2133 1440 2202 γὰρ
1508 2131 1534 2181 ὁ
1585 2132 1675 2202 μέν

122 2209 399 2286 βλισφημῶν
445 2216 604 2268 αὑτὸν
656 2214 918 2270 ἀπέθανεν·
955 2219 980 2270 6
1021 2215 1080 2270 δὲ
1118 2223 1248 2292 πρὸς
1297 2228 1368 2290 τῷ
1398 2218 1528 2271 τέλει
1558 2225 1677 2271 τοῦ·

120 2319 186 2351 τον
240 2301 414 2374 ἐπέγνω
467 2310 620 2359 Θεὸν.
675 2306 838 2368 Αὐτὸς
893 2303 950 2358 δὲ
1005 2311 1159 2379 μέσος
1226 2308 1521 2381 ἐκρεμάσθη
1576 2316 1675 2360 τῶν

119 2384 197 2441 δύο
233 2395 427 2458 τούτων,
477 2397 550 2456 ὡς
589 2399 747 2467 μέσος
787 2400 1049 2468 γενόμενος
1092 2405 1188 2458 τῆς
1230 2416 1283 2450 τε
1324 2397 1550 2458 Παλαιᾶς
1587 2403 1676 2450 καὶ

118 2486 192 2540 τῆς
216 2485 334 2544 Νέας
363 2485 596 2543 Διαθήκη
609 2505 648 2546 ς.

171 2690 305 2757 οἱδὶ
351 2726 416 2736 -
464 2705 720 2772 σταυροῦ.
774 2701 841 2751 Οἱ
888 2704 1367 2773 παραπορευόμενοι
1408 2705 1500 2759 τὴν
1548 2697 1672 2754 ὁδὸν

114 2778 276 2841 ἐκείνην
337 2782 610 2840 Ἰουδαῖοι.
682 2789 896 2862 Μάρκος
959 2784 1019 2841 δέ
1090 2808 1246 2861 φησιν
1325 2791 1406 2842 ὅτι
1479 2790 1667 2862 ἔλεγον·
1705 2821 1746 2876 C

113 2870 204 2922 0ὐά
246 2874 268 2924 ὁ
314 2874 583 2927 καταλύων
626 2879 712 2928 τὸν
763 2881 902 2942 ναὸν,
945 2883 1034 2930 καὶ
1085 2881 1152 2930 τὰ
1204 2878 1342 2942 ἑξῆς.
1399 2877 1551 2933 Ἐστι
1611 2876 1670 2933 δὲ

112 2962 155 3008 τὸ
212 2962 314 3029 ούὰ,
387 2965 743 3036 χλευαστικόν
815 2964 1079 3042 ἐπίρρημα
1142 2973 1232 3020 καὶ
1309 2967 1666 3042 ἐμπαικτικὸν.

109 3047 280 3120 Ἔλεγον
354 3050 412 3108 δι
484 3059 567 3107 τὰς
622 3063 861 3124 τοιαῦτα,
934 3053 1307 3130 κωμῳδοῦντες
1381 3058 1535 3111 αὐτὸν
1602 3063 1671 3120 ὡς

108 3133 323 3203 ψεύστην,

161 3225 356 3299 Ὁμοίως
396 3263 465 3273 -
509 3234 706 3288 σῶσαι.
757 3237 826 3286 Τό
871 3239 1105 3307 Ὁμοίως,
1149 3232 1242 3289 διὰ
1285 3241 1377 3296 τὴν
1432 3235 1668 3310 βλασφη-

109 3319 206 3382 μίαν
250 3319 460 3393 εἴρηται.
526 3327 624 3376 Καὶ
679 3322 827 3376 αύτοὶ
893 3326 995 3398 γὰρ
1057 3326 1244 3396 ὁμοίως
1305 3324 1669 3400 ἐϐλασφήμουν

107 3402 249 3469 αὐτὸν,
279 3409 318 3462 εἰ
345 3417 431 3464 καὶ
461 3411 510 3464 ἐν
546 3411 732 3488 ἑτέροις
757 3414 983 3487 ῥήμασι.
1011 3417 1080 3467 Τὸ
1115 3410 1174 3468 δε
1203 3415 1422 3477 Ἀλλους
1454 3419 1666 3488 ἔσωσεν,

109 3490 240 3559 εἷπον,
279 3495 640 3562 διαϐάλλοντες
682 3505 775 3563 τὰς
821 3504 1246 3577 θαυματουργίας
1281 3505 1462 3572 αὐτοῦ,
1514 3507 1581 3568 ὡς
1621 3505 1668 3559 έν

107 3591 284 3658 γοητείᾳ
307 3595 601 3662 γενομένας.

160 3795 211 3848 Εἰ
252 3829 314 3842 —
359 3799 435 3854 ἐπ’
485 3803 651 3873 αὐτῷ.
698 3810 864 3857 Τοῦτο
912 3805 1052 3857 εἷπον
1101 3802 1196 3858 διὰ
1245 3811 1338 3865 τὴν
1377 3806 1667 3884 έπιγραφὴν

105 3892 177 3933 τοῦ
213 3887 391 3945 τίτλον.
447 3896 538 3950 Μὴ
591 3889 897 3954 δυνηθέντες
943 3896 1044 3968 γὰρ
1098 3895 1260 3954 αὐτὴν
1323 3899 1664 3974 μετατρέψαι,

103 3983 340 4046 πειρῶνται
401 3977 581 4050 ψευδῆ
651 3983 846 4039 ταύτην
904 3980 1200 4054 ἁπελέγξαι,
1258 3981 1352 4038 διὰ
1415 3995 1506 4040 τοῦ
1574 3990 1666 4050 ξη-

101 4068 184 4112 τεῖν
231 4063 378 4123 δῆθεν
441 4066 704 4126 ἀδύνατα.
761 4075 862 4123 Καὶ
917 4071 1108 4130 κατέϐη
1168 4073 1250 4138 ἂν,
1313 4075 1356 4128 εἰ
1409 4081 1668 4131 πιστεύειν

101 4149 291 4220 ἔμελλον.

158 4247 379 4298 Πέποιθεν
435 4279 507 4289 --
570 4250 710 4310 Υἱός.
761 4255 828 4302 Ὀ
898 4259 1108 4324 προεῖπε
1160 4250 1327 4306 Δαυῖδ
1392 4254 1446 4307 ἐκ
1506 4277 1666 4332 προσ-

98 4334 215 4380 ώπου
249 4333 426 4406 αὐτῶν,
474 4342 568 4388 νῦν
612 4337 760 4390 αὐτοὶ
804 4338 917 4410 (4⁸7)
961 4347 1112 4392 τοῦτο
1154 4341 1414 4411 λέγουσιν,
1459 4347 1665 4417 ἄγοντες

99 4435 155 4476 εις
194 4425 335 4494 πέρας
380 4430 476 4483 τὴν
528 4429 778 4484 τοιαύτην
819 4435 1157 4501 προφητείαν.
1205 4436 1501 4506 Γέγραπται
1539 4440 1662 4511 γάρ·

117 4513 312 4563 Himera
405 4514 494 4567 έπὶ
608 4519 815 4590 Κύριον,
909 4519 1164 4592 ῥυσάσθω
1264 4522 1440 4583 αὐτὸν,
1539 4527 1665 4596 [σω-

535 4605 616 4656 ὃτι
677 4605 806 4658 θέλει
878 4607 1080 4678 αὖτόν.]
1156 4610 1356 4682 Ἔλεγον
1409 4613 1496 4665 οὖν
1549 4614 1664 4668 έπε-

97 4698 442 4759 ιερτομοῦντεςο
492 4695 745 4747 Πέποιθεν
792 4693 876 4748 ἐπὶ
922 4701 1008 4749 τὸν
1039 4703 1186 4765 Θεὸν,
1229 4703 1298 4762 ὡς
1333 4704 1445 4764 Υἱὸς
1483 4704 1662 4771 αὐτοῦ,

96 4777 281 4836 σωθῆτε-ι
321 4782 443 4856 παρ’
500 4782 684 4838 αὑτοῦ.
738 4790 902 4838 Τοῦτο
960 4782 1018 4839 δε
1069 4786 1262 4859 ελεγον,
1311 4789 1415 4862 οὐχ
1463 4795 1527 4854 ὡς
1574 4802 1665 4847 τοῦ

96 4869 203 4916 Θεοῦ
237 4873 304 4939 μὴ
360 4867 657 4945 δυναμένου
710 4873 980 4947 ῥύσασθαι
1032 4875 1207 4929 αὐτόν’
1256 4877 1360 4931 ἀλλ’
1401 4882 1468 4942 ὡς
1507 4882 1665 4936 αὐτοῦ

1702 4141 1746 4194 Ι)

99 4601 216 4649 enim
279 4601 452 4670 αὐτὸν,

149 5010 189 5045 ⁵²
211 5011 341 5069 Luc.
373 5031 544 5082 χχιιι,
576 5016 667 5072 35.
746 5017 794 5054 ⁵³
841 5017 954 5075 lsa.
989 5035 1104 5090 Lm,
1133 5021 1220 5077 12.

1299 5023 1347 5059 ⁵⁴
1377 5027 1550 5082 Marc.
1585 5043 1682 5095 xv,
1715 5032 1804 5085 29.

1786 518 1996 575 Christi
2020 536 2252 577 crucem
2295 523 2527 594 positus
2560 529 2668 579 est.
2700 525 2844 580 Cum
2894 524 3054 579 enim
3082 529 3196 579 tres
3227 538 3432 579 cruces

1785 607 1961 664 simul
1992 613 2144 665 terra
2195 617 2336 667 tunc
2365 613 2772 680 obruerentur,
2824 613 3022 669 multis
3069 612 3431 684 temporibus

1784 697 2065 769 requisita
2094 701 2476 771 postmodum
2524 702 2752 758 Domini
2794 718 2955 772 crux,
2990 719 3025 760 a
3056 701 3220 758 titulo
3253 701 3433 773 potis-

1785 786 2004 842 simum
2034 787 2139 845 fuit
2180 791 2433 860 cognita.

1855 1000 2014 1055 Vers.
2072 1001 2157 1056 38.
2199 1003 2360 1060 Tunc
2407 1035 2477 1045 —
2514 1003 2786 1060 sinistris.
2837 1006 2900 1059 Et
2928 1009 3043 1060 hoc
3088 1004 3433 1060 Judaaorum

1785 1105 1969 1162 opera
1999 1090 2222 1147 factum
2262 1097 2368 1157 est,
2418 1097 2480 1150 ut
2508 1094 2568 1149 in
2601 1092 2794 1149 medio
2832 1094 3091 1150 duorum
3132 1092 3436 1148 maleﬁco-

1783 1194 1917 1234 rum
1946 1180 2230 1250 pendens,
2265 1186 2319 1237 et
2343 1181 2470 1254 ipse
2529 1183 2836 1238 maleﬁcus
2865 1186 3166 1254 putaretur
3203 1198 3216 1237 :
3252 1184 3436 1252 utque

1785 1269 2161 1340 participatio
2174 1271 2444 1342 supplicii
2460 1272 2808 1344 participem
2821 1287 3055 1344 quoque
3075 1287 3209 1325 eum
3226 1269 3437 1342 praedi-

1785 1363 1944 1413 caret
1991 1359 2293 1418 maleﬁcii.
2331 1361 2413 1416 Ob
2460 1361 2574 1415 hoc
2601 1361 2893 1432 siquidem
2926 1376 3064 1415 eum
3096 1360 3322 1414 cunctis
3353 1360 3437 1414 vi-

1784 1446 2068 1503 dentibus
2091 1449 2328 1520 publice
2353 1448 2794 1505 crucifixcrunt.
2829 1449 2972 1504 Dicit
2991 1454 3190 1504 autem
3221 1448 3298 1519 (ο)
3326 1448 3436 1503 Lu-

1783 1551 1886 1591 cas
1927 1537 2084 1609 quod
2127 1542 2305 1594 staret
2334 1538 2594 1610 populus
2627 1544 2922 1610 spectans,
2960 1543 3140 1609 utque
3176 1537 3250 1608 (c)
3285 1536 3435 1592 mili-

1785 1629 1910 1681 tum
1939 1627 2220 1683 manibus
2246 1628 2682 1698 cruciﬁgeretur
2715 1628 2997 1683 laborans
3030 1628 3133 1699 (εἰ),
3158 1633 3215 1682 et
3234 1625 3433 1682 modis

1708 1732 1752 1787 Β
1782 1715 2067 1772 omnibus
2095 1715 2319 1772 faciens
2347 1717 2440 1789 (e).
2479 1721 2541 1771 ut
2581 1733 2763 1788 prava
2805 1716 2880 1772 de
2911 1733 2980 1772 eo
3034 1716 3236 1788 opinio
3268 1715 3432 1786 apud

1783 1821 1994 1860 omnes
2024 1805 2453 1861 diffunderetur
2501 1807 2570 1863 ⁵³.
2612 1805 2914 1877 Completa
2940 1820 3183 1878 quoque
3227 1810 3313 1860 est
3336 1802 3432 1859 hic

1784 1893 1952 1950 Isaias
1979 1895 2280 1967 prophetia
2326 1911 2461 1967 quae
2508 1895 2649 1951 dicit
2681 1895 2790 1950 :E’t
2839 1911 2966 1950 cum
2997 1893 3207 1964 iniquis
3258 1892 3433 1965 depu-

1784 1989 1944 2042 tatus
1975 1989 2079 2040 est.
2121 1985 2188 2039 ⁵³.

1857 2076 1984 2129 Duo
2003 2089 2144 2128 vero
2168 2072 2424 2128 latrones
2444 2072 2596 2129 duos
2614 2073 2870 2145 populos
2891 2069 3260 2142 aenigmatice
3284 2070 3434 2140 ﬁgu-

1783 2167 2009 2227 rarunt,
2032 2168 2285 2218 veterem
2305 2162 2528 2217 scilicet
2550 2177 2619 2217 ac
2636 2177 2877 2218 novum.
2895 2165 3116 2216 Horum
3135 2160 3432 2232 siquidem

1783 2251 1879 2307 ille
1910 2251 2296 2323 blasphemiis
2328 2267 2466 2306 eum
2512 2256 2800 2323 appetens
2854 2255 3124 2306 mortuus
3154 2255 3239 2305 est
3274 2271 3285 2314 ;
3337 2249 3432 2305 hic

1782 2344 1983 2397 autem
2016 2341 2203 2396 Deum
2234 2341 2294 2396 in
2343 2341 2461 2396 fine
2495 2340 2734 2396 tandem
2763 2338 2923 2394 hunc
2964 2338 3212 2409 agnovit
3260 2357 3273 2404 ;
3307 2338 3433 2410 ipse

1783 2445 1919 2484 vero
1959 2429 2192 2485 medius
2244 2430 2395 2486 inter
2423 2430 2534 2486 hos
2590 2427 2890 2500 pependit,
2945 2433 3148 2499 utpote
3199 2427 3432 2483 medius

1781 2518 2026 2576 effectus
2055 2519 2384 2575 interVetus
2413 2522 2759 2590 Novumque
2786 2520 3242 2574 Testamentum-

1851 2736 2016 2793 Vers.
2049 2739 2136 2792 39.
2199 2734 2313 2802 Qui
2349 2741 2544 2792 autem
2596 2765 2661 2774 —
2719 2735 2877 2788 Vers.
2923 2733 3008 2787 40.
3067 2746 3259 2788 cruce.
3318 2731 3428 2798 Qui

1781 2825 2179 2898 praeteribant,
2215 2829 2355 2896 puta
2383 2825 2482 2882 illa
2530 2823 2624 2879 via
2654 2822 2867 2879 Judaei.
2900 2821 3132 2876 Marcus
3175 2835 3310 2876 vero
3350 2820 3433 2877 ait

1777 2914 1944 2987 quod
1967 2913 2275 2970 dicebant:
2301 2913 2430 2970 Vah
2451 2915 2556 2986 qui
2577 2912 2856 2970 destruis.
2885 2912 2954 2976 δι,
2987 2915 3096 2966 etc.
3123 2913 3430 2966 Estautem

1778 3003 1877 3056 6υά
1894 3005 2187 3060 irridentis
2213 3019 2284 3061 ac
2310 3003 2730 3060 subsannantis
2755 2999 3111 3059 adverbium
3136 2999 3320 3071 (quod
3350 3000 3432 3055 in-

1780 3094 1909 3150 Vah
1940 3093 2266 3165 vertimus).
2324 3093 2458 3148 Haec
2487 3099 2688 3149 autem
2736 3091 2789 3148 ei
2819 3091 2996 3164 quasi
3025 3089 3300 3146 mendaci
3346 3088 3433 3145 di-

1779 3182 1996 3240 cebant
2028 3181 2439 3254 suggillantes.

1851 3273 2010 3327 Vers.
2041 3273 2128 3326 41.
2163 3271 2445 3328 Similiter
2498 3300 2570 3315 —
2625 3271 2767 3326 Vers
2819 3270 2908 3325 42.
2941 3267 3183 3324 Salvum
3228 3267 3434 3336 facere

1782 3361 2075 3428 Similiter,
2111 3365 2352 3433 propter
2395 3360 2837 3432 blasphemiam
2888 3359 3046 3414 dicit.
3080 3359 3229 3414 Nam
3286 3361 3341 3412 et
3368 3355 3431 3412 hi

1779 3449 2419 3524 quoqueblasphemiis
2443 3465 2578 3505 eum
2600 3447 2987 3522 appetebant,
3016 3446 3121 3502 etsi
3149 3445 3276 3502 aliis
3302 3461 3430 3502 ver-

1776 3542 1890 3598 bis.
1947 3541 2226 3596 Dixerunt
2281 3544 2501 3596 autem:
2533 3539 2694 3596 Alios
2723 3539 2912 3596 salvos
2937 3538 3105 3608 fecit,
3139 3533 3433 3592 miracula

1777 3632 1906 3703 ejus
1931 3630 2384 3700 calumniantes,
2438 3633 2726 3702 tanquam
2780 3626 3094 3700 praestigiis
3123 3624 3282 3682 facta
3310 3625 3433 3680 fue-

1777 3721 1913 3778 rint.

1845 3811 2012 3867 Vers.
2048 3813 2136 3865 42.
2175 3808 2244 3865 Si
2283 3838 2350 3848 —
2379 3809 2443 3864 in
2499 3822 2647 3864 eum.
2708 3809 2828 3863 Hoc
2859 3804 3132 3862 dicebant
3191 3805 3432 3876 propter

1777 3899 1926 3956 tituli
1978 3899 2447 3971 inscriptionem.
2515 3899 2662 3953 Cum
2725 3897 2886 3953 enim
2939 3911 3056 3952 non
3131 3893 3434 3966 potuerint

1777 4004 1913 4045 eam
1953 3989 2312 4054 subvertere,
2344 3986 2558 4043 falsam
2617 3987 2888 4043 nituntur
2937 3985 3101 4040 illam
3157 3997 3428 4054 arguere,

1776 4093 1847 4134 eo
1876 4077 2041 4150 quod
2092 4077 2206 4134 sibi
2260 4075 2676 4149 impossibillia
2729 4074 3070 4149 quaesierit"
3123 4075 3190 4128 Et
3229 4073 3430 4145 utique

1776 4166 2192 4231 descendisset,
2226 4167 2272 4221 si
2294 4165 2408 4236 ipsi
2437 4165 2708 4221 credituri
2737 4164 3000 4220 fuissent.

1850 4258 2006 4312 Vers.
2036 4259 2124 4311 43.
2158 4255 2403 4326 Conﬁdit
2445 4284 2501 4294 —
2524 4254 2707 4322 ﬁlius.
2738 4252 2908 4319 Quod
2943 4250 3211 4322 praedixit
3239 4250 3429 4306 David

1775 4346 1834 4402 in
1868 4360 2126 4419 persona
2173 4359 2381 4399 eorum
2417 4343 2550 4409 hoc,
2583 4340 2690 4413 ipsi
2743 4355 2906 4395 nunc
2953 4339 3175 4403 dicunt,
3223 4337 3428 4408 hujus-

1777 4435 1942 4492 modi
1965 4433 2342 4506 prophetiam
2369 4432 2447 4488 ad
2472 4430 2653 4486 ﬁnem
2687 4428 3078 4502 perducentes
3101 4444 3114 4494 ;
3141 4428 3427 4500 scriptum

1775 4529 1864 4582 est
1891 4523 2049 4580 enim
2085 4541 2097 4579 :
2129 4523 2399 4592 Speravit
2431 4523 2493 4576 in
2524 4519 2848 4581 Dominum.
2880 4518 3100 4586 eripiat
3130 4532 3280 4584 eum,
3313 4518 3428 4574 sat-

1774 4630 1913 4672 vum
1941 4614 2122 4686 faciat
2162 4628 2312 4678 eum,
2365 4610 2644 4684 quoniam
2678 4610 2806 4665 vutt
2854 4623 2986 4664 cum
3043 4608 3112 4664 ⁵⁵.
3150 4606 3430 4664 Dicebant

1775 4719 1918 4774 ergo
1940 4703 2196 4760 convitia
2219 4697 2804 4772 jactanteszconiidit
2823 4698 2878 4754 in
2909 4699 3116 4766 Deum,
3137 4702 3426 4770 tanquam

1777 4793 1950 4851 Filius
1980 4793 2131 4866 ejus,
2174 4797 2433 4848 servetur
2463 4788 2536 4846 ab
2567 4804 2658 4845 eo.
2693 4788 2816 4845 Hoc
2872 4793 3071 4845 autem
3125 4787 3424 4856 dicebant,

1776 4899 1896 4940 non
1919 4882 2085 4956 quod
2119 4885 2269 4938 Deus
2298 4896 2435 4938 eum
2468 4893 2705 4936 servare
2726 4894 2848 4935 non
2873 4883 3092 4951 posset,
3127 4878 3230 4936 sed
3261 4880 3429 4950 quod

1882 5029 1929 5066 ⁸⁸
1955 5026 2099 5084 Psal-
2134 5042 2252 5092 xxx,
2279 5025 2334 5080 9.

1424 5150 1647 5221 Variae
1693 5152 2048 5222 lectiones.

169 5278 251 5348 44)
277 5277 333 5332 '0
363 5280 541 5338 abest
578 5287 634 5338 Β.

168 5350 248 5422 45)
271 5349 327 5405 Ἡ
356 5359 450 5406 τοῦ
469 5353 714 5420 Ἡσαΐου,
743 5353 958 5414 absunt
987 5367 1052 5414 Α.

143 5522 212 5615 (ιζ)
243 5525 422 5615 ρίου.
459 5531 658 5615 Malim
702 5531 879 5589 etiam
920 5539 1058 5592 ante
1087 5537 1236 5594 dicit
1267 5542 1324 5594 et
1352 5546 1487 5613 post
1515 5559 1662 5615 spee-

88 5599 201 5676 tans
224 5601 341 5676 duo
362 5608 592 5674 puncta
621 5618 862 5676 ponere.

145 5666 210 5740 (ε)
229 5668 341 5729 Pro
362 5666 572 5747 atque,
606 5666 816 5733 malim
848 5682 903 5734 et
933 5681 1018 5734 ut.

1831 5295 1958 5358 ,(46)
1989 5301 2153 5349 Τοῦτο
2182 5300 2271 5345 νῦν
2301 5292 2468 5346 αὐτοί.
2510 5298 2571 5347 Δ.

1868 5295 1936 5352 46
1989 5301 2153 5349 Τοῦτο
2182 5300 2271 5345 νῦν
2301 5295 2468 5346 αὐτοί.
2510 5298 2571 5347 Δ.

1842 5295 1958 5440 ἶ47ζ
1986 5367 2217 5423 inclusa
2251 5363 2486 5421 desunt.
2540 5364 2607 5418 A.

1843 5543 1925 5616 (ά)
1962 5542 2285 5616 Laborans.
2313 5541 2715 5616 _I_.abo_rarunt.

1837 5607 1917 5690 (ἐ)
1943 5615 2134 5672 Modis
2159 5613 2432 5671 omnibus
2457 5613 2708 5685 faciens.
2755 5611 2968 5668 Omnia
2996 5607 3281 5666 fecerunt.
