3904 6210
413 280 509 333 ’131

1729 266 2083 326 EUTHYMII
2117 265 2451 326 ZIGABENI

3654 270 3727 330 732

412 419 534 461 non
566 406 718 459 esset
746 402 872 475 ipse
911 400 1010 458 Dei
1041 399 1243 467 Filius,
1275 405 1342 457 ut
1369 398 1485 473 ipsi
1515 398 1829 471 putabant.
1864 395 1998 464 Sed,

2175 399 2247 467 μὴ
2298 400 2442 457 ὄντος
2498 397 2622 450 Υἱοῦ
2671 402 2764 448 τοῦ
2814 403 2968 463 Θεοῦ,
3004 399 3177 457 καθὼς
3220 396 3371 449 αὐτοὶ
3409 396 3593 468 ῷοντο,
3633 398 3726 453 Ἀλλ’

413 493 638 549 scelesti
680 509 748 546 ac
780 491 1021 562 pessimi
1050 491 1062 543 ι
1087 506 1229 561 ergo
1259 506 1369 545 nec
1401 489 1706 561 prophetas
1737 491 1906 541 erant
1937 500 2066 556 pro-

412 584 618 655 phetae,
649 597 757 636 nec
778 580 916 651 justi
950 580 1212 651 profecto
1256 578 1421 652 justi,
1474 594 1543 635 ex
1576 593 1698 650 quo
1747 579 1899 632 Deus
1930 574 2062 630 illos

410 688 446 726 a
478 668 748 741 periculis
770 684 888 724 non
921 668 1147 739 eripuit.
1182 669 1396 724 Verum
1425 673 1479 724 et
1510 665 1816 739 propheta:
1838 668 1894 719 et
1918 663 2062 735 justi

408 764 589 823 erant,
624 774 733 814 nec
763 759 966 813 minus
985 763 1185 814 tamen
1201 757 1480 829 periculis
1514 756 1943 826 subjacuerunt
1974 768 2064 809 se-

409 849 675 904 cundum
715 849 941 903 variam
998 846 1527 919 dispensationem.

480 937 641 993 Vers.
679 940 772 993 44,
830 937 901 989 Id
933 938 1125 1005 ipsum
1173 965 1242 977 —
1280 935 1351 991 ei.
1386 935 1449 990 Id
1479 936 1700 1006 ipsum,
1741 932 1802 987 id
1832 936 1919 988 est
1969 947 2064 988 eo-

408 1027 540 1081 dem
567 1025 768 1080 modo.
795 1027 922 1079 Non
952 1025 1112 1079 enim
1143 1023 1382 1079 Iudaeos
1417 1028 1647 1079 tantum
1671 1021 2063 1078 inﬂammavit

408 1112 703 1179 diabolus,
764 1113 863 1168 sed
909 1119 963 1179 et
993 1116 1294 1169 Romanos
1326 1113 1538 1169 milites
1569 1112 1765 1167 furore
1796 1111 2061 1181 agitavit,

409 1208 465 1259 et
494 1204 655 1275 ipsos
712 1203 888 1258 etiam
948 1203 1226 1268 latrones,
1278 1218 1632 1275 quanquam
1663 1216 1799 1257 cum
1832 1216 1903 1255 eo
1934 1216 2063 1255 cru-

408 1292 635 1361 ciﬁxos,
656 1291 939 1346 adversus
962 1308 1098 1346 eum
1117 1291 1509 1347 exacerbavit.
1532 1289 1841 1346 Matthieus
1864 1291 2061 1362 itaque

405 1386 461 1437 et
490 1382 784 1437 Marcus“
816 1384 1135 1453 utrumque
1164 1382 1331 1437 aiunt
1361 1381 1754 1452 exprobrasse
1776 1379 1846 1435 ei.
1872 1380 2062 1435 Lucas

407 1486 545 1526 vero
578 1486 763 1525 unum
788 1470 1032 1541 quidem
1058 1471 1324 1525 convitiis
1346 1470 1512 1525 illum
1535 1471 1793 1539 agitasse
1819 1468 1960 1525 dicit
1990 1469 2059 1537 ⁵⁷,

406 1558 652 1614 alterum
684 1564 883 1614 autem
914 1558 1436 1629 blasphemantem
1468 1558 1661 1629 magis
1697 1558 2057 1629 increpasse.

403 1648 661 1703 Primum
694 1647 987 1719 siquidem
1046 1648 1227 1703 ambo
1282 1652 1662 1719 propriorum
1693 1647 1853 1702 obliti
1894 1647 2059 1703 labo-

404 1753 538 1793 rum
568 1736 664 1809 (Γ),
697 1753 767 1792 ex
799 1736 1144 1792 crudelitate
1173 1736 1622 1808 exprobrabant
1651 1737 1723 1801 ei,
1760 1742 1963 1808 utpote

2171 1736 2496 1810 ἐκλαθόμενοι
2551 1744 2737 1805 πόνων,

405 1826 518 1899 ipsi
539 1826 733 1881 Judaai.
760 1827 924 1881 Forte
956 1832 1155 1881 autem
1182 1829 1362 1881 etiam
1389 1826 1447 1881 id
1466 1826 1525 1881 in
1552 1826 1804 1897 gratiam
1829 1826 2057 1881 Judseo—

403 1932 535 1969 rum
568 1914 886 1979 faciebant,
934 1920 997 1969 ut
1034 1919 1275 1987 propter
1310 1914 1425 1970 hoc
1464 1915 1623 1986 ipsos
1667 1915 2053 1987 deponerent.

404 2004 782 2059 Postmodum
813 2019 955 2058 vero
986 2003 1131 2059 alter
1161 2004 1512 2075 pcenitentia
1536 2004 1752 2060 ductus
1780 2010 1867 2060 est
1894 2022 1906 2059 :
1933 2012 2055 2060 tum

403 2092 649 2164 quidem
708 2092 916 2148 Christi
969 2093 1141 2162 signa
1200 2093 1277 2149 ad
1330 2094 1684 2149 memoriam
1742 2110 2053 2159 revocans,

404 2186 657 2253 ejusque
701 2182 1211 2238 conversationem
1270 2181 1633 2255 inculpatam
1681 2198 1693 2237 :
1742 2188 1869 2239 tum
1920 2199 2054 2239 vero

404 2272 605 2327 audito
636 2272 800 2344 quod
822 2271 1000 2327 etiam
1027 2288 1133 2343 pro
1159 2272 1252 2327 his
1276 2272 1379 2344 qui
1404 2274 1601 2344 ipsum
1628 2272 2057 2342 cruciﬁgebant

403 2360 850 2431 intercessisset,
882 2360 1059 2416 veluti
1087 2361 1320 2433 scripsit
1340 2363 1528 2417 Lucas
1556 2364 1603 2397 ⁵⁸
1628 2379 1641 2428 ;
1672 2363 1874 2418 Videris
1906 2378 2051 2434 prae.

403 2454 562 2505 terea
599 2455 655 2505 et
690 2465 888 2505 aerem
927 2455 1139 2523 praeter
1177 2455 1452 2506 naturam
1504 2450 1907 2506 obscuratum.

476 2555 639 2611 Vers.
671 2557 758 2611 45.
793 2558 839 2611 Α
874 2588 933 2596 -
966 2573 1204 2613 nonam.
1238 2558 1375 2614 Post
1403 2558 1745 2631 petulantias
1772 2576 1838 2614 ac
1863 2578 2053 2616 scom~

402 2650 631 2701 matum
686 2646 1013 2702 satietatem
1067 2648 1128 2703 id
1183 2648 1403 2703 factum
1455 2654 1561 2713 est,
1595 2654 1659 2704 ut
1710 2650 2054 2721 quiescente

397 2734 521 2805 jam
569 2734 781 2802 furore,
828 2736 1055 2809 aliquid
1099 2754 1135 2793 a
1175 2738 1461 2793 miraculo
1507 2738 1784 2794 lucriﬁeri
1831 2747 2050 2812 posset.

400 2824 822 2880 Admirabilius
872 2827 1031 2882 enim
1080 2832 1204 2882 erat
1241 2828 1369 2882 haec
1410 2827 1600 2883 facere
1659 2843 1796 2908 eum
1840 2828 1946 2900 qui
1990 2829 2050 2884 in

401 2928 574 2969 cruce
607 2915 923 2985 pendebat,
956 2932 1141 2988 quam
1191 2933 1223 2971 a
1250 2932 1423 2973 cruce
1463 2916 1840 2973 descendere.
1878 2918 2049 2984 Quod

403 3002 451 3056 si
494 3002 623 3057 haec
648 3019 787 3059 eum
826 3004 1017 3061 facere
1067 3021 1186 3062 non
1234 3006 1716 3077 suspicabantur,
1760 3007 1857 3063 sed
1889 3007 2051 3079 quod

402 3092 522 3146 Deo
551 3091 678 3148 haec
709 3100 991 3165 operante
1020 3096 1417 3167 provenirent,
1462 3096 1665 3152 timere
1706 3113 1844 3153 sane
1880 3113 2053 3169 opor-
2085 3092 2123 3147 C

401 3182 575 3247 tebat,
623 3187 678 3239 et
722 3183 1044 3253 intelligere
1093 3186 1258 3258 quod
1300 3191 1543 3259 propter
1570 3186 1731 3242 hunc
1779 3186 1858 3243 ad
1899 3188 2051 3243 iram

402 3277 740 3327 commotus
791 3279 963 3330 esset.
1012 3277 1211 3348 Neque
1255 3278 1416 3331 enim
1460 3276 1657 3332 dicere
1709 3282 2049 3348 potuerunt,

399 3362 564 3434 quod
619 3362 758 3418 solis
815 3364 1045 3436 eclipsis
1102 3367 1434 3422 secundum
1497 3372 1775 3423 naturam
1830 3373 1984 3422 esset
2036 3384 2050 3433 ;

399 3466 539 3506 nam
572 3452 702 3523 ipsa
738 3458 793 3507 et
823 3453 881 3507 in
925 3469 1045 3508 uno
1075 3456 1361 3525 temporis
1402 3455 1611 3510 accidit
1638 3463 1964 3523 momento,
1999 3461 2055 3512 et

402 3540 480 3596 ab
496 3557 615 3596 una
630 3547 793 3611 parte
812 3546 1193 3605 terrm,etnon
1213 3544 1271 3597 in
1286 3544 1515 3599 decimo
1530 3552 1743 3616 quarto
1762 3544 1854 3599 die
1872 3544 2051 3612 lunas;

398 3628 492 3684 hae
524 3645 664 3683 vero
712 3629 969 3683 tenebras
1002 3636 1057 3684 et
1083 3630 1159 3684 ad
1202 3636 1316 3686 tres
1344 3633 1526 3687 horas
1576 3639 2051 3704 perseverarunt,

398 3720 455 3772 et
483 3732 662 3788 super
700 3718 1035 3772 universam
1067 3722 1281 3775 terram
1316 3737 1327 3775 :
1359 3728 1413 3776 et
1442 3722 1677 3777 decimo
1707 3728 1916 3793 quarto
1957 3723 2052 3779 die

396 3803 555 3859 lunae
594 3804 840 3876 quando
871 3805 1235 3878 impossibile
1280 3815 1370 3865 est
1400 3810 1733 3866 secundum
1775 3817 2049 3869 naturam

400 3893 739 3964 contingere
767 3894 905 3950 solis
954 3895 1247 3967 eclipsim.

472 3983 626 4037 Vers.
657 3984 742 4037 46.
780 3984 1030 4039 Ci'rciter
1059 4015 1118 4024 —
1158 3986 1521 4058 dereliquisli
1544 3987 1573 4043 ?
1600 3988 1939 4047 Davidicum
1967 3996 2055 4047 est

401 4071 668 4126 verbum.
706 4072 985 4128 Hebraice
1016 4081 1218 4131 autem
1244 4077 1446 4148 ipsum
1490 4078 1787 4145 clamavit,
1823 4086 1883 4136 ut
1914 4081 2053 4137 solis

399 4160 659 4216 Hebraeis
698 4167 904 4216 notum
934 4162 1114 4229 ﬂeret,
1144 4165 1245 4237 qui
1273 4165 1379 4220 soli
1429 4166 1710 4223 Davidica
1740 4175 2051 4226 noverant.

398 4253 623 4307 Marcus
656 4267 796 4307 vero
828 4252 982 4316 Eloi,
1018 4255 1147 4309 Eloi
1186 4255 1432 4328 scripsit.
1466 4257 1830 4327 Signiﬁcavit
1855 4266 2052 4316 autem

400 4340 504 4404 Eli,
539 4341 697 4397 Deus
720 4340 803 4397 mi
833 4358 850 4397 :
883 4342 1000 4397 Eloi
1049 4359 1206 4409 vero,
1253 4345 1406 4401 Deus
1436 4361 1614 4402 meus.

468 4431 779 4487 Clavorum
812 4448 954 4505 ergo
993 4432 1298 4490 doloribus
1353 4435 1693 4507 depressus,
1745 4438 1825 4493 ait
1860 4455 1871 4493 :
1900 4441 2053 4497 Deus
2088 4438 2128 4491 D

399 4536 577 4588 meus,
612 4523 765 4576 Deus
796 4537 975 4591 meus,
1001 4530 1059 4577 ut
1085 4524 1233 4593 quid
1265 4525 1637 4596 dereliquisti
1675 4542 1763 4583 me
1784 4526 1812 4581 ?
1832 4528 1943 4583 hoc
1964 4535 2055 4586 est

400 4614 636 4677 prOpter
665 4609 809 4680 quid
844 4626 937 4665 me
986 4610 1261 4667 dimisisti
1316 4618 1377 4667 ut
1409 4615 1761 4671 sustinerem
1793 4617 2048 4673 dolores.

402 4696 522 4749 Hoc
543 4702 743 4753 autem
763 4698 926 4763 dixit,
951 4702 1320 4757 conﬁrmans
1342 4703 1521 4775 quod,
1547 4704 1698 4761 sicut
1726 4707 1786 4761 in
1810 4709 2052 4765 veritate

400 4782 730 4839 humanam
754 4792 1081 4859 assumpsit
1100 4795 1396 4859 naturam,
1419 4793 1499 4848 ita
1517 4811 1754 4868 quoque
1771 4812 1907 4853 vere
1926 4814 2054 4854 cru-

401 4871 607 4929 ciﬁxus
632 4878 737 4941 est,
770 4880 827 4931 et
854 4891 975 4932 non
1001 4878 1374 4950 phantastice
1401 4889 1578 4954 prout
1607 4885 1765 4941 multi
1795 4886 2055 4945 haretici

401 4961 744 5019 delirarunt.
787 4968 982 5037 Neque
1020 4968 1177 5023 enim
1204 4969 1321 5025 nisi
1351 4970 1560 5027 dolens
1596 4974 1675 5031 ita
1714 4974 2050 5035 clamasset.

474 5131 722 5204 tlﬁMarc.
754 5149 850 5202 xv,
884 5138 970 5192 32.
1048 5137 1095 5175 ⁸⁷
1126 5137 1267 5196 Luc.
1296 5140 1457 5213 χχιιι,
1490 5142 1576 5209 39,
1610 5146 1701 5201 40.
1776 5146 1825 5181 ⁸⁸
1854 5146 2004 5207 ibid.
2037 5153 2127 5208 34.

2175 487 2213 536 ὡ
2262 491 2443 559 μιαροὶ
2498 491 2589 537 καὶ
2636 486 2981 559 παμμίαροιὶ
3028 485 3203 537 λοιπὸν
3244 483 3359 539 οὐδ’
3410 489 3460 538 οἱ
3509 498 3729 560 προφῆται

2175 572 2309 633 ἦσαν
2378 584 2661 649 προφῆται,
2722 572 2844 628 οὐδὲ
2911 578 2961 627 οἱ
3018 572 3219 627 δίκαιοι
3280 578 3480 637 πάντως
3547 574 3727 647 δίκαιοι,

2174 660 2352 722 ἐπειδὴ
2413 666 2601 726 αὐτοὺς
2646 665 2737 717 οὐκ
2790 665 3051 739 ἐξήρπασε
3094 674 3196 717 τῶν
3237 661 3489 717 κινδύνων
3544 669 3569 718 ὁ
3618 675 3728 729 θεὸς.

2174 753 2327 805 Ἀλλὰ
2364 759 2465 826 μὴν
2496 760 2583 806 καὶ
2630 751 2763 813 ἦσαν
2794 760 2881 807 καὶ
2921 750 3281 807 ἐκινδύνευσαν
3314 759 3451 808 κατὰ
3488 752 3729 830 διαφόρους

2172 843 2486 916 οἰκονομίας.

2242 939 2311 987 Τὸ
2368 930 2418 987 δ’
2474 933 2599 987 αὐτό
2657 965 2727 975 —
2782 933 2967 990 αὐτῶν.
3035 939 3104 990 Τὸ
3162 932 3214 989 δ’
3272 936 3420 1002 αὐτὸ,
3483 936 3601 991 ἀντὶ
3647 948 3728 1004 τοῦ,

2173 1022 2456 1085 Ὡσαύτως.
2513 1024 2588 1076 Οὐ
2641 1028 2793 1097 μόνον
2846 1026 2946 1098 γὰρ
2997 1029 3116 1088 τοὺς
3162 1023 3449 1089 Ἰουδαίους
3499 1027 3730 1091 ἐξέκαυσεν

2172 1114 2197 1164 ὁ
2247 1108 2509 1181 διάϐολος,
2566 1114 2697 1166 ama
2772 1118 2857 1167 καὶ
2924 1118 3045 1178 τοὺς
3104 1114 3385 1188 Ῥωμαίους
3447 1124 3732 1190 στρατιώτας

2172 1200 2494 1275 ἐξοίστρησε,
2525 1208 2613 1255 καὶ
2642 1203 2832 1266 αὐτοὺς
2866 1200 2925 1257 δε
2951 1208 3067 1265 τοὺς
3095 1204 3313 1277 λῃστὰς,
3334 1211 3426 1258 καὶ
3453 1214 3620 1259 ταῦτα
3643 1216 3730 1260 σῦν-

2172 1298 2611 1365 εσταυρωμένους,
2689 1294 2959 1366 ἐξηγρίανε
3044 1293 3155 1345 κατ’
3231 1294 3409 1347 αὐτοῦ.
3498 1299 3733 1359 Mareotin;

2170 1385 2258 1454 μὲν
2314 1379 2400 1434 οὖν
2462 1388 2549 1434 καὶ
2631 1386 2839 1457 Μάρκος
2910 1387 3026 1443 τοὺς
3099 1380 3195 1436 δύο
3260 1390 3412 1455 φασὶν
3490 1383 3730 1449 ὀνειδίζειν

2170 1470 2343 1523 αὐτόν·
2410 1478 2616 1534 Λουκᾶς
2670 1469 2728 1525 δὲ
2783 1476 2868 1524 τὸν
2922 1474 3008 1525 ἕνα
3075 1476 3164 1545 μὲν
3224 1471 3557 1545 βλασφημεῖν
3612 1476 3731 1527 αὐτόν

2167 1560 2319 1631 λέγει,
2391 1565 2477 1613 τὸν
2536 1563 2701 1635 ἕτερον
2762 1557 2819 1613 δε
2880 1562 3068 1633 μᾶλλον
3118 1560 3358 1634 ἐπιτιμᾷν
3397 1572 3469 1634 τῷ
3524 1563 3733 1635 βλασςθη-

2166 1658 2369 1720 μοῡντι.
2432 1655 2529 1703 Καὶ
2574 1654 2675 1723 ’γὰρ
2732 1659 2933 1724 πρῶτον
2998 1654 3086 1723 μεν
3136 1654 3185 1702 οἰ
3254 1647 3370 1716 δύο,
3443 1661 3545 1704 τῶν
3616 1651 3733 1705 ἰδίων

2814 1738 2865 1802 ἐξ
2938 1740 3204 1811 ὠμότητος
3256 1737 3529 1801 ὠνείδιζον
3588 1743 3731 1808 αὖτόν,

2168 1825 2419 1881 Ἰουδαῖοι
2463 1833 2550 1880 καὶ
2596 1829 2746 1881 αὐτοὶ
2796 1832 2947 1890 ὄντες·
3002 1832 3129 1891 ἴσως
3174 1825 3233 1881 δὲ
3280 1834 3369 1881 καὶ
3418 1834 3555 1904 πρὸς
3603 1832 3734 1905 χάριν

2163 1926 2261 1969 τῶν
2302 1914 2591 1981 Ἰουδαίων,
2650 1920 2731 1969 ἶνα
2779 1914 2873 1970 διὰ
2922 1925 3073 1970 τοῦτο
3121 1922 3499 1990 κατενέγκωσιν
3540 1920 3728 1981 αὐτούς.

2162 2004 2405 2081 ’Υστερον
2439 2004 2497 2059 δι
2526 2012 2828 2079 μετενόησεν
2860 2009 2885 2059 ὁ
2930 2004 3028 2068 εἶς’
3072 2014 3225 2060 τοῦτο
3264 2012 3374 2079 μεν,
3409 2010 3734 2081 ὑπομνησθεὶς

2164 2104 2264 2148 ’.ῶν
2316 2102 2542 2169 σημείων
2581 2104 2673 2149 τοῦ
2720 2104 2956 2171 Χριστοῦ
2999 2102 3086 2149 καὶ
3125 2105 3222 2158 τῆς
3268 2096 3614 2155 ἀνεπιλήπτου
3661 2116 3734 2149 πο-

2164 2185 2350 2247 λιτείας
2394 2186 2573 2238 αὐτοῦ·
2625 2194 2777 2238 τοῦτο
2822 2182 2881 2239 δι
2928 2191 3017 2239 καὶ
3063 2185 3293 2249 ἀκούσας
3343 2188 3734 2261 ὑπερευχομένον

2162 2284 2262 2329 τῶν
2328 2277 2739 2348 σταυρωσοὲντων

2162 2366 2238 2418 ἔτι
2322 2361 2379 2418 δε
2462 2370 2551 2417 καὶ
2625 2362 2749 2417 ἰδών
2816 2368 2898 2418 τὸν
2969 2364 3096 2438 ἀέρα
3171 2367 3541 2437 σκοτίζομενον
3615 2365 3736 2438 παρὰ

2814 2276 3023 2349 μᾶλλον,
3082 2278 3146 2337 ὡς
3203 2279 3455 2350 ἱστόρησε
3536 2282 3731 2336 Λουκᾶς·

2162 2457 2333 2526 φύσιν.

2233 2544 2361 2597 Ἀπὸ
2425 2576 2490 2584 -
2545 2543 2769 2604 ἐννάτης.
2833 2547 2971 2599 Μετὰ
3020 2548 3105 2596 τὸν
3151 2550 3304 2617 κόρον
3356 2554 3451 2607 τῆς
3492 2550 3737 2618 παροινίας

2161 2638 2249 2685 καὶ
2296 2643 2393 2686 τῶν
2432 2636 2758 2705 σκωμμάτων
2813 2642 2963 2686 τοῦτο
3005 2639 3227 2706 γέγονεν,
3273 2637 3355 2686 ἱνα
3396 2632 3505 2693 ἠδη
3547 2636 3739 2687 «mea-

2161 2743 2245 2785 τος
2292 2732 2383 2775 τοῦ
2426 2725 2590 2794 θυμοῦ
2631 2721 2881 2797 κερδᾶναί
2927 2744 2976 2777 τι
3011 2720 3309 2781 δυνηθῶσιν
3360 2724 3460 2776 ἀπὸ
3503 2733 3594 2776 τοῦ
3638 2726 3740 2775 θαύ-

2162 2832 2344 2885 ματος.
2403 2820 2505 2865 Τοῦ
2562 2812 2850 2872 καταϐῆναι
2908 2816 3005 2885 γὰρ
3068 2812 3168 2865 ἀπὸ
3209 2821 3301 2865 τοῦ
3349 2821 3583 2887 σταυροῦ
3631 2816 3740 2866 θαν-

2161 2907 2480 2975 μαστὸτερον
2548 2899 2608 2960 ἦν
2672 2906 2728 2954 τὸ
2795 2909 3009 2955 τοιαῦτα
3064 2910 3223 2954 ποιεῖν
3294 2904 3615 2977 κρεμάμενον
3674 2902 3741 2953 ἐπὶ

2160 3000 2252 3044 τοῦ
2299 2999 2547 3065 σταυροῦ.
2600 2991 2660 3043 Εἰ
2708 2988 2766 3044 δε
2817 2996 2887 3063 μὴ
2929 2991 3082 3043 αὐτὸν
3118 2998 3284 3043 ταῦτα
3331 3000 3498 3043 ποιεῖν
3537 2991 3740 3061 {iniciu-

2163 3081 2333 3147 ϐανον,
2382 3080 2509 3133 ἀλλὰ
2545 3085 2654 3143 καὶ,
2698 3084 2765 3143 ὡς
2808 3088 2897 3133 τοῦ
2945 3088 3075 3133 Θεοῦ
3119 3089 3285 3133 ταῦτα
3314 3089 3607 3143 ποιοῦντος,
3654 3078 3745 3133 ἔδει

2165 3170 2453 3243 φοϐηθῆναι
2496 3175 2585 3222 καὶ
2627 3166 2855 3222 συνιδεῖν
2905 3172 2985 3222 ὅτι
3016 3166 3088 3222 δι’
3124 3170 3279 3221 αὐτὸν
3325 3172 3619 3243 ὀργίζεται.
3662 3174 3745 3223 Καὶ

2161 3265 2261 3334 ’γὰρ
2322 3260 2414 3311 ουκ
2473 3257 2732 3318 ἠδύναντο
2788 3259 2946 3331 λέγειν
3004 3262 3081 3311 ὅτι
3138 3262 3272 3311 κατὰ
3325 3264 3484 3332 φύσιν
3542 3260 3749 3329 ἔκλειψις

2164 3350 2311 3408 ἡλίου
2369 3347 2446 3407 ἦν.
2485 3350 2624 3407 Αὕτη
2681 3352 2769 3421 μεν
2808 3352 2906 3421 γὰρ
2954 3354 3038 3402 καὶ
3086 3348 3133 3400 ἐν
3166 3356 3263 3420 μιᾷ
3290 3351 3425 3424 ῥοπῇ
3464 3358 3653 3424 καιροῦ
3679 3353 3748 3419 γι-

2162 3460 2319 3505 νεται,
2360 3445 2447 3491 καὶ
2492 3439 2539 3490 ὲν
2592 3440 2666 3491 ἐνί
2718 3444 2857 3511 μέρει
2897 3446 2993 3499 τῆς
3040 3446 3159 3509 γῆς,
3201 3445 3289 3490 καὶ
3321 3440 3414 3491 οὐκ
3455 3439 3509 3491 ἐν
3545 3450 3605 3512 τῇ
3651 3458 3751 3491 τεσ-

2165 3526 2614 3602 σαρεσκαιδεκάτῃ
2670 3537 2760 3587 τῆς
2825 3528 3059 3588 σελήνης.
3120 3530 3286 3582 Tauro
3335 3526 3394 3580 δὲ
3448 3535 3512 3581 τὸ
3584 3534 3751 3588 σκότος

2162 3624 2251 3671 καὶ
2298 3618 2379 3670 ἐπὶ
2427 3626 2563 3691 τριίς
2614 3620 2745 3691 ὧρας
2795 3614 3059 3689 διήρκεσε,
3102 3621 3191 3668 καὶ
3244 3617 3325 3668 ἐπὶ
3366 3624 3550 3670 πᾶσαν
3594 3624 3754 3688 γέγονε

2160 3714 2252 3766 τὴν
2295 3716 2413 3779 γῆν,
2467 3712 2554 3758 καὶ
2595 3706 2641 3757 ἐν
2690 3714 2751 3778 τῇ
2794 3702 3336 3779 τεσσαρεσκαίδεκάτῃ
3382 3714 3479 3769 τῆς
3526 3708 3752 3768 σελήνης,

2163 3800 2266 3867 ὅτε,
2322 3797 2637 3854 πανσελήνου
2695 3796 2878 3859 οὓσης,
2934 3794 3206 3867 ἀμήχανον
3263 3794 3579 3868 συμϐαίνειν
3636 3798 3758 3848 κατὰ.

2162 3892 2227 3961 φύ
2236 3908 2317 3940 σιν
2348 3887 2571 3958 ἔκλειψιν
2596 3886 2740 3945 ἡλίου
2752 3930 2763 3942 .

2238 3982 2359 4049 Περὶ
2418 4009 2483 4017 -
2538 3975 2900 4046 ἔχκατέλιπεω
2962 3978 3232 4027 Δανῐτικὸν
3459 3982 3525 4029 τὸ
3594 3980 3756 4052 ῥητόν

2162 4066 2424 4140 Ἐϐραϊστὶ
2475 4063 2533 4118 δὲ
2579 4072 2732 4117 τοῦτο
2778 4063 3071 4127 ἀνεϐόησεν,
3142 4066 3224 4116 ἶνα
3270 4071 3444 4137 μόνοις
3508 4067 3764 4139 Ἑϐραίοις

2162 4157 2446 4228 γνωρισθῇ,
2508 4159 2678 4227 μονοις
2726 4150 2897 4206 εἱδοσι
2954 4156 3019 4204 τὰ
3078 4156 3344 4205 Δαυῐτικοὲ.
3406 4160 3637 4227 Μάρκος
3691 4151 3761 4215 δι,

2160 4246 2327 4311 Ἐλωί,
2367 4242 2512 4296 Ἐλωῐ
2552 4242 2765 4317 ἔγραψε.
2818 4242 2971 4301 Δηλοί
3002 4239 3061 4295 δί
3100 4247 3157 4294 τὸ
3322 4243 3460 4308 Ἠλὶ,
3509 4251 3615 4299 Θεέ
3653 4266 3764 4317 μου,

2162 4337 2220 4386 τὸ
2251 4331 2309 4386 δι
2339 4333 2509 4397 Ἐλωί,
2538 4332 2598 4384 Ὀ
2629 4336 2759 4393 Θεὸς
2788 4351 2908 4403 μου.

2231 4423 2319 4484 ’ος
2361 4423 2477 4493 (48)
2517 4422 2786 4494 ἄνθρωπος
2828 4417 2907 4488 δι,
2949 4428 3064 4482 ταῖς
3106 4418 3205 4473 ἀπὸ
3235 4430 3334 4473 τῶν
3374 4422 3519 4481 ἦλων
3565 4421 3774 4484 ὀδύναις

2163 4514 2486 4574 καταταθεὶς,

2162 4602 2465 4665 κατέλιπες;
2532 4600 2712 4671 ἤγουν,
2768 4596 2914 4651 διατί
2967 4618 3029 4671 με
3098 4598 3285 4671 ἀφῆκες
3340 4603 3517 4664 οὕτως
3592 4600 3778 4656 ὀδυνᾶ-

2165 4695 2314 4746 σθαι,
2374 4698 2539 4743 Τοῦτο
2589 4686 2647 4741 δι
2691 4685 2797 4741 ιῖπε
2846 4687 3071 4759 βεϐαιῶν
3111 4691 3210 4753 ὅτι,
3261 4692 3434 4763 ὥσπερ
3481 4695 3612 4744 κατ’
3661 4693 3778 4749 ἁλή-

2165 4784 2301 4835 θειαν
2345 4781 2757 4853 ένηνθρώπησεν,
2807 4778 2938 4830 οὕτω
2979 4783 3067 4831 καὶ
3113 4778 3225 4831 κοιτ⁹
3274 4778 3532 4838 ἀλήθειαν
3598 4782 3781 4836 ἐσταυ-

2162 4873 2324 4945 ρώθη,
2376 4875 2466 4921 καὶ
2514 4869 2572 4920 οὐ
2611 4870 2748 4919 κατὰ
2797 4873 3107 4939 φαντασίαν,
3137 4870 3207 4929 ὡς
3249 4870 3427 4923 πολλοὶ
3483 4882 3601 4925 τῶν
3650 4874 3780 4948 αἱρε-

2161 4969 2316 5013 τικῶν
2366 4958 2648 5032 ἕλήρησαν.
2707 4956 2783 5009 Οὐ
2835 4958 2933 5032 γὰρ
2986 4959 3046 5009 ἄν
3099 4954 3416 5032 ὀδυνώμενος
3470 4962 3655 5025 οὕτως
3707 4960 3779 5015 ἐν·

2164 5049 2391 5110 ιϐὀησεν.

2544 4516 2692 4582 φησί’
2754 4514 2849 4562 Θεέ
2902 4529 3023 4581 μου,
3074 4515 3168 4562 Θεέ
3216 4531 3337 4582 μου,
3387 4513 3537 4564 ἱνατί
3580 4534 3647 4585 με

1768 5298 1991 5369 Varias
2027 5299 2379 5370 lectiones.

473 5459 588 5531 (48)
616 5456 699 5519 Ὠς
741 5458 1010 5534 ἄνθρωπος
1035 5455 1113 5529 δέ,
1160 5475 1282 5516 non
1308 5460 1490 5521 habet
1520 5464 1864 5525 Hentenius.

472 5666 548 5739 (Γ)
593 5666 908 5724 Labarum.
940 5666 1133 5726 Malim
1175 5664 1446 5724 dolorum
1476 5673 1579 5727 aut
1624 5673 1939 5733 cruciatus.
