3904 6210
88 349 172 407 733
894 342 1269 403 COMMENT.
1319 343 1391 400 IN
1430 329 1880 399 MATTHAEUM-
1920 372 1990 384 -
2028 339 2188 400 CAP.
2229 339 2458 400 xxvn.

3252 333 3359 403 735

141 475 259 530 Ἐστι
302 469 354 527 δι
395 476 476 524 καὶ
522 472 698 545 ἑτέρως
747 471 906 526 εἰπεῖν
953 473 1054 540 ὅτι,
1099 467 1207 531 ἤδη
1254 469 1583 528 ἀποθνήσκω]

1775 468 1967 525 Potest
1995 475 2193 525 autem
2226 472 2281 526 et
2313 468 2478 525 aliter
2503 468 2644 539 dici,
2686 469 2850 542 quod
2877 469 3006 541 jam
3034 484 3139 542 pro
3167 470 3359 527 homi-

88 568 182 638 ὑπὲρ
246 571 326 616 τῶν
389 560 676 636 ἁνθρωπων,
757 567 1018 636 προσώπῳ
1080 568 1172 613 τοῦ
1249 565 1430 632 γένους
1497 569 1596 612 τῶν

86 652 306 725 ἀνθρώπων
369 649 603 709 ἀνεϐόησε
679 655 772 709 τήν
832 647 1154 708 δηλωθεῖσαν
1211 655 1400 721 φωνήν,
1461 654 1596 706 Φησὶ

83 746 160 814 γὰρ
214 742 235 791 6
289 742 510 812 Θωλόγος
589 745 868 815 Γρηγοριος
939 741 1019 792 ὅτι
1099 737 1146 792 έν
1219 739 1384 810 ἐαυτῷ
1441 744 1598 791 τυποῖ

87 834 128 883 τὸ
177 832 390 903 ἡμέτερον.
441 827 611 901 Ἡμεῖς
665 832 766 904 γὰρ
813 829 938 901 ἦμεν
989 830 1037 882 οἱ
1085 827 1596 900 ἐγκαταλελειμμένοι

83 925 148 971 καὶ
186 921 523 993 παρεωραμένοι
583 923 853 993 πρότερον,
897 914 1008 971 εἶτα
1058 926 1146 970 νῦν
1209 916 1594 993 προσειλημμέ-

84 1027 139 1060 νοι
157 1013 225 1058 καὶ
243 1011 526 1079 σεσωσμένοι
554 1015 663 1068 τοίς
691 1007 852 1060 αὐτοῦ
881 1009 1092 1062 πάθεσι.

131 1099 237 1157 Tui;
260 1127 314 1137 —
341 1095 492 1156 οὗτος.
529 1103 847 1172 Στρατιώται
875 1101 964 1150 καὶ
995 1096 1135 1150 οὗτοι
1163 1098 1299 1155 ἦσαν
1322 1095 1588 1162 Ῥωμαῖοι,

86 1190 155 1242 τὴν
172 1181 373 1258 ’ἱεραίδα
399 1189 566 1258 φωνὴν
593 1185 912 1258 ἀγνοοῦντες.

140 1274 218 1329 Καὶ
272 1274 424 1337 εὐθέως
489 1305 559 1316 —
626 1274 859 1337 έπότιζεν
918 1277 1090 1331 αὐτόν.
1160 1277 1372 1337 Παίςων
1437 1283 1590 1330 τοῦτο

88 1368 272 1420 πεποίηκε
309 1363 406 1433 (49)
443 1373 760 1441 παρηγορῶν
807 1362 986 1431 δῆθεν,
1036 1367 1210 1429 καθὼς
1265 1371 1355 1419 καὶ
1410 1368 1435 1419 6
1490 1369 1590 1442 πρὸ

80 1451 210 1521 αὐτοῦ,
246 1452 269 1511 ἦ
309 1457 385 1505 καὶ
428 1455 512 1506 ἶνα
566 1457 596 1514 ἠ
657 1451 922 1530 δριμύτης
960 1463 1048 1509 τοῦ
1097 1455 1247 1520 ὄξους
1309 1459 1587 1531 προσθήκη

73 1545 232 1609 γίνηται
255 1548 333 1604 τῆς
359 1539 564 1607 ὀδύνης.

124 1631 250 1681 Οἱ-
274 1631 434 1690 αὐτόν,
471 1637 685 1705 Μάρκος
742 1629 803 1688 δέ
855 1654 1012 1707 φησιν
1052 1636 1131 1687 ὅτι
1179 1635 1334 1699 αὐτὸς
1364 1635 1528 1708 ἔλεγεν
1567 1652 1580 1665 ⁸

68 1717 224 1787 Ἅφετε,
259 1715 451 1794 ἴδωμεν,
508 1722 556 1776 εἰ
611 1726 821 1797 ἔρχεται
883 1723 1057 1786 Ἠλίας
1116 1724 1343 1779 καθελεῖν
1411 1725 1585 1781 αὑτὸν.

68 1807 180 1870 Εἰκὸς
204 1805 252 1862 δι
269 1818 402 1863 τοῦτο
429 1810 594 1886 λέγειν
620 1811 889 1875 κάκείνους
911 1818 1002 1866 καὶ
1031 1821 1230 1867 τοῦτον.

111 2019 156 2073 ’0
194 2018 243 2076 6’s
287 2023 480 2089 Ἰησοῦς
537 2058 604 2069 --
647 2036 874 2100 πνεῦμα.
948 2035 1041 2092 Τίς
1112 2026 1171 2084 δε
1225 2032 1286 2090 ἦν
1339 2033 1368 2090 ἠ
1421 2035 1583 2104 φωνὴ,

61 2105 312 2167 iisin-amt}
357 2122 580 2179 Δονκας,
627 2117 706 2170 ὃτι
759 2119 948 2190 Πάτερ,
1007 2118 1079 2179 εἰς
1134 2121 1318 2191 χεῖράς
1361 2139 1456 2173 σου
1491 2139 1585 2173 πα-

59 2201 298 2273 ραθήσομαι
339 2208 392 2256 τὸ
437 2208 644 2279 πνεῦμά
683 2226 804 2278 μου.
862 2206 1081 2281 ’Ἑκραξε
1131 2205 1190 2262 δι
1237 2217 1373 2282 φωνῇ
1428 2212 1628 2283 μεγοίο⁸

59 2285 120 2357 λε,
167 2292 234 2342 ἱνα
279 2295 452 2357 πάντες
504 2293 797 2364 ἀκούσωσι,
853 2301 941 2349 καὶ
994 2298 1178 2359 πάντες
1229 2294 1440 2351 εἰδῶσιν
1507 2301 1586 2352 ὅτι

60 2381 182 2449 μέχρι
225 2388 308 2444 τῆς
359 2382 648 2446 τελευταίας
703 2387 840 2459 ὧρας
903 2390 1101 2459 πατέρα
1151 2391 1237 2440 τὸν
1294 2391 1422 2441 Θεὸν
1480 2387 1585 2442 ὀνο·

57 2467 190 2536 μζιι,
226 2475 304 2524 καὶ
351 2472 486 2545 αὐτῷ
538 2477 597 2526 τὸ
656 2480 757 2528 πᾶν
809 2473 1110 2540 ἀνατίθησι,
1167 2479 1256 2528 καὶ
1305 2476 1399 2529 οὐκ
1445 2479 1585 2530 ἔστιν

59 2553 233 2620 ἀντίθεος
279 2581 290 2594 ο
339 2563 408 2614 ἔτι
459 2560 521 2616 δέ
569 2568 661 2616 καὶ
717 2567 800 2616 ἵνα
863 2567 1102 2638 μάθωσιν
1155 2568 1234 2618 ὅτι
1287 2567 1401 2618 κατ’
1441 2565 1588 2630 έξου-

59 2649 160 2712 σίου,
218 2650 290 2703 ὅτε
367 2652 637 2722 ἡθελησεν,
709 2651 1046 2713 ἀποθνήσκει.
1099 2655 1224 2708 Ὅτε
1285 2659 1388 2729 γὰρ
1450 2654 1584 2710 εἶπεν

56 2735 294 2810 ὁτιῐιάτερ,
344 2740 412 2802 εἰς
458 2744 651 2815 χεῖράς
691 2762 785 2797 σον
841 2747 1220 2818 παραθήσομαι
1273 2748 1332 2798 τὸ
1384 2749 1585 2818 πνεῦμά

51 2841 141 2892 μου,
189 2831 287 2883 τότε
332 2829 506 2885 λοιπὸν
559 2841 632 2903 τῷ
699 2834 901 2906 θανάτῳ
955 2841 1305 2910 παρεχώρησε
1362 2839 1580 2911 προσέρο

52 2915 203 2980 χεσθαι
227 2917 372 2990 αὐτῷ.

103 3003 189 3055 Οὐκ
228 3004 324 3062 εἶπε
371 3005 428 3062 δι
479 3011 566 3063 ὅτι
613 3013 970 3085 Παρατίθημι,
1038 3012 1144 3066 ἀλλ’
1203 3015 1283 3068 ὅτι
1331 3016 1580 3089 Παραθή·

1706 556 1886 612 nibus
1939 559 2199 614 moriens
2241 560 2300 615 in
2348 575 2601 630 persona
2631 561 2864 630 generis
2907 560 3159 616 humani
3197 560 3356 617 dicta

1703 645 1982 702 clamavit
2026 661 2196 705 voce.
2273 648 2367 703 Ait
2415 649 2576 704 enim
2634 649 2948 718 Gregorius
3000 650 3354 719 Theologus,

1703 736 1866 807 quod
1899 737 1958 791 in
1990 737 2187 809 seipso
2217 738 2432 806 ﬁgurat
2471 738 2634 810 quod
2666 742 2934 793 nostrum
2965 740 3061 796 est
3089 755 3102 803 ;
3139 753 3248 794 nos
3281 739 3355 793 si-

1703 824 1946 896 quidem
1961 826 2221 898 primum
2237 826 2494 882 derelicti
2512 843 2742 882 eramus
2756 843 2823 882 ac
2836 826 3117 899 despecti,
3138 827 3354 882 deinde

1703 929 1864 968 nunc
1893 915 2187 987 assumpti
2213 931 2281 972 ac
2310 916 2522 971 servati
2566 931 2775 971 sumus
2813 914 2966 970 illius
3011 915 3354 973 afﬂictioni-

1701 1000 1836 1058 bus.

1776 1092 1932 1148 Vers.
1965 1094 2051 1148 47.
2089 1092 2784 1160 Quidam—iste.Milites
2807 1091 2867 1148 hi
2889 1097 3058 1148 erant
3075 1092 3349 1162 Romani,

1699 1195 1908 1236 vocem
1941 1180 2287 1238 Hebraicam
2320 1183 2682 1253 ignorantes.

1771 1269 1931 1325 Vers.
1977 1274 2065 1326 48.
2116 1271 2451 1343 Statimque
2480 1305 2548 1312 —
2586 1278 2653 1327 ut
2699 1271 2935 1327 biberet.
2991 1270 3111 1326 Hoc
3170 1269 3350 1326 etiam

1699 1355 1908 1413 ludens
1933 1359 2068 1415 fecit
2097 1359 2174 1415 ad
2205 1359 2455 1415 modum
2485 1359 2846 1416 consolantis
2867 1360 3018 1415 sicut
3047 1364 3101 1414 et
3133 1373 3352 1430 praece—

1699 1445 1922 1512 dentes,
1957 1452 2058 1504 aut
2088 1449 2266 1504 etiam
2298 1453 2359 1504 ut
2413 1449 2563 1505 aceti
2603 1449 2896 1505 acerbitas
2935 1446 3156 1504 additio
3184 1447 3352 1504 ﬁeret

1697 1533 1776 1591 illi
1806 1535 2049 1592 doloris.

1769 1627 1926 1680 Vers.
1959 1627 2047 1683 49.
2085 1627 2302 1683 Cteteri
2329 1657 2396 1668 -
2423 1642 2574 1682 eum.
2609 1629 2836 1684 Marcus
2868 1641 3008 1682 vero
3047 1625 3149 1690 ait,
3183 1623 3349 1698 quod

1696 1714 1808 1770 hoc
1837 1714 2049 1772 dixerit
2081 1733 2097 1770 :
2127 1717 2338 1783 Sinite,
2388 1717 2695 1772 videamus
2727 1731 2806 1772 an
2839 1717 3036 1772 veniat
3068 1715 3236 1771 Elius
3267 1715 3349 1772 ad

1617 1817 1660 1874 Β
1697 1803 2096 1875 deponendum
2127 1821 2271 1861 eum.
2316 1804 2640 1862 Verisimile
2680 1810 2770 1861 est
2799 1809 2994 1861 autem
3021 1810 3078 1860 et
3102 1805 3265 1860 hunc
3291 1807 3350 1860 et

1696 1893 1824 1950 illos
1853 1893 1969 1950 hoc
1989 1893 2224 1951 dixisse.

1767 1983 1929 2039 Vers.
1964 1988 2052 2040 50.
2082 1987 2244 2041 Jesus
2289 1991 2481 2042 autem
2508 2015 2578 2026 —
2625 1983 2924 2054 spiritum.
2972 1984 3114 2048 Quae
3144 1986 3346 2038 autem

1694 2071 1868 2128 fuerit
1896 2089 2034 2138 vox,
2064 2073 2422 2144 signiﬁcavit
2463 2076 2666 2141 Lucas,
2700 2072 2972 2129 videlicet
3004 2087 3016 2126 :
3050 2073 3248 2136 Pater,
3285 2072 3348 2126 in

1693 2177 1900 2217 manus
1925 2168 2058 2218 tuas
2085 2163 2492 2219 commendabo
2520 2163 2795 2232 spiritum
2814 2177 3004 2218 meum
3029 2162 3096 2216 °°.
3118 2160 3348 2217 Clama~

1694 2250 1778 2306 vit
1801 2255 2002 2306 autem
2035 2267 2179 2306 voce
2225 2267 2466 2322 magna,
2515 2256 2579 2308 ut
2629 2266 2841 2307 omnes
2886 2249 3179 2315 audirent,
3221 2265 3348 2306 om-

1693 2355 1920 2413 nesque
1942 2341 2183 2410 scirent,
2209 2341 2372 2412 quod
2398 2341 2475 2396 ad
2500 2346 2828 2396 extremum
2859 2354 3046 2412 usque
3074 2338 3346 2410 spiritum

1696 2433 1923 2486 Patrem
1945 2432 2124 2485 Deum
2146 2429 2486 2503 appellaret,
2523 2431 2800 2486 universa
2822 2429 2882 2484 in
2914 2445 2984 2484 eo
3007 2432 3340 2501 reponeret,

1694 2535 1801 2576 nec
1830 2524 1982 2574 esset
2010 2518 2064 2574 ei
2094 2519 2426 2575 contrarius
2462 2534 2474 2574 :
2508 2535 2700 2590 usque
2731 2518 3021 2574 discerent
3045 2517 3209 2589 quod
3237 2532 3348 2574 sua

1693 2612 1984 2681 potestate
2030 2608 2274 2680 quando
2309 2607 2495 2663 voluit
2535 2612 2806 2662 mortuus
2855 2612 2961 2662 est.
3007 2605 3152 2661 Cum
3184 2605 3345 2661 enim

1692 2697 1839 2753 dixit
1866 2713 1879 2752 :
1912 2696 2108 2763 Pater,
2140 2697 2204 2752 in
2234 2712 2444 2752 manus
2475 2702 2604 2752 tuas
2629 2696 3044 2753 commendabo
3072 2695 3342 2766 spiritum

1691 2802 1906 2850 meum,
1934 2790 2076 2843 tunc
2107 2785 2352 2842 demum
2381 2785 2557 2841 morti
2578 2785 2867 2858 permisit,
2901 2789 2964 2841 ut
2990 2783 3069 2841 ad
3099 2799 3160 2840 se
3181 2797 3346 2840 acce-

1691 2875 1875 2933 deret.

51 3105 188 3164 σομαι,
234 3092 392 3154 δηλῶν
437 3101 522 3152 ὅτι
588 3102 722 3172 μετὰ
781 3104 968 3177 μικρὸν
1018 3101 1300 3158 έκπνεῦσει.
1351 3107 1422 3158 Τὸ
1476 3107 1578 3179 γὰρ

1762 3114 1886 3169 Non
1907 3115 2107 3168 autem
2145 3110 2309 3178 dixit,
2343 3110 2733 3177 Commendo,
2781 3109 2886 3167 sed
2919 3109 3342 3168 Commendabo

51 3186 142 3252 μετὰ
193 3189 274 3244 τήν
321 3187 593 3263 εἰρημένην
648 3195 876 3263 κραυγὴν
945 3195 1263 3264 προσέθηκεν
1327 3195 1354 3246 6
1414 3196 1580 3249 Ἰωάν-

48 3293 124 3334 νῖς.
151 3277 208 3336 ὣς
246 3282 327 3330 καὶ
362 3278 496 3331 αῦτὰ
540 3279 980 3353 παραλελειμμένα
1019 3290 1124 3344 τοῖς
1169 3284 1358 3351 ἄλλοις,
1399 3284 1578 3356 λέγων·

53 3364 326 3421 [ἱστήκεισαν
393 3364 452 3421 δε
528 3372 676 3442 παρὰ
734 3378 808 3440 τῷ
880 3381 1090 3444 σταυρῷ
1155 3381 1246 3426 τοῦ
1314 3374 1490 3432 Ἰησοῦ
1545 3376 1575 3433 ἠ

51 3457 191 3526 Μήτηρ
225 3456 392 3524 αὐτοῦ,
421 3463 513 3511 καὶ
547 3461 613 3510 τὰ
655 3459 791 3523 ἑξῆς.
847 3463 1012 3514 Εἰπὼν
1071 3459 1149 3526 δὲ,
1195 3472 1305 3526 πῶς
1332 3466 1580 3538 παρέθετο

51 3544 116 3594 τὴν
160 3543 468 3617 ἠγαπημένην
514 3553 735 3620 Μητέρα
799 3548 888 3603 κάξ
946 3553 1193 3626 παρθένον
1249 3561 1322 3624 τῷ
1377 3555 1582 3624 ἠγαπη-

49 3632 144 3697 μένῳ
183 3635 371 3708 μαθητῇ
419 3642 511 3689 καὶ
568 3640 825 3713 παρθένῳ,
875 3643 965 3691 καὶ
1015 3649 1125 3703 πῶς
1177 3637 1413 3712 διψήσας
1472 3645 1580 3696 ἔπιε

51 3719 91 3765 τὸ
119 3718 229 3789 ὄξος,
253 3722 530 3778 τελευταῖόν
571 3746 731 3799 φησιν
765 3747 777 3760 ·
828 3727 951 3782 Ὀτε
1001 3726 1088 3782 οὖν
1117 3730 1264 3784 ἔλαϐε
1307 3735 1367 3784 τὸ
1410 3732 1523 3795 ὅξος
1554 3734 1580 3785 6

47 3800 223 3898 :ltmig,
257 3808 376 3867 εἷπε.
442 3816 749 3869 Τετέλεσται
804 3833 817 3846 ·
872 3823 962 3870 καὶ
1027 3819 1202 3882 κλίνας
1266 3825 1360 3880 τὴν
1422 3841 1582 3894 κεφα-

47 3897 128 3954 λὴν,
167 3897 408 3970 παρέδωκε
453 3909 512 3957 τὸ
560 3912 784 3978 πνεῦμα.
835 3912 959 3981 Περὶ
998 3909 1064 3960 ὧν
1119 3908 1358 3962 ἁπάντων
1419 3913 1578 3974 ζήτη-

47 3996 111 4030 σιν
137 3982 175 4034 ἐν
197 3997 257 4058 τῷ
282 3995 409 4044 κατὰ
438 3993 684 4052 Ἰωάννην
722 3995 1034 4068 Εὐαγγελίῳ.

41 4155 50 4164 ι
94 4072 310 4132 Καὶὶδοὺ
347 4112 409 4122 —
463 4082 820 4156 έσχίσθησαν.
880 4087 1166 4159 [Ἐσχίσθη
1219 4089 1332 4160 (51)
1381 4092 1440 4142 τὸ
1489 4092 1578 4142 κοξ-

42 4173 178 4231 ιυμμα
219 4176 300 4220 τοῦ
337 4180 481 4237 ναοῦ,
537 4176 627 4224 καὶ
674 4171 995 4237 ἀνεκαλῦφθη
1043 4180 1106 4230 τὰ
1150 4179 1578 4251 ὑποκεκρυμμένα

1691 3200 2032 3273 signiﬁcans
2057 3201 2222 3273 quod
2250 3200 2432 3273 paulo
2456 3205 2593 3274 post
2608 3201 3018 3273 exspiraturus
3050 3200 3140 3256 sit.
3179 3199 3340 3257 Unde

1687 3295 1746 3349 et
1771 3293 2053 3355 Joannes,
2094 3305 2229 3363 qum
2282 3295 2418 3361 post
2463 3289 2690 3345 dictam
2737 3306 2946 3345 vocem
2996 3289 3152 3345 facta
3203 3293 3342 3345 sunt

1688 3381 1882 3444 refert,
1901 3385 2192 3452 tanquam
2215 3379 2391 3434 etiam
2414 3379 2492 3435 ab
2518 3377 2649 3434 aliis
2671 3379 3067 3450 praetermissa
3093 3378 3298 3434 dicens
3322 3398 3337 3434 :

1685 3471 1895 3529 Stabat
1911 3474 2104 3525 autem
2123 3470 2301 3539 juxta
2322 3483 2552 3524 crucem
2570 3467 2733 3524 Iesus
2755 3468 2952 3524 Mater
2980 3470 3106 3538 ejus
3132 3469 3200 3533 ω,
3225 3472 3336 3524 etc.

1690 3561 1799 3619 Ubi
1829 3565 2030 3616 autem
2082 3557 2246 3627 dixit,
2302 3561 2608 3630 quomodo
2649 3558 2930 3614 dilectam
2974 3559 3219 3614 Matrem
3269 3573 3342 3614 ac

1689 3650 1986 3719 Virginem
2018 3647 2235 3704 dilecto
2267 3646 2776 3704 commendaverit
2803 3647 3096 3719 discipulo
3127 3663 3199 3703 ac
3223 3647 3344 3703 vir-

1687 3738 1830 3810 gini,
1859 3743 1916 3794 et
1941 3737 2252 3810 quomodo
2283 3736 2498 3793 sitienti
2527 3735 2738 3794 datum
2768 3735 2842 3792 sit
2871 3740 3108 3792 acetum
3136 3736 3214 3793 ad
3245 3751 3344 3808 po-

1688 3827 1939 3883 tandum
1971 3843 1985 3893 ;
2018 3827 2258 3884 tandem
2279 3827 2361 3883 ait
2393 3843 2408 3884 :
2445 3826 2926 3883 Consummatum
2957 3832 3040 3883 est
3073 3829 3141 3878 ⁸³.
3175 3831 3230 3882 et
3258 3827 3346 3882 in-

1687 3916 1910 3972 clinato
1931 3917 2122 3988 capite
2139 3915 2384 3973 tradidit
2400 3917 2692 3988 spiritum,
2714 3915 2790 3970 de
2819 3914 3036 3988 quibus
3063 3915 3346 3972 omnibus

1686 4021 1885 4078 qurere
1911 4005 1972 4060 in
2005 4003 2324 4074 Evangelia
2354 4004 2688 4060 secundum
2718 4006 3034 4060 Joannem.

1760 4095 1921 4149 Vers.
1952 4098 2037 4148 5L
2070 4095 2153 4150 Et
2184 4109 2312 4150 ecce
2337 4124 2408 4134 —
2436 4094 2634 4151 scissae
2663 4103 2791 4150 sunt
2825 4095 2933 4165 (Η-
2961 4095 3225 4152 Scissum
3257 4097 3347 4150 est

1688 4181 2090 4238 velamentum
2136 4181 2338 4254 templi
2371 4189 2427 4237 et
2454 4183 2716 4238 revelata
2764 4190 2902 4238 sunt
2933 4188 3088 4239 tecta
3128 4183 3240 4238 sub
3273 4197 3344 4238 eo

37 4253 165 4344 τούτο»
208 4257 307 4326 (52)
353 4266 650 4335 μυστὴρια.
705 4262 930 4338 Ἐῥράυγη
984 4268 1050 4318 τὰ
1093 4274 1184 4319 τοῦ
1248 4271 1574 4340 γράμματος,

1762 4271 1992 4343 ysteria.
2027 4273 2219 4342 Rupta
2250 4253 2388 4326 sunt
2425 4286 2494 4327 ea
2524 4287 2660 4343 quas
2689 4278 2858 4326 erant
2895 4271 3122 4337 litterae,
3159 4285 3345 4341 appa-

36 4343 104 4387 καὶ
141 4340 274 4412 ἐφάνη
329 4350 393 4399 τὰ
440 4357 535 4402 τοῦ
587 4353 899 4424 πνεύματος.
949 4357 1042 4424 Ἦ]
1097 4356 1123 4408 6
1163 4359 1254 4428 μὲν
1300 4357 1443 4420 ἣλιος
1481 4359 1578 4432 ὴμ-

37 4431 204 4514 ῗιέσατο
249 4440 446 4505 σκότος,
491 4439 518 4490 6
566 4435 627 4491 δε
664 4443 781 4502 ναὸς
820 4443 1009 4514 ἔσχισε
1059 4447 1117 4496 τὸ
1174 4451 1574 4514 καταπέτασμα,

39 4509 254 4582 δηλοῦντες
310 4525 387 4577 ὅτι
442 4529 724 4580 πενθοῦσιν
784 4528 869 4582 επὶ
941 4539 1013 4603 τῷ
1077 4534 1356 4608 παραλόγῳ
1412 4540 1577 4609 τούτῳ

37 4603 222 4696 θεάματι.
262 4615 582 4668 Πενθοὺντων
627 4619 728 4690 γὰρ
768 4617 897 4689 ἔστι,
946 4626 1036 4673 καὶ
1078 4625 1136 4674 τὸ
1185 4624 1428 4697 ῥηγνύειν
1483 4631 1577 4685 τὴν

36 4694 204 4794 ἐῖθετα,
253 4707 338 4754 καὶ
389 4707 449 4756 τὸ
501 4708 864 4778 περιτίθεσθαι
914 4708 1098 4768 στολὴν
1153 4694 1417 4784 μέλαιναν.
1473 4722 1579 4778 Τῆς

36 4791 78 4831 π
127 4791 206 4854 γῆς
270 4793 592 4860 σεισθείσης,
653 4799 742 4848 καὶ
806 4805 906 4849 τῶν
965 4808 1163 4873 πετρῶν
1226 4805 1576 4874 σχισθεισὼν,

1687 4363 1934 4416 ruerunt
1985 4375 2056 4415 ea
2084 4375 2219 4431 quas
2278 4363 2418 4414 sunt
2447 4358 2709 4431 spiritus.
2756 4359 2902 4428 Aut)
2955 4362 3046 4414 sol
3097 4357 3343 4430 quidem

1687 4448 1944 4506 tenebris
1994 4447 2238 4503 indutus
2285 4451 2393 4513 est,
2426 4447 2714 4520 templum
2751 4462 2892 4503 vero
2941 4445 3112 4502 scidit
3143 4445 3344 4502 velum

1689 4554 1886 4603 suum,
1912 4537 2310 4609 signiﬁcando
2332 4536 2498 4610 quod
2517 4541 2754 4609 propter
2765 4535 3092 4592 absurdum
3117 4551 3186 4592 ac
3200 4534 3345 4591 irra-

1689 4626 1971 4684 tionabile
2006 4625 2788 4698 (g)spectaculumlugeret;
2822 4624 3154 4695 lugentium
3182 4624 3342 4680 enim

1689 4723 1778 4773 est
1821 4722 2040 4773 vestem
2087 4715 2375 4781 scindere,
2431 4716 2716 4788 nigraque
2789 4715 2958 4772 indui
3006 4714 3176 4772 stola.
3240 4714 3345 4770 Per

1690 4811 1907 4864 terram
1936 4811 2136 4863 autem
2173 4810 2422 4877 motam,
2456 4809 2775 4879 patresque
2813 4806 3032 4864 scissas
3082 4803 3349 4863 ostendit

85 4906 122 4940 “
146 4910 298 4970 Marc.
327 4931 426 4985 xv,
459 4921 552 4976 36.
583 4919 633 4955 ⁶⁰
654 4918 794 4977 Luc.
821 4936 982 4989 xxui,
1015 4925 1106 4984 46.
1136 4926 1182 4963 ⁶¹
1209 4925 1383 4987 Joan.
1405 4945 1530 4998 xxx,
1556 4931 1583 4986 Ξ

1762 4929 1900 4986 ibid.
1925 4933 2018 4986 30.

1340 5078 1566 5150 Variae
1603 5079 1954 5150 lectiones.

37 5229 173 5364 Ι
195 5233 528 5298 Addiderim
551 5241 641 5302 ὡς.
671 5242 860 5314 Atque
884 5241 969 5301 ita
987 5242 1234 5303 fortasse
1260 5247 1579 5309 Hentenius

82 5369 175 5445 (50)
205 5377 452 5454 Intelligo
477 5398 492 5438 :
521 5381 585 5437 Ὀ
607 5380 966 5460 προσδραμὼν
990 5391 1080 5442 καὶ
1104 5394 1344 5453 ποτίσας.

37 5547 92 5629 ω
118 5550 434 5617 Absurdum
470 5575 552 5618 ac
577 5560 1016 5622 irrationabite.
1060 5568 1122 5622 In
1151 5567 1359 5626 Graeco
1387 5585 1575 5629 unum

37 5625 466 5710 gos-abduc!
492 5708 498 5710 Δ
520 5633 819 5708 παραλόγῳ.
861 5636 1162 5710 Παράλογον
1215 5625 1360 5698 sane
1392 5625 1580 5700 est—id

41 5693 158 5756 (Ξυοά
183 5697 244 5756 ει
265 5704 404 5774 παρὰ
446 5693 620 5777 λόγον’,
663 5693 874 5766 σώεῡά
910 5693 1480 5774 νξιεέοῖεοηί
1497 5693 1579 5774 ιε

1734 5253 1874 5336 ,(51)
1906 5253 2142 5312 Inclusa
2171 5253 2232 5310 in
2262 5268 2454 5325 marg.
2485 5251 2692 5312 habet.
2720 5253 2787 5310 A.
2816 5251 3103 5311 Omiserat
3127 5254 3344 5310 ﬂente-

1687 5339 1846 5381 mus.

1760 5397 1876 5469 (52)
1905 5399 2216 5470 Μυστηρίῳ.
2249 5396 2312 5452 Β.

1687 5587 1848 5700 ἱροῦ,
1889 5572 2259 5643 inusitatum,
2299 5573 2648 5643 inauditum,
2679 5571 3053 5643 stupendum,
3096 5567 3341 5628 horren-

1727 5660 1842 5700 um.

1727 5660 1842 5702 um.
