3904 6210
520 299 617 353 731
1836 288 2191 348 EUTHYMII
2224 287 2559 349 ZIGABENI
3714 302 3783 355 τῃ

520 440 641 481 non
674 427 825 480 esset
854 422 980 495 ipse
1018 421 1117 478 Dei
1148 420 1351 488 Filius,
1382 425 1449 477 ut
1476 420 1592 493 ipsi
1622 418 1936 492 putabant.
1971 416 2105 486 Sed,

2282 420 2355 489 μὴ
2406 422 2550 479 ὄντος
2606 420 2729 473 Υίοῦ
2778 425 2871 470 τοῦ
2922 425 3075 485 Θεοῦ,
3112 421 3284 479 καθὼς
3328 418 3474 472 αὐτοὶ
3508 421 3658 492 ᾤοντο,
3693 424 3781 479 Ἀλλ’

521 514 746 570 scelesti
787 529 855 567 ac
887 512 1126 582 pessimi
1156 511 1168 563 l
1194 527 1336 581 ergo
1366 526 1475 565 nec
1508 510 1813 582 prophetas
1844 512 2013 563 erant
2044 522 2174 578 pro-

520 605 725 675 phetae,
755 617 864 656 nec
884 600 1023 671 justi
1056 599 1319 671 profecto
1363 600 1528 672 justi,
1580 615 1650 655 ex
1683 614 1805 671 quo
1855 600 2006 653 Deus
2037 596 2169 651 illos

517 707 553 746 a
584 688 854 761 periculis
876 704 994 743 non
1026 688 1253 759 eripuit.
1289 690 1503 744 Verum
1532 694 1586 745 et
1618 686 1924 760 propheta:
1946 690 2001 740 et
2025 684 2170 756 justi

515 783 695 843 erant,
729 794 839 833 nec
868 779 1072 833 minus
1091 783 1291 834 tamen
1308 778 1586 849 periculis
1621 776 2051 847 subjacuerunt
2080 790 2171 830 se-

515 868 781 923 cundum
820 868 1048 923 variam
1104 866 1635 939 dispensationem.

586 956 747 1012 Vers.
785 960 879 1013 44.
936 957 1006 1010 Id
1038 958 1233 1026 ipsum
1280 986 1348 998 —
1387 956 1458 1012 ei.
1493 956 1555 1011 Id
1586 956 1807 1027 ipsum,
1848 953 1909 1009 id
1939 958 2025 1010 est
2076 968 2171 1009 eo-

515 1046 647 1101 dem
673 1045 876 1101 modo.
902 1048 1029 1100 Non
1059 1046 1219 1101 enim
1250 1044 1489 1101 Judeeos
1524 1050 1754 1100 tantum
1778 1042 2171 1099 inﬂammavit

515 1132 810 1200 diabolus,
872 1134 970 1189 sed
1016 1140 1070 1199 et
1100 1137 1401 1191 Romanos
1434 1134 1644 1189 milites
1676 1133 1872 1189 furore
1903 1133 2168 1203 agitavit,

516 1228 572 1279 et
601 1225 762 1296 ipsos
820 1224 995 1279 etiam
1054 1224 1333 1288 latrones,
1385 1239 1739 1296 quanquam
1770 1238 1906 1278 cum
1939 1238 2009 1277 eo
2040 1238 2170 1278 cru-

515 1312 742 1381 ciﬁxos,
763 1312 1045 1367 adversus
1069 1329 1204 1367 eum
1224 1312 1615 1368 exacerbavit.
1638 1310 1947 1367 Matthzeus
1970 1312 2167 1384 itaque

512 1407 568 1457 et
596 1403 826 1457 Marcus
844 1402 891 1437 εδ
923 1404 1241 1473 utrumque
1270 1402 1437 1457 aiunt
1467 1402 1859 1473 exprobrasse
1882 1401 1952 1457 ei.
1978 1401 2168 1457 Lucas

512 1506 651 1546 vero
684 1506 869 1545 unum
894 1490 1139 1562 quidem
1164 1492 1430 1546 convitiis
1452 1491 1617 1546 illum
1641 1492 1899 1561 agitasse
1925 1490 2066 1547 dicit
2096 1491 2164 1559 ⁸⁸⁷,

511 1578 757 1634 alterum
790 1584 989 1634 autem
1020 1578 1541 1650 blasphemantem
1574 1580 1767 1651 magis
1803 1579 2163 1651 increpasse.

509 1668 767 1723 Primum
799 1668 1093 1739 siquidem
1151 1669 1332 1723 ambo
1388 1673 1768 1740 propriorum
1799 1668 1960 1724 obliti
2000 1668 2165 1725 labo-

2283 509 2321 558 ὠ
2369 513 2550 581 μιαροὶ
2607 513 2695 559 καὶ
2744 508 3089 581 παμμίαροιῑ
3135 507 3311 561 λοιπὸν
3352 506 3463 561 οὐδ’
3510 513 3553 561 οἱ
3595 524 3787 585 προφῆται

2283 594 2416 655 ἦσαν
2486 606 2768 672 προφῆται,
2829 594 2951 650 οὐδὲ
3018 600 3069 650 οἱ
3126 594 3326 650 δίκαιοι
3388 601 3569 661 πάντως
3623 599 3783 673 δίκαιοι,

2282 682 2460 745 ἐπειδὴ
2520 688 2708 748 αύτούς
2753 688 2843 739 ούκ
2897 688 3158 762 ἐξήρπασε
3202 696 3303 740 τῶν
3346 684 3580 740 κινδύνων
3623 693 3643 743 ό
3683 700 3786 755 Θεὸς.

2281 775 2434 828 Ἀλλὰ
2471 781 2572 849 μὴν
2602 782 2690 829 καὶ
2737 772 2870 835 ἦσαν
2900 782 2988 829 καὶ
3028 773 3389 830 ἐκινδύνευσαν
3421 782 3546 831 κατὰ
3578 776 3787 854 διαφόρους

2279 865 2593 938 οἰκονομίας.

2349 960 2418 1009 Τό
2475 953 2525 1009 δ’
2581 956 2706 1009 αύτὸ
2764 987 2834 997 -
2889 955 3075 1013 αὐτῶν.
3142 962 3211 1012 Τὸ
3270 954 3322 1012 δ’
3380 959 3520 1025 αὐτὸ,
3575 959 3669 1015 ἀντὶ
3712 973 3787 1029 τοῦ,

2280 1044 2563 1107 Ὡσαύτως.
2620 1046 2695 1098 Ού
2748 1049 2900 1119 μόνον
2953 1048 3053 1120 γὰρ
3105 1052 3223 1111 τοὺς
3269 1046 3545 1113 Ἰουδαίους
3589 1050 3790 1115 ἔξέκαυσιν

2278 1136 2304 1186 ὁ
2354 1130 2616 1204 διάϐολος,
2672 1136 2803 1189 ἀλλὰ
2878 1141 2965 1189 καὶ
3030 1140 3153 1200 τοὺς
3211 1136 3491 1211 Ῥωμαίους
3545 1150 3793 1213 στρατιώτας

2278 1222 2600 1297 ἐξοίστρησε,
2631 1230 2719 1277 καὶ
2748 1225 2939 1288 αύτούς
2974 1222 3033 1279 δε
3058 1230 3174 1287 τοὺς
3202 1226 3421 1300 λῃστὰς,
3442 1234 3527 1281 καὶ
3550 1237 3689 1283 ταῦτα
3710 1239 3791 1283 rh-

2278 1320 2717 1387 εσταυρωμένους,
2796 1316 3066 1388 ἐξηγρίανε
3152 1316 3263 1368 κατ’
3338 1316 3511 1369 αὐτού.
3590 1322 3794 1382 Ματθαῐος

2275 1407 2364 1476 μὲν
2420 1401 2506 1456 οὖν
2568 1410 2655 1457 καὶ
2737 1408 2946 1480 Μάρκος
3017 1410 3133 1466 τοὺς
3206 1402 3302 1459 δύο
3366 1412 3515 1478 φασιν
3584 1405 3790 1471 ὀνειδίζειν

2275 1492 2449 1545 αὐτόν’
2516 1500 2722 1556 Λουκᾶς
2776 1491 2835 1547 δὲ
2889 1498 2975 1546 τὸν
3030 1496 3115 1548 ἕνα
3182 1499 3271 1567 μὲν
3331 1494 3636 1569 βλασφημεῖν
3684 1498 3793 1549 αὐτόν

2273 1581 2426 1653 λέγει,
2497 1587 2583 1635 τὸν
2641 1585 2807 1657 ἕτερον
2868 1580 2925 1636 δε
2987 1584 3175 1655 μᾶλλον
3226 1582 3465 1656 ἐπιτιμᾷν
3501 1595 3566 1656 τῷ
3610 1585 3794 1657 βλασφη-

2272 1680 2474 1742 μούντι.
2536 1677 2635 1725 Καὶ
2680 1676 2781 1745 ’γὰρ
2838 1682 3039 1746 πρῶτον
3104 1677 3193 1745 μεν
3243 1676 3292 1725 οἱ
3362 1670 3477 1739 δύο,
3543 1683 3628 1727 τῶν
3689 1672 3795 1727 ἰδίω

509 1773 643 1813 rum
673 1756 769 1829 (Γ),
803 1773 873 1811 ex
904 1757 1250 1812 crudelitate
1279 1758 1728 1828 exprobrabant
1757 1759 1830 1823 ei,
1866 1764 2069 1830 utpote

2273 1758 2601 1833 ἐκλαθόμενοι
2658 1766 2843 1827 πόνων,
2920 1760 2971 1824 ἐξ
3044 1762 3310 1833 ὠμότητος
3364 1759 3615 1823 ὠνείδιζον
3664 1764 3793 1828 αὐτόν,

509 1846 623 1919 ipsi
644 1846 839 1901 Judai.
865 1847 1029 1901 Forte
1062 1854 1262 1901 autem
1288 1850 1468 1902 etiam
1494 1847 1553 1901 id
1571 1847 1631 1902 in
1657 1847 1909 1919 gratiam
1935 1848 2163 1903 Judaao-

509 1951 642 1989 rum
673 1934 992 1999 faciebant,
1039 1940 1103 1990 ut
1140 1939 1381 2007 propter
1416 1935 1530 1991 hoc
1570 1936 1729 2008 ipsos
1773 1937 2159 2009 deponerent.

509 2023 888 2079 Postmodum
918 2039 1061 2079 vero
1091 2024 1237 2080 alter
1267 2026 1618 2096 paenitentia
1642 2025 1858 2081 ductus
1885 2032 1973 2082 est
2000 2044 2012 2081 :
2039 2034 2161 2082 tum

508 2112 755 2183 quidem
813 2112 1021 2168 Christi
1075 2113 1247 2182 signa
1306 2113 1383 2169 ad
1436 2115 1791 2170 memoriam
1848 2131 2159 2181 revocans,

510 2205 763 2273 ejusque
807 2202 1317 2258 conversationem
1375 2202 1740 2275 inculpatam
1786 2219 1799 2258 :
1846 2208 1975 2259 tum
2026 2220 2160 2260 vero

510 2290 711 2346 audito
741 2291 905 2363 quod
928 2291 1106 2347 etiam
1132 2308 1239 2363 pro
1265 2293 1359 2347 his
1382 2292 1485 2365 qui
1509 2294 1707 2365 ipsum
1735 2293 2162 2363 crucifigebant

508 2379 956 2451 intercessisset,
986 2380 1165 2436 veluti
1192 2381 1426 2453 scripsit
1446 2383 1634 2437 Lucas
1662 2384 1709 2418 ⁵⁸
1734 2400 1747 2448 ;
1778 2384 1980 2438 νιάοῃε
2012 2400 2155 2455 prae-

508 2473 667 2524 terea
704 2474 760 2524 et
796 2484 994 2525 aerem
1034 2474 1245 2542 praeter
1283 2476 1558 2527 naturam
1610 2471 2013 2527 obscuratum.

581 2575 744 2630 Vers.
777 2576 864 2630 45.
898 2577 945 2631 Α
978 2608 1039 2616 ——
1072 2593 1311 2633 nonam.
1345 2579 1480 2634 Post
1509 2579 1851 2651 petulantiae
1878 2597 1943 2635 ac
1968 2598 2159 2637 scom-

506 2670 737 2720 matum
792 2666 1119 2721 satietatem
1174 2667 1235 2722 id
1289 2668 1510 2723 factum
1561 2674 1666 2733 est,
1701 2674 1765 2724 ut
1815 2670 2159 2741 quiescente

502 2753 627 2824 jam
673 2754 887 2821 furore,
934 2755 1161 2828 aliquid
1205 2773 1240 2813 a
1282 2757 1567 2813 miraculo
1614 2758 1889 2815 lucriﬁeri
1936 2768 2156 2832 posset.

505 2842 928 2899 Admirabilius
977 2846 1137 2902 enim
1185 2851 1310 2902 erat
1346 2847 1475 2901 haec
1514 2846 1706 2903 facere
1764 2864 1901 2929 eum
1946 2849 2051 2921 qui
2094 2850 2155 2905 in

506 2947 679 2987 cruce
712 2933 1029 3005 pendebat,
1061 2951 1246 3007 quam
1297 2952 1329 2990 ο
1355 2951 1528 2993 cruce
1568 2936 1946 2994 descendere.
1983 2939 2154 3005 Quod

508 3020 555 3075 si
599 3021 728 3076 haec
753 3038 892 3078 eum
931 3022 1124 3079 facere
1173 3040 1291 3081 non
1339 3025 1821 3097 suspicabantur,
1865 3028 1961 3083 sed
1994 3028 2157 3100 quod

2274 1847 2525 1903 Ἰουδαῖοι
2569 1856 2656 1903 καὶ
2702 1851 2851 1903 αὐτοὶ
2901 1855 3053 1912 ὄντες
3108 1855 3235 1913 ἴσως
3282 1848 3339 1904 δὲ
3387 1857 3475 1904 καὶ
3522 1856 3637 1927 πρὸς
3678 1854 3796 1924 χάριν

2269 1948 2366 1991 τῶν
2407 1936 2697 2004 Ἰουδαίων,
2756 1941 2837 1991 ἶνα
2885 1937 2979 1993 διὰ
3028 1948 3180 1992 τοῦτο
3227 1944 3592 2013 κατενέγκωσιν
3625 1941 3789 2001 αύτούς.

2268 2026 2511 2103 ’Υστερον
2545 2026 2603 2081 δε
2633 2034 2933 2101 μετενόησεν
2966 2032 2991 2081 ὁ
3035 2026 3134 2091 εἷς’
3180 2037 3331 2083 τοῦτο
3371 2034 3481 2103 μὶν,
3512 2031 3796 2102 ὑπομνησθεὶς

2270 2126 2369 2169 ἰῶν
2422 2123 2648 2190 σημείων
2687 2127 2778 2170 τοῦ
2826 2126 3062 2193 Χριστοῦ
3105 2125 3193 2171 καὶ
3232 2127 3328 2181 τῆς
3375 2118 3689 2177 ἀνεπιλήπτου
3730 2136 3796 2167 πο-

2269 2206 2455 2269 λιτείας
2500 2208 2679 2261 αὐτοῦ’
2730 2216 2882 2261 τοῦτο
2927 2205 2987 2262 δε
3033 2214 3123 2261 καὶ
3170 2208 3401 2271 ἀκούσας
3452 2210 3794 2282 ὑπερενχομένον

2268 2305 2367 2350 τῶν
2434 2299 2845 2369 σταυρωσάντων
2919 2298 3128 2370 μᾶλλον,
3188 2302 3253 2359 ὡς
3309 2301 3556 2373 ἱστόρησε
3622 2300 3792 2354 Λουκᾶς

2268 2388 2343 2439 ἔτι
2427 2383 2485 2439 δι
2567 2392 2655 2439 καὶ
2731 2384 2854 2439 ἰδών
2920 2391 3004 2439 τὸν
3074 2386 3202 2461 ἀέρα
3277 2389 3627 2459 σκοτιζόμενον
3691 2386 3795 2456 παρὰ

2267 2478 2438 2548 φύσιν.

2338 2565 2467 2619 Ἀπὸ
2530 2598 2595 2606 -
2651 2565 2874 2627 ἐννάτης.
2937 2568 3077 2621 Μετὰ
3126 2570 3211 2618 τὸν
3258 2571 3412 2639 κόρον
3464 2575 3552 2628 τῆς
3586 2568 3796 2636 παροινίας

2266 2660 2355 2706 καὶ
2401 2664 2499 2707 τῶν
2537 2658 2863 2727 σκωμμάτων
2916 2664 3068 2707 τοῦτο
3110 2660 3333 2727 γέγονεν,
3381 2658 3463 2707 ἵνα
3502 2653 3599 2714 ἠδη
3633 2654 3798 2706 navib-

2266 2764 2351 2806 τος
2398 2752 2489 2797 τοῦ
2531 2747 2696 2816 θυμοῦ
2737 2742 2985 2819 κερδᾶναί
3032 2765 3081 2797 τι
3116 2742 3418 2803 δυνηθῶσιν
3468 2745 3562 2797 ἀπὸ
3598 2752 3673 2795 τού
3710 2743 3796 2792 θαύ-

2267 2853 2448 2907 ματος.
2508 2842 2611 2887 Τοῦ
2668 2833 2954 2893 καταϐῆναι
3013 2837 3110 2907 γὰρ
3174 2833 3275 2886 ἀπὸ
3316 2844 3410 2887 τοῦ
3458 2840 3664 2907 σταυροῦ
3706 2833 3798 2883 Gav-

2266 2928 2584 2997 μαστότερον
2653 2920 2712 2982 ἧν
2776 2927 2832 2976 τὸ
2898 2930 3115 2976 τοιαῦτα
3169 2933 3331 2976 ποιεῖν
3404 2925 3692 2999 κρεμάμενον
3740 2920 3798 2970 ἐπὶ

2266 3021 2357 3065 τοῦ
2404 3021 2651 3086 σταυροῦ.
2704 3013 2763 3064 Εἰ
2812 3010 2871 3066 δὲ
2921 3018 2992 3085 μὴ
3033 3013 3188 3065 αὐτὸν
3225 3021 3394 3065 ταῦτα
3442 3020 3593 3066 ποιεῖν
3626 3009 3798 3079 umidu-

506 3111 627 3166 Deo
656 3110 783 3167 haec
814 3118 1096 3185 operante
1125 3095 1522 3186 provenirent,
1568 3116 1770 3172 timere
1811 3134 1949 3173 sane
1985 3134 2104 3189 opo

2273 3102 2437 3169 ϐανον,
2487 3101 2613 3154 ἀλλὰ
2650 3107 2758 3165 καὶ,
2802 3105 2869 3165 ὡς
2911 3110 3002 3155 τοῦ
3050 3110 3181 3156 Θεοῦ
3225 3111 3395 3155 ταῦτα
3424 3110 3685 3163 ποιοῦντος,
3724 3095 3799 3150 ἔδει

506 3201 680 3266 tebat,
728 3206 783 3258 et
827 3202 1149 3272 intelligere
1198 3206 1362 3277 quod
1404 3210 1648 3278 propter
1674 3206 1836 3263 hunc
1884 3207 1962 3263 ad
2003 3208 2156 3263 iram

506 3296 845 3345 commotus
895 3299 1068 3349 esset.
1116 3296 1316 3367 Neque
1360 3296 1521 3351 enim
1564 3296 1761 3352 dicere
1814 3302 2153 3368 potuerunt,

504 3380 669 3452 quod
723 3381 862 3437 solis
919 3382 1150 3455 eclipsis
1206 3386 1539 3442 secundum
1602 3392 1880 3443 naturam
1935 3393 2088 3443 esset
2140 3405 2154 3454 ;

504 3485 643 3525 nam
676 3471 806 3541 ipsa
842 3477 897 3527 et
927 3472 985 3525 in
1028 3488 1149 3527 uno
1180 3474 1465 3545 temporis
1506 3475 1715 3530 accidit
1743 3483 2068 3543 momento,
2103 3481 2159 3532 et

506 3558 585 3615 ab
600 3576 720 3615 una
734 3566 897 3630 parte
915 3566 1167 3625 terrae,et
1180 3578 1298 3617 non
1318 3564 1376 3617 in
1390 3563 1620 3619 decimo
1635 3571 1848 3636 quarto
1866 3565 1959 3620 die
1977 3565 2155 3632 lunae;

502 3647 596 3703 hae
628 3663 768 3702 vero
817 3648 1074 3703 tenebrae
1106 3656 1161 3704 et
1188 3650 1265 3704 ad
1305 3656 1421 3706 tres
1449 3653 1631 3708 horas
1681 3660 2155 3725 perseverarunt,

502 3740 559 3791 et
587 3751 766 3807 super
804 3737 1140 3792 universam
1172 3743 1385 3796 terram
1421 3757 1432 3795 :
1464 3749 1518 3797 et
1548 3742 1781 3798 decimo
1811 3749 2021 3814 quarto
2061 3744 2157 3800 die

502 3823 660 3879 lunae
699 3824 945 3896 quando
976 3825 1341 3897 impossibile
1385 3836 1474 3885 est
1505 3831 1837 3887 secundum
1878 3838 2153 3891 naturam

505 3911 844 3984 contingere
871 3913 1011 3970 solis
1059 3915 1352 3989 eclipsim.

576 4002 730 4055 Vers.
762 4002 847 4057 46.
884 4003 1135 4059 σι’νείιεν
1164 4036 1223 4045 -
1263 4006 1625 4078 dereliquisti
1649 4008 1676 4063 ?
1704 4009 2043 4067 Davidicum
2070 4017 2159 4069 est

504 4090 772 4145 verbum.
809 4091 1090 4147 Hebraice
1121 4100 1321 4150 autem
1348 4096 1550 4168 ipsum
1594 4098 1891 4167 clamavit,
1926 4106 1987 4156 ut
2018 4102 2157 4158 solis

502 4179 762 4236 Hebraeis
802 4187 1008 4236 notum
1039 4182 1219 4249 ﬁeret,
1249 4184 1349 4256 qui
1377 4185 1483 4240 soli
1533 4187 1813 4245 Davidica
1842 4195 2154 4247 noverant.

501 4272 727 4326 Marcus
760 4287 900 4326 vero
930 4272 1085 4337 Eloi,
1122 4274 1251 4329 Eloi
1289 4276 1536 4348 scripsit.
1569 4277 1933 4347 Signiﬁcavit
1957 4286 2156 4337 autem

503 4359 607 4423 Eli,
642 4360 800 4415 Deus
824 4360 907 4416 mi
937 4377 954 4415 :
986 4362 1103 4417 Eloi
1152 4379 1309 4430 vero,
1357 4365 1509 4420 Deus
1539 4382 1717 4423 meus.

571 4450 883 4506 Clavorum
915 4468 1057 4524 ergo
1096 4452 1402 4509 doloribus
1456 4455 1796 4527 depressus,
1848 4459 1928 4514 ait
1962 4476 1974 4514 :
2003 4462 2155 4518 Deus
2191 4459 2231 4513 D

502 4555 680 4607 meus,
716 4541 867 4595 Deus
899 4556 1079 4609 meus,
1104 4549 1162 4596 ιιι
1188 4543 1336 4613 quid
1369 4544 1740 4616 dereliquisti
1777 4563 1867 4603 me
1886 4546 1915 4602 Ῡ
1934 4548 2045 4604 hoc
2067 4556 2158 4607 est

502 4633 739 4697 propter
768 4629 912 4699 quid
946 4645 1040 4684 me
1090 4630 1364 4687 dimisisti
1420 4639 1479 4687 ut
1513 4635 1863 4691 sustinerem
1896 4638 2151 4694 dolores.

504 4716 625 4770 Hoc
646 4721 845 4772 autem
866 4718 1029 4783 dixit,
1055 4721 1423 4777 conﬁrmans
1444 4723 1623 4795 quod,
1650 4724 1801 4782 sicut
1829 4727 1889 4782 in
1912 4730 2155 4786 veritate

502 4804 833 4861 humanam
857 4811 1185 4880 assumpsit
1204 4815 1498 4879 naturam,
1522 4813 1603 4869 ita
1619 4831 1857 4888 quoque
1873 4833 2010 4873 vere
2028 4835 2157 4875 cru-

503 4892 710 4951 ciﬁxus
734 4899 840 4962 est,
873 4900 930 4951 et
956 4911 1077 4952 non
1104 4898 1476 4970 phantastice
1504 4909 1681 4974 prout
1709 4906 1868 4962 multi
1897 4907 2157 4967 hmretici

502 4983 846 5040 delirarunt.
889 4988 1085 5057 Neque
1123 4988 1281 5043 enim
1307 4989 1423 5045 nisi
1453 4990 1663 5048 dolens
1698 4994 1778 5051 ita
1817 4995 2153 5057 clamasset.

576 5153 825 5226 “jMarc.
856 5170 952 5224 xv,
985 5159 1072 5213 32.
1151 5158 1199 5196 ⁵⁷
1228 5158 1369 5217 Luc.
1399 5160 1560 5233 xxiii,
1593 5162 1679 5229 39,
1713 5166 1803 5222 40.

1879 5167 1927 5203 ⁵⁸
1956 5166 2106 5228 ibid.
2140 5174 2230 5228 3L.

2269 3191 2559 3264 φοϐηθῆναι
2600 3196 2690 3244 καὶ
2731 3188 2960 3244 συνιδεῖν
3010 3194 3090 3244 ὅτι
3121 3189 3195 3245 δι’
3231 3192 3390 3244 αύτόν
3436 3192 3695 3266 ὀργίζεται.
3731 3190 3800 3240 Καὶ

2266 3286 2366 3355 γὰρ
2426 3282 2519 3333 ούκ
2578 3279 2836 3340 ἠδύναντο
2891 3281 3050 3353 λέγειν
3109 3284 3187 3334 ὃτι
3245 3286 3381 3334 κατά
3437 3286 3583 3355 φύσιν
3630 3278 3802 3346 ἔκλειψις

2268 3371 2415 3429 ἡλίου
2472 3368 2551 3429 ἦν.
2590 3372 2728 3429 Αύτη
2785 3374 2872 3443 μὲν
2912 3374 3010 3443 γὰρ
3058 3376 3144 3424 καὶ
3192 3370 3239 3423 ἐν
3272 3378 3373 3443 μιᾷ
3401 3374 3533 3447 ῥοπῇ
3567 3375 3721 3443 καιροῦ
3744 3370 3800 3434 7t-

2267 3480 2423 3526 νεται,
2464 3467 2552 3512 καὶ
2597 3460 2643 3512 ἐν
2696 3461 2770 3513 ἐνί
2822 3465 2962 3533 μέρει
3001 3468 3097 3523 τῆς
3145 3468 3265 3533 γῆς,
3307 3466 3400 3513 καὶ
3433 3462 3523 3514 οὐκ
3561 3460 3604 3512 ἐν
3722 3474 3803 3506 τῑσ·

2269 3547 2718 3623 σαρεσκαιὸεκάτη
2775 3559 2865 3610 τῆς
2929 3551 3164 3611 σελήνης.
3227 3553 3396 3606 Τούτο
3447 3549 3504 3603 δὲ
3555 3554 3607 3601 τό
3664 3550 3803 3601 σκότος

2266 3645 2356 3692 καὶ
2402 3638 2483 3691 ἐπὶ
2531 3648 2668 3713 τρεῖς
2718 3642 2850 3714 ὥρας
2899 3637 3164 3712 διήρκεσε,
3208 3645 3296 3691 καὶ
3352 3641 3436 3692 ἐπὶ
3477 3646 3637 3692 πᾶσαν
3672 3640 3805 3705 γέγονε

2265 3735 2357 3787 τὴν
2399 3737 2517 3799 γῆν,
2570 3734 2659 3780 καὶ
2699 3727 2746 3779 ἐν
2796 3737 2856 3800 τῇ
2898 3725 3447 3802 τεσσαρεσκαίδεκάτῃ
3492 3736 3579 3789 τῆς
3618 3725 3801 3782 σελήνης»

2268 3822 2371 3889 ὅτε,
2426 3818 2741 3876 πανσελήνου
2799 3817 2982 3881 οὓσης,
3038 3816 3312 3890 ἀμήχανον
3372 3817 3661 3892 συμϐαίνειν
3707 3814 3805 3864 κατὰ

2267 3913 2421 3983 φύσιν
2452 3908 2674 3979 ἰκλειψιν
2700 3908 2867 3967 ἡλίου.

2340 4004 2463 4071 Περὶ
2521 4030 2587 4038 -
2641 3996 3004 4068 ἐγκατέλιπες
3066 4000 3339 4049 Δαυῑτικὸν
3408 4001 3499 4069 μεν
3563 4001 3616 4048 τὸ
3671 3994 3804 4069 ῥητόν

2266 4087 2528 4162 Ἐϐραϊστὶ
2578 4084 2636 4139 δὲ
2682 4094 2836 4139 τοῦτο
2882 4085 3175 4151 ἀνεϐόησε-ν,
3247 4088 3331 4139 ἶνα
3379 4094 3553 4159 μόνοις
3602 4084 3808 4155 Ἑϐραίοις

2265 4178 2549 4249 γνωρισθῇ,
2611 4179 2782 4247 μόνοις
2830 4172 3001 4228 εἰδόσι
3058 4179 3124 4226 τὰ
3182 4178 3456 4228 Δαυῑτικοί.
3518 4178 3705 4246 Μάρκος
3750 4165 3806 4227 δῖ»

2263 4268 2430 4332 Ἐλωί,
2470 4264 2615 4318 Ἐλωί
2655 4264 2869 4339 ἔγραψε.
2921 4264 3075 4322 Δηλοῖ
3105 4261 3165 4317 δὲ
3204 4269 3261 4316 τὸ
3307 4270 3400 4337 μὲν
3434 4266 3564 4329 Ἠλὶ,
3605 4266 3687 4316 Θεέ
3718 4278 3807 4331 μονν

2266 4358 2323 4407 τὸ
2354 4352 2413 4407 δι
2442 4354 2612 4419 Ἐλωί,
2642 4353 2701 4405 Ὀ
2733 4357 2862 4415 Θεὸς
2891 4372 3011 4424 μου.

2334 4445 2423 4506 Ὀς
2464 4444 2580 4515 (48)
2620 4444 2890 4515 ἄνθρωπος
2932 4438 3011 4509 δε,
3052 4451 3167 4504 ταῖς
3210 4441 3311 4495 ἀπὸ
3342 4453 3444 4496 τῶν
3486 4444 3613 4503 ἧλων
3649 4437 3814 4493 eam;

2266 4535 2589 4595 καταταθεῖς,
2647 4536 2795 4604 φησί’
2857 4535 2953 4584 Θεέ
3004 4550 3126 4603 μου,
3176 4537 3273 4584 Θεέ
3321 4553 3447 4605 μου,
3497 4536 3626 4584 ἱνατί
3660 4548 3712 4602 με
3752 4530 3811 4594 ἑγ-

2264 4623 2568 4687 κατέλιπες;
2634 4622 2815 4692 ἡγουν,
2871 4618 3016 4672 διατί
3070 4640 3131 4692 με
3200 4621 3393 4693 ἀφῆκες
3450 4624 3612 4682 οὕτως
3669 4615 3815 4670 ὀδυνᾶ-

2268 4716 2417 4768 σθαι.
2477 4718 2642 4764 Τοῦτο
2692 4708 2750 4763 δε
2794 4706 2900 4762 εἶπε
2949 4708 3173 4781 βεϐαιῶν
3214 4713 3314 4776 ὅτι,
3366 4715 3544 4785 ὥσπερ
3582 4711 3684 4761 κατ’
3724 4706 3815 4759 m-

2267 4805 2404 4855 θειαν
2448 4802 2860 4875 ίνηνθρώπησεν,
2910 4800 3040 4852 οὕτω
3082 4804 3170 4852 καὶ
3216 4801 3329 4853 κατ’
3381 4800 3623 4861 ἀλήθειαν
3675 4798 3818 4850 ἑστιω-

2264 4894 2427 4966 ρώθη,
2480 4896 2569 4942 καὶ
2617 4889 2675 4942 οὗ
2714 4892 2850 4941 κατὰ
2900 4895 3211 4961 φαντασίαν,
3240 4893 3311 4951 ὡς
3352 4892 3538 4945 πολλοὶ
3584 4899 3676 4942 τῶν
3712 4886 3815 4959 αἰρε-

2264 4990 2419 5034 τικῶν
2469 4979 2750 5053 ἐλήρησαν.
2809 4977 2885 5031 Οὐ
2937 4980 3035 5053 γὰρ
3088 4980 3149 5031 ἄν
3202 4976 3527 5055 ὀδυνώμενος
3575 4980 3718 5038 οὕτως
3760 4972 3815 5026 ὲν

2266 5070 2494 5131 εϐόησεν.

1870 5318 2094 5390 Variae
2130 5320 2482 5391 lectiones.

574 5479 689 5551 (48)
716 5476 801 5539 Ὠς
842 5479 1111 5555 ἄνθρωπός
1136 5477 1215 5551 δέ,
1262 5496 1385 5538 non
1411 5482 1592 5543 habet
1622 5485 1966 5546 Hentenius.

573 5687 649 5759 (ί)
693 5686 1009 5745 Labarum.
1041 5687 1235 5747 Malim
1276 5687 1546 5747 dolorum
1577 5694 1681 5748 aut
1724 5693 2041 5752 cruciatus.
