3904 6210
100 353 186 411 733
905 344 1280 405 COMMENT.
1330 344 1402 402 IN
1441 335 1892 400 MATTI-LEUM-
1933 372 2004 383 —
2041 339 2199 399 CAP.
2241 339 2470 400 XXVII.
3263 333 3371 400 734

153 479 273 534 Ἐστι
316 473 368 530 δε
411 480 492 528 καὶ
537 476 710 548 ἑτέρως
759 474 918 529 εἰπεῖν
965 475 1066 543 ὃτι,
1111 469 1219 533 ἤδη
1266 471 1603 530 ἀποθνήσκων

1787 469 1980 525 Potest
2009 475 2206 525 autem
2238 472 2292 525 et
2325 467 2491 524 aliter
2516 467 2656 539 dici,
2699 467 2862 541 quod
2889 468 3018 540 jam
3045 483 3150 541 pro
3178 468 3370 525 homi-

101 571 196 642 ὑπὲρ
260 575 340 620 τῶν
404 565 688 640 ἁνθρωπων,
768 570 1030 638 προσώπῳ
1091 571 1184 615 τοῦ
1261 566 1442 634 γένους
1509 571 1603 614 τῶν

1786 557 1900 613 bus
1952 559 2212 614 moriens
2253 560 2312 614 in
2360 574 2614 630 persona
2645 559 2876 630 generis
2920 558 3171 614 humani
3209 558 3369 615 dicta

99 656 319 729 ἀνθρώπων
384 654 616 713 ἀνεϐόησε
691 658 784 712 τὴν
845 650 1166 711 δηλωθεῖσαν
1223 657 1413 724 φωνήν,
1473 655 1603 708 Φησὶ

1782 647 1995 704 amavit
2041 661 2209 705 voce.
2285 648 2380 703 Ait
2428 649 2588 704 enim
2647 647 2960 717 Gregorius
3013 648 3366 718 Theologus,

97 751 172 817 γὰρ
226 746 247 795 ὁ
301 747 524 816 Θεολόγος
602 747 881 818 Γρηγὸριος
951 743 1032 794 ὅτι
1112 740 1158 794 ἐν
1231 741 1397 812 ἐαυτῷ
1452 747 1603 793 τυποῖ

1782 737 1879 792 iod
1911 737 1971 792 in
2003 738 2201 809 seipso
2231 738 2446 806 ﬁgurat
2484 737 2648 810 quod
2679 741 2946 792 nostrum
2979 739 3073 795 est
3103 753 3115 801 ;
3151 751 3261 791 nos
3295 736 3368 790 si-

97 837 139 886 τό
189 836 405 906 ἡμέτερον.
456 831 622 904 Ἡμεῖς
676 834 779 907 γὰρ
825 831 951 904 ἧμιν
1001 832 1050 884 οἱ
1098 829 1603 903 ἐγκαταλελειμμένοι

1782 825 1960 881 iidem
1974 826 2235 899 primum
2250 826 2508 882 derelicti
2525 842 2755 881 eramus
2769 841 2837 880 ac
2849 824 3130 897 despecti,
3150 824 3367 880 deinde

97 927 160 974 καὶ
197 925 536 996 παρεωραμένοι
595 926 866 996 πρότερον,
910 917 1022 973 εἶτα
1070 927 1159 972 νῦν
1223 919 1603 996 προσειλημμέ-

1782 929 1876 970 mc
1906 915 2202 987 assumpti
2227 931 2294 971 ac
2323 915 2535 971 servati
2580 930 2788 970 sumus
2826 913 2979 969 illius
3024 913 3367 970 afﬂictioni-

96 1031 149 1062 νοι
167 1016 235 1062 καὶ
254 1014 539 1081 σεσωσμένοι
566 1018 675 1071 τοῖς
703 1010 865 1063 αὐτοῦ
894 1012 1106 1064 πάθεσι.
1714 1001 1848 1059 bus.

140 1103 247 1159 Tui;
271 1131 328 1140 —
355 1098 507 1160 οὗτος.
541 1107 860 1175 Στρατιώται
888 1104 977 1152 καὶ
1009 1098 1149 1152 οὗτοι
1177 1099 1312 1158 ἦσαν
1336 1097 1601 1164 Ῥωμαῖοι,

1788 1093 1945 1149 Vers.
1977 1095 2065 1148 47.
2103 1092 2355 1160 Quidam
2369 1093 2578 1149 —iste.
2593 1091 2798 1148 Milites
2819 1090 2880 1146 hi
2902 1095 3071 1146 erant
3088 1089 3362 1159 Romani,

94 1193 160 1245 τὴν
177 1184 388 1260 Ἐϐραῖδα
416 1193 578 1261 φωνην
605 1188 924 1261 ἀγνοοῦντες.

1782 1196 1922 1238 μοθω
1954 1180 2302 1238 Hebraicam
2333 1183 2696 1252 ignorantes.

141 1278 218 1332 Καὶ
278 1277 442 1340 εὐθέως
504 1309 572 1320 -
639 1277 872 1341 ἕπότιζεν
931 1279 1105 1333 αὐτόν.
1174 1279 1386 1339 Παίζων
1450 1285 1602 1331 τοῦτο

1785 1269 1944 1326 Vers.
1990 1274 2079 1326 48.
2130 1271 2464 1342 Statimque
2493 1303 2562 1310 —
2599 1276 2667 1326 ut
2712 1269 2948 1326 biberet.
3003 1269 3125 1324 Hoc
3183 1267 3364 1324 etiam

92 1371 277 1424 πεποίηκε
320 1367 422 1438 (49)
459 1377 774 1444 παρηγορῶν
821 1365 1000 1435 δῆθεν,
1049 1370 1224 1431 καθὼς
1279 1372 1369 1421 καὶ
1424 1369 1449 1420 ὀ
1503 1370 1603 1443 πρὸ

1782 1357 1922 1414 dens
1947 1359 2082 1414 fecit
2111 1359 2189 1414 ad
2219 1359 2469 1414 modum
2499 1357 2860 1414 consolantis
2881 1358 3032 1412 sicut
3060 1362 3114 1412 et
3148 1371 3366 1428 praece-

89 1455 277 1525 τᾶτοῦ,ἠ
321 1461 400 1509 καὶ
445 1459 527 1510 ἶνα
579 1460 610 1517 ἠ
671 1455 934 1534 δριμύτης
973 1466 1062 1512 τοῦ
1111 1459 1261 1522 ὄξους
1324 1460 1600 1532 προσθήκη

1782 1452 1936 1513 τηίθε,
1970 1452 2072 1504 aut
2102 1449 2281 1504 etiam
2313 1452 2374 1504 ut
2427 1447 2577 1503 aceti
2618 1446 2910 1503 acerbitas
2949 1444 3170 1502 additio
3198 1444 3366 1501 ﬁeret

87 1548 243 1613 γένηται
265 1553 346 1608 τῆς
373 1542 526 1607 ὀδύνη
537 1569 578 1610 ς,

1782 1535 1790 1590 i
1819 1536 2064 1593 doloris.

135 1635 261 1685 οἰ-
285 1634 450 1694 αὐτόν.
489 1641 700 1708 Μάρκος
757 1633 817 1691 δέ
869 1657 1026 1710 φησιν
1066 1639 1145 1690 ὅτι
1193 1637 1348 1700 αὐτὸς
1379 1637 1541 1709 ἔλεγεν
1581 1652 1594 1666 ⁸

1782 1627 1940 1680 Vers.
1973 1627 2061 1682 49.
2099 1627 2317 1683 Ceteri
2345 1657 2411 1667 —
2439 1641 2589 1682 eum.
2625 1628 2852 1682 Marcus
2882 1639 3023 1680 vero
3061 1623 3164 1688 ait,
3198 1621 3362 1696 quod

83 1719 236 1792 Ἄφετε,
271 1719 468 1797 ἴδωμεν,
523 1726 568 1780 εἰ
626 1729 836 1801 ἔρχεται
897 1726 1070 1788 Ἠλίας
1129 1726 1357 1780 καθελεῖν
1425 1725 1599 1782 αὐτὸν.

1782 1732 1822 1770 με
1851 1714 2064 1772 dixerit
2095 1733 2112 1771 :
2142 1716 2352 1782 Sinite,
2403 1715 2710 1772 videamus
2741 1729 2821 1771 an
2855 1716 3053 1771 veniat
3083 1713 3251 1769 Elias
3281 1712 3363 1769 ad

83 1810 193 1875 Εἰκὸς
216 1809 265 1866 δέ
280 1821 417 1867 τοῦτο
444 1815 610 1889 λέγειν
635 1814 904 1878 κάκείνους
925 1820 1016 1868 καὶ
1045 1823 1244 1869 τοῦτον.

1782 1805 2111 1876 ponendum
2142 1821 2286 1861 eum.
2329 1803 2656 1862 Verisimile
2695 1809 2785 1860 est
2815 1808 3008 1860 autem
3037 1807 3093 1859 et
3117 1803 3280 1858 hunc
3305 1805 3364 1858 et

1710 1893 1837 1950 illos
1867 1894 1983 1951 hoc
2003 1894 2240 1951 dixisse.

1782 1983 1944 2039 Vers.
1979 1988 2066 2040 50.
2097 1986 2259 2041 Jesus
2305 1990 2498 2040 autem
2524 2014 2595 2026 —-
2641 1982 2940 2053 spiritum.
2987 1982 3129 2047 Quas
3159 1984 3361 2036 autem

1709 2072 1883 2129 fuerit
1910 2089 2049 2138 vox,
2079 2073 2439 2143 signiﬁcavit
2479 2075 2682 2140 Lucas,
2714 2071 2986 2128 videlicet
3019 2085 3030 2124 :
3066 2071 3263 2134 Pater,
3301 2069 3363 2123 in

1707 2177 1913 2218 manus
1939 2167 2072 2218 tuas
2099 2163 2508 2218 commendabo
2537 2162 2811 2231 spiritum
2829 2175 3019 2217 meum
3043 2160 3111 2213 ⁸ο.
3133 2158 3362 2214 Clama~

1708 2251 1792 2306 vit
1816 2255 2016 2306 autem
2049 2267 2196 2306 voce
2242 2267 2483 2322 magna,
2531 2255 2595 2306 ut
2644 2265 2857 2306 omnes
2901 2248 3194 2314 audirent,
3236 2262 3364 2303 om-

1708 2355 1935 2413 nesque
1957 2341 2199 2410 scirent,
2226 2339 2390 2412 quod
2415 2340 2491 2395 ad
2517 2346 2844 2395 extremum
2875 2353 3061 2410 usque
3089 2336 3361 2408 spiritum

1710 2433 1939 2486 Patrem
1960 2431 2140 2485 Deum
2162 2429 2503 2502 appellaret,
2540 2429 2816 2484 universa
2838 2428 2897 2483 in
2929 2443 3000 2482 eo
3022 2429 3356 2498 reponeret,

1709 2535 1816 2576 nec
1845 2523 1998 2575 esset
2025 2518 2079 2574 ei
2111 2518 2443 2574 contrarius
2479 2533 2491 2572 :
2525 2533 2716 2588 usque
2747 2516 3037 2571 discerent
3061 2514 3225 2587 quod
3253 2529 3364 2572 sua

1708 2612 2000 2681 potestate
2045 2607 2290 2679 quando
2326 2605 2513 2662 voluit
2552 2610 2823 2661 mortuus
2871 2609 2977 2660 est.
3022 2603 3168 2658 Cum
3200 2603 3361 2658 enim

1707 2697 1855 2754 dixit
1881 2713 1895 2752 :
1927 2696 2124 2763 Pater,
2156 2696 2221 2752 in
2251 2711 2461 2752 manus
2492 2701 2621 2751 tuas
2647 2693 3060 2751 commendabo
3088 2692 3359 2763 spiritum

1707 2801 1923 2851 meum,
1950 2790 2093 2842 tunc
2123 2785 2370 2842 demum
2398 2784 2574 2841 morti
2595 2783 2884 2857 permisit,
2918 2786 2981 2839 ut
3007 2780 3087 2838 ad
3116 2797 3177 2838 se
3199 2795 3363 2838 acce-

1706 2875 1891 2933 deret.

125 2023 170 2077 ’0
207 2023 257 2080 δι
300 2027 498 2092 Ἰησοῦς
549 2061 618 2072 —-
662 2038 888 2103 πνεῦμα.
962 2037 1056 2093 Τίς
1127 2027 1186 2086 δὲ
1239 2034 1300 2092 ἧν
1353 2034 1383 2092 ἠ
1436 2037 1598 2105 φωνὴ,

77 2109 326 2171 ἐδήλωσε·ιό
371 2124 594 2182 Λουκας,
642 2121 721 2172 ὅτι
774 2122 963 2193 Πάτερ,
1023 2121 1094 2181 εἰς
1149 2123 1332 2194 χεῖράς
1376 2141 1470 2175 σου
1506 2141 1600 2174 πα-

75 2203 312 2277 ραθήσομαι
354 2211 407 2260 rb
453 2211 659 2282 πνεῦμά
699 2229 820 2281 μου.
879 2209 1096 2283 Ἐκραξε
1146 2206 1205 2263 δι
1253 2219 1388 2284 φωνῇ
1443 2213 1643 2285 μεγά-’

74 2288 134 2361 λε,
180 2293 248 2345 ἱνα
294 2299 468 2360 πάντες
520 2297 812 2367 ἀκούσωσι,
869 2304 956 2351 καὶ
1009 2301 1194 2361 πάντες
1244 2296 1456 2353 εἰδῶσιν
1521 2302 1601 2354 ὅτι

75 2383 196 2454 μέχρι
239 2391 323 2447 τῆς
375 2386 662 2449 τελευταίας
718 2389 857 2463 ὧρας
918 2393 1117 2461 πατέρα
1168 2392 1252 2441 τὸν
1310 2393 1438 2442 Θεὸν
1496 2389 1600 2443 ὀνο-

72 2472 204 2540 μάζιι,
241 2478 318 2527 καὶ
365 2475 503 2548 αὐτῷ
551 2480 613 2529 τὸ
671 2483 774 2530 πᾶν
826 2475 1126 2543 ἀνατίθησι,
1184 2481 1271 2530 καὶ
1321 2478 1414 2531 οὐκ
1461 2481 1600 2530 ἔστιν

74 2557 247 2623 ἀντίθεος
293 2584 305 2597 ⁸
354 2568 425 2618 ἔτι
476 2563 536 2620 δὲ
585 2570 678 2619 καὶ
733 2570 817 2619 ἵνα
880 2569 1118 2640 μάθωσιν
1172 2569 1249 2620 ὅτι
1303 2569 1418 2620 κατ’
1457 2566 1603 2631 ἕξου-

71 2653 172 2715 σίω,
231 2654 304 2707 ὅτε
382 2655 654 2725 ἠθέλησεν,
725 2654 1062 2716 ἀποθνήσκει.
1115 2657 1240 2711 Ὀτε
1303 2660 1404 2731 γὰρ
1466 2655 1599 2710 εἶπεν

69 2739 126 2788 ὅτι
149 2743 309 2814 Πάτερ,
358 2744 429 2805 εἰς
477 2747 667 2819 χεῖράς
708 2765 802 2799 σου
857 2749 1236 2821 παραθήσομαι
1290 2749 1348 2800 τὸ
1400 2749 1600 2819 πνεῦμά

64 2847 153 2896 ρον,
201 2835 301 2887 τότε
348 2833 523 2888 λοιπὸν
575 2843 648 2906 τῷ
716 2837 918 2909 θανάτῳ
971 2843 1320 2912 παρεχώρησε
1378 2840 1594 2912 προσέρ·

65 2919 216 2984 χεσθαι
241 2921 387 2994 αὐτῷ.

114 3006 201 3060 οὐκ
241 3008 338 3066 εἷπε
387 3009 446 3066 δε
497 3014 583 3067 ὅτι
630 3016 987 3088 Παρατίθημι,
1055 3014 1161 3068 ἀλλ’
1219 3016 1300 3069 ὅτι
1347 3018 1596 3090 Παραθήο

65 3111 200 3169 σομαι,
248 3097 408 3159 δηλῶν
455 3104 538 3155 ὃτι
606 3106 740 3176 μετὰ
799 3107 984 3180 μικρὸν
1035 3103 1316 3160 ἕκπνεύσει.
1367 3108 1438 3158 Τὸ
1493 3109 1594 3180 γὰρ

1782 3115 1903 3170 Non
1925 3115 2125 3168 autem
2162 3110 2326 3178 dixit,
2361 3108 2750 3176 Commendo,
2798 3107 2904 3164 sed
2935 3107 3360 3166 Commendabo

61 3191 154 3258 ειπὰ
206 3194 288 3248 τὴν
337 3191 611 3266 εἰρημένην
666 3198 894 3266 κραυγὴν
962 3196 1279 3266 προσέθηκεν
1343 3197 1370 3247 ὁ
1431 3197 1597 3250 Ἰωάν-

1782 3202 2050 3274 gniﬁcans
2075 3201 2241 3274 quod
2267 3200 2450 3272 paulo
2473 3204 2610 3273 post
2625 3198 3036 3271 exspiraturus
3069 3197 3159 3253 sit.
3197 3197 3359 3254 Unde

61 3297 136 3342 νίς,
163 3281 221 3340 ὡς
260 3286 342 3332 καὶ
378 3282 516 3334 αὐτὰ
557 3282 998 3356 παραλελειμμένα
1037 3291 1142 3345 τοῖς
1187 3284 1374 3352 ἄλλοις,
1415 3285 1595 3358 λέγων’

1789 3293 2070 3356 Joannes,
2111 3306 2247 3363 quae
2299 3294 2436 3361 post
2482 3289 2708 3344 dictam
2754 3304 2964 3343 vocem
3013 3287 3170 3342 facta
3221 3290 3361 3342 sunt

65 3369 341 3425 ἱὶστήκεισαν
411 3368 472 3424 δε
546 3373 694 3445 παρὰ
753 3380 825 3443 τῷ
899 3381 1108 3446 σταυρῷ
1171 3381 1262 3426 τοῦ
1331 3375 1507 3433 Ἰησοῦ
1563 3377 1593 3434 ἡ

1782 3382 1900 3446 fert,
1920 3386 2209 3452 tanquam
2233 3379 2409 3434 etiam
2432 3379 2510 3434 ab
2537 3376 2666 3433 aliis
2689 3377 3086 3449 praetermissa
3112 3376 3316 3431 dicens
3342 3395 3356 3431 :

61 3461 204 3531 Μήτηρ
238 3459 410 3528 αὐτοῦ,
440 3466 533 3513 καὶ
564 3463 632 3512 τὰ
674 3461 810 3524 ἑξῆς.
865 3464 1031 3515 Εἰπὼν
1089 3460 1168 3526 δὲ,
1212 3473 1322 3527 πῶς
1349 3467 1597 3540 παρέθετο

1782 3472 1914 3528 abat
1929 3475 2121 3526 autem
2138 3470 2319 3539 juxta
2340 3483 2570 3524 crucem
2589 3466 2751 3522 Iesus
2772 3467 2970 3523 Mater
2999 3468 3125 3536 ejus
3151 3467 3220 3531 ⁸³,
3244 3469 3355 3521 etc.

61 3549 127 3599 τὴν
170 3547 486 3621 ἠγαπημένην
535 3555 752 3622 Μητέρα
817 3550 906 3603 xui.
965 3554 1210 3626 παρθένον
1267 3563 1339 3624 τῷ
1395 3556 1600 3626 ἠγαπη-

1782 3561 1817 3617 Di
1847 3566 2047 3616 autem
2099 3557 2263 3627 dixit,
2319 3560 2625 3630 quomodo
2667 3557 2948 3613 dilectam
2993 3557 3238 3612 Matrem
3289 3571 3360 3612 ac

59 3636 154 3703 μένῳ
194 3638 386 3712 μαθητῇ
436 3643 530 3692 καὶ
590 3642 843 3714 παρθένῳ,
893 3645 982 3692 καὶ
1033 3650 1143 3703 πῶς
1195 3638 1431 3713 διψήσας
1491 3646 1598 3697 ἔπιε

1782 3651 2002 3719 rginem
2035 3647 2252 3702 dilecto
2284 3645 2794 3702 commendaverit
2821 3644 3114 3717 discipulo
3146 3660 3217 3700 ac
3241 3644 3362 3700 vir-

61 3724 99 3770 τὸ
128 3722 242 3792 ὅξος,
267 3726 551 3780 τελευταῖόν
594 3747 750 3800 φησιν
784 3748 796 3761 ·
847 3727 969 3782 Ὀτε
1019 3727 1107 3782 οὖν
1135 3731 1282 3784 ἂαϐε
1326 3736 1385 3785 τὸ
1429 3732 1542 3796 ὅξος
1573 3734 1598 3785 ὁ

1782 3755 1848 3804 ιιι,
1877 3743 1933 3794 et
1958 3735 2269 3809 quomodo
2300 3735 2514 3791 sitienti
2544 3734 2755 3791 datum
2786 3734 2859 3790 sit
2890 3738 3126 3790 acetum
3154 3733 3232 3790 ad
3263 3749 3363 3805 po-

61 3812 235 3879 ἰησοῦς,
271 3812 392 3870 εἷπε.
461 3817 768 3872 Τετίλεσται
823 3835 836 3847 ·
891 3824 980 3871 καὶ
1046 3819 1220 3883 adiret;
1284 3825 1379 3880 τὴν
1442 3841 1600 3894 κεφα-

1782 3827 1957 3882 adum
1989 3842 2002 3892 ;
2035 3826 2275 3881 tandem
2297 3825 2379 3881 ait
2411 3841 2425 3881 :
2462 3824 2944 3881 Consummatum
2975 3829 3058 3880 est
3092 3825 3159 3876 ⁸³.
3193 3827 3248 3879 et
3276 3823 3363 3878 in-

55 3901 138 3960 λὴν,
179 3901 426 3975 παρέδωκε
471 3911 532 3960 τὸ
582 3914 803 3980 πνεῦμα.
854 3913 978 3982 Περὶ
1017 3909 1083 3960 ὧν
1139 3908 1376 3962 ἁπάντων
1438 3914 1597 3974 ζήτη-

1783 3920 1927 3972 nato
1949 3915 2140 3986 capite
2157 3913 2402 3971 tradidit
2419 3914 2711 3986 spiritum,
2732 3913 2807 3968 de
2837 3912 3054 3986 quibus
3081 3911 3363 3969 omnibus

53 4003 121 4036 σον
146 3988 186 4041 ἐν
209 4001 271 4062 τῷ
297 3998 426 4048 κατὰ
457 3995 703 4054 Ἰωάννην
740 3996 1054 4070 Εὐαγγε).ίῳ.

1782 4020 1903 4059 mre
1930 4004 1989 4058 in
2023 4002 2342 4072 Evangelio
2373 4001 2706 4058 secundum
2737 4003 3052 4057 Joannem.

49 4161 59 4172 ‘
102 4079 326 4136 Καὶίδοὺ
363 4116 427 4126 -
482 4085 840 4157 ἐσχίσθησαν.
899 4088 1186 4160 [Ὲσχίσθη
1239 4090 1351 4161 (51)
1401 4092 1460 4142 τὸ
1508 4091 1598 4142 κά-

1782 4093 1941 4148 Vers.
1971 4097 2056 4147 51.
2088 4093 2172 4149 Et
2203 4107 2330 4149 ecce
2357 4123 2427 4132 —
2455 4092 2652 4148 scissae
2681 4100 2810 4146 sunt
2843 4092 2952 4162 (ψει-
2980 4091 3244 4148 Scissum
3275 4093 3365 4146 est

49 4183 190 4238 Αυμμα
232 4181 315 4224 τοῦ
352 4182 501 4240 ναοῦ,
557 4178 646 4227 καὶ
694 4173 1014 4239 ἁνεκαλύφθη
1063 4181 1126 4231 τὰ
1170 4179 1598 4251 ὖποκεκρυμμένα

1783 4181 2109 4237 lamentum
2155 4179 2357 4252 templi
2391 4187 2446 4235 et
2473 4180 2735 4236 revelata
2782 4186 2921 4234 sunt
2951 4185 3107 4236 tecta
3147 4179 3260 4234 sub
3293 4193 3363 4233 eo

45 4259 175 4328 τούτῳ
221 4261 323 4331 (52)
369 4269 669 4337 μυστήρια.
724 4265 950 4341 Ἐῥράγη
1003 4270 1070 4319 τὰ
1113 4275 1202 4320 τοῦ
1268 4271 1594 4342 γράμματος,

1782 4270 2012 4342 ysteria.
2047 4272 2239 4341 Rupta
2270 4274 2408 4324 sunt
2445 4284 2513 4325 ea
2543 4284 2678 4340 quas
2709 4274 2878 4323 erant
2915 4267 3142 4333 litterae,
3178 4281 3365 4338 appa-

44 4350 114 4394 καὶ
152 4345 288 4418 ἐφάνη
345 4354 412 4403 τὰ
458 4361 557 4406 τοῦ
610 4356 918 4426 πνεύματος.
968 4359 1062 4426 Ἤ]
1117 4357 1143 4410 ὀ
1183 4360 1274 4429 μὲν
1319 4358 1463 4420 ἣλιος
1501 4359 1598 4431 ἠμ-

1783 4363 1954 4415 erunt
2005 4374 2076 4414 ea
2104 4374 2239 4430 qum
2298 4361 2438 4412 sunt
2467 4355 2729 4428 spiritus.
2776 4356 2921 4426 Aut)
2976 4359 3067 4410 sol
3117 4354 3364 4427 quidem

45 4438 218 4531 ἶιίσατο
263 4445 467 4509 σκότος,
512 4443 540 4492 ὁ
587 4438 646 4494 δε
684 4446 800 4504 ναὸς
841 4446 1030 4516 ἔσχισε
1080 4448 1137 4498 rb
1195 4451 1594 4513 καταπέτασμα,

1782 4447 1965 4505 iebris
2014 4446 2258 4502 indutus
2307 4449 2413 4510 est,
2447 4444 2736 4518 templum
2772 4460 2912 4500 vero
2961 4443 3134 4500 scidit
3164 4443 3364 4499 velum

47 4515 270 4588 δηλοῦντες
326 4530 406 4582 ὅτι
463 4532 743 4583 πενθοῦσιν
804 4531 889 4585 ἐπὶ
961 4541 1033 4604 τῷ
1097 4535 1376 4609 παραλόγῳ
1432 4540 1598 4609 τούτῳ

1787 4554 1906 4603 um,
1933 4535 2331 4608 signiﬁcando
2352 4534 2518 4608 quod
2539 4515 2774 4606 propter
2786 4533 3113 4589 absurdum
3138 4549 3207 4589 ac
3223 4532 3366 4588 irra-

45 4609 237 4704 θεάματι.
278 4619 604 4672 Πενθοῦντων
647 4622 748 4694 γὰρ
788 4619 918 4692 ἔστι,
967 4627 1056 4675 καὶ
1098 4627 1157 4676 τὸ
1205 4625 1448 4698 ῥηγνύειν
1503 4631 1597 4685 τὴν

1782 4626 1992 4683 ιηαῠὶιε
2027 4624 2526 4698 (g)spectaculnm
2547 4623 2808 4694 lugeret;
2843 4622 3175 4694 lugentium
3204 4621 3363 4677 enim

42 4701 219 4787 ἐσθῆτα,
271 4712 357 4758 καὶ
409 4711 471 4760 τὸ
525 4711 885 4782 περιτίθεσθαι
934 4710 1118 4770 στολὴν
1175 4712 1438 4785 μεἏαιναν.
1493 4722 1599 4776 Τῆς

1782 4721 1799 4772 t
1843 4721 2060 4772 vestem
2108 4713 2396 4779 scindere,
2451 4714 2737 4787 nigraque
2809 4712 2978 4770 indui
3027 4712 3197 4770 stola.
3260 4712 3366 4768 Per

44 4781 89 4839 δε
139 4797 221 4860 γῆς
287 4799 613 4863 σεισθείσης,
673 4802 762 4851 καὶ
827 4807 927 4851 τῶν
985 4809 1185 4874 πετρῶν
1247 4806 1596 4875 σχισθεισῶν,

1782 4821 1929 4862 rram
1958 4809 2156 4862 autem
2193 4808 2442 4876 motam,
2477 4781 2796 4876 petraeque
2834 4803 3052 4862 scissas
3103 4801 3369 4860 ostendit

97 4913 136 4947 ³³
160 4916 316 4974 lare.
346 4936 448 4989 xv,
481 4925 574 4979 36.
603 4921 653 4958 ⁸ο
675 4921 814 4978 Luc.
841 4938 1002 4990 xxni,
1035 4927 1127 4984 46.
1158 4927 1203 4964 ⁶¹
1231 4927 1404 4986 Joan.
1427 4945 1551 4998 XIX,
1576 4930 1603 4986 Ξ

1782 4929 1922 4986 Ibid.
1946 4933 2039 4986 30.

1361 5078 1588 5149 Varias
1624 5079 1975 5150 lectiones.

44 5235 189 5371 loga)
211 5239 552 5299 Addiderim
573 5244 662 5305 ὡς.
692 5244 882 5316 Atque
905 5242 990 5303 ita
1008 5243 1256 5304 fortasse
1281 5247 1601 5308 Hentenius
1709 5252 1896 5380 nisi!)
1928 5251 2164 5310 Inclusa
2193 5251 2255 5309 in
2285 5266 2476 5323 marg.
2507 5249 2713 5310 habet.
2741 5251 2808 5307 A.
2837 5250 3124 5309 Omiserat
3149 5251 3365 5306 liente-

95 5367 191 5451 (50)
220 5382 476 5457 Intelligo
503 5399 518 5440 :
545 5383 606 5439 '0
628 5381 988 5462 προσδραμὼν
1011 5393 1102 5444 καὶ
1126 5395 1366 5454 ποτίσας.

1927 5398 2239 5469 Μυστηρίῳ.
2271 5394 2334 5450 Β.

132 5553 460 5640 Αδειιτάψη
497 5577 574 5620 αι·
598 5563 1045 5640 irrationabile.
1083 5569 1144 5624 In
1174 5567 1381 5627 Greco
1411 5585 1598 5628 unum
1710 5587 1871 5638 men,
1912 5571 2282 5640 inusitatum,
2322 5571 2670 5639 inauditum,
2701 5568 3075 5639 stupendum,
3117 5559 3362 5616 horren-

45 5631 842 5723 :I‘XOg‘abulnul’wapdbyqi.
885 5638 1186 5723 Παριίᾉογον
1239 5642 1603 5723 sanaestid

1782 5631 1866 5701 Lm.

51 5697 174 5762 θυοδ
200 5701 262 5760 δι
283 5707 428 5776 παρὰ
473 5697 644 5779 λόγον’,
688 5697 899 5768 co'n'tra
934 5697 1244 5772 r'atiohem.
1287 5697 1500 5774 Malim
1520 5697 1603 5774 tu:
