3904 6210
551 287 655 342 735

1854 282 2205 340 EUTYHMII
2244 282 2575 344 ZIGABENI
3716 299 3780 354 736

555 413 721 487 quod
772 416 981 486 potens
1020 410 1260 465 essetin
1309 424 1589 480 aggerem
1623 427 1725 467 eos
1793 413 2094 468 cumulare
2142 415 2193 466 et

2315 410 2497 477 ἔδειξεν
2530 416 2555 466 ό
2600 419 2830 490 Χριστὸς
2884 418 2964 469 ὅτι
3010 414 3224 479 δυνατὸς
3269 418 3332 475 ἦν
3384 417 3611 491 ἐπιχῶσαι
3646 430 3780 475 xxix:-

557 508 837 562 obruere:
873 502 973 557 sed
1016 518 1129 555 non
1170 501 1338 557 vellet
1368 509 1609 573 propter
1634 520 1805 558 suam
1846 511 2197 561 mansuetu-

556 597 767 658 dinem,
818 597 871 645 et
903 598 1142 661 propter
1166 590 1297 646 illos
1327 592 1431 665 qui
1462 609 1533 649 ex
1562 592 1647 648 eis
1676 597 1845 648 erant
1897 595 2195 665 credituri,

551 684 868 751 lucemque
907 680 1105 734 daturi
1144 680 1246 753 (li).

624 771 866 841 Proprie
908 774 1104 824 autem
1167 770 1365 826 velum
1416 772 1620 844 templi
1673 774 1927 829 scissum
1981 778 2069 831 est
2124 774 2199 830 ad

551 875 757 914 eorum
806 858 1313 927 redargutionem,
1345 861 1439 915 cui
1476 862 1881 918 contradicere
1912 879 2033 919 non
2060 879 2198 935 pos-

553 952 683 1004 sent
712 966 725 1001 :
761 952 823 1002 ut
854 947 899 1002 si
932 948 1252 1003 niterentur
1277 950 1533 1014 causari,
1567 956 1620 1005 et
1652 950 1728 1005 ad
1760 967 1828 1005 ea
1858 968 1993 1023 quae
2034 959 2199 1008 natu-

552 1038 751 1093 raliter
791 1037 1087 1107 accidunt,
1148 1038 1453 1109 passiones
1500 1039 1803 1095 obscurati
1848 1040 1991 1097 solis
2033 1047 2200 1098 terrm

557 1133 753 1193 motae,
805 1131 1219 1198 petrarumque
1259 1128 1577 1184 scissarum
1607 1131 1929 1188 reducere:
1976 1148 2044 1188 os
2091 1132 2202 1187 illis

556 1217 928 1273 obturaretur
968 1233 1071 1287 per
1114 1217 1226 1272 veli
1279 1218 1645 1288 scissionem,
1714 1237 1852 1276 cum
1916 1220 2025 1277 tale
2062 1222 2203 1293 quid

559 1322 685 1363 esse
708 1322 971 1377 unquam
994 1305 1220 1362 factum
1243 1308 1653 1364 demonstrare
1679 1326 1798 1365 non
1829 1317 2092 1382 possent.

628 1396 826 1452 Scisso
848 1400 1047 1451 autem
1072 1396 1218 1463 velo,
1243 1398 1505 1453 ostendit
1532 1399 1704 1466 Deus,
1729 1400 1893 1471 quod
1915 1416 1950 1455 a
1978 1401 2203 1473 templo

557 1486 758 1541 divina
800 1485 1094 1540 avolasset
1123 1486 1316 1555 gratia
1347 1504 1359 1541 :
1390 1488 1675 1559 quodque
1722 1488 2024 1560 interiora,
2057 1495 2204 1562 puta

556 1576 763 1630 Sancta
809 1579 1152 1630 sanctorum
1197 1576 1479 1631 omnibus
1521 1578 1723 1648 pervia
1776 1594 1845 1633 ac
1875 1580 2203 1651 conspicua

554 1664 969 1720 constituenda
983 1651 1175 1719 essent
1192 1682 1203 1719 :
1220 1666 1385 1736 quod
1404 1666 1583 1722 etiam
1597 1668 1985 1737 postmodum
2008 1670 2199 1739 ingre-

554 1753 851 1808 dientibus
882 1754 1165 1809 Romanis
1191 1753 1411 1809 factum
1444 1762 1550 1811 est.

626 1844 794 1907 Quod
826 1849 1026 1897 autem
1060 1843 1205 1898 mihi
1238 1844 1428 1915 magis
1461 1845 1657 1917 placet
1689 1847 1889 1918 accipe
1920 1848 2012 1920 (ί).
2055 1848 2203 1910 Quia

555 1932 833 1987 interiora
880 1932 991 1986 veli
1047 1932 1237 2000 figura
1290 1942 1457 1989 erant
1510 1934 1657 2000 cmli,
1715 1937 2005 1993 exteriora
2060 1954 2201 1995 vero

558 2024 773 2076 terram
806 2020 1158 2089 ﬁgurabant,
1184 2022 1440 2078 scissum
1457 2024 1585 2093 jam
1606 2024 1825 2092 velum,
1850 2027 2205 2095 significavit

556 2109 813 2165 divisum
840 2111 963 2180 jam
1000 2126 1129 2166 esse
1163 2111 1427 2166 medium
1477 2112 1759 2184 parietem
1804 2116 1955 2171 inter
1985 2117 2201 2173 ccelum

556 2205 612 2255 et
660 2205 875 2256 terram
922 2202 1090 2271 (puta
1119 2200 1514 2273 inimicitiam)
1544 2203 1642 2273 qui
1682 2203 1832 2260 inter
1861 2205 2046 2261 Deum
2080 2213 2204 2263 erat

556 2293 609 2345 et
662 2289 977 2343 homines:
1034 2293 1091 2344 et
1142 2289 1368 2344 factum
1412 2306 1539 2345 esse
1594 2291 1812 2348 caelum
1867 2295 2204 2352 hominibus

556 2378 845 2451 pervium-
883 2377 1074 2433 soluto
1099 2378 1228 2449 jam
1261 2395 1365 2448 per
1404 2380 1698 2436 Christum
1731 2382 2039 2439 obstaculo
2074 2402 2202 2440 me-

554 2467 656 2523 dio
687 2469 756 2533 ⁶³,
792 2467 1008 2540 talique
1034 2468 1209 2523 nobis
1237 2485 1483 2525 ascensu
1509 2471 1813 2528 innovato.
1850 2475 2204 2532 Universali-

554 2561 642 2611 ter
670 2562 865 2611 autem
918 2573 1048 2627 qum
1079 2557 1234 2612 facta
1266 2562 1424 2623 sunt,
1448 2558 1667 2616 divinae
1701 2561 1801 2617 iraa
1836 2564 2003 2632 signa
2036 2571 2204 2621 erant

553 2645 896 2701 Judazorum
920 2646 1420 2703 insensibilitatem
1445 2650 1951 2721 reprehendentia,
1983 2653 2201 2710 horum

552 2752 671 2808 que
701 2736 1091 2807 perditionem
1120 2737 1523 2809 praedicantia.

626 2826 784 2881 Vers.
812 2826 901 2880 5'2.
941 2826 1019 2881 Et
1056 2856 1126 2866 --
1170 2835 1576 2884 surrexerunt.
1610 2829 1699 2884 Ad
1747 2830 2204 2890 demonstratio-

554 2930 689 2971 nem
728 2915 1004 2987 potentiae
1037 2932 1157 2971 sum
1188 2922 1242 2971 et
1264 2918 1377 2972 hoc
1409 2917 1630 2974 factum
1665 2925 1768 2986 est,
1804 2926 2203 2996 terroremque

554 3005 934 3060 Judaeorum:
983 3011 1045 3059 ut
1094 3006 1549 3077 perpenderent,
1600 3011 1765 3082 quod
1816 3011 1865 3066 is
1916 3013 2016 3084 qui
2050 3014 2202 3069 adeo

2307 513 2554 575 ταχὼσαι
2607 506 2813 566 αύτούς.
2866 505 2999 559 Ἀλγ
3051 507 3145 559 ούκ
3201 508 3418 567 ἠθέλησε
3468 505 3529 561 δι’
3579 511 3718 562 οἰκείαν
3754 533 3781 566 τι

2305 600 2672 667 χρηστότητα,
2736 601 2825 648 καὶ
2876 592 2968 647 διὰ
3018 601 3135 658 τοὺς
3190 597 3455 669 uilicum;
3499 599 3544 662 ἐξ
3580 600 3702 651 αὐτῶν
3733 622 3781 652 τι·

2310 690 2526 735 στεῦσαι
2564 691 2653 736 καὶ
2684 684 2907 758 λάμψαι.

2381 770 2701 847 Ἰὃικώτερον
2760 771 2819 827 δε
2871 778 2929 826 τό
2981 780 3359 847 καταπέτασμα
3398 785 3480 829 τοῦ
3529 786 3631 830 ναοῦ
3670 782 3785 849 σχίζε·

2307 883 2393 915 ται
2446 867 2575 936 πρὸς
2641 862 3005 938 ἀναντίρρητον
3072 868 3283 936 ἔλεγχον
3363 866 3533 930 αὐτῶν,
3602 869 3678 931 ἱνα,
3725 889 3787 919 πει-

2306 958 2524 1025 ρώμενοι
2577 951 2903 1023 αἰτιολογεῖν,
2952 958 3041 1005 καὶ
3095 952 3298 1026 ἀνάγειν
3343 954 3407 1015 εἰς
3454 958 3511 1006 τὰ
3549 958 3655 1007 κατὰ
3691 960 3787 1026 ᾳύςιν

2309 1043 2449 1097 πάθη
2500 1045 2584 1093 τόν
2624 1061 2676 1093 τε
2724 1049 2814 1093 τοῦ
2860 1042 3003 1100 ἡλίου
3053 1047 3371 1115 σκοτασμόν,
3402 1049 3484 1096 καὶ
3522 1052 3601 1105 τῆς
3640 1053 3709 1114 γῆς
3739 1048 3791 1095 τω

2312 1134 2546 1204 σεισμόν,
2609 1135 2699 1182 καὶ
2773 1140 2871 1183 τῶν
2950 1141 3144 1205 πετρῶν
3198 1137 3290 1190 τὴν
3367 1139 3557 1205 σχίσιν,
3609 1132 3791 1201 ἐπιστομί-

2315 1223 2503 1282 ζωνται
2559 1228 2620 1293 τῇ
2702 1224 2885 1291 σχίσει
2959 1230 3050 1273 τοῦ
3114 1225 3571 1295 καταπετάσματος,
3626 1218 3795 1273 οὐδέποτῖ

2313 1306 2587 1381 δυνάμενοι
2616 1306 2783 1373 δεῖξαι
2813 1319 3044 1363 τοιοῦτον
3074 1316 3358 1383 γενόμενον.

2380 1405 2482 1450 Τού
2540 1402 3006 1473 καταπετάσματος
3065 1397 3123 1453 δὲ
3188 1402 3510 1473 σχισθέντος,
3555 1396 3797 1457 satissatis

2310 1491 2432 1550 Θεὸς
2491 1491 2570 1541 ὅτι
2623 1488 2820 1546 ἀπέστη
2856 1490 2967 1560 (53)
3002 1490 3176 1543 λοιπόν
3218 1492 3245 1547 ἠ
3308 1492 3417 1542 θεία
3460 1491 3599 1562 χάρις
3638 1488 3712 1540 ἀπὸ
3746 1496 3800 1538 τοῦ

2310 1585 2453 1647 ναοῦ,
2488 1583 2576 1630 καὶ
2621 1580 2701 1630 ὅτι
2756 1582 2822 1631 τὰ
2862 1576 3029 1649 ἔνδον,
3070 1582 3207 1643 ἤτοι,
3267 1581 3333 1629 τὰ
3381 1577 3530 1649 Ἀγια
3562 1585 3641 1629 τὼν
3683 1576 3799 1646 ἁγίων,

2311 1673 2443 1718 πᾶσι
2498 1665 2635 1739 βατὰ
2681 1673 2769 1719 καὶ
2820 1670 2977 1720 θεατὰ
3031 1672 3473 1731 καταστήσονται,
3504 1666 3527 1718 ὃ
3562 1672 3636 1717 καὶ
3667 1670 3804 1736 γέγονεν

2238 1776 2278 1831 Β
2311 1756 2547 1828 ὕστερον,
2570 1766 2667 1807 τῶν
2698 1756 2959 1829 Ῥωμαίων
2992 1756 3337 1809 εἰσελθόντων.

2381 1849 2450 1897 T6
2488 1842 2546 1897 δὲ
2575 1849 2938 1920 χάριέστερον,
2991 1845 3096 1898 ἐπεὶ
3148 1849 3212 1898 τὰ
3254 1849 3344 1918 μεν
3385 1844 3511 1905 ἐντὸς
3553 1851 3630 1896 τοῦ
3658 1860 3807 1894 tarm-

2312 1936 2577 2007 τάσματος
2607 1938 2767 1997 τύπος
2814 1936 2948 1992 ἦσαν
2977 1942 3069 1987 τοῦ
3122 1934 3367 2008 ούρανοῦ,
3417 1936 3481 1985 τὰ
3525 1929 3569 1985 δ’
3604 1932 3716 1990 ἐκτός
3748 1934 3805 1979 τῦ·

2312 2042 2402 2082 πος
2431 2031 2526 2084 τῆς
2554 2032 2619 2094 γῆ
2633 2043 2675 2092 ς,
2726 2026 2949 2094 σχισθὲν
3006 2019 3112 2081 ἤδη
3166 2027 3223 2075 τό
3270 2026 3627 2094 καταπέτασμα
3650 2016 3808 2075 6:313)!»-

2310 2131 2412 2181 κεν,
2448 2114 2525 2164 ὅτι
2558 2112 2789 2183 ἐσχίσθη
2820 2110 2927 2171 ἤδη
2974 2116 3027 2165 τό
3058 2117 3375 2185 μεσότοιχον
3426 2118 3511 2163 τοῦ
3552 2110 3725 2182 ούρανοῦ
3753 2114 3807 2155 και

2312 2208 2406 2263 τῆς
2435 2210 2551 2271 γῆς,
2583 2206 2766 2273 ἤγουν,
2799 2203 2828 2259 ἡ
2863 2204 3031 2274 ἔχθρα
3081 2204 3110 2259 ἠ
3164 2201 3360 2273 μεταξύ
3388 2209 3476 2253 τοῦ
3522 2204 3631 2252 Θεοῦ
3654 2202 3721 2249 καὶ
3746 2202 3808 2245 τῶν

2315 2290 2616 2365 ἀνθρώπων,
2675 2297 2763 2343 καὶ
2823 2297 3025 2362 ’γέγονεν
3081 2293 3105 2343 ὁ
3171 2292 3386 2365 ούρανὸς
3442 2289 3592 2361 βατός
3637 2295 3716 2344 τοὶς
3760 2282 3812 2333 ἂν·

2318 2382 2562 2452 θρώποις,
2620 2388 2711 2432 τοῦ
2778 2388 3015 2453 Χριστοῦ
3066 2380 3320 2442 λύσαντος
3383 2384 3573 2431 τουτονὶ
3621 2380 3689 2427 τόν
3727 2392 3812 2443 sub

2314 2474 2467 2541 ⁹γμὸν,
2524 2474 2612 2521 καὶ
2658 2475 2750 2529 τὴν
2804 2473 3050 2528 τοιαύτην
3104 2467 3289 2522 οἰνοδον
3339 2472 3462 2532 ἡμῖν
3508 2467 3814 2538 Byzantiorum;

2315 2562 2547 2612 Καθόλου
2604 2555 2661 2611 δὲ
2725 2556 2919 2632 δεῖγμα
2971 2562 3243 2631 θεομηνίας
3290 2560 3429 2617 ἦσαν
3476 2562 3534 2609 τὰ
3571 2556 3815 2627 γεγενημένα,

2311 2651 2677 2721 καθαπτόμενοι
2744 2657 2838 2709 τῆς
2912 2658 3011 2701 τῶν
3070 2645 3343 2702 Ἰουδαίων
3403 2647 3728 2707 ἀναισθησίας,
3764 2644 3821 2689 ω

2312 2741 2728 2812 προαγορεύοντα
2757 2742 2849 2796 τὴν
2874 2740 3065 2790 τούτων
3099 2737 3357 2789 ἀπώλειαν
3390 2737 3518 2807 (54).

2388 2832 2487 2880 Καὶ
2531 2855 2594 2868 ~—-
2648 2828 2870 2898 ἠγέρθη.
2933 2827 3019 2888 Εἰς
3089 2822 3303 2888 ἔνδειξιν
3366 2830 3451 2877 καὶ
3524 2830 3656 2875 τοῦτο
3703 2822 3825 2889 γέγωνε

2312 2924 2399 2976 τῆς
2468 2913 2731 2988 δυνάμεως
2801 2916 2959 2967 αύτοῠ
3012 2920 3101 2967 καὶ
3156 2914 3309 2987 φόϐον
3366 2924 3463 2966 τῶν
3506 2908 3824 2971 Ἰουδαῐωηὶνα

2311 3005 2643 3075 λογίσωνται,
2717 3007 2797 3057 ὅτι
2859 3006 2883 3055 6
2951 3006 3170 3066 ζωώσας
3249 3005 3413 3065 ούτως
3495 3002 3687 3072 εὐχερῶς
3748 3011 3825 3049 τους

555 3092 725 3149 facile
779 3099 1041 3150 mortuos
1098 3095 1441 3160 viviﬁcaret,
1508 3097 1734 3154 facilius
1788 3107 1989 3171 posset
2040 3104 2193 3159 vivos

2315 3098 2518 3169 νεκρούς
2576 3094 2940 3166 εὐχερέστερον
3016 3092 3077 3145 ἂν
3145 3090 3380 3151 ἠδύνατο
3440 3095 3700 3144 θανατῶσαι
3749 3090 3825 3137 τοὺς

556 3184 730 3238 morti
760 3182 923 3239 dare.
954 3184 1241 3241 Praeterea
1270 3188 1444 3242 etiam
1479 3187 1551 3243 ad
1589 3187 1799 3246 futurae
1829 3193 2203 3249 resurrectio-

554 3272 648 3328 nis
678 3273 1213 3330 conﬁrmationem.

625 3362 897 3417 Vers.53.
929 3364 1007 3418 Et
1040 3395 1108 3405 —
1133 3365 1355 3420 multis.
1403 3365 1628 3435 Egressi
1660 3373 1797 3423 sunt
1826 3374 1881 3425 et
1913 3386 2206 3443 apparue-

556 3455 711 3517 runt,
746 3468 819 3506 ne
858 3452 1240 3524 phantastica
1270 3453 1544 3510 videatur
1583 3457 1994 3527 sepulcrorum
2036 3476 2205 3531 aper-

558 3542 657 3605 tio,
694 3556 763 3596 ac
792 3541 1219 3598 dormientium
1251 3544 1620 3599 resurrectio.
1668 3546 1803 3601 Post
1832 3550 2205 3605 resurrectio-

556 3647 694 3686 nem
727 3637 926 3686 autem
954 3632 1083 3701 ejus
1105 3633 1327 3700 egressi
1358 3638 1496 3687 sunt
1518 3634 1592 3690 de
1614 3635 1923 3706 sepulcris,
1950 3653 2203 3694 acvene-

555 3726 691 3777 ruut
720 3720 779 3775 in
812 3727 1074 3776 sanctam
1106 3720 1420 3789 civitatem,
1454 3728 1507 3779 et
1547 3732 1948 3796 apparuerunt
1988 3727 2202 3797 multis,

558 3815 622 3867 ut
660 3828 728 3866 ex
767 3826 973 3866 eorum
1017 3811 1439 3867 resurrectione
1471 3814 1748 3869 certiores
1786 3815 2112 3873 reddantur
2154 3823 2209 3873 et

557 3901 631 3957 de
671 3901 1101 3957 resurrectione
1146 3900 1322 3972 illius,
1366 3902 1693 3973 cogitantes
1743 3906 1907 3976 quod
1952 3907 2054 3978 qui
2099 3907 2208 3963 hos

556 3990 953 4055 resuscitavit,
1013 3990 1203 4046 multo
1261 3992 1453 4062 magis
1518 3993 1783 4065 seipsum
1842 3998 2207 4054 resuscitavit

560 4081 760 4138 Sancti
818 4097 955 4136 vero
1012 4086 1406 4147 surrexerunt,
1465 4086 1527 4138 ut
1578 4082 1695 4138 ﬁde
1752 4085 1917 4155 digni
1966 4086 2207 4143 videan-

559 4175 673 4237 tur,
706 4171 807 4242 qui
837 4171 911 4226 de
965 4170 1185 4227 christo
1225 4170 1571 4244 loquuntur.
1636 4176 1955 4246 Postquam
2006 4182 2205 4233 autem

558 4264 985 4333 apparuerunt,
1018 4260 1230 4315 iterum
1258 4260 1640 4317 dormierunt.

628 4350 794 4404 Vers.
858 4352 944 4404 54.
994 4349 1273 4407 Centurio
1323 4357 1519 4406 autem
1560 4383 1628 4390 —
1685 4359 1807 4408 erat
1859 4352 1983 4409 iste.
2042 4355 2208 4411 Hunc

557 4442 785 4497 Marcus
809 4454 945 4494 voce
963 4439 1166 4494 Latina
1188 4440 1593 4495 centurionem
1621 4446 1792 4496 vocat
1808 4443 1875 4495 δε.
1905 4443 2208 4498 Matthaaus

558 4545 697 4584 vero
737 4529 939 4583 Graeca
969 4528 1368 4603 ἑκατόνταρχον,
1398 4529 1557 4584 idem
1600 4530 2007 4597 signiﬁcante:
2043 4533 2206 4604 quod

560 4618 718 4671 enim
779 4618 960 4672 Graeci
1016 4617 1215 4682 ἑκατὸν,
1277 4617 1390 4673 hoc
1434 4618 1619 4673 Latini
1679 4626 1913 4676 centum
1954 4627 2203 4677 vocant:

562 4706 790 4769 Vt'dem,
808 4706 1015 4779 inquit,
1042 4710 1319 4773 centurio,
1355 4709 1457 4781 qui
1472 4724 1546 4764 eo:
1562 4708 1803 4765 adverso
1816 4713 1942 4780 ejus
1959 4712 2204 4781 astabat,

562 4797 719 4867 quod
734 4795 815 4851 sic
831 4798 1024 4852 emisso
1044 4798 1284 4853 clamore
1297 4798 1659 4867 exspirasset,
1678 4800 1826 4857 dixit
1842 4819 1854 4856 :
1873 4802 2017 4858 Vere
2036 4801 2207 4859 homo

634 4886 681 4921 ⁸³
711 4884 887 4941 Hebr.
912 4902 970 4952 χ,
1001 4887 1089 4941 20.
1128 4888 1174 4921 ⁵⁵
1205 4889 1375 4943 Marc.
1405 4904 1501 4955 xv,
1534 4890 1621 4944 39.

2317 3188 2512 3247 ζῶντας
2548 3199 2559 3211 ’
2618 3186 2687 3235 ἔτι
2748 3179 2805 3235 δε
2857 3188 2945 3235 καὶ
3006 3183 3073 3243 εἰς
3127 3182 3419 3255 βεϐαίωσιν
3477 3188 3566 3242 τῆς
3613 3175 3823 3250 μελλούσης

2314 3272 2671 3334 ἀναστάσεως.

2389 3368 2487 3416 Καὶ
2562 3393 2628 3402 -
2684 3360 2905 3421 πολλοῖς.
2977 3360 3230 3419 Εἰσῆλθον
3310 3367 3406 3413 καὶ
3485 3355 3824 3430 ἐνεφανίσθησαν.

2317 3454 2399 3503 ἱνα
2457 3456 2528 3523 μὴ
2589 3447 2716 3522 δόξῃ
2779 3452 2914 3501 κατὰ
2966 3455 3248 3519 φαντασίαν
3304 3454 3337 3509 ἧ
3399 3469 3453 3502 τε
3505 3456 3593 3499 τῶν
3640 3446 3827 3515 μνημείων

2315 3542 2505 3603 ἄνοιξις
2556 3546 2644 3592 καὶ
2696 3542 2725 3597 ἡ
2786 3548 2884 3591 τῶν
2936 3543 3323 3611 κεκοιμημένων
3379 3542 3585 3611 ἔγερσις.
3632 3532 3743 3586 Μετὰ
3771 3532 3827 3579 τίν

2316 3634 2517 3705 ἔγερσιν
2577 3626 2635 3681 δὲ
2716 3629 2874 3680 αὐτοῦ
2950 3627 3158 3690 ἐξῆλθον
3217 3626 3271 3679 ἐκ
3340 3638 3441 3679 τῶν
3487 3628 3728 3697 μνημείων,
3775 3620 3832 3711 κξῐὶ

2317 3718 2555 3777 εἰσῆλθον
2588 3718 2658 3779 εἰς
2700 3723 2792 3776 τὴν
2836 3718 2988 3788 ἁγίαν
3040 3716 3205 3781 πόλιν,
3237 3723 3331 3769 καὶ
3363 3714 3731 3788 ἐνεφανίσθησαν
3754 3722 3833 3753 πολ-

2316 3808 2441 3873 λοῖς,
2478 3810 2559 3859 ῖνα
2604 3808 2659 3859 ἐκ
2692 3816 2781 3867 τῆς
2808 3810 3000 3859 τούτων
3050 3804 3299 3878 ἔγέρσεως
3344 3803 3744 3878 πληροφορηθῶσι
3778 3812 3835 3841 ιπί

2316 3902 2434 3971 περὶ
2504 3904 2593 3957 τῆς
2641 3896 2850 3965 ἐκείνου,
2920 3895 3247 3965 λογιζόμενοι
3296 3897 3383 3946 ὅτι
3450 3896 3476 3944 ό
3538 3894 3719 3944 τούτους
3758 3899 3833 3975 ηοξ·

2319 3993 2523 4047 στήσας
2580 3985 2747 4055 πολλῷ
2802 3984 2991 4057 μῶλον
3046 3984 3223 4036 ἑαυτὸν
3272 3982 3579 4041 ἀνέστησεν.
3629 3977 3767 4045 Ἀγιοι
3799 3965 3837 4019 δι

2318 4077 2638 4148 ἠγέρθησαν,
2702 4076 2783 4126 ἶνα
2846 4070 3070 4135 δόξωσιν
3128 4072 3456 4136 ἀξιόπιστοι,
3514 4070 3711 4140 λέγοντες
3759 4077 3837 4127 περι

2315 4172 2405 4217 τοῦ
2450 4172 2706 4239 Χριστοῦ.
2742 4164 3166 4235 Ἐμφανισθέντες
3215 4158 3296 4230 δι,
3340 4162 3497 4214 πάλιν
3544 4154 3837 4228 hauriet”-

2386 4354 2443 4406 Ὀ
2508 4349 2568 4405 δὲ
2625 4350 3007 4422 ἑκατόνταρχος
3064 4380 3132 4389 -
3201 4346 3263 4407 ἦν
3334 4350 3508 4409 οὗτος.
3577 4348 3737 4401 Τοῦτον
3786 4353 3841 4386 τοι

2317 4444 2695 4515 ἑκατόνταρχον
2751 4442 2775 4491 ό
2823 4442 3031 4511 Μάρκος
3096 4442 3421 4510 κεντυρίωνα
3475 4438 3692 4507 ὠνόμασε
3724 4449 3734 4458 ·

2316 4538 2504 4606 τυρίων
2559 4534 2659 4604 γὰρ
2711 4532 2853 4603 παρὰ
2909 4528 3178 4599 Ῥωμαίοις
3233 4530 3258 4579 ό
3315 4527 3689 4599 ἑκατόνταρχος
3721 4530 3841 4619 cmi:

2874 4621 3013 4669 κέντε
3278 4616 3549 4687 λέγουσιν.
3616 4614 3627 4629 ’

3093 4707 3118 4757 ό
3206 4709 3558 4778 παρεστηκὼς

3024 4794 3219 4867 κράξας
3302 4793 3621 4859 ἐξέπνευσεν,
3706 4785 3845 4839 εἶπεν

2316 4629 2405 4675 καὶ
2461 4624 2526 4673 τὰ
2601 4620 2800 4682 ἑκατόν,

2319 4716 2496 4785 φησὶν,

2319 4804 2499 4867 αύτου,
2600 4799 2677 4850 ὃτι

2598 4710 2622 4760 ὁ
2709 4710 2985 4781 κεντυρίων

2771 4797 2928 4856 οὕτως

1920 4980 2138 5050 Varia:
2177 4983 2526 5053 lectiones.

633 5085 747 5158 (53)
771 5084 891 5138 Ὀτι
920 5084 1119 5143 ἀπέπτη
1148 5084 1343 5140 λοιπόν.
1382 5086 1452 5158 A.
1478 5084 1559 5158 lta
1588 5084 1927 5158 Hentenius.

635 5157 968 5231 (Minicio
1022 5158 1291 5231 margine
1323 5157 1545 5213 codicis
1574 5157 1625 5231 A_
1668 5173 1916 5231 amanu
1960 5173 2206 5231 prorsus

559 5227 778 5288 reCenti
804 5228 1035 5300 adjecta
1067 5233 1205 5300 sunt
1234 5228 1360 5283 hinc
1412 5227 1753 5300 receptioris
1780 5227 1988 5285 Graeci}
2042 5238 2207 5285 Τοῦτο

560 5306 619 5356 τὸ
676 5297 1056 5372 καταπέτασμα
1106 5299 1336 5371 ἐσχίσθη
1405 5301 1477 5362 εἰς
1526 5297 1641 5353 δύο·
1694 5300 1914 5377 ύθιαντόν
1936 5304 2063 5377 ⁸γὰρ
2123 5300 2202 5361 ἧν.

560 5378 619 5428 τὸ
648 5376 738 5447 μὲν
791 5370 1067 5445 στημόνιον
1118 5370 1297 5424 ἵστατο
1347 5374 1536 5446 ὄρθιον*
1592 5375 1649 5424 τὸ
1708 5370 1766 5427 δε
1818 5370 2043 5446 ὑφάδιον
2091 5376 2205 5428 ἔπε-

634 5555 711 5628 (h)
767 5550 1339 5628 Lucemqueuaturi.
1388 5553 1452 5607 Et
1482 5551 1874 5625 splendituri:
1919 5554 2205 5611 nimirum

562 5622 779 5687 dietate
824 5630 881 5682 et
914 5622 1248 5681 virtutibus.

632 5700 696 5772 (ι)
726 5697 886 5765 Quod
905 5705 1098 5757 autem
1129 5726 1198 5739 —
1226 5696 1436 5767 accipe.
1466 5695 1681 5766 Accipe
1709 5711 1952 5768 prorsus
1977 5711 2098 5756 non
2119 5699 2206 5757 est

2321 5108 2405 5141 σεν
2462 5087 2623 5138 κάτω.
2684 5081 2859 5143 Οὕτως
2929 5082 3202 5155 ἱστόρηται
3248 5082 3405 5155 παρα
3451 5087 3524 5155 τεῦ
3572 5079 3720 5155 Πατρὶ

2319 5136 2529 5231 Iit—idos?)
2658 5136 3052 5231 ξίρυσοξττόμιῳ.⁸
3082 5136 3197 5207 Sed
3230 5136 3406 5222 apud
3439 5136 3855 5222 Chrysos'tom'um

2315 5230 2461 5288 nihil
2496 5226 2752 5298 reperio.
3036 5297 3043 5299 ξ
3193 5297 3199 5299 _
3459 5298 3465 5299 ί
3544 5293 3581 5299 _
3651 5290 3661 5299 _

2386 5301 2501 5373 (55)
2540 5288 2663 5373 Iino
2706 5299 2942 5373 κέντουμ,
2987 5297 3051 5373 ut
3103 5297 3319 5350 notum
3376 5298 3491 5373 est.
3543 5290 3685 5373 Fecit
3714 5288 3855 5341 autem

2316 5367 2552 5430 Graecus
2582 5369 2661 5426 ad
2699 5367 2959 5424 formam
2989 5367 3365 5431 Graecorum,
3392 5372 3462 5423 ut
3492 5369 3653 5420 πέντε.

2313 5554 2375 5607 in
2400 5552 2620 5607 Graeco.
2645 5544 2885 5602 Brevius
2909 5542 3159 5601 reddas:
3190 5543 3369 5611 Quod
3396 5559 3541 5601 vero
3555 5532 3866 5615 probatilius.

2314 5606 2597 5699 Ἐρμηνεία
2618 5622 2939 5699 χαριεστέρα
2975 5621 3064 5698 est
3090 5606 3519 5688 interpretatio
3548 5606 3868 5688 probabilior.

2313 5688 2561 5759 acutior,
2598 5688 2891 5760 subtilior,
2922 5688 3138 5747 verior.
