3904 6210
62 231 140 286 737
1057 221 1426 283 COMMENT.
1470 227 1540 283 IN
1581 221 2024 285 MATTH/EUM.
2075 261 2142 270 ——
2179 231 2332 286 CAP.
2374 229 2595 288 XXVII.

3237 228 3340 290 738

58 356 252 414 Ἀληθῶς
312 353 334 404 ό
389 352 643 422 ἄνθρωπος
705 349 854 412 οὗτος
909 350 1030 410 Υἰός
1081 353 1142 409 ἡν
1202 359 1362 408 Θεοῦ.
1429 350 1578 407 Ἰδὼν

1767 370 1789 410 ε’
1809 355 1991 410 Filius
2022 355 2126 412 Dei
2155 361 2283 412 erat
2316 357 2382 410 ⁸⁵.
2421 357 2668 412 lntuitus
2687 356 2975 428 siquidem
3011 358 3170 430 quod
3201 375 3340 414 cum

58 446 119 496 ὅτι
147 446 260 513 (56),
287 443 402 514 μετά
448 438 739 513 παρρησίας
784 444 990 512 Πατέρα
1039 443 1125 492 τὸν
1177 444 1305 494 Θεὸν
1335 442 1576 522 καλέσαις⁸

59 538 130 584 καὶ
166 533 224 592 εἰς
260 537 422 602 χεῖρας
471 530 628 581 αὐτοῦ
681 530 990 604 παραθεῖναι
1037 534 1128 587 τὴν
1168 529 1354 602 ψυχὴν
1398 532 1582 583 ἑαυτοῦ

1347 617 1472 672 ἰδὼν
1525 617 1583 673 δὲ

57 717 123 761 καὶ
171 712 224 761 τὰ
267 714 530 766 τηνικαῦτα
582 711 826 778 γενόμενα
877 709 1087 780 φρικτὰ,
1141 707 1444 761 ἐπίστευσεν
1504 711 1583 762 ὅτι

60 801 147 859 Υἱὸς
195 794 244 854 ἦν
290 805 426 850 Θεοῦ.
477 795 536 848 Ὀ
569 793 628 848 δὲ
680 801 889 858 Λουκᾶς
937 795 1070 868 λέγει
1125 802 1244 869 περὶ
1285 797 1445 849 αὐτοῦ
1502 799 1582 850 ὅτι

59 883 172 938 Ἰδὼν
229 888 250 936 ὁ
313 885 684 958 ἑκατόνταρχος
753 889 812 936 τὸ
886 891 1176 958 γενόμενον,
1233 883 1452 948 ἑδόξασε
1493 891 1580 939 τὸν

65 980 174 1043 Θεὸν,
217 974 350 1045 λέγων
387 989 400 1004 ⁸

63 1065 107 1121 iv
131 1081 140 1092 ο
165 1061 348 1126 δίκαιον,
378 1059 543 1136 οἶμαι,
587 1067 671 1115 τὸν
718 1065 850 1116 θεῖον
883 1063 1166 1135 ὀνομάσας.
1213 1063 1278 1116 Ἠ
1324 1069 1413 1117 καὶ
1443 1074 1578 1138 πρῶ-

56 619 430 692 ὲπαγγειλάμενος,
501 621 636 690 μοτὰ
691 621 877 691 μικρὸν
933 616 1226 681 ἐξέπνευσεν
1276 640 1288 652 ·

459 973 659 1036 Ὀντως
723 993 749 1025 ο
809 975 1074 1046 ἅνθρωπος
1138 975 1287 1037 οὗτος
1373 972 1580 1038 δίκαιος

66 1173 129 1204 τον
159 1158 223 1223 μὲν
259 1151 410 1213 ἁπλῶς
451 1149 612 1217 εἶπεν,
638 1154 720 1204 ὅτι
765 1149 967 1214 δίκαιος
997 1149 1058 1210 ἧν
1087 1171 1098 1182 ·
1131 1151 1240 1205 εἶτα
1259 1154 1574 1228 τελεώτερον,

71 1243 130 1293 ὁτι
167 1244 252 1302 Υἱὸς
289 1238 339 1298 ἦν
397 1250 558 1298 Θεοῦ.
628 1243 928 1316 Προσέθηκε
987 1239 1048 1294 δὲ
1094 1248 1302 1305 Λουκᾶς
1361 1245 1441 1296 ὅτι
1488 1247 1579 1296 καὶ

74 1332 211 1390 πάντες
252 1333 288 1382 οἱ
328 1335 837 1405 συμπαραγενόμενοι
886 1331 1033 1402 ὅψλει
1081 1330 1163 1384 ἐπὶ
1219 1336 1314 1390 τὴν
1364 1333 1578 1406 θεωρίαν

71 1421 227 1488 ταύτην,
275 1421 556 1495 θεωροῦντες
613 1423 680 1472 τὰ
731 1424 995 1492 γενόμενα,
1053 1424 1329 1482 τύπτοντες
1382 1421 1577 1474 ἑαυτῶν

64 1511 110 1558 τὰ
162 1510 291 1566 στήθη
357 1509 689 1583 ὑπέστρεφον.
745 1514 829 1567 Μὴ
903 1509 1186 1582 τολμῶντες
1243 1513 1344 1582 γὰρ
1410 1509 1578 1562 λαλεῖν

65 1593 132 1647 διὰ
169 1601 236 1648 τὸν
279 1597 412 1670 φόϐον
473 1606 580 1650 τῶν
638 1597 947 1672 ἀρχιερέων,
1001 1601 1216 1651 ἔτυπτον
1265 1598 1458 1651 ἑαυτῶν
1514 1601 1582 1651 τὰ

1690 441 1958 498 libertate
1988 443 2172 499 Deum
2202 448 2430 500 Patrem
2465 451 2751 512 vocasset,
2782 451 2834 500 et
2863 446 2924 502 in
2970 463 3185 502 manus
3210 447 3338 518 ejus

1694 531 1967 603 spiritum
2016 550 2193 588 suum
2234 535 2660 589 commendare
2687 550 2751 589 se
2779 539 3022 590 testatus
3053 543 3224 601 esset,
3273 552 3342 594 ac

1695 619 1877 691 paulo
1903 627 2036 694 post
2061 628 2414 695 exspirasset
2447 642 2459 678 :
2489 623 2727 679 intuitus
2752 640 2994 696 quoque
3027 625 3178 680 adeo
3206 625 3341 682 hor-

1692 709 1881 767 renda
1908 726 2042 783 quae
2073 711 2315 768 ﬁebant.
2347 713 2591 768 credidit
2615 711 2820 768 Filium
2844 729 2972 768 esse
3006 713 3120 769 Dei.
3152 715 3341 770 Lucas

1695 815 1826 854 vero
1855 799 1929 855 de
1951 816 2022 856 eo
2052 800 2224 856 dicit:
2252 801 2462 856 Videas
2483 802 2750 857 centurio
2765 803 2921 873 quod
2939 804 3168 871 factum
3191 809 3338 868 erat,

1689 889 2050 958 gloriﬁcavit
2066 889 2250 945 Deam
2265 889 2482 955 dicens,
2515 890 2652 946 Vere
2665 890 2823 945 homo
2837 891 2966 960 hicj
2970 897 3127 947 ustus
3138 896 3255 947 erat
3268 895 3315 928 ⁸⁸
3324 910 3341 964 ;

1687 979 1940 1042 Justum,
1976 983 2037 1032 ut
2073 977 2306 1048 Opinor,
2341 979 2616 1034 divinum
2647 978 2991 1034 nominans.
3032 980 3129 1035 Vel
3163 982 3341 1036 etiam

1689 1065 1949 1138 primum
1982 1066 2213 1139 quidem
2259 1066 2425 1133 dixit,
2487 1067 2649 1139 quod
2676 1067 2873 1138 justus
2924 1071 3051 1124 erat
3085 1085 3099 1134 ;
3133 1068 3344 1124 deinde

1689 1154 1932 1210 tandem
1963 1155 2127 1227 quod
2155 1155 2333 1211 Filius
2354 1155 2454 1211 Dei
2486 1161 2631 1212 erat.
2667 1155 2844 1210 Addit
2873 1163 3070 1212 autem
3113 1156 3300 1212 Lucas
3326 1176 3338 1216 :

1688 1243 1764 1298 Et
1779 1259 1971 1300 omnes
1993 1245 2178 1300 turba:
2203 1260 2338 1317 qua:
2357 1246 2534 1301 simul
2558 1252 2920 1302 accesserant
2939 1245 3020 1302 ad
3043 1252 3345 1315 spectacu-

1689 1332 1808 1390 lum
1821 1333 1999 1405 illud,
2019 1334 2275 1391 videntes
2286 1349 2418 1406 qua
2449 1335 2682 1403 ﬁebant,
2705 1336 3087 1406 percutientes
3099 1342 3289 1404 pecto:
3308 1352 3343 1392 a

1687 1437 1798 1480 sua
1828 1425 2283 1481 revertebantur
2309 1425 2356 1460 ⁸⁷
2384 1426 2459 1495 (j)
2482 1441 2495 1491 ;
2515 1425 2782 1481 dolorem
2812 1425 3080 1481 videlicet
3107 1425 3346 1481 interio-

1689 1529 1814 1568 rem
1856 1513 2283 1584 signiﬁcantes.
2299 1514 2712 1585 Intelligebant
2735 1515 2892 1571 enim
2912 1531 2943 1571 a
2965 1515 3344 1586 praecedenti-

1690 1603 1803 1658 bus
1834 1603 2038 1674 signis,
2071 1604 2225 1659 etab
2249 1603 2339 1658 his
2360 1619 2496 1675 qua:
2527 1604 2900 1670 accidebant,
2924 1605 3080 1670 quod
3103 1609 3160 1660 et
3185 1620 3343 1660 crea-

61 1687 205 1750 στήθη,
254 1692 578 1760 σημαίνοντες
624 1693 718 1746 τὴν
769 1685 904 1748 ἐντὸς
941 1685 1153 1746 ὀδύνην.
1197 1694 1426 1747 Συνῆκαν
1455 1690 1574 1760 γὰρ,

1767 1708 1823 1748 ra
1901 1694 2244 1765 passionem
2295 1692 2451 1749 illius
2515 1709 2639 1750 non
2692 1695 2884 1751 ferens
2942 1693 3343 1766 compatieba—

60 1772 132 1825 ἀπό
172 1793 215 1826 τε
253 1785 338 1828 τῶν
381 1774 746 1851 προλαϐόντων
805 1780 1053 1850 σημείων,
1086 1775 1188 1830 ἀπὸ
1236 1796 1291 1830 τε
1335 1786 1436 1830 τῶν
1467 1783 1580 1830 τότε

56 1868 288 1934 γινομένων,
337 1867 408 1918 ὅτι
459 1867 600 1927 θεῖος
657 1867 926 1938 ἄνθρωπος
980 1863 1060 1931 ἦν,
1119 1871 1208 1919 καὶ
1266 1869 1580 1939 συμπάσχει

184 1955 209 2010 ἠ
235 1957 408 2018 κτίσις,
439 1959 513 2027 μή
547 1959 776 2028 φέρουσα
799 1959 858 2007 τὸ
883 1957 1049 2018 πάθος
1081 1956 1262 2012 αὑτοῦ.

108 2040 239 2094 Ἦσαν
266 2074 324 2084 -
369 2044 530 2115 αὐτῷ.
569 2051 907 2116 Χορηγοῦσαι
955 2047 1022 2096 τὰ
1057 2049 1188 2120 πρὸς
1240 2048 1333 2097 τὰν
1373 2051 1580 2120 χρείαν.

59 2135 184 2202 Χορός
229 2131 316 2206 γὰρ
365 2129 496 2191 ἦσαν
567 2139 657 2186 καὶ
709 2135 863 2186 αὗται
919 2134 1032 2206 (56)
1092 2136 1414 2207 μαθητριῶν,
1465 2140 1584 2210 περὶ

57 2224 123 2274 τὴν
165 2225 437 2297 Θεομάτορα
489 2227 828 2296 τεταγμέναι,
879 2224 969 2274 καί
1025 2229 1360 2299 παρέχουσαι
1417 2221 1586 2277 δαπά-

56 2328 115 2367 νας
158 2309 202 2361 ἐκ
244 2319 330 2362 τῶν
375 2317 674 2384 προσόντων
725 2313 930 2375 αὑταῖς.
987 2319 1086 2366 Καὶ
1157 2315 1252 2388 ὅροι
1299 2317 1394 2371 τὴν
1440 2314 1585 2376 τάξιν

57 2395 438 2472 viatica-fricare.
490 2403 563 2454 Οί
611 2404 844 2474 μαθηταὶ
896 2406 998 2476 γὰρ
1054 2405 1260 2474 ἔφυγον,
1289 2406 1344 2455 αί
1388 2400 1446 2456 δὲ
1484 2424 1589 2476 μα-

59 2487 217 2558 θητριαι
242 2495 564 2563 παρέμειναν.

105 2574 169 2626 Ἐν
207 2607 262 2618 -
309 2587 401 2630 τῶν
453 2582 583 2632 υἱῶν
639 2576 941 2633 Ζεϐεδαίου.
1007 2579 1176 2653 [Τίνες
1392 2578 1451 2635 δὲ
1510 2582 1584 2635 λέ-

53 2682 186 2730 γοντι,
234 2672 352 2738 μετὰ
400 2672 455 2720 τὸ
515 2677 746 2741 ταφῆναι
801 2673 888 2722 τὸν
941 2674 1194 2744 Χριστὸν,
1263 2669 1586 2724 ἀπελθοῦσαν

53 2757 118 2806 τὴν
165 2761 386 2808 Θεοτόκον
446 2765 764 2812 καταπεσεῖν
832 2761 932 2811 ὑπὸ
1000 2759 1168 2821 λύπης
1242 2759 1586 2835 ὑπερϐαλλού-

52 2859 132 2907 τις,
180 2850 255 2896 καὶ
301 2843 427 2917 μηδ’
459 2847 746 2921 ἀφικέσθαι
788 2851 918 2920 μετὰ
962 2857 1115 2900 τοῦτο
1143 2852 1269 2922 πρὸς
1292 2853 1377 2902 τὸν
1406 2853 1584 2922 τάφον,

50 2926 390 2990 αὸυνατήσασαν
461 2936 519 2988 ἐκ
595 2933 824 3011 σφοδρᾶς
874 2933 1240 3011 περιωδυνίας,
1298 2937 1424 2990 ἀλλὰ
1479 2947 1586 2992 κεῖ-

53 3019 138 3070 σθαι
187 3028 263 3076 καί
312 3026 509 3100 θρηνεῖν
580 3030 744 3101 μέχρι
804 3035 903 3078 τῶν
971 3025 1275 3099 εὐαγγελίων
1331 3033 1419 3081 καὶ
1467 3027 1586 3082 ἀνα·
1615 3057 1656 3116 C

53 3111 230 3172 ςτςὶσεως
255 3111 273 3185 ]

99 3199 263 3252 Helle?”
327 3203 516 3274 οὐσῶν,
576 3207 665 3265 τὰς
739 3203 1117 3279 ἐπισημοτέρας
1191 3203 1583 3280 ἀπαριθμεῖται.

47 3289 150 3348 Τινὲς
314 3290 397 3344 οὖν
460 3312 644 3366 φασιν,
679 3296 745 3356 ὡς
786 3295 814 3352 ἠ
879 3299 1129 3355 Θεοτόκος
1183 3293 1322 3346 ἐστὶν
1375 3297 1403 3354 ἡ
1445 3300 1588 3372 παρὰ

50 3381 125 3434 tsi;
161 3377 539 3450 εὐαγγελισταῖς
595 3383 957 3456 ὀνομαζομένη
1013 3387 1138 3436 ποτε
1190 3388 1279 3456 μὲν
1333 3392 1425 3436 τοῦ
1485 3385 1584 3439 Ἰα-

49 3466 172 3516 ιυεου
217 3475 296 3522 καὶ
360 3472 515 3530 Ἰωσῆ
579 3476 778 3546 μήτηρ,
838 3475 958 3525 ποτε
1026 3468 1084 3525 δὲ
1151 3477 1329 3546 Μαρία
1382 3474 1493 3545 (59)
1552 3477 1582 3533 ἡ

51 3548 256 3626 Ἰακώϐου,
305 3565 424 3613 ποτε
501 3557 568 3613 δε
633 3566 812 3633 Μαρία
866 3563 896 3620 ἡ
963 3569 1054 3613 τοῦ
1125 3561 1275 3621 Ἰωσῆ
1315 3578 1328 3593 ⁶
1401 3560 1588 3626 παῖδες

47 3642 116 3710 γὰρ
155 3645 280 3698 οὗτοι
329 3658 400 3720 τῷ
462 3649 685 3722 Ἰωσήφ.
740 3655 840 3703 Καὶ
896 3652 1069 3725 ὥσπερ
1121 3653 1146 3702 ὁ
1208 3655 1380 3724 πατὴρ
1419 3652 1586 3704 αὐτῶν

47 3735 139 3800 περ
179 3734 321 3796 αὐτῆς
377 3739 678 3812 ὠνομάζετο
755 3736 850 3791 διὰ
906 3745 998 3798 τὴν
1079 3741 1396 3814 οἰκονομίαν,
1453 3741 1586 3794 οὕτω

45 3825 105 3869 uti
140 3822 264 3877 αὐτοὶ
298 3827 446 3880 πάλιν
504 3831 615 3881 υίοὶ
659 3829 842 3890 αὐτῆς,
891 3827 1331 3905 Δυσπαράὸεκτος
1374 3829 1486 3902 (60)
1528 3827 1587 3884 δε

44 3923 199 3977 oio-,9;
244 3915 385 3978 οὗτος
425 3915 593 3972 δοκεῖ.
657 3925 863 3993 Πρῶτον
903 3923 992 3991 μὲν
1031 3923 1132 3990 γὰρ
1189 3917 1340 3972 οὐδὲν
1397 3920 1586 3973 ἐκώλυε

41 4004 192 4070 μητέρα
235 4013 318 4057 τοῦ
352 4008 531 4065 Ἰησοῦ
563 4011 759 4066 ταύτην
810 4008 1068 4082 ὀνομάσαι
1103 4029 1114 4042 ·
1150 4019 1300 4063 τοῦτο
1330 4013 1430 4084 γὰρ
1462 4008 1583 4064 δια-

41 4104 162 4154 βρως
206 4093 352 4152 αὐτὴν
391 4103 674 4170 ὠνόμασαν
723 4097 770 4149 ἐν
808 4107 919 4160 ταῖς
969 4097 1354 4172 προλαϐοῦσαις
1393 4097 1585 4173 διηγό-

41 4189 180 4225 εετιν·
209 4183 371 4236 ἔπειτα
427 4191 519 4238 καὶ
580 4187 876 4259 παράλογον
941 4197 1218 4260 πανταχοῦ
1279 4193 1582 4265 προτάττειν

38 4271 154 4349 fani;
195 4275 275 4326 τὴν
324 4271 688 4346 Μαγδαληνὴν
743 4274 790 4326 ἐν
843 4283 952 4338 τοῖς
1014 4275 1190 4348 ἐφεξῆς
1251 4277 1438 4349 λόγοις,
1493 4284 1582 4332 καὶ

37 4343 234 4408 δεικνύειν
300 4363 612 4436 θερμοτέραν
680 4373 770 4425 τῆς
845 4371 1194 4440 Θεομήτορος.
1253 4363 1403 4420 Ὀθεν
1461 4370 1656 4460 ὑπο-Ι)

35 4450 197 4536 λξαῦμεν
247 4451 319 4500 ὁτι
375 4453 504 4511 οῖλλη
578 4473 654 4513 τις
725 4449 785 4512 ἦν
867 4456 894 4512 ἡ
954 4461 1134 4530 Μαρία
1183 4457 1338 4522 αὕτη,
1403 4463 1578 4532 μήτηρ

37 4545 135 4580 οντα
180 4536 410 4592 Ἰακώϐου
460 4549 558 4594 τοῦ
616 4549 823 4617 Μικροῦ
870 4547 956 4594 καὶ
1014 4544 1192 4614 Ἰωσῆ,
1226 4545 1284 4596 οὐ
1326 4555 1423 4598 τῶν
1455 4549 1578 4598 υίών

34 4627 101 4669 τοῦ
139 4621 326 4700 Ἰωσὴφ,
376 4629 484 4683 ἀλλ’
529 4631 733 4707 ἑτέρων,
787 4629 888 4684 ἀπὸ
938 4641 1035 4684 τῶν
1085 4630 1445 4706 ἑϐδομήκοντα
1476 4656 1578 4709 μα-

87 4827 122 4861 ⁶⁵
147 4827 304 4890 Marc.
337 4851 416 4908 γι,
450 4837 543 4894 39.
625 4835 672 4874 ⁸⁸
697 4837 835 4894 Luc.
861 4853 1024 4912 nui,
1049 4839 1142 4896 47.
1219 4841 1268 4878 ⁶⁷
1296 4840 1454 4900 ibid.
1483 4844 1580 4900 48.

1691 1788 1788 1838 tur
1813 1782 1882 1838 ei.

1765 2032 1925 2090 Vers.
1960 2034 2048 2089 55.
2087 2034 2366 2090 Erantei.
2408 2033 2867 2105 Suppeditantes
2895 2048 3029 2107 qua;
3056 2035 3106 2089 ei
3137 2050 3343 2090 neces-

1697 2123 1858 2179 saria
1877 2128 2025 2180 erat.
2065 2123 2292 2180 Chorus
2331 2123 2490 2180 enim
2531 2129 2657 2180 erat
2697 2123 3132 2196 discipularum
3178 2127 3343 2196 apud

1698 2212 1797 2268 Dei
1821 2214 2060 2269 Matrem
2092 2212 2566 2283 conjunctarum,
2599 2217 2657 2268 et
2680 2227 2980 2284 expensas
3011 2213 3086 2269 de
3113 2214 3234 2269 suis
3263 2213 3345 2271 fa-

1696 2302 2014 2358 cultatibus
2031 2302 2561 2374 suppeditantium.
2597 2302 2662 2357 Et
2693 2302 2825 2358 vide
2856 2318 3213 2358 conversum
3256 2319 3346 2359 or-

1695 2391 1898 2447 dinem
1920 2409 1933 2444 :
1951 2391 2231 2464 discipuli
2248 2390 2550 2464 siquidem
2569 2391 2590 2448 ί
2595 2398 2860 2462 ugerant,
2879 2391 3183 2465 discipula:
3200 2409 3337 2450 vero

1696 2480 2033 2536 assistentes
2063 2481 2516 2552 permanebant.

1767 2569 1933 2625 Vers.
1963 2571 2054 2625 56.
2089 2571 2254 2626 Inter
2291 2601 2360 2610 —
2386 2570 2648 2637 ﬁliorum
2677 2571 3027 2643 Zebedzi.-1-
3069 2572 3110 2642 σί-
3138 2570 3348 2626 Dicunt

1697 2659 1986 2725 nonnulli,
2012 2660 2326 2732 Deiparam
2349 2663 2482 2732 post
2499 2659 2866 2732 sepulturam
2891 2660 3099 2716 Christi
3131 2659 3346 2716 abiisse

1695 2765 1765 2804 ac
1786 2749 1969 2805 nimio
1990 2765 2241 2806 maerore
2258 2748 2616 2814 concidisse,
2650 2764 2759 2804 nec
2790 2755 2998 2821 postea
3031 2749 3108 2804 ad
3149 2749 3348 2820 sepul-

1697 2854 1854 2894 crum
1879 2842 2216 2904 accessisse,
2239 2838 2416 2894 nimio
2433 2837 2636 2893 dolore
2658 2837 2953 2903 afﬂictam,
2975 2837 3077 2893 sed
3089 2837 3346 2909 jacuisse

1698 2944 1769 2984 ac
1796 2928 1970 2984 ﬂesse
1998 2944 2186 3001 usque
2223 2927 2301 2984 ad
2327 2927 2772 2984 resurrectionis
2821 2928 3124 2983 nuntium.

1769 3201 1915 3256 Cum
1961 3198 2164 3255 multa;
2213 3203 2428 3264 essent,
2463 3198 2818 3266 insigniores
2847 3204 3180 3254 enumerat.
3210 3199 3350 3264 Qui-

1697 3289 1840 3345 dam
1865 3289 2066 3360 itaque
2096 3288 2321 3354 dicunt,
2363 3287 2528 3361 quod
2557 3287 2658 3343 Dei
2689 3289 2866 3343 Mater
2890 3293 2996 3352 est,
3029 3304 3162 3359 quae
3189 3287 3347 3358 apud

1697 3378 2104 3448 Evangelistas
2154 3393 2314 3432 nunc
2353 3376 2599 3449 quidem
2629 3376 2837 3432 Jacobi
2881 3381 2938 3431 et
2989 3377 3125 3431 Jose
3157 3383 3349 3432 mater

1695 3466 2062 3532 nominatur,
2095 3466 2462 3540 quandoque
2489 3472 2690 3522 autem
2713 3464 2894 3521 Maria
2915 3465 3141 3530 Jacobi,
3172 3465 3347 3520 inter-

1696 3556 1842 3612 dum
1881 3572 2022 3612 vero
2060 3555 2238 3614 Maria
2272 3555 2409 3612 Jose
2442 3573 2456 3622 ;
2490 3571 2633 3612 nam
2658 3554 2720 3610 hi
2746 3554 2847 3626 filii
2882 3560 3048 3610 erant
3103 3555 3344 3626 Joseph.

1697 3649 1763 3704 Et
1781 3646 2303 3721 quemadmodum
2329 3651 2498 3718 pater
2513 3645 2748 3701 illorum
2777 3643 2866 3700 vir
2881 3645 3008 3715 ejus
3037 3643 3350 3700 dicebatur

1697 3743 1940 3811 propter
2015 3736 2547 3808 dispensationem,
2611 3735 2692 3791 ita
2754 3749 2964 3790 rursus
3037 3732 3153 3806 ipsi
3246 3733 3346 3789 ﬁlii

1697 3827 1967 3898 Virginis.
2030 3826 2244 3882 Verum
2324 3841 2520 3882 sermo
2584 3824 2680 3880 hic
2728 3823 3031 3880 absurdus
3095 3821 3346 3878 videtur.

1695 3917 1955 3973 Primum
1990 3915 2308 3988 siquidem,
2333 3915 2479 3988 quid
2497 3913 2850 3986 prohibebat
2872 3929 3007 3969 eam
3049 3911 3351 3985 appellare

1695 4009 1939 4063 Matrem
1971 4007 2109 4061 Jesu
2147 4006 2175 4061 Ἰ
2204 4004 2529 4077 praesertim
2571 4019 2707 4059 cum
2767 4003 2828 4058 in
2871 4002 3346 4075 praecedentibus

1693 4095 2132 4152 narrationibus
2161 4099 2226 4149 ut
2255 4093 2580 4166 plurimum
2611 4092 2692 4147 ita
2729 4107 2864 4146 eam
2896 4090 3348 4163 appellaverint.

1697 4184 1913 4240 Deinde
1951 4183 2284 4238 absurdum
2316 4196 2557 4254 quoque
2591 4180 2738 4234 foret
2774 4181 2834 4234 in
2876 4180 3022 4235 locis
3050 4178 3349 4252 sequenti-

1692 4273 1807 4328 bus
1847 4271 2070 4344 ubique
2106 4270 2496 4339 Magdalenen
2536 4269 2585 4323 ei
2641 4269 2922 4338 praeponi,
2957 4273 3013 4322 et
3037 4266 3348 4322 ostendere

1691 4363 1854 4418 illam
1894 4361 2071 4416 fuisse
2121 4363 2294 4415 Matre
2352 4358 2450 4412 Dei
2481 4356 2917 4412 ferventiorem.
2954 4355 3118 4411 Unde
3146 4355 3349 4426 suspi-

1692 4469 1901 4508 camur
1923 4451 2169 4506 alteram
2199 4446 2525 4521 quamdam
2550 4445 2734 4500 fuisse
2755 4445 2910 4500 hanc
2931 4442 3196 4507 Mariam,
3216 4458 3347 4514 quae

1690 4549 1880 4598 mater
1910 4546 2036 4596 erat
2061 4537 2267 4595 Jacobi
2311 4536 2481 4592 Parvi
2513 4540 2570 4590 et
2601 4536 2753 4605 Jose,
2798 4549 2920 4588 non
2959 4532 3220 4588 ﬁliorum
3251 4531 3356 4587 Jo-

1693 4633 1858 4705 seph,
1889 4630 1994 4687 sed
2015 4628 2292 4694 aliorum,
2316 4625 2420 4699 qui
2442 4629 2608 4683 erant
2627 4640 2660 4680 e
2684 4621 3064 4696 septuaginta
3085 4620 3356 4695 discipu-

1315 5045 1542 5119 Varia
1569 5045 1931 5117 lectiones.

83 5259 171 5343 (ζῇ)
205 5266 320 5343 F239,
359 5273 499 5325 ante
539 5269 642 5336 ὅτι,
683 5268 1030 5343 interponit.
1071 5271 1143 5328 A.

84 5329 173 5398 (57)
205 5329 471 5398 Μαθητῶν.
495 5346 562 5393 Α.

83 5401 173 5472 (⁵8)
204 5409 322 5467 Haec
339 5417 593 5486 uterque
609 5413 793 5470 codex
814 5411 877 5469 in
903 5411 1177 5486 margine
1199 5410 1459 5474 exhibet.
1481 5415 1584 5474 Ca-

82 5579 137 5648 (j)
167 5588 296 5645 Ante
310 5589 578 5648 dolorem
591 5591 890 5658 adde,non
914 5592 1204 5651 addentes
1214 5595 1375 5652 enim
1394 5593 1579 5659 loqui,

42 5655 1582 5738 Wtcrmetumprincipumsacerdotummercutiebant

1696 5276 1784 5330 ret
1807 5271 1877 5328 iis
1907 5265 2242 5328 Henlenius.

1766 5344 1880 5413 (59)
1906 5342 1990 5408 ’H,
2023 5341 2212 5398 abest.
2246 5339 2313 5394 A.

1768 5346 1858 5413 (59
1906 5346 1990 5408 Ἣ,
2023 5346 2137 5398 abe

1768 5346 1884 5487 (60)
1908 5419 2034 5470 Τοῦ.
2076 5417 2141 5468 Α.

1690 5589 2074 5665 (plangebant)
2118 5594 2363 5665 pectora
2387 5603 2514 5648 sua.
2553 5585 2720 5646 Forte
2747 5582 2878 5643 hinc
2905 5580 3248 5640 exciderant
3278 5591 3354 5636 ex

1692 5661 1898 5724 codice
1932 5661 2232 5724 Hen’tenii.
