3904 6210
141 208 218 261 741
1034 211 1403 271 COMMENT.
1457 211 1525 271 ΙΝ
1565 211 2009 271 ΜΑΤΤΗᾹΞΠΜ.
2049 246 2117 256 -
2144 214 2316 276 ‘CAP.
2368 216 2594 276 XXVII.

3294 234 3296 236 ⁷
3315 229 3420 283 742

138 336 338 406 προτέραν
381 333 466 407 γὰρ
513 331 708 388 δειλίαν
881 338 1097 411 ὕστερον
1145 338 1405 415 τολμηρία
1460 343 1629 413 θανμα

1806 340 2030 396 ’riorem
2060 340 2219 396 enim
2249 342 2519 400 timorem
2559 345 2825 417 sequenti
2855 347 3106 404 audacia
3135 350 3419 407 mirabili-

139 427 234 481 σίως
283 420 551 492 ἀπενίψατο,
603 431 692 478 καὶ
759 427 830 489 εἰς
887 429 1102 480 θάνατον
1166 426 1409 492 ἐξέδωκεν
1480 431 1656 483 ἑαυτὸν

134 518 180 582 τῇ
218 514 322 583 πρὸς
369 516 444 563 τὸν
493 509 817 567 διδάσκαλον
868 516 1059 590 εὐνοίᾳ,
1117 523 1208 576 την
1256 523 1395 592 παρὰ
1451 523 1655 573 πάντων

135 607 211 649 τῶν
238 597 463 652 Ἰουδαίων
491 600 776 675 ἀπέχθειαν
806 603 1197 680 ἀναδεξάμενος.

186 694 286 740 Τότε
321 721 380 730 -—
438 700 603 764 σῶμα.
677 698 890 769 Μάρκος
948 693 1007 748 δὲ
1065 717 1223 768 φησιν
1285 699 1363 749 ὅτι
1434 697 1655 760 Πιλάτος

135 774 383 848 ἐθαύμασεν,
453 780 494 832 εἰ
565 778 674 840 ἤδη
764 786 992 849 τέθνηκε,

132 885 198 926 νος
259 871 331 918 τόν
395 875 720 944 κεντυρίωνα,

1070 791 1160 838 καὶ
1231 786 1654 860 προσκαλεσάμε-

808 871 1140 946 ἕπηρὼτησεν
1202 875 1378 940 αὐτὸν,
1458 877 1502 929 εἰ
1552 882 1652 929 πά-

133 952 199 1005 λαι
254 952 436 1008 ἀπέθανε
464 973 477 986 ·
551 963 641 1011 καὶ
719 980 873 1031 γνους
955 960 1054 1015 ἀπὸ
1132 971 1222 1016 τοῦ
1295 967 1649 1038 κεντυρίωνος,

131 1038 370 1115 ἐδωρήσατο
425 1049 482 1097 τὸ
545 1055 698 1119 σῶμα
763 1059 835 1121 τῷ
882 1050 1098 1124 Ἰωσήφ.
1163 1049 1471 1126 ιῐροσεδόκα
1525 1056 1648 1128 γὰρ,

137 1127 311 1203 βραδέως
356 1132 616 1189 ἀποθανεῖν
670 1138 845 1206 αὐτὸν,
902 1142 966 1202 ὡς
1026 1143 1156 1194 θεῖόν
1207 1162 1324 1195 τινα
1385 1148 1472 1195 καὶ
1521 1144 1647 1218 ὑπερ

137 1223 223 1279 τοὺς
251 1220 437 1285 πολλούς,
483 1225 648 1288 Αὐτός
695 1224 776 1293 δί,
820 1231 886 1290 ὡς
927 1231 1213 1305 ἄνθρωπος,
1264 1237 1402 1304 νόμῳ
1449 1235 1650 1305 φύσεως

140 1306 308 1368 istisin:
315 1329 372 1365 σε.

186 1403 258 1450 Καὶ
295 1399 430 1452 λαϐὼν
494 1434 565 1446 —-
633 1408 859 1480 καθαρᾷ.
907 1409 966 1462 Ὀ
1025 1407 1084 1463 δὲ
1139 1412 1382 1474 Ἰωάννης
1453 1412 1647 1466 πλατύ-

126 1505 231 1557 τερον
256 1490 464 1564 ἱστόρησε
510 1493 669 1565 λέγων
722 1517 734 1530 ο
765 1495 948 1551 Ἦλθεν
980 1499 1068 1550 οὖν
1101 1505 1192 1552 καὶ
1241 1496 1332 1575 ἦρι
1378 1505 1436 1553 τὸ
1494 1511 1646 1575 σῶμα

123 1577 370 1634 τοῦίησόῡ.
400 1579 592 1654 [Ἦλθε
636 1587 754 1654 (67)
804 1582 863 1639 δὲ
913 1593 999 1639 καὶ
1057 1586 1382 1662 Νικόδημος,
1417 1593 1441 1642 ὁ
1489 1590 1644 1644 ἐλθὼν

1767 435 1855 486 ter
1880 430 2086 492 abluit,
2107 436 2164 488 et
2189 433 2271 486 sei
2282 448 2455 504 psum
2487 434 2546 488 in
2568 440 2824 490 mortem
2856 436 3117 503 tradidit,
3139 439 3218 494 ob
3239 440 3417 497 bene-

1767 517 2088 575 volentiam
2107 535 2294 591 quam
2323 521 2568 591 gerebat
2582 538 2723 594 erga
2757 531 3204 596 praeceptorem,
3235 530 3414 585 susci-

1765 606 1931 679 piens
1960 608 2018 662 in
2051 624 2112 663 se
2144 615 2496 666 cunctorum
2525 611 2898 669 inimicitiam
2926 615 3286 673 Iudaeorum.

1839 698 1994 751 Vers.
2036 701 2122 752 58.
2170 699 2328 754 Tunc
2356 731 2425 740 -—
2479 715 2711 769 corpus.
2755 704 2982 758 Marcus
3014 711 3214 762 autem
3245 707 3410 776 dixit,

1762 787 1925 858 quod
1946 786 2182 843 Pilatus
2197 788 2612 845 admirabatur
2631 793 2685 846 si
2697 793 2833 860 jam
2862 799 3128 849 mortuus
3151 803 3295 852 esset
3321 813 3336 864 ;
3358 804 3412 855 et

1760 875 2040 931 accersito
2071 877 2428 942 centurione,
2456 877 2851 948 interrogavit
2881 896 3031 947 eum,
3065 898 3145 938 an
3181 885 3412 944 iamdu-

1760 963 1903 1019 dum
1927 971 2185 1019 mortuus
2204 971 2374 1021 esset:
2399 973 2452 1021 et
2473 981 2580 1022 rea
2602 968 2945 1025 centurione
2965 974 3224 1042 cognita,
3239 975 3415 1031 dona-

1760 1051 1845 1107 vit
1860 1068 2064 1124 corpus
2090 1053 2203 1122 ipsi
2218 1053 2434 1123 Joseph
2462 1055 2529 1110 7‘.
2560 1055 2852 1126 Sperabat
2873 1059 3033 1114 enim
3059 1061 3223 1116 tarde
3248 1061 3412 1120 illum

1761 1141 2134 1207 moriturum,
2151 1147 2443 1214 tanquam
2455 1143 2728 1200 divinum
2745 1146 3076 1218 quemdam
3103 1147 3405 1208 hominem

1758 1230 1863 1303 qui
1895 1219 2138 1288 caeteros
2167 1232 2498 1290 excederet.
2532 1234 2664 1306 Ipse
2692 1251 2835 1292 vero
2854 1235 2983 1306 lege
3000 1241 3224 1296 naturae
3255 1256 3410 1298 mor-

1756 1323 1896 1376 tuus
1927 1327 2018 1378 est
2047 1327 2338 1395 tanquam
2363 1339 2540 1379 verus
2565 1324 2768 1382 homo.

1828 1409 1989 1465 Vers.
2015 1411 2101 1466 59.
2126 1414 2552 1483 Sumptumque
2575 1443 2638 1453 —
2662 1413 2896 1470 munda.
2920 1417 3178 1472 Joannes
3204 1423 3404 1475 autem

1756 1496 1932 1554 latius
1983 1500 2208 1571 scripsit
2251 1500 2496 1556 dicens:
2541 1502 2708 1558 Venit
2752 1518 2888 1573 ergo
2931 1511 2983 1560 et
3015 1505 3149 1560 tulit
3190 1523 3406 1577 corpus

1753 1587 1909 1644 Iesu.
1954 1591 2122 1646 Venit
2151 1596 2348 1646 autem
2381 1596 2436 1647 et
2465 1591 2813 1648 Nicodemus
2859 1593 2908 1646 is
2936 1593 3041 1664 qui
3065 1605 3305 1653 venerat
3330 1601 3408 1655 ad

115 1669 208 1737 πρὸς
258 1672 328 1719 τόν
377 1672 587 1728 Ἰησοῦν
638 1679 821 1737 νυκτὸς
867 1683 921 1728 τὸ
979 1686 1199 1752 πρῶτον,
1256 1685 1416 1752 φέρων
1468 1686 1629 1754 μίγμα

1806 1693 1944 1734 rsum
1975 1685 2140 1735 nocte
2155 1679 2436 1748 primum,
2470 1681 2673 1750 ferens
2713 1684 3020 1738 misturam
3059 1686 3326 1755 myrrhae
3351 1693 3405 1744 et

115 1757 291 1826 σμύρνης
331 1764 411 1811 καὶ
457 1758 644 1828 ἀλόης,
728 1767 846 1817 ὡσεὶ
915 1765 1086 1834 λίτρας
1158 1768 1356 1825 ἑκατόν.
1425 1769 1642 1824 Ἐλαϐον

108 1839 173 1893 οὖν
201 1849 245 1898 τό
281 1855 414 1920 σῶμα
446 1857 546 1902 τοῦ
593 1851 821 1924 Ἰησοῡ,]
871 1860 958 1908 καὶ
996 1853 1194 1914 ἔδησαν
1253 1859 1379 1912 αὐτὸ
1429 1859 1476 1912 ἒν
1530 1861 1638 1915 0'00-

107 1937 202 1994 νίοις
241 1940 350 2005 μετά
422 1948 527 1991 τῶν
584 1939 888 2014 ἀρωμάτων,
949 1947 1118 2007 καθώς
1177 1950 1291 2009 ἔθος
1362 1947 1475 2002 ἐστὶ
1532 1959 1640 2016 τοῖς

107 2018 325 2088 Ἰουδαίοις
383 2027 730 2100 ἐνταφιάζειν.
797 2032 1082 2107 Ἐπίσημος
1131 2040 1221 2109 μὲν
1295 2039 1382 2090 οὖν
1441 2036 1500 2098 ἦν
1552 2046 1640 2094 καὶ

102 2116 295 2186 πρότερον
332 2117 356 2166 ὁ
397 2118 619 2190 Ἰωσήφ,
678 2118 1052 2197 ἐπισημότερος
1105 2122 1164 2178 δὲ
1223 2131 1427 2198 γέγονεν
1475 2132 1530 2182 ἔκ
1586 2151 1640 2184 τε

98 2206 164 2250 τοῦ
188 2201 409 2274 τολμῆσαι
435 2204 613 2259 λαϐεῖν
649 2212 707 2260 τὸ
741 2219 911 2283 σῶμα,
961 2218 1051 2265 καὶ
1085 2223 1176 2266 τοῦ
1215 2226 1442 2289 τιμῆσαι
1487 2220 1633 2275 αὐτὸ.

99 2292 172 2339 Καὶ
215 2295 300 2364 γὰρ
347 2294 399 2346 οὗ
444 2301 604 2367 μόνον
644 2293 784 2371 ἦρεν,
829 2298 960 2353 ἀλλά
997 2308 1087 2355 καὶ
1133 2305 1416 2368 πολυτελῶς
1467 2307 1635 2362 ἐνετα-

98 2381 212 2469 ῖὶασε
273 2385 392 2452 μετὰ
440 2382 778 2458 Νικοδήμου.
857 2395 1093 2463 Μίγματι
1147 2390 1206 2446 δὲ
1261 2399 1496 2469 σμύρνης
1547 2405 1636 2452 καὶ

92 2460 212 2526 ἀλόης
256 2477 389 2522 τοῦτο
449 2471 814 2546 ἓνεταφίασαν,
872 2480 1004 2532 ὥστε
1078 2477 1337 2554 διαμένειν
1398 2486 1635 2544 ἄσηπτον

93 2558 158 2604 καὶ
199 2554 396 2621 εὐῶδες·
451 2564 527 2614 ἔτι
589 2566 692 2636 γὰρ
746 2567 816 2627 ὡς
872 2568 1138 2640 ἄνθρωπον
1205 2571 1376 2642 ψιλὸν,
1450 2573 1634 2648 ἐτίμων

91 2641 224 2696 cum.
256 2652 344 2700 Καὶ
368 2651 516 2722 ἡμεῖς
560 2652 671 2721 οὖν,
708 2658 765 2706 τὸ
812 2663 964 2728 σῶμα
1008 2668 1098 2710 τοῦ
1154 2667 1346 2736 Κυρίου
1401 2660 1493 2716 διὰ
1541 2674 1635 2727 τῆς

90 2732 362 2822 aetatulast»;
441 2739 810 2812 λαμϐάνοντες,
900 2749 1199 2822 μυρίσωμεν
1292 2760 1444 2805 τοῦτο
1523 2762 1634 2817 ταῖς

87 2815 279 2884 εὐωδίαις
308 2835 402 2878 τῶν
453 2827 650 2903 ἀρετῶν
689 2840 778 2894 τῆς
827 2852 881 2886 τε
944 2837 1177 2910 πράξεως
1230 2844 1319 2892 καὶ
1368 2850 1465 2905 τῆς
1513 2845 1632 2897 θεω-

85 2922 186 2974 ριας.

1752 1768 1905 1822 aloes
1915 1767 1992 1822 ad
2005 1768 2191 1824 libras
2202 1769 2392 1837 ferme
2403 1775 2658 1825 centum.
2678 1771 2725 1824 A
2737 1780 3051 1840 coeperunt
3068 1773 3266 1845 itaque
3279 1792 3404 1833 cor-

1747 1871 1861 1925 pus
1875 1858 2032 1923 Jesu,
2051 1863 2104 1914 et
2133 1857 2538 1927 objunxerunt
2564 1857 2724 1914 illud
2751 1860 2938 1916 linteis
2959 1877 3091 1918 cum
3119 1868 3399 1922 aromati-

1751 1944 1875 2016 bus,
1908 1946 2061 2002 sicut
2089 1962 2211 2002 mos
2239 1953 2322 2004 est
2351 1947 2572 2004 Judteis
2599 1950 2840 2018 sepelire
2868 1951 2937 2005 ⁷⁵.
2973 1952 3228 2021 Insignis
3258 1969 3400 2026 ergo

1749 2038 1878 2090 erat
1915 2039 1971 2090 et
2010 2042 2187 2091 antea
2222 2036 2464 2108 Joseph,
2503 2037 2607 2093 sed
2645 2038 2937 2109 iusignior
2975 2039 3165 2096 factus
3203 2048 3292 2097 est
3327 2059 3398 2100 eo

1747 2123 1913 2194 quod
1939 2123 2148 2180 Christi
2178 2139 2389 2195 corpus
2413 2142 2600 2181 ausus
2622 2126 2794 2182 fuerit
2821 2129 3110 2200 accipere,
3135 2129 3397 2205 illudque

1745 2208 2062 2267 honorare.
2097 2215 2293 2283 Neque
2322 2214 2482 2268 enim
2511 2213 2706 2270 solum
2738 2215 2892 2281 tulit,
2925 2217 3029 2272 sed
3059 2223 3118 2273 et
3147 2219 3398 2291 pretiose

1747 2314 1814 2354 ac
1844 2299 2169 2356 honoriﬁce
2199 2317 2337 2357 cum
2369 2303 2688 2359 Nicodemo
2728 2305 3014 2377 sepelivit.
3058 2307 3122 2362 In
3155 2309 3400 2366 mistura

1745 2394 1945 2445 autem
1977 2389 2238 2461 myrrhae
2281 2395 2340 2447 et
2367 2391 2530 2447 aloes
2565 2392 2704 2448 illud
2746 2395 3126 2466 sepelierunt,
3170 2405 3232 2452 ut
3271 2399 3396 2455 sine

1744 2479 2119 2550 corruptione
2149 2483 2208 2535 et
2235 2480 2298 2535 in
2327 2479 2490 2538 bono
2529 2481 2713 2538 odore
2742 2491 3117 2554 permaneret
3149 2503 3162 2541 :
3196 2486 3397 2544 adhuc

1744 2567 1904 2622 enim
1935 2571 1999 2622 ut
2030 2568 2261 2625 nudum
2299 2569 2606 2626 hominem
2647 2571 2851 2642 ipsum
2889 2573 3287 2632 honorabant.
3331 2579 3397 2634 Et

1743 2670 1855 2711 nos
1893 2672 2035 2727 ergo
2083 2657 2317 2714 Domini
2360 2675 2578 2731 corpus
2627 2676 2733 2732 per
2769 2663 3282 2735 participationem
3334 2667 3394 2720 in

1744 2744 1915 2801 altari
1969 2746 2074 2818 (m)
2123 2747 2500 2820 accipientes,
2550 2749 2960 2806 odoramentis
3009 2751 3154 2807 illud
3209 2770 3395 2826 unga-

1741 2850 1896 2902 mus,
1913 2835 2202 2892 suavibus
2217 2837 2479 2895 videlicet
2500 2839 2783 2896 virtutum
2807 2840 3111 2912 operibus,
3131 2858 3197 2898 ac
3216 2858 3391 2914 opere

1739 2928 1795 2980 et
1819 2925 2338 2996 contemplatione.

137 3001 216 3050 καὶ
256 3031 318 3043 -
369 3003 617 3073 ἀπῆλθεν,
679 3010 842 3072 Οὗτος
897 3015 987 3084 μὲν
1043 3016 1068 3066 ὁ
1117 3015 1490 3090 εὐαγγελιστὴς
1537 3033 1628 3078 τοῦ

137 3091 232 3122 ιηίι..
285 3088 400 3122 λη...
465 3100 522 3122 -1
589 3107 796 3122 __.___._9_
886 3098 925 3122 μ’
1133 3108 1144 3121 ρ
1230 3107 1297 3122 ..ες
1430 3108 1464 3122 ι.
1577 3113 1589 3122 .

1807 3040 1968 3096 Vers.
1987 3045 2073 3097 60.
2099 3042 2180 3098 Et
2213 3074 2274 3084 -—
2301 3043 2468 3099 abiit.
2499 3043 2600 3100 Hic
2625 3045 2871 3117 quidem
2898 3046 3276 3117 Evangelista
3303 3049 3390 3122 ip-

81 3080 232 3158 Ἰωσὴφ
284 3088 404 3146 εἶναι
464 3100 525 3148 τὸ
581 3107 830 3171 μνημεῖον
879 3098 1032 3170 εἶπεν,
1098 3108 1146 3158 οἱ
1215 3107 1359 3162 ἄλλοι
1418 3108 1478 3164 δὲ
1534 3113 1627 3166 οὐκ

78 3168 426 3270 festinantum,
507 3191 650 3248 τίνος
729 3186 810 3247 ἦν.
885 3197 1022 3250 Φησὶ
1098 3197 1199 3270 γὰρ
1265 3200 1290 3251 ὁ
1341 3198 1579 3265 Ἰωάννης
1609 3225 1622 3237 ο

77 3260 150 3312 ’Ῐιν
201 3262 254 3320 δε
310 3269 356 3322 ἓν
410 3283 483 3345 τῷ
576 3280 738 3350 τόπῳ,
824 3281 953 3334 ὅπου
1037 3282 1362 3361 ἐσταυρώθη,
1439 3298 1622 3358 κῆπος,

81 3356 144 3402 καὶ
203 3353 244 3405 ἐν
293 3369 360 3431 τῷ
423 3367 583 3436 κήπῳ
655 3376 901 3440 μνημεῖον
981 3376 1141 3440 κενὸν,
1220 3375 1270 3427 ἐν
1328 3377 1366 3448 ᾧ
1419 3375 1626 3432 οὐδέπω

79 3437 212 3504 ς-ὶδεις
249 3445 405 3515 ἐτέθη,
455 3458 549 3505 καὶ
607 3457 674 3506 τὰ
729 3455 864 3520 ἑξῆς.
919 3460 1072 3524 Εἰκὸς
1120 3459 1225 3531 οὖν,
1282 3474 1374 3517 τοῦ
1432 3469 1624 3543 Ἰωσὴφ

78 3533 284 3604 arma»
330 3544 413 3591 τόν
460 3550 654 3613 κῆπον,
710 3543 757 3597 ἐν
805 3547 844 3617 ᾧ
887 3548 949 3606 ἧν
1001 3554 1058 3602 τὸ
1114 3572 1358 3626 μνημεον.
1412 3555 1624 3630 ’ῼκονο-

75 3621 181 3686 {41391:
223 3621 275 3678 δ’(
319 3634 459 3682 κενὸν
510 3629 644 3684 εἶναι
690 3642 862 3702 τοῦτο,
916 3639 998 3689 ἵνα
1061 3649 1153 3692 τοῦ
1206 3651 1439 3719 Σωτῆρος
1498 3647 1621 3702 ἀνα-

74 3723 240 3772 arma;
277 3721 344 3786 μὴ
398 3723 630 3794 names
684 3724 850 3799 ἕτερος
904 3725 1209 3789 ἀναστῆναι.
1268 3737 1621 3809 Προσεκύλισε

67 3815 202 3863 μεντοι
265 3804 398 3859 λίθον
472 3814 661 3882 μέγαν,
740 3822 1092 3890 συναραμένου
1164 3821 1304 3893 αὐτῴ
1370 3830 1460 3878 καὶ
1525 3837 1616 3880 τοῦ

65 3885 342 3962 Νικοδήμου.
411 3901 482 3950 Τὸ
549 3895 611 3952 δὲ
678 3911 924 3974 μνημεῖον
981 3909 1344 3976 σπηλαιοειδές
1398 3915 1459 3974 ἦν
1520 3916 1617 3970 λα-

63 3991 220 4034 ςεντον.

65 4151 75 4162 ι
113 4070 194 4170 Ἦν
228 4067 372 4170 31-—
415 4080 611 4150 τάφου.
659 4083 866 4155 Μάρκος
911 4081 970 4139 δὲ
1013 4107 1207 4159 φησιν·
1235 4091 1292 4145 Ἡ
1335 4089 1393 4146 δὲ
1441 4103 1617 4170 Μαρια

59 4169 81 4207 η
128 4157 420 4230 Μαγδαληνὴ
474 4172 569 4220 καὶ
620 4175 800 4246 Μαρία
859 4176 888 4232 ἡ
961 4185 1051 4228 τοῦ
1125 4177 1278 4240 Ἰωσῆ
1343 4182 1613 4260 ἐθεώρουν,

55 4251 133 4294 ποῦ
209 4252 412 4308 τίθεται.
498 4261 706 4321 Λουκᾶς

801 4259 860 4316 δὲ
946 4263 1077 4338 λέγει
1111 4284 1123 4299 ’

1209 4274 1574 4337 Κατακολουθή
1585 4311 1612 4321 -

1735 3128 1856 3184 sius
1877 3130 2100 3202 Ioseph
2128 3130 2272 3188 dicit
2292 3133 2472 3188 fuisse
2498 3139 2995 3192 monumentum:
3021 3137 3215 3194 caeteri
3246 3154 3387 3196 vero

1734 3232 1854 3273 non
1880 3217 2368 3288 signiﬁcaverunt
2390 3221 2562 3291 cujus
2584 3221 2756 3279 fuerit
2775 3242 2786 3277 ;
2806 3226 3068 3281 Joannes
3089 3227 3248 3282 enim
3268 3227 3347 3284 ait
3369 3243 3382 3283 :

1761 3307 1912 3364 Erat
1946 3308 2210 3365 autemin
2244 3311 2368 3366 loco
2400 3310 2501 3365 ubi
2529 3313 2847 3380 cruciﬁxus
2874 3320 2952 3368 est
2980 3313 3202 3380 hortus,
3238 3323 3291 3371 et
3321 3317 3385 3372 in

1736 3395 1908 3452 horto
1936 3405 2376 3454 monumentum
2404 3414 2641 3465 novum,
2676 3402 2740 3456 in
2783 3417 2892 3472 quo
2923 3403 3184 3459 nondum
3232 3403 3386 3475 quis-

1732 3501 1912 3557 quam
1921 3486 2356 3556 positusfuerat
2371 3489 2443 3555 ⁷⁸,
2463 3493 2573 3544 etc.
2592 3488 2920 3546 Verisimile
2943 3507 3085 3562 ergo
3103 3493 3385 3564 estipsius

1728 3576 1940 3648 Joseph
1964 3575 2143 3632 fuisse
2160 3577 2398 3632 hortum
2413 3577 2472 3633 in
2489 3594 2610 3650 quo
2641 3584 3258 3637 eratmonumentum.
3285 3582 3386 3638 0r-

1729 3663 2002 3722 dinatum
2033 3669 2120 3722 est
2150 3670 2351 3722 autem
2376 3671 2439 3722 ut
2466 3667 2615 3724 illud
2638 3667 2812 3724 fuerit
2841 3685 3091 3739 novum,
3130 3686 3200 3725 ne
3227 3675 3386 3744 post-

1729 3769 1913 3825 quam
1930 3755 2650 3824 resurrexissetSalvator,
2671 3757 2937 3830 suspicio
2959 3757 3165 3814 haberi
3185 3766 3386 3832 posset

1727 3843 1912 3899 alium
1947 3846 2355 3900 resurrexisse.
2391 3846 2662 3902 Advolvit
2693 3863 2936 3920 quoque
2969 3865 3184 3905 saxum
3218 3867 3384 3923 mag-

1725 3947 1893 3998 num,
1924 3933 2213 3989 auxilium
2244 3935 2358 4006 ipsi
2384 3941 2702 4007 praestante
2728 3943 2784 3993 et
2811 3936 3153 3995 Nicodemo.
3185 3943 3383 3996 Monu-

1726 4026 1994 4076 mentum
2022 4027 2212 4078 autem
2235 4023 2292 4078 in
2329 4023 2631 4094 spelunca:
2660 4026 2906 4081 modum
2939 4031 3066 4082 erat
3089 4029 3376 4085 excisum.

1793 4111 1949 4164 Vers.
1979 4111 2072 4165 60.
2114 4112 2274 4167 Erat
2316 4119 2514 4168 autem
2547 4146 2616 4154 —
2643 4115 2926 4184 sepulcri.
2958 4119 3187 4171 Marcus
3232 4131 3373 4172 vero

1722 4197 1803 4254 ait
1835 4213 1847 4252 :
1879 4198 2080 4256 Maria
2109 4207 2307 4257 autem
2342 4201 2715 4272 Magdalene,
2758 4209 2811 4259 et
2836 4204 3039 4259 Maria
3063 4204 3195 4259 Jose
3218 4205 3376 4274 aspi-

1721 4286 1951 4344 ciebant
1969 4287 2064 4343 ubi
2087 4295 2414 4358 poneretur
2437 4291 2484 4326 ⁷⁷
2510 4305 2524 4356 ;
2549 4289 2738 4346 Lucas
2764 4295 2964 4346 autem
2993 4312 3005 4346 :
3037 4291 3377 4348 Subseeutte

59 4347 190 4428 auaui
225 4335 277 4392 δέ
309 4353 573 4412 γυναῖκες,
621 4351 808 4413 αἵτινες
856 4349 989 4411 ἦσαν
1032 4358 1430 4419 συνεληλυθυῖαι
1471 4367 1610 4420 αὐτῶ

59 4436 93 4450 Η
141 4433 221 4450 -.2,
283 4437 320 4450 τ,
355 4434 368 4446 ι
403 4433 422 4450 ς
483 4441 492 4450 .
645 4437 689 4450 Ἀ
742 4442 753 4450 -
1006 4449 1011 4450 ν
1581 4427 1590 4439 .

1811 4335 1947 4344 -.νη
1969 4335 2061 4343 η--
2087 4335 2255 4358 μην.
2278 4335 2393 4345 --η
2510 4335 2524 4356 ,
2550 4335 2737 4346 ..-ην
2764 4335 2964 4346 κων...
2993 4335 3005 4346 .
3037 4335 3369 4348 amnem.”

1806 4382 1876 4442 tt,
1894 4376 2107 4450 inquit,
2123 4378 2421 4442 mulieres,
2440 4395 2571 4450 quae
2592 4394 2724 4435 cum
2742 4394 2804 4436 eo
2829 4385 3115 4435 venerant
3139 4379 3205 4436 de
3223 4379 3374 4435 Guli-

55 4436 95 4518 ξκ
141 4433 222 4487 τῆς
283 4433 582 4499 Γαλιλαίας,
638 4437 914 4496 ἐθεάσαντο
965 4449 1021 4497 τὸ
1069 4458 1336 4522 μνημεῖον,
1393 4461 1483 4509 καὶ
1537 4460 1606 4521 ὡς

54 4513 168 4605 tntis
208 4526 271 4587 τῷ
319 4531 471 4595 σῶμα
516 4525 700 4583 αὐτοῦ.
749 4528 1174 4607 ’Υποστρέψασαι
1205 4535 1264 4592 δὲ
1311 4543 1608 4618 ἡτοίμασαν

54 4613 262 4670 ²Ρυματα
285 4615 371 4663 καὶ
400 4617 569 4687 μύρα.
617 4619 681 4669 Αἱ
707 4619 952 4692 factum
980 4627 1101 4699 γὰρ,
1136 4631 1609 4705 κατακολομθήσα.

55 4701 126 4798 :2:
170 4701 262 4754 τοῖς
315 4700 626 4775 θάπτουσιν,
685 4706 931 4763 ἔκάθισαν
987 4713 1228 4770 ἀπέναντι
1283 4729 1373 4774 τοῦ
1420 4728 1604 4798 τάφου,

614 4772 620 4775 '
1292 4772 1362 4774 "'
1428 4772 1483 4777 '"
1527 4772 1604 4797 "’

51 4772 293 4872 ξεωρόῦσαι
341 4799 442 4843 ποῦ
503 4795 702 4848 τίθεται
744 4802 801 4850 τὸ
854 4809 1024 4873 σῶμα,
1077 4811 1168 4859 καὶ
1219 4818 1329 4873 πῶς
1385 4772 1604 4884 τίθεται,

51 4867 63 4872 _
164 4867 174 4880 .
931 4867 939 4873 .
1009 4867 1019 4872 -
1314 4867 1327 4873 -
1481 4867 1487 4868 ί
1509 4867 1513 4868 ν
1534 4867 1602 4884 ηἿ

50 4881 128 4960 1:1,
157 4873 456 4932 απελθοῦσαι
501 4889 594 4936 καὶ
636 4885 983 4960 ἕτοιμάσασαι
1022 4892 1274 4969 ἀρώματα
1321 4907 1410 4954 καὶ
1441 4909 1602 4980 μύρα,

50 4956 128 4980 ιιι-
158 4977 180 4980 _
269 4963 281 4980 ³
392 4976 413 4980 -
458 4977 494 4980 —-

47 4956 222 5050 ελθωσιν
262 4963 307 5017 ἦν
457 4977 720 5050 Κυριακῇ,

78 4979 222 5055 unum
262 4983 307 5017 ιν
350 4979 415 5043 τῇ
457 4979 720 5050 Κυριακῇ,
771 4984 860 5032 καὶ
909 4979 1311 5058 ἀρωματίσωσιν
1360 4997 1451 5046 καὶ
1500 4979 1602 5070 μυ-

45 5058 227 5108 Ρισωσιν
255 5055 396 5114 αὐτὸ.

1722 4465 1830 4522 lava
1864 4482 1875 4520 :
1910 4465 2187 4523 viderunt
2216 4474 2681 4537 monumentum,
2719 4473 2774 4524 et
2803 4469 3094 4538 quomodo
3115 4470 3372 4539 positum

1721 4563 1850 4612 erat
1872 4571 2078 4627 corpus
2099 4557 2249 4628 ejus;
2275 4571 2527 4615 reversa:
2547 4573 2679 4613 vero
2701 4563 3075 4627 paraverunt
3099 4565 3375 4615 aromata

1719 4650 1772 4700 et
1802 4650 2105 4716 unguenta
2133 4645 2202 4700 ⁷⁸.
2239 4645 2385 4701 Cum
2412 4645 2572 4701 enim
2596 4662 2697 4701 eos
2719 4646 2820 4718 qui
2851 4645 3216 4718 sepeliebant
3235 4645 3376 4703 sub-

1718 4734 1888 4806 sequi
1917 4739 1973 4791 et
2001 4750 2141 4790 cum
2170 4733 2253 4790 eis
2282 4735 2497 4792 reverti
2535 4735 2934 4792 decrevissent
2967 4736 3258 4793 sedebant
3298 4752 3372 4794 ex

1716 4821 1974 4879 adverso
1992 4823 2264 4895 sepulcri,
2291 4825 2644 4897 aspicientes
2666 4825 2768 4882 ubi
2792 4832 3111 4898 poneretur
3132 4842 3366 4899 corpus,

1715 4916 1771 4968 et
1808 4913 2118 4984 quomodo
2158 4919 2513 4986 poneretur:
2557 4919 2619 4970 ut
2656 4931 2931 4981 reversae,
2973 4918 3199 4989 paratis
3241 4933 3373 4973 aro-

1713 5000 1974 5057 matibus
2016 5017 2086 5058 ac
2128 5003 2470 5075 unguentis,
2518 5005 2785 5061 venirent
2819 5005 2914 5061 die
2959 5007 3269 5065 Dominico
3311 5010 3370 5066 et

1715 5091 2085 5148 aromattbus
2115 5096 2173 5149 et
2199 5098 2506 5164 unguento
2531 5091 2677 5151 illud
2709 5099 3023 5167 ungerent.

44 5165 79 5200 ⁷⁸
104 5172 250 5234 Marc.
280 5184 366 5254 44,
399 5189 485 5243 15.
513 5187 563 5226 ⁷⁸
591 5192 758 5251 Joan.
787 5213 903 5254 xxx.
935 5200 1024 5274 39,
1054 5205 1142 5260 40.
1173 5207 1221 5244 ⁷⁸
1249 5207 1396 5266 ibid.
1425 5214 1516 5270 41.
1551 5215 1598 5252 ⁷⁷

1806 5261 1812 5276 .
1842 5233 1937 5290 xv,
1966 5222 2055 5274 47.
2086 5218 2132 5255 ’⁷⁸
2163 5221 2296 5276 Luc.
2327 5237 2482 5286 xxm,
2519 5226 2604 5290 55,
2639 5223 2726 5289 56,

1230 5307 1448 5412 Variae
1487 5311 1819 5384 lectiones
1853 5324 1921 5385 et
1960 5328 2164 5394 notae.

94 5415 188 5496 (67)
213 5422 444 5494 Inclusa
469 5434 838 5514 eXciderunt,
868 5441 948 5504 ob
976 5448 1296 5526 repetitum
1329 5454 1522 5518 vocab
1536 5457 1629 5514 ulu

1813 5466 1928 5514 σοῦ.
1957 5465 2024 5516 Α.

91 5547 176 5624 (ml
203 5553 266 5611 Ιιι
291 5560 501 5620 altari.
545 5564 610 5622 In
648 5569 848 5629 Graec
876 5587 1002 5632 non
1039 5573 1342 5650 teguntur,
1377 5579 1556 5641 Forte
1584 5583 2022 5661 perspicuitatis
2051 5600 2239 5646 causa
2272 5583 2404 5647 haec
2441 5584 2566 5648 add
2597 5584 2686 5648 dit
2720 5584 3037 5664 interpr“.
