3904 6210
504 162 607 223 743
1824 162 2092 222 EUTHYI

2247 154 2548 222 IIGABENI
3709 172 3770 234 744

578 291 877 364 Siquidem
918 289 1161 362 quando
1201 286 1465 359 sepultus
1496 291 1583 344 est
1607 288 1735 358 jam
1774 306 2024 361 vespera
2052 307 2156 363 ap-
2185 292 2231 345 Α

504 382 763 455 petebat,
795 382 852 436 in
876 396 997 452 qua
1026 393 1145 433 non
1171 377 1382 431 licebat
1407 376 1481 432 ad
1512 384 1960 434 monumentum
1988 396 2154 436 acce-

503 473 663 528 dere.
696 470 879 525 Judaei
911 468 1069 524 enim
1111 482 1399 538 vesperan
1444 466 1598 521 illius
1633 466 1985 524 Parasceves
2020 487 2150 526 ma—

501 562 659 616 xime
683 556 1063 613 honorabant
1092 570 1210 610 non
1237 555 1430 611 solum
1454 561 1737 627 tanquam
1770 557 2011 613 Sabbati
2036 558 2147 614 fes-

500 655 627 704 tum
654 646 1017 719 praecedens,
1051 646 1155 701 sed
1174 645 1350 700 etiam
1369 649 1660 717 tanquam
1682 644 1898 701 festum
1912 652 2151 719 propter

499 736 733 792 Pascha
762 752 773 802 ;
806 736 863 791 in
892 735 1005 791 hac
1036 734 1196 789 enim
1224 734 1537 805 oportebat
1574 735 1798 791 Pascha
1826 736 2145 792 immolari.

498 825 754 883 Sabbato
794 840 962 893 vero,
993 824 1346 894 quieverunt
1390 830 1621 895 propter
1674 823 1888 893 legem.
1938 825 2146 881 Adhuc

498 915 653 971 enim
678 914 1174 970 consuetudinem
1196 918 1251 967 et
1275 912 1467 981 legem
1496 912 1837 971 servabant.
1872 912 2147 970 Caeterum

498 1004 593 1060 die
631 1004 939 1059 Dominico
978 1003 1056 1058 ad
1095 1001 1433 1073 sepulcrum
1474 1004 1675 1057 venire
1722 1001 2143 1074 disponebant,

499 1094 662 1165 quod
677 1108 819 1148 sane
842 1092 1019 1148 etiam
1035 1092 1316 1155 fecerunt,
1344 1089 1517 1146 veluti
1544 1090 1725 1163 paulo
1745 1096 1876 1162 post
1892 1092 2141 1149 dicetur.

498 1182 646 1238 Cum
677 1183 837 1238 enim
869 1181 1139 1237 nondum
1166 1180 1414 1252 quidam
1444 1180 1743 1235 excelsum
1771 1181 1845 1237 de
1883 1197 2146 1237 resurre-

2332 298 2454 344 Ὅτε
2490 296 2579 364 μὲν
2629 296 2729 367 γὰρ
2777 296 2959 367 ἐτάφη,
3005 296 3196 371 ἑσπέρα
3252 294 3358 356 ἤδη
3414 298 3670 369 κατέλαϐε,
3703 305 3773 356 καθ’

2262 380 2324 438 ἣν
2386 381 2478 432 οὐκ
2536 380 2651 445 ἐξῆν
2707 384 2772 443 εἰς
2842 394 3089 457 μνημεῖον
3155 383 3426 458 βαδίζειν.
3492 388 3677 455 Ἐτίμων
3712 399 3770 465 γάρ

2266 466 2513 522 Ἰουδαῖοι
2582 473 2815 543 μάλιστα
2894 480 2984 533 τὴν
3056 476 3275 549 ἑσπέραν
3345 485 3440 536 τῆς
3520 484 3775 551 Harpasum;

2261 556 2474 623 ἐκείνης,
2555 562 2614 612 οὐ
2688 568 2840 633 μόνον
2905 567 2971 624 ὡς
3035 572 3331 640 προεορτιον
3404 574 3495 618 τοῦ
3570 566 3772 634 Σαϐϐάτσν,

2261 646 2387 699 ἀλλά
2439 654 2528 701 καὶ
2572 654 2638 711 ὡς
2692 652 2885 725 ἐόρτιον
2933 650 3026 705 διὰ
3082 658 3138 706 τὸ
3181 658 3397 726 Πάσχα.
3433 655 3515 710 Ἐν
3548 660 3680 729 ταύτῃ
3711 662 3772 727 γὰρ

2258 733 2365 789 ἔδει
2406 740 2623 791 θύεσθαι
2670 744 2727 792 τὸ
2782 744 2999 812 Πάσχα.
3051 748 3119 795 Τὸ
3170 739 3228 796 δε
3271 742 3530 796 Σάϐϐατον
3578 747 3773 818 ἡσύχαζεν

2260 823 2352 878 διὰ
2392 830 2474 878 τὸν
2503 833 2675 898 νόμον.
2709 828 2828 884 Ἔτι
2856 834 2957 903 γὰρ
3012 837 3101 884 καὶ
3158 835 3223 884 τὰ
3272 835 3360 890 ἔθη
3421 838 3511 885 καὶ
3565 838 3635 885 τὸν
3674 844 3773 906 vitm

2258 913 2555 987 ἐφύλαττον.
2612 923 2808 971 Λοιπὸν
2886 917 2973 971 οὖν
3039 920 3089 972 ἐν
3282 928 3515 995 κυριακῇ
3585 928 3686 995 πρὸς
3722 945 3776 975 τον

2257 1007 2413 1077 τάφον
2470 1005 2627 1059 ἐλθεῖν
2676 1007 2960 1075 ἐϐούλοντο,
3015 1010 3040 1061 ὃ
3101 1007 3167 1069 δη
3225 1017 3314 1063 καὶ
3365 1018 3699 1081 πεποιήκασιν,
3736 1018 3776 1072 ὡς

2256 1093 2367 1163 μετ’
2432 1093 2603 1166 ὀλίγον
2658 1097 2963 1171 ῥηθήσεται.
3028 1103 3187 1151 Οὔπω
3262 1103 3360 1175 γὰρ
3428 1099 3578 1154 οὐδὲν
3641 1103 3777 1173 ὑψηλὸν

2255 1179 2450 1235 εἰδυῖαι
2497 1189 2612 1257 περὶ
2652 1195 2743 1247 τῆς
2791 1186 3149 1257 ἀναστάσεως,
3181 1189 3399 1250 ἤλπιζον
3425 1192 3583 1264 εὑρεῖν
3608 1196 3653 1244 τὸ
3678 1201 3779 1263 σῶμα

498 1272 691 1327 ctione
711 1269 1151 1342 cognovissent,
1172 1268 1471 1343 sepultum
1494 1285 1711 1342 corpus
1727 1271 2143 1327 seinventuras
2254 1273 2586 1345 τεθαμμένον.

498 1361 842 1433 sperabant.

564 1452 728 1506 Vers.
763 1454 847 1505 62.
879 1450 1114 1505 Postero
1153 1453 1349 1505 autem
1379 1448 1475 1504 die
1505 1479 1566 1488 —
1605 1450 1764 1503 Vers.
1797 1450 1884 1505 64.
1916 1450 2092 1519 prior.

2321 1450 2393 1515 Τῇ
2442 1475 2505 1484 -
2559 1449 2788 1519 πρώτης.
2843 1446 3265 1519 Ἀσφαλίσασθαι
3320 1451 3407 1500 τὸν
3455 1453 3624 1521 τάφον,
3668 1453 3779 1521 ἱγογι

494 1540 701 1595 Muniri
742 1538 1098 1611 sepulcrum,
1133 1542 1277 1610 puta
1317 1537 1577 1607 sigillum
1610 1538 1828 1610 apponi
1861 1544 1917 1594 et
1946 1544 2092 1595 cust<

2252 1538 2544 1605 σφραγίσαι
2572 1539 2661 1586 καὶ
2693 1543 3007 1607 φρουρῆσαι.
3042 1537 3182 1590 Ἐπεὶ
3214 1533 3273 1590 δὲ
3321 1534 3429 1590 ἔδει
3483 1540 3779 1597 πιστευθῆναι,

490 1629 674 1685 diam.
710 1629 861 1695 Quia
892 1634 1092 1684 autem
1125 1626 1279 1683 credi
1311 1627 1647 1700 oportebat,
1682 1628 1845 1699 quod
1882 1634 2092 1685 mortur

2250 1623 2330 1673 ὅτι
2358 1628 2447 1673 καὶ
2477 1621 2712 1691 ἀπέθανε,
2744 1630 2834 1675 καί
2878 1623 3057 1697 ἐτάφη,
3090 1632 3178 1678 καὶ
3210 1625 3420 1692 ἀνέστη,
3471 1626 3617 1699 ﬁlim
3640 1634 3709 1677 καὶ
3740 1630 3782 1676 τὰ
3872 1660 3873 1703 ,

490 1724 646 1775 esset
673 1723 727 1775 et
758 1719 1046 1790 sepultus,
1075 1717 1357 1790 quodque
1386 1716 1826 1787 resurrexisset,
1868 1718 2003 1773 vide
2032 1718 2092 1774 tri

2249 1716 2369 1785 τρία
2400 1719 2565 1762 ταυτα
2612 1716 3009 1785 μαρτυρούμενα
3057 1718 3198 1789 παρά
3249 1723 3348 1767 τῶν
3390 1714 3607 1788 ἐχθρῶν.
3640 1723 3784 1771 Σκοπι-

489 1809 618 1864 haac
647 1808 1020 1864 inimicorum
1062 1806 1416 1862 testimoniis
1446 1806 1781 1878 approbata
1810 1825 1822 1875 ;
1864 1807 2137 1863 conside-

489 1898 680 1954 randa
706 1903 843 1953 sunt
867 1897 1025 1952 enim
1061 1896 1241 1951 verba
1268 1912 1495 1951 eorum.
1531 1895 1703 1962 Quod
1730 1896 1886 1952 enim
1923 1897 2091 1953 aiunt
2121 1918 2132 1957 :

488 1987 799 2044 Recordati
817 2003 1038 2051 sumus,
1053 1986 1211 2058 quod
1228 1987 1509 2054 impostor
1527 1986 1631 2041 ille
1661 1985 1815 2041 dixit
1837 1986 2037 2043 adhuc
2058 2003 2138 2043 υι-

490 2090 648 2137 vens,
683 2080 988 2130 attestatur
1016 2073 1182 2145 quod
1210 2079 1478 2129 mortuus
1500 2073 1591 2130 sit.
1620 2074 1789 2138 Quod
1819 2079 2020 2130 autem
2050 2091 2138 2131 se-

488 2163 690 2236 quitur
710 2179 721 2217 :
751 2163 896 2219 Jube
911 2163 1133 2217 muniri
1151 2163 1509 2231 sepulcrum,
1536 2165 1848 2218 attestatur
1862 2164 2026 2235 quod
2049 2181 2137 2220 se-

488 2253 691 2324 pultus
715 2254 806 2307 sit.
839 2253 1020 2308 Porro
1050 2252 1211 2325 quod
1235 2252 1365 2322 subj
1377 2256 1640 2322 ungunt:
1674 2252 1763 2309 Ne
1781 2254 2022 2323 quando
2048 2269 2134 2311 ve-

488 2345 711 2399 nientes
740 2342 994 2411 dicipuli
1011 2344 1140 2410 ejus
1165 2342 1449 2410 furentur
1475 2357 1690 2412 gpsum,
1724 2341 1964 2413 plenam
1996 2343 2131 2400 facit

487 2438 683 2507 ﬁdem,
730 2441 887 2512 quod
927 2441 1156 2496 munito
1204 2438 1497 2511 sepulcro,
1547 2455 1670 2495 non
1700 2439 1773 2495 sit
1816 2440 1973 2498 furto
2028 2440 2332 2497 sublatum
2381 2450 2622 2505 corpus,
2666 2440 2721 2489 et
2764 2434 2842 2489 ita
2876 2434 3295 2492 resurrectioni
3357 2433 3659 2492 contradici
3694 2445 3786 2487 non

486 2534 704 2602 potest.

556 2647 811 2717 Dignum
851 2652 936 2702 est
974 2651 1173 2702 autem
1214 2651 1276 2701 ut
1313 2645 1690 2718 inquiramus
1729 2646 1824 2702 ubi
1866 2646 2121 2705 dixerit:

484 2737 619 2803 Post
659 2744 775 2793 tres
806 2738 926 2793 dies
966 2752 1295 2806 resurgam.
1331 2736 1638 2809 Siquidem
1670 2737 1847 2792 variis
1890 2737 1949 2791 in
1988 2735 2133 2792 locis

483 2827 622 2883 dixit
640 2826 975 2898 discipulis:
1000 2828 1197 2882 Tertia
1210 2826 1304 2881 die
1324 2840 1643 2919 resargam.
1661 2825 1725 2881 Id
1744 2830 1943 2881 autem
1962 2845 1974 2884 :
1996 2827 2132 2881 Post
2165 2862 2204 2919 C

484 2922 600 2974 tres
617 2916 735 2973 dies
750 2931 1078 2986 resurgam,
1095 2930 1396 2987 nusquam
1421 2914 1584 2970 dixit.
1602 2916 1719 2971 Hoc
1732 2916 1969 2987 itaquel
1980 2915 2132 2970 udaai

482 3007 555 3062 ab
583 3006 852 3077 exemplo
882 3007 1044 3060 JODEE
1066 3005 1230 3077 quod
1262 3004 1340 3060 ad
1366 3020 1468 3059 eos
1493 3005 1721 3061 dixerat
1748 3004 2127 3076 colligebant.

481 3095 866 3153 Postremum
889 3110 1029 3150 vero
1051 3109 1310 3150 errorem
1328 3094 1620 3161 dicebant,
1648 3093 1814 3166 quod
1835 3110 1864 3148 a
1879 3094 2128 3149 mortuis

479 3183 901 3251 resurrexerit;
936 3185 1194 3257 priorem
1224 3198 1362 3240 vero
1390 3183 1555 3257 quod
1595 3183 1668 3240 sit
1700 3183 1875 3240 Filius
1912 3182 2031 3238 Dei.

2247 1892 2327 1942 ὅτι
2384 1891 2409 1940 ὁ
2467 1889 2654 1951 πλάνος
2703 1888 2888 1951 ἐκεῖνος
2956 1888 3090 1943 εἶπεν
3155 1894 3228 1944 ἔτι
3295 1894 3417 1956 ζῶν,
3471 1900 3697 1966 μαρτυρεῖ
3731 1893 3785 1941 ὃτι

2239 2337 2485 2412 τίρῥητος
2519 2338 2548 2394 ἡ
2585 2334 2895 2397 ἀνάστασις.

2316 2704 2492 2767 ’Ἄξιον
2547 2698 2605 2754 δε
2672 2701 2924 2767 ζητῆσαι,
2986 2709 3087 2753 που
3154 2700 3310 2770 εἶπεν,
3377 2705 3456 2755 ὅτι
3513 2706 3648 2756 Μετά
3696 2706 3795 2773 τρξῐ;

2243 2796 2439 2866 ἡμέρας
2490 2794 2778 2863 ἐγείρομαι.
2828 2789 2948 2842 Ὀτι
3022 2794 3111 2862 μεν
3168 2794 3269 2862 γάρ
3346 2800 3406 2864 τῇ
3477 2797 3618 2865 τρίτη
3664 2792 3793 2860 ἡμέρᾳ

2241 2882 2611 2945 ἀναστήσεται,
2682 2876 2941 2951 διαφόρως
2999 2876 3108 2931 εἷπε
3162 2884 3292 2954 πρὸς
3357 2884 3486 2942 τοὺς
3558 2880 3795 2950 μαθηταςσ

2238 2973 2319 3023 ὅτι
2396 2968 2454 3024 δὲ
2525 2971 2669 3023 Μετά
2744 2975 2879 3042 τρεῖς
2946 2968 3141 3040 ἡμέρας
3202 2968 3493 3041 ἐγείρομαι,
3560 2968 3643 3020 οὐκ
3689 2962 3792 3017 εἶπεν

2234 3435 2327 3473 την
2356 3411 2414 3467 δε
2445 3419 2559 3488 περὶ
2591 3421 2702 3482 τοῦ,
2741 3416 2822 3465 ὅτι
2852 3416 2970 3474 Υἱὸς
3002 3421 3135 3467 Θεοῦ
3163 3414 3249 3473 ἦν.

551 3489 684 3554 Sed,
713 3504 748 3543 ο
781 3486 1084 3552 insensati,
1126 3499 1248 3556 quo
1275 3484 1517 3540 tandem
1548 3486 1666 3539 ﬁne
1698 3490 1895 3541 essent
1923 3488 2125 3559 ipsum

478 3578 633 3633 furto
666 3576 947 3632 sublaturi
973 3572 1001 3628 7
1040 3574 1158 3627 Nisi
1197 3575 1357 3628 enim
1397 3574 1563 3628 tertio
1602 3573 1697 3628 die
1739 3578 2128 3633 resurrexerit

477 3667 627 3721 sicut
664 3664 953 3736 promisit,
996 3662 1377 3717 manifestum
1422 3667 1512 3717 est
1558 3662 1721 3733 quod
1770 3663 2017 3736 decepti,
2071 3673 2127 3722 et

476 3758 719 3828 propter
743 3769 881 3808 eum
910 3752 987 3806 ab
1012 3750 1287 3806 omnibus
1315 3750 1591 3820 gentibus
1613 3752 1753 3807 odio
1779 3752 1979 3824 habiti,
2001 3756 2125 3812 sine

475 3841 757 3898 domibus
779 3845 835 3895 et
854 3843 1113 3895 extorres
1130 3836 1286 3902 facti,
1304 3838 1498 3909 potius
1516 3840 1950 3898 aversabuntur
1966 3860 2121 3912 eum,

476 3936 533 3987 et
561 3930 700 3986 odio
731 3929 1037 3985 habebant
1067 3933 1352 3998 tanquam
1383 3927 1792 3999 impostorem,
1828 3937 1885 3987 et
1914 3934 1993 3991 ita
2022 3952 2124 3992 no-

473 4020 747 4077 lenteum
779 4018 981 4074 furari.
1009 4016 1122 4074 Sed
1148 4032 1341 4089 neque
1366 4018 1589 4090 populo
1619 4022 1980 4091 persuadere
2013 4041 2125 4096 po-

474 4114 685 4175 terunt,
719 4109 881 4182 quod
914 4124 950 4163 a
980 4107 1232 4163 mortuis
1263 4109 1594 4163 surrexerit.
1634 4108 1737 4164 Cui
1777 4112 1936 4168 enim
1976 4115 2127 4170 inni-

2238 3612 2318 3645 σιν
2372 3593 2524 3645 αὐτόν
2559 3611 2572 3658 ;

2233 3949 2421 4021 μᾶλλον
2501 3953 2590 4001 καὶ
2661 3953 2984 4021 μισήσουσιν
3066 3948 3238 4015 αὐτόν,

473 4295 627 4346 sunt.
662 4291 751 4345 An
782 4288 925 4344 forte
954 4286 1342 4343 abundantiae
1362 4302 1562 4343 rerum
1588 4289 1617 4345 ?
1643 4290 1808 4361 atqui
1838 4299 1975 4348 sunt
1999 4310 2125 4350 om—

467 4382 636 4438 nium
650 4378 1035 4453 pauperrimi.
1056 4378 1299 4433 Generis
1321 4376 1585 4433 fortassis
1602 4378 1889 4437 claritati?
1915 4398 2118 4440 verum

467 4470 760 4541 ignobiles
792 4475 947 4535 sunt,
983 4475 1040 4525 et
1069 4467 1146 4522 ab
1170 4466 1534 4536 ignobilibus
1559 4471 1874 4539 progeniti.
1909 4473 2121 4532 Utrum

472 4562 835 4631 suiipsorum
864 4557 1223 4613 multitudini
1250 4556 1276 4610 ?
1308 4562 1366 4610 at
1391 4572 1511 4611 non
1542 4556 1741 4628 plures
1772 4566 1908 4615 sunt
1935 4578 2121 4633 quam

471 4646 804 4701 duodecim.
826 4648 1029 4701 Utrum
1051 4644 1259 4717 patrias
1287 4644 1634 4717 splendori?
1659 4662 1858 4703 verum
1886 4664 1922 4705 a
1938 4652 2123 4721 regio-

469 4735 649 4789 nibus
675 4739 811 4788 sunt
831 4734 1102 4789 obscuris
1125 4733 1577 4803 etignobilibus.
1601 4740 1690 4790 An
1708 4739 1927 4808 putatis
1957 4740 2121 4811 quod

468 4822 849 4895 praeceptoris
874 4821 1365 4894 promissionibus
1386 4823 1412 4879 ?
1437 4822 1661 4889 Quibus
1681 4825 1709 4880 *ἲ
1733 4827 1787 4882 Si
1817 4827 1977 4884 enim
2003 4846 2119 4887 non

468 4912 869 4978 resurrexerit,
899 4910 1218 4982 nequeillis
1250 4910 1527 4968 credituri
1554 4919 1711 4969 sunt.
1744 4916 2121 4977 Demonstra-

466 5007 595 5057 tum
625 5007 712 5057 est
737 5001 913 5073 igitur
940 5000 1106 5073 quod
1134 5016 1281 5056 vane
1325 5003 1712 5074 suspicamini
1761 5004 1917 5061 hunc
1959 5005 2118 5065 furto

467 5090 864 5148 auferendum
888 5106 1051 5148 esse:
1076 5089 1155 5148 ob
1181 5090 1369 5147 dictas
1396 5092 1557 5149 enim
1583 5108 1795 5150 causas
1823 5100 1909 5151 est
1932 5095 2118 5155 incre-

466 5180 664 5239 dibile.

2236 4298 2495 4359 δεινότητι
2547 4311 2646 4354 τῶν
2694 4302 2856 4375 λόγων
2906 4322 2917 4360 ;

2232 4587 2387 4636 νουςς
2419 4574 2507 4621 καὶ
2557 4575 2659 4641 μὴν
2710 4569 2923 4630 εὐτελεῖς
2956 4569 3085 4621 εἰσὶν
3135 4568 3187 4631 ἐξ
3233 4570 3456 4623 εὐτελῶν
3491 4590 3503 4600 ·

2230 4842 2441 4909 χωρίων
2500 4835 2629 4888 εἰσὶν
2680 4834 2892 4909 ἀσήμων
2945 4854 2956 4866 ·

2237 5191 2509 5269 εἰρημένας
2528 5194 2722 5257 αἰτίας.

1692 5309 1916 5382 Varias
1944 5310 2272 5387 lectiones
2297 5327 2583 5387 etnotae.

670 5450 812 5581 ’ξιξνὲ
829 5450 1031 5596 agat.
1064 5452 1132 5506 A.
2303 5461 2414 5538 (70)
2451 5466 2664 5531 Τοῦτον,
2694 5475 2804 5537 pro
2834 5461 3010 5520 αὐτόν.
3043 5468 3083 5517 Δ

535 5524 648 5604 (69)
688 5531 793 5581 Τοῦ
829 5524 1014 5596 τάφου.

2248 1806 2355 1853 τέον
2405 1803 2505 1875 γὰρ
2560 1804 2679 1861 τοὺς
2731 1800 2916 1872 λόγους
2962 1803 3144 1857 αὐτῶν.
3180 1808 3249 1857 Τὸ
3296 1808 3407 1876 μὲν,
3467 1805 3777 1877 Ἐμνὼὼεμες

2248 1977 2482 2030 ἀπέθανε·
2540 1982 2595 2030 τὸ
2647 1974 2725 2042 δὲ,
2790 1979 3037 2032 Κέλευσον
3087 1978 3479 2052 ἀσφαλισθῆναι
3532 1986 3609 2033 τὸν
3651 1983 3782 2051 τάφον,
3872 2022 3873 2037 χ

2246 2066 2455 2141 βεϐαιοῖ
2506 2070 2585 2120 ὅτι
2635 2068 2792 2139 ἐτάφη
2831 2090 2842 2101 ·
2879 2073 2935 2120 τὸ
2982 2066 3060 2132 δὲ,
3110 2076 3322 2128 Μήποτε
3379 2070 3604 2131 ἐλθόντες
3636 2072 3676 2121 οἱ
3714 2090 3788 2139 ιιι·
3872 2070 3873 2075 “

2245 2160 2397 2215 θηταὶ
2450 2157 2607 2209 αὐτοῦ
2653 2156 2911 2227 κλέψωσιν
2968 2157 3143 2227 αὐτὸν,
3215 2158 3535 2234 πληροφορεῖ
3595 2161 3661 2211 ὅτι
3705 2159 3783 2227 (68)

2243 2246 2649 2319 ἀσφαλισθέντος
2681 2245 2792 2317 (69)
2838 2246 2897 2297 οὗ
2949 2246 3295 2306 κλαπησεται.
3341 2255 3444 2302 Καὶ
3488 2250 3645 2302 λοιπὸν
3679 2245 3785 2298 inm-
3872 2245 3873 2285 Τ

2238 3058 2495 3130 οὐδαμοῦ.
2546 3060 2743 3111 Λοιπὸν
2796 3057 2882 3108 οὖν
2939 3054 3189 3109 Ἰουδαῖοι
3246 3056 3347 3109 ἀπὸ
3414 3066 3509 3112 τοῦ
3561 3058 3683 3109 κατὰ
3731 3058 3797 3105 τὸν

2236 3150 2411 3201 Ἰωνᾶν
2478 3144 2928 3219 παραδείγματος,
2996 3154 3088 3198 τοῦ
3162 3147 3404 3220 ῥηθέντος
3467 3151 3592 3222 πρὸς
3633 3146 3796 3203 αὐτοὺς,

2234 3244 2387 3289 τοῦτο
2432 3236 2849 3308 συνελογίσαντο.
2901 3236 3170 3306 Ἐσχάτην
3224 3239 3315 3307 μὲν
3370 3236 3464 3288 οὖν
3521 3236 3697 3293 πλάνην
3736 3232 3801 3283 λέ-

2233 3346 2392 3398 γουσι
2439 3330 2557 3400 περὶ
2598 3332 2708 3389 τοῦ,
2761 3326 2839 3376 ὅτι
2891 3326 3085 3397 ἠγέρθη
3144 3322 3243 3376 ἀπὸ
3294 3334 3394 3377 τῶν
3447 3326 3801 3400 νεκρῶνοπρώ-

2304 3502 2443 3559 Ἀλλ’
2477 3502 2514 3555 ὦ
2556 3502 2764 3561 ἀνόητοι
2798 3502 2809 3556 Ῑ
2861 3508 3184 3567 σκοπήσατε,
3239 3507 3380 3565 τίνος
3433 3507 3593 3557 ἕνεκεν
3628 3500 3803 3569 10%;»?-

2629 3593 2744 3645 Ἐὰν
2787 3594 2888 3666 γὰρ
2944 3592 3037 3644 οὐκ
3079 3590 3275 3664 ἀναστῇ
3331 3602 3394 3664 τῇ
3455 3600 3605 3668 τρίτη

2234 3684 2408 3743 καθὼς
2454 3681 2820 3754 ἐπηγγείλατο,
2866 3678 3151 3756 πρόδηλον,
3206 3683 3295 3748 ὡς,
3341 3680 3701 3743 ἀπατηθέντες,
3738 3684 3805 3728 καὶ

2234 3767 2306 3823 δι’
2362 3770 2516 3822 αὐτὸν
2567 3773 2696 3842 πρὸς
2747 3771 2859 3821 ὅλον
2916 3773 2975 3821 τὸ
3030 3771 3168 3829 ἔθνος
3234 3768 3690 3843 ἂπολεμωθέντες,
3738 3770 3804 3814 καὶ

2235 3862 2425 3930 ἄοικοι,
2496 3864 2583 3912 καὶ
2670 3856 2915 3919 ἀπόλιδες
2983 3862 3260 3931 γενόμενοι,
3342 3858 3809 3933 ἀποστραφήσονται

3318 3952 3383 4009 ὡς
3459 3950 3666 4003 πλάνον.
3734 3950 3808 3995 Em

2235 4035 2328 4090 διὰ
2378 4046 2530 4090 τοῦτο
2586 4040 2676 4108 μὲν
2729 4036 2786 4088 οὐ
2844 4037 3151 4094 θελήσουσιν
3210 4036 3389 4103 αὐτὸν,
3458 4040 3578 4110 (ἷο)
3640 4033 3812 4104 χλέξδαι,

2237 4126 2371 4180 Ἀλλ’
2422 4122 2546 4178 οὐδε
2596 4122 2916 4183 δυνήσονται
2966 4133 3145 4178 πεῖσαι
3192 4129 3277 4177 τὸν
3329 4125 3462 4179 λαὸν
3519 4129 3599 4179 ὅτι
3652 4124 3811 4195 ἡγέρὸξ

473 4206 669 4256 tentur
689 4199 716 4254 ?
734 4215 811 4254 an
832 4196 1215 4254 vehementia:
1244 4197 1633 4253 sermonum?
1658 4200 1822 4271 atqui
1848 4202 2092 4261 illitteral

2247 4215 2334 4267 ἷιπὸ
2381 4223 2477 4266 τῶν
2547 4223 2753 4286 νεκρῶν.
2820 4220 2929 4267 Τίνι
2995 4217 3094 4285 γὰρ
3160 4220 3249 4267 καὶ
3321 4216 3727 4290 θαρρήσουσιν;

2966 4308 3054 4354 καὶ
3099 4307 3202 4375 μὴν
3269 4304 3627 4378 ἀγράμματοί
3676 4302 3819 4353 εἰσιν’

2235 4389 2389 4444 ,Αλλά
2419 4399 2478 4462 τῇ
2536 4397 2814 4464 περιουσίᾳ
2850 4400 2948 4444 τῶν
2992 4395 3286 4465 χρημάτων
3331 4410 3343 4459 ;
3396 4399 3495 4445 καὶ
3546 4397 3646 4467 μὲν
3691 4390 3823 4442 am-

2232 4499 2330 4531 των
2384 4480 2486 4532 εἰσὶ
2544 4483 2858 4552 πενέστεροι.
2927 4479 3081 4533 Ἀλλά
3138 4488 3200 4553 τῇ
3270 4487 3594 4556 περιφανεία
3639 4487 3724 4532 τοῦ
3766 4480 3828 4547 γει

3568 4568 3723 4625 ’Λλλὰ
3772 4572 3823 4629 τῷ

2230 4658 2416 4716 πλήθει
2472 4658 2663 4710 ἑαυτῶν
2712 4675 2725 4726 ;
2775 4664 2864 4711 καὶ
2912 4663 3015 4731 μὴν
3085 4658 3141 4710 οὗ
3196 4658 3405 4721 πλείους
3470 4661 3581 4713 εἰσὶ
3628 4667 3725 4711 τῶν
3773 4657 3832 4706 ἓν

2233 4742 2379 4801 δεκα.
2427 4746 2580 4799 Ἀλλά
2628 4756 2699 4818 τῷ
2741 4749 2945 4820 μεγέθει
3000 4755 3093 4809 τῆς
3136 4746 3400 4822 πατρίδος
3441 4768 3456 4815 ;
3492 4754 3587 4800 καὶ
3627 4752 3725 4819 μὲν

3014 4835 3141 4888 ἀλλά
3185 4844 3303 4899 ταῖς
3360 4836 3715 4911 ἐπαγγελίαις
3764 4840 3831 4886 τεν

2235 4920 2565 4977 διδασκάλου
2595 4941 2609 4992 ;
2639 4930 2865 4991 Ιιοίαις;
2911 4926 2970 4979 Εἰ
3021 4930 3092 4997 μὴ
3146 4923 3348 4999 ἀναστῇ
3409 4930 3547 5001 γὰρ,
3591 4924 3706 4980 οὐδ’
3734 4925 3831 4976 ἔχει·

2231 5034 2342 5075 ναις
2386 5018 2723 5071 πιστεύουσι.
2786 5011 3055 5067 Δέδεικται
3114 5020 3286 5067 τοίνυν
3353 5017 3448 5068 ὅτι
3519 5021 3696 5091 μάτην

2234 5106 2442 5157 πτεύετε
2484 5103 2745 5164 κλαπῆναι
2783 5112 2985 5158 τοῦτον·
3022 5103 3116 5156 οὐκ
3154 5100 3442 5177 ἐνδέχεται
3484 5110 3594 5183 γὰρ
3646 5103 3733 5159 διὰ
3764 5108 3833 5157 τὰς
