3904 6210
433 257 534 312 751

507 382 733 438 Etenim
759 397 860 438 rex
887 394 1130 453 quoque
1168 379 1271 451 qui
1313 378 1391 435 ad
1422 383 1649 435 certum
1685 376 1839 432 diem
1874 376 2087 432 benefi-

435 470 594 526 cium
615 471 975 541 quibusdam
990 465 1255 523 conferre
1273 465 1567 539 promisit,
1584 466 1627 519 si
1648 470 1780 520 ante
1795 468 2086 519 statutum

435 557 591 614 diem
624 557 980 612 beneﬁcium
1015 555 1100 611 eis
1130 554 1417 621 conferat,
1451 570 1571 610 non
1604 554 1792 609 solum
1834 552 2086 624 promis-

435 662 568 700 sum
594 644 932 716 complevit,
956 644 1062 699 sed
1086 649 1142 700 et
1163 644 1344 700 aliam
1368 644 1623 713 gratiam
1645 642 1970 698 velocitatis
1987 640 2091 696 ad-

435 734 600 790 didit.
635 733 784 789 Nihil
815 741 1015 790 autem
1042 733 1205 790 aliud
1242 733 1427 789 Judaei
1457 732 1741 804 appositis
1768 730 2091 802 signaculis

436 838 505 880 ac
516 822 865 879 custodibus
877 822 1893 894 apparabant,quamutresurrectio
1905 818 2093 891 publi-

437 919 689 975 caretur,
716 917 1096 983 sumeretque
1133 911 1205 967 ab
1244 911 1391 982 ipsis
1434 911 1785 967 custodibus
1830 910 2093 967 testimo-

437 1001 627 1055 nium.
646 999 761 1055 Sed
778 1016 1019 1057 rursum
1036 1000 1115 1056 ad
1130 1000 1423 1056 dictorum
1447 1000 1802 1056 narrationis
1819 998 2090 1055 ordinem

436 1088 855 1145 revertendum
896 1094 1005 1144 est.

506 1284 669 1337 Vers.
700 1285 750 1338 4.
780 1282 904 1337 Prae
919 1283 1128 1339 timore
1156 1288 1356 1340 autem
1380 1314 1445 1323 —
1466 1283 1705 1339 mortui.
1738 1285 1857 1338 Prae
1881 1282 2091 1339 timore

435 1371 949 1437 terraemotus,fuit
961 1372 1120 1427 enim
1137 1388 1391 1443 magnus
1419 1389 1433 1439 ;
1455 1376 1557 1428 aut
1575 1372 1796 1445 angeli,
1812 1372 2091 1428 fuitenim

436 1464 683 1531 aspectu
702 1458 988 1516 terribilis.
1012 1460 1297 1516 Concussi
1309 1467 1447 1517 sunt
1463 1467 1683 1527 autem,
1706 1460 1816 1516 hoc
1837 1466 1939 1527 est,
1962 1462 2090 1516 Tre-

436 1551 749 1617 muerunt;
779 1548 994 1604 deinde
1014 1549 1091 1605 ad
1118 1564 1181 1605 se
1208 1550 1426 1605 reversi
1451 1549 1749 1620 fugerunt,
1774 1555 1830 1605 et
1850 1549 1931 1605 ita
1961 1563 2091 1604 mu-

436 1634 676 1692 lieribus
697 1636 838 1693 data
870 1642 961 1694 est
1002 1639 1306 1695 securitas.

511 1836 668 1889 Vers.
695 1837 743 1888 5.
776 1832 1154 1902 Respondeas
1179 1865 1250 1875 —
1273 1849 1393 1891 vos.
1415 1832 1521 1900 Ne,
1549 1833 1749 1905 inquit,
1781 1834 2093 1892 timueritis

439 1938 556 1988 vos,
590 1922 698 1977 sed
717 1921 775 1976 hi
801 1926 947 1993 puta
967 1923 1264 1991 custodes,
1287 1938 1619 1995 omnesque
1645 1923 1869 1979 inimici
1901 1924 2095 1980 Domi-

435 2010 518 2067 ni.
543 2010 806 2066 Primum
829 2010 1025 2082 itaque
1050 2011 1259 2067 timore
1281 2011 1413 2068 illas
1439 2011 1714 2068 liberavit
1736 2018 1792 2067 et
1818 2029 2093 2069 sermone

432 2103 490 2156 et
516 2098 747 2163 habitu,
785 2098 1000 2155 deinde
1025 2099 1100 2155 de
1125 2101 1555 2157 resurrectione
1580 2101 1839 2156 disserit.

502 2188 667 2244 Vers.
697 2189 750 2244 5.
782 2188 910 2245 Scio
934 2219 1000 2230 -—
1026 2190 1315 2261 queritis.
1340 2194 1466 2247 Non
1496 2191 1875 2247 confunditur
1896 2191 2091 2248 dicere

431 2278 751 2334 Dominum
778 2293 956 2333 suum
986 2277 1340 2335 cruciﬁxum
1370 2296 1385 2347 ;
1414 2296 1557 2353 quia
1584 2279 1679 2336 his
1713 2280 1958 2353 quidem
1988 2281 2090 2353 qui

425 2371 559 2422 ante
576 2365 778 2438 ipsum
798 2365 1063 2422 cruciﬁxi
1087 2372 1245 2432 sunt,
1261 2382 1403 2424 crux
1429 2370 1761 2439 ignominia
1784 2374 1927 2435 erat,
1948 2384 2086 2424 cum

424 2461 847 2527 argumentum
861 2462 1015 2514 esset
1032 2457 1309 2514 maleﬁcii
1327 2474 1531 2515 eorum
1551 2476 1562 2513 :
1582 2460 1718 2515 huic
1735 2476 1869 2515 vero
1888 2460 2086 2532 potius

424 2545 634 2616 gloria,
653 2560 792 2601 cum
808 2545 975 2603 fuerit
1002 2546 1430 2604 demonstratio
1445 2548 1719 2604 beneﬁcii
1737 2549 1793 2605 in
1814 2548 2086 2605 homines

422 2634 638 2699 collati,
671 2628 909 2707 propter
937 2635 1104 2708 quod
1138 2635 1216 2692 ad
1238 2652 1475 2693 crucem
1512 2637 1947 2693 condemnatus
1977 2642 2083 2693 est.

506 2721 664 2780 Vers.
694 2724 890 2779 6.Non
911 2754 979 2765 --
1003 2724 1302 2781 Dominus.
1330 2725 1539 2782 Dicens
1562 2746 1573 2785 :
1598 2727 1877 2789 Accedite.
1895 2727 2085 2784 videte

426 2810 611 2869 locum
641 2811 743 2867 ubi
762 2814 990 2883 positus
1017 2820 1149 2869 erat
1180 2814 1480 2881 Dominus,
1528 2815 1891 2883 signiﬁcavit
1920 2815 2085 2889 quod

423 2907 667 2974 propter
695 2917 820 2967 eas,
838 2907 903 2958 ut
924 2902 1205 2968 viderent,
1234 2903 1495 2975 lapidem
1522 2905 1865 2961 revolverat.

496 2991 653 3046 Vers.
680 2992 731 3044 7.
754 2991 830 3046 Et
846 2990 1328 3049 cito—videbitis.
1351 2994 1668 3059 Praecedel,
1692 2995 1803 3050 hoc
1830 3001 1915 3050 est
1933 2994 2082 3051 Prte-

418 3079 619 3136 veniet
640 3095 769 3136 vos.
798 3080 971 3137 Jubet
1002 3088 1203 3137 autem
1228 3081 1393 3138 abire
1424 3098 1526 3139 eos
1563 3084 1625 3139 in
1659 3083 1981 3150 Galilaeam,
2018 3084 2080 3139 in

416 3183 540 3241 qua
566 3168 693 3224 sine
708 3167 1059 3225 Judasorum
1082 3171 1291 3227 timore
1317 3172 1395 3228 ad
1414 3187 1548 3228 eum
1569 3174 1865 3229 accessuri
1888 3178 2075 3240 erant,

418 3263 475 3314 et
504 3273 645 3314 eum
672 3272 744 3313 eo
774 3257 1147 3315 collocutari.

485 3348 644 3403 Vers.
673 3352 729 3402 7.
773 3345 926 3404 Ecce
972 3347 1104 3404 dixi
1141 3348 1316 3405 vobis.
1358 3348 1436 3405 De
1466 3349 1755 3405 omnibus
1788 3350 2072 3408 videlicet.

416 3434 517 3491 Vel
556 3435 724 3492 aliter
757 3455 769 3494 :
804 3437 947 3491 Ecce
978 3436 1267 3493 admonui
1303 3454 1406 3494 vos
1445 3439 1515 3493 de
1540 3438 1867 3511 discipulis.
1894 3440 2076 3495 Nolite

413 3524 616 3597 itaque
641 3524 1117 3581 admonitionem
1148 3525 1467 3597 negligere.
1511 3528 1613 3582 Hic
1645 3542 1788 3596 ergo
1824 3528 2075 3601 angelus

414 3616 581 3669 extra
592 3610 937 3683 sepulcrum
956 3629 1136 3685 super
1150 3614 1412 3686 lapidem
1437 3615 1671 3678 sedens,
1694 3616 1976 3687 praedicta
1993 3616 2077 3673 di-

412 3701 499 3757 xit
528 3699 895 3755 mulieribus.
924 3700 1073 3765 Quia
1093 3717 1231 3771 vero
1256 3717 1377 3758 non
1407 3702 1570 3758 ausis
1587 3705 2075 3778 appropinquare

415 3787 711 3860 praecepit,
732 3792 796 3844 ut
817 3788 1153 3861 sepulcrum
1176 3790 1627 3861 ingrederentur
1649 3794 1813 3863 (nam
1832 3795 1942 3850 hoc
1962 3796 2075 3866 sig-

414 3876 632 3939 nificat,
652 3879 693 3932 Α
709 3877 949 3944 ccedite,
966 3878 1156 3935 videte
1173 3881 1367 3937 locum
1382 3881 1487 3937 ubi
1496 3882 1723 3952 positus
1741 3889 1866 3940 erat
1880 3886 2074 3942 Domi-

412 3967 544 4037 nus)
575 3966 864 4036 ingressas
910 3973 1073 4025 sunt.

484 4167 597 4225 Sed
608 4165 919 4224 Matthasus
930 4164 1165 4237 quidem
1180 4180 1370 4238 usque
1383 4166 1803 4239 adingressum
1816 4170 2071 4243 sepulcri

1766 244 1947 305 ΕυΤῆ
1960 246 2114 302 YMII
2155 246 2477 305 ZIGABENI

3634 260 3703 315 75?.

2278 382 2377 433 Καὶ
2408 380 2508 450 γὰρ
2541 376 2653 449 (8‘2)
2712 383 2801 430 καὶ
2849 377 3119 451 βασιλεὺς,
3172 378 3570 453 ἐπαγγειλάμενος
3608 384 3705 455 εὔερ-

2202 472 2421 535 γετῆσαί
2470 487 2607 528 τινας
2655 468 2727 529 εἰς
2767 469 2957 541 ῥητὴν,
3016 471 3231 543 ἡμέραν,
3291 467 3401 522 εἶτα
3443 474 3524 543 πρὸ
3574 475 3709 533 ταύτης

2121 374 2169 429 Α

2205 555 2545 627 εὐεργετήσας
2604 558 2813 625 αὐτοὺς,
2876 557 2934 610 οὗ
2987 562 3139 629 μόνον
3190 557 3451 633 ἐπλήρωσε
3492 564 3565 617 τὴν
3603 559 3709 631 ἐπάγ-

2203 643 2396 715 γελίαν,
2462 644 2588 697 ἀλλά
2646 651 2735 698 καὶ
2788 648 2949 719 χάριν
2997 646 3154 704 οἰλλην
3198 646 3494 722 προσέθηκε,
3537 652 3608 707 τῆν
3645 657 3710 711 τῆς

2205 736 2526 804 ταχύτητος
2606 732 2773 788 Οὐδὲν
2818 732 2877 789 δὲ
2923 736 3089 809 ἕτερον
3154 732 3480 789 ἐσπούδασαν
3530 734 3712 791 Ἰουδαῖοι

2206 824 2295 883 τὰς
2335 820 2633 896 σφραγῖδας
2685 824 3006 887 ἐπιϐαλόντες
3062 831 3152 877 καὶ
3206 828 3321 886 τοὺς
3364 825 3565 899 φύλακας
3597 847 3711 899 παραυ

2204 913 2509 973 καθίσαντες
2557 917 2586 970 ἧ
2639 916 2696 965 τὸ
2751 910 3168 986 δημοσιευθῆναι
3210 919 3303 972 τὴν
3353 912 3621 985 ἀνάστασιν,
3656 920 3717 967 καὶ

2207 1003 2606 1073 μαρτυρηθῆδαι
2670 1006 2813 1075 ποιρά
2896 1010 2997 1054 τῶν
3078 1001 3313 1075 φυλάκων
3395 1003 3563 1059 αὐτῶν.
3622 1002 3714 1056 Ἀλλ’

2208 1087 2465 1143 ἐπανιτέον
2511 1090 2663 1143 πάλιν
2720 1094 2850 1166 πρὸς
2906 1095 3000 1150 τὴν
3050 1090 3356 1144 ἀκολουθίαν
3411 1100 3498 1153 τῆς
3538 1101 3617 1143 τῶν
3658 1092 3722 1166 ῥη-

2205 1186 2305 1230 τῶν
2336 1178 2651 1251 ἐξηγήσεως.

2278 1268 2405 1320 Ἀπὸ
2460 1266 2519 1321 δὲ
2554 1278 2647 1321 τοῦ
2690 1269 2848 1342 φόϐου
2919 1301 2987 1310 -
3043 1274 3230 1343 νεκροί.
3293 1269 3422 1321 Ἀπὸ
3463 1278 3544 1323 τοῦ
3592 1268 3726 1342 φοϐον,

2682 1363 2841 1431 μέγας
2896 1361 2998 1433 γὰρ
3054 1356 3114 1417 ἧν
3146 1375 3159 1387 ⁸
3196 1360 3225 1417 ἡ
3257 1366 3349 1411 τοῦ
3378 1356 3592 1430 ἄγγελον,
3616 1377 3729 1410 κατα·

2587 1450 2688 1523 γὰρ
2772 1444 2852 1506 ἦν.
2931 1448 3281 1506 Ἐσείσθησαν
3346 1444 3425 1515 δι,
3494 1448 3590 1499 ἀντὶ
3644 1454 3730 1514 τοῦ,

2204 1535 2542 1610 Ἐτρόμαξαν.
2604 1534 2735 1592 Εἶτα
2789 1537 3155 1609 ἀνανήψαντες,
3207 1541 3412 1611 ἔφυγον.
3450 1542 3531 1589 καὶ
3578 1540 3731 1608 γέγονεν

2204 1622 2360 1679 ἄδεια
2387 1634 2502 1689 ταῖς
2524 1626 2784 1699 γυναιξίν.

2276 1715 2603 1790 Ἀποκριθεὶς
2684 1747 2753 1757 -
2836 1717 3002 1789 ὑμεῖς.
3102 1720 3189 1775 Μὴ
3273 1714 3524 1788 φοϐεῖσθε,
3598 1717 3733 1786 φησιν,

2202 1805 2361 1876 ὑμεῖς.
2419 1803 2527 1856 ἀλλ’
2579 1805 2742 1871 οὗτοι,
2813 1801 3041 1875 δηλαδὴ,
3101 1807 3150 1857 οἱ
3198 1804 3420 1877 φύλακες
3480 1808 3559 1856 καὶ
3598 1804 3735 1861 πάντες

2202 1895 2251 1945 οἱ
2294 1891 2476 1968 ἐχθροὶ
2533 1902 2627 1946 τοῦ
2677 1899 2897 1967 Κυρίου.
2952 1901 3161 1967 Πρῶτον
3375 1890 3461 1946 οὖν
3514 1890 3741 1952 ἀπήλλαξεν

2204 1982 2364 2045 αὐτὰς
2414 1991 2504 2035 τοῦ
2566 1980 2717 2044 δέους
2796 1988 2883 2035 καὶ
2938 1982 3074 2055 λόγῳ
3149 1988 3239 2035 καὶ
3292 1989 3547 2055 σχήματι·
3608 1983 3741 2033 ἔπειτα

2205 1364 2297 1409 τοῦ
2356 1366 2575 1430 σεισμοῦ
2622 1375 2634 1387 ’

2204 1445 2487 1509 πληκτικός

2120 1696 2169 1752 Β

2201 2077 2319 2145 περὶ
2351 2080 2445 2135 τῆς
2477 2073 2811 2135 ἀναστάσεως
2842 2069 3164 2144 διαλέγεται.

2274 2159 2413 2214 Οἶδα
2469 2194 2535 2203 -
2569 2163 2791 2223 ζητεῖτε,
2850 2161 2963 2214 Οὐκ
3011 2161 3395 2234 ἐπαισχύνεται
3426 2161 3573 2231 λέγων
3602 2156 3744 2210 ἐσταυ-

2199 2256 2422 2325 ρωμένον
2452 2255 2537 2303 τὸν
2582 2256 2842 2309 Δεσπότην
2882 2251 3059 2322 αὐτοῦ,
3097 2248 3233 2304 διότι
3268 2259 3381 2313 τοῖς
3427 2253 3511 2323 μιν
3553 2250 3640 2321 πρὸ
3680 2242 3742 2295 αὖ·

2197 2349 2289 2393 τοῦ
2342 2343 2738 2415 σταυρωθεῖσιν,
2801 2340 3035 2412 αἰσχυνη
3090 2342 3115 2392 ὁ
3176 2344 3404 2413 σταυρὸς
3459 2336 3535 2397 ἦν.
3580 2335 3747 2405 ἂινχρς

2197 2435 2264 2481 ὧν
2319 2438 2409 2491 τῆς
2447 2435 2763 2504 κακουργίας
2819 2429 3007 2482 αὗτώνο
3077 2432 3242 2502 τούτῳ
3291 2426 3355 2482 δὲ
3408 2426 3535 2491 δόξα
3580 2422 3743 2498 μάλλα’

2198 2515 2468 2583 ἀπόδειξις
2519 2525 2586 2570 ὧν
2634 2528 2727 2580 τῆς
2774 2519 3064 2593 εὐεργεσίας
3120 2527 3215 2570 τῶν
3275 2516 3576 2594 ἀνθρώπων,
3605 2510 3665 2566 δι’
3700 2512 3751 2566 ἦα

2192 2615 2369 2661 τοῦτον
2390 2605 2864 2663 καταδεδίκασται.

2267 2698 2376 2750 Οὐκ
2433 2730 2499 2739 --
2556 2700 2763 2772 Κύριος.
2818 2698 3008 2760 Εἰπὼν,
3070 2704 3239 2757 Δεῦτε,
3298 2693 3445 2750 ἴδετε
3499 2698 3581 2747 τὸν
3627 2694 3748 2743 τόπον

2195 2789 2321 2840 ὅπου
2376 2790 2537 2840 ἔκειτο
2586 2790 2611 2839 ὁ
2644 2790 2853 2860 Κύριος,
2909 2782 3167 2844 ἐδήλωσεν
3226 2787 3308 2838 ὃτι
3363 2781 3437 2837 δι’
3497 2783 3654 2846 αὐτὰς,
3689 2780 3749 2829 ἶνα

2196 2874 2402 2944 ἴδωσιν,
2438 2875 2715 2930 ἀπεκύλισε
2740 2880 2825 2930 τὸν
2846 2875 3005 2929 λίθον.

2271 2991 2371 3037 Καὶ
2401 2988 2543 3057 ταχύ
2591 3014 2661 3026 —-
2691 2983 2897 3055 ὄψεσθε.
2952 2981 3228 3057 Προλάγει,
3265 2980 3387 3035 ἀντὶ
3416 2984 3526 3049 τοῦ,
3558 2976 3753 3050 Ηρολαμ·

2193 3073 2331 3126 ϐάνει
2390 3075 2549 3146 ὑμᾶς,
2632 3076 2833 3127 Κελεύει
2914 3068 2974 3125 δὲ
3047 3072 3237 3133 αὐτοὺς
3297 3070 3543 3124 ἀπελθεῖν
3589 3066 3647 3127 εἰς
3688 3067 3759 3120 τὴν

2194 3162 2489 3228 Γαλιλαίαν,
2531 3162 2579 3215 ἕν
2695 3166 2869 3236 χωρὶς
2924 3160 3083 3234 φόϐου
3130 3170 3229 3214 τῶν
3279 3157 3558 3214 Ἰουδαίων
3596 3152 3759 3228 ἔμελλον

2189 3251 2423 3325 ἐντυχεῖν
2450 3252 2615 3322 αὐτῷ.

2261 3357 2399 3413 Ἰδοὺ
2453 3358 2591 3413 εἶπον
2649 3361 2789 3432 ὑμῖν.
2843 3363 2964 3433 Περὶ
3010 3359 3215 3410 πάντων
3283 3353 3533 3417 δηλαδή.
3587 3352 3649 3405 ’Β
3694 3351 3763 3399 καὶ

2187 3449 2387 3525 ἑτέρως,
2425 3446 2587 3518 Ἰδοὺ,
2641 3447 2969 3523 παρήγγειλα
3023 3448 3166 3521 ὑμῖν,
3219 3453 3346 3521 περὶ
3402 3454 3506 3499 τῶν
3539 3443 3765 3518 μαθητῶν-

2188 3543 2382 3591 Λοιπόν
2438 3535 2547 3605 οὖν,
2628 3544 2699 3611 μὴ
2772 3537 3067 3611 ἀμελήσητε
3146 3545 3242 3598 τῆς
3295 3533 3672 3612 παραγγελίας.
3719 3526 3763 3577 Ὀ

2184 3631 2274 3699 μεν
2327 3625 2414 3681 οὖν
2466 3627 2682 3700 ἄγγελος
2723 3627 2892 3693 οὗτος,
2950 3626 3043 3690 ἔξω
3100 3633 3192 3679 τοῦ
3244 3629 3425 3699 τάφου
3493 3625 3768 3695 καθήμενος,

2185 3716 2353 3770 ἐπάνω
2404 3722 2495 3770 τόῡ
2559 3717 2727 3783 λίθου,
2805 3720 2870 3769 τὰ
2921 3717 3146 3791 ῥηθέντα
3191 3734 3326 3790 προς
3408 3717 3505 3775 τὰς
3560 3714 3772 3783 γυναῖκας

2185 3804 2339 3862 εἶπεν.
2400 3808 2540 3859 Ἐπεὶ
2594 3803 2671 3873 δὲ,
2734 3806 2802 3864 δὴ
2856 3805 3121 3878 τολμώσας
3191 3804 3447 3876 ἐγγίσαι,
3508 3795 3773 3877 παρεκελτὸ-

2186 3915 2314 3948 σατο
2344 3896 2586 3949 εἰσελθεῖν
2638 3896 2709 3956 εἰς
2760 3898 2848 3947 τὸν
2886 3897 3065 3966 τάφον·
3109 3900 3261 3946 τοῦτο
3318 3898 3429 3965 γὰρ
3465 3892 3684 3964 ἐμφαίνει
3714 3887 3775 3941 τό,

2185 3988 2353 4051 Δεῦτὲ,
2439 3982 2578 4038 ῖδετε
2656 3989 2742 4037 τὸν
2824 3989 2978 4037 τόπον
3053 3984 3189 4036 ὅπαυ
3266 3986 3451 4035 ἔκειτο
3517 3982 3544 4032 ὁ
3598 3980 3774 4049 Κύριος

2186 4073 2444 4132 εἰσῆλθον.

2257 4169 2359 4217 Καὶ
2413 4165 2439 4216 ὁ
2496 4167 2586 4237 μὲν
2644 4166 2927 4230 Ματθαίος,
2985 4165 3052 4215 τὰ
3105 4166 3273 4237 μέχρι
3486 4157 3787 4213 εἰσελεύσως

408 4256 688 4324 narravit,
717 4255 947 4329 reliqua
967 4256 1332 4328 prmteriens;
1352 4256 1548 4312 caeteri
1567 4272 1707 4313 vero
1720 4241 1937 4315 relictis
1957 4259 2068 4330 his,

2211 4252 2357 4320 ἰπὼν,
2417 4255 2485 4305 τὰ
2539 4255 2736 4315 ταύτης
2785 4247 3136 4327 παρέδραμεν
3190 4253 3217 4303 ὁ
3257 4247 3329 4304 δί
3386 4252 3610 4325 Μάρκος
3659 4241 3792 4297 καὶὸ

407 4360 543 4421 quae
565 4362 754 4420 usque
773 4346 849 4403 ad
863 4343 1114 4418 sepulcri
1132 4344 1475 4415 ingressum
1488 4346 1994 4421 acciderant,qute
2011 4350 2073 4406 in

409 4452 479 4493 eo
495 4436 653 4494 facta
664 4441 797 4492 sunt
812 4433 1377 4507 conscripserunt.Et
1389 4434 1497 4492 hoc
1509 4435 1763 4508 estquod
1778 4438 2073 4495 maximam

408 4526 635 4595 praebet
676 4539 798 4581 non
835 4521 1284 4580 advertentibus
1316 4522 1769 4581 haesitationem.
1798 4526 1890 4582 Ait
1911 4527 2072 4583 enim

410 4614 633 4667 Marcus
651 4628 663 4666 :
683 4613 756 4667 Et
769 4614 1119 4681 ingressasin
1145 4618 1602 4683 monumentum,
1631 4616 1901 4671 viderunt
1930 4617 2073 4672 ado-

412 4698 787 4756 lescentulum
799 4700 1089 4756 sedentem
1102 4700 1165 4755 in
1178 4700 1422 4767 dextris,
1446 4702 1729 4760 amictum
1748 4704 1905 4760 stola
1935 4719 2074 4761 can-

408 4786 575 4857 dido,
597 4792 650 4842 et
677 4786 1118 4858 obstupuerunt.
1147 4788 1255 4845 Ille
1279 4796 1475 4845 autem
1492 4788 1631 4845 dicit
1651 4794 1729 4847 eis
1756 4806 1768 4847 :
1794 4792 1871 4848 Ne
1882 4793 2072 4849 obstu-

405 4875 870 4946 pescatisJesum
882 4876 1132 4947 quaeritis
1142 4876 1522 4934 Nazarenam
1535 4880 1892 4948 cruciﬁwum
1914 4897 1926 4935 :
1942 4898 2071 4938 sur-

404 4964 580 5029 rexit,
594 4979 715 5020 non
731 4969 813 5020 est
829 4963 941 5020 hic.
963 4965 1116 5021 Ecce
1131 4965 1294 5022 locus
1316 4966 1418 5022 ubi
1439 4975 1767 5036 posuerunt
1788 4983 1940 5025 eum.
1956 4971 2072 5028 Sed

399 5053 583 5110 abite:
607 5052 783 5110 dicite
819 5052 1129 5122 discipulis
1154 5054 1276 5123 ejus
1297 5063 1349 5111 et
1373 5055 1575 5125 Petro,
1598 5056 1752 5127 quod
1777 5059 2067 5126 praecedet

399 5158 495 5198 vos
507 5144 569 5198 in
594 5141 902 5198 Galiiceam
926 5159 938 5197 :
961 5142 1044 5198 ibi
1059 5158 1181 5198 eum
1200 5142 1642 5209 videbitis,sicut
1655 5145 1811 5201 dixit
1821 5148 1978 5205 vobis
1994 5150 2061 5204 ⁸⁵.

398 5230 560 5283 αὐτοῦ
645 5230 735 5283 καί
804 5238 874 5301 τῷ
950 5234 1145 5307 Πέτρῳ,
1232 5233 1311 5284 ὅτι
1395 5235 1614 5307 προάγει
1679 5236 1809 5307 ὑμᾶς
1865 5236 1936 5298 εἰς

398 5325 543 5393 υμὶν.

473 5422 519 5455 ³⁸
551 5421 844 5485 Marem,
896 5422 947 5485 5,
975 5423 1029 5473 7.

1232 5233 1311 5284 ὅτι
1395 5235 1614 5307 προάγει
1679 5236 1809 5307 ὑμᾶς
1865 5222 1940 5298 εἰς⁷
2015 5222 2110 5297 τὶν
2183 5238 2479 5292 Γαλιλαίαν.

2185 4348 2407 4410 Λουκᾶς,
2473 4345 2540 4396 τὰ
2588 4346 2752 4415 μέχρι
2829 4349 2920 4403 τῆς
2992 4339 3335 4403 εἰσελεύσεως
3408 4338 3790 4411 παραλιπόντες,

2182 4435 2247 4485 τὰ
2291 4435 2484 4493 ταύτης
2539 4435 2844 4507 ἱστόρησαν.
2912 4434 3013 4484 Καὶ
3062 4434 3213 4483 τοῦτὸ
3269 4428 3406 4483 ἐστι
3467 4433 3531 4482 τὸ
3591 4424 3801 4500 μάλιστα

2185 4526 2416 4595 παρέχον
2456 4528 2560 4582 τοῖς
2610 4526 2681 4594 μή
2738 4524 3073 4597 προσέχουσι
3102 4520 3199 4578 τήν
3229 4517 3507 4593 ἀπορίαν.
3549 4518 3688 4573 Φησὶ
3712 4513 3797 4582 γὰρ

2184 4613 2210 4663 ὁ
2262 4614 2494 4686 Μάρκος,
2549 4612 2629 4664 ὅτι
2709 4614 2809 4664 Καὶ
2890 4607 3220 4662 εἰσελθοῦσαι
3284 4608 3363 4670 εἰς
3428 4610 3495 4661 τὸ
3552 4606 3804 4680 paup-ti”.

2184 4696 2321 4754 εἶδόν
2379 4704 2642 4753 νεανίσκον
2719 4701 3005 4772 καθήμενον
3086 4695 3135 4750 ἐν
3190 4704 3307 4759 τοῖς
3382 4694 3614 4762 δεξιοῖς,
3684 4708 3810 4761 περι·

2182 4788 2485 4864 ϐεϐλημένον
2579 4788 2766 4848 στολὴν
2843 4787 3049 4847 λευκὴν.
3161 4790 3256 4839 καὶ
3348 4783 3809 4861 ἆξεθαμϐήθησα

2179 4879 2237 4932 Ὀ
2306 4876 2365 4933 δι
2455 4878 2591 4952 λέγει
2664 4878 2870 4940 αὐταῖς·
2950 4881 3037 4936 Μὴ
3145 4875 3553 4950 ἐκθαμϐεῖσθε,
3629 4874 3813 4931 Ἰησοῦν

2182 4970 2385 5032 ζητεῖτε
2462 4972 2551 5021 τὸν
2621 4968 2951 5040 Ναζαρηνὸν,
3027 4969 3115 5019 τὸν
3176 4964 3636 5040 ἕοτοιυρωμένον·
3715 4960 3815 5031 ἠγέ-

2176 5061 2301 5135 ρθη,
2359 5058 2453 5111 οὐκ
2506 5059 2648 5110 ἔστιν
2714 5053 2837 5109 ὧδε.
2894 5051 3007 5110 Ἴδε
3055 5056 3082 5108 ὀ
3136 5058 3328 5124 τόπος,
3414 5057 3561 5108 ὅπου
3651 5053 3818 5107 ἔθηκα-ι

2466 5146 2601 5201 Ἀλλ’
2714 5146 2959 5218 ὑπάγετε,
3060 5147 3240 5196 εἴπατε
3357 5152 3486 5208 τοῖς
3579 5142 3818 5217 μαθηταῖς

2573 5236 2711 5289 Ἐκεῖ
2810 5234 2964 5287 αὑτὸν
3070 5232 3297 5304 ὄψεσθε,
3428 5238 3617 5297 καθὼς
3708 5227 3819 5283 εἶπα

2177 5148 2353 5201 αὐτόν.

1621 5522 1838 5589 Variae.
1868 5522 2197 5592 lectiones
2228 5534 2295 5591 et
2334 5534 2538 5591 notae.

469 5634 582 5704 (82)
605 5634 731 5703 Καὶ,
759 5634 949 5698 abest,
994 5635 1066 5688 Α.

3866 562 3869 569 ι
