3904 6210
187 228 278 286 753

1099 228 1466 285 COMMENT.‘
1499 229 1566 284 IN
1607 226 2058 285 ΜΑΤΤΗᾸΞΟΜ.
2100 259 2167 268 -
2198 229 2352 285 CAP.
2388 231 2628 289 XXVIII.

3403 241 3506 295 ’754

256 356 366 404 Επιὶ
423 371 518 426 γαρ
565 352 591 403 6
645 353 740 416 ἔξω
793 355 1078 426 καθήμενος
1150 354 1364 426 ἅγγελος
1441 354 1738 428 παρεκελεύ-

1923 353 2072 418 Quia
2099 353 2256 410 enim
2279 355 2330 410 is
2359 355 2463 428 qui
2493 356 2636 412 foris
2661 357 2902 414 sedebat
2928 359 3178 428 angelus
3211 377 3508 434 praecepe-

187 461 296 494 σατο
338 443 520 502 ταύτας
561 440 821 508 εἰσελθεῖν,
875 442 1203 496 εἰσελθοῦσαι
1253 444 1323 506 εἰς
1365 449 1423 496 τὸ
1467 435 1735 516 μνημεῖον,

187 528 302 584 εἶδον
352 531 506 604 ἕτερον
549 530 782 604 ἄγγελον,
828 534 1116 606 καθήμενον
1165 532 1212 585 ἐν
1256 541 1362 594 τοῖς
1417 530 1604 597 δεξιοῖς
1648 533 1738 585 αὖ·

187 627 264 672 τοῦ
311 623 495 694 μέρεσι,
564 624 674 685 καὶ,
727 623 797 683 ὡς
851 621 1005 692 εἰκός,
1075 621 1526 696 ἐξεθαμϐήθησαν,
1599 621 1734 685 ἰξαίο

188 727 289 780 φνης
331 707 633 780 ὶντυχοῦσαι
689 709 848 780 αὐτῷ.
879 710 937 764 Ὀ
991 707 1050 764 δε
1093 710 1228 783 λέγει
1274 711 1471 772 αὐταῖς·
1505 715 1589 769 Μὴ
1651 710 1734 763 ἐκ·

188 795 446 870 θαμϐεῑσθε,
501 803 590 852 καὶ
646 802 710 852 τὰ
767 799 904 863 ἑξῆς.
962 801 1179 874 Ὀμοίως
1221 798 1278 854 6":
1334 810 1406 872 τῷ
1453 800 1594 862 ixi-6;
1647 800 1735 873 ἀγ-

184 887 308 958 γελῳ,
358 893 439 940 καὶ
483 888 508 940 6
559 887 718 958 ἐντός,
771 898 970 964 πρῶτον
1025 889 1336 944 ἀπαλλάττει
1391 894 1580 952 ταύτας
1640 898 1732 944 τοῦ

188 973 409 1048 θάμϐονςο
469 979 646 1030 ἔπειτα
699 983 817 1054 περὶ
867 987 962 1042 τῆς
1014 978 1350 1042 ἀναστάσεως
1410 976 1727 1052 διαλέγετσι.

189 1067 320 1118 Καὶὸ
358 1070 441 1138 μὲν
487 1064 653 1132 ἕκτος,
701 1067 909 1141 φοϐερός
959 1066 1040 1136 ἦν,
1093 1067 1186 1123 διὰ
1235 1074 1352 1131 τοὺς
1403 1069 1670 1143 φύλᾱκας;
1703 1070 1729 1122 6

193 1152 230 1206 δ’
267 1153 391 1221 ἐντὸς,
437 1155 491 1208 οὗ
549 1164 804 1225 τοιοῦτος,
854 1154 949 1211 διὰ
993 1162 1088 1221 τὰς
1135 1167 1407 1231 γυναῖκας.
1459 1163 1545 1212 Διὸ
1603 1159 1731 1212 έκεῖ-

195 1262 260 1295 νον
399 1241 630 1311 ἰδοῦσαι,
664 1245 995 1319 ἱφοϐήθησαν
1038 1249 1224 1302 αὗται·
1257 1257 1437 1302 τοῦτον
1481 1245 1542 1302 δε
1587 1245 1730 1302 ἰδοῦ-

195 1348 263 1382 σαι
295 1330 716 1404 ἐξεθαμϐήθησαν,
770 1341 838 1390 T6
873 1333 950 1402 δε,
997 1335 1104 1391 Ἴδε
1156 1339 1181 1390 6
1229 1343 1404 1400 τόπος,
1457 1337 1570 1390 ἀντὶ
1613 1346 1723 1403 τοῦ,

189 1414 296 1472 ’ίδοὺ
330 1421 351 1472 6
389 1426 562 1487 τόπος.
614 1423 894 1496 Ὀνομαστί
943 1423 1002 1479 δὲ
1052 1430 1342 1501 προσέθηκε
1379 1430 1464 1479 τὸν
1515 1431 1724 1498 Πέτρον,

181 1509 246 1560 in
282 1517 390 1579 γνῷ,
436 1513 514 1563 ὅτι
560 1521 972 1589 συγκεχώρηται
1001 1519 1058 1568 τὸ
1109 1517 1321 1588 σφάλμα
1365 1525 1460 1578 τῆς
1510 1515 1729 1590 τριπλῆς

179 1593 398 1670 ἀρνήσεως
452 1597 546 1653 διὰ
599 1607 692 1661 τὴν
751 1605 942 1676 θερμὴν
996 1607 1288 1677 μετάνοιαν,
1348 1610 1437 1658 καὶ
1485 1603 1727 1658 ἀναπνεύο

177 1704 247 1757 σῃ.
278 1693 363 1741 Καὶ
389 1691 484 1762 γὰρ
533 1689 838 1747 ἓϐεϐύθιστο
881 1701 943 1765 τῇ
978 1692 1181 1767 ἀμέτρῳ
1212 1695 1370 1768 λύπη.
1422 1696 1726 1766 Ἐπαγαγὼν

1847 447 1938 498 rat
1959 441 2041 496 eis
2062 442 2313 513 ingredi,
2343 443 2630 515 ingressae
2659 446 2716 501 in
2743 453 3198 504 monumentum
3231 448 3506 507 viderunt

1845 531 2092 587 alterum
2119 532 2400 604 angelum
2429 533 2738 591 sedentem
2772 551 2807 590 a
2831 541 3040 593 dextra
3070 537 3262 608 ipsius
3288 543 3455 610 parte
3485 557 3499 608 ;

1843 624 1900 677 et
1929 625 1992 677 ut
2019 621 2336 681 verisimile
2362 629 2472 687 est,
2502 623 2631 680 viso
2661 630 2904 697 repente
2929 640 2999 682 eo
3026 625 3490 697 obstupuerunt.

1842 714 1916 766 At
1955 709 2051 765 ille
2107 710 2255 768 dixit
2295 712 2377 766 eis
2411 733 2423 764 :
2467 713 2558 769 Ne
2608 713 3053 784 obstupescatis,
3086 719 3198 770 etc.
3254 717 3317 770 Et
3349 716 3501 772 sicut

1840 799 2097 856 exterior
2125 800 2390 870 angelus,
2433 799 2516 857 ita
2562 809 2618 857 et
2646 801 2905 867 interior,
2947 804 3208 876 primum
3253 805 3497 878 quidem

1840 892 2082 960 stupore
2107 904 2209 945 eas
2239 887 2454 946 liberat
2485 906 2499 956 ;
2540 890 2759 947 deinde
2811 907 2884 949 ea
2939 909 3064 965 qua:
3101 893 3176 950 de
3233 910 3496 950 resurre-

1839 976 2033 1033 ctione
2063 982 2234 1033 erant
2261 977 2516 1034 disserit.
2578 981 2644 1036 Et
2677 984 2832 1036 certe
2895 979 3148 1037 exterior
3193 981 3495 1038 timendus

1837 1070 1965 1122 erat
2010 1071 2248 1138 propter
2297 1066 2618 1134 custodes;
2677 1069 2922 1126 interior
2968 1084 3112 1126 vero
3185 1069 3316 1126 talis
3372 1086 3496 1126 non

1836 1159 1978 1220 erat,
2005 1160 2242 1228 propter
2274 1154 2578 1212 mulieres.
2609 1156 2750 1213 Ideo
2779 1156 2880 1214 illo
2909 1157 3158 1230 quidem
3192 1157 3341 1222 viso,
3375 1158 3496 1215 istm

1837 1243 2158 1300 timuerunt
2188 1260 2202 1310 ;
2235 1243 2350 1299 hoc
2381 1252 2584 1300 autem
2618 1245 2766 1311 viso,
2794 1245 3254 1319 obstupuerunt.
3295 1247 3493 1302 Nomi-

1837 1331 2008 1386 natim
2038 1336 2235 1387 autem
2272 1331 2510 1388 Petrum
2567 1333 2816 1400 addidit,
2851 1339 2916 1390 ut
2964 1333 3137 1390 sciret
3168 1335 3490 1391 remissum

1836 1420 1944 1474 sibi
1974 1436 2103 1475 esse
2144 1421 2307 1476 trinae
2335 1421 2669 1492 negationis
2699 1421 2958 1494 lapsum,
2994 1427 3236 1493 propter
3262 1422 3491 1478 ferven-

1837 1514 1948 1564 tem
1991 1508 2419 1580 pamitentiam,
2454 1514 2508 1564 et
2537 1509 2859 1582 respiraret
2889 1528 2902 1565 :
2961 1511 3284 1583 absorptus
3313 1511 3491 1584 siqui-

1834 1597 1971 1652 dem
2003 1601 2129 1654 erat
2153 1597 2450 1653 immenso
2480 1614 2757 1654 maerore.
2785 1598 3020 1655 Addens
3047 1605 3249 1655 autem
3277 1617 3290 1654 :
3321 1599 3491 1656 Sicut

1834 1685 1988 1743 dixit
2029 1686 2208 1751 vobis,
2248 1685 2478 1743 reduxit
2507 1687 2591 1741 eis
2622 1686 2699 1742 ad
2733 1688 3086 1744 memoriam
3138 1687 3200 1743 id
3238 1688 3487 1760 quodin

174 1770 236 1840 ἃ,
263 1777 332 1830 ὅτι
373 1780 552 1843 Καθὼς
584 1776 720 1834 εἶπεν
763 1783 906 1854 ὑμῖν,
939 1781 1219 1855 ἀνέμνησεν
1249 1783 1439 1846 αὐτοὺς
1486 1783 1546 1836 οὗ
1591 1784 1725 1836 εἶπεν

1901 1782 2037 1832 onte
2067 1774 2363 1832 Olivarum
2384 1774 2611 1832 dixerat
2635 1794 2648 1831 :
2670 1776 2990 1847 Postquam
3010 1783 3207 1832 autem
3229 1792 3491 1834 resurre-

170 1861 208 1916 ἓν
245 1873 306 1935 τῷ
332 1870 429 1940 ιῇοει
476 1877 581 1922 τῶν
631 1869 866 1936 Ἐλαιῶν,
916 1873 996 1924 ὅτι
1026 1875 1168 1926 Μετὰ
1209 1873 1270 1926 16
1317 1871 1587 1946 ἆγερθῆναι
1639 1891 1721 1946 με,

167 1955 341 2026 προάξω
369 1959 499 2031 ὑμᾶς
529 1959 603 2022 εἰς
635 1964 730 2020 τὴν
756 1961 1051 2030 Γαλιλαίαν,
1085 1966 1149 2025 ὡς
1180 1967 1352 2038 εἴρηκε
1390 1965 1656 2026 Ματθαίος
1675 1963 1724 2017 ἄν

166 2051 223 2113 τῷ
247 2045 490 2119 ἕξηκοστῷ
519 2051 753 2125 τετάρτῳ
781 2050 1060 2125 κεφαλαίῳ.

220 2131 269 2186 Ὀ
324 2132 378 2189 δε
451 2145 665 2200 Λουκᾶς
737 2139 974 2214 ἴγραψεν,
1050 2142 1130 2194 ὅτι
1207 2147 1304 2195 Καὶ
1374 2142 1720 2210 εἰσελθοῦσαι,

164 2221 248 2293 οὐχ
287 2225 418 2299 εὗρον
464 2231 520 2279 τό
590 2236 742 2301 σῶμα
787 2237 878 2282 τοῦ
936 2233 1132 2303 Κυρίου
1185 2231 1380 2289 Ἰησοῦ.
1454 2236 1548 2284 Καὶ
1607 2231 1720 2304 ἐγί-

164 2329 251 2363 νετο
299 2311 358 2365 ἕν’
419 2324 490 2387 τῷ
546 2315 921 2393 διαπορεῖσθαι
979 2319 1136 2381 αὐτὰς
1192 2325 1310 2394 περὶ
1373 2323 1575 2384 τούτου,
1633 2329 1722 2375 καὶ

165 2395 280 2466 ἰδοὺ,
354 2401 537 2480 ἄνδρες
626 2404 723 2460 δύο
803 2407 1096 2467 ἐπέστησαν
1179 2410 1362 2472 αὐταῖς
1440 2409 1490 2463 ἐν
1567 2412 1721 2470 ἐσθή-

167 2506 286 2542 σεσιν
368 2491 816 2568 ἀστραπτούσαις.
926 2497 1192 2571 Ἐμφόϐων
1293 2496 1353 2552 δὲ

162 2577 319 2644 αὐτῶν,
347 2588 431 2635 καὶ
460 2583 751 2638 κλινουσῶν
792 2589 848 2640 τὸ
875 2592 1154 2659 πρόσωπον
1183 2588 1256 2650 εἰς
1297 2593 1394 2648 τὴν
1427 2597 1547 2661 γῆν,
1583 2587 1720 2643 εἶπον

160 2671 262 2741 πρὸς
295 2670 452 2734 αὑτάς·
481 2679 547 2728 Τί
599 2674 802 2736 ζητεῖτε
846 2679 933 2729 τὸν
975 2677 1147 2738 ζῶντα
1173 2681 1306 2750 μετὰ
1347 2686 1448 2730 τῶν
1489 2688 1676 2752 νεκρῶν
1697 2698 1714 2751 ;

161 2755 364 2833 ⁹ίίᾕρθη,
424 2763 541 2836 (83)
608 2763 702 2816 οὐκ
757 2767 895 2818 ἔστιν
951 2763 1074 2822 ὧδε.
1127 2768 1242 2838 (84)
1295 2769 1597 2834 Μνήσθητε,
1650 2771 1719 2832 ὡς

159 2844 363 2906 ἰλάλησεν
399 2853 538 2925 ὑμῖν,
601 2855 678 2906 ἔτι
706 2858 773 2904 ὦν
813 2853 860 2907 ἰν
884 2862 945 2928 τῇ
999 2855 1264 2928 Γαλιλαίᾳ,
1311 2857 1469 2930 λέγων
1527 2859 1607 2911 ὃτι
1637 2865 1723 2912 Δεῖ

157 2938 226 3023 τὸν
279 2940 384 2992 Υἰὸν
440 2949 532 2994 τοῦ
609 2941 874 3016 ἁνθρὼπον
955 2941 1321 3017 πυραδοθῆναι
1393 2946 1465 3008 εἰς
1538 2955 1719 3023 χεῖρας

155 3021 396 3099 ἀνθρώπων
423 3031 764 3108 ἁμαρτωλῶν,
799 3038 888 3087 καὶ
928 3036 1314 3109 σταυρωθῆναι,
1342 3041 1432 3089 καὶ
1469 3044 1530 3108 τῇ
1564 3021 1715 3112 τρίτη

1442 2504 1720 2573 γενομένων

156 3114 295 3188 ἠμρᾳ
355 3117 667 3179 ἀναστῆναι.
738 3127 834 3175 Καὶ
910 3121 1249 3196 ἐμνήσθησαν
1305 3132 1406 3178 τῶν
1469 3126 1718 3200 ῥημάτων
1757 3159 1802 3218 c

156 3201 304 3258 αὐτοῦ.

209 3291 258 3347 Ὀ
306 3300 390 3367 μὶν
441 3301 543 3373 γὰρ
617 3301 901 3372 καθήμενος
955 3299 1003 3353 ἰν
1062 3308 1169 3364 τοῖς
1229 3298 1420 3366 δεξιοῖς
1481 3303 1712 3376 ἄγγελος,

157 3380 282 3434 εἰπὼν
339 3390 458 3460 πρὸς
511 3388 698 3449 αὐτὰς,
751 3391 852 3442 ὅσα
907 3392 1117 3463 Μάρκος
1183 3389 1510 3464 ἀπήγγειλεν,
1565 3393 1714 3456 ὑπεξο

157 3468 297 3537 ἦλθιν,
333 3477 357 3526 6
401 3483 489 3529 καὶ
549 3477 676 3530 αὐτό
733 3481 1138 3552 παρασιωπηθεν
1191 3489 1263 3550 τῷ
1317 3488 1530 3556 Μαρκῳ,
1587 3485 1714 3554 μετὰ

157 3563 363 3614 καὶτῶν
427 3562 764 3624 δηλωθέντων
843 3569 943 3620 ὑπὸ
1012 3575 1104 3620 τοῦ
1178 3575 1378 3634 Λουκᾱ,
1450 3571 1713 3646 παρέσχεν

157 3649 313 3718 ὁμοίως
349 3651 593 3729 ἀπορίαν.
639 3656 780 3709 Ἐπεὶ
825 3652 884 3710 δι
930 3657 1034 3729 οὐχ
1081 3658 1225 3730 εὖρον
1273 3659 1430 3712 αὗται
1457 3665 1512 3714 τὸ
1563 3669 1715 3733 σῶμα

157 3747 230 3790 τοῦ
268 3747 448 3817 Κυρίου
497 3744 700 3811 Ἰησοῦ,
752 3741 1040 3822 διηπόρουν
1088 3753 1206 3820 περὶ
1258 3748 1437 3820 αὐτοῦ,
1470 3755 1521 3802 τί
1567 3755 1713 3822 γέγο-

154 3846 247 3879 νιν·
298 3836 433 3884 οὔπω
502 3835 610 3905 γὰρ
675 3830 932 3892 ἠδύναντο
980 3840 1260 3902 πιστεύειν,
1333 3840 1413 3891 ὅτι
1484 3837 1670 3897 ἀνέστη
1699 3861 1712 3874 ⁶

155 3917 265 3968 οὕτω
312 3917 368 3974 δε
414 3918 853 3995 διαπορουμέναις
895 3923 1187 3984 ἕπίστησαν
1233 3927 1418 3990 αὐταῖς
1462 3929 1511 3980 οἰ
1558 3928 1716 4003 προρο

152 4006 352 4077 ῥηθέντες
405 4007 503 4064 δύο
557 4011 790 4084 ἄγγελοι,
844 4014 897 4066 ὃν
953 4033 1007 4066 τε
1060 4011 1199 4068 εἶδον
1239 4015 1333 4079 ἔξω
1387 4025 1479 4069 τοῦ
1528 4020 1712 4090 τάφου,

153 4099 226 4148 καί
266 4100 315 4150 ὃν
363 4099 642 4155 ἰθεάσαντο
694 4098 841 4155 ἔνδον
899 4102 1076 4173 αὐτοῦ,
1127 4108 1713 4178 μετασχηματισθίντες

154 4182 192 4234 ἰν
230 4185 491 4246 ἐσθήσεσιν
542 4189 991 4265 ἁστραπτούσαις,
1052 4195 1134 4245 ἱνα
1169 4198 1257 4246 καὶ
1314 4194 1502 4267 μᾶλλον
1560 4198 1714 4268 ἄγγε-

151 4270 218 4324 λοι
257 4283 377 4329 Θοοῡ
419 4276 642 4349 δόξωσι,
693 4289 765 4352 τῷ
801 4277 974 4354 ῥᾳδίῳ
1019 4291 1112 4335 τοῦ
1153 4293 1670 4358 μενασχηματισμοῡ
1697 4305 1708 4318 ·

155 4359 350 4433 ἔμφοεων
419 4365 478 4422 δε
533 4374 814 4442 γενομένων
885 4370 1076 4434 αὐτῶν,
1132 4371 1215 4425 ἐπὶ
1281 4381 1351 4442 τῷ
1404 4383 1563 4445 καινῷ
1623 4385 1713 4436 τῆς

153 4452 304 4518 ὅψεως,
347 4463 434 4510 καὶ
485 4462 560 4530 μὴ
623 4455 919 4531 δυναμένων
973 4459 1179 4532 βλέπειν
1237 4462 1310 4524 εἰς
1356 4463 1561 4531 αὐτοὺς,
1621 4461 1712 4516 διὰ

153 4541 199 4589 τό
255 4551 344 4596 τῶν
412 4545 648 4605 ἐσθήτων
702 4548 814 4618 (85)
883 4545 1299 4622 ἀστραπηϐὁλον,
1376 4549 1514 4605 εἷπον
1589 4557 1712 4628 πρὸς

152 4628 303 4696 αὐτὰς,
355 4635 522 4689 οὐκέτι
593 4639 786 4711 πράως,
846 4639 916 4698 ὡς
979 4643 1244 4714 πρότερον,
1319 4639 1427 4693 ἁλλ’
1494 4641 1710 4702 ἐπιπληο

151 4729 327 4787 κακῶς,
356 4720 448 4777 διὰ
475 4730 574 4784 τὴν
613 4723 862 4778 ἀπιστίαν
893 4725 1062 4778 αὐτῶν
1087 4745 1099 4757 θ
1133 4733 1196 4781 Τί
1231 4731 1427 4792 ζητεῖτε
1465 4734 1551 4783 τὸν
1583 4732 1716 4792 ζῶν-

151 4824 204 4857 τα
252 4815 371 4880 μετά
451 4823 556 4866 τῶν
617 4823 828 4888 νεκρῶν,
891 4818 1074 4887 ἤγουν,
1140 4820 1207 4880 ὡς
1279 4825 1486 4894 νεκρὸν;
1549 4830 1713 4876 Τοῦτο

208 4931 249 4967 ⁸⁸
274 4935 464 4993 Matth.
500 4952 654 5004 xxvx,
707 4940 796 4993 32.
875 4939 922 4974 ³⁷
948 4938 1085 4995 Luc.
1110 4955 1264 5008 xxxv,
1297 4940 1411 4997 3-8.

1741 4511 1791 4567 D

1832 1879 1998 1930 xero,
2028 1865 2357 1934 prmi-edam
2386 1880 2480 1920 vos
2510 1865 2573 1920 in
2615 1865 2946 1931 Galilaeam,
2981 1865 3132 1921 sicut
3169 1865 3316 1923 dixit
3341 1867 3483 1923 Mat-

1836 1952 2025 2009 thasus
2063 1953 2344 2010 vicesimo
2373 1957 2540 2010 sexto
2571 1955 2764 2026 capite
2803 1953 2872 2009 ⁸⁸.

1907 2167 2092 2222 Lucas
2121 2181 2263 2221 vero
2284 2164 2557 2238 scripsit:
2591 2167 2657 2221 Et
2672 2166 2956 2236 ingressa:
2975 2181 3096 2222 non
3125 2165 3485 2222 invenerunt

1833 2269 2048 2324 corpus
2090 2254 2331 2310 Domini
2369 2255 2532 2312 Jesu.
2580 2254 2658 2310 Et
2685 2254 2921 2324 factum
2968 2258 3054 2310 est
3109 2255 3252 2310 dum
3298 2259 3492 2311 mente

1831 2349 2222 2400 consternatae
2237 2349 2422 2400 essent
2445 2357 2626 2413 super
2655 2343 2787 2413 hoc,
2808 2349 2864 2400 et
2879 2357 3012 2400 ecce
3034 2343 3153 2399 duo
3176 2343 3292 2398 viri
3317 2349 3488 2400 stete-

1829 2439 1974 2489 runt
1983 2435 2170 2503 juxta
2195 2433 2338 2490 ittas
2367 2433 2429 2488 in
2459 2432 2714 2489 vestibus
2737 2431 3210 2504 fulgurantibus.
3231 2433 3492 2506 Cumque

1829 2522 2226 2592 expavissent,
2255 2527 2309 2579 et
2329 2521 2694 2579 declinarent
2722 2521 2954 2577 vultum
2977 2521 3037 2576 in
3059 2526 3304 2588 terram,
3327 2521 3489 2579 dixe-

1829 2618 1973 2667 runt
1989 2612 2071 2668 ad
2088 2611 2232 2669 illas
2251 2627 2262 2667 :
2283 2611 2437 2678 Quid
2448 2611 2714 2683 quaeritis
2727 2610 3013 2667 viventem
3032 2625 3165 2666 cum
3187 2610 3440 2666 mortuis
3460 2611 3489 2668 ‘I

1825 2700 1964 2756 Non
1975 2707 2058 2757 est
2070 2701 2185 2764 hic,
2199 2700 2303 2758 sed
2309 2700 2589 2757 surrexit.
2603 2699 2948 2755 Mementote
2956 2697 3246 2769 quomodo
3259 2701 3488 2754 locutus

1825 2789 1900 2844 sit
1928 2789 2106 2859 vobis,
2135 2805 2267 2846 cum
2289 2787 2488 2845 adhuc
2507 2793 2652 2846 esset
2676 2787 2741 2843 in
2763 2787 3014 2844 Gatitza
3028 2786 3230 2843 dicens
3258 2802 3279 2842 :
3303 2785 3484 2856 Opor-

1831 2883 1909 2935 tet
1920 2879 2144 2934 Fitium
2160 2879 2412 2934 hominis
2425 2876 2588 2934 tradi
2601 2877 2664 2932 in
2677 2890 2889 2932 manus
2903 2874 3207 2932 hominum
3219 2881 3488 2945 peccato-

1829 2983 1985 3035 rum,
2017 2973 2073 3024 et
2097 2968 2382 3038 cruciﬁgi,
2411 2981 2484 3023 ac
2505 2965 2677 3022 tertio
2699 2965 2794 3022 die
2821 2979 3152 3036 resurgere.
3188 2965 3270 3021 Et
3289 2979 3485 3022 recor-

1829 3055 1988 3113 data
2016 3063 2149 3113 sunt
2178 3055 2485 3112 verborum
2509 3055 2676 3112 illius
2705 3055 2782 3112 ⁸⁷.

1896 3303 2156 3375 Angelus
2189 3304 2380 3375 itaque
2405 3301 2509 3376 qui
2531 3301 2776 3358 sedebat
2801 3317 2840 3357 a
2867 3299 3114 3367 dextris,
3147 3301 3373 3374 quique
3399 3302 3479 3359 ad

1825 3409 1926 3450 eas
1947 3393 2172 3449 dixerat
2197 3407 2270 3448 ea
2294 3407 2428 3464 quae
2455 3389 2648 3448 retulit
2678 3391 2932 3456 Marcus,
2965 3389 3274 3463 disparuit.
3305 3389 3476 3455 Quod

1824 3483 2026 3549 etiam,
2054 3482 2199 3554 quia
2221 3499 2255 3536 a
2285 3483 2476 3538 Marco
2509 3479 2744 3536 silentio
2801 3479 3158 3552 praeteritum
3187 3485 3292 3545 est,
3335 3495 3474 3534 cum

1823 3573 1916 3628 his
1931 3589 2067 3645 quae
2087 3587 2124 3627 a
2151 3574 2302 3627 Luca
2324 3574 2565 3627 narrata
2583 3573 2739 3634 sunt,
2759 3567 3027 3624 similiter
3047 3567 3474 3624 obscuritatem

1824 3661 2064 3734 peperit.
2083 3662 2231 3717 Cum
2257 3663 2458 3716 autem
2478 3658 2627 3732 ipsas
2653 3673 2876 3730 corpus
2911 3656 3146 3713 Domini
3171 3655 3312 3712 Jesu
3353 3671 3477 3712 non

1825 3749 2208 3814 invenissent,
2240 3752 2603 3821 expaverunt
2630 3746 2983 3818 cogitantes,
3008 3744 3156 3819 quid
3183 3746 3258 3800 de
3287 3760 3359 3802 eo
3390 3744 3476 3801 fa-

1823 3845 1987 3896 ctum
2013 3843 2185 3894 esset.
2219 3837 2494 3894 Nondum
2517 3837 2679 3894 enim
2717 3835 2957 3893 credere
2996 3839 3272 3908 poterant
3309 3833 3476 3907 quod

1823 3929 2236 3985 resurrexisset
2268 3943 2282 3993 ;
2333 3927 2412 3983 ita
2439 3925 2832 3984 consternatis
2885 3923 3031 3998 ipsis
3062 3928 3475 3996 apparuerunt

1824 4019 1942 4072 duo
1975 4016 2238 4088 praedicti
2264 4015 2482 4085 angeli,
2515 4021 2571 4071 et
2591 4015 2640 4070 is
2671 4013 2946 4071 videlicet
2971 4029 3148 4085 quem
3183 4017 3351 4070 extra
3390 4028 3479 4069 se-

1824 4105 2093 4178 pulcrum
2133 4105 2420 4168 viderant,
2448 4107 2504 4160 et
2531 4118 2713 4174 quem
2755 4103 2813 4158 in
2845 4101 2976 4174 ipso
3016 4105 3473 4174 conspexerant,

1822 4194 2230 4264 transﬁgurati
2248 4193 2308 4248 in
2329 4191 2594 4248 vestibus
2614 4190 3077 4260 fulgurantibus,
3098 4195 3162 4246 ut
3188 4191 3368 4246 etiam
3395 4189 3475 4244 ob

1825 4284 2206 4356 splendorem
2223 4283 2312 4355 (η)
2328 4279 2866 4337 transformationis
2879 4278 3139 4348 apertius
3164 4276 3357 4345 angeli
3373 4275 3475 4332 Dei

1821 4373 2182 4431 viderentur.
2218 4372 2363 4427 Cum
2407 4373 2606 4424 autem
2655 4381 2814 4422 novo
2845 4368 3090 4437 aspectu
3141 4364 3474 4420 conterritus

1823 4468 2036 4527 essent,
2071 4477 2180 4518 nec
2210 4461 2457 4532 possent
2497 4457 2577 4513 ob
2606 4455 2860 4511 vestium
2905 4452 3381 4510 coruscationem
3412 4453 3473 4509 in

1822 4569 1924 4610 eos
1952 4552 2264 4624 respicere,
2293 4548 2570 4604 dixerunt
2593 4545 2673 4601 ad
2710 4559 2814 4600 eas
2852 4558 2974 4599 non
2995 4542 3125 4614 jam
3157 4547 3472 4598 mansuete

1822 4646 1882 4698 ut
1908 4641 2092 4714 prius,
2143 4637 2247 4694 sed
2276 4633 2639 4707 objurgandi
2668 4631 2852 4688 modo
2911 4636 3152 4705 propter
3202 4630 3470 4703 ipsarum

1823 4727 2342 4788 incredulitatem:
2394 4725 2466 4783 Ut
2505 4723 2650 4797 quid
2701 4720 2962 4794 quaeritis
3010 4722 3292 4778 viventem
3339 4735 3472 4778 cum

1823 4818 2124 4878 mortuis?
2171 4821 2462 4888 tanquam
2502 4811 2776 4870 videlicet
2813 4814 3120 4867 mortuum
3144 4809 3172 4865 ?
3219 4813 3368 4868 Nam
3411 4811 3473 4867 id

1355 5094 1584 5162 Variae
1614 5095 1941 5164 lectiones
1984 5101 2049 5160 et
2080 5099 2283 5158 notae.

345 5256 586 5328 Ἠγέρθη,
615 5256 805 5322 abest,
833 5262 901 5314 Α.

212 5313 310 5398 (84)
344 5313 474 5382 'Aii‘
505 5313 944 5402 saansaan,
974 5333 1042 5386 Α.

1903 5261 2020 5331 (85)
2061 5253 2506 5333 Ἀστραπήϐολον,
2557 5259 2596 5308 Α

214 5504 286 5574 (n)
310 5505 388 5561 Ob
415 5507 810 5577 splendorem.
841 5506 931 5564 0b
955 5507 1321 5578 facilitatem,
1352 5508 1732 5568 celeritatem.
1761 5509 1971 5566 Nescio
2003 5522 2150 5564 sane
2187 5506 2329 5580 quid
2360 5505 2565 5577 legerit
2593 5503 2903 5577 interpres,
2964 5501 3130 5556 Forte
3184 5505 3256 5568 τῷ
3285 5499 3482 5571 ὡραίῳ,

155 5589 266 5650 loco
290 5604 358 5667 εῷ
381 5593 576 5671 ραδιῳ.
