3922 6200
456 292 563 349 759

2218 38 2499 129 μί
3242 17 3922 210 ηιμ-ι

1780 285 2129 341 EUTHYMII
2167 284 2499 341 ZIGABENI
3709 286 3790 341 760

458 419 673 490 pulum
721 418 989 475 vicerunt
1025 416 1319 490 pecuniae,
1379 413 1567 471 multo
1623 413 1816 482 magis
1874 412 2105 467 milites.

2238 413 2282 463 ’ἀ
2324 402 2584 483 ’ἀργύρια,
2623 410 2793 482 πολλῷ
2848 411 3037 483 μᾶλλον
3094 420 3193 465 τῶν
3254 418 3607 485 στρατιωτῶν.
3676 416 3790 481 Μέγα

457 509 600 564 Vere
640 508 838 577 itaque
876 522 1168 577 magnum
1221 509 1307 561 est
1347 502 1572 559 malum
1614 502 1883 575 pecuniae
1915 517 2106 567 amor,

457 601 515 652 et
544 611 903 665 magnorum
935 611 1121 650 causa
1161 593 1477 649 malorum.
1522 592 1873 647 Sermonem
1910 597 2110 646 autem

456 683 828 752 divulgatum
860 683 1021 749 dicit,
1063 684 1228 757 quod
1271 682 1427 737 furto
1475 681 1743 737 sublatus
1790 681 1864 735 sit
1914 681 2105 741 Jesus,

454 772 642 827 Lucas
668 788 806 827 vero
838 773 907 828 de
940 772 1292 829 mulieribus
1324 770 1439 827 ait:
1473 771 1551 826 Et
1579 784 1883 826 reversam
1906 784 2113 824 monu-

456 866 651 917 mento
703 863 1137 919 nuntiaverunt
1198 863 1319 918 hac
1373 860 1571 916 omnia
1630 859 1770 928 ipsis
1813 859 2109 922 undecim,

456 950 793 1022 celerisque
810 952 1080 1008 omnibus
1091 953 1161 1019 9‘,
1180 948 1453 1005 videlicet
1473 948 1868 1021 septuaginta.
1894 948 2113 1003 Deinde

458 1046 771 1096 enumerat
798 1056 899 1096 eas
924 1040 1128 1097 dicens
1164 1057 1177 1096 :
1208 1038 1394 1095 Erant
1422 1046 1615 1095 autem
1645 1038 1847 1094 Maria
1872 1038 2115 1107 Magda-

461 1129 611 1197 lene,
641 1132 696 1183 et
723 1129 979 1198 Joanna,
1020 1134 1075 1185 et
1119 1128 1315 1186 Maria
1355 1128 1581 1193 Jacobi,
1616 1142 1687 1183 ac
1731 1131 1950 1183 cratera:
1982 1142 2115 1198 qua

460 1232 594 1272 cum
632 1217 713 1273 eis
750 1223 943 1284 erant,
975 1232 1109 1288 qua:
1147 1217 1419 1275 dicebant
1449 1217 1530 1272 ad
1565 1216 1849 1286 apostolos
1888 1216 2002 1271 hac
2041 1217 2110 1267 η.

458 1304 675 1360 Verum
707 1306 1012 1362 Matthmus
1041 1306 1286 1378 quidem
1327 1306 1568 1363 Mariam
1612 1303 2017 1376 Magdalenen,
2059 1308 2117 1360 et

461 1392 646 1449 Maria
691 1393 895 1449 Jacobi
948 1401 1002 1449 et
1047 1396 1182 1449 Jose
1228 1394 1586 1465 conscripsit
1630 1396 1723 1448 "z
1778 1408 1895 1447 non
1942 1392 2115 1464 quasi

462 1481 640 1545 solas,
670 1481 773 1536 sed
802 1486 1091 1554 tanquam
1122 1484 1348 1538 caeteris
1376 1498 1512 1555 quae
1541 1498 1680 1537 cum
1720 1481 1803 1537 eis
1833 1487 2003 1537 erant
2031 1481 2117 1536 in-

461 1570 749 1642 signiores
767 1587 780 1637 ;
798 1572 1023 1626 Marcus
1036 1575 1236 1627 autem
1248 1571 1426 1627 etiam
1441 1569 2077 1642 signiﬁcavitSalomen
2101 1587 2114 1636 ;

465 1660 652 1714 Lucas
670 1675 809 1715 vero
829 1658 1105 1716 Salomen
1118 1660 1367 1732 quidem
1381 1659 1615 1731 absque
1634 1675 1915 1731 expresso
1930 1659 2119 1714 nomi-

464 1763 537 1803 ne
569 1747 819 1819 reliquit,
862 1748 1258 1805 manifestavit
1288 1752 1488 1804 autem
1516 1750 1836 1804 Joannam.
1872 1748 2117 1803 Addens

465 1852 603 1893 vero
624 1838 729 1893 :Et
745 1842 969 1895 caetera
983 1853 1256 1909 quaecum
1272 1838 1351 1895 eis
1368 1843 1563 1904 erant,
1581 1837 1873 1907 signiﬁcat
1887 1843 1942 1893 et
1958 1837 2121 1893 Salo-

467 1941 627 1991 men,
656 1929 713 1981 et
740 1924 885 1981 alias
897 1926 1197 1999 quasdam
1217 1928 1285 1980 9'.
1304 1929 1437 1982 Post
1458 1926 1681 1982 dictam
1702 1927 1901 1998 itaque
1915 1925 2120 1981 mulie-

466 2029 600 2069 rum
632 2014 1147 2070 enumerationem
1178 2030 1416 2070 rursum
1448 2014 1759 2085 subjunxit
1791 2015 2012 2070 Lucas:
2042 2016 2121 2071 Et

468 2102 595 2159 visa
623 2107 761 2158 sunt
791 2117 991 2159 coram
1020 2103 1140 2159 illis
1158 2108 1446 2174 tanquam
1467 2102 1923 2159 deliramentum
1944 2104 2122 2161 verba

466 2204 696 2259 earum,
728 2206 831 2247 nec
868 2191 1247 2247 crediderunt
1275 2191 1412 2262 ipsis
1450 2194 1519 2245 ".

539 2278 685 2334 Hinc
709 2294 852 2350 ergo
879 2284 1125 2335 sumunt
1142 2280 1396 2346 initium,
1420 2296 1554 2353 quae
1579 2278 1653 2335 de
1682 2279 1862 2336 Maria
1888 2280 2121 2350 Magda-

466 2368 599 2427 lene
620 2367 779 2424 solus
798 2369 1032 2441 scripsit
1054 2370 1336 2436 Joannes,
1362 2369 1543 2425 veluti
1574 2384 1645 2426 ea
1668 2385 1929 2442 quorum
1958 2370 2123 2442 apud

467 2458 728 2531 reliquos
758 2457 923 2515 nulla
950 2463 1038 2515 est
1066 2458 1217 2516 facta
1254 2460 1476 2516 mentio
1502 2462 1570 2512 ⁸⁷.
1616 2460 1768 2526 Quia
1793 2461 1953 2516 enim
1991 2461 2122 2517 visa

468 2552 608 2603 sunt
630 2562 833 2604 coram
854 2547 1138 2620 apostolis
1168 2553 1458 2621 tanquam
1490 2548 1951 2605 deliramentum
1983 2565 2118 2605 ver-

469 2636 550 2693 ba
578 2636 942 2693 mulierum:
989 2637 1123 2711 ipsa
1161 2638 1433 2709 cogitans
1477 2637 1633 2695 intra
1674 2654 1735 2694 se
1781 2640 1945 2711 quod
1988 2654 2122 2695 vere

470 2725 737 2798 decepta;
766 2731 984 2793 essent,
1004 2726 1282 2800 quodque
1302 2742 1408 2799 per
1429 2726 1812 2800 phantasiam
1833 2728 2126 2784 vidissent

471 2830 609 2888 quas
647 2813 938 2881 viderant,
973 2818 1030 2871 et
1058 2814 1364 2872 audissent
1391 2831 1529 2889 qua:
1559 2815 1873 2872 audierant
1906 2816 2125 2888 (neque

473 2903 634 2960 enim
670 2903 837 2959 aliter
874 2908 1164 2977 tanquam
1211 2904 1674 2961 deliramentum
1717 2906 2127 2976 apparuissent

474 2991 907 3048 cordatioribus
945 2997 1002 3049 et
1041 2993 1527 3066 sapientioribus)
1572 3008 1694 3050 non
1730 2994 1977 3067 quievit,
2020 2996 2126 3050 sed

477 3081 608 3137 sola
620 3081 888 3154 protinus
899 3081 978 3139 ad
992 3087 1452 3139 monumentum
1472 3083 1748 3149 cucurrit,
1770 3099 1908 3139 cum
1928 3083 2128 3139 adhuc

474 3171 735 3227 tenebris
750 3175 966 3237 essent,
980 3172 1225 3244 opinata
1245 3171 1411 3245 quod
1442 3172 1641 3245 ipsum
1668 3172 1943 3228 clausum
1976 3176 2130 3228 esset

474 3265 798 3333 repertura.
822 3260 1043 3317 Videns
1073 3266 1274 3317 autem
1305 3260 1465 3335 quod
1497 3261 1768 3317 sublatus
1792 3266 1947 3317 esset
1971 3260 2126 3333 lapis

477 3367 513 3406 a
544 3355 957 3417 monumento,
1004 3350 1150 3407 nihil
1191 3350 1463 3407 meminit
1504 3365 1733 3415 eorum,
1782 3365 1917 3422 quae
1963 3350 2128 3423 prius

476 3438 632 3495 facta
678 3437 932 3505 fuerant,
968 3442 1173 3511 utpote
1214 3439 1652 3495 renuntiatione
1692 3455 1880 3511 quam
1924 3439 1999 3494 de
2038 3439 2130 3494 his

478 3528 716 3595 fecerat,
734 3544 770 3584 a
784 3527 1092 3601 discipulis
1109 3528 1432 3599 reprobata
1457 3544 1470 3582 :
1490 3528 1799 3599 suspicata
1820 3536 1907 3583 est
1927 3532 2129 3585 autem

481 3616 907 3687 transpositum
959 3631 1089 3671 esse
1134 3631 1353 3688 corpus
1394 3632 1431 3672 a
1482 3616 1702 3687 Joseph
1750 3616 1811 3671 in
1856 3616 2131 3672 tutiorem

481 3704 702 3760 locum.
736 3705 927 3759 Currit
950 3719 1093 3774 ergo
1117 3709 1174 3760 et
1198 3704 1357 3760 venit
1379 3703 1459 3760 ad
1489 3704 1795 3761 Simonem
1824 3706 2057 3761 Petrum
2079 3710 2134 3762 et

485 3792 563 3848 ad
603 3791 789 3847 alium
824 3790 1186 3865 discipulum
1215 3808 1398 3865 quem
1438 3792 1721 3863 diligebat
1748 3795 1937 3861 Jesus,
1971 3798 2027 3850 et
2056 3794 2135 3850 ait

483 3880 631 3935 illis:
673 3880 963 3937 Tulerunt
995 3880 1300 3937 Dominum
1321 3896 1514 3937 meum
1551 3882 1624 3937 de
1650 3889 2051 3953 monumento,
2080 3890 2133 3939 et

485 3969 776 4025 nescimus
803 3970 906 4025 ubi
939 3975 1259 4041 posuerunt
1306 3986 1460 4037 eum,
1506 3974 1639 4037 etc.,
1669 3987 1806 4044 quin
1858 3971 2135 4046 deinceps

486 4057 638 4115 facta
669 4063 828 4123 sunt,
862 4058 1010 4114 sicut
1039 4058 1276 4132 scripsit
1312 4060 1576 4116 Joannes
1601 4061 1670 4112 ³⁸.

2220 497 2306 552 οὖν
2354 505 2513 553 κακὸν
2554 504 2707 561 ὄντως
2757 502 2784 559 ἡ
2836 500 3169 575 φιλαργυρία,
3229 507 3319 552 καὶ
3360 500 3599 573 μεγάλων
3657 510 3789 549 κακῶν

2220 590 2380 644 αἰτία.
2440 595 2608 661 Λόγον
2659 586 2717 642 δὲ
2768 587 3189 662 διαφημισθὲδτα
3225 590 3380 662 λέγει,
3422 594 3510 641 τόν
3573 594 3690 660 περὶ
3724 598 3789 640 τοῦ

2220 679 2480 737 κλαπῆναι
2535 678 2708 732 αὐτὸν.
2768 679 2827 731 Ὀ
2886 676 2945 732 δὲ
2990 686 3181 741 Λουκᾶς
3241 684 3357 753 περὶ
3404 687 3506 730 τῶν
3567 687 3790 749 γυναικῶν

2223 767 2377 833 εἶπεν,
2435 770 2515 820 ὅτι
2585 774 2685 821 Καὶ
2756 769 3155 845 ὑποστρέψασαι
3229 768 3327 821 ἀπό
3398 776 3493 820 τοῦ
3551 773 3788 839 μνημείου,

2221 856 2540 929 ἀπήγγειλαν
2597 866 2763 910 ταῦτα
2809 861 2978 910 πάντα
3019 866 3127 920 τοῖς
3182 854 3365 911 ἕνδεκα
3418 863 3509 910 καὶ
3549 864 3681 909 πᾶσι
3713 865 3793 917 τοῖς

2221 944 2440 1011 λοιποῖς,
2485 950 2663 1018 ἤγουν,
2704 954 2812 1009 τοῖς
2857 946 3235 1021 ἐϐδομήκοντα.
3288 948 3416 999 Εἶτα
3456 945 3795 1020 ἀπαριθμιίται

2222 1038 2414 1096 ταύτας
2455 1035 2634 1107 λέγων·
2679 1035 2849 1088 Ἦσαν
2892 1034 2952 1089 δε
3010 1039 3037 1095 ἢ
3097 1032 3422 1107 Μαγδαληνὴ
3481 1040 3681 1110 Μαρία,
3730 1041 3796 1085 καὶ

2224 1124 2454 1190 Ἰωάννα,
2498 1129 2588 1176 καὶ
2629 1129 2810 1197 Μαρία
2866 1126 2943 1197 (7)
2998 1126 3029 1183 ἠ
3088 1122 3362 1192 Ἰακώϐου,
3414 1129 3504 1176 καὶ
3554 1125 3611 1175 αἱ
3656 1123 3795 1175 λοιπαὶ

2227 1216 2321 1266 σὺν
2401 1213 2602 1284 αὑταῖς,
2700 1214 2754 1266 αἱ
2829 1214 3001 1286 ἂεγον
3092 1217 3221 1287 πρὸς
3296 1217 3417 1275 τοὺς
3510 1213 3795 1274 ἀποστόλους

2223 1308 2411 1357 ταῦτα.
2446 1301 2601 1355 ’Λλλὰ
2637 1305 2905 1365 Ματθαῖος
2956 1306 3045 1374 μὶν
3088 1307 3288 1375 Μαρίαν
3335 1306 3429 1361 τήν
3472 1299 3797 1373 Μαγδαληνῇ

2224 1395 2315 1443 καὶ
2362 1396 2569 1458 Μαρίαν
2617 1396 2711 1450 τὴν
2753 1400 2844 1445 τοῦ
2894 1392 3142 1446 Ἰακώϐου
3196 1396 3284 1445 καὶ
3327 1392 3479 1450 Ἰωσῆ
3526 1391 3793 1465 ἀνέγραψτι·

2226 1480 2332 1550 οὐχ
2380 1480 2445 1541 ὡς
2486 1485 2666 1552 μόνας,
2705 1480 2812 1532 ἁλλ’
2856 1483 2921 1541 ὡς
2949 1480 3326 1555 έπισημοτέρας
3358 1488 3460 1532 τῶν
3488 1484 3585 1531 σὺν
3630 1479 3794 1537 αάταῐς·

2229 1572 2440 1643 Μάρκος
2498 1565 2559 1621 δὲ
2610 1575 2699 1621 καὶ
2746 1574 2840 1628 τὴν
2916 1570 3161 1642 Σαλώμην
3207 1566 3457 1628 ἐδήλωσε·
3514 1575 3710 1628 Λουκᾶς
3753 1565 3797 1619 δι

2228 1663 2323 1716 τὴν
2376 1662 2466 1730 μὲν
2517 1658 2761 1729 Σαλώμην
2818 1657 3167 1731 ἀνονόμαστον
3227 1657 3440 1730 ἀφῆκεν,
3491 1656 3716 1715 ἐδήλωσε
3755 1654 3798 1709 δι

2232 1748 2309 1819 (8)
2363 1752 2457 1806 τὴν
2512 1746 2769 1801 Ἰωάνναν⁸
2829 1751 3076 1823 προσθεὶς
3128 1745 3204 1811 δὲ,
3259 1751 3340 1800 ότι
3396 1753 3497 1801 Καὶ
3548 1750 3604 1800 αἱ
3657 1747 3800 1798 λοιπαι

2235 1840 2327 1889 σὺν
2368 1836 2568 1900 αὐταῖς,
2611 1836 2838 1909 ἐνέφηνεν
2870 1837 3031 1895 αὐτὴν
3062 1856 3116 1889 τε
3149 1844 3243 1895 τῆν
3284 1836 3532 1908 Σαλώμην
3563 1840 3654 1888 καὶ
3679 1836 3799 1894 ἄλλας

2231 1926 2394 1987 τινας.
2473 1928 2619 1979 Μετά
2684 1931 2858 1998 μέντοι
2930 1932 3025 1985 τὴν
3106 1926 3374 2000 εἰρημένην
3409 1934 3512 1977 τῶν
3581 1934 3802 1996 γυναικὼι

2235 2013 2618 2089 ἀπαρίθμησιν,
2680 2014 2911 2088 ἐπήγαγε
2984 2016 3137 2067 πάλιν
3208 2017 3234 2067 6
3309 2021 3541 2078 Λουκᾶς,
3597 2017 3673 2067 ὃτι
3727 2018 3802 2066 Καὶ

2234 2104 2495 2177 ἐφάνησαν
2524 2104 2734 2158 ἐνώπιον
2784 2106 2951 2158 αὐτῶν
2979 2110 3103 2158 ὡσεὶ
3126 2104 3277 2179 λῆρος
3307 2107 3372 2157 τὰ
3398 2106 3617 2179 ῥήματα
3648 2104 3801 2165 αὐτων,

2234 2199 2326 2246 καὶ
2352 2196 2606 2252 ἠπίστουν
2639 2193 2842 2257 αὐταῖς.

2308 2284 2569 2337 Ἐντεῦθεν
2626 2280 2716 2336 οὖν
2764 2286 3025 2359 ἄρχονται
3075 2285 3143 2336 τὰ
3192 2288 3311 2357 περὶ
3359 2288 3565 2355 Μαρίας
3625 2283 3693 2353 (9)
3731 2289 3806 2339 fi;

2234 2369 2611 2444 Μαγδαληνῆς,
2659 2372 2694 2425 ἀ
2739 2376 2891 2445 μότος
2920 2373 2946 2424 6
2988 2372 3225 2433 Ἰωάννης
3281 2376 3575 2447 ἱστόρησεν,
3637 2374 3699 2433 ὡς
3734 2373 3804 2420 καὶ

2234 2461 2370 2513 αὐτά
2428 2463 2537 2533 (10)
2606 2466 2677 2534 μὴ
2751 2463 3164 2534 μνημονιυθέντα
3243 2465 3385 2536 παρὰ
3454 2469 3567 2523 τοῖς
3644 2459 3804 2519 ἄλλοις.

2234 2551 2376 2604 Ἐπεὶ
2422 2553 2524 2624 γὰρ
2592 2552 2852 2624 ἐφάνησαν
2906 2550 3119 2603 ἐνώπιον
3186 2560 3283 2603 τῶν
3347 2550 3649 2603 ἀποστόλων
3707 2552 3805 2599 ὡσεὶ

2234 2638 2399 2711 λῆρος
2465 2644 2529 2692 τὰ
2597 2642 2809 2715 ῥήματα
2872 2648 2972 2692 τῶν
3025 2649 3305 2713 γυναικῶν·
3346 2640 3479 2697 αὕτη
3519 2640 3802 2709 λογισαμένῑ

2234 2730 2355 2781 καθ’
2430 2729 2639 2797 ἑαυτὴν,
2718 2732 2799 2782 ὃτι
2866 2731 3019 2793 ὄντως
3090 2731 3456 2799 ἠπατήθησαν,

2236 2822 2424 2871 τασίαν
2491 2816 2722 2889 ἰδοῦσαι,
2791 2821 2894 2871 ὅσα
2958 2816 3115 2886 εἶδον,
3188 2824 3279 2872 καὶ
3350 2817 3672 2886 ἀκούσασαι,
3730 2817 3808 2865 ὅσα

3535 2730 3671 2781 κατὰ
3712 2745 3809 2797 φαν-

2238 2913 2491 2967 ἤκουσαν.
2548 2908 2607 2961 οὗ
2663 2911 2764 2982 γὰρ
2810 2908 2870 2960 ἀν
2922 2912 3045 2961 ὡσεὶ
3100 2908 3253 2982 λῆρος
3317 2916 3485 2960 ταῦτα
3537 2916 3648 2968 τοῖς
3712 2924 3808 2956 aw-

2240 3004 2499 3073 ετωτέροις
2572 2997 2851 3069 ἐφάνησαν
2928 2998 3019 3050 οὐκ
3103 2999 3384 3072 ἠρέμησεν,
3466 2996 3570 3049 ἀλλ’

2239 3093 2367 3159 μόνη
2422 3084 2643 3162 ἔδραμεν
2704 3086 2888 3140 ἐπὶτὸ
2942 3094 3213 3161 μνημεῖον.
3256 3093 3473 3149 σκοτίας
3525 3090 3607 3139 ἔτι
3654 3090 3810 3147 οὔσης,

2238 3174 2597 3252 προσδοκῶσα
2653 3176 3004 3249 κεκλεισμένον
3086 3178 3246 3250 εὑρεῖν
3318 3176 3464 3229 αὐτὼ

3652 2994 3811 3047 αὐτίκα

3546 3178 3808 3245 θεασαμένη

2242 3265 2300 3321 δὲ
2356 3271 2440 3319 τὸν
2492 3266 2632 3319 λίθον
2689 3268 2907 3341 ἠρμένον
2972 3265 3027 3318 ἐκ
3073 3274 3164 3318 τοῦ
3226 3271 3503 3339 μνημείου,
3545 3261 3695 3317 οὐδἐν
3742 3265 3813 3323 μὲν

2241 3356 2536 3430 ἀνεμνήσθη
2650 3364 2749 3408 τῶν
2851 3360 3319 3431 προγεγενημένων,
3411 3359 3480 3415 ὡς

2240 3448 2536 3521 μασθείσης
2591 3452 2680 3507 τῆς
2748 3450 2863 3519 περὶ
2927 3445 3039 3517 (11)
3118 3444 3285 3496 αὐτῶν
3352 3443 3672 3515 ἀπαγγελίας
3732 3443 3811 3492 ντί

2242 3546 2340 3589 τῶν
2398 3537 2663 3609 μαθητῶν·
2715 3533 2935 3607 ὑμελαϐε
2981 3532 3040 3587 δε
3087 3535 3358 3606 μετατεθὲν
3403 3534 3517 3605 (12)
3575 3538 3634 3586 τό
3688 3540 3816 3601 σῶμα

2240 3628 2382 3699 παρὰ
2436 3632 2527 3677 τοῦ
2587 3624 2778 3695 Ἰωσὴφ
2836 3623 2907 3686 εἰς
2970 3627 3126 3676 τόπον
3192 3622 3598 3697 ἀσφαλέστερόν.
3653 3624 3814 3694 Τρέχεε

2244 3712 2351 3779 οὖν,
2400 3718 2489 3766 καὶ
2538 3716 2749 3786 ἔρχεται
2802 3716 2927 3787 πρὸς
2968 3717 3172 3784 Σίμωνα
3214 3716 3427 3787 Πέτρον,
3461 3717 3549 3764 καὶ
3598 3714 3722 3783 πρὸς
3746 3712 3815 3757 τόν

2244 3803 2392 3856 ἀλλον
2450 3805 2705 3875 μαθητὴν,
2749 3803 2802 3854 ὃν
2859 3800 3019 3875 ἐφίλει
3071 3802 3096 3853 6
3144 3802 3373 3863 Ἰησους,
3426 3806 3516 3853 καὶ
3567 3800 3698 3871 λέγει
3742 3796 3815 3847 αὖ·

2248 3901 2365 3955 τοῖς·
2431 3893 2596 3965 Ἥραν
2642 3895 2727 3944 τὸν
2782 3894 2971 3966 Κύριον
3019 3890 3072 3943 έκ
3130 3898 3221 3943 τοῦ
3277 3896 3555 3963 μνημείου,
3611 3894 3697 3941 καὶ
3742 3886 3818 3937 οὐκ

3590 3349 3812 3406 ἀποδοκι-

2246 3980 2461 4056 οἴδαμεν
2482 3991 2582 4035 που
2608 3984 2795 4039 ἔθηκαν
2827 3980 2999 4034 αὐτόν.
3027 3984 3126 4033 Καὶ
3146 3982 3211 4033 τὰ
3236 3980 3356 4044 ἑξῆς
3382 3984 3679 4052 γεγόνασιν,
3710 3980 3768 4035 ὡς
3800 3976 3819 4023 ό
3910 4020 3913 4056 λ

2246 4072 2484 4132 Ἰωάννης
2510 4072 2722 4132 ἔγραψε.

558 4069 638 4114 :ta
669 4069 828 4123 sunt,
862 4069 1010 4114 sicut
1039 4069 1276 4132 scripsu
1312 4069 1576 4116 Joannes
1601 4069 1670 4112 νυ.

558 4150 1037 4205 Demonstratum
1063 4153 1150 4204 est
1172 4148 1350 4217 igitur
1373 4165 1558 4206 unam
1579 4165 1708 4205 esse
1734 4149 1899 4222 apud
1926 4166 2131 4207 omnes

2246 4072 2484 4132 Ἰωάννης
2510 4069 2722 4146 ἔγραψε.

2319 4158 2587 4215 Δέδεικται
2649 4164 2817 4213 τοίνυν
2878 4160 3100 4232 ἁρμονία
3159 4163 3257 4231 μία
3332 4161 3479 4231 παρὰ
3542 4164 3676 4209 πᾶσι
3739 4160 3825 4210 τοῖς

484 4236 884 4308 evangelistas
905 4236 1312 4309 concordiam,
1335 4242 1391 4294 et
1409 4254 1627 4311 corpus
1645 4238 1905 4295 historias
1922 4255 2137 4310 unum,

485 4327 669 4385 rebus
706 4327 919 4383 scilicet
955 4328 1331 4384 convenienti
1368 4328 1576 4385 ordine
1611 4329 1924 4385 enarratis.
1966 4330 2138 4395 Quod

486 4417 649 4474 enim
687 4416 784 4473 hic
826 4416 1195 4488 evangelista
1225 4417 1525 4490 praeteriit,
1555 4417 1667 4473 hoc
1695 4417 1789 4474 ille
1814 4418 1897 4473 ita
1934 4418 2141 4476 divina

488 4507 843 4578 disponente
872 4507 1064 4577 gratia
1091 4505 1259 4571 dixit,
1286 4510 1351 4562 ut
1379 4504 1555 4562 etiam
1586 4505 1727 4563 hinc
1754 4506 2139 4563 manifestum

492 4610 623 4649 esse
649 4595 853 4665 possit,
885 4595 1046 4667 quod
1066 4610 1190 4651 non
1213 4610 1286 4651 ex
1312 4596 1644 4668 composito
1674 4600 1777 4651 aut
1798 4601 1973 4669 pacto
1995 4596 2143 4653 scri-

491 4682 739 4754 pserint.

569 4789 728 4844 Vers.
751 4790 838 4845 16.
879 4789 1155 4846 Undecim
1183 4807 1318 4848 vero
1341 4823 1408 4832 —
1431 4791 1757 4848 Galilaeam.
1786 4793 1919 4849 Non
1943 4793 2141 4850 statim

495 4876 771 4934 abierunt
813 4876 875 4933 in
914 4878 1232 4945 Galilteam,
1274 4880 1573 4955 siquidem
1615 4882 1674 4937 in
1705 4882 1837 4954 ipso
1882 4882 1980 4939 die
2020 4898 2141 4955 quo

2248 4250 2657 4323 εὐηγελισταίς,
2735 4254 2824 4301 καὶ
2898 4257 3050 4320 σῶμα
3127 4256 3225 4307 τῆς
3301 4249 3561 4321 ἱστορίας,
3644 4245 3711 4307 ἓν,
3760 4244 3830 4295 οἷα

2247 4350 2345 4393 τῶν
2400 4341 2571 4415 ῥητῶν
2620 4341 2757 4391 κατά
2808 4343 2900 4396 τὴν
2954 4342 3328 4409 προσήκουσαν
3391 4337 3535 4399 τάξιν
3602 4335 3829 4408 έρμηνεν

2250 4432 2451 4485 θέντων.
2501 4436 2566 4481 Ὀ
2609 4431 2709 4501 γὰρ
2756 4428 2901 4488 οὗτος
2938 4434 3166 4499 παρῆκεν
3206 4427 3232 4478 6
3272 4425 3665 4498 εὐαγγέλια-τὴς,
3696 4430 3831 4476 τοῦτο

2249 4520 2431 4581 ἐκεῖνος
2467 4518 2598 4572 εἶπεν
2632 4534 2645 4549 ·
2692 4518 2822 4570 οὕτω
2850 4526 2944 4578 τῆς
2975 4518 3110 4577 θείας
3147 4518 3373 4590 χάριτος
3408 4516 3831 4587 οἰκονομησάσκς,

2252 4614 2333 4663 ἶνα
2374 4609 2641 4662 κάντεῦθεν
2704 4612 2781 4666 έῖη
2855 4604 3032 4671 δῆλον,
3103 4608 3174 4668 ὡς
3233 4605 3327 4658 οὐκ
3393 4604 3448 4658 ἐκ
3515 4607 3834 4677 συνθήματος

2250 4700 2479 4775 ἔγραψαν
2494 4743 2506 4756 ο

2323 4792 2389 4842 Οἱ
2441 4786 2499 4842 δὲ
2546 4784 2729 4841 ἕνδεκα
2786 4818 2841 4829 -—
2920 4784 3215 4838 Γαλιλαίαν.
3270 4783 3381 4835 Ουκ
3433 4784 3580 4844 εὐθὺς
3644 4782 3834 4856 ἔπορε-5-

2254 4883 2439 4939 θησαν.
2475 4882 2577 4932 Καὶ
2618 4880 2717 4951 ’γὰρ
2764 4876 2811 4929 έν
2859 4876 2988 4949 αὐτῇ
3035 4882 3097 4947 τῇ
3149 4876 3339 4947 ἡμέρᾳ,
3394 4874 3509 4926 καθ’
3550 4874 3620 4932 ἦν
3666 4871 3834 4925 ἀνέστη

568 5056 612 5093 ⁹¹
673 5054 813 5113 Luc.
865 5072 1025 5125 xxxv,
1092 5061 1145 5115 9.
1197 5059 1245 5094 "
1286 5056 1432 5116 lbid.
1492 5060 1579 5115 10.
1636 5061 1683 5096 ⁸³
1742 5060 1937 5127 Matth,
1998 5075 2198 5125 xxvm,
2260 5060 2386 5127 t,”
2435 5060 2609 5115 Marc.
2664 5072 2781 5123 xiv,
2836 5056 2887 5109 1.
2938 5052 3078 5110 Luc.
3138 5069 3291 5109 xxxv.
3341 5057 3424 5109 10.
3474 5054 3520 5087 ⁸⁸
3563 5051 3717 5109 ibid.
3766 5051 3836 5103 lt.

496 5146 540 5181 ’⁷
573 5144 746 5203 Joan.
767 5161 868 5213 xx,
902 5147 1120 5221 iseqq.
1199 5147 1247 5184 ’⁸
1274 5147 1424 5204 Ibid.
1458 5148 1490 5203 2
1524 5165 1692 5221 seqq.

1716 5325 1939 5396 Variae
1968 5326 2295 5395 lectiones
2324 5336 2390 5394 et
2419 5335 2623 5393 notae.

624 5521 646 5735 ξ

564 5521 645 5593 (7)
672 5518 753 5593 Ἦ,
791 5519 1067 5593 abestA.

2322 5522 2436 5593 (10)
2474 5525 2577 5586 Μή,
2610 5517 2909 5593 omittitB.

564 5590 646 5735 $8;
676 5590 798 5660 κάε,
838 5591 1007 5650 addit
1042 5595 1109 5649 Α.
2323 5593 2373 5735 ἕ1
2388 5590 2438 5657 1)
2481 5594 2604 5665 Περὶ
2633 5590 2787 5643 αὐτὸν
2818 5592 2887 5645 Α.

592 5668 623 5720 9
685 5667 908 5735 Μαρίας,
946 5663 1117 5723 abest
1150 5664 1218 5720 Α.
2348 5663 2435 5735 12)
2473 5663 2834 5718 Μετᾱτεθεῖναι
2856 5663 2887 5717 Α

592 5663 646 5735 9)
685 5667 908 5739 Μαρίας,
946 5663 1117 5723 abest
1150 5664 1218 5720 Α.
2323 5663 2435 5735 (12)
2473 5663 2834 5718 Μετᾰτεθεῑναι
2856 5663 2923 5717 Α.
