3922 6200
142 253 217 308 ’161
981 253 1352 310 COMMENT.
1395 253 1463 308 IN
1501 246 1937 307 MATTHEUM.
1979 281 2048 292 —
2087 252 2241 308 CAP.
2288 253 2538 309 XXVIII.

141 407 182 455 ὲκ
241 411 454 475 νεκρῶν,
525 407 670 477 ὤφθη
752 407 946 472 αὐτοῖς,
1018 403 1165 458 οὖσιν
1259 407 1332 458 ἔτι

143 491 313 565 σαλήμ.
397 497 502 546 Καὶ
589 501 741 547 τοῦτο
815 493 1123 568 ἐμφαίνουσι
1192 498 1283 566 μὲν
1335 498 1426 546 καὶ
1502 493 1714 566 Μάρκος

140 585 208 632 καὶ
279 586 515 643 Λουκᾶς,
601 588 948 660 Φανιρώτερον
1032 581 1091 638 δέ
1173 586 1367 636 τούτων
1439 584 1714 655 ἱστόρησεν

138 671 379 732 Ἰωάννης.
447 675 590 724 Μετά
661 676 763 745 γὰρ
821 677 881 726 τὸ
945 673 1276 746 ὑποστρέψαι
1331 676 1462 748 πρὸς
1528 670 1716 731 αὐτοὺς

141 764 318 832 Μαρίαν
374 763 466 818 τὴν
515 757 891 832 Μαγδαληνὴν,
952 767 1112 836 φησὶν
1178 764 1258 814 ὅτι
1319 760 1498 824 ob“;
1563 759 1715 832 ὀψίας

229 849 401 923 ἡμέρᾳ
447 847 635 923 ἐκείνῃ,
692 860 755 924 τῇ
817 857 915 924 μιᾷ
971 861 1071 904 τῶν
1121 849 1414 919 Σαϐϐάτων,
1472 855 1562 904 καὶ
1615 859 1714 903 τῶν

145 939 281 1011 Θυρῶν
382 937 772 1012 κεκλεισμένων,
870 941 999 994 ὅπου
1095 940 1231 1000 ἦσαν
1333 942 1382 994 οἱ
1479 941 1714 1013 μαθηταὶ

148 1027 548 1102 συνηθροισμένοι
630 1028 743 1100 (I3)
825 1026 918 1082 διὰ
995 1034 1082 1084 τὸν
1159 1029 1313 1104 φόϐον
1393 1037 1496 1082 τῶν
1577 1030 1713 1083 ἰου-

153 1112 303 1181 ialm,
367 1113 519 1175 ἦλθεν
572 1117 599 1169 ὁ
659 1117 862 1181 Ἰησοῦς
921 1124 1011 1172 καὶ
1067 1121 1192 1177 ἐστη
1267 1118 1338 1182 si;
1403 1122 1461 1172 τὸ
1531 1123 1709 1192 μέσον,

154 1209 222 1256 καὶ
265 1203 390 1276 λέγει
442 1204 638 1272 αὐτοῖς,
695 1206 888 1281 Εἰρήνη
943 1209 1090 1282 ὑμῖν,
1163 1212 1264 1262 Καὶ
1319 1215 1474 1260 τοῦτο
1534 1207 1708 1273 ιίπὼν,

154 1289 311 1356 ἔδειξεν
356 1293 534 1358 αὐτοῖς
581 1296 676 1358 τάς
723 1303 910 1371 χεῖρας
956 1302 1046 1350 καὶ
1089 1302 1184 1356 τὴν
1236 1297 1458 1371 πλευρὰν
1498 1300 1708 1371 Κύριον,

150 1387 215 1433 καὶ
238 1384 300 1434 τά
327 1381 464 1445 ἑξῆς.

197 1470 345 1530 Δῆλον
381 1469 494 1541 οὖν,
535 1473 616 1526 ὅτι
650 1473 864 1550 ὕστερον
909 1474 1265 1550 ἐπορεύθησαν
1313 1475 1380 1537 εἰς
1417 1479 1512 1534 τήν
1552 1475 1709 1528 Γαλι-

141 1559 283 1613 λαίαν.
357 1561 468 1613 Οὐκ
525 1560 781 1633 ἐψαύσατο
857 1561 935 1632 δέ,
1009 1567 1182 1627 καθὼς
1254 1564 1484 1627 ἀνοήτως
1547 1565 1710 1636 ἔλεγεν

139 1649 491 1724 ὀπαραϐάτης
545 1651 836 1717 Ἰουλιανὸς,
887 1652 935 1706 ἐν
988 1662 1048 1726 τῇ
1110 1653 1358 1726 Γαλιλαίᾳ
1407 1657 1498 1728 μέν
1543 1654 1710 1727 ὀφθῆ-

3376 259 3480 314 ’162

1415 403 1463 456 ἐν
1532 403 1708 474 Ἰερου-

1882 403 2141 460 surrexit
2195 420 2232 461 a
2288 406 2537 463 mortuis
2581 405 2740 464 visus
2794 413 2883 464 est
2927 410 3032 474 eis,
3090 425 3226 466 cum
3282 415 3482 466 essent

1825 489 2025 546 adhuc
2051 491 2494 567 Hierosolymis.
2537 494 2605 552 Et
2637 496 2745 552 hoc
2784 513 2923 553 sane
2954 500 3175 554 Marcus
3205 502 3262 554 et
3291 498 3480 554 Lucas

1821 580 2144 636 ostendunt
2190 584 2238 617 ⁸⁸
2275 603 2287 647 ;
2332 583 2701 640 manifestius
2740 589 2942 642 tamen
2980 585 3070 641 his
3109 585 3344 658 scripsit
3387 589 3481 642 Jo-

1823 682 2032 724 annes.
2064 669 2384 744 Postquam
2415 673 2576 730 enim
2599 672 2676 728 ad
2698 673 3027 746 discipulos
3057 689 3296 730 reversa
3325 681 3482 732 esset

1823 757 2014 813 Maria
2040 758 2406 828 Magdalene,
2439 761 2521 818 ait
2551 778 2568 816 :
2611 761 2760 818 Cum
2791 768 2932 820 esset
2963 778 3088 820 sero
3125 763 3218 820 die
3243 763 3349 819 illo
3373 764 3483 836 qui

1823 853 1944 902 erat
1980 863 2130 902 unus
2165 847 2572 917 Sabbatorum,
2613 857 2667 907 et
2703 853 2858 921 [ores
2887 859 3066 908 essent
3105 854 3338 916 clausae.
3377 852 3484 908 ubi

1823 941 1992 992 erant
2021 934 2290 1008 discipuli
2325 940 2688 1009 congregati,
2725 947 2968 1010 prapter
3003 948 3224 997 metum
3254 940 3480 996 Iudaeo-

1822 1041 1953 1081 rum
1981 1046 1993 1078 :
2017 1026 2174 1082 venit
2191 1025 2378 1092 Iesus,
2399 1029 2668 1101 stetitque
2678 1030 2738 1084 in
2756 1029 2967 1092 medio.
2982 1034 3034 1086 et
3055 1029 3142 1086 ait
3165 1030 3288 1085 illis
3313 1047 3326 1084 :
3346 1031 3481 1086 Pas:

1823 1113 2006 1170 vobis.
2032 1114 2296 1187 Cumque
2313 1115 2418 1173 hoc
2427 1117 2687 1182 dixisset,
2701 1118 2951 1174 ostendit
2975 1118 3053 1175 eis
3072 1132 3285 1175 manus
3301 1132 3374 1174 ac
3397 1118 3481 1174 la-

1825 1207 1918 1258 tus
1935 1218 2130 1261 suum.
2163 1205 2362 1262 Gavisi
2377 1213 2510 1263 sunt
2542 1221 2678 1278 ergo
2708 1206 2993 1277 discipuli
3023 1208 3144 1264 viso
3165 1205 3414 1262 Domino
3435 1207 3477 1259 ί.

1891 1451 2268 1510 Manifestum
2305 1457 2392 1510 est
2427 1454 2650 1528 itaque,
2689 1455 2856 1527 quod
2893 1454 3286 1526 postmodum
3323 1454 3483 1512 abie-

1819 1545 1961 1596 runt
1977 1542 2037 1597 in
2060 1541 2385 1601 Galilaeam.
2407 1546 2533 1600 Non
2555 1548 2754 1600 autem
2782 1544 3062 1601 mentitus
3083 1549 3168 1600 est
3189 1542 3478 1611 Christus,

1820 1630 1988 1702 quod
2026 1631 2199 1688 stulte
2237 1631 2383 1689 dixit
2414 1638 2686 1706 Apostata
2716 1633 3005 1699 Julianus,
3047 1633 3219 1706 quasi
3261 1633 3482 1706 promi-

136 1758 200 1790 ναι
255 1717 362 1800 τοῖς
408 1742 672 1812 μαθηταῖς
720 1717 1172 1816 έπαγγιιλοίμλενος,
1231 1742 1279 1795 ἐν
1335 1717 1708 1818 ἐῐεροσολόμοις

1882 1717 1968 1774 irit
1989 1734 2053 1776 se
2081 1719 2143 1775 in
2170 1719 2411 1777 Galilaea
2440 1721 2762 1778 videndum
2793 1737 2948 1787 esse,
2980 1727 3037 1777 et
3063 1721 3480 1794 Hierosolymis

137 1823 183 1880 δέ
244 1832 453 1892 τούτοις
529 1829 720 1903 ὀφθείς·
793 1830 900 1884 ἀλλ’
967 1832 1234 1908 ἐπλήρωσε
1289 1835 1380 1904 μὲν
1453 1839 1543 1886 καὶ
1616 1838 1712 1893 τὴν

135 1920 359 1976 τοιαύτην
417 1917 744 1991 ἐπαγγιλίαν,
798 1921 966 1996 ὀφθεὶς
1018 1923 1193 1985 αὐτοῖς
1248 1923 1463 1996 ὕστερον
1528 1921 1579 1975 ἐν
1644 1930 1706 1995 τῇ

133 2005 379 2079 Γαλιλαίᾳ·
428 2004 734 2082 ἐδωρήσατὸ
770 2007 830 2064 δὶ
873 2017 964 2064 καὶ
1002 2011 1176 2088 ἑτέραν
1222 2015 1404 2088 χάριν,
1449 2031 1712 2086 προεμφα-

130 2097 299 2156 νισθεὶς
351 2097 531 2160 aurei;
577 2097 627 2150 ἐν
681 2099 1074 2174 Ἰεροσολύμοις,
1127 2103 1210 2154 ἶνα
1262 2108 1352 2154 καὶ
1407 2106 1502 2161 τὴν
1542 2101 1708 2161 λύπην

131 2182 277 2236 αὐτῶν
322 2184 480 2255 λύση,
534 2191 621 2240 καὶ
664 2186 932 2264 βεϐαιώσῃ
987 2194 1106 2253 τοὺς
1153 2190 1338 2264 λόγους
1384 2200 1484 2245 τῶν
1530 2212 1709 2265 γυναι-

131 2281 231 2340 κῶν,
273 2278 491 2328 καὶτῶν
539 2275 701 2330 ἄλλων
744 2287 844 2330 τῶν
891 2276 1104 2333 ἰδόντων
1148 2280 1304 2333 αὐτόν
1348 2281 1704 2358 ἐγηγερμένον.

187 2362 239 2413 Ὀ
266 2365 357 2436 μὶν
400 2360 491 2416 οὖν
533 2369 799 2428 Ματθαίος
837 2376 1040 2443 παρῆκε
1077 2373 1142 2422 τὰ
1180 2375 1344 2444 μέχρι
1381 2379 1474 2424 τοῦ
1517 2391 1708 2444 πορευ-

131 2452 265 2509 Θῆνοι
311 2456 436 2516 τοὺς
481 2457 721 2527 μαθητάς
772 2457 845 2520 εἰς
891 2462 985 2516 τὴν
1033 2457 1327 2512 Γαλιλαὶαν’
1375 2462 1424 2513 οἱ
1468 2457 1518 2513 δ’
1566 2459 1712 2513 ἄλλοι

130 2541 476 2614 εὐαγγελισταὶ
539 2550 628 2598 καὶ
685 2553 852 2600 ταῦτα
907 2548 1235 2624 συνέγραψαν
1296 2550 1430 2622 (ΗΥ
1497 2551 1712 2625 Μάρκος

127 2634 204 2700 μὲν
267 2630 647 2708 ἐπιτομότιρον³
717 2642 925 2700 Λουκᾶς
995 2634 1074 2705 δέ,
1139 2638 1475 2713 πλατύτερον·
1542 2641 1710 2693 Ἰωάν·

127 2737 203 2781 της
235 2717 308 2786 δί,
339 2717 787 2798 διεξοδικώτερον.

188 2808 274 2870 Εἰς
330 2839 394 2851 -
454 2812 680 2874 Ἰησοῦς.
749 2815 828 2868 Οὖ
889 2813 1100 2880 ἐτάξατο
1164 2817 1362 2886 αὐτοῖς,
1430 2817 1540 2872 ἀντὶ
1595 2828 1707 2886 τοῦ,

123 2895 281 2953 Ὀπου
351 2898 626 2956 ἐνετείλατο
703 2903 878 2967 αὐτοῖς
949 2902 1043 2959 διὰ
1115 2916 1215 2960 τῶν
1279 2918 1560 2980 γυναικῶν,
1645 2912 1710 2971 ὡς

124 2992 434 3060 προείρηται,
495 2995 828 3065 πορευθῆναι·
910 2999 940 3054 ἤ
1003 2998 1130 3050 ὅπου
1188 2999 1452 3072 ὑπέσχετο
1509 2999 1707 3066 αὐτοῖς,

1823 1822 1886 1862 se
1912 1806 1997 1863 eis
2035 1807 2360 1866 videndum
2395 1809 2734 1882 praebuerit.
2776 1810 2892 1866 Sed
2931 1816 2988 1866 et
3025 1811 3140 1866 hoc
3168 1811 3482 1882 complevit

1822 1895 2206 1968 promissum,
2249 1899 2416 1954 visus
2453 1897 2532 1955 ab
2561 1897 2644 1955 eis
2675 1898 3058 1971 postmodum
3097 1899 3157 1954 in
3196 1898 3477 1966 Galilma;

1821 1982 2071 2041 donavit
2092 1991 2294 2042 autem
2325 1991 2380 2042 et
2408 1986 2655 2044 alteram
2683 1987 2956 2056 gratiam,
2988 1986 3156 2060 prius
3187 1988 3271 2044 eis
3299 2003 3478 2060 appa-

1818 2087 1958 2128 rens
1987 2073 2431 2148 Hierosolymis,
2455 2081 2518 2132 ut
2546 2080 2603 2132 et
2627 2091 2946 2132 mmrorem
2966 2091 3174 2132 eorum
3203 2075 3474 2144 solveret,

1820 2166 1878 2218 et
1912 2161 2234 2219 mulierum
2275 2163 2459 2220 verba
2497 2164 2889 2231 conﬁrmaret,
2931 2163 3332 2239 aliorumque,
3371 2163 3478 2238 qui

1818 2266 1960 2308 eum
1998 2251 2269 2309 viderant
2296 2258 2621 2327 postquam
2660 2257 3084 2310 resurrexerat.

1892 2339 2194 2398 Matthmus
2218 2356 2362 2412 ergo
2378 2342 2656 2414 praeteriit
2672 2359 2742 2399 ea
2763 2359 2897 2416 quas
2919 2341 3266 2399 acciderunt.
3285 2341 3478 2399 donec

1821 2427 2045 2485 abirent
2083 2428 2358 2502 discipuli
2397 2431 2459 2486 in
2508 2429 2847 2499 Galilaeam;
2889 2433 3083 2488 cteteri
3125 2447 3264 2488 vero
3303 2447 3478 2488 evan-

1821 2517 2049 2590 gelista
2086 2519 2266 2574 etiam
2295 2518 2394 2576 illa
2423 2521 2941 2592 conscripserunt;
2975 2523 3201 2577 Marcus
3239 2520 3478 2593 quidem

1819 2606 2100 2676 brevius;
2132 2606 2326 2664 Lucas
2352 2612 2554 2665 autem
2579 2608 2791 2676 latius;
2822 2609 3083 2667 Joannes
3105 2623 3248 2665 vero
3278 2609 3479 2666 adhuc

1823 2696 2035 2752 fusius.

1891 2803 2056 2861 Vers.
2101 2804 2187 2859 16.
2216 2803 2288 2859 In
2318 2834 2387 2844 —
2413 2803 2598 2862 Iesus.
2643 2805 2715 2860 In
2744 2820 2860 2877 quo
2891 2803 3192 2862 constituit
3223 2803 3324 2869 eis,
3366 2803 3478 2860 hoc

1818 2894 1926 2956 est,
1968 2891 2074 2948 Ubi
2113 2907 2221 2964 per
2258 2891 2538 2949 mulieres
2596 2893 2875 2966 praecepit
2915 2893 3000 2949 eis
3041 2897 3104 2950 ut
3141 2891 3480 2966 proﬁcisce-

1817 2985 2038 3046 rentur,
2073 2980 2226 3038 sicut
2263 2981 2613 3054 prredictum
2646 2988 2774 3049 est;
2815 2981 2908 3040 vel
2946 2981 3050 3038 ubi
3091 2981 3363 3055 promisit
3391 2981 3476 3038 eis

125 3077 198 3129 ὅτι
263 3074 382 3143 εἰπε,
456 3081 569 3153 (I5)
646 3086 790 3137 Μετὰ
870 3089 928 3138 τό
1014 3085 1287 3161 ἐγερθῆναί
1324 3069 1423 3162 νέμε
1499 3089 1706 3164 προάξω

1882 3069 2066 3126 tando
2092 3069 2238 3126 dixit
2269 3087 2282 3126 :
2316 3071 2642 3142 Postquam
2671 3078 2864 3128 autem
2894 3086 3295 3138 resurrexero,
3321 3085 3476 3141 prac-

126 3167 250 3237 sua;
287 3167 354 3230 εἰς
409 3174 500 3228 τὴν
545 3171 842 3231 Γαλέλαὶαν.
899 3175 999 3230 Καὶ
1035 3181 1138 3248 μὴν
1174 3177 1242 3240 εἰς
1284 3178 1381 3238 τήλ
1431 3179 1706 3234 Γαλιλαίαν

281 3255 490 3321 ἐτάξατο
548 3260 723 3324 αὐτοῖς
772 3267 1100 3338 πορευθῆναι,
1153 3273 1272 3342 περὶ
1318 3265 1378 3321 δὲ
1421 3279 1512 3323 τοῦ
1560 3271 1708 3344 ὄρους

127 3341 267 3398 οὐδ’ἐν
319 3345 727 3421 ἀναγέγραπται.
793 3353 932 3412 Πλὴν
998 3355 1134 3420 rixo;
1199 3359 1227 3417 ἦ
1297 3358 1454 3412 εἰπεῖν
1512 3360 1706 3424 αὐτοῖς,

127 3437 152 3490 ἦ
184 3438 406 3506 μηνύσαι
447 3444 539 3491 καὶ
576 3446 692 3514 περὶ
732 3445 919 3496 τούτου
951 3441 1044 3497 διά
1081 3453 1182 3498 τῶν
1219 3457 1500 3518 γυναικῶν,
1546 3450 1590 3502 si
1618 3455 1708 3502 καὶ

129 3527 191 3591 μὴ
239 3522 640 3600 ἀναγέγραπται.
691 3529 884 3594 Ἄλλως
933 3551 987 3586 τι
1035 3529 1095 3586 δὲ
1131 3536 1223 3587 καὶ
1265 3539 1483 3600 σύνηθές
1530 3538 1709 3600 αὐτοῖς

131 3605 183 3666 ἦν
239 3611 408 3667 ἐκειῖνο
481 3621 541 3668 τό
608 3617 743 3691 ὅρος.
819 3621 959 3674 Ἐκεῖ
1015 3626 1118 3698 γὰρ
1175 3624 1408 3696 μάλιστα
1469 3623 1564 3681 διὰ
1613 3632 1708 3686 τήν

125 3701 344 3772 ἡσυχίαν
373 3704 668 3766 ηὖλιζοντο.

197 3796 287 3843 Καὶ
363 3789 562 3858 ἰδόντας
641 3828 712 3838 —
793 3798 954 3870 αὐτῷ.
1025 3798 1246 3865 Ἰδόντες
1321 3805 1496 3874 αὐτὸν,
1583 3807 1704 3862 ἐκεῖ·

127 3879 356 3951 xposth
380 3885 506 3957 γάρ.

194 3970 254 4019 Oi
297 3966 354 4023 δέ
393 3968 702 4029 ἐδίστασαν.
750 3980 895 4040 Τινὶς
941 3975 1002 4032 δέ
1048 3979 1214 4033 αὐτῶν
1262 3979 1550 4038 ἐδίστασαν
1589 3993 1708 4062 περὶ

128 4055 642 4145 αὐτοῦὶῳοϐοὐμενοι
683 4069 776 4124 τὴν
822 4065 1040 4126 πλάνην.
1100 4074 1216 4145 Χρή
1279 4069 1339 4125 δὲ
1384 4077 1456 4145 μὴ
1511 4055 1704 4144 Curti-.0,

127 4147 248 4206 τένις
287 4143 418 4205 ἦσαν
460 4151 626 4204 curer
677 4160 1030 4214 σεσιώπηνται
1073 4143 1198 4230 γάρ·
1248 4143 1402 4233 μόνον
1451 4159 1509 4216 δί
1553 4143 1706 4235 γινώέ

132 4249 277 4361 ἔχειν,
337 4238 413 4289 ὅτι
466 4245 557 4293 καὶ
598 4241 743 4295 οὗτοι
799 4245 1168 4318 προσελθόντος
1221 4250 1339 4320 (17)
1386 4251 1562 4315 αὐτοῖς
1606 4252 1710 4307 ἐϐε-

147 4325 417 4361 manu...

141 4325 436 4383 ἱαιὼθησαν,

203 4521 293 4609 καὶ
351 4519 433 4574 ἐπὶ
484 4531 601 4593 γῆς.
662 4521 856 4586 Ἐδόθη
905 4547 1018 4600 μοι,
1073 4534 1252 4603 φησὶν,
1307 4535 1376 4595 ὡς
1433 4533 1706 4609 ἀνθρώπῳ,

135 4604 194 4660 ἣν
216 4602 366 4677 εἶχον,
395 4611 465 4672 ὡς
500 4615 649 4674 Θέός.

201 4802 512 4874 Πορευθέντες
586 4837 655 4846 -
739 4809 877 4867 ἔθνη.
958 4817 1033 4884 Τῇ
1113 4807 1325 4888 δοθείσῃ
1401 4835 1492 4888 μοι
1567 4815 1706 4882 ἐξου-

1817 3160 2019 3217 cedam
2044 3175 2143 3216 vos
2161 3162 2222 3214 in
2244 3159 2552 3217 Galilaeam
2573 3163 2614 3216 ³.
2631 3160 2881 3234 Atquiin
2904 3161 3206 3219 Galilieam
3228 3160 3475 3234 quidem

1817 3247 2117 3305 constituit
2139 3247 2255 3303 illis
2283 3253 2346 3305 ut
2369 3247 2634 3314 abirent;
2663 3249 2734 3305 de
2760 3254 2961 3306 monte
2988 3264 3128 3305 vero
3153 3247 3299 3304 nihil
3331 3247 3476 3304 scri-

1816 3342 1987 3410 ptum
2016 3343 2122 3394 est.
2150 3337 2472 3395 Verisimile
2495 3341 2800 3395 esttamen
2825 3344 2881 3395 et
2901 3338 2976 3394 de
2995 3339 3110 3394 hoc
3137 3337 3224 3396 vel
3255 3337 3474 3394 dixisse

1817 3426 1952 3492 illis,
1979 3425 2250 3483 velnunc
2272 3441 2378 3499 per
2396 3427 2672 3484 mulieres
2699 3427 3088 3498 signiﬁcasse,
3118 3441 3472 3500 quanquam

1818 3515 2102 3588 scriptum
2146 3531 2270 3572 non
2310 3516 2402 3572 sit.
2447 3519 2731 3572 Praeterea
2785 3515 3093 3573 familiaris
3131 3515 3310 3572 etiam
3361 3513 3474 3570 illis

1818 3610 1944 3662 erat
1995 3621 2171 3661 mons
2203 3606 2342 3675 iste;
2399 3604 2482 3662 ibi
2531 3604 2692 3662 enim
2731 3610 2976 3679 propter
3028 3605 3290 3679 quietem
3348 3619 3474 3662 ma-

1817 3695 1979 3752 xime
2016 3695 2428 3752 versabantur.

1887 3804 2050 3859 Vers.
2100 3803 2188 3859 16.
2243 3802 2503 3876 Cumque
2549 3802 2828 3860 vidissent
2868 3833 2935 3846 -
2988 3817 3140 3860 eum.
3197 3804 3345 3860 Cum
3391 3800 3477 3859 vi-

1816 3892 2044 3949 dissent
2072 3891 2237 3949 illum
2269 3891 2352 3948 ibi
2385 3909 2397 3948 :
2431 3908 2532 3948 eos
2561 3892 2724 3950 enim
2751 3891 2973 3950 ibidem
2997 3895 3402 3965 praecesserat.

1889 3984 2050 4038 Vers.
2069 3983 2154 4038 17.
2172 3982 2420 4050 Quidam
2445 3997 2582 4039 vero
2595 3982 3042 4039 dubitaverunt.
3060 3982 3316 4048 Quidam
3333 3995 3476 4037 vero

1818 4085 2026 4126 eorum
2078 4068 2504 4127 dubitaverunt
2541 4069 2616 4127 de
2663 4069 2819 4142 ipso,
2863 4070 3136 4127 timentes
3187 4083 3471 4126 errorem.

1818 4161 1943 4216 Non
1999 4162 2200 4216 autem
2239 4174 2501 4230 quaerere
2549 4163 2781 4230 oportet
2819 4159 3071 4231 quinam
3112 4157 3166 4212 hi
3218 4156 3474 4221 fuerint;

1820 4263 1963 4304 nam
2015 4246 2246 4304 silentio
2301 4247 2577 4319 praeteriti
2643 4251 2800 4303 sunt.
2865 4245 2981 4302 Sed
3029 4245 3176 4300 scire
3240 4247 3473 4300 tantum

1819 4339 2073 4408 oportet,
2102 4335 2269 4407 quod
2286 4341 2340 4391 et
2360 4334 2442 4402 hi,
2464 4349 2602 4390 cum
2624 4333 2975 4390 accessisset
2993 4332 3074 4390 ad
3094 4333 3260 4404 ipsos
3278 4331 3471 4396 Jesus,

1740 4444 1789 4502 ι)
1820 4423 2158 4482 conﬁrmati
2187 4429 2346 4480 sunt.

1891 4533 2046 4588 νοτε.
2090 4531 2175 4588 18.
2217 4531 2293 4586 Et
2322 4560 2392 4572 —
2426 4529 2488 4584 in
2527 4535 2711 4586 terra.
2744 4530 2891 4585 Data
2918 4531 3013 4584 est
3048 4526 3216 4593 mihi,
3257 4526 3472 4600 inquit,

1816 4627 2109 4695 tanquam
2159 4619 2411 4685 homini,
2451 4622 2718 4691 potestas
2767 4633 2952 4692 quam
2990 4616 3297 4676 habebam
3349 4623 3477 4676 tan-

1816 4726 2003 4786 quam
2037 4710 2210 4767 Deus.

1886 4818 2048 4874 Vers.
2084 4819 2170 4875 19.
2193 4817 2416 4874 Euntes
2434 4845 2498 4857 —-
2519 4820 2734 4887 gentes.
2755 4814 2820 4870 In
2842 4813 2984 4872 data
3005 4815 3152 4872 mihi
3180 4819 3474 4889 potestate

137 4889 218 4957 σίᾳ
244 4889 550 4977 θαρροῦντες.
587 4897 766 4949 Πάντα
808 4898 924 4970 (18)
956 4895 1015 4952 δέ
1042 4903 1108 4953 τὰ
1145 4903 1262 4961 ἔθνη
1311 4905 1486 4974 εἰπών,
1525 4913 1703 4962 καὶτὸ

1882 4909 2100 4965 luciam
2125 4907 2435 4964 habentes.
2479 4905 2687 4961 Dicens
2727 4908 2929 4960 autem
2973 4926 2986 4959 :
3023 4904 3225 4962 Omnes
3253 4913 3472 4977 gentes,

133 4981 221 5024 τῶν
260 4976 495 5053 Ἐϐραίων
535 4988 684 5055 γένος
726 4982 978 5045 ἐδήλωσε.
1036 4993 1136 5043 Καὶ
1185 4994 1331 5065 παρά
1375 5001 1447 5066 τῷ
1500 4999 1698 5073 Μάρκῳ

197 5130 238 5164 ’⁹
268 5133 432 5192 lare.
462 5152 581 5205 xvx,
618 5137 720 5204 14;
752 5137 894 5195 Luc.
920 5155 1082 5208 xxiv,
1114 5145 1203 5201 36.

1318 5147 1335 5182 ¹
1363 5147 1535 5206 Joan.
1565 5167 1668 5220 xx,
1702 5153 1790 5220 19,
1821 5153 1916 5211 20.

1811 4997 1996 5057 etiam
2043 4995 2427 5054 Hebraaorum
2482 5008 2672 5064 genus
2728 4991 3110 5064 signiﬁcavit.
3165 4996 3473 5070 Siquidem

2029 5154 2051 5188 ³
2075 5147 2274 5208 Matth.
2307 5161 2465 5214 xxvr,
2491 5146 2582 5201 32.

1337 5270 1554 5344 Varias
1581 5275 1910 5346 lectiones
1943 5285 2010 5343 et
2038 5283 2242 5342 notas.

325 5406 652 5480 ξγνηγμένρι,
685 5417 797 5476 pro
832 5406 1286 5480 συνηθροισμένοι.
1318 5411 1384 5480 Α,
1415 5419 1593 5474 recte.

217 5468 300 5540 14)
337 5468 548 5530 Horum
580 5468 717 5531 loca
739 5476 925 5533 modo
954 5468 1160 5536 notata
1187 5487 1345 5540 sunt.

190 5540 302 5619 αξ)
333 5548 445 5619 ξρτι
482 5544 808 5619 interponit
842 5551 910 5604 Α.

190 5608 302 5683 (is)
333 5614 450 5685 us,
478 5608 800 5692 interponit
824 5621 894 5675 A.

1897 5417 2011 5491 (t7)
2060 5413 2438 5491 Προσελθὸντές
2470 5415 2538 5478 Α,
2603 5411 2780 5470 male.
2827 5414 3218 5491 Προσελθὸντος,
3259 5409 3467 5472 δηλαδὴ

1814 5485 1914 5543 τοῦ
1929 5485 2006 5546 ’Ῑη
2016 5485 2115 5540 σοῦ’
2141 5485 2337 5549 αὐτοῖς.

1890 5561 2004 5632 (te)
2034 5562 2114 5627 Δέ,
2147 5557 2365 5617 omittit
2384 5558 2450 5613 A.
