3922 6200
501 147 605 209 743

503 368 761 441 petebat,
794 368 851 421 in
875 381 995 438 qua
1025 378 1143 419 non
1169 362 1379 417 licebat
1405 362 1482 417 ad
1510 369 1958 419 monumentum
1986 380 2152 421 acce-

502 459 662 513 dere.
694 456 878 511 Judaai
910 454 1068 509 enim
1108 467 1396 523 vesperan
1442 452 1597 507 illius
1632 451 1983 509 Parasceves
2019 472 2148 511 ma—

500 547 658 602 xime
682 542 1061 599 honorabant
1090 557 1208 596 non
1235 540 1429 596 solum
1453 547 1736 612 tanquam
1769 541 2011 598 Sabbati
2035 542 2146 599 fes-

500 640 626 690 tum
653 631 1015 705 praecedens,
1050 631 1154 686 sed
1173 630 1348 685 etiam
1368 635 1659 703 tanquam
1681 630 1896 686 festum
1911 637 2149 703 propter

498 723 731 779 Pascha
760 738 772 788 ;
805 721 862 777 in
891 721 1003 777 hac
1035 720 1194 775 enim
1222 719 1536 791 oportebat
1574 720 1796 776 Pascha
1824 720 2143 777 immolari.

496 812 752 869 Sabbato
793 826 961 879 vero.
992 810 1345 880 quieverunt
1388 814 1620 880 propter
1673 809 1887 878 legem.
1937 810 2145 865 Adhuc

497 902 652 957 enim
677 899 1173 957 consuetudinem
1196 904 1250 952 et
1274 897 1467 966 legem
1496 898 1835 955 servabant.
1870 897 2146 955 Cmterum

497 990 592 1045 die
630 990 938 1045 Dominico
978 988 1053 1043 ad
1094 986 1432 1058 sepulcrum
1473 989 1673 1042 venire
1720 986 2141 1059 disponebant,

498 1079 661 1151 quod
676 1094 818 1134 sane
840 1078 1018 1134 etiam
1034 1078 1315 1141 fecerunt,
1344 1075 1516 1131 veluti
1544 1075 1724 1148 paulo
1744 1081 1876 1147 post
1891 1077 2139 1133 dicetur.

498 1168 645 1224 Cum
676 1169 835 1224 enim
868 1167 1138 1224 nondum
1165 1165 1412 1238 quidam
1444 1166 1742 1220 excelsum
1770 1166 1844 1221 de
1882 1182 2145 1222 resurre-

498 1258 691 1314 ctione
711 1255 1150 1328 cognovissent,
1171 1253 1471 1328 sepultum
1494 1270 1710 1328 corpus
1726 1256 2142 1313 seinventuras

497 1347 841 1419 sperabant.

564 1438 727 1492 Vers.
762 1439 846 1491 62.
878 1437 1113 1491 Postero
1152 1438 1348 1491 autem
1378 1434 1474 1489 die
1504 1465 1566 1473 -—-
1604 1436 1764 1489 Vers.
1797 1436 1882 1490 64.
1915 1435 2136 1504 priore.

494 1525 701 1581 Muniri
741 1525 1097 1597 sepulcrum,
1131 1528 1276 1596 puta
1316 1523 1576 1593 sigillum
1610 1523 1827 1595 apponi
1860 1529 1916 1579 et
1946 1528 2139 1581 custo-

488 1615 673 1671 diam.
709 1614 861 1681 Quia
891 1620 1091 1671 autem
1124 1613 1277 1669 credi
1310 1612 1647 1685 oportebat,
1681 1613 1843 1685 quod
1882 1619 2138 1670 mortuus
2170 1629 2213 1685 Β

489 1710 645 1761 esset
672 1710 725 1761 et
757 1705 1045 1776 sepultus,
1074 1703 1356 1776 quodque
1386 1701 1826 1771 resurrexisset,
1867 1703 2003 1759 vide
2032 1703 2139 1760 tria

488 1795 617 1850 haec
646 1794 1020 1850 inimicorum
1062 1793 1416 1848 testimoniis
1445 1791 1781 1864 approbata
1810 1811 1822 1861 ;
1864 1792 2137 1848 conside-

489 1884 680 1939 randa
705 1890 842 1939 sunt
866 1883 1025 1938 enim
1061 1883 1241 1937 verba
1267 1898 1495 1937 eorum.
1531 1881 1702 1947 Quod
1730 1882 1885 1937 enim
1923 1882 2090 1938 aiunt
2121 1902 2132 1941 :

488 1973 799 2029 Recordati
816 1988 1038 2038 sumus,
1053 1972 1211 2043 quod
1229 1972 1509 2040 impostor
1528 1972 1631 2026 ille
1661 1971 1815 2027 dixit
1838 1971 2037 2028 adhuc
2058 1988 2138 2028 m-

490 2075 648 2122 vens,
682 2066 988 2116 attestatur
1016 2058 1182 2131 quod
1209 2064 1478 2114 mortuus
1501 2058 1592 2116 sit.
1620 2058 1790 2123 Quod
1819 2064 2021 2115 autem
2051 2076 2138 2115 se-

488 2149 690 2223 quitur
710 2164 721 2203 :
750 2149 896 2205 Jube
910 2148 1133 2203 muniri
1151 2149 1510 2216 sepulcrum.
1536 2151 1848 2203 attestatur
1862 2149 2028 2220 quod
2050 2166 2138 2205 se-

488 2239 690 2310 pultus
715 2239 806 2293 sit.
840 2239 1021 2293 Porro
1051 2237 1213 2309 quod
1235 2237 1641 2307 subjungunt:
1675 2237 1763 2294 Ne
1782 2239 2023 2308 quando
2048 2254 2135 2295 ve-

489 2330 711 2384 nientes
740 2327 995 2397 dicipuli
1012 2329 1140 2395 ejus
1165 2328 1450 2395 furentur
1476 2342 1691 2397 ipsum,
1724 2326 1965 2397 plenam
1997 2326 2132 2384 facit

1823 138 2182 207 EUTHYMII
2219 142 2547 206 ZlGABENI
3711 154 3773 217 m

576 277 876 349 Siquidem
916 274 1159 348 quando
1199 272 1463 344 sepultus
1495 276 1581 329 est
1606 273 1733 343 jam
1772 290 2022 346 vespera
2052 291 2155 347 ap-
2183 276 2229 329 A

2331 282 2452 328 Ὅτε
2488 280 2578 348 μεν
2628 280 2727 351 γὰρ
2774 280 2957 351 ἐτάφη,
3003 279 3195 355 ἑσπέρα
3251 277 3357 339 ἤδη
3414 281 3672 349 κατέλαϐε,
3706 288 3776 339 καθ’

2261 365 2322 422 ἣν
2385 366 2477 417 οὐκ
2534 364 2650 429 ἐξῆν
2705 368 2771 427 εἰς
2840 378 3087 441 μνημεῖον
3153 366 3426 441 βαδίζειν.
3490 370 3679 438 Ἐτίμων
3715 382 3774 448 γὰρ

2265 451 2511 506 Ἰουδαῖοι
2581 456 2812 527 μάλιστα
2892 463 2983 516 τὴν
3054 459 3275 533 ἑσπέραν
3344 468 3439 520 τῆς
3519 467 3778 534 Παρασκεδὶς

2260 540 2472 609 ἐκείνης,
2554 545 2612 596 οὐ
2687 552 2838 618 μόνον
2903 550 2969 608 ὡς
3035 554 3330 623 προεορτιον
3402 556 3494 601 τοῦ
3569 550 3775 618 Σαϐϐαῖον,

2260 631 2385 684 ἀλλά
2438 639 2527 685 καὶ
2570 637 2637 696 ὡς
2690 636 2884 710 ἐορτιον
2931 634 3024 689 διὰ
3080 641 3137 690 τὸ
3179 640 3396 709 Πάσχα.
3432 638 3514 692 Ἑν
3546 643 3682 712 ταύτῃ
3713 646 3776 711 ’χιιι

2257 718 2363 774 ἔδει
2405 724 2620 775 θύεσθαι
2668 729 2726 776 τὸ
2778 728 2997 796 Πάσχα.
3050 731 3117 779 Τό
3169 722 3227 779 δὲ
3271 725 3529 779 Σάϐϐατον
3577 730 3779 800 ἡσύχαζον

2258 807 2350 862 διὰ
2390 814 2473 863 τὸν
2501 817 2673 883 νόμον.
2706 813 2827 867 Ἔτι
2855 817 2956 888 γὰρ
3011 820 3099 868 xui
3157 818 3222 868 τὰ
3272 818 3359 874 ἔθη
3420 822 3510 868 καὶ
3564 822 3637 868 τὸν
3676 824 3777 889 regis:

2256 898 2553 971 ἐφύλαττον.
2612 906 2806 955 Λοιπὸν
2885 900 2973 955 οὖν
3038 904 3088 956 ἐν
3156 913 3216 977 τῇ
3280 912 3514 979 Κυριακῇ
3586 910 3689 977 πρὸς
3725 914 3781 958 τον

2256 992 2411 1061 τάφον
2469 989 2625 1043 ἐλθεῖν
2674 991 2959 1059 ἐϐούλοντο,
3014 994 3040 1045 ὁ
3100 990 3166 1051 δὴ
3224 1000 3313 1047 καὶ
3364 1000 3702 1065 πεποιήκαστι,
3740 1002 3781 1056 ὡς

2254 1077 2365 1148 μετ’
2431 1077 2602 1150 ὀλίγον
2657 1081 2963 1155 ῥηθήσεται.
3028 1086 3185 1135 Οὔπω
3261 1086 3360 1157 γὰρ
3428 1082 3579 1137 οὐδὲν
3643 1085 3784 1156 ὑψηλὸν

2254 1163 2449 1219 εἰδυῖαι
2496 1173 2611 1241 περὶ
2651 1180 2741 1231 τῆς
2790 1169 3148 1241 ἀναστάσεως,
3180 1172 3397 1234 ἤλπιζον
3425 1176 3584 1247 εὑρεῖν
3608 1179 3655 1227 τὸ
3681 1184 3785 1247 σῶμα

2253 1258 2585 1330 τεθαμμένον.

2320 1434 2392 1499 Τῇ
2441 1459 2504 1468 -
2558 1433 2787 1503 πρώτης.
2842 1430 3265 1503 Ἀσφαλίσασθαι
3321 1434 3407 1484 τὸν
3454 1435 3626 1505 τοίφονΙ
3670 1436 3785 1504 ἤγουν

2252 1522 2543 1589 σφραγίσαι
2572 1523 2660 1570 καὶ
2692 1528 3006 1591 φρουρῆσαι.
3041 1521 3182 1573 Ἐπεὶ
3214 1516 3272 1573 δὲ
3321 1517 3429 1573 ἔδει
3482 1523 3785 1582 πιστευθῆναι,

2250 1608 2328 1657 ὅτι
2358 1612 2447 1657 καὶ
2476 1605 2712 1674 ἀπέθανε,
2744 1613 2833 1659 καὶ
2878 1607 3056 1680 ἐτάφη,
3089 1615 3177 1661 καὶ
3210 1608 3420 1675 ἀνέστη,
3469 1609 3619 1682 βλέπε
3642 1616 3713 1661 xui
3746 1612 3788 1659 τὰ

2249 1701 2369 1770 τρία
2399 1703 2564 1747 ταῦτα
2611 1700 3009 1769 μαρτυρούμενα
3056 1701 3197 1773 παρά
3249 1706 3347 1750 τῶν
3390 1698 3608 1771 ἐχθρῶν.
3644 1706 3791 1755 Σκοπι-

2247 1790 2355 1837 τέον
2405 1788 2505 1859 γὰρ
2560 1788 2678 1846 τοὺς
2732 1785 2917 1856 λόγους
2962 1786 3144 1840 αὐτῶν.
3180 1792 3249 1840 Τὸ
3296 1791 3407 1860 μὲν,
3466 1788 3784 1859 Turis-6235191,

2248 1876 2327 1926 ὅτι
2384 1876 2409 1924 ὁ
2466 1873 2654 1935 πλάνος
2703 1873 2889 1935 ἐκεῖνος
2956 1871 3089 1927 εἶπεν
3154 1878 3227 1927 ἔτι
3295 1877 3417 1940 ζῶν,
3471 1884 3701 1950 μαρτυρεῖ
3738 1877 3791 1925 ὃτι

2248 1962 2482 2015 ἀπέθανε·
2540 1967 2596 2014 τὸ
2648 1959 2725 2026 ὃε,
2790 1962 3037 2016 Κέλευσον
3087 1962 3479 2036 ἀσφαλισθῆναι
3533 1971 3612 2017 τὸν
3656 1968 3788 2034 τάφον,

2247 2051 2454 2125 βεϐαιοῖ
2506 2054 2610 2127 ὅτι,
2636 2052 2793 2123 ἐτάφη
2830 2074 2842 2085 ο
2879 2057 2935 2104 τὸ
2982 2050 3060 2117 δε,
3108 2060 3322 2111 Μήποτε
3380 2054 3607 2114 ἐλθόντες
3640 2055 3681 2105 οἱ
3720 2072 3795 2123 μο-

2246 2145 2398 2200 θηταὶ
2450 2142 2608 2193 αὐτοῦ
2654 2140 2911 2210 κλέψωσιν
2969 2141 3144 2210 αὐτὸν,
3215 2142 3537 2217 πληροφορεῖ
3598 2145 3665 2194 ὅτι
3710 2142 3792 2208 (68)

2244 2231 2649 2304 ἀσφαλισθέντος
2682 2229 2793 2301 (69)
2840 2230 2897 2281 οὐ
2950 2230 3296 2290 κλαπησεται.
3340 2237 3443 2285 Καὶ
3490 2232 3650 2284 λοιπὸν
3685 2228 3793 2281 uim-
3880 2220 3881 2231 ³

2240 2322 2485 2397 τὶῥρητος
2520 2322 2549 2378 ἡ
2585 2318 2896 2381 ἀνάστασις.

486 2424 683 2491 ﬁdem,
730 2426 887 2497 quod
928 2425 1157 2481 munito
1205 2424 1499 2496 sepulcro,
1548 2440 1671 2481 non
1701 2424 1773 2479 sit
1816 2425 1974 2482 furto
2029 2424 2333 2482 sublatum
2382 2434 2623 2490 corpus,
2666 2423 2721 2473 et
2764 2418 2843 2473 ita
2876 2418 3295 2475 resurrectioni
3357 2417 3666 2476 contradici
3700 2429 3793 2471 non

486 2520 704 2588 potest.

557 2633 812 2703 Dignum
852 2636 937 2687 est
974 2636 1174 2687 autem
1215 2635 1278 2686 ut
1315 2630 1691 2703 inquiramus
1730 2631 1825 2687 ubi
1867 2630 2077 2687 dixerit
2109 2649 2122 2689 :

484 2722 618 2788 Post
659 2728 775 2778 tres
806 2723 927 2778 dies
968 2736 1297 2791 resurgam.
1333 2721 1638 2793 Siquidem
1671 2721 1848 2777 variis
1892 2722 1950 2775 in
1988 2720 2134 2775 locis

483 2812 623 2868 dixit
640 2810 976 2882 discipulis:
1001 2812 1198 2867 Tertia
1212 2810 1306 2866 die
1325 2825 1644 2881 resurgam.
1663 2810 1726 2865 Id
1745 2816 1944 2866 autem
1963 2830 1975 2868 :
1997 2812 2133 2903 Post
2166 2846 2206 2903 C

484 2908 601 2959 tres
617 2901 736 2957 dies
750 2916 1079 2971 resurgam,
1096 2915 1397 2973 nusquam
1422 2900 1585 2955 dixit.
1603 2898 2133 2972 HocitaqueJudmi

483 2992 555 3048 ab
583 2990 853 3063 exemplo
883 2992 1045 3046 Jonas
1066 2990 1232 3062 quod
1263 2989 1341 3045 ad
1367 3006 1469 3045 eos
1494 2989 1723 3045 dixerat
1749 2988 2128 3061 colligebant.

483 3081 867 3139 Postremum
890 3095 1031 3135 vero
1051 3094 1311 3135 errorem
1328 3080 1620 3145 dicebant,
1649 3078 1815 3150 quod
1836 3094 1866 3132 a
1880 3078 2129 3133 mortuis

480 3169 902 3236 resurrexerit;
937 3170 1195 3242 priorem
1225 3184 1363 3225 vero
1391 3168 1555 3241 quod
1595 3168 1669 3225 sit
1701 3167 1876 3224 Filius
1913 3166 2032 3222 Dei.

552 3473 685 3538 Sed,
713 3488 748 3527 o
781 3469 1085 3537 insensati,
1127 3484 1249 3541 quo
1276 3468 1517 3524 tandem
1549 3469 1668 3523 ﬁne
1699 3474 1896 3525 essent
1925 3472 2126 3543 ipsum

479 3562 635 3618 furto
667 3557 1002 3617 sublaturi?
1040 3559 1158 3612 Nisi
1198 3559 1357 3613 enim
1397 3558 1564 3612 tertio
1603 3558 1699 3612 die
1740 3562 2129 3617 resurrexerit

478 3651 629 3705 sicut
666 3648 954 3721 promisit,
998 3646 1377 3702 manifestum
1423 3652 1513 3701 est
1560 3647 1722 3718 quod
1772 3648 2018 3721 decepti,
2072 3658 2129 3706 et

477 3742 721 3813 propter
745 3753 883 3793 eum
911 3736 988 3791 ab
1012 3735 1287 3791 omnibus
1316 3734 1592 3804 gentibus
1614 3736 1754 3792 odio
1780 3737 1980 3808 habiti,
2002 3740 2126 3795 sine

476 3826 759 3883 domibus
781 3829 837 3879 et
855 3827 1114 3879 extorres
1130 3821 1286 3887 facti,
1305 3822 1500 3893 potius
1518 3825 1951 3882 aversabuntur
1967 3844 2122 3896 eum,

477 3921 535 3972 et
563 3915 702 3971 odio
732 3913 1038 3970 habebant
1069 3917 1353 3983 tanquam
1384 3911 1793 3983 impostorem,
1829 3921 1886 3971 et
1916 3919 1995 3975 ita
2024 3936 2125 3976 no-

474 4005 749 4061 lenteum
781 4002 983 4058 furari.
1011 4002 1123 4058 Sed
1148 4017 1342 4074 neque
1366 4002 1590 4073 populo
1620 4007 1981 4075 persuadere
2013 4025 2126 4081 po-

475 4099 686 4158 terunt,
720 4092 883 4165 quod
916 4108 951 4147 a
982 4092 1233 4147 mortuis
1263 4093 1595 4147 surrexerit.
1636 4093 1737 4148 Cui
1778 4096 1937 4152 enim
1977 4099 2128 4154 inni-

2316 2688 2493 2752 ’Ἄξιον
2548 2682 2606 2739 δὲ
2674 2686 2925 2749 ζητῆσαι,
2988 2693 3089 2737 ποῦ
3155 2683 3309 2754 εἶπεν,
3378 2687 3464 2739 ὅτι
3522 2689 3657 2739 Μετὰ
3702 2690 3803 2756 τρεῖς

2244 2781 2439 2851 ἡμέρας
2492 2778 2779 2847 ἐγείρομαι.
2830 2772 2949 2826 Ὀτι
3023 2777 3113 2846 μὲν
3168 2777 3269 2846 γὰρ
3346 2783 3407 2847 τῇ
3482 2782 3626 2849 τρίτῃ
3672 2776 3803 2844 iui};

2242 2866 2612 2929 ἀναστήσεται,
2683 2860 2942 2935 διαφόρως
3000 2859 3109 2915 εἷπε
3162 2867 3293 2937 πρὸς
3358 2866 3491 2925 τοὺς
3564 2864 3805 2934 μαθητάς·

2240 2958 2320 3008 ὅτι
2396 2952 2454 3008 δὲ
2525 2954 2671 3006 Μετὰ
2745 2959 2881 3026 τρεῖς
2947 2953 3142 3023 ἡμέρας
3203 2952 3496 3025 ἐγείρομαι,
3565 2952 3653 3004 οὐκ
3700 2946 3805 3001 εἶπεν

2239 3042 2496 3114 οὐδαμοῦ.
2548 3044 2744 3095 Λοιπὸν
2797 3040 2883 3092 οὐν
2940 3038 3189 3093 Ἰουδαῖοι
3248 3040 3348 3093 ἀπὸ
3414 3050 3514 3095 τοῦ
3565 3043 3693 3092 κατά
3743 3042 3809 3089 τον

2237 3134 2411 3185 Ἰωνᾶν
2480 3128 2930 3203 παραδείγματος,
2998 3138 3089 3182 τοῦ
3163 3131 3405 3203 ῥηθέντος
3470 3134 3600 3205 πρὸς
3642 3129 3809 3185 αὐτοὺς,

2235 3228 2388 3273 τοῦτο
2433 3220 2850 3292 συνελογίσαντο.
2903 3219 3171 3290 Ἐσχάτην
3226 3223 3315 3291 μὲν
3370 3220 3467 3271 οὖν
3526 3219 3707 3276 πλάνην
3747 3215 3815 3266 λέ-

2235 3330 2393 3381 ’γουσι
2440 3314 2558 3384 περὶ
2599 3316 2709 3374 τοῦ,
2763 3310 2841 3360 ὅτι
2894 3309 3086 3381 ἠγέρθη
3144 3306 3244 3359 ἀπὸ
3294 3317 3395 3360 τῶν
3450 3317 3636 3383 νεκρῶν
3665 3325 3816 3376 ·πδοω-

2235 3419 2328 3457 την
2357 3395 2415 3450 δὲ
2448 3402 2561 3471 περὶ
2592 3405 2703 3465 τοῦ,
2742 3400 2824 3449 ὃτι
2854 3400 2971 3458 Υἱὸς
3004 3404 3137 3450 Θεοῦ
3164 3398 3249 3455 ἦν.

2305 3487 2444 3542 Ἀλλ’
2478 3485 2516 3538 ὦ
2557 3486 2765 3543 ἀνόητοι
2800 3485 2811 3539 Ῐ
2862 3492 3185 3550 σκοπήσατε,
3240 3490 3380 3549 τίνος
3436 3491 3601 3540 ἕνεκεν
3637 3484 3817 3552 κλὲᾷονο

2239 3596 2319 3629 σιν
2373 3576 2573 3642 αὐτὸνς
2630 3576 2745 3629 Ἐὰν
2788 3578 2890 3649 γὰρ
2945 3575 3039 3627 οὐκ
3080 3574 3275 3648 ἀναστῇ
3332 3585 3398 3648 τῇ
3460 3583 3613 3653 τρίτη
3660 3576 3813 3645 inﬁgi}.

2234 3668 2409 3726 καθὼς
2455 3664 2822 3737 ἐπηγγείλατο,
2867 3661 3154 3740 πρόδηλον,
3207 3666 3297 3731 ὡς,
3344 3664 3713 3727 ἁπατηθέντες,
3751 3667 3821 3712 καὶ

2234 3751 2307 3807 δι’
2363 3754 2516 3806 αὐτὸν
2566 3756 2697 3825 πρὸς
2749 3754 2860 3805 ὅλον
2918 3756 2976 3805 τὸ
3031 3754 3170 3813 ἔθνος
3236 3751 3701 3827 ἐκπολεμωθῄιτες,
3751 3754 3819 3799 καὶ

2236 3846 2425 3914 ἄοικοι,
2496 3847 2584 3895 xui
2670 3840 2917 3903 ἀπόλιδες
2984 3846 3262 3914 γενόμενοι,
3344 3842 3825 3916 ἀποστραφησονται

2234 3933 2422 4006 μᾶλλον
2502 3937 2590 3984 xui
2662 3936 2985 4004 μισήσουσιν
3067 3932 3240 3997 αὐτόν,
3320 3935 3386 3992 ὡς
3464 3934 3678 3986 πλάνον.
3748 3934 3823 3979 Κκι

2236 4019 2330 4074 διὰ
2379 4029 2531 4073 τοῦτο
2588 4023 2677 4092 μὲν
2730 4020 2787 4071 οὐ
2846 4020 3152 4078 θελήσουσιν
3212 4021 3392 4088 αὐτὸν,
3463 4023 3587 4094 (το)
3651 4019 3829 4088 κλέψαι,

2237 4110 2373 4163 Ἀλλ’
2423 4106 2546 4162 οὐδὲ
2597 4106 2917 4166 δυνήσονται
2968 4117 3147 4161 πεῖσαι
3195 4113 3280 4161 τὸν
3331 4109 3467 4161 λαὸν
3526 4114 3610 4163 ὅτι
3664 4109 3829 4180 ἐγάμεε

475 4189 669 4240 tentur
689 4183 717 4237 ‘I
735 4198 813 4238 an
834 4180 1215 4237 vehementiae
1244 4182 1634 4237 sermonum?
1659 4184 1822 4255 atqui
1848 4185 2104 4245 illitterat

2247 4198 2335 4252 ἰιπὸ
2382 4207 2479 4251 τῶν
2547 4206 2754 4270 νεκρῶν.
2821 4203 2931 4251 Τίνι
2996 4201 3097 4270 γὰρ
3161 4204 3250 4250 καὶ
3323 4199 3741 4273 θαρρήσουσιη

474 4278 628 4330 sunt.
661 4275 751 4329 An
784 4272 927 4327 forte
955 4270 1342 4326 abundantiae
1362 4285 1562 4326 rerum
1589 4274 1617 4329 ?
1644 4273 1809 4346 atqui
1839 4283 1976 4332 sunt
2000 4294 2125 4334 om-

468 4364 636 4421 nium
651 4361 1036 4436 pauperrimi.
1057 4361 1299 4417 Generis
1321 4360 1586 4417 fortassis
1602 4362 1890 4421 claritati?
1916 4382 2119 4424 verum

468 4454 761 4524 ignobiles
794 4459 948 4519 sunt,
984 4458 1040 4509 et
1070 4450 1147 4506 ab
1170 4450 1534 4520 ignobilibus
1559 4455 1874 4524 progeniti.
1911 4456 2123 4516 Utrum

473 4544 836 4614 suiipsorum
865 4541 1224 4597 multitudini
1251 4540 1277 4595 ?
1309 4547 1367 4595 at
1391 4556 1511 4595 non
1542 4542 1741 4613 plures
1772 4550 1908 4599 sunt
1936 4562 2123 4617 quam

472 4631 805 4685 duodecim.
827 4632 1029 4686 Utrum
1052 4628 1261 4701 patria
1288 4628 1634 4701 splendori?
1658 4647 1859 4687 verum
1887 4649 1923 4689 a
1940 4636 2124 4705 regio-

470 4719 651 4773 nibus
676 4723 813 4773 sunt
832 4718 1103 4774 obscuris
1126 4716 1576 4787 etignobilibus.
1602 4724 1689 4774 An
1708 4723 1928 4792 putatis
1958 4724 2123 4795 quod

469 4806 851 4879 prmoeptoris
875 4805 1413 4878 promissionibus?
1438 4807 1661 4872 Quibus
1682 4809 1710 4864 ‘I
1733 4812 1788 4867 Si
1818 4812 1977 4869 enim
2004 4830 2120 4871 non

469 4896 871 4962 resurrexerit,
901 4910 1093 4967 neque
1110 4895 1219 4950 illis
1251 4894 1526 4951 credituri
1554 4904 1711 4953 sunt.
1745 4901 2122 4960 Demonstra-

468 4992 596 5042 tum
626 4991 714 5041 est
738 4986 914 5057 igitur
942 4985 1107 5057 quod
1135 5001 1281 5041 vane
1326 4987 1713 5058 suspicamini
1762 4988 1917 5045 hunc
1961 4990 2119 5049 furto

468 5075 865 5133 auferendum
890 5090 1052 5133 esse:
1078 5074 1156 5131 ob
1182 5074 1370 5132 dictas
1397 5076 1557 5133 enim
1583 5092 1796 5135 causas
1825 5084 1911 5136 est
1934 5079 2119 5139 incre-

467 5164 666 5223 dibile.

2238 4282 2496 4343 δεινότητι
2548 4295 2647 4338 τῶν
2695 4286 2858 4359 λόγων
2907 4306 2919 4345 ;
2968 4292 3055 4338 καὶ
3100 4291 3203 4359 μὴν
3271 4288 3639 4362 ἀγράμματοί
3688 4287 3836 4338 εἰσιν·

2236 4374 2391 4427 Ἀλλά
2420 4383 2480 4446 τῇ
2538 4380 2815 4447 περιουσίᾳ
2852 4384 2949 4427 τῶν
2994 4378 3288 4449 χρημάτων
3332 4394 3345 4441 ;

2234 4483 2332 4515 των
2386 4463 2487 4516 εἰσὶ
2545 4467 2859 4535 πενέστεροι.
2928 4463 3082 4517 nam
3140 4473 3201 4536 τῇ
3272 4471 3604 4539 περιφανεία
3652 4472 3739 4517 τοῦ
3782 4468 3845 4532 γε·

3578 4554 3740 4610 ’Λλλὰ

2232 4642 2418 4700 πλήθει
2473 4642 2664 4694 ἑαυτῶν
2713 4659 2727 4709 ;
2776 4648 2865 4695 καὶ
2914 4646 3016 4714 μὴν
3087 4642 3143 4694 οὐ
3198 4642 3411 4704 πλείους
3476 4646 3590 4697 εἰσὶ
3640 4652 3741 4696 τῶν
3788 4642 3848 4693 ἐι-

2235 4727 2381 4785 δεκα.
2428 4730 2581 4783 Ἀλλά
2630 4740 2701 4802 τῷ
2742 4733 2947 4803 μεγέθει
3001 4739 3095 4793 τῆς
3138 4730 3405 4805 πατρίδος
3448 4752 3463 4800 ;
3500 4739 3598 4785 καὶ
3640 4737 3741 4803 μὴν
3880 4768 3881 4813 ι

3016 4819 3142 4872 ἀλλά
3187 4828 3304 4882 ταῖς
3363 4821 3731 4895 ἐπαγγελίαις
3780 4825 3881 4872 τςὺι

3398 4383 3501 4430 καὶ
3554 4381 3657 4450 μὴν
3706 4375 3840 4426 ἀπα-δι

2233 4572 2388 4620 νου;;
2420 4558 2509 4605 καὶ
2558 4558 2660 4626 μὴν
2711 4553 2924 4613 εὐτελεῖς
2958 4553 3086 4605 εἰσιν
3137 4552 3189 4615 ἐξ
3235 4553 3462 4607 εὐτελῶν
3498 4574 3511 4585 ⁸

2231 4825 2442 4893 χωρίων
2500 4819 2630 4872 εἰσὶν
2681 4818 2893 4892 ἀσήμων
2946 4837 2958 4850 ⁸

2237 4905 2567 4961 διδασκάλου
2597 4925 2611 4976 ;
2640 4914 2866 4975 Ιιοίαις;
2913 4909 2973 4963 Εἰ
3024 4913 3094 4982 μή
3149 4908 3348 4983 ἀναστῇ
3415 4915 3557 4985 γὰρ,
3602 4908 3721 4965 οὐδ’
3749 4911 3847 4961 ἐκεί-

2232 5017 2344 5060 ναις
2387 5002 2725 5055 πιστεύουσι.
2787 4994 3057 5051 Δέδεικται
3116 5004 3288 5051 τοίνυν
3358 5001 3456 5053 ὅτι
3528 5005 3709 5075 μάτην

2235 5089 2443 5141 πτεύετε
2486 5087 2747 5148 κλαπῆναι
2785 5095 2986 5142 τοῦτον·
3024 5087 3118 5141 οὐκ
3157 5084 3452 5162 ἐνδέχεται
3492 5095 3605 5168 γὰρ
3657 5088 3748 5144 διὰ
3781 5090 3851 5143 τὰς

2238 5174 2511 5253 εἰρημένας
2529 5178 2723 5241 αἰτίας.

1693 5295 1916 5368 Variaa
1945 5295 2274 5371 lectiones
2298 5312 2364 5371 et
2380 5311 2585 5372 notae.

537 5438 650 5584 (θεὲ
672 5435 813 5506 Ὀτι,
840 5435 1032 5493 abest.
1066 5437 1133 5491 Α.

537 5511 627 5584 (69
690 5516 794 5565 Τοῦ
830 5509 1015 5581 τάφου.

536 5509 650 5588 (69)
690 5516 794 5565 Τοῦ
830 5509 1015 5581 τάφου.

2304 5446 2415 5521 (70)
2452 5451 2665 5515 Τοῦτον,
2696 5460 2807 5521 pro
2836 5445 3012 5504 αὐτόν.
3046 5451 3084 5501 Δ
