3922 6200
421 276 523 331 751

423 489 583 545 cium
604 489 963 560 quibusdam
979 485 1245 542 conferre
1261 486 1555 558 promisit,
1572 486 1617 540 si
1636 490 1769 541 ante
1783 488 2074 540 statutum

423 576 581 633 diem
612 577 969 631 beneficium
1004 574 1089 630 eis
1119 575 1405 641 conferat,
1440 591 1560 631 non
1592 575 1781 630 solum
1822 572 2074 645 promis-

424 681 556 720 sum
583 664 921 735 complevit,
944 663 1051 719 sed
1075 669 1131 720 et
1152 664 1332 720 aliam
1357 665 1612 733 gratiam
1634 662 1958 719 velocitatis
1975 661 2079 717 ad-

424 753 589 810 didit.
624 752 772 809 Nihil
804 762 1003 809 autem
1031 752 1193 809 aliud
1231 753 1417 808 Judaei
1446 753 1729 825 appositis
1757 751 2079 822 signaculis

424 858 494 900 ac
506 841 855 898 custodibus
866 842 1448 914 apparabant,quam
1460 841 1880 898 utresurrectio
1893 839 2081 912 publi-

426 938 679 994 caretur,
705 936 1085 1003 sumeretque
1122 931 1194 987 ab
1232 931 1380 1001 ipsis
1422 931 1773 987 custodibus
1818 931 2081 987 testimo-

425 1020 615 1075 nium.
635 1019 751 1075 Sed
767 1035 1007 1076 rursum
1025 1019 1103 1075 ad
1119 1020 1412 1075 dictorum
1436 1020 1790 1076 narrationis
1807 1019 2078 1075 ordinem

424 1107 843 1164 revertendum
885 1113 993 1164 est.

493 1303 656 1357 Vers.
688 1304 737 1357 4.
767 1300 892 1356 Prw
908 1302 1117 1359 timore
1144 1308 1344 1359 autem
1367 1334 1433 1343 —
1454 1303 1692 1359 mortui.
1726 1305 1845 1358 Prae
1869 1302 2079 1360 timore

423 1391 1108 1457 terraemotus,fuitenim
1125 1408 1379 1463 magnus
1407 1409 1420 1459 ;
1443 1396 1545 1448 aut
1563 1392 1783 1465 angeli,
1800 1392 2078 1449 fuitenim

424 1484 672 1551 aspectu
689 1478 977 1535 terribilis.
1001 1479 1285 1536 Concussi
1297 1487 1436 1537 sunt
1451 1486 1670 1547 autem,
1693 1481 1804 1536 hoc
1825 1486 1926 1547 est,
1949 1482 2077 1537 Tre-

424 1572 738 1636 muerunt;
767 1567 982 1623 deinde
1002 1568 1079 1624 ad
1106 1584 1168 1624 se
1196 1570 1413 1625 reversi
1439 1570 1736 1640 fugerunt,
1761 1575 1817 1625 et
1838 1569 1919 1626 ita
1949 1584 2079 1625 mu-

423 1656 665 1712 lieribus
686 1656 827 1713 data
858 1661 948 1713 est
990 1659 1294 1714 securitas.

498 1856 656 1910 Vers.
683 1857 731 1909 5.
764 1851 1142 1921 Respondens
1167 1884 1238 1895 —
1261 1869 1380 1910 vos.
1402 1852 1509 1921 Ne,
1537 1853 1737 1926 inquit,
1768 1855 2080 1911 timueritis

427 1959 544 2008 vos,
578 1942 686 1997 sed
706 1941 763 1996 hi
788 1946 935 2013 puta
954 1943 1251 2011 custodes,
1274 1958 1607 2015 omnesque
1633 1943 1857 1999 inimici
1888 1944 2083 2000 Domi-

423 2032 505 2087 ni.
529 2031 793 2087 Primum
816 2030 1013 2103 itaque
1037 2031 1247 2087 timore
1268 2032 1400 2089 illas
1426 2032 1702 2088 liberavit
1724 2038 1779 2088 et
1805 2049 2080 2089 sermone

419 2124 477 2177 et
505 2119 735 2184 habitu,
772 2119 987 2176 deinde
1012 2119 1087 2176 de
1113 2121 1543 2177 resurrectione
1569 2121 1826 2176 disserit.

491 2209 654 2265 Vers.
684 2210 737 2265 5.
769 2208 897 2265 Scio
922 2240 988 2250 —
1014 2211 1302 2281 queritis.
1328 2214 1454 2267 Non
1484 2211 1863 2268 confunditur
1883 2212 2079 2268 dicere

418 2298 739 2355 Dominum
765 2314 943 2354 suum
974 2298 1328 2356 cruciﬁxum
1358 2317 1372 2367 ;
1401 2316 1544 2373 quna
1573 2300 1666 2357 his
1700 2301 1946 2373 quidem
1975 2301 2077 2373 qui

413 2392 547 2443 ante
564 2386 765 2459 ipsum
786 2386 1051 2443 cruciﬁxi
1074 2393 1233 2452 sunt,
1248 2402 1390 2445 crux
1417 2390 1749 2459 ignominia
1771 2395 1914 2455 erat,
1936 2405 2073 2444 cum

412 2482 835 2548 argumentum
848 2483 1002 2534 esset
1020 2477 1297 2534 maleﬁcii
1315 2494 1519 2535 eorum
1538 2496 1549 2533 :
1569 2480 1707 2536 huic
1723 2497 1857 2535 vero
1876 2481 2073 2552 potius

412 2565 621 2637 gloria,
641 2581 780 2622 cum
796 2566 963 2623 fuerit
989 2566 1418 2624 demonstratio
1432 2568 1706 2624 beneficii
1725 2569 1780 2624 in
1801 2568 2074 2625 homines

410 2654 625 2721 collati,
659 2650 897 2728 prepter
925 2655 1091 2727 quod
1125 2656 1204 2712 ad
1225 2672 1463 2713 crucem
1499 2658 1934 2713 condemnatus
1965 2662 2070 2714 est.

494 2742 651 2800 Vers.
682 2744 878 2800 6.Non
899 2774 966 2785 —
990 2744 1290 2801 Dominus.
1317 2746 1527 2802 Dicens
1550 2766 1561 2805 :
1586 2746 1865 2811 Accedite,
1882 2747 2073 2803 videte

414 2831 599 2889 locum
629 2832 730 2888 ubi
749 2834 977 2902 positus
1005 2840 1137 2889 erat
1169 2833 1468 2901 Dominus,
1516 2835 1879 2904 signiﬁcavit
1907 2835 2073 2909 quod

411 2928 655 2995 propter
683 2927 891 2988 eas,ut
912 2922 1193 2989 viderent,
1222 2923 1483 2995 lapidem
1510 2924 1853 2980 revolverat.

484 3011 641 3066 Vers.
668 3012 718 3064 7.
742 3011 817 3066 Et
834 3010 1316 3068 cito—videbitis.
1339 3014 1655 3079 Prwcedel,
1680 3015 1792 3070 hoc
1818 3021 1903 3070 est
1920 3014 2069 3071 Pras-

406 3099 607 3157 veniet
626 3115 757 3156 vos.
785 3100 959 3157 Jubet
990 3107 1191 3157 autem
1216 3102 1381 3159 abire
1412 3118 1514 3159 eos
1552 3104 1612 3159 in
1647 3103 1969 3170 Galilaeam,
2005 3104 2067 3160 in

404 3203 527 3261 qua
554 3189 681 3245 sine
696 3188 1045 3246 Judasorum
1070 3192 1279 3247 timore
1305 3192 1383 3248 ad
1401 3207 1537 3249 eum
1558 3194 1853 3249 accessuri
1876 3198 2063 3259 erant,

406 3283 463 3335 et
492 3294 632 3334 eum
661 3293 732 3334 eo
762 3278 1136 3335 collocuturi.

473 3369 632 3424 Vers.
661 3372 717 3422 7.
762 3366 913 3424 Ecce
960 3367 1091 3424 dixi
1128 3368 1304 3425 vobis.
1346 3368 1424 3425 De
1454 3369 1743 3426 omnibus
1775 3370 2060 3427 videlicet.

404 3454 504 3511 Vel
544 3455 712 3512 aliter
744 3475 756 3515 :
792 3458 936 3512 Ecce
966 3456 1254 3513 admonui
1291 3473 1394 3514 vos
1433 3459 1502 3514 de
1528 3458 1855 3531 discipulis.
1881 3460 2063 3515 Nolite

402 3544 604 3617 itaque
630 3544 1106 3601 admonitionem
1136 3546 1454 3617 negligere.
1499 3548 1601 3603 Hic
1633 3563 1776 3617 ergo
1812 3548 2063 3620 angelus

402 3636 569 3688 extra
580 3631 925 3703 sepulcrum
944 3649 1125 3705 super
1139 3634 1400 3707 lapidem
1426 3635 1659 3699 sedens,
1682 3636 1965 3707 praedicta
1980 3636 2064 3693 di-

401 3721 487 3776 xit
516 3719 883 3776 mulieribus.
912 3720 1062 3785 Quia
1081 3738 1219 3778 vero
1244 3737 1365 3778 non
1396 3722 1558 3778 ausis
1575 3725 2062 3798 appropinquare

402 3808 699 3880 praecepit,
721 3812 784 3864 ut
804 3808 1141 3881 sepulcrum
1164 3810 1615 3881 ingrederentur
1637 3814 1801 3883 (nam
1820 3815 1930 3869 hoc
1949 3815 2063 3886 sig-

402 3896 620 3960 niﬁcat,
639 3899 681 3952 A
697 3897 937 3964 ccedite,
954 3899 1145 3956 videte
1162 3902 1355 3956 locum
1370 3900 1475 3957 ubi
1484 3903 1711 3972 positus
1728 3909 1854 3959 erat
1868 3905 2062 3961 Domi-

401 3987 532 4058 nus)
563 3986 852 4057 ingressae
898 3994 1061 4045 sunt.

472 4186 584 4245 Sed
596 4184 908 4243 Mattheeus
918 4184 1153 4257 quidem
1168 4201 1358 4258 usque
1371 4186 1449 4242 ad
1462 4187 1790 4258 ingressum
1803 4190 2059 4262 sepulcri

2108 1716 2156 1772 Β

1754 266 2103 325 EUTHYMII
2143 267 2467 325 ZIGABENI
3648 278 3718 334 75?.

496 401 721 457 Etenim
748 416 849 457 rex
876 414 1119 472 quoque
1157 398 1260 471 qui
1302 398 1379 455 ad
1411 404 1637 455 certum
1673 397 1827 453 diem
1862 396 2075 453 beneti-
2110 394 2156 450 A

2268 403 2365 453 Καὶ
2396 401 2497 471 γὰρ
2529 397 2641 471 (8'2)
2700 403 2789 451 καὶ
2837 398 3106 471 βασιλεὺς,
3158 398 3579 473 ἐπαγγειλάμενος
3620 403 3719 475 rita-

2190 492 2411 555 γετῆσαί
2458 508 2595 548 τινας
2643 488 2714 549 εἰς
2754 489 2944 562 ῥητὴν,
3004 491 3218 563 ἡμέραν,
3278 488 3389 543 εἶτα
3434 494 3531 563 πρὸ
3582 494 3725 552 ταύτης

2193 575 2533 647 εὐεργετήσας
2592 578 2801 646 αύτούς,
2863 578 2921 630 ού
2974 582 3127 649 μόνον
3177 577 3442 653 ἐπλήρωσε
3491 584 3572 637 τὴν
3612 579 3724 651 ἐπάγ-

2192 664 2383 736 γελίαν,
2451 664 2576 718 ἀλλὰ
2634 672 2723 719 καὶ
2775 669 2937 739 χάριν
2984 666 3141 725 α”λλην
3185 667 3496 742 προσέθηκε,
3544 672 3618 726 τῆν
3656 677 3725 731 τῆς

2193 757 2513 825 ταχύτητος-
2593 752 2760 808 Οὐδὲν
2806 753 2865 809 δὲ
2910 757 3077 829 ἕτερον
3140 753 3477 809 ἐσπούδασαν
3534 754 3727 810 Ἰουδαῖοι

2194 846 2283 903 τὰς
2323 841 2621 917 σφραγῖδας
2672 844 2992 907 ἐπιϐαλόντες
3050 851 3140 897 καὶ
3193 849 3309 906 τούς
3352 846 3572 918 φύλακας
3606 867 3725 919 παρα·

2193 934 2497 993 καθίσαντες
2545 938 2574 991 ἣ
2627 936 2684 986 τό
2738 931 3156 1007 δημοσιευθῆναι
3198 939 3291 992 τὴν
3341 933 3629 1005 ἀνάστασιν,
3666 941 3731 988 καὶ

2195 1024 2593 1094 μαρωρηθῆναι
2658 1026 2800 1096 παρὰ
2884 1031 2984 1075 τῶν
3066 1021 3301 1095 φυλάκων
3385 1023 3568 1080 αὐτῶν.
3630 1023 3729 1077 Ἀλλ’

2195 1108 2453 1163 ἐπανιτέον
2499 1111 2652 1163 πάλιν
2708 1115 2838 1186 πρὸς
2894 1116 2987 1170 τὴν
3038 1110 3345 1165 ἀκολουθίαν
3400 1120 3498 1173 τῆς
3540 1120 3624 1164 τῶν
3668 1113 3736 1187 6n-

2193 1207 2292 1251 τῶν
2323 1199 2637 1272 ἐξηγήσεως.

2265 1288 2393 1341 Ἀπὸ
2448 1286 2507 1341 δι
2543 1298 2635 1342 τοῦ
2678 1289 2835 1362 φόϐου
2906 1321 2975 1331 --
3030 1295 3218 1363 νεκροί.
3281 1288 3410 1343 Ἀπὸ
3459 1298 3546 1343 τοῦ
3597 1288 3740 1363 φόϐον,

2192 1384 2284 1429 τοῦ
2344 1386 2562 1451 σεισμοῦ
2610 1396 2622 1408 ·
2670 1383 2829 1451 μέγας
2883 1382 2985 1454 γὰρ
3041 1376 3101 1437 ἦν
3134 1394 3147 1407 ·
3184 1379 3212 1437 ἡ
3245 1386 3337 1432 τοῦ
3366 1377 3597 1451 ἄγγελον,
3622 1398 3742 1431 κατα·

2574 1471 2675 1543 γὰρ
2759 1465 2839 1527 ἧν.
2918 1468 3269 1526 Ἐσείσθησαν
3335 1464 3413 1535 δι,
3493 1468 3594 1520 ἀντὶ
3654 1475 3744 1535 τού,

2191 1556 2530 1631 Ἐτρόμαξαν.
2592 1555 2722 1613 Εἶτα
2777 1557 3143 1629 ἀνανήψαντες,
3194 1561 3399 1631 ἔφυγον.
3442 1561 3530 1610 καὶ
3581 1561 3745 1629 γέγονεν

2191 1642 2347 1699 ἄδεια
2375 1654 2489 1710 ταῖς
2511 1647 2771 1718 γυναιξίν.

2264 1735 2591 1811 Ἀποκριθεὶς
2672 1768 2741 1777 -
2824 1738 2990 1809 ὑμεῖς.
3090 1740 3177 1795 Μὴ
3260 1735 3522 1808 φοϐεῖσθε,
3600 1738 3746 1807 φησιν,

2190 1825 2349 1896 ὑμεῖς.
2406 1823 2515 1876 ἀλλ’
2566 1825 2730 1893 οὗτοι,
2800 1821 3029 1894 δηλαδὴ,
3089 1827 3138 1878 οὶ
3186 1824 3407 1897 φύλακες
3475 1829 3559 1876 καὶ
3602 1825 3749 1882 πάντες

2189 1916 2238 1966 οἱ
2282 1912 2463 1988 ἐχθροὶ
2520 1922 2614 1967 τοῦ
2666 1919 2885 1988 Κυρίου.
2940 1921 3148 1987 Πρῶτον
3210 1916 3300 1987 μὲν
3362 1910 3454 1966 οὖν
3511 1910 3755 1974 ἀπήλλαξεν

2191 2002 2351 2064 αὑτὰς
2402 2011 2492 2055 τού
2553 2001 2705 2065 δέους
2784 2008 2871 2056 καὶ
2926 2003 3062 2075 λόγῳ
3137 2009 3227 2056 καὶ
3280 2008 3547 2075 σχήματι·
3612 2005 3755 2054 ἔπειτα

2188 2098 2307 2166 περὶ
2338 2101 2432 2156 τῆς
2464 2094 2799 2155 ἀναστάσεως
2829 2090 3151 2165 διαλέγεται.

2261 2179 2401 2235 Οἶδα
2457 2214 2523 2223 ——
2556 2183 2779 2244 ζητεῖτε,
2838 2182 2950 2234 Οὐκ
2998 2181 3380 2254 ἐπαισχύνεται
3414 2180 3574 2252 λέγων
3606 2178 3758 2231 ἐσταυ-

2185 2276 2409 2345 ρωμένον
2440 2276 2525 2323 τόν
2570 2277 2830 2330 Δεσπότην
2870 2271 3047 2342 αὐτοῦ,
3084 2268 3221 2324 διότι
3255 2278 3363 2333 τοῖς
3552 2272 3645 2343 πρό
3688 2265 3756 2317 αᾶι

2185 2369 2277 2413 τοῦ
2329 2363 2726 2435 σταυρωθεῖσιν,
2789 2361 3023 2433 αἰσχυνη
3078 2362 3103 2412 6
3163 2364 3389 2433 σταυρὸς
3450 2357 3533 2418 ἦν.
3582 2357 3761 2427 ἔλεγχος

2184 2455 2251 2501 ὧν
2307 2458 2397 2511 τῆς
2434 2455 2751 2525 κακουργίας
2807 2450 2994 2502 αὐτῶν·
3065 2453 3230 2522 τούτῳ
3280 2446 3339 2502 δε
3395 2446 3531 2512 δόξα
3580 2445 3757 2520 palmi

2185 2536 2456 2603 ἀπόδειξις
2507 2544 2574 2590 ὧν
2621 2548 2715 2600 τῆς
2762 2539 3052 2614 εὐεργεσίας
3108 2547 3204 2591 τῶν
3263 2537 3576 2614 ἀνθρώπων,
3607 2532 3672 2588 δι’
3710 2534 3765 2589 ἦα

2180 2635 2356 2681 τοῦτον
2378 2625 2851 2683 καταδεδίκασται,

2254 2718 2363 2771 Ούκ
2420 2750 2486 2758 —-
2543 2720 2750 2792 Κύριος.
2804 2718 2996 2781 Εἰπὼν,
3058 2724 3226 2779 Δεῦτε,
3288 2713 3435 2769 ῖδετε
3493 2719 3581 2768 τὸν
3631 2717 3762 2765 τόπον

2182 2809 2309 2859 ὅπου
2364 2810 2524 2860 ἔκειτο
2574 2810 2599 2859 6
2632 2810 2840 2880 Κύριος,
2896 2803 3156 2864 ἐδήλωσεν
3215 2807 3297 2858 ὅτι
3346 2801 3426 2857 δι’
3490 2805 3661 2868 αὐτὰς,
3698 2802 3763 2851 ἵνα

2192 1466 2475 1530 πληκτικός

2183 2894 2390 2963 ἴδωσιν,
2425 2896 2703 2949 ἀπεκύλισε
2726 2900 2813 2949 τόν
2834 2896 2993 2949 λίθον.

2260 3011 2359 3058 Καὶ
2389 3008 2531 3076 ταχύ
2579 3035 2649 3046 -
2679 3003 2885 3075 ὄψεσθε.
2940 3001 3216 3077 Προλάγει,
3254 2999 3372 3055 ἀντὶ
3402 3005 3522 3070 τόῦ,
3556 2998 3766 3071 Ηρολαμ·

2181 3093 2318 3146 ϐάνιι
2377 3095 2537 3166 ὑμᾶς.
2621 3096 2821 3147 Κελεύει
2902 3088 2961 3145 δὲ
3035 3092 3225 3153 αὐτούς
3285 3090 3540 3144 ἀπελθεῖν
3589 3088 3652 3149 εἰς
3696 3089 3773 3143 τὴν

2180 3182 2476 3249 Γαλιλαίαν,
2520 3182 2567 3235 ἐν
2620 3184 2857 3256 ᾕχωρὶς
2912 3179 3071 3254 φόϐου
3118 3190 3217 3234 τῶν
3268 3177 3556 3234 Ἰουδαίων
3597 3174 3773 3250 ἔμελλον

2177 3271 2410 3345 ἐντυχεῖν
2437 3273 2603 3343 αὐτῷ.

2248 3377 2387 3434 Ἰδού
2441 3378 2579 3433 εἶπον
2636 3381 2777 3452 ύμῖν.
2831 3383 2952 3453 Περὶ
2998 3379 3203 3430 πάντων
3271 3374 3527 3436 δηλαδὴ.
3587 3374 3654 3427 Ἦ
3702 3374 3776 3422 καί

2175 3469 2375 3545 ἑτέρως,
2413 3466 2574 3537 Ἰδού,
2629 3467 2957 3542 παρήγγειλα
3011 3468 3154 3541 ύμῖν,
3207 3472 3328 3540 περὶ
3386 3475 3499 3519 τῶν
3535 3465 3778 3539 μαθητῶν-

2176 3562 2370 3611 Λοιπόν
2426 3555 2534 3625 οὖν,
2615 3563 2686 3631 μὴ
2760 3557 3054 3631 ἀμελὴσητε
3134 3565 3230 3618 τῆς
3281 3555 3677 3632 παραγγελίας.
3729 3550 3776 3600 Ὀ

2172 3650 2261 3719 μεν
2315 3645 2402 3700 οὖν
2454 3646 2669 3721 ἄγγελος
2711 3647 2880 3713 οὗτος,
2938 3646 3030 3710 ἔξω
3088 3653 3180 3699 τοῦ
3232 3648 3411 3718 τάφου
3484 3646 3781 3717 καθήμενος,

2172 3736 2340 3790 ἐπάνω
2391 3742 2483 3790 τοῦ
2546 3736 2715 3803 λίθου,
2794 3739 2858 3789 τὰ
2909 3737 3135 3811 ῥηθέντα
3179 3754 3307 3809 προς
3393 3738 3497 3797 τὰς
3556 3738 3785 3805 γυναῖκας

2173 3824 2326 3881 εἶπεν.
2388 3828 2527 3879 Ἐπεὶ
2581 3823 2658 3892 δὲ,
2721 3825 2788 3884 δὴ
2844 3825 3109 3897 τολμώσας
3179 3824 3435 3896 ἐγγίσας,
3500 3819 3785 3898 παρεκελεύ-

2174 3936 2302 3968 σατο
2332 3915 2574 3969 εἰσελθεῖν
2626 3916 2697 3975 εἰς
2747 3919 2836 3967 τόν
2874 3917 3053 3986 τάφον·
3097 3920 3249 3965 τοῦτο
3298 3918 3415 3986 γὰρ
3455 3913 3690 3985 ἐμφαίνει
3722 3910 3787 3965 τὸ,

2173 4008 2341 4071 Δεῦτέ,
2428 4001 2566 4058 ἴδετε
2644 4008 2730 4057 τὸν
2812 4008 2965 4056 τόπον
3041 4004 3177 4055 ὃπαυ
3253 4006 3439 4055 ἔκειτο
3511 4004 3540 4053 ό
3598 4002 3787 4071 Rupta-1‘

2174 4093 2431 4152 εἰσῆλθον.

2245 4188 2346 4237 Καὶ
2400 4186 2427 4235 6
2483 4187 2573 4256 μεν
2629 4185 2914 4249 Ματθαίος,
2972 4184 3040 4235 τὰ
3093 4185 3258 4256 μέχρι
3320 4178 3437 4244 τῆς
3478 4179 3799 4234 εἰσελεύσεως

396 4276 676 4343 narravit,
705 4274 935 4349 reliqua
954 4276 1320 4348 prmteriens;
1340 4277 1537 4332 caeteri
1555 4292 1694 4333 vero
1708 4277 1924 4335 relictis
1945 4279 2058 4350 his,

2199 4272 2345 4340 ἰπὼν,
2404 4275 2472 4325 τὰ
2526 4275 2723 4335 ταύτης
2772 4267 3124 4347 παρέδραμεν·
3176 4272 3203 4322 6
3243 4266 3309 4323 δε
3370 4273 3609 4346 Μάρκος
3660 4264 3803 4319 καὶὸ

395 4379 530 4439 quae
552 4382 742 4439 usque
761 4365 838 4423 ad
851 4363 1103 4437 sepulcri
1120 4363 1463 4434 ingressum
1476 4366 1982 4441 acciderant,quaa
1999 4370 2061 4426 in

397 4471 468 4512 eo
484 4455 640 4513 facta
651 4460 785 4511 sunt
800 4453 1365 4527 conscripserunt.Et
1376 4454 1484 4512 hoc
1497 4455 1751 4528 estquod
1765 4458 2061 4515 maximam

397 4544 622 4614 praebet
663 4558 786 4600 non
823 4541 1273 4599 advertentibus
1304 4542 1756 4602 haesitationem.
1785 4546 1878 4603 Ait
1898 4548 2059 4603 enim

398 4633 620 4687 Marcus
637 4648 650 4686 :
670 4633 742 4687 Et
755 4633 1107 4700 ingressaein
1133 4639 1590 4703 monumentum,
1618 4636 1887 4691 viderunt
1917 4638 2061 4693 ado-

400 4718 774 4775 lescentulum
786 4719 1078 4775 sedentem
1091 4720 1153 4774 in
1167 4720 1410 4786 dextris,
1434 4722 1716 4779 amictum
1736 4725 1892 4780 stola
1922 4739 2061 4782 can-

397 4806 563 4877 dida,
584 4812 639 4862 et
665 4807 1106 4878 obstupuerunt.
1136 4807 1243 4864 Ille
1267 4816 1463 4865 autem
1480 4808 1619 4865 dicit
1638 4813 1717 4867 eis
1743 4827 1756 4867 :
1781 4812 2059 4869 Neobstu-

394 4895 703 4967 pescatisJ
702 4910 857 4952 esum
870 4895 1510 4967 quwritisNazarenum
1523 4900 1879 4968 cruciﬁxum
1902 4917 1914 4955 :
1929 4918 2059 4959 sur-

392 4984 568 5049 rexit,
582 4999 703 5040 non
719 4990 801 5040 est
817 4983 929 5041 hic.
952 4985 1104 5041 Ecce
1119 4985 1282 5041 locus
1304 4985 1406 5041 ubi
1428 4995 1754 5056 posuerunt
1775 5003 1927 5045 eum.
1942 4991 2060 5048 Sed

387 5074 570 5130 abite:
595 5072 771 5130 dicite
807 5072 1117 5143 discipulis
1142 5075 1265 5144 ejus
1285 5082 1338 5130 et
1362 5074 1563 5145 Petro,
1585 5076 1739 5146 quod
1764 5079 2057 5145 praecedet

386 5178 482 5219 vos
494 5164 557 5218 in
581 5162 890 5219 Galilaeam
914 5179 926 5217 :
949 5163 1032 5219 ibi
1047 5178 1168 5219 eum
1188 5162 1629 5228 videbitis,sicut
1642 5165 1799 5221 dixit
1810 5168 1966 5243 vobis
1982 5170 2049 5243 ³⁵.

386 5251 547 5304 αὐτοῦ
632 5251 722 5304 καί
792 5260 862 5323 τῷ
938 5256 1133 5327 Πέτρῳ,

385 5345 530 5414 υμὶν.

460 5442 506 5476 ³⁸
538 5442 832 5505 Marexvt,
883 5443 935 5506 5,
963 5444 1017 5493 7.

1220 5253 1299 5304 ὅτι
1384 5256 1602 5326 προάγει
1667 5255 1797 5326 ὑμᾶς
1853 5242 1925 5319 εἰς
2003 5242 2098 5318 τὶν
2170 5258 2465 5312 Γαλιλαίαν.

2172 4368 2394 4430 Λουκᾶς,
2460 4365 2528 4415 τα
2575 4367 2739 4435 μέχρι
2816 4369 2907 4423 τῆς
2979 4359 3318 4422 εἰσελεύσεως
3394 4360 3802 4433 παραλιπόντες,

2169 4454 2235 4505 τὰ
2279 4455 2471 4513 ταύτης
2527 4454 2832 4526 ἱστόρησαν.
2900 4455 3000 4504 Καὶ
3050 4453 3199 4503 τοῦτό
3253 4447 3391 4502 ἔστι
3456 4454 3524 4503 τὸ
3588 4447 3810 4523 μαλιστα

2173 4545 2403 4615 παρέχον
2443 4547 2548 4602 τοῖς
2597 4546 2668 4614 μή
2725 4543 3060 4615 προσέχουσι
3089 4539 3184 4598 τὴν
3215 4536 3499 4613 ἀπορίαν.
3544 4541 3690 4597 Φησὶ
3716 4536 3807 4606 γὰρ

2172 4632 2198 4683 6
2249 4633 2482 4706 Μάρκος,
2537 4632 2616 4683 ὃτι
2696 4634 2796 4684 Καὶ
2877 4628 3207 4682 εἰσελθοῦσαι
3264 4628 3344 4690 εἰς
3414 4631 3484 4682 τὸ
3545 4630 3812 4703 μνημεῖον,

2171 4716 2309 4774 εἶδόν
2366 4724 2629 4773 νεανίσκον
2706 4720 2994 4791 καθήμενον
3074 4715 3123 4769 ἰν
3175 4724 3285 4777 τοῖς
3365 4714 3610 4785 δεξιοῖς,
3686 4733 3818 4786 περιρ

2170 4808 2472 4884 ϐεϐλημένον
2567 4808 2753 4867 στολὴν
2830 4806 3036 4867 λευκὴν.
3149 4810 3239 4858 καὶ
3328 4805 3814 4883 ἐξεθαμϐήθησαν.

2166 4899 2225 4952 Ὀ
2293 4897 2352 4953 δε
2442 4898 2578 4971 λέγει
2651 4897 2857 4959 αύταῖς⁴
2938 4900 3025 4955 Μὴ
3132 4894 3545 4967 ἐκθαμϐεῖσθε,
3624 4898 3818 4955 Ἰησοῦν

2170 4990 2371 5051 ζητεῖτε
2450 4992 2538 5041 τὸν
2609 4987 2938 5059 Ναζαρηνὸν,
3015 4988 3102 5038 τὸν
3163 4983 3632 5062 ἐσταυρωμένον·
3715 4985 3819 5057 ἦγέ·

2164 5080 2288 5154 ρθη,
2346 5078 2441 5131 οὐκ
2493 5079 2634 5129 ἔστιν
2700 5072 2824 5128 ὧδε.
2880 5070 2994 5129 Ἴδε
3042 5076 3069 5127 6
3122 5077 3309 5144 τόπος,
3398 5078 3553 5131 ὅπου
3647 5079 3820 5134 ἔθηκεν

2452 5165 2588 5220 Ἀλλ’
2700 5166 2945 5237 ὑπάγετε,
3048 5166 3224 5217 εἴπατε
3340 5173 3474 5229 τοῖς
3570 5169 3820 5240 μαθηταῖς

2560 5255 2697 5309 Ἐκεῖ
2797 5253 2951 5307 αὐτόν
3058 5252 3275 5324 ὄψεσθε,
3413 5261 3611 5320 καθὼς
3705 5252 3820 5309 εἶπεν

2165 5168 2340 5239 αὐτόν.

1609 5541 1827 5609 Variae.
1856 5542 2185 5611 lectiones
2217 5552 2283 5610 et
2322 5552 2524 5609 notas.

456 5654 570 5726 (82)
593 5655 720 5723 Καὶ,
747 5653 937 5717 abest,
982 5654 1053 5707 A.
