3922 6200
196 283 283 342 753
1091 279 1457 336 COMMENT.‘
1491 279 1558 334 IN
1597 275 2049 335 MATTHEUM.
2091 306 2159 316 -—
2189 275 2344 331 CAP.
2379 276 2619 333 XXVIII.
3395 282 3498 336 754

263 411 368 460 Επιὶ
422 425 514 480 γαρ
561 406 586 457 ὁ
637 406 734 469 ἔξω
786 408 1070 478 καθήμενος
1143 405 1356 477 ἄγγελος
1433 404 1721 477 παρεκελεύ-

1915 400 2063 466 Quia
2091 400 2248 456 enim
2271 401 2322 455 is
2351 399 2455 472 qui
2485 399 2628 456 foris
2653 399 2895 456 sedebat.
2921 399 3171 469 angelus
3203 416 3500 473 praecepe-

194 516 298 550 σατο
339 497 515 556 ταῦτας
556 493 814 560 εἰσελθεῖν,
867 495 1195 548 εἰσελθοῦσαι
1245 495 1315 556 εἰς
1357 499 1414 546 τὸ
1459 484 1727 566 μνημεῖον,

195 583 306 640 εἶδον
353 586 501 659 ἕτερον
544 583 777 656 ἄγγελον,
822 587 1109 658 καθήμενον
1157 583 1205 636 ἐν
1248 592 1354 645 τοῖς
1409 581 1597 647 δεξιοῖς
1641 582 1730 634 αῦ-

193 681 267 728 τοῦ
314 677 492 749 μέρεσι,
557 678 666 738 καὶ,
721 676 790 737 ὡς
845 674 998 743 εἰκὸς,
1069 672 1518 747 ἐξεθαμϐήθησαν,
1591 671 1727 734 ἐξαί-

194 782 292 835 φνης
333 761 627 835 ἐντυχοῦσαι
682 762 842 834 αὐτῷ.
873 763 931 816 Ὀ
985 759 1044 816 δὲ
1087 762 1221 834 λέγει
1267 761 1464 822 αὐταῖς
1499 765 1582 820 Μὴ
1644 759 1728 812 ἐκ·

193 850 444 926 θαμϐιῐσθε,
497 857 584 905 καὶ
641 855 704 906 τὰ
761 852 898 916 ἑξῆς.
956 853 1173 926 Ὀμοίως
1214 849 1272 905 δε
1327 861 1399 923 τῷ
1447 850 1587 912 ἐκτὸς
1641 850 1729 922 ἀγ-

189 942 310 1013 γέλῳ,
359 946 438 994 καὶ
480 942 505 994 ὁ
555 940 713 1013 ἐντὸς,
766 951 965 1017 πρῶτον
1019 940 1329 995 ἀπαλλάττει
1384 944 1573 1002 ταύτας
1634 946 1726 992 τοῦ

194 1029 410 1104 θάμϐους·
468 1033 641 1084 ἔπειτα
693 1035 812 1107 περὶ
862 1040 956 1094 τῆς
1008 1029 1344 1093 ἀναστάσεως
1405 1026 1722 1102 διαλέγετσι.

193 1122 322 1173 Καὶὸ
359 1123 440 1192 μιν
486 1118 648 1185 ἐκτὸς,
696 1120 904 1194 φοϐερὸς
953 1118 1036 1187 ἦν,
1087 1118 1180 1174 διὰ
1229 1124 1346 1182 τοὺς
1398 1119 1664 1194 φύλᾶκαςς
1698 1119 1724 1171 ὁ

197 1207 234 1260 δ’
269 1207 391 1275 ἕντὸς,
436 1209 490 1262 οῦ
543 1217 798 1278 τοιοῦτος,
849 1207 944 1263 διὰ
987 1213 1082 1272 τὰς
1131 1217 1402 1282 γυναῖκας.
1454 1212 1540 1261 Διὸ
1599 1208 1726 1261 ἐκεῖ·

198 1317 262 1350 νον
399 1295 625 1363 ἰδοῦσαι,
660 1297 990 1372 ἐφοϐήθησαν
1033 1300 1219 1353 αὗται·
1253 1306 1433 1352 τοῦτον
1477 1295 1537 1352 δὲ
1583 1294 1725 1351 ἰδοῦ-

199 1403 266 1436 σαι
297 1383 712 1458 ἐξεθαμϐήθησαν,
766 1392 835 1442 Τὸ
869 1385 946 1453 δι,
993 1386 1100 1442 Ἴδε
1152 1390 1177 1440 ὁ
1225 1393 1400 1451 τόπος,
1453 1386 1565 1439 ἀντὶ
1608 1394 1719 1453 τοῦ,

191 1469 298 1528 Ἰδοὺ
331 1476 352 1526 ὁ
390 1481 555 1543 τόπος.
608 1475 891 1549 Ὀνομαστὶ
939 1474 998 1530 δὲ
1049 1479 1338 1552 προσέθηνε
1375 1480 1460 1529 τὸν
1512 1479 1720 1547 Πέτρον,

185 1564 248 1614 ενα
285 1571 390 1633 γνῷ,
435 1566 512 1618 ὅτι
555 1573 970 1642 συγκεχώρηται
998 1570 1055 1619 τὸ
1106 1567 1317 1638 σφάλμα
1362 1573 1456 1628 τῆς
1506 1564 1726 1638 τριπλῆς

182 1648 399 1724 ἀρνήσεως
451 1651 541 1707 διὰ
593 1659 688 1714 τὴν
747 1658 938 1729 θερμὴν
993 1658 1285 1728 μετάνοιαν,
1345 1660 1434 1707 καὶ
1483 1652 1724 1706 ἀναπνεῦ-

180 1759 250 1813 σῃ.
281 1747 364 1795 Καὶ
390 1745 483 1816 γὰρ
530 1743 835 1800 ἇϐεϐῦθιστο
879 1753 939 1817 τῇ
976 1743 1178 1818 ἀμέτρῳ
1210 1745 1367 1818 λύπη.
1419 1746 1723 1814 Ἐπαγαγὼν

1839 494 1931 546 rat
1951 489 2033 544 eis
2054 488 2305 559 ingredi,
2336 489 2622 566 ingressae
2651 490 2709 545 in
2735 493 3190 545 monumentum
3224 487 3498 546 viderunt

1838 579 2085 635 alterum
2112 577 2392 650 angelum
2423 577 2731 634 sedentem
2765 595 2800 634 ιι
2824 583 3033 635 dextra
3062 577 3254 650 ipsius
3281 582 3448 650 parte
3477 596 3491 645 ;

1836 673 1894 725 et
1922 673 1984 725 ut
2012 667 2329 727 verisimile
2355 674 2465 731 est,
2495 666 2624 724 viso
2654 672 2898 740 repente
2922 682 2992 724 eo
3018 667 3482 739 obstupuerunt.

1837 762 1910 814 At
1949 758 2044 813 ille
2101 757 2249 813 dixit
2289 757 2370 812 eis
2405 778 2416 810 :
2460 757 2550 813 Ne
2601 757 3045 827 obstupescutis,
3079 761 3190 812 etc.
3246 759 3309 811 Et
3341 756 3493 812 sicut

1834 846 2090 903 exterior
2119 845 2383 916 angelus,
2426 845 2509 902 ita
2555 853 2612 901 et
2639 845 2899 910 interior,
2940 846 3200 919 primum
3245 845 3489 919 quidem

1834 941 2076 1009 stupore
2101 951 2203 992 eas
2233 933 2447 992 liberat
2478 951 2492 1001 ;
2533 935 2752 991 deinde
2805 951 2878 992 ea
2933 951 3057 1008 qua:
3094 935 3169 991 de
3226 951 3488 992 resurre-

1833 1024 2028 1081 ctione
2058 1029 2228 1080 erant
2254 1023 2510 1080 disserit.
2571 1026 2638 1080 Et
2670 1028 2826 1080 certe
2889 1021 3141 1080 exterior
3186 1022 3488 1080 timendus

1832 1118 1959 1170 erat
2004 1117 2243 1186 propter
2291 1112 2611 1179 custodes;
2670 1113 2915 1170 interior
2962 1127 3106 1169 vero
3178 1111 3309 1168 talis
3366 1127 3489 1168 non

1831 1207 1973 1267 erat,
1999 1207 2237 1275 propter
2268 1201 2572 1258 mulieres.
2603 1200 2744 1258 Ideo
2773 1201 2874 1258 illo
2903 1200 3152 1274 quidem
3185 1200 3334 1265 viso,
3369 1199 3490 1257 istae

1832 1291 2154 1348 timuerunt
2184 1307 2197 1357 ;
2230 1289 2344 1346 hoc
2375 1298 2578 1346 autem
2613 1290 2761 1355 viso,
2789 1289 3248 1363 obstupuerunt.
3289 1289 3487 1344 Nomi-

1831 1378 2005 1434 natim
2034 1383 2231 1434 autem
2269 1377 2504 1433 Petrum
2561 1377 2810 1444 addidit,
2846 1384 2910 1434 ut
2959 1377 3133 1433 sciret
3162 1377 3485 1434 remissum

1832 1467 1942 1522 sibi
1970 1483 2099 1522 esse
2141 1468 2303 1522 trium
2331 1466 2664 1537 negationis
2694 1465 2954 1538 lapsum,
2990 1469 3232 1537 propter
3258 1464 3486 1520 ferven-

1833 1561 1944 1612 tem
1988 1555 2416 1627 pmnitentiam,
2449 1559 2504 1610 et
2532 1553 2855 1626 respiraret
2886 1571 2898 1609 :
2958 1554 3280 1625 absorptus
3309 1553 3486 1625 siqui-

1831 1645 1968 1700 dem
2000 1647 2127 1700 erat
2151 1645 2446 1699 immenso
2477 1659 2754 1699 maerore.
2782 1641 3017 1698 Addens
3044 1647 3245 1697 autem
3273 1659 3286 1696 :
3318 1641 3488 1698 Sicut

1831 1733 1986 1790 dixit
2026 1733 2206 1797 vobis,
2247 1731 2476 1788 reduxit
2504 1731 2588 1786 eis
2618 1731 2696 1786 ad
2729 1731 3084 1786 memoriam
3135 1729 3196 1784 id
3235 1729 3484 1801 quodin

177 1825 238 1894 δὲ,
266 1832 334 1884 ὁτι
374 1833 547 1896 Καθὼς
577 1830 717 1888 εἶπεν
760 1835 904 1907 ὑμῖν,
936 1833 1217 1906 ἀνέμνησεν
1247 1833 1437 1895 αὐτοὺς
1484 1833 1544 1885 οὗ
1589 1833 1721 1885 εἶπεν

1903 1829 2034 1878 onte
2065 1820 2360 1878 Olivarum
2382 1819 2608 1877 dixerat
2633 1838 2646 1876 :
2669 1820 2987 1891 Postquam
3007 1825 3204 1875 autem
3226 1833 3489 1874 resurre-

174 1916 211 1970 ἓν
247 1927 308 1990 τῷ
333 1925 430 1994 ᾀοει
475 1931 575 1975 τῶν
628 1922 864 1989 Ἐλαιῶν,
913 1924 994 1976 ὅτι
1024 1926 1166 1977 Μετὰ
1207 1923 1268 1977 τὸ
1314 1921 1586 1996 ἐγερθῆναι
1638 1941 1720 1994 με,

171 2010 342 2081 προάξω
371 2013 498 2084 ὑμᾶς
527 2013 598 2075 εἰς
633 2019 728 2073 τὴν
753 2013 1049 2081 Γαλιλαίαν,
1083 2017 1147 2076 ὡς
1178 2017 1350 2088 εἴρηκε
1389 2015 1655 2074 Ματθαίος
1675 2011 1722 2066 ἐν

169 2105 226 2167 τῷ
249 2099 490 2173 ἔξηκοστῷ
519 2104 752 2178 τετάρτῳ
779 2102 1058 2177 κεφαλαίῳ.

223 2185 272 2240 Ὀ
326 2185 380 2242 δι
452 2198 664 2254 Λουκᾶς
736 2192 973 2266 ἔγραψεν,
1048 2193 1128 2246 ὅτι
1206 2197 1303 2246 Καὶ
1373 2191 1720 2259 εἰσελθοῦσαι,

166 2275 251 2346 οὐχ
291 2278 419 2352 εὖρον
466 2284 520 2332 τὸ
585 2289 742 2354 σῶμα
786 2289 877 2334 τοῦ
935 2285 1131 2356 Κυρίου
1185 2281 1380 2340 Ἰησοῦ.
1453 2285 1548 2334 Καὶ
1607 2280 1720 2352 ἐγί-

167 2382 254 2416 νετο
302 2365 360 2418 ἐν’
421 2377 490 2439 τῷ
544 2367 920 2445 διαπορεῖσθαι
979 2371 1136 2433 αὐτὰς
1191 2376 1310 2445 περὶ
1372 2373 1576 2435 τούτου,
1634 2377 1723 2424 καὶ

168 2448 282 2520 ἰδοῦ,
356 2454 536 2533 ἄνδρες
626 2456 724 2512 duo
804 2459 1097 2518 ἐπέστησαν
1179 2460 1362 2522 αῦταῖς
1440 2459 1490 2512 ἕν
1568 2461 1722 2519 ἐσθλῇ⁸

171 2560 288 2595 σισιν
370 2545 816 2622 ἀστραπτοῦσαις.
927 2548 1192 2622 Ἐμφὸϐων
1294 2547 1353 2602 δὲ
1443 2553 1721 2622 γενομένων

165 2630 322 2698 αὐτῶν,
350 2641 433 2689 καὶ
462 2636 751 2690 κλινουσῶν
792 2641 849 2692 τὸ
876 2643 1156 2711 πρόσωπον
1184 2638 1257 2700 εἰς
1299 2643 1394 2698 τὴν
1428 2646 1548 2710 γῆν,
1584 2636 1721 2692 εἶπον

164 2725 264 2795 πρὸς
297 2724 454 2787 αὑτάς⁸
483 2732 546 2781 Τί
597 2727 802 2789 ζητεῖτε
847 2731 933 2780 τὸν
977 2728 1149 2790 ζῶντα
1176 2730 1307 2800 μετὰ
1348 2736 1448 2780 τῶν
1490 2737 1678 2802 νεκρῶν
1699 2747 1716 2799 ;

165 2808 368 2888 Ἠῇρθη9
427 2817 540 2888 (83)
608 2816 703 2869 οῦκ
757 2820 896 2870 ἔστιν
953 2814 1076 2873 ὧδε.
1130 2819 1244 2888 (84)
1296 2819 1599 2883 Μνὴσθητε,
1651 2819 1721 2880 ὡς

163 2897 366 2960 ἐλάλησεν
401 2907 539 2978 ῦμίν,
600 2909 680 2959 ἔτι
708 2911 775 2958 ὧν
815 2905 862 2959 ἐν
886 2914 946 2980 τῇ
1001 2906 1267 2979 Γαλιλαίᾳ,
1313 2906 1472 2979 λέγων
1529 2909 1610 2960 ὃτι
1639 2914 1724 2961 Δεῖ

161 2992 230 3040 τὸν
282 2993 387 3044 ria»
443 3001 534 3046 τοῦ
609 2993 877 3068 ἄνθρωπον
958 2992 1324 3068 πυραδοθῆναι
1395 2996 1468 3058 εἰς
1540 3005 1720 3071 χεῖρας

158 3074 399 3152 ἀνθρώπων
427 3083 766 3160 ἁμαρτωλῶν,
802 3089 891 3138 καὶ
931 3086 1317 3160 σταυρωθῆναι,
1344 3091 1434 3138 καὶ
1471 3093 1533 3158 τῇ
1567 3091 1718 3161 τρίτη

160 3167 299 3241 ἠμρᾳ
359 3170 669 3232 ἀναστῆναι.
741 3178 838 3227 Καὶ
914 3173 1252 3247 ἇμνήσθησαν
1309 3182 1409 3227 τῶν
1472 3175 1720 3249 ῥημάτων

159 3255 309 3312 αὐτοῦ.

213 3345 262 3400 ’0
311 3353 394 3420 μὲν
444 3353 545 3426 γὰρ
619 3353 905 3424 καθήμενος
959 3350 1008 3404 ἕν
1067 3358 1174 3414 τοῖς
1233 3348 1424 3416 δεξιοῖς
1485 3351 1716 3424 ἅγγελος,

160 3433 286 3487 εἰπὼν
343 3443 461 3513 πρὸς
515 3441 703 3502 αὐτὰς,
755 3443 856 3494 ὃσα
910 3443 1122 3514 Μάρκος
1189 3439 1513 3512 ἀπήγγειλεν,
1569 3441 1718 3504 ὑπεξ-

161 3521 302 3591 ξλθιν,
337 3530 362 3579 ὁ
405 3535 493 3582 καὶ
550 3530 680 3582 αὐτὸ
737 3532 1144 3603 παρασιωπηθεν
1196 3539 1268 3600 τῷ
1319 3537 1534 3605 Μαρκῳ,
1591 3532 1718 3603 μετὰ

159 3617 230 3665 καὶ
277 3625 367 3668 τῶν
431 3615 769 3677 δηλωθέντων
848 3621 948 3672 ῦπό
1017 3625 1109 3671 τοῦ
1184 3625 1382 3682 Λουκᾱ,
1455 3619 1718 3694 παρεσχεν

160 3703 317 3773 ὁμοίως
353 3705 595 3782 ἀπορίαν.
644 3708 784 3761 Ἐπεὶ
829 3703 890 3761 δι
935 3707 1040 3779 οὐχ
1087 3708 1230 3780 εὗρον
1279 3709 1436 3761 αὗται
1461 3712 1518 3761 τὸ
1569 3717 1720 3781 σῶμα

160 3801 233 3845 τοῦ
272 3801 452 3870 Κυρίου
501 3797 706 3864 Ἰησοῦ,
758 3793 1046 3872 διηπόρουν
1092 3802 1211 3870 περὶ
1263 3797 1442 3868 αὐτοῦ,
1475 3803 1526 3850 τί
1573 3802 1719 3870 γέγο-

157 3900 250 3933 νεν·
302 3889 438 3938 οῦπω
507 3889 614 3959 γὰρ
681 3882 938 3944 ἠδύναντο
987 3890 1266 3952 πιστεύειν,
1339 3889 1419 3940 ὅτι
1490 3885 1676 3945 ἀνέστη
1706 3909 1718 3922 ο

158 3971 270 4023 οὕτω
317 3970 372 4027 δι
419 3971 859 4048 διαπορουμέναις
901 3974 1192 4034 ὶπὲστησαν
1239 3976 1423 4039 αὐταῖς
1468 3977 1517 4029 οἱ
1564 3976 1723 4052 προρ-

156 4060 356 4131 ,ὁηθίντες
410 4061 509 4118 δύο
560 4064 796 4136 ἄγγελοι,
849 4067 904 4118 ὃν
958 4083 1014 4118 τε
1067 4061 1206 4118 εἶδον
1245 4065 1338 4128 ἔξω
1393 4073 1486 4118 τοῦ
1535 4068 1719 4138 τάφου,

156 4153 230 4201 καὶ
271 4153 320 4203 ὃν
367 4153 650 4207 ἐθεάσαντο
702 4149 847 4207 ἔνδον
905 4153 1084 4224 αὐτοῦ,
1135 4156 1720 4227 μετασχηματισθίιτες

157 4235 196 4288 ἐν
234 4238 498 4299 ἐσθήσεσιν
548 4242 998 4316 ἅστραπτούσαις,
1060 4246 1142 4295 ἱνα
1176 4247 1264 4296 καὶ
1321 4243 1509 4316 μᾶλλον
1568 4246 1722 4316 ἄγγε-

155 4325 223 4378 λοι
261 4336 382 4382 Θεοῦ
425 4328 650 4401 δόξωσι,
702 4340 773 4403 τῷ
809 4329 982 4405 ῥᾳδίῳ
1027 4340 1120 4385 τοῦ
1161 4341 1678 4406 μενασχηματισμοῦ
1704 4353 1716 4367 ·

157 4413 356 4487 ἐμφόϐων
425 4417 484 4474 δι
539 4425 822 4494 γενομένων
895 4421 1084 4484 αὐτῶν,
1140 4421 1223 4475 ἐπὶ
1289 4430 1359 4492 τῷ
1411 4431 1571 4494 καινῷ
1631 4432 1721 4484 τῆς

157 4505 310 4573 ὄψεως,
353 4516 440 4563 καὶ
491 4515 566 4582 μὴ
631 4506 927 4582 δυναμένων
982 4509 1188 4583 βλέπειν
1246 4511 1319 4574 εἰς
1365 4512 1570 4580 αὐτοὺς,
1630 4509 1720 4564 διὰ

157 4594 202 4644 τὸ
260 4604 350 4648 τῶν
417 4596 657 4657 ἐσθήτων
712 4599 823 4669 (85)
892 4596 1308 4673 ἁστραπηϐόλον,
1385 4598 1523 4654 εἶπον
1598 4605 1722 4676 πρὸς

155 4683 308 4749 τᾶτὰς,
361 4688 530 4741 οὐκέτι
601 4690 795 4763 πράως,
855 4690 925 4750 ὡς
988 4693 1254 4764 πρότερον,
1329 4689 1436 4742 ἀλλ’
1503 4689 1720 4750 ἐπιπλη-

155 4783 332 4841 κτικώς,
363 4773 454 4830 διὰ
483 4783 581 4836 τὴν
623 4775 873 4831 ἀπιστίαν
903 4776 1071 4830 αὐτῶν
1097 4795 1109 4807 ·
1143 4782 1207 4831 Τί
1240 4781 1436 4841 ζητεῖτε
1475 4784 1560 4832 τὸν
1592 4781 1724 4841 ζῶν-

155 4879 209 4912 τα
257 4869 377 4934 μετὰ
458 4876 563 4920 τῶν
628 4875 837 4940 νεκρῶν,
901 4869 1084 4938 ἤγουν,
1149 4870 1217 4930 ὡς
1288 4873 1496 4943 νεκρόν;
1558 4878 1722 4925 Τοῦτο

213 4985 254 5022 ⁸⁸
279 4989 472 5047 Matth.
506 5005 664 5056 xxvn,
719 4992 806 5045 32.
885 4990 932 5025 ⁸⁷
957 4989 1095 5045 Luc.
1121 5005 1274 5058 xxxv,
1307 4989 1422 5046 3-8.

1830 1927 1996 1976 :rero,
2027 1911 2356 1981 praecedam
2385 1925 2478 1965 vos
2508 1910 2571 1965 in
2613 1910 2945 1974 Galilaeam,
2979 1907 3131 1964 sicut
3167 1907 3314 1964 dixit
3337 1908 3481 1964 Mat-

1835 2001 2023 2057 thaeus
2061 2000 2342 2056 vicesimo
2372 2002 2539 2055 sexto
2569 1999 2763 2070 capite
2801 1997 2870 2053 “.

1905 2215 2090 2269 Lucas
2120 2227 2262 2267 vero
2283 2210 2556 2284 scripsit:
2590 2211 2656 2266 Et
2672 2211 2955 2280 ingressa
2974 2224 3095 2265 non
3125 2207 3484 2264 invenerunt

1833 2317 2048 2372 corpus
2090 2300 2330 2357 Domini
2368 2301 2531 2357 Jesu.
2580 2299 2658 2354 Et
2684 2298 2920 2368 factum
2967 2301 3054 2354 est
3109 2297 3250 2352 dum
3297 2301 3491 2352 mente

1831 2397 2222 2448 consternata:
2237 2395 2422 2446 essent
2445 2403 2625 2458 super
2655 2387 2787 2457 hoc,
2808 2392 2863 2442 et
2879 2401 3011 2443 ecce
3033 2385 3153 2441 duo
3175 2384 3292 2440 viri
3317 2391 3487 2441 stete-

1830 2487 1974 2536 runt
1984 2483 2170 2550 juxta
2195 2480 2338 2535 iitas
2368 2479 2430 2533 in
2460 2477 2714 2534 vestibus
2737 2474 3210 2547 fulgurantibus.
3231 2474 3491 2546 Cumque

1830 2569 2227 2639 expavissent,
2255 2573 2310 2625 et
2330 2567 2694 2624 declinarent
2722 2565 2954 2621 vultum
2976 2564 3038 2618 in
3059 2569 3304 2630 terram,
3327 2563 3489 2620 diate-

1829 2665 1974 2714 runt
1991 2659 2072 2715 ad
2089 2658 2232 2714 ittas
2252 2673 2263 2713 :
2283 2656 2438 2724 Quid
2449 2655 2714 2728 quzritis
2729 2654 3014 2710 viventem
3033 2668 3165 2708 cum
3187 2651 3441 2708 mortuis
3460 2652 3489 2708 ‘t

1827 2748 1965 2804 Non
1976 2754 2059 2805 est
2071 2748 2186 2811 hic,
2201 2746 2304 2803 sed
2311 2745 2590 2802 surrexit.
2604 2744 2949 2799 Mementote
2957 2739 3247 2812 quomodo
3260 2742 3489 2796 locutus

1827 2837 1902 2892 sit
1930 2836 2108 2906 vobis,
2136 2851 2269 2893 cum
2291 2832 2490 2890 adhuc
2509 2838 2653 2890 esset
2677 2831 2743 2886 in
2764 2831 3015 2887 Gatitasa
3030 2827 3232 2885 dicens
3259 2843 3280 2884 .·
3305 2826 3486 2897 Opor-

1833 2931 1910 2983 tet
1923 2925 2147 2982 Fitium
2162 2924 2414 2980 hominis
2427 2921 2590 2979 tradi
2603 2922 2665 2976 in
2679 2934 2890 2976 manus
2905 2917 3210 2975 hominum
3222 2921 3490 2986 peccato-

1831 3030 1987 3082 rum,
2020 3019 2075 3071 et
2099 3013 2385 3084 cruci/Egi,
2413 3027 2486 3068 ac
2508 3009 2680 3066 tertio
2702 3009 2796 3066 die
2825 3023 3154 3078 resurgere.
3190 3007 3272 3062 Et
3291 3020 3486 3063 recor-

1831 3103 1990 3160 data:
2019 3109 2152 3160 sunt
2180 3101 2488 3158 verborum
2512 3099 2678 3156 illius
2708 3098 2784 3156 ⁸⁷.

1901 3349 2161 3421 Angelus
2193 3350 2384 3420 itaque
2409 3346 2513 3421 qui
2535 3345 2780 3402 sedebat
2805 3360 2844 3401 a
2871 3343 3118 3409 dextris,
3150 3343 3376 3416 quique
3403 3343 3482 3400 ad

1829 3456 1931 3497 eas
1951 3441 2177 3495 dixerat
2203 3453 2274 3493 ea.
2298 3453 2432 3509 qua:
2459 3434 2652 3492 retulit
2682 3435 2936 3500 Marcus,
2969 3432 3278 3506 disparuit.
3308 3430 3479 3497 Quod

1829 3531 2031 3595 etiam,
2059 3528 2204 3600 quia
2227 3544 2260 3583 a
2290 3529 2481 3584 Marco
2513 3524 2750 3581 silentio
2805 3521 3161 3596 praeteritum
3191 3527 3295 3587 est,
3339 3536 3478 3576 cum

1828 3620 1921 3676 his
1937 3635 2072 3692 quas
2092 3633 2129 3674 a
2157 3620 2307 3672 Luca
2329 3619 2569 3672 narrata
2588 3617 2744 3679 sunt,
2764 3611 3031 3668 similiter
3050 3609 3478 3666 obscuritatem

1830 3708 2069 3781 peperit.
2089 3708 2236 3764 Cum
2263 3703 2633 3776 autemipste
2659 3716 2880 3773 corpus
2916 3699 3151 3756 Domini
3175 3698 3316 3754 Jesu
3357 3713 3481 3754 non

1830 3797 2214 3860 invenissent,
2247 3796 2608 3866 expaverunt
2636 3790 2988 3861 cogitantes,
3013 3787 3161 3861 quid
3187 3787 3262 3844 de
3292 3803 3364 3843 eo
3394 3785 3480 3842 fa-

1831 3892 1993 3943 ctum
2019 3889 2191 3941 esset.
2225 3882 2500 3940 Nondum
2522 3880 2685 3938 enim
2723 3879 2962 3936 credere
3001 3881 3277 3950 poterant
3313 3875 3481 3948 quod

1831 3976 2243 4032 resurrexisset
2274 3989 2289 4039 ;
2339 3972 2418 4028 ita
2446 3968 2838 4027 consternatis
2890 3966 3037 4040 ipsis
3068 3969 3481 4039 apparuerunt

1831 4065 1950 4120 duo
1983 4062 2244 4135 prasdicti
2270 4059 2488 4129 angeli,
2521 4058 2647 4114 etis
2678 4056 2952 4114 videlicet
2977 4071 3154 4127 quem
3189 4057 3357 4111 extra
3396 4069 3485 4110 se-

1832 4152 2100 4226 pulcrum
2140 4151 2426 4214 viderant,
2454 4152 2510 4204 et
2538 4161 2722 4218 quem
2761 4145 2820 4200 in
2852 4144 2984 4216 ipso
3023 4147 3480 4215 conspexerant,

1830 4239 2237 4310 transﬂgurati
2255 4238 2315 4293 in
2336 4235 2601 4293 vestibus
2621 4232 3084 4303 fulgurantibus,
3103 4236 3169 4288 ut
3195 4231 3375 4286 etiam
3402 4230 3482 4286 ob

1833 4331 2212 4404 splendorem
2231 4328 2320 4399 (η)
2335 4321 2874 4382 transformationis
2887 4320 3147 4390 apertius
3171 4316 3366 4385 angeli
3380 4316 3483 4372 Dei

1831 4421 2190 4478 viderentur.
2226 4417 2372 4472 Cum
2415 4417 2614 4469 autem
2662 4425 2822 4466 novo
2853 4410 3098 4480 aspectu
3149 4405 3482 4462 conterritis

1831 4514 2045 4573 essent,
2080 4522 2188 4563 nec
2217 4506 2465 4577 possent
2505 4501 2585 4558 ob
2615 4498 2869 4556 vestium
2914 4494 3390 4552 coruscationem
3421 4494 3482 4550 in

1831 4616 1934 4656 eos
1961 4597 2272 4670 respicere,
2302 4593 2578 4649 dixerunt
2601 4589 2681 4646 ad
2719 4603 2822 4644 eas
2859 4600 2983 4642 non
3004 4585 3134 4657 jam
3166 4588 3482 4640 mansuete

1831 4692 1891 4744 ut
1916 4687 2102 4761 prius,
2151 4683 2256 4740 sed
2285 4678 2649 4752 obiurgandi
2677 4675 2861 4732 modo
2919 4678 3160 4746 propter
3211 4671 3480 4744 ipsarum

1831 4773 2352 4836 incredulitatem:
2403 4769 2476 4827 Ut
2515 4767 2659 4841 quid
2710 4763 2971 4838 quaeritis
3019 4764 3302 4820 viventem
3349 4776 3483 4818 cum

1833 4864 2134 4926 mortuis?
2181 4867 2472 4933 tanquam
2511 4855 2785 4914 videlicet
2822 4857 3129 4910 mortuum
3153 4851 3182 4907 ?
3229 4854 3378 4910 Nam
3422 4851 3484 4908 id

1366 5143 1594 5211 Variae
1624 5144 1953 5212 lectiones
1995 5147 2061 5206 et
2091 5145 2294 5204 notae.

215 5308 314 5375 (83)
351 5310 599 5375 Ἠγέρθη,
627 5308 816 5375 abest,
845 5313 912 5366 Δ.

217 5331 292 5374 ιω
351 5331 816 5434 ἰιῖἰρσηηιωιιδι,
845 5331 912 5390 δε

217 5331 316 5454 (εις
366 5388 402 5436 Δ
514 5381 737 5455 ηγερθη,
766 5379 956 5449 addit,
986 5384 1054 5436 A.

1915 5308 2032 5379 (85)
2073 5299 2518 5378 Ἀστραπήϐολον,
2568 5305 2607 5353 Α

219 5558 293 5629 (η)
316 5558 396 5616 0b
422 5559 822 5630 splendorem.
854 5557 944 5615 0b
967 5557 1334 5626 facilitatem,
1365 5557 1745 5616 celeritatem.
1773 5555 1983 5613 Nescio
2016 5567 2163 5610 sane
2200 5551 2343 5625 quid
2373 5549 2578 5622 legerit
2606 5549 2916 5620 interpres,
2977 5543 3142 5599 Forte
3197 5547 3269 5610 τῷ
3299 5540 3496 5611 ὡραίῳ,

160 5645 272 5706 loco
297 5658 364 5722 ιῷ
389 5646 590 5725 ραδιῳ.
