3922 6200
439 302 546 359 759

1762 295 2111 351 EUTHYMII
2149 293 2482 351 ZIGABENI
3658 297 3738 351 150

440 429 657 501 pulum
704 428 972 485 vicerunt
1007 426 1301 501 pecuniae,
1361 423 1550 480 multo
1605 422 1798 492 magis
1856 421 2087 477 milites.

2223 422 2264 472 ’ἀ
2306 411 2566 493 ’ἀργύρια,
2606 420 2775 492 πολλῷ
2831 420 3020 493 μᾶλλον
3077 429 3175 473 τῶν
3236 427 3571 493 στρατιωτῶν.
3628 426 3737 491 Μέγα

439 518 583 574 Vere
623 518 821 587 itaque
858 532 1150 587 magnum
1203 519 1290 570 est
1329 512 1554 569 malum
1597 512 1866 584 pecunite
1898 526 2088 577 amor,

440 610 498 661 et
528 621 886 675 magnorum
918 620 1103 660 causa
1143 604 1460 659 malorum.
1505 601 1855 656 Sermonem
1892 606 2091 655 autem

439 693 810 762 divulgatum
844 694 1003 758 dicit,
1046 693 1211 767 quod
1253 692 1409 747 furto
1457 690 1725 747 sublatus
1773 691 1847 744 sit
1896 691 2087 751 Jesus,

437 782 625 837 Lucas
650 798 789 837 vero
820 783 889 839 de
922 782 1275 839 mulieribus
1307 780 1422 837 ait:
1456 781 1533 836 Et
1561 793 1865 836 reversam
1888 793 2095 834 monu-

439 876 634 927 mento
686 872 1121 929 nuntiaverunt
1181 872 1301 927 hac
1356 870 1555 925 omnia
1613 868 1753 937 ipsis
1796 868 2092 931 undecim,

439 961 775 1032 ceterisque
793 962 1143 1028 omnibus“,
1163 958 1436 1015 videlicet
1456 957 1851 1031 septuaginta.
1877 957 2095 1012 Deinde

442 1056 754 1105 enumerat
780 1065 883 1105 eas
906 1049 1112 1106 dicens
1147 1067 1160 1106 :
1191 1048 1377 1105 Erant
1405 1054 1598 1105 autem
1628 1047 1830 1103 Maria
1854 1047 2097 1117 Magda-

445 1139 594 1207 lene,
624 1143 678 1192 et
706 1139 961 1208 Joanna,
1003 1143 1058 1195 et
1102 1138 1298 1196 Maria
1338 1137 1563 1203 Jacobi,
1598 1152 1670 1192 ac
1713 1140 1933 1192 caetera:
1965 1151 2097 1207 quas

444 1241 577 1281 cum
615 1227 695 1282 eis
733 1232 926 1294 erant,
957 1242 1092 1298 qua:
1130 1227 1401 1284 dicebant
1432 1226 1513 1282 ad
1548 1226 1832 1296 apostolos
1871 1225 1985 1280 hac
2024 1226 2093 1277 ".

442 1314 658 1369 Verum
689 1315 995 1371 Matthaaus
1024 1316 1269 1388 quidem
1309 1315 1551 1372 Mariam
1594 1313 2000 1385 Magdalenen,
2043 1318 2100 1370 et

444 1402 628 1459 Maria
674 1403 877 1459 Jacobi
930 1410 985 1458 et
1030 1406 1165 1459 Jose
1211 1403 1569 1475 conscripsit
1613 1405 1706 1458 ⁹³ε
1760 1417 1879 1457 non
1925 1401 2098 1474 quasi

445 1491 623 1555 solas,
652 1491 755 1546 sed
785 1496 1073 1564 tanquam
1105 1493 1331 1548 caeteris
1359 1507 1495 1565 qua:
1524 1508 1663 1547 cum
1703 1491 1786 1547 eis
1816 1496 1986 1546 erant
2014 1490 2099 1545 in-

444 1579 731 1652 signiores
750 1596 763 1647 ;
780 1582 1006 1637 Marcus
1019 1586 1219 1637 autem
1232 1581 1409 1637 etiam
1424 1579 1779 1652 signiﬁcavit
1793 1579 2059 1636 Salomen
2084 1596 2097 1646 ;

449 1670 635 1724 Lucas
652 1684 792 1725 vero
812 1668 1089 1726 Salomen
1101 1670 1349 1742 quidem
1364 1669 1598 1741 absque
1616 1684 1897 1741 expresso
1912 1669 2102 1724 nomi-

446 1773 520 1813 ne
552 1757 802 1829 reliquit,
845 1758 1241 1815 manifestavit
1271 1762 1472 1814 autem
1499 1760 1820 1813 Joannam.
1856 1757 2101 1813 Addens

448 1862 587 1902 vero
607 1848 711 1903 :Et
728 1852 952 1904 cetera?
966 1863 1238 1920 quaecum
1255 1848 1334 1905 eis
1351 1853 1546 1914 erant,
1563 1846 1857 1916 signiﬁcat
1869 1852 1925 1903 et
1941 1846 2105 1902 Salo-

450 1950 610 2002 men,
639 1939 695 1990 et
722 1934 869 1991 alias
880 1935 1181 2008 quasdam
1199 1937 1269 1990 ".
1287 1938 1420 1991 Post
1440 1935 1663 1991 dictam
1685 1935 1884 2007 itaque
1898 1935 2104 1990 mulie-

450 2039 585 2079 rum
615 2024 1131 2080 enumerationem
1161 2039 1400 2080 rursum
1431 2023 1742 2094 subjunxit
1774 2024 1995 2079 Lucas:
2025 2025 2104 2079 Et

452 2112 578 2169 visa
606 2117 744 2168 sunt
775 2127 974 2169 coram
1004 2113 1124 2169 illis
1141 2118 1429 2184 tanquam
1450 2111 1906 2169 deliramentum
1928 2113 2105 2169 verba

450 2214 680 2269 earum,
711 2216 815 2257 nec
851 2200 1230 2257 crediderunt
1258 2201 1395 2272 ipsis
1434 2203 1503 2254 ’⁵.

523 2288 669 2344 Hinc
693 2304 836 2359 ergo
862 2294 1108 2345 sumunt
1126 2289 1380 2355 initium,
1404 2305 1538 2363 quae
1562 2288 1637 2344 de
1665 2288 1846 2346 Maria
1871 2290 2104 2360 Magda-

450 2378 582 2437 lene
604 2378 762 2433 solus
782 2379 1016 2450 scripsit
1038 2380 1319 2447 Joannes,
1346 2378 1527 2435 veluti
1558 2394 1628 2435 ea
1652 2394 1913 2452 quorum
1941 2379 2107 2451 apud

450 2468 712 2541 reliquos
742 2467 907 2525 nulla
934 2472 1022 2525 est
1050 2468 1200 2525 facta
1238 2469 1459 2525 mentio
1485 2471 1554 2521 οτ.
1599 2469 1751 2535 Quia
1777 2470 1937 2525 enim
1974 2470 2105 2526 visa

452 2562 592 2613 sunt
614 2572 818 2613 coram
838 2556 1122 2630 apostolis
1152 2562 1442 2630 tanquam
1473 2558 1935 2614 deliramentum
1966 2574 2101 2614 ver-

452 2646 535 2703 ba
562 2646 926 2703 mulierum:
973 2646 1107 2720 ipsa
1144 2647 1417 2718 cogitans
1460 2647 1617 2704 intra
1658 2664 1719 2703 se
1764 2648 1928 2720 quod
1972 2663 2105 2704 vere

454 2734 720 2808 deceptae
750 2741 968 2803 essent,
988 2735 1265 2809 quodque
1285 2752 1391 2809 per
1413 2735 1795 2809 phantasiam
1816 2737 2109 2793 vidissent

455 2840 593 2898 quae
631 2822 922 2890 viderant,
956 2826 1014 2880 et
1042 2824 1347 2881 audissent
1374 2840 1513 2898 quas
1542 2824 1857 2881 audierant
1889 2825 2108 2897 (neque

458 2912 618 2969 enim
655 2912 821 2969 aliter
858 2917 1147 2986 tanquam
1195 2913 1658 2970 deliramentum
1700 2914 2111 2985 apparuissent

458 3000 892 3058 cordatioribus
929 2984 1002 3058 et
1025 3002 1510 3075 sapientioribus)
1555 3018 1677 3059 non
1713 2984 1960 3075 quievit,
2004 3004 2109 3059 sed
2155 2984 2195 3042 C

461 3091 592 3147 sola
604 3090 872 3163 protinus
883 3090 963 3147 ad
975 3096 1435 3148 monumentum
1455 3092 1732 3158 cucurrit,
1754 3108 1892 3148 cum
1911 3091 2111 3148 adhuc

458 3180 719 3236 tenebrm
734 3184 950 3246 essent,
963 3181 1209 3253 opinata
1228 3180 1394 3253 quod
1426 3181 1624 3254 ipsum
1652 3180 1927 3237 clausum
1959 3184 2114 3237 esset

458 3275 782 3342 repertura.
806 3269 1026 3325 Videns
1057 3275 1259 3326 autem
1288 3270 1449 3345 quod
1480 3270 1751 3326 sublatus
1776 3274 1930 3326 esset
1954 3270 2110 3342 lapis

461 3376 498 3416 a
529 3363 941 3425 monumento,
987 3358 1134 3416 nihil
1175 3360 1447 3415 meminit
1488 3375 1717 3425 eorum,
1765 3374 1901 3431 quae
1947 3359 2111 3432 prius

460 3447 616 3504 facta
661 3447 916 3515 fuerant,
951 3451 1157 3520 utpote
1198 3448 1637 3504 renuntiatione
1676 3464 1863 3521 quam
1908 3448 1982 3503 de
2022 3448 2114 3503 his

461 3537 699 3605 fecerat,
717 3553 753 3593 a
768 3537 1076 3610 discipulis
1093 3537 1416 3608 reprobate.
1441 3552 1454 3592 :
1474 3538 1782 3608 suspicata
1805 3544 1891 3592 est
1911 3540 2113 3593 autem

464 3626 892 3697 transpositum
944 3640 1072 3681 esse
1118 3640 1337 3697 corpus
1378 3641 1415 3681 a
1466 3625 1685 3696 Ioseph
1734 3625 1795 3681 in
1840 3626 2114 3682 tutiorem

466 3714 686 3770 locum.
720 3714 911 3769 Currit
934 3728 1076 3783 ergo
1101 3718 1158 3770 et
1183 3715 1341 3769 venit
1363 3712 1443 3769 ad
1473 3713 1779 3771 Simonem
1808 3716 2041 3770 Petrum
2062 3719 2118 3771 et

469 3802 547 3857 ad
587 3801 772 3857 alium
809 3801 1170 3875 discipulum
1199 3818 1382 3875 quem
1422 3801 1705 3873 diligebat
1732 3805 1921 3870 Jesus,
1955 3808 2011 3859 et
2040 3802 2119 3859 ait

468 3889 615 3946 illis:
657 3890 949 3946 Tulerunt
980 3890 1285 3947 Dominum
1306 3905 1499 3947 meum
1535 3891 1608 3947 de
1635 3898 2035 3962 monumento,
2064 3898 2118 3949 et

470 3978 760 4035 nescimus
787 3979 891 4035 ubi
923 3984 1243 4050 posuerunt
1290 3996 1444 4047 eum,
1491 3984 1623 4046 etc.,
1653 3996 1790 4053 quas
1842 3981 2119 4055 deinceps

471 4066 623 4124 facta
654 4072 813 4133 sunt,
846 4068 994 4124 sicut
1023 4067 1260 4142 scripsit
1296 4070 1560 4126 Joannes
1585 4070 1653 4121 π.

544 4159 1023 4214 Demonstratum
1047 4162 1135 4214 est
1156 4158 1335 4227 igitur
1358 4175 1541 4215 unam
1564 4174 1693 4215 esse
1719 4158 1883 4231 apud
1910 4175 2121 4216 omnes
2154 4166 2200 4222 D

469 4246 869 4317 evangelistas
890 4246 1296 4318 concordiam,
1319 4252 1376 4304 et
1394 4263 1611 4321 corpus
1629 4248 1890 4305 historiae
1906 4264 2121 4319 unum,

470 4336 653 4394 rebus
691 4336 904 4393 scilicet
940 4336 1317 4393 convenienti
1353 4337 1560 4394 ordine
1596 4338 1909 4394 enarratis.
1951 4338 2123 4403 Quod

472 4426 634 4482 enim
672 4425 768 4482 hic
811 4425 1179 4497 evangelista
1209 4426 1509 4499 praeteriit,
1539 4426 1651 4483 hoc
1679 4426 1774 4482 ille
1799 4426 1881 4482 ita
1918 4427 2125 4484 divina

473 4516 828 4587 disponente
857 4516 1049 4586 gratia
1076 4514 1244 4580 dixit,
1271 4520 1336 4571 ut
1363 4514 1540 4571 etiam
1571 4515 1711 4573 hinc
1739 4515 2123 4572 manifestum

476 4620 608 4659 esse
633 4604 838 4675 possit,
870 4604 1031 4676 quod
1051 4619 1175 4659 non
1198 4619 1271 4660 ex
1296 4605 1628 4676 composito
1658 4609 1763 4661 aut
1784 4609 1956 4678 pacto
1980 4605 2127 4661 scri-

475 4692 724 4765 pserint.

553 4799 712 4855 Vers.
735 4800 822 4855 i6.
863 4799 1140 4856 Undecim
1168 4816 1303 4857 vero
1326 4832 1393 4841 —
1416 4800 1743 4857 Galilaeam.
1770 4802 1904 4858 Non
1927 4801 2126 4858 statim

479 4887 756 4945 abierunt
797 4886 860 4943 in
899 4887 1217 4954 Galilaiam,
1260 4889 1559 4963 siquidem
1600 4890 1659 4946 in
1689 4891 1821 4962 ipso
1867 4890 1964 4947 die
2004 4906 2125 4964 quo

2202 506 2288 562 οὖν
2337 514 2495 561 κακὸν
2536 513 2689 570 ὅντως
2739 512 2767 567 ἡ
2818 510 3152 584 φιλαργυρία,
3212 515 3302 561 καὶ
3343 508 3564 582 μεγάλων
3614 519 3739 561 κακῶν

2203 600 2363 653 αἰτία.
2422 604 2590 670 Λόγον
2641 596 2699 651 δὲ
2750 596 3171 671 διαφημισθέντα
3208 599 3361 671 λέγει,
3404 602 3489 650 τὸν
3544 604 3642 669 περὶ
3676 607 3739 649 τον

2202 688 2463 746 κλαπῆναι
2517 688 2691 742 αὐτὸν.
2750 688 2809 740 Ὁ
2868 685 2926 741 δὲ
2972 696 3164 750 Λουκᾶς
3224 693 3340 762 περὶ
3385 696 3486 739 τῶν
3539 696 3743 758 γυναικών

2205 776 2359 842 εἶπεν,
2417 780 2497 829 ὅτι
2568 783 2667 831 Καὶ
2738 778 3138 853 ὑποστρέψασαι
3211 777 3311 829 ὰπὸ
3380 785 3473 829 τοῦ
3526 783 3740 849 μνημείου,

2203 865 2522 938 ἀπήγγειλαν
2578 874 2745 919 ταῦτα
2792 869 2961 919 πάντα
3002 875 3110 930 τοῖς
3165 864 3347 920 ἕνδεκα
3400 872 3491 919 καὶ
3524 873 3638 918 πᾶσι
3667 874 3748 928 τοῖς

2204 954 2423 1020 λοιποῖς,
2467 959 2646 1027 ἤγουν,
2687 963 2795 1018 τοῖς
2838 955 3217 1029 ἐϐδομήκοντα.
3271 957 3398 1008 Εἶτα
3438 954 3749 1029 ἁπαριθμείται

2204 1047 2397 1105 ταύτας
2436 1044 2616 1116 λέγων·
2662 1044 2831 1098 Ἦσαν
2875 1044 2934 1098 δί
2993 1048 3020 1104 ὁ
3079 1041 3406 1116 Μαγδαληνὴ
3463 1048 3640 1119 Μαρία,
3686 1049 3751 1095 καὶ

2206 1133 2437 1200 Ἰωάννα,
2481 1138 2571 1185 καὶ
2612 1138 2793 1206 Μαρία
2849 1134 2925 1206 (⁸7)
2980 1135 3011 1192 ἡ
3070 1131 3344 1201 Ἰακώϐου,
3397 1138 3487 1185 καὶ
3530 1135 3579 1183 αἱ
3617 1132 3752 1184 λοιπαὶ

2210 1226 2304 1275 σὺν
2383 1222 2585 1293 αὐταῖς,
2683 1222 2738 1275 αἳ
2812 1223 2982 1295 ἔλεγον
3075 1226 3203 1296 πρὸς
3279 1226 3400 1284 τοὺς
3492 1222 3752 1283 ἀποστόλους

2206 1318 2394 1366 ταῦτα.
2428 1310 2583 1364 Ἀλλὰ
2620 1314 2887 1374 Ματθαῖος
2938 1315 3027 1383 μὲν
3070 1316 3271 1385 Μαρίαν
3318 1315 3412 1369 τὴν
3455 1308 3757 1381 Μαγδαληνὴ)

2208 1404 2298 1452 καὶ
2344 1405 2551 1467 Μαρίαν
2599 1405 2694 1459 τὴν
2736 1409 2827 1454 τοῦ
2877 1400 3125 1455 Ἰακώϐου
3178 1405 3267 1453 καὶ
3310 1401 3463 1458 Ἰωσῆ
3506 1400 3753 1473 ἀνέγραψεν·

2209 1489 2315 1560 οὐχ
2363 1489 2428 1549 ὠς
2469 1493 2648 1561 μόνας,
2688 1489 2795 1541 ἀλλ’
2839 1492 2903 1550 ὡς
2932 1488 3309 1565 ίπισημοτέρας
3341 1498 3443 1541 τῶν
3472 1493 3559 1540 σὺν
3600 1487 3757 1546 θεαταῖς*

2211 1581 2423 1652 Μάρκος
2482 1574 2542 1630 δὲ
2593 1584 2682 1631 καὶ
2728 1583 2823 1637 τὴν
2898 1578 3145 1651 Σαλώμην
3190 1575 3441 1637 ἐδήλωσε·
3496 1582 3675 1636 Λουκᾶς
3718 1572 3761 1626 δὲ

2211 1672 2306 1725 τὴν
2359 1670 2449 1739 μεν
2500 1666 2745 1739 Σαλώμην
2802 1666 3150 1740 ἀνονομαστον
3211 1666 3425 1739 ἀφῆκεν,
3476 1665 3683 1723 ἐδήλωσε
3720 1661 3763 1716 δε

2216 1757 2293 1829 (8)
2346 1761 2440 1815 τὴν
2495 1755 2753 1810 Ὶωοίννανθ
2812 1759 3059 1832 προσθεὶς
3110 1753 3187 1821 δὲ,
3242 1759 3323 1808 ὅτι
3380 1761 3481 1809 Καὶ
3527 1757 3578 1808 αί
3626 1754 3765 1805 λοιπαί

2218 1849 2310 1898 σὺν
2352 1846 2551 1909 αὐταῖς,
2594 1844 2821 1918 ἐνέφηνεν
2853 1846 3014 1904 αὐτήν
3044 1865 3099 1898 τε
3132 1854 3227 1905 τῆν
3266 1844 3513 1917 Σαλώμην
3541 1849 3623 1895 καί
3647 1842 3767 1901 ἄλλοις

2214 1936 2377 1997 τινάς.
2455 1937 2601 1989 Μετὰ
2668 1939 2841 2007 μέντοι
2915 1940 3008 1994 τὴν
3089 1935 3358 2009 εἰρημένην
3394 1943 3495 1987 τῶν
3560 1940 3769 2004 γυναικῶν

2218 2022 2601 2099 ἀπαρίθμησιν,
2662 2023 2894 2097 ἕπήγανγε
2967 2025 3120 2076 πάλιν
3190 2026 3217 2075 6
3292 2030 3523 2087 Λουκᾶς,
3575 2025 3644 2075 ὅτι
3696 2025 3770 2073 Καὶ

2217 2112 2478 2187 ἐφάνησαν
2507 2112 2718 2166 ἐνώπιον
2767 2114 2935 2166 αὐτῶν
2962 2119 3086 2167 ώσεὶ
3109 2112 3261 2187 λῆρος
3289 2116 3357 2165 τὰ
3382 2115 3449 2187 ῥή
3457 2132 3594 2185 ματα
3622 2111 3771 2171 αὐτων,

2218 2208 2309 2256 καὶ
2336 2205 2590 2261 ἠπίστουν
2622 2203 2825 2265 αὑταῖς.

2290 2293 2553 2346 Ἐντεῦθεν
2610 2289 2699 2345 οὖν
2748 2294 3008 2367 ἄρχονται
3058 2294 3126 2344 τὰ
3175 2297 3294 2367 περὶ
3344 2295 3549 2363 Μαρίας
3602 2289 3669 2361 (9)
3705 2296 3779 2346 τὶς

2219 2378 2595 2453 Μαγδαληνῆς,
2642 2381 2678 2434 ἃ
2722 2386 2875 2454 μότος
2904 2382 2929 2433 ὀ
2971 2381 3209 2443 Ἰωάννης
3265 2383 3559 2455 ἱστόρησεν,
3614 2382 3673 2439 ὡς
3709 2380 3777 2426 καὶ

2218 2470 2353 2523 αὐτὰ
2412 2473 2520 2542 (10)
2590 2474 2661 2544 μὴ
2734 2472 3148 2543 μνημονευθέντα
3226 2474 3371 2545 παρὰ
3439 2477 3552 2531 τοῖς
3623 2466 3780 2525 ἄλλοις.

2218 2560 2360 2614 Ἐπεὶ
2406 2562 2507 2634 ’γὰρ
2575 2560 2835 2633 ἐφάνησαν
2889 2559 3101 2612 ἐνώπιον
3169 2568 3267 2612 τῶν
3330 2557 3628 2611 ἀποστόλων
3685 2558 3780 2605 ὡσεὶ

2218 2648 2382 2721 λῆρος
2449 2652 2513 2702 τὰ
2581 2651 2793 2724 ῥήματα
2855 2657 2955 2701 τῶν
3008 2657 3289 2722 γυναικῶν*
3330 2650 3466 2706 αὕτη
3506 2646 3779 2717 λογισαμένη

2217 2738 2338 2790 καθ’
2414 2738 2622 2807 ἑαυτὴν,
2702 2740 2783 2791 ὃτι
2850 2740 3003 2801 ὅντως
3073 2740 3444 2809 ἠπατήθησαν,

2219 2832 2407 2880 τασίαν
2474 2824 2706 2899 ἰδοῦσαι,
2774 2830 2877 2880 ὃσα
2942 2824 3099 2894 εἶδον,
3173 2832 3263 2880 καὶ
3336 2826 3654 2893 ἀκούσασαι,
3710 2823 3786 2871 ὅσα

3524 2738 3651 2789 κατὰ
3692 2752 3786 2803 φαι-

2222 2922 2475 2976 ἧκουσαν.
2532 2917 2591 2970 οὐ
2646 2920 2748 2991 γὰρ
2794 2917 2854 2969 ἆν
2906 2920 3029 2971 ὡσεὶ
3083 2917 3238 2991 λῆρος
3301 2924 3476 2969 ταῦτα
3527 2923 3632 2975 τοῖς
3694 2930 3787 2963 σνν-

2223 3011 2482 3082 ετωτὲροις
2556 3006 2835 3079 ἐφάνησαν
2912 3006 3003 3059 οὐκ
3086 3007 3370 3081 ἠρέμησεν,
3455 3004 3562 3057 ἀλλ’
3635 3000 3790 3053 αὐτίκα

2222 3102 2352 3168 μόνη
2406 3093 2627 3171 ἔδραμεν
2688 3095 2771 3149 ἐπὶ
2812 3099 2871 3148 τὸ
2926 3104 3196 3169 μνημεῖον.
3241 3101 3463 3157 σκοτίας
3518 3098 3594 3146 ἔτι
3639 3096 3792 3151 οὔσης,

2221 3183 2581 3261 προσδοκῶσα
2637 3184 2989 3257 κεκλεισμένον
3069 3187 3231 3258 εὑρεῖν
3302 3185 3454 3237 αὐτὸ·
3540 3186 3791 3252 θεασαμένη

2225 3274 2284 3330 δὲ
2340 3280 2424 3329 τὸν
2475 3275 2616 3328 λίθον
2674 3277 2891 3350 ἠρμένον
2957 3274 3011 3326 ἐκ
3056 3283 3148 3327 τοῦ
3210 3279 3497 3347 μνημείου,
3541 3267 3683 3326 οὐδὲν
3728 3272 3798 3331 μίν

2225 3366 2520 3439 ἀνεμνήσθη
2634 3373 2733 3416 τῶν
2835 3368 3303 3439 προγεγενημένων,
3399 3368 3472 3424 ὡς
3581 3356 3796 3413 ἀποδοκι-

2223 3457 2520 3530 μασθείσης
2575 3461 2664 3515 τῆς
2732 3459 2847 3528 περὶ
2912 3454 3024 3526 (Η)
3101 3452 3268 3505 αὐτῶν
3339 3451 3664 3525 ἀπαγγελίας
3721 3448 3799 3498 ὑπὸ

2225 3554 2324 3598 τῶν
2382 3546 2647 3618 μαθητῶνο
2698 3542 2918 3616 ὑμελαϐε
2965 3541 3024 3595 δε
3071 3544 3345 3615 μετατεθὲν
3391 3541 3511 3614 (12)
3570 3545 3625 3593 τὸ
3678 3546 3801 3606 σῶμα

2224 3637 2366 3707 παρὰ
2420 3640 2511 3685 τοῦ
2571 3633 2762 3704 Ἰωσὴφ
2820 3632 2891 3694 είς
2954 3636 3110 3684 τόπον
3176 3630 3594 3705 ἀσφαλέστερον.
3643 3628 3803 3701 Τρέχίι

2227 3720 2335 3788 οὖν,
2383 3727 2473 3775 καὶ
2521 3725 2733 3794 ἔρχεται
2786 3725 2912 3796 πρὸς
2952 3725 3156 3793 Σίμωνα
3198 3724 3417 3795 Πέτρον,
3453 3726 3548 3772 καὶ
3595 3720 3714 3790 πρὸς
3736 3719 3804 3763 τὸν

2227 3812 2376 3865 ἄλλον
2433 3813 2689 3884 μαθητὴν,
2733 3811 2786 3862 ὃν
2843 3808 3003 3883 ἐφίλει
3054 3811 3080 3861 6
3128 3810 3360 3873 Ἰησοῦς,
3416 3814 3513 3862 καὶ
3564 3807 3691 3878 λέγει
3735 3800 3804 3853 r3-

2232 3908 2348 3963 τοῖς·
2415 3902 2579 3974 Ἥραν
2626 3903 2711 3953 τὸν
2766 3902 2955 3974 Κύριον
3003 3898 3055 3951 ἐκ
3115 3907 3205 3951 τοῦ
3260 3904 3554 3971 μνημείου,
3608 3902 3691 3947 καὶ
3736 3892 3808 3944 οὐκ

2230 3988 2444 4064 οἴδαμεν
2466 3999 2565 4043 ποῦ
2592 3992 2779 4048 ἔθηκαν
2811 3989 2983 4043 αὐτόν.
3011 3993 3111 4042 Καὶ
3132 3990 3195 4041 τὰ
3221 3988 3343 4052 ἑξῆς
3369 3993 3675 4060 γεγόνασιν,
3702 3986 3760 4041 ὡς
3789 3980 3808 4028 ὸ

2230 4081 2468 4141 Ἰωάννης
2493 4078 2706 4155 ἔγραψε.

2303 4166 2571 4223 Δέδεικται
2633 4173 2801 4221 τοίνυν
2863 4168 3084 4240 ἁρμονία
3142 4170 3241 4238 μία
3320 4170 3473 4239 πάρὰ
3542 4172 3673 4217 πᾶσι
3733 4166 3817 4214 τοῖς

2232 4259 2641 4332 εῦαγγελισταίς,
2719 4263 2809 4309 καὶ
2882 4265 3034 4329 σῶμα
3112 4264 3210 4315 τῆς
3287 4258 3564 4328 ἱστορίας,
3646 4254 3710 4315 ἑν,
3756 4251 3823 4301 οἷα

2231 4358 2329 4402 τών
2384 4349 2554 4423 ῥητῶν
2605 4349 2741 4399 κατὰ
2792 4352 2884 4405 τὴν
2940 4350 3315 4417 προσήκουσαν
3377 4345 3537 4408 τοίξιν
3605 4343 3821 4415 ἑρμηνευ-

2234 4441 2436 4492 θέντων.
2485 4443 2550 4489 ’Ὀ
2593 4440 2693 4509 γὰρ
2741 4437 2886 4497 οὗτος
2922 4442 3151 4508 παρῆκεν
3191 4435 3217 4486 ὁ
3256 4434 3667 4506 εὖαγ-γελιστὴς,
3698 4436 3827 4483 τοῦτο

2233 4528 2415 4589 ἐκεῖνος
2450 4525 2582 4580 εἶπεν
2616 4542 2630 4557 ⁸
2676 4526 2807 4579 οὕτω
2835 4534 2928 4586 τῆς
2960 4526 3094 4584 θείας
3131 4526 3359 4598 χάριτος
3395 4524 3825 4595 οἰκονομησάσῑς,

2236 4622 2318 4672 ἶνα
2359 4616 2625 4670 κάντεῦθεν
2688 4620 2766 4673 ἐίη
2840 4612 3018 4679 δῆλον,
3088 4616 3159 4676 ὡς
3217 4613 3313 4666 οὐκ
3378 4613 3443 4666 ἐκ
3519 4615 3831 4685 συνθήματος

2235 4707 2490 4783 ἔγραψαν.

2307 4800 2374 4850 Oi
2425 4794 2483 4850 δὲ
2531 4792 2713 4849 ἕνδεκα
2770 4826 2825 4837 -
2904 4792 3201 4846 Γαλιλαίαν.
3254 4791 3365 4843 Οὐκ
3424 4793 3589 4854 εὐθὺς
3651 4790 3831 4865 ἐπορεύ-

2238 4891 2423 4947 θησαν.
2460 4890 2561 4940 Καὶ
2603 4888 2702 4960 ’γὰρ
2748 4884 2795 4937 ἐν
2844 4883 2972 4956 αὐτῇ
3019 4890 3081 4955 τῇ
3134 4883 3324 4954 ἡμέρᾳ,
3379 4883 3515 4935 καθ’
3560 4883 3629 4941 ἣν
3672 4880 3829 4932 civim

552 5066 598 5103 ’ί
658 5064 798 5123 Luc.
850 5082 1011 5134 xxxv,
1078 5070 1131 5123 9.
1182 5068 1230 5103 ⁸³
1270 5065 1418 5125 Ibid.
1477 5069 1564 5124 10.
1621 5070 1667 5104 ⁸³
1727 5068 1922 5135 Matth,
1983 5083 2183 5133 xxvm,
2246 5068 2371 5136 l,“
2420 5068 2594 5123 Marc.
2649 5080 2765 5131 nv,
2820 5063 2871 5117 1.
2923 5060 3063 5117 Luc.
3123 5076 3276 5116 xxxv.
3325 5063 3417 5117 io.
3477 5063 3532 5097 ⁸ο
3576 5061 3722 5118 ibid.
3769 5061 3834 5111 tt.

481 5156 525 5191 ’7
557 5155 853 5223 Joan.xx,
886 5157 912 5211 1
938 5171 1105 5230 seqq.
1184 5156 1232 5192 9'
1258 5156 1409 5213 lbld.
1442 5156 1475 5211 2
1508 5172 1677 5230 seqq.

1700 5334 1924 5404 Variae
1954 5335 2281 5405 lectiones
2309 5344 2375 5402 et
2404 5343 2608 5401 notae.

549 5531 630 5602 (7)
657 5528 738 5602 Ἦ,
776 5529 1052 5602 abestA.

548 5600 632 5743 ig;
662 5601 902 5743 m2:
906 5601 1095 5732 (1έὶάί

670 5676 893 5748 Μαρίας,
931 5673 1102 5732 abest
1136 5673 1203 5729 A.

610 5531 632 5745 ξ

2307 5529 2421 5601 (ιο)
2458 5533 2562 5594 Μή,
2595 5525 2893 5601 omittitB.

2308 5598 2423 5743 ἕίί)
2464 5602 2589 5674 Περὶ
2618 5598 2772 5651 αὐτὸν
2802 5600 2872 5653 Α.

2332 5670 2420 5743 12)
2459 5671 2819 5726 Μετᾱτεθεῖναι
2840 5671 2872 5725 Δ

2332 5670 2420 5743 12)
2459 5670 2819 5726 Μετᾱτεθεῖναι
2840 5671 2908 5725 Α.
