3922 6200
141 302 216 356 761
971 299 1341 356 COMMENT.
1384 298 1453 354 IN
1490 292 1926 352 MATTHIEUM.
1969 327 2037 337 —
2076 297 2230 353 CAP.
2277 297 2527 354 XXVIII.

3365 303 3469 356 762

139 456 180 504 ix
241 459 442 523 νεκρῶν,
513 454 658 524 ὤφθη
741 453 935 519 αὐτοῖς,
1009 449 1155 505 οὖσιν
1249 454 1322 503 ἔτι
1405 449 1454 501 ἐν
1523 448 1704 520 Ἰερου-

1879 448 2131 505 surrexit
2185 465 2222 506 a
2278 450 2527 507 mortuis
2570 449 2729 507 visus
2783 456 2872 508 est
2917 453 3021 518 eis,
3079 468 3216 508 cum
3271 458 3470 509 essent

139 539 302 612 σαλήμ.
387 545 490 592 Καὶ
578 548 730 594 τοῦτο
805 540 1113 614 έμφαίνουσι
1182 545 1273 612 μὲν
1325 543 1416 592 καὶ
1494 539 1704 611 Μάρκος

139 633 207 680 καὶ
270 634 505 690 Λουκᾶς.
591 635 938 706 Φανερώτερον
1022 627 1082 684 δε
1163 631 1358 682 τούτων
1430 630 1704 700 ἱστόρησεν

136 718 369 779 Ἰωάννης.
437 722 580 772 Μετὰ
650 723 752 792 γὰρ
811 724 870 773 τὸ
936 719 1267 792 ὑποστρέψαι
1323 721 1453 792 πρὸς
1519 716 1707 776 αὐτοὺς

139 811 307 882 Μαρίαν
366 811 454 866 τὴν
505 805 881 880 Μαγδαληνὴν,
942 814 1102 882 φησὶν
1168 811 1248 860 ὅτι
1310 806 1490 869 Οὔσης
1554 805 1706 878 ὀψίας

138 903 185 968 τῇ
227 897 392 971 ἡμέρᾳ
437 895 625 971 ἐκείνῃ,
682 907 744 971 τῇ
806 904 905 972 μιᾷ
961 907 1061 951 τῶν
1111 896 1405 965 Σαϐϐάτων,
1463 901 1554 949 καὶ
1607 904 1706 948 τῶν

142 987 272 1058 θυρῶν
374 985 762 1058 κεκλεισμένων,
861 988 989 1041 ὅπου
1085 985 1222 1046 ἦσαν
1324 988 1374 1039 οἰ
1471 987 1706 1058 μαθηταὶ

144 1075 537 1149 θννηθροισμένοι
621 1075 732 1148 (t3)
815 1073 909 1130 διὰ
985 1080 1072 1130 τὸν
1151 1075 1304 1150 φόϐον
1385 1083 1489 1128 τῶν
1570 1075 1706 1128 ’1ου-

149 1159 292 1229 δαίων,
358 1160 509 1222 ἦλθεν
563 1165 589 1217 ὁ
648 1163 853 1228 Ἰησοῦς
912 1171 1002 1219 καὶ
1057 1167 1183 1224 ἔστη
1259 1164 1330 1228 εἰς
1395 1168 1452 1217 τὸ
1523 1167 1702 1238 μέσον,

150 1256 218 1304 καὶ
255 1251 382 1323 λέγει
433 1252 628 1318 αὐτοῖς,
685 1253 878 1328 Εἰρήνη
935 1256 1081 1328 ὑμῖν.
1154 1259 1255 1308 Καὶ
1311 1261 1465 1306 τοῦτο
1526 1253 1700 1318 εἰπών,

149 1336 302 1404 ἔδειξεν
347 1341 526 1405 αὐτοῖς
572 1344 667 1405 τάς
714 1350 900 1419 χεῖρας
947 1349 1037 1397 καὶ
1080 1349 1175 1403 τὴν
1227 1343 1450 1417 πλευρὰν
1491 1345 1700 1416 Κύριον,

145 1433 211 1481 καὶ
233 1432 291 1481 τά
318 1429 454 1493 ἑξῆς.

194 1518 336 1578 Δῆλον
374 1517 487 1589 οὖν,
527 1521 608 1574 ὅτι
641 1521 856 1596 ὕστερον
900 1521 1256 1597 έπορεύθησαν
1304 1521 1373 1584 εἰς
1409 1525 1504 1580 τήν
1544 1520 1702 1573 Γαλι-

137 1606 274 1660 λαίαν.
349 1608 460 1660 οὐκ
517 1608 772 1680 ἐψεύσατο
848 1607 927 1679 δι,
1000 1613 1173 1674 καθὼς
1245 1611 1476 1674 ἀνοήτως
1539 1611 1702 1682 ἔλεγεν

135 1696 484 1771 ὁπαραϐοξτης
536 1698 827 1764 Ἰουλιανὸς,
879 1699 927 1753 έν
980 1708 1040 1773 τῇ
1102 1700 1350 1772 Γαλιλαίᾳ
1399 1704 1490 1774 μὶν
1535 1700 1703 1773 ὀφθῆ-

131 1805 197 1838 ναι
246 1795 353 1847 τοῖς
399 1789 664 1859 μαθηταῖς
712 1789 1164 1863 ἐπαγγειλάμενος,
1223 1789 1272 1842 ἐν

131 1871 178 1926 δε
237 1879 444 1939 τούτοις
521 1876 712 1950 ὀφθείς·
786 1877 893 1931 ἀλλ’
959 1879 1226 1954 ἐπλήρωσε
1282 1882 1372 1951 μεν
1445 1884 1536 1932 καὶ
1609 1883 1704 1939 τὴν

131 1968 350 2023 τοιαύτην
409 1964 737 2038 ἐπαγγελίαν,
791 1968 959 2042 ὀφθεὶς
1011 1969 1185 2032 αὐτοῖς
1241 1970 1456 2043 ὕστερον
1521 1968 1572 2021 έν
1636 1975 1699 2040 τῇ

128 2059 160 2106 Γ
159 2053 371 2127 αλιλαίᾳ⁶
419 2051 726 2130 ἐδωρήσατὸ
763 2053 822 2110 δέ
867 2064 958 2111 καὶ
995 2057 1169 2134 ἑτέραν
1215 2061 1397 2134 χάριν,
1442 2077 1704 2133 προεμφα-

125 2144 291 2204 νισθεὶς
342 2144 524 2208 αὐτοὶς
570 2144 620 2198 έν
673 2145 1068 2221 Ἱεροσολύμοις,
1120 2149 1203 2201 ἱνα
1256 2154 1346 2201 καὶ
1400 2153 1495 2207 τὸν
1535 2147 1702 2207 λύπην

128 2229 270 2283 αὐτῶν
313 2231 474 2302 λύσῃ,
526 2239 614 2286 καὶ
657 2233 926 2310 βεϐαιώσῃ
980 2241 1099 2300 τοὺς
1147 2236 1332 2310 λόγους
1377 2245 1476 2291 τῶν
1523 2257 1702 2310 γυναι-

126 2328 225 2386 κῶν,
268 2327 484 2374 καὶτῶν
532 2323 694 2376 ἄλλων
736 2333 837 2378 τῶν
885 2323 1098 2379 ἰδοντων
1141 2327 1297 2380 αὑτὸν
1342 2327 1697 2403 έγηγερμένον.

182 2408 233 2461 Ὀ
262 2413 350 2483 μὶν
393 2408 484 2463 οὖν
527 2415 792 2476 Ματθαῖος
831 2423 1034 2490 παρῆκε
1071 2419 1136 2468 τὰ
1174 2420 1338 2489 μέχρι
1375 2424 1467 2470 τοῦ
1510 2435 1702 2490 πορευ-

127 2499 260 2556 θῆνσι
305 2505 429 2563 τοὺς
475 2504 715 2574 μαθητάς
766 2504 840 2567 εἰς
885 2509 979 2563 τὴν
1028 2504 1320 2558 Γαλιλαὶαν·
1368 2507 1418 2558 οἱ
1461 2502 1512 2558 δ’
1559 2505 1705 2558 ἄλλοι

126 2588 470 2660 ε’ὶαγτελισταὶ
532 2597 622 2645 καὶ
679 2601 846 2647 ταῦτα
901 2595 1229 2671 συνέγραψαν
1290 2596 1424 2667 (14)·
1491 2597 1706 2670 Μάρκος

123 2680 200 2747 μὲν
263 2678 642 2756 έπιτομότερον·
712 2690 919 2747 Λουκᾶς
989 2681 1067 2752 δι,
1133 2684 1469 2759 πλατύτερονο
1537 2685 1704 2738 Ἰωοξνο

123 2785 200 2828 in;
229 2765 275 2820 δ’
266 2788 303 2834 ε,
333 2765 781 2846 διεξοδικώτερον.

1163 631 1358 682 τούτων

185 2857 268 2918 Εἰς
324 2887 389 2899 -—
448 2860 676 2922 Ἰησοῦς.
743 2862 822 2914 Οὔ
883 2861 1094 2926 έτάξατο
1158 2863 1355 2932 αὐτοῖς,
1425 2862 1535 2918 ἀντὶ
1589 2872 1702 2931 τοῦ,

119 2943 274 3002 Ὀπου
345 2946 620 3003 ἐνετείλατο
699 2950 873 3014 αὐτοῖς
943 2949 1037 3006 διὰ
1109 2962 1209 3006 τῶν
1273 2963 1554 3026 γυναικῶν,
1640 2957 1704 3016 ὡς

123 3041 428 3110 προείρηται,
488 3041 822 3112 πορευθῆναι·
905 3045 935 3102 ἦ
996 3043 1124 3096 ὅπου
1182 3045 1447 3118 ὑπέσχετο
1504 3044 1702 3110 αὐτοῖς,

1815 534 2014 592 adhuc
2041 536 2484 612 Hierosolymis.
2528 538 2594 596 Et
2626 541 2735 596 hoc
2773 557 2912 596 sane
2943 544 3165 598 Marcus
3194 545 3251 596 et
3280 541 3469 597 Lucas

1812 625 2135 682 ostendunt
2180 628 2228 662 ⁹⁹
2265 648 2277 691 ;
2322 627 2690 684 manifestius
2728 633 2932 685 tamen
2970 629 3060 684 his
3098 628 3333 700 scripsit
3376 631 3470 684 Jo-

1814 728 2022 770 annes.
2054 714 2375 788 Postquam
2405 717 2565 773 enim
2588 716 2667 772 ad
2687 717 3016 789 discipulos
3047 732 3285 773 reversa
3315 723 3471 774 esset

1814 802 2004 858 Maria
2031 803 2397 873 Magdalene,
2430 805 2510 862 ait
2541 822 2558 860 :
2600 805 2749 862 Cum
2779 811 2922 863 esset
2953 821 3079 862 sero
3116 805 3206 862 die
3234 805 3338 862 illo
3362 806 3472 878 qui

1815 898 1936 947 erat
1971 907 2120 947 unus
2157 892 2562 961 Sabbatorum,
2602 901 2657 951 et
2693 897 2848 964 fores
2877 901 3056 952 essent
3095 896 3328 958 clausa).
3367 894 3473 949 ubi

1814 986 1984 1036 erant
2012 979 2281 1053 discipuli
2315 983 2677 1053 congregati,
2715 990 2958 1053 propter
2994 990 3214 1040 metum
3244 983 3470 1038 Iudaeo-

1814 1085 1945 1126 rum
1971 1091 1984 1123 :
2008 1071 2165 1126 venit
2181 1070 2368 1136 Iesus,
2390 1073 2728 1145 stetitquein
2745 1073 2957 1135 medio.
2972 1077 3024 1129 et
3047 1072 3131 1129 ait
3155 1073 3278 1127 illis
3302 1089 3316 1126 :
3336 1073 3470 1128 Pax

1815 1158 1997 1215 vobis.
2024 1159 2287 1231 Cumque
2304 1159 2408 1217 hoc
2417 1161 2676 1226 dixisset,
2690 1161 2942 1218 ostendit
2965 1161 3043 1218 eis
3063 1175 3275 1218 manus
3291 1173 3364 1216 ac
3387 1160 3471 1216 ta-

1817 1253 1910 1303 tus
1927 1262 2122 1306 suum.
2155 1249 2354 1306 Gavisi
2368 1256 2501 1306 sunt
2533 1265 2668 1321 ergo
2697 1249 2983 1320 discipuli
3013 1250 3135 1306 viso
3156 1248 3404 1304 Domino
3425 1249 3468 1300 ¹.

1883 1495 2260 1553 Manifestum
2297 1501 2384 1554 est
2418 1497 2640 1572 itaque,
2680 1497 2847 1570 quod
2883 1496 3277 1569 postmodum
3315 1496 3474 1554 abie-

1811 1589 1953 1640 runt
1970 1586 2030 1640 in
2053 1584 2376 1644 Galilaeam.
2399 1589 2524 1644 Non
2546 1591 2744 1642 autem
2773 1586 3053 1644 mentitus
3073 1591 3160 1642 est
3180 1585 3469 1653 Christus,

1812 1674 1980 1746 quod
2019 1674 2191 1731 stulte
2229 1675 2374 1732 dixit
2405 1680 2678 1749 Apostata
2707 1675 2997 1741 Julianus,
3038 1675 3210 1748 quasi
3253 1675 3473 1748 promi-

1329 1761 1364 1844 :1
1372 1761 1704 1864 εροσολθμοις

1878 1761 1960 1818 :rit
1981 1779 2046 1820 se
2074 1763 2136 1818 in
2163 1762 2402 1820 Galiliea
2431 1763 2754 1820 videndum
2785 1780 2939 1830 esse,
2972 1769 3028 1820 et
3054 1763 3472 1836 Hierosolymis

1815 1868 1878 1908 se
1905 1851 1989 1908 eis
2026 1851 2352 1910 videndum
2386 1852 2726 1926 praebuerit.
2767 1853 2883 1910 Sed
2923 1859 2980 1910 et
3016 1853 3131 1909 hoc
3159 1853 3473 1924 complevit

1815 1939 2198 2012 promissum,
2241 1943 2407 1998 visus
2444 1941 2524 1998 ab
2553 1941 2636 1999 eis
2667 1941 3049 2016 postmodum
3089 1942 3147 1998 in
3187 1940 3468 2008 Galilaaa;

1813 2028 2063 2086 donavit
2085 2035 2286 2087 autem
2317 2036 2372 2087 et
2401 2030 2647 2088 alteram
2675 2031 2948 2100 gratiam,
2980 2029 3148 2104 prius
3179 2030 3263 2086 eis
3291 2045 3470 2102 appa-

1811 2133 1950 2174 rens
1979 2117 2424 2192 Hierosolymis,
2447 2125 2510 2176 ut
2539 2124 2596 2176 et
2619 2135 2939 2176 maerorem
2959 2134 3166 2175 eorum
3194 2117 3465 2186 solveret,

1813 2211 1870 2263 et
1905 2206 2228 2264 mulierum
2267 2208 2452 2265 verba
2490 2208 2881 2274 conﬁrmaret,
2923 2207 3324 2281 aliorumque,
3363 2206 3470 2280 qui

1811 2311 1952 2352 eum
1991 2295 2262 2354 viderant
2289 2302 2614 2371 postquam
2654 2300 3076 2354 resurrexerat.

1885 2384 2188 2442 Mattheus
2211 2401 2354 2457 ergo
2370 2386 2650 2459 praeteriit
2665 2403 2735 2443 ea
2755 2403 2890 2460 qua:
2911 2384 3258 2442 acciderunt
3277 2384 3470 2441 donec

1813 2472 2039 2530 abirent
2076 2473 2351 2546 discipuli
2390 2475 2452 2531 in
2501 2474 2840 2543 Galilaeam;
2882 2477 3076 2532 centeri
3117 2490 3257 2531 vero
3296 2489 3470 2531 evan-

1814 2561 2043 2634 gelista
2080 2563 2260 2619 etiam
2289 2562 2388 2620 illa
2417 2564 2933 2636 conscripserunt;
2967 2566 3193 2620 Marcus
3232 2563 3470 2636 quidem

1812 2651 2094 2720 brevius;
2126 2651 2319 2708 Lucas
2346 2656 2548 2710 autem
2573 2652 2785 2720 latius;
2815 2653 3076 2711 Joannes
3099 2666 3241 2708 vero
3271 2651 3472 2708 adhuc

1817 2740 2028 2796 iusius.

1885 2847 2050 2905 Vers.
2095 2848 2182 2903 16.
2211 2847 2283 2903 In
2313 2878 2381 2888 —
2408 2847 2592 2906 Iesus.
2637 2849 2708 2903 In
2738 2863 2854 2920 quo
2884 2847 3185 2904 constituit
3216 2846 3317 2911 eis,
3359 2846 3471 2902 hoc

1813 2938 1920 3001 est,
1961 2935 2068 2992 Ubi
2108 2951 2216 3008 per
2253 2935 2532 2993 mulieres
2589 2936 2868 3009 praecepit
2909 2936 2994 2992 eis
3034 2939 3098 2992 ut
3134 2934 3473 3009 proﬁcisce-

1811 3029 2032 3090 rentur,
2066 3025 2221 3082 sicut
2257 3024 2607 3098 prtedictum
2640 3031 2767 3092 est;
2809 3023 2902 3082 vel
2940 3023 3043 3080 ubi
3085 3023 3356 3098 promisit
3384 3024 3469 3081 eis

123 3126 194 3178 ὅτε
256 3123 374 3190 εἶπε,
450 3129 563 3201 (I5)
639 3133 784 3184 Μετά
864 3135 924 3184 τὸ
1009 3131 1282 3207 ἕγερθῆναί
1317 3113 1416 3207 ’.με
1493 3135 1702 3209 προάξω

1878 3113 2060 3170 nando
2087 3113 2234 3170 dixit
2265 3131 2277 3170 :
2311 3116 2636 3186 Postquam
2665 3121 2858 3171 autem
2888 3129 3288 3180 resurrexero,
3314 3129 3470 3184 pra?-

123 3214 240 3284 ὑμᾶς
281 3215 347 3278 εἰς
403 3221 494 3275 τήν
538 3217 836 3278 Γαλίλαέαν,
894 3221 994 3275 Καὶ
1030 3227 1133 3293 μὴν
1169 3223 1237 3286 εἰς
1278 3224 1377 3283 τήλ
1426 3225 1702 3278 Γαλιλαίαν

123 3301 224 3374 (16)
274 3303 485 3368 έτεὶξατο
541 3307 718 3370 αὐτοῖς
767 3313 1095 3385 πορευθῆναι,
1147 3318 1267 3388 περὶ
1313 3311 1373 3367 δί
1415 3323 1507 3368 τοῦ
1555 3315 1703 3389 ὅρους

124 3389 260 3445 οὐδἐν
313 3392 722 3468 ἀναγέγραπται.
786 3399 927 3458 Πλὴν
993 3401 1129 3466 εἰκὸς
1194 3404 1222 3462 ἦ
1291 3403 1448 3458 εἰπεῖν
1507 3404 1702 3469 αὐτοῖς,

124 3484 149 3537 ἧ
180 3486 399 3553 μηνύσαι
440 3490 532 3538 καὶ
571 3492 686 3560 περὶ
727 3491 914 3542 τούτου
946 3486 1040 3543 διά
1076 3499 1177 3543 τῶν
1215 3502 1495 3563 γυναικῶν,
1542 3494 1586 3547 εἰ
1613 3500 1703 3547 καὶ

125 3573 187 3638 μὴ
233 3569 634 3647 ἀναγέγραπται.
685 3574 879 3640 Ἄλλως
930 3597 982 3631 τε
1031 3575 1090 3632 δε
1126 3581 1218 3632 καὶ
1261 3583 1478 3645 σύνηθες
1525 3583 1704 3645 αὐτοῖς

126 3654 178 3714 ἓν
232 3658 401 3714 inuisa
475 3667 534 3715 τὸ
603 3663 738 3738 ὅρος.
815 3666 954 3720 Ἐκεῖ
1011 3672 1113 3744 γὰρ
1170 3669 1404 3742 μάλιστα
1465 3667 1561 3726 διὰ
1609 3677 1704 3732 τήν

123 3747 147 3803 ἦ
158 3765 217 3799 συ
221 3755 339 3820 χίαν
368 3771 396 3809 η
405 3751 663 3814 ὖλιζοντο.

193 3843 282 3891 Καὶ
357 3836 556 3905 ἰδόντες
636 3874 707 3885 --
789 3844 950 3916 αὐτῷ.
1020 3843 1241 3911 Ἰδόντες
1317 3849 1493 3919 αὐτὸν,
1580 3851 1700 3906 έκεῖ·

123 3925 350 3997 προελαϐε
375 3933 501 4004 γάρ,

191 4017 251 4066 Οἱ
293 4013 349 4070 δε
387 4015 697 4076 ἐδίστασαν.
745 4027 890 4086 Τινὲς
937 4021 999 4078 δε
1045 4025 1210 4078 αὐτῶν
1257 4025 1547 4083 ἐδίστασαν
1586 4039 1705 4108 περὶ

125 4102 291 4170 animi,
333 4106 638 4179 φοϐούμενοι
679 4116 772 4170 τὴν
819 4112 1036 4172 πλάνην.
1097 4120 1212 4191 Χρὴ
1275 4114 1334 4170 δὲ
1380 4123 1453 4191 μὴ
1508 4102 1702 4190 Curris,

125 4195 246 4254 τίνες
284 4191 412 4252 ἦσαν
455 4198 622 4250 οὗτον
674 4206 1026 4260 σεσιώπηνται
1069 4206 1194 4275 γάρ·
1245 4209 1398 4278 μόνον
1448 4205 1506 4262 δί
1551 4215 1704 4280 7mi-

129 4296 273 4366 σιεεν,
332 4286 407 4336 ὅτι
460 4292 552 4340 καὶ
595 4288 740 4341 οὗτοι
795 4291 1164 4363 προσελθόντος
1218 4295 1336 4366 (17)
1383 4296 1560 4360 αὐτοῖς
1603 4297 1707 4352 ἐϐε-

129 4364 310 4429 δαιὼθη
317 4391 430 4428 σαν.

199 4568 289 4654 Καὶ
346 4565 428 4620 έπὶ
479 4577 598 4640 γῆς.
660 4567 854 4632 Ἐδόθη
903 4593 1016 4646 μοι,
1069 4580 1250 4648 φησὶν,
1304 4581 1374 4640 ὡς
1431 4577 1705 4654 ἀνθρώπῳ,

131 4650 190 4708 ἐν
211 4649 362 4724 εἶχον,
391 4658 460 4720 ὡς
495 4662 647 4720 Θεὸς.

196 4850 507 4920 Πορευθέντες
584 4883 653 4892 —
736 4855 874 4914 ἔθνη.
955 4862 1031 4929 Τῇ
1111 4852 1323 4932 δοθείσῃ
1399 4880 1492 4933 μοι
1565 4860 1704 4926 έξου-

133 4937 214 5005 σίᾳ
240 4936 548 5012 θαρροῦντες.
583 4943 764 4995 Πάντα
805 4944 922 5016 (18)
954 4941 1013 4998 δε
1040 4948 1106 4998 τὰ
1143 4948 1262 5005 ἔθνη
1309 4949 1484 5020 εἰπών,
1524 4957 1614 5006 καὶ
1643 4957 1702 5006 τό
1743 4943 1747 4950 ’

131 5029 218 5072 τῶν
256 5023 492 5101 Ἐϐραίων
532 5035 680 5103 γένος
723 5029 976 5092 έδήλωσε.
1034 5039 1134 5088 Καὶ
1183 5038 1330 5110 ποιρά
1373 5046 1446 5110 τῷ
1499 5044 1696 5118 Μάρκῳ

194 5177 237 5210 ”
266 5180 430 5240 Marc.
458 5199 578 5252 xvr,
613 5184 716 5251 14;
750 5183 892 5242 Luc.
917 5201 1081 5254 xxiv,
1113 5191 1202 5247 36.

1318 5193 1334 5228 ¹
1363 5193 1534 5251 Joan.
1565 5211 1667 5264 xx,
1701 5197 1789 5264 19,
1820 5197 1914 5256 20.

1813 3204 2014 3262 cedam
2039 3219 2138 3260 vos
2156 3205 2217 3259 in
2240 3203 2547 3261 Galilaeam
2567 3207 2608 3260 ³.
2624 3203 2874 3278 Atquiin
2898 3203 3200 3261 Galilieam
3222 3203 3469 3276 quidem

1813 3292 2113 3349 constituit
2135 3291 2251 3348 illis
2279 3297 2342 3348 ut
2365 3291 2628 3358 abirent;
2658 3293 2728 3349 de
2755 3297 2955 3350 monte
2983 3306 3123 3348 vero
3148 3290 3294 3347 nihil
3325 3289 3470 3347 scri-

1812 3386 1983 3454 ptum
2012 3387 2118 3438 est.
2146 3381 2467 3439 Verisimile
2491 3385 2578 3438 est
2595 3388 2794 3438 tamen
2820 3387 2875 3439 et
2895 3381 2970 3438 de
2990 3381 3104 3438 hoc
3131 3379 3219 3438 vel
3250 3380 3470 3436 dixisse

1814 3470 1947 3536 illis,
1976 3469 2246 3527 velnunc
2268 3485 2373 3543 per
2392 3470 2668 3527 mulieres
2694 3470 3082 3541 signiﬁcasse,
3112 3483 3467 3544 quanquam

1814 3560 2098 3633 scriptum
2142 3575 2266 3617 non
2306 3559 2398 3616 sit.
2443 3562 2726 3616 Praeterea
2780 3558 3087 3616 familiaris
3125 3559 3305 3616 etiam
3357 3556 3469 3613 illis

1815 3655 1941 3706 erat
1991 3665 2166 3706 mons
2199 3650 2338 3719 iste;
2395 3648 2478 3706 ibi
2527 3647 2687 3704 enim
2727 3652 2971 3722 propter
3023 3649 3285 3722 quietem
3344 3661 3469 3704 ma-

1814 3739 1975 3796 xime
2013 3739 2424 3796 versabantur.

1884 3849 2048 3904 Vers.
2096 3847 2184 3903 16.
2238 3845 2499 3919 Cumque
2544 3845 2824 3903 vidisth
2863 3874 2930 3888 —
2983 3860 3136 3902 eum.
3192 3847 3340 3902 Cum
3387 3843 3472 3901 vi-

1813 3936 2041 3994 dissent
2068 3936 2233 3993 illum
2264 3935 2347 3992 ibi
2381 3952 2393 3992 :
2427 3951 2528 3992 eos
2557 3935 2719 3993 enim
2746 3934 2970 3992 ibidem
2993 3937 3398 4007 princesserat.

1885 4029 2048 4082 Vers.
2066 4027 2152 4081 l7.
2168 4025 2416 4094 Quidam
2441 4039 2577 4082 vero
2591 4025 3039 4082 dubitaverunt.
3056 4023 3313 4090 Quidam
3330 4037 3472 4079 vero

1814 4129 2023 4171 eorum
2074 4111 2500 4171 dubitaverunt
2537 4112 2612 4169 de
2659 4112 2815 4184 ipso,
2860 4112 3132 4169 timentes
3183 4125 3468 4168 errorem.

1813 4205 1940 4260 Non
1995 4206 2197 4259 autem
2235 4217 2498 4273 quaerere
2545 4206 2778 4272 oportet
2815 4201 3068 4273 quinam
3109 4199 3163 4254 hi
3215 4197 3470 4263 fuerint;

1817 4307 1960 4348 nam
2011 4290 2243 4347 silentio
2297 4289 2574 4362 praeteriti
2639 4294 2797 4346 sunt.
2861 4288 2978 4345 Sed
3025 4287 3172 4344 scire
3237 4290 3470 4342 tantum

1815 4383 2070 4452 oportet,
2099 4378 2266 4452 quod
2282 4384 2337 4435 et
2356 4377 2438 4447 hi,
2461 4393 2599 4434 cum
2621 4376 2972 4435 accessisset
2990 4374 3070 4432 ad
3091 4375 3257 4447 ipsos
3275 4373 3468 4437 Jesus,

1738 4489 1786 4546 ι)
1816 4467 2156 4526 conﬁrmati
2184 4473 2343 4525 sunt.

1888 4578 2043 4634 Vers.
2087 4576 2172 4632 18.
2215 4575 2290 4630 Et
2319 4605 2388 4618 --
2423 4574 2485 4629 in
2525 4578 2709 4630 terra.
2741 4573 2888 4628 Data
2915 4575 3010 4627 est
3045 4568 3213 4636 mihi,
3253 4569 3468 4643 inquit,

1814 4672 2106 4740 tanquam
2156 4664 2408 4730 homini,
2448 4666 2716 4735 potestas
2765 4676 2950 4734 quam
2987 4659 3293 4719 habebam
3346 4665 3474 4718 tan-

1814 4771 2002 4830 quam
2035 4754 2208 4812 Deus.

1884 4863 2046 4919 Vers.
2082 4863 2168 4919 19.
2191 4862 2413 4918 Euntes
2431 4889 2496 4900 —
2517 4863 2733 4930 gentes.
2753 4856 2818 4912 In
2840 4857 2982 4914 data
3002 4857 3149 4914 mihi
3177 4861 3472 4931 potestate

1809 4953 2098 5010 ﬁduciam
2123 4951 2433 5008 habentes.
2477 4947 2685 5003 Dicens
2725 4951 2925 5002 autem
2971 4967 2984 5000 :
3022 4945 3222 5003 Omnes
3250 4954 3469 5018 gentes,

1810 5042 1994 5101 etiam
2041 5039 2424 5098 Hebrmorum
2480 5051 2670 5107 genus
2726 5033 3107 5106 signiﬁcavit.
3164 5037 3470 5110 Siquidem

2027 5197 2049 5232 ¹
2073 5192 2272 5253 Matth.
2304 5205 2462 5259 xxvr,
2488 5189 2579 5244 32.

1335 5315 1553 5388 Variae
1581 5320 1910 5391 lectiones
1942 5329 2009 5386 et
2037 5327 2238 5386 notae.

323 5452 649 5526 ἱννηγμάνρι,
682 5465 794 5524 pro
829 5452 1286 5526 συνηθροισμένοι.
1318 5457 1384 5525 Α,
1415 5464 1593 5519 recte.

215 5514 299 5585 14)
337 5514 546 5576 Horum
578 5514 713 5578 loca
736 5523 923 5579 modo
953 5514 1158 5582 notata
1187 5533 1344 5585 sunt.

191 5586 301 5666 αξ)
335 5596 445 5666 19η
481 5591 806 5666 interponit
841 5598 908 5651 A-

190 5655 300 5729 (ιο)
335 5660 451 5732 Μὶν,
478 5655 798 5738 interponit
822 5667 893 5721 A.

1895 5461 2010 5534 (t7)
2060 5457 2434 5534 Προσελθὸντες
2468 5459 2535 5523 Δ,
2601 5455 2779 5514 male.
2827 5457 3216 5534 Προσελθὸντος,
3257 5451 3465 5513 δηλαδὴ

1813 5529 1913 5587 τοῧ
1928 5529 2114 5590 ’Ῑήσοῦ
2140 5529 2336 5592 αὐτοῖς.

1889 5606 2003 5676 (l8)
2033 5605 2114 5670 Ai,
2147 5600 2364 5660 omittit
2383 5602 2448 5656 A.
