3922 6200
129 251 215 316 769
1150 248 1519 310 COMMENT.
1562 251 1635 309 IN
1647 249 2001 312 'MARCUM.
2040 284 2111 299 -—
2148 255 2303 312 CAP.
2345 258 2389 312 Ι.

3312 266 3418 321 770

128 376 392 446 ποιούμενος,
443 379 499 444 τῇ
579 390 629 425 τε
682 376 813 447 πρὸς
871 373 1194 438 Κολασσαείς
1221 381 1312 429 καὶ
1382 385 1444 450 τῇ
1511 381 1639 453 πρὸς

1820 379 1968 436 ainde
2014 396 2153 437 cum
2185 384 2350 438 Petro
2382 385 2581 440 Romaa
2610 388 2999 442 conversatus
3045 390 3152 456 est,
3201 403 3408 461 quem-

126 464 324 535 Τιμόθεον
369 457 578 534 δευτέρᾳ·
639 458 749 515 εἶτα
795 470 867 534 τῷ
921 469 1096 540 Πέτρῳ
1138 473 1298 524 συνῆν
1349 464 1397 517 ἓν
1442 465 1634 540 Ῥώμη,

126 555 176 612 ὡς
214 553 237 609 ἡ
279 556 431 624 πρώτη
493 550 641 603 αὑτοῦ
689 550 973 613 Ἐπιστολὴ
1026 551 1310 619 δείκνυσιν,
1366 555 1416 607 ἐν
1551 561 1638 607 καὶ

127 643 213 692 υἱόν
237 639 370 692 αὐτοῦ
415 642 536 692 κατὰ
580 647 780 714 πνεῦμα
807 645 894 694 τὸν
939 644 1151 716 Μάρκον
1195 643 1342 704 οὗτος
1381 643 1635 717 ὠνόμασε,

130 729 226 802 παρ’
259 729 308 780 οὗ
331 733 408 781 καὶ
451 727 553 780 ὅλον
590 732 678 782 τὸν
731 737 820 783 τοῦ
864 730 1179 804 Εὐαγγελίου
1225 731 1376 804 λόγον
1421 734 1446 784 6
1489 735 1639 808 Μοίρ-

130 836 202 877 κος
237 819 489 890 μεμάθηκιν
530 817 625 889 (2).
675 818 890 872 Ἔπειτα
939 819 1302 894 συνεγράψατο
1357 825 1416 874 τὸ
1469 821 1642 894 Εὐαγ-

129 905 275 978 γῦλον,
317 909 378 968 ὡς
423 910 506 978 μὲν
547 909 743 982 ἱστορεῖ
796 913 885 961 καὶ
935 907 1149 981 Κλήμης
1200 910 1226 962 6
1283 913 1638 984 Στρωματεύς,

131 993 167 1045 ἓν
315 1002 368 1067 τῇ
409 993 588 1068 Ῥώμῃ,
617 998 755 1049 κατὰ
783 993 843 1050 δε
895 1001 981 1050 τὸν
1034 1003 1412 1073 Χρυσόστομον
1445 997 1543 1071 (3),
1590 997 1638 1052 ἐν

130 1084 336 1155 Αἰγύπτῳ,
376 1084 708 1159 παρακληθεὶς
775 1087 876 1139 ὑπὸ
931 1095 1030 1140 τῶν
1086 1085 1190 1140 ἐκεῖ
1245 1096 1464 1153 πιστῶν,
1510 1090 1640 1161 μετὰ

134 1168 318 1230 nam
351 1182 430 1236 τῆς
477 1182 564 1226 τοῦ
612 1181 849 1248 Σωτῆρος
902 1173 1218 1248 ἀναλήψεως.
1273 1184 1535 1250 Συμφωνεὶ
1579 1174 1638 1230 δε

137 1268 192 1330 τῷ
232 1263 426 1334 Ματθαίῳ
472 1261 602 1327 λίαν,
653 1262 785 1322 πλὴν
838 1266 958 1317 ὅσον
996 1263 1180 1326 ἐκεῖνος
1236 1264 1349 1319 ἐστι
1391 1265 1638 1320 πλατύτε-

135 1365 215 1417 ρος.
240 1355 325 1423 Χρὴ
367 1347 422 1410 δὴ
466 1352 686 1406 καθόλου
725 1359 1019 1426 γινώσκειν,
1062 1357 1130 1418 ὡς
1183 1357 1232 1408 οἱ
1272 1355 1638 1428 εὐαγγελισταὶ

134 1439 226 1489 ποτὲ
359 1444 475 1494 κατά
519 1442 666 1506 τάξιν
709 1441 1096 1516 ἀπαγγέλλουσι
1141 1447 1236 1506 τὰς
1287 1441 1638 1506 διδασκαλίας

128 1530 194 1576 καὶ
231 1529 280 1579 τὰ
325 1529 541 1601 θαύματα
595 1539 690 1584 τοῦ
728 1537 982 1605 Χρίστοῦ,
1035 1539 1176 1607 νόμῳ
1239 1535 1490 1608 ἱστορίας*
1545 1554 1639 1588 πο·

125 1616 166 1666 τὲ
200 1610 260 1684 οέ,
305 1617 354 1670 οὗ
395 1627 605 1695 τηροῦσι
659 1621 827 1692 τάξιν,
883 1619 1192 1685 σπεύδοντες
1245 1627 1400 1697 μόνον
1456 1624 1529 1687 εἰς
1577 1627 1636 1677 τὸ

124 1701 389 1776 ammte
410 1709 554 1765 αὐτοί.

171 1919 306 1993 Ἀρχὴ
369 1931 452 1976 τοῦ
505 1953 562 1963 --
615 1932 728 1986 τοῖς
802 1931 1114 1998 προφήταις.
1179 1927 1491 2001 Εὐαγγίλιον
1549 1937 1638 1982 νῦν

118 2010 137 2059 6
184 2011 374 2085 Μάρκος,
441 2017 529 2071 τὴν
579 2019 769 2072 Καινήν
820 2017 1098 2081 Διαθήκην,
1157 2021 1250 2076 τὴν
1270 2021 1384 2071 νέαν
1433 2020 1640 2092 νομοθε-

118 2103 204 2150 σίαν
243 2108 318 2152 τοῦ
363 2109 587 2174 Χριστοῦ
644 2102 879 2162 κέκληκε.
938 2110 1087 2158 Διατί
1143 2103 1203 2160 δὲ
1251 2105 1414 2170 οὕτως
1477 2108 1639 2168 αὐτὴν

114 2187 334 2258 ὠνόμασεν,
395 2193 587 2263 εἴρηται
642 2188 691 2243 ἐν
742 2200 815 2264 τῷ
870 2198 1128 2268 προοιμίῳ
1196 2205 1292 2256 τῆς
1347 2194 1639 2267 ἐξηγήσεως

114 2285 178 2327 τον
214 2280 325 2329 κατὰ
365 2281 624 2333 Ματθαίον
677 2280 1019 2354 Εὐαγγελίου,
1080 2285 1202 2337 ἔνθα
1241 2290 1359 2359 περὶ
1399 2293 1488 2346 τῆς
1535 2285 1642 2338 ἑπι-

111 2373 268 2436 mensi;
291 2374 378 2417 τῶν
405 2367 728 2440 Εὖαγγελίων
757 2366 1184 2444 προδιειληπται.
1217 2377 1354 2431 Φησὶ
1384 2369 1444 2426 δε
1474 2375 1500 2426 6
1537 2394 1642 2427 πα-

110 2472 184 2520 ρων
207 2453 560 2526 rius/731261“,
607 2459 690 2511 ὃτὶ
739 2457 882 2532 ἀρχὴ
924 2469 1018 2522 τῆς
1068 2460 1183 2523 νίας
1230 2462 1307 2535 (4)
1338 2465 1642 2536 νομοθεσίας

115 2547 290 2610 Χριστοῦ
344 2545 468 2598 οὕτω
521 2551 751 2619 γέγονεν,
807 2550 876 2610 ὡς
923 2552 1216 2624 γέγραπται
1267 2551 1316 2603 ἐν
1364 2558 1476 2613 τοῖς
1518 2571 1642 2626 προ-

111 2634 252 2698 Ῡήταις
300 2631 467 2706 ’λέγει
514 2631 573 2689 δὲ
633 2635 918 2710 Μαλαχίαν
970 2643 1060 2692 καὶ
1095 2638 1336 2695 Ἠσαίαν.
1388 2638 1514 2695 Εἶτα
1554 2646 1639 2694 τί-

111 2715 203 2771 θησι
243 2725 319 2772 καὶ
357 2725 418 2774 τὰ
460 2724 598 2797 ῥητὰ
669 2735 771 2777 τῶν
848 2736 1144 2801 προφητῶν,
1188 2729 1269 2782 ἶνα
1315 2731 1504 2802 μάθῃς,
1559 2732 1639 2783 ὅτι

107 2808 273 2866 τοιαύτη
321 2808 454 2884 ἀρχὴ
520 2821 616 2867 τοῦ
672 2813 986 2887 Εῦαγγελίου
1037 2821 1261 2890 γέγονεν,
1315 2820 1427 2871 οῖαν
1474 2821 1640 2872 ταῦτοί

107 2912 242 2962 φθίσω.
286 2904 450 2954 Ταῦτα
507 2899 568 2957 δέ
627 2923 807 2975 φασιν,
883 2903 1060 2977 ἀρχὴν
1111 2907 1271 2959 αὐτοῦ
1323 2911 1639 2980 γενήσεσθαι

105 2985 168 3033 τὸν
214 2985 445 3056 Ἰωάννην,
499 2994 569 3055 ὡς
628 2990 1064 3068 ἁναπτυσσόμενα
1151 2993 1434 3059 δείξουσιν.
1499 2998 1638 3052 Ἐπεὶ

1667 1726 1715 1783 Β
1745 1714 1888 1764 vant
1940 1724 1955 1763 :

1749 468 2082 524 admodum
2143 471 2303 542 prior
2351 471 2481 542 ejus
2528 471 2792 544 Epistola
2837 473 3235 543 demonstrat,
3299 494 3416 549 qua

1749 557 1921 611 etiam
1956 557 2050 612 hic
2081 557 2270 614 ﬁlium
2303 576 2482 616 suum
2509 560 2682 632 juxta
2713 561 2988 633 spiritum
3021 566 3280 621 Marcum
3312 583 3418 638 ap-

1751 645 1983 715 pellavit
2021 646 2042 680 ⁶
2075 664 2089 704 :
2123 663 2155 700 a
2179 662 2302 720 quo
2345 650 2588 721 insuper
2621 656 2811 705 totum
2859 651 3154 723 Evangelii
3194 668 3416 708 sermo-

1751 747 1888 788 nem
1933 735 2158 790 Marcus
2206 735 2432 804 didicit,
2483 742 2540 792 et
2597 739 2985 809 postmodum
3031 741 3414 811 Evangeliqu

1751 822 2120 894 conscripsit,
2171 824 2498 879 secundum
2555 824 2919 881 Clementem
2974 829 3411 894 Stromaticum,

1747 907 1864 964 hoc
1909 916 2014 980 est,
2065 909 2165 980 qui
2221 910 2388 967 varia
2445 913 2506 967 in
2561 928 2749 968 unum
2803 916 3124 979 contexuit,
3170 915 3230 971 in
3288 916 3416 988 ipsa

1749 999 1938 1053 Roma
1965 1014 1979 1053 :
2004 998 2174 1069 juxta
2195 999 2686 1070 Chrysostomum
2709 1007 2909 1058 autem
2939 1002 2999 1057 in
3021 1005 3292 1076 lEgypto,
3325 1021 3417 1062 ro-

1748 1091 1924 1158 gatus
1955 1101 1990 1142 a
2021 1086 2300 1143 fratribus
2320 1087 2423 1160 qui
2453 1087 2673 1144 ibidem
2700 1089 3114 1159 morabantur,
3150 1097 3286 1161 post
3316 1091 3416 1147 de-

1747 1173 1973 1230 cimum
2011 1190 2048 1230 a
2096 1175 2418 1232 Salvatoris
2452 1177 2878 1247 Assumptione
2928 1192 3181 1234 annum.
3231 1178 3412 1234 Pluri-

1746 1277 1918 1318 mum
1948 1269 2150 1320 autem
2179 1279 2316 1320 cum
2343 1263 2621 1322 Matthmo
2641 1265 2957 1327 consentit.
2989 1265 3101 1322 nisi
3132 1266 3299 1338 quod
3324 1266 3408 1324 la-

1747 1350 1863 1408 tius
1931 1351 2028 1409 ille
2075 1357 2293 1409 cuncta
2344 1352 2640 1409 describit.
2713 1354 2939 1426 Ubique
2991 1360 3193 1410 autem
3260 1355 3411 1416 scire

1746 1446 1993 1514 oportet,
2015 1441 2182 1514 quod
2207 1441 2577 1512 evangelista;
2598 1441 2902 1498 interdum
2925 1441 3172 1514 quidem
3196 1443 3410 1501 Christi

1745 1529 2082 1586 doctrinam
2129 1545 2198 1586 ac
2230 1529 2513 1590 miracula
2565 1530 2776 1586 ordine
2801 1530 3145 1588 describunt
3174 1531 3237 1588 in
3284 1548 3410 1588 mo-

1745 1617 1894 1674 dum
1935 1617 2208 1686 historiae,
2241 1618 2611 1692 quandoque
2640 1633 2782 1675 vero
2810 1618 3084 1676 ordinem
3114 1634 3238 1676 non
3291 1635 3410 1676 ser-

2010 1707 2072 1764 id
2098 1707 2293 1764 solum
2321 1707 2648 1773 studentes,
2696 1712 2776 1774 ut,
2809 1708 2972 1780 quod
3025 1707 3251 1765 dictum
3304 1712 3408 1766 aut

1747 1794 1972 1852 factum
2003 1800 2112 1861 est,
2154 1795 2532 1852 annuntient.

1819 1905 1972 1960 CAP.
2020 1905 2060 1958 Ι.
2093 1901 2258 1958 Vers.
2297 1907 2346 1958 l.
2398 1901 2644 1958 Initium
2684 1931 2754 1942 —-—
2783 1902 2945 1958 Vers.
2973 1907 3026 1958 2.
3073 1903 3403 1973 prophetis.

1747 1991 2133 2062 Evangelium
2160 2007 2320 2046 nunc
2348 1993 2574 2048 Marcus
2600 1990 2925 2064 appellavit
2954 1994 3183 2048 Novum
3215 1995 3408 2050 Testa-

1748 2086 2038 2146 mentum,
2072 2096 2294 2136 novam
2324 2079 2535 2137 Christi
2574 2079 3028 2151 legislationem.
3061 2082 3177 2136 Cur
3205 2086 3408 2137 autem

1748 2170 1830 2228 ita
1871 2168 2292 2236 nominaverit,
2343 2168 2568 2225 dictum
2601 2169 2782 2226 estin
2827 2169 3120 2226 Prommio
3166 2185 3410 2226 enarra-

1748 2259 1924 2316 tionis
1973 2257 2276 2329 Evangelii
2300 2258 2473 2330 juxta
2501 2258 2866 2323 Matthaaum,
2904 2257 3001 2314 ubi
3031 2258 3108 2315 de
3159 2274 3410 2329 evange-

1748 2349 1967 2408 liorum
1990 2348 2372 2420 inscriptione
2397 2351 2717 2404 tractatum
2739 2352 2842 2403 est.
2868 2347 2959 2404 Ait
2975 2362 3117 2418 ergo
3141 2363 3408 2420 praesens

1749 2437 2140 2510 evangelista,
2167 2437 2333 2511 quod
2360 2437 2716 2510 principium
2736 2452 2907 2493 novae
2932 2436 3145 2492 Christi
3173 2435 3410 2507 legisla-

1748 2527 1925 2585 tionis
1965 2527 2047 2584 ita
2095 2527 2224 2598 fuit,
2274 2527 2425 2583 sicut
2460 2526 2517 2582 in
2546 2525 2853 2598 prophetis
2902 2525 3191 2599 scriptum
3243 2531 3335 2582 est
3391 2547 3404 2579 :

1749 2617 2101 2673 dicitautem
2128 2615 2349 2672 Isaiam
2372 2619 2431 2672 et
2451 2613 2820 2671 Malachiam.
2839 2613 3060 2670 Deinde
3081 2630 3151 2670 ea
3164 2630 3408 2687 quoque

1748 2705 1936 2779 ponit,
1976 2721 2112 2778 qum
2143 2720 2178 2761 a
2208 2703 2505 2776 prephetis
2557 2703 2716 2758 dicta
2745 2708 2901 2763 sunt,
2938 2707 3002 2758 ut
3033 2703 3235 2758 videas
3297 2702 3406 2759 tale

1747 2795 1924 2852 fuisse
1956 2794 2257 2865 Evangelii
2284 2793 2664 2867 principium,
2710 2791 2888 2864 quale
2919 2791 3122 2847 dicunt
3151 2791 3406 2864 prophe-

1748 2889 1842 2942 tae.
1896 2885 2075 2940 Aiunt
2117 2890 2316 2940 autem
2349 2883 2407 2939 hi
2435 2883 2729 2939 Joannem
2786 2881 2971 2937 fuisse
3024 2880 3406 2953 principium,

1743 2974 1924 3030 veluti
1953 2974 2112 3029 dicta
2141 2988 2349 3028 eorum
2389 2971 2681 3044 explicata
2710 2969 3226 3026 demonstrabunt.
3262 2970 3407 3035 Quia

210 3077 372 3142 πάντες
424 3084 472 3134 οἱ
512 3091 783 3155 προφῆται
830 3088 921 3136 καὶ
972 3086 998 3136 6
1053 3089 1209 3159 νόμος
1254 3087 1348 3150 ἕως
1400 3087 1636 3142 Ἰωάννου

1827 3063 1902 3118 im
1925 3077 2123 3119 omnes
2141 3061 2448 3131 prophetae
2469 3066 2521 3117 et
2544 3061 2644 3117 (ea:
2664 3060 2941 3132 usquead
2954 3059 3247 3116 Joannem
3263 3074 3407 3129 pro-

103 3169 440 3235 προεφήτευσαν,
518 3173 662 3224 κατὰ
737 3175 825 3225 τὸν
890 3180 980 3227 τοῦ
1057 3179 1252 3250 Κυρίου
1307 3175 1479 3249 λόγον,
1534 3175 1638 3231 ἔδει

103 3258 256 3318 τοῦτον,
299 3256 425 3319 τεὶος
503 3263 628 3314 ὦτα
691 3269 782 3323 τῆς
865 3261 1114 3331 Παλαιᾶς,
1172 3263 1347 3339 ἀρχὴν
1402 3269 1639 3339 ⁹γενέσθαι

105 3346 324 3442 τῆςνΝίας.
352 3346 508 3401 Ἀλλὰ
559 3345 847 3425 διαιρετέον
902 3348 1018 3426 ἰδίᾳ
1063 3363 1162 3406 τῶν
1213 3351 1310 3408 δύο
1366 3364 1638 3431 προφητῶν

106 3434 154 3479 τὰ
172 3434 298 3502 ῥυτά.

157 3516 291 3588 Ἰδοὺ,
322 3522 416 3596 ἑγὼ
462 3558 532 3568 -
591 3530 882 3604 ἔμπροσθέν
949 3549 1067 3588 σου.
1114 3532 1396 3606 Μαλαχίου
1451 3536 1540 3608 μεν
1581 3535 1638 3586 τὸ

277 3615 467 3689 εῖρηται
523 3615 585 3671 δξ
641 3623 760 3694 περὶ
809 3621 994 3673 τούτου
1043 3630 1219 3694 σαφῶς
1332 3630 1394 3696 τῇ
1445 3604 1638 3696 ἐξηγή-

102 3711 160 3746 σει
185 3706 260 3750 τοῦ
282 3701 505 3758 εἰκοστοῦ
551 3706 835 3778 κεφαὶαίου
868 3716 962 3762 τοῦ
991 3712 1126 3762 κατά
1163 3713 1430 3765 Ματθαῖον
1469 3712 1639 3786 Εὐαγ-

99 3790 246 3851 γελίου.
310 3796 401 3844 Καὶ
475 3798 720 3871 περιττὸν
783 3798 846 3849 τὰ
903 3797 1037 3851 αὐτὰ
1111 3799 1264 3853 πάλιν
1344 3801 1415 3862 εἰς
1483 3806 1639 3874 μέσον

99 3890 224 3941 αγιιν.

150 3967 266 4054 Φωνὴ
327 3999 390 4010 —
448 3973 666 4049 τρίϐους
734 3974 916 4032 αὐτοῦ.
1015 3975 1339 4050 [Ἑτοιμάξει
1399 3981 1472 4052 (5)
1550 3983 1640 4054 μὲν

95 4054 165 4140 Τὴν
189 4052 292 4108 ὁδὸν
321 4065 533 4136 Κυρίου,
584 4064 612 4115 ὁ
661 4067 755 4123 τὴν
802 4063 989 4140 ἀρετὴν
1031 4064 1388 4140 ἐργαζόμενος.
1421 4069 1515 4122 οὐχ
1551 4052 1639 4123 ὦ.

97 4138 202 4234 etin;
245 4141 300 4198 δέ
339 4158 471 4203 ποιεῖ
517 4153 616 4214 τὰς
659 4138 866 4227 τρίϐους
909 4138 1100 4226 αὐτοῦ,
1141 4158 1168 4208 6
1219 4138 1292 4230 μὴ
1341 4161 1470 4234 πρὸς
1522 4158 1642 4212 εὐα-

95 4231 293 4296 ρέστησιν
341 4245 491 4307 Θεοῦ,
563 4239 696 4294 ἀλλὰ
747 4238 826 4295 δι’
872 4231 1390 4320 ἁνθρωπαρίσκειαν,
1437 4247 1467 4307 ἦ
1529 4267 1645 4301 τινα

100 4324 269 4408 caeni-1,
338 4326 428 4380 οὐκ
525 4327 743 4402 ἀγαθὸν,
817 4334 1010 4391 ταύτην
1071 4331 1427 4408 ἐργαζόμενος.
1481 4336 1644 4398 Οὗτος

1744 3153 2157 3224 phetaverunt,
2206 3151 2377 3221 juxta
2435 3150 2666 3205 Domini
2697 3147 2946 3204 verbum
2995 3150 3037 3216 ⁸,
3090 3147 3406 3221 oportebat

1744 3242 1925 3307 hunc,
1964 3240 2064 3313 qui
2090 3239 2228 3295 ﬁnis
2257 3243 2381 3294 erat
2413 3238 2628 3294 Veteris
2657 3236 3034 3306 Testamenti,
3067 3236 3214 3294 Novi
3251 3252 3409 3310 quo-

1744 3346 1862 3404 que
1879 3345 2006 3386 esse
2029 3328 2407 3402 principium.
2423 3327 2643 3383 Verum
2667 3323 3094 3396 distinguenda
3110 3330 3253 3382 sunt
3278 3340 3409 3397 pro~

1744 3420 1875 3492 pria
1899 3419 2158 3476 duorum
2196 3417 2626 3491 prophetarum
2652 3415 2915 3472 oracula.

1817 3507 1982 3565 Vers.
2031 3511 2084 3562 2.
2139 3507 2283 3564 Ecce
2321 3521 2421 3577 ego
2458 3535 2527 3546 -—
2556 3519 2759 3562 coram
2815 3509 2888 3560 le.
2947 3501 3250 3560 Malachim
3308 3517 3409 3560 va-

1746 3596 2013 3654 ticinium
2059 3601 2166 3653 est.
2225 3596 2304 3652 De
2368 3595 2482 3651 hoc
2546 3597 2750 3650 autem
2804 3591 3121 3648 manifeste
3180 3590 3408 3648 dictum

1746 3693 1838 3743 est
1887 3684 2173 3743 vicesimo
2227 3684 2420 3758 capite
2476 3681 2775 3753 Evangelii
2825 3681 2994 3753 juxta
3051 3681 3406 3746 latthmum,

1747 3775 1906 3832 unde
1939 3773 2308 3848 superﬂuum
2339 3775 2494 3828 esset
2534 3771 2746 3828 eadem
2778 3784 3016 3826 rursum
3048 3769 3107 3824 in
3139 3768 3408 3824 medium

1750 3865 2064 3922 adducere.

1822 3975 1981 4029 Vers.
2037 3976 2088 4028 3.
2149 3971 2270 4027 νοω
2301 4001 2368 4010 —-
2397 3970 2636 4028 semitas
2666 3969 2808 4040 ejus.
2839 3970 2880 4039 -ι-
2930 3969 3230 4038 Praeparat
3279 3964 3411 4038 qui-

1748 4062 1889 4120 dem
1922 4061 2173 4118 Domino
2200 4062 2383 4126 viam,
2417 4059 2523 4132 qui
2552 4057 2832 4115 virtutem
2860 4061 3162 4128 operatur.
3199 4053 3409 4110 Verum

1748 4166 1872 4208 non
1909 4155 2102 4207 rectas
2127 4149 2268 4206 facit
2296 4147 2538 4204 semitas
2593 4147 2742 4220 ejus,
2771 4145 2875 4214 qui
2903 4159 3026 4202 non
3056 4143 3136 4201 ad
3167 4143 3270 4200 Dei
3308 4144 3410 4198 be-

1749 4241 2135 4316 neplacitum,
2175 4239 2278 4295 sed
2309 4239 2384 4294 ad
2418 4236 2684 4293 studium
2718 4233 3069 4292 hominibus
3103 4231 3407 4305 placendi,

1750 4336 1854 4391 aut
1876 4328 2136 4403 aliquem
2161 4327 2347 4384 alium
2375 4326 2559 4382 ﬁnem
2588 4339 2712 4382 non
2741 4323 2996 4392 bonum,
3018 4320 3176 4377 hanc
3200 4335 3409 4392 opera-

97 4407 162 4456 τόν
199 4414 274 4482 μὲν
343 4421 493 4471 πόνον
543 4428 644 4482 τῆς
702 4419 1003 4494 ίτοιμασίας
1081 4407 1384 4496 ὑφίσταται,
1439 4427 1526 4478 τὸν
1584 4424 1639 4481 δί

1820 4437 1864 4479 r.
1895 4419 1998 4476 Hic
2021 4417 2181 4474 enim
2206 4415 2478 4472 laborem
2529 4413 2773 4489 quidem
2805 4408 3252 4484 prreparationis
3283 4423 3410 4496 sus~

99 4499 199 4656 9170]»!
233 4502 316 4555 οὐκ
349 4508 460 4578 ἔχει
525 4516 646 4570 ταῖς
689 4513 954 4572 τοιαύταις
1003 4510 1199 4586 τρίϐοις
1241 4510 1645 4588 ἄμπεριπατοῦν-

99 4600 158 4637 τα.

98 4600 158 4637 τα.

149 4680 286 4732 Τοῦτο
330 4691 419 4737 τοῦ
466 4685 690 4740 Ἠσαίου
732 4685 896 4741 ἕστίν·
927 4690 1248 4764 ἡρμήνευται
1291 4685 1351 4744 δέ
1401 4696 1490 4746 καὶ
1527 4699 1645 4746 τοῦ-

98 4776 141 4812 το
181 4767 313 4822 πάλιν
347 4771 397 4826 ἓν
434 4783 500 4848 τῇ
551 4775 801 4849 ἐξηγήσει
855 4785 949 4832 τοῦ
1001 4783 1182 4855 τρίτου
1228 4779 1506 4852 κεφαλαίου
1550 4787 1644 4834 τοῦ

95 4856 200 4948 κατὰ
239 4863 492 4917 Mareotica:
541 4864 878 4938 Εὖαγγελίου,
920 4871 1010 4921 καὶ
1073 4871 1212 4932 ζήτει
1259 4866 1378 4922 ἐκεῖ.
1428 4871 1507 4924 Τὰ

95 4953 162 5037 ξπ
188 4954 491 5037 ,προφητικα
549 4960 720 5007 ταῦτα
768 4956 906 5030 ῥητὰ
959 4962 1247 5030 συμφώνως
1299 4960 1639 5032 κεκράγασιν,

92 5032 204 5083 ὁτιό
247 5034 468 5103 ἰωάιινης
517 5039 833 5118 προσδώσει
887 5053 979 5099 τοῦ
1026 5053 1281 5121 Χριστοῦ,
1334 5052 1424 5101 καὶ
1471 5046 1642 5124 εὐτρε-

147 5208 164 5242 ι
191 5211 370 5274 lPetr.
398 5235 456 5285 v,
490 5221 578 5278 13.
693 5223 717 5258 ο
741 5202 940 5281 Matth.
970 5239 1052 5291 XI,
1085 5224 1172 5281 13.

1751 4510 1912 4576 tinet,
1958 4509 2144 4564 Deum
2176 4512 2374 4563 autem
2406 4517 2528 4559 non
2557 4499 2742 4559 habet
2765 4496 3110 4572 hujusmodi
3161 4495 3410 4552 semitas

1751 4596 2296 4672 perambulantem.

1823 4686 1987 4744 Isaiae
2019 4683 2426 4742 testimonium
2455 4685 2566 4750 est,
2606 4678 2773 4754 quod
2803 4678 2980 4734 etiam
3013 4675 3412 4750 explanatum

1751 4781 1839 4834 est
1888 4775 1949 4832 in
2001 4773 2375 4832 enarratione
2430 4769 2582 4828 tertii
2633 4767 2846 4842 capitis
2892 4764 3190 4840 Evangelii
3239 4765 3414 4838 juxta

1751 4867 2110 4932 Matthmum,
2129 4862 2209 4921 ibi
2232 4877 2372 4934 ergo
2393 4859 2664 4934 quaerito.
2696 4858 2828 4914 Haec
2844 4857 3045 4930 itaque
3067 4854 3414 4930 prophetica

1751 4955 1910 5014 dicta
1921 4953 2294 5013 concorditer
2314 4951 2597 5016 clamant,
2614 4946 2778 5022 quod
2793 4947 3055 5004 Joannes
3086 4961 3413 5019 praseessu-

1750 5062 1855 5106 rus
1918 5049 2046 5103 erat
2109 5041 2427 5108 Christum,
2491 5039 2773 5111 viamque
2838 5036 2891 5093 ei
2957 5040 3410 5108 praeparaturus

1265 5347 1491 5418 Variae
1508 5347 1844 5418 lectiones
1884 5356 1949 5414 et
1985 5355 2186 5414 notae.

115 5545 122 5551 _
148 5475 216 5548 (2)
241 5482 309 5551 Ut
332 5500 403 5543 ex
428 5488 746 5551 Sonhronii
774 5491 836 5548 in
865 5494 1122 5549 Marcum
1150 5491 1500 5549 Praefatione
1529 5491 1646 5549 col-

150 5571 766 5704 iiiié’af"vii,”£‘."%’."

1838 5490 1915 5559 (4)
1939 5493 2089 5554 Νέας,
2116 5487 2305 5544 abest.
2332 5484 2398 5559 Α.

1835 5552 1912 5632 (5)
1947 5552 2081 5616 Hiec
2107 5563 2350 5630 uterque
2376 5557 2440 5614 in
2466 5553 2738 5626 margine
2762 5552 3017 5609 exhibet.
