3922 6200
547 220 652 277 77s
1868 210 2221 269 EUTHYMII
2261 211 2591 270 ZIGABENI
3800 233 3823 283 δ

622 346 781 404 Vers.
822 348 907 402 11.
940 348 1016 402 Et
1046 361 1152 402 eoa:
1181 375 1248 385 —-
1287 341 1689 413 complacita»:
1728 343 1832 396 est.
1891 338 1957 393 In
2014 338 2161 392 Evar

2394 343 2491 391 Καὶ
2544 344 2680 411 φωνὴ
2732 369 2802 381 --
2852 338 3137 402 εύδόκησα.
3194 344 3279 397 Ἐν
3327 354 3397 416 τῷ
3461 351 3578 399 κατὰ
3626 353 3824 404 Mariam

548 436 699 505 gelio
751 436 922 508 juxta
984 434 1319 492 Matthaeum
1384 433 1677 502 scriptum
1736 434 1823 485 est
1887 427 2057 482 :Hic
2122 441 2161 482 ει

2315 430 2427 499 μὲν,
2496 429 2659 491 Οὗτός
2703 429 2844 483 ἔστιν
2898 434 2923 484 6
2976 435 3095 495 Υἱός
3145 454 3267 505 μου,
3340 440 3623 510 γέγραπται·
3671 444 3825 512 Μάριος

548 527 737 581 Filius
780 540 939 580 meus
972 525 1038 574 ¹².
1102 525 1328 577 Marcus
1358 528 1556 576 autem
1587 524 1642 575 et
1704 518 1892 573 Lucas
1944 516 2161 571 habent

2317 513 2377 570 δὲ
2404 523 2494 571 καὶ
2535 526 2763 586 Λουκᾶς,
2816 526 2881 574 Σύ
2928 519 3022 574 εἶό
3069 526 3188 586 Υἱός
3234 544 3352 595 μον,
3402 528 3651 599 γράφουσι.
3695 527 3826 583 Tion

554 616 638 669 Tu
665 629 718 668 es
770 613 957 667 Filius
1007 627 1167 665 meus
1202 613 1269 664 ³³.
1322 609 1475 678 Quid
1532 625 1670 680 ergo
1702 607 1963 663 dicemus
1991 610 2014 655 ?
2051 604 2161 660 Nih

2315 604 2571 680 ἆροῦμεν;
2620 606 2789 661 Οὐδὲν
2842 612 3030 685 ἕτερον,
3104 614 3133 671 ἡ
3195 616 3314 688 ὅπερ
3374 614 3479 684 (12)
3540 614 3582 667 έν
3631 618 3688 685 τῷ
3731 622 3825 669 κατὰ

545 701 706 755 aliud
733 716 917 771 quam
950 700 1115 770 quod
1138 699 1300 771 apud
1332 698 1672 754 Matthaeum
1697 695 1955 751 diximus
1984 710 1999 750 :
2040 708 2161 766 quo

2315 698 2586 750 Ματθαίον
2634 698 2927 772 εἰρήκαμεν,
2980 702 3061 753 ὅτι
3117 705 3165 754 οἱ
3217 702 3564 774 εὐαγγελισταὶ
3606 710 3707 757 ποτε
3750 710 3825 777 iis,

542 788 912 858 evangelista:
966 790 1263 844 interdum
1296 787 1537 860 quidem
1587 788 1805 855 integre
1853 784 2161 855 hujusmoc

2316 780 2567 856 ἀκεραίων
2637 796 2736 839 τῶν
2803 792 3049 841 τοιούτων
3145 791 3316 865 ῥητῶν
3410 792 3822 865 ἀπομνημονεύουσι·

543 878 861 934 verborum
928 877 1295 933 mentionem
1345 875 1569 931 faciunt
1611 874 2014 947 :quandoque
2060 888 2161 927 ver

2312 876 2435 926 ποτε
2494 870 2572 941 δε,
2604 880 2696 934 τὴν
2725 877 2815 949 μέν
2872 887 2963 930 τοῦ
3008 880 3171 953 ῥητοῦ
3222 876 3453 933 διάνοιαν
3475 882 3714 954 ὀλόκλτίρον
3734 881 3823 934 ἀπο-

546 967 900 1023 sententiam
934 967 1179 1038 quidem
1235 970 1473 1021 servant
1523 966 1816 1033 integram
1849 978 1862 1017 :
1896 960 2161 1033 quasdar

2314 963 2568 1031 σώζουσι,
2628 964 2781 1027 λέξεις
2859 962 2917 1019 δε
2971 987 3114 1030 τινας
3188 967 3581 1043 ἀπαρατηρήτως
3627 971 3823 1022 ὑπαλλάτ-

545 1062 746 1111 autem
770 1056 1059 1111 dictiones
1091 1071 1209 1110 non
1232 1059 1510 1110 curantes
1541 1053 1879 1117 immutant,
1908 1049 2055 1105 dum
2086 1049 2161 1105 ho

2311 1070 2511 1118 τουσιν,
2563 1055 2683 1106 ὅταν
2723 1052 2874 1109 ούδέν
2931 1076 2983 1108 τι
3030 1056 3183 1130 μὶλλῃ
3245 1066 3315 1128 τῷ
3360 1058 3489 1130 λόγῳ
3520 1066 3653 1111 τοῦτο
3693 1059 3822 1131 λυμαι-

546 1144 806 1201 sermoni
831 1144 976 1200 nihil
1000 1150 1187 1215 potest
1212 1145 1442 1207 obesse,
1471 1142 1634 1214 quod
1668 1158 1773 1214 pro
1800 1156 1919 1197 una
1944 1139 2161 1197 diction

2310 1142 2509 1198 νεσθαι.
2566 1151 2662 1205 τῆς
2731 1143 3177 1218 ἀντεισαχθείσης
3228 1147 3404 1210 λέξεως
3454 1148 3619 1200 ταύτὸν
3687 1168 3824 1219 σημαι-

545 1235 661 1291 alia
690 1234 847 1291 idem
874 1234 1217 1303 signiﬁcans
1244 1233 1580 1290 adducitur.
1617 1233 1758 1286 Nam
1778 1230 1936 1286 idem
1956 1229 2161 1287 demo:

2310 1232 2522 1292 νούσης.
2601 1236 2838 1287 Δεικτικὰ
2885 1238 2984 1310 γὰρ
3034 1237 3209 1309 ἄμφω,
3259 1240 3448 1301 καὶτὸ,
3480 1237 3640 1302 Οὗτος,
3673 1242 3742 1288 καὶ
3770 1242 3821 1304 τὸ,

546 1328 735 1379 strant
766 1325 873 1380 Hic
903 1330 958 1379 et
990 1324 1095 1378 Tu.
2311 1321 2400 1373 Σύ.

619 1415 873 1468 Rursum
905 1412 1097 1467 simile
1145 1418 1231 1467 est
1272 1411 1435 1483 quod
1494 1409 1797 1468 Matthaeus
1853 1414 1909 1465 et
1973 1411 2161 1465 Marcu

2381 1426 2548 1490 Αὖθις
2595 1425 2683 1481 οὖν
2734 1438 2826 1482 τοῦ
2901 1433 3174 1484 Ματθαίου
3241 1436 3331 1505 μὲν
3385 1440 3471 1485 καὶ
3537 1440 3617 1484 τοῦ
3668 1434 3820 1503 Μάριον

546 1501 936 1573 scripserunt:
973 1502 1040 1556 In
1069 1517 1185 1572 quo
1211 1500 1359 1555 mihi
1386 1500 1526 1556 bene
1546 1500 1963 1569 complacitum
1992 1503 2073 1555 est
2127 1498 2161 1533 ¹⁴

2310 1516 2639 1590 γραψάντων·
2688 1520 2775 1571 Ἐν
2918 1516 3205 1579 εὐδόκησα·
3284 1523 3309 1573 6
3389 1528 3594 1582 Λουκᾶς.
3664 1521 3729 1574 Ἐν
3768 1526 3821 1572 σοὶ

543 1597 600 1649 et
624 1590 783 1664 quod
814 1591 999 1647 Lucas
1034 1591 1141 1648 :In
1201 1597 1255 1647 te
1282 1590 1429 1646 mihi
1483 1590 1614 1646 bene
1652 1589 2069 1658 complacitum
2116 1602 2161 1644 et

2314 1602 2605 1678 εὐδόκησα,
2634 1611 2826 1682 εἷρηκε.
2864 1614 2962 1662 Καὶ
2990 1618 3145 1663 τοῦτο
3171 1616 3336 1663 κανὼν
3368 1614 3494 1664 ἔστω
3525 1630 3598 1663 σοι
3623 1609 3820 1665 καθολαὸς

546 1683 615 1737 ιδ.
656 1684 721 1737 Et
750 1680 845 1736 hic
862 1680 962 1736 tibi
975 1696 1169 1736 canon
1194 1678 1487 1750 generalis
1501 1686 1625 1735 esto
1645 1679 1720 1734 ad
1744 1676 2161 1734 omniasimilia

2313 1693 2397 1747 ἐπὶ
2427 1704 2527 1748 τῶν
2548 1701 2791 1750 τοιούτών
2817 1700 3040 1751 πάντων.

620 1770 781 1825 Vers.
814 1769 900 1823 12.
925 1800 993 1811 -—
1023 1769 1364 1840 Statimque.
1400 1768 1562 1825 Vers.
1602 1766 1939 1824 t3.Satana.
1972 1766 2161 1822 Dictur

2387 1790 2488 1839 Καὶ
2545 1786 2697 1850 εύθύς
2745 1819 2811 1828 -
2866 1795 3087 1841 Σατανᾶ.
3159 1793 3385 1862 Εἶρηται
3437 1795 3519 1843 καὶ
3560 1790 3820 1862 περὶτούτων

543 1864 632 1916 est
647 1858 722 1915 de
752 1858 845 1915 his
876 1858 1221 1929 tertiojuxta
1250 1858 1587 1914 Matthteum
1612 1858 1821 1930 capite.
1854 1856 1954 1912 Ille
1983 1862 2161 1912 tame:

2682 1842 2695 1850 '
3222 1842 3230 1862 6
3276 1842 3285 1846 ⁷
3615 1842 3623 1863 Ι

2312 1874 2363 1927 ἄν
2427 1883 2499 1946 τῷ
2565 1881 2725 1948 τρίτῳ
2781 1878 3039 1949 κεφαλαίῳ
3087 1886 3181 1931 τοῦ
3231 1881 3368 1931 κατὰ
3430 1880 3681 1933 Ματθαὼν.
3729 1874 3817 1927 Ἀλλ’

546 1948 724 2003 simul
756 1953 810 2002 et
839 1950 1023 2003 Lucas
1065 1946 1371 2002 dixerunt:
1406 1947 1449 2001 Α
1488 1946 1718 2003 diabolo
1748 1948 1813 2008 ¹⁶,
1857 1946 1951 2001 hic
1979 1952 2161 2001 autent

2311 1964 2499 2027 ἐκεῖνος
2544 1968 2654 2039 μεν,
2714 1969 2788 2019 ἔτι
2843 1964 2900 2019 δε
2961 1973 3049 2020 καὶ
3098 1974 3322 2035 Λουκᾶς,
3396 1969 3511 2021 Ὑπὸ
3569 1976 3645 2019 τοῦ
3697 1962 3821 2017 διαξοο

546 2039 592 2092 Α
614 2037 855 2092 Satana.
888 2037 1037 2090 Cum
1069 2035 1226 2090 enim
1258 2034 1499 2089 daemon
1554 2034 1741 2090 multa
1771 2033 1990 2089 habeat
2014 2050 2153 2089 nom

2310 2055 2420 2108 λου·
2492 2056 2650 2121 εἶπον,
2702 2059 2909 2131 Μάρκος
2962 2054 3039 2117 δε.
3090 2058 3211 2111 ’Υπὸ
3278 2068 3373 2110 τοῦ
3430 2064 3624 2110 Σατανᾶ.
3678 2054 3818 2107 Πολυαιν-

545 2141 645 2191 na,
670 2131 723 2182 et
746 2125 823 2181 ab
856 2140 1212 2197 unaquaque
1260 2122 1481 2179 malitia
1520 2139 1632 2178 sua
1664 2122 1906 2194 recipiat
1935 2123 2161 2195 appella

2311 2147 2474 2217 νύμου
2524 2146 2626 2219 γὰρ
2672 2148 2814 2207 ὄντος
2849 2153 2940 2198 τοῦ
2982 2142 3251 2219 δαίμονος,
3300 2152 3392 2199 καὶ
3442 2145 3520 2219 ἀφ’
3556 2148 3735 2203 ἑκάστης
3756 2141 3821 2193 αὖ·

547 2215 768 2271 tionem
790 2231 803 2269 :
821 2213 898 2269 illi
916 2213 1161 2285 quidem
1178 2229 1297 2267 unu
1310 2229 1367 2268 m
1386 2218 1732 2284 posuerunt,
1753 2212 1847 2269 hic
1862 2227 2002 2269 vero
2016 2212 2161 2269 aliud

2312 2242 2404 2287 τοῦ
2432 2238 2615 2295 κακίας
2645 2234 3047 2308 ὀνομαζομένου,
3096 2240 3153 2288 τὸ
3184 2240 3275 2309 μὲν
3317 2236 3476 2302 οὗτοι,
3525 2239 3575 2287 τὸ
3619 2231 3681 2301 δὲ,
3715 2231 3817 2287 οὗτος

2313 2323 2576 2397 εἰρήκασι.

620 2408 812 2464 Dictus
843 2412 928 2464 est
972 2413 1171 2464 autem
1232 2406 1504 2473 Satanas,
1537 2407 1651 2464 hoc
1706 2413 1795 2464 est
1846 2408 2161 2465 contrariu:

2386 2418 2605 2485 Λέγεται
2631 2409 2689 2465 δὲ
2716 2420 2965 2477 Σατανᾶς,
3006 2415 3031 2465 6
3063 2412 3431 2486 ἀντικείμενος.
3469 2410 3812 2479 Ἀντίκειται

546 2497 693 2554 Nam
724 2498 839 2553 Deo
861 2496 1197 2554 contrarius
1227 2503 1313 2554 est
1338 2497 1600 2564 daemon,
1642 2502 1698 2554 et
1736 2498 2034 2554 contraria
2079 2503 2161 2554 sta

2311 2501 2337 2552 6
2359 2497 2559 2574 δαίμων
2588 2510 2661 2573 τῷ
2693 2510 2830 2573 Θεῷ,
2862 2506 2927 2555 τὰ
2956 2501 3159 2555 ἔναντία
3183 2506 3489 2575 νομοθετῶν.

546 2591 740 2642 tuens.
2556 2598 2559 2599 '

616 2678 775 2733 Vers.
822 2674 903 2731 13.
933 2676 1010 2731 Et
1037 2681 1164 2732 erat
1192 2692 1325 2733 cum
1353 2676 1564 2732 bestiis.
1592 2676 1898 2733 Matthreus
1928 2681 1983 2732 et
2009 2677 2197 2733 Lucas

550 2779 768 2835 genera
792 2780 1033 2837 quoque
1066 2766 1455 2821 tentationum
1487 2764 1845 2836 scripserunt
1876 2767 1942 2818 ιτ.
1976 2768 2199 2822 Marcus

543 2869 680 2909 vero
701 2869 840 2909 cum
880 2869 1063 2924 supra
1118 2858 1367 2909 caeteros
1420 2852 1720 2909 brevitatis
1766 2860 1916 2910 esset
1942 2861 2195 2921 amator,

543 2941 686 2997 satis
715 2942 942 3013 putavit
989 2941 1186 2996 dicere
1217 2943 1333 2997 :Et
1387 2941 1751 2998 tentabatur.
1781 2942 1844 2997 In
1896 2942 2010 2999 hoc
2040 2943 2196 2999 enim

542 3045 761 3100 genera
790 3046 1031 3102 quoque
1080 3030 1426 3103 complexus
1456 3036 1567 3087 est.
1603 3031 1770 3098 Quod
1813 3036 2013 3087 autem
2073 3039 2199 3089 erat

541 3134 678 3174 cum
710 3118 933 3183 bestiis,
954 3124 1192 3192 propter
1204 3120 1616 3189 magnamloci
1642 3120 2022 3176 solitudinem
2046 3122 2196 3177 acci-

540 3206 625 3264 dit
666 3226 679 3276 ;
715 3214 777 3265 ut
805 3209 983 3265 etiam
1008 3208 1087 3265 ab
1116 3209 1229 3265 hoc
1268 3209 1479 3276 discas,
1538 3209 1700 3282 quod
1756 3210 1805 3265 is
1846 3210 1947 3283 qui
2005 3215 2197 3267 tuetur

540 3297 760 3353 animae
780 3297 1156 3369 dignitatem,
1187 3298 1385 3354 bestiis
1418 3299 1609 3370 potius
1661 3299 2054 3356 formidabilis
2084 3303 2191 3355 est.

540 3387 687 3443 Ante
716 3386 1185 3444 inobedientiam
1225 3390 1374 3444 enim
1397 3388 1633 3458 jussum
1660 3392 1785 3443 erat
1815 3395 1877 3445 ut
1915 3388 2193 3445 omnibus

537 3474 722 3533 homo
760 3476 1185 3533 dominaretur.

610 3567 768 3622 Vers.
804 3568 887 3621 13.
917 3567 995 3622 Et
1024 3566 1227 3636 angeli
1256 3598 1323 3606 —
1354 3566 1429 3623 ei.
1460 3566 1594 3622 Post
1618 3566 1969 3623 tentationes
1991 3567 2193 3624 videli-

536 3659 647 3719 cet,
672 3658 805 3726 post
836 3655 1205 3710 manifestam
1229 3654 1303 3710 de
1320 3659 1608 3710 tentatore
1639 3656 2194 3728 victoriam,quem-

538 3742 870 3798 admodum
898 3742 1252 3812 significavit
1290 3742 1622 3798 Matthzeus.

611 3832 765 3886 Vers.
797 3832 882 3886 14.
913 3832 1233 3902 Postquam
1259 3838 1446 3888 autem
1482 3863 1549 3871 —
1581 3834 1703 3888 Dei.
1745 3834 1979 3890 Dictum
2011 3841 2099 3891 est
2136 3841 2194 3892 et

535 3919 611 3975 de
636 3919 727 3975 his
758 3919 969 3976 eodem
1002 3919 1216 3993 capite,
1250 3921 1633 3993 Evangelium
1657 3926 1857 3979 autem
1893 3925 2061 3994 regni
2094 3926 2194 3982 Dei

534 4008 679 4065 dicit
707 4025 864 4066 nunc
909 4012 1139 4066 Novum
1199 4016 1642 4076 testamentum,
1697 4016 1897 4084 utpote
1963 4030 2195 4070 annun.

535 4098 692 4155 tians
758 4098 833 4154 de
897 4112 1079 4169 regno
1150 4100 1268 4170 Dei,
1342 4105 1397 4155 et
1464 4099 1755 4157 inducens
1788 4102 1866 4158 ad
1940 4118 2193 4176 regnum

537 4186 658 4244 Dei.

607 4276 771 4334 Vers.
802 4278 891 4333 t5.
922 4276 1000 4333 Et
1043 4278 1236 4335 dicens
1296 4307 1342 4319 -
1416 4285 1655 4349 tempus.
1702 4280 1953 4354 Tempus
1982 4296 2019 4337 a
2072 4282 2191 4339 Deo

532 4366 911 4424 constitutum
958 4366 1388 4423 conversationi
1439 4368 1653 4424 Veteris
1700 4372 2072 4437 Testamenti,
2115 4371 2190 4427 de

532 4472 652 4529 quo
679 4456 823 4513 dicit
852 4458 1163 4528 Apostolus
1194 4474 1210 4511 :
1244 4458 1355 4513 Ubi
1375 4458 1530 4514 venit
1562 4460 1865 4530 comptetio
1887 4461 2185 4533 temporis,

533 4544 686 4602 misit
711 4546 858 4603 Deus
880 4546 1100 4602 Filium
1119 4561 1291 4602 suum
1312 4546 1380 4600 ¹⁶.

2382 2720 2482 2768 Καὶ
2531 2710 2592 2772 ἧν
2664 2717 2795 2787 μετὰ
2851 2724 2949 2767 τῶν
3028 2718 3239 2789 Θηρίων.
3314 2717 3572 2776 Ματθαῖος
3636 2714 3705 2785 μὲν
3756 2713 3813 2761 καὶ

2310 2810 2511 2865 Λουκᾶς
2567 2808 2657 2857 καὶ
2725 2807 2791 2857 τὰ
2855 2801 2969 2862 εἴδη
3051 2813 3150 2856 τῶν
3208 2814 3506 2880 πειρασμῶν
3566 2807 3696 2854 αὐτού
3736 2797 3811 2848 ὁσέ-

2305 2894 2515 2968 γραψοω
2571 2894 2703 2965 (13)·
2765 2896 2790 2946 6
2840 2891 2898 2947 δε
2950 2896 3181 2969 Μάρκος,
3240 2895 3600 2966 φιλοσύντομος
3641 2892 3693 2941 ὧν
3730 2891 3813 2955 ὑπὲρ

2229 2995 2271 3054 C
2307 2989 2426 3045 τοὺς
2450 2982 2652 3049 ἄλλους,
2704 2983 2932 3055 ἠρκέσθη
2984 2992 3056 3053 τῷ
3087 2986 3202 3053 (14)
3233 2984 3415 3051 εἰπεῖν,
3464 2985 3534 3034 ὃτι
3561 2985 3647 3034 Καὶ
3676 2978 3720 3035 ἦν
3742 2992 3814 3025 πει·

2304 3076 2601 3146 ραζόμενος.
2654 3074 2722 3127 Εν
2763 3074 2929 3143 τούτῳ
2984 3074 3085 3145 γὰρ
3139 3076 3228 3124 καὶ
3285 3074 3352 3125 τά
3402 3068 3509 3130 εἶδή
3560 3062 3813 3140 συμπφιῦι

2306 3158 2407 3212 ϐεν.
2458 3158 2553 3213 Ἦν
2609 3156 2667 3213 δε
2720 3159 2851 3232 μετὰ
2895 3169 2995 3213 τῶν
3069 3162 3282 3233 θηρίων,
3347 3158 3439 3213 διὰ
3509 3178 3557 3211 τε
3612 3162 3687 3213 τὴν
3725 3154 3815 3221 ἆῖπλ

2304 3247 2521 3322 ἐρημίαν
2574 3257 2665 3301 τοῦ
2714 3255 2895 3313 τόπου,
2946 3254 3036 3301 καὶ
3089 3251 3171 3301 ἵνα
3217 3252 3393 3323 μάθῃς
3442 3252 3515 3302 ὅτι
3561 3249 3583 3299 6
3622 3243 3814 3317 ονλάττων

2302 3341 2360 3391 τὸ
2402 3337 2605 3411 ἀξίωμα
2646 3346 2738 3401 τῆς
2791 3338 2993 3411 ψυχῆς,
3044 3338 3251 3412 φοϐερὸς
3308 3339 3493 3391 πᾶλλον
3535 3344 3629 3395 τοῖς
3672 3335 3816 3401 θηρίοις

2303 3424 2462 3480 ἐστίν.
2512 3426 2729 3503 Ἃρχειν
2781 3430 2881 3503 γὰρ
2913 3430 3117 3481 πάντων
3168 3428 3342 3480 αύτῶν
3380 3432 3475 3502 πρὸ
3505 3434 3588 3488 τῆς
3616 3424 3813 3495 παρυαὲς

2303 3518 2328 3569 6
2354 3519 2621 3589 ἄνθρωπος
2652 3516 2946 3576 ἐκελεύσθη.

2376 3612 2475 3659 Καὶ
2534 3609 2582 3659 οἱ
2638 3607 2848 3679 ἄγγελοι
2905 3638 2972 3647 -
3012 3606 3174 3678 αὐτῷ.
3232 3609 3381 3659 Μετὰ
3421 3608 3535 3664 τοὺς
3568 3596 3809 3675 utipsam");

2304 3691 2562 3761 δηλονότι,
2594 3698 2684 3747 κάὶ
2709 3698 2839 3767 μετὰ
2880 3698 2974 3754 τὴν
3022 3699 3155 3748 κατὰ
3184 3703 3279 3747 τοῦ
3330 3698 3598 3768 πειραστοῦ
3625 3688 3809 3761 eraterat

2300 3790 2469 3847 νίκην,
2503 3788 2572 3848 ὡς
2600 3787 2625 3836 6
2656 3787 2923 3846 Mareade;
2954 3784 3333 3856 ἐπεσημήνατο.

2375 3878 2512 3927 Μετά
2566 3872 2625 3927 δὲ
2675 3906 2743 3914 -
2794 3882 2886 3926 τοῦ
2935 3881 3088 3927 Θεοῦ.
3137 3877 3360 3947 Εἴρηται
3407 3879 3489 3925 καὶ
3541 3866 3812 3943 περὶτούτων

2303 3962 2350 4015 έν
2396 3973 2467 4035 τῷ
2543 3963 2684 4033 αὗτῷ
2742 3961 3023 4035 κεφαλαίῳ.
3107 3962 3421 4035 Εὖαγγέλιον
3470 3959 3526 4013 δὲ
3574 3967 3653 4017 τῆς
3706 3950 3812 4023 βατι’

2301 4052 2439 4112 λείας
2491 4057 2582 4105 τοῦ
2630 4057 2756 4104 Θεοῦ
2785 4059 2893 4116 νῦν,
2942 4057 3031 4109 τὴν
3082 4056 3276 4111 Καινὴν
3328 4052 3581 4108 Διαθήκην
3607 4046 3730 4115 liv“,
3771 4040 3815 4093 ὡς

2301 4143 2601 4213 μηνύουσαν
2629 4144 2744 4215 περὶ
2795 4149 2889 4202 τῆς
2942 4138 3215 4213 βασιλείας
3257 4149 3354 4193 τοῦ
3398 4147 3545 4203 Θεοῦ,
3582 4136 3692 4194 ηὼς
3720 4128 3815 4179 un-

2299 4250 2497 4303 ⁸γουσαν
2528 4232 2601 4293 εἰς
2628 4236 2721 4290 τὴν
2748 4228 3022 4304 βασιλείαν
3052 4237 3145 4283 τοῦ
3172 4238 3331 4284 Θεοῦ.
3864 4272 3865 4309 ι

2198 4348 2270 4405 ἑι)
2375 4325 2474 4374 Καὶ
2524 4319 2684 4392 λέγων
2749 4351 2817 4360 -
2890 4323 3089 4394 καιρός.
3147 4319 3206 4372 Ὀ
3282 4322 3467 4394 καιρὸς
3519 4318 3543 4368 6
3591 4308 3857 4405 ἆγορᾼισθεξςή

2298 4412 2439 4483 παρὰ
2512 4414 2639 4463 Θεοῦ
2708 4417 2770 4482 τῇ
2838 4406 3072 4481 πολιτείᾳ
3149 4416 3244 4471 τῆς
3303 4407 3532 4469 Παλαιᾶς
3604 4398 3817 4455 suam.

2297 4504 2415 4573 περὶ
2495 4496 2554 4552 οὗ
2629 4518 2787 4572 φησιν
2845 4500 2870 4551 6
2944 4498 3281 4560 Ἀπόστολοςο
3362 4500 3440 4550 ὅτι
3490 4495 3602 4547 Ὀτε
3647 4487 3743 4547 ἦλθε
3779 4484 3817 4530 τά

2294 4588 2552 4663 πλήρωμα
2598 4596 2691 4641 τοῦ
2747 4593 2966 4663 χρόνου,
3015 4586 3370 4652 ἐξαπέστειλεν
3421 4587 3446 4637 ὁ
3493 4585 3605 4643 Θεὸς
3645 4574 3815 4631 τόνϊέἀν

2295 4697 2476 4731 αυτοῦ.

606 4755 769 4811 Vers.
800 4758 882 4811 15.
905 4755 983 4813 Et
1029 4758 1247 4816 —Dei.
1304 4761 1818 4833 Appropinquavit
1869 4766 1934 4818 ut
1981 4778 2157 4836 regne

2366 4772 2467 4820 Καὶ
2512 4797 2583 4809 —
2635 4775 2789 4820 Θεοῦ.
2845 4765 3094 4839 Ἤγγικεν
3146 4768 3232 4818 ἶνα
3283 4763 3571 4840 βασιλεύσῃ
3636 4762 3722 4840 rint
3760 4766 3817 4798 πί·

534 4858 709 4916 super
733 4844 1059 4917 credentes,
1101 4847 1253 4905 sicut
1281 4848 1651 4906 manifestius
1696 4850 2055 4925 interpretati
2088 4870 2157 4910 su

2297 4861 2592 4927 στενόντων,
2644 4858 2709 4917 ὡς
2753 4857 3050 4929 ἡρμηνεύθη
3110 4861 3484 4930 φανεροώτερον
3519 4851 3563 4905 ἓν
3605 4855 3668 4918 τῷ
3704 4839 3819 4897 δη)ἀῦ

532 4947 670 4989 mus
697 4933 981 5005 pradicto
1012 4935 1223 5008 capite.

2298 4949 2433 5000 θέντι
2472 4944 2752 5018 κεφαλαίῳ.

607 5059 653 5095 ¹²
694 5060 890 5116 Matth.
925 5080 1003 5126 ιιι,
1051 5068 1131 5118 17.
1210 5065 1257 5099 ¹³
1298 5064 1437 5120 Luc.
1470 5082 1546 5131 ιιι,
1586 5066 1673 5121 22.
1753 5067 2028 5125 “Matth.
2070 5089 2144 5144 rx,

2346 5074 2393 5109 “
2448 5073 2585 5128 Luc.
2642 5089 2718 5139 ιιι,
2748 5074 2836 5127 22.
2917 5071 2965 5107 ¹⁶
2990 5070 3190 5126 Matth.
3217 5086 3300 5135 iv,
3343 5071 3380 5124 5
3413 5089 3427 5138 ;
3459 5064 3733 5127 Luc.1v,2-
3789 5048 3816 5084 ’τ

536 5150 733 5207 Matth.
768 5166 843 5221 iv,
869 5150 903 5206 3
931 5170 948 5223 ;
986 5154 1123 5208 Luc.
1160 5171 1234 5222 ιν,
1276 5159 1305 5210 3
1332 5170 1500 5228 seqq.
1584 5157 1629 5191 "
1661 5158 1850 5215 Gatat.
1878 5176 1954 5227 ιν,
1976 5163 2031 5217 4.

1752 5336 1972 5415 νοτίδι
2011 5340 2341 5410 lectiones
2381 5350 2679 5411 etnotae.

635 5531 695 5584 l2
750 5522 910 5597 Ὅπερ
942 5532 1031 5579 καὶ
1068 5525 1116 5579 ἐν
1141 5529 1197 5583 Β.

606 5526 720 5670 1131
746 5598 1022 5670 Ἔγραψαν
1049 5600 1105 5656 Β.

2364 5538 2477 5610 (tt)
2506 5542 2608 5608 Τῷ,
2632 5536 2801 5593 abest
2825 5538 2888 5589 A.

636 5598 720 5671 13)
746 5598 1022 5673 Ἔγραψαν
1049 5600 1105 5656 Β.
