3922 6200
137 217 216 278 m
754 172 763 175 w
1140 199 1510 268 COMMENT.
1552 186 1625 257 iN
1671 195 2018 258 MARCUM.
2060 235 2126 249 -
2167 204 2322 263 CAP.
2367 202 2410 262 ι.

1089 335 1247 390 Πάλιν
1336 327 1646 403 Mammas
1679 323 1727 381 A
1836 325 1994 384 Vers.
2033 331 2116 397 15,
2144 329 2926 404 Resipiscite—Evangelio.
2950 335 3207 392 Rursum
3228 333 3420 391 Evan-

188 347 430 398 Μετανοεῖτε
495 368 562 379 -
670 335 986 408 Εύαγγελίῳ.

134 433 320 497 ἐνταῦθα,
381 433 462 488 τήν
541 431 732 485 Καινὴν
807 427 1070 485 Διαθήκην
1129 426 1388 497 ὠνόμασε,
1459 437 1648 494 παραι-

131 532 222 589 νῶν,
262 524 326 573 ὅτι
371 518 625 571 Πιστεύετε
678 524 743 589 τῇ
802 521 965 588 Kstner)"
1018 515 1279 587 Διαθήκη,
1334 515 1519 584 ἤγουν,
1578 509 1648 570 ὡς

133 611 235 668 αὕτη
253 607 509 664 ὑποτίθησι.

183 702 433 772 Περιπατῶν
489 725 556 735 -
612 692 789 755 ἁλιεῖς.
845 696 1063 769 Εῖρηται
1120 695 1211 745 καὶ
1281 693 1401 765 περὶ
1453 689 1648 741 τούτων

129 786 167 839 ἐν
194 795 251 856 τῷ
274 786 461 855 τοιούτῳ
486 782 766 855 κεφαλαίῳ.

180 878 260 928 Καὶ
309 872 425 926 εἶπεν
474 902 545 914 ·-·
592 871 956 931 ἠκολούθησαν
1008 871 1166 943 αύτῷ.
1223 874 1323 923 Καὶ
1364 870 1482 942 περὶ
1530 865 1649 917 τού-

126 985 201 1016 των
220 965 376 1035 ὁμοίως
396 960 439 1014 ἕν
460 960 636 1034 ἐκείνῳ
663 963 886 1036 εἴρηται.

178 1057 254 1107 Καὶ
299 1049 476 1125 προϐὰς
533 1080 601 1091 -
650 1050 834 1103 αὐτοῦ.
904 1053 1128 1118 Εἴρηται
1189 1052 1282 1102 καὶ
1339 1050 1458 1120 περὶ
1525 1045 1648 1097 τού-

123 1159 196 1194 των
217 1160 314 1193 nu.

184 1234 259 1283 Καὶ
314 1229 689 1304 εἰσπορεύονται
756 1259 825 1268 -——-
900 1224 1178 1281 ἐδίδασκε.
1244 1233 1424 1279 Ταῦτα
1479 1223 1572 1276 καὶ
1621 1223 1648 1275 6

131 1322 288 1378 Λουκᾶς
329 1321 613 1390 ἱστόρησεν.
671 1317 865 1371 Ἦλθον
920 1314 983 1370 δέ
1032 1317 1106 1379 εἰς
1158 1317 1499 1390 Καπερναούμ
1543 1314 1647 1367 ἀπὸ

126 1413 195 1465 τῆς
246 1406 473 1481 Ναζαρὲτ,
542 1409 612 1469 ὡς
690 1408 718 1459 6
782 1406 936 1468 αύτός
1006 1406 1124 1476 (l5)
1204 1403 1647 1477 ὶπεσημειὼσατο.

115 1498 206 1553 Τοῖς
249 1494 455 1548 Σάϐϐασι
503 1494 591 1558 δὲ,
649 1493 762 1549 ἀντὶ
811 1503 927 1559 τοῦ,
986 1494 1066 1548 Ἐν
1114 1501 1226 1555 ταῖς
1280 1495 1497 1566 ἡμέραις
1549 1501 1650 1546 τῶν

114 1580 352 1651 Σαϐϐάτων,
406 1586 487 1638 ὅτε
549 1581 611 1643 ἧν
664 1580 875 1643 δηλαδὴ
949 1582 1230 1636 Σαϐϐαῖον.
1304 1582 1385 1635 Ἐν
1438 1584 1652 1640 ταύταις

3310 193 3417 281 778

1758 414 1981 484 gelium
2006 421 2450 478 nominavithic
2469 425 2905 479 Testamentum
2927 426 3181 492 Novum,
3200 422 3417 480 adhor-

1758 508 1887 559 tans
1928 510 1993 562 ut
2018 511 2180 566 Novo
2205 514 2584 570 Testamento
2616 513 2878 570 credant.
2912 512 3039 582 Vel,
3083 514 3235 571 sicut
3264 511 3415 570 illud

1757 593 1997 651 credere
2028 598 2259 656 suadet.
2900 652 2903 659 .
3182 624 3186 627 '

1828 681 1997 739 Vers.
2025 686 2113 741 16.
2150 688 2473 746 Ambulans
2500 721 2568 734 —-
2594 692 2938 762 piscatores.
2970 695 3051 750 De
3073 691 3169 748 his
3199 692 3412 750 eodem

1757 770 1953 843 capite
1981 773 2208 832 dictum
2238 782 2348 833 est.

1829 861 1987 917 Vers.
2022 864 2107 919 17.
2149 865 2230 921 Et
2261 867 2418 924 dixit
2448 899 2514 909 —
2539 868 2701 925 Vers.
2744 871 2827 926 18.
2868 869 3056 928 secuti
3083 879 3221 929 sunt
3259 888 3406 929 eum.

1756 948 2039 1007 Similiter
2062 957 2119 1009 et
2141 952 2216 1009 de
2241 954 2332 1011 his
2362 956 2577 1013 eodem
2607 950 2792 1032 capite
2814 960 3041 1016 dictum
3067 967 3172 1017 est.

1826 1038 1988 1095 Vers.
2020 1041 2108 1097 19.
2135 1042 2216 1098 Et
2238 1059 2582 1118 progressus
2604 1078 2675 1090 —
2702 1047 2865 1105 Vers.
2884 1049 3147 1107 20.eum.
3179 1049 3413 1109 Dictum

1755 1130 1842 1184 est
1865 1127 1942 1184 de
1969 1128 2063 1186 his
2091 1130 2333 1191 ibidem.

1826 1217 1991 1274 Vers.
2021 1222 2111 1277 21.
2135 1222 2216 1278 Et
2244 1223 2760 1295 ingrediuntur—
2783 1226 3046 1286 docebat.
3070 1226 3213 1285 Haec
3244 1228 3414 1286 etiam

1754 1305 1945 1363 Lucas
1975 1310 2225 1383 scripsit.
2258 1315 2555 1371 Venerunt
2584 1320 2787 1374 autem
2826 1316 3205 1391 Capernaum
3235 1334 3272 1375 a
3298 1321 3416 1375 Nau

1755 1396 1979 1468 zareth,
2010 1399 2160 1456 sicut
2188 1400 2283 1457 ille
2314 1402 2679 1473 signiﬁcavit
2704 1407 2770 1460 η.
2802 1406 3077 1464 Sabbatis‘
3106 1418 3265 1475 vero,
3298 1408 3416 1465 hoc

1758 1490 1865 1551 est,
1896 1486 2110 1544 diebus
2146 1489 2547 1549 Sabbatorum
2576 1499 2723 1551 erat.
2752 1500 2818 1551 In
2855 1496 2949 1552 his
2990 1497 3149 1554 enim
3180 1497 3413 1566 diebus,

1759 1577 1907 1634 dum
1932 1577 2042 1635 illis
2067 1579 2253 1638 otium
2285 1587 2429 1649 erat,
2461 1585 2841 1656 permittebat
2873 1586 2968 1644 lex
2996 1591 3063 1644 ut
3092 1602 3416 1660 congrega-

107 1674 186 1744 γάρ
232 1679 330 1735 ταῖς
379 1674 598 1747 ἡμέραις
651 1672 901 1748 ἀργοῦσιν
953 1672 1126 1729 αὐτοῖς
1177 1670 1441 1746 ὶπέτρεπεν
1492 1672 1519 1723 6
1565 1674 1648 1723 νό-

1818 1671 1964 1725 :ntur
1987 1684 2058 1725 ac
2081 1669 2243 1740 leges
2271 1671 2604 1730 recitarent.
2623 1676 2783 1730 Tunc
2808 1689 2951 1746 ergo
2972 1677 3274 1749 ingressus
3300 1681 3411 1743 est,

106 1778 182 1829 μος
238 1763 562 1833 συνάγεσθαι,
634 1768 724 1814 καὶ
794 1765 912 1823 τοὺς
981 1767 1168 1834 νόμους
1260 1759 1649 1833 ἀναγινώσκειν.

102 1852 200 1901 Τότε
255 1845 335 1902 ούν
381 1850 687 1924 εἰσήρχετο,
753 1851 837 1904 ἶνα
899 1853 1083 1912 πάντες
1144 1848 1441 1903 ἀκούσωσιν
1493 1848 1654 1902 αὐτοῦ

100 1940 204 1989 κατὰ
224 1937 429 2010 σχολὴν.

152 2030 237 2080 Καὶ
274 2025 651 2091 ἐξεπλήσσοντο
682 2059 749 2071 —
794 2030 843 2082 οἱ
887 2034 1237 2105 Γραμματείς.
1280 2036 1459 2083 Ταῦτα
1495 2033 1585 2083 καὶ
1626 2033 1653 2083 6

96 2117 320 2179 Ματθαῖος
364 2120 659 2190 παρέθηκεν
703 2115 752 2170 ἂν
796 2126 869 2189 τῷ
911 2117 1042 2172 τέλει
1088 2125 1179 2171 τοῦ
1228 2121 1464 2191 πέμπτου
1500 2138 1653 2193 κειρα-

91 2200 228 2256 λαίου.
267 2205 394 2258 Ἀλλ’
435 2205 651 2273 ἕκείνος,
701 2207 774 2269 εἰς
816 2211 874 2259 τὸ
913 2211 1033 2280 ὄρος
1078 2206 1333 2268 ἀναϐῆναι
1377 2208 1514 2279 λέγει
1562 2212 1651 2260 τὸν

90 2296 304 2362 Χριστὸν,
341 2294 491 2348 κάκεῖ
528 2297 826 2348 καθίσαντα
869 2291 1088 2359 διδάξαι
1129 2300 1244 2358 τοὺς
1284 2298 1525 2369 μαθητὰς
1563 2296 1651 2349 αύ-

90 2386 180 2444 rati,
202 2390 531 2455 παρεστώτων
571 2393 669 2437 τῶν
699 2384 892 2457 ὄχλων.
927 2383 1051 2439 Εἶτα
1093 2388 1225 2458 μετὰ
1260 2389 1464 2460 μακρὰν
1495 2381 1650 2439 διδα-

87 2470 268 2521 σκαλίαν
307 2473 486 2545 ὶποὲγει
512 2476 602 2527 ὅτι
646 2479 737 2527 καὶ
766 2472 1141 2537 ἐξεπλήσσοντο
1179 2476 1228 2527 οἰ
1258 2474 1411 2547 ὄχλοι
1459 2475 1542 2528 ἐπὶ
1581 2484 1643 2550 τῇ

87 2552 260 2633 διδαχῇ
308 2562 489 2630 αὐτοῦ,
521 2568 617 2616 καὶ
660 2565 723 2616 τὰ
765 2563 900 2627 ἑξῆς.
936 2563 1097 2623 Δῆλον
1127 2560 1214 2617 ούν
1244 2563 1405 2633 ἔστιν,
1447 2567 1524 2618 ὃτι
1561 2572 1649 2619 καὶ

81 2642 308 2722 ἀμφότερα
344 2657 652 2725 γεγόνασιν.

336 2803 485 2852 lii-Idi.
522 2796 602 2853 ΔΖ
635 2802 760 2875 Περὶ
783 2805 872 2851 τοῦ
899 2790 1349 2875 δαιμονιζομένου.

132 2886 221 2935 Καὶ
250 2881 309 2943 ἦν
346 2918 413 2927 -
458 2896 562 2941 τοῦ
593 2892 740 2942 Θεοῦ.
789 2894 968 2941 Ταῦτα
1011 2893 1099 2942 καὶ
1141 2890 1168 2941 6
1214 2896 1420 2951 Λουκᾶς
1449 2891 1648 2964 εἴρηκεν

75 2962 357 3048 Ἀκάθαρτον
413 2972 475 3029 δὲ
527 2975 756 3029 καλοῦσι
805 2980 863 3029 τὸ
921 2973 1211 3051 δαιμόνιον,
1272 2981 1335 3041 ὡς
1400 2975 1648 3052 ἐφηδύνο-

72 3077 193 3143 μνον
254 3071 367 3125 ταῖς
443 3063 807 3138 ἁκαθαρσίαις
885 3071 975 3119 καὶ
1043 3071 1301 3141 μιαρίαις.
1377 3068 1647 3143 ’Λνέχραξε

76 3140 122 3197 δί
152 3148 173 3198 6
206 3151 483 3227 ἄνθρωπος,
540 3158 617 3227 μὴ
668 3159 901 3228 φέροντος
954 3162 1044 3207 τοῦ
1092 3154 1140 3208 ἓν
1182 3156 1322 3228 αύτῷ
1372 3154 1646 3230 δαιμονίου

69 3239 146 3293 τήν
170 3240 457 3313 προσϐολὴν
489 3251 596 3305 τῆς
625 3245 882 3306 θεότητος.
921 3242 1019 3298 Ἔα
1049 3240 1128 3313 δὲ,
1172 3244 1287 3298 ἀντὶ
1327 3253 1440 3300 τοῦ.
1491 3246 1648 3320 Ἄφες

74 3324 205 3394 ἡμᾶς.
249 3334 312 3383 Τί
354 3337 532 3385 κοινὸν
594 3334 720 3406 ἡμῖν
770 3337 858 3386 καὶ
907 3338 991 3387 σοί
1018 3351 1034 3401 ;
1084 3335 1392 3411 Ναζαρηνὸν
1446 3332 1506 3389 δέ
1560 3340 1646 3390 τὸν

71 3420 265 3488 Χριστόν
339 3421 642 3495 ὠνόμασεν,
713 3424 784 3484 ὡς
851 3422 1201 3499 ἀνατραφέντα
1267 3423 1314 3476 ἄν
1371 3433 1433 3498 τῇ
1503 3425 1647 3480 πόλει

67 3505 294 3582 Ναζαρὲτ,
324 3512 507 3574 καθώς
535 3510 657 3584 (16)
686 3512 712 3563 ὁ
741 3513 1011 3575 Ματθαῖος
1042 3514 1332 3588 ἱστόρησεν.

116 3681 378 3741 Ἀπὼλειαν
430 3686 497 3744 δὲ
545 3687 772 3743 ἐνταῦθα
810 3691 923 3765 (17)
974 3691 1000 3742 6
1047 3687 1271 3765 δαίμων,
1313 3696 1407 3752 τὴν
1447 3692 1646 3766 ἕποχὴν

64 3779 139 3834 τῆς
186 3772 455 3852 δυνάμεως
510 3784 608 3831 καὶ
658 3778 1026 3858 ἀνενεργησίαν
1077 3786 1166 3835 καὶ
1221 3780 1401 3846 δίωξιν
1454 3784 1646 3839 ἑαυτῶν

59 3861 195 3915 καλεῖ.
240 3871 309 3919 1'6
359 3865 443 3921 δέ’
501 3865 651 3921 Οἶδά
700 3888 757 3922 σε
804 3874 884 3930 τίς
936 3866 998 3939 εἴ,
1047 3866 1173 3938 εἷπε,
1231 3871 1517 3924 κολακεύων
1558 3872 1647 3924 αύ-

57 3951 142 4017 τὸν,
189 3954 267 4006 ἱνα
318 3962 581 4030 φείσηται
630 3957 964 4011 αὐτοῦ”ούκ
1013 3955 1120 4012 εἶπε
1176 3956 1236 4013 δὲ
1283 3957 1487 4032 Ἄγιος,
1539 3960 1645 4013 ἀλλ’

52 4036 100 4090 Ὀ
138 4041 299 4113 ἅγιος,
354 4049 498 4119 μετά
553 4054 652 4107 τῆς
705 4054 799 4099 τοῦ
847 4049 1046 4122 ἄρθρου
1092 4051 1420 4122 προσθήκης.
1473 4048 1647 4123 Ἀγιοι

52 4130 128 4199 μὲν
301 4142 397 4190 καὶ
451 4139 507 4191 οἱ
554 4146 841 4214 προφῆται,
890 4136 1018 4192 ἀλλά
1066 4143 1200 4193 κατὰ
1249 4147 1501 4214 μετοχὴν·
1555 4147 1647 4215 μό-

46 4238 122 4282 νος
144 4218 199 4276 δὲ
225 4226 252 4277 6
280 4230 413 4288 Θεὸς
446 4230 614 4300 φύσει
638 4231 728 4280 καὶ
764 4231 957 4302 κυρίως
986 4226 1153 4300 ἅγιος.
1179 4233 1273 4284 Διά
1298 4238 1451 4285 τοῦτο
1474 4237 1645 4285 τοίνυν

51 4303 187 4379 εἶπεν,
249 4312 310 4367 '0
381 4315 570 4389 ἅγιος,
645 4314 760 4370 ἀντὶ
831 4324 946 4387 τοῦ,
991 4318 1021 4370 6
1090 4321 1240 4391 φύσει
1305 4325 1395 4373 καὶ
1459 4326 1648 4396 κυρίως

45 4394 194 4469 ἅγιος.

108 4494 198 4544 Καὶ
243 4490 576 4569 ἐπετίμησεν
633 4492 691 4558 ἐξ
739 4494 921 4550 αὐτοῦ.
989 4526 1058 4539 --
1105 4495 1471 4571 Ἐπειτίμησεν,
1539 4501 1650 4554 ἀντι

43 4584 139 4644 τοῦ,
192 4578 609 4657 ἐπεστόμισεν.
657 4581 794 4658 ὀρα
851 4580 933 4649 δὲ,
986 4592 1100 4647 πῶς
1147 4585 1241 4639 οὐκ
1293 4583 1508 4651 ἕδεξατο
1556 4595 1649 4648 τὴν

44 4662 132 4717 ἀπὸ
170 4678 261 4723 τοῦ
310 4669 590 4747 δαίμονος
617 4677 906 4748 μαρτυρίαν
953 4675 979 4726 ὁ
1024 4678 1274 4749 Χριστὸς,
1310 4682 1484 4730 καίτοι
1528 4678 1651 4738 ἁλη-

45 4753 314 4831 θεύονσανς
376 4771 607 4838 πρῶτον
666 4765 777 4835 μὲν,
822 4764 902 4815 ὃτι
950 4762 1043 4816 οὐκ
1090 4764 1315 4836 ἔχρῃζεν
1361 4768 1390 4825 ἡ
1437 4766 1654 4826 ἀλήθεια

44 4854 433 4924 μαρτυρηθῆναι
492 4853 651 4925 ποιρὰ
712 4860 805 4904 τοῦ
870 4849 1119 4924 ψεύδους·
1182 4857 1358 4907 ἔπειτα
1414 4853 1653 4921 ἐδίδαξεν

42 4933 183 5006 ἡμᾶς,
210 4945 284 5013 μὴ
342 4943 631 4996 πιστεύειν
675 4947 786 5002 τοῖς
814 4937 1057 5014 δαίμοσι,
1101 4941 1196 4996 κᾶν
1243 4942 1399 5005 ἆλνοῆ
1441 4945 1652 5016 λέγωσι.

42 5024 362 5099 Φιλοψευδείς
413 5033 530 5106 γάρ
620 5033 760 5091 ὄντες
822 5035 913 5082 καὶ
997 5030 1395 5105 πολεμιώτατοι,
1450 5035 1543 5086 οὐκ
1596 5036 1656 5086 ἄν

1761 1760 1825 1814 ut
1853 1772 1961 1831 per
1983 1757 2170 1815 otium
2200 1774 2411 1819 omnes
2437 1762 2717 1819 audirent
2742 1764 2964 1838 ipsum.

1831 1990 1994 2048 Vers.
2025 1995 2116 2050 22.
2147 1993 2228 2051 Et
2251 1995 2565 2065 stupebant
2593 2026 2663 2039 -—
2686 1996 2920 2054 Scribis.
2953 2001 3086 2056 Hac
3102 1998 3416 2056 Matthaaus

1757 2096 2001 2155 quoque
2026 2083 2229 2155 posuit
2255 2084 2317 2140 in
2339 2084 2460 2141 ﬁne
2487 2086 2682 2160 quinti
2719 2088 2932 2160 capitis
2959 2090 3029 2144 ³ο.
3063 2090 3280 2146 Verum
3315 2088 3416 2147 ille

1757 2169 2056 2229 Christum
2094 2172 2155 2230 in
2193 2179 2462 2232 montem
2500 2176 2849 2234 ascendisse
2884 2177 3286 2252 dicit,.ibique
3328 2195 3418 2237 se-

1757 2260 1998 2318 dentem
2025 2262 2345 2335 discipulos
2374 2280 2519 2322 suos
2541 2266 2838 2337 docuisse,
2861 2268 3197 2326 astantibus
3219 2273 3274 2325 et
3293 2274 3417 2326 tur-

1754 2348 1849 2406 bis
1882 2366 1898 2417 ;
1924 2350 2140 2408 deinde
2165 2358 2303 2425 post
2319 2353 2570 2425 longum
2600 2370 2939 2413 sermonem
2970 2356 3216 2424 inducit,
3249 2359 3417 2432 quod

1755 2439 1939 2496 etiam
1978 2441 2163 2499 turbas
2201 2448 2552 2517 stupuerunt
2578 2461 2762 2518 super
2796 2446 3072 2507 doctrina
3106 2446 3298 2521 ipsius
3339 2450 3409 2514 ³³»

1753 2533 1864 2587 etc.
1891 2530 2260 2590 Manifestum
2287 2548 2429 2604 ergo
2453 2538 2560 2600 est,
2592 2539 2912 2609 utrumque
2935 2536 3159 2597 factum
3188 2552 3338 2594 esse.

2202 2782 2358 2865 cap.
2391 2783 2445 2838 ι.
2475 2784 2558 2840 De
2586 2770 2966 2865 dammam.
2998 2770 3031 2780 "

1829 2881 1986 2937 Vers.
2028 2881 2115 2936 23.
2151 2881 2230 2937 Et
2268 2888 2419 2938 erat.
2460 2913 2527 2924 —
2558 2885 2722 2940 Vers.
2759 2888 2848 2940 24.
2882 2884 3008 2941 Dei.
3056 2886 3190 2941 Haec
3229 2884 3410 2943 etiam

1755 2969 1902 3027 dixit
1931 2970 2119 3026 Lucas
2148 2973 2222 3026 ³³.
2261 2969 2488 3028 Vocant
2518 2978 2719 3029 autem
2758 2962 3123 3030 (immanium
3151 2974 3413 3031 immun-

1755 3059 1921 3127 dum,
1946 3060 2119 3133 quasi
2150 3060 2541 3117 immunditiis
2581 3078 2652 3120 ac
2681 3052 3000 3120 sceleribus
3030 3065 3409 3136 gaudentem.

1755 3149 2041 3206 Clamavit
2070 3165 2217 3206 sane
2240 3149 2443 3218 homo,
2475 3165 2599 3207 non
2637 3151 2858 3209 ferente
2888 3153 3054 3226 quod
3085 3154 3145 3209 in
3175 3170 3246 3210 eo
3285 3161 3412 3212 erat

1754 3238 2055 3294 dtemonio
2079 3239 2199 3295 vim
2224 3238 2737 3306 divinitatis.Sine,
2760 3242 2875 3297 hoc
2893 3246 2998 3309 est,
3028 3242 3258 3299 Dimitte
3275 3259 3406 3298 nos.

1756 3326 1910 3393 Quid
1941 3327 2043 3383 tibi
2072 3327 2388 3384 nobiscum
2415 3343 2737 3386 commune
2766 3336 2854 3386 est
2877 3331 2906 3388 τ
2938 3331 3235 3388 Christum
3264 3347 3412 3405 quo-

1754 3433 1873 3490 que
1897 3418 2133 3474 vocavit
2162 3421 2554 3485 Nazarenum,
2584 3434 2655 3476 eo
2684 3420 2850 3492 quod
2880 3420 2939 3477 in
2970 3422 3203 3479 civitate
3235 3424 3411 3479 Naza—

1752 3507 1882 3564 reth
1924 3508 2178 3565 nutritus
2225 3512 2398 3579 esset,
2443 3509 2957 3581 quemadmodum
3001 3510 3237 3582 scripsit
3276 3513 3412 3568 Mat-

1755 3597 1943 3653 thaaus
1973 3599 2042 3657 ³³.
2136 3644 2143 3649 .
2758 3600 2761 3607 “
3012 3644 3017 3651 ε

1766 3692 1769 3695 ’
1826 3687 2224 3744 Perditionem
2256 3692 2478 3756 autem,
2505 3692 2678 3744 vocat
2702 3689 2798 3745 hic
2827 3689 3069 3746 daemon
3099 3689 3412 3747 cohibitio-

1755 3792 1893 3832 nem
1933 3793 2054 3833 suae
2100 3779 2425 3850 potestatis,
2477 3779 2875 3852 virtutemque
2914 3780 3296 3849 contrariam,
3339 3794 3410 3837 ac

1755 3868 2254 3938 persecutionem.
2280 3868 2340 3923 Id
2354 3868 2535 3924 etiam
2553 3869 2718 3941 quod
2737 3868 2976 3926 additur
3003 3887 3016 3925 :
3037 3870 3191 3926 Novi
3207 3876 3261 3927 te
3279 3871 3407 3941 quis

1754 3958 1853 4024 sis,
1886 3956 2194 4013 adulando
2224 3957 2275 4013 ei
2307 3958 2471 4023 dixit,
2507 3963 2569 4013 ut
2596 3958 2708 4030 ipsi
2737 3964 3025 4030 parceret.
3058 3960 3183 4016 Non
3212 3960 3407 4015 solum

1754 4049 1955 4102 autem
1978 4046 2122 4102 dixit
2144 4046 2408 4112 Sanctus,
2432 4046 2557 4113 sed,
2585 4046 2693 4104 ille
2711 4048 2991 4115 Sanctus,
3015 4063 3155 4105 cum
3180 4048 3412 4104 articuli

1756 4134 2079 4191 additione.
2113 4134 2423 4207 Siquidem
2452 4139 2510 4190 et
2549 4136 2859 4207 prophetae
2891 4137 3089 4193 sancti
3115 4141 3273 4201 sunt,
3300 4135 3411 4192 sed

1754 4239 1862 4298 per
1892 4224 2395 4296 participationem
2428 4239 2442 4278 :
2476 4214 2639 4280 solus
2669 4229 2869 4281 autem
2898 4227 3052 4281 Deus
3086 4223 3326 4296 proprie
3357 4226 3414 4280 et

1755 4318 1972 4371 natura
2009 4316 2252 4370 sanctus
2282 4316 2388 4369 est.
2422 4312 2506 4369 0b
2534 4311 2593 4368 id
2626 4326 2769 4383 ergo
2789 4312 2967 4369 dixit:
3008 4316 3259 4370 Sanctus
3292 4311 3409 4378 ille,

1676 4377 1723 4435 ι)
1755 4404 1872 4462 hoc
1900 4407 1987 4460 est
2011 4406 2224 4460 natura
2246 4401 2487 4475 prOprie
2517 4377 2779 4459 sanctus.
2854 4410 2855 4417 ‘

1826 4495 1988 4549 Vers.
2017 4492 2107 4548 25.
2152 4492 2233 4548 Et
2267 4492 2602 4562 increpavit
2632 4520 2701 4534 -—
2730 4492 2807 4549 ab
2854 4506 2941 4550 eo.
2969 4522 3041 4533 —
3066 4490 3412 4562 Incfepavit,

1760 4584 1874 4641 hoc
1902 4585 2008 4646 est,
2040 4582 2116 4637 Os
2135 4581 2457 4638 obturavit.
2487 4580 2632 4637 Vide
2652 4587 2852 4638 autem
2883 4580 3048 4653 quod
3074 4588 3196 4637 non
3219 4578 3416 4636 susce-

1761 4671 1908 4747 perit
1936 4670 2202 4729 Christus
2234 4687 2270 4728 a
2298 4671 2574 4728 daemone
2601 4671 3026 4740 testimonium,
3058 4686 3416 4744 quanquam

1760 4778 1898 4820 vera
1916 4761 2427 4818 diceret.Primum
2455 4761 2700 4833 quidem
2731 4761 2874 4833 quia
2905 4776 3028 4816 non
3061 4760 3419 4817 vult’veritas

1766 4858 1827 4909 ut
1854 4851 1968 4907 sibi
1999 4869 2035 4908 a
2064 4852 2321 4907 falsitate
2345 4851 2722 4922 perhibeatur
2745 4850 3172 4906 testimonium.
3200 4850 3420 4905 Deinde

1765 4942 1965 4999 docuit
2014 4958 2125 4998 nos
2176 4958 2250 4998 ne
2296 4942 2672 4997 daemonibus
2743 4955 3014 5013 unquam
3079 4940 3418 5006 credamus,

1768 5035 1944 5092 etiam
2022 5049 2164 5089 vera
2248 5031 2584 5087 dicentibus
2663 5046 2677 5085 :
2756 5047 2894 5087 cum
2972 5030 3132 5087 enim
3222 5033 3423 5088 ament

102 5170 145 5206 ¹⁹
165 5171 303 5231 Luc.
339 5187 429 5242 Iv,
504 5173 599 5229 16.
677 5173 727 5208 ’θ
756 5172 964 5231 Matth.
996 5190 1051 5243 v,
1089 5179 1138 5233 1.
1214 5177 1257 5211 ¹¹
1284 5177 1485 5232 Matth.
1515 5194 1613 5239 vu.
1645 5186 1648 5231 Ἰ

1818 5181 1858 5214 ¹²
1890 5179 2024 5233 Luc.
2058 5194 2134 5244 tv,
2164 5178 2252 5233 33.
2331 5180 2377 5213 ³³
2419 5178 2553 5232 Luc.
2580 5190 2659 5243 1v,
2696 5175 2777 5231 16.

1270 5319 1493 5401 Varias
1524 5319 1850 5389 lectiones
1881 5332 1947 5388 et
1987 5330 2188 5387 notae.

98 5474 203 5553 es)
242 5479 783 5553 ηερ-σημειώσᾳτοι
816 5477 877 5553 s-

94 5544 205 5622 (ﬂ)
242 5544 499 5616 Δοὶηιᾶςζ
533 5546 996 5619 corrigendum.

314 5649 569 5709 Parnm.
609 5644 711 5704 Gn.
753 5644 1002 5707 CXXIX.

1819 5480 1937 5554 (17)
1958 5481 2265 5555 Λίγειφοει
2292 5481 2529 5550 ἐνταῦθα,
2561 5479 2727 5540 addit
2755 5483 2823 5540 A.

3083 5649 3153 5707 9.5
