3922 6200
161 187 239 246 781
1161 183 1526 245 COMMENT.
1568 183 1639 240 IN
1679 181 2000 244 MARCUM.
2037 218 2105 229 —
2135 185 2291 246 CAP.
2334 189 2384 245 Ι.
3327 193 3434 251 782

160 319 250 390 πιρὶ
291 315 444 366 τούτου
494 307 538 362 ἂν
580 319 652 382 τῷ
704 309 864 383 ἕνοίτῳ
911 312 1166 385 κεφαλαίῳ
1231 320 1321 366 τοῦ
1368 313 1501 365 κατὰ
1526 315 1709 364 Ματ-.

1888 327 1981 368 lm.
2015 313 2246 372 Dictum
2274 319 2361 372 est
2389 316 2448 372 et
2469 314 2546 372 de
2573 314 2666 373 his
2693 315 2886 390 capite
2913 331 3077 376 nono
3098 316 3272 390 juxta
3293 319 3437 377 Mat-

164 407 288 457 θαῖον.
1778 399 2024 458 ὼωιιω.

213 496 290 545 Καὶ
313 489 589 564 ἐθεράπευσε
661 519 734 531 -
780 488 1000 554 ἇξέϐαλε.
1073 490 1132 542 ’0
1191 493 1279 563 μὲν
1335 491 1541 564 Μάρκος
1605 489 1673 541 εἴ·

1884 491 2012 547 ’ers.
2028 492 2117 550 34.
2131 494 2206 550 Et
2223 496 2461 553 curavit
2471 527 2543 537 —
2558 495 2747 566 ejecit.
2772 498 2997 553 Marcus
3007 497 3254 570 quidem
3266 497 3433 566 dixit,

157 599 241 645 πεν,
283 582 349 632 ὃτι
407 577 700 650 ἕθιραπευσε
765 579 1000 640 πολλοὺς·
1059 582 1084 632 6
1133 578 1192 633 δὲ
1248 581 1532 645 Ματθαίος,
1592 579 1674 630 ὅτι

1886 580 1946 636 )(1
1958 582 2179 639 multos
2193 585 2814 642 curaverit.Matthaeus
2828 601 2967 642 vero
2979 586 3138 658 quod
3151 587 3410 643 omnes”
3420 627 3435 643 .

153 673 318 729 πάντας.
358 669 558 740 Ὁμοίως
609 665 670 721 δὲ
725 673 812 721 καὶ
856 673 977 743 περὶ
1023 677 1121 722 τῶν
1167 665 1472 742 δαιμονίων,
1513 668 1540 720 6
1584 670 1673 737 μεν

1888 669 2061 726 liliter
2089 678 2288 728 autem
2316 673 2462 729 etde
2485 673 2798 730 daemoniis
2827 675 2970 731 dixit
2990 677 3237 740 Marcus,
3271 673 3437 748 quod

155 759 336 831 Μάρκος,
393 760 464 810 ὃτι
499 755 750 831 δαιμόνια
789 757 954 812 πολλὰ
1001 758 1228 822 ἐξέϐαλεν
1271 779 1284 791 ·
1337 761 1363 810 6
1412 755 1472 810 δὲ
1529 757 1674 811 Ματ-

1888 758 2085 815 monia
2099 761 2286 817 multa
2306 761 2479 833 ejecit
2497 762 2838 826 ;Mattbaaus
2856 779 2993 819 vero
3018 764 3182 836 quod
3200 764 3437 837 spiritus

153 851 280 915 ϐαῖος,
319 849 388 900 ὅτι
436 846 630 910 ἐξέϐαλε
697 852 766 901 τὰ
825 851 1112 921 πνεύματα,
1165 844 1424 913 δηλονότι,
1485 848 1673 899 πάντα.

945 867 1112 921 νματα,
1165 844 1424 913 δηλονότι,
1485 848 1673 899 πάντα.
1786 847 1956 917 ejecit
1984 848 2055 916 ³³,
2087 854 2232 921 puta
2263 865 2494 906 omnes.

203 941 254 991 Ti
293 937 366 989 οὖν
409 941 601 1008 pauiu;
646 941 716 991 T6
765 937 984 998 πολλοὺς
1031 935 1253 991 ενταῦθα
1303 940 1390 989 καὶ
1435 939 1495 988 τὸ
1545 933 1680 988 Πολ·-

1886 936 2012 1001 ὶιιὶά
2069 952 2210 1008 ergo
2261 937 2560 995 dicimus?
2611 939 2784 1006 Quod
2838 941 3060 997 Multos
3115 946 3174 998 et
3221 940 3435 1007 Multa,

151 1025 200 1078 λὰ
233 1027 504 1101 προσέθηκαν
563 1027 589 1077 ὁ
635 1026 1030 1098 εὖαγγελιστής,
1101 1026 1206 1098 οὐχ
1287 1027 1366 1078 ὃτι
1429 1023 1680 1098 παρέλιπε

1891 1024 2015 1081 lidit
2041 1025 2137 1082 hic
2167 1025 2561 1097 Evangelista,
2593 1043 2717 1085 non
2742 1029 2906 1101 quod
2936 1028 3174 1101 aliquos
3204 1031 3440 1101 prater-

154 1135 263 1176 τινας
283 1115 653 1190 ἂθεραπεύτους,
699 1117 725 1167 6
777 1119 965 1190 Κύριος
996 1112 1111 1168 οὐδ’
1154 1118 1235 1168 ὅτι
1269 1113 1520 1187 δαιμόνια
1561 1133 1680 1166 τινα

1894 1113 2011 1170 serit
2038 1114 2351 1182 Dominus,
2374 1117 2521 1190 quin
2551 1117 2863 1190 curaverit,
2889 1122 2990 1174 aut
3009 1117 3313 1174 daemonia
3341 1117 3443 1174 ali-

159 1203 318 1276 ἁφῆκιν,
364 1203 477 1268 ἀλλ’,
518 1206 605 1256 ἱνα
633 1201 777 1277 δείξῃ
823 1209 976 1276 μόνον
1026 1206 1050 1256 6
1093 1207 1316 1279 Μάρκος,
1361 1205 1442 1256 ὅτι
1482 1202 1680 1264 πλῆθος

1891 1219 1910 1259 ι
1950 1203 2273 1277 reliquerit,
2309 1207 2416 1262 sed
2449 1209 2704 1272 tantum,
2749 1210 2814 1262 ut
2864 1206 3144 1263 ostendat
3183 1207 3440 1273 Marcus,

161 1291 260 1351 ἦσαν
296 1295 754 1366 οἱθιραπευθέντες,
812 1299 904 1346 καὶ
960 1295 1041 1346 ὃτι
1086 1293 1248 1346 πολλὰ
1295 1290 1356 1352 ἦν
1404 1295 1471 1345 τὰ
1499 1290 1682 1350 ἐκϐλη-

1896 1292 1953 1348 id
1982 1293 2148 1350 multi
2179 1295 2416 1350 fuerunt
2443 1295 2550 1368 qui
2576 1295 2770 1353 sanati
2797 1301 2958 1362 sunt,
2989 1296 3298 1369 multaque
3328 1296 3445 1367 eje-

157 1382 268 1434 θίντα
289 1378 528 1454 δαιμόνια.
582 1388 766 1437 Σκόπει
795 1379 875 1449 δε,
917 1391 1024 1444 πῶς
1066 1385 1125 1436 τὸ
1174 1379 1428 1455 δαιμονᾴν
1457 1382 1515 1434 οὐ
1561 1399 1682 1433 συν-

1923 1381 2246 1440 daemonia.
2281 1383 2599 1440 Considera
2627 1387 2830 1440 autem
2861 1385 3168 1458 quomodo
3204 1384 3443 1441 daemo-

144 1471 280 1523 τάττει
323 1479 425 1535 ταῖς
466 1472 650 1535 α’λλαις
697 1478 870 1534 νόσοις
920 1470 1029 1525 ἀλλ’
1079 1468 1229 1534 ἰδίως
1270 1472 1396 1524 αὖτό
1444 1472 1676 1537 τίθησιν,

1893 1487 2031 1527 cum
2077 1487 2226 1539 esse,
2280 1487 2403 1529 non
2432 1473 2764 1544 conjungat
2795 1473 2928 1530 aliis
2973 1473 3442 1540 infirmitatibus,

144 1561 193 1619 ὡς
221 1559 550 1631 χαλεπώτατον
559 1601 573 1615 .

1913 1559 2029 1617 hoc
2047 1575 2155 1634 per
2177 1575 2241 1618 se
2259 1566 2448 1634 ponat
2469 1565 2759 1635 tanquam
2776 1561 2838 1619 id
2857 1561 3018 1636 quod
3038 1561 3445 1620 miserrimum

1788 1652 1901 1706 est.

194 1755 276 1804 Καὶ
313 1753 398 1804 οὐκ
444 1785 510 1796 -
573 1755 747 1808 αὐτὸν.
801 1755 1050 1809 Ἐκώλυεν
1119 1757 1236 1828 ('30)
1299 1757 1433 1810 αὐτὰ
1490 1757 1678 1826 λαλεῖν,

1898 1694 2025 1794 iers.
2057 1738 2146 1828 34.
2171 1739 2249 1795 Et
2271 1755 2388 1798 non
2416 1770 2488 1782 —
2509 1739 2719 1810 ipsum.
2740 1739 3098 1798 Prohibebat
3119 1740 3256 1813 ipsa
3275 1741 3351 1798 de
3382 1755 3447 1798 se

133 1845 224 1912 περί
261 1840 429 1895 ἑαυτοῦ
480 1846 768 1919 κράζοντα,
815 1847 952 1899 καθά
983 1845 1098 1918 ('21)
1153 1845 1429 1922 ἱστόρησεν
1479 1848 1504 1898 ὁ
1549 1853 1682 1901 Λου-

1900 1827 1978 1894 ui,
2028 1827 2354 1886 clamantia
2397 1829 2542 1886 sicut
2585 1829 2735 1886 dixit
2783 1831 2968 1896 Lucas
3014 1833 3073 1886 et
3117 1829 3382 1887 dicentia
3427 1845 3444 1887 :

130 1934 222 1995 κάς,
270 1936 350 1984 καὶ
396 1931 628 2005 λέγοντα,
683 1936 764 1986 ὅτι
822 1938 889 1987 Σὺ
921 1931 969 1987 εἷ
1011 1936 1036 1986 ὁ
1068 1939 1318 2010 Χριστὸς,
1361 1937 1386 1987 6
1436 1938 1555 1999 Υἱὸς
1592 1940 1679 1989 τοῦ

1909 1932 1965 1974 es
1996 1917 2266 1976 Christus
2294 1917 2488 1975 Filius
2516 1917 2626 1976 Dei
2652 1920 2722 1974 ³³.
2757 1917 3177 2018 Loquebantur
3204 1932 3348 2018 vero
3375 1919 3447 1975 de

128 2024 251 2072 Θεοῦ.
279 2019 506 2075 Ἐλοὶλουν
536 2019 601 2076 δε
654 2028 774 2097 περὶ
798 2024 955 2076 αὐτοῦ
989 2005 1128 2096 (22),
1175 2026 1258 2077 ὅτι
1299 2021 1498 2098 ᾔδεσαν
1529 2025 1677 2078 αὐτὸν

1901 2007 2191 2078 quoniam
2221 2012 2509 2064 noverant
2548 2006 2749 2080 ipsum
2774 2021 2904 2063 esse
2937 2005 3251 2074 Christum,
3294 2005 3450 2066 sicut

128 2109 226 2159 ὄντα
275 2113 354 2162 τὸν
417 2115 675 2186 Χριστὸν,
763 2115 833 2176 ὡς
884 2114 910 2165 6
976 2119 1182 2175 Λουκᾶς
1232 2114 1386 2168 πάλιν
1461 2118 1677 2189 εἴρηκεν.

1901 2112 2033 2152 sum
2071 2095 2216 2152 dixit
2247 2098 2454 2154 Lucas.
2490 2095 2945 2170 Cognoscebant
2971 2099 3174 2154 autem
3203 2111 3312 2170 per
3346 2111 3450 2154 ra-

127 2196 395 2268 ἐγίνωσκον
465 2197 526 2254 δε
609 2201 784 2270 αὐτὸν,
850 2201 1250 2276 προσϐαλούσης
1325 2203 1503 2266 αὐτοῖς
1564 2223 1676 2277 σφι)⁴

1904 2201 1964 2241 m
1994 2184 2344 2252 divinitatis,
2372 2185 2478 2260 qui
2501 2186 2562 2243 in
2583 2201 2687 2243 eos
2708 2185 2786 2243 ad
2809 2184 3062 2243 modum
3086 2184 3241 2257 ignis
3266 2184 3447 2257 jacio-

124 2281 234 2358 δρῶς
271 2297 358 2351 τῆς
409 2288 617 2352 ἀκτῖνος
662 2299 758 2354 τῆς
815 2273 1070 2360 Θεοτητος,
1115 2296 1280 2363 πυρὸς
1310 2289 1465 2352 δίκην
1519 2312 1532 2326 ·
1593 2273 1673 2346 οὖν

1904 2289 1993 2330 ur.
2033 2277 2162 2331 Non
2203 2273 2438 2332 sinebat
2475 2274 2654 2332 etiam
2710 2290 2783 2332 ea
2822 2274 3001 2363 loqui
3026 2276 3271 2347 propter
3307 2289 3451 2331 cau-

123 2377 186 2426 δῖα
211 2372 264 2428 δε
299 2378 428 2431 αὑτὰ
471 2378 668 2446 λαλεῖν,
714 2377 810 2433 διὰ
853 2385 946 2439 τὴν
993 2381 1185 2447 αἰτίαν,
1230 2385 1293 2440 ἣν
1338 2379 1672 2436 ἀποδεδώκα-

1903 2378 1927 2418 1
1955 2379 2136 2436 quam
2167 2363 2439 2435 superius
2476 2363 2870 2430 reddidimus,
2907 2362 3009 2420 ubi
3039 2363 3452 2421 obmutescere

117 2483 189 2534 μιν
240 2464 484 2543 ἀνωτέρω,
543 2471 670 2522 ἔνθα
737 2469 964 2543 ἕφίμωσε
1026 2475 1085 2524 τὸ
1152 2469 1438 2548 ἀκάθαρτον
1489 2479 1666 2546 πνεῦμι

1903 2457 1932 2510 .t
1945 2453 2219 2526 spiritum
2240 2452 2624 2510 immundum
2644 2453 2906 2512 hominis
2928 2452 2990 2510 in
3011 2454 3336 2527 Synagoga
3353 2468 3452 2512 ve-

117 2560 188 2604 τοῦ
213 2553 256 2606 ἦν
281 2563 340 2629 τῇ
374 2541 662 2631 συναγωγῇ
691 2541 833 2623 ὄντος
864 2557 1158 2633 ἀνθρώπου.
1319 2541 1328 2548 ’
1612 2541 1622 2546 τ
1791 2541 1936 2600 18“-

170 2649 258 2697 Καὶ
326 2650 463 2720 πρωΐ
547 2651 767 2720 ἔννυχον
831 2680 901 2690 —
965 2652 1323 2723 προσηύχετο.
1410 2649 1684 2724 Ἔννυχον,

1901 2651 2036 2708 'ers.
2077 2651 2165 2708 35.
2205 2649 2280 2705 Et
2311 2665 2536 2708 summa
2562 2665 2740 2708 mane
2766 2681 2837 2692 —
2871 2648 3094 2707 orabat.
3135 2646 3202 2707 In
3238 2664 3450 2721 crepu-

114 2729 207 2784 ἄντι
251 2743 356 2801 τοῦ,
414 2741 627 2800 Νυκτὸς
699 2739 772 2790 ἔτι
819 2741 1002 2801 οὔσης.
1078 2743 1147 2793 T6
1212 2742 1313 2815 γὰρ
1365 2740 1479 2793 λίαν
1525 2742 1663 2814 τι·ρωῖ

1904 2740 1982 2806 lo,
1999 2740 2116 2796 hoc
2136 2745 2243 2806 est,
2266 2755 2403 2796 cum
2423 2739 2622 2796 adhuc
2642 2755 2762 2797 nox
2782 2747 2967 2806 esset;
2994 2753 3305 2795 summum
3326 2754 3453 2796 ma-

108 2822 292 2894 ἔνννχόν
356 2824 524 2897 ἔστιν,
591 2829 780 2894 εῖτουν,
848 2829 1108 2882 ἕνσκοτον.
1174 2832 1326 2883 Οὕτω
1372 2832 1474 2902 γὰρ
1512 2835 1603 2883 καὶ

1901 2829 2062 2885 enim
2098 2828 2518 2900 crepusculum
2544 2833 2633 2885 est
2662 2830 2787 2885 sive
2812 2827 3152 2884 diluculum.
3185 2827 3277 2884 Sic
3301 2827 3450 2884 enim

109 2912 298 2974 Ιωάννης
347 2917 555 2989 εἰρηκεν
623 2914 672 2968 ἓν
719 2915 910 2983 ἄλλοις,
990 2918 1071 2970 ὅτι
1140 2917 1326 2992 Μαρία
1378 2920 1408 2977 ἠ
1468 2915 1658 2990 Mar/6‘6:

1904 2918 1937 2973 li
1962 2933 2204 2991 quoque
2226 2917 2372 2975 dixit
2396 2919 2675 2987 Joannes,
2701 2917 2866 2990 quod
2889 2918 3082 2974 Maria
3098 2917 3453 2989 Magdalene

104 2996 208 3058 im
262 3004 476 3077 ῖρχεται
569 3007 732 3078 πρωί,
815 3011 1028 3068 σκοτίας
1076 3009 1146 3059 ἔτι
1223 3010 1404 3072 οὔσης,
1485 3008 1557 3071 εἰς
1630 3027 1653 3061 τ

1906 3008 1951 3064 ίι
1975 3023 2202 3064 summa
2221 3023 2390 3066 mane
2409 3023 2532 3063 cum
2555 3007 2754 3065 adhuc
2777 3008 3032 3065 tenebrae
3053 3013 3228 3065 essent
3253 3010 3324 3067 ³ο.
3346 3007 3455 3064 Ve-

105 3098 321 3160 μνεμεὶον
372 3111 386 3124 ο
449 3091 589 3145 ἀλλὰ
831 3100 922 3148 καὶ
1003 3097 1208 3172 Μάρκος
1263 3099 1372 3170 μεν,
1432 3095 1654 3170 Ἕννυχο

1898 3114 1929 3153 n
1957 3100 2178 3154 Marcus
2211 3097 2447 3169 quidem
2471 3096 2586 3152 hoc
2615 3095 2748 3153 loco
2767 3095 2933 3163 dixit,
2966 3096 3030 3151 ln
3059 3095 3447 3169 crepusculo;

105 3178 196 3230 ιίιτε
236 3198 248 3210 ο
295 3187 509 3245 Λουκᾶς
574 3178 660 3249 δε,
710 3188 981 3256 γενομένης
1037 3185 1252 3259 ἡμέρας.
1312 3186 1424 3240 Οὐκ
1467 3189 1577 3239 ἔστι
1631 3183 1654 3240 ὁ

1907 3201 1987 3242 :as
2017 3201 2154 3242 vero
2185 3202 2203 3240 :
2239 3185 2414 3241 Facto
2438 3184 2534 3242 die
2563 3185 2631 3240 “.
2657 3184 2786 3240 Non
2811 3189 2900 3241 est
2926 3189 3129 3241 autem
3158 3184 3456 3242 contradi-

104 3263 459 3340 ἕναντιοφωνία.
545 3274 625 3325 T6
689 3275 790 3346 γὰρ
873 3273 990 3326 λίαν
1070 3278 1228 3348 πρωΐ,
1325 3277 1566 3329 ἔνσκοτόν
1636 3296 1653 3329 1

1905 3294 1945 3340 ις
1982 3289 2126 3330 nam
2155 3271 2328 3331 valde
2357 3287 2536 3329 mane
2564 3277 2622 3329 et
2657 3272 3077 3346 crepusculum
3104 3277 3214 3344 est,
3245 3276 3305 3330 et
3336 3271 3454 3330 diei

97 3350 208 3420 ἐστὶ,
236 3365 322 3410 καὶ
354 3357 506 3433 ἁρχὴ
543 3367 644 3421 τῆς
668 3361 878 3436 ἡμέρας.

636 3380 644 3420 ;
668 3361 878 3436 ἡμέρας.
1796 3362 2185 3437 principium.

153 3445 362 3506 ’Δπῆλθε
412 3446 476 3503 δέ
547 3450 630 3512 εἰς
681 3448 918 3524 ἐρημίαν,
973 3449 1245 3506 διδάσκων
1307 3455 1461 3526 ἡμᾶς,
1515 3451 1601 3507 ἓάν
1632 3459 1686 3508 τί

1904 3453 2026 3510 .biit
2053 3458 2254 3511 autem
2285 3452 2347 3509 in
2375 3451 2678 3509 desertum
2705 3450 2927 3520 locum,
2959 3454 3024 3508 ut
3052 3467 3163 3509 nos
3191 3451 3453 3523 doceret,

91 3549 192 3586 ποτε
247 3543 560 3612 ποιήσωμεν
651 3539 1090 3614 ἆξιοθαύμαστον,
1137 3545 1340 3616 φεύγειν
1398 3548 1484 3596 τὸν
1568 3543 1640 3597 ἀπ

1908 3543 1964 3599 id
1989 3543 2038 3600 si
2066 3541 2313 3615 quando
2337 3541 2724 3598 admiratione
2755 3541 2940 3614 digna
2968 3541 3303 3609 fecerimus,
3329 3541 3457 3600 lau—

89 3632 169 3673 τὼν
216 3624 502 3702 ἀνθρώπων
576 3631 807 3695 ἔπαινον,
877 3636 968 3683 καὶ
1036 3634 1170 3684 κατὰ
1231 3637 1422 3704 μόνους
1470 3653 1638 3706 γινομι

1905 3650 1939 3689 n
1972 3633 2050 3689 ab
2067 3631 2414 3690 hominibus
2440 3631 2779 3703 fugiamus:
2805 3635 2861 3688 et
2880 3631 2955 3688 ab
2977 3630 3107 3688 aliis
3136 3631 3454 3704 segregati,

89 3728 189 3773 νους
233 3715 585 3790 εὐχαριστεῖν
619 3737 672 3771 τε
717 3727 790 3789 τῷ
841 3727 976 3791 Θεῷ,
1029 3729 1101 3792 τῷ
1145 3717 1292 3775 δόντι
1339 3724 1500 3797 χάριν
1537 3725 1638 3796 ἠμῖ

1907 3740 1920 3778 ι
1943 3722 2048 3796 qui
2069 3721 2245 3779 nobis
2263 3720 2622 3778 beneﬁcium
2649 3721 2897 3778 contulit
2923 3720 3146 3793 gratias
3178 3735 3456 3791 agamus,

86 3805 160 3852 καί
219 3809 643 3879 προσεύχεσθαι
727 3803 1158 3880 ἐνδυναμωθῆναι
1222 3812 1315 3863 ἔτι.
1376 3808 1635 3871 Ἐπιτηδει

1913 3811 2304 3883 deprecemur
2347 3814 2410 3866 ut
2456 3808 2605 3866 illud
2651 3809 2714 3866 in
2764 3813 3068 3882 posterum
3119 3809 3456 3867 conﬁrmet.

90 3884 138 3940 δὲ
164 3890 227 3953 εἰς
253 3901 582 3969 προσευχὴν
606 3898 640 3954 ἡ
671 3894 880 3970 ἐρημία,
914 3895 1008 3951 διὰ
1030 3902 1089 3952 τὸ
1113 3901 1525 3974 ἀπερίσπαστον.

1914 3900 1969 3956 le
1979 3898 2143 3956 locus
2164 3899 2432 3955 desertus
2445 3897 2696 3955 orationi
2707 3897 3068 3956 conveniens
3085 3901 3192 3964 est,
3211 3912 3282 3955 eo
3295 3897 3463 3973 quod

147 3984 238 4033 Καὶ
287 3982 642 4050 κατεδίωξαν
700 4017 769 4027 ——
808 3987 1052 4048 ζητοῦσι.
1125 3989 1334 4062 Μάρκος
1388 3991 1478 4062 μὲν
1535 3989 1694 4063 λέγει,

1125 3989 1334 4062 Μάρκος
1388 3991 1478 4062 μὲν
1535 3989 1694 4063 λέγει,
1803 3988 2250 4045 distractionem
2280 4002 2398 4044 non
2427 3985 2656 4044 afferat.

86 4068 156 4117 ὅτι
210 4068 267 4123 ’0
316 4079 497 4146 Σίμων
571 4080 670 4127 καὶ
743 4077 792 4128 οἱ
847 4075 957 4148 μετ’
1007 4076 1167 4130 αὐτοῦ
1240 4081 1475 4151 μαθηταὶ
1537 4099 1635 4132 κατ

1914 4094 2041 4150 ’ers.
2071 4098 2158 4151 36.
2183 4094 2257 4149 Et
2277 4093 2570 4164 prosecuti
2587 4099 2725 4149 sunt
2752 4123 2819 4132 —
2844 4091 3007 4150 Vers.
3038 4092 3126 4148 37.
3157 4091 3463 4159 Quaerunt.

86 4149 346 4224 διώξαντες
387 4163 551 4238 εὖρον
613 4163 772 4216 αὐτόν
800 4183 814 4197 ⁸
857 4166 884 4216 ὁ
933 4161 994 4218 δε
1045 4171 1250 4228 Λουκᾶς
1291 4168 1374 4221 ὅτι
1428 4171 1478 4220 οἱ
1545 4168 1635 4242 ὄχλ

1917 4149 2038 4240 'cus
2069 4149 2314 4256 quidem
2354 4149 2434 4238 ait
2465 4198 2478 4237 :
2509 4181 2734 4245 Simon,
2768 4187 2821 4236 et
2850 4181 2950 4252 qui
2986 4196 3120 4236 cum
3158 4149 3258 4235 illo
3294 4182 3466 4236 erant

86 4245 223 4310 Εἰκὸς
274 4247 355 4319 δε,
402 4257 500 4305 καὶ
579 4254 743 4326 ἄμφω
799 4261 966 4308 ταῦτα
1042 4258 1303 4327 γενέσθαι,
1343 4262 1434 4310 καὶ
1496 4267 1635 4334 πρῶτ

1920 4245 2110 4330 secuti
2160 4273 2510 4328 invenerunt
2556 4285 2708 4327 eum.
2775 4269 2968 4324 Lucas
3015 4272 3239 4332 autem,
3301 4265 3468 4339 quod

83 4341 183 4406 μὲν,
214 4341 332 4402 τούς
358 4343 638 4414 μαθητὰς
688 4348 841 4395 τοῦτο
878 4349 1100 4401 ποιῆσαι
1141 4363 1154 4376 ·
1189 4341 1302 4398 εἶτα
1338 4349 1459 4406 τοὺς
1484 4347 1632 4419 ὄχλοι

1921 4363 2001 4419 bes
2048 4362 2117 4418 ⁸³.
2159 4359 2487 4416 Verisimile
2545 4374 2688 4429 ergo
2726 4363 2834 4427 est,
2875 4362 3197 4429 utrumque
3245 4353 3470 4412 factum

86 4429 176 4522 ἰαὶ
225 4433 328 4504 γὰρ
402 4429 778 4507 προλαϐόντες
832 4433 881 4484 οἱ
933 4434 1189 4505 μαθηταὶ,
1252 4435 1339 4488 οἷα
1403 4437 1635 4511 θερμότερ

1922 4467 1962 4517 3,
2011 4456 2067 4508 et
2114 4449 2375 4521 primum
2414 4447 2660 4522 quidem
2697 4445 3023 4518 discipulos
3074 4444 3190 4501 hoc
3237 4443 3471 4511 fecisse,

86 4513 227 4567 αὑτὸν
272 4518 627 4592 ἀγαπῶντές,
676 4517 817 4574 εἷπον
869 4526 986 4596 περὶ
1043 4531 1144 4575 τῶν
1201 4523 1392 4596 ὄχλων,
1438 4527 1519 4578 ὅτι
1571 4533 1635 4579 [It

1925 4513 2029 4597 uide
2059 4513 2196 4596 vero
2227 4513 2455 4595 turbas:
2489 4537 2717 4593 Etenim
2761 4513 3097 4607 discipulis,
3132 4538 3197 4590 ut
3222 4533 3328 4606 qui
3357 4532 3474 4590 fer-

83 4622 153 4666 τες
199 4625 255 4660 σε
300 4610 606 4670 ζητοῦσιν.
662 4607 801 4684 Ὀρα
855 4607 916 4664 δί
963 4613 1100 4674 ὅπως
1155 4613 1182 4671 ἡ
1236 4611 1578 4689 ἀναχώρησις
1615 4635 1632 4668 1

1926 4633 2052 4686 itins
2080 4645 2219 4685 eum
2250 4627 2536 4684 amabant
2576 4625 3072 4698 anticipaverunt,
3103 4623 3370 4680 dicentes
3397 4621 3475 4679 de

86 4693 348 4774 θεινότιρον
380 4699 558 4753 αὐτὸν
594 4701 840 4758 εποίησε.

1930 4720 2005 4776 ais
2029 4736 2042 4776 :
2063 4719 2270 4776 Omnes
2290 4721 2568 4789 quarunt
2591 4722 2663 4772 te.
2693 4693 2828 4770 Vide
2845 4718 3048 4770 autem
3065 4713 3372 4786 quomodo
3389 4727 3479 4770 se-

1816 4809 2010 4868 cessio
2041 4807 2592 4865 desiderabiliorem
2630 4820 2768 4860 eum
2800 4802 3153 4859 reddiderat.

146 4894 239 4946 Kal
301 4891 470 4968 λέγει.
535 4923 622 4936 -—
695 4892 998 4958 ἔξελήλυθα.
1089 4893 1241 4958 Πόλις
1297 4901 1386 4970 μέν
1445 4895 1605 4968 ἐστιν,
1672 4901 1695 4959 ἡ

1930 4905 2051 4956 ‘ers.
2092 4897 2180 4954 38.
2219 4898 2297 4952 Et
2335 4895 2421 4953 ait
2459 4925 2526 4936 —
2556 4909 2818 4965 egressus
2855 4908 3006 4948 sum.
3049 4890 3351 4965 Oppidum
3388 4887 3479 4947 vel

81 4989 466 5058 τετειχισμένη·
504 4991 678 5058 κώμη
730 4979 810 5048 dt,
855 4987 886 5044 ἡ
929 4983 1255 5058 ἀτείχιστος.
1288 4987 1582 5060 κωμόπολις
1626 5012 1630 5036 ι

1936 4993 2023 5045 tas
2061 4991 2171 5053 est,
2212 5001 2344 5059 quae
2381 5000 2587 5041 muros
2616 4982 2836 5049 habet;
2878 4996 3073 5054 pagus
3114 4985 3318 5038 autem
3357 4979 3482 5038 sive

145 5108 190 5144 "’
213 5110 420 5169 Matth.
457 5126 596 5178 vm,
637 5109 730 5167 16.
842 5109 891 5147 ⁸⁸
921 5108 1074 5168 Ibid.
1187 5113 1236 5148 ²⁹
1261 5111 1401 5168 Luc.
1431 5129 1509 5179 tv,
1540 5116 1630 5170 41.

1777 5115 1793 5150 ⁵
1821 5115 1990 5171 Joan.
2018 5129 2120 5180 xx,
2154 5116 2202 5170 t.
2312 5111 2357 5147 ⁸¹
2393 5113 2529 5166 Luc.
2558 5124 2634 5174 ιγ,
2666 5106 2760 5166 42.
2871 5107 2918 5144 ⁸³
2949 5105 3091 5163 Luc.
3123 5121 3204 5179 ιν,
3238 5107 3326 5164 42·

1314 5288 1539 5363 Variae
1573 5289 1905 5364 lectiones
1952 5301 2018 5360 et
2054 5299 2256 5359 notae.

125 5487 258 5570 (ξολ
282 5487 631 5570 ἐκοὲλυσεϊο
670 5492 735 5544 Αι
1837 5485 2019 5570 .122)
2059 5490 2315 5570 4‘5"-..§:

129 5555 146 5628 ᾗ
172 5555 268 5638 ἳί)
301 5564 525 5625 Καθὼς.
552 5561 630 5618 Β.

1831 5555 1944 5635 (23)
1980 5555 2082 5615 Καί
2109 5557 2327 5618 omittit
2359 5555 2422 5617 Β.
