3922 6200
481 216 587 283 ’783

479 350 621 406 villa
657 353 763 406 aut
799 349 989 413 vicus,
1029 362 1166 419 quae
1205 346 1389 402 muris
1428 351 1619 411 caret;
1661 344 1954 418 κωμοπολις
1991 355 2108 395 ven

2244 341 2274 397 ἡ
2326 340 2373 392 ἐν
2425 348 2567 415 μέρει
2634 347 2723 416 μὲν
2766 344 3065 415 ἀτείχιστος

478 440 639 509 quod
656 439 751 494 hic
768 439 1027 510 ponitur,
1048 438 1210 492 vicos
1235 435 1523 506 signiﬁcat
1543 436 1821 506 majores,
1843 436 1946 488 aut
1967 429 2133 501 oppi-

479 528 950 590 dularusticana,
966 541 1103 597 qua:
1124 531 1177 581 et
1192 526 1305 581 vici
1330 531 1386 581 et
1405 525 1632 597 oppida
1644 524 1823 579 videri
1841 524 2093 594 possunt
2117 535 2127 573 :

480 618 695 689 partim
727 615 972 687 quidem
1002 614 1189 669 muris
1234 614 1444 680 cincta,
1474 616 1686 686 partim
1722 619 1915 668 autem
1949 610 2131 665 muris

479 704 757 762 carentia.
791 704 1112 769 Abeamus,
1135 704 1343 775 inquit,
1367 703 1427 759 in
1455 704 1564 758 hos
1591 706 1769 758 etiam
1790 703 1977 765 vicos,
2009 700 2130 753 sive

478 794 557 851 ad
585 794 714 850 haec
743 793 1050 866 oppidula,
1076 797 1137 848 ut
1164 794 1225 848 in
1251 794 1363 848 illis
1390 809 1632 865 quoque
1659 792 1995 864 praedicem.
2024 788 2131 842 Lu-

478 899 578 940 cas
590 899 730 939 vero
752 898 940 952 genus
957 897 1191 952 quoque
1214 882 1640 954 praedicationis
1659 880 1877 936 addidit
1895 879 2090 933 dicens
2112 892 2123 931 :

479 974 701 1044 Oportet
734 987 824 1028 me
852 972 1208 1027 annuntiare
1234 986 1485 1041 regnum
1510 970 1616 1027 Dei
1644 971 1711 1033 ⁸³,
1741 968 1906 1040 quod
1932 966 2127 1021 videli-

476 1065 566 1117 cet
608 1060 1195 1132 appropinquaverit,
1232 1065 1295 1115 ut
1333 1076 1512 1131 super
1545 1058 1849 1115 credentes
1898 1064 2126 1125 regnet,

474 1149 992 1223 quemadmodum
1015 1150 1173 1205 circa
1196 1149 1489 1221 principia
1514 1145 1954 1219 praedicationis
1972 1143 2131 1200 Chri-

473 1239 545 1293 sti
592 1239 653 1293 in
688 1238 1002 1307 Evangelio
1027 1238 1196 1309 juxta
1244 1238 1581 1293 Mattheeum
1612 1236 1834 1292 dictum
1865 1241 1971 1291 est.
2014 1234 2129 1288 Sed

472 1329 698 1384 Marcus
727 1326 975 1399 quidem
1000 1326 1181 1383 habet
1208 1345 1220 1382 :
1250 1327 1539 1396 Egressus
1562 1342 1689 1380 sum
1714 1348 1725 1390 ;
1757 1325 1938 1379 Lucas
1963 1338 2124 1390 vero,

470 1417 682 1472 Missus
710 1433 832 1472 sum
863 1418 933 1471 “.
964 1416 1077 1472 Sed
1103 1416 1416 1471 verisimile
1438 1421 1525 1471 est
1552 1422 1873 1486 utrumque
1897 1413 2125 1468 dictum

470 1505 676 1576 fuisse,
720 1520 881 1561 nunc
925 1506 1053 1571 hoc,
1088 1521 1249 1561 nunc
1279 1511 1476 1562 autem
1504 1505 1670 1560 illud.
1706 1506 1771 1560 Et
1817 1503 1959 1576 quia
2003 1502 2126 1559 duo

468 1595 750 1668 quaedam
790 1601 956 1650 erant
996 1596 1056 1651 in
1096 1595 1344 1662 Christo,
1397 1594 1562 1666 quod
1600 1594 1814 1649 dicitur
1856 1608 1869 1648 :
1912 1593 2125 1649 Missus

466 1701 614 1751 sum,
671 1683 1013 1753 intelligitur
1069 1690 1358 1756 tanquam
1398 1684 1619 1749 homo;
1679 1682 1845 1754 quod
1899 1684 2199 1746 autem,‘B

467 1774 753 1844 Egressus
778 1789 929 1839 sum,
960 1773 1136 1845 quasi
1167 1773 1330 1827 Deus.

538 1864 698 1917 Vers.
731 1866 819 1919 39.
852 1863 929 1917 Et
954 1862 1325 1931 praedicabat
1355 1891 1423 1903 —
1452 1862 1739 1931 ejiciebat.
1771 1866 1818 1916 Α
1847 1860 2119 1917 doctrina

466 1951 756 2007 transibat
803 1950 882 2007 ad
929 1950 1238 2015 miracula,
1293 1954 1358 2004 ut
1407 1965 1561 2021 quos
1618 1965 1735 2005 non
1787 1950 2124 2005 attrahebat

466 2054 685 2111 sermo,
712 2039 1034 2096 attraheret
1063 2038 1491 2095 miraculorum
1517 2038 1801 2110 potentia,
1827 2044 1884 2094 et
1909 2043 1975 2093 ut
2004 2053 2121 2093 ser-

463 2144 708 2186 monem
739 2129 1138 2186 conﬁrmaret.

492 2338 499 2339 ’
533 2324 727 2381 Simul
772 2324 953 2381 etiam
982 2324 1177 2395 ﬁgura
1206 2322 1380 2380 nobis
1412 2322 1537 2390 fuit,
1573 2326 1636 2379 ut
1666 2338 1785 2379 non
1811 2322 1999 2379 solum
2044 2323 2118 2380 de

460 2413 675 2471 virtute
704 2414 1049 2487 loquamur,
1082 2428 1286 2469 verum
1320 2413 1495 2469 etiam
1528 2428 1866 2485 operemur.

949 2557 1095 2612 CAP.
1123 2556 1216 2611 IV.
1250 2558 1335 2613 De
1365 2559 1614 2625 leproso.

530 2662 695 2721 Vers.
742 2663 943 2727 40.,Εί
971 2665 1121 2721 venit
1153 2694 1220 2704 —
1265 2664 1572 2720 mundare.
1604 2665 1683 2719 De
1713 2664 1829 2720 hoc
1878 2665 2113 2737 leproso

458 2752 684 2811 dictum
717 2757 806 2809 est
829 2757 994 2809 sexto
1020 2753 1193 2823 juxta
1224 2753 1562 2810 Mattheeum
1590 2754 1797 2823 capite.
1834 2754 2113 2811 Videntur

458 2848 659 2901 autem
688 2841 1075 2913 Evangelistze
1102 2841 1533 2913 aliquantulum
1566 2843 1721 2900 circa
1752 2850 1988 2915 tempus
2021 2860 2115 2900 sa-

454 2932 715 2988 nationis
736 2932 917 3002 hujus
932 2931 1298 3003 discrepare;
1325 2932 1553 2988 Matthaa
1562 2948 1628 2988 us
1646 2933 1941 3004 siquidem
1955 2939 2115 2990 ante-

1790 214 2134 277 EUTHYMII
2185 210 2541 272 ZAGABENI
3678 224 3746 281 τω

3108 363 3119 376 °
3175 342 3221 396 ἓν
3289 347 3431 418 μέρει
3491 341 3538 396 δὲ
3597 365 3753 419 τετειχιι

2246 435 2426 497 σμένη.
2506 435 2799 504 Ἐχομένας
2874 431 2933 485 δέ
2996 433 3149 503 λέγει,
3257 438 3349 495 τὰς
3424 433 3749 498 πλησιαζούσας.

2239 520 2585 591 Ἀπέλθωμεν,
2642 528 2793 593 φησι,
2862 528 2951 574 καὶ
3004 522 3077 584 εἷς
3120 526 3331 583 ταύτας.
3401 525 3491 574 Διὰ
3523 531 3645 575 τοῦτο
3688 532 3753 598 γὰρ

2242 606 2537 673 ἐξελήλυθα,
2586 607 2681 662 διὰ
2731 615 2788 663 τὸ
2846 612 3087 685 κηρύξαι,
3147 609 3379 677 δηλαδὴ,
3412 618 3497 664 καὶ
3538 613 3576 664 ἐν
3610 614 3750 674 αὑταῖς.

2238 694 2295 747 Ὀ
2346 694 2405 749 δε
2463 705 2660 760 Λουκᾶς
2702 707 2791 753 καὶ
2858 705 2916 753 τὸ
2971 698 3109 762 εἶδος
3155 709 3243 752 τοῦ
3292 702 3598 773 κήρύγματος
3636 722 3755 776 προσ-

2240 786 2435 851 έθηκεν,
2502 788 2655 840 εἰπών
2699 809 2710 821 ·
2771 793 2852 842 ὅτι
2917 789 3369 861 Εὐαγγελίσασθαί
3443 810 3501 863 με
3574 787 3642 843 δεῖ
3690 797 3754 849 τὴν

2240 872 2513 945 βασιλείαν
2578 886 2668 930 τοῦ
2722 885 2875 948 Θεοῦ,
2926 876 3132 938 δηλαδή
3183 882 3263 931 ὅτι
3315 880 3535 951 ἣγγικεν,
3584 882 3652 931 ἶνα
3691 879 3758 952 $1-

2241 962 2455 1037 σιλεύσῃ
2506 975 2604 1017 τῶν
2653 973 3019 1034 πιστευόντων,
3089 971 3158 1030 ὡς
3205 969 3319 1020 κατ’
3378 968 3540 1041 ἀρχάς
3579 977 3650 1019 τοῦ
3695 989 3757 1026 κη-

2237 1055 2501 1124 ρύγματος
2581 1064 2671 1107 τοῦ
2756 1065 2993 1131 Χριστοῦ
3084 1055 3132 1108 ἐν
3206 1066 3276 1127 τῷ
3355 1061 3486 1109 κατά
3559 1061 3756 1114 uatem

2239 1141 2538 1214 Εὐαγγιλίῳ
2601 1150 2927 1218 προείρηται.
2998 1145 3151 1199 Ἀλλὰ
3205 1149 3411 1221 Μᾶρκος
3474 1151 3551 1219 μέν
3596 1166 3756 1218 φησιν·

2238 1229 2319 1280 ὃτι
2385 1231 2693 1293 Ἐξελήλυθα
2757 1252 2771 1265 ο
2832 1240 3039 1295 Λουκᾶς
3117 1232 3195 1300 δὲ,
3272 1237 3354 1287 ὅτι
3447 1235 3752 1307 Ἀπέσταὶμαι.

2238 1318 2390 1381 Εἰκὸς
2438 1317 2498 1373 δὲ
2548 1327 2637 1374 καὶ
2691 1322 2844 1395 ἄμφω
2893 1325 3119 1397 ῥηθῆναι
3170 1331 3257 1375 νῦν
3447 1333 3597 1391 τοῦτο,
3632 1333 3700 1375 νῦν
3722 1321 3762 1375 δὲ

2236 1407 2413 1460 ἐκεῖνο.
2486 1415 2587 1463 Καὶ
2652 1410 2759 1464 ἐπεὶ
2831 1409 3049 1474 διπλοῦς
3107 1409 3169 1470 ἦν
3220 1414 3245 1464 ὁ
3301 1417 3539 1485 Χριστὸς,
3600 1417 3648 1464 τὸ
3697 1416 3758 1483 μιν

2238 1497 2612 1570 Ἀπέσταλμαι,
2664 1503 2733 1562 ὡς
2788 1498 3053 1574 ἅνθρωπος
3131 1504 3304 1575 εἴρηκε
3335 1521 3349 1535 ο
3406 1506 3464 1554 τὸ
3512 1498 3566 1553 δι
3611 1500 3763 1563 Ἐξελή-

2233 1583 2384 1650 λυθα,
2410 1590 2479 1648 ὡς
2511 1592 2662 1649 Θεὸς.

2306 1894 2407 1942 Καὶ
2464 1886 2523 1948 ἦν
2604 1894 2885 1965 κηρύσσων
2944 1924 3011 1932 -
3068 1892 3340 1947 ἐκϐάλλων.
3391 1894 3515 1946 Ἀπὸ
3576 1902 3655 1955 τῆς
3709 1888 3767 1944 δι-

2234 1973 2522 2039 δασκαλίας
2585 1979 2873 2051 μετέϐαινεν
2944 1980 3026 2033 ἐπὶ
3091 1986 3155 2034 τὰ
3226 1985 3486 2055 θαύματα,
3587 1984 3654 2034 ἵνα
3702 1982 3766 2040 οὖς

2231 2065 2517 2120 ἐπισπᾶται
2567 2070 2679 2140 (24)
2741 2071 2765 2120 ὁ
2828 2069 3002 2141 λόγος,
3065 2071 3251 2144 ἑλκύσῃ
3309 2081 3412 2123 τῶν
3477 2072 3764 2143 θαυμάτωνὴ

2231 2152 2469 2229 δύναμις,
2521 2163 2610 2211 καὶ
2666 2160 2748 2210 ἶνα
2801 2157 3079 2233 βαϐαιώσνς)
3154 2164 3238 2213 τὸν
3309 2160 3461 2233 λόγον
3526 2168 3619 2222 τοῖς
3679 2161 3768 2211 9w}-

2228 2265 2382 2318 μασι.

2303 2341 2398 2388 Καὶ
2453 2336 2562 2408 ἅμα
2622 2339 2779 2397 τύπος
2832 2339 2955 2409 ἡμῖν
3004 2336 3214 2409 ἐγίνετο,
3268 2348 3362 2391 τοῦ
3418 2346 3487 2414 μὴ
3550 2344 3678 2412 μόνον
3713 2336 3766 2387 λέ·

2226 2443 2330 2496 γειν
2359 2430 2476 2498 περὶ
2510 2424 2661 2499 ἀρετῆ
2674 2446 2711 2491 ς,
2748 2424 2873 2477 ἀλλὰ
2902 2432 2991 2479 καὶ
3016 2431 3280 2503 πράττειν.

2655 2576 2800 2625 ΚΕΦ.
2834 2569 2900 2624 Δ’.
2946 2576 3071 2643 Περὶ
3103 2581 3195 2624 τοῦ
3223 2572 3439 2648 λεπροῦ.

2297 2689 2393 2737 Καὶ
2476 2686 2686 2756 ἔρχεται
2746 2716 2815 2725 -
2878 2688 3190 2759 καθαρίσαι.
3271 2693 3493 2763 Εἴρηται
3571 2692 3671 2761 περὶ
3709 2693 3773 2738 τοῦ

2221 2773 2498 2846 κεφαλαίου
2547 2778 2733 2826 τούτου
2790 2774 2838 2826 ἐν
2895 2784 2967 2827 τῶ
3032 2779 3162 2848 ἕκτῳ
3226 2779 3486 2850 κεφαλαίῳ
3542 2786 3623 2830 τοῦ
3676 2778 3772 2825 κατά

2224 2863 2518 2917 Ματθαῐον.
2584 2868 2852 2916 Φαίνονται
2930 2861 2989 2916 δὲ
3044 2864 3264 2918 ἐνταῦθα
3343 2874 3462 2941 περὶ
3512 2872 3589 2919 τὸν
3638 2868 3775 2938 καιρὸν

2223 2960 2318 3013 τῆς
2366 2952 2552 3013 ἰάσεως
2621 2955 2669 3003 οἱ
2746 2953 3113 3023 εὐαγγελισταὶ
3183 2963 3374 3031 μικρὸν
3429 2977 3481 3009 τι
3542 2954 3773 3029 adpellit-

454 3035 640 3092 quam
654 3021 803 3076 Petri
820 3036 1057 3077 socrum
1080 3024 1331 3089 curaret,
1350 3021 1516 3092 ponit
1542 3037 1760 3092 eaquae
1787 3022 2108 3093 deleproso

2228 3060 2415 3103 τοντες,
2482 3043 2739 3102 Ματθαίος
2793 3047 2882 3114 μὲν
2951 3047 3074 3117 γὰρ,
3141 3048 3239 3116 πρὸ
3291 3054 3391 3099 τοῦ
3456 3045 3779 3121 θεραπευθῆδαι

454 3114 591 3166 sunt
621 3110 688 3165 ³⁵.
720 3112 949 3166 Marcus
979 3124 1116 3165 vero
1146 3115 1202 3165 et
1234 3111 1419 3165 Lucas
1447 3116 1655 3182 postea
1685 3113 1751 3165 ³⁸.
1782 3110 2109 3168 Verisimile

451 3205 539 3255 est
566 3204 768 3257 autem
780 3199 891 3255 hos
906 3198 1261 3255 miraculum
1286 3204 1514 3255 tantum
1532 3206 1930 3271 perscrutatos
1958 3217 2107 3266 esse,

450 3294 509 3345 et
532 3289 605 3345 de
637 3293 905 3360 tempore
926 3303 1048 3351 non
1073 3303 1438 3359 magnopere
1459 3304 1721 3355 curasse,
1746 3305 1806 3347 re
1840 3290 2110 3347 videlicet

450 3393 575 3434 non
598 3377 940 3434 necessaria
967 3400 979 3433 :
1006 3376 1174 3449 quod
1201 3382 1258 3433 et
1282 3378 1431 3434 alias
1456 3377 1795 3451 frequenter
1818 3377 2103 3435 fecerunt.

484 3608 487 3609 ν
519 3572 682 3630 vers.
710 3574 800 3628 41.
826 3574 987 3629 Jesus
1015 3578 1208 3629 autem
1239 3603 1308 3613 —
1338 3575 1496 3629 Vers.
1528 3577 1615 3629 42.
1650 3574 1971 3630 mundatus
1999 3581 2102 3633 est.

449 3662 728 3719 Similiter
756 3666 811 3719 et
835 3661 910 3717 de
940 3662 1055 3717 hoc
1079 3661 1302 3717 ibidem
1338 3661 1561 3717 dictum
1592 3667 1697 3717 est.

520 3754 681 3808 Vers.
709 3755 799 3808 43.
826 3752 901 3807 Ει
929 3752 1312 3808 comminatus
1341 3781 1411 3791 —-—
1436 3751 1597 3806 Vers.
1630 3753 1719 3806 44.
1752 3751 1895 3823 illis,
1932 3752 2101 3809 Com-

446 3842 700 3900 minatus
738 3847 829 3898 est
859 3845 914 3897 et
941 3841 1183 3897 duobus
1216 3840 1407 3896 caecis.
1441 3841 1646 3906 Quaere
1677 3845 1875 3897 autem
1926 3858 2099 3899 enar-

443 3932 737 3989 rationem
783 3930 999 3986 decimi
1035 3931 1268 4001 septimi
1297 3930 1503 4001 capitis
1533 3931 1693 4001 juxta
1737 3932 2094 4000 Matthaaum,

440 4022 503 4077 in
547 4038 666 4093 quo
712 4020 786 4077 de
812 4019 1278 4077 comminatione
1304 4019 1530 4075 dictum
1560 4025 1668 4074 est.
1718 4019 1923 4078 Emisit
1956 4037 2097 4078 vero

439 4126 579 4173 eum
605 4127 641 4167 a
668 4113 988 4181 conspectu
1017 4123 1146 4173 suo,
1187 4109 1303 4165 hoc
1331 4112 1419 4164 est
1443 4109 1810 4165 amandavit.

505 4200 587 4257 De
624 4200 717 4256 his
741 4204 942 4258 autem
971 4214 1107 4271 quae
1151 4203 1483 4269 sequuntur
1511 4197 1651 4254 data
1677 4203 1769 4254 est
1809 4199 2096 4272 interpres

436 4290 577 4347 tatio
605 4289 887 4363 praedicto
915 4292 1082 4344 sexto
1113 4288 1326 4357 capite.

2220 3135 2313 3188 τὴν
2369 3131 2613 3204 πενθερὰν
2692 3135 2904 3203 Πέτρου,
2970 3135 3317 3204 παρατίθεται
3405 3138 3471 3187 τὰ
3529 3135 3651 3184 κατὰ
3716 3134 3777 3180 τὸν

2220 3219 2399 3294 λεπρόν
2447 3238 2459 3252 ⁹
2496 3223 2703 3291 Μάρκος
2741 3219 2799 3273 ὸὲ
2846 3226 2936 3272 καὶ
2984 3229 3211 3285 Λουκᾶς.
3270 3224 3390 3294 μετ’
3444 3224 3617 3281 αὐτήν,
3665 3222 3782 3278 [αξξ

2220 3306 2279 3361 δὲ
2353 3309 2561 3377 αὐτοὺς,

2216 3402 2287 3469 μὴ
2329 3397 2835 3471 πολυπραγμονῆσαι
2883 3402 2969 3449 τὸν
3018 3404 3217 3475 καιρὸν,
3270 3404 3348 3463 ὡς
3401 3402 3498 3454 οὐκ
3528 3400 3779 3472 ἀναγκαῖον,

2215 3487 2240 3537 ὃ
2266 3490 2354 3537 καὶ
2380 3485 2648 3558 πολλαχοῦ
2677 3490 3045 3543 πεποιήκασιν.

2282 3573 2340 3627 Ὀ
2394 3571 2454 3627 δὲ
2512 3576 2717 3636 Ἰησοῦς
2768 3606 2836 3617 -
2871 3575 3217 3650 ἐκαθαρίσθη.
3282 3583 3515 3652 Εῐρηται
3562 3581 3642 3629 καὶ
3693 3576 3780 3645 ,τερὶ

2212 3666 2407 3716 τούτὼν
2435 3666 2626 3737 ὁμοίως
2657 3668 2704 3717 ἓν
2745 3672 2816 3735 τῷ
2854 3666 3063 3739 ῥηθέντι
3094 3666 3390 3739 κεφαλαίῳ,

2285 3758 2381 3806 Καὶ
2474 3753 2924 3829 ἐμϐριμησάμινος
3012 3785 3082 3795 -
3149 3755 3355 3817 αὐτοῖς.
3426 3756 3783 3829 Ἐνεϐριμήσατο

2208 3847 2297 3895 καὶ
2348 3850 2455 3904 τοῖς
2511 3840 2639 3895 δυσὶ
2694 3844 2922 3915 τυφλοῖς,
2984 3849 3074 3895 καὶ
3139 3845 3384 3904 ζήτησον
3437 3852 3533 3904 τὴν
3587 3844 3786 3914 iiiis/xm

2207 3940 2299 3984 τοῦ
2353 3929 2799 3985 ἑπτακαιδεκάτου
2844 3931 3120 4005 κεφαλαίου
3171 3941 3261 3985 τοῦ
3339 3940 3480 3987 κατὰ
3542 3936 3784 3991 Matium,

2208 4020 2256 4072 ἕν
2313 4021 2345 4093 ᾖ
2402 4025 2603 4095 εἴρηται
2675 4027 2793 4094 περὶ
2848 4030 2939 4081 τῆς
3003 4022 3391 4096 ἐμϐριμὴσεως,
3476 4022 3696 4087 Ἐξέϐκλε
3746 4015 3790 4071 δὲ

2208 4110 2361 4162 αὐτὸν
2384 4112 2669 4163 ἁπενώπιον
2701 4111 2881 4175 αὐτοῦ,
2906 4116 3194 4176 τουτέστιν,
3224 4110 3485 4165 ἀνι-ἔλυσε.

2279 4201 2398 4269 Ηερὶ
2453 4194 2511 4249 δὲ
2558 4205 2656 4248 τῶν
2727 4197 2845 4258 ἑξῆς
2905 4198 3239 4270 ἡρμήνευται
3283 4201 3339 4249 ἓν
3407 4207 3483 4269 τῷ
3545 4192 3791 4255 dilatauit:

2645 3313 2703 3361 τὸ
2777 3311 2953 3380 θαῦμα
3001 3316 3155 3382 μόνον
3223 3311 3777 3385 ἀκριϐο).ογησαμέιους,

2205 4287 2334 4356 ἕκτῳ
2365 4285 2641 4358 κεφαλαίῳ.

504 4380 666 4436 Vers.
718 4382 806 4435 45.
853 4378 973 4435 Ille
1006 4384 1202 4434 autem
1256 4407 1326 4417 ——
1368 4376 1647 4447 undique.
1692 4377 1837 4434 Cum
1892 4383 2093 4448 gratus

2242 4374 2331 4427 .Ὀ
2395 4372 2452 4428 δὲ
2520 4405 2585 4415 --
2640 4375 2990 4445 πανταχόθεν.
3054 4374 3353 4447 [εὐγνώμων
3407 4375 3478 4427 ὢν
3538 4376 3563 4427 ὁ
3618 4372 3793 4445 λεπρὸς,

432 4486 559 4529 esse
590 4468 1076 4540 velletleprosus,
1109 4482 1224 4523 non
1246 4465 1373 4521 tulit
1394 4470 1455 4521 ut
1475 4465 1831 4523 beneﬁcium
1857 4467 2093 4524 silentio

431 4562 744 4628 tegeretur,
784 4558 891 4615 sed
927 4556 1288 4629 praedicabat
1342 4555 1531 4611 multa
1560 4556 1634 4611 de
1677 4556 1887 4612 Christi
1928 4563 2088 4628 pote-

432 4651 603 4711 state,
622 4652 680 4701 et
699 4647 1130 4701 disseminabat
1147 4645 1416 4707 verbum,
1433 4644 1597 4716 quod
1611 4644 1687 4699 ad
1708 4661 1845 4700 eum
1860 4645 2087 4702 dixerat

430 4735 715 4799 Christus,
748 4742 885 4805 puta
914 4757 925 4788 :
971 4735 1125 4799 Volo,
1181 4735 1493 4799 mundare,
1528 4739 1815 4806 tanquam
1850 4751 1954 4805 per
1984 4752 2086 4792 au-

427 4823 760 4880 ctoritatem
802 4823 1047 4887 factum,
1083 4824 1407 4894 statimque
1433 4824 1492 4879 in
1524 4840 1675 4893 opus
1722 4823 2073 4880 deductum.

425 4912 754 4969 Veniebant
770 4918 969 4968 autem
993 4912 1256 4982 undique
1279 4915 1353 4967 ad
1369 4912 1685 4977 Christum,
1706 4918 1905 4983 utpote
1918 4913 2082 4969 fama

423 5003 502 5059 ad
555 5017 764 5058 omnes
810 5008 1206 5072 percurrente.
1260 5002 1403 5056 Dicit
1451 5002 1609 5057 enim
1662 5003 1864 5071 Lucas,
1914 5003 2079 5073 quod

419 5093 864 5166 pervagabatur
892 5092 1081 5162 magis
1104 5091 1177 5145 de
1200 5092 1298 5147 illo
1320 5107 1524 5146 rumor
1544 5092 1611 5156 ³⁷,
1638 5091 1749 5145 hoc
1773 5098 1857 5144 est
1877 5092 2068 5151 fama:

417 5189 473 5239 et
517 5183 777 5238 laborem
828 5180 1103 5236 vincebat
1150 5180 1443 5252 cupiditas
1472 5180 1922 5245 videndi'eum,
1968 5183 2070 5254 qui

415 5273 568 5330 adeo
600 5270 940 5341 divulgatus
970 5274 1141 5326 esset.

486 5385 532 5419 ⁸³
565 5381 706 5438 ibid.
739 5382 829 5435 48.
944 5380 991 5413 ⁸⁸
1022 5377 1167 5434 ibid.
1284 5379 1329 5413 ³³
1355 5379 1556 5435 Matth.
1593 5396 1708 5435 vni.
1740 5381 1793 5447 4,
1830 5381 1916 5437 14.

2037 5382 2086 5417 ³⁸
2120 5380 2261 5437 Luc.
2297 5394 2374 5449 iv,
2402 5377 2511 5443 38;
2545 5392 2599 5443 v,
2630 5378 2719 5433 12.

2203 4464 2297 4517 οὐκ
2352 4466 2605 4536 ἠνέσχετο
2662 4471 2785 4536 σιγῇ
2863 4463 3095 4534 καλύψαι
3142 4471 3234 4522 τὴν
3309 4465 3642 4537 εὐεργεσίαι,

2201 4554 2450 4625 ἐκήρυττε
2506 4553 2671 4605 πολλὰ
2732 4558 2848 4627 περὶ
2914 4560 3009 4613 τῆς
3070 4549 3348 4624 δυνάμεως
3408 4562 3504 4605 τοῦ
3572 4555 3794 4625 Χριστού,

2199 4648 2289 4695 καὶ
2337 4640 2613 4714 διεφήμιζε
2652 4645 2737 4693 τὸν
2798 4641 2965 4713 λόγον,
3034 4642 3088 4693 ὃν
3156 4645 3372 4715 εἴρηκεν
3435 4643 3582 4711 αὐτῷ
3622 4643 3647 4693 ό
3694 4648 3796 4709 Χρι-

2200 4736 2338 4801 στὸς,
2390 4729 2623 4796 δηλαδὴ,
2663 4735 2720 4782 τὸ
2767 4731 2922 4794 ΘεἿςω,
2980 4732 3373 4803 καθαρίσθητι,
3417 4735 3487 4791 ὡς
3542 4730 3652 4803 μετ’
3684 4728 3799 4789 ἐξονο
3876 4768 3877 4803 ,

2196 4828 2315 4885 σίας
2366 4827 2654 4894 γενόμενον,
2712 4825 2800 4872 καὶ
2865 4821 2981 4892 (25)
3056 4822 3203 4880 εὐθὺς
3257 4822 3339 4882 εἰς
3408 4825 3565 4895 ἔργον
3620 4818 3799 4873 E16352:-

2191 4918 2338 4965 κοῖα.
2395 4910 2658 4983 Ἤρχοντο
2718 4907 2777 4963 δὲ
2834 4914 2959 4983 πρὸς
3009 4914 3093 4962 τὸν
3156 4915 3407 4984 Χριστὸν
3462 4910 3796 4981 πανταχόθεν,

2189 5002 2272 5055 οἱα
2319 5011 2407 5062 τῆς
2460 5005 2637 5073 φήμης
2675 4998 2756 5051 ἐπὶ
2810 5001 3003 5060 πάντας
3065 4995 3437 5061 διαθεδύσης.
3490 5005 3632 5059 Φησὶ
3667 4996 3799 5071 γάρό

2187 5098 2389 5151 Λουκᾶς
2443 5093 2520 5142 ὅτι
2579 5085 2832 5159 διήρχετο
2902 5087 3091 5159 μᾶλλον
3140 5089 3164 5138 ὁ
3220 5088 3397 5159 λόγος
3469 5096 3594 5165 περὶ
3643 5088 3795 5139 αὑτοὺ.

2183 5184 2473 5245 τουτέστιν,
2529 5180 2557 5235 ἡ
2615 5182 2782 5249 φήμη,
2848 5182 2937 5229 καὶ
2987 5174 3127 5228 ἐνίκα
3188 5180 3285 5229 τὸν
3344 5184 3519 5232 κόπον
3570 5179 3599 5237 ἡ
3652 5175 3796 5230 isdu-

2180 5275 2276 5344 μία
2301 5277 2389 5322 τοῦ
2423 5264 2549 5320 ἰδεῖν
2575 5270 2663 5319 τὸν
2695 5270 3069 5339 φημιζόμενον,

2831 5375 2877 5410 ³⁷
2908 5376 3040 5431 Luc.
3070 5390 3126 5441 v,
3160 5377 3253 5432 15.

1630 5480 1856 5550 Variae
1892 5481 2224 5550 lectiones
2258 5488 2326 5546 et
2355 5485 2555 5544 notae.

478 5600 591 5674 (24)
619 5601 806 5666 Forte,
839 5600 1097 5652 ἐπεσπᾶτο
1123 5607 1226 5650 seu
1263 5590 1627 5649 ἁπεσπάσατο.

2259 5592 2371 5669 (25)
2400 5590 2506 5658 Ὡς,
2538 5590 2671 5649 loco
2699 5594 2790 5645 καί
2813 5588 2997 5648 habet
3019 5590 3085 5646 Β.
