3922 6200
181 311 261 366 ’ῖθὸ
1183 295 1552 356 COMMENT.
1593 291 1671 351 IN

1860 293 2047 352 LCUM.
2087 325 2155 338 -
2195 295 2354 354 CAP.
2388 297 2458 352 II.

3354 293 3460 352 786

231 435 316 489 Καὶ
351 462 408 471 -
447 426 512 483 δι’
565 429 784 500 ἡμερῶν.
839 427 915 480 Δι’
967 445 1191 501 ημιρων,
1242 429 1358 478 αντὶ
1397 429 1508 488 τοῦ,
1560 419 1686 474 Διελ-

1875 419 2031 479 CAP.
2064 421 2132 476 ΙΙ.
2167 421 2332 478 Vers.
2380 426 2433 478 l.
2473 421 2550 477 Et
2586 451 2654 462 --
2684 425 2816 492 post
2865 421 2987 478 dies
3032 419 3285 493 aliquot.
3321 419 3461 478 Post

180 525 334 576 θουσῶν
359 521 534 591 ἡμερῶν
567 524 733 568 τινῶν.

233 614 311 664 Καὶ
335 608 536 669 ἠκούσθη
567 637 630 647 -
657 604 818 658 ἔστιν.
853 605 943 667 Εἰς
966 603 1108 658 οἶκόν
1140 623 1275 657 τινα.

229 811 308 860 Καὶ
347 804 505 866 εὐθέως
551 834 619 845 -
669 804 848 876 θύραν.
904 803 1270 868 Ἀκούσαντες,
1334 801 1414 852 ὅτι
1461 797 1508 850 ἐν
1565 798 1690 868 οἴκῳ

172 895 270 959 ἐστὶ,
342 891 656 967 συνέδραμον,
729 887 1194 965 προσδοκήσαντες
1255 889 1380 964 ῥᾷον
1455 886 1688 959 ἐντυχεῖν

173 984 294 1052 αὐτῷ.
321 989 543 1036 Τοσοῦτοι
585 977 644 1034 δε
692 983 1062 1054 συνήχθησαν,
1105 983 1175 1042 ὡς
1222 983 1409 1052 μηκέτι
1457 973 1596 1050 μηδὲ
1627 979 1690 1026 τὰ

169 1076 266 1148 πρὸς
305 1077 379 1131 τὴν
428 1073 575 1145 θύραν
640 1074 769 1143 μέρη
838 1078 1032 1144 χωρεῖν
1099 1069 1318 1142 ἑτέρους,
1377 1070 1562 1132 εἴτ-ουν,
1625 1067 1688 1117 τὰ

172 1164 367 1237 πρόθυρα,
395 1157 460 1220 ἥδ
464 1181 490 1218 η
515 1168 614 1213 τῶν
647 1157 791 1214 ἔνδον
814 1159 1240 1233 πεπληρωμένων.

229 1341 302 1390 Καὶ
321 1367 372 1378 -
395 1336 549 1408 λόγον.
583 1339 682 1390 Τὸν
710 1345 805 1399 τῆς
835 1332 1205 1396 διδασκαλίας.

418 1468 550 1514 ΚΕΦ.
584 1460 657 1514 [ζ’.
691 1465 816 1535 Περὶ
851 1467 944 1513 τοῦ
989 1459 1365 1533 παραλυτικοῦ,

216 1571 294 1619 Καὶ
333 1599 390 1609 -
431 1573 705 1621 κατέκειτο.
766 1574 962 1641 Ὅμοια
1006 1570 1207 1629 τούτοις
1255 1569 1344 1618 καὶ
1396 1565 1421 1617 6
1479 1570 1686 1626 Λουκᾶς

155 1657 377 1726 παρέθετο·
426 1660 690 1718 Ματθαῖος
745 1653 823 1722 δὲ,
889 1659 954 1709 τὰ
1004 1662 1122 1732 περὶ
1177 1664 1272 1718 τῆς
1325 1659 1514 1727 στέγης
1565 1673 1686 1706 σιω·-

156 1751 306 1810 πὴσας,
333 1748 389 1797 τὰ
416 1746 527 1809 ἑξῆς
556 1748 750 1819 ὁμοίως
779 1747 1075 1819 ἱστόρησεν.

208 1829 328 1886 Ἰδὼν
367 1866 427 1875 -
464 1835 718 1911 ἁμαρτίαι
777 1855 891 1887 σου.
947 1838 1168 1910 Εἴρηται
1216 1838 1332 1908 περὶ
1386 1835 1580 1886 τούτων
1636 1831 1684 1884 ἐν

151 1927 204 1988 τῷ
252 1922 641 1996 τρισκαιδεκάτῳ
706 1923 962 1994 κεφαλαίῳ
1027 1931 1118 1976 τοῦ
1185 1925 1320 1975 κατὰ
1392 1925 1678 1975 ΆῙατθαῖον.

150 2010 394 2082 Παραλυτος
441 2010 498 2066 δέ
545 2012 680 2078 ἔστι,
734 2017 824 2065 καὶ
876 2019 979 2074 πᾶς
1023 2015 1048 2064 6
1096 2015 1234 2084 ἔχων
1286 2014 1376 2073 τὰς
1433 2008 1682 2084 δυνάμεις

146 2106 214 2157 τῆς
247 2099 408 2170 ψυχῆς
445 2102 726 2163 ἀκινήτους
765 2101 834 2163 εἰς
870 2100 1116 2176 ἐργασίαν
1169 2102 1388 2172 ἀρετῆςι
1444 2099 1549 2151 ἀλλ’
1598 2098 1680 2151 ἐὰν

147 2184 224 2237 ἀπὸ
268 2197 353 2240 τῶν
401 2193 586 2261 γηίνων
643 2190 772 2264 ἀρθῇ
823 2190 923 2242 ὑπὸ
973 2198 1072 2242 τῶν
1128 2193 1395 2265 τεσσάρων
1459 2188 1682 2260 E66277:-

142 2273 250 2342 ὶίων,
292 2285 371 2330 καὶ
413 2280 686 2353 χαλασθῇ,
741 2282 925 2345 εἴτουν,
986 2281 1274 2352 ταπεινωθῇ
1319 2279 1532 2331 ἐνώπιον
1591 2285 1680 2330 τοῦ

143 2367 350 2437 Χριστοῦ,
398 2367 608 2422 ἀκούσει
662 2373 752 2420 καὶ
809 2368 958 2429 οὗτος
1010 2371 1086 2432 τὸ,
1147 2370 1428 2441 Ἀφέωνταί
1489 2387 1573 2420 σοι
1626 2368 1681 2420 αἰ

138 2451 344 2528 ἁμαρτίαι
373 2477 484 2510 σου.

191 2543 330 2597 Ἦσαν
380 2543 436 2602 δί
489 2580 542 2590 -
605 2550 632 2601 6
680 2553 846 2618 Θεός;
906 2551 1126 2622 Εἴρηται
1176 2553 1265 2600 καὶ
1313 2552 1430 2623 περὶ
1486 2550 1680 2600 τούτων

135 2629 228 2685 ἐκεῖ.

190 2727 271 2775 Καὶ
322 2725 493 2787 εὐθέως
557 2759 630 2768 -
697 2729 892 2790 αὐτοῖς.
973 2733 1182 2800 Πνεῦμα
1263 2725 1502 2793 ἐνταῦθα,
1587 2730 1680 2785 τὴν

135 2809 308 2870 θεότητά
349 2815 504 2871 καλεῖ.
549 2817 638 2879 Ὠς
665 2820 792 2880 Θεὸς
841 2819 943 2890 γὰρ
1002 2818 1130 2888 ἔγνω
1157 2818 1251 2880 τὰς
1307 2812 1544 2880 διανοίας
1591 2816 1682 2868 αὐ-

133 2907 225 2951 τῶν.

185 2993 237 3040 Τί
267 2999 418 3046 ταῦτα
461 3027 525 3036 -
555 2997 868 3072 περιπάτει;
922 3000 1142 3069 Εἴρηται
1188 2999 1275 3048 καὶ
1301 3000 1418 3069 περὶ
1463 2997 1679 3060 τούτων,

131 3075 306 3146 ὁμοίως.

183 3164 274 3218 ἰνα
300 3201 360 3211 —
387 3169 525 3226 οἶκόν
557 3194 678 3227 σου.
714 3179 814 3228 Καὶ
850 3178 970 3249 περὶ
1000 3177 1193 3228 τούτων
1225 3173 1273 3228 ἐν
1305 3183 1376 3248 τῷ
1399 3172 1685 3234 δηλωθέντι

129 3256 343 3331 κεφαλαίῳ
378 3263 723 3337 ἡρμήνευται.

185 3438 268 3487 Καὶ
318 3438 506 3512 ἠγέρθη
565 3472 636 3482 -—
696 3437 920 3514 εἴδομεν.
986 3447 1086 3495 Καὶ
1134 3449 1300 3495 ταῦτα
1348 3442 1519 3516 ἐκείνῳ
1570 3441 1687 3497 δια-

133 3525 398 3608 ῖισάφηται.
448 3527 721 3583 Οὐδέποτε
772 3527 830 3583 δὲ
878 3530 1040 3592 οὕτως
1089 3527 1310 3604 εἴδομεν,
1366 3531 1439 3605 ἐφ’
1490 3533 1682 3608 ἐτέρου,

129 3603 348 3681 δηλονότι,
378 3627 824 3693 τερατουργοῦντο
836 3639 874 3681 ς.

185 3705 268 3754 Καὶ
309 3734 375 3746 —-
429 3709 646 3772 αὐτούς.
692 3708 926 3778 Ἐξῆλθε,
981 3713 1178 3782 φεύγων
1235 3730 1289 3764 τε
1339 3714 1426 3764 τὸν
1479 3710 1561 3765 ἐπὶ
1612 3721 1686 3784 τῷ

127 3785 316 3861 θαύματι
342 3801 544 3870 κρότον,
579 3802 670 3850 καὶ
694 3794 900 3851 ἱδιοίσαι
931 3797 1256 3872 βουλόμενος.

419 3928 568 3976 ΚΕΦ.
607 3922 663 3986 ς’.
693 3929 819 3997 Περὶ
849 3927 974 3977 Λευὶ
999 3931 1090 3977 τοῦ
1117 3925 1354 3982 τελώνου.

182 4025 266 4076 Καὶ
313 4030 560 4101 παρήσων
613 4061 682 4070 --
734 4030 894 4101 αὐτῷ.
934 4030 994 4084 Ὀ
1055 4036 1207 4093 Λευίς
1253 4034 1424 4100 οὗτος,
1481 4037 1506 4087 6
1541 4044 1691 4091 Ματ-

127 4107 245 4170 θαὶος
289 4111 415 4168 ἐστι.
463 4124 732 4190 Διώνυμος
787 4122 887 4195 γὰρ
957 4117 1038 4194 ᾖν.
1093 4126 1218 4196 Περὶ
1266 4123 1326 4175 οὗ
1381 4123 1688 4201 λεπτομερέ-

125 4214 272 4270 στερον
342 4202 389 4256 ἐν
463 4215 536 4276 τῷ
626 4206 1184 4281 τεσσαρεσκαιδεκάτῳ
1263 4212 1520 4286 κεφαλαίῳ
1599 4224 1690 4269 τοῦ

121 4292 230 4339 κατὰ
291 4297 557 4348 Ματθαῖον
633 4297 952 4368 Εὐαγγελίου
1021 4304 1347 4373 προείρηται.
1407 4301 1542 4377 Ὀρα
1609 4301 1687 4370 δε,

119 4383 210 4466 πῶς
250 4377 501 4454 ἐκλέγεται
554 4388 684 4446 τοὺς
752 4385 947 4453 ἀξίους,
1010 4390 1183 4461 ὥσπερ
1246 4397 1573 4466 μαργαρίτας
1642 4393 1689 4447 έν

124 4463 330 4540 βοοϐὁρῳ
353 4479 594 4544 κειμένου
605 4496 648 4536 ς-

182 4560 267 4609 lui.
293 4558 483 4631 έγένετο
521 4595 587 4605 -
634 4564 795 4635 αὐτῷ.
854 4569 954 4618 Καὶ
998 4570 1115 4640 περὶ
1168 4570 1361 4621 τούτων
1400 4573 1603 4624 πάντων
1644 4571 1691 4625 ἐν

121 4650 265 4716 ἐκείνῳ
289 4657 358 4720 τῷ
391 4652 662 4724 κεφαλαίῳ
694 4657 945 4716 ζήτησον.

182 4739 268 4787 Καὶ
308 4770 372 4778 -
423 4741 771 4815 ἁμαρτωλούς
802 4743 936 4814 ('26).
987 4745 1070 4796 Ἐν
1109 4743 1280 4816 ἐκείνῳ
1325 4756 1394 4817 τῷ
1435 4749 1692 4822 κεφαλαίῳ

118 4828 192 4874 καὶ
251 4837 412 4882 ταῦτα
483 4829 976 4903 διηρμηνεύθησαν.
1017 4834 1386 4888 ’Ἐπιλάϐοντο
1464 4834 1523 4890 δὲ
1601 4848 1692 4892 τοῦ

125 4917 344 4982 Χριστοῦ,
413 4921 485 4980 ὡς
564 4925 638 4993 μὴ
707 4917 1091 4983 διαστέλλοντος
1156 4923 1252 4975 ἀνὰ
1316 4931 1472 4997 μέσον
1544 4927 1692 5000 ἁγίου

118 5006 192 5052 καὶ
241 5001 459 5076 βεϐήλου
515 5013 658 5062 κατὰ
708 5013 812 5062 τὸν
856 5015 1039 5082 νόμον,’
1081 5017 1152 5084 μή
1215 5021 1574 5084 γινώσκοντες,
1631 5020 1695 5080 ὡς

116 5093 220 5161 νπὲρ
259 5099 347 5151 τήν
395 5104 626 5169 νομικὴν
680 5107 886 5172 χρῆσιν
928 5105 1152 5174 παρέχει
1201 5107 1289 5161 τήν
1339 5103 1694 5178 φιλάνθρωπον

118 5178 273 5252 χάριν.
320 5183 376 5237 Ὀ
423 5189 519 5258 μὲν
576 5190 680 5258 γὰρ
738 5193 888 5260 νόμος
939 5187 1170 5251 ἐξέϐαλλε
1219 5194 1277 5243 τὸ
1331 5197 1508 5262 κακὸν,
1560 5196 1584 5246 6
1636 5193 1695 5249 δὲ

121 5271 322 5338 Χριστὸς
366 5275 696 5345 μετέϐαλλεν.
743 5275 973 5341 Ἐδειξεν
999 5275 1086 5330 οὖν
1117 5280 1197 5331 ὅτι
1238 5279 1342 5352 οὐχ
1399 5282 1467 5344 ὠς
1511 5289 1694 5359 κριτὴς

178 5395 219 5430 ³⁸
246 5397 377 5456 Luc.
411 5420 465 5474 ν,
497 5403 595 5461 18.
708 5407 756 5440 ³⁹
787 5404 985 5462 Matth.
1019 5421 1098 5471 ιχ,
1127 5409 1180 5461 2.

1804 507 1952 575 dies,
2001 509 2118 567 hoc
2149 517 2255 576 est,
2289 511 2598 583 praeteritis
2614 510 2844 583 aliquot
2875 509 3111 566 diebus.

1873 599 2036 654 Vers.
2066 607 2112 655 1.
2154 601 2232 656 Et
2289 601 2560 658 auditum
2594 605 2765 657 est:
2795 605 2960 657 esset.
2986 600 3054 655 In
3113 598 3284 656 domo
3309 614 3459 670 qua-

1798 687 1952 743 dam.

1870 777 2037 835 Vers.
2069 781 2119 831 2.
2152 779 2226 834 Et
2243 779 2817 849 statim—januam.
2844 777 2956 834 Ubi
2974 776 3457 850 audissentquod

1794 865 1858 921 in
1928 865 2112 923 domo
2159 871 2303 934 erat,
2345 873 2773 924 concurrerunt
2819 870 3094 938 putantes
3157 865 3320 938 quod
3373 865 3456 922 ita

1797 954 2030 1010 facilius
2074 955 2152 1012 ad
2193 971 2330 1012 eum
2361 957 2734 1013 accederent.
2794 957 2900 1012 Tot
2948 959 3151 1024 autem
3204 969 3454 1024 congre-

1797 1044 1916 1114 gati
1949 1049 2106 1108 sunt,
2140 1049 2202 1101 ut
2221 1045 2351 1116 jam
2391 1060 2588 1118 neque
2626 1045 2758 1102 loca
2803 1060 2939 1116 qua:
2989 1043 3149 1099 circa
3201 1044 3454 1114 januam

1795 1133 2113 1207 erant(hoc
2131 1138 2218 1190 est
2233 1134 2596 1192 vestibulum
2617 1134 2858 1204 domus)
2877 1135 3154 1204 caperent
3168 1131 3452 1204 reliquos,

1794 1223 2038 1294 impleta
2047 1223 2177 1295 jam
2215 1224 2351 1296 ipsa
2389 1223 2592 1280 domo.
3098 1213 3104 1220 ’

1869 1314 2024 1368 Vers.
2065 1317 2116 1369 2.
2159 1314 2235 1370 Et
2259 1345 2328 1355 —
2360 1314 2622 1371 verbum.
2653 1311 2938 1369 Videlicet
2965 1310 3270 1369 doctrinae.

2256 1438 2411 1497 CAP.
2429 1441 2490 1494 V.
2525 1441 2608 1496 De
2628 1436 2986 1508 paralytico.

1865 1547 2025 1600 Vers.
2069 1547 2120 1602 3.
2142 1545 2221 1601 Et
2257 1575 2328 1587 —
2354 1547 2510 1600 Vers.
2547 1545 2632 1599 14.
2655 1543 2911 1613 jacebat.
2956 1540 3188 1598 Similia
3206 1556 3450 1614 quoque

1793 1633 1887 1690 his
1916 1635 2118 1707 posuit
2147 1635 2333 1690 Lucas
2347 1635 2423 1700 39;
2457 1633 2768 1690 Mattheeus
2788 1647 2931 1689 vero
2943 1631 3018 1688 de
3045 1635 3200 1688 tecto
3225 1636 3447 1699 tacens,

1724 1763 1765 1820 Β
1791 1724 2021 1820 reliqua
2059 1723 2327 1820 similiter
2356 1723 2553 1780 retulit
2579 1726 2648 1778 '9.

1863 1815 2023 1868 Vers.
2060 1818 2109 1869 5.
2148 1813 2398 1869 Intuitus
2424 1843 2493 1853 -—
2516 1817 2752 1884 peccata
2787 1817 2910 1867 tua.
2960 1809 3191 1866 Dictum
3242 1813 3333 1864 est
3370 1808 3444 1864 de

1789 1902 1882 1958 his
1905 1902 2143 1959 decimo
2180 1902 2353 1958 tertio
2377 1902 2550 1972 juxta
2572 1901 2910 1958 Matthaaum
2949 1899 3162 1971 capite.
3197 1900 3298 1955 Est
3326 1913 3442 1955 au-

1789 1995 1909 2048 tem
1934 1991 2301 2064 paralyticus
2327 1990 2591 2046 similiter
2614 1989 2962 2062 quicunque
2992 1988 3209 2045 animae
3240 1990 3446 2060 poten-

1789 2080 1901 2137 tias
1920 2080 1998 2136 ad
2027 2079 2257 2136 virtutis
2282 2095 2436 2152 opus
2455 2079 2638 2135 habet
2660 2077 3020 2134 immobiles.
3067 2075 3235 2143 Quod
3267 2075 3316 2131 si
3338 2090 3446 2148 per

1787 2174 2048 2242 quatuor
2073 2167 2471 2239 evangelistas
2501 2185 2534 2225 a
2567 2167 2811 2224 terrenis
2840 2167 3115 2232 elevetur,
3153 2169 3209 2222 et
3232 2164 3444 2222 demit-

1788 2263 1963 2326 tatur,
2014 2258 2139 2314 sive
2178 2258 2522 2314 humilietur
2585 2273 2786 2315 coram
2830 2257 3074 2322 Christo,
3129 2254 3330 2313 audiet
3386 2256 3443 2311 et

1785 2347 1916 2421 ipse
1950 2364 1962 2403 :
1994 2348 2260 2406 Remissa
2284 2352 2418 2406 sunt
2446 2347 2554 2404 tibi
2576 2353 2822 2417 peccata
2858 2353 2986 2404 tua.

1859 2563 2021 2619 Vers.
2045 2563 2097 2618 6.
2128 2563 2322 2620 Erant
2347 2569 2540 2620 autem
2570 2593 2639 2605 —-
2665 2562 2825 2620 Vers.
2867 2566 2920 2617 7.
2951 2562 3137 2620 Deum
3163 2561 3192 2618 ἵ
3213 2560 3444 2620 Dictum

1789 2656 1876 2709 est
1915 2653 1988 2710 de
2015 2653 2106 2709 his
2138 2653 2384 2710 ibidem.

1858 2740 2020 2794 Vers.
2055 2742 2108 2796 8.
2127 2739 2204 2795 Et
2224 2740 2424 2795 statim
2453 2768 2522 2778 —
2553 2735 2653 2794 eis.
2683 2734 2972 2808 Spiritum
2988 2734 3273 2793 vocathic
3297 2733 3446 2790 divi-

1787 2826 2035 2884 nitatem
2077 2833 2399 2902 :tanquam
2426 2828 2581 2884 Deus
2633 2825 2790 2883 enim
2833 2825 3111 2898 cognovit
3139 2823 3444 2896 cogitatio-

1788 2932 1895 2973 nes
1920 2933 2153 2974 eorum.
3351 2955 3354 2958 ~

1862 3007 2020 3062 Vers.
2049 3007 2102 3061 8.
2140 3008 2210 3064 Ut
2235 3007 2377 3078 quid
2407 3006 2612 3063 hwc—
2646 3004 2814 3062 Vers.
2843 3005 2898 3060 9.
2956 3001 3248 3062 ambula?
3279 3002 3445 3062 Simi-

1717 3114 1758 3174 ο
1793 3091 1923 3150 liter
1951 3101 2007 3150 et
2035 3095 2110 3151 de
2138 3095 2254 3151 hoc
2283 3095 2507 3150 dictum
2537 3097 2646 3151 est.

1864 3186 2026 3242 Vers.
2086 3188 2168 3240 10.
2238 3185 2311 3241 Ut
2360 3215 2430 3223 —
2484 3185 2640 3239 Vers.
2703 3188 2786 3239 11.
2845 3184 3080 3240 domum
3134 3188 3322 3240 tuam.
3383 3184 3450 3238 Et

1794 3275 1870 3333 de
1903 3274 1995 3331 his
2037 3288 2281 3346 quoque
2312 3271 2452 3328 data
2491 3275 2578 3328 est
2602 3270 2887 3344 praedicto
2930 3272 3121 3344 capite
3157 3271 3448 3343 interpre-

1798 3371 2026 3510 tati/ire.
2065 3455 2145 3508 l2.
2174 3452 2250 3508 Et
2273 3450 2541 3508 surrexit
2569 3482 2638 3490 —
2669 3449 2940 3507 vidimus.
2973 3451 3037 3506 Et
3066 3450 3193 3506 haec
3223 3448 3449 3506 ibidem

1795 3543 2112 3617 explanata
2133 3541 2288 3596 Sunt.
2313 3543 2634 3612 Nunquam
2648 3543 2849 3597 autem
2868 3537 3157 3607 vidimus,
3181 3537 3453 3614 videlicet

1797 3634 1875 3691 ab
1905 3633 2049 3698 alio,
2081 3630 2183 3703 qui
2218 3628 2568 3686 admiranda
2597 3639 2960 3700 apex-aretur.

1872 3726 2029 3779 Vers.
2053 3723 2140 3778 13.
2165 3720 2238 3777 Et
2260 3751 2328 3761 —
2350 3736 2464 3778 eos.
2490 3723 2773 3792 Egressus
2795 3725 2884 3775 est
2903 3717 3141 3789 fugiens
3166 3716 3452 3790 plausum

1797 3812 1872 3870 de
1901 3811 2212 3878 miraculo,
2248 3814 2304 3867 et
2333 3807 2577 3883 cupiens
2609 3825 2645 3866 a
2674 3807 2850 3866 turba
2878 3807 3166 3881 separari.

2156 3935 2311 3992 CAP.
2343 3933 2435 3991 VI.
2477 3935 2558 3991 De
2587 3933 2729 3991 Levi
2755 3933 3094 4004 publicano.

1869 4046 2028 4098 Vers.
2078 4043 2162 4098 14.
2213 4043 2290 4097 Et
2339 4040 2670 4112 praeteriens
2715 4070 2785 4081 —
2833 4054 2986 4096 eum.
3039 4038 3176 4095 Levi
3227 4038 3323 4095 hic
3367 4045 3458 4096 est

1799 4131 2112 4188 Matthaeus
2137 4147 2151 4196 ;
2186 4134 2310 4186 erat
2334 4129 2495 4185 enim
2519 4127 2864 4194 binominis,
2893 4127 2968 4183 de
2998 4121 3119 4199 quo
3145 4127 3458 4199 particula-

1800 4223 1918 4279 rius
1966 4221 2193 4277 dictum
2246 4225 2332 4276 est
2374 4218 2608 4274 decimo
2658 4221 2872 4288 quarto
2919 4217 3112 4288 capite
3155 4217 3457 4288 Evangelii

1801 4311 2133 4368 secundum
2179 4307 2540 4364 Matthmum.
2587 4306 2723 4363 Vide
2763 4308 2965 4362 autem
3004 4305 3314 4377 quomodo
3354 4320 3458 4361 eos

1801 4401 1905 4474 qui
1954 4399 2121 4471 digni
2168 4402 2304 4454 sunt
2347 4395 2543 4466 eligat,
2587 4393 2761 4468 quasi
2813 4393 3171 4464 margaritas
3217 4392 3280 4450 in
3332 4393 3457 4450 luto

1721 4465 1778 4522 Β·
1797 4465 2085 4562 iacentes.

1869 4577 2031 4634 Vers.
2084 4577 2166 4632 l5.
2214 4576 2293 4632 Et
2322 4576 2549 4646 factum
2587 4578 2672 4630 est
2713 4602 2783 4614 —
2817 4586 2966 4628 eum.
3010 4570 3203 4630 Etiam
3246 4570 3322 4629 de
3359 4571 3455 4629 his

1800 4667 2082 4725 omnibus
2110 4666 2170 4722 in
2201 4681 2270 4721 eo
2299 4664 2492 4736 capite
2519 4663 2772 4736 require.

1876 4757 2028 4810 Vers.
2077 4753 2157 4810 16.
2187 4755 2264 4808 Et
2289 4783 2359 4793 —
2388 4754 2548 4808 Vers.
2584 4753 2666 4806 17.
2696 4750 2774 4806 ad
2797 4749 3221 4820 paenitentiam.
3267 4749 3459 4807 Etiam

1799 4843 1930 4899 haec
1968 4843 2028 4898 in
2065 4859 2134 4898 eo
2174 4841 2360 4913 capite
2391 4840 2689 4897 declarata
2727 4843 2878 4896 sunt.
2920 4838 3458 4911 Reprehendebant

1804 4937 2002 4988 autem
2035 4931 2348 4996 Christum,
2377 4930 2542 5001 quasi
2569 4928 2715 4985 nihil
2745 4928 3107 4988 discriminis
3137 4927 3458 4986 facientem

1803 5021 1954 5078 inter
1997 5026 2275 5077 sanctum
2318 5021 2373 5076 et
2412 5019 2546 5075 eum
2575 5020 2678 5092 qui
2717 5020 2890 5091 juxta
2930 5009 3124 5092 legem
3167 5017 3457 5091 profanus

1802 5110 2276 5177 habebatur,non
2289 5113 2673 5182 agnoscentes
2685 5109 2838 5182 quod
2857 5125 3034 5181 supra
3044 5096 3193 5180 legis
3207 5122 3460 5164 consue-

1804 5199 2074 5256 tudinem
2105 5202 2407 5270 praestaret
2424 5198 2813 5256 humanitatis
2839 5197 3114 5268 gratiam.
3137 5198 3257 5254 Lex
3282 5195 3461 5268 siqui-

1806 5286 1944 5343 dem
1975 5303 2229 5358 pravum
2256 5287 2569 5359 ejiciebat;
2617 5288 2878 5345 Christus
2906 5302 3049 5346 vero
3077 5284 3458 5346 immutabat.

1323 5530 1547 5602 Variae
1577 5534 1904 5606 lectiones
1927 5546 1990 5605 et
2029 5543 2233 5606 notae.

182 5663 283 5735 (26)
309 5667 402 5724 Ad
429 5665 872 5744 paenitentiam,
905 5661 1074 5746 quod
1103 5673 1427 5732 Hentenius
1454 5674 1656 5749 habet,
1689 5683 1891 5740 neuter
1914 5694 2188 5740 meorum
2217 5676 2514 5752 agnoscit.
