3922 6200
448 299 555 359 787

457 425 722 485 Ostendit
764 439 903 496 ergo
947 421 1112 494 quod
1160 400 1283 476 non
1329 419 1503 493 quasi
1536 419 1744 491 judex,
1783 417 1889 474 sed
1931 417 2108 490 quasi

2265 417 2584 485 κραγέγοιεν,
2630 415 2736 468 ἀλλ’
2787 417 2851 478 ὡς
2903 417 3095 491 ἰατρός.
3153 425 3239 473 Διό
3286 428 3391 483 τοῖς
3438 429 3652 476 νοσοῦσι
3685 444 3786 477 συν-

456 516 727 572 medicus
771 511 1116 576 advenerit;
1147 509 1283 565 ideo
1309 509 1492 565 etiam
1521 525 1658 565 cum
1685 508 1936 564 inﬁrmis
1980 522 2106 562 ver-

457 605 722 661 sabatur.

528 693 692 747 Vers.
739 694 821 745 18.
868 690 946 745 Et
989 693 1160 746 erant
1206 721 1272 729 —
1317 690 1480 746 Vers.
1523 693 1608 745 20.
1651 689 1874 744 diebus.
1920 687 2109 743 Etiam

457 781 532 838 de
563 779 655 838 his
683 779 948 837 invenies
982 779 1326 851 supradicto
1357 779 1570 851 capite.

531 977 695 1033 Vers.
738 976 825 1030 2i.
859 975 936 1031 Et
966 989 1134 1031 nemo
1164 1005 1232 1014 —
1270 975 1361 1044 ﬁt.
1396 977 1460 1030 Et
1487 974 1615 1030 hth
1645 989 1888 1047 quoque
1929 990 2110 1047 para-

457 1065 602 1122 bola
632 1066 843 1121 eodem
868 1065 1060 1136 capite
1090 1064 1391 1121 declarata
1420 1069 1531 1120 est.

534 1175 688 1228 Vers.
722 1177 811 1227 22.
842 1173 1066 1228 Nullus
1091 1178 1383 1241 praeterea
1424 1201 1487 1212 ——
1515 1172 1868 1228 mittendum
1897 1178 1998 1228 est.
2033 1171 2114 1228 De

461 1261 576 1318 hac
608 1261 870 1316 similiter
899 1259 1190 1332 parabola
1214 1275 1415 1331 quaere
1445 1261 1657 1315 eodem
1684 1261 1897 1332 capite.

533 1349 695 1406 Vers.
725 1350 813 1404 23.
841 1348 918 1404 Et
945 1350 1174 1417 factum
1197 1356 1276 1404 est
1304 1380 1370 1388 —
1392 1351 1551 1403 Vers.
1581 1351 1668 1404 24.
1707 1349 1884 1406 licet?
1911 1351 2116 1415 Quaere

461 1439 536 1496 de
579 1439 674 1494 his
716 1438 873 1493 circa
913 1436 1095 1494 ﬁnem
1143 1437 1406 1492 vicesimi
1449 1437 1658 1508 capitis
1695 1437 1755 1493 in
1800 1438 2116 1509 Evangelia

464 1527 799 1585 secundum
829 1525 1189 1583 Matthaeum.

533 1617 571 1684 1-
608 1614 717 1683 Qui
758 1620 894 1687 post
931 1615 1344 1687 operationem
1373 1614 1436 1670 in
1475 1615 1891 1672 immobilitate
1929 1617 2118 1674 animi

466 1704 769 1763 constituti
810 1707 970 1769 sunt,
1012 1719 1323 1760 sermones
1370 1704 1700 1777 decerpunt
1739 1705 1817 1761 ab
1852 1706 1945 1761 his
1983 1724 2118 1780 quae

466 1796 623 1852 facta
658 1800 814 1860 sunt,
841 1792 1054 1864 hisque
1077 1793 1172 1865 pie
1195 1793 1424 1849 aluntur
1449 1809 1462 1861 ;
1493 1794 1822 1851 Sabbatum
1855 1797 2015 1851 enim
2041 1797 2120 1853 ad

465 1885 656 1942 otium
669 1881 1354 1951 factum,immobilitatis
1366 1882 1552 1939 animi
1567 1883 1805 1953 signum
1817 1890 1905 1941 est
1917 1901 2122 1957 quem-

469 1972 801 2031 admodum
840 1973 967 2028 dies
997 1971 1421 2044 praecedentes,
1455 1973 1830 2043 operationis,
1878 1979 2122 2048 propter

469 2063 760 2118 laborem.

540 2152 704 2210 Vers.
745 2155 830 2206 25.
869 2151 942 2206 Et
981 2180 1052 2191 —
1092 2151 1249 2206 Vers.
1290 2151 1377 2206 26.
1421 2153 1637 2208 erant?
1681 2155 1840 2210 Hanc
1877 2171 2122 2227 quoque

467 2240 779 2299 historiam
809 2255 881 2296 eo
910 2241 1043 2296 loco
1068 2255 1276 2312 quaere.

543 2334 725 2386 Istum
742 2337 938 2385 autem
953 2329 1238 2384 Abiathar
1255 2331 1480 2399 Regum
1492 2330 1736 2388 historia
1748 2333 2126 2390 Achimelech

470 2423 684 2486 vocat;
725 2419 868 2474 liber
894 2424 1094 2474 autem
1133 2419 1506 2476 Psalmorum
1535 2421 1875 2478 Abimelech
1904 2426 1968 2478 ⁸ο.
2013 2427 2126 2480 Ma-

473 2508 752 2566 nifestum
793 2523 936 2578 ergo
966 2512 1052 2563 est
1081 2508 1245 2579 quod
1275 2507 1604 2565 binominis
1634 2509 1824 2576 fuerit,
1876 2519 2126 2586 utroque

472 2597 657 2654 modo
669 2595 1004 2669 appellatus
1033 2596 1405 2652 Achimelech
1425 2598 1513 2652 vel
1537 2598 1899 2670 Abimelech,
1921 2618 2127 2673 quem-

473 2685 807 2745 admodum
839 2692 896 2741 et
916 2685 1009 2740 alii
1033 2685 1282 2742 Hebraei.
1308 2688 1655 2755 Cognomen
1679 2704 1819 2744 vero
1847 2689 2129 2747 Abiathar

471 2776 686 2834 habuit
715 2791 750 2830 a
771 2775 1250 2847 progenitoribus
1267 2776 1606 2831 deductum.
1632 2777 1772 2834 Ideo
1797 2778 1953 2835 ﬁlius
1981 2796 2128 2852 quo-

473 2881 586 2939 que
615 2866 748 2936 ejus
776 2863 1046 2920 similiter
1069 2863 1356 2920 Abiathar
1382 2869 1630 2921 vocatus
1661 2873 1768 2922 est.

543 2956 585 3024 -ξν
623 2953 908 3011 Abiathar
955 2953 1062 3010 iste
1103 2953 1382 3026 princeps
1423 2956 1802 3013 sacerdotum
1841 2957 2058 3015 dicitur
2111 2981 2124 3012 :

475 3046 703 3114 Regum
766 3047 968 3099 autem
1027 3041 1273 3098 historia
1327 3043 1703 3101 Achimelech
1761 3047 2127 3104 sacerdotem

2219 508 2550 576 ανεστρέφετο
2583 505 2718 575 (27).

2292 723 2392 770 Καὶ
2452 715 2584 776 ἦσαν
2661 751 2728 759 -
2785 722 3018 795 ἡμέραις.
3092 730 3191 778 Καὶ
3257 734 3373 801 περὶ
3426 738 3606 782 τοῦτον
3661 731 3789 805 εὑρή-

2222 824 2330 868 σεις
2374 806 2421 858 ἐν
2473 816 2542 879 τῷ
2597 805 2881 866 δηλωθέντι
2929 813 3204 887 κεφαλαίῳ.
3255 820 3323 870 Τὸ
3357 814 3416 870 δε
3472 820 3554 871 Ἐν
3592 820 3654 890 ᾧ,
3704 819 3788 873 ἀντὶ

2217 903 2327 960 τοῦ,
2359 897 2472 969 Ἐφ’
2503 899 2645 950 ὅσον.

1764 286 2119 351 EUTHYMII
2168 285 2495 344 ZIGABENI
3699 300 3785 355 788

1783 417 1889 474 sed
1931 417 2108 490 quasi
2136 411 2181 466 Α
2215 417 2584 485 παραγέγονεν,
2630 415 2736 468 ἀλλ’
2787 417 2851 478 ὡς
2903 417 3095 491 ἰατρός.
3153 425 3239 473 Διό
3286 428 3391 483 τοῖς
3438 429 3652 476 νοσοῦσι
3685 444 3786 477 συν-

1764 508 1936 563 irmis
1980 522 2106 562 ver-
2219 508 2550 576 ανεστρέφετο
2583 505 2718 575 ('27).

1764 689 1855 724 Im.
1920 687 2105 724 mium
2320 723 2324 724 ν
2458 715 2480 724 -
2797 722 2805 724 _

2294 989 2394 1038 Kal
2425 983 2591 1047 οὐδεὶς
2622 1019 2690 1028 —
2733 993 2949 1059 γίνεται.
2996 997 3095 1044 Kal
3121 994 3250 1052 αὕτη
3284 996 3314 1053 ἠ
3343 997 3612 1069 παραϐολή
3666 998 3708 1050 ἐι
3737 1009 3788 1070 τῷ

2220 1077 2438 1146 τοιούτῳ
2468 1076 2726 1148 κεφαλαίῳ
2753 1084 3149 1148 σεσαφήνισται.

2295 1170 2393 1216 Καὶ
2457 1162 2625 1226 οὐδεὶς
2687 1198 2755 1207 -
2821 1167 3058 1239 βλητέον.
3131 1177 3230 1224 Kal
3295 1180 3411 1246 περὶ
3476 1181 3675 1240 ταύτης
3723 1189 3790 1239 τῆς

2223 1253 2523 1325 παραϐολῆς
2545 1257 2734 1326 ὁμοίως
2765 1255 2810 1307 ἐν
2837 1256 3007 1329 ἐκείνῳ
3041 1260 3288 1320 ζήτησον.

2300 1347 2399 1394 Καὶ
2444 1343 2637 1415 ἐγένετο
2669 1377 2729 1386 —-
2761 1347 2970 1415 ἔξεστι;
3023 1356 3262 1408 Ζήτησον
3312 1359 3427 1426 περὶ
3472 1359 3664 1408 τούτων
3705 1358 3790 1428 (28)

2224 1435 2354 1504 πρὸς
2419 1441 2491 1503 τῷ
2555 1433 2684 1486 τέλει
2745 1444 2835 1487 τοῦ
2898 1437 3137 1491 εἰκοστοῦ
3199 1442 3476 1514 κεφαλαίου
3538 1454 3629 1497 τοῦ
3688 1452 3794 1500 κατὰ

2227 1522 2514 1576 Ματθαίον.

2298 1609 2618 1683 [Τίλλοντες’
2675 1615 2722 1665 οἱ
2793 1615 2904 1686 (29)
2965 1620 3098 1689 μετὰ
3166 1623 3259 1678 τήν
3308 1629 3602 1695 πρακτικὴν
3662 1623 3703 1676 ἐν
3748 1634 3793 1698 τῇ

2231 1695 2454 1771 ἀπαθείᾳ
2518 1705 2799 1773 γενόμενοι,
2873 1708 2992 1766 τοὺς
3063 1706 3244 1778 λόγους
3302 1711 3413 1782 (30)
3501 1695 3798 1785 ἀναλέγονται

2228 1795 2324 1839 τῶν
2371 1794 2668 1859 γεγονότων,
2737 1797 2826 1844 καὶ
2881 1798 3084 1857 τούτοις
3134 1797 3356 1861 εὐσεϐῶς
3419 1806 3703 1874 τρέφονται.
3746 1808 3796 1856 Τό

2228 1879 2328 1951 γὰρ
2379 1877 2656 1945 Σάϐϐατον,
2706 1878 2956 1945 ἀπαθείας
3001 1885 3277 1956 σύμϐολον,
3329 1885 3424 1941 διὰ
3470 1895 3564 1949 τὴν
3622 1891 3796 1965 ἀργίαν,

2230 1969 2401 2040 ὥσπερ
2429 1972 2517 2018 καὶ
2552 1979 2863 2042 πρακτικῆς,
2892 1974 2946 2024 αἱ
2977 1979 3076 2049 πρὸ
3108 1978 3299 2033 ταύτην
3331 1979 3542 2051 ἡμέραι,
3599 1977 3689 2033 διὰ
3725 1988 3796 2039 τὴν

2230 2055 2526 2130 ὲργασίαν.]

2306 2149 2405 2196 Kal
2438 2177 2500 2186 —
2540 2144 2660 2199 οὖσι
2684 2165 2696 2176 ·
2756 2153 2856 2203 Kal
2911 2154 3103 2210 ταύτην
3141 2158 3234 2213 τὴν
3290 2157 3523 2230 ἱστορίαν
3577 2157 3626 2209 ἐν
3655 2157 3797 2229 ἐκείνῳ

2235 2232 2485 2292 ζήτησον.

2306 2329 2494 2375 Τοῦτον
2548 2321 2606 2378 δὲ
2654 2330 2739 2378 τὸν
2788 2328 3064 2406 Ἀϐιάθαρ,
3114 2335 3141 2390 ἡ
3198 2337 3287 2404 μὲν
3319 2333 3502 2406 βίϐλος
3532 2345 3632 2388 τῶν
3677 2345 3803 2390 Βασι-

2233 2409 2381 2462 λειῶν
2437 2415 2730 2486 Ἀχιμέλεχ
2788 2417 3061 2490 ὀνομάζει³
3119 2423 3146 2478 ἡ
3201 2419 3259 2475 δὲ
3320 2422 3505 2494 βίϐλος
3555 2435 3655 2478 τῶν
3696 2426 3802 2480 ‘l’al-

2236 2509 2364 2572 μῶν,
2408 2501 2707 2575 Ἀϐιμελεχ.
2752 2506 2910 2564 Δῆλον
2961 2505 3068 2573 οὖν,
3111 2513 3190 2562 ὅτι
3237 2509 3496 2584 διώνυμος
3545 2511 3628 2584 ἦν,
3674 2515 3806 2586 ἀμφό-

2237 2609 2359 2661 τερα
2438 2592 2763 2664 καλούμενος,
2843 2596 3134 2670 Ἀχιμέλεχ
3221 2609 3308 2652 καὶ
3385 2602 3685 2675 Ἀϐιμέλεχ,
3754 2605 3807 2664 ὡς

2238 2684 2326 2731 καὶ
2392 2680 2536 2733 ἄλλοι
2600 2683 2776 2736 πολλοὶ
2832 2695 2930 2738 τῶν
2989 2687 3258 2761 Ἐϐραίων.
3318 2696 3387 2744 Τὸ
3456 2690 3517 2746 δὲ
3581 2694 3807 2766 Ἀϐιάθαρ

2238 2777 2607 2842 προσωνυμίαν
2673 2770 2805 2844 εἶχε,
2868 2783 3226 2849 καταγομένην
3287 2779 3339 2832 ἐκ
3406 2790 3688 2856 προγονων.
3741 2785 3806 2834 Διὸ

2238 2863 2327 2910 καὶ
2351 2859 2375 2909 ὁ
2399 2861 2505 2920 υἱὸς
2537 2861 2693 2914 αὐτοῦ
2726 2865 2913 2934 ὁμοίως
2937 2866 3190 2934 Ἀϐιάθαρ
3219 2868 3478 2928 ἐκέκλητο.

2309 2947 2453 3020 [Ἐπὶ
2513 2951 2624 3021 (31)
2679 2951 2959 3025 Ἀϐιάθαρ·
3019 2957 3043 3007 ὁ
3100 2960 3191 3028 μεν
3249 2958 3502 3034 Ἀϐιάθαρ
3561 2961 3809 3036 ἀρχιερεὺς

2241 3033 2458 3089 ἐνταῦθα
2532 3037 2950 3114 ἀναγέγραπται·
3029 3049 3114 3096 τόν
3194 3044 3252 3099 δὲ
3330 3051 3627 3122 Ἀχιμέλεχ
3701 3053 3810 3122 ἱερέα

474 3132 656 3189 fuisse
705 3130 881 3187 tradit
919 3131 986 3184 ⁴¹.
1029 3130 1357 3188 Verisimile
1407 3147 1547 3202 ergo
1586 3141 1674 3190 est
1711 3134 1997 3192 Abiathar
2043 3152 2123 3193 re-

2265 3122 2613 3199 ταραδίδωσιν
2672 3132 2701 3187 ἠ
2753 3139 2849 3182 τῶν
2896 3133 3175 3186 Βασιλειῶν
3235 3139 3462 3210 ἱστορία.
3513 3141 3668 3200 Εἰκὸς
3719 3137 3807 3201 οὖν,

473 3221 786 3295 quievisse,
821 3236 959 3276 cum
985 3220 1171 3277 David
1197 3221 1256 3276 in
1280 3221 1529 3278 domum
1553 3222 1655 3279 Dei
1687 3224 1990 3294 ingressus
2017 3230 2127 3296 est,

474 3310 568 3367 vel
598 3314 840 3383 propter
871 3309 1095 3365 summi
1137 3311 1444 3368 sacerdotii
1469 3315 1894 3383 praestantiam,
1929 3315 2018 3370 vel
2051 3314 2129 3371 ob

475 3399 946 3464 imbecillitatem
961 3413 1082 3470 praa
1107 3403 1425 3457 senectute.
1441 3401 1820 3459 Achimelech
1835 3419 1971 3459 vero
1989 3409 2130 3460 tunc

477 3505 546 3546 ea
584 3505 720 3562 quae
754 3488 940 3543 divini
980 3489 1174 3543 cultus
1205 3493 1373 3544 erant
1412 3491 1744 3547 exercuisse
1775 3507 1786 3544 :
1831 3498 1929 3546 aut
1966 3491 2130 3564 quod

479 3579 609 3636 aliis
639 3578 1051 3634 sacerdotibus
1078 3578 1448 3648 praestantior
1491 3585 1663 3645 esset,
1697 3585 1800 3636 aut
1828 3581 1992 3652 quod
2019 3599 2131 3640 sua.

480 3674 635 3724 sorte
665 3667 776 3723 iliis
805 3666 1020 3722 diebus
1052 3683 1260 3723 curam
1289 3667 1555 3724 haberet.

546 3757 708 3813 Vers.
750 3760 838 3811 27.
880 3755 1168 3827 Dixitque
1198 3787 1263 3796 —
1303 3756 1463 3811 Vers.
1497 3761 1583 3813 28.
1625 3757 1894 3815 Sabbati.
1941 3760 2130 3819 Etiam

479 3845 610 3903 hec
639 3845 701 3901 in
726 3845 886 3901 dicto
924 3845 1113 3916 capite
1142 3844 1444 3902 declarata
1475 3849 1631 3903 sunt.

581 3970 732 4027 CAP.
763 3969 881 4024 VII.
913 3971 998 4025 De
1023 3985 1085 4025 eo
1114 3971 1219 4042 qui
1248 3971 1498 4028 habebat
1526 3988 1770 4031 manum
1801 3976 2037 4034 aridam

556 4077 707 4134 CAP.
772 4077 869 4132 III.
929 4077 1090 4131 Vers.
1160 4077 1208 4131 1.
1257 4078 1434 4132 Et—
1497 4081 1657 4136 Vers.
1701 4082 1968 4152 2._’eum.
2039 4086 2134 4140 Di-

482 4171 648 4224 ctum
687 4171 773 4223 est
800 4165 873 4221 de
901 4165 1015 4222 hoc
1042 4166 1329 4222 vicesimo
1370 4169 1564 4240 primo
1585 4170 1756 4240 juxta
1780 4174 2134 4231 'Matthaeum

601 4275 618 4314 1
682 4298 697 4315 .

483 4262 713 4405 “getes.
761 4349 814 4403 3.
861 4345 936 4402 Et
967 4346 1053 4402 ait
1085 4377 1150 4386 —
1181 4348 1339 4402 Vers.
1375 4350 1425 4403 4.
1457 4348 1751 4406 tacebant.
1791 4352 2013 4408 Horum
2051 4353 2138 4410 in-

2241 3217 2325 3265 τόν
2369 3218 2458 3286 μὲν
2501 3216 2752 3294 Ἀϐιάθαρ
2787 3219 3164 3290 ἀναπαύεσθαι,
3223 3228 3303 3278 ὅτε
3357 3229 3382 3278 ὁ
3441 3227 3611 3282 Δαυίδ
3666 3228 3808 3284 εἰσέλ-

2242 3305 2322 3356 θεν
2349 3304 2417 3364 εἰς
2446 3309 2532 3357 τὸν
2581 3304 2718 3360 οἷκον
2772 3317 2862 3361 τοῦ
2902 3316 3049 3377 Θεοῦ,
3110 3318 3139 3371 ἤ
3174 3316 3238 3375 ὡς
3272 3317 3598 3389 ὑπερέχοντα
3625 3328 3679 3390 τῇ

2239 3397 2561 3468 χιερωσύνη,
2595 3400 2625 3456 ἧ
2659 3399 2727 3459 ὡς
2766 3397 2952 3459 ἀσθενῆ
2989 3397 3083 3454 διὰ
3125 3407 3182 3454 τὸ
3234 3413 3436 3475 γῆρας’
3485 3411 3572 3458 τὸν
3619 3409 3810 3477 Ἀχιειέο

2239 3480 2335 3553 λεχ
2381 3479 2440 3535 δὲ
2477 3487 2543 3536 τὰ
2580 3493 2669 3548 τῆς
2721 3486 2955 3563 λατρείας
3009 3499 3294 3548 τηνικαῦτα
3350 3498 3812 3570 μεταχειρίζεσθαι,

2240 3574 2269 3628 ἦ
2333 3573 2403 3633 ὡς
2433 3569 2745 3647 διαφέροντα
2795 3586 2893 3628 τῶν
2942 3579 3104 3632 οὒλων
3161 3584 3349 3654 ἱερέων,
3397 3589 3426 3642 ᾗ
3485 3589 3553 3646 ὡς
3612 3585 3814 3655 λαχόντε

2241 3657 2568 3732 ἐφημερεύειν
2599 3661 2646 3713 ἐν
2668 3663 2880 3726 ἐκείναις
2911 3674 3026 3729 ταῖς
3056 3668 3326 3742 ἡμέραις]

2317 3755 2416 3801 Kal
2445 3748 2579 3820 λέγει
2624 3781 2690 3792 -
2742 3753 3027 3808 Σαϐϐάτου.
3093 3763 3192 3810 Καὶ
3230 3765 3398 3810 ταῦτα
3441 3759 3488 3811 ἕν
3533 3769 3608 3830 τῷ
3636 3762 3817 3834 suam

2241 3837 2499 3910 κεφαλαίῳ
2529 3846 2880 3911 τετυχήκασιν
2921 3843 3234 3916 ἐξηγήσεως.

2318 3952 2461 4000 ΚΕΦ.
2503 3947 2572 4000 Ζ’.
2609 3955 2733 4018 Περὶ
2755 3958 2845 4001 τοῦ
2878 3951 3036 4026 ξηρὰν
3067 3955 3276 4023 ἔχοντος
3305 3958 3398 4011 τὴν
3425 3964 3606 4030 χεῖρα.

2319 4041 2416 4087 Kal
2465 4066 2533 4076 —
2591 4037 2772 4092 αὑτοῦ.
2828 4043 3043 4114 Εἴρηται
3094 4048 3212 4114 περὶ
3266 4046 3452 4095 τούτου
3497 4046 3546 4096 ἐν
3610 4053 3679 4114 τῷ
3713 4044 3824 4096 rixo-

2247 4132 2353 4195 στῷ
2383 4131 2568 4200 πρώτῳ
2601 4128 2857 4200 κεφαλαίῳ
2883 4137 2975 4182 τοῦ
3005 4134 3138 4182 κατὰ
3168 4133 3456 4188 Ματθαῖον.

2321 4354 2420 4402 Καὶ
2506 4349 2641 4422 λέγει
2739 4383 2796 4392 -
2885 4350 3142 4408 ἐσιώπων.
3240 4353 3677 4427 Ἠρμηνεύθησαν
3755 4359 3829 4405 καὶ

483 4438 821 4510 terpretatio
843 4436 984 4493 data
1005 4434 1386 4508 estpraadicto
1409 4437 1614 4508 capite.
1633 4439 1913 4496 Animam
1937 4447 2123 4500 autem

2265 4446 2409 4491 ταῦτα
2450 4439 2499 4490 ἐν
2530 4449 2601 4510 τῷ
2645 4443 2863 4512 τοιούτῳ
2921 4441 3200 4513 κεφαλαίῳ.
3256 4448 3448 4514 Ψυχὴν
3482 4442 3538 4498 δε
3593 4453 3706 4509 νῦν,
3763 4451 3832 4496 τεν

484 4525 626 4582 dicit
654 4541 814 4580 nunc
844 4524 1174 4592 hominem,
1207 4539 1242 4579 a
1263 4527 1430 4597 parte
1455 4529 1642 4581 totum
1674 4525 2027 4601 intelligens.
2057 4535 2139 4586 ln-

486 4621 746 4684 terrogat
775 4613 935 4668 enim
967 4629 1043 4669 an
1063 4613 1374 4670 hominem
1397 4614 1570 4671 liceat
1596 4631 1631 4672 a
1660 4623 1849 4673 morte
1881 4635 2135 4689 servare,

490 4717 567 4758 an
605 4703 889 4758 occidero.

560 4790 720 4847 Vers.
757 4795 805 4845 5.
843 4791 1102 4862 Cumque
1135 4792 1637 4864 circumspexisset
1676 4827 1743 4838 —
1775 4798 1978 4855 altera.
2007 4800 2140 4856 Jam

487 4879 617 4936 haec
644 4878 916 4936 similiter
939 4879 1098 4936 dicto
1123 4879 1254 4939 loco
1280 4883 1600 4955 explanata
1627 4889 1782 4942 sunt.

565 4969 725 5027 Vers.
764 4969 819 5025 6.
855 4969 933 5026 Et
971 4970 1188 5041 egressi
1224 5001 1294 5014 --
1341 4972 1507 5029 Vers.
1543 4975 1595 5029 7.
1634 4990 1813 5032 mare.
1855 4979 2141 5038 Praeterea

489 5060 668 5118 etiam
695 5059 844 5116 hac.

562 5185 610 5224 ιο
635 5184 792 5243 Psal.
823 5199 1018 5256 xxxiii,
1054 5191 1102 5243 1.
1219 5187 1263 5226 ‘1
1295 5188 1319 5245 Ι
1349 5189 1492 5262 Reg.
1522 5206 1636 5258 xxi,
1672 5192 1726 5259 1,
1757 5192 1812 5249 8.

2249 4530 2515 4604 ἄνθρωπον
2567 4529 2730 4600 λέγει·
2789 4529 2889 4582 ἀπὸ
2937 4535 3144 4602 μέρους,
3183 4535 3241 4583 τὸ
3299 4532 3432 4584 ὅλον.
3468 4533 3673 4606 Ἐρωτᾲ
3726 4537 3831 4606 γὰρ,

2249 4617 2444 4679 ἔξεστιν
2503 4619 2769 4692 ἄνθρωπον
2837 4627 3009 4671 σῶσαι
3075 4618 3176 4672 ἀπὸ
3245 4622 3468 4674 θανάτου
3507 4626 3537 4681 ἣ
3615 4622 3838 4676 ἀποκτεί-

2247 4727 2330 4759 ναι
2356 4725 2369 4774 ;
3920 4725 3922 4774 ἓ

2323 4801 2423 4853 Ka'e
2483 4796 2918 4871 περιϐλεψάμενος
3011 4828 3081 4840 --
3145 4800 3173 4856 ἡ
3262 4798 3413 4859 ἄλλη.
3475 4801 3707 4872 Ὁμοίως
3763 4805 3836 4852 και

2249 4897 2433 4941 ταῦτα.

2324 4982 2423 5032 Καὶ
2446 4975 2728 5042 ἐξελθόντες
2761 5007 2826 5016 ——
2861 4975 3148 5030 θάλασσαν.
3181 4975 3302 5032 Ἔτι
3331 4998 3418 5030 και
3452 4986 3648 5031 ταῦτα.

1695 5317 1915 5388 Variae
1953 5317 2280 5388 lectiones
2322 5327 2385 5386 et
2435 5327 2634 5386 nolae.

586 5456 676 5597 27g
709 5459 1098 5530 Συνεστρέφετο.
1128 5457 1194 5512 Α.

586 5533 651 5583 28
710 5535 833 5597 Περὶ
867 5527 926 5584 δέ
955 5537 1053 5582 τῶν
1083 5528 1194 5580 λοιτι

584 5527 676 5604 28)
710 5535 833 5604 napi
867 5527 926 5584 δέ
955 5527 1053 5582 τῶν
1083 5528 1277 5604 λοιπῶν
1304 5529 1554 5604 ζήτησον.
1588 5533 1646 5588 Β.

586 5600 677 5671 29)
708 5600 840 5671 Haec
872 5603 929 5657 in
965 5600 1235 5671 margine
1265 5601 1446 5659 habet
1469 5602 1537 5658 A.

587 5670 676 5746 30)
706 5670 1072 5751 ’Δναλίγοντες.
1099 5670 1168 5732 Α.

2328 5463 2440 5535 (3t)
2480 5462 2613 5535 Haec
2644 5459 2897 5535 inferius
2946 5459 3009 5535 in
3065 5462 3234 5535 textu
3270 5458 3526 5535 habetB
3583 5462 3714 5532 post

2255 5523 2433 5592 κλητοί
2475 5531 2684 5607 Incipit
2715 5529 3062 5607 autem‘sic:
3099 5529 3180 5607 _'H
3212 5531 3422 5607 ἑτέρως·
3457 5534 3482 5584 ὁ
3642 5552 3688 5583 κ.
3719 5546 3758 5581 τ.
3787 5523 3832 5575 λ-

2255 5609 2319 5662 In
2349 5601 2620 5676 margine
2644 5603 2775 5662 haec
2806 5601 3045 5661 exhibet
3081 5603 3149 5658 A.
