3922 6200
167 309 250 366 789

1138 303 1510 365 COMMENT.
1551 300 1624 358 IN
1661 297 1990 361 MARCUM.
2030 336 2102 351 —
2138 307 2298 371 CAP.
2338 313 2435 370 III.

3361 323 3470 380 790

218 437 300 489 Καὶ
355 431 471 486 πολὺ
514 431 708 496 πλῆθος
753 464 820 477 -
878 433 1028 489 αὐτόν
1086 466 1154 476 -
1205 437 1368 508 Πέραν
1424 438 1516 485 τοῦ
1571 429 1664 503 ’ῐορ

1877 430 2037 488 Vers.
2079 435 2134 489 7.
2174 444 2254 498 Et
2283 438 2592 497 multitudo
2627 456 2927 514 magna—
2964 444 3131 502 Vers.
3164 449 3216 503 8.
3249 463 3374 504 eum
3397 477 3470 492 -—

162 521 308 592 δάνον,
355 527 502 594 ἤγουν
555 525 603 575 οἱ
657 529 812 599 πέραν
859 533 948 577 τοῦ
1009 521 1293 600 Ἰορδάνου.
1354 520 1696 575 Ἥκολούθουν

161 609 221 674 δὲ,
257 615 298 664 οἱ
333 615 412 685 μὲν
441 611 734 688 ἀρρώστους
784 615 1105 686 κομίζοντες,
1138 617 1187 666 οἱ
1240 611 1319 681 δὲ,
1371 614 1504 672 ὅπως
1548 608 1696 661 αὐτοὶ

156 704 352 772 τύχωσιν
405 701 599 763 ἰάσεως·
656 704 706 754 οἰ
767 701 844 770 δὲ,
903 704 986 755 ἵνα
1068 705 1353 757 θεάσωνται
1429 702 1690 761 θαύματα.

159 795 236 843 Καὶ
273 790 365 862 οὐχ
405 789 626 865 Ἐϐραῐοι
672 796 845 865 μόνον,
875 791 1005 844 ἀλλὰ
1051 797 1141 845 καὶ
1182 790 1472 866 ἀλλόφυλοι,
1528 784 1694 842 Ἰδου-

152 887 268 951 μαῖοι
304 884 382 931 καὶ
419 882 598 952 Τύριοι
642 885 732 934 καὶ
763 877 1020 936 Σιδώνιοι.
1055 885 1155 935 Καὶ
1185 881 1234 933 οἱ
1275 883 1364 954 μὲν
1417 878 1693 950 ἁλλογενεῖς

153 972 340 1043 ἤρχοντο
360 973 482 1042 πρὸς
517 969 694 1024 αὐτόν’
737 972 786 1024 οἱ
815 967 874 1024 δὲ
914 979 1181 1044 συγγενεῖς
1210 965 1464 1027 Ἰουδαῖοι
1501 968 1690 1042 μᾶλλον

150 1063 380 1130 ἐρχόμενον
400 1062 526 1132 πρὸς
547 1059 733 1120 αὐτοὺς
762 1056 974 1113 ἐδίωκον
1013 1059 1188 1114 αὑτὸν.

208 1154 288 1201 Καὶ
328 1145 424 1201 εἷπε
482 1181 549 1189 -
616 1149 762 1222 εἶχον
835 1152 1118 1222 μάστιγας.
1168 1182 1236 1191 -
1313 1156 1683 1224 Προσκαρτερῇ

153 1236 258 1308 (32),
281 1239 372 1290 ἀντὶ
414 1244 524 1306 τοῦ,
555 1237 832 1313 Ὑπηρετῇ.
865 1238 1074 1311 Ἔμελλε
1093 1241 1214 1314 γὰρ,
1247 1237 1408 1312 ἕμϐἁς
1437 1237 1506 1300 εἰς
1534 1237 1682 1305 αὐτὸ,

149 1330 207 1396 μὴ
247 1326 558 1399 ἐνοχλεῖσθαι.
603 1326 788 1400 Θλίψιν
828 1324 888 1382 δε
928 1333 1028 1382 νόει
1076 1335 1184 1392 νῦν,
1238 1333 1332 1388 τὴν
1379 1327 1681 1401 Σύσφιγξιν·

143 1416 368 1488 Μάστιγας
397 1411 470 1483 δέ,
502 1421 596 1478 τὰς
615 1421 820 1481 νόσους.

196 1510 278 1558 Καὶ
343 1508 403 1558 τὰ
466 1509 740 1580 πνεύματα
815 1537 886 1549 -
968 1511 1284 1566 ποιήσωσιν.

135 1597 209 1652 τὴν
258 1596 378 1646 Θείαν
427 1591 652 1668 δύναμιν
721 1597 769 1648 οἱ
828 1592 1092 1669 δαίμονες,
1170 1600 1520 1671 προσέπιπτον
1592 1601 1683 1650 καὶ

133 1681 416 1756 investigat-rev
485 1686 642 1738 αὐτὸν
699 1687 819 1739 ria»
874 1693 964 1740 τοῦ
1011 1693 1164 1740 Θεοῦ⁵
1213 1693 1363 1740 τοῦτο
1425 1690 1515 1760 μεν
1586 1690 1681 1745 τὴν

1363 1507 1685 1580 Ἐπιγνὸντες

131 1774 350 1845 ὑποταγὴν
377 1771 653 1836 δηλοῦντες
701 1781 790 1828 καὶ
838 1776 1062 1841 ἄκοντες,
1117 1783 1270 1828 τοῦτο
1323 1771 1383 1828 δε
1426 1786 1514 1828 καί
1552 1777 1678 1849 ὑπὲρ
1716 1781 1758 1836 Β

127 1869 198 1913 τοῦ
218 1867 279 1933 μὴ
307 1861 692 1936 βασανισθῆναι
715 1861 967 1937 δεόμενοι.
998 1865 1338 1938 Ἐπεστόμιζε
1368 1861 1428 1918 δε
1466 1865 1676 1934 αὐτούς,

127 1950 192 2001 ἱνα
208 1955 289 2021 μὴ,
322 1957 525 2025 φανερὸν
551 1953 708 2007 αὐτὸν
735 1958 1064 2020 ποιήσαντες,
1095 1952 1337 2026 ἀνάψωσι
1366 1957 1452 2006 τὸν
1495 1956 1676 2028 φθόνον

122 2047 198 2090 τῶν
216 2037 463 2094 Ἰουδαίων
474 2087 488 2101 ,

172 2135 380 2188 Ζήτησὸν
430 2128 489 2184 δε
543 2136 632 2184 καὶ
685 2131 734 2184 ἄν
791 2134 937 2206 ἀρχῇ
988 2140 1081 2186 τοῦ
1133 2137 1342 2207 πρώτου
1393 2131 1670 2206 κεφαλαίου

118 2213 254 2288 [διατί
311 2219 416 2292 (33)
477 2222 766 2295 ἐπετίμησε
803 2231 877 2295 τῷ
933 2221 1212 2298 ἀκαθάρτῳ
1255 2224 1530 2295 πνεύματι,
1581 2227 1670 2277 καὶ

115 2307 310 2376 εὑρήσεις
361 2310 510 2373 αὖθις
564 2310 740 2385 ἐτέρας
794 2311 982 2374 αἰτίας.
1034 2311 1192 2364 Ἀλλὰ
1241 2317 1332 2364 καὶ
1381 2311 1430 2363 ἕν
1486 2321 1558 2384 τῷ
1603 2312 1669 2365 εἱ-

111 2403 249 2466 κοστῷ
266 2404 442 2471 πρώτῳ
462 2399 751 2474 κεφαλαίῳ]
779 2409 871 2454 τοῦ
901 2404 1038 2454 κατὰ
1070 2401 1338 2455 Ματθαίον
1389 2399 1600 2474 ἕπετίμη
1611 2421 1668 2456 σε

111 2493 194 2546 τοῖς
228 2486 410 2558 ὄχλοις,
453 2489 541 2542 ἱνα
588 2494 662 2562 μὴ
708 2494 921 2566 φανερὸν
988 2491 1141 2545 αὐτον
1197 2495 1484 2550 ποιήσωσι.
1564 2496 1666 2546 Καὶ

111 2572 300 2633 ζήτησον
323 2575 470 2632 κάκεῖ
486 2583 587 2639 τήν
625 2579 898 2652 ἐξήγησιν,

292 2723 433 2777 ΚΕΦ.
466 2721 546 2778 Η’.
579 2727 704 2799 Περὶ
727 2731 816 2785 τῆς
835 2721 1052 2796 ἐκλογῆς
1079 2744 1180 2779 των
1202 2719 1432 2783 δώδεκα.

165 2829 246 2878 Καὶ
297 2825 556 2883 ἀναϐαίνει
627 2861 695 2870 -
751 2827 1018 2904 δαιμόνια.
1091 2837 1296 2894 Λουκᾶς
1369 2828 1429 2886 δε
1505 2852 1662 2906 φησιν

106 2913 167 2964 ὅτι
214 2915 433 2979 Ἐξῆλθεν
487 2919 564 2982 εἰς
625 2923 683 2972 τὸ
759 2924 876 2996 ὄρος
944 2921 1356 2994 προσεύξασθαι,
1431 2926 1520 2975 καὶ
1598 2923 1661 2982 ἦν

105 2996 463 3081 διανυκτερεύων
540 3007 593 3062 ἐν
663 3017 726 3083 τῇ
807 3019 1082 3084 προσευχῇ
1158 3018 1251 3066 τοῦ
1322 3019 1476 3068 Θεοῦ.
1560 3017 1660 3066 Καὶ

1813 520 2352 595 TransJordanem,
2370 530 2428 585 id
2442 536 2551 596 est,
2567 534 2668 604 qui
2688 532 3048 591 habitabant
3069 536 3224 594 ultra
3254 538 3470 595 Jorda-

1805 624 1963 668 nem.
1983 615 2173 670 Secuti
2193 624 2331 674 sunt
2352 627 2549 676 autem
2578 622 2930 695 :hiquidem
2950 624 3272 696 languidos
3306 627 3470 685 defe-

1802 706 1998 756 rentes
2021 721 2037 773 ;
2073 703 2311 762 illivero
2331 711 2396 763 ut
2420 709 2529 782 ipsi
2545 710 2794 767 salutem
2823 722 3348 786 consequerentur,
3365 721 3468 772 aut

1803 788 2382 852 miraculaviderent.
2404 801 2516 853 Nec
2529 800 2637 855 soli
2655 801 2901 868 Hebraei,
2916 819 3126 860 verum
3139 805 3314 861 etiam
3328 805 3465 862 alie-

1800 877 2030 946 nigena:
2056 881 2322 940 Idumaei.
2353 886 2534 958 Tyrii,
2563 893 2621 943 et
2649 889 2897 945 Sidonii.
2929 891 3292 965 Alienigenee
3318 909 3462 965 ergo

1801 968 2118 1028 veniebant
2132 973 2212 1029 ad
2235 987 2397 1038 eum,
2423 976 2663 1046 cognati
2684 993 2823 1036 vero
2838 979 3028 1036 Judaei
3045 980 3126 1037 ad
3143 996 3206 1038 se
3221 983 3461 1040 venien-

1799 1059 1916 1113 tem
1947 1059 2142 1130 magis
2170 1063 2707 1136 persequebantur.

1871 1149 2031 1203 Vers.
2071 1153 2122 1205 9.
2162 1151 2239 1206 Et
2277 1151 2433 1210 dixit
2463 1183 2532 1194 —
2561 1155 2719 1212 Vers.
2756 1157 2845 1213 10.
2878 1154 3348 1228 inﬁrmabantur.
3391 1160 3462 1218 Ut

1796 1234 1909 1292 sibi
1931 1235 2272 1312 deserviret,
2300 1240 2378 1299 ad
2419 1243 2872 1303 ascendendum
2909 1244 2973 1303 in
3011 1245 3282 1316 illam,ne
3319 1262 3460 1307 eum

1795 1324 2122 1386 turbarent.

1863 1539 2030 1597 Vers.
2066 1543 2154 1608 11,
2180 1541 2446 1613 Spiritus
2471 1559 2704 1617 quoque
2741 1576 2812 1588 —
2849 1545 3014 1604 Vers.
3052 1547 3136 1604 I2.
3160 1549 3451 1620 facerent.

1793 1628 1940 1685 Cum
1959 1630 2226 1688 divinam
2247 1632 2298 1704 ej
2310 1649 2377 1690 us
2391 1634 2718 1706 potentiam
2733 1637 3452 1708 cognovissentdasmones

1790 1719 2178 1790 procidebant
2199 1736 2269 1777 ac
2298 1722 2710 1794 praedicabant
2734 1741 2873 1782 eum
2903 1741 3032 1783 esse
3060 1726 3164 1783 Dei
3189 1727 3399 1786 Filium
3431 1745 3447 1786 :

1789 1807 1936 1864 illud
1971 1810 2240 1882 quidem,
2281 1811 2601 1884 imperium
2632 1813 2788 1870 illius
2828 1815 3302 1885 manifestando;
3333 1818 3450 1876 hoc

1789 1903 2008 1960 autem.
2033 1915 2107 1956 ne
2127 1916 2190 1956 se
2214 1905 2516 1972 torqueret
2539 1901 2942 1975 deprecando.
2970 1902 3283 1963 Silentium
3304 1921 3448 1978 ergo

1784 1985 1896 2042 illis
1917 1987 2288 2059 imponebat,
2311 2005 2386 2047 ne
2417 2006 2478 2046 se
2503 1990 2887 2049 manifestum
2907 1991 3191 2060 facerent,
3211 1994 3449 2054 Iudaeo-

1782 2089 1919 2131 rum
1949 2075 2240 2133 invidiam
2268 2078 2640 2136 accedentes.

1853 2166 2062 2232 Quaere
2106 2170 2306 2224 autem
2335 2167 2394 2222 in
2435 2166 2722 2240 principio
2764 2168 2943 2242 primi
2983 2168 3211 2244 capitis,
3254 2187 3441 2245 quare

1778 2254 2097 2313 immundo
2126 2256 2359 2329 spiritui
2385 2255 2462 2314 sit
2477 2256 2913 2323 interminatus,
2936 2263 2994 2316 et
3010 2258 3158 2316 alias
3172 2259 3438 2320 invenies

1777 2360 1994 2402 causas
2020 2361 2034 2412 ;
2067 2346 2171 2402 sed
2203 2350 2261 2403 et
2278 2345 2569 2403 vicesimo
2584 2347 2778 2419 capite
2788 2347 3316 2419 juxtaMattbaium
3344 2351 3438 2408 in-

1774 2435 2134 2493 terminatus
2166 2440 2254 2495 est
2283 2436 2470 2494 turbis
2501 2452 2578 2495 ne
2608 2453 2671 2495 se
2690 2438 3077 2499 manifestum
3097 2439 3434 2514 facerent",

1773 2539 1972 2598 quaere
2000 2525 2078 2584 ibi
2109 2541 2343 2600 quoque
2369 2528 2836 2587 enarrationem.

2022 2741 2172 2797 CAP.
2204 2739 2343 2797 VIII.
2362 2740 2445 2800 De
2466 2739 2741 2800 electione
2761 2743 3178 2814 apostolorum.

1844 2848 2001 2904 Vers.
2035 2846 2122 2903 13.
2155 2847 2233 2904 Et
2270 2847 2528 2906 ascendit
2555 2879 2624 2890 -
2653 2850 2812 2905 Vers.
2845 2849 2934 2906 15.
2975 2848 3288 2908 daemonia.
3318 2852 3432 2910 Lu-

1770 2950 1872 2992 cas
1895 2940 2094 2993 autem
2113 2936 2274 3002 dicit,
2289 2936 2454 3010 quod
2471 2937 2646 2994 exivit
2669 2937 2728 2993 in
2739 2943 2990 2997 montem
3007 2939 3086 2994 ad
3099 2941 3426 3012 orandum;

1767 3032 1821 3080 et
1852 3031 1980 3082 erat
2007 3033 2358 3095 pernoctans
2380 3025 2444 3082 in
2475 3028 2729 3085 oratione
2764 3028 2888 3084 Dei.
2933 3029 3201 3102 Cumque
3231 3030 3429 3102 factus

103 3090 165 3140 ὅτι
231 3091 404 3164 ivbare
486 3099 684 3172 ἡμέρα,
765 3106 1134 3174 προσεφώνησε
1212 3104 1335 3163 τοὺς
1416 3103 1658 3175 μαθητὰς

1850 3121 1910 3170 τρε
1933 3090 2074 3180 dies,
2099 3114 2401 3172 advocavit
2429 3115 2745 3185 discipulos
2769 3133 2923 3184 suos,
2949 3125 3002 3175 et
3021 3090 3184 3190 elegit
3205 3090 3429 3179 duode-

102 3177 242 3250 αὑτοῦ,
305 3191 389 3238 καὶ
454 3185 786 3260 ἐκλεξάμενος
863 3187 952 3241 ἀπ’
1023 3189 1187 3242 αὐτῶν
1259 3186 1488 3258 δώδεκα,
1567 3191 1654 3256 οὓς

99 3272 165 3318 καὶ
207 3268 511 3338 ἀποστόλους
580 3277 839 3350 ὠνόμασε,
896 3283 987 3331 καὶ
1061 3282 1126 3331 τὰ
1182 3279 1318 3342 ἑξῆς.
1396 3285 1654 3334 Διενυκτί-

97 3371 216 3424 psus:
246 3363 338 3433 γὰρ
386 3363 434 3416 ἐν
481 3374 546 3439 τῇ
604 3376 903 3440 προσευχῇ,
936 3376 998 3441 τῇ
1043 3372 1169 3442 πρὸς
1209 3373 1354 3436 Θεὸν,
1390 3367 1652 3423 παιδεύων

101 3445 226 3517 ἡμᾶς,
273 3453 387 3504 ὅταν
436 3457 560 3508 τινὰ
617 3457 726 3525 (34)
773 3457 1153 3532 προκαλλεσθαι
1197 3458 1475 3532 μέλλωμεν,
1535 3457 1653 3514 δια-

97 3543 360 3611 νυκτερεύειν
410 3550 896 3618 προσευχομένους,
956 3548 1038 3600 ἵνα
1078 3549 1103 3599 ὁ
1143 3548 1289 3611 ἄξιος
1336 3551 1460 3622 ἡμῖν
1510 3571 1650 3622 γνω-

95 3628 238 3697 ρισθῇ,
285 3637 371 3684 καὶ
420 3638 494 3705 μὴ
557 3641 951 3708 κοινωνήσωμεν
1019 3635 1309 3710 ἀλλοτρίαις
1347 3637 1645 3712 ἁμαρτίαις.

97 3708 336 3778 ἐξιλέξατο
413 3718 473 3774 δί
555 3721 612 3774 ἐκ
681 3726 882 3776 πάντων
947 3733 1048 3777 τῶν
1112 3728 1500 3781 πιστευσάντων
1578 3728 1649 3792 εἰς

93 3800 233 3872 rites,
286 3807 371 3872 οὓς
445 3811 620 3875 ἤθελε,
685 3809 918 3882 δηλαδὴ,
1001 3819 1124 3876 τοὺς
1196 3815 1646 3891 ἀξιολογωτέρους.

94 3886 313 3955 ἐπελέξατο
368 3896 427 3952 δε
465 3902 560 3953 καὶ
610 3899 815 3955 Ἰούδαν
866 3906 952 3956 τὸν
1005 3903 1368 3980 Ἰσκαριώτην,
1436 3909 1507 3969 ὡς
1551 3927 1646 3967 τη-

89 3989 268 4036 νικαῦτα
317 3989 488 4042 καλὸν·
561 3987 788 4057 δεικνὺς,
844 3993 925 4045 ὅτι
974 3999 1248 4068 προσίεται
1311 3998 1396 4048 τὸν
1467 3998 1642 4072 καλὸν,

88 4071 244 4143 μέχρις
290 4075 346 4127 ἂν
396 4083 617 4148 γένηται
682 4084 860 4149 κακὸς,
933 4082 978 4135 εἰ
1035 4089 1124 4137 καὶ
1182 4090 1531 4157 προγινώσκει
1584 4089 1643 4138 τὸ

87 4156 248 4229 uales,
277 4171 362 4218 καί
385 4167 480 4220 οὐκ
503 4167 609 4221 διπό
636 4177 726 4230 τῆς
746 4170 818 4232 εἰς
839 4171 1054 4247 ὕστερον
1073 4178 1263 4235 κακίας
1285 4173 1643 4247 ἀποπέμπεται

85 4250 152 4296 τὸν
191 4252 269 4323 ἇρι
309 4256 482 4309 καλόνο
516 4257 650 4311 ἀλλὰ
699 4258 800 4312 ἀπὸ
829 4269 924 4324 τῆς
971 4269 1059 4314 νῦν
1107 4261 1311 4338 ἀρετῆς,
1362 4265 1643 4318 οἰκειοῦται

86 4342 150 4385 τον
174 4342 236 4400 εἰς
257 4342 463 4418 ὕστερον
489 4351 737 4422 πονηρόν.

139 4425 383 4491 Ἐξουσίαν
429 4433 490 4490 δε
518 4442 647 4505 νόει,
697 4443 791 4498 τὴν
837 4435 1059 4514 δύναμιν
1095 4449 1192 4495 τοῦ
1231 4445 1524 4519 θεραπεύειν
1553 4447 1642 4507 τὰς

84 4514 230 4577 ὶῐὸθὀυς
256 4527 339 4574 καὶ
367 4523 633 4578 ἐκϐάλλειν
663 4530 728 4580 τὰ
773 4525 1042 4602 δαιμόνια.
1091 4531 1217 4585 Εἶτα
1265 4532 1400 4606 λέγει
1442 4540 1530 4588 καὶ
1579 4538 1644 4591 τὰ

82 4599 270 4673 Wst-ara
290 4607 380 4664 διὰ
402 4619 528 4678 τοὺς
553 4613 1035 4687 ψευδαποστόλους.

139 4832 221 4881 Καὶ
263 4832 473 4895 ἕπέθηκε
534 4870 602 4880 —
663 4844 872 4916 Πέτρον.
935 4846 1036 4896 Καὶ
1087 4849 1190 4916 μὴν
1259 4844 1308 4897 ἐν
1366 4855 1438 4918 τῷ
1508 4853 1641 4903 κατὰ

82 4917 262 4978 hlium
336 4926 636 5000 Εὐαγγελίῳ
709 4932 1051 5004 μανθάνομεν,
1128 4935 1226 5001 ὅτι,
1293 4937 1376 4989 ὅτε
1437 4947 1638 5012 πρῶτον

81 5002 330 5082 ὁὰδελφὸς
385 5016 554 5068 αὐτοῦ
603 5015 848 5094 Ἀνδρέας
915 5002 1107 5094 ἤ-γαγεν
1160 5023 1316 5077 αὐτὸν
1374 5002 1501 5099 πρὸξ
1551 5032 1638 5081 τόν

81 5092 267 5182 Ἰησοῦν,
320 5109 433 5157 τότε
491 5104 752 5179 ἐμϐλέψας
804 5109 944 5181 αὐτῷ
1017 5113 1042 5163 ὁ
1105 5113 1330 5182 Ἰασοῦς,
1383 5115 1508 5170 εἶπε·
1571 5121 1637 5171 Σύ

80 5177 115 5231 ιῖ
151 5192 315 5259 Istius,
368 5195 394 5244 ὁ
467 5177 580 5259 νὶγός
644 5177 807 5268 Ἰωνᾶ,
1012 5199 1253 5277 κληθήσῃ
1333 5210 1534 5278 Κηφᾶς,
1610 5209 1637 5262 ὃ

132 5335 171 5370 ⁸³
195 5337 375 5399 Matth.
416 5360 524 5410 xu,
556 5350 640 5403 16.
675 5347 723 5384 ἰδ
755 5349 888 5407 Luc.
913 5365 994 5420 vr,
1025 5355 1112 5417 t2,
1145 5352 1232 5409 13.
1266 5354 1314 5391 ⁴⁴
1341 5356 1516 5414 Joan.
1545 5373 1586 5416 ι.
1614 5361 1705 5416 42.

1764 3204 1877 3260 cim
1908 3219 1979 3260 ea:
2001 3205 2101 3271 eis,
2135 3221 2278 3277 quos
2303 3210 2356 3262 et
2379 3206 2670 3274 apostolos
2695 3206 3022 3264 nominavit
3049 3209 3123 3275 ⁴³,
3155 3213 3263 3265 etc.
3298 3210 3427 3268 Per-

1761 3294 2042 3350 noctabat
2080 3293 2242 3350 enim
2297 3294 2356 3350 in
2399 3294 2665 3350 oratione
2720 3293 2799 3350 ad
2848 3297 3071 3352 Deum:
3119 3297 3422 3356 instruens

1759 3398 1889 3448 nos,
1917 3387 1980 3440 ut
2004 3384 2052 3439 si
2087 3383 2336 3457 quando
2365 3383 2624 3456 aliquem
2665 3382 2906 3440 electuri
2943 3401 3178 3451 sumus,
3200 3386 3262 3443 in
3292 3403 3422 3446 ora-

1760 3473 1918 3530 tione
1936 3479 2373 3547 pernoctemus,
2390 3489 2512 3546 quo
2527 3473 2578 3529 is
2601 3472 2702 3545 qui
2716 3471 2940 3544 dignus
2957 3479 3046 3531 est
3064 3474 3417 3546 innotescat,

1759 3575 1833 3619 ne
1860 3563 2377 3620 communicemus
2399 3561 2656 3635 peccatis
2669 3561 2899 3618 alienis.
2926 3561 3116 3634 Elegit
3131 3569 3330 3622 autem
3346 3581 3421 3623 ex

1757 3653 2036 3709 omnibus
2074 3651 2452 3710 credentibus
2489 3651 2550 3708 in
2589 3650 2790 3724 ipsum
2828 3667 2979 3725 quos
3016 3653 3224 3720 voluit,
3270 3660 3420 3728 puta

1757 3740 2078 3814 digniores.
2107 3741 2290 3813 Elegit
2317 3741 2458 3799 item
2487 3745 2540 3798 et
2567 3741 2594 3798 J
2602 3739 2783 3797 udam
2813 3740 3172 3810 lscariotem,
3219 3747 3282 3800 ut
3311 3744 3417 3817 qui

1758 3835 1898 3888 tunc
1934 3831 2125 3887 bonus
2175 3837 2334 3898 erat;
2378 3829 2702 3888 ostendens
2748 3844 2811 3886 se
2861 3828 3092 3888 bonum
3135 3831 3414 3908 recipere,

1755 3919 1945 3977 donec
1961 3921 2157 3976 malus
2173 3920 2480 3977 efﬁciatur.
2500 3921 2566 3976 Et
2584 3935 2938 3992 quanquam
2965 3925 3418 3993 praecognoscat

1753 4009 1916 4080 quod
1945 4010 2211 4066 futurum
2240 4014 2346 4075 est,
2371 4024 2490 4066 non
2521 4013 2724 4065 tamen
2754 4008 2834 4065 ob
2863 4008 3128 4067 futuram
3155 4013 3414 4084 pravita-

1754 4102 1872 4153 tem
1898 4113 2037 4154 eum
2067 4098 2304 4170 abjecit,
2336 4099 2438 4171 qui
2476 4113 2635 4154 nunc
2661 4098 2856 4154 bonus
2894 4104 3000 4165 est,
3033 4099 3139 4155 sed
3169 4107 3413 4174 propter

1752 4185 2027 4244 virtutem
2041 4193 2390 4259 prmsentem
2408 4187 2524 4243 sibi
2539 4185 2896 4244 familiarem
2908 4186 3222 4246 facitillum
3239 4191 3412 4246 etiam

1751 4275 1856 4347 qui
1879 4275 2078 4333 malus
2116 4276 2347 4333 futurus
2373 4280 2484 4333 est.

1674 4489 1721 4546 D
1822 4493 2183 4549 Potestatem
2213 4504 2356 4546 vero
2379 4486 2652 4559 intelligit
2678 4485 2961 4544 virtutem
3000 4485 3408 4547 curandarum

1751 4581 2169 4655 mgritudinum
2187 4577 2742 4652 ejiciendorumque
2771 4575 3139 4633 daemonum.
3183 4576 3408 4636 Deinde

1748 4677 1990 4745 propter
2003 4669 2186 4727 falsos
2199 4667 2530 4742 apostolos,
2549 4665 2796 4723 nomina
2813 4681 3056 4740 quoque
3077 4666 3246 4740 ponit
3263 4682 3408 4741 apo-

1751 4761 2058 4818 stolorum.

1819 4850 1978 4906 Vers.
2009 4850 2098 4906 16.
2129 4848 2204 4903 Et
2224 4848 2504 4918 imposuit
2523 4875 2592 4887 —
2611 4845 2834 4902 Petrus.
2859 4845 3036 4918 Atqui
3061 4845 3122 4902 in
3143 4847 3406 4918 Evange-

1746 4938 1826 4996 lio
1842 4939 2010 5009 juxta
2031 4938 2322 4994 Joannem
2344 4936 2656 5002 discimus,
2678 4933 2844 5008 quod
2866 4933 3115 5007 quando
3137 4934 3402 5006 primum

1747 5027 1924 5084 frater
1953 5027 2082 5099 ejus
2109 5027 2371 5082 Andreas
2397 5025 2566 5082 duxit
2589 5024 2757 5081 illum
2785 5023 2861 5082 ad
2891 5024 3119 5091 Jesum,
3151 5023 3402 5081 intuitus

1747 5132 1885 5173 eum
1915 5117 2084 5172 Jesus
2115 5115 2261 5172 dixit
2288 5132 2300 5170 :
2343 5115 2428 5171 Tu
2453 5130 2511 5172 es
2537 5114 2735 5172 Simon
2758 5114 2925 5186 ﬁlius
2944 5113 3118 5183 Jona,
3142 5120 3207 5170 tu
3233 5128 3398 5172 voca-

1750 5206 1902 5264 beris
1915 5205 2152 5277 Cephas,
2177 5205 2334 5278 quod
2348 5211 2450 5273 est,
2473 5205 2522 5262 si
2534 5204 2657 5278 quis
2671 5203 3092 5276 interpretetur
3101 5204 3314 5262 Petrus
3327 5202 3396 5261 “.

1247 5481 1470 5551 Variae
1503 5483 1828 5552 lectiones
1869 5491 1936 5552 et
1963 5489 2166 5552 notas.

250 5611 548 5691 yultabic
567 5614 782 5691 desunt
810 5617 974 5691 apud
1007 5620 1387 5691 Hentenium.

132 5679 226 5749 133)
246 5682 378 5747 Qua
391 5685 489 5742 hic
509 5685 746 5745 inclusa
767 5679 931 5756 sunt,
955 5690 1298 5752 exciderant
1317 5679 1388 5752 et
1409 5695 1547 5754 cod.
1565 5696 1637 5766 A,

1747 5625 1826 5682 ob
1853 5623 2271 5697 repetitionem
2301 5629 2413 5696 τοῦ,
2444 5625 2544 5697 τοῦ.
2573 5623 2780 5696 πρώτου
2815 5639 2929 5696 κεφ.

1816 5692 1942 5770 (34)’
1964 5697 2254 5756 Nimirum
2295 5692 2426 5774 ἱερέα
2460 5696 2492 5756 ἢ
2525 5692 2804 5749 ἕπίσκοπον
