3922 6200
472 255 573 313 791

1823 238 2172 303 EUTHYMII
2223 237 2561 301 ZIGABENI

3408 52 3913 179 ,τ

3729 246 3821 303 792

475 379 802 439 Verisimile
819 382 908 435 est
923 392 1065 447 ergo
1077 378 1217 434 tunc
1236 374 1478 442 dixisse,
1497 373 1841 432 vocandum
1859 386 1994 429 esse
2018 369 2127 425 Pe-

2280 372 2566 439 ’μηνεύεται
2615 374 2827 445 Πέτρος.
2896 370 3041 431 Εἰκὸς
3090 370 3177 422 οὖν
3227 374 3338 423 τότε
3381 372 3472 441 μὲν
3533 368 3710 433 εἰπεῖν,
3757 371 3822 421 ότι

478 476 655 536 trum,
700 484 860 525 nunc
900 475 1099 523 autem
1130 481 1345 522 vocare
1370 481 1510 520 eum
1549 466 1805 521 Petrum.

548 562 749 623 Quaere
790 562 989 611 autem
1044 556 1277 611 decimo
1327 570 1489 609 nono
1542 555 1735 626 capite
1779 552 1950 623 juxta
1988 552 2125 607 Mat-

478 649 697 703 thaeum
720 645 1153 717 expositionem
1172 645 1634 699 enumerationis
1649 642 1963 697 nominum
1982 639 2126 694 duo-

476 736 664 793 decim
692 734 1121 807 apostolorum,
1156 739 1212 790 et
1236 733 1441 791 omnia
1470 748 1579 788 suo
1606 732 1874 788 invenies
1895 730 2123 795 ordine,

550 953 713 1007 Vers.
746 952 834 1006 17.
867 950 945 1004 Et
974 948 1251 1005 Iacobum
1276 948 1611 1018 —fratrem
1645 946 1863 1003 Jacobi.
1887 949 1933 1002 Α
1967 962 2130 1003 com-

478 1040 649 1097 muni
680 1054 1013 1109 cognomen
1042 1038 1349 1094 asciscitur
1376 1052 1389 1091 :
1424 1042 1479 1092 et
1507 1040 1750 1109 propter
1778 1052 1880 1092 eos
1911 1037 2018 1108 qui
2042 1050 2129 1093 se-

480 1133 746 1202 quuntur
774 1129 887 1184 hoc
926 1128 1272 1184 assumitur.

555 1222 716 1275 Vers.
755 1219 835 1273 Et
860 1217 1125 1290 imposuit
1155 1247 1223 1257 —
1256 1216 1513 1272 tonitrui.
1542 1216 1701 1272 Sicut
1730 1215 1884 1271 Illius
1915 1215 2132 1288 iniqui-

481 1309 618 1365 tatis
643 1307 856 1363 dicitur
889 1308 992 1379 qui
1030 1306 1270 1378 iniquus
1310 1310 1435 1361 est:
1471 1310 1528 1361 et
1563 1305 1719 1360 ﬁlius
1758 1305 2127 1377 perditionis,

482 1397 754 1471 perditus
783 1415 795 1463 ;
830 1400 887 1451 et
915 1396 1073 1451 ﬁlius
1096 1395 1285 1466 pacis,
1314 1394 1634 1467 paciﬁcus:
1663 1394 1745 1451 ita
1766 1410 2007 1467 quoque
2029 1394 2132 1451 ﬁlii

484 1485 728 1543 tonitrui
756 1486 859 1558 qui
888 1489 1097 1540 tonant
1130 1501 1143 1540 :
1186 1488 1475 1556 tanquam
1517 1486 1839 1540 tonitruum
1860 1486 2020 1540 enim
2059 1485 2133 1539 de

485 1576 635 1632 coelo
667 1575 961 1640 auditum,
994 1574 1054 1629 bi
1083 1573 1282 1629 divina
1307 1578 1587 1629 tonarunt
1617 1574 1906 1644 dogmata
1932 1591 1944 1641 ;
1966 1575 2135 1629 Jaco-

485 1665 601 1721 bus
621 1664 867 1735 quidem
884 1664 1008 1719 sine
1028 1664 1338 1734 scriptura,
1358 1663 1619 1719 Joannes
1636 1679 1772 1719 vero
1795 1663 2133 1727 scribendo,

488 1754 829 1823 Boanerges
859 1758 1057 1809 autem
1084 1752 1434 1808 Hebraicum
1460 1768 1682 1808 nomen
1713 1756 1819 1819 est,
1848 1753 2137 1826 quemad-

485 1844 741 1901 modum
782 1847 839 1898 et
879 1842 1127 1913 Cephas.

562 1934 726 1989 Vers.
758 1933 845 1986 18.
877 1934 955 1987 Et
976 1931 1271 1987 Andream
1299 1962 1367 1970 -—
1398 1931 1565 1989 Vers.
1593 1934 1678 1989 19.
1712 1932 1907 1989 illum.
1939 1934 2018 1989 De
2047 1932 2141 1989 his

491 2022 771 2079 omnibus
798 2021 1022 2076 dictum
1063 2024 1152 2076 est
1180 2020 1467 2092 praedicto
1492 2020 1726 2079 decimo
1756 2037 1917 2080 nono
1948 2023 2141 2094 capite

485 2112 662 2183 juxta
694 2110 1058 2165 Matthasum.

560 2220 721 2273 Vers.
752 2220 841 2273 20.
858 2216 931 2271 Et
949 2216 1191 2272 veniunt
1210 2245 1269 2259 -—
1289 2216 1671 2275 manducare.
1695 2219 1763 2276 In
1782 2218 2030 2276 domum
2046 2235 2142 2276 cu-

488 2305 733 2379 jusdam
773 2304 985 2369 ﬁdelis,

563 2396 826 2449 Vers.2t.
854 2394 1074 2449 Etcum
1088 2393 1475 2451 audissent—
1501 2411 1644 2452 eum.
1662 2396 1807 2453 Cum
1834 2396 2145 2455 audissent

492 2483 804 2540 domestici
828 2484 957 2553 ejus
980 2482 1231 2539 multam
1254 2485 1849 2553 convenireturbam,
1874 2488 2145 2543 exierunt

491 2578 557 2629 ut
586 2589 724 2629 eum
756 2572 1117 2637 cohiberent,
1147 2589 1216 2628 ac
1246 2574 1634 2646 prohiberent
1653 2591 1727 2631 ne
1758 2577 2017 2649 amplius
2044 2593 2141 2633 sa-

490 2667 678 2719 naret.
721 2662 999 2741 Fortassis
1025 2667 1225 2719 autem
1256 2668 1423 2720 erant
1460 2664 1522 2721 hi
1560 2665 1771 2721 fratres
1796 2681 1867 2721 ex
1904 2667 2140 2739 Joseph,

492 2756 598 2809 aut
636 2751 783 2808 alias
816 2750 1076 2822 cognati.

563 2859 727 2916 Vers.
769 2861 857 2914 21.
890 2859 1167 2916 Dicebant
1191 2892 1256 2902 —
1286 2861 1349 2917 in
1380 2877 1641 2919 exessum
1678 2879 1875 2920 versus
1906 2869 2004 2921 est.
2048 2866 2142 2921 Di-

496 2948 711 3005 cebant
725 2948 976 3021 quidam
990 2949 1195 3015 invidi,
1219 2950 1383 3022 quod
1396 2951 1708 3023 desiperet,
1725 2954 1867 3025 quia
1881 2970 1942 3009 se
1956 2960 2145 3011 totum

496 3038 575 3094 ad
601 3038 837 3094 dandas
868 3038 1147 3095 sanitates
1178 3040 1502 3098 tradiderat
1535 3064 1546 3095 :
1580 3042 2012 3099 humanitatem
2041 3045 2147 3100 du-

494 3132 695 3183 centes
710 3126 989 3197 furorem,
1015 3134 1071 3184 et
1092 3128 1561 3185 misericordiam
1587 3131 1871 3187 facientes
1900 3134 2141 3188 crimen.

495 3220 565 3275 Et
599 3234 737 3274 vere
784 3216 849 3297 hi
903 3219 1303 3275 insaniebant.
1348 3221 1439 3277 Sic
1490 3236 1631 3291 ergo
1670 3222 2013 3292 intelligitur
2049 3223 2145 3279 hic

496 3324 715 3378 sermo,
748 3308 911 3381 quod
940 3308 1208 3364 exierunt
1237 3309 1347 3374 sui,
1377 3316 1437 3366 ut
1467 3310 1848 3383 prohiberent
1875 3328 2035 3368 eum.

564 3398 677 3453 Alii
718 3412 857 3453 vero
897 3414 1032 3470 quae
1072 3398 1231 3454 dicta
1274 3404 1414 3455 sunt
1454 3399 1621 3455 aliter
1663 3401 2143 3473 interpretantur,

495 3488 661 3561 quod
690 3488 961 3544 exierunt
990 3488 1082 3544 sui
1110 3492 1174 3544 ut
1201 3492 1471 3548 tenerent
1500 3506 1636 3545 eum
1666 3506 1739 3545 ne
1765 3491 2103 3547 discederet
2129 3513 2143 3548 :

495 3577 944 3634 dicebantenim
966 3577 1407 3650 quidam,quod
1429 3578 1775 3635 excessisset
1797 3580 1919 3636 sive
1932 3581 2147 3637 disces-

497 3666 669 3721 sisset
698 3682 734 3722 a
773 3682 834 3721 se
872 3672 1109 3737 propter
1140 3666 1395 3723 turbam.

567 3754 691 3821 Vel,
726 3754 991 3810 exierunt
1020 3759 1080 3810 ut
1116 3760 1379 3811 tenerent
1416 3772 1553 3813 cum
1580 3756 1703 3813 sive
1741 3758 2100 3829 adjuvarent
2132 3776 2147 3828 ;

498 3843 780 3900 dicebant
795 3844 954 3899 enim
968 3844 1131 3915 quod
1153 3846 1510 3902 excessisset
1527 3846 1651 3903 sive
1669 3847 1992 3905 dissolutus
2004 3854 2152 3906 esset

499 3949 537 3992 a
574 3933 777 4004 vigore
810 3932 1077 4005 corporis
1117 3950 1238 4005 prie
1269 3935 1455 3991 nimio
1494 3936 1719 3992 labore.

572 4023 740 4079 Vers.
770 4026 856 4079 22.
883 4024 1107 4079 Scriba:
1143 4023 1316 4079 etiam
1348 4057 1415 4065 —
1438 4025 1742 4082 daemonia.
1780 4030 1893 4083 Hoc
1925 4032 1981 4083 et
2014 4029 2153 4085 Pha-

500 4113 657 4170 riswi
696 4111 975 4169 dicebant
1014 4112 1294 4168 vicesimo
1335 4115 1787 4186 secundojuxta
1810 4117 2153 4174 Matthaaum

501 4203 733 4276 capite;
760 4207 816 4260 et
853 4202 935 4259 ibi
973 4218 1174 4275 quaere
1200 4203 1653 4275 expositionem.

573 4430 735 4485 Vers.
763 4432 850 4486 23.
878 4427 1088 4497 Quibus
1106 4426 1179 4484 ad
1206 4441 1266 4483 se
1288 4429 1505 4484 vocatis
1526 4458 1588 4471 -
1611 4427 1751 4485 illis.
1782 4428 1847 4485 In
1870 4434 2157 4507 exemplis

504 4522 563 4575 et
599 4517 1106 4575 similitudinibus.

578 4607 740 4663 Vers.
781 4606 1169 4674 23.0uomodo
1192 4609 1377 4677 potest
1418 4605 1628 4678 ejicere
1652 4606 1680 4663 ?
1710 4608 1944 4667 Dictum
1970 4616 2056 4668 est
2084 4612 2158 4669 de

508 4694 600 4750 his
628 4695 741 4751 hoc
770 4696 976 4767 capite,

579 4782 740 4839 Vers.
765 4785 852 4839 24.
882 4784 955 4839 Et
974 4784 1027 4841 si
1055 4816 1123 4826 -—
1149 4785 1313 4842 Vers.
1347 4786 1580 4857 25.filla.
1615 4786 1803 4844 Etiam
1821 4787 1895 4845 de
1925 4789 2018 4846 his
2046 4790 2161 4847 dis-

507 4875 780 4946 putatum
812 4876 917 4930 est.

578 4962 743 5020 Vers.
772 4964 859 5019 26.
892 4963 969 5018 Et
987 4962 1039 5019 si
1058 4994 1125 5003 —-
1153 4962 1340 5022 habet.
1371 4966 1572 5032 Quaere
1597 4965 1778 5022 etiam
1796 4965 1868 5022 de
1898 4966 1994 5023 his
2016 4984 2162 5041 pras-

507 5051 667 5109 dicto
704 5052 915 5124 capite.

582 5143 742 5199 Vers.
774 5142 861 5198 27.
890 5140 1077 5198 Nemo
1106 5172 1173 5182 —
1203 5142 1463 5213 diripiat.
1502 5142 1635 5199 Haec
1664 5158 1906 5217 quoque
1934 5143 2159 5203 ibidem

506 5231 735 5302 integre
771 5230 1076 5287 declarata
1110 5236 1270 5288 sunt.

579 5322 743 5379 Vers.
766 5320 854 5376 28.
882 5320 1074 5376 Amen
1103 5351 1168 5362 —
1198 5320 1362 5377 Vers.
1394 5323 1484 5378 29.
1506 5322 1735 5393 judicii.
1760 5324 1893 5378 Haec
1922 5329 2157 5396 praeter-

510 5428 580 5470 ca
619 5412 909 5485 optimam
950 5409 1033 5466 ibi
1072 5416 1248 5468 nacta
1296 5418 1434 5467 sunt
1480 5413 2045 5487 interpretationem.
2086 5415 2158 5471 In

2238 455 2487 530 Κληθήση
2520 464 2728 530 Πέτρος.
2757 468 2843 512 νῦν
2872 456 2929 513 δὲ
2958 460 3175 512 καλέσαι
3201 468 3378 511 τοῦτον
3411 464 3626 531 Πέτρον.

2306 552 2543 605 Ζήτησον
2589 550 2701 619 (35)
2764 547 2821 602 δὲ
2866 548 2913 601 ἐν
2966 558 3037 618 τῷ
3092 546 3533 619 ἐννεακαιδεκάτῳ
3583 547 3821 620 κεφαλαίῳ

2236 654 2292 687 το
2346 641 2479 689 κατὰ
2530 641 2795 691 Ματθαῑον
2850 648 2943 697 τῆν
3005 638 3251 709 ἐξήγησιν
3301 646 3392 697 τῆς
3432 635 3820 709 ἀπαριθμήσεως

2235 733 2332 775 τῶν
2387 725 2645 798 ὀνομάτων
2694 736 2786 789 τῆς
2849 724 3156 788 δωδεκάδος
3219 735 3315 777 τῶν
3364 725 3690 791 ἀποστόλων,
3750 733 3820 777 και

2238 815 2471 887 εὑρήσεις
2502 819 2671 868 πάντα
2698 819 2833 868 κατὰ
2860 816 3009 885 λόγον
3049 820 3352 887 τεταγμένα.

2306 905 2409 958 Καὶ
2440 903 2681 957 Ἰάκωϐον
2708 937 2775 947 -
2816 902 3033 977 ἀδελφὸν
3072 913 3164 957 τοῦ
3193 903 3463 959 Ἰακώϐου.
3502 902 3637 956 Ἀπὸ
3667 910 3817 955 κοινοῦ

2234 995 2313 1062 τό,
2346 994 2735 1066 προσκαλεῖται.
2781 999 2881 1048 Kal
2930 998 3030 1067 γὰρ
3088 998 3176 1047 καὶ
3233 994 3317 1047 ἐπὶ
3364 998 3484 1054 τοὺς
3524 992 3647 1056 ἑξῆς
3688 1001 3815 1045 τοῦτο

2237 1081 2571 1154 λαμϐάνεται.

2310 1176 2409 1223 Καὶ
2467 1171 2709 1230 ἐπέθηκεν
2768 1204 2830 1212 —
2885 1171 3129 1245 βροντῆς.
3188 1171 3388 1244 Ὠσπερ
3428 1173 3542 1233 υἱὸς
3601 1169 3813 1243 ἀνομίας,

2239 1259 2265 1310 6
2322 1261 2531 1332 ἄνομος,
2581 1266 2670 1312 καὶ
2722 1261 2829 1322 υἱός
2881 1262 3156 1327 ἀπωλείας,
3206 1262 3231 1313 ό
3272 1260 3569 1325 ἀπολωλὼς,
3614 1265 3696 1311 καὶ
3728 1262 3816 1318 υἱὸς

2240 1349 2465 1423 εἰρήνης,
2532 1350 2558 1401 6
2611 1350 2885 1422 εἰρηνικός⁹
2959 1352 3093 1402 οὕτω
3168 1355 3256 1402 καὶ
3320 1352 3426 1403 υἱοὶ
3494 1348 3729 1423 βροντῆς.
3776 1350 3817 1398 οἱ

2244 1436 2575 1509 βροντῶντες.
2625 1443 2780 1496 Δίκην
2823 1441 2923 1513 γὰρ
2968 1438 3194 1514 βροντῆς
3224 1438 3497 1509 οὐρανόθεν
3530 1436 3815 1501 ἐξάκουστον

2242 1523 2557 1599 ἐϐρόντησαν
2580 1527 2719 1578 οὗτοι
2741 1529 2805 1579 τὰ
2828 1527 3097 1599 θεολογικὰ
3123 1524 3385 1600 δόγματα,
3410 1529 3435 1579 6
3460 1531 3550 1599 μὲν
3579 1526 3813 1585 Ἰάκωϐος,

2246 1612 2508 1687 ἀγράφως·
2561 1618 2585 1667 ό
2636 1613 2693 1668 δὲ
2734 1617 2987 1683 Ἰωάννης,
3022 1616 3311 1689 ἐγγράφως.
3357 1616 3627 1689 Ἐϐραῐκόν
3675 1612 3725 1667 δὲ
3767 1633 3815 1665 το

2173 1717 2216 1773 Β
2246 1707 2536 1778 Βοανεργὲς,
2570 1707 2741 1782 ὥσπερ
2778 1709 2866 1757 καὶ
2899 1709 2955 1758 τὸ
2993 1712 3189 1781 Κηφᾶς.

2321 1958 2422 2006 Καὶ
2448 1952 2694 2026 Ἀνδρέαν
2721 1987 2787 1996 -
2820 1956 2993 2010 αὐτόν.
3040 1960 3163 2029 Περὶ
3192 1958 3385 2007 τούτων
3415 1957 3617 2007 πάντων
3644 1958 3817 2028 εἴρηται

2250 2042 2296 2095 ἓν
2328 2051 2399 2113 τῷ
2431 2039 2713 2102 δηλωθέντι
2742 2042 3179 2119 ἐννεακαιδεκάτῳ
3209 2045 3487 2120 κεφαλαίῳ.

2325 2266 2426 2314 Καὶ
2455 2264 2701 2334 ἔρχονται
2733 2293 2802 2302 —
2832 2268 3028 2335 φαγεῖν.
3062 2261 3151 2325 Εἰς
3179 2256 3318 2314 οἶκόν
3349 2280 3489 2324 τινος
3532 2270 3729 2315 πιστοῦ.

2325 2478 2425 2526 Καὶ
2482 2473 2793 2535 ἀκούσαντες
2862 2506 2930 2515 -
2998 2474 3179 2529 αὐτόν.
3260 2474 3599 2537 Ἀκούσαντες
3671 2477 3715 2527 οἱ
3761 2474 3816 2525 οἰ-

2250 2571 2380 2615 κεῖοι
2441 2564 2619 2626 αὑτοῦ,
2680 2566 2760 2616 ὅτι
2827 2568 3139 2637 συνέρχεται
3201 2564 3357 2627 πολὺς
3416 2565 3590 2635 ὄχλος,
3641 2563 3814 2627 ἐξῆλθον

2251 2651 2492 2724 ἐπισχεῖν
2545 2653 2720 2719 αὐτόν,
2775 2658 2864 2705 καὶ
2918 2654 3148 2706 κωλῦσαι
3200 2656 3498 2729 θεραπεύειν
3550 2656 3813 2726 περαιτέρω.

2249 2738 2360 2794 Εἶεν
2394 2738 2442 2793 δ’
2474 2741 2533 2793 ἆν
2569 2739 2730 2807 οὗτοι,
2765 2746 2863 2795 εἴτε
2892 2745 2939 2794 οἱ
2983 2741 3036 2806 ἐξ
3066 2741 3260 2815 Ἰωσῆφ
3290 2740 3508 2815 ἀδελφοὶ
3538 2744 3711 2809 αὑτοῦ,
3741 2744 3815 2792 εἴτε

2251 2834 2340 2881 καὶ
2370 2831 2531 2904 ἕτεροι
2564 2838 2845 2901 συγγενεῖς.

2324 2917 2533 2989 Ἔλεγον
2586 2952 2648 2960 -
2714 2918 2913 2982 ἐξέστη.
2970 2920 3178 2991 Ἔλεγον
3243 2924 3346 2993 γὰρ
3396 2941 3527 2981 τινες
3598 2923 3812 2993 φθονεροί,

2254 3010 2335 3060 ὅτι
2405 3014 2780 3084 παρεφρόνησε,
2841 3006 2979 3061 διότι
3040 3009 3151 3062 ὅλον
3228 3010 3408 3063 ἑαυτὸν
3474 3008 3714 3063 ἐπέδωκεν
3764 3007 3815 3065 εἰς

2181 3071 2223 3130 C
2254 3102 2310 3149 τὸ
2371 3100 2686 3173 θεραπεύειν,
2732 3102 2825 3156 τὴν
2876 3098 3259 3172 φιλανθρωπίαν
3302 3102 3598 3172 νομίζοντες
3640 3103 3811 3172 μανίαι.

2254 3195 2341 3239 καὶ
2384 3190 2469 3240 τὸν
2500 3188 2654 3249 ἔλεον,
2704 3187 2939 3259 ἔγκλημα
2995 3191 3313 3261 ποιούμενοι,
3357 3194 3448 3241 καὶ
3500 3194 3651 3250 ὅντως
3698 3187 3813 3239 eritsi

2253 3281 2568 3349 μαινόμενοι.
2605 3280 2699 3328 Διά
2734 3284 2859 3347 γοῦν
2900 3281 2987 3329 τόν
3013 3277 3161 3349 λόγον
3206 3286 3386 3330 τοῦτον
3417 3278 3607 3351 μᾶλλον
3644 3277 3814 3340 ἐξῆλθον

2253 3368 2301 3418 οἱ
2332 3366 2493 3417 αὐτοῦ
2523 3365 2757 3418 κωλῦσαι
2787 3366 2961 3419 αὐτόν.

2323 3454 2525 3529 Ἐτεροι
2570 3451 2627 3507 δε
2657 3457 2721 3507 τὰ
2744 3456 2882 3529 ῥητὰ
2923 3460 3113 3529 τρόπον
3142 3456 3309 3530 ἕτερον
3357 3455 3733 3529 ἑρμηνεύουσιν,
3760 3456 3816 3504 ότι

2255 3543 2464 3606 ἐξῆλθον
2520 3546 2568 3596 οἱ
2615 3544 2795 3596 οἰκεῖοι
2852 3545 3010 3596 αὐτοῦ
3072 3553 3337 3618 κρατῆσαι
3399 3546 3577 3609 αὐτόν,
3634 3548 3708 3596 ἵνα
3759 3546 3813 3613 μὴ

2256 3634 2609 3705 ὑποχωρήση.
2643 3632 2850 3703 Ἔλεγον
2901 3635 3000 3707 γάρ
3049 3652 3199 3697 τινες,
3256 3636 3337 3685 ὅτι
3388 3634 3622 3698 Ἐξέστη,
3672 3638 3815 3703 ἦγον).

2259 3720 2484 3778 Ἀπέστη
2520 3720 2606 3773 ἀπ’
2636 3721 2802 3773 αὐτῶν
2834 3717 2869 3774 δ
2876 3724 2928 3773 ιὰ
2960 3725 3046 3774 τόν
3079 3721 3255 3793 ὄχλον.

2329 3817 2396 3863 Ἦ
2456 3809 2703 3873 Ἐξῆλθον
2759 3818 3024 3883 κρατῆσαι
3086 3812 3262 3878 αὐτόν,
3340 3819 3602 3877 τουτέστι,
3678 3818 3820 3881 Παρί-

2260 3898 2541 3957 ϐοηθῆσαι.
2591 3898 2797 3969 Ἔλεγον
2827 3902 2926 3973 γὰρ
2978 3900 3058 3951 ὅτι
3103 3899 3340 3965 Ἐξέστη,
3392 3904 3419 3953 6
3451 3901 3563 3954 ἐστι
3594 3900 3819 3975 [lapsi-391:

2260 3992 2346 4040 τόν
2377 3994 2520 4040 τόνον
2552 3996 2643 4039 τοῦ
2673 3994 2933 4060 σώματος,
2966 3990 3097 4059 οἶγαν
3129 3992 3407 4049 κοπιάσας.

2336 4082 2434 4129 Καὶ
2496 4078 2542 4128 οἱ
2606 4082 2927 4149 Γραμματείς
2996 4108 3062 4117 -
3136 4074 3405 4148 δαιμόνια.
3480 4078 3631 4132 Εἶπον
3703 4083 3822 4129 τόντε

2262 4160 2351 4217 καὶ
2403 4167 2451 4217 οἱ
2506 4171 2782 4237 Φαρισαῖοι
2829 4164 2876 4217 ἓν
2930 4174 3001 4236 τῷ
3054 4166 3271 4237 εἰκοστῷ
3327 4164 3553 4241 δευτέρῳ
3603 4166 3824 4239 κεφαλαίῳ

2262 4262 2354 4306 τοῦ
2410 4256 2544 4305 κατὰ
2591 4256 2879 4322 Ματθαίον,
2938 4260 3027 4307 καὶ
3081 4255 3311 4316 ζήτησον
3368 4256 3474 4308 ἐκεῖ
3528 4263 3619 4315 την
3676 4256 3827 4325 ἕξίγξθ

2268 4363 2369 4397 σιν.

2186 4476 2233 4534 D
2338 4436 2438 4484 Kal
2504 4429 2988 4505 προσκαλεσάμενος
3069 4432 3260 4494 αὐτοὺς
3339 4465 3405 4475 -—
3489 4435 3686 4495 αὐτοῖς.
3768 4432 3827 4483 Ἐν

2265 4516 2693 4595 παραδείγμασιν

2340 4617 2456 4672 Πῶς
2484 4606 2703 4661 δύναται
2735 4640 2799 4649 -
2842 4608 3097 4662 ἐκϐάλλειν
3126 4626 3139 4677 ;
3172 4613 3391 4685 Εἴρηται
3420 4616 3536 4684 περὶ
3575 4614 3754 4665 τούτων
3796 4606 3827 4657 ἐν

2268 4698 2438 4771 ἐκείνῳ
2469 4707 2540 4768 τῷ
2566 4698 2753 4769 κεφαλα
2763 4704 2839 4769 ίῳ.

2343 4792 2442 4841 Καὶ
2499 4785 2582 4839 ἐὰν
2634 4818 2701 4827 —
2759 4785 2945 4845 ἐκείνη.
3000 4792 3099 4840 Καὶ
3166 4793 3282 4861 περὶ
3337 4793 3531 4842 τούτων
3588 4789 3636 4842 ἐν
3690 4789 3828 4842 intra

2272 4874 2592 4935 διείληπται.

2343 4970 2443 5018 Καὶ
2471 4964 2514 5017 εἰ
2553 4994 2619 5003 -
2656 4966 2788 5036 ἔχει.
2830 4969 3067 5023 Ζητησον
3115 4963 3163 5016 ἐν
3199 4973 3270 5037 τῷ
3302 4963 3588 5025 δηλωθέντι
3613 4966 3828 5040 κεφαλαίῳ

2268 5059 2357 5107 καὶ
2384 5059 2495 5127 περὶ
2528 5056 2715 5105 τούτων
2731 5096 2743 5108 .

2341 5140 2527 5203 Οὐδεὶς
2574 5174 2641 5181 -
2674 5138 2968 5216 διαρπάση.
3026 5143 3129 5197 Καὶ
3168 5151 3337 5198 ταῦτα
3380 5144 3587 5207 ἐντελῶς
3627 5144 3672 5197 ἰν
3719 5143 3826 5209 αὐτῷ

2270 5230 2751 5307 διηρμηνεύθησαν.

2308 5324 2505 5393 ,Ἄριὲν
2565 5324 2923 5393 --κρίσεως.
2989 5319 3106 5375 Ἔτι
3187 5326 3276 5374 καὶ
3353 5333 3520 5377 ταῦτα
3596 5323 3825 5376 καλλίστης

2270 5412 2372 5466 ἐκεῖ
2440 5418 2534 5471 τῆς
2607 5407 2897 5480 ἐξηγήσεως
2970 5415 3352 5481 τετυχήκασιν.
3428 5414 3513 5475 Εἰς
3572 5420 3651 5466 τὸν
3699 5412 3823 5463 «iam

1727 5512 1953 5581 Variae
1990 5512 2317 5583 lectiones
2346 5516 2413 5578 et
2445 5516 2643 5575 nota-‘3.

587 5629 701 5702 (35)
737 5634 836 5683 Kal
868 5618 1099 5691 ζήτησον
1131 5633 1236 5683 νῦν.
1273 5633 1341 5683 Α.
