3922 6200
143 290 222 347 793

1021 287 1399 346 COMMENT.
1448 284 1521 346 IN
1562 282 1891 346 MARCUM.
1938 317 2006 328 —
2047 255 2205 344 CAP.
2246 286 2340 345 IV.

3313 288 3419 345 794

139 417 209 486 μὲν
254 409 344 482 οὖν,
396 417 494 465 αντὶ
544 419 654 478 τοῦ,
711 411 996 469 Οὐδέποτε.
1050 419 1238 490 Κρίσιν
1286 410 1346 467 δὲ
1399 420 1508 480 νῦν,
1562 418 1654 472 τὴν

1840 419 2070 482 ‘ernum,
2106 415 2222 472 hoc
2252 418 2356 482 est,
2390 417 2728 488 Nunquam.
2763 413 2792 468 J
2801 412 3066 470 udicium
3095 427 3237 470 vero
3271 413 3418 470 dixit

138 504 387 573 κατάκρισιν
454 495 595 554 εἶπεν.
676 500 802 556 Εἶτα
852 506 1165 578 προσέθηκε,
1217 509 1306 556 καὶ
1377 501 1523 557 ὃιατί
1589 508 1654 557 τὰ

136 591 312 665 ῥηθέντα
333 594 526 663 εἴρηκεν.

188 678 366 731 Ὀτι-
399 683 519 752 ἔχει.
558 678 764 753 Ἔλεγον
821 690 994 752 τοῦτο,
1028 685 1076 736 οἱ
1130 683 1382 756 λέγοντες,
1440 684 1520 736 ὅτι
1568 689 1650 736 Βε-

138 767 322 829 ελζεϐοὺλ
348 772 464 840 ἔχει.

188 857 426 931 Ἐρχονται
471 889 533 900 -
587 859 811 920 ζητοῦσί
865 881 941 917 σε.
997 868 1231 922 Ζήτησον
1286 867 1405 936 περὶ
1456 865 1650 916 τούτων

137 949 231 1017 πρὸς
281 956 340 1016 τῷ
387 947 506 1000 τέλει
567 958 658 1002 του
707 950 944 1003 εἰκοστοῦ
1001 957 1179 1027 τρίτου
1232 951 1510 1025 κεφαλαίου
1557 960 1649 1006 τοῦ

136 1037 236 1087 κατὰ
256 1038 502 1089 Mareade».

192 1130 268 1176 Καὶ
309 1123 535 1198 ἀπεκρίθη
593 1158 661 1168 -
702 1133 879 1204 μήτηρ
939 1128 1068 1188 ἔστί,
1125 1135 1224 1184 Καὶ
1282 1136 1398 1206 περὶ
1453 1133 1648 1184 τούτων

141 1213 291 1266 πάντων
357 1213 558 1278 ἁκοιϐὡς
643 1218 874 1290 εὑρήσεις
949 1218 1000 1271 ἐν
1089 1220 1261 1293 ἐκείνῳ
1343 1229 1413 1292 τῷ
1497 1240 1647 1293 κεφα-

140 1299 236 1371 λαίῳ
257 1304 362 1373 (36).

1764 517 1925 557 nunc
1947 503 2527 560 condemnationem.
2579 502 2802 558 Deinde
2833 501 3002 559 addit
3029 501 3209 558 etiam
3235 517 3416 573 quare

1764 592 2049 665 praedicta
2099 592 2322 649 dixerit.

1834 681 1994 736 Vers.
2038 681 2124 738 30.
2150 683 2296 750 Quia
2327 713 2393 722 —
2413 681 2609 738 habet.
2639 679 2922 736 Dicebant
2950 679 3081 747 hoc,
3113 679 3416 736 afﬁrman-

1765 773 1866 835 tes,
1899 771 2061 842 quod
2091 771 2393 826 Beelzebul
2422 770 2686 826 haberet.

1830 859 1993 914 Vers.
2014 864 2100 916 31.
2117 860 2190 915 Et
2209 861 2452 916 veniunt
2470 889 2537 898 —
2552 859 2706 913 Vers.
2722 859 2812 913 32.
2827 862 3102 929 quaerunt
3121 865 3192 913 te.
3210 860 3417 922 Quaere

1759 949 1828 1004 de
1853 949 1946 1004 his
1975 949 2128 1003 circa
2149 948 2330 1002 tinem
2353 947 2619 1002 vicesimi
2646 947 2799 1003 tertii
2829 948 3041 1019 capitis
3081 946 3418 1003 secundum

1757 1037 2109 1096 Matthmum.
2907 1106 2911 1112 _

1828 1131 1990 1184 Vers.
2037 1127 2126 1184 33.
2172 1128 2238 1181 Et
2288 1122 2580 1196 respondit
2626 1152 2697 1165 —
2740 1125 2904 1178 Vers.
2947 1122 3035 1180 35.
3087 1125 3272 1179 mater
3312 1127 3416 1179 est.

1759 1221 2016 1276 Rursum
2039 1231 2182 1273 sane
2209 1220 2264 1272 et
2297 1214 2372 1270 de
2392 1213 2484 1282 his
2508 1211 2796 1270 omnibus
2817 1217 3019 1270 exacte
3045 1212 3309 1269 invenies
3327 1205 3422 1268 Su-

1757 1307 2030 1382 pradicto
2069 1306 2278 1378 capite.

191 1391 332 1458 l-Hrec
343 1398 522 1449 autem
534 1394 817 1452 dixitnon
831 1396 1118 1468 abjiciens
1147 1396 1396 1454 omnino
1419 1401 1672 1455 matrem
1687 1405 1742 1454 et
1761 1398 1995 1462 fratres,
2021 1394 2128 1452 sed
2149 1393 2462 1450 ostendens
2482 1391 2647 1465 quod
2663 1391 2829 1448 omni
2853 1389 3200 1461 cognationi
3225 1405 3425 1463 corpo-

131 1479 212 1533 rali
240 1482 465 1553 praeponi
494 1483 677 1539 debet
710 1485 927 1542 anima:
961 1487 1355 1543 familiaritas.

186 1573 263 1620 Καὶ
308 1570 440 1622 πάλιν
485 1603 551 1614 -—
614 1574 874 1649 θαλάσση.
948 1578 1086 1630 Ἐκεῖ
1145 1582 1233 1630 καὶ
1295 1582 1412 1652 περὶ
1461 1581 1652 1631 τούτων

1840 1577 1988 1634 CAP.
2016 1573 2108 1630 IV.
2142 1573 2308 1630 Vers.
2338 1577 2388 1630 l.
2415 1573 2492 1628 Et
2514 1571 2723 1628 iterum
2751 1602 2816 1612 —
2836 1570 2899 1626 in
2930 1569 3104 1626 mari.
3130 1568 3216 1626 Ibi
3242 1569 3420 1626 etiam

128 1654 325 1714 ζήτησον.
394 1662 632 1715 Ἐκάθισε
709 1658 768 1716 δὲ
852 1665 1006 1728 οὕτω,
1103 1664 1413 1738 βουλόμενος
1461 1668 1653 1729 πάντας

128 1747 229 1795 κατά
251 1752 497 1819 πρόσωπον
530 1754 695 1823 ἔχειν,
718 1756 801 1805 καὶ
825 1749 1028 1826 μηδένα
1058 1757 1194 1807 κατὰ
1221 1760 1406 1823 νώτου,
1433 1760 1522 1808 καὶ
1554 1755 1653 1809 ἀπὸ

125 1841 194 1894 τῆς
219 1834 454 1900 θαλάσσης
476 1839 647 1897 ἡλίευε
677 1845 795 1903 τοὺς
821 1841 869 1894 ἐν
899 1851 960 1915 τῇ
993 1851 1084 1914 γῆ.

181 1929 260 1976 Καὶ
288 1933 372 1986 πᾶς
409 1960 473 1968 -
621 1929 817 2002 Ἥγουν
864 1931 946 1986 ἐπὶ
984 1936 1070 1985 τὸν
1119 1933 1353 2006 αἰγιαλὸν
1401 1937 1652 2003 εἱστήκει,

125 2013 258 2074 καθὼς
282 2013 376 2069 εἷπε
395 2020 677 2081 Ματθαῖος.

323 2166 457 2216 ΚΕΦ.
493 2161 572 2215 Θ’.
609 2167 735 2238 Περὶ
764 2172 857 2217 τοῦ
884 2168 1080 2239 σπόρου
1115 2167 1407 2240 παραϐολή,

120 2331 131 2341 .
178 2251 258 2299 Καὶ
278 2245 539 2304 ἐδίδασκεν
573 2283 641 2292 -
669 2252 848 2308 πολλοί.
892 2258 1114 2329 Εἴρηται
1143 2262 1263 2329 περὶ
1294 2265 1394 2310 τῶν
1424 2257 1657 2333 παραϐο-

122 2341 194 2384 Αὼν
215 2339 383 2390 τούτων
407 2337 453 2392 ἐν
497 2349 570 2413 τῷ
603 2341 824 2416 εἰκοστῷ
854 2347 1079 2418 τετάρτῳ
1109 2345 1367 2419 κεφαλαίῳ
1403 2354 1496 2399 τοῦ
1525 2350 1660 2400 κατὰ

120 2425 358 2484 Ματθαῐον.

175 2518 254 2567 Καὶ
278 2517 428 2589 ἔλεγεν
463 2551 531 2561 -
561 2519 792 2578 ἀκούετε.
826 2521 1046 2596 "fl-your,
1077 2529 1383 2600 προσέχετε.

169 2726 284 2782 Ἰδοὺ
311 2763 372 2774 -
409 2733 610 2789 ἑκατόν.
655 2741 780 2810 Περὶ
809 2739 1001 2791 τούτων
1054 2741 1254 2791 πάντων
1301 2740 1570 2814 εἰρήκαμεν
1613 2740 1662 2794 ἐν

117 2825 170 2886 τῷ
192 2819 374 2892 ῥηθέντι
401 2825 662 2897 κεφαλαίῳ
701 2826 816 2879 καθ’
844 2828 1060 2880 ἕκαστον
1091 2830 1268 2903 ῥητόν.

173 2913 254 2960 Καὶ
278 2910 429 2983 ἂεγεν
467 2945 540 2954 ——
585 2914 834 2968 ἀκουέτω.
881 2916 940 2969 Ὀ
969 2920 1106 2990 ἔχων
1137 2916 1244 2971 ὦτα
1281 2922 1460 2986 νοητὰ,
1503 2920 1576 2982 εἰς
1605 2923 1662 2972 τὸ
1696 2935 1736 2992 C

119 3000 320 3067 συνιέναι,
353 3020 440 3053 συν
448 3010 584 3058 ιέτω.

169 3084 270 3139 Ὀτε
298 3120 360 3131 -
386 3092 710 3163 παραϐολήν.
755 3095 822 3145 Οἱ
858 3100 977 3170 περὶ
1021 3095 1198 3160 αὐτὸν,
1251 3101 1430 3168 ἤγουν,
1479 3100 1526 3150 οἱ
1575 3107 1666 3159 τῆς

119 3169 524 3246 ἑϐδομηκοντάδος
566 3190 670 3234 τῶν
717 3174 880 3234 ἄλλων
925 3169 1193 3256 μαθητῶν.
1244 3185 1551 3260 Ἐπηρώτων
1609 3185 1668 3240 δὲ

116 3262 238 3362 afros
270 3273 378 3340 περὶ
423 3278 518 3333 τῆς
562 3269 887 3344 παραϐολῆς,
943 3274 1021 3326 ὃτι
1073 3279 1149 3336 τίς
1194 3279 1270 3333 εἴη
1320 3277 1351 3334 ἡ
1394 3275 1664 3350 παραϐολὴ

117 3358 240 3419 αῦτη,
273 3358 437 3419 καθὼς
462 3359 688 3433 ἔγραψεν
718 3362 743 3413 ὁ
776 3367 1002 3425 Λουκᾶς.

125 3526 132 3540 ,
173 3448 253 3495 Καὶ
279 3445 432 3518 ἔλεγεν
463 3480 532 3489 -—
556 3456 653 3502 τοῦ
692 3455 838 3505 Θεοῦ.
875 3455 1091 3524 Εἴρηται
1132 3458 1222 3506 καὶ
1255 3459 1371 3528 περὶ
1409 3458 1594 3508 τούτου
1623 3454 1671 3509 ἓν

119 3537 255 3602 ἐκεινῳ
279 3543 345 3586 τῶ
367 3537 649 3610 κεφαλαίῳ.

173 3619 386 3688 Ἐκείνοις
417 3659 486 3668 -
523 3633 750 3700 γίνεται.
800 3629 939 3694 Ἐξω
966 3630 1100 3704 λέγει
1152 3636 1268 3694 τοὺς
1315 3633 1408 3696 ἔξω
1457 3643 1550 3696 τῆς
1602 3634 1672 3696 εἰς

120 3708 243 3762 αὐτὸν
263 3719 478 3778 πίστεως
501 3739 514 3751 ο
545 3721 597 3770 ἓν
628 3717 948 3791 παραϐολαῖς
983 3717 1043 3774 δι
1079 3725 1144 3774 τα
1163 3725 1331 3776 πάντα
1357 3728 1574 3795 γίνεται,
1608 3726 1673 3776 τὰ

118 3806 192 3859 τῆς
217 3796 574 3873 διδασκαλίας,
609 3803 871 3866 δηλονότι.

172 3887 266 3974 Ἰνα
320 3923 383 3934 -
449 3906 695 3948 συνιῶσι.
762 3902 853 3965 Τὸ,
906 3897 1015 3952 Ἵνα
1068 3898 1336 3972 βλέποντες
1388 3900 1672 3974 βλέπωσιν,

120 3973 430 4045 αναδίπλωσίς
459 3983 598 4050 ἔστι,
649 3984 763 4038 ἀντὶ
813 3995 926 4055 τοῦ,
956 3985 1066 4041 Ἱνα
1123 3987 1404 4061 βλέπωσιν.
1459 3990 1676 4064 Ὁμοίως

119 4061 165 4117 δε
210 4076 290 4122 καὶ
335 4077 408 4143 τό,
456 4075 768 4138 Ἀκούοντες
819 4078 1098 4141 ἀκούωσιν,
1154 4077 1267 4132 ἀντὶ
1323 4089 1433 4150 τοῦ,
1488 4080 1677 4135 Ἀκού-

121 4174 217 4209 am.
256 4165 398 4232 Λέγει
451 4161 531 4226 δὲ,
585 4167 669 4217 ὅτι
725 4169 806 4217 ἵνα
860 4164 1095 4239 βλέπωσι
1145 4171 1234 4240 μὲν
1279 4174 1366 4227 τὴν
1417 4166 1679 4224 διδασκα-

1764 1665 1838 1722 de
1857 1665 1950 1721 his
1966 1679 2185 1738 quaere.
2203 1662 2363 1718 Sedit
2380 1667 2604 1727 autem,
2623 1661 2831 1716 volens
2850 1660 2932 1715 ita
2949 1675 3159 1715 omnes
3177 1659 3248 1714 ha
3261 1658 3418 1726 here,

1765 1751 2119 1822 nullumque
2151 1753 2284 1819 post
2313 1752 2544 1818 tergum
2573 1763 2586 1800 :
2616 1749 2672 1801 et
2703 1761 2736 1801 a
2764 1744 2911 1800 mari
2943 1743 3291 1817 piscabatur
3319 1759 3422 1800 eos

1764 1839 1869 1911 qui
1896 1837 1957 1894 in
1982 1843 2135 1894 terra
2159 1840 2350 1892 erant.

1837 1929 2005 1983 Vers.
2040 1931 2088 1982 l.
2113 1926 2415 1996 Omnisque
2434 1955 2503 1964 —
2523 1929 2672 1980 erat.
2705 1925 2820 1978 Hoc
2849 1925 2955 1986 est,
2986 1921 3228 1978 stabant
3247 1916 3425 1976 in'lit-

1766 2021 1907 2084 tore,
1944 2015 2096 2072 sicut
2124 2015 2272 2070 dixit
2308 2013 2618 2069 Matthaeus
2648 2013 2719 2066 “.

2089 2139 2242 2196 CAP.
2292 2140 2379 2194 IX.
2413 2139 2501 2195 De
2540 2137 2748 2193 semine
2791 2134 3101 2206 parabola.

1840 2247 2003 2303 Vers.
2040 2249 2092 2302 2.
2122 2247 2201 2301 Et
2231 2244 2469 2302 docebat
2509 2275 2575 2285 —
2599 2244 2804 2298 multa.
2836 2242 3066 2297 Dictum
3103 2243 3192 2296 est
3231 2239 3305 2297 de
3331 2239 3427 2296 his

1769 2335 2072 2410 parabolis
2106 2334 2384 2391 vicesimo
2412 2336 2628 2407 quarto
2659 2332 2852 2405 capite
2869 2331 3032 2403 juxta
3059 2329 3425 2386 Matthaaum.

1841 2551 2003 2605 Vers.
2026 2551 2080 2604 2.
2105 2547 2181 2603 Et
2202 2545 2430 2604 dicebat
2448 2577 2517 2588 —
2537 2546 2703 2602 Vers.
2733 2542 3038 2601 (ir-Audite.
3064 2542 3215 2609 Sive,
3240 2542 3429 2599 anim-

1769 2637 2078 2695 advertite.

1841 2728 2003 2784 Vers.
2029 2730 2080 2783 3.
2112 2727 2264 2783 Ecce
2286 2756 2356 2767 —
2372 2725 2532 2780 Vers.
2565 2726 2619 2780 8.
2651 2727 2902 2780 centum.
2929 2721 3009 2776 De
3033 2719 3127 2775 his
3144 2719 3428 2776 omnibus

1770 2816 1922 2872 dicto
1951 2816 2140 2889 capite
2184 2815 2260 2872 ad
2291 2815 2474 2870 verba
2503 2812 2736 2884 singula
2765 2811 3056 2868 diximus.

1842 2906 2009 2961 Vers.
2042 2905 2094 2960 9.
2124 2907 2190 2960 Et
2211 2904 2432 2961 dicebat
2462 2933 2528 2944 —
2555 2902 2780 2958 audiat.
2811 2900 2920 2966 Qui
2943 2899 3126 2956 habet
3145 2912 3318 2956 aures
3344 2896 3432 2952 in-

1773 2993 2134 3050 tellectuales
2160 2993 2232 3048 ad
2261 2991 2712 3061 intelligendum
2751 2988 3064 3058 intelligat.

1846 3084 2015 3140 Vers.
2060 3087 2148 3138 lo.
2190 3082 2330 3139 Cum
2363 3112 2430 3122 -—-
2459 3081 2828 3153 parabolam.
2883 3078 2992 3144 Qui
3025 3077 3186 3134 circa
3231 3077 3431 3148 ipsum

1777 3177 1965 3236 erant,
1997 3172 2112 3227 hoc
2133 3176 2220 3226 est
2243 3169 2621 3242 septuaginta
2643 3167 2945 3240 discipuli.
2984 3165 3433 3236 interrogabant

1779 3267 1978 3318 autem
2010 3260 2084 3316 de
2114 3259 2424 3332 parabola,
2454 3274 2590 3330 quae
2616 3257 2888 3313 videlicet
2917 3261 3072 3311 esset
3094 3255 3228 3311 haec
3258 3269 3431 3326 para-

1779 3351 1942 3417 bola,
1975 3350 2129 3406 sicut
2153 3349 2384 3420 scripsit
2413 3348 2598 3404 Lucas
2637 3348 2712 3404 ⁸⁸.

1850 3440 2020 3496 Vers.
2061 3444 2152 3497 tl.
2189 3439 2262 3494 Et
2289 3437 2513 3494 dicebat
2538 3467 2607 3478 —
2630 3435 2755 3495 Dei.
2799 3433 3032 3490 Dictum
3061 3436 3150 3491 est
3199 3431 3274 3489 de
3293 3432 3433 3501 hoc,

1780 3529 1995 3586 eodem
2023 3529 2237 3601 capite.

1853 3620 2017 3677 Vers.
2057 3623 2146 3674 Η.
2207 3617 2339 3674 Illis
2376 3617 2628 3685 —ﬁunt.
2673 3613 2840 3671 Foris
2873 3627 3002 3670 esse
3031 3612 3173 3668 dicit
3202 3627 3305 3668 eos
3329 3609 3435 3684 qui

1782 3711 1920 3764 sunt
1943 3711 2110 3764 extra
2131 3705 2317 3762 ﬁdem
2347 3706 2408 3762 in
2436 3705 2652 3777 ipsum.
2688 3704 2754 3759 Iu
2784 3701 3082 3774 parabolis
3114 3716 3258 3757 vero
3288 3699 3440 3756 ﬁunt

1783 3798 2008 3864 omnia,
2039 3813 2175 3870 quae
2190 3795 2463 3851 videlicet
2487 3795 2564 3850 ad
2587 3792 2922 3849 doctrinam
2948 3791 3257 3862 pertinent.

1855 3888 2021 3942 Vers.
2047 3891 2128 3941 l2.
2160 3886 2232 3942 Ut
2251 3882 2680 3954 —inteltigant.
2704 3882 2851 3937 Illud
2881 3897 2893 3936 :
2916 3881 2988 3938 Ut
3014 3880 3259 3937 videntes
3286 3878 3440 3934 vide-

1785 3982 1910 4042 ant,
1938 3972 2328 4045 reduplicatio
2353 3976 2460 4038 est,
2491 3987 2597 4043 pro
2640 3987 2711 4027 eo
2741 3969 2902 4043 quod
2926 3973 3035 4034 est,
3067 3971 3136 4026 Ut
3175 3967 3440 4024 videant.

1789 4063 2068 4121 Similiter
2094 4062 2242 4118 illud
2277 4078 2288 4118 :
2318 4062 2652 4126 Audientes,
2685 4060 2800 4115 hoc
2827 4065 2938 4128 est,
2991 4057 3265 4114 Audiant.
3299 4055 3443 4111 Dicit

1788 4168 1967 4223 ergo:
2000 4155 2070 4207 Ut
2105 4151 2346 4206 videant
2375 4149 2617 4222 quidem
2646 4148 3002 4214 doctrinam,
3036 4151 3327 4217 tanquam
3359 4148 3443 4200 ato

119 4241 224 4343 λέξιν.
297 4251 382 4303 οἱτε
468 4253 828 4328 ἕνωτιζόμενοι
907 4262 1138 4316 ταυτην·
1221 4262 1293 4330 μὴ
1376 4256 1538 4312 ἴδωσι
1623 4257 1674 4313 δὲ

1840 4242 1932 4298 ιιιιὶ
1979 4240 2060 4298 ad
2108 4255 2244 4296 eam
2280 4256 2293 4305 ;
2325 4254 2448 4294 non
2495 4241 2741 4293 cernant
2787 4241 2988 4290 autem
3022 4249 3175 4299 eam,
3238 4236 3444 4304 utpote

1937 4331 1951 4343 .
2020 4329 2033 4343 .
2186 4330 2195 4343 .
2367 4327 2400 4343 ..
2453 4331 2494 4343 ._
2567 4329 2879 4343 Joh-.-”
2985 4338 3042 4343 η
3121 4321 3275 4343 ____J
3353 4335 3414 4343 η

123 4331 273 4402 αὐτὴν,
350 4340 436 4392 ἁτε
517 4343 908 4416 κεκαλυμμένην
986 4354 1048 4418 τῇ
1123 4349 1232 4417 (37)
1305 4346 1530 4421 ἀσαφείᾳ
1587 4358 1682 4411 τῆς

120 4424 399 4498 παραϐολῆς,
447 4427 545 4484 διὰ
591 4437 650 4484 τό
709 4433 836 4486 εἶναι
883 4435 1070 4498 αὐτοὺς
1121 4437 1362 4500 ἀναξίους
1417 4447 1512 4500 τῆς
1553 4445 1683 4511 γνω-

125 4527 226 4572 σεως
245 4515 414 4583 αὐτῆς,
460 4523 532 4581 ὡς
572 4519 833 4583 ἀνιάτους.
881 4527 958 4576 Τὰ
1001 4525 1135 4578 αὐτὰ
1192 4523 1250 4578 δὲ
1300 4523 1453 4584 δηλοὶ
1497 4536 1588 4581 και
1626 4532 1682 4581 τὸ

121 4598 235 4662 ἑξῆς.

131 4775 140 4784 ς
179 4689 249 4742 Ἐν
276 4690 329 4747 δέ
369 4704 440 4767 τῷ
473 4695 760 4758 δηλωθέντι
798 4700 1058 4774 κεφαλαίῳ
1101 4710 1193 4756 τοῦ
1241 4707 1375 4756 κατὰ
1417 4708 1684 4759 Ματθαίον

122 4787 241 4851 πέρα
278 4792 439 4839 κεῖται
479 4787 760 4860 ἀπολογία,
791 4795 881 4843 καὶ
911 4791 1066 4858 εἰκὸς,
1114 4791 1407 4866 ἀμφοτέρας
1460 4796 1686 4870 ῥηθῆναι

125 4874 239 4941 παρὰ
259 4882 343 4925 τοῦ
367 4884 626 4950 Χριστοῦ.

178 4964 371 5019 Μήποτε
400 4996 466 5007 -
497 4969 876 5042 ἁμαρτήματα.
910 4973 1130 5045 Εἴρηται
1159 4975 1248 5024 καὶ
1280 4977 1366 5026 πεὶ
1424 4976 1611 5027 τούτου
1638 4974 1686 5028 ἕν

124 5055 178 5115 τῷ
202 5056 403 5126 τοιούτῳ
431 5057 716 5130 κεφαλαίῳ.

181 5163 222 5202 ⁸⁸
247 5166 435 5227 Matth.
468 5189 573 5241 xn,
606 5178 659 5230 2.
737 5174 785 5210 ⁴⁶
810 5175 947 5231 Luc.
991 5191 1110 5243 vnu,
1145 5180 1196 5233 9.

1791 4329 2090 4406 parabolas
2145 4327 2503 4385 obscuritate
2553 4329 2909 4389 contectam,
2979 4338 3049 4378 eo
3114 4321 3282 4394 quod
3347 4335 3444 4375 co-

1791 4420 2056 4491 gnitione
2086 4416 2213 4489 ejus
2238 4413 2467 4484 indigni
2498 4416 2715 4477 essent,
2746 4410 2924 4483 quasi
2946 4406 3440 4465 immedicabiles.

1795 4513 1927 4567 Hinc
1945 4508 2088 4566 item
2116 4504 2457 4562 manifestat
2480 4502 2659 4560 etiam
2679 4500 2844 4574 quod
2875 4497 3158 4570 sequitur.

1866 4709 1930 4762 In
1961 4704 2116 4760 dicto
2147 4707 2346 4759 autem
2373 4698 2705 4758 secundum
2732 4695 3067 4754 Matthaeum
3093 4694 3304 4766 capite,
3333 4691 3450 4748 alia

1796 4795 2035 4868 ponitur
2080 4791 2410 4864 responsio,
2444 4795 2501 4846 et
2525 4787 2840 4846 verisimile
2872 4790 2962 4842 est
3005 4789 3326 4856 utrumque
3371 4781 3452 4838 di-

1797 4891 1959 4941 ctum
1998 4883 2178 4939 fuisse
2209 4897 2245 4937 a
2273 4879 2521 4936 Christo.

1867 4977 2030 5030 Vers.
2079 4975 2164 5028 l2.
2203 4969 2533 5042 Nequando
2585 4999 2654 5010 —
2695 4970 2954 5037 peccata.
2991 4963 3224 5020 Dictum
3256 4963 3350 5018 est
3377 4960 3452 5017 de

1796 5065 1934 5131 hoc,
1965 5063 2100 5120 loco
2131 5074 2317 5132 supra
2345 5057 2525 5114 dicto.

1319 5276 1538 5345 Variae
1566 5278 1894 5346 lectiones
1922 5287 1987 5344 et
2016 5283 2215 5342 notae.

317 5385 484 5463 Quod
525 5387 622 5444 hic
648 5404 719 5463 ex
752 5391 844 5444 sui
893 5389 1115 5445 codicis
1146 5391 1414 5461 margine
1462 5393 1694 5450 addidit

127 5450 738 5540 ggholiumhllentenius
753 5467 980 5540 neuter
997 5450 1599 5540 meorumvagnoscit.
1631 5467 1692 5540 l_n

128 5516 318 5604 Catena
345 5528 591 5604 Victoris
634 5516 983 5590 AntiOcheni
1023 5516 1596 5604 italegiturﬁiﬂ'faara
1631 5516 1693 5590 ιΐῖ

129 5597 200 5680 Et"?
262 5597 366 5680 ξξκ.
422 5597 832 5680 ἀποδοκιμαζων
906 5606 1128 5670 πάντ-ως.
1166 5597 1261 5664 τῖὶν
1333 5611 1536 5680 μητέρα
1602 5613 1691 5662 καὶ

129 5666 224 5725 τοὺς
260 5664 524 5743 ἀδελφοὺς,
589 5664 714 5728 ἀλλὰ
761 5671 966 5746 δεικνὺς
1020 5664 1128 5746 ὅτι
1155 5664 1344 5752 «deus.
1385 5664 1689 5754 συάγενείας

1803 5399 2114 5465 σωματικῆς
2183 5392 2566 5465 προτιμᾲγτῄν
2623 5393 2716 5448 τῆς
2767 5384 2951 5465 ψυχῆς
3007 5383 3316 5465 οἰκειότητα..
3373 5379 3455 5433 lta

1803 5450 2110 5528 Po'ssinus,
2153 5450 2235 5533 p.'
2271 5450 2360 5527 75',
2400 5450 2463 5516 ἐι
2512 5459 2573 5514 in
2618 5473 2752 5514 mea
2780 5450 3124 5528 'Mo'squensi
3175 5450 3450 5520 editione,

1803 5552 1864 5608 p.
1900 5541 1987 5593 56.

1874 5608 1988 5682 (37)
2021 5602 2303 5677 Ἀσφαλείᾳ
2331 5603 2399 5658 Α·
