3922 6200
460 316 565 374 795

463 550 614 606 quas
653 534 873 588 scilicet
920 533 976 587 in
1022 548 1306 603 processu
1352 534 1619 589 dicturus
1667 542 1810 590 erat.
1859 535 1915 589 Si
1961 533 2114 588 hanc

462 622 723 687 nescitis,
774 621 1080 692 quomodo
1123 622 1252 676 illas
1297 625 1668 692 cognoscetis
1698 624 1724 678 ?
1752 626 1868 679 Hoc
1915 628 2115 678 autem

459 711 624 774 dixit,
658 726 779 780 quo
810 712 1149 766 attentiores
1195 729 1297 768 eos
1331 714 1621 780 redderet,
1656 714 1938 785 ipsosque
1967 711 2117 767 exci-

461 799 627 850 taret.
665 795 882 850 Deinde
906 796 1318 865 interpretatur
1343 799 1562 854 dictam
1591 798 1969 872 parabolam.

531 885 694 940 Vers.
731 889 812 941 14.
849 886 958 951 Qui
983 920 1046 928 —
1074 891 1336 946 seminat.
1379 891 1602 947 Scilicet
1632 890 1934 946 doctrinae.

529 993 690 1048 Vers.
745 998 826 1049 15.
873 996 956 1050 Hi
984 1002 1171 1053 autem
1221 1030 1288 1038 —
1337 999 1488 1054 viam
1536 999 1621 1064 Hi,
1659 996 1866 1070 quales
1905 995 1932 1050 ?
1962 1010 2118 1067 quos

462 1082 728 1139 dicturus
769 1087 874 1139 est.

531 1173 702 1229 Vers.
730 1174 815 1227 15.
847 1173 955 1230 Ubi
977 1205 1046 1215 —
1065 1191 1287 1232 eorum.
1307 1209 1373 1220 —
1403 1177 1844 1235 Ubiseminatur
1859 1175 2114 1242 verbum,

461 1261 578 1319 hoc
616 1266 719 1318 est.
766 1265 825 1317 ln
848 1279 999 1334 quos
1030 1265 1375 1322 seminatur.
1411 1268 1640 1323 Dictum
1668 1271 1752 1323 est
1781 1270 1978 1321 autem
2043 1264 2116 1319 de

462 1351 556 1407 his
589 1352 867 1423 praedicto
916 1355 1126 1426 capite.

533 1441 694 1497 Vers.
733 1447 814 1498 16.
861 1444 936 1497 Et
964 1445 1114 1500 hi—
1158 1445 1318 1501 Vers.
1349 1447 1437 1500 17.
1470 1446 1855 1515 oﬁenduntur,
1886 1446 2117 1501 Dictum

464 1532 549 1582 est
587 1525 660 1581 de
686 1525 778 1581 his
817 1527 975 1583 dicto
1006 1529 1216 1600 capite.

535 1617 695 1672 Vers.
735 1621 815 1672 18.
845 1620 920 1673 Et
960 1619 1020 1674 hi
1062 1650 1128 1659 —
1173 1620 1335 1675 Vers.
1392 1622 1480 1676 19.
1529 1620 1799 1690 e/ficitur.
1845 1619 2118 1676 Similiter

463 1721 705 1779 quoque
730 1707 805 1762 de
836 1708 926 1762 his
967 1707 1192 1764 dictum
1223 1715 1331 1765 est.

535 1794 892 1852 Vers.20.11i
930 1802 1221 1866 praeterea
1261 1829 1328 1840 —
1379 1799 1879 1856 centum.Dictum
1919 1802 2008 1855 est
2043 1796 2116 1854 de

461 1883 579 1940 his.

538 1993 701 2048 Vers.
723 1996 807 2048 21.
833 1994 911 2048 Et
928 1994 1150 2051 dicebat
1172 2026 1240 2035 —
1257 1997 1548 2064 ponatur?
1574 2028 1639 2037 -—
1672 1997 1856 2066 Venit,
1877 1996 1988 2052 hoc
2010 2000 2116 2063 est,

466 2081 805 2149 adducitur,
827 2081 1085 2150 aﬂertur,
1106 2084 1333 2138 Dictum
1356 2092 1442 2140 est
1462 2090 1658 2140 autem
1677 2085 1750 2140 de
1768 2086 1902 2150 hoc,
1928 2086 2118 2157 capite

468 2170 668 2242 quinto
681 2171 978 2242 Evangelii
994 2173 1327 2228 secundum
1343 2173 1700 2240 Mattbaeum,
1723 2179 1854 2246 post
1867 2174 2115 2230 beatitu-

465 2259 660 2315 dines.

538 2348 697 2402 Vers.
723 2349 814 2416 22,
837 2349 956 2404 Νοη
978 2380 1045 2390 —
1070 2351 1500 2422 manifestetur.
1532 2352 1704 2420 Quod
1729 2367 1846 2409 non
1872 2351 2119 2408 manife-

469 2439 670 2493 stetur.

538 2544 700 2600 Vers.
745 2545 832 2599 22.
861 2545 1056 2617 Neque
1085 2574 1158 2590 -—-
1185 2548 1392 2605 veniat.
1419 2551 1618 2622 Neque
1640 2548 1768 2616 fuit,
1791 2549 1999 2622 inquit,
2025 2565 2114 2605 se-

467 2637 714 2698 cretum,
746 2638 802 2690 ut
833 2635 1078 2690 omnino
1104 2641 1394 2692 secretum
1419 2643 1596 2704 esset,
1624 2637 1726 2694 sed
1757 2643 1820 2694 ut
1843 2638 2117 2710 quando-

465 2737 582 2793 que
599 2721 658 2776 in
681 2722 1057 2794 propatulum
1089 2727 1300 2782 veniat.
1328 2727 1408 2782 De
1429 2727 1544 2782 hoc
1561 2731 1758 2783 autem
1779 2727 2003 2783 dictum
2029 2735 2113 2783 est

465 2809 700 2868 decimo
726 2827 888 2867 nono
914 2815 1106 2884 capite
1138 2815 1471 2872 secundum
1502 2817 1860 2873 Mattheum.

538 2899 700 2956 Vers.
750 2905 802 2956 2.
862 2902 921 2957 Si
967 2904 1097 2974 quis
1151 2935 1216 2946 —
1259 2905 1488 2960 audiat.
1541 2906 1823 2978 Superius
1881 2906 1956 2962 de
2001 2907 2113 2962 hoc

466 2995 779 3047 tractatum
813 2997 919 3048 est.

537 3081 701 3136 Vers.
728 3082 816 3137 24.
850 3083 928 3138 Et
951 3082 1172 3140 dicebat
1211 3115 1278 3125 ——
1325 3085 1586 3142 audiatis
1624 3116 1694 3128 —
1735 3087 1954 3158 Videte,
1999 3087 2112 3142 hoc
2149 3106 2189 3163 ρ

465 3173 572 3234 est,
612 3170 928 3227 Attendite.

525 3259 688 3316 Vers.
721 3263 808 3316 24.
838 3261 965 3327 Qua
1003 3278 1282 3320 mensura
1338 3294 1408 3304 —
1455 3265 1629 3320 vobis.
1665 3267 1791 3332 Qua
1830 3281 2114 3322 mensura

463 3350 755 3406 metimini
786 3351 1193 3420 attentionem,
1228 3353 1285 3408 in
1316 3354 1528 3410 eadem
1561 3356 1834 3410 metietur
1863 3355 2032 3411 vobis
2055 3356 2113 3410 in

462 3439 820 3507 cognitione,
839 3439 949 3495 hoc
967 3446 1073 3506 est,
1100 3449 1390 3513 quantum
1416 3444 1723 3500 intuleritis
1747 3444 2111 3512 attentionis,

463 3532 694 3583 tantum
717 3529 1051 3584 conferetur
1079 3531 1250 3587 vobis
1280 3533 1662 3602 cognitionis.

534 3619 697 3673 Vers.
726 3622 812 3674 24.
845 3620 923 3674 Ει
946 3619 1199 3675 addetur
1217 3622 1378 3676 vobis
1399 3623 1502 3692 qui
1515 3622 1755 3678 auditis.
1785 3626 1900 3679 Nec
1917 3622 2110 3679 solum

461 3722 566 3779 per
594 3708 749 3764 hanc
783 3724 1152 3773 mensuram.
1177 3726 1384 3766 verum
1426 3711 1601 3767 etiam
1643 3712 1930 3784 amplius.

534 3797 692 3852 Vers.
727 3799 811 3852 25.
845 3798 1236 3870 Quincunque
1257 3801 1410 3856 enim
1441 3832 1507 3842 —
1538 3801 1607 3856 ab
1638 3817 1721 3857 eo.
1759 3802 2112 3874 Quicunque

461 3885 736 3942 habuerit
759 3888 1147 3944 attentionem
1187 3888 1428 3945 dabitur
1469 3890 1519 3946 ei
1588 3891 1847 3960 cognitio
1880 3909 1893 3957 ;
1927 3899 1980 3948 et
2010 3892 2114 3965 qui

464 3991 585 4032 non
641 3977 840 4042 habet,
899 3993 1103 4033 semen
1141 3979 1501 4048 cognitionis
1551 3981 1850 4037 auferetur
1893 3982 1971 4037 ab
2020 3997 2111 4039 eo.

464 4064 990 4134 Quemadmodum
1047 4068 1204 4123 enim
1239 4069 1499 4125 studium
1533 4077 1712 4141 auget
1741 4071 1853 4127 tale
1885 4087 2112 4140 semen,

463 4155 546 4212 ita
571 4155 848 4225 segnities
877 4157 1223 4228 corrumpit.

535 4246 599 4302 In
627 4246 943 4316 Evangelio
969 4252 1168 4302 autem
1209 4247 1537 4304 secundum
1592 4249 1932 4305 Matthaeum
1984 4251 2113 4306 haec

465 4335 581 4392 alio
613 4336 796 4393 modo
818 4336 975 4392 dicta
1004 4340 1158 4402 sunt,
1193 4340 1251 4392 et
1286 4337 1457 4408 juxta
1501 4337 1685 4394 alium
1724 4338 2109 4395 intellectum.

1775 315 2128 374 EUTHYMII
2165 315 2503 378 ZIGABENI
3705 329 3790 382 796

535 446 695 500 Vers.
727 447 806 499 13.
835 444 905 500 Et
924 444 1000 498 ait
1021 472 1087 485 —
1109 444 1450 513 cognoscetis
1479 446 1505 501 ?
1528 445 1745 502 Omnes
1771 443 2111 516 parabolas,
2148 441 2194 495 A

2299 449 2397 497 Καὶ
2444 445 2576 518 λέγει
2631 478 2695 488 —
2752 450 3056 519 γνώσεσθε;
3118 451 3300 511 ιῐοίσας
3357 451 3450 511 τὰς
3508 450 3790 524 παραϐολὰς,

2225 535 2285 594 οἷς
2347 535 2513 606 μέλλει
2556 543 2748 611 προῖὼν
2807 537 2956 610 ἐρεῖν.
2992 539 3048 592 El
3097 543 3292 596 ταύτην
3347 540 3440 590 οὒκ
3492 537 3792 610 οἶδατε,πῶ;

2226 622 2414 686 ἐκείνας
2454 630 2749 697 γνώσεσθε;
2782 634 2945 679 Τοῦτο
2999 625 3057 680 δὲ
3092 626 3242 695 εἶπεν,
3275 627 3482 700 ἐγείρων
3524 630 3702 690 αὐτοὺς
3727 638 3791 682 ni

2227 709 2689 792 διορατικωτέρους
2736 727 2914 769 ποιῶν.
2967 715 3098 773 Εἶτα
3142 720 3407 793 ἐρμηνεύει
3438 724 3530 777 τήν
3579 720 3791 793 ῥηθείσῃ

2226 802 2546 874 παραϐολήν.

2295 890 2352 943 Ὀ
2379 923 2446 931 —
2475 898 2694 966 σπείρει.
2726 898 2823 947 Τὸν
2851 903 2941 956 τῆς
2968 891 3342 956 διδασκαλίας.

2297 981 2457 1034 Οὗτοι
2489 979 2548 1035 δὲ
2578 1013 2629 1023 ο-
2670 980 2814 1037 όδὸν.
2848 984 3029 1050 Οὗτοι,
3070 992 3244 1051 ποῖοι;
3289 986 3391 1048 Οὗς
3423 984 3549 1060 ἐρεῖ.

2304 1176 2460 1230 Ὀπου
2525 1201 2582 1212 -
2652 1178 2840 1232 αὐτῶν.
2907 1210 2969 1220 -
3033 1180 3201 1233 Ὀπου
3257 1186 3524 1253 σπείρεται
3575 1183 3601 1233 ὁ
3657 1181 3791 1253 λόγος,

2227 1263 2341 1319 ἀντὶ
2367 1275 2478 1331 τοῦ,
2514 1267 2604 1330 Εἰς
2633 1269 2716 1330 οῦς
2745 1274 3032 1342 σπείρεται.
3067 1273 3287 1343 Εἴρηται
3320 1268 3378 1324 δε
3411 1276 3527 1344 περὶ
3562 1274 3740 1324 τούτων
3758 1271 3794 1323 έν

2227 1363 2299 1426 τῷ
2330 1356 2528 1432 προῤῥη
2539 1359 2674 1410 θέντι
2703 1357 2979 1431 κεφαλαίῳ.

2300 1451 2400 1499 καὶ
2435 1447 2578 1498 οὗτοι
2610 1478 2674 1488 -
2703 1445 3159 1509 σκανδαλίζονται.
3203 1451 3422 1518 Εἰρήται
3449 1453 3542 1501 καὶ
3576 1455 3685 1523 περὶ
3707 1454 3795 1503 10-3-

2226 1555 2325 1586 των
2356 1534 2403 1587 ἐν
2436 1534 2630 1608 ἐκείνῳ,

2302 1629 2400 1676 Καὶ
2451 1625 2595 1676 οὗτοι
2649 1655 2720 1665 -
2770 1630 2988 1696 γίνεται.
3050 1630 3264 1698 Εἴρηται
3323 1631 3412 1679 καὶ
3466 1631 3584 1700 περὶ
3638 1632 3794 1680 τούτων

2227 1713 2438 1785 ὁμοίως.

2302 1807 2400 1855 Καὶ
2432 1804 2571 1856 οὗτοι
2611 1834 2678 1844 -
2709 1802 2905 1858 ἑκατόν.
2942 1807 3157 1879 Εἴρηται
3181 1810 3270 1858 καὶ
3301 1810 3419 1880 περὶ
3448 1808 3665 1861 τούτων.

2299 1987 2400 2034 Καὶ
2429 1981 2588 2054 ἔλεγεν
2626 2014 2684 2023 -
2714 1985 2832 2054 τεθῇ
2857 2001 2870 2050 ;
2905 2014 2973 2025 -
2996 1983 3273 2057 Ἔρχεται,
3307 1983 3421 2036 ἀντὶ
3451 1992 3566 2055 τοῦ,
3594 1984 3796 2054 Ἀγεται,

2226 2075 2517 2142 κομίζεται.
2559 2075 2771 2144 Εἰρηται
2808 2069 2866 2124 δὲ
2904 2078 2988 2123 καὶ
3040 2078 3159 2146 περὶ
3202 2076 3386 2125 τούτου
3436 2073 3483 2125 ἐν
3516 2083 3589 2144 τῷ
3619 2076 3797 2144 πέμπτῳ

2226 2159 2484 2233 κεφαλαίῳ
2513 2169 2604 2213 τοῦ
2631 2163 2764 2213 κατὰ
2792 2164 3082 2216 Ματθαίον.

2298 2356 2373 2408 Οὐ
2404 2387 2463 2397 -
2499 2358 2785 2430 φανερωθῇ.
2811 2355 2876 2408 Ὀ
2903 2359 2963 2409 ἄν
2992 2358 3106 2429 (38)
3139 2357 3197 2409 οὗ
3225 2360 3520 2431 φανερωθῇ.

2297 2539 2438 2596 Οὐδὲ
2473 2574 2533 2583 -
2564 2545 2710 2617 ἔλθῃ.
2743 2540 2884 2597 Οὐδὲ
2914 2543 3127 2616 ἐγένετο,
3169 2549 3346 2616 φησὶν.
3381 2543 3696 2617 ἀπόκρυφον,
3733 2543 3798 2592 in

2223 2635 2425 2706 κρυφθῇ
2461 2634 2571 2704 (39)
2623 2630 2715 2686 διὰ
2768 2637 2980 2699 παντὸς,
3030 2632 3136 2685 ἀλλ’
3186 2636 3267 2686 ἱνα
3309 2638 3435 2687 ποτε
3491 2635 3564 2696 εἰς
3615 2635 3795 2705 φανερόν

2223 2723 2365 2795 ἔλθῃ.
2420 2727 2543 2796 Περὶ
2589 2725 2774 2774 τούτου
2827 2718 2885 2774 δὲ
2924 2726 3129 2795 εἰρηται
3178 2722 3225 2775 ἐν
3273 2730 3345 2793 τῷ
3386 2719 3796 2789 ἐννεακαιδεκάτῳ

2223 2817 2478 2882 κεφαλαίῳ
2510 2819 2599 2863 τοῦ
2630 2815 2765 2863 κατὰ
2789 2814 3077 2866 Ἀίατθαίον.

2293 2903 2352 2952 Εἰ
2393 2920 2468 2960 τις
2509 2931 2572 2940 -
2619 2899 2863 2952 ἀκουέτω.
2913 2900 3172 2976 Ἀνωτέρω
3220 2907 3334 2976 περὶ
3380 2904 3572 2954 τούτου
3630 2897 3796 2954 διείλη-

2220 3007 2367 3043 πται.

2296 3083 2394 3130 Καὶ
2426 3077 2558 3150 λέγει
2598 3109 2662 3118 —
2691 3077 2917 3133 ἀκούετε.
2961 3110 3027 3119 -
3059 3078 3289 3145 Βλέπετε,
3325 3079 3440 3132 ἀντὶ
3483 3088 3598 3147 τοῦ,
3650 3086 3796 3149 [lpos-

2222 3165 2386 3238 ἔχετε.

2293 3257 2373 3310 Ἐν
2499 3261 2667 3330 μέτρῳ
2712 3289 2781 3298 -
2826 3259 2969 3326 ὑμῖν.
3017 3261 3098 3311 Ἐν
3229 3262 3401 3332 μέτρῳ
3448 3265 3676 3330 μετρεῖτε
3723 3261 3800 3312 τήν

2221 3351 2518 3419 προσοχὴν,
2552 3348 2599 3398 ἓν
2647 3355 2715 3416 τῷ
2747 3347 2886 3416 αὐτῷ
2919 3348 3305 3420 μετρηθήσεται
3345 3348 3467 3418 ὑμῖν
3529 3351 3556 3404 ἠ
3617 3356 3797 3417 γνῶσις,

2222 3439 2504 3498 τουτέστιν,
2552 3437 2680 3492 ὅσην
2728 3436 2982 3510 εἰσφέρετε
3038 3441 3337 3510 προσοχὴν,
3380 3440 3616 3493 τοσαύτη
3660 3453 3799 3506 παραυ

2225 3526 2543 3596 σχεθήσεται
2576 3525 2696 3596 ὑμῖν
2721 3533 2937 3596 γνῶσις.

2296 3618 2394 3665 Καὶ
2418 3615 2835 3688 προστεθήσεται
2866 3615 2985 3685 ὑμῖν
3017 3621 3122 3674 τοῖς
3154 3612 3427 3668 ἀκούουσι.
3463 3620 3567 3667 Καὶ
3588 3613 3646 3666 οὗ
3671 3617 3799 3685 μόνον

2223 3710 2270 3762 ἐν
2297 3719 2368 3781 τῷ
2401 3711 2539 3781 αὐτῷ
2569 3716 2760 3785 μέτρῳ,
2795 3709 2920 3762 ἀλλὰ
2945 3715 3034 3762 καὶ
3059 3710 3226 3763 πλέον.

2292 3800 2386 3860 ὀς
2442 3804 2541 3873 γὰρ
2605 3831 2666 3839 -
2732 3799 2820 3851 ἀπ’
2878 3800 3052 3853 αὑτοῦ.
3105 3807 3194 3860 ’ος
3241 3801 3302 3851 ἀν
3363 3803 3464 3872 ἔχῃ
3523 3803 3798 3875 προσοχένυ

2224 3885 2508 3947 δοθήσεται
2540 3888 2679 3958 αὐτῷ
2727 3897 2941 3960 γνῶσις,
2988 3895 3078 3941 καὶ
3109 3890 3162 3949 ὃς
3195 3888 3287 3940 οὐκ
3315 3892 3452 3960 ἔχει,
3501 3896 3612 3954 καὶ,
3655 3891 3678 3940 δ
3709 3891 3802 3957 ἔχει

2227 3983 2434 4050 σπέρμα
2461 3984 2720 4049 γνώσεως,
2749 3979 3039 4048 ἀρθήσεται
3074 3976 3164 4029 ἀπ’
3185 3987 3365 4031 αυτ-ου.
3401 3981 3644 4050 Καθάπερ
3669 3977 3798 4049 γὰρὴ

2226 4065 2431 4126 σπουδή
2463 4067 2606 4130 αὔξει
2650 4070 2707 4119 τὸ
2737 4074 2988 4130 τοιοῦτον,
3042 4067 3176 4119 οὕτω
3205 4072 3293 4119 καὶ
3338 4067 3453 4138 (40)
3504 4070 3535 4126 ἡ
3591 4069 3806 4142 ῥᾳθυμία

2226 4153 2533 4228 διαφθείρει.

2295 4246 2376 4298 Ἐν
2401 4255 2470 4316 τῷ
2510 4247 2644 4296 κατὰ
2669 4245 2938 4299 Ματθαίον
2989 4241 3066 4312 δὲ,
3099 4249 3289 4319 τρόπον
3329 4246 3498 4320 ἕτερον
3530 4244 3807 4320 ἐρρήθησαν

2222 4343 2408 4399 ταῦτα,
2439 4339 2528 4386 καὶ
2557 4335 2672 4384 κατ’
2706 4333 2862 4390 ἄλλην
2893 4336 3106 4389 ἔννοιαν.

537 4428 694 4482 Vers.
730 4431 818 4480 26.
852 4427 930 4480 Et
957 4426 1184 4480 dicebat
1217 4457 1281 4467 —
1312 4427 1476 4482 Vers.
1507 4428 1594 4481 27.
1627 4429 1798 4484 nescit
1847 4429 1970 4484 ille.
2011 4431 2105 4484 Re-

2297 4429 2396 4478 Kal
2447 4423 2610 4494 ἔλεγεν
2657 4453 2720 4463 --
2781 4419 2919 4475 οἶδεν
2970 4422 3140 4482 αὐτός.
3201 4421 3473 4475 Βασιλείαν
3505 4432 3598 4475 τοῦ
3651 4429 3806 4475 Θεοῦ·

467 4531 652 4584 gnum
685 4531 844 4571 nunc
871 4514 972 4570 Dei
999 4514 1264 4586 seipsum
1287 4515 1564 4588 appellat,
1607 4521 1888 4588 tanquam
1911 4533 2111 4588 regem

469 4610 523 4660 et
557 4607 764 4660 Deum.
824 4605 1097 4660 Similiter
1135 4612 1190 4659 et
1231 4605 1535 4660 hominem
1583 4623 1642 4661 se
1679 4612 1866 4672 vocat,
1912 4613 2113 4680 utpote

469 4693 863 4748 incarnatum.
899 4694 1104 4748 Semen
1148 4700 1350 4751 autem
1389 4695 1732 4765 evangelica
1790 4703 2110 4769 praecepta.

467 4783 705 4837 Terram
758 4796 897 4836 vero
947 4782 1219 4837 homines
1251 4790 1533 4848 terrenos,
1575 4789 1834 4841 attamen
1878 4785 2111 4855 bonos;

466 4885 610 4926 nam
643 4869 714 4925 de
754 4869 894 4924 solis
923 4870 1018 4925 his
1050 4871 1116 4926 ﬁt
1139 4871 1229 4928 hic
1259 4890 1474 4930 sermo.
1527 4876 1816 4931 Somnum
1846 4892 2110 4949 quoque,

468 4959 756 5030 requiem.
787 4960 1074 5015 Excitatur
1103 4976 1263 5031 ergo,
1320 4969 1490 5019 nocte
1519 4963 1784 5035 quidem,
1819 4965 1955 5019 dum
1987 4981 2116 5036 per-

472 5049 647 5104 mittit
675 5047 877 5102 induci
914 5049 1288 5117 tentationes,
1317 5067 1452 5124 quae
1483 5067 1592 5108 nos
1621 5051 1699 5108 ad
1727 5059 1963 5121 gratum
1997 5055 2115 5110 Deo

472 5137 825 5209 obsequium
845 5144 1190 5210 provocant.
1228 5143 1351 5196 Nox
1381 5141 1540 5196 enim
1570 5141 1922 5197 tentationes
1951 5148 2112 5212 sunt,

473 5231 713 5301 propter
737 5226 1160 5284 obscuritatem
1199 5228 1468 5285 tristitiae.
1502 5230 1602 5285 Die
1640 5245 1801 5296 vero.
1834 5230 1979 5287 dum
2010 5248 2116 5304 per

2222 4518 2307 4566 νύν
2349 4513 2591 4584 ὀνομαζει
2633 4511 2831 4575 ἑαυτὸν,
2888 4514 2957 4572 ὡς
3011 4509 3236 4583 βασιλέα
3291 4518 3382 4564 καὶ
3413 4517 3579 4565 Θεὸν
3641 4515 3810 4582 ὁμοίως

2225 4600 2283 4656 δὲ
2323 4607 2421 4654 καὶ
2452 4601 2563 4670 (41)
2626 4602 2915 4674 ἄνθρωπον,
2966 4603 3033 4660 ὡς
3076 4599 3567 4671 ἕνανθρωπήσαντα.
3634 4607 3809 4670 Σπὸρον

2226 4690 2284 4746 δὲ
2329 4692 2484 4762 λέγει,
2552 4692 2644 4752 τὰς
2703 4689 3034 4760 εὖαγγελικὰς
3106 4687 3344 4750 ἐντολάς·
3403 4697 3502 4760 γῆν
3571 4687 3650 4752 δὲ,
3712 4693 3813 4744 τοὺς

2225 4782 2479 4853 ἐπιγείους
2535 4778 2854 4852 ἀνθρώπους,
2915 4778 3043 4829 ἀλλὰ
3080 4782 3200 4838 τοὺς
3260 4778 3516 4849 ἀγαθούς·
3568 4783 3686 4853 περὶ
3735 4785 3812 4847 με-

2224 4893 2318 4923 νων
2366 4873 2466 4943 γὰρ
2524 4871 2716 4919 τούτων
2776 4868 2800 4918 ὁ
2848 4866 3001 4937 λόγος
3058 4869 3306 4919 ἐνταῦθα·
3363 4865 3692 4926 καθεύδησιν
3746 4865 3811 4935 δε,

2226 4966 2318 5019 τήν
2367 4958 2660 5030 ἀναμονήνο
2696 4958 2947 5030 ἐγείρεται
2992 4953 3067 5020 δὲ,
3119 4959 3280 5008 νύκτα
3333 4960 3444 5028 μὲν,
3497 4959 3620 5009 ὅταν
3662 4975 3814 5027 παραυ

2227 5057 2376 5122 χωρῇ
2466 5050 2580 5106 ὀὺς

2228 5143 2366 5211 ἡμᾶς
2412 5137 2482 5197 εἰς
2535 5135 2872 5208 εὐαρέστησιν
2921 5139 3065 5188 Θεου”
3113 5135 3205 5197 νὺξ
3252 5137 3376 5208 γὰρ,
3406 5138 3454 5188 οἱ
3521 5140 3810 5208 πειρασμοί,

2229 5227 2323 5284 διὰ
2359 5231 2445 5280 τὸν
2487 5226 2766 5295 σκοτισμὸν
2807 5231 2896 5282 τῆς
2923 5221 3126 5286 λύπης’
3177 5225 3374 5298 ἡμέραν
3432 5221 3512 5290 δὲ,
3564 5225 3687 5276 ὅταν
3732 5217 3814 5274 δια

2668 5049 2984 5116 πειρασμοὺς
3061 5044 3368 5115 ἐπάγεσθαι,
3450 5043 3814 5102 διανιστώντας

1689 5384 1912 5454 Variae
1940 5380 2372 5454 lectiones'et
2412 5389 2613 5448 notas.

546 5554 660 5626 (38)
685 5554 857 5627 Apud
888 5550 1237 5627 Hentenium
1263 5551 1361 5607 hic
1386 5568 1592 5608 versus
1624 5571 1745 5609 uno
1775 5555 1997 5610 scholio
2025 5571 2119 5610 ex-

475 5625 750 5699 plicatur.
781 5630 926 5694 Ergo
967 5626 1178 5680 desunt
1215 5626 1338 5680 haec
1363 5632 1619 5696 quatuor
1647 5627 1958 5692 vocabula,
1987 5642 2122 5699 quae

476 5697 775 5768 explicant
798 5701 882 5752 εοίν
912 5702 1006 5771 μή.

2326 5549 2417 5619 39)
2460 5545 2659 5622 Κρυϐῇ,
2697 5551 2754 5600 Β.

2328 5618 2418 5687 40)
2461 5618 2581 5683 Καὶ,
2607 5618 2795 5687 abest.
2824 5622 2880 5669 B.

2302 5685 2417 5766 (41)
2447 5691 2673 5766 ,Ὁμοίως
2701 5685 2780 5762 δέ,
2808 5687 3027 5747 absunt
3051 5689 3122 5744 Α.
