3922 6200
506 308 615 367 799
1824 304 2173 361 EUTHYMII
2212 304 2542 363 ZIGABENI
3736 313 3805 369 800

512 466 517 473 η
573 436 735 492 Vers.
762 437 847 491 38.
880 435 957 490 Et
983 438 1134 489 erat.
1169 461 1237 473 -—-
1260 434 1422 488 Vers.
1443 436 1529 490 39.
1553 447 1791 505 magna.
1823 433 2053 490 Dictum

2346 438 2448 487 Καί
2485 435 2546 494 ἦν
2592 466 2660 477 -
2732 435 2957 508 μεγάλη,
3012 434 3238 510 Ἐῤῥήθη
3306 438 3397 487 καὶ
3486 438 3604 508 περὶ
3670 437 3802 487 τούτων

503 525 721 583 ibidem
754 524 828 577 de
861 523 952 577 his
984 521 1287 577 omnibus.

2343 543 2469 575 ντων
2493 523 2540 576 ἐν
2570 524 2745 597 ἐκείνῳ
2758 570 2769 582 .

576 615 735 668 Vers.
766 612 858 679 40,
882 612 962 665 Et
983 611 1137 667 dixit
1168 643 1237 651 —
1288 611 1369 666 ita
1393 612 1421 666 i‘
1451 611 1525 668 Ut
1578 612 1725 685 quid
1764 613 1846 669 ita
1885 612 2099 668 timetis

2343 618 2440 666 Kal
2485 611 2619 667 εἶπεν
2664 647 2733 655 -
2784 616 2943 676 οὕτως
2977 633 2989 682 ;
3018 618 3165 667 Διατὶ
3218 614 3457 686 φοϐεῖσθε
3502 612 3676 682 οὕτως,
3706 616 3805 684 ἔχον-

499 718 637 757 cum
666 716 759 754 me
792 699 1105 755 vobiscum
1136 699 1553 774 habeatis,qui
1574 718 1829 773 possum
1860 702 1933 758 de
1964 717 2048 757 mc

2264 722 2341 762 τες
2370 702 2479 775 μεθ’
2531 704 2724 757 ἑαυτῶν
2764 704 2867 777 ἐμὲ,
2927 708 3013 757 τὸν
3072 705 3255 766 σώζειν
3314 703 3368 756 ἐκ
3417 704 3646 756 θανάτου
3691 703 3803 776 i‘X'j'

499 803 753 857 servare,
789 794 845 844 et
869 788 1078 844 omnia
1110 806 1372 859 possum.

2264 811 2406 860 οντα,
2436 798 2524 846 καὶ
2558 796 2720 847 πάντα
2750 790 3031 866 δυνάμενον
3055 811 3067 859 ;

571 880 726 932 Vers.
770 880 859 933 40.
896 878 1190 947 Quomodo
1215 909 1286 919 —
1306 879 1586 948 ﬁduciam
1620 882 1648 938 1?
1676 880 1935 936 Firmam
1977 896 2049 936 ac
2070 880 2120 935 in

1997 896 2049 936 1c
2070 880 2155 936 in-
2336 889 2521 944 Πῶς-
2554 886 2753 948 πίστιν,
2784 880 3148 951 Ἀδίστακτον,
3183 880 3546 956 ἀναμφίϐολον.

497 966 862 1024 dubitatum.

570 1057 737 1112 Vers.
770 1060 856 1111 41.
891 1058 966 1112 Et
1026 1057 1351 1115 timuerunt
1398 1089 1466 1098 —
1524 1059 1599 1115 ei.
1634 1059 1822 1116 Etiam
1852 1058 2044 1115 dehis
2073 1056 2156 1114 ibi
2339 1103 2375 1116 ..
2422 1101 2431 1113 .
2504 1096 2516 1112 .
2592 1095 2689 1116 ,οη
3058 1096 3069 1113 .
3124 1103 3142 1113 -
3216 1098 3255 1116 ,ν
3300 1100 3310 1112 .
3531 1096 3645 1116 ων,
3686 1115 3689 1116 ν

587 1095 737 1112 νυιῡ.
770 1095 856 1111 τι.
891 1095 964 1112 μιν
1026 1095 1222 1114 ιιιιιιουι
1246 1095 1351 1115 ωηνν
1398 1095 1466 1098 —
1524 1095 1599 1115 Gtc
1634 1095 1822 1116 uirium
1852 1095 1927 1115 UO
1952 1095 2044 1114 usu
2073 1095 2099 1114 ιλ

550 1148 721 1170 ἔρια...
772 1151 854 1170 --ι

2339 1101 2439 1150 Καὶ
2497 1095 2827 1170 ἐφοϐήθησαν
2893 1129 2959 1139 -
3008 1096 3171 1168 αὐτῷ.
3216 1098 3318 1152 Καὶ
3364 1099 3485 1169 περὶ
3523 1096 3703 1147 τούτων
3740 1095 3807 1147 ἐκεῖ

500 1146 726 1203 dictum
768 1151 874 1201 est.

2267 1184 2295 1238 ὃ
2307 1146 2587 1245 adiicit-air.

1006 1325 1153 1380 CAP.
1184 1325 1269 1380 XI.
1302 1327 1382 1382 De
1409 1326 1655 1397 legione.

2623 1319 2773 1368 ΚΕΦ.
2815 1310 2913 1367 ΙΑ’.
2948 1315 3071 1386 Περὶ
3099 1318 3191 1364 τοῦ
3216 1310 3480 1382 λεγιῶνος.

573 1414 736 1473 CAP.
775 1417 838 1469 V.
870 1414 1032 1471 Vers.
1058 1416 1110 1469 1.
1155 1416 1237 1472 Et
1280 1422 1563 1472 venerunt
1591 1447 1660 1456 —
1688 1416 2122 1474 Gadarenorum

2339 1401 2445 1456 Καὶ
2507 1398 2660 1460 ἦλθον
2728 1432 2797 1443 —
2862 1398 3199 1475 Γαδαρηνῶν,
3286 1403 3508 1473 Εἴρηται
3575 1402 3679 1472 περὶ
3729 1399 3807 1448 τοὺ-

504 1504 737 1561 Dictum
764 1508 851 1560 est
870 1504 944 1560 de
974 1505 1067 1560 his
1110 1504 1470 1562 duodecimo
1500 1505 1795 1575 Evangelii
1816 1506 1987 1577 juxta
2013 1506 2053 1561 lit

2264 1510 2363 1542 των
2430 1490 2477 1543 ἐν
2548 1500 2618 1563 τῷ
2676 1487 2959 1562 δωδεκάτῳ
3029 1488 3286 1563 κεφαλαίῳ
3371 1496 3466 1541 τοῦ
3522 1490 3653 1540 κατὰ
3702 1493 3808 1540 Ματ-

502 1593 717 1651 thaeum
748 1593 962 1665 capite.

879 1596 962 1649 ,te.
2266 1581 2428 1635 θαῐον.

576 1681 740 1739 Vers.
768 1686 821 1737 2.
864 1683 937 1738 Et
969 1698 1187 1753 egresso
1231 1713 1301 1724 —
1327 1683 1486 1739 Vers.
1535 1683 1588 1749 3,
1626 1684 2035 1741 monumentis.
2068 1683 2125 1740 Ib

2339 1674 2439 1721 Καὶ
2519 1668 2792 1731 ἐξελθόντι,
2878 1700 2948 1710 -
3011 1674 3298 1741 μνήμασιν.
3368 1668 3503 1723 Ἐκεῖ
3553 1672 3642 1720 καὶ
3688 1672 3812 1718 ταῦτα

504 1772 683 1831 etiam
707 1773 835 1827 haec
867 1788 1091 1842 quaere.

968 1788 1091 1827 ere.
2190 1785 2233 1839 B
2267 1758 2517 1819 ζήτησον.

576 1864 741 1919 Vers.
769 1866 820 1918 3.
870 1864 937 1917 Et
998 1877 1177 1933 neque
1225 1893 1294 1902 —
1353 1864 1513 1917 Vers.
1546 1862 1600 1917 6.
1662 1863 1929 1919 adoravit
1988 1878 2119 1921 eum

2343 1852 2440 1900 Καὶ
2497 1850 2613 1900 οὔτε
2701 1879 2760 1888 σ-
2807 1849 3190 1923 προσεκύνησεν
3283 1846 3441 1917 αὐτῷ.
3504 1854 3641 1921 Σαφῆ
3690 1852 3811 1896 ταῦτα

505 1952 679 2009 Clara
706 1952 982 2009 sunthaec
1007 1957 1063 2007 et
1087 1951 1419 2008 manifesta.

1103 1951 1419 2008 nanifesta.
2266 1941 2353 1989 καὶ
2389 1934 2652 2011 πρόδηλα.

577 2041 743 2097 Vers.
775 2047 827 2096 7.
857 2042 930 2097 Et
970 2043 1231 2098 clamans
1258 2073 1325 2083 —
1353 2042 1588 2099 Επειδὶ
1612 2043 1641 2097 9
1669 2043 1876 2109 Ουωτθ
1907 2042 1969 2099 in
1997 2042 2126 2099 ἀίεις

2340 2031 2441 2079 Καὶ
2489 2028 2681 2101 κράξας
2735 2058 2797 2068 -
2853 2026 3153 2099 “Υψίο“του;
3240 2030 3480 2083 Ζητησον
3536 2022 3588 2075 ἐν
3639 2031 3698 2093 τῷ
3741 2022 3807 2095 ῥη-

506 2131 662 2190 loco.

2270 2117 2404 2168 θέντι
2432 2114 2710 2188 κεφαλαίῳ.

580 2222 737 2276 Vers.
765 2226 819 2275 7.
844 2250 845 2253 η
872 2220 1101 2290 Adjuro
1127 2250 1198 2261 —
1246 2226 1529 2292 torqueas.
1593 2222 1746 2278 Sane
1774 2220 1892 2277 hoc
1915 2236 2129 2295 quoqur

2336 2204 2564 2280 Ὁρκίζω
2650 2237 2718 2245 -
2820 2203 3135 2278 βασανίσῃς.
3256 2203 3476 2256 Ἐκεῖθεν
3561 2221 3643 2254 και
3702 2207 3811 2251 τοῦτο

508 2309 710 2366 licebit
736 2313 797 2365 ut
820 2309 957 2364 inde
996 2324 1344 2380 cognoscas.

997 2324 1344 2380 cognoscas.
2267 2300 2447 2367 γνοίης
2468 2296 2546 2349 ἄν.

581 2401 736 2455 Vers.
778 2402 831 2454 3.
875 2372 1119 2456 Dicebat
1152 2428 1212 2440 -
1246 2398 1496 2455 homine.
1554 2398 1747 2455 Multis
1793 2398 2129 2456 dasmonibu

2342 2381 2512 2455 Ἔλεγε
2575 2414 2640 2424 -
2692 2381 2983 2455 ἀνθρώπου.
3040 2381 3124 2441 Ὠς
3180 2380 3270 2449 ἐνὶ,
3320 2387 3431 2441 τοῖς
3486 2378 3680 2439 πολλοῖς
3726 2372 3815 2428 δαί-

508 2487 765 2560 imperat
791 2487 963 2561 quasi
1003 2503 1158 2543 unus
1205 2492 1378 2554 esset,
1422 2493 1667 2561 propter
1691 2489 2057 2546 imbecillitat

1971 2494 2159 2546 tatem
2270 2491 2445 2545 μοσιν,
2482 2470 2762 2537 ἐπιτάττει,
2798 2468 2889 2524 διὰ
2913 2475 3004 2529 τὴν
3038 2470 3300 2523 ἀσθένειαν
3331 2469 3520 2523 αὐτῶν.

510 2577 804 2649 ipsorum.

583 2666 747 2722 Vers.
792 2668 842 2721 9.
876 2666 955 2721 Et
1004 2666 1407 2737 interrogabat
1449 2697 1518 2707 —
1559 2682 1784 2725 sumus.
1853 2667 2132 2723 Hominen

2346 2674 2445 2723 Καὶ
2489 2667 2732 2741 ἐπηρώτα
2785 2699 2852 2709 -
2904 2666 3074 2740 ἐσμέν.
3130 2669 3229 2719 Τόν
3282 2667 3559 2740 ἄνθρωπον
3737 2661 3825 2717 ἐπη-

513 2754 749 2827 quidem
762 2755 1188 2825 interrogabat,
1208 2756 1311 2811 sed
1340 2755 1602 2827 pervenit
1629 2756 1879 2829 quaestio
1892 2757 1962 2812 ad
1979 2774 2062 2812 mu

2273 2765 2413 2834 ρὼτα
2462 2779 2474 2791 ο
2518 2762 2647 2832 πρὸς
2703 2760 2759 2809 τέ
2822 2756 3012 2816 πλῆθος
3080 2750 3137 2808 δὲ
3194 2763 3293 2807 τῶν
3326 2755 3375 2807 ἐν
3429 2755 3577 2826 αὐτῷ
3614 2750 3822 2824 δαιμόνων

510 2844 779 2901 tudinem
809 2844 1288 2917 daemonum,qui
1313 2846 1374 2900 in
1392 2846 1522 2917 ipso
1535 2850 1705 2901 erant
1730 2846 1895 2902 :ideo
1921 2862 2059 2918 quor

2273 2844 2524 2899 διέϐαινεν
2574 2849 2602 2905 ἠ
2667 2845 2936 2920 ἐρώτησις.
3018 2848 3102 2896 Διό
3152 2849 3242 2896 καὶ
3298 2847 3356 2895 τὸ
3410 2843 3611 2905 πλῆθος
3674 2844 3822 2894 τούτω

509 2933 820 3004 respondit
849 2932 1165 2988 multitudo
1198 2932 1457 2988 illorum.
1490 2934 1664 3004 Legio
1705 2938 1900 2990 autem
1922 2950 2058 3006 pro;

2273 2936 2548 3007 ἀπεκρίθη.
2620 2940 2821 3006 Λεγεὼν
2878 2931 2935 2987 δὲ
3009 2934 3325 3005 ὠνομάζετο,
3401 2929 3499 2985 διὰ
3557 2935 3614 2984 τὸ
3658 2930 3822 2986 aliis;

513 3021 952 3077 multitudinem
988 3021 1127 3075 dicti
1154 3026 1308 3076 sunt.
1343 3023 1579 3094 Proprie
1626 3023 1785 3078 enim
1816 3022 1971 3094 legio
2015 3040 2062 3078 m

2273 3029 2471 3097 Λενγέὼν
2554 3026 2656 3099 ’γὰρ
2732 3028 2944 3096 κυρίως,
3024 3026 3203 3095 τάγμα
3282 3023 3399 3093 (45)
3478 3022 3822 3095 στρατιωτικόν.

513 3115 639 3166 tum
653 3125 873 3181 agmen
899 3115 1003 3166 est.
1023 3110 1432 3181 lnterrogabat
1445 3127 1608 3177 vero,
1644 3118 1705 3169 ut
1730 3128 2061 3183 cognoscer

2278 3114 2551 3188 Ἐπηρώτα
2608 3110 2684 3184 δὲ,
2731 3115 2813 3165 ἵνα
2864 3120 3058 3184 γνῶσιν
3110 3114 3158 3164 οἱ
3215 3116 3489 3185 παρόντες,
3558 3113 3636 3164 ὅτι
3677 3107 3827 3161 πολλῶν

513 3201 617 3272 qui
655 3203 978 3271 praesentes
1009 3206 1194 3267 erant,
1224 3201 1390 3274 quod
1438 3201 1761 3258 multorum
1815 3203 2062 3260 daemon

1878 3210 2161 3260 emonum
2274 3200 2533 3274 δαιμόνων
2555 3203 2855 3278 οἰκητήριον
2887 3204 2911 3253 ό
2944 3203 3014 3263 εἷς
3043 3204 3311 3274 ἄνθρωπος
3342 3209 3427 3260 ῆν.

511 3287 916 3345 habitaculum
945 3293 1071 3345 erat
1101 3305 1257 3345 unus
1289 3289 1495 3345 homo.

582 3378 747 3434 Vers.
780 3379 867 3434 t0.
921 3379 997 3434 Et
1052 3379 1481 3448 deprecabatur
1515 3411 1585 3419 —
1613 3380 1931 3450 regionem.
1978 3382 2131 3437 Luca

2348 3387 2447 3435 Καὶ
2516 3380 2793 3455 παρεκάλει
2842 3412 2909 3421 -
2959 3385 3155 3452 χώρας.
3200 3380 3258 3432 Ὀ
3316 3376 3374 3432 δὲ
3428 3385 3640 3439 Λουκᾶς
3689 3376 3827 3428 riter

512 3483 652 3523 vero
681 3467 847 3532 dixit,
871 3468 1037 3540 quod
1058 3470 1237 3524 etiam
1268 3468 1747 3540 deprecabantur
1792 3486 1952 3537 eum,
1980 3486 2053 3525 ne

2285 3473 2354 3524 in
2392 3476 2481 3523 καὶ
2509 3470 2784 3546 παρεκάλει
2833 3470 3007 3539 αὑτὸν,
3068 3471 3149 3521 ἶνα
3200 3473 3270 3541 μὴ
3322 3467 3547 3541 ἐπιτάξῃ
3594 3467 3752 3525 αὐτοῖς
3789 3462 3834 3519 εἰς

513 3557 679 3614 heret
707 3558 845 3629 ipsis
897 3563 958 3612 ut
991 3557 1051 3612 in
1084 3558 1375 3629 abyssum
1407 3559 1558 3613 irent
1587 3560 1655 3611 ιδ.
1707 3558 2034 3615 Verisimile

2287 3565 2365 3619 τὴν
2395 3559 2628 3612 ἄϐυσσον
2678 3557 2929 3612 ἀπελθεῖν.
2990 3558 3137 3618 Εἰκὸς
3192 3560 3314 3630 γὰρ,
3374 3562 3470 3609 καὶ
3529 3562 3644 3631 περὶ
3694 3556 3836 3604 τούτου

515 3652 727 3712 autem,
757 3646 918 3717 quod
961 3651 1016 3702 et
1045 3646 1159 3702 hoc
1185 3651 1241 3702 et
1275 3646 1418 3701 illud
1450 3646 1949 3717 deprecabantur.

1342 3646 1418 3701 ud
1450 3646 1949 3717 deprecabantur.
2274 3648 2513 3703 κάκείνου
2548 3647 2882 3721 παρακαλεῖν.

592 3738 749 3791 Vers.
785 3741 867 3790 tt.
904 3737 1046 3792 Erat
1071 3741 1266 3791 autem
1321 3765 1392 3776 —
1424 3737 1585 3790 Vers.
1647 3739 1727 3791 13η
1784 3736 1844 3791 in
1872 3739 2051 3793 mari.
2086 3739 2141 3791 Ι)ε

2347 3738 2443 3791 Ἤν
2488 3735 2546 3792 δὲ
2604 3769 2671 3777 -
2729 3737 2780 3790 ἓν
2817 3745 2879 3809 τῇ
2940 3735 3203 3807 Θαλάσσῃ.
3260 3740 3386 3808 Περὶ
3426 3737 3629 3787 τούτων
3678 3735 3839 3803 εἴρηται,

516 3825 606 3881 his
650 3824 1069 3897 particularius
1100 3824 1328 3881 dictum
1359 3829 1445 3880 est
1476 3824 1756 3896 praedicto
1804 3826 1997 3898 capite
2023 3827 2062 3882 d

2292 3836 2600 3902 lmrouspdi;
2682 3825 2728 3878 ἐν
2821 3834 2892 3897 τῷ
2959 3824 3299 3900 προρῥηθέντι
3388 3820 3675 3893 δωδεκάτῳ
3724 3837 3841 3890 κῆαι

516 3915 771 3971 decimo.

2278 3917 2426 3989 λαίῳ.

518 4076 521 4079 ν
590 4004 863 4059 Vers.”.
927 4002 1037 4070 Qui
1055 4018 1190 4059 vero
1222 4002 1619 4065 pascebant—
1664 4004 1824 4076 quod
1850 4004 2065 4063 accidet

2352 4009 2420 4063 Οἱ
2479 4003 2536 4059 δὲ
2595 4004 2879 4078 βόσκοντες
2953 4032 3023 4046 —
3072 4006 3301 4075 γεγονός.
3355 4001 3586 4075 Ὁμοίως
3635 4005 3718 4051 καὶ
3758 3998 3846 4063 περὶ

521 4093 797 4151 Similiter
819 4097 876 4148 et
896 4094 967 4147 de
999 4093 1091 4147 his
1123 4092 1347 4148 dictum
1383 4096 1488 4149 est.

944 4109 967 4147 e
999 4093 1091 4147 his
1123 4092 1347 4148 dictum
1383 4096 1488 4149 est.
2280 4099 2493 4149 τούτων.

592 4185 748 4238 νοτε.
782 4183 869 4239 15.
902 4183 977 4237 Et
1005 4183 1240 4238 veniunt
1262 4213 1329 4221 —
1362 4182 1701 4238 timuerunt.
1747 4184 1933 4239 Lucas
1971 4187 2141 4240 auten

2357 4189 2456 4238 Καὶ
2526 4187 2770 4257 ἔρχονται
2858 4213 2926 4223 -—
3010 4180 3359 4254 ἐφοϐήθησαν.
3448 4180 3513 4233 Ὀ
3564 4177 3625 4233 δὲ
3685 4179 3851 4231 Anuli;

520 4272 662 4328 dixit
691 4272 864 4328 etiam
903 4288 914 4325 :
946 4271 1056 4328 Ubi
1080 4273 1431 4327 invenerunt
1457 4287 1583 4328 eum
1611 4271 1891 4330 sedentem
1926 4274 1994 4340 δ’,
2029 4289 2067 4347 p

2309 4271 2410 4343 ἴπε,
2464 4278 2552 4325 καὶ
2606 4280 2713 4325 Ποῦ
2780 4268 2922 4346 εὖρον
2981 4270 3137 4323 αὐτόν
3192 4271 3510 4341 καθήμενον,
3612 4270 3690 4320 ὅτι
3744 4266 3854 4331 παρὰ

521 4363 599 4420 ad
627 4362 811 4435 pedes
835 4361 994 4417 Jesu.

2346 4368 2399 4424 υς
2428 4360 2596 4425 πόδας
2623 4370 2713 4414 τοῦ
2741 4361 2945 4419 Ἰησοῦ.

592 4451 755 4508 Vers.
787 4453 878 4509 19.
912 4450 1265 4508 Narrabant
1316 4480 1386 4490 —
1424 4449 1806 4507 daemoniaco.
1858 4452 2141 4518 Quomodn

2356 4458 2685 4524 Διηγὴσαντο
2738 4481 2801 4489 -
2857 4446 3289 4521 δαιμονιζομένῳ.
3341 4454 3461 4509 Πῶς
3514 4445 3713 4518 ἐγένετο
3748 4439 3857 4504 αὐτῷ

522 4539 675 4598 facta
700 4540 893 4597 fuerat
922 4540 1071 4596 ineo
1103 4539 1353 4595 mutatio
1383 4555 1452 4595 ac
1484 4555 1633 4595 sana
1664 4555 1852 4595 mens.

2344 4541 2596 4614 μεταϐολὴ
2630 4544 2719 4592 καὶ
2742 4542 3048 4613 σωφροσύνη
3060 4578 3071 4589 .

595 4630 755 4683 Vers.
793 4630 877 4685 16.
924 4630 996 4684 Et
1034 4629 1106 4685 de
1133 4631 1345 4697 porcis.
1405 4629 1720 4695 Quomodo
1760 4629 1820 4685 hi
1852 4629 2144 4701 perierant

2358 4636 2458 4685 Καὶ
2488 4636 2606 4703 περὶ
2636 4638 2728 4688 τῆν
2759 4633 2976 4703 χοίρων.
3004 4634 3119 4688 Πῶς
3148 4622 3291 4679 οὗτοι
3322 4624 3623 4677 ἀπώλοντο.

596 4716 757 4771 Vers.
792 4723 874 4772 t7.
904 4696 1340 4789 Creperuntque
1366 4749 1433 4758 —
1460 4734 1680 4774 eorum.
1719 4696 1993 4775 Similiter
2020 4724 2075 4776 et
2100 4720 2145 4775 dt

2358 4725 2457 4773 Καὶ
2486 4718 2707 4791 ἤρξαντο
2755 4747 2813 4758 σ-
2858 4716 3047 4769 «arm.
3085 4720 3185 4768 Καὶ
3236 4719 3354 4788 περὶ
3386 4716 3593 4766 τούτων
3626 4714 3804 4782 ὁμοίως
3822 4723 3863 4753 τῦ

526 4805 620 4861 his
653 4804 826 4861 docet
865 4805 1187 4876 capitulum
1226 4806 1391 4862 illud.

2284 4811 2554 4883 κεφάλαιον
2587 4806 2742 4860 ἐκεῖνο
2771 4802 3042 4861 διδάσκει.

598 4894 761 4950 Vers.
797 4895 881 4949 18.
913 4894 1168 4965 Cumque
1191 4895 1535 4952 ascendisset
1568 4927 1636 4936 —
1667 4912 1791 4953 cum
1844 4912 1925 4954 eo.
1960 4897 2145 4954 Gratu

2359 4904 2459 4952 Kal
2513 4896 2755 4969 ἐμϐάντος
2815 4925 2880 4933 —
2934 4894 3042 4965 μετ’
3096 4893 3270 4947 αὑτοῦ.
3346 4891 3502 4964 Ἀμα
3720 4888 3867 4955 εὴτωο

531 4983 728 5049 simul,
760 4989 816 5040 et
844 4984 1150 5040 dtemones
1180 4986 1413 5051 timens,
1447 5002 1518 5042 ne
1558 4987 1680 5042 sine
1728 4987 1828 5042 illo
1874 4987 2077 5043 invent

2343 4997 2471 5055 ›νῶν,
2535 4986 2644 5058 άμα
2692 4981 2750 5036 δὲ
2806 4987 2893 5034 καὶ
2944 4981 3253 5055 φοϐούμενος
3310 4985 3433 5041 τοὺς
3504 4976 3776 5051 δαίμονας,
3816 4989 3863 5041 ξι(

529 5090 771 5132 rursum
800 5075 887 5131 eis
919 5074 1264 5131 traderetur.

2343 5082 2457 5150 ωρὶς
2512 5075 2671 5127 αὐτοῦ
2732 5079 2910 5124 τοῦτον
2969 5072 3216 5145 εὑρόντες,
3284 5068 3441 5122 πάλιν
3498 5064 3869 5124 iac-madrich

3170 5212 3174 5233 ς
3892 5166 3893 5231 ἢ

602 5254 768 5311 Vers.
813 5254 899 5308 19.
931 5253 1095 5309 Jesus
1119 5259 1315 5310 autem
1345 5284 1414 5297 —-
1445 5255 1722 5312 misertus
1751 5256 1826 5311 sit
1853 5256 1958 5313 tui.
2009 5255 2151 5327 Dimi

2358 5255 2416 5307 Ὀ
2468 5250 2526 5306 δὲ
2600 5251 2807 5312 Ἰησοῦς
2888 5280 2954 5290 —
3032 5248 3303 5308 ἠλέησέσε.
3382 5245 3675 5299 Ἀπέλυσεν
3728 5242 3872 5295 criti»

533 5344 605 5400 sit
629 5359 770 5400 eum
791 5342 1026 5414 abjecto
1051 5357 1195 5398 sane
1209 5342 1288 5399 ab
1304 5359 1375 5399 eo
1395 5343 1498 5418 huj
1510 5343 1750 5402 usmodi
1768 5344 1999 5417 timore,
2017 5362 2082 5419 qi

2343 5352 2441 5397 ιῦτο
2498 5344 2587 5415 μὲν
2638 5343 2723 5392 τὸν
2778 5345 3008 5392 νοιοῦτον
3072 5336 3223 5410 φόϐον
3280 5335 3523 5389 ἐκϐαλών
3578 5334 3667 5387 ἀπ’
3724 5331 3867 5383 αὐτοῦ.

606 5453 654 5488 ⁸⁸
684 5453 825 5508 Luc.
853 5466 951 5507 vni
971 5449 1061 5505 3i.
1140 5450 1186 5484 ⁴⁹
1213 5448 1363 5505 Ibid.
1396 5450 1484 5506 35.

1737 5551 1969 5621 ’Variae
1999 5551 2326 5622 lectiones
2367 5558 2433 5619 et
2457 5557 2658 5616 notae.

611 5668 722 5741 (45)
760 5669 1018 5742 Τάγματα
1051 5664 1423 5743 στρατιωτικά.
1456 5670 1517 5719 Α.
