3922 6200
158 209 228 266 801

1174 184 1519 247 COMMENT
1560 178 1627 238 IN
1669 178 1993 241 MARCUM.
2035 217 2103 229 —
2141 184 2298 244 CAP.
2341 184 2409 243 V.

3317 186 3426 247 802

158 347 206 404 ὡς
258 339 402 412 μηκέτι
467 337 561 383 τῶν
633 325 896 400 δαιμόνων
961 325 1394 397 κατατολμωντων
1476 314 1654 370 αὐτοῦ.

1842 325 1892 366 ιη
1921 311 2212 369 auderent
2228 313 2304 368 ad
2319 327 2455 368 eum
2470 311 2777 370 daemones
2795 308 3096 380 accedere,
3117 317 3246 371 etut
3265 314 3421 380 illos,

159 448 267 484 τουτο
307 421 366 485 δὲ,
408 424 482 472 καὶ
531 421 614 471 ἵνα
663 424 765 478 τοῖς
819 415 864 467 ἐν
919 424 989 487 τῷ
1036 419 1160 485 οἴκῳ
1206 417 1292 464 καὶ
1325 419 1385 482 τῇ
1443 401 1661 480 πατρίδι

157 519 271 570 ἀύτοῦ
314 507 603 568 διδάσκαλος
656 513 748 558 τοῦ
800 507 1060 577 θαύματος
1114 507 1341 574 γένηται.
1395 497 1504 550 Οὐκ
1555 493 1661 547 εἷπε

159 605 216 672 δί,
255 605 316 656 ὁτι
350 606 468 652 Ὅσα
498 615 582 648 σοι
611 597 890 657 πεποίηκα,
941 592 1047 644 ἀλλ’
1080 593 1160 644 ὅτι
1188 590 1328 643 Ὀσα
1373 607 1458 639 σοι
1496 587 1521 637 ὁ
1558 591 1657 637 Ku-

154 713 234 766 ριος
285 693 514 749 πεποίηκε,
580 692 652 754 τῷ
725 687 893 758 Πατρὶ
948 686 1005 734 τὸ
1079 683 1254 752 θαῦμα
1322 677 1662 750 ἐπιγραφόμε-

155 804 230 846 νος,
265 785 334 832 καὶ
380 772 624 830 παιδεύων
676 775 830 846 ἡμᾶς,
897 780 970 842 τῷ
1010 774 1122 841 Θεῷ
1179 771 1242 822 τὰ
1280 767 1664 840 κατορθώματα

155 868 464 942 ἐπιγράφεσθαι.

207 964 283 1012 Καὶ
325 954 490 1014 ἀπῆλθε
528 984 597 992 -
661 951 973 1024 ἐθαύμαζον.
1029 948 1088 1001 Ὀ
1144 951 1232 1018 μὲν
1291 947 1523 1018 Χριστὸς
1579 947 1665 1015 μέ-

157 1053 408 1122 εοιορρονὼν,
453 1051 522 1113 τῷ
597 1045 766 1114 Πατρὶ
825 1043 882 1093 τὸ
950 1041 1098 1115 ἔργον
1169 1035 1429 1094 ἀνέθηκεν
1499 1036 1524 1086 ὁ
1603 1030 1660 1084 δε

156 1121 402 1208 θεραπευθεὶς
478 1131 828 1202 εὐγνωμονῶν,
908 1136 981 1199 τῷ
1067 1133 1279 1201 Χριστῷ
1357 1131 1510 1177 τοῦτο
1579 1121 1662 1174 ἁν-

162 1226 284 1276 ετίθει.

212 1350 316 1398 κεν·
337 1342 413 1396 ΙΒ’.
446 1347 568 1416 Περὶ
597 1349 688 1402 τῆς
716 1343 971 1414 θυγατρὸς
999 1346 1090 1393 τοῦ
1123 1337 1589 1414 ἀρχισυναγώγου.

208 1438 280 1486 Καὶ
317 1429 710 1506 διαπεράσαντος
761 1438 856 1482 τοῦ
914 1431 1090 1488 Ἰησοῦ
1123 1460 1191 1470 —-
1244 1427 1488 1501 ἕσχάτῶς
1526 1430 1660 1500 ἔχει.
1692 1448 1732 1501 Β

149 1526 238 1594 Περὶ
291 1524 448 1574 τούτου
530 1517 836 1592 διελάϐομεν
909 1518 957 1571 ὶν
1043 1527 1115 1589 τῷ
1217 1515 1662 1588 πεντεκαιδεκατῳ

147 1609 341 1681 κεφαλαίῳ
366 1617 444 1662 τοῦ
477 1612 618 1662 κατὰ
666 1610 957 1665 Ματθαίον.
992 1611 1061 1661 Τὸ
1115 1604 1175 1660 δε
1204 1607 1482 1679 Ἐσχοίτῶς
1524 1609 1659 1679 ἔχει,

139 1698 223 1750 ἀντὶ
243 1708 334 1765 τοῦ,
359 1699 626 1752 Τελευταῖα
653 1703 807 1753 πνέει.

191 1786 278 1840 Ἰνα
317 1786 454 1841 ἐλθὼν
500 1818 574 1828 --
631 1788 874 1848 ζήσεται,
945 1785 1072 1840 Καθ’
1111 1783 1397 1861 ὑπερϐατόν
1440 1785 1581 1838 ἔστιν
1628 1787 1658 1844 ἡ

135 1884 206 1927 τῶν
245 1877 392 1950 ῥητῶν
421 1875 684 1940 σύνταξις,
729 1877 810 1928 ὅτι
839 1875 1117 1950 παρεκάλει
1147 1875 1302 1927 αὐτὸν
1346 1874 1529 1939 πολλὰ,
1581 1874 1664 1925 ἵνα

134 1963 250 2015 ἐλθὼν
272 1963 402 2035 ἐπιθῇ
441 1965 584 2037 αύτῷ
610 1968 705 2026 τὰς
745 1971 948 2038 χεῖρας,
980 1968 1068 2016 καὶ
1102 1966 1166 2016 τὰ
1203 1961 1336 2026 ἑξῆς.
1369 1960 1495 2016 Εἶτα
1523 1966 1580 2016 τό
1611 1961 1661 2014 ἕν

127 2057 250 2124 pica.

181 2147 261 2195 Kal
285 2141 464 2202 ἀπῆλθε
491 2174 566 2185 -
616 2143 792 2197 αὐτὸν.
833 2147 1155 2215 Συνέπνιγον,
1199 2143 1333 2195 εἶπεν
1373 2143 1399 2194 ὁ
1432 2147 1657 2207 Λουκᾶς,

128 2235 254 2283 εἰτουν
279 2235 521 2286 συνώθουν
534 2277 547 2289 .

367 2382 505 2430 ΚΕΦ.
538 2373 637 2430 ll".
669 2378 790 2448 Περὶ
821 2383 915 2436 τῆς
941 2373 1291 2450 αἰμορῥοούση
1305 2396 1342 2438 ς.

173 2470 251 2517 Καὶ
282 2473 402 2537 γυνὴ
433 2499 500 2507 —-
533 2467 718 2518 αὐτοῦ.
750 2468 819 2517 Τὸ
845 2464 1116 2536 κεφάλαιον
1145 2473 1294 2517 τοῦτο
1318 2471 1660 2540 φανερώτερον

123 2551 344 2612 ἐξέθηκενὸ
368 2562 598 2620 Λουκᾶς,
623 2559 714 2607 καὶ
736 2555 964 2615 ζήτησον
986 2554 1106 2630 παρ’
1131 2554 1270 2624 αύτῷ
1293 2559 1384 2612 τὴν
1411 2555 1662 2628 ἐξήγησιν
1692 2586 1732 2641 C

119 2649 183 2692 τοῦ
204 2643 413 2697 εἰκοστοῦ
449 2647 601 2698 ἕκτου
634 2643 935 2716 κεφαλαίου.

172 2835 310 2908 Ur]:
355 2871 420 2879 —
475 2841 819 2912 σωθήσομαι.
870 2842 1087 2912 Εἴρηται
1134 2843 1252 2913 περὶ
1288 2842 1472 2893 τούτου
1515 2839 1562 2893 εν
1591 2851 1664 2914 τῷ

114 2923 403 3000 ἑξκαιδεκοὲτῳ
432 2928 701 3002 κεφαλαίῳ
725 2936 816 2982 τοῦ
845 2931 978 2982 κατὰ
1005 2930 1289 2985 Mareotica.

159 3143 240 3192 Καὶ
272 3143 448 3206 εύθίως
498 3175 576 3184 --
623 3145 904 3216 μάστιγος.
942 3143 1110 3217 Ἐγνώ
1155 3141 1250 3197 διὰ
1277 3153 1368 3198 τοῦ
1399 3150 1660 3218 σώματος,

103 3231 246 3295 μηκέτι
275 3232 580 3306 ῥαινομένου
614 3241 723 3294 τοῖς
754 3233 1094 3305 σταλαγμοῖς,
1141 3236 1222 3287 ὅτι
1272 3237 1660 3310 τεθεράπευται.

105 3311 303 3389 Maia-n7:
317 3317 361 3373 ο*
353 3341 394 3385 ε,
425 3328 526 3381 τὴν
548 3329 709 3376 νόσον
733 3323 987 3390 ἐκάλεσεν,
1013 3327 1077 3385 ὡς
1096 3325 1458 3397 μαστίςουσαν
1477 3325 1660 3393 αὐτὴν,

104 3407 168 3454 ιπὶ
183 3415 240 3476 τῷ
264 3414 393 3482 πόνῳ
421 3418 515 3466 καὶ
541 3420 613 3485 τῇ
639 3413 902 3485 αἰσχύνῃ.

154 3605 228 3654 Καὶ
263 3604 436 3668 εὐθέως
493 3640 568 3649 —-
620 3612 720 3667 τὴν
753 3615 903 3660 τοῦτο
933 3612 1264 3666 ποιήσασαν.
1306 3614 1544 3669 Ζήτησον
1573 3614 1662 3663 καὶ

100 3697 365 3758 περὶτούτων
389 3696 437 3748 ἐν
555 3697 814 3770 ἐξηγήσει
833 3705 923 3750 τοῦ
951 3698 1184 3751 εἰκοστοῦ
1206 3699 1354 3751 ἕκτου
1385 3699 1662 3771 κεφαλαίου

101 3785 163 3825 τοῦ
185 3788 297 3834 κατὰ
328 3793 539 3838 Λουκᾶν
563 3787 908 3859 Εὖαγγελίου.
937 3791 1006 3840 Τὸ
1037 3783 1115 3855 δε,
1150 3785 1390 3858 ἐπιγνοὺς
1419 3788 1466 3840 ἐν
1499 3789 1663 3861 ἑαυτῷ

1769 399 1874 470 qui
1902 402 2142 456 erantin
2159 402 2344 457 domo
2361 406 2414 457 et
2433 400 2621 473 patria
2638 417 2766 467 sua,
2785 401 3024 458 doceret
3049 403 3422 460 miraculum.

1770 490 1896 543 Non
1914 489 2064 544 dixit
2091 495 2289 546 autem
2321 508 2333 546 :
2360 492 2589 556 Quanta
2611 490 2713 546 tibi
2729 490 2986 560 fecerim,
3018 493 3123 547 sed
3157 511 3170 547 :
3197 492 3426 557 Quanta

1775 577 1881 632 tibi
1910 578 2194 634 Dominus
2209 581 2444 650 fecerit,
2469 579 2621 635 Patri
2648 579 2997 635 miraculum
3028 581 3330 636 ascribens
3356 597 3427 637 ac

1773 665 1998 723 docens
2041 683 2177 734 nos,
2222 674 2285 725 ut
2311 669 2550 740 egregia
2578 669 2860 726 virtutum
2885 685 3067 742 opera
3102 670 3221 726 Deo
3266 669 3427 726 attri-

1774 755 2052 812 buamus.

1846 1005 2006 1060 Vers.
2045 1007 2132 1060 20.
2178 1005 2253 1061 Et
2279 1004 2428 1062 abiit
2457 1035 2525 1044 —
2553 1005 2942 1062 mirabantur.
2992 1005 3258 1063 Christus
3297 1024 3428 1065 mo-

1774 1093 1977 1149 destiae
2021 1109 2205 1150 causa
2254 1093 2410 1150 Patri
2458 1091 2816 1149 miraculum
2859 1093 3222 1151 attribuebat
3258 1114 3270 1150 :
3321 1095 3427 1168 qui

1775 1184 1973 1238 autem
2013 1186 2256 1238 curatus
2291 1180 2504 1249 fuerat,
2555 1197 2693 1238 cum
2741 1186 2943 1252 gratus
2983 1187 3154 1250 esset,
3200 1181 3429 1241 Christo

1775 1270 2134 1328 ascribebat.

2060 1396 2209 1454 CAP.
2254 1396 2358 1451 XII.
2391 1395 2474 1452 De
2500 1396 2633 1465 ﬁlia
2671 1396 3142 1468 archisynagogi.

1845 1501 2012 1560 Vers.
2044 1507 2132 1559 21.
2169 1503 2434 1575 Cumque
2455 1504 2618 1559 Jesus
2640 1503 2785 1560 navi
2810 1505 3132 1574 trajecisset
3161 1535 3230 1544 --
3260 1503 3427 1561 Vers.

1772 1595 1861 1648 23.
1906 1594 1972 1647 in
2000 1593 2280 1649 extremis
2309 1599 2412 1648 est.
2461 1593 2540 1647 De
2570 1591 2684 1648 hoc
2714 1593 3154 1662 disputavimus
3199 1594 3432 1649 decimo

1773 1681 1980 1753 quinto
2019 1682 2210 1754 capite
2251 1681 2552 1752 Evangelii
2585 1681 2918 1737 secundum
2957 1682 3312 1739 Matthteum.
3356 1683 3428 1738 In

1773 1771 2057 1828 extremis
2087 1776 2191 1835 est,
2207 1771 2322 1827 hoc
2337 1775 2427 1826 est
2447 1770 2843 1828 novissimum
2865 1771 3104 1827 exhalat
3132 1773 3426 1844 spiritum.

1845 1859 2006 1917 Vers.
2037 1864 2126 1917 23.
2169 1862 2240 1916 Ut
2274 1861 2501 1918 veniens
2543 1889 2607 1904 --
2642 1861 2880 1918 viveret.
2919 1862 3022 1917 Per
3048 1861 3429 1934 hyperbaton

1772 1954 1864 2007 est
1896 1950 2046 2007 ordo
2084 1950 2402 2006 verborum
2436 1969 2449 2008 :
2482 1949 2644 2022 quod
2686 1949 2956 2006 videlicet
2997 1951 3430 2022 deprecabatur

1772 2055 1912 2098 eum
1960 2039 2236 2105 multum,
2280 2044 2340 2096 ut
2377 2041 2639 2105 veniens,
2680 2039 3015 2112 imponeret
3053 2039 3135 2096 illi
3190 2056 3426 2111 manus,

1772 2133 1907 2194 etc.,
1940 2128 2157 2185 deinde
2186 2128 2464 2198 addatur,
2495 2128 2659 2201 quod
2687 2127 2748 2184 in
2780 2127 2980 2185 medio
3009 2133 3120 2185 est.

1844 2217 2014 2274 Vers.
2046 2221 2132 2274 24.
2163 2218 2240 2274 Et
2268 2217 2438 2274 abiit.
2466 2247 2535 2259 —
2555 2233 2707 2275 eum.
2742 2217 3136 2275 Coarctahant
3161 2231 3316 2285 eum,
3350 2218 3431 2275 ait

1775 2308 1959 2363 Lucas
1988 2308 2071 2376 ιο,
2100 2306 2225 2363 sive
2255 2305 2664 2378 impellebant.

1774 2429 1929 2486 CAP.
1962 2429 2124 2484 XIII.
2161 2429 2234 2485 De
2258 2429 2505 2484 muliere
2519 2428 2752 2498 sanguis
2782 2429 3071 2499 proﬂuvio
3100 2428 3428 2486 laborante.

1845 2537 2004 2593 Vers.
2063 2540 2152 2593 25.
2212 2537 2278 2592 Et
2343 2537 2579 2593 mulier.
2647 2565 2716 2576 —-
2785 2538 2942 2591 Vers.
3008 2540 3095 2591 27.
3158 2539 3297 2606 ejus.
3361 2569 3432 2579 —

1775 2627 1966 2698 Caput
2028 2625 2145 2682 hoc
2177 2625 2550 2682 manifestius
2592 2624 2902 2697 proposuit
2933 2625 3118 2679 Lucas
3150 2642 3164 2680 :
3229 2642 3432 2698 qumre

1775 2731 1913 2786 ergo
1978 2713 2134 2786 apud
2200 2730 2340 2771 eum
2405 2714 2840 2770 enarrationem
2910 2713 3197 2770 vicesimo
3263 2721 3431 2773 sexto

1775 2805 1988 2876 capite.

1847 2895 2015 2951 Vers.
2048 2897 2138 2950 28.
2171 2894 2415 2951 Dicebat
2441 2924 2510 2935 —
2534 2891 2692 2948 salva
2710 2908 2827 2949 ero.
2846 2891 3078 2948 Dictum
3102 2895 3190 2948 est
3213 2892 3286 2948 de
3315 2893 3430 2950 hoc

1774 2984 2012 3041 decimo
2061 2988 2226 3040 sexto
2291 2982 2487 3055 capite
2548 2981 2854 3052 Evangelii
2907 2981 3242 3039 secundum
3294 2984 3434 3040 Mat-

1774 3074 2016 3130 thaeum.

1845 3163 2016 3219 Vers.
2071 3162 2157 3218 29.
2208 3163 2283 3218 Ει
2323 3161 2596 3219 continuo
2633 3189 2705 3202 —-
2739 3160 2992 3230 ﬂagello.
3038 3161 3321 3230 Cognovit
3369 3163 3432 3218 in

1772 3267 2041 3325 corpore,
2065 3251 2252 3324 quod,
2276 3267 2349 3306 ex
2366 3266 2490 3323 quo
2511 3251 2644 3322 jam
2669 3265 2790 3306 non
2817 3249 3068 3305 ﬂuerent
3097 3255 3275 3319 guttae
3297 3265 3432 3307 san-

1772 3341 1988 3414 guinis,
2039 3347 2252 3397 sanata
2278 3347 2450 3396 esset.
2477 3338 2806 3412 Flagellum
2837 3355 2979 3395 vero
3022 3338 3427 3396 inﬁrmitatem

1770 3430 2128 3496 nominavit,
2158 3436 2222 3486 ut
2249 3446 2386 3503 quia
2410 3430 2608 3502 ipsam
2630 3433 2758 3486 tum
2788 3427 3012 3495 labore,
3044 3434 3168 3484 tum
3199 3429 3432 3500 pudore

1772 3519 2197 3590 ﬂagellaverat.

1843 3609 2007 3666 Vers.
2037 3609 2126 3665 30.
2148 3608 2476 3681 Statimgue
2497 3639 2562 3649 —
2584 3609 2748 3667 Vers.
2769 3609 2858 3664 32.
2891 3623 3022 3680 qum
3047 3609 3158 3665 hoc
3179 3609 3429 3678 fecerat.

1775 3701 1980 3766 Quaere
2001 3698 2181 3754 etiam
2204 3697 2384 3754 dehis
2408 3697 2469 3753 in
2483 3697 2855 3769 expositione
2875 3697 3142 3753 vicesimi
3165 3698 3315 3754 sexti
3337 3715 3432 3756 ca-

1774 3788 1912 3862 pitis
1942 3786 2242 3857 Evangelii
2281 3786 2616 3843 secundum
2651 3787 2893 3842 Lucam.

94 3875 158 3921 τίν
202 3871 245 3932 ἐξ
302 3875 462 3928 αὐτοῦ
521 3873 764 3948 δύναμιν
820 3876 1143 3943 ἐξελθοῦσαν,
1179 3877 1298 3929 καθ’
1343 3877 1628 3953 ὑπερϐατὸν
1667 3877 2042 3952 ἀναγνωστέον,
2071 3878 2152 3928 ὅτι
2192 3875 2427 3948 ἐπιγνοὺς
2457 3875 2505 3928 ἐν
2531 3880 2691 3947 εουτῷ
2720 3881 2813 3935 τὴν
2845 3876 3150 3939 ἐξελθοῦσαν
3177 3876 3230 3940 ἐξ
3272 3878 3433 3931 αὐτοῦ

95 3950 286 4029 δύναμιν.

1071 4059 1169 4108 Καὶ
1251 4063 1422 4108 ταῦτα
1492 4058 1658 4110 πάντα

90 4128 501 4208 διερμηνεύθησαν
557 4144 615 4196 ἐν
669 4150 746 4214 τῷ
793 4143 1004 4218 ῥηθέντι
1050 4144 1268 4214 εἰκοστῷ
1313 4147 1443 4216 ἔκτῷ
1500 4165 1660 4218 κεφα-

85 4241 194 4280 ιαιω.

137 4045 181 4098 Ἠ
241 4047 294 4104 δὲ
371 4060 506 4126 γυνὴ
603 4083 682 4095 —-
754 4054 977 4127 εἰρπνην.

1689 4272 1732 4326 D

137 4319 216 4366 Καὶ
263 4321 368 4372 ισθι
427 4351 487 4362 --
545 4324 824 4395 μάστιγός
872 4341 989 4376 σου.
1038 4329 1201 4376 Τοῦτο
1265 4321 1378 4376 οὒτε
1434 4326 1460 4375 ό
1512 4330 1657 4377 Ματ-

85 4399 204 4465 θείας.
243 4406 351 4461 οὗτε
393 4411 420 4462 ὁ
481 4416 716 4474 Λουκᾶς
763 4413 1182 4485 προστεθείκασι,
1231 4417 1320 4464 καὶ⁵
1357 4415 1532 4464 καινὸν
1563 4412 1656 4464 ού-

83 4483 160 4540 5“.
198 4499 395 4566 Εἴρηται
443 4504 579 4573 γὰρ,
617 4502 711 4552 ὅτι
752 4502 818 4552 τὰ
861 4505 932 4571 μὴ
967 4499 1248 4572 ἀναγκαῖα,
1279 4501 1410 4561 τινες
1437 4503 1525 4572 μὲν
1556 4509 1654 4553 τῶν

80 4575 396 4651 dar/£317:an
429 4588 866 4662 παρελίμπανον,
900 4594 1179 4661 συντομίας
1209 4591 1390 4663 χάριν·
1433 4592 1566 4653 τινες
1597 4586 1656 4642 δὲ

79 4675 143 4717 καὶ
186 4682 335 4727 ταῦτα
390 4683 760 4752 συνέγραφον,
829 4676 1094 4751 ἀκριϐείας
1140 4679 1320 4734 ἕνεκεν.
1377 4679 1521 4739 Εἰκὸς
1573 4676 1651 4746 δὲ,

78 4757 220 4822 the);
255 4771 340 4819 καὶ
389 4777 492 4820 τῶν
542 4771 648 4842 μὲν
705 4768 982 4840 θαυμάτων
1035 4771 1394 4841 μνημονεύειν·
1453 4776 1551 4820 τῶν
1597 4764 1655 4822 δε

78 4854 271 4916 θεμάτων
294 4862 362 4927 μὴ
397 4861 641 4911 πάντων.

126 5024 217 5080 "Et:
263 5064 325 5073 —
373 5032 776 5099 διδάσκαλον;
809 5065 875 5074 -
929 5032 1216 5109 Ἐρχονται
1274 5032 1376 5086 ἀπὸ
1427 5041 1518 5086 τοῦ
1568 5033 1656 5107 ἁρ-

78 5128 417 5193 χιτδναγώγου,
517 5127 843 5178 τουτέστιν.
931 5121 1030 5176 ἀπὸ
1111 5131 1207 5184 τῆς
1304 5123 1474 5185 οἰκίας
1563 5131 1655 5175 τοῦ

78 5203 484 5284 ἀρχισυναγώγου.
549 5212 814 5272 Σκύλλεις
870 5205 948 5276 δέ,
1016 5209 1124 5264 ἀντὶ
1185 5220 1294 5278 τοῦ,
1367 5217 1650 5285 Περισπᾷς,

78 5295 273 5362 ικχὶείς,
327 5305 390 5354 0i
450 5307 558 5377 γὰρ
624 5303 763 5374 περὶ
826 5305 909 5352 τὸν
940 5370 948 5378 .
977 5299 1412 5374 ἀρχισυνάγωγον
1506 5299 1655 5359 ἀτελῆ

78 5385 209 5436 πίστιν
245 5389 310 5453 εἰς
354 5397 594 5468 Χριστὸν
643 5395 888 5464 ἔχοντες,
937 5389 1314 5463 ὑπελάμϐανον,
1365 5391 1444 5442 ὅτι
1490 5395 1654 5448 νοσή-

83 5487 184 5534 ματα
358 5485 532 5536 πάντα
573 5479 822 5536 δύναται
882 5481 1198 5556 θεραπεύειν,
1240 5477 1536 5539 ἀναστῆσαι
1595 5475 1655 5532 δὲ

132 5571 166 5607 ⁵³
191 5574 314 5637 Luc.
343 5590 457 5656 vui,
485 5587 582 5641 42.
714 5581 766 5618 ⁸¹
797 5579 1000 5638 Matth.
1029 5594 1110 5647 lx,
1142 5582 1231 5636 22.

1344 5578 1392 5616 ⁸³
1419 5577 1559 5636 Luc.
1587 5593 1714 5649 vui,
1743 5580 1834 5635 48.

1840 4059 1998 4113 Vers.
2053 4057 2143 4112 33.
2193 4053 2411 4114 Mulier
2448 4060 2648 4111 autem
2689 4084 2759 4095 —
2798 4053 2961 4111 Vers.
3005 4058 3092 4111 34.
3144 4053 3218 4110 In
3263 4071 3429 4127 pace.

1766 4145 1901 4201 Haec
1928 4158 2171 4216 quoque
2200 4144 2410 4200 omnia
2437 4141 2743 4200 declarata
2766 4147 2906 4200 sunt
2935 4143 2998 4198 in
3028 4143 3318 4215 praedicto
3348 4145 3432 4200 vi-

1765 4233 1990 4292 cesimo
2030 4236 2199 4288 sexto
2237 4230 2453 4303 capite.

1835 4321 2002 4379 Vers.
2056 4324 2143 4378 34.
2203 4321 2266 4374 Et
2306 4325 2423 4375 esto
2460 4346 2532 4360 --
2577 4319 2820 4389 ﬂagello
2863 4325 2983 4374 tuo.
3040 4320 3241 4390 Neque
3293 4320 3430 4376 Mat-

1765 4411 1956 4469 thaeus
1969 4411 2010 4447 ⁵³
2023 4425 2238 4481 ,neque
2250 4407 2442 4465 Lucas
2461 4409 2508 4442 ⁵³
2521 4407 2636 4463 hoc
2647 4407 3036 4463 addiderunt:
3054 4421 3164 4462 nec
3177 4405 3396 4463 mirum
3413 4447 3428 4463 .

1765 4499 2073 4573 Siquidem
2093 4498 2321 4556 dictum
2341 4499 2451 4562 est,
2481 4495 2646 4568 quod
2669 4511 2755 4561 ea,
2786 4511 2919 4568 quae
2935 4495 3267 4552 necessaria
3296 4511 3424 4552 non

1761 4597 1949 4656 erant,
1991 4586 2239 4662 quidam
2270 4585 2658 4658 Evangelistae
2697 4585 3246 4658 praetermittebant,
3291 4586 3419 4642 bre-

1761 4677 1961 4734 vitatis
1997 4677 2191 4748 gratia
2232 4692 2246 4749 ;
2287 4675 2543 4748 quidam
2582 4690 2724 4732 vero
2761 4675 2943 4731 etiam
2982 4675 3110 4730 haec
3152 4674 3423 4731 ascribe-

1761 4765 1928 4832 bant,
1961 4765 2281 4836 diligentias
2313 4780 2520 4820 causa.
2553 4762 2877 4819 Verisimile
2907 4778 3148 4836 quoque
3179 4769 3291 4834 est,
3321 4779 3425 4820 eos

1764 4855 2192 4911 miraculorum
2223 4855 2468 4927 quidem
2504 4854 2867 4924 meminisse,
2912 4869 3034 4908 non
3065 4857 3265 4910 autem
3297 4870 3426 4912 om-

1763 4945 1932 5001 nium
1974 4945 2312 5000 verborum.

1836 5033 2312 5090 Vers.35.Adhuc
2331 5063 2395 5072 -—
2411 5032 2763 5101 magistrum
2782 5034 2810 5086 ?
2837 5031 3087 5085 Veniunt
3101 5032 3428 5102 aprincipe

1763 5125 2111 5194 Synagogce,
2144 5124 2253 5178 hoc
2284 5128 2390 5189 est,
2424 5129 2467 5176 A
2506 5121 2690 5176 domo
2717 5119 2927 5192 ipsius.
2975 5121 3164 5176 Vexas
3195 5127 3420 5187 autem,

1763 5211 1879 5267 hoc
1917 5218 2024 5279 est,
2057 5212 2344 5276 Molestus,
2381 5211 2604 5287 turbas:
2651 5204 2969 5266 Domestici
3004 5210 3163 5266 enim
3205 5211 3426 5284 princi—

1763 5300 1856 5370 pis
1873 5299 2237 5374 Synagogm,
2255 5316 2392 5357 cum
2419 5299 2500 5356 im
2511 5298 2834 5369 perfectam
2855 5299 2916 5355 in
2930 5299 3227 5356 Christum
3239 5299 3423 5355 ﬁdem

1761 5388 2072 5454 haberent,
2104 5387 2587 5462 suspicabantur,
2618 5387 2784 5461 quod
2797 5403 3046 5445 omnem
3073 5394 3225 5444 certe
3254 5387 3424 5457 aegri-

1763 5477 2038 5536 tudinem
2067 5494 2280 5537 sanare
2310 5481 2532 5553 posset,
2563 5483 2868 5551 mortuum
2895 5481 3098 5536 autem
3131 5476 3420 5537 suscitare
