3922 6200
482 188 586 246 803

1839 179 2196 244 EUTHYMII
2241 179 2576 250 ZIGABENI
3704 191 3782 250 80t

483 333 604 372 non
619 315 1135 388 posset.Nondum
1163 314 1322 370 enim
1354 314 1572 369 factum
1603 315 1678 370 ab
1698 329 1768 370 eo
1784 314 2129 385 hujusmodi

2276 319 2420 387 εκρὸν
2451 317 2509 369 ού
2541 313 2781 370 δύναται.
2817 317 2976 370 Οὒπω
3002 321 3104 390 γὰρ
3135 315 3274 370 εἶδον
3310 323 3536 370 τοιοῦτον
3565 318 3638 370 ὑπ’
3664 321 3784 372 αὐτοῦ

485 406 838 462 miraculum
872 405 1161 459 viderant.
1196 403 1456 475 Ideoque
1483 404 1762 460 dicebant
1798 422 1810 456 :
1843 405 2004 460 [vilia
2037 411 2137 458 tua

485 505 721 552 mortua
751 501 850 558 est,
875 493 1014 565 quid
1029 492 1224 548 adhuc
1247 509 1422 549 vexzs
1440 495 1806 564 Magistrum,
1834 510 1972 549 cum
2003 509 2135 549 eam

484 601 604 642 non
637 585 824 654 possit
854 583 1136 636 suscitare
1161 583 1188 637 ?

556 674 718 727 Vers.
761 675 845 726 36.
889 670 1055 726 Jesus
1090 678 1287 728 autem
1335 703 1404 712 —
1445 673 1622 729 crede.
1666 673 1933 742 Cognito,
1974 671 2140 744 quod

483 761 999 831 archisynagogus
1032 759 1186 816 circa
1218 761 1395 816 tidem
1438 762 1754 826 dubitaret,
1791 767 1992 833 utpote
2023 777 2141 815 ser-

483 849 764 905 monibus
804 849 1039 903 illorum
1082 850 1381 914 seductus,
1415 851 1704 907 confortat
1743 867 1898 918 eum,
1945 867 2015 907 ac
2053 866 2140 906 re-

484 939 639 995 fovet
670 938 808 992 lidei
843 937 1000 992 illius
1035 937 1515 995 imbecillitatem.

555 1047 717 1101 Vers.
751 1045 837 1100 37.
869 1047 932 1100 Et
966 1061 1080 1100 non
1111 1078 1178 1084 —
1207 1046 1423 1101 Jacobi.
1470 1046 1636 1102 Solos
1666 1047 1778 1103 hos
1804 1047 1955 1103 inter
1985 1046 2138 1103 alios

487 1134 808 1207 discipulos
821 1135 1236 1206 coassumpsit,
1254 1136 1419 1208 quasi
1435 1136 1658 1190 caeteris
1675 1133 2135 1207 prmstantiores.

488 1227 639 1280 Nam
671 1228 724 1280 et
754 1225 813 1279 in
843 1240 951 1278 sua
983 1222 1491 1293 transﬁguratione
1521 1224 1680 1280 solos
1709 1225 1818 1280 bos
1851 1228 2139 1296 spectato-

488 1330 581 1370 res
612 1329 816 1368 secum
849 1313 1196 1383 assumpsit.

561 1405 769 1468 Quaere
807 1401 983 1456 etiam
1017 1401 1310 1458 tricesimo
1350 1406 1564 1475 quarto
1595 1403 1788 1474 capite
1837 1400 2135 1470 Evangelii

484 1493 656 1563 juxta
684 1490 1018 1548 Mattbaeum
1043 1506 1280 1553 causas,
1301 1490 1378 1545 ob
1392 1507 1544 1562 quas
1561 1490 1700 1546 istos
1727 1495 2136 1562 praeponeret:

489 1583 546 1634 et
582 1583 795 1649 prater
834 1575 964 1631 illas
995 1578 1173 1632 etiam
1203 1577 1560 1648 prteferebat
1589 1593 1710 1642 eos,
1746 1582 1810 1633 ut
1849 1583 1905 1633 et
1947 1577 2140 1632 ceteri

485 1668 633 1725 tales
663 1666 813 1722 efﬁci
845 1672 1222 1722 conarentur.

563 1777 721 1830 Vers.
753 1777 840 1828 38.
869 1775 945 1829 Et
975 1775 1131 1829 venit
1165 1805 1229 1815 —
1258 1775 1624 1846 multumque
1655 1775 1963 1843 ejulantes.
1987 1773 2140 1830 Tibi-

489 1865 651 1921 cines
682 1863 1024 1918 luctuosum
1058 1867 1296 1919 cantum
1319 1863 1643 1935 pulsabant
1664 1864 1896 1936 (quihis
1925 1863 2141 1918 dicitur

488 1953 762 2024 eiulatus,
804 1967 1157 2023 quanquam
1201 1953 1436 2024 prOprie
1465 1951 1756 2016 ἀλαλάζειν,
1801 1957 1890 2008 est
1931 1968 2137 2024 perpe-

489 2047 592 2098 tuo
651 2041 847 2098 sonitu
907 2047 1163 2113 strepere
1219 2057 1286 2097 ac
1328 2041 1596 2096 tinnire:

489 2132 749 2188 diximus
781 2130 1014 2185 decimo
1044 2133 1210 2185 sexto
1237 2131 1408 2200 juxta
1439 2131 1776 2186 Matthaaum
1810 2131 2023 2202 capite.

560 2223 718 2276 Vers.
746 2220 831 2274 39.
865 2220 938 2274 Et
953 2220 1574 2290 ingressus—dormit.
1605 2219 1868 2274 Primum
1894 2219 2139 2291 quidem

489 2311 605 2367 hoc
652 2309 817 2375 dixit,
882 2308 1175 2364 tristitiam
1216 2324 1424 2364 eorum
1477 2307 1869 2364 consolando.
1918 2308 2142 2364 Deinde

492 2401 695 2468 etiam,
735 2400 897 2470 quod
934 2397 1044 2452 illis
1075 2397 1318 2470 quidem
1363 2404 1594 2454 mortua
1626 2403 1766 2462 erat,
1796 2397 1908 2452 sibi
1943 2403 2142 2454 autem

491 2487 827 2546 dormiebat
867 2504 878 2542 :
928 2486 1006 2542 illi
1038 2503 1297 2560 namque
1329 2489 1610 2543 suscitare
1641 2503 1772 2543 earn
1818 2502 1937 2542 non
1982 2493 2144 2559 pote-

491 2584 644 2645 rant,
687 2577 814 2648 ipse
858 2591 994 2631 vero
1026 2576 1341 2649 perfacile:
1377 2577 1642 2632 tribuens
1683 2581 1968 2648 praeterea
2008 2593 2145 2633 con-

492 2668 815 2732 ﬁdentiam,
857 2667 1021 2738 quod
1049 2672 1298 2722 mortem
1342 2666 1510 2738 quasi
1541 2682 1820 2722 somnum
1859 2665 2141 2736 abigeret,

491 2763 695 2830 utpote
723 2757 930 2812 mortis
959 2771 1029 2812 ac
1069 2755 1200 2811 vita:
1226 2756 1530 2812 Dominus.

565 2989 728 3042 Vers.
767 2991 853 3042 40.
897 2987 968 3040 Et
997 2986 1323 3042 irridebant
1363 3002 1512 3042 eum.
1545 2989 1723 3053 Quasi
1765 2990 2022 3044 dormire
2061 2989 2146 3044 di-

495 3084 724 3135 centem
755 3076 913 3131 illam
941 3093 1076 3146 quae
1102 3084 1334 3131 mortua
1351 3083 1496 3143 erat,
1526 3079 1775 3133 scientes
1801 3078 1958 3149 quod
1990 3094 2143 3134 mor-

494 3173 598 3224 tua
631 3171 740 3232 est,
778 3166 926 3220 sicut
954 3165 1092 3221 dicit
1134 3168 1318 3221 Lucas
1363 3168 1431 3221 ⁸⁸.
1465 3166 1659 3222 Voluit
1686 3174 1887 3224 autem
1926 3174 1981 3224 et
2020 3169 2146 3240 ipse

493 3256 746 3324 irrideri,
790 3260 852 3310 ut
887 3261 945 3310 et
983 3255 1254 3311 tibicines
1292 3261 1349 3311 et
1386 3256 1490 3328 qui
1529 3257 1867 3326 irrisissent,
1909 3257 2145 3330 aliaque

494 3345 732 3413 similia,
759 3344 1188 3400 demonstratio
1212 3342 1420 3399 ﬁerent
1441 3345 1778 3412 manifesta,
1801 3346 1962 3418 quod
1994 3362 2149 3402 mor—

494 3440 596 3491 tua
650 3434 853 3490 fuisset
900 3433 1120 3504 puella,
1173 3447 1277 3487 nec
1331 3438 1533 3503 posset
1579 3433 1774 3489 dicere
1826 3435 2146 3506 quisquam

495 3523 905 3596 postmodum,
928 3519 1093 3593 quod
1118 3525 1353 3575 mortua
1381 3536 1498 3575 non
1523 3519 1714 3575 fuerit.
1738 3524 1881 3576 Nam
1913 3527 2150 3592 propter

495 3612 610 3667 hoc
630 3625 872 3682 quoque
895 3609 1250 3663 immoratus
1268 3612 1355 3662 est
1370 3607 1524 3663 circa
1546 3608 1903 3663 miraculum
1925 3609 2146 3665 factum

494 3701 554 3755 in
597 3699 861 3762 muliere,
894 3712 1030 3768 quae
1065 3696 1378 3765 sanguinis
1408 3695 1639 3751 ﬂuxum
1673 3697 2001 3768 patiebatur
2033 3717 2045 3756 :
2093 3706 2152 3754 ut

497 3785 808 3843 manifeste
827 3785 1019 3856 puella
1040 3790 1386 3849 moreretur,
1412 3790 1468 3840 et
1495 3786 2150 3858 tibicinesinlerrentur,

497 3880 828 3948 caeteraque
861 3889 969 3929 suo
1009 3875 1216 3929 fierent
1247 3873 1475 3930 ordine.

567 3965 728 4020 Vers.
760 3968 848 4020 40.
882 3964 957 4018 Et
984 3963 1180 4033 ejectis
1209 3963 1478 4019 omnibus
1510 3995 1574 4004 —
1601 3980 1806 4036 eosque
1830 3969 1932 4037 qui
1955 3983 2152 4024 secum

496 4061 691 4112 erant.
733 4057 844 4110 Eos
883 4053 984 4126 qui
1017 4069 1221 4108 secum
1253 4053 1506 4123 ingressi
1541 4059 1724 4110 erant.
1770 4055 1917 4112 Dicit
1953 4063 2152 4113 autem

498 4145 755 4206 Petrum,
797 4142 1090 4198 Iacobum
1131 4147 1186 4198 et
1229 4142 1544 4198 Joannem.
1588 4143 1814 4200 Patrem
1858 4145 2152 4218 siquidem

2251 407 2426 477 θαῦμα
2464 412 2817 479 γεγενημένον.
2855 412 2942 460 Διὸ
2992 413 3082 458 καὶ
3135 404 3299 464 εἷπον.
3351 406 3409 460 Ἡ
3458 409 3672 480 θυγάτηρ
3713 429 3784 480 seu

2250 493 2485 562 ἀπέθανε,
2514 501 2564 547 τί
2595 498 2668 548 ἔτι
2701 496 2934 557 σκύλλεις
2964 501 3050 549 τὸν
3083 493 3429 554 διδάσκαλον,
3462 501 3532 568 μὴ
3558 494 3787 570 δυνάμενον

2251 583 2410 642 αὐτὴν
2440 587 2637 642 ἄναστῆ
2649 605 2734 637 σαι
2758 602 2770 652 ;

2318 673 2376 728 Ὀ
2411 671 2468 726 δὲ
2501 675 2706 736 Ἰησοῦς
2744 707 2810 714 —
2840 680 3070 727 πίστευε.
3107 678 3263 736 Γνοὺς
3291 679 3376 727 τὸν
3409 674 3791 749 ἀρχισυνάγωγον

2251 761 2600 834 ἀμϐλυνθέντα
2645 769 2760 838 περὶ
2815 769 2906 821 τήν
2938 770 3135 828 πίστιν,
3185 763 3269 815 οἷα
3301 767 3687 835 συναπαχθέντα
3715 773 3791 825 τοῖς

2248 851 2417 922 λόγοις
2443 853 2630 915 αὐτῶν,
2668 852 2990 928 ἐπιθαῤῥύνει
3019 859 3110 905 καὶ
3137 851 3422 906 ἀενακτοῖται
3447 860 3538 911 τὴν
3581 853 3792 906 ἀσθένειαν

2248 949 2336 1001 τῆς
2359 942 2517 994 αὑτοῦ
2543 947 2788 1003 πίστεως.

2322 1054 2422 1102 Καὶ
2473 1049 2567 1102 ούκ
2623 1081 2688 1090 --
2737 1048 3008 1114 Ἰακώϐου,
3075 1053 3270 1112 Μόνους
3323 1052 3541 1110 τούτους
3591 1048 3680 1102 ἀπὸ
3724 1059 3794 1100 τῶν

2248 1139 2409 1192 ἄλλων
2439 1142 2684 1212 μαθητῶν
2723 1139 3131 1212 συμπαρέλαϐεν,
3167 1142 3235 1201 ὡς
3263 1136 3666 1212 διαφορωτέρους
3710 1149 3796 1190 te»:

2248 1229 2432 1284 ἄλλων.
2492 1235 2590 1282 Καὶ
2636 1233 2737 1302 γὰρ
2789 1234 2878 1280 καὶ
2931 1229 3013 1280 ἐπὶ
3064 1237 3153 1288 τῆς
3196 1235 3632 1301 μεταμορφώσεως
3658 1228 3793 1296 αὑτοῦ,

2248 1324 2436 1391 μόνους
2464 1322 2678 1380 τούτους
2717 1317 2971 1392 παρελαϐε
3004 1320 3206 1378 θεατας.

2324 1414 2422 1462 Καὶ
2474 1413 2702 1471 ζήτησον
2743 1406 2790 1459 ἐν
2847 1415 2919 1476 τῷ
2967 1414 3265 1478 τριακοστῷ
3312 1408 3542 1481 τετάρτῳ
3592 1405 3797 1478 κεφαλαίῳ

2249 1508 2339 1552 τοῦ
2366 1502 2501 1550 κατά
2527 1499 2792 1551 Ματθαίον
2824 1499 2916 1557 τὰς
2953 1496 3117 1556 αἰτίας
3146 1505 3240 1557 τῆς
3265 1502 3626 1568 προτιμήσεως
3654 1495 3798 1545 αὐτῶν.

2252 1593 2513 1662 Πρόετίρια
2575 1584 2635 1639 δὲ
2712 1589 2942 1651 τούτους,
3013 1587 3095 1637 ἱνα
3145 1589 3234 1636 καὶ
3314 1587 3362 1636 οἱ
3415 1584 3563 1636 ἄλλοι
3628 1591 3800 1635 τοιοῦτοι

2249 1684 2511 1752 γένωνται.

2323 1773 2423 1822 Καὶ
2456 1771 2670 1842 ἔρχεται
2699 1795 2762 1805 -
2789 1769 2879 1816 καὶ
2912 1763 3259 1823 ἀλαλάζοντας
3280 1762 3464 1814 πολλά.
3489 1761 3745 1821 Ἠλάλαζον
3770 1763 3803 1810 οἱ

2251 1859 2494 1925 αὐληταὶ,
2526 1861 2643 1931 περὶ
2668 1856 2735 1906 ὧν
2762 1854 3038 1926 εἰρήκαμεν
3063 1851 3108 1903 iv
3130 1859 3202 1922 τῷ
3222 1847 3578 1922 ίξκαιδεκάτῳ
3596 1851 3805 1922 κεγαλαίῳ

2249 1956 2341 2002 τοῦ
2379 1951 2513 2000 κατὰ
2545 1947 2826 1998 διατθαίον.

1639 2057 1786 2096 sono
1827 2056 2038 2096 sonum
2083 2041 2427 2114 excipiente,
2471 2031 2988 2108 quemadmodum
3030 2030 3092 2086 ﬁt
3145 2029 3204 2084 in
3266 2029 3585 2096 lebetibus)
3636 2029 3701 2084 de
3739 2027 3806 2082 his

2327 2239 2426 2288 Καί
2484 2230 2722 2285 εἰσελθὼν
2782 2260 2849 2268 ——
2919 2222 3183 2279 καθεύδει.
3246 2226 3366 2278 Εἶπε
3428 2232 3602 2288 τοῦτο,
3667 2229 3805 2296 πρῶτα

2253 2328 2362 2397 μὲν,
2430 2327 2522 2380 την
2599 2321 2764 2375 λύπην
2854 2317 3022 2367 αύτῶν
3105 2315 3591 2388 παραμυθούμενος·
3675 2316 3806 2362 ἔπειτα

2252 2419 2341 2465 καὶ
2391 2408 2682 2471 διδάσκων,
2730 2409 2810 2458 ὅτι
2848 2405 2969 2479 παρ’
3039 2403 3245 2465 ἐκείνοις
3451 2405 3672 2470 τέθνηκε,
3717 2398 3805 2472 παρ’

2255 2503 2393 2573 αύτῷ
2454 2497 2510 2553 δὲ
2559 2503 2827 2570 κοιμᾶταυ
2893 2498 2982 2545 καὶ
3024 2495 3125 2568 γὰρ
3176 2491 3357 2544 ἐκείνοι
3409 2496 3523 2565 μὲν,
3586 2491 3671 2543 ούκ
3711 2485 3809 2545 idu-

2252 2611 2402 2644 ναντό
2469 2588 2768 2645 ἀναστῆσαι
2825 2587 3039 2640 ταύτην·
3117 2581 3270 2643 αὐτὸς
3340 2577 3399 2633 δε
3464 2587 3560 2633 καὶ
3605 2581 3805 2653 μάλιστα

2255 2679 2366 2735 εἶτα
2419 2683 2508 2731 καὶ
2569 2673 2756 2735 διδοὺς
2807 2669 3008 2747 θαρῥεῖν
3067 2671 3177 2742 (46)
3235 2673 3316 2722 ὅτι
3389 2671 3624 2741 καθάπερ
3691 2671 3810 2718 ὕπνον

2257 2770 2500 2822 ἁπελάσει
2554 2771 2638 2819 τὸν
2699 2766 2934 2825 θάνατον,
2985 2765 3052 2822 ὡς
3112 2762 3302 2832 Κύριος
3351 2761 3598 2818 Θανάτου,
3649 2777 3724 2807 και
3763 2758 3812 2811 ὡς

2180 2864 2221 2920 C
2256 2861 2387 2921 ζωή.

2327 2952 2427 3001 Καὶ
2477 2943 2759 3015 κατεγέλων
2825 2941 3012 2995 αὐτοῦ.
3103 2937 3192 2999 Ὡς
3271 2937 3506 3008 λέγοντος
3591 2927 3814 2988 καθεύδειν

2253 3043 2345 3096 τὴν
2398 3037 2725 3100 τεθνηκυῖαν,
2785 3027 2986 3090 εἰδότος
3041 3031 3121 3081 ὅτι
3188 3027 3456 3094 ἀπέθανεν,
3491 3028 3610 3086 ὡςό
3658 3027 3816 3078 Λουκᾶς

2256 3129 2408 3180 εἶπεν.
2467 3123 2732 3178 Ἐϐούλετο
2789 3117 2848 3172 δε
2894 3123 2983 3170 καὶ
3038 3117 3190 3177 αύτός
3244 3115 3711 3187 καταγελασθῆναι,
3756 3111 3816 3160 ἱνα

2254 3221 2342 3269 καὶ
2389 3216 2436 3267 οἱ
2490 3212 2710 3270 αύληταὶ
2753 3214 2842 3261 καὶ
2900 3209 2925 3259 ὁ
2961 3204 3278 3277 κατάγελως,
3346 3210 3437 3257 καὶ
3495 3208 3565 3257 τὰ
3621 3207 3814 3254 τοιαῦτα.

2259 3309 2426 3376 σαφὴς
2485 3301 2577 3354 εἶεν
2636 3295 2900 3361 ἀπόδειξις
2953 3305 3044 3348 τοῦ
3105 3297 3401 3352 τεθνηκέναι
3455 3297 3515 3345 τὸ
3595 3295 3817 3362 κοράσιον.

2255 3399 2345 3446 καὶ
2374 3389 2561 3465 μηδεὶς
2591 3391 2802 3460 ὕστερον
2845 3385 3090 3444 δυνηθείη
3147 3384 3332 3454 λέγειν,
3383 3385 3459 3434 ὃτι
3521 3382 3582 3434 ού
3627 3382 3816 3433 τέθνηκε·

2259 3479 2351 3535 διὰ
2394 3489 2544 3534 τοῦτο
2590 3481 2690 3552 γὰρ
2725 3481 2813 3528 καὶ
2870 3483 2942 3546 τῷ
2992 3475 3127 3525 κατὰ
3171 3477 3264 3531 τὴν
3311 3471 3597 3545 αἱμορῥόυν
3637 3471 3820 3537 θαύματι

2259 3567 2606 3644 ἄνεϐράδυνεν·
2667 3569 2749 3618 ἱνα
2815 3561 3092 3637 προδήλως
3161 3565 3220 3614 τὸ
3295 3557 3512 3612 παιδίον
3604 3559 3819 3622 ἀποθάνῃ.

2258 3665 2348 3712 καὶ
2383 3659 2718 3730 εἰσενεχθῶσι
2754 3657 2842 3727 μεν
2891 3655 2939 3706 οἱ
2984 3652 3226 3715 αὐληταὶ,
3257 3654 3507 3722 γένωνται
3569 3646 3626 3700 δε
3665 3651 3742 3697 καὶ
3776 3662 3825 3692 τα

2262 3749 2394 3812 έξηςο

2331 3969 2388 4021 Ὀ
2444 3964 2502 4021 δὲ
2552 3965 2777 4019 ἐκϐαλὼν
2830 3966 3028 4025 πάντας
3078 3993 3145 4003 --
3201 3966 3290 4013 καὶ
3340 3964 3456 4021 τοὺς
3513 3959 3624 4012 πετ’
3687 3955 3829 4007 αὐτοῦ.

2261 4062 2394 4120 Τοὺς
2442 4057 2553 4130 μετ’
2583 4057 2742 4108 αὐτοῦ
2791 4053 3233 4114 συνεισελθόντας,
3277 4050 3412 4121 λέγει
3446 4045 3508 4101 δὲ
3559 4052 3737 4118 Πέτρον
3765 4044 3835 4092 ut

2265 4147 2504 4202 Ἰάκωϐον
2563 4151 2652 4198 καὶ
2715 4147 2973 4202 Ἰωάννην.
3045 4145 3143 4194 Τόν
3201 4145 3291 4213 μὲν
3363 4139 3452 4191 οὖν
3511 4143 3706 4208 πατέρα
3765 4134 3833 4182 καὶ

500 4242 868 4307 matremque
890 4232 1118 4304 puellae,
1140 4232 1408 4288 miraculi
1429 4238 1782 4304 spectatores
1803 4217 2129 4307 assumpsit

2270 4243 2354 4296 τὴν
2408 4241 2607 4310 μητέρα
2659 4243 2751 4294 τῆς
2808 4239 2966 4306 κόρης
3025 4229 3279 4304 παρέλαϐε
3334 4231 3524 4290 θεατὰς
3583 4234 3672 4279 τοῦ
3742 4222 3837 4273 58‘3-

496 4332 786 4398 tanquam
801 4322 1015 4395 puella:
1044 4322 1236 4394 magis
1259 4322 1620 4378 domesticos
1643 4339 1655 4389 ;
1680 4323 2000 4396 discipulos
2017 4341 2152 4381 vero

496 4421 790 4488 tanquam
820 4412 1067 4485 sibiipsi
1095 4413 1287 4481 magis
1313 4411 1650 4466 familiares.
1684 4413 1936 4469 Caeteros
1955 4420 2153 4469 autem

496 4519 709 4560 omnes
749 4501 938 4574 ejecit,
979 4501 1215 4572 fugiens
1253 4515 1462 4556 eorum
1503 4500 1765 4556 laudem.
1810 4503 1952 4557 Cum
1991 4504 2153 4559 enim

499 4608 810 4662 nunquam
855 4594 969 4646 tale
1000 4590 1314 4661 quidpiam
1349 4589 1414 4660 (t)
1448 4589 1753 4656 vidissent,
1803 4592 2155 4663 applausuri

501 4688 689 4745 erant,
722 4685 778 4734 et
806 4695 990 4750 supra
1019 4680 1267 4734 modum
1301 4678 1622 4735 laudaturi.

574 4769 736 4823 Vers.
756 4770 845 4822 40.
862 4767 935 4821 Et
952 4767 1285 4838 ingreditur
1299 4798 1367 4808 —
1381 4769 1536 4823 Vers.
1551 4771 1638 4824 42.
1659 4769 2026 4827 ambulabat.
2044 4773 2156 4845 Ap-

576 4892 623 4928 ⁶⁸
653 4891 787 4946 Luc.
825 4907 942 4958 vui,
973 4893 1067 4947 53.

2262 4347 2425 4400 ματος
2487 4329 2554 4387 ὡς
2610 4325 2826 4383 οἰκείούς
2893 4322 3076 4392 ἐκείνη·
3151 4323 3268 4380 τοὺς
3343 4315 3404 4370 δε
3482 4318 3737 4389 μαθητὰς,
3785 4327 3838 4366 ως

2264 4415 2478 4476 οἰκείους
2537 4414 2720 4483 ἐαυτῷ·
2793 4415 2907 4472 τοὺς
2965 4409 3147 4470 ἄλλους
3221 4405 3281 4460 δε
3354 4408 3555 4468 πάντας
3645 4398 3836 4466 ἐξεϐαλε,

2265 4509 2461 4578 φεύγων
2529 4507 2615 4556 τὸν
2654 4501 2778 4576 παρ’
2867 4500 3033 4552 αὐτῶν
3111 4500 3335 4550 ἔπαινον.
3429 4491 3698 4547 Οὐδέποτε
3759 4490 3838 4558 γὰρ

2263 4602 2496 4647 τοιοῦτον
2558 4589 2770 4651 ἰδόντες.
2822 4589 3023 4662 ἔμελλον
3078 4587 3230 4640 αὐτόν
3278 4593 3540 4658 κροτῆσαι
3592 4587 3681 4634 καὶ
3719 4581 3843 4649 ὑπερ·

2267 4692 2594 4757 ευφημῆσαι.

2339 4774 2444 4829 Καὶ
2497 4772 2851 4847 εἰσπορεύεται
2905 4799 2973 4810 -
3027 4767 3142 4839 (47)
3191 4767 3516 4841 περιεπάτει.
3589 4757 3844 4833 Ἐκρᾶπιῖεε

1709 5019 1935 5089 Variae
1963 5021 2288 5092 lectiones
2319 5033 2384 5090 et
2423 5029 2626 5090 notae.

600 5164 666 5217 46
722 5155 962 5233 Θαρῥεῑν,
998 5157 1185 5214 abest.
1219 5158 1286 5212 A.

602 5161 719 5305 vi
743 5229 1062 5305 Hentenius
1101 5229 1180 5284 ad
1217 5245 1285 5305 ve

645 5255 657 5287 ί

743 5229 1062 5285 Hentenius
1101 5229 1180 5284 ad
1217 5245 1368 5285 vers.
1409 5233 1471 5285 41
1517 5236 1719 5288 monet
1775 5233 2163 5292 scribendum

505 5299 632 5361 esse
647 5299 905 5375 taliatha,
939 5299 1177 5375 addens
1203 5315 1216 5357 :
1243 5302 1433 5372 Atque
1447 5303 1574 5375 hoc
1584 5305 1756 5360 modo
1771 5308 2058 5375 scriptum
2075 5309 2166 5364 in-

506 5376 744 5436 venitur
787 5374 852 5430 in
898 5373 1204 5429 nonnullis
1243 5373 1482 5430 vetustis
1529 5373 1992 5448 exemplaribus,
2043 5386 2167 5437 tam

2274 5164 2511 5236 Graecis,
2544 5177 2722 5236 quam
2753 5160 3004 5236 Latinis.
3031 5159 3167 5220 Qua
3187 5173 3324 5236 vero
3356 5159 3497 5236 sunt
3524 5155 3637 5236 ista
3653 5151 3852 5236 vetusta.

2273 5223 2636 5306 exemplaria
2663 5233 2691 5289 Ἰ
2727 5232 2877 5306 Alibi
2929 5235 3224 5288 memorat
3267 5225 3755 5302 Complutensem
3810 5223 3855 5272 et

2276 5303 2642 5364 Erasmicam
2671 5303 3024 5361 editionem.

577 5501 644 5576 (ί)
701 5498 840 5558 Tale
887 5497 1211 5571 quidpiam.
1268 5495 1503 5554 Videtur
1555 5515 1693 5574 ergo
1723 5501 1946 5575 legisse
1979 5506 2129 5558 τοιοῦι

2273 5525 2310 5574 ι,
2341 5503 2505 5580 quod
2536 5519 2647 5563 nec
2701 5497 2847 5560 mihi
2901 5496 3194 5576 displicet.
3255 5495 3451 5573 Supra
3511 5494 3739 5554 advers.
3788 5482 3848 5540 35

535 5591 611 5652 de
639 5611 701 5653 re
729 5589 938 5650 eadem
967 5592 1074 5656 est,
1105 5583 1334 5644 τοιοΰτον
1365 5588 1558 5662 Θαύμα.
