3922 6200
463 205 568 264 803
1819 197 2176 262 EUTHYMII
2222 197 2557 268 ZIGABENI
3692 209 3774 268 804

465 350 585 390 non
600 332 1115 405 posset.Nondum
1143 332 1302 388 enim
1335 332 1553 387 factum
1583 333 1659 388 ab
1678 348 1748 389 eo
1765 333 2002 403 hujusm

2234 336 2400 405 νεκρὸν
2431 335 2489 388 ού
2521 332 2762 388 δύναται.
2798 335 2957 388 Οὓπω
2982 338 3086 408 γὰρ
3116 334 3254 389 εἶδον
3291 342 3517 388 τοιοῦτον
3545 336 3623 388 ὑπ’
3650 337 3775 390 αὐτοῦ

466 423 819 479 miraculum
853 423 1141 476 viderant.
1176 421 1437 493 Ideoque
1463 422 1742 478 dicebant
1778 440 1790 474 :
1823 423 1984 478 I'ilia

2234 425 2406 495 θαῦμα
2445 431 2798 498 γεγενημένον.
2836 430 2922 479 Διό
2972 431 3061 477 καὶ
3115 423 3279 482 εἷπον,
3331 425 3388 478 Ἦ
3439 427 3658 498 θυγάτηρ
3700 447 3776 498 eoa

466 522 701 570 mortua
732 518 832 575 est,
856 511 994 582 quid
1009 510 1204 566 adhuc
1227 527 1402 567 vexzs
1420 513 1786 582 Magistrum,
1814 528 1952 567 cum
1983 528 2002 566 ε

2234 511 2465 580 ἀπέθανε,
2495 520 2544 566 τί
2575 517 2648 567 ἔτι
2682 515 2914 575 σκύλλεις
2944 519 3031 567 τὸν
3063 511 3408 574 διδάσκαλον,
3442 519 3514 587 μὴ
3539 513 3777 588 δυνάμενον

465 619 584 659 non
618 603 805 672 possit
835 600 1116 654 suscitare
1141 601 1168 655 ?
2231 601 2390 660 αὐτὴν
2420 605 2751 670 rivum-ﬁam;

536 692 698 744 Vers.
741 693 826 744 36.
869 688 1034 743 Jesus
1069 696 1267 745 autem
1315 721 1384 730 -—
1424 691 1602 747 crede.
1646 691 1912 760 Cognito.
1955 707 2002 763 (Τ

2299 692 2356 746 Ὀ
2391 689 2449 744 δὲ
2481 694 2686 754 Ἰησοῦς
2723 725 2790 733 -—
2820 698 3050 746 πίστευε.
3087 697 3243 755 Γνοὺς
3271 697 3356 745 τὸν
3388 692 3782 768 anime/ir,”

463 778 979 848 archisynagogus
1012 776 1166 834 circa
1195 779 1376 834 fidem
1418 779 1734 844 dubitaret,
1771 785 1972 852 utpote

2234 779 2581 852 ἀμϐλυνθέντα
2624 787 2740 856 περὶ
2795 787 2886 840 τὴν
2918 788 3115 846 πίστιν,
3165 781 3249 834 οἶα
3282 785 3673 853 συναπαχθέντα
3701 792 3782 844 τοῖς

463 866 744 923 monibus
784 866 1018 920 illorum
1062 867 1361 932 seductus,
1394 869 1684 925 confortat
1723 886 1878 937 eum,
1925 885 1995 925 ac

2234 869 2397 940 λόγοις
2424 871 2610 934 αὐτῶν,
2648 871 2970 946 ἐπιθαρρύνει
2998 877 3089 924 καὶ
3118 871 3401 925 ὰνακτόῐται
3426 878 3518 930 τὴν
3563 872 3782 926 ἀσθένειαν

464 956 619 1012 fovet
649 955 788 1010 lidei
823 955 980 1010 illius
1015 955 1495 1013 imbecillitatem.

2234 967 2316 1019 τῆς
2339 960 2498 1012 αὑτοῦ
2524 965 2768 1021 πίστεως,

535 1064 697 1118 Vers.
731 1063 817 1118 37.
849 1065 910 1117 Et
946 1079 1059 1118 non
1091 1096 1157 1102 —
1186 1063 1404 1119 Jacobi.
1450 1064 1615 1120 Solos
1645 1065 1757 1121 hos
1784 1065 1935 1121 inter
1965 1082 1998 1121 a

2303 1073 2402 1120 Kal
2454 1067 2547 1120 οὐκ
2603 1100 2668 1108 -
2717 1067 2988 1133 Ἰακώϐου,
3055 1071 3250 1130 Μόνους
3303 1072 3520 1128 τούτους
3573 1067 3665 1121 ἀπὸ
3711 1078 3784 1120 τῶν

467 1151 788 1224 discipulos
801 1153 1216 1224 coassumpsit,
1233 1154 1398 1226 quasi
1415 1154 1638 1208 caateris
1654 1152 1995 1226 praastantio

2234 1157 2389 1210 ἄλλων
2419 1161 2664 1230 μαθητῶν
2702 1157 3111 1231 συμπαρέλαϐεν,
3146 1161 3215 1220 ὡς
3243 1154 3651 1231 διαφορωτέρονς
3695 1167 3785 1208 tam

468 1243 619 1298 Nam
650 1245 704 1297 et
734 1242 792 1297 in
822 1258 931 1296 sua
963 1240 1471 1312 transﬁguratione
1500 1241 1660 1298 solos
1689 1243 1798 1298 hos
1831 1247 2002 1314 speet

2234 1248 2412 1302 εἷλλων.
2472 1253 2571 1301 Καὶ
2616 1251 2717 1321 ⁶Ῑάιρ
2769 1253 2858 1299 καὶ
2911 1247 2993 1299 ἐπὶ
3044 1255 3133 1308 τῆς
3175 1253 3615 1320 μεταμορφώσεως
3642 1247 3782 1316 αὑτοῦ,

467 1347 560 1387 res
591 1347 796 1386 secum
829 1331 1176 1401 assumpsit.

2234 1343 2416 1410 μόνους
2445 1341 2657 1399 τούτους
2697 1335 2950 1411 παρελαϐε
2983 1339 3187 1398 θεατας.

541 1423 748 1486 Quaere
787 1419 963 1474 etiam
997 1419 1289 1476 tricesimo
1329 1424 1544 1493 quarto
1575 1420 1767 1492 capite
1816 1422 2002 1488 Evang

2303 1432 2402 1480 Καὶ
2453 1431 2681 1490 ζήτησον
2722 1425 2770 1477 ἐν
2827 1433 2899 1495 τῷ
2946 1433 3244 1497 τριακοστῷ
3291 1427 3521 1500 τετάρτῳ
3574 1424 3786 1496 κεφαλαίῳ

463 1509 635 1582 juxta
663 1508 998 1565 Matthmum
1022 1523 1260 1571 causas,
1280 1508 1358 1564 ob
1371 1525 1524 1580 quas
1541 1509 1680 1564 istos
1707 1523 2002 1580 praeponei

2234 1526 2319 1571 τοῦ
2346 1521 2481 1569 κατά
2507 1517 2772 1570 Ματθαῑον
2804 1517 2895 1576 τὰς
2933 1515 3097 1575 αἰτίας
3125 1523 3219 1576 τῆς
3245 1520 3608 1587 προτιμησεως
3637 1514 3787 1564 αὐτῶν.

468 1600 526 1652 et
562 1600 774 1667 praater
813 1593 944 1649 illas
974 1596 1152 1650 etiam
1182 1595 1540 1666 praeferebat
1568 1610 1690 1660 eos,
1725 1599 1789 1651 ut
1829 1600 1885 1651 et
1926 1610 2002 1650 caa

2234 1612 2493 1680 Προετίμα
2555 1603 2615 1658 δε
2692 1607 2922 1669 τούτους,
2993 1605 3075 1655 ἱνα
3125 1608 3213 1656 καὶ
3293 1605 3342 1655 οἱ
3393 1603 3543 1655 ἄλλοι
3610 1609 3789 1654 τοιοῦτοι

465 1685 613 1742 tales
642 1684 792 1740 efﬁci
825 1690 1202 1740 conarentur.

2234 1702 2471 1770 γένωνται
2480 1737 2491 1748 .

541 1794 701 1848 Vers.
733 1795 819 1846 38.
849 1792 924 1846 Et
954 1793 1110 1847 venit
1145 1823 1209 1832 —
1238 1793 1603 1864 multumque
1634 1793 1942 1862 ejulantes.
1967 1795 2002 1848 Τ

2303 1792 2403 1840 Καὶ
2436 1789 2650 1861 ἔρχεται
2678 1814 2741 1824 —
2768 1787 2859 1834 καὶ
2893 1781 3238 1842 ἀλαλάζοντας
3259 1780 3442 1832 πολλά.
3467 1780 3732 1840 Ἠλάλαζον
3756 1782 3792 1830 οἱ

468 1883 630 1938 cines
661 1880 1004 1936 luctuosum
1037 1885 1276 1937 cantum
1297 1881 1622 1953 pulsabant
1643 1882 1875 1954 (quibis
1904 1881 2001 1936 dic

2234 1878 2474 1943 αὐληταὶ,
2506 1879 2623 1949 περὶ
2648 1875 2715 1924 ὧν
2741 1873 3017 1944 εἰρήκαμεν
3042 1870 3088 1922 ἐν
3109 1878 3181 1941 τῷ
3202 1866 3558 1940 ἐξκαιδεκάτῳ
3578 1869 3792 1940 κεφαλαίῳ

467 1970 741 2042 ejulatus,
784 1985 1137 2041 quanquam
1180 1971 1416 2042 prOprie
1444 1969 1736 2034 ἀλαλάζειν,
1781 1976 1870 2027 est
1911 1986 2002 2042 pel

2234 1975 2320 2021 τοῦ
2359 1969 2493 2018 κατὰ
2525 1966 2806 2017 διατθαίον.

469 2065 571 2116 tuo
630 2059 826 2115 sonitu
885 2065 1142 2130 strepere
1198 2075 1266 2115 ac
1307 2059 1520 2114 tinnire
1563 2075 1575 2114 :
1619 2075 1765 2114 sono
1806 2074 2019 2114 sonum
2062 2059 2408 2132 excipiente,
2451 2050 2968 2127 quemadmodum
3009 2049 3072 2104 ﬁt
3124 2048 3183 2103 in
3245 2047 3566 2115 lebetibus)
3619 2047 3685 2102 de
3725 2046 3794 2101 his

468 2149 728 2206 diximus
760 2147 994 2203 decimo
1023 2151 1189 2203 sexto
1215 2148 1387 2218 juxta
1419 2148 1755 2204 Matthaaum
1789 2149 2002 2220 capite.

539 2241 697 2294 Vers.
725 2238 810 2292 39.
845 2238 916 2292 Et
932 2238 1554 2308 ingressus—dormit.
1585 2237 1848 2293 Primum
1874 2237 2002 2310 quic

2307 2258 2405 2307 Καί
2463 2249 2701 2304 εἰσελθὼν
2761 2279 2828 2286 -
2899 2241 3161 2298 καθεύδει.
3225 2245 3346 2297 Elis:
3407 2250 3583 2307 τοῦτο,
3651 2248 3793 2314 πρῶτα

468 2329 584 2385 hoc
631 2327 796 2393 dixit,
861 2325 1153 2382 tristitiam
1195 2343 1403 2382 eorum
1457 2325 1848 2383 consolando.
1898 2326 1997 2382 Dei

2234 2347 2342 2416 μεν,
2409 2346 2502 2399 τὴν
2579 2339 2743 2394 λύπην
2833 2335 3001 2386 αὐτῶν
3084 2334 3572 2407 παραμυθούμενος⁹
3658 2334 3794 2381 ἔπειτα

471 2419 674 2498 etiam,
715 2418 876 2488 quod
913 2415 1023 2470 illis
1053 2415 1297 2488 quidem
1342 2422 1573 2472 mortua
1605 2422 1746 2481 erat,
1776 2415 1887 2472 sibi
1923 2433 1996 2472 au

2234 2415 2320 2484 καὶ
2370 2427 2662 2490 διδάσκων,
2709 2427 2790 2477 ὅτι
2827 2423 2948 2497 παρ’
3018 2421 3224 2484 ἱκείνοις
3282 2425 3371 2494 μεν
3431 2424 3655 2488 τέθνηκε,
3701 2417 3792 2490 παρ’

470 2505 806 2564 dormiebat
846 2521 857 2560 :
907 2504 985 2560 illi
1016 2521 1277 2578 namque
1308 2507 1588 2561 suscitare
1620 2522 1751 2561 eam
1797 2521 1917 2560 non
1961 2521 2000 2577 p

2234 2522 2372 2591 αύτῷ
2433 2515 2490 2572 δε
2539 2522 2807 2588 κοιμᾶται·
2873 2517 2961 2564 καὶ
3003 2514 3104 2586 ’γὰρ
3155 2510 3336 2563 ἐκείνοι
3388 2514 3502 2583 μὲν,
3567 2511 3652 2562 οὐκ
3695 2504 3795 2563 iii-J-

470 2601 622 2662 rant,
665 2595 794 2666 ipse
837 2609 973 2648 vero
1005 2595 1277 2667 perfacile
1308 2612 1320 2650 :
1356 2595 1621 2650 tribuens
1662 2599 1948 2667 praetcrea
1987 2612 2002 2650 ι

2234 2630 2381 2662 ναντο
2447 2607 2748 2664 ἀναστῆσαι
2804 2605 3019 2659 ταύτην·
3095 2600 3248 2662 αὐτὸς
3319 2596 3378 2652 δὲ
3444 2605 3539 2651 καὶ
3585 2599 3792 2671 μάλιστα·

471 2686 793 2750 ﬁdentiam,
836 2685 1000 2756 quod
1028 2690 1277 2740 mortem
1321 2685 1489 2756 quasi
1521 2700 1798 2740 somnum
1838 2684 2002 2754 abige

2235 2697 2345 2754 εἶτα
2398 2702 2487 2750 καὶ
2548 2691 2736 2753 διδοὺς
2787 2687 2988 2766 θαρρεῖν
3047 2690 3156 2761 (46)
3213 2691 3295 2740 ὅτι
3367 2690 3605 2760 καθάπερ
3674 2691 3796 2736 ὕπνον

471 2781 674 2849 ntPow
701 2775 909 2830 mortis
939 2790 1008 2830 ac
1048 2773 1179 2830 νίίω
1205 2775 1509 2830 Ποωίηυεο
2235 2789 2479 2841 ἀπελάσει
2533 2789 2617 2838 τόν
2678 2785 2912 2843 θάνατον,
2965 2783 3032 2841 ὡς
3091 2781 3280 2852 Κύριος
3330 2780 3578 2839 θανάτου,
3630 2796 3708 2826 και
3748 2777 3798 2831 ὡς

2159 2883 2200 2939 C
2235 2879 2366 2940 ζωή.

544 3007 707 3061 Vers.
745 3009 832 3060 40.
876 3005 946 3058 Et
975 3004 1302 3060 irridebant
1342 3019 1491 3061 eum.
1524 3007 1702 3070 Quasi
1743 3007 2000 3062 dormire

2306 2971 2406 3020 Καὶ
2457 2961 2738 3033 κατεγέλων
2805 2959 2991 3013 αὑτοῦ.
3082 2956 3170 3017 Ὠς
3249 2955 3484 3026 λεγοντος
3571 2955 3800 3006 καθεᾶδειν

2277 3061 2285 3070 ι
2439 3056 2462 3070 Α
2601 3059 2619 3069 ~
2771 3045 2927 3070 ,‘13A_
2954 3069 2962 3070 ι
3025 3049 3096 3070 _'__
3171 3045 3412 3070 9._.'b.._._,
3473 3048 3539 3070 Ζ.-
3567 3046 3587 3070 Σ
3646 3049 3712 3070 Δ-.
3733 3045 3800 3070 ..;ρ

474 3102 702 3153 centem
732 3094 891 3150 illam
920 3111 1055 3165 quae
1081 3102 1313 3150 mortua
1330 3101 1474 3161 erat,
1505 3097 1753 3151 scientes
1779 3097 1938 3168 quod
1968 3113 2122 3152 mor-

473 3190 576 3242 tua
609 3189 718 3250 est,
756 3184 905 3239 sicut
933 3184 1071 3238 dicit
1113 3186 1297 3240 Lucas
1341 3186 1409 3239 ⁸³.
1444 3184 1638 3240 Voluit
1665 3192 1866 3242 autem
1905 3193 1960 3242 et
1999 3187 2124 3258 ipse

472 3275 725 3341 irrideri,
769 3278 830 3329 ut
866 3279 923 3328 et
961 3273 1232 3329 tibicines
1271 3280 1328 3328 et
1365 3275 1468 3346 qui
1509 3275 1846 3345 irrisissent,
1888 3275 2124 3348 aliaque

472 3363 710 3431 similia,
737 3362 1166 3418 demonstratio
1190 3360 1398 3418 ﬁerent
1420 3363 1756 3431 manifesta,
1779 3365 1941 3437 quod
1973 3380 2128 3421 mor—

473 3458 574 3510 tua
628 3452 832 3507 fuisset
879 3450 1099 3522 puella,
1150 3465 1255 3505 nec
1309 3456 1512 3521 posset
1558 3452 1752 3508 dicere
1805 3453 2125 3524 quisquam

474 3540 884 3614 postmodum,
906 3537 1072 3611 quod
1097 3542 1332 3592 mortua
1360 3554 1477 3592 non
1502 3538 1694 3593 fuerit.
1717 3543 1859 3595 Nam
1892 3556 1995 3610 pro

2238 3537 2330 3553 VW‘
2381 3537 2523 3552 κυεην
2576 3537 2668 3571 Ι¹Ἲ⁸
2705 3537 2792 3547 τ’·’ν
2857 3537 2919 3565 ’τ
2973 3537 3104 3544 πω
3291 3537 3568 3563 ⁷“ι”⁷“ΓΓ’⁷⁷

2237 3586 2585 3640 ἑνεϐοάδυνεν·
2645 3587 2728 3637 ἶνα
2793 3579 3070 3640 προδήλως
3140 3584 3199 3632 τό
3273 3576 3490 3632 παιδίον
3585 3577 3783 3640 ἀποθάνῃ

474 3603 587 3685 boc
608 3643 850 3700 quoque
874 3627 1229 3682 immoratus
1247 3631 1334 3680 est
1349 3625 1502 3681 circa
1524 3626 1882 3681 miraculum
1903 3627 1997 3683 fac

2237 3603 2585 3662 ενεδρασυνεν·
2646 3605 2728 3637 ινα
2793 3603 3070 3656 προσηλως
3140 3603 3199 3632 το
3273 3603 3490 3632 παιοιον
3585 3603 3804 3642 αποπητη

2237 3685 2322 3721 καὶ
2361 3677 2697 3721 ximus-195ml
2736 3675 2820 3721 u'n
2870 3673 2918 3721 οἱ
2963 3670 3204 3721 αὐληταὶ.
3235 3674 3485 3721 γένωνται
3548 3665 3606 3720 δε
3645 3673 3724 3716 και
3760 3664 3808 3712 τὰ

475 3677 587 3685 ..η
612 3677 848 3700 την-
1102 3677 1130 3680 --
1169 3677 1223 3679 _-
1253 3677 1271 3680 -
1291 3677 1298 3678 κ
1321 3677 1333 3680 -
1439 3677 1502 3681 η
1524 3677 1882 3681 _-__-____
1903 3677 1995 3683 η-

473 3719 533 3773 in
575 3716 840 3781 muliere,
873 3731 1009 3786 quas
1043 3714 1357 3782 sanguinis
1386 3713 1618 3769 ﬂuxum
1651 3715 1979 3786 patiebatur

2237 3685 2326 3730 καὶ
2361 3677 2697 3748 εἰσενεχθῶσι
2732 3677 2820 3746 μεν
2870 3677 2918 3724 οἱ
2963 3677 3204 3736 αὐληταὶ,
3235 3677 3485 3741 γένωνται
3548 3677 3606 3720 δε
3645 3677 3724 3716 και
3760 3681 3774 3712 τ

2249 3767 2292 3786 ιν

2232 3061 2324 3115 τὴν
2377 3056 2704 3119 τεθνηκυῖαν,
2764 3045 2964 3109 εἰδότος
3021 3049 3099 3099 ὅτι
3167 3045 3434 3113 ἀπέθανεν,
3468 3046 3589 3105 ὡςό
3641 3045 3802 3097 Λουκᾶς

2235 3147 2387 3199 εἶπεν.
2447 3141 2711 3196 Ἐϐούλετο
2769 3136 2827 3191 δι
2873 3142 2962 3190 καὶ
3017 3136 3168 3196 αὐτὸς
3223 3134 3694 3206 καταγελασθῆναι,
3741 3131 3802 3180 ἶνα

2233 3239 2321 3287 καὶ
2369 3235 2416 3286 οἱ
2469 3231 2689 3288 αὐληταὶ
2732 3232 2821 3280 καὶ
2879 3228 2904 3278 ό
2941 3223 3256 3296 κατάγελως,
3325 3228 3414 3275 καὶ
3474 3226 3543 3276 τὰ
3602 3226 3800 3276 τοιαῦτα,

2237 3327 2404 3395 σαφὴς
2463 3319 2556 3373 εἶεν
2615 3315 2878 3379 ἀπόδειξις
2932 3323 3024 3368 τοῦ
3083 3316 3380 3370 τεθνηκέναι
3432 3315 3494 3364 τό
3575 3313 3802 3382 κοράσιον,

2234 3417 2324 3464 καὶ
2353 3407 2540 3484 μηδεὶς
2568 3410 2781 3479 ὕστερον
2823 3404 3069 3462 δυνηθείη
3125 3403 3310 3474 λέγειν,
3361 3404 3438 3454 ὅτι
3500 3401 3561 3453 οὗ
3609 3401 3801 3452 τέθνηκε·

2238 3497 2330 3553 διὰ
2373 3508 2523 3552 τοῦτο
2568 3500 2669 3571 γὰρ
2704 3500 2792 3547 καὶ
2849 3502 2921 3565 τῷ
2971 3495 3104 3544 κατὰ
3149 3496 3243 3549 τὴν
3289 3489 3577 3563 αἱμορῥόυν
3618 3491 3805 3557 θαύματι

475 3803 786 3861 manifeste
805 3803 998 3874 puella
1019 3808 1365 3867 moreretur,
1391 3807 1446 3858 et
1474 3803 2129 3876 tibicinesinferrentur,
2241 3767 2372 3831 ἐπ’

476 3898 806 3966 ceteraque
840 3907 947 3947 suo
987 3893 1195 3946 ﬁerent
1225 3891 1454 3947 ordine.

546 3983 706 4038 Vers.
738 3986 826 4038 40.
861 3981 935 4035 Et
963 3981 1158 4050 ejectis
1187 3981 1456 4037 omnibus
1489 4013 1553 4021 —
1579 3997 1784 4054 eosque
1809 3987 1911 4056 qui
1933 4001 2002 4042 se:

2309 3987 2366 4039 Ὀ
2422 3983 2480 4039 δὲ
2530 3984 2755 4038 ἐκϐαλὼν
2809 3985 3006 4044 πάντας
3055 4012 3123 4022 —-
3180 3984 3268 4032 καὶ
3318 3983 3434 4040 τούς
3490 3978 3604 4030 πετ⁹
3667 3974 3812 4026 αὐτοῦ.

474 4078 670 4131 erant.
711 4075 822 4128 Eos
861 4071 963 4144 qui
995 4087 1199 4126 secum
1232 4071 1486 4141 ingressi
1519 4077 1702 4128 erant.
1749 4073 1895 4131 Dicit
1931 4092 2002 4131 au

2239 4081 2372 4138 Τοὺς
2420 4076 2532 4148 μετ’
2561 4075 2721 4126 αὑτοῦ
2769 4071 3211 4134 συνεισελθόντας,
3255 4069 3389 4139 λέγει
3423 4064 3486 4120 δε
3538 4072 3719 4137 Πέτρον
3746 4065 3818 4110 καὶ

476 4163 734 4223 Petrum,
775 4160 1068 4216 Jacobum
1109 4166 1164 4216 et
1207 4160 1523 4216 Joannem.
1566 4161 1792 4218 Patrem
1836 4164 2002 4236 siqui:

2243 4165 2482 4221 Ἰάκωϐον
2541 4169 2630 4216 καὶ
2693 4164 2951 4220 Ἰωάννην.
3023 4164 3121 4213 Τὸν
3179 4163 3269 4232 μεν
3342 4158 3430 4210 οὖν
3489 4162 3687 4228 πατέρα
3747 4155 3816 4201 καὶ

478 4260 846 4325 matremque
869 4249 1096 4322 puellae,
1118 4250 1386 4305 miraculi
1408 4256 1760 4322 spectatores
1781 4235 2002 4325 assum]

2240 4261 2332 4315 τὴν
2386 4259 2584 4328 μητέρα
2637 4261 2730 4313 τῆς
2785 4257 2945 4324 κόρης
3003 4248 3258 4322 παρέλαϐε
3313 4249 3503 4308 θεατὰς
3561 4253 3651 4298 τοῦ
3722 4242 3820 4293 θεώ·

473 4349 764 4416 tanquam
778 4340 993 4413 puellae
1022 4340 1215 4412 magis
1237 4339 1597 4396 domesticos
1620 4356 1633 4408 ;
1658 4341 2002 4414 discipulos‘

2240 4365 2402 4418 ματος
2464 4347 2532 4405 ὡς
2589 4343 2803 4402 οἰκείούς
2871 4341 3054 4412 ἐκείνη·
3130 4341 3247 4399 τοὺς
3321 4333 3381 4389 δε
3460 4338 3718 4407 μαθητὰς,
3769 4331 3821 4386 ὡς

474 4437 767 4506 tanquam
797 4429 1045 4502 sibiipsi
1072 4430 1266 4500 magis
1291 4429 1628 4484 familiares.
1662 4431 1914 4488 Caeteros
1933 4448 2002 4487 au

2242 4433 2456 4494 οἰκείους
2515 4432 2698 4501 ἑαυτῷ·
2771 4433 2884 4490 τοὺς
2943 4428 3125 4488 ἄλλους
3200 4424 3259 4478 δε
3331 4427 3532 4486 πάντας
3624 4417 3819 4485 ἑξεϐαλε,

474 4536 686 4578 omnes
727 4518 916 4591 ejecit,
958 4518 1193 4590 fugiens
1231 4533 1440 4574 eorum
1481 4518 1743 4574 laudem.
1788 4521 1930 4575 Cum
1969 4537 2000 4576 e

2243 4527 2439 4597 φεύγων
2507 4525 2592 4575 τὸν
2632 4519 2755 4594 παρ’
2844 4519 3011 4570 αὐτῶν
3088 4519 3312 4569 ἔπαινον.
3407 4509 3678 4565 Οὐδέποτε
3741 4511 3820 4578 γὰρ

476 4626 788 4680 nunquam
833 4612 948 4664 tale
978 4608 1292 4679 quidpiam
1327 4607 1392 4679 (t)
1426 4607 1731 4674 vidissent,
1781 4610 2002 4682 applau

2241 4621 2474 4666 τοιοῦτον
2536 4607 2748 4670 ἰδόντες.
2801 4607 3000 4681 ἔμελλον
3056 4605 3207 4658 αὐτόν
3255 4612 3519 4676 κροτῆσαί
3570 4607 3661 4653 καὶ
3699 4600 3825 4669 ὑπερ·

478 4705 667 4762 erant,
700 4703 756 4752 et
784 4712 968 4767 supra
996 4697 1246 4751 modum
1278 4696 1600 4753 laudaturi.

2245 4709 2572 4775 ευφημῆσαι.

552 4787 715 4840 Vers.
734 4788 822 4839 40.
840 4785 913 4838 Et
930 4785 1262 4856 ingreditur
1278 4816 1345 4825 —
1358 4787 1513 4840 Vers.
1529 4788 1615 4842 42.
1636 4787 2002 4846 ambulabat.

2317 4793 2422 4847 Καὶ
2474 4790 2829 4866 εἰσπορεύεται
2883 4818 2950 4828 -
3005 4785 3120 4858 (47)
3168 4785 3494 4860 περιεπάτει.
3565 4776 3828 4852 Ἐκρὰτῑςτ

553 4910 600 4945 ⁵³
631 4909 766 4964 Luc.
802 4925 919 4976 vui,
951 4912 1045 4964 53.

1688 5037 1912 5107 Variae
1939 5039 2265 5110 lectiones
2297 5052 2362 5108 et
2401 5048 2604 5108 notae.

577 5177 668 5254 46)
699 5173 1162 5254 ομρῥςῖνηεὼεει.
1196 5177 1263 5230 Α.
1396 5251 1409 5254 _
1435 5253 1442 5254 ί
1852 5251 1883 5254 __

2252 5183 2489 5248 Graecis,
2521 5195 2699 5254 quam
2729 5178 2981 5254 Latinis.
3008 5177 3143 5238 Qua
3164 5191 3301 5254 τεῳ
3333 5178 3474 5254 sunt
3501 5173 3615 5254 ista
3631 5170 3835 5254 vetusta

579 5243 1040 5325 47)__Hentenius
1078 5246 1156 5302 ad
1194 5262 1345 5325 vers.
1387 5251 1465 5325 ξείΔ
1494 5254 1700 5325 monet
1753 5251 2140 5310 scribendum
2251 5243 2613 5325 exemplaria
2641 5252 2668 5307 ?
2703 5251 2853 5325 Alibi
2907 5252 3200 5307 memorat
3243 5243 3735 5320 Complutensem
3791 5243 3837 5291 et

483 5317 882 5400 essetaliatha,
917 5317 1156 5400 addens
1180 5334 1193 5374 :
1220 5320 2036 5400 Atque-haemodoscrjiptum
2052 5326 2144 5382 in-
2254 5317 2620 5383 Erasmicam
2648 5321 3001 5380 editionem.

483 5393 721 5453 venitur
764 5392 829 5448 in
875 5391 1181 5448 nonnullis
1221 5391 1460 5449 vetustis
1507 5391 1969 5467 exemplaribus,
2020 5404 2144 5455 tam

555 5519 622 5594 (ἰ)
679 5517 817 5576 Tale
864 5514 1190 5589 quidpiam.
1246 5514 1481 5572 Videtur
1533 5533 1671 5592 ergo
1700 5519 1923 5594 legisse
1955 5541 2002 5576 τι

2234 5543 2288 5592 τι,
2318 5521 2482 5598 quod
2513 5538 2624 5581 nec
2678 5515 2824 5578 mihi
2879 5515 3171 5594 displicet.
3231 5513 3428 5591 Supra
3489 5512 3719 5573 advers.
3770 5503 3830 5559 35

512 5609 589 5670 de
617 5629 678 5670 re
707 5608 915 5668 eadem
945 5611 1051 5674 est,
1082 5601 1312 5662 τοιοῦτον
1343 5606 1536 5680 θαῦμα.
