3922 6200
149 278 224 332 809
1039 261 1415 322 COMMENT.
1467 257 1537 313 IN
1580 249 1908 310 MARCUM-
1948 281 2019 293 —
2057 248 2216 306 CAP.
2258 249 2356 307 VI.
3292 247 3396 305 810

201 413 231 457 li
271 400 315 455 δὲ
355 393 576 472 Ἡρωδιὰς
640 423 706 432 ——
765 397 940 452 ἤκουε.
1001 389 1118 443 Ἔτι
1179 393 1268 441 καὶ
1332 391 1449 462 περὶ
1513 384 1636 436 τού-

1815 379 1977 432 Vers.
2020 380 2104 432 19.
2137 375 2424 434 Herodias
2452 381 2646 434 autem
2683 404 2754 416 —
2781 374 2945 430 Vers.
2976 376 3065 432 20.
3097 373 3394 433 audiebat.

144 515 212 546 των
217 536 226 547 .

1811 472 2036 523 'aaterea
2065 469 2122 523 et
2150 465 2226 522 de
2253 465 2365 522 his.

200 585 272 634 Καὶ
315 610 370 620 -
431 583 510 636 τῆς
587 571 852 646 βασιλείας
908 589 1028 644 μου.
1105 567 1325 640 Ὀμοίως
1378 567 1468 616 καὶ
1518 567 1637 636 περὶ

1819 556 1976 612 Vers.
2016 561 2106 612 2t.
2147 556 2224 612 Et
2261 588 2330 598 ——
2358 557 2516 612 Vers.
2556 558 2644 611 23.
2672 554 2832 626 regni
2867 553 2994 610 mei.
3034 554 3310 613 Similiter
3345 559 3404 612 et

142 673 296 724 τούτων.

1811 661 1819 700 ι
1844 644 1955 701 his.

193 761 236 812 Ἠ
269 756 315 810 δὲ
346 788 400 796 -
438 757 588 828 μητρὶ
613 752 741 809 αὐτῆ
755 772 794 813 ς.
853 753 951 804 Καὶ
995 753 1112 822 περὶ
1150 747 1344 798 τούτων
1372 745 1574 797 πάντων
1603 742 1634 799 ἡ

1815 735 1980 790 Vers.
2037 733 2128 790 24.
2183 733 2299 790 Illa
2349 739 2642 791 autem—
2677 735 2838 791 Vers.
2895 733 2984 790 28.
3035 735 3215 791 matri
3253 748 3401 792 suae.

143 851 332 920 ἐξήγησις
354 845 518 898 ἐκείνου
539 849 629 894 τοῦ
656 840 930 913 κεφαλαίου
959 834 1196 900 διέξεισι.

1811 821 1938 878 .iam
1969 821 2044 878 de
2067 822 2161 878 his
2185 821 2470 879 omnibus
2495 821 2706 895 capitis
2730 821 2888 878 illius
2917 822 3214 881 enarratio
3243 837 3406 881 com-

1748 915 2062 968 memorat.

193 1066 266 1114 Καὶ
317 1089 372 1098 -
432 1060 674 1130 μνημείῳ.
737 1059 957 1128 Εἴρηται
1036 1056 1124 1104 καὶ
1178 1053 1295 1122 περί
1341 1051 1534 1101 τούτων
1592 1045 1641 1098 ἐν

1821 1002 1978 1056 Vers.
2011 1001 2101 1057 29.
2131 1001 2209 1057 Et
2237 1031 2307 1042 -—-
2325 1005 2715 1058 monumento.
2743 1001 2976 1058 Dictum
3003 1005 3096 1058 est
3119 1001 3196 1058 de
3219 1001 3314 1058 his
3343 1001 3404 1058 in

1811 1104 1851 1145 ο
1880 1088 2038 1146 Ιοοο.

141 1168 264 1201 εκεινω
273 1193 283 1205 ,

1823 1177 1990 1234 Vers.
2031 1181 2118 1234 30.
2160 1179 2238 1234 Et
2267 1183 2701 1252 congregantur
2727 1209 2796 1221 —
2821 1179 2981 1236 Vers.
3023 1183 3112 1236 3t.
3151 1185 3403 1237 vacaret.

1751 1267 1838 1324 lbi
1867 1267 2039 1324 etiam
2068 1269 2142 1325 de
2172 1267 2266 1323 his
2285 1283 2507 1340 qurere.
2534 1268 2679 1324 Hinc
2703 1273 2906 1325 autem
2929 1267 3218 1324 docemur
3233 1283 3410 1342 opor-

1753 1362 1873 1414 tere
1915 1357 2183 1413 Ecclesiae
2216 1357 2534 1426 magistros
2562 1372 2684 1414 non
2711 1372 2949 1428 semper
2977 1373 3275 1430 exponere
3315 1373 3411 1413 se-

1753 1447 1916 1518 ipsos
1929 1445 2300 1517 multitudini,
2311 1445 2418 1502 sed
2435 1462 2560 1501 cum
2575 1446 2752 1501 datur
2767 1445 3412 1517 opportunitas,retrahi

1756 1551 1825 1592 ac
1867 1536 2160 1592 solitarios
2188 1551 2339 1602 esse,
2372 1539 2752 1608 mentemque
2783 1535 2856 1591 ab
2885 1534 3157 1591 exteriori
3199 1533 3413 1592 distra-

1756 1624 1951 1682 ctione
1975 1639 2278 1689 revocare,
2307 1627 2364 1680 et
2387 1623 2554 1697 quod
2574 1639 2680 1680 eos
2706 1623 2810 1696 qui
2836 1623 3174 1680 ministrant
3201 1637 3416 1680 conve-

1685 1735 1729 1790 Β
1758 1715 1882 1771 niat
1921 1714 2310 1786 requiescere,
2352 1718 2407 1770 et
2444 1719 2583 1786 post
2620 1712 3020 1770 ministerium
3058 1712 3240 1770 etiam
3277 1727 3413 1770 cor-

1758 1803 2038 1878 poraliter
2077 1803 2396 1860 consolari.

1829 1914 1991 1968 Vers.
2061 1915 2148 1968 32.
2201 1911 2281 1966 Et
2322 1910 2532 1982 egressi
2566 1915 2726 1968 sunt.
2778 1941 2848 1951 —
2895 1912 3054 1967 Vers.
3101 1913 3189 1967 33.
3252 1909 3413 1967 illuc.

1756 2002 1939 2074 Eque
1951 2001 2126 2057 etiam
2145 2006 2200 2057 et
2225 2001 2298 2056 de
2309 2000 2425 2057 his.
2441 1999 2530 2057 Ab
2543 1999 2823 2057 omnibus
2837 2003 3040 2056 autem
3051 1998 3414 2066 civitatibus,

1757 2106 1894 2164 quae
1923 2089 2196 2147 videlicet
2233 2089 2621 2147 circumcirca
2650 2089 3026 2162 adjacebant.

187 1243 262 1290 Καὶ
324 1239 608 1307 συνάγονται
665 1264 732 1276 ο-
793 1233 1064 1306 εὐκαίρουν
1340 1229 1476 1280 Ἐκεῖ
1553 1229 1642 1278 καὶ

137 1329 406 1400 περὶτούτων
434 1327 674 1386 ζήτησον.
733 1319 1102 1392 Διδασιόμεθα
1154 1316 1213 1371 δὲ
1270 1317 1512 1388 ἐντεῦθεν,
1563 1318 1642 1368 ὅτι

136 1420 211 1484 χρὴ
240 1419 336 1476 τοὺς
361 1411 699 1473 διδασκάλους
753 1420 843 1472 τῆς
897 1409 1205 1468 Ἐκκλησίας
1245 1411 1314 1480 μὴ
1360 1403 1646 1467 διαπαντὸς

132 1504 289 1566 ἑαυτοὺς
325 1500 570 1555 ἐκδιδόναι
628 1510 736 1564 τοίς
792 1501 1062 1569 πλήθεσιν,
1109 1497 1214 1550 ἀλλ’
1265 1496 1312 1548 ἐν
1356 1503 1522 1569 καιρῷ
1555 1514 1646 1547 συ-

135 1593 379 1660 στέλλεσθαι,
407 1600 488 1645 καὶ
528 1589 772 1656 ἰδιάζειν,
818 1595 908 1642 καὶ
966 1591 1204 1659 συνάγειν
1262 1590 1348 1638 τὸν
1399 1593 1514 1638 νοῦν
1546 1583 1646 1637 ἀπὸ

127 1690 196 1743 τῆς
235 1683 311 1744 ἔξω
350 1689 622 1756 περιφορᾶς
661 1701 672 1712 ·
723 1684 813 1732 καὶ
863 1681 942 1731 ὅτι
1007 1682 1263 1751 προσήκει
1308 1672 1647 1728 διαναπαύειν

130 1775 212 1830 τοὺς
253 1767 609 1837 διακονοῦντας,
667 1774 757 1822 καὶ
816 1775 1121 1842 σωματικῶς
1166 1771 1482 1840 παρηγορεῖν
1519 1767 1649 1837 μετὰ

124 1865 191 1916 τὴν
213 1856 462 1916 διακονίαν.

177 1954 255 2001 Καὶ
300 1948 508 2007 ἀπῆλθον
558 1981 628 1990 --
681 1947 802 2002 ἐκεῖ.
881 1947 1148 2007 Ὡσαύτως
1221 1949 1311 1997 καὶ
1361 1949 1479 2019 περὶ
1531 1945 1648 1995 τού-

123 2056 208 2091 των.
233 2039 340 2092 Ἀπὸ
390 2047 566 2092 πασῶν
629 2035 688 2091 δὲ
740 2046 837 2090 τῶν
897 2035 1110 2103 πολεων,
1138 2043 1237 2086 τῶν
1276 2033 1426 2107 πέριξ
1469 2029 1650 2092 δηλον-

122 2145 194 2180 οτι,

223 2257 347 2306 ΚΕΦ.
382 2251 472 2314 κ’.
510 2256 635 2327 Περὶ
664 2260 763 2304 τῶν
792 2255 937 2305 πέντε
966 2252 1136 2326 ἄρτων
1158 2253 1248 2325 καί
1268 2257 1366 2302 τῶν
1400 2245 1498 2302 δύο

1831 2253 1986 2308 CAP.
2004 2249 2142 2308 XVI.
2160 2249 2244 2307 De
2267 2249 2520 2323 quinque
2541 2249 2795 2322 panibus
2825 2255 2881 2307 et
2900 2247 3129 2307 duobus
3141 2248 3418 2321 piscibus.

749 2341 966 2414 ἰχθύων.

163 2435 243 2484 Καὶ
292 2431 492 2496 ἐξελθὼν
536 2465 605 2474 -
636 2435 873 2505 ποιμένα.
927 2434 1026 2484 Καὶ
1081 2434 1199 2504 περὶ
1247 2431 1442 2482 τούτων
1497 2427 1544 2480 ἐν
1579 2435 1651 2499 τῷ

1833 2465 1993 2520 Vers.
2036 2466 2125 2520 34.
2157 2463 2234 2519 Et
2259 2478 2525 2535 egressus
2550 2491 2618 2505 —
2655 2466 2972 2534 pastorem.
3000 2463 3192 2521 Etiam
3221 2462 3299 2520 de
3335 2463 3426 2522 his

1763 2554 2041 2626 praedicto
2065 2552 2260 2624 capite
2279 2551 2694 2609 disseruimus.
2712 2553 3012 2610 Pastorem
3045 2558 3252 2611 autem
3282 2553 3429 2612 dicit

1768 2659 1924 2707 eum,
1961 2643 2063 2716 qui
2094 2642 2169 2699 de
2201 2641 2390 2699 salute
2429 2657 2639 2699 earum
2671 2658 2878 2701 curam
2905 2642 3175 2699 haberet.

1838 2735 2002 2788 Vers.
2045 2735 2133 2788 34.
2174 2733 2246 2786 Et
2283 2733 2459 2802 carpit
2483 2763 2552 2772 —
2584 2733 2745 2788 Vers.
2775 2732 2864 2788 37.
2904 2732 2986 2788 ad
3022 2731 3322 2789 edendum.
3363 2734 3431 2790 Et

1773 2822 1902 2879 haec
1931 2837 2174 2893 quoque
2205 2821 2346 2877 inde
2385 2822 2632 2892 cognitu
2662 2820 2858 2879 facilia
2889 2826 3048 2878 sunt.

1843 2911 2006 2966 Vers.
2041 2914 2130 2966 37.
2159 2910 2234 2965 Et
2264 2910 2470 2968 dicunt
2499 2910 2665 2967 —ad
2688 2911 3145 2968 comedendum?
3173 2911 3296 2967 Hoc
3322 2927 3430 2984 per

1772 2998 2300 3068 interrogationem
2338 2999 2660 3070 legendum
2700 3005 2804 3056 est.
2839 3000 2945 3055 Est
2974 3005 3176 3058 autem
3213 3000 3430 3071 hujus-

1702 3085 1742 3142 C
1773 3088 1935 3144 modi
1965 3103 2161 3143 sermo
2189 3102 2416 3154 eorum,
2450 3089 2553 3161 qui
2583 3104 2648 3145 se
2676 3089 2909 3155 gravari
2937 3095 3306 3162 quaeruntur.

113 2518 489 2595 προδιαληγθέντι
568 2521 829 2595 κεφαλαίῳ
909 2516 1229 2577 διείληπται.
1313 2521 1537 2590 Ποιμένα
1595 2513 1654 2569 δί

110 2607 210 2678 λέγει
236 2615 557 2685 φροντίζοντα
583 2619 681 2673 τῆς
712 2614 970 2684 σωτηρίας
1001 2609 1191 2661 αὐτῶν.

165 2704 245 2750 Καὶ
285 2700 468 2770 ἤρξατο
530 2733 600 2740 -
669 2708 862 2773 φαγεῖν.
919 2703 1016 2752 Καὶ
1088 2706 1256 2750 ταῦτα
1308 2696 1493 2750 ἐκεῖθεν
1542 2692 1658 2749 δια-

113 2789 360 2855 γνωσθῆναι
386 2786 599 2864 ιον.

164 2882 246 2928 Καὶ
291 2877 522 2949 λέγουσιν
582 2910 654 2917 —
712 2885 934 2950 φαγείν;
988 2883 1151 2929 Τοῦτο
1216 2876 1332 2927 κατ’
1407 2874 1662 2949 ἐρώτησιν

113 2958 430 3034 ἀναγνωστέον.
475 2971 841 3044 Βαρυνομένων
881 2962 940 3019 δὲ
969 2967 994 3018 ὀ
1025 2973 1256 3026 τοιοῦτος
1281 2965 1445 3036 λόγος.

160 3174 207 3227 Ὀ
251 3175 303 3232 δὲ
365 3213 419 3222 -
480 3186 830 3240 πεντήκοντα.
898 3185 1018 3255 Περὶ
1077 3182 1272 3234 τούτων
1348 3183 1549 3254 εἴρηται
1615 3177 1651 3230 in

1843 3181 2000 3234 Vers.
2043 3181 2129 3234 38.
2174 3178 2289 3233 Ille
2325 3183 2522 3234 autem
2559 3209 2630 3219 —
2667 3179 2828 3235 Vers.
2868 3181 2960 3235 40.
3002 3178 3431 3251 quinquageni.

105 3272 158 3332 τῷ
179 3267 374 3341 εἰκοστῷ
397 3275 530 3343 ἕκτῳ
561 3271 825 3344 κεφαλαίῳ
854 3279 947 3324 τοῦ
973 3274 1104 3324 κατὰ
1131 3272 1420 3327 ΝΙατθαίον.

1811 3275 1854 3323 »ο
1891 3267 1984 3322 his
2013 3266 2239 3322 dictum
2270 3269 2356 3322 est
2393 3266 2678 3324 vicesimo
2709 3271 2874 3324 sexto
2905 3268 3094 3339 capite
3133 3265 3435 3338 Evangelii

1778 3355 2114 3412 secundum
2149 3354 2518 3410 Matthaaum.

157 3469 239 3517 Καὶ
283 3466 449 3520 λαϐὼν
508 3500 582 3511 -
644 3465 849 3544 ἄνδρες.
907 3469 989 3522 Ἐν
1045 3467 1217 3541 ἐκείνῳ
1273 3472 1515 3542 καὶπερὶ
1552 3469 1651 3521 τούς

1850 3447 2009 3500 Vers.
2033 3447 2120 3499 41.
2141 3443 2217 3499 Et
2237 3445 2491 3513 acceptis
2521 3473 2589 3487 —-
2618 3443 2784 3500 Vers.
2811 3444 2882 3499 44
2901 3445 3189 3504 virorum.
3209 3444 3438 3502 Ibidem

747 3525 756 3544 ι
817 3525 831 3532 _
1189 3525 1198 3541 ,
1461 3525 1470 3542 ι

104 3567 178 3599 των
201 3556 386 3608 πάντων
422 3556 544 3632 έρῥή
555 3561 649 3616 θη.

1811 3536 1855 3591 le
1883 3533 1976 3589 his
2013 3549 2255 3606 quoque
2284 3533 2513 3590 dictum
2538 3539 2648 3591 est.

442 3609 496 3633 Ir
531 3609 542 3618 ·
563 3609 574 3612 ⁷
598 3609 649 3616 ί·-

157 3647 240 3696 lini
284 3647 461 3708 εὐθέως
523 3680 598 3689 —
675 3648 1083 3722 προσεύξασθαι.
1133 3648 1352 3722 Ὁμοίως
1411 3653 1499 3701 καὶ
1554 3668 1646 3722 περ

1852 3625 2013 3680 Vers.
2044 3626 2133 3680 45.
2161 3622 2494 3695 Statimque
2522 3654 2590 3666 -
2610 3624 2770 3681 Vers.
2802 3627 2891 3681 46.
2921 3629 2987 3682 ut
3017 3630 3236 3682 oraret.
3271 3623 3442 3682 Simi-

103 3733 276 3783 τοὺτων.
333 3735 757 3810 ’Δποταξοίμενος
829 3734 887 3790 δὲ
938 3737 1134 3805 αὐτοῖς,
1207 3736 1322 3791 ἀντὶ
1376 3745 1490 3808 τοῦ,
1548 3735 1649 3791 ἀπο

1811 3713 1912 3771 iter
1941 3719 1998 3771 et
2034 3713 2110 3770 de
2148 3712 2242 3770 his
2267 3713 2338 3770 ⁵ο.

99 3815 232 3884 λύσας
255 3823 464 3894 αὐτοὺς,
507 3823 728 3887 δηλαδὴ
768 3829 886 3888 τοὺς
916 3826 1129 3900 ὄχλους.
1188 3827 1339 3881 Οὕτω
1389 3830 1491 3901 γὰρ
1541 3823 1674 3880 εἶπεν

100 3906 119 3956 ὁ
143 3914 407 3976 Mareotin.

153 4043 281 4094 ΚΕΦ.
315 4043 416 4094 IZ’.
452 4047 587 4117 Περὶ
610 4050 706 4096 τοῦ
727 4041 774 4095 ἐν
808 4042 1045 4116 θαλάσσῃ
1072 4046 1385 4117 περιπάτου,

1933 4050 2079 4106 CAP.
2111 4049 2286 4103 XVII.
2326 4048 2405 4103 De
2443 4049 2851 4107 ambulatione
2886 4065 3059 4120 super
3085 4064 3303 4124 aquas.

155 4131 241 4179 Καὶ
285 4130 440 4201 ὀψίας
494 4165 566 4173 --
627 4133 926 4194 θαλάσσης.
989 4138 1228 4192 Ζήτησον
1305 4139 1419 4209 περὶ
1488 4136 1651 4186 τούτω

1861 4139 2024 4193 Vers.
2086 4139 2176 4192 4'7.
2229 4137 2479 4206 Vespera
2542 4145 2734 4194 autem
2775 4168 2843 4178 —
2901 4138 3062 4193 Vers.
3128 4139 3217 4194 48.
3260 4153 3444 4196 mare.

95 4212 131 4262 ἐν
178 4226 242 4287 τῷ
296 4221 520 4295 εἰκοστῷ
586 4219 801 4295 ἑϐδόμῳ
871 4222 1130 4296 κεφαλαίῳ
1195 4231 1286 4276 τοῦ
1341 4227 1478 4276 κατὰ
1533 4231 1651 4277 Ματ

1811 4229 1998 4294 lusere
2036 4226 2110 4282 de
2138 4225 2234 4280 his
2265 4225 2549 4282 vicesimo
2579 4226 2834 4297 septimo
2860 4227 3053 4299 capite
3085 4226 3254 4298 juxta
3296 4226 3451 4284 Mat-

98 4303 237 4362 Θαῐον.

1811 4318 2039 4373 .hzeum.

156 4397 239 4448 Kal
306 4399 454 4457 ἤθελε
533 4433 608 4443 -
686 4400 896 4464 αὐτούς.
965 4399 1077 4456 Ἰνα
1166 4402 1314 4456 πλέον
1384 4402 1651 4476 ἁγωνιάσω

1866 4409 2029 4462 Vers.
2062 4407 2154 4461 48.
2198 4402 2550 4476 Volebatque
2576 4433 2645 4445 —
2671 4403 2821 4462 illos.
2856 4406 2925 4461 Ut
2948 4402 3161 4462 fortius
3192 4409 3346 4461 esset
3368 4403 3454 4461 eis

95 4497 181 4534 σιν,

1811 4501 2146 4555 3ertamen..

152 4573 208 4626 Oi
237 4570 292 4628 δὲ
339 4609 405 4618 —
452 4584 530 4652 μὴ
584 4579 852 4653 φοϐεῖσθε.
897 4586 998 4634 Καὶ
1044 4586 1162 4656 περὶ
1205 4585 1396 4635 τούτων
1428 4581 1476 4634 ἐν
1516 4582 1651 4637 ἐκείνη

1867 4589 2031 4642 Vers.
2072 4588 2159 4641 49.
2197 4583 2301 4639 Illi
2335 4587 2534 4640 autem
2572 4613 2640 4622 —-
2677 4584 2841 4641 Vers.
2882 4585 2971 4639 50.
3013 4581 3193 4640 nolite
3228 4582 3450 4640 timere.

94 4663 290 4732 ἱἶριδτιιιι.

1811 4676 1989 4732 Etiam
2018 4674 2092 4730 de
2124 4673 2216 4729 his
2245 4672 2472 4728 ibidem
2503 4671 2728 4728 dictum
2756 4676 2866 4728 est.

156 4756 242 4806 Καὶ
295 4753 450 4817 ἀνέϐη
512 4790 587 4798 -
649 4760 851 4832 ἄνεμος.
912 4764 1180 4834 Συνέτεμεν
1243 4763 1268 4814 ὁ
1342 4764 1555 4837 Μάρκος
1624 4784 1651 4816 τ

1869 4765 2038 4820 Vers.
2083 4765 2168 4819 51.
2218 4763 2294 4818 Et
2324 4761 2576 4818 ascendit
2604 4791 2674 4802 —
2707 4767 2930 4818 ventus.
2981 4759 3190 4817 Omisit
3232 4763 3460 4818 Marcus

91 4844 203 4891 κατὰ
250 4849 334 4896 τὸν
394 4853 629 4919 Πέτρον,
686 4850 760 4900 ἔτι
815 4845 873 4902 δὲ
902 4855 992 4903 καὶ
1024 4851 1050 4902 ὁ
1081 4853 1318 4912 Ἰωάννης
1352 4869 1363 4880 '
1394 4853 1419 4903 ὁ
1452 4849 1510 4905 δὲ
1544 4859 1651 4906 Ματ

1811 4871 1935 4928 quae
1992 4853 2067 4909 de
2107 4854 2272 4907 Petro
2312 4850 2695 4916 acciderunt;
2763 4849 3028 4906 similiter
3065 4853 3125 4906 et
3173 4850 3458 4907 Joannes.

96 4927 217 4993 θκίος
237 4941 324 4988 καὶ
349 4945 527 4990 ταῦτα
563 4945 746 5010 σαφῶς
777 4937 1086 5014 ἐνέγραψεν·

1811 4927 2104 5003 llatthaaus
2133 4957 2275 4998 vero
2301 4939 2611 5012 diligenter
2634 4939 2735 4995 illa
2760 4938 3138 5012 conscripsit.

148 5025 239 5074 Καὶ
255 5024 369 5077 λίαν
400 5059 470 5070 -
530 5032 921 5101 πεπωρωμνη.
963 5033 1064 5083 Καὶ
1105 5037 1274 5083 ταῦτα
1313 5033 1360 5082 ἓν
1406 5039 1476 5102 τῷ
1525 5050 1651 5084 τοιοτ

1874 5033 2038 5088 Vers.
2074 5035 2158 5086 51.
2187 5032 2261 5086 Ει
2288 5030 2658 5087 vehementer
2687 5059 2755 5068 —
2793 5030 2953 5085 Vers.
2989 5032 3076 5084 52.
3107 5029 3463 5086 obcaecatum

90 5121 149 5174 τῖ’)
175 5113 422 5188 κεφαλαίῳ
454 5113 888 5188 διασεσάφηται.

1811 5128 1945 5180 erat.
1980 5119 2169 5177 Etiam
2200 5121 2329 5175 haec
2359 5117 2573 5173 eodem
2603 5117 2795 5189 capite
2826 5121 2966 5174 sunt
2993 5117 3336 5191 explanata.
3393 5124 3398 5129 ’

146 5205 236 5255 Καὶ
291 5201 728 5280 διαπεράσαντες
780 5237 850 5249 -
898 5209 1172 5271 εσὼζοντο.
1226 5211 1370 5265 Ἐκεῖ
1435 5215 1525 5263 καὶ
1580 5229 1651 5286 πεί

1881 5212 2043 5267 Vers.
2059 5214 2146 5266 53.
2168 5208 2427 5279 Cumque
2442 5206 2806 5277 trajecissent
2825 5239 2894 5248 —
2914 5207 3078 5264 Vers.
3095 5207 3182 5266 56.
3201 5205 3354 5265 salvi
3366 5206 3467 5276 ﬁe-

143 5325 184 5359 δε
211 5325 418 5388 Matth.
462 5347 571 5400 xv,
616 5334 712 5388 23.

1349 5469 1574 5538 Variae
1606 5468 1939 5539 lectiones
1975 5475 2268 5535 etnotae.

142 5613 245 5688 (35)
277 5617 624 5674 Hentenius
655 5617 889 5676 videtur
916 5617 1131 5691 legisse
1159 5617 1413 5696 εὐκαίρει,
1441 5621 1610 5697 quod
1635 5623 1940 5696 repugnat
1967 5620 2202 5695 utrique
2229 5634 2531 5680 meorum.

360 5717 630 5774 ΡΑτειοι..
671 5717 779 5776 Gn.
814 5715 1072 5777 CXXIX.

3117 5715 3196 5771 26
