3922 6200
471 207 569 262 811

474 332 633 388 bant.
692 325 777 382 lbi
803 322 977 381 etiam
1007 317 1081 373 de
1110 312 1205 370 his
1236 305 1521 366 omnibus
1573 298 1856 358 invenies.
1912 293 2117 350 Salvos

2268 292 2434 341 άντων
2502 287 2692 337 τούτων
2749 282 2869 356 εὑρή
2880 299 2983 339 σεις

472 426 675 479 autem
705 409 972 480 intelligit
993 406 1089 463 hic
1118 416 1317 458 sanos.

580 474 737 566 CAP.
772 474 951 558 XVIiI.
985 496 1063 552 De
1093 485 1549 561 transgressione
1574 476 1859 551 praecepti
1890 474 2009 529 Dei.

543 652 697 739 CAP.
720 678 833 736 Vll.
851 676 1015 731 Vers.
1040 677 1088 727 1.
1116 670 1188 725 Et
1207 661 1563 724 conveniunt
1584 689 1653 697 —
1672 656 1835 711 Vers.
1856 655 1908 707 4.
1932 664 2118 706 come-

469 774 639 830 dunt.
665 772 745 826 De
765 768 856 824 his
871 776 1107 837 quoque
1128 755 1363 814 disserit
1385 748 1595 823 capitis
1623 746 1777 801 illius
1801 739 2117 796 enarratio.

544 866 700 918 Vers.
730 862 782 915 4.
811 830 1106 923 Multaque
1134 852 1273 903 sunt
1295 843 1415 900 alia
1434 872 1502 881 —-
1529 838 1824 893 lectorum.
1860 830 1943 885 lbi
1974 842 2119 900 quo-

468 968 585 1025 que
617 950 692 1005 de
715 946 811 1004 his
843 944 1068 1000 dictum
1099 942 1209 993 est.

539 1003 788 1094 lict-sb.
818 1030 1039 1088 Deinde
1066 1058 1136 1066 —
1168 1024 1323 1080 Vers.
1359 1024 1411 1076 8.
1440 1015 1661 1088 facitis.
1696 1011 1916 1066 Horum
1948 1003 2118 1060 intel-

465 1129 650 1185 lectus
680 1122 963 1181 vicesimo
989 1120 1201 1174 octavo
1231 1109 1422 1182 capite
1454 1099 1750 1173 Evangelii
1784 1094 2119 1155 secundum

464 1216 803 1273 Matthaeum
832 1208 1070 1283 positus
1102 1206 1208 1259 est.

535 1306 702 1362 Vers.
730 1307 785 1360 9.
816 1271 892 1356 Et
922 1295 1151 1354 dicebat
1184 1320 1251 1331 -—
1277 1284 1544 1346 servetis.
1577 1281 1689 1335 Per
1719 1274 1973 1333 ironiam
2004 1271 2119 1328 hoc

463 1394 626 1452 dicit.

532 1484 695 1539 Vers.
749 1482 836 1535 10.
884 1475 1066 1535 Moses
1106 1501 1175 1512 ——
1210 1469 1380 1523 Vers.
1420 1466 1505 1518 11.
1545 1461 1608 1515 in
1650 1463 1817 1513 tuum
1865 1450 2120 1509 vertitur

462 1570 850 1632 commodum.
900 1565 1088 1621 Etiam
1117 1560 1192 1615 de
1216 1557 1309 1614 his
1356 1554 1418 1610 in
1448 1551 1548 1607 illo
1578 1546 1771 1620 capite
1820 1539 2118 1613 sigillatim

460 1663 687 1720 dictum
713 1662 818 1716 est.

531 1718 692 1807 vers.
722 1750 811 1806 12.
842 1745 918 1803 Et
947 1774 1016 1784 —
1044 1736 1245 1797 matri.
1271 1732 1634 1803 Quidquam,
1659 1721 1823 1797 quod
1852 1718 1966 1775 illis
1990 1733 2116 1790 gra-

460 1847 588 1901 tum
618 1841 709 1896 sit.

530 1896 697 1987 ἕως.
726 1931 809 1984 13.
832 1923 1081 1981 Irritum
1095 1916 1377 1990 facientes
1399 1942 1464 1953 —-
1484 1906 1706 1980 facitis.
1732 1900 1993 1958 Verbum
2017 1896 2114 1954 Dei

459 2021 601 2078 dicit
638 2018 853 2088 legem,
883 2028 1018 2087 qua:
1057 2011 1334 2083 parentes
1364 2003 1659 2058 honorare
1682 1992 1863 2066 jubet.
1908 1991 2115 2055 Quaere

460 2111 638 2167 etiam
669 2107 744 2162 de
771 2105 864 2159 his
894 2104 955 2157 in
986 2100 1142 2156 dicto
1174 2094 1386 2166 capite.

528 2164 696 2254 Vers.
729 2198 810 2251 14.
843 2188 925 2249 Et
953 2221 1021 2233 —
1051 2188 1215 2244 Vers.
1249 2164 1334 2240 15.
1372 2178 1685 2237 hominem.
1718 2171 1805 2227 lbi
1834 2168 2014 2225 etiam
2047 2164 2115 2220 de

454 2288 550 2345 his
582 2287 809 2343 dictum
835 2285 943 2339 est.

527 2377 689 2433 Vers.
736 2376 819 2429 16.
862 2370 929 2429 Si
962 2366 1091 2442 quis
1123 2395 1189 2406 —
1220 2360 1443 2421 audiat.
1488 2358 1605 2412 Hoc
1644 2351 1983 2422 frequenter
2021 2344 2119 2401 de-

456 2466 751 2524 claratum
784 2466 888 2518 est.

529 2555 698 2615 Vers.
743 2555 829 2608 17.
872 2550 1131 2619 Cumque
1168 2573 1238 2585 —
1266 2542 1426 2597 Vers.
1466 2539 1548 2593 19.
1591 2546 1772 2590 escas.
1815 2526 1903 2584 Ibi
1941 2523 2119 2581 etiam

456 2650 531 2708 de
557 2647 651 2704 his
681 2645 885 2702 exacte
923 2636 1209 2695 traditum
1242 2634 1351 2687 est.

529 2702 693 2793 Vtere.
747 2731 837 2788 20.
865 2725 1092 2786 Dicebat
1138 2724 1301 2778 Vers.
1340 2720 1430 2774 23.
1477 2713 1789 2771 hominem.
1846 2702 2120 2763 Similiter

459 2832 518 2888 et
554 2825 628 2883 de
660 2822 775 2881 his.

907 2961 1067 3023 CAP.
1098 2959 1229 3016 XIX.
1254 2956 1329 3011 De
1357 2949 1670 3009 Phanissa.

531 3061 692 3119 Vers.
711 3059 800 3112 24.
832 3055 907 3109 Et
934 3051 1073 3107 inde
1102 3078 1170 3088 —
1197 3043 1443 3103 Sidonis.
1478 3041 1543 3094 In
1566 3040 1779 3110 partes,
1803 3029 1951 3087 dixit
1980 3028 2120 3083 Mat-

461 3152 671 3210 thaeus.
704 3148 909 3212 Quaere
934 3143 1137 3198 autem
1166 3129 1654 3206 explanationem
1684 3122 1819 3178 ﬁnis
1850 3114 2123 3175 vicesimi

461 3238 656 3300 octavi
680 3232 892 3307 capitis
916 3230 1088 3286 illius.

531 3292 699 3384 Vers.
740 3292 832 3380 24.
869 3321 947 3377 Ει
975 3319 1261 3390 ingressus
1293 3341 1362 3354 —
1395 3309 1595 3364 latere.
1630 3301 1717 3359 Ibi
1749 3311 1998 3356 causam
2033 3292 2117 3349 di-

458 3433 680 3478 leus.

533 3471 793 3563 ὖέὶεεε.
803 3502 948 3558 Cum
960 3498 1116 3555 enim
1129 3492 1405 3551 audisset.
1423 3519 1490 3528 —
1505 3485 1650 3541 Vers
1663 3484 1764 3535 .26.
1788 3490 2011 3549 genere.
2040 3471 2119 3525 De

459 3598 575 3656 hoc
604 3596 831 3651 dictum
857 3595 946 3646 est
973 3585 1251 3643 vicesimo
1281 3592 1443 3636 nono
1470 3573 1663 3646 capite
1695 3562 1997 3636 Evangelii
2030 3574 2115 3615 se-

463 3685 733 3744 cundum
758 3680 1124 3737 Mattheeum.

533 3777 695 3832 Vers.
725 3772 814 3828 27.
845 3769 923 3825 Et
952 3764 1193 3836 rogabat
1220 3788 1285 3801 -—
1333 3756 1460 3826 ﬁlia
1486 3766 1613 3809 sua.
1642 3751 1684 3820 -ιι
1710 3749 1752 3818 -ι-
1782 3745 1989 3820 Ἠρωτα
2017 3754 2120 3795 no-

462 3871 547 3925 tat
575 3862 846 3936 rogabat,
875 3864 938 3913 ut
965 3855 1028 3912 in
1056 3852 1155 3910 illo
1180 3852 1454 3906 notatum
1479 3846 1584 3899 est.

532 4047 692 4101 Vers.
728 4040 818 4095 28.
859 4037 1022 4092 Jesus
1061 4032 1255 4090 autem
1284 4057 1353 4068 —
1382 4024 1550 4079 Vers.
1591 4021 1679 4075 29.
1720 4014 1851 4085 ﬁlia
1892 4014 2016 4066 tua.
2057 4008 2120 4062 In

461 4134 563 4193 illo
594 4130 787 4205 capite
813 4124 1018 4184 omnia
1057 4122 1170 4177 ista
1199 4115 1500 4173 declarata
1532 4110 1687 4163 sunt.

532 4187 694 4280 Vers].
747 4222 835 4276 30.
877 4216 955 4272 Et
992 4225 1250 4284 regressa
1296 4236 1354 4247 —-
1400 4204 1638 4259 tectum.
1674 4196 1997 4254 iacentem,
2058 4187 2120 4242 in

460 4334 606 4393 pace
645 4330 716 4373 ac
744 4309 933 4369 salute
975 4303 1085 4378 (ac).

960 4422 1107 4479 CAP.
1152 4417 1271 4474 XX.
1307 4415 1390 4470 De
1429 4408 1616 4467 balbo.

529 4525 692 4579 Vers.
721 4520 809 4577 31.
844 4516 1103 4586 Cumque
1130 4520 1371 4564 rursum
1404 4500 1617 4557 exisset
1646 4524 1716 4535 —
1744 4487 2113 4558 Decapoteos.

459 4618 585 4671 Non
635 4610 989 4666 immoratur
1014 4603 1075 4657 in
1105 4596 1326 4653 ﬁnibus
1353 4588 1684 4665 gentilium,
1712 4597 1787 4637 ne
1819 4596 1854 4635 a
1898 4575 2118 4632 Judaeis

460 4706 859 4760 accusaretur,
892 4689 1057 4764 quod
1090 4686 1362 4758 gentibus
1392 4674 1901 4736 commisceretur.

530 4793 697 4846 Vers.
733 4790 819 4840 32.
955 4756 1213 4849 a/fer'unt
1244 4806 1308 4815 —
1344 4773 1505 4826 Vers.
1536 4770 1622 4822 33.
1654 4763 1920 4831 linguam
1970 4756 2114 4826 ejus.

460 4873 864 4954 Apprehendit
887 4886 1021 4926 eum
1054 4883 1090 4922 a
1120 4864 1300 4923 turba
1330 4856 1602 4919 seorsim,
1630 4854 1745 4907 hoc
1777 4854 1867 4904 est
1892 4862 2119 4902 assum-

1340 4950 1350 4954 _
1479 4946 1529 4954 ,,
1644 4947 1652 4954 ,
1831 4953 1834 4954 ν
1901 4933 2110 4954 ,ιω-,Α

460 4933 574 4954 --Π

459 4970 591 5045 psit,
644 4962 954 5037 separavit,
991 4973 1064 5012 ne
1108 4950 1396 5010 miracula
1436 4946 1733 5002 videretur
1779 4933 2116 5009 spectaculo

460 5025 486 5045 ς
578 5025 590 5037 ι
712 5025 730 5037 .
942 5025 951 5029 ,

457 5070 770 5131 exponere,
791 5048 1115 5107 etmaxime
1147 5054 1536 5112 cognoscens,
1563 5025 2114 5096 multitudiniquos-

455 5153 599 5210 dam
632 5142 930 5202 immistos
959 5150 1107 5199 esse,
1140 5133 1242 5204 qui
1272 5122 1789 5200 reprehenderent.

526 5240 809 5295 Praeterea
820 5202 1187 5301 quandoque
1211 5215 1500 5276 miracula
1529 5224 1734 5268 coram
1758 5202 1957 5261 multis
1972 5216 2112 5274 ope-

1784 165 2117 226 EUTHYMI]

2268 158 2513 219 EABENI
3420 106 3425 107 ν
3686 144 3762 200 an

3050 293 3061 305 '
3146 280 3404 349 σωτηρίαν
3468 270 3524 326 δὲ
3572 280 3645 324 νῦν
3698 278 3763 331 τὴν

2230 380 2405 450 ὑγείαν
2442 380 2543 428 νόει
2558 419 2568 430 .

2233 474 2376 522 ΚΕΦ.
2443 463 2544 520 Ill'.
2602 466 2726 536 Περὶ
2784 467 2879 520 τῆς
2930 455 3274 529 παραϐάσεως
3332 462 3420 514 τῆς
3493 450 3668 513 ἐντολῆς
3701 461 3765 505 τοῦ

2953 554 3106 601 Θεοῦ.

2302 651 2401 698 Καὶ
2454 645 2768 713 συνάγονται
2824 669 2889 677 -—
2947 635 3209 691 ἐσθίουσι,
3284 638 3384 686 Καὶ
3451 636 3562 705 περὶ
3618 634 3763 683 τούτων

2228 738 2258 794 ἡ
2293 735 2537 805 ἐξήγησις
2570 731 2760 783 ἐκείνου
2792 734 2883 781 τοῦ
2914 725 3189 799 κεφαλαίου
3234 720 3585 794 διαλαμϐάνει.

2304 829 2402 877 Καὶ
2451 822 2581 874 οἰλλα
2627 818 2791 871 πολλὰ
2821 816 2959 868 ἐστιν
3003 846 3069 853 —-
3116 814 3324 867 κλινῶν.
3386 812 3517 863 Ἐκεῖ
3560 815 3637 861 καὶ
3683 814 3763 877 περὶ

2228 916 2422 966 τούτων
2450 914 2673 985 εἴρηται.
3729 866 3735 879 ⁸

2299 1001 2518 1054 Ἔπειτα
2573 1031 2642 1038 -
2695 1003 2908 1049 ποιεῖτε.
2961 993 3019 1045 Ἠ
3070 993 3261 1044 τούτων
3316 986 3593 1059 διάγνωσις
3638 986 3676 1038 ἐν
3717 996 3766 1054 τῷ

2230 1091 2445 1162 εἰκοστῷ
2494 1084 2667 1161 ὀγδόῳ
2725 1084 2983 1158 κεφαλαίῳ
3047 1088 3139 1134 τοῦ
3204 1082 3341 1131 κατὰ
3404 1079 3653 1131 Ματθαίον
3696 1084 3768 1127 κεί-

2227 1200 2333 1234 ται.

2303 1274 2402 1322 Καὶ
2486 1266 2650 1339 ἔλεγεν
2718 1296 2786 1306 -
2868 1266 3156 1336 τηρήσητε.
3228 1257 3607 1331 Κατέἰρωνείαν
3661 1260 3771 1307 τοῦτο

2230 1379 2381 1432 φησι.

2300 1454 2532 1509 Μωϋσῆς
2580 1477 2647 1486 -
2696 1442 2988 1516 ὠφεληθῇς.
3052 1442 3152 1492 Καὶ
3201 1439 3316 1511 περὶ
3371 1438 3563 1488 τούτων
3606 1432 3647 1486 ἐν
3685 1431 3772 1484 ἐκεί-

2228 1560 2295 1611 νῳ
2322 1546 2393 1610 τῷ
2414 1535 2671 1610 κεφαλαίῳ
2704 1530 3151 1601 λελεπτολόγηται.

2303 1738 2401 1787 Καὶ
2430 1763 2497 1773 -
2524 1734 2705 1805 μητρί.
2737 1724 2905 1781 Οὖδὶν
2929 1726 3222 1799 εὐάρεστον.

2296 1925 2632 2000 Ἀκυροῦντες
2661 1951 2729 1961 --
2770 1926 2978 1972 ποιεῖτε.
3032 1920 3201 1986 Λόγον
3244 1920 3335 1965 τοῦ
3385 1916 3520 1964 Θεοῦ
3553 1908 3684 1980 λέγει,
3716 1910 3775 1957 τὸν

2226 2016 2493 2068 κελεύοντα
2523 2017 2678 2084 τιμᾷν
2709 2014 2825 2071 τοὺς
2853 2014 3040 2079 γονεῖς.
3082 2009 3237 2063 Ζὴτει
3283 1998 3342 2055 δὲ
3370 2005 3463 2053 καὶ
3494 2004 3601 2071 περὶ
3628 1999 3777 2048 τούτων

2228 2104 2275 2157 ἕν
2305 2112 2374 2175 τῷ
2405 2105 2613 2178 ῥηθέντι
2643 2099 2919 2172 κεφαλαίῳ.

2302 2199 2401 2248 Καὶ
2449 2224 2516 2232 —-
2560 2195 2646 2243 τὸν
2699 2190 2986 2261 ἄνθρωπον.
3037 2185 3172 2237 Ἐκεῖ
3221 2185 3311 2233 καὶ
3358 2184 3481 2253 περὶ
3531 2180 3698 2230 τούτων
3735 2176 3780 2224 εἱ-

2228 2303 2405 2361 ρηταμ

2302 2376 2360 2427 Εῖ
2390 2393 2470 2434 τις
2502 2403 2564 2411 --
2610 2368 2862 2422 ἀκουέτω.
2901 2370 3065 2417 Τοῦτο
3097 2360 3341 2421 πολλάκις
3373 2357 3677 2434 ἡρμηνεύθη.

2304 2574 2405 2623 Καὶ
2432 2569 2514 2619 ὅτε
2562 2596 2630 2606 -
2680 2561 2955 2639 βρώματα.
3005 2558 3142 2611 Ἐκεῖ
3190 2559 3278 2607 καὶ
3320 2558 3441 2627 περὶ
3470 2554 3653 2604 τούτων
3680 2545 3787 2619 ἀκρι·
3886 2610 3887 2615 η

2232 2660 2459 2713 ϐἐστατα
2488 2632 2897 2726 διεσαφηνίσθη.
3886 2632 3887 2645 ‘

2301 2749 2478 2819 ’Ἔλεγε
2549 2776 2618 2785 ——
2692 2743 2982 2815 ἄνθρωπον.
3052 2739 3274 2808 Ὁμοίως
3357 2738 3451 2784 καὶ
3539 2733 3645 2801 περὶ
3704 2726 3789 2775 τού-

2234 2860 2357 2894 των.

2575 2964 2720 3012 ΚΕΦ.
2752 2954 2835 3010 ΙΘ’
2868 2957 2995 3027 Περὶ
3020 2960 3115 3013 τῆς
3141 2951 3502 3006 ψοινικίσσης.

2307 3057 2407 3106 Καὶ
2464 3050 2648 3102 ἐκεῖθεν
2705 3076 2773 3087 -
2822 3040 3061 3102 Σιδῶνος.
3117 3039 3199 3098 Εἰς
3254 3039 3322 3088 τὰ
3390 3040 3524 3107 μέρη
3572 3030 3792 3086 Ματθαῐος

2233 3142 2361 3199 εἶπε.
2394 3147 2632 3199 Ζήτησον
2679 3133 2737 3189 δὲ
2782 3138 2875 3191 τὴν
2927 3131 3175 3202 ἐξήγησιν
3222 3134 3314 3177 τοῦ
3362 3127 3545 3185 τέλους
3587 3120 3685 3190 (56)
3723 3122 3791 3166 τοῦ

2234 3233 2471 3286 εἰκοστοῦ
2503 3225 2693 3300 ογδόου
2726 3222 3005 3296 κεφαλαίου
3037 3219 3218 3271 αὐτοῦ.

2306 3327 2405 3375 Καὶ
2463 3317 2702 3372 εἰσελθὼν
2768 3343 2834 3355 —
2890 3310 3083 3362 λαθεῖν.
3146 3307 3343 3359 Ἐκεῖοε
3401 3307 3500 3361 τὴν
3544 3301 3693 3352 αἰτίαι
3741 3294 3793 3344 εὶ-

2231 3416 2293 3485 ρή
2306 3428 2464 3483 σαμεν
2476 3449 2487 3461 .

2304 3500 2609 3551 Ἀκούσασα
2673 3495 2772 3566 γὰρ
2836 3521 2905 3529 —
2974 3490 3126 3558 γένει.
3194 3486 3426 3558 Εἴρηται
3490 3484 3605 3552 περὶ
3649 3476 3795 3527 τινας

2232 3589 2279 3643 ἐν
2336 3598 2407 3659 τῷ
2466 3586 2680 3653 εἰκοστῷ
2748 3579 2908 3649 ἐνάτῳ
2984 3574 3241 3647 κεφαλαίῳ
3315 3580 3415 3623 τοῦ
3488 3570 3620 3621 κατά
3682 3568 3792 3615 MK?

2234 3681 2395 3732 θαίον.

2304 3772 2405 3821 Καὶ
2452 3766 2632 3838 ἠρώτα
2677 3792 2744 3800 -
2792 3758 3049 3830 θυγατρὸς
3096 3751 3280 3812 αὐτῆς.
3346 3780 3412 3789 -
3459 3748 3657 3820 Ἠρώτα
3693 3739 3794 3809 (57),

2233 3858 2346 3911 ἀντὶ
2389 3863 2500 3922 τοῦ,
2560 3848 2853 3925 παρεκάλει,
2916 3847 2980 3905 ὡς
3051 3843 3101 3895 ἐν
3167 3840 3337 3911 ἐκείνῳ
3413 3831 3799 3911 παρασεστμείω·

2231 3968 2342 4002 ται.

2298 4036 2358 4088 Ὁ
2404 4031 2462 4087 δὲ
2511 4033 2714 4089 Ἰησοῦς
2765 4058 2833 4067 —
2888 4025 3148 4095 θυγατρός
3207 4038 3322 4071 σου.
3396 4019 3484 4072 Ἐν
3547 4021 3615 4084 τῷ
3667 4006 3800 4061 τοιεὺ-

2230 4147 2301 4198 τῳ
2332 4122 2589 4196 κεφαλαίῳ
2612 4122 2779 4172 πάντα
2800 4121 2966 4167 ταῦτα
2991 4107 3352 4184 διηρμηνεύθη
3364 4126 3486 4159 σαν.

2304 4219 2405 4268 Καὶ
2444 4211 2740 4264 ἀπελθοῦσα
2776 4235 2843 4245 —
2873 4201 3068 4262 κλίνης.
3108 4200 3359 4269 Κειμένην
3392 4195 3443 4247 ἐν
3477 4195 3668 4267 εἰρήνῃ.

2603 4390 2748 4439 ΚΕΦ.
2784 4381 2858 4436 ις’.
2894 4383 3020 4454 Περὶ
3048 4384 3140 4429 τοῦ
3171 4372 3488 4449 μογιλάλον.

2304 4487 2404 4537 Καὶ
2450 4477 2602 4533 πάλιν
2661 4473 2870 4537 ἐξελθὼν
2929 4451 2996 4508 -ξ
3063 4463 3413 4523 δεκαπόλεως.
3477 4460 3589 4513 Οὐκ
3654 4451 3808 4525 ἱμεραο

2231 4570 2370 4626 δύνει
2398 4577 2501 4629 τοῖς
2544 4569 2724 4639 μέρεσι
2746 4569 2843 4613 τῶν
2876 4558 3048 4621 ἐθνῶν,
3084 4556 3165 4606 ἱνα
3202 4557 3272 4625 μὴ
3328 4547 3670 4622 κατηγορηθῇ
3710 4538 3804 4609 παρ’

2230 4657 2526 4720 Ἰουδαίων,
2559 4659 2622 4716 ὡς
2651 4660 2754 4712 τοῖς
2785 4649 3001 4708 ἐθνικοίς
3033 4644 3456 4715 ἐπιμιγνύμενος,

2303 4755 2403 4804 Καὶ
2473 4751 2714 4820 φέρουσιν
2788 4769 2857 4778 -—-
2944 4735 3188 4807 γλώσσης
3288 4729 3478 4781 αὐτοῦ.
3566 4716 3807 4778 ’Δπελαεῑί
3886 4772 3887 4775 η

2229 4840 2379 4893 αὑτὸν
2437 4835 2535 4887 ἀπὸ
2603 4838 2693 4884 τοῦ
2756 4827 2917 4901 ὄχλου
2973 4818 3235 4886 κατιδίαν,
3299 4821 3570 4878 τουτέστι,
3624 4807 3809 4885 napth-

2229 4929 2330 4994 ϐεν,
2377 4926 2651 4999 ἐχώρισεν,
2701 4922 2784 4971 ἶνα
2826 4920 2895 4988 μὴ
2949 4910 3075 4985 δόξῃ
3120 4911 3404 4981 θεατρίζειν
3458 4926 3528 4959 τα
3576 4905 3805 4971 auditura.

2227 5024 2317 5073 καὶ
2382 5015 2629 5090 μάλιστα,
2684 5010 2840 5081 γνούς
2891 5022 3030 5063 τινας
3077 5008 3176 5052 τῶν
3229 4999 3607 5070 μεμψιμοίρων
3660 4988 3809 5057 ὁδῳ·

2227 5111 2503 5183 μιγμένους
2533 5109 2642 5163 τοῖς
2670 5098 2921 5155 πλήθεσιν
2933 5135 2944 5148 .

2295 5195 2489 5255 Ἀλλως
2544 5211 2614 5263 τε,
2674 5190 2797 5243 ποτε
2990 5179 3201 5234 ἐνώπιον
3251 5175 3459 5230 πολλῶν
3516 5175 3807 5246 θαυματουρο

1702 5303 1928 5375 Variae
1951 5302 2277 5370 lectiones
2309 5305 2372 5364 ct
2402 5301 2611 5360 notae.

526 5447 642 5521 (56)
672 5449 776 5521 I06
801 5439 995 5521 τελρυε,
1026 5427 1338 5508 omittite.

810 5475 1110 5570 ξείιοῖιῖαῶ
1133 5475 1423 5557 omiserat
1452 5490 1792 5550 Hentenius.
1820 5485 2033 5543 Scriba
2066 5481 2285 5540 saltum
2310 5475 2548 5533 fecerat.

1646 5591 1656 5594 -
1749 5589 1780 5594 --
2303 5572 2548 5594 ηαλμ.-.

526 5620 620 5695 (τε)
640 5609 963 5676 Vocabula,

988 5620 1058 5664 ac
1074 5589 1782 5667 salute,interprctationii
1808 5600 1994 5645 causa
2024 5578 2328 5639 addidisse
2344 5572 2572 5634 videtur
2583 5562 2905 5624 Hentenius
2920 5558 3147 5633 absque
3177 5553 3405 5613 codicis
3454 5540 3788 5610 auctoritate.
