3922 6200
194 176 272 232 813
1247 154 1618 217 COMMENT.
1662 151 1732 208 IN
1771 148 2099 208 MARCUM.
2143 182 2208 192 —
2249 151 2406 208 CAP.
2449 152 2592 211 VIII.
3349 157 3478 213 814

187 307 263 372 γιῖ,
324 294 383 349 δι’
436 292 655 366 ὠφέλειαν
735 299 837 345 τῶν
902 289 1135 364 ὁρώντων
1168 303 1180 316 ⁵
1247 287 1369 338 ποτὲ
1448 279 1529 351 δὲ,
1594 298 1736 333 κατι

1902 281 2063 342 tatur,
2088 282 2331 350 propter
2343 278 2740 351 spectantium
2771 279 3081 339 utilitatem
3115 280 3451 340 :interdum

189 385 310 455 ἰδίαν,
345 382 420 438 διὰ
455 387 506 436 τὸ
544 386 741 456 φεύγειν
784 384 871 434 τὸν
921 381 1148 443 ἔπαινον,
1209 377 1280 435 ὡς
1326 376 1489 445 τύφου
1515 389 1696 443 γεννη-

1907 382 1944 422 o
1973 366 2317 439 separatim,
2351 372 2413 423 ut
2440 367 2680 425 laudem
2708 368 2957 442 fugeret,
2976 374 3265 445 tanquam
3281 386 3456 446 gene-

184 482 307 531 τικὸν.
340 471 496 530 Ἔϐαλε
543 468 602 525 δὲ
651 475 768 531 τούς
821 466 1109 528 δακτύλους
1148 465 1307 517 αὐτοῦ
1354 463 1420 522 εἰς
1471 462 1537 513 τὰ
1587 456 1695 511 ὦτα

1906 455 2056 511 ivam
2070 455 2378 529 superbiae.
2404 457 2567 516 Misit
2592 465 2789 515 autem
2814 458 3030 531 digitos
3049 476 3191 517 suos
3207 461 3268 518 in
3281 477 3455 519 aures

189 565 416 630 αὖτού,ἓνα
561 568 655 623 τῆς
701 559 874 623 δεξιᾶς
916 560 1118 631 χειρὸς,
1159 555 1231 617 εἰς
1271 559 1421 606 τούτο
1464 553 1522 603 τὸ
1561 545 1646 610 οὖς
1677 566 1690 579 ο

1907 560 1933 599 s
1967 565 1979 597 :
2003 559 2188 600 unum
2213 544 2460 618 quidem
2481 546 2702 603 dextrae
2727 563 2948 604 manus
2977 548 3041 604 in
3061 548 3332 607 dextram
3353 566 3456 608 aue

184 660 249 708 ἓια
277 651 324 706 δι
350 659 425 711 τῆς
450 634 748 726 ἀριστερᾶς,
799 647 870 710 εἰς
907 647 1089 712 ἐκεῖνο,
1137 641 1230 697 διὰ
1284 645 1340 695 τὸ
1386 642 1559 693 στενὸν
1606 642 1696 690 καὶ

1905 649 1952 698 n,
1977 649 2288 706 unumque
2305 634 2556 692 sinistrae
2585 634 2648 692 in
2664 635 2984 702 sinistram,
2999 642 3238 710 propter
3266 654 3454 712 angu-

186 742 290 816 βαθὺ
313 721 570 803 ricini“,
604 721 685 790 ἶνα
729 738 844 810 θίξῃ
896 739 1090 796 ταύτης
1129 777 1141 788 .
1189 728 1449 786 Ἠδύνατο
1493 725 1553 782 δὲ
1606 732 1696 779 καὶ

1905 738 1980 778 ιω
2027 738 2093 778 ac
2145 721 2609 795 profunditatem
2661 726 2916 791 auditus,
2959 731 3016 784 et
3055 724 3218 784 hunc
3257 731 3454 786 acuat.

188 837 326 906 τρόπον
365 833 504 902 ἕτερον
558 831 874 900 θεραπεῦσαι
931 825 1107 893 αὐτὸν,
1169 821 1276 875 ἀλλ’
1337 822 1419 872 ἶνα
1475 826 1695 891 γνῶμεν,

1911 816 2037 868 erat
2063 827 2303 884 quoque
2327 816 2383 869 et
2407 813 2525 869 alio
2563 814 2744 871 modo
2769 815 2931 872 hunc
2961 832 3168 874 curare
3200 833 3213 873 :
3248 816 3355 874 sed
3377 818 3458 875 ita

185 924 242 974 ὃτι
273 926 354 972 πᾶν
391 923 525 992 μέρος
576 924 666 969 τοῦ
712 916 865 987 ἁγίου
917 922 1158 987 σώματος
1209 911 1369 963 αὐτοῦ
1424 911 1562 970 θείας
1607 904 1700 960 δυ-

1908 900 2052 968 'avit,
2082 905 2139 957 ut
2167 901 2453 958 sciremus
2491 918 2735 960 omnem
2765 909 2998 977 partem
3024 905 3216 962 sancti
3248 921 3457 979 corpo-

186 1012 330 1082 νάμεως
357 1012 522 1080 μεστὸν
562 1003 622 1065 ἦν
675 1048 688 1061 .
743 1002 885 1059 Ἰδού
942 1007 1043 1080 γὰρ
1098 1007 1188 1054 καὶ
1236 1003 1294 1053 τὸ
1333 998 1546 1053 πτύελον
1607 1005 1699 1050 τοῦ

1919 991 2104 1063 ipsius
2134 989 2337 1047 divina
2380 991 2621 1064 plenam
2659 1007 2789 1049 esse
2826 992 3052 1050 virtute.
3103 994 3251 1051 Ecce
3303 995 3460 1052 enim

184 1079 390 1172 ἄκραντοι)
437 1100 704 1168 στόματος,
763 1094 876 1166 μεθ’
937 1093 997 1145 οὗ
1048 1101 1140 1154 τῆς
1206 1097 1407 1163 uos/75;
1456 1086 1700 1158 γλώσσης

1913 1084 2046 1136 .tum
2077 1080 2256 1137 etiam
2305 1079 2676 1138 immaculati
2706 1081 2828 1139 oris
2868 1082 2981 1150 sui,
3024 1098 3148 1156 quo
3193 1082 3462 1155 linguam

189 1189 330 1257 ἥψατο,
369 1187 486 1246 θείας
518 1192 730 1257 μετεῖχε
771 1180 1057 1255 δυνάμεως,
1109 1185 1198 1232 καὶ
1243 1181 1414 1231 πάντα
1460 1173 1520 1230 δι
1574 1176 1700 1229 πάν-

1918 1168 1997 1240 git
2045 1168 2418 1241 impeditam,
2464 1169 2733 1228 divinam
2777 1185 3022 1244 quoque
3070 1171 3467 1246 participabat

187 1294 260 1335 τως
280 1277 329 1326 τὰ
347 1280 694 1346 περιττώματα
720 1279 813 1324 τού
845 1267 1151 1343 θεανδρικοῡ
1191 1274 1429 1340 σώματος
1459 1265 1588 1337 ἅγια
1615 1262 1696 1330 ἣν,

1918 1262 2110 1325 ;utem,
2144 1274 2213 1315 ac
2243 1260 2492 1316 omnino
2535 1267 2908 1318 excrementa
2958 1260 3142 1318 divini
3197 1262 3467 1334 corporis

188 1366 239 1424 ὡς
261 1345 454 1415 τοιούτου
500 1345 761 1435 σῶματος.
807 1361 1087 1435 Ἐνήργουν
1141 1354 1201 1412 δε
1247 1361 1399 1430 μόνον
1457 1355 1592 1427 (58),
1619 1355 1701 1406 ὅτε

1915 1345 2018 1403 nia
2047 1351 2258 1404 sancta
2303 1353 2486 1416 erant,
2522 1352 2725 1421 utpote
2765 1348 2894 1406 talis
2933 1348 3204 1424 corporis
3233 1350 3464 1409 :solum

180 1450 304 1510 satis.
1813 1441 2013 1494 autem
2045 1435 2465 1509 operabantur,
2497 1436 2646 1494 dum
2675 1437 2868 1496 vellet.

233 1545 312 1594 Καὶ
348 1538 390 1592 ἐν
429 1549 496 1612 τῷ
542 1540 761 1611 εἰκοστῷ
819 1535 878 1592 δὲ
919 1541 1076 1614 τρίτῳ
1123 1535 1380 1608 κεφαλαίῳ
1429 1541 1520 1587 τοῦ
1571 1552 1706 1608 παρ-

1920 1529 2175 1582 ’raaterea
2213 1525 2496 1584 vicesimo
2534 1525 2704 1583 tertio
2733 1527 3036 1599 praesentis
3082 1525 3469 1602 Evangelistaa

173 1636 286 1691 ὀντος
338 1630 704 1702 Εὐαγγελιστού
775 1627 976 1699 πτυέλῳ
1048 1630 1180 1702 πρὸς
1265 1629 1358 1683 τὴν
1435 1626 1706 1697 θεραπείαν

1917 1614 2028 1680 nite,
2063 1618 2241 1686 sputo
2271 1614 2450 1672 etiam
2476 1631 2616 1671 usus
2647 1618 2738 1672 est
2768 1615 2848 1673 ad
2903 1616 3044 1674 caeci
3076 1617 3466 1686 curationem,

172 1719 392 1793 ἐχρήσατο
417 1727 502 1771 τοῦ
544 1717 762 1791 τυφλοῦ,
795 1721 881 1769 καὶ
930 1715 980 1768 ἄν
1023 1723 1094 1786 τῷ
1126 1712 1328 1786 δεκάτῳ
1378 1710 1437 1766 δι
1474 1721 1566 1766 τοῦ
1595 1713 1707 1766 ἰω-

1940 1703 2064 1759 haec
2092 1704 2340 1760 Joannis
2369 1703 2563 1776 capite
2591 1703 2844 1773 decimo,
2887 1705 3135 1779 quando
3181 1722 3410 1764 caecum
3435 1723 3471 1765 a

170 1810 306 1874 ἁννου,
346 1809 418 1860 ὅτε
442 1811 524 1860 τὸν
567 1806 626 1860 ἐκ
665 1815 871 1880 γενετῆς
927 1807 1043 1877 (59)
1090 1803 1278 1876 τυφλὸν
1320 1803 1526 1856 ἰάσατο.
1572 1809 1710 1856 Τοῦ-

1923 1791 2122 1849 ivitate
2146 1793 2394 1850 curavit.
2425 1793 2548 1850 Hoc
2573 1798 2773 1852 autem
2799 1795 3032 1866 agebat,
3073 1799 3140 1852 ut
3174 1795 3362 1854 ﬁdem
3390 1795 3471 1853 fa-

166 1914 210 1947 το
256 1893 306 1948 δι
349 1894 496 1949 ἐποίει
547 1900 678 1971 πρὸς
750 1900 1008 1948 πίστωσιν
1069 1901 1163 1956 τῆς
1230 1894 1496 1966 ἡνωμένης
1569 1891 1710 1962 αὐτῷ

1924 1885 1979 1937 et
2003 1881 2182 1938 unita
2211 1881 2326 1938 sibi
2362 1881 2686 1940 divinitatis
2714 1897 2734 1939 :
2764 1899 2887 1958 quo
2925 1884 3086 1942 enim
3114 1887 3292 1958 pacto
3341 1884 3473 1942 hec

170 1985 382 2046 Θιότητος.
429 1993 538 2048 Πῶς
575 1969 679 2060 άὰρ
737 1986 800 2037 ἄν
841 1983 1089 2061 ἐνήργουν
1146 1989 1330 2052 ταῦτα,
1372 1981 1416 2035 εἰ
1457 1985 1529 2055 μή
1581 1985 1714 2043 Θεὸς

1179 1989 1330 2052 αὐτα,
1372 1981 1416 2035 εἰ
1457 1985 1529 2055 μή
1581 1985 1714 2043 Θεὸς
1818 1975 2184 2043 operaretur,
2211 1969 2324 2028 nisi
2343 1971 2498 2028 Deus
2517 1975 2674 2029 esset
2698 1972 2726 2028 ?

168 2069 186 2089 ν

164 2090 249 2140 ην;

221 2168 305 2216 Καὶ
331 2162 613 2236 ἀναϐλέψας
653 2195 722 2206 -
752 2162 940 2240 ὀρθῶς.
971 2160 1243 2233 Ἀνίϐλεψε
1271 2163 1360 2234 μεν
1389 2160 1462 2221 εἰς
1508 2163 1594 2212 τὸν
1624 2159 1712 2213 ού-

1929 2150 2057 2206 'ers.
2089 2149 2177 2240 34.
2203 2149 2278 2205 Ει
2305 2149 2620 2240 suspiciens
2641 2182 2708 2194 —
2733 2151 2898 2210 Vers.
2928 2151 3017 2209 35.
3050 2157 3228 2212 recte.
3264 2153 3478 2229 Suspe-

157 2254 298 2324 ρανὸν,
330 2249 595 2306 διδάσκων
623 2257 746 2315 τούς
782 2253 1052 2326 μῦλοντας
1101 2253 1395 2327 θεραπεύειν
1424 2253 1554 2324 πρὸς
1585 2252 1706 2304 Θεὸν

1928 2239 1988 2295 in
2017 2239 2257 2308 cmlum,
2289 2239 2513 2297 docens
2536 2257 2660 2309 eos,
2687 2242 2792 2315 qui
2814 2241 2962 2301 alios
2985 2247 3158 2300 erant
3187 2243 3476 2313 sanaturi,

162 2337 340 2414 ἀφορᾲν,
370 2348 455 2395 καὶ
479 2343 604 2418 παρ’
659 2343 818 2396 αὐτοῦ
863 2339 1083 2414 δύναμιν
1135 2340 1294 2394 αἰτεῖν
1328 2359 1339 2372 ·
1375 2337 1606 2402 ἐστέναξε
1634 2335 1712 2406 δὲ,
1823 2329 1902 2384 ad
1934 2330 2120 2386 Deum
2144 2344 2428 2402 aspicere,
2459 2335 2518 2388 et
2545 2330 2825 2388 Virtutem
2854 2331 2934 2388 ab
2964 2347 3036 2389 eo
3064 2337 3284 2406 petere.
3314 2335 3480 2404 lnge-

156 2425 563 2504 ίπααμπτόμενος
595 2440 704 2494 τοῖς
728 2432 920 2484 πάθεσι
947 2437 1036 2483 τοῦ
1072 2428 1367 2502 ἀνθρώπου,
1388 2432 1473 2480 καὶ
1503 2445 1705 2480 κατοικ-

1928 2419 1967 2475 it
1996 2424 2220 2490 autem,
2254 2426 2452 2476 motus
2476 2419 2740 2476 hominis
2785 2419 3227 2488 afﬂictionibus,
3268 2437 3340 2480 ac
3368 2421 3477 2480 hu-

157 2523 304 2593 τείρων
351 2526 440 2580 τὴν
489 2520 814 2596 ἀνθρωπίνην
855 2523 1028 2593 φύσιν,
1087 2520 1249 2582 οὕτως
1301 2518 1706 2594 ἐπηρεαζομνην

1931 2523 2018 2564 nae
2046 2508 2320 2564 misertus
2358 2513 2604 2576 naturas,
2645 2524 2777 2582 quas
2808 2514 2934 2566 tum
2991 2525 3029 2566 a
3069 2509 3475 2578 dmmonibus,

156 2607 236 2660 ὑπὸ
268 2628 318 2662 τε
346 2615 504 2664 νόσων
533 2616 628 2665 καὶ
659 2607 940 2685 δαιμόνων,
971 2606 1064 2663 διὰ
1092 2613 1186 2668 τὴν
1208 2617 1298 2670 τῆς
1323 2607 1526 2669 ἐντολῆς
1554 2607 1705 2679 παρά·

1931 2615 1958 2655 [ι
1983 2597 2519 2654 abinfirmitatibus
2546 2598 2700 2656 adeo
2723 2598 3043 2671 impetitur,
3075 2607 3310 2672 prapter
3329 2616 3480 2673 pras-

157 2694 301 2751 θασιν.

1828 2688 1983 2760 cepti
2011 2686 2567 2756 transgressionem.

214 2791 300 2839 Καὶ
324 2784 647 2843 διεστείλατο
675 2819 739 2830 -
766 2787 954 2842 λαλεῖν.
985 2792 1090 2848 Τὴν
1111 2787 1304 2857 αἰτίαν,
1331 2782 1402 2841 δι’
1428 2786 1489 2846 ἣν
1511 2791 1718 2860 παρήγ-

1930 2779 2062 2832 νοι-ε.
2093 2776 2176 2832 35.
2207 2775 2280 2830 Et
2302 2775 2580 2847 praecepit
2599 2777 2834 2832 —Vers.
2863 2780 2958 2836 37.
2993 2775 3173 2850 loqui.
3201 2776 3479 2846 Causam,

153 2873 264 2945 γειλε
299 2884 468 2950 σιγᾷν,
505 2879 787 2954 εἰρήκαμεν
828 2874 1107 2952 διαφόρως.

1938 2880 2125 2938 quam
2149 2868 2344 2922 tacere
2374 2863 2772 2939 praecipiebat,
2800 2866 2979 2923 variis
3009 2866 3072 2923 in
3133 2866 3279 2928 locis
3325 2865 3486 2925 dixi-

1757 2977 1800 3035 c
1833 2971 1993 3014 mus.

416 3079 566 3128 ΚΕΦ.
604 3072 724 3130 KA'.
761 3079 885 3148 Περὶ
922 3093 1022 3128 των
1063 3073 1190 3128 ἔτι·τὰ
1221 3073 1412 3146 ἄρτων.

2168 3096 2320 3152 CAP.
2347 3097 2489 3154 XXI.
2520 3098 2606 3153 De
2626 3101 2843 3167 septem
2864 3096 3126 3169 panibus.

207 3175 278 3229 Ἐν
343 3177 560 3245 ἐκείναις
631 3213 700 3224 -
757 3185 995 3240 ἣκουσιν.
1072 3184 1293 3256 Εἴρηται
1353 3185 1472 3254 περὶ
1528 3182 1724 3233 τούτων

1934 3186 2075 3244 :AP.
2109 3185 2226 3242 VII.
2262 3187 2417 3243 Vers.
2447 3190 2504 3244 1.
2542 3185 2612 3242 In
2641 3186 2785 3246 illis.
2812 3218 2880 3228 —
2909 3188 3067 3243 Vcrs.
3103 3189 3157 3246 3.
3183 3194 3483 3246 venerunt.

144 3263 215 3317 ἰπὶ
273 3267 444 3333 τελους
527 3277 626 3324 τοῦ
699 3277 1014 3346 τριακοστοῦ
1091 3270 1369 3345 κεφαλαίου
1433 3277 1526 3324 τοῦ
1590 3289 1690 3323 κατ

1941 3281 2067 3332 tum
2090 3279 2182 3332 est
2209 3275 2284 3332 de
2314 3275 2405 3331 his
2430 3274 2492 3332 in
2524 3274 2644 3332 ﬁne
2665 3276 2941 3333 tricesimi
2959 3275 3130 3349 juxta
3149 3277 3486 3335 Matthmum

144 3357 402 3416 Ματθαῐον.

1835 3365 2068 3440 capitis.

200 3447 292 3502 Καὶ
341 3448 712 3524 ἀπεκρίθησαν
764 3480 834 3489 —
879 3457 953 3520 τῷ
1009 3447 1172 3522 ὄχλῳ.
1227 3449 1448 3512 Διίξεισι
1481 3453 1572 3502 καὶ
1614 3454 1728 3524 περὶ

1943 3457 2048 3510 'ers
2076 3456 2128 3510 4.
2163 3453 2236 3510 Et
2264 3454 2720 3524 responderunt.
2764 3455 3027 3514 —Vers.
3068 3459 3120 3512 6.
3172 3455 3381 3513 turbae.
3409 3457 3492 3512 De

143 3537 313 3588 τούτων
333 3542 390 3592 τὸ
413 3541 738 3613 τριακοστὸν
775 3547 978 3613 πρῶτον
1009 3539 1282 3612 κεφάλαιον
1310 3546 1400 3592 τοῦ
1428 3541 1563 3592 κατὰ
1592 3542 1692 3596 Μαι

1958 3543 2116 3600 facta
2139 3547 2226 3600 est
2255 3543 2478 3600 mentio
2516 3543 2817 3600 tricesimo
2853 3545 3052 3618 primo
3083 3545 3276 3618 capite
3306 3547 3495 3603 Evan-

142 3621 266 3676 θαίον
275 3667 288 3680 ,

1838 3632 1975 3705 gelii
2006 3633 2341 3689 secundum
2369 3632 2725 3690 Matthmum.

203 3716 293 3765 Καὶ
333 3712 479 3788 εἶχον
510 3749 586 3758 -
649 3717 856 3779 αύτούς.
902 3723 1003 3772 Καὶ
1043 3725 1211 3772 ταῦτα
1244 3716 1293 3770 ἐν
1343 3717 1518 3791 ἕκείνῳ
1556 3721 1734 3795 ἡρμή-

1948 3723 2074 3780 'ers-
2099 3726 2130 3778 '7
2154 3723 2232 3778 Et
2267 3720 2551 3780 habebant
2597 3753 2667 3766 -
2699 3721 2864 3780 Vers.
2914 3725 2966 3780 9.
2999 3739 3112 3782 eos.
3147 3723 3338 3782 Etiam
3365 3722 3497 3781 haec

139 3815 309 3854 νευται.

1841 3812 1924 3870 ibi
1955 3811 2253 3869 declarata
2284 3815 2439 3868 sunt.

203 3893 294 3944 Καὶ
335 3892 523 3957 εύθέως
576 3927 651 3937 —
709 3897 884 3952 αὐτόν.
925 3895 1065 3950 Ἐκεῖ
1107 3897 1197 3950 καί
1237 3901 1354 3973 περὶ
1408 3900 1604 3952 τούτων
1658 3897 1735 3976 ίρ-

1950 3903 2077 3959 'ers.
2107 3904 2198 3959 10.
2224 3901 2300 3956 Et
2327 3900 2531 3958 statim
2560 3931 2627 3943 —
2650 3900 2818 3959 Vers.
2848 3905 2931 3962 11.
2955 3918 3104 3961 eum.
3144 3902 3228 3961 lbi
3255 3918 3499 3978 quoque

133 3973 276 4049 ῥήθη.
1680 3973 1682 3975 ’

1680 3973 1689 3976 ﬁ
1841 3991 1917 4048 de
1940 3990 2032 4046 his
2061 3990 2288 4046 dictum
2317 3995 2423 4044 est.

200 4074 293 4122 Καὶ
332 4070 699 4137 ἀναστενάξας
751 4107 816 4118 -—-
869 4075 1108 4137 ἐπιζητεῖ
1163 4075 1429 4149 ;⁶Ομ.οίως
1478 4081 1568 4130 καὶ
1617 4080 1736 4151 περὶ

1954 4080 2084 4135 ’ers.
2129 4082 2210 4133 t2.
2246 4078 2506 4149 Cumque
2523 4079 2895 4149 ingemuisset
2925 4111 2994 4121 —
3013 4081 3267 4152 requirit
3291 4079 3503 4138 iSimi—

137 4157 328 4215 τούτων.
377 4167 451 4216 Τό
496 4160 580 4236 δε,
617 4169 684 4216 Τί
716 4172 950 4237 σημεῖον,
988 4164 1101 4218 ἀντὶ
1132 4173 1242 4232 τοῦ,
1277 4167 1450 4219 ὁποῖον
1499 4173 1682 4240 σημείο

1951 4172 2058 4224 ret
2106 4165 2181 4222 de
2223 4165 2338 4221 his.
2383 4171 2447 4218 Τί
2491 4183 2632 4223 vero
2685 4167 3021 4238 significare
3064 4173 3260 4239 potest
3307 4169 3500 4240 quid:

157 4249 278 4315 Ητί,
305 4247 422 4303 ἀντὶ
463 4260 590 4320 τοῦ,
623 4249 799 4312 διατί.
835 4259 1003 4326 Ἔγνω
1032 4254 1146 4327 (60)
1175 4257 1274 4330 γὰρ
1305 4259 1399 4315 τὴν
1435 4255 1625 4328 αἰτίαν,
1664 4252 1706 4308 δη

1956 4263 2044 4328 ast,
2078 4257 2152 4313 ad
2181 4255 2329 4328 quid
2356 4254 2386 4309 τ
2407 4270 2596 4327 quare
2617 4255 2646 4310 ‘i
2671 4256 2842 4323 Quod
2873 4269 2886 4308 :
2923 4256 3037 4312 hoc
3071 4259 3182 4320 est,
3221 4256 3399 4328 quale
3430 4257 3505 4311 si-

139 4329 189 4390 ἣν
214 4345 444 4394 τοιούτου
475 4349 706 4416 σημεῖον
736 4342 1035 4405 ἐπεζήτουν.

1958 4344 2081 4402 im?
2109 4344 2334 4401 sciebat
2362 4359 2643 4417 namque,
2679 4344 2754 4400 ob
2798 4360 2985 4417 quam
3005 4359 3254 4400 causam
3305 4344 3507 4416 hujus-

955 4449 960 4454 '
1851 4435 2016 4494 modi
2043 4435 2284 4504 signum
2313 4434 2697 4505 requirerent.

196 4513 352 4588 ’Δμήν
385 4518 530 4592 λέγω
557 4550 637 4563 -
667 4522 828 4595 ταύτῃ
873 4527 1107 4595 σημεῖον.
1166 4520 1254 4595 [Εἰ
1285 4518 1595 4589 δοθήσεται,
1627 4520 1743 4575 ἀντὶ

1960 4527 2088 4581 'ers.
2127 4523 2214 4579 12.
2239 4524 2412 4580 Amen
2437 4523 2562 4579 dico
2586 4552 2653 4564 —
2685 4521 2819 4579 huic
2855 4522 3105 4593 signum.
3153 4521 3214 4578 Si
3247 4522 3509 4590 dabitur,

131 4611 232 4674 τοῦ,
268 4607 326 4659 ού
387 4605 714 4670 δοθήσεται.
758 4608 978 4684 ’ἰδίωμα
1010 4613 1112 4685 γὰρ
1152 4618 1305 4665 τοῦτο
1348 4619 1445 4674 τῆς
1470 4607 1680 4687 Ἐϐραῖδ

1966 4617 2056 4679 ist,
2095 4627 2218 4670 non
2248 4611 2523 4670 dabitur:
2571 4611 2688 4669 hoc
2739 4610 2902 4668 enim
2936 4611 3158 4686 lingua
3211 4611 3515 4670 Hebraicis

136 4687 396 4752 διαλέκτου
405 4739 419 4751 .

1859 4705 2086 4762 idioma
2113 4708 2219 4760 est.

199 4790 293 4839 Καὶ
360 4788 518 4863 ἀφεὶς
598 4789 794 4853 αύτούς
857 4822 924 4832 -
974 4793 1046 4855 εἰς
1112 4796 1169 4846 τὸ
1231 4797 1411 4868 πέραν.
1479 4792 1595 4847 Ἔτι
1660 4799 1748 4848 καὶ

1965 4796 2094 4861 'ers,
2125 4794 2214 4850 13.
2246 4792 2322 4848 Et
2343 4791 2590 4849 dimissis
2618 4792 2696 4848 eis
2723 4822 2793 4833 —
2830 4792 2890 4847 in
2918 4791 3260 4850 ulteriorem
3299 4808 3514 4864 ripam.

134 4880 462 4949 περὶτούτων
504 4879 560 4933 ἐν
592 4878 774 4952 ἕνείνῳ
803 4887 876 4952 τῷ
905 4882 1164 4956 κεφαλαίῳ
1195 4877 1515 4942 διείληπται.

1897 4885 2161 4943 ἐωιθιοοα
2188 4886 2246 4939 et
2264 4881 2339 4938 de
2366 4880 2458 4937 his
2495 4880 2558 4937 in
2583 4879 2683 4937 illo
2719 4880 2908 4953 capite
2936 4879 3312 4954 disputatum
3339 4887 3446 4938 est.

1358 5060 1587 5132 Varia:
1643 5063 1976 5136 lectiones
2008 5073 2080 5135 et
2115 5070 2320 5132 notae.

346 5260 553 5325 Μόνον,
585 5254 788 5324 abest,
821 5257 890 5312 Α.

1979 5261 2159 5331 untur
2186 5273 2223 5314 a
2248 5271 2381 5331 cap,
2433 5271 2530 5314 vui
2562 5271 2712 5322 vers,
2749 5254 2835 5331 t2,
2878 5270 2916 5314 a
2949 5254 3150 5331 verbis
3188 5253 3345 5331 διμὴν,
3397 5252 3528 5331 λέγω

349 5333 650 5405 Eur”th
695 5333 766 5383 Α·
951 5398 962 5405 .
1037 5399 1049 5405 -
1172 5399 1184 5405 -
1241 5403 1248 5405 ,
1534 5401 1544 5405 -
1639 5400 1649 5405 -
1713 5400 1724 5405 -

1981 5329 2134 5405 »,_ad
2181 5327 2339 5405 cap;
2368 5344 2490 5395 vni,
2536 5344 2690 5405 vers.
2742 5328 2832 5398 34,
2874 5327 3073 5392 verba,
3119 5327 3381 5405 μαθηταῖς
3423 5327 3530 5405 ἀύ-

216 5396 306 5474 90)
346 5403 487 5474 {Iac
514 5396 745 5474 ultima
774 5415 917 5474 pars
947 5398 1129 5471 hujus
1169 5399 1686 5474 interpretationis
1702 5400 1774 5474 in
1882 5396 1976 5474 τδῡ
2009 5401 2165 5474 εἶπεν.
2206 5396 2272 5474 in"
2293 5399 2772 5474 interpretatione
2795 5396 2998 5460 autem
3020 5396 3151 5473 quae
3180 5396 3534 5464 exciderint,

133 5469 326 5548 codice
355 5472 397 5525 Β
424 5470 723 5548 radendo
752 5469 991 5529 sublata
1031 5469 1144 5528 est.
1171 5469 1447 5548 ﬁrmiore
1464 5489 1529 5548 ag
1549 5472 1780 5530 excide-
1887 5473 1982 5533 his
2011 5473 2201 5546 signis
2243 5471 2335 5548 ["1
2369 5469 2650 5532 iudicavi.

127 5545 260 5599 runt
292 5543 533 5602 hacin
567 5546 857 5600 contextu
887 5559 1054 5600 sacro
1083 5543 1328 5618 quidem
1355 5561 1454 5603 om
1470 5543 1784 5632 nino,q}1tn
