3922 6200
471 204 575 261 815
1801 200 2020 257 EUTIH

2221 201 2534 257 HGABENI
3699 212 3770 266 816

681 331 833 386 CAP.
872 331 1027 387 XXII.
1048 329 1129 386 De
1156 328 1444 399 fermento
1472 328 1901 385 Pharisaeorum.
2152 328 2197 382 A

2152 328 2197 382 A
2396 334 2548 383 ΚΕΦ.
2592 328 2691 381 KB'
2727 334 2849 402 Περὶ
2879 339 2975 391 τῆς
3008 331 3179 403 ζύμης
3210 340 3308 383 τῶν
3340 338 3647 406 Φαρισαίων.

537 421 698 475 Vers.
733 421 818 475 14.
851 420 923 474 Ει
951 418 1122 474 obliti
1160 420 1299 472 sunt
1326 448 1392 457 —
1426 419 1584 472 Vers.
1620 418 1704 471 15.
1740 417 2011 473 Herodis.
2040 419 2081 472 D

2302 422 2401 469 Kal
2459 415 2759 471 ἐπελάθοντο
2833 451 2893 458 —
2938 420 3109 493 ζύμης
3159 418 3416 493 Ἡρώδου.
3476 428 3598 497 Περὶ
3636 428 3767 476 τούτων

462 507 555 563 his
576 508 746 581 plene
766 508 1030 563 invenies
1078 505 1378 563 tricesimo
1405 504 1670 563 secundo
1711 506 1901 579 capite
1933 506 2010 561 Ev

2228 508 2464 579 εὑρήσεις
2505 505 2731 578 ἀκριϐῶς
2774 506 2821 559 ἐν
2852 517 2920 578 τῷ
2968 519 3263 581 τριακοστῷ
3321 506 3546 583 δευτέρῳ
3576 513 3770 585 κεφαλαίῳ

461 596 598 665 gelii
624 594 959 652 secundum
996 595 1366 652 Mattheeum.

1233 612 1366 651 tum.
2225 601 2315 645 τοῦ
2338 596 2472 645 κατά
2494 597 2782 651 Ματθαῖον.

533 684 698 740 Vers.
731 688 819 742 16.
851 684 928 739 Et
957 685 1341 755 conferebant
1381 716 1448 724 —
1486 685 1642 741 Vers.
1681 685 1764 743 t8.
1797 700 1902 742 nec
1931 700 2082 741 recor

2300 688 2399 736 Kal
2431 681 2785 757 διελογίζοντο
2818 718 2879 726 -
2916 686 2975 739 οὐ
3001 690 3338 760 μνημονεύετε
3372 705 3385 756 ;
3431 694 3533 741 Kal
3564 696 3669 765 περὶ
3688 697 3768 743 τον-

460 771 729 829 damini?
755 775 1041 831 Praeterea
1078 778 1134 829 et
1170 773 1243 829 de
1268 772 1380 829 bis.
2225 792 2343 825 των.

530 862 689 918 Vers.
722 862 810 921 19.
840 863 1089 929 Quando
1110 893 1180 903 —
1210 863 1370 918 Vers.
1403 867 1490 917 21.
1512 862 1894 919 consideratis
1921 861 2079 918 i‘Prae

2293 860 2415 914 Ὀτε
2447 894 2508 903 --
2562 864 2619 914 οὐ
2669 869 2866 917 συνίετε
2896 884 2912 936 ς
2948 870 3258 940 Σαφέστερον
3286 868 3310 918 ὁ
3338 870 3609 931 Mareade;
3632 873 3677 921 τὸ
3701 890 3766 921 πα-

457 967 593 1008 sens
623 957 805 1024 caput
844 951 1215 1009 manifestius
1246 952 1482 1024 scripsit
1519 953 1823 1011 Matthaeus
1860 970 1874 1005 :
1910 968 2006 1025 qui

2222 954 2311 1023 ρον
2342 951 2614 1023 κεφάλαιον
2645 951 2921 1026 ἀνέγραψε.
2975 960 3072 1008 Καὶ
3123 957 3355 1017 ζήτησον
3413 956 3519 1009 ἐκεῖ
3548 964 3655 1031 περὶ
3674 964 3767 1010 πάν-

458 1054 599 1112 ergo
628 1039 711 1096 ibi
749 1040 825 1097 de
850 1040 1150 1097 omnibus.
2222 1058 2339 1090 των.

928 1184 1082 1240 CAP.
1128 1184 1314 1240 XXIII.
1354 1185 1440 1240 De
1460 1198 1631 1240 caeco.

2614 1190 2759 1239 ΚΕΦ.
2798 1184 2912 1241 ΚΓ.
2943 1190 3067 1260 Περὶ
3101 1194 3193 1239 τοῦ
3219 1186 3429 1259 τυφλοῦ.

526 1273 687 1328 Vers.
727 1275 816 1327 22.
850 1272 926 1328 Et
952 1273 1107 1330 venit
1135 1303 1203 1314 —
1235 1273 1399 1328 Vers.
1441 1276 1719 1341 23.‘e:rtra
1748 1273 1953 1328 vicum.
1983 1275 2075 1329 No:

2294 1274 2395 1323 Kal
2427 1274 2640 1346 ἔρχεται
2690 1306 2753 1315 —
2791 1275 2885 1337 ἔξω
2937 1284 3028 1336 τῆς
3059 1281 3259 1347 κώμης.
3315 1279 3390 1329 Ou’
3442 1280 3545 1352 γὰρ
3590 1276 3697 1337 ἦσαν
3737 1285 3768 1333 οἱ

453 1361 615 1418 enim
638 1360 805 1431 digni
822 1362 1112 1419 erantvici
1144 1361 1299 1417 illius
1330 1361 1563 1432 incolas,
1598 1366 1660 1417 ut
1686 1360 1806 1417 ﬁeri
1834 1360 2002 1417 vider

2218 1367 2313 1420 τῆς
2341 1366 2519 1433 κώμης
2544 1365 2740 1424 ταύτης
2769 1364 3037 1438 οἰκήτορες
3066 1365 3205 1428 ἄξιοι
3238 1368 3527 1420 θεάσασθαι
3557 1375 3764 1441 γινόμενον

450 1450 786 1521 hujusmoni
824 1450 1203 1507 miraculum.
1232 1454 1537 1507 Nemeum
1578 1450 1693 1507 alia
1710 1450 1898 1507 multa
1926 1450 1999 1506 Vit

2216 1452 2274 1501 τὸ
2300 1457 2532 1502 τοιοῦτον
2565 1452 2757 1524 θαῦμα.
2793 1452 2963 1505 Πολλὰ
2999 1456 3101 1528 γὰρ
3128 1454 3258 1506 ἄλλα
3290 1457 3615 1528 θεασάμενοι,
3650 1478 3765 1531 μεμι-

451 1544 599 1611 sent,
641 1546 989 1597 manserant
1018 1540 1328 1597 increduli.

1149 1540 1328 1596 eduli.
2214 1542 2434 1595 νήκασιν
2462 1541 2696 1593 ἄπιστοι.

520 1631 684 1687 Vers.
724 1635 813 1688 23.
838 1633 1061 1688 Etcum
1092 1632 1404 1703 exspuisset
1444 1663 1511 1673 -—
1543 1631 1786 1687 videret.
1821 1632 2006 1702 Sputo
2036 1647 2067 1686 a

2288 1632 2387 1679 Kal
2426 1631 2630 1691 πτύσας
2663 1661 2727 1671 -
2766 1629 2962 1703 βλέπει.
3004 1635 3279 1704 Πτύσματι
3336 1639 3427 1686 καί
3455 1642 3612 1709 χερσὶ
3665 1646 3760 1689 τοῦ·

448 1720 730 1777 manibus
759 1721 921 1777 hunc
952 1726 1136 1785 sanat,
1171 1720 1512 1784 ostendens,
1540 1719 1707 1792 quod
1738 1735 1933 1776 sermo
1964 1736 1994 1775 c

2616 1685 2628 1691 -
2766 1685 2775 1703 ε
3152 1685 3161 1704 ι
3395 1685 3399 1686 '
3455 1685 3611 1709 Ιι]’““
3672 1685 3730 1689 "'

2217 1734 2296 1767 τον
2332 1716 2493 1781 ἰᾶται,
2526 1714 2751 1782 δεικνὺς,
2779 1721 2858 1771 ὅτι
2893 1721 3282 1793 συζευγνύμενα
3305 1722 3459 1795 λόγος
3503 1731 3591 1777 καὶ
3624 1728 3766 1798 πρᾶξις

440 1812 684 1879 junctus
713 1809 994 1883 operibus
1026 1809 1385 1866 miraculum
1424 1811 1661 1881 operari
1714 1813 1932 1880 potest.
1974 1810 1989 1863 ξ

2213 1806 2454 1878 θαύματα
2484 1805 2800 1879 ἐργάζεσθαι
2823 1805 3091 1861 δύνανται.
3122 1810 3357 1883 Σύμϐολα
3381 1815 3485 1885 γὰρ
3522 1813 3661 1884 λόγον
3683 1816 3762 1885 μὲν,

445 1900 642 1955 monis
667 1898 1160 1971 quidemsignum
1187 1904 1528 1972 estsputum
1555 1914 1566 1953 :
1590 1902 1912 1969 utrumque
1940 1914 1994 1953 ex

2219 1898 2266 1946 τὸ
2297 1898 2533 1968 πτύσμα·
2562 1902 2651 1949 καὶ
2690 1899 2843 1970 ἄμφω
2872 1900 2972 1971 γὰρ
3002 1897 3102 1951 ἀπὸ
3162 1908 3253 1952 τοῦ
3283 1906 3548 1973 στὸματος
3577 1902 3768 1974 ἐξέρχον-

444 1986 522 2043 ab
551 2002 654 2044 ore
681 1987 981 2058 egreditur
1006 2006 1019 2042 :
1052 1988 1251 2060 operis
1278 2002 1440 2055 vero,
1473 2001 1710 2042 manus.
1748 1986 1993 2041 Sermon

2214 2003 2295 2036 ται
2329 2007 2341 2017 ο
2370 1985 2602 2060 πράξεως
2633 1982 2709 2057 δὲ,
2745 1989 2800 2039 αἱ
2826 1995 3021 2060 χεῖρες.
3050 1992 3218 2061 Λόγον
3250 1986 3308 2043 δὲ
3338 1990 3471 2063 λέγω
3502 1996 3588 2044 τὸν
3614 1992 3763 2043 ἐπαινε-

441 2080 644 2134 autem
667 2077 802 2136 dico
829 2077 1010 2136 laude
1049 2078 1299 2149 dignum
1333 2094 1346 2132 :
1391 2076 1658 2133 similiter
1707 2080 1764 2132 et
1801 2091 1990 2148 apere

1333 2094 1346 2132 :
1391 2076 1658 2133 similiter
1707 2080 1764 2132 et
1801 2076 2095 2148 aperatio-
2206 2077 2314 2142 τὸν,
2343 2080 2431 2126 καὶ
2450 2075 2638 2149 πρᾶξιν
2665 2077 2870 2147 ὁμοίως.

440 2180 601 2223 nem.

509 2254 733 2312 Dictum
759 2259 849 2313 est
877 2260 1079 2313 autem
1096 2254 1170 2311 de
1196 2252 1373 2311 simili
1404 2253 1586 2310 altero
1612 2268 1855 2327 quoque
1886 2254 2058 2311 modc

2276 2273 2493 2344 Εἴρηται
2521 2266 2580 2322 δὲ
2598 2275 2685 2323 καὶ
2712 2274 2900 2346 τρόπον
2918 2271 3086 2347 ἓτερον
3112 2272 3159 2324 ἐν
3189 2282 3258 2325 τῶ
3298 2275 3519 2347 εἰκοστῷ
3554 2276 3762 2350 “palatis:

436 2344 721 2402 vicesimo
750 2345 947 2418 capite
983 2344 1297 2417 prasentis
1327 2343 1639 2415 Evangelii.

1385 2343 1639 2415 rangelii.
2201 2366 2292 2411 τοῦ
2321 2363 2575 2432 παρέντος
2603 2343 2913 2432 Εὖαγλνελίου
2924 2399 2934 2411 .

506 2434 702 2491 Primo
748 2450 890 2491 vero
946 2450 1165 2491 caecum
1223 2434 1383 2490 hunc
1441 2432 1779 2504 imperfecte
1839 2432 2055 2489 curavit

2271 2448 2488 2509 Ἀτελῶς
2516 2446 2575 2500 δὲ
2599 2452 2686 2500 τὸν
2716 2450 2903 2521 τυφλὸν
2926 2457 3102 2503 τοῦτον
3134 2450 3491 2525 ἐθεράπευσεν,
3525 2460 3591 2516 ὡς
3612 2454 3763 2513 ἀτελῶς

436 2528 637 2597 utpote
666 2524 1012 2597 imperfecte
1041 2524 1385 2581 credentem
1410 2539 1423 2578 :
1466 2523 1601 2579 ideo
1632 2523 1812 2579 etiam
1844 2522 1985 2579 inter

2208 2540 2529 2591 πιστεύοντα.
2564 2541 2651 2588 Διὸ
2686 2544 2775 2589 καὶ
2808 2537 3141 2611 ἐπηρώτησεν
3198 2541 3371 2609 αὐτὸν,
3418 2547 3462 2595 εἰ
3500 2564 3551 2596 τι
3598 2541 3757 2614 βλέπει,

435 2614 597 2685 gavit
635 2630 793 2687 eum,
821 2614 869 2671 si
899 2614 1047 2687 quid
1076 2615 1331 2679 vederet,
1376 2618 1441 2669 ut
1471 2613 1575 2685 qui
1612 2628 1831 2685 parum
1887 2612 1984 2668 adl

2210 2626 2281 2677 ἵνα
2305 2629 2490 2701 μικρὸν
2524 2624 2833 2697 ἀναϐλέψας,
2866 2627 2967 2680 ἀπὸ
2997 2637 3089 2691 τῆς
3120 2637 3312 2701 μικρᾶς
3343 2632 3511 2703 ὅψεως
3544 2634 3759 2697 martia

430 2702 800 2776 respiciebat,
833 2720 939 2778 per
974 2702 1270 2759 modicum
1312 2706 1627 2775 aspectum
1662 2704 1924 2757 crederet
1953 2718 1979 2774 τ

2215 2714 2512 2787 ἐλεώτερον,
2577 2720 2663 2767 καὶ
2717 2716 2835 2789 ἰαθῇ
2900 2717 3213 2793 τελεώτερον.
3285 2726 3447 2793 me;
3506 2725 3605 2793 γὰρ
3654 2721 3764 2772 ἐστιν

428 2791 640 2851 tectius
672 2808 742 2851 ac
773 2798 1085 2852 sanaretur
1112 2792 1430 2866 perfectius
1456 2809 1469 2847 :
1512 2792 1753 2864 sapiens
1779 2790 1940 2847 enim
1963 2796 2087 2849 erat
2200 2802 2393 2877 ἰατρός.

429 2882 721 2939 medicus.

498 2973 660 3030 Vers.
696 2976 785 3030 24.
816 2973 895 3029 Et
917 2973 1217 3045 respiciens
1247 2976 1319 3015 2-
1362 2972 1623 3029 homines
1674 2970 1954 3039 Obscure,
2001 2972 2047 3027 vi

2268 3002 2371 3055 Kal
2394 2994 2682 3072 ἀναϐλέψας
2714 3032 2776 3041 -
2810 3005 2926 3063 τοὺς
2945 3001 3277 3077 ἁνθρώποως.
3316 3003 3596 3079 Αμνδρῶς,
3628 3002 3762 3063 δηλο-

421 3060 663 3117 delicet.
1008 3037 1029 3045 ’
1943 3037 1949 3039 7

1008 3037 1029 3045 -
1943 3037 1949 3039 ν
2118 3037 2158 3094 (1
2268 3037 2311 3055 ιι

2192 3109 2318 3143 νοτε.

491 3152 655 3207 Vcrs.
693 3152 783 3208 24.
818 3151 1108 3219 Quoniam
1128 3153 1283 3209 vetui
1309 3182 1372 3193 —
1407 3150 1791 3209 ambulantes.
1841 3153 2040 3223 Propte

2260 3178 2379 3230 Ὀτι
2418 3181 2488 3240 ὡς
2535 3211 2602 3218 -
2655 3188 3085 3253 περιπατοῦντας.
3139 3184 3233 3235 Διά
3286 3188 3382 3241 τὴν
3457 3180 3768 3259 ἀμυδρότττα

417 3240 582 3298 visus
612 3239 1041 3299 obscuritatem
1073 3242 1153 3314 (ῃ)

2477 3239 2480 3240 ⁷
2717 3239 2726 3253 ι
3049 3239 3061 3243 “
3337 3239 3345 3241 “
3493 3239 3503 3257 ι
3604 3239 3613 3259 6

2223 3265 2284 3329 ἧς
2349 3267 2534 3339 ὄψεως.
2584 3271 2653 3320 Τὸ
2707 3270 2787 3321 ὅτι
2849 3270 3111 3343 παρέλκει,
3160 3272 3278 3324 καθ’
3324 3272 3597 3348 Ἐϐραῐκὸν
3650 3269 3769 3324 ἰδίω-

2190 3378 2282 3429 μα.

490 3438 656 3496 Vers.
688 3438 777 3495 25.
825 3439 1039 3495 Deinde
1084 3453 1290 3493 rursus
1338 3468 1407 3479 —
1435 3453 1638 3493 omnes.
1673 3440 2039 3506 Augmentur

2258 3443 2383 3499 Εἶτα
2406 3446 2557 3498 πάλιν
2581 3477 2652 3487 -
2689 3446 2939 3509 ἅπαντας.
2964 3447 3021 3500 Ἠ
3054 3445 3294 3510 ἐπίδοσις
3314 3460 3413 3513 τῆς
3437 3458 3664 3511 πίστεως
3678 3448 3768 3501 ἰ*πί-

418 3528 557 3584 ﬁdei
575 3533 971 3599 augmentum
988 3527 1315 3599 promeruit
1345 3526 1638 3582 sanitatis.

2187 3532 2338 3588 δοσιν
2369 3536 2508 3607 αὐτῷ
2537 3543 2626 3596 τῆς
2655 3537 2826 3607 ὑγείας
2856 3542 3282 3611 περιεποιήσατο.

490 3627 646 3681 Vers.
687 3628 776 3680 26.
804 3625 884 3679 Et
921 3625 1143 3680 dimisit
1180 3655 1241 3665 —
1280 3627 1342 3680 in
1394 3624 1529 3679 vico.
1592 3623 1840 3694 Propter
1863 3638 2039 3679 eorun

2258 3630 2357 3677 Kal
2398 3623 2691 3677 ἀπέστειλεν
2738 3658 2803 3665 -
2833 3624 2880 3677 ἐν
2919 3634 2980 3697 τῇ
3034 3635 3207 3699 κώμη.
3265 3631 3360 3681 Διά
3400 3634 3500 3688 τὴν
3549 3628 3768 3681 ἀπιστίαν

416 3712 912 3780 incredulitatem,
953 3713 1058 3784 qui
1098 3712 1156 3768 in
1184 3712 1283 3769 illo
1313 3717 1501 3779 erant,
1548 3717 1605 3768 et
1631 3728 1705 3768 ne
1734 3711 1917 3769 ﬁdem
1942 3728 1965 3768 e

2220 3722 2279 3765 ῶν
2311 3713 2359 3766 ἐν
2386 3714 2537 3787 αὐτῇ,
2572 3720 2661 3767 καὶ
2693 3717 2776 3767 ἶνα
2803 3719 2874 3787 μὴ
2933 3712 3302 3790 διαστρέψωσι
3346 3724 3443 3777 τὴν
3498 3726 3671 3771 πίστιν
3697 3716 3769 3768 αὖ·

416 3808 827 3873 perverterent.

747 3808 827 3856 nt.
2181 3811 2294 3857 τοῦ.

555 3909 704 3965 CAP.
734 3906 913 3966 XXIV.
955 3908 1040 3965 De
1066 3908 1516 3981 interrogatione
1540 3907 1604 3963 in
1640 3907 1920 3966 Caesarea.

2290 3917 2434 3965 ΚΕΦ.
2473 3910 2593 3967 ΚΔ’.
2620 3915 2745 3986 Περὶ
2778 3920 2872 3973 τῆς
2902 3910 2949 3963 ἐν
2974 3917 3265 3987 Καισαρείᾳ
3292 3912 3680 3987 ἐπερωτήσεως.

490 3997 647 4066 Vers,
680 3998 768 4054 27.
798 3999 878 4055 Et
904 3998 1086 4055 exivit
1111 4028 1180 4038 ——
1206 3997 1369 4054 Vers.
1404 4002 1471 4054 28
1499 3998 1945 4067 prophetarum.
1981 3999 2039 4054 Di

2255 4004 2355 4054 Kal
2427 3999 2631 4063 ἐξῆλθεν
2700 4032 2768 4040 -
2846 4010 2944 4052 τῶν
3008 4010 3308 4074 προφητῶν.
3382 4008 3610 4080 Εἴρηται
3670 4006 3769 4075 περὶ

414 4093 579 4146 ctum
607 4091 701 4145 est
737 4087 813 4144 de
848 4087 942 4144 his
973 4087 1274 4145 tricesimo
1312 4087 1480 4144 tertio
1520 4086 1709 4160 capite
1732 4089 1906 4160 juxta
1929 4090 1963 4142 Ν

2223 4093 2373 4141 ωύτων
2405 4089 2452 4141 ἐν
2481 4098 2551 4160 τῷ
2582 4099 2872 4162 τριακοστῷ
2889 4096 3041 4165 τρίτῳ
3073 4091 3331 4164 aspalaqu
3364 4102 3457 4145 τοῦ
3485 4097 3625 4146 κατὰ
3650 4098 3772 4145 Ma?

415 4179 661 4235 thasum.

2184 4180 2347 4233 θαῖον.

481 4268 644 4326 Vers.
678 4270 767 4324 29.
798 4269 878 4324 Et
902 4269 1025 4339 ipse
1061 4297 1119 4309 —
1160 4268 1318 4324 Vers.
1351 4270 1438 4323 30.
1480 4267 1545 4323 de
1592 4283 1665 4323 se.
1719 4267 1907 4323 Etiam
1947 4268 2030 4324 hie

2256 4272 2353 4320 Kal
2381 4266 2533 4329 αὐτὸς
2566 4298 2634 4308 -
2658 4272 2775 4343 περὶ
2802 4267 2982 4324 αὐτοῦ.
3024 4272 3123 4321 Kal
3154 4276 3321 4322 ταῦτα
3348 4268 3398 4321 ἐν
3430 4270 3613 4342 ἐκείνῳ
3641 4267 3775 4340 διῆρε

410 4359 489 4415 ad
510 4374 777 4429 unguem
800 4357 1104 4414 declarata
1124 4361 1261 4412 sunt
1280 4357 1492 4413 eodem
1524 4356 1739 4428 capite.

1321 4357 1492 4413 odem
1524 4356 1739 4428 capite.
2101 4391 2147 4446 D
2179 4359 2512 4431 μηνεύθησαν
2528 4356 2870 4432 λεπτομερῶς.

482 4450 641 4505 Vers.
674 4451 761 4504 31.
831 4447 1130 4519 Οκρίιᾳιιθ
1182 4477 1249 4487 -—
1300 4460 1628 4517 resurgere.
1678 4445 1762 4502 Ibi
1822 4462 2031 4519 quoqu

2251 4451 2350 4499 Kal
2394 4446 2588 4520 ἡρξατο
2652 4477 2713 4485 -
2770 4444 3076 4505 ἀναστῆναι.
3112 4446 3246 4499 Ἐκεῖ
3308 4454 3399 4500 καὶ
3431 4454 3558 4525 περὶ
3600 4454 3778 4501 τούτων

413 4537 488 4592 de
508 4538 603 4593 his
635 4537 863 4594 dictum
893 4542 999 4593 est.

844 4553 863 4592 ι
893 4542 999 4593 est.
2177 4536 2393 4612 ἐῤῥὴθη.

437 4653 440 4656 ~
486 4624 651 4681 Vers.
682 4629 771 4681 32.
829 4626 905 4679 Et
929 4632 1129 4693 aperte
1152 4654 1221 4663 —
1251 4622 1614 4696 loquebatur.
1667 4624 1964 4681 Manifeste

2249 4631 2348 4679 Kal
2374 4624 2643 4699 παρρησίᾳ
2662 4656 2734 4666 --
2749 4624 2929 4679 ἐλάλει.
2958 4630 3190 4699 Φανερώς
3209 4630 3299 4679 καὶ
3323 4624 3778 4700 ἀπαρακαλύπτως

415 4711 543 4768 sine
573 4712 692 4769 ullo
713 4716 1055 4783 tegumento
1084 4713 1245 4768 hunc
1275 4712 1512 4769 dicebat
1537 4729 1898 4769 sermonem.

1303 4712 1512 4769 licebat
1537 4729 1898 4769 sermonem.
2173 4719 2259 4769 τὸν
2285 4715 2434 4787 λόγον
2458 4722 2639 4767 τοῦτον
2670 4714 2852 4769 ἐλάλει.

485 4803 649 4858 Vers.
681 4806 766 4858 32.
803 4803 881 4857 Et
904 4800 1293 4871 apprehendit
1316 4834 1384 4844 —
1414 4803 1574 4859 Vers.
1617 4807 1705 4859 33.
1740 4804 2034 4861 hominum

2248 4810 2347 4858 Kal
2377 4802 2794 4878 προσλαϐόμενος
2825 4834 2894 4844 -
2940 4812 3039 4855 τῶν
3092 4802 3393 4878 ἀνθρώπων.
3439 4803 3679 4879 Ὁμοίως
3706 4806 3781 4855 καὶ

416 4892 693 4950 Similiter
720 4897 777 4950 et
794 4891 869 4947 de
894 4890 1007 4947 bis.

2173 4899 2290 4971 περὶ
2319 4896 2529 4949 τούτων.
2568 4893 2606 4962 ’]

483 4985 641 5040 Vers.
682 4982 769 5038 34.
800 4984 876 5038 Et
901 4981 1196 5039 advocatis
1226 5012 1295 5023 —
1316 4982 1482 5039 Vers.
1517 4982 1608 5039 35.
1635 4983 1884 5039 servabit
1912 4998 2032 5042 eam

2248 4990 2346 5038 Kal
2375 4981 2857 5055 προσκαλεσάμενος
2884 5012 2951 5022 -
2980 4986 3139 5034 σώσει
3169 4982 3354 5041 αὑτήν.
3399 4982 3523 5038 Ἐτι
3544 4989 3642 5039 καὶ
3676 4984 3779 5057 περὶ

410 5077 695 5131 Praeterea
724 5074 783 5127 et
809 5070 883 5127 de
912 5069 1006 5125 his
1037 5069 1262 5125 dictum
1290 5075 1394 5127 est.

844 5086 883 5126 .e
912 5069 1006 5125 his
1037 5069 1262 5125 dictum
1290 5075 1394 5127 est.
2172 5076 2393 5129 τούτων.

481 5164 643 5219 Vers.
670 5163 758 5219 36.
793 5159 947 5229 Quid
980 5160 1132 5216 enim
1184 5190 1254 5200 —
1278 5161 1445 5217 Vers.
1503 5164 1590 5218 37.
1641 5160 1834 5219 anima
1891 5178 1997 5219 sua
2029 5173 2030 5179 ‘

1945 5180 1997 5219 ια
2029 5164 2057 5221 ἳ
2238 5166 2301 5216 Τί
2325 5164 2425 5234 ’γὰρ
2456 5192 2525 5202 -
2548 5160 2737 5233 ψυχῆς
2757 5159 2916 5213 αὐτοῦ
2953 5176 2966 5226 ;
3003 5163 3101 5213 Καὶ
3126 5166 3246 5237 περὶ
3266 5164 3494 5217 τούτων.

409 5254 599 5314 Etiam
626 5252 704 5312 de
732 5252 847 5310 his.

1627 5376 1850 5447 Variae
1882 5378 2209 5451 lectiones
2242 5388 2308 5448 et
2337 5388 2542 5448 notae.

484 5577 573 5653 (ῃ)
597 5578 836 5640 Partem
857 5573 1134 5633 ultimam
1152 5570 1363 5633 scholii
1388 5587 1517 5634 non
1549 5576 1847 5650 expressit
1902 5577 2223 5652 interpres.
2273 5601 2277 5605 -
