3922 6200
168 291 250 346 817

1172 283 1540 340 ΟΟΜΜΕΝΤ.
1585 281 1652 338 ΙΝ
1691 279 2016 339 MARCUM.
2060 312 2127 323 —
2165 282 2321 340 CAP.
2365 283 2458 339 IX.

3348 289 3452 348 818
3489 337 3494 348 ,

220 415 298 476 ’⁷ος
317 414 404 487 γὰρ
443 442 505 450 -
532 417 625 462 τῶν
671 408 896 482 ἀγγελῶν
942 419 1041 463 τῶν
1090 409 1275 483 ἁγίων.
1317 408 1502 472 Ὀστις
1551 409 1664 462 ein-al

1875 409 2036 465 Vers.
2073 411 2162 466 38.
2196 409 2598 482 Quemcunque
2633 441 2702 451 ——
2758 409 2979 483 angelis
3008 411 3244 470 sanctis.
3287 414 3457 480 Quis-

166 505 330 576 σχυνθῇ
359 520 414 574 με
453 499 765 572 ὁμολογῆσαι
806 504 955 566 Θεὸν,
1000 505 1089 553 καὶ
1138 503 1258 562 τοὺς
1306 499 1459 572 ἐμοὺς
1511 499 1695 570 λόγους

163 593 430 666 ὁμολογῆσαι
480 594 599 642 Θεοῦ
644 589 774 661 (61),
826 585 918 641 διὰ
961 595 1053 648 τὴν
1112 589 1361 642 εὐτέλειαν
1414 598 1504 649 τῆς
1558 587 1690 640 ἔναν-

162 685 438 754 Θρωπήσεως,
486 683 569 731 καὶ
616 676 709 731 διὰ
737 681 802 730 τὰ
841 681 980 738 πάθη
1029 684 1119 732 καὶ
1149 683 1234 732 τὸν
1268 681 1513 753 σταυρὸν,
1544 678 1687 750 κάγὼ

160 772 588 842 ἐπαισχυνθήσομαι
629 767 783 820 αὐτὸν
833 768 1158 841 ὁμολογῆσαι
1201 771 1339 841 ἐμὸν,
1387 769 1504 820 ὅταν
1536 768 1682 832 ἔλθω,

158 861 292 912 οὐκέτι
333 861 558 921 ταπεινὸς,
609 859 674 917 ὡς
721 865 829 926 νῦν,
873 856 982 909 ἀλλ’
1030 855 1256 927 ἔνδοξος,
1311 859 1380 919 ὡς
1427 859 1453 909 ὁ
1505 862 1682 930 Πατήρ

158 968 251 1019 μου.
296 954 366 1000 Δεῖ
411 950 502 1020 γὰρ
542 952 616 1020 μὴ
661 950 812 1020 μόνον
843 950 1122 1013 πιστεύειν,
1174 946 1302 1000 ἄλλά
1348 951 1438 999 καὶ
1484 945 1680 1020 παρῥη-

158 1041 228 1108 σία
246 1039 489 1109 κηρύσσειν
501 1077 513 1090 .

210 1123 470 1196 Μοιχαλίδα
519 1122 577 1179 δε
619 1130 712 1184 τὴν
764 1129 939 1198 γενεὰν
994 1135 1094 1179 τῶν
1148 1125 1345 1179 ἀσεϐῶν
1395 1127 1678 1199 ὠνόμασεν,

161 1217 210 1274 ὡς
247 1214 505 1267 ἀποστᾶσαν
541 1219 633 1288 μὶν
681 1223 811 1268 Οεοῦ
860 1224 951 1268 τοῦ
1009 1221 1239 1288 σπορέως
1293 1225 1384 1277 τῆς
1428 1215 1683 1276 εὐσεϐείας

159 1307 228 1353 καὶ
268 1301 463 1364 ἀληθείας
493 1322 505 1334 °
536 1304 878 1364 κολληθήσαν
911 1301 970 1358 δὲ
1000 1313 1068 1376 τῷ
1107 1302 1342 1378 δαίμονι,
1391 1315 1464 1378 τῷ
1502 1312 1686 1381 σπορεῖ

157 1399 227 1451 τῆς
248 1390 438 1453 ἀσεϐείας
465 1398 550 1446 καὶ
579 1399 792 1457 κακίας.

207 1481 448 1553 lini?)qu
479 1514 541 1522 —
590 1483 640 1536 ἓν
695 1479 936 1556 δυνάμει.
988 1489 1088 1538 Καὶ
1139 1488 1258 1560 περὶ
1291 1487 1481 1537 τούτων
1534 1487 1582 1537 ἓν
1611 1494 1684 1557 τῷ

144 1567 308 1640 idem
333 1571 572 1644 κεφαλαίῳ
600 1569 1008 1646 διασεσάφηται.

353 1718 486 1766 ΚΕΦ.
519 1713 634 1769 κε’.
669 1719 793 1789 Περὶ
826 1723 920 1777 τῆς
950 1723 1419 1790 μεταμορφώσεως.

196 1805 275 1852 Καὶ
305 1803 407 1872 μεθ’
447 1834 514 1843 —
569 1805 768 1862 Ἰησοῦ.
823 1808 1042 1872 Εῖρηται
1099 1810 1215 1878 περὶ
1266 1809 1460 1858 τούτων
1513 1806 1560 1859 ἐν
1614 1817 1684 1880 τῷ

136 1907 379 1961 τριακοστῳ
407 1894 632 1965 τετάρτῳ
672 1893 930 1966 κεφαλαίῳ
962 1902 1052 1946 τοῦ
1088 1897 1224 1947 κοιτά
1253 1899 1538 1955 ΝΙατθαίον.

189 1984 268 2031 Καὶ
307 1978 593 2056 ἀποκριθεὶς
645 2014 712 2024 -
768 1983 995 2058 ἔκφοϐοι,
1032 1990 1147 2038 Ἔτι
1222 1989 1311 2038 καὶ
1376 1991 1494 2060 περὶ
1567 1990 1682 2040 τού-

132 2085 206 2117 των
239 2067 463 2141 ἀκριϐῶς.

187 2163 266 2210 Καὶ
292 2157 467 2230 ἐγένετο
507 2192 575 2203 -
621 2161 734 2234 μεθ’
778 2163 993 2219 ἑαυτῶν.
1040 2165 1263 2238 Ὀμοίως
1299 2169 1388 2218 καὶ
1417 2185 1534 2240 περι
1564 2167 1681 2219 τού-

127 2263 223 2302 των,
259 2245 486 2310 Ἐξάπινα
515 2247 599 2314 δὲ,
629 2250 744 2304 ἀντὶ
776 2259 887 2318 τοῦ,
927 2252 1186 2327 ἐξαίφνηςο

178 2336 567 2391 Καταϐαινόντων
627 2371 697 2380 —
763 2339 982 2415 ἀναστῇ.
1045 2342 1160 2396 Ἔτι
1233 2348 1323 2396 καὶ
1378 2349 1496 2420 περὶ
1551 2348 1682 2398 τού-

123 2441 219 2480 των,

177 2518 260 2565 Καὶ
295 2547 347 2556 -
381 2521 509 2591 πρὸς
537 2517 773 2587 ἑαυτούς,
822 2523 920 2572 Τὸν
971 2519 1142 2588 λόγον,
1189 2525 1273 2574 τὸν
1329 2528 1446 2598 περὶ
1501 2531 1590 2576 τοῦ
1622 2523 1676 2577 ἑκ

121 2609 271 2671 νεκρῶν
323 2601 608 2665 ἀναστῆναι
656 2608 832 2662 αὐτόν.
886 2607 1213 2684 Ἐκράτησαν
1259 2616 1382 2685 πρὸς
1438 2613 1672 2679 ἑαυτοὺς,

115 2692 219 2757 πρὸς
242 2689 429 2759 μηδένα
458 2697 632 2768 ἕτερον
663 2705 842 2750 τοῦτον
873 2697 1173 2762 ἐξειπόντες.

170 2776 220 2830 Ἠ
244 2783 320 2831 τὸν
342 2780 508 2854 λόγον,
538 2788 630 2838 τὸν
660 2791 777 2860 περὶ
802 2794 893 2849 τῆς
915 2794 1384 2864 μεταμορφώσεως.

162 2977 475 3042 Σνζητοῡντες
552 3013 624 3022 -
702 2980 1009 3043 ἀναστῆναι.
1077 2989 1222 3045 Μήτε
1295 2991 1395 3061 γὰρ
1472 2985 1666 3052 ἰδόντες

104 3067 194 3114 τινὰ
262 3064 630 3128 ἀναστήσαντα
704 3073 879 3126 ἑαυτὸν
956 3073 1010 3127 ἐκ
1082 3083 1288 3149 νεκρῶν,
1353 3083 1485 3150 μήτε
1559 3084 1662 3152 μὴν
1699 3111 1742 3169 C

102 3149 368 3220 ἀνώσαντες
422 3164 586 3230 ᾤοντο
646 3162 940 3237 παραϐολὴν
1007 3161 1133 3216 εἶναι
1204 3171 1293 3218 καὶ
1352 3175 1526 3233 τοῦτο,
1572 3175 1660 3222 καὶ

102 3244 370 3303 συνεζήτουν
400 3255 449 3300 τί
483 3246 647 3308 δηλοῖ
679 3268 692 3317 ;

154 3334 340 3405 Είρηται
393 3332 452 3389 δὲ
499 3343 624 3414 περὶ
682 3341 865 3392 τούτου
919 3344 1004 3392 καὶ
1058 3342 1105 3393 ἐν
1147 3351 1219 3414 τῷ
1267 3343 1394 3396 τέλει
1424 3353 1519 3406 τῆς
1549 3344 1661 3409 ἐξη-

97 3424 246 3485 γώσως
284 3432 369 3476 τοῦ
416 3436 740 3502 τριακοστοῦ
790 3433 1024 3503 πέμπτου
1064 3432 1344 3504 κεφαλαίου
1391 3442 1481 3487 τοῦ
1525 3439 1660 3490 κατὰ

99 3508 338 3567 Ματθαῖον.

154 3604 237 3652 Καὶ
273 3600 541 3676 ἐπηρώτων
592 3635 660 3646 -
705 3609 888 3662 πάντα.
940 3609 1164 3684 Ἐῤῥήθη
1222 3616 1312 3665 καὶ
1369 3618 1487 3688 περὶ
1540 3619 1657 3668 τού-

98 3703 172 3736 των
215 3688 256 3740 ἓν
304 3701 372 3762 τῷ
450 3701 812 3769 προειρημένῳ
869 3708 1164 3772 τριακοστῶ
1228 3703 1448 3774 τετάοτῳ
1506 3723 1656 3777 κεφα-

95 3791 210 3846 itum,

149 3869 232 3954 καὶ
269 3878 369 3932 πῶς
420 3904 483 3912 -
546 3870 892 3948 ἓξουδενωθῇ.
956 3883 1119 3930 Τοῦτο
1188 3878 1321 3933 εἶπεν
1394 3879 1652 3954 ἐμϐάλλων

92 3969 148 4010 εις
197 3953 398 4033 ἀπορίαν
471 3960 763 4034 ἀπολογίας
829 3970 946 4027 τοὺς
1020 3973 1348 4042 Γραμματεῐς
1397 3988 1409 4000 ·
1455 3972 1497 4024 εἰ
1551 3975 1652 4046 γὰρ

89 4044 396 4116 κατάὐτοὺς,
441 4056 611 4122 μήπω
659 4051 887 4117 ἐλθόντος
934 4063 1022 4108 τοῦ
1070 4057 1288 4124 Ἠλιοῦ,,
1331 4063 1473 4113 οὔπω
1504 4059 1650 4120 ἦλθεν

89 4147 108 4178 ο
155 4139 378 4207 Χριστὸς,
444 4141 636 4203 Ἠλίας
699 4139 756 4195 δε
823 4143 977 4196 ἐλθὼν
1051 4156 1249 4220 πρῶτον
1321 4147 1653 4223 ἀποκαθιστᾷ

85 4222 237 4286 πάντα,
285 4234 578 4296 τουτέστιν,
653 4231 871 4286 ἐνοποιεῐ
941 4233 1233 4310 ἐπιστρέφει
1292 4241 1462 4292 πάντα
1511 4244 1651 4294 Ἰου-

89 4303 205 4361 δαῖον
257 4321 379 4388 πρὸς
429 4323 518 4371 τόν
595 4326 847 4395 Χριστὸν,
921 4332 1030 4387 πῶς
1081 4332 1371 4402 γέγραπται
1426 4328 1508 4383 ἐπὶ
1565 4335 1649 4384 τὸν

87 4402 179 4449 Tib“:
223 4412 307 4456 τοῦ
353 4406 656 4480 ἀνθρώπου,
704 4414 886 4481 ἤγουν,
939 4417 1051 4486 περὶ
1109 4424 1200 4467 τοῦ
1256 4425 1512 4491 Χριστοῦ,
1570 4422 1651 4473 ἵνα

85 4486 218 4539 πολλὰ
259 4497 389 4565 πάθῃ
435 4502 587 4572 παρὰ
641 4507 742 4550 τῶν
787 4498 1061 4553 Ἰουδαίων
1096 4520 1108 4569 ;
1143 4504 1205 4558 Εἰ
1255 4509 1352 4581 γὰρ
1404 4507 1648 4583 imo-1‘0“.

85 4579 299 4642 ῼήσονται
327 4590 458 4658 πρὸς
488 4587 671 4654 αὐτὸν,
711 4597 822 4651 πῶς
870 4589 1031 4642 πολλὰ
1068 4594 1208 4666 πάθῃ
1255 4579 1378 4668 παρ’
1432 4579 1599 4650 αὐτῶν
1633 4618 1645 4668 ;

99 4673 212 4719 Ωστε
238 4670 403 4735 Ἠλίας
433 4677 459 4726 ὁ
495 4675 759 4739 Θεσϐίτης
809 4683 911 4751 πρὸ
947 4688 1036 4741 τῆς
1083 4678 1324 4754 δευτέρας
1371 4694 1461 4738 τοῦ
1516 4696 1650 4762 Χρι-

84 4762 185 4806 στοῦ
211 4769 496 4832 παρουσίας
542 4763 821 4826 ἕλεύσεται.
869 4769 952 4820 ὅτε
981 4771 1030 4821 οἱ
1072 4780 1361 4829 τηνικαῦτα
1401 4773 1650 4830 Ἰουδαῖοι

84 4857 524 4920 επιστραφήσονται
603 4859 734 4928 πρὸς
804 4856 958 4910 αὐτόν
1015 4875 1027 4888 ’
1079 4867 1166 4912 νῦν
1237 4857 1296 4914 δε
1368 4865 1397 4922 ἠ
1464 4872 1641 4940 πρώτη

83 4943 306 5005 παρουσία
333 4948 425 4993 τοῦ
458 4950 698 5016 Χριστοῦ
729 4943 888 5017 ἐστιν,
940 4948 1020 5000 ὅτε
1067 4949 1228 5002 πολλά
1278 4953 1481 5025 πάσχει
1507 4959 1651 5030 ποιρά

197 5025 477 5100 Ἰουδαίων,
530 5033 598 5093 ἧς
630 5031 936 5110 ῐῐρόδρομος
965 5037 1069 5110 οὐχ
1096 5040 1121 5090 ὁ
1153 5039 1431 5109 Θεσϐίτης,
1481 5025 1591 5096 ἀλλί
1623 5047 1649 5098 ὁ

81 5107 299 5179 Ἰωάννης.

131 5203 272 5256 Ἀλλὰ
315 5207 445 5280 λέγω
493 5240 568 5252 -
614 5211 882 5272 ἐθελησαν.
935 5221 1247 5294 Σαφίστερον
1304 5221 1330 5272 ὁ
1382 5223 1649 5285 Ματθαίος

77 5288 217 5358 εἴρηκε
266 5303 378 5369 περὶ
431 5303 646 5368 τούτου,
703 5307 792 5354 καὶ
845 5304 1078 5364 ζήτησον
1131 5305 1180 5359 ἐν
1236 5316 1308 5379 τῷ
1364 5305 1647 5368 δηλωθέντι

75 5395 332 5457 τριακοστῷ
360 5391 598 5464 τετάρτῳ
625 5391 902 5466 κεφαλαίῳ.

1801 496 1938 570 quis
1996 498 2226 570 pudore
2285 503 2468 555 tactus
2531 515 2654 556 non
2730 516 2914 556 ausus
2959 500 3138 557 fuerit
3185 501 3457 559 conﬁteri

1800 602 1896 642 me
1927 603 2055 642 esse
2087 587 2295 652 Deum,
2323 604 2608 660 meosque
2672 605 2978 645 sermones
3009 605 3134 644 esse
3170 591 3286 657 Dei,
3315 607 3456 664 pro-

1801 679 1930 745 pter
1959 675 2388 733 incarnationis
2413 678 2836 744 humilitatem,
2856 677 3208 735 afﬂictiones
3234 695 3303 736 ac
3327 696 3458 737 cru-

1796 777 1925 819 cem
1945 781 1956 818 :
1974 780 2068 820 me
2085 781 2321 837 quoque
2337 767 2584 838 pudebit
2597 767 2882 833 conﬁteri,
2903 767 3069 824 illum
3082 783 3211 824 esse
3225 784 3452 837 meum,

1795 866 1930 907 cum
1963 868 2202 918 venero,
2232 869 2354 909 non
2389 855 2517 926 jam
2545 855 2832 926 abjectus,
2869 859 2932 911 ut
2962 871 3139 921 nunc,
3202 856 3305 913 sed
3333 857 3455 930 glo-

1792 938 2002 1010 riosns,
2027 942 2173 998 sicut
2211 943 2381 999 Pater
2420 958 2605 999 meus.
2639 945 2878 1015 Oportet
2915 945 3065 1000 enim
3115 959 3238 1001 non
3268 946 3450 1003 modo

1791 1030 2051 1100 credere,
2089 1047 2293 1087 verum
2319 1031 2497 1088 etiam
2523 1031 2705 1088 libere
2732 1030 3072 1104 praedicare.

1864 1120 2206 1176 Adulteram
2238 1137 2394 1190 vero,
2424 1121 2746 1194 impiorum
2775 1121 3218 1190 generationem
3244 1123 3453 1196 appel-

1790 1207 1972 1264 lavit:
2003 1214 2199 1281 utpote
2225 1226 2260 1265 a
2301 1213 2437 1275 Deo,
2472 1209 2577 1282 qui
2607 1209 2842 1282 pietatis
2895 1225 2965 1265 ac
3016 1209 3245 1267 virtutis
3292 1216 3453 1270 sator

1792 1301 1899 1360 est.
1921 1297 2297 1355 deﬁcientem
2327 1315 2396 1355 ac
2424 1298 2682 1355 deemoni
2735 1299 3164 1366 adhaerentem,
3191 1300 3298 1374 qui
3343 1301 3453 1360 im-

1791 1387 2068 1456 pietatem
2111 1403 2180 1443 ac
2210 1388 2502 1445 malitiam
2532 1387 2806 1444 seminat.

1862 1475 2015 1532 CAP.
2048 1477 2136 1532 IX.
2169 1478 2336 1536 Vers.
2393 1479 2448 1535 1.
2502 1478 2578 1532 Et
2615 1477 2841 1533 dicebat
2896 1507 2965 1518 —-
2987 1475 3053 1533 in
3109 1477 3343 1537 virtute.
3371 1481 3450 1538 De

1791 1564 1885 1621 his
1920 1581 2155 1638 quoque
2186 1566 2470 1638 praedicto
2496 1565 2689 1638 capite
2714 1565 3089 1638 disputatum
3120 1571 3232 1642 est.
3275 1567 3280 1572 “

1965 1691 2118 1748 CAP.
2157 1692 2318 1746 XXV.
2371 1690 2448 1746 De
2479 1690 2986 1760 transformatione
3010 1689 3273 1748 Domini.

1719 1753 1763 1808 Β
1866 1781 2034 1838 Vers.
2061 1784 2112 1837 2.
2145 1779 2222 1836 Et
2245 1785 2370 1852 post
2400 1810 2469 1821 —
2497 1753 2655 1836 Vers.
2687 1782 2742 1835 4.
2780 1778 2938 1838 Iesu.
2981 1779 3216 1837 Dictum
3245 1784 3334 1838 est
3376 1780 3452 1842 de

1795 1871 1888 1927 his
1909 1869 2210 1927 tricesimo
2267 1873 2482 1942 quarto
2521 1869 2694 1940 juxta
2723 1869 3065 1925 Matthasum
3090 1869 3306 1942 capite.

1865 1963 2024 2017 Vers.
2053 1961 2110 2014 5.
2141 1959 2216 2015 Ει
2240 1958 2604 2028 respondens.
2646 1959 2895 2015 —Vers.
2919 1959 2982 2014 6.
3033 1958 3318 2016 exterriti.
3368 1959 3451 2016 De

1789 2048 1883 2105 his
1916 2053 2194 2120 praeterea
2221 2046 2508 2104 subtiliter
2535 2046 2618 2103 ibi
2642 2050 2958 2104 tractatum
2984 2051 3090 2103 est.

1861 2140 2018 2194 Vers.
2046 2139 2103 2194 7.
2140 2137 2421 2209 Factaque
2449 2167 2516 2178 —-
2549 2138 2707 2193 Vers.
2734 2136 2790 2192 8.
2827 2151 3036 2194 secum.
3071 2135 3349 2198 Similiter
3375 2135 3448 2194 de

1789 2227 1902 2284 his.

1861 2319 2018 2374 Vers.
2045 2319 2105 2376 9.
2144 2313 2620 2374 Descendentibus
2655 2344 2728 2356 —
2762 2313 3132 2373 surrexisset.
3163 2315 3450 2376 Praeterea

1788 2423 2025 2482 quoque
2049 2407 2118 2463 de
2157 2405 2267 2463 his.

1857 2517 2014 2571 Vers.
2047 2514 2136 2569 10.
2166 2514 2250 2569 Et
2277 2543 2346 2554 —
2376 2511 2532 2586 apud
2559 2527 2700 2570 sese.
2731 2511 2996 2570 Verbum
3027 2511 3193 2584 quod
3225 2515 3353 2570 erat
3370 2511 3448 2570 de

1784 2604 2209 2662 resurrectione
2234 2605 2364 2677 ejus
2391 2619 2428 2660 a
2448 2603 2698 2660 mortuis
2727 2618 2741 2657 :
2767 2605 3078 2659 tenuerunt
3106 2601 3270 2674 apud
3296 2616 3461 2670 sese,-

1783 2693 1928 2750 nulli
1961 2692 2060 2750 alii
2087 2696 2424 2750 narrantes.

1781 2853 1793 2864 ο
1852 2782 1970 2847 Vel,
2043 2781 2296 2838 verbum
2369 2780 2537 2853 quod
2597 2782 2722 2837 erat
2784 2779 2880 2836 de.
2918 2777 3442 2838 transforinatione

1777 2869 1953 2928 ’llius.

1846 2961 2008 3016 Vers.
2075 2961 2161 3016 1ο.
2253 2959 2622 3031 Disputantes
2669 2971 2992 3030 resurgere.
3064 2955 3213 3014 Cum
3272 2955 3434 3016 enim

1773 3049 2077 3106 neminem
2108 3049 2392 3106 vidissent
2417 3049 2682 3122 seipsum
2711 3065 2748 3104 a
2788 3047 3038 3104 mortuis
3091 3047 3430 3114 suscitasse,

1774 3155 1967 3212 neque
1982 3140 2155 3195 etiam
2172 3139 2506 3205 audissent,
2534 3137 2942 3210 opinabantur
2971 3142 3026 3193 et
3050 3136 3166 3194 hoc
3181 3136 3434 3210 parabo-

1770 3229 1887 3284 lam
1917 3243 2063 3292 esse,
2093 3233 2150 3283 et
2176 3226 2572 3298 disputabant
2593 3227 2738 3300 quid
2765 3224 3144 3296 signiﬁcaret.

1843 3317 2076 3374 Dictum
2102 3321 2188 3373 est
2207 3322 2408 3373 autem
2454 3315 2529 3372 de
2559 3315 2676 3372 hoc
2707 3315 2886 3371 etiam
2917 3314 2978 3370 in
3008 3315 3128 3371 ﬁne
3189 3328 3428 3373 enarra-

1769 3405 1942 3462 tionis
1968 3404 2247 3462 tricesimi
2274 3404 2467 3478 quinti
2499 3404 2716 3478 capitis
2763 3403 3062 3475 Evangelii
3098 3403 3428 3461 secundum

1770 3495 2126 3552 Matthteum.
2529 3541 2532 3544 .

1838 3586 1997 3640 Vers.
2029 3585 2118 3640 11.
2144 3583 2221 3638 Et
2246 3582 2691 3654 interrogabant
2743 3611 2812 3624 —
2874 3583 3036 3638 Vers.
3079 3583 3163 3640 12.
3211 3583 3423 3642 omnia.

1767 3673 1996 3730 Dictum
2050 3676 2136 3730 est
2159 3678 2359 3729 autem
2385 3677 2442 3729 et
2498 3672 2572 3728 de
2610 3671 2702 3728 his
2763 3671 3052 3745 prasdicto
3094 3671 3427 3732 tricessimo

1763 3769 1978 3836 quarto
2003 3763 2174 3835 juxta
2198 3762 2536 3820 Matthmum
2562 3762 2774 3835 capite.
3274 3807 3279 3812 .

1833 3853 1993 3909 Vers.
2026 3854 2111 3908 12.
2136 3851 2211 3906 Et
2240 3853 2516 3924 quomodo
2540 3883 2609 3894 —
2646 3855 3074 3910 contemnatur.
3131 3853 3251 3910 Hoc
3277 3851 3425 3911 dixit

1759 3941 2082 4012 conjiciens
2111 3941 2171 3996 in
2196 3940 2631 3998 dubitationem
2653 3940 3060 4014 responsionis
3083 3941 3252 4014 ipsos
3274 3941 3424 3998 Scri-

1760 4029 1884 4085 bas.
1919 4030 1977 4086 Si
2006 4029 2168 4086 enim
2207 4030 2534 4086 secundum
2557 4029 2722 4100 ipsos
2763 4046 2902 4087 cum
2945 4029 3208 4086 nondum
3246 4045 3423 4088 veno-

1759 4117 1834 4174 rit
1862 4117 2033 4182 Elias,
2067 4119 2339 4174 nondum
2371 4118 2525 4175 venit
2555 4117 2842 4174 Christus.
2877 4119 3031 4176 Elias
3046 4124 3245 4175 autem
3276 4136 3418 4178 cum

1760 4205 1922 4279 prius
1935 4205 2178 4270 venerit,
2204 4207 2464 4262 restituet
2485 4207 2713 4270 omnia,
2745 4207 2860 4262 hoc
2881 4212 2988 4273 est,
3020 4206 3184 4263 uniet
3205 4212 3262 4262 et
3276 4224 3418 4265 con-

1759 4299 1944 4352 vertet
1982 4310 2234 4351 omnem
2283 4294 2554 4350 Judaeum
2579 4295 2659 4351 ad
2725 4295 3064 4351 Christum:
3102 4295 3415 4366 quomodo

1760 4384 2049 4456 scriptum
2071 4387 2158 4439 est
2183 4383 2258 4439 de
2282 4381 2428 4438 Filio
2459 4383 2735 4449 hominis,
2764 4382 2883 4438 sive
2913 4381 2988 4438 de
3014 4381 3264 4449 Christo,
3293 4387 3360 4440 ut
3378 4399 3417 4443 α

1682 4463 1730 4520 D
1757 4474 1977 4530 Judssis
2007 4472 2184 4530 multa
2215 4472 2474 4545 patiatur
2503 4473 2532 4528 ?
2570 4473 2619 4528 si
2650 4472 2810 4527 enim
2833 4471 2913 4528 ad
2939 4472 3138 4544 ipsum
3168 4487 3416 4531 conver-

1759 4563 1919 4620 tendi
1961 4567 2117 4628 sunt,
2176 4561 2484 4635 quomodo
2529 4560 2607 4617 ab
2658 4561 2798 4632 ipsis
2849 4561 3160 4634 patietur?
3207 4562 3413 4637 Itaque

1758 4654 1912 4710 Etias
1938 4651 2240 4709 Thesbites
2293 4657 2427 4707 ante
2454 4651 2783 4707 secundum
2829 4650 3039 4708 Christi
3084 4650 3413 4712 adventum

1760 4749 2043 4799 venturus
2100 4746 2206 4806 est,
2254 4739 2502 4814 quando
2569 4740 2624 4795 hi
2653 4739 2757 4812 qui
2820 4744 2962 4797 tunc
2999 4746 3174 4798 erunt
3222 4741 3414 4800 Judaei

1759 4835 2178 4888 convertentur
2215 4829 2293 4886 ad
2323 4829 2545 4901 ipsum.
2572 4830 2738 4884 Nunc
2767 4833 2967 4885 autem
2992 4831 3226 4902 primus
3252 4829 3412 4888 Chri-

1759 4919 1830 4975 sti
1869 4919 2158 4976 adventus
2182 4923 2289 4984 est,
2323 4934 2462 4975 cum
2509 4933 2546 4975 a
2569 4916 2790 4974 Judaais
2815 4917 3000 4976 multa
3034 4920 3272 4992 patitur,
3305 4935 3411 4978 ou-

1754 5012 1852 5081 jus
1883 5010 2213 5067 Prascursor
2240 5023 2361 5066 non
2385 5006 2705 5076 Thesbites,
2746 5008 2853 5066 sed
2876 5009 3158 5068 Joannes.

1829 5226 1987 5280 Vers.
2022 5228 2102 5280 13.
2143 5223 2258 5280 Sed
2280 5223 2409 5280 dico
2428 5253 2497 5264 —
2528 5222 2855 5281 vetuerunt.
2889 5225 2972 5281 De
2998 5223 3116 5282 hoc
3162 5223 3411 5283 manife-

1757 5315 1905 5371 stius
1931 5313 2163 5368 locutus
2195 5318 2285 5370 est
2324 5312 2669 5370 Matthaeus:
2702 5329 2905 5387 quaere
2953 5329 3098 5388 ergo
3124 5314 3410 5387 praedicto

1757 5403 2058 5459 tricesimo
2081 5406 2296 5476 quarto
2317 5403 2524 5475 capite.

1275 5524 1499 5595 Varias
1527 5527 1858 5600 lectiones
1885 5539 1951 5597 et
1982 5538 2182 5596 notas.

133 5649 229 5724 (61)
256 5653 417 5716 Forte
446 5656 741 5732 interpres
767 5659 996 5722 invenit
1020 5665 1340 5740 ὁμολογῆσαι
1377 5668 1505 5725 εἶναι
1546 5677 1664 5731 Θεοί

1836 5674 1898 5732 >d
1927 5688 2036 5732 nec
2066 5671 2213 5730 mihi
2241 5670 2539 5745 displicet.
