3922 6200
374 290 480 348 819

1694 282 2056 344 EUTHYMII
2094 282 2423 342 ZIGABENI

3624 291 3710 346 820

445 417 607 475 Vers.
639 419 724 473 t3.
778 412 932 472 Sicut
957 442 1023 454 —
1052 410 1119 468 de
1161 426 1243 469 eo.
1277 412 1363 482 -Η-
1393 411 1564 468 Sicut
1601 411 1889 483 scriptum
1923 417 2027 480 est,

2213 413 2397 472 Καθὼς
2439 442 2503 451 —-
2559 411 2636 464 ἐπ’
2689 409 2860 466 αὐτον.
2910 414 3001 480 [Τὸ
3045 413 3227 474 Καθὼς
3275 413 3387 484 (62)
3430 417 3712 486 γέγραπται,

378 509 581 581 accipe
613 506 687 562 de
716 503 1010 560 vocabulo
1039 504 1213 559 venit.
1271 501 1599 569 Dicitenim
1640 503 1826 559 Isaias
1856 519 1869 557 :
1912 502 2032 558 Vox

378 595 693 654 clamantis
723 594 782 648 in
809 593 1052 656 deserto,
1083 596 1137 648 et
1168 591 1398 664 reliqua
1424 594 1492 648 ‘°.

451 682 729 740 Prmdixit
754 683 907 739 enim
938 681 1120 738 Isaias
1146 681 1219 736 de
1250 681 1498 738 Joannis
1521 681 1700 738 etiam
1728 681 2028 755 passione.

382 864 538 922 CAP.
574 864 746 920 XXVI.
776 863 856 917 De
888 860 1144 916 lunatico
1175 859 1419 916 habente
1451 860 1725 930 spiritum
1781 868 2024 918 mutum.

451 953 621 1008 Vers.
659 953 742 1007 14.
797 950 1048 1021 Cumque
1070 950 1317 1005 venisset
1343 980 1402 990 -
1453 949 1595 1004 illis.
1627 949 1925 1022 Dicipulos
1953 950 2036 1005 di-

381 1042 457 1098 cit
485 1056 646 1097 nunc
694 1055 913 1095 novem
962 1037 1222 1109 reliquos
1251 1037 1518 1109 quicum
1547 1054 1616 1094 eo
1655 1039 1713 1094 in
1770 1044 2037 1095 montem

382 1147 507 1188 non
537 1127 930 1185 ascenderant
961 1148 974 1182 :
1003 1143 1142 1183 cum
1174 1127 1332 1182 enim
1360 1127 1468 1182 hos
1497 1128 1655 1183 solos
1678 1128 2040 1184 invenissent

387 1219 622 1284 Scribze,
675 1216 1225 1273 circumveniebant
1253 1217 1845 1288 interrogationibus,
1875 1217 2038 1272 futu-

385 1325 519 1366 rum
569 1311 897 1379 sperantes,
945 1310 1005 1361 ut
1061 1305 1192 1361 illos
1245 1305 1654 1377 compedirent
1703 1321 1806 1362 seu
1883 1306 2042 1363 falle-

387 1402 530 1456 rent.

459 1488 626 1542 Vers.
662 1485 747 1542 15.
776 1484 1100 1557 Statimque
1124 1515 1192 1526 --
1221 1485 1534 1554 obstupuit.
1571 1484 1910 1557 Obstupuit,
1943 1492 2048 1541 aut

389 1581 631 1650 propter
665 1589 940 1631 accessus
957 1575 1481 1647 opportunitatem,
1509 1573 1683 1645 quasi
1705 1591 2049 1646 praecogno—

393 1666 533 1722 verit
564 1664 904 1723 Scribarum
957 1663 1350 1730 invasionem,
1401 1663 1650 1736 ideoque
1677 1663 1755 1719 ad
1792 1665 2049 1738 discipu-

393 1756 587 1812 lorum
615 1753 903 1812 auxilium
935 1753 1259 1810 advenerit.

466 1843 570 1901 Vel
605 1849 844 1916 propter
887 1843 1267 1915 splendorem
1323 1847 1601 1915 aspectus
1631 1843 1777 1912 ejus.
1821 1844 2046 1900 Etenim

396 1934 712 1991 verisimile
729 1938 861 1989 esta
887 1932 1409 1989 transformatione
1432 1934 1686 2003 gratiam
1712 1934 2046 2007 quamdam

396 2027 762 2082 contractam
793 2037 942 2077 esse.

468 2117 628 2170 Vers.
667 2113 750 2168 t5.
781 2113 856 2169 Et
883 2115 1254 2169 aceurrentes
1285 2143 1352 2154 —
1378 2127 1526 2169 eum.
1561 2113 1670 2179 Qui
1723 2113 1991 2169 videlicet
2016 2127 2048 2169 e

399 2203 576 2259 turba
596 2206 764 2260 erant
792 2200 1191 2257 desiderantes
1221 2217 1358 2256 eum
1411 2202 1581 2273 quasi
1611 2201 2048 2259 benefactorem

399 2308 470 2350 ac
501 2292 908 2348 Salvatorem:
937 2305 1056 2346 non
1084 2295 1279 2346 autem
1302 2289 1487 2346 invidi
1515 2291 1756 2347 Scribae.

470 2383 634 2438 Vers.
701 2379 784 2436 t6.
848 2380 923 2436 Et
995 2381 1371 2451 interrogavit
1429 2411 1500 2422 —
1555 2397 1645 2437 eos
1695 2383 1722 2436 i’
1761 2381 1900 2437 Cum
1955 2380 2051 2437 ille

398 2473 833 2542 interrogasset,
892 2468 1092 2525 nullus
1154 2469 1390 2526 illorum
1447 2470 1812 2543 respondere
1867 2487 2053 2527 ausus

400 2564 507 2619 est.

471 2653 632 2708 Vers.
658 2652 748 2708 17.
777 2648 854 2706 Et
891 2648 1247 2718 respondens
1271 2678 1341 2690 —
1366 2649 1524 2704 Vers.
1562 2650 1646 2704 18.
1676 2650 1910 2707 arescit.
1936 2652 2054 2706 Mu-

402 2747 528 2797 tum
554 2738 700 2795 dixit
743 2738 1030 2809 spiritum,
1091 2741 1293 2809 utpote
1341 2738 1766 2810 impedientem
1818 2739 1921 2795 ﬁlii
1962 2740 2053 2795 sui

403 2828 708 2903 loquelam
741 2844 753 2884 :
781 2843 891 2884 nec
949 2825 1010 2882 id
1047 2832 1297 2894 tantum,
1331 2827 1435 2884 sed
1471 2832 1528 2884 et
1573 2829 1846 2885 auditum
1899 2830 2050 2900 ejus,

406 2920 576 2977 sicuti
639 2922 846 2990 postea
913 2917 1342 2974 declarabitur.
1409 2920 1648 2974 Lacerat
1679 2923 1900 2987 autem,
1947 2921 2056 2976 hoc

406 3018 511 3075 est,
551 3006 750 3080 dejicit
802 3007 863 3064 in
904 3010 1140 3062 terram.
1169 3007 1410 3075 Arescit,
1460 3008 1520 3064 id
1575 3013 1677 3073 est,
1715 3009 1839 3065 sine
1869 3025 2054 3065 sensu

405 3101 513 3156 est.

477 3188 786 3246 Matthaaus
841 3202 984 3245 vero
1045 3187 1340 3245 tricesimo
1387 3188 1593 3262 quinto
1686 3189 1875 3262 capite
1955 3190 2056 3257 ait,

406 3279 607 3352 ipsum
633 3277 848 3336 dixisse
882 3298 894 3337 :
929 3278 1182 3343 Domine,
1213 3279 1477 3335 miserere
1500 3279 1610 3346 ﬁlii
1630 3279 1760 3344 mei,
1801 3281 1943 3351 quia
1971 3282 2060 3335 lu-

405 3368 638 3426 naticus
667 3372 742 3424 est
767 3368 1026 3425 etmisere
1039 3367 1335 3438 afﬂigitur
1360 3369 1426 3421 ⁶¹.
1461 3367 1778 3423 Verisimile
1795 3384 1937 3439 ergo
1950 3373 2057 3438 est,

405 3462 460 3514 et
499 3458 614 3515 hoc
646 3462 705 3514 et
733 3457 882 3514 illud
911 3459 1111 3529 ipsum
1141 3456 1380 3511 dixisse.

476 3547 638 3604 Vers.
689 3548 772 3602 18.
805 3547 880 3601 Et
904 3546 1058 3602 dixit
1087 3576 1155 3585 —
1183 3546 1343 3601 Vers.
1378 3545 1469 3601 19.
1513 3544 1588 3601 ad
1610 3559 1718 3602 me.
1753 3549 1812 3600 ln
1840 3545 1939 3603 illo
1965 3562 2060 3604 ca-

405 3635 526 3708 pite
546 3636 620 3693 de
645 3636 734 3691 his
772 3635 1138 3705 disputatum
1169 3638 1273 3689 est.

482 3726 637 3779 Vers.
670 3725 764 3779 20.
798 3723 876 3778 Et
923 3723 1249 3778 attulerunt
1278 3752 1347 3764 —
1415 3737 1717 3792 spumans.
1782 3724 2061 3782 Permisit

408 3813 538 3871 hinc
566 3812 763 3884 ipsum
791 3810 929 3884 pati,
980 3817 1041 3866 ut
1062 3811 1327 3868 viderent
1377 3811 1479 3883 qui
1526 3815 1840 3884 prasentes
1893 3820 2060 3872 erant

409 3900 689 3974 aquibus
739 3898 1176 3956 calamitatibus
1239 3899 1588 3956 liberandus
1635 3907 1834 3958 esset:
1878 3908 2060 3976 utque

409 3995 730 4064 postquam
795 3989 1038 4044 vidisset
1100 3994 1268 4061 pater
1332 3989 1458 4060 ejus
1517 3989 1886 4048 daemonium
1931 3995 2060 4050 viso

411 4079 639 4138 Christo
669 4078 917 4145 turbari,
951 4077 1030 4134 ad
1059 4078 1343 4135 ﬁduciam
1374 4080 1448 4134 de
1479 4079 1607 4149 ejus
1640 4080 1852 4137 virtute
1883 4082 2059 4140 indu-

411 4174 606 4227 ceretu
615 4185 661 4227 r.

481 4262 639 4317 Vers.
669 4264 756 4317 2t.
793 4259 865 4316 Et
891 4260 1277 4330 interrogavit
1328 4289 1396 4300 —
1427 4257 1589 4314 Vers.
1646 4263 1732 4315 22.
1792 4276 1919 4317 eum
1978 4262 2062 4318 In-

409 4351 728 4422 terrogavit
750 4353 812 4405 ut
834 4349 932 4406 illo
950 4349 1345 4421 respondente
1371 4355 1798 4418 cognoscerent
1818 4350 2061 4406 audien-

412 4445 522 4507 tes,
553 4440 717 4513 quod
745 4439 874 4512 jam
902 4437 1042 4495 olim
1070 4437 1422 4511 perdidisset
1449 4453 1608 4503 eum,
1641 4438 1753 4494 nisi
1778 4438 2061 4495 divinitus

411 4530 611 4586 fuisset
639 4529 950 4587 cohibitus.

485 4617 645 4672 Vers.
675 4620 765 4672 22.
797 4617 907 4674 Sed
930 4618 982 4672 si
1008 4616 1158 4689 quid
1176 4649 1241 4658 —
1269 4617 1467 4674 nostri.
1502 4616 1673 4672 Vides
1699 4615 1863 4689 quod
1880 4616 2060 4674 fidem

414 4718 536 4761 non
565 4705 783 4761 habeat
802 4704 1215 4762 indubitatam.

485 4793 651 4849 Vers.
675 4797 760 4850 23.
794 4794 961 4850 Iesus
990 4798 1185 4851 autem
1216 4826 1269 4835 —
1333 4796 1611 4852 credenti.
1646 4794 1969 4851 Potentiam
2001 4797 2060 4852 in

415 4883 532 4940 ﬁde
553 4881 710 4939 illius
737 4883 1002 4954 reposuit
1031 4883 1200 4951 ;hinc
1229 4885 1476 4958 quidem
1530 4884 1792 4954 dirigens
1824 4900 1959 4941 eum
1985 4886 2062 4943 ad

415 4972 954 5040 ﬁdem,illincvero
983 4972 1057 5029 de
1109 4989 1171 5030 se
1199 4973 1336 5046 ipso
1393 4974 1655 5031 modeste
1712 4974 1949 5045 sapiens
1993 4991 2062 5032 ac

415 5062 686 5136 loquens.

486 5241 533 5281 ⁸ο
563 5244 675 5303 Isa.
706 5257 801 5312 ιι,
830 5244 860 5299 3
973 5243 1015 5279 ⁶¹
1051 5239 1252 5301 Matth.
1281 5257 1420 5308 xvu,
1457 5246 1516 5299 15

2141 499 2223 552 ἐπὶ
2276 509 2367 553 τοῦ
2426 500 2648 566 ἐλήλυθε,
2705 506 2911 559 νόησον.
2974 507 3110 558 Φησὶ
3157 505 3256 576 γὰρ
3306 502 3525 566 Ἡσαΐας
3570 521 3582 535 ·
3625 512 3715 559 Φω-

2139 594 2198 648 νὴ
2226 589 2448 661 βοῶντος
2479 589 2525 642 ἐν
2554 599 2614 663 τῇ
2659 589 2854 666 ἐρήμῳ,
2887 595 2977 642 καὶ
3008 593 3073 642 τὰ
3113 591 3228 653 ἑξῆς
3259 593 3395 661 (63).
3429 592 3451 666 ]

2216 681 2398 741 Καθὼς
2425 684 2716 752 γέγραπται
2746 685 2863 755 περὶ
2904 681 3084 732 αὐτοῦ.
3131 687 3348 754 Προεῖπε
3390 684 3491 754 γὰρ
3530 681 3719 743 Ἠσαίας

2141 773 2231 820 καὶ
2261 775 2377 846 περὶ
2403 777 2493 822 τοῦ
2526 771 2724 831 πάθους
2755 777 2843 821 τοῦ
2877 770 3136 825 Ἰωάννου.

2417 902 2559 949 ΚΕΦ.
2598 893 2712 955 κζ’.
2750 899 2873 967 Περὶ
2899 902 2987 948 τοῦ
3021 894 3472 967 σεληνιαζομένου.

2220 988 2320 1035 Καὶ
2373 982 2524 1036 ἐλθων
2574 1015 2638 1024 -
2687 984 2884 1045 αὐτοῖς.
2943 985 3197 1044 Μαθητὰς

2145 1070 2300 1142 λέγει,
2365 1077 2480 1133 τοὺς

3268 993 3354 1035 νυν
3420 990 3538 1044 τοὺς
3607 984 3723 1036 ἐννέα

2563 1078 2631 1144 μη
2711 1073 3095 1133 συναναϐάντας
3152 1073 3289 1144 αὐτῷ
3350 1074 3421 1135 εἰς
3493 1077 3550 1126 τὸ
3605 1079 3723 1145 ὄρος,

2147 1161 2375 1222 Τούτους
2427 1166 2527 1234 γὰρ
2585 1165 2814 1236 εὑρόντες
2889 1167 3078 1234 μόνους
3157 1165 3206 1214 οἱ
3279 1169 3600 1236 Γραμματείς
3645 1182 3723 1215 πε-

2149 1249 2368 1321 ριεῖλκον
2421 1259 2529 1312 ταῖς
2595 1250 2901 1326 ἐρωτήσεσι,
2963 1248 3421 1325 προσδοκήσαντες
3484 1249 3726 1324 συμποδί-

2153 1338 2277 1398 ζειν.

2231 1541 2330 1588 Καὶ
2377 1536 2560 1599 εὖθεως
2610 1569 2676 1578 -
2738 1536 3084 1610 ἐξεθαμϐήθη.
3147 1538 3532 1611 Ἐξεθαμϐἠθη,
3588 1536 3730 1597 iam

2156 1629 2212 1677 τὸ
2267 1631 2466 1697 καίριον
2531 1635 2625 1687 τῆς
2692 1623 2991 1698 ἑπιδπμίοις,
3059 1629 3144 1679 οἶα
3217 1633 3599 1702 προεγνωκότος
3657 1633 3730 1685 τὴν

2085 1713 2383 1814 Βἕπίθεσιν
2449 1724 2548 1767 τῶν
2618 1721 2984 1788 Γραμματέων,
3042 1722 3128 1768 καὶ
3180 1713 3271 1768 διὰ
3336 1725 3489 1769 τοῦτο
3555 1722 3731 1788 ταχέως

2156 1803 2462 1866 ἐπιστάντος
2491 1809 2616 1876 πρὸς
2641 1804 2941 1879 ἐπικουρίαν
2970 1815 3066 1857 τῶν
3097 1809 3362 1878 μαθητῶν.

2251 1901 2290 1946 H
2353 1890 2446 1945 διὰ
2499 1899 2591 1952 τὴν
2638 1891 2968 1966 φαιδρότητα
3021 1905 3110 1956 τῆς
3158 1904 3361 1967 μορφῆς
3415 1896 3593 1949 αὑτοῦ.
3646 1897 3736 1950 Καὶ

2155 1987 2255 2056 γὰρ
2289 1983 2420 2044 εἰκὸς
2451 1982 2749 2056 ἐφελκεσθαί
2797 2004 2912 2037 τινα
2963 1987 3123 2059 χάριν
3179 1985 3232 2036 ἐκ
3277 1995 3374 2047 τῆς
3421 1993 3734 2059 μεταμορφώ-

2161 2093 2258 2126 σεω
2268 2095 2305 2135 ς.

2231 2168 2330 2216 Καὶ
2409 2166 2824 2236 προστρέχοντες
2887 2193 2954 2204 —
3017 2164 3190 2216 αὐτόν.
3263 2165 3327 2215 Oi
3403 2171 3496 2216 τοῦ
3577 2163 3734 2235 ὄχλον,

2159 2255 2436 2313 ποθοῦντες
2466 2251 2639 2322 αὐτόν,
2680 2255 2747 2312 ὡς
2801 2252 3063 2326 εὐεργέτην
3116 2258 3205 2304 καὶ
3251 2261 3466 2328 Σωτῆρα
3501 2272 3512 2282 °
3555 2255 3608 2305 οὗ

2161 2343 2208 2393 οἰ
2251 2339 2510 2412 βάσκανοι
2534 2347 2863 2414 Γροριριοτείς.

2235 2435 2334 2483 Καὶ
2371 2429 2678 2503 ἐπηρώτησε
2707 2461 2775 2470 —
2805 2431 2995 2492 αὐτούς
3029 2449 3041 2496 ;
3078 2431 3555 2505 Ἐπερωτὴσαντος,
3595 2429 3739 2492 οὐὸεὶς

2162 2519 2362 2572 ἐκείνων
2393 2519 2577 2593 ὶτόλμη
2588 2539 2670 2572 σεν
2699 2518 3065 2596 ἀποκριθῆναι.

2237 2721 2335 2770 Καὶ
2390 2715 2693 2789 ἀποκριθεὶς
2752 2746 2818 2755 --
2882 2716 3196 2788 ξηραίνεται.
3255 2714 3474 2768 "Malos
3539 2712 3637 2768 εἶπε
3692 2718 3739 2764 τὸ

2163 2814 2384 2877 πνεῦμα,
2417 2808 2481 2865 ὡς
2525 2804 2710 2876 ἐπέχον
2760 2809 2852 2862 τὴν
2909 2805 3087 2856 λαλιὰν
3152 2812 3242 2856 τοῦ
3293 2807 3408 2855 υἱοῦ
3455 2804 3637 2860 αὐτοῦ,
3680 2801 3740 2853 Οὐ

2165 2900 2315 2968 μόνον
2347 2892 2406 2946 δὲ
2455 2897 2664 2957 ταύτην,
2717 2893 2842 2945 ἀλλὰ
2884 2898 2972 2944 καὶ
3031 2899 3121 2950 τὴν
3180 2892 3339 2951 ἀκοὴν
3373 2893 3554 2957 αὐτοῦ,
3596 2894 3743 2950 καθὼς

2167 2985 2283 3047 ἑξῆς
2327 2981 2706 3042 δηλωθήσεται.
2739 2988 2807 3036 Τό
2839 2986 2928 3054 μεν
2960 2983 3046 3034 οὖν
3075 2984 3287 3056 ρὴσσει,
3323 2981 3433 3035 ἀντὶ
3463 2991 3576 3048 τοῦ,
3606 3001 3742 3033 κατα-

2085 3113 2126 3168 C
2166 3073 2337 3126 ϐάλλει
2368 3074 2439 3135 εἰς
2467 3081 2564 3144 γῆν
2606 3094 2616 3105 η
2657 3076 2712 3124 τό
2758 3069 2815 3124 δὲ
2876 3073 3189 3147 ξηραίνεται,
3248 3070 3362 3124 ἀντὶ
3415 3081 3529 3134 τοῦ,
3588 3073 3744 3123 (huis-

2170 3165 2332 3221 θητεί.

2239 3255 2502 3312 Ματθαῖος
2552 3249 2609 3304 δέ
2669 3272 2824 3323 φησιν
2880 3249 2926 3303 ἐν
2980 3260 3049 3322 τῷ
3088 3260 3382 3326 τριακοστῷ
3431 3256 3643 3323 πέμπτῳ
3683 3268 3744 3300 κε-

2169 3343 2386 3415 φαλαίῳ,
2434 3342 2589 3395 εἰπεῖν
2635 3341 2784 3393 αὐτόν
2815 3360 2827 3371 ⁶
2865 3343 3039 3414 Κύριε,
3086 3339 3292 3398 ἐλέησόν
3345 3360 3445 3412 μου
3496 3346 3582 3392 τόν
3634 3343 3744 3399 υἱόν,

2168 3435 2248 3484 ὅτι
2301 3432 2658 3491 σεληνιάζεται
2704 3435 2794 3482 καὶ
2845 3438 3017 3492 κακῶς
3072 3432 3292 3502 πάσχει.
3355 3429 3512 3490 Εἰκὸς
3569 3426 3643 3496 δε,
3674 3432 3746 3480 καὶ

2165 3529 2318 3574 τοῦτο
2345 3519 2548 3573 κάκεῖνο
2581 3520 2735 3572 εἰπεῖν
2765 3519 2944 3574 αὐτόν.

2242 3616 2339 3663 Καὶ
2364 3607 2502 3663 εἶπον
2545 3642 2608 3649 -
2640 3613 2767 3684 πρός
2796 3628 2876 3681 με.
2928 3608 3008 3660 Ἐν
3061 3607 3230 3679 ἐκείνῳ
3262 3615 3334 3677 τῷ
3365 3608 3623 3680 κεφαλαίῳ
3652 3613 3748 3678 περὶ

2165 3704 2358 3753 τούτων
2388 3699 2735 3771 ἐσαφηνίσθη.

2241 3795 2341 3844 Καὶ
2413 3793 2631 3860 ἤνεγκαν
2702 3818 2768 3828 --
2857 3785 3110 3860 ἀφρίζων.
3184 3792 3529 3858 Συνεχώρησε
3608 3793 3749 3838 ταῦτα

2167 3882 2347 3933 παθεῖν
2393 3878 2568 3946 αὑτὸν,
2608 3879 2690 3928 ἶνα
2729 3873 2917 3929 ἴδωσιν
2971 3877 3018 3927 οἱ
3057 3879 3320 3948 παρόντες,
3365 3878 3478 3936 οἰας
3533 3874 3749 3949 ἐπηρείας

2169 3968 2587 4021 ἀπαλλάττεσθαι
2635 3965 2825 4038 μέλλει,
2879 3970 2968 4016 καὶ
3023 3967 3104 4016 ἵνα
3159 3969 3314 4036 γνοὺς
3372 3967 3396 4016 ό
3446 3969 3640 4030 πατηρ,
3684 3963 3750 4012 ότι

2170 4056 2464 4132 θορυϐεῖται
2515 4061 2572 4108 τὸ
2629 4052 2918 4127 δαιμόνιον,
2971 4051 3096 4113 ιδόν¹
3145 4058 3229 4106 τὸν
3284 4058 3539 4128 Χριστὸν,
3587 4052 3649 4112 εἰς
3683 4054 3753 4100 πί-

2171 4166 2283 4198 στιν
2310 4154 2405 4208 τῆς
2426 4145 2581 4198 αὑτοῦ
2614 4141 2881 4216 δυνάμεως
2908 4141 3126 4216 ἐναχθῇ.

2243 4348 2336 4396 Καὶ
2415 4341 2719 4416 ἐπηρώτησε
2798 4373 2866 4380 -
2942 4339 3115 4392 αὐτόν.
3211 4338 3600 4412 Ἐπηρὼτησιν,
3687 4336 3757 4385 ἱνα

2093 4468 2137 4522 D
2172 4431 2532 4505 ἀποκριθέντος
2601 4429 2812 4495 ἐκείνου,
2869 4437 3032 4501 γνοῖεν
3099 4431 3147 4480 οἱ
3190 4426 3478 4494 ἀκούοντες,
3538 4430 3615 4479 ότι
3662 4428 3754 4477 πά-

2170 4523 2256 4575 λαι
2309 4522 2368 4574 ἂν
2434 4521 2666 4573 ἀπώλεσε
2721 4529 2921 4585 τοῦτον,
2986 4518 3028 4570 εὶ
3107 4523 3178 4590 μὴ
3261 4519 3431 4570 θεόθεν
3511 4516 3756 4588 ἀνεχαιτί-

2173 4614 2309 4674 ζετο.

2244 4700 2377 4757 Ἀλλ’
2420 4702 2463 4751 εἴ
2516 4718 2564 4751 τι
2610 4729 2672 4738 —-
2706 4699 2863 4769 ἡμᾶς.
2914 4696 3090 4771 Ὁρᾷς,
3150 4703 3258 4756 πῶς
3310 4696 3405 4747 ουκ
3455 4692 3568 4767 εἶχε
3597 4698 3758 4745 πίστιν

2173 4789 2242 4844 uo‘
2251 4797 2266 4843 i
2275 4808 2493 4843 στακτον
2504 4830 2515 4842 .

2242 4881 2298 4933 Ὀ
2358 4876 2415 4931 δὲ
2463 4878 2669 4936 Ἰησοῦς
2721 4907 2790 4915 -
2841 4877 3161 4929 πιστεύοντι.
3227 4882 3299 4946 Τῇ
3376 4878 3552 4925 πίστει
3617 4871 3758 4922 αὐτοῦ

2171 4975 2262 5029 τὴν
2295 4967 2515 5041 δύναμιν
2557 4965 2792 5023 ἀνέθηκε.
2843 4972 3006 5018 Τοῦτο
3051 4968 3161 5036 μὲν,
3222 4968 3636 5038 προτρεπόμενος
3685 4958 3760 5011 αν-

2174 5065 2259 5114 τὸν
2287 5059 2352 5120 εἰς
2381 5063 2578 5122 πίστιν,
2612 5063 2767 5108 τοῦτο
2803 5050 2879 5125 δε,
2909 5062 3284 5128 μετριοφρονών
3312 5053 3490 5114 αὐτος.

1702 5418 1926 5490 Varias
1965 5417 2292 5490 lectiones
2317 5424 2380 5486 et
2411 5420 2615 5482 notae.

514 5619 604 5692 62)
634 5619 764 5676 Hac
794 5618 855 5692 in
908 5615 1180 5692 margine
1211 5615 1276 5692 A_.

514 5621 604 5692 62)
634 5621 764 5676 Hac
794 5621 855 5675 in
908 5621 1180 5687 margine
1211 5621 1276 5670 Α.

483 5621 598 5766 ἔω)
633 5693 772 5759 Quae
793 5691 887 5749 hic
917 5693 994 5746 ab
1020 5688 1189 5747 initio
1219 5685 1405 5758 signis
1446 5683 1815 5756 inclusimus,
1865 5702 1935 5744 ea
1964 5702 2061 5744 co-

2170 5611 2286 5672 dex
2312 5611 2356 5684 Β
2403 5608 2522 5684 hic
2549 5607 2619 5684 in
2664 5607 2783 5684 ﬁne
2818 5605 3250 5684 post_’lm_aiwgu
3310 5601 3504 5668 addit,
3532 5595 3746 5674 pristim

2171 5681 2463 5756 particula
2492 5681 2550 5742 ἦ.
2581 5679 2832 5735 Carebat
2861 5678 2933 5734 iis
2971 5677 3320 5735 Hentenius.
