3922 6200
126 362 205 420 831
1249 339 1620 402 COMMENT.
1659 336 1730 394 IN
1771 332 2106 409 MARCUM.
2153 361 2222 373 —
2260 328 2414 388 CAP.
2457 326 2548 384 IX.

1679 463 1728 516 A
1831 465 1997 520 Vers.
2041 464 2130 518 24.
2162 457 2492 529 Statimque
2521 483 2588 496 —
2617 447 3037 509 incredulitati
3067 459 3230 513 meae,
3280 445 3418 510 Quae

1759 555 2049 610 hactenus
2079 549 2206 606 fuit.

207 489 291 541 Καὶ
316 481 485 543 εὐθέως
510 509 573 521 —
597 497 698 552 μου
737 483 798 550 τῇ
843 475 1084 546 ἀπιστίᾳ.
1125 479 1198 546 Τῇ
1232 473 1396 546 μέχρι
1431 475 1540 523 νῦν.

176 678 298 736 Ἰδὼν
345 709 405 720 -
432 676 724 751 ἀκαθάρτῳ.
749 675 960 746 Ταχέως
991 668 1228 728 ἀπήλασε
1257 670 1314 720 τὸ
1359 663 1650 738 δαιμόνιον,

126 775 190 824 ἱνα
212 776 270 843 μὴ
295 769 384 821 ὑπό
407 766 639 820 πλέιόνων
662 782 820 837 κροτη
830 765 915 835 θῇ.

177 863 326 931 Λέγων
383 887 448 897 -
498 854 676 909 αὐτοῦ.
729 853 860 924 Ἐγώ
942 870 1026 903 σοι
1083 849 1373 916 ἐπιτάσσω,
1445 845 1499 896 ὃν
1573 840 1653 894 οἶ-

127 948 216 1010 δας.

182 1043 262 1093 Καὶ
285 1066 345 1077 -
368 1034 531 1088 αὐτόν.
586 1040 750 1088 Τοῦτο
802 1028 930 1100 εἶπε,
963 1025 1238 1104 προειδὼς,
1273 1028 1353 1079 ὅτι
1385 1027 1472 1076 καὶ
1504 1019 1654 1079 uiui;

128 1127 280 1199 ἔμελλεν
308 1124 442 1189 ἀξίως
462 1119 795 1182 ἐπιπηδῆσαι
835 1120 998 1191 αὐτῷ,
1032 1115 1128 1171 διὰ
1163 1121 1257 1175 τήν
1285 1115 1533 1167 ἀπιστίαν
1565 1106 1654 1162 αὖ·

129 1224 214 1271 τοῦ.
262 1215 427 1269 κωλύει
467 1209 553 1267 οὖν
586 1212 733 1281 αὐτὸ,
764 1212 846 1262 ἶνα
874 1215 944 1282 μὴ
988 1206 1115 1282 δόξῃ
1151 1208 1230 1260 ὅτι
1287 1204 1380 1257 οὐκ
1411 1200 1652 1259 ἀπηλάθη

130 1311 339 1380 πρότερον.

181 1506 258 1554 Καὶ
282 1500 453 1574 κράξαν
469 1529 535 1538 -
559 1494 1024 1570 ἀνέστηῖΕκραξε,
1057 1498 1331 1566 σημαῖνον,
1365 1491 1444 1543 ὅτι
1469 1487 1658 1562 βιαίως

122 1589 396 1642 ἀπελαύνεται
405 1632 416 1643 .

3310 316 3417 373 822

1831 643 1997 698 Vers.
2017 645 2104 696 25.
2140 639 2287 693 Cum
2317 635 2551 692 vidisset
2576 663 2646 672 —
2670 626 2990 686 immundo.
3016 623 3223 681 Statim
3239 637 3422 695 expu-

1759 732 1827 789 lit
1849 731 2188 788 daemonem
2215 741 2289 781 ne
2319 723 2541 779 diutius
2571 720 2667 775 ille
2692 718 3025 774 vexaretur.

1833 822 1999 877 Vers.
2058 822 2147 873 25.
2201 815 2410 870 Dicens
2454 841 2512 853 —
2556 824 2640 866 eo.
2683 809 2805 877 Ego
2843 819 3028 878 quem
3078 801 3252 864 nosti,
3317 797 3423 856 tibi

1764 909 2063 981 praecipio.

1840 975 1994 1054 Vers.
2025 1001 2115 1053 25.
2141 992 2379 1050 Et—in
2408 1003 2560 1048 eum.
2594 983 2875 1042 Hocdixit
2892 979 3226 1054 prmvidens
3256 975 3425 1050 quod

1765 1089 2032 1145 futurum
2059 1088 2202 1150 erat,
2236 1084 2303 1138 ut
2325 1081 2549 1150 dignus
2585 1077 2741 1132 esset
2766 1077 3007 1145 propter
3033 1083 3205 1123 suam
3233 1066 3426 1120 incre-

1764 1177 2096 1240 dulitatem,
2114 1178 2176 1229 ut
2199 1185 2440 1228 rursum
2463 1166 2541 1224 ad
2567 1180 2705 1222 eum
2728 1161 3135 1218 reverteretur.
3151 1152 3428 1210 Prohibet

1765 1283 1907 1337 ergo
1950 1281 2110 1332 eum,
2143 1278 2217 1318 ne
2248 1259 2527 1331 cuiquam
2574 1253 2868 1319 videatur,
2898 1246 3066 1322 quod
3094 1244 3263 1318 prius
3302 1255 3426 1300 non

1763 1357 1933 1413 fuerit
1969 1355 2214 1427 ejectus.

1837 1422 2017 1500 Vers:
2048 1447 2139 1499 26.
2195 1442 2273 1497 Et
2321 1453 2454 1496 cum
2495 1432 2807 1492 clamasset
2835 1459 2904 1469 —
2946 1425 3108 1482 Vers.
3159 1422 3249 1480 27.
3293 1434 3430 1476 sur-

1766 1536 1941 1592 rexit.
1978 1530 2284 1596 Clamavit,
2308 1523 2655 1600 signiﬁcans
2680 1517 2847 1593 quod
2867 1513 3154 1572 violenter
3177 1507 3430 1582 expelle-

1767 1627 1948 1680 retur.

1839 1715 1997 1769 Vers.
2038 1714 2126 1766 28.
2161 1709 2419 1778 Cumque
2457 1705 2752 1774 ingressus
2789 1702 2924 1754 esset
2949 1723 3019 1734 ——
3048 1688 3269 1748 illum?
3306 1685 3431 1740 Ὀτι

174 1791 256 1840 Καὶ
305 1785 587 1838 εἰσελθόντα
667 1814 736 1824 --
790 1782 918 1835 αὐτὸ
979 1799 992 1848 ;
1056 1784 1124 1836 Τὸ
1201 1780 1300 1847 ὅτι,
1365 1775 1479 1829 ἀντὶ
1543 1781 1656 1845 τοῦ,

1827 1818 1930 1859 Jnc
1961 1799 2258 1870 signiﬁcat
2286 1775 2472 1867 quare
2503 1811 2516 1848 :
2550 1791 2632 1847 ita
2656 1787 2817 1845 enim
2846 1783 2994 1841 dixit
3027 1780 3326 1838 Matthaaus
3356 1777 3427 1833 δ’.

1218 1889 1230 1902 ⁸
1265 1869 1294 1928 ἦ
1343 1871 1401 1920 τό
1455 1864 1661 1941 ἐπηρώ-

1302 1956 1491 2010 Πολλαὶ
1554 1957 1656 2029 γὰρ

113 1873 246 1932 διατί.
277 1876 415 1929 Οὕτω
457 1877 562 1948 γὰρ
627 1870 762 1926 εἶπεν
814 1874 839 1924 ό
896 1873 1159 1931 Ματθαῖος

111 1985 187 2016 των
234 1965 391 2029 αὐτὸν,
468 1963 586 2016 ἀντὶ
659 1969 774 2026 τοῦ,
841 1962 1005 2032 ἔλεγον
1062 1959 1222 2030 αὐτῷ.

110 2061 306 2106 τοιαῦται
353 2056 714 2128 καταχρήσεις
755 2053 898 2126 παρὰ
947 2057 1018 2120 τῷ
1068 2051 1286 2122 Μάρκῳ.
1342 2050 1558 2122 Εἴρηται
1599 2041 1658 2097 δὲ

109 2149 299 2219 καὶπερὶ
341 2146 528 2204 ταύτης
561 2149 658 2203 τῆς
683 2139 980 2215 ἐρωτήσεως
1012 2138 1060 2192 ἐν
1092 2147 1162 2209 τῷ
1195 2133 1479 2197 δηλωθέντι
1508 2154 1658 2208 κεφα-

106 2231 222 2305 λαίῳ.

159 2521 242 2570 Καὶ
273 2517 398 2570 εἶπεν
436 2547 505 2559 -
533 2519 773 2588 νηστείᾳ.
815 2514 898 2568 Ἐν
926 2510 1099 2566 οὐδενὶ
1132 2512 1282 2587 ἑτέρῳ
1309 2515 1501 2586 τρόπῳ.
1528 2511 1661 2564 Ἐκεῖ

103 2601 149 2658 δὲ
173 2613 247 2659 καί
274 2613 384 2683 περὶ
408 2611 598 2660 τούτου
638 2602 958 2663 διείληπται.

158 2703 240 2749 Καὶ
259 2695 434 2750 ἐκεῖθεν
465 2695 746 2761 ἐξελθόντες
769 2725 838 2734 -
861 2701 986 2766 γνῷ.
1013 2695 1161 2745 Διατί
1190 2691 1284 2744 οὐκ
1314 2689 1478 2758 ἤθελε,
1509 2687 1663 2749 δηλοῖ

100 2787 142 2833 τὸ
177 2784 482 2859 ἐπαγόμενον,
543 2787 630 2838 ἵνα
661 2781 852 2857 μηδεὶς
881 2784 1049 2858 ἔτερος
1086 2783 1252 2855 μάθῃ,
1311 2785 1429 2853 περὶ
1453 2781 1520 2831 ὧν
1549 2784 1662 2833 τότε

101 2866 336 2944 διελέγετο.

155 2958 413 3017 Ἐδίδασκε
450 2995 514 3004 —-
550 2963 928 3020 ἀναστήσεται.
964 2964 1178 3036 Εἴρηται
1207 2964 1441 3032 καὶπερὶ
1479 2961 1661 3010 τούτου

98 3047 162 3147 ini
193 3051 350 3115 τέλους
391 3060 481 3106 τοῦ
539 3053 790 3128 ῥηθέντος
845 3057 1162 3127 τριακοστοῦ
1208 3053 1445 3121 πέμπτου
1501 3066 1662 3120 κεφα-

100 3143 235 3192 λαίου.

152 3230 206 3281 Oi
247 3226 304 3284 δὲ
357 3263 426 3272 -
483 3229 818 3306 ἐπερωτῆσαι
871 3269 884 3283 .
953 3229 1176 3303 Ὁμοίως
1233 3232 1322 3281 καὶ
1378 3231 1495 3302 περὶ
1547 3227 1664 3279 τού-

96 3334 184 3372 TOU.

151 3430 275 3482 ΚΕΦ.
319 3428 436 3483 KZ’.
476 3431 606 3502 Περὶ
643 3436 742 3480 τῶν
770 3423 1228 3499 διαλογιζομένων,
1256 3429 1332 3485 τίς
1376 3425 1586 3497 μείζων.

149 3519 234 3567 Καὶ
280 3514 424 3575 ἦλθεν
501 3548 575 3558 —
645 3517 855 3589 μείζων.
928 3516 1195 3569 Ἐσιὼπων
1272 3514 1658 3586 αἰσχυνθέντες,

93 3603 143 3663 ’ὗς
169 3602 260 3663 ἤδη
306 3608 781 3679 καταγνωσθέντες.
832 3605 1242 3678 Παρεσημειώθη
1286 3600 1344 3656 δὲ
1389 3607 1504 3676 περὶ
1539 3605 1658 3655 τού-

93 3708 162 3741 του
183 3691 225 3743 ἐν
250 3703 317 3766 τῷ
348 3703 658 3772 τριακοστῷ
690 3691 893 3767 ἑϐδόμῳ
933 3693 1192 3766 κεφαλαίῳ
1239 3699 1330 3745 τοῦ
1385 3695 1520 3745 κατὰ
1549 3699 1660 3745 Μα-

94 3780 254 3836 τθσῖον.

147 3875 231 3922 Καὶ
273 3875 500 3936 καθίσας
563 3904 636 3914 -
679 3869 878 3933 δοῦλος.
923 3875 1111 3947 Εἵρηκε
1158 3879 1310 3924 τοῦτο
1352 3855 1442 3924 καὶ
1494 3871 1542 3924 ἓν
1589 3881 1672 3945 τῷ.

89 3971 458 4034 τεσσαρακοστῷ
513 3967 678 4036 τρίτῳ
725 3961 982 4034 κεφαλαίῳ
1034 3968 1125 4013 τοῦ
1175 3964 1309 4013 κατὰ
1370 3964 1657 4028 Ματθαῐον,

87 4053 158 4140 καὶ
229 4051 450 4111 ζήτησον
521 4055 649 4126 περὶ
703 4055 760 4103 τὸ
836 4053 992 4123 μέσον
1044 4057 1134 4103 τοῦ
1217 4052 1456 4103 τοιούτου
1512 4070 1662 4124 κεφα-

91 4140 228 4190 λαξον.

145 4232 230 4280 Καὶ
254 4228 416 4282 λαϐὼν
453 4261 514 4270 -
559 4231 652 4281 τὸν
682 4227 1060 4282 ἀποστείλαντά
1090 4247 1172 4301 με.
1204 4231 1310 4303 Πρὸ
1348 4231 1533 4281 τούτου
1571 4234 1662 4283 καὶ

89 4332 208 4388 mea
233 4316 378 4383 εἶπεν,
411 4320 546 4393 ἅπερ
583 4320 610 4370 ό
664 4320 928 4379 Ματθαίος
958 4317 1237 4391 ἀνέγραψε,
1275 4323 1394 4393 περὶ
1433 4319 1499 4370 ὧν
1534 4320 1662 4392 ὁμοῦ

86 4406 253 4458 παντων
287 4408 335 4460 ἐν
366 4418 438 4480 τῷ
465 4417 772 4484 τριακοστῷ
802 4404 1008 4480 ἑϐδόμῳ
1032 4407 1290 4480 κεφαλαίῳ
1316 4415 1406 4461 τοῦ
1428 4409 1541 4460 κατ’
1566 4409 1662 4460 αὐ-

87 4497 155 4541 τὸν
181 4496 480 4568 Εὗαγγιλίου
513 4496 966 4568 λελεπτολόγηται.

144 4582 398 4660 Ἀπεκρίθη
458 4617 526 4627 —
589 4588 736 4658 ἡμῖν.
770 4588 1068 4658 Προσέθηκε
1093 4591 1182 4638 καὶ
1229 4591 1323 4644 τήν
1375 4586 1544 4639 αἰτίαν
1573 4595 1662 4649 τῆς

87 4675 334 4738 κωλύσεως,
371 4677 452 4728 ὅτι
483 4675 585 4728 οὐκ
617 4674 887 4726 ἀκολουθεῖ
920 4676 1063 4746 ἡμῖν.
1096 4678 1240 4735 Τινὲς
1267 4677 1365 4748 γὰρ
1402 4684 1500 4727 τῶν
1528 4696 1659 4729 πισ-

88 4775 357 4830 τενσαντων,
391 4767 548 4837 ἔρωτι
578 4760 1044 4835 δόξης,ἐμιμοῦντο
1070 4766 1188 4824 τοὺς
1213 4761 1552 4830 ἀποστόλους,
1571 4771 1661 4819 καὶ

170 4849 420 4910 ἐπικλήσει
441 4861 541 4904 τοῦ
585 4852 837 4924 ὀνόματος
874 4859 966 4903 τοῦ
992 4859 1226 4926 Χριστοῦ
1259 4849 1508 4924 δαίμονας
1530 4852 1662 4912 ἀπή-

89 4951 254 5004 Ααυνον,
306 4941 397 4993 οὐκ
428 4941 755 5000 ἠκολούθουν
787 4936 847 4993 δὲ
885 4939 1052 5008 αὐτοί,
1113 4937 1147 4993 ὃ
1153 4944 1206 4993 ιὰ
1235 4947 1327 4999 τὴν
1358 4941 1659 5016 ἐγκράτειαν

86 5035 157 5080 καὶ
183 5032 582 5108 σκληραγωγίαν
612 5033 803 5086 αὐτῶν.

123 5206 292 5307 ’Ὀιδὶ
349 5213 562 5274 Ἰησοῦς
616 5243 686 5250 —
750 5208 1108 5282 κακολογῆσαί
1165 5229 1248 5284 με.
1311 5209 1657 5285 Δοξαζόμενος

84 5313 167 5366 ’γαρ
197 5295 281 5350 διὰ
307 5308 397 5352 τοῦ
438 5301 698 5374 ὀνόματος
758 5318 880 5372 μου,
940 5297 1178 5374 βραδέως
1233 5301 1294 5352 ἄν
1339 5320 1401 5372 με
1448 5303 1658 5355 κακολο.

82 5403 223 5488 ἶησῃ,
250 5394 536 5462 τουτέστιν,
599 5392 692 5452 ἕως
738 5388 798 5440 ἂν
829 5387 920 5463 ἐρᾷ
975 5386 1130 5453 δόξης
1175 5394 1412 5463 καὶποιῇ
1467 5399 1660 5464 σημεῖα

87 5477 161 5523 διὰ
186 5486 267 5528 τοῦ
322 5479 583 5551 ὀνόματός
619 5499 741 5551 μου,
777 5479 870 5531 οὐκ
909 5478 968 5530 ἂν
1001 5477 1364 5552 βλασφημήσῃ
1407 5500 1488 5552 με,
1531 5489 1658 5534 Συν..

87 5578 244 5638 ίχωρει
282 5563 340 5620 δι
375 5574 468 5621 καὶ
520 5570 729 5631 τούτοις
798 5571 1232 5644 θαυματουργείν,
1287 5570 1398 5641 οἶμα
1426 5573 1536 5643 μὲν,
1588 5571 1660 5633 εὶς

143 5715 180 5748 “
202 5717 392 5775 Matth.
425 5733 573 5776 xvu.
608 5718 691 5775 19.

1768 1899 1878 1948 Aut
1937 1894 2212 1964 ἐπηρώτων
2280 1886 2456 1950 αὑτὸν,
2512 1878 2642 1952 capi
2709 1878 2920 1949 potest,
2981 1886 3053 1929 ac
3120 1868 3173 1924 si
3239 1867 3427 1932 dicas,

1766 1953 2046 2038 dicebant
2068 1979 2140 2034 ei.
2173 1975 2361 2033 Multa:
2378 1969 2676 2044 siquidem
2705 1960 3058 2035 hujusmodi
3078 1953 3433 2030 improprie-

1765 2076 1918 2129 tates
1972 2069 2134 2142 apud
2178 2042 2866 2132 Marcumireperiuntur.
2897 2054 2965 2107 Et
3011 2049 3092 2102 ὃτι
3139 2042 3436 2116 signiﬁcat

1766 2160 1952 2235 quod,
1981 2134 2072 2214 vel
2087 2154 2378 2218 abundat,
2396 2148 2558 2224 quod
2584 2147 2867 2218 frequens
2882 2143 2974 2197 est
2985 2136 3147 2210 apud
3167 2134 3432 2235 Grmcos.

1769 2223 2005 2307 ﬁictum
2044 2250 2132 2304 est
2162 2248 2364 2302 autem
2393 2223 2468 2297 de
2506 2238 2616 2294 hac
2645 2229 3106 2302 interrogatione
3142 2223 3458 2298 praedicto.

1769 2347 2005 2487 οᾶδξῗέ.
2037 2431 2125 2484 29.
2157 2425 2232 2481 Et
2246 2422 2401 2479 dixit
2428 2449 2494 2461 —-
2511 2410 2956 2489 jejunium.Per
2984 2403 3218 2464 nullum
3243 2401 3431 2461 alium

1771 2519 2041 2576 modum.
2071 2514 2156 2571 lbi
2184 2517 2386 2570 autem
2417 2512 2474 2565 et
2503 2507 2572 2562 de
2598 2504 2713 2560 hoc
2743 2499 3116 2573 disputatum
3140 2495 3247 2550 est.

1840 2629 2006 2683 Vers.
2049 2627 2137 2682 30.
2176 2622 2406 2678 Etcum
2442 2615 2578 2673 inde
2602 2611 2861 2670 exissent
2888 2637 2957 2647 —
2999 2603 3193 2661 sciret.
3236 2601 3430 2667 Quare

1769 2715 2010 2774 noluit?
2057 2711 2226 2775 Quod
2272 2707 2540 2781 sequitur
2587 2697 2930 2758 manifestat
2971 2711 2985 2747 :
3034 2707 3125 2781 ne,
3158 2688 3431 2746 videlicet

1770 2807 2089 2879 quisquam
2117 2779 2468 2868 intelligeret
2491 2809 2562 2850 ea
2581 2791 2656 2847 de
2681 2779 3354 2879 quibus-loquebantur.

1841 2865 2005 2950 Veis.
2057 2896 2143 2948 3t.
2177 2865 2416 2945 Dicebat
2443 2915 2513 2924 —-
2539 2880 2828 2950 resurget.
2861 2873 3094 2929 Dictum
3120 2871 3210 2925 est
3245 2865 3427 2924 etiam

1772 2985 1842 3041 de
1872 2983 1984 3039 hoc
2013 2981 2074 3037 in
2088 2979 2207 3035 ﬁne
2219 2976 2356 3033 dicti
2389 2969 2668 3029 tricesimi
2691 2965 2884 3040 quinti
2896 2961 3104 3035 capitis
3124 2954 3426 3028 Evangelii

1772 3071 2103 3129 secundum
2131 3066 2484 3126 Matthaeum.

1700 3151 1743 3212 Ο
1772 3115 2480 3219 πῖτᾌῖξῖέἓῗιῖἷῖᾖῖῗ-
2504 3150 2898 3217 interrogare.
2941 3115 3218 3198 Similiter
3256 3141 3313 3195 et
3353 3135 3429 3194 de

1769 3253 1906 3310 hoc.

1771 3395 1922 3453 CAP.
1955 3391 2169 3451 XXVII.
2198 3419 2266 3429 —
2295 3387 2374 3443 De
2403 3377 2862 3453 disputantibus,
2880 3372 3007 3447 quis
3037 3373 3179 3429 esset
3206 3368 3426 3440 major.

1842 3484 2006 3541 Vers.
2054 3485 2139 3538 33.
2179 3479 2254 3534 Et
2282 3479 2437 3533 venit
2463 3505 2530 3514 —
2555 3472 2718 3528 Vers.
2747 3468 2834 3523 34.
2875 3465 3090 3533 major.
3128 3456 3432 3516 Tacebant

1769 3591 1893 3649 prae
1915 3572 2146 3646 pudore
2163 3567 2335 3642 quasi
2345 3566 2471 3637 jam
2483 3553 2890 3619 condemnati.
2907 3549 3319 3624 Signiﬁcatum
3342 3549 3432 3605 est

1769 3637 1972 3724 autem
1988 3662 2062 3717 de
2077 3637 2200 3716 hoc
2215 3654 2512 3714 tricesimo
2545 3647 2799 3722 septimo
2822 3642 3016 3717 capite
3027 3637 3328 3711 Evangelii
3342 3652 3429 3695 se-

1769 3754 2036 3813 cundum
2064 3748 2416 3808 Matthzeum.

1839 3865 2005 3921 Vers.
2067 3865 2154 3918 35.
2227 3859 2489 3926 Cumque
2550 3848 2791 3907 sedisset
2853 3874 2920 3884 —
2980 3854 3206 3899 servus.
3273 3836 3430 3894 Dixit

1770 3968 2004 4027 quoque
2058 3949 2174 4005 hoc
2238 3939 2702 4019 quadragesimo
2761 3933 2931 3992 tertio
2996 3928 3188 4003 capite
3239 3929 3430 3984 Evan-

1770 4017 1926 4116 gelii-
1947 4041 2117 4112 juxta
2155 4017 2512 4094 Matthaeum.
2546 4030 2744 4095 Quaere
2779 4039 2918 4094 ergo
2945 4021 3027 4078 ibi
3057 4020 3128 4076 de
3164 4017 3282 4074 hoc
3333 4031 3425 4074 ca-

1768 4137 2002 4276 pitem.
2045 4219 2132 4273 36.
2169 4213 2244 4269 Et
2274 4214 2507 4279 sumpto
2537 4237 2605 4246 —
2634 4205 2799 4260 Vers.
2833 4205 2920 4258 37.
2955 4213 3085 4256 eum
3131 4194 3236 4267 qui
3272 4192 3431 4249 misit

1769 4325 1879 4368 me.
1898 4309 2045 4364 Ante
2060 4304 2176 4360 hoc
2206 4301 2324 4358 alia
2351 4311 2588 4371 quoque
2615 4293 2780 4357 dixit,
2814 4303 2950 4361 quae
2964 4284 3277 4341 Matthaeus
3292 4296 3430 4336 con-

1771 4396 2032 4470 scripsit:
2051 4370 2551 4465 dequibussimul
2565 4381 2846 4439 omnibus
2863 4375 3159 4434 tricesimo
3173 4370 3428 4443 septimo

1691 4508 1739 4566 D
1771 4469 1962 4562 capite
1995 4479 2292 4552 Evangelii
2323 4477 2481 4533 illius
2514 4469 2924 4530 disseruimus.

1840 4593 2029 4650 Vers.
2051 4591 2138 4646 38.
2182 4579 2508 4654 Respondit
2538 4608 2606 4621 -—
2637 4591 2763 4632 nos.
2797 4567 3040 4628 Addidit
3079 4570 3138 4626 et
3177 4578 3429 4623 causam

1769 4677 2205 4758 prohibitionis.
2239 4677 2316 4732 Eo
2345 4670 2511 4746 quod
2540 4682 2663 4725 non
2694 4665 2974 4736 sequatur
3003 4674 3140 4716 nos.
3174 4654 3429 4724 Quidam

1769 4743 1925 4830 enim
1964 4782 2166 4826 eorum
2196 4765 2302 4838 qui
2334 4743 2727 4820 crediderant,
2769 4750 2973 4824 gloriae
3003 4762 3209 4805 amore
3247 4743 3424 4818 capti,

1768 4859 2158 4920 imitabantur
2183 4833 2508 4926 apostolos,
2541 4851 2598 4903 et
2622 4861 2729 4918 per
2757 4838 3200 4898 invocationem
3229 4833 3428 4891 nomi-

1768 4951 1859 5008 nis
1873 4945 2082 5006 Christi
2110 4924 2489 5016 expellebant
2518 4936 2842 5010 daemones.
2875 4929 3004 4985 Non
3018 4924 3427 5000 sequebantur

1768 5046 1990 5105 tamen,
2030 5011 2272 5108 propter
2313 5025 2742 5087 continentiam
2768 5024 2826 5079 et
2867 5032 3150 5092 asperum
3188 5011 3426 5072 vivendi

1766 5130 2017 5188 modum
2044 5129 2326 5198 ipsorum.

2043 5181 2128 5271 3‘9.
2162 5213 2325 5268 Iesus
2352 5213 2547 5264 autem
2583 5235 2650 5244 —-
2688 5200 2847 5258 male
2877 5197 3039 5271 loqui
3061 5196 3134 5253 de
3161 5209 3270 5251 me.
3314 5181 3429 5260 Qui

1767 5308 1928 5365 enim
1962 5320 2064 5377 per
2086 5315 2303 5358 nomen
2323 5312 2526 5353 meum
2558 5291 2941 5364 gloriﬁcatur,
2968 5301 3090 5343 non
3112 5285 3226 5340 cito
3251 5281 3429 5339 male-

1767 5372 2112 5452 dicetmihi:
2147 5390 2262 5445 hoc
2292 5391 2400 5453 est,
2428 5385 2571 5442 dum
2597 5379 2850 5452 gloriam
2882 5372 3426 5444 amat,etvirtutem

1769 5485 2002 5557 editper
2025 5494 2246 5537 nomen
2269 5491 2480 5540 meum,
2510 5485 2898 5546 nequaquam
2927 5481 3023 5523 me
3036 5459 3428 5521 calumniabi-

1772 5583 1883 5632 tur.
1901 5551 2201 5630 -Permittit
2230 5569 2432 5625 autem
2461 5568 2518 5624 et
2534 5563 2630 5622 his
2656 5565 2720 5620 ut
2742 5555 3044 5622 mirabilia
3065 5551 3426 5627 cperentur:
