3922 6200
475 344 578 400 827

544 468 706 524 Vers.
746 470 836 523 2t.
865 464 939 521 Et
976 463 1058 519 ait
1084 494 1147 503 —
1184 478 1405 534 sequere
1440 478 1545 520 me.
1595 460 1875 518 Similiter
1902 464 1959 517 et
1987 456 2116 514 ista.

541 663 703 717 Vers.
744 662 833 715 21.
874 660 1103 715 Sublata
1139 676 1297 715 cruce
1340 660 1457 714 Hoc
1496 661 1602 722 est,
1645 656 1883 713 interitu
1910 670 2125 712 carna-

470 752 543 808 lis
597 751 946 815 voluntatis,
1001 749 1373 820 depositione
1434 746 1743 802 afﬁcientis
1788 762 1897 801 nos
1952 746 2123 801 volu-

470 844 650 915 ptatis
684 860 696 897 :
732 858 916 897 sensu
955 840 1118 895 fortis
1149 838 1395 902 doloris,
1431 835 1605 902 fastu,
1647 837 1751 910 qui
1780 841 2058 893 causatur
2087 853 2124 893 a

470 932 720 988 terrenis
768 932 843 1001 (z)
860 972 873 987 .

542 1022 818 1077 Vers.?2.
858 1020 959 1073 Ait
991 1018 1082 1072 ille
1112 1048 1180 1057 —
1212 1016 1406 1071 multas
1432 1017 1802 1087 possessiones.
1834 1016 2022 1071 Etiam
2051 1016 2121 1071 de

469 1109 566 1167 his
596 1108 819 1164 ibidem
852 1122 1080 1180 quaere.

542 1200 701 1253 Vers.
756 1202 848 1253 23.
910 1197 1145 1267 Cumque
1193 1197 1654 1267 circumspexisset
1691 1226 1762 1238 —
1800 1194 2112 1251 intrabunt.

472 1290 589 1343 Hoc
610 1286 751 1343 dicit
779 1292 834 1343 et
864 1287 1077 1343 Lucas.

540 1380 637 1431 Est
665 1380 863 1432 autem
896 1384 1020 1441 πῶς,
1054 1376 1242 1448 (quod
1274 1377 1337 1431 in
1366 1391 1544 1446 quam
1575 1374 1883 1445 vertimus)
1912 1374 2125 1430 conﬁr-

467 1466 754 1522 mativum
798 1482 809 1521 :
840 1466 952 1521 hoc
983 1470 1089 1531 est,
1121 1481 1277 1521 vere.
1313 1464 1604 1521 Habentes
1632 1480 1791 1528 vero,
1826 1464 1947 1520 sive
1989 1464 2120 1519 reti-

465 1561 691 1611 nentes.
728 1558 872 1610 Nam
904 1554 1009 1625 qui
1054 1556 1405 1621 recondunt,
1440 1570 1826 1626 nequaquam
1855 1558 2118 1608 utuntur.

466 1650 723 1720 Χρήματα
749 1650 949 1700 autem
972 1648 1104 1715 (pro
1134 1659 1255 1714 quo
1285 1644 1577 1699 habemus
1596 1644 1901 1714 pecunias)
1924 1643 2125 1698 dicun-

472 1740 563 1790 tur
603 1734 703 1787 ἀπὸ
752 1742 842 1786 τοῦ
878 1736 1140 1808 χρῆσθαι,
1194 1733 1306 1788 hoc
1355 1739 1460 1798 est,
1501 1734 1571 1787 ab
1610 1732 1989 1800 expendenda
2034 1732 2123 1788 vel

1820 329 2162 388 EUTHYMII
2200 329 2525 389 ZIGABENI

3698 334 3774 390 828

2149 456 2239 511 Ar
2305 464 2403 512 Kal
2479 455 2613 512 εἶπεν
2698 491 2767 500 -
2856 457 3125 512 ἀκολούθει
3212 475 3322 529 μοι.
3405 455 3649 519 Ὡσαύτως
3710 467 3775 513 καὶ

2230 556 2416 601 ταῦτα.

2300 662 2462 729 Ἄρας
2524 660 2609 708 τὸν
2665 659 2907 729 σταυρόν.
2961 659 3068 713 Τὴν
3127 652 3387 726 ἀναίρεσιν
3443 659 3533 705 τοῦ
3576 663 3776 727 capitum)

2236 744 2535 817 θελήματος,
2595 751 2684 798 καὶ
2740 750 2830 803 τὴν
2872 743 3129 801 ἀποϐολὴν
3173 752 3268 804 τῆς
3310 741 3570 814 ἐμπαθοὺς
3608 739 3774 805 filio-122;,

2232 840 2321 887 καὶ
2343 840 2434 893 τὴν
2458 838 2708 893 αἴσθησιν
2729 842 2824 895 τῆς
2855 834 3091 907 ἐναρέτου
3123 830 3330 899 ὀδύνης,
3361 836 3453 883 καὶ
3483 836 3573 889 τὴν
3601 831 3685 883 ἀπὸ
3705 841 3775 883 τῶν

2230 928 2421 996 γηίνων
2448 925 2673 995 ὖψωσιν.

2300 1014 2358 1066 Ὀ
2389 1011 2447 1067 δὲ
2482 1046 2549 1056 -
2578 1019 2822 1087 κτήματα
2848 1011 3028 1067 πολλοὶ.
3076 1016 3177 1067 Καὶ
3208 1016 3324 1086 περὶ
3363 1012 3557 1063 τούτων
3582 1010 3625 1064 ἓν
3648 1013 3776 1083 ἐκείνῳ

2234 1106 2489 1167 ζήτησον.

2306 1199 2405 1248 Καὶ
2457 1192 2893 1269 περιϐλιψάμενος
2940 1224 3007 1234 -—
3058 1190 3456 1246 εἰσελεύσονται.
3506 1196 3653 1245 Τοῦτὸ
3684 1209 3780 1262 φησι

2231 1290 2321 1337 καὶ
2352 1290 2581 1346 Λουκᾶς.

2304 1373 2463 1428 Ἔστι
2520 1369 2579 1425 δὲ
2624 1374 2682 1424 τὸ
2740 1378 2844 1432 πῶς
2889 1369 3249 1444 βεϐαιωτικὸν,
3295 1368 3410 1422 ἀντὶ
3452 1376 3563 1438 τοῦ,
3605 1368 3780 1429 ἀληθῶς.

2233 1466 2297 1515 Οἱ
2327 1465 2539 1535 ἔχοντες
2581 1458 2659 1527 δὲ,
2710 1464 2893 1532 ἤγουν,
2934 1462 2981 1512 οἱ
3023 1464 3345 1532 κατέχοντες,
3393 1461 3444 1511 οἱ
3493 1460 3780 1530 ταμιεύοντις,

2232 1553 2290 1605 οὗ
2320 1556 2424 1625 μὴν
2450 1554 2497 1604 οἱ
2526 1558 2809 1625 χρώμενοι.
2842 1554 3104 1622 Χρήματα
3131 1552 3228 1623 γὰρ
3263 1547 3593 1620 ὃνομάξονται
3618 1544 3695 1600 διὰ
3716 1550 3783 1603 τήν

2232 1650 2453 1714 χρῆσιν,
2489 1646 2577 1692 καὶ
2606 1645 2715 1713 χρὴ
2748 1641 2952 1700 πάντως
2995 1639 3238 1711 χρῆσθαι
3267 1640 3477 1698 τούτοις
3509 1636 3575 1699 εἰς
3602 1632 3715 1700 δέον,
3741 1640 3781 1686 οὐ

2234 1736 2334 1803 μὴν
2368 1729 2671 1782 ἀποκλείειν.

470 1825 871 1889 consumendo,
906 1829 1145 1896 propter
1166 1832 1387 1895 χρῆσιν,
1416 1822 1476 1877 id
1504 1827 1607 1887 est,
1641 1838 1834 1886 usum,
1857 1821 2017 1894 quod
2048 1822 2140 1878 his
2178 1822 2429 1878 omnino
2472 1820 2550 1874 uti
2581 1822 2853 1891 oporteat
2881 1817 2957 1873 ad
2985 1832 3055 1873 ea
3092 1832 3227 1889 qua:
3266 1831 3419 1888 opus
3442 1820 3593 1879 sunt,
3616 1819 3666 1870 et
3698 1829 3783 1868 non

467 1914 792 1970 recludere.

538 2004 699 2059 Vers.
724 2004 811 2058 24.
830 2003 1126 2072 Discipuli
1136 2017 1271 2058 vero
1304 2031 1367 2041 —
1397 2002 1735 2071 ipsius.Cur
1752 2001 2125 2057 admiraren-

469 2096 584 2156 tur,
616 2091 798 2163 paulo
830 2097 966 2163 post
991 2092 1249 2147 dicturus
1279 2094 1388 2147 est.

540 2182 702 2237 Vers.
750 2180 837 2236 24.
869 2183 1033 2238 Jesus
1073 2187 1269 2237 autem
1311 2211 1376 2220 —
1417 2180 1858 2250 ingrediantur.
1905 2180 2127 2237 Eodem

470 2270 653 2325 modo
684 2269 775 2325 hic
804 2269 1147 2339 intelligitur
1171 2269 1349 2325 dictio
1380 2276 1504 2336 πῶς,
1536 2284 1742 2341 quam.

540 2358 701 2414 Vers.
733 2360 821 2414 25.
852 2359 1123 2414 Facilius
1150 2365 1230 2415 est
1260 2390 1329 2397 —
1354 2358 1621 2415 introire.
1658 2360 1735 2412 De
1764 2357 1858 2414 his
1884 2374 2127 2431 quoque

469 2451 651 2518 caput
681 2447 825 2502 illud
854 2448 1110 2502 disserit.

538 2536 703 2592 Vers.
730 2536 817 2591 26.
852 2537 957 2593 Illi
982 2552 1118 2592 vero
1149 2567 1219 2577 —
1244 2536 1441 2592 salvus
1468 2536 1602 2604 ﬁeri
1622 2537 1650 2590 ?
1678 2539 1840 2602 Ecce,
1874 2552 2125 2593 causam

470 2626 649 2683 etiam
682 2626 914 2683 addidit
942 2624 1353 2681 admirationis
1387 2641 1452 2680 ac
1483 2626 1764 2697 stuporis.

544 2719 698 2772 Vers.
734 2720 822 2771 27.
857 2715 1109 2770 Intuitus
1147 2744 1214 2753 —
1252 2713 1406 2784 apud
1444 2715 1649 2770 Deum.
1693 2715 1923 2771 Dictum
1956 2721 2043 2771 est
2068 2721 2126 2772 et

472 2807 546 2863 de
576 2807 665 2861 his
695 2805 804 2861 ibi.

544 2898 702 2951 Vers.
740 2897 826 2949 28.
878 2893 1057 2964 Coepit
1083 2925 1151 2934 —
1179 2894 1360 2950 secuti
1385 2908 1583 2949 sumus
1614 2900 1688 2950 te.
1738 2894 2027 2952 Praeterea
2069 2903 2124 2953 et

473 2985 548 3041 de
572 2984 693 3041 his.

544 3074 715 3128 Vers.
769 3071 862 3128 29.
912 3072 1282 3142 Respondens
1337 3102 1401 3112 —
1444 3073 1605 3128 Vers.
1654 3076 1747 3129 30.
1802 3080 2112 3133 aeternam.

474 3163 698 3219 Horum
745 3161 1016 3218 similiter
1054 3161 1327 3217 omnium
1380 3161 1451 3218 ad
1501 3161 1792 3218 amussim
1840 3163 1984 3220 data
2034 3169 2123 3220 est

470 3251 876 3324 interpretatio
889 3294 902 3307 .

544 3345 684 3408 Quae
708 3345 903 3397 autem
918 3340 1145 3396 nuncin
1164 3340 1431 3397 secunda
1448 3341 1898 3398 enumeratione
1919 3342 2121 3398 relicta

471 3438 627 3498 sunt,
662 3448 733 3487 ea
762 3429 1063 3487 brevitatis
1096 3444 1300 3495 causa,
1346 3436 1401 3486 et
1433 3431 1606 3502 quasi
1628 3432 1757 3503 jam
1788 3437 1949 3498 nota,
1985 3436 2123 3488 sunt

471 3521 895 3593 praetermissa.

544 3613 701 3665 Vers.
752 3609 841 3663 31.
888 3606 1067 3664 Multi
1091 3614 1283 3665 autem
1320 3639 1385 3650 —
1406 3609 1603 3679 primi.
1635 3611 1701 3665 Et
1731 3609 1804 3665 de
1851 3609 1942 3665 his
1989 3610 2121 3683 pari

474 3697 684 3754 modo.

547 3786 1440 3844 Vers.3l.Ascendebantautem
1461 3788 1517 3843 in
1549 3788 1644 3845 via
1668 3789 1941 3845 --Jesus.
1974 3790 2124 3844 Prte-

472 3875 722 3931 cedebat
759 3891 883 3942 eos,
924 3876 1264 3939 ostendens,
1295 3876 1460 3948 quod
1485 3877 1815 3935 voluntarie
1846 3878 2122 3945 abiret,ut

472 3964 838 4023 occideretur
866 3971 1109 4038 propter
1135 3965 1452 4023 hominum
1486 3967 1761 4023 salutem.

540 4164 702 4219 Vers.
735 4162 821 4219 32.
847 4162 1153 4234 Erantque
1186 4162 1517 4233 stupefacti.
1562 4163 1808 4236 Propter
1862 4165 1965 4222 illa
1986 4181 2121 4238 quae

468 4251 723 4310 dicebat.
761 4252 861 4309 Vel
900 4252 1043 4325 quia
1089 4268 1197 4309 sua
1236 4258 1442 4325 sponte
1495 4254 1567 4309 ad
1617 4255 1962 4326 passionem
1994 4272 2124 4328 pro-

468 4352 863 4423 grediebatur.

538 4444 702 4499 Vers.
728 4442 814 4499 32.
828 4443 901 4498 Et
920 4447 1211 4514 sequentes
1239 4440 1541 4498 timebant.
1560 4442 1639 4497 De
1653 4442 1782 4514 ejus
1804 4443 2119 4509 occisione,

468 4530 537 4587 de
558 4548 678 4604 qua
705 4531 765 4587 in
801 4531 1274 4603 praecedentibus
1298 4530 1530 4586 dixerat
1560 4530 1694 4587 tllis.

538 4620 793 4675 Vers.32
817 4621 897 4676 Et
939 4622 1270 4682 assumptis.
1342 4652 1409 4661 —
1467 4621 1634 4676 Vers.
1697 4624 1784 4678 34.
1848 4630 2122 4695 resurget.

466 4708 694 4763 Dictum
723 4714 813 4763 est
851 4710 1033 4765 dehis
1063 4710 1413 4766 omnibusin
1441 4710 2013 4783 ﬁnequadragesimi
2040 4731 2126 4770 se-

467 4796 648 4853 cundi
680 4796 891 4868 capitis
924 4798 1224 4865 Evangelii
1257 4800 1591 4855 secundum
1618 4800 1978 4857 Matthaaum.

852 4902 1005 4957 CAP.
1035 4904 1200 4959 XXX.
1242 4905 1326 4961 De
1353 4904 1493 4973 ﬁliis
1521 4904 1764 4961 Zebdwi.

537 4991 699 5047 Vers.
728 4990 818 5047 35.
851 4992 928 5047 Et
960 4992 1249 5048 accedunt
1281 5025 1347 5033 —
1386 4993 1545 5049 Vers.
1580 4995 1672 5050 37.
1700 4994 1758 5049 in
1778 4996 1968 5065 gloria
1996 5005 2118 5055 tua.

2305 2002 2371 2053 Oi
2425 1996 2484 2052 δὲ
2529 2001 2761 2071 μαθηταὶ
2808 2028 2877 2038 -
2925 1996 3104 2051 αὐτοῦ.
3157 2000 3304 2049 Διατί
3349 1994 3652 2067 ἐθαμϐοῦντο
3690 1990 3788 2066 μετὰ

2160 2135 2203 2190 Β
2232 2094 2430 2190 μικρὸν.
2446 2092 2565 2163 ἐρεῖ.

2307 2180 2365 2232 'O
2398 2176 2456 2232 δὲ
2479 2178 2686 2240 Ἰησοῦς
2714 2209 2782 2218 —-—
2814 2176 2941 2230 εἰσι)
2955 2177 3076 2230 θεῖν.
3107 2174 3329 2247 Ὁμοίως
3358 2173 3619 2227 κάνταῦθα
3642 2180 3725 2225 νόει
3747 2174 3787 2223 τὸ

2237 2288 2368 2331 πως.

2312 2358 2675 2431 Εὐκοπώτερον
2734 2354 2847 2408 ἐστι
2895 2386 2961 2397 -
3012 2354 3274 2407 εἰσελθεῖν.
3339 2359 3443 2407 Kal
3483 2358 3595 2429 περὶ
3640 2370 3790 2404 τουτων

2238 2446 2396 2501 ἐκεῖνο
2426 2451 2483 2500 τὸ
2516 2445 2790 2518 κεφάλαιον
2815 2441 3175 2515 διαλαμϐάνει.

2308 2539 2372 2589 Οἱ
2412 2533 2471 2589 δὲ
2515 2568 2582 2576 —
2616 2537 2886 2599 σωθῆναι;
2918 2529 3060 2587 Ἰδοὺ
3099 2537 3188 2584 καὶ
3219 2536 3313 2590 τὴν
3348 2531 3523 2584 αἰτίαν
3553 2532 3793 2605 προσέθεκε

2235 2634 2326 2678 τοῦ
2354 2625 2581 2698 θάμϐους
2606 2629 2695 2677 καὶ
2726 2632 2817 2683 τῆς
2847 2622 3151 2686 ἐκπλήξεως.

2306 2714 2596 2785 Ἐμϐλίψας
2649 2744 2714 2755 -
2768 2715 2912 2787 παρὰ
2965 2720 3037 2783 τῷ
3091 2718 3227 2781 Θεῷ.
3298 2710 3526 2785 Εἴρηται
3579 2714 3659 2763 καὶ
3706 2711 3794 2779 περὶ

2233 2808 2427 2857 τούτων
2456 2802 2576 2857 imi.

2304 2892 2531 2965 Ἤρξατο
2584 2924 2649 2933 -
2698 2890 3123 2963 ἠκολουθήσαμέν
3196 2909 3300 2942 σοι.
3363 2894 3468 2943 Καὶ
3535 2893 3643 2963 περὶ
3706 2888 3792 2936 τονι

2231 2991 2328 3035 τῶν
2337 3024 2351 3039 ,

2302 3073 2629 3144 Ἀποκριθεὶς
2661 3101 2727 3109 -
2758 3069 2983 3121 αἰώνιον.
3018 3068 3145 3127 Ἐτι
3160 3072 3250 3121 καὶ
3270 3072 3389 3144 περὶ
3415 3069 3607 3121 τούτων
3632 3067 3793 3118 πάντων

2232 3159 2333 3213 ἐκεῖ
2364 3157 2399 3213 δ
2405 3180 2453 3219 ιη
2460 3180 2489 3234 ρ
2494 3165 2746 3232 μήνευται
2775 3158 3113 3234 λεπτομεροῦς.

2154 3276 2195 3334 C

2301 3340 2427 3391 Τινά
2441 3334 2499 3390 δὲ
2524 3337 2836 3412 παρελείφθη
2847 3356 2941 3389 σαν
2958 3342 3044 3388 νυν
3064 3335 3114 3388 ὶν
3131 3343 3193 3408 τῇ
3218 3332 3441 3408 δευτέρᾳ
3460 3333 3796 3409 ἀπαριθμέπι,

2234 3432 2512 3499 συντομίας
2534 3428 2714 3493 ἕνεκεν,
2748 3433 2837 3479 καὶ
2863 3428 2927 3486 ὡς
2954 3425 3267 3498 ἐγνωσμένα.

2305 3623 2489 3676 Πολλοὶ
2529 3620 2588 3675 δὲ
2612 3653 2680 3663 -
2702 3631 2915 3695 πρῶτοι.
2954 3627 3055 3675 Kal
3084 3627 3201 3693 περὶ
3225 3623 3424 3673 τούτων
3453 3623 3660 3693 ὁμοίως.

2300 3819 2470 3873 Ἦσαν
2525 3815 2583 3872 δὲ
2636 3818 2683 3870 ἓν
2722 3826 2785 3891 τῇ
2842 3814 2951 3888 ὁδῷ
3009 3815 3365 3877 ἀναϐαίνοντες
3425 3848 3496 3859 —
3544 3818 3570 3868 ὁ
3613 3816 3799 3871 Ἰησοῦς.

2230 3909 2327 3962 Ἦν
2384 3913 2823 3985 προποριυόμενος
2876 3908 3063 3977 αὐτῶν,
3122 3903 3346 3973 δεικνὺς,
3409 3908 3493 3960 ὅτι
3538 3906 3656 3959 ἑκὼν
3684 3905 3800 3954 ἄπει·

2234 4021 2315 4053 σιν
2359 3999 2440 4053 ἐπὶ
2470 4003 2527 4051 τὸ
2570 3998 2924 4071 ἀναιρεθῆναι,
2984 3993 3078 4049 διὰ
3134 4002 3228 4055 τὴν
3276 4002 3549 4073 σωτηρίαν
3600 4002 3689 4047 τῶν
3738 3988 3801 4042 ir:-

2234 4092 2466 4165 θρώπων.

2305 4184 2405 4233 Καὶ
2435 4177 2771 4250 ίθαμϐοῦντο.
2802 4175 2913 4249 Ἐφ’
2962 4177 3036 4237 οἷς
3076 4176 3261 4249 ἔλεγεν,
3305 4176 3334 4235 ἦ
3391 4173 3539 4229 διότι
3571 4168 3803 4244 ηὐτομόλει

2231 4272 2359 4344 πρὸς
2390 4272 2448 4321 τὸ
2479 4269 2660 4327 πάθος.

2156 4386 2200 4441 D
2307 4450 2407 4500 Kal
2453 4444 2850 4505 ἀκολουθοῦντες
2895 4442 3195 4515 ἐφοϐοῦντο,
3250 4448 3376 4515 Περὶ
3418 4452 3517 4504 τῆς
3546 4441 3808 4513 ἀναιρέσεως

2234 4535 2414 4599 αὐτοῦ,
2440 4539 2550 4608 περὶ
2584 4535 2647 4593 ἧς
2676 4530 2949 4607 προλαϐὼν
2984 4529 3119 4585 εἶπεν
3147 4532 3339 4592 αὐτοῖς.

2309 4629 2407 4677 Καὶ
2463 4620 2776 4697 παραλαϐὼν
2843 4651 2911 4660 —
2986 4619 3360 4679 ἀναστήσεται.
3436 4621 3655 4692 Εἴρηται
3720 4616 3807 4683 περὶ

2234 4718 2426 4767 τούτων
2448 4714 2650 4764 πάντων
2672 4709 2719 4761 ἐν
2746 4718 2817 4780 τῷ
2853 4709 2982 4761 τέλει
3010 4718 3102 4762 τοῦ
3132 4716 3570 4783 τισσαρακοστοῦ
3601 4705 3805 4776 δευτέρον

2234 4802 2510 4875 κεφαλαίου
2542 4808 2632 4852 τοῦ
2654 4802 2789 4850 κατὰ
2816 4801 3101 4853 Ματθαῖον.

2536 4913 2682 4964 ΚΕΦ.
2710 4905 2792 4963 Λ’.
2826 4912 2949 4981 Περὶ
2979 4915 3076 4959 τῶν
3106 4908 3228 4959 υἱῶν
3255 4904 3561 4960 Ζεϐεδαίου.

2307 5003 2405 5052 Kal
2459 4999 2905 5072 προσπορεύονται
2979 5027 3045 5037 —
3112 4998 3159 5048 ἐν
3230 5004 3289 5068 τῇ
3374 4993 3509 5070 δόξῃ
3567 5015 3675 5049 σου.
3712 4994 3806 5063 Περὶ

1689 5118 1912 5187 Variae
1937 5122 2260 5194 lectiones
2291 5134 2357 5191 et
2389 5132 2585 5191 notae.

534 5286 609 5358 (Ζ)
636 5288 758 5341 Νοη
787 5286 939 5357 cepit
963 5287 1249 5358 interpres
1281 5302 1525 5342 sensum
1553 5288 1767 5344 horum
1803 5291 2125 5348 vocabulo-

461 5373 613 5432 rum.
644 5359 885 5432 Crucem
914 5375 1083 5432 suam
1121 5357 1321 5412 tollere
1361 5359 1617 5429 explicat
1666 5359 2014 5432 Euthymius
2044 5364 2127 5420 ita

462 5429 672 5509 ut_duo
707 5430 887 5509 mala,
920 5429 1040 5484 duo
1068 5428 1219 5509 bona
1246 5428 1541 5509 memoret.
1585 5428 1829 5487 Crucem'
1853 5450 1994 5509 ergo
2025 5452 2125 5509 ap-

457 5501 635 5577 pellat
661 5501 873 5577 primo,
925 5499 1182 5577 carnalis
1224 5503 1704 5577 voluntatis,_seu
1753 5499 2121 5577 cupiditatis,

457 5570 1473 5649 exstirpationemuetdeposition‘em
1499 5570 2004 5649 voluptatisfiqute
2037 5570 2123 5634 ni;

460 5640 679 5699 mirum
707 5644 860 5701 male
890 5642 1069 5701 aﬂlcit
1098 5640 1154 5699 et
1188 5642 1267 5699 ad
1298 5640 1542 5698 affectus
1568 5640 1786 5702 incitat.
1820 5640 1953 5705 Haec
1984 5654 2123 5707 sunt

460 5715 579 5773 duo
607 5715 708 5774 illa
745 5716 902 5774 mala
973 5714 1195 5773 Deinde
1242 5713 1365 5771 duo
1420 5712 1580 5772 bona
1627 5720 1837 5775 notat:
1874 5722 2121 5779 Crucem

2233 5292 2419 5359 tollat,
2452 5291 2511 5347 id
2552 5297 2660 5358 est,
2694 5294 2892 5346 sumat
2924 5304 3167 5345 sensum
3198 5290 3425 5346 doloris
3454 5288 3695 5351 honesti,
3722 5296 3797 5360 seu

2234 5355 2533 5435 talis,'qui
2565 5355 2656 5417 est
2692 5378 2761 5416 ex
2794 5362 3023 5435 virtute,
3066 5366 3123 5435 et
3152 5364 3489 5435 a_terrenis
3534 5378 3595 5416 se
3634 5355 3793 5435 attolit

2235 5431 2499 5519 Ἑνάρίτδς
2531 5450 2649 5489 “On
2682 5440 2769 5488 θεῖ
2797 5432 2990 5519 Γονιξξ,
3023 5432 3127 5487 sed
3160 5431 3218 5487 id
3242 5434 3433 5519 μυοίί¹
3466 5451 3601 5489 cum
3638 5432 3793 5519 virtute

2233 5496 2619 5578 coniunctum
2660 5510 2746 5561 est
2771 5496 2874 5578 {et
2910 5496 3136 5578 ὑψωσις,
3184 5496 3566 5578 ad'verbum
3605 5496 3789 5578 attulit).

2234 5568 2366 5635 non'
2385 5582 2475 5635 est
2504 5576 2712 5642 fastus,
2748 5574 2856 5631 sed
2883 5568 3138 5632 remotio
3167 5592 3201 5630 a
3230 5576 3416 5633 rebus
3451 5568 3795 5635 terrestribus.

2232 5654 2609 5722 contemptus
2636 5662 2840 5705 rerum
2871 5646 3258 5705 terrestrium.
