3922 6200
80 355 163 412 829
1078 345 1451 404 COMMENT.
1501 343 1570 401 IN
1607 341 1934 401 MARCUM.
1974 376 2042 386 —
2081 343 2242 403 CAP.
2291 344 2392 403 XI.

3240 339 3345 396 830

76 485 225 534 τούτων
270 478 297 538 ἠ
345 475 571 548 ἐξήγησις
623 482 715 529 τοῦ
785 494 1213 548 τεσσαρακοστου
1277 478 1456 547 τρίτου
1504 492 1582 526 κε-

1759 471 1895 528 ahis
1939 470 2267 527 clarissime
2305 469 2560 528 habetur
2591 469 2653 526 in
2683 467 3148 544 quadragesimo
3177 466 3346 525 tertio

81 570 248 644 φαλαίου
272 575 348 620 τοῦ
373 569 496 621 κατὰ
520 567 786 620 Ματθαῖον
818 561 1078 636 ἀριδὴλως
1109 561 1379 618 διδάσκει.

131 660 175 711 Ὀ
220 654 270 710 δὲ
317 656 501 719 Ἰησοῦς
543 687 613 696 -
663 657 997 728 ἡτοίμασται.
1048 654 1274 728 Ὁμοίως
1325 659 1413 706 καὶ
1466 657 1584 724 περὶ

78 751 226 802 τούτων
247 748 443 802 πάντων.

135 841 211 892 Καὶ
265 834 538 897 ἀκούσαντες
587 864 659 877 -
711 834 969 890 Ἰωάννου.
1037 838 1138 888 Καὶ
1200 837 1318 909 περὶ
1369 834 1583 887 τούτων.

133 1013 177 1066 '0
225 1009 273 1067 δι
328 1012 516 1074 Ἰησοῦς
580 1044 647 1054 -
717 1011 941 1067 πολλῶν.
1010 1014 1235 1087 Εἴρηται
1307 1017 1397 1065 καὶ
1469 1016 1586 1087 περὶ

78 1106 226 1155 τούτων
249 1101 287 1154 ἰν
307 1110 369 1175 τῷ
395 1102 516 1156 τέλει
544 1109 634 1156 τοῦ
662 1103 902 1178 ῥηθέντος
930 1100 1227 1173 κεφαλαίου.

391 1215 526 1264 ΚΕΦ.
554 1207 677 1264 ΛΑ’.
704 1213 827 1282 Περὶ
852 1214 1192 1282 Βαρτιμαίου.

136 1298 221 1351 Καὶ
291 1301 506 1372 ἔρχονται
581 1329 652 1340 -
729 1306 1048 1372 προσαιτῶν.
1154 1300 1454 1372 Προσέθηκε
1527 1302 1585 1352 τὸ

84 1388 220 1458 ὄνομα,
246 1384 318 1440 διὰ
338 1391 387 1440 τὸ
413 1394 670 1464 γνώριμον
706 1388 862 1441 αὐτὸν
893 1385 1022 1441 εἶναι
1049 1387 1272 1450 πολλοῖς.

131 1480 206 1528 Kal
242 1474 443 1540 ἀκούσας
489 1507 562 1520 —
614 1475 663 1530 ἓν
709 1485 773 1550 τῇ
819 1473 946 1548 ὁδῷ.
989 1477 1277 1550 may-mo;
1324 1476 1444 1536 ὅλην
1491 1482 1584 1536 τήν

72 1563 266 1635 ἐξήγησιν
293 1565 398 1619 ὅλου
431 1574 522 1620 τοῦ
560 1573 990 1642 τεσσαρακοστοῦ
1020 1569 1266 1642 τετάρτου
1306 1567 1583 1639 κεφαλαίου

67 1661 136 1704 τοῦ
158 1656 267 1707 κατὰ
291 1657 562 1714 Ματθαῖον.

121 1743 166 1794 Εἰ
205 1746 290 1819 γὰρ
331 1751 412 1798 καὶ
455 1750 576 1818 περὶ
619 1741 717 1798 δύο
778 1745 978 1817 τυφλῶν
1030 1747 1218 1807 ἐκεῖνός
1271 1764 1420 1818 φησι,
1478 1744 1584 1798 ἀλλ’

1685 561 1860 633 juxta
1896 560 2235 617 Mattheeum
2263 561 2473 633 capite.

1767 652 1919 706 Vers.
1942 651 2032 707 38.
2061 650 2222 707 Jesus
2252 657 2450 707 autem
2485 681 2548 690 —
2595 651 2758 707 Vers.
2786 652 2874 706 40.
2929 652 3208 721 paratum
3244 651 3342 704 est.

1697 741 1980 800 Similiter
2009 741 2084 798 de
2117 741 2210 798 his
2236 741 2532 798 omnibus.

1767 832 1927 886 Vers.
1959 833 2046 886 41.
2084 830 2315 886 Etcum
2359 830 2660 886 audissent
2690 861 2758 869 -
2787 829 3029 886 Joanne.
3056 827 3344 884 Praeterea

1697 924 1754 974 et
1778 919 1852 974 de
1883 918 1996 974 his.

1837 1007 2006 1064 Vers.
2037 1010 2123 1063 42.
2153 1008 2317 1063 Jesus
2355 1011 2547 1063 autem
2578 1037 2634 1048 —
2662 1006 2935 1079 Vers.!45.
2963 1005 3186 1062 multis.
3218 1005 3344 1060 Dic-

1697 1103 1822 1153 tum
1845 1100 1932 1153 est
1951 1095 2026 1152 de
2055 1095 2150 1152 bis
2170 1096 2232 1152 in
2257 1095 2379 1154 ﬁne
2410 1095 2548 1152 dicti
2579 1094 2811 1168 capitis.

2107 1203 2258 1259 CAP.
2289 1205 2465 1260 XXXI.
2495 1204 2577 1258 De
2600 1203 2942 1260 Bartima’o.

1768 1295 1928 1350 Vers.
1957 1294 2044 1350 46.
2073 1293 2147 1348 Et
2180 1293 2420 1350 veniunt
2455 1324 2525 1334 -—
2544 1293 2897 1349 mendicans.
2927 1293 3153 1347 Nomen
3181 1287 3342 1346 addi-

1693 1382 1797 1450 dit,
1825 1399 1896 1439 eo
1921 1382 2082 1454 quod
2115 1382 2314 1438 multis
2344 1387 2520 1438 notus
2559 1385 2704 1437 erat.
2771 1374 2782 1388 ⁴

1764 1473 1926 1529 Vers.
1958 1473 2044 1528 47.
2083 1474 2344 1544 Cumque
2385 1470 2643 1527 audisset
2692 1501 2764 1511 —
2810 1470 2970 1526 Vers.
3033 1470 3118 1524 52.
3157 1468 3220 1523 in
3253 1467 3347 1524 via

1692 1563 1843 1632 Lege
1894 1565 2081 1618 totam
2129 1561 2566 1618 enarrationem
2620 1558 2830 1630 integri
2894 1556 3345 1630 quadragesimi

1693 1651 1890 1724 quarti
1917 1651 2124 1723 capitis
2139 1651 2310 1722 juxta
2349 1649 2702 1707 Matthaeum.

1765 1741 1874 1796 Etsi
1904 1739 2173 1796 enimille
2225 1739 2298 1795 de
2339 1738 2574 1794 duobus
2627 1737 2799 1794 caecis
2825 1737 3124 1809 loquatur,
3155 1739 3348 1792 cetera

65 1827 131 1882 οὖν
181 1832 316 1886 τᾶλλα
369 1835 710 1909 παραπλήσια
774 1843 880 1896 τοῖς
935 1843 1166 1908 παροῦσι
1228 1835 1408 1910 ῥητοῖς
1480 1834 1582 1888 ἀνέ-

1759 1845 1892 1885 men
1935 1829 2212 1901 proxima
2237 1833 2377 1884 sunt
2403 1827 2498 1883 his
2529 1843 2659 1900 quae
2689 1827 2783 1883 hic
2829 1827 3109 1882 dicuntur
3145 1843 3156 1881 :
3189 1831 3244 1881 et
3284 1825 3347 1881 il-

60 1921 206 1991 '/pa\,'u,
239 1928 319 1975 καὶ
360 1926 387 1982 ἡ
420 1925 620 1977 ἐκείνων
655 1924 902 1998 ἑρμηνεία
936 1928 1027 1976 καὶ
1071 1931 1238 1976 ταῦτα
1289 1925 1584 1997 σαφηνίζει,

60 2016 124 2061 καὶ
168 2015 439 2083 πρόσκειται
496 2015 634 2066 κατὰ
697 2016 757 2066 τὸ
824 2013 964 2075 τέλος
1040 2012 1204 2074 αὐτῆς
1275 2011 1424 2075 λύσις
1484 2031 1586 2085 χα-

57 2117 248 2167 ριεστατη
257 2139 268 2153 .

382 2215 526 2263 ΚΕΦ.
563 2208 683 2263 ΛΒ’.
721 2213 843 2283 Περὶ
866 2215 961 2262 τοῦ
1000 2208 1195 2264 πώλου.

108 2301 186 2348 Καὶ
238 2298 314 2350 ὅτε
373 2329 439 2338 -
504 2294 632 2351 ὧδε.
699 2301 920 2372 Εἴρηται
974 2303 1090 2374 περὶ
1137 2301 1329 2352 τούτων
1386 2300 1586 2352 πάντων

58 2378 90 2429 ἒ)
131 2391 184 2453 τῷ
229 2395 628 2462 τεσσαρακοστῷ
684 2391 900 2460 πέμπτῳ
967 2387 1225 2461 κεφαλαίῳ
1291 2395 1383 2440 τοῦ
1453 2391 1587 2441 κατὰ

55 2474 280 2528 Ματθαῖον.

104 2559 320 2619 Ἀπῆλθον
381 2597 450 2606 -
521 2568 656 2640 πρὸς
725 2570 813 2619 τὸν
895 2566 1120 2625 Ἰησοῦν.
1202 2565 1419 2639 Ὁμοίως
1497 2571 1586 2620 καὶ

51 2655 136 2720 περὶ
154 2655 344 2709 τούτων.

104 2744 181 2791 Καὶ
216 2741 441 2796 ἐπέϐαλον
499 2778 572 2788 -—
625 2745 890 2817 ὑψίστοις.
943 2750 1042 2798 Καὶ
1080 2751 1247 2798 ταῦτα
1302 2745 1353 2798 ἐν
1418 2745 1586 2819 ἐκείνῳ

48 2820 393 2904 διασεσάφηται.

101 2923 179 2970 Καὶ
234 2921 456 2984 εἰσῆλθεν
537 2955 612 2965 -—
664 2920 894 2980 δώδεκα.
974 2923 1349 2997 Περιεϐλέψατο
1415 2927 1584 2978 πάντα

45 3005 88 3054 τὰ
119 3005 156 3057 ἐν
195 3019 257 3080 τῷ
302 3014 434 3086 ἱερῷ,
483 3017 551 3075 ὡς
601 3017 784 3088 Κύριος
828 3023 918 3066 τοὺ
973 3017 1210 3067 τοιούτου
1261 3009 1424 3068 οἴκου.
1483 3019 1583 3068 Καὶ

44 3098 125 3146 τότε
163 3101 240 3168 μὲν
283 3099 516 3174 ἐσίγησε,
578 3100 768 3166 διδοὺς
832 3107 1012 3178 καιρὸν
1083 3100 1409 3177 διορθώσεως
1474 3112 1582 3166 τοῖς

1692 1919 1887 1975 lorum
1920 1918 2322 1990 interpretatio
2365 1916 2544 1973 etiam
2599 1916 2713 1973 ista
2761 1915 3122 1979 manifestat,
3156 1929 3226 1970 ac
3269 1913 3347 1970 ad

1694 2008 1874 2064 tinem
1903 2009 2032 2080 ejus
2062 2007 2338 2081 apposita
2363 2010 2450 2063 est
2473 2004 2638 2062 dubii
2672 2005 2886 2061 solutio
2909 2003 3273 2076 gratissima.

2168 2203 2320 2260 CAP.
2354 2201 2580 2260 XXXII.
2615 2201 2699 2260 De
2721 2202 2887 2273 pullo

1767 2295 1927 2352 CAP.
1975 2295 2070 2350 XI.
2135 2295 2294 2349 Vers.
2351 2295 2404 2349 1.
2463 2295 2540 2349 Et
2592 2293 2734 2349 dum
2778 2322 2837 2334 —
2890 2292 3050 2348 Vers.
3105 2294 3156 2347 3.
3203 2289 3345 2347 lhue.

1694 2385 1924 2441 Dictum
1948 2390 2035 2441 est
2063 2384 2134 2440 de
2159 2383 2250 2440 his
2281 2382 2564 2439 omnibus
2619 2380 3084 2455 quadragesimo
3136 2379 3347 2452 quinto

1695 2475 1888 2548 capite
1919 2474 2218 2543 Evangelii
2252 2473 2588 2530 secundum
2626 2471 2987 2527 Mattbmum.

1765 2565 1927 2620 Vers.
1953 2565 2004 2619 4.
2026 2563 2317 2620 Abierant
2344 2593 2413 2602 —
2441 2561 2606 2618 Vers.
2635 2566 2687 2616 7.
2714 2560 2796 2618 ad
2817 2559 3030 2617 Jesum.
3083 2557 3347 2616 Similiter

1693 2657 1748 2711 el
1770 2653 1840 2710 de
1857 2653 1971 2710 his.

1766 2746 1926 2800 Vers.
1979 2747 2032 2798 7.
2086 2743 2162 2798 Et
2207 2743 2531 2814 injecerunt
2589 2771 2658 2780 —
2709 2739 2872 2796 Vers.
2937 2738 3022 2793 to.
3076 2737 3343 2794 excelsis.

1693 2834 1884 2891 Etiam
1912 2832 2041 2889 haec
2080 2831 2162 2888 ibi
2193 2831 2495 2888 declarata
2526 2833 2684 2886 sunt.

1764 2924 1937 2981 Vers.
2002 2923 2082 2978 11.
2139 2923 2214 2977 Et
2255 2921 2543 2990 ingressus
2599 2923 2681 2976 est
2753 2947 2823 2960 —-
2864 2916 3183 2974 duodecim.
3229 2914 3346 2972 Cir-

1691 3011 2026 3086 cumspexit
2049 3009 2257 3068 omnia
2283 3025 2416 3082 qum
2466 3009 2528 3064 in
2556 3007 2778 3079 templo
2817 3011 3000 3072 erant,
3051 3011 3346 3077 tanquam

1689 3102 1974 3159 Dominus
2002 3099 2158 3156 illius
2181 3096 2505 3155 habitaculi
2545 3115 2558 3151 :
2593 3101 2650 3154 et
2677 3103 2818 3153 tunc
2847 3094 3095 3169 quidem
3163 3093 3342 3160 siluit,

42 3199 427 3259 καταφρονηταῖς·
508 3195 729 3267 ὕστερον
817 3189 875 3246 δε
947 3192 1125 3258 ἐλθὼν,
1205 3193 1582 3269 αὐστηρότερον

1759 3207 1842 3248 ωε
1871 3195 2109 3262 tempus
2142 3187 2523 3245 correctionis
2567 3186 2681 3250 his,
2706 3186 2811 3258 qui
2840 3186 3038 3257 ipsum
3063 3183 3345 3256 despicie-

42 3275 231 3337 μετῆλθεν
254 3279 457 3352 αὐτοὺς,
494 3285 569 3344 ὡς
601 3279 976 3357 ἀδιορθώτους.

205 3461 334 3511 HW.
373 3459 499 3514 AI".
537 3465 669 3533 Περὶ
693 3468 784 3522 τῆς
810 3461 1156 3538 ξηρανθείσης
1185 3472 1365 3524 συκῆς.

47 3621 55 3636 ν
95 3545 171 3592 Καὶ
202 3552 256 3616 τῇ
295 3545 540 3621 ἐπαύριον
594 3581 658 3591 -
711 3554 901 3603 σύκων.
960 3555 1178 3626 Εἴρηται
1230 3557 1348 3628 περὶ
1387 3555 1584 3616 ταύτης

41 3643 74 3674 τι
119 3638 174 3699 τῷ
221 3647 632 3711 τεσσαρακοστῷ
697 3635 904 3713 ἑϐδόμῳ
970 3640 1225 3713 κεφαλαίῳ
1295 3649 1384 3694 τοῦ
1449 3645 1586 3695 κατὰ

43 3719 268 3777 Ματθαίον.

91 3811 167 3859 Καὶ
229 3809 530 3890 ἀποκριθεὶς
588 3846 659 3858 -
740 3819 917 3890 φάγοι.
1000 3823 1098 3872 Καὶ
1178 3824 1296 3894 περὶ
1376 3822 1578 3876 τούτου.

39 3897 95 3998 ξιξ
138 3902 211 3950 τόν
271 3903 432 3957 αἰῶνα
497 3901 584 3976 δε,
655 3905 770 3960 ἀντὶ
829 3915 943 3971 τοῦ,
1014 3912 1158 3976 ποτε,
1228 3913 1410 3980 ἤγουν,
1484 3930 1584 3984 μη-

37 3985 188 4042 ditari.

86 4080 165 4128 Καὶ
208 4083 385 4138 ἤκουον
439 4087 491 4138 οἱ
557 4087 795 4157 μαθηταὶ
856 4087 1035 4141 αὐτοῦ,
1107 4087 1180 4142 Δι’
1239 4088 1419 4150 αὐτοῦς
1478 4093 1580 4164 γὰρ

33 4166 96 4214 καὶ
135 4171 216 4225 τὴν
262 4178 433 4224 πεῖναν
477 4175 815 4249 ὑπεκρίνατο,
853 4181 942 4230 καὶ
987 4181 1326 4249 κατηράσατο
1369 4187 1430 4252 τῇ
1485 4199 1583 4233 συ-

99 4254 212 4324 (63),
242 4261 319 4312 ἵνα
339 4271 558 4334 γνῶσιν,
596 4265 675 4315 ὅτι
704 4269 793 4317 καὶ
822 4265 1058 4327 κολάζειν
1090 4265 1313 4330 δυνατός
1357 4267 1486 4333 ἔστι,
1517 4272 1582 4332 ὡς

31 4353 67 4475 ἓν
123 4351 184 4415 τῷ
246 4349 452 4422 ῥηθέντι
524 4351 790 4424 κεφαλαίῳ
873 4351 1169 4414 δεδήλωται
1251 4357 1366 4410 κατ’
1439 4357 1581 4433 ἀκρί-

53 4448 135 4475 ξιτ)

53 4448 151 4487 tm.

1691 3283 1832 3339 bant
1863 3279 2289 3352 ;postmodum
2341 3292 2501 3344 vero,
2531 3292 2670 3332 cum
2722 3274 3016 3338 rediisset,
3048 3271 3342 3330 austerius

1690 3387 1792 3428 eos
1823 3369 2068 3444 punivit,
2098 3373 2384 3440 tanquam
2415 3363 2861 3436 incorrigibiles.

1961 3477 2113 3533 CAP.
2145 3475 2378 3533 XXXIII.
2412 3476 2494 3532 De
2508 3476 2621 3544 ﬁcu
2650 3489 2777 3546 qua
2806 3473 3065 3529 exaruit.

1765 3568 1924 3625 Vers.
1953 3569 2035 3624 I2.
2083 3569 2316 3624 Postero
2369 3569 2564 3622 autem
2619 3596 2684 3605 —
2733 3563 2902 3619 Vers.
2966 3564 3048 3617 13.
3098 3561 3335 3630 ﬁcuum.

1689 3658 1918 3715 Dictum
1951 3663 2037 3714 est
2066 3656 2139 3713 de
2162 3657 2294 3721 hac,
2333 3653 2798 3728 quadragesimo
2857 3651 3114 3724 septimo
3171 3650 3344 3721 juxta

1690 3748 2021 3805 Mattbaaum
2042 3747 2254 3819 capite.

1758 3837 1924 3893 Vers.
1964 3839 2051 3893 14.
2089 3837 2154 3891 Et
2182 3833 2534 3908 respondens
2559 3863 2628 3874 —
2656 3831 2813 3890 edat.
2855 3830 3044 3887 Etiam
3077 3828 3152 3885 de
3190 3827 3333 3885 hoc.

1757 4087 1923 4143 Vers.
1958 4087 2042 4144 14.
2060 4087 2137 4142 Et
2161 4085 2474 4143 audiebant
2502 4082 2781 4153 discipuli
2799 4083 2942 4154 ejus.
2965 4081 3212 4154 Propter
3241 4094 3345 4136 eos

1687 4176 1846 4232 enim
1866 4179 1922 4232 et
1939 4174 2160 4232 famem
2204 4173 2528 4238 simulavit,
2552 4177 2609 4228 et
2633 4172 2814 4227 ﬁcum
2867 4175 3209 4226 exsecratus
3233 4172 3340 4232 est,

1686 4273 1752 4324 ut
1788 4267 2025 4330 scirent,
2045 4264 2209 4337 quod
2236 4267 2444 4337 potens
2457 4262 2634 4318 etiam
2661 4265 2818 4315 esset
2845 4258 2923 4314 ad
2940 4257 3338 4330 puniendum,

1686 4355 1868 4414 veluti
1885 4355 2044 4412 dicto
2074 4353 2263 4427 capite
2294 4351 2605 4422 diligenter
2645 4347 3090 4405 manifestatum
3121 4350 3232 4400 est.

83 4525 162 4573 Kal
196 4527 432 4598 ἔρχονται
484 4562 560 4572 ——
615 4531 950 4606 κατέστρεψε.
1003 4539 1128 4609 Περὶ
1185 4539 1378 4589 τούτων
1447 4534 1581 4602 διέξ-

1761 4536 1924 4591 Vers.
1955 4539 2036 4590 t5.
2089 4533 2162 4588 Et
2193 4529 2526 4588 veniunt—
2573 4527 2795 4584 evertit.
2858 4525 2938 4579 De
2989 4523 3081 4578 bis
3107 4521 3344 4578 disserit

27 4623 102 4660 εισι
141 4618 188 4665 τὸ
225 4617 360 4682 τελος
395 4627 494 4674 τοῦ
552 4629 987 4693 τεσσαρακοστοῦ
1033 4628 1269 4697 πέμπτου
1303 4627 1580 4700 κεφαλαίου

27 4707 93 4747 τοῦ
116 4707 229 4755 κατὰ
255 4710 547 4765 Ματθαῐον.

24 4871 64 4891 ’ῃ
81 4793 174 4891 Καὶ.
193 4794 276 4848 οὐκ
324 4830 385 4891 -ῖ-
431 4801 604 4874 ἱεροῦ.
656 4805 1052 4876 Καταφρονησις
1113 4805 1216 4876 γὰρ
1269 4809 1358 4858 καὶ
1405 4813 1576 4863 τοῦτο.

39 4877 282 4973 ξπαξδιυσι
318 4883 376 4941 vi":
407 4894 502 4941 καὶ
538 4886 638 4942 διὰ
685 4893 891 4958 τούτου,
938 4893 1019 4945 ὅτι
1060 4897 1170 4966 χρὴ
1213 4891 1379 4963 μηδὲν
1422 4916 1583 4973 παρο-

24 4969 92 5034 Pi”
118 4965 296 5036 ἀνάξιον
321 4975 370 5030 ia
389 4984 506 5042 τοῖς
540 4981 714 5051 ἱεροῖς.

29 5223 44 5244 ⁸
75 5149 153 5200 Καὶ
194 5147 441 5210 ἐδίδασκε
487 5188 561 5199 -
611 5156 836 5232 λῃστῶν.
903 5158 1036 5214 Ἐκεῖ
1083 5163 1173 5213 καὶ
1220 5167 1338 5237 περὶ
1382 5167 1577 5218 τούτων

24 5245 364 5306 σωἒρξιιὲνευται.

27 5327 148 5420 ,Καὶ
215 5334 442 5388 ἤκουσαν
525 5364 596 5377 --
649 5335 1016 5392 ἀπολέσουσιν.
1101 5337 1394 5409 ’Ἡκουσαν,
1466 5353 1575 5410 πῶς

23 5413 384 5487 metuam...
837 5431 850 5434 ’

1690 4623 1829 4681 ﬁnis
1868 4618 2513 4697 quadragesimiquinti
2552 4615 2762 4689 capitis
2799 4612 3098 4684 Evangelii
3139 4627 3345 4668 secun-

1691 4715 1841 4770 dum
1870 4713 2228 4771 Mattbaeum.

1762 4804 1924 4858 Vers.
1964 4806 2052 4859 16.
2087 4794 2611 4867 Nec—templum.
2638 4796 2784 4851 Nam
2817 4795 2874 4848 et
2902 4791 2963 4847 id
2988 4791 3048 4847 in
3082 4793 3345 4847 contem-

1693 4898 1860 4966 ptum
1891 4899 2031 4948 erat.
2067 4891 2177 4947 Per
2204 4889 2318 4945 hoc
2348 4888 2522 4943 etiam
2552 4883 2820 4950 docebat,
2851 4881 3016 4955 quod
3061 4879 3209 4937 nihil
3239 4895 3346 4952 per

1689 4980 2017 5052 neglectum
2080 4976 2311 5035 admitti
2375 4975 2602 5044 debeat,
2676 4971 2838 5046 quod
2912 4969 3192 5027 indecens
3272 4968 3346 5028 sit

1689 5071 1766 5128 sit
1791 5071 1851 5127 in
1879 5068 2131 5142 templis.

1760 5161 1926 5218 Vers.
1959 5161 2047 5216 17.
2101 5159 2167 5214 Et
2212 5153 2456 5213 docebat
2484 5184 2554 5194 --
2606 5152 2921 5209 latronum.
2971 5148 3038 5206 Id
3090 5151 3344 5223 quoque

1685 5252 1894 5310 horum
1920 5249 2060 5306 data
2089 5251 2180 5305 est
2199 5243 2622 5318 interpretatio.

1756 5343 1922 5399 Vers.
1961 5344 2042 5396 18.
2072 5339 2145 5395 Et
2174 5336 2490 5395 audierunt
2527 5364 2596 5375 —
2619 5332 2947 5404 perderent.
2974 5329 3338 5387 'Audierunt.

1680 5430 1986 5508 quomodo
2012 5429 2195 5486 libere
2206 5431 2262 5484 et
2283 5425 2568 5484 audacter
2583 5423 2813 5480 locutus
2829 5425 2990 5478 esset
3009 5436 3080 5476 ac
3103 5417 3339 5474 fecisset

1158 5609 1385 5679 Variae
1415 5612 1748 5682 lectiones
1779 5617 1844 5680 et
1874 5617 2055 5679 notae

77 5734 160 5806 (55)
185 5746 282 5803 τὴν
312 5754 481 5806 συκῆν
507 5754 576 5803 Δ.
