3922 6200
490 291 586 344 831
1795 277 2134 336 EUTYHMI]

2258 277 2515 365 CABENI
3697 280 3771 336 ενι

564 412 726 467 Vers.
769 412 847 466 t8.
899 409 1200 467 Timebant
1243 440 1311 451 —
1338 409 1479 478 ejus.
1513 409 1875 465 Verebantur
1900 408 2142 478 propter
2175 403 2216 456 A

491 502 727 558 turbam
762 507 979 556 temere
1005 517 1142 556 eum
1168 501 1456 556 occidere.

561 593 722 645 Vers.
772 592 851 645 19.
895 592 959 643 Et
1000 606 1128 646 cum
1159 620 1226 633 —
1265 590 1573 645 civitatem.
1620 585 2042 657 Egrediebatur
2079 585 2141 639 in

494 679 789 735 suburbia
815 684 1055 751 propter
1084 679 1364 749 quietem.

562 770 728 824 Vers.
761 772 847 823 20.
891 768 1047 823 Vers.
1080 770 1154 822 Et
1185 784 1356 823 mane
1386 799 1449 806 —
1481 768 1639 821 Vers.
1668 766 1757 819 21.
1790 763 2039 821 exaruit.
2074 763 2139 817 ln

492 859 776 930 praedicto
814 858 1281 930 quadragesimo
1321 856 1573 927 septimo
1619 855 1809 925 capite
1848 850 2137 923 Evangelii

493 949 821 1004 secundum
843 948 1183 1002 Matthzeum
1207 946 1382 1001 etiam
1412 945 1484 999 de
1514 945 1607 999 his
1633 944 2002 1014 disputatum
2031 947 2135 996 est.

560 1037 722 1091 Vers.
749 1039 833 1090 '22.
869 1037 942 1089 Et
995 1035 1337 1104 respondens
1388 1067 1453 1075 —
1478 1034 1541 1089 in
1572 1034 1773 1088 Deum.
1814 1031 2136 1097 Possidete,

494 1126 703 1197 inquit,
742 1125 1023 1180 ﬁduciam
1052 1141 1193 1194 erga
1226 1125 1413 1179 Deum
1444 1141 1455 1180 :
1493 1123 1776 1177 ﬁduciam
1804 1125 2003 1177 autem
2033 1136 2141 1192 pu-

490 1231 621 1269 ram
648 1218 704 1268 et
728 1214 1144 1270 indubitatam.

563 1305 722 1358 Vers.
756 1304 848 1358 23.
885 1303 1419 1360 Amen—dixerit.
1454 1302 1677 1358 Eodem
1707 1299 1897 1373 capite
1932 1300 2003 1355 de
2047 1299 2139 1356 his

490 1407 727 1464 quoque
756 1396 951 1448 actum
978 1398 1090 1447 est.

561 1484 647 1552 -Ηι
674 1482 1085 1537 Immediatam
1114 1482 1353 1537 animus
1384 1485 1595 1537 nactus
1631 1496 1769 1536 cum
1822 1481 1941 1534 Deo
1974 1479 2143 1534 unio-

487 1586 647 1637 nem,
682 1570 1019 1626 facultatem
1043 1572 1373 1626 secundum
1405 1575 1678 1625 naturam
1709 1566 2009 1638 cogitandi
2032 1568 2140 1639 (in-

490 1659 810 1729 telligendi)
839 1676 1083 1731 prorsus
1109 1660 1290 1715 habet
1315 1660 1570 1715 otiosam
1606 1659 1691 1714 :si
1749 1664 1947 1713 autem
1984 1658 2140 1712 hanc

491 1749 817 1820 (unionem)
846 1749 1100 1814 solverit,
1132 1754 1186 1804 et
1212 1749 1437 1821 aliquid
1461 1764 1578 1803 non
1601 1747 1929 1803 secundum
1951 1748 2134 1801 Deum

2258 1761 2345 1801 σας
2390 1762 2442 1793 τι
2496 1751 2594 1793 τῶν
2652 1746 2781 1813 μετὰ
2833 1745 2961 1795 Θεὸν
3019 1742 3155 1813 (68),
3200 1739 3464 1817 διεκρίθη,
3516 1747 3660 1813 τεμὼν
3703 1743 3780 1807 (69)

490 1838 809 1909 cogitando
842 1838 1187 1908 complexus
1220 1839 1314 1906 sit,
1351 1838 1733 1907 disjungitur,
1764 1836 1975 1901 soluta,
2004 1851 2134 1908 qum

2258 1835 2341 1889 τὴν
2381 1834 2508 1905 ὑπὲρ
2552 1835 2734 1889 νοήσιν
2779 1832 2981 1899 ἕνωσιν,
3023 1832 3140 1883 καθ’
3184 1832 3268 1898 ἣν,
3316 1833 3411 1892 ἕως
3458 1832 3564 1884 ἐστὶ
3602 1839 3663 1901 τῷ
3702 1835 3783 1895 Θιῲ

488 1944 671 2000 supra
721 1926 1081 1982 intellectum
1136 1931 1244 1990 est,
1291 1925 1512 1980 unione
1561 1925 1890 1979 secundum
1930 1940 2135 1995 quam,

483 2016 755 2090 quandiu
798 2016 1151 2086 conjunctus
1214 2017 1305 2068 est
1350 2016 1483 2080 Deo,
1519 2018 1584 2070 ut
1637 2029 1814 2085 super
1866 2017 2136 2068 naturam

489 2111 545 2162 et
572 2105 1027 2178 participatione
1057 2103 1206 2158 deus
1233 2102 1440 2168 facins,
1486 2107 1776 2174 tanquam
1820 2102 2140 2157 immotum

488 2200 754 2251 montem
786 2210 983 2259 suum,
1016 2193 1208 2263 legem
1238 2197 1466 2248 naturae
1505 2191 1853 2262 transponit.

556 2287 716 2341 Vers.
758 2288 845 2340 24.
880 2284 1010 2339 Ideo
1042 2313 1107 2323 ——
1137 2284 1313 2339 vobis.
1352 2281 1626 2337 Similiter
1649 2287 1704 2337 et
1724 2280 1798 2336 de
1829 2280 1942 2336 his.

687 2373 840 2427 CAP.
872 2372 1102 2428 XXXIV.
1144 2373 1230 2427 De
1249 2370 1537 2426 oblivione
1564 2369 1931 2439 injuriarum.

559 2464 719 2520 Vers.
758 2464 828 2517 Et
843 2463 978 2517 dum
1002 2466 1089 2515 25.
1113 2490 1182 2501 —
1216 2462 1371 2515 Vers.
1408 2462 1494 2515 ‘26.
1527 2463 1721 2516 vestra
1754 2459 1882 2515 Haec
1908 2460 1966 2514 in
1996 2474 2140 2531 prae-

484 2551 830 2606 cedentibus
867 2566 1104 2623 quoque
1142 2550 1289 2605 dixit
1316 2549 1603 2605 Dominus
1650 2548 1899 2605 Matthasi
1925 2548 2139 2619 quinto

487 2641 698 2712 capite,
727 2644 1048 2711 postquam
1071 2638 1277 2694 docuit
1307 2639 1658 2703 orationem,
1686 2640 1868 2694 Pater
1921 2642 2134 2704 noster,

485 2730 579 2801 qui
606 2746 660 2785 es
678 2730 741 2785 in
774 2730 947 2786 caelis.
976 2730 1180 2793 Quare
1205 2743 1346 2799 ergo
1399 2728 1478 2783 ibi
1524 2728 1740 2783 horum
1796 2727 2138 2799 interpreta-

486 2819 727 2875 tionem.

556 2926 707 2982 CAP.
745 2926 944 2982 XXXV.
986 2926 1073 2982 De
1123 2924 1632 2995 interrogantibus
1699 2924 2030 2981 Dominum.
2064 2926 2135 2981 In

907 3031 1020 3087 qua
1048 3020 1331 3085 ροιεειαίε
1353 3018 1480 3071 ἠως
1504 3016 1656 3085 Γαεὶε
1682 3014 1709 3069 Ῡ
2633 3029 2922 3101 ἀρχιερέων
2948 3031 3034 3078 καὶ
3070 3025 3454 3099 πρεσϐυτέρων.

552 3107 714 3161 Vers.
771 3107 858 3159 27.
927 3106 1003 3159 Et
1063 3106 1301 3161 veniunt
1367 3136 1426 3145 —
1491 3106 1651 3159 Vers.
1747 3106 1833 3159 28.
1893 3104 2134 3174 facias?

2316 3121 2417 3170 Καὶ
2455 3119 2701 3191 ἔρχονται
2739 3148 2807 3156 -
2844 3125 3038 3188 ποιῇς;
3079 3122 3277 3179 Ταῦτα,
3324 3122 3496 3181 tota;
3543 3117 3608 3166 Τό
3654 3108 3790 3162 ἐκϐάλο

483 3196 663 3249 Haec:
709 3209 983 3268 quaenam
1022 3194 1049 3249 ‘?
1103 3194 1323 3265 Ejicere
1373 3193 1646 3249 videlicet
1694 3193 2016 3249 vendentes
2078 3200 2134 3250 et

482 3289 744 3339 ementes
782 3285 843 3339 in
876 3283 1096 3356 templo
1130 3289 1427 3339 :evertere
1466 3282 1740 3354 praefatas
1792 3300 2032 3339 mensas
2065 3300 2133 3340 ac

481 3374 690 3430 sellas:
722 3389 840 3429 non
876 3373 1212 3446 permittere
1253 3373 1480 3429 deferre
1511 3388 1616 3429 vas
1668 3388 1768 3444 per
1819 3374 2129 3446 templum,

480 3478 547 3518 ac
589 3462 821 3518 similia.

551 3554 755 3617 Quare
773 3557 973 3607 autem
995 3551 1530 3623 quadragesimum
1545 3555 1823 3607 octavum
1843 3556 2022 3623 caput
2049 3567 2131 3608 se-

476 3641 739 3696 cundum
768 3641 1129 3704 Matthaeum,
1161 3645 1217 3696 et
1242 3641 1440 3697 omnia
1466 3641 1749 3697 invenies.

548 3732 823 3783 Vers.29.
871 3729 1228 3796 Respondens
1278 3734 1470 3785 autem
1525 3731 1693 3785 Jesus
1722 3761 1790 3769 —
1834 3730 1991 3786 Vers.
2040 3735 2125 3787 30.

480 3819 644 3873 mihi.
675 3822 735 3873 In
763 3818 860 3873 illo
892 3818 1071 3873 etiam
1095 3819 1169 3874 de
1198 3820 1290 3874 his
1317 3820 1606 3877 invenies.

551 3908 712 3963 Vers.
743 3912 829 3963 31.
892 3909 964 3963 Et
999 3908 1325 3978 cogitabant
1355 3911 1599 3967 —Vers.
1657 3914 1744 3966 32.
1797 3909 2126 3968 homnibus.

480 3997 703 4063 Deﬁcit,
736 4014 875 4053 non.

549 4088 709 4143 Vers.
764 4087 851 4141 32.
921 4086 1220 4143 Timebanf
1274 4118 1341 4128 —-
1395 4096 1560 4145 esset.
1610 4090 1920 4146 Habebant
1958 4094 2128 4147 Joan-

477 4191 637 4246 nem,
692 4177 805 4233 hoc
835 4182 937 4237 est.
984 4177 1122 4232 certi
1165 4182 1330 4233 erant
1382 4179 1451 4234 de
1493 4180 1740 4236 Joanne.
1783 4181 2013 4236 Dictum
2045 4187 2128 4237 est

478 4272 676 4324 autem
701 4267 843 4323 etde
877 4267 966 4322 bis
996 4267 1240 4322 ibidem.

2325 403 2632 477 Ἐφοϐοὗντο
2692 435 2759 444 -
2814 403 2992 458 αὑτοῦ.
3064 402 3368 475 Ἐφοϐοῦντο
3442 403 3583 455 αὐτὸν
3642 403 3771 458 ἀπολέ-

2254 514 2365 560 σαι,
2397 496 2466 555 ὡς
2496 497 2653 565 ἔτυχε
2680 489 2775 545 διὰ
2802 497 2889 545 τὸν
2925 492 3100 565 ὄχλον.

2324 587 2423 635 Καὶ
2471 583 2553 634 ὅτε
2626 613 2691 621 ——
2739 581 2952 643 πόλεως.
3009 580 3367 655 Ἐξεπορεύετο
3411 581 3482 642 εἰς
3547 584 3603 633 τὰ
3658 587 3773 654 xposi-

2252 691 2419 737 στεια,
2451 669 2544 725 διὰ
2573 676 2667 730 τὴν
2697 674 2955 743 ἡσυχίαν.

2324 766 2423 813 Καὶ
2462 764 2595 834 πρωὶ
2636 792 2704 800 -
2749 760 3041 833 ἐξήρανται.
3087 760 3170 812 Ἐν
3219 768 3290 829 τῷ
3337 758 3654 834 προρῥηθέντι
3691 780 3774 813 τεσ-

2253 858 2565 921 σαρακοστῷ
2638 846 2845 921 ἑϐδόμῳ
2910 849 3170 922 κεφαλαίῳ
3230 856 3320 901 τοῦ
3390 851 3519 900 κατά
3568 851 3772 901 Matthiae

2249 944 2335 991 καὶ
2372 944 2489 1011 περὶ
2518 941 2707 990 τούτων
2749 935 3073 997 διείληπται.

2322 1032 2423 1081 Καὶ
2511 1026 2806 1100 ἀποκριθεὶς
2892 1059 2962 1067 -
3047 1032 3199 1081 Θεοῦ.
3298 1029 3567 1084 Κτήσασθε
3646 1031 3774 1077 πίστιν

2250 1117 2317 1177 εἰς
2348 1122 2495 1173 Θεὸν.
2531 1123 2716 1171 ΙΙίστιν
2749 1114 2807 1169 δὲ
2836 1119 3068 1193 καθαρὰν
3099 1121 3187 1169 καὶ
3220 1113 3553 1169 ἄδίστακτον.

2322 1296 2487 1367 Ἀμὴν
2545 1327 2614 1337 -
2669 1299 2807 1369 εἴπῃ.
2879 1296 2961 1350 Ἐν
3019 1304 3091 1368 τῷ
3156 1298 3374 1367 τοιούτῳ
3441 1294 3672 1367 κεφαλαίῳ
3718 1298 3779 1345 καὶ

2251 1391 2367 1459 περὶ
2396 1388 2590 1438 τούτων
2618 1385 2805 1457 ἐλέχθη
2818 1429 2829 1440 .

2320 1474 2448 1547 [Τὴν
2504 1476 2616 1545 (66)
2666 1478 2861 1547 ἄμεσον
2916 1474 3093 1546 λαχὼν
3150 1475 3259 1546 (67)
3310 1476 3335 1527 ὁ
3382 1482 3501 1536 νοῦς
3558 1478 3670 1549 πρὸς
3720 1478 3779 1525 τὸν

2250 1568 2370 1616 Θεὸν
2402 1565 2603 1630 ἕνωσιν,
2631 1568 2722 1622 τὴν
2770 1572 2863 1616 τοῦ
2909 1572 3039 1616 νοεῖν
3078 1567 3211 1616 κατά
3262 1567 3421 1636 φύσιν
3470 1560 3668 1635 δύναμιν
3700 1566 3780 1632 ἔχει

2252 1653 2623 1724 σχολάζουσαν
2674 1653 2964 1713 παντελῶς·
3006 1656 3162 1711 ἡνίκα
3192 1650 3250 1705 δὲ
3282 1656 3481 1711 ταύτην
3520 1652 3661 1723 λύσῃ,
3699 1656 3781 1707 ratio

2251 1925 2589 1993 συνημμένος,
2645 1922 2715 1982 ὡς
2775 1922 2900 1995 ὑπὲρ
2968 1924 3144 1993 φύσιν,
3192 1926 3283 1973 καὶ
3346 1929 3411 1993 τῇ
3484 1920 3662 1993 μεθέξει
3708 1921 3785 1975 θεὸς

2245 2014 2597 2082 γεγενημένος,
2666 2012 2898 2083 καθάπερ
2970 2012 3087 2082 ὅρος

2246 2105 2339 2160 τῆς
2368 2102 2566 2170 φύσεως
2594 2101 2910 2171 μετατίθησι
2939 2098 3158 2173 νόμον.]

3165 2008 3407 2069 ἀκίνητον
3490 2009 3669 2073 ἑαυτοῦ,
3725 2010 3785 2056 τοι

2319 2279 2414 2329 Διά
2464 2284 2616 2329 τοῦτο
2667 2306 2736 2317 -
2792 2277 2933 2349 ὑμῖν.
3002 2276 3225 2349 Ὁμοίως
3294 2280 3386 2328 καὶ
3446 2279 3558 2350 περὶ
3622 2276 3784 2326 τούτων.

2605 2390 2750 2438 ΚΕΦ.
2784 2383 2900 2437 ΛΔ’.
2938 2390 3062 2459 Περὶ
3084 2382 3493 2456 ἀμνησικακίας.

2321 2478 2417 2527 Καὶ
2470 2475 2588 2526 ὅταν
2654 2506 2722 2513 -
2776 2475 2937 2547 ὑμῶν.
2995 2472 3120 2525 Εἷπε
3190 2480 3357 2525 ταῦτα
3430 2477 3519 2524 καὶ
3592 2474 3787 2544 πρότερον

2248 2565 2273 2615 ὁ
2350 2566 2558 2637 Κύριος,
2637 2562 2687 2614 ἐν
2765 2572 2837 2634 τῷ
2910 2568 3127 2634 πέμπτῳ
3218 2561 3480 2633 κεφαλαίῳ
3543 2568 3625 2612 τοῦ
3688 2556 3785 2608 κατὰ

2246 2654 2535 2718 Ματθαῖον,
2566 2654 2697 2724 μετὰ
2726 2656 2784 2704 τὸ
2818 2648 3039 2715 διδάξαι
3067 2656 3159 2710 τὴν
3200 2655 3509 2723 προσευχὴν
3532 2654 3588 2702 τό
3608 2666 3618 2679 ·
3660 2649 3785 2715 Πάτερ

2247 2744 2391 2813 ἡμῶν
2435 2743 2459 2793 ὀ
2527 2744 2576 2793 ἐν
2632 2749 2738 2802 τοῖς
2810 2741 3081 2813 οὐρανοῖς·
3151 2744 3239 2793 καὶ
3300 2743 3527 2803 ζήτησον
3583 2738 3673 2790 ἐκεῖ
3720 2741 3786 2791 τὴν

2244 2834 2437 2883 τούτων
2467 2830 2716 2901 ἐξήγησιν
2730 2875 2741 2886 ,

2246 2945 2391 2994 ΚΕΦ.
2450 2939 2567 2992 AE'.
2632 2944 2754 3012 Περὶ
2819 2946 2920 2990 τῶν
2989 2937 3428 3013 ἐπερωτησάντων
3500 2939 3581 2989 τὸν
3646 2936 3789 3005 Κύριοι

2241 3206 2342 3259 λειν
2408 3210 2530 3268 τοὺς
2589 3205 2889 3265 πωλοῦντας
2938 3212 3027 3257 καὶ
3080 3203 3437 3277 ἀγοράζοντας
3493 3203 3539 3254 ἐν
3578 3208 3642 3270 τῷ
3686 3202 3786 3272 ἱερῷ,

2244 3300 2300 3348 τὸ
2350 3295 2648 3369 ἀνατρέπειν
2715 3297 2807 3357 τὰς
2865 3294 3250 3370 προρρηθείσας
3299 3294 3564 3367 τραπέζας
3610 3296 3685 3342 καὶ
3726 3307 3789 3338 κι-

2244 3379 2447 3456 θέδρας,
2520 3387 2577 3435 τὸ
2644 3388 2714 3455 μὴ
2777 3382 2977 3456 ἀφιέναι
3036 3380 3312 3454 διενεγκεῖν
3370 3390 3553 3443 σκεῦος
3601 3376 3681 3431 διὰ
3723 3382 3787 3426 τοὺ

2244 3473 2399 3546 ἱεροῦ,
2430 3478 2519 3525 καὶ
2548 3475 2614 3525 τὰ
2637 3480 2879 3528 τοιαῦτα.

2312 3567 2546 3620 Ζητησον
2594 3565 2651 3613 τὸ
2698 3564 3119 3635 τεσσαρακοστὸν
3172 3558 3363 3632 ὃγδοον
3430 3560 3682 3632 κεφάλαιον
3722 3558 3787 3604 τοῦ

2239 3653 2373 3702 κατὰ
2410 3653 2697 3703 Ματθαῖον.

2306 3738 2364 3791 Ὀ
2412 3736 2470 3792 δὲ
2513 3740 2714 3801 Ἰησοῦς
2772 3738 3071 3814 ἀποκριθεὶς
3118 3770 3186 3779 -
3230 3758 3341 3811 μοι.
3411 3739 3491 3791 Ἐν
3534 3736 3685 3805 ἐκείνῳ
3723 3734 3787 3781 καὶ

2239 3832 2351 3901 περὶ
2382 3832 2570 3881 τούτων
2601 3831 2723 3904 εὑρὴ
2734 3847 2854 3889 σεις.

2313 3924 2409 3972 Καὶ
2439 3918 2734 3989 ἐλογίζοντο
2764 3948 2832 3959 -
2862 3916 3162 3992 ἀνθρώπων.
3208 3920 3392 3971 Λείπει
3418 3921 3478 3969 τὸ
3518 3915 3651 3987 οὐχί.

2306 4099 2616 4173 Ἐφοϐοῦντο
2665 4130 2731 4138 -
2788 4100 2871 4156 ἦν.
2924 4128 2993 4137 ——
3042 4095 3202 4168 Εἶχον
3255 4099 3343 4149 τὸν
3404 4097 3655 4159 Ἰωάννην,
3709 4090 3791 4140 ἀντὶ

2239 4198 2351 4254 τοῦ,
2412 4188 2894 4262 ἑπεπληροφόρηντο
2960 4191 3075 4259 περὶ
3126 4193 3218 4238 τοῦ
3285 4187 3550 4238 Ἰωάννου.
3623 4184 3791 4253 Εἴρηται

2241 4276 2299 4332 δὲ
2327 4284 2417 4331 καὶ
2449 4283 2566 4351 περὶ
2592 4280 2785 4329 τούτων
2826 4276 2948 4329 ἐκεῖ.

548 4361 708 4414 Vers.
768 4357 855 4413 33.
922 4358 994 4413 Et
1051 4387 1120 4398 —
1167 4356 1339 4426 facio.
1409 4357 1688 4414 Similiter
1744 4364 1800 4415 et
1857 4360 1949 4416 his
1999 4376 2131 4418 exa-

2314 4373 2412 4421 Καὶ
2471 4398 2535 4408 -
2592 4374 2744 4419 ποιῶ.
2794 4365 3018 4437 Ὁμοίως
3069 4369 3160 4417 καὶ
3227 4369 3345 4439 περὶ
3427 4365 3614 4417 τούτων
3682 4357 3793 4426 ἀκρι-

477 4446 757 4503 ctissime.

2258 4456 2471 4510 ῗέστατα
2484 4499 2495 4510 .

942 4536 1098 4593 CAP.
1126 4535 1348 4592 XXXVI.
1377 4539 1452 4591 De
1479 4538 1664 4593 vinea.

2584 4550 2727 4597 ΚΕΦ.
2759 4542 2877 4613 Ag”.
2911 4547 3033 4615 Περὶ
3062 4549 3154 4595 τοῦ
3187 4540 3507 4615 ἀμπελῶνος.

551 4627 699 4683 CAP.
736 4627 838 4680 XII.
874 4626 1037 4681 Vers.
1064 4627 1114 4680 ’1.
1158 4627 1233 4681 Et
1296 4627 1460 4695 coepit
1508 4657 1576 4667 —
1604 4643 1846 4697 peregre
1895 4631 2127 4701 profec'

2315 4639 2415 4687 Καὶ
2462 4632 2658 4706 ἤρξατο
2717 4661 2772 4671 -—
2834 4628 3166 4703 ἀπεδήμησε.
3215 4631 3393 4683 rma
3446 4636 3533 4705 μὲν
3593 4638 3677 4688 τῆς
3730 4643 3797 4675 παν

479 4718 571 4768 ius
595 4720 694 4769 est.
722 4715 847 4769 Alia
868 4714 1113 4785 quidem
1141 4715 1318 4787 hujus
1346 4716 1647 4788 parabolae
1674 4717 1966 4775 declarata
1991 4725 2131 4776 sunt

478 4802 978 4875 quinquagesimo
1006 4805 1197 4875 capite
1217 4806 1511 4878 Evangelii
1535 4810 1860 4863 secundum
1880 4811 2132 4866 Matthia-

481 4907 603 4946 um.
638 4891 856 4946 Lacum
882 4908 1022 4947 vero
1054 4893 1215 4959 dicit,
1239 4897 1700 4967 quaiiseratsub
1721 4898 1913 4967 altari,
1931 4900 2029 4955 ubi
2044 4916 2129 4955 re-

480 4979 807 5052 cipiebatur
823 4981 1066 5050 sanguis
1089 4985 1460 5052 animalium,
1478 5002 1613 5057 quae
1640 4986 2129 5045 immolabantur.

2239 4721 2465 4796 ραϐολῆς
2509 4725 2703 4783 ταύτης
2774 4722 3175 4793 ἡρμηνεύθησαν
3229 4720 3278 4772 ἐν
3365 4730 3439 4791 τῷ
3515 4718 3795 4775 πεντηκοστῷ

2240 4812 2498 4884 κεφαλαίῳ
2546 4819 2636 4863 τοῦ
2689 4813 2823 4862 κατά
2872 4811 3178 4863 Ματθαίον’
3236 4811 3519 4868 ὑπολήνιον
3583 4805 3637 4861 δὲ
3697 4804 3797 4873 λέγει

2241 4904 2298 4953 τὸ
2330 4901 2574 4952 ὑποκάτω
2598 4907 2689 4952 τοῦ
2724 4901 3127 4971 θυσιαστηρίου,
3172 4899 3197 4951 ὃ
3231 4903 3289 4951 τὸ
3341 4902 3479 4971 αἷμα
3522 4907 3616 4949 τῶν
3657 4894 3796 4961 03951:"-

2242 5010 2337 5041 νων
2366 4990 2510 5050 ζώων
2537 4985 2844 5061 ὑπεδέχετο.

1647 5136 1862 5203 Variae
1895 5137 2222 5207 lectiones
2256 5148 2321 5206 et
2352 5148 2550 5206 notae.

548 5300 661 5373 (66)
695 5300 827 5355 Haec
860 5304 1102 5381 uterque
1145 5302 1200 5381 in
1258 5307 1521 5381 margine
1553 5306 1752 5381 liabet.
1816 5308 2128 5381 Heuteuius

479 5389 597 5428 non
638 5373 928 5439 agnoscit.
972 5373 1276 5442 Reperitur
1334 5373 1447 5431 hoc
1502 5377 1790 5433 SChOllllln
1841 5379 2019 5434 etiam
2072 5382 2131 5435 in

480 5444 617 5520 edit.
654 5444 869 5520 Veneta
893 5444 1311 5515 Theopbylacti
1353 5454 1495 5503 tom.
1536 5456 1581 5514 1,
1613 5466 1669 5520 p.
1698 5450 1822 5506 795.
1858 5450 1926 5508 B.
1959 5452 2132 5517 Quili-

476 5516 595 5592 bet,
633 5516 978 5592 utarbitror,
996 5516 2133 5592 auctoremagnoscit.'Repetitumenim

476 5589 708 5715 1ridetur
729 5603 796 5646 ex
824 5586 1155 5659 allegoricis
1182 5586 1510 5661 quisquiliis
1528 5586 1722 5648 sancti
1749 5593 1985 5650 Maximi
2016 5610 2149 5668 pro-

502 5676 740 5715 essoris.

502 5676 740 5720 GSSOI‘IS.

2312 5307 2427 5373 (67)
2470 5305 2677 5375 Λαϐὼν,
2709 5307 2769 5361 Β.
2799 5306 2885 5361 Ita
2917 5306 3141 5362 Veneti.

2315 5366 2427 5449 (68)
2470 5366 2889 5446 Corrigendum
2916 5379 3150 5433 videtur
3176 5386 3273 5430 τῶν
3295 5378 3354 5429 οὐ
3383 5380 3523 5431 κατὰ
3545 5381 3672 5432 Θεὸν.
3696 5366 3793 5422 Val-

2242 5458 2448 5535 gatum
2480 5449 2712 5506 Veneti.
2752 5449 2933 5505 Paulo
2961 5456 3098 5505 ante
3124 5450 3357 5506 correxi
3382 5451 3565 5507 etiam
3584 5449 3689 5515 λύσῃ
3709 5452 3789 5512 pro

2247 5535 2415 5578 Λυσει.

2330 5592 2447 5664 (69)
2483 5596 2675 5660 Τεκών,
2706 5591 2904 5649 Veneti
2917 5636 2929 5650 .

3894 4322 3903 4375 ἓ

3896 4390 3905 4451 ἓ

3892 4538 3905 4581 ἓ

3892 4584 3903 4607 2

3892 4612 3905 4695 ἐ

3886 4700 3905 4747 Ti

3898 1402 3905 1435 ξ

3896 1446 3905 1503 l

3892 1510 3907 1691 ἕ

3898 4406 3905 4433 I

3896 4878 3905 4997 ἓ

3896 5006 3905 5021 Α

3900 5028 3903 5035 μ

3900 5058 3905 5077 l
