3922 6200
125 245 206 301 833
1053 235 1427 297 COMMENT.
1477 237 1545 293 IN
1587 234 1916 291 MARCUM.
1965 265 2026 275 -—
2067 235 2225 289 CAP.
2270 237 2388 292 XII.

3300 239 3404 298 834

181 373 260 423 Καὶ
323 366 562 419 ἀπέστειλε
639 398 706 406 —
786 364 1092 437 ἀμπελῶνος.
1167 363 1248 417 Ἐν
1304 364 1475 436 ἐκείνῳ
1548 368 1629 414 καὶ

1820 359 1984 414 Vers.
2025 363 2078 414 2.
2120 361 2195 415 Et
2224 364 2407 418 emisit
2439 393 2501 402 -
2534 361 2730 418 vineae.
2765 363 2828 417 In
2862 362 2961 418 illo
2993 364 3170 421 etiam
3203 365 3276 422 de
3311 367 3404 422 his

120 462 212 532 περὶ
246 460 412 508 τούτων
440 457 686 530 εὑρήσεις.
731 453 866 528 Ὅρα
897 450 973 519 δὲ,
1009 463 1115 516 πῶς
1154 457 1202 506 οἱ
1253 474 1476 528 γεωργοι
1519 456 1640 514 τοὺς

118 549 304 620 καρποὺς
345 542 684 612 ἀπαιτοῦνται,
719 546 786 606 ὡς
822 542 1124 617 ἐπιμεληταὶ
1168 548 1257 596 καὶ
1289 544 1504 616 φύλακες
1549 547 1640 594 τοῦ

121 636 378 708 ἀμπελῶνος.

173 726 226 776 Oi
266 719 314 775 δὲ
344 753 402 762 -
450 721 762 777 ἀπέκτειναν.
821 727 921 776 Καὶ
976 730 1144 775 ταῦτα
1190 723 1360 775 πάντα
1413 717 1640 795 διηρμη-

118 814 322 870 νεὺθησαν
347 813 520 884 ὁμοίως
549 810 670 866 ἐκεῖ.

169 903 263 953 Ἐτι
309 932 368 940 -
406 899 704 973 ἀμπελῶνος.
761 905 860 955 Καὶ
910 908 1073 954 ταῦτα
1119 900 1499 975 παραπλησίως
1543 907 1640 958 τῆς

119 992 422 1064 προσηκούσης
448 989 548 1042 ἐκεῖ
574 995 931 1062 τετυχήκασιν
966 989 1124 1062 ἐξηγή
1135 1009 1285 1053 σεως.

174 1191 224 1239 Ti
245 1183 314 1238 οὖν
337 1217 396 1226 -
420 1185 610 1250 ἄλλοις.
639 1185 754 1240 Ἔτι
783 1192 873 1240 καὶ
895 1195 1076 1241 ταῦτα.

178 1272 288 1328 Οὗῧε
312 1307 362 1318 --
387 1275 662 1349 ὀφθαλμοῖς
697 1279 862 1350 ἡμῶν.
893 1277 1114 1350 Ὁμοίως
1146 1281 1236 1330 καὶ
1273 1285 1456 1331 ταῦτα.

171 1477 248 1524 Καὶ
281 1471 474 1532 ἐζήτουν
501 1504 572 1513 -
603 1469 729 1528 εἷπε.
764 1475 902 1548 Πρὸς
944 1473 1151 1542 αὐτοὺς,
1199 1473 1311 1528 ἀντὶ
1357 1482 1467 1545 τοῦ,
1516 1479 1636 1549 περὶ

111 1558 257 1611 αὐτῶν.
300 1560 432 1612 Οὕτω
469 1563 572 1637 γὰρ
623 1558 756 1614 εἶπεν
801 1563 826 1614 ὁ
870 1565 1148 1630 Ματθαῖος,
1207 1565 1330 1637 παρ’
1444 1569 1533 1617 καὶ
1573 1568 1639 1617 τά

104 1649 281 1718 ῥηθέντα
308 1651 456 1702 πάντα
484 1646 900 1723 διασεσάφηται.

161 1743 240 1790 Καὶ
279 1737 462 1810 ἀφέντες
491 1739 650 1792 αὐτὸν
699 1739 949 1800 ἀπῆλθον.
989 1740 1100 1795 Ἵνα
1127 1747 1198 1810 μὴ
1232 1748 1320 1796 καὶ
1351 1743 1481 1796 ἄλλα
1525 1745 1638 1798 κατ’

103 1826 234 1878 the)»
272 1830 397 1900 εἷπη,
447 1833 535 1880 καὶ
587 1831 670 1881 ἱνα
716 1832 1118 1884 συσκευάσωσιν
1183 1831 1458 1892 ἐπιϐουλὴν
1516 1838 1634 1887 κατ’

99 1915 240 1970 ωᾶτοῦ.

100 2023 211 2072 ΚΕΦ.
283 2021 393 2076 ΔΖ’.
476 2030 606 2098 Περὶ
669 2033 768 2076 τῶν
852 2025 1285 2101 ἐπερωτησάντων
1371 2027 1463 2084 διὰ
1545 2036 1631 2085 τὸν

725 2123 936 2173 κῆνσον.

148 2202 228 2250 Καὶ
256 2197 620 2256 ἀποστελλουσι
655 2234 723 2242 -
750 2203 905 2276 λόγῳ.
937 2209 1155 2280 Εἴρηται
1181 2213 1298 2282 περὶ
1345 2212 1538 2262 τούτων
1582 2209 1630 2262 ἐν

92 2295 144 2356 τῷ
174 2299 476 2362 πεντηκοστῷ
518 2297 710 2366 πρώτῳ
739 2293 998 2367 κεφαλαίῳ
1025 2304 1117 2349 τοῦ
1156 2300 1292 2350 κατὰ
1337 2301 1627 2367 Ματθαῖον,

93 2374 141 2434 εἰς
160 2382 206 2428 τὸ
230 2378 356 2440 τέλος
381 2379 517 2452 (70).

140 2466 276 2515 Oi—
315 2464 608 2530 διδάσκεις.
658 2471 767 2524 Ἐπ’
809 2470 1072 2538 ἀληθείας,
1110 2474 1224 2528 ἀντὶ
1253 2483 1365 2541 τοῦ,
1407 2477 1625 2541 ἀληθῶς.

89 2555 262 2622 Εῑρηται
285 2552 339 2608 δε
361 2563 447 2610 καὶ
480 2563 602 2632 περὶ
630 2563 828 2612 τούτων
859 2559 906 2613 ἓν
937 2562 1126 2635 ἐκείνῳ,

137 2640 308 2704 Ἐξεστι
335 2677 399 2688 —
431 2645 508 2699 ἐπ’
560 2647 721 2719 αὐτῷ.
757 2655 856 2703 Καὶ
895 2657 1013 2724 περὶ
1056 2657 1250 2706 τούτων
1294 2658 1496 2709 πάντων
1529 2656 1632 2711 ἐκεῖ

84 2724 425 2804 διηρμήνενται.

313 2847 452 2898 ΚΕΦ.
485 2844 625 2897 ΑΠ’.
670 2849 792 2919 Περὶ
819 2854 919 2898 τῶν
949 2844 1342 2906 Σαδδουκαίων.

1749 448 2029 503 invenies.
2060 448 2198 503 Vide
2231 456 2429 506 autem
2456 450 2755 522 quomodo
2774 451 2851 506 ab
2874 454 3148 522 agricolis
3179 455 3404 511 fructus

1749 544 2042 609 repetunt,
2078 545 2364 612 tanquam
2386 556 2422 595 a
2445 541 2932 612 procuratoribus
2955 559 3024 598 ac
3049 546 3402 603 custodibus

1750 625 1960 683 vineae.

1823 716 1989 773 Vers.
2021 716 2074 771 3.
2106 717 2181 771 At
2210 718 2307 774 itti
2331 750 2397 758 —
2428 719 2586 775 Vers.
2627 725 2675 777 5.
2706 721 3052 778 occiderunt.
3086 725 3220 779 Haec
3254 740 3404 796 quo-

1749 821 1866 877 que
1905 805 2109 862 omnia
2149 807 2411 863 similiter
2439 808 2520 864 ibi
2542 809 2844 867 declarata
2883 817 3044 869 sunt.

1820 894 1988 950 Vers.
2020 896 2074 948 6.
2099 895 2306 951 Adhuc
2332 928 2398 936 ——
2439 897 2596 952 Vers.
2629 899 2682 952 8.
2718 900 2967 956 vineam.
3006 904 3067 956 Et
3096 902 3219 958 haec
3245 903 3404 960 simi-

1747 982 1876 1038 liter
1913 985 2182 1055 proxime
2211 985 2505 1042 accedunt
2532 986 2605 1042 ad
2639 1003 2794 1055 eam,
2828 1005 2962 1060 quae
3013 991 3094 1046 ibi
3119 992 3259 1049 data
3289 1000 3399 1059 est,

1749 1077 2190 1128 enarrationem
2205 1117 2217 1130 .

1819 1161 1982 1217 Vers.
2010 1167 2063 1218 9.
2099 1163 2250 1229 Quid
2279 1178 2416 1234 ergo
2442 1195 2509 1204 —-
2535 1165 2694 1221 aliis.
2726 1167 3014 1224 Praeterea
3038 1173 3093 1225 et
3119 1169 3268 1226 hate.

1819 1251 1979 1307 Vers.
2015 1252 2100 1307 10.
2133 1252 2226 1308 An
2259 1268 2360 1309 nec
2389 1284 2457 1294 —
2505 1255 2662 1310 Vers.
2686 1257 2774 1312 11.
2825 1258 3004 1314 oculis
3037 1262 3269 1316 nostris.
3324 1261 3403 1317 Si-

1751 1339 1960 1396 militer
1985 1345 2043 1396 et
2059 1341 2204 1397 hinc.

1819 1430 1980 1486 Vers.
2016 1431 2100 1485 12.
2127 1432 2555 1503 thuarrebant
2581 1465 2647 1474 —-
2668 1435 2907 1493 dixerat
2932 1469 3000 1478 —
3024 1439 3122 1494 Ad
3150 1456 3261 1507 eos,
3287 1441 3401 1497 hoc

1747 1524 1854 1586 est,
1884 1519 1958 1575 de
1984 1520 2126 1592 ipsis
2151 1539 2165 1590 ;
2193 1522 2272 1577 ita
2294 1521 2457 1578 enim
2487 1523 2630 1580 dixit
2650 1525 2978 1597 Matthasus,
3010 1529 3172 1599 apud
3215 1547 3397 1600 quem

1748 1608 2028 1680 praedicta
2055 1611 2259 1666 omnia
2284 1612 2664 1668 manifestata
2690 1619 2829 1669 sunt
2854 1617 2924 1671 σε.

1818 1697 1978 1752 Vers.
2027 1699 2114 1755 12.
2141 1700 2216 1753 Et
2246 1716 2305 1755 eo
2348 1701 2553 1757 relicto
2606 1706 2820 1772 egressi
2867 1707 3020 1760 sunt.
3072 1710 3152 1764 Ne
3191 1712 3249 1764 et
3278 1710 3398 1768 alia

1746 1787 2034 1842 adversus
2049 1804 2153 1845 eos
2176 1789 2421 1846 diceret:
2450 1796 2631 1863 utque
2658 1791 2909 1851 insidias
2939 1795 3231 1854 adversus
3255 1816 3395 1856 eum

1743 1884 2163 1948 praepararent.

1816 1965 1967 2022 CAP.
1998 1967 2250 2023 XXXVII.
2277 1969 2356 2024 De
2380 1969 2884 2041 interrogantibus
2905 1975 3209 2034 Dominum
3237 1993 3396 2035 occa-

2364 2059 2520 2114 sione
2545 2076 2762 2119 census.

1812 2146 1981 2202 Vers.
2020 2147 2102 2200 13.
2136 2147 2213 2201 Et
2237 2147 2507 2203 emittunt
2532 2179 2599 2188 —
2625 2165 2902 2211 sermone.
2938 2153 3167 2213 Dictum
3198 2164 3291 2215 est
3319 2160 3394 2216 de

1739 2235 1832 2291 his
1860 2235 2366 2306 quinquagesimo
2406 2238 2602 2308 primo
2628 2241 2800 2312 juxta
2831 2243 3171 2302 Matthaaum
3202 2251 3395 2322 capite

1742 2324 1900 2380 circa
1929 2323 2132 2381 ﬁnem.

1816 2416 1974 2470 Vers.
2011 2415 2096 2470 14.
2123 2414 2236 2483 Qui
2260 2447 2328 2456 —
2358 2417 2543 2474 doces.
2578 2420 2639 2475 In
2667 2423 2932 2490 veritate,
2961 2424 3076 2482 hoc
3098 2433 3207 2493 est,
3234 2445 3393 2489 vere.

1742 2504 1973 2560 Dictum
2002 2509 2091 2561 est
2120 2511 2176 2561 et
2201 2505 2275 2560 de
2305 2506 2400 2562 his
2424 2507 2670 2565 ibidem.

1813 2595 1970 2648 Vers.
2005 2594 2089 2651 14.
2129 2594 2289 2651 Licet
2320 2626 2389 2636 —-
2424 2596 2584 2652 Vers.
2619 2599 2704 2653 17.
2739 2600 2811 2656 de
2847 2617 2930 2657 eo.
2993 2607 3071 2660 De
3122 2605 3214 2662 his
3245 2624 3396 2680 quo-

1741 2697 1859 2754 que
1889 2683 2170 2739 omnibus
2200 2684 2344 2740 data
2373 2686 2556 2741 estibi
2587 2687 3006 2760 interpretatio.

2083 2773 2238 2827 CAP.
2272 2774 2556 2831 XXXVIII.
2592 2777 2668 2833 De
2695 2776 3042 2836 Sadduczis.

1811 2857 1974 2916 Vers.
2014 2861 2095 2917 I8.
2136 2862 2209 2915 Et
2236 2863 2480 2919 veniunt
2523 2895 2591 2904 —
2620 2880 2753 2922 esse.
2805 2867 3034 2926 Dictum
3085 2876 3174 2928 est
3202 2873 3277 2930 de
3303 2875 3394 2930 his

1739 2949 2245 3022 quinquagesimo
2269 2951 2436 3008 tertio
2467 2954 2651 3025 capite
2697 2958 2999 3029 Evangelii
3060 2963 3394 3021 secundum

1810 3126 1973 3183 Vers.
2003 3129 2089 3183 18.
2130 3129 2205 3184 Et
2232 3128 2745 3202 interrogaverunt
2783 3167 2850 3177 —
2881 3138 3048 3194 Vers.
3083 3141 3170 3197 19.
3201 3144 3393 3212 fratri

133 2931 214 2979 Καὶ
281 2930 522 3002 ἰρχονταε
589 2964 656 2974 -
722 2932 870 2990 εἶναι.
959 2940 1177 3012 Εἴρηται
1243 2945 1360 3013 περὶ
1435 2945 1626 2996 τούτων

77 3008 112 3061 έν
177 3023 235 3085 τῷ
319 3029 654 3094 πεντηκοστῲ
729 3029 888 3099 τρίτῳ
969 3027 1228 3101 κεφαλαίῳ
1313 3038 1404 3084 τοῦ
1491 3037 1626 3087 κατά

1813 3008 1970 3094 ιῐιὶίω
1979 3008 2100 3094 uin.

75 3105 311 3163 Ματθαίον.

130 3198 210 3246 Καὶ
242 3195 583 3265 ἐπηρώτησαν
627 3233 690 3242 -
721 3211 792 3274 τῷ
839 3201 1044 3278 ἀδελφῷ
1090 3207 1271 3264 αὐτοῦ.
1323 3209 1405 3264 Ἐν
1452 3214 1623 3285 ἐκείνῳ

76 3288 163 3353 περὶ
181 3289 356 3341 τούτων
384 3288 581 3362 ilian
594 3330 607 3342 .

127 3369 262 3426 Ἑπτὰ
334 3409 398 3420 —-
457 3386 712 3452 γυναῖκα,
792 3381 1011 3454 Ὁμοίως
1083 3392 1172 3440 καὶ
1242 3394 1359 3464 περὶ
1433 3394 1626 3445 τούτων

78 3477 254 3517 παντων.

128 3815 177 3870 Ἠ
235 3817 320 3874 διὰ
382 3828 442 3878 τὸ
505 3831 582 3900 μὴ
653 3824 844 3882 εἰδέναι
890 3833 984 3892 τὰς
1041 3837 1266 3907 Γραφάς,
1330 3833 1469 3909 μηδὲ
1535 3844 1628 3898 τὴν

73 3898 249 3978 δύναμιν
308 3921 398 3966 τοῦ
495 3924 658 3988 Θεοῦ,
733 3923 849 3994 περὶ
916 3921 983 3972 ὧν
1071 3924 1260 3995 ὁμοίως
1326 3924 1431 3979 ἐκεῖ
1502 3924 1628 3982 δια·-

73 3998 332 4069 σισαφηται,

120 4082 255 4139 Ὀταν
311 4121 377 4133 -
446 4094 706 4168 οὐρανοῖς.
784 4096 944 4150 Ὀταν
1005 4102 1273 4156 ἀναστῶσι
1339 4108 1521 4169 πάντες
1577 4111 1626 4161 οἱ

71 4171 305 4248 ἄνθρωποι.
351 4187 450 4236 Καὶ
494 4188 622 4258 περὶ
654 4188 843 4239 τούτων
875 4184 934 4240 δὲ
978 4189 1209 4250 ζήτησον
1253 4192 1300 4245 ἐν
1338 4193 1509 4269 ἐκείνῳ
1553 4207 1625 4270 τῷ

69 4265 303 4339 κεφαλαίῳ,

1735 3231 1854 3272 suo.
1888 3216 1952 3272 In
1981 3217 2080 3272 illo
2111 3218 2334 3274 dictum
2358 3225 2446 3276 est
2477 3220 2550 3276 de
2590 3222 2703 3279 his.

1816 3304 1974 3362 Vers.
2011 3310 2096 3362 20.
2124 3306 2356 3376 Septem
2393 3340 2463 3350 —
2492 3310 2658 3367 Vers.
2692 3313 2779 3370 '23.
2812 3330 3078 3374 uxorem.
3113 3319 3395 3379 Similiter

1738 3398 1795 3450 et
1823 3394 1897 3450 de
1922 3394 2014 3450 his
2053 3397 2359 3453 omnibus.

1812 3484 1973 3540 Vers.
1997 3485 2085 3541 24.
2117 3489 2182 3542 Et
2214 3489 2568 3558 respondens
2599 3521 2667 3531 —
2693 3493 2812 3550 Dei
2832 3494 2859 3549 (Ι
2881 3525 2949 3534 —-
2972 3495 3218 3567 Propter
3247 3500 3391 3569 hoc;

1739 3574 2040 3640 Quidnam
2071 3574 2099 3630 7
2118 3577 2375 3646 Propter
2405 3579 2533 3646 hoc,
2563 3583 2730 3653 quod
2758 3586 3076 3643 carnaliter
3105 3588 3178 3645 de
3203 3606 3394 3647 resur-

1736 3665 1999 3722 rectione
2027 3667 2312 3724 sentiatis.

1811 3755 1912 3810 Vel
1942 3759 2179 3826 Propter
2200 3764 2327 3825 hoc,
2361 3760 2521 3831 quod
2550 3763 2814 3818 nesciatis
2838 3765 3179 3836 Scripturas
3211 3786 3396 3842 neque

1736 3845 2056 3914 potentiam
2120 3846 2248 3904 Dei.
2305 3847 2386 3904 De
2428 3850 2651 3922 quibus
2704 3853 2971 3912 similiter
3031 3857 3113 3914 ibi
3167 3858 3395 3917 dictum

1737 3938 1849 3991 est.

1810 4023 2087 4079 Vers.?S.
2121 4025 2267 4082 Cum
2324 4057 2391 4066 --
2416 4029 2570 4085 cretis
2601 4060 2670 4070 —
2719 4033 2864 4088 Cum
2925 4039 3385 4104 resurrezerint,

1736 4127 1947 4167 omnes
1980 4111 2247 4170 videlicet
2266 4114 2567 4172 homines.
2596 4121 2664 4175 Et
2684 4119 2760 4175 de
2790 4121 2882 4177 his
2905 4139 3147 4196 quoque
3173 4127 3387 4184 eodem

1736 4201 1930 4273 capite
1958 4217 2180 4272 quaere.

1807 4291 1980 4348 Vers.
2019 4294 2108 4348 26.
2145 4293 2233 4349 De
2261 4324 2329 4334 —
2359 4295 2524 4351 Vers.
2563 4297 2653 4353 27.
2697 4300 3034 4357 viventium.
3068 4303 3134 4356 Et
3156 4303 3284 4359 haec
3311 4304 3393 4360 ibi

124 4357 225 4425 Περὶ
275 4389 338 4399 -—
388 4362 623 4422 ζώντων.
676 4369 777 4418 Καὶ
824 4375 987 4420 ταῦτα
1032 4373 1200 4425 πάντα
1243 4372 1349 4427 ἐκεῖ
1386 4375 1623 4431 λελεπτο-

1813 4396 1841 4436 r
1879 4380 2116 4451 singula
2141 4388 2279 4439 sunt
2299 4384 2640 4456 explanata.

68 4437 260 4509 ὶογητσι.
305 4456 414 4524 Χρή
469 4449 532 4505 δὲ
591 4459 885 4524 γινώσκειν,
933 4459 1012 4511 ὅτι
1057 4466 1146 4514 καὶ
1186 4463 1214 4522 ἡ
1266 4462 1424 4537 βάτος
1461 4472 1550 4520 καὶ
1599 4471 1624 4522 δ

70 4525 197 4596 βάτος
221 4532 511 4616 ἀδιαφόρως
541 4541 796 4614 λέγονται.

120 4619 264 4692 ’Υμείς
323 4660 393 4668 —
464 4631 755 4689 πλανᾶσθε.
825 4635 945 4709 Οὐχ
1016 4637 1206 4706 ἁπλῶς,
1283 4641 1411 4696 ἀλλά
1465 4649 1622 4702 πάνυ.

65 4710 195 4805 Τοῦτο
248 4711 306 4770 δε
368 4723 715 4793 προσέθηκεν,
792 4727 862 4788 ὡς
938 4725 1218 4800 προδήλως
1283 4731 1623 4808 ἐληλεγμένων

65 4815 269 4858 πίπτων.

321 4920 469 4972 ΚΕΦ.
502 4918 643 4974 ΛΘ¹.
678 4924 802 4994 Περὶ
831 4917 922 4974 τοῦ
953 4928 1319 4998 Γραμματέως.

119 5000 200 5050 Καὶ
252 5005 550 5076 προσελθὼν
611 5039 679 5049 -
743 5007 957 5080 ἕντολγη
1006 5020 1192 5088 Πρώτη
1239 5020 1462 5090 πάντων,
1521 5033 1621 5078 τῶν

61 5085 209 5152 νόμων.
267 5095 488 5166 Εἰρηται
544 5091 608 5149 δε
653 5103 770 5174 περὶ
821 5103 1008 5154 τούτου
1066 5103 1116 5156 ἐν
1164 5115 1237 5179 τῷ
1285 5124 1620 5189 πεντηκοστῷ

61 5175 246 5250 τετάρτῳ
272 5182 533 5257 κεφαλαίῳ
561 5193 654 5239 τοῦ
683 5190 818 5242 κατὰ
844 5192 1134 5251 Ματθαῖον.

115 5327 152 5362 ⁸³
187 5331 378 5394 Matth.
415 5354 543 5410 ut,
572 5339 661 5398 45.

1807 4561 1966 4616 Vers.
1997 4563 2092 4617 27.
2156 4562 2262 4618 Vos
2319 4593 2389 4603 —
2443 4565 2676 4620 erratis.
2725 4568 2853 4623 Non
2899 4570 3222 4640 utcunque,
3283 4571 3390 4628 sed

1734 4647 2010 4705 multum.
2042 4650 2158 4706 Hoc
2183 4656 2386 4708 autem
2417 4653 2667 4720 addidit,
2693 4659 2986 4728 tanquam
3006 4673 3214 4715 eorum
3246 4659 3384 4717 insi-

1734 4739 2021 4810 pientiam
2062 4741 2372 4797 manifeste
2405 4759 2682 4814 arguens.

2182 4851 2332 4906 CAP.
2352 4852 2582 4908 XXXIX.
2611 4855 2698 4912 De
2722 4855 2950 4914 Scriba.

1803 4939 1970 4995 Vers.
2001 4941 2089 4995 28.
2129 4941 2202 4996 Et
2233 4942 2504 4999 accedens
2525 4974 2594 4984 —
2623 4945 3033 5004 mandatorum
3062 4950 3090 5006 ?
3119 4950 3387 5010 Primum

1731 5029 2024 5097 omnium,
2055 5046 2187 5101 quae
2219 5037 2355 5088 sunt
2396 5031 2458 5088 in
2487 5033 2638 5104 lege.
2675 5033 2906 5092 Dictum
2945 5041 3034 5093 est
3081 5045 3283 5097 autem
3309 5041 3385 5098 de

1727 5118 1844 5175 hoc
1885 5120 2388 5192 quinquagesimo
2426 5127 2646 5195 quarto
2698 5124 2892 5198 capite
2941 5129 3244 5201 Evangelii
3299 5145 3388 5188 se-

1729 5209 1997 5266 cundum
2022 5210 2383 5266 Matthasum.

1272 5478 1488 5552 Variae
1512 5483 1841 5558 lectiones
1873 5496 1939 5557 et
1968 5495 2146 5559 notas

115 5600 210 5677 co)
236 5610 362 5683 Περὶ
385 5612 450 5666 τὸ
484 5608 654 5682 τέλος,
680 5618 740 5670 n.
