3922 6200
136 175 218 230 837
1051 163 1420 223 COMMENT.
1461 158 1530 214 IN
1570 149 1905 214 MARCUM.
1957 186 2024 196 —
2064 156 2220 214 CAP.
2263 160 2404 216 XIII.

3316 173 3420 230 838

133 296 309 368 ἀκριϐῶς
333 293 373 347 ἔν
396 293 522 368 ἀρχῇ
562 299 654 347 τοῦ
681 297 1036 349 πεντηκοστοῦ
1068 291 1215 342 ἕκτου
1255 286 1532 360 κεφαλαίου
1558 304 1627 337 τοι

1801 285 1962 336 xacte
1985 280 2357 354 disputatum
2395 289 2573 343 estin
2616 290 2908 364 principio
2937 295 3422 368 quinquagesimi

132 389 235 438 κατά
258 384 503 438 Ματθαῐον.

252 491 376 545 ΚΕΦ.
401 486 524 543 ΜΑ’.
549 493 674 561 Περὶ
702 495 792 549 τῆς
814 490 879 541 τὰ
909 483 1005 540 δύο
1027 485 1188 538 λεπτὰ
1215 483 1503 558 βαλούσης.

186 585 265 634 Καὶ
307 580 503 638 καθίσας
554 609 616 618 -
672 576 1078 650 γαζοφυλάκιον.
1134 578 1204 628 Τὸ
1265 571 1650 646 γαζοφυλάκιον

131 667 538 742 θησανροφυλάκιον
565 663 647 730 ἧν,
677 665 725 718 ἓν
750 674 823 737 τῷ
851 673 978 736 ναῷ,
1007 665 1078 727 εἰς
1103 664 1129 717 ὁ
1154 666 1338 725 πάντες
1367 666 1416 715 οἱ
1446 665 1654 734 ἔχοντες

128 759 197 810 καὶ
221 759 405 818 θελοντες
422 755 669 808 ἐνέϐαλλον
687 759 744 808 τὸ
764 758 898 808 κατὰ
925 752 1169 828 δύναμιν,
1202 756 1332 828 πρὸς
1358 751 1652 824 ἀποτροφὴν

129 857 204 900 τῶν
224 851 427 905 πενήτων.

179 1046 260 1099 Καὶ
285 1041 434 1095 πολλοὶ
482 1071 551 1080 -
597 1037 910 1116 κοδράντης.
951 1047 1037 1111 ‘0,
1068 1043 1127 1094 τὸ
1169 1039 1348 1092 λεπτὸν
1386 1034 1650 1106 δηλονότι,

128 1133 209 1183 ἔστι
238 1131 337 1202 παρ’
379 1129 650 1205 Ἑϐραίοις,
707 1134 869 1202 ἤγουν
919 1128 1123 1200 λέγεται
1173 1125 1467 1204 κοδράντης
1518 1129 1649 1200 (74).

130 1219 287 1272 Λεπτὸᾶ
309 1216 472 1272 δίέστι
503 1219 629 1295 παρ’
658 1221 783 1292 ἡμῖν
811 1221 836 1271 ὁ
870 1218 1067 1281 ὀϐολός.

180 1420 256 1469 Καὶ
324 1415 786 1490 προσκαλεσάμενος
854 1447 923 1456 -
1023 1416 1347 1489 ὑστερήσεως
1449 1413 1636 1477 αὐτῆς.

118 1493 358 1578 ’Υστέρησις
420 1508 508 1578 μεν
591 1512 805 1574 νοεῖται,
883 1506 913 1563 ἡ
989 1500 1184 1561 ἔνδεια,
1258 1511 1367 1556 Νῦν
1422 1499 1500 1571 δὲ,
1583 1506 1640 1555 τὸ

1759 369 1904 424 sexti
1928 370 2128 441 capitis
2156 373 2450 444 Evangelii
2483 378 2815 434 secundum
2846 381 3231 462 Matthaaum.

1867 457 2020 514 CAP.
2056 460 2186 516 XLI.
2221 465 2303 519 De
2331 465 2510 520 vidua
2541 481 2670 538 qum
2697 467 2810 523 duo
2836 470 3056 527 minuta
3086 459 3313 531 obtulit.

1831 547 1991 603 Vers.
2024 551 2110 606 41.
2145 551 2220 606 Et
2250 567 2381 608 cum
2411 556 2635 611 sederet
2664 585 2733 596 -ο
2760 559 3281 630 gazophylacium.
3316 567 3421 623 Ga-

1760 635 2180 707 zophylacium
2233 646 2354 696 erat
2392 659 2532 699 arca
2583 643 2683 699 ubi
2733 645 3044 704 thesaurus
3092 651 3150 706 in
3201 655 3422 726 templo

1763 725 2130 792 servabatur,
2164 728 2223 783 in
2255 746 2442 801 quam
2458 748 2688 799 omnes,
2715 736 2816 807 qui
2847 737 3155 796 habebant
3184 746 3240 796 et
3267 725 3423 799 vole-

1765 811 1931 879 bant,
1973 829 2082 886 pro
2129 817 2355 872 viribus
2417 820 2763 891 injiciebant
2802 826 2877 880 ad
2928 843 3263 900 pauperum
3313 831 3424 887 ali-

1763 907 2055 958 mentum.

1835 990 1993 1047 Vers.
2022 995 2114 1048 4t.
2141 994 2216 1048 Et
2245 996 2414 1051 multi
2439 1028 2507 1037 —
2551 998 2720 1055 Vers.
2747 1003 2836 1056 42.
2871 1005 3194 1073 quadrans.
3229 1009 3416 1074 Quod,

1761 1083 1918 1150 puta,
1971 1081 2271 1138 minutum
2320 1089 2407 1140 est
2453 1087 2616 1157 apud
2672 1088 2972 1158 Hebraeos,
3034 1093 3156 1149 sive
3207 1094 3422 1151 dicitur

1759 1167 2092 1239 quadrans.
2137 1172 2356 1228 Dicitur
2383 1189 2627 1246 quoque
2657 1178 2774 1233 alio
2810 1179 2992 1236 modo
3023 1181 3256 1254 obolus,
3298 1184 3420 1240 sive

1758 1254 1958 1310 λεπτόν.

1831 1347 1992 1402 Vers.
2034 1351 2122 1404 43.
2181 1351 2259 1406 Et
2315 1351 2638 1410 advocatis.
2707 1387 2775 1397 —
2815 1358 2974 1414 Vers.
3034 1363 3122 1416 44.
3161 1365 3419 1431 penuria

1756 1451 1885 1492 sua.
1934 1435 2256 1512 ’Υστέρησις,
2317 1441 2585 1498 defectus
2636 1444 2872 1514 dicitur,
2929 1448 3022 1504 vel
3070 1449 3415 1522 indigentia,

1757 1541 1918 1581 nunc
1982 1532 2182 1583 autem
2249 1545 2358 1602 pro
2398 1547 2488 1596 eo,
2541 1533 2706 1604 quod
2743 1537 3154 1594 necessarium
3221 1545 3305 1596 est
3363 1548 3420 1598 et

116 1592 335 1665 ἀναγκαῖον
367 1599 448 1647 καὶ
501 1590 766 1667 χρειῶδες
821 1595 1102 1666 ὑστέρησιν
1159 1595 1228 1654 ὡς
1285 1588 1452 1665 οἶμαι,
1514 1592 1627 1645 ὠνό-

1803 1615 1914 1682 tile,
1951 1621 2014 1672 ut
2041 1616 2277 1689 opinor,
2313 1620 2536 1692 accepit
2575 1622 2710 1691 (nos
2735 1626 3054 1692 penuriam
3085 1629 3414 1701 vertimus.)

110 1702 231 1754 μασι.

163 1773 306 1824 Πάντα
365 1803 428 1815 --
497 1776 590 1826 τὸν
671 1771 788 1846 βίον
872 1772 1052 1834 αὐτῆς.

104 1858 185 1921 τοῖς
221 1867 462 1935 χρήμασιν
511 1859 598 1929 ἦν,
647 1861 780 1915 ἀλλὰ
830 1861 1058 1915 πλουσία
1123 1868 1184 1933 τῇ
1237 1865 1414 1934 γνώμῃ
1493 1863 1648 1913 καθί-

106 1969 244 2006 στατο.
302 1955 378 2004 Διὸ
421 1957 508 2005 καὶ
565 1953 592 2004 ὀ
650 1957 846 2023 Σωτὴρ,
904 1950 964 2004 οὗ
1014 1954 1071 2003 τὸ
1144 1947 1310 2022 δῶρον
1360 1955 1640 2024 μετρήσας,

103 2036 198 2091 ἀλλὰ
242 2044 323 2100 τὴν
367 2047 667 2116 προαίρεσιν
723 2041 904 2112 αὐτῆς,
972 2048 1138 2094 πλεῖον
1206 2042 1408 2093 πάντων
1469 2037 1644 2112 βαλεῖν

101 2124 196 2180 εἶπε.

149 2223 319 2272 Γένοιτο
371 2217 428 2273 δὲ
475 2225 571 2273 καὶ
623 2225 715 2278 την
764 2219 889 2292 ἐμὴν
933 2218 1118 2290 ψυχὴν
1159 2220 1398 2290 ’γενέσθαι
1443 2224 1640 2293 χήραν,

93 2303 401 2360 ἀποϐαλοῦσαν
436 2313 524 2361 τὸν
560 2305 823 2375 διάϐολον,
935 2307 1262 2376 κεκόλληται,
1301 2313 1391 2361 καὶ
1426 2308 1465 2379 ᾧ
1514 2311 1642 2360 ῦπο-

94 2399 305 2448 τέτακται·
352 2404 438 2450 καὶ
490 2397 673 2469 βαλεῖν
722 2400 794 2460 εἰς
819 2401 905 2450 τὸν
948 2405 1040 2449 τοῦ
1074 2401 1200 2450 Θεοῦ
1245 2399 1511 2472 θησαυρὸν
1545 2395 1643 2450 δύο

92 2485 228 2552 λεπτὰ,
251 2489 303 2538 τὸ
343 2495 490 2560 σῶμα
524 2493 616 2539 καὶ
645 2490 730 2539 τὸν
767 2494 905 2552 νοῦν,
941 2485 1299 2554 λεπτυνθὲντα,
1333 2490 1390 2540 τὸ
1421 2489 1532 2559 μεν,
1568 2483 1602 2539 δ
1608 2489 1642 2540 ι’

90 2568 352 2646 ἐγκρατείας·
375 2580 460 2629 τὸν
492 2573 579 2647 δὲ,
607 2573 699 2629 διὰ
723 2582 1098 2638 ταπεινώσεως.

1131 1771 1195 1826 Εἰ
1272 1775 1362 1823 καὶ
1452 1776 1642 1843 πτωχὴ

141 2769 224 2822 Καὶ
295 2770 695 2848 ἐκπορευομένου
770 2803 839 2814 --
901 2771 1190 2845 καταλυθῇ.
1269 2777 1394 2846 Περὶ
1446 2775 1639 2826 τούτων

86 2852 234 2928 έῤῥήθη
259 2857 303 2912 ἐν
329 2869 399 2932 τῷ
419 2861 556 2915 τέλει
586 2869 678 2915 τοῦ
703 2868 1054 2921 πεντηκοστοῦ
1075 2861 1225 2915 ἕκτου
1251 2861 1529 2935 κεφαλαίου
1547 2871 1638 2916 τοῦ

86 2948 191 2997 κατὰ
214 2951 483 3004 Ματθαῖον.

392 3093 557 3148 ΚΕΦ.
592 3091 720 3150 ΜΒ’.
752 3096 878 3166 Περὶ
905 3093 1214 3155 συντελείας.

128 3211 211 3266 Καὶ
255 3218 544 3290 καθημένου
608 3218 768 3270 αὐτοῦ
824 3250 894 3260 -
945 3219 1332 3289 συντελεῖσθαι;
1392 3225 1631 3281 Ζήτησον

70 3305 157 3371 περὶ
195 3307 370 3357 τούτων
419 3306 469 3359 ἐν
508 3315 588 3379 τῷ
616 3315 949 3378 πεντηκοστῷ
980 3305 1186 3382 ἑϐδόμῳ
1229 3311 1486 3384 κεφαλαίῳ
1535 3321 1626 3366 τοῦ

68 3392 172 3439 κατὰ
193 3392 466 3453 Ματθαῖον.

116 3475 160 3528 Ὀ
184 3476 235 3532 δε
259 3481 467 3546 ’Ἰησοῦς
490 3517 565 3527 —
589 3493 774 3539 ταῦτα.
801 3484 886 3541 Ἐν
916 3485 1090 3559 ἐκείνῳ
1123 3493 1241 3564 περὶ
1271 3491 1470 3543 πάντων
1500 3493 1626 3544 τοῦ·

68 3581 140 3615 των
164 3566 266 3644 ὶρρή
278 3573 358 3630 θη,

117 3654 292 3713 Βλέπετε
320 3694 386 3704 —
417 3663 666 3725 ἑαυτούς.
698 3663 980 3718 Φυλάττετε
1012 3668 1224 3731 ἑαυτοὺς
1255 3667 1355 3722 ἀπὸ
1387 3679 1481 3732 τῆς
1510 3675 1624 3724 τότε

65 3739 196 3804 ἀπάτη
206 3769 240 3810 ς.

112 3834 471 3906 Παραδώσουσι
501 3873 578 3883 —
605 3843 764 3897 ἕνεκεν
795 3842 940 3918 ἐμοῦ.
976 3845 1116 3900 Ἐκεῖ
1147 3853 1236 3901 καὶ
1280 3853 1397 3923 περὶ
1427 3853 1620 3904 τούτων

60 3921 262 3992 εὑρήσεις.

108 4012 179 4074 Εἰς
217 4022 498 4095 μαρτύριον
558 4021 756 4085 αὐτοῖς.
825 4022 912 4085 Εἰς
965 4030 1285 4102 κατηγορίαν
1337 4033 1426 4082 καὶ
1478 4029 1616 4103 ἔλεγ-

53 4116 127 4167 χω
191 4106 366 4175 αὐτῶν,
457 4113 546 4164 ἶνα
612 4116 683 4185 μὴ
755 4109 1012 4166 δύνωνται
1087 4115 1252 4187 λέγειν
1325 4116 1372 4169 ἐν
1448 4129 1614 4194 καιρῷ

51 4194 122 4252 τῆς
183 4205 507 4273 παγκοσμίου
563 4207 804 4274 κρίσεως,
888 4204 968 4255 ὃτι
1053 4205 1164 4257 Οῦκ
1245 4207 1612 4282 ἠνωτισάμεθα

1831 1704 1986 1760 Vers.
2047 1709 2136 1760 44.
2199 1707 2414 1764 Omnia
2471 1739 2539 1749 —
2595 1711 2990 1770 substantiam
3046 1731 3237 1774 suam.
3299 1720 3417 1774 Etsi

1757 1809 1986 1866 pauper
2021 1799 2147 1851 erat
2194 1798 2702 1867 possessionibus,
2758 1801 2925 1858 dives
2972 1809 3172 1860 tamen
3212 1806 3417 1864 animo

1755 1883 2089 1938 ostenditur
2136 1901 2153 1938 :
2194 1885 2329 1942 ideo
2362 1886 2654 1954 Salvator,
2687 1889 2790 1962 qui
2829 1907 2951 1947 non
2995 1891 3222 1949 donum
3271 1911 3419 1966 pon-

1754 1971 1941 2037 derat,
1996 1971 2102 2027 sed
2148 1974 2518 2032 voluntatem
2569 1979 2716 2047 ejus,
2777 1979 2912 2050 plus
2962 1996 3150 2053 quam
3207 1999 3416 2039 omnes

1755 2059 1988 2116 misisse
2027 2059 2190 2117 dicit.

1829 2151 2056 2206 Utinam
2097 2167 2235 2208 vero
2261 2158 2318 2208 et
2348 2155 2553 2211 anima
2583 2172 2720 2213 mea
2749 2158 2932 2216 vidua
2958 2159 3267 2226 efﬁciatur,
3313 2162 3417 2218 ab-

1748 2238 1906 2311 jecto
1944 2239 2207 2309 diabolo,
2241 2243 2334 2297 cui
2368 2243 2739 2315 agglutinata
2765 2253 2852 2304 est
2879 2255 3057 2321 atque
3088 2250 3359 2324 subjecta
3400 2271 3413 2309 :

1754 2343 1890 2400 quae
1929 2330 2123 2386 mittat
2153 2332 2213 2386 in
2246 2333 2344 2388 Dei
2376 2334 2724 2391 thesaurum
2755 2337 2874 2393 duo
2908 2340 3157 2407 minuta,
3200 2358 3418 2415 corpus

1754 2417 2026 2474 videlicet
2070 2435 2140 2475 ac
2187 2427 2444 2478 mentem
2498 2440 2511 2476 :
2559 2425 2932 2483 comminuta
2978 2428 3126 2484 illud
3170 2431 3417 2502 quidem

1755 2522 1860 2577 per
1896 2511 2374 2580 temperantiam,
2405 2511 2560 2568 hanc
2602 2520 2804 2571 autem
2841 2518 3162 2592 peranimi
3210 2520 3414 2577 mode-

1753 2595 1951 2653 stiam.

1821 2739 1958 2812 Cap.
2002 2741 2138 2797 XIII.
2178 2744 2340 2800 Vers.
2385 2749 2432 2799 1.
2464 2745 2540 2801 Et
2565 2748 2895 2818 egrediente
2918 2778 2987 2792 —
3026 2749 3189 2808 Vers.
3227 2752 3279 2808 2.
3321 2754 3411 2810 di-

1749 2867 1987 2920 ruatur.
2029 2868 2109 2922 De
2145 2865 2237 2922 his
2284 2867 2510 2926 dictum
2541 2875 2628 2928 est
2660 2872 2721 2928 in
2770 2873 2889 2930 ﬁne
2926 2875 3412 2949 quinquagesimi

1682 2979 1722 3036 ρ
1751 2953 1899 3008 sexti
1927 2953 2138 3026 capitis
2167 2957 2455 3028 Evangelii
2486 2961 2818 3018 secundum
2848 2964 3208 3023 Matthmum.

2066 3096 2219 3152 CAP.
2253 3097 2410 3153 XLII.
2453 3101 2538 3157 De
2564 3105 3084 3163 consummatione.

1815 3217 1979 3273 Vers.
2008 3223 2059 3274 3.
2091 3219 2345 3292 Cumque
2365 3223 2490 3292 ipse
2517 3225 2742 3282 sederet
2761 3259 2830 3268 —-
2859 3229 3023 3285 Vers.
3055 3233 3107 3287 4.
3141 3248 3403 3291 consum-

1739 3307 1963 3364 manda
1979 3308 2164 3364 sunt?
2193 3312 2400 3376 Quaere
2423 3312 2497 3368 de
2514 3313 2604 3368 his
2630 3315 3132 3389 quinquagesimo
3150 3323 3403 3394 septimo

1739 3396 1927 3466 capite
1967 3398 2271 3469 Evangelii
2307 3401 2641 3458 secundum
2680 3405 3042 3463 Matthmum.

1808 3485 1971 3540 Vers.
2015 3486 2070 3541 5.
2111 3487 2279 3544 Jesus
2319 3497 2516 3548 autem
2556 3523 2625 3533 —
2664 3494 2831 3550 Vers.
2880 3499 2937 3554 9.
2987 3498 3126 3555 hac.
3179 3501 3399 3558 Eodem

1735 3573 1928 3646 capite
1953 3575 2028 3630 de
2057 3576 2151 3632 his
2183 3579 2470 3635 omnibus
2502 3580 2731 3638 dictum
2763 3589 2872 3640 est.

1804 3663 1964 3720 Vers.
2012 3669 2063 3721 9.
2095 3665 2300 3724 Cavete
2328 3701 2394 3710 —
2425 3670 2584 3727 vobis
2615 3673 2776 3742 ipsis.
2812 3675 3045 3733 Servate
3077 3693 3183 3736 vos
3227 3679 3396 3752 ipsos

1732 3769 1766 3808 a
1797 3753 2142 3812 seductione
2171 3773 2302 3829 qua:
2334 3763 2471 3816 tunc
2499 3761 2628 3819 erit.

1803 3843 1963 3900 Vers.
1993 3848 2044 3900 9.
2081 3846 2341 3904 Tradent
2365 3879 2435 3892 -
2463 3865 2646 3909 causa
2671 3867 2814 3911 mea.
2849 3853 2935 3912 Ibi
2966 3872 3205 3931 quoque
3235 3865 3293 3918 et
3321 3861 3395 3918 de

1726 3931 1821 3987 his
1858 3932 2150 3991 invenies.

1799 4023 1958 4078 Vers.
2001 4027 2054 4078 9.
2095 4025 2166 4079 In
2205 4029 2596 4086 testimonium
2626 4031 2783 4101 ipsis.
2824 4033 2914 4089 Ad
2948 4037 3393 4096 accusationem

1725 4113 1782 4166 et
1812 4109 2285 4184 increpationem
2315 4117 2605 4186 ipsorum,
2644 4135 2720 4175 ne
2751 4123 2985 4193 possint
3013 4125 3210 4182 dicere
3250 4131 3393 4185 tem—

1724 4214 1867 4271 pore
1901 4200 2249 4258 universalis
2271 4204 2480 4274 judicii
2515 4225 2527 4260 :
2571 4209 2698 4263 Non
2728 4211 3073 4267 audivimus
3106 4215 3392 4285 praedica-

48 4281 90 4327 τὸ
135 4289 381 4360 κήρυγμα.
446 4297 714 4345 Τοσοῦτον
786 4295 887 4365 γὰρ
961 4293 1087 4346 αῦτό
1146 4293 1610 4367 ἕνωτισθήσονται,

1801 4305 1969 4346 nem.
2014 4290 2074 4346 In
2125 4295 2362 4348 tantum
2400 4295 2562 4350 enim
2592 4296 2789 4368 ipsam
2815 4300 3075 4356 audituri
3106 4281 3277 4370 sunt,
3328 4311 3390 4362 ut

49 4368 150 4422 ὥστε
194 4381 277 4428 καὶ
329 4383 452 4442 τοὺς
504 4385 746 4455 κήρυκας
801 4382 962 4435 αὐτοῦ
1015 4384 1292 4438 κολάσεσιν
1354 4385 1613 4460 ἐσχάταις

45 4457 292 4521 ὑποϐαλεῖν.

96 4547 182 4642 βαι
205 4552 271 4615 εἰς
290 4586 355 4598 -—
381 4559 726 4632 Εὐαγγέλιον.
748 4559 805 4613 Ὀ
829 4557 888 4614 δὲ
916 4563 1183 4626 Ματθαῖος
1210 4566 1433 4640 ἔγραψεν
1462 4573 1511 4623 ἐν
1536 4579 1609 4642 τῷ

41 4629 280 4696 δηλωθέντι
319 4648 617 4720 κεφαλαίῳ’
671 4650 749 4701 ὅτι
777 4655 866 4702 καὶ
898 4653 1318 4725 Κηρυχθήσεται
1358 4665 1510 4712 τοῦτο
1548 4663 1607 4712 τὸ

41 4724 304 4799 [Str/slus
341 4744 436 4800 τῆς
470 4735 750 4810 βασιλείας
792 4738 840 4791 ἐν
892 4724 989 4814 ὅλη
1146 4745 1448 4821 οἰκουμένῃ.
1503 4751 1606 4806 Καὶ

39 4811 230 4874 ζήτησον
249 4821 349 4878 ἐκεῖ
372 4831 472 4886 τὴν
495 4829 686 4880 τούτου
717 4825 1025 4901 διάγνωσιν.

90 4903 228 4961 Ὀταν
299 4911 358 4968 δέ
443 4947 518 4958 -—
590 4917 760 4989 ἅγιον.
827 4920 1183 4995 Οἰκονομικῶς
1252 4928 1310 4978 τὸ
1395 4934 1605 5002 Πνεῦμα

34 4996 77 5045 τό
125 4997 258 5069 ἅγιον
325 5014 630 5064 τηνικαῦτα
682 5007 839 5074 λαλεῖ,
917 5016 1185 5085 χρώμενον
1268 5022 1378 5078 τοῖς
1432 5020 1600 5072 αὐτῶν

34 5089 269 5158 στόμασιν,
339 5095 424 5148 ἶνα
497 5101 576 5169 μὴ
645 5098 676 5155 ἠ
733 5099 928 5151 τούτων
979 5098 1236 5174 ἁχροικίοι
1298 5101 1424 5179 δόξῃ
1490 5115 1601 5174 τοῖς

31 5166 235 5244 ἀπίστοις
262 5183 396 5243 ἧττα
439 5193 538 5240 τοῦ
581 5189 933 5263 κηρύγματος.
968 5191 1159 5266 Εἶρηκε
1202 5189 1262 5247 δε
1304 5203 1472 5251 ταῦτα
1507 5204 1598 5254 καὶ

83 5302 121 5338 ⁷³
149 5306 334 5366 Matth.
363 5329 530 5380 xxxv,
564 5314 654 5370 I4.

1723 4379 1849 4450 ejus
1903 4381 2082 4438 etiam
2147 4399 2448 4455 praacones
2507 4387 2786 4444 extremis
2827 4389 3132 4462 suppliciis
3196 4392 3378 4465 subji-

1722 4468 1903 4525 ciant.

1799 4574 1960 4632 Vers.
1996 4577 2084 4634 to.
2121 4579 2198 4634 Et
2234 4579 2296 4636 in
2333 4612 2402 4621 —
2448 4583 2838 4654 Evangelium.
2885 4587 3191 4645 Matthasus
3239 4606 3381 4650 vero

1720 4666 1951 4738 scripsit
1995 4668 2281 4739 prmdicto
2326 4671 2538 4744 capite,
2583 4675 2747 4745 quod
2796 4677 3226 4744 praedicabitur
3273 4681 3382 4740 hoc

1717 4756 2079 4828 evangelium
2111 4760 2171 4815 in
2204 4760 2472 4817 universo
2499 4763 2710 4820 mundo
2741 4766 2811 4818 ⁷³.
2844 4768 3050 4832 Quaere
3081 4768 3164 4826 ibi
3193 4770 3375 4845 hujus

1713 4845 2095 4903 intellectum.

1782 4935 1946 4992 Vers.
1997 4941 2081 4994 It.
2111 4937 2253 4996 Cum
2286 4946 2480 4997 autem
2533 4973 2599 4983 —
2628 4949 2885 5003 sanctus.
2931 4948 3373 5021 Dispensatoris

1713 5025 1964 5097 Spiritus
1990 5031 2234 5084 sanctus
2267 5034 2404 5086 tunc
2425 5030 2719 5104 loquetur,
2754 5041 2924 5092 utens
2951 5053 3053 5094 ore
3083 5040 3369 5110 ipsorum,

1708 5129 1784 5171 ne
1821 5117 2117 5175 rusticitas
2159 5117 2397 5174 illorum
2442 5120 2710 5178 videatur
2747 5123 3068 5183 incredulis
3112 5128 3370 5202 abjectio

1707 5207 1766 5261 et
1807 5205 2129 5265 minoratio
2170 5209 2632 5281 praedicationis.
2663 5213 2815 5272 Dixit
2856 5231 3101 5292 quoque
3145 5223 3202 5277 et
3239 5219 3369 5278 hac

1229 5421 1448 5492 Variae
1487 5425 1818 5502 lectiones
1849 5441 1913 5498 et
1947 5441 2149 5502 notae.

83 5537 179 5616 (74)
206 5540 543 5624 Κονδράντης
572 5548 808 5610 exhibet
833 5554 901 5609 Α.
