3922 6200
511 262 618 315 839

1830 245 2178 305 EUTHYMII
2214 241 2547 300 ZIGABENI
3736 247 3807 301 8&0

511 386 744 441 decimo
774 384 1115 455 nonojuxta
1132 380 1469 437 Matthaeum
1486 378 1677 450 capite
1691 378 1847 433 circa
1880 376 2166 431 medium:

2298 370 2344 422 ἐν
2386 378 2456 440 τῷ
2501 366 2937 441 ἐννεακαιδεκάτῳ
2978 371 3236 442 κεφαλαίῳ
3291 376 3382 422 τοῦ
3434 373 3559 422 κατὰ
3594 372 3807 437 Marem,

509 490 710 545 quzere
737 488 877 541 ergo
911 470 992 525 ibi
1021 468 1483 524 enarrationem.

508 565 667 618 Vers.
729 564 811 616 l2.
860 559 1077 615 Tradet
1118 590 1183 597 ——
1222 558 1387 613 Vers.
1433 558 1517 611 13,
1562 556 1761 612 salvus
1801 555 1931 611 erit.
1988 553 2175 608 Etiam

507 652 637 707 haec
662 648 868 705 omnia
893 648 952 702 in
986 647 1270 719 praedicto
1301 646 1537 702 decimo
1568 661 1727 701 nono
1757 643 1952 716 capite
1977 641 2174 697 decla-

510 744 643 795 rata
682 742 840 792 sunt.

582 829 748 882 Vers.
800 829 884 881 14.
929 827 1063 881 Cum
1103 831 1299 882 autem
1350 856 1418 864 ——
1458 824 1774 893 intelligat.
1816 823 2048 877 Dictum
2093 822 2176 874 est

509 915 584 971 de
622 916 754 980 hoc,
796 913 953 968 dicto
991 914 1497 985 quinquagesimo
1530 913 1783 984 septimo
1819 911 1992 982 juxta
2031 911 2176 963 Mat-

514 1006 737 1060 thteum
769 1003 980 1073 capite.

585 1094 743 1147 Vers.
793 1092 878 1146 14.
933 1091 1094 1146 Tunc
1137 1121 1206 1129 —
1238 1092 1396 1145 Vers.
1436 1092 1517 1145 l7.
1554 1089 1772 1146 diebus.
1818 1091 1883 1144 In
1930 1105 2000 1145 eo
2042 1088 2175 1145 loco

511 1182 689 1237 etiam
720 1180 795 1236 de
826 1180 917 1235 his
949 1180 1261 1234 dissertum
1296 1184 1404 1235 est.

582 1270 743 1325 Vers.
798 1272 879 1323 18.
912 1268 1083 1323 Orate
1114 1300 1181 1307 -—
1228 1270 1383 1323 Vers.
1417 1272 1503 1323 20.
1537 1268 1673 1323 dies.
1711 1267 1989 1323 Similiter
2014 1271 2069 1323 et
2104 1267 2177 1322 de

512 1359 628 1415 his.
674 1357 821 1413 Illud
854 1364 1055 1413 autem
1089 1380 1100 1410 :
1138 1360 1319 1412 Erunt
1358 1358 1483 1413 dies
1516 1359 1610 1413 illi
1639 1358 1878 1427 afflictio,
1912 1358 2026 1413 hoc
2069 1362 2176 1426 est,

510 1448 573 1503 in
608 1448 818 1502 diebus
852 1446 965 1501 illis
998 1447 1103 1501 erit
1134 1446 1395 1502 afﬂictio.

585 1536 749 1592 Vers.
804 1536 888 1589 21.
940 1537 1014 1589 Et
1067 1542 1191 1590 tunc
1253 1535 1411 1591 Vers.
1474 1536 1563 1589 23.
1618 1539 1817 1591 omnia.
1876 1536 2063 1591 Etiam
2124 1550 2183 1609 et

510 1626 586 1681 de
616 1626 707 1680 his
733 1626 807 1679 ibi
848 1625 1214 1693 disputatum
1250 1630 1357 1680 est.

582 1716 747 1769 Vers.
785 1717 874 1769 24.
922 1714 1097 1768 Porro
1140 1715 1195 1768 in
1244 1746 1309 1754 —-
1341 1716 1505 1770 Vers.
1549 1718 1634 1769 27.
1669 1714 1812 1770 caeli.
1865 1719 1931 1771 Et
1973 1717 2047 1772 de
2086 1717 2177 1773 his
2220 1724 2262 1778 Β

513 1804 808 1861 similiter.

583 1894 743 1949 Vers.
785 1894 872 1947 28.
915 1893 959 1946 Α
1004 1893 1106 1963 ﬁcu
1135 1899 1311 1948 autem
1340 1923 1409 1936 —-
1449 1894 1609 1949 Vers.
1654 1896 1744 1951 31.
1780 1895 2170 1966 ρτωιενίὺιιηι.

508 1987 792 2039 Praeterea
840 1987 894 2037 et
932 1982 1004 2036 de
1050 1982 1144 2037 his
1188 1985 1469 2038 omnibus
1502 1984 1579 2039 ad
1618 1984 1868 2040 verbum
1911 1985 1971 2040 in
2022 1984 2173 2041 dicto

507 2073 697 2144 capite
729 2071 1015 2126 subtiliter
1054 2072 1423 2143 disputatum
1453 2078 1560 2128 est.

828 2196 983 2251 CAP.
1024 2198 1203 2251 XLIII.
1245 2196 1328 2252 De
1364 2196 1449 2251 die
1480 2196 1575 2252 illo
1614 2205 1663 2253 et
1700 2199 1852 2255 hora.

578 2301 745 2357 Vers.
812 2303 899 2357 32.
965 2301 1043 2355 De
1103 2332 1173 2345 -—
1236 2310 1412 2373 pater.
1472 2304 1697 2362 Dictum
1768 2310 1857 2362 est
1921 2307 1995 2362 de
2055 2306 2171 2363 hoc

507 2392 1013 2463 quinquagesimo
1045 2396 1255 2448 octavo
1295 2392 1475 2464 capite
1504 2395 1804 2466 Evangelii
1836 2397 2171 2453 secundum

511 2480 845 2536 Matthaeum
862 2525 874 2537 .

582 2569 741 2625 Vers.
787 2574 873 2626 33.
916 2570 1192 2625 Attendite
1235 2603 1301 2611 —
1340 2571 1430 2627 sit.
1478 2570 1706 2629 lbidem
1748 2575 1924 2631 etiam
1965 2576 2039 2633 de
2077 2577 2171 2632 his

511 2658 730 2714 dictum
773 2662 879 2714 est.

582 2750 747 2804 Vers.
796 2750 881 2805 34.
931 2749 1084 2805 Sicut
1133 2750 1282 2804 homo
1330 2781 1399 2792 —
1436 2751 1641 2822 vigilet.
1698 2756 1775 2809 De
1825 2753 2058 2811 Christo
2100 2772 2169 2812 ac

508 2839 848 2894 Christianis
878 2843 1188 2911 sumptum
1211 2846 1299 2896 est
1323 2841 1433 2896 hoc
1455 2843 1820 2913 exemplum.
1846 2847 1937 2900 Est
1970 2850 2166 2901 autem

509 2927 861 2983 defectivum
919 2945 931 2983 :
987 2929 1188 2983 deﬁcit
1227 2930 1405 2994 enim,
1457 2939 1551 2986 est.
1602 2932 1749 2987 Dicit
1797 2949 1957 3004 ergo,
2005 2935 2166 3007 quod

509 3022 597 3071 est
630 3016 781 3071 sicut
823 3017 1028 3081 homo,
1060 3018 1163 3089 qui
1196 3034 1439 3090 peregre
1471 3021 1591 3091 agit
1626 3038 1636 3072 :
1684 3022 1989 3079 hominem
2036 3024 2168 3096 qui-

509 3103 649 3159 dem
691 3106 955 3175 seipsum
995 3105 1274 3171 innuens,
1310 3109 1828 3180 quemadmodum
1868 3112 1928 3167 in
1970 3113 2168 3169 multis

509 3192 736 3250 dictum
788 3200 875 3250 est
928 3196 1253 3267 parabolis.
1304 3198 1841 3268 Peregrinationem
1896 3218 2056 3269 vero,
2107 3203 2165 3257 in

507 3282 685 3339 cmlos
724 3287 1219 3356 assumptionem.
1256 3287 1510 3343 Domum
1552 3294 1753 3345 autem
1788 3307 1984 3360 suam,
2023 3308 2173 3363 pras-

508 3378 739 3429 sentem
771 3373 1085 3430 mundum.
1130 3377 1340 3431 Servos
1371 3392 1611 3449 quoque
1643 3395 1802 3443 suos,
1834 3380 1975 3436 dicit
2006 3380 2173 3436 Chri-

504 3461 751 3520 stianos.
784 3462 1087 3535 Cujusque
1119 3470 1320 3519 autem
1362 3480 1541 3537 opus,
1575 3472 1663 3521 est
1694 3469 1968 3525 custodia
2004 3486 2176 3525 man-

504 3549 804 3615 datorum,
839 3557 893 3605 et
924 3553 1191 3623 operatio
1221 3553 1521 3608 virtutum.
1546 3554 1775 3609 Janitor
1806 3572 1971 3621 vero,
2006 3574 2173 3613 mens

506 3640 996 3709 uniuscujusque,
1028 3641 1381 3711 quaajanuis
1408 3644 1517 3713 (aa)
1544 3644 1757 3699 anima:
1786 3650 2023 3715 praeest,
2056 3648 2173 3704 hoc

505 3731 610 3795 est,
667 3727 962 3794 sensibus,
1004 3743 1109 3799 per
1159 3744 1313 3799 quos
1351 3730 1759 3787 intellectualis
1797 3732 1893 3788 fur
1943 3735 2175 3808 ingredi

509 3812 677 3868 solet.

577 3900 737 3957 Vers.
774 3906 859 3957 35.
904 3904 1139 3975 Vigilate
1168 3937 1237 3947 —
1266 3906 1431 3961 Vers.
1470 3912 1557 3964 36.
1591 3910 1935 3970 dormientes.
1973 3917 2173 3973 Serum

503 3990 748 4064 quidem
776 3991 989 4047 dicitur
1011 3997 1152 4048 aetas
1173 4010 1385 4051 senum
1410 4013 1423 4063 ;
1459 3998 1727 4056 medium
1757 4004 1946 4058 noctis
1966 4020 2174 4063 eorum

504 4080 605 4153 qui
653 4080 714 4135 in
763 4081 956 4136 media
1015 4088 1153 4139 sunt
1190 4089 1360 4139 aetate
1410 4088 1752 4159 constituti;
1808 4092 2174 4163 gallicinium

503 4186 663 4237 vero,
702 4187 909 4226 eorum
942 4172 1045 4244 qui
1072 4173 1200 4242 jam
1245 4190 1455 4246 sapere
1488 4175 1820 4251 incipiunt;
1857 4198 1996 4239 cum
2034 4201 2171 4257 pru-

505 4260 705 4316 dentia
741 4261 801 4315 in
846 4261 1094 4317 modum
1144 4262 1284 4332 galli
1334 4264 1649 4333 gallinacei
1696 4270 1916 4327 excitat
1956 4289 2056 4328 eos
2093 4275 2171 4331 ab

500 4349 967 4407 insensibilitate.
1004 4353 1167 4407 Mane
1195 4357 1416 4424 autem,
1454 4361 1607 4417 tetas
1629 4364 1719 4414 est
1752 4375 2098 4431 puerorum.

570 4438 774 4506 Quaere
814 4446 1015 4496 autem
1064 4440 1352 4512 praedicto
1403 4443 1910 4517 quinquagesimo
1952 4457 2168 4510 octavo
2206 4433 2251 4486 D

499 4528 673 4597 juxta
696 4531 1031 4586 Matthaaum
1064 4531 1255 4603 capite
1297 4532 1759 4591 deciarationem
1793 4538 1947 4594 illius
1980 4541 2118 4598 dicti
2155 4560 2166 4597 :

503 4616 713 4705 Ideoet
753 4636 836 4671 vos
869 4626 1025 4674 estote
1062 4621 1271 4689 parati,
1306 4623 1435 4692 quia
1479 4640 1584 4693 qua
1625 4625 1757 4680 hora
1796 4645 1901 4683 non
1936 4633 2165 4705 putatis,

506 4720 567 4757 ea
596 4704 778 4758 Filius
807 4707 1035 4761 hominis
1068 4716 1326 4765 venturus
1356 4719 1429 4767 est
1460 4714 1529 4767 ⁷³.

576 4791 742 4846 Vers.
770 4797 855 4847 37.
889 4798 1022 4860 Qua?
1073 4805 1245 4852 autem
1289 4830 1354 4840 —
1398 4802 1535 4857 dico.
1586 4804 1867 4863 Omnibus
1899 4808 2171 4870 Christia-

508 4879 620 4943 nis,
662 4880 766 4950 qui
802 4881 981 4937 futuri
1018 4890 1157 4941 sunt
1196 4903 1384 4960 usque
1425 4890 1495 4947 ad
1534 4893 1746 4950 mundi
1784 4912 2177 4961 consumma-

510 4967 757 5025 tionem.

576 5085 623 5120 "
650 5084 855 5141 Matth.
890 5104 1049 5156 xx1v,
1079 5092 1174 5149 44.

2294 464 2412 534 περὶ
2444 461 2510 512 τὰ
2540 464 2693 529 μέσα.
2738 459 2846 512 Καὶ
2870 460 3099 520 ζήτησον
3131 459 3235 513 ἐκεῖ
3261 465 3355 519 τὴν
3382 460 3635 530 ἐξήγησιν.

2367 546 2682 619 Παραδώσει
2718 580 2779 588 -
2828 551 3143 607 σωθήσεται.
3194 552 3297 605 Καὶ
3327 557 3487 601 ταῦτα
3526 551 3672 601 πάντα
3695 549 3733 601 ἐν
3765 560 3807 619 τῷ

2290 642 2354 715 ῥη
2366 642 2496 691 θέντι
2624 635 3061 711 ἐννεακαιδεκάτῳ
3158 638 3415 711 κεφαλαίῳ
3533 658 3808 713 προηρμηνςνε

2294 733 2355 789 θη
2365 751 2479 783 σαν.

2361 819 2518 872 Ὅταν
2569 817 2627 872 δὲ
2680 852 2746 859 -
2807 825 3000 872 νοεὶτω.
3049 820 3272 892 Εἴρηται
3335 823 3452 891 περὶ
3502 819 3666 869 τούτου
3702 815 3807 886 ἐντῴ

2292 911 2793 985 προμνημονευθέντι
2845 916 3179 978 πεντηκοστῷ
3235 904 3440 979 ἑϐδόμῳ
3486 906 3711 978 κεφαλαίῳ
3750 914 3809 957 τοῦ

2292 1001 2427 1050 κατὰ
2454 1000 2739 1053 Ματθαῖον.

2362 1092 2487 1140 Τότε
2548 1120 2615 1128 —
2673 1090 2907 1160 ἡμέραις.
2985 1086 3071 1142 Ἐν
3132 1084 3302 1157 ἐκείνῳ
3364 1089 3452 1136 καὶ
3515 1089 3621 1157 περὶ
3676 1088 3809 1136 τούτων

2294 1174 2703 1249 διασεσάφηται.

2367 1268 2735 1340 Προσεύχεσθε
2760 1298 2827 1305 ——
2860 1267 3073 1340 ἡμέρας.
3124 1264 3347 1337 Ὀμοίως
3388 1268 3478 1315 καὶ
3519 1266 3805 1335 περὶτούτων.

2294 1360 2362 1409 Τὸ
2396 1353 2473 1419 δὲ,
2514 1355 2763 1410 Ἔσονται
2798 1357 2851 1406 αἱ
2882 1358 3071 1427 ἡμέραι
3103 1353 3313 1420 ἐκεῖναι,
3354 1352 3468 1406 ἀντὶ
3497 1361 3602 1421 τοῦ,
3628 1355 3733 1403 κατὰ
3754 1356 3811 1408 τὰς

2297 1449 2492 1519 ἡμέρας
2519 1446 2708 1505 ἐκείνας
2738 1448 2873 1514 (75).

2369 1535 2476 1587 Καὶ
2534 1540 2647 1587 τότε
2700 1566 2767 1573 —
2823 1534 3011 1589 πάντα.
3071 1533 3173 1586 Καὶ
3232 1536 3348 1607 περὶ
3398 1533 3583 1583 τούτων
3614 1529 3697 1581 ἐκεῖ
3732 1526 3814 1580 διει-

2295 1624 2509 1683 ληπται.

2366 1715 2504 1769 Ἀλλ’
2534 1714 2580 1766 ἐν
2608 1747 2675 1754 -
2704 1714 2941 1787 ούρανοῦ.
2970 1712 3075 1766 Καὶ
3106 1716 3222 1786 περὶ
3251 1714 3442 1764 τούτων
3478 1712 3717 1770 ὡσαύτως.

2364 1914 2498 1967 Ἀπὸ
2532 1908 2590 1964 δὲ
2639 1919 2733 1972 τῆς
2765 1919 2931 1971 συκῆς
2972 1942 3038 1949 -
3082 1907 3432 1983 παρέλθωσιν.
3480 1905 3593 1959 Ἐτι
3631 1911 3703 1956 καὶ
3737 1908 3815 1975 περὶ

2290 2007 2483 2057 τούτων
2538 2003 2741 2053 πάντων
2793 2004 2926 2052 κατὰ
2986 2000 3133 2073 ῥῆμα
3184 1996 3230 2049 ἐν
3276 1996 3453 2069 ἐκείνῳ
3506 2004 3572 2066 τῷ
3621 1994 3811 2060 κεφαλαίῳ

2288 2092 2516 2145 λελεπτο)
2527 2096 2735 2161 ὁγηται.

2538 2181 2689 2235 ΚΕΦ.
2723 2178 2847 2235 ΜΓ.
2878 2183 2999 2251 Περὶ
3029 2186 3122 2237 τῆς
3149 2179 3343 2249 ἡμέρας
3364 2180 3455 2226 καὶ
3486 2177 3628 2246 ὧρας.

2362 2276 2485 2343 Περὶ
2536 2302 2603 2309 -
2656 2272 2850 2343 πατήρ.
2897 2271 3115 2341 Εἴρηται
3163 2271 3281 2339 περὶ
3335 2267 3523 2317 τούτου
3566 2262 3608 2315 ἐν
3646 2269 3705 2331 τῷ
3738 2280 3814 2312 m-

2288 2368 2527 2431 τηκοστῷ
2549 2356 2721 2430 ὀγδόῳ
2747 2365 2837 2410 τοῦ
2863 2360 2997 2409 κατὰ
3019 2357 3299 2409 Mareotica.

2358 2555 2567 2607 Βλέπετε
2624 2585 2690 2593 -
2764 2551 2924 2607 ἐστιν.
2967 2552 3055 2607 Ἐν
3135 2550 3306 2621 ἐκείνῳ
3376 2553 3469 2601 καὶ
3524 2566 3631 2621 περι
3678 2546 3816 2595 τούτων

2287 2645 2713 2719 παρεσημειὼθη,

2356 2736 2439 2795 Ὠς
2490 2735 2756 2808 ἅνθρωπος
2805 2764 2873 2771 —
2921 2738 3178 2806 γρηγορῇ.
3235 2734 3360 2800 Περὶ
3407 2735 3498 2780 τοῦ
3530 2730 3731 2801 Χριστοῦ
3759 2726 3819 2769 καὶ

2287 2833 2384 2876 τῶν
2413 2828 2741 2896 Χριστιανῶν
2788 2820 3022 2878 εἰληπται
3071 2822 3214 2870 τουτὶ
3245 2821 3302 2868 τὸ
3334 2813 3681 2889 παράδειγμα.
3706 2810 3818 2865 Ἐστι

2288 2911 2345 2965 δὲ
2411 2912 2741 2963 ἐλ).ειπτικόν’
2818 2907 3065 2962 Ἐλλείπει
3147 2909 3244 2978 γὰρ
3324 2906 3403 2970 τὸ,
3480 2908 3636 2957 ἔσται.
3702 2904 3808 2953 Φησὶ

2286 2999 2392 3068 οὖν,
2447 3004 2526 3053 ὅτι
2578 3005 2643 3061 ὡς
2712 3001 2980 3071 ἅνθρωπος
3051 2992 3339 3068 ἀποδημῶν
3403 2998 3571 3047 ἔσται’
3620 2992 3820 3061 ἀνθρωπο.

2214 3078 2253 3133 C
2284 3094 2372 3164 μὲν
2428 3091 2607 3142 ἑαυτὸν
2657 3083 2951 3152 ὑποδηλῶν,
3008 3087 3079 3145 ὡς
3122 3084 3173 3135 ἐν
3226 3084 3440 3143 πολλαῖς
3496 3084 3680 3155 εἴρηται
3708 3093 3831 3146 παρα-

2286 3180 2473 3240 ϐολαῖς·
2538 3173 2839 3248 ἀποδημίαν
2890 3172 2964 3238 δὲ,
3019 3179 3112 3231 τὴν
3172 3174 3239 3233 εἰς
3293 3172 3545 3246 οὐρανοὺς
3604 3164 3822 3233 amat?!"

2285 3270 2452 3321 οἰκίαν
2507 3264 2564 3319 δε
2612 3267 2789 3329 αὑτοῦ,
2833 3268 2918 3316 τὸν
2974 3267 3208 3337 παρόντα
3275 3266 3496 3333 κόσμου’
3561 3255 3745 3314 δούλους
3784 3256 3823 3301 σὲ

2286 3359 2468 3421 αὐτοῦ,
2520 3360 2633 3416 τοὺς
2680 3356 3039 3427 Χριστιανούς·
3096 3352 3317 3404 ἑκάστου
3370 3347 3432 3403 δὲ
3480 3354 3536 3402 τὸ
3586 3352 3729 3421 ἔργον,
3759 3346 3821 3394 fi?

2287 3448 2515 3521 φυλακὴν
2542 3454 2641 3497 τῶν
2672 3443 2877 3496 ἐντολῶν
2908 3442 3091 3507 αὐτοῦ,
3123 3446 3211 3493 καὶ
3259 3440 3513 3514 ἐργασίαν
3551 3445 3640 3490 τῶν
3664 3432 3821 3508 ἀρετῶν.

2288 3540 2516 3611 θυρωρὸν
2547 3532 2625 3601 δὲ,
2670 3537 2754 3586 τὸν
2796 3532 3015 3584 ἑκάστου
3067 3538 3206 3595 νοῦν,
3252 3533 3337 3581 τὸν
3363 3528 3720 3581 ἐπιστατοῦντα
3744 3525 3821 3573 ταῖς
3898 3564 3899 3611 ξ

2290 3609 2466 3699 θυρίσι
2511 3633 2604 3687 τῆς
2633 3624 2834 3696 ψυχῆς,
2863 3626 3044 3692 ἤγουν,
3077 3628 3183 3681 τοῖς
3216 3620 3607 3694 αἰσθητηρίοις,
3648 3610 3708 3666 δι’
3730 3609 3778 3659 ὧν
3806 3623 3820 3654 θ
3898 3616 3899 3671 ἶ

2286 3719 2468 3776 νοητὸς
2498 3718 2712 3773 κλέπτης
2742 3708 3002 3781 εἰσπηὸᾁν
3034 3710 3225 3763 εἰωθεν.

3325 3903 3459 3976 Ὀψὲ
3681 3902 3823 3950 νοεῖται

2284 4008 2313 4063 ἡ
2382 4013 2480 4056 τῶν
2527 4006 2776 4074 γερόντων
2828 3998 3025 4057 ἠλικία’
3083 3997 3420 4069 μεσονύκτιον
3474 3991 3608 4061 ὃὲ,ἡ
3646 3997 3727 4040 τῶν
3759 4002 3825 4086 μιξ-

2287 4112 2409 4146 σων’
2472 4091 2880 4163 ἀλεκτοροφωνία
2960 4084 3037 4153 δὲ,
3117 4087 3146 4142 η
3223 4093 3322 4136 τῶν
3399 4082 3679 4157 ἀρξαμένων
3748 4078 3823 4129 ἦᾱιε

2285 4188 2499 4255 φρονεῖν,
2562 4182 2644 4232 ὅτε
2708 4181 2737 4236 ἡ
2800 4181 3063 4251 φρόνησις,
3122 4177 3294 4247 ὥσπερ
3372 4172 3617 4245 ἀλέκτωρ,
3691 4164 3826 4235 ἐγείρει

2871 4264 3236 4323 ἀναισθησίας
3304 4265 3448 4335 πρωί
3528 4256 3605 4326 οη,
3678 4258 3703 4313 ἠ
3758 4260 3828 4302 τῶν

2358 3919 2662 3988 Γρηγορεῖτε
2738 3941 2808 3951 —
2870 3905 3239 3968 καθεύδοντας.

2284 4272 2467 4331 αὐτοὺς
2530 4268 2629 4321 ἀπὸ
2704 4276 2794 4328 τῆς

2283 4358 2512 4417 παίδων,

2353 4459 2590 4509 Ζήτησον
2658 4445 2716 4500 δὲ
2768 4446 2816 4498 ἐν
2869 4453 2940 4516 τῷ
3000 4442 3283 4503 ὃηλωθίντι
3336 4444 3665 4507 πεντηκοστῷ
3704 4428 3829 4502 ὀγδσέ

2281 4541 2537 4614 κεφαλαίῳ
2576 4546 2667 4591 τοῦ
2716 4539 2851 4589 κατὰ
2894 4536 3156 4592 Ματθαῖον
3200 4538 3293 4591 τὴν
3334 4532 3587 4602 ἐξήγησιν
3632 4532 3729 4577 τοῦ.
3764 4528 3830 4611 At?

2283 4640 2432 4685 τοῦτο
2457 4635 2541 4682 καὶ
2576 4631 2721 4701 ὑμεῖς
2746 4627 2950 4698 γίνεσθε
2982 4626 3177 4695 ἕτοιμοι
3217 4624 3296 4675 ὅτι
3390 4623 3500 4695 ὥρᾳ
3523 4618 3579 4672 οὗ
3607 4612 3827 4672 δοδιοῖῖτεες

2283 4725 2403 4783 Υἱὸς
2424 4727 2514 4774 τοῦ
2541 4717 2811 4791 ἀνθρώπου
2844 4718 3075 4791 ἔρχεται.

2353 4812 2415 4865 Ἃ
2460 4808 2517 4863 δε
2558 4841 2623 4849 -
2678 4807 2827 4878 λέγω.
2885 4811 3025 4857 Ιιᾶσι
3074 4810 3178 4863 τοῖς
3223 4803 3359 4874 ἄχρι
3406 4808 3502 4861 τῆς
3554 4806 3826 4867 παγκοσμιιι

2288 4903 2577 4962 συντελείας
2608 4907 2863 4974 Χριστιαν
2875 4902 2971 4957 οἱς.

1729 5201 1950 5271 Variae
1997 5206 2317 5279 lectiones
2345 5219 2409 5277 et
2432 5218 2630 5277 notae.

578 5299 694 5373 (75)
722 5302 978 5374 lntellige
1008 5307 1174 5374 ἔσται,
1210 5322 1281 5363 ex
1310 5308 1535 5367 ἔσονται.
1570 5314 1653 5371 Ita
1682 5317 1841 5374 enim
1879 5322 2070 5395 accipi
2100 5324 2309 5383 voluit.

578 5418 1321 5513 i‘fﬁl_£“'t‘f‘:-l“_9f§°9
1369 5431 1684 5513 εξεί.θυθ,ίσι
1726 5449 1831 5513 seu
1873 5435 2165 5513 fenestris-

2289 5440 2471 5496 aneni
2522 5436 3023 5513 euptc,_non_oopa.
3055 5432 3334 5513 Aliquam
3357 5411 3823 5513 ergosaltetttﬂf

506 5488 1036 5584 QEO‘EIE‘F}.}“£9°“
1071 5493 1273 5584 Ῥίῳ-19-
1294 5503 1430 5584 alite
1457 5488 1692 5584 ,les'itgr
1721 5488 2169 5584 Et);
2274 5488 3068 5584 Q’bééiévit'Qi'xﬁiﬁiiqmtm,
3087 5488 3329 5584 utfsolet
3510 5500 3569 5553 in
3596 5496 3824 5557 interpﬁ“

508 5527 815 5573 .‘é‘f"”‘“‘“.
839 5527 1036 5581 *(ιυῖσυ
1072 5527 1253 5566 Imm"
1294 5527 1430 5553 αιιιυ
1476 5527 1692 5571 ιυιςιιυτ
1736 5527 1873 5581 συρω
1912 5527 1986 5575 ος,
2027 5527 2169 5566 con-
2276 5527 3054 5584 spectavnsimunuainem,
3089 5527 3153 5560 ut
3182 5527 3483 5582 ευιυιιιιξτι
3513 5527 3569 5553 ιιι

500 5578 601 5653 Ιξίξι
628 5568 846 5653 ίρρβῇιι
893 5565 1100 5653 θυραιςι
1135 5565 1283 5653 ἵξοῼο
1350 5571 1575 5653 θυρίσιν.
1628 5574 1744 5631 Sed
1791 5527 1936 5653 alibi
1983 5583 2169 5640 etiam
2276 5583 2598 5642 tationibus
2622 5578 2979 5653 allegoricis,
3011 5576 3075 5633 id
3102 5580 3189 5634 est
3217 5571 3581 5650 puerilibus.

506 5634 584 5693 de
621 5634 920 5710 sensibus,
941 5634 1107 5713 apud
1135 5638 1376 5698 Patrem
1396 5634 1695 5713 Graecum,
1722 5634 2173 5727 nescio
