3922 6200
3156 23 3922 336 η

501 265 607 321 843
1830 252 2117 308 EUTHYM
2131 253 2172 306 II
2215 250 2537 307 ZIGABENI

575 389 737 444 Vers.
782 390 868 443 44.
905 385 1148 441 Dederat
1193 413 1262 424 —
1288 382 1431 438 Vers
1472 384 1560 436 4'7.
1594 378 1939 437 auriculam.
1990 378 2124 432 Simi

2340 372 2563 428 Δεὸῶκει
2621 408 2688 417 —
2722 381 2779 428 τὸ
2832 377 3007 433 ὠτίον.
3064 376 3334 449 ’ῼσαύτως
3371 383 3461 429 καὶ
3508 382 3617 452 περὶ
3661 382 3811 430 τούτων

501 477 633 533 liter
661 481 717 533 et
740 476 813 532 de
836 474 949 531 his.
1008 477 1154 544 Lege
1176 487 1317 543 ergo
1348 475 1523 527 totam
1549 468 1996 530 enarrationem,
2027 483 2050 538 ς

2269 464 2525 535 ἀνάγνωθι
2581 470 2673 523 την
2727 465 2846 523 ὅλην
2899 468 3063 519 αὐτῶν
3118 466 3389 537 ἐξήγησιν,
3448 466 3662 540 ἀκριϐῶς
3712 467 3811 520 ξετε-

502 566 585 623 ibi
623 569 897 622 accurate
929 562 1126 635 posita
1163 565 1272 617 est.

1104 578 1126 617 1
1163 565 1272 617 est.
2270 556 2500 626 θειμένην
2535 554 2653 608 ἐκει.

574 654 738 710 Vers.
778 652 866 708 48.
927 652 1003 706 Et
1033 650 1377 721 respondens
1428 681 1495 689 —
1520 650 1681 704 Vers.
1726 650 1811 701 52.
1840 645 1915 701 ab
1940 644 2039 702 eis.
2076 643 2123 700 Si

2338 644 2442 697 Καὶ
2488 642 2786 716 ἀποκριθεὶς
2836 676 2904 684 -
2956 644 3043 696 ἀπ’
3106 646 3294 697 αὐτῶν.
3354 648 3458 700 Καὶ
3509 651 3812 720 περὶτούτων

502 742 709 799 militer
729 746 786 798 et
822 741 897 798 de
919 741 1014 797 his
1036 741 1259 797 ibidem
1283 744 1479 796 actum
1510 743 1619 793 est.

1546 743 1619 793 st,
2265 734 2455 804 ὁμοίως
2493 731 2540 783 ἐν
2574 736 2745 803 ἐκείνῳ
2778 730 3092 790 διείληπται.

572 833 729 887 Vers.
768 832 864 889 53.
914 831 989 886 Et
1018 830 1473 886 abduxerunt—
1516 828 1678 882 Vers.
1712 827 1798 881 54.
1830 824 1910 881 ad
1934 824 2121 879 lumen

2336 822 2439 875 Kal
2485 819 2757 892 ἀπήγαγον
2809 853 2875 862 -
2919 826 3042 897 πρὸς
3088 827 3144 874 τὸ
3191 832 3309 894 φῶς.
3362 826 3497 897 Πρὸς
3535 828 3592 875 τὸ
3634 832 3740 894 φῶς,
3773 830 3812 875 τὰ

500 920 588 976 Ad
603 920 809 976 lumen
839 919 1004 992 quod
1018 918 1095 975 ab
1118 918 1250 989 igne
1268 916 1713 990 producebatur
1740 930 1753 981 ;
1772 915 1850 969 ita
1863 918 1926 968 ut
1947 913 2006 968 in
2020 929 2049 984 p

2267 910 2319 963 ἐκ
2357 920 2450 972 τῆς
2493 918 2772 985 πυρκαὶας,
2824 914 2958 963 ὥστε
2999 915 3274 983 φαίνεσθαι
3302 920 3409 973 τοῖς
3451 916 3816 984 συγκαθημένας

498 1009 705 1081 patulo
721 1015 875 1064 esset
901 1007 1016 1078 his,
1050 1008 1149 1079 qui
1182 1022 1303 1062 una
1330 1022 1470 1062 cum
1500 1021 1570 1060 eo
1604 1003 1913 1066 sedebant,
1949 1017 2047 1056 ac<

2267 1004 2351 1051 καὶ
2390 1006 2522 1051 πᾶσι
2560 1007 2666 1061 τοῖς
2717 999 2763 1051 ἐν
2797 1008 2857 1072 τῇ
2906 1001 3033 1058 αύλῆ
3064 1018 3076 1030 ·
3126 1002 3400 1073 εἴρηται’]
3443 1007 3534 1053 καὶ
3582 1008 3688 1077 περὶ
3727 1008 3816 1054 τον-

500 1096 681 1155 nibus
693 1097 792 1169 qui
806 1097 865 1152 in
880 1096 1029 1152 atrio
1045 1100 1211 1151 erant
1229 1095 1483 1161 ;dictum
1497 1102 1584 1148 est
1597 1096 1794 1147 autem
1812 1091 1951 1146 etde
1964 1090 2056 1145 his
2070 1090 2152 1145 ibi
2263 1109 2360 1141 των
2388 1088 2504 1140 ἐκεῖ.

569 1187 734 1242 Vers.
772 1190 866 1243 55.
901 1186 1114 1241 Summi
1149 1200 1281 1240 vero
1306 1183 1650 1239 sacerdotes.
1687 1181 1847 1235 Vers.
1877 1180 1966 1233 59.
1998 1183 2118 1235 testi

2334 1180 2399 1229 Oi
2456 1174 2515 1230 δὲ
2568 1177 2834 1253 ἀρχιερεῖς
2885 1210 2954 1219 —
3004 1186 3269 1252 μαρτυρία
3326 1180 3517 1233 αὐτῶν.
3585 1183 3710 1233 Ἐκεῖ
3751 1187 3816 1231 καὶ

499 1276 749 1330 monium
774 1274 1031 1330 illorum.
1073 1273 1157 1329 Ibi
1188 1288 1429 1345 quoque
1478 1272 1605 1326 haec
1654 1269 1953 1324 declarata
1992 1285 2048 1322 ευ

1385 1288 1429 1328 ιθ
1478 1272 1605 1326 haec
1654 1269 1953 1324 declarata
1992 1272 2149 1322 sunt.
2260 1275 2422 1319 ταῦτα
2452 1264 2934 1340 διηρμηνεύθησαν.

568 1364 731 1418 Vers.
790 1363 880 1419 60.
916 1364 1174 1435 Cumque
1198 1363 1548 1417 surrexisset
1579 1391 1646 1399 —
1676 1359 1845 1413 Vers.
1871 1358 1961 1411 62.
1995 1357 2117 1412 cceli

2335 1358 2438 1411 Kal
2519 1356 2749 1417 ἀναστὰς
2819 1389 2888 1398 —
2972 1366 3066 1409 τοῦ
3147 1358 3387 1433 ούρανοῦ.
3468 1358 3684 1429 Ὁμοίως
3751 1364 3815 1410 καὶ

498 1451 762 1509 Similiter
786 1458 843 1508 et
869 1453 1017 1509 haec.
1048 1452 1219 1518 Quod
1274 1456 1475 1507 autem
1504 1449 1740 1514 dicitur,
1808 1447 1955 1503 Cum
1985 1462 2047 1502 n2

2265 1453 2453 1500 ταῦτα.
2486 1449 2555 1498 Τὸ
2597 1442 2655 1498 δὲ
2699 1449 2841 1499 Μετὰ
2872 1455 2970 1498 τῶν
3009 1448 3241 1519 νεφελῶν,
3296 1447 3409 1499 ἀντὶ
3453 1456 3567 1516 τοῦ,
3596 1448 3702 1500 Ἐπί
3742 1456 3814 1499 τῶν

498 1542 620 1610 bus,
654 1541 812 1598 idem
842 1545 931 1598 est
953 1558 1023 1599 ac
1054 1545 1104 1597 si
1128 1542 1317 1611 dicas,
1348 1542 1410 1597 In
1439 1540 1720 1596 nubibus.

953 1558 1023 1599 ac
1054 1545 1104 1597 si
1128 1542 1317 1611 dicas,
1348 1542 1410 1597 In
1439 1540 1720 1596 nubibus.
2260 1534 2495 1606 νεφελῶν,

567 1632 728 1687 Vers.
787 1632 874 1702 63,
926 1631 1189 1687 Summus
1235 1646 1369 1687 vero
1398 1630 1667 1687 sacerdos
1714 1660 1780 1669 —
1833 1628 2001 1683 Vers.
2060 1631 2116 1683 65

2335 1623 2392 1674 Ὀ
2442 1621 2499 1676 δι
2563 1623 2837 1699 ἀρχιερεύς
2890 1656 2960 1666 -
3026 1626 3357 1699 ῥαπίσμασιν
3410 1626 3568 1678 αὐτὸν
3631 1625 3811 1677 ἔϐαλλον.

494 1720 703 1791 alapas
724 1720 821 1777 illi
850 1720 1267 1791 impingebant.
1297 1719 1571 1777 Similiter
1595 1723 1649 1774 et
1678 1718 1826 1774 haec.

1429 1719 1571 1775 lliter
1595 1723 1649 1774 et
1678 1718 1826 1774 hac.
2182 1722 2225 1777 Β
2262 1713 2644 1786 Παραπλησίως
2671 1719 2758 1766 καὶ
2788 1722 2978 1770 ταῦτα.

816 1836 976 1892 CAP.
1013 1835 1228 1891 XLVII.
1260 1837 1345 1891 De
1364 1835 1659 1906 negatione
1682 1835 1803 1889 Pet:
1823 1836 1860 1888 ἱ.

2618 1826 2761 1873 ΚΕΦ.
2797 1819 2917 1873 ΜΕ.
2954 1826 3071 1893 Περὶ
3102 1830 3193 1881 τῆς
3223 1820 3504 1895 ἀρνήσεως.

563 1944 730 1999 Vers.
778 1947 865 2000 66.
912 1944 985 1998 Et
1038 1958 1167 1999 cum
1219 1947 1450 1999 esset—
1481 1943 1641 1997 Vers.
1691 1942 1777 1997 68.
1834 1940 2012 1997 dicas.
2066 1942 2109 1995 D

2329 1925 2429 1979 Kal
2460 1928 2599 1987 ὄντος
2628 1955 2697 1968 -
2724 1926 2908 1998 λέγεις,
2952 1930 3170 1999 Εἴρηται
3216 1930 3263 1980 ἐν
3301 1936 3373 1999 τῷ
3423 1927 3680 1998 ἑξηκοστῷ
3719 1931 3816 1997 ἕκτῳ

490 2031 586 2088 his
616 2030 847 2088 dictum
873 2032 1356 2101 estsexagesimo
1389 2036 1550 2087 sexto
1588 2030 1763 2101 juxta
1811 2031 2037 2087 Matthae

1588 2030 1763 2101 juxta
1811 2031 2142 2087 Matthmum
2256 2014 2515 2086 κεφαλαίῳ
2541 2022 2632 2067 τοῦ
2666 2018 2801 2067 κο.τά
2831 2018 3115 2073 Ματθαῖον.

492 2121 707 2193 capite.

560 2211 725 2265 Vers.
757 2210 845 2265 68.
877 2210 1196 2281 Ezivitque
1221 2240 1286 2250 —
1335 2208 1547 2265 cecinit.
1580 2211 1728 2279 Lege
1768 2209 2109 2279 sexagesim

2326 2210 2431 2265 Καὶ
2488 2209 2690 2273 ἐξῆλθεν
2737 2242 2801 2253 -
2851 2210 3132 2283 ἐφώνησεν,
3193 2213 3483 2283 ’Ᾱνοίγνωθι
3529 2212 3578 2264 ἐν
3619 2220 3685 2282 τῷ
3730 2211 3811 2272 ἐξι-

488 2304 703 2371 quarto
735 2298 926 2370 capite
980 2297 1281 2369 Evangelii
1333 2297 1667 2353 secundum
1717 2298 2037 2354 Matthmun

2263 2307 2421 2369 εοστῷ
2476 2302 2703 2373 τετάρτῳ
2766 2301 3024 2372 κεφαλαίῳ
3092 2308 3182 2353 τού
3246 2305 3380 2353 κατά
3447 2303 3704 2356 Ματϐαἰον
3748 2308 3812 2355 τὴν

486 2387 895 2444 narrationem
924 2387 1063 2443 dicti
1114 2386 1314 2442 illius:
1357 2388 1699 2458 Priusquam
1750 2388 1949 2458 gallus
1999 2404 2035 2443 ci

2264 2386 2502 2459 ἐξήγησιν
2589 2397 2702 2455 τοῦ,
2802 2395 2928 2465 Πρὶν
3032 2389 3281 2464 ἀλέκτορα
3385 2400 3643 2461 φωνῆσαι,
3727 2408 3813 2460 τρίς

487 2476 668 2546 nerit,
698 2480 787 2532 ter
814 2491 906 2533 me
942 2476 1253 2548 abnegabis
1286 2478 1354 2528 ⁷³.

1092 2477 1253 2548 gabis
1286 2478 1354 2528 ⁷³.
2252 2475 2529 2550 ἀπαρνήσῃ
2562 2497 2641 2549 με.

556 2564 717 2621 Vers.
747 2567 833 2621 69.
882 2564 957 2619 Et
1009 2565 1252 2620 —Vers.
1304 2567 1392 2621 72.
1444 2566 1655 2621 cecinit
1710 2566 1788 2621 De
1844 2566 2040 2637 puella
2086 2584 2105 2623 ε

2322 2568 2425 2620 Καὶ
2469 2565 2716 2638 ἐφῶνησε.
2768 2573 2890 2639 Περὶ
2934 2577 3026 2629 τῆς
3071 2565 3362 2629 παιδίσκης
3404 2574 3496 2620 καὶ
3556 2577 3649 2620 τῶν
3694 2583 3810 2637 παρε-

482 2653 821 2710 astantibus
850 2660 1125 2710 accurate
1144 2655 1371 2710 dictum
1398 2660 1491 2710 est
1538 2656 1909 2725 sexagesimo
1933 2657 2031 2728 qui

2261 2660 2461 2706 στῶτων
2519 2658 2717 2729 εἴρηται
2781 2655 3109 2729 λεπτομερῶς
3165 2657 3213 2708 ἐν
3271 2666 3342 2709 τῶ
3396 2657 3662 2725 ἑξηκοστῷ
3714 2660 3810 2724 πέμ·

484 2742 671 2816 capite
696 2742 1011 2814 Evangelii
1045 2745 1375 2800 sccundum
1412 2743 1749 2799 Matthmum
1785 2750 1879 2811 ;et
1902 2745 1982 2800 ibi
2010 2745 2033 2800 l

2263 2764 2359 2813 ττῳ
2416 2751 2675 2815 κεφαλαίῳ
2734 2752 2824 2796 τοῦ
2882 2748 3017 2796 κατά
3072 2748 3350 2805 Ματθαίον,
3425 2752 3520 2799 καὶ
3599 2745 3812 2814 ἀνάγνωθι

483 2832 627 2889 dicti
652 2832 807 2888 illius
855 2832 1451 2905 interpretationem:
1502 2834 1578 2889 Et
1627 2836 1924 2902 ingressus
1980 2838 2032 2889 in

2263 2839 2341 2889 τὴν
2400 2832 2647 2903 ἐξήγησιν
2724 2837 2827 2885 ἐκεῖ
2880 2843 2993 2898 τοῦ,
3076 2840 3164 2885 καὶ
3241 2834 3483 2886 εἰσελθὼν
3562 2838 3658 2886 ἔσω
3724 2832 3812 2883 ἐκά-

482 2921 708 2978 sedebat
739 2937 873 2979 cum
905 2922 1215 2988 ministris,
1251 2929 1314 2977 ut
1342 2923 1555 2979 videret
1580 2924 1757 2991 ﬁnem
1809 2924 1875 2976 ⁷³.
1910 2926 1987 2978 De
2008 2940 2031 2978 r

2267 2923 2373 2978 ἱητο
2432 2925 2562 2992 μετὰ
2619 2931 2717 2973 τῶν
2780 2924 3044 2997 ὑπηρετῶν
3114 2920 3243 2975 ἰδεῖν
3292 2928 3349 2975 τὸ
3400 2924 3565 2983 τέλος.
3629 2929 3734 2991 Περὶ
3773 2916 3816 2969 δε

481 3009 620 3083 quis
648 3016 849 3066 autem
870 3011 997 3082 pari
1026 3011 1208 3067 modo
1237 3012 1461 3067 dictum
1484 3018 1570 3068 est
1600 3012 1976 3082 sexagesimo
2008 3030 2030 3067 ε

2265 3019 2342 3061 ’ῶν
2389 3010 2550 3061 ἄλλων
2596 3010 2782 3082 ἐλέχθη
2816 3012 2967 3063 παλιν
3009 3011 3055 3062 ἐν
3104 3021 3175 3081 τῷ
3219 3012 3493 3083 ἑξηκοστῴ
3537 3014 3658 3083 ἕκτῳ
3697 3029 3814 3079 κεῖα-

486 3103 545 3156 to
576 3099 733 3154 illius
757 3099 1058 3169 Evangelii
1088 3100 1305 3173 capite.

2193 3099 2202 3101 ⁷
2245 3099 2371 3169 λαίῳ
2404 3108 2493 3151 τοῦ
2526 3104 2758 3152 τοιούτου
2792 3101 3133 3172 Εύαγγελίου.

554 3188 713 3244 Vers.
742 3190 831 3244 72.
862 3189 941 3245 Et
966 3191 1313 3247 recordatus
1339 3221 1407 3231 —
1428 3191 1607 3260 ﬂevit.
1636 3190 1861 3247 Ibidem
1892 3207 2103 3264 quoqui

2318 3189 2421 3242 Kal
2476 3188 2771 3259 ἀνεμνήσθη
2837 3222 2889 3230 -
2942 3190 3163 3247 ἔκλαιεν.
3215 3190 3305 3243 Ἐν
3365 3190 3546 3262 ἐκείνῳ
3600 3194 3678 3241 καὶ
3724 3192 3812 3260 ττιρὶ

481 3277 552 3333 de
578 3276 669 3333 his
693 3278 920 3334 dictum
960 3282 1067 3335 est.
1100 3282 1228 3335 Non
1258 3278 1454 3335 solum
1494 3285 1695 3336 autem
1756 3280 1869 3335 hoc
1907 3280 2027 3335 dict

2265 3279 2433 3329 ὀύτων
2485 3276 2702 3351 ἐρρήθη.
2765 3278 2839 3330 Ού
2905 3283 3057 3350 μόνον
3119 3275 3178 3331 δὲ
3232 3282 3419 3331 τούτου
3484 3289 3575 3332 τοῦ
3624 3280 3814 3353 ῥήματος

479 3368 725 3425 verbum
772 3385 896 3441 prin
947 3370 1156 3426 timore
1218 3371 1291 3426 ab
1355 3370 1752 3426 imbecillitate
1810 3372 2028 3426 excide]

2261 3365 2344 3417 ιπὸ
2376 3370 2487 3435 (77)
2521 3374 2611 3418 τοῦ
2652 3366 2809 3438 φόϐου
2838 3373 2927 3419 καὶ
2956 3375 3050 3428 τῆς
3093 3366 3360 3429 ἀσθενείας
3390 3367 3678 3427 ἐπελάθετο,

480 3472 687 3514 verum
708 3458 875 3515 etiam
907 3457 1052 3513 illud
1074 3459 1239 3531 quod
1270 3459 1501 3514 dixerat
1543 3476 1555 3513 :
1587 3460 1925 3530 Quicunque
1958 3461 2029 3516 ab

2259 3460 2330 3506 ιαὶ
2406 3463 2532 3509 τοῦ.
2617 3455 2803 3517 Ὀστις
2874 3453 2987 3507 δἀν
3061 3454 3357 3531 ἀρνήσηταί
3428 3478 3495 3529 ριε
3570 3456 3808 3529 ἔμπροσθεν

477 3548 697 3616 gaverit
726 3562 819 3603 me
838 3562 1040 3604 coram
1057 3547 1406 3612 hominibus,
1430 3550 1483 3603 et
1501 3563 1604 3618 ego
1624 3548 1913 3618 abnegabo
1930 3563 2026 3604 eun

2258 3552 2339 3594 τῶν
2392 3543 2693 3619 ἀνθρώπων,
2765 3543 3059 3620 ἀρνήσομαι
3118 3546 3272 3597 αὐτὸν
3339 3546 3489 3618 κάγὼ
3570 3545 3807 3618 ἔμπροσθεν

478 3640 589 3691 etc.
2242 3641 2333 3685 τοῦ
2366 3640 2569 3707 Πατρος
2587 3653 2686 3705 μου
2710 3641 2799 3686 τού
2822 3633 2869 3685 ἐν
2910 3634 3167 3706 οὐρανοῖς.

551 3748 699 3804 CAP.
730 3750 836 3805 XV-
866 3752 1021 3806 Vers.
1056 3750 1107 3805 1.
1139 3750 1219 3806 Et
1264 3751 1463 3807 statim
1485 3781 1554 3793 —
1582 3751 1797 3809 Pilato.
1848 3755 2100 3811 Praetere;

1955 3758 2131 3811 iterea
2312 3742 2416 3794 Καὶ
2444 3740 2627 3802 εὐθέως
2672 3772 2719 3780 -
2750 3740 2973 3812 Πιλάτῳ.
2997 3741 3104 3794 Καὶ
3134 3746 3251 3817 περὶ
3280 3744 3504 3797 τούτων.

478 3858 533 3912 et
558 3854 626 3911 de
648 3855 767 3912 his.

551 3944 716 4001 Vers.
779 3947 833 4000 2.
900 3946 978 4001 Et
1025 3945 1406 4019 interrogavit
1456 3949 1713 4004 -Vers.
1760 3954 1808 4005 5.
1886 3952 2100 4008 Pitatu:

2316 3944 2418 3999 Kal
2467 3944 2797 4019 ἐπηρώτησεν
2851 3977 2916 3985 —
2959 3945 3203 4001 Πιλᾶτον.
3263 3951 3515 4005 Ζήτησον
3574 3952 3627 3999 τὸ
3674 3946 3809 4007 ἐξηκο-

480 4035 688 4099 Quare
746 4034 1190 4106 sexagesimum
1249 4036 1569 4108 septimum
1609 4045 1790 4110 caput
1829 4042 2029 4111 Evang

2264 4038 2365 4086 rrov
2415 4031 2635 4106 ἕϐδομον
2690 4034 2963 4107 malum
3008 4044 3098 4086 τού
3144 4039 3278 4086 κατά
3332 4038 3625 4091 Ματθαίον.
3676 4037 3813 4090 Ἐκεῖ-

480 4122 815 4180 secundum
837 4124 1188 4181 Matthmum.
1238 4125 1377 4181 Inde
1416 4127 1576 4183 enim
1608 4126 1775 4183 facile
1804 4134 1965 4186 estet
2004 4131 2029 4185 t

1757 4146 1775 4183 ε
1804 4134 1965 4186 estet
2004 4131 2130 4186 hac
2245 4126 2323 4176 On
2350 4127 2446 4197 ’γὰρ
2480 4129 2567 4175 καὶ
2598 4132 2761 4176 ταῦτα
2788 4121 3073 4195 διαγνῶναι
3095 4121 3306 4197 ῥᾴδιον.

484 4212 837 4283 intelligere.

547 4302 709 4359 Vers.
738 4301 791 4358 6.
821 4304 891 4359 In
918 4303 1071 4374 festo
1123 4311 1314 4361 autem
1343 4335 1413 4346 —
1478 4306 1641 4361 Vers.
1700 4309 1788 4363 14.
1844 4307 2096 4380 Cruci/ig

2314 4320 2461 4373 Κατὰ
2494 4316 2551 4372 δὲ
2596 4319 2769 4393 ἑορτὴν
2811 4350 2876 4360 -
2922 4322 3227 4393 σταύρωσον
3280 4320 3465 4375 αὐτὸν.
3517 4328 3683 4374 Ταντα
3724 4318 3810 4387 (T5)

477 4406 625 4449 eum.
658 4395 723 4448 Et
745 4392 860 4450 hac
886 4394 1092 4451 omnia
1127 4393 1288 4451 dicto
1329 4395 1521 4467 capite
1566 4397 1982 4454 convenienter

2263 4411 2409 4460 ταντα
2454 4407 2501 4460 ἕν
2550 4405 2721 4480 ἐκείνῳ
2774 4418 2843 4480 τῷ
2892 4408 3145 4481 κεφαλαίῳ
3193 4411 3329 4461 κατά
3380 4414 3445 4462 τὸ
3489 4410 3618 4470 εἰκὸς
3678 4410 3812 4482 ﬁgat-

476 4481 701 4539 clarata
726 4487 885 4541 sunt.

2238 4500 2509 4555 νεύθησαν.

548 4570 713 4627 Vers.
748 4574 833 4628 15.
857 4573 1089 4630 Pilatus
1116 4580 1302 4631 autem
1330 4605 1399 4616 —
1424 4575 1586 4631 Vers.
1632 4577 1712 4632 l9.
1763 4593 1911 4633 eum.
1946 4578 2097 4635 Mani

2307 4585 2365 4638 Ὀ
2415 4583 2473 4639 δὲ
2534 4585 2748 4643 Πιλᾶτος
2800 4618 2865 4627 -
2918 4586 3077 4657 αύτῷ,
3134 4592 3453 4663 Σαφέστερον
3502 4594 3527 4639 ὸ
3585 4588 3807 4644 lathis;

478 4656 938 4751 festiue-scripsit
967 4661 1041 4717 de
1066 4662 1158 4717 his
1185 4662 1490 4719 Matthaeus
1517 4665 1803 4735 praedicto
1831 4670 2027 4739 capite.

2256 4682 2353 4751 τερὶ
2409 4679 2601 4728 τούτων
2661 4678 2932 4749 ἱστόρησεν
2985 4676 3035 4727 ἐν
3087 4685 3156 4746 τῷ
3215 4672 3510 4735 δη).ω9έντι
3567 4676 3805 4748 κεφαλαίῳ,

477 4759 601 4843 quo
630 4745 812 4843 etiam
838 4748 912 4803 de
941 4750 1223 4806 omnibus
1249 4752 1475 4809 dictum
1502 4759 1610 4809 est.
1666 4755 1931 4813 Salutare
1986 4774 2022 4813 v

2256 4770 2287 4815 ἐν
2418 4770 2506 4817 καὶ
2554 4770 2669 4837 περὶ
2724 4768 2925 4817 πάντων
2971 4763 3183 4839 ἐρρήθη.
3238 4769 3309 4817 Τὸ
3367 4763 3429 4818 δὲ
3489 4765 3805 4825 ἀσπάζεσθαι,

479 4833 776 4903 signiﬁcat
799 4837 912 4892 hoc
944 4838 1004 4893 in
1036 4838 1185 4905 loco,
1222 4840 1612 4916 Compellare.

1606 4888 1612 4901 .
2236 4862 2323 4907 νῦν
2367 4857 2425 4906 τὸ
2456 4858 2860 4929 προσαγορεύειν
2896 4860 3155 4925 σημαίνει.

550 4924 709 4979 Vers.
742 4924 1113 5018 ‘2_O_._Cumque
1160 4961 1229 4972 -—
1261 4932 1426 4988 Vers.
1488 4934 1575 4989 23.
1632 4937 1872 5006 accepit.
1922 4937 2003 4993 De
2033 4938 2093 4994 hi

2308 4945 2412 4999 Kal
2468 4946 2549 4995 ὅτε
2592 4976 2659 4982 -
2717 4943 2881 4996 ﬁalis.
2936 4949 3034 4997 Kal
3082 4948 3195 5018 περὶ
3250 4947 3447 4996 τούτων
3510 4947 3692 5016 ὁμοίως
3734 4940 3808 4991 ἐκεῖ

476 5013 961 5106 quoque‘ibidem
992 5018 1356 5078 declaratum
1405 5030 1519 5080 est.
1553 5026 1783 5081 Patrem
1808 5042 1947 5081 vero
1978 5028 2025 5083 d;

2257 5039 2637 5105 τεσαφὴνισται.
2690 5037 2787 5085 Τὸν
2818 5038 3017 5106 πατέρα
3061 5029 3119 5085 δὲ
3169 5030 3304 5085 εἶπεν
3358 5030 3699 5106 Ἀλεξάνδρου
3744 5032 3806 5079 xxi

478 5100 788 5160 Alexandri
820 5109 877 5162 et
914 5106 1062 5176 Ruﬁ,
1095 5113 1295 5182 utpote
1316 5112 1419 5185 qui
1452 5114 1649 5171 adhuc
1689 5115 2027 5183 vivebanm

2259 5126 2475 5195 Ρούφου,
2516 5125 2584 5183 ὡς
2635 5124 2711 5174 ἔτι
2760 5122 2963 5183 ζώντων
3018 5127 3106 5174 καὶ
3152 5120 3511 5196 ἐγνωσμένων.
3561 5130 3671 5181 Τοῖς
3710 5118 3808 5170 ἀπο·

546 5238 597 5273 ’τι
624 5238 822 5297 Matth.
852 5256 1003 5305 xxvn,
1038 5244 1130 5297 34.
1244 5246 1291 5281 ⁷⁵
1322 5246 1445 5304 ibid
1469 5249 1563 5307 58.
1684 5252 1731 5286 ⁷⁸
1758 5253 1934 5309 Matth
1956 5298 1969 5311 .
2005 5271 2066 5321 x,
2098 5256 2195 5313 33.

1697 5430 1915 5501 Variae
1941 5431 2270 5504 lectiones
2300 5440 2367 5502 et
2407 5444 2611 5502 notae.

549 5620 660 5692 (77)
693 5624 799 5675 Υπὸ
828 5641 948 5679 τουο
986 5627 1042 5674 Β·
2308 5632 2420 5704 (ῐὸ)
2452 5631 2556 5687 Καὶ
2584 5649 2772 5686 ταυτα.
2806 5633 2865 5690 Β,
