3922 6200
430 295 533 349 847

1800 280 2142 338 EUTHYMII
2182 278 2514 335 ZlGABENI
3658 271 3736 327 848

431 420 550 474 tem
598 416 931 489 apparueit,
1005 414 1230 469 certum
1289 415 1398 482 est,
1458 411 1608 466 sicut
1686 408 1864 464 etiam
1925 406 2075 462 dicto

2198 410 2281 477 μὲν
2339 410 2519 477 πρώτη
2580 401 2853 455 Σαϐϐάτων
2896 404 2925 461 ἡ
2987 401 3230 474 Κυριακὴ
3281 399 3504 471 λέγεται,
3563 403 3637 450 καὶ
3680 401 3737 450 ὁτι

431 504 622 576 capite
695 503 1046 575 praedictum
1111 505 1225 557 est.
1306 498 1581 556 Similiter
1638 496 1803 570 quod
1852 495 2081 567 primus

432 592 856 655 Sabbatorum,
919 590 1043 645 dies
1105 589 1450 646 Dominicus
1499 587 1751 651 dicatur,
1797 584 2083 656 quodque

428 696 610 737 mane
640 680 816 751 hujus
851 679 1113 736 Christus
1140 677 1504 750 apparuerit,
1534 674 1757 748 pariter
1782 673 1859 729 ibi
1889 672 2086 729 decla-

428 777 629 826 ratum
660 774 770 827 est.

503 857 903 924 Quaerendum
927 861 1149 921 autem,
1172 854 1482 928 quomodo
1499 854 1613 911 hoc
1634 853 1764 909 loco
1792 850 2082 922 scriptum

432 952 539 1016 est,
561 947 723 1019 quod
754 946 1094 1018 apparuerit
1120 946 1383 1018 primum
1440 943 1634 999 Marias
1695 939 2083 1010 Magdalenm,

430 1036 723 1108 siquidem
753 1036 1032 1107 apparuit
1074 1034 1333 1106 primum
1381 1048 1503 1087 non
1550 1030 1658 1086 soli
1692 1028 2082 1099 Magdalenen,

431 1126 535 1181 sed
564 1125 742 1180 etiam
771 1124 937 1180 alteri
963 1123 1159 1180 Marias
1183 1121 1389 1179 Jacobi
1411 1127 1467 1176 et
1488 1122 1646 1189 Jose,
1670 1119 1845 1175 veluti
1876 1132 2087 1173 narra-

428 1214 514 1270 vit
562 1214 871 1270 Matthteus
924 1214 998 1271 ⁷⁸.
1056 1212 1383 1268 Dicendum
1439 1226 1579 1281 ergo
1633 1214 1721 1264 est
1781 1208 1937 1280 quod
1986 1222 2086 1277 per

428 1302 860 1372 Magdalenam,
875 1303 1121 1359 alteram
1134 1316 1377 1374 quoque
1390 1298 1763 1370 signiﬁcavit.
1775 1296 2083 1368 Frequenti

429 1399 517 1449 est
539 1393 699 1447 enim
736 1391 799 1446 in
840 1408 951 1447 usu
980 1391 1145 1462 apud
1172 1390 1568 1459 evangelistas
1626 1402 1731 1459 per
1764 1400 2085 1457 personam

430 1497 565 1553 quae
595 1480 887 1550 insignior
922 1485 1027 1545 est,
1072 1496 1206 1536 eam
1238 1479 1419 1535 etiam
1449 1476 1794 1547 intelligere,
1824 1491 1951 1545 quae
1978 1475 2085 1529 mi-

430 1586 544 1627 nus
576 1573 715 1626 nota
740 1575 855 1626 est.
912 1568 1209 1640 Insignior
1249 1573 1448 1624 autem
1496 1570 1620 1622 erat
1649 1564 1994 1635 Magdalene
2021 1564 2082 1618 in

430 1661 545 1718 hoc
596 1660 764 1733 quod
804 1660 1111 1717 festinavit
1148 1663 1206 1715 et
1264 1656 1565 1731 praecessit
1623 1658 1699 1712 ad
1727 1669 2083 1711 monumen-

2192 497 2328 567 πρωὶ
2357 495 2553 554 ταύτης
2592 494 2617 543 ὁ
2658 494 2885 565 Χριστός
2936 490 3112 562 ἐφάνη,
3164 492 3349 561 ὁμοίως
3402 488 3451 539 ἐν
3499 486 3648 558 ἐκείνῳ
3679 484 3739 539 δε-

2195 580 2447 641 δηλωται.

2264 872 2521 927 Ζητητέον
2573 865 2653 936 δὲ,
2712 875 2819 927 πῶς
2875 865 3094 918 ἐνταῦθα
3150 869 3440 939 γέγραπται
3505 865 3577 915 ὅτι
3625 860 3741 934 ἐφάνη

2195 968 2396 1033 πρῶτον
2440 962 2620 1031 Μαρίᾳ
2656 964 2718 1028 τῇ
2762 952 3111 1027 Μαγδαληνῇ.
3147 954 3255 1007 Καὶ
3305 956 3403 1025 γὰρ
3456 951 3601 1023 ἐφάνη
3639 960 3744 1025 πρῶ.

2195 1068 2280 1100 τον
2320 1048 2377 1099 ου
2421 1055 2482 1119 τῇ
2535 1043 2859 1117 Μαγδαληνῇ
2921 1049 3073 1116 μόνη,
3122 1042 3249 1094 ἀλλὰ
3300 1046 3385 1094 xui
3436 1049 3499 1112 τῇ
3542 1041 3668 1112 ἄλλη,

2195 1144 2286 1189 τοῦ
2316 1135 2564 1189 Ἰακώϐου
2610 1140 2699 1187 καὶ
2743 1136 2858 1204 (83)
2887 1142 2977 1185 τοῦ
3011 1134 3187 1196 Ἰωσῆ,
3237 1134 3407 1192 καθὼς
3462 1133 3489 1183 ὁ
3537 1133 3748 1189 Muttinis;

2199 1229 2495 1300 ἱστόρησεν.
2530 1227 2709 1279 Ἔστιν
2764 1223 2851 1274 οὗν
2905 1229 3061 1274 εἰπεῖν
3111 1224 3191 1273 ὅτι
3235 1218 3327 1273 διὰ
3370 1228 3459 1280 τῆς
3506 1216 3747 1290 Μαγδαλη-

2194 1324 2286 1376 vi);
2333 1320 2420 1366 xui
2464 1320 2555 1373 τὴν
2603 1313 2759 1370 ἀλλην
2808 1309 3087 1369 ἐδήλωσεν.
3142 1310 3287 1370 Ἐθος
3334 1312 3434 1381 γάρ
3488 1318 3588 1370 τοῖς
3630 1308 3748 1378 ala-[-

2192 1405 2457 1476 γελισταῖς
2505 1403 2551 1456 ἐν
2608 1402 2812 1462 πολλοῖς
2862 1399 2953 1454 διὰ
3013 1410 3105 1453 τοῦ
3168 1399 3547 1473 ἐπισημοτέραν
3586 1404 3747 1472 προσώ-

2192 1514 2291 1547 που
2344 1499 2433 1546 καὶ
2488 1498 2546 1545 τὸ
2599 1497 2691 1545 σὺν
2750 1492 2922 1562 ἐκείνῳ
2972 1489 3251 1563 ἐμφαίνειν.
3300 1491 3666 1560 Ἐπισημοτέρα
3706 1483 3749 1538 δι

2192 1586 2222 1642 ἡ
2284 1580 2603 1654 Μαγδαληνὴ
2657 1584 2791 1633 κατά
2849 1584 2905 1633 τὸ
2963 1576 3284 1639 σπουδάζειν
3330 1583 3419 1630 καὶ
3486 1582 3750 1650 προπορεύε-

2194 1675 2319 1725 σθαι
2371 1672 2454 1725 ἐπὶ
2496 1676 2552 1723 τὸ
2599 1679 2864 1744 μνημεῖον,
2919 1668 3117 1727 Πολλὴν
3169 1670 3267 1741 γὰρ
3327 1664 3442 1738 εἶχε
3486 1669 3656 1739 θέρμη-ν
3692 1669 3752 1716 πί-

432 1757 558 1808 tum
584 1771 596 1804 :
625 1749 814 1806 multo
833 1750 993 1806 enim
1010 1748 1150 1804 ﬁdei
1165 1749 1226 1803 in
1250 1746 1542 1803 Christum
1569 1745 1766 1801 calore
1793 1744 2075 1810 fervebat,

2198 1782 2349 1822 στεως
2398 1762 2467 1823 εἰς
2513 1764 2764 1834 Χριστόν,
2801 1758 3037 1832 μεγάλως
3082 1758 3484 1832 εὐεργετηθεῖσαι
3540 1756 3649 1828 παρ’
3685 1754 3747 1806 ειν.

430 1844 633 1911 utpote
664 1854 885 1909 magno
916 1840 994 1894 ab
1025 1854 1096 1893 eo
1114 1836 1326 1893 affecta
1354 1835 1644 1892 beneﬁcio
1676 1850 1688 1889 :
1722 1850 1859 1890 cum
1886 1834 2081 1906 ipsam

430 1943 467 1985 a
496 1932 727 2000 septem
764 1927 1078 1984 daemoniis
1107 1925 1468 1984 liberaverit.

499 2019 669 2076 Vers.
710 2020 803 2075 10.
834 2018 941 2072 Illa
974 2049 1045 2057 —
1096 2016 1371 2086 ﬂentibus.
1436 2015 1558 2072 Hoc
1609 2018 1697 2071 est
1755 2012 2079 2086 discipulis,

428 2106 535 2179 qui
563 2122 701 2163 cum
731 2122 802 2163 eo
831 2106 1043 2162 versati
1072 2105 1322 2171 fuerant,
1365 2106 1468 2177 qui
1498 2104 1694 2176 ipsum
1729 2104 1907 2159 secuti
1962 2103 2083 2158 fue-

427 2202 589 2253 rant:
612 2196 933 2253 nonsolum
951 2194 1253 2259 undecim,
1271 2210 1481 2250 verum
1501 2194 1680 2249 etiam
1702 2193 2082 2265 septuaginta

428 2286 695 2342 duobus.
734 2284 856 2341 Hoc
892 2286 1093 2356 itaque
1122 2284 1238 2341 illis
1284 2282 1642 2339 renuntiavit
1662 2283 1775 2339 ista
1832 2297 1976 2337 sane
2029 2287 2082 2337 et

430 2375 616 2432 altera
643 2374 847 2446 Maria,
878 2373 1318 2430 Attestabantur
1369 2377 1569 2429 autem
1627 2376 1682 2427 et
1719 2372 1849 2427 alias
1881 2370 2082 2426 mulie-

430 2480 541 2530 res,
572 2464 724 2520 sicut
748 2463 985 2535 scripsit
1013 2464 1196 2520 Lucas
1224 2464 1271 2497 "’9
1309 2479 1324 2529 ;
1356 2462 1430 2517 de
1461 2462 1682 2534 quibus
1712 2477 1915 2533 qurere
1938 2477 2081 2532 prm-

428 2554 587 2609 dicto
618 2551 918 2623 Evangelii
936 2552 1107 2624 juxta
1146 2551 1480 2608 Matthaaum
1530 2551 1723 2622 capite
1755 2551 2079 2607 enarratio-

429 2659 563 2699 nem
598 2641 755 2697 illius
799 2642 982 2697 dicti:
1024 2640 1122 2695 Illi
1163 2647 1341 2696 autem
1385 2640 1612 2710 sumptis
1652 2640 1903 2711 pecuniis
1948 2640 2081 2709 lece-

428 2739 559 2788 ruut
583 2739 743 2804 prout
772 2731 919 2786 docti
947 2736 1104 2786 erant
1130 2729 1202 2786 ³ο.

498 2823 663 2879 Vers.
699 2823 788 2879 l2.
816 2821 943 2877 Post
962 2821 1081 2877 haec
1101 2826 1368 2876 autem—
1389 2819 1555 2875 Vers.
1585 2820 1678 2874 13.
1704 2818 2074 2873 crediderunt.

427 2910 495 2966 Hi
525 2910 641 2967 duo
671 2926 744 2966 ex
770 2910 1148 2982 septuaginta
1179 2906 1484 2980 discipulis
1514 2911 1704 2962 erant.
1738 2909 1803 2961 Et
1828 2907 2076 2978 quidam

423 3002 652 3066 dicunt,
666 3016 767 3056 eos
780 3016 907 3055 esse
921 3000 1201 3071 Cleopam
1216 3003 1443 3063 etcum,
1458 2997 1711 3069 quicum
1726 2997 1854 3069 ipso
1869 3014 2076 3069 perge-

422 3091 601 3147 batin
617 3089 925 3146 castellum
944 3090 1185 3145 nomine
1204 3091 1509 3156 Emmaus,
1542 3087 1615 3141 de
1638 3088 1858 3159 quibus
1878 3103 2076 3143 narra-
2105 3118 2145 3174 ρ

424 3181 504 3237 vit
534 3182 721 3236 Lucas
752 3180 795 3215 ⁸³
815 3222 828 3236 .
856 3179 969 3237 Sed
1000 3180 1113 3235 hoc
1140 3179 1371 3234 videtur
1398 3177 1550 3232 dictu
1584 3177 1939 3235 absurdum.
1978 3178 2073 3231 His

426 3269 744 3343 siquidem,
770 3285 908 3325 cum
929 3268 1394 3333 renuntiassent,
1416 3281 1537 3321 non
1570 3273 1654 3321 est
1678 3267 1882 3323 habita
1908 3265 2072 3333 ﬁdes,

422 3360 502 3415 illi
560 3375 697 3415 vero
750 3359 942 3428 magis
998 3357 1354 3413 invenerunt
1408 3355 1711 3427 apostolos
1765 3356 2071 3411 dicentes:

422 3450 676 3506 Surrexit
723 3448 982 3505 Dominus
1011 3463 1129 3503 vere
1167 3453 1217 3501 et
1248 3449 1396 3502 visus
1422 3452 1495 3500 est
1545 3464 1581 3500 a
1638 3448 1872 3501 Simone.
1901 3445 2078 3500 Mani-

420 3540 639 3595 festum
668 3554 810 3608 ergo
837 3543 942 3602 est,
973 3536 1122 3593 alios
1155 3551 1254 3591 ese
1275 3536 1405 3590 illos
1436 3540 1491 3589 et
1511 3535 1662 3591 alios
1686 3537 1825 3592 istos
1854 3556 1865 3589 :
1892 3534 2077 3589 fuisse

422 3633 623 3685 tamen
644 3631 701 3683 et
729 3627 840 3682 hos
866 3631 922 3681 et
941 3624 1072 3680 illos
1105 3640 1177 3679 ex
1204 3624 1607 3695 septuaginta.

495 3717 761 3771 Primum
792 3713 993 3785 itaque
1024 3715 1300 3784 apparuit
1329 3712 1588 3767 Christus
1628 3711 1991 3780 Magdalenae
2023 3716 2081 3767 et

423 3804 589 3861 alteri
618 3803 828 3867 Marias,
853 3801 1069 3857 deinde
1099 3802 1190 3856 his
1216 3800 1469 3866 duobus,
1494 3801 1855 3872 posmodum
1886 3805 2074 3867 Petro,

422 3892 669 3948 demum
696 3907 833 3947 vero
859 3889 973 3945 illis
1011 3888 1273 3945 duobus.
1316 3891 1466 3946 Sane
1498 3889 1590 3945 his
1612 3905 1731 3944 non
1766 3896 1849 3945 est
1872 3890 2079 3947 habita

421 3982 603 4049 ﬁdes;
650 3980 823 4037 Petro
877 3995 1017 4036 vero
1080 3986 1369 4050 tanquam
1418 3995 1652 4034 summo
1700 3995 1769 4034 ac
1822 3980 2077 4052 principi

421 4078 771 4129 caeterorum
784 4069 1077 4126 creditum
1096 4075 1205 4138 est,
1230 4077 1285 4124 et
1300 4069 1380 4125 ita
1401 4067 1517 4124 duo
1539 4069 1643 4140 qui
1670 4070 1831 4141 apud
1854 4070 2072 4126 Lucam

422 4162 498 4219 ab
521 4164 804 4218 Emmaus
828 4159 1049 4215 reversi
1072 4162 1228 4224 sunt,
1253 4156 1607 4213 invenerunt
1628 4159 1960 4230 aspoStolos
1987 4160 2077 4215 di-

421 4259 662 4309 centes:
702 4249 962 4306 Surrexit
1001 4248 1263 4303 Dominus
1321 4264 1460 4318 vere,
1487 4255 1537 4302 et
1584 4248 1735 4303 vis-ns
1775 4256 1851 4303 cst
1911 4268 1941 4303 a
1988 4251 2073 4306 Si-

419 4360 567 4399 mone
594 4342 668 4398 ⁸².
689 4372 755 4382 -
773 4342 839 4395 Et
854 4339 945 4395 hae
963 4353 1173 4394 omnes
1186 4336 1589 4410 apparitiones
1612 4338 1672 4392 in
1692 4336 1786 4394 die
1813 4354 2072 4396 resurre-

420 4433 630 4491 ctionis
668 4431 836 4487 factae
869 4434 1029 4487 sunt.

488 4524 632 4578 Vers
648 4566 660 4579 .
693 4522 783 4576 14.
810 4521 997 4576 Postea
1023 4550 1084 4560 -
1107 4516 1486 4574 crediderant.
1506 4548 1576 4558 —
1598 4519 1813 4585 Postea,
1840 4524 2070 4591 postca-
2104 4510 2149 4563 D

419 4626 607 4681 quam
637 4609 900 4665 videlicet
929 4608 1207 4665 certiores
1253 4606 1386 4663 facti
1425 4606 1661 4663 fuerant
1685 4624 1721 4663 a
1760 4608 1945 4675 Petro,
1975 4627 2071 4666 ve-

418 4702 749 4768 nerantque
782 4696 1030 4769 Cleopas
1052 4703 1108 4753 et
1160 4713 1361 4753 comes
1413 4696 1561 4768 ejus,
1592 4714 1660 4753 ac
1690 4704 2072 4755 narraverant

421 4801 557 4859 quae
576 4784 685 4839 sibi
720 4786 779 4839 in
810 4785 909 4840 via
935 4785 1274 4841 acciderant
1307 4803 1318 4841 :
1345 4790 1398 4842 et
1429 4787 1733 4858 quomodo
1762 4787 1838 4843 ab
1870 4788 1953 4844 eis
1977 4805 2071 4845 co-

419 4874 617 4946 gnitus
635 4872 824 4928 fuerat
842 4872 902 4927 in
929 4873 1210 4929 fractione
1230 4876 1418 4945 panis,
1441 4879 1587 4931 sicut
1604 4876 1749 4932 dixit
1770 4880 1955 4934 Lucas
1987 4881 2059 4938 ³³.

419 4963 512 5021 Ait
542 4962 701 5018 enim
734 4962 859 5034 ipse
894 4978 906 5017 :
940 4963 1088 5020 Haec
1118 4964 1244 5018 illis
1286 4965 1616 5035 loquentibus
1649 4968 1757 5036 ipse
1785 4967 1937 5023 Jesus
1965 4976 2065 5024 ste-

420 5054 487 5111 tit
507 5055 569 5109 in
584 5052 756 5107 medio
776 5068 981 5118 eorum,
997 5059 1042 5107 et
1057 5054 1135 5107 ait
1152 5053 1299 5108 illis:
1320 5057 1435 5108 Pas:
1447 5055 1587 5109 vobis
1607 5057 1674 5127 3‘,
1697 5063 1808 5112 etc.
1826 5058 1944 5112 Hoc
1959 5075 2067 5113 au-

489 5208 538 5242 "
570 5205 779 5262 Matth.
826 5220 1027 5275 xxvm,
1050 5210 1107 5263 9.

418 5295 571 5354 ibid.
618 5295 714 5353 35.
799 5294 847 5329 ⁸⁸
877 5293 1003 5349 ibid
1045 5293 1141 5351 36.

1195 5208 1240 5241 79
1275 5208 1414 5264 Luc.
1453 5224 1610 5276 xxw,
1661 5209 1753 5266 10.

2175 5062 2261 5120 τὸς
2317 5060 2341 5109 ὁ
2407 5059 2612 5117 Ἰησοῦς
2687 5057 2808 5111 ἔστη
2882 5053 2933 5105 ἐν
3014 5056 3157 5125 μέσῳ
3223 5053 3418 5123 αὐτῶν,

1839 5209 1886 5245 ⁸ο
1933 5212 2150 5270 Matth.
2213 5225 2413 5280 xxvui,
2458 5211 2547 5265 15.

2192 1858 2303 1905 τοῦ.
2335 1849 2499 1904 Ἑπτά
2526 1852 2624 1922 γὰρ
2656 1845 2937 1921 δαιμονίων
2969 1850 3163 1904 ταύτην
3190 1845 3508 1907 ἀπήλλαξεν,

2264 2028 2463 2083 Ἐκείνη
2521 2058 2583 2067 ---
2648 2026 2916 2080 κλαίουσι.
2970 2031 3091 2085 Τοῖς
3148 2024 3257 2095 μετ’
3321 2023 3485 2075 αὑτοῦ
3541 2022 3754 2093 ἀναστρα-

2194 2123 2349 2187 φεῑσι,
2408 2122 2515 2177 τοῖς
2575 2115 2715 2185 αὐτῷ
2787 2114 3182 2171 ἀκολουθήσασι
3241 2114 3524 2183 μαθηταῖς9
3578 2112 3630 2163 οὐ
3675 2118 3756 2169 τοῖς

2193 2201 2373 2256 ἕνδεκα
2428 2210 2602 2276 μόνον,
2658 2204 2785 2255 ἀλλὰ
2839 2210 2927 2255 καὶ
2992 2211 3101 2263 τοῖς
3166 2211 3260 2263 τῆς
3314 2197 3752 2274 ἐϐδομηκοντάϐος.

2194 2293 2504 2363 Ἀπήγγειλε
2548 2297 2637 2364 μεν
2684 2294 2772 2345 οὖν
2816 2302 2968 2344 τοῦτο
3006 2292 3181 2352 αὐτοῖς
3237 2292 3388 2347 αὕτη.
3435 2296 3538 2343 Ναὶ
3582 2295 3667 2361 μὴν
3689 2292 3755 2338 καὶ

2192 2384 2222 2440 ἡ
2257 2382 2383 2440 άλλη
2418 2388 2613 2454 Μαρία.
2657 2382 3071 2454 Ἐπεμαρτύρουν
3105 2377 3162 2432 δὲ
3192 2386 3279 2431 καὶ
3330 2383 3383 2431 αἱ
3429 2382 3594 2455 ἕτεραι
3617 2385 3753 2449 7'qu-

2191 2492 2290 2537 κες,
2345 2474 2413 2533 ὡς
2474 2474 2499 2522 ό
2556 2477 2759 2530 Λουκᾶς
2811 2470 3024 2543 ἔγραψε,
3081 2475 3197 2543 περὶ
3260 2470 3327 2520 ὧν
3372 2470 3601 2529 ζήτησον
3630 2467 3670 2518 ἐν
3701 2476 3755 2535 τῲ

2190 2560 2528 2635 προλεχθέντι
2593 2560 2849 2631 κεφαλαίῳ
2908 2567 2997 2611 τοῦ
3048 2561 3178 2610 κατά
3222 2560 3494 2611 Ματθαῑον
3532 2564 3618 2614 τήν
3664 2556 3753 2617 ἐξή-

2188 2669 2346 2721 γησιν
2376 2656 2487 2702 τοῦ.
2541 2651 2606 2699 Oi
2641 2645 2719 2713 δὲ,
2761 2647 2999 2710 λαϐόντες
3052 2651 3118 2699 τά
3148 2646 3392 2721 ἀργύρια,
3430 2646 3671 2704 ἐποίησαν
3704 2646 3757 2703 ὡς

2189 2736 2590 2809 ἐδιδάχθησαν.

2260 2831 2399 2883 Μετὰ
2446 2824 2504 2879 δὲ
2553 2835 2719 2878 ταῦτα
2775 2856 2839 2867 —
2890 2825 3221 2880 ἐπίστευσαν.
3273 2825 3435 2876 Οὗτοι
3490 2828 3535 2876 οἱ
3596 2820 3679 2875 δύο
3714 2820 3755 2871 ἐι

2188 2924 2285 2967 τῶν
2326 2912 2685 2983 ἐϐδομήκοντα
2732 2917 2977 2987 μαθητῶν
3022 2916 3175 2972 ἦσαν.
3238 2914 3343 2967 Καὶ
3387 2918 3523 2975 τινὲς
3578 2916 3657 2984 μὲν
3696 2910 3759 2961 λέ-

2184 3024 2369 3077 γουσιν
2422 3001 2550 3056 εἶναι
2618 3004 2809 3065 αὐτοὺς
2886 3004 3115 3056 Κλεόπαν
3182 3008 3269 3054 xui
3332 3005 3418 3055 τόν
3479 3006 3569 3053 σὺν
3618 3000 3757 3066 ἐκείνῳ

2186 3098 2521 3165 πορευόμενον
2573 3094 2642 3153 εἰς
2689 3100 2888 3165 κώμην,
3003 3098 3162 3164 ὄνομα
3210 3093 3499 3163 Ὶνίμμαοῦς,
3557 3096 3662 3163 περὶ
3707 3088 3759 3136 ὧν

2187 3184 2212 3233 ὁ
2248 3189 2447 3242 Λουκᾶς
2496 3185 2770 3255 ἱστόρησεν
2801 3200 2812 3211 '
2846 3180 2990 3234 δοκεῖ
3036 3178 3094 3235 δὲ
3125 3184 3150 3232 ό
3180 3181 3327 3251 λόγος
3374 3179 3637 3238 ἀπίθανος.
3682 3174 3760 3226 Οὖ-

2185 3290 2266 3322 τοι
2323 3275 2411 3343 μὲν
2464 3274 2586 3345 γὰρ,
2644 3270 3068 3343 ἀπαγγείλαντες,
3124 3272 3508 3328 ἠπιστήθησαν
3543 3290 3554 3301 -
3612 3266 3762 3318 ἐιεῐνοι

2189 3357 2247 3413 δὲ
2313 3360 2501 3431 μᾶλλον
2577 3360 2721 3435 εὗρον
2789 3365 2907 3421 τοὺς
2987 3361 3307 3421 ἀποστόλους
3370 3359 3627 3430 lr'lourug,
3699 3356 3759 3405 ὅτι

2191 3449 2409 3521 Ἠγέρθη
2460 3452 2484 3500 ό
2533 3450 2723 3523 Κύριος
2779 3454 2954 3513 ὅντως,
3017 3454 3107 3501 καὶ
3164 3451 3309 3520 ὤφθη
3363 3454 3582 3520 Σίμωνι.
3631 3442 3761 3501 Δῆλον

2190 3534 2276 3589 οὖν
2332 3540 2410 3589 ὅτι
2472 3538 2633 3610 ἕτεροι
2691 3534 2852 3602 οὗτοι,
2914 3543 3001 3589 καὶ
3067 3538 3225 3611 ἕτεροι
3278 3536 3486 3590 ἐκεῖνοι.
3555 3536 3633 3587 Ἐκ
3682 3539 3760 3582 τῶν

2191 3623 2550 3699 ἐϐδομήκοντα
2572 3624 2629 3679 δὲ
2656 3632 2743 3678 καὶ
2773 3627 2917 3679 οὗτοι
2943 3626 3190 3679 κάκεῖνοι.

2264 3723 2471 3788 Πρῶτον
2517 3720 2606 3788 μὲν
2651 3713 2738 3767 οὖν
2770 3718 2795 3768 ὁ
2840 3720 3065 3791 Χριστὸς
3116 3715 3419 3787 ἑνεφανίσθη
3478 3723 3540 3786 τῇ
3574 3706 3760 3781 Μαγδα-

2188 3804 2312 3877 ληνῇ
2347 3812 2435 3858 καὶ
2474 3814 2536 3878 τῇ
2570 3806 2720 3878 άλλη,
2753 3807 2861 3858 εἶτα
2901 3814 2962 3877 τῇ
3025 3802 3191 3857 δυάδι
3242 3807 3463 3869 τούτων,
3524 3806 3684 3855 ἔπειτα
3708 3804 3760 3866 τῷ

2190 3900 2383 3966 Πέτρῳ’
2440 3899 2566 3967 μετὰ
2620 3904 2772 3947 τοῦτο
2833 3893 2890 3947 δὲ
2956 3902 3017 3966 τῇ
3076 3892 3242 3946 δυάδι
3294 3893 3523 3946 ἐκείνων.
3574 3893 3652 3943 Διὸ
3692 3892 3763 3936 καὶ

2188 3985 2330 4036 οὗτοι
2374 3988 2462 4056 μὲν
2499 3985 2873 4042 ἠπιστήθησαν
2908 4002 2918 4013 ·
2954 3986 2979 4035 ό
3023 3980 3080 4036 δὲ
3112 3989 3326 4057 Πέτρος,
3385 3988 3460 4044 ὡς
3516 3983 3762 4051 κορυφαῖος

2185 4076 2406 4143 πάντων,
2484 4072 2780 4131 ἐπιστεύθη.
2840 4074 2940 4127 Καὶ
2999 4073 3174 4124 λοιπόν
3238 4072 3471 4133 ἐλθόντες
3538 4074 3586 4122 oi
3649 4067 3767 4136 παρὰ

2186 4172 2255 4234 τῷ
2304 4169 2481 4232 Λουκᾲ
2537 4160 2655 4231 δύο,
2698 4163 2840 4237 εὗρον
2876 4168 2999 4224 τοὺς
3050 4161 3372 4221 ἀποστόλους
3428 4162 3660 4231 λέγοντας
3704 4158 3765 4205 ὁτι

2186 4255 2404 4327 Ἠγέρθη
2434 4254 2458 4304 ὁ
2494 4255 2682 4325 Κύριος
2725 4254 2901 4317 ὅντως,
2951 4256 3039 4303 xui
3091 4253 3233 4323 ὤφθη
3271 4257 3487 4322 Σίμωνι.
3526 4250 3608 4304 Ἐν
3654 4244 3762 4313 αὐτῇ

2186 4340 2243 4396 δε
2284 4352 2344 4415 τῇ
2395 4344 2563 4415 ἡμέρᾳ
2593 4350 2682 4401 τῆς
2732 4340 3062 4403 ἀναστάσεως
3104 4343 3157 4392 αἱ
3189 4340 3447 4393 ὀπτασίαι
3479 4340 3592 4411 (84)
3637 4335 3765 4387 αὗται

2180 4440 2349 4486 πᾶσαι
2374 4435 2665 4504 γεγόνασιν.

2250 4522 2492 4595 Ὕστερον
2576 4552 2643 4561 --
2723 4518 3055 4573 ἐπίστευσαν,
3155 4518 3425 4594 Ὕστερον,
3521 4520 3647 4592 μετὰ
3722 4518 3765 4564 τὰ

2180 4612 2640 4686 πληροφορηθῆναι
2686 4612 2875 4671 αὐτοὺς
2943 4611 3086 4683 παρά
3152 4617 3242 4660 τοῦ
3295 4613 3524 4682 Πέτρου,
3582 4612 3667 4658 καὶ
3710 4602 3769 4655 ἕλ-

2183 4704 2321 4754 σθεῐν
2350 4720 2434 4752 τον
2460 4718 2512 4751 τε
2558 4698 2788 4753 Κλεόπαν
2822 4702 2909 4749 καὶ
2958 4701 3043 4749 τὸν
3091 4701 3184 4749 σὺν
3244 4697 3411 4767 αὐτῷ,
3464 4702 3557 4748 καὶ
3598 4696 3768 4764 iit/si-

2181 4793 2304 4843 σθαι
2334 4792 2399 4841 τὰ
2434 4788 2483 4841 ἐν
2515 4796 2575 4860 τῇ
2624 4784 2752 4857 όὸῷ,
2792 4792 2875 4837 καὶ
2913 4790 2981 4846 ως
3026 4785 3257 4857 ἐγνώσθη
3290 4786 3470 4847 αὐτοῖς
3501 4784 3549 4838 ὲν
3667 4783 3770 4833 xii.

2182 4898 2260 4931 σει
2300 4886 2388 4931 τοῡ
2415 4880 2595 4952 ἄρτου,
2628 4879 2798 4937 καθὼς
2838 4879 3035 4948 εἴρηκεν
3076 4877 3101 4925 ό
3150 4880 3373 4935 Λουκᾶς.
3429 4880 3571 4933 Φησὶ
3616 4876 3707 4944 γὰρ
3750 4874 3769 4919 ό

2405 4970 2483 5019 ὅτι
2538 4974 2715 5019 Ταῦτα
2785 4965 2952 5016 αὐτῶν
3184 4964 3475 5017 λαλούντων
3548 4968 3635 5015 καὶ
3684 4960 3771 5011 αυ-

3491 5058 3583 5105 καὶ
3654 5052 3763 5119 137$:

2178 4969 2328 5029 οὗτος

2631 5208 2674 5244 εί
2705 5206 2843 5263 Luc.
2883 5221 3036 5271 χειν,
3071 5206 3159 5261 13.
3243 5205 3291 5241 ⁸³
3348 5206 3505 5263 ibid.
3554 5207 3647 5261 34.
3722 5198 3761 5233 ⁸³

1618 5424 1842 5495 Variae
1887 5425 2211 5496 lectiones
2265 5435 2331 5497 et
2362 5435 2564 5495 notae.

486 5592 599 5679 ςξᾳ)
634 5597 735 5679 iisut
761 5590 1220 5679 ’Ima'i.”§llb‘lat0
1247 5605 1457 5651 rasura
1485 5597 1596 5661 καί,
1629 5599 1693 5652 ut
1729 5597 1967 5670 opinor,
2001 5597 2062 5655 Β.

485 5667 599 5749 (84)
621 5666 807 5736 Αὖται,
838 5666 1053 5725 omittit
1072 5666 1148 5724 Δ.

2244 5598 2356 5672 (85)
2378 5595 2581 5653 Λαλούν
2590 5616 2683 5651 των
2718 5594 2887 5652 αὐτῶν
2916 5595 2989 5653 Α.
