3922 6200
193 263 281 322 849
1207 255 1576 314 COMMENT.
1617 255 1688 311 IN
1725 255 2058 313 MARCUM.
2089 287 2157 296 —
2184 256 2338 313 CAP.
2369 257 2514 313 XVI.

3380 265 3485 322 850

193 389 354 456 αὐτοῖς,
403 386 575 458 Εἰρήνη
628 386 770 457 ύμῖν,
827 389 918 437 καὶ
978 387 1044 437 τὰ
1103 383 1236 447 ἑξῆς.
1281 383 1362 435 Ἐν
1409 389 1472 455 τῇ
1529 381 1707 455 ἑσπέρᾳ

1879 397 1948 440 ιω
1983 382 2238 438 etiamin
2277 382 2546 454 ejusdem
2573 383 2954 457 dieifvespera
2971 387 3210 447 accidit.
3245 391 3486 463 Scripsit

189 477 237 532 δὲ
277 486 355 539 τῆς
402 476 548 537 αὐτῆς
614 476 808 550 ἡμέρας
857 480 947 527 καὶ
991 480 1144 526 τοῦτο
1195 478 1418 544 γέγονεν.
1484 469 1721 544 Ἔγραψε

184 570 265 640 γὰρ
309 569 385 616 καὶ
447 566 470 616 ό
516 566 746 624 Ἰωάννης
792 565 872 616 ὅτι
933 563 1113 624 Οὔσης
1187 561 1358 632 ὀψίας,
1414 568 1475 632 τῇ
1551 562 1720 632 ἡμέρᾳ

184 655 336 728 ἐκείνη,
398 661 456 727 τῇ
529 659 622 726 μιᾷ
676 660 776 706 τῶν
858 651 1151 718 Σαϐϐάτων,
1224 655 1313 703 καὶ
1377 658 1475 702 τῶν
1552 650 1717 720 θυρῶν

181 745 510 815 κεκλεισμένων,
589 745 714 795 ὅπου
796 739 930 801 ἦσαν
1017 743 1066 794 οἱ
1145 742 1380 812 μαθηταὶ
1461 741 1718 809 συνηγμέ-

181 853 242 885 νοι
286 830 362 885 διὰ
415 837 494 884 τόν
553 831 702 904 φόϐον
779 841 876 884 τῶν
932 827 1222 895 Ἰουδαίων,
1294 826 1441 888 ἦλθεν
1518 829 1542 879 ὁ
1617 827 1718 884 ’1η-

182 931 295 989 σούς,
344 927 422 974 καὶ
457 925 575 980 ῖστη
631 922 704 984 εἰς
767 925 825 974 τὸ
882 926 1060 995 μέσον,
1120 924 1210 972 καὶ
1265 918 1401 989 λέγει
1458 916 1631 975 αὐτοῖς
1698 934 1709 946 ·

181 1012 334 1085 Εἰρήνη
379 1013 487 1084 ὑμῖν
528 1017 614 1063 καὶ
685 1015 749 1064 τά
806 1011 940 1074 ἑξῆς.
1001 1015 1126 1063 Τότε
1171 1011 1271 1082 γὰρ
1329 1002 1569 1058 ὠνείδισε
1627 1026 1712 1062 τω

181 1098 384 1153 ἀπιστίαν
449 1101 610 1152 αὐτῶν
684 1106 774 1153 καὶ
860 1095 1302 1172 σκληροκαρδίαν,
1353 1098 1514 1147 εἰτουν
1571 1091 1714 1146 ἀπεί-

187 1190 307 1252 θειαν,
354 1191 423 1242 ὅτι
471 1197 574 1251 τοῖς
624 1191 952 1262 θεασαμένοις
998 1188 1150 1240 αὐτὸν
1203 1185 1540 1258 ἐγηγερμένον
1621 1182 1714 1234 ούκ

189 1277 456 1343 ἑπιστευσαν,
504 1283 663 1351 ἤγουν
701 1287 762 1352 τῇ
817 1275 1138 1349 Μαγδαληνῇ
1172 1279 1260 1327 καὶ
1311 1282 1372 1346 τῇ
1431 1271 1580 1345 ἄλλη,
1624 1275 1714 1324 καὶ

185 1373 268 1429 τοῖς
295 1364 397 1420 δυσὶ
428 1371 645 1436 τούτοις,
687 1373 806 1444 περὶ
857 1367 924 1418 ὧν
977 1367 1003 1418 ό
1038 1367 1249 1440 Μάρκος
1305 1365 1601 1437 ἱστόρησεν.
1655 1360 1715 1414 Ὀ

175 1459 246 1527 μὲν
269 1453 340 1509 οὖν
381 1458 582 1533 Μάρκος
623 1461 711 1509 τὸν
740 1457 963 1532 ῥηθέντα
1014 1450 1311 1526 ὀνειδισμὸν
1367 1449 1649 1525 ἀνέγραψεν
1693 1464 1708 1483 ο

173 1547 192 1599 o’
241 1544 289 1600 δε
344 1553 532 1608 Λουκᾶς
593 1551 684 1599 καὶ
749 1548 775 1598 ὁ
838 1547 1092 1612 Ἰωάννης,
1157 1550 1338 1596 τοῦτον

168 1641 366 1710 νημένων.

221 1729 306 1782 Καὶ
330 1723 450 1779 εἶπεν
477 1756 538 1766 —
557 1729 750 1780 κτίσει.
784 1725 936 1798 Πάση
970 1731 1032 1796 τῇ
1061 1722 1334 1795 οἰκουμένῃ
1363 1737 1375 1750 ⁸
1401 1715 1508 1773 εἶπε
1533 1714 1592 1771 δι
1619 1717 1711 1770 αύ-
1750 1717 1792 1772 Β

164 1822 245 1875 τοῖς
268 1819 342 1867 τὸν
367 1815 506 1886 λόγον
541 1823 725 1867 τοῦτον
751 1814 810 1867 ού
843 1818 958 1866 τότε
985 1815 1206 1876 πάντως,
1231 1811 1338 1862 ἀλλ’
1369 1810 1605 1881 ὕστερον,
1631 1808 1713 1858 ὅτε

163 1903 466 1977 ἐπορεύθησαν
505 1903 574 1964 εἰς
601 1908 696 1962 τὴν
719 1902 1012 1966 Γαλιλαίαν,
1045 1902 1117 1964 εἰς
1153 1904 1211 1953 τὸ
1243 1903 1380 1975 ὅρος,
1411 1899 1470 1952 οὗ
1496 1897 1712 1960 ἃτάξατο

162 1993 306 2055 αὐτοῖς
333 1995 355 2044 ό
391 1998 612 2060 Ἰησοῦς,
635 1995 704 2054 ὡς
742 1992 824 2044 ἐπὶ
845 1999 937 2044 τοῦ
965 1992 1135 2053 τέλους
1164 1998 1257 2043 τοῦ
1285 1992 1420 2042 κατὰ
1448 1989 1711 2044 Ματθαῖον

164 2081 433 2153 Εύαγγελίου
458 2087 766 2157 γέγραπται.

212 2314 275 2364 Τὰ
299 2309 342 2364 δ’
376 2312 513 2385 ἐφεξῆ
528 2333 548 2375 ς
572 2314 599 2365 ό
627 2317 716 2386 μὲν
747 2313 1013 2372 Ματθαίος
1034 2309 1304 2384 παρέλιπε,
1336 2311 1597 2379 συντεμὼν
1621 2309 1708 2364 τὴν

156 2405 250 2471 περὶ
273 2404 449 2453 τούτων
479 2398 735 2474 διήγησιν
765 2421 776 2433 ·
807 2403 832 2453 ό
865 2397 922 2454 δὲ
961 2402 1169 2473 Μάρκος
1196 2396 1494 2469 ἀπήγγειλε,
1521 2394 1710 2448 πλατύ-

153 2508 224 2549 νας
244 2494 316 2541 τὸν
336 2497 445 2565 περὶ
465 2496 660 2545 τούτων
687 2491 858 2563 λόγον.

207 2578 256 2630 Ὀ
280 2584 548 2642 πιστεύσας
581 2613 651 2621 —
701 2581 1168 2654 κατακριθήσεται.
1222 2575 1281 2629 ⁸0
1337 2578 1584 2636 πιτεύσας
1613 2577 1704 2627 καὶ

153 2663 420 2736 βαπτισθεὶς
462 2673 774 2739 σωθήσεται,
819 2671 922 2740 εἴγε
964 2671 1057 2725 τὴν
1110 2670 1290 2719 πίστιν
1320 2671 1410 2717 καὶ
1452 2669 1509 2717 τό
1567 2663 1704 2736 βαπ-

149 2773 281 2828 τισμα
301 2761 494 2832 καθαρὰ
539 2765 635 2812 καὶ
675 2758 870 2812 ἱσπιλα
915 2760 1252 2831 συντηρήσει,
1282 2756 1310 2814 ἦ
1359 2759 1448 2807 καὶ
1477 2755 1608 2827 μετὰ
1644 2756 1702 2805 τὸ

148 2845 367 2900 σπιλῶσαι
395 2851 692 2923 καθαρὶσει.

199 3066 383 3114 Νοεῖται
435 3059 493 3116 δὲ
545 3067 636 3114 καὶ
692 3061 928 3135 ἑτέρωςό
973 3061 1144 3133 λόγος,
1198 3058 1360 3112 ὅτιὈ
1409 3060 1702 3119 πιστεύσας
1735 3059 1776 3116 C

144 3153 214 3199 καὶ
245 3147 540 3221 βαπτισθεὶς
574 3154 896 3216 σωθήσεταί,
957 3153 1056 3222 εἴγε
1103 3153 1167 3202 τὰ
1197 3156 1292 3212 τῆς
1338 3153 1567 3210 πίστεως
1613 3153 1703 3200 καὶ

142 3239 193 3287 τὰ
232 3248 311 3292 τού
364 3239 739 3314 βαπτὶσματος
778 3239 1112 3304 ἐπιδείξεται.
1161 3247 1339 3293 Ταῦτα
1387 3237 1447 3292 δέ
1499 3239 1629 3292 εἰσιν
1669 3240 1698 3296 ἠ

143 3325 328 3397 ἐργασία
358 3341 448 3384 τῶν
489 3331 704 3385 ἐντολῶν
737 3351 830 3383 του
886 3337 1123 3405 Χριστοῦ
1169 3335 1259 3383 καὶ
1289 3331 1319 3388 ἡ
1355 3329 1554 3402 φυλακὴ
1587 3328 1701 3382 ἐαυ-

141 3424 229 3471 τού.

198 3509 293 3561 Οὐκ
331 3509 433 3563 εἰπε
482 3508 540 3564 δε
605 3512 687 3563 ὅτι
738 3510 796 3562 Ὀ
854 3511 1144 3571 πιστεύσας
1202 3513 1373 3582 μόνον,
1433 3507 1556 3564 οὐδὲ
1619 3512 1699 3563 ὃτι

139 3595 182 3649 Ὀ
219 3596 516 3670 βαπτισθεὶς
584 3605 740 3672 μόνον
799 3615 812 3628 ·
861 3597 966 3650 ἀλλ’
1032 3597 1298 3672 ἀμφότερα
1363 3599 1630 3662 συνέζευξε
1681 3617 1693 3631 ⁶

139 3687 310 3758 θάτερον
353 3693 448 3765 γὰρ
511 3693 732 3763 θατέρου
789 3694 954 3764 χωρὶς
1012 3688 1070 3741 ού
1129 3685 1287 3749 σῶζει
1342 3692 1428 3741 τὸν
1492 3691 1697 3763 ἄνθρω-

135 3793 226 3828 πον.

189 3873 360 3937 Σημεῖα
389 3900 448 3911 —-
486 3867 962 3943 παρακολουθήσει.
1021 3875 1142 3930 Τοῖς
1187 3870 1536 3921 πιστεύσασιν
1592 3867 1697 3940 ούχ

133 3951 293 4020 ἁπλῶς,
324 3956 426 4008 ἀλλ’
452 3961 522 4019 ὡς
552 3959 855 4032 εἰρήκαμεν.
890 3954 1018 4010 Εἶτα
1061 3957 1194 4030 λέγει
1233 3961 1322 4010 καὶ
1370 3963 1435 4010 τὰ
1480 3966 1692 4032 σημεῖα,

129 4046 240 4108 ἦτοι,
274 4048 525 4119 θαύματα.

184 4132 252 4185 Ἐν
272 4143 337 4203 τῷ
366 4135 584 4208 ὀνόματί
616 4156 717 4209 μου
743 4167 812 4176 -
840 4143 1061 4198 καιναῖς.
1092 4135 1360 4197 Γλώσσαις
1387 4133 1694 4202 ξέναιςβια-

126 4218 284 4284 λέκτοις
310 4223 652 4279 ἀλλοεθνέσιν.

181 4309 335 4383 Ὀςοεις
356 4314 566 4387 ἁροῦσι.
603 4315 1023 4388 Ἀφωδίσουσιν’,
1057 4314 1390 4383 ἁνελοῡσιν,ἧ
1420 4321 1508 4369 καὶ
1540 4315 1692 4390 ἀροῦ-

126 4415 192 4448 σιν
218 4398 259 4451 ἐν
287 4403 391 4474 (86)
423 4410 572 4479 χειρὶ
613 4401 918 4464 ἀκινδύνως.

181 4488 272 4540 Κᾶν
313 4522 375 4531 -
694 4493 861 4545 [Ιολλά
921 4499 1140 4545 τοιαῦτα
1196 4492 1402 4554 πολλοῖς
1457 4513 1686 4567 παρηκο-

122 4571 345 4636 λσύθησαν
382 4581 581 4653 ἁγίοις,
611 4592 700 4634 καὶ
724 4580 802 4634 ἀεὶ
832 4582 1288 4653 παρακολουθούσι
1326 4591 1433 4646 τοῖς
1480 4591 1686 4646 πιστοῖς

120 4667 208 4730 fin,
235 4671 463 4740 ἐργάταις
516 4668 577 4724 δὲ
625 4676 714 4722 καὶ
740 4680 839 4722 τῶν
866 4671 1203 4743 εύαγγελικῶν
1235 4670 1465 4725 ἐντολῶν.
1501 4677 1690 4735 Πίστις

119 4755 196 4824 γὰρ
239 4765 398 4833 χωρὶς
453 4763 620 4834 ἔργων
672 4762 826 4835 νεκρά
874 4759 985 4813 ἐστι
1031 4763 1164 4813 κατὰ
1209 4767 1294 4813 τόν
1353 4767 1510 4834 μέγαν
1575 4762 1688 4835 (87)

119 4844 300 4896 Παῦλον.

171 4931 272 4984 Ἐπὶ
293 4963 354 4976 -
388 4937 588 4999 ἕξουσι.
624 4940 719 4990 Διά
750 4947 848 4990 τῶν
868 4941 1124 5014 ῥηθέντων
1149 4945 1376 5014 σημείων
1394 4947 1482 4995 καὶ
1503 4945 1569 4996 τὰ
1592 4965 1689 4997 πα-

114 5019 445 5096 ραλελειμμένα
467 5025 720 5098 ἐνέφηνεν.
735 5025 855 5080 Εἷπε
878 5030 980 5101 γὰρ
1012 5034 1101 5082 καὶ
1117 5029 1387 5104 προλαϐὼν
1420 5034 1500 5085 ὅτι
1519 5035 1688 5086 πάντα

119 5101 287 5163 δυνατὰ
309 5121 376 5184 τῷ
401 5119 731 5172 πιστεύοντι.

173 5347 213 5383 ⁸⁵
234 5351 420 5413 Matth.
451 5372 552 5423 xx,
590 5356 673 5412 19.
788 5356 836 5394 ⁸⁸
863 5357 1058 5416 Matth.
1083 5375 1285 5430 χχχιιι,
1316 5363 1403 5419 16.
1517 5365 1688 5425 "Jac.
1712 5383 1770 5434 ιι,
1801 5368 1870 5423 26

1829 471 1991 528 enim
2022 476 2082 528 et
2105 474 2359 528 Joannes
2387 489 2399 527 :
2429 474 2577 529 Cum
2605 489 2798 532 serum
2819 482 2953 532 esset
2984 478 3072 533 die
3089 479 3211 545 illo,
3247 479 3348 550 qui
3364 487 3486 537 erat

1827 575 1978 615 unus
2006 560 2413 629 Sabbatorum,
2441 568 2496 618 et
2521 564 2677 633 fores
2708 570 2898 620 essent
2922 565 3159 633 clausas,
3185 569 3286 624 ubi
3309 575 3486 626 erant

1826 649 2096 716 discipuli
2124 652 2466 721 congregati
2488 655 2734 719 prOpter
2762 660 2980 710 metum
3007 655 3481 723 Judaeorum,ve-

1826 739 1914 792 m't
1941 737 2124 802 Iesus,
2155 740 2311 795 stetit
2341 740 2405 794 in
2434 740 2638 806 medio,
2672 746 2726 796 et
2749 743 2832 797 ait
2861 742 3007 808 illis,
3055 744 3198 802 Pax
3227 747 3390 802 vobis
3411 747 3481 818 ⁸⁵,

1825 829 1936 881 etc.
1959 830 2119 882 Tunc
2144 828 2303 882 enim
2335 829 2713 900 exprobravit
2733 829 3209 889 incredulitatem
3239 835 3482 905 feorum,

1826 915 2141 987 cordisque
2162 915 2459 985 duritiem,
2485 917 2606 972 sive
2633 916 3313 989 impersuasibilitatem:
3340 925 3485 995 quia

1823 1003 1916 1058 his
1943 1005 2044 1075 qui
2076 1004 2349 1060 viderant
2377 1021 2538 1074 eum,
2568 1013 2886 1078 postquam
2915 1017 3333 1078 resurrexerat,
3357 1029 3482 1069 non

1825 1092 2216 1160 crediderant,
2248 1098 2389 1164 puta
2415 1094 3030 1163 Magdalenaeetalteri
3053 1098 3268 1165 Mariae,
3303 1115 3373 1156 ac
3391 1101 3484 1157 his

1824 1180 2065 1236 duobus
2097 1182 2171 1238 de
2205 1181 2427 1254 quibus
2457 1183 2698 1255 scripsit
2726 1186 2979 1240 Marcus.
3005 1189 3209 1259 Itaque
3253 1190 3482 1244 Marcus

1823 1269 2044 1326 dictam
2076 1271 2602 1344 exprobrationem
2627 1273 2880 1346 scripsit.
2922 1273 3114 1332 Lucas
3137 1291 3280 1332 vero
3310 1282 3366 1333 et
3392 1278 3485 1335 Jo-

1822 1373 2010 1415 annes
2041 1359 2151 1416 hac
2180 1360 2596 1431 praetermissa,
2625 1361 2883 1420 aliarum
2903 1378 3102 1421 rerum
3164 1381 3294 1437 qum
3342 1370 3484 1424 tunc

1821 1446 1990 1504 facta:
2017 1452 2174 1516 sunt,
2206 1450 2626 1507 meminerunt.

1441 1534 1891 1613 παραδραμόντες,
1961 1537 2138 1612 ἐτέρων
2201 1541 2524 1612 πραγμάτων
2574 1539 2960 1614 ἐμνημόνευσαν
3007 1550 3296 1603 τηνικαῦτα
3339 1565 3486 1620 γεγε-

1895 1810 2062 1864 Vers.
2107 1813 2195 1866 15.
2234 1808 2312 1865 Et
2338 1808 2494 1866 dixit
2521 1840 2589 1851 —-
2622 1815 2918 1868 creaturae.
2950 1811 3071 1868 Hoc
3107 1817 3196 1870 est
3234 1814 3296 1870 in
3346 1816 3480 1873 uni-

1821 1913 2056 1953 versum
2085 1897 2316 1954 orbem.
2357 1899 2504 1954 Dixit
2542 1906 2742 1956 autem
2764 1899 2880 1955 illis
2926 1901 3088 1958 hunc
3117 1918 3479 1974 sermonem,

1822 2001 1942 2042 non
1971 1991 2109 2042 tunc
2134 2002 2294 2055 sane,
2324 1987 2426 2042 sed
2450 1987 2860 2058 postmodum,
2884 2005 3023 2045 cum
3054 1990 3303 2062 profecti
3332 1998 3473 2052 sunt

1821 2075 1880 2130 in
1922 2074 2230 2132 Galilaeam
2258 2076 2318 2131 in
2349 2080 2635 2143 montem,
2670 2075 2730 2132 in
2756 2092 2878 2150 quo
2929 2079 3232 2136 constituit
3255 2080 3371 2138 illis
3386 2085 3480 2140 Je-

1821 2181 1943 2229 sus,
1992 2164 2169 2220 veluti
2202 2165 2360 2221 circa
2405 2164 2591 2221 ﬁnem
2627 2165 2924 2238 Evangelii
2967 2168 3298 2226 secundum
3337 2174 3477 2231 Mat-

1820 2255 2042 2312 thasum
2074 2256 2362 2329 scriptum
2397 2261 2484 2312 est
2505 2257 2578 2315 ⁸⁵.

1893 2345 2036 2410 Qum
2063 2360 2202 2400 vero
2241 2349 2577 2417 sequuntur
2605 2345 2907 2402 Matthseus
2939 2346 3190 2420 quidem
3217 2348 3474 2425 reliquit,

1817 2433 2033 2489 horum
2066 2434 2408 2490 narratione
2426 2433 2795 2492 abbreviata.
2827 2438 3054 2494 Marcus
3081 2453 3223 2496 vero
3251 2441 3472 2509 retulit,

1817 2522 2064 2580 dilatato
2089 2523 2163 2580 de
2179 2523 2272 2580 his
2299 2539 2597 2580 sermone.

1885 2613 2054 2670 Vers.
2098 2617 2183 2671 16.
2221 2613 2732 2680 Quicrediderit—
2754 2613 3256 2674 condemnabitur.
3283 2649 3352 2660 —
3369 2620 3477 2687 Qui

1814 2701 2131 2758 crediderit
2157 2709 2208 2757 et
2236 2703 2570 2772 baptizatus
2617 2703 2820 2772 fuerit,
2853 2705 3056 2760 salvus
3111 2706 3244 2771 erit,
3293 2710 3474 2766 modo

1812 2790 1997 2847 ﬁdem
2027 2807 2098 2848 ac
2125 2792 2494 2864 baptismum
2517 2792 2829 2864 impolluta
2885 2795 3341 2862 conservaverit,
3371 2803 3473 2856 aut

1814 2884 1948 2951 post
1967 2885 2300 2937 contractas
2325 2880 2534 2938 sordes
2569 2881 2987 2940 emundaverit
3011 2898 3082 2940 ac
3119 2885 3471 2957 puriﬁcave-

1810 2968 1908 3025 rit.

1882 3055 2226 3127 Intelligitur
2257 3060 2442 3113 autem
2473 3058 2723 3116 verbum
2751 3059 2862 3116 hoc
2883 3063 2940 3118 et
2964 3060 3084 3118 alio
3119 3062 3321 3131 modo,
3357 3064 3471 3134 Qui

1812 3145 2060 3201 crederit
2081 3153 2131 3202 et
2162 3146 2488 3213 baptizatus
2511 3146 2715 3217 fuerit,
2747 3150 2948 3205 salvus
2975 3149 3106 3214 erit,
3139 3153 3190 3207 si
3223 3168 3294 3210 ea
3326 3169 3464 3227 quas

1811 3233 1948 3290 ﬁdei
1974 3237 2111 3289 sunt
2133 3249 2236 3304 per
2267 3233 2640 3306 baptismum
2671 3242 2987 3310 susceptas,
3021 3238 3469 3300 demonstrave-

1809 3324 1884 3380 rit
1915 3340 1928 3390 ;
1958 3323 2055 3380 illa
2091 3339 2234 3379 vero
2278 3328 2419 3379 sunt
2455 3326 2721 3397 operatio
2769 3326 3176 3385 mandatorum
3221 3331 3342 3398 Dei,
3395 3348 3468 3389 ac

1810 3412 1902 3468 sui
1942 3411 2128 3484 ipsius
2152 3412 2444 3469 custodia.

1879 3505 2007 3560 Non
2046 3502 2194 3558 dixit
2220 3506 2422 3559 autem
2442 3520 2454 3558 :
2476 3503 2582 3570 Qui
2606 3503 2802 3561 solum
2830 3507 3143 3565 crediderit
3173 3525 3189 3577 ;
3224 3524 3413 3583 neque
3445 3527 3461 3568 :

1808 3591 1911 3658 Qui
1936 3591 2271 3664 baptizatus
2304 3592 2496 3660 fuerit,
2543 3597 2795 3661 tantum,
2823 3593 2928 3650 sed
2977 3601 3296 3670 utrumque
3326 3615 3466 3672 con-

1801 3681 2000 3752 junxit
2028 3697 2040 3736 :
2076 3681 2329 3738 alterum
2357 3681 2512 3738 enim
2543 3681 2670 3738 sine
2701 3683 2886 3741 altero
2907 3699 3032 3742 non
3071 3686 3297 3745 salvum
3319 3688 3464 3750 facit

1805 3770 2135 3827 hominem.

1877 3877 2039 3934 Vers.
2077 3883 2164 3936 17.
2210 3877 2382 3948 Signa
2435 3910 2503 3920 —
2531 3886 2967 3952 prosequentur.
3015 3885 3128 3940 Eos
3157 3884 3257 3957 qui
3281 3886 3464 3943 credi-

1805 3966 2033 4023 derint:
2067 3983 2189 4022 non
2212 3967 2581 4040 simpliciter,
2609 3971 2709 4026 sed
2749 3970 2901 4028 sicut
2939 3971 3203 4030 diximus.
3238 3975 3462 4033 Deinde

1804 4056 1972 4127 ponit
1992 4062 2047 4111 et
2078 4057 2270 4125 signa,
2296 4058 2420 4112 sive
2450 4058 2760 4115 miracula.

1874 4145 2032 4200 Vers.
2067 4147 2149 4200 17.
2173 4147 2287 4202 Per
2315 4161 2528 4202 nomen
2548 4163 2759 4206 meum.
2795 4179 2864 4189 —
2889 4149 3076 4208 novis.
3107 4151 3349 4222 Linguis
3361 4169 3460 4226 pe-

1804 4233 2094 4302 regrinis:
2128 4233 2429 4290 idiomatis
2461 4235 2714 4291 aliarum
2757 4237 3045 4306 gentium.

1873 4324 2038 4378 Vers.
2076 4323 2158 4378 18.
2203 4322 2499 4392 Serpentes
2532 4326 2769 4384 tollent.
2821 4325 3129 4391 Delebunt,
3163 4327 3454 4400 occident,

1724 4409 1770 4464 D
1805 4415 1908 4468 aut
1931 4411 2100 4468 etiam
2133 4412 2194 4468 in
2224 4411 2506 4468 manibus
2538 4414 2765 4486 absque
2795 4413 3050 4485 periculo
3076 4415 3382 4473 tenebunt.

1870 4501 2038 4557 Vers.
2089 4504 2170 4557 18.
2200 4502 2277 4556 Et
2296 4502 2348 4556 si
2383 4502 2706 4558 —nocebit.
2759 4502 2936 4560 Multa
2978 4503 3120 4561 talia
3177 4504 3454 4577 plurimis

1800 4589 2174 4658 contigerunt
2199 4590 2441 4656 sanctis,
2461 4606 2811 4664 semperque
2836 4591 3450 4664 contiguntﬁdelibus,

1799 4679 1901 4751 qui
1928 4679 2195 4735 videlicet
2220 4685 2568 4736 exercentur
2608 4681 2668 4737 in
2704 4681 3064 4752 evangelicis
3091 4685 3404 4757 praeceptis
3437 4703 3450 4742 ε

1799 4784 1941 4824 nam
1972 4768 2123 4824 ﬁdes
2141 4768 2267 4824 sine
2289 4768 2573 4840 operibus
2597 4775 2838 4827 mortua
2857 4777 2946 4829 est
2962 4773 3135 4843 juxta
3161 4789 3452 4846 magnum

1798 4857 1965 4913 illum
1997 4858 2288 4914 Jacobum
2319 4859 2386 4912 ³⁷.

1868 4948 2013 5002 Vers
2079 4951 2160 5002 18.
2224 4947 2401 5018 Super
2451 4978 2520 4989 —
2569 4948 2852 5007 habebunt.
2904 4951 3010 5008 Per
3058 4951 3218 5010 dicta
3259 4953 3448 5026 signa,

1797 5037 1978 5093 etiam
2005 5053 2076 5093 ea
2104 5037 2294 5094 innuit
2319 5052 2448 5110 qua
2479 5040 2876 5111 praetermissa
2909 5045 3067 5100 sunt.
3110 5041 3263 5100 Dixit
3284 5043 3448 5101 enim

1795 5126 1858 5182 in
1887 5126 2379 5198 praecedentibus,
2411 5127 2578 5200 quod
2602 5130 2809 5188 omnia
2828 5131 3142 5204 possibilia
3166 5137 3308 5190 sunt
3325 5147 3446 5192 cre-

1797 5213 1961 5272 denti
1989 5216 2057 5271 ³⁸.

2004 5369 2052 5404 ⁸⁸
2073 5370 2246 5425 Marc.
2279 5383 2358 5436 ιχ,
2379 5369 2466 5425 23.

1300 5487 1527 5558 Variae
1558 5491 1886 5560 lectiones
1932 5501 1998 5560 et
2027 5502 2230 5561 notae.

171 5617 273 5690 (86)
310 5628 501 5699 Χερσίν
532 5624 714 5684 habet
734 5625 1057 5684 Hentenius
1084 5627 1144 5685 in
1177 5628 1681 5704 interpretatione.

1866 5635 1980 5708 (87)
2007 5636 2132 5693 Imo
2154 5637 2418 5706 Ἰάκωϐον,
2449 5639 2854 5713 ut_Hentenius
2882 5638 3083 5699 habet.
