3922 6200
431 249 534 309 851
1730 233 2087 293 EUTHYMII
2128 231 2456 290 ZIGABENI
2774 254 2777 255 ν
3664 235 3740 290 352

505 376 665 430 Vers.
699 373 782 430 19.
834 370 1096 427 Dominus
1136 368 1315 438 z'taqte
1347 396 1406 408 —
1435 365 1643 420 calum.
1686 392 1757 405 -
1801 364 2088 432 Postquam
2120 359 2165 412 A

435 464 637 520 locutus
659 469 752 529 est,
784 478 902 517 non
954 461 1085 515 haec
1137 457 1352 521 solum,
1396 456 1503 511 sed
1542 459 1598 509 et
1626 454 1830 509 omnia
1887 451 2083 517 verba,

433 556 727 627 quotquot
751 551 837 607 eis
865 550 1100 605 locutus
1131 551 1219 601 est
1248 562 1285 601 a
1314 545 1409 600 die
1439 542 1916 599 ressurrectionis
1943 556 2088 604 suae,

435 644 627 699 donec
652 639 930 710 completi
961 642 1099 692 sunt
1144 635 1544 707 quadraginta
1574 632 1722 699 dies,
1776 633 1837 687 in
1867 630 2089 703 quibus

435 731 762 804 apparebat
789 726 1115 799 discipulis,
1148 731 1204 780 et
1234 723 1699 781 conversabatur
1732 738 1871 777 eum
1902 723 1985 777 eis
2018 722 2086 776 3’.

507 926 758 984 Dictium
796 927 884 981 est
910 926 1107 980 autem
1134 921 1208 976 de
1252 919 1664 990 assumptione
1690 934 1796 973 sua
1826 917 2000 973 etiam
2030 916 2091 972 in

434 1016 554 1072 ﬁne
586 1014 886 1083 Evangelii
910 1014 1081 1083 juxta
1106 1010 1447 1067 Matthaaum.

508 1109 666 1161 Vers.
704 1109 793 1161 19.
832 1103 904 1157 Et
948 1102 1082 1157 sedit
1122 1132 1189 1140 —
1237 1100 1360 1156 Dei.
1397 1100 1573 1171 Atqui
1612 1101 1763 1154 Deus
1816 1102 1872 1153 et
1923 1099 2091 1152 Pater

438 1195 565 1265 ejus
588 1209 725 1248 cum
748 1193 819 1247 sit
847 1192 1253 1262 incorporeus,
1273 1204 1658 1261 nequaquam
1676 1188 1881 1243 dextra
1909 1186 2092 1243 habet

438 1285 533 1337 aut
572 1280 811 1336 sinistra
851 1296 863 1345 ;
902 1280 960 1334 hi
992 1295 1256 1351 namque
1284 1278 1517 1335 habitus
1560 1282 1698 1333 sunt
1746 1292 2086 1348 corporum.

437 1370 751 1443 Reliquum
778 1373 864 1425 est
886 1384 1045 1439 ergo,
1079 1371 1142 1423 ut
1173 1367 1378 1422 sedere
1404 1367 1607 1438 ipsius,
1669 1367 1926 1438 requiem
1960 1383 2088 1422 ma-

436 1459 674 1516 nifestet
698 1474 766 1513 ac
788 1458 1121 1513 fruitionem
1152 1456 1334 1511 divini
1353 1456 1536 1526 regni.
1572 1457 1742 1522 Quod
1765 1461 1963 1512 autem
1988 1455 2092 1512 ad-

437 1548 593 1605 ditur
626 1564 639 1602 :
669 1548 715 1602 A
746 1546 957 1602 dextris
988 1547 1115 1610 Dei,
1152 1545 1589 1603 familaritatem
1628 1545 1877 1603 denotat
1918 1560 1987 1601 ac
2010 1561 2089 1600 as-

439 1636 671 1711 qualem
703 1653 839 1692 cum
867 1640 1032 1692 Patre
1060 1636 1369 1692 honorem.

509 1729 698 1797 +Non
750 1730 978 1782 tantum
1028 1726 1089 1781 in
1140 1725 1360 1780 dextris
1415 1725 1597 1782 Patris
1630 1725 1833 1781 sedere
1882 1725 2093 1781 dicitur

440 1816 634 1880 Filius,
660 1831 866 1871 verum
896 1816 1062 1870 etiam
1094 1819 1281 1870 stare:
1312 1814 1829 1886 quemadmodum
1857 1814 1917 1869 in
1940 1815 2092 1872 libro

437 1907 717 1961 Actorum
742 1904 891 1960 dixit
926 1905 1258 1975 Stephanus
1290 1906 1338 1940 9°
1368 1921 1381 1971 ;
1416 1910 1480 1959 ut
1507 1904 1672 1959 illiud
1712 1905 1959 1976 quidem
2004 1921 2093 1960 re-

440 1994 635 2066 quiem
662 1994 933 2063 designet
997 1992 1597 2059 intransmutabilem,
1627 1994 1739 2049 hoc
1780 2000 1977 2049 autem
2005 1994 2095 2049 fir-

437 2097 603 2137 mam
634 2097 703 2136 ac
734 2080 996 2136 divinam
1048 2082 1105 2135 in
1140 2081 1297 2136 bono
1348 2080 1878 2137 conﬁrmationem.
1928 2082 2092 2138 Unde

437 2169 603 2225 nulla
633 2168 982 2240 hujusmodi
1018 2168 1334 2223 verborum
1368 2168 1705 2224 immutatio
1742 2171 1936 2225 reddit
1991 2170 2091 2225 ali-

438 2274 622 2331 quam
654 2257 957 2312 sententia:
983 2256 1405 2312 diversitatem.
1445 2258 1729 2313 Praeterea
1764 2275 1899 2313 cum
1947 2260 2094 2315 dixit

440 2352 593 2403 stare
620 2346 849 2410 Filium,
882 2360 1005 2400 non
1036 2345 1186 2400 dixit
1224 2346 1425 2402 sedere
1452 2348 1681 2402 Patrem
1717 2363 1825 2403 :ne
1878 2365 1946 2404 ex
1976 2349 2093 2405 hoc

438 2435 838 2505 intelligamus
877 2433 1269 2490 differentiam
1300 2435 1628 2504 dignitatis.
1662 2439 1855 2493 Restat
1892 2438 2087 2510 igitur,

437 2529 502 2583 ut
523 2530 580 2583 et
613 2524 937 2581 consedere
956 2525 1107 2581 Patri
1133 2524 1362 2581 dicatur
1383 2531 1440 2582 et
1464 2526 1643 2583 simul
1665 2543 1802 2583 cum
1830 2544 1899 2585 eo
1915 2535 2089 2585 stare.

509 2616 671 2671 Vers.
703 2614 793 2671 20.
820 2614 924 2671 Illi
952 2630 1074 2669 vero
1102 2646 1169 2654 —
1197 2615 1395 2687 signis.
1435 2617 1782 2673 Sermonem
1807 2618 2093 2691 praedica-

437 2703 637 2761 tionis.

511 2791 743 2849 Utinam
777 2794 977 2849 autem
1001 2795 1056 2849 et
1072 2808 1342 2851 sermone
1356 2795 1637 2852 doctrinae
1652 2800 1866 2853 nostrae
1880 2797 2093 2853 conﬁr-

438 2887 634 2938 metur
661 2896 767 2955 per
797 2882 1225 2955 subsequentia
1251 2883 1464 2941 debitae
1518 2886 1749 2942 virtutis
1798 2886 1989 2956 signa,
2032 2891 2096 2944 ut

437 2970 499 3027 in
522 2970 640 3026 ﬁne
664 2972 794 3027 vita:
806 2974 1025 3028 nostrae
1038 2972 1270 3043 perfecti
1295 2974 1688 3038 inveniamur.
1704 2992 1810 3048 per
1837 2977 2091 3047 gratiam

2268 359 2326 411 Ὀ
2356 362 2445 432 μὲν
2472 356 2559 411 οὖν
2587 360 2782 431 Κύριος
2803 390 2872 399 —
2910 359 3143 434 οὐρανόν.
3184 363 3325 417 Μετὰ
3362 362 3422 411 τὸ
3448 358 3653 418 λαλῆσαι
3682 360 3746 410 αὖ·

2200 446 2309 511 τοῖς
2340 450 2397 501 οὐ
2428 454 2578 521 μόνον
2608 454 2724 510 τοὺς
2747 450 2931 520 λόγους
2958 452 3188 515 τούτους,
3234 449 3360 502 ἀλλὰ
3386 450 3595 509 πάντας,
3629 450 3749 510 ὅσους

2202 538 2415 597 ἐλάλησε
2458 543 2682 608 τούτοις,
2719 538 2817 591 ἀπὸ
2874 547 2967 600 τῆς
3003 542 3191 611 ἡμέρας
3222 548 3315 600 τῆς
3340 538 3655 599 ἀναστάσεως
3678 539 3750 589 αὗ-

2202 637 2291 680 τοῦ
2334 634 2496 703 μέχρι
2548 628 2967 701 συμπληρώσεως
3006 637 3103 680 τῶν
3161 631 3554 702 τεσσαράκοντα
3594 629 3750 699 ἡμερῶν

2203 717 2251 769 ἐν
2278 720 2361 779 αἶς
2390 714 2451 775 ἧν
2479 718 2821 791 ὀπτανόμενος
2882 725 2990 780 τοῖς
3026 720 3310 791 μαθηταῖς,
3354 722 3446 770 καὶ
3496 716 3754 777 συκαυλιζό-

2201 828 2349 880 μενος
2376 808 2509 879 (88).

2274 900 2489 972 Εἴρηται
2521 896 2579 950 δὲ
2600 902 2715 973 περὶ
2739 906 2829 958 τῆς
2861 896 3159 969 ἀναλήψεως
3189 896 3348 949 αὐτοῦ
3374 902 3465 949 καὶ
3496 896 3544 949 ἐν
3563 905 3626 968 τῷ
3653 895 3752 949 vim

2203 995 2293 1047 τῆς
2315 986 2607 1059 ἐξηγήσεως
2648 995 2738 1040 τοῦ
2767 991 2901 1039 κατὰ
2934 990 3219 1042 Ματθαῖον.

2276 1079 2378 1131 Καὶ
2408 1076 2643 1130 ἐκάθισεν
2678 1109 2742 1118 -
2763 1085 2855 1129 τοῦ
2888 1083 3041 1145 Θεοῦ,
3060 1079 3159 1133 Καὶ
3194 1082 3297 1141 μὴν
3317 1078 3342 1128 ὁ
3366 1079 3492 1135 Θεὸς
3511 1080 3593 1127 καὶ
3612 1079 3750 1146 Πατὴρ

2203 1164 2380 1230 αὐτοῦ,
2437 1178 2711 1238 ασωματος
2752 1168 2839 1229 ὠν,
2882 1166 2976 1217 οὐκ
3024 1165 3083 1217 ἂν
3141 1169 3258 1237 ἔχοι
3298 1162 3496 1228 δεξιὰἡ
3528 1163 3749 1238 ἀριστερά.

2200 1261 2310 1307 Τῶν
2343 1258 2594 1327 σωμάτων
2622 1258 2720 1328 γὰρ
2763 1264 2929 1307 ταῦτα
2961 1259 3245 1327 σχήματα.
3283 1257 3477 1307 Λοιπὸν
3504 1249 3584 1305 οὖν
3607 1256 3655 1304 τὸ

2201 1346 2422 1397 καθίσαι
2450 1340 2605 1402 δηλοῖ
2623 1342 2914 1397 ἀνάπαυσιν
2944 1349 3034 1396 καὶ
3061 1343 3350 1395 ἀπόλαυσιν
3376 1350 3467 1402 τῆς
3486 1344 3616 1403 θείας
3632 1340 3753 1413 βασιο

2203 1438 2358 1495 λείας·
2402 1436 2459 1485 τό
2493 1431 2551 1486 δὲ
2583 1433 2670 1486 Ἐκ
2701 1430 2883 1496 δεξιῶν
2913 1440 3005 1485 τοῦ
3037 1439 3170 1486 Θεοῦ
3201 1432 3459 1484 οὶκείωσιν
3511 1436 3592 1482 καὶ
3618 1431 3754 1502 ὁμοτι-

2202 1526 2325 1595 μίαν
2348 1526 2473 1595 πρὸς
2501 1526 2588 1575 τὸν
2619 1526 2843 1596 Πατέρα.

2280 1700 2382 1774 [οῦ
2449 1706 2601 1774 μόνον
2652 1701 2763 1772 (89)
2830 1702 3098 1758 καθῆσθαι
3146 1704 3194 1751 ἐν
3258 1697 3408 1763 δεξιᾶ
3456 1707 3547 1753 τοῦ
3598 1703 3761 1771 Πατρός

2205 1793 2230 1844 ὁ
2278 1794 2415 1853 Υιός,
2452 1790 2580 1843 ἀλλὰ
2609 1796 2697 1843 καὶ
2754 1791 3005 1842 ἵστασθαι
3052 1790 3272 1859 λέγεται,
3320 1794 3385 1850 ὡς
3436 1789 3485 1841 ἐν
3523 1798 3578 1862 τῇ
3630 1787 3756 1862 βίξιῳ

2204 1889 2302 1933 τῶν
2352 1882 2590 1954 Πράξεων
2632 1883 2657 1932 ό
2710 1885 2954 1951 Στέφανος
3010 1883 3182 1952 εἴρηκε
3216 1898 3226 1909 ’
3260 1888 3350 1931 τοῦ
3400 1883 3493 1951 μὲν
3547 1883 3599 1931 τὸ
3645 1878 3759 1929 λαθι-

2206 1967 2435 2044 δρῦσθαι
2490 1970 2860 2038 ἀμεταθέτως·
2894 1976 2984 2021 τοῦ
3046 1966 3127 2029 δὲ,
3176 1973 3234 2020 τό
3278 1967 3557 2039 βεϐηκέναι
3596 1971 3758 2037 παγίως

2203 2063 2260 2112 τὸ
2313 2062 2442 2112 θεῖον
2496 2058 2542 2111 ἐν
2597 2067 2667 2129 τῷ
2720 2056 2921 2128 ἀγαθῷ,
2985 2055 3395 2130 δοχαατίζοντος
3456 2100 3470 2112 .
3510 2062 3591 2109 καὶ
3638 2051 3756 2107 οὐόεν

2203 2152 2232 2207 ἠ
2271 2158 2367 2200 τῶν
2405 2150 2653 2223 ῥημάτων
2711 2148 2948 2222 ἑτερότης
2993 2151 3109 2220 περὶ
3167 2151 3253 2198 τόν
3304 2156 3421 2198 νοῦν
3477 2143 3752 2219 διασέρεται.

2200 2238 2393 2298 ’Ἀλλως
2444 2257 2513 2303 τε,
2556 2240 2580 2289 ό
2625 2237 2774 2289 εἰπὼν
2816 2237 3066 2288 ἵστασθαι
3108 2238 3195 2287 τὸν
3243 2240 3360 2287 Υιόν
3400 2235 3498 2287 οῦκ
3551 2232 3643 2287 εἶπε
3683 2253 3753 2284 κα-

2205 2330 2401 2387 θῆσθαι
2454 2331 2539 2378 τόν
2582 2330 2801 2398 Πατέρα,
2862 2326 2943 2376 ἶνα
3000 2330 3089 2376 καὶ
3124 2325 3236 2395 (90)
3293 2322 3550 2399 διαφορὰν
3593 2329 3755 2380 votas;-

2203 2436 2291 2489 μεν
2315 2416 2624 2489 ἀξιώματος.
2657 2418 2850 2468 Λοιπὸν
2882 2410 2974 2466 οὖκ
2995 2418 3084 2465 καὶ
3127 2415 3466 2485 συγκάθηται
3505 2418 3588 2465 καὶ
3617 2416 3759 2463 συνίσο

2203 2508 2377 2577 ταται]
2389 2550 2401 2562 .

2278 2597 2489 2649 Ἐκεῖνοι
2512 2591 2570 2647 δὲ
2599 2626 2666 2634 —-
2699 2598 2945 2666 σημείων.
2978 2591 3100 2666 [Τόν
3129 2591 3282 2663 λόγον
3312 2598 3402 2643 τοῦ
3449 2593 3562 2663 (91)
3597 2594 3759 2664 κηρύγ-

2204 2706 2382 2759 ματος.
2407 2686 2424 2755 ]

2278 2779 2370 2833 Eia
2402 2772 2460 2827 δὲ
2491 2780 2580 2826 καὶ
2608 2778 2691 2825 τὸν
2740 2772 2888 2844 λόγον
2932 2781 3022 2833 τῆς
3053 2773 3308 2845 ἡμετέρας
3340 2767 3677 2828 διδασκαλίας
3697 2766 3763 2839 βε-

2206 2865 2485 2917 ϐαιοῦσθαι
2509 2860 2599 2915 διὰ
2624 2872 2723 2914 τῶν
2750 2861 3106 2913 ἐπακολουθεῖν
3121 2861 3421 2933 ὀφειλόντων
3459 2865 3669 2932 σημείων
3693 2865 3767 2917 τῆς

2206 2954 2358 3029 ἀρετῆ
2372 2976 2411 3019 ς,
2447 2957 2529 3005 ἱνα
2558 2953 2737 3005 τέλειοι
2767 2953 3045 3025 εῦρεθὼμεν
3090 2950 3138 3002 ἐν
3178 2959 3250 3020 τῷ
3282 2949 3413 3002 τελει
3438 2959 3530 3011 τῆς
3556 2952 3763 3021 ἡμετέρας

438 3062 496 3117 et
516 3058 946 3132 benignitatem
975 3040 1211 3119 Domini
1237 3064 1420 3120 nostri
1442 3066 1578 3121 Jesu
1618 3040 1868 3124 Christi:
1882 3072 2088 3123 Amen.

2221 3052 2359 3112 ;mi5;,
2388 3046 2577 3117 χάριτι
2598 3049 2685 3096 καὶ
2726 3041 3082 3115 φιλανθρωπίᾳ
3105 3049 3196 3093 τοῦ
3222 3041 3423 3113 Κυρίου
3452 3042 3593 3112 ἡμῶν
3620 3040 3763 3096 Ἰησοῦ

515 3481 581 3539 σε.
612 3482 737 3542 Act.
769 3501 806 3558 ι,
836 3488 889 3552 3,
920 3488 971 3542 4.
1085 3486 1133 3522 σο
1163 3489 1287 3550 Act,
1316 3502 1412 3556 vn,
1448 3491 1533 3543 se.

2202 3142 2459 3211 Χριστοῦ.
2493 3133 2684 3205 Ἀμήν.

2922 3219 3045 3274 Τελο
3054 3240 3074 3282 ς

2580 3318 2668 3364 τοῦ
2694 3312 2829 3363 κατὰ
2858 3311 3064 3382 Μάρκον
3087 3306 3425 3380 Εὐαγγελίου.

1683 3666 1899 3735 Variae
1928 3666 2258 3738 lectiones
2295 3678 2359 3737 et
2425 3677 2624 3736 notae,

512 3882 631 4028 (88;
665 3882 755 3940 Sic
794 3887 1037 3957 uterque
1061 3885 1269 3943 codex.

513 3954 602 4028 (89
655 3954 892 4014 Inclusa
921 3956 1108 4015 codex
1148 3962 1269 4014 uter

513 3954 624 4028 (89)
655 3954 892 4014 Inclusa
921 3954 1108 4015 codex
1148 3962 1394 4031 uterque
1424 3959 1485 4016 in
1524 3961 1795 4033 margine
1826 3962 2084 4020 exhibet.

2292 3894 2384 3948 90)
2416 3894 2519 3947 Καὶ
2545 3890 2759 3946 omittit
2796 3890 2863 3945 Β.

2292 3896 2360 3948 90
2416 3894 2519 3947 Καὶ
2545 3893 2759 3946 omittit
2796 3893 2863 3945 Β.

2268 3893 2384 4035 ἒ91ζ
2410 3962 2641 4020 Inclusa
2673 3961 2893 4017 absunt
2922 3964 2991 4015 A.
