3922 6200
143 268 222 329 853
1371 259 1736 317 COMMENT.
1780 261 1850 318 IN
1892 261 2158 319 LUCAM.
3307 269 3412 325 854

483 465 530 470 .-
543 467 550 470 .
563 465 614 470 --ρ
629 463 1002 470 -_————____——._
1017 463 1172 470 ..——.-_.
1185 463 1432 469 —_.._.___

491 594 657 705 ΤΟ
754 593 1149 701 ΚΑΤΑ
1244 583 1840 703 ΛΟΥΚΑΝ
1939 589 2868 709 ΕΥΑΓΓΕΛΙΟΝ

893 1038 1025 1092 ΤΟΥ
1064 1042 1239 1090 ΚΑΤΑ
1279 1039 1553 1089 ΛΟΥΚΑΝ
1596 1038 2005 1088 ΕΥΑΓΓΕΛΙΟΥ
2039 1034 2130 1088 ΤΑ
2171 1037 2530 1088 ΚΕΦΑΛΑΙᾹ.

163 1259 208 1314 α’.
241 1265 334 1332 Περὶ
357 1266 439 1318 τῆς
467 1257 787 1330 ἀπογραφῆς.
819 1256 984 1329 (Cap.
1029 1256 1093 1312 II.
1128 1273 1280 1312 vers.
1314 1262 1386 1327 I.)
1680 1255 1712 1309 Α

1888 1261 2014 1330 Περὶ
2079 1265 2174 1317 τῆς
2257 1263 2355 1308 τῶν
2435 1255 2734 1312 ἀποστόλων
2807 1257 3052 1331 ἐκλογῆς(
3121 1259 3240 1330 (VI,
3300 1260 3413 1334 12.)

165 1347 218 1420 β’.
253 1353 344 1422 Περὶ
367 1356 454 1399 τῶν
482 1345 873 1421 ἀγραυλούντων
907 1351 1180 1419 ποιμένων.
1216 1347 1280 1411 II,
1322 1345 1401 1417 8.)
1943 1347 2044 1402 ΜΘ.
2081 1346 2167 1402 ιΘ’.
2205 1346 2310 1420 Μρ.
2348 1345 2417 1404 η’.

158 1437 209 1507 γ’,
242 1443 336 1507 ﬂeet
362 1443 439 1488 τοῦ
464 1443 683 1508 Συμεὼν.
718 1437 802 1505 (II,

1756 1436 1844 1498 ιζ’.
1888 1441 2013 1511 Περὶ
2041 1444 2139 1488 τῶν
2177 1444 2546 1512 μαχαρισμῶν.
2579 1436 2697 1505 (VI,
2727 1436 2844 1507 20.)
2872 1439 2975 1494 ΜΘ.
3009 1435 3065 1493 ε’.

154 1522 207 1576 δ’.
241 1530 338 1599 Περὶ
362 1531 530 1585 Ἀννης
553 1533 646 1584 τῆς
672 1521 1013 1596 προφήτιδος.
1051 1525 1135 1595 (II,
1177 1525 1294 1592 36.)
1754 1524 1839 1584 ιη’.
1883 1530 2007 1599 Περὶ
2044 1532 2134 1578 τοῦ
2165 1525 2571 1601 ἑκατοντάρχου.
2619 1525 2755 1596 (VII,
2812 1525 2892 1597 1.)
2928 1525 3036 1581 ΜΘ.
3085 1525 3151 1590 ζ’.
3200 1527 3303 1583 Ἱω.
3335 1524 3403 1583 σ’.

149 1613 189 1666 ι’.
230 1619 330 1685 Περὶ
391 1621 474 1665 τοῦ
542 1617 814 1685 γενομένου
860 1615 1096 1688 ῥήματος
1178 1615 1301 1685 πρὸς
1377 1610 1639 1668 Ἰωάννην.
1751 1614 1836 1670 ιϐ’.
1882 1620 2115 1689 Περὶτοῦ
2143 1617 2259 1668 υἱοῦ
2291 1622 2387 1676 τῆς
2415 1620 2589 1689 χήρας
2619 1615 2754 1685 (VII,
2789 1614 2900 1686 11.)

256 1702 573 1772 (111,1.)ΜΘ.
608 1701 680 1773 γ’.
1772 1704 1838 1759 κ’.
1882 1709 2008 1778 Περὶ
2057 1712 2159 1757 τῶν
2235 1703 2623 1757 ἀποσταλέντων
2702 1705 2846 1777 παρὰ
2919 1704 3176 1762 Ἰωάννου.
3255 1705 3400 1778 (VII,

143 1809 180 1844 σ.
216 1796 317 1864 Περὶ
379 1801 469 1843 τῶν
510 1791 943 1864 ἐπερωτησάντων
1023 1794 1109 1844 τὸν
1187 1791 1447 1850 Ἰωάννην.
1523 1790 1637 1863 (ΙΙΙ,
1929 1797 2040 1866 18.)
2070 1796 2176 1852 ΜΘ.
2202 1793 2274 1851 κ’.

252 1882 341 1947 10.)
1743 1902 1801 1935 χο

1885 1888 2010 1958 Περὶ
2074 1892 2165 1944 τῆς
2236 1881 2520 1954 ἀλειψάσης
2594 1883 2681 1934 τὸν
2764 1883 2959 1956 Κύριον
3035 1883 3204 1958 μύρῳ.
3259 1883 3397 1957 (VII,

138 1967 189 2026 ζ’.
221 1974 323 2040 Περὶ
348 1976 429 2021 τοῦ
457 1976 748 2041 πειρασμοῦ
769 1977 860 2022 τοῦ
891 1977 1126 2043 Σωτῆρος
1159 1969 1275 2041 (IV,
1310 1970 1382 2041 1.)
1923 1973 2036 2044 36.)
2077 1973 2180 2028 ΜΘ.
2215 1970 2314 2044 ξβ.
2353 1974 2456 2044 Μρ.
2501 1967 2610 2044 μδ.
2641 1969 2741 2024 Ἰω.
2779 1969 2873 2043 ιβ’.
3142 1977 3149 1985 ’

132 2058 181 2112 η’.
217 2063 319 2130 Περὶ
379 2066 464 2109 τοῦ
530 2061 747 2130 ἔχοντος
831 2067 1031 2131 πνεῦμα
1115 2055 1411 2132 δαιμονίου.
1519 2059 1630 2129 (IV,
1743 2061 1852 2135 χβ’.
1895 2067 2019 2134 Περὶ
2056 2063 2146 2122 τῆς
2201 2059 2502 2134 παραϐολῆς
2546 2067 2638 2112 τοῦ
2684 2063 2904 2134 σπόρου.
2955 2060 3128 2133 (VIII,
3173 2061 3252 2131 4.)
3289 2063 3395 2118 ΜΘ.

239 2149 335 2217 33.)
371 2149 464 2220 Μρ.
497 2148 565 2200 α’.
1920 2147 2028 2207 κδ’.
2062 2153 2164 2226 Μρ.
2200 2150 2267 2203 θ’.

130 2229 176 2285 θ’.
212 2239 314 2306 Περὶ
356 2244 439 2296 τῆς
483 2239 727 2312 πενθερᾶς
772 2241 991 2309 Πέτρου.
1054 2237 1173 2308 (IV,
1230 2240 1344 2304 38.)
1397 2237 1504 2292 ΜΘ.
1561 2236 1632 2296 η’.
1741 2238 1842 2312 κγ’.
1887 2245 2012 2314 Περὶ
2062 2248 2156 2301 τῆς
2214 2237 2563 2311 ἐπιτιμήσεως
2618 2243 2718 2290 τῶν
2772 2233 3001 2295 ὑδὰτων.
3053 2237 3222 2311 (VIII,
3278 2240 3395 2314 22.)

238 2323 330 2398 Μρ.
1920 2329 2029 2384 ΜΘ.
2073 2328 2161 2382 ια’.
2195 2329 2298 2402 Μρ.
2335 2326 2382 2381 ι’.

129 2409 165 2464 ι’.
200 2415 303 2484 mp;
357 2423 447 2465 τῶν
522 2414 764 2467 ἰαΘέντων
840 2414 940 2467 ἀπὸ
972 2415 1214 2468 ποικίλων
1273 2419 1457 2468 νόσων.
1514 2416 1630 2487 (IV,
1739 2417 1844 2474 κδ’.
1888 2424 2014 2494 Περὶ
2087 2425 2181 2471 τοῦ
2228 2419 2435 2489 ἔχοντος
2474 2417 2561 2469 τὸν
2616 2414 2858 2489 λιγιῶνα.
2918 2416 3078 2489 (VIII,
3126 2418 3242 2492 26.)
3281 2418 3390 2476 ΜΘ.

235 2504 330 2569 40.)
357 2505 449 2558 ΜΘ.
481 2505 522 2556 Θ’
555 2507 658 2579 Μρ.
691 2504 758 2575 γ’.
1918 2507 2015 2582 ιβ’.
2047 2508 2156 2584 Μρ.
2192 2506 2280 2562 ια’.

201 2595 302 2662 Περὶ
328 2599 414 2653 τῆς
437 2594 598 2667 ἄγρας
631 2602 730 2646 τῶν
763 2593 978 2666 ἰχθύων.
1014 2594 1104 2663 (V,
1139 2596 1214 2666 4.)
1663 2589 1708 2643 Β
1737 2597 1802 2651 κε’
1843 2603 1967 2675 Περὶ
1994 2606 2088 2661 τῆς
2120 2599 2377 2670 Θυγατρός
2403 2602 2494 2650 τοῦ
2535 2593 3000 2672 ἀρχισυνάγωγου.
3061 2595 3226 2671 (VIII,
3271 2600 3388 2672 40.)

98 2673 166 2744 ιβ’.
201 2683 304 2750 Περὶ
326 2689 408 2732 τοῦ
435 2681 643 2756 λεπροῦ.
671 2682 758 2751 (ν,
793 2685 901 2754 12.)
931 2685 1032 2740 ΜΘ.
1069 2683 1114 2747 ζ’
1140 2687 1245 2757 Μρ.
1278 2681 1347 2740 δ’.
1915 2673 2022 2743 ΜΘ.
2058 2687 2131 2743 ιε’.
2167 2689 2268 2759 Μρ.
2297 2685 2392 2759 ιβ’.

98 2763 160 2832 ιγ’.
196 2773 297 2839 Περὶ
339 2777 422 2820 τοῦ
473 2771 851 2846 παραλυτικοῡ.
913 2771 1002 2844 (V,
1059 2772 1164 2843 18.)
1216 2775 1316 2830 ΜΘ.
1380 2776 1463 2846 ιγ’.
1518 2777 1620 2851 Μρ.
1733 2776 1828 2839 κς’.
1873 2782 1998 2852 Περὶ
2027 2784 2120 2840 τῆς
2155 2775 2553 2852 αἱμορῥοούσης.
2588 2773 2753 2846 (VIII,
2799 2775 2913 2847 43.)
2965 2775 3073 2831 ΜΘ.
3136 2775 3229 2832 ισ’.
3275 2776 3386 2850 Μρ.

225 2864 274 2910 ε’.
304 2863 381 2916 Ιω,
1914 2873 2001 2939 ιγ’.

93 2937 158 2994 ιδ’.
192 2949 295 3015 Περὶ
341 2952 459 3000 Λευὶ
511 2956 604 3001 τοῦ
662 2948 896 3004 τελώνου.
974 2950 1068 3023 (V,
1145 2951 1261 3024 2‘7.)
1341 2953 1448 3010 ΜΘ.
1527 2951 1618 3010 ιδ’.
1730 2954 1828 3017 κζ’.
1873 2937 1998 3030 Περὶ
2047 2963 2140 3018 τῆς
2193 2953 2483 3017 ἀποστολῆς
2547 2961 2648 3006 τῶν
2694 2949 2924 3010 δώδεκα·
2976 2953 3092 3027 (Ix:
3165 2953 3242 3028 1ο)
3280 2957 3390 3016 Μθο

221 3035 308 3106 Μρ.
339 3035 401 3096 ξ’.

1912 3045 1993 3100 ιϐ’.
2025 3047 2126 3119 Μρ.
2165 3043 2251 3102 ιΘ’.

88 3118 140 3170 ω’.
176 3128 278 3194 Περὶ
338 3133 422 3177 τοῦ
472 3126 636 3202 ξηρὰν
693 3129 910 3200 ἔχοντος
965 3133 1059 3188 τὴν
1123 3137 1300 3204 χεῖρα.
1372 3133 1484 3206 (Vl,
1540 3135 1617 3207 ὃ.)
1729 3134 1829 3194 κη’.
1872 3138 1998 3208 Περὶ
2055 3118 2154 3186 τῶν
2203 3137 2348 3187 πέντε
2403 3134 2569 3208 οἷρτων
2610 3137 2828 3186 καὶτῶν
2861 3128 2956 3188 δύο
2992 3132 3212 3207 ἰχθύων.
3263 3134 3384 3208 (ΙΧ,

217 3210 306 3264 ΜΘ.
336 3233 430 3267 και.
459 3216 561 3290 Μρ.
597 3217 664 3278 ξ’.
1912 3224 2022 3295 12.)
2055 3225 2160 3279 ΜΘ.
2191 3221 2301 3279 κσ’.
2350 3223 2451 3296 Μρ.
2483 3219 2569 3278 ισ’.
2599 3219 2706 3280 Ἰω.
2739 3221 2808 3281 η’.

1324 3663 1982 3757 EVANGELIUM

769 3883 1794 4069 SECUNDUM
1878 3887 2536 4070 LUCAM

1159 4371 1430 4429 CAPITA
1476 4366 1918 4427 EVANGELII
1951 4367 2222 4425 LUC/15'.

135 4519 170 4567 ί·
206 4517 433 4579 Decensu
467 4527 728 4582 Ccesaris.
1805 4533 1892 4586 15.
1939 4529 2017 4583 De
2056 4525 2276 4581 habente
2304 4524 2558 4581 dextram
2582 4539 2802 4580 manum
2829 4519 3072 4577 aridam.

129 4606 168 4657 '3.
205 4607 270 4664 De
295 4616 607 4681 pastoribus
639 4617 696 4670 in
725 4632 854 4687 agro
896 4613 1223 4686 degentibus.
1649 4600 1689 4657 (ἶ
1803 4621 1888 4674 16.
1929 4616 2009 4672 De
2036 4615 2400 4687 apostolorum
2431 4613 2706 4671 electione.

131 4696 171 4747 3.
206 4697 265 4752 De
284 4700 547 4771 Symeone.
1805 4706 1885 4763 17.
1927 4707 2012 4761 De
2049 4703 2492 4761 beatitudinibus.

129 4784 167 4835 4-
201 4787 270 4842 De
303 4792 462 4848 Anna
491 4793 860 4865 prophetissa.
1804 4800 1888 4852 18.
1930 4795 2009 4850 De
2037 4793 2368 4850 centurione.

131 4875 168 4924 5.
203 4875 268 4930 De
294 4881 444 4936 verba
471 4883 615 4954 quod
645 4883 848 4952 factum
887 4889 962 4936 est
990 4881 1060 4937 ad
1087 4883 1367 4937 Joannem.
1804 4886 1888 4939 19.
1932 4883 2009 4938 De
2039 4884 2157 4955 ﬁlio
2184 4883 2386 4939 viduae.

127 4958 168 5017 6.
201 4963 274 5022 De
295 4969 376 5024 his
409 4973 507 5042 qui
528 4972 801 5028 Joannem
838 4971 1277 5042 interrogabant.
1799 4978 1887 5031 20.
1930 4973 2008 5029 De
2032 4973 2314 5044 discipulis
2352 4971 2530 5027 missis
2559 4988 2592 5026 a
2619 4971 2846 5027 Joanne.

124 5051 167 5106 7.
201 5054 271 5109 De
296 5060 685 5115 tentationibus
727 5060 875 5116 Jesu.
1797 5068 1861 5120 21
1881 5104 1894 5119 .
1941 5065 2018 5118 De
2047 5081 2110 5118 ea
2134 5079 2249 5134 qum
2276 5062 2445 5119 unxit
2476 5061 2768 5116 Dominum
2807 5064 3098 5132 unguento.

126 5139 162 5191 8.
191 5140 258 5197 De
283 5145 494 5203 habente
521 5150 788 5222 spiritum
809 5148 1214 5206 damoniacum.
1797 5157 1886 5208 22.
1929 5152 2008 5208 De
2025 5152 2322 5207 seminante
2345 5149 2630 5222 parabola.

121 5228 162 5282 9.
194 5233 259 5286 De
277 5251 425 5293 socru
446 5239 629 5294 Petri.
1798 5245 1886 5298 23.
1929 5241 2006 5296 De
2030 5241 2398 5311 increpatione
2421 5239 2570 5294 oenti
2596 5254 2663 5294 ac
2691 5236 3027 5310 tempestatis
3068 5236 3264 5295 maris.

126 5317 191 5374 10.
227 5321 295 5377 De
328 5330 593 5383 curatisa
625 5329 810 5383 variis
836 5328 1052 5384 morbis.
1797 5334 1886 5385 24.
1931 5329 2006 5384 De
2031 5330 2231 5400 legione
2255 5328 2578 5384 daemonum.

125 5411 190 5462 11.
227 5411 294 5466 De
329 5425 560 5487 captura
585 5419 844 5490 piscium.
1800 5424 1887 5474 2‘5.
1933 5419 2010 5474 De
2028 5417 2150 5488 ﬁlia
2177 5415 2608 5488 archisynagogi.

125 5495 193 5549 12.
231 5500 298 5554 De
327 5503 548 5575 leproso.
1800 5512 1888 5563 26.
1930 5507 2010 5562 De
2044 5506 2268 5560 muliere
2290 5505 2565 5577 proﬂuvio
2597 5506 2882 5579 sanguinis
2921 5503 3218 5561 laborante.

128 5589 193 5641 13.
231 5589 300 5644 De
325 5597 662 5668 paralytico.
1801 5599 1889 5653 27.
1930 5598 2008 5652 De
2037 5597 2322 5651 emissione
2344 5594 2618 5652 duodecim
2645 5595 3022 5667 apostolorum.

131 5677 197 5732 14.
231 5680 300 5735 De
322 5682 452 5739 Levi
478 5686 798 5758 publicano.
1802 5689 1890 5742 28.
1931 5687 2012 5741 De
2039 5686 2271 5757 quinque
2281 5685 2516 5756 panibus
2538 5691 2588 5744 et
2617 5683 2817 5743 duobus
