3922 6200
488 262 591 320 855

1812 253 1997 312 EUTH
2006 249 2163 307 YMII
2204 248 2531 307 ZIGABENI
3720 250 3803 310 855
3900 316 3901 339 χ

487 388 585 447 κθ’.
628 394 753 465 Περὶ
778 397 870 451 τῆς
895 397 994 441 τῶν
1033 388 1280 460 μαθητῶν
1305 384 1684 460 ἐπερωτήσεως.
1730 385 1843 457 (IX,
1893 381 2005 455 I8.)
2034 383 2141 437 Μθ.
2178 382 2225 433 Α
2254 379 2365 453 μθ’.
2407 383 2528 454 Περὶ
2603 388 2704 434 τῶν
2764 381 3090 456 παραϐολῶν.
3169 379 3338 455 (XIII,
3410 380 3518 451 I8.)
3581 381 3678 434 ΜΘ.
3733 377 3801 436 κδ.

664 478 765 552 λγ’.
797 485 902 551 Μρ.
934 474 1038 529 κδ’.

521 567 581 623 λ’.
623 574 748 640 Περὶ
813 574 909 628 τῆς
967 568 1411 639 μεταμορφώσεως
1461 570 1556 617 τοῦ
1608 562 1807 621 Ἰησοῦ.
1860 563 1969 634 (IX,
2027 561 2142 632 28.)

663 659 768 711 Μθ.
801 652 900 709 λδ’.
946 661 1050 727 Μρ.
1091 652 1180 711 κε’,

483 741 581 799 λα’.
622 747 749 819 Περὶ
779 751 872 797 τοῦ
919 742 1371 815 σεληνιαζομένου.
1420 741 1527 811 (ΙΧ,
1558 740 1672 813 37.)
1722 742 1827 796 Μθ.
1884 738 1975 797 λε’.
2032 746 2139 812 Μρ.

662 830 764 893 κζ’.

482 919 587 993 λβά.
629 925 753 995 Περὶ
782 929 881 973 τῶν
924 918 1384 991 διαλογιζομένων,
1431 922 1506 979 τίς
1570 920 1776 990 μείζων.
1848 917 1969 989 (ΙΧ,

661 1012 765 1065 Μθ.
792 1008 887 1073 λζ’.
919 1016 1025 1082 Μρ.
1056 1007 1159 1063 κσ’.

483 1096 578 1170 λγ.
620 1104 744 1171 Περὶ
784 1105 877 1151 τοῦ
913 1102 983 1171 μή
1037 1096 1434 1170 ἕπιτρεπομένου
1477 1095 1792 1157 ἀκολουθεῖν.
1853 1096 1973 1168 (ΙΧ,
2024 1094 2138 1167 56.)

757 1228 775 1244 .
815 1209 868 1245 ι.

480 1274 580 1332 λδ’.
776 1286 875 1329 τῶν
906 1272 1321 1348 ἀναδειχθέντων
1353 1272 1731 1349 ἐϐδομήκοντα.
1770 1276 1855 1348 (X,
1892 1278 1961 1346 I.)

481 1366 565 1422 λε’.
608 1372 733 1440 Περὶ
771 1374 865 1419 τοῦ
896 1366 1313 1442 ἐπερωτήσαντος
1341 1372 1578 1438 νομικοῦ.
1624 1366 1707 1438 (Χ,
1743 1365 1858 1436 25.)
1902 1368 2008 1421 Μθ.
2040 1363 2138 1420 νόν.

756 1498 768 1510 .
801 1455 894 1511 λθ’.

481 1543 579 1602 λσ’.
622 1464 748 1620 Πῗὲῗ
778 1552 866 1597 τοῦ
894 1544 1208 1617 ἐμπεσόντος
1253 1543 1325 1606 εἰς
1354 1546 1473 1605 τοὺς
1504 1542 1725 1617 λῃστάς.
1758 1544 1843 1616 (X,
1881 1543 1998 1617 30.)

480 1631 581 1696 λζ’.
623 1639 750 1707 Περὶ
774 1635 996 1709 Μάρθας
1024 1638 1113 1685 καὶ
1150 1633 1375 1706 Μαρίας.
1410 1632 1495 1705 (Χ,
1525 1632 1642 1705 38.)

481 1722 578 1782 λη’.
622 1727 746 1797 Περὶ
775 1732 1102 1798 προσευχῆς.
1138 1724 1243 1795 (XI,
1281 1722 1355 1794 I.)

480 1811 575 1869 λθ’.
618 1818 741 1889 Περὶ
770 1820 862 1865 τοῦ
906 1815 1116 1885 ἔχοντος
1168 1808 1436 1886 δαιμόνιον
1480 1814 1668 1884 κωφόν.
1717 1813 1822 1883 (XI,
1880 1814 1990 1880 14.)
2028 1815 2134 1867 Μθ.

658 1921 768 1959 κβ.

658 1921 688 1953 κ
748 1939 768 1959 σ

515 1988 585 2062 μ’.
626 1898 753 2063 [left
804 1996 895 2051 τῆς
951 1987 1009 2040 ἐκ
1064 1996 1157 2042 τοῦ
1219 1987 1384 2061 ὄχλου
1443 1987 1702 2060 ἕποράσης
1759 1994 1948 2062 φωνήν.
2025 1993 2135 2061 (XI,

480 2164 586 2239 μα’.
624 2077 878 2241 Πῗῖίὶῶν
917 2165 1195 2219 αἰτούντων
1221 2172 1454 2239 σημεῖον.
1488 2167 1594 2238 (XI,
1620 2169 1735 2238 29.)
1766 2170 1873 2223 M9.
1901 2167 2002 2241 κγ’.

479 2252 597 2329 μβ’.
641 2260 767 2330 Περὶ
799 2262 891 2308 τοῦ
930 2259 1217 2331 Φαρισαίου
1278 2262 1369 2309 τοῦ
1426 2255 1734 2319 καλέσαντος
1771 2260 1858 2311 τὸν
1908 2259 2133 2319 Ἰησοῦν.

660 2345 770 2414 (x1,
814 2346 928 2415 37.)

479 2430 583 2506 μγ’,
627 2438 753 2508 Περὶ
791 2440 880 2486 τοῦ
926 2433 1248 2507 ταλανισμοῦ
1290 2442 1390 2487 τῶν
1420 2444 1662 2508 νομικῶν.
1721 2438 1829 2505 (XI,
1878 2438 1996 2511 46.)
2027 2440 2133 2495 Μθ.

661 2524 766 2578 va’.

480 2609 588 2688 μδ.
630 2618 753 2687 Περὶ
787 2620 883 2676 τῆς
914 2612 1082 2687 ζύμης
1114 2622 1212 2666 τῶν
1243 2618 1560 2689 Φαρισαίων.
1610 2615 1743 2687 (XII,
1784 2616 1856 2688 I.)
1891 2618 1994 2671 Μθ.
2026 2616 2132 2691 λβ’.

749 2723 901 2759 .κβ.

749 2745 761 2758 .
793 2723 826 2755 κ
887 2743 901 2759 .

480 2786 575 2866 με’.
618 2711 743 2867 Πῖἷὲ
780 2701 872 2845 τοᾷ)
905 2791 1215 2855 θελήσαντος
1264 2794 1585 2868 μερίσασθαι
1635 2798 1729 2853 τήν
1759 2794 1962 2850 οὐσίαν.
1998 2797 2130 2866 (XII,

662 2887 746 2939 I3.

481 2960 588 3036 u'a'.
630 2883 890 3045 Περὶ)τοῦ,
937 2971 998 3024 οὗ
1038 2969 1317 3046 εὐφόρησεν
1358 2974 1389 3031 ή
1436 2977 1611 3047 χώρα,
1653 2972 1931 3033 πλουσίου.
1991 2976 2131 3048 (XII,

481 3148 591 3223 μζ’.
634 3062 890 3224 liga-6w
922 3149 1203 3203 Γαλιλαίων
1232 3153 1322 3204 καὶ
1364 3158 1463 3204 τῶν
1508 3149 1559 3205 ἓν
1594 3159 1666 3224 τῷ
1718 3153 1942 3228 Σιλωάμ.
1978 3155 2132 3226 (XIII,

663 3243 713 3295 I.

663 3243 713 3295 I.

480 3326 587 3403 μη’.
630 3239 757 3404 Heg}.
830 3335 922 3390 τῆς
995 3327 1228 3403 ἐχούσης
1309 3336 1513 3404 πνεῦμα
1609 3331 1896 3397 ἀσθενείας.
1971 3333 2133 3405 (XIII,

664 3417 777 3490 I0.)

550 3686 641 3742 29.
685 3685 759 3741 De
795 3684 1225 3755 interrogatione
1254 3683 1473 3740 Domini
1502 3685 1579 3742 ad
1605 3685 1915 3758 discipulos.

550 3774 640 3829 30.
684 3774 761 3828 De
790 3773 1270 3843 transﬁguratione
1289 3771 1437 3828 Iesu.

550 3862 614 3918 31
627 3904 642 3921 .
684 3864 766 3918 De
794 3861 1051 3917 lunatioo.

549 3950 639 4007 32.
682 3950 758 4006 De
776 3949 1197 4021 disputantibus,
1230 3949 1351 4021 quis
1370 3958 1497 4007 esset
1517 3953 1711 4024 major.

551 4043 639 4097 33.
684 4040 759 4096 De
789 4057 846 4094 eo
860 4040 951 4095 cui
987 4056 1094 4093 non
1126 4041 1384 4111 permisit
1404 4048 1464 4096 ut
1481 4050 1808 4113 sequeretur.

552 4131 638 4188 34.
680 4130 762 4185 De
785 4128 1080 4202 designatis
1102 4130 1451 4200 septuaginta
1482 4133 1764 4202 apostolis.

551 4221 640 4277 35.
682 4220 759 4275 De
778 4226 1014 4275 tentante
1040 4218 1365 4291 legisperito.

549 4309 637 4366 36.
681 4309 758 4364 De
797 4324 852 4364 eo
884 4308 982 4380 qui
1006 4307 1276 4363 inciderat
1298 4307 1355 4361 in
1387 4307 1642 4365 latrones.

549 4399 639 4454 37.
681 4398 759 4454 De
786 4398 1009 4456 Martha
1035 4404 1085 4452 et
1123 4397 1334 4453 Maria.

549 4487 638 4543 38.
679 4490 758 4543 De
786 4488 1055 4544 oratione.

549 4577 639 4631 39.
681 4576 749 4629 De
772 4575 932 4644 ejecto
954 4574 1227 4630 daemonio
1255 4580 1421 4631 muto.

548 4663 637 4716 40.
678 4662 760 4715 De
781 4662 1027 4726 muliere,
1055 4680 1175 4734 qua:
1193 4663 1255 4718 de
1295 4663 1457 4720 turba
1480 4681 1655 4721 vocem
1679 4668 1908 4725 extulit.

550 4751 641 4806 4I.
680 4750 762 4804 De
792 4749 877 4803 his
900 4750 995 4821 qui
1020 4750 1232 4821 signum
1262 4752 1533 4822 petebant.

548 4838 636 4894 42.
678 4838 755 4891 De
794 4837 1073 4894 Pharisaeo
1096 4840 1191 4909 qui
1226 4841 1517 4897 Dominum
1541 4843 1829 4901 invitavit.

544 4925 634 4981 43.
679 4925 749 4980 De
776 4923 1143 4995 deploratione
1177 4927 1627 5002 legisperitorum.

547 5013 641 5072 44.
688 5015 772 5069 De
807 5014 1071 5087 fermento
1114 5015 1561 5079 Pharisaeorum.

544 5106 611 5160 45
626 5146 639 5159 .
686 5103 758 5158 De
786 5119 843 5158 eo
856 5102 953 5175 qui
974 5103 1185 5160 volebat
1212 5105 1455 5164 dividere
1472 5110 1868 5172 haereditatem.

544 5192 631 5251 46.
671 5194 753 5249 De
773 5192 945 5248 divite
976 5193 1129 5264 cujus
1149 5210 1279 5265 ager
1308 5198 1474 5268 [eraw
1499 5200 1627 5268 fuit.

541 5286 633 5339 47.
672 5282 744 5338 De
765 5279 1014 5337 Galilaais
1041 5288 1089 5336 et
1121 5282 1191 5336 iis
1213 5285 1309 5354 qui
1347 5286 1406 5341 in
1443 5286 1609 5356 Siloe,
1641 5295 1750 5346 etc.

542 5376 630 5430 48.
674 5371 757 5428 De
774 5369 1005 5427 muliere
1034 5376 1314 5428 contracta
1354 5375 1620 5446 spiritum
1662 5380 2008 5452 inﬁrmitatis
2034 5387 2123 5443 ha-

685 5460 855 5527 bente.

541 5551 631 5608 49.
674 5551 751 5607 De
761 5548 1069 5624 parabolis.

543 5641 628 5699 50.
671 5640 754 5698 De
776 5640 951 5714 ecqui
974 5640 1271 5699 Dominum
1308 5638 1704 5716 interrogabat,
1745 5663 1822 5704 an
1838 5653 2016 5723 pauci
2043 5669 2118 5711 es.

2314 558 2326 573 Ι

2286 580 2346 616 ν.

2248 737 2347 792 νὰ’.

2247 2431 2348 2498 ξδ’.

2429 478 2537 527 Μο.
2581 472 2647 526 θ’.

2432 491 2537 544 mp.
2581 491 2647 526 σν.

2387 565 2513 635 Περὶ
2593 569 2677 615 τοῦ
2747 560 3189 635 ἐπερωτήσαντος,
3248 560 3291 616 si
3345 560 3511 632 ὀλίγοι
3571 560 3619 611 οἱ
3678 559 3802 619 σωζό-

2428 669 2591 723 μενοι.
2618 651 2782 724 (XIII,
2814 652 2925 721 22.)

2389 744 2515 815 Περὶ
2583 748 2681 793 τῶν
2751 740 2992 793 εἰπόντων
3064 748 3138 812 τῷ
3202 737 3380 799 Ἰησοῦ
3438 734 3534 791 διὰ
3585 732 3799 811 Ἡρώδην.

2428 827 2588 899 (xm,
2616 829 2729 900 δι.)

2335 958 2351 974 .
2391 921 2514 992 Περὶ
2553 924 2646 970 τοῦ
2677 914 3000 992 ὑδρωπικοῦ.
3031 917 3193 991 (XIV,
3228 918 3301 991 I.)

2328 1048 2342 1060 .
2385 1011 2511 1081 Περὶ
2563 1014 2655 1060 τοῦ
2707 1012 2780 1080 μή
2830 1006 3038 1079 ἀγαπᾷν
3077 1012 3167 1069 τὰς
3217 1006 3621 1082 πρωτοκλισίας.
3673 1003 3802 1073 (XIV,

2426 1093 2506 1167 7ο)

2338 1225 2351 1238 .
2393 1190 2519 1259 Περὶ
2569 1194 2666 1240 τῶν
2717 1185 3041 1260 καλουμένων
3118 1184 3166 1238 ἂν
3240 1193 3312 1258 τῷ
3388 1181 3607 1257 δείπνῳ.
3677 1182 3801 1255 (XIV,

2397 1274 2679 1438 ιῖίαῗνάϐῗλέ
2707 1297 2831 1439 ,11τῖρὶ
2856 1360 3144 1438 οἰκοδομῆς
3167 1367 3389 1440 πύργου.
3433 1363 3589 1435 (XIV,
3626 1364 3725 1431 28.)

2332 1494 2344 1505 .
2387 1458 2513 1527 Περὶ
2551 1461 2651 1505 τῶν
2681 1453 2860 1507 ἑκατὸν
2898 1452 3169 1527 προϐάτων
3196 1452 3489 1528 παραϐολή.
3524 1451 3655 1525 (XV,
3689 1450 3752 1522 3.)

2330 1581 2343 1593 .
2390 1547 2515 1615 Περὶ
2570 1550 2662 1595 τοῦ
2741 1539 3181 1617 ἀποδημήσαντος
3237 1542 3310 1604 εἰς
3373 1548 3560 1618 χώραν
3619 1543 3801 1614 μακράν.

2426 1631 2564 1701 (xv,
2599 1632 2713 1703 42.)

2331 1759 2345 1772 .
2388 1724 2513 1794 Περὶ
2542 1728 2632 1773 τοῦ
2662 1720 2934 1794 οἰκονόμου
2970 1729 3066 1784 τῆς
3094 1717 3325 1782 ἀδικίας.
3366 1720 3529 1791 (XVI,
3557 1719 3632 1791 I.)

2328 1849 2340 1862 .
2384 1815 2509 1885 Περὶ
2538 1820 2630 1863 τοῦ
2656 1810 2907 1863 πλουσίου
2936 1817 3023 1864 καὶ
3047 1818 3137 1864 τοῦ
3174 1812 3443 1884 Λαζάρου.
3479 1810 3631 1883 (XVI,
3661 1807 3751 1879 I9.)

2328 1938 2341 1952 .
2384 1904 2509 1973 Περὶ
2544 1908 2639 1953 τῶν
2669 1896 2799 1954 δέκα
2826 1899 3040 1972 λεπρῶν.
3072 1900 3251 1968 (XVII,
3293 1902 3402 1970 II.)

2328 2031 2342 2044 .
2386 1994 2509 2062 Περὶ
2538 1997 2629 2042 τοῦ
2653 1997 2833 2066 κριτοῦ
2862 1999 2957 2053 τῆς
2987 1987 3216 2051 ἀδικίας.
3251 1990 3457 2062 (XVIII,
3500 1990 3573 2061 I.)

2335 2117 2348 2131 .
2390 2083 2516 2153 Περὶ
2562 2087 2654 2132 τοῦ
2715 2083 3003 2153 Φαρισαίου
3060 2084 3151 2133 καὶ
3207 2087 3302 2132 τοῦ
3345 2078 3587 2133 τελώνου.
3635 2076 3801 2148 (XVIII.

2424 2169 2502 2240 9.)

2315 2254 2346 2310 '.
2388 2262 2514 2329 Περὶ
2551 2264 2641 2311 τοῦ
2694 2256 3118 2331 ἐπερωτήσαντος
3172 2257 3428 2311 πλουσίου
3487 2261 3575 2312 τὸν
3619 2256 3801 2317 Ἰησοῦν.

2422 2346 2631 2419 (xvm,
2670 2347 2913 2418 18.)Μθ.
2946 2347 3057 2420 μα’.
3090 2354 3195 2421 Μρ.
3219 2346 3317 2401 κθ’.

2391 2441 2517 2509 Περὶ
2558 2443 2649 2489 τοῦ
2699 2435 2913 2509 τυφλοῦ.
2972 2436 3187 2508 (XVIII,
3244 2439 3358 2504 35.)
3414 2439 3525 2492 M9.
3577 2433 3681 2509 μδ’.
3722 2442 3803 2509 Ἃρ.

2423 2524 2499 2577 λα’

2246 2613 2333 2677 ξε’.
2376 2619 2500 2690 Περὶ
2530 2622 2622 2668 τοῦ
2651 2620 2945 2688 Ζακχαίου.
2987 2615 3142 2687 (XIX,
3187 2615 3261 2684 I.)

2246 2702 2344 2767 Eo".
2378 2708 2503 2777 Περὶ
2559 2711 2652 2758 τοῦ
2714 2707 3050 2779 πορευθέντος
3104 2701 3276 2758 λαϐεῖν
3330 2704 3499 2776 ἐαυτῷ
3558 2703 3804 2779 βασιλεία-ι.

2422 2795 2575 2864 (XIX,
2613 2792 2721 2861 τε.)

2246 2880 2341 2944 EC.
2382 2887 2509 2958 Περὶ
2537 2891 2633 2936 τῶν
2662 2882 2920 2935 λαϐόντων
2949 2886 3043 2944 τὰς
3074 2879 3205 2936 δέκα
3233 2890 3385 2954 μνᾶς.
3413 2884 3571 2955 (XIX,
3605 2883 3705 2954 I3)

2245 2969 2344 3033 ἔνι’.

2245 3147 2341 3213 ξθ’.

2389 2977 2513 3043 Περὶ
2569 2979 2661 3024 τοῦ
2732 2972 2925 3028 πώλου.
3002 2973 3160 3043 (XIX,
3218 2973 3331 3045 29.)
3399 2976 3511 3030 Μθ.
3579 2972 3671 3046 με’.
3718 2977 3799 3043 My.

2420 3059 2521 3134 λβ’.
2552 3066 2635 3117 Ῑω.
2671 3057 2761 3115 ιδ’.

2384 3154 2507 3223 Περὶ
2576 3158 2676 3202 τῶν
2749 3148 3181 3225 ἐπερωτησάντων
3246 3154 3333 3204 τὸν
3421 3155 3611 3227 Κύριον
3683 3149 3806 3223 ἀρχι-

2423 3242 2571 3314 ερέων
2642 3244 2731 3292 καὶ
2798 3244 3166 3313 Γραμματέων.
3219 3241 3351 3312 (XX,
3430 3242 3511 3315 1.)
3574 3242 3672 3295 Μθ.
3719 3237 3806 3312 με’.

2421 3334 2527 3401 Μρ.
2559 3326 2644 3385 λε’.

2470 3701 2609 3760 sent,
2640 3696 2738 3767 qui
2763 3695 2989 3751 salutem
3016 3703 3493 3768 consequerentur.

2315 3790 2370 3842 5t
2388 3824 2402 3839 .
2444 3785 2519 3840 De
2541 3784 2627 3840 his
2645 3786 2743 3857 qui
2753 3784 3077 3853 suadebant,
3094 3792 3155 3841 ut
3167 3786 3433 3842 secederet
3441 3794 3662 3859 propter
3674 3783 3808 3840 Hero-

2450 3873 2588 3931 dem.

2308 3963 2398 4017 52.
2441 3963 2517 4018 De
2555 3962 2859 4034 hydropico.

2314 4412 2401 4465 57.

2312 4500 2398 4553 58.
2443 4503 2517 4554 De
2539 4497 2906 4570 dispensatore
2936 4498 3141 4569 iniquo.

2312 4056 2396 4109 53.
2429 4055 2507 4108 De
2524 4070 2633 4107 non.
2658 4052 2912 4108 amandis
2936 4052 3134 4124 primis
3159 4052 3520 4110 accubitibus.

2312 4142 2399 4197 54.
2435 4143 2514 4197 De
2535 4142 2789 4197 invitatis
2811 4141 2882 4196 ad
2906 4158 3129 4198 caenam.

2349 4235 2397 4285 5.

2311 4235 2397 4286 55.
2440 4235 2518 4285 De
2545 4235 2907 4302 aediﬁcatione
2930 4235 3109 4287 turris
3129 4248 3279 4302 para

2313 4318 2397 4374 56.
2442 4317 2521 4374 De
2541 4326 2751 4375 centum
2774 4319 2961 4373 ovibus
2996 4318 3279 4389 parabola.

2440 4233 2518 4285 De
2545 4230 2907 4302 aediﬁcatione
2930 4232 3109 4287 turris
3129 4231 3414 4302 parabola.

2442 4408 2518 4463 De
2542 4407 2746 4463 duobus
2765 4408 2916 4479 ﬁliis,
2936 4424 3162 4479 quorum
3176 4406 3803 4479 juniorlururiosevirit.

2310 4586 2396 4642 59.
2440 4586 2516 4643 De
2553 4587 2721 4643 divite
2743 4594 2796 4643 et
2824 4590 3056 4643 Lazaro.

2309 4676 2398 4731 60.
2440 4678 2516 4732 De
2542 4676 2718 4732 decem
2750 4676 2995 4748 Ieprosis.

2308 4766 2396 4820 61.

2309 4858 2398 4912 62.

2308 4943 2394 5000 63.

2440 4765 2522 4821 De
2533 4766 2729 4834 judice
2757 4767 2963 4838 iniquo.

2440 4855 2519 4910 De
2546 4855 2833 4911 Phariszo
2860 4863 2909 4910 et
2946 4854 3266 4911 Publicano.

2437 4942 2516 4999 De
2545 4943 2739 5012 divite,
2770 4944 2869 5015 qui
2898 4944 3189 5001 Dominum
3213 4945 3602 5017 interrogavit.

2309 5037 2395 5090 64.
2437 5033 2514 5089 De
2532 5047 2695 5090 cwco.

2305 5122 2395 5179 65.

2307 5214 2396 5267 66.

2307 5391 2394 5446 67.

2437 5121 2516 5177 De
2544 5122 2821 5179 Zacchseo.

2438 5211 2518 5267 De
2547 5211 2757 5267 homine
2804 5211 2900 5283 qui
2922 5211 3198 5284 profectus
3236 5219 3336 5279 est,
3364 5220 3425 5270 ut
3452 5205 3806 5286 acciperetubi

2451 5316 2698 5373 regnum.

2437 5389 2514 5444 De
2546 5389 2628 5443 his
2665 5392 2763 5462 qui
2796 5389 2970 5446 decem
3000 5390 3178 5446 minas
3211 5398 3549 5464 acceperunt.

2306 5480 2392 5536 68.
2435 5480 2514 5535 De
2532 5479 2702 5550 pullo.

2304 5567 2373 5626 69

2378 5608 2391 5621 .
2434 5567 2512 5624 De
2529 5567 2899 5624 sacerdotibus
2914 5576 2963 5625 et
2978 5568 3176 5626 scribis
3190 5585 3253 5627 ac
3270 5570 3586 5638 senioribus,
3601 5565 3680 5642 qvi
3694 5560 3787 5618 Πῦ-

2442 5657 2651 5715 minum
2679 5656 3118 5733 interrogabant.
