3922 6200
141 285 225 340 35-,
1128 259 1495 321 COMMENT.
1539 258 1608 314 IN
1647 252 1913 311 LUCA-M.
1956 288 2023 297 _
2063 255 2215 313 CAP.
2261 257 2304 312 ι.

3334 259 3440 318 858

172 408 223 460 ο’.
263 411 368 478 ιῐερὶ
427 410 512 455 τοῦ
559 399 852 473 ἀμπελῶνος
898 396 1031 467 (ΧΧ,
1077 392 1151 463 9).
1193 392 1297 447 Μθ.
1357 387 1416 443 ν’·
1451 389 1552 478 Μρ-
1601 381 1680 478 λζί
1713 382 1761 436 Α
1797 382 1892 478 οἷο
1937 387 2060 478 Περὶ
2081 392 2174 436 τοῦ
2201 387 2401 478 Πάσχα
2440 385 2618 455 (XXII.
2656 386 2729 454 1)ο
2763 388 2867 440 Μθο
2911 385 2990 456 ἔν’
3020 391 3122 459 Μρ.
3165 405 3258 458 με.

159 517 225 550 οα.
263 474 370 568 Περὶ
395 501 486 544 τῶν
515 490 796 562 ἐγκαθέτων
825 483 918 540 διὰ
941 488 1027 537 τὸν
1057 490 1250 541 κῆνσον
1282 480 1414 549 (ΧΧ,
1445 476 1556 546 20).
1599 474 1679 530 MO

286 581 387 655 νβ’.
423 584 517 655 Μρ.
546 580 649 640 λζ’.

141 673 225 747 οβ’.
259 654 367 747 Περὶ
391 679 483 722 τῶν
532 663 904 721 Σαδδουκαίων
946 663 1090 735 (XX,
1123 660 1240 731 27).
1285 658 1392 711 MO.
1433 654 1531 727 η’.
1572 661 1678 726 Μρ.

285 760 373 818 λη’.

139 851 216 924 07'.
254 851 514 923 Ἐρώτησις
565 850 691 922 πρὸς
735 847 854 907 τοὺς
895 845 1225 918 Φαρισαίους,
1256 845 1366 898 πῶς
1413 833 1553 887 ἐστιν
1577 833 1680 892 νὶός

288 935 486 991 Δαυίδό
523 940 754 1011 Χριστός
794 936 923 1004 (ΧΧ,
950 933 1062 1004 41).
1099 931 1208 986 MO.
1239 927 1304 980 νε¹
1333 933 1437 1000 Μρ.
1481 923 1552 997 μ’.

139 1028 218 1085 σθ’.
256 1034 363 1101 Περὶ
385 1035 474 1089 τῆς
511 1031 688 1100 χήρας
713 1032 807 1087 τῆς
831 1026 898 1076 τὰ
925 1019 1019 1076 δύο
1041 1021 1202 1074 λεπτὰ
1229 1017 1494 1092 βαλούσης
1519 1011 1676 1085 (XXI,

281 1120 345 1188 1).
372 1125 469 1192 Μρ.
500 1115 614 1188 μα’.

143 1207 209 1263 ω’.
243 1191 505 1282 Ἐρώτησις
532 1209 648 1278 περὶ
683 1201 968 1261 συντελείας
1000 1199 1160 1272 (XXI,
1197 1197 1272 1269 7).
1303 1197 1404 1249 MO.
1437 1191 1535 1255 νζ.
1571 1193 1676 1264 Μρ.

281 1296 378 1370 μβκ

189 1531 260 1584 70.
296 1530 364 1583 De
399 1525 570 1581 vinea.

183 1624 256 1674 7t.
292 1618 364 1674 De
383 1617 464 1672 his
490 1616 591 1688 qui
643 1613 926 1669 Dominum
963 1609 1374 1682 interrogabant
1409 1609 1677 1664 occasione

362 1722 543 1762 census
550 1745 564 1757 .

182 1798 256 1851 72.
294 1796 364 1851 De
391 1794 725 1851 Sadducwis.

176 1892 251 1942 73.
288 1883 653 1955 Interrogatio
678 1881 892 1937 Domini
914 1881 991 1936 ad
1026 1879 1260 1944 Judaaos,
1313 1877 1568 1950 quomodo
1595 1876 1676 1930 di-

363 1983 480 2029 cant
520 1972 801 2030 Christum
822 1971 996 2042 ﬁlium
1016 1986 1125 2025 esse
1155 1967 1351 2024 David.

174 2066 249 2121 74.
287 2065 360 2120 De
388 2063 546 2119 vidua
572 2077 697 2134 quae
727 2061 830 2116 duo
869 2061 1078 2116 minuta
1101 2058 1314 2114 obtulit.

173 2159 248 2210 75.
288 2155 350 2209 De
384 2153 853 2212 consummatione.

195 2444 514 2494 ΕΡΜΠΝΕΙΑ
559 2446 693 2493 ΤΟΥ
743 2445 917 2494 ΚΑΤΑ
963 2445 1243 2494 ΛΟΥΚΑΝ
1292 2441 1564 2492 ΕΥΑΓΓΕ-

784 2536 966 2584 ΛΙΟΥ.

164 2631 212 2685 ’0
244 2637 486 2709 μακάριος
517 2638 752 2707 Λουκᾶς,
791 2639 1096 2710 Ἀντιοχεὺς
1135 2637 1212 2710 (1)
1249 2639 1337 2710 μὲν
1387 2635 1447 2697 ἧν
1476 2640 1534 2689 τὸ
1593 2636 1669 2709 (2)

109 2727 244 2791 γένος,
284 2732 453 2778 πᾶσαν
490 2724 551 2780 δε
604 2733 696 2786 τὴν
753 2726 801 2779 ἐν
856 2728 1029 2800 λόγοις
1077 2725 1358 2781 παίδευσιν
1398 2727 1669 2801 μετελθὼν,

111 2819 180 2864 καὶ
231 2819 308 2873 τὴν
370 2816 617 2892 ἰατρικὴν
675 2825 773 2869 τῶν
824 2820 1076 2890 σωμάτων
1140 2817 1396 2892 ἐκμαθὼν,
1458 2819 1670 2891 ὕστερον

379 2905 391 2920 Ρ

110 2907 180 2953 καὶ
235 2911 319 2961 τήν
376 2907 622 2979 ἰατρικὴν
661 2915 760 2958 τῶν
798 2907 990 2979 ψυχῶν
1042 2910 1356 2980 κατώρθωσε
1425 2927 1436 2940 ·
1490 2917 1673 2982 πρῶτα

109 2994 181 3059 μὲν
223 3001 285 3064 τῷ
321 3001 535 3068 Χριστῷ
593 3001 868 3067 φοιτήσας,
910 3002 998 3049 καὶ
1037 2997 1160 3072 παρ’
1200 2997 1357 3050 αὐτοῦ
1405 2999 1469 3049 τὰ
1520 3003 1673 3073 σπέρ-

1797 471 1888 532 οζ.
1935 471 2058 526 “eali.
2121 482 2220 526 τῶν
2288 475 2772 546 φιλονεικησοίντων,
2853 478 2927 534 τίς
2997 475 3186 547 μείζων
3258 474 3437 543 (XXII,

1976 564 2086 634 24).

1796 651 1891 710 οη’.
1937 658 2058 726 Περὶ
2088 661 2182 714 τῆς
2212 653 2522 717 ἐξαιτήσεως
2575 661 2665 707 τοῦ
2715 658 2916 706 Σατανᾶ
2956 653 3135 725 (XXII,
3172 653 3285 723 31).
3329 654 3435 707 ΜΘ.

1975 741 2070 804 ξς.
2095 750 2206 796 Μω.
2244 743 2348 814 μζ’.

1796 830 1887 885 οϐ’.
1938 831 2283 894 Εξουθένησις
2319 829 2554 905 Ἡρώδου
2583 833 2799 899 (XXIII,
2834 832 2940 901 I4).

1813 920 1890 973 π’.
1933 926 2057 993 Περὶ
2082 930 2180 972 τῶν
2206 926 2526 994 κοπτομένων
2545 930 2804 992 γῦναικῶν
2832 922 3032 990 (XXIII,
3074 921 3184 991 27).

1793 1008 1898 1064 ποί.
1940 1015 2062 1084 Περὶ
2093 1018 2184 1062 τοῦ
2213 1017 2620 1082 μετανοήσαντος
2638 1010 2835 1068 ληστοῦ
2862 1010 3057 1081 (XXIII,
3082 1009 3194 1081 39).

1793 1097 1906 1172 πβ’.
1950 1104 2074 1173 Περὶ
2100 1107 2196 1161 τῆς
2225 1100 2477 1161 αἰτήσεως
2503 1108 2594 1152 τοῦ
2647 1106 2910 1173 Κυριακοὺ
2965 1105 3204 1170 σώματος
3236 1098 3437 1169 (XXIII,

1969 1189 2083 1259 50).
2116 1190 2221 1242 MO.
2255 1187 2348 1251 ξη’.
2373 1196 2478 1263 Μρ.
2511 1189 2623 1261 μαλ’.
2654 1189 2758 1242 Ἰω.
2786 1185 2888 1246 νη’.

1791 1298 1888 1350 πσγ.
1926 1283 2050 1353 Περὶ
2079 1285 2172 1330 τοῦ
2201 1277 2402 1331 Κλεόπά
2437 1279 2634 1350 (XXIV,
2677 1279 2788 1348 13).

1862 1519 1891 1567 7
1900 1517 1950 1568 6.
1991 1515 2072 1568 De
2101 1513 2327 1568 Pascha.

1861 1601 1950 1657 77.
1986 1601 2063 1656 De
2087 1602 2438 1668 contentione,
2470 1599 2594 1671 quis
2623 1604 2760 1655 esset
2781 1600 2970 1670 major.

1859 1692 1947 1746 78.
1989 1693 2066 1746 De
2094 1691 2416 1762 expolitione
2441 1689 2678 1745 Satanas.

1857 1785 1950 1839 79.
2000 1781 2076 1835 De
2095 1785 2401 1850 contemptu
2440 1780 2689 1834 Herodis.

1859 1871 1943 1924 80.
1985 1871 2068 1924 De
2093 1870 2418 1924 mulieribus
2441 1870 2726 1924 Dominum
2748 1865 3147 1938 plangentibus.

1855 1962 1944 2014 8|.
1981 1962 2054 2014 De
2087 1958 2322 2013 latronis
2345 1958 2689 2029 pauitantia.

1856 2050 1944 2103 82.
1985 2048 2063 2102 De
2075 2047 2338 2118 petitione
2377 2048 2618 2118 corporis
2645 2045 2881 2102 Domini.

1853 2137 1943 2191 83.
1984 2134 2064 2190 De
2095 2135 2314 2207 Cleopa.

1997 2440 2547 2497 INTERPRETATIO
2581 2439 2956 2496 EVANGELII
2999 2438 3220 2494 LUC/E.

1852 2642 2057 2694 Beatus
2087 2637 2280 2693 Lucas
2323 2635 2732 2692 Antiochensis
2764 2634 2873 2690 fuit
2914 2649 3146 2704 genere.
3183 2638 3435 2696 Omnem

1781 2733 1982 2786 autem
2023 2724 2317 2782 sermonis
2347 2724 2728 2797 disciplinam
2759 2724 3036 2797 adeptus,
3069 2726 3434 2785 medicinam

1780 2817 1957 2874 etiam
1987 2831 2302 2888 corporum
2328 2814 2552 2878 didicit,
2581 2830 2648 2870 ac
2679 2813 3065 2885 postmodum
3098 2813 3434 2872 animarum

1779 2921 2022 2978 quoque
2049 2903 2404 2960 medicinam
2432 2910 2738 2959 assecutus
2764 2906 2868 2957 est.
2897 2901 3161 2957 Primum
3186 2903 3436 2976 quidem

1780 2995 2005 3050 Christo
2036 2991 2310 3064 adhaesit,
2345 2997 2401 3046 et
2425 2990 2504 3047 ab
2534 3007 2602 3046 eo
2628 2991 2861 3064 pietatis
2885 2991 3114 3046 semina
3153 2993 3432 3064 suscepit.

109 3099 224 3152 ματα
276 3091 359 3144 τῆς
432 3083 703 3147 εὐσεϐείας
762 3082 1141 3159 ὑποδεξάμενος
1370 3090 1546 3140 ἔπειτα
1615 3084 1672 3140 δὲ

1853 3089 1987 3138 ιεῐοει
2018 3098 2158 3138 vero
2185 3079 2365 3137 Paulo
2383 3081 2522 3136 duci
2543 3081 2915 3152 conjunctus,
2949 3061 3437 3154 maximeque—fa-

110 3168 263 3241 Παύλῳ
317 3181 386 3243 τῷ
429 3179 704 3247 κορυφαίῳ
755 3177 1134 3250 συναρμοσθεὶς
1179 3181 1268 3229 καὶ
1327 3173 1674 3252 διαφερόντως

108 3261 370 3326 οἰκειωθεὶς,
429 3269 522 3314 καὶ
581 3267 802 3334 ’γεγονὼς
851 3262 1125 3326 ἀκόλουθος
1164 3265 1304 3337 αὐτῷ
1356 3271 1445 3318 καὶ
1499 3269 1673 3318 συνέκ-

109 3341 264 3417 δημος,
310 3353 543 3425 καθάπερ
581 3348 650 3410 δὴ
704 3355 792 3406 καὶ
842 3357 1036 3428 Πέτρου
1065 3361 1154 3406 τοῦ
1185 3359 1490 3428 κορυφαίου,
1533 3357 1676 3432 Μάρ-

103 3453 187 3495 κος.

161 3531 276 3579 Φασὶ
307 3525 366 3581 δέ
410 3549 566 3598 τινες,
618 3533 707 3583 καὶ
744 3531 933 3603 μᾶλλον
977 3532 1053 3604 (4)
1113 3533 1400 3609 Ὠριγένης,
1458 3537 1538 3588 ὅτι
1569 3544 1675 3599 τοῖς

105 3611 428 3688 ἐϐδομήκοντα
458 3619 779 3682 ἀποστόλοις
808 3626 896 3674 καὶ
948 3624 1164 3694 Μάρκος
1193 3629 1280 3676 καὶ
1313 3629 1535 3695 Λουκᾶς,
1575 3630 1675 3702 πρὸ

104 3712 177 3755 τοῦ
195 3712 500 3762 Δεσποτικοῦ
546 3717 803 3783 σταυροῦ,
837 3714 1244 3786 συνηρίθμηντο.

160 3798 285 3847 Μετὰ
309 3793 366 3851 δὲ
390 3795 774 3851 πεντεκαίδεκα
800 3805 1021 3874 χρόνους
1041 3809 1134 3863 τῆς
1171 3809 1259 3854 τοῦ
1290 3810 1521 3877 Σωτῆρος
1552 3805 1672 3858 ἀνα-

102 3878 602 3960 λήψεωςῂπιτραπεὶς
632 3891 773 3962 παρὰ
796 3888 1323 3966 Παύλου,συνέγραψε
1352 3896 1410 3945 τὸ
1439 3893 1673 3966 Εὐαγγέ-

104 3967 191 4020 im
215 3979 330 4047 πρός
359 3995 476 4028 τινα
508 3977 780 4049 Θεόφιλον,
812 3983 1123 4032 πιστότατον
1145 3986 1234 4033 καὶ
1263 3981 1670 4054 θεοφιλέστατον,

103 4059 236 4112 πολλὰ
261 4074 354 4115 τῶν
391 4075 503 4128 τοῖς
534 4066 712 4127 ἄλλοις
744 4067 1133 4140 εὖαγγελισταῑς
1157 4077 1555 4144 σεσιωπημένων
1585 4073 1673 4125 αὖε

104 4151 173 4210 τὸς
198 4151 676 4227 ἦπομνημονεὺσας.

157 4239 449 4319 Ἐπειδὰπερ
482 4277 556 4285 —-—
609 4248 944 4319 πραγμάτων.
979 4249 1212 4321 Ἐνέφηνέ
1239 4269 1375 4313 τινας
1407 4251 1672 4327 ἐπιχειρὴ-

1786 3171 2032 3228 miliaris
2065 3171 2304 3227 eﬂectus
2332 3175 2436 3236 est,
2473 3186 2542 3226 ac
2580 3169 2907 3242 discipulus
2937 3169 3082 3242 ejus,
3114 3186 3434 3242 comesque

1783 3260 2002 3317 itineris
2031 3277 2044 3316 ε
2071 3259 2586 3328 quemadmodum
2617 3259 2916 3316 etMarcus
2930 3259 3077 3315 Petri
3095 3263 3436 3317 casterorum

1787 3365 2071 3423 principis
2086 3393 2099 3406 .

1855 3540 2272 3597 Dicuntautem
2291 3535 2560 3611 quidam,
2585 3539 2641 3593 et
2660 3534 2924 3593 maxime
2947 3535 3248 3605 Origenes,
3271 3535 3436 3610 quod

1785 3633 2014 3687 Marcus
2043 3631 2099 3683 et
2123 3627 2314 3684 Lucas
2344 3628 2479 3682 ante
2509 3626 2881 3683 Dominicam
2911 3625 3260 3699 passionem
3285 3625 3436 3684 inter

1786 3717 2162 3790 septuaginta
2191 3714 2516 3788 discipulos
2541 3715 2953 3772 connumerati
2991 3720 3148 3772 sunt.

1856 3809 1993 3864 Post
2028 3806 2373 3879 quindecim
2408 3821 2544 3861 vero
2569 3820 2759 3861 annos
2785 3821 2821 3862 a
2853 3805 3174 3862 Salvatoris
3200 3820 3436 3863 assum-

1783 3899 2007 3970 ptione,
2050 3895 2342 3969 permissu
2367 3894 2532 3950 Pauli
2558 3895 2912 3972 conscripsit
2941 3896 3331 3968 Evangelium
3361 3897 3437 3953 ad

1784 3985 2178 4058 Theophilum
2228 3984 2641 4040 ﬁdelissimum
2674 3985 2897 4057 Deique
2926 3986 3435 4042 amantissimum.

1783 4075 1959 4132 Multa
1980 4079 2201 4139 autem,
2230 4089 2366 4146 quae
2388 4072 2466 4128 ab
2493 4072 2623 4128 aliis
2643 4072 3021 4142 evangelistis
3047 4073 3279 4131 silentio
3307 4073 3431 4130 fue-

1783 4168 1919 4220 rant
1946 4162 2263 4234 praeterita,
2296 4161 2401 4216 iste
2430 4166 2879 4216 commemorat.

1855 4251 2006 4308 CAP.
2028 4253 2068 4306 ῐ.
2099 4253 2256 4306 Vers.
2283 4251 2332 4303 1.
2368 4249 2595 4314 Quando
2623 4249 2836 4320 quidem
2863 4280 2930 4289 —
2950 4265 3154 4305 rerum.
3183 4252 3434 4307 Demon-

103 4344 258 4390 σαντας
283 4336 369 4402 μὲν
409 4333 828 4407 ἀναγράψασθαι
869 4338 944 4407 (5)
1003 4338 1328 4410 Εὐαγγελιον,
1385 4342 1558 4416 πόῤῥω
1585 4326 1588 4327 ν
1614 4339 1672 4396 δὲ

1853 4347 1947 4412 rat,
1981 4339 2275 4412 quosdam
2308 4341 2567 4393 tentasse
2606 4337 2990 4406 Evangelium
3033 4337 3431 4404 conscribere,

99 4423 176 4479 τῆς
219 4419 456 4485 ἀληθείας
486 4423 966 4488 ἀποπλανηθέντας.
1023 4428 1097 4479 Οὐ
1127 4431 1227 4503 γὰρ
1255 4436 1372 4502 περὶ
1401 4433 1669 4486 Ματθαίου

98 4514 171 4556 καὶ
197 4513 398 4583 Μάρκου
418 4518 579 4564 τοῦτό
613 4533 772 4585 φησιν
805 4534 817 4546 ⁸
857 4515 1015 4566 Οὗτοι
1045 4519 1144 4590 γὰρ
1177 4517 1270 4569 οὐκ
1299 4517 1666 4595 ἐπεχείρησαν,

97 4593 184 4645 αλλ’
207 4600 445 4672 ἔγραψαν.
483 4607 616 4676 Περὶ
654 4611 752 4654 τῶν
782 4603 1312 4679 πεπληροφορημένων
1349 4605 1424 4672 δὲ,
1455 4615 1668 4663 τουτέσ‹

99 4701 139 4732 τι
185 4697 290 4760 περὶ
343 4701 444 4742 τῶν
508 4690 899 4764 βεϐαιωθέντων
949 4693 996 4745 ἓν
1041 4701 1213 4767 Ἡμῖν,
1280 4706 1386 4760 τοῖς
1454 4698 1670 4758 ἀληθέσι

98 4776 325 4841 μαθηταῖς
363 4788 457 4833 τοῦ
493 4786 715 4854 Κυρίου,
759 4785 1106 4854 Πραγμάτων.
1157 4786 1275 4838 Εἰσὶ
1316 4783 1374 4839 δὲ
1422 4796 1587 4840 ταῦτα
1617 4792 1672 4842 αῖ

99 4879 139 4912 τε
163 4867 350 4937 πράξεις
379 4876 472 4922 καὶ
503 4872 555 4923 οἱ
581 4869 728 4942 λόγοι
753 4871 932 4938 αὐτοῦ,
963 4875 1028 4926 τὰ
1082 4875 1322 4948 θαύματα
1351 4882 1440 4929 καὶ
1477 4881 1542 4930 τὰ
1589 4876 1624 4932 δ
1630 4901 1668 4931 ι-

97 4945 330 5026 δάγματα,
387 4965 477 5013 καὶ
520 4958 694 5020 ἁπλῶς
752 4963 928 5030 εἰπεῖν,
967 4963 996 5022 ἡ
1030 4965 1275 5038 ἔνσαρκος
1328 4965 1488 5019 αὐτοῦ
1526 4968 1666 5021 πολι-

96 5057 204 5098 tua.

1783 4431 1888 4487 sed
1921 4447 1956 4486 a
1977 4429 2214 4486 veritate
2246 4429 2423 4498 longe
2463 4427 2790 4483 aberrasse.
2823 4429 2949 4482 Non
3007 4426 3166 4482 enim
3198 4427 3272 4482 de
3298 4430 3434 4485 Mat-

1781 4522 1936 4577 ιι]ωο
1976 4524 2033 4575 et
2062 4521 2252 4575 Marco
2286 4517 2401 4572 hoc
2431 4515 2607 4575 dicit:
2643 4515 2715 4571 Hi
2742 4516 2883 4570 enim
2907 4531 3015 4571 non
3067 4523 3431 4588 tentaoerunt,

1777 4611 1867 4666 sed
1896 4610 2254 4681 scripserunt.
2308 4606 2650 4664 Certissima
2676 4605 2793 4662 ﬁde
2841 4605 3257 4678 comprobata,
3317 4607 3433 4664 hoc

1781 4706 1887 4766 est,
1915 4699 2284 4755 conﬁrmata.
2304 4695 2490 4762 Nobis,
2518 4695 2623 4768 qui
2655 4693 2864 4752 Christi
2899 4712 3106 4751 sumus
3137 4695 3428 4769 discipuli.

1781 4791 1982 4847 Rerum
2012 4807 2026 4860 ;
2057 4788 2149 4843 hae
2202 4793 2398 4842 autem
2457 4791 2597 4840 sunt
2622 4800 2800 4857 opera
2829 4800 2898 4840 ac
2923 4801 3231 4842 sermones
3279 4788 3429 4858 ejus,

1780 4878 2068 4936 miracula
2093 4893 2165 4932 ac
2193 4876 2497 4948 dogmata,
2522 4879 2596 4942 et,
2630 4878 2712 4941 ut,
2741 4874 2926 4932 semel
2945 4875 3160 4944 dicam,
3193 4891 3432 4935 conver-

1780 4968 1929 5026 satio
1960 4969 2089 5040 ejus
2119 4966 2178 5022 in
2211 4980 2416 5022 carne.

1291 5206 1514 5278 Variae
1552 5210 1880 5284 lectiones
1911 5222 1974 5279 et
2014 5219 2215 5277 notae.

169 5391 215 5457 1)
251 5397 349 5447 Μὶν
377 5399 433 5450 et
466 5410 615 5450 mox
647 5392 708 5449 δέ
735 5397 950 5455 omittit
987 5403 1053 5455 A.

92 5525 122 5583 li
123 5465 891 5608 1(2)"?taminiamiiialeguntur
903 5471 1068 5543 apud
1090 5471 1663 5537 Euseb.Hist.eccles.

147 5605 213 5675 (3)
251 5605 526 5680 Δεξάμενος
557 5615 622 5664 Α.

1850 5405 1926 5477 (4)
1956 5402 2331 5477 Hauddubie
2359 5407 2518 5477 torno
2549 5403 2743 5474 primo
2769 5402 2826 5477 in
2863 5402 3424 5477 Eyangelium__Mat-

1775 5473 1929 5544 thsei,
1958 5481 2027 5566 ut
2059 5473 2334 5544 colligere
2361 5473 2494 5531 licet
2523 5473 2592 5530 ex
2621 5475 2837 5533 Euseb.
2870 5475 3013 5530 Hist.
3032 5473 3172 5531 ἐσσι.
3219 5473 3320 5528 lib.
3349 5488 3422 5539 vr,

1775 5565 1908 5621 cap.
1957 5551 2044 5602 25.

1843 5624 1926 5692 (5)
1953 5617 2318 5691 ΕὐαγγέλιαξΒ.
