3922 6200
537 243 641 299 863
1848 237 2200 297 EUTHYMII
2239 234 2571 295 ZIGABENI
3728 238 3793 293 86;
3876 26 3885 283 i

537 373 825 441 tanquam
849 385 1093 425 causam
1116 369 1316 439 gratias
1339 368 1463 424 suis
1483 366 1854 440 parentibus,
1876 364 2184 435 multisque

2315 367 2400 423 οᾶς
2424 363 2587 413 αἴτιον
2626 368 2733 422 τοῖς
2784 378 2836 411 τε
2882 362 3189 430 γεννήτορσι
3229 360 3319 409 καὶ
3360 356 3526 419 ἄλλοις
3571 358 3732 420 πολλοῖς
3760 366 3799 423 ὡς

539 458 693 525 aliis,
727 459 905 514 veluti
933 466 1139 531 postea
1172 459 1553 514 manifestum
1584 457 1710 513 erit.
1744 456 2006 511 Joannes
2037 454 2184 509 enim

2315 449 2483 523 ἑφεξῆς
2533 454 2807 521 γενήσεται
2846 445 3025 507 δῆλον.
3080 448 3316 505 Ἰωάννης
3360 450 3457 517 γὰρ
3509 445 3729 519 Ἐϐραῐκὸν
3752 458 3800 521 μς.

539 548 896 603 Hebraicum
946 562 1167 603 nomen
1214 552 1319 614 est,
1353 546 1516 619 quod
1549 548 1596 602 si
1629 546 1765 619 quis
1808 545 1885 601 ad
1924 543 2184 600 Latinam

2315 540 2449 592 ἔστιν
2482 544 2657 612 ὄνομα,
2706 540 3200 610 μεθερμηνευόμενον
3251 533 3309 587 δὲ
3352 539 3479 607 πρὸς
3507 541 3591 595 τὴν
3615 537 3806 593 Ἐλλτιιέι

536 652 747 691 vocem
778 636 1209 706 interpretetur,
1244 642 1419 692 sonat
1467 636 1666 707 gratia
1697 635 1786 690 vel
1820 634 2125 705 gaudium.

2315 635 2497 701 φωνὴν,
2530 632 2771 700 σημαίνει
2810 629 2971 699 χάριν
3004 628 3033 685 ἡ
3070 628 3269 698 χαράν.
3886 626 3887 665 ἒ

608 724 766 778 Vers.
815 725 899 778 14.
938 726 1016 780 Et
1070 727 1177 783 erit
1228 757 1294 767 -—-
1348 726 1660 782 exultatio.
1707 724 1817 792 Qui
1859 722 1990 779 talis
2034 737 2182 794 puer

2383 720 2485 773 Καὶ
2533 720 2682 769 ἔσται
2741 747 2804 756 -
2871 714 3198 787 ἀγαλλίασις.
3275 719 3506 784 Γεγονότι
3559 721 3694 788 πατρὶ
3750 736 3810 767 τόιο

539 812 728 867 factus
747 814 825 868 sis
850 822 1036 886 pater,
1063 816 1235 886 cujus
1262 822 1316 871 et
1338 822 1681 887 conceptus,
1711 819 1767 869 et
1792 830 1928 885 quae
1944 826 2184 885 sequen-

2315 809 2463 860 οὐτου
2495 802 2705 873 παιδὸς,
2736 805 2795 857 οὗ
2834 811 2922 856 καὶ
2969 805 2997 862 ἡ
3054 803 3311 873 σύλληψις
3355 808 3444 855 καὶ
3491 806 3550 855 τὰ
3594 803 3686 866 ἑξῆς
3719 806 3811 873 ὑπερ·

2394 906 2411 914 ~
2512 900 2521 911 ι
2682 892 2826 915 σᾌΑΡη
2881 895 3005 915 ,“n'
3042 914 3049 915 κ
3087 894 3346 915 _,'_.1__,,;
3398 896 3531 915 ..Α-τ·έ
3568 911 3609 915 ..-

537 905 652 964 tur,
696 905 1176 974 supernaturalia
1216 910 1387 960 erunt
1426 920 1495 960 ac
1531 903 1910 967 admiranda,
1954 901 2104 957 sicut
2143 900 2184 955 ir

2315 906 2411 969 φυῆ
2444 900 2529 948 καὶ
2550 892 2845 968 παράδοξα,
2879 895 3051 955 καθὼς
3082 894 3362 966 εὑρήσομεν
3394 896 3651 967 προίόντες.

543 992 933 1063 sequentibus
960 994 1205 1065 patebit.

612 1078 772 1134 Vers.
826 1084 908 1135 14.
953 1084 1249 1155 Multique
1277 1114 1345 1122 —
1375 1082 1739 1153 gaudebunt.
1773 1082 1904 1137 Non
1944 1078 2181 1150 cognati

2388 1095 2487 1144 Καὶ
2514 1089 2693 1143 πολλοὶ
2742 1120 2806 1130 -
2854 1094 3207 1163 χαρήσονται.
3241 1086 3317 1140 Οὐ
3348 1092 3495 1157 μόνον
3528 1096 3743 1159 συγγενεῖς
3763 1100 3818 1138 xz:

541 1168 736 1223 solum
769 1177 823 1223 et
852 1170 1051 1237 vicini,
1092 1188 1301 1227 verum
1335 1172 1536 1242 etiam,
1570 1172 2031 1244 quibuscunque
2062 1169 2183 1225 divi

2315 1178 2516 1245 οἰκεῖοι,
2547 1178 2673 1231 ἀλλὰ
2702 1183 2791 1231 καὶ
2835 1182 2976 1239 ὅσοις
3019 1177 3351 1250 ἀπεκαλύφθη
3386 1179 3567 1245 θεόθεν,
3596 1176 3648 1234 ἣν
3684 1177 3818 1249 ἔμελλεν

538 1256 696 1311 nitus
736 1257 1079 1330 innotuerit,
1110 1261 1276 1333 quod
1307 1261 1702 1317 ministerium
1733 1261 1859 1333 ipse
1893 1259 1965 1313 sit
2004 1258 2184 1331 exple-

2315 1266 2480 1323 ἀνύειν
2508 1265 2793 1322 διακονίαν.

538 1350 724 1402 turus.

608 1435 771 1491 Vers.
817 1437 899 1491 14.
941 1437 1065 1494 Erit
1097 1470 1165 1479 —
1200 1439 1470 1496 Domino.
1504 1440 1754 1512 Magnus
1792 1439 1952 1512 apud
1992 1439 2201 1507 Deum,

538 1524 682 1595 quia
712 1542 972 1597 magnus
1009 1528 1349 1585 virtutibus.

2383 1464 2572 1519 Ἔσται
2615 1497 2679 1506 -
2711 1469 2925 1540 Κυρίου.
2958 1467 3134 1536 Μέγας
3168 1464 3310 1537 παρὰ
3343 1470 3478 1534 Θεῷ,
3510 1466 3574 1523 ὡς
3603 1467 3824 1535 μίγαςταῐς

609 1612 773 1670 Vers.
817 1575 902 1671 :5.
943 1617 1021 1672 Et
1062 1620 1264 1673 vinum
1292 1650 1360 1658 —
1403 1618 1572 1675 bibet.
1616 1618 1817 1674 Sicera
1852 1617 2181 1674 vocabatur

2317 1575 2545 1629 αρεταις.

2388 1650 2489 1699 Καὶ
2541 1643 2673 1698 οἶνον
2722 1675 2783 1685 -
2834 1647 2951 1716 πίῃ.
3003 1647 3187 1718 Σίκερα
3236 1641 3464 1694 ἐκαλεῖτο
3506 1647 3597 1693 πᾶν
3645 1644 3694 1692 τὸ
3734 1642 3828 1713 τοιρέ

539 1702 835 1775 quidquid
870 1705 922 1760 in
952 1706 1201 1763 modum
1232 1707 1355 1763 vini
1385 1707 1678 1764 inebriare
1711 1712 1935 1779 poterat
1966 1724 1979 1763 :
2015 1708 2184 1764 maxi'

2317 1737 2401 1787 τὸν
2432 1731 2565 1786 οἶνον
2591 1736 2856 1807 μέθυσμα,
2885 1732 3117 1805 μάλιστα
3162 1728 3221 1785 δε
3254 1735 3312 1783 τὸ
3363 1729 3419 1781 ἐκ
3472 1735 3685 1801 φοινίκων
3710 1728 3831 1781 ἔσκε-,σ-
3892 1712 3893 1797 i

542 1805 637 1845 me
670 1808 809 1848 vero
837 1795 999 1864 potio
1026 1812 1060 1850 a
1093 1796 1432 1866 palmarum
1475 1795 1668 1851 fructu
1700 1796 1989 1851 confecta.
2191 1874 2203 1886 .
2315 1826 2555 1894 ασμένον.
2591 1795 2600 1807 ’
2762 1795 2772 1805 ’
2843 1795 2849 1797 ⁷
2885 1795 2894 1805 ’
3479 1795 3487 1801 ’
3892 1822 3893 1825 η

612 1880 771 1936 Vers.
815 1888 894 1937 15.
942 1885 1017 1938 Et
1061 1885 1267 1954 spiritu
1300 1917 1368 1925 —
1396 1900 1540 1942 sum.
1581 1888 1904 1958 Postquam
1949 1901 2055 1957 per
2085 1884 2183 1939 vin

2391 1916 2490 1963 Καὶ
2550 1914 2840 1983 πνεύματος
2896 1941 2962 1950 -
3016 1909 3195 1962 αὐτοῦ.
3257 1912 3352 1961 Διὰ
3406 1918 3501 1971 τῆς
3558 1907 3738 1978 ἀποχῆς
3775 1915 3832 1956 τοῦ

541 1983 609 2023 ac
632 1970 829 2025 siceras
852 1972 964 2043 (cc)
987 1973 1417 2029 abstinentiam
1440 1973 1514 2029 de
1541 1974 1817 2029 suavium
1844 1989 2045 2028 rerum
2070 1973 2208 2029 abs-

540 2056 789 2113 tinentia
828 2058 961 2116 fecit
1000 2062 1329 2128 certiorem,
1386 2062 1487 2118 ubi
1526 2063 1706 2118 etiam
1747 2061 1823 2117 ab
1861 2062 1975 2117 hoc
2014 2062 2205 2118 innuit

539 2145 759 2202 durum
792 2151 1258 2207 conversationis
1297 2152 1429 2223 ejus
1461 2152 1820 2216 exercitium,
1856 2150 2202 2223 docuitque,

538 2236 703 2308 quod
736 2254 990 2310 magnus
1020 2240 1256 2296 futurus
1282 2245 1405 2297 erat
1435 2256 1639 2297 coram
1664 2241 1916 2296 Domino
1952 2257 1963 2295 :
1998 2240 2077 2296 ad
2101 2239 2202 2296 ﬁr-

542 2341 706 2381 mam
736 2326 1017 2402 deinceps
1046 2332 1493 2402 persuasionem
1524 2330 1665 2386 dicit
1696 2330 1775 2401 id,
1804 2330 1969 2402 quod
2003 2330 2201 2401 majus

542 2418 647 2481 est,
671 2416 960 2487 videlicet,
975 2420 1139 2491 quod
1165 2437 1199 2476 a
1217 2436 1403 2492 puero
1428 2420 1708 2476 induetur
1732 2420 1947 2475 virtute
1968 2436 2039 2476 ex
2058 2420 2199 2486 alto,

542 2505 902 2575 praevidente
941 2509 1060 2565 Deo
1112 2509 1625 2566 conversationem
1674 2510 1802 2579 ejus
1855 2514 1909 2566 et
1942 2510 2003 2565 in
2040 2509 2205 2583 quod

544 2593 816 2651 divinum
845 2612 954 2652 vas
985 2602 1109 2654 erat
1137 2614 1441 2655 evasurus.

613 2684 775 2739 Vers.
810 2687 897 2741 16.
930 2688 1267 2760 Muttosque
1295 2720 1363 2728 —
1397 2690 1683 2757 ipsorum.
1719 2688 1829 2755 Qui
1862 2689 1940 2745 ab
1970 2704 2041 2746 eo
2071 2705 2204 2761 per-

545 2775 704 2831 suasi
729 2776 1074 2846 confugient
1095 2779 1172 2834 ad
1195 2778 1488 2835 Christum
1514 2795 1525 2834 :
1551 2779 1712 2835 hunc
1734 2779 1893 2836 enim
1918 2785 2091 2836 vocat
2111 2780 2205 2836 hic

546 2863 869 2921 Dominum
904 2869 1112 2922 Deum.

614 2957 772 3010 Vers.
814 2957 901 3010 17.
936 2958 1013 3012 Et
1050 2989 1108 2998 -—
1138 2973 1223 3015 eo.
1269 2958 1595 3015 Prascurret
1626 2975 1829 3014 coram
1863 2975 1954 3029 eo,
1997 2960 2204 3031 praedi-

544 3060 688 3100 cans
714 3045 1125 3116 paenitentiam
1158 3052 1213 3102 et
1234 3049 1602 3104 annuntians
1635 3049 1959 3105 adventum
1982 3050 2130 3121 ejus.

2316 2004 2453 2053 οἴνου
2503 2005 2593 2052 καὶ
2648 2009 2737 2052 τοῦ
2787 2005 2970 2073 σίκερα
3019 2001 3358 2072 προμηνύσας
3423 2004 3515 2057 τὴν
3566 1998 3742 2067 ἁποχὴν
3767 2004 3831 2045 τῶν

2315 2086 2504 2159 ἡδέων,
2571 2094 2661 2141 καὶ
2725 2094 3071 2163 παραστήσας
3145 2088 3369 2141 ἐντεῦθεν
3443 2094 3533 2147 ’ὴν
3608 2087 3834 2159 σκληραγω-

2312 2183 2429 2250 γίαν
2476 2187 2572 2241 τῆς
2625 2176 2832 2241 διαίτης
2900 2179 3080 2248 αὐτοῦ,
3156 2183 3245 2231 καὶ
3326 2174 3548 2242 διδάξας
3614 2179 3680 2229 ὅτι
3722 2180 3832 2245 μένας
3894 2170 3895 2181 ‘

2314 2271 2463 2321 ἔσται
2493 2272 2626 2321 κατὰ
2658 2272 2807 2336 Θεὸν,
2837 2268 3014 2320 λοιπὸν
3060 2267 3130 2328 εἰς
3174 2267 3526 2341 πληροφορίαν
3554 2267 3673 2337 λέγει
3701 2269 3768 2315 καὶ
3796 2268 3831 2312 :s

2314 2359 2510 2430 μεῖζον,
2570 2360 2645 2410 ὅτι
2684 2357 2738 2409 ἐκ
2788 2356 3008 2431 βρέφους
3056 2353 3331 2409 ἐνδύσεται
3378 2362 3472 2415 τὴν
3503 2356 3552 2419 ἐξ
3598 2356 3734 2426 ὕψους
3769 2349 3830 2402 δύω

2312 2467 2484 2518 ναμιν,
2544 2444 2845 2521 προειδότος
2880 2454 2972 2499 τοῦ
3030 2454 3164 2499 Θεού
3216 2450 3310 2503 τὴν
3364 2446 3629 2512 πολιτείαν,
3741 2446 3832 2513 χριῦ

2316 2555 2483 2602 σεται,
2514 2542 2604 2589 καὶ
2634 2537 2738 2589 οἷον
2766 2535 3085 2595 ἀποϐήσεται
3112 2542 3309 2596 σκεῦος.

2390 2736 2489 2784 Καὶ
2554 2731 2772 2791 πολλοὺς
2827 2762 2896 2770 --
2951 2730 3140 2784 αὐτῶν.
3201 2729 3359 2781 Ὀσοι
3418 2731 3687 2788 πεισθέντες
3742 2724 3835 2789 τὲτῷ

2317 2816 2682 2895 προσέδραμον
2728 2828 2798 2889 τῷ
2840 2827 3075 2894 Χριστῷ.
3125 2825 3317 2871 Τοῦτον
3368 2822 3469 2893 γὰρ
3518 2817 3711 2869 ἐνταῦθα
3742 2811 3841 2862 καλεῖ

2320 2913 2507 2983 Κύριον
2538 2914 2627 2961 καὶ
2660 2913 2806 2963 Θεὸν.

2392 3004 2493 3051 Καὶ
2553 3030 2619 3038 -
2674 2998 2854 3054 αὐτοῦ.
2908 2993 3297 3071 Προδραμεῖται
3380 2997 3653 3069 ἔμπροσθεν
3715 2990 3840 3044 αὐτοῦ.

2239 3068 2280 3125 C
2315 3091 2597 3161 κηρύσσων
2640 3090 2770 3159 μετά
2816 3106 2976 3152 νοιαν,
3029 3091 3117 3138 καὶ
3173 3085 3535 3157 καταγγέλλων
3586 3089 3663 3141 τὴν
3708 3098 3843 3151 παραυ·
3898 3124 3899 3139 γ

2320 3183 2438 3230 σίαν
2476 3177 2655 3230 αὑτοῦ.

616 3241 778 3297 Vers.
825 3245 907 3297 17.
946 3242 1019 3297 In
1057 3274 1125 3282 —
1155 3243 1319 3300 Elite.
1363 3244 1647 3316 Spiritum
1688 3244 2030 3317 appellavit,
2078 3261 2182 3316 gra

2386 3268 2473 3319 Ἐν
2533 3298 2602 3307 —
2658 3264 2852 3320 Ἠλίου.
2927 3271 3135 3335 Πνεῦμα
3196 3267 3285 3336 μὲν
3351 3265 3586 3335 ὠνόμασε
3636 3263 3685 3311 τὸ
3740 3275 3843 3308 πιτυ-

546 3329 687 3386 tiam
714 3329 1082 3403 spiritualem
1100 3332 1405 3389 :virtutem
1431 3339 1656 3401 autem,
1680 3334 2033 3391 efﬁcaciam.
2063 3334 2183 3391 Dici

2315 3359 2535 3428 ματικὸν
2591 3358 2841 3428 χάρισμα
2889 3370 2901 3384 ⁸
2951 3329 3277 3423 δύυέψωέξ
3317 3357 3419 3412 τὴν
3456 3329 3708 3426 ’ἐνέργειαι
3737 3350 3840 3411 Λέγει

543 3434 685 3489 ergo
730 3420 887 3492 quod
928 3422 1180 3491 gratiam
1218 3438 1463 3494 quoque
1490 3430 1545 3478 et
1589 3423 1919 3479 efﬁcaciam
1960 3424 2183 3481 habebi

2316 3453 2440 3517 γοῦν
2507 3446 2587 3496 ὅτι
2645 3450 2733 3495 καὶ
2804 3446 2860 3495 τὸ
2915 3446 3163 3517 χάρισμα
3214 3446 3301 3493 καὶ
3368 3446 3465 3500 τὴν
3527 3439 3740 3513 ἐνέργειαν
3777 3432 3844 3495 ἶξῑῑ

544 3508 703 3575 Elite,
746 3525 898 3581 quas
929 3509 1199 3565 videlicet
1237 3510 1477 3566 habebit
1506 3511 1657 3568 Elias
1699 3528 2071 3583 praecurrens
2113 3528 2206 3568 se-

544 3598 809 3653 cundum
833 3598 1037 3653 Christi
1061 3598 1383 3654 adventum
1416 3618 1429 3655 :
1464 3600 1633 3655 ethic
1660 3616 1820 3656 nunc
1844 3601 2036 3668 faciet,
2069 3617 2207 3674 qum

542 3686 931 3759 postmodum
976 3687 1237 3742 facturus
1276 3694 1365 3744 est
1410 3688 1586 3747 Elias.
1619 3690 1878 3761 Apponit
1908 3695 2107 3748 autem
2153 3696 2208 3749 et

543 3790 681 3847 quae
710 3773 903 3830 futura
931 3777 1004 3829 sit
1030 3777 1156 3849 ejus
1188 3776 1397 3843 virtus,
1433 3776 1557 3831 sive
1584 3777 1871 3849 potentia.

2325 3801 2547 3862 δύναμις
2578 3801 2708 3858 αῦτη
2725 3844 2737 3857 .

616 3862 780 3918 Vers.
816 3865 900 3919 17.
942 3866 1011 3921 Ut
1044 3872 1347 3922 convertat
1388 3898 1455 3905 —
1484 3866 1657 3934 ﬁlios.
1689 3866 2063 3941 Prophetavit
2093 3870 2184 3927 hOt

2460 3856 2468 3873 ,
2534 3856 2546 3862 ,
2697 3856 2735 3858 η

2398 3889 2741 3964 Ἐπιστρέψαι
2792 3919 2858 3931 —
2924 3892 3092 3941 τέκνα.
3168 3891 3534 3959 Προεφητευσε
3607 3891 3735 3935 τοῦτο
3797 3882 3855 3927 xxi

543 3956 599 4008 et
627 3952 960 4019 Malachias,
993 3958 1048 4009 et
1076 3960 1349 4011 accurate
1392 3955 1763 4013 declaratum
1804 3963 1893 4013 est
1925 3959 2184 4016 vicesimi

2322 3952 2629 4051 Μαλαχίας,
2659 3983 2747 4030 καὶ
2800 3978 3100 4051 ἡρμηνεύθη
3146 3984 3324 4046 σαφῶς
3369 3975 3421 4027 ἐν
3474 3983 3544 4044 τῷ
3586 3973 3766 4036 εἰκοστῴ
3804 3983 3855 4013 κε’

540 4042 734 4115 capite
778 4044 1072 4115 Evangelii
1100 4045 1264 4114 juxta
1298 4045 1662 4109 Matthasum,
1702 4047 1804 4102 ubi
1835 4047 2046 4105 dicitur
2078 4067 2090 4107 :
2132 4052 2184 4108 E

2324 4069 2521 4142 φαλαίῳ
2575 4076 2663 4121 τοῦ
2718 4071 2853 4119 κατὰ
2911 4068 3197 4129 Ματθαῖον,
3257 4066 3383 4116 ἔνθα
3440 4072 3603 4115 κεῖται
3648 4065 3695 4112 τό
3735 4076 3745 4088 ⁸
3788 4055 3857 4108 [ἱιὶ

542 4131 593 4189 si
606 4133 786 4189 vultis
818 4133 1096 4203 recipere,
1114 4136 1231 4205 ipse
1250 4141 1331 4190 est
1357 4135 1545 4203 Elius,
1571 4136 1675 4209 qui
1696 4143 1982 4196 venturus
1995 4147 2143 4199 erat.
2165 4144 2184 4177 ³

2323 4160 2366 4212 εἰ
2424 4158 2587 4211 θελετε
2663 4154 2938 4224 δέξασθαι,
3010 4155 3165 4216 αὐτός
3240 4152 3384 4207 ἐστιν
3443 4153 3620 4212 Ἠλίας
3658 4151 3679 4201 ὃ
3721 4144 3855 4219 μῶν)

2319 3543 2410 3587 τοῦ
2460 3534 2656 3603 Ἠλίου,
2704 3534 2832 3607 άπερ
2888 3530 3070 3593 Ἠλίας
3116 3531 3235 3600 ἔξει,
3266 3535 3575 3605 προτρέχων
3602 3537 3684 3587 τῆς
3726 3522 3848 3576 δευτέ-

2319 3645 2409 3700 ρας
2474 3627 2767 3698 παρουσίας
2840 3629 3094 3694 Χριστοῡ.
3157 3626 3258 3673 Καὶ
3332 3625 3549 3677 ποιησει
3614 3617 3734 3673 οὗτος
3774 3617 3850 3665 νῦν.

2321 3716 2452 3773 ἅπερ
2479 3712 2654 3772 Ἠλίας
2681 3712 2915 3785 ὕστερον.
2976 3710 3303 3782 Προστίθησι
3338 3705 3399 3761 δὲ
3444 3713 3533 3761 καὶ
3578 3712 3645 3766 τίς
3690 3703 3795 3755 Eam
3834 3700 3849 3751 ἐ

2326 4249 2603 4301 ἔργεσθαι.

614 4329 779 4387 Vers.
836 4332 919 4386 17.
976 4330 1051 4386 Et
1108 4360 1174 4371 -α
1221 4332 1548 4400 justorum.
1608 4334 1726 4388 Hos
1775 4335 2021 4391 eosdem
2069 4336 2184 4393 dici

2326 4268 2603 4321 ερχεσσαι.

2398 4342 2499 4390 Καὶ
2541 4367 2611 4375 —
2659 4332 2897 4388 δικαίων.
2947 4337 3084 4395 Τοὺς
3128 4332 3319 4393 αὐτοὺς
3371 4331 3509 4403 λέγει
3552 4335 3634 4381 καὶ
3679 4324 3857 4417 mea},

540 4418 973 4487 inobedientes,
1016 4419 1152 4491 quia
1174 4418 1253 4475 ad
1283 4419 1340 4473 id
1383 4435 1569 4491 usque
1594 4425 1829 4493 tempus
1859 4421 2094 4480 fuerant
2126 4425 2184 4480 in

2323 4429 2389 4487 ὡς
2462 4426 2596 4499 ἄχρι
2680 4428 2795 4476 τότε
2877 4427 2949 4495 μὴ
3035 4422 3353 4481 πεισθέντας.
3439 4415 3745 4492 Ἐπιστρὲῷει
3802 4415 3859 4461 ωδ

542 4509 904 4567 obedientes.
934 4511 1241 4566 Convertet
1268 4524 1411 4578 ergo
1441 4509 1552 4565 hos
1586 4509 1660 4563 ad
1692 4513 2075 4583 prudentiam
2106 4514 2184 4571 bo

2326 4516 2514 4576 αὐτοὺς
2558 4556 2573 4579 ,
2659 4513 2727 4575 εἰς
2841 4517 3091 4587 φρόνησιν
3184 4509 3434 4585 έναρέτων
3483 4552 3496 4573 ,
3582 4509 3650 4568 εἰς
3715 4505 3858 4555 mm

542 4613 778 4664 norum,
815 4599 891 4654 ad
922 4598 1369 4668 intelligentiam
1400 4597 1823 4669 perfectorum.
2331 4602 2548 4657 τελείων.

618 4685 781 4741 Vers.
814 4688 896 4742 18.
937 4688 1007 4743 Ut
1041 4695 1214 4755 paret
1254 4718 1318 4728 ——
1360 4696 1780 4757 praeparatam.
1816 4691 2184 4761 Praeparatan

2394 4692 2701 4762 Ἐτοιμάσαι
2763 4720 2819 4729 ο-
2875 4690 3375 4759 κατεσκευασμένον.
3451 4684 3859 4748 [inunguendum

548 4787 651 4842 per
696 4776 1101 4843 pmnitentiam
1131 4796 1142 4833 :
1180 4776 1271 4832 vel
1304 4782 1697 4849 praeparatam
1730 4779 1809 4835 ad
1842 4778 2045 4835 salutis
2086 4798 2184 4836 sus

2323 4790 2385 4854 τῇ
2466 4784 2732 4853 μετανοίᾳ,
2819 4779 2847 4838 ἡ
2944 4782 3424 4849 κατεσκευασμένον
3505 4776 3572 4835 εἰς
3652 4765 3860 4834 ὑποδοχιτ

550 4862 903 4933 ceptionem.

2331 4874 2615 4941 σωτηρίας.

620 4950 779 5006 Vers.
848 4955 937 5009 18.
1006 4954 1273 5026 Dixitque
1333 4957 1475 5011 suis.
1548 4956 1637 5012 Ad
1703 4962 2072 5015 senectutem
2140 4976 2184 5016 a«

2399 4962 2499 5012 Καὶ
2540 4954 2647 5011 εἶπε
2696 4987 2762 4997 -
2808 4956 2991 5016 αὐτῆς.
3028 4958 3160 5029 Πρὸς
3197 4958 3255 5006 τό
3303 4962 3477 5028 γῆρας
3523 4958 3611 5005 καὶ
3654 4953 3735 5006 τήν
3760 4943 3861 4995 ace:-

550 5045 777 5097 naturae
838 5040 1318 5107 imbecillitatem,
1362 5061 1568 5101 verum
1632 5061 1753 5101 non
1826 5052 2051 5105 attenta
2116 5050 2184 5105 De

2325 5068 2461 5102 νειαν
2512 5056 2607 5109 τῆς
2660 5048 2882 5118 φύσεως,
2945 5044 3051 5097 ἀλλ’
3118 5044 3177 5097 οὗ
3228 5046 3357 5116 πρὸς
3419 5049 3514 5103 τὴν
3570 5039 3763 5111 δύναμιν
3804 5037 3863 5081 τεῦ

623 5166 642 5198 ⁸
675 5162 869 5219 Matth.
904 5180 981 5231 x1,
1022 5170 1104 5221 14.

1782 5304 2003 5373 Variae
2041 5305 2367 5375 lectiones
2402 5312 2466 5372 et
2498 5312 2701 5372 notae.

625 5468 733 5541 (cc)
791 5467 869 5523 De
909 5466 1205 5523 vocabulo
1248 5473 1429 5543 σίκερα
1480 5472 1558 5527 ita
1597 5472 1776 5529 habet
1812 5474 2114 5533 Christost.
2172 5481 2184 5531 t

2324 5474 2715 5543 xaruﬁlévrsg,
2752 5471 2825 5533 εὶς
2868 5473 3006 5523 οἴνου
3066 5474 3565 5543 μετασχηματίζειν
3610 5452 3859 5543 ἵζω-ἒξ.

553 5526 645 5622 Y1:
817 5544 880 5598 57
936 5557 951 5594 ἰ
1005 5543 1189 5622 Σίξερα
1234 5526 1455 5592 έντατδθά
1480 5526 1789 5622 fuat—rein:
2326 5526 2543 5622 ρωτικὸν
2590 5526 2825 5622 ﬁnio-rc.
2855 5544 2915 5594 τὸ
2959 5526 3343 5607 τοιο’ῦτον,’ἶιάί
3374 5544 3533 5615 μέθη.
3567 5526 3862 5595 AadeTbeO-

555 5608 720 5677 ὀπόν,’
769 5615 820 5664 ὅν
886 5608 1214 5677 ἐπετήδευον,
1291 5608 1643 5685 συντριϐοντες
1718 5623 1806 5669 τόν
1850 5608 2062 5693 ’καρπόν
2130 5624 2218 5672 καὶ
2326 5608 2581 5691 'phpr.
2614 5620 2741 5672 301.
