3922 6200
553 290 655 353 86⁸7

1886 274 2181 343 ΕυΤΗΥΜ

2307 270 2590 337 [GABENI
3748 276 3812 337 868

551 421 753 477 culum
798 437 973 475 suum
1022 417 1397 487 segreganda
1444 421 1588 481 erat,
1642 416 1766 471 viro
1833 411 2181 483 desponsata

2311 402 2397 457 οὖν
2430 407 2454 457 ό
2486 410 2617 468 Θεὸς
2666 402 2923 463 εὐδοκησε
2953 405 3341 477 μνηπευθῆναι
3392 399 3539 476 ἀνδρὶ
3581 407 3658 461 τήν
3697 403 3812 476 iaetu

553 516 727 577 esset,
762 515 826 565 ut
856 510 967 564 hac
998 508 1222 571 relicta,
1258 507 1719 577 indespousatas
1753 502 2065 575 improbus
2106 498 2200 554 ille

550 600 908 656 observaret.
964 597 1194 651 Dictum
1250 601 1337 651 est
1373 601 1573 651 autem
1625 595 1694 649 de
1733 609 1956 665 sponso
2010 591 2200 648 Matris

551 688 648 744 Dei
675 689 733 743 in
768 687 1059 743 Procemio
1082 684 1381 755 Evangelii
1407 686 1578 757 juxta
1610 684 1972 740 Matthaaum.

622 810 794 876 Quod
823 826 963 866 vero
994 810 1231 866 additur
1260 829 1272 863 :
1324 810 1409 865 De
1449 808 1601 864 domo
1633 807 1832 871 David.
1860 806 2203 877 intelligitur

547 905 603 956 et
632 900 705 955 de
750 900 984 969 Virgine
1025 904 1079 954 et
1108 898 1182 953 de
1212 897 1444 968 Joseph.
1504 896 1651 953 Nam
1685 902 1740 953 et
1768 898 1916 963 hinc,
1967 902 2022 952 et
2054 894 2147 952 ille
2170 913 2201 952 e

550 996 721 1059 gente
746 988 921 1044 David
952 987 1403 1043 descenderant.

618 1166 782 1220 Vers.
811 1166 899 1219 28.
951 1166 1027 1219 Et
1074 1164 1344 1235 ingressus
1384 1196 1451 1204 —
1496 1169 1681 1219 tecum.
1739 1163 2031 1220 Gaudium
2083 1163 2198 1221 hoc

546 1257 676 1310 Eva:
702 1253 873 1309 solvit
904 1252 1401 1309 maledictionem.
1453 1253 1556 1308 Illa
1582 1253 1876 1325 siquidem
1908 1254 2079 1325 jussa
2110 1263 2199 1310 est

544 1343 764 1399 habere
798 1359 1115 1399 maerorem
1148 1342 1313 1413 (nam
1346 1342 1404 1397 id
1458 1344 1697 1414 proprie
1738 1342 2033 1413 signiﬁcat
2059 1343 2193 1402 λὺπη

545 1431 938 1502 vocabulum,
983 1431 1147 1503 quod
1198 1430 1492 1486 Geneseos
1533 1432 1700 1487 tertio
1728 1432 1922 1504 capite
1948 1432 2008 1488 in
2050 1450 2197 1488 aeru-

547 1537 719 1577 mnas
750 1525 807 1576 et
829 1521 1098 1576 dolorem
1143 1520 1406 1591 vertitur)
1441 1537 1455 1587 ;
1482 1521 1605 1576 haec
1636 1526 1836 1577 autem
1879 1523 2190 1592 gaudium,

545 1611 709 1684 quod
726 1612 963 1666 mcerori
985 1608 1351 1665 contrarium
1368 1614 1457 1665 est
1485 1626 1496 1663 :
1518 1610 1741 1675 Gaude,
1763 1611 2195 1686 inquit,’utpote

543 1699 696 1755 inter
720 1714 930 1754 omnes
952 1698 1198 1767 virgines
1228 1698 1288 1752 in
1318 1699 1414 1753 Dei
1454 1701 1690 1754 Matrem
1719 1700 1919 1756 electa.
1973 1702 2195 1760 Gratio-

2312 498 2525 548 σθεῖσαν
2602 495 2670 557 εἰς
2748 500 3149 569 κατοικητήριον
3227 493 3383 545 αὐτοῦ
3452 494 3693 565 Παρθένον,
3749 497 3812 559 in,

2311 589 2507 645 ταύτης
2562 587 2586 636 ό
2630 588 2847 658 πονηρός
2906 583 3154 646 ἀποστὰς,
3190 586 3282 644 τὰς
3326 584 3676 654 ἁμνηστεύτονς
3707 603 3811 653 παρα·

2309 682 2472 746 τηρῇ.
2519 676 2735 746 Εἴρηται
2761 671 2819 727 δὲ
2852 679 2969 746 περὶ
2998 681 3088 725 τοῦ
3119 680 3417 745 μνηστῆρος
3461 680 3549 733 τῆς
3573 678 3815 746 Θεομήτορις

2312 762 2360 815 ἓν
2385 768 2680 835 προοιμίοις
2700 770 2788 814 τοῦ
2818 765 2952 814 κατὰ
2978 764 3242 815 Ματθαίον
3272 760 3595 833 Εὗαγγελεου.

2381 890 2450 939 Τό
2500 884 2558 939 δὲ
2617 888 2714 949 Ἐξ
2768 891 2910 939 οἴκου
2987 884 3172 952 Δαυὶδ,
3241 894 3431 938 νοεῖται
3487 892 3571 938 καὶ
3632 892 3727 959 περὶ
3761 895 3819 947 τῆς

2312 976 2594 1049 Παρθένου,
2622 981 2711 1029 καὶ
2736 981 2854 1049 περὶ
2886 984 2978 1028 τοῦ
3008 977 3221 1048 Ἰωσήφ.
3261 981 3359 1029 Καὶ
3390 976 3519 1033 αὕτη
3542 979 3631 1048 γὰρ
3659 974 3819 1033 κάκεῖνος

2310 1064 2364 1117 ἐκ
2389 1070 2565 1136 ⁹γένους
2590 1072 2680 1118 τοῦ
2714 1062 2882 1118 Δαυῖδ
2907 1071 3216 1137 κατήγοντο.

2382 1178 2481 1225 Καὶ
2510 1172 2747 1224 εἰσελθὼν
2779 1204 2848 1212 —
2876 1176 3006 1244 μετὰ
3055 1179 3170 1226 σοῦ.
3219 1172 3358 1229 Anim
3392 1173 3421 1229 ἡ
3466 1174 3603 1245 χαρὰ
3642 1176 3716 1228 τὴν
3740 1171 3821 1240 es

2308 1261 2455 1313 ἔλυσε
2510 1270 2599 1321 τῆς
2658 1265 2805 1321 Εὔας.
2861 1261 3057 1319 Ἐχείνη
3108 1265 3198 1333 μὲν
3249 1264 3349 1335 γὰρ
3410 1259 3659 1318 ἐκελεύσθη
3710 1260 3823 1316 λύπῃ

2307 1353 2467 1421 ἔχειν,
2529 1348 2770 1408 adrade
2820 1353 3016 1424 χαρὰν,
3051 1359 3140 1410 τῆς
3187 1349 3354 1411 λύπης
3399 1349 3669 1402 ἀντίπαλον.
3697 1356 3822 1420 Χαῖρε,

2307 1444 2487 1510 φησιν.
2547 1442 2617 1500 ὡς
2660 1438 2924 1509 ἐκλεγεῖσα
2970 1442 3112 1513 παρὰ
3150 1442 3327 1500 πάσας
3373 1442 3468 1499 τὰς
3511 1440 3745 1509 παρθένους

2306 1533 2522 1602 Μητέρα
2550 1533 2695 1581 Θεοῦ.
2753 1533 3188 1603 Κεχαριτωμένηι
3225 1525 3283 1581 δὲ
3328 1528 3490 1585 αὐτὴν
3535 1529 3753 1599 ὠνόμασεν
3782 1532 3825 1583 ως

2304 1620 2530 1689 χάριτος
2576 1616 2883 1679 ἀξιωθεῖσαν
2922 1619 3229 1692 ὑπερφυοῦς·
3264 1621 3321 1669 τό
3360 1614 3419 1669 δὲ
3462 1616 3519 1669 Ὀ
3548 1620 3709 1689 Κύριος
3739 1620 3824 1686 μετὰ

2307 1715 2424 1773 σοῦ,
2453 1705 2566 1758 ἀντὶ
2590 1714 2699 1771 τοῦ,
2730 1706 2787 1759 Ὀ
2818 1710 2942 1767 Θεὸς
2977 1706 3024 1758 ἐν
3057 1712 3161 1759 σοί.

545 1804 674 1844 sam
716 1804 846 1844 vero
877 1786 1202 1843 nominavit
1230 1787 1415 1857 illam,
1444 1792 1735 1861 tanquam
1765 1790 2037 1847 videlicet
2067 1794 2261 1863 gratia
2300 1796 2743 1868 superuaturali
2774 1796 3021 1866 dignam
3061 1814 3073 1852 :
3119 1798 3393 1852 Dominus
3420 1802 3623 1865 (ecum,
3644 1794 3735 1850 hoc
3758 1800 3825 1853 est.

544 1878 694 1932 Deus
721 1879 783 1932 in
813 1882 865 1932 te
896 1882 1003 1933 est.

613 1966 773 2021 Vers.
806 1966 895 2020 28.
946 1965 1243 2021 Benedicta
1270 1996 1338 2009 --
1368 1966 1707 2024 mulieribus.
1767 1969 1887 2026 Hoc
1933 1976 2040 2037 est,
2073 1972 2196 2029 lau-

540 2055 701 2121 data,
734 2057 930 2112 beata.

610 2145 772 2204 Vers.
802 2147 886 2201 29.
919 2145 1026 2201 Illa
1050 2163 1172 2201 vero
1203 2176 1271 2187 —
1317 2146 1450 2217 ejus.
1500 2148 1739 2221 Timuit,
1785 2166 1859 2206 ne
1918 2150 2068 2209 forte
2090 2152 2198 2209 do-
2227 2136 2271 2190 Β

540 2234 706 2291 losus
726 2240 902 2291 esset.

611 2325 783 2381 Vers.
820 2325 909 2379 29.
946 2327 1010 2380 Et
1037 2326 1139 2381 illa
1165 2358 1235 2369 --
1262 2329 1545 2384 salutatio.
1596 2329 1800 2386 Utrum
1839 2329 2062 2396 divina,
2119 2346 2197 2386 an

539 2430 577 2472 a
613 2414 902 2469 daemone.
961 2416 1386 2474 Salutationem
1443 2424 1636 2475 autem
1682 2418 1843 2485 dicit,
1877 2419 2199 2491 compella-

542 2502 789 2561 tionem.

607 2593 768 2649 Vers.
796 2595 882 2650 30.
926 2593 1000 2648 Et
1048 2595 1133 2650 ait
1169 2626 1236 2637 —
1271 2598 1464 2652 Deum.
1500 2596 1999 2668 Benevolentiam,
2029 2596 2195 2653 fami-

536 2681 871 2739 liaritatem.

608 2771 770 2827 Vers.
805 2774 892 2829 31.
947 2774 1022 2828 El
1050 2790 1158 2829 ecce
1214 2806 1279 2815 -—
1326 2774 1490 2832 Vers.
1525 2775 1613 2832 32.
1642 2776 1889 2848 Magnus.
1920 2776 2194 2847 Magnus,

537 2868 775 2934 propter
799 2862 1279 2933 magnitudinem
1309 2880 1562 2937 operum
1589 2882 1659 2922 ac
1687 2881 2035 2923 sermonum
2057 2882 2194 2923 suo-

541 2966 697 3006 rum.

605 3040 768 3096 Vers.
802 3041 888 3095 32.
938 3040 1011 3095 Et
1070 3040 1244 3097 Filius
1286 3073 1351 3082 —
1408 3044 1707 3102 vocabitur.
1754 3050 1886 3106 Erat
1946 3051 2191 3125 quidem

536 3126 712 3183 Filius
734 3128 1013 3185 Altissimi
1038 3147 1050 3185 :
1080 3130 1159 3186 ita
1175 3136 1378 3188 autem
1404 3140 1617 3206 postea
1638 3138 1814 3195 etiam
1836 3148 2082 3198 vocatus
2108 3148 2196 3199 est

535 3217 613 3274 ab
642 3218 754 3284 his,
788 3219 891 3292 qui
915 3220 975 3274 in
993 3221 1197 3293 ipsum
1237 3223 1637 3282 crediderunt.

604 3309 768 3366 Vers.
808 3308 897 3365 32.
928 3309 1002 3365 Et
1030 3310 1182 3367 dabit
1214 3343 1285 3352 —
1300 3316 1484 3383 patris
1502 3316 1692 3385 ipsius.
1716 3319 2043 3388 Thronum,
2070 3322 2193 3378 sive

534 3412 789 3467 regnum
830 3406 884 3454 et
918 3405 1279 3470 potestatem
1309 3419 1489 3474 super
1515 3406 1811 3463 Hebraeos.

606 3487 766 3543 Vers.
788 3488 874 3544 33.
889 3489 964 3542 Et
988 3489 1322 3559 regnabit—
1338 3492 1494 3559 ﬁnis.
1519 3493 1779 3565 Populus
1800 3497 1899 3552 Dei
1922 3499 2195 3568 quando-

2383 1973 2710 2046 Εὐλογημένη
2744 2006 2811 2014 —-
2833 1974 3061 2046 γυναιξί.
3099 1975 3413 2048 Εὗφημητὴ,
3445 1978 3677 2049 μακαρία.

2378 2168 2435 2222 Ἠ
2464 2166 2522 2222 δὲ
2556 2200 2617 2209 -
2650 2169 2829 2225 αὐτοῦ.
2857 2168 3122 2241 Ἐφοϐἠθη
3154 2174 3353 2242 μήποτε
3382 2165 3592 2243 δολερὸς
3613 2168 3728 2221 ἐστι.

2381 2353 2480 2401 Καὶ
2560 2378 2627 2387 --
2694 2349 2718 2399 ό
2791 2346 3074 2420 ἀσπασμός
3148 2347 3317 2409 οὗτος,
3386 2352 3601 2422 Πότερον
3652 2344 3827 2403 emt

2308 2434 2596 2509 δαιμόνιος.
2678 2437 2989 2509 Ἀσπασριόν
3076 2434 3134 2489 δὲ
3208 2437 3344 2508 λέγει
3408 2441 3502 2495 τὴν
3577 2434 3677 2507 (18)
3719 2449 3830 2504 προσ·

2308 2546 2402 2598 αγο
2406 2546 2434 2599 ρ
2444 2531 2543 2577 ίαν.

2381 2620 2480 2668 Καὶ
2514 2612 2647 2667 εἶπεν
2682 2646 2742 2655 -
2770 2622 2844 2686 τῷ
2881 2622 3013 2685 Θεῷ.
3051 2615 3347 2687 Εὐμένειαν,
3383 2615 3650 2668 οἰκείοισιν.

2380 2797 2480 2846 Καὶ
2509 2789 2626 2846 ἰδοὺ
2656 2823 2719 2834 -
2747 2796 2934 2865 μέγας.
2959 2796 3138 2863 Μέγας
3164 2789 3260 2845 διὰ
3290 2792 3348 2844 τό
3390 2794 3597 2865 μέγεθος
3622 2798 3703 2842 τῶν
3726 2791 3836 2859 ξογων

2305 2889 2393 2937 καὶ
2418 2885 2581 2956 λόγων
2618 2883 2779 2935 αὐτοῦ
2791 2926 2801 2937 .

2378 3067 2479 3115 Καὶ
2536 3065 2655 3123 Υἱός
2713 3092 2781 3103 -
2838 3062 3179 3121 κληθήσεται.
3259 3061 3355 3114 Ἦν
3428 3066 3518 3134 μὲν
3579 3061 3680 3117 Υἱὸς
3740 3053 3841 3122 ἰ’-ξε.

2307 3159 2450 3203 ποῦ’
2508 3149 2697 3209 έκλήθη
2759 3147 2817 3203 δὲ
2870 3152 2983 3223 (19)
3048 3159 3201 3203 τοῦτο
3248 3156 3338 3203 καὶ
3371 3152 3587 3225 ὕστερον
3632 3150 3748 3218 παρὰ
3773 3151 3841 3192 τῶν

2304 3242 2699 3292 πιστευσάντων
2727 3240 2796 3302 εἰς
2829 3240 3005 3293 αὐτόν.

2378 3334 2478 3382 Καὶ
2512 3324 2673 3381 δώσει
2718 3333 2908 3403 πατρὸς
2950 3360 3017 3370 -
3054 3329 3235 3385 αὑτοῦ.
3267 3332 3365 3381 Τόν
3425 3331 3611 3400 θρόνον,
3660 3329 3839 3382 imm

2305 3418 2599 3492 βασιλείαν,
2632 3425 2725 3476 τήν
2760 3417 2843 3470 ἐπὶ
2876 3422 2994 3479 τοὺς
3028 3417 3299 3492 Ἐϐραίους
3328 3417 3587 3480 ἐξουσίαν.

2380 3514 2478 3561 Καὶ
2558 3506 2859 3580 βασιλεύσει
2926 3539 2996 3547 -
3070 3507 3225 3568 τέλος.
3280 3507 3338 3559 Ὀ
3415 3506 3539 3569 λαός
3607 3510 3686 3556 τοῦ
3749 3504 3838 3551 Θεοῦ

535 3592 647 3648 que
672 3576 852 3632 Israel
867 3584 1133 3645 vocatur,
1162 3578 1463 3635 interdum
1486 3583 1834 3639 veroJacob.
1854 3587 2014 3641 Unus
2030 3588 2181 3643 enim

2307 3600 2425 3650 ποτε
2475 3600 2564 3669 μὲν
2624 3596 2838 3671 Ἰσραὴλ
2884 3596 3135 3663 καλεῖται,
3190 3599 3314 3649 ποτέ
3360 3592 3427 3649 δὲ
3471 3592 3662 3649 Ἰακώϐ.
3695 3590 3740 3641 ’0
3778 3586 3839 3636 ετ)-

534 3665 812 3735 idemque
826 3664 1003 3719 homo
1021 3670 1077 3721 et
1104 3667 1277 3721 Israel
1300 3669 1547 3724 etlacob
1562 3678 1704 3726 erat.
1736 3674 1799 3727 Et
1820 3678 2035 3731 natura
2055 3676 2191 3747 qui-

533 3751 672 3807 dem
702 3752 883 3807 Jacob
916 3757 1082 3808 vetus
1107 3760 1232 3809 erat
1259 3756 1541 3827 populus,
1575 3765 1775 3832 utpote
1807 3778 1843 3816 a
1868 3763 2055 3819 Iacob
2086 3780 2191 3837 per

532 3840 841 3909 sanguinis
863 3842 1281 3911 cognationem
1295 3844 1702 3905 descendens:
1735 3850 2060 3922 adoptione
2089 3870 2191 3909 ve-

532 3944 620 3993 ro,
650 3929 830 3985 Israel
875 3945 1063 3985 novus
1089 3937 1213 3988 erat
1239 3935 1535 4007 populus;
1572 3954 1713 3994 nam
1755 3955 1865 4011 pro
1897 3944 2071 3998 veteri
2099 3944 2191 3999 in-

532 4019 743 4075 ductus
774 4024 861 4075 est
885 4035 1075 4076 novus
1115 4024 1394 4095 populus.
1431 4027 1617 4100 Super
1642 4030 1802 4086 hunc
1834 4031 2037 4106 itaque
2081 4052 2190 4091 no-

533 4125 672 4164 vum
690 4110 979 4181 populum
1002 4111 1272 4181 regnabit
1300 4114 1360 4169 in
1385 4120 1695 4183 aeternum,
1715 4119 1775 4174 id
1798 4125 1907 4188 est,
1934 4138 2187 4195 semper,

532 4200 629 4269 qui
659 4198 927 4255 videlicet
957 4216 1030 4256 ex
1058 4202 1340 4273 operibus
1389 4221 1458 4261 ac
1487 4209 1869 4265 sermonibus
1895 4210 2097 4282 ipsum
2126 4229 2187 4268 a-

531 4289 757 4358 gnovit,
787 4306 1031 4362 seseque
1082 4290 1163 4346 illi
1210 4292 1539 4351 voluntarie
1590 4297 1876 4354 subdidit.
1923 4300 2188 4358 Christus

532 4379 848 4450 siquidem,
880 4386 932 4435 et
964 4378 1023 4435 in
1064 4386 1350 4453 quantum
1394 4386 1565 4449 Deus,
1610 4401 1714 4442 rex
1751 4394 1879 4445 erat
1914 4390 2189 4462 :Regnum

529 4466 740 4541 inquit,
770 4486 944 4525 meum
971 4486 1074 4525 non
1101 4477 1264 4526 estea:
1301 4472 1393 4527 hoc
1412 4473 1608 4529 mundo
1629 4475 1687 4544 ‘;
1719 4481 1776 4532 et
1801 4477 1861 4533 in
1889 4486 2184 4551 quantum

530 4555 715 4614 homo
742 4576 758 4613 :
781 4560 1043 4615 habebat
1062 4560 1225 4616 enim
1253 4562 1407 4633 regis
1434 4579 1633 4634 opera,
1660 4570 1804 4636 puta
1839 4569 2091 4625 subditis
2112 4570 2191 4627 le-

533 4658 637 4712 ges
666 4647 945 4715 condere,
984 4648 1260 4722 dirigere,
1294 4652 1584 4722 excolere,
1634 4669 1704 4710 ac
1735 4671 1841 4726 pro
1885 4657 1971 4712 eis
2020 4660 2189 4715 morti

533 4747 661 4787 sese
687 4749 982 4804 exponere
1007 4754 1019 4792 :
1051 4755 1190 4794 nam
1217 4739 1346 4796 haec
1364 4742 1745 4814 potissimum
1775 4761 1936 4811 eum,
1964 4749 2193 4820 quirex

534 4824 644 4889 est,
677 4821 1032 4893 insigniunt.

602 4910 719 4965 Ista
776 4918 977 4969 autem
1025 4915 1181 4973 dicta
1238 4924 1376 4975 sunt
1428 4922 1621 4993 capite
1676 4924 1871 4996 primo
1920 4928 2187 4999 Evange-
2223 4935 2265 4989 D

530 4997 591 5088 lii
622 5000 953 5058 secundum
994 5004 1355 5073 Matthzeum,
1406 5011 1508 5066 ubi
1543 5012 1797 5069 habetur
1830 5032 1842 5069 :
1906 5015 2012 5079 Qui
2038 4997 2189 5088 rapat

531 5087 678 5161 (sive
697 5091 904 5162 pascat)
930 5092 1186 5163 populum
1210 5113 1381 5153 meum
1416 5100 1593 5156 Israel
1619 5102 1663 5157 ⁵.

600 5179 767 5235 Vers.
796 5183 883 5236 34.
926 5181 1086 5237 Οἰωιί
1115 5214 1181 5224 -
1219 5202 1541 5258 cognoscam.
1575 5191 1881 5257 Quomodo
1913 5195 2019 5253 erit
2052 5195 2183 5265 hoc,

603 5278 622 5313 ‘
654 5277 826 5336 Joan.
855 5294 1015 5349 xviii,
1049 5284 1117 5337 36
1191 5285 1213 5319 ⁵
1245 5284 1446 5344 Matth.
1477 5305 1536 5356 ιι,
1561 5290 1613 5346 6.

2302 3690 2390 3747 τός
2432 3690 2530 3761 γὰρ
2569 3682 2628 3744 ἦν
2660 3691 2748 3738 καὶ
2798 3685 3005 3759 Ἰσραήλ
3054 3691 3143 3738 καὶ
3201 3684 3413 3739 Ἰακώϐ.
3471 3685 3578 3738 Καὶ
3629 3685 3842 3753 φύσιιμῑι

2305 3774 2490 3829 Ἰακὼϐ
2544 3772 2603 3833 ἦν
2635 3776 2660 3827 ὁ
2708 3774 2927 3835 παλαιὸς
2964 3774 3104 3839 λαός,
3150 3777 3218 3834 ὡς
3277 3773 3330 3836 ἐξ
3382 3771 3589 3841 Ἰακὼϐ,
3633 3771 3743 3821 κατὰ
3777 3770 3841 3818 τιν

2303 3863 2355 3927 ἐξ
2411 3865 2632 3936 αἱματος
2703 3868 3023 3935 συγγένειαν
3092 3865 3226 3916 θέσει
3306 3858 3364 3915 δὲ
3444 3860 3627 3916 Ἰακὼϐ
3687 3860 3707 3909 ό
3768 3860 3845 3911 νέας

2301 3953 2437 4020 λαὸς,
2481 3956 2615 4004 κατὰ
2672 3957 2763 4010 τὴν
2822 3951 2874 4015 ἐξ
2944 3950 3130 4027 ἀρετῆς
3188 3955 3515 4023 συγγένειαν
3576 3945 3840 4013 Αντεισήχθξ

2299 4045 2400 4115 ’γὰρ
2456 4044 2612 4103 όνέος
2661 4050 2752 4094 τοῦ
2807 4041 3051 4094 παλαιοῦ.
3100 4045 3293 4095 Λοιπὸν
3351 4038 3446 4093 οὖν
3502 4039 3583 4093 ἐπὶ
3610 4044 3759 4090 τοῦτον
3786 4036 3845 4084 τόν

2300 4132 2420 4183 λαόν
2462 4129 2760 4183 ϐασιλεύσει
2822 4130 2894 4193 εἰς
2949 4134 3070 4191 τοὺς
3125 4131 3331 4196 αἰῶνας,
3396 4135 3559 4202 ἤγουν
3605 4126 3689 4191 ἀεὶ,
3728 4128 3769 4174 El
3809 4138 3845 4169 τε

2299 4229 2396 4273 τῶν
2455 4223 2613 4294 ἔργων
2670 4224 2760 4272 καὶ
2830 4229 2930 4272 τῶν
3003 4219 3165 4292 λόγων
3246 4218 3529 4291 ἐπιγνόντα
3589 4217 3846 4281 «$161,111:

2303 4308 2551 4370 ἑκουσίως
2610 4310 3016 4381 ὑποτεταγμένον
3064 4309 3219 4379 αὐτῷ.
3276 4308 3335 4360 Ὀ
3401 4313 3506 4383 γὰρ
3566 4308 3761 4380 Χριστός
3804 4294 3845 4353 iw

2301 4401 2391 4471 μὲν
2452 4396 2693 4470 βασιλεὺς
2744 4404 2834 4450 καὶ
2891 4402 2959 4458 ὡς
3012 4402 3153 4457 Θεὸς·
3186 4397 3245 4449 ἸΙ
3294 4396 3567 4469 βασιλεία,
3591 4398 3680 4469 γὰρ
3712 4392 3843 4465 φῦσα

2301 4489 2331 4545 ἡ
2385 4486 2499 4559 ἐμὴ,
2557 4485 2651 4538 οὐκ
2709 4489 2848 4539 ἔστιν
2907 4485 2960 4539 ἐκ
3014 4483 3103 4538 τοῦ
3173 4490 3377 4559 κόσμου
3459 4490 3655 4540 τούτου·
3702 4479 3753 4539 ἦν
3808 4473 3846 4525 ἐς

2302 4582 2391 4628 καὶ
2446 4579 2512 4637 ὡς
2582 4576 2871 4649 ἄνθρωπος.
2952 4574 3079 4646 Εἶχε
3162 4579 3262 4648 γὰρ
3334 4579 3463 4650 ἔργα
3535 4572 3764 4648 βασιλέως
3806 4582 3840 4613 τε

2301 4667 2589 4737 νομοθετεῖν
2647 4672 2756 4725 τοῖς
2825 4666 3071 4725 ὑπηκόοις
3129 4665 3317 4730 αὐτοῦ,
3372 4669 3432 4717 τό
3507 4665 3769 4739 ῥυθμίζειν,
3810 4672 3845 4702 τε

2302 4759 2579 4827 περιέπειν,
2640 4757 2697 4806 τό
2755 4754 3240 4828 ὑπεραποθνώσκειν
3316 4754 3508 4825 αὐτῶν,
3590 4753 3623 4803 ἆ
3675 4748 3847 4822 μάλιστκ

2301 4846 2767 4918 χαραχτηρίζουσι
2794 4846 2877 4894 τόν
2909 4841 3114 4906 ἀληθῶς
3139 4842 3384 4916 βασιλέα.

2378 4935 2597 5007 Εἴρηται
2629 4928 2883 4985 δὲταῦτα
2927 4937 3013 4984 καὶ
3057 4932 3106 4984 ἐν
3162 4942 3233 5003 τῷ
3263 4940 3457 5006 πρώτῳ
3511 4931 3746 5004 κεφαλαίῳ
3788 4942 3846 4973 7w

2301 5025 2435 5074 κατὰ
2482 5022 2772 5088 ἶνῐατθαίον,
2819 5023 2939 5073 ἔνθα
2977 5028 3147 5073 κεῖται
3192 5026 3271 5076 τό.
3322 5021 3517 5084 Ὀστις
3557 5022 3847 5093 rotanti?"

2300 5109 2422 5163 λαόν
2452 5130 2552 5183 μου
2592 5114 2679 5162 τόν
2714 5108 2946 5183 Ἰσραήλ.

2374 5197 2502 5255 Εἶπε
2557 5231 2626 5239 -
2680 5205 2943 5272 γινώσκω.
2996 5206 3114 5263 Πῶς
3154 5201 3299 5253 ἔσται
3349 5208 3531 5265 τοῦτο,
3586 5190 3762 5257 δηλαδὲ
3808 5194 3847 5239 τ⁵

1756 5410 1974 5480 Variae
2004 5413 2340 5484 lectiones
2372 5422 2438 5482 et
2482 5419 2688 5483 notas.

597 5535 713 5617 (18)
739 5536 824 5620 ita
844 5538 1122 5620 uterque.
1147 5535 1574 5620 corrigendum
1615 5551 1999 5620 προσηγορίαν,
2048 5550 2201 5607 seri-

525 5606 620 5668 ba:
658 5606 934 5665 videntur
953 5606 1021 5664 in
1042 5615 1239 5665 mente
1268 5606 1555 5668 habuisse
1584 5606 2031 5695 προσαγόρευσιν.

2354 5530 2499 5623 »(19)
2527 5552 2586 5603 Δὶ
2604 5552 2692 5603 καὶ
2720 5555 2873 5603 τοῦτο
2908 5546 3121 5626 ὕστερον
3154 5552 3213 5606 Β.
