3922 6200
134 258 215 316 869
1163 242 1536 301 COMMENT.
1586 240 1633 294 ιι

1818 239 1959 294 ΞΛΜ.
2003 270 2066 280 -
2109 238 2264 295 C.\P.
2311 238 2353 299 l.

3317 244 3421 305 870

136 380 346 436 συλλαϐεῖν
402 375 444 428 ἐν
490 379 708 446 γαστρὶ,
780 376 869 424 καὶ
933 378 1092 423 τεκεῖν
1150 371 1298 433 υἱόν;
1360 368 1630 424 Ἠπίστησ

1818 366 1831 417 ι
1859 359 2133 418 videlicet
2175 364 2506 436 concipiam
2551 363 2609 420 in
2637 369 2805 424 utero
2834 371 2888 423 et
2913 367 3148 439 pariam
3174 369 3363 426 ﬁlium
3393 372 3421 428 ?

131 476 198 540 μὲν
243 466 314 521 οὖν
359 470 436 518 καὶ
487 464 641 527 αὕτη,
709 462 992 534 καθάπερό
1029 463 1318 531 Ζαχαρίας,
1377 457 1484 528 οὐχ
1536 457 1654 508 ὑπε-

132 562 254 618 ϐλήθη
289 554 338 610 δὲ
381 564 462 615 τῆς
505 551 751 612 ἀπιστίας
801 550 1045 622 ἐπιτιμίῳ
1073 562 1087 578 ⁸
1145 545 1284 600 διότι
1333 547 1522 604 ἐκεῖνος
1565 547 1654 617 μὲν

129 648 217 721 εἶχε
257 639 622 718 παραδείγματα
669 639 832 693 πολλὰ
868 647 961 702 τῆς
1011 637 1059 689 ἐν
1097 642 1239 710 γήρει
1289 631 1651 698 παιδοποιίας,

126 744 198 795 τὴν
241 734 424 808 Σάρραν,
481 736 572 789 τὴν
627 730 912 797 Ῥεϐέκκαν,
968 731 1062 784 τὴν
1113 724 1326 797 Ῥαχὴλ,
1393 729 1484 782 τὴν
1527 722 1652 776 Ἂν·

126 826 289 881 ποινή
346 819 396 875 δὲ
445 823 694 893 παρθένος
744 815 866 872 οὐδὲ
923 819 992 872 ἓν.
1053 812 1294 889 Οὐδεμία
1356 817 1457 888 γὰρ
1524 833 1654 886 παρ-

126 916 232 974 θένος
309 914 384 972 ἓως
473 909 631 970 αὐτῆς
742 909 860 960 ἄνευ
963 902 1154 979 ἀνδρὸς
1230 902 1472 956 συνέλαϐε
1563 908 1652 955 καὶ

125 1006 227 1055 ἔτεκε
248 1001 361 1072 (‘20).

177 1095 255 1144 Καὶ
303 1089 580 1162 ἀποκριθεὶς
629 1118 699 1127 -
749 1085 833 1138 ἐπὶ
883 1089 958 1140 σέ.
997 1083 1240 1157 [Πνεῦμα
1304 1083 1420 1154 (2|)
1465 1082 1647 1153 ἅγιονο

128 1187 283 1251 Πνεῦμα
312 1183 388 1251 μὲν
422 1177 591 1248 ἅγιον,
633 1177 882 1248 καθαῖρον
923 1177 1006 1225 ἐπι
1044 1173 1212 1237 πλέον,
1246 1177 1336 1223 καὶ
1387 1172 1603 1243 ἁγιάζον
1634 1191 1646 1203 ο

128 1266 296 1339 δύναμις
356 1263 410 1319 δὲ
478 1265 751 1336 Ὑψίστου,
833 1263 1319 1337 παρασκευάζουσα
1405 1257 1649 1319 δεκτικὴν

127 1366 196 1409 τοῦ
258 1361 394 1426 Λόγου
473 1359 566 1406 καὶ
639 1360 773 1407 Θεοῦ
849 1358 938 1406 καὶ
1015 1356 1330 1428 παρέχουσα
1409 1370 1648 1423 γεννητι-

120 1451 194 1504 κὴν
217 1441 453 1515 imam]

172 1535 385 1609 Ἐνεργοῦν
453 1531 764 1607 ἀπορρήτως
827 1537 917 1584 καὶ
999 1535 1094 1589 τὴν
1159 1527 1400 1605 ἔνανδρον
1456 1529 1647 1590 συλλη-

113 1624 182 1693 φιν
212 1630 284 1675 καὶ
310 1626 384 1676 τόν
407 1625 640 1697 ὑπερφυῆ
671 1627 840 1676 τόκον.

1770 455 1834 507 Et
1862 451 1987 507 haec
2024 454 2222 524 itaque
2262 469 2382 509 non
2423 454 2692 520 credidit,
2742 455 2893 511 sicut
2930 459 3263 524 Zacharias,
3297 475 3420 516 non

1770 546 1971 595 tamen
1992 541 2420 597 incredulitatis
2446 542 2756 599 admonita
2779 548 2868 600 est
2889 561 2994 616 per
3023 561 3298 617 poenam:
3327 549 3420 606 ille

1770 628 2062 701 siquidem
2115 631 2303 686 multa
2345 631 2556 687 habuit
2613 633 2889 704 exempla
2919 636 3314 707 susceptionis
3356 637 3420 692 li-

1766 716 2050 774 berorum
2076 719 2130 773 in
2154 725 2451 776 senectute
2475 738 2487 775 :
2518 720 2776 786 Sarram,
2806 723 3158 787 Rebeccam,
3178 724 3418 790 Rachel,

1767 809 2002 862 Annam
2045 807 2264 876 :virgo
2294 813 2496 864 autem
2539 809 2791 864 nullum.
2838 809 3013 866 Nulla
3059 812 3219 867 enim
3248 813 3420 883 virgo

1766 895 1841 950 ad
1871 895 1932 950 id
1961 911 2150 967 usque
2190 901 2426 968 tempus
2458 897 2585 952 sine
2615 897 2743 953 viro
2773 904 3122 971 conceperat
3145 906 3203 956 et
3244 916 3420 974 pepe-

1762 989 1919 1040 rerat
1933 1025 1944 1039 .

1831 1071 1998 1126 Vers.
2057 1074 2144 1128 35.
2200 1072 2274 1127 Et
2321 1072 2640 1144 respondens
2689 1103 2760 1114 —
2808 1073 2869 1127 in
2925 1080 2994 1129 te.
3044 1076 3131 1146 -Η-
3172 1076 3418 1148 Spiritus

1761 1166 2037 1216 sanctus:
2069 1160 2313 1230 Spiritus
2339 1162 2581 1234 quidem
2603 1165 2871 1227 sanctus,
2887 1163 3080 1232 magis
3099 1163 3420 1234 puriﬁcans

1759 1253 1816 1303 et
1853 1248 2229 1305 sanctiﬁcans
2259 1266 2272 1315 ;
2304 1250 2564 1321 potentia
2619 1266 2760 1306 vero
2807 1251 3113 1316 Altissimi,
3156 1251 3420 1308 efﬁciens

1759 1341 1964 1409 aptam
1997 1337 2076 1394 ad
2118 1339 2531 1410 recipiendum
2546 1339 2748 1410 Logon
2775 1345 2832 1397 et
2855 1343 3044 1396 Deum
3076 1349 3130 1396 et
3157 1341 3418 1412 largiens

1757 1425 2098 1482 facultatem
2132 1427 2436 1498 gignendi.

1829 1517 1940 1582 Qui
1976 1515 2352 1573 ineﬁ'abiliter
2401 1517 2742 1589 operabitur
2787 1523 2843 1574 et
2897 1524 3255 1593 conceptum
3287 1520 3414 1576 sine

1756 1603 1905 1664 viro.
1937 1608 1994 1660 et
2021 1610 2261 1676 partum
2293 1606 2832 1676 supernaturalem.

164 1717 241 1766 Καὶ
283 1709 485 1785 δύναμις
533 1742 602 1752 -
647 1731 754 1766 σοι.
807 1715 876 1764 Τὸ
927 1711 1053 1764 αὐτὸ
1104 1708 1257 1769 δηλοῖ
1306 1715 1396 1762 καὶ
1437 1710 1633 1772 οὗτοςέ

1826 1693 1996 1748 Vers.
2032 1699 2124 1750 35.
2160 1694 2234 1748 Et
2272 1695 2460 1750 virtus
2483 1725 2548 1736 -—
2573 1695 2695 1750 tibi.
2732 1696 2894 1752 ldem
2924 1712 3168 1770 quoque
3196 1697 3414 1755 indicat

106 1800 235 1870 λόγος.
297 1804 508 1874 Δύναμις
565 1808 696 1855 Θεοῦ
747 1804 995 1854 σκεπάσει
1067 1820 1144 1867 σε,
1222 1797 1532 1872 δυναμοῦσά
1586 1819 1643 1853 σε

102 1893 198 1962 πρὸς
218 1891 478 1962 ὑπουργίαν
511 1898 605 1942 τοῦ
626 1893 862 1942 τοιούτου
889 1891 1209 1964 πράγματος.

152 1983 310 2029 Διὸ-
340 1987 484 2034 Θεοῦ.
525 1983 612 2032 Διὸ
660 1984 750 2032 καὶ
795 1983 854 2032 τὸ
911 1981 1058 2052 ἅγιον
1105 1978 1315 2054 βρέφος.
1350 1983 1424 2048 ⁸τό
1461 1988 1641 2053 γεννώ-

97 2085 208 2136 μενον
249 2066 295 2119 ἐκ
362 2068 469 2140 ('22)
557 2076 672 2134 σοῦ,
732 2068 1052 2128 κληθήσεται
1125 2072 1244 2132 Υἱὸς
1315 2074 1441 2123 Θεοῦ
1496 2073 1641 2143 παρὰ

97 2164 170 2205 τῶν
212 2166 386 2208 πιστῶν
433 2155 534 2210 διὰ
599 2161 667 2210 τὰ
720 2161 969 2232 θεοπρεπῆ
1041 2162 1167 2234 ἔργα
1209 2166 1302 2222 τῆς
1374 2161 1638 2232 ἡνωμένης

95 2243 203 2313 αὐτῷ
226 2247 463 2308 θεότητος.

145 2338 257 2395 Τινὲς
313 2332 387 2401 δε,
452 2335 894 2408 ἀναγινώσκοντες
971 2342 1030 2390 τό
1111 2344 1440 2411 Γεννώμενον,
1507 2341 1635 2392 ὐπο-

96 2425 307 2488 στίζουσι,
395 2425 627 2498 λέγοντες
703 2429 784 2479 ὅτι
845 2423 939 2480 διὰ
1016 2431 1074 2480 τὸ
1148 2427 1369 2482 ἐπελθεῖν
1428 2436 1636 2503 Πνεῦμα

91 2510 220 2578 ἅγιον,
262 2519 343 2566 καὶ
383 2518 696 2568 ἑπισκὶάσαι
745 2513 966 2589 δύναμιν
1011 2516 1284 2588 Ὑψίστου,
1341 2522 1399 2570 τὸ
1447 2525 1633 2590 γεννώ-

88 2617 200 2667 μενον
247 2604 382 2655 ἔσται
429 2607 601 2676 οἰγιον,
653 2609 772 2663 ἤτοι
825 2607 956 2659 θεῖον
1004 2623 1016 2637 ⁸
1067 2605 1179 2659 εἶτα
1229 2609 1296 2659 τὰ
1352 2608 1467 2680 (23)
1517 2609 1633 2671 ἑξῆς

87 2686 298 2752 emi-3m;
323 2692 762 2765 ἀναγινώσκουσι.

139 2783 218 2830 Καὶ
256 2777 361 2833 ἰδοῦ
393 2815 455 2823 -
498 2784 673 2858 ῥῆμα.
737 2787 866 2857 Πρὸς
922 2785 1274 2861 πληροφορίαν
1319 2787 1482 2848 αὐτῆς
1534 2808 1631 2840 πα-

79 2863 293 2940 ράδειγμα
319 2873 496 2930 τίθησι
536 2877 630 2931 τὴν
661 2872 954 2938 Ἐλισάϐιτ,
984 2871 1277 2942 διδάσκων,
1309 2878 1390 2930 ὅτι
1414 2877 1472 2929 Ὀ
1502 2873 1630 2940 δοὺς

81 2961 234 3027 καρπον
283 2966 339 3029 τῇ
403 2959 626 3035 ἀκάρπῳ
675 2962 849 3035 κοιλία
914 2972 1006 3026 τῆς
1061 2970 1284 3040 στείρας,
1337 2966 1487 3027 αὐτὸς
1539 2972 1628 3019 καὶ

1752 1780 1850 1837 hic
1879 1798 2097 1847 sermo,
2135 1781 2322 1839 Virtus
2360 1783 2463 1838 Dei
2485 1790 2731 1855 proteget
2778 1792 2826 1840 te
2855 1802 2869 1851 ;
2909 1790 3209 1857 potentem
3235 1787 3414 1844 faciet

1752 1875 1810 1928 te
1834 1872 1912 1927 ad
1941 1872 2121 1943 hujus
2159 1873 2239 1927 rei
2276 1873 2705 1945 operationem.

1821 1980 1984 2036 Vers.
2030 1980 2124 2035 35.
2156 1978 2302 2035 Ideo.
2332 2009 2398 2019 —
2436 1979 2565 2035 Dei.
2618 1979 2753 2036 Ideo
2783 1996 3026 2053 quoque
3057 1989 3296 2039 sanctus
3328 1983 3412 2038 in-

1749 2065 1906 2133 fans,
1948 2067 2162 2140 inquit,
2189 2068 2292 2140 qui
2323 2084 2395 2124 ex
2429 2072 2484 2124 te
2531 2069 2814 2139 nascitur,
2855 2070 3167 2127 vocabitur
3192 2088 3229 2128 a
3267 2071 3410 2127 fide-

1746 2153 1904 2211 libus
1958 2157 2134 2213 Filius
2165 2159 2285 2222 Dei,
2337 2163 2581 2230 propter
2631 2157 2840 2214 divina
2859 2174 3044 2230 opera
3087 2160 3266 2216 unita:
3294 2159 3409 2217 sibi

1747 2243 2087 2302 divinitatis.

1819 2335 2072 2400 Quidam
2086 2340 2288 2392 autem
2301 2335 2402 2392 ubi
2423 2335 2670 2406 legerint
2689 2353 2702 2392 :
2731 2336 2884 2402 Quod
2901 2339 3166 2409 nascitur,
3183 2337 3410 2395 faciunt

1748 2422 1829 2478 ibi
1856 2423 2405 2480 subdistinctiouem
2447 2425 2708 2482 dicentes
2743 2428 2930 2499 quod,
2970 2427 3100 2498 quia
3153 2428 3407 2498 Spiritus

1744 2521 1959 2568 sanctus
1981 2515 2337 2584 superveniet,
2388 2521 2438 2569 et
2472 2515 2676 2570 virtute
2714 2515 2993 2571 Altissimi
3043 2516 3404 2582 obumbrabit,

1746 2601 1884 2668 ideo,
1941 2603 2079 2674 quod
2151 2603 2418 2667 nascitur,
2479 2605 2585 2658 erit
2636 2611 2881 2660 sanctum
2936 2606 3061 2661 sive
3107 2607 3353 2661 divinum
3391 2621 3404 2660 :

1744 2689 1978 2758 deinde,
2005 2692 2169 2764 quod
2200 2694 2468 2764 sequitur
2497 2692 2766 2748 absolute
2795 2693 3025 2763 legunt.

1815 2780 1975 2836 Vers.
2007 2781 2102 2837 36.
2139 2784 2215 2837 Et
2246 2799 2353 2838 ecce
2385 2814 2449 2824 —
2495 2783 2652 2838 Vers.
2699 2783 2788 2841 37.
2819 2785 3063 2842 verbum.
3103 2787 3172 2841 Ut
3201 2785 3406 2842 certio-

1741 2884 1870 2926 rem
1895 2886 2029 2927 eam
2051 2871 2274 2937 reddat,
2299 2873 2637 2944 exemplum
2665 2872 2962 2929 Elizabeth
2983 2873 3065 2929 illi
3085 2874 3401 2946 proponit;

1741 2959 2166 3034 docens,quod
2191 2961 2297 3026 Qui
2331 2964 2520 3017 ventri
2546 2963 2755 3017 sterilis
2777 2963 2971 3019 fructu
2995 2964 3218 3019 carenti
3245 2965 3405 3020 dedit

78 3040 112 3090 έν
158 3051 225 3097 σοὶ
273 3055 489 3120 ποιήσει,
549 3051 576 3102 ὁ
637 3047 708 3104 δι’
759 3051 884 3124 ἐμοῦ
939 3058 1023 3106 σοι
1078 3053 1338 3112 λελάληκε.
1406 3063 1510 3108 Πᾶν
1569 3053 1628 3109 δὲ

1818 3055 2015 3115 ictum,
2053 3053 2178 3122 ipse
2203 3067 2445 3124 quoque
2473 3051 2534 3106 in
2572 3056 2628 3106 te
2657 3050 2854 3117 faciet,
2898 3052 3065 3124 quod
3092 3069 3195 3126 per
3217 3070 3313 3110 me
3338 3055 3405 3111 ti-

76 3129 203 3202 ῥῆμα,
231 3133 332 3189 ἀντὶ
360 3146 471 3206 τοῦ,
523 3147 635 3193 Πᾶν
684 3141 709 3192 ὸ
747 3140 904 3214 λέγει,
955 3149 1054 3194 πᾶν
1098 3143 1124 3194 ὁ
1167 3143 1554 3217 ἔπαγγελλεται,
1597 3149 1626 3207 ἣ

78 3224 168 3288 πᾶν,
201 3221 372 3297 ὁλέγει
403 3246 504 3290 τις.

132 3432 259 3488 Ἀλλά
306 3447 410 3501 πῶς
453 3441 518 3499 ἦν
565 3443 596 3500 ἠ
650 3441 917 3498 Ἐλισάϐετ
959 3451 1216 3519 συγγενὴς
1255 3457 1344 3509 τῆς
1375 3454 1579 3525 Μαρίας
1613 3469 1627 3518 ;

79 3525 229 3580 Ἐκείνη
281 3531 366 3599 μὲν
421 3532 523 3605 γὰρ
589 3529 647 3582 ἐκ
701 3541 790 3593 τῆς
846 3541 1146 3603 Λευὶτικῆς,
1214 3541 1380 3590 εἷτουν
1437 3541 1631 3611 ἱερατι-

76 3617 146 3670 κῆς
191 3621 428 3688 κατήγετο
487 3619 678 3692 φυλῆς·
743 3623 869 3681 αὕτη
931 3621 990 3676 δε
1047 3624 1101 3677 ἐκ
1155 3635 1246 3690 τῆς
1303 3626 1622 3697 Ἰουδαϊκῆς,

75 3701 197 3764 ἰγουν
243 3703 547 3774 βασιλικῆς.
628 3713 872 3785 Διάφοροι
933 3719 1207 3785 γεγόνασιν
1285 3716 1627 3795 ἐπιγαμϐρείο

73 3803 112 3834 αι
162 3799 246 3841 τῶν
293 3790 386 3847 δύο
449 3801 649 3851 τούτων
706 3800 893 3871 φυλῶν.
955 3803 1154 3878 Ἀαρὼν
1205 3809 1302 3880 γὰρ
1359 3790 1623 3884 πρότερον,

69 3880 131 3924 ui
173 3877 334 3934 ἰωδαὶ
387 3887 632 3960 ὕστερον,
692 3887 958 3964 ἀρχιερεῖς
1014 3892 1293 3970 ἀμφότεροι
1361 3903 1514 3966 ὄντες,
1573 3900 1628 3954 ἐκ

67 3970 137 4022 τῆς
175 3965 442 4038 βασιλικῆς
500 3975 669 4047 φυλῆς
724 3987 975 4048 γυναῖκας
1026 3984 1304 4054 ἠγάγοντο,
1361 3993 1446 4038 καὶ
1515 3993 1624 4061 μετ’

65 4051 210 4141 σὶτονς
259 4061 436 4133 ἕτεροι.
499 4069 703 4117 Λοιπὸν
761 4063 847 4118 οὖν
923 4068 977 4121 ἐκ
1043 4075 1293 4136 τοιαύτης
1352 4074 1627 4141 ἐπικλοκῆς

65 4133 167 4192 ἦσαν
217 4159 473 4219 συγγενεῖς
544 4151 775 4212 ἀλλήλων
843 4162 933 4209 καὶ
990 4155 1164 4213 αὗται.
1226 4163 1368 4217 Ἐπεὶ
1423 4169 1524 4242 γὰρ
1578 4167 1626 4220 ἐν

62 4234 302 4327 ξῖδβείοις
358 4243 648 4315 πράγμασι
710 4249 960 4320 πρωτεύει
1027 4254 1084 4301 τὸ
1154 4253 1408 4324 ἱερατικὸν
1465 4261 1624 4327 γένος,

63 4315 181 4414 τοδε
231 4328 569 4401 ανθρωπίνοις
607 4332 723 4404 (Ξὶ)
780 4339 836 4388 τὸ
891 4335 1188 4409 βασιλικὸν,
1247 4343 1452 4407 εἰκότως
1509 4366 1627 4399 συν-

63 4420 328 4501 επξεαησκν,
364 4419 447 4471 ἱνα
500 4428 596 4475 καὶ
646 4425 805 4498 ἱερεὺς
845 4427 1125 4498 βασιλικὸς
1170 4438 1270 4502 εἴη,
1320 4441 1409 4488 καὶ
1453 4439 1478 4489 ό
1528 4436 1627 4510 βα-

62 4505 198 4560 σιλεὺς
225 4503 494 4575 ἰερατικός.

114 4582 214 4641 Εἷπε
257 4623 323 4636 —
375 4617 494 4650 σου.
551 4606 768 4674 Λοιπὸν,
828 4605 886 4658 οὐ
930 4613 1084 4679 μόνον
1128 4609 1449 4684 ἐπίστευσεν,
1497 4616 1625 4673 ἀλλὰ

58 4689 125 4724 και
175 4680 351 4743 ηὔξατο
425 4693 679 4759 γενέσθαι
748 4694 902 4766 αὐτῇ,
962 4700 1130 4760 καθὼς
1183 4703 1208 4752 ὁ
1265 4705 1482 4775 ἅγγελος
1555 4713 1621 4761 εἶ-

58 4777 170 4828 ,cm.

56 4858 192 4986 ιτ’Καὶ
223 4891 286 4902 --
313 4867 558 4938 ἄγγελος.
601 4868 743 4932 Ἤδη
796 4874 1156 4943 συλλαϐούσης
1209 4882 1322 4957 οἶμα
1367 4894 1438 4958 τῷ
1480 4885 1616 4962 λόγῳ

85 4958 180 4986 που

85 4958 199 5001 πον.

1740 3139 1797 3194 bi
1837 3138 2070 3195 locutus
2117 3148 2226 3196 est.
2271 3141 2460 3196 Omne
2487 3140 2651 3197 enim
2682 3141 2958 3208 verbum,
3000 3142 3082 3208 id,
3123 3148 3207 3198 est
3236 3145 3404 3214 quid-

1738 3227 1886 3300 quid
1942 3227 2100 3293 dicit,
2133 3229 2430 3302 quidquid
2459 3230 2796 3298 annuntiat,
2846 3230 2937 3286 vel
2969 3231 3266 3304 quidquid
3297 3232 3404 3288 ali-

1739 3315 1874 3389 quis
1901 3316 2063 3373 dicit.

1811 3405 1923 3463 Sed
1979 3406 2275 3478 quomodo
2332 3411 2457 3464 erat
2502 3407 2795 3465 Elizabeth
2851 3413 3109 3480 cognata
3151 3409 3343 3467 Mariae
3373 3410 3402 3465 ?

1737 3493 1843 3550 Illa
1869 3494 2116 3567 quidem
2148 3511 2221 3551 ex
2251 3496 2521 3563 Levitica,
2555 3500 2674 3553 sive
2723 3498 3090 3564 sacerdotali,
3122 3498 3275 3554 tribu
3303 3499 3401 3554 de-

1735 3583 2066 3649 scenderat,
2080 3584 2208 3640 haac
2238 3590 2437 3640 autem
2459 3585 2529 3641 .le
2550 3586 2817 3653 Judaica,
2851 3588 2973 3642 sive
2993 3588 3180 3658 regia.
3213 3588 3400 3645 Varia:

1734 3672 2204 3729 fueruntharum
2219 3675 2474 3730 duarum
2504 3675 2768 3731 tribuum
2789 3679 3178 3746 cognationes
3211 3695 3224 3730 :
3258 3693 3398 3732 cum

1734 3763 1896 3818 enim
1927 3764 2126 3820 Aaron
2180 3763 2464 3836 primum,
2497 3770 2554 3821 et
2595 3765 2984 3837 postmodum
3027 3765 3256 3831 Joiada,
3292 3765 3399 3840 qui

1735 3853 1918 3909 ambo
1945 3853 2169 3909 summi
2195 3853 2532 3910 sacerdotes
2562 3860 2732 3912 erant
2753 3871 2968 3911 uxores
2991 3871 3022 3911 e
3052 3855 3215 3928 regia
3241 3856 3398 3913 tribu

1735 3943 2028 4009 duxerint,
2069 3948 2127 3998 et
2169 3949 2304 4016 post
2343 3943 2454 3999 hos
2495 3943 2618 4012 alii,
2659 3951 3046 4001 consecutum
3095 3950 3204 4012 est,
3235 3950 3298 4001 ut
3325 3961 3399 4002 ex

1738 4033 1836 4088 tali
1868 4031 2248 4104 permistione
2278 4034 2370 4088 has
2401 4033 2534 4088 duae
2583 4042 2779 4090 essent
2808 4035 2957 4091 inter
2988 4050 3050 4089 se
3101 4043 3393 4104 cognatm.

1738 4123 1886 4188 Quia
1915 4121 2074 4176 enim
2091 4120 2152 4174 in
2179 4120 2396 4175 divinis
2412 4121 2591 4178 rebus
2615 4123 2840 4193 primas
2871 4121 3096 4178 ferebat
3121 4123 3398 4178 sacerdo-

1736 4210 1851 4266 tale
1881 4225 2091 4280 gcnus,
2124 4209 2188 4265 in
2217 4210 2501 4265 humanis
2533 4226 2674 4266 vero
2714 4211 2914 4281 regale
2945 4227 2957 4264 :
2998 4213 3206 4267 merito
3232 4226 3397 4265 com-

1737 4300 1917 4354 mista
1945 4304 2103 4365 sunt,
2139 4306 2201 4354 ut
2229 4303 2286 4354 et
2299 4299 2578 4354 sacerdos
2591 4299 2808 4369 regalis
2837 4303 3008 4363 esset,
3037 4301 3094 4354 et
3116 4301 3396 4354 rexesset

1660 4405 1708 4460 ι)
1735 4385 2149 4446 sacerdotalis.

1802 4623 1966 4680 Vers.
1998 4623 2085 4679 38.
2115 4620 2271 4677 Dixit
2294 4651 2363 4661 -
2386 4627 2557 4677 tuum.
2581 4619 2714 4677 Jam
2742 4635 2864 4677 non
2896 4619 3092 4676 solum
3119 4618 3388 4687 credidit,

1733 4713 1840 4769 sed
1852 4713 2031 4769 etiam
2045 4713 2308 4785 optabat.
2329 4716 2391 4768 ut
2413 4711 2526 4767 sibi
2554 4711 2948 4782 contingeret,
2981 4711 3132 4768 sicut
3159 4710 3394 4770 dixerat

1729 4803 2001 4872 angelus.

1798 4893 1965 4951 Vers.
2006 4892 2093 4949 38.
2138 4893 2201 4948 Et
2240 4923 2304 4933 —-
2329 4890 2570 4963 angelus.
2630 4889 2817 4949 Simul
2860 4907 2929 4948 ac
2955 4890 3086 4962 jam
3127 4906 3234 4964 per
3263 4906 3392 4948 ver-

1725 4983 1876 5040 bum
1915 4999 2091 5039 suum
2122 4985 2502 5054 conceperat.

1285 5135 1507 5210 Variae
1533 5143 1862 5215 lectiones
1896 5153 1960 5213 et
1985 5152 2188 5212 notae.

234 5279 328 5330 Καὶ
354 5284 556 5340 τέτοκε.
594 5291 654 5343 B.

222 5347 363 5434 Qui»
391 5353 490 5434 hic
511 5341 764 5434 inclusa
789 5365 943 5430 sunt,
969 5363 1136 5422 addit
1165 5369 1348 5428 codex
1371 5375 1434 5430 Β.
1467 5391 1612 5434 mox

49 5415 466 5535 mleficab‘gl’:
471 5503 490 5535 .
500 5428 740 5535 ὑπερῇῆ
777 5415 959 5535 ,τόκρὶ
972 5415 1445 5513 “Ill—el;
1451 5415 1610 5504 Sevi;

143 5489 191 5562 ἓξ
223 5495 283 5562 _A.
323 5493 494 5554 Caret
531 5489 614 5555 iis'
645 5489 990 5562 'Hentenius.

101 5551 193 5631 (22)
223 5559 306 5616 Ἐκ
336 5574 431 5620 σοῦ
444 5551 616 5642 ergo
652 5551 1198 5653 Eét'iﬁiéi‘ﬁiemuo.
1229 5585 1372 5642 Nam
1405 5604 1516 5646 nec
1545 5590 1610 5649 in

1721 5308 1882 5363 textu
1909 5306 2127 5362 horum
2170 5309 2506 5377 comparet.
2541 5305 2635 5363 Bis
2673 5307 2901 5365 omisso
2939 5306 2996 5361 ἐκ
3028 5313 3143 5374 σοῦ,
3177 5304 3388 5364 laudat

1721 5378 1975 5450 Cyrinus
2004 5383 2154 5450 tom.
2187 5376 2275 5450 1y,
2312 5376 2380 5450 p.
2419 5377 2542 5434 125.

1817 5451 1908 5517 23)
1935 5448 2006 5502 Τὸ
2037 5447 2170 5510 ἑξῆς.
2209 5447 2274 5506 B.

1817 5451 1908 5517 23)
1935 5450 2006 5502 Τὸ
2037 5450 2170 5510 ἑξῆς.
2209 5450 2274 5506 B.

1791 5450 1905 5594 E24)
1938 5520 2275 5593 Ἀνθρώποις”
2307 5521 2372 5580 Β.
