3922 6200
522 230 623 288 871

594 357 760 412 Vers.
798 355 889 411 39.
922 356 1245 427 Exsurgens
1278 388 1341 398 -—
1381 356 1542 412 Juda.
1588 359 1866 413 Montana
1920 361 2047 412 erat
2086 360 2181 413 Ju-
2212 359 2255 411 A

519 442 663 497 ἀδεεῖ
687 443 914 510 civitas,
949 446 1008 499 in
1038 462 1161 517 qua
1190 446 1500 503 habitabat
1548 446 1856 501 Elizabeth.
1891 446 2047 501 Abiit
2077 462 2179 501 au-

518 541 637 594 tem
669 531 808 588 illuc
851 533 1055 590 divino
1098 551 1409 605 praegnans
1454 536 1693 608 Spiritu,
1745 540 1807 591 ut
1847 535 2069 592 infante
2117 536 2177 590 in

519 626 687 679 utero
758 621 1053 679 Elizabeth
1119 624 1464 695 exsultante,
1520 630 1575 682 et
1621 624 1717 680 illa
1759 624 2173 697 prophetante,

518 710 806 781 majorem
835 712 1129 785 acciperet
1156 712 1596 770 celsitudinem.

591 891 749 945 Vers.
801 893 889 945 40.
938 891 1014 945 Ει
1060 892 1288 947 intravit
1327 923 1395 932 —
1420 891 1737 947 Elizabeth.
1770 890 2168 963 compellavit,

519 983 582 1034 ut
615 978 797 1033 moris
827 986 971 1035 erat.

588 1068 749 1123 Vers.
777 1068 871 1124 41.
907 1069 980 1124 Et
1000 1070 1205 1140 factum
1240 1101 1308 1109 —
1337 1071 1468 1141 ejus.
1526 1069 1783 1126 Christus
1821 1068 2061 1140 quidem
2092 1068 2168 1124 lo-

514 1162 687 1213 cutus
742 1164 829 1213 est
885 1174 990 1228 per
1053 1174 1119 1213 os
1168 1175 1289 1213 suae
1347 1159 1535 1216 Matris
1583 1174 1595 1213 :
1650 1158 1904 1213 Joannes
1971 1165 2168 1213 autem

514 1247 743 1303 audivit
773 1264 877 1319 per
892 1264 1066 1305 aures
1094 1265 1215 1303 suae
1241 1250 1442 1304 matris
1472 1266 1483 1303 :
1512 1250 1782 1320 etagnito
1813 1254 2168 1320 supernatu-

512 1337 710 1393 raliter
736 1338 987 1392 Domino
1019 1338 1561 1408 suo,exsultatione
1587 1338 1751 1393 illum
1776 1338 2120 1409 praedicavit
2152 1356 2166 1406 ;

515 1426 710 1481 infans
742 1427 918 1493 enim,
960 1429 1062 1500 qui
1090 1426 1150 1481 in
1181 1433 1345 1483 utero
1372 1427 1671 1483 ferebatur
1729 1428 2002 1497 Virginis,
2036 1444 2170 1499 pro-

512 1515 749 1587 phetica
777 1516 973 1571 statim
1000 1517 1190 1585 gratia
1211 1517 1457 1574 donavit
1475 1517 1902 1588 infantem,qui
1927 1516 1985 1571 in
2008 1521 2167 1573 utero

512 1604 857 1673 gestabatur
887 1605 1115 1660 sterilis.

582 1693 748 1749 Vers.
776 1694 869 1749 41.
903 1696 980 1748 Et
1011 1695 1230 1765 impleta
1266 1725 1333 1735 -——
1368 1696 1520 1750 Vers.
1553 1696 1641 1750 42.
1684 1694 1889 1749 ventris
1940 1694 2044 1749 tui.
2077 1694 2165 1750 Ab
2198 1715 2242 1771 Β

508 1782 728 1839 infante
784 1784 886 1854 qui
948 1790 1072 1839 erat
1154 1784 1215 1839 in
1262 1784 1463 1848 sterili,
1542 1784 1899 1855 praedicatur
1971 1782 2165 1839 infans

509 1872 613 1943 qui
643 1877 767 1926 erat
796 1872 855 1926 in
904 1873 1135 1942 Virgine
1164 1892 1175 1929 :
1213 1890 1248 1928 a
1320 1873 1497 1928 sterili
1537 1889 1677 1929 vero
1710 1874 1903 1943 Virgo.
1933 1872 2163 1928 Christo

507 1961 796 2032 siquidem
823 1962 1076 2017 revelato
1107 1962 1177 2026 ei,
1211 1964 1312 2033 qui
1336 1964 1394 2017 in
1430 1968 1594 2018 utero
1630 1962 1922 2017 Elizabeth
1953 1961 2164 2033 imple-

506 2054 604 2105 tus
629 2057 755 2106 erat
782 2050 998 2122 Spiritu
1040 2057 1269 2117 sancto,
1306 2052 1586 2123 impletur
1623 2058 1679 2106 et
1724 2052 1893 2122 ipsa:
1928 2056 1984 2105 et
2025 2066 2161 2121 quae

505 2140 860 2211 praphetam
884 2141 944 2194 in
968 2146 1131 2195 utero
1160 2140 1433 2212 gestabat
1460 2141 1638 2195 etiam
1687 2138 2057 2203 vaticinatur,
2092 2155 2161 2194 ac

504 2228 797 2285 benedicit
826 2236 881 2285 et
904 2230 1205 2299 Virginem
1236 2234 1291 2285 et
1317 2230 1575 2285 fructum
1620 2228 1841 2284 ventris
1885 2227 2159 2298 Virginis.

574 2406 743 2463 Vers.
782 2410 875 2463 43.
901 2408 979 2462 Et
1011 2408 1169 2463 unde
1194 2438 1262 2448 —
1290 2408 1370 2464 ad
1390 2422 1479 2463 me
1502 2408 1529 2461 .9
1561 2407 1725 2462 Unde
1744 2406 1885 2460 mihi
1917 2421 2011 2461 res
2030 2406 2159 2462 haec

502 2495 811 2568 inopinata
830 2497 856 2551 ?
881 2497 1040 2553 Sicut
1068 2497 1226 2552 enim
1250 2496 1634 2567 postmodum
1656 2494 1809 2550 filius
1834 2494 2155 2561 Elizabeth,

501 2586 768 2641 veniente
795 2587 870 2642 ad
894 2587 1092 2657 ipsum
1113 2586 1688 2656 Christo,indignum
1713 2602 1773 2641 se
1801 2585 1903 2642 tali
1927 2585 2155 2640 Domini

503 2689 749 2730 accessu
780 2674 1035 2740 dicebat,
1072 2674 1154 2729 ita
1183 2691 1426 2747 quoque
1461 2691 1612 2730 nunc
1644 2680 1831 2730 mater
1853 2674 2045 2745 ipsius
2072 2674 2159 2729 in-

500 2762 747 2834 dignam
773 2780 907 2819 sese
932 2764 1145 2819 fatetur
1171 2764 1303 2819 talis
1332 2764 1595 2819 dominas
1624 2780 1891 2819 accessu.
1918 2764 2155 2819 Matrem

497 2856 699 2907 autem
739 2853 913 2908 etiam
931 2859 1063 2908 ante
1090 2860 1326 2924 partum
1347 2869 1481 2908 eam
1506 2852 1854 2918 nominavit,
1881 2858 1934 2907 et
1959 2850 2155 2907 Domi-

497 2954 644 2995 num
685 2956 843 3007 eum,
893 2942 997 3012 qui
1025 2957 1092 2996 ex
1123 2942 1221 2997 illa
1264 2946 1599 2997 nasciturus
1647 2946 1815 2996 erat:
1867 2945 2154 2996 attestans

497 3029 693 3099 angeli
717 3030 931 3096 verbis,
964 3030 1145 3102 idque
1184 3030 1470 3095 efficiens,
1509 3037 1569 3086 ut
1597 3029 1975 3086 sermonibus
2024 3030 2152 3100 ejus
2193 3058 2233 3115 Ο

494 3117 727 3174 firmius
757 3120 931 3191 Virgo
951 3120 1234 3176 crederet.

567 3299 725 3356 Vers.
754 3301 1012 3357 45.Ecce
1037 3299 1189 3357 enim
1224 3330 1288 3339 —-
1336 3314 1477 3355 meo.
1510 3298 1635 3353 Prae
1666 3298 1910 3368 gaudio,
1943 3301 2149 3371 utpote

490 3392 747 3446 sentiens
771 3390 901 3461 jam
928 3390 1243 3447 hominum
1272 3389 1544 3459 salutem,
1576 3405 1645 3445 ac
1662 3388 1738 3444 de
1763 3405 1830 3444 ea
1852 3389 2142 3460 gaudens.

560 3589 718 3641 Vers.
744 3586 836 3641 45.
859 3586 934 3641 Et
971 3586 1143 3642 beata
1171 3616 1240 3625 —-
1279 3584 1523 3640 Domino
1566 3585 1807 3639 Beatam
1860 3582 2146 3656 praedicat

487 3673 757 3739 Mariam,
786 3690 919 3745 qum
948 3674 1039 3727 his
1060 3674 1241 3728 ﬁdem
1267 3672 1542 3728 habuerit
1560 3689 1689 3744 qua:
1704 3672 1814 3727 sibi
1838 3688 1873 3727 a
1894 3673 2144 3728 Domino

486 3777 592 3833 per
612 3762 894 3831 angelum
925 3762 1086 3818 dicta
1112 3771 1268 3816 sunt.
1301 3761 1713 3830 Praecognovit
1762 3762 1920 3816 enim
1951 3762 2140 3818 Eliza-

483 3850 627 3906 beth
658 3853 833 3906 etiam
865 3868 955 3919 ea,
991 3867 1126 3922 quae
1161 3851 1318 3906 dicta
1365 3857 1547 3917 erant,
1582 3852 1805 3923 etquod
1826 3851 1999 3924 Virgo
2022 3869 2139 3908 cre-

483 3938 731 3995 diderat.
761 3941 964 4012 Itaque
991 3940 1125 3996 alia:
1164 3956 1404 4012 quoque
1433 3941 1656 3995 steriles
1701 3948 2049 4011 genuerant,
2083 3950 2144 3998 at

482 4044 788 4101 nunquam
820 4047 1026 4086 earum
1063 4030 1257 4086 infans
1312 4031 1651 4102 prophetica
1690 4034 1881 4101 gratia
1919 4032 2140 4103 dignus

478 4118 718 4175 habitus
748 4120 956 4185 fuerat,
991 4137 1123 4175 cum
1151 4121 1350 4175 adhuc
1374 4124 1435 4175 in
1455 4126 1618 4176 utero
1646 4122 1849 4177 matris
1881 4126 2140 4192 gestare-

482 4214 594 4265 tur.
623 4212 796 4266 Facta
822 4215 963 4265 sunt
986 4225 1126 4279 ergo
1142 4210 1301 4266 circa
1312 4210 1467 4265 hanc
1484 4211 1738 4266 sterilem
1759 4211 2135 4279 admiranda,

479 4305 543 4355 ut
583 4300 763 4356 etiam
807 4300 1205 4365 crederentur,
1253 4316 1388 4372 quas
1415 4300 1571 4357 circa
1618 4300 1774 4357 hanc
1821 4301 1976 4357 facta
1997 4307 2136 4357 sunt

479 4390 779 4461 Virginem
811 4390 1069 4445 maxime
1095 4390 1589 4460 supernaturalia.

546 4480 714 4535 Vers.
752 4483 819 4535 46
844 4480 1441 4537 Emit—Dominum.
1476 4480 1849 4549 Magni/teat,
1872 4480 1985 4535 hoc
2022 4483 2129 4547 est,

474 4566 795 4635 Benedicit,
842 4568 1151 4637 glorificat.
1187 4568 1284 4624 Est
1307 4574 1504 4625 autem
1541 4569 1636 4624 hic
1664 4585 1863 4625 sermo
1890 4569 2129 4625 creden-

474 4653 551 4709 tis
580 4670 649 4709 ac
672 4658 892 4724 gratias
923 4657 1182 4727 agentis.

546 4740 709 4795 Vers.
733 4744 918 4797 47.Ει
950 4746 1268 4801 exsultavit
1294 4778 1363 4787 —
1408 4747 1727 4804 Saluatore
1772 4761 1917 4803 meo.
1953 4748 2131 4819 Spiri-

473 4836 601 4888 tum
630 4848 833 4887 rursus
885 4834 1151 4891 animam
1193 4835 1466 4910 intellige.
1520 4839 1729 4895 Gavisa
1764 4845 1871 4905 est,
1916 4840 2126 4910 inquit,

472 4921 676 4978 anima
694 4938 828 4978 mea
850 4924 905 4977 in
934 4924 1073 4991 Deo,
1102 4926 1201 4999 qui
1236 4944 1330 4982 me
1361 4928 1589 4983 salvam
1623 4928 1751 4984 fecit
1781 4928 1943 4999 :jam
1967 4928 2128 4985 enim

472 5010 1111 5086 salvafactasum,qua=.
1127 5015 1299 5086 digna
1324 5017 1530 5072 habita
1547 5034 1679 5071 sum
1710 5023 1769 5071 ut
1791 5020 1990 5074 ﬁerem
2016 5021 2131 5074 Ma-

473 5106 557 5158 ter
570 5100 686 5155 Dei.
712 5100 931 5157 Deinde
948 5105 1126 5159 etiam
1145 5120 1391 5161 causam
1412 5105 1573 5178 dicit,
1600 5122 1705 5162 cur
1726 5108 1948 5179 gratias
1966 5113 2121 5178 agat.

1848 226 2193 286 EUTHYMII
2235 226 2566 288 ZIGABENI

3640 51 3814 290 ἓ

2361 360 2667 414 Ἀναστᾶσα
2714 390 2779 397 -
2830 355 3025 415 Ἰούδα.
3081 360 3138 412 Ἡ
3201 358 3394 429 ὀρέινη,
3452 358 3592 419 πόλις
3654 355 3702 415 ἦν
3750 370 3816 420 τῆς

2286 446 2568 514 Ἰουδαίας,
2604 447 2650 499 ἐν
2698 448 2756 520 τῇ
2792 452 2913 519 ᾤκει
2960 450 2989 505 ἡ
3026 446 3315 499 Ἐλισοίϐετ.
3372 446 3592 503 Ἀπῆλθε
3638 443 3685 497 δὲ
3728 447 3811 507 ἐκεῖ,

2288 540 2405 608 θείῳ
2478 540 2738 609 Πνιύματι
2998 538 3289 601 κινηθεῖσα,
3365 537 3445 586 ἱνα
3513 542 3816 607 σκιρτήσαιτος

2284 630 2372 699 μὲν
2430 634 2521 678 τοῦ
2577 626 2799 699 βρέφους
2851 624 2899 676 ἐν
2950 634 3010 698 τῇ
3066 626 3238 699 κοιλίᾳ
3288 634 3385 685 τῆς
3431 624 3815 698 Ἐλισοίϐεῃπρο-

2284 719 2620 787 φητευσάσης
2695 713 2753 767 δὲ
2827 720 2914 767 καὶ
2985 714 3169 781 αὐτῆς,
3231 711 3447 775 δέξηται
3508 713 3694 765 πλείονα
3737 718 3816 784 (ίὶῆι

2282 804 2655 877 πληροφορίαν.

2354 916 2453 963 Καὶ
2510 909 2742 969 εἰσῆλθεν
2816 940 2884 949 -
2960 908 3227 962 amnes“.
3311 913 3731 981 Προσηγόρευσιν,
3773 911 3819 969 ὡς

2282 1001 2411 1057 ἔθος.

2355 1109 2453 1156 Καὶ
2506 1103 2697 1175 ἐγένετο
2754 1136 2818 1143 -
2874 1104 3053 1163 αὐτῆς.
3113 1104 3171 1155 Ὀ
3218 1108 3307 1175 μὲν
3351 1106 3581 1177 Χριστὸς
3634 1102 3818 1173 ἐφθέγξω

2278 1210 2332 1243 το
2373 1188 2466 1243 διὰ
2510 1200 2599 1243 τοῦ
2642 1197 2900 1263 στόματος
2929 1201 3018 1252 τῆς
3050 1189 3194 1253 ἰδίας
3235 1200 3451 1264 μητρός
3496 1195 3521 1243 ὁ
3552 1189 3605 1244 δὲ
3635 1192 3818 1250 Ἰωάνης

2278 1284 2471 1338 ἤκουσε
2524 1278 2617 1333 διὰ
2660 1291 2758 1332 τῶν
2808 1287 2948 1333 ὤτων
2982 1290 3074 1342 τῆς
3126 1282 3315 1342 οἰκείας
3363 1285 3580 1355 μητρὸς,
3624 1287 3701 1332 καὶ
3742 1280 3817 1331 ita.

2275 1374 2426 1437 γνοὺς
2478 1372 2749 1445 ὑπερφυῶς
2805 1374 2891 1422 τὸν
2973 1370 3158 1423 ἑαυτοῦ
3226 1375 3512 1437 Δεσπότην,
3577 1368 3819 1441 ἀνεκήρυξει

2277 1459 2431 1510 αὐτόν
2497 1467 2569 1529 τῷ
2625 1465 2959 1532 σκιρτήματι.
3034 1462 3103 1514 Τό
3158 1463 3259 1532 γὰρ
3329 1459 3377 1511 ἐν
3449 1468 3511 1532 τῇ
3569 1459 3716 1530 κοιλίᾳ
3755 1466 3820 1519 τίς

2276 1550 2538 1621 Παρθένου
2595 1547 2783 1620 βρέφος
2841 1550 3024 1601 αὐτίκα
3086 1554 3407 1623 προφητικὴν
3476 1552 3630 1621 χάριν
3671 1546 3820 1619 ἑόωρίο

2278 1656 2405 1689 σατο
2436 1645 2507 1706 τῷ
2536 1635 2583 1687 ἐν
2614 1646 2674 1709 τῇ
2704 1636 2875 1709 κοιλίᾳ
2902 1645 2995 1699 τῆς
3023 1643 3229 1711 στείρας
3260 1637 3461 1712 βρέφει,

2349 1732 2444 1778 Καὶ
2507 1725 2741 1783 ἐπλήσθη
2793 1758 2859 1765 -
2916 1726 3115 1788 κοιλίας
3171 1746 3285 1779 σου.
3344 1729 3497 1800 Παρὰ
3557 1730 3639 1799 μεν
3679 1734 3751 1777 τοῦ
3786 1724 3818 1775 ἐν

2273 1824 2334 1887 τῇ
2396 1820 2575 1887 στείρα
2625 1813 2851 1887 βρέφους
2905 1814 3315 1890 ἀνακηρυττεται
3363 1820 3421 1867 τὸ
3478 1815 3526 1867 ἐν
3575 1824 3632 1887 τῇ
3670 1818 3817 1885 Παρθι-

2272 1924 2341 1973 νῳ
2426 1902 2633 1977 βρέφος·
2714 1906 2858 1977 παρὰ
2926 1901 2984 1957 δε
3056 1915 3152 1966 τῆς
3217 1911 3424 1979 στείρας
3496 1908 3526 1963 ἡ
3598 1907 3817 1975 magaba;

2276 1998 2375 2044 Καὶ
2439 1994 2550 2063 (27)
2621 1995 2743 2064 γὰρ,
2817 2002 2907 2045 του
2978 1992 3392 2067 ἐγκεκρυμμένου
3457 2004 3519 2066 τῇ
3575 1991 3715 2051 νηδύι
3756 2000 3817 2050 τῆς

2276 2081 2542 2134 Ἐλισαϐετ
2599 2082 2919 2143 πλησθέντος
2996 2086 3288 2155 Πνεύματος
3353 2083 3530 2153 ἁγίου,
3582 2082 3820 2154 πίμπλαται

2271 2175 2359 2222 καὶ
2409 2171 2562 2236 αὕτη,
2614 2176 2703 2222 καὶ
2750 2171 2967 2243 εὐφημεῖ
3013 2177 3102 2223 καὶ
3162 2177 3254 2228 τὴν
3306 2175 3581 2246 Παρθένον,
3636 2177 3713 2223 καὶ
3758 2176 3817 2220 τόν

2273 2264 2469 2332 καρπόν
2496 2268 2584 2320 τῆς
2614 2260 2814 2321 κοιλίας
2838 2268 2933 2322 τῆς
2964 2263 3246 2335 Παρθένου.

2345 2372 2443 2420 Καὶ
2478 2369 2629 2419 πόθεν
2664 2398 2727 2406 —
2778 2372 2904 2441 πρός
2957 2384 3069 2439 με;
3119 2369 3279 2419 Πόθεν
3327 2386 3419 2439 μοι
3468 2375 3613 2419 τοῦτο
3652 2370 3699 2417 τό
3745 2384 3815 2416 παι

2538 2474 2550 2522 ;
2592 2456 2791 2529 Ὠσπερ
2838 2453 2897 2508 δὲ
2936 2457 3152 2531 ὕστερον
3205 2458 3231 2507 ὁ
3284 2459 3389 2517 υίὸς
3444 2466 3540 2518 τῆς
3584 2452 3816 2517 Ἐλισάεετ,

2574 2554 2663 2598 τοῦ
2718 2553 2955 2618 Χριστοῦ
3012 2550 3137 2619 πρὸς
3197 2546 3376 2609 αὐτὸν,
3435 2546 3634 2609 ἀνάξιον
3682 2545 3817 2596 ἑαυτὸν

2268 2453 2490 2530 ράδοξον

2268 2546 2497 2606 ἐλθόντος

2268 2645 2362 2697 τῆς
2409 2639 2651 2696 τοιαύτης
2699 2631 2981 2707 ἐπιδημίας
3046 2644 3137 2687 τοῦ
3187 2640 3451 2687 Δεσπότου
3501 2636 3667 2707 ἔλεγεν.
3718 2631 3815 2683 οὕτω

2266 2730 2353 2777 καὶ
2402 2734 2487 2775 νυν
2533 2727 2561 2781 ἡ
2622 2730 2797 2798 μήτηρ
2850 2724 3007 2776 αὐτοῦ
3056 2723 3265 2787 ἀναξίαν
3317 2725 3507 2783 ἑαυτὴν
3556 2734 3642 2785 τῆς
3688 2726 3817 2773 τως).

2265 2834 2359 2873 της
2416 2810 2699 2885 ἐπιδημίας
2751 2821 2841 2871 τῆς
2896 2810 3177 2875 δεσποίνης
3226 2814 3488 2885 ὁμολογεῖ.
3548 2819 3733 2884 Μητέρα
3776 2807 3815 2859 οέ

2264 2905 2456 2959 ταύτην
2485 2903 2720 2973 ὠνόμασε
2758 2908 2846 2955 καὶ
2898 2906 2998 2977 πρὸ
3055 2911 3144 2954 τοῦ
3195 2908 3371 2967 τόκου,
3404 2910 3497 2955 καὶ
3548 2906 3714 2976 Κύριον
3756 2904 3815 2949 τὸν

2264 2990 2317 3053 ἐξ
2346 2992 2504 3051 αὐτῆς
2540 2994 2848 3062 γεννηθῆναι
2903 2991 3169 3062 μέλλοντα,
3223 3001 3570 3066 μαρτυροῦσα
3616 2998 3708 3051 τοῖς
3748 2994 3814 3037 τοῦ

2265 3079 2483 3151 ἀγγέλου
2535 3080 2729 3151 λόγοις,
2789 3086 2878 3132 καὶ
2940 3079 3274 3155 βεϐαιοτέραν
3333 3081 3470 3153 αὐτῇ
3540 3086 3702 3133 πίστιν
3745 3096 3815 3127 πα-

2259 3173 2423 3241 ρέχου
2434 3189 2521 3222 σα.

2326 3273 2471 3328 Ἰδοὺ
2518 3278 2619 3349 γὰρ
2670 3308 2737 3317 -
2792 3296 2913 3349 μου.
2973 3277 3051 3330 Ἐν
3111 3276 3443 3348 ἀγαλλιάσει,
3492 3280 3561 3340 ὡς
3614 3276 3812 3345 αἰσθόμε-

2256 3386 2339 3419 νον
2398 3362 2503 3424 ἦδη
2564 3374 2653 3426 τῆς
2704 3372 2963 3439 σωτηρίας
3029 3374 3125 3418 τῶν
3194 3365 3504 3439 ἀνθρώπων,
3563 3372 3642 3417 καὶ
3689 3362 3813 3434 ἀγαλ-

2255 3455 2495 3527 λιώμενον
2527 3454 2605 3507 ἐπ’
2634 3455 2790 3527 αὐτῇ.

2329 3567 2427 3615 Καὶ
2466 3568 2703 3637 μακαρία
2742 3593 2808 3603 —-
2864 3567 3077 3638 Κυρίου.
3131 3562 3433 3635 Μακαρίζει
3485 3568 3577 3620 τὴν
3628 3564 3806 3631 Μαρίαν,

2254 3655 2318 3713 ὡς
2373 3654 2732 3703 πιστεύσασαν
2788 3658 2891 3711 τοῖς
2963 3650 3318 3723 λελαλημένοις
3368 3653 3502 3725 αὐτῇ
3560 3653 3689 3723 παρὰ
3733 3648 3811 3700 Κυ-

2250 3745 2366 3815 ρίου
2418 3737 2512 3792 διὰ
2566 3749 2659 3792 τοῦ
2732 3739 2973 3811 ἀγγέλου.
3036 3746 3270 3813 Προέγνω
3341 3745 3449 3815 γὰρ
3506 3743 3534 3798 ἡ
3585 3735 3811 3795 Ἐλισςίεετ

2250 3834 2339 3881 καὶ
2397 3832 2463 3881 τὰ
2525 3829 2858 3901 λελαλημένα,
2918 3834 3007 3881 καὶ
3078 3832 3157 3882 ὅτι
3213 3835 3557 3882 πεπίστευκεν
3605 3825 3807 3883 αὗτοῐςιέ

2254 3922 2528 3992 Παρθένος.
2592 3926 2791 3993 Στεὶραι
2848 3921 2939 3990 μὲν
2993 3914 3080 3970 οὖν
3136 3923 3223 3970 καὶ
3294 3918 3453 3971 illa:
3503 3922 3808 3989 γεγεννήκασι·

2251 4007 2434 4081 βρέφος
2489 4004 2547 4059 δὲ
2590 4004 2839 4059 οὐδέποτε
2886 4016 3209 4079 προφητικου
3247 4014 3593 4081 χαρίσματος
3631 4005 3807 4067 nimim

2249 4100 2322 4149 ἔτι
2378 4096 2424 4147 ἐν
2491 4096 2661 4168 κοιλίᾳ
2713 4100 2909 4168 μητρὸς
2970 4096 3125 4147 αὐτοῦ
3170 4098 3284 4167 ('28)
3351 4106 3642 4170 φερόμενον.
3692 4100 3812 4161 Γεγρ-

2246 4206 2395 4239 νασιν
2453 4186 2539 4237 οὖν
2599 4188 2664 4237 τὰ
2714 4188 2847 4237 κατὰ
2897 4190 2991 4243 τὴν
3054 4193 3259 4259 στεῖραν
3312 4190 3514 4243 ταύτην
3564 4180 3808 4257 παράδοξα,

2249 4276 2330 4327 ἵνα
2386 4276 2711 4327 πιστωθὼσι
2761 4279 2850 4327 καὶ
2905 4276 2968 4327 τὰ
3015 4278 3149 4326 κατὰ
3203 4280 3295 4333 τὴν
3358 4279 3611 4350 παρθένον
3659 4276 3810 4325 tam»

2247 4367 2372 4439 ὑπερ
2383 4369 2665 4436 gavia-rara.

2318 4469 2416 4516 Καὶ
2449 4460 2557 4515 εἷπε
2599 4494 2666 4503 —
2713 4466 2921 4536 Κύριον.
2954 4462 3235 4535 Μεγαλύνει
3280 4466 3309 4521 ἡ
3365 4464 3526 4537 ψυχή
3573 4484 3687 4536 μου,
3728 4478 3812 4511 τσνα

2243 4557 2439 4618 τέσ-ιν,
2502 4552 2757 4624 Εὑφημεί,
2805 4550 3034 4614 δοξάζει.
3096 4556 3463 4615 Πιστενούσης
3515 4551 3574 4606 δε
3627 4553 3650 4603 ὁ
3698 4551 3811 4617 λόγες

2244 4639 2411 4707 οὗτος,
2448 4642 2859 4715 εὖχαριστὴριος
2883 4644 2969 4695 ὧν.

2320 4754 2417 4801 Καὶ
2483 4748 2767 4820 ἡγαλλίασε
2834 4780 2904 4789 —-
2987 4754 3187 4821 Σωτῆρί
3262 4770 3387 4822 μου.
3478 4758 3677 4820 Πνεῦμα
3741 4750 3802 4799 rc”-

2241 4840 2441 4911 ψυχὴν,
2498 4838 2648 4889 πάλιν
2697 4844 2904 4894 νόησον,
2967 4838 3195 4911 Ἐχάρη,
3242 4845 3424 4911 φησὶν,
3462 4842 3489 4898 ἡ
3542 4838 3688 4910 ψυχή
3738 4852 3807 4905 μου

2242 4930 2326 4981 ἐπὶ
2380 4937 2451 4997 τῷ
2515 4935 2626 4998 Θεῷ
2680 4936 2750 4997 τῷ
2812 4933 3041 4979 σώσαντί
3102 4947 3183 5000 με.
3237 4934 3523 5001 Σέσωσμαι
3574 4936 3665 4999 γαρ
3710 4922 3805 4982 ἤδη.

2243 5018 2524 5081 ἀξιωθεῖσα
2570 5019 2810 5088 γενέσθαι
2850 5021 3035 5092 Μήτηρ
3078 5024 3230 5070 Θεοῦ.
3278 5015 3411 5072 Εἶτα
3458 5018 3595 5090 λὴει
3630 5020 3708 5068 καὶ
3741 5016 3807 5065 τὴν

2243 5109 2413 5161 αἰτίαν
2439 5114 2533 5168 τῆς
2564 5106 2927 5181 εὐχαριστίας,

1699 5269 1915 5339 Variae
1945 5272 2273 5341 lectiones
2305 5280 2371 5339 et
2402 5278 2602 5337 notae.

540 5438 651 5511 (25)
680 5440 759 5493 Ac
789 5435 837 5491 si
865 5438 1122 5511 κυηθεῖσα
1162 5436 1369 5507 legerit
1400 5440 1741 5499 Hentenius.
1773 5442 1940 5499 Male.

560 5510 649 5587 26)
707 5514 1031 5587 Ilpqqzopiav,_
1066 5510 1196 5587 sine
1249 5525 1429 5567 sensu
1448 5514 1518 5569 A.
1585 5512 1903 5571 Hentenius
1958 5514 2122 5574 haud

463 5581 641 5647 dubie
657 5581 861 5653 voluit,
881 5581 1311 5642 'certitudinem.

2305 5441 2419 5587 ('27;
2449 5441 2514 5495 In
2543 5439 2661 5496 alia
2687 5439 2897 5521 omnia
2931 5439 3182 5498 discedit
3216 5441 3544 5518 interpres.

2305 5514 2396 5586 (28
2445 5512 2615 5565 Αὐτοῦ
2644 5516 2860 5570 omittit
2884 5512 2952 5572 Β.

2304 5512 2418 5586 (28)
2445 5512 2615 5565 Αὐτοῦ
2644 5512 2860 5570 omittit
2884 5512 2952 5572 Β.
