3922 6200
139 176 221 232 873

1074 171 1441 230 COMMENT.
1488 170 1552 227 lN
1590 163 1859 222 LUCAM.
1897 197 1966 207 —
2004 166 2162 224 CAP.
2206 172 2246 225 l.

3309 179 3415 237 874

189 298 285 350 Ὀτι
319 326 375 336 -
409 293 567 347 αὐτοῦ.
623 291 745 346 Ἐπὶ
784 299 878 353 τὴν
926 292 1194 353 εὐτέλειαν.
1252 305 1497 352 Ταπεινοῖ
1546 297 1648 369 γὰρ

1833 292 1997 347 Vers.
2031 294 2117 349 48.
2173 295 2315 361 Quia
2348 327 2413 337 -—
2448 313 2584 354 suae.
2617 298 2707 355 Ad
2737 298 3086 358 utilitatem:
3145 303 3412 376 seipsam

136 389 298 452 ἑαυτὴν,
348 387 406 445 ὡς
450 381 648 444 ἀναξίαν
706 382 1012 441 τηλικούτου
1060 388 1364 462 πράγματος
1414 402 1427 417 ⁸
1480 388 1510 446 ἦ
1561 388 1651 438 καὶ

132 474 206 529 δια
228 479 304 532 τήν
330 476 609 525 ταπείνωσιν
647 480 742 533 τῆς
790 471 1114 548 ἀνθρωπίνης
1140 479 1362 548 -φύσεως
1396 479 1465 539 ὡς
1520 479 1650 547 πρὸς

132 568 178 617 τό
205 562 308 633 (alio,
330 569 410 622 τῆς
433 563 581 621 θείας.

186 648 300 705 ’1δού
325 680 382 691 -
410 654 584 720 γενεαί.
618 654 681 703 Δὶ
713 658 814 703 τῶν
840 656 1184 706 πιστευόντων
1218 650 1478 712 δηλονότι.

181 862 275 915 Ὀτι
299 893 358 902 -
384 857 609 924 δυνατός.
644 861 763 915 Ὀτι
805 862 1045 922 ἐποίησεν
1096 864 1167 927 εἰς
1209 864 1296 939 ἐμὲ
1323 866 1522 939 μεγάλα
1554 870 1645 920 καὶ

127 953 309 1026 ὑπερφυῆ
337 952 586 1023 θαυμάσια
614 952 641 1003 6
670 947 888 1014 δυνατὸς
919 961 1079 1007 ποιεῖν
1119 962 1358 1009 τοιαῦτα.

183 1168 262 1217 Καὶ
280 1162 405 1235 ἇγιον
429 1195 494 1203 -
513 1164 698 1220 αὐτοῦ.
736 1164 1044 1238 Ἐξαίρετον,
1069 1171 1224 1240 μέγα.

187 1254 263 1308 Καὶ
306 1255 355 1306 τό
398 1252 524 1316 ἔλεος
573 1285 644 1294 -
695 1254 874 1312 αὐτόν.
931 1260 1001 1309 T6
1062 1257 1155 1319 Εἰς
1198 1258 1371 1329 γενεὰν
1424 1262 1513 1310 καὶ
1557 1277 1644 1331 γε-

130 1342 233 1399 νεὰν,
276 1345 346 1393 καὶ
397 1344 449 1393 τὸ
502 1341 594 1401 Εἰς
646 1345 818 1414 γενεὰς
868 1352 1071 1415 γενεῶν,
1139 1349 1230 1397 καὶ
1295 1348 1361 1398 τὰ
1428 1353 1646 1399 τοιαῦτα

128 1432 170 1479 τὸ
219 1427 297 1481 Ἀεὶ
342 1435 646 1501 σημαίνουσι
701 1433 825 1506 παρ’
877 1431 1158 1507 Ἑϐραίοις.
1233 1438 1387 1506 Λέγει
1453 1440 1641 1501 τοίνυν,

122 1518 273 1569 intui
317 1522 366 1570 τό
394 1517 515 1581 ἔλεος
562 1520 723 1573 αὖτού
754 1520 833 1573 ἀεί
875 1519 1017 1575 ἔστιν
1062 1522 1112 1575 ἐν
1162 1531 1269 1586 τοίς
1314 1522 1646 1597 φοϐουμένοις

120 1605 258 1675 uiros,
304 1608 443 1678 ὅμοια
491 1607 721 1681 λέγουσα
781 1619 853 1682 τῷ
923 1607 1091 1664 Δαυῖδ
1160 1612 1411 1687 εἰρπκότν
1461 1616 1531 1666 Τὸ
1588 1609 1646 1666 δε
1674 1633 1714 1687 Β

66 1692 216 1753 “ᾗεος
267 1704 345 1747 τοῦ
406 1702 599 1772 Κυρίου
671 1696 772 1752 ἀπὸ
843 1707 934 1752 τοῦ
1006 1700 1190 1763 αἰῶνος
1244 1706 1331 1754 καὶ
1399 1701 1492 1764 ἕως
1554 1709 1648 1754 τοῦ

116 1782 258 1845 αἰῶνος
314 1783 387 1837 ἐπὶ
447 1790 567 1850 τοὺς
638 1787 986 1860 φοϐουμένους
1047 1789 1220 1844 αὐτόν.
1291 1791 1421 1846 Εἶτα
1488 1792 1648 1844 κατα-

110 1868 212 1939 is,“
256 1879 333 1925 καὶ
379 1873 528 1937 ἄλλας
592 1872 842 1948 δυνάμεις
898 1885 990 1930 τοῦ
1048 1887 1201 1944 Θεοῦ,
1258 1881 1322 1939 ὡς
1374 1881 1487 1941 ἔθος
1538 1888 1649 1943 τοῖς

110 1957 477 2032 εὖχαριστοῦσιν.

162 2047 375 2108 Ἐποίησε
432 2084 498 2095 -
578 2053 761 2107 αὐτοῦ.
827 2054 1074 2114 Ἐποίησε
1144 2056 1432 2129 μεγαλεῖον,
1501 2056 1647 2111 ἑποί-

107 2153 179 2191 sas
219 2143 347 2198 νίκην
392 2140 438 2193 ἓν
494 2139 719 2216 δυνάμει
770 2144 951 2197 αὐτοῦ.
1006 2144 1064 2197 Ὀ
1107 2143 1355 2221 βραχίων
1405 2148 1506 2221 γὰρ
1565 2146 1648 2200 ἓν·-

106 2227 237 2278 ταὺθα
277 2234 360 2287 τὴν
414 2228 636 2304 δύναμιν
678 2238 920 2305 σημαίνει
953 2253 966 2265 ·
1001 2230 1146 2287 διότι
1184 2237 1234 2287 οἱ
1276 2233 1651 2309 ἀγωνιζόμενοι

102 2311 138 2362 ἐν
161 2324 217 2384 τῷ
243 2316 478 2392 βραχίονι
506 2326 606 2380 τὴν
636 2318 858 2395 δύναμιν
882 2325 1092 2395 ἔχουσι.

152 2549 482 2619 Διεσιόρπισεν
545 2584 617 2592 -
679 2552 873 2608 αὐτῶν.
953 2557 1087 2616 Τοὺς
1161 2555 1523 2630 ὑπερηφάνους
1601 2554 1651 2607 ἒν

96 2639 141 2703 τῇ
191 2631 377 2711 διανοίᾳ
420 2648 514 2703 τῆς
573 2638 797 2717 καρδίας
864 2642 1052 2709 αὐτῶν,
1125 2647 1241 2705 τοὺς
1291 2646 1652 2720 ὑπερηφάνους

95 2738 131 2769 εν
152 2734 341 2786 εαυτοῐς.

151 2813 331 2868 Καθεῐλε
384 2848 451 2857 -
502 2821 709 2881 κενούς,
772 2819 968 2893 Ὀμοια
1015 2829 1185 2874 ταῦτα
1237 2831 1338 2875 τῶν
1393 2830 1489 2884 τῆς
1530 2821 1651 2875 Ἀν-

90 2918 160 2960 νης
207 2908 388 2979 μητρὸς
443 2916 538 2959 τοῦ
609 2908 869 2981 Σαμουὴλ,
946 2909 1211 2971 εἰπούσηςσ
1270 2914 1460 2985 Κύριος
1513 2932 1651 2965 πτω-

88 2991 207 3056 λέζει
248 2997 327 3044 καὶ
382 2995 675 3062 πλουτίζει,
741 3006 975 3051 ταπεινοῖ
1036 3005 1126 3052 καὶ
1188 2999 1397 3072 ἀνυψοῐ.
1460 3006 1650 3054 Λοιπὸν

88 3073 154 3127 οὖν
198 3088 489 3155 προῳητεύει
544 3091 639 3138 καὶ
712 3093 830 3162 περὶ
907 3095 997 3140 τοῦ
1048 3088 1211 3151 ἐλέους
1265 3097 1356 3143 τοῦ
1405 3090 1475 3152 εἰς
1534 3094 1652 3153 τοὺς

89 3170 403 3239 Χριστιανούς.
433 3179 590 3247 Λέγει
617 3178 741 3251 γὰρ·

139 3256 437 3314 Ἀντιλάϐετο
501 3296 571 3304 -
644 3264 830 3323 αὐτοῦ.
906 3265 1266 3338 Ἐπεσκέψατο
1328 3270 1413 3320 τὸν
1483 3268 1652 3343 Ἰσρα-

88 3341 278 3429 rimatis
302 3348 442 3418 λαόν,
486 3356 579 3405 τόν
632 3349 816 3406 δοῦλον
847 3353 1035 3410 αὐτοῦ.
1088 3352 1266 3408 Παῐδα
1306 3358 1406 3429 γὰρ
1448 3363 1536 3409 νῦν
1562 3341 1652 3410 τὸν

88 3425 238 3485 δοῦλον
259 3435 409 3509 λέγει,

141 3528 425 3585 κνησθῆναι
484 3561 558 3571 —
625 3531 806 3584 αἰῶνα.
876 3531 1206 3587 Ἀντελάϐετο
1270 3529 1329 3586 δε
1387 3539 1478 3588 καὶ
1546 3533 1656 3587 ἒπε-

86 3610 296 3686 σκιξθατο,
346 3616 396 3669 ἐν
453 3629 530 3690 τῷ
595 3621 897 3693 μνησθῆναι
967 3620 1134 3684 ἇλέους
1186 3622 1257 3685 εἰς
1317 3626 1402 3676 τὸν
1471 3624 1651 3689 αἰῶνα,

86 3701 214 3767 ἦγουν
285 3703 455 3770 ἐλέους
548 3710 764 3761 αἰωνίου
794 3753 808 3778 ,
876 3709 1042 3772 ἐλέους
1111 3708 1382 3775 διηνεκοῦς
1410 3753 1424 3777 ,
1485 3714 1657 3775 καθὼς

85 3788 281 3847 “alter
361 3798 540 3859 καθὼς
631 3797 978 3870 ἐπηγγείλατο
1052 3804 1182 3873 πρὸς
1241 3805 1360 3862 τοὺς
1428 3806 1655 3876 πατέρας

84 3878 215 3945 ἡμῶν.
275 3881 401 3938 Εἶτα
443 3886 589 3958 λέγει
642 3893 731 3939 καὶ
775 3894 914 3940 τίσιν
970 3888 1187 3946 ἐλάλησε
1251 3896 1365 3965 περὶ
1416 3900 1506 3943 τοῦ
1554 3910 1657 3943 τοι-

82 3968 206 4018 ούτου
234 3968 416 4042 ἐλέους,
450 3978 534 4028 ὅτι
579 3984 651 4046 τῷ
702 3975 940 4050 ’Λϐραάμ
990 3983 1079 4029 καὶ
1136 3988 1207 4049 τῷ
1259 3982 1521 4052 σπέρματι
1567 3980 1658 4032 αὐ·

79 4064 168 4123 τοῦ,
212 4063 365 4131 ἤγουν
404 4073 482 4135 τῷ
538 4066 725 4119 Ἰσαὰκ
771 4071 860 4118 καὶ
903 4074 975 4137 τῷ
1033 4066 1240 4132 Ἰακὼϐ,
1293 4073 1376 4120 ναὶ
1419 4074 1522 4140 μὴν
1567 4073 1657 4121 καὶ

80 4151 137 4211 τῷ
178 4148 351 4207 Δαυίδ.
396 4158 627 4216 Τούτοις
664 4157 766 4227 γὰρ
834 4158 904 4216 ὡς
958 4156 1362 4229 ἐπισημοτάτοις
1413 4177 1658 4230 αινιγμα-

79 4232 225 4298 ratio);
270 4238 628 4315 ἰπηγγείλατο
674 4248 792 4317 περὶ
846 4246 1055 4297 τούτου.
1115 4244 1292 4307 Ἔλεος
1342 4243 1400 4299 δε
1444 4247 1517 4309 εἰς
1572 4250 1659 4299 τὸν

1760 381 1920 437 enim
1945 380 2162 453 dejicit,
2195 385 2367 457 quasi
2417 390 2582 443 tanta
2611 403 2674 442 re
2711 388 3025 462 indignam
3068 408 3082 445 :
3117 390 3211 447 vel
3233 393 3414 449 etiam

1759 475 2003 542 propter
2016 472 2413 545 abjectionem
2428 476 2708 534 humanae
2721 482 2947 534 naturae
2959 486 3323 553 comparatae
3336 481 3415 538 ad

1760 557 2186 617 sublimitatem
2214 564 2454 620 divinas.

1756 728 1794 785 Γ
1828 647 1989 785 Vtere.
2021 649 2117 709 48.
2154 652 2293 708 Ecce
2338 684 2406 696 —
2441 654 2826 725 generationes.
2858 656 3235 714 Credentium
3261 659 3415 715 vide-

1780 745 1866 785 ice
1897 774 1910 785 .

1780 737 1910 786 icet.

1830 820 1993 876 Vers.
2022 826 2110 880 49.
2145 825 2286 891 Quia
2310 858 2377 867 —
2403 828 2498 898 qui
2517 835 2704 899 potens
2731 836 2829 886 est.
2858 830 3011 895 Quia
3042 831 3177 887 fecit
3213 831 3274 887 in
3315 846 3413 887 me

1755 923 1979 979 magna
2004 915 2482 983 supernaturalia
2504 917 2813 987 miracula,
2840 918 2938 990 qui
2955 919 3032 975 ad
3057 919 3411 990 hujusmodi

1753 995 2026 1056 facienda
2050 1005 2261 1072 potens
2286 1007 2395 1059 est.

1826 1086 1987 1143 Vers.
2018 1091 2106 1144 49.
2147 1090 2223 1145 Et
2246 1092 2451 1164 factum
2478 1124 2546 1135 —
2571 1094 2704 1166 ejus.
2739 1094 3058 1163 Eximium,
3094 1110 3409 1163 magnum.

1828 1177 1987 1232 Vers.
2014 1178 2102 1235 50.
2145 1180 2222 1234 Et
2264 1181 2648 1238 misericordia
2674 1215 2745 1224 —
2782 1200 2921 1239 eum.
2981 1183 3153 1249 Quod
3177 1182 3407 1249 dicitur,

1752 1263 1823 1319 In
1847 1268 2158 1339 progeniem
2185 1276 2234 1324 et
2260 1271 2570 1341 progeniem
2593 1286 2619 1328 .°
2646 1276 2722 1337 et,
2762 1272 2831 1327 In
2870 1272 3236 1343 generationes
3256 1287 3413 1344 gene-

1752 1354 2048 1422 rationum,
2077 1356 2314 1431 aliaque
2356 1359 2592 1426 similia,
2653 1361 2809 1417 idem
2865 1360 3209 1432 signiﬁcant
3245 1361 3413 1434 quod

1757 1444 2021 1517 Semper,
2040 1447 2203 1518 apud
2234 1447 2531 1504 Hebraeos.
2553 1448 2882 1520 Dicitergo,
2904 1449 3069 1523 quod
3098 1451 3275 1506 etiam
3306 1451 3412 1505 mi-

1758 1533 2083 1590 sericordia
2102 1535 2154 1605 ej
2166 1552 2231 1590 us
2248 1552 2486 1608 semper
2497 1542 2586 1592 est
2608 1537 2669 1593 in
2684 1538 2798 1605 his,
2813 1539 2917 1610 qui
2937 1538 3142 1593 timent
3169 1538 3360 1608 ipsum
3391 1554 3406 1603 ;

1758 1619 1969 1677 similia
1994 1621 2248 1695 loquens
2287 1640 2427 1680 cum
2482 1625 2685 1691 David,
2727 1626 2829 1698 qui
2869 1626 2989 1684 ait:
3023 1625 3413 1683 Misericordia

1756 1708 1982 1765 Domini
2009 1712 2076 1766 ab
2104 1718 2303 1768 (sterno
2351 1720 2405 1769 et
2435 1730 2601 1786 usque
2630 1714 2690 1769 in
2740 1721 3003 1770 wternum
3025 1731 3192 1786 super
3221 1715 3412 1769 timen-

1755 1806 1836 1856 tes
1870 1817 1987 1855 eum
2009 1802 2049 1855 ⁸.
2086 1802 2307 1857 Deinde
2344 1807 2614 1860 recenset
2652 1807 2710 1860 et
2759 1803 2911 1860 alias
2951 1803 3055 1859 Dei
3081 1804 3322 1860 virtutes
3347 1808 3412 1858 ut

1755 1888 1941 1944 moris
1964 1894 2051 1946 est
2078 1890 2190 1955 his,
2224 1891 2327 1962 qui
2352 1892 2574 1964 gratias
2604 1897 2811 1963 agunt.

1827 1979 1997 2035 Vers.
2046 1983 2133 2034 5t.
2166 1980 2324 2036 Fecit
2349 2012 2416 2022 -—
2463 1998 2644 2039 suum.
2678 1981 2837 2038 Fecit
2876 1981 3409 2051 magniﬁcentiam,

1757 2065 1891 2122 fecit
1926 2067 2239 2125 victoriam
2271 2084 2376 2141 per
2412 2068 2818 2126 fortitudinem
2858 2085 3055 2126 suam.
3103 2071 3242 2125 Nam
3276 2069 3414 2125 bra-

1757 2155 1960 2212 chium
1970 2156 2087 2212 hoc
2114 2157 2177 2212 in
2205 2156 2341 2214 loco
2358 2157 3098 2228 signiﬁcatiortitudinem.
3119 2157 3231 2223 Qui
3247 2158 3411 2213 enim

1757 2242 1817 2299 in
1844 2244 2268 2302 certaminibus
2302 2251 2593 2319 pugnant,
2632 2247 2694 2303 in
2720 2246 2972 2303 brachio
3006 2246 3412 2303 fortitudinem

1757 2332 2003 2390 habent.

1830 2421 1999 2478 Vers.
2054 2424 2142 2479 51.
2192 2424 2457 2496 Dispersi:
2516 2455 2581 2466 ——
2629 2424 2738 2481 sui.
2795 2422 3099 2497 Superbos
3147 2423 3208 2480 in
3259 2423 3416 2494 cogi-

1758 2511 1982 2567 tatione
2002 2511 2199 2568 cordis
2225 2513 2337 2579 sui,
2371 2513 2666 2586 superbos
2692 2513 2854 2586 apud
2893 2511 3148 2586 seipsos.

1830 2813 1994 2870 Vers.
2026 2817 2113 2869 52.
2149 2814 2407 2871 Παταρειί
2435 2846 2506 2857 -
2559 2814 2726 2871 Vers.
2781 2815 2872 2872 53.
2912 2814 3120 2870 inanes.
3190 2812 3417 2871 Similia

1760 2908 1895 2958 sunt
1913 2902 2028 2972 his,
2069 2918 2207 2975 quas
2237 2903 2380 2961 dixit
2412 2905 2605 2971 Anna,
2654 2907 2843 2961 mater
2870 2902 3165 2960 Samuelis
3193 2919 3206 2958 :
3239 2902 3416 2958 Domi-

1760 3008 1861 3047 nus
1906 3008 2200 3063 pauperem
2225 2993 2367 3065 facit
2393 3000 2442 3048 et
2479 2993 2626 3048 ditat
2648 3009 2666 3059 ;
2724 2992 2985 3049 humiliat
3014 2999 3065 3049 et
3094 2991 3331 3048 sublevat
3355 2992 3408 3048 ⁷.

1763 3080 2047 3153 Deinceps
2078 3096 2220 3149 ergo
2250 3081 2605 3138 vaticinatur
2633 3085 2692 3137 et
2738 3081 2815 3138 de
2840 3080 3247 3139 misericordia
3275 3095 3419 3151 erga.

1760 3169 2140 3226 Christianos.
2166 3170 2312 3226 Dicit
2339 3170 2500 3226 enim
2532 3188 2547 3229 :

1833 3259 1994 3312 Vers.
2022 3258 2114 3314 54.
2154 3258 2489 3316 Αυαὶιίαιιιε
2516 3264 2593 3312 est
2616 3288 2683 3299 -—
2714 3274 2834 3314 suo.
2893 3255 3161 3313 Visitavit
3188 3255 3419 3313 Israeli-

1761 3346 1940 3403 ticum
1957 3346 2249 3418 populum
2263 3362 2465 3417 suum,
2478 3361 2718 3403 servum
2737 3361 2947 3417 suum;
2975 3360 3232 3419 puerum
3254 3344 3417 3401 enim

1761 3435 1904 3493 dicit
1928 3450 2091 3491 nunc
2119 3449 2382 3492 servum.

1834 3535 1991 3589 Vers.
2029 3533 2117 3587 55.
2155 3532 2226 3589 Ut
2261 3546 2467 3589 memor
2494 3536 2624 3588 esset
2649 3561 2722 3574 ——
2768 3531 3046 3589 saeculum.
3084 3529 3418 3588 Auxiliatus

1763 3627 1851 3679 est
1878 3620 2233 3687 etvisitavit,
2267 3626 2333 3677 ut
2358 3636 2591 3678 memor
2606 3624 2759 3678 esset
2779 3618 3197 3677 misericordia:
3222 3620 3285 3675 in
3309 3636 3422 3676 sse-

1763 3711 1963 3768 culum
1992 3727 2006 3766 :
2039 3711 2162 3767 sive
2192 3709 2620 3767 misericordiae
2672 3709 3072 3783 sempiternas,
3104 3709 3421 3768 continuas.

1766 3801 1926 3857 Sicut
1979 3798 2213 3856 locutus
2274 3803 2382 3866 est,
2452 3801 2603 3855 sicut
2657 3797 3033 3855 annuntiavit
3088 3798 3165 3855 ad
3218 3801 3421 3871 patres

1763 3895 2024 3946 nostros.
2060 3888 2277 3944 Deinde
2308 3888 2445 3945 dicit
2475 3888 2675 3957 etiam,
2706 3886 2929 3960 quibus
2966 3887 3201 3944 locutus
3229 3891 3318 3943 est
3346 3886 3423 3943 de

1765 3979 1866 4050 huj
1880 3978 2112 4034 usmodi
2130 3976 2563 4043 misericordia,
2586 3977 2753 4050 quod
2769 3975 3356 4034 videlicetAbraham
3367 3982 3425 4034 et

1766 4068 1978 4123 semini
2024 4068 2176 4138 ejus,
2246 4066 2468 4123 scilicet
2524 4067 2690 4123 Isaac
2744 4071 2798 4123 et
2853 4065 3042 4123 Jacob
3096 4084 3111 4119 :
3166 4065 3425 4137 profecto

1768 4162 1824 4212 et
1861 4154 2074 4212 David.
2120 4156 2218 4211 His
2263 4156 2445 4219 enim,
2502 4160 2699 4226 utpote
2754 4154 3013 4211 maxime
3062 4153 3422 4226 insignibus,

1767 4243 2139 4315 aenigmatice
2154 4251 2209 4300 et
2222 4243 2297 4299 de
2317 4244 2432 4300 hoc
2444 4242 2842 4299 annuntiavit.
2868 4242 3268 4299 Misericordia
3280 4256 3424 4299 vero

79 4322 212 4376 αἰῶνα
262 4331 292 4387 ἡ
350 4333 468 4384 θεία
523 4332 939 4406 ἐνανθρώπησις,
988 4336 1053 4394 ὡς
1110 4331 1184 4387 δι’
1231 4334 1364 4387 ἵλεον
1419 4344 1520 4387 τῶν
1578 4334 1656 4387 ἁν-

1830 4333 1998 4399 citur,
2013 4334 2205 4388 incarn
2213 4331 2334 4388 alio
2346 4331 2571 4397 divina,
2591 4335 2795 4403 utpote
2811 4346 2916 4403 per
2928 4329 3424 4392 misericordiam,

77 4411 259 4484 θρώπων
325 4426 676 4495 γεγενημένη,
752 4420 807 4474 ἐκ
884 4427 1175 4499 σπέρματος
1260 4423 1498 4498 Ἀϐραὰμ
1570 4427 1661 4476 καὶ

76 4509 158 4550 τῶν
206 4506 481 4581 εἰρημένων
541 4513 671 4563 υἱῶν
721 4516 812 4564 καὶ
873 4510 1096 4584 ἐκγόνων
1149 4512 1332 4582 αὐτοῦ,
1376 4515 1513 4566 κατὰ
1565 4516 1661 4571 τὴν

74 4592 181 4660 ’φάς
207 4595 391 4662 αὖτοὺς
423 4598 765 4673 ἐπαγγελίαν.

134 4681 402 4759 Ἀπορήσει
459 4686 524 4743 δέ
583 4708 685 4752 τις,
744 4698 855 4751 πῶς
903 4689 1203 4744 ἀντελάϐετο
1257 4698 1350 4743 τοῦ
1398 4689 1661 4764 Ἰσραηλισ

75 4779 197 4823 tum}
246 4773 373 4829 λαοῦ
427 4780 456 4830 6
519 4782 649 4840 Θεὸς
704 4776 753 4830 ἐν
803 4787 877 4851 τῷ
928 4782 1230 4853 μνησθῆναι
1276 4788 1366 4832 τοῦ
1420 4781 1661 4854 ῥηθέντος

74 4856 214 4924 δέθυς
260 4881 274 4929 ;
322 4877 426 4920 τῶν
506 4876 842 4941 Χριστιανῶν
910 4872 1013 4945 γὰρ
1083 4868 1272 4941 μᾶλλον
1336 4867 1658 4934 ἀντελάϐετο,

73 4953 142 4997 καὶ
184 4951 240 5003 οὐ
294 4964 393 5006 τῶν
452 4952 759 5014 Ἰουδαίων,
836 4960 975 5030 Πρός
1032 4957 1086 5010 ὃν
1143 4956 1529 5033 ἁπόκρινόμεθα
1582 4960 1663 5011 ὅτι

70 5036 261 5102 rcitato;
316 5048 409 5115 μεν
450 5045 682 5118 Ἰσραὴλ
735 5047 763 5097 6
817 5045 1033 5108 παλαιὸς
1085 5046 1224 5108 λαός·
1284 5050 1394 5108 νέος
1450 5044 1510 5100 δε
1558 5048 1664 5101 Ἰσ-

71 5126 185 5193 ,οαήὶ
239 5131 264 5181 ό
317 5136 428 5195 uio;
488 5133 644 5201 λαὸς,
700 5135 727 5185 6
794 5133 1161 5207 ἆντεισαχθεὶς
1218 5134 1431 5205 ἐκείνου,
1490 5139 1665 5189 τουτέ-

70 5231 167 5266 στιν
201 5220 226 5270 ό
270 5225 679 5296 Χριστιανικός,
732 5224 759 5275 ὁ
815 5222 871 5276 ἐκ
931 5227 1122 5288 παντὸς
1177 5226 1349 5286 ἔθνους
1396 5230 1668 5297 συγκείμε-

71 5320 161 5361 νος.
195 5308 383 5362 Τοῦτον
433 5312 530 5363 οὖν
580 5315 668 5364 τὸν
715 5311 923 5386 Ἰσραὴλ
959 5312 1182 5367 ἐνταῦθα
1227 5318 1434 5373 νόησον.
1493 5314 1557 5369 Εἰ
1608 5311 1667 5367 δὲ

70 5396 144 5444 καὶ
191 5400 273 5449 τόν
322 5398 559 5453 παλαιόν
612 5405 827 5474 νοήσῃς,
874 5402 1097 5463 σώζεται
1148 5406 1239 5455 καὶ
1282 5402 1447 5466 οὕτως
1502 5404 1529 5455 6
1585 5402 1666 5455 λό-

131 5541 272 5604 Psal.
305 5565 404 5621 cu,
437 5555 531 5607 t7.
612 5553 633 5587 ⁷
666 5555 805 5623 Reg.
839 5568 900 5619 ιι,
934 5554 986 5608 7.

334 5648 569 5706 Pas-nor.
609 5649 712 5706 Gn.
754 5649 1001 5708 CXXIX.

1763 4424 1908 4496 quia
1926 4422 2206 4479 misertus
2225 4426 2316 4477 est
2341 4418 2878 4486 Deus,hominibus
2901 4418 3063 4475 facta
3091 4433 3164 4474 ex
3194 4415 3427 4474 semine

1762 4512 2070 4569 Abraham
2099 4511 2517 4582 dictorumque
2537 4508 2824 4573 ﬁliorum,
2850 4523 2921 4564 ac
2941 4507 3021 4565 ab
3048 4522 3120 4565 eo
3141 4508 3422 4580 progeni-

1764 4608 1985 4666 torum,
2014 4600 2189 4672 juxta
2216 4598 2687 4673 promissionem
2724 4597 2805 4654 ad
2834 4611 2938 4654 eos
2966 4596 3213 4654 factam.

1840 4689 2148 4746 Dubitabit
2175 4688 2416 4762 aliquis,
2443 4686 2754 4761 quomodo
2807 4685 3129 4743 auxiliatus
3168 4685 3247 4742 sit
3269 4684 3432 4742 Deus

1767 4778 2085 4835 Israelitico
2108 4775 2353 4850 populo,
2385 4781 2450 4833 ut
2470 4790 2703 4833 memor
2722 4779 2879 4832 esset
2900 4774 3075 4831 dictas
3099 4772 3432 4833 misericor-

1768 4866 1883 4923 diae
1895 4867 1922 4923 ‘I
1936 4865 2285 4923 Christianis
2296 4880 2561 4938 namque
2573 4865 2774 4938 potius
2785 4862 3107 4921 auxiliatus
3123 4868 3230 4930 est,
3242 4877 3433 4936 quam

1768 4956 2017 5014 Judasis.
2044 4956 2147 5012 Cui
2172 4953 2621 5027 respondemus,
2653 4954 2821 5027 quod
2848 4956 3024 5009 vetus
3057 4951 3242 5010 Israel
3280 4951 3436 5009 anti-

1770 5062 1928 5120 quus
1948 5050 2039 5102 est
2058 5044 2319 5118 populus
2341 5061 2357 5112 ;
2376 5058 2569 5103 novus
2584 5048 2785 5100 autem
2807 5042 3010 5109 Israel,
3027 5057 3219 5103 novus
3245 5055 3438 5115 popu-

1770 5134 1866 5192 lus
1896 5150 2005 5207 pro
2035 5134 2134 5190 illo
2162 5135 2469 5198 inductus,
2508 5131 2624 5188 hoc
2653 5136 2766 5197 est,
2798 5131 3192 5199 Christianus,
3231 5129 3337 5203 qui
3363 5144 3439 5185 ex

1773 5225 1942 5282 omni
1958 5228 2132 5294 gente
2154 5222 2457 5288 consistit;
2485 5221 2647 5278 hunc
2663 5235 2807 5290 ergo
2829 5220 3014 5278 Israel
3028 5220 3127 5277 hic
3151 5218 3431 5291 intelligo.

1779 5313 2002 5380 Quodsi
2014 5312 2195 5367 etiam
2206 5316 2468 5367 veterem
2488 5309 2871 5381 intellexeris,
2890 5310 2971 5368 ita
2982 5324 3228 5383 quoque
3241 5322 3440 5365 sermo

1779 5400 2111 5459 constabit:
2131 5404 2373 5473 propter
2390 5398 2562 5457 illum
2581 5399 2743 5466 enim
2759 5397 3146 5471 potissimum
3166 5400 3442 5453 incarna-

3094 5642 3164 5698 28
