3922 6200
511 214 618 268 875

511 339 602 390 tus
654 336 743 388 est
796 346 809 386 :
873 331 1091 388 deinde
1156 336 1213 389 et
1271 332 1350 388 ab
1395 331 1480 388 eis
1537 334 1789 388 matrem
1832 328 2024 397 elegit,
2089 341 2158 382 ac

508 427 799 492 cognatus
820 421 1058 476 illorum
1090 427 1472 496 nuncupatus
1501 427 1605 487 est,
1638 426 1694 476 et
1723 419 1886 491 apud
1905 417 2033 472 illos
2055 415 2159 470 do-

504 512 643 575 cuit,
680 527 750 566 ac
782 511 1070 566 miracula
1113 517 1389 582 operatus
1417 516 1540 566 est:
1575 509 1832 580 ideoque
1882 505 2153 562 dicebat:

503 599 634 655 Non
662 617 783 654 sum
812 601 1022 663 missus,
1067 600 1173 654 nisi
1197 601 1266 654 ad
1291 601 1530 672 perditas
1550 617 1664 653 ove:
1689 600 1872 652 domus
1904 594 2077 650 Israel
2112 595 2153 646 ⁸.

507 689 657 754 Quia
703 706 844 745 vero
903 691 969 744 In
1019 708 1117 745 sua
1157 690 1320 752 venit,
1375 697 1428 745 et
1487 691 1577 744 sui
1639 706 1756 742 eum
1801 704 1905 740 non
1949 699 2158 752 recepe-

506 785 640 833 runt
689 782 732 844 θ,
797 779 932 834 ideo
991 786 1194 849 gentes
1240 778 1649 834 misericordia
1695 778 1885 847 dignae
1935 771 2157 829 habitae

505 872 664 925 sunt.

582 959 745 1015 Vers.
777 958 862 1012 56.
895 958 1084 1012 Mansit
1115 987 1184 998 -—
1212 959 1408 1012 tribus.
1442 956 1550 1011 Per
1580 955 1950 1010 voluntatem
1989 952 2156 1007 vide-

500 1047 639 1103 licet
674 1047 876 1118 sponsi
913 1064 924 1101 :
954 1047 1176 1119 Joseph
1222 1047 1382 1102 enim
1414 1051 1469 1101 et
1497 1045 1846 1100 Zachariam
1891 1049 1947 1098 et
1976 1043 2155 1098 Eliza-

500 1135 644 1190 beth
671 1140 914 1190 sanctos
929 1151 1052 1190 esse
1068 1136 1314 1201 sciebat,
1329 1140 1384 1192 et
1405 1135 1610 1190 animo
1637 1133 1939 1189 lentissimo
1962 1133 2156 1202 Virgi-

501 1239 641 1280 nem
666 1223 749 1278 eis
777 1224 1062 1279 tradidit:
1106 1241 1229 1280 non
1286 1224 1502 1289 solum,
1553 1222 1691 1295 quia
1742 1221 1981 1288 cognati
2024 1220 2154 1291 ejus

501 1315 690 1377 erant,
723 1328 933 1368 verum
959 1313 1160 1380 etiam,
1193 1314 1338 1388 quia
1365 1310 1922 1384 irreprehensibiles.
1950 1309 2156 1365 Mansit

501 1405 702 1456 autem
717 1417 910 1473 usque
923 1403 994 1456 ad
1009 1408 1248 1474 partum
1262 1402 1554 1458 Elizabeth
1568 1401 1731 1473 apud
1744 1399 1906 1455 illam
1917 1443 1930 1466 ,
1951 1402 2153 1470 utpote

499 1494 988 1560 cognoscentem,
1013 1491 1178 1562 quod
1209 1492 1268 1546 in
1298 1508 1360 1547 se
1390 1490 1675 1561 agebatur
1694 1490 2044 1561 mysterium
2066 1505 2077 1543 :
2100 1493 2154 1543 et

500 1577 579 1634 ob
610 1579 668 1632 id
701 1585 1004 1634 amantem
1046 1579 1218 1645 hanc,
1252 1587 1306 1635 et
1328 1580 1405 1635 ab
1436 1580 1549 1634 hac
1576 1586 1860 1634 amatam.

571 1669 732 1721 Vers.
759 1669 849 1720 56.
891 1669 968 1722 Et
1021 1685 1234 1722 reversa
1281 1676 1357 1722 est
1386 1701 1454 1707 —
1482 1685 1650 1722 suam.
1695 1669 1972 1724 Devitans
2027 1683 2149 1731 eos,

498 1755 596 1827 qui
613 1755 687 1810 ob
702 1760 910 1810 natum
932 1757 1220 1812 infantem
1236 1757 1313 1812 ad
1326 1757 1575 1813 domum
1591 1757 1889 1812 Zachariae
1907 1773 2152 1812 concur-

497 1859 624 1900 rere
647 1845 963 1900 debebant.
998 1849 1132 1901 Erat
1157 1851 1359 1901 autem
1382 1852 1436 1901 et
1454 1846 1660 1909 moris,
1685 1851 1745 1900 ut
1763 1846 2153 1902 abscederent

498 1934 777 2004 virgines,
806 1951 941 1990 cum
973 1936 1242 2007 pariturae
1276 1940 1444 1991 erant
1472 1941 1872 2007 praegnantes.

569 2025 723 2078 Vers.
751 2028 835 2078 57.
869 2023 988 2094 Ipsi
1020 2055 1089 2065 —
1143 2025 1307 2079 Vers.
1365 2025 1458 2080 59.
1503 2041 1757 2095 puerum.
1807 2025 2149 2080 Secundum

494 2111 693 2181 legem
707 2155 720 2167 .

566 2201 732 2257 Vers.
789 2203 881 2258 59.
938 2203 1014 2256 Et
1063 2203 1329 2257 vocabant
1375 2232 1443 2243 -
1499 2203 1848 2261 Zachariam.
1905 2202 2149 2258 Plurimi

495 2291 644 2346 enim
671 2290 776 2345 ﬁlii
817 2295 1054 2361 patrum
1095 2291 1444 2346 nominibus
1471 2293 1668 2347 vocati
1702 2297 1862 2349 sunt.

562 2380 728 2436 Vers.
790 2379 876 2434 60.
909 2381 982 2434 Et
1039 2380 1356 2451 respondens
1402 2412 1469 2420 —
1510 2383 1762 2436 Joannes.
1822 2385 1869 2436 Α
1932 2382 2148 2454 Spiritu

493 2473 699 2523 sancto
714 2467 842 2540 ipsa
856 2484 1095 2540 quoque
1109 2484 1324 2522 nomen
1342 2469 1508 2540 pueri
1525 2469 1811 2526 didicerat
1823 2470 1954 2526 ideo
1969 2472 2144 2526 etiam

494 2556 845 2624 conabatur,
893 2562 954 2611 ut
979 2557 1105 2628 ipse
1139 2564 1452 2612 vocaretur
1480 2559 1765 2616 Joannes.

565 2647 734 2702 Vers.
772 2647 862 2700 61.
886 2648 966 2700 Et
991 2646 1256 2702 dixerunt
1282 2679 1349 2686 —
1383 2647 1544 2702 Vers.
1578 2652 1665 2702 62.
1715 2665 1851 2702 eum.
1900 2651 2053 2704 Nutu
2079 2649 2148 2704 il-

491 2733 618 2790 lum
638 2733 1103 2804 interrogabant,
1133 2740 1192 2790 ut
1217 2735 1321 2807 qui
1341 2736 1523 2791 etiam
1547 2737 1751 2793 audire
1779 2754 1898 2793 non
1922 2744 2142 2806 posset,

493 2823 673 2878 veluti
700 2823 973 2895 superius
1006 2823 1454 2879 manifestatum
1479 2831 1585 2880 est.
1614 2825 1789 2881 Aiunt
1814 2829 1997 2891 enim,
2027 2843 2146 2883 uno

493 2912 758 2983 quodam
781 2927 966 2967 nervo
997 2912 1286 2980 colligatis
1314 2928 1444 2968 esse
1474 2914 1714 2969 audenti
1740 2915 2146 2988 loquendique

490 3001 685 3056 vires:
704 3001 836 3056 ideo
864 3001 1282 3073 nequeaudire
1306 3017 1483 3073 posse
1510 3019 1633 3068 eos,
1652 3005 1755 3076 qui
1783 3020 1819 3060 a
1843 3006 2144 3060 nativitate

492 3089 632 3144 muti
667 3097 824 3145 sunt.
854 3091 1151 3146 Zacharias
1188 3106 1328 3160 ergo
1358 3091 1440 3146 ita
1492 3091 1600 3148 fuit
1651 3093 1851 3149 ablata
1889 3094 2142 3166 loquela,

492 3179 643 3234 sicut
666 3179 756 3250 iis,
789 3179 893 3250 qui
923 3196 958 3234 a
979 3179 1294 3235 Nativitate
1326 3179 1428 3236 illa
1465 3182 1674 3252 privati
1707 3188 1858 3238 sunt.

563 3268 730 3323 Vers.
765 3273 851 3324 '73.
884 3269 957 3322 Et
989 3269 1294 3340 postulatis
1349 3301 1420 3312 --
1448 3271 1582 3341 ejus.
1634 3272 1966 3338 Postulatis,
2019 3288 2143 3328 non

491 3373 597 3431 per
619 3374 844 3425 vocem,
876 3357 980 3412 sed
1012 3359 1278 3413 similiter
1309 3374 1412 3429 per
1441 3365 1675 3414 nutum.

561 3447 724 3502 Vers.
777 3447 866 3503 63.
912 3448 988 3500 Et
1019 3447 1210 3501 mirati
1258 3454 1384 3501 sunt
1436 3449 1699 3503 universi.
1755 3449 1940 3504 Mirati
1981 3456 2138 3517 sunt,

490 3536 796 3607 quomodo
818 3536 921 3605 qui
948 3551 1056 3589 nec
1073 3536 1278 3590 audire
1303 3535 1382 3590 ab
1408 3535 1726 3602 Elizabeth,
1747 3553 1854 3592 nec
1873 3540 1924 3592 ei
1946 3539 2141 3594 dicere

488 3626 604 3680 hoc
639 3628 934 3696 potuerat,
969 3639 1104 3677 cum
1155 3640 1227 3678 ea
1256 3625 1672 3680 conveniebat.
1705 3627 2024 3682 Verisimile
2055 3634 2142 3683 est

490 3713 671 3776 enim,
717 3711 1005 3766 Elisabeth
1045 3713 1322 3766 certiores
1378 3711 1508 3766 illos
1552 3713 1780 3784 fecisse,
1829 3717 1982 3786 quod
2019 3733 2139 3773 non

487 3815 590 3872 per
619 3801 974 3870 scripturam
1013 3799 1248 3854 boc'vel
1277 3799 1538 3867 dixisset,
1569 3801 1661 3857 vel
1689 3803 1968 3862 audisset.

561 3889 726 3942 Vers.
741 3887 830 3942 64.
859 3888 1119 3957 Apertum
1153 3919 1205 3928 —
1226 3889 1408 3942 Deum.
1426 3921 1493 3929 —
1513 3892 1781 3961 Apertum
1800 3901 1900 3960 est,
1919 3894 2032 3951 hoc
2054 3901 2140 3952 est

488 3978 549 4032 in
601 3993 814 4032 vocem
857 3975 1120 4032 solutum
1183 3984 1289 4032 est.
1343 3979 1712 4035 Manifestum
1765 3987 1857 4037 est
1913 3990 2134 4050 autem,

486 4065 653 4137 quod
683 4069 741 4120 et
769 4065 1006 4120 auditus
1038 4065 1255 4136 pariter
1281 4066 1511 4122 solutus
1541 4073 1652 4125 est.
1683 4070 1843 4126 Sicut
1859 4073 2015 4128 enim
2037 4091 2140 4146 pa-

486 4155 626 4210 riter
643 4154 879 4211 ablatus
914 4154 1120 4219 fuerat,
1156 4155 1238 4212 ita
1283 4172 1519 4228 quoque
1547 4159 1760 4229 pariter
1781 4161 2008 4217 solutus
2029 4169 2134 4220 est.

559 4245 728 4302 Vers.
758 4245 846 4301 65.
868 4245 942 4298 Et
963 4244 1141 4316 factus
1161 4248 1237 4299 est
1255 4275 1324 4289 -—
1344 4261 1548 4302 eorum.
1581 4247 1781 4304 Timor
1805 4265 1928 4322 praa
1950 4252 2136 4308 admi-

483 4336 731 4392 ratione.

555 4426 717 4482 Vers.
745 4429 833 4480 65.
891 4426 970 4480 Et
1009 4425 1069 4478 in
1097 4454 1166 4465 —
1195 4424 1320 4480 haec.
1353 4426 1494 4490 Qum
1538 4431 1707 4482 erant
1761 4428 1916 4486 circa
1963 4431 2138 4488 mira-

486 4515 638 4582 cula,
660 4515 835 4580 facta,
855 4515 913 4570 in
932 4514 1312 4586 impositione
1334 4516 1586 4570 nominis
1614 4519 1806 4588 pueri,
1830 4521 2137 4590 quomodo

485 4602 788 4672 inopinate
839 4605 898 4659 in
965 4619 1037 4660 eo
1081 4609 1354 4674 parentes
1405 4613 1806 4662 convenerant
1851 4624 1863 4662 :
1919 4615 1976 4665 et
2018 4627 2137 4682 quo

488 4695 661 4760 pacto
687 4707 724 4745 a
748 4693 1028 4749 Zacharia
1076 4693 1425 4750 mirabiliter
1465 4693 1665 4751 ablata
1709 4701 1834 4752 erat
1883 4697 2137 4767 loquelae

487 4779 751 4834 carentia
778 4794 793 4845 ;
825 4780 1091 4836 similiter
1121 4786 1177 4838 et
1203 4799 1341 4855 quae
1362 4799 1400 4839 a
1426 4783 1714 4854 principio
1739 4785 1818 4841 ad
1843 4787 2021 4844 ﬁnem
2044 4806 2140 4845 us-

484 4881 604 4939 que
621 4867 1015 4937 contigerant.

558 5045 580 5080 ⁸
605 5045 803 5103 Matth.
828 5063 929 5114 xv,
959 5050 1048 5105 24.
1126 5050 1148 5086 °
1171 5050 1336 5106 Joan.
1369 5051 1423 5115 1,
1454 5053 1544 5107 11.

1826 199 2176 260 EUTHYMII
2227 197 2552 255 ZIGABENI

2187 322 2236 377 Α
2265 343 2377 394 γος.
2421 327 2495 378 Δι’
2545 327 2699 378 αὐτὸν
2751 330 2851 401 γὰρ
2904 327 3092 398 μᾶλλον
3150 327 3561 400 ἑνηνθρωπησεν,
3618 326 3708 380 ἐπεὶ
3745 337 3811 381 καὶ

2269 411 2321 475 ἐξ
2377 414 2545 466 αὐτῶν
2602 415 2857 478 ἐξελέξατο
2917 421 3132 488 μητέρα,
3213 422 3302 467 καὶ
3377 421 3625 487 συγγενὴς
3683 418 3809 468 αὐτῶν

2266 501 2611 578 ἐχρημάτισε,
2663 511 2752 558 καὶ
2791 491 2914 578 παρ’
2965 506 3140 566 αὐτοῖς
3179 501 3450 568 ἐδίδασκε,
3502 511 3585 557 καὶ
3631 504 3809 576 ἐθαυμα-

2264 596 2471 667 τούργει
2508 612 2520 624 '
2555 591 2638 646 διὸ
2692 601 2780 647 καὶ
2837 595 3000 665 ἔλεγεν
3055 598 3132 646 ὁτι
3193 595 3302 646 Ούκ
3353 593 3637 649 ἀπεστάλην
3689 594 3723 645 εἰ
3760 603 3806 663 μὴ

2267 682 2337 742 εἰς
2383 685 2446 733 τὰ
2487 682 2725 757 πρόϐατα
2770 687 2834 735 τὰ
2889 683 3188 735 ἀπολωλότα
3239 687 3383 734 οἴκου
3433 682 3657 756 Ἰσραήλ.
3704 684 3808 734 Ἐπεί

2267 767 2324 822 δὲ
2356 772 2423 832 εἰς
2455 775 2519 823 τὰ
2548 769 2666 824 ἴδια
2702 770 2844 839 ἦλθε,
2886 779 2975 825 καὶ
3014 775 3061 824 οἱ
3111 770 3243 824 ἴδιοι
3281 773 3434 824 αὐτὸν
3466 771 3523 822 ού
3556 771 3806 844 παρέλαϐον,

2263 858 2438 912 λοιπὸν
2465 865 2528 913 τὰ
2554 864 2669 920 ἔθνη
2696 871 2786 914 τοῦ
2815 861 2980 923 ἐλέους
3010 862 3327 924 ἠξιώθησαν.

2335 949 2536 1021 Ἔμεινε
2602 983 2666 992 —
2737 960 2892 1024 τρεῖς.
2953 955 3096 1004 Μετὰ
3163 957 3374 1022 γνώμης
3450 947 3678 1007 δηλονότι
3745 956 3811 1000 τοῦ

2265 1047 2564 1112 μνηστῆρος
2624 1058 2636 1069 ·

2268 1134 2460 1203 χαρίαν
2521 1135 2606 1181 καὶ
2657 1135 2750 1187 τὴν
2794 1129 3069 1184 Ἐλισοξϐετ
3138 1130 3339 1200 ἁγίους,
3409 1135 3502 1180 καὶ
3565 1137 3811 1203 περιχαρὰ

2698 1039 2940 1112 ἐγίνωσκε
2987 1044 3089 1114 γὰρ
3143 1042 3168 1092 ὁ
3230 1041 3424 1112 Ἰωσὴφ
3483 1047 3569 1091 καὶ
3622 1045 3696 1090 τὸν
3739 1046 3810 1089 Ζα-

2265 1219 2444 1280 αύτοίς
2512 1224 2881 1272 κατεπίστευσε
2953 1224 3046 1277 τὴν
3118 1221 3392 1292 Παρθένον,
3457 1217 3516 1269 οὐ
3580 1223 3714 1289 μόνον
3765 1220 3810 1274 ὡς

2265 1312 2568 1380 συγγενέσιν
2622 1307 2796 1376 αὐτῆς,
2869 1306 2996 1359 ἀλλά
3049 1313 3139 1359 καὶ
3196 1310 3265 1368 ὡς
3327 1305 3694 1366 ἀνεπιλήπτως.
3740 1304 3811 1356 Ἐ-

2261 1417 2398 1469 μεινε
2465 1394 2522 1449 δὲ
2580 1401 2742 1471 μέχρι
2813 1405 2903 1449 τοῦ
2974 1405 3186 1449 τοκετοῦ
3251 1404 3345 1458 τῆς
3409 1394 3670 1450 Ἐλισοὶϐετ
3719 1394 3811 1463 παρ’

2261 1487 2390 1559 αύτῇ
2447 1491 2511 1547 ὡς
2561 1489 2859 1558 γινωσούσῃ
2923 1487 3134 1537 τὸκατ’
3190 1486 3349 1543 αὐτὴν
3406 1491 3702 1558 μυστήριον,
3746 1491 3811 1533 121

2262 1571 2354 1626 διὰ
2393 1583 2546 1626 τοῦτο
2579 1575 2797 1647 φιλουση
2831 1578 3025 1630 ταύτην
3050 1580 3138 1626 καὶ
3167 1574 3466 1647 φιλουμένη.

3297 1663 3650 1734 Εύλαϐουμένη
3721 1681 3776 1712 τοι

2180 1675 2222 1727 Β
2335 1669 2433 1716 Καὶ
2505 1664 2817 1739 ὑπέστρεψεν
2875 1697 2942 1704 -
3025 1665 3204 1725 αὐτῆς.

2262 1750 2354 1805 διὰ
2411 1758 2468 1805 τὸ
2531 1761 2823 1826 τικτόμενον
2898 1753 3189 1826 ὀφείλοντας
3259 1757 3562 1825 συντρέχειν
3634 1752 3704 1803 ἐπὶ
3749 1757 3811 1801 τὸν

2260 1840 2398 1895 οἷκον
2438 1851 2529 1894 τού
2577 1848 2870 1915 Ζαχαρίου.
2923 1842 3017 1894 Ἤν
3053 1840 3112 1894 δὲ
3163 1848 3251 1894 καὶ
3306 1845 3418 1902 ἔθος
3449 1845 3724 1914 ὑποχωρεῖν
3748 1843 3812 1896 τὰς

2257 1933 2560 2005 παρθένους,
2596 1935 2678 1984 ὅτε
2711 1931 2884 2003 μελλοι
2917 1933 3027 2004 (29)
3070 1937 3255 1983 τίκτειν
3285 1933 3313 1986 ἡ
3347 1934 3463 2002 (30)
3497 1934 3684 2003 ἔγκυος.

2327 2028 2400 2094 Τῇ
2433 2053 2500 2060 —
2530 2018 2763 2074 παιδίον.
2795 2023 2940 2074 Κατὰ
2960 2024 3045 2072 τὸν
3066 2026 3238 2092 νόμον.

2331 2255 2430 2303 Καὶ
2481 2251 2692 2304 ἐκάλουν
2746 2283 2812 2291 --
2864 2257 3156 2325 Ζαχαρίαν.
3216 2251 3398 2304 Πολλοὶ
3446 2255 3550 2323 γὰρ
3597 2253 3691 2302 υἱοὶ
3734 2256 3811 2306 τοῖς

2255 2347 2355 2390 τῶν
2382 2344 2612 2412 πατέρων
2645 2340 2890 2413 ὀνόμασιν
2916 2340 3232 2398 ἐκλήθησαν.

2330 2433 2430 2480 Kal
2500 2428 2843 2502 ἀποκριθεῖσα
2923 2461 2992 2469 —
3066 2429 3320 2489 Ἰωάννης.
3388 2429 3485 2483 Ἐκ
3567 2431 3809 2498 Πνεύματος

2259 2515 2409 2588 ἁγίου
2441 2523 2530 2571 καὶ
2589 2519 2718 2576 αύτή
2770 2522 2827 2570 τὸ
2873 2523 3033 2589 ὄνομα
3079 2527 3170 2570 τοῦ
3219 2515 3408 2578 παιδὸς
3449 2520 3720 2589 μεμάθηκε.
3748 2519 3811 2566 Διὸ

2255 2611 2343 2657 καὶ
2379 2607 2700 2680 ἰσχυρίσατο
2733 2607 2967 2664 Ἰωάννην
3009 2607 3363 2678 ὀνομασθῆναι
3392 2606 3571 2661 αύτον,

2331 2699 2430 2747 Καὶ
2489 2692 2628 2747 εἶπον
2682 2727 2750 2737 -
2805 2696 2978 2749 αὐτόν.
3052 2699 3145 2748 Διὰ
3202 2700 3458 2767 νεύματος
3511 2697 3724 2769 ἠρώτων,
3765 2695 3814 2752 ὡς

2255 2781 2385 2856 μηδ’
2444 2783 2645 2836 ἀκούειν
2696 2781 3004 2858 δυναμένου,
3050 2787 3217 2844 καθως
3265 2785 3504 2857 ἀνωτέρω
3550 2781 3814 2841 δεδήλωται.

2256 2879 2390 2925 Φασὶ
2419 2876 2520 2948 γὰρ
2564 2873 2634 2926 ἑνί
2683 2893 2781 2925 τινι
2829 2877 2986 2946 νεύρῳ
3039 2870 3388 2925 συνδεδέσθαι
3441 2878 3538 2935 τὰς
3583 2882 3666 2924 τοῦ
3701 2870 3816 2921 ἁκού-

2255 2969 2325 3013 ειν
2357 2963 2470 3033 (31)
2527 2968 2615 3014 καὶ
2671 2971 2762 3014 τοῦ
2816 2962 2982 3015 λαλεῖν
3029 2958 3296 3034 δυνάμεις·
3345 2959 3434 3014 διὸ
3495 2970 3584 3014 καὶ
3636 2965 3738 3019 τούς

2175 3015 2463 3123 αγενετῆς
2520 3051 2736 3113 ἀλαλους
2793 3049 2930 3124 μηδὲ
2990 3050 3210 3106 ἀκούειν.
3259 3053 3413 3104 Ούτω
3468 3060 3592 3123 γούν
3633 3048 3814 3103 ἐσϐέσθη

2253 3145 2312 3192 τὸ
2353 3142 2465 3212 (3⁵2.)
2503 3143 2708 3213 φθέγμα
2735 3146 3028 3214 Ζαχαρίας,
3056 3143 3120 3202 ὡς
3150 3144 3197 3193 οἱ
3229 3140 3282 3192 ἐκ
3311 3151 3548 3213 γενετῆς.

2326 3365 2425 3414 Καὶ
2472 3361 2694 3421 αἰτήσας
2741 3391 2809 3404 -—
2861 3360 3039 3414 αύτού.
3103 3361 3333 3422 Αὶτήσας
3387 3361 3451 3413 ού
3513 3358 3604 3414 διὰ
3667 3365 3813 3429 euri;

2252 3449 2360 3502 ἀλλ’
2390 3452 2577 3523 ὁμοίως
2611 3447 2703 3502 διὰ
2739 3453 3004 3522 νεύματος.

2324 3545 2424 3592 Καὶ
2482 3539 2781 3610 ἐθαύμασαν
2845 3542 3047 3598 πάντες.
3118 3539 3492 3612 Ἐθαύμασαν,
3564 3548 3662 3598 πῶς
3714 3553 3816 3608 prta

2251 3627 2474 3681 ἀκοῦσαι
2531 3636 2684 3681 τοῦτο
2750 3632 2892 3700 παρὰ
2978 3637 3073 3690 τῆς
3141 3627 3443 3693 Ἐλισοὶϐετ,
3509 3634 3637 3702 μήτε
3691 3626 3814 3678 εἰπεῖν

2251 3718 2380 3790 αὐτῇ
2458 3726 2608 3770 τοῦτο
2689 3713 2994 3789 δυνάμενος,
3083 3724 3466 3788 συνεφώνησεν.
3544 3718 3685 3775 Εἰκὸς
3740 3716 3815 3782 γὰρ

2247 3813 2340 3866 τὴν
2373 3806 2644 3862 Ἐλισάϐετ
2683 3807 3022 3880 πληροφορείν
3073 3810 3303 3871 τούτους,
3359 3811 3434 3870 ὡς
3483 3807 3541 3859 ού
3595 3802 3682 3857 διὰ
3720 3821 3816 3873 Ἱρα-

2249 3907 2348 3970 φῆς
2373 3906 2524 3949 τούτο
2555 3897 2584 3954 ἡ
2623 3897 2734 3966 (33)
2776 3893 2932 3963 εἶπεν,
2965 3897 2993 3954 ἦ
3022 3901 3266 3954 ἥκουσι-ν.

2319 3987 2588 4058 Ἀνεῳχθη
2633 4017 2694 4025 --
2727 3991 2875 4038 Θεὸν.
2928 4016 2997 4026 -
3050 3986 3339 4056 Ἀνεῴχθη,
3388 3984 3509 4037 ἀντὶ
3554 3992 3659 4044 τοῦ,
3705 3984 3818 4034 Ἀπε-

2245 4075 2374 4133 λύθη
2422 4076 2488 4136 εἰς
2519 4081 2706 4148 φωνήν.
2756 4075 2912 4133 Δῆλον
2945 4071 3003 4127 δὲ
3049 4075 3161 4145 (34)
3196 4076 3276 4125 ὃτι
3328 4079 3421 4126 καὶ
3476 4077 3506 4132 ἠ
3567 4073 3686 4130 ἀκοὴ
3716 4091 3819 4122 σνν-

2248 4165 2498 4222 απελύθη.
2547 4172 2744 4238 Ὥσπερ
2801 4166 2904 4237 γὰρ
2960 4163 3341 4235 συνεπεσχέθη,
3396 4165 3564 4223 οὕτως
3614 4165 3708 4234 ἄρα
3753 4177 3820 4207 καί

2249 4254 2504 4306 συναπελύ
2512 4255 2573 4311 θη
2585 4293 2597 4305 .

2167 4359 2215 4414 D
2321 4345 2422 4398 Kal
2466 4343 2657 4414 ἐγένετο
2724 4374 2790 4382 —-
2854 4343 3045 4404 αύτούς
3097 4357 3111 4372 ⁶
3170 4341 3326 4402 Φόϐος
3405 4342 3464 4394 ἐκ
3559 4350 3647 4394 τοῦ
3723 4341 3822 4390 θαν-

2246 4453 2430 4505 ματος.

2317 4523 2421 4576 Καὶ
2460 4523 2509 4574 ἐν
2559 4553 2622 4562 -
2671 4528 2852 4573 ταῦτα.
2903 4525 2978 4574 Τὰ
3023 4526 3141 4592 περὶ
3191 4529 3290 4572 τῶν
3337 4527 3631 4593 γεγονότων
3661 4517 3816 4584 θαυμά-

2245 4631 2344 4662 των
2390 4611 2472 4663 ἐπὶ
2502 4619 2563 4683 τῇ
2614 4611 2795 4670 κλήσει
2841 4617 2934 4663 τού
2985 4606 3226 4676 παιδίου,
3266 4619 3378 4670 πῶς
3439 4631 3497 4664 τε
3549 4604 3822 4682 παραδοξως

2248 4707 2614 4773 συνεφώνησαν
2657 4703 2707 4752 οἱ
2752 4705 3050 4771 γεννήτορες
3096 4698 3178 4750 ἐπὶ
3224 4701 3418 4771 ταύτῃ,
3464 4705 3558 4752 καὶ
3603 4707 3704 4757 πῶς
3731 4698 3824 4746 θαν-

2245 4796 2447 4863 μασίως
2501 4789 2726 4847 ἀπελύθη
2781 4797 2872 4849 τῆς
2919 4787 3145 4861 ἁφωνίας
3193 4789 3218 4840 ὁ
3271 4795 3577 4863 Ζαχαρίας·
3612 4792 3644 4845 ὴ
3676 4791 3754 4836 καὶ
3777 4785 3824 4831 τά

2249 4880 2334 4932 ἀπ’
2369 4879 2547 4952 ἀρχῆς
2576 4880 2710 4953 ἄχρι
2733 4877 2922 4938 τελους.

1699 5196 1926 5266 Variae
1963 5199 2292 5268 lectiones
2337 5211 2403 5268 et
2427 5210 2629 5267 notae.

579 5353 664 5414 29)
691 5350 886 5408 Μέλλει.
920 5352 977 5406 Β.

579 5426 666 5506 go)
705 5429 946 5506 ’βγγυ-ος,
990 5421 1276 5506 frequenti
1305 5440 1522 5506 errore.
1557 5434 1628 5506 A_,_
1650 5428 1712 5484 B.

581 5498 671 5562 3t)
721 5494 908 5549 Λαλείν
955 5498 1046 5546 καὶ
1100 5502 1192 5546 τοῦ
1240 5494 1461 5562 ἀκούειν,
1502 5494 1709 5555 ordine
1760 5500 2014 5558 inverso.
2065 5503 2126 5556 Β.

581 5498 644 5552 31
721 5498 908 5549 Λαλείν
955 5498 1046 5546 καὶ
1100 5502 1192 5546 τοῦ
1240 5498 1461 5562 ἀκούειν,
1502 5499 1709 5555 ordine
1760 5500 2014 5558 inverso.
2065 5503 2126 5556 B.

579 5498 671 5639 32;
700 5568 808 5624 Pro
836 5565 1208 5625 nominativo
1237 5567 1471 5624 videtur
1494 5573 1794 5643 accepisse
1822 5571 2131 5645 interpres.

2247 5361 2398 5432 Ergo
2441 5360 2748 5432 ZachariaD
2777 5357 2956 5432 dedit,
3007 5359 3120 5412 Sed
3173 5358 3256 5414 ita
3303 5364 3590 5431 Ζαχαρίου
3632 5359 3682 5409 et
3708 5363 3817 5405 mox

2244 5430 2364 5496 τὼιῑ,
2393 5432 2526 5486 loco
2554 5434 2601 5482 οὶ
2631 5430 2957 5499 legendum
2988 5434 3163 5485 esset.

2340 5504 2430 5574 33)
2469 5501 2557 5568 Ἦ,
2595 5508 2927 5574 ροειγτούτο,
2965 5501 3148 5557 deest.
3184 5503 3244 5556 Β.

2340 5508 2404 5559 33
2469 5504 2557 5568 Ἦ,
2595 5508 2730 5574 post
2753 5509 2868 5553 τοῦτ

2315 5504 2430 5646 234;
2464 5579 2524 5626 At“
2553 5573 2767 5631 omittit
2804 5580 2868 5626 Α.
