3922 6200
51 17 985 125 ’,ν-*β

168 263 246 320 8¹Π

492 252 517 267 -
1193 241 1559 306 COMMENT.
1598 240 1671 298 IN
1712 239 1971 300 LUCAM.
2009 277 2077 287 -
2106 248 2262 305 CAP.
2304 251 2355 304 1.

3332 259 3438 316 878

221 391 299 440 Καὶ
330 388 469 437 ἓθιντο
508 411 571 423 —
639 379 824 432 αὐτῶν.
892 376 1108 432 Ἐϐαλον
1164 383 1343 440 ταῦτα,
1406 376 1472 431 ὡς
1530 366 1678 433 ἄξιό-

1877 371 2015 425 fers.
2049 376 2137 428 66.
2205 375 2279 429 Et
2323 384 2719 446 posuerunt—
2781 394 2879 435 suo
2932 382 3261 440 Posuerunt
3288 385 3437 449 haec,

167 477 277 547 λογα.

218 568 412 633 Αέγοντις
434 592 493 600 -
522 562 666 611 ἔσται
719 575 732 625 ;
785 562 1034 629 Λέγοντες
1087 554 1504 628 ἐπαπορητικῶς,
1532 549 1561 607 ἦ
1594 545 1678 599 λο-

162 652 386 723 γιζόμινοι.

211 740 350 802 ’Δξιον
384 735 435 790 δὲ
474 738 718 802 ζητῆσαι,
762 733 907 788 διατί
958 735 1052 787 οὐκ
1100 732 1329 789 ἀπελύθη
1374 737 1469 790 τῆς
1535 725 1675 799 ἀφω-

161 835 243 889 νίας
289 831 310 879 ό
352 831 618 900 Ζαχαρίας,
676 828 759 878 ὅτε
815 829 875 877 τὸ
930 819 1145 878 παιδίον
1215 820 1481 892 ἐγεννήθη,
1549 815 1679 867 ἀλλὰ

158 918 307 989 μᾶλλον
345 919 418 969 ὅτε
441 921 526 974 τὴν
561 915 748 974 κλῆσιν
802 922 896 967 τοῦ
944 913 1193 985 ὀνόματος
1244 907 1394 962 ἔλαϐε
1446 924 1461 973 ;
1518 908 1678 975 Λέγο-

162 1026 228 1080 μεν
249 1003 295 1059 δι
315 1008 381 1058 ὅτι
416 1002 499 1057 διὰ
542 1010 635 1062 τὴν
674 1012 767 1057 τοῦ
811 1002 1032 1075 ἀγγέλου
1068 1000 1360 1075 πρόρρησιν
1395 1039 1406 1052 .
1440 996 1548 1050 εἷπε
1576 997 1677 1067 γὰρ

161 1096 267 1166 αᾶτῴ
290 1096 381 1165 (35)
420 1114 430 1125 ·
462 1090 595 1147 Ἰδοὺ
626 1096 717 1165 ἔσῃ
754 1101 983 1157 σιωπῶν,
1022 1096 1110 1143 καὶ
1165 1093 1236 1162 μὴ
1271 1085 1556 1150 δυνάμενος
1585 1083 1679 1136 λα-

158 1184 297 1246 λῆσαι,
316 1186 429 1256 ἄχρι
456 1184 509 1243 ἧς
533 1184 729 1255 ἡμέρας
772 1185 988 1252 γένηται
1015 1184 1204 1237 ταῦτα.
1236 1178 1406 1232 Εἰπὼν
1448 1177 1570 1249 γὰρ,
1601 1176 1682 1225 ὅτι

165 1281 291 1323 ταῦτα
315 1276 370 1324 τὰ
393 1269 479 1324 δύο
505 1275 707 1331 πάντως
743 1266 1027 1339 δεδήλωκε,
1076 1273 1169 1326 τήν
1217 1286 1271 1319 τε
1326 1270 1565 1338 γέννησιν
1590 1267 1680 1315 καὶ

162 1367 233 1418 τὴν
273 1362 422 1420 κλῆσιν
470 1368 557 1413 τοῦ
583 1360 853 1433 ὀνόματος,
886 1358 992 1411 ἀλλ’
1022 1358 1081 1410 οὐ
1111 1361 1272 1430 μόνην
1306 1360 1400 1414 τὴν
1423 1359 1679 1426 γέννησιν,

166 1454 227 1502 ἱνα
243 1458 310 1503 καὶ
338 1454 386 1503 τὸ
415 1452 580 1523 θαῦμα
633 1454 850 1521 γένηται
877 1457 969 1508 τῆς
1000 1447 1083 1500 ἐπὶ
1120 1455 1193 1518 τῷ
1225 1447 1437 1518 ὀνόματι
1464 1464 1680 1516 συμφω-

152 1544 255 1602 νίας.

209 1670 290 1717 Καὶ
307 1671 411 1741 χεὶρ
441 1696 493 1703 ~-~
529 1664 711 1716 αὐτοῦ.
743 1667 987 1737 Δύναμις,
1014 1665 1173 1737 χάρις
1203 1668 1350 1716 Θεοῦ.
1715 1701 1761 1759 Β

207 1759 285 1805 Καὶ
310 1761 560 1829 Ζαχαρίας
632 1788 667 1793 υ·
712 1753 887 1806 αὐτοῦ.
952 1757 1075 1825 Περὶ
1131 1760 1226 1813 τῆς
1254 1750 1685 1823 ἐνανθρωπήσεως

150 1850 220 1893 τοῦ
262 1849 463 1916 Χριστόν
510 1852 677 1896 ταυτα
732 1848 1100 1917 προεφήτευσε.
1186 1842 1280 1893 Διά
1334 1843 1529 1901 ταύτης
1585 1842 1684 1912 γὰρ

142 1931 415 2004 ἐπεσκέψατο
466 1938 554 1986 καὶ
598 1932 925 2007 ἐλυτρωσατο
970 1934 1055 1983 τὸν
1101 1929 1223 1982 λαὸν
1280 1930 1439 1981 αὑτοῦ
1489 1927 1542 1979 ἐκ
1598 1936 1688 1989 τῆς

143 2018 417 2090 τυραννίδος,
457 2022 514 2073 οὗ
556 2026 712 2094 μόνον
762 2030 860 2073 τῶν
914 2018 1145 2085 ἀοράτων
1185 2018 1397 2094 ἐχθρῶν.
1438 2016 1565 2069 ἀλλὰ
1598 2021 1688 2069 καὶ

140 2116 217 2159 τῶν
260 2110 456 2182 ὁρατῶν,
505 2113 571 2171 ὡς
599 2114 673 2183 μὴ
732 2106 1026 2180 δυναμένων
1056 2109 1414 2181 περιγενέσθαι
1443 2115 1540 2167 τῆς
1566 2111 1689 2158 πίσ-

139 2215 235 2259 τεως
271 2199 432 2252 αὐτοῦ.
459 2204 598 2253 Λαόν
628 2197 687 2251 δὲ
712 2199 868 2252 αὐτοῦ
910 2201 1307 2271 προηγουμένως
1338 2200 1449 2270 μὲν,
1477 2200 1564 2248 τὸν
1596 2215 1692 2248 πα-

138 2283 257 2338 λαιόν
294 2305 307 2316 ⁸
332 2286 516 2341 ἐκείνου
574 2286 636 2341 δὲ
682 2287 1062 2348 ἀπειθήσαντος
1113 2290 1199 2338 τὸν
1241 2289 1348 2337 νέον
1386 2284 1584 2337 λοιπὸν.
1611 2283 1695 2345 Ὠς

135 2382 405 2449 γεγτιηῴνα
454 2374 511 2431 δὲ
566 2378 707 2450 λέγει
765 2380 830 2429 τὰ
893 2381 1232 2449 γενησόμενα,
1292 2378 1432 2448 νόμῷ
1497 2392 1696 2449 προφη-

136 2469 263 2526 τείας.

186 2571 322 2625 Ἀλλὰ
354 2582 458 2636 πῶς
496 2573 706 2647 λέγεται
754 2576 883 2636 Θεὸς
936 2579 1029 2626 τοῦ
1075 2571 1291 2646 Ἰσραὴλ
1333 2571 1444 2643 (36)
1486 2574 1638 2644 μόνον
1680 2588 1693 2638 ;

135 2658 217 2711 Καὶ
249 2664 341 2735 γὰρ
389 2663 445 2713 οὐ
478 2672 580 2714 τῶν
618 2661 960 2737 Ἰσραηλιτῶν
1002 2666 1154 2735 μόνον
1211 2659 1323 2713 ἐστὶ
1375 2663 1520 2726 Θεὸς,
1570 2658 1698 2712 ἀλλὰ

130 2753 202 2800 καὶ
225 2752 417 2803 πάντων
447 2762 551 2804 τῶν
602 2752 909 2824 ἀνθρὼπων,
936 2753 1001 2812 ὡς
1039 2753 1238 2803 πάντων
1272 2754 1523 2811 Ποιητής.
1555 2753 1699 2800 Διότι

130 2845 211 2887 τῶν
241 2842 326 2910 μὲν
362 2838 523 2892 αλλων
555 2843 763 2893 πάντων
808 2839 1085 2913 ἀνθρώπων
1138 2839 1362 2892 ἀκόντων
1403 2837 1515 2891 ἐστὶ
1570 2840 1698 2899 Θεὸς

124 2934 205 2978 τῶν
248 2928 584 3003 Ἰσραηλιτῶν
644 2926 704 2982 δὲ
749 2934 916 3002 μόνων
973 2929 1187 2983 ἑκόντων
1230 2928 1344 2982 κατ’
1400 2926 1698 2999 ἐπίγνωσιν-

1787 463 2074 531 tanquam
2105 463 2480 521 admiranda.

1857 547 2018 602 Vers.
2050 548 2133 605 66.
2174 552 2422 608 Dz‘centes
2451 586 2519 595 —
2556 556 2710 612 erit?
2748 556 3014 615 Dicentes
3044 560 3438 619 dubitantium

1788 650 1973 701 more,
1997 644 2100 693 aut
2136 641 2489 709 cogitantes.

1856 731 2062 793 Operae
2094 730 2347 797 pretium
2374 736 2467 787 est
2481 737 2681 789 autem
2712 749 2991 805 quaerere,
3026 752 3216 808 quare
3243 737 3441 793 ablata

1786 828 1901 867 non
1934 822 2020 868 est
2056 831 2093 870 a
2118 818 2396 876 Zacharia
2424 819 2677 891 loquelae
2706 824 2991 893 carentia,
3014 825 3261 896 quando
3295 843 3444 898 puer

1786 906 1963 957 natus
1986 908 2093 967 est,
2128 905 2230 959 sed
2259 907 2454 977 potius
2479 910 2726 980 quando
2746 925 2966 966 nomen
2992 914 3261 984 accepit"
3299 914 3443 969 Dici-

1789 1007 1921 1046 mus
1942 993 2103 1062 quod
2132 997 2582 1066 propterangeli
2597 998 2940 1054 vaticinium
2965 1021 2977 1054 :
2997 1000 3225 1057 dixerat
3249 1003 3435 1057 enim:

1787 1079 1863 1133 Et
1892 1095 2004 1135 ecce
2026 1082 2137 1135 eris
2161 1090 2358 1148 mutus,
2390 1100 2483 1138 nec
2523 1085 2670 1157 loqui
2717 1089 2933 1157 poteris,
2994 1103 3155 1159 usque
3177 1089 3241 1143 ab
3279 1090 3442 1157 diem,

1791 1186 1897 1240 quo
1922 1169 2040 1226 hcec
2067 1170 2191 1227 ﬁent
2222 1173 2289 1224 ¹⁰.
2327 1172 2625 1244 Siquidem
2651 1174 2856 1230 dicens
2894 1176 3046 1241 Haec,
3079 1176 3202 1233 duo
3241 1179 3446 1250 utique

1790 1258 2210 1327 manifestavit,
2245 1260 2602 1317 nativitatem
2638 1262 2911 1320 videlicet
2939 1280 3011 1319 ac
3052 1265 3314 1321 nominis
3340 1267 3448 1322 im-

1791 1346 2174 1419 positionem.
2200 1364 2316 1404 non
2345 1354 2545 1406 autem
2573 1351 2763 1408 solam
2783 1352 3154 1411 nativitatem
3180 1372 3191 1410 :
3221 1361 3285 1412 ut
3313 1371 3448 1411 con-

1789 1437 2088 1492 venientia
2116 1435 2179 1491 in
2199 1438 2438 1494 nomine
2462 1437 2529 1495 ﬁt
2558 1439 2736 1496 etiam
2767 1441 3146 1498 miraculum.

1867 1659 2027 1713 Vers.
2061 1662 2149 1715 66.
2192 1661 2267 1714 Et
2302 1677 2494 1716 manus
2523 1692 2590 1702 —-
2620 1661 2737 1717 illo.
2762 1660 2962 1719 Virtus
2993 1678 3061 1719 ac
3087 1664 3279 1735 gratia
3312 1665 3437 1722 Dei.

1873 1748 2027 1802 Vers.
2083 1749 2167 1804 67.
2225 1749 2297 1803 Et
2354 1749 2652 1804 Zacharias
2690 1782 2760 1791 —
2800 1767 2937 1807 suae.
2990 1752 3108 1807 Hac
3139 1752 3212 1807 de
3241 1752 3451 1810 Christi

1797 1838 2199 1895 incarnatione
2242 1839 2593 1911 prophetat:
2623 1855 2729 1910 per
2784 1840 2938 1898 hanc
2971 1840 3128 1896 enim
3192 1840 3453 1898 visitavit

1798 1944 1867 1982 ac
1897 1926 2136 1982 redemit
2162 1926 2452 1998 populum
2474 1943 2675 1994 suum,
2704 1943 2824 1983 non
2853 1926 3047 1983 solum
3073 1947 3108 1985 a
3134 1930 3454 2001 tyrannide

1797 2012 2057 2067 hostium
2077 2009 2487 2082 invisibilium,
2513 2009 2617 2067 sed
2638 2011 2817 2066 etiam
2843 2011 3186 2081 visibilium,
3208 2020 3271 2069 ut
3293 2014 3455 2070 vide-

1799 2098 2119 2168 licetﬁdem
2135 2099 2263 2170 ejus
2283 2116 2563 2172 superare
2576 2116 2697 2156 non
2712 2099 2959 2173 possint.
2975 2099 3262 2175 Populum
3279 2120 3455 2158 suum

1803 2194 2039 2256 autem;
2108 2188 2304 2259 primo
2356 2188 2596 2261 quidem
2639 2194 2937 2256 veterem;
2996 2188 3092 2249 illo
3141 2206 3279 2247 vero
3334 2206 3459 2248 non

1804 2277 2101 2343 credente,
2133 2277 2523 2350 postmodum
2552 2293 2798 2333 novum.
2825 2276 2974 2333 Dicit
3002 2282 3196 2334 autem
3223 2295 3293 2336 ea
3318 2296 3459 2353 quae

1805 2364 2004 2421 futura
2029 2371 2186 2431 sunt,
2219 2371 2509 2437 tanquam
2532 2381 2603 2422 ea
2622 2381 2758 2438 quae
2784 2364 2943 2421 facta
2965 2371 3297 2437 sunt,more
3325 2383 3460 2441 pro-

1808 2454 2042 2528 phetiaa.

1878 2599 2095 2655 Verum
2124 2596 2432 2669 quomodo
2468 2596 2680 2653 dicitur
2709 2597 2864 2651 Deus
2894 2598 3079 2654 solius
3098 2598 3292 2664 tsrael,
3322 2615 3463 2656 cum

1808 2702 1929 2742 non
1948 2690 2183 2741 tantum
2216 2686 2584 2742 Iraelitarum
2614 2687 2769 2744 Deus
2804 2689 2899 2755 sit,
2958 2687 3065 2743 sed
3113 2692 3169 2743 et
3197 2689 3464 2744 omnium

1809 2774 2149 2839 hominum,
2202 2780 2402 2847 utpote
2426 2775 2701 2832 omnium
2732 2781 2962 2833 creator
2993 2776 3022 2831 ‘?
3046 2776 3198 2841 Quia
3226 2781 3465 2833 caetero-

1809 2880 1943 2920 rum
1968 2863 2215 2936 quidem
2240 2864 2513 2921 omnium
2563 2864 2880 2922 hominum
2931 2868 3082 2921 Deus
3113 2869 3256 2934 erat,
3315 2865 3465 2937 ipsis

1811 2954 1989 3010 etiam
2043 2952 2399 3008 nolentibus.
2459 2953 2734 3010 Solorum
2784 2963 2986 3010 autem
3042 2954 3463 3021 Israelitorum,

128 3020 195 3071 Mi)
220 3016 503 3091 θορυϐηθῇς
537 3018 601 3071 δὲ
636 3017 723 3071 ἐπὶ
855 3015 1146 3092 δυσχερείᾳ
1173 3026 1274 3069 τῶν
1303 3024 1393 3070 τοῦ
1429 3019 1696 3090 Ζαχαρίου

132 3106 137 3113 -
214 3114 231 3119 -
471 3116 487 3119 _
664 3110 673 3119 .
808 3109 817 3119 .
1165 3109 1177 3119 .
1253 3113 1295 3119 _
1465 3110 1473 3119 .
1554 3107 1576 3119 η
1658 3100 1691 3119 α.

1877 3046 2232 3106 troneorum,
2264 3045 2322 3097 et
2335 3057 2440 3113 per
2459 3042 2881 3113 cognitionem.
2915 3046 2994 3099 Ne
3021 3042 3243 3099 iuberis
3268 3049 3470 3100 autem

118 3106 264 3175 ῥητῶν
290 3127 302 3137 ·
338 3116 565 3161 τοιαῦτα
610 3110 716 3181 γὰρ
764 3109 831 3159 τὰ
880 3109 1177 3180 προφητικά
1208 3126 1220 3138 ·
1253 3107 1616 3179 Πειρασόμεθα
1646 3100 1706 3156 δὲ

123 3200 384 3265 σαφηνίσαι
414 3205 617 3267 ταῦτα,
651 3197 788 3248 κατὰ
801 3199 895 3255 τὴν
926 3195 1410 3271 ἕπιχορηγουμένην
1430 3197 1556 3268 ἡμῖν
1575 3201 1708 3266 γνῶ-

116 3300 200 3335 σιν.

174 3486 264 3535 Καὶ
291 3486 474 3559 ἤγειρε
509 3515 582 3525 —
611 3482 796 3536 αὐτοῦ.
837 3484 908 3536 Τὸ
937 3486 1088 3556 κέρας
1116 3480 1335 3535 ενταῦθα
1366 3482 1395 3540 ἦ
1439 3480 1710 3555 βασιλείαν

115 3562 267 3636 δηλοῖ,
298 3569 443 3626 ὀίοτι
474 3572 529 3626 ἐν
563 3576 753 3645 κέρατι
792 3574 842 3624 οἱ
871 3569 1112 3644 βασιλεῖς
1161 3569 1401 3645 ἕχρίοντο
1446 3574 1538 3624 καὶ
1562 3589 1714 3646 προε-

108 3660 387 3730 χειρίζοντο
404 3715 415 3722 ,

168 3753 229 3801 Ἦ
268 3746 502 3823 δύναμιν
538 3756 797 3824 σημαίνει
828 3769 841 3782 ο
894 3746 1033 3804 διότι
1062 3748 1111 3802 ἐν
1153 3754 1329 3824 κέρατι
1360 3756 1454 3809 τὴν
1494 3747 1715 3824 δύναμιν

109 3836 281 3905 ἔχουσι
309 3843 489 3897 πάντα
517 3843 591 3893 τὰ
623 3843 927 3914 κερασφόρα
952 3840 1083 3900 ζῶα.

165 4014 328 4089 Κέρας
369 4015 433 4072 δὲ
475 4019 596 4092 οὐχ
640 4018 830 4087 ἁπλῶς,
892 4017 1021 4070 ἀλλὰ
1065 4022 1347 4091 σωτηρίας,
1398 4021 1559 4089 ἤγουν
1609 4037 1717 4071 σω-

1814 3134 2057 3202 propter
2111 3128 2520 3185 difﬁcultatem
2599 3145 2829 3197 eorum,
2884 3147 3020 3204 quae
3073 3148 3109 3189 a
3188 3133 3473 3189 Zacharia

1815 3218 2093 3275 dicuntur
2132 3235 2148 3285 ;
2175 3233 2319 3274 nam
2340 3218 2692 3290 htjusmodi
2716 3225 2855 3276 sunt
2884 3221 3259 3292 prophetica;
3290 3226 3473 3279 tenta-

1817 3308 2019 3364 bimus
2040 3312 2241 3365 tamen
2271 3323 2344 3364 ea
2365 3308 2539 3379 juxta
2573 3308 2779 3365 datam
2818 3308 2987 3366 nobis
3015 3308 3470 3380 intelligentiam

1820 3397 2162 3469 explanare.

1893 3486 2054 3541 Vers.
2084 3486 2172 3541 69.
2193 3487 2271 3541 Et
2297 3486 2569 3543 erexit—
2596 3486 2766 3543 Vers-
2811 3491 2900 3543 70.
2950 3503 3189 3545 suorum.
3220 3489 3326 3545 Per
3345 3504 3472 3545 cor-

1822 3591 2197 3646 nu,regnum
2215 3575 2312 3631 hic
2373 3574 2645 3649 intelligit
2675 3577 2851 3648 :quia
2913 3592 3021 3649 per
3068 3592 3258 3633 cornu
3300 3593 3473 3647 reges

1823 3664 2268 3737 inungebantur
2294 3679 2363 3721 ac
2391 3665 2887 3736 designabantur.

1895 3756 2009 3811 Aut
2054 3752 2349 3825 signiﬁcat
2391 3755 2733 3827 potentiam.
2793 3758 2858 3811 In
2906 3771 3093 3812 cornu
3140 3756 3303 3814 enim
3354 3757 3478 3814 for-

1824 3844 2140 3907 titudinem
2156 3843 2382 3901 habent
2404 3858 2614 3901 omnes
2641 3845 2974 3902 animantes
3001 3861 3227 3904 cornua
3268 3861 3475 3919 geren-

1825 3940 1931 3992 tes.

1900 4023 2097 4079 Cornu
2126 4037 2265 4078 vero
2283 4021 2648 4095 simpliciter,
2677 4025 2786 4079 sed
2806 4024 3172 4094 salutis,sive
3196 4024 3477 4082 salutare.

102 4108 281 4178 τήριον.
335 4108 635 4162 Βασιλείαν
701 4104 762 4161 δὴ
821 4112 911 4161 καὶ
972 4105 1196 4180 δύναμιν
1256 4112 1533 4182 σωτήριον,
1585 4107 1696 4181 λέγε

1881 4127 2103 4182 sgnum
2132 4114 2324 4167 autem
2344 4115 2401 4167 et
2445 4113 2776 4182 potentiam
2806 4113 3130 4170 salutarem
3161 4113 3307 4169 dicit
3322 4113 3484 4170 Chri-

105 4195 178 4241 τὸν
201 4201 461 4270 Χριστὸν,
498 4200 574 4258 ὡς
611 4194 843 4270 βασιλέα
878 4205 976 4248 τῶν
1030 4195 1410 4268 βασιλευόντων
1447 4202 1538 4249 καὶ
1567 4194 1696 4251 δύνα

1877 4218 2017 4271 :um,
2049 4204 2252 4272 utpote
2280 4215 2482 4269 regem
2508 4201 2916 4271 regnantium,
2938 4206 2994 4257 et
3020 4202 3350 4273 potentiam
3380 4217 3486 4274 pa-

98 4302 174 4350 μιν
209 4294 298 4338 τοῦ
362 4291 614 4361 Πατρός,
671 4292 764 4339 και
828 4293 1044 4361 Σωτῆρα
1093 4294 1193 4338 τῶν
1252 4291 1601 4339 πιστευόντων
1658 4288 1696 4340 εἰ

1877 4291 1957 4360 'is,
2002 4305 2072 4347 ac
2104 4288 2475 4348 Salvatorem
2542 4289 2605 4344 in
2661 4304 2723 4345 se
2789 4289 3177 4345 credentium.
3226 4291 3483 4345 Domum

99 4371 253 4431 αὐτόν.
306 4377 476 4428 Οἶκον
529 4373 601 4429 δὲ
647 4379 754 4428 νόει
781 4378 841 4427 τὸ
876 4380 1018 4446 γένος
1063 4383 1155 4428 τοῦ
1194 4372 1381 4428 Δαυίδ.
1436 4382 1601 4435 Φησὶν
1638 4373 1696 4429 οὗ

1877 4380 2013 4436 tiam
2040 4378 2326 4448 inlelligit,
2380 4376 2628 4433 domum
2674 4377 2879 4433 David.
2919 4378 3068 4434 Dicit
3105 4393 3264 4448 ergo,
3323 4378 3490 4450 quod

96 4461 164 4514 ὅτι
218 4461 523 4526 ἀνέστησεν
594 4467 730 4538 ἡμῖν
786 4473 857 4536 τῷ
931 4464 1061 4517 λαιὼ
1115 4464 1275 4517 αὐτοῦ
1362 4463 1636 4537 βασιλείαν
1691 4486 1696 4516 :

1877 4468 2083 4525 nstituit
2110 4466 2286 4523 nobis
2304 4464 2531 4538 populo
2580 4481 2690 4522 suo
2747 4480 3003 4535 regnum
3042 4470 3099 4523 et
3156 4467 3489 4538 potentiam

99 4544 307 4624 δύναμιν
363 4560 662 4627 σωτήριον
704 4552 759 4604 ἐκ
803 4557 985 4624 γένους
1022 4549 1209 4621 Δαυῖδ,
1257 4561 1348 4606 τοῦ
1407 4551 1596 4608 δούλου
1636 4555 1696 4608 αὖ

1877 4558 2162 4615 alutarem
2183 4571 2215 4611 θ
2241 4570 2456 4625 genere
2481 4554 2671 4611 David
2697 4555 2851 4611 servi
2882 4555 2994 4611 sui.
3021 4560 3067 4611 A
3084 4570 3299 4626 genere
3330 4557 3491 4613 enim

98 4647 195 4694 τοὺ.
254 4641 339 4697 Ἐκ
402 4648 739 4716 σπέρματος
787 4643 889 4714 γὰρ
943 4638 1112 4694 Δαυῖδ
1172 4639 1234 4702 ἦν
1272 4645 1302 4701 ἡ
1340 4645 1613 4716 ιΙαρθένος,
1641 4643 1696 4717 ἃς

1877 4646 2019 4703 iavid
2047 4644 2453 4702 descendebat
2488 4643 2689 4715 Virgo,
2730 4659 2804 4701 ex
2851 4659 2972 4717 qua
3024 4645 3287 4703 Christus
3316 4651 3495 4702 natus

97 4725 151 4788 ἧς
196 4732 224 4781 ὁ
280 4737 535 4801 Χριστὸς
579 4735 913 4804 γεγέννηται.
976 4738 1143 4784 Τοῦτο
1192 4728 1252 4785 δὲ
1308 4738 1605 4799 πεποίηκεν,
1664 4736 1696 4787 ὡ

1877 4740 1945 4792 st.
1978 4735 2134 4792 Fecit
2163 4739 2363 4791 autem
2392 4733 2528 4799 hoc,
2562 4733 2717 4790 sicut
2746 4733 3108 4806 promiserat
3130 4750 3238 4808 per
3262 4751 3331 4792 os
3355 4752 3498 4793 san-

95 4814 438 4893 ἐπηγγείλατο
488 4819 602 4876 διὰ
661 4825 922 4894 στόματος
962 4830 1065 4874 τῶν
1113 4820 1292 4893 ἁγίων,
1355 4819 1563 4881 δηλαδὴ
1629 4830 1696 4877 τῶ

1879 4829 2095 4890 torum,
2124 4822 2394 4879 videlicet
2420 4822 2868 4896 prophetarum,
2912 4822 3019 4896 qui
3053 4824 3196 4881 olim
3234 4824 3495 4881 fuerunt.

93 4910 303 4964 ἔκπαλαι
359 4911 706 4988 προφητῶν.
758 4912 831 4963 Δι’
886 4909 1054 4963 αὐτῶν
1082 4912 1183 4984 γὰρ
1232 4911 1569 4984 ἐπηγγείλατο
1608 4910 1696 4965 ἀνα

1877 4917 1953 4971 ’er
1976 4914 2142 4987 ipsos
2178 4911 2341 4969 enim
2370 4912 2728 4985 promiserat
2745 4927 2946 4983 regem
2973 4914 3340 4971 exoriturum
3396 4931 3504 4988 po-

95 5003 295 5057 στήσειν
340 5000 605 5076 βασιλέα
638 4995 867 5052 δυνατὸν
896 5001 945 5052 ἓν
984 5003 1109 5072 οἴκῳ
1162 4998 1349 5071 Δαυὶὸ,
1380 5009 1597 5077 Σωτῆρα
1640 5022 1696 5056 το

1877 5007 2067 5061 antem
2105 5002 2162 5059 in
2187 5002 2371 5059 domo
2402 5002 2610 5069 David,
2646 5000 3019 5058 Salvatorem
3045 5003 3242 5061 Israel.
3290 5005 3356 5061 Et
3384 5004 3502 5060 hoc

92 5087 312 5159 Ἰσραήλ.
370 5097 489 5146 Καὶ
553 5096 730 5143 τοῦτο
783 5085 1111 5143 διδάσκουσι
1155 5089 1356 5164 ψαλμοὶ
1415 5090 1596 5144 πολλοὶ
1642 5111 1696 5145 το

1877 5094 2064 5150 lacent
2103 5091 2273 5149 multi
2312 5091 2530 5147 Psalmi
2568 5089 2785 5148 David.

91 5176 267 5234 Δαυεδ,

152 5304 199 5338 ¹⁰
220 5304 371 5361 Luc.
398 5322 440 5371 ι,
462 5305 571 5359 20.

1359 5410 1586 5479 Variae
1611 5411 1943 5479 lectiones
1970 5420 2037 5477 et
2066 5420 2272 5476 notae.

147 5538 262 5609 (35)
306 5544 420 5593 Καὶ
456 5535 639 5609 ἰὸινύἒ
666 5536 746 5609 ΔΒ.

147 5604 265 5683 (36)
299 5616 495 5667 Μόνον
526 5606 784 5664 B.Idem
821 5620 966 5662 mox
1004 5604 1181 5663 habet
1201 5612 1391 5681 μόνων,
1412 5622 1524 5681 pro
1551 5627 1725 5682 μονον.
