3922 6200
499 205 604 260 879

573 329 732 383 Vers.

501 431 707 481 cornu,
737 415 989 470 salutem
1009 421 1063 468 et
1084 413 1534 486 redemptionen
1557 411 1636 467 ab
1654 409 1908 465 inimicis
1935 407 2154 464 nostris

499 503 830 559 visibilibus
860 507 914 559 et
957 501 1364 557 invisibilibus.

572 594 732 646 Vers.
771 596 858 645 72.
881 590 950 646 Ut
972 592 1178 662 faceret
1209 622 1272 628 —
1297 590 1404 644 sui.
1426 588 1720 645 Faciendo
1754 585 2158 642 misericordia

503 695 640 734 cum
668 678 942 752 patribus
976 679 1210 741 nostris,
1237 679 1357 733 sive
1383 677 1726 732 miserando
1756 682 1994 748 patrum
2023 690 2156 730 nos-

504 778 753 834 trorum,
806 768 885 823 ad
968 783 1122 840 quos
1173 767 1328 823 facta
1389 771 1476 821 est
1535 765 1850 836 promissio
1951 763 2156 819 salutis

505 861 745 922 nostrae,
789 862 844 913 et
874 872 978 928 per
1033 856 1164 912 illos
1221 855 1502 910 habendo
1525 854 1702 924 hujus
1770 854 2146 909 memoriam.

504 950 946 1002 Testamentum
998 945 1156 1000 enim
1213 950 1389 1010 vocat,
1427 943 1924 1014 promissionem:
1976 942 2157 1012 hujus

504 1040 705 1091 autem
735 1034 1108 1104 memoriam,
1153 1033 1628 1090 terminationem
1663 1048 1732 1088 ac
1757 1031 2158 1104 complemen-

502 1130 648 1178 tum.

579 1213 736 1267 Vers.
769 1213 856 1268 73.
898 1210 1290 1282 Jurisjurandi
1314 1241 1379 1250 —
1410 1217 1674 1266 nostrum.
1709 1211 1780 1266 Ut
1818 1210 1996 1266 etiam
2035 1225 2156 1265 me-

506 1317 639 1356 mor
669 1305 824 1355 esset
845 1301 1265 1371 jurisjurandi,
1287 1301 1450 1372 quod
1474 1301 1711 1370 juravit,
1741 1301 1854 1356 hoc
1883 1305 1990 1366 est,
2019 1315 2156 1355 con-

503 1389 872 1452 iirmationis.
904 1405 1088 1461 quam
1104 1389 1477 1445 conﬁrmavit
1499 1389 1576 1444 ad
1603 1389 1906 1444 Abraham
1929 1393 2154 1460 patrem

507 1485 771 1532 nostrum
809 1499 822 1533 :
849 1478 1274 1548 jusjurandum
1305 1478 1464 1532 enim
1484 1478 1605 1541 Dei,
1633 1477 2008 1533 conﬁrmatio
2046 1482 2151 1533 est.

504 1566 909 1623 lndifferenter
933 1571 1132 1622 autem
1174 1566 1419 1622 verbum
1469 1568 1767 1638 μνησθῆναι
1797 1583 1832 1622 a
1892 1567 2154 1637 genitivo

808 330 894 380 7t.
955 326 1195 381 Salutem
1253 355 1321 364 ——
1386 340 1485 380 nos
1526 322 1717 378 Erexit
1782 326 1980 378 autem
2038 316 2227 374 hocA

1851 189 2202 251 EUTHYMII
2242 190 2574 252 ZIGABENI
3715 191 3785 245 880

2335 325 2668 392 Σωτηρίαν-
2719 322 2875 392 ἡμᾶς.
2936 327 3140 394 Ἴτῐγειρε
3180 317 3237 372 δὲ
3277 317 3388 388 (3'!)
3435 323 3494 368 τὸ
3523 322 3660 388 κέρας
3688 324 3787 368 τοῦτο

2265 415 2528 482 σωτηρίαν
2569 411 2692 481 ἡμῖν
2751 411 2862 480 (38)
2915 414 3004 461 καὶ
3054 409 3310 482 λύτρωσιν
3340 407 3392 469 ἐξ
3441 405 3640 480 ἐχθρῶν
3677 407 3786 476 tum,

2272 499 2505 570 ἀοράτων
2535 503 2624 549 καὶ
2655 500 2871 572 ὁρατῶν.

2339 594 2565 645 Ηοιῆσαι
2597 619 2662 626 —
2691 587 2869 641 αὐτοῦ.
2918 587 2995 640 Ἐν
3036 595 3106 656 τῷ
3151 595 3372 645 ποιῆσαι
3418 585 3551 647 ὓεος
3601 586 3788 656 μετὰτῶν

2267 680 2496 747 πατέρων
2554 678 2719 746 ἡμῶν,
2761 679 2917 746 ἤγουν
2985 678 3031 728 ἐν
3071 685 3141 728 τὼ
3202 675 3407 735 ἐλεῆσαι
3466 681 3583 735 τοῦς
3631 677 3790 745 πατέρας

2267 767 2430 837 ἡμῶν,
2484 769 2608 838 πρὸς
2666 764 2754 825 οὓς
2805 767 2832 822 η
2894 763 3172 836 ἐπαγγελία
3223 773 3316 826 τῆς
3383 768 3640 835 σωτηρίας
3679 764 3790 832 ἡμῶν,

2265 859 2355 905 καὶ
2401 850 2474 906 δι’
2522 853 2742 914 ἐκείνους
2763 856 3058 924 μνησθῆναι
3091 857 3300 913 ταύτης.
3357 855 3618 910 Διαθήκην
3642 855 3719 924 γὰρ
3740 850 3790 901 λέ-

2264 962 2345 1014 γει
2403 947 2495 1001 τὴν
2556 942 2875 1016 ἐέταγγελίαν,
2929 948 3138 1016 μνήμην
3187 940 3246 995 δὲ
3285 943 3462 1014 αὐτῇς,
3496 947 3586 1000 την
3629 943 3794 1012 περάτω-

2269 1051 2370 1087 σιν,

2338 1217 2526 1285 Ὅρκον
2575 1243 2615 1250 —
2674 1213 2837 1283 ἡμῶν.
2896 1216 2994 1264 Καὶ
3051 1209 3097 1262 ἐν
3141 1219 3214 1280 τῷ
3244 1210 3539 1280 μνησθῆναι
3569 1212 3651 1260 τὸν
3676 1209 3792 1279 ὁρκον.

2265 1301 2319 1351 ὃν
2377 1305 2549 1370 ὤμοσε
2578 1299 2712 1371 (39),
2749 1301 3001 1371 [τουτέστι
3047 1304 3142 1356 τὴν
3194 1297 3497 1370 βεϐαίωσιν,
3552 1298 3611 1354 ἦν
3663 1295 3798 1348 Earini-

2263 1387 2415 1461 ωσε]
2457 1392 2586 1462 πρὸς
2614 1387 2852 1462 Ἀϐρααμ.
2899 1392 2985 1440 τὸν
3024 1392 3224 1462 πατέρα
3271 1389 3416 1458 ἡμῶν
3470 1406 3482 1418 ⁸
3543 1388 3684 1460 ὅρκος
3728 1387 3795 1455 ἹάΡ

2264 1477 2347 1530 ἐπὶ
2379 1487 2512 1531 Θεοῦ
2567 1484 2654 1529 και
2713 1482 2938 1549 ἅμοο-μα,
2995 1479 3026 1534 η
3079 1475 3383 1549 βεϐαίωσις.
3435 1469 3798 1548 Ἀδιαῖδορωςόί

2262 1572 2319 1620 τὸ
2359 1569 2677 1639 μνησθῆναι,
2739 1566 2836 1619 ἀπὸ
2866 1575 3075 1638 ’γενικῆς
3131 1566 3202 1626 εὶς
3250 1565 3542 1622 αἰτιατικὴν
3583 1607 3594 1618 .
3639 1564 3798 1619 σύνηθες

503 1657 716 1710 transit
744 1656 819 1711 ad
835 1654 1243 1711 accusativum
1273 1655 1364 1710 :id
1378 1656 1538 1711 enim
1560 1656 1897 1728 frequenter
1925 1657 1984 1710 in
2017 1656 2142 1711 scri-

2267 1660 2362 1732 γὰρ
2388 1665 2539 1709 τοῦτο
2586 1664 2690 1716 τοῖς
2720 1663 3078 1729 προφητικοίς,
3135 1657 3308 1729 ὥσπερ
3339 1660 3428 1705 καὶ
3457 1656 3485 1710 ἡ
3526 1653 3633 1723 (40)
3671 1657 3798 1724 791.96-

505 1745 692 1817 pturis
715 1745 946 1811 accidit,
988 1745 1365 1817 propheticis,
1407 1747 1559 1801 sicut
1587 1750 1642 1800 et
1667 1747 1726 1800 in
1765 1744 2154 1814 muigmaticis

503 1838 560 1890 et
583 1833 814 1903 figuris,
856 1834 1157 1906 (idemque
1211 1833 1276 1890 ﬁt
1304 1834 1468 1906 apud
1515 1835 1744 1890 Latinos
1798 1834 1860 1890 in
1906 1835 2156 1905 Vulgata

503 1923 907 1987 translatione,
938 1939 1070 1978 cum
1093 1923 1288 1995 primo
1305 1923 1521 1980 dicitur
1551 1926 1886 1980 testamenti
1913 1930 1968 1980 et
1993 1928 2156 1996 post-

504 2013 746 2066 modum
776 2011 1256 2083 jusjurandum).
1280 2011 1504 2067 Deinde
1534 2012 1693 2078 dicit,
1711 2012 1788 2067 ad
1815 2012 1954 2082 quid
1982 2013 2156 2068 fuerit

501 2101 615 2156 hoc
642 2105 1064 2156 testamentum
1091 2107 1146 2156 et
1177 2100 1571 2156 conﬁrmatio.

573 2190 737 2246 Vers.
772 2194 859 2246 73.
895 2189 967 2245 Ut
988 2190 1141 2245 daret
1180 2221 1248 2231 —
1286 2189 1448 2245 Vers.
1491 2191 1544 2244 5.
1605 2197 1822 2245 nostrae.
1879 2191 1987 2246 Per
2051 2191 2152 2262 hy-

504 2281 791 2351 perbaton
822 2287 909 2335 est
937 2279 1150 2334 horum
1179 2279 1478 2335 ordinatio
1510 2280 1843 2335 verborum.
1899 2280 2149 2335 Primum

501 2374 702 2424 autem
733 2368 1056 2424 dicendum
1109 2373 1227 2423 est:
1262 2371 1329 2423 Ut
1376 2368 1547 2423 daret
1584 2368 1754 2423 nobis
1811 2369 1970 2440 quod
2027 2373 2152 2424 sine

502 2458 712 2512 timore
741 2455 1188 2521 scrviamusilli,
1215 2456 1272 2511 in
1295 2456 1606 2511 sanctitate
1632 2457 1924 2526 ctjustitia
1947 2473 2148 2513 coram

499 2547 631 2617 ipso
655 2545 937 2602 omnibus
977 2544 1189 2600 diebus
1210 2544 1340 2600 vitae
1362 2549 1597 2600 nostrae.
1633 2546 1872 2612 Deinde,
1905 2547 2062 2618 quod
2091 2548 2151 2603 in

503 2636 700 2692 medio
729 2633 1014 2690 remansit
1054 2649 1065 2686 :
1101 2633 1178 2688 De
1217 2651 1380 2689 manu
1436 2635 1795 2689 inimicorum
1844 2643 2150 2693 nostrorum

2263 1767 2325 1803 τη
2340 1766 2376 1808 ς.
2409 1742 2535 1797 Εἶτα
2563 1745 2719 1816 λέγει,
2746 1749 2886 1806 τίνος
2912 1747 3073 1818 χάριν
3105 1745 3134 1801 η
3167 1746 3378 1800 τοιαύτη
3438 1739 3661 1799 διαθήκη
3699 1742 3796 1793 καὶδὲ

2269 1834 2530 1909 βεϐαἱωσι
2545 1855 2578 1894 ς.

2333 1934 2435 1978 Τοῦ
2522 1921 2708 1976 ὃοῦται
2776 1956 2841 1963 -
2893 1926 3038 1996 ἡμῶν
3070 1922 3564 1998 Καθ’ὐττερϐατὸνή
3619 1919 3802 1982 σύνταξις

2262 2016 2292 2072 ἡ
2321 2024 2419 2067 τῶν
2447 2014 2616 2087 ῥητῶν
2646 2016 2858 2082 τούτων,
2894 2012 3016 2076 οἷον,
3043 2012 3190 2087 ’Υπὲρ
3223 2021 3314 2064 τοῦ
3346 2008 3540 2082 ,δοῦναι
3571 2013 3684 2083 ἡμῖν
3717 2009 3802 2079 ἀρά.

2263 2103 2363 2166 ϐως
2393 2105 2651 2176 λατρεύειν
2682 2102 2820 2172 αὐτῷ
2850 2101 2896 2153 ἐν
2923 2104 3159 2160 ὁσιότητι
3185 2106 3272 2154 καὶ
3306 2098 3613 2171 δικαιοσύνη
3641 2100 3801 2152 ﬁdium

2262 2193 2441 2252 αὑτοῦ,
2474 2195 2647 2253 πάσας
2678 2194 2766 2251 τὰς
2796 2194 2991 2264 ἡμέρας
3018 2200 3112 2253 τῆς
3143 2194 3275 2254 ζωῆς
3315 2192 3482 2262 ἡμῶν.
3537 2188 3658 2244 Εἶτα
3687 2191 3732 2240 τό
3769 2185 3802 2237 ει

2262 2289 2403 2357 μέσῳ
2430 2301 2441 2311 ⁸
2477 2285 2550 2337 Ex
2579 2285 2754 2355 χειρὸς
2793 2289 2892 2332 τῶν
2925 2279 3128 2352 ἐχθρῶν
3162 2282 3305 2352 ἡμῶν
3340 2281 3645 2353 ῥυσθέντας,
3672 2279 3804 2330 Ὀτιοο

2260 2392 2394 2430 τητα
2422 2375 2511 2443 μὲν
2540 2368 2626 2422 οὖν
2656 2371 2788 2441 λέγει
2825 2374 2916 2428 τὴν
2940 2369 3222 2438 εὐσέϐειαν,
3275 2367 3618 2425 δικαιοσύνην
3658 2365 3706 2419 δὲ
3735 2371 3803 2421 τιν

2260 2461 2554 2517 τελειότητα
2582 2470 2680 2511 τῶν
2729 2459 2892 2510 ἄλλων
2925 2459 3135 2532 ἀρετ-ων.
3171 2458 3393 2514 Ἔπειτα
3450 2458 3725 2528 μεταϐαίνει
3755 2462 3796 2525 τῇ

2259 2555 2547 2624 προφητείᾳ
2574 2553 2666 2600 καὶ
2722 2551 2850 2620 πρὸς
2909 2551 2993 2599 τὸν
3047 2548 3230 2600 ἑαυτοῦ
3271 2544 3443 2599 παῖδα
3482 2548 3803 2611 Ἰωαίννηηκει

2261 2659 2410 2712 φησι·

499 2726 752 2782 liberati.
776 2722 1156 2780 Sanctitatcm
1177 2723 1374 2796 itaque
1397 2728 1587 2790 vocat,
1607 2723 1828 2779 cultum
1842 2723 2139 2795 divinum;
2165 2729 2454 2800 justitiam
2480 2744 2636 2791 vero,
2660 2727 3023 2798 reliquarum
3063 2725 3486 2797 perfectionem
3548 2726 3804 2780 virtutum.

496 2815 714 2872 Deinde
738 2815 800 2870 in
830 2814 1108 2870 vaticinio
1133 2816 1203 2870 ad
1226 2814 1416 2870 ﬁlium
1445 2830 1688 2887 quoque
1716 2832 1892 2871 suum
1931 2818 2223 2874 Joannem
2254 2817 2603 2882 digreditur,
2633 2821 2685 2871 et
2711 2816 2822 2870 ait:

568 2907 732 2959 Vers.
761 2906 851 2958 76.
881 2904 954 2958 Et
985 2911 1044 2958 tu
1082 2935 1152 2944 —
1176 2903 1463 2959 vocaberis.
1493 2906 1560 2960 Et
1608 2919 1744 2960 vere
1780 2921 1990 2961 omnes
2011 2922 2146 2978 pro-

495 2995 740 3066 phetam
756 3007 895 3048 eum
923 2992 1338 3049 nominabant.

2333 2912 2432 2960 Καὶ
2476 2910 2540 2958 σὺ
2585 2938 2646 2945 -
2698 2905 2962 2977 κληθήσῃ.
3019 2909 3118 2957 Καὶ
3163 2907 3317 2965 ὄντως
3353 2906 3536 2964 πάντες
3581 2907 3809 2978 audisti-7t?

2259 2996 2412 3049 αὐτὸν
2439 2995 2724 3066 ὠνόμαζον.

566 3083 735 3137 Vers.
762 3085 854 3138 76.
885 3081 1121 3136 Pran'bis
1149 3113 1218 3124 —
1257 3083 1392 3153 eius.
1433 3082 1756 3139 Dominum
1818 3083 1915 3140 hic
1987 3083 2142 3140 Chri-

2329 3087 2666 3161 Προπορεύση
2701 3115 2767 3122 --
2789 3082 2972 3135 αὐτοῦ.
3009 3085 3196 3156 Κύριον
3228 3081 3470 3149 ἐνταῦθα,
3506 3087 3589 3134 τὸν
3618 3082 3810 3154 Χριστὸν

497 3177 653 3229 stum
683 3170 963 3244 appellat,
1002 3187 1183 3244 quem
1225 3172 1566 3243 praecedens
1621 3173 1901 3239 Joannes,
1943 3179 2144 3246 utpote

494 3277 828 3336 praecursor
851 3276 922 3317 ac
947 3277 1144 3334 prwco
1173 3261 1321 3332 ejus,
1351 3263 1597 3334 quando
1614 3262 1694 3319 ad
1723 3263 2026 3320 desertum
2052 3279 2146 3319 ve-

493 3353 579 3407 nit
614 3351 855 3417 Judaeae,
888 3350 1122 3423 paravit
1145 3350 1273 3405 vias
1289 3351 1439 3422 ejus.

565 3439 707 3502 Quae
761 3440 964 3492 autem
1010 3434 1128 3490 sint
1151 3433 1262 3488 viae
1333 3435 1482 3505 ejus,
1528 3434 1789 3492 diximus
1833 3438 2001 3493 tertio
2050 3454 2142 3494 ca-

493 3525 612 3596 pite
657 3523 962 3592 Evangelii
1018 3522 1347 3577 secundum
1389 3523 1746 3592 Matthaeum,
1798 3525 1902 3580 ubi
1960 3525 2144 3581 habe-

491 3617 626 3668 tur:
668 3613 782 3665 Vox
808 3611 1094 3666 clamantis
1145 3611 1206 3664 in
1244 3610 1449 3665 deserto
1482 3627 1493 3665 :
1524 3611 1722 3666 Parate
1773 3613 1924 3669 viam
1975 3614 2143 3669 domi-

491 3701 554 3753 ni
584 3701 652 3750 ¹¹.

561 3789 724 3842 Vers.
767 3788 856 3843 77.
904 3787 982 3843 Ad
1031 3787 1271 3842 dandam
1322 3818 1390 3827 ——
1432 3787 1571 3858 ejus.
1617 3789 1881 3861 Praaibis,
1925 3790 2138 3864 inquit,

489 3882 624 3933 ante
663 3876 877 3932 faciem
905 3875 1141 3932 Domini
1169 3881 1468 3942 etcaetera,
1495 3882 1559 3932 ut
1578 3877 1923 3950 despopulo
1953 3880 2138 3952 ipsius

489 3966 889 4036 cognitionem
921 3963 1152 4030 salutis,
1186 3965 1299 4020 hoc
1340 3971 1443 4032 est,
1497 3966 1574 4022 ad
1636 3967 2024 4025 indicandum
2068 3985 2138 4026 ac

487 4053 1026 4111 demonstrandum
1051 4055 1268 4110 Judaeis
1288 4055 1582 4112 Christum
1618 4072 1631 4123 ;
1659 4056 1754 4113 hic
1783 4058 1942 4114 enim
1974 4059 2136 4116 salus

485 4145 756 4217 ipsorum
785 4149 890 4200 est.

560 4235 724 4291 Vers.
769 4236 855 4290 77.
906 4236 1022 4289 Per
1095 4235 1459 4290 remissionem
1510 4267 1580 4277 —
1641 4253 1844 4292 eorum.
1898 4237 2133 4294 Salutis.

485 4325 757 4398 inquam,
802 4340 940 4397 quae
996 4329 1084 4380 est
1136 4339 1242 4396 per
1292 4325 1710 4382 remissionem
1763 4333 2138 4398 peccatorum

2254 3173 2514 3246 ὀνομάζει,
2555 3173 2616 3225 οὗ
2645 3177 2950 3246 προτρέχων
2981 3173 3006 3223 ὁ
3039 3172 3296 3240 Ἰωάννης,
3325 3176 3394 3233 ὡς
3422 3172 3578 3223 αὐτοῦ
3624 3165 3810 3244 προδροο

2251 3283 2350 3337 μος
2376 3268 2465 3315 καὶ
2492 3261 2678 3334 κῆρυξ,
2731 3264 2812 3313 ὅτε
2841 3266 3146 3336 παρεγένετο
3177 3262 3232 3314 ἐκ
3266 3270 3325 3333 τῇ
3380 3261 3554 3336 ἐρήμῳ
3589 3269 3672 3321 τῆς
3707 3261 3808 3312 Ἴον·

2255 3349 2428 3417 δαίας,
2461 3352 2716 3424 ἡτοίμαζε
2740 3354 2831 3412 τὰς
2859 3347 3015 3412 ὀδοὺς
3045 3351 3228 3416 αὐτοῦ,

2321 3447 2461 3502 Τίνες
2519 3437 2578 3493 δὲ
2622 3445 2676 3492 αὶ
2727 3436 2847 3492 ὁδοὶ
2897 3439 3076 3502 αὐτοῦ,
3136 3438 3412 3513 είρήϐαμεν
3466 3439 3514 3492 ἐν
3564 3447 3631 3509 τῷ
3675 3442 3805 3507 τρίτῳ

2251 3529 2508 3602 κεφαλαίῳ
2541 3529 2631 3582 τοῦ
2660 3531 2797 3581 κατὰ
2823 3530 3108 3595 Ματθαίον,
3151 3531 3271 3581 ἔνθα
3294 3537 3465 3582 κεῖται
3513 3534 3568 3581 το
3616 3572 3627 3583 .
3680 3531 3802 3580 Φωνὴ

2252 3617 2478 3690 βοῶντος
2534 3617 2582 3670 ἐν
2624 3626 2684 3689 τῇ
2756 3618 2951 3690 ἐρήμῳ,
3014 3618 3356 3689 Ἑτοιμάσατε
3413 3623 3508 3675 τήν
3564 3613 3674 3669 ὀδόν
3719 3615 3804 3669 Κν-

2247 3712 2385 3780 ρίου.

2320 3803 2422 3848 Τοῦ
2455 3791 2637 3849 δοῦναι
2669 3827 2733 3836 -
2764 3795 2942 3849 αὐτοῦ.
2968 3795 3362 3870 ’Προπορεύση.
3398 3798 3644 3867 φησὶ,πρό
3669 3809 3807 3863 προσ-

2249 3890 2390 3937 ώπου
2447 3891 2662 3959 Κυρίου,
2698 3885 2786 3936 καί
2825 3888 2889 3936 τὰ
2919 3882 3056 3948 ἐξῆς,
3090 3886 3216 3958 ὑπὲρ
3268 3894 3360 3936 τοῦ
3413 3882 3590 3936 δοῦναι
3623 3892 3684 3952 τῷ
3717 3881 3808 3948 inii:

2249 3975 2408 4025 αὐτου
2433 3983 2626 4044 γνῶσιν
2660 3979 2942 4045 σωτηρίας,
2985 3979 3270 4037 τουτέστιν,
3325 3977 3452 4046 ὑπὲρ
3481 3983 3567 4026 τοῦ
3588 3979 3810 4045 γνωρίσαι

2246 4068 2336 4113 καὶ
2358 4060 2632 4124 ὑποδεῖξαι
2661 4070 2770 4124 τοῖς
2797 4060 3077 4123 Ἰουδαίοις
3117 4067 3204 4115 τὸν
3249 4069 3478 4137 Χριστόν
3502 4081 3514 4092 '
3547 4063 3677 4122 οὗτος
3720 4064 3814 4130 γάρ

2247 4150 2357 4202 ἐστι
2387 4157 2623 4226 σωτηρία
2660 4152 2847 4207 αὐτῶν,

2318 4239 2404 4294 Ἐν
2450 4239 2627 4311 ἀφέσει
2671 4272 2738 4280 -
2768 4239 2954 4295 αὐτῶν.
3009 4245 3272 4314 Σωτηρίας
3329 4237 3389 4294 δὲ
3428 4251 3517 4303 τῆς
3567 4240 3610 4292 ἐν
3892 4241 3893 4258 ‘

2245 4328 2514 4402 ἁμαρτιῶν
2537 4329 2728 4394 αὐτῶν,
2751 4333 2912 4401 ἤγουν
2943 4339 3032 4390 τῆς
3056 4335 3327 4402 γινομένης
3382 4330 3430 4382 ἐν
3477 4339 3546 4400 τῷ
3591 4328 3813 4399 ἀφεθῆναι

484 4415 872 4480 eorum,sive,
906 4429 1042 4486 qum
1072 4412 1136 4467 ﬁt
1161 4429 1297 4468 cum
1324 4413 1703 4470 remittuntur
1730 4431 1800 4471 ac
1831 4416 2139 4473 solvuntur

2267 4423 2334 4469 ιαὶ
2368 4417 2585 4476 λυθῆναι
2617 4421 2706 4478 τὰς
2735 4418 2994 4493 ἁμαρτίας
3017 4419 3207 4474 αὐτῶν.
3239 4419 3393 4472 Οὕτω
3408 4422 3508 4493 γὰρ
3528 4419 3651 4470 καὶὸ
3675 4418 3813 4484 ἄγγε-

486 4503 596 4557 illis
629 4509 875 4574 peccata
906 4519 1033 4558 sua.
1104 4503 1194 4558 Sic
1224 4503 1385 4559 enim
1437 4509 1495 4559 et
1522 4503 1769 4575 angelus
1819 4505 1888 4559 ad
1917 4507 2136 4578 Joseph

483 4588 716 4644 locutus
778 4596 884 4648 est.
967 4592 1362 4663 interpretans
1430 4607 1652 4648 nomen
1719 4593 1972 4649 Christi:
2019 4597 2138 4666 Ipse

484 4677 664 4740 enim,
694 4677 907 4750 inquit,
936 4681 1142 4735 salvum
1169 4681 1333 4751 faciet
1356 4682 1620 4752 paputum
1646 4698 1802 4737 suum
1851 4700 1886 4737 a
1908 4685 2136 4754 peccatis

483 4779 668 4818 eorum
707 4767 776 4819 ¹².

555 4855 714 4908 Vers.
733 4854 821 4906 78.
860 4855 979 4911 Per
1000 4857 1220 4914 viscera
1249 4890 1317 4898 —
1355 4860 1560 4916 nostri.
1595 4859 1704 4916 Per
1729 4860 2135 4919 remissionem

557 5031 600 5065 ¹¹
632 5030 829 5087 Matth.
865 5047 942 5099 iu,
967 5038 1049 5088 tl.
1131 5035 1176 5069 ¹²
1208 5034 1406 5092 Matth.
1427 5053 1505 5103 1v,
1532 5039 1622 5093 21.

2246 4505 2332 4567 λος
2355 4505 2462 4559 εἶπε
2487 4511 2612 4580 πρὸς
2636 4511 2723 4559 τὸν
2752 4507 2967 4580 Ἰωσὴφ,
3000 4509 3288 4581 ἑρμηνεύων
3318 4513 3377 4560 τὸ
3399 4511 3646 4579 ὄνοματοῦ
3667 4513 3816 4577 Χρισ-

2245 4605 2357 4647 τοῦ·
2395 4597 2558 4658 Αὐτὸς
2581 4600 2706 4670 γὰρ,
2750 4603 2899 4669 φησὶ,
2937 4604 3097 4650 σώσει
3153 4603 3240 4650 τὸν
3278 4598 3401 4651 λαὸν
3431 4599 3584 4650 αὐτοῦ
3608 4596 3695 4648 ἀπὸ
3725 4601 3811 4643 trix:

2245 4684 2512 4760 ἁμαρτιῶν
2543 4686 2732 4741 αὐτῶν.

2318 4868 2413 4916 Διὰ
2470 4864 2754 4935 σπλάγχνα
2828 4896 2896 4904 -
2944 4867 3110 4936 ἡμῶν,
3183 4865 3266 4920 Ἐν
3328 4869 3502 4938 ἀφέσει
3563 4861 3617 4916 δὲ
3662 4862 3816 4930 elusa-

1728 5217 1954 5285 Varia:
1979 5219 2306 5287 lectiones
2353 5231 2417 5287 et
2463 5229 2662 5288 notae.

571 5406 659 5476 37)
687 5409 746 5458 Δέ
778 5405 946 5462 abest
974 5407 1041 5460 A.

573 5482 660 5548 38)
690 5478 838 5551 Ἠμῖν
879 5479 1086 5551 deest,
1111 5479 1170 5532 Β.

571 5551 659 5620 39)
683 5549 820 5615 Quae
858 5551 951 5607 hic
974 5549 1208 5607 inclusa
1233 5555 1389 5618 sunt,
1421 5552 1766 5611 addidimus
1793 5574 1867 5613 ex
1908 5557 2042 5614 cod.
2068 5559 2126 5612 Β.

2241 5415 2305 5469 In
2332 5415 2458 5471 cod.
2495 5418 2541 5468 A
2571 5429 2692 5470 non
2717 5413 3015 5484 leguntur.

2308 5487 2419 5560 (40)
2462 5486 2526 5542 Id
2565 5491 2672 5554 est,
2697 5490 2756 5538 τὸ
2783 5482 3198 5560 αἰνιγματῶδες.
