3922 6200
149 322 226 379 881
1155 301 1533 381 COMMENT.
1581 299 1650 355 IN
1691 298 1952 355 LUCAM.
1994 327 2060 338 --
2101 296 2264 354 CAP.
2312 297 2385 354 ll.

3335 295 3439 350 882

149 455 243 499 τιών
274 450 326 515 τῇ
369 438 451 493 διὰ
491 435 770 508 σπλάγχνα
822 431 989 494 ἐλέους
1034 436 1168 484 Θεοῦ
1216 430 1383 501 ἡμῶν,
1439 430 1558 484 ἤτοι
1604 431 1666 495 τῇ

1845 426 2185 487 :ccatorum,
2217 436 2353 494 qum
2378 422 2472 475 est
2497 433 2606 491 per
2626 418 2859 475 viscera
2888 416 3306 475 misericordias
3336 417 3437 473 Dei

149 533 349 606 διδομένη
375 525 459 581 διὰ
483 530 571 585 τὴν
602 524 926 597 συμπάθειαν
956 528 1047 573 τοῦ
1078 518 1242 579 ἐλέους
1268 516 1450 579 αὐτοῦ,
1492 518 1581 566 καὶ
1611 512 1670 564 ού

148 622 220 677 διὰ
240 625 292 673 τα
316 622 424 693 ἔργα
449 615 629 668 αὐτῶν.

200 712 211 732 ,
332 706 350 721 .
550 704 569 716 ..
797 700 809 719 ,
977 695 998 712 ν

213 717 266 765 liv
305 728 372 770 οις
420 737 482 746 —
542 702 723 774 υψους.
812 707 877 753 Εν
947 719 1023 760 οις

146 798 202 854 δι’
246 802 275 851 ὰ
338 795 599 866 σπλάγχνα
653 790 837 856 ἐλέους,
895 786 1213 858 ἐπεσκέψατο
1282 786 1437 855 ἡμᾶς,
1506 783 1670 834 εἰτουν

143 889 414 960 ἐπιφοίτησεν
459 881 670 940 ἀνατολή
720 886 810 932 τοῦ
840 884 1026 937 νοητοῦ
1060 876 1230 943 ἡλίου,
1262 872 1315 936 ἐξ
1363 870 1526 942 ὕψους
1576 876 1672 928 τῆς

145 980 353 1036 θεότητος.
404 977 547 1044 Λέγει
592 967 652 1024 δὲ
707 974 799 1029 τὴν
854 969 974 1021 ὅσον
1029 969 1173 1019 οὔπω
1225 962 1519 1035 ἐπιφάνειαν
1576 964 1669 1010 τοῦ

143 1073 344 1141 Χριστοῦ.

196 1155 420 1225 Ἐπιφᾶναι
482 1180 553 1191 -
629 1150 954 1221 καθημένοις
1030 1140 1400 1211 Ἐπεσκέψατο,
1486 1142 1663 1211 φησὶν,

147 1245 253 1316 ἡμᾶς
291 1239 368 1294 διὰ
410 1241 465 1292 τὸ
514 1237 781 1310 ἐπιφᾶναι,
837 1239 1123 1299 τουτέστιν,
1202 1228 1497 1301 ἐπιλάμψαι
1563 1232 1666 1298 φῶς

148 1332 329 1391 ἀληθείας
350 1335 447 1390 τοῖς
474 1326 520 1380 ἓν
577 1330 751 1380 σκότει
798 1333 887 1385 τῆς
936 1321 1134 1383 πλάνης
1175 1322 1505 1391 καθημένοις.
1540 1317 1667 1368 Σκιά

147 1417 193 1473 δε
216 1422 388 1472 θανάτου
432 1419 460 1475 η
518 1418 779 1490 ἁμαρτία⁹
832 1413 1069 1475 εἰκονίζςι
1113 1414 1213 1482 γὰρ
1258 1412 1345 1460 καὶ
1399 1406 1530 1463 αύτη
1576 1407 1664 1456 τὸν

140 1512 324 1562 θάνατον.
344 1514 529 1579 Ὠσπερ
555 1507 658 1580 γὰρ
682 1504 829 1563 οὗθος
857 1501 1044 1573 ψυχης
1070 1498 1179 1552 ἐστι
1203 1499 1500 1571 χωρισμὸς,
1530 1495 1664 1547 οὕτω

135 1605 203 1651 καὶ
222 1598 329 1656 αὕτη
358 1599 644 1669 Πνεύματος
673 1593 827 1665 ἁγίου
857 1590 970 1645 ἐστὶ
1007 1591 1305 1663 χωρισμὸς.

1098 696 1423 767 σπλάγχνοις
1504 690 1670 750 ἐλέους

182 1798 266 1845 Τοῦ
288 1793 578 1845 κατευθύναι
612 1819 670 1828 -
697 1788 917 1862 εἰρήνης.
946 1785 1096 1858 Ὑμὲρ
1130 1790 1222 1836 τοῦ
1249 1783 1558 1834 κατευθύναι
1575 1797 1661 1837 την

125 1886 293 1954 πορείαν
322 1890 406 1944 τῆς
431 1880 690 1942 πολιτείας
720 1879 865 1951 ἡμῶν
897 1875 968 1937 εἰς
997 1871 1120 1927 ὁδὸν
1150 1873 1376 1948 εἰρήνης,
1413 1877 1506 1932 τῆς
1530 1871 1662 1921 κατά

126 1974 241 2022 Θςόν.

176 2062 233 2114 Τό
257 2055 311 2113 ονε
331 2090 389 2100 -
419 2062 693 2132 πνεύματι,
725 2057 987 2128 Πνεύματι
1026 2054 1163 2124 θείῳ.

177 2278 258 2328 Καὶ
306 2270 362 2333 ἦν
414 2306 479 2314 -
525 2271 764 2345 Ἰσραὴλ.
808 2268 933 2330 Ἐως
989 2269 1188 2341 ἡμέρας
1228 2259 1526 2325 ἀναδείξεως
1565 2261 1663 2313 αύ-

120 2369 202 2431 τού,
228 2370 312 2424 τῆς
356 2367 479 2435 πρὸς
524 2365 647 2422 τοὺς
685 2357 1030 2434 Ἰσραηλίτας,
1081 2357 1164 2408 ὅτε
1193 2351 1341 2413 ἦλθεν
1387 2352 1452 2412 εἰς
1490 2357 1663 2404 πᾶσαν

119 2454 190 2508 τὴν
220 2456 491 2527 περίχωρον
538 2445 809 2525 Ἰορδὰνου
857 2448 1139 2521 κηρύσσων
1219 2440 1500 2516 βάπτισμα
1540 2458 1667 2513 μετα

118 2545 243 2601 νοίας.
288 2537 423 2594 Ἔδει
476 2544 582 2613 γὰρ
637 2538 792 2591 αὐτὸν
826 2536 878 2599 ἐξ
926 2533 1132 2587 ἁπαλῶν
1182 2532 1384 2602 ὀνύχων
1431 2529 1667 2588 ἀσκῆσαι

121 2634 189 2685 τὴν
214 2628 394 2704 ἀρετὴν,
436 2632 517 2683 ἵνα
555 2634 648 2681 καὶ
683 2629 814 2700 μετὰ
832 2624 1134 2700 παρρησίας
1162 2621 1375 2694 ἐλέγχῃ,
1407 2623 1497 2671 καὶ
1528 2617 1666 2681 αξιο-

116 2736 266 2779 πιστος
311 2722 380 2778 εἴη
432 2721 641 2795 μάρτυς
690 2722 782 2770 τοῦ
838 2714 925 2768 ὑπ’
974 2712 1135 2766 αύτοῡ
1188 2730 1277 2763 κατ
1291 2707 1665 2782 αγγελλομένου

121 2812 327 2879 Χριστοῦ.

406 3008 549 3056 ΚΕΦ.
593 3001 672 3055 Α’.
718 3003 841 3075 Περὶ
870 3006 967 3060 τῆς
996 2995 1322 3070 ἀπογραφῆς.

166 3089 362 3160 Ἐγένετο
446 3122 515 3133 -—
612 3093 935 3161 οἰκουμένην.
1003 3084 1426 3160 Ἀπογράφεσθαι
1506 3079 1668 3137 αὐτὴν

1780 511 1985 575 nostri,
2005 510 2125 566 sive
2140 526 2273 583 quia
2285 509 2461 565 datur
2476 522 2581 580 per
2594 523 2843 579 compas
2852 506 3085 563 sionem
3105 506 3436 563 misericor-

1779 598 1895 655 dia
1920 598 2131 671 ipsius,
2155 605 2212 655 et
2241 614 2362 654 non
2388 612 2496 670 per
2525 612 2710 669 opera
2735 610 2967 652 eorum.

1853 689 2017 744 Vers.
2045 688 2133 744 78.
2173 687 2377 756 Quibus
2401 716 2470 728 —
2495 685 2627 741 alto.
2651 686 2761 741 Per
2789 701 2927 757 quae
2975 684 3203 739 viscera
3256 684 3433 738 mise-
3520 686 3531 697 ‘

1778 776 2050 833 ricordiae
2080 777 2173 833 vel
2197 782 2442 849 propter
2468 775 2697 830 viscera
2727 772 3146 829 misericordia:
3177 770 3434 827 visitavit

1779 880 1912 932 nos,
1936 866 2056 922 sive
2085 862 2576 938 apparuitoriens
2608 861 2750 918 solis
2776 860 3188 917 intellectualis
3209 875 3281 917 ex
3309 858 3430 916 alto

1778 954 2120 1011 divinitatis.
2156 953 2301 1010 Dicit
2331 956 2534 1009 autem
2561 949 2769 1007 Christi
2801 948 3262 1023 apparitionem,
3294 964 3430 1022 quae

1776 1045 2051 1103 nondum
2081 1048 2229 1100 erat.

1846 1134 2008 1191 Vers.
2036 1132 2125 1189 79.
2161 1133 2230 1190 Ut
2253 1136 2545 1204 appareret
2575 1158 2645 1171 —
2667 1128 2870 1185 sedent.
2906 1125 3185 1193 Visitavit,
3219 1126 3425 1197 inquit,

1776 1238 1905 1289 nos,
1933 1226 1999 1280 ut
2017 1225 2352 1295 appareret,
2368 1220 2482 1277 hoc
2494 1222 2601 1285 est,
2623 1222 2689 1274 ut
2707 1216 3068 1274 illucesceret
3091 1214 3195 1271 lux
3218 1215 3430 1272 verita-

1774 1312 1848 1369 tis
1876 1311 1992 1381 his,
2023 1311 2128 1385 qui
2156 1310 2219 1366 in
2248 1308 2512 1366 tenebris
2539 1305 2756 1364 erroris
2777 1304 3004 1361 sedent.
3032 1302 3255 1359 Umbra
3284 1318 3429 1359 vero

1774 1402 2004 1465 mortis,
2069 1402 2377 1473 peccatum
2433 1403 2520 1453 est
2575 1413 2590 1462 ;
2642 1411 2787 1451 nam
2867 1398 2924 1449 et
2984 1392 3101 1448 hoc
3170 1397 3425 1447 mortem

1774 1490 2084 1563 signiﬁcat.
2165 1488 2326 1546 Sicut
2414 1486 2576 1542 enim
2644 1485 2777 1540 haec
2849 1482 3064 1538 animae
3130 1479 3424 1552 separatio

1772 1586 1898 1638 est:
1928 1580 2009 1637 ita
2037 1593 2281 1653 quoque
2310 1580 2647 1650 peccatum,
2674 1577 2763 1629 est
2814 1569 3068 1643 Spiritus
3106 1568 3297 1623 sancti
3327 1583 3424 1623 ex-

1771 1669 1988 1745 pulsio.

1842 1760 2005 1815 Vers.
2037 1761 2125 1813 79.
2149 1755 2241 1811 Ad
2269 1753 2589 1827 dirigeudos
2608 1783 2678 1792 —
2699 1748 2871 1821 pacis.
2923 1749 2994 1803 Ut
3014 1745 3293 1815 dirigeret
3316 1744 3422 1801 iter

1770 1843 2241 1905 conversationis
2261 1847 2481 1900 nostrae
2502 1841 2563 1897 in
2575 1839 2731 1897 viam
2742 1836 2911 1911 pacis
2927 1851 3064 1909 quae
3087 1833 3421 1890 secundum

1772 1940 1956 1995 Deum
1982 1940 2087 1993 est.

1840 2025 2005 2082 Vers.
2037 2026 2126 2081 80.
2179 2023 2331 2078 Puer
2393 2027 2573 2077 autem
2623 2046 2697 2060 —
2758 2015 2984 2088 spiritu.

1770 2115 1933 2172 vino.

1845 2204 2005 2259 Vers.
2035 2202 2126 2256 80.
2171 2200 2246 2256 Et
2289 2201 2410 2255 erat
2449 2226 2523 2241 —
2549 2194 2773 2251 Israeli.
2839 2194 3036 2264 Usque
3111 2190 3190 2246 ad
3237 2189 3420 2257 diem,

1773 2308 1896 2367 quo
1924 2292 2122 2365 ipsum
2152 2287 2425 2345 lsraelitis
2450 2281 2852 2343 demonstrari
2870 2283 3169 2354 oporteret
3196 2298 3208 2337 :
3234 2294 3425 2351 quan-

1774 2382 1854 2438 do
1897 2380 2059 2437 venit
2103 2380 2165 2435 in
2216 2391 2482 2441 omnem,
2543 2389 2676 2446 quae
2739 2370 2899 2427 circa
2935 2367 3250 2425 Iordanem
3301 2372 3427 2423 erat

1773 2470 2078 2541 regionem
2088 2512 2102 2537 ,
2116 2464 2456 2540 praedicans
2468 2462 2837 2534 baptismum
2851 2456 3113 2532 pceniten
3124 2457 3428 2528 tiae.0por-

1775 2560 1939 2617 tebat
1973 2559 2130 2613 enim
2194 2571 2330 2611 eum
2373 2569 2409 2609 a
2472 2551 2709 2618 teneris,
2762 2547 2929 2622 quod
2997 2545 3163 2601 aiunt
3209 2543 3428 2613 ungui-

1776 2650 1910 2714 bus,
1965 2648 2043 2705 ad
2073 2645 2339 2703 virtutem
2395 2640 2697 2698 exerceri:
2752 2642 2816 2693 ut
2871 2640 2928 2693 et
2973 2635 3154 2691 libere
3219 2647 3428 2702 argue-

1774 2744 1882 2804 ret,
1914 2742 1972 2793 et
2009 2735 2239 2805 Christi,
2260 2732 2365 2807 qui
2407 2747 2445 2788 a
2468 2745 2532 2786 se
2570 2727 3045 2789 annuntiaretur,
3088 2722 3250 2778 testis
3308 2720 3424 2774 ﬁde

1777 2827 1999 2899 dignus
2030 2829 2208 2882 esset.

3060 2011 3280 2085 Spiritu
3337 2011 3425 2069 di-

2187 2982 2339 3039 CAP.
2381 2981 2423 3036 Ι.
2464 2979 2543 3035 De
2566 2993 2726 3033 censu
2754 2973 3010 3031 Caesaris.

1851 3094 2002 3149 CAP.
2037 3091 2102 3147 ll.
2152 3090 2320 3145 Vers.
2354 3092 2404 3142 l.
2471 3084 2691 3140 Factum
2745 3113 2814 3122 —
2845 3079 3015 3135 orbis.
3067 3080 3137 3134 Ut
3176 3091 3423 3132 censum

113 3176 165 3235 εἰς
202 3183 251 3230 τό
289 3180 437 3233 τελεῖν
479 3191 700 3243 κῆνσον,
750 3178 816 3239 εἰς
858 3180 916 3229 τὸ
968 3178 1217 3251 παρέχειν
1270 3178 1441 3244 φόρον,
1486 3171 1670 3221 ὑποτε-

1845 3182 2127 3245 :nderent,
2172 3183 2234 3232 ut
2273 3176 2557 3231 tributum
2586 3170 2975 3233 exsolverent,
3008 3166 3111 3239 qui
3136 3167 3266 3236 jam
3319 3165 3429 3219 lto-

110 3270 323 3337 ταγξιένην
370 3267 475 3329 ἤδη
531 3278 597 3343 τῇ
652 3268 915 3341 Ῥωμαίων
967 3264 1199 3336 ἐξουσίᾳ,
1247 3262 1314 3313 ὧν
1364 3257 1501 3332 ἦρχε
1539 3264 1668 3311 Καῖ-

112 3370 213 3425 σαρ,

165 3449 434 3517 Προιτύπου
489 3445 553 3501 δὲ
600 3449 631 3505 η
678 3449 806 3519 πρὸς
852 3447 939 3497 τὸν
990 3442 1240 3517 Καίσαρα
1296 3440 1531 3507 ύποταγη
1573 3434 1670 3507 μά-

112 3549 188 3593 σας
229 3543 313 3596 τῆς
361 3537 673 3611 οἰκουμένης
727 3539 817 3587 καὶ
869 3535 898 3592 ἡ
962 3532 1237 3606 ἀπογραφὴ
1278 3532 1371 3587 τὴν
1424 3528 1552 3600 πρὸς
1582 3526 1668 3575 τὸν

112 3626 301 3693 Χριστόν
353 3627 626 3699 ὑποταγὴν
672 3626 852 3691 πάσης
901 3630 998 3684 τῆς
1063 3621 1370 3691 οἰκουμένης
1434 3619 1522 3667 καὶ
1574 3618 1668 3670 τὴν

110 3706 368 3786 ἀπογραφὴν
420 3726 520 3768 τῶν
602 3713 1036 3788 ἀπο-γραφομένων
1104 3710 1171 3769 si;
1250 3707 1517 3780 οὐρανούς.
1580 3706 1667 3754 Γέ·

108 3795 196 3852 Ito-zz
235 3797 288 3855 δὲ
339 3806 365 3863 ἱ)
426 3807 647 3862 τοιαύτη
716 3801 991 3876 ἀπογραφὴ
1046 3798 1314 3871 μέλλοντος
1363 3794 1671 3866 γεννηθῆναι

108 3905 179 3938 τω
214 3898 455 3966 Χριστοῦ,
512 3895 618 3963 ἵνα,
678 3894 879 3945 πάνωτν
934 3887 981 3941 ἐν
1030 3894 1143 3950 ταῖς
1202 3883 1361 3945 ἰδίαις
1413 3885 1672 3956 μητροπό-

110 3994 220 4028 ιετιν
270 3979 725 4057 ἀπογραφομὲνων,
782 3978 974 4037 ἂπέλθῆ
1030 3982 1120 4029 καὶ
1161 3977 1191 4034 ἠ
1244 3975 1497 4047 Παρθένος
1543 3973 1672 4042 πρὸς

106 4067 200 4136 (41)
224 4074 309 4128 τήν
337 4075 589 4145 Βηθλεὲμ,
636 4076 725 4123 καὶ
777 4068 826 4121 ἰν
879 4068 1009 4140 αὐτῇ
1064 4073 1246 4119 τοῦτον
1293 4068 1537 4136 γεννήσῃ,
1593 4061 1676 4111 ἶνα

109 4154 202 4226 (θ)
234 4159 471 4234 πληρωθῇ
530 4163 563 4220 ἠ
624 4161 911 4236 προφητεία
939 4159 969 4216 ἠ
1006 4156 1249 4227 λέγουσα·
1281 4156 1380 4206 Καὶ
1413 4155 1500 4218 σὺ,
1541 4152 1678 4206 Βηθ-

105 4242 217 4316 λεέμ.
262 4258 327 4319 γῆ
406 4246 614 4315 Ἰούδα,
690 4244 937 4320 οὐδαμῶς
1002 4244 1256 4317 ἐλαχίστη
1338 4238 1385 4294 εἴ
1459 4238 1506 4291 ἐν
1568 4244 1678 4298 τοῖς

108 4332 325 4406 ἡγεμόσιν
374 4335 581 4393 Ἰούδα·
637 4340 693 4391 ἐκ
744 4344 839 4390 σοῦ
879 4337 981 4409 γὰρ
1028 4333 1342 4397 ἐξελεύσεται
1372 4331 1675 4401 ἡγούμενος,

1780 3252 2097 3328 manorum
2137 3264 2389 3338 subjecti
2426 3266 2593 3320 erant
2639 3257 2935 3333 potestati,
2979 3270 3236 3328 quorum
3267 3252 3426 3325 prin-

1778 3376 1919 3434 ceps
1943 3364 2070 3414 erat
2100 3359 2310 3414 Caesar.

1853 3432 2490 3517 l’raaﬁgurabatautem
2512 3434 2938 3496 universiorbis
2966 3448 3109 3502 erga
3134 3432 3425 3486 Caesarem

1778 3537 2070 3610 subjectio
2091 3552 2161 3590 ac
2186 3529 2524 3604 descriptio,
2551 3526 2728 3582 totius
2755 3522 2966 3580 mundi
2997 3522 3073 3577 ad
3133 3519 3430 3575 Christum

1779 3626 2223 3699 subjectionem,
2253 3638 2322 3678 ac
2338 3617 2750 3676 recensionem
2778 3629 3007 3676 eorum,
3041 3610 3142 3682 qui
3167 3608 3230 3663 in
3247 3606 3433 3663 cmlos

1778 3694 2219 3772 describuntur.
2246 3713 2421 3767 Facta
2450 3710 2539 3763 est
2568 3708 2771 3761 autem
2792 3698 3144 3773 hujusmodi
3172 3694 3435 3766 descrip-

1780 3806 1878 3875 tio,
1912 3820 2051 3861 cum
2082 3801 2421 3858 nasciturus
2453 3793 2864 3852 eratChristus
2897 3794 3015 3855 :ut,
3040 3788 3184 3841 dum
3224 3799 3435 3840 omnes

1781 3895 1842 3951 in
1866 3873 1978 3951 sua
2005 3888 2321 3962 metropoli
2347 3883 2607 3942 describi
2638 3884 2958 3955 oporteret,
2990 3877 3198 3942 abiret,
3232 3879 3289 3929 et
3314 3873 3438 3927 Vir-

1782 4000 1859 4056 go
1881 3985 1940 4040 in
1966 3961 2282 4044 Bethleem,
2316 3992 2385 4033 ac
2406 3974 2609 4048 ipsum
2637 3972 2700 4027 in
2721 3986 2793 4026 ea
2818 3972 3068 4041 pareret,
3093 3970 3147 4020 et
3178 3961 3432 4036 prophe-

1784 4049 1865 4128 tia
1892 4068 2260 4141 impleretur,
2290 4080 2425 4138 quae
2465 4062 2584 4119 ait:
2627 4062 2694 4116 Et
2747 4065 2810 4113 tu
2836 4054 3129 4117 Bethleem,
3162 4058 3315 4106 terra
3339 4049 3441 4103 Ju-

1783 4161 1874 4229 da,
1904 4138 2245 4230 nabuaquam
2277 4153 2503 4208 minima
2561 4165 2610 4204 es
2656 4149 2808 4204 inter
2852 4143 3197 4216 principatus
3245 4138 3434 4193 Iuda:

1786 4267 1854 4305 ea:
1898 4256 1953 4304 le
1996 4229 2143 4303 enim
2193 4242 2357 4299 exibit
2410 4240 2542 4305 dux,
2594 4237 2691 4308 qui
2749 4240 2901 4304 regat
2950 4229 3210 4299 populum
3256 4240 3438 4280 meum

1788 4337 1977 4401 Israel,
2010 4335 2085 4391 de
2114 4348 2238 4407 qua
2276 4326 2587 4386 manifeste
2626 4324 2854 4379 dictum
2893 4325 2983 4374 est
3020 4316 3212 4387 capite
3242 4312 3437 4385 primo

108 4422 230 4486 ὅστις
302 4437 548 4502 ποιμανεί
622 4431 710 4480 τὸν
781 4426 901 4478 λαόν
967 4441 1067 4497 μου
1119 4425 1206 4474 τὸν
1283 4418 1498 4492 Ισραήλ·
1562 4421 1670 4490 περὶ

1845 4425 2086 4499 vangelii
2121 4424 2292 4494 juxta
2318 4416 2660 4474 Matthmum
2699 4414 2767 4465 1³.

107 4510 161 4571 ἧς
205 4517 396 4587 εἱρηται
449 4526 629 4590 σαφῶς
677 4515 726 4567 ἐν
775 4522 849 4586 τῷ
892 4518 1081 4588 πρώτῳ
1110 4509 1368 4583 κεφαλαίῳ
1418 4514 1507 4561 τοῦ
1546 4509 1682 4558 κατὰ

107 4604 360 4664 Ματθαῖον.

165 4692 290 4751 Αὕτη
329 4726 396 4736 -
428 4693 653 4767 ἐγένετο.
684 4695 863 4765 Μέχρι
890 4693 1005 4743 τότε
1030 4693 1101 4763 μὴ
1130 4690 1392 4761 γινομένη.

1200 4888 1299 4943 Τὴν

162 4884 572 4961 Ἠγεμονεύοντος
649 4918 720 4928 —
816 4890 1100 4949 Κυρηνίου.

109 4973 327 5049 ἱστόρησε
371 4986 467 5032 τοῦ
520 4979 811 5054 Κυρηνίου,
872 4985 1140 5049 σημαίνων
1209 4974 1291 5026 ὅτι
1345 4972 1497 5034 αὐτὸς
1548 4971 1685 5025 ἕποι-

107 5069 193 5116 ιίτο
235 5072 323 5125 τὴν
370 5068 684 5144 ἀναγραφὴν
731 5065 846 5139 (43)
896 5072 989 5126 τῆς
1045 5067 1251 5140 Συρίας,
1284 5060 1365 5135 ὑφ’
1397 5066 1458 5122 ἤν
1507 5063 1537 5121 ἡ
1582 5068 1687 5116 Ila:-

106 5147 337 5215 λαιστίνη.

165 5277 207 5312 ³⁸
244 5277 411 5337 lich.
441 5295 507 5337 v.
547 5284 628 5349 2;
654 5277 853 5338 Matth.
881 5293 944 5345 ιι,
978 5280 1029 5335 6.

1405 4884 1683 4955 ἠγεμονίαν

1858 4488 2025 4573 Vers.
2056 4488 2280 4567 2.'Haec
2312 4538 2376 4548 —
2401 4507 2551 4577 facta
2576 4509 2670 4567 est,
2704 4502 2847 4567 Quae
2886 4508 3077 4568 usque
3107 4488 3251 4547 illud
3283 4492 3435 4545 tem-

1791 4623 1904 4681 pus
1930 4604 2081 4661 facta
2110 4616 2231 4657 non
2270 4602 2413 4655 erat.

1863 4884 2028 4938 Vers.
2065 4882 2119 4935 2.
2147 4874 2389 4933 Praeside
2416 4902 2486 4913 —
2512 4866 2773 4943 Cyrenio.
2797 4860 3204 4932 Principatum
3224 4854 3448 4913 descri-

1794 4971 1915 5048 psit
1930 4967 2271 5043 Cyrenii,ad
2292 4958 2778 5048 signiﬁcandum.
2800 4950 2966 5027 quod
2962 4950 3101 5048 ipse
3128 4944 3446 5048 feceritSy-

1794 5036 1898 5121 rite
1935 5036 2419 5130 descriptionem,
2452 5050 2516 5107 in
2543 5062 2670 5122 qua
2698 5044 2810 5101 sita
2846 5044 2936 5100 est
2962 5036 3297 5097 Palaestina.

1286 5399 1512 5470 Variae
1549 5399 1875 5470 lectiones
1896 5400 2192 5464 etnotae.

165 5570 272 5717 ibi;
308 5573 396 5636 Εἰς
424 5579 546 5633 τήν.
579 5580 635 5628 Β.

186 5647 249 5700 42
309 5651 411 5699 Καὶ
443 5660 565 5717 pro
596 5646 635 5697 ἰν

186 5646 270 5717 42)
309 5651 411 5699 Καὶ
443 5660 565 5719 pro
596 5646 695 5698 ενα·
716 5649 774 5698 B.

1860 5562 1989 5648 '(43‘)
2042 5560 2131 5617 Ita
2193 5558 2444 5626 uterque
2505 5547 2715 5615 codex,
2754 5545 2885 5602 loco
2950 5536 3267 5615 superioris
3323 5536 3450 5587 ἀπο-

1802 5652 2001 5709 γραφη-
