3922 6200
426 223 530 278 883

504 347 660 401 Vers.
739 348 793 401 3.
848 344 924 402 Et

429 451 553 491 sum
576 433 977 505 metropolim,
994 437 1057 487 ut
1072 435 1214 486 nota
1232 430 1398 487 ﬁeret
1413 431 1704 501 cujusque
1725 428 1909 485 tribus
1933 426 2082 483 mul-

428 523 647 582 titudo.

502 613 665 665 Vers.
707 610 760 665 4.
802 607 1065 664 Ascendit
1097 633 1163 650 ——
1196 608 1358 664 Vers.
1405 612 1454 663 5.
1490 624 1679 664 utnon.
1729 608 1873 661 Cum
1902 604 2078 660 David

431 701 494 755 in
534 697 833 754 Bethleem
859 697 1216 769 imperasset
1247 696 1385 768 (dd),
1410 712 1583 753 suam
1606 695 1927 767 appellavit
1947 695 2084 750 civi-

434 792 636 845 tatem.
680 785 870 842 Simul
926 790 1125 841 autem
1180 785 1507 855 descriptus
1552 788 1647 839 est
1683 783 1969 848 Christus,
2026 787 2089 838 ut

436 892 560 942 eos,
600 874 704 947 qui
759 872 1040 944 descripti
1069 878 1269 929 essent
1327 873 1387 928 in
1414 872 1755 927 servitutem
1801 872 2087 944 principis

438 962 707 1030 Caesaris,
727 961 1004 1015 liberaret
1028 976 1062 1016 a
1089 959 1368 1015 servitute
1397 958 1641 1023 diaboli,
1674 960 1778 1031 qui
1811 960 2089 1031 princeps

436 1055 523 1106 est
551 1048 785 1105 mundi.

509 1136 674 1192 Vers.
715 1137 769 1191 5.
814 1136 946 1200 Quae
973 1143 1095 1191 erat
1122 1153 1431 1207 pragnans.
1489 1137 1568 1192 De
1611 1136 1830 1208 Spiritu
1884 1142 2089 1193 sancto

440 1223 728 1288 videlicet,
762 1223 913 1279 sicut
950 1223 1175 1280 dictum
1198 1231 1306 1280 est.

512 1315 674 1368 Vers.
705 1313 759 1367 6.
796 1313 1022 1368 Factum
1076 1345 1145 1352 —
1184 1314 1345 1368 Vers.
1399 1314 1454 1369 7.
1501 1314 1949 1385 primogenitum,
2015 1318 2095 1370 Dc

443 1401 867 1471 signiﬁcatione
919 1401 1180 1457 nominis
1225 1402 1648 1473 Primogenitus,
1708 1405 2093 1459 tractavimus

1741 206 2090 269 EUTHYMII
2129 203 2438 264 ZIGABEN
2447 207 2466 260 Ι
3662 203 3748 260 ωδ

1000 343 1153 398 ibant
1222 372 1290 383 ——
1380 341 1694 399 civitatem.
1771 340 1835 395 ln
1892 331 2080 390 tribus
2109 327 2155 381 Α

2263 335 2361 382 Καὶ
2410 330 2710 405 ἐπορεύοντο
2738 361 2809 372 -
2843 329 3008 383 πόλιν,
3054 329 3147 390 Εἰς
3174 332 3269 387 τὴν
3306 334 3399 388 τῆς
3443 323 3576 386 ἰδίας
3619 334 3749 397 φυλῆς

2190 419 2526 493 μητρόπολιν,
2575 422 2657 471 ἶνα
2709 422 3198 493 γνώριπονγένηται
3247 420 3303 469 τό
3348 414 3543 476 πλῆθος
3570 416 3751 477 ἑκάστης

2192 509 2376 581 φυλῆς.

2265 597 2443 654 Ἀνέϐη
2497 629 2562 637 -
2609 603 2845 669 γυναικί,
2897 601 3002 655 Τὴν
3054 594 3334 667 Βηθλεεμό
3378 591 3542 647 Δαυίδ
3588 600 3753 666 itaqui-

2197 706 2312 754 σας,
2345 686 2537 738 οἰκείαν
2567 688 2818 759 ὠνόμασε.
2855 686 3226 758 Συναπεγράφη
3270 680 3329 736 δὲ
3365 688 3454 736 καὶ
3491 686 3516 734 ό
3543 689 3753 755 Χριστὸς,

2197 779 2281 829 ἴνα
2310 780 2428 836 τοὺς
2455 774 2844 849 ἀπογραφέντας
2883 775 2952 835 εἰς
3001 771 3238 827 δουλείαν
3285 780 3376 825 τοῦ
3418 772 3756 845 αὐτοκράτορος

2198 866 2463 940 Καίσαρος
2495 864 2810 938 ἐλευθερώσῃ
2841 873 2937 927 τῆς
2981 861 3219 925 δουλείας
3248 870 3340 915 τοῦ
3370 865 3753 936 κοσμοκράτορος

2202 952 2233 1006 δ
2241 954 2445 1007 ιαϐόλου
2455 994 2467 1006 .

2274 1145 2422 1214 Οὖσις)
2461 1140 2627 1212 ἐγκύῳ
2667 1140 2761 1194 Ἐκ
2791 1142 3087 1211 Πνεύριατος
3117 1138 3270 1210 ἀγίου
3315 1133 3579 1203 δηλονότι,
3625 1139 3761 1196 καθώς

2203 1235 2534 1303 προείρηται.

2279 1319 2508 1390 Ἐγένετο
2557 1349 2624 1359 -
2675 1321 3024 1390 πρωτότοκον.
3086 1321 3211 1389 Περὶ
3254 1323 3349 1378 τῆς
3401 1324 3661 1389 σημασίας
3694 1324 3762 1367 τοῦ

2210 1412 2546 1481 Πρωτοτόκου
2606 1403 2905 1478 διελάϐομεν
2976 1405 3026 1457 ἐν
3078 1414 3151 1475 τῷ
3202 1403 3333 1458 τελει
3392 1414 3484 1457 τοῦ
3534 1412 3765 1480 προοιμίου

441 1490 501 1544 in
530 1490 644 1546 ﬁne
672 1491 942 1547 Prooemii
967 1490 1264 1560 Evangelii
1306 1492 1477 1561 juxta
1500 1493 1834 1549 Matthagum
1882 1495 1950 1557 ³⁸,
1994 1493 2095 1549 ubi

2241 1504 2299 1548 οῦ
2338 1499 2473 1548 κατά
2521 1497 2787 1549 Mat-Gaio:
2829 1493 3166 1565 Εὗαγγελὶου,
3208 1496 3329 1546 ἔνθα
3369 1502 3540 1547 κεῖται
3582 1500 3654 1547 τό·
3691 1500 3767 1547 Καὶ

443 1579 658 1635 dicitur
699 1595 711 1634 :
753 1581 827 1634 Et
864 1597 970 1634 non
998 1581 1241 1650 cognovit
1279 1597 1414 1646 eam,
1469 1581 1628 1636 donec
1656 1582 1868 1653 peperit
1918 1582 2098 1654 ﬁlium

444 1686 599 1725 suum
625 1669 1068 1741 primogenitum.

518 1758 683 1814 Vers.
739 1758 792 1812 7.
820 1759 896 1814 Et
917 1758 1109 1830 fasciis
1135 1774 1255 1814 eum
1285 1759 1514 1815 involvit
1541 1792 1610 1800 —
1641 1760 1962 1817 diversorio.
2007 1763 2098 1818 Di-

446 1846 1366 1919 versoriumdiciturhospitium,
1387 1849 1446 1903 in
1474 1865 1616 1921 quo,
1642 1866 1779 1906 cum
1801 1867 1923 1907 non
1945 1857 2103 1908 esset

447 1935 615 1992 locus
648 1941 892 2008 propter
915 1937 1133 1993 domus
1155 1938 1517 2007 angustiam,
1546 1938 1856 1995 reclinavit
1896 1940 2099 2012 ipsum

450 2024 511 2079 in
551 2039 821 2096 praesepe
843 2024 1300 2094 irrationalium,
1332 2026 1498 2098 quod
1519 2025 1600 2083 ibi
1626 2035 1769 2083 erat.
1811 2029 2101 2086 Futurum

449 2112 610 2168 enim
631 2117 775 2180 erat,
802 2116 864 2169 ut
889 2113 1144 2171 Verbum
1169 2119 1441 2186 pasceret
1454 2130 1568 2172 nos
1593 2115 1777 2172 verbo
1801 2118 2103 2187 Evangelii

452 2200 609 2257 etab
631 2200 1140 2260 irrationabilitate
1164 2219 1236 2260 ac
1272 2203 1616 2262 brutalitate
1638 2204 2019 2263 aﬂ‘ectionum
2039 2208 2105 2263 li-

450 2290 703 2347 beraret.

524 2379 732 2447 Quaere
749 2384 948 2437 autem
967 2381 1163 2452 primo
1178 2381 1351 2453 juxta
1374 2384 1705 2441 Matthaaum
1729 2385 1918 2457 capite
1936 2401 2106 2441 enar-

454 2468 748 2525 rationem
788 2469 937 2539 ejus,
968 2470 1137 2543 quod
1164 2470 1379 2528 dicitur
1407 2488 1419 2526 :
1451 2472 1527 2527 Et
1571 2474 1846 2530 intrantes
1892 2474 2107 2531 domum

455 2557 708 2613 viderunt
726 2576 958 2630 puerum
988 2561 1056 2614 ¹⁸.

2208 1585 2321 1657 (44)
2351 1585 2445 1637 οὐκ
2474 1583 2747 1656 ἕγίνωσκεν
2795 1583 2975 1641 αὐτὴν·
3010 1584 3101 1645 ἕως
3131 1584 3191 1635 οὗ
3220 1585 3358 1635 ἔτεκε
3386 1587 3475 1635 τὸν
3503 1587 3608 1636 υἱόν
3640 1583 3767 1644 αὐτῆς

2210 1679 2296 1727 τὸν
2326 1678 2674 1749 πρωτότοκον.

2286 1768 2383 1818 Καὶ
2464 1765 2867 1836 ἐσπαργάνωσεν
2943 1761 3100 1814 αὐτόν
3160 1792 3221 1800 -
3287 1761 3637 1836 καταλύματι,
3692 1767 3769 1815 Κα-

2212 1852 2417 1925 τάλυμα
2493 1851 2696 1923 λέγεται
2770 1853 2828 1902 τὸ
2886 1856 3235 1921 καταγώγιον,
3310 1849 3359 1901 ἐν
3428 1852 3488 1921 ᾧ,
3544 1856 3610 1922 μὴ
3659 1856 3771 1910 ὄντος

2212 1948 2394 2008 τόπου,
2459 1938 2551 1993 διὰ
2628 1944 2723 1999 τὴν
2788 1943 3141 2014 στενοχωρίαν
3209 1937 3463 1992 ἀνέκλινεν
3533 1940 3670 1992 αὑτὸν
3721 1939 3770 1998 εἰς

2212 2037 2304 2092 τὴν
2360 2032 2522 2083 οὖσαν
2575 2029 2680 2082 ἐκεῖ
2726 2031 2918 2101 φάτνην
2974 2035 3074 2079 τῶν
3136 2026 3358 2100 ἀλόγων,
3428 2029 3633 2101 Ἔμελλε
3673 2030 3769 2101 γὰρ,

2217 2125 2386 2194 Λόγος
2440 2120 2527 2185 ὧν,
2577 2118 2714 2190 λόγῳ
2772 2117 2960 2191 θρέψαι
3006 2118 3166 2189 ἡμᾶς,
3222 2125 3295 2187 τῷ
3341 2124 3437 2170 τοῦ
3476 2116 3769 2189 Εὖαγγελίον,

2215 2216 2303 2263 καὶ
2369 2217 2451 2270 τῆς
2504 2208 2718 2281 ἀλογίας
2773 2215 2871 2259 τῶν
2925 2207 3102 2259 παθῶν
3180 2204 3477 2269 ἀπαλλάξαι
3536 2211 3620 2259 καὶ
3686 2206 3773 2276 (45)

2216 2295 2532 2361 κτηνωδίας.

2286 2394 2526 2447 Ζήτησον
2572 2383 2631 2439 δὲ
2680 2391 2769 2438 καὶ
2813 2384 2861 2437 ἐν
2899 2393 2970 2456 τῷ
3014 2390 3202 2459 πρώτῳ
3255 2384 3519 2457 κεφαλαίῳ
3564 2391 3643 2437 τοῦ
3673 2386 3774 2435 κατὰ

2217 2480 2481 2531 Ματθαῑον
2512 2480 2606 2533 τήν
2626 2473 2876 2547 ἐξήγησιν
2900 2480 3009 2526 τοῦ’
3035 2475 3138 2529 Καὶ
3163 2471 3390 2535 ἐλθόντες
3423 2473 3490 2535 εἰς
3516 2478 3601 2532 τὴν
3627 2472 3773 2536 οἰκίαν,

2219 2565 2356 2621 εἶδον
2385 2569 2441 2618 τὸ
2472 2561 2688 2617 παιδίον
2724 2564 2859 2635 (46).

527 2649 572 2717 -ι-
600 2650 861 2719 Praesepe
882 2651 970 2705 est
992 2648 1279 2716 mundus,
1309 2665 1422 2706 nos
1450 2666 1590 2706 vero
1608 2651 1992 2710 irrationalia.
2026 2658 2091 2713 Ut
2110 2672 2253 2729 ergo
2283 2672 2394 2711 nos
2425 2655 2504 2711 ab
2529 2652 2977 2710 irrationalitate
3020 2650 3315 2716 liberaret,
3359 2650 3500 2707 ideo
3521 2651 3686 2707 voluit
3713 2649 3775 2703 ibi

456 2735 749 2794 reclinari.

640 2881 796 2938 CAP.
829 2881 890 2937 ll.
916 2881 994 2937 De
1019 2882 1324 2953 pastoribus
1349 2883 1413 2940 in
1441 2900 1573 2955 agro
1597 2884 1932 2956 degentibus.

535 2970 701 3026 Vers.
733 2975 785 3025 8.
824 2971 905 3026 Et
946 2979 1188 3042 pastore:
1237 3002 1307 3012 —
1357 2987 1535 3028 suum.
1594 2973 1856 3032 Verbum
1914 2980 2111 3054 ἀγραυ-
2151 2967 2247 3054 Cl.

463 3058 564 3110 λεῖν
586 3058 836 3129 quidam
868 3059 1350 3132 interpretantur,
1380 3059 1431 3113 ἕν
1462 3060 1606 3136 ἀγρῷ
1638 3063 1828 3131 αὐλεῖν,
1861 3065 1922 3121 in
1970 3083 2115 3137 agro

464 3146 613 3203 tibia
654 3162 887 3215 canere,
930 3148 1053 3204 sive
1082 3148 1287 3205 ﬁstula
1333 3149 1441 3207 uti.
1497 3150 1608 3207 Alii
1662 3169 1821 3220 vero,
1873 3153 1921 3207 ἐν
1974 3157 2116 3231 ἀγρῷ

465 3234 793 3305 atumem,
817 3235 878 3290 in
910 3252 1057 3307 agro
1076 3236 1313 3308 degere,
1349 3239 1468 3294 sive
1493 3246 1864 3312 pernoctare.

537 3323 700 3380 Vers.
733 3329 786 3381 9.
811 3326 876 3379 Et
912 3342 1020 3379 ecce
1056 3357 1124 3366 —
1173 3327 1318 3383 illos.
1350 3328 1688 3385 Claritatem
1747 3333 1982 3388 Domini
2024 3333 2118 3389 iu-

466 3411 661 3483 tellige
707 3412 823 3477 hic,
871 3411 1143 3470 divinum
1195 3415 1423 3472 lumen.
1468 3418 1869 3475 Circumfulsit
1918 3429 2115 3475 autem

468 3500 619 3567 illos,
645 3504 709 3557 ut
724 3499 1004 3571 angelum
1035 3501 1272 3558 Domini
1302 3518 1434 3559 esse
1460 3506 1675 3561 scirent
1694 3522 1854 3572 eum,
1880 3509 1982 3580 qui
2006 3507 2117 3563 illis

471 3594 708 3646 astaret.

539 3679 704 3734 Vers.
744 3683 796 3735 6.
819 3678 893 3733 Et
925 3707 996 3721 —
1048 3695 1257 3750 magno.
1309 3682 1551 3752 Propter
1592 3682 1833 3739 visionis
1891 3686 2118 3743 novita-

465 3770 609 3822 tem.

539 3854 698 3912 Vers.
746 3860 829 3912 10.
881 3856 1150 3928 Dixitque
1203 3888 1272 3897 —
1309 3857 1524 3929 populo.
1581 3860 1751 3925 Quod
1797 3865 1995 3919 autem
2047 3864 2120 3921 sit

467 3944 762 4015 nuntium,
789 3944 1015 4002 audito.

541 4035 699 4090 Vers.
736 4039 816 4091 tl.
859 4035 1004 4103 Quia
1034 4066 1101 4076 —
1122 4034 1316 4091 David.
1343 4037 1524 4092 Natus
1555 4043 1641 4093 est
1689 4039 1853 4095 vobis
1884 4041 1943 4097 in
1981 4042 2120 4098 civi-

468 4124 588 4180 tate
618 4124 804 4180 David
840 4123 1128 4189 Salvator,
1151 4124 1253 4196 qui
1303 4128 1388 4181 est
1423 4125 1708 4197 Christus,
1762 4132 1965 4203 utpote
2016 4148 2122 4187 un-

2406 2833 2556 2890 ΚΕΦ.
2594 2832 2645 2884 Β¹
2682 2835 2807 2906 Περὶ
2832 2838 2932 2883 τῶν
2954 2828 3348 2904 ἀγραυλοῦντων
3378 2833 3641 2901 ποιμένων.

2303 2927 2403 2977 Καὶ
2487 2925 2722 2993 ποιμένες
2795 2946 2864 2963 -—
2944 2918 3135 2975 αὐτῶν.
3217 2916 3537 2989 ’Δχραυλείν
3606 2919 3651 2968 οἱ

2226 3010 2568 3085 ἐρμηνεύουσι
2633 3011 2693 3062 τὸ
2755 3008 2804 3062 ἄν
2855 3006 2997 3081 ὰγρῶ
3061 3007 3177 3079 (47)
3251 3006 3446 3069 αὐλεῖν,
3516 3010 3661 3059 εῖτ-ουν
3711 3006 3778 3056 σο-

2224 3105 2394 3175 ριγγὶ,
2442 3101 2705 3172 χρῆσθαι·
2748 3100 2798 3151 οἱ
2827 3094 2887 3150 δε
2916 3100 2973 3149 τὸ
3023 3096 3071 3149 ἐν
3103 3094 3249 3170 ἀγρῷ
3302 3096 3628 3160 αὐλίζεσθαι,
3655 3098 3782 3164 ἤγουν

2227 3187 2653 3262 διανυκτερεύειν.

2795 2946 2864 2963 -—
2944 2918 3135 2975 αὐτῶν.

2300 3285 2385 3332 Κω
2413 3275 2531 3331 ἰδοῦ
2583 3308 2649 3317 -
2684 3276 2890 3336 αὐτούς.
2936 3275 3115 3338 Δόξαν.
3168 3279 3367 3349 Κυρίου
3418 3282 3507 3327 νῦν
3550 3277 3666 3327 θεῖον
3705 3280 3785 3343 φῶς

2225 3372 2431 3425 νόησον.
2466 3364 2788 3439 Περιέλαμψε
2816 3361 2875 3417 δι
2904 3364 3113 3429 αὐτοὺς,
3152 3366 3236 3416 ἶνα
3261 3372 3483 3435 γνῶσιν,
3515 3367 3590 3417 ὃτι
3616 3361 3783 3433 ἄγγελος

2228 3463 2353 3510 Θεοῦ
2384 3456 2527 3509 ἆστιν
2567 3458 2593 3507 ό
2618 3454 2832 3515 ἐπιστὰς
2866 3453 3059 3514 αὐτοῖς.

2301 3668 2408 3721 Καὶ
2447 3697 2514 3708 -
2552 3670 2733 3738 μέγαν.
2763 3668 2858 3718 Διά
2885 3668 2943 3717 τό
2982 3660 3280 3740 παράδοξον
3310 3672 3409 3717 τοῦ
3439 3667 3688 3737 θεάματος.

2302 3862 2405 3915 Καὶ
2438 3857 2572 3913 εἶπεν
2611 3891 2679 3902 —
2708 3860 2835 3931 λαῷ.
2866 3864 2929 3913 Τί
2981 3855 3041 3913 δε
3066 3863 3123 3912 τὸ
3169 3859 3473 3932 εὐαγγέλιον
3523 3869 3613 3921 τῆς
3637 3862 3786 3930 χαρᾶς,

2229 3951 2357 4003 οἴκου
2367 3969 2475 4004 σον.

2299 4038 2420 4092 Ὀτι
2476 4070 2541 4078 -
2595 4034 2780 4093 Δαυὶδ.
2840 4038 3065 4111 Ἐτέχθη
3126 4038 3246 4110 ὑμῖν
3303 4042 3533 4112 σήμερον
3581 4036 3623 4089 ἐν
3682 4034 3792 4087 πόλει

2233 4124 2398 4181 Δαυὶδ
2442 4132 2639 4199 Σωτὴρ,
2673 4128 2728 4189 ὃς
2772 4125 2884 4179 ἐστι
2934 4130 3163 4201 Χριστὸς
3210 4129 3323 4199 μεν,
3381 4129 3450 4189 ὡς
3499 4135 3585 4187 τῆς
3633 4123 3792 4197 ἀνθρω-

468 4216 626 4270 ctam
646 4212 878 4271 habens
904 4212 1339 4270 humanitatem
1367 4230 1540 4271 suam
1566 4214 1891 4274 divinitate.
1930 4220 2109 4276 Domi-

2239 4222 2453 4278 πότητος
2518 4216 2679 4268 αὑτοῦ
2732 4218 3054 4291 χρισθείσης
3104 4223 3164 4289 τῇ
3211 4217 3443 4275 θεότητι·
3497 4217 3687 4289 Κύριος
3732 4208 3791 4273 δε,

467 4319 582 4359 nus
611 4309 831 4369 autem,
862 4306 1065 4375 utpote
1095 4304 1266 4358 Deus.
1299 4302 1514 4359 Scribis
1553 4320 1694 4361 vero
1724 4312 1780 4362 et
1810 4308 2121 4364 Phariszeis

467 4407 588 4448 non
615 4392 989 4450 annuntiavit
1013 4391 1122 4447 hoc
1146 4390 1439 4462 gaudium
1469 4409 1482 4446 :
1508 4408 1647 4447 cum
1677 4395 1838 4450 enim
1863 4396 2121 4467 perversi

469 4486 665 4537 essent
690 4486 746 4538 et
771 4480 979 4547 invidi,
1016 4495 1139 4536 non
1180 4483 1348 4536 erant
1394 4480 1693 4548 credituri,
1735 4484 1837 4538 sed
1878 4485 2124 4556 pastori-

470 4567 605 4636 bus,
646 4570 750 4639 qui
774 4571 1031 4626 versutia
1057 4585 1124 4625 ac
1149 4569 1394 4634 invidia,
1429 4570 1733 4636 carebant,
1757 4574 1979 4644 quique
2030 4591 2125 4630 ve-

470 4660 655 4711 terem
680 4658 1147 4727 patriarcharum
1169 4658 1407 4714 vivendi
1439 4659 1688 4717 modum
1721 4662 2125 4734 apprehende-

544 4780 592 4815 “
615 4779 815 4838 Matth.
853 4797 894 4848 1,
920 4783 991 4838 25
1064 4784 1112 4820 ³⁸
1143 4785 1346 4843 Matth.
1378 4800 1439 4843 ιι.
1472 4787 1566 4846 11.

2234 4309 2303 4369 ὡς
2355 4310 2498 4367 Θεός.
2555 4305 2666 4357 Οὐκ
2723 4304 3092 4376 εὐηγγελίσατο
3150 4301 3210 4357 δὲ
3294 4314 3405 4367 τοίς
3476 4311 3513 4358 Γ
3515 4310 3795 4380 pannucia:

2233 4400 2323 4448 καὶ
2368 4400 2676 4469 Φαρισαίοις
2734 4398 2825 4453 τὴν
2883 4396 3059 4467 χαρὰν
3112 4395 3328 4464 ταύτην,
3384 4391 3527 4448 διότι
3564 4394 3649 4447 οὐκ
3690 4390 3796 4462 ἔμελ·

2234 4484 2317 4538 λον
2383 4492 2684 4548 πιστεῦσαι,
2744 4488 2960 4557 πονηροὶ
3014 4489 3104 4535 καὶ
3158 4485 3393 4558 φθονεροὶ
3475 4486 3794 4555 τυγχάνοντες,

2238 4572 2363 4625 ἀλλὰ
2396 4570 2638 4645 ποιμέσιν
2689 4570 2967 4647 ἀπόνηροις
3016 4576 3106 4623 καὶ
3159 4569 3395 4635 ἀκάκοις,
3439 4576 3528 4624 καὶ
3580 4576 3666 4629 τὴν
3724 4586 3797 4619 za-

2235 4661 2383 4714 λαιὰν
2421 4659 2683 4713 πολιτείαν
2738 4659 3032 4721 ἐζηλωκόσι
3108 4667 3208 4711 τῶν
3268 4668 3634 4735 πατριαρχῶν.
3697 4658 3796 4708 Ἐπεί

1679 4911 1906 4978 Variae
1937 4910 2263 4979 lectiones
2307 4918 2371 4977 et
2404 4918 2605 4976 notae.

541 5049 659 5117 (44)
690 5052 786 5102 Τό⁶
825 5049 940 5117 οὐκ,
965 5050 1192 5108 omisso
1221 5057 1329 5107 καί.
1364 5055 1431 5109 Β.

566 5121 658 5189 45)
688 5123 910 5177 Rarum
935 5122 1323 5189 vocabulum,
1355 5124 1433 5181 ab
1459 5122 1753 5187 κτηνώδης.

567 5191 660 5267 46)
685 5191 1023 5267 δοὶιοιὶιιω,
1055 5194 1219 5267 quod
1249 5195 1345 5267 hic
1375 5212 1447 5251 ex
1478 5197 1743 5267 margine
1773 5196 1867 5251 sui
1905 5196 2128 5252 codicis

471 5265 722 5336 subjecit
752 5265 1060 5336 interpres,
1094 5265 1153 5336 in
1184 5266 1347 5322 nullo
1391 5265 1659 5324 meorum
1686 5268 1863 5324 codd.
1894 5267 2126 5336 legitur.

542 5335 654 5424 (ἀεῖ)
687 5339 770 5394 lta
794 5350 1049 5461 1quoque
1080 5335 1414 5419 Theophyl.
1454 5355 1517 5420 p._
1548 5341 1680 5423 .315.
1732 5344 1794 5422 D_,
1855 5335 2130 5414 ἀγροτικὸν

542 5409 760 5461 λουντες.
848 5407 959 5461 ale.
993 5407 1337 5461 Posteriorls
1367 5410 1823 5461 smmhcatioms
1858 5411 2130 5461 exemnla

470 5407 760 5471 αὐλοῦντες.
794 5407 959 5463 Male.
993 5407 1337 5463 Posterioris
1367 5407 1823 5478 signiﬁcationis
1858 5407 2131 5482 eiempla

2238 5056 2316 5136 εει
2353 5054 2419 5112 h-
2466 5054 2504 5136 ἒ·
2527 5053 2747 5136 laudat
2791 5054 2975 5136 West:
3008 5054 3410 5136 “99%!9‘W9
3440 5050 3799 5136 (19.11069?

2238 5118 2485 5206 y_iusgad"
2527 5124 2866 5206 Hesiodhp.
2907 5126 2998 5180 75.
3051 5123 3241 5206 Addit
3274 5124 3420 5181 ibid.

2240 5196 2423 5270 fEurqB
2463 5195 2607 5270 ἀγρῷ
2652 5190 2979 5270 αὐλιζόμενοι
3008 5199 3098 5270 καὶ
3147 5192 3441 5270 διάγοντες.
3480 5197 3545 5252 Et
3577 5190 3742 5270 ρξόίό
3764 5190 3794 5241 D

2240 5268 2298 5350 in
2326 5266 2809 5350 interpretatiqne
2830 5266 3147 5350 allegorica
3167 5266 3604 5350 d'e'episcopisi
3626 5268 3793 5350 ’ᾕρη-

2238 5338 2361 5391 λεῖν·
2396 5333 2658 5392 τουτέστιν
2702 5334 2849 5410 ᾄδειν
2886 5333 3214 5409 πνευματικά
3265 5333 3382 5391 τίνα
3437 5333 3529 5393 κάὶ
3572 5333 3787 5392 διδέςιει)

2240 5414 2326 5462 τὸν
2358 5410 2501 5462 λαόν.

2240 5430 2326 5463 τον
2361 5430 2501 5465 Ααον.

542 5551 657 5623 (dd)
684 5553 1030 5624 Imperasset.
1070 5550 1136 5606 In
1163 5552 1359 5608 Graeco
1388 5553 1495 5613 est,
1520 5561 1779 5618 ornasset,
1815 5553 1875 5609 id
1904 5559 2012 5621 est,
2035 5553 2299 5611 auxisset
2323 5557 2380 5609 et
2414 5557 2690 5610 ornasset
2725 5550 3009 5619 aediﬁciis,
3028 5551 3239 5609 incolis
3266 5556 3327 5609 et
3361 5552 3521 5609 aliis.

3874 256 3893 401 ἓ
