3922 6200
137 313 216 371 885
1113 292 1484 352 COMMENT.
1525 289 1596 345 IN
1630 286 1897 344 LUCAM.
1939 318 2010 331 —
2046 287 2203 344 CAP.
2245 288 2314 342 II.

3299 282 3406 338 886

139 435 182 491 δὲ
213 439 279 487 καὶ
311 435 473 502 ποιμὴν
521 426 760 499 ἐγεννήθη
810 431 904 477 τοῦ
961 423 1108 487 λαοῦ,
1159 424 1375 493 ποιμέσι
1413 421 1480 470 τὰ
1524 419 1631 490 περῑ

1812 417 1904 470 .nt.
1938 412 2089 479 Quia
2115 413 2293 502 etiam
2323 415 2525 485 pastor
2549 425 2621 467 ac
2671 409 2796 465 dux
2819 408 3013 465 factus
3057 410 3146 464 est
3169 406 3268 479 (ee)
3298 421 3405 478 po-

136 527 254 577 αὐτοῦ
278 520 544 594 γνωρίζεται
574 523 795 590 πρῶτον.

185 719 386 776 Δηλοῦται
424 710 476 765 δὲ
511 717 595 764 καὶ
645 711 829 782 ἕτερον,
880 710 962 760 ὅτι
1004 713 1110 766 τοῖς
1156 708 1371 776 ποιμέσι
1415 711 1512 754 τῶν
1559 701 1642 752 λο-

130 818 248 882 γικῶν
290 803 522 878 προϐάτων
579 803 645 852 τὰ
703 801 814 852 θεῖα
857 802 1129 870 μυστήρια
1174 798 1274 866 πρὸ
1328 801 1428 844 τῶν
1475 789 1640 842 ἄλλων

129 896 512 949 ἀποκαλύπτονται.

184 993 258 1039 Καὶ
302 1014 361 1026 -
407 987 632 1052 σημεῖον.
697 984 861 1030 Τοῦτο
909 977 1030 1048 ὑμῖν
1093 977 1154 1026 τό
1208 975 1486 1044 τεκμήριον
1546 974 1640 1021 τοῦ

129 1075 328 1133 ἀληθεύειν
351 1091 421 1144 με.

183 1165 380 1234 Baptism
445 1189 511 1200 —
605 1158 768 1229 φάτνῃ
859 1151 1044 1211 Ἐδέθη
1118 1154 1208 1224 μὲν
1297 1149 1633 1222 σπαργάνοις,

133 1257 193 1302 ἵνα
235 1252 334 1321 λύσῃ
378 1251 434 1300 τὰ
482 1249 759 1319 σπάργανα
805 1253 903 1296 τῶν
951 1243 1215 1313 ἁμαρτιῶν
1249 1241 1415 1310 ἡμῶν·
1475 1240 1637 1290 ἔκειτο

133 1338 191 1406 δὲ,
216 1342 278 1390 ἱνα
291 1338 518 1408 ἀναστήσῃ
562 1339 682 1396 τοὺς
709 1335 1040 1393 πεπτωκότας
1071 1330 1142 1391 εἰς
1169 1329 1446 1402 ἁμαρτίαν.

183 1431 254 1479 Καὶ
294 1458 348 1466 -
392 1425 646 1497 οὐρανίου.
715 1423 946 1492 Ἐγένετο
988 1424 1080 1472 σὺν
1153 1425 1226 1488 τῷ
1292 1414 1512 1488 ἀγγελῳ,
1572 1410 1637 1468 ἣ·-

119 1537 211 1586 γουν
234 1516 414 1574 συνῆλθε
439 1523 507 1585 τῷ
536 1511 738 1584 ἀγγέλῳ
770 1510 969 1581 ἐκείνῳ,

172 1605 398 1659 Αἱνούντων
452 1608 536 1655 τὸν
622 1606 770 1655 Θεόν.
846 1607 957 1652 Τῶν
1032 1596 1258 1668 ἀγγέλων
1341 1594 1634 1665 ὑμνούντων

114 1699 177 1750 τὴν
219 1700 317 1762 μίαν
351 1695 554 1750 θεότητα
607 1699 703 1752 τῆς
738 1689 888 1761 ἁγίας
922 1683 1170 1760 Τριάδος,
1227 1681 1321 1736 διὰ
1357 1687 1448 1740 τὴν
1497 1679 1632 1732 οἰκο-

111 1784 356 1852 νόμηθιίσαν
386 1787 639 1854 σωτηρίαν
668 1788 767 1831 τῶν
799 1777 1087 1853 ἀνθρώπον.

163 1876 238 1922 Καὶ
290 1871 506 1942 λεγόντων
582 1900 638 1910 -
712 1876 846 1938 Θεῷ.
931 1865 1114 1938 Ὕμνος
1169 1862 1220 1914 ἐν
1271 1861 1510 1934 οὐρανοῖς
1559 1865 1630 1927 τῷ

104 1975 204 2035 Θεῷ.

154 2061 230 2108 Καὶ
265 2059 424 2110 -ἑπὶ
479 2065 580 2129 γῆς
625 2056 823 2130 εἰρήνη.
880 2060 1044 2107 Τοῦτο
1091 2051 1236 2103 αἰτία
1283 2054 1376 2101 τοῦ
1427 2047 1627 2118 ὗμνου⁶

101 2142 204 2196 διότι
255 2151 332 2198 καὶ
383 2145 462 2200 ἐπὶ
523 2154 625 2217 γῆς
675 2145 848 2218 εἰρήνη
906 2147 1132 2214 γέγονεν,
1196 2141 1227 2197 ἡ
1289 2137 1336 2190 ἐν
1393 2135 1630 2212 οὐρανοῖς

98 2234 415 2306 πολιτευομένη,
481 2236 846 2308 εἰρηνευόντων
893 2228 1000 2290 ἤδη
1058 2234 1147 2282 καὶ
1189 2237 1288 2280 τῶν
1347 2227 1627 2299 ἀνθρώπων

96 2326 190 2394 πρὸς
213 2327 286 2374 τόν
314 2329 451 2378 Θιόν.

147 2411 196 2464 Ἠ
242 2409 363 2465 διότι
398 2418 485 2466 καὶ
512 2413 604 2465 ἐπὶ
646 2421 746 2483 γῆς
789 2412 932 2483 ὤφθη
987 2411 1013 2461 ό
1060 2411 1180 2468 Υἱὸς
1226 2413 1317 2458 τοῦ
1365 2411 1520 2469 Θεοῦ,
1575 2405 1630 2464 ὃς

93 2500 195 2551 ἐστιν
251 2502 408 2577 εἰρήνη
475 2510 570 2554 τοῦ
637 2506 858 2572 κόσμου.
912 2503 1144 2559 Matri-tn;
1204 2497 1306 2568 ’γὰρ
1361 2501 1494 2546 Θεοῦ
1539 2497 1629 2544 καὶ

92 2587 312 2662 inﬁmum
385 2597 671 2664 γενόμενος,
737 2589 998 2661 εἰρὴνευσε
1081 2588 1148 2638 τὰ
1234 2583 1436 2655 ἐπίγεια
1501 2584 1630 2654 πρὸς

85 2680 132 2727 τὰ
160 2681 362 2752 ούρεὶνια,
409 2685 472 2733 τὰ
535 2676 801 2733 διεστῶτα
841 2675 1074 2746 συνάψας
1128 2678 1218 2726 καὶ
1272 2675 1340 2724 τὰ
1385 2670 1629 2724 ἕκπεπολσ

85 2773 248 2836 μωμένα
271 2770 606 2833 καταλλάξας.

136 2855 186 2908 Ἦ
243 2865 331 2912 Καὶ
385 2859 468 2912 ἐπὶ
507 2867 617 2930 γῆς
661 2858 857 2932 εἰρήνη,
894 2852 1032 2908 διότι
1066 2860 1157 2906 τοῦ
1212 2852 1627 2926 παντοκράτορος

82 2949 266 3014 Χριστοῦ
292 2954 588 3022 τικτομένου
639 2955 740 3009 πᾶς
788 2946 1026 3017 πόλεμος,
1080 2941 1358 3005 κατελύθη,
1421 2942 1626 2993 πάντων

79 3031 174 3100 ὁ.αοῦ
219 3044 305 3087 τῶν
354 3036 506 3090 ἐθνῶν
560 3046 638 3108 τῷ
692 3038 871 3109 κράτει
935 3042 1035 3085 τῶν
1102 3032 1362 3103 Ῥωμαίων
1426 3031 1625 3082 ὑποτα-

75 3139 161 3186 γεντ
167 3144 238 3175 ων.

130 3210 193 3262 Ἐν
256 3213 536 3287 ἀνθρώποις
616 3210 850 3266 εὐδοκία.
932 3212 1013 3264 Ἐν
1089 3209 1380 3282 ἀνθρώποις
1452 3214 1539 3258 νῦν
1593 3208 1623 3263 ἡ

76 3299 198 3350 πάλαι
247 3299 456 3356 εὖδοκία
507 3311 606 3356 τοῦ
659 3307 894 3376 Πατρός·
929 3300 1061 3357 αὕτη
1111 3297 1169 3351 δέ
1225 3297 1337 3350 ἐστι
1374 3300 1432 3348 τὸ
1491 3295 1628 3348 ἄναν-

78 3387 304 3456 θρωπῆσαι
327 3397 409 3444 τὸν
445 3396 592 3458 Υἱόν,
624 3397 713 3444 καὶ
746 3399 918 3443 σῶσαι
945 3394 1032 3441 τόν
1082 3387 1381 3440 ἀπολωλότα
1433 3387 1629 3457 ἄνθρω-

74 3493 159 3529 πον.
212 3486 307 3532 Νῦν
353 3486 454 3556 γὰρ
504 3482 866 3556 πεπλήρωται,
921 3480 947 3530 ὁ
995 3477 1155 3530 πάλαι
1199 3473 1506 3544 εὐδόκησεν,
1559 3477 1628 3526 εἴ·

75 3581 164 3614 τονν
190 3570 376 3640 ὥρισεν,
408 3572 567 3629 ὴθέλη
578 3589 657 3624 σι.

127 3766 208 3812 Καὶ
265 3763 450 3834 ἐγένετο
508 3798 577 3808 -—-
637 3767 781 3838 ἡμῖν.
836 3760 1057 3836 Ἰδωμεν
1113 3764 1172 3813 τό
1235 3762 1400 3836 ῥῆμα,
1456 3761 1630 3812 τούτέ-

69 3866 173 3912 στιν,
197 3851 501 3927 ἐξετάσωμεν
539 3856 658 3926 (48)
698 3858 753 3906 τὸ
802 3855 964 3928 ῥῆμα,
1012 3855 1070 3904 τὸ
1113 3856 1230 3924 περὶ
1282 3857 1374 3902 τοῦ
1431 3851 1628 3920 τη(θῂ

67 3955 130 3985 ναι
174 3941 285 4012 ἡμῖν
337 3952 561 4018 Σωτῆρα
631 3947 875 4015 σήμερον.
950 3941 1300 4011 Ἐξετοὶσωμεν
1360 3935 1420 3990 δὲ
1475 3944 1627 3990 τοῦτο

61 4019 133 4075 διὰ
159 4038 237 4081 τοῦ
275 4028 515 4096 δοθέντος
546 4036 678 4105 ἡμῖν
707 4036 952 4104 σημείου,

119 4124 202 4170 Καὶ
248 4117 396 4178 ἦλθον
448 4155 516 4164 -——
567 4125 779 4175 τούτου.
838 4125 1206 4193 Διεγνώρισαν,
1271 4116 1382 4189 (49)
1442 4119 1625 4187 ἤγουν,

60 4203 518 4286 ἐπληροφορήθησαν
577 4217 700 4285 περὶ
775 4217 866 4262 τοῦ
925 4210 1160 4284 ῥήματος
1225 4213 1316 4258 τοῦ
1389 4205 1629 4263 λαληθέν-

57 4312 123 4352 τσς
155 4297 311 4359 αὐτοῖς
351 4307 472 4375 περὶ
515 4309 614 4354 τοῦ
662 4296 880 4352 παιδίου
930 4300 1134 4365 τούτου,
1196 4298 1275 4349 ὅτι
1323 4295 1515 4366 ἐτέχθη
1557 4300 1629 4364 τῷ

63 4394 140 4454 uti.)
167 4393 326 4464 Σωτήρ
337 4431 348 4441 .

116 4481 201 4528 Καὶ
253 4482 432 4541 πάντες
499 4512 578 4521 —
631 4483 761 4553 πρὸς
838 4477 1040 4536 αύτούς,
1115 4473 1454 4545 Ἀνήγγειλαν
1528 4475 1628 4544 γὰρ

58 4569 215 4616 cutim
262 4575 331 4638 τῷ
377 4588 431 4621 τε
489 4569 694 4641 Ἰωσὴφ
750 4571 839 4618 καὶ
895 4573 956 4638 τῇ
1014 4569 1174 4636 μητρὶ
1248 4571 1338 4615 τοῦ
1413 4558 1631 4613 παιδίου

55 4655 192 4704 πάντα
227 4659 323 4708 ὅσα
350 4663 600 4715 ἤκουσαν
635 4661 777 4729 παρά
827 4662 918 4707 τοῦ
976 4653 1215 4725 ἀγγέλου,
1266 4656 1354 4704 και
1408 4654 1473 4703 τὰ
1518 4655 1634 4724 περὶ

58 4746 127 4788 τοῦ
162 4743 380 4807 πλήθους
436 4756 535 4807 τῆς
589 4746 833 4819 οὐρανίου
892 4748 1154 4816 στρατιᾶς.
1218 4745 1318 4794 Καὶ
1372 4740 1429 4791 ού
1481 4744 1634 4812 μόνον

54 4834 236 4904 τούτοις,
291 4835 421 4889 ἀλλὰ
474 4841 573 4888 καὶ
628 4841 810 4899 πᾶσιν,
869 4834 946 4894 οἷς
1001 4831 1364 4902 ἐνετύγχανον,
1434 4829 1484 4881 οἱ
1547 4834 1636 4880 καὶ

55 4915 346 4993 ﬁniant-3;,
389 4924 728 4998 ἐθαύμασαν,
759 4926 878 4996 περὶ
923 4921 991 4972 ὧν
1025 4923 1285 4979 ἥκουσαν.

1751 502 1896 574 puli,
1927 501 2257 574 pastoribus
2280 500 2539 572 primum
2569 515 2660 568 ea,
2701 514 2838 570 quas
2873 497 2946 552 de
2973 512 3034 552 se
3068 501 3237 552 erant
3274 511 3405 566 my-

1754 592 1945 655 steria,
1981 590 2404 646 manifestavit.

1825 679 2200 750 Signiﬁcatur
2225 694 2468 751 quoque
2491 683 2548 733 et
2573 676 2758 742 aliud,
2785 674 2952 748 quod
2995 673 3272 728 videlicet
3299 687 3404 742 pa-

1753 767 2008 824 storibus
2051 768 2431 824 rationalium
2483 767 2691 822 ovium
2749 765 2949 820 divina
2976 760 3257 834 mysteria
3285 760 3400 831 pri-

1751 874 1930 921 mum,
1965 862 2101 914 ante
2131 857 2300 923 alios,
2330 855 2686 911 revelantur.

1820 947 1987 1002 Vers.
2011 947 2098 1000 12.
2127 946 2202 1000 Et
2231 975 2300 984 —
2325 943 2559 1014 signum.
2598 945 2717 998 Hoc
2745 941 2916 998 vobis
2953 949 3400 1014 argumentum,

1747 1035 1914 1108 quod
1939 1050 2078 1090 vera
2105 1033 2326 1088 dicam.

1818 1124 1984 1179 Vers.
2004 1125 2089 1179 12.
2108 1121 2426 1178 Invenietis
2441 1152 2511 1160 —
2526 1134 2803 1190 praesepe.
2826 1119 3044 1174 Fasciis
3065 1121 3397 1192 alligatum,

1745 1217 1810 1268 ut
1829 1212 2045 1268 fascias
2055 1215 2398 1267 nostrorum
2411 1208 2607 1265 solvat
2621 1211 3024 1281 peccatorum.
3043 1208 3288 1266 Jacebat
3302 1226 3403 1266 au-

1746 1306 1884 1366 tem,
1921 1309 1982 1355 ut
2021 1316 2145 1365 eos,
2195 1300 2300 1372 qui
2325 1299 2385 1355 in
2429 1302 2677 1370 peccata
2715 1295 3068 1364 ceciderant,
3129 1299 3396 1368 erigeret.

1814 1390 1976 1444 Vers.
2000 1389 2087 1445 13.
2114 1389 2192 1443 Et
2213 1418 2281 1427 ——
2306 1389 2577 1444 caelestis.
2602 1388 2775 1442 Facta
2795 1389 2888 1440 est
2916 1401 3054 1441 cum
3077 1387 3312 1457 angelo,
3334 1387 3398 1442 id

1745 1482 1850 1544 est,
1879 1478 2196 1548 conjuncta
2234 1475 2424 1532 estilli
2457 1475 2692 1545 angelo.

1814 1567 1975 1622 Vers.
2005 1571 2088 1622 t3.
2121 1564 2528 1621 Laudant-ium
2550 1564 2755 1618 Deum.
2787 1561 3014 1617 Laudes
3046 1562 3393 1618 canentium

1743 1655 1846 1712 uni
1886 1659 2106 1710 sanctae
2142 1652 2442 1709 Trinitatis
2493 1650 2804 1716 divinitati,
2855 1655 3100 1723 propter
3146 1649 3398 1706 ordina-

1667 1757 1713 1824 Β
1742 1750 1866 1801 tam
1886 1743 2201 1800 hominum
2232 1743 2504 1798 salutem.

1814 1835 1980 1889 Vers.
2009 1837 2091 1889 13.
2124 1834 2201 1888 Et
2245 1831 2572 1888 dicentium
2609 1861 2679 1869 —
2728 1829 2864 1884 Deo.
2916 1828 3074 1885 Laus
3129 1828 3191 1884 in
3230 1828 3394 1886 caelis

1744 1924 1884 1978 Deo.

1793 1939 1884 1978 eo.

1813 2012 1977 2067 Vers.
2012 2010 2096 2064 14.
2127 2011 2208 2064 Et
2251 2008 2316 2064 in
2350 2014 2510 2063 terra
2532 2021 2680 2075 pax.
2713 2006 2783 2060 Ut
2817 2004 2947 2060 haec
2975 2003 3226 2076 hymno,
3269 2005 3394 2061 sive

1738 2099 1903 2156 laudi
1925 2096 2409 2170 correspondeat.
2439 2096 2590 2162 Quia
2609 2097 2668 2149 et
2694 2094 2757 2149 in
2777 2100 2932 2149 terra
2961 2109 3080 2165 pax
3099 2092 3255 2148 facta
3284 2097 3394 2158 est,

1739 2205 1875 2262 quae
1891 2188 1953 2244 in
1985 2187 2144 2244 caelis
2160 2186 2537 2254 versabatur,
2560 2181 2904 2239 hominibus
2928 2197 3141 2254 pacem
3163 2180 3292 2253 jam
3313 2181 3395 2238 ad

1739 2279 1930 2334 Deum
1958 2275 2346 2333 habentibus.

1811 2367 1917 2424 Vel
1945 2368 2089 2439 quia
2126 2367 2306 2422 etiam
2331 2363 2391 2419 in
2423 2367 2578 2420 terra
2610 2360 2712 2417 Dei
2740 2360 2921 2416 Filius
2949 2360 3248 2432 apparuit,
3286 2360 3392 2433 qui

1739 2461 1830 2515 est
1865 2473 1984 2530 pax
2002 2455 2233 2520 mundi,
2267 2452 2560 2509 mediator
2591 2451 2692 2506 Dei
2727 2454 2781 2505 et
2808 2448 3126 2505 hominum
3153 2449 3391 2505 factus:

1738 2547 1842 2620 qui
1893 2545 2232 2619 paciﬁcavit
2291 2541 2589 2598 terrestria
2626 2538 2989 2608 coelestibus,
3041 2538 3395 2594 dissidentia

1739 2636 2139 2707 conjungens,
2169 2647 2414 2704 eosque,
2441 2629 2544 2702 qui
2574 2628 2832 2684 invicem
2857 2626 3054 2682 hostes
3087 2632 3275 2696 erant,
3307 2641 3396 2681 re-

1738 2723 2086 2780 concilians.

1808 2813 1934 2868 Vel.
1963 2815 2038 2868 Et
2062 2812 2126 2867 in
2180 2818 2344 2867 terra
2365 2823 2512 2878 pax,
2545 2805 2689 2878 quia
2718 2804 3124 2875 omnipotente
3162 2802 3393 2858 Christo

1737 2904 1900 2967 nato,
1923 2899 2152 2955 bellum
2183 2913 2362 2954 omne
2377 2894 2741 2952 dissolutum
2771 2897 2877 2957 est,
2901 2890 3186 2947 omnibus
3209 2888 3393 2946 simul

1738 2988 2017 3060 gentibus
2052 2991 2460 3044 Romanorum
2497 2983 2707 3040 ditioni
2737 2981 3043 3054 subjectis.

1810 3215 1970 3268 Vers.
1994 3211 2079 3266 14.
2105 3210 2177 3265 In
2203 3207 2532 3265 hominibus
2562 3205 3016 3275 beneplacitum.
3051 3205 3116 3258 In
3137 3201 3398 3258 homini-

1737 3303 1853 3359 bus
1868 3316 2030 3357 nunc
2051 3304 2158 3368 est,
2187 3297 2354 3370 quod
2372 3297 2516 3352 olim
2543 3295 2726 3350 Patris
2756 3297 2882 3349 erat
2906 3291 3352 3363 beneplacitum
3377 3307 3393 3346 :

1737 3393 1850 3448 hoc
1876 3395 2078 3446 autem
2108 3394 2216 3454 est,
2259 3392 2324 3443 ut
2352 3387 2766 3441 incarnaretur
2797 3381 2896 3437 Dei
2935 3381 3137 3445 Filius,
3179 3395 3250 3436 ac
3279 3379 3397 3436 sal-

1738 3487 1978 3538 varetur
2006 3481 2189 3535 homo
2215 3477 2504 3550 perditus.
2521 3478 2686 3529 Nunc
2712 3472 2873 3528 enim
2896 3470 3260 3542 completum
3281 3474 3393 3536 est,

1739 3571 1904 3645 quod
1925 3570 2068 3626 olim
2099 3568 2180 3624 illi
2200 3565 2601 3638 beneplacuit,
2632 3561 2756 3617 sive
2776 3560 2944 3632 quod
2969 3558 3256 3624 deﬁnivit,
3291 3564 3396 3615 aut

1740 3659 1945 3717 voluit.

1810 3753 1976 3806 Vers.
1997 3751 2092 3807 15.
2127 3750 2206 3804 Et
2219 3747 2450 3816 factum
2470 3741 2728 3799 —vobis.
2746 3740 3072 3796 Videamus
3103 3754 3256 3804 rem,
3278 3737 3396 3793 hoc

1739 3846 1844 3906 est,
1886 3839 2261 3912 inquiramus
2296 3835 2540 3898 factum,
2574 3831 2650 3887 de
2682 3833 2824 3886 nato
2855 3827 3034 3885 nobis
3058 3827 3238 3884 hodie
3272 3826 3398 3884 Sal-

1738 3933 1964 3986 vatore.
2027 3926 2407 3999 Inquiramus
2442 3925 2646 3978 autem
2681 3919 2818 3986 hoc,
2860 3933 2966 3990 per
3013 3915 3224 3973 datum
3293 3931 3401 3972 no-

1739 4019 1834 4075 bis
1873 4019 2135 4089 signum.

1810 4108 1978 4162 Vers.
2025 4110 2108 4161 16.
2135 4105 2217 4159 Et
2248 4105 2536 4158 venerunt
2573 4129 2643 4138 —
2672 4097 2838 4155 Vers.
2872 4100 2955 4150 17.
3000 4095 3130 4150 hoc.
3167 4094 3398 4163 Cogno-

1739 4200 1970 4263 verunt,
2000 4194 2119 4250 sive
2170 4189 2450 4247 certiores
2483 4185 2620 4243 facti
2675 4187 2816 4240 sunt
2843 4183 2918 4238 de
2966 4181 3170 4247 verbo,
3231 4180 3396 4251 quod

1741 4289 1961 4343 dictum
1992 4283 2219 4338 erateis
2248 4279 2323 4334 de
2355 4292 2539 4349 puero
2570 4276 2702 4339 hoc,
2735 4271 2902 4344 quod
2933 4275 3112 4325 natus
3139 4274 3265 4325 erat
3294 4283 3398 4339 po-

1664 4414 1709 4468 D
1741 4377 1885 4450 pulo
1919 4373 2200 4468 Salvator.

1812 4468 1978 4521 Vers.
2017 4465 2097 4517 18.
2127 4461 2204 4515 Et
2232 4452 2684 4521 omnes—ipsis.
2719 4447 2934 4504 Statim
2964 4447 3124 4501 enim
3152 4460 3395 4502 annun-

1744 4558 2039 4612 tiaverunt
2060 4548 2283 4619 Ioseph
2322 4552 2378 4601 et
2406 4541 2581 4599 matri
2610 4537 2798 4612 pueri,
2827 4549 3204 4607 quaecunque
3235 4534 3397 4589 dicta

1745 4649 1912 4700 erant
1949 4640 2096 4712 ipsis
2136 4637 2216 4694 ab
2240 4631 2474 4707 angelo,
2501 4635 2557 4686 et
2605 4627 2682 4684 de
2734 4622 3113 4680 multitudine
3142 4621 3396 4678 ccclesiis

1746 4709 1994 4789 militias:
2029 4731 2143 4784 Nec
2167 4725 2264 4782 his
2317 4721 2535 4786 solum,
2589 4731 2798 4772 verum
2849 4712 3032 4768 etiam
3083 4709 3393 4778 omnibus,

1746 4821 1971 4896 quibus
1997 4814 2406 4881 occurrebant,
2428 4807 2532 4883 qui
2557 4807 2736 4864 etiam
2757 4801 3133 4860 mirabantur
3179 4800 3254 4858 de
3281 4799 3396 4868 his,

1748 4928 1885 4986 quae
1916 4906 2260 4966 audiebant.

1287 5069 1505 5138 Variae
1541 5069 1870 5137 lectiones
1912 5074 1980 5131 et
2016 5069 2220 5129 notae.

228 5251 297 5322 ’1‘6
325 5250 479 5322 ῥῆμα
510 5247 731 5322 abest._
751 5249 818 5301 Α.

106 5311 205 5383 (49)
233 5311 561 5375 Henténius
587 5315 954 5373 reddendum
983 5315 1213 5368 censet:
1247 5311 1646 5383 Notumfece-

46 5395 164 5441 runt
181 5382 1488 5462 veldiuulgauernnt,obidpotissimum,quod
1509 5397 1645 5453 pro-

103 5583 196 5656 (ϐε)
226 5587 451 5644 Factus
478 5593 596 5644 est.
631 5585 871 5640 Videtur
899 5596 1041 5652 ergo
1070 5579 1294 5656 legisse
1316 5577 1642 5656 ἐργαστικὸν.

106 5649 187 5723 UTI
237 5659 387 5715 Nam
422 5661 536 5716 hoc
562 5689 634 5698 —-
663 5657 949 5727 reliquum
971 5649 1093 5710 'est.
1119 5655 1311 5708 Suum
1339 5649 1511 5706 enim
1540 5649 1647 5704 im-

1753 5237 1911 5291 tinvs
1936 5231 2196 5304 sequitur
2228 5243 2239 5281 :
2272 5226 2352 5304 Et
2398 5236 2611 5304 omnes,
2663 5216 3149 5304 quiuauds'erunt‘,
3192 5209 3400 5269 mirati

1750 5290 1910 5363 sunt.
1944 5290 2158 5360 Notum
2199 5302 2399 5354 autem
2441 5300 2551 5359 est,
2605 5290 2875 5366 γνωρίζειν
2905 5303 3037 5344 esse
3093 5290 3149 5342 et
3174 5298 3398 5354 cogno-

1752 5393 1933 5442 scere,
1976 5380 2031 5430 et
2061 5376 2271 5428 notum
2296 5367 2516 5424 facere.

1752 5571 1927 5646 plevit
1963 5566 2144 5646 (fecit)
2182 5568 2238 5620 et
2284 5561 2654 5636 superﬂuum
2693 5562 2780 5616 est
2819 5556 2882 5614 in
2910 5555 3238 5628 posterum,
3278 5562 3399 5604 ces-

1753 5644 1844 5700 sat
1869 5644 1932 5699 in
1954 5645 2285 5714 posterum.
