3922 6200
413 214 517 269 883
1726 196 2078 260 EUTHYMII

2224 196 2455 255 tABENl
3654 194 3741 249 884

491 337 647 392 Vers.
726 338 780 391 3.
835 335 911 392 Et

416 442 540 481 suae
564 423 963 496 metropolim,
982 427 1200 478 utnota
1219 420 1494 492 ﬁeretcuj
1506 436 1692 492 usque
1712 419 1896 475 tribus
1920 417 2069 473 mul-

416 513 634 572 titudo.

490 603 652 655 Vers.
694 600 747 655 4.
789 598 1051 655 Ascendit
1084 624 1149 640 --
1182 599 1346 655 Vers.
1392 603 1441 653 5.
1476 615 1667 654 uxore.
1716 598 1860 653 Cum
1889 595 2065 650 David

418 691 481 746 in
522 687 820 744 Bethleem
846 688 1202 760 imperasset
1234 686 1372 759 (dd),
1397 702 1571 743 suam
1594 686 1915 757 appellavit
1935 685 2071 741 civi-

421 782 623 835 tatem.
667 776 856 832 Simul
913 781 1112 832 autem
1166 775 1495 846 descriptus
1539 779 1634 829 est.
1670 774 1956 839 Christus,
2012 778 2077 829 ut

423 882 547 932 eos,
586 864 691 937 qui
745 863 1027 935 descripti
1055 868 1256 919 essent
1314 863 1373 919 in
1401 863 1744 918 servitutem
1788 862 2075 935 principis

425 952 694 1021 Caesaris,
715 951 991 1005 liberaret
1015 967 1049 1006 a
1076 950 1355 1005 servitute
1384 949 1628 1015 diaboli,
1662 950 1766 1022 qui
1798 950 2077 1022 princeps

423 1044 511 1096 est
538 1038 772 1094 mundi.

496 1126 661 1181 Vers.
702 1127 756 1181 5.
801 1126 932 1190 Quae
960 1133 1081 1182 erat
1110 1143 1419 1198 praegnans.
1476 1127 1555 1182 De
1598 1127 1817 1199 Spiritu
1871 1132 2076 1184 sancto

427 1212 715 1278 videlicet,
749 1213 901 1269 sicut
936 1213 1162 1270 dictum
1185 1221 1293 1271 est.

499 1304 661 1357 Vers.
691 1303 746 1357 6.
782 1302 1009 1358 Factum
1063 1335 1132 1343 —
1171 1304 1332 1359 Vers.
1386 1304 1442 1359 7.
1488 1305 1936 1376 primogenitum,
2001 1308 2082 1361 Dc

430 1391 853 1461 signiﬁcatione
906 1392 1167 1447 nominis
1210 1393 1634 1464 Primogenitus,
1696 1395 2080 1450 tractavimus

988 334 1140 388 ibant
1210 362 1278 373 —-
1367 332 1681 389 civitatem.
1758 330 1822 387 In
1880 322 2067 380 tribus
2095 318 2143 373 A

2252 325 2349 373 Καὶ
2398 320 2697 396 ἐπορεύοντο
2726 352 2797 363 --
2831 320 2995 374 πόλιν.
3040 320 3133 382 Εἰς
3159 323 3255 378 τὴν
3292 325 3387 380 τῆς
3429 314 3565 377 ἰδίας
3609 326 3741 389 φυλῆς

2177 410 2514 484 μητρόπολιν,
2563 414 2644 462 ἶνα
2696 416 2956 484 γνώριπον
2973 413 3184 481 γένηται
3233 412 3289 460 τό
3334 406 3531 468 πλῆθος
3558 407 3743 469 ἑκάστης

2180 499 2363 572 φυλῆς.

2253 588 2430 646 Ἀνέϐη
2486 620 2549 628 -
2596 593 2830 660 γυναικί.
2884 592 2988 646 Τὴν
3040 585 3264 658 Βηθλεὲμ.
3293 587 3320 637 ὁ
3364 582 3530 638 Δαυὶδ
3577 591 3746 658 κοσμη-

2184 697 2300 744 σας,
2332 677 2524 729 οἰκείαν
2554 678 2805 750 ὠνόμασε.
2841 676 3212 749 Συναπιγράφη
3255 670 3315 728 δε
3351 680 3440 727 καὶ
3477 676 3503 726 ὀ
3534 681 3745 746 Χριστός,

2184 769 2268 819 ἶνα
2297 771 2415 827 τοὺς
2442 765 2831 840 ἀπογραφέντας
2870 766 2938 826 εἰς
2986 762 3224 818 δουλείαν
3270 771 3361 816 τοῦ
3404 764 3749 836 αὐτοκράτορος

2186 857 2451 931 Καίσαρος
2482 854 2797 929 ἐλευθερώσῃ
2829 864 2923 918 τῆς
2966 852 3204 916 δουλείας
3234 860 3326 906 τοῦ
3355 855 3746 927 κοσμοκράτορος

2188 942 2455 998 διαϐόλου.

2262 1136 2409 1205 Οὗση
2448 1131 2614 1203 ἐγκύῳ
2653 1130 2746 1185 Ἐκ
2778 1134 3073 1202 Πνευματος
3103 1130 3255 1200 ἁγίου
3302 1125 3567 1195 δηλονότι,
3616 1130 3754 1187 καθὼς

2190 1226 2521 1294 προείρηται.

2266 1310 2495 1381 Ἐγίνετο
2543 1340 2611 1350 —
2661 1313 3010 1380 πρωτότοκον.
3072 1313 3196 1380 Περὶ
3240 1314 3335 1369 τῆς
3386 1314 3651 1380 σημασίας
3685 1314 3755 1359 τοῦ

2197 1403 2533 1471 Πρωτοτόκου
2591 1394 2891 1469 διελάϐομεν
2962 1396 3012 1448 ἐν
3064 1405 3137 1467 τῷ
3188 1395 3319 1449 τιλει
3376 1406 3470 1449 τοῦ
3522 1402 3757 1472 προοιμίου

428 1480 489 1534 in
516 1480 630 1536 ﬁne
659 1481 929 1537 Prommii
954 1480 1250 1550 Evangelii
1292 1482 1463 1552 juxta
1486 1483 1821 1539 Matthaaum
1868 1486 1937 1547 υ,
1982 1483 2083 1539 ubi

2228 1496 2286 1539 οὐ
2324 1490 2460 1539 κατά
2508 1488 2773 1539 Ματθαῐον
2814 1484 3151 1556 Εὕαγγιλίου,
3194 1487 3315 1538 ἔνθα
3354 1493 3527 1539 κεῖται
3572 1490 3644 1539 τὸ·
3681 1492 3759 1538 Καὶ

430 1570 645 1626 dicitur
686 1585 698 1624 :
740 1571 814 1625 Et
851 1587 956 1625 non
984 1571 1227 1640 cognovit
1265 1587 1401 1637 eam,
1455 1571 1616 1627 donec
1642 1573 1855 1644 peperit
1905 1573 2085 1645 ﬁlium

431 1676 586 1714 suum
611 1660 1055 1731 primogenitum.

506 1748 670 1804 Vers.
726 1748 779 1802 7.
807 1750 883 1805 Et
904 1748 1096 1820 fasciis
1122 1765 1242 1805 eum
1272 1749 1501 1805 involvit
1528 1782 1597 1791 —
1627 1751 1949 1809 diversorio.
1994 1753 2085 1809 Di-

433 1837 1352 1910 versoriumdiciturhospitium,
1374 1839 1433 1894 in
1460 1855 1603 1912 quo,
1629 1857 1766 1897 cum
1788 1858 1910 1898 non
1932 1847 2090 1899 esset

433 1925 602 1982 locus
634 1930 879 1998 propter
902 1927 1120 1984 domus
1142 1928 1504 1998 angustiam,
1532 1929 1842 1986 reclinavit
1882 1931 2086 2003 ipsum

437 2014 498 2069 in
537 2014 1287 2085 praesepeirrationalium,
1319 2016 1485 2088 quod
1504 2016 1587 2073 ibi
1612 2026 1755 2073 erat.
1798 2020 2087 2076 Futurum

436 2102 596 2158 enim
617 2107 762 2171 erat,
789 2107 851 2159 ut
876 2103 1131 2160 Verbum
1155 2110 1554 2176 pasceretnos
1580 2106 1765 2163 verbo
1787 2109 2090 2178 Evangelii

438 2195 497 2247 et
516 2190 595 2247 ab
616 2190 1127 2250 irrationabilitate
1151 2209 1223 2250 ac
1258 2193 1602 2253 brutalitate
1624 2195 2006 2254 aﬂ‘ectionum
2026 2199 2092 2253 li-

437 2280 689 2337 beraret.

510 2368 718 2437 Quaere
735 2374 935 2427 autem
953 2371 1150 2443 primo
1164 2372 1337 2443 juxta
1361 2374 1691 2430 Matthtcum
1715 2376 1904 2447 capite
1922 2392 2093 2433 enar-

439 2458 734 2514 rationem
774 2459 923 2530 ejus,
955 2460 1124 2532 quod
1150 2460 1365 2518 dicitur
1394 2478 1406 2517 :
1438 2462 1514 2517 Et
1557 2464 1832 2521 intrantes
1878 2464 2093 2522 domum

441 2547 693 2602 viderunt
713 2565 943 2619 puerum
974 2551 1043 2604 η.

2195 1576 2308 1648 (44)
2338 1576 2431 1628 οὐκ
2461 1574 2733 1647 ἐγίνωσκεν
2781 1574 2962 1633 αὐτην⁸
2995 1576 3087 1636 ἕως
3118 1574 3176 1625 οὗ
3207 1576 3344 1626 ἔτεκε
3371 1578 3462 1627 τόν
3490 1578 3596 1627 υἱόν
3630 1574 3759 1635 miti;

2197 1670 2283 1719 τόν
2312 1669 2660 1739 πρωτότοκον.

2272 1760 2370 1809 Καὶ
2450 1756 2854 1827 ἐσπαργάνωσεν
2929 1752 3086 1804 αὐτόν
3146 1782 3208 1791 -—
3273 1752 3625 1827 καταλύματι.
3682 1759 3761 1806 ιιι.

2199 1844 2404 1916 τάλυμα
2479 1842 2682 1915 λέγεται
2756 1844 2814 1893 τό
2872 1847 3221 1912 καταγώγιον,
3295 1840 3344 1893 ἐν
3414 1843 3474 1913 ᾧ,
3532 1847 3599 1914 μὴ
3649 1846 3764 1901 dato;

2199 1939 2381 1999 τόπου,
2444 1928 2537 1984 διὰ
2615 1935 2709 1989 τὴν
2774 1934 3127 2004 στενοχωρίαν
3195 1928 3448 1984 ἀνέκλινεν
3520 1931 3661 1983 αὐτὸν
3712 1930 3763 1989 εἰς

2199 2029 2290 2082 τὴν
2347 2023 2508 2074 οὖσαν
2561 2020 2665 2073 ἐκεῖ
2712 2021 2904 2092 φάτνην
2961 2027 3060 2071 τῶν
3122 2017 3343 2091 ἀλόγων,
3413 2020 3621 2092 Ἔμελλε
3663 2023 3761 2092 γὰρ,

2203 2117 2373 2184 Λόγος
2426 2112 2514 2177 ὢν,
2563 2108 2700 2181 λόγῳ
2758 2108 2946 2183 θρέψαι
2991 2109 3152 2181 ἡμᾶς,
3208 2116 3280 2178 τῷ
3327 2116 3422 2161 τοῦ
3462 2108 3762 2180 Εὐαγγιλίου,

2201 2206 2290 2254 καὶ
2355 2208 2438 2261 τῆς
2490 2198 2705 2271 ἀλογίας
2758 2206 2857 2251 τῶν
2910 2198 3089 2250 παθῶν
3166 2195 3463 2260 ἀπαλλάξαι
3523 2202 3607 2249 καὶ
3677 2198 3765 2267 (ὦ)

2202 2287 2518 2351 κτηνωδίας.

2273 2385 2512 2438 Ζήτησον
2559 2374 2618 2430 δὲ
2666 2382 2755 2429 καὶ
2799 2375 2847 2427 ἐν
2884 2384 2956 2447 τῷ
3000 2381 3187 2450 πρώτῳ
3241 2375 3505 2448 κεφαλαίῳ
3551 2382 3632 2428 τοῦ
3663 2378 3766 2426 κατὰ

2203 2471 2467 2523 Ματθαῖον
2498 2471 2592 2525 τήν
2613 2464 2862 2538 ἐξήγησιν
2884 2471 2994 2517 τοῦ·
3020 2466 3124 2520 Καὶ
3148 2462 3373 2526 ἐλθόντες
3406 2464 3476 2526 εἰς
3502 2470 3590 2523 την
3615 2464 3765 2529 οἰκίη,

2205 2556 2343 2612 εἶδον
2372 2560 2428 2609 τό
2458 2552 2674 2608 παιδίον
2709 2555 2845 2627 (46).

513 2638 558 2707 -ιο
586 2640 847 2710 Praesepe
867 2642 957 2695 est
978 2638 1266 2706 mundus,
1296 2656 1408 2697 nos
1437 2656 1576 2697 vero
1594 2642 1979 2701 irrationalia.
2012 2649 2077 2704 Ut
2096 2662 2239 2720 ergo
2270 2663 2381 2703 nos
2411 2646 2490 2702 ab
2516 2642 2963 2700 irrationalitate
3006 2641 3301 2707 liberaret,
3344 2641 3486 2699 ideo
3507 2642 3677 2698 voluit
3705 2640 3769 2695 ibi

443 2724 734 2783 reclinari.

625 2870 781 2927 CAP.
815 2870 876 2927 ll.
902 2871 980 2927 De
1004 2872 1311 2943 pastoribus
1335 2873 1399 2930 in
1427 2891 1559 2945 agro
1583 2875 1918 2947 degentibus.

2392 2824 2542 2880 ΚΕΦ.
2580 2823 2631 2875 Β¹
2668 2826 2793 2897 Περὶ
2818 2829 2918 2873 τῶν
2940 2820 3332 2894 ἀγραυλούντων
3361 2825 3629 2893 ποιμένων.

2288 2918 2389 2967 Καὶ
2472 2915 2708 2985 ποιμένες
2781 2938 2851 2954 —-
2930 2909 3121 2966 αὐτῶν.
3203 2908 3523 2981 Ἀχραυλεῖν
3593 2911 3639 2959 οἱ

521 2959 687 3015 Vers.
719 2964 771 3015 8.
810 2960 890 3015 Et
932 2968 1173 3032 pastores
1224 2993 1293 3003 —
1343 2978 1521 3018 suum.
1579 2964 1843 3023 Verbum
1900 2970 2095 3045 ἀγραυ-

521 3047 818 3076 Lauinia...
855 3049 1318 3076 ζηιΑ-..-Αιηυιιη-
1369 3050 1416 3076 2..
1453 3050 1497 3076 3.-
1528 3060 1584 3076 -3-
1630 3054 1768 3076 ,J‘ly
1848 3056 1898 3076 ιφ
1964 3073 1979 3076 Α
2006 3073 2090 3076 -.-κ

2224 2958 2707 3076 ἑρμηνεύουσιΓτὸι
2741 2999 2790 3052 ἕν
2841 2997 2982 3072 ὰγρῶ
3048 2999 3164 3070 (47)
3236 2958 3430 3059 αῖλείν,
3502 3002 3650 3051 εἶτουν
3701 2958 3769 3047 οὐ·

449 3047 551 3100 my
571 3047 822 3121 quidam
855 3049 1336 3122 interpretantur,
1366 3050 1417 3103 ἐν
1448 3050 1592 3126 ἀγρῷ
1624 3054 1814 3122 αὐλεῖν,
1847 3056 1907 3111 in
1956 3073 2101 3128 agro

450 3136 599 3194 tibia
640 3153 873 3205 canere,
916 3139 1039 3195 sive
1068 3138 1273 3197 ﬁstula
1319 3140 1427 3198 uti.
1484 3141 1594 3198 Alii
1648 3160 1807 3211 vero,
1859 3145 1907 3198 ἐν
1960 3148 2102 3222 ἀγρῷ

451 3225 778 3298 ἀύλίξεσθαι,
802 3227 864 3283 in
896 3242 1042 3299 agro
1063 3227 1299 3299 degere,
1335 3230 1454 3285 sive
1479 3237 1850 3303 pernoctare.

523 3316 685 3374 Vers.
720 3322 772 3375 9.
796 3319 862 3372 Et
897 3334 1007 3372 ecce
1042 3349 1110 3358 -—
1159 3319 1305 3374 illos.
1336 3319 1675 3377 Claritatem
1733 3324 1966 3378 Domini
2009 3323 2104 3380 in-

454 3405 647 3476 tellige
694 3406 809 3470 hic,
856 3405 1129 3462 divinum
1182 3408 1410 3463 lumen.
1454 3409 1856 3466 Circumfulsit
1904 3419 2101 3466 autem

453 3493 605 3559 illos,
631 3498 695 3549 ut
711 3493 990 3563 angelum
1020 3493 1258 3549 Domini
1289 3510 1420 3550 esse
1446 3497 1660 3552 scirent
1680 3513 1840 3562 eum,
1866 3500 1969 3571 qui
1993 3498 2103 3554 illis

457 3586 694 3637 astaret.

524 3669 690 3723 Vers.
730 3673 782 3725 6.
806 3669 878 3723 Ει
911 3697 982 3711 -
1035 3686 1243 3741 magno.
1294 3672 1537 3742 Propter
1578 3673 1819 3729 visionis
1877 3676 2105 3735 novita-

451 3762 596 3812 tem.

524 3844 685 3901 Vers.
732 3849 815 3902 10.
867 3846 1136 3919 Dixitque
1189 3879 1258 3887 —
1294 3848 1510 3921 populo.
1567 3851 1737 3915 Quod
1783 3856 1981 3910 autem
2033 3855 2106 3913 sit

452 3932 748 4005 nuntium,
775 3934 1001 3991 audito.

526 4024 685 4079 Vers.
721 4029 803 4081 ll.
845 4025 990 4093 Quia
1020 4057 1087 4066 —
1108 4024 1303 4082 David.
1328 4029 1510 4083 Natus
1541 4034 1627 4085 est
1676 4030 1839 4086 vobis
1870 4032 1929 4088 in
1967 4033 2106 4089 civi-

453 4117 574 4170 tate
604 4114 790 4170 David
825 4114 1114 4180 Salvator,
1137 4115 1239 4187 qui
1289 4120 1373 4172 est
1409 4116 1694 4189 Christus,
1747 4125 1951 4194 utpote
2002 4139 2108 4178 un-

2210 3096 2380 3166 ριγγὶ,
2428 3092 2690 3163 χρῆσθαι·
2734 3091 2784 3142 οἱ
2813 3085 2873 3141 δὲ
2902 3091 2959 3141 τό
3009 3086 3057 3139 ἄν
3089 3086 3234 3161 ἀγρῷ
3289 3087 3616 3153 αὐλίζεσθαι,
3645 3090 3773 3156 ἤγουν

2213 3178 2640 3253 διανυκτιρεύιιν.

2287 3276 2370 3323 Kc.)
2399 3266 2516 3322 ἰδοῦ
2569 3299 2636 3308 -
2670 3267 2876 3327 αὐτούς.
2922 3266 3101 3329 Δόξαν.
3155 3271 3350 3340 Κυρίου
3400 3273 3493 3318 νῦν
3536 3268 3654 3318 θεῖον
3695 3272 3776 3335 φῶς

2211 3363 2416 3416 νόησον.
2452 3356 2774 3430 Περιέλαμψε
2803 3352 2861 3408 δι
2890 3355 3099 3420 αὐτοὺς,
3139 3356 3221 3407 ἱνα
3246 3363 3468 3427 γνῶσιν,
3500 3359 3577 3408 ὅτι
3604 3352 3774 3426 ἅγγελος

2214 3454 2339 3500 Θεοῦ
2370 3447 2512 3500 ἐστιν
2552 3448 2578 3499 ό
2604 3445 2818 3506 ἐπιστὰς
2852 3444 3044 3506 αὐτοῖς.

2286 3658 2394 3711 Καὶ
2434 3687 2500 3699 -
2538 3661 2719 3730 μέγαν.
2749 3659 2844 3709 Διὰ
2871 3659 2929 3708 τό
2967 3651 3266 3732 παράδοξον
3296 3663 3391 3708 τοῦ
3421 3657 3677 3729 θεάματος.

2288 3853 2392 3906 Καὶ
2424 3849 2558 3905 εἶπεν
2596 3883 2665 3893 -
2694 3851 2821 3923 λαῷ.
2852 3856 2916 3904 Τί
2967 3846 3027 3904 δί
3052 3854 3109 3903 τό
3154 3850 3457 3923 εὐαγγέλιον
3508 3860 3599 3912 τῆς
3624 3856 3775 3923 χαρᾶς,

2215 3942 2343 3993 οἴκου
2353 3960 2461 3996 σον.

2286 4030 2405 4083 Ὀτι
2461 4061 2527 4069 —-—
2581 4026 2766 4084 Δαυὶδ.
2826 4029 3051 4102 Ἐτίχθη
3112 4030 3232 4101 ὑμῖν
3289 4034 3517 4103 σήμερον
3566 4028 3609 4080 ἐν
3669 4026 3782 4078 πόλει

2218 4115 2385 4172 Δαυὶδ
2428 4123 2625 4191 Σωτὴρ,
2659 4120 2715 4180 ὃς
2758 4116 2870 4171 ἐστι
2919 4121 3149 4192 Χριστός
3196 4119 3309 4191 μὲν,
3362 4119 3433 4179 ὡς
3482 4126 3571 4178 τῆς
3618 4115 3781 4189 ἇαθρωο

454 4207 612 4261 ctam
631 4202 864 4261 habens
890 4203 1325 4261 humanitatem
1353 4221 1527 4262 suam
1552 4206 1877 4265 divinitate.
1915 4210 2095 4268 Domi-

2224 4212 2438 4269 πότητος
2504 4207 2665 4259 αὐτοῦ
2718 4209 3041 4281 χρισθείσης
3090 4215 3150 4279 τῇ
3197 4207 3426 4265 Θεότητιο
3480 4208 3673 4280 Κύριος
3720 4200 3782 4265 δε,

453 4309 568 4348 nus
598 4298 817 4360 autem,
848 4297 1051 4366 utpote
1081 4295 1252 4349 Deus.
1285 4293 1500 4350 Scribis
1539 4311 1680 4351 vero
1710 4303 1766 4353 et
1797 4299 2108 4355 Pbarisaeis

452 4397 573 4438 non
601 4382 975 4440 annuntiavit
998 4382 1108 4438 hoc
1131 4380 1424 4452 gaudium
1455 4400 1467 4437 :
1494 4399 1633 4439 cum
1663 4386 1824 4440 enim
1849 4388 2107 4459 perversi

454 4477 651 4527 essent
676 4477 733 4529 et
756 4471 965 4538 invidi,
1002 4487 1125 4527 non
1166 4473 1334 4527 erant
1380 4471 1678 4539 credituri,
1721 4474 1824 4529 sed
1863 4477 2111 4547 pastori-

455 4557 591 4626 bus,
631 4560 736 4630 qui
760 4562 1017 4617 versutia
1042 4576 1110 4616 ac
1134 4560 1380 4625 invidia,
1414 4561 1718 4628 carebant,
1742 4565 1964 4635 quique
2016 4581 2111 4620 ve-

456 4650 640 4702 terem
666 4648 1133 4717 patriarcharum
1155 4648 1393 4705 vivendi
1425 4650 1673 4707 modum
1706 4653 2111 4724 apprehende-

530 4771 578 4806 ¹⁸
600 4770 800 4829 Matth.
839 4787 880 4838 ι,
906 4773 977 4828 25
1050 4775 1098 4811 ¹⁸
1129 4776 1332 4834 Matth.
1364 4791 1425 4835 ιι.
1458 4778 1552 4836 11.

2221 4300 2288 4359 ὡς
2341 4301 2485 4357 Θιός.
2541 4296 2652 4347 Οὐκ
2709 4295 3078 4368 εὐηγγελίσατο
3137 4292 3196 4347 δὲ
3280 4303 3388 4357 τοῖς
3459 4300 3784 4371 Γραμματιῡσι

2219 4392 2309 4439 καὶ
2354 4390 2662 4460 Φαρισαίοις
2720 4389 2811 4443 τὴν
2870 4387 3045 4458 χαρὰν
3098 4387 3314 4455 ταύτην,
3368 4382 3510 4439 διότι
3548 4386 3635 4438 οὖν.

2220 4475 2303 4528 λον
2369 4482 2671 4539 πιστεῦσαι,
2730 4479 2946 4548 πονηροὶ
3000 4479 3090 4526 καὶ
3143 4475 3378 4549 φθονεροὶ
3458 4477 3783 4546 τυγχάνοντες,

2224 4563 2348 4615 ἀλλὰ
2382 4562 2624 4635 ποιμέσιν
2675 4560 2954 4637 ἀπονήροις
3002 4568 3092 4615 καὶ
3144 4560 3378 4625 ἀκάκοις,
3422 4567 3511 4615 καὶ
3563 4567 3651 4621 τὴν
3712 4579 3788 4611 πει·

2221 4652 2369 4705 λαιὰν
2407 4650 2668 4704 πολιτείαν
2724 4650 3018 4711 ἐζηλωκόσι
3093 4658 3194 4702 τῶν
3252 4660 3620 4726 πατριαρχῶν.
3683 4651 3786 4701 Ἐπεὶ

1664 4901 1892 4969 Variae
1923 4901 2249 4969 lectiones
2292 4910 2357 4969 et
2388 4909 2591 4967 notae.

528 5040 645 5107 (44)
675 5043 772 5093 Τόο
811 5039 926 5105 οὐκ,
951 5040 1178 5098 omisso
1206 5049 1315 5099 καί.
1350 5046 1416 5100 B.

552 5112 644 5180 45)
675 5114 896 5168 Rarum
921 5112 1308 5180 vocabulum,
1340 5115 1419 5171 ab
1445 5113 1739 5178 κτηνώδης.

552 5181 647 5257 46)
670 5181 1009 5257 Scholium,
1040 5184 1206 5257 quod
1234 5186 1331 5257 hic
1361 5202 1433 5242 ex
1463 5188 1729 5257 margine
1759 5187 1853 5242 sui
1891 5187 2114 5243 codicis

456 5254 708 5327 subjecit
738 5254 1046 5325 interpres,
1060 5254 1139 5327 in
1170 5256 1333 5313 nullo
1377 5254 1645 5314 meorum
1671 5258 1849 5314 codd.
1880 5258 2111 5327 legitur.

527 5326 640 5415 (εἶ)
674 5330 757 5384 lta
779 5340 1035 5452 1auoque
1065 5326 1399 5410 Theophyl.
1440 5346 1503 5411 ρ..
1534 5332 1665 5414 .315.
1717 5334 1780 5412 D,
1841 5326 2116 5405 ἀγροτικὸν

527 5400 745 5452 λουντις.
834 5396 945 5452 ale.
979 5397 1322 5452 Posteriorls
1353 5401 1810 5452 smmhcatmms.
1844 5401 2116 5452 exempla

455 5396 745 5462 αὐλοῦντες.
779 5396 953 5453 Male;
979 5396 1326 5454 Posterioris
1353 5396 1810 5468 signiﬁcationis
1844 5396 2117 5473 ei'empla

2224 5046 2302 5127 “Si
2338 5046 2404 5103 h-
2451 5045 2490 5127 ἒ·
2513 5044 2733 5127 lauti”
2777 5045 2961 5127 W359:
2993 5044 3394 5127 M99999???
3422 5042 3788 5127 ἀὲδοθβῗθῗ

2224 5117 2356 5199 _v_ius
2382 5116 2469 5199 ad
2513 5115 2852 5199 Hesiodhp.
2893 5117 2984 5170 75.
3037 5114 3227 5199 A‘ddit'
3258 5115 3403 5172 ibid.
3458 5110 3784 5199 Iheophj‘lﬁ

2225 5187 2409 5262 ξΕνΑτῷ
2448 5186 2592 5262 ἀγρῷ
2637 5182 2965 5262 αὐλιζόμενοι
2994 5190 3084 5262 καὶ
3132 5182 3424 5262 διάγοντες.
3458 5188 3527 5262 Et
3561 5182 3730 5262 ρξπσ
3752 5183 3783 5234 Β

2226 5256 2794 5343 in_interpretatione
2816 5256 3133 5343 allegorica
3152 5256 3588 5343 deepiscopis:
3610 5260 3783 5343 ’ῥγρεςῇο

2224 5325 2644 5452 λεῖν·λτουῖτίστιν
2687 5325 2834 5401 ᾅδειν
2872 5325 3199 5401 πνευματικοί
3250 5325 3367 5383 τινα
3421 5325 3510 5383 καὶ
3555 5325 3775 5383 adimo

2225 5420 2312 5452 τον
2377 5421 2487 5452 αον.

2225 5420 2312 5453 τον
2346 5420 2487 5457 Λαον.

527 5542 643 5615 (ιω)
669 5543 1016 5615 Imperasset.
1056 5541 1122 5597 ln
1149 5542 1344 5598 Graeco
1374 5544 1481 5605 est,
1507 5551 1765 5609 ornasset,
1800 5545 1861 5600 id
1890 5549 1997 5613 est,
2021 5544 2284 5603 auxisset
2308 5547 2365 5601 et
2400 5548 2676 5602 ornasset
2711 5542 2994 5610 adiﬁciis,
3015 5541 3224 5600 incolis
3251 5547 3312 5600 et
3348 5544 3502 5601 aliis.

3876 378 3891 439 Ξ
