3922 6200
130 304 214 363 885
1127 288 1499 349 COMMENT.
1539 285 1612 343 IN
1645 283 1913 341 LUCAM.
1952 316 2026 329 —
2060 284 2218 343 CAP.
2259 286 2329 342 Il.

3313 283 3421 341 886

130 426 178 482 δὲ
209 431 282 480 καὶ
313 428 488 497 ποιμήν
536 421 775 497 ὶγεννήθη
824 428 918 473 τοῦ
975 418 1122 483 λαοῦ,
1173 420 1389 490 ποιμέσι
1426 417 1495 468 τὰ
1538 418 1640 487 περ

1823 414 1920 468 int.
1952 411 2105 477 Quia
2129 411 2309 468 etiam
2337 414 2541 484 pastor
2563 426 2636 468 ac
2685 409 2812 466 dux
2834 409 3029 466 factus
3072 411 3162 466 est
3184 407 3283 481 (se)
3313 422 3420 480 po-

128 519 255 569 αὐτοῦ
279 515 560 589 γνωρίζεται
588 518 809 587 πρῶτον.

181 711 396 769 Δηλοῦται
435 705 491 761 δὴ
524 711 609 759 καὶ
659 707 843 777 ἕτερον,
893 706 974 756 ὅτι
1017 709 1123 762 τοῖς
1169 704 1386 774 ποιμέσι
1428 707 1527 752 τῶν
1572 697 1656 751 λο-

122 810 249 874 γικῶν
292 798 537 871 προϐάτων
591 797 659 848 τὰ
716 796 828 848 θεῖα
870 798 1142 866 μυστήρια
1186 794 1288 864 πρὸ
1342 797 1443 842 τῶν
1489 786 1655 840 ἄλλων

123 889 526 942 ἀποκαλύπτονται.

180 984 260 1032 Καὶ
305 1006 369 1019 -
416 980 645 1048 σημεῖον.
710 978 875 1025 Τοῦτο
922 972 1044 1044 ὑμῖν
1106 973 1167 1022 τὸ
1221 972 1500 1042 τεκμήριον
1559 972 1653 1019 τοῦ

123 1067 334 1139 ἀληθεύειν
356 1084 432 1138 με.

179 1158 387 1228 Εὗρήσετε
456 1183 525 1195 -
617 1153 781 1225 φάτνῃ
871 1146 1057 1207 Ἐδέθη
1310 1146 1646 1219 σπαργάνοις,

128 1248 192 1296 ἵνα
234 1244 339 1316 λύση
384 1246 445 1295 τά
495 1243 772 1314 σπάργανα
817 1247 916 1292 τῶν
963 1239 1228 1310 ἁμαρτιῶν
1261 1237 1292 1294 ἠ
1299 1242 1428 1307 μῶν·
1487 1236 1650 1291 ἔκειτο

128 1330 189 1401 δὲ,
216 1335 281 1385 ἱνα
294 1331 532 1404 ἀναστήσῃ
574 1333 694 1392 τοὺς
720 1331 1052 1389 πεπτωκότας
1083 1326 1154 1388 εἰς
1181 1325 1458 1399 ἁμαρτίαν.

180 1426 255 1473 Καὶ
296 1452 354 1461 -
400 1420 659 1492 οὐρανίου.
727 1418 958 1489 Ἐγένετο
999 1420 1093 1469 σὺν
1165 1422 1240 1485 τῷ
1304 1411 1525 1485 ἀγγέλῳ,
1584 1407 1649 1466 ἣ·

115 1528 211 1583 γουν
234 1510 425 1569 συνῆλθε
448 1517 521 1580 τῷ
548 1506 751 1580 ἀγγέλῳ
781 1505 981 1577 ἐκείνῳ.

168 1598 407 1653 Αἱνούντων
462 1601 549 1650 τὸν
633 1601 782 1650 Θεὸν.
858 1602 969 1648 Τῶν
1043 1592 1271 1665 ἀγγέλων
1353 1591 1646 1662 ὑμνούντων

110 1690 177 1744 τὴν
219 1692 323 1757 μίαν
357 1690 567 1745 θεότητα
618 1694 716 1747 τῆς
749 1684 901 1756 ἁγίας
933 1679 1183 1756 Τριάδος,
1239 1677 1333 1732 διὰ
1368 1683 1460 1738 τὴν
1508 1676 1644 1730 οἰκο-

107 1778 363 1847 νόμηθείσαν
392 1781 652 1850 σωτηρίαν
678 1782 779 1826 τῶν
810 1772 1098 1848 ἀνθρώπον.

162 1870 241 1917 Καὶ
292 1864 518 1937 λεγόντοιν
593 1895 650 1906 -
723 1871 858 1934 Θεῷ.
941 1860 1126 1933 ⁴’Υμνος
1180 1858 1231 1911 ἄν
1283 1858 1521 1931 οὐρανοῖς
1570 1862 1643 1925 τῷ

154 2055 234 2105 Καὶ
268 2082 330 2094 --
354 2053 434 2105 ἐπὶ
488 2060 592 2124 γῆς
636 2051 833 2126 εἰρήνη.
890 2055 1055 2103 Τοῦτο
1101 2047 1247 2099 αἰτία
1294 2051 1388 2098 τοῦ
1438 2044 1600 2115 ὕμνου
1624 2058 1639 2072 '

98 2136 206 2192 διότι
258 2146 338 2194 καὶ
389 2140 471 2195 ἐπὶ
533 2148 636 2213 γῆς
685 2139 859 2213 εἰρήνη
916 2143 1143 2210 γέγονεν,
1206 2137 1238 2194 ἡ
1300 2133 1347 2187 ἓν
1404 2132 1641 2209 οὐρανοῖς

95 2229 424 2303 πολιτευομένη,
490 2231 856 2304 εἰρηνευόντων
903 2223 1011 2286 ἤδη
1068 2230 1158 2278 καὶ
1199 2233 1300 2277 τῶν
1358 2223 1639 2296 ἀνθρώπων

94 2322 193 2390 πρὸς
215 2323 291 2371 τόν
319 2324 460 2374 Θεόν.

146 2406 198 2460 Ἦ
244 2404 370 2461 διότι
404 2414 494 2462 καὶ
521 2408 615 2461 ἰπὶ
655 2416 757 2479 γῆς
798 2407 943 2479 ὤφθη
997 2407 1023 2458 ό
1069 2406 1190 2465 Υἱὸς
1236 2409 1328 2455 τοῦ
1375 2407 1531 2466 Θεοῦ,
1585 2401 1641 2462 ὃς

92 2496 199 2547 ἐστιν
254 2498 416 2573 εἰρήνη
484 2505 581 2550 τοῦ
646 2500 868 2569 κόσμου.
922 2499 1154 2555 Μεσίτης
1213 2494 1316 2565 γὰρ
1370 2496 1504 2543 Θεοῦ
1548 2493 1639 2541 καὶ

90 2582 318 2658 ἀνθρώπων
392 2591 680 2659 γενόμενος,
745 2585 1008 2657 εἰρήνευσε
1090 2584 1157 2635 τὰ
1243 2579 1446 2652 ἰπίγεια
1509 2581 1640 2652 πρὸς

86 2676 136 2723 τὰ
162 2675 370 2749 οὐράνια,
415 2680 481 2728 τὰ
545 2671 811 2728 διεστῶτα
850 2672 1083 2743 συνάψας
1136 2674 1227 2724 καὶ
1281 2671 1349 2721 τὰ
1394 2667 1639 2722 ἇκπεπολε

86 2769 253 2834 μωμένα
275 2765 616 2829 καταλλάξας.

138 2851 189 2906 Ἠ
247 2861 338 2908 Καὶ
392 2854 478 2909 ἐπὶ
516 2862 627 2926 γῆς
669 2853 867 2928 εἰρήνη,
903 2848 1042 2905 διότι
1074 2856 1166 2903 τοῦ
1220 2849 1637 2923 παντοκράτορος

83 2946 271 3013 Χριστοῦ
297 2950 599 3018 τικτομένου
648 2950 750 3005 πᾶς
796 2941 1035 3014 πόλεμος,
1088 2938 1367 3003 κατελύθη,
1430 2939 1635 2990 πάντων

81 3027 179 3099 ὁμοῦ
222 3040 313 3084 τῶν
361 3032 514 3087 ἐθνῶν
568 3041 646 3104 τῷ
701 3034 881 3105 κράτει
944 3038 1044 3082 τῶν
1110 3028 1371 3101 Ῥωμαίων
1434 3028 1635 3080 ὑποτα-

78 3135 244 3186 7mm.

133 3207 198 3260 Ἐν
261 3209 546 3284 ἀνθρώποις
624 3206 859 3263 εὐδοκία.
941 3208 1022 3261 Ἐν
1097 3205 1389 3279 ἀνθρώποις
1459 3212 1548 3257 νῦν
1600 3205 1632 3262 ἠ

80 3295 205 3348 παλαι
253 3296 464 3353 εὐδοκία
515 3306 617 3352 τοῦ
666 3302 904 3373 Πατρός·
938 3296 1070 3355 αὕτη
1118 3293 1178 3348 δέ
1233 3294 1347 3348 ἐστι
1382 3297 1441 3347 τὸ
1499 3293 1637 3346 ἄναν-

82 3383 312 3453 θρωπῆσαι
334 3392 418 3440 τόν
452 3391 601 3454 Υἱὸν,
632 3393 721 3440 καὶ
753 3395 926 3440 σῶσαι
953 3390 1041 3438 τόν
1089 3384 1390 3437 ἀπολωλότα
1441 3385 1637 3457 ἅνθρω-

79 3491 167 3527 nov.
219 3482 317 3530 Νῦν
361 3482 464 3553 γὰρ
512 3477 873 3551 πεπλήρωται,
928 3475 955 3527 ὃ
1001 3474 1163 3527 πάλαι
1207 3471 1515 3543 εὐδόκησεν,
1566 3476 1637 3524 εἷο

81 3577 172 3612 τουν
196 3566 362 3637 ὥρισεν
370 3610 385 3637 ,
414 3566 666 3626 ἠθέλησε.

134 3763 217 3811 Καὶ
273 3759 459 3833 ίγένετο
517 3793 587 3804 —-—
644 3763 788 3833 ἡμῖν.
844 3757 1065 3833 Ἵδωμεν
1121 3762 1179 3812 τὸ
1242 3761 1408 3834 ῥῆμα,
1463 3760 1637 3811 τούτέ-

78 3865 182 3914 στιν,
204 3848 509 3925 ἐξετάσωμεν
547 3851 666 3923 (48)
706 3853 762 3903 τὸ
809 3850 973 3925 ῥῆμα,
1019 3852 1078 3902 τό
1120 3853 1237 3923 περὶ
1288 3855 1381 3901 τοῦ
1438 3849 1636 3918 τεχθῆ-

75 3952 139 3985 ναι
182 3939 294 4011 ἡμῖν
345 3948 570 4015 Σωτῆρα
638 3943 884 4012 σήμερον.
957 3938 1307 4009 Ἐξετάσωμεν
1366 3932 1427 3988 δι
1481 3942 1635 3987 τοῦτο

72 4018 144 4075 διὰ
167 4036 247 4080 τοῦ
284 4027 523 4093 δοθέντος
554 4032 685 4103 ἡμῖν
714 4032 960 4101 σημείου.

127 4122 213 4169 Καὶ
256 4115 404 4176 ἦλθον
456 4151 525 4160 -
573 4120 786 4171 τούτου.
844 4120 1213 4189 Διεγνὼρισαν,
1277 4113 1389 4185 (49)
1448 4115 1632 4184 ἤγουν,

71 4200 527 4283 ἑπληρροςρορήθησαν
584 4212 706 4281 περὶ
781 4212 873 4258 τοῦ
931 4205 1167 4279 ῥήματος
1229 4209 1323 4255 τοῦ
1394 4201 1636 4260 λαληθέν-

70 4310 136 4351 τος
166 4294 322 4357 αὐτοῖς
361 4302 481 4373 περὶ
523 4303 622 4351 τοῦ
667 4291 886 4348 παιδίου
935 4295 1141 4360 τούτου,
1202 4294 1281 4344 ότι
1328 4292 1522 4363 ἐτέχθη
1562 4298 1635 4362 τῷ

72 4378 152 4451 λαῷ
176 4390 359 4462 Σωτήρ.

128 4478 213 4525 Καὶ
262 4478 442 4537 πάντες
506 4507 584 4516 -
635 4477 767 4549 πρὸς
842 4472 1046 4532 αὐτούς.
1121 4469 1460 4542 Ἀνήγγειλαν
1533 4472 1634 4542 γὰρ

71 4558 228 4614 αὐτίκα
272 4572 341 4636 τῷ
386 4584 440 4617 τε
496 4565 699 4637 Ἰωσὴφ
754 4566 844 4614 καὶ
900 4568 962 4633 τῇ
1018 4565 1181 4633 μητρὶ
1253 4567 1344 4611 τοῦ
1418 4555 1636 4611 παιδίου

70 4653 207 4703 πάντα
239 4656 333 4706 ὃσα
360 4659 606 4713 ἤκουσαν
639 4656 782 4725 παρὰ
830 4656 923 4704 τοῦ
980 4648 1220 4721 ἀγγέλου,
1271 4652 1359 4701 καὶ
1412 4651 1480 4701 τὰ
1522 4652 1639 4721 περὶ

72 4745 141 4786 τοῦ
174 4740 391 4804 πλήθους
444 4752 543 4804 τῆς
593 4741 837 4816 οὐρανίου
896 4745 1159 4813 στρατιᾶς.
1222 4742 1324 4791 Καὶ
1377 4737 1435 4789 οὐ
1485 4742 1638 4810 μόνον

69 4828 250 4900 τούτοις,
302 4831 432 4885 ἀλλὰ
482 4836 580 4884 καὶ
632 4837 814 4896 πᾶσιν,
873 4830 951 4892 οἷς
1005 4828 1369 4899 ἐνετύγχανον,
1438 4825 1489 4879 οἶ
1551 4830 1641 4878 καὶ

70 4910 358 4991 ἀκούσαντες,
398 4919 734 4993 ξθαύμασαν,
763 4923 881 4993 περὶ
927 4918 996 4969 ὧν
1028 4920 1290 4976 ἤκουσαν.

1765 498 1911 572 puli,
1940 500 2272 572 pastoribus
2294 499 2554 572 primum
2583 514 2676 567 ea,
2715 514 2853 571 qua;
2887 497 2962 553 de
2988 512 3050 553 se
3083 501 3252 553 erant
3288 512 3421 568 my-

1767 589 1959 653 steria,
1995 589 2419 645 manifestavit.

1839 676 2215 748 Signiﬁcatur
2239 693 2482 750 quoque
2505 682 2562 733 et
2586 676 2772 742 aliud,
2798 674 2967 748 quod
3009 673 3287 730 videlicet
3313 687 3419 744 pa-

1766 765 2022 822 storibus
2063 767 2445 823 rationalium
2498 766 2705 822 ovium
2762 764 2964 821 divina
2990 761 3272 835 mysteria
3298 761 3414 833 pri-

1763 871 1945 920 mum,
1978 860 2115 912 ante
2144 855 2314 924 alios,
2343 854 2699 911 revelantur.

1834 945 2000 1000 νοτε.
2024 945 2112 999 12.
2140 944 2215 998 Et
2244 973 2315 983 —
2337 942 2573 1013 signum.
2610 944 2732 998 Hoc
2758 940 2931 998 vobis
2967 949 3413 1015 argumentum,

1760 1033 1928 1106 quod
1950 1048 2091 1088 vera
2119 1031 2340 1088 dicam.

1832 1121 1997 1177 Vers.
2016 1122 2103 1178 12.
2119 1120 2440 1178 Invenietis
2454 1151 2525 1160 —
2539 1110 2817 1190 praeire.
2839 1118 3058 1174 Fasciis
3079 1119 3412 1192 alligatum,

1758 1214 1824 1266 ut
1842 1208 2058 1267 fascias
2068 1214 2411 1266 nostrorum
2423 1207 2621 1266 solvat
2634 1210 3038 1281 peccatorum.
3055 1207 3302 1266 Jacebat
3315 1226 3417 1267 au-

1758 1303 1898 1364 tem,
1933 1306 1995 1354 ut
2033 1314 2158 1364 eos,
2208 1298 2314 1371 qui
2336 1298 2399 1355 in
2441 1301 2689 1370 peccata
2726 1295 3080 1364 ceciderant,
3141 1298 3410 1368 erigeret.

1826 1387 1989 1442 Vers.
2012 1386 2100 1443 13.
2127 1386 2205 1442 Ει
2224 1416 2294 1426 -—
2318 1387 2590 1443 caelestis.
2613 1387 2788 1442 Facta
2807 1388 2901 1441 est
2927 1401 3066 1441 cum
3089 1387 3325 1458 angelo,
3347 1386 3412 1443 id

1756 1479 1862 1543 est,
1890 1476 2017 1547 conj
2030 1480 2208 1532 uncta
2246 1479 2338 1531 est
2354 1473 2437 1531 illi
2469 1473 2704 1545 angelo.

1826 1565 1987 1621 Vers.
2017 1569 2100 1621 13.
2132 1562 2539 1621 Laudantium
2562 1563 2768 1618 Deum.
2799 1562 3027 1618 Laudes
3058 1562 3406 1620 canentium

1754 1653 1859 1710 uni
1898 1657 2118 1709 sanctae
2153 1650 2454 1708 Trinitatis
2504 1649 2817 1716 divinitati,
2866 1654 3112 1723 propter
3157 1650 3411 1708 ordina-

1678 1754 1725 1823 Β
1754 1747 1878 1799 tam
1897 1741 2213 1798 hominum
2243 1741 2515 1798 salutem.

1824 1832 1991 1888 Vers.
2020 1834 2102 1888 13.
2134 1832 2213 1887 Ει
2256 1830 2584 1889 dicentium
2620 1860 2691 1869 —
2738 1828 2876 1886 Deo.
2926 1827 3085 1886 Laus
3139 1828 3203 1885 in
3241 1829 3406 1886 coelis

1754 1922 1895 1977 Deo.

1823 2010 1988 2065 Vers.
2022 2008 2107 2063 14.
2138 2008 2220 2063 Et
2262 2006 2327 2064 in
2361 2013 2522 2063 terra
2542 2020 2691 2075 pax.
2724 2006 2794 2061 Ut
2827 2004 2958 2060 haec
2985 2004 3238 2077 hymno,
3280 2005 3406 2063 sive

1749 2097 1915 2154 laudi
1935 2094 2420 2168 correspondeat.
2450 2095 2602 2161 Quia
2619 2096 2679 2149 et
2704 2093 2767 2149 in
2787 2099 2943 2150 terra
2970 2109 3092 2165 pax
3109 2093 3266 2150 facta
3294 2099 3406 2161 est,

1750 2202 1886 2260 quae
1902 2186 1964 2242 in
1995 2185 2154 2242 caelis
2170 2185 2548 2254 versabatur,
2570 2181 2914 2239 hominibus
2937 2198 3153 2255 pacem
3173 2181 3303 2254 jam
3324 2182 3405 2240 ad

1750 2276 1941 2332 Deum
1967 2273 2356 2331 habentibus.

1820 2364 1928 2422 Vel
1954 2366 2100 2438 quia
2136 2365 2316 2421 etiam
2340 2361 2401 2419 in
2433 2366 2589 2420 terra
2618 2359 2723 2417 Dei
2750 2359 2932 2417 Filius
2959 2361 3259 2433 apparuit,
3296 2361 3403 2435 qui

1749 2459 1841 2513 est
1875 2471 1994 2528 pax
2011 2453 2243 2518 mundi,
2276 2451 2571 2509 mediator
2600 2450 2703 2507 Dei
2736 2453 2791 2506 et
2818 2448 3137 2506 hominum
3163 2449 3360 2506 factus
3387 2468 3401 2507 :

1748 2545 1853 2619 qui
1903 2543 2242 2618 paciﬁcavit
2300 2541 2599 2598 terrestria
2636 2539 2998 2610 ccelestibus,
3051 2538 3406 2596 dissidentia

1748 2633 2149 2705 conjungens,
2179 2646 2425 2704 eosque,
2450 2628 2555 2703 qui
2583 2627 2841 2684 invicem
2865 2627 3064 2683 hostes
3096 2632 3285 2698 erant,
3317 2642 3405 2683 re-

1747 2721 2095 2779 concilians.

1817 2811 1943 2867 Vel.
1972 2812 2048 2867 Ει
2070 2810 2136 2866 in
2189 2816 2354 2866 terra
2374 2822 2522 2878 pax,
2555 2804 2699 2878 quia
2727 2804 3134 2876 omnipotente
3170 2802 3402 2860 Christo

1745 2901 1910 2966 nato,
1932 2898 2162 2954 bellum
2191 2912 2372 2954 omne
2387 2894 2750 2952 dissolutum
2779 2898 2887 2958 est,
2910 2890 3195 2949 omnibus
3218 2889 3402 2947 simul

1747 2986 2027 3059 gentibus
2060 2990 2469 3043 Romanorum
2505 2982 2716 3041 ditioni
2745 2980 3052 3054 subjectis.

1817 3213 1979 3267 Vers.
2002 3210 2087 3265 14.
2113 3209 2185 3265 In
2212 3206 2541 3264 hominibus
2571 3204 3024 3275 beneplacitum.
3058 3205 3125 3258 In
3144 3201 3407 3260 homini-

1745 3301 1862 3358 bus
1876 3315 2039 3356 nuno
2058 3304 2166 3367 est,
2194 3296 2362 3370 quod
2380 3295 2525 3352 olim
2550 3294 2734 3351 Patris
2763 3297 2890 3350 erat
2914 3291 3361 3364 beneplacitum
3385 3307 3401 3348 :

1744 3392 1858 3448 hoc
1883 3393 2087 3446 autem
2116 3393 2224 3453 est,
2266 3392 2332 3443 ut
2359 3386 2774 3442 incarnaretur
2804 3382 2904 3437 Dei
2942 3381 3145 3447 Filius,
3187 3396 3258 3437 ac
3287 3380 3406 3437 sal-

1745 3486 1986 3538 varetur
2013 3480 2197 3535 homo
2221 3476 2512 3550 perditus.
2528 3477 2694 3530 Nunc
2720 3472 2881 3529 enim
2903 3470 3269 3544 completum
3289 3474 3401 3537 est,

1746 3571 1911 3643 quod
1931 3569 2076 3626 olim
2106 3567 2186 3624 illi
2207 3565 2608 3638 beneplacuit,
2638 3561 2764 3618 sive
2783 3560 2951 3633 quod
2976 3558 3264 3627 deﬁnivit,
3297 3564 3403 3617 aut

1747 3658 1952 3716 voluit.

1816 3750 1983 3806 Vers.
2004 3750 2098 3808 15.
2132 3749 2212 3805 Et
2224 3748 2458 3817 factum
2476 3741 2736 3799 —vobis.
2752 3740 3080 3798 Videamus
3110 3755 3263 3807 rem,
3284 3738 3403 3796 hoc

1745 3845 1851 3906 est,
1892 3838 2268 3911 inquiramus
2301 3834 2547 3898 factum,
2581 3830 2657 3887 de
2688 3833 2831 3887 nato
2862 3828 3041 3886 nobis
3064 3828 3244 3885 hodie
3278 3827 3406 3886 Sal-

1744 3933 1971 3986 vatore.
2032 3926 2413 3999 Inquiramus
2448 3924 2652 3978 autem
2687 3919 2825 3987 hoc,
2866 3934 2974 3991 per
3019 3916 3231 3975 datum
3299 3932 3407 3975 no-

1745 4017 1840 4074 bis
1879 4017 2142 4089 signum.

1815 4106 1984 4161 Vers.
2030 4108 2114 4160 16.
2140 4104 2222 4158 Et
2253 4104 2543 4158 venerunt
2578 4129 2650 4139 —
2678 4097 2845 4155 Vere.
2878 4100 2962 4151 17.
3005 4096 3136 4152 hoc.
3172 4095 3404 4165 Cogno-

1746 4198 1976 4262 verunt,
2006 4192 2125 4249 sive
2174 4188 2457 4246 certiores
2488 4185 2628 4243 facti
2680 4187 2822 4241 sunt
2849 4183 2924 4238 de
2971 4181 3177 4249 verbo,
3235 4181 3403 4253 quod

1747 4286 1967 4341 dictum
1997 4285 2122 4336 erat
2140 4280 2224 4335 eis
2253 4277 2328 4333 de
2360 4291 2545 4349 puero
2574 4274 2707 4340 hoc,
2740 4270 2908 4344 quod
2939 4275 3118 4326 natus
3144 4274 3271 4326 erat
3298 4284 3404 4341 po-

1669 4411 1715 4466 Ι)
1746 4374 1891 4466 pulo
1924 4371 2204 4466 Salvator.

1817 4465 1984 4518 Vers.
2020 4462 2102 4515 18.
2130 4458 2209 4513 Ει
2236 4451 2689 4521 omnes—ipsis.
2724 4445 2939 4504 Statim
2968 4446 3129 4501 enim
3157 4460 3400 4503 annun-

1747 4554 2044 4609 tiaverunt
2064 4545 2289 4619 Joseph
2326 4549 2383 4600 et
2410 4541 2586 4598 matri
2614 4537 2803 4612 pueri,
2832 4548 3210 4607 quaecunque
3239 4534 3403 4591 dicta

1748 4644 1918 4698 erant
1953 4637 2102 4710 ipsis
2140 4634 2220 4692 ab
2244 4629 2478 4705 angelo,
2505 4633 2562 4686 et
2609 4627 2687 4683 de
2737 4622 3118 4680 multitudine
3147 4622 3403 4680 caelestis

1749 4727 1999 4787 militias.
2033 4728 2149 4783 Nec
2171 4722 2268 4780 his
2321 4719 2539 4786 solum,
2593 4730 2803 4772 verum
2854 4712 3038 4769 etiam
3087 4710 3399 4779 omnibus,

1749 4819 1976 4894 quibus
2000 4811 2411 4879 occurrebant,
2432 4805 2538 4881 qui
2560 4805 2741 4863 etiam
2760 4800 3138 4860 mirabantur
3183 4800 3260 4858 de
3285 4799 3402 4870 his,

1752 4926 1889 4984 quas
1920 4904 2264 4966 audiebant.

1291 5065 1509 5135 Variae
1544 5066 1874 5135 lectiones
1915 5071 1984 5130 et
2019 5068 2223 5128 notae.

121 5239 223 5381 $48;
242 5245 309 5295 Τὸ
337 5245 488 5318 ῥῆμα
517 5241 714 5298 abest.
756 5242 823 5296 Α.

140 5312 201 5364 19
246 5316 568 5370 Hentenius
592 5310 823 5367 reddent

246 5307 568 5370 Henténius
592 5310 959 5367 reddendum
986 5312 1217 5364 censet:
1249 5307 1469 5365 Notum
1494 5309 1649 5376 fece-

1755 5235 1915 5290 tinvs
1939 5231 2199 5304 sequitur
2230 5241 2243 5280 ε
2273 5225 2356 5304 Et
2400 5236 2615 5304 omnes,
2667 5217 3153 5304 ιιαξκαιιὰιᾉναηί3
3188 5209 3404 5304 minati

1753 5311 1915 5362 sunt.
1946 5291 2162 5359 Notum
2200 5301 2402 5368 autem
2445 5299 2555 5360 est,
2607 5291 2879 5368 γνωρίζειν
2908 5304 3042 5346 esse
3097 5291 3153 5343 et
3177 5298 3401 5355 cogno-

1754 5391 1937 5441 scere,
1978 5379 2034 5429 et
2062 5375 2274 5429 notum
2298 5367 2520 5424 facere.

65 5391 183 5437 runt
196 5379 1493 5457 veldivulgauernntmbidpotissimum,quod
1512 5395 1649 5451 pro-

1754 5569 1930 5645 plevit
1966 5564 2146 5645 (fecit)
2183 5567 2240 5620 et
2285 5561 2658 5636 superﬂuum
2696 5561 2784 5617 est
2822 5557 2885 5615 in
2913 5555 3239 5628 posterum,
3279 5561 3401 5604 oes-

123 5578 215 5652 (ες)
242 5582 462 5639 Factus
487 5588 600 5639 est.
633 5579 875 5637 Videtur
902 5592 1045 5648 ergo
1072 5576 1221 5652 legis
1233 5591 1298 5631 se
1318 5575 1645 5652 ἐργαστιιιόι.
1754 5575 1885 5652 plev

1434 5647 1514 5703 im
1542 5647 1649 5702 im-
1755 5643 1847 5700 sat
1872 5643 1934 5698 in
1956 5643 2288 5712 posterum.

125 5649 205 5719 (ΙΠ
252 5653 398 5710 Nam
432 5655 544 5712 hoc
566 5684 637 5695 -
667 5652 953 5723 reliquum
992 5655 1096 5706 est.
1121 5651 1315 5706 Suum
1354 5649 1514 5704 enim
1542 5649 1649 5702 im-
