3922 6200
511 346 613 400 887

584 464 745 521 Vers.
776 465 862 517 i9.
908 460 1107 516 Maria
1137 464 1335 515 autem
1364 488 1432 496 —
1482 455 1625 511 haec.
1677 452 1819 515 Quae
1849 462 1885 502 a
1913 438 2164 516 pastori-
2194 435 2240 489 A

511 556 629 610 bus
658 553 809 607 dicta
839 556 1023 605 erant.
1051 548 1454 604 Conservabat
1477 552 1677 600 autem
1706 536 1868 611 apud
1895 550 2045 589 sese.

587 643 749 697 Vers.
794 642 880 693 19.
936 639 1261 706 Cun/‘erens
1318 664 1384 673 —
1437 651 1562 689 suo.
1623 628 1979 685 lixaminans
2038 620 2167 675 haec

514 730 679 802 apud
702 747 764 783 se
795 730 1008 800 ipsam,
1035 732 1087 782 et
1119 741 1481 797 comparans
1511 723 1585 776 ad
1603 717 1890 774 Gabrielis
1914 713 1989 768 ab
2003 724 2167 763 exor-

515 820 614 874 dio
648 818 1081 879 salutationem,
1145 832 1214 869 ac
1254 816 1379 867 sine
1428 812 1651 866 semine
1694 809 2065 873 conceptum,
2114 802 2169 851 et

516 907 747 979 absque
787 904 1093 960 doloribus
1147 903 1553 975 puerperium,
1627 902 1984 979 partumque
2040 886 2169 979 sine

516 975 892 1065 corruptione
925 1012 935 1049 :
970 997 1025 1047 et
1046 991 1337 1063 paulatim
1367 985 1777 1043 certitudinem
1807 975 2173 1048 suscipiebat

516 1082 925 1155 perfectiorem
938 1120 950 1132 .

590 1172 751 1226 Vers.
784 1174 869 1224 20.
902 1170 983 1225 Et
1012 1168 1227 1225 reversi
1252 1173 1396 1223 sunt
1440 1198 1509 1207 —
1537 1166 1713 1234 ipsos.
1770 1155 2005 1217 Reversi
2035 1156 2173 1209 sunt

520 1261 600 1318 ad
632 1275 874 1330 gregem
905 1276 1100 1313 suum.

590 1350 753 1404 Vers.
781 1349 870 1403 21.
896 1348 1154 1418 Cumque
1175 1376 1240 1387 —
1262 1350 1447 1402 utero.
1465 1342 1993 1409 Quemadmodum
2007 1342 2172 1414 apud

519 1454 634 1494 nos
672 1437 1032 1503 sacerdotes,
1066 1435 1314 1507 quando
1341 1434 1660 1505 baptizant,
1693 1436 1836 1487 tunc
1868 1432 2044 1487 etiam
2070 1448 2173 1488 no-

520 1542 660 1583 men
694 1525 1013 1597 imponunt
1043 1540 1053 1577 ε
1085 1526 1163 1580 ita
1190 1527 1243 1579 et
1266 1523 1427 1594 apud
1458 1521 1751 1585 Hebraeos,
1786 1522 2035 1592 quando
2065 1520 2175 1576 cir-

522 1616 893 1681 cumcidunt,
922 1620 1059 1671 tunc
1091 1615 1268 1669 etiam
1300 1628 1522 1669 nomen
1548 1611 1881 1681 imponunt.

598 1704 892 1761 Dubitavit
913 1710 1110 1759 autem
1143 1702 1378 1775 aliquis,
1410 1716 1591 1772 quare
1624 1700 1888 1756 Christus
1923 1702 2173 1757 circum-

524 1794 734 1852 cisioni
756 1794 938 1849 ﬁnem
958 1798 1083 1848 erat
1102 1790 1488 1863 impositurus
1504 1790 1532 1843 ?
1560 1790 1663 1845 Cui
1682 1790 2153 1862 respondendun

2292 1789 2501 1857 οιτομὴν
2586 1785 2784 1858 ἔμελλεν
2861 1787 2886 1837 ὁ
2964 1789 3218 1859 Χριστὸς,

523 1889 630 1949 est,
651 1883 813 1955 quod
832 1882 945 1938 hoc
962 1882 1296 1936 secundum
1316 1878 1825 1951 dispensationem
1850 1885 2047 1934 actum
2065 1884 2174 1937 est.

527 1974 644 2030 Nisi
697 1974 857 2027 enim
907 1970 1295 2026 circumcisus
1344 1968 1546 2024 fuisset
1604 1984 1991 2040 nequaquam
2047 1970 2176 2039 ejus

526 2061 800 2118 doctrina
830 2065 1099 2130 suscepta
1138 2058 1360 2123 fuisset,
1407 2057 1511 2113 sed
1542 2057 1792 2113 omnino
1841 2058 2172 2129 repudiata,

525 2155 819 2223 tanquam
844 2149 1188 2218 alienigenae
1215 2168 1228 2203 :
1254 2163 1449 2219 neque
1474 2147 1821 2202 credidisset
1845 2148 2174 2219 quispiam,

525 2240 724 2312 ipsum
750 2254 881 2293 esse
912 2236 1211 2292 Christum
1244 2236 1318 2291 de
1349 2236 1574 2291 semine
1628 2235 1933 2291 Abraham
1975 2251 2179 2307 exspe-

527 2326 989 2384 ctatum.0mnes
1006 2324 1293 2395 euim,qui
1307 2323 1385 2379 ab
1396 2323 1698 2379 Abraham
1712 2324 2178 2384 descendebant.

529 2415 791 2486 sigillum
824 2430 894 2469 ac
924 2414 1160 2485 signum
1196 2411 1498 2468 habebant
1526 2412 2009 2477 circumcisionis,
2043 2430 2178 2486 quae

527 2502 930 2574 distinguebat
956 2502 1087 2557 illos
1115 2501 1192 2557 ab
1222 2500 1351 2556 aliis
1384 2501 1681 2570 gentibus.
1718 2502 1805 2557 0b
1831 2502 1944 2557 hoc
1980 2502 2181 2573 itaque

527 2592 917 2649 circumcisus
942 2597 1046 2647 est.
1102 2591 1315 2661 Legem
1349 2590 1527 2645 etiam
1574 2590 1632 2645 in
1659 2590 1773 2645 hoc
1821 2590 2177 2661 adimplens,

529 2684 679 2739 sicut
707 2682 767 2737 in
798 2681 926 2738 aliis
956 2696 1198 2752 quoque
1233 2679 1549 2751 praeceptis
1580 2680 1896 2748 legalibus,
1934 2695 2005 2735 ne
2035 2680 2181 2751 legis

527 2777 927 2841 transgressor
972 2768 1287 2824 videretur.
1320 2771 1478 2823 Hanc
1510 2775 1710 2824 autem
1736 2784 1971 2823 cessare
2018 2768 2181 2832 fauit,

529 2867 587 2919 et
630 2859 803 2916 valde
839 2858 1284 2914 rationabiliter.
1334 2857 1705 2913 Hebraeorum
1741 2858 1899 2912 enim
1940 2858 2177 2913 circum-

532 2951 679 3005 cisio
709 2949 1177 3005 Christianorum
1216 2948 1506 3018 baptisma
1533 2946 1830 3016 ﬁgurabat
1876 2963 1945 3003 ac
1982 2948 2183 3019 praesi-

529 3039 774 3109 gnabat.
804 3035 1331 3102 Quemadmodum
1362 3036 1521 3090 enim
1542 3034 1642 3091 illa
1671 3036 1949 3105 signabat
1975 3053 2098 3101 eos,
2126 3044 2182 3092 et

1836 312 2182 377 EUTHYMII
2222 310 2555 366 ZlGABENI
3704 315 3773 369 888

2360 442 2402 488 Η
2439 432 2496 489 δὲ
2539 438 2759 511 Μαριὰμ
2808 466 2876 475 —
2914 443 3099 488 ταῦτα.
3156 436 3234 487 Τὰ
3278 436 3420 508 παρὰ
3460 443 3546 486 τῶν
3594 442 3771 509 ποιμένων

2274 523 2578 583 λαληθέντα.
2617 531 2887 595 Συνετὴρει
2918 521 2977 577 δὲ
3008 530 3174 576 ταῦτα
3216 523 3336 597 παρ’
3364 523 3532 595 ἑαυτῇ.

2348 613 2724 686 Συμϐάλλουσα
2799 646 2869 654 —
2935 613 3115 675 αὐτῆς.
3214 611 3612 686 Ιιαρεξετάξουσα
3666 626 3777 669 ταῦτα

2278 704 2395 754 καθ’
2465 703 2669 767 ἑαυτὴν,
2729 707 2859 777 πρὸς
2925 723 2978 755 τε
3022 706 3107 754 τὸν
3166 701 3219 763 ἐξ
3277 700 3447 777 ἀρχῆς
3500 703 3777 777 days/sitam

2279 800 2370 842 τοῦ
2430 790 2679 867 Γαϐριὴλ,
2738 798 2827 844 καὶ
2882 797 2974 849 τὴν
3032 792 3265 862 ἄσπορον
3318 788 3570 861 σύλληψιν,
3617 800 3685 843 καὶ
3720 802 3777 850 τήν

2282 877 2529 932 ἀνωδινον
2574 884 2784 947 κύησιν,
2835 886 2925 932 καὶ
2973 883 3058 931 τὸν
3107 881 3329 951 ἄφθορον
3374 884 3531 944 τόκον,
3572 886 3644 931 καὶ
3678 880 3780 932 τελει-

2283 974 2474 1043 ωτέραν
2506 970 2616 1042 (50)
2650 971 2819 1044 ἠρέμα
2848 967 3109 1041 δεχομένη
3148 968 3512 1042 πληροφορίαν.

2356 1168 2456 1216 Καὶ
2532 1164 2859 1238 ὑπέστρεψαν
2949 1194 3017 1203 -
3089 1162 3300 1224 αὐτούς.
3380 1161 3679 1234 Ὑπέστριψαν
3740 1165 3785 1223 εἰς

2280 1256 2373 1311 τὴν
2402 1258 2624 1325 ποίμνην
2654 1253 2841 1307 αὐτῶν.

2356 1345 2457 1393 Καὶ
2509 1343 2591 1394 ὅτε
2635 1372 2705 1383 -
2758 1341 2949 1413 κοιλίᾳ.
3003 1340 3204 1411 Ὠσπερ
3257 1343 3306 1391 οἱ
3360 1340 3477 1413 παρ’
3520 1342 3625 1411 ἡμῖν
3670 1343 3785 1412 ἱερεις,

2283 1430 2366 1481 ὅτε
2414 1428 2758 1502 βαπτίζουσι,
2810 1435 2924 1482 τότε
2971 1435 3062 1481 καὶ
3103 1429 3482 1500 ὀνομάζουσιν⁹
3517 1430 3631 1480 οὕτω
3672 1430 3787 1479 καὶεί

2283 1523 2405 1592 παρ’
2486 1518 2770 1593 Ἑϐραίοις,
2844 1520 2926 1571 ὅτε
2992 1523 3384 1591 περιτέμνουσι,
3454 1522 3554 1570 τότε
3616 1523 3685 1569 καὶ
3732 1524 3788 1573 τήν

2284 1605 2470 1665 κλῆσιν
2511 1606 2853 1662 ἐπιτιθέασιν.

2356 1696 2642 1769 Ἀπορήσει
2683 1693 2741 1749 δέ
2765 1716 2859 1766 τις,
2896 1698 2996 1763 ὅτι,
3044 1692 3223 1754 ἐπειδὴ
3278 1696 3394 1767 (51)
3437 1699 3595 1748 παύειν
3635 1701 3705 1752 την
3740 1714 3792 1745 πε-

3299 1780 3445 1837 διατί
3516 1786 3790 1856 περιετμήθπς

2288 1878 2421 1947 Πρὸς
2483 1874 2536 1926 ὃν
2591 1873 2952 1946 ἀπολογητέον,
3014 1875 3089 1926 ὅτι
3147 1874 3260 1926 κατ’
3334 1874 3625 1946 οἰκονομίαν.
3671 1872 3715 1923 Εἰ
3748 1878 3791 1942 μὴ

2286 1965 2604 2036 περιετμὴθη
2645 1965 2765 2036 γὰρ,
2821 1963 2914 2015 οὐκ
2962 1962 3021 2014 ἃν
3066 1963 3188 2023 ὅλως
3227 1960 3526 2038 παρεδέχθη
3577 1958 3792 2021 διδάσκων,

2287 2051 2393 2103 ἀλλ’
2446 2051 2751 2125 ἀπεπέμφθη
2804 2051 2883 2119 ἂν,
2927 2054 2996 2115 ὡς
3036 2051 3337 2124 ἀλλόφυλος,
3390 2048 3497 2104 οὐδ’
3541 2050 3593 2102 ἂν
3629 2049 3795 2101 ἐπιστει-

2291 2146 2347 2194 σέ
2403 2161 2502 2209 τις,
2553 2144 2633 2193 ὅτι
2685 2142 2842 2204 αὐτὸς
2907 2140 3019 2194 ἐστι
3084 2142 3111 2193 ὀ
3176 2138 3592 2213 προσδοκώμενος
3633 2144 3796 2213 Χριστὸς

2289 2228 2344 2282 ἑκ
2396 2234 2690 2305 σπέρματος
2743 2229 3003 2306 Ἀϐραάμ.
3068 2233 3135 2282 Οἱ
3181 2233 3282 2305 γὰρ
3343 2228 3398 2292 ἐξ
3447 2228 3653 2302 Ἀϐραὰμ
3689 2228 3781 2278 ἅπαν

2288 2338 2388 2387 τες,
2456 2315 2728 2392 σφραγῖδα
2790 2324 2880 2371 καὶ
2949 2326 3164 2391 σημεῖον
3216 2324 3310 2377 τὴν
3385 2322 3642 2391 περιτομήν
3684 2313 3796 2387 εἶχεν,
3884 2313 3885 2365 ξ

2292 2405 2696 2461 διαστελλουσαν
2740 2408 2925 2469 αὐτοὺς
2978 2407 3079 2460 ἀπὸ
3138 2417 3236 2459 τῶν
3286 2408 3450 2460 ἄλλων
3505 2406 3652 2459 ἐθνῶν.
3683 2412 3797 2476 [Ιεριεο
3884 2405 3885 2459 l

2289 2499 2463 2569 τμὴθη
2531 2500 2621 2569 μεν
2677 2498 2764 2549 οὖν
2819 2494 2912 2551 διὰ
2967 2506 3140 2562 τοῦτο,
3210 2496 3420 2571 πληρῶν
3474 2495 3698 2549 κάνταῦθα
3746 2500 3800 2542 τὸν

2289 2591 2461 2659 νόμον,
2513 2589 2685 2660 ὥσπερ
2718 2593 2807 2640 καὶ
2846 2590 2895 2639 ἐν
2934 2595 3046 2648 τοῖς
3100 2586 3270 2647 ἄλλοις
3322 2594 3545 2659 νομικοῖς
3589 2582 3801 2655 παραγίέὶ-

2290 2695 2472 2749 μασιν,
2516 2677 2598 2727 ἵνα
2648 2680 2719 2748 μὴ
2776 2672 2902 2749 δόξῃ
2970 2684 3063 2727 τοὺ
3119 2681 3277 2748 νόμου
3328 2674 3633 2751 παραϐάτης.
3667 2672 3803 2725 Ἐτςωο
3884 2704 3885 2715 η

2295 2785 2352 2817 σε
2392 2761 2450 2817 δὲ
2504 2767 2698 2823 ταύτην
2746 2771 2836 2817 καὶ
2892 2768 3027 2817 πάνυ
3080 2764 3324 2837 εὐλόγως.
3383 2764 3437 2817 Ἠ
3488 2769 3576 2836 γὰρ
3621 2762 3802 2833 περιτομὴ

2293 2863 2391 2907 τῶν
2442 2853 2687 2927 Ἑϐραίων
2741 2858 2797 2906 τὸ
2859 2853 3141 2926 βάπτισμα
3212 2863 3313 2906 τῶν
3383 2860 3673 2927 Χριστιανῶν
3729 2848 3805 2899 iri-

2292 2962 2391 2995 που
2442 2948 2530 2995 καὶ
2587 2949 2981 3018 προεσήμαινεν.
3030 2942 3227 3017 Ὠσπερ
3284 2946 3390 3017 γὰρ
3458 2943 3606 2997 ἐκείνη
3651 2942 3740 2996 τοὺς
3772 2936 3806 2994 ἐξ
3884 2980 3885 3018 ἦ

2293 3031 2533 3104 Ἀϐραὰμ
2591 3033 2704 3104 (52)
2757 3032 3042 3106 ἐσφράγιζε
3098 3037 3187 3084 καὶ
3242 3029 3524 3085 διέστελλεν
3722 3044 3806 3077 παν-

530 3126 609 3183 ab
640 3126 807 3182 omni
836 3130 1011 3198 gente
1028 3125 1434 3195 distinguebat
1467 3142 1478 3179 :
1509 3124 1589 3181 ita
1610 3130 1667 3182 et
1693 3125 1805 3181 hoc
1828 3126 2153 3182 Chritianos

2294 3124 2383 3181 τὸς
2426 3123 2621 3190 ἔθνους,
2676 3122 2812 3174 οὕτω
2862 3126 2952 3173 καὶ
2998 3128 3153 3173 τοῦτο
3190 3125 3310 3183 τοὺς
3356 3122 3688 3195 Χριστιανούς.
3721 3116 3806 3185 [Καὶ
3884 3148 3885 3187 λ

531 3217 595 3288 Η-
622 3218 687 3272 Et
706 3216 859 3271 sicut
887 3214 984 3271 illa
1014 3215 1381 3287 superﬂuam
1403 3216 1670 3286 corporis
1693 3215 2066 3287 particulam,
2104 3217 2184 3272 ita

531 3311 589 3361 et
612 3304 727 3361 hoc
758 3308 1029 3376 amputat
1066 3308 1381 3376 peccatum
1427 3304 1842 3375 superﬂuum).
1868 3306 2189 3375 Oportebat

535 3399 737 3450 autem
789 3409 1021 3450 cessare
1074 3393 1353 3462 ﬁguram,
1401 3393 1671 3448 veniente
1720 3393 2088 3464 exemplari:
2133 3400 2188 3451 et

535 3482 839 3554 quiescere
878 3482 1139 3551 signum,
1189 3480 1457 3537 adhibito
1489 3481 1841 3549 signiﬁcato.
1896 3485 2041 3537 Nam
2073 3484 2186 3539 hoc

536 3570 922 3643 perseipsuin
950 3568 1258 3641 adimplet,
1277 3574 1334 3624 et
1357 3569 1732 3639 superﬂuum
1750 3572 1856 3639 est,
1891 3570 2186 3641 quidquid

536 3659 833 3730 reliquum
857 3662 947 3712 est
967 3657 1076 3729 (θ’).

609 3748 773 3802 Vers.
807 3746 894 3800 22.
921 3747 997 3800 Et
1018 3745 1250 3815 quando
1280 3777 1348 3785 —
1376 3746 1585 3815 Moysi.
1650 3748 1762 3802 Lex
1808 3746 2056 3818 quidem
2087 3749 2189 3805 Dei

536 3838 681 3897 erat,
716 3838 916 3905 utpote
937 3834 1014 3890 ab
1046 3848 1117 3889 eo
1132 3832 1293 3888 data.
1327 3832 1641 3889 Dicebatur
1663 3840 1865 3890 autem
1898 3841 1954 3890 et
1978 3838 2183 3907 Moysi,

541 3927 823 3993 tanquam
850 3921 927 3977 ab
976 3938 1046 3977 eo
1098 3922 1337 3993 scripta.
1379 3921 1638 3978 Jubebat
1696 3928 1916 3991 autem,
1973 3930 2036 3981 ut
2057 3942 2188 3997 quae

541 4026 745 4068 semen
767 4011 1205 4082 suscepissetac
1218 4011 1549 4083 peperisset
1564 4012 1920 4079 masculum,
1951 4014 2190 4087 impura

538 4099 861 4157 haberetur
884 4116 1074 4172 usque
1105 4099 1182 4156 ad
1212 4099 1614 4172 quadraginta
1668 4100 1799 4172 djes
1843 4104 1908 4157 ιθ.
1947 4105 2063 4159 Hoc
2090 4120 2188 4159 au-

541 4194 661 4248 tem
694 4189 1014 4245 ordinabat
1058 4190 1136 4245 ad
1163 4189 1431 4261 requiem
1466 4188 1687 4254 matris,
1724 4206 1797 4245 ne
1846 4194 2041 4248 statim
2084 4194 2186 4249 viri

540 4280 667 4337 suis
696 4295 834 4352 quae
864 4279 1235 4351 peperissent
1295 4278 1583 4335 uxoribus
1635 4282 2184 4338 commiscerentur.

539 4368 812 4424 nondum
842 4372 1047 4423 curato
1072 4367 1297 4431 labore,
1331 4368 1432 4438 qui
1463 4367 1761 4439 parientes
1783 4371 2184 4441 consequitur.

2295 3209 2409 3281 (53)
2476 3212 2707 3283 καθάπερ
2776 3210 2935 3268 ἐκείνη
2993 3213 3229 3284 περιττὸν
3315 3209 3576 3277 ἀποτέμνει
3632 3213 3703 3257 τοῦ
3742 3221 3807 3253 σω-

2295 3319 2459 3373 ματος
2497 3305 2673 3372 μέρος,
2724 3300 2858 3351 οὕτω
2901 3305 2992 3351 καὶ
3030 3306 3183 3351 τοῦτο
3249 3302 3347 3357 τὴν
3400 3299 3634 3371 ἁμαρτίαν
3681 3294 3809 3344 daors-

2296 3408 2430 3461 μνει,
2478 3394 2717 3462 περιττὴν
2773 3387 3187 3463 ὑπάρχουσαν.]
3219 3384 3369 3440 Ἔδει
3421 3385 3477 3440 δὲ
3518 3386 3731 3442 παυθῆναι
3754 3384 3809 3429 τεν

2297 3481 2477 3545 τύπον,
2537 3476 2763 3538 ἐλθόντος
2838 3484 2929 3529 τοῦ
2998 3479 3365 3552 πρωτοτύπου,
3422 3482 3506 3527 καὶ
3561 3482 3739 3543 σιγῆσαι
3775 3472 3811 3517 τῦ

2297 3569 2508 3639 μηνύον,
2568 3566 2870 3627 ἐπιστάντος
2920 3574 3012 3618 τοῦ
3055 3569 3404 3638 μηνυομένόυ.
3459 3568 3523 3617 Τὸ
3563 3566 3645 3635 γὰρ
3686 3560 3810 3611 ἑαυτου

2298 3655 2620 3728 πεπλήρωκε,
2653 3660 2743 3708 καὶ
2772 3658 3008 3729 περιττὸν
3036 3652 3149 3706 ἐστι
3180 3662 3271 3706 τοῦ
3300 3653 3507 3707 λοιπον.

2373 3751 2472 3798 Καὶ
2515 3747 2597 3798 ὅτε
2649 3776 2715 3785 -
2769 3748 3049 3806 Μωυσέως.
3107 3742 3165 3795 Ὀ
3236 3746 3391 3815 νόμος
3458 3750 3542 3794 τοῦ
3600 3745 3708 3792 Θεοῦ
3752 3738 3813 3804 μὲν

2299 3833 2383 3904 ἦν,
2437 3836 2501 3895 ὡς
2556 3834 2677 3907 παρ’
2723 3833 2881 3885 αὐτοῦ
2943 3834 3268 3904 ὑφηγηθείς·
3315 3832 3508 3903 ἐλέγετο
3562 3826 3612 3882 δὲ
3658 3826 3813 3878 καὶτοὺ

2298 3927 2578 3992 Μωυσέως,
2632 3925 2700 3984 ὡς
2756 3921 2879 3997 παρ’
2918 3921 3077 3973 αὐτοῦ
3139 3925 3371 3993 γραφείς.
3426 3919 3629 3973 Ἐκέλευε
3675 3911 3721 3965 δί
3754 3914 3814 3963 τὴν

2300 4014 2780 4086 σπερματισθεῖσαν
2865 4016 2954 4062 καὶ
3030 4017 3279 4062 τεκοῦσαν
3355 4012 3528 4083 ἄρσεν,
3601 4004 3815 4071 ἁκάθαρτςι

2297 4101 2605 4174 νομίζεσθαι
2668 4103 2834 4172 μέχρι
2889 4101 3287 4171 τεσσαράκοντα
3350 4100 3565 4172 ἡμερῶν.
3619 4100 3745 4145 Τοῦτο
3781 4083 3819 4135 δὲ

2296 4194 2639 4265 προσέταττεν
2693 4188 2761 4249 εἰς
2835 4189 3130 4240 ἀνάπαυσιν
3204 4196 3296 4247 τῆς
3371 4192 3584 4260 μήτρας.
3653 4184 3717 4231 ἶνα
3770 4178 3815 4245 μέ

2298 4280 2449 4339 εὐθὺς
2506 4280 2553 4330 οἱ
2613 4274 2802 4354 ἄνδρες
2876 4280 3152 4339 τεκούσαις
3198 4282 3318 4338 ταῖς
3385 4282 3624 4347 γαμεταῖς
3687 4269 3819 4320 gms:

2300 4367 2715 4439 συμπλέκωνται,
2765 4370 2923 4439 μήπω
2976 4370 3069 4425 τὴν
3123 4364 3221 4417 ἀπὸ
3276 4373 3374 4418 τοῦ
3434 4371 3584 4417 τεκεῖν
3634 4358 3821 4409 mltum"

541 4458 764 4513 Verum
800 4456 898 4513 Dei
936 4456 1199 4512 Genitrix
1227 4456 1367 4512 huic
1396 4461 1551 4512 certe
1574 4456 1690 4525 legi
1740 4457 2012 4528 subjecta
2066 4475 2153 4515 no:

2299 4463 2413 4522 ρίαν
2497 4458 2933 4531 θεραπευσάσαις.
2996 4454 3130 4507 Ἀλλ’
3194 4457 3223 4512 ἡ
3283 4460 3535 4512 Θεοτοκος
3598 4450 3684 4518 οὐχ
3743 4444 3805 4492 ὖπί

541 4552 684 4615 erat,
712 4563 783 4603 eo
807 4547 972 4619 quod
1004 4562 1207 4602 semen
1233 4561 1353 4600 non
1405 4550 1744 4616 susceperat
1773 4563 1785 4601 :
1819 4547 2082 4604 obedivit
2110 4554 2189 4605 ta-

540 4650 701 4699 men,
729 4650 805 4690 ne
834 4636 1027 4707 legem
1060 4634 1393 4704 transgredi
1444 4634 1758 4690 videretur.
1811 4636 2189 4706 Purgationis

540 4726 742 4781 autem
772 4738 1001 4789 eorum,
1043 4728 1188 4794 puta
1218 4724 1424 4779 matris
1458 4723 1622 4794 pueri
1670 4739 1739 4778 ac
1771 4726 1973 4795 sponsi
2015 4726 2142 4796 ejus
2174 4744 2186 4781 :

542 4826 729 4883 appro
738 4811 1085 4882 priabantur
1105 4814 1263 4869 enim
1285 4818 1342 4869 et
1365 4812 1509 4869 viris
1530 4814 1914 4884 purgationes
1932 4831 2189 4873 uxorum

543 4915 813 4957 suarum.

612 5079 659 5114 ιθ
697 5076 878 5135 Lavit.
904 5092 1006 5143 xu,
1037 5081 1088 5135 2.

2299 4566 2435 4601 κειτο
2460 4550 2549 4619 μεν
2570 4554 2642 4615 τῷ
2672 4549 2811 4617 νόμῳ
2840 4546 3025 4614 τούτῳ,
3064 4539 3157 4595 διὰ
3183 4546 3242 4593 τὸ
3288 4548 3361 4613 μὴ
3413 4536 3817 4615 σπερσαιισθξναυ

2300 4635 2657 4707 ἓπειθάρχησε
2696 4630 2754 4686 δε
2784 4632 2945 4703 αὐτῷ,
2972 4632 3055 4683 ἵνα
3098 4636 3168 4703 μὴ
3231 4628 3365 4694 δοξη
3427 4627 3725 4701 παραϐαίνειν
3768 4637 3822 4668 τεν

2298 4729 2469 4795 νόμον.
2519 4731 2623 4776 Τοῦ
2673 4724 3005 4795 καθαρισμοῦ
3050 4717 3109 4773 δὲ
3148 4720 3340 4786 αὐτῶν,
3394 4725 3507 4778 ἦτοι
3556 4724 3639 4777 τῆς
3681 4710 3821 4783 μετέεέὲ

2298 4820 2388 4866 τοῦ
2445 4808 2663 4865 παιδίου
2721 4815 2810 4864 καὶ
2862 4817 2952 4863 τοῦ
3000 4817 3304 4883 μνηστῆρος
3353 4809 3549 4870 αὐτῆς·
3599 4806 3821 4874 ’ῼκειοὺπθ

2296 4905 2397 4977 ’γὰρ
2429 4905 2479 4955 οἱ
2517 4898 2705 4976 ἄνδρες
2733 4903 2819 4953 τὸν
2862 4901 3192 4971 καθαρισμὸν
3248 4907 3350 4950 τῶν
3400 4902 3641 4969 γυναικῶν
3689 4888 3821 4940 arx-2..

1761 5284 1969 5353 Varia:
2008 5284 2334 5353 lectiones
2376 5294 2442 5352 et
2481 5292 2685 5351 notae.

638 5578 725 5633 51)
757 5579 902 5629 Ἐπεὶ
942 5578 1145 5629 παύειν.
1180 5581 1234 5628 Β.

634 5506 724 5574 50)
748 5504 1080 5574 Τελεωτέραν,
1114 5509 1170 5561 Β,

634 5506 725 5650 5οζ
748 5506 1080 5574 Τελεωτέραν,
1114 5509 1170 5561 Β,

638 5580 697 5633 51
757 5579 902 5629 Ἐπεὶ
942 5578 1145 5629 παύειν.
1180 5581 1234 5628 Β.

609 5506 723 5721 ἕδΞ)
757 5648 842 5711 Ἐξ
868 5644 1105 5721 Ἀϐραάμ
1135 5661 1256 5704 non
1283 5644 1560 5716 exprimit
1589 5646 1895 5719 interpres.

2368 5504 2482 5575 (53)
2517 5504 2651 5563 Haec
2680 5502 2741 5559 in
2772 5502 3037 5575 margine
3061 5503 3125 5556 A.
3159 5502 3496 5575 ‘Hentenius‘
3534 5499 3643 5575 haec
3662 5491 3707 5545 in
3727 5483 3807 5537 line

2296 5571 2502 5633 scholii
2529 5592 2601 5633 ex
2643 5571 3039 5648 margine'sui
3065 5572 3285 5632 codicis
3316 5571 3632 5634 addiderat.
