3922 6200
180 313 259 369 889
1220 303 1590 362 COMMENT.
1633 299 1702 356 IN
1732 300 1989 358 LUCAM-
2030 333 2096 346 —-
2137 303 2292 360 CAP.
2337 307 2405 361 ΙΙ.

3347 315 3449 370 890

236 439 470 507 Ἀνὴγαγον
488 466 547 476 —
573 434 914 492 κληθήσεται.
961 439 1208 504 Παραστῆ
1220 451 1328 495 σαι,
1366 434 1530 483 εἰτουν
1553 427 1578 480 ὀ
1601 447 1688 480 πο-

1874 429 2032 484 Vers.
2092 430 2180 485 22.
2244 431 2610 490 Adduxerunt
2655 465 2724 476 —
2791 438 2954 494 Vers.
3003 443 3092 497 23.
3150 439 3447 495 vocabitur.

177 532 347 598 κομίσαι
367 534 425 594 τῷ
450 527 609 596 Κυρίῳ
658 525 724 586 εἰς
757 526 842 575 τόν
873 522 921 575 ἐν
970 521 1341 594 Ἰεροσολύμοις
1374 524 1514 571 ναόν.
1548 517 1689 588 Ἐγέ-

177 635 330 688 γραπτο
353 617 438 684 γὰρ
473 612 516 664 ἐν
551 621 620 682 τῴ
649 617 788 684 νόμῳ
834 615 910 664 ὅτι
955 618 1061 664 Πᾶν
1102 613 1258 684 ἄρσεν
1291 606 1552 678 διανοῖγον
1591 612 1692 679 μη-

176 725 287 777 τραν,
314 713 482 775 πρῶτον
508 699 764 764 δηλονότι,
795 707 1032 754 τουτέστι
1064 706 1410 773 πρωτότοκον,
1441 697 1588 767 ἅγιον
1619 705 1690 766 τῷ

179 796 314 862 Κυρίῳ
330 793 610 849 κληθήσεται
643 813 654 824 ·
686 795 844 861 ἤγουν
876 790 1230 864 ἀφωρισμένον
1260 798 1332 858 τῷ
1361 794 1473 856 Θεῷ
1497 786 1690 843 κληθή-

175 901 303 934 σεται.

227 969 493 1042 Ἀφιερουντο
520 967 578 1022 δὲ
608 977 672 1022 τὰ
706 979 1008 1044 πρωτότοκα
1044 977 1143 1021 τῶν
1172 966 1424 1040 Ἐϐραίων
1454 972 1526 1034 τῷ
1558 967 1686 1033 Θεῷ,

177 1056 280 1111 διότι
305 1059 437 1111 πάλαι
459 1063 514 1112 τὰ
543 1065 852 1134 πρωτότοκα
899 1069 998 1111 τῶν
1030 1058 1328 1130 Αἰγυπτίων
1368 1054 1688 1108 ἐθανάτωσεν

177 1150 270 1221 ὑπὲρ
295 1148 538 1223 ἕλευθέρίας
559 1159 660 1200 τῶν
687 1149 958 1222 Ἑϐραίων.

233 1237 348 1290 Ἀλλὰ
377 1242 432 1290 τὰ
456 1243 540 1312 μὲν
569 1238 698 1291 ἄλλα
727 1243 1032 1311 πρωτότοκα
1062 1233 1521 1310 προδιανοιγεῖσαν
1570 1227 1686 1283 δια-

180 1331 351 1396 νοὸγουσι
373 1333 453 1385 τὴν
475 1334 677 1400 μήτραν
711 1346 722 1358 ·
753 1325 1180 1404 προδιανοίγεται
1205 1328 1307 1399 γὰρ
1335 1331 1396 1396 τῇ
1434 1325 1687 1390 συνουσίᾳ

180 1423 247 1465 τοῦ
268 1413 431 1490 ἀνδρὸς,
468 1419 545 1470 ὅτε
571 1421 632 1469 τό
685 1421 892 1493 σπέρμα
935 1416 1344 1475 εἰσακοντίζεται
1365 1431 1376 1442 ·
1401 1417 1550 1484 μόνος
1573 1407 1632 1462 δὲ
1661 1411 1686 1460 ό

172 1510 348 1574 Χριστὸς
370 1511 511 1577 μήπω
549 1504 910 1578 διωοιγείσαν
962 1503 1217 1568 διήνοιξεν
1275 1505 1568 1574 ὑπερφυῶς,
1597 1503 1686 1549 καὶ

167 1592 456 1665 κεκλεισμὲνην
477 1599 609 1648 κατά
634 1599 787 1668 φύσιν
818 1595 1066 1671 ἐτήρησεν
1101 1615 1112 1627 ·
1144 1593 1251 1646 ἐπεὶ
1296 1596 1386 1644 καὶ
1426 1596 1579 1662 μόνος
1605 1589 1690 1640 οὗ·

163 1698 224 1740 τος
244 1681 362 1750 ἅγιος
386 1692 450 1753 τῷ
478 1685 652 1757 Κυρίῳ
679 1690 872 1758 κυρίως
931 1703 942 1714 ·
991 1687 1128 1736 κατὰ
1184 1687 1276 1740 τὴν
1310 1683 1529 1736 θεότητα
1575 1682 1686 1749 μὲν,

164 1769 216 1827 ὡς
238 1772 331 1830 Υἱός
355 1773 513 1836 αὐτου,
542 1776 682 1825 κατὰ
702 1772 761 1826 δὲ
786 1779 879 1831 τὴν
907 1773 1301 1843 ἁνθρωπότητα,
1336 1772 1402 1831 ὡς
1435 1771 1689 1839 ἡνωμένος
1724 1773 1764 1826 Β
1798 1767 1978 1821 Filius
2043 1767 2171 1836 ejus
2206 1786 2218 1820 :

161 1863 214 1925 τῷ
235 1861 318 1928 Υἱῷ
356 1861 518 1915 αὐτοῦ.
558 1861 740 1927 ἐιστε,
801 1863 841 1915 εἰ
865 1867 954 1914 καὶ
1001 1858 1095 1913 διὰ
1123 1866 1210 1918 τὴν
1245 1861 1494 1934 ῥηθεῖσαν
1527 1857 1689 1908 αἰτίαν

158 1953 248 2020 περὶ
293 1952 469 2002 πάντων
514 1960 613 2004 τῶν
651 1958 990 2027 πρωτοτόκων
1036 1950 1380 2022 ἐνομοθετήθη
1431 1951 1485 2000 τὸ
1525 1949 1690 2021 παρὸν

153 2035 294 2108 ῥητὸν,
321 2036 432 2092 ἀλλά
457 2060 512 2112 γε
543 2045 671 2115 πρός
718 2045 804 2094 τόν
833 2045 1061 2115 Χριστόν
1093 2046 1246 2112 μόνον
1274 2039 1439 2112 ὀρθῶς
1481 2035 1689 2088 ἀπέϐλε-

155 2142 223 2176 πιν
229 2165 239 2176 .

207 2212 538 2290 [Ἀμφιλοχίον
562 2221 680 2291 (54)
714 2221 928 2272 Ἰκονίου
955 2240 966 2252 ⁸
1001 2223 1130 2293 Πρός
1165 2223 1256 2292 μὲν
1286 2221 1379 2276 τὴν
1408 2219 1688 2292 παρενικὴν

153 2305 272 2371 φύσιν
323 2303 428 2360 οὐδ’
472 2308 599 2371 ὅλως
647 2312 704 2362 αἱ
771 2312 1076 2383 παρθενικαὶ
1125 2307 1286 2361 πύλαι
1343 2305 1688 2377 ἀνεῴχθησαν

151 2389 356 2463 βουλήσει
381 2405 464 2450 τοῦ
511 2397 700 2472 ἀρτίως
729 2398 1144 2473 κυοφορεθέντος,
1206 2400 1340 2450 λατὰ
1387 2401 1444 2449 τό
1491 2397 1688 2468 φάσκον

148 2487 237 2552 περὶ
258 2484 395 2537 αὐτοῦ
416 2488 568 2560 ῥητόν
603 2507 615 2517 ·
652 2491 790 2547 Αὕτη
825 2491 853 2548 ἠ
888 2489 1022 2547 πύλη
1048 2497 1138 2541 τοῦ
1180 2492 1403 2562 Κμρίου,
1436 2491 1524 2537 καὶ
1555 2488 1686 2538 εἰσε-

149 2569 355 2636 λεύσεται,
385 2577 467 2625 καὶ
497 2575 837 2638 ἐξελεύσεται,
897 2579 986 2626 καὶ
1034 2577 1183 2626 ἔσται
1215 2575 1245 2631 ἠ
1288 2571 1422 2630 πύλη
1464 2570 1690 2623 κεκλεισ-

144 2659 239 2724 μένη
270 2674 281 2687 ⁸
314 2660 416 2731 (55)
459 2665 526 2724 ὡς
578 2660 640 2716 δὲ
686 2667 810 2737 πρὸς
860 2668 953 2722 τὴν
1011 2660 1234 2735 δύναμιν
1291 2669 1384 2714 τοῦ
1413 2663 1687 2732 τεχθέντος

147 2750 378 2814 Δεσπότου,
427 2747 574 2804 οὐδὲν
636 2752 929 2806 κέκλεισται
983 2761 1056 2823 τῷ
1091 2753 1296 2825 Κυρίῳ,
1338 2749 1468 2802 ἀλλὰ
1518 2752 1688 2802 πάντα

144 2831 364 2904 ἀνέῳκται.
391 2838 408 2908 ]

198 2927 280 2974 Καὶ
305 2934 389 2977 τοῦ
431 2923 620 2981 δοῦναι
657 2959 726 2971 -
763 2939 1099 3004 περιστερῶν.
1142 2961 1206 2970 --
1237 2930 1529 3000 ’Δνὴγαγον
1591 2927 1690 2980 αύ-

142 3011 207 3059 τὸν
227 3011 324 3084 (56)
361 3022 505 3086 φησι,
529 3017 660 3093 ύπερ
692 3026 784 3072 τοῦ
814 3028 1156 3094 παραστῆσαι
1181 3026 1254 3090 τῷ
1291 3021 1490 3092 Κυρίῳ,
1517 3019 1691 3078 καθὼς

1801 517 2099 584 Sisterent,
2133 520 2250 575 sive
2281 521 2560 576 atferrent
2594 525 2917 581 Dominoin
2952 528 3240 599 templum
3290 529 3447 602 quod

1799 611 1924 660 erat
1974 608 2384 679 Jerosolymis.
2437 611 2725 682 Scriptum
2776 621 2899 668 erat
2959 617 3114 669 enim
3174 619 3231 670 in
3273 618 3444 685 lege:

1799 695 1962 750 Omne
1992 697 2358 752 masculinum
2386 700 2712 770 adaperiens
2736 703 2944 757 vulvam
2976 705 3259 774 (primum
3294 707 3447 759 vide-

1795 783 1946 849 licet,
2007 786 2120 841 hoc
2168 794 2272 850 est,
2328 788 2814 858 primogenitum)
2890 800 3156 848 sanctum
3201 794 3447 849 Domino

1797 874 2106 930 vocabitur
2138 877 2178 912 ιτ
2208 893 2221 940 ;
2256 878 2397 940 sive,
2432 885 2775 946 separatum
2816 881 3071 936 Domino
3103 882 3438 938 vocabitur.

1870 967 2386 1024 Consecrabantur
2409 976 2608 1024 autem
2640 969 3022 1025 Hebraeorum
3050 971 3448 1042 primogenita

1799 1055 1936 1114 Deo.
2001 1055 2142 1126 quia
2181 1057 2321 1112 olim
2384 1059 2777 1129 primogenita
2831 1062 3220 1130 Egyptorum
3275 1059 3447 1115 morti

1798 1143 2036 1199 tradidit
2067 1159 2175 1216 pro
2198 1144 2464 1202 libertate
2495 1147 2889 1204 Hebraeorum
2920 1149 2985 1198 ³⁸.

1867 1233 1979 1288 Sed
2011 1234 2133 1290 haec
2163 1235 2408 1306 quidem
2438 1237 2965 1308 primogenitajam
3001 1242 3269 1309 apertam
3303 1235 3450 1291 ada-

1795 1323 2030 1393 periunt
2073 1324 2309 1380 vulvam
2342 1343 2358 1378 :
2389 1327 2652 1398 aperitur
2681 1327 2839 1381 enim
2875 1325 2934 1381 in
2964 1327 3069 1381 viri
3101 1342 3448 1395 congressu,

1794 1412 2042 1483 quando
2073 1429 2277 1468 semen
2300 1414 2575 1470 infundit.
2603 1414 2773 1471 Solus
2803 1414 3279 1485 autemiChristus
3307 1430 3452 1469 non-

1795 1500 1932 1556 dum
1949 1507 2240 1572 apertam,
2257 1503 2783 1575 supernaturaliter
2799 1504 3049 1575 aperuit,
3087 1508 3142 1558 et
3161 1502 3446 1568 clausam,

1796 1590 2141 1644 naturaliter
2170 1592 2426 1646 servavit
2459 1591 2634 1662 :quia
2659 1593 2833 1646 etiam
2868 1592 3027 1646 solus
3072 1591 3164 1646 hic
3212 1591 3449 1662 proprie

1797 1683 2037 1733 sanctus
2067 1680 2439 1744 estDomino,
2475 1688 2530 1734 et
2550 1681 2882 1735 secundum
2905 1679 3286 1742 divinitatem,
3307 1680 3450 1750 quia

2276 1775 2332 1824 et
2382 1770 2712 1824 secundum
2767 1769 3197 1824 humanitatem
3252 1775 3449 1839 utpote

1801 1856 2001 1911 unitus
2036 1856 2174 1911 Filio
2193 1858 2344 1927 ejus.
2375 1858 2579 1929 Itaque
2618 1858 2746 1912 licet
2775 1866 3013 1928 propter
3061 1858 3282 1913 dictum
3314 1874 3450 1912 cau-

1799 1959 1929 1999 sam
1987 1944 2060 1999 de
2085 1946 2369 2000 omnibus
2428 1946 2838 2017 primogenitis
2878 1962 3136 2017 praasens
3199 1945 3448 2001 verbum

1800 2038 2088 2090 statutum
2122 2041 2228 2102 est,
2269 2035 2467 2092 solum
2516 2040 2716 2091 tamen
2743 2036 3041 2092 Christum
3081 2036 3300 2091 directe
3330 2051 3448 2091 res-

1799 2123 1957 2194 picit.

1867 2214 1954 2284 -Η-
1984 2213 2376 2286 Amphilochii
2410 2215 2746 2272 Iconensis:
2787 2213 2957 2280 Quod
3011 2215 3213 2270 attinet
3270 2219 3452 2269 natu-

1796 2317 1927 2358 ram
1957 2303 2230 2373 Virginis,
2261 2307 2448 2376 portis
2477 2304 2758 2374 virgineae
2790 2319 3032 2376 prorsus
3073 2318 3193 2358 non
3229 2307 3449 2375 apertae

1797 2397 1954 2455 sunt,
2018 2391 2322 2448 voluntate
2379 2393 2529 2464 ejus,
2563 2394 2664 2464 qui
2696 2393 2756 2448 in
2800 2399 2967 2448 utero
3005 2391 3340 2463 gerebatur,
3365 2407 3452 2446 se-

1797 2480 2065 2537 cundum
2093 2481 2320 2537 dictum
2349 2481 2423 2538 de
2453 2498 2560 2538 eo:
2594 2483 2738 2539 Hac
2766 2488 2847 2538 est
2887 2488 3064 2551 porta
3109 2482 3359 2544 Domini,
3395 2486 3451 2538 et

1796 2569 2071 2639 intrabit,
2093 2577 2145 2626 et
2167 2571 2370 2635 exibit,
2386 2577 2439 2627 et
2461 2575 2573 2628 erit
2599 2579 2773 2639 porta
2791 2573 2996 2627 clausa
3016 2573 3062 2607 ¹⁹
3089 2590 3102 2638 ;
3135 2571 3293 2642 quod
3311 2587 3450 2626 vero

1801 2660 2006 2716 attinet
2037 2661 2360 2730 potentiam
2393 2661 2515 2716 nati
2564 2661 2819 2726 Domini,
2864 2660 3006 2716 nihil
3059 2660 3328 2716 clausum
3361 2665 3452 2716 est

1800 2748 2074 2818 Domino,
2117 2749 2221 2804 sed
2238 2745 2434 2806 omnia
2456 2754 2664 2822 aperta
2691 2753 2850 2804 sunt.

1871 2927 2034 2982 Vers.
2049 2929 2138 2982 24.
2166 2928 2240 2982 Et
2258 2931 2322 2982 ut
2334 2927 2548 2984 darent
2563 2928 3066 2984 -—columbarum.
3093 2927 3451 2982 —Addua:e-

1797 3021 1945 3071 runt
1964 3031 2116 3081 eum,
2150 3015 2359 3088 inquit,
2392 3023 2455 3072 ut
2476 3017 2740 3073 sisterent
2766 3016 3021 3081 Domino,
3043 3016 3201 3071 sicut
3223 3015 3449 3071 dictum

143 3103 323 3170 εῐρηται,
352 3111 435 3157 καὶ
483 3109 616 3180 ὑπὲρ
669 3115 762 3160 τοῦ
795 3105 976 3161 δοῦναι
1031 3111 1217 3161 θυσίαν
1271 3110 1398 3183 ὑπὲρ
1439 3108 1599 3160 αὑτοῦ
1625 3111 1688 3160 τὰ

1871 3108 1906 3169 t,
1941 3109 1997 3160 et
2021 3110 2083 3160 ut
2111 3103 2322 3161 darent
2349 3105 2607 3161 hostiam
2639 3121 2748 3177 pro
2791 3121 2880 3169 eo,
2912 3103 3011 3160 illa
3050 3105 3286 3170 scilicet,
3315 3121 3451 3177 quae

136 3189 336 3258 prima.
365 3193 646 3250 Ἐπέταττε
673 3200 772 3270 γὰρ
813 3199 838 3249 ὁ
869 3217 1022 3270 νόμος
1075 3195 1286 3250 διδόναι
1341 3197 1520 3268 ζει)νοῖ
1565 3217 1688 3271 τΡυ’

135 3278 263 3342 γόνων
289 3277 401 3353 ὑὰὶρ
455 3287 800 3358 σωφροσύνης
848 3293 939 3337 τοῦ
1002 3281 1191 3346 παιδός
1217 3299 1232 3316 ⁸
1267 3289 1687 3358 σωφρονέστατον

139 3365 257 3435 γάρή
286 3377 473 3440 τρυγών
506 3388 520 3402 ·
550 3374 581 3432 ᾖ
612 3369 709 3426 δύο
737 3378 980 3434 νεοσσούς
1008 3382 1326 3448 περιστερῶν
1363 3377 1490 3448 ὑπὲρ
1521 3393 1688 3426 τεκνο-

133 3457 275 3519 γονίας
300 3457 450 3511 αὐτοῦ
475 3477 490 3491 ⁶
522 3467 880 3534 γονιμώτατον
918 3465 1019 3535 γὰρ
1051 3464 1080 3520 ἠ
1113 3465 1414 3537 περιστερά.
1443 3464 1601 3515 Διττὰ
1631 3458 1690 3514 δε

134 3546 202 3592 καὶ
226 3554 392 3612 ταῦτα,
421 3547 660 3620 κάκεῖνα,
690 3553 772 3603 ἵνα
795 3555 852 3604 τό
877 3555 967 3624 μὲν
1011 3555 1089 3610 εἴη
1122 3553 1192 3614 εἰς
1237 3551 1510 3624 ἐξίλασμα,
1542 3555 1600 3604 τό
1629 3547 1688 3602 δε

133 3647 188 3691 εις
207 3633 547 3712 όλοκίέρπωμα.
583 3639 784 3710 Ὠσπερ
818 3637 877 3694 δε
922 3644 951 3700 ἡ
993 3646 1170 3716 μήτηρ
1197 3649 1292 3693 τοῦ
1322 3641 1558 3714 Χριστού
1595 3641 1689 3693 ούκ

132 3719 327 3778 ὑπέκειτο
357 3737 424 3798 τῷ
449 3729 796 3804 προῤῥηθέντι
853 3735 1010 3802 νόμῳ,
1073 3731 1237 3793 οὕτως
1275 3727 1398 3783 οὐδὲ
1428 3731 1580 3792 αύτός
1617 3738 1688 3802 τῷ

133 3825 328 3881 παρόντι.

477 4041 635 4095 ΚΕΦ.
671 4040 743 4092 I".
772 4045 895 4114 Περὶ
933 4049 1023 4094 τοῦ
1073 4047 1294 4114 Συμεών.

187 4141 273 4208 Καὶ
313 4141 424 4198 ἰδού
484 4180 548 4189 -
592 4148 825 4222 Ἰσραήλ.
886 4149 1222 4218 Ἀνοὲκλησιν,
1281 4148 1538 4222 λύτρωσιν
1596 4157 1688 4202 τοῦ

127 4226 472 4300 ’ῐσραηλιτικοῦ
509 4237 642 4289 λαοῦ
686 4237 786 4290 ἀπό
828 4246 918 4299 τῆς
967 4235 1224 4299 δουλείας.
1271 4234 1578 4310 [Ιροσεδόκα
1633 4235 1691 4291 δὲ

125 4321 284 4377 ταύτην
309 4321 356 4386 ἐξ
385 4323 727 4396 ἀναγνώσεως
755 4335 854 4379 τῶν
885 4336 1214 4401 προφητικῶν
1245 4327 1460 4399 βίϐλων,
1511 4328 1566 4378 αἱ
1595 4348 1692 4379 κα-

126 4409 363 4480 τήγγελλον
407 4419 495 4467 τόν
529 4418 780 4490 Χριστὸν,
826 4417 881 4477 ὃς
930 4415 1069 4468 ἐστιν
1120 4415 1404 4479 ἀνάκλησις
1455 4424 1547 4469 τοῦ
1574 4421 1686 4470 νέου

124 4494 472 4571 Ἰσραηλιτικοῦ
510 4505 662 4570 λαοῦ,
693 4503 1096 4578 ἀνακαλούμενος
1129 4507 1283 4558 αὐτόν
1315 4506 1414 4559 ἀπὸ
1452 4515 1540 4568 τῆς
1567 4503 1690 4560 δου-

124 4581 236 4649 λείας
252 4598 335 4653 τῆς
353 4593 568 4656 πλάνης.

179 4676 266 4729 Καὶ
290 4691 486 4755 πνεῦμα
520 4715 584 4724 -
611 4684 785 4736 αὐτόν’
811 4691 1020 4757 Πνεῦμα
1049 4685 1198 4756 ἅγιον
1225 4704 1555 4760 προφητείας.
1577 4687 1688 4739 Οὐκ

125 4756 170 4819 ἦν
196 4762 247 4819 δὲ
275 4771 428 4845 ἱερεὺς
449 4775 476 4824 ό
507 4779 727 4848 Σῦρεὼν,
770 4777 840 4836 ὡς
884 4773 995 4847 ἐμοὶ
1021 4778 1146 4835 τέως
1177 4770 1322 4826 δοκεῖ
1355 4790 1368 4803 ·
1418 4771 1446 4832 ἦ
1497 4778 1598 4848 γὰρ
1627 4775 1686 4828 ἂν

122 4847 317 4911 ἐδήλωσε
344 4867 434 4914 καὶ
471 4870 632 4916 τοῦτο
661 4864 861 4924 πάντως
889 4865 916 4915 ό
947 4863 1282 4935 εύαγγελιστὴ
1295 4883 1335 4930 ς,
1386 4866 1454 4925 ὡς
1484 4863 1689 4938 ἀξίωμα

121 4949 194 4994 τοῦ
219 4943 416 5023 ἀνδρὸς.

177 5213 211 5247 ⁸⁷
242 5214 417 5276 Exod.
449 5233 574 5283 xm,
606 5221 660 5274 2.
740 5220 788 5256 η
815 5219 960 5276 ibid.
994 5224 1079 5276 t5.

1157 5223 1203 5257 ιθ
1236 5222 1437 5279 Ezech.
1469 5237 1625 5290 XLIV,
1657 5225 1716 5278 2.

1798 3193 1958 3249 dicta
1987 3199 2140 3249 sunt.
2163 3195 2346 3248 Jussit
2370 3195 2527 3250 enim
2548 3195 2660 3259 lex,
2679 3202 2742 3250 ut
2757 3194 2968 3250 darent
2989 3211 3099 3265 par
3130 3200 3449 3260 turturum,

1798 3288 2040 3353 propter
2064 3282 2228 3353 pueri
2263 3282 2736 3354 temperantiam,
2780 3288 2866 3338 est
2891 3283 3053 3338 enim
3106 3287 3298 3337 turtur
3327 3285 3449 3338 ani-

1797 3370 1920 3426 mal
1951 3372 2356 3427 castissimum
2391 3376 2531 3438 ;aut
2561 3371 2714 3428 duos
2767 3370 2961 3443 pullos
3005 3371 3447 3437 columbarum,

1798 3466 2040 3532 propter
2067 3460 2197 3531 ejus
2249 3459 2674 3517 fecunditatem
2703 3477 2716 3514 :
2747 3459 3028 3516 columba
3081 3475 3344 3531 namque
3371 3459 3451 3515 fe-

1797 3548 2169 3604 cundissima
2194 3555 2300 3604 est.
2330 3552 2508 3606 Erant
2537 3555 2734 3604 autem
2763 3556 2818 3603 et
2841 3549 2987 3611 hinc,
3014 3554 3069 3604 et
3122 3548 3218 3604 illa
3259 3549 3452 3620 dupli-

1797 3635 1909 3692 cia.
1939 3639 2130 3694 Unum
2152 3637 2312 3693 enim
2336 3637 2698 3692 oﬂerebatur
2736 3637 2794 3692 in
2847 3637 3269 3708 placationem,
3312 3637 3452 3692 alte-

1797 3741 1932 3782 rum
1963 3727 2024 3782 in
2075 3726 2460 3782 oblationem.
2518 3728 2741 3788 Verum,
2791 3725 2944 3781 sicut
3000 3725 3211 3781 Christi
3265 3731 3452 3782 mater

1797 3814 2098 3888 praedictas
2125 3813 2239 3884 legi
2269 3814 2538 3885 subjecta
2568 3829 2693 3870 non
2715 3819 2860 3880 erat,
2889 3815 2968 3868 sic
3016 3829 3126 3870 nec
3153 3814 3277 3885 ipse
3307 3828 3455 3885 prae-

1800 3905 1972 3961 senti.

2276 4045 2428 4100 CAP.
2464 4047 2551 4099 Ill.
2587 4045 2665 4100 De
2690 4046 2970 4102 Simeone.

1870 4151 2152 4208 Vers.25.
2203 4152 2279 4206 Et
2318 4167 2440 4208 ecce
2470 4183 2540 4192 —
2599 4152 2807 4208 Israel.
2852 4151 2913 4206 ld
2967 4157 3072 4221 est,
3134 4151 3454 4206 revocatio-

1798 4255 1959 4306 nem,
1991 4239 2463 4312 redemptionem
2513 4240 2811 4295 Israelitici
2863 4239 3062 4310 populi
3092 4255 3127 4293 a
3153 4240 3448 4293 servitute.

1800 4327 2196 4400 Exspectabat
2246 4334 2441 4383 autem
2497 4329 2652 4384 hanc
2717 4344 2789 4386 ex
2867 4326 3030 4381 libris
3093 4325 3450 4396 propheticis

1801 4418 2089 4474 Christum
2116 4416 2635 4480 annuntiantibus,
2678 4417 2780 4488 qui
2812 4415 2949 4470 novi
3002 4413 3303 4469 lsraelitici
3337 4429 3447 4484 po-

1802 4506 1921 4579 puli
1953 4507 2252 4563 revocatio
2273 4511 2379 4571 est,
2407 4520 2693 4561 revocans
2737 4521 2874 4559 eum
2893 4503 2970 4559 ab
3001 4503 3214 4558 erroris
3273 4502 3452 4558 servi-

1797 4601 1937 4653 tute.

1870 4687 2028 4742 Vers.
2059 4686 2148 4740 25.
2179 4685 2262 4740 Et
2310 4685 2551 4755 spiritus
2597 4714 2666 4723 -—
2710 4697 2860 4738 eum.
2921 4680 3177 4754 Spiritus
3205 4685 3450 4736 sanctus

1797 4775 2140 4846 prophetiae.
2201 4779 2326 4831 Non
2397 4780 2520 4830 erat
2577 4778 2776 4828 autem
2832 4772 3131 4837 sacerdos,
3189 4777 3251 4827 ut
3312 4771 3452 4826 mihi

1798 4865 2032 4920 interim
2053 4864 2282 4920 videtur
2313 4880 2326 4919 :
2360 4863 2508 4920 alias
2533 4862 2693 4918 enim
2723 4866 2780 4916 et
2808 4861 2921 4917 hoc
2953 4859 3198 4916 omnino
3251 4861 3449 4915 mani-

1796 4952 2071 5010 festasset
2085 4953 2466 5025 evangelista,
2498 4956 2785 5024 tanquam
2819 4965 3094 5020 magnam
3127 4950 3238 5005 viri
3263 4950 3454 5020 digni-

1795 5045 2000 5101 tatem.

1319 5363 1541 5432 Variaa
1572 5364 1899 5433 lectiones
1930 5375 1996 5432 et
2026 5375 2226 5431 notae.

173 5497 273 5575 (54)
291 5502 426 5575 Haec
455 5504 517 5558 in
544 5505 816 5575 margine
841 5521 878 5561 a
905 5521 1094 5562 manu
1133 5507 1685 5563 recentiori.A.Vide

114 5566 460 5640 Amphiloch.
545 5620 559 5631 .
614 5566 718 5632 26‘:
751 5579 820 5632 ι).

170 5640 294 5701 ((55)
329 5591 820 5701 ΔουάΡΑωοὶιὶΙοι

170 5640 294 5713 ((5⁵)
329 5640 506 5716 Apud
530 5646 1284 5720 Amphiloch.additur:'tz;
1302 5652 1432 5723 πρὸς
1449 5655 1541 5710 τὴν
1552 5669 1685 5725 παρ-

1797 5509 1998 5565 θενικὴν
2086 5509 2256 5558 τοίνυν
2338 5508 2491 5577 φύσιν
2579 5503 2691 5559 οὐδ’
2782 5507 2905 5567 όλως
2987 5505 3327 5573 ἠνεῴχθησαν
3397 5503 3450 5555 αἱ
3509 5508 3525 5523 ’

1793 5581 2101 5632 παοθενικαὶ
2128 5577 2311 5634 πύλαι,

1866 5633 1979 5722 '(36)
2007 5649 2171 5704 Αὐτόν
2198 5633 2392 5705 abest.
2423 5655 2489 5705 Α.
