3922 6200
477 283 575 338 891

1820 270 2168 330 EUTHYMII
2216 270 2555 331 ZIGABE-NI
3703 281 3782 336 392

549 409 706 462 Vers.
741 407 828 461 €26.
860 407 937 461 Et
959 420 1298 474 responsum
1321 408 1620 476 acceperat
1646 435 1712 444 —
1739 399 1994 457 Domini.
2033 398 2116 452 Le

2317 398 2417 451 Καὶ
2468 395 2527 458 ἧν
2570 400 2710 471 αὐτῷ
2762 404 3252 473 κεχρηματισμένον
3311 432 3380 442 -
3427 403 3629 474 Κυρίοι.
3665 403 3780 457 Ἀνι-

480 512 624 563 gens
655 496 809 549 enim
843 495 1108 566 quodam
1179 499 1439 563 tempore
1493 493 1854 565 prophetias,
1892 506 2024 562 quae
2061 487 2134 541 de

483 583 709 638 Christo
726 589 912 646 erant,
939 599 1074 637 cum
1099 582 1439 647 invenisset,
1465 584 1620 654 quod
1645 584 1794 636 Deus
1822 579 2135 633 incarnan-

480 673 772 733 dusesset,
793 671 870 726 ad
884 688 1062 741 super
1082 671 1348 727 naturale
1367 671 1728 743 mysterium,
1745 675 2014 740 tanquam
2029 666 2134 722 ho-

484 775 602 827 mo,
627 759 950 816 anhelabat
981 777 991 815 :
1018 760 1154 814 ideo
1177 761 1353 815 etiam
1381 760 1714 825 oraculum,
1747 758 1865 812 sive
1895 770 2136 826 respon-

482 865 636 914 sum,
661 849 908 920 accepit,
943 865 1002 904 se
1017 865 1133 904 non
1164 849 1537 913 moriturum,
1568 848 1759 902 donec
1784 847 1914 918 ipse
1945 844 2136 899 Chris-

481 941 608 993 tum
631 938 818 993 oculis
871 938 1093 994 videret
1121 938 1440 1009 corporeis.
1473 938 1780 996 Christum
1811 941 2006 991 autem
2029 933 2133 987 Do-

481 1028 646 1090 mini,
680 1026 845 1089 dixit,
879 1032 1118 1098 propter
1149 1028 1275 1097 ejus
1299 1030 1374 1081 ad
1410 1030 1639 1082 Patrem
1669 1023 2131 1080 similitudinem.

481 1115 798 1169 Dominum
822 1115 977 1169 enim
1013 1115 1276 1184 intelligit
1301 1132 1459 1170 nunc
1491 1118 1738 1170 Patrem.

551 1207 636 1274 -Ηο
660 1204 946 1274 Equidem
979 1205 1203 1260 invenit
1231 1205 1407 1261 etiam
1449 1205 1508 1260 in
1541 1204 1850 1258 codicibus
1881 1201 2134 1256 nonnul-

480 1293 550 1347 lis
599 1294 667 1347 de
712 1294 1008 1362 liocjusto
1054 1294 1202 1357 viro,
1249 1293 1414 1365 quod
1439 1293 1612 1348 fuerit
1661 1309 1732 1347 ex
1761 1291 2132 1363 septuaginta

479 1381 898 1452 interpretibus
931 1381 1249 1449 Hebraicis,
1272 1387 1538 1453 tempore
1597 1380 1891 1436 Ptolemaei
1938 1378 2129 1434 Phila-

480 1469 699 1541 delphi.
746 1471 1196 1541 lnterpretantes
1223 1471 1382 1525 enim
1414 1471 1756 1526 vaticinium
1784 1470 1953 1524 Isaias
1983 1485 2125 1539 pro-

480 1560 671 1630 phetae
707 1576 719 1612 :
754 1561 913 1624 Ecce,
970 1560 1132 1629 virgo
1161 1561 1223 1614 in
1250 1564 1412 1616 utero
1445 1560 1671 1615 habebit
1707 1561 1789 1625 19;
1823 1559 1937 1614 hoc
1969 1558 2128 1613 solus

481 1648 718 1704 Simeon
794 1664 915 1703 non
973 1649 1220 1704 credidit
1298 1649 1620 1721 prophetas,
1683 1649 1874 1704 donec
1924 1648 1976 1703 ei
2049 1647 2127 1702 ab

2242 493 2509 557 γινώσκων
2539 492 2640 561 γὰρ
2673 496 2796 542 ποτε
2821 493 2914 550 τὰς
2951 497 3068 564 περὶ
3100 499 3334 562 Χριστοῦ
3385 499 3695 565 προφητείας,
3721 500 3782 545 καὶ

2245 577 2400 647 εὑρὼν
2428 579 2507 628 ὅτι
2538 583 2668 639 Θεὸς
2708 579 2773 629 ὡν
2805 577 3199 651 ἐνανθρωπῆσαι
3223 580 3411 652 μέλλει,
3449 586 3571 653 πρὸς
3594 586 3645 632 τὸ
3670 584 3783 652 ὑπερ-

2246 667 2360 736 φυὲς
2383 673 2472 716 τοῦ
2511 672 2828 739 μυστηρίου,
2863 670 2932 728 ὡς
2963 669 3249 740 ἄνθρωπος,
3285 669 3543 740 ἰλιγγίασε
3581 689 3592 700 ·
3626 667 3698 722 διο
3721 677 3783 722 καὶ

2243 751 2598 827 χρησμῳδίαν
2630 755 2802 809 ἔλαϐεν
2837 796 2856 826 ,
2892 760 3052 810 εἶτουν
3081 755 3340 824 ἀπόφασιν
3362 761 3429 820 ὡς
3447 760 3539 810 οὐκ
3569 759 3784 812 ἀποθανεῖ-

2245 862 2332 893 ται
2363 847 2550 915 μέχρις
2577 843 2635 894 ἂν
2664 841 2755 917 ἴδη
2786 845 2940 897 αὐτὸν
2967 850 3052 898 τὸν
3107 851 3336 921 Χριστὸν
3391 856 3498 909 τοῖς
3536 853 3638 917 (57)
3662 849 3784 902 αὐτον

2246 931 2544 1004 ὀφθαλμοῖς.
2576 938 2673 986 Τὸν
2714 940 2938 1006 Χριστὸν
2968 932 3026 988 δὲ
3058 937 3265 1007 Κνρίου.
3305 934 3414 988 εἷπε
3445 933 3539 989 διὰ
3583 943 3664 996 τὴν
3689 943 3787 1011 πρὸς

2243 1025 2327 1073 τὸν
2359 1027 2564 1095 Πατέρα
2611 1023 2889 1081 οἰκείωσιν.
2942 1026 3132 1098 Κύριον
3176 1029 3277 1099 γὰρ
3331 1027 3444 1097 (58)
3485 1031 3582 1079 νόει
3610 1032 3683 1079 τὸν
3706 1035 3785 1080 Πα-

2243 1115 2382 1183 τέρα.

2313 1199 2504 1276 [Εὗρον
2676 1201 2819 1274 κάγὼ
2851 1205 2898 1255 ἓν
2929 1224 3042 1256 τισι
3071 1214 3170 1256 τῶν
3203 1206 3316 1276 (60)
3357 1205 3669 1279 ἀντιγράφων
3700 1212 3786 1274 περὶ

2241 1298 2331 1340 τοῦ
2373 1287 2582 1343 δικαίου
2625 1295 2810 1344 τούτου
2865 1290 3075 1366 ἀνδρὸς,
3111 1297 3174 1355 ὡς
3227 1294 3282 1347 ἐκ
3310 1305 3409 1348 τῶν
3480 1293 3788 1367 ἑϐδομήκοντα

2240 1379 2560 1452 ἓρμηνευτῶν
2592 1391 2689 1432 τῶν
2742 1381 2988 1454 Ἐϐραίων
3038 1379 3098 1440 ἦν
3132 1383 3180 1434 ἓν
3225 1391 3338 1445 ταῖς
3378 1387 3590 1457 ὴμέραις
3635 1384 3786 1436 Πτολε-

2239 1472 2396 1538 μαίου
2437 1476 2525 1520 τοῦ
2578 1467 2916 1535 Φιλαδέλφου.
2974 1473 3445 1544 Μεθερμηνεύοντες
3497 1475 3592 1546 ’γὰρ
3647 1471 3789 1524 ἐκείνοι

2239 1561 2422 1618 πάντες
2475 1564 2568 1616 τὴν
2615 1560 2903 1634 προρρησιν
2956 1561 3174 1613 Ἠσαίου
3233 1570 3324 1614 τοῦ
3372 1568 3654 1635 προφήτου,
3698 1566 3784 1613 τό’

2239 1643 2401 1710 Ἰδού,
2459 1648 2487 1705 ὴ
2548 1650 2796 1720 παρθένος
2846 1648 2893 1700 ἐν
2939 1656 3132 1723 γαστρὶ
3175 1651 3276 1713 ἐξει
3332 1669 3343 1680 '
3391 1659 3545 1703 τοῦτο
3603 1652 3787 1722 μονοςὸ

480 1738 679 1792 divino
699 1737 911 1806 angelo
925 1753 1279 1809 responsum
1305 1743 1475 1804 esset,
1501 1739 1698 1809 ipsum
1725 1753 1845 1792 non
1861 1737 2116 1792 visurum

2258 1742 2441 1808 Ξυμεὼν
2492 1739 2705 1794 ἠπίστει
2750 1747 2821 1808 τῷ
2876 1745 3137 1811 ωροφάτῃ,
3199 1741 3252 1791 ὃν
3287 1745 3380 1798 την
3421 1741 3538 1808 (61)
3666 1738 3787 1790 ἐκεῖνο

479 1831 754 1891 mortem,
786 1827 978 1882 donec
1008 1825 1301 1881 Christum
1333 1826 1565 1882 Domini
1607 1827 1668 1881 in
1711 1841 1932 1881 manus
1966 1841 2129 1880 acce-

479 1915 645 1986 perit.

547 2108 709 2162 Vers.
743 2111 831 2163 27.
859 2111 935 2165 Et
976 2109 1132 2166 venit
1186 2141 1250 2150 -
1281 2111 1572 2180 templum.
1607 2112 1794 2166 Motus
1825 2126 1860 2166 a
1911 2110 2126 2181 Spiritu

478 2201 702 2253 sancto.

548 2289 704 2341 Vers.
739 2286 826 2340 ‘27.
863 2287 938 2341 Et
969 2303 1102 2342 cum
1134 2319 1202 2328 -
1229 2303 1386 2344 suas.
1423 2288 1627 2344 Statim
1658 2288 1818 2344 enim
1845 2288 2126 2359 cognovit

477 2391 614 2431 eum
651 2376 1173 2446 perspicacissimis
1203 2377 1413 2433 oculis.

550 2467 708 2519 Vers.
744 2464 829 2518 28.
889 2467 953 2520 Et
1005 2465 1296 2523 benedixit
1350 2469 1556 2524 Deum.
1609 2467 1720 2533 Qui
1779 2468 2126 2523 incarnatus

477 2559 620 2609 erat.

547 2645 709 2698 Vers.
729 2645 817 2697 28.
839 2645 915 2697 Et
946 2645 1031 2700 ait
1055 2677 1123 2683 —
1151 2644 1310 2701 Vers.
1341 2645 1432 2702 29.
1468 2645 1710 2702 Verbum
1740 2652 1925 2702 tuum.
1955 2649 2120 2702 Nunc

476 2733 722 2788 omnino
762 2749 856 2788 me
903 2733 1167 2789 absolvis
1198 2750 1234 2789 a
1262 2734 1400 2800 vita,
1435 2735 1952 2806 quemadmodum
1979 2735 2122 2791 olim

475 2820 712 2877 dixeras
747 2821 891 2876 mihi
921 2821 1241 2892 requirenti
1266 2821 1340 2877 de
1379 2827 1480 2877 tua
1512 2823 1942 2878 incarnatione.

546 2910 711 2965 Vers.
744 2915 830 2965 29.
859 2911 927 2965 In
955 2926 1123 2980 pace.
1167 2913 1231 2965 In
1278 2927 1426 2983 pace
1470 2912 1922 2981 cogitationum.
1957 2915 2123 2969 Nunc

477 2999 657 3062 enim,
690 3014 826 3070 quae
858 3015 952 3054 me
997 2999 1338 3065 turbabant,
1368 3000 1442 3055 de
1471 3000 1675 3056 divina
1714 3001 2121 3057 incarnatione

475 3087 860 3157 cogitationes
888 3089 1216 3160 paciﬁcatus
1247 3094 1401 3146 sunt.

545 3177 667 3246 Vel,
701 3178 760 3232 in
794 3193 938 3249 pace
969 3178 1388 3250 intrepiditatis
1419 3180 1598 3251 ;quia
1623 3180 1926 3252 deinceps,
1968 3196 2124 3236 mor-

474 3274 593 3323 tem
634 3283 756 3323 non
811 3271 1094 3335 metuam,
1151 3273 1388 3340 propter
1439 3268 1803 3340 profundam
1857 3275 2124 3326 senectu-

474 3363 614 3414 tem.

546 3447 664 3518 Vel,
699 3449 760 3501 In
784 3463 930 3519 pace
949 3446 1154 3514 gaudii
1179 3466 1197 3516 ;
1219 3447 1362 3518 quia
1378 3447 1659 3518 deinceps
1679 3463 1791 3503 non
1815 3449 2124 3504 contrista-

473 3537 584 3592 bor
609 3543 850 3609 propter
873 3537 1202 3592 libertatem
1235 3536 1462 3592 Israelis
1496 3555 1508 3603 ;
1534 3537 1661 3607 jam
1705 3538 1863 3594 enim
1891 3539 2013 3593 vidi
2038 3540 2123 3594 Li-

473 3626 829 3680 beratorem.

546 3713 712 3768 Vers.
751 3717 837 3767 30.
875 3713 1024 3778 Quia
1051 3713 1409 3768 viderunt—
1438 3715 1704 3769 salutare
1727 3721 1908 3771 tuum.
1956 3720 2120 3773 Nunc

473 3801 708 3855 dimittis
738 3817 854 3865 me,
885 3801 1092 3872 inquit,
1123 3802 1263 3872 quia
1304 3802 1424 3857 vidi
1447 3802 1920 3860 incarnationem
1954 3810 2119 3862 tuam

473 3889 627 3944 hanc
656 3890 814 3945 enim
845 3895 1019 3944 vocat
1070 3890 1369 3961 Salutare,
1415 3896 1618 3964 utpote
1649 3909 1756 3965 pro
1802 3894 2120 3952 hominum

474 3979 662 4035 salute
692 3980 935 4034 factam.

545 4067 711 4124 Vers.
744 4069 832 4125 31.
891 4069 1058 4135 Quod
1077 4099 1145 4110 —
1163 4072 1462 4139 populum.
1497 4073 1669 4138 Quod
1701 4074 1960 4132 salutare
2003 4077 2122 4133 dis-

471 4158 721 4232 posuisti
761 4173 959 4214 coram
988 4158 1290 4225 omnibus,
1326 4166 1388 4216 ut
1417 4161 1699 4216 omnibus
1732 4164 2119 4222 manifestum

472 4252 647 4313 esset,
673 4264 793 4304 non
813 4246 1032 4303 Judaeis
1055 4252 1303 4314 tantum,
1324 4265 1532 4306 verum
1560 4250 1738 4307 etiam
1770 4251 1901 4308 aliis
1930 4255 2118 4323 genti-

470 4339 605 4395 bus.

2237 1829 2626 1900 χρηματισθεὶς
2657 1829 2755 1879 ὑπὸ
2789 1829 2924 1879 θείου
2956 1828 3198 1899 ἀγγέλου,
3222 1834 3294 1901 μὴ
3326 1825 3460 1881 ἰδεῖν
3493 1831 3705 1892 θάνατον,
3724 1829 3790 1887 ἕως

2237 1914 2295 1966 ἂν
2322 1920 2412 1967 τύν
2445 1919 2674 1988 Χριστὸν
2729 1917 2924 1990 Κυρίου
2975 1914 3192 1979 δέξηται
3253 1916 3302 1968 ἐν
3332 1926 3453 1978 ταῖς
3479 1921 3652 1970 ἑαυτοῦ
3693 1935 3789 1989 χερ-

2241 2005 2370 2078 σίν.]

2309 2096 2409 2148 Καὶ
2477 2092 2623 2151 ἦλθεν
2685 2125 2754 2134 -
2804 2097 2956 2169 ἱερὸν.
3002 2102 3085 2165 Τῷ
3129 2098 3389 2168 [[νεύματι
3456 2105 3529 2166 τῷ
3579 2095 3694 2166 ἁγίῳ
3735 2115 3791 2145 κι-

2237 2186 2424 2244 νηθείς.

2311 2274 2412 2328 Καὶ
2433 2273 2481 2326 ἐν
2507 2305 2571 2314 -—
2597 2274 2777 2327 αὑτοῦ.
2807 2279 2993 2346 Διέγνω
3022 2278 3124 2348 γὰρ
3169 2278 3294 2326 αὐτὸ
3325 2277 3562 2350 παρευθὺ
3587 2282 3683 2335 τοῖς
3709 2269 3790 2326 διοι

2238 2371 2470 2436 ρατικοῖς
2491 2363 2790 2436 ὀφθαλμοῖς.

2310 2453 2415 2507 Καὶ
2437 2451 2617 2524 εὐλογη
2629 2473 2684 2507 σε
2709 2459 2795 2506 τὸν
2823 2459 2970 2508 Θεὸν.
3002 2457 3099 2506 Τὸν
3123 2453 3425 2529 ἐνανθρωπή
3436 2473 3616 2506 σαντα.

2309 2632 2412 2684 Καὶ
2434 2628 2540 2684 εἷπε
2587 2663 2646 2670 -
2691 2631 2838 2706 ῥῆμά
2888 2651 3003 2686 σου.
3042 2638 3148 2684 Νῦν
3207 2630 3455 2694 ἀπολύεις
3501 2650 3563 2704 με
3589 2637 3669 2684 τοῦ
3698 2628 3790 2683 Βίου

2235 2723 2458 2789 πάντως,
2499 2724 2690 2785 καθὼς,
2745 2723 2954 2793 εἴρηκάς
2990 2741 3100 2794 μοι,
3132 2721 3294 2774 πάλαι
3344 2717 3678 2794 διαποροῦντι
3702 2725 3793 2789 περὶ

2233 2818 2326 2862 τοῦ
2346 2815 2639 2885 μυστηρίου
2662 2820 2750 2870 τῆς
2783 2820 2876 2871 σῆς
2899 2810 3195 2885 ἐνανθρωπὴ
3207 2830 3354 2872 σεως.

2307 2899 2391 2950 ’ί-ζν
2423 2904 2618 2972 εἰρήνη.
2650 2900 2736 2954 Ἐν
2769 2901 2942 2973 εἰρήνῃ
2972 2899 3254 2972 λογισμῶν.
3289 2906 3402 2952 Νῦν
3437 2904 3537 2972 γὰρ
3573 2901 3618 2951 οἱ
3640 2900 3795 2970 ταράτ-

2233 2993 2404 3050 τοντές
2430 3008 2493 3061 με
2521 2989 2764 3061 λογισμοὶ
2804 2996 2920 3062 περὶ
2945 2997 3035 3050 τῆς
3075 2991 3210 3049 θείας
3230 2988 3659 3061 ἐνανθρωπῆσεως
3689 2986 3796 3058 εἰρέ-

2155 3085 2199 3146 G
2234 3097 2439 3133 νευσαν.

2307 3166 2392 3238 Ἢ,
2433 3166 2518 3222 Ἐν
2558 3169 2731 3242 εἰρήνῃ
2773 3167 3008 3240 ἀφοϐίας,
3063 3172 3250 3240 μηκέτι
3279 3166 3595 3240 φοϐούμενον
3622 3169 3697 3217 τόν
3728 3163 3795 3215 θέο

2233 3277 2402 3323 νατον,
2439 3255 2532 3311 διὰ
2562 3261 2619 3311 τὸ
2661 3257 2802 3331 βαθύ
2823 3279 2922 3331 μου
2961 3268 3148 3332 γῆρας.

2305 3442 2393 3500 Ἤ,
2421 3436 2503 3492 Ἐν
2535 3437 2710 3511 εἰρήνη
2744 3443 2940 3511 χαρᾶς,
2984 3442 3171 3510 μηκέτι
3197 3437 3527 3507 λυπούμενον
3591 3438 3703 3508 {mea
3724 3441 3798 3490 τῆς

2233 3524 2520 3600 ἐλευθερίας
2566 3534 2656 3578 τοῦ
2723 3527 2922 3600 Ἰσραελ
2973 3545 2983 3556 '
3021 3523 3159 3579 εἶδον
3216 3530 3315 3599 γὰρ
3348 3524 3465 3584 ἤδη
3529 3529 3612 3578 τὸν
3642 3523 3797 3575 5:35:-

2229 3621 2422 3688 ρωτην.

2301 3703 2420 3756 Ὀτι
2451 3701 2586 3756 εἶδον
2613 3737 2680 3744 -
2708 3710 2964 3780 σωτήριόν
2992 3725 3106 3759 σου.
3132 3711 3238 3757 Νῦν
3260 3702 3514 3764 ἀπολύεις
3543 3721 3623 3775 με,
3649 3703 3795 3772 φησὶν,

2230 3796 2309 3846 ὅτι
2354 3795 2466 3865 (6'2)
2526 3791 2662 3847 εἶδον
2714 3801 2807 3853 τήν
2844 3795 3226 3869 ένανθρὼπησίν
3282 3812 3380 3844 σου
3444 3809 3460 3826 .
3497 3796 3677 3847 ταύτην
3721 3789 3797 3857 γάρ

2230 3883 2393 3958 καλεῖ,
2429 3889 2704 3958 σωτήριον,
2735 3890 2798 3945 ὡς
2828 3885 2912 3938 ἐπὶ
2935 3888 3166 3955 σωτηρία
3185 3890 3281 3934 τῶν
3305 3884 3597 3954 ανθρώπων
3622 3894 3798 3950 757m:-

2230 3989 2384 4056 μένην
2395 4022 2406 4035 .

2300 4071 2366 4123 ⁸0
2396 4101 2461 4110 --
2507 4069 2660 4120 λαῶν.
2702 4065 2865 4137 Ὀτιερ
2911 4066 3166 4135 σωτήριον
3215 4061 3572 4132 ᾠκονόμησας
3625 4057 3800 4107 ἐνώπιον

2231 4164 2453 4226 πάντων,
2490 4159 2572 4209 ἵνα
2614 4162 2775 4208 πᾶσιν
2821 4157 2895 4211 εἴη
2932 4155 3164 4226 φανερὸν,
3205 4151 3261 4202 ού
3311 4155 3474 4221 μόνον
3535 4141 3796 4202 Ἰουδαίοις,

2231 4251 2358 4304 ἀλλά
2387 4256 2475 4302 καὶ
2500 4256 2607 4308 τοῖς
2637 4246 2809 4306 σῦλοις
2853 4245 3042 4296 ἔθνεσι.

541 4429 703 4483 Vers.
735 4429 819 4482 32.
846 4428 1068 4482 Lumen
1092 4457 1160 4464 --
1193 4426 1404 4482 Israel.
1446 4429 1487 4498 -ι-
1518 4430 1560 4484 Ο
1601 4430 1706 4501 qui
1741 4446 1874 4485 vere
1917 4429 2116 4487 lumen

2303 4435 2408 4488 Φῶς
2483 4458 2550 4464 —
2607 4423 2838 4498 Ἰσραήλ.
2891 4421 3028 4494 [Φῶς
3095 4419 3228 4492 (63),
3298 4415 3338 4468 ὦ
3410 4427 3520 4490 φῶς
3598 4413 3801 4469 ἀληθινὸν

472 4521 528 4572 et
557 4533 637 4583 es,
669 4522 724 4572 et
751 4517 985 4581 diceris,
1019 4515 1093 4571 ad
1118 4514 1537 4572 revelationem
1579 4519 1858 4587 gentium,
1903 4521 1979 4576 ad
2013 4539 2120 4575 ma-

471 4603 911 4658 nifestationem
930 4603 1273 4669 affectuum,
1297 4604 1375 4659 ad
1403 4604 1867 4676 increpationem
1894 4608 2123 4663 daemo-

472 4707 618 4745 num
644 4707 655 4743 :
691 4697 749 4744 et
768 4692 1014 4761 gloriam
1039 4694 1246 4765 populi
1273 4695 1357 4750 tui
1388 4694 1638 4760 Israelis,
1663 4695 1800 4751 novi
1824 4697 2117 4754 videlicet:

546 4817 591 4850 ¹⁹
623 4816 736 4871 Isa.
771 4831 868 4884 vn,
902 4816 985 4870 14.

2232 4524 2320 4570 καὶ
2355 4521 2407 4569 ὃν
2436 4521 2526 4568 καὶ
2591 4514 2900 4585 καλούμενον
2969 4511 3104 4582 (04),
3147 4509 3213 4568 εἰς
3275 4508 3614 4576 ἀποκάλυψιν
3656 4504 3799 4562 ἐθνῶν,

2233 4609 2302 4670 εἰς
2343 4611 2624 4679 φανέρωσιν
2681 4611 2781 4654 τῶν
2836 4603 3035 4668 παθῶν,
3092 4599 3156 4655 εἰς
3200 4598 3422 4669 ἔὶεγχον
3475 4607 3575 4649 τῶν
3641 4592 3802 4664 δαιμο-

2230 4703 2347 4749 νίων
2398 4695 2531 4765 (65).
2575 4694 2678 4747 Καὶ
2731 4688 2888 4753 δόξαν
2936 4689 3063 4740 λαοῦ
3117 4706 3211 4739 σου
3275 4687 3518 4759 Ἰσραὴλ,
3587 4695 3674 4738 τοῦ
3717 4689 3803 4734 νέον

1695 4973 1920 5042 Varize
1943 4975 2269 5043 lectiones
2299 4981 2366 5041 et
2398 4983 2598 5038 notas.

676 5144 797 5214 Τοῖς
825 5144 916 5189 τοῦ
949 5143 1187 5214 σώματος
1217 5140 1516 5214 ὀφθαλμοῖς.
1545 5148 1602 5198 Β.

543 5208 656 5354 (ὅδὲ
688 5212 790 5284 Γὰρ
817 5217 903 5260 νῦν
934 5208 1034 5261 τὸν
1062 5208 1266 5285 Πατέροὶ
1302 5208 1422 5267 νόει.
1455 5219 1512 5266 B.

543 5284 632 5354 (59
665 5282 749 5354 ’ln
776 5281 1066 5354 margine,
1101 5298 1137 5337 a
1177 5299 1361 5339 manu
1392 5301 1512 5354 pra]

543 5281 1066 5356 (59)’ln'margine,
1101 5298 1137 5337 a
1177 5281 1361 5356 manu
1392 5301 1641 5356 prorsus
1670 5286 1912 5342 recenti.
1946 5288 2014 5343 A.

543 5351 653 5423 (60)
675 5351 917 5409 Codices
957 5351 1434 5431 nuncappellat,
1471 5355 1944 5431 fabulasaniles,
1977 5375 2126 5431 qua-

469 5422 605 5482 rum
633 5439 918 5498 magnam
949 5422 1388 5498 multitudinem
1414 5428 1470 5480 in
1497 5429 1976 5498 peregrinatione
1996 5422 2125 5487 ‘sua

395 5497 406 5508 '
471 5514 507 5554 a
533 5497 746 5552 vetulis
768 5494 994 5567 accepit
1017 5494 1252 5550 divinus
1279 5494 1579 5566 Origenes.

543 5571 659 5642 (6t)
683 5567 984 5625 Sententia
1013 5567 1248 5642 interim
1291 5567 1368 5623 ita
1416 5569 1677 5640 suppleri
1707 5576 1906 5642 potest
1946 5588 1959 5627 :
1993 5571 2126 5635 Ἕως

472 5637 532 5711 ᾖν
557 5637 706 5710 αύτῷ
738 5639 1129 5712 χρηματισθὲν.

2331 5147 2421 5203 62)
2459 5143 2601 5192 Διὸτι
2621 5135 2760 5191 εἶδον
2781 5143 2846 5190 Δ.

2331 5147 2421 5203 62)
2459 5145 2601 5192 Διότι
2621 5145 2760 5191 είδον
2781 5145 2846 5190 Δ.

2306 5145 2596 5284 ξ63)Ηωο
2632 5211 2691 5265 in
2732 5207 3001 5284 margine
3045 5206 3232 5284 habet_
3260 5208 3332 5262 A.
3384 5208 3589 5284 Codex
3628 5209 3680 5284 lt,
3718 5205 3805 5284 rha-

2234 5278 2335 5342 bet
2364 5278 2627 5351 inferius,
2659 5287 2796 5353 post
2822 5279 3185 5353 xarrinma-sv,_
3220 5278 3338 5353 hoc,
3382 5280 3594 5336 modo.
3624 5282 3801 5349 Ἑτέρως

2235 5355 2314 5424 δὲ,
2357 5364 2478 5429 φῶς,
2507 5376 2546 5406 ω
2577 5348 2680 5425 φῶς
2709 5351 2967 5410 ἀληθινόν.
3007 5353 3114 5405 Pro
3153 5348 3213 5417 ὦ,
3254 5352 3505 5409 exhibet
3542 5357 3589 5407 Α
3615 5355 3687 5415 ὡς,
3713 5348 3796 5420 pro

2235 5430 2288 5481 ὃν
2315 5434 2510 5483 autem
2553 5429 2640 5478 ὤν.
3028 5493 3037 5494 ί
3089 5493 3096 5494 ί
3673 5489 3711 5494 __
3757 5486 3767 5494 .

2308 5500 2420 5571 (64)
2462 5496 2772 5571 Καλούμενι.
2811 5495 2887 5571 _B.
2933 5493 3046 5571 Sed
3079 5493 3220 5571 boc,
3272 5493 3537 5551 relatum
3576 5494 3646 5550 ad
3663 5489 3787 5545 Chri-

2237 5563 2415 5634 stum,
2459 5563 2720 5640 postulat
2749 5565 2928 5640 etiam
2969 5563 3194 5623 exuam.

2308 5641 2422 5713 (65)
2460 5637 2744 5712 λαιμόνων.
2775 5637 2843 5692 Α.
