3922 6200
106 275 189 331 893
1048 267 1426 327 COMMENT.
1475 264 1546 323 IN
1591 262 1852 321 LUCAM.
1899 296 1966 306 —
2006 265 2165 321 CAP.
2205 267 2270 323 II.

3294 267 3401 327 894

109 394 305 454 δηλονότι
352 396 408 447 οὗ
460 396 564 467 (66)
619 392 751 458 δόξα
808 393 901 449 διὰ
959 403 1058 449 σοῦ
1103 398 1132 453 ἡ
1186 394 1474 454 ἀπόκτησις
1528 400 1627 442 τῶν

1819 406 1942 463 quo
1988 407 2096 464 per
2124 396 2178 448 te
2226 396 2314 448 est
2350 393 2673 451 destructio
2719 395 3039 464 malorum,
3083 411 3219 468 quae
3259 399 3398 452 sunt

104 488 218 557 παρὰ
241 487 378 555 φύσιν
404 492 581 551 κακῶν,
627 490 715 537 καὶ
743 494 926 545 κτῆσις
964 493 1063 537 τῶν
1092 488 1228 536 κατά
1256 486 1408 555 φύσιν
1441 479 1628 543 καλῶν,

104 582 175 626 καὶ
199 573 440 633 ἐπίκτησις
473 582 565 624 τῶν
608 574 735 647 ὑπὲρ
785 577 940 646 φύσιν
980 574 1208 645 ἀγαθῶν.
1258 571 1325 623 Ἦ
1376 573 1405 629 ἡ
1455 569 1629 645 ἀρετὴ,

103 668 173 716 καὶ
198 666 222 721 ἡ
249 671 438 735 γνῶσις,
465 667 549 715 καὶ
574 664 602 720 ἠ
634 662 863 737 θέωσις.]

160 759 250 813 Φῶς
300 751 348 803 ὃν
397 751 464 813 εἰς
516 750 791 823 ἀνάϐλεψιν
993 751 1166 818 ἐθνῶν,
1225 758 1326 804 τῶν
1382 748 1634 822 τετυφλω-

103 844 232 912 μένων
284 848 338 912 τῇ
388 839 570 913 πλάνῃ·
633 840 960 912 ἀποκάλυψιν
1011 845 1111 916 γὰρ
1158 840 1295 913 λέγει
1354 844 1447 898 τὴν
1510 838 1634 890 ἀνά-

105 927 260 998 ϐλεψιν·
306 928 369 989 εἰς
424 925 574 991 δόξαν
627 926 687 983 δὲ
748 931 861 1002 (67)
908 934 997 983 καὶ
1053 929 1279 985 εὔκλειαν
1340 928 1467 980 λαοῦ
1540 946 1635 979 σου

106 1023 177 1067 τοῦ
216 1016 587 1092 Ἰσραηλιτικοῦ.
645 1018 778 1082 Δόξα
831 1022 933 1094 γὰρ
982 1019 1156 1081 αὐτοῖς
1215 1021 1274 1070 τὸ
1330 1016 1636 1091 βλαστῆσαί

108 1124 152 1158 σε
184 1105 225 1167 ἐξ
254 1105 401 1158 αὐτῶν
439 1109 572 1159 κατά
617 1110 675 1160 τὸ
724 1107 1057 1182 ἀνθρώπινον.
1107 1114 1207 1162 Καὶ
1248 1111 1401 1169 ὅντως
1447 1109 1477 1165 ἡ
1537 1125 1636 1158 σω-

110 1197 249 1264 τήριος
306 1192 677 1268 ἑνανθρὼπησις
741 1197 902 1249 αὐτοῦ
963 1195 1179 1269 ἐφώτισε
1243 1200 1332 1269 μὲν
1393 1197 1459 1249 τὰ
1514 1196 1632 1253 ἔθνη

114 1285 317 1354 φωτισμὸν
357 1284 662 1354 θεογνωσίας
718 1290 807 1338 καὶ
862 1284 1066 1358 ἀρετῆς,
1126 1282 1345 1349 ἐδόξασε
1400 1282 1460 1337 δὲ
1512 1289 1635 1344 τοὺς

117 1366 353 1435 Ἰουδαίους,
409 1374 485 1424 ὅτι
543 1379 791 1446 συγγενὴς
859 1375 1026 1426 αὐτῶν
1106 1376 1347 1445 γενέσθαι
1423 1374 1636 1437 κατηξί-

108 1476 201 1510 ωσε.

159 1551 237 1599 Καὶ
276 1544 327 1605 ἦν
366 1580 432 1592 --
474 1555 595 1626 περὶ
647 1551 835 1609 αὐτοῦ.
878 1553 1225 1625 Ἐθαύμαζον,
1274 1553 1369 1605 οὐκ
1417 1555 1482 1613 ὡς
1518 1556 1633 1606 τότε

100 1635 189 1705 (68)
228 1643 402 1705 πρῶτον
442 1644 560 1712 περὶ
602 1640 761 1692 αὐτοῦ
810 1641 925 1711 (69)
982 1643 1343 1711 μανθάνοντες,
1389 1640 1497 1694 ἀλλ’
1544 1643 1630 1709 ὡς,

100 1720 156 1792 ἐφ’
198 1720 256 1784 οἷς
314 1730 795 1801 προμεμαθήκεσαν,
855 1732 931 1782 ἔτι
977 1727 1380 1806 παραδοξότερα
1440 1750 1629 1804 προσε-

98 1815 388 1886 νωτιζόμενοι.

152 1907 229 1953 Καὶ
277 1902 507 1975 εὐλόγησε
577 1938 648 1947 -
705 1907 938 1978 Ἰσραήλ.
991 1908 1081 1969 Εἰς
1134 1917 1331 1961 πτῶσιν
1532 1918 1632 1961 τῶν

96 1997 461 2063 προσπιπτόντων
533 2002 644 2056 τοῖς
718 1994 1207 2072 ἀνθρωποπρεπέσιν
1279 1998 1462 2065 αὑτοῦ,
1542 2002 1632 2050 καὶ

94 2084 325 2133 πιπτόντων
375 2083 442 2146 εἰς
500 2083 751 2138 ἀπιστίαν
802 2095 894 2147 τῆς
943 2088 1182 2148 θεότητος
1235 2087 1395 2140 αὐτοῦ
1428 2103 1441 2117 ⁸
1506 2085 1630 2140 ἀνά-

95 2186 239 2221 στασιν
284 2168 338 2223 δὲ
378 2181 473 2225 τῶν
504 2179 879 2247 προσεχόντων
926 2184 1032 2236 τοῖς
1067 2177 1397 2249 θεοπρεπέσιν
1446 2177 1625 2249 αὐτοῦ,

91 2262 157 2307 καὶ
198 2256 518 2333 ἀνισταμένων
581 2267 712 2336 πρὸς
762 2269 941 2317 πίστιν
998 2274 1093 2327 τῆς
1146 2267 1384 2328 θεότητος
1446 2266 1626 2322 αὐτοῦ.

92 2349 228 2397 Κεῑται
262 2344 334 2408 δι,
382 2354 445 2412 ὡς
480 2352 627 2412 λίθος
683 2352 1075 2426 ἀκρογωνιαῖος,
1119 2351 1346 2408 συνδέων
1396 2354 1467 2427 ἐφ’
1513 2358 1627 2408 ἑαυ-

89 2440 141 2501 τῷ
174 2440 274 2499 τοὺς
316 2436 406 2492 δύο
448 2440 628 2508 λαοὺς,
688 2447 775 2495 τόν
830 2463 883 2496 τε
921 2443 1140 2497 παλαιὸν
1187 2450 1273 2498 καὶ
1331 2449 1417 2497 τὸν
1482 2449 1616 2503 νέον.

86 2520 191 2576 Ἐπεὶ
230 2533 307 2580 καὶ
354 2525 444 2583 διὰ
497 2531 721 2584 Ἠσαίου
785 2539 1205 2607 προανεφώνησεν
1265 2537 1290 2587 ό
1345 2539 1488 2602 Θεὸς,
1547 2538 1629 2589 ὅτι

88 2608 385 2702 Ἰδούᾲτίθημι
420 2618 471 2672 ἐν
508 2626 642 2674 Σιὼν
684 2620 825 2674 λὶθον
865 2628 1270 2697 προσκόμματος
1311 2630 1401 2678 καὶ
1437 2630 1628 2702 πέτραν

90 2700 353 2760 σκανδάλου.

137 2789 275 2865 [(70)
324 2797 406 2859 Εἰς
442 2807 648 2851 πτῶσιν
698 2803 788 2872 μεν
822 2805 1035 2873 σαρκὸς,
1082 2806 1200 2862 ἤτοι
1233 2811 1329 2856 τοῦ
1376 2812 1629 2879 σαρκικοῦ

88 2889 356 2967 inﬁmitate;
409 2893 497 2941 καὶ
558 2891 740 2942 παθῶν
792 2896 882 2943 καὶ
933 2891 1196 2966 λογισμῶν
1247 2904 1483 2967 πονηρῶν
1539 2900 1629 2948 καὶ

88 2963 314 3042 δαιμόνων,
344 2982 429 3029 καὶ
477 2986 571 3030 τοῦ
614 2981 745 3031 κατὰ
796 2983 854 3032 τὸ
896 2984 1119 3055 γράμμα
1171 2987 1349 3056 νόμου³
1399 2983 1627 3038 ἀνάστα-

1742 483 1950 549 praeter
1982 486 2281 547 naturam,
2323 487 2377 536 et
2407 483 2707 553 possessio
2755 483 3075 549 bonorum,
3106 501 3238 555 qua:
3260 491 3400 541 sunt

1746 569 2077 623 secundum
2092 571 2775 644 naturam,etacquisitio
2788 572 3247 644 bonorum,quae
3262 579 3399 631 sunt

1745 671 1925 727 supra
1950 666 2248 715 naturam.
2278 659 2401 724 Vel,
2454 660 2641 716 virtus
2673 666 2729 716 et
2770 661 3027 730 cognitio
3057 661 3393 718 divinitatis.

1816 745 2040 801 Lumen
2067 766 2079 805 :
2107 747 2272 819 quod
2303 748 2584 818 gentibus
2616 766 2812 805 errore
2843 752 3014 806 caecis
3062 750 3252 805 visum
3273 766 3398 805 res-

1745 832 1931 890 tituat.
1989 834 2436 893 Revelationem
2470 839 2626 893 enim
2661 843 2848 904 vocat,
2892 838 3056 893 visus
3086 838 3400 895 restitutio-

1744 937 1907 978 nem.
1926 922 2011 977 Ad
2032 923 2278 993 gloriam
2300 925 2362 981 id
2384 925 2630 998 quidem
2653 931 2709 982 et
2724 925 2985 982 nominis
3006 926 3397 983 celebritatem

1745 1011 1946 1084 populi
1976 1012 2057 1067 tui
2088 1012 2408 1070 lsraelitici.
2436 1016 2577 1070 Nam
2608 1013 2799 1084 gloria
2828 1012 3065 1070 illorum
3099 1021 3204 1081 est,
3233 1016 3399 1086 quod

1745 1101 2072 1156 secundum
2108 1101 2549 1159 humanitatem
2575 1103 2651 1158 sis
2680 1103 2758 1158 ab
2801 1103 2884 1157 eis
2928 1104 3291 1175 progenitus.
3333 1106 3401 1159 Et

1746 1205 1878 1245 vere
1910 1189 2186 1246 salutaris
2204 1191 2558 1257 incarnatio,
2582 1197 2785 1263 gentes
2806 1191 3045 1264 quidem
3062 1191 3395 1263 illustravit,

1743 1276 2128 1335 illustratione
2159 1280 2377 1335 divinae
2408 1280 2765 1349 cognitionis
2792 1297 2861 1336 ac
2882 1279 3127 1346 virtutis;
3158 1279 3398 1336 Judeeos

1744 1382 1884 1422 vero
1914 1366 2281 1437 gloriﬁcavit,
2314 1370 2453 1440 quia
2474 1374 2768 1440 cognatus
2795 1385 3004 1425 eorum
3032 1368 3161 1424 ﬁeri
3191 1368 3398 1441 digna-

1742 1459 1959 1511 tusesL

1814 1543 1974 1600 Vers.
2005 1546 2091 1601 33.
2146 1547 2226 1601 Et
2255 1553 2422 1603 erant
2472 1577 2539 1587 --
2591 1547 2665 1603 de
2694 1547 2811 1602 illo.
2863 1546 3242 1614 Mirabantur,
3272 1562 3394 1602 non

1743 1633 1907 1704 quod
1936 1639 2148 1705 praeter
2176 1651 2264 1700 ea,
2295 1651 2431 1707 quae
2463 1635 2624 1707 prius
2675 1635 3025 1703 didicerant,
3054 1635 3254 1692 adhuc
3289 1635 3397 1691 mi-

1674 1740 1715 1793 Β
1743 1720 2018 1779 rabiliora
2051 1724 2481 1797 percipiebant.

1814 1935 1978 1991 Vers.
2012 1936 2098 1992 34.
2131 1938 2197 1991 Et
2247 1937 2534 1994 benedixit
2577 1969 2646 1979 —
2696 1938 2905 1994 Israel.
2935 1941 2998 1993 1n
3021 1953 3230 1994 casum
3278 1938 3392 2003 his,

1740 2023 1846 2097 qui
1878 2024 1958 2080 ad
1988 2040 2053 2081 ea
2085 2026 2418 2093 offendunt,
2436 2043 2570 2099 quae
2586 2024 2849 2083 hominis
2868 2030 3029 2093 sunt,
3053 2026 3157 2099 qui
3172 2027 3394 2083 cadunt

1740 2113 1802 2169 in
1821 2112 2289 2171 incredulitatem
2317 2114 2636 2172 divinitatis
2666 2116 2794 2187 ejus
2829 2132 2841 2173 :
2872 2117 3224 2172 erectionem
3253 2130 3393 2172 vero

1736 2202 1851 2269 his,
1880 2203 1986 2275 qui
2024 2203 2331 2261 adhaerent
2357 2203 2560 2270 rebus,
2618 2221 2753 2277 quae
2790 2204 2891 2261 Dei
2934 2209 3092 2260 sunt.
3123 2205 3278 2261 Situs
3306 2208 3396 2260 est

1737 2297 1959 2360 autem,
1986 2297 2183 2365 utpote
2211 2292 2364 2365 lapis
2392 2292 2716 2364 angularia,
2748 2294 3120 2364 conjungens
3142 2293 3216 2350 ad
3245 2292 3395 2366 seip-

1738 2398 1872 2438 sum
1916 2381 2073 2439 duos
2124 2382 2395 2456 populos,
2441 2388 2696 2439 veterem
2744 2399 2815 2439 ac
2865 2399 3114 2439 novum.
3163 2386 3311 2439 Nam
3339 2385 3396 2439 et

1736 2487 1842 2544 per
1858 2471 2072 2529 Isaiam
2086 2471 2359 2544 praedixit
2371 2474 2553 2529 Deus:
2572 2474 2725 2530 Ecce
2737 2489 2894 2543 pono
2903 2472 2967 2530 in
2980 2472 3123 2530 Sion
3137 2472 3392 2542 lapidem

1738 2561 2074 2630 oﬁ'emionis
2098 2568 2153 2620 et
2176 2567 2407 2632 petram
2438 2563 2788 2623 scandati."o

1809 2882 1853 2951 -ι-
1878 2880 1942 2936 In
1964 2895 2172 2936 casum
2196 2880 2441 2952 quidem
2468 2881 2687 2947 carnis,
2722 2879 2846 2935 sive
2864 2879 3122 2936 carnalis
3147 2881 3393 2951 pruden-

1737 2969 1833 3026 tiae
1863 2974 1918 3026 et
1947 2968 2348 3040 aﬁ‘ectionum,
2391 2986 2461 3025 ac
2506 2970 2934 3040 cogitationum
2989 2968 3286 3025 malarum
3338 2972 3395 3026 et

87 3074 147 3107 σιν
172 3056 221 3113 δὲ
251 3068 542 3138 πνεύματος,
591 3071 753 3139 ἤγουν
791 3078 1140 3142 πνευματικοῦ
1179 3077 1502 3147 φρονήματος
1538 3080 1627 3128 καὶ

1806 3073 2099 3125 amomum,
2140 3074 2209 3115 ac
2248 3058 2512 3115 litteralis
2541 3075 2556 3114 :
2589 3059 2955 3116 Erectionem
2981 3074 3121 3114 vero
3147 3057 3389 3129 spiritus

82 3157 263 3213 φυσικῶν
307 3148 569 3228 δυνάμεων
608 3162 698 3209 καὶ
747 3156 931 3232 ἀρετῆς
978 3164 1068 3212 καὶ
1112 3166 1345 3232 γνώσεως
1393 3167 1483 3214 καὶ
1534 3172 1625 3215 τοῦ

79 3239 181 3288 κατὰ
202 3242 253 3291 τό
280 3251 473 3315 πνεῦμα
500 3246 714 3318 νόμου.]

134 3330 213 3379 Καὶ
238 3360 299 3369 -
331 3330 739 3407 ἀντιλεγόμενον.
786 3340 889 3389 Καὶ
925 3336 996 3398 εἰς
1026 3339 1201 3411 θαῦμα
1242 3339 1624 3414 ἀντιλεγόμενον

79 3418 158 3475 τοῖς
190 3414 429 3493 ἀπίστοις,
470 3426 645 3475 εἷτουν
696 3423 993 3497 ἀντιλογίας
1033 3428 1395 3501 ὑφιστάμενον·
1451 3432 1627 3504 θαῦμα

78 3501 152 3573 γὰρ
198 3503 270 3572 ἦν,
322 3512 389 3571 ὡς
434 3517 564 3583 μήτε
612 3513 881 3588 ἄνθρωπος
935 3518 1109 3586 μόνον,
1167 3518 1254 3583 ῶν,
1310 3523 1443 3591 μήτε
1495 3524 1624 3581 Θεὸς

77 3592 207 3660 μόνον,
260 3594 379 3651 ἀλλὰ
437 3602 769 3673 θεάνθρωπος
807 3617 820 3630 ·
888 3599 974 3656 διὸ
1029 3609 1140 3673 καὶ,
1209 3608 1274 3667 ὡς
1334 3609 1625 3683 ὑπερφυοῦς

79 3680 197 3765 δντφς,
225 3682 557 3759 ἀντιλέγουσι,
592 3692 762 3744 πάντα
797 3695 933 3744 κατὰ
963 3696 1118 3765 φύσιν
1161 3694 1494 3765 ἐξετάζοντες,
1537 3703 1625 3751 καὶ

77 3764 205 3831 μηδέν
221 3773 451 3849 ὑπερφυὲς
471 3779 659 3831 ἐννοεῖν
685 3775 981 3853 δυνάμενοι.

124 4060 243 4119 Τινὲς
305 4057 361 4113 δὲ
405 4072 627 4135 σημεῖον
697 4062 1080 4141 ἀντιλεγόμενον
1153 4073 1247 4126 τὴν
1328 4072 1622 4146 σταύρωσιν

71 4138 257 4233 λέγουσι’
319 4160 529 4223 σημεῖον
590 4156 703 4226 μὲν,
762 4157 826 4215 ὡς
893 4138 1148 4230 συμϐολον
1221 4138 1618 4233 φιλανθρωπίας·

71 4224 144 4282 διὰ
187 4240 290 4298 τοὺς
334 4240 638 4316 ἀνθρώπους
679 4244 782 4316 γὰρ
842 4246 1030 4303 ταύτην
1079 4247 1360 4319 ὑπέμεινεν·
1430 4247 1622 4302 ἀντιλε-

69 4323 240 4389 γόμενον
268 4322 340 4396 τῖε,
363 4332 426 4389 ὠς
452 4326 846 4404 ὀνειδιζομένην
868 4334 967 4385 ὑπὸ
998 4343 1095 4386 τῶν
1124 4334 1380 4389 ἀπίστων.

125 4558 204 4608 Καὶ
265 4567 354 4612 σοῦ
425 4594 496 4602 -
576 4565 832 4638 ῥομφαία.
907 4564 1187 4639 Ῥομφαίαν
1263 4566 1324 4622 δὲ
1384 4571 1621 4644 ὠνόμασε

68 4646 138 4697 τὴν
167 4654 550 4713 τμητικωτάτην
580 4658 673 4705 καὶ
712 4653 878 4716 ὀξεῖαν
922 4653 1133 4722 ὀδύνην,
1168 4660 1285 4720 ἣτις
1314 4655 1499 4720 διῆλθε
1525 4670 1621 4721 τῆν

69 4730 247 4804 καρδίαν
272 4747 363 4802 τῆς
391 4747 743 4816 Θεομήτορος,
776 4744 859 4796 ὅτε
888 4746 913 4796 ό
952 4748 1074 4807 Υἲός
1111 4747 1273 4809 αὐτῆς
1301 4750 1617 4813 προσηλώθη

66 4828 121 4888 τῷ
162 4836 369 4901 σταυρῶ.
430 4835 563 4903 Περὶ
632 4834 827 4895 ταύτης
880 4837 979 4910 γὰρ
1042 4843 1136 4898 τῆς
1189 4834 1480 4910 ἀλγηδόνος
1532 4848 1619 4893 νῦν

66 4919 405 4982 προεφήτευσεν.

114 4997 265 5066 ὀπῶς
318 5038 387 5049 -
452 5004 819 5083 διαλογισμοί.
879 5018 992 5065 Τῶν
1069 5016 1480 5087 ὖποπτευόντων,
1540 5021 1619 5073 ὅτι

117 5124 279 5188 "Isa.
304 5148 425 5201 vm,
462 5138 529 5191 14
560 5151 802 5203 ;xxvm,
837 5138 948 5206 16;
994 5141 1164 5198 Rom.
1204 5159 1284 5199 ιι.
1316 5142 1405 5199 33.

1653 4434 1700 4489 D

1737 3149 1860 3203 sive
1904 3145 2221 3219 spiritualis
2263 3146 2588 3219 prudentiae
2615 3163 2685 3203 ac
2716 3146 3076 3204 naturalium
3104 3147 3389 3218 potentia-

1731 3252 1889 3301 rum,
1922 3235 2267 3307 virtutisque
2295 3241 2353 3292 et
2396 3236 2751 3307 cognitionis
2808 3252 2877 3292 ac
2914 3235 3060 3306 legis
3114 3236 3389 3308 spiritua-

1732 3326 1822 3382 lis.

1803 3416 1964 3471 Vers.
1996 3415 2085 3470 34.
2112 3415 2188 3471 Ει
2215 3445 2283 3455 -
2311 3413 2765 3471 contradicitur.
2819 3415 2887 3469 Et
2912 3414 2975 3470 in
3002 3413 3387 3482 miraculum,

1733 3505 1828 3560 cui
1855 3504 1934 3562 ab
1971 3503 2317 3561 inﬁdelibus
2345 3502 2783 3570 contradicitur,
2828 3504 2953 3559 sive
2970 3503 3388 3560 contradictio-

1732 3609 1872 3650 nem
1896 3594 2191 3650 sustinens
2218 3611 2232 3650 :
2253 3592 2615 3649 miraculum
2632 3591 2793 3649 enim
2810 3595 2954 3662 erat,
2971 3596 3176 3664 utpote
3193 3608 3389 3665 neque

1733 3687 1789 3739 et
1803 3683 1986 3740 homo
2002 3688 2255 3748 tantum,
2269 3697 2466 3755 neque
2479 3682 2632 3738 Deus
2645 3687 2897 3747 tantum,
2917 3681 3025 3738 sed
3040 3683 3195 3738 Deus
3211 3681 3390 3739 simul

1732 3775 1789 3826 et
1816 3771 2001 3827 homo
2030 3770 2211 3844 (quod
2248 3770 2446 3827 Graece
2473 3770 2649 3827 unico
2665 3770 2885 3826 dicitur
2921 3769 3214 3827 vocabulo
3248 3772 3387 3824 θεάν-

1733 3861 1960 3932 θρωπος)
1990 3859 2246 3932 ideoque
2270 3859 2448 3932 quasi
2462 3859 2548 3916 rei
2590 3875 2728 3932 quae
2753 3875 2936 3932 supra
2964 3863 3243 3915 naturam
3277 3867 3385 3929 est,

1730 3948 2198 4004 contradicuntii
2218 3948 2323 4021 qui
2344 3949 2547 4006 omnia
2559 3949 2893 4005 secundum
2912 3948 3384 4021 naturaminqui-

1729 4040 1998 4101 runt,nec
2010 4037 2300 4109 quidquid
2314 4037 2756 4110 supernaturale
2771 4036 3094 4107 intelligere
3111 4041 3381 4110 possunt.

1799 4125 2043 4194 Quidam
2073 4142 2235 4193 vero,
2270 4126 2530 4196 signum,
2561 4127 2656 4182 cui
2700 4126 3139 4190 contradicitur,
3180 4126 3387 4182 dicunt

1729 4213 2175 4271 cruciﬁxionem
2212 4232 2226 4281 ;
2274 4214 2514 4285 signum
2539 4214 2807 4286 quidem,
2836 4214 3013 4286 quasi
3042 4213 3385 4285 symbolum

1729 4303 1949 4359 amoris
1969 4318 2113 4373 erga
2144 4303 2442 4370 homines,
2468 4319 2612 4359 nam
2640 4301 2797 4357 hanc
2826 4306 3066 4373 propter
3090 4300 3380 4364 homines,

1729 4391 2005 4448 sustinuit
2044 4407 2056 4447 :
2085 4392 2223 4447 huic
2253 4406 2394 4447 vero
2447 4390 2525 4447 ab
2568 4389 2909 4446 inﬁdelibus
2938 4387 3381 4457 contradicitur,

1733 4486 1934 4555 utpote
1958 4481 2041 4536 rei
2067 4480 2399 4552 probrosee.

1799 4572 1961 4626 Vers.
1996 4571 2083 4627 35.
2112 4571 2179 4625 Et
2232 4575 2394 4625 tuam
2428 4599 2491 4608 —
2520 4567 2776 4639 gladius.
2805 4566 3079 4623 Gladium
3110 4566 3386 4626 nomina-

1728 4661 1832 4725 vit,
1856 4659 2122 4716 dolorem
2153 4657 2563 4715 acutissimum
2580 4656 2961 4728 maximeque
2992 4656 3380 4725 dividentem,

1729 4750 1835 4822 qui
1859 4748 2189 4822 penetravit
2216 4762 2319 4803 cor
2341 4745 2539 4803 Matris
2554 4746 2673 4811 Dei,
2693 4744 2842 4801 dum
2859 4744 3038 4801 Filius
3069 4747 3199 4820 ejus
3221 4747 3384 4804 cruci

1730 4837 1947 4896 afﬁxus
1975 4843 2080 4895 est.
2120 4838 2202 4895 De
2224 4836 2341 4894 hoc
2363 4835 2525 4892 enim
2553 4835 2816 4893 cruciatu
2834 4850 2996 4891 nunc
3028 4836 3383 4893 vaticinatus

1730 4935 1839 4987 est.

1799 5019 1962 5076 Vers.
1996 5022 2083 5076 35.
2111 5018 2190 5075 Et
2232 5048 2303 5060 —
2330 5015 2728 5089 cogitationes.
2792 5017 3011 5073 Eorum
3054 5015 3159 5089 qui
3196 5017 3384 5090 suspi-

1157 5321 1382 5391 Variaa
1421 5320 1749 5393 lectiones
1807 5334 2092 5393 etnotae.

113 5476 209 5607 (ϐὃξ
231 5482 356 5545 Δόξα
383 5499 510 5565 non
542 5488 820 5555 agnoscit
851 5488 1187 5549 Hentenius.

113 5546 184 5607 (67
228 5558 325 5605 Καί
342 5557 562 5607 omittit
585 5560 660 5607 A-

112 5546 204 5616 {67)
228 5558 325 5605 Καί
342 5556 562 5613 omittit
582 5546 660 5616 Ᾰ.

114 5612 209 5691 (68)
234 5630 440 5698 Πρῶτον
688 5635 750 5684 Α.

1823 5495 1913 5567 69)
1938 5494 2325 5567 ,Θαυμάζοντεᾳ
2359 5508 2469 5567 pro
2484 5495 2926 5567 μανθάνοντεςηΑ.

1823 5495 1890 5551 69
1944 5494 2325 5567 Θαυμάζοντες,
2359 5508 2469 5565 pro
2484 5495 2841 5566 μανθάνοντες.
2860 5497 2926 5548 Α.

1726 5494 2007 5696 113333.11
2055 5565 2207 5619 πάλιν
2265 5565 2357 5627 εἰς.
2392 5566 2457 5623 Β.
2497 5565 2685 5622 codex
2733 5566 2802 5633 A,
2846 5566 2976 5622 hmo
2998 5562 3061 5619 in
3106 5563 3378 5635 margine
