3922 6200
147 214 228 269 897
1176 197 1524 257 COMMENT
1563 195 1630 252 IN

1852 195 1937 249 .M.
1978 225 2046 236 --
2083 195 2240 252 CAP.
2283 195 2376 251 ΙΙΙ.

3305 202 3410 258 898

148 346 284 417 ἑορτῆς
314 351 400 395 τῶν
434 339 671 410 Ἀζυμων.
739 337 993 408 ’Υπέμεινε
1037 331 1097 386 δὲ
1150 338 1334 398 εἵτουν,
1380 331 1654 402 ὑπελείφθη

1852 335 1920 374 m.
1940 320 2477 384 Remansitautem,
2493 319 2615 376 sive
2628 321 2863 378 relictus
2877 325 3038 380 estin
3053 325 3408 394 Jerusalem,

145 436 183 486 ἐν
214 430 517 506 Ἰερουσαλήμ,
584 425 894 499 βουλόμενος
936 423 1196 496 συμμίξαι
1237 430 1345 484 τοῖς
1387 419 1658 474 διδασκά-

143 523 240 580 λοις.

202 613 280 661 Καὶ
305 607 384 659 οὐκ
419 637 481 646 -
523 604 694 658 αὐτοῦ.
746 604 890 656 Κατὰ
937 604 1073 654 θείαν
1121 601 1434 672 οἰκονομίαν,
1472 601 1554 650 ἶνα
1582 603 1652 670 μη

144 697 389 748 κωλύσωσιν
413 694 571 758 αὐτὸν,
617 695 681 753 ὡς
707 689 878 746 παῖδα
899 697 986 743 καὶ
1019 691 1378 765 ἀγράμματον.

199 895 460 962 κομίσαντες
490 920 552 930 —-
587 885 944 942 διδασκάλων.
984 892 1120 940 Μίαν
1159 889 1248 958 μεν
1297 889 1491 960 ἡμέραν
1529 884 1656 936 ἀνά-

146 980 294 1043 ὶωσαν,
321 981 391 1030 ὅτε
416 976 556 1036 ἦλθον
594 979 790 1050 ἡμέρας
817 973 961 1040 ὁδὸν,
1003 980 1092 1028 καὶ
1121 975 1396 1036 ἀνεζήτουν
1423 974 1578 1026 αὐτὸν
1609 973 1656 1026 ἐν

148 1077 230 1129 τοῖς
251 1071 483 1138 συγγενέσι
523 1071 610 1119 καὶ
640 1064 686 1118 ἐν
724 1073 835 1126 τοῖς
883 1072 1128 1136 γνωστοῖς
1171 1083 1182 1094 ·
1218 1064 1388 1135 ἑτέραν
1443 1061 1518 1133 δὲ,
1550 1065 1654 1129 ὅτε,

152 1162 203 1226 μὴ
229 1158 412 1230 εὑρόντες
464 1155 629 1224 αὐτὸν,
666 1155 994 1230 ὑπέστρεψαν
1040 1154 1111 1216 εἰς
1157 1153 1515 1228 Ἰερουσαλὴμ,
1570 1156 1657 1214 ζη-

154 1253 303 1306 τοῦντες
325 1244 454 1296 αὐτόν
494 1261 506 1272 ·
531 1247 662 1296 κατὰ
691 1248 784 1301 τὴν
807 1248 986 1317 τρίτην
1018 1239 1077 1295 δε
1113 1242 1290 1294 λοιπὸν
1309 1242 1451 1313 εὖρον
1479 1241 1652 1294 αὐτόν.

155 1335 220 1384 Ἐν
237 1341 291 1402 τῷ
312 1335 404 1404 ἱερῷ
433 1329 488 1384 δὲ
524 1332 818 1406 εὑρίσκεται
843 1334 870 1382 ὁ
901 1335 1148 1406 Χριστὸς,
1182 1335 1341 1402 ἤγουν
1373 1328 1420 1381 ἐν
1441 1339 1510 1400 τῷ
1543 1331 1658 1404 ἱερῷ

153 1425 271 1491 τόπῳ,
297 1426 364 1471 καὶ
394 1420 437 1472 ἐν
462 1429 529 1491 τῷ
561 1420 680 1495 ἱερώ
710 1423 1000 1494 πράγματι,
1033 1426 1121 1472 καὶ
1148 1419 1195 1472 ἐν
1226 1428 1296 1490 τῷ
1321 1422 1437 1494 ἱερῷ
1466 1418 1656 1493 ἀνθρώο

147 1530 219 1561 πω.

197 1597 429 1649 Ἀκούοντα
484 1630 548 1638 -
606 1598 810 1659 αὐτούς.
856 1600 1135 1650 Ἀκούοντα
1185 1603 1274 1650 καὶ
1329 1597 1660 1672 ἐπερωτῶντα

1763 406 1972 462 volens
1999 409 2371 464 commisceri
2399 409 2759 466 doctoribus.

1839 619 1998 674 Vers.
2041 623 2129 675 43.
2162 621 2239 675 Et
2269 637 2387 678 non
2418 652 2487 661 —
2517 624 2662 692 ejus.
2694 624 2869 679 Juxta
2910 624 3177 681 divinam
3220 629 3413 684 Provi-

1766 707 2031 764 dentiam
2046 708 2161 764 hoc
2190 710 2413 765 factum
2435 717 2542 774 est,
2565 727 2640 766 ne
2661 713 3212 783 prohiberenteum,
3238 717 3414 788 quasi

1766 813 2021 868 puerum
2047 803 2103 854 et
2126 799 2249 853 sine
2279 796 2506 854 litteris.

1840 887 2001 942 Vers.
2032 889 2119 940 44.
2167 887 2580 943 Existimantes
2631 919 2698 928 —
2747 890 2907 944 Vers.
2952 893 3039 946 46.
3089 893 3413 951 doctorum.

1768 976 1962 1030 Unum
1989 974 2233 1047 quidem
2257 975 2413 1030 diem
2437 983 2957 1047 consumpserunt,
2987 983 3228 1050 quando
3248 999 3416 1039 vene-

1766 1068 1904 1119 runt
1927 1063 2134 1118 itinere
2145 1063 2277 1129 diei,
2296 1068 2355 1118 et
2375 1064 2762 1132 requirebant
2779 1065 2943 1120 illum
2962 1067 3112 1123 inter
3132 1076 3418 1141 cognatos

1767 1156 1825 1206 et
1853 1158 2028 1207 notos
2061 1167 2074 1217 ;
2109 1152 2352 1207 alterum
2377 1152 2623 1224 quando
2669 1169 2787 1208 non
2818 1155 3060 1211 invento
3091 1171 3161 1212 eo
3200 1159 3419 1214 reversi

1767 1241 1978 1296 suntin
2003 1240 2325 1296 Jerusalem
2345 1247 2678 1313 quaerentes
2705 1242 2870 1298 illum
2893 1259 2906 1308 ;
2940 1243 3164 1300 circiter
3186 1247 3420 1304 tertium

1767 1346 1904 1384 vero
1945 1331 2184 1385 tandem
2223 1331 2785 1388 invenerantillum.

1843 1421 1902 1473 In
1951 1419 2176 1490 templo
2231 1419 2527 1475 invenitur
2580 1419 2866 1486 Christus,
2966 1423 3091 1478 sive
3147 1424 3206 1480 in
3253 1441 3419 1482 sacro

1768 1506 1894 1562 loco
1940 1513 1998 1562 et
2040 1508 2101 1562 in
2151 1523 2322 1563 sacro
2366 1508 2627 1577 negotio,
2695 1525 2766 1565 ac
2817 1510 2879 1565 in
2930 1527 3100 1566 sacro
3153 1513 3418 1570 homine.

1841 1597 2000 1651 Vers.
2030 1599 2117 1652 46.
2151 1597 2498 1653 Audientem
2528 1629 2597 1638 —-
2635 1613 2751 1654 eos.
2777 1599 3130 1656 Audientem
3157 1609 3214 1656 et
3251 1601 3422 1659 inter-

141 1692 229 1758 περὶ
259 1696 341 1738 τῶν
379 1693 622 1760 νομίμων,
678 1690 760 1740 ἵνα
803 1687 858 1739 ἐκ
908 1692 1142 1748 νεότητος
1171 1689 1200 1746 ἡ
1242 1690 1450 1748 σύνεσις
1500 1687 1659 1739 αὐτοῦ

1852 1689 2081 1754 gantem
2113 1685 2187 1741 de
2227 1685 2542 1756 legalibus,
2605 1691 2666 1743 ut
2708 1702 2744 1743 a
2796 1702 2981 1758 puero
3035 1689 3423 1760 intelligentia

138 1777 368 1847 γνῶρισϐῇ.
409 1775 711 1849 Φοϐηθῶμεν
749 1773 837 1828 οὖν
877 1778 925 1829 οὶ
952 1772 1290 1844 διδάσκαλοι,
1320 1782 1662 1847 γινώσκοντες

135 1862 254 1914 ὄτιέν
293 1869 418 1936 μέσῳ
466 1868 610 1938 ἡμῶν
638 1864 778 1918 ἐστιν
831 1867 856 1917 ὁ
907 1869 1155 1940 Χριστὸς,
1205 1869 1503 1940 προσέχων,
1554 1875 1660 1928 πῶς

137 1948 418 2024 διδάσκομεν.

188 2042 441 2103 Ἐξίσταντο
479 2076 534 2085 -
574 2045 758 2098 αὐτοῦ.
791 2042 937 2098 Ἔδει
984 2046 1085 2116 γὰρ
1116 2052 1268 2096 τοῦτο
1288 2046 1549 2116 γενέσθαι,
1584 2047 1665 2096 ἵνα

133 2130 300 2206 ὔστερον
328 2130 590 2187 διδάσκων
615 2132 999 2210 εὐπαράδεκτος
1020 2135 1198 2196 αὐτοῖς
1228 2139 1327 2193 εἴη.

187 2227 266 2272 Καὶ
293 2218 467 2284 ἰδόντες
491 2225 645 2276 αὐτὸν
691 2224 1068 2296 ἐξεπλάγησαν.
1114 2224 1172 2276 Ὀ
1198 2224 1392 2297 Ἰωσὴφ
1425 2223 1666 2284 δηλονότι

131 2313 196 2360 καὶ
220 2312 243 2366 ἡ
280 2318 446 2385 Μήτηρ
478 2314 661 2366 αὐτοῦ.
688 2314 1075 2384 ἘξεπΑάγησαν
1108 2309 1167 2366 δὲ
1192 2314 1251 2365 οὐ
1276 2319 1428 2385 μόνον
1451 2312 1544 2367 δια
1572 2321 1666 2373 τὴν

133 2400 294 2450 σύνεσιν
321 2406 399 2452 καὶ
426 2402 513 2464 τὰς
544 2403 851 2476 ἀποκρίσεις
905 2403 1086 2471 αὐτοῦ,
1138 2402 1266 2456 ἀλλὰ
1307 2410 1397 2456 καὶ
1443 2401 1537 2457 διὰ
1572 2410 1666 2463 τὴν

128 2485 296 2557 τολμαν.

185 2581 264 2628 Καὶ
308 2584 421 2650 πρὸς
470 2611 536 2620 —
582 2600 660 2635 σε.
715 2585 917 2654 Πατέρα
956 2581 1113 2632 αὐτοῦ
1159 2584 1242 2634 τὸν
1299 2581 1490 2654 Ἰωσὴφ
1547 2584 1670 2636 ὠνό-

127 2683 270 2731 μασεν,
320 2671 384 2730 ὡς
428 2678 714 2743 μνηστῆρα
744 2670 946 2734 ἑαυτῆς,
1002 2676 1090 2722 καὶ
1140 2673 1209 2731 ὡς
1251 2675 1437 2744 τροφὸν
1485 2672 1664 2724 αὐτοῦ.

127 2749 422 2827 Ὀὂννώμενοι
471 2755 530 2811 δὲ
563 2758 786 2818 ἐζήτουν
816 2759 990 2827 αὑτὸν,
1046 2756 1138 2811 διὰ
1179 2764 1273 2814 τὴν
1311 2765 1520 2831 σχέσιν.
1571 2766 1670 2813 Καὶ

127 2843 237 2902 εῖτις
262 2840 314 2897 δὲ
339 2845 389 2898 ἐκ
426 2851 594 2902 πόθου
630 2845 951 2920 ὀδυνώμενος
981 2849 1204 2909 ζητήσει
1257 2848 1433 2917 αὐτόν’
1467 2850 1670 2923 “gloria”

126 2947 200 2980 αντ
204 2952 247 2982 ον
254 2973 264 2984 .

1771 1775 1899 1845 ejus
1916 1775 2154 1843 cognita
2171 1774 2338 1830 foret.
2363 1777 2700 1831 Timeamus
2722 1792 2885 1848 ergo,
2909 1777 3422 1852 quiprmceptores

1773 1880 2006 1932 sumus,
2033 1863 2316 1935 quoniam
2347 1863 2407 1918 in
2465 1864 2664 1920 medio
2695 1870 2964 1921 nostrum
2995 1872 3082 1923 est
3135 1870 3420 1936 Christus,

1773 1951 2106 2021 attendens,
2134 1968 2255 2024 quo
2281 1955 2456 2024 pacto
2487 1952 2831 2009 doceamus.

1847 2042 2005 2095 Vers.
2037 2040 2128 2096 47.
2155 2041 2481 2110 Stupebant
2516 2072 2578 2081 —
2607 2043 2753 2110 ejus.
2777 2044 3098 2113 Oportebat
3124 2046 3283 2102 enim
3308 2047 3424 2104 hoc

1776 2128 1992 2195 tieri,ut
2009 2145 2144 2184 cum
2163 2135 2369 2200 postea
2382 2128 2813 2196 doceret,facile
2826 2133 2903 2187 ab
2917 2132 3027 2188 illis
3042 2135 3420 2207 reciperetur.

1848 2218 2008 2273 Vers.
2023 2219 2111 2272 48.
2135 2218 2214 2272 Et
2236 2217 2355 2273 viso
2369 2233 2432 2273 eo
2445 2219 2896 2286 obstupuerunt.
2919 2223 3136 2293 Joseph
3154 2224 3428 2281 videlicet

1775 2311 1832 2363 et
1861 2307 2044 2362 Mater
2081 2306 2232 2376 ejus.
2262 2305 2710 2379 Obstupuerunt
2756 2311 2978 2376 autem,
3025 2327 3146 2366 non
3186 2319 3429 2384 propter

1778 2396 2223 2464 intelligentiam
2272 2400 2505 2452 tantum
2549 2401 2606 2452 et
2652 2413 2940 2469 responsa
2988 2399 3162 2465 illius,
3219 2418 3426 2458 verum

1777 2485 1956 2540 etiam
1989 2489 2228 2555 prOpter
2252 2485 2592 2540 audaciam.

1853 2573 2018 2628 Vers.
2047 2573 2137 2630 48.
2169 2574 2244 2628 Et
2261 2575 2342 2631 ad
2376 2573 2572 2630 illlam
2601 2605 2671 2616 —
2697 2582 2770 2632 te.
2804 2576 3298 2650 Patrem,.loseph
3327 2595 3425 2635 no.

1781 2661 2028 2718 minavit
2051 2703 2065 2728 ,
2097 2667 2296 2734 utpote
2319 2679 2606 2734 sponsum
2632 2682 2826 2730 suum,
2848 2671 2906 2720 et
2925 2666 3080 2721 illius
3098 2668 3427 2724 nutritium.

1781 2752 2054 2807 Dolentes
2081 2757 2279 2806 autem
2319 2752 2666 2824 quierebant
2696 2753 2887 2819 illum,
2921 2760 3162 2826 propter
3186 2755 3428 2826 longam

1783 2857 2009 2896 moram
2039 2846 2094 2896 et
2121 2840 2506 2895 desiderium.
2540 2841 2595 2897 Si
2634 2843 2769 2913 quis
2799 2858 2940 2913 ergo
2971 2859 3091 2915 prae
3134 2843 3430 2900 desiderio

1781 2928 1994 2985 dolens
2021 2934 2252 3000 quaerat
2282 2945 2421 2984 eum
2460 2929 2718 2984 inveniet
2743 2929 2932 2986 illum.

179 3026 260 3073 Καὶ
286 3021 384 3078 εἷπε
411 3058 478 3067 -
521 3046 590 3100 με
642 3043 655 3092 ;
687 3026 769 3087 Ὠς
795 3026 1118 3100 πλανώμενον
1158 3023 1391 3086 δηλαδή.
1444 3032 1570 3089 Θεὸς
1612 3029 1668 3081 οὐ

1853 3017 2014 3073 Vers.
2047 3020 2136 3072 49.
2171 3018 2246 3072 Ει
2275 3018 2423 3073 dixit
2463 3049 2531 3057 —
2561 3023 2698 3074 me?
2730 3021 2909 3084 Quasi
2949 3026 3247 3078 errantem
3277 3021 3435 3078 vide-

124 3107 348 3168 πλανᾶται.

177 3200 267 3251 Οὐκ
302 3199 468 3274 ᾔδειτε
497 3237 569 3245 -
620 3225 685 3277 με
726 3222 738 3271 ;
773 3205 854 3258 Ἐν
891 3213 963 3266 τῷ
995 3209 1119 3277 οῖκῳ
1158 3213 1250 3257 τοῦ
1307 3211 1509 3280 Πατρός
1546 3227 1668 3279 μου,

283 3288 337 3344 δὲ
364 3295 478 3366 περί
507 3301 605 3346 τοῦ
634 3297 790 3368 ἱεροῦ,
824 3295 850 3346 ὃ
876 3304 946 3365 τῷ
977 3303 1090 3364 Θεῷ
1129 3299 1216 3346 καὶ
1261 3301 1426 3367 Πατρὶ
1456 3296 1614 3348 αὐτοῦ
1645 3298 1670 3348 ὁ

121 3375 310 3448 Σολομῶν
352 3379 714 3456 ᾠκοδόμησεν.
770 3383 903 3436 Ἀλλ’
934 3385 962 3442 ἡ
997 3387 1086 3454 μὲν
1116 3389 1306 3456 Μήτηρ
1339 3385 1518 3452 αὑτοῦ,
1552 3391 1670 3459 περὶ

117 3473 185 3514 τοῦ
209 3469 330 3522 θέσει
356 3477 552 3545 Πατρός
587 3472 750 3524 αὐτοῦ
775 3470 928 3524 εἶπεν·
959 3471 1117 3534 αὐτὸς
1143 3469 1202 3525 δὲ
1230 3475 1393 3546 ταύτῃ
1419 3478 1506 3526 τὸν
1521 3477 1674 3546 φύσει

121 3557 288 3628 Πατέρα
310 3561 463 3614 αὐτοῦ
495 3561 749 3634 ἐγνώρισε
764 3603 778 3617 .

175 3757 258 3804 Καὶ
282 3755 425 3808 αὐτοὶ
456 3788 526 3798 -ι
562 3755 759 3816 αὐτοῖς.
789 3759 858 3808 Τὸ
884 3761 997 3829 περὶ
1030 3763 1124 3808 τοῦ
1157 3759 1313 3830 ἳεροῦ.

174 3845 256 3893 Καὶ
281 3844 464 3904 κατέϐη
527 3877 602 3886 -
644 3845 836 3905 αὐτοῖς.
876 3841 1143 3897 Παιδεύων
1191 3848 1574 3900 ὑποτάττεσθαι
1600 3852 1670 3921 μὴ

119 3929 238 3988 μόνον
260 3935 360 3994 τοὶς
388 3938 542 4006 φύσει
573 3942 836 4004 γονεῦσιν,
872 3933 998 3985 ἀλλὰ
1019 3939 1109 3986 καὶ
1138 3942 1248 3996 τοῖς
1279 3938 1438 3987 θέσει.

175 4111 258 4160 Καὶ
285 4112 312 4166 ἠ
357 4116 534 4186 μήτηρ
568 4144 639 4152 --
689 4111 870 4173 αὐτῆς.
913 4115 989 4165 Τὰ
1018 4118 1136 4185 περὶ
1189 4121 1279 4165 τοῦ
1304 4115 1460 4186 ἱεροῦ,
1494 4119 1583 4166 καὶ
1613 4117 1678 4166 τὰ

116 4203 313 4267 τοιαῦτα,
338 4202 404 4263 ὡς
431 4203 655 4276 ῥήματα
683 4201 788 4272 οὐχ
826 4201 1000 4264 ἁπλῶς
1029 4198 1238 4268 παιδὸς,
1290 4201 1416 4254 ἀλλά
1445 4207 1534 4256 καὶ
1555 4211 1678 4256 Υιοῡ

116 4299 188 4332 τον
215 4294 355 4342 Θεοῦ.
383 4296 623 4365 Διετὴρει
670 4287 729 4342 δε
759 4298 924 4342 ταὺτα
947 4289 1265 4352 ἔξετάζονσα
1311 4293 1428 4344 καθ’
1469 4292 1676 4359 ἑαυτὴν,
1716 4325 1759 4378 D

118 4370 172 4431 ὡς
194 4379 255 4444 μὴ
284 4376 451 4440 ἁπλῶς
482 4381 751 4454 εἰρημένα.

174 4467 260 4515 Καὶ
287 4466 492 4530 Ἰησοῦς
523 4498 598 4509 -
620 4466 930 4541 ἀνθρώποις.
962 4467 1051 4529 Ὠς
1065 4465 1280 4521 παιδίον
1318 4472 1457 4542 νόμῳ
1485 4472 1680 4542 φύσεως

119 4543 406 4620 ἀτιθρωπίνης
425 4562 744 4630 προέκοπτεν
771 4557 843 4618 εἰς
872 4565 1038 4609 ταῦτα
1065 4562 1201 4610 κατὰ
1238 4562 1441 4632 μικρὸν·
1486 4561 1554 4621 ὡς
1578 4562 1679 4634 γὰρ

116 4643 220 4701 θεὸς
241 4645 525 4707 παντέλειος
553 4643 616 4705 ἦν
629 4690 642 4702 .

1780 3105 1914 3162 licet
1949 3121 1960 3159 :
2009 3109 2157 3160 Deus
2187 3105 2346 3160 enim
2373 3122 2495 3161 non
2524 3112 2696 3162 errat.

1854 3197 2010 3250 Vers.
2060 3195 2148 3249 49.
2182 3195 2540 3252 Nesciebatis
2570 3212 2749 3253 —me
2772 3197 2799 3251 ?
2832 3197 2887 3252 ld
2919 3203 3024 3266 est,
3053 3199 3110 3254 in
3142 3199 3436 3256 domoPa-

1781 3284 1885 3339 tris
1935 3283 2071 3339 mei.
2132 3283 2370 3338 Dicebat
2407 3289 2606 3338 autem
2658 3285 2733 3340 de
2786 3287 3026 3359 templo,
3094 3288 3258 3358 quod
3318 3291 3434 3344 Deo

1784 3372 2051 3444 Patrique
2083 3388 2194 3427 suo
2225 3389 2261 3428 a
2289 3371 2608 3428 Salomone
2639 3373 2998 3430 aediﬁcatum
3040 3383 3184 3432 erat.
3223 3378 3436 3432 Verum

1783 3465 1959 3518 Mater
1990 3461 2115 3532 ejus
2148 3461 2216 3516 de
2254 3460 2540 3532 adoptivo
2585 3468 2750 3532 patre
2796 3463 2992 3520 locuta
3048 3464 3278 3531 fuerat;
3309 3465 3438 3536 ipse

1783 3561 1984 3607 autem
2012 3566 2172 3616 eum,
2200 3550 2304 3622 qui
2351 3554 2565 3606 natura
2607 3551 2717 3607 sibi
2752 3553 2920 3608 Pater
2966 3558 3110 3618 erat,
3163 3554 3440 3610 manifes-

1782 3639 1969 3714 tabat.

1857 3729 2016 3784 Vers.
2062 3729 2132 3784 50
2184 3728 2260 3783 Et
2301 3727 2410 3799 ipsi
2439 3758 2502 3768 —
2535 3728 2658 3784 illis
2689 3728 2862 3794 Quod
2905 3734 3032 3786 erat
3080 3730 3155 3787 de
3195 3731 3436 3804 templo.

1854 3818 2016 3874 Vers.
2053 3818 2231 3872 5t.Et
2279 3817 2666 3874 descendit—
2717 3818 2858 3874 illis.
2909 3821 3158 3885 Docens,
3193 3827 3256 3877 ut
3305 3821 3439 3876 sub-

1785 3907 1892 3962 diti
1909 3907 2115 3971 simus,
2150 3922 2271 3961 non
2303 3907 2496 3962 solum
2529 3907 2902 3963 naturalibus
2947 3910 3310 3980 parentibus,
3347 3926 3442 3966 ve-

1785 4012 1920 4051 rum
1951 3997 2132 4050 etiam
2158 3995 2478 4066 adoptivis.

1859 4087 2014 4139 Vers.
2051 4089 2136 4138 51.
2173 4085 2249 4139 Et
2272 4091 2460 4140 mater
2485 4115 2542 4124 -—
2569 4100 2689 4139 suo.
2720 4087 2856 4150 Qua
2875 4087 2948 4142 de
2974 4087 3188 4160 templo
3219 4088 3445 4143 dixerat

1789 4189 1858 4230 ac
1889 4171 2124 4238 similia,
2159 4177 2452 4244 tanquam
2499 4172 2679 4228 verba
2707 4189 2828 4228 non
2870 4175 3216 4246 simpliciter
3250 4175 3438 4246 pueri,

1789 4262 1894 4318 sed
1916 4260 2095 4318 etiam
2126 4260 2229 4316 ﬁlii
2264 4263 2383 4316 Dei.
2421 4260 2831 4318 Conservabat
2861 4268 3060 4318 autem
3093 4264 3445 4318 examinans

1791 4351 1956 4424 apud
1985 4365 2135 4415 sese,
2165 4355 2366 4422 utpote
2398 4366 2528 4421 quae
2561 4365 2682 4406 non
2714 4350 3034 4420 vulgariter
3063 4351 3226 4407 dicta
3254 4356 3442 4407 erant.

1862 4440 2024 4497 Vers.
2085 4443 2171 4495 52.
2205 4441 2282 4494 Et
2338 4439 2504 4495 Jesus
2530 4470 2596 4480 —-
2629 4439 2902 4496 homines.
2935 4442 3244 4512 Tanquam
3297 4455 3448 4512 puer

1791 4529 1920 4599 lege
1940 4529 2218 4584 humanae
2248 4533 2475 4584 naturae
2501 4527 2791 4601 paulatim
2823 4529 2900 4584 ad
2924 4528 3050 4584 haec
3074 4527 3443 4601 proﬁciebat.

1791 4619 1942 4686 Nam
1975 4623 2037 4674 ut
2065 4621 2217 4674 Deus
2246 4617 2496 4674 omnino
2526 4617 2820 4690 perfectus
2841 4623 2984 4674 erat.

1864 4709 1907 4778 -ὶ-
1941 4709 2178 4778 Gregor.
2209 4707 2488 4780 Theolog.
2521 4706 2891 4774 Proﬁciebat,
2922 4707 3136 4780 inquit,
3170 4711 3232 4764 ut
3257 4711 3446 4775 aetate,

1795 4797 1877 4853 ita
1897 4803 1954 4853 et
1996 4797 2287 4870 sapientia
2307 4801 2363 4854 et
2387 4797 2592 4866 gratia.
2621 4799 2748 4853 Non
2776 4797 2902 4853 haec
2932 4797 3189 4869 accipere
3219 4803 3452 4871 oportet

1796 4902 1903 4958 per
1949 4891 2365 4957 augmentum.
2417 4885 2572 4952 Quid
2621 4885 2832 4941 enim?
2857 4890 3008 4943 Num
3039 4886 3141 4958 qui
3173 4887 3251 4943 ab
3281 4886 3450 4943 initio

1797 4975 2094 5047 perfectus
2143 4980 2287 5045 erat,
2321 4975 2635 5048 perfectior
2681 4975 2808 5030 ﬁeri
2834 4981 3064 5047 poterat
3090 4977 3118 5032 ?
3140 4975 3257 5033 Sed
3286 4976 3450 5049 quod

1798 5066 1925 5122 haec
1965 5065 2253 5138 paulatim
2294 5064 2618 5121 denudaret
2647 5081 2717 5121 ac
2742 5065 3199 5122 demonstraret.

1874 5174 2030 5230 CAP.
2066 5175 2114 5227 V
2135 5204 2223 5226 .—-
2245 5175 2321 5230 De
2334 5173 2528 5244 verbo,
2551 5173 2709 5244 quod
2720 5173 2946 5242 factum
2972 5174 3147 5230 estad
3155 5174 3450 5230 Joannem.

175 4725 471 4807 [Γρηγορίου
504 4736 622 4807 (73)
640 4742 733 4788 τοῦ
764 4734 1040 4806 Θεολόγου.
1053 4739 1434 4809 Προέκοπτε,φη
1445 4742 1526 4790 σὶν
1545 4739 1681 4810 (74),

116 4816 261 4894 ὥσπερ
296 4821 494 4896 ἡλικία,
558 4823 695 4875 οὕτω
752 4829 840 4876 καὶ
898 4831 1056 4897 σοφίᾳ
1107 4831 1194 4877 καὶ
1247 4829 1455 4900 χάριτι.
1512 4826 1587 4879 Οὐ
1615 4836 1684 4898 τῷ

115 4919 254 4959 ταντα
279 4909 558 4983 λαμϐάνειν
589 4912 812 4974 αὔξησιν
864 4933 876 4944 ·
912 4919 962 4965 τί
999 4917 1096 4985 γὰρ
1146 4922 1238 4966 τοῦ
1271 4913 1362 4965 ἀπ’
1389 4914 1566 4990 ἀρχῆς
1603 4935 1687 4967 τε-

115 4989 228 5048 λείου
255 5002 436 5070 γένοιτ’
463 5001 528 5054 ἆν
570 5001 867 5076 τελεώτερον
902 5020 915 5070 ;
945 5001 1072 5054 ἀλλὰ
1089 5011 1161 5074 τῷ
1190 5006 1326 5055 κατὰ
1353 5007 1540 5076 μικρὸν
1564 5013 1686 5056 ταῦ-

115 5099 164 5132 τα
180 5094 646 5162 παραγυμνουσθαι
670 5097 760 5145 καὶ
788 5094 1248 5166 παραφαίνεσθαι.
1278 5090 1301 5165 ]

209 5180 342 5232 ΚΕΦ.
367 5180 442 5234 Ε’.
482 5186 616 5256 Περὶ
639 5188 731 5233 τοῦ
759 5186 1026 5253 γενομένου
1055 5182 1285 5256 ῥήματος
1317 5184 1442 5255 πρὸς
1473 5181 1580 5235 Ἰω-

798 5289 953 5328 αννην
962 5309 974 5321 .

165 5352 241 5406 Ἐν
313 5359 412 5410 ἔτει
476 5389 551 5399 -
609 5362 894 5432 Καίσαρος.
969 5361 1111 5413 Μετὰ
1167 5361 1252 5411 τὸν
1313 5359 1667 5433 προρρηθέντα

1875 5362 2026 5416 CAP.
2053 5361 2144 5416 Ill.
2163 5359 2326 5416 Vers.
2347 5360 2397 5416 1.
2415 5361 2583 5416 Anno
2597 5389 2668 5404 -—
2689 5360 2941 5419 Caesaris
2953 5361 3091 5417 Post
3110 5358 3453 5431 praedictum

1295 5448 1516 5516 Variae
1555 5449 1882 5518 lectiones
1913 5458 1976 5516 et
2006 5459 2207 5516 notae.

168 5560 273 5633 (73)
312 5565 356 5616 Α
386 5563 450 5620 in
483 5563 758 5635 margine
783 5564 826 5619 Β
865 5562 925 5618 in
958 5567 1140 5619 textu.
1875 5565 1988 5636 (74)
2010 5565 2250 5636 Gregor.
2275 5566 2545 5625 Nazianz.
2577 5583 2717 5639 pag.
2749 5570 2818 5624 86
2844 5567 2945 5622 ﬁn.
