3922 6200
123 200 197 259 901
1140 191 1505 252 COMMENT.
1546 186 1623 249 IN
1664 190 1920 250 LUCAM.
1960 224 2029 236 -—
2067 192 2228 251 CAP.
2261 190 2357 251 Ill.

3290 190 3397 253 902

118 332 200 387 τοῖς
232 325 399 393 ἑκάστῳ
436 318 835 391 πλημμεληθείσι
886 320 1253 388 συναίσθησις,
1286 322 1440 371 οἱονεὶ
1483 316 1623 392 βοῶ-

1820 317 1904 375 asi
1952 334 2058 390 per
2099 318 2522 375 conscientiam
2576 318 2845 376 clamans
2887 327 3099 377 contra
3144 336 3217 377 ea
3263 337 3394 394 quin

121 435 173 466 σα
198 415 265 465 τὸν
295 411 477 481 ἔλεγχον
505 405 635 459 κατὰ
662 410 721 459 τὸ
750 411 976 481 κρυπτὸν
1016 416 1107 468 τῆς
1136 405 1375 482 καρδίας,
1409 413 1498 460 καὶ
1526 428 1621 460 πα-

114 509 313 576 ραινοῦσα
356 503 589 571 μετανοεῖν
636 501 726 548 καὶ
775 495 1050 568 ἑτοιμάσαι
1102 500 1195 555 τήν
1226 494 1348 548 ὁδὸν
1407 496 1617 568 Κυρίου·

119 592 337 663 ἐτοιμασία
379 583 431 639 δὲ
458 588 485 643 ἡ
531 594 629 637 τῶν
659 589 861 657 τρόπων
912 585 1024 656 (80)
1066 590 1156 637 καὶ
1206 594 1303 637 τῶν
1361 584 1623 656 λογισμῶν

113 679 175 731 ἐπὶ
206 682 251 730 τὸ
294 684 493 750 κρεῖττον
536 673 814 745 μεταϐολὴ·
858 674 981 735 ὁδὸς
1048 671 1107 726 δὲ
1167 679 1381 749 Κυρίου,
1428 676 1453 726 ὁ
1492 676 1628 726 κατὰ

115 770 208 821 Θεὸν
253 764 450 839 ἐνάρετος
509 761 644 835 βίος·
704 762 875 837 τρίϐοι
936 759 996 815 δὲ
1044 763 1203 815 αὐτοῦ
1269 765 1334 816 τὰ
1398 760 1627 838 διάφορα

111 858 215 907 κατὰ
258 857 365 906 Θεὸν
417 847 823 922 ἐπιτηδεύματα,
881 851 943 912 ἅς
990 851 1293 904 εὐθύνουσιν
1351 852 1400 905 οἱ
1460 851 1626 929 ὀρθῶς

112 949 179 995 καὶ
202 942 430 1015 ﬁnitima);
451 945 538 999 τὴν
562 939 746 1015 ἀρετὴν
777 937 1187 1004 ἐπιτηδεύοντες.
1219 941 1293 994 Ού
1314 940 1469 993 καλὸν
1498 943 1624 1015 ⁴γὰρ,

112 1036 225 1104 φησι,
252 1036 299 1083 τὸ
322 1030 476 1093 καλὸν,
514 1031 635 1082 ὅταν
659 1034 732 1102 μὴ
754 1029 923 1091 καλῶς
950 1029 1219 1104 γίνηται.]

166 1232 285 1279 Πᾶσα
341 1256 402 1266 -
475 1227 936 1283 ταπεινωθήσεται.
1027 1225 1154 1299 [Τοῦ
1235 1226 1412 1277 αὐτού·
1519 1231 1625 1278 Φα-

115 1315 215 1387 ραγξ
250 1315 337 1387 (εἲ)
380 1312 510 1367 ἔστὶν
566 1316 594 1372 ἡ
653 1313 874 1366 έκάσφου
931 1315 1082 1390 σὰρξ,
1208 1323 1279 1385 τῷ
1324 1312 1495 1384 πολλῴ
1535 1318 1624 1365 καὶ

118 1400 276 1477 σφοδρῷ
313 1404 510 1478 ῥεύματι
588 1413 687 1455 τῶν
748 1406 925 1457 παθῶν
986 1400 1477 1478 ἐκχαραδρωθεῖσα,
1536 1407 1625 1454 καὶ

110 1497 178 1550 τήν
221 1496 325 1566 πρὸς
368 1497 453 1551 τὴν
507 1491 711 1564 ψυχὴν,
772 1496 908 1545 κατὰ
970 1497 1055 1545 τὸν
1111 1500 1203 1544 τοῦ
1262 1488 1626 1555 συνδήσαντος

108 1589 209 1633 Θεοῦ
255 1580 346 1653 (8'2)
399 1586 570 1653 νόμον,
623 1586 975 1655 πνευματικὴν
1035 1586 1305 1654 συνέχειαν
1363 1582 1473 1654 (83)
1537 1590 1622 1633 καὶ

105 1671 325 1741 maiestas
359 1666 729 1743 διατμηθεῖσα.
768 1674 990 1723 Δυνατόν
1049 1667 1107 1722 δὲ
1159 1675 1249 1723 καὶ
1295 1674 1387 1728 τὴν
1439 1669 1624 1741 ψυχὴν

100 1760 295 1816 νοηθῆναι
342 1761 603 1834 φάραγγα,
653 1764 746 1817 τὴν
806 1767 865 1832 τῇ
928 1767 1099 1832 συχνῇ
1171 1764 1259 1811 καὶ
1339 1759 1479 1830 ὀξείᾳ
1526 1767 1624 1810 τῶν

96 1854 282 1919 πονηρῶν
336 1846 589 1920 λογισμῶν
650 1847 863 1922 ἐπιρροῇ
935 1848 1311 1918 κοιλανθείσαν,
1372 1854 1461 1900 καὶ
1538 1857 1627 1908 τῆς

93 1945 381 2007 πνευματικῆς
427 1935 745 2008 ὁμαλότητος
799 1940 858 1989 τὸ
914 1936 1094 1997 κάλλος
1157 1933 1250 1990 διὰ
1306 1944 1401 1999 τῆς
1446 1942 1628 1997 κακίας

92 2022 412 2077 ἀποϐαλοῦσαν.
467 2032 626 2079 Πᾶσα
693 2029 863 2077 τοίνυν
950 2028 1166 2084 τοιαύτη
1235 2025 1441 2099 φάραγξ
1529 2034 1626 2077 τῶν

92 2111 410 2183 ἐτοιμασάντων
454 2120 548 2175 τὴν
598 2112 721 2167 ὁδὸν
773 2119 966 2187 Κυρίου
1014 2113 1432 2189 πληρωθήσεναι,
1471 2134 1626 2166 τουτ-

90 2204 197 2251 έστιν
250 2201 317 2267 εἰς
365 2209 454 2263 τὴν
522 2202 857 2276 ὀφειλομένην
930 2203 1041 2265 ἣξει
1123 2206 1468 2269 κατάστασιν,
1534 2199 1628 2255 διὰ

88 2296 155 2347 τῆς
193 2288 423 2353 ἀποϐολῆς
468 2302 570 2354 τῆς
607 2296 795 2352 κακίας
850 2297 941 2344 καὶ
979 2300 1069 2353 τῆς
1128 2289 1355 2363 ἀγνοίας,
1389 2297 1479 2344 καὶ
1535 2300 1626 2354 τῆς

1735 407 1990 478 quisque
2007 406 2253 479 deliquit
2276 407 2583 477 arguendo
2606 407 2804 463 cordis
2829 409 3078 474 occulta,
3104 414 3161 465 et
3182 410 3394 465 adhor-

1736 495 1919 550 tando
1941 496 2017 550 ad
2030 495 2517 567 resipiscendum,
2534 496 2775 552 etetiam
2794 496 2870 551 ad
2884 498 3223 568 parandum
3237 498 3395 554 viam

1737 583 1991 639 Domini.
2031 584 2388 656 Prmparatio
2418 591 2616 639 autem
2647 592 2733 641 est
2757 601 2989 640 morum
3014 591 3069 640 et
3090 587 3392 655 cogitatio-

1740 688 1885 726 num
1916 673 1995 727 ad
2026 672 2240 727 melius
2275 673 2541 729 mutatio.
2585 674 2683 729 Via
2708 690 2849 729 vero
2876 673 3108 729 Domini
3134 682 3221 729 est
3248 674 3393 740 vita,

1739 774 1873 832 quae
1898 760 2096 815 virtuti
2120 762 2447 815 secundum
2474 763 2657 815 Deum
2684 762 2969 817 innititur.
2996 762 3229 818 Semitas
3250 776 3396 833 quo-

1737 862 1874 919 que,
1905 848 2070 903 varia
2097 855 2235 902 sunt
2255 848 2449 903 studia
2471 848 2797 902 secundum
2835 852 3038 904 Deum.
3065 849 3176 903 Has
3203 855 3396 905 rectas

1740 936 1984 1001 faciunt,
2007 938 2110 1009 qui
2132 941 2287 992 recte
2317 942 2491 1008 atque
2521 938 3105 1007 irreprehensibiliter
3123 940 3395 994 virtutem

1741 1030 2062 1079 sectantur.
2085 1024 2313 1079 Bonum
2332 1025 2514 1089 enim,
2534 1025 2747 1096 inquit,
2768 1040 2889 1081 non
2907 1032 2997 1081 est
3014 1026 3261 1089 bonum,
3282 1026 3396 1081 nisi

1738 1118 1894 1169 recte
1912 1119 1971 1169 et
1996 1112 2150 1169 bene
2171 1113 2292 1169 ﬂat.

1810 1228 1976 1284 Vers.
2007 1233 2059 1282 5.
2083 1229 2281 1284 Omnis
2300 1260 2361 1270 -
2385 1228 2762 1299 deprimetur.
2780 1230 2823 1299 -ι-
2841 1229 3019 1285 Vallis
3037 1235 3095 1285 et
3111 1229 3399 1303 cujusque

1739 1332 1898 1380 caro,
1931 1332 2068 1388 quas
2100 1316 2288 1372 multo
2324 1332 2394 1373 ac
2425 1317 2760 1373 vehementi
2792 1318 2959 1373 ﬂuxu
2991 1317 3395 1384 atfectionum,

1738 1406 1798 1461 in
1830 1404 2077 1461 modum
2109 1406 2384 1461 torrentis
2415 1405 2539 1477 (kk)
2567 1406 2847 1470 demissa,
2880 1406 3241 1478 spiritualem
3275 1407 3400 1463 ani-

1740 1510 1854 1551 mai
1884 1495 2327 1551 continuitatem
2367 1510 2438 1551 ac
2482 1495 2966 1565 coniunctionem
3002 1496 3080 1551 ad
3113 1496 3212 1551 Dei
3243 1496 3401 1551 colli-

1740 1583 1933 1653 gantis
1964 1582 2152 1654 legem
2183 1582 2410 1639 dividit.
2440 1584 2641 1639 Potest
2686 1590 2884 1640 autem
2915 1591 2971 1639 et
3001 1586 3205 1640 anima
3231 1583 3398 1641 vallis

1737 1671 2003 1741 intelligi.
2050 1688 2187 1743 quae
2220 1672 2505 1745 frequenti
2537 1688 2608 1727 ac
2654 1672 2834 1728 veloci
2888 1673 3185 1728 malarum
3239 1673 3398 1743 cogi-

1740 1761 2034 1816 talionum
2082 1760 2324 1818 deﬂuxu
2373 1768 2641 1827 cavatur,
2672 1767 2727 1817 et
2771 1761 3096 1831 spiritualis
3139 1761 3399 1833 planitie!

1740 1849 2241 1921 pulchritudinem
2265 1866 2372 1922 per
2394 1850 2747 1922 pravitatem
2776 1851 2996 1922 abjicit.
3029 1851 3233 1906 Omnis
3258 1867 3401 1921 ergo

1739 1938 2087 2010 hujusmodi
2131 1940 2301 1995 vallis
2352 1956 2460 2012 per
2502 1956 2607 1996 eos
2665 1940 3030 2012 implebitur,
3079 1940 3183 2013 qui
3238 1940 3400 1996 viam

1741 2027 1974 2082 Domini
2006 2036 2231 2098 parant,
2274 2029 2389 2084 hoc
2417 2035 2506 2085 est
2531 2028 2610 2083 ad
2632 2028 2908 2085 debitum
2952 2033 3171 2084 statum
3196 2043 3404 2100 perve-

1738 2116 1925 2183 nient,
1956 2131 2061 2189 per
2089 2118 2396 2189 pravitatis
2421 2123 2479 2174 et
2525 2118 2874 2188 ignorantia:
2901 2118 3316 2188 abjectionem,
3348 2122 3403 2175 et

1736 2204 1968 2260 virtutis
1992 2220 2065 2261 ac
2117 2206 2373 2262 scientiis
2401 2207 2819 2278 adjectionem,
2853 2206 3262 2278 recipientque
3297 2205 3403 2262 de-

1738 2298 1971 2349 centem
2002 2296 2368 2352 naturalium
2407 2297 2686 2352 virtutum
2707 2299 3011 2352 ornatum.

90 2374 281 2442 ἕπιϐολῆς
368 2388 462 2443 τῆς
542 2379 733 2456 ἀρετῆς
816 2386 907 2433 καὶ
998 2389 1089 2442 τῆς
1170 2386 1428 2452 γνώσεως,
1500 2386 1591 2435 καὶ
1678 2379 2009 2453 ἀπολήψεται
2078 2388 2173 2444 τὴν
2246 2385 2550 2459 εὐπρέπειαν
2617 2393 2720 2438 τῶν
2795 2387 2932 2438 κατὰ
3024 2387 3176 2458 φύσιν
3249 2381 3404 2437 δυνά-

88 2486 186 2522 μεων
191 2509 202 2522 ι

139 2554 271 2628 Ὀρος
293 2563 377 2630 μέν
402 2558 511 2612 ἐστι
532 2566 688 2613 πᾶσα
713 2567 905 2630 ’γνῶσις
927 2555 1291 2631 ψευδώνυμος,
1320 2557 1629 2633 ἕπαιρομένη

1812 2580 1855 2649 -ιι
1887 2581 2048 2635 Mons
2075 2587 2161 2635 est
2207 2580 2454 2636 scientia
2501 2581 2699 2637 omnis
2742 2580 2875 2636 falsi
2933 2580 3217 2645 nominis,
3251 2578 3408 2636 elata

82 2648 187 2696 κατὰ
206 2655 287 2709 τῆς
314 2646 535 2711 ἀληθοῦς
565 2654 807 2720 γνώσεως
838 2656 929 2702 τοῦ
966 2656 1117 2703 Θεοῦ·
1150 2647 1338 2721 βουνὸς
1383 2645 1442 2702 δι
1489 2655 1633 2702 πᾶσα

1820 2673 1946 2724 ntra
1976 2684 2179 2725 veram
2217 2670 2309 2725 Dei
2344 2668 2671 2726 scientiam.
2708 2668 2883 2725 Collis
2912 2685 3054 2725 vero
3088 2674 3179 2725 est
3208 2670 3406 2724 omnis

83 2739 207 2786 κακία
226 2738 689 2811 κατιξανισταμένη
711 2745 807 2798 τῆς
847 2737 1050 2811 ἀρετῆς.

136 2820 188 2876 Ἠ
232 2828 336 2897 ὅρος
386 2830 478 2899 μὲν
545 2829 616 2879 τὰ
688 2825 1023 2905 ἔνερίγιπτιιιιίιι
1063 2834 1161 2889 τῆς
1213 2824 1446 2899 ψευδοῦς
1505 2833 1635 2899 γνώ-

82 2928 181 2972 σεως
241 2917 511 2987 πνεύματα·
567 2913 759 2988 βουνὸς
817 2912 896 2981 δὲ,
956 2917 1022 2968 τὰ
1071 2918 1323 2975 ποιητικὰ
1385 2924 1481 2977 τῆς
1544 2935 1636 2968 κα-

78 3002 185 3068 κίας,
235 3001 266 3053 ἄ
313 3006 482 3057 πάντα
554 3005 1007 3064 ταπεινωθήσεται
1061 3003 1488 3076 καταϐαλλόμενα
1545 3008 1635 3059 καὶ

78 3097 498 3165 ιατασκαπτόμενα
541 3100 638 3146 καὶ
677 3092 1103 3168 ἁπορῥιπτόμενα
1133 3089 1228 3146 διά
1265 3113 1320 3146 τε
1362 3103 1460 3155 τῆς
1499 3091 1632 3146 ἀντι-

78 3176 193 3228 θέτου
216 3186 440 3250 γνώσεως
477 3187 575 3236 καὶ
606 3190 697 3243 τῆς
728 3184 1083 3254 ἀντικειμένης
1112 3180 1312 3254 ἀρετῆς-

127 3272 209 3318 Καὶ
248 3271 533 3346 καθ’ἐτερον
613 3266 672 3322 δὲ
720 3270 894 3341 λόγον,
944 3272 971 3322 ὁ
1036 3276 1338 3343 μεταγαγὼν
1395 3276 1489 3330 τὴν
1532 3272 1635 3334 ἕξιν

75 3358 148 3413 τῆς
176 3354 383 3425 ψευδοῦς
422 3367 671 3431 γνώσεως
717 3358 784 3419 εἰς
832 3363 927 3418 τὴν
971 3355 1064 3420 τῆς
1108 3358 1352 3425 ἀληθοῦς,
1401 3365 1491 3413 καὶ
1541 3364 1636 3419 τὴν

72 3437 279 3515 ἐνέργειαν
335 3457 427 3510 τῆς
471 3452 671 3510 κακίας
714 3448 782 3511 εἰς
827 3452 922 3507 τὴν
965 3456 1056 3509 τῆς
1108 3448 1311 3522 ἀρετῆς,
1349 3449 1494 3511 οὗτος
1544 3446 1639 3503 διὰ

75 3537 146 3590 τῆς
174 3536 511 3610 καθαιρέσεως
552 3547 656 3591 τῶν
678 3540 834 3610 ὀρέων
858 3542 949 3589 καὶ
989 3546 1088 3590 τῶν
1120 3535 1321 3611 βουνῶν
1352 3538 1642 3614 ἀναπληροί

74 3620 143 3679 τάς
163 3630 249 3675 τῶν
267 3629 549 3701 φαράγγων
592 3626 913 3689 κοιλότητας.

124 3720 283 3775 Σκολιὰ
332 3724 450 3798 (84)
518 3728 638 3799 μὲν,
687 3728 755 3779 τὰ
812 3727 957 3798 παρὰ
1018 3727 1174 3796 φύσιν
1234 3730 1494 3798 κινήματα
1541 3734 1638 3778 τῶν

72 3804 341 3866 αἰσθήσεων·
396 3815 604 3869 εύθεῖαι
662 3811 743 3883 δὲ,
797 3818 863 3868 τὰ
906 3816 1045 3867 κατὰ
1086 3817 1263 3884 φύσιν.
1310 3820 1411 3871 Καὶ
1460 3816 1633 3871 πάλιν·

1742 2757 2047 2829 iniquitas,
2071 2763 2276 2813 contra
2293 2759 2568 2814 virtutem
2588 2764 2799 2813 erecta.

1814 2848 1857 2916 -l—
1878 2847 1993 2901 Ant
2017 2862 2191 2902 mons
2218 2846 2515 2917 signiﬁcat
2540 2848 2795 2919 spiritus,
2825 2845 2925 2919 qui
2948 2845 3161 2902 falsam
3186 2844 3408 2918 produ-

1743 2939 1886 2990 cunt
1937 2934 2247 2990 scientiam
2303 2951 2314 2988 :
2360 2936 2524 2991 collis
2577 2951 2717 2991 vero
2771 2951 2894 3001 eos,
2937 2936 3037 3006 qui
3084 2938 3409 3007 operantur

1745 3022 2060 3089 malitiam,
2122 3024 2225 3096 qui
2283 3040 2493 3081 omnes
2549 3025 2979 3097 deprimantur,
3026 3024 3399 3096 dejicientur.

1743 3111 2053 3168 diruentur
2087 3118 2144 3168 et
2173 3113 2514 3169 auferentur
2542 3129 2647 3186 per
2676 3113 3038 3171 contrariam
3074 3113 3404 3177 scientiam,

1743 3206 1800 3257 et
1828 3201 2167 3272 oppositam
2217 3201 2515 3257 virtutem.

1814 3292 1856 3360 -ι-
1900 3291 2043 3346 Item
2095 3289 2213 3345 alio
2261 3305 2503 3362 quoque
2546 3290 2752 3361 modo,
2780 3290 2882 3364 qui
2926 3291 3095 3347 falsm
3151 3289 3405 3347 scientiae

1743 3378 2018 3437 habitum
2060 3378 2124 3435 in
2165 3395 2369 3437 veram
2413 3379 2739 3449 scientiam,
2788 3385 2844 3437 et
2875 3379 3181 3452 pravitatis
3207 3378 3406 3435 eﬁica-

1745 3468 1902 3524 ciam
1927 3467 1989 3523 in
2018 3473 2220 3525 actum
2265 3468 2488 3525 virtutis
2519 3468 2939 3538 immutaverit,
2967 3470 3065 3527 hic
3108 3485 3208 3542 per
3238 3483 3409 3545 mon-

1747 3557 1895 3613 tium
1913 3561 1969 3612 et
1985 3556 2225 3613 collium
2246 3557 2723 3626 subversionem,
2742 3559 2988 3615 vallium
3007 3558 3409 3617 concavitates

1745 3646 2079 3719 repleverit.

1816 3746 1858 3813 1-
1883 3744 2162 3816 Obliqua,
2188 3749 2320 3801 sunt
2359 3760 2644 3807 sensuum
2694 3746 3007 3810 motiones,
3035 3762 3172 3818 qua)
3197 3751 3412 3819 praeter

1750 3839 2025 3890 naturam
2069 3834 2221 3890 ﬁunt
2252 3851 2266 3888 :
2301 3833 2525 3895 directa
2554 3851 2694 3892 vero
2733 3837 3063 3894 secundum
3108 3843 3407 3895 naturam.

70 3907 403 3975 τραχεῖαι
468 3908 527 3957 αἱ
586 3913 689 3957 τῶν
747 3902 1007 3956 ἀκουσίων
1061 3913 1362 3977 πειρασμῶν
1414 3904 1633 3977 προσϐο-

1820 3939 2003 3978 irsum
2030 3938 2256 3994 asperas
2286 3924 2391 3978 viae
2415 3928 2550 3979 sunt
2578 3925 2973 3980 tentationum
3004 3924 3264 3996 impetus
3280 3941 3412 3999 quae

68 3980 147 4034 115‘
172 3984 275 4042 ὁδοὶ
327 3987 410 4059 δί,
460 3993 605 4047 λεῖαι
636 3996 692 4047 αἱ
737 3990 832 4047 διὰ
871 3996 1062 4046 τούτων
1102 3995 1213 4065 μεθ’
1259 3994 1521 4065 ὑπομονῆς
1552 4000 1641 4047 καὶ

66 4075 371 4147 ῒᾶχαριστίας
588 4081 814 4154 ἀγωγαί.
866 4081 1136 4155 Ὁμαλίζει
1191 4085 1291 4155 γὰρ
1349 4087 1439 4135 καὶ
1495 4103 1645 4155 μετα-

67 4158 211 4217 ϐάλλει
263 4172 323 4221 τό
371 4176 560 4246 τραχὺ
626 4177 716 4224 καὶ
772 4170 1012 4224 ἐπίπονον
1064 4171 1234 4223 αὐτῶν
1274 4172 1386 4243 (86)
1446 4175 1471 4230 ἡ
1533 4174 1645 4245 μεθ’

62 4251 293 4324 ὑπυξιιονῆς
345 4260 703 4335 εὐχαριστία.
749 4260 934 4313 Σκολιά
978 4257 1059 4331 δὲ,
1108 4265 1420 4336 σαφέστερον
1466 4262 1646 4327 εἰπεῖν,

64 4342 104 4389 ῦί
145 4339 210 4395 δι’
254 4344 454 4411 ἡδονῆς
516 4351 752 4403 ἑκούσιοι
808 4356 1111 4424 πειρασμοί·
1167 4350 1492 4424 πολύτροπος
1543 4352 1647 4424 γὰρ

60 4430 83 4485 ὲ
129 4429 302 4494 ἡδονή-
354 4442 542 4511 ὦσπερ
591 4444 683 4491 καὶ
736 4447 983 4515 τραχεῖαι
1037 4442 1085 4492 οἱ
1126 4436 1200 4492 δι’
1250 4436 1439 4500 ὀδύνης
1487 4440 1648 4491 ἁκού-

64 4520 195 4594 σιοι.]

120 4720 211 4770 Καὶ
239 4720 264 4770 ὁ
302 4721 422 4794 (8‘7)
459 4721 677 4798 φάραγξ
704 4727 793 4775 καὶ
830 4725 889 4776 τὸ
921 4727 1038 4797 ὅρος
1072 4727 1162 4776 καὶ
1191 4724 1217 4775 ὁ
1281 4721 1470 4795 βουνὸς
1522 4722 1649 4776 ἀνῶ-

1752 4012 1927 4067 nobis
1974 4012 2171 4067 invitis
2199 4013 2498 4084 accidunt,
2548 4013 2744 4085 planae
2784 4018 2986 4070 autem
3030 4019 3169 4070 sunt
3202 4019 3415 4070 attrac-

1753 4101 1964 4168 tiones.
1992 4116 2128 4172 quas
2159 4117 2265 4172 per
2292 4101 2403 4156 has
2432 4101 2584 4158 ﬁunt
2609 4103 2671 4157 in
2697 4103 2982 4174 patientia
3002 4107 3058 4157 et
3084 4102 3412 4173 gratiarum

1755 4190 2003 4247 actione.
2062 4189 2351 4261 Explanat
2400 4189 2563 4245 enim
2618 4194 2673 4246 et
2729 4196 2921 4247 mutat
2949 4190 3414 4246 laboriositatem

1755 4279 1989 4336 illarum
2008 4280 2330 4349 gratiarum
2356 4277 2504 4334 actio
2527 4295 2668 4334 cum
2687 4279 2977 4351 patientia
2998 4278 3255 4349 Obliqua
3271 4293 3414 4334 vero

1762 4367 2131 4424 manifestius
2173 4366 2290 4422 dici
2322 4371 2588 4439 possunt,
2644 4366 2999 4423 tentationes
3044 4366 3412 4437 voluntarias,

1757 4474 1893 4532 quae
1937 4472 2043 4528 per
2080 4456 2447 4528 voluptatem
2502 4455 2824 4531 accidunt;
2857 4460 2945 4512 est
2970 4455 3131 4511 enim
3172 4454 3337 4512 varia
3361 4460 3419 4512 et

1758 4544 2057 4603 mutabilis
2106 4543 2396 4617 voluptas.
2452 4545 2684 4616 Asperae
2720 4551 2916 4601 autem
2966 4546 3074 4600 vias
3117 4544 3415 4611 dicuntur,

1758 4653 1893 4710 quae
1915 4651 2020 4709 per
2060 4634 2329 4691 dolorem
2359 4633 2555 4690 invitis
2590 4634 2763 4691 nobis
2793 4633 3091 4691 accidunt.

1830 4723 2014 4782 Vallis
2057 4728 2117 4780 et
2154 4739 2331 4779 mons
2375 4739 2445 4779 ac
2468 4723 2653 4789 collis,
2704 4723 2836 4781 loca
2864 4723 3336 4797 suntinaequalia
3364 4730 3422 4782 et

1257 4838 1477 4908 Varias
1516 4840 1845 4915 lectiones
1885 4850 1951 4910 et
1997 4850 2205 4911 notae.

114 4948 219 5029 ί
243 4959 471 5029 Τροπων
502 4975 563 5009 τε
586 4960 697 5008 καί.
739 4963 795 5009 Β.

54 5020 368 5148 τσξθὲὶτιξξη
398 5029 688 5098 margine
713 5030 756 5084 Β
775 5029 836 5085 in
854 5030 1035 5085 textu.
1070 5027 1389 5087 Hentenius
1412 5027 1650 5099 omittit,

113 5139 387 5307 (sigea;
428 5169 631 5225 abest.
662 5171 729 5225 Α.

114 5237 193 5307 (83
246 5246 315 5292 Τε
351 5245 477 5296 καί.
504 5247 567 5295 Β.

134 5239 218 5296 83)
246 5246 315 5292 Τε
351 5245 477 5296 καί.
504 5247 567 5295 Β.

136 5309 220 5379 84)
249 5312 391 5366 Haec
420 5311 685 5369 inferius
713 5311 979 5370 habebat
1018 5311 1357 5376 Hentenius,
1386 5318 1525 5386 post
1568 5319 1659 5366 καὶ

1766 4960 2083 5012 συμπάθεια.

1835 4980 2362 5103 ῗᾶῗῗῗῧιεαοζὶοηεε
2380 5026 2643 5103 ﬂentenli
2671 5027 3053 5103 alienissimis
3073 5032 3230 5086 sunt.
3257 5028 3418 5102 Ἀγω-

1762 5107 1831 5175 qni
1846 5099 1938 5175 est
1962 5100 2203 5158 vivendi
2229 5099 2580 5159 consuetudo
2602 5106 2655 5157 et
2694 5100 2851 5156 ratio

1837 5173 1952 5245 (86)
1983 5179 2092 5225 Τῶν
2122 5179 2424 5245 πειρασμῶν
2438 5215 2451 5228 ,

1837 5173 1929 5244 (86
1983 5179 2092 5225 Τῶν
2122 5179 2451 5245 πειρασμῶν,

1835 5173 1952 5319 (ξΊῖ
2004 5246 2068 5297 ln
2116 5248 2277 5319 textu
2319 5242 2624 5319 iuDicitur
2671 5246 2874 5299 autem
2924 5247 3173 5319 utroque
3214 5242 3416 5301 modo.

1767 5314 1961 5372 Malim
2004 5320 2207 5368 tamen
2249 5314 2305 5377 ἡ,
2346 5318 2411 5367 ut
2441 5328 2600 5369 mox.

115 5486 209 5563 Ιώ)
234 5489 307 5545 In
330 5492 589 5547 modum
628 5490 921 5558 torrentis,
948 5496 1059 5551 etc.
1092 5491 1274 5563 Quasi
1302 5494 1586 5547 excavata
1604 5493 1664 5563 et
1768 5489 1914 5563 tuali
1935 5488 2167 5557 mentis,
2195 5506 2328 5562 quas
2352 5495 2444 5547 est
2468 5494 2798 5549 secundum
2824 5462 3016 5563 legem
3042 5491 3143 5548 Dei
3156 5488 3420 5546 vincien-

58 5552 306 5620 Abscissa
334 5566 440 5621 est
461 5578 507 5621 ιι
546 5552 967 5634 conjunctione
992 5567 1050 5620 et
1086 5552 1466 5636 copulatione
1494 5562 1663 5636 spiri-

1771 5561 1866 5619 tis.
