3922 6200
544 194 648 247 903

1850 172 2192 231 EUTHYMII
2243 170 2594 229 ZAGABENI

3060 96 3077 111 ﬂ

545 333 791 374 accessu
816 314 1097 371 difﬁcilia.
1137 311 1558 379 Signiﬁcantur
1605 310 1803 361 autem
1834 317 1937 374 per
1982 297 2179 355 valleu

2310 297 2448 367 μαλα
2505 306 2593 352 καὶ
2639 297 2994 375 δυσπρόσιτα.
3050 301 3339 354 Αἰνίττεται
3370 300 3423 356 δὲ
3455 300 3539 356 διὰ
3562 313 3638 365 τῆς
3860 297 3865 315 ἶ

544 406 834 479 ρι’ίείεειοῐί
860 413 916 459 et
944 404 1019 459 ad
1052 401 1404 473 pravitatem
1436 396 1801 452 allicientes:
1839 392 2007 448 vallis
2039 392 2196 446 enim

545 500 845 567 praerupta
870 498 975 548 est.
1012 493 1116 545 l’er
1149 494 1413 543 montem
1444 492 1501 542 et
1530 485 1740 541 collem
1776 482 1932 548 elati,
1964 481 2099 537 duri
2130 498 2197 537 ac

545 583 889 639 infructuosi
934 582 1009 634 ad
1064 581 1357 633 virtutem.
1412 575 1694 646 lmpletur
1756 580 1954 629 autem
2001 571 2197 627 omnis

547 672 732 733 vallis,
782 671 997 739 injecto
1025 684 1115 735 eo,
1147 668 1308 738 quod
1340 667 1557 731 deerat,
1594 663 1855 718 videlicet
1884 663 2098 734 pietate
2130 678 2197 717 ac

538 761 748 816 virtute
770 776 782 813 :
803 758 1154 829 deprimitur
1175 772 1314 811 vero
1336 755 1532 810 omnis
1552 769 1718 808 mons
1740 758 1796 808 et
1815 752 1979 807 collis
1998 750 2197 807 ablato

545 848 849 920 superﬂuo
876 853 1017 919 puta
1048 846 1347 917 impietate
1396 860 1465 899 ac
1498 844 1804 914 pravitate.

618 1150 790 1214 Quod
815 1158 1010 1205 autem
1058 1149 1271 1203 dicitur
1321 1148 1534 1212 Omnis,
1582 1146 1705 1201 etsi
1738 1144 2070 1200 universale
2101 1143 2191 1209 sit,

548 1241 759 1312 saepius
818 1245 1017 1294 tamen
1095 1238 1254 1309 apud
1330 1237 1596 1291 Hebrteos
1663 1252 1783 1290 non
1851 1236 2193 1289 universum

548 1328 861 1396 signiﬁcat,
898 1328 995 1382 sed
1033 1326 1373 1398 simpliciter
1424 1324 1882 1381 multitudinem.
1917 1326 2110 1379 Potest
2140 1328 2196 1378 et

546 1418 661 1474 alio
687 1433 929 1488 quoque
962 1417 1140 1470 modo
1174 1415 1337 1469 vallis
1364 1415 1603 1486 quidem
1636 1414 1765 1469 illos
1796 1415 2060 1478 innuere,
2090 1412 2195 1484 qui

546 1506 604 1561 in
654 1506 1015 1577 profundum
1066 1504 1411 1576 perditionis
1468 1504 1678 1572 dejecti
1731 1509 1886 1567 sunt,
1937 1504 2034 1574 qui
2088 1502 2196 1558 im-

544 1595 801 1667 plebitur
832 1610 936 1665 per
975 1594 1377 1661 evangelicam
1413 1593 1916 1663 praedicationem.
1948 1595 2112 1647 Mons
2138 1598 2195 1648 et

545 1683 730 1748 collis,
772 1682 956 1737 elatos
1006 1682 1330 1746 ἀερωοηρς,
1382 1682 1477 1751 qui
1510 1682 1917 1752 deprimentur
1955 1686 2009 1736 et
2034 1696 2193 1736 ever-

546 1778 740 1829 tentur
770 1789 805 1827 a
832 1772 1077 1826 Christo.

616 1863 776 1915 Vers.
805 1866 851 1915 5.
886 1863 947 1914 Et
993 1860 1231 1930 obliqua
1262 1861 1403 1927 ﬁent
1436 1890 1501 1899 -—
1528 1859 1733 1931 planae.
1775 1859 2029 1930 Obliqua
2058 1864 2198 1914 sunt

546 1952 649 2005 vias
681 1965 975 2021 perversae
1019 1948 1356 2011 hominum,
1395 1954 1449 2002 et
1480 1965 1706 2020 asperae
1735 1949 1861 2013 VltB,
1887 1948 2198 2020 opiniones

547 2040 814 2111 ipsorum
849 2055 861 2103 ;
908 2038 1036 2092 haec
1068 2038 1207 2091 tient
1239 2043 1395 2093 recta
1438 2043 1491 2092 et
1524 2038 1724 2108 plana,
1765 2038 1844 2092 ita
1886 2046 1945 2092 ut
1994 2053 2098 2109 per
2127 2054 2199 2093 ea

544 2127 914 2199 tequabiliter
945 2133 1195 2198 pergant
1226 2128 1298 2180 ad
1336 2126 1649 2181 Christum.
1682 2128 1792 2181 Aut
1833 2127 2011 2181 etiam
2050 2126 2199 2182 obli-

544 2218 741 2289 quitas
793 2222 848 2271 et
896 2216 1182 2287 asperitas
1228 2215 1550 2287 pravitatis,
1598 2215 1655 2269 in
1691 2216 2101 2270 rectitudinem
2143 2221 2199 2271 et

544 2306 847 2378 planitiem
872 2305 1103 2360 virtutis
1130 2305 1555 2359 immutabitur.

619 2395 713 2450 Vel
739 2394 851 2449 alio
873 2410 1113 2466 quoque
1133 2393 1334 2461 modo,
1363 2392 1686 2464 obliquitas
1711 2398 1766 2448 et
1796 2394 2085 2465 asperitas
2111 2410 2198 2447 ve-

546 2484 679 2538 teris
708 2484 871 2551 legis,
906 2483 962 2538 in
996 2482 1410 2539 rectitudinem
1446 2499 1515 2536 ac
1560 2482 1978 2553 perfectionem
2012 2484 2199 2537 Evan-

545 2572 677 2641 gelii
710 2576 1097 2626 convertatur.
1148 2571 1364 2625 Veteris
1399 2571 1642 2643 quidem
1687 2571 1831 2641 legis
1852 2570 2193 2644 obliquitas,

544 2667 669 2717 erat
698 2661 1030 2716 obscuritas
1062 2676 1131 2715 ac
1158 2662 1411 2717 varietas
1444 2678 1457 2727 ;
1508 2660 1799 2731 asperitas
1835 2676 1988 2728 vero,
2011 2666 2197 2715 auste-

544 2751 683 2805 ritas
720 2758 774 2805 et
820 2749 1407 2821 incompassibilitas.
1458 2753 1676 2804 Rursus
1709 2750 2006 2817 Evangelii
2033 2750 2198 2804 recti-

544 2839 690 2894 tudo
741 2844 827 2893 est
877 2838 1111 2893 claritas
1155 2854 1225 2894 ac
1274 2838 1622 2910 simplicitas
1671 2839 1926 2893 :lenitas
1973 2844 2193 2901 autem,

543 2928 943 2983 mansuetudo
992 2933 1047 2982 et
1100 2927 1629 2999 compassibilitas.

615 3016 775 3070 Vers.
810 3020 859 3070 6.
888 3017 960 3069 Et
988 3015 1209 3071 videbit
1232 2993 1297 3055 ζ-
1328 3017 1454 3072 Dei.
1491 3016 1755 3073 Salutare
1782 3016 1983 3072 lumen
2013 3015 2196 3070 Evan-
2232 2993 2273 3051 Ο

543 3104 696 3173 gelii,
718 3103 1145 3159 velsalutarem
1178 3106 1668 3170 incarnationem,
1695 3122 1831 3177 quae
1854 3106 2033 3161 ambo
2053 3121 2194 3176 prae-

542 3192 774 3263 paravit
798 3192 948 3248 Deus
974 3198 1108 3249 ante
1131 3192 1340 3249 faciem
1367 3195 1638 3250 omnium
1669 3196 2051 3267 populorum.

610 3420 776 3477 Vers.
817 3425 874 3475 '7.
927 3418 1322 3474 Dicebat—ira
1352 3418 1379 3473 ?
1410 3421 1542 3473 Haec
1589 3418 1767 3474 etiam
1799 3419 2023 3489 scripsit
2053 3420 2195 3474 Mat-

541 3510 731 3563 thtBllS
762 3508 952 3579 capite
985 3507 1151 3562 tertio
1171 3508 1263 3561 sui
1292 3506 1612 3576 Evangelii,
1644 3512 1699 3562 et
1721 3507 1776 3561 in
1794 3522 1865 3562 eo
1894 3508 2195 3563 declarata

542 3601 697 3652 sunt.

612 3685 777 3739 Vers.
813 3689 864 3738 8.
897 3684 1171 3739 Facite—
1200 3684 1485 3740 Abrahae.
1521 3682 1798 3739 Similiter
1827 3689 1882 3741 et
1905 3683 2051 3740 haec.

610 3774 750 3826 Vers
774 3772 961 3827 9.Jam
999 3781 1187 3827 autem
1214 3771 1569 3825 —mittitur.
1603 3771 1727 3825 Pari
1765 3772 1941 3827 modo
1965 3774 2193 3829 ethmc:

539 3877 741 3931 quaere
774 3876 915 3929 ergo
948 3860 1029 3914 ibi
1056 3860 1322 3914 omnium
1350 3860 1803 3915 enarrationem.

543 4006 700 4060 CAP.
734 4006 832 4059 Vl.
873 4006 952 4060 De
982 4005 1068 4059 his
1088 4004 1191 4075 qui
1235 4006 1513 4061 Joannem
1548 4005 2008 4075 interrogabant.

612 4151 776 4205 Vers.
820 4148 912 4203 10.
943 4148 1020 4203 Et
1043 4148 1472 4219 interrogabant
1494 4180 1561 4189 ——
1575 4149 1867 4216 faciemus
1891 4151 1919 4206 ?
1938 4151 2089 4206 Jussi
2117 4152 2194 4206 fa-

538 4254 669 4295 cere
693 4237 917 4294 fructus
961 4237 1312 4309 poenitentia
1351 4238 1564 4307 dignos
1596 4237 1979 4310 interrogant.

607 4330 777 4385 Vers.
818 4333 905 4385 11.
938 4328 1309 4397 Respondens
1338 4360 1401 4368 -α
1436 4328 1694 4383 habenti.
1722 4330 1935 4385 Tradat
1964 4329 2190 4386 nullam
2224 4347 2269 4401 ι)

535 4420 783 4474 omnino
805 4417 1044 4473 habenti
1071 4435 1083 4471 :
1108 4423 1208 4472 aut
1232 4417 1473 4472 habenti
1494 4418 1757 4487 quidem,
1780 4418 1883 4472 sed
1902 4418 2188 4473 inutilem.

610 4508 767 4562 Vers.
806 4513 857 4562 11
881 4550 893 4563 .
934 4508 1011 4562 Et
1037 4506 1223 4577 qui—
1247 4506 1457 4573 faciat.
1484 4509 1587 4561 Per
1614 4507 1984 4562 traditionem
2018 4508 2191 4562 vestis

538 4611 609 4651 ac
652 4597 768 4652 cibi
826 4597 1187 4652 inducuntur
1238 4596 1298 4650 lii
1330 4596 1408 4650 ad
1442 4612 1769 4668 pauperum
1827 4596 2188 4662 subsidium,

538 4686 1138 4740 communicationem
1170 4690 1226 4739 et
1255 4690 1530 4740 mutuum
1563 4700 1849 4740 amorem.
1877 4685 2025 4740 Nihil
2053 4703 2191 4756 ergo

538 4786 715 4835 nunc,
764 4774 929 4841 quod
956 4777 1195 4841 gravius
1225 4778 1391 4837 esset,
1450 4773 1562 4828 illis
1612 4774 1894 4845 przecepit
1928 4791 1941 4840 ;
1976 4776 2189 4837 sciens,

537 4860 701 4932 quod
731 4876 852 4915 non
886 4861 1068 4917 multo
1114 4868 1248 4933 post
1275 4862 1538 4918 Christus
1587 4863 1939 4931 evangelica
1972 4864 2192 4920 stabili-

536 4953 704 5003 turus
730 4954 881 5004 esset
912 4956 1227 5020 prtecepta.

610 5037 775 5094 Vers.
805 5039 892 5092 12.
924 5038 1299 5095 Venerunt—
1322 5042 1479 5096 Vers.
1515 5044 1599 5098 13.
1623 5040 1859 5111 exigite.
1882 5041 2195 5098 Habebant

537 5127 697 5183 enim
754 5126 1135 5182 constitutum
1176 5128 1250 5183 de
1284 5129 1713 5199 exactionibus,
1753 5131 1827 5186 de
1863 5133 2192 5202 quantitate

539 5222 596 5271 et
623 5215 905 5287 qualitate
955 5222 1328 5275 exactorum.

613 5304 775 5359 Vers.
811 5303 894 5359 14.
919 5304 1369 5375 Interrogabant
1400 5340 1468 5347 —
1489 5308 1939 5365 eatumniemini.
1971 5310 2192 5365 Concu-

540 5394 767 5451 tiebant
783 5392 943 5448 enim
962 5396 1019 5447 et
1036 5392 1559 5452 calumniabantur
1582 5397 1818 5465 multos,
1834 5401 2005 5471 quasi
2022 5415 2058 5454 a
2074 5397 2190 5453 Cie-

538 5501 670 5541 sare
700 5482 1059 5545 deﬁcientes,
1102 5488 1204 5537 aut
1249 5483 1618 5543 insidiatores
1672 5503 1785 5554 ;eo
1815 5487 1979 5560 quod
2009 5488 2190 5545 vitam

538 5574 783 5645 turpiter
811 5577 1224 5646 qumstuosam
1245 5573 1549 5631 ducerent.

2308 407 2400 457 70;
2442 391 2530 459 μὲν
2589 394 2709 452 τοὺς
2763 390 3057 462 ἀποτόμους
3098 396 3186 442 καὶ
3244 392 3563 455 ἑλκυστικόὺς
3602 394 3816 455 εἱςκακιαν

2309 474 2568 549 ἀπότομος
2614 481 2714 550 γὰρ
2765 484 2852 530 καὶ
2906 478 3237 553 ἀπόκρημνος
3285 483 3313 537 ἡ
3374 484 3603 554 φάγαρξσ
3647 480 3721 535 διὰ
3754 493 3817 535 τοῦ

2309 568 2459 637 ’ᾗοους
2509 563 2567 618 δὲ
2614 573 2703 618 καὶ
2744 566 2935 639 βουνοῦ
2975 573 3094 628 τοὺς
3151 569 3465 642 ἐπηρμένους
3511 576 3590 623 καὶ
3630 573 3817 645 σκληροὺς

2307 656 2395 703 καὶ
2439 652 2703 725 ἀκάρπους
2767 654 2832 715 εἰς
2887 654 3090 729 ἀρετήν.
3147 661 3245 708 Καὶ
3294 657 3569 730 πληροῦται
3611 663 3685 731 μεν
3717 667 3818 711 πᾶσι

2307 741 2511 813 φάραγξ
2590 741 2983 814 ἐπιϐαλλομένου
3057 752 3145 795 τοῦ
3223 744 3491 813 λείποντος,
3573 752 3707 817 ἤγουν
3756 757 3818 807 τῆς

2306 830 2562 892 εὐσεϐείας
2614 838 2703 884 καὶ
2758 831 2957 906 ἀρετῆς·
3011 840 3342 886 ταπεινοῦταί
3390 831 3448 887 δὲ
3500 842 3589 887 πᾶν
3631 841 3721 907 ὁρος
3759 843 3818 887 ut

2308 916 2511 989 βουνός,
2547 919 2954 992 ἀποτεμνομένου
2986 930 3076 973 του
3110 927 3507 995 περιττεύοντος,
3538 934 3622 985 τῆς
3645 925 3821 984 ἀσεϐείας

2303 1015 2392 1060 καὶ
2422 1014 2624 1070 κακίας.

2375 1102 2443 1149 Τὸ
2476 1094 2534 1150 δὲ
2579 1105 2696 1163 πᾶς,
2740 1098 2782 1151 εἰ
2833 1104 2921 1152 καὶ
2965 1100 3239 1153 καθολικόν
3271 1100 3424 1166 ἐστιν,
3473 1101 3569 1153 ἀλλ’
3618 1104 3692 1155 οὖν
3736 1106 3819 1175 παρ’

2303 1186 2555 1259 Ἑϐραίοις
2617 1187 2861 1248 πολλάκις
2918 1190 2975 1240 οὐ
3044 1196 3288 1261 σημαίνει
3344 1196 3400 1243 τό
3470 1193 3685 1257 καθόλου,
3734 1192 3820 1243 ἀλλά

2304 1276 2499 1336 πλῆθος
2547 1276 2739 1337 ἁπλῶς.
2798 1277 2888 1335 Εἱη
2938 1275 2987 1330 δ’
3015 1280 3076 1330 οἶν
3121 1288 3211 1331 και
3250 1280 3427 1353 ἑτέρως
3470 1282 3653 1355 φάραγξ
3691 1286 3759 1353 μὲν
3791 1285 3822 1333 οἱ

2304 1364 2709 1440 καταρῥαγέντες
2758 1367 2829 1427 εἰς
2855 1365 3021 1439 βάθος
3070 1366 3321 1429 ἀπωλείας
3382 1372 3647 1444 ἅνθρωποι,
3695 1374 3822 1427 citus;

2306 1452 2679 1525 ἐπληρώθησαν
2702 1464 2791 1507 τοῦ
2823 1456 3157 1526 εὐαγγελικοῡ
3186 1462 3530 1532 κηρύγματος
3563 1460 3663 1533 ὄρος
3688 1456 3734 1511 δέ
3761 1466 3820 1509 ui

2307 1546 2509 1613 βουνός,
2543 1548 2591 1596 οἱ
2642 1544 2916 1618 ἐπηρμένοι
2957 1541 3216 1617 δαίμονες,
3258 1546 3437 1609 οἱτινες
3484 1547 3819 1606 ἐταπεινώθησαν

2230 1645 2269 1698 Β
2304 1638 2391 1685 καὶ
2426 1638 2705 1686 κατέπεσον
2744 1636 2843 1686 ὑπὸ
2875 1643 2964 1686 τοῦ
3006 1643 3260 1708 Χριστοῦ.

2380 1882 2479 1929 Καὶ
2519 1880 2667 1930 ἔσται
2716 1882 2779 1931 τὰ
2848 1880 3032 1932 σκολιά
3090 1912 3155 1921 -—
3203 1881 3363 1942 λείας.
3422 1885 3496 1935 Τὰ
3551 1882 3705 1935 σκολιὰ
3752 1884 3819 1938 ἤδη

2307 1976 2403 2018 τῶν
2455 1965 2876 2041 διεστραμμένων
2916 1970 3216 2042 ἀνθρώπων,
3250 1977 3340 2022 καὶ
3385 1975 3437 2023 αἱ
3467 1980 3698 2044 τραχεῖαι,
3730 1982 3823 2040 γλάν-

2306 2076 2402 2127 μαι
2459 2056 2623 2107 αὐτῶν
2690 2057 3091 2115 εὐθυνθὴσονται
3172 2065 3261 2111 καὶ
3320 2060 3682 2123 λέανθήσονται,
3730 2062 3822 2111 ὥστε

2308 2140 2503 2195 ὁδεύειν
2535 2144 2610 2196 ἐπ’
2646 2146 2811 2197 αὐτῶν
2860 2147 3064 2217 ὁμαλῶς
3091 2152 3176 2199 τόν
3208 2155 3459 2222 Χριστόν.
3508 2150 3569 2201 Ἦ
3595 2154 3665 2200 καὶ
3692 2151 3713 2205 ἦ
3742 2168 3821 2199 6W

2307 2232 2480 2294 λιότης
2520 2239 2609 2285 καὶ
2664 2239 2933 2307 τραχύτης
2999 2245 3091 2299 τῆς
3156 2244 3346 2300 κακίας
3395 2240 3462 2301 εἰς
3518 2239 3734 2294 εὐθυτητα
3763 2242 3822 2285 καὶ

2306 2322 2543 2379 λειότητα
2573 2322 2757 2397 ἀρετῆς
2783 2332 3188 2395 μεταστήσεται.

2377 2409 2443 2462 Ἤ
2495 2417 2583 2463 καὶ
2628 2412 2825 2487 ἑτέρως,
2875 2418 2904 2471 η
2960 2415 3229 2475 σκολιότης
3276 2422 3372 2468 καὶ
3422 2419 3449 2474 ἡ
3510 2420 3819 2489 τραχύτηςτοῡ

2306 2499 2530 2551 παλαιοῦ
2610 2507 2769 2573 νόμου
2855 2503 2927 2565 εἰς
2998 2504 3255 2561 εὐθύτητα
3340 2511 3428 2557 καὶ
3503 2506 3708 2562 λειότητα
3762 2512 3822 2553 τι)

2307 2588 2621 2659 Εὑαγγελίου
2680 2590 3151 2661 μεταϐληθησεται.
3206 2601 3312 2646 To";
3366 2592 3423 2647 δὲ
3473 2595 3670 2645 παλαιόν
3710 2600 3820 2661 νόμον

2310 2677 2585 2739 σκολιότης
2610 2682 2720 2751 μὲν,
2754 2682 2783 2737 ἡ
2809 2680 3014 2753 ἀσάφεα
3042 2689 3132 2734 καὶ
3198 2684 3458 2735 ποικιλία·
3507 2686 3734 2755 τραχύτης
3770 2678 3821 2744 δε,

2305 2770 2361 2818 τὸ
2394 2767 2656 2840 αὐστηρόν
2682 2774 2769 2820 καὶ
2799 2769 3121 2842 ἀσυμπαθές’
3150 2777 3239 2823 καὶ
3268 2782 3367 2825 τοῦ
3410 2771 3694 2843 Εὐαγγελίου
3713 2770 3821 2821 πάλη

2308 2856 2521 2917 εὐθύτης
2550 2861 2660 2929 μὲν,
2692 2860 2721 2917 ἠ
2753 2864 3007 2931 σαφήνεια
3049 2866 3137 2913 καὶ
3190 2861 3452 2924 ἁπλότης·
3499 2862 3669 2921 λειότης
3710 2856 3767 2921 δι,
3802 2858 3821 2909 ἦ

2308 2951 2506 3017 πραότη
2519 2968 2540 3008 ς
2570 2953 2659 3000 καὶ
2700 2952 3023 3020 συμπάθεια.

2380 3041 2480 3088 Καὶ
2565 3037 2747 3107 ὄψεται
2832 3070 2899 3078 -
2971 3047 3125 3094 Θεοῦ.
3170 3043 3241 3092 Τό
3321 3046 3572 3116 σωτήριον
3630 3047 3711 3111 φῶς
3762 3040 3822 3085 τῦύ
3898 3082 3899 3099 ,

2306 3124 2644 3196 Εὗαγγελίου,
2702 3130 2732 3184 ἦ
2784 3132 2877 3185 τὴν
2947 3134 3201 3202 σωτήριον
3254 3128 3649 3203 ἐνανθρώπησιν,
3693 3126 3720 3176 ἆ
3765 3128 3823 3172 καὶ

2306 3213 2457 3286 ἄμφω
2496 3217 2781 3286 ἡτοίμασεν
2812 3218 2837 3267 ὁ
2880 3220 3004 3279 Θεὸς
3050 3222 3186 3270 κατά
3214 3225 3497 3293 πρόσωπον
3549 3220 3717 3271 πάντων
3756 3220 3824 3264 τῶν
3896 3210 3897 3231 ³

2303 3303 2434 3355 λαῶν
2444 3343 2455 3355 .

2374 3392 2576 3464 Ἔλεγεν
2604 3425 2669 3435 --
2702 3394 2864 3467 ὀργῆς
2888 3411 2901 3461 ;
2934 3401 3111 3447 Ταῦτα
3139 3400 3229 3448 καὶ
3259 3398 3289 3448 ὀ
3318 3400 3580 3459 Mareade;
3611 3390 3822 3465 ἀνέγρππίδ

2304 3480 2352 3532 ἐν
2387 3490 2457 3552 τῷ
2487 3487 2647 3555 τρίτῳ
2675 3483 2931 3555 κεφαλαίῳ
2952 3492 3044 3537 τοῦ
3075 3485 3400 3557 Εὖαγγελίου
3425 3488 3593 3539 αὐτοῦ·
3614 3490 3686 3536 καὶ
3708 3486 3824 3554 ὁρμη-

2304 3572 2557 3628 νεύθησαν
2589 3571 2636 3623 ἰν
2663 3571 2853 3644 ἐκείνῳ.

2380 3666 2638 3718 Ποιήσατε
2665 3692 2731 3701 -
2762 3661 3023 3736 Ἀϐραάμ.
3049 3662 3271 3736 Ὁμοίως
3314 3671 3409 3719 καὶ
3438 3674 3609 3719 ταῦτα.

2378 3746 2520 3807 ’Ἤδη
2560 3746 2618 3801 δι
2645 3779 2711 3791 -
2744 3748 3009 3822 βάλλεται.
3044 3753 3441 3825 Παραπλησίως
3465 3760 3548 3807 καὶ
3597 3750 3818 3809 ταῦτα,καὶ

2310 3838 2535 3897 ζήτησον
2562 3839 2663 3889 ἐκεῖ
2690 3844 2782 3897 τὴν
2824 3840 3072 3910 ἐξήγησιν
3094 3845 3323 3899 πάντων,

2405 4012 2554 4064 ΚΕΦ.
2596 4006 2660 4070 ς’.
2694 4013 2815 4083 Περὶ
2843 4017 2941 4061 τῶν
2967 4008 3413 4084 ἐπερωτησάντων
3443 4019 3526 4066 τόν
3553 4012 3761 4064 Ἰωάννην.

2378 4173 2477 4221 Καὶ
2519 4167 2793 4243 ἐπηρώτων
2852 4201 2919 4210 -
2966 4176 3296 4244 ποιήσομεν;
3344 4174 3673 4231 κελευσθέντες
3708 4171 3819 4219 ποιεῖν

2303 4261 2535 4329 καρποὺς
2564 4256 2737 4320 ἀξίους
2770 4267 2861 4319 τῆς
2888 4266 3182 4332 μετανοίας,
3216 4260 3564 4337 ἐπερωτῶσιν.

2378 4349 2681 4421 Αποκριθεὶς
2756 4379 2821 4388 -
2896 4352 3093 4419 ἔχοντι.
3165 4349 3460 4404 Μεταδότω
3527 4358 3590 4420 τῷ
3644 4342 3822 4419 μηδολτδς

2304 4436 2499 4507 ἔχοντι·
2532 4439 2560 4494 ἦ
2590 4444 2661 4505 τῷ
2691 4439 2867 4508 ἔχοντι
2905 4441 3016 4509 μεν,
3049 4437 3333 4513 ἄχρηστον
3368 4438 3444 4494 δέ.

2377 4529 2473 4577 Καὶ
2520 4527 2545 4576 ό
2584 4557 2652 4566 -
2698 4531 2926 4580 ποιείτω.
2982 4531 3076 4579 Διά
3132 4536 3228 4590 τῆς
3284 4527 3605 4601 μεταδόσεως
3630 4532 3702 4577 τοῦ
3726 4517 3819 4573 £70“)-

2303 4634 2461 4685 ματος
2490 4620 2579 4666 καὶ
2634 4623 2725 4675 τῆς
2780 4625 2967 4687 τροφῆς
3018 4617 3313 4688 εἰσηγεῖται
3379 4622 3572 4679 τούτοις
3614 4621 3689 4673 τὴν
3732 4612 3818 4661 εὲίῖο

2302 4702 2460 4773 ληψίν
2517 4713 2617 4754 τῶν
2671 4710 2914 4769 πενήτων,
2962 4712 3051 4758 καὶ
3103 4726 3162 4758 το
3216 4712 3515 4760 κοινωνικόν
3573 4710 3651 4757 καὶ
3698 4698 3816 4771 silit-

2302 4792 2472 4849 ληλον.
2510 4789 2675 4844 Οὐδὲν
2707 4795 2794 4845 οὖν
2824 4792 3110 4869 βαρύτερον
3152 4801 3210 4848 τό
3262 4817 3326 4869 γε
3358 4805 3445 4849 νῦν
3496 4797 3609 4869 ἕχον
3637 4792 3815 4845 interfit

2304 4882 2501 4947 αὐτοῖς,
2521 4878 2670 4942 εἰδὼς
2696 4885 2776 4935 ὅτι
2806 4886 2831 4935 ὃ
2858 4889 3089 4957 Χριστός
3118 4885 3213 4937 οὐκ
3242 4887 3321 4948 εἰς
3342 4889 3541 4959 μακρὰν
3564 4884 3814 4955 νομοθετισῖῖ

2302 4974 2396 5031 τὰς
2422 4971 2755 5043 εὐαγγελικὰς
2783 4972 3007 5036 ἐντολάς.

2374 5059 2560 5112 Ἦλθον
2616 5092 2683 5100 —-
2748 5064 3029 5135 πράσσετε.
3091 5064 3375 5137 Διάταγμα
3458 5067 3549 5137 γὰρ
3602 5060 3720 5131 εἶχεν
3765 5054 3813 5103 ἐπὶ

2302 5157 2417 5231 ταῖς
2467 5147 2780 5207 ἀπαιτήσεσι
2836 5157 2954 5227 περὶ
3006 5158 3298 5215 ποσότητος
3349 5159 3440 5207 καὶ
3494 5153 3720 5207 ποιότητος
3753 5150 3812 5191 τίεν

2302 5225 2710 5293 ἀπαιτουμένων.

2370 5310 2675 5382 Ἐπηρώτων
2728 5340 2795 5352 --
2856 5317 3313 5385 συκοφαδτὴσητε.
3367 5320 3579 5369 Διέσειον
3638 5310 3711 5377 γὰρ
3754 5318 3809 5349 κει

2302 5399 2682 5471 ἐσυκοφάντουν
2703 5400 2942 5465 πολλοὺς,
2971 5403 3040 5463 ὡς
3076 5401 3390 5467 ἀποστάτας
3415 5406 3443 5462 ἦ
3487 5398 3727 5455 ἐπιϐούλους
3746 5406 3805 5437 τε)

2307 5495 2591 5561 Καίσαρος,
2623 5486 2695 5541 δι’
2722 5488 3181 5564 αἰσχροκέρδειαν.
