3922 6200
142 272 222 330 905
1121 262 1476 322 COMMENT.
1521 260 1593 316 IN
1633 256 1896 315 LUCAM.
1939 288 2006 300 —
2045 258 2203 318 CAP.
2247 260 2342 318 Ill.

3322 261 3427 322 906

197 403 275 452 Καὶ
315 427 370 437 -
406 396 557 466 ὑμῶν.
617 398 740 454 Τοῖς
784 395 1124 466 σιτηρεσίοις.
1184 387 1528 447 Καταλλήλως
1568 379 1656 436 οὗν

1838 381 1980 438 Vers
2013 384 2099 439 14.
2132 365 2196 440 Et
2226 415 2296 426 —
2335 385 2562 442 vestris.
2605 416 2675 428 -—
2702 388 2964 445 Tesseris
2989 388 3418 449 frumentariis.

138 495 239 541 πᾶσι
280 488 520 556 παρῄνεσε,
563 487 656 540 τὴν
710 481 1010 556 τελεωτέραν
1065 476 1420 532 διδασκαλίαν
1479 473 1657 526 ἀπολε-

137 578 285 638 λοιπὼς
301 582 360 645 τῷ
379 579 597 646 Χριστῷ.

192 660 537 737 Προσδοκῶντος
612 691 680 700 -
758 659 906 712 λαοῦ.
978 655 1463 730 ’Υπολαμϐοίνοντος
1548 651 1658 705 εἶτα

138 756 396 827 ἐφερμηνεύει
421 755 500 803 τὸν
523 751 692 821 λόγον.

193 848 272 897 Καὶ
336 839 749 912 διαλογιζομένων
807 870 874 879 ——
947 837 1140 893 ἅπασι.

136 936 311 996 πάντων,
344 935 526 1001 μήποτε
574 928 725 988 αὐτὸς
756 930 831 984 εἴη
893 927 917 978 6
957 928 1208 999 Χριστὸς,
1254 924 1306 976 ὃν
1361 925 1408 975 οἱ
1455 929 1659 995 προσρῆ-

138 1018 612 1091 ταικαταγγελλουσι’
652 1015 923 1079 ἐξέπληττε
949 1019 1050 1089 γὰρ
1097 1014 1280 1074 αὐτοὺς
1310 1014 1336 1064 6
1365 1011 1514 1083 λόγος
1543 1011 1655 1082 (88)

134 1114 201 1162 καὶ
224 1112 247 1167 ἡ
269 1107 472 1160 πολιτεία
495 1106 675 1157 αὐτοῦ·
706 1109 858 1176 γνοὺς
886 1101 944 1157 δε
971 1105 996 1155 6
1026 1105 1267 1163 Ἰωάννης
1296 1106 1389 1160 τήν
1411 1102 1657 1158 τοιαύτην

139 1199 263 1250 αὐτῶν
301 1195 538 1266 ὑπόληψιν
587 1202 658 1265 τῷ
709 1191 990 1269 διορατικῷ
1038 1195 1310 1264 πνεύματι,
1354 1190 1658 1264 ἀπεκρίνατο

142 1284 428 1359 διορθούμινος
456 1284 633 1341 αὐτὴν.

1218 834 1492 905 Διαλογιζο
1497 836 1655 904 μένων

196 1380 328 1446 Λίγων
364 1405 421 1415 -
471 1374 653 1440 αὐτοῦ,
715 1376 934 1445 Εἴρηται
1003 1376 1093 1423 καὶ
1181 1375 1295 1444 περὶ
1372 1371 1561 1423 τούτων
1611 1367 1658 1420 ἓν

135 1471 187 1532 τῷ
229 1469 353 1538 τρίτῳ
413 1462 670 1535 κεφαλαίῳ
741 1470 832 1513 τοῦ
886 1464 1020 1512 κατὰ
1082 1462 1362 1524 Ματθαῑον,
1426 1463 1515 1510 καὶ
1574 1458 1660 1518 ζή-

130 1570 253 1609 τησον
277 1550 378 1604 ἐκεῖ.
407 1552 693 1623 Ἀνὴνωθι
733 1548 792 1603 δε
821 1554 911 1602 καὶ
936 1549 984 1602 ἐν
1019 1559 1089 1620 τῷ
1119 1553 1376 1622 προοιμίῳ
1405 1555 1497 1600 τοῦ
1527 1549 1661 1600 κατὰ

129 1643 294 1712 Μάρκον
315 1646 395 1699 τὴν
419 1640 669 1713 ἐξήγησιν
699 1647 811 1692 τοῦ”
841 1638 1094 1714 Ἔρχεται
1125 1640 1148 1690 6
1192 1638 1530 1710 ἰσχυρότερός
1558 1657 1658 1710 μον

127 1728 258 1780 ὀπίσω
278 1749 384 1800 μου.

179 1819 246 1888 Η-
287 1825 344 1871 ⁴0
387 1819 620 1882 Ἰωάννης
666 1820 780 1890 (89)
830 1823 1007 1890 φησίν·
1055 1817 1166 1870 Οὐκ
1204 1817 1307 1890 εἱμί
1358 1819 1526 1877 ἱκανὸς
1573 1816 1659 1868 λῦ·

121 1925 191 1958 σαι
256 1912 332 1960 τόν
402 1907 591 1982 ἱμάντα
658 1917 758 1960 τῶν
839 1904 1192 1980 ὑποδημάτων
1253 1906 1437 1970 αὐτοῦ,
1526 1908 1659 1958 κατὰ

117 1999 186 2064 μὲν
228 2003 301 2054 τὴν
344 2006 574 2073 προφανῆ
634 2000 826 2050 ἔννοιαν
876 1993 1050 2059 δηλοῖ,
1109 1997 1188 2048 ὃτι
1241 1991 1364 2048 οὐδὲ
1431 1997 1659 2066 ἔσχατος

115 2082 258 2147 δοῦλος
283 2087 430 2140 αὐτοῦ
461 2088 571 2161 εἰμι
619 2087 759 2150 ἄξιος
809 2087 1106 2138 τάττεσθαι·
1157 2088 1291 2137 κατὰ
1340 2081 1398 2138 δὲ
1439 2087 1498 2136 τὸ
1537 2104 1654 2158 κρυ-

115 2181 328 2249 οιώτερον,
367 2174 459 2229 δύο
500 2173 826 2250 ὑποδήματά
873 2175 975 2228 εἰσι
1027 2183 1117 2227 τοῦ
1161 2179 1374 2246 Κυρίου,
1427 2176 1457 2233 ἠ
1503 2193 1558 2227 τε
1606 2174 1660 2238 ἐξ

111 2263 286 2337 οὐρανοῦ
333 2265 412 2318 ἐπὶ
465 2271 564 2326 τήν
619 2275 719 2338 γῆν
775 2261 1052 2336 ἐπιδημία,
1104 2268 1192 2316 καὶ
1241 2265 1269 2321 ἠ
1323 2263 1378 2315 ἐκ
1427 2272 1528 2334 γῆς
1574 2263 1658 2316 ἐπὶ

110 2355 175 2403 τὸν
195 2351 330 2423 ᾅδην⁸
380 2359 575 2408 τούτων
618 2351 705 2408 οὖν
750 2363 848 2407 τῶν
902 2350 1000 2406 δύο
1043 2350 1336 2425 ἕπιὸημιὼν
1383 2356 1496 2414 τούς
1533 2357 1658 2428 τρό-

108 2460 207 2503 πους
227 2442 278 2494 οὐ
307 2440 518 2496 δύναταί
548 2464 627 2505 τις
655 2444 832 2505 λῦσαι,
864 2438 988 2495 οὐδὲ
1015 2442 1058 2494 εἰ
1087 2443 1220 2493 κατὰ
1251 2442 1488 2499 Ἰωάννην
1523 2445 1656 2495 ἐστι.

105 2536 171 2592 Τίς
185 2534 269 2604 γὰρ
287 2530 500 2587 δύναταί
531 2534 710 2590 εἰπεῖν.
734 2533 762 2591 ἦ
787 2541 892 2593 πῶς
914 2530 1212 2606 ἐσαρκὼθη,
1231 2531 1260 2590 ἣ
1286 2540 1392 2592 πῶς
1408 2533 1658 2590 κατῆλθεν

106 2620 162 2680 είς
182 2617 299 2691 ᾅδην
319 2637 334 2688 ;

159 2815 302 2879 Αὐτὸς
345 2849 410 2858 --
464 2822 622 2892 πυρί.
689 2817 770 2870 Ἐν
816 2824 886 2887 τῷ
951 2813 1236 2874 δηλωθέντι
1291 2821 1449 2890 τρίτῳ
1513 2837 1662 2889 κεφα-

100 2903 203 2974 λαίῳ
250 2915 333 2958 του
387 2911 526 2959 κατὰ
586 2905 862 2960 Ματθαίον
933 2905 1170 2980 εὑρήσεις
1229 2911 1315 2959 καὶ
1374 2912 1490 2978 περὶ
1548 2910 1663 2958 τού-

103 3010 172 3043 του
184 3038 194 3050 ,

1768 471 1988 528 Omnes
2018 486 2160 543 ergo
2210 473 2575 532 admonebat
2612 475 3012 534 diversimode
3053 486 3118 535 ut
3161 480 3429 553 expedie-

1766 559 1885 625 bat,
1919 561 2329 632 perfectiorem
2358 564 2694 620 doctrinam
2721 565 2921 622 Chisto
2948 568 3316 641 relinquens.

1837 648 2002 706 Vers.
2065 652 2154 708 15.
2193 653 2595 721 Exspectante
2628 685 2685 695 —
2741 657 2977 726 populo.
3052 658 3424 730 Suspicante,

1765 735 1981 794 deinde
2014 739 2432 810 interpretatur
2464 741 2738 798 verbum.

1837 826 1997 882 Vers.
2026 832 2110 883 15.
2125 828 2199 882 Et
2220 829 2609 899 cogitantibus
2628 861 2696 870 ——
2713 831 2871 887 Vers.
2894 833 2980 887 16.
3003 833 3296 891 Omnibus.
3320 835 3426 893 Co-

1765 914 2094 984 gitantibus
2113 915 2422 984 omnibus,
2441 932 2588 973 num
2618 918 2747 989 ipse
2771 926 2924 976 esset
2941 921 3426 994 Christus,quem

1765 1001 2072 1075 prophetas
2099 1004 2562 1062 annuntiabant.
2590 1005 3118 1079 Obstupet‘aciebat
3139 1011 3298 1066 enim
3322 1026 3426 1068 eos

1767 1091 2139 1147 conversatio
2162 1107 2234 1148 ac
2261 1107 2457 1149 sermo
2483 1093 2692 1165 ipsius.
2725 1095 2924 1151 Sciens
2944 1101 3141 1153 autem
3165 1098 3426 1155 Joannes

1766 1180 1924 1236 hanc
1966 1196 2175 1237 eorum
2221 1181 2570 1254 opinionem
2603 1185 2881 1242 acumine
2914 1187 3008 1242 sui
3058 1186 3300 1258 spritus,
3340 1202 3426 1244 re-

1767 1269 2009 1342 spondit
2038 1269 2200 1327 illam
2235 1271 2558 1342 corrigens.

1839 1358 2004 1415 Vers.
2038 1358 2122 1414 16.
2159 1360 2633 1432 Diceris—ejus.
2691 1363 2921 1420 Dictum
2976 1368 3064 1420 est
3108 1367 3165 1422 et
3211 1364 3286 1421 de
3334 1365 3425 1422 his

1767 1447 1964 1520 capite
1991 1449 2160 1504 tertio
2179 1449 2482 1520 Evangelii
2504 1450 2679 1522 juxta
2708 1453 3068 1510 Matthaaum.
3100 1455 3251 1525 Lege
3279 1469 3427 1526 quo-

1767 1552 1888 1610 que
1916 1537 1976 1592 in
2002 1537 2296 1609 prooemio
2333 1538 2666 1595 secundum
2690 1540 2951 1597 Marcum
2982 1543 3424 1601 enarrationem

1768 1625 1924 1682 illius
1955 1626 2159 1682 verbi:
2202 1627 2368 1684 Venit
2391 1628 2440 1684 is
2468 1627 2567 1699 qui
2593 1644 2686 1686 me
2707 1629 2928 1699 fortior
2947 1639 3031 1688 est
3069 1637 3201 1701 post
3229 1647 3321 1690 me
3351 1633 3421 1688 ³⁸.

1839 1839 2057 1911 -ι-Οιιοά
2086 1841 2347 1897 Joannes
2375 1842 2457 1898 ait
2478 1859 2491 1897 :
2512 1843 2652 1899 Non
2680 1860 2810 1901 sum
2839 1845 3076 1916 dignus,
3104 1853 3170 1902 ut
3195 1847 3422 1904 solvam

1766 1929 2082 2000 corrigiam
2119 1930 2640 1988 calceamentorum
2662 1935 2826 2002 ejus:
2855 1939 3150 2005 quantum
3187 1936 3264 1991 ad
3289 1951 3426 1994 ma-

1767 2017 2132 2074 nifestiorem
2159 2018 2632 2088 intelligentiam,
2675 2021 2970 2092 signiﬁcat
3017 2037 3083 2079 se
3125 2039 3249 2080 non
3297 2040 3425 2081 esse

1767 2106 2040 2177 dignum,
2085 2107 2191 2180 qui
2219 2107 2312 2162 vel
2361 2109 2664 2166 numerari
2693 2109 2913 2180 dignus
2969 2111 3045 2167 sit
3087 2118 3424 2184 postremus

1768 2196 1899 2267 ejus
1926 2211 2151 2252 servus.
2185 2195 2486 2264 Quantum
2517 2203 2717 2255 autem
2761 2199 2839 2255 ad
2877 2201 3251 2258 reconditum
3294 2218 3428 2259 sen-

1769 2301 1926 2354 sum,
1949 2284 2071 2342 duo
2096 2285 2502 2343 calceamenta
2530 2288 2762 2344 Domini
2789 2293 2928 2346 sunt
2951 2289 3088 2346 dum
3112 2291 3241 2362 ejus
3261 2306 3428 2364 pere-

1769 2374 2154 2444 grinationes,
2177 2379 2315 2446 puta
2343 2391 2380 2432 a
2399 2377 2551 2433 caelo
2581 2378 2641 2432 in
2679 2381 2896 2434 terram
2918 2383 2975 2435 et
3003 2395 3040 2435 a
3061 2383 3214 2437 terra
3242 2380 3316 2437 ad
3341 2381 3428 2438 in-

1769 2462 2004 2520 fernum
2018 2507 2032 2520 .
2052 2463 2275 2521 Harum
2291 2465 2450 2521 enim
2464 2467 3001 2538 peregrinationum
3020 2468 3235 2526 modos
3245 2485 3426 2528 nemo

1768 2557 1966 2625 potest
1981 2552 2227 2618 solvere,
2251 2553 2366 2608 nisi
2392 2555 2608 2610 Joanni
2633 2556 2879 2628 quidem
2914 2555 2991 2612 sit
3027 2557 3255 2615 similis.
3283 2560 3426 2625 Quis

1769 2645 1928 2698 enim
1971 2641 2186 2713 poterit
2209 2643 2425 2712 dicere,
2459 2649 2560 2699 aut
2596 2645 2906 2714 quomodo
2955 2645 3028 2700 sit
3052 2647 3423 2720 incarnatus,

1770 2735 1874 2788 aut
1899 2731 2208 2803 quomodo
2238 2730 2316 2786 ad
2356 2731 2655 2787 infernum
2684 2733 3106 2790 descenderit?

1843 2819 2004 2876 Vers.
2047 2820 2134 2874 16.
2191 2821 2324 2889 Ipse
2375 2851 2446 2860 —
2483 2820 2612 2890 igni
2665 2821 2954 2877 Praedicta
3008 2823 3176 2880 tertio
3231 2824 3427 2896 capite

1773 2908 2066 2980 Evangelii
2091 2908 2424 2965 secundum
2464 2909 2809 2965 Matthasum
2849 2909 3028 2967 etiam
3055 2911 3132 2969 de
3169 2927 3241 2970 eo
3270 2913 3430 2970 inve-

1771 3013 1921 3054 ηιθε.

155 3083 397 3152 [Βαπτίζει
424 3085 542 3158 (90)
566 3087 797 3158 Χριστὸς
827 3083 875 3136 ὲν
916 3086 1178 3157 Πνεύματι
1219 3103 1310 3157 μεν
1353 3083 1506 3157 ἁγίῳ,
1547 3088 1662 3145 τοὺς

1841 3086 2167 3160 1-Baptizat
2209 3088 2475 3144 Christus
2515 3089 2574 3145 in
2604 3086 2830 3159 Spiritu
2867 3095 3074 3147 sancto
3103 3090 3329 3159 ﬁdeles,
3367 3092 3428 3148 in

99 3177 300 3235 πιστούς
323 3173 368 3226 ἓν
399 3181 530 3248 πυρὶ
561 3171 640 3245 δὲ,
675 3177 792 3234 τοὺς
818 3171 1089 3234 ἀπίστους.
1123 3174 1228 3228 Καὶ
1257 3177 1317 3226 τὸ
1347 3177 1456 3245 μὲν,
1503 3172 1550 3226 ἓν
1589 3184 1662 3246 τῷ

94 3267 277 3333 παρόντι
304 3261 432 3336 βίῳο
472 3268 534 3316 τὸ
564 3259 646 3324 δὶ,
671 3261 719 3314 ἕν
751 3270 822 3332 τῷ
850 3261 1128 3334 μελλοντι.]

151 3350 215 3400 Οὔ
242 3382 304 3392 -
345 3351 614 3424 ἀσϐέστῳ.
657 3358 837 3405 Ταῦτα
874 3356 962 3404 καὶ
1000 3352 1025 3404 6
1073 3353 1341 3414 Ματθαῖος
1385 3351 1659 3426 ἀνέγραψε,

91 3441 161 3490 καὶ
197 3435 662 3515 διηρμηνεύθησαν
719 3442 908 3513 ὁμοίως
969 3439 1018 3493 ἓν
1067 3449 1138 3512 τῷ
1189 3446 1349 3515 τρίτῳ
1406 3440 1663 3514 κεφαλαίῳ

95 3546 239 3581 πέτου.

149 3617 295 3671 Πολλά
343 3651 412 3662 -
465 3621 603 3691 λαῷ.
670 3619 837 3672 Πολλὰ
883 3622 972 3671 καὶ
1038 3621 1184 3692 ἔτερα
1228 3626 1344 3693 περὶ
1391 3629 1482 3674 τοῦ
1543 3629 1664 3693 Χρι-

95 3715 194 3757 στοῦ
242 3709 610 3781 εὐηγγελίζετο
667 3717 738 3779 τῷ
819 3708 946 3779 λαῷ,
1031 3709 1343 3780 παρακαλῶν
1398 3707 1666 3783 προσδρα-

89 3797 181 3862 μεῖν
221 3803 304 3851 καὶ
350 3808 649 3852 πιστεῦσαν
699 3798 858 3868 αὐτῷ,
910 3797 1176 3871 ἐρχομένῳ
1221 3795 1349 3857 ἤδη·
1405 3800 1458 3867 ἦ,
1506 3800 1669 3853 πολλὰ

87 3889 181 3955 περὶ
225 3894 490 3962 σωτηρίας
551 3886 744 3952 αὐτῶν,
799 3885 1111 3961 παρακαλῶν
1177 3896 1497 3960 μετανοῆσαι
1575 3889 1667 3940 αύ-

88 3989 210 4035 τονς,

138 4063 190 4115 ’0
226 4061 282 4119 δέ
325 4064 581 4141 Ἡρώδης
629 4097 699 4106 -
741 4065 964 4138 φυλακῇ.
1012 4068 1154 4119 Μετὰ
1200 4069 1261 4118 τὸ
1308 4065 1668 4138 βαπτισθῆναι

81 4154 151 4200 τὸν
189 4159 435 4228 Χριστὸν,
480 4153 755 4216 δηλονότι.
807 4158 1026 4228 Εἷρῆται
1059 4151 1118 4208 δὲ
1147 4160 1264 4230 περὶ
1311 4164 1401 4218 τῆς
1441 4163 1668 4231 φρουρᾶς

75 4250 150 4292 τον
179 4243 400 4298 Ἰωάννου
432 4246 483 4299 ἓν
511 4254 590 4317 τῷ
617 4245 836 4316 εἰκοστῷ
861 4249 1076 4317 πέμπτῳ
1116 4245 1373 4317 κεφαλαίῳ
1404 4255 1495 4298 τοῦ
1537 4250 1668 4299 κατὰ

79 4330 333 4388 Ματθαίὁν.

1771 3176 1908 3249 igne
1960 3191 2098 3232 vero
2128 3176 2420 3232 inﬁdeles:
2471 3184 2526 3232 et
2571 3177 2718 3234 illud
2766 3177 3008 3250 quidem
3060 3181 3121 3236 in
3151 3182 3429 3253 praesenti

1770 3265 1917 3331 vita,
1948 3265 2064 3321 hoc
2107 3272 2310 3321 autem
2338 3266 2398 3321 in
2426 3265 2646 3322 futura.

1842 3353 2011 3409 Vers.
2073 3359 2156 3409 17.
2209 3354 2386 3425 Cujus
2430 3385 2497 3394 —
2527 3355 3009 3426 inexstinguibili.
3066 3357 3198 3412 Haec
3247 3357 3430 3416 etiam

1773 3442 2010 3515 scripsit
2028 3443 2352 3508 Mattheus,
2383 3447 2440 3498 et
2471 3441 2738 3500 similiter
2760 3443 3068 3502 enucleata
3096 3450 3234 3502 sunt
3264 3447 3431 3506 tertio

1774 3534 1966 3603 capite
1991 3532 2290 3603 Evangelii
2316 3531 2505 3605 ipsius
2521 3575 2534 3588 .

1846 3620 2008 3677 Vers.
2027 3621 2113 3675 18.
2128 3621 2326 3678 Multa
2344 3622 2652 3693 —populo.
2667 3621 2845 3679 Multa
2865 3627 3146 3695 praeterea
3157 3629 3212 3680 et
3226 3623 3346 3681 alia
3355 3623 3431 3682 de

1776 3709 2005 3767 Christo
2031 3711 2429 3767 annuntiabat
2456 3711 2676 3783 populo
2712 3711 3064 3784 adhortans,
3097 3718 3160 3769 ut
3187 3713 3267 3770 ad
3291 3730 3431 3770 eum

1776 3805 2173 3866 accurrerent,
2201 3799 2340 3856 etin
2358 3816 2497 3856 eum
2528 3800 2837 3856 crederent
2861 3801 2966 3874 qui
2983 3802 3108 3872 jam
3137 3802 3430 3860 veniebat.

1775 3889 1896 3955 Vel,
1927 3888 2112 3944 multa
2133 3888 2208 3944 de
2229 3889 2417 3944 salute
2429 3888 2666 3945 illorum
2685 3889 3013 3946 adhortans
3025 3907 3144 3960 eos,
3165 3898 3230 3949 ut
3243 3891 3433 3965 pwni-

1777 3983 1921 4035 teret
1949 3977 2114 4050 ipsos
2141 3993 2211 4033 ac
2242 3977 2673 4048 resipiscerent.

1848 4065 2011 4122 Vers.
2046 4066 2128 4121 19,
2164 4066 2426 4123 Herodes
2469 4074 2661 4122 autem
2700 4097 2768 4108 —
2798 4068 2963 4123 vers.
2988 4071 3072 4124 20.
3113 4069 3424 4126 Custodia.

1776 4156 2100 4226 Postquam
2133 4154 2401 4210 videlicet
2440 4155 2775 4225 baptizatus
2806 4155 2996 4212 fuerat
3028 4156 3310 4214 Christus.
3344 4158 3434 4211 Di-

1778 4251 1938 4300 ctum
1961 4252 2048 4299 est
2073 4249 2274 4300 autem
2291 4242 2364 4298 de
2383 4243 2628 4299 Joannis
2659 4243 3122 4299 incarceratione
3148 4243 3434 4300 vicesimo

1775 4333 1986 4407 quinto
2029 4334 2224 4404 capite
2256 4330 2551 4401 Evangelii
2584 4333 2917 4387 secundum
2949 4331 3314 4387 Matthaeum.

135 4420 332 4491 Εγένετο
398 4455 472 4466 -
549 4419 854 4482 ηὐδόκησα.
925 4424 1242 4486 Βαπτισθεὶς
1309 4427 1662 4498 προσηύχετο,

1849 4421 2014 4478 Vers.
2047 4422 2137 4476 21.
2189 4421 2438 4478 Factum
2486 4425 2571 4476 est
2599 4451 2667 4461 —
2694 4421 2857 4476 Vers.
2891 4421 2980 4477 20.
3014 4421 3431 4491 Complacitum

77 4501 342 4580 διδάσκων,
373 4515 456 4566 ὅτι
502 4516 622 4588 χρὴ
665 4516 784 4575 τοὺς
828 4509 1212 4585 βαπτισθέντας
1249 4516 1665 4589 προσεύχεσθαι·

76 4598 123 4648 τό
169 4604 369 4673 Πνεῦμα
413 4598 479 4656 δέ
535 4605 600 4655 τό
657 4601 806 4673 ἅγιον
869 4611 1152 4675 σωματικῷ
1209 4599 1336 4656 εῖδει
1394 4602 1668 4671 κατῆλθεν,

79 4685 147 4737 ἱνα
195 4690 344 4763 θεειθῇ
396 4699 510 4752 τοῖς
577 4698 896 4764 σωματικοῖς
967 4689 1251 4764 ὀφθαλμοῖς
1310 4701 1409 4744 τῶν
1472 4692 1667 4767 ἀνθρώ-

78 4791 184 4841 πων,
206 4784 290 4832 καὶ
315 4781 386 4843 εἰς
415 4785 590 4854 τιμὴν
617 4787 709 4833 τοῦ
741 4785 979 4852 σώματος
1016 4787 1109 4833 τοῦ
1153 4783 1405 4855 Χρῖστοῦ.
1442 4788 1566 4856 Περὶ
1612 4779 1670 4836 δὲ

76 4866 150 4916 τοῦ
179 4865 563 4943 βαπτίσματος
586 4868 748 4922 αὐτοῦ
765 4868 1076 4945 πλατύτερον
1100 4870 1322 4942 ἔγραψεν
1354 4871 1378 4922 6
1407 4874 1671 4933 Ματθαίος

76 4948 116 5000 ἄν
152 4961 216 5026 τῷ
259 4962 424 5033 τρίτῳ
467 4957 755 5031 κεφαλαίῳ,
817 4963 905 5012 καὶ
947 4960 1349 5035 ἠρμῆνεύθησαν
1398 4959 1448 5012 ἓν
1496 4959 1669 5035 ἐκείνῳ

73 5043 220 5097 πάντα
253 5049 392 5101 κατὰ
418 5048 604 5123 ῥῆμα.

127 5194 173 5230 ²⁶
197 5193 405 5258 Ilatth.
441 5196 491 5266 Ι,
521 5197 584 5254 7.

1777 4519 1882 4570 est.
1931 4511 2269 4582 Baptizatus
2316 4510 2549 4576 orabat,
2603 4510 2832 4564 docens
2879 4525 3004 4574 eos,
3033 4510 3136 4582 qui
3164 4509 3438 4581 baptizati

1779 4606 1918 4658 sunt
1936 4616 2125 4657 orare.
2152 4599 2400 4671 Sipritus
2428 4603 2670 4654 sanctus
2699 4608 2888 4654 autem
2916 4597 3211 4670 corporali
3241 4597 3432 4669 specie

1777 4689 2102 4755 descendit,
2133 4694 2195 4743 ut
2232 4687 2418 4744 oculis
2447 4687 2860 4759 corporalibus
2899 4687 3204 4742 hominum
3251 4686 3448 4756 videri,

1778 4785 2010 4852 posset:
2054 4783 2111 4834 et
2135 4779 2316 4834 etiam
2345 4778 2402 4832 iu
2430 4777 2722 4833 honorem
2761 4776 3045 4849 corporis.
3073 4775 3292 4832 Christi
3325 4777 3442 4833 Sed

1779 4870 1854 4926 de
1884 4870 2014 4939 ejus
2028 4867 2390 4938 baptismate
2418 4866 2653 4938 planius
2673 4866 2914 4938 scripsit
2940 4864 3250 4922 Matthaaus
3275 4864 3442 4920 tertio

1780 4959 1993 5032 capite,
2048 4963 2105 5014 et
2133 4957 2216 5013 ibi
2245 4961 2384 5012 sunt
2422 4957 2629 5012 omnia
2676 4955 2753 5012 ad
2787 4956 3037 5012 verbum
3083 4954 3436 5028 explanata.

1274 5327 1510 5402 Vat-im
1552 5329 1884 5400 lectiones
1924 5336 1990 5397 et
2028 5334 2240 5396 notae.

127 5465 232 5611 $23)
267 5468 331 5525 Ἣ
355 5474 616 5555 πολιτεία
637 5475 728 5554 καρ
749 5471 777 5525 6
801 5470 967 5555 λόγος..

215 5541 234 5610 )
267 5541 398 5600 Hoc
420 5558 492 5602 in
517 5557 798 5611 margine
825 5543 1049 5600 codicis

149 5541 234 5610 89)
267 5541 398 5600 Hoc
420 5543 492 5602 in
517 5542 798 5616 margine
825 5541 1049 5600 codicis
1077 5541 1298 5616 reperit
1325 5543 1676 5602 Hentenius.

74 5605 318 5672 Meorum
331 5620 560 5673 neuter
575 5614 614 5671 h

339 5714 605 5771 Pnaon.
646 5714 751 5773 Ga.
790 5711 1037 5771 CXXIX.

703 5619 778 5672 et.
797 5617 915 5672 Hoc
936 5614 1286 5673 translatum
1300 5621 1388 5675 est
1403 5631 1475 5674 ex
1495 5617 1680 5675 Theo-

1784 5471 2046 5547 phxlsct,
2071 5483 2132 5542 ι).
2183 5467 2292 5547 _325
2322 5466 2384 5522 E.

1859 5491 1869 5529 ι
1914 5489 2046 5528 lact.
2071 5489 2132 5542 p.
2192 5489 2292 5525 πω
2322 5489 2384 5522 n.

1859 5489 1972 5616 (V90)
2005 5543 2138 5600 Hmc
2180 5539 2244 5598 in
2271 5537 2540 5611 margine
2565 5543 2637 5598 Α.

3100 5703 3172 5762 29
