3922 6200
160 226 243 286 909

1150 211 1521 274 COMMENT.
1564 210 1637 267 IN
1678 207 1940 266 LUCAM.
1982 242 2052 254 ——
2089 215 2239 271 CAP.
2284 215 2376 271 IV.

3335 220 3443 279 910

158 355 325 413 ἐκεῖνος.
365 353 455 407 Τὴν
494 348 590 418 γὰρ
619 348 818 418 μητέρα
846 351 937 396 τοῦ
986 342 1126 397 Ἠλεὶ
1175 346 1263 394 καὶ
1324 348 1416 393 τοῦ
1470 333 1679 400 Ἰακὼϐ,

1849 351 1937 393 sm
1960 337 2262 411 siquidem
2293 340 2483 413 ipsius
2504 339 2588 397 Eli
2614 344 2670 398 et
2692 342 2876 399 Iacob
2899 342 3163 416 primum
3192 343 3365 417 duxit
3379 345 3442 402 in

156 451 300 515 πρῶτα
468 438 648 507 ἔγημεν
698 434 723 485 6
782 436 925 507 παρὰ
976 440 1047 502 τῷ
1104 437 1285 501 Λουκᾷ
1338 430 1555 483 Ματθὰν
1600 425 1684 477 οὗ·

155 551 233 597 τος,
266 534 341 581 καὶ
366 526 577 597 ὶγέννησε
633 527 719 575 τὸν
751 522 930 575 Ἠλεί·
992 519 1102 574 εἶτα
1152 520 1499 579 ἀποθανόντος
1559 519 1684 568 ἐκεί.

155 639 239 684 νθν,
263 622 411 688 χήραν
442 613 593 665 οὖσαν
630 613 854 683 ἠγάγετο
889 614 1083 669 ταύτην
1111 612 1136 662 6
1163 612 1307 685 παρὰ
1330 617 1402 679 τῷ
1428 609 1683 676 Ματθαίῳ

154 708 324 760 Ματθὰν
380 702 564 763 ἐκεῖνος,
644 708 740 762 τῆς
787 700 949 762 αὐτῆς
1010 703 1099 772 μὲν
1149 699 1311 772 φυλῆς
1359 702 1449 767 ὢν,
1509 696 1684 770 ἐτέρας

157 792 201 847 6":
254 795 529 862 συγγενείας,

153 884 235 947 οὖν,
287 881 401 934 Ἠλεὶ
449 885 534 931 καὶ
605 876 792 930 Ἰακὼϐ
865 880 1176 951 ὁμομήτριοι
1259 880 1370 949 μὲν,
1444 874 1681 950 inportu:-

152 991 259 1043 τριοι
298 966 364 1023 δέ.
400 969 675 1039 Ἀνάγουσι
733 963 792 1020 δε
841 970 899 1019 τέ
951 970 1113 1038 γένος,
1168 968 1193 1018 ὀ
1245 969 1334 1039 μὲν
1387 971 1479 1016 τοῦ
1541 962 1680 1016 Ἠλεὶ

152 1065 304 1134 πατὴρ,
353 1058 427 1111 ἐπὶ
486 1057 667 1122 Ῥησά,
718 1060 803 1108 τὸν
862 1057 973 1108 υἱον
1034 1063 1125 1107 τοῦ
1177 1051 1502 1127 Ζοροϐάϐελ·
1537 1053 1563 1103 6
1622 1048 1681 1103 δὲ

154 1149 398 1202 τοῦἸακώϐ
421 1151 609 1221 πατὴρ,
666 1144 749 1197 ἐπὶ
798 1141 1015 1199 Ἀϐιούδ
1053 1149 1140 1196 τον
1188 1146 1297 1195 υἱὸν
1346 1143 1537 1214 ὁμοίως
1589 1147 1679 1193 τοῦ

158 1236 399 1312 Ζοροϐάϐελ
447 1240 526 1287 καὶ
591 1234 870 1307 ἀμφότεροι
939 1231 998 1286 δὲ
1054 1234 1138 1286 ἐπὶ
1203 1238 1288 1285 τὸν
1368 1229 1676 1304 Ζοροϐάϐελ,

161 1327 290 1400 ἀφόὕ
312 1329 366 1378 τὰ
402 1322 490 1378 δύο
531 1330 655 1397 γένη
705 1332 873 1378 ταῦτα
920 1323 1272 1395 ἐσχίσθησαν.
1312 1326 1410 1375 Καὶ
1448 1320 1578 1374 ἄλλα
1623 1316 1681 1373 δί

158 1417 320 1469 τοιαῦτά
377 1414 496 1467 εἰσιν
572 1413 623 1465 ἐν
674 1420 790 1476 ταῖς
853 1422 953 1466 τῶν
1016 1411 1391 1485 εὐαγγελιστῶν
1448 1409 1681 1481 γενεαλο-

609 795 696 841 καὶ
752 788 986 860 ἐγέννησε
1056 793 1141 840 τὸν
1220 786 1442 841 Ἰακώϐ·
1500 784 1680 837 λοιπὸν

150 1510 275 1575 γίαις.

202 1601 285 1646 Τοῦ
321 1597 433 1647 Λευὶ
467 1624 533 1635 -
578 1600 670 1646 τοῦ
713 1597 875 1665 Napi.
924 1596 1022 1644 Τὸν
1065 1590 1324 1649 Σαλαθιήλ
1361 1589 1387 1642 ό
1418 1591 1508 1662 μὲν
1544 1596 1686 1643 Ματ-
1722 1597 1763 1653 Β

146 1684 261 1744 Gaio;
313 1686 412 1735 υἱὸν
471 1690 563 1736 τοῦ
622 1684 875 1754 Ἰεχονίου
932 1682 1011 1752 (2)
1074 1681 1362 1752 ὠνόμασεν,
1426 1683 1494 1742 ὡς
1549 1682 1685 1731 κατὰ

146 1774 268 1840 φύσιν
299 1774 396 1824 υἱὸν
432 1773 591 1825 αὑτοῦ
624 1788 637 1802 ·
669 1774 695 1823 6
742 1768 801 1823 δὲ
837 1776 1044 1832 Λουκᾶς
1090 1777 1177 1821 νῦν
1225 1771 1335 1821 υἱὸν
1381 1775 1467 1821 τοῦ
1521 1772 1681 1843 Νηρὶ,

140 1863 195 1921 ὡς
230 1864 346 1913 κατὰ
390 1865 559 1933 νόμον.
621 1861 905 1930 ’.ἵνά-γουσι
954 1856 1013 1912 δὲ
1069 1864 1157 1911 καὶ
1210 1858 1354 1911 οὗτοι
1409 1861 1467 1910 τὸ
1518 1862 1680 1930 γένος,

140 1951 267 2021 ἁμὶν
314 1956 459 2026 Νηρὶ,
509 1949 595 2003 ἐπὶ
652 1951 833 2002 Νάθαν
884 1953 969 2001 τὸν
1018 1950 1129 2000 υἱὸν
1167 1955 1258 2000 τοῦ
1321 1943 1519 2000 Δαυίδ’
1549 1949 1574 1998 ὁ
1626 1944 1684 2000 δε

142 2038 348 2108 Ἰεχονίας
421 2038 502 2091 ἐπὶ
585 2038 907 2111 Σολομῶντα,
987 2040 1073 2089 τὸν
1158 2040 1268 2088 υἱὸν
1341 2039 1526 2108 ὁμοίως
1592 2045 1683 2089 τοῦ

138 2125 286 2197 Amici,
311 2132 394 2179 καὶ
419 2126 698 2202 ἀμφότεροι
723 2123 782 2179 δὲ
806 2125 957 2178 πάλιν
996 2124 1079 2177 ἐπι
1104 2128 1186 2176 νον
1220 2122 1406 2180 Δαυῖδ.

188 2221 274 2267 Τοῦ
298 2215 460 2288 Μιλχὶ
507 2250 579 2259 -
633 2223 723 2269 τοῦ
769 2213 963 2289 Ἀδάμ.
1016 2217 1141 2270 Ἀπὸ
1197 2224 1288 2269 τοῦ
1341 2221 1453 2269 νέου
1511 2214 1685 2289 Ἀδὰμ

132 2301 387 2377 ἀρξάμενος,
451 2307 642 2366 ἀνῆλθε
713 2306 1020 2378 γενεαλογῶν
1087 2306 1223 2379 ἄχρι
1298 2312 1388 2357 τοῦ
1462 2305 1684 2358 παλαιοῦ

136 2390 291 2466 Ἀδάμ.
343 2400 444 2453 Τὴν
498 2396 674 2447 αἰτίαν
743 2398 802 2447 6's
848 2396 1153 2467 μεμάθηκας
1211 2393 1260 2446 ἐν
1309 2402 1379 2465 τῷ
1430 2400 1687 2466 προοιμίῳ

128 2491 198 2542 τῆς
250 2487 381 2556 παρὰ
434 2494 505 2556 τῷ
581 2487 838 2555 Ματθαίῳ
906 2483 1253 2556 γενεαλογίας,
1328 2485 1446 2536 ἔνθα
1520 2491 1687 2535 κεῖται

128 2575 173 2621 τό
196 2589 207 2601 ·
234 2575 343 2625 Υἱοῦ
371 2572 556 2642 Δαυίδ,
592 2576 709 2626 υἱοῦ
751 2573 985 2649 Αϐραάμ.

180 2667 267 2714 Τοῦ
317 2670 466 2716 Θεοῦ.
524 2671 633 2717 Τοῦ
682 2660 878 2735 Ἀδὰμ,
935 2670 1026 2716 τοῦ
1091 2668 1147 2715 ἐκ
1202 2671 1292 2715 τοῦ
1354 2670 1508 2716 Θεοῦ.
1583 2670 1686 2716 Τοῦ

127 2747 271 2819 Ἀδὰμ
311 2756 403 2824 γὰρ
458 2754 554 2806 οῦκ
609 2755 724 2805 ἔστι
766 2758 940 2823 πατὴρ
989 2753 1273 2825 ἅνθρωπος,
1329 2752 1433 2804 ἀλλ’
1483 2754 1508 2804 6
1557 2756 1687 2814 Θεὸς

126 2837 307 2893 ἔπλασεν
344 2842 515 2897 αὐτόν.
561 2841 703 2915 Ὀρα
741 2838 820 2911 δί,
876 2843 955 2893 ὅτι
1005 2839 1105 2894 ἀπὸ
1153 2850 1244 2903 τῆς
1295 2842 1688 2917 ἁνθρωπότητος
1720 2841 1760 2897 C

126 2935 198 2978 τοῦ
238 2930 451 3003 Χριστοῦ
506 2931 812 3006 ἀρξάμενος,
864 2931 931 2991 εἰς
971 2935 1063 2989 τὴν
1119 2933 1336 2988 θεότητα
1391 2932 1551 2984 αὐτοῦ
1602 2935 1688 2984 τὸν

124 3013 247 3087 λόγον
291 3002 753 3092 τῆ;’7εσνεαλοσγίας
796 3019 1045 3091 ἀνήγαγε,
1094 3017 1270 3083 δείξας
1332 3025 1418 3072 τὸν
1460 3026 1688 3095 Χριστὸν

120 3104 339 3179 ἠργμένον
387 3114 498 3177 μὲν,
545 3113 619 3173 ὡς
668 3110 958 3184 ἄνθρωπον,
1012 3109 1242 3182 ἄναρχον
1297 3107 1374 3177 δὲ,
1418 3112 1488 3173 ὡς
1537 3117 1686 3164 Θεὸν.

251 3311 388 3361 lii-24>.
428 3307 502 3361 Z'.
543 3312 675 3379 Περὶ
704 3314 793 3360 τοῦ
824 3314 1117 3381 πειρασμοῦ
1156 3315 1247 3361 τοῦ
1278 3315 1528 3383 Σωτῆρος.

175 3428 360 3493 Ἰησοῦς
422 3463 482 3475 -
547 3430 828 3490 διαϐόλου.
885 3432 1097 3506 Πλήρης
1168 3436 1461 3507 Πνεῦματος
1514 3434 1688 3506 ἁγίου,

115 3518 181 3569 ἵνα
241 3523 498 3593 μάθωμεν,
580 3525 665 3575 ὅτι
732 3528 941 3594 Πνεῦμα
1007 3522 1155 3593 ἅγιον
1202 3523 1524 3597 λαμϐάνομεν
1589 3522 1690 3576 ἀπὸ

115 3614 185 3656 τοῦ
210 3609 335 3662 θείου
364 3609 766 3684 βαπτίσματος.
810 3610 1100 3683 Ἀνάσγνωθι
1130 3608 1188 3664 δὲ
1235 3617 1324 3664 καὶ
1372 3611 1418 3664 ἐν
1465 3621 1536 3684 τῷ
1588 3618 1693 3684 τρί-

113 3699 434 3772 ττικεφαλαίῳ
470 3710 565 3754 τοῦ
598 3704 739 3753 κατὰ
783 3702 1051 3753 Ματθαῖον
1107 3705 1200 3759 τὴν
1253 3700 1502 3773 ἐξήγησιν
1554 3709 1646 3755 τοῦ
1674 3720 1685 3732 ·

113 3787 216 3837 Τότε
266 3789 292 3840 ὁ
339 3789 550 3852 Ἰησοῦς
611 3789 826 3861 ἀνήχθη
888 3789 960 3852 εἰς
1023 3793 1115 3848 τὴν
1173 3792 1362 3865 ἔρημον
1427 3793 1527 3844 ὑπὸ
1600 3800 1692 3845 τοῦ

111 3879 385 3947 πνεύματος,
416 3882 783 3954 πειρασθῆναι
808 3881 907 3931 ὑπὸ
947 3885 1038 3931 τοῦ
1071 3875 1339 3934 διαϐόλου.

170 3970 271 4037 Χρή
312 3964 371 4020 δὲ
409 3976 721 4041 ytaeus/.219,
776 3970 855 4020 ὅτι
898 3970 927 4026 ἠ
982 3966 1316 4043 ἀνθρωπὸτης
1368 3977 1458 4022 τοῦ
1517 3978 1695 4030 Σωτῆ-

109 4070 181 4122 ρος
230 4057 399 4132 ὥσπερ
461 4054 800 4111 διδάσκαλον
853 4053 966 4129 εἶχε
1030 4061 1089 4109 τὸ
1146 4064 1355 4130 Πνεῦμα
1419 4063 1474 4111 τὸ
1527 4061 1693 4133 ἅγιον,

113 4141 202 4212 οὐχ
235 4148 302 4206 ὡς
342 4156 440 4209 τῆς
478 4146 923 4220 ἠνωμένηςαῦτῷ
967 4148 1207 4208 θεότητος
1259 4149 1351 4200 οὐχ
1393 4149 1653 4221 ἀρκούσης
1681 4171 1693 4183 ,

110 4230 217 4285 ἀλλὰ
282 4239 522 4312 καθάπερ
576 4233 800 4308 εῦδοχίᾳ
870 4244 962 4289 τοῦ
1019 4241 1221 4310 Πατρός
1271 4237 1693 4312 ἐνηνθρώπησενο

110 4320 223 4373 οὕτω
256 4331 343 4379 καὶ
396 4332 665 4400 συνεργίᾳ
700 4334 791 4378 τοῦ
831 4326 984 4398 ἁγίου
1044 4330 1340 4399 Πνεῦματος
1397 4328 1697 4394 ἐτελειοῦτο,

109 4409 177 4462 ἵνα
248 4418 302 4467 τό
362 4417 600 4490 ὁμοφυὶς
670 4415 837 4468 αὐτῶν
896 4412 1091 4488 δειχθῇ
1161 4422 1252 4468 καὶ
1304 4417 1380 4489 (3)
1459 4418 1745 4491 φανεραλο,

106 4496 253 4558 ialm.

169 4596 256 4645 Καὶ
298 4593 396 4648 οῦκ
446 4626 519 4637 --
555 4601 718 4652 Θεοῦ.
773 4594 905 4648 Ἐκεῖ
954 4602 1123 4648 ταῦτα
1159 4597 1330 4649 πάντα
1378 4599 1510 4650 κατὰ
1552 4596 1701 4670 λόγον

106 4680 382 4750 ἦρμηνεύθη
392 4704 520 4742 σαν.

168 4774 259 4824 Καὶ
318 4772 612 4847 ἀναγαγὼν
685 4804 755 4814 -—
792 4772 1110 4849 λατρεύσεις.
1179 4778 1279 4828 Καὶ
1335 4780 1449 4850 περὶ
1509 4779 1703 4830 τούτων

105 4860 287 4913 πάντων
329 4862 380 4915 ἄν
408 4862 600 4935 ἐκείνῳ
642 4872 716 4936 τῷ
745 4863 1004 4937 κεφαλαίῳ
1038 4868 1342 4937 σαφέστατα
1370 4869 1573 4940 εἴρηται
1604 4868 1703 4940 (4),

1732 4214 1775 4268 Ι)

1794 442 2037 485 uxorem
2066 429 2162 488 hic
2192 430 2478 496 Matthan,
2512 429 2587 486 de
2623 446 2745 503 quo
2769 430 2981 499 Lucas,
3002 439 3060 489 et
3081 435 3289 505 genuit
3309 433 3396 491 Eli
3422 450 3438 490 :

1790 516 2005 573 deinde
2025 518 2155 589 jam
2198 520 2440 576 viduam
2489 520 2660 576 duxit
2689 520 2847 577 hanc
2892 522 3150 580 Matthan
3180 523 3303 589 ille,
3336 524 3446 597 qui

1790 606 1954 678 apud
1978 609 2310 664 Matthmum
2328 608 2590 681 ponitur,
2606 625 2742 665 cum
2760 614 2918 666 esset
2938 611 3008 665 de
3029 613 3240 668 eadem
3260 612 3438 678 tribu,

1789 709 2142 767 quanquam
2173 697 2248 752 de
2306 696 2425 753 alia
2471 697 2847 768 cognatione,
2899 702 2956 754 et
2983 699 3189 771 genuit
3232 700 3443 757 Iacob.

1790 782 1875 838 Eli
1905 784 2108 857 itaque
2134 789 2191 841 et
2212 784 2396 844 Iacob
2427 785 2505 842 ab
2552 785 2765 842 eadem
2795 785 2919 843 nati
2949 792 3087 844 sunt
3115 792 3325 855 matre,
3350 787 3446 844 di-

1789 873 1979 929 versis
2026 879 2224 931 tamen
2281 874 2573 947 patribus.
2620 875 2926 932 Reducunt
2982 881 3180 934 autem
3229 892 3439 947 genus,

1789 960 2047 1017 Matthan
2070 962 2308 1034 quidem
2336 967 2500 1035 pater
2517 963 2599 1019 Eli
2620 963 2698 1021 ad
2715 966 2869 1021 Resa
2887 963 3071 1021 ﬁlium
3089 966 3441 1037 Zorobabel,

1789 1049 2048 1105 Matthan
2071 1066 2214 1108 vero
2253 1057 2417 1123 pater
2441 1051 2624 1109 Jacob
2650 1052 2729 1109 ad
2758 1052 2949 1109 Abiud
2977 1054 3237 1110 similiter
3257 1054 3442 1111 ﬁlium

1786 1138 2137 1206 Zorobabel,
2165 1144 2223 1196 et
2241 1144 2488 1214 uterque
2511 1141 2590 1198 ad
2609 1141 2954 1214 Zorobabel,
2984 1158 3020 1199 a
3042 1157 3158 1215 quo
3186 1141 3300 1199 duo
3315 1141 3444 1198 hmo

1790 1241 2012 1297 genera
2034 1227 2227 1286 divisa
2250 1234 2406 1286 sunt.
2437 1230 2564 1287 Alia
2582 1246 2821 1303 quoque
2852 1231 3073 1289 similia
3099 1232 3160 1289 in
3184 1235 3448 1301 Evange-

1790 1315 2060 1374 listarum
2092 1317 2461 1391 genealogiis
2496 1318 2810 1377 habentur.

1863 1640 2021 1695 Vers.
2046 1637 2133 1695 24.
2159 1639 2268 1707 Qui
2277 1638 2401 1709 fuit
2431 1638 2576 1695 Levi
2589 1668 2657 1680 —
2680 1639 2846 1696 Vers.
2868 1640 2936 1695 27
2948 1683 2963 1698 .
2995 1641 3097 1713 qui
3118 1640 3243 1712 fuit
3271 1641 3442 1699 Neri.

1796 1727 2075 1786 Salathiel
2102 1728 2407 1785 Mattheus
2431 1728 2621 1785 ﬁlium
2645 1728 2943 1786 Jechonire
2972 1731 3325 1801 nominavit,
3358 1736 3447 1788 ut-

1792 1823 1931 1891 pote
1952 1818 2290 1875 naturalem
2315 1818 2445 1889 ejus
2460 1816 2686 1885 ﬁlium';
2710 1818 2903 1875 Lucas
2923 1833 3062 1876 vero
3088 1834 3245 1876 nunc
3264 1818 3445 1875 ﬁlium

1794 1908 1945 1977 Neri,
1979 1911 2268 1978 tanquam
2299 1906 2575 1976 legalem.
2604 1906 2910 1963 Reducunt
2930 1911 3132 1964 autem
3170 1912 3228 1963 et
3252 1908 3313 1964 hi
3345 1923 3449 1979 ge-

1794 2013 1929 2061 nus,
1955 1996 2088 2052 Neri
2115 1995 2356 2068 quidem
2379 1994 2460 2052 ad
2497 1996 2732 2053 Nathan
2766 1995 2958 2053 ﬁlium
2989 1995 3204 2062 David,
3243 1996 3448 2055 Jecho-

1795 2084 1926 2140 nias
1955 2098 2098 2139 vero
2120 2083 2200 2141 ad
2220 2083 2623 2149 Salomonem,
2645 2083 2837 2141 ﬁlium
2863 2084 3130 2142 similiter
3156 2085 3362 2152 David,
3390 2089 3450 2143 et

1793 2188 2004 2230 rursus
2034 2176 2285 2245 uterque
2309 2173 2387 2228 ad
2422 2173 2626 2231 David.

1864 2262 2029 2320 Vers.
2052 2261 2149 2318 28.
2185 2261 2301 2328 Qui
2344 2261 2462 2332 fuit
2487 2262 2706 2320 Melo/ti
2754 2293 2825 2305 —
2860 2263 3023 2320 Vers.
3053 2262 3141 2321 38.
3185 2264 3293 2336 qui
3326 2262 3451 2334 fuit

1794 2352 2010 2410 Adam.
2033 2353 2081 2407 Α
2109 2366 2270 2407 novo
2290 2351 2486 2408 Adam
2513 2352 2807 2425 incipiens
2834 2352 3103 2410 ascendit
3122 2353 3451 2424 generatio-

1796 2456 1933 2497 nem
1960 2440 2218 2496 texendo
2239 2455 2429 2512 usque
2450 2439 2527 2496 ad
2552 2449 2827 2499 veterem.
2861 2444 3119 2499 Causam
3137 2445 3339 2498 autem
3364 2440 3451 2497 di-

1796 2529 1991 2586 dicisti
2012 2529 2073 2585 in
2103 2529 2446 2601 primordiis
2461 2530 2845 2602 genealogim,
2873 2545 3055 2602 quam
3075 2531 3279 2588 retexit
3309 2529 3453 2588 Mat-

1797 2618 2008 2684 thasus,
2042 2618 2146 2674 ubi
2182 2618 2399 2674 dicitur
2427 2618 2566 2675 Filii
2591 2620 2807 2687 David,
2830 2620 2944 2689 ﬁlii
2975 2619 3280 2677 Abraham
3306 2622 3376 2674 ³⁸.

1874 2706 2012 2763 Vers
2053 2705 2142 2763 38.
2176 2707 2292 2774 Qui
2316 2707 2437 2777 fuit
2483 2707 2606 2763 Dei.
2642 2710 2833 2781 Ipsius
2880 2708 3093 2775 Adam,
3127 2708 3234 2781 qui
3273 2707 3383 2765 fuit
3414 2723 3452 2764 a

1797 2796 1944 2853 Deo.
1983 2800 2184 2869 Neque
2212 2796 2376 2853 enim
2416 2796 2529 2869 ipsi
2558 2796 2747 2853 Adam
2773 2796 2883 2853 fuit
2901 2803 3071 2869 pater
3106 2797 3311 2864 homo,
3346 2796 3452 2853 sed

1799 2887 1954 2941 Deus
1982 2884 2258 2941 formavit
2280 2900 2440 2941 eum.
2464 2884 2610 2941 Vide
2629 2890 2852 2952 autem,
2876 2886 3036 2959 quod
3056 2902 3093 2943 a
3113 2885 3328 2944 Christi
3364 2887 3453 2941 in-

1798 2974 2019 3032 choans
2039 2975 2421 3039 humanitate,
2451 2991 2791 3032 sermonem
2815 2976 3143 3035 reduxitad
3155 2977 3286 3049 ejus
3311 2975 3453 3033 divi-

1797 3066 2048 3121 nitatem
2072 3083 2086 3121 :
2110 3065 2529 3121 demonstrans
2553 3064 2869 3133 Christum,
2894 3070 2961 3123 ut
2990 3066 3297 3124 hominem
3320 3067 3453 3140 qui-

1798 3153 1938 3211 dem
1967 3153 2277 3226 incepisse,
2306 3158 2369 3211 ut
2399 3154 2587 3210 Deum
2617 3170 2760 3211 vero
2803 3170 3002 3213 carere
3026 3155 3345 3229 principio.

2082 3296 2240 3353 CAP.
2270 3295 2385 3352 VII.
2410 3298 2496 3354 De
2524 3298 2946 3355 tentationibus
2970 3298 3132 3356 Iesu.

1870 3438 2023 3495 CAP.
2083 3439 2175 3495 IV.
2213 3439 2362 3495 Vers
2416 3439 2469 3493 1.
2522 3438 2717 3497 Iesus.
2759 3440 3020 3498 —Vers.
3076 3439 3131 3496 2,
3176 3439 3443 3498 diabolo.

1800 3527 2016 3584 Plenus
2046 3528 2262 3600 Spiritu
2292 3532 2523 3593 sancto,
2552 3535 2616 3584 ut
2645 3527 2923 3596 sciamns,
2959 3528 3124 3602 quod
3168 3530 3452 3602 Spiritum

1801 3621 2077 3673 sanctum
2115 3616 2444 3690 accipimus
2493 3615 2555 3672 in
2611 3615 2812 3673 divino
2875 3616 3251 3689 baptismate.
3306 3618 3455 3690 Lege

1801 3711 2003 3763 autem
2032 3706 2200 3762 tertio
2221 3706 2415 3777 capite
2440 3705 2733 3776 Evangelii
2766 3706 3092 3763 secundum
3116 3706 3455 3763 Matthasum

1802 3794 2229 3867 expositionem
2248 3794 2405 3851 illius
2427 3794 2607 3851 dicti:
2636 3796 2790 3850 Tunc
2827 3795 3038 3853 ductus
3076 3803 3160 3853 est
3199 3795 3368 3852 Jesus
3391 3795 3456 3852 in

1802 3886 2083 3942 desertum
2117 3899 2153 3940 a
2189 3886 2426 3955 spiritu,
2474 3891 2539 3940 ut
2572 3889 2895 3941 tentaretur
2923 3902 2960 3942 a
2994 3885 3216 3943 diabolo
3232 3886 3307 3944 ⁸ο.

1876 3974 2033 4030 Scire
2053 3980 2255 4029 autem
2274 3979 2524 4045 oportet,
2547 3974 2711 4046 quod
2742 3974 3089 4030 humanitas
3138 3974 3462 4031 Salvatoris

1806 4070 2087 4136 tanquam
2111 4062 2461 4131 magistrum
2482 4061 2690 4119 habuit
2706 4061 2989 4135 Spiritum
3020 4069 3319 4131 sanctum,
3338 4077 3461 4118 non

1807 4152 1968 4225 quod
1990 4151 2157 4207 unita
2187 4150 2299 4206 sibi
2327 4149 2604 4205 divinitas
2634 4165 2756 4206 non
2784 4151 3104 4214 sufficeret,
3124 4151 3228 4206 sed
3250 4167 3461 4222 quem-

1808 4240 2136 4299 admodum
2183 4238 2371 4295 Patris
2417 4238 2794 4311 beneplacito
2840 4240 3185 4295 incarnatus
3234 4243 3340 4307 est,
3384 4239 3465 4296 ita

1810 4328 2222 4402 cooperatione
2248 4326 2478 4400 Spritus
2509 4327 2697 4383 sancti
2744 4327 2926 4383 totius
2959 4326 3091 4382 vitae
3119 4326 3308 4399 ipsius
3335 4342 3466 4383 cur-

1811 4418 2064 4476 riculum
2112 4423 2419 4489 peractum
2467 4422 2581 4483 est,
2630 4420 2691 4471 ut
2713 4415 3249 4483 demonstraretur,
3301 4417 3466 4488 quod

1815 4507 2075 4582 ejusdem
2094 4506 2210 4562 sint
2237 4506 2388 4562 inter
2419 4521 2482 4561 se
2528 4510 2771 4561 naturas.

1885 4598 2048 4654 Vers.
2082 4600 2134 4651 2.
2158 4596 2531 4668 Nihilque—
2552 4595 2721 4654 Vers.
2747 4597 2797 4651 4.
2834 4596 2960 4653 Dei.
3000 4596 3087 4653 Ibi
3104 4601 3158 4653 et
3180 4595 3311 4654 hac
3340 4611 3469 4653 om-

1815 4687 1915 4743 nia
1942 4687 2021 4743 ad
2059 4686 2312 4742 verbum
2334 4684 2635 4742 declarata
2656 4690 2821 4744 sunt.

1890 4776 2053 4832 Vers.
2077 4776 2214 4831 5.Et
2245 4774 2527 4831 subduxit
2548 4772 2802 4830 -—Vers.
2842 4774 2896 4830 8.
2914 4774 3160 4832 Servies.
3191 4775 3374 4833 Etiam
3395 4775 3470 4831 de

1818 4866 1911 4923 his
1936 4864 2222 4922 omnibus
2242 4864 2342 4922 illo
2382 4865 2575 4937 capite
2606 4863 3092 4921 manifestissime
3120 4866 3340 4923 dictum
3356 4870 3467 4930 est,

1298 5181 1306 5187 .
1351 5122 1576 5194 Variae
1603 5124 1927 5194 lectiones
1958 5133 2025 5194 et
2061 5133 2261 5192 notae.

163 4982 208 5017 ”
234 4984 439 5043 Matth.
475 5001 520 5057 ι,
562 4990 615 5042 l.
649 4985 700 5021 ³ο
728 4985 927 5043 Matth.
959 5001 1038 5053 1v,
1072 4986 1123 5042 l.

260 5294 563 5368 Ἰεχωνίου.
589 5299 643 5368 γΔ
658 5335 674 5368 _.

156 5289 237 5436 ἕξ)
260 5294 563 5368 Ἰεχωνίου.
601 5299 674 5351 Δ.
1072 5363 1084 5376 ⁸

178 5365 379 5443 3)-Καὶ
411 5366 763 5443 popinales.
815 5364 880 5421 B.
913 5366 1089 5443 ’ξονι-1
1133 5367 1328 5438 potest
1358 5368 1708 5443 utrumque.

98 5436 547 5520 {ipsiet-matur
588 5454 640 5520 a__
678 5442 863 5520 φέρειν,
910 5436 1057 5520 illu_d
1097 5436 1152 5520 ,ἁ
1188 5444 1453 5520 φανεροῦν.
1505 5436 1715 5520 liente-

99 5505 351 5583 uiushoo
370 5510 665 5583 exclusit.
684 5505 751 5570 'Si
766 5508 880 5566 hoc
896 5505 1205 5583 probetur,
1236 5505 1402 5583 φέρειν
1419 5509 1714 5583 accipien-

101 5574 224 5639 dum
250 5588 364 5657 88‘,
413 5589 483 5641 ut
513 5581 702 5640 Hebr.
732 5596 772 5653 ι,
801 5584 866 5638 3;
894 5580 951 5633 ἰι
985 5578 1109 5652 ἁγία
1127 5574 1460 5656 Τριᾶς’φέρει
1496 5574 1710 5650 ἑαυτὴν,

1822 5294 1884 5369 id
1940 5297 2047 5369 est,
2106 5292 2355 5369 ἐπαρχὴς,
2417 5293 2684 5369 αὐτάρξιης
2726 5290 2868 5347 ἐστὶν
2918 5293 3048 5353 αὐτὴ
3101 5292 3313 5369 ἑαυτῆς.
3353 5297 3476 5369 ΔΑιιῑ.

1821 5367 1852 5424 ἡ
1935 5365 2062 5436 ἁγία
2136 5364 2296 5441 Τριὰς
2374 5366 2505 5425 αὐτὴ
2552 5364 2770 5426 ’ἑαυτὴν
2847 5374 3054 5439 φανεροί
3111 5373 3217 5428 τοῖς
3276 5364 3474 5440 ἀνθρὼ-

1863 5455 1961 5490 οις.

1820 5456 1973 5582 ma.)
1999 5508 2175 5577 Loco,
2207 5509 2329 5562 ἔνθα
2369 5516 2536 5563 κεῖται
2572 5513 2653 5583 τὸ,
2688 5509 2871 5568 habet
2899 5511 2966 5575 Α,
3007 5507 3055 5561 ἕν
3082 5514 3154 5580 τῷ
3182 5505 3368 5582 λέγειν,
