3922 6200
483 301 584 356 911

1827 276 2164 337 EUTHYMII
2204 273 2529 333 ZIGABENI

3705 269 3782 325 912

485 424 588 481 ubi
616 420 1159 481 habeturzlterum
1205 414 1518 486 assumpsit
1575 428 1705 470 eum
1757 409 2014 466 diabolus
2069 405 2119 459 in

2274 406 2361 456 νθα
2400 411 2568 457 κεῖται
2607 407 2684 454 τό·
2721 400 2879 454 Πάλιν
2913 399 3304 475 παραλαμϐάνει
3343 395 3494 448 αὐτόν
3541 396 3564 445 ὀ
3595 390 3788 454 διάϐολος

483 520 737 572 montem
779 510 1072 568 excelsum
1103 507 1277 564 valde
1308 507 1376 558 ³¹.

556 603 726 659 Vers.
782 601 835 654 9.
891 598 1280 668 Duxitque—
1332 595 1494 648 Vers.
1554 591 1639 646 12.
1696 591 1875 648 Deum
1955 593 2129 640 tuum.

468 689 757 766 .Similiter
785 695 839 744 et
869 687 991 742 haec
1023 686 1121 741 illo
1157 685 1348 757 capite
1375 679 1791 738 convenienter
1821 675 2134 747 explanata

481 783 640 847 sunt,
685 777 788 834 ubi
845 776 1102 832 dicitur:
1141 777 1303 830 Tunc
1332 771 1565 828 assumit
1610 785 1739 826 eum
1778 764 2039 822 diabolus
2075 761 2134 815 in

481 873 737 926 sanctam
759 865 1048 923 civitatem
1069 866 1136 918 ³⁸.

554 956 717 1013 Vers.
748 958 842 1012 13.
877 954 1143 1025 Cumque
1169 952 1511 1024 explevisset
1539 980 1604 990 —
1632 954 1877 1015 tempus.
1905 943 2132 998 Dictum

482 1050 570 1103 est
601 1051 658 1102 et
702 1046 778 1101 de
820 1045 933 1100 hoc
993 1043 1236 1107 ibidem,
1270 1040 1372 1096 ubi
1399 1040 1652 1095 habetur
1687 1053 1700 1090 :
1735 1036 1883 1088 Tunc
1911 1031 2135 1087 dimisit

481 1150 612 1193 eum
651 1134 929 1190 diabolus
969 1133 1038 1187 ³³.

552 1223 714 1279 Vers.
753 1224 846 1278 14.
883 1222 962 1276 Et
991 1235 1259 1276 reversus
1290 1216 1797 1273 est-Galilaeam.
1837 1213 1900 1266 In
1926 1208 2137 1264 virtute

482 1312 664 1369 unitas
695 1311 777 1368 ibi
809 1309 1152 1374 divinitatis,
1187 1308 1282 1363 vel
1313 1307 1492 1362 etiam
1527 1303 1709 1360 sancti
1745 1300 1994 1372 Spiritus
2028 1314 2040 1351 :
2076 1302 2140 1352 ut

483 1401 811 1465 discamus,
861 1397 1028 1470 quod
1085 1397 1188 1469 qui
1227 1395 1538 1452 diabolum
1581 1390 1804 1457 vicerit,
1857 1387 2138 1458 deinceps

482 1487 871 1546 conﬁrmatur
909 1485 1104 1542 divino
1141 1485 1352 1558 Spiritu
1383 1483 1464 1539 ad
1510 1480 1784 1539 facienda
1835 1478 2027 1550 signa.

2245 494 2310 553 εἰς
2333 497 2449 566 ὅρος
2475 493 2672 562 ὑψηλόν
2699 491 2832 542 λίαν.

2319 587 2416 634 Καὶ
2448 587 2636 652 ἤγαγεν
2679 613 2746 619 —
2777 582 2902 632 Θεὸν
2937 597 3050 630 σου.
3088 578 3307 649 Ὁμοίως
3336 580 3425 626 καὶ
3468 580 3625 625 ταῦτα
3665 570 3703 622 ἐν
3743 579 3790 634 τῷ

2243 673 2460 740 τοιούτῳ
2509 671 2766 741 κεφαλαίῳ
2814 673 3178 740 προσηκόντως
3223 664 3658 734 ἕσαςεδηνίενθησαν⁹
3699 661 3791 710 ὅπου

2247 766 2320 810 τό·
2351 765 2477 811 Τότε
2509 756 2899 833 παραλαμϐάνει
2925 757 3079 808 αὐτόν
3112 758 3135 806 ο
3182 751 3424 813 διάϐολος
3455 756 3524 812 εὶς
3566 756 3652 807 τήν
3677 748 3794 818 ἁγίαν

2244 849 2389 901 πόλιν
2399 892 2409 902 ,

2320 942 2419 990 Καὶ
2453 937 2753 997 συντελέσας
2795 968 2859 975 —
2889 942 3102 1008 καιροῦ.
3141 932 3362 1007 Ἐῤῥήθη
3399 935 3620 1002 καὶπερὶ
3651 931 3796 978 τούτου

2247 1026 2293 1078 ἐν
2339 1026 2496 1098 αὐτῷ.
2549 1033 2648 1079 Καὶ
2709 1027 2939 1087 ζήτησον
3001 1029 3077 1076 τό·
3137 1027 3261 1076 Τότε
3317 1020 3533 1092 ἀφίησιν
3596 1017 3730 1068 αὐτὸν
3780 1017 3796 1064 ἐ

2249 1113 2460 1168 διάϐολο
2472 1137 2511 1178 ς.

2321 1211 2420 1258 Καὶ
2473 1204 2787 1280 ὑπέστρεψεν
2851 1236 2917 1244 -—
2987 1201 3278 1255 Γαλιλαίαν.
3347 1199 3430 1252 Ἐν
3495 1206 3556 1269 τῇ
3626 1191 3798 1265 δυνάμει

2248 1304 2341 1356 τῆς
2410 1297 2668 1368 ἡνωμένης
2730 1294 2869 1364 αὐτῷ
2949 1295 3211 1355 θεότητος,
3292 1291 3320 1348 ἢ
3400 1291 3490 1338 καὶ
3553 1292 3640 1337 τοῦ
3687 1284 3804 1353 ἁγίου

2251 1389 2565 1457 Πνεύματος,
2601 1385 2682 1436 ἵνα
2710 1385 2974 1455 μάθωμεν,
3020 1383 3100 1433 ὅτι
3139 1381 3163 1431 ὁ
3198 1384 3415 1437 νικήσας
3453 1395 3540 1428 τον
3584 1371 3802 1426 διάϐολον.

2247 1475 2423 1526 λοιπὸν
2468 1469 2842 1545 ἐνδυναμοϋται
2879 1480 2951 1542 τῷ
2980 1473 3098 1540 θείῳ
3139 1472 3398 1539 Ιινεὺματι
3428 1469 3561 1538 πρὸς
3601 1465 3653 1514 τὸ
3681 1468 3806 1514 ποιεῖν

2252 1570 2468 1636 σημεῖα.

2322 1659 2422 1706 Καὶ
2439 1657 2581 1726 φήμη
2603 1683 2669 1692 -
2685 1654 2908 1704 πάντων.
2932 1649 3329 1720 Εὐφημούμενος
3345 1645 3446 1696 ὑπὸ
3464 1649 3563 1695 τῶν
3579 1640 3724 1697 ἀπονή
3732 1657 3805 1710 ρων

554 1737 722 1794 Vers.
765 1738 855 1790 14.
894 1734 970 1790 Et
1015 1734 1280 1803 fama—
1313 1733 1468 1787 Vers.
1523 1734 1606 1784 15.
1664 1727 1942 1783 omnibus.
1993 1727 2112 1782 Lau

2274 1743 2418 1814 χλων
2429 1783 2440 1794 .

485 1827 742 1884 dabatur
769 1839 806 1880 a
829 1821 1044 1885 turbis,
1071 1836 1208 1892 quae
1231 1819 1458 1875 malitia
1479 1834 1549 1873 ac
1570 1816 1803 1872 invidia
1833 1815 2133 1871 carebant.

555 1916 725 1971 Vers.
767 1913 848 1968 16.
877 1912 951 1966 Ει
979 1941 1047 1950 —-
1077 1910 1359 1969 nutritus,
1412 1908 1638 1962 Dictum
1678 1910 1770 1960 est
1797 1905 1872 1959 de
1901 1905 2016 1960 hoc
2057 1903 2140 1958 vi-

486 2005 704 2060 cesimo
761 2005 972 2074 quarto
1024 1998 1217 2071 capite
1259 1995 1559 2065 Evangelii
1614 1993 1946 2050 secundum
2004 1995 2140 2048 Mat-

488 2094 711 2150 thaaum
741 2096 877 2163 post
895 2090 1080 2145 ﬁnem
1106 2085 1562 2160 parabolarum.

559 2183 727 2239 Vers.
772 2185 854 2236 16.
887 2180 963 2234 Et
994 2180 1282 2248 ingressus
1306 2207 1366 2216 —
1389 2181 1452 2229 ut
1505 2175 1736 2243 legeret.
1771 2171 2142 2227 Adhortanti-

487 2273 600 2330 bus
631 2287 770 2328 cum
798 2267 1267 2342 praeceptoribus
1298 2264 1524 2337 populi,
1559 2262 1723 2334 quod
1755 2267 1809 2317 et
1838 2262 1964 2332 ipse
1991 2277 2141 2332 pree-

489 2366 694 2434 ceptor
748 2357 1046 2416 essetzvel
1088 2363 1148 2412 ut
1197 2357 1644 2427 cognoscerent,
1699 2358 1897 2407 utrum
1951 2350 2141 2419 legere

487 2454 712 2515 nosset,
765 2464 904 2504 cum
945 2447 1159 2501 litteras
1199 2459 1320 2498 non
1360 2441 1675 2497 didicisset.

561 2540 722 2595 Vers.
758 2542 841 2593 17.
895 2537 972 2592 Ει
1029 2533 1287 2590 traditus
1335 2537 1511 2586 est—
1540 2530 1819 2585 Vers.18.
1875 2543 1989 2584 me.
2038 2530 2142 2582 Per

489 2625 926 2702 providentiam
957 2640 1120 2679 suam
1147 2623 1240 2694 (ll)
1271 2621 1492 2676 invenit
1523 2618 1742 2685 statim,
1777 2633 1906 2689 quae
1951 2616 2024 2671 de
2056 2618 2141 2670 di-

489 2717 731 2774 vinitate
772 2731 882 2770 sua
911 2713 1068 2769 dicta
1092 2716 1296 2767 erant:
1328 2709 1494 2782 prius
1524 2708 1684 2763 enim
1724 2707 1850 2778 ipse
1881 2707 2008 2761 hinc
2039 2721 2143 2777 per

489 2807 849 2880 prophetam
872 2803 1066 2858 fuerat
1103 2801 1352 2857 locutus.
1399 2797 1543 2853 Dicit
1572 2801 1792 2863 autem,
1852 2801 2138 2866 tanquam

489 2897 674 2953 homo
707 2914 720 2954 :
755 2893 1035 2949 Divinitas
1075 2889 1330 2954 Domini,
1368 2888 1486 2942 sive
1516 2886 1640 2951 ﬁlii,
1697 2901 1880 2957 super
1913 2900 2006 2939 me
2052 2885 2142 2938 Je-

492 3001 648 3050 sum,
681 2984 796 3040 hoc
820 2987 925 3048 est,
959 2981 1114 3037 Deus
1141 2979 1339 3034 unitus
1370 2983 1460 3033 est
1510 2977 1674 3031 mibi.
1725 2976 1841 3030 Hoc
1879 2989 2142 3045 namque

489 3075 623 3132 loco
677 3089 782 3146 per
828 3071 1106 3142 Spiritum
1145 3067 1408 3137 intellige
1442 3065 1834 3121 Divinitatem.
1892 3065 2143 3135 Spiritus

493 3168 693 3221 autem
711 3159 946 3218 Domini
973 3175 1152 3231 super
1168 3173 1283 3223 me,
1309 3164 1370 3211 ut
1395 3155 1667 3211 homines
1686 3153 1884 3209 salvos
1902 3153 2140 3220 faciam;

489 3254 552 3310 id
574 3253 734 3309 enim
763 3249 959 3307 deﬁcit
985 3254 1041 3304 et
1062 3246 1439 3309 subauditur,
1473 3245 1623 3300 sicut
1651 3242 2024 3298 manifestum
2059 3247 2145 3297 est

491 3342 570 3400 ab
604 3358 695 3408 eo,
732 3339 900 3414 quod
930 3338 1216 3410 sequitur.

562 3431 726 3488 Vers.
757 3430 1113 3497 48.Propter
1140 3425 1292 3497 quod
1341 3423 1512 3480 unxit
1559 3437 1666 3478 me.
1710 3421 1888 3492 Cujus
1939 3436 2141 3486 causa,

491 3521 668 3595 cujus
691 3518 1089 3592 gratia,unxit
1105 3531 1197 3570 me
1209 3515 1514 3570 hominem
1543 3512 1728 3580 Deus;
1751 3511 1919 3565 unxit
1941 3516 2142 3564 autem

491 3624 609 3674 me,
628 3624 750 3664 non
769 3607 921 3668 oleo,
955 3604 1105 3659 sicut
1120 3618 1289 3672 reges
1316 3601 1481 3672 ipsos
1503 3600 1663 3671 (mm)
1692 3599 2013 3668 ungebant,
2039 3598 2144 3652 sed

491 3696 820 3753 divinitate.

563 3785 724 3840 Vers.
758 3786 851 3841 18.
889 3780 981 3837 Ad
1027 3777 1556 3850 euangelizandum
1581 3806 1646 3818 —
1676 3791 1786 3832 me.
1811 3775 2000 3841 Pater,
2057 3774 2142 3830 vi-

490 3871 721 3930 delicet.
777 3875 1074 3941 Pauperes
1129 3874 1330 3924 autem
1385 3869 1562 3921 vocat
1612 3863 1884 3934 gentiles,
1946 3867 2143 3935 utpote

489 3963 676 4021 divini
707 3961 900 4018 cultus
925 3957 1159 4015 divitias
1181 3972 1302 4013 non
1331 3955 1642 4025 habentes,
1676 3954 1958 4025 omnique
1980 3953 2143 4010 bono

490 4057 781 4111 carentes.

559 4161 675 4216 Aut
711 4157 888 4214 etiam
933 4153 1185 4218 Iudaeos,
1216 4153 1322 4224 qui
1350 4151 1560 4206 virtute
1614 4166 1896 4223 pauperes
1953 4159 2138 4216 erant,

488 4248 708 4322 quibus
721 4243 902 4302 simul
914 4242 1192 4300 omnibus
1205 4240 1627 4310 evangelizavit
1640 4240 1860 4294 cultum
1876 4239 2140 4295 divinum

487 4354 560 4396 ac
593 4335 1133 4397 conversationem,
1182 4346 1318 4403 qua:
1342 4328 1677 4386 secundum
1711 4329 1982 4385 virtutem
2033 4336 2138 4395 est,

486 4428 668 4502 idque
706 4441 812 4499 per
842 4422 1250 4494 Evangelium.

562 4519 719 4572 Vers.
755 4515 840 4570 18.
873 4513 971 4570 Ad
998 4510 1337 4570 sanandum
1368 4541 1436 4550 —
1466 4509 1654 4566 corde.
1690 4508 1956 4573 Eosdem,
2009 4508 2142 4580 qui-

485 4603 602 4660 bus
630 4605 919 4674 gravitate
948 4605 1327 4674 peccatorum
1357 4615 1460 4655 cor
1492 4599 1807 4654 contritum
1840 4602 1987 4653 erat.

558 4695 721 4747 Vers.
761 4694 840 4746 18.
888 4693 986 4746 Ad
1019 4689 1468 4760 praedicandum
1495 4720 1562 4730 -—
1604 4687 1811 4743 visum.
1861 4685 2136 4757 Captivis,

487 4795 747 4852 quorum
773 4779 967 4834 anima
985 4796 1020 4835 a
1040 4778 1282 4835 diabolo
1300 4779 1478 4834 ducta
1505 4781 1594 4833 est
1628 4776 1687 4832 in
1719 4777 2138 4847 captivitatem.

487 4867 666 4927 Cascis
693 4883 850 4936 vero,
883 4868 994 4924 hoc
1054 4873 1159 4934 est,
1205 4869 1479 4926 exmcatis
1543 4872 1730 4922 mente
1769 4865 1840 4922 ab
1881 4863 2138 4922 aﬂ‘ectio-

557 4995 601 5031 ³¹
631 4992 829 5051 Matth.
858 5010 931 5063 ιν,
958 4998 1010 5050 8.
1055 4995 1099 5029 ³²
1127 4993 1276 5049 Ibid.
1303 4995 1358 5048 5.
1402 4997 1447 5028 ³³
1477 4992 1622 5049 ibid.
1652 4995 1738 5049 11.

2322 1838 2421 1885 Καὶ
2478 1864 2540 1872 ——
2605 1833 2971 1903 τεθραμμένος.
3022 1831 3239 1901 Εἴρηται
3281 1828 3398 1896 περὶ
3440 1824 3634 1880 ταύτης
3685 1817 3724 1868 ἐν
3756 1823 3808 1884 τῷ

2249 1924 2466 1993 εἰκοστῷ
2506 1924 2732 1994 τετάρτῳ
2763 1918 3020 1991 κεφαλαίῳ
3051 1924 3140 1968 τοῦ
3163 1916 3298 1967 κατὰ
3319 1913 3606 1974 Ματθαῐον,
3634 1911 3748 1981 μετὰ
3769 1909 3810 1955 τί

2249 2013 2384 2073 τέλος
2407 2021 2503 2064 τῶν
2532 2009 2858 2084 παραϐολῶν.

2326 2108 2424 2155 Καὶ

2251 2203 2348 2245 τῶν
2376 2189 2714 2244 διδασκάλων
2745 2196 2835 2240 τοῦ
2872 2186 3019 2250 λαοὺ,
3053 2187 3121 2245 ὡς
3163 2187 3251 2234 καὶ
3299 2180 3454 2240 αὐτὸς
3508 2174 3811 2231 διδάσκαλος.

2252 2285 2280 2342 ἦ
2331 2285 2412 2334 ἱνα
2463 2288 2646 2352 γνοῖεν,
2719 2279 2760 2330 εἰ
2814 2274 3034 2328 δύναται
3088 2272 3485 2342 ἀναγινώσκειν.
3556 2271 3624 2339 μη
3673 2266 3813 2336 μαθὼν

2498 2100 2703 2159 εἰσῆλθε
2783 2129 2850 2138 -
2942 2095 3249 2166 ἀνα-γνῶναι.
3349 2094 3672 2165 Προτραπεὶς
3737 2087 3812 2135 ὑπὸ

2251 2375 2556 2447 γράμματα.

2326 2465 2424 2514 Καὶ
2470 2455 2690 2515 ἐπεδόθη
2748 2487 2816 2496 -
2878 2453 2982 2526 ἐμέ,
3035 2451 3160 2504 Κατ’
3207 2450 3508 2519 οἰκονομίαν
3542 2445 3672 2517 εὗρεν
3697 2441 3813 2499 εὗθνς

2250 2553 2313 2603 τὰ
2345 2554 2454 2623 περὶ
2493 2557 2588 2609 τῆς
2633 2549 2871 2605 θεότητος
2923 2542 3083 2593 αὐτοῦ
3117 2541 3273 2614 ῥητά.
3315 2540 3412 2588 Δια
3455 2543 3550 2587 τοῦ
3590 2535 3812 2606 προφήτου

2250 2643 2351 2713 γὰρ
2434 2638 2585 2696 αὐτός
2659 2643 2824 2686 ταῦτα
2901 2635 3342 2704 προανεφώνησεν.
3423 2623 3517 2685 Ὠς
3589 2622 3814 2691 ἄνθρωπος

2253 2727 2312 2782 δὲ
2351 2747 2528 2800 φησιν,
2574 2728 2653 2778 ὅτι
2703 2727 2874 2782 θεοτης
2908 2723 3125 2792 Κυριού,
3158 2722 3296 2784 ἤτοι,
3342 2722 3433 2766 τοὺ
3469 2716 3616 2779 Tim),
3661 2709 3726 2761 ἐπ’
3753 2707 3816 2777 ἐμὲ

2251 2823 2336 2872 τόν
2392 2819 2615 2878 Ἰησοῦν,
2673 2811 3012 2880 τουτέστιν,ὁ
3066 2812 3192 2868 Θεὸς
3237 2809 3430 2864 ἡνωταί
3473 2823 3592 2873 μοι.
3649 2805 3818 2867 Πνεῦμα

2250 2913 2372 2981 γὰρ,
2423 2913 2517 2964 τὴν
2568 2907 2787 2959 θεότητα
2831 2908 2920 2952 τοῦ
2950 2902 3072 2952 Tim)”
3109 2903 3294 2953 νόησον
3325 2893 3620 2944 κάνταῦθα.
3652 2894 3821 2956 Ilva-ius

2255 2995 2312 3049 δὲ
2353 3001 2543 3069 Κυρίου
2595 2992 2669 3044 ἐπ’
2710 2991 2816 3063 ἐμὲ,
2864 2986 2955 3041 διὰ
3002 2993 3058 3039 τό
3107 2987 3337 3043 σωθῆναι
3374 2985 3502 3043 τοὺς
3543 2980 3818 3051 ἀνθρώπους.

2173 3105 2212 3161 C
2252 3094 2413 3139 Τοῦτο
2455 3087 2555 3157 γὰρ
2588 3081 2809 3133 ἐλλεῖπον
2844 3077 3258 3139 συνεξακούεται,
3303 3077 3394 3124 καὶ
3425 3068 3591 3130 δῆλον
3639 3067 3727 3118 ἀπὸ
3753 3071 3821 3114 τοῦ

2254 3176 2427 3248 ἐφεξῆς
2447 3175 2630 3248 ῥητοῦ.

2326 3403 2402 3456 Οὔ
2431 3403 2609 3454 εῐνεκεν
2662 3400 2848 3470 ἔχρισε
2896 3412 2977 3466 με.
3039 3391 3116 3444 Οὗ
3171 3391 3350 3441 εἵνεκεν
3403 3387 3506 3457 (5),
3564 3383 3623 3435 οὖ
3673 3382 3820 3452 χάριν,

2255 3497 2438 3566 ἔχρισέ
2487 3509 2548 3561 με
2591 3491 2677 3539 τὸν
2717 3486 2984 3558 ἄνθρωπον
3034 3483 3058 3531 ὁ
3100 3484 3242 3538 Θεός.
3303 3478 3496 3547 ἔχρισε
3545 3469 3603 3525 δὲ
3631 3490 3702 3542 με,
3749 3466 3820 3517 οὐκ

2254 3583 2424 3652 ἐλαίῳ,
2466 3579 2697 3648 καθάπερ
2754 3577 2876 3634 τοὺς
2926 3569 3162 3644 βασιλεῖς
3192 3570 3392 3637 ἔχριον,
3451 3561 3584 3614 ἀλλὰ
3734 3558 3820 3606 Θεο-

2253 3689 2394 3728 τητι.

2326 3755 2784 3828 Εὖαγγελίσασθαι
2854 3781 2921 3791 —
2995 3767 3082 3821 με.
3159 3745 3216 3796 Ὀ
3306 3745 3519 3815 Πατήρ,

2257 3851 2509 3918 Πτωχοὺς
2563 3841 2621 3896 δὲ
2667 3843 2819 3914 λέγει,
2881 3843 2995 3898 τοὺς
3059 3836 3114 3897 ἐξ
3155 3833 3329 3895 ἐθνῶν,
3387 3833 3454 3889 ὡς
3521 3833 3589 3901 μὴ
3639 3829 3819 3896 ἕχοντας

2687 3940 2784 3992 τῆς
2861 3925 3140 3994 εὐσεϐείας,
3201 3927 3287 3974 καὶ
3375 3923 3610 3992 γυμνοὺς
3670 3915 3820 3969 πεντὰς

3596 3735 3818 3793 δηλονότι.

2253 3941 2338 3990 τόν
2393 3935 2610 3988 πλοῦτον

2255 4027 2474 4098 ἀγαθοῦ.

2324 4116 2391 4168 ’Ἡ
2423 4119 2512 4166 καὶ
2561 4116 2678 4172 τοὺς
2723 4104 3035 4166 Ἰουδαίους,
3089 4105 3340 4173 πτωχοὺς
3385 4103 3535 4158 ὄντας
3582 4095 3628 4148 ἓν
3674 4092 3820 4166 ἀρετῇ,

2253 4209 2330 4267 οἷς
2379 4207 2508 4276 ὁμοῦ
2560 4208 2718 4253 πᾶσιν
2756 4195 3127 4268 εὐηγγελίσατο
3175 4197 3268 4249 τὴν
3299 4187 3590 4242 εὐσέϐειαν.
3630 4189 3710 4234 καὶ
3749 4183 3820 4233 rit"

2253 4296 2480 4366 ἐνάρετον
2506 4291 2784 4355 πολιτείαν,
2819 4283 2911 4338 διὰ
2940 4292 3029 4335 τοῦ
3064 4278 3399 4350 Εὐαγγελίου.

2173 4451 2221 4510 D
2323 4508 2600 4564 Ἰάσασθαι
2651 4534 2716 4542 -
2747 4496 2991 4573 καρδίαν.
3037 4500 3166 4556 Τοὺς
3209 4496 3423 4556 αυταύς,
3479 4491 3548 4542 ὧν
3590 4491 3618 4546 ἡ
3663 4479 3827 4555 nuptiis

2256 4595 2529 4671 συνετρίϐη
2562 4602 2634 4664 τῷ
2668 4590 2820 4665 βάρει
2849 4596 2945 4649 τῆς
2971 4586 3248 4661 ἁμαρτίας.

2327 4689 2566 4760 Κηρύξαι
2615 4713 2681 4722 -—-
2756 4677 3052 4748 ἀνάϐλεψιν.
3113 4671 3489 4745 Αἰχμαλὼτοις
3563 4671 3672 4740 μὲν,
3742 4665 3826 4714 τοῖς

2255 4773 2733 4848 αἰχμαλωτισθεῐσι
2803 4771 2894 4824 τὴν
2971 4765 3156 4836 ψυχὴν
3237 4763 3338 4812 ὑπὸ
3401 4766 3492 4811 τοῦ
3568 4751 3823 4808 διαϐολον·

2254 4865 2457 4938 τυφλοῖς
2505 4859 2584 4925 δὲ,
2639 4866 2744 4920 τοῖς
2772 4856 3084 4930 τυφλωθείσι
3115 4855 3203 4905 τὸν
3245 4857 3364 4903 νοῦν
3393 4850 3493 4900 ὑπὸ
3525 4855 3628 4898 τῶν
3659 4841 3823 4894 1.1%,.

1711 5120 1925 5188 Varia;
1971 5120 2302 5190 lectiones
2353 5126 2419 5184 et
2467 5122 2670 5183 notas.

554 5265 637 5340 (5)
676 5262 874 5318 Ἕνεκεν
887 5305 900 5318 .
943 5268 997 5317 Β.

551 5447 640 5518 (ιι)
659 5442 1102 5518 Providentiam
1126 5455 1315 5518 suam.
1351 5440 1534 5518 Suam
1563 5457 1686 5518 non
1711 5442 1880 5499 estin
1905 5441 2105 5518 Graeco
2125 5481 2138 5494 .

477 5511 764 5591 Οἰιὶονομία
779 5520 980 5573 autem
1001 5511 1413 5591 alibireddere
1433 5513 1580 5570 solet
1599 5513 2102 5591 dispensationem
2125 5553 2138 5566 .

477 5583 764 5662 Οἰκονομία
792 5594 878 5645 est
907 5583 1431 5662 vocabulumejus
1482 5586 1657 5662 modi,
1695 5583 1869 5657 iquod
1907 5584 2141 5662 Latina

470 5654 783 5739 lngua'vix
811 5658 1104 5734 exprimit.
1144 5660 1260 5715 Hoc
1283 5656 1415 5713 loco
1461 5655 1702 5713 reddere
1729 5654 1973 5728 possis,
2025 5670 2143 5726 op-

2249 5443 2532 5508 portune.

2323 5479 2675 5581 ('mvm'ﬁpsos
2710 5518 2820 5561 nec
2848 5501 2910 5558 in
2941 5499 3145 5558 Graeco
3185 5499 3295 5567 est,
3323 5510 3436 5554 nec
3478 5500 3703 5550 necesse
3738 5479 3814 5536 ιιι

2250 5580 2495 5641 addere.
