3922 6200
135 257 218 312 913

133 384 372 456 Ἐκηρυττε
396 377 449 432 δὲ
475 386 574 441 τοῖς
601 382 689 451 μεν
721 379 1022 453 ἐλευθερίαν,
1058 388 1166 443 τοῖς
1195 380 1272 446 δὲ,
1315 384 1541 446 σύνεσιν,
1571 382 1654 433 ὅτε
1687 379 1732 433 Α

130 466 375 545 παρεδίδου
404 473 488 530 τὰς
506 469 830 540 εὐαγγελικάς
860 469 1085 532 ἐντολάς.
1127 472 1297 524 Αὗται
1330 475 1430 546 γάρ
1464 472 1566 524 εἰσι
1597 475 1654 523 τὸ

130 565 336 632 κήρυγμα
360 567 442 610 τοῦ
473 565 722 633 Σωτῆρος,

187 755 471 807 Ἀποστεΐλαι
521 786 587 794 —
639 752 686 806 ἐν
734 753 932 826 ἀφέσει.
995 755 1286 809 Ἀπολῡσαι
1325 754 1372 806 ἓν
1400 755 1659 829 ἐλευθερίᾳ

130 850 222 906 τοὺς
248 847 626 918 τεθραυσμένους
645 852 706 918 τῇ
741 843 1009 919 τυραννίδι
1039 855 1137 899 τῶν
1170 843 1451 918 δαιμόνων.

186 1039 385 1109 Κηρύξαι
411 1071 474 1078 -
500 1036 696 1095 δεκτόν.
750 1043 1013 1095 Ἐνιαυτόν
1061 1047 1150 1116 μὶν
1208 1039 1315 1096 εἶπε
1340 1046 1425 1095 τὸν
1457 1051 1658 1116 καιρον,

127 1129 252 1178 καθὸν
277 1125 506 1182 ἐδίδασκε
555 1137 644 1183 καὶ
687 1131 1098 1204 ἐθαυματούργει
1142 1150 1154 1164 ⁶
1181 1130 1360 1185 δεκτόν
1419 1129 1476 1185 δὲ
1505 1131 1660 1184 αὐτὸν

131 1216 357 1289 ὠνομασεν,
385 1222 447 1280 ὡς
477 1217 818 1274 εὐαπόδεκτον
843 1233 911 1292 τῲ
948 1228 1112 1294 Ιίατρὶ
1144 1225 1268 1296 ὑπὲρ
1307 1225 1473 1274 πάντα
1499 1222 1661 1274 ἐνιαυ-

131 1309 212 1354 τὸν.
240 1306 302 1358 Ἐν
328 1308 455 1378 αὗτῴ
487 1313 589 1384 γὰρ
621 1318 692 1379 τῷ
726 1321 890 1387 καιρῷ
920 1315 949 1370 ἡ
1018 1316 1255 1386 σωτηρία
1308 1315 1512 1363 πάντων
1561 1317 1658 1361 τῶν

134 1390 351 1466 ἀνθρώπων
395 1396 728 1468 ἐϐλάστησεν,
763 1405 896 1464 ἤτοι,
925 1404 982 1453 τὸ
1017 1407 1271 1472 σωτήριον
1323 1401 1658 1472 Εὗαγγέλίον,

130 1482 349 1556 Ἐκήρνττε
369 1483 423 1538 δὲ
456 1492 534 1539 τὸν
563 1487 794 1540 ἐνιαυτὸν
819 1499 1018 1558 τοῦτον,
1061 1493 1186 1562 μετα
1223 1495 1280 1543 τὸ
1311 1494 1660 1565 πειρασθῆναι

126 1579 192 1623 καὶ
218 1583 403 1634 νικῆσαι
431 1581 511 1628 τὸν
539 1584 848 1649 πειραστην,
883 1585 970 1632 καὶ
999 1581 1346 1655 ὑποστρέψαι.
1393 1582 1518 1634 Ἀπὸ
1553 1585 1663 1632 τότε

121 1668 213 1735 γὰρ,
241 1672 392 1735 φησιν,
428 1667 658 1742 Ἤρξατο
690 1671 714 1720 ὁ
759 1667 964 1730 Ἰησοῦς
995 1674 1280 1741 κηρύσσειν
1307 1677 1396 1724 καὶ
1450 1671 1612 1742 λέγειν
1646 1689 1658 1702 ⁸

123 1755 369 1807 Μετανοεῖτε
415 1776 427 1787 ·
480 1761 672 1828 ἧγγικε
763 1761 864 1830 γὰρ
975 1762 1003 1818 ἡ
1084 1759 1330 1832 βασιλεία
1393 1770 1491 1813 τῶν
1575 1760 1665 1812 0°3-

115 1852 250 1913 ρανῶν
321 1888 332 1900 .
399 1849 466 1899 Τὸ
547 1849 651 1920 γὰρ
751 1845 996 1920 "By-yart,

117 1949 223 1984 εστι.

1073 1857 1259 1921 καιροῦ
1347 1854 1662 1922 σημαντικόν

172 2021 259 2075 Καὶ
286 2025 469 2088 πτύξας
499 2057 571 2066 —
601 2025 831 2079 ἐκάθισε.
864 2033 948 2098 Τῷ
986 2029 1218 2099 ὑπηρέτῃ
1269 2037 1368 2081 τῶν
1402 2026 1664 2082 διδασκά-

111 2109 188 2161 λων
196 2152 206 2163 .

167 2207 251 2253 Καὶ
271 2206 462 2255 πάντων
503 2236 574 2245 ——
605 2205 765 2276 αὐτῷ.
797 2204 907 2258 Ἰνα
944 2205 1233 2274 ἀκούσωσι,
1266 2216 1370 2268 πῶς
1400 2207 1660 2282 ἐρμηνεύει

110 2291 161 2338 τὰ
186 2289 556 2361 ἀναγνωσθέντα
581 2295 734 2368 ῥητοί·

161 2375 360 2450 Ἤρξατο
386 2413 452 2422 -
483 2385 648 2447 ὑμῶν.
674 2384 730 2436 Ἠ
769 2390 942 2458 γραφη
979 2387 1132 2451 αὕτη,
1180 2389 1209 2444 ὴ
1272 2385 1319 2438 ἐν
1370 2394 1477 2448 τοῖς
1535 2387 1662 2438 ὠσὶν

105 2474 216 2534 υμῶν
245 2485 256 2496 ⁸
280 2473 330 2521 τὸ
370 2467 426 2524 δὲ
456 2479 708 2545 Σήμερον,
746 2472 858 2526 ἀντὶ
890 2484 1006 2542 τοῦ,
1041 2476 1124 2527 Ἐν
1151 2479 1368 2536 ταύταις
1400 2485 1508 2536 ταῖς
1539 2479 1662 2548 ἡμέ-

105 2571 216 2624 ραις.
248 2565 399 2612 Τοῦτο
426 2559 484 2614 δὲ
515 2563 696 2630 εἰπὼν,
747 2560 1027 2630 ἐδήλωσεν,
1057 2567 1136 2617 ὅτι
1177 2567 1330 2628 αὑτός
1378 2569 1512 2633 ἐστι,
1547 2567 1662 2642 περὶ

100 2643 147 2694 οὗ
177 2649 230 2698 τὰ
256 2647 641 2720 ἀναγνωσθέντα

163 2822 250 2877 Καὶ
277 2830 450 2889 παντες
479 2861 552 2870 -
583 2829 762 2884 αὐτοῦ.
797 2829 920 2885 Εἶπε
961 2835 1062 2908 γὰρ
1095 2839 1184 2887 καὶ
1241 2835 1370 2888 ἄλλα
1428 2839 1664 2910 θαυμασ-

105 2914 170 2972 τὰ,
216 2913 282 2986 ἐφ’
333 2919 407 2979 οἷς
451 2919 754 2991 ἐθαύμαζον
815 2926 905 2974 καὶ
955 2921 1270 2996 ἕμαρτύρουν
1319 2927 1457 2997 αὐτῷ
1500 2930 1662 3002 χάριν

107 3002 234 3055 θείαν.

1122 253 1490 311 COMMENT.
1535 252 1601 307 ΙΝ
1646 249 1908 307 LUCAM.
1954 281 2018 291 --
2058 250 2216 310 CAP.
2261 250 2354 310 IV.

3315 250 3418 311 9H

1765 379 1963 436 nibus.
1992 379 2362 437 Praedicabat
2386 383 2603 445 autem,
2655 380 2748 436 bis
2806 379 3054 452 quidem
3085 380 3419 440 libertatem

1765 469 1876 524 illis
1898 485 2040 526 vero
2065 469 2534 540 intelligentiam,
2588 469 2829 541 quando
2865 469 3135 527 tradebat
3165 486 3422 543 evange-

1765 558 1877 614 lica
1907 564 2218 630 praecepta.
2260 557 2561 631 Siquidem
2605 557 2699 614 illa
2749 562 2888 614 sunt
2930 559 3276 630 praedicatio
3309 559 3424 618 Sal-

1766 649 2013 704 veteris.

1838 739 1998 791 Vers.
2033 738 2119 792 18.
2182 737 2277 792 Ad
2322 736 2722 793 dimittendum
2758 767 2826 776 —
2862 751 2974 806 per
3012 737 3422 794 remissionem.

1766 825 1854 881 Ad
1885 825 2320 881 absolvendum
2352 841 2456 897 per
2498 825 2828 881 libertatem
2860 825 3197 883 contractos
3223 830 3429 899 tyran-

1769 913 1906 968 nide
1937 913 2308 972 dcenronum.

1840 1019 2009 1078 Vers.
2042 1023 2133 1076 19.
2156 1020 2255 1075 Ad
2273 1019 2714 1089 pradicandum
2739 1048 2809 1062 —
2841 1026 3164 1090 acceptum.
3187 1022 3426 1077 Annum

1773 1109 2001 1164 vocavit
2031 1115 2286 1180 tempus,
2329 1124 2449 1180 quo
2471 1108 2717 1163 docebat
2772 1123 2841 1163 ac
2898 1108 3187 1164 miracula
3216 1124 3429 1180 opera-

1769 1197 1965 1252 batur.
2000 1202 2322 1270 Acceptum
2372 1213 2512 1252 vero
2531 1198 2696 1261 dixit,
2731 1201 2934 1268 utpote
2980 1212 3162 1268 super
3187 1212 3430 1253 omnem

1771 1303 2000 1344 annum
2027 1288 2177 1342 Patri
2205 1285 2651 1359 acceptabilem.
2686 1289 2766 1342 Eo
2799 1287 2956 1342 enim
2981 1292 3252 1358 tempore
3268 1285 3431 1342 salus

1771 1378 2043 1432 omnium
2065 1376 2380 1431 hominum
2397 1375 2774 1444 germinavit.
2805 1380 2918 1431 Aut
2943 1376 3217 1431 salutare.
3247 1379 3434 1431 Evan-

1772 1465 2399 1536 gelium.Praedicabat
2425 1470 2623 1520 autem
2642 1464 2802 1519 hunc
2833 1479 3081 1532 annum,
3105 1468 3432 1535 postquam

1773 1559 2029 1609 tentatus
2061 1553 2253 1608 fuerat
2279 1569 2348 1608 ac
2377 1558 2728 1608 tentatorem
2761 1555 3145 1623 superaverat
3171 1556 3431 1608 etrever-

1773 1659 1874 1697 sus
1899 1648 2041 1698 erat.
2071 1641 2156 1696 Ab
2187 1657 2256 1697 eo
2278 1642 2438 1697 enim
2462 1645 2728 1711 tempore
2776 1641 2972 1711 coepit,
3026 1640 3234 1712 inquit,
3268 1641 3432 1696 Jesus

1618 1760 1665 1802 ι,
1695 1727 1740 1783 Β
1771 1732 2101 1802 praedicare
2130 1737 2182 1788 et
2203 1731 2414 1794 dicere,
2447 1730 2780 1800 Resipiscite
2802 1729 2985 1786 instat
3011 1730 3164 1785 enim
3191 1744 3433 1800 regnum

1773 1823 2076 1878 caelorum.
2112 1823 2261 1877 Nam
2312 1821 2525 1886 Instat,
2603 1818 2889 1892 temporis
2969 1817 3433 1890 signiﬁcativum

1773 1933 1882 1985 est.

1842 2019 2006 2074 Vers.
2031 2020 2128 2074 20.
2170 2016 2434 2088 Cumque
2474 2017 2743 2072 clausum
2795 2045 2863 2058 ——
2916 2014 3148 2072 resedit.
3175 2014 3434 2072 Ministro

1773 2107 1989 2162 scilicet
2018 2106 2354 2161 doctorum.

1843 2197 2003 2250 Vers.
2035 2195 2122 2249 20.
2173 2195 2254 2250 Et
2293 2193 2555 2249 omnium
2615 2223 2681 2233 —
2711 2207 2861 2250 eum.
2891 2193 2960 2249 Ut
2981 2191 3255 2248 audirent
3287 2207 3436 2265 quo-

1774 2285 1958 2340 modo
1983 2284 2467 2354 interpretaretur
2495 2298 2568 2338 ea
2595 2298 2731 2353 quae
2757 2281 2996 2352 legerat.

1844 2375 2002 2428 Vers.
2027 2373 2120 2428 21.
2170 2372 2350 2442 (Icepit
2373 2401 2431 2413 --
2466 2371 2694 2428 vestris.
2737 2370 3187 2442 Scripturabaac,
3215 2373 3280 2426 ut
3299 2368 3433 2425 sub-

1773 2462 2052 2517 audiatur
2098 2463 2278 2527 :Quaa
2333 2460 2551 2526 sonuit,
2582 2462 2642 2515 in
2691 2460 2935 2515 auribus
2980 2459 3208 2525 vestris,
3247 2459 3436 2516 Hodie

1772 2567 1935 2616 vero,
1976 2551 2090 2607 hoc
2147 2556 2257 2616 est,
2301 2550 2395 2605 bis
2457 2549 2682 2605 diebus.
2747 2552 2864 2604 Hoc
2930 2554 3131 2604 autem
3206 2548 3430 2620 dicens,

1775 2640 2174 2709 signiﬁcabat,
2218 2655 2346 2694 sese
2386 2654 2525 2694 eum
2571 2653 2702 2694 esse
2731 2637 2806 2694 de
2853 2653 2976 2710 quo
3012 2637 3432 2710 loquebantur,

1777 2746 1912 2802 quas
1942 2729 2094 2786 lecta
2116 2744 2216 2784 era
2240 2733 2331 2783 nt.

1845 2819 2004 2874 Vers.
2057 2821 2144 2872 22.
2169 2817 2247 2872 Et
2299 2831 2498 2874 omnes
2536 2847 2604 2856 —
2643 2817 2792 2885 ejus.
2836 2814 2987 2872 Dixit
3037 2815 3198 2870 enim
3233 2821 3289 2871 et
3313 2815 3435 2872 alia

1773 2907 2150 2971 admiranda,
2185 2908 2254 2962 de
2276 2906 2495 2978 quibus
2519 2904 2905 2970 mirabantur,
2938 2908 2994 2960 et
3020 2904 3432 2962 testimonium

1772 2997 1824 3053 ei
1854 2996 2082 3053 dabant
2109 2997 2183 3051 de
2208 2997 2399 3065 gratia
2433 2994 2659 3050 divina.

159 3097 244 3144 Καὶ
283 3093 441 3166 ἔλεγον
489 3129 566 3138 -
620 3099 811 3171 Ἰωσήφ
837 3116 850 3164 ;
879 3105 1116 3159 Ζήτησον
1157 3101 1203 3154 ἐν
1257 3111 1327 3174 τῷ
1378 3100 1659 3162 δηλωθέντι

1842 3085 2010 3142 Vers.
2037 3087 2125 3139 22.
2159 3084 2529 3174 Etdz‘cebant
2585 3110 2644 3120 —
2685 3083 2903 3151 Joseph
2925 3083 2953 3137 ?
2979 3084 3185 3150 Quaere
3219 3083 3294 3142 de
3317 3083 3434 3142 hoc

105 3189 282 3251 εικοστῷ
310 3187 537 3258 τετάρτῳ
564 3187 823 3259 κεφαλαίῳ
854 3195 942 3240 καὶ
966 3196 1081 3264 περὶ
1113 3195 1317 3261 τούτου,
1350 3195 1660 3269 πλατύτερον

102 3278 233 3322 εκεὶσε
257 3278 503 3346 κειμένου.

157 3360 599 3418 Καὶείπε-ὧδε
795 3367 1100 3442 Παραϐολην
1148 3370 1366 3425 ἐνταῦθα
1421 3378 1514 3430 τὴν
1562 3395 1660 3427 πα-

97 3453 268 3516 ροιμίαν
303 3452 541 3525 ὠνόμασε
605 3463 858 3530 παροιμία
898 3461 999 3530 γὰρ
1057 3457 1116 3518 ἦν
1147 3460 1393 3534 λεγομένη
1429 3462 1510 3516 ἐπὶ
1559 3474 1658 3516 τῶν

99 3540 342 3592 νοσούντων
385 3543 602 3618 ἰατρῶν,
659 3545 840 3619 ’ῐατρε,
901 3550 1213 3620 θεράπευσον
1264 3556 1500 3605 σεαυτὸν.
1539 3551 1658 3606 Εἷπε

99 3619 143 3674 σ”ε
187 3636 340 3692 τοῦτο,
394 3638 550 3703 γνοὺς
602 3634 791 3696 αὐτοὺς
841 3636 1071 3698 θέλοντας
1129 3640 1206 3711 (8)
1269 3637 1395 3692 ἰδεῖν
1442 3651 1652 3715 σημεῖα.

98 3718 228 3768 Φησὶν
271 3716 353 3771 οὖν
399 3741 410 3753 ·
469 3725 685 3784 Πάντως
737 3723 894 3797 ἐρεῖτέ
947 3747 1059 3797 μοι,
1109 3732 1273 3802 Ῑατρε,
1342 3733 1655 3803 θεράπευσον

99 3810 294 3872 σεαυτὸν,
322 3812 501 3880 ἤγουν,
550 3817 645 3868 τὴν
684 3810 920 3886 πατρίδα
947 3834 1062 3875 σου,
1119 3826 1375 3870 νοσοῦσαν
1407 3821 1464 3872 οὐ
1503 3826 1654 3893 μόνον

94 3900 179 3952 ταῖς
200 3899 459 3968 καχεξίαις
499 3908 599 3953 τοῦ
633 3907 894 3973 σώματος,
930 3903 1057 3956 ἀλλὰ
1098 3912 1186 3958 καὶ
1218 3915 1278 3979 τῇ
1316 3907 1536 3977 ἀπιστία
1567 3920 1658 3972 τῆς

95 3979 261 4052 φυχῆς,
287 3994 467 4061 καὶμὴ
501 3987 798 4061 δυναμένην
820 3997 1100 4059 πιστεύειν,
1136 3997 1213 4056 οἷς
1248 3996 1423 4050 ἀκούει
1454 4005 1656 4071 γινομέ-

91 4089 174 4132 νοις
196 4077 322 4147 ποιρᾶ
349 4087 441 4130 σοῦ
476 4084 739 4151 σημείοις,
764 4081 808 4132 εἰ
832 4082 909 4152 (9)
941 4086 1012 4153 μὴ
1041 4087 1125 4135 καὶ
1153 4081 1226 4136 δι’
1257 4087 1418 4156 ὅψεως
1441 4098 1659 4144 τοιαῦτα

95 4159 310 4219 θιάτηται
336 4171 474 4236 (10).

144 4249 252 4306 Εἷπε
281 4253 354 4308 δέ·
388 4289 457 4298 -
492 4258 679 4309 αὑτοῦ.
723 4258 803 4312 Ἐν
831 4269 901 4330 τῷ
936 4261 1277 4336 προῤῥηθέντι
1331 4266 1547 4337 εἰκοστῷ
1573 4289 1654 4321 τε-

93 4343 228 4411 τάρτῳ
253 4346 508 4418 κεφαλαίῳ
531 4355 626 4398 τοῦ
648 4351 783 4400 κατὰ
805 4349 1074 4402 Ματθαῖον
1109 4352 1336 4427 ἀκριϐῶς
1353 4355 1542 4431 ἐρῥηθη
1569 4364 1654 4410 καὶ

90 4435 182 4500 περὶ
208 4436 404 4488 τούτου.

1688 4225 1734 4280 D

144 4519 237 4571 Ἐπ’
285 4522 527 4588 ἀληθείας
583 4557 649 4566 -—-
707 4534 904 4600 χήραν.
953 4529 1216 4602 Ἐμφαίνει
1275 4528 1368 4585 διὰ
1414 4543 1504 4586 τοῦ
1559 4556 1655 4588 πα-

84 4605 420 4684 ραδείγματος,
487 4619 570 4667 ὅτε
605 4616 696 4667 οὐκ
745 4617 876 4668 εἰσὶν
926 4619 1061 4681 ἄξιοι
1123 4627 1370 4693 σημείων,
1428 4621 1521 4676 διὰ
1567 4631 1653 4684 τὴν

88 4703 256 4751 certat-0v
303 4702 558 4756 ἀπιστίαν
607 4705 776 4756 αὐτῶν
819 4725 831 4737 ·
861 4705 1058 4780 Ὠσπερ
1091 4713 1190 4784 γὰρ
1249 4713 1273 4762 ὁ
1305 4712 1477 4774 Ἠλίας
1517 4721 1650 4779 τότε,

88 4797 250 4840 πολλῶν
338 4803 530 4866 χηρῶν
657 4794 824 4846 οὐσῶν
929 4795 976 4848 ἐν
1074 4807 1177 4860 τοῖς
1282 4802 1650 4874 Ἰσραηλίταις,

84 4882 187 4944 πρὸς
219 4881 326 4952 (li)
382 4879 642 4955 οὐδεμίαν
691 4883 857 4935 αὐτῶν
910 4886 1136 4959 ἐπέμφθη
1195 4893 1338 4964 παρὰ
1393 4899 1544 4961 Θεοῦ,
1591 4897 1654 4954 ὡς

83 4965 268 5028 τραξίων
325 4981 417 5033 τῆς
477 4969 766 5045 ἐπιδημίας
815 4974 994 5045 αὑτοῦ,
1045 4981 1170 5051 πρὸς
1221 4985 1380 5051 μόνην
1455 4978 1512 5034 δὲ
1560 4987 1653 5041 τὴν

1770 3175 1928 3232 dicto
1958 3175 2168 3246 capite,
2202 3173 2298 3228 ubi
2324 3173 2452 3229 haec
2478 3172 2634 3228 clare
2663 3176 2988 3243 ponuntur.

1842 3381 2003 3436 Vers.
2031 3381 2124 3436 23.
2184 3377 2258 3434 Et
2305 3377 2487 3434 ait—
2545 3377 2606 3432 in
2653 3376 2871 3448 papria
2899 3381 3024 3434 tua.
3057 3375 3429 3439 Parabolam.

1768 3469 1906 3526 dicit
1925 3469 2021 3524 hic
2048 3466 2451 3541 proverbium,
2498 3464 2900 3537 proverbium,
2955 3464 3227 3537 inquam,
3265 3465 3434 3538 quod

1766 3561 1881 3616 dici
1901 3558 2046 3615 solet
2095 3557 2169 3615 de
2198 3556 2445 3612 medicis
2493 3553 2922 3624 mgrotantibus
2958 3571 2969 3610 :
3005 3553 3256 3619 Medica,
3285 3568 3434 3612 cura

1765 3649 2028 3720 teipsum.
2084 3646 2237 3701 Dixit
2270 3650 2470 3702 autem
2511 3645 2648 3710 hoc,
2707 3645 2961 3711 cognito,
3013 3643 3178 3716 quod
3219 3642 3421 3716 cupidi

1765 3742 1963 3795 essent
1989 3735 2222 3792 videndi
2239 3735 2426 3806 signa.
2446 3734 2538 3788 Ait
2566 3749 2707 3804 ergo
2738 3751 2751 3786 :
2783 3734 3028 3790 Omnino
3054 3733 3260 3791 dicetis
3285 3735 3428 3791 uihi.

1765 3829 1999 3893 Mediae,
2033 3841 2178 3883 cura
2222 3831 2278 3881 te
2312 3825 2526 3894 ipsum,
2585 3823 2708 3878 sive
2745 3823 3001 3894 patriam
3053 3827 3244 3889 tuam,
3295 3840 3432 3897 qum

1767 3922 2030 3987 aegrotat,
2065 3930 2181 3970 non
2211 3913 2406 3970 solum
2436 3913 2635 3984 pravis
2676 3912 2942 3984 corporis
2971 3911 3295 3979 habitibus,
3326 3929 3427 3970 ve-

1767 4021 1900 4061 rum
1941 4005 2122 4062 etiam
2160 4003 2506 4059 inﬁdelitate
2541 4001 2779 4064 animae.
2841 4017 2950 4056 nec
2990 4001 3225 4058 credere
3274 4002 3432 4060 valet

1767 4093 1975 4164 signis,
2021 4107 2218 4164 quaea
2258 4098 2311 4145 te
2369 4090 2524 4146 facta
2609 4105 2740 4144 esse
2794 4088 3043 4156 audivit,
3082 4090 3195 4146 nisi
3250 4091 3427 4148 etiam

1767 4181 1957 4240 oculis
1985 4179 2197 4235 similia
2229 4180 2444 4234 videat.

1837 4271 2106 4327 Vers.24.
2145 4268 2307 4324 Dixit
2380 4273 2575 4323 autem
2627 4283 2844 4323 ——sua.
2915 4265 3204 4322 Praedicta
3269 4267 3422 4324 vice-

1767 4361 1918 4415 simo
1945 4361 2158 4430 quarto
2189 4355 2380 4428 capite
2414 4355 2708 4424 Evangelii
2731 4355 2902 4426 juxta
2945 4353 3285 4412 Mattbaeum
3330 4371 3426 4413 ac-

1765 4453 1963 4505 curate
1995 4447 2172 4503 etiam
2205 4445 2277 4500 de
2313 4444 2428 4501 hoc
2461 4444 2686 4500 dictum
2713 4449 2823 4501 est.

1835 4538 1997 4592 Vers.
2059 4539 2148 4591 25.
2199 4535 2270 4589 In
2324 4534 2576 4590 veritate
2647 4564 2715 4575 —
2780 4533 2946 4588 Vers.
3017 4533 3084 4589 26
3159 4533 3418 4591 viduam.

1766 4625 2030 4682 Ostendit
2056 4625 2170 4680 hoc
2201 4623 2392 4696 signo,
2429 4622 2594 4694 quod
2620 4622 2847 4692 indigni
2881 4622 2998 4678 sint
3055 4622 3240 4692 signis
3289 4639 3422 4695 pro-

1765 4721 1891 4788 pter
1921 4716 2285 4770 insensatam
2331 4712 2572 4768 illorum
2603 4711 3096 4770 incredulitatem.
3126 4712 3421 4778 Quemad-

1766 4803 2014 4860 modum
2050 4803 2210 4858 enim
2267 4806 2323 4857 et
2368 4800 2542 4861 Elias,
2597 4816 2736 4856 cum
2777 4799 2973 4858 multae
3019 4805 3216 4858 essent
3254 4802 3419 4875 apud

1765 4892 2056 4949 lsraelitas
2075 4890 2297 4957 viduae,
2333 4889 2408 4946 ad
2465 4888 2691 4946 nullam
2750 4889 2988 4947 illarum
3020 4891 3238 4947 missus
3271 4895 3357 4948 est
3382 4907 3418 4950 a

1768 4984 1906 5053 Deo,
1946 4982 2110 5056 quod
2134 4980 2393 5052 indigum
2419 4984 2632 5049 essent,
2673 4983 2738 5037 ut
2783 4979 2857 5036 ad
2909 4995 3011 5037 eas
3058 4980 3413 5040 accederet:

1255 5205 1479 5272 Variae
1508 5205 1837 5275 lectiones
1869 5216 1934 5274 et
1963 5215 2164 5274 notae.

136 5066 175 5099 ³⁸
202 5071 389 5127 Matth.
413 5087 496 5143 ιν,
529 5071 619 5126 17.

135 5332 206 5476 (ξέ
229 5333 396 5394 Forte
427 5337 760 5395 Hentenius
788 5341 1061 5400 additum
1081 5346 1299 5418 reperit
1325 5346 1479 5420 ἔλεγε.

135 5403 174 5474 (ι
232 5405 306 5463 Ἐι
329 5417 392 5476 τῇ
432 5406 654 5476 πατρίδι
688 5429 802 5476 σου,
833 5415 996 5476 quod
1030 5417 1351 5474 Hentenius
1409 5420 1479 5475 Vit

133 5403 199 5486 (7)
232 5405 306 5463 Ἐι
329 5417 392 5482 τῇ
420 5406 654 5487 πατρίδι
688 5429 802 5478 σου,
833 5415 996 5487 quod
1030 5403 1351 5474 Hentenius
1409 5403 1645 5477 videtur

76 5470 502 5557 legitimam:
535 5470 808 5557 ineorum
837 5470 1644 5557 agnoscitiso—liautem-boo

76 5550 511 5634 omittuntinter
540 5553 796 5634 reliquos
824 5550 1055 5616 co'dices
1081 5563 1480 5634 Mosquenses.

133 5625 199 5693 [8)
227 5621 375 5679 ἰδιῑν
414 5627 592 5685 abest
617 5621 684 5684 Αἰ

1825 5348 1898 5419 (9)
1927 5348 1986 5402 Εἰ
2013 5352 2096 5400 καὶ
2128 5354 2195 5418 μή
2235 5348 2288 5401 Β.

1853 5424 1939 5490 10)
1964 5421 2240 5472 Θεάσεται.
2268 5421 2323 5472 Β.

1755 5422 1854 5618 οὐὲ

1850 5487 2024 5615 illud
2055 5497 2192 5562 post
2233 5495 2360 5565 προς
2408 5489 2574 5547 addit
2629 5491 2695 5547 A.
2748 5489 2948 5548 Malim
3002 5487 3225 5547 addere
3275 5488 3413 5560 post

1856 5582 1920 5615 ιιι
1944 5583 2024 5615 αν.

1856 5582 2024 5636 (μίαν.
