3922 6200
152 273 237 328 917

1315 266 1685 327 COMMENT.
1733 265 1800 318 IN
1841 265 2106 322 LUCAM.
2150 297 2216 307 -—
2258 267 2412 323 CAP.
2459 266 2522 324 V.

3346 271 3454 328 918

207 398 450 470 Ἐξήρχιτο
480 427 539 436 -
575 393 720 451 εἶναι.
771 428 840 438 -
891 397 1190 469 Ἐπιτιμῶν,
1235 396 1344 450 ἀντὶ
1374 402 1486 463 τοῦ,
1537 396 1666 446 Ἐπι-

1869 391 2035 446 Vers.
2087 395 2175 447 41.
2234 394 2494 450 Exibunt
2537 408 2791 464 —.esse.
2845 398 3127 466 Επιτιμῶν,
3192 410 3312 452 non
3365 403 3453 454 est

149 488 388 558 στομίζων.
434 487 708 558 Ἀνοίγνωθι
759 484 818 540 δὲ
873 489 921 539 ἓν
975 495 1046 556 τῷ
1091 492 1249 561 τρίτῳ
1297 485 1555 558 κεφαλαίῳ
1587 491 1680 536 τοῦ

145 580 255 627 κατὰ
301 577 490 649 Μάρκον
536 581 627 635 τὴν
679 575 927 648 ἕξήγησιν
979 584 1087 628 τού·
1144 581 1242 629 Καὶ
1271 577 1382 647 (16)
1433 579 1682 645 ἐπιτιμῶν

145 666 218 717 οὐκ
237 669 338 737 igne
365 665 516 717 λαλεῖν
553 668 618 717 τα
650 662 915 738 δαιμόνια.

200 847 436 913 Γενομένης
476 873 540 882 -
595 846 772 896 τόπον.
832 844 1053 915 Εἴρηται
1115 845 1205 893 καὶ
1248 844 1366 912 περὶ
1407 841 1591 892 τούτου
1634 837 1680 890 ἐν

144 932 269 1000 ούτῲ.

208 1023 346 1072 Καὶοί
381 1021 525 1091 ὄχλοι
567 1021 822 1076 -αύτῶν,
865 1021 946 1074 Ἐν
987 1019 1158 1091 ἐκείνῳ
1196 1021 1283 1070 καὶ
1326 1022 1444 1091 περὶ
1490 1021 1681 1068 τοᾶτω

146 1117 314 1190 ίρῥήθη.

197 1205 243 1257 Ὀ
286 1201 333 1255 ᾖ
386 1233 448 1242 -
505 1199 802 1262 Γαλιλαίας.

201 1296 378 1344 πάντων.

200 1379 382 1450 Ἐγένετο
404 1412 462 1420 —-
491 1378 698 1450 λίμνην.
730 1380 799 1431 Τὸ
827 1380 916 1450 μὲν
945 1382 1161 1450 Σίμωνος
1207 1380 1297 1427 καὶ
1329 1370 1596 1448 Ἀνδρέου,
1626 1377 1682 1425 τὸ

141 1467 186 1522 ἐξ
225 1468 432 1523 Ἰακώϐου
484 1473 574 1520 καὶ
615 1469 874 1521 Ἰωάννου.
932 1470 1177 1519 Κοινωνοὶ
1232 1467 1333 1538 γὰρ
1393 1461 1527 1522 ἦσαν
1593 1472 1685 1524 τῆς

891 1199 1105 1271 Ὁμοίως
1161 1203 1249 1250 καὶ
1306 1201 1423 1269 περί
1489 1199 1682 1248 τούτων

140 1558 308 1623 ἁλιείας,
333 1561 393 1618 ὡς
420 1561 680 1630 πρὸίὸντες
719 1557 1029 1632 εὑρήσομεν.

1791 480 1888 536 hic
1926 482 2164 553 proprie
2192 483 2531 554 Increpans,
2562 483 2689 550 sed,
2724 483 3038 539 Silentium
3089 485 3212 541 illis
3267 486 3452 557 impo-

1793 585 1956 625 nens.
1996 572 2147 641 Lege
2199 578 2396 628 autem
2442 571 2612 628 tertio
2663 571 2856 643 capite
2907 573 3208 643 Evangelii
3246 590 3453 633 secun-

1791 659 1938 714 dum
1974 663 2232 717 Marcum
2281 661 2424 717 dicti
2457 661 2613 716 illius
2645 660 3075 732 expositionem
3103 679 3116 718 :
3145 669 3197 719 et
3227 679 3347 720 non
3378 663 3452 722 si-

1791 749 1968 804 nebat
1996 750 2148 821 loqui
2180 750 2477 807 daemonia
2524 752 2590 804 ³⁸.

1863 838 2029 894 Vers.
2062 842 2150 894 42.
2183 840 2367 896 Facto
2392 870 2460 881 —
2493 841 2707 896 locum.
2753 839 2982 895 Dictum
3013 845 3104 897 est
3132 839 3208 897 de
3236 841 3451 898 codem

1791 927 1944 983 loco.

1866 1019 2026 1074 Vers.
2062 1021 2150 1072 42.
2200 1019 2278 1074 Et
2308 1019 2496 1075 turbae
2517 1048 2584 1059 —
2611 1018 2711 1075 eis.
2746 1015 2852 1072 Illo
2877 1017 3070 1089 capite
3109 1019 3184 1075 de
3225 1019 3319 1075 his
3363 1019 3450 1076 di-

1793 1112 1954 1162 ctum
1984 1111 2093 1164 est.

1865 1196 2032 1252 Vers.
2077 1198 2162 1252 43.
2217 1197 2340 1268 Ipse
2368 1203 2560 1254 autem
2589 1227 2659 1240 —
2689 1198 2847 1252 Vers.
2888 1199 2978 1252 44.
3035 1195 3314 1255 Galilcecr.
3370 1197 3452 1254 Si-

1794 1285 2006 1341 militer
2022 1291 2078 1341 et
2097 1285 2171 1340 de
2196 1285 2291 1340 his
2322 1286 2628 1342 omnibus.

1863 1375 2024 1432 CAP.
2070 1376 2138 1430 V.
2179 1377 2335 1430 Vers.
2402 1379 2447 1429 t.
2506 1375 2755 1430 Factum
2805 1378 2888 1430 est
2933 1405 3000 1415 —
3056 1376 3215 1430 Vers.
3258 1379 3309 1430 2.
3372 1377 3454 1432 lo-

1795 1478 1947 1519 cum.
1978 1466 2106 1520 Una
2131 1464 2376 1536 quidem
2425 1468 2551 1520 erat
2586 1464 2844 1520 Simonis
2885 1467 2940 1519 et
2970 1462 3237 1534 Andreae,
3269 1463 3454 1522 altera

1793 1569 1932 1609 vero
1978 1553 2187 1610 Jacobi
2227 1558 2283 1610 et
2310 1552 2560 1609 Joannis
2593 1575 2604 1605 :
2634 1553 2694 1608 hi
2739 1552 3037 1625 siquidem
3079 1553 3227 1608 socii
3277 1553 3335 1609 in
3366 1555 3452 1626 pi-

1797 1643 2064 1699 scatione
2078 1648 2265 1708 erant.
2280 1648 2456 1715 prout
2470 1643 2528 1697 in
2549 1642 2936 1714 sequentibus
2950 1641 3342 1700 inveniemus.

184 1742 236 1790 Οἱ
283 1735 332 1790 δὲ
381 1737 532 1798 ἁλιεῖς
587 1769 642 1776 -—
691 1733 904 1788 δίκτυα.
940 1741 1125 1807 Σίμων,
1169 1737 1254 1785 καὶ
1297 1729 1562 1808 Ἀνδρέας,
1592 1740 1666 1783 κα

1868 1734 2028 1790 Vers.
2068 1737 2120 1788 2.
2168 1732 2595 1789 Piscatores—
2639 1732 2802 1788 retia.
2864 1734 3086 1803 Nempe
3139 1732 3344 1788 Simon
3395 1735 3453 1790 et

130 1825 344 1892 Ἰάκωϐος,
374 1832 458 1878 καὶ
487 1826 751 1886 Ἰωάννης.
798 1830 898 1877 Καὶ
933 1830 1056 1896 μὴν,
1089 1825 1112 1875 ὁ
1143 1824 1410 1883 Ματθαῐος
1441 1820 1488 1873 ἐν
1533 1820 1677 1894 ἀρχῇ

123 1925 194 1966 τοῦ
242 1920 559 1987 κηρύγματος
609 1933 766 1985 φησιν
818 1914 1006 1974 αύτούς
1051 1911 1352 1965 καταλίπεῖν
1392 1913 1457 1963 τὰ
1504 1909 1677 1962 ἁλιευ-

121 2008 216 2055 τικὰ
255 2009 423 2067 mea,
464 2010 553 2055 καὶ
608 2002 962 2062 ἀκολουθῆσαι
1006 2012 1075 2072 τῷ
1125 2009 1358 2074 Χριστῷο
1402 1998 1528 2052 ἀλλὰ
1581 2005 1674 2058 τὴν

119 2098 186 2162 με»
227 2096 400 2168 ὀριέραν
426 2092 742 2150 ἠκολούθουν
769 2093 928 2162 αὐτῷ’
981 2096 1073 2149 τὴν
1120 2088 1178 2143 δὲ
1233 2093 1396 2141 νύκτα
1424 2097 1485 2161 τῇ
1531 2087 1672 2162 ἀλεία

117 2181 378 2252 ἐσχολαζον,
442 2190 588 2234 οὔπω
627 2185 976 2252 γνησιώτερον
1027 2181 1371 2240 οἰκειωθέντες
1448 2175 1540 2230 διὰ
1612 2181 1668 2230 τὸ

115 2271 419 2342 αἰσχυντηλόν
449 2273 643 2324 αὐτῶν.
679 2271 831 2331 Εἰκὸς
876 2267 955 2338 δὲ,
987 2274 1110 2342 μίαν
1141 2270 1170 2328 ἣ
1215 2273 1304 2320 καὶ
1352 2264 1450 2320 δύο
1480 2270 1666 2330 νύκτας

115 2368 234 2412 τοῦτο
255 2371 480 2426 ποιῆσαι,
512 2366 607 2412 καὶ
635 2365 706 2433 μη
731 2363 1038 2434 περαιτέρω.

160 2538 324 2611 Ἔμϐας
364 2572 430 2581 —-
476 2540 674 2612 ὀλίγον.
710 2571 776 2579 —
813 2545 1114 2611 Πρώτησεν,
1168 2535 1278 2588 ἀντὶ
1321 2545 1433 2603 τού,
1495 2543 1661 2611 Προσ-

109 2630 240 2691 trait.

162 2720 242 2771 Καὶ
271 2722 485 2780 καθίσας
537 2750 610 2759 —
650 2717 860 2790 ὄχλους·
901 2713 1214 2769 Ἐδίδασκε-ν
1241 2720 1294 2768 ἐκ
1325 2723 1415 2767 τοῦ
1460 2715 1663 2782 πλοίου,

104 2808 167 2854 in
198 2813 258 2877 μὴ
315 2806 637 2860 ἐπιπίπτοιεν
677 2807 814 2877 αύτῷ
859 2803 1191 2870 διδάσκοντι,
1219 2810 1308 2856 καὶ
1354 2807 1435 2856 ἵνα
1472 2806 1664 2864 πάντας

99 2897 190 2964 ὁρᾷ,
237 2900 363 2948 κατὰ
414 2902 700 2971 πρόσωπον
751 2896 995 2957 ἑστῶτας.
1049 2903 1213 2947 Τοῦτο
1264 2890 1323 2946 δὲ
1370 2899 1458 2945 καὶ
1511 2893 1662 2945 πάλιν

99 2989 350 3050 πεποίηκεν,
402 2990 470 3047 ὡς
525 2982 638 3038 εἶπε
697 2986 962 3045 Ματθαῖος
1008 2983 1054 3036 ἐν
1101 2991 1171 3035 τῶ
1224 2982 1353 3035 τέλει
1384 2989 1472 3034 τοῦ
1524 2984 1689 3034 είκο-’

96 3081 198 3124 στου
219 3079 380 3147 τρίτου
409 3074 719 3147 κεφαλαίου.

309 3170 446 3219 ΚΕΦ.
475 3163 580 3217 1Α’.
619 3168 744 3235 Περὶ
769 3170 864 3223 τῆς
895 3161 1057 3234 ἄγρας
1077 3169 1173 3212 τῶν
1199 3161 1417 3232 ἰχθύων.

145 3254 221 3312 Ὠς
267 3249 321 3305 δὲ
368 3285 433 3294 -
475 3253 671 3327 ἄγραν.
729 3257 998 3304 Γινωσκων
1053 3253 1132 3302 ὅτι
1181 3247 1380 3312 διὀλης
1423 3259 1512 3310 τῆς
1541 3269 1658 3300 νυκ-

93 3341 155 3396 τὸς
194 3339 330 3393 οὐδὲν
380 3345 670 3416 ἧγρευσαν,
719 3339 978 3412 ἐπιτρέπει
1016 3343 1220 3400 τούτοις
1266 3338 1506 3410 χαλάσαι
1545 3338 1658 3409 (17)

93 3429 140 3475 τὰ
165 3423 338 3481 δίκτυα
363 3439 473 3494 νῦν,
517 3430 609 3482 ἱνα
637 3435 842 3500 γνόντες
870 3435 963 3486 τὴν
1009 3425 1230 3501 δύναμιν
1261 3429 1418 3480 αὑτοῦ
1448 3427 1659 3500 βεϐαιό-

93 3533 224 3586 τερον,
277 3519 482 3572 aliisve:
543 3523 732 3572 πίστιν
790 3519 949 3570 αύτού
1001 3516 1363 3590 προσλάϐοιεν,
1413 3523 1502 3570 καὶ
1559 3518 1662 3570 λοι-

94 3622 165 3654 πον
192 3604 497 3671 ἀποστάντες
527 3609 700 3661 τέλεον
748 3616 839 3670 τῆς
877 3607 1088 3671 ἁλιείας,
1143 3604 1392 3668 διηνεκῶς
1446 3606 1662 3659 ἀκολου-

93 3695 221 3747 Θῶσιν
255 3698 411 3768 αύτῷ.

149 3790 232 3837 Καὶ
259 3784 560 3862 ἀποκριθεὶς
595 3815 656 3824 -
686 3782 918 3840 δικτυον.
950 3787 1266 3848 Ἐπιστάτης
1298 3786 1410 3858 (l8)
1461 3785 1662 3857 λέγεται

89 3874 108 3920 ὁ
130 3869 449 3939 διδάσκαλος.

145 3967 230 4015 Καὶ
277 3975 426 4018 τοῦτο
497 3971 817 4027 ποιήσαντες
885 3997 951 4006 —
1023 3965 1176 4019 αύτά.
1248 3967 1339 4017 Διά
1411 3967 1660 4037 νεύματος

85 4055 498 4120 προσεκαλέσαντο
561 4055 768 4120 αύτούς,
831 4059 901 4126 μὴ
957 4050 1234 4126 δυνάμενοι
1280 4053 1506 4111 λαλῆσαι
1558 4053 1658 4106 ἀπὸ

84 4146 158 4199 τῆς
181 4141 456 4206 ἐκπλήξεως
492 4151 589 4196 καὶ
642 4153 733 4195 τοῦ
766 4144 945 4215 φόϐου,
975 4148 1246 4213 Μετὸχους
1278 4139 1336 4195 δὲ
1357 4143 1510 4214 λέγει,
1540 4148 1660 4206 τοὺς

80 4237 287 4284 κοινωνοὺ
297 4253 335 4293 ς.

137 4316 268 4372 ’ἰδὼν
305 4354 372 4362 -
421 4323 551 4394 εἰμι,
601 4329 839 4384 Συνῆκεν,
897 4324 975 4374 ὁτί
1028 4325 1084 4372 τὸ
1128 4326 1446 4393 πρόσταγμα
1497 4322 1655 4373 αὑτοῦ

1791 1822 2076 1886 Andreas,
2100 1822 2356 1878 Jacobus
2386 1826 2443 1877 et
2463 1821 2743 1876 Joannes.
2782 1821 2957 1892 Atqui
2989 1821 3290 1878 Matthaaus
3345 1822 3445 1893 ait,

1787 1911 1900 1968 hos
1929 1912 1989 1967 in
2019 1911 2316 1984 principio
2345 1909 2790 1983 praedicationis
2836 1909 3144 1982 reliquisse
3195 1911 3448 1984 piscato-

1784 2001 1874 2057 ria
1925 2001 2150 2066 omnia,
2185 2005 2241 2055 et
2271 2003 2504 2055 secutos
2537 2014 2664 2053 esse
2709 1997 3033 2054 Christum.
3085 1999 3305 2054 Verum
3351 1999 3449 2056 die

1782 2089 2026 2161 quidem
2062 2088 2472 2161 sequebantur
2519 2087 2838 2153 Christum,
2881 2090 3052 2142 nocte
3089 2103 3226 2144 vero
3253 2087 3449 2160 pisca-

1778 2179 1930 2235 toria
1959 2177 2317 2234 exercebant
2342 2195 2357 2232 :
2381 2177 2654 2233 nondum
2673 2177 2928 2247 ingenue
2953 2176 3014 2232 in
3040 2175 3252 2233 Christi
3271 2176 3442 2233 fami-

1774 2268 1918 2324 liam
1946 2265 2138 2330 acciti,
2166 2282 2236 2322 eo
2263 2265 2424 2339 quod
2450 2265 2692 2338 propria
2722 2264 3127 2321 detinerentur
3156 2280 3437 2322 verecun-

1774 2357 1886 2413 dia.
1921 2355 2247 2411 Verisimile
2276 2360 2365 2411 est
2382 2359 2605 2420 autem,
2631 2353 2693 2409 id
2719 2370 2837 2411 una
2861 2359 3030 2411 nocte
3053 2353 3303 2423 factum,
3334 2357 3438 2412 aut

1771 2446 2034 2512 duabus,
2074 2451 2132 2501 et
2174 2461 2296 2500 non
2331 2444 2608 2516 amplius.

1845 2535 2008 2593 Vers.
2040 2540 2092 2592 3.
2152 2535 2445 2606 Ingressus
2478 2566 2532 2576 -
2566 2534 2862 2606 pusillum.
2924 2533 3181 2588 Verbum
3235 2533 3438 2606 ἠρώτη-

1776 2644 1859 2677 σεν
1887 2641 1996 2680 nec
2026 2625 2118 2680 hic
2150 2624 2446 2694 signiﬁcat
2475 2623 2887 2692 Interrogavit,
2931 2622 3036 2677 sed
3061 2621 3254 2678 Iussit.

1847 2717 2005 2769 Vers.
2038 2715 2094 2768 3.
2149 2715 2224 2768 El
2267 2714 2469 2770 sedens
2506 2711 2814 2768 —turbas.
2847 2711 3108 2766 Docebat
3155 2710 3230 2765 de
3275 2711 3433 2777 navi,

1775 2819 1850 2859 ne
1878 2804 1940 2858 in
1971 2820 2109 2858 eum
2141 2803 2456 2858 docentem
2493 2801 2818 2856 irruerent:
2854 2799 3192 2871 videretque
3224 2815 3436 2855 omnes

1771 2908 1974 2949 coram
1991 2891 2140 2947 facie
2159 2896 2400 2948 stantes.
2432 2892 2548 2945 Hoc
2572 2895 2772 2945 autem
2805 2889 2952 2944 alias
2979 2888 3160 2944 etiam
3180 2886 3313 2945 fecit
3338 2903 3434 2944 ve-

1772 2981 1874 3038 luti
1902 2981 2049 3038 dixit
2077 2981 2389 3037 Matthasus
2418 2978 2703 3036 vicesimo
2731 2978 2903 3034 tertio
2933 2976 3147 3050 capite.

2131 3157 2283 3213 CAP.
2313 3157 2392 3213 X1.
2430 3157 2512 3214 De
2543 3161 2799 3225 captura
2823 3155 3110 3224 piscium.

1843 3247 2007 3303 Vers.
2048 3249 2100 3302 4.
2156 3248 2223 3304 Ut
2278 3253 2475 3302 autem
2511 3276 2564 3287 -
2607 3251 2930 3314 capturum.
2988 3243 3215 3312 Sciens,
3272 3242 3434 3316 quod

1770 3341 1896 3394 tota
1933 3341 2108 3393 nocte
2147 3335 2294 3392 nihil
2336 3342 2635 3408 ceperant,
2667 3333 3120 3390 adhortabatur.
3164 3338 3226 3389 ut
3270 3348 3433 3389 nunc

1770 3427 2038 3483 laxarent
2066 3426 2253 3491 retia;
2295 3441 2414 3498 quo
2453 3425 2692 3494 cognita
2721 3423 2952 3478 ﬁrmius
2991 3423 3117 3493 ejus
3161 3422 3430 3494 potentia

1771 3518 2062 3589 majorem
2087 3516 2161 3571 de
2183 3530 2253 3570 eo
2278 3513 2460 3570 ﬁdem
2483 3513 2879 3584 conciperent,
2907 3511 3229 3584 relictaque
3258 3510 3424 3567 dein-

1771 3623 1912 3680 ceps
1931 3609 2194 3678 capturas
2215 3603 2624 3674 magnitudine
2646 3602 2798 3675 (nn),
2842 3601 3120 3659 continue
3152 3616 3292 3656 eum
3339 3615 3428 3656 se-

1771 3700 2118 3770 querentur.

1842 3787 2004 3841 Vers.
2048 3789 2097 3839 5.
2156 3783 2234 3840 Et
2272 3781 2624 3854 respondens
2666 3812 2736 3822 —
2779 3786 2918 3838 rete.
2969 3781 3056 3852 -Η-
3108 3779 3436 3842 Ἐπιστάτης

1771 3874 1990 3932 dicitur
2029 3874 2250 3930 doctor.

1844 3965 2013 4021 Vers.
2041 3965 2094 4018 6.
2125 3963 2376 4034 Cumque
2408 3960 2518 4017 hoc
2569 3959 2852 4030 fecissent
2883 3991 2950 4003 —
2981 3960 3144 4017 Vers.
3178 3965 3233 4016 7.
3272 3961 3432 4030 ipsae.

1771 4055 1924 4109 Nutu
1953 4068 2059 4108 eos
2096 4054 2486 4112 vocaverunt,
2521 4065 2651 4104 cum
2688 4066 2808 4122 prce
2850 4055 3094 4121 stupore
3129 4054 3187 4106 et
3225 4049 3434 4106 timore

1768 4140 1932 4213 loqui
1957 4157 2080 4196 non
2111 4144 2372 4210 possent.
2407 4137 2725 4210 Participes
2765 4142 2965 4195 autem
3012 4143 3187 4195 vocat
3215 4138 3431 4196 socios.

1839 4319 1998 4373 Vers.
2041 4319 2091 4371 8.
2151 4315 2358 4370 Videns
2391 4345 2456 4354 —
2479 4329 2630 4368 sum.
2660 4313 2966 4379 Intellexit,
3000 4313 3167 4387 quod
3209 4328 3431 4385 praece-

83 4406 356 4477 παραδοξως
410 4415 698 4484 ἐνήργησε,
759 4416 844 4461 καὶ
902 4412 981 4462 ὅτι
1037 4412 1164 4470 Θείος
1202 4409 1315 4461 ἐστι
1368 4414 1453 4460 καὶ
1502 4412 1656 4483 ύπερ-

1840 4424 1936 4463 um
1968 4406 2097 4476 ejus
2115 4402 2474 4460 admirando
2506 4403 2683 4457 modo
2716 4407 3028 4474 operatum
3056 4406 3200 4469 erat,
3234 4401 3429 4473 quod-

81 4516 185 4560 φυης
231 4501 515 4573 ἅνθρωπος,
577 4504 665 4551 καὶ
719 4499 896 4551 λοιπὸν
952 4498 1154 4561 ἀνάξιον
1209 4499 1387 4551 ἑαυτὸν
1449 4499 1656 4570 λογισά-

81 4589 340 4650 μινος,ύπό
393 4589 596 4650 πολλῆς
649 4587 790 4660 μάλα
845 4597 933 4648 τῆς
992 4586 1254 4648 εὐλαϐείας
1301 4593 1389 4639 καὶ
1469 4607 1654 4640 συστο·

78 4671 170 4736 λῆς,
209 4687 489 4748 παρῃτεῖτο
521 4682 620 4736 τὴν
670 4683 964 4750 παρουσίαν
997 4677 1176 4743 αὑτοῦ,
1232 4679 1492 4751 φορηθεὶς,
1562 4681 1658 4748 μὴ·

81 4780 178 4816 ποτε
211 4767 320 4838 (19)
350 4763 701 4838 κινδυνεύσῃ,
736 4766 1001 4838 τολμήσας
1033 4763 1394 4828 ὑποδέξασθαι
1426 4773 1656 4827 τοιοῦτος

79 4862 296 4908 τοιοῦτον.

935 4948 1055 4998 Είκὸ
1066 4965 1086 5005 ς

133 4943 320 5015 Θαμϐος
394 4976 464 4985 -
549 4943 850 4997 συνέλαϐον.
935 4948 1086 5005 Εἰκὸς
1163 4947 1285 5016 γὰρ,
1350 4947 1489 5015 ἔχειν
1563 4947 1656 4996 σὺν

130 5082 166 5115 ⁸⁷
194 5083 364 5142 Marc.
396 5103 437 5154 ι,
463 5089 556 5144 34.

1767 4513 1883 4570 que
1909 4494 2152 4550 divinus
2177 4509 2245 4547 ac
2268 4489 2736 4562 supernaturalis
2763 4491 2947 4546 homo
2979 4495 3138 4547 esset
3167 4506 3180 4547 ε
3216 4494 3271 4547 et
3305 4505 3431 4546 ma-

1768 4602 1884 4657 gna
1921 4584 2078 4640 illius
2106 4581 2452 4651 reverentia,
2506 4579 2719 4652 suique
2778 4579 3152 4652 correptione
3205 4593 3430 4650 repres-

1770 4692 1893 4739 sus,
1927 4672 2243 4741 indignum
2273 4685 2402 4725 sese
2419 4668 2694 4724 ducebat.
2730 4669 2870 4740 Ejus
2888 4669 3087 4742 itaque
3117 4669 3428 4727 devitabat

1767 4762 2170 4836 praesentiam,
2201 4760 2434 4825 timens,
2479 4758 2804 4831 nequando
2846 4758 3296 4831 periclitaretur,
3356 4771 3426 4815 eo

1768 4853 1934 4927 quod
1963 4851 2094 4908 talis
2125 4850 2301 4905 talem
2332 4864 2513 4906 ausus
2547 4846 2754 4904 fuisset
2777 4847 3104 4920 suscipere.

1839 4942 2000 4998 Vers.
2042 4943 2098 4996 9.
2133 4937 2349 5008 Slupor
2374 4967 2440 4979 —-
2471 4937 3059 5009 comprehenderant.
3095 4935 3425 4996 Verisimile

1270 5183 1492 5254 Varize
1522 5183 1854 5254 lectiones
1893 5191 1959 5251 et
1985 5191 2189 5250 notas.

72 5347 226 5475 sciit“)
252 5353 545 5428 ἐπιτιμῶν
579 5369 689 5412 nec
705 5357 952 5421 Marcus,
983 5370 1093 5412 nec
1122 5354 1443 5412 Henlenius
1474 5370 1654 5426 agno-

127 5494 227 5565 (Π)
251 5497 555 5553 Χαλοίσατι.
589 5503 648 5552 Δ.

127 5647 247 5722 (nu)
277 5652 556 5725 ϐαρέων
580 5650 1014 5724 magnitudine.
1044 5648 1298 5706 Proreus
1327 5647 1674 5721 piscatione.

1837 5353 1950 5424 (18)
1981 5353 2246 5416 Quatuor
2296 5348 2427 5405 haec
2474 5347 2770 5424 vocabula
2808 5347 3008 5424 omisit
3063 5347 3412 5407 Hentenius.

1766 5421 1954 5480 Verba
1993 5426 2300 5478 contextus
2331 5432 2529 5492 autem
2560 5421 2884 5492 conjunxit.

1837 5495 1948 5568 (19)
1979 5498 2192 5551 Μήποτε
2221 5497 2311 5545 καὶ
2343 5487 2686 5565 κινδυνεύσῃί
2709 5493 2774 5547 Β.
