3922 6200
453 229 562 286 919

1781 223 2144 286 EUTHYMII
2180 223 2508 281 ZIGABENI
3698 222 3777 278 920

454 355 617 413 enim
649 355 760 423 est,
791 366 910 408 non
942 350 1139 407 solum
1170 350 1412 407 fratrem
1439 350 1747 409 Andream
1779 366 1984 408 secum
2007 350 2111 406 ha-

2255 348 2368 420 ιύτῷ
2409 354 2477 422 μή
2530 355 2683 422 μόνον
2722 352 2807 401 τὸν
2862 344 3079 421 ἀδελφὸν
3120 342 3387 421 Ἀνδρέαν,
3423 344 3554 397 ἆλλὰ
3602 349 3680 398 xui
3720 369 3781 419 μισ

455 443 685 513 bnisse,
726 457 935 498 verum
981 440 1163 495 etiam
1197 440 1601 498 mercenarios
1642 442 1793 496 sicut
1820 440 1996 497 etiam
2038 438 2112 495 de

457 534 681 591 Jacobo
726 535 784 586 et
820 532 1047 585 Joanne
1091 528 1295 585 docuit
1342 532 1569 586 Marcus
1609 532 1762 587 circa
1791 530 1972 586 ﬁnem
2019 528 2113 585 sui

456 620 752 695 prooemii.

529 709 697 764 Vers.
714 711 802 764 10.
826 706 1489 777 Similiter—captabis.
1516 708 1845 763 Abundans
1868 710 2117 777 captura

457 797 713 870 piscium
760 802 940 869 typus
974 801 1100 852 erat
1156 797 1412 867 copiosae
1467 797 1784 853 hominum
1834 800 2113 868 capturas,

459 902 529 943 ac
546 886 929 959 praesignatio
943 900 1180 955 magnae
1198 886 1436 941 illorum
1463 885 1883 951 multitudinis,
1904 885 2008 956 qui
2038 883 2117 940 ab

460 974 1057 1049 apostolisirretiendi
1076 981 1262 1041 erant,
1282 991 1542 1046 quorum
1560 974 1901 1031 sensibilem
1915 978 2113 1045 captu.

459 1081 591 1122 ram
622 1064 699 1121 ad
721 1062 1172 1119 intellectualem
1204 1064 1496 1120 transtulit
1522 1064 1806 1121 Christus.
1838 1063 2113 1128 Posthac,

462 1153 675 1226 inquit,
716 1156 951 1209 mutata
980 1152 1083 1208 tibi
1118 1152 1469 1225 piscatione,
1510 1154 1786 1209 homines
1822 1151 2117 1225 captabis.

536 1327 1040 1388 Considerandum
1077 1335 1277 1383 autem
1317 1332 1371 1385 et
1408 1328 1581 1399 juxta
1609 1343 1943 1399 anagogen,
1987 1344 2120 1400 quae

466 1418 544 1476 ad
573 1432 839 1491 praesens
872 1416 1096 1472 faciunt
1126 1418 1527 1489 propositum.
1556 1420 1703 1472 Ante
1738 1417 1945 1473 Christi
1977 1433 2120 1474 sane

463 1506 1027 1582 peregrinationem,
1101 1522 1219 1563 nox
1278 1512 1401 1562 erat
1449 1505 1668 1562 erroris
1732 1511 1787 1562 et
1844 1508 2120 1577 ignoran-

464 1598 577 1663 tim,
618 1600 790 1652 rectae
838 1594 976 1650 ﬁdei
1026 1612 1039 1650 :
1080 1595 1139 1651 in
1206 1611 1323 1668 qua
1389 1594 1697 1667 prophetae
1781 1596 2122 1652 laborantes

2229 440 2478 503 σθωτούς,
2522 443 2590 499 ὡς
2620 444 2708 491 καὶ
2744 436 2991 498 Ἰάκωϐος
3018 441 3106 488 καὶ
3139 436 3398 503 Ἰωάννης,
3428 437 3600 495 καθὼς
3629 438 3651 487 ό
3676 439 3782 505 Μάρ-

2225 547 2313 589 κος
2336 524 2549 591 ἐδίδαξε
2578 532 2709 602 πρὸς
2732 536 2805 598 τῷ
2829 527 2957 579 τελει
2983 534 3071 579 τοῦ
3102 530 3379 600 προοιμίου
3403 526 3586 578 αὑτοῦ.

2294 704 2517 778 Ὁμοίως
2566 736 2633 747 -
2682 708 2773 778 ἔσῃ
2829 708 3059 776 ζωγρῶν·
3118 710 3182 756 Ἥ
3239 706 3341 777 γὰρ
3396 701 3633 774 δαψιλὴς
3684 705 3789 777 ἄγρα

2225 801 2322 845 τῶν
2356 793 2554 865 ἰχθύων
2593 797 2749 855 τύπος
2781 792 2841 853 ἧν
2872 802 2964 867 τῇς
3004 790 3261 864 δαψιλοῦς
3290 791 3456 866 ἆγρας
3498 801 3601 844 τῶν
3638 792 3788 865 ἀνθρώ.

2226 902 2355 947 πων,
2397 888 2485 935 καὶ
2540 890 2860 958 προμήνυμα
2906 883 2996 935 τοῦ
3049 882 3236 935 πολλοῦ
3288 882 3520 943 πλήθους
3566 890 3661 932 τῶν
3695 882 3789 953 μιλ-

2226 970 2413 1023 λόντων
2456 975 2841 1045 σαγηνευθῆναι
2900 976 3044 1046 παρὰ
3087 980 3186 1024 τῶν
3236 970 3557 1036 ἀποστόλων,
3615 972 3675 1021 ὧν
3722 976 3789 1027 τὴν

2230 1060 2489 1120 αἰσθητὴν
2521 1061 2713 1115 ἁλιείαν
2754 1063 2820 1123 εἰς
2849 1068 3037 1120 νοητὴν
3063 1064 3335 1134 μετέθηκεν
3366 1064 3392 1113 ό
3422 1066 3668 1135 Χριστός.
3694 1060 3791 1111 Ἀπὸ

2228 1158 2319 1202 τοῦ
2357 1158 2445 1202 νῦν
2474 1154 2597 1226 γὰρ,
2640 1157 2791 1223 φησι,
2823 1151 3237 1224 μεταϐληθείσης
3268 1170 3352 1203 σοι
3388 1159 3478 1211 τῆς
3519 1150 3791 1209 ἁλιευτικῆς,

2230 1238 2527 1315 ἀνθρώπους
2559 1244 2651 1313 ἔσῃ
2689 1243 2937 1315 θηρεύων.

2304 1333 2599 1403 Θεωρητέον
2651 1326 2709 1382 δε
2747 1335 2837 1382 καὶ
2880 1333 3015 1382 κατὰ
3065 1329 3339 1402 ἀναγωγὴν
3394 1331 3461 1380 τὰ
3508 1338 3605 1390 τῆς
3642 1330 3796 1400 παρού-

2233 1435 2326 1477 σης
2358 1417 2669 1479 ύποθίσεως.
2702 1424 2809 1493 Πρό
2861 1422 2951 1491 μὲν
2981 1428 3072 1480 τῆς
3117 1415 3401 1491 ἐπιδημίας
3446 1426 3540 1470 τοῦ
3572 1424 3794 1493 Χριστοῦ,

2229 1505 2321 1567 νύξ
2351 1502 2411 1563 ἦν
2456 1506 2653 1569 πλάνης
2682 1514 2772 1560 καὶ
2807 1512 3019 1579 ἀγνοίας
3055 1518 3150 1569 τῆς
3206 1508 3365 1583 ὀρθῆς
3402 1512 3649 1573 πίστεως,
3685 1505 3725 1557 ἕν

2232 1595 2280 1645 οἱ
2338 1604 2601 1667 προφῆται
2654 1599 3015 1662 κοπιάσαντες,
3076 1594 3263 1649 οὐδένα
3319 1596 3495 1649 ίλάϐον
3547 1598 3794 1653 πειθήνιον,

464 1686 695 1744 nullum
708 1684 1089 1741 obedientem
1113 1690 1486 1756 acceperant,
1502 1700 1569 1739 eo
1584 1684 1748 1756 quod
1771 1690 1970 1740 essent
1988 1684 2116 1741 faci-

2255 1687 2535 1757 ιακούργων
2589 1690 2744 1737 ὄντων
2801 1694 2902 1737 τῶν
2964 1686 3185 1757 λογικῶν
3237 1685 3439 1738 ἐκείνων
3491 1686 3688 1756 ἰχθύων
3732 1688 3798 1735 καὶ

465 1775 667 1833 norosi
688 1774 801 1847 (oo)
830 1774 1151 1829 rationales
1179 1773 1259 1829 illi
1277 1774 1469 1846 pisces
1483 1780 1539 1829 et
1559 1774 1847 1844 fugerent.
1870 1773 2122 1840 Quando

466 1869 669 1923 autem
706 1867 871 1919 ortus
904 1867 990 1917 est
1015 1862 1115 1917 Sol
1139 1862 1399 1933 justitize,
1432 1862 1750 1919 hominum
1778 1862 2121 1919 illuminans

471 1954 729 2018 animas,
747 1956 887 2007 tunc
898 1953 972 2007 ab
991 1952 1278 2023 apostolis
1296 1951 1495 2008 laxata
1509 1958 1647 2007 sunt
1674 1952 1820 2008 retia
1840 1952 2123 2008 doctrinm

471 2041 916 2116 prasdicationis
937 2040 1316 2109 evangelicae:
1333 2046 1389 2096 et
1417 2039 1838 2096 concluserunt
1862 2040 2127 2096 multitu-

470 2131 675 2189 dinem
690 2129 1001 2201 copiosam
1023 2128 1406 2185 rationalium
1424 2130 1699 2202 piscium,
1731 2145 1941 2202 greges
1968 2130 2125 2186 vide-

470 2221 606 2278 licet
634 2219 921 2290 gentium.
943 2218 1266 2289 Participes
1278 2233 1420 2273 vero
1450 2234 1520 2275 ac
1539 2218 1679 2274 socii
1704 2223 1962 2291 captum
1985 2234 2126 2290 apo-

472 2308 695 2365 stolicze
708 2312 843 2363 sunt
867 2307 1129 2379 episcopi
1160 2322 1231 2362 ac
1252 2306 1524 2376 magistri
1541 2306 1912 2377 singularum
1941 2305 2127 2362 eccle-

472 2398 718 2462 siarum,
751 2396 854 2469 qui
887 2411 998 2451 suo
1019 2395 1225 2451 labore
1246 2395 1681 2467 coopitulantur
1709 2395 2018 2467 apostolis.

546 2490 702 2543 Vers.
729 2488 813 2542 tl.
842 2486 921 2541 Et
947 2485 1289 2542 deducentes
1318 2516 1385 2526 —
1403 2499 1552 2541 eum.
1576 2486 1739 2541 Nunc
1768 2484 2022 2557 perfecte
2040 2500 2126 2541 se-

471 2576 591 2633 cuti
622 2579 762 2632 sunt
790 2590 948 2631 eum.

899 2665 1050 2720 CAP.
1085 2661 1190 2719 XII.
1223 2664 1309 2719 De
1331 2663 1575 2733 leproso.

542 2755 683 2811 Vers
696 2754 782 2810 12.
808 2754 885 2809 Et
893 2753 1126 2822 factum
1144 2759 1229 2809 est
1245 2784 1313 2793 -
1333 2752 1636 2809 mundare.
1660 2755 1739 2809 De
1765 2752 1871 2808 hoc
1895 2751 2123 2808 dictum

475 2849 565 2904 est
596 2848 764 2901 sexto
812 2843 1005 2915 capite
1032 2841 1335 2912 Evangelii
1385 2842 1715 2898 secundum
1764 2842 2119 2899 Matthasum.

542 2932 707 2990 Vers.
745 2936 827 2989 13.
856 2932 934 2989 Et
958 2962 1029 2974 —
1053 2931 1217 2988 Vers-
1254 2934 1345 2988 14.
1382 2932 1613 2989 diceret.
1662 2931 1742 2988 ibi
1773 2933 1954 2989 etiam
1997 2932 2125 2988 haec

471 3021 774 3079 declarata
805 3024 963 3077 sunt.

542 3110 706 3167 Vers.
738 3114 821 3166 14.
872 3108 983 3166 Sed
1010 3138 1079 3150 —
1110 3109 1318 3167 Moses.
1347 3108 1463 3165 Sed
1495 3109 1610 3175 abi,
1653 3108 1847 3183 inquit
1879 3126 1891 3166 :
1925 3110 2127 3166 Deﬁcit

474 3200 654 3266 enim,
683 3199 893 3274 inquit,
915 3199 1277 3255 extrinsecus
1299 3198 1687 3256 sumendum.
1718 3198 1984 3255 Invenies
2023 3214 2124 3256 au-

470 3293 592 3348 tem
642 3289 857 3347 horum
916 3304 1159 3362 quoque
1210 3288 1649 3346 enarrationem
1697 3288 1981 3361 praedicto
2033 3304 2127 3345 ca-

471 3380 609 3453 pite.

541 3469 810 3526 Vers.“.
825 3468 894 3524 In
918 3466 1311 3525 testimonium
1328 3467 1473 3523 illis.
1495 3465 1772 3523 Similiter
1794 3470 1852 3523 et
1870 3482 2128 3539 praesen-

471 3558 546 3616 tis
577 3557 759 3613 verbi.

544 3646 706 3701 Vers.
733 3645 813 3701 15.
836 3644 1289 3714 Pervagabatur
1310 3674 1373 3683 --
1393 3641 1562 3698 Vers.
1588 3643 1673 3701 t6.
1688 3644 1922 3701 orabat.
1944 3645 2127 3716 Opor-

473 3738 553 3791 tet
595 3748 736 3804 ergo
783 3736 839 3789 et
886 3746 1018 3795 nos,
1075 3746 1212 3786 cum
1272 3730 1539 3803 praeclari
1587 3732 1813 3805 aliquid
1866 3732 2123 3803 agimus,

472 3823 697 3894 fugere,
724 3838 798 3878 ne
827 3820 906 3877 ab
936 3820 1282 3876 hominibus
1322 3820 1691 3877 celebremur
1719 3840 1731 3879 :
1766 3838 1936 3880 orare
1963 3837 2122 3891 vero,

473 3916 539 3969 ut
567 3910 745 3968 nobis
783 3909 1008 3966 donum
1041 3914 1095 3965 et
1116 3910 1305 3978 gratia
1336 3915 1736 3967 conservetur.

545 4000 710 4058 Vers.
746 4005 831 4057 t7.
860 3999 1228 4071 Factumque
1255 4030 1323 4039 —
1352 3998 1579 4056 docens.
1606 4000 1667 4056 ln
1698 4000 1811 4057 hac
1863 4002 2128 4059 oratione

473 4092 551 4162 Et
575 4091 690 4163 ipse
717 4095 847 4147 erat
875 4088 1112 4154 docens,
1151 4088 1442 4155 abundat,
1480 4093 1528 4144 el
1569 4088 1881 4147 Hebraicis
1928 4098 2127 4149 autem

473 4181 693 4251 linguas
706 4179 819 4235 hoc
833 4177 1127 4251 peculiare
1141 4181 1251 4245 est,
1272 4178 1488 4250 saepius
1501 4183 1702 4235 autem
1717 4180 1879 4252 apud
1892 4182 2125 4236 Lucam.

472 4272 707 4328 Marcus
735 4284 876 4328 vero
897 4268 1076 4325 etiam
1102 4266 1353 4335 addidit,
1376 4268 1475 4324 ubi
1504 4273 1646 4325 tunc
1672 4276 1799 4327 erat
1832 4271 2039 4328 docens
2058 4274 2126 4337 ³⁷,

471 4375 692 4433 nempe
720 4360 781 4417 in
820 4357 1025 4425 domo,

542 4414 825 4513 iis.
960 4414 1241 4504 sedebant
1264 4475 1328 4489 -—
1357 4446 1687 4505 Jerusalem.
1723 4448 1831 4515 Qui
1863 4450 2128 4523 undique
2159 4414 2203 4467 Β

474 4538 843 4601 advenerant
874 4542 1119 4610 propter
1153 4535 1381 4592 famam
1421 4537 1570 4608 ejus.

544 4626 705 4682 Vers.
736 4628 823 4683 17.
856 4627 936 4683 Et
981 4626 1168 4683 virtus
1194 4656 1261 4667 —
1288 4640 1400 4682 eos.
1446 4625 1640 4683 Virtus
1687 4626 1787 4683 Dei
1834 4632 1959 4684 erat
1990 4644 2128 4685 cum

476 4728 547 4770 eo
587 4715 663 4770 ad
694 4715 1037 4770 sanandum
1064 4714 1288 4772 turbas.
1319 4715 1599 4772 Virtutem
1645 4724 1845 4772 autem
1896 4718 2129 4775 Domini

474 4801 643 4868 dixit,
675 4801 749 4859 ob
772 4802 1122 4861 continuam
1143 4810 1198 4860 et
1219 4804 1585 4862 auctoritatis
1606 4804 1849 4879 plenam
1871 4806 2130 4864 sanatio-

474 4904 639 4948 nem.

545 5041 644 5116 (“)
674 5041 857 5102 Marc.
888 5055 951 5113 ιι,
982 5044 1038 5101 1.

2233 1778 2537 1844 φευγόντων·
2590 1777 2671 1827 ὅτε
2726 1772 2785 1827 δε
2843 1774 3083 1828 ἀνέτειλεν
3137 1777 3161 1826 ό
3193 1774 3370 1835 Ἤλιος
3425 1783 3517 1834 τῆς
3556 1771 3798 1826 δικαιοσύ·

2231 1881 2339 1927 νης,
2370 1864 2394 1913 ὁ
2423 1864 2658 1934 φωτίζων
2695 1867 2787 1926 τὰς
2820 1864 3003 1936 ψυχὰς
3061 1872 3159 1915 τῶν
3192 1862 3492 1938 ἀνθρώπων,
3526 1868 3642 1915 τότε
3688 1862 3801 1933 παρὰ

2232 1959 2331 2001 τῶν
2363 1949 2659 2004 ἀποστόλων
2709 1952 2978 2026 ἐχαλάσθη
3017 1957 3081 2005 τὰ
3108 1952 3300 2005 ὸίκτυα
3337 1962 3427 2013 τῆς
3476 1949 3799 2012 διδασκαλίας

2234 2047 2325 2091 τοῦ
2351 2040 2683 2112 εύαγγελικοῦ
2731 2046 3081 2114 κηρύγματος,
3123 2048 3211 2095 καὶ
3256 2042 3593 2100 συνεκλείσθη
3641 2044 3799 2102 πλῇθος

2234 2126 2453 2200 λογικῶν
2482 2131 2678 2202 ἰχθύων
2716 2132 2868 2195 πολὺ,
2924 2131 3104 2204 ἀγέλαι
3152 2131 3325 2185 ἐθνῶν·
3360 2137 3577 2203 μέτοχοι
3635 2129 3688 2183 δε
3730 2136 3799 2182 καί

2235 2224 2466 2271 κοινωνοὶ
2510 2228 2599 2280 τῆς
2648 2219 2995 2281 ἀποστολικῆς
3052 2220 3233 2293 ἆγρας,
3303 2224 3351 2273 οἱ
3411 2226 3686 2273 ἐπίσκοποι
3734 2228 3801 2271 και

2238 2303 2553 2361 διδάσκαλοι
2582 2318 2681 2361 τῶν
2706 2313 2841 2362 κατὰ
2870 2315 3059 2371 τόπους
3107 2310 3415 2375 ἐκκλησιῶν,
3448 2310 3497 2361 οἱ
3540 2308 3799 2382 συλλαμϐά-

2234 2414 2407 2448 νονται
2437 2406 2529 2449 τοῦ
2560 2402 2716 2451 πόνου
2746 2406 2853 2461 τοῖς
2898 2399 3227 2462 ἀποστόλοις.

2309 2491 2408 2538 Καὶ
2471 2492 2852 2560 καταγαγόντες
2908 2519 2975 2528 -
3032 2489 3195 2559 αύτῷ.
3259 2495 3366 2541 Νῦν
3434 2488 3672 2549 όλοτελῶς
3709 2488 3804 2545 in.

2232 2572 2392 2634 λούθη
2403 2594 2496 2627 σαν
2528 2576 2690 2647 αύτῷ.

2642 2669 2788 2722 ΚΕΦ.
2822 2667 2919 2721 ΙΒ’.
2948 2672 3073 2740 Περὶ
3096 2674 3185 2719 τοῦ
3222 2675 3429 2741 λεπροῦ.

2309 2759 2409 2807 Καὶ
2436 2754 2630 2826 ἕγένετὸ
2680 2788 2745 2796 -
2786 2758 3092 2831 καθαρίσαι.
3136 2760 3357 2831 Εἷρηται
3407 2763 3525 2833 περὶ
3564 2760 3739 2809 τούτου
3764 2756 3803 2806 ἐν

2232 2850 2305 2913 τῷ
2329 2845 2459 2916 ἓκτῳ
2493 2845 2749 2917 κεφαλαίῳ
2770 2854 2861 2898 τοῦ
2883 2849 3016 2898 κατὰ
3046 2849 3331 2901 Ματθαίον.

2309 2938 2408 2986 Καὶ
2440 2965 2505 2974 -
2543 2934 2692 2989 εἰπεῑ.
2717 2934 2855 2987 Ἐκεῖ
2881 2940 2968 2987 καὶ
2990 2943 3157 2987 ταῦτα
3179 2931 3663 3008 διηρμηνεύθησαν.

2307 3110 2443 3163 Ἀλλ’
2499 3140 2566 3151 -
2620 3118 2872 3174 Μωῦσῆς.
2932 3110 3067 3163 Ἀλλ’
3125 3111 3377 3177 ἀπελθὼν,
3426 3117 3575 3183 φησί,
3624 3117 3704 3163 καὶ
3751 3112 3803 3161 τὰ

2238 3200 2374 3263 ἑξῆς.
2438 3205 2617 3253 Λείπει
2685 3203 2785 3274 γὰρ
2840 3204 2920 3267 τὸ,
2981 3206 3134 3273 φησὶ,
3195 3200 3375 3263 ἑξωθεν
3432 3201 3799 3273 λαμϐανόμενον.

2239 3291 2487 3363 Εύρήσεις
2540 3287 2599 3342 δε
2646 3295 2735 3342 καὶ
2783 3295 2876 3349 τὴν
2926 3292 3117 3342 τούτων
3151 3289 3401 3361 ἐξήγησιν
3435 3294 3484 3342 εν
3533 3299 3602 3361 τῷ
3627 3292 3803 3364 ῥηθέντι

2236 3377 2513 3451 κεφαλαίῳ.

2311 3468 2395 3528 Εἰς
2416 3470 2700 3542 μαρτύριον
2730 3467 2923 3528 αύτοῖς.
2960 3466 3185 3539 Ὀμοίως
3217 3470 3306 3519 καὶ
3332 3472 3427 3525 τὴν
3459 3474 3551 3518 τοῦ
3582 3469 3801 3538 παρόντος

2237 3558 2418 3632 ῥητοῦ.

2312 3651 2569 3718 Διηρχετο
2614 3676 2683 3685 —
2728 3650 3167 3718 προσευχόμενος.
3233 3649 3347 3719 Χρή
3408 3648 3511 3720 γὰρ
3567 3650 3647 3696 καὶ
3691 3646 3803 3714 ἡμᾶς

2238 3737 2618 3810 κατορθοῦντάς
2650 3754 2721 3801 τι,
2760 3738 2960 3807 φεύγειν
2992 3738 3102 3807 μεν,
3138 3736 3263 3804 ὑπὲρ
3311 3742 3403 3786 τοῦ
3456 3740 3529 3805 μὴ
3564 3736 3687 3806 παρὰ
3721 3739 3801 3781 τῶν

2241 3824 2519 3899 ἀνθρώπων
2574 3824 2936 3896 εύφημεῖσθαι·
2990 3826 3386 3897 προσεύχεσθαι
3439 3820 3522 3893 δε,
3573 3826 3685 3893 ὑπερ
3725 3826 3800 3871 τοῦ

2241 3911 2672 3986 διαφυλαχθῆναι
2710 3914 2835 3985 ἡμῖν
2865 3916 2921 3965 τό
2952 3915 3218 3985 χάρισμα.

2314 4002 2626 4074 Καὶέγένετο
2656 4034 2725 4043 —
2752 3999 3047 4057 διδάσκων.
3088 4005 3210 4058 Τοῦ·
3247 4002 3358 4073 (20)
3407 4009 3512 4056 Καὶ
3559 4004 3699 4060 αὐτὸς
3752 3994 3797 4053 ἑν

2242 4090 2536 4161 διδάσκων,
2569 4097 2805 4165 περιττόν
2825 4090 2936 4144 ἐστι
2968 4095 3046 4160 τὸ,
3075 4096 3182 4143 καὶ.
3210 4099 3283 4163 Τῇ
3311 4094 3414 4166 γὰρ
3448 4101 3549 4144 τῶν
3578 4089 3800 4162 Ἐϐραίων

2242 4180 2495 4254 διαλέκτῳ
2525 4188 2613 4234 καὶ
2651 4189 2801 4233 τοῦτο
2852 4182 3082 4241 σύνηθες·
3118 4180 3387 4251 πολλαχοῦ
3434 4178 3495 4233 δὲ
3550 4186 3684 4232 τοῦτο
3730 4195 3803 4225 και

2240 4275 2383 4342 παρὰ
2430 4279 2501 4342 τῷ
2549 4276 2753 4341 Λουκᾲ“
2822 4271 3031 4342 Μάρκος
3081 4265 3140 4321 δέ
3183 4271 3498 4343 προσέθηκε,
3530 4273 3607 4320 καὶ
3637 4273 3725 4317 ποῦ
3753 4261 3799 4321 ἦν

2242 4358 2516 4413 διδάσκων
2543 4364 2676 4427 τότε,
2722 4361 2803 4411 ὅτι
2832 4356 2880 4410 έν
2911 4358 3069 4429 οἰκίᾳ.

2313 4453 2415 4506 Καὶ
2457 4446 2591 4508 ἦσαν
2637 4450 2919 4519 καθήμενοι
2974 4478 3039 4487 -
3084 4446 3448 4519 Ἰερουσαλήμ.
3503 4442 3802 4515 Πανταχόθεν

2239 4537 2487 4602 ἕλθόντές,
2514 4535 2607 4590 διὰ
2625 4542 2716 4595 τὴν
2744 4542 2919 4609 φήμην
2961 4535 3139 4588 αὐτοῦ.

2312 4629 2413 4682 Καὶ
2448 4624 2670 4698 δύναμις
2700 4656 2764 4665 -
2792 4625 3000 4686 αύτούς.
3035 4628 3261 4695 Δύναμις
3310 4629 3438 4677 Θεοῦ
3482 4621 3539 4682 ἦν
3567 4621 3679 4693 παρ’
3723 4618 3802 4670 τᾶσ

2238 4725 2309 4788 τῷ
2341 4716 2411 4778 εἰς
2442 4719 2498 4768 τό
2532 4718 2713 4767 ἰᾶσθαι
2748 4718 2861 4774 τούς
2892 4714 3102 4785 ὄχλους·
3156 4710 3379 4785 δύναμιν
3428 4710 3486 4765 δέ
3530 4717 3707 4783 Κυρίου
3744 4705 3800 4758 εἰ·

2238 4825 2326 4859 πεν
2367 4805 2544 4875 αὐτὴν,
2578 4801 2669 4856 δια
2708 4806 2765 4856 τὸ
2807 4807 3023 4875 συνεχὲς
3073 4808 3163 4854 καὶ
3203 4801 3586 4865 ἐξουσιαστικόν
3610 4807 3702 4859 τῆς
3730 4796 3798 4847 ἱέ-

2242 4914 2395 4956 σεως.

1674 5117 1902 5187 Varias
1948 5118 2279 5189 lectiones
2308 5127 2375 5189 et
2404 5126 2584 5187 nota».

547 5287 683 5359 (20).
716 5285 1346 5360 ﬂenteniusreddidit,
1389 5302 1458 5360 ac
1511 5288 1557 5344 si
1586 5288 1793 5359 legerit
1823 5287 1871 5341 ἐν
1927 5297 1997 5360 τῷ
2046 5296 2133 5343 καὶ

475 5364 613 5443 ante
642 5356 825 5443 ἀὖτίς
877 5356 1112 5443 omittit.
1288 5359 1421 5443 Legi
1462 5375 1603 5431 ergo
1650 5356 1843 5443 possit
1874 5356 1985 5443 πρό.
2018 5370 2129 5428 τοῦ,

477 5430 636 5494 αὐτὸς
664 5427 745 5489 ἦν.
780 5430 997 5487 Scriba
1027 5443 1169 5499 ergo
1208 5429 1322 5487 hoc
1350 5429 1504 5502 loco,
1531 5427 1694 5499 'nori,
1729 5438 1795 5490 ut
1846 5427 2009 5501 alibi,
2044 5449 2135 5490 so-

549 5575 663 5648 (oo)
694 5574 1020 5633 Facinorosi
1046 5574 1191 5643 lmo,
1219 5571 1472 5639 subdoli,
1508 5576 1750 5633 versuti.

2245 5288 2364 5346 lam
2399 5288 2651 5345 litteram
2677 5286 3079 5358 majuscnlam
3108 5291 3165 5341 et
3189 5285 3493 5348 initialem,
3518 5280 3604 5337 sed
3625 5284 3795 5335 totum

2244 5360 2607 5419 vocabulum
2640 5360 2990 5415 omiserunt.
