3922 6200
137 219 217 273 921
1199 196 1569 261 COMMENT.
1620 192 1690 250 IN
1734 192 1985 254 LUCAM.
2025 232 2093 243 -—
2133 202 2292 263 CAP.
2342 205 2441 265 VI.

1694 318 1743 373 Α

411 341 542 391 ΚΕΦ.
569 334 663 388 II".
692 336 816 405 Περὶ
840 338 933 384 τοῦ
969 330 1341 406 παραλυτικοῦ.

196 433 277 483 Καὶ
305 423 409 479 ἰδοὺ
437 456 497 465 -
528 423 927 497 αὐτοῦ.Εἶρηται
956 426 1075 493 περὶ
1104 423 1289 472 τούτου
1323 424 1496 490 σαφῶς
1516 413 1562 467 ἐν
1593 420 1665 482 τῷ

135 513 498 593 τρισκαιδεκάτῳ
526 512 777 585 κεφαλαίῳ
807 518 898 564 τοῦ
928 512 1063 562 κατὰ
1092 511 1375 563 Maii-Gaio».

191 608 370 677 Καὶμή
401 605 611 677 εὑρόντες
658 632 726 641 —
770 600 946 672 ὄχλον.
978 604 1134 660 Ποίας
1181 595 1327 668 ὁδοῦ,
1382 593 1475 648 διὰ
1517 598 1666 652 ποίας

133 693 307 751 εἰσόδου
314 736 325 747 .

186 781 455 842 ’Δναϐάντες
505 810 570 819 -
628 797 740 832 σου.
788 778 870 831 Ἐν
926 779 1098 849 ἑκείνῳ
1155 780 1243 828 καὶ
1296 778 1415 848 περὶ
1472 774 1666 825 τούτων

131 872 306 948 ὶῤῥήθη.

190 966 273 1014 Καὶ
297 958 495 1035 ἤρξαντο
524 987 588 999 --
616 959 641 1010 ὁ
668 961 795 1019 Θεὸς
821 972 834 1022 ;
868 961 1070 1028 Ομοιως
1096 960 1183 1007 καὶ
1214 957 1330 1028 περὶ
1350 971 1564 1006 τουτων.

187 1140 419 1209 Ἐπιγνοὺς
466 1167 531 1177 -
582 1137 894 1210 mpm-situ;
956 1132 1346 1209 Παραπλησῖως
1399 1134 1489 1181 καὶ
1550 1135 1667 1202 περὶ

138 1246 287 1279 τουτων
295 1265 304 1277 .

193 1314 281 1369 ’Ῑνα
314 1344 368 1355 -
394 1317 478 1366 τόν
523 1318 677 1371 Θεὸν.
730 1313 867 1366 Ἐκεῖ
908 1317 997 1365 καὶ
1028 1317 1193 1364 ταῦτα
1229 1312 1399 1362 πάντα
1455 1305 1668 1383 διηκρι-

142 1403 267 1461 ϐώθη.

191 1499 269 1545 Καὶ
312 1491 632 1551 ἐπλήσθησαν
691 1521 755 1532 --
804 1497 1047 1566 σήμερον.
1104 1493 1181 1544 Τὰ
1231 1486 1510 1563 παράδοξα
1562 1491 1663 1559 γὰρ

131 1582 304 1633 εἰώθασι
321 1581 459 1653 φόϐον
479 1581 708 1654 ἐμποιεῖν
729 1590 834 1642 τοῖς
852 1580 1196 1655 ἁμαρτωλοῖς,
1212 1586 1282 1653 μή
1306 1581 1404 1632 πού
1426 1598 1474 1631 τι
1499 1575 1665 1631 δεινὸν

126 1673 313 1735 πάθωσι,
336 1667 419 1723 διὰ
441 1675 531 1733 τὰς
559 1671 823 1747 ἁμαρτίας
848 1672 1034 1725 αὐτῶν.

380 1854 525 1905 ΚΕΦ.
565 1847 646 1901 ΙΔ¹
682 1851 804 1923 Περὶ
834 1850 961 1900 Λευὶ
990 1854 1083 1899 τοῦ
1110 1846 1345 1899 τελώνου.

179 1942 261 1989 Καὶ
309 1940 430 2008 μετὰ
486 1970 547 1979 --
614 1937 773 2007 αὐτῷ.
836 1939 1053 2011 Εἴρηται
1099 1941 1217 2010 περὶ
1266 1937 1448 1986 τούτου
1503 1932 1550 1985 ἒν
1600 1940 1670 1985 τῶ

121 2023 628 2099 τεσσαρεσκαιδεκάτῳ
658 2025 915 2099 κεφαλαίῳ
935 2033 1026 2077 τοῦ
1051 2027 1183 2077 κατὰ
1212 2026 1489 2079 Ματθαὼν.

174 2208 258 2256 Καὶ
324 2206 527 2261 ἐποίησε
595 2235 661 2243 -—
739 2208 1110 2274 κατακείμενοι.
1190 2201 1269 2253 Ἐν
1341 2202 1508 2271 ἐκείνῳ
1582 2203 1670 2251 καὶ

115 2300 249 2344 ταῦτα
282 2290 686 2366 διασεσάφηταιο
717 2289 891 2365 δοχὴν
939 2289 999 2344 δε
1043 2290 1195 2362 λέγει,
1237 2294 1330 2348 τὴν
1370 2286 1668 2361 ὑποδοχὴν,

117 2386 190 2438 τήν
216 2382 451 2438 ἐστῖασιν.

173 2564 256 2613 Καὶ
298 2559 580 2632 ἐγόγγυζον
636 2590 703 2601 -
760 2564 946 2612 πίνετε·
988 2559 1123 2612 Ἐκεῖ
1167 2565 1257 2612 καὶ
1304 2564 1421 2633 περὶ
1477 2562 1670 2612 τούτων

116 2644 385 2707 διείληπται.

170 2743 255 2790 Καὶ
282 2737 570 2811 ἀποκριθεὶς
602 2768 673 2779 —
718 2740 1007 2811 μετάνοιαν.
1040 2738 1152 2791 Ἐτι
1198 2742 1287 2791 καὶ
1317 2742 1433 2810 περὶ
1480 2739 1671 2789 τούτων

113 2829 277 2879 πάντων
288 2872 300 2885 .

165 2917 219 2967 Οἱ
242 2912 296 2969 δε
318 2946 382 2959 -
409 2922 692 2984 πίνουσιν;
718 2916 801 2969 Ἐν
826 2916 998 2989 ἕκεὶνῳ
1023 2923 1094 2969 τῶ
1124 2915 1381 2990 κεφαλαίῳ
1400 2919 1673 2968 καὶταῦτα

109 3012 421 3077 τετυχήκασιν
453 3006 619 3079 ἑξηγή
629 3025 728 3059 σιω
739 3027 760 3068 ς
772 3049 783 3063 ο

160 3093 210 3146 ὀ
251 3092 304 3149 δε
350 3126 417 3138 -
464 3099 739 3155 νηστεύειν
769 3112 783 3163 ;
818 3095 943 3149 Κατ’
989 3094 1242 3169 ἐρώτησιν
1294 3093 1665 3166 ἀναγνωστέον.

106 3184 274 3255 εἴρηται
308 3180 363 3237 δί
396 3189 484 3238 καὶ
515 3190 642 3257 περὶ
668 3187 855 3237 τούτου
877 3183 926 3236 ἐν
955 3184 1150 3256 ἐκείνῳ·
1183 3188 1241 3236 τὸ
1275 3181 1350 3255 δέ,
1386 3182 1432 3235 ἓν
1455 3184 1515 3254 ᾧ,
1557 3181 1669 3236 ἀντὶ

104 3279 193 3338 τοῦ,
214 3272 281 3345 ἐφ’
308 3276 425 3327 ὅσον
439 3320 451 3332 ,

159 3360 463 3417 Ἐλεύσονται
568 3394 644 3404 —
736 3365 969 3438 ἡμέραις.

102 3452 278 3506 τούτων.

156 3539 309 3612 ἐλεγι
368 3574 437 3583 -
504 3550 713 3597 καινοῦ.
788 3546 888 3596 Καὶ
944 3549 1111 3595 ταῦτα
1174 3540 1359 3594 ἐκεῖθεν
1426 3538 1668 3611 διαγινώ-

103 3645 248 3683 σκεται
286 3628 495 3706 ῥᾴδιον,
553 3631 638 3683 οὐ
688 3631 935 3703 σχίζεται
966 3627 1026 3683 δὲ
1063 3634 1121 3683 τὸ
1164 3634 1358 3696 καινόν,
1402 3629 1511 3681 ἀλλ’
1541 3630 1669 3682 αὐτὸ

100 3717 255 3785 μᾶλλον
302 3726 484 3793 σχίζει
542 3725 609 3773 τὸ
647 3720 864 3773 παλαιὸν
921 3720 1036 3792 (21)
1072 3721 1261 3776 Καινόν
1302 3717 1360 3773 δε
1402 3720 1552 3791 λέγει,
1610 3724 1669 3772 τὸ

100 3810 218 3864 Θέον,

155 3901 239 3949 Καὶ
265 3896 435 3962 οὐδεὶς
475 3931 545 3941 -
599 3905 998 3972 συντηροῦνται.
1044 3897 1311 3959 Ὡσαύτως
1365 3905 1455 3952 καὶ
1508 3907 1671 3952 ταῦτα

1058 3369 1272 3435 Ὁμοίως
1371 3367 1460 3414 καὶ
1551 3366 1669 3436 περὶ

98 3983 186 4055 (22)
214 3989 389 4043 πάντα.

153 4080 239 4128 Καὶ
301 4075 472 4139 οὐδεὶς
550 4108 627 4118 -—
693 4074 851 4130 ἔστιν.
922 4082 1199 4129 Λεὸκνυσιν
1270 4076 1512 4142 ἐντεῦθεν,
1600 4080 1668 4139 ὡς

95 4162 116 4211 ὃ
184 4172 233 4236 τῇ
320 4166 645 4225 παλαιότητι
735 4173 825 4218 τοῦ
908 4171 1067 4239 νόμου
1159 4168 1495 4231 συνεθισθεὶς,
1576 4167 1669 4220 οὐκ

94 4250 213 4313 εὐθὺς
261 4252 479 4309 δύναται
534 4263 634 4315 τὴν
681 4260 966 4313 καινότητα
1029 4263 1120 4308 τοῦ
1187 4256 1503 4327 Εὑαγγελίου
1573 4255 1670 4329 βα-

3322 212 3427 269 922

2199 329 2355 385 CAP.
2383 331 2520 387 Xlll.
2545 335 2622 389 De
2650 336 2993 409 paralytico.

1848 412 2010 470 Vers.
2042 420 2126 475 18.
2158 419 2231 475 Et
2252 435 2381 477 ecce
2400 453 2467 463 —-
2490 423 2617 478 illo.
2639 425 2714 478 De
2736 424 2846 480 hoc
2868 427 3184 484 manifeste
3201 427 3427 485 dictum

1776 505 1864 556 est
1899 502 2134 562 decimo
2165 509 2334 565 tertio
2364 511 2553 582 capite
2574 512 2747 582 juxta
2765 514 3125 572 Mattheeum.

1848 590 2010 648 Vers.
2041 599 2123 650 19.
2155 598 2408 670 Cumque
2428 615 2541 655 non
2574 601 2930 657 invenissent
2976 634 3044 644 —
3075 604 3261 662 turba.
3300 608 3429 673 Qua

1774 678 1893 749 via,
1924 696 2032 753 per
2069 700 2255 757 quam
2288 686 2643 757 ingressum.

1847 770 2004 826 Vers.
2070 777 2151 829 l9.
2209 774 2531 833 Conscenso
2578 777 2832 835 —Vers.
2893 780 2980 836 20.
3036 786 3152 837 tua.
3210 782 3272 838 1n
3328 783 3427 839 illo

1775 857 1955 915 etiam
1983 860 2057 917 de
2088 862 2183 918 his
2214 863 2442 921 dictum
2472 870 2581 921 est.

1847 948 2008 1005 Vera.
2040 952 2128 1006 2t.
2154 952 2587 1026 Caper-unique
2608 985 2676 999 —
2706 956 2858 1013 Deus
2893 955 2921 1012 τ
2952 958 3224 1016 Similiter
3267 964 3324 1015 et
3355 960 3427 1017 de

1775 1036 1888 1093 his.
2570 1036 2573 1037 ⁷

1848 1129 2007 1183 Vers.
2053 1132 2141 1185 22.
2203 1129 2447 1203 Cognita
2497 1161 2566 1177 -
2607 1135 2766 1189 Vers.
2826 1134 2915 1191 23.
2967 1135 3213 1194 ambula
3244 1135 3273 1191 ‘I
3300 1137 3427 1193 Pari

1778 1218 1956 1274 modo
1981 1222 2039 1274 et
2059 1219 2133 1275 de
2161 1219 2273 1277 his.

1848 1310 2007 1363 Vere.
2039 1312 2128 1365 24.
2180 1310 2253 1367 Ut
2298 1340 2367 1352 —
2388 1311 2553 1369 Vers.
2583 1316 2670 1369 26.
2700 1314 2905 1370 Deum.
2959 1313 3046 1370 Ibi
3090 1314 3269 1372 etiam
3301 1315 3430 1373 haec

1776 1396 1982 1452 omnia
2001 1397 2314 1469 diligenter
2350 1400 2661 1457 enucleata
2688 1406 2838 1458 sunt.

1846 1484 2011 1541 Vers.
2066 1487 2154 1542 26.
2189 1488 2527 1560 Impletique
2558 1496 2699 1546 sunt
2727 1522 2794 1532 -—
2821 1491 3006 1547 hodie.
3058 1493 3429 1549 Admiranda

1776 1575 2000 1647 quippe
2023 1576 2294 1633 timorem
2318 1578 2839 1636 solentimmittere
2870 1582 3286 1652 peccatoribus
3313 1598 3334 1637 ,ο
3354 1598 3428 1638 ne

1703 1670 1746 1724 B
1776 1681 1892 1737 que
1930 1665 2116 1722 modo
2144 1668 2443 1738 patiantur
2467 1668 2692 1743 aliquid
2732 1670 2875 1725 mali
2915 1675 3158 1743 propter
3181 1678 3429 1743 peccata

1778 1770 1905 1811 sua.

2120 1846 2274 1902 CAP.
2310 1846 2441 1903 XIV.
2476 1847 2559 1904 De
2585 1848 2727 1905 Levi
2750 1848 3084 1918 publicano.

1847 1935 2007 1989 Vers.
2041 1938 2127 1990 27.
2160 1933 2240 1990 Et
2264 1942 2393 2007 post
2430 1966 2500 1977 —
2552 1936 2713 1992 Vers.
2755 1939 2843 1993 28.
2895 1952 3046 1994 eum.
3086 1937 3313 1994 Dictum
3344 1944 3431 1996 est

1776 2022 1850 2079 de
1868 2023 1985 2079 hoc
2023 2024 2260 2080 decimo
2290 2028 2508 2097 quarto
2539 2026 2733 2098 capite
2764 2026 3066 2097 Evangelii
3094 2027 3430 2083 secundum

1776 2112 2145 2169 Matthmum.

1847 2202 2016 2260 Vers.
2055 2202 2142 2257 29.
2178 2202 2450 2276 Fecitque
2484 2234 2554 2245 ——
2579 2204 2685 2276 qui
2712 2204 3153 2261 accumbebant.
3209 2204 3430 2260 Eodem

1777 2290 1969 2363 capite
1998 2290 2177 2347 etiam
2214 2292 2341 2347 haec
2395 2292 2771 2349 manifestata
2818 2298 2956 2349 sunt
2998 2299 3143 2365 Δοχὴ
3207 2299 3428 2358 autem,

1776 2380 1940 2453 quod
1958 2380 2053 2436 hic
2070 2382 2331 2453 ponitur,
2355 2381 2509 2437 idem
2530 2382 2826 2451 signiﬁcat
2849 2383 3033 2455 ,quod
3050 2379 3282 2455 ἐπιδοχή
3300 2382 3431 2454 (pp)

1778 2470 1870 2527 vel
1902 2468 2163 2535 ἑστίασις,
2199 2471 2551 2537 convivium,
2576 2473 2812 2543 epulum
2844 2472 2933 2527 vel
2961 2472 3302 2542 prandium.

1847 2558 2014 2614 Vera.
2051 2558 2139 2613 30.
2189 2561 2266 2614 Ει
2296 2560 2757 2617 murmurabant
2786 2591 2854 2601 —
2886 2561 3079 2616 bibitis
3103 2561 3132 2616 ?
3158 2560 3238 2616 lbi
3271 2567 3327 2616 et
3355 2559 3429 2616 de

1776 2647 1869 2702 his
1899 2647 2272 2720 disputatum
2304 2652 2410 2704 est.

1848 2735 2015 2793 Vers.
2038 2737 2132 2796 31.
2171 2738 2253 2793 Et
2277 2738 2655 2807 respondens.
2687 2768 2757 2779 —
2780 2737 2943 2794 Vers.
3005 2738 3102 2795 32.
3132 2739 3428 2808 paeniten-

1780 2826 1941 2883 tiam.
1977 2827 2267 2883 Praetereo
2294 2831 2351 2883 et
2375 2826 2445 2882 de
2474 2827 2565 2882 his
2594 2827 2897 2883 omnibus.

1845 2918 2003 2971 Vere.
2031 2920 2127 2972 33.
2158 2916 2235 2971 At
2263 2916 2363 2973 illi
2393 2947 2463 2957 —
2503 2916 2709 2972 bibunt
2738 2916 2768 2973 ?
2793 2915 3011 2973 Eodem
3058 2916 3253 2990 capite
3298 2915 3428 2974 hinc

1703 3021 1745 3078 ο
1776 3006 2210 3062 enarrationem
2229 3005 2433 3063 sortita
2462 3009 2620 3061 sunt.

1846 3095 2013 3150 Vera.
2038 3098 2129 3153 34.
2159 3094 2272 3151 Ille
2300 3110 2439 3151 vero
2458 3126 2520 3135 —
2535 3095 2858 3165 jejunent?
2884 3095 3000 3153 Per
3019 3096 3431 3167 interrogatio-

1780 3198 1917 3241 nem
1932 3184 2048 3241 hoc
2072 3184 2395 3256 legendum
2424 3189 2530 3241 est.
2554 3183 2788 3241 Dictum
2811 3189 2898 3241 est
2918 3190 3121 3241 autem
3140 3190 3198 3241 et
3215 3184 3291 3241 de
3316 3185 3431 3241 hoc

1780 3274 1840 3330 in
1869 3273 2082 3329 eodem
2112 3273 2265 3330 loco.

1849 3364 2020 3422 Vers.
2059 3368 2146 3422 35.
2195 3363 2431 3421 Venient
2454 3394 2526 3408 —
2550 3362 2771 3419 diebus.
2809 3362 3087 3420 Similiter
3118 3366 3177 3419 et
3204 3362 3279 3418 de
3314 3360 3426 3419 his.

1784 3602 1791 3609 ,
1849 3543 2011 3598 Vers.
2041 3545 2129 3598 36.
2161 3542 2408 3598 Dicebat
2435 3571 2505 3582 —
2529 3554 2695 3597 novo.
2727 3539 2914 3596 Etiam
2940 3540 3067 3597 haec
3096 3540 3236 3596 inde
3262 3539 3429 3597 facile

1779 3638 2238 3702 cognoscuntur.
2282 3630 2516 3685 Novum
2564 3634 2763 3685 autem
2803 3644 2924 3686 non
2977 3629 3285 3699 scinditur,
3329 3629 3431 3686 sed

1778 3722 1981 3793 ipsum
2000 3720 2199 3793 potius
2229 3719 2447 3776 scindit
2466 3721 2656 3776 vetus.

1847 3901 2010 3955 Vers.
2042 3897 2132 3954 37.
2172 3898 2240 3953 Et
2278 3897 2483 3954 nullus
2523 3927 2585 3938 —
2619 3898 2780 3954 Vera.
2835 3896 2924 3954 38.
2983 3903 3431 3954 conservantur.

1776 3987 2054 4044 Similiter
2075 3991 2132 4042 et
2158 3985 2287 4042 hinc
2314 3986 2540 4043 omnia.

1847 4077 2011 4131 Vers.
2044 4073 2133 4130 39.
2161 4073 2236 4129 Et
2266 4089 2436 4131 nemo
2465 4105 2534 4115 —
2564 4081 2664 4131 est.
2699 4074 2969 4132 Ostendit
3013 4074 3166 4146 quod
3233 4072 3433 4129 nullus

1778 4162 2052 4221 vetustati
2063 4162 2210 4235 legis
2225 4167 2518 4229 assuetus,
2533 4163 2731 4221 statim
2756 4167 2950 4235 potest
2967 4161 3269 4234 Evangelii
3282 4160 3432 4217 ferre

1778 4253 2124 4311 novitatem.
2150 4251 2316 4306 Putat
2344 4252 2527 4317 enim,
2550 4251 2692 4307 illud
2723 4251 2935 4307 melius
2960 4265 3089 4306 esse
3119 4266 3188 4306 ac
3206 4249 3431 4316 utilius,

98 4342 293 4404 στάζειν.
347 4349 530 4399 Οἶεται
589 4347 695 4418 γὰρ
745 4349 1101 4419 χρηστότερον
1166 4342 1371 4411 ἐκεῖνον,
1430 4342 1523 4398 διὰ
1577 4350 1668 4404 τὴν

1843 4348 2023 4415 ὀριοι-
2051 4339 2551 4397 consuetudinem.

96 4434 355 4487 συνήθειαν.

153 4520 355 4591 Ἐγένετο
439 4555 512 4565 --
596 4527 867 4596 σπορίμων
902 4566 914 4578 .
953 4522 1228 4577 ’Σάϐϐατον
1324 4524 1497 4587 ἁπλῶς
1570 4532 1669 4578 πᾶ-

95 4624 172 4659 σαν
203 4610 368 4685 ἑορτὴν
420 4613 779 4686 ὀνομάζουσιν
834 4611 1085 4685 Ἑϐραῖοι,
1139 4610 1233 4666 διὰ
1282 4620 1376 4673 τὴν
1434 4614 1671 4668 ἀνάπαυ-

96 4714 175 4745 σιν·
223 4709 304 4752 νῦν
370 4699 429 4756 δὶ
484 4703 628 4775 λέγει
682 4706 775 4760 τὴν
846 4702 1025 4775 ἑορτὴν
1073 4702 1185 4774 (23)
1251 4712 1351 4755 τῶν
1413 4704 1670 4777 Ἀζύμων.

92 4788 228 4841 Τοῦτο
270 4786 329 4844 δε
376 4796 434 4844 τὸ
491 4790 761 4846 Σάϐϐατον
819 4789 1048 4845 ἐκαλεῖτο
1119 4788 1554 4865 δευτεροπρωτον,
1611 4796 1674 4853 ὡς

1854 4520 2006 4579 CAP.
2034 4520 2123 4575 VI.
2166 4518 2332 4575 Vers.
2357 4518 2406 4573 1.
2438 4517 2682 4574 Factum
2710 4523 2791 4573 est
2820 4546 2888 4558 —
2917 4522 3066 4571 sata.
3104 4513 3435 4571 Sabbatum

1784 4609 2144 4684 simpliciter,
2172 4623 2353 4664 omne
2384 4607 2601 4663 festum
2635 4610 2855 4662 vocant
2913 4604 3151 4663 Hebraei
3193 4607 3436 4677 propter

1784 4700 2067 4774 requiem.
2124 4699 2294 4753 Nunc
2346 4701 2545 4753 autem
2602 4694 2743 4752 dicit
2783 4694 2999 4751 festum
3060 4699 3432 4766 Azymorum.

1788 4794 1907 4847 Hoc
1930 4789 2128 4861 itaque
2157 4785 2482 4844 Sabbatum
2506 4783 2837 4841 vocabatur
2853 4782 3117 4841 secundo
3149 4782 3433 4856 primum.

1304 4969 1530 5039 Varias
1552 4970 1886 5039 lectiones
1917 4976 1985 5037 et
2002 4976 2206 5037 nota.

146 5162 250 5237 (21)
302 5172 341 5220 Α
394 5170 582 5221 καινὸν
631 5165 711 5222 ad
757 5169 865 5218 νέον
913 5165 1128 5222 omittit
1166 5166 1509 5223 Hentenius.
1564 5164 1668 5221 Pro

1843 5181 1935 5221 im.
1975 5164 2075 5237 VI.
2137 5178 2217 5237 p._
2248 5163 2341 5237 £31
2390 5162 2453 5225 D,
2481 5159 2859 5237 subitaneam
2889 5157 3433 5237 etsubobscuram.

90 5238 180 5285 νέον
207 5236 384 5294 habet
409 5238 665 5291 παλαιὸν.
702 5245 764 5292 Α.

150 5308 228 5373 (22
286 5314 483 5377 Πάντα,
531 5309 727 5365 abest.
768 5310 833 5363 Α.

143 5308 248 5452 (13;
281 5381 555 5440 Deseruit
582 5396 728 5452 ergo
756 5396 827 5437 ex

281 5381 555 5440 Deseruit
582 5396 728 5453 ergo
756 5378 1216 5452 explicationem
1245 5380 1671 5453 Chrysostomi.

1783 5252 1972 5318 quam
2001 5227 2475 5361 Theoenglactus
2507 5248 2577 5313 'p.
2629 5234 2752 5312 3.41.
2805 5233 2865 5312 Ε.
2912 5229 3146 5311 videtur
3170 5227 3438 5310 voluisse

1785 5322 2136 5361 exnrxmere.
2210 5322 2227 5361 1
2274 5320 2305 5361 e
2328 5307 2629 5361 Petavmm
2654 5318 2717 5359 in
2740 5308 2898 5360 notis
2937 5301 3014 5359 ad
3044 5300 3438 5361 Epiphaniam

1785 5300 2136 5381 exprimere.
2161 5300 2305 5361 Vide
2328 5300 2629 5361 Petavium
2654 5302 2717 5359 in
2740 5302 2898 5360 notis
2937 5301 3014 5359 ad
3044 5300 3438 5374 Epiphaniam

1787 5396 1844 5453 p.
1882 5381 1944 5436 61
1989 5393 2156 5450 seqq.

143 5584 254 5658 (pp)
284 5583 534 5647 ὶπιδοκή.
568 5590 654 5643 tta
681 5584 1001 5643 Hentenius
1028 5582 1231 5642 edidit.
1275 5582 1393 5641 Sed
1420 5583 1668 5657 legendu

1843 5578 2074 5656 ὀδοχήν.
