3922 6200
494 249 597 306 923

499 380 785 450 tanquam
803 378 1128 434 secundum
1143 376 1386 448 quidem
1401 392 1435 431 a
1457 375 1705 433 Pascha.
1721 376 1984 449 primum
2013 390 2151 431 vero

493 465 569 521 ab
600 467 854 539 Azymis.
885 468 1021 521 Post
1057 465 1273 519 festum
1300 465 1458 520 enim
1495 466 1736 522 Paschaa
1764 465 1980 521 festum
2010 467 2148 536 Azy-

495 572 729 611 morum
758 554 1140 626 peragebant,
1175 554 1337 624 quod
1362 556 1589 625 primus
1622 558 1747 611 erat
1776 560 2002 627 septem
2033 554 2151 609 die-

493 658 649 707 rum,
682 643 900 714 quibus
923 642 1318 697 vescebantur
1359 643 1598 713 azymis.

566 732 724 786 Vers.
764 735 811 787 1.
854 734 931 789 Et
963 734 1259 791 vellebant
1288 764 1358 773 —
1405 734 1689 789 manibus.
1742 734 1946 799 Quaere
2004 732 2148 788 vice-

496 821 650 878 simo
674 824 863 896 capite
896 824 1197 895 Evangelii
1251 825 1585 881 secundum
1617 825 1956 881 Matthaaum
1983 839 2151 880 enar-

494 912 786 968 rationem
806 914 959 969 illiue
985 914 1123 969 dicti
1150 934 1161 971 :
1186 914 1255 969 In
1272 915 1379 969 illo
1399 920 1655 982 tempore
1674 915 1799 971 ibat
1815 916 1984 970 Jesus
2007 913 2149 970 Sab-

499 1000 649 1059 batis
685 1020 788 1074 per
825 1012 1037 1073 segetes
1088 1004 1156 1059 ³⁸.
1228 1006 1355 1058 Non
1388 1008 1620 1074 oportet
1674 1010 1873 1059 autem
1904 1007 2150 1074 propter

498 1102 732 1167 tempus
780 1093 1071 1149 haesitare.
1116 1092 1263 1147 Cum
1285 1094 1442 1147 enim
1477 1092 1841 1149 calidissima
1867 1093 1941 1148 sit
1969 1091 2149 1147 Palm-

496 1186 662 1242 stinte
695 1184 880 1256 regio,
917 1182 1140 1237 fructus
1172 1182 1447 1253 producit
1488 1198 1806 1253 praecoces.

567 1362 728 1419 Vers.
757 1365 809 1416 2.
847 1361 1084 1427 Quidam
1111 1366 1305 1416 autem
1336 1392 1403 1400 —
1435 1360 1601 1415 Vers.
1629 1362 1682 1416 4.
1709 1360 2111 1417 sacerdotibus
2126 1377 2146 1424 ;

566 1452 789 1508 Eodem
822 1451 1012 1521 capite
1044 1451 1113 1505 de
1146 1451 1236 1504 his
1267 1449 1548 1504 omnibus
1578 1450 1860 1505 invenies.

568 1542 731 1596 Vers.
766 1542 820 1595 5.
865 1541 943 1595 Et
996 1539 1313 1595 dicebat—
1343 1538 1612 1595 Sabbati.
1643 1539 1722 1593 lbi
1748 1543 1804 1595 et
1853 1538 1967 1595 hoc
2013 1541 2149 1611 post

493 1646 685 1703 pauca
722 1628 986 1702 positum
1011 1634 1115 1684 est.

569 1720 717 1776 CAP.
750 1719 862 1773 XV.
889 1720 965 1774 De
984 1718 1234 1774 habente
1264 1718 1533 1774 dextram
1552 1733 1792 1773 manum
1815 1717 2071 1773 aridam.

568 1811 724 1864 Vers.
778 1811 834 1863 6.
875 1809 1115 1863 Factum
1173 1813 1256 1863 est
1302 1838 1370 1847 —
1403 1806 1564 1862 Vers.
1618 1808 1669 1860 7.
1710 1821 1862 1862 eum.
1912 1805 1991 1861 De
2029 1805 2144 1861 hoc

496 1899 722 1954 dictum
742 1903 826 1954 est
856 1896 1142 1952 vicesimo
1173 1896 1363 1967 primo
1390 1897 1584 1968 capite
1621 1895 1925 1967 Evangelii
1970 1896 2145 1968 juxta

498 1987 867 2043 Mattheeum.

568 2077 734 2130 Vers.
766 2075 817 2127 8.
846 2075 972 2142 Ipse
1001 2104 1068 2113 —-
1089 2073 1250 2128 Vers.
1285 2073 1371 2127 10.
1405 2074 1609 2129 altera.
1640 2073 1701 2128 ln
1723 2072 1935 2129 eodem
1965 2072 2145 2129 etiam

496 2164 571 2220 de
601 2164 694 2219 his
716 2162 998 2218 omnibus
1029 2161 1335 2233 diligenter
1363 2161 1645 2217 diximus.
1680 2162 1957 2217 Animam
2004 2177 2144 2217 vero

496 2252 774 2322 intellige,
809 2250 1134 2315 hominem,
1172 2267 1205 2304 a
1230 2255 1394 2320 parte
1425 2250 1695 2305 videlicet
1720 2254 1932 2305 totum.

568 2343 727 2396 Vers.
752 2341 837 2394 11.
870 2339 943 2392 At
976 2339 1070 2393 illi
1098 2368 1165 2378 -—-
1192 2338 1375 2394 Jesus.
1434 2338 1518 2393 Ibi
1546 2354 1787 2410 quoque
1837 2339 1906 2393 de
1945 2338 2035 2393 his
2061 2338 2145 2394 di-

498 2434 659 2485 ctum
686 2434 772 2483 est
796 2428 855 2482 in
883 2427 1317 2483 enarrationem
1352 2426 1489 2482 dicti
1511 2427 1685 2494 illius,
1708 2427 1991 2483 Pharisaei
2010 2442 2145 2484 vero

499 2523 794 2588 ceperunt
824 2518 1135 2573 concilium
1160 2517 1434 2572 adversus
1453 2533 1600 2574 eum.

535 2606 709 2665 CAP.
756 2606 900 2662 XVI.
944 2608 1023 2662 De
1052 2603 1332 2662 electione
1360 2607 1645 2663 duodecin
1683 2608 2107 2676 apostolorum.

569 2696 844 2752 Vers.12.
888 2696 1133 2751 Factum
1178 2702 1259 2751 est
1288 2726 1355 2736 —
1400 2699 1564 2751 Vers.
1623 2698 1705 2751 13.
1753 2712 1887 2752 suos
1942 2698 2147 2762 Quaere

497 2785 558 2841 in
590 2783 908 2855 Evangelio
933 2784 1100 2856 juxta
1114 2786 1377 2840 Marcum
1404 2786 1842 2842 enarrationem
1875 2774 2148 2860 principii

498 2874 688 2932 octavi
720 2875 948 2947 capitis,
979 2873 1078 2929 ubi
1110 2879 1166 2929 et
1194 2875 1321 2929 haec
1352 2873 1593 2947 pulchre
1617 2890 1686 2931 ac
1713 2875 2009 2931 succincte
2048 2877 2144 2931 ha-

497 2965 729 3022 bentur.

573 3056 729 3110 Vers.
760 3054 843 3109 13.
878 3055 952 3109 Et
992 3054 1165 3125 elegit
1196 3085 1263 3094 —
1295 3056 1452 3110 Vers.
1485 3056 1568 3109 16.
1600 3055 1889 3122 proditor.
1921 3054 2150 3109 Decimo

498 3159 661 3199 nono
674 3144 865 3215 capite
881 3143 1178 3213 Evangelii
1193 3143 1519 3199 secundum
1536 3143 1873 3199 Mattheeum
1888 3143 2151 3199 invenies

499 3230 573 3287 de
586 3232 792 3287 ordine
806 3233 1021 3288 horum
1036 3234 1348 3289 nominum
1365 3231 1882 3303 apostolorum,ubi
1896 3233 2148 3288 dicetur:

497 3321 793 3378 Duodecin
834 3329 1023 3379 autem
1058 3323 1449 3393 apostolorum
1496 3322 1731 3379 nomina
1770 3330 1906 3378 sunt
1941 3323 2080 3379 hac.

570 3500 728 3556 Vers.
754 3502 839 3555 17.
876 3501 1132 3572 Cumque
1151 3498 1516 3557 descendisset
1544 3530 1612 3539 —
1632 3499 1794 3556 Vers.
1831 3505 1915 3556 19.
1944 3514 2151 3557 omnes.

500 3588 696 3643 Virtus
718 3589 795 3644 ab
826 3590 925 3646 illo
955 3589 1371 3661 egrediebatur
1400 3588 1619 3654 divina,
1652 3604 1876 3645 sanans
1899 3588 2028 3645 illos
2051 3589 2155 3661 qui

500 3676 593 3731 vel
626 3676 954 3745 tetigissent
983 3678 1176 3748 ipsum
1193 3721 1205 3732 .

858 3765 1019 3823 CAP.
1053 3765 1207 3820 XVII.
1237 3768 1316 3821 De
1345 3765 1797 3821 beatitudinibus

570 3852 732 3907 Vers.
764 3855 852 3909 20.
902 3854 975 3908 Et
1006 3855 1128 3924 ipse
1164 3884 1230 3893 —
1263 3868 1510 3923 regnum
1548 3855 1670 3909 Dei.
1706 3853 1849 3910 Alite
1882 3860 2022 3912 sunt
2060 3856 2150 3913 hae

498 3940 898 3997 beatitudines
914 3942 989 3997 ab
1006 3943 1259 4014 his,quae
1279 3957 1463 4013 supra
1486 3942 1714 4013 scriptae
1730 3949 1868 3997 sunt
1882 3943 1939 3999 in
1966 3946 2151 4001 Evan-

500 4029 653 4101 gelio
679 4032 850 4103 juxta
879 4032 1236 4088 Matthaeum.
1271 4031 1403 4086 Illas
1438 4030 1732 4103 siquidem
1765 4031 1928 4097 dixit,
1960 4033 2062 4089 ubi
2089 4036 2148 4090 in

498 4125 762 4176 montem
823 4121 1262 4177 conscendisset
1293 4137 1362 4177 ac
1406 4120 1731 4177 resedisset
1782 4140 1798 4192 ;
1833 4122 1943 4178 has
1988 4139 2145 4191 vero,

498 4227 636 4267 cum
656 4210 1082 4274 descendisset,
1118 4211 1497 4283 stetissetque
1538 4210 1760 4266 inloco
1807 4213 2146 4283 campestri.

499 4303 563 4357 Et
590 4300 673 4357 ibi
691 4300 937 4372 quidem
958 4316 1247 4372 pauperes
1262 4300 1492 4371 spiritu,
1511 4300 1629 4355 sive
1649 4301 1851 4356 animo
1868 4301 2144 4367 humiles,

498 4390 694 4446 beatos
724 4390 873 4446 dixit
899 4407 913 4457 ;
942 4390 1038 4445 hic
1078 4394 1276 4446 autem
1312 4376 1659 4460 simpliciter
1689 4406 2004 4461 pauperes,
2047 4406 2147 4447 eos

496 4480 789 4552 videlicet,
815 4481 917 4553 qui
954 4478 1295 4534 divitiarum
1335 4494 1530 4534 amore
1562 4493 1680 4534 non
1726 4484 2018 4545 tenentur,
2047 4494 2148 4536 eos

497 4569 599 4640 qui
630 4569 958 4625 voluntarie
1002 4583 1287 4641 pauperes
1319 4573 1469 4623 sunt.

568 4656 729 4711 Vers.
764 4658 850 4712 21.
885 4659 1046 4715 Beati
1076 4687 1143 4698 —
1193 4656 1632 4714 saturabimz’ni.
1694 4656 1955 4714 Similiter
2002 4673 2145 4731 quo-

498 4758 617 4814 que
670 4745 991 4801 esurientes
1040 4761 1109 4802 ac
1156 4746 1416 4802 sitientes
1452 4745 1740 4816 justitiam
1772 4744 2144 4815 beatiﬁcavit,

501 4830 625 4886 sive
660 4831 951 4901 justitiam
984 4833 1363 4890 vehementer
1393 4839 1743 4906 appetentes
1777 4852 1789 4890 :
1824 4835 1916 4891 hic
1945 4842 2146 4893 autem

499 4918 843 4990 simpliciter
872 4921 1213 4987 esurientes,
1249 4939 1348 4979 eos
1369 4922 1657 4987 videlicet,
1688 4924 1792 4995 qui
1817 4926 2148 4984 voluntaria

498 5007 1149 5079 esuriuntpaupertate,
1175 5016 1465 5082 gratoque
1487 5013 1777 5068 sustinent
1798 5015 2019 5083 animo,
2043 5015 2146 5088 qui

499 5098 731 5153 aeternis
760 5098 1180 5155 saturabuntur
1209 5100 1461 5156 deliciis.

548 5311 616 5348 ’⁸⁸
641 5300 850 5369 Ma'tth.
879 5326 983 5377 xn,
1027 5312 1113 5368 14.
1190 5268 1239 5349 5’
1270 5313 1466 5372 Matth.
1494 5330 1547 5381 ι,
1570 5320 1624 5372 2.

1809 248 2158 305 EUTHYMII
2199 247 2531 311 ZIGABENI

3696 269 3775 327 924

2181 375 2225 428 Α
2260 373 2497 454 δεύτερον
2540 388 2630 455 μεν
2675 394 2765 438 τοῦ
2821 389 3038 458 Πάσχα·
3100 396 3301 459 πρῶτον
3344 384 3403 441 δὲ
3456 397 3546 440 τῶν
3580 390 3773 464 ’Δζ-ἇιιων.

2259 472 2401 520 Μετὰ
2447 474 2545 546 γὰρ
2593 479 2686 532 τὴν
2746 475 2924 550 ἑορτὴν
2969 483 3058 527 τοῦ
3114 479 3332 547 Πάσχα,
3386 482 3479 535 τὴν
3530 479 3676 552 ἑορτήν
3714 492 3780 533 τίη

2258 557 2499 630 Ἀζύμων
2539 560 2821 631 ἐπετέλουν,
2866 568 2977 624 ἣτις
3035 562 3093 623 ἧν
3120 572 3298 639 πρώτη
3333 574 3431 617 τῶν
3464 568 3581 620 έπτά
3618 571 3780 646 ἡμερῶν.

2258 643 2304 695 ἐν
2335 649 2416 708 αἷς
2447 650 2693 707 ὴσθίοντο
2719 657 2781 704 τὰ
2807 654 3003 725 ἄζυμα.

2330 741 2429 788 Καὶ
2482 739 2670 793 ἔτιλλον
2720 773 2775 782 --
2838 748 3016 817 χερσί.
3069 750 3309 801 Ζητησον
3371 744 3421 796 ἐν
3501 754 3563 816 τῷ
3626 747 3784 819 εἰκοστῷ

2258 825 2513 897 κεφαλαίῳ
2570 838 2658 881 τοῦ
2716 834 2849 882 κατὰ
2919 834 3186 885 Ματθαίον
3238 838 3331 890 τὴν
3414 832 3641 905 ἐξήγησιν
3706 846 3781 888 τοῦδ

2256 912 2336 965 Ἐν
2414 914 2582 988 ἐκείνῳ
2664 927 2735 989 τῷ
2814 928 2978 995 καιρῷ
3037 920 3286 994 ἐπορεύθη
3364 924 3389 974 ὁ
3466 922 3652 985 Ἰησοῦς
3713 934 3787 986 τοῖς

2256 1002 2487 1056 Σάϐϐασι
2520 1003 2612 1057 διὰ
2663 1016 2762 1059 τῶν
2824 1015 3109 1083 σπορίμων.
3164 1016 3276 1083 Χρὴ
3330 1008 3387 1065 δι
3431 1017 3545 1084 περὶ
3591 1021 3664 1064 τοῦ
3707 1034 3786 1065 και-

2254 1101 2347 1164 ροῦ
2386 1099 2458 1166 μὴ
2515 1094 2866 1169 ἁμφιϐάλλειν.
2935 1105 3265 1173 Θερμότατος
3323 1104 3426 1174 γὰρ
3486 1103 3548 1152 ῶν
3600 1104 3621 1154 ὁ
3678 1107 3788 1163 τόπος

2256 1191 2315 1241 τῆ
2327 1204 2347 1244 ς
2437 1185 2759 1245 Παλαιστίνη
2771 1207 2810 1251 ς,
2898 1192 3165 1262 πρωῖμους

2255 1291 2353 1323 που
2364 1295 2405 1334 ς,

3263 1186 3461 1242 δίδωσι
3538 1196 3642 1253 τοὺς
3695 1211 3787 1263 καρ-

2326 1366 2463 1421 Τινὲς
2494 1359 2552 1414 δὲ
2582 1394 2649 1403 —
2683 1368 2831 1439 ἱερεῖς
2863 1384 2873 1394 ·
2912 1367 2996 1422 Ἐν
3019 1366 3190 1438 ἐκείνῳ
3220 1378 3292 1438 τῷ
3331 1368 3577 1440 κεφαλαίῳ
3603 1376 3679 1421 καὶ
3710 1376 3791 1441 περὶ

2254 1451 2447 1501 τούτων
2483 1454 2681 1504 πάντων
2714 1455 2833 1525 εὐρή
2845 1475 2974 1517 σεις.

2330 1545 2427 1591 Καὶ
2458 1541 2617 1613 ὓλγεν
2646 1575 2711 1583 —
2743 1543 3029 1600 Σαϐϐάτου.
3081 1544 3219 1598 Ἐκεῖ
3260 1547 3369 1618 μετ’
3400 1547 3550 1619 ὀλίγα
3586 1552 3663 1599 καὶ
3683 1555 3792 1599 τοῦτε

2254 1646 2438 1682 κειται.

2181 1730 2222 1783 Β
2384 1724 2527 1773 ΚΕΦ.
2560 1719 2657 1777 ΙΕ’.
2699 1728 2823 1795 Περὶ
2854 1731 2943 1775 τοῦ
2976 1723 3136 1798 ξηρὰν
3168 1727 3381 1795 ἔχοντος
3412 1729 3504 1782 τὴν
3532 1733 3692 1796 χεῖρα.

2325 1808 2545 1878 Ἐγένετο
2626 1842 2691 1851 —-
2766 1813 2941 1865 αὐτοῦ.
3019 1816 3237 1887 Εἴρηται
3317 1820 3402 1865 καὶ
3483 1820 3593 1886 περὶ
3657 1817 3794 1864 τούτου

2254 1895 2300 1947 ἐν
2348 1905 2420 1967 τῷ
2492 1899 2709 1969 εἰκοστῷ
2766 1907 2954 1976 πρώτῳ
3035 1901 3289 1974 κεφαλαίῳ
3361 1911 3456 1954 τοῦ
3526 1905 3649 1954 κατὰ
3694 1909 3797 1955 Mat-

2256 1987 2416 2038 θαῐον.

2326 2076 2490 2138 Αὐτὸς
2525 2109 2586 2117 --
2618 2080 2647 2135 ὴ
2681 2078 2828 2137 οἶλλη.
2860 2079 2941 2132 Ἐν
2967 2078 3139 2149 ἐκείνῳ
3169 2084 3257 2131 καὶ
3282 2086 3399 2154 περὶ
3426 2084 3615 2133 τούτων
3646 2082 3797 2132 πάντων

2255 2163 2481 2236 ἀκριϐῶς
2504 2165 2795 2239 εἰρήκαμεν·
2821 2173 3005 2239 ψυχὴν
3034 2165 3092 2221 δὲ
3113 2174 3215 2221 νόει
3237 2172 3323 2221 τὸν
3342 2168 3715 2243 ἀνθρωπον,ἁπο

2254 2273 2391 2327 ρους,
2421 2255 2532 2306 ὅλον
2549 2300 2560 2311 ,

2329 2346 2485 2396 Αὐτοὶ
2530 2342 2589 2396 δὲ
2618 2377 2685 2384 -
2716 2344 2915 2403 Ἰησοῦ.
2951 2347 3091 2398 Ἐκεῖ
3120 2352 3208 2399 καὶ
3256 2352 3375 2421 περὶ
3416 2351 3605 2399 τούτων
3632 2346 3797 2421 ἐρρήθη,

2262 2430 2273 2445 ,
2375 2441 2393 2451 ,
2444 2432 2487 2449 ,ν
2580 2439 2588 2447 .
2770 2443 2787 2451 ,
2892 2438 2901 2446 .
2970 2440 2976 2451 ,
3227 2444 3245 2454 ,
3525 2438 3558 2450 ..
3666 2435 3696 2451 .-

2255 2450 2301 2481 tv
2334 2452 2394 2503 τῃ
2435 2452 2676 2504 εςηγησει
2700 2451 2809 2486 του’
2840 2443 2904 2487 Ol
2935 2432 2989 2488 3:
3019 2442 3296 2510 Φαρισαιοι
3332 2437 3639 2509 συμϐουκιον
3665 2434 3797 2487 ελαςον

2254 2522 2368 2573 κατ’
2402 2523 2581 2576 αὐτοῦ.

2424 2613 2569 2665 ΚΕΦ.
2606 2611 2692 2672 Ιξ.
2727 2617 2849 2685 Περὶ
2879 2620 2968 2673 τῆς
2998 2622 3097 2665 τῶν
3128 2612 3432 2667 ἀποστόλων
3462 2615 3674 2685 ἐκλογῆς.

2330 2698 2553 2769 Ἐγένετο
2613 2731 2675 2738 —-
2727 2701 2906 2755 αὑτοῦ.
2943 2708 3181 2760 Ζήτησον
3218 2702 3265 2754 ἐν
3330 2713 3406 2772 τῷ
3466 2708 3595 2755 κατὰ
3640 2703 3803 2773 Μάριον

2258 2792 2350 2844 την
2382 2786 2630 2859 ἐξήγησιν
2683 2791 2793 2859 (24)
2844 2799 2939 2851 τῆς
2970 2790 3140 2863 ἀρχῆς
3193 2800 3283 2844 του
3333 2790 3532 2862 ὀγδόου
3586 2792 3803 2862 κεφαλαίου

2261 2876 2423 2938 καλῶς
2454 2897 2506 2929 τε
2527 2884 2615 2930 καὶ
2646 2877 2916 2939 ἀνελλιπῶς
2942 2882 3192 2951 ἔχουσαν.

2187 3077 2227 3134 C
2334 3060 2433 3109 Καὶ
2492 3054 2815 3127 ἐκλεξάμενος
2868 3088 2932 3096 -
2993 3053 3276 3129 προδότης.
3334 3059 3427 3114 Ἐν
3484 3066 3554 3129 τῷ
3606 3057 3808 3109 ivvenal-

2264 3142 2465 3216 δεκάτῳ
2512 3145 2767 3217 κεφαλαίῳ
2800 3154 2890 3198 τοῦ
2947 3151 3077 3198 κατὰ
3132 3150 3401 3201 ΜατΘαῖον
3464 3151 3680 3222 εὑρήσεις
3724 3162 3809 3213 περι

2262 3234 2571 3297 τῆςτάξεως
2621 3244 2716 3285 τῶν
2757 3234 3110 3287 ἁποστολικῶν
3159 3241 3350 3288 τούτων
3417 3237 3683 3308 ὀνομάτων,
3724 3233 3813 3284 {vim

2262 3331 2429 3375 κεῖται
2460 3328 2542 3374 τό·
2580 3330 2689 3376 Τῶν
2720 3321 2779 3377 δὲ
2807 3321 3018 3377 δώδεκα
3044 3324 3347 3378 ἀποστολων
3382 3330 3452 3378 τὰ
3484 3327 3692 3398 ὀνόματα
3730 3322 3807 3372 ἐστι

2264 3420 2448 3467 ταῦτα.

2339 3508 2438 3554 Καὶ
2504 3502 2731 3563 καταϐὰς
2808 3532 2874 3542 -
2937 3506 3151 3566 πάντας.
3237 3506 3466 3576 Δύναμις
3537 3504 3619 3555 ἀπ’
3690 3500 3808 3551 eritsi

2265 3589 2512 3663 ἐξήρχετο
2596 3594 2726 3657 θεία,
2802 3591 2985 3663 ἰωμένη
3071 3597 3193 3655 τοὺς

2265 3679 2450 3737 αὐτοῦ.

3290 3598 3450 3665 μονον
3550 3592 3811 3663 ἁπτομένους

2576 3775 2718 3836 ΚΕΦ,
2744 3770 2842 3823 ΙΖ’.
2886 3774 3010 3843 Περὶ
3040 3778 3139 3821 τῶν
3165 3780 3547 3844 μακαρισμῶν.

2336 3863 2434 3913 Καὶ
2482 3859 2637 3921 αὐτὸς
2683 3890 2751 3900 —
2808 3861 2837 3918 ἠ
2901 3858 3147 3931 βασιλεία
3196 3868 3286 3911 τοῦ
3342 3868 3507 3915 Θεοῦ.
3562 3860 3734 3930 Ἐτεροί
3768 3855 3815 3905 εἰ·

2264 3968 2344 4001 σιν
2394 3952 2442 4001 οἱ
2502 3954 2828 4021 μακαρισμοὶ
2885 3948 3047 4011 οὗτοι,
3096 3951 3239 4021 παρὰ
3291 3953 3418 4010 τοὺς
3474 3949 3813 4021 ἀναγεγραμμέ-

2259 4058 2376 4100 νους
2415 4037 2461 4089 ἐν
2501 4048 2573 4108 τῷ
2608 4042 2742 4089 κατὰ
2784 4039 3069 4091 Ματθαῖον.
3102 4038 3351 4098 Ἐκείνους
3388 4042 3481 4111 μεν
3526 4042 3641 4109 γὰρ,
3673 4032 3817 4089 ἁναεὰς

2260 4129 2327 4189 εἰς
2369 4133 2426 4178 τὸ
2450 4133 2567 4201 ὅρος
2600 4132 2687 4178 καὶ
2742 4128 2968 4188 καθίσας
2996 4130 3167 4201 εἴρηκε
3210 4146 3222 4158 ·
3254 4131 3479 4187 τούτους
3536 4124 3595 4180 δὲ
3633 4120 3817 4176 καταϐάς

2258 4222 2346 4269 καὶ
2372 4220 2499 4278 στὰς
2524 4216 2606 4268 ἐπὶ
2638 4221 2798 4268 τόπου
2828 4213 3060 4268 πεδινοῦ·
3096 4215 3243 4269 κάκεῖ
3260 4219 3349 4286 μιν
3377 4222 3503 4279 τοὺς
3524 4216 3744 4285 πτωχοὺς
3767 4216 3817 4274 tib

2259 4309 2510 4377 πνεύματι
2542 4305 2871 4379 ἐμακάρισεν,
2902 4309 3036 4377 ῇτοι,
3060 4309 3174 4365 τοὺς
3198 4312 3622 4378 ταπεινόφρονας·
3645 4300 3818 4354 ἐνταῦθα

2182 4394 2225 4480 D
2260 4390 2317 4446 δε
2356 4400 2473 4456 τους
2519 4400 2767 4465 πτωχοὺς
2797 4394 2989 4459 ἁπλῶς,
3042 4398 3222 4465 ἤγουν,
3275 4399 3395 4455 τοὺς
3446 4392 3817 4467 ἁφιλοπλούτωὲι

2256 4487 2375 4543 τοὺς
2404 4482 2651 4541 ἑκουσίως
2680 4486 2945 4554 πτωχοῦς.

2327 4662 2590 4731 Μακάριοι
2666 4660 3249 4733 --νχορτοισθησεσθι
3321 4658 3553 4729 Ὀμοίως
3621 4656 3714 4707 ἐκεῖ
3758 4671 3819 4719 ιω

2256 4754 2374 4810 τους
2413 4757 2689 4808 πεινῶντας
2737 4753 2825 4799 καὶ
2873 4744 3138 4817 διψῶντας
3191 4751 3284 4804 τὴν
3344 4745 3684 4801 δικαιοσύνην
3730 4740 3815 4811 5513‘

2256 4841 2487 4910 κάρισεν,
2543 4841 2678 4906 ἦτοι,
2747 4840 2869 4898 τοὺς
2939 4832 3177 4909 σφοδρῶς
3234 4835 3578 4907 ὀρεγομένους
3628 4843 3710 4891 τῆς
3762 4826 3820 4878 δι’

2257 4930 2538 4986 καιοσυνης
2642 4924 2863 4978 ἐνταῦθα
2946 4921 3003 4977 δι

2258 5020 2417 5087 ἤγουν
2450 5020 2570 5076 τοὺς
2598 5022 2875 5075 πεινῶντας
2905 5015 3019 5084 (25)
3070 5010 3141 5065 δι’
3174 5013 3415 5065 ἑκούσιον
3461 5017 3731 5082 πτωχείαν,
3760 5023 3821 5056 καί

2259 5107 2604 5177 ὑπομένοντας
2651 5102 3001 5176 εὐχαρίστως,
3053 5100 3102 5153 οἳ
3144 5104 3613 5173 χορτασθήσονται
3665 5100 3822 5168 τρνφξς

2260 5194 2468 5247 αἰωνίου
2479 5236 2491 5247 .

3099 4928 3217 4986 τοὺς
3300 4934 3588 4983 πεινῶντας
3670 4919 3819 4973 ἁπλῶς.

1739 5468 1963 5538 Variae
1992 5470 2322 5540 lectiones
2344 5480 2411 5540 et
2440 5478 2643 5538 notae.

570 5636 685 5707 (34)
717 5642 825 5697 Τῆς
855 5637 1027 5708 ἀρχῆς
1056 5632 1217 5691 abest
1244 5636 1311 5688 Α.

2335 5639 2450 5713 (25)
2490 5636 2564 5693 Δι’
2582 5636 2817 5695 omittit.
2847 5640 2925 5694 Α.
