3922 6200
143 255 231 309 925
1193 249 1558 306 COMMENT.
1605 247 1669 302 ΙΝ
1712 246 1973 303 LUCAM.
2017 281 2082 290 —
2123 249 2278 308 CAP.
2320 253 2412 310 VI.

3345 227 3451 311 9-26

203 378 534 449 Μακάριοι-
585 374 842 445 γελάσετε.
896 378 960 428 Οἱ
1009 374 1286 440 κλαίοντες,
1340 376 1444 446 ούχ
1494 374 1677 433 ἁπλῶς.

1872 372 2035 430 Vers.
2068 379 2157 435 2t.
2189 378 2358 434 Beati
2408 411 2477 420 -—
2515 381 2806 437 ridebitis.
2856 380 2960 445 Qui
3011 379 3153 436 ﬂent
3201 395 3320 434 non
3366 385 3451 435 ut-

144 467 280 524 au’s
310 464 385 517 ἐπὶ
404 472 506 525 τοίς
530 464 716 516 ἑαυτῶν
747 464 1144 539 ἁμαρτήμασιν,
1179 467 1205 524 ἦ
1259 465 1341 518 ἐπὶ
1366 472 1479 526 ταῖς
1513 464 1688 538 ἐτέρων

141 557 490 622 κακοπαθείαις,
530 560 616 605 καὶ
644 554 914 606 συνελόντα
944 555 1122 619 εἰπεῖν,
1175 558 1223 606 οἰ
1257 555 1516 615 κλαίοντες
1555 555 1690 604 κατὰ

140 649 266 711 Θεὸν,
295 646 340 696 οῖ
359 642 634 714 γελάσουσι
658 645 794 695 κατὰ
815 648 900 694 τὸν
921 644 1167 714 μέλλοντα
1195 644 1375 708 αἰῶνα,
1399 647 1686 704 τουτέστιν,

139 735 537 808 ευφράνθήσονται
558 732 1196 805 πνευματικῶς.Σύμϐολον
1221 735 1321 804 γὰρ
1345 733 1685 805 εὐφροσύνης,

141 827 163 875 ὁ
181 823 338 894 γελως.

196 912 428 983 Μακάριοι
449 940 511 950 —
538 907 827 984 ἀνθρώπου.
856 917 1018 964 Ὅταν
1049 914 1112 964 τὰ
1131 910 1372 984 ἐὶρημένα
1391 915 1686 969 ποιήσωσιν

140 1001 254 1072 ὑμῖν,
281 1005 344 1072 μὴ
371 995 458 1052 διά
493 1019 607 1052 τινα
636 1005 821 1052 κακίαν
848 1001 1010 1073 ὑμῶν,
1066 998 1172 1052 ἀλλ’
1213 1002 1370 1054 ἕνεκεν
1417 1003 1560 1073 ἐμοῦ,
1595 997 1629 1053 δ
1635 1003 1687 1052 ιὰ

141 1093 188 1140 τὸ
221 1086 328 1141 εἶναι
351 1090 474 1160 ὑμᾶς
505 1091 678 1161 ἐμούς.

206 1270 376 1340 Χάρητι
427 1297 492 1309 -
550 1267 770 1340 οὐρανῷ.
817 1268 1230 1340 Ἀγαλλιοίσθητε
1289 1271 1398 1339 (26)
1455 1289 1686 1338 πνευμα-

151 1363 286 1416 τικῶς.

193 1447 312 1495 Κατὰ
338 1476 396 1485 -
425 1444 613 1497 αὐτῶν.
647 1445 798 1500 Κατὰ
817 1447 883 1497 τὰ
909 1447 1151 1520 ῥηθέντα,
1177 1451 1437 1509 τουτέστι,
1469 1455 1683 1518 μισοῦν-

139 1551 203 1592 τες
227 1538 300 1585 καὶ
321 1532 658 1607 ἁφοριζοντες,
703 1538 839 1597 ἤτοι,
897 1536 1210 1607 χωρίζοντες
1236 1536 1448 1599 ἑαυτῶν,
1491 1542 1579 1588 καὶ
1618 1540 1682 1588 τὰ

135 1622 242 1683 ἑξῆς.
278 1626 334 1675 Οἱ
359 1627 562 1698 πατέρες
592 1620 652 1676 δέ
673 1624 862 1693 αὐτῶν,
900 1621 1108 1684 δηλαδὴ
1134 1633 1231 1678 τῶν
1257 1625 1537 1697 μελλόντων
1561 1628 1679 1698 ύμῖν

133 1718 266 1762 ταῦτα
289 1719 494 1770 ποιῆσαι
522 1709 815 1768 Ἰουδαίων.

187 1889 304 1948 Πλὴν
331 1923 392 1933 -
420 1893 582 1964 ὑμῶν.
631 1897 944 1967 Μακαρίσας
971 1897 1087 1954 τούς
1118 1898 1386 1965 πτωχούς,
1439 1901 1528 1948 καὶ
1565 1900 1679 1956 τοὺς

130 1987 384 2047 πεινῶντας,
415 1988 501 2034 καὶ
532 1987 652 2043 τοὺς
683 1982 970 2051 κλαίοντας,
1018 1989 1106 2036 καὶ
1138 1989 1257 2045 τους
1309 1990 1677 2056 μισουμένους,

127 2072 196 2119 καὶ
239 2067 647 2143 ἀφοριξομένους,
704 2077 792 2123 καὶ
848 2068 1260 2143 ὀνειδιζομένους
1289 2079 1376 2125 καὶ
1410 2070 1677 2145 λοιδορου-

127 2160 276 2226 μένους
303 2155 371 2209 δι’
404 2161 578 2224 αὐτὸν,
617 2160 794 2213 λοιπὸν
824 2161 1088 2222 ταλανιζει
1114 2167 1236 2223 τους
1267 2162 1504 2223 ἐναντίως
1532 2164 1680 2233 ἔχον-

125 2264 211 2312 τας,
255 2249 329 2298 ἶνα
382 2245 472 2300 διὰ
528 2254 624 2321 μὲν
663 2257 753 2301 τοῦ
814 2259 1151 2323 μακαρισμοῦ
1216 2251 1482 2325 προτρέψη
1551 2253 1681 2321 πρὸς

125 2332 277 2402 ἐκεῖνοι,
321 2333 408 2388 διὰ
461 2335 519 2391 δὲ
591 2347 684 2390 τοῦ
735 2338 1056 2412 ταλανισμοῦ
1113 2339 1381 2413 ἁποτρέῲη
1454 2339 1507 2391 ἐκ
1565 2340 1678 2409 (27)

123 2427 282 2476 τούτων
326 2426 647 2490 ’πλουσίους
703 2423 762 2480 δε
819 2429 931 2497 (28)
976 2436 1062 2480 νύν
1114 2429 1268 2500 λέγει,
1320 2433 1437 2490 τούς
1491 2427 1675 2500 ἀμετα-

127 2508 300 2576 ὅοτους,
359 2521 472 2576 τούς
521 2523 938 2589 πιεοστετηκοτας
975 2527 1044 2587 τῷ
1083 2517 1308 2587 πλούτῳ.
1344 2522 1465 2579 τούς
1508 2527 1680 2580 κακῶς

122 2601 447 2666 πλουτοῦντας,
514 2607 767 2676 ’Δπέχετε
855 2602 933 2671 δι,
1005 2604 1117 2658 ἀντὶ
1183 2614 1294 2670 τοι),
1351 2606 1678 2659 Ἀπέντεῡθεν

122 2691 253 2759 ἔχετε.

176 2779 290 2834 0ύαὶ
314 2812 375 2823 -
405 2785 773 2838 πεινάσετε.οἰ
797 2788 1319 2858 κεκορεσμένοι,κατὰ
1340 2789 1426 2837 τὸν
1447 2791 1680 2858 παρόντα

124 2865 234 2936 βίον,
257 2872 330 2921 ὅτι
353 2874 646 2940 πεινάσετε,
674 2875 810 2926 κατὰ
853 2879 938 2926 τόν
988 2873 1255 2946 μέλλοντα,
1286 2871 1552 2947 μηδεμιᾶς
1578 2873 1678 2926 ἐκεῖ

118 2965 401 3031 παρηγορίας
431 2959 800 3024 ἀπολαύοντες.

172 3046 372 3100 Ούαὶ-
402 3049 675 3103 κλαύσετε.
711 3052 778 3103 Οἱ
805 3050 1042 3122 γελῶντες
1089 3058 1177 3103 νυν
1232 3049 1552 3117 ἀκολάστως,
1598 3053 1678 3104 ὅτι

117 3132 324 3188 κλαύσετε
354 3142 486 3198 τότε,
517 3137 877 3210 κολαζόμενοι.
929 3142 1224 3206 Ἐπίτασις,
1255 3137 1312 3193 δε
1341 3148 1432 3193 τοῦ
1463 3142 1677 3202 πένθους

116 3223 401 3298 ὁκλαυθμός,
429 3227 498 3280 Ἦ
524 3231 708 3290 πένθος
728 3231 879 3300 μὲν,ὁ
905 3230 1272 3301 καθ’ἠσυχίαν
1301 3233 1500 3304 θρῆνος·
1525 3229 1677 3282 κλαυ-

118 3313 219 3382 Qui;
244 3311 315 3380 ἴε,
347 3317 370 3367 ὁ
400 3315 742 3379 ἐξάκουστος.

168 3404 283 3455 0ύαὶ
310 3436 372 3446 -
394 3408 685 3477 ἄνθρωποι.
719 3410 922 3469 Κακοὺς
953 3411 1120 3469 ὄντας.
1151 3407 1286 3460 Ούαι
1317 3411 1456 3480 ύμῖν,
1492 3415 1670 3480 φησιν,

115 3490 206 3540 ὅταν
253 3493 626 3566 εύφημήσωσιν
683 3496 833 3567 ὑμᾶς,
875 3498 943 3556 ὡς
999 3495 1310 3570 ἀρέσκοντας
1364 3497 1535 3558 αὐτοῖς
1587 3503 1675 3551 καὶ

112 3578 158 3628 ού
217 3589 280 3650 τῷ
359 3591 493 3654 Θεῷ.
573 3582 775 3658 Ὠσπερ
865 3588 964 3658 γὰρ
1049 3589 1304 3660 μακάριος
1367 3587 1392 3638 ὁ
1477 3583 1674 3649 ἀδίκως

113 3666 404 3742 ὑϐριζόμενος
437 3691 449 3702 ’
481 3673 624 3726 οὕτω
653 3673 805 3725 πάλιν
833 3674 1012 3737 οἱθλιος
1046 3676 1071 3726 ὁ
1112 3671 1312 3737 ἀδίκως
1355 3675 1675 3748 εὐφημούμε-

113 3775 195 3819 νος,

169 3851 292 3901 Κατὰ
316 3881 382 3892 -
406 3852 602 3907 αὐτῶν.
642 3855 787 3906 Κατὰ
803 3861 987 3918 ταῦτα,
1022 3857 1206 3917 εἶτουν,
1231 3856 1496 3918 ὡσαύτως,
1517 3855 1674 3926 εύφη-

110 3942 294 4002 μοῦντας
319 3940 523 4007 αὐτοὺς,
555 3944 626 4003 ὡς
661 3945 786 4016 πρὸς
823 3941 1092 4016 ἀρέσκειαν
1129 3943 1296 3995 αὐτῶν
1325 3947 1673 4018 προφητεύον-

111 4041 190 4084 τες,

167 4114 283 4171 Ἀλλ’
313 4149 375 4161 -
398 4119 707 4174 ἁκούουσιν.
740 4127 860 4183 Τοῖς
892 4123 1212 4194 πειθομένοις
1241 4142 1350 4194 μοι.

163 4291 401 4362 ’Δγαπᾶτε
437 4329 504 4337 —
538 4300 706 4369 ὑμῶν.
734 4297 860 4351 Εἶπε
912 4307 1064 4351 τοῦτο
1118 4305 1206 4350 καὶ
1260 4298 1308 4350 ἐν
1356 4308 1426 4369 τῷ
1460 4303 1672 4371 πέμπτῳ

1800 475 2057 534 cunque.
2091 465 2206 522 Sed
2238 468 2328 524 vel
2352 483 2460 541 pro
2490 470 2613 525 suis
2643 469 2900 541 peccatis
2931 469 3021 523 vel
3054 484 3162 541 pro
3193 467 3447 524 aliorum

1801 546 2221 610 afﬂictionibus
2251 572 2263 609 :
2298 563 2374 624 et,
2425 563 2490 613 ut
2554 573 2677 615 uno
2727 556 3038 613 absolvam
3089 557 3294 619 verbo,
3345 556 3451 628 qui

1798 640 2130 698 secundum
2159 642 2346 700 Deum
2370 646 2530 702 ﬂent.
2559 646 2626 702 Hi
2651 651 2850 702 autem
2870 646 2929 702 in
2954 645 3151 700 futuro
3172 645 3452 701 ridebunt

1799 727 2037 794 saeculo,
2078 730 2193 788 hoc
2237 739 2346 803 est,
2397 735 2777 806 Spiritualiter
2825 734 3213 804 gaudebunt;
3248 733 3451 804 gaudii

1797 817 1958 874 enim
1985 821 2223 892 signum
2256 828 2345 880 est
2373 825 2552 880 risus.

1866 907 2030 964 Vers.
2057 914 2146 967 23.
2178 913 2352 970 Beati
2378 944 2447 956 —
2477 913 2752 970 hominis.
2788 913 2938 969 Cum
2967 912 3250 984 praedicta
3277 910 3450 968 vobis

1795 994 2059 1067 fecerint,
2109 1015 2232 1057 non
2275 1007 2520 1075 propter
2567 1003 2812 1075 aliquod
2863 1002 3117 1064 malum,
3174 1001 3333 1072 quod
3386 1000 3448 1056 in

1798 1085 1970 1142 vobis
2026 1087 2118 1156 sit,
2169 1090 2274 1147 sed
2320 1095 2563 1164 propter
2590 1107 2709 1157 me,
2750 1095 2808 1148 et
2855 1091 2998 1163 quia
3037 1105 3145 1147 vos
3202 1088 3320 1145 mei
3364 1104 3451 1144 es.

1797 1173 1890 1230 tis.

1867 1264 2024 1321 Vers.
2081 1270 2168 1325 23.
2223 1268 2478 1327 Gaudete
2522 1299 2592 1312 -—
2643 1271 2798 1326 calo.
2847 1268 3114 1325 Gaudete
3183 1267 3445 1340 spiritua-

1792 1352 1940 1410 liter.

1864 1443 2030 1500 Vers.
2069 1449 2160 1504 23.
2194 1447 2532 1506 Secundum
2574 1479 2642 1489 —
2691 1463 2913 1504 eorum.
2974 1445 3347 1518 Secundum.
3378 1460 3450 1503 ea

1791 1548 1917 1606 qua:
1946 1532 2108 1591 dicta
2144 1540 2301 1604 sunt,
2333 1541 2479 1609 puta
2507 1537 2649 1594 odio
2678 1537 2984 1601 habentes,
3010 1539 3066 1592 et
3105 1539 3448 1607 separantes

1792 1626 1914 1679 sive
1944 1630 2324 1694 segregantes
2352 1642 2480 1682 sese
2510 1627 2588 1684 ab
2627 1626 2761 1694 illis,
2811 1631 2868 1683 et
2897 1630 3131 1690 cietera,
3167 1640 3301 1696 quae
3355 1639 3448 1679 se-

1712 1722 1756 1777 B
1788 1717 2065 1784 quuntur.
2115 1714 2320 1771 Patres
2359 1719 2556 1772 autem
2600 1731 2829 1782 eorum,
2879 1719 3024 1787 puta
3078 1713 3445 1778 Judaaorum.

1787 1801 1891 1874 qui
1921 1801 2095 1860 vobis
2125 1803 2254 1860 haec
2280 1805 2492 1862 facturi
2523 1809 2681 1862 sunt.

1859 1890 2114 1948 νει-824.
2149 1892 2910 1952 Verumtamen—vestram.
2951 1892 3272 1964 Postquam
3297 1891 3446 1947 bea-

1789 1979 2027 2037 tiﬁcavit
2054 1997 2350 2054 pauperes
2377 1989 2434 2038 et
2461 1984 2790 2040 esurientes
2817 1998 2889 2040 ac
2914 1982 3146 2045 ﬂentes,
3201 1985 3257 2036 et
3304 1979 3444 2036 odio

1787 2068 2023 2126 habitos
2049 2086 2120 2126 ac
2142 2076 2504 2142 segregatos,
2537 2070 3000 2144 opprobriisque
3029 2085 3097 2125 ac
3160 2068 3444 2124 conviciis

1789 2163 2033 2231 propter
2085 2175 2149 2216 se
2189 2159 2460 2228 affectos,
2514 2160 2792 2233 deplorat
2843 2160 3126 2230 deinceps
3180 2173 3282 2214 eos
3338 2156 3445 2230 qui

1789 2247 2086 2304 contrario
2123 2249 2306 2304 modo
2337 2264 2399 2305 se
2427 2249 2670 2321 habent,
2706 2254 2772 2305 ut
2799 2264 2906 2321 per
2947 2246 3444 2304 beatiﬁcationem

1789 2336 1868 2393 ad
1892 2335 1994 2393 illa
2022 2336 2390 2404 adhortatur,
2426 2354 2532 2410 per
2558 2338 3032 2410 deplorationem
3062 2335 3294 2410 veroab
3349 2335 3444 2390 his

1785 2430 2034 2482 avertat.
2063 2426 2278 2483 Divites
2307 2433 2504 2484 autem
2545 2428 2686 2484 dicit
2719 2443 2882 2484 nunc
2935 2442 3172 2492 avaros,
3229 2423 3444 2480 divitiis

1788 2515 2244 2582 intabescentes,
2278 2517 2556 2590 maleque
2577 2517 2973 2574 tabescentes.
3033 2516 3287 2586 Ἀπέχετι
3338 2529 3442 2571 au-

1789 2609 1928 2670 tem,
1963 2603 2335 2674 Habetis,sive
2364 2607 2633 2676 Aufertis
2663 2610 2856 2672 sonat;
2879 2603 2976 2660 vel
3005 2605 3080 2660 ab
3136 2604 3253 2659 hoc
3297 2607 3442 2660 tem-

1787 2708 1951 2765 pore,
1986 2693 2110 2750 sive
2133 2694 2212 2751 ab
2236 2694 2384 2766 ipsis
2415 2694 2634 2750 divitiis
2661 2693 2944 2764 accipitis.

1857 2783 2023 2839 Vers.
2078 2787 2182 2856 25.
2223 2785 2319 2842 Vcs
2355 2815 2424 2826 —
2457 2782 2738 2849 esurietis,
2767 2783 2875 2848 Qui
2903 2781 3150 2839 saturati
3207 2781 3347 2838 estis
3380 2780 3442 2836 in

1786 2873 2062 2945 prasenti
2098 2873 2237 2941 vita,
2291 2876 2438 2947 quia
2482 2873 2752 2930 esurietis
2807 2872 2870 2929 in
2923 2871 3139 2935 futura,
3197 2885 3273 2928 ne
3320 2884 3444 2928 una

1785 2961 2036 3034 quidam
2061 2962 2469 3020 consolatione
2513 2963 2797 3019 fruentes.

1710 3075 1750 3132 ο
1857 3052 2019 3109 Vers.
2048 3053 2136 3109 25.
2178 3053 2273 3109 Vas
2299 3083 2370 3094 —
2391 3053 2630 3123 ﬂebitis.
2663 3051 2772 3117 Qui
2806 3050 3012 3107 ridetis
3040 3065 3202 3106 nunc
3229 3049 3443 3106 immo-

1785 3143 2005 3211 derate,
2033 3142 2176 3216 quia
2188 3141 2686 3199 ﬂebitis.lntentio
2711 3146 2911 3198 autem
2937 3139 3126 3213 ipsius
3141 3140 3332 3196 luctus
3355 3145 3444 3195 est

1785 3233 1978 3297 ﬂetus,
2011 3236 2114 3288 aut
2131 3231 2327 3289 luctus
2353 3237 2441 3289 est
2465 3231 2643 3289 tacita
2669 3230 3036 3299 lamentatio,
3085 3229 3260 3296 ﬂetus
3298 3243 3441 3286 vero

1784 3339 1855 3382 ea
1883 3339 2014 3397 quas
2037 3322 2300 3380 auditur.

1856 3412 2020 3470 Vers.
2049 3414 2140 3466 26.
2184 3410 2278 3467 Vas
2307 3440 2376 3452 —
2419 3410 2693 3468 homines.
2737 3412 2886 3467 Cum
2935 3407 3080 3466 mali
3123 3405 3250 3464 sitis
3293 3422 3307 3463 ι
3341 3405 3441 3462 Vas

1784 3500 1976 3565 vobis,
2002 3501 2215 3573 inquit,
2247 3515 2386 3556 cum
2425 3499 2800 3556 laudaverint
2837 3513 2964 3565 vos,
3010 3501 3298 3570 tanquam
3325 3495 3440 3553 illis

1785 3591 2082 3663 placentes
2106 3595 2164 3646 et
2191 3604 2312 3646 non
2364 3591 2508 3647 Deo.
2540 3589 2702 3645 Sicut
2745 3587 2909 3645 enim
2947 3586 3164 3644 beatus
3198 3589 3308 3652 est,
3335 3585 3442 3657 qui

1785 3680 2007 3752 injuste
2037 3678 2414 3736 contumeliis
2449 3677 2721 3746 aﬂicitur,
2745 3678 2827 3736 ita
2855 3693 3097 3735 rursum
3125 3675 3306 3732 miser
3329 3677 3438 3740 est,

1784 3770 1885 3844 qui
1908 3770 2124 3842 injuste
2151 3767 2456 3826 laudatur.

1855 3859 2017 3915 Vers.
2046 3859 2138 3914 26.
2181 3857 2513 3914 Secundum
2541 3872 2856 3915 —eorum.
2895 3855 3239 3914 Secundum
3287 3853 3438 3919 hinc,

1784 3947 2055 4006 videlicet
2083 3947 2292 4004 eodem
2320 3947 2498 4003 modo
2523 3946 2839 4003 laudantes
2869 3987 2885 4012 ,
2913 3950 3208 4018 tanquam
3235 3943 3314 4001 ad
3341 3941 3441 4000 be-

1783 4037 2152 4108 neplaciturn
2189 4051 2359 4091 suum
2392 4035 2846 4107 prophetantes.

1855 4125 2029 4182 Vers.
2063 4128 2157 4180 27.
2193 4124 2394 4181 Sed—
2415 4124 2650 4181 auditis.
2685 4123 2792 4189 Qui
2835 4121 2986 4179 mihi
3030 4121 3331 4180 assentitis
3385 4124 3441 4177 et

1783 4213 2131 4272 obedientes
2160 4213 2328 4269 estis.

1854 4303 2021 4361 Vers.
2057 4307 2121 4357 27
2153 4302 2392 4371 Diligite
2418 4332 2487 4342 —
2530 4303 2768 4357 vestros.
2826 4299 2979 4356 Dixit
3033 4299 3148 4354 hoc
3199 4309 3440 4369 quoque

108 4383 324 4454 κεφαλαίῳ
353 4395 444 4438 τοῦ
465 4390 607 4439 κατὰ
631 4389 918 4451 Ματθαῐον,
943 4390 1063 4440 ἔνθα
1091 4396 1258 4440 κεῖται
1284 4393 1362 4440 τό·
1384 4393 1674 4443 Ἠκούσατε

1852 4392 1976 4464 .pite
2005 4391 2214 4465 quinto
2245 4388 2545 4460 Evangelii
2568 4389 2900 4445 secundum
2941 4387 3300 4450 Matthasum,
3338 4385 3439 4441 ubi

110 4468 168 4518 ὁτι
192 4469 350 4544 ὶρῥίϐη
382 4492 394 4506 ⁸
432 4476 759 4548 Ἀγαπήσεις
791 4480 876 4528 τὸν
906 4477 1126 4535 πλησίον
1157 4497 1272 4543 σου,
1306 4483 1394 4530 καὶ
1425 4483 1673 4550 μισήσεις

107 4561 174 4608 τὸν
199 4559 373 4633 ἐχθρόν
413 4584 532 4618 σου.

166 4649 322 4712 Καλῶς
383 4661 581 4707 ποιεῖτε
637 4683 704 4694 -
780 4655 935 4727 ὑμᾶς.
1016 4660 1116 4708 Καὶ
1185 4653 1289 4708 ἐκεῖ
1374 4664 1540 4709 ταῦτα
1609 4660 1672 4710 εῖ-

110 4753 225 4802 Pin.

162 4831 230 4896 Τῷ
267 4833 510 4884 τύπτοντι
567 4861 637 4873 —-
692 4830 951 4905 κωλύσῃς.
1025 4832 1105 4886 Ἐν
1162 4831 1332 4903 ἐκείνῳ
1393 4842 1465 4905 τῷ
1523 4855 1673 4908 κεφα-

108 4910 208 4985 ἳναίῳ
256 4918 482 4978 ζήτησον
533 4925 626 4972 καὶ
682 4924 774 4978 τὴν
832 4923 1026 4972 τούτων
1095 4919 1360 4992 ἐξήγησιν,
1407 4928 1506 4996 πρὸ
1573 4933 1670 4976 τῶν

109 5011 365 5075 ειρομενων,
423 5011 549 5061 ἔνθα
591 5017 758 5061 κεῖται
814 5014 871 5061 τό
924 5027 935 5040 ⁸
983 5010 1270 5063 Ἠκούσατε
1315 5013 1390 5063 ὅτι
1441 5011 1618 5086 ἐρρέθη
1656 5056 1667 5067 .

110 5088 361 5168 Ὀφθαλμὸν
436 5097 554 5151 ἀντὶ
627 5097 911 5171 ὀφθαλμοῦ,
980 5103 1068 5152 καὶ
1134 5095 1325 5152 ὀδόντα
1366 5099 1479 5154 ἀντὶ
1525 5099 1670 5155 ὁδον·-

109 5197 190 5241 τος.

164 5280 203 5314 "
228 5281 416 5342 Matth.
445 5301 500 5350 v,
532 5287 624 5342 43.
703 5287 747 5324 ³¹
776 5285 918 5343 ibid.
953 5287 1042 5343 38.

1783 4481 2040 4538 habetur
2067 4499 2083 4535 :
2109 4479 2390 4544 Audistis,
2413 4479 2561 4551 quod
2589 4479 2808 4534 dictum
2849 4477 2948 4541 sit,
2980 4475 3196 4545 Diliges
3229 4475 3435 4532 Proxi-

1785 4586 1944 4626 mum
1975 4575 2164 4636 tuum,
2189 4575 2245 4625 et
2266 4568 2396 4625 odio
2428 4568 2662 4625 habebis
2698 4566 3000 4623 inimicum
3033 4571 3198 4622 tuum
3239 4566 3312 4621 ³ο.

1855 4660 2023 4717 Vers.
2063 4662 2156 4716 27.
2196 4658 2534 4728 Benefacite
2552 4687 2621 4698 —
2647 4655 2821 4713 Vers.
2842 4659 2937 4714 28.
2967 4670 3090 4713 vos.
3115 4656 3242 4711 Haec
3257 4652 3437 4710 etiam

1785 4747 1860 4806 ibi
1886 4748 2052 4805 dixit.

1858 4839 2022 4893 Vers.
2055 4836 2123 4892 29
2135 4879 2148 4892 .
2171 4835 2528 4893 Percutienti
2543 4865 2612 4877 —
2623 4833 3012 4904 prohibueris.
3052 4833 3116 4890 In
3138 4831 3238 4892 illo
3255 4831 3436 4905 capite

1784 4927 1966 4984 etiam
1998 4925 2218 4981 horum
2245 4939 2446 4998 quaere
2470 4923 2929 4989 enarrationem,
2963 4922 3066 4980 ubi
3110 4925 3248 4981 ante
3288 4936 3438 4992 prm-

1783 5016 1943 5074 dicta
1967 5015 2222 5072 habetur
2255 5015 2572 5081 ;Audistis,
2605 5013 2761 5086 quod
2802 5013 3003 5070 dictum
3032 5012 3144 5070 sit:
3183 5012 3432 5071 Oculum

1780 5120 1891 5174 pro
1919 5104 2102 5170 oculo,
2131 5103 2356 5160 dentem
2375 5117 2490 5172 pro
2515 5102 2690 5158 dente
2719 5103 2792 5157 ³¹.

1269 5384 1496 5455 Varias
1525 5387 1850 5456 lectiones
1883 5397 1949 5455 et
1977 5398 2179 5456 notae.

294 5499 730 5571 Ἀγαλλιάσθητε.
765 5506 824 5556 Α.

165 5568 263 5638 (27)
301 5568 466 5630 Forte
506 5571 628 5627 ἀπὸ.
657 5572 911 5630 Prorsus
951 5571 1167 5630 abesse
1205 5573 1527 5646 poteratiu.

1863 5503 1980 5576 (28)
2003 5509 2064 5558 Δε
2090 5503 2228 5577 λέγει
2249 5511 2364 5562 νῦν,
2401 5510 2457 5560 s.
