3994 6218
538 217 645 274 927
1866 211 2212 272 EUTHYMII
2266 211 2601 272 ZlGABENI
3720 222 3793 278 928

612 345 786 401 Vers.
812 348 905 401 30.
939 343 1113 399 Omni
1140 372 1208 383 —
1229 342 1440 399 tribue.
1472 342 1750 399 Similiter
1771 344 1829 399 et
1851 341 2032 412 hujus
2057 338 2189 396 data

1951 342 2032 407 ius
2057 338 2195 396 data
2224 340 2271 395 Α
2376 349 2537 396 Παντὶ
2563 374 2622 385 -
2653 340 2833 398 δίδου.
2860 342 3079 416 Ὁμοίως
3102 348 3190 396 καὶ
3218 348 3309 402 τὴν
3336 345 3528 396 τούτου.

543 437 630 489 est
655 432 1057 505 interpretatio
1070 472 1082 485 .
3920 464 3921 505 ι

614 520 782 576 Vers.
818 524 904 576 30.
933 520 1008 574 Et
1039 518 1113 575 ab
1144 548 1210 559 —
1242 533 1519 589 reposcos.
1558 520 1677 577 Hoc
1723 518 2038 597 manifeste
2088 530 2191 573 ex-

1771 518 2038 597 ianifeste
2088 530 2192 573 ex-
2377 526 2476 573 Καὶ
2500 520 2599 574 ἀπὸ
2628 553 2691 563 -
2730 521 2962 578 ἀπαίτει.
2988 529 3149 575 Τοῦτο
3178 526 3348 593 σαφές.

543 610 801 681 positum
842 613 952 665 est.

612 698 783 753 Vers.
824 702 915 753 3|.
950 698 1027 754 Et
1059 698 1541 770 quemadmodum
1569 731 1632 740 —
1668 698 2009 755 ita.Rursus
2037 696 2097 752 in
2122 711 2189 752 eo

2376 704 2477 752 Καὶ
2524 702 2695 762 καθὼς
2728 702 2933 772 ὁμοίως.
2972 698 3054 753 Ἐν
3103 700 3275 770 ἐκείνῳ
3319 699 3465 750 πάλιν
3513 707 3577 769 τῷ
3621 699 3807 769 κεφαλαίῳ

543 786 733 857 capite
757 801 959 858 quaere
992 786 1133 843 dicti
1165 786 1320 842 illius
1363 788 1925 859 interpretationem.
1988 785 2120 841 Omn

2304 790 2535 848 ζήτησον
2562 795 2654 849 τὴν
2713 790 2983 863 ἑρμηνείαν
3013 798 3125 846 τοῦ.
3166 792 3338 841 Πάντα
3363 785 3445 841 οὖν
3487 789 3578 840 ὅσα
3602 787 3651 840 ἂν
3688 789 3808 843 657st:

541 889 681 945 ergo
724 891 1080 948 quacunque
1132 877 1329 945 vultis,
1360 883 1424 932 ut
1441 878 1673 947 faciant
1711 877 1869 933 vobis
1912 876 2118 931 homim

2305 879 2386 929 ἵνα
2412 887 2631 931 ποιῶσιν
2672 881 2791 951 ὑμῖν
2840 882 2887 930 οἱ
2936 880 3219 953 ἄνθρωποι,
3252 878 3384 930 οὕτω
3420 882 3505 930 καὶ
3528 879 3655 949 ὑμεῖς
3678 885 3812 930 ποιεῖτε

546 962 670 1020 hac
700 970 752 1020 et
774 980 874 1021 vos
911 966 1091 1035 facile
1119 966 1255 1037 ipsis
1291 969 1358 1019 ”.

921 966 1091 1026 facile
1119 966 1255 1037 ipsis
1291 969 1358 1019 ”.
2303 966 2498 1029 αὐτοῖς.

612 1052 777 1107 Vers.
809 1057 901 1111 32.
934 1055 1014 1109 Et
1053 1055 1107 1109 si
1128 1055 1375 1126 diligitis
1401 1087 1466 1095 —
1492 1056 1781 1126 diligunt.
1840 1054 1924 1111 lbi
1954 1068 2189 1126 quoque

2377 1061 2477 1109 Καὶ
2510 1057 2554 1109 εἰ
2593 1056 2828 1130 ἀγαπᾶτε
2860 1086 2923 1098 -
2947 1056 3245 1129 ἀγαπῶσιν,
3285 1056 3418 1109 Ἐκεῖ
3445 1060 3527 1108 καὶ
3554 1063 3685 1108 τοῦτο
3710 1054 3815 1127 εὐρὴ-

542 1140 657 1196 hoc
687 1142 976 1200 invenies.

855 1142 976 1200 lies.
2307 1164 2432 1208 σεις,

612 1229 780 1287 Vers.
818 1234 883 1287 33
911 1232 985 1287 Et
1022 1232 1075 1287 si
1099 1263 1165 1273 —
1195 1235 1446 1303 faciunt.
1482 1236 1629 1291 Nam
1660 1233 1722 1289 id
1764 1232 2189 1295 retributioest,

2379 1240 2477 1289 Καὶ
2536 1234 2618 1287 ἐὰν
2648 1266 2716 1277 -
2766 1242 3029 1290 ποιοῦσιν.
3074 1233 3298 1306 ’Δμοιϐὴ
3347 1237 3446 1309 γὰρ
3483 1240 3637 1301 τοῦτο,
3663 1236 3735 1283 καὶ
3758 1233 3819 1283 οὐκ

544 1333 666 1374 non
696 1319 1081 1378 beneﬁcium.

1017 1338 1056 1377 n
1071 1366 1081 1378 .
2308 1325 2594 1398 εὐεργεσία.

619 1407 776 1463 Vers.
810 1412 896 1465 34.
926 1410 1009 1465 Et
1044 1410 1097 1465 si
1146 1441 1211 1452 —
1262 1413 1459 1479 paria.
1515 1414 1583 1468 Et
1637 1412 1752 1469 hoc
1810 1411 2196 1468 manifestum

1875 1411 2197 1468 anifestum
2379 1416 2483 1469 Καὶ
2511 1413 2595 1465 ἐὰν
2624 1446 2692 1455 -
2720 1417 2831 1466 ἶσα.
2861 1419 2960 1467 Καὶ
2990 1421 3140 1466 τοῦτο
3172 1409 3452 1486 πρόδηλον.

546 1500 653 1553 est.

618 1512 779 1640 ζει-ει,
804 1590 891 1643 35.
933 1588 1343 1645 Verumtamen
1372 1620 1439 1632 —
1479 1590 1694 1647 multa.
1753 1588 1900 1645 Nihil
1960 1589 2033 1645 ab
2084 1587 2195 1645 illis

2381 1592 2519 1651 Πλὴν
2559 1624 2627 1632 -
2649 1592 2823 1653 πολύς.
2856 1589 3034 1649 Μηδὲν
3066 1590 3153 1642 ἀπ’
3186 1592 3355 1643 αὐτῶν
3386 1590 3655 1649 ελπίςοντες
3679 1586 3822 1639 λαϐεῖν.

546 1681 855 1745 sperantes
886 1694 990 1733 vos
1022 1684 1390 1751 accepturos.
1440 1681 1723 1751 Repetivit
1744 1686 1945 1736 autem
1980 1694 2123 1734 serm

2251 1691 2278 1745 Β
2311 1681 2619 1734 Ἐπανέλαϐε
2652 1679 2712 1734 δὲ
2748 1686 2835 1734 τὸν
2873 1681 3044 1753 λόγον,
3085 1678 3308 1752 βεϐαιῶν
3342 1678 3568 1751 μάλιστα
3594 1683 3674 1735 τὴν
3706 1680 3828 1727 τοις)-

544 1776 694 1829 nem,
724 1765 1081 1822 conﬁrmans
1112 1768 1459 1837 hujusmodi
1514 1774 1897 1839 praeceptum.

1112 1768 1459 1837 hujusmodi
1514 1774 1897 1839 praeceptum.
2310 1790 2404 1827 την
2438 1770 2660 1828 ἐντολήν.

614 1856 657 1924 1-
690 1856 756 1909 Et
780 1855 958 1927 quale
989 1862 1256 1912 mutuum
1282 1864 1390 1921 est,
1426 1873 1462 1914 a
1483 1874 1604 1929 quo
1652 1873 1775 1913 non
1824 1860 2191 1929 exspectatur

2389 1858 2410 1932 [
2444 1865 2543 1913 Καὶ
2574 1868 2717 1912 ποῖον
2748 1859 2862 1929 (29)
2892 1866 3043 1911 τοῦτο
3094 1854 3312 1923 δάνειον,
3452 1864 3543 1917 τῆς
3595 1854 3832 1924 insalubria;

546 1959 680 2012 spes
714 1946 1069 2016 receptionis
1098 1945 1125 2000 ’.ν
1152 1948 1301 2015 Erga
1322 1963 1458 2001 eum
1492 1947 1751 2018 quidem,
1794 1949 1892 2018 qui
1924 1952 2123 2003 mutu:

2312 1948 2454 2010 ἐλπὶς
2506 1949 2565 2001 οὐ
2616 1953 2996 2013 συνέζευκται;
3042 1952 3175 2021 Πρὸς
3244 1950 3333 2019 μὲν
3392 1951 3475 1998 τὸν
3527 1942 3828 2015 δανειζόμενον,

548 2033 782 2104 accipit,
817 2033 1046 2090 donum
1074 2042 1179 2101 est,
1214 2052 1284 2091 eo
1310 2038 1471 2108 quod
1502 2052 1624 2092 non
1657 2038 1727 2093 sit
1752 2053 1886 2108 spes
1921 2041 2125 2108 recept:

2314 2035 2482 2113 δῶρόν
2533 2038 2663 2104 ἔστι,
2726 2035 2821 2091 διὰ
2874 2042 2965 2095 τὴν
3032 2036 3362 2089 ἀνελπιστίαν
3421 2044 3507 2095 τῆς
3554 2031 3826 2102 απολήψῐως’

547 2120 658 2176 nis:
692 2136 834 2192 erga
859 2123 1045 2178 Deum
1078 2138 1217 2178 vero
1246 2128 1524 2179 mutuum
1569 2129 1677 2187 est,
1736 2130 1980 2196 propter
2032 2140 2124 2196 spe

2312 2131 2441 2201 πρὸς
2492 2127 2549 2181 6‘s
2608 2132 2694 2179 τὸν
2763 2131 2911 2188 Θεὸν,
2982 2124 3203 2190 δάνειον,
3266 2122 3359 2178 διὰ
3419 2130 3506 2182 τήν
3561 2121 3723 2174 tiaran
3772 2128 3832 2177 ri;

543 2208 949 2265 retributionis
978 2226 989 2264 :
1040 2210 1152 2279 Qui
1170 2211 1490 2275 miseretur,
1519 2213 1729 2284 inquit,
1778 2213 2079 2283 pauperis,
2115 2263 2120 2283 ,

2312 2213 2611 2276 ἀποδόσεως
2662 2234 2674 2245 ⁸
2704 2216 2762 2269 Ὁ
2803 2215 2946 2268 ἐλεῶν
3011 2218 3134 2289 γὰρ,
3202 2219 3354 2286 φησὶ,
3411 2218 3615 2281 πένητα,
3666 2206 3832 2267 δανείζει

544 2304 810 2363 neratur,
832 2298 949 2355 sive
969 2306 1232 2356 mutuum
1256 2300 1361 2357 dat
1401 2301 1516 2357 Deo
1546 2303 1615 2355 ³³.

875 2298 949 2355 ive
969 2306 1232 2356 mutuum
1256 2300 1361 2357 dat
1401 2301 1516 2357 Deo
1546 2303 1615 2355 ³³.
2312 2312 2452 2373 Θεῷ.

617 2385 784 2442 Vers.
830 2387 917 2443 35.
968 2389 1047 2443 Et
1088 2389 1251 2445 eritis
1300 2420 1369 2430 —
1417 2392 1604 2447 malos
1643 2391 1838 2446 Bonus
1887 2398 1975 2448 est
2028 2393 2194 2448 simul

2383 2396 2485 2448 Καὶ
2581 2395 2759 2446 ἔσεσθε
2835 2425 2903 2433 --
2982 2395 3258 2465 πονηρούς.
3345 2390 3571 2461 Ἀγαθός
3622 2386 3735 2439 ἐστιν
3780 2382 3833 2434 ἔτι

546 2487 689 2545 erga
714 2491 947 2532 omnes.
983 2476 1145 2533 Dicto
1170 2484 1371 2534 autem
1405 2480 1591 2550 capite
1624 2482 1702 2536 ait
1729 2497 1741 2535 :
1774 2481 2123 2549 Utefﬁciam:

2311 2485 2503 2543 πάντας
2560 2484 2709 2553 ὁμοῦ,
2762 2481 2843 2533 Ἐν
2887 2478 2945 2533 δὲ
2992 2489 3063 2551 τῷ
3119 2480 3328 2555 ῥηθέντι
3383 2478 3630 2551 κεφαλαίῳ
3679 2480 3835 2547 φησιν’

543 2563 660 2633 ﬁlii
682 2565 885 2620 Patris
910 2568 1115 2632 vestri,
1149 2570 1254 2638 qui
1284 2568 1347 2623 in
1368 2569 1530 2625 caelis
1552 2576 1655 2635 est,
1675 2570 1815 2641 quia
1839 2572 2016 2627 solem
2030 2588 2120 2626 sui

2306 2570 2480 2632 Ὀπως
2534 2573 2751 2642 γένησθε
2829 2572 2934 2622 υἱοι
2986 2578 3077 2622 τοῦ
3156 2572 3360 2641 Πατρός
3445 2570 3601 2639 ὑμῶν,
3666 2571 3739 2614 τοῦ
3806 2579 3836 2610 n

545 2655 697 2711 oriri
717 2656 869 2723 facit
884 2672 1063 2725 super
1095 2659 1279 2713 malos
1308 2674 1373 2715 ac
1388 2660 1561 2715 bonos
1575 2667 1627 2716 et
1642 2661 2122 2732 pluitsuperjusi

2308 2661 2565 2734 οὐρανοῖς,
2617 2662 2696 2711 ὅτι
2749 2662 2833 2711 τὸν
2885 2658 3025 2717 ἣλιον
3056 2658 3212 2710 αὐτοῦ
3244 2656 3504 2709 ἀνατέλλει
3536 2655 3612 2707 ἐπὶ
3652 2655 3840 2724 πονηροὺς

552 2758 625 2801 ac
656 2742 913 2814 injustas
939 2746 1007 2800 ³⁴.

2308 2755 2397 2801 καὶ
2459 2748 2706 2820 ἀγαθοὺς,
2772 2753 2861 2799 καὶ
2935 2746 3123 2820 βρέχει
3189 2745 3271 2798 ἐπὶ
3342 2742 3576 2804 δικαίους
3635 2748 3708 2793 καὶ
3762 2735 3841 2789 ὰδι·

2310 2857 2451 2899 κους.

618 2922 785 2980 Vers.
844 2925 932 2980 36.
978 2923 1180 2982 Estote
1240 2954 1311 2967 —
1354 2931 1464 2982 est.
1527 2928 1593 2981 Et
1641 2926 1757 2984 hoc
1813 2927 2195 2985 manifestum

1813 2927 2198 2985 manifestum
2381 2929 2589 2980 Γίνεσθε
2621 2958 2685 2966 -
2715 2925 2848 2979 ἐστί.
2876 2924 2983 2979 Καὶ
3012 2932 3167 2977 τοῦτο
3196 2928 3375 2996 σαφές.

548 3010 656 3064 est.

617 3095 758 3151 Vers
811 3098 898 3153 37.
952 3095 1034 3152 Et
1076 3096 1264 3154 nolite
1303 3128 1373 3140 —
1411 3101 1771 3158 remittetur.
1849 3101 2070 3158 Dictum
2114 3106 2194 3158 est

2263 3045 2271 3064 ι

2263 3078 2273 3098 ί
2382 3106 2485 3159 Καὶ
2510 3108 2580 3177 μὴ
2609 3135 2665 3144 -
2701 3101 3115 3161 ἀπολυθήσεσθε.
3147 3101 3478 3175 Εἰρηταικαὶ
3502 3103 3575 3153 τὸ.
3594 3098 3667 3155 Mr}
3684 3098 3840 3168 κρίνετε,

548 3184 751 3250 etiam,
780 3184 981 3242 Nolite
997 3186 1269 3257 judicare
1292 3188 1361 3252 ³⁸,
1404 3190 1684 3260 praedicto
1705 3190 1911 3261 capite.

1568 3190 1684 3246 icto
1705 3190 1911 3261 capite.
2312 3194 2358 3246 έν
2386 3202 2457 3264 τῷ
2483 3197 2835 3268 προειρημένῳ
2866 3190 3142 3262 κεφαλαίῳ.

618 3272 779 3330 Vers.
811 3276 900 3333 38.
934 3281 1080 3333 Date
1107 3306 1169 3319 -
1201 3277 1375 3333 vobis.
1408 3277 1551 3335 Date
1578 3294 1649 3335 ac
1696 3286 1970 3350 praestate
2019 3295 2195 3336 omne

2382 3280 2563 3336 Δίδοτε
2594 3314 2661 3322 -
2692 3283 2834 3354 ὑμῖν.
2880 3277 3064 3334 Δίδοτε
3098 3280 3395 3352 εὐεργεσίαν
3423 3281 3557 3330 κατὰ
3583 3277 3731 3329 πάντα
3766 3276 3845 3343 τρο·

550 3376 737 3434 genus
766 3364 1057 3421 beneﬁcii.

844 3364 1057 3421 neﬁcii.
2310 3392 2420 3427 πον.

621 3452 785 3509 Vers.
819 3457 906 3510 38.
942 3454 1279 3513 Mensuram
1336 3487 1402 3496 —
1458 3464 1740 3514 vestrum.
1803 3458 2198 3529 Metaphorica

2382 3465 2573 3533 Μέτρον
2635 3490 2704 3501 -
2770 3461 2932 3531 ὑμῶν.
2991 3462 3352 3529 Μεταφορικός
3420 3456 3561 3508 ἐστιν
3621 3456 3643 3505 ὁ
3693 3452 3842 3519 λόγος·

550 3540 767 3597 locutio
784 3548 897 3598 est.
940 3544 1139 3600 Solent
1169 3546 1351 3613 enim,
1378 3546 1481 3617 qui
1504 3546 1757 3602 triticum
1775 3548 1929 3603 bene
1950 3547 2127 3602 metiu

2313 3550 2542 3603 Εἰὼθασι
2586 3551 2686 3621 γὰρ
2729 3550 2777 3600 οἱ
2824 3546 2989 3607 καλῶς
3040 3554 3346 3619 μετροῦντες
3395 3549 3483 3597 τὸν
3540 3552 3685 3606 σῖτον,
3726 3540 3845 3591 ἐπιτι-

549 3634 661 3694 tur,
691 3632 1075 3702 superpositis
1128 3636 1319 3690 modio
1370 3636 1672 3699 manibus,
1723 3637 2008 3692 deorsum
2054 3636 2126 3691 ἱΙΙι

2310 3643 2471 3700 θέντες
2514 3646 2585 3708 τῷ
2630 3634 2799 3709 μοδίῳ
2855 3638 2947 3696 τὰς
2999 3643 3197 3709 χεῖρας,
3259 3638 3460 3697 πιέζειν
3515 3633 3655 3684 αὑτὸν
3701 3629 3767 3681 ἐπὶ
3809 3628 3844 3675 τὲ

548 3733 836 3789 premere,
865 3727 1191 3787 concutere,
1226 3730 1288 3779 ut
1317 3724 1660 3791 descendat,
1689 3732 1744 3782 et
1773 3726 2048 3797 adjicere,
2094 3726 2125 3782 d

2307 3733 2468 3791 κάτω,
2523 3733 2611 3780 καὶ
2665 3726 2989 3786 λακτίζοντες
3043 3724 3293 3791 σαλεύειν,
3350 3726 3436 3775 ἱνα
3512 3724 3745 3793 συμπέσῃ,
3785 3718 3846 3764 καὶ

552 3822 660 3862 nec
704 3808 1241 3878 supereﬂ‘undatur.
1277 3814 1543 3870 Reddent
1596 3822 1793 3871 autem
1847 3815 2129 3885 hujusmo

2308 3818 2611 3880 ἐπιϐάλλειν,
2673 3818 2836 3889 ἄχρις
2911 3814 2970 3865 ἂν
3051 3815 3163 3883 (30)
3226 3814 3586 3886 ὑπερεκχυθῇ·
3655 3800 3847 3861 Ἀποδιδο

549 3910 885 3951 mensuram
916 3897 1207 3967 beneﬁcii,
1248 3900 1287 3956 ii
1347 3918 1511 3969 sane,
1562 3903 1663 3976 qui
1718 3902 2006 3960 beneﬁcio
2061 3903 2126 3960 aii

2311 3926 2465 3958 σουσι
2498 3903 2557 3957 δὲ
2610 3909 2668 3956 τὸ
2722 3912 2954 3956 τοιοῦτον
3002 3907 3186 3975 μέτρον
3247 3911 3343 3963 τῆς
3385 3902 3687 3974 εὐεργεσίας,
3719 3902 3845 3951 vim?

551 3984 626 4039 cti
657 3989 811 4040 sunt.
831 3987 947 4042 Deo
973 3988 1131 4043 enim
1182 4006 1290 4060 pro
1320 3991 1463 4063 ipsis
1508 3993 1882 4064 rependente,
1932 3993 2078 4065 ipsis
2108 4010 2128 4050 ι

2308 3996 2373 4045 Οἱ
2427 3994 2836 4067 εὐεργετηθέντες
2881 3995 3110 4053 πάντως.
3168 3998 3270 4043 Τοῦ
3326 3998 3466 4043 Θεοῦ
3492 3994 3589 4063 γὰρ
3630 3978 3848 4039 ἀποδίδον-

551 4074 809 4146 pendere
835 4074 1122 4132 videntur.
1153 4080 1313 4136 Hanc
1352 4096 1495 4136 vero
1521 4081 1635 4138 illis
1662 4082 1928 4149 reddent,
1983 4084 2087 4155 qui

2306 4104 2387 4143 τος
2415 4085 2539 4156 ὑπὲρ
2589 4083 2777 4146 αὐτῶν,
2809 4082 2956 4134 αὐτοὶ
2985 4078 3231 4134 δοκοῦσιν
3288 4076 3627 4132 ἀποδιδόναι.
3670 4068 3849 4128 Ἀποδω·

549 4162 816 4221 beraliter
839 4165 923 4221 eis
952 4173 1210 4224 mutuum
1242 4168 1548 4225 dederunt.

2310 4191 2467 4224 σουσι
2522 4168 2579 4223 δὲ
2637 4180 2808 4236 τοῦτο,
2882 4177 2987 4231 τοῖς
3058 4170 3189 4222 οὕτω
3272 4169 3557 4241 φιλοτίμως
3608 4163 3846 4218 δανείσασιν

2311 4261 2508 4323 αὐτοῖς,

620 4340 782 4401 Vers.
857 4346 945 4401 38.
1014 4344 1301 4403 Eamdem
1376 4347 1553 4403 vobis.
1620 4346 1841 4405 Eadem
1922 4349 2197 4408 beneﬁcii

2271 4405 2276 4439 ’
2378 4357 2460 4419 Τῷ
2490 4352 2590 4424 γὰρ
2624 4349 2762 4418 αὐτῷ
2818 4380 2879 4389 -
2924 4350 3071 4421 ὑμῖν,
3132 4354 3214 4417 Τῷ
3245 4346 3386 4417 αὐτῷ
3446 4351 3614 4419 μέτρῳ
3649 4350 3724 4399 τες
3748 4336 3848 4401 ἀπ’

2421 4444 2427 4448 .
2603 4439 2639 4448 -n
2700 4439 2722 4448 ο
2911 4445 2929 4448 -
3018 4434 3039 4448 ι
3143 4440 3184 4448 ι..
3408 4435 3421 4448 ε
3479 4442 3487 4448 ι
3612 4442 3631 4448 -
3751 4428 3823 4448 δν-.

552 4448 852 4501 mensura,
885 4448 1009 4506 qua
1035 4435 1345 4503 metimini,
1374 4442 1584 4493 mutuo
1650 4437 1789 4493 illud
1844 4438 2049 4495 dantes
2080 4440 2129 4497 ω

2273 4428 2275 4434 ν
2307 4444 2511 4510 γεσίας,
2530 4439 2639 4511 μεθ’
2664 4439 2722 4491 οὗ
2753 4445 2981 4513 μετρεῖτε
3007 4434 3331 4499 δανείζοντες
3357 4435 3524 4493 αὐτὴν
3553 4442 3654 4492 τοῖς
3673 4428 3850 4501 χρῇζον·

551 4524 652 4595 qui
679 4524 965 4593 indigent.

835 4530 965 4591 rent.
2310 4548 2412 4582 σιν.

621 4611 784 4670 Vers.
816 4616 904 4669 39.
937 4616 1175 4672 Dixit—
1205 4616 1423 4672 cadent
1450 4616 1477 4672 ?
1524 4614 1676 4672 Dixit
1720 4616 1899 4674 etiam
1952 4618 2067 4674 hoc
2115 4618 2198 4674 vi-

2380 4615 2505 4671 Εἶπε
2570 4648 2632 4656 -—
2687 4622 2967 4668 πεσοῦνται
2995 4632 3007 4682 ;
3040 4612 3161 4666 Εῖπε
3225 4623 3377 4666 τοῦτο
3418 4619 3509 4665 καὶ
3552 4611 3597 4662 ἐν
3642 4616 3704 4676 τῷ
3751 4621 3849 4656 ταῦ·

554 4700 779 4756 cesimo
823 4708 1031 4759 octavo
1098 4706 1288 4776 capite
1338 4704 1643 4777 Evangelii
1674 4706 2008 4763 secundum
2065 4710 2131 4766 Mt

2309 4716 2414 4777 στῷ
2496 4702 2668 4777 ργδοῳ
2720 4705 2977 4775 κεφαλαίῳ
3039 4711 3129 4755 τοῦ
3208 4706 3347 4754 κατὰ
3422 4703 3698 4763 Marha»,
3764 4692 3850 4742 ἀλαί

555 4787 786 4857 ὼωυω,
815 4790 918 4846 sed
948 4791 1022 4846 de
1054 4793 1379 4863 Pharismis,
1410 4795 1505 4851 hic
1537 4800 1729 4851 autem
1780 4796 1853 4851 de
1915 4798 2132 4854 omnib‘

2309 4802 2424 4869 περὶ
2472 4806 2570 4848 τῶν
2616 4799 2913 4866 Φαρισαίων
2949 4811 2959 4822 ·
2993 4793 3213 4846 ἐνταῦθα
3244 4790 3301 4845 δε
3349 4793 3487 4863 λέγει
3548 4794 3657 4861 περὶ
3702 4786 3850 4838 πάντων

552 4874 697 4931 dixit
748 4876 1109 4949 simpliciter,
1159 4881 1263 4954 qui
1313 4884 1661 4941 obscuratos
1707 4884 1933 4943 habent
1980 4886 2129 4943 anim

2310 4886 2483 4947 ἁπλῶς
2543 4894 2640 4937 τῶν
2704 4883 3083 4955 ἐσκοτισμένων
3138 4886 3227 4955 μὲν
3294 4886 3409 4942 τοὺς
3470 4878 3743 4953 ὀφθαλμονί
3787 4878 3852 4923 τίς

553 4964 783 5030 oculos,
811 4970 868 5021 et
883 4982 987 5024 eos
1013 4968 1227 5027 docere
1248 4977 1560 5036 conantur.
1589 4973 1694 5047 qui
1721 4974 1985 5030 similiter
2005 4973 2130 5032 aﬂ‘ei

2308 4975 2496 5048 ψυχῆς
2545 5013 2557 5025 .
2618 4972 3017 5045 ἐπιχειρούντων
3093 4968 3151 5024 δὲ
3221 4967 3502 5024 διδάσκειν
3556 4972 3665 5027 τοὺς
3710 4966 3849 5034 ὁμοίως

624 5147 671 5185 ⁸³
697 5147 896 5206 Matth.
920 5163 1017 5216 vn,
1044 5150 1130 5206 t2.
1210 5154 1257 5187 ⁸³
1281 5151 1449 5209 Prov.
1484 5168 1563 5221 1x,
1591 5152 1664 5208 l7.
1743 5155 1790 5190 ³⁶
1824 5153 2021 5210 Matth.
2057 5169 2113 5222 v,
2145 5156 2201 5212 ιε

1281 5151 1449 5209 Prov.
1484 5168 1563 5221 1x,
1591 5152 1664 5208 l7.
1743 5155 1790 5190 “
1824 5153 2021 5210 Matth.
2057 5169 2113 5222 v,
2145 5156 2233 5212 45.
2349 5155 2394 5192 ³⁸
2438 5152 2637 5211 Matth.
2668 5166 2769 5220 vu,
2809 5157 2853 5209 t.

1777 5332 2003 5402 Variae
2036 5333 2369 5402 lectiones
2399 5342 2467 5401 et
2499 5341 2697 5400 noue.

592 5524 905 5656 £92,113“
949 5528 1197 5594 uterque
1243 5523 1305 5579 in
1358 5524 1652 5650 margine.
1711 5527 2033 5588 Hentenius
2076 5530 2169 5589 hie

674 5613 705 5653 e
752 5604 815 5654 at
842 5595 1019 5656 paulo
1045 5599 1199 5656 ante.
1235 5600 1369 5656 post
1385 5614 1484 5656 προ
1528 5594 1666 5653 ηλον.

1711 5527 2033 5588 Hentenius
2076 5530 2198 5589 haec
2381 5528 2494 5601 (30)
2524 5526 2932 5602 ’Υπερεκχυνθῆ.
2964 5530 3030 5583 Δ.

1459 5615 1484 5649 ο
1621 5617 1666 5651 ν.

550 5594 815 5656 habebat
842 5595 1019 5670 paulo
1045 5599 1199 5662 ante,
1233 5600 1369 5669 post
1385 5594 1666 5670 πρόδηλον.
