3994 6218
154 289 234 350 929

155 420 291 477 αὐτοῖς
332 417 540 486 ἔχοντας.
602 415 716 486 Χρὴ
782 413 883 486 γὰρ
939 419 1140 486 πρῶτον
1201 411 1506 484 ἀναϐλέψαι,
1561 409 1673 464 εἶτα
1704 417 1751 464 Α

151 504 338 576 ὁδηγεῖν.

207 593 296 646 Οὐκ
348 591 443 643 ἔστι
489 619 552 629 -
605 589 785 642 αὐτοῦ.
841 595 940 642 Καὶ
984 598 1136 642 τοῦτο
1176 589 1329 642 πάλιν
1381 589 1429 641 ἐν
1482 597 1552 659 τῷ
1600 587 1671 640 ἐν-

149 677 465 749 νεακαιδεκάτῳ
531 677 787 749 κεφαλαίῳ
843 686 934 730 τοῦ
1005 681 1139 731 κατὰ
1213 681 1480 732 Ματθαίον
1555 683 1672 750 περὶ

150 772 296 822 ἑαυτοῦ
350 771 547 838 εἴρηκεν,
625 766 843 819 ἐνταῦθα
911 763 990 834 δὲ,
1063 772 1180 840 περὶ
1244 777 1341 819 τῶν
1425 769 1672 839 μαθητῶν

149 863 268 910 τοῦτο
294 876 444 929 φησιν,
480 855 562 918 οὓς
605 851 968 919 διδασκάλους
1025 856 1284 923 ἐποίησεν,
1345 858 1424 908 ἱνα
1483 852 1673 928 μηδεὶς

147 949 277 999 αὐτῶν
328 948 626 1017 κατεπαρθῇ,
702 942 869 998 δοκῶν
949 945 1234 1019 ὑπερϐῆναι
1326 949 1418 1002 τὴν
1491 943 1672 1019 ἀρετὴν

149 1037 296 1088 αὐτῶν.

204 1127 564 1197 Κατηρτισμένος
629 1153 697 1163 -
754 1123 933 1178 αὑτοῦ.
990 1121 1127 1181 Eius
1182 1127 1283 1197 γὰρ
1346 1129 1434 1176 καὶ
1489 1126 1535 1175 ἐν
1602 1130 1674 1194 τῷ

154 1209 372 1270 amem
453 1209 883 1283 ἐννεακαιδεκάτῳ
980 1216 1273 1285 κεφαλαίῳ·

154 1308 219 1353 τὸν
257 1311 312 1372 τῷ
367 1303 586 1374 μαθητῇ,
646 1303 728 1355 ἶνα
809 1305 1044 1374 γένηται,

158 1410 296 1446 αυτου.

1367 1215 1448 1266 ὅτι
1525 1211 1677 1286 ἀρκε-

1126 1305 1194 1363 ὡς
1252 1304 1276 1355 6
1355 1299 1676 1362 διδάσκαλος

206 1475 319 1531 Τίῶ
341 1511 396 1520 -
425 1477 645 1552 ἀδελφοῦ
692 1499 806 1534 σου.
842 1483 1060 1554 Εἴρηται
1092 1488 1255 1533 ταῦτα
1296 1483 1466 1533 πάντα
1507 1487 1596 1534 καί
1626 1483 1675 1533 ἐν

146 1575 200 1635 τῷ
224 1571 398 1640 πέμπτῳ
422 1569 681 1641 κεφαλαίῳ
711 1577 798 1622 τοῦ
831 1572 968 1622 κατὰ
1004 1571 1293 1636 Mareotica,
1325 1575 1415 1622 καὶ
1445 1571 1674 1632 ζήτησον

144 1654 225 1707 ἐκεῖ
244 1661 319 1715 τὴν
342 1660 516 1710 τούτων
556 1657 832 1732 ἐξήγησιν.

195 1833 253 1886 Οὐ
278 1837 361 1909 γάρ
406 1836 513 1889 ἐστι
566 1868 636 1878 -
691 1842 1024 1908 γινώσκεται.
1082 1837 1300 1910 Ὁμοίως
1352 1843 1440 1890 καὶ
1489 1844 1674 1890 ταῦτα.

141 1922 248 1980 Πλὴν
293 1922 380 1976 ἐκεῖ
401 1928 484 1997 μὲν
513 1931 636 1999 περὶ
666 1934 764 1977 τῶν
789 1925 990 1978 πλάνων
1015 1943 1029 1955 ⁸
1084 1925 1305 1996 ἐνταῦθα
1353 1923 1412 1979 δὲ
1460 1931 1577 2000 περί
1625 1945 1678 1978 τε

136 2019 212 2060 τῶν
239 2015 599 2088 κεκαθαρμένων
637 2020 723 2066 καὶ
767 2017 1116 2088 καθαιρόντων
1166 2015 1382 2088 ἑτέρους,
1425 2020 1514 2068 καὶ
1562 2019 1678 2088 περὶ

135 2108 210 2149 τῶν
259 2099 534 2175 ἁκαθεὲρτῶν
601 2109 691 2155 καὶ
753 2105 1018 2178 καθαίρειν
1081 2103 1264 2164 ἄλλους
1332 2109 1674 2178 πειρωμένων.

137 2189 442 2261 Παραϐολικῶς
510 2189 570 2245 δὲ
663 2196 879 2254 τούτους
967 2197 1056 2264 μὲν
1147 2194 1382 2265 ὠνόμασε
1449 2189 1675 2264 δένδρα·

136 2283 326 2348 καρποὺς
349 2277 421 2347 δὲ,
451 2284 540 2342 τὰς
572 2281 782 2354 πράξεις
807 2282 994 2346 αὐτῶν,
1029 2287 1118 2334 καὶ
1143 2289 1384 2354 παραινεῖ
1399 2286 1678 2356 προσέχειν

136 2375 217 2426 ταῖς
263 2369 460 2441 πράξεσι
516 2373 734 2435 τούτων,
787 2373 842 2422 αἲ
891 2371 993 2422 εἰσι
1036 2375 1255 2445 καρπὸς,
1312 2375 1401 2422 καὶ
1447 2375 1519 2443 μὴ
1573 2379 1681 2432 τοῖς

131 2453 281 2524 λόγοις,
307 2459 353 2509 οἵ
379 2464 476 2511 εἰσι
508 2459 692 2532 φύλλα.

185 2545 244 2594 0'3
268 2549 358 2619 γὰρ
403 2579 469 2588 -
514 2548 801 2620 σταφυλήν.
865 2548 940 2600 Οὐ
983 2547 1338 2621 συλλέγουσιν,
1381 2544 1505 2602 οὐδὲ
1551 2568 1680 2618 τρυ-

130 2639 236 2700 γῶσι
272 2644 473 2688 τοιαυτα
527 2640 585 2689 ἐκ
653 2657 900 2690 τοιουτων
947 2639 995 2690 οἰ
1056 2639 1353 2712 ἄνθρωπον
1414 2638 1566 2690 πάλιν
1621 2635 1681 2690 δὲ

132 2719 578 2796 παραδειγματικῶς
640 2724 849 2798 βεϐαιοῖ
912 2730 998 2778 τὸν
1076 2726 1247 2799 λόγον.
1317 2726 1519 2799 Ὠσπερ
1577 2729 1678 2802 γὰρ

127 2817 244 2862 τοῦτο
286 2818 414 2886 παρὰ
469 2819 629 2887 φύσιν
690 2820 778 2866 καὶ
828 2812 1157 2868 ἁνένδεκτον·
1215 2817 1373 2877 οὕτως
1429 2818 1533 2892 ἄρα
1587 2819 1678 2868 κὰ-

127 2917 248 2954 κεινο.

179 2986 226 3038 Ὀ
266 2987 439 3059 ἁγαθός
512 3025 580 3033 —-
642 2994 824 3047 αὐτοῦ.
895 2997 1020 3066 Περὶ
1083 3001 1184 3044 τῶν
1237 2993 1577 3066 εὖλογούντων
1647 2997 1673 3052 ἦ

123 3075 488 3148 κακολογούντων
529 3082 649 3154 (31)
682 3086 802 3144 τοὺς
833 3078 1106 3154 ἀδελφοὺς,
1149 3080 1283 3152 λέγει
1310 3091 1430 3134 νῦν·
1466 3079 1574 3134 εἷπε
1620 3079 1678 3135 δε
1718 3129 1757 3185 C

347 3169 410 3185 .,
512 3169 630 3185 _.
781 3167 987 3185 _..
1241 3170 1326 3185 ..
1481 3179 1498 3185 -
1656 3174 1666 3185 .

124 3172 255 3216 terim
283 3173 364 3220 καὶ
392 3169 440 3220 ἐν
468 3180 540 3242 τῷ
585 3169 808 3240 εἰκοστῷ
841 3167 1062 3244 δευτέρῳ
1111 3170 1368 3243 κεφαλαίῳ
1408 3179 1500 3223 τοῦ
1547 3174 1679 3224 κατὰ

123 3254 362 3323 “attentos,
387 3263 474 3312 καὶ
509 3263 745 3322 ζήτησον
775 3264 891 3331 περὶ
920 3261 1110 3310 τούτων
1133 3258 1255 3313 ἐκεῖ.

175 3347 225 3393 Τί
247 3340 299 3396 δε
321 3377 380 3387 -
415 3346 578 3420 λέγω;
621 3355 761 3406 Ζήτη
773 3367 860 3400 σον
888 3347 936 3399 ἐν
961 3356 1033 3418 τῷ
1060 3352 1275 3420 πέμπτῳ
1305 3348 1559 3421 κεφαλαίῳ
1589 3357 1676 3402 τοῦ

120 3434 224 3482 κατὰ
253 3437 505 3489 Ματθαῐον
534 3444 635 3496 τὴν
667 3437 910 3508 ἐξήγησιν
933 3444 1026 3489 τοῦ
1051 3455 1064 3467 ·
1099 3437 1173 3489 Οὐ
1211 3444 1309 3498 πᾶς
1335 3439 1360 3489 6
1389 3437 1544 3510 λέγων
1564 3458 1675 3511 μοι,

121 3522 260 3590 Κύριε,
313 3527 482 3596 Κύριε,
539 3525 890 3579 εἰσελεύσεται
961 3525 1029 3586 εἰς
1093 3531 1186 3585 τὴν
1251 3525 1523 3600 βασιλείαν
1578 3538 1678 3580 τῶν

119 3606 302 3678 οὐρανῶν
325 3629 335 3640 ·
367 3612 471 3665 ἀλλ’
505 3617 531 3667 6
584 3624 748 3668 ποιῶν
777 3618 835 3668 τό
868 3615 1066 3688 θελημα
1096 3623 1186 3668 τοῦ
1222 3621 1421 3691 Πατρός
1449 3636 1549 3688 μου
1589 3625 1678 3669 τοῦ

118 3694 152 3742 ἐν
173 3697 399 3770 οὐρανοῖς,

172 3791 261 3849 Πᾶς
314 3792 335 3841 6
389 3824 455 3833 —-
521 3798 739 3866 πέτραν.
806 3799 984 3844 Ταῦτα
1037 3795 1207 3867 εἰρηκε
1267 3798 1356 3846 καὶ
1431 3797 1560 3868 πρὸς
1608 3804 1678 3865 τῷ

115 3872 216 3927 τέλει
256 3888 339 3930 τοῦ
395 3886 640 3954 πέμπτου
687 3881 963 3954 κεφαλαίου
1032 3889 1122 3934 τοῦ
1189 3886 1323 3934 κατὰ
1387 3886 1674 3950 Ματθαῐον,

116 3967 180 4012 καὶ
223 3967 464 4038 ἀνάγνωθι
537 3970 587 4022 ἕν
671 3971 811 4041 αὐτῷ
874 3976 966 4028 τὴν
1034 3970 1299 4045 ἑρμηνείαν
1367 3980 1492 4024 τοῦο
1575 3980 1679 4034 Ιιάς

112 4046 197 4116 οὖν,
241 4057 377 4120 ὅστις
436 4058 620 4113 ἀκούει
677 4079 777 4131 μου
850 4063 969 4121 τοὺς
1041 4058 1224 4130 λόγους
1295 4063 1527 4122 τούτους,
1589 4067 1678 4114 καὶ

114 4149 221 4192 ποιεῖ
265 4145 466 4209 αὐτούς.
534 4147 679 4204 Ἀλλ’
729 4146 831 4200 ἐκεῖ
898 4151 988 4220 μὲν
1061 4147 1312 4220 ἓπιτόμως
1373 4149 1486 4221 (32)
1545 4153 1679 4223 εἴρη-

111 4244 206 4276 ταί·
274 4235 346 4286 ὅτι
422 4235 612 4297 Ὀστις
697 4233 1010 4308 ὠκοδομησε
1094 4242 1187 4295 τὴν
1267 4238 1434 4290 οὶκίαν
1518 4238 1678 4290 αὑτοῦ

111 4315 175 4367 ἐπὶ
221 4326 304 4378 τὴν
349 4329 539 4398 πέτραν
568 4345 579 4354 ·
631 4323 854 4378 ἐνταῦθα
901 4321 959 4378 δε
1020 4325 1333 4398 πλατύτερον
1361 4345 1371 4356 ·
1429 4327 1509 4378 ὃτι
1563 4327 1674 4398 (33)

108 4408 179 4466 ’ος
244 4412 429 4484 ῖσκαψε
509 4420 604 4466 καὶ
691 4413 949 4477 ἐϐάθυνεν,
1037 4413 1070 4465 ἆ
1155 4422 1507 4487 προηγοῦνται
1586 4423 1676 4467 τοῦ

109 4493 457 4571 humatur“.
530 4503 871 4575 Εἰλήφθησαν
948 4500 1008 4556 δε
1080 4512 1248 4556 ταῦτα
1321 4507 1446 4578 πρὸς
1515 4508 1676 4576 μόνην
1712 4485 1754 4541 D

108 4582 289 4654 ἔμφασιν
347 4589 595 4666 ἀκριϐοῦς
651 4591 1050 4664 θεμελιὼματος.
1118 4592 1414 4666 Πλημμύρα
1471 4589 1531 4646 δε
1584 4600 1676 4645 τοῦ

108 4685 323 4746 ποταμοῦ,
374 4685 430 4734 τὸ
500 4681 706 4743 πλῆθος
763 4685 852 4734 καὶ
899 4684 928 4741 ἡ
991 4679 1286 4756 σφοδρότης
1349 4691 1448 4735 τῶν
1495 4701 1676 4756 πειρα-

109 4769 241 4828 τριῶν.

157 4849 205 4902 Ὀ
253 4852 307 4908 δε
361 4888 427 4899 -
477 4862 645 4932 μέγα.
705 4864 804 4912 Καὶ
866 4865 1033 4911 ταῦτα
1088 4857 1192 4912 ἐκεῖ
1259 4855 1670 4932 διασεσάφηται.

104 4934 270 5014 Ῥῆγμα
295 4941 370 5010 δὲ,
404 4949 434 5006 ἡ
469 4944 773 5025 διάρῥηξις,
805 4951 834 5008 ἦ
866 4944 1125 5009 διάλυσις.

161 5207 200 5244 ’⁸
225 5207 420 5271 Matth.
443 5230 500 5281 x,
533 5215 628 5273 '25.
695 5213 739 5251 ³⁷
767 5213 966 5273 Matth.
1005 5215 1214 5285 “1,24.
1279 5215 1328 5253 ⁸⁸
1356 5214 1505 5273 ibid.
1537 5217 1627 5273 24.

1299 273 1670 344 COMMENT.
1714 279 1782 340 1N
1826 274 2090 342 LUCAM.
2140 319 2207 326 —
2246 283 2400 343 CAP.
2443 281 2532 342 v1.

3327 289 3433 349 930

1781 422 1920 467 sunt
1951 428 1964 467 :
1999 411 2258 482 primum
2291 414 2451 469 enim
2471 411 2669 469 videre
2689 429 2844 485 Opus
2872 418 2978 481 est,
3013 414 3228 473 deinde
3255 417 3436 474 duca-

1783 504 1910 554 tum
1938 498 2070 555 aliis
2101 505 2398 572 praestare.

1850 585 2015 644 Vers.
2048 589 2134 644 40.
2182 589 2318 645 Νοη
2346 620 2414 630 -
2440 596 2522 646 est
2550 605 2741 645 suum.
2792 591 2856 646 Et
2896 589 3011 646 hoc
3060 607 3300 650 rursum
3331 594 3434 651 de-

1781 675 1940 731 cimo
1982 692 2144 732 nono
2164 677 2336 747 juxta
2368 677 2703 734 Matthmum
2736 679 2928 750 capite
2977 679 3051 735 de
3087 696 3151 735 se
3179 681 3311 752 ipso
3340 682 3436 738 di-

1780 763 1863 818 xit
1891 779 1903 819 :
1927 764 2022 819 hic
2053 771 2248 820 autem
2289 765 2364 820 de
2405 765 2708 838 discipulis
2738 765 2849 821 hoc
2879 767 2978 832 ait,
3011 783 3166 839 quos
3213 784 3438 840 prince-

1781 857 1982 925 ptores
2020 855 2339 919 constituit,
2366 859 2429 910 ut
2458 855 2657 909 nullus
2684 871 2863 926 super
2887 872 2988 912 eos
3010 857 3309 928 efferatur,
3333 875 3436 931 pu-

1782 946 1915 997 tans
1939 942 2287 1014 supergredi
2313 943 2591 999 virtutem
2616 943 2876 1000 illorum.

1855 1117 2020 1173 Vers.
2054 1119 2141 1174 40.
2175 1118 2474 1188 Perfectus
2507 1149 2572 1160 —
2603 1134 2739 1176 suus
2783 1118 2937 1175 Dixit
2966 1120 3126 1176 enim
3155 1119 3439 1194 praedicto

1783 1222 2026 1280 quoque
2057 1207 2293 1263 decimo
2337 1222 2500 1264 nono
2529 1207 2743 1279 capite.
2775 1208 2998 1265 Sufﬁcit
3034 1209 3350 1282 discipulo,
3382 1217 3443 1267 ut

1782 1295 1888 1352 ﬁat
1915 1295 2068 1351 sicut
2088 1295 2376 1366 magister
2405 1312 2548 1351 suus
2581 1296 2650 1353 ³⁵.

1855 1472 2020 1530 Vers.
2053 1477 2141 1530 41.
2176 1473 2331 1542 Quid
2373 1480 2566 1532 autem
2593 1505 2662 1516 —
2693 1474 2854 1531 Vers.
2913 1479 3002 1531 42.
3057 1477 3280 1547 fratris
3330 1479 3442 1535 tui.

1783 1562 1949 1619 Dicta
1979 1568 2118 1619 sunt
2145 1563 2350 1620 omnia
2382 1564 2592 1636 quinto
2613 1563 2786 1634 juxta
2829 1565 3168 1622 Matthaaum
3203 1568 3397 1639 capite
3425 1582 3440 1624 :

1785 1651 1867 1708 ibi
1887 1667 2030 1722 ergo
2059 1668 2260 1724 quaere
2291 1652 2796 1724 explanationem.

1859 1740 2021 1796 Vers.
2053 1741 2140 1796 43.
2169 1741 2300 1798 Non
2339 1747 2423 1798 est
2453 1741 2604 1798 enim
2632 1773 2702 1783 —
2731 1743 2896 1800 Vers.
2931 1746 3019 1799 44.
3051 1747 3437 1817 cognoscitur.

1787 1829 2069 1885 Similiter
2112 1837 2168 1885 et
2216 1831 2364 1886 haec.
2409 1835 2683 1886 Attamen
2738 1831 2818 1886 ibi
2858 1832 2934 1888 de
2980 1833 3438 1891 seductoribus:

1785 1919 1882 1975 hic
1907 1923 2109 1975 autem
2131 1919 2205 1974 de
2231 1919 2326 1975 his
2352 1920 2458 1993 qui
2474 1920 2712 1992 purgati
2740 1923 2880 1976 sunt
2899 1922 3118 1978 etalios
3149 1930 3438 1996 purgant:

1787 2012 1845 2064 et
1901 2009 1974 2064 de
2018 2008 2112 2064 his
2160 2008 2262 2081 qui
2314 2024 2454 2064 cum
2507 2009 2803 2066 immundi
2853 2011 2992 2079 sint,
3037 2011 3184 2068 alios
3241 2018 3442 2069 tamen

1789 2097 2081 2153 mundare
2115 2103 2362 2153 tentant.
2401 2097 2522 2154 Hos
2572 2103 2772 2153 autem
2827 2115 2934 2172 per
2992 2100 3442 2158 similitudinem

1788 2186 2108 2259 appellavit
2146 2186 2388 2242 arbores
2421 2203 2432 2240 :
2469 2186 2694 2242 fructus
2725 2203 2862 2243 vero
2903 2191 3282 2261 operationes
3322 2191 3448 2248 illo-

1787 2291 1944 2331 rum.
1973 2278 2036 2330 Et
2057 2275 2362 2341 admonet,
2399 2281 2460 2331 ut
2496 2277 2572 2332 ad
2605 2275 2823 2332 horum
2863 2280 3234 2350 operationes
3261 2284 3448 2336 atten-

1789 2365 2031 2430 damus,
2059 2381 2196 2438 qua:
2237 2371 2375 2422 sunt
2421 2365 2670 2430 fructus,
2701 2372 2756 2423 et
2797 2382 2914 2423 non
2946 2368 3024 2424 ad
3054 2369 3256 2437 verba,
3307 2385 3446 2442 quae

1790 2459 1929 2511 sunt
1965 2453 2129 2510 folia.

1862 2543 2025 2600 Vers.
2079 2547 2167 2600 44.
2222 2545 2354 2601 Νοη
2404 2545 2557 2602 enim
2605 2575 2674 2587 —
2711 2561 2910 2604 uvam.
2964 2545 3090 2602 Non
3139 2547 3446 2618 colligunt,

1788 2648 1984 2706 neque
2036 2633 2409 2689 vindemiant
2457 2633 2651 2691 taliae
2682 2634 2901 2691 talibus
2954 2635 3247 2692 homines.
3301 2640 3448 2694 Rur-

1789 2738 1923 2777 sum
1964 2726 2165 2778 autem
2217 2722 2492 2794 exemplo
2535 2723 2853 2778 conﬁrmat
2886 2739 3239 2780 sermonem.
3289 2725 3449 2784 Sicut

1789 2812 1946 2866 enim
1978 2811 2090 2866 hoc
2128 2816 2341 2882 praeter
2371 2816 2647 2868 naturam
2697 2817 2786 2868 est
2815 2817 2872 2868 et
2915 2811 3308 2885 impossibile,
3365 2814 3450 2874 ita

1789 2915 1937 2956 sane
1963 2905 2020 2955 et
2045 2899 2213 2965 illud,

1858 2989 2022 3045 Vers.
2054 2989 2144 3043 45.
2190 2990 2484 3045 Bonus—
2505 2995 2630 3061 ejus
2663 2991 2739 3046 De
2769 2990 2884 3056 his,
2928 2990 3031 3063 qui
3081 2990 3449 3050 benedicunt

1789 3077 2268 3135 autmaledicunt
2287 3077 2580 3144 fratribus,
2601 3078 3058 3152 ncncloquitur.
3075 3081 3226 3137 Dixit
3245 3087 3448 3140 autem

1786 3165 1913 3222 haec
1969 3166 2152 3224 etiam
2228 3167 2507 3223 vicesimo
2563 3167 2830 3224 secundo
2884 3169 3075 3241 capite
3143 3171 3448 3242 Evangelii

1779 3257 1953 3326 juxta
1991 3255 2334 3312 Matthmum
2362 3271 2376 3323 ;
2406 3261 2462 3312 et
2481 3255 2560 3312 ibi
2591 3271 2793 3329 quaere
2823 3257 2898 3313 de
2922 3256 3036 3315 his.

1858 3343 2025 3399 Vers.
2085 3345 2174 3400 46.
2232 3343 2388 3411 Quid
2437 3351 2632 3401 autem
2665 3376 2732 3385 —
2765 3345 2896 3401 dico
2921 3345 2953 3398 ‘t
2981 3346 3188 3412 Quaere
3236 3346 3448 3419 quinto

1782 3433 1954 3504 juxta
1979 3433 2319 3490 Matthaeum
2359 3434 2550 3504 capite
2597 3433 2736 3489 dicti
2777 3432 2935 3489 illius
2963 3434 3441 3493 enarrationem:

1785 3523 1920 3578 Non
1950 3523 2140 3577 omnis
2161 3523 2267 3593 qui
2292 3521 2434 3577 dicit
2464 3522 2628 3590 mihi,
2660 3523 2930 3586 Domine,
2955 3522 3215 3589 Domine,
3254 3524 3446 3583 intra-

1789 3612 1870 3666 bit
1895 3612 1956 3666 in
1988 3625 2230 3682 regnum
2261 3612 2558 3676 cartorum,
2601 3610 2704 3666 sed
2744 3612 2851 3682 qui
2887 3612 3040 3681 facit
3079 3614 3447 3672 voluntatem

1785 3700 1992 3757 Patris
2020 3701 2152 3766 mei,
2185 3700 2288 3772 qui
2318 3701 2381 3756 in
2413 3701 2569 3756 caelis
2600 3703 2678 3755 est
2709 3701 2776 3755 ³⁷.

1857 3790 2021 3846 Vers.
2048 3789 2136 3845 47.
2163 3789 2360 3845 Omnis
2383 3818 2449 3830 —
2473 3789 2634 3845 Vers.
2677 3789 2765 3844 48.
2801 3795 3050 3858 petram.
3098 3793 3230 3847 Hec
3273 3790 3445 3848 etiam

1786 3877 2107 3934 dixitcirca
2132 3878 2314 3934 ﬁnem
2337 3878 2529 3951 quinti
2551 3877 2764 3950 capitis
2792 3879 3089 3950 Evangelii
3110 3881 3448 3938 secundum

1787 3968 2122 4024 Mattheeum
2150 3983 2163 4033 ;
2196 3973 2250 4024 et
2277 3969 2336 4022 in
2381 3983 2451 4023 eo
2483 3967 2610 4038 lege
2652 3967 3202 4040 interpretationem
3239 3970 3353 4026 loci
3382 3969 3449 4026 il-

1785 4055 1938 4110 lius:
1966 4055 2166 4110 Omnis
2197 4071 2355 4125 ergo,
2391 4057 2495 4127 qui
2517 4056 2679 4111 audit
2705 4056 2801 4110 hos
2842 4072 3131 4113 sermones
3161 4073 3337 4126 meos,
3395 4065 3448 4115 et

1781 4143 1931 4212 facit
1960 4159 2072 4211 eos,
2099 4143 2444 4200 assimilabo
2479 4159 2604 4200 eum
2647 4145 2775 4200 viro
2802 4145 3077 4214 prudenti
3100 4146 3168 4199 ³⁸.
3216 4147 3330 4202 Sed
3364 4145 3448 4202 ibi

1785 4232 2030 4304 quidem
2061 4231 2487 4304 compendiose
2540 4231 2767 4287 dictum
2809 4237 2896 4287 est
2939 4247 2952 4286 :
2987 4233 3102 4299 Qui
3129 4233 3447 4301 aediﬁcavit

1786 4320 2016 4376 domum
2043 4336 2204 4376 suam
2228 4335 2408 4389 super
2434 4324 2668 4389 petram
2701 4335 2714 4374 :
2740 4319 2835 4375 hic
2857 4323 3060 4376 autem
3086 4319 3264 4376 latius
3289 4338 3302 4375 :
3331 4323 3442 4388 Qui

1791 4411 1933 4466 t‘odit
1953 4411 2017 4465 in
2035 4410 2248 4476 altum,
2273 4409 2439 4482 quod
2472 4408 2550 4466 ad
2569 4407 2920 4480 jaciendum
2954 4408 3444 4476 fundamentum,

1788 4498 2134 4571 praecedens
2164 4503 2252 4554 est
2277 4514 2291 4564 ;
2320 4503 2376 4554 et
2408 4498 2485 4554 ad
2521 4497 2712 4554 solam
2744 4500 3060 4568 acceptum
3091 4501 3179 4553 est
3202 4498 3449 4571 empha-

1790 4589 1885 4646 sin
1931 4587 2247 4660 diligenter
2276 4587 2738 4643 fundamentum
2789 4585 3086 4658 ponentis.
3136 4586 3446 4646 Inundatio

1787 4695 1924 4736 vero
1953 4675 2241 4744 ﬂuminis,
2274 4681 2365 4734 est
2393 4675 2712 4734 multitudo
2737 4691 2808 4732 ac
2853 4676 3227 4734 vehementia
3255 4681 3445 4736 tenta-

1786 4767 2063 4824 tionum..

1854 4858 2024 4913 Vers.
2057 4856 2146 4913 49.
2201 4856 2313 4923 Qui
2348 4861 2544 4912 autem
2575 4885 2645 4895 —
2689 4869 2926 4926 magna.
2955 4854 3146 4912 Etiam
3193 4855 3322 4913 haec
3363 4856 3448 4914 ibi

1783 4947 2164 5006 manifestata
2193 4951 2347 5004 sunt.
2375 4944 2566 5002 Ruina
2593 4959 2759 5009 vero,
2791 4959 2967 5002 casus
2988 4949 3077 5002 est
3103 4961 3174 5003 ac
3193 4946 3452 5005 dissolu-

1784 5037 1890 5096 tio.

1277 5393 1503 5465 Varie
1538 5393 1868 5465 lectiones
1906 5403 1974 5463 et
2013 5402 2223 5462 nota.

155 5585 254 5730 231)
291 5584 358 5644 Ἦ
387 5589 838 5663 κακολογούντων,
872 5591 1073 5651 abest.
1101 5598 1165 5648 Δ.

178 5660 255 5728 32)
289 5661 621 5730 ’Δποτόμωςο
652 5665 728 5722 Δ.

178 5660 255 5728 32)
289 5661 568 5739 ’Δποτόμω
576 5660 621 5727 ξ.
652 5665 728 5722 Δ.

1825 5589 1941 5667 (33)
1963 5592 2086 5644 ὀτι
2113 5587 2257 5651 ὅστις
2293 5584 2509 5662 ἔσκαψε.
2540 5591 2600 5647 Β.
