3994 6218
190 243 268 302 933
1120 239 1495 296 COMMENT.
1547 231 1616 294 ΙΝ
1660 235 1925 294 LUCAM-
1973 269 2041 280 —
2081 237 2239 293 CAP.
2284 232 2412 293 VII.

243 370 364 425 ΚΕΦ.
397 364 466 420 Κ’.
499 367 622 434 Περὶ
651 371 752 416 τῶν
787 363 1177 417 ἀποσταλέντων
1209 369 1350 434 παρὰ
1377 367 1636 418 Ἰωάννου.

243 460 325 513 Καὶ
369 451 667 522 ἀπήγγειλαν
735 484 794 493 —-
854 451 1276 525 προσδοκῶμεν;
1335 458 1552 527 Εἴρηται
1597 459 1712 525 περὶ

186 551 338 598 τούτων
379 539 585 616 ἀκριϐῶς
641 539 690 592 ἕν
741 549 810 611 τῷ
873 542 1092 612 εἰκοστῷ
1143 543 1400 614 κεφαλαίῳ
1448 551 1538 595 τοῦ
1580 546 1714 594 κατά

188 636 418 688 Ματϐαῐον.

240 724 601 796 Παραγενόμενοι
678 749 747 759 -
831 718 879 771 ἐν
945 719 1075 792 ἐμοί.
1157 725 1256 773 Καὶ
1337 727 1450 794 περὶ
1523 723 1714 772 τούτων

185 816 344 863 πάντων
382 809 422 860 ἐν
471 807 638 878 ἐκείνῳ
689 805 1100 881 διασεσάφηται.
1133 811 1408 880 Μάστιγας
1461 805 1538 875 δὲ,
1597 813 1716 871 τοῦς

186 908 327 959 πόνους
365 896 688 954 ὑποληπτέον.
732 897 854 952 Εἰσὶ
883 900 984 972 γὰρ
1037 917 1166 958 τινες
1222 901 1366 950 νόσοι
1410 903 1581 971 χωρὶς
1628 903 1717 950 πό-

182 1011 272 1051 νων,
306 991 362 1048 ὡς
384 989 409 1044 ἡ
431 986 694 1056 τυφλότης.
723 991 811 1038 καὶ
841 989 870 1044 η
905 991 1156 1060 κωφότης,
1190 994 1278 1039 καί
1305 990 1332 1046 ἡ
1373 985 1587 1058 ἀφωνία,
1629 991 1718 1037 καὶ

181 1077 325 1129 πολλαὶ
347 1083 586 1127 τοιαῦται.

243 1253 540 1305 Ἀπελθόντων
581 1283 646 1292 —-
704 1253 941 1306 Ιωάννου.
989 1251 1260 1324 Ἀγγελων,
1291 1261 1390 1304 τῶν
1423 1253 1534 1323 (36)
1568 1252 1718 1324 ἀγγε-

187 1343 276 1394 λίαν
308 1347 550 1417 φερόντων,
583 1350 682 1393 τῶν
711 1349 972 1414 μηνυτῶν.

233 1524 282 1572 Τί
323 1551 381 1559 -
429 1538 546 1573 σου.
579 1517 804 1591 Ὁμοίως
857 1523 946 1571 καὶ
987 1522 1102 1588 περὶ
1148 1521 1342 1570 τούτων
1376 1521 1579 1571 πάντων
1619 1518 1720 1572 ἔχει

179 1606 427 1666 διείληπται
454 1611 590 1660 κατὰ
619 1609 797 1682 ῥητόν,

228 1702 354 1766 Λέγω
386 1729 448 1738 -
485 1696 656 1751 ἐστίν.
691 1701 791 1750 Καὶ
824 1704 991 1748 ταῦτα
1033 1696 1314 1755 καλλίστην
1353 1700 1570 1769 ἔχουσιν
1621 1701 1723 1749 ἐκεῖ

173 1791 245 1842 τήν
270 1784 512 1858 ἐξήγησιν.

223 1875 309 1929 Καὶ
351 1881 443 1937 πᾶς
506 1906 584 1914 -
640 1876 898 1928 Ἰωάννου.
954 1872 1323 1936 Ἐδικαίωσαν,
1386 1879 1550 1927 εἶτουν
1624 1877 1724 1933 ηυ-

167 1967 483 2034 χαρίστησαν,
532 1963 902 2017 ἀποστείλαντὶ
945 1965 1122 2023 αὐτοῖς
1164 1968 1250 2016 τόν
1296 1969 1589 2022 Βαπτιστὴν
1641 1963 1725 2015 ἐπὶ

166 2057 344 2125 προνοίᾳ
367 2061 455 2115 τῆς
485 2059 756 2127 σωτηρίας
782 2053 970 2105 αὐτῶν.
1002 2059 1104 2105 Τοῦ
1136 2061 1370 2126 Χριστοῦ
1401 2054 1513 2124 (37)
1548 2051 1606 2106 δὲ
1636 2057 1726 2104 καὶ

170 2141 291 2202 οὗτος
318 2143 340 2192 ό
367 2141 533 2213 λόγος,
572 2145 747 2216 ὥσπερ
778 2148 868 2194 καὶ
895 2147 950 2194 τὸ
983 2143 1100 2204 ἑξῆς
1127 2144 1304 2217 ῥητόν.

225 2233 278 2280 Oi
329 2227 382 2282 δὲ
427 2238 710 2305 Φαρισαῖοι
755 2263 811 2271 ο
863 2233 950 2284 ὑπ’
983 2231 1162 2284 αὑτοῦ.
1206 2231 1400 2290 Βουλην
1448 2239 1540 2284 τοῦ
1577 2237 1724 2296 Θεοῦ,

166 2323 208 2369 τό
245 2319 498 2390 ϐάπτιτμα
536 2321 694 2393 λέγει,
750 2323 814 2381 ὡς
870 2321 982 2373 κατ’
1029 2320 1230 2379 ἐντολὴν
1274 2330 1365 2373 τοῦ
1412 2329 1545 2374 Θεοῦ
1591 2326 1728 2391 γινό-

166 2426 300 2476 μενον.
356 2411 582 2480 Ἐγένετο
637 2413 762 2485 γὰρ,
827 2415 977 2482 φησὶ,
1026 2411 1170 2485 ῥῆμα
1223 2419 1355 2464 Θεοῦ
1413 2409 1495 2463 ἐπὶ
1553 2410 1730 2463 Ἰωάν-

161 2515 232 2551 νην
285 2501 364 2548 τὸν
439 2503 721 2572 Ζαχαρίου
779 2501 890 2551 υἱόν
954 2497 1002 2550 ἐν
1075 2507 1133 2571 τῇ
1203 2499 1390 2574 ἐρήμῳ,
1443 2505 1532 2552 καὶ
1580 2497 1728 2557 ἦλθεν

165 2584 219 2642 εἰς
251 2591 410 2638 πᾶσαν
461 2593 557 2647 τὴν
611 2592 909 2662 περίχωρον
962 2596 1053 2640 τοῦ
1109 2586 1393 2661 Ἰορδάνου,
1448 2591 1728 2662 κηρύσσων

159 2670 408 2747 βάπτισμα
449 2682 729 2748 μετανοίας
766 2677 832 2737 εἰς
875 2678 1058 2749 ἄφεσιν
1090 2676 1374 2752 ἁμαρτιῶν.
1410 2678 1493 2739 Εἰς
1522 2677 1730 2738 ἑαυτοὺς

160 2757 225 2826 δὲ,
248 2763 351 2815 ἀντὶ
375 2773 488 2831 τοῦ,
531 2765 619 2820 Ἐν
655 2765 876 2827 ἑαυτοῖς.

211 2939 310 2992 Τίνι
348 2943 574 2998 πάντων.
628 2942 713 2995 Ἐν
777 2949 847 3012 τῷ
900 2941 1148 3018 εἰρημένῳ
1205 2942 1422 3013 εἰκοστῷ
1474 2942 1730 3015 κεφαλαίῳ

156 3029 251 3098 περὶ
280 3029 473 3080 πάντων
509 3033 711 3083 τούτων
740 3029 846 3101 (38)
881 3031 1119 3106 εὑρήσεις
1148 3029 1487 3105 λεπτομερῶς.

213 3209 342 3261 ΚΕΦ.
378 3213 487 3263 ΚΑ.
523 3213 657 3280 Περὶ
701 3215 796 3268 τῆς
836 3206 1126 3278 ἆλειψάσης
1150 3211 1233 3260 τόν
1261 3209 1451 3282 Κύριον
1490 3212 1657 3282 μύρῳ.

209 3293 404 3365 Ἦρὼτα
433 3328 505 3337 —
549 3297 739 3351 αὐτοῦ.
776 3295 1053 3349 Κάνταῦθα
1100 3301 1157 3349 τὸ
1191 3298 1415 3371 Ἥρώτα,
1458 3297 1574 3351 ἀντὶ
1619 3307 1731 3368 τοῦ,

155 3382 430 3454 Παρεκάλει.
481 3384 576 3446 Ὠς
602 3391 872 3457 προφήτην
919 3381 977 3438 δὲ
1017 3386 1172 3438 αὐτόν
1202 3385 1368 3439 ίκάλει
1399 3391 1528 3462 πρὸς
1563 3387 1732 3440 ἑστία-

153 3487 241 3524 σιν,

210 3650 298 3698 Καὶ
325 3648 573 3703 εἰσελθὼν
618 3681 685 3690 —
733 3648 993 3708 ἁνεκλίθη.
1025 3651 1100 3703 Οὐ
1150 3657 1490 3727 παρῃτήσατο
1533 3661 1736 3717 τοῦτον,

149 3734 218 3783 ἶνα
241 3742 306 3806 μή
351 3735 428 3808 δέ)
460 3744 754 3812 πρόφασιν,
790 3743 853 3800 ὡς
897 3739 1140 3802 τελώναις
1169 3744 1256 3811 μὲν
1296 3745 1384 3792 καὶ
1414 3741 1738 3816 ἁμαρτωλοῖς

150 3827 428 3878 συνεσθίων·
459 3833 590 3890 τοὺς
624 3834 940 3901 Φαρισαίους
968 3827 1026 3881 δὲ
1053 3825 1487 3902 βδελυσσόμενος.

207 4007 295 4056 Καὶ
329 4002 449 4058 ἰδοῦ
501 4039 570 4048 --
633 4003 885 4081 δάκρυσι.
916 4013 1148 4067 Ζήτησοι
1195 4006 1244 4058 ἐν
1294 4016 1364 4076 τῷ
1408 4011 1539 4060 κατά
1593 4017 1740 4063 Ματ-

146 4090 269 4142 θαίον
322 4101 414 4153 τήν
471 4095 730 4168 ἐξήγησιν
781 4105 872 4149 τοῦ
933 4098 1218 4159 ἑξηκοστοῦ
1282 4093 1524 4173 δευτέρου
1582 4117 1742 4171 κεφα-

144 4176 294 4237 λαίου.
330 4185 474 4242 Αὕτη
504 4183 569 4239 δὲ
620 4189 651 4245 ἡ
686 4195 836 4255 γυνη,
867 4190 931 4237 τὰ
969 4189 1057 4258 μὶν
1108 4184 1302 4238 ἰδοῦσα
1332 4196 1429 4239 τῶν
1469 4189 1742 4260 θαυμάτων

144 4277 220 4319 τοῦ
252 4279 506 4345 Χριστοῦ,
555 4278 628 4326 τὰ
657 4271 716 4326 δὲ
741 4278 986 4344 μαθοῦσα
1024 4278 1165 4348 παρὰ
1191 4285 1288 4326 τὼν
1321 4272 1553 4342 ἰδόντων,
1587 4276 1742 4330 ἐπισ-

144 4373 319 4426 τενσεν,
368 4365 451 4414 ὅτι
505 4369 648 4425 Θεὸς
704 4363 842 4416 ἐστιν
897 4365 922 4415 ό
982 4373 1144 4416 ταῦτα
1209 4365 1602 4438 τελεσιουργῶν.
1655 4369 1742 4418 Διό

141 4452 217 4498 καὶ
260 4457 568 4524 πρόσεισιν,
627 4451 919 4513 ἐλπίζουσα
969 4452 1140 4506 λαϐεῖν
1195 4453 1377 4526 ἄφεσιν
1426 4463 1524 4506 τῶν
1574 4455 1744 4527 ἁμαρ-

143 4545 246 4586 τιῶν
272 4539 400 4598 αῦτῆ
415 4561 457 4602 ς.

197 4724 323 4790 Ὀρα
375 4717 437 4774 δί
463 4727 569 4780 τὴν
616 4719 813 4780 πολλὴν
862 4723 1057 4784 ταύτης
1082 4720 1368 4775 εὐλάϐειαν.
1426 4721 1594 4780 Ἐστη
1643 4726 1745 4800 γὰρ

141 4810 263 4882 παρὰ
302 4811 366 4863 τὰ
406 4812 642 4884 ἔσχατοι
694 4813 823 4883 μέρη
878 4817 970 4863 τοῦ
1021 4817 1255 4884 σώματος
1307 4811 1486 4876 αὐτοῦ,
1546 4815 1615 4874 ὡς
1667 4811 1748 4865 ἐσ-

140 4897 286 4963 χάτη*
315 4904 407 4951 καὶ
438 4899 655 4967 ὀπίσω,
689 4903 758 4962 ὡς
796 4898 1254 4975 ἀπαρρησίαστος.
1315 4903 1415 4953 Καὶ
1453 4899 1621 4953 ἔκλαιε
1658 4904 1748 4975 μὶν

140 4979 221 5036 διὰ
242 4990 327 5050 τὰς
356 4988 644 5062 ἁμαρτίας
676 4989 858 5051 αὐτῆς
888 4988 1072 5062 ἔϐρεχε
1123 4985 1182 5042 δί
1228 4992 1350 5051 τοὺς
1379 4985 1544 5051 πόδας
1589 4991 1748 5044 αὑτοῦ

138 5080 226 5133 τοῖς
251 5072 546 5154 δάκρυσιν,
590 5081 664 5140 ὡς
690 5076 1033 5152 ἔπικεκυφυία
1058 5078 1254 5141 αὐτοῖς.

199 5315 244 5350 ⁸⁸
272 5315 419 5376 Luc.
451 5335 542 5388 ιιι,
577 5316 639 5372 2.

3350 238 3466 296 934

1999 364 2152 419 CAP.
2188 364 2290 421 XX.
2335 364 2408 420 De
2429 362 2738 432 discipulis
2763 363 2950 418 missis
2982 377 3018 419 a
3047 364 3289 422 Joanne.

1891 450 2053 506 Vers.
2094 456 2174 508 18.
2207 453 2281 508 Εε
2304 451 2728 508 nuntiaverunt
2763 483 2831 490 —
2861 451 3024 506 Vers.
3066 456 3146 508 i9.
3179 461 3475 522 exspecta-

1824 540 1998 596 mus?
2032 543 2109 595 De
2139 540 2230 596 his
2283 546 2489 598 exacte
2545 540 2773 597 dictum
2825 544 2914 596 est
2970 540 3250 597 vicesimo
3307 541 3477 612 juxta

1825 628 2163 685 Matthmum
2186 629 2396 701 capite.

1894 719 2058 774 Vers.
2097 721 2186 773 20.
2225 718 2371 774 Cum
2405 719 2695 774 venissent
2721 749 2786 758 —
2813 717 2974 773 Vers.
3007 718 3094 772 23.
3133 718 3246 774 mei
3275 733 3474 776 causa.

1826 809 1902 862 De
1949 807 2042 862 his
2071 822 2310 880 quoque
2363 805 2640 862 omnibus
2675 807 2734 863 in
2776 806 2875 862 illo
2906 807 3092 878 capite
3134 808 3360 862 dictum
3390 811 3479 862 est

1829 893 2156 950 manifeste.
2218 894 2425 965 Plagas
2479 901 2696 958 autem,
2751 897 2866 950 sive
2910 895 3174 965 ﬂagella.
3222 895 3479 965 intellige

1825 983 2086 1039 dolores.
2122 985 2270 1039 Sunt
2302 984 2463 1039 enim
2493 983 2684 1040 morbi
2721 983 2972 1054 quidam
3027 983 3232 1039 dolore
3279 1000 3480 1040 caren-

1827 1077 1913 1128 tes
1948 1070 2164 1136 ;veluti
2197 1077 2328 1126 sunt
2348 1071 2607 1135 caecitas,
2637 1071 2917 1136 surditas,
2955 1075 3189 1126 mutum
3233 1086 3384 1139 esse,
3412 1086 3482 1127 ac

1827 1159 1996 1216 multi
2040 1159 2398 1231 hujusmodi.

1896 1250 2058 1306 Vers.
2089 1250 2178 1304 24.
2217 1249 2478 1320 Cumque
2501 1247 2893 1305 discessissent
2920 1279 2982 1289 —
3007 1246 3259 1304 Joanne.
3294 1247 3484 1305 Dictio

1827 1339 2057 1412 ἀγγέλων
2089 1338 2386 1409 signiﬁcat
2417 1338 2512 1394 hic
2567 1338 3084 1404 internuntiantes,
3124 1336 3245 1393 sive
3278 1339 3485 1395 nuntia

1825 1429 2186 1498 perferentes
2215 1444 2249 1482 a
2286 1427 2515 1483 Joanne
2556 1427 2631 1482 ad
2665 1427 2983 1483 Christum.

1899 1517 2060 1572 Vers.
2111 1519 2199 1571 24.
2243 1515 2396 1581 Quid
2433 1547 2499 1556 —
2531 1516 2692 1571 Vers.
2725 1520 2812 1570 27.
2858 1523 2929 1572 te.
2973 1516 3246 1572 Similiter
3302 1520 3360 1572 et
3409 1515 3483 1572 de

1829 1605 1923 1661 his
1953 1605 2236 1662 omnibus
2268 1605 2347 1660 ad
2379 1607 2622 1660 verbum
2655 1605 2877 1660 dictum
2910 1611 3017 1660 est.

1901 1695 2064 1750 Vers.
2094 1695 2181 1750 28.
2218 1695 2360 1750 Dico
2383 1725 2452 1736 —
2483 1701 2587 1751 est.
2618 1696 2682 1749 Et
2720 1694 2850 1750 haec
2879 1709 3123 1767 quoque
3169 1693 3484 1766 pulchram

1833 1783 2054 1840 ibidem
2087 1784 2292 1840 sortita
2324 1790 2462 1839 sunt
2486 1782 3054 1854 interpretationem.

1905 1873 2066 1929 Vers.
2097 1877 2185 1928 29.
2224 1872 2533 1944 Omnisque
2562 1903 2629 1912 —
2657 1872 2927 1937 Joannis,
2985 1871 3484 1935 Justiﬁcaverunt,

1835 1963 1959 2018 sive
1985 1963 2210 2032 gratias
2235 1961 2284 2017 ei
2309 1965 2572 2032 egerunt,
2610 1964 2712 2034 qui
2738 1961 3065 2031 Baptistam
3090 1961 3200 2017 sibi
3221 1961 3485 2026 miserat,

1833 2051 2155 2125 providens
2206 2051 2469 2122 ipsorum
2526 2049 2721 2104 saluti.
2776 2048 2990 2104 Christi
3038 2057 3240 2106 autem
3297 2053 3354 2104 et
3391 2048 3488 2104 hic

1838 2155 2034 2195 sermo
2065 2142 2170 2200 est,
2196 2136 2347 2193 sicut
2379 2137 2554 2192 etiam
2587 2137 2832 2203 dictum,
2865 2137 3029 2210 quod
3061 2137 3346 2208 sequitur.

1905 2228 2070 2284 Vers.
2100 2231 2189 2283 30.
2223 2227 2520 2282 Phariswi
2550 2243 2685 2282 vero
2717 2259 2784 2266 —
2809 2227 2881 2283 ab
2911 2242 2994 2281 eo.
3029 2225 3342 2283 Consilium
3392 2225 3492 2281 Dei

1840 2324 2010 2374 vocat
2039 2317 2240 2389 ipsum
2274 2316 2580 2387 baptisma,
2608 2321 2894 2389 tanquam
2926 2316 3024 2370 Dei
3057 2321 3352 2387 praecepto
3375 2314 3494 2372 fac-

1838 2414 1983 2477 tum,
2005 2406 2251 2462 Factum
2269 2411 2366 2470 est,
2392 2404 2600 2477 inquit,
2626 2404 2865 2461 verbum
2883 2405 3122 2461 Domini
3131 2421 3304 2475 super
3321 2405 3496 2460 Joan-

1837 2512 1959 2552 nem
1993 2495 2296 2551 Zachariae
2332 2494 2519 2562 ﬁlium
2568 2495 2632 2550 in
2677 2495 2897 2550 deserto
2933 2513 2945 2553 :
2977 2501 3029 2550 et
3081 2494 3239 2550 venit
3270 2495 3332 2548 in
3376 2509 3496 2549 om-

1840 2603 1965 2641 nem
1980 2585 2298 2656 regionem,
2323 2599 2456 2654 quie
2471 2584 2632 2640 circa
2649 2583 2968 2640 Jordanem
2999 2590 3149 2648 erat,
3163 2582 3494 2652 praedicans

1840 2675 2187 2744 baptismum
2203 2673 2553 2744 paenitentia
2565 2673 2628 2729 in
2643 2673 3024 2730 remissionem
3036 2678 3410 2741 peccatorum
3425 2673 3492 2727 ⁸ο.

1839 2763 1905 2819 In
1948 2762 2278 2835 semetipsis
2319 2768 2538 2818 autem.
2579 2762 2728 2819 Nam
2787 2781 2854 2822 εις
2884 2764 3100 2824 ὶαυτοὺς
3129 2760 3356 2832 capitur
3385 2775 3495 2834 pro

1839 2872 1889 2906 εν
1918 2872 2134 2913 εαυτοις.

1909 2940 2073 2997 Vers.
2137 2940 2226 2995 3i.
2292 2939 2397 2996 Cui
2438 2970 2509 2982 —
2565 2939 2728 2995 Vers.
2789 2943 2876 2996 35.
2944 2938 3202 2995 omnibus
3284 2935 3495 2993 Praedi-

1764 3066 1803 3123 ο
1842 3034 1938 3086 cto
1957 3029 2254 3100 vigesimo
2283 3029 2474 3102 capite
2497 3030 2567 3085 de
2598 3029 2689 3084 his
2719 3028 3003 3084 omnibus
3034 3044 3104 3084 ac
3135 3025 3383 3098 singulis
3410 3026 3498 3081 in-

1842 3134 2062 3176 venies.

1879 3211 2029 3265 CAP.
2058 3210 2184 3264 XXI.
2220 3208 2301 3264 De
2326 3223 2414 3277 ea,
2438 3224 2561 3279 qua?
2591 3209 2764 3264 unxit
2796 3207 3107 3263 Dominum
3140 3211 3464 3276 unguento.

1917 3297 2076 3353 Vers.
2138 3297 2229 3352 36.
2275 3297 2578 3354 Invitabat
2632 3328 2702 3338 —
2751 3297 2894 3368 ipso.
2947 3295 3224 3352 Similiter
3294 3299 3350 3350 et
3404 3293 3501 3348 hic

1843 3386 2040 3461 ἠρώτα.
2074 3401 2196 3440 non
2244 3386 2542 3456 significat
2582 3386 3006 3456 Interrogabat,
3065 3384 3170 3440 sed
3203 3382 3496 3439 Vocabat:

1843 3491 2009 3542 nam,
2043 3480 2330 3548 tanquam
2357 3475 2732 3547 prophetam,
2761 3491 2900 3532 eum
2931 3475 3008 3532 ad
3035 3473 3376 3531 convivium
3399 3487 3503 3528 vo-

1845 3565 2042 3633 cabat,
2072 3564 2166 3621 vel
2200 3565 2510 3621 invitabat.

1915 3655 2077 3711 Vers.
2111 3658 2203 3712 36.
2263 3655 2342 3711 Et
2390 3656 2684 3726 ingressus
2722 3685 2790 3695 —
2829 3653 3114 3710 accubuit.
3167 3655 3292 3710 Non
3343 3651 3506 3708 devi-

1846 3745 1993 3800 tavit
2020 3744 2201 3808 hunc,
2244 3759 2318 3799 ne
2372 3743 2540 3800 daret
2591 3743 2973 3800 occasionem
3028 3742 3286 3808 dicendi,
3337 3741 3504 3814 quod

1848 3849 1986 3889 cum
2011 3833 2341 3904 publicanis
2363 3837 2419 3888 et
2432 3832 2838 3904 peccatoribus
2860 3848 2982 3889 una
3011 3832 3214 3888 cibum
3244 3835 3503 3902 caperet.

1849 3921 2180 3978 Pharisaeos
2212 3927 2409 3977 autem
2436 3921 2752 3978 fastideret.

1920 4013 2076 4065 Vers.
2101 4011 2189 4064 37.
2222 4011 2301 4066 Et
2332 4026 2460 4066 ecce
2512 4039 2579 4051 —
2624 4013 2782 4066 Vers.
2826 4013 2913 4066 38.
2953 4009 3251 4080 lacrymis.
3300 4010 3508 4074 Quaere

1850 4099 1908 4155 in
1938 4097 2256 4167 Evangelio
2301 4098 2634 4154 secundum
2675 4097 3018 4153 Matthmum
3068 4097 3507 4153 enarrationem

1852 4187 2211 4258 sexagesimi
2255 4187 2498 4243 secundi
2579 4186 2810 4258 capitis.
2858 4187 2990 4242 Haec
3021 4190 3224 4242 autem
3274 4184 3504 4254 mulier,

1853 4293 1990 4334 cum
2021 4275 2227 4332 Christi
2259 4273 2547 4331 miracula
2582 4275 2799 4346 partim
2839 4275 2974 4346 ipsa
2996 4273 3254 4339 vidisset,
3289 4272 3509 4344 partim

1855 4366 1931 4423 ab
1956 4365 2068 4432 his,
2101 4365 2198 4436 qui
2229 4365 2516 4429 viderant,
2548 4362 2832 4430 audisset,
2890 4361 3072 4416 Deum
3103 4377 3230 4417 esse
3263 4359 3512 4416 credidit

1855 4472 1994 4513 eum
2015 4456 2116 4527 qui
2165 4453 2291 4509 haec
2333 4453 2696 4525 operabatur
2726 4468 2742 4518 ;
2774 4450 2908 4507 ideo
2940 4451 3110 4506 etiam
3143 4449 3330 4518 venit,
3381 4464 3515 4521 spe-

1853 4560 2014 4612 rans,
2045 4543 2452 4599 remissionem
2510 4547 2894 4614 pcccatorum
2933 4554 3178 4596 suorum
3227 4553 3289 4595 se
3341 4553 3510 4596 acce-

1855 4637 2115 4708 pturam.

1929 4721 2254 4780 Considera
2284 4735 2420 4776 vero
2446 4733 2732 4790 magnam
2752 4717 2935 4790 hujus
2956 4715 3368 4774 reverentiam.
3394 4717 3515 4774 Ste-

1858 4813 1926 4869 tit
1968 4811 2127 4869 enim
2171 4809 2251 4866 ad
2280 4815 2571 4865 extremas
2625 4807 2892 4881 corporis
2937 4806 3094 4863 illius
3134 4811 3359 4879 partes,
3391 4811 3517 4864 tan-

1859 4917 2043 4975 quam
2061 4906 2350 4964 extrema;
2365 4902 2420 4954 et
2441 4915 2476 4953 a
2490 4903 2674 4966 tergo,
2691 4902 2981 4970 tanquam
3000 4897 3258 4954 audacia
3270 4911 3481 4953 carens
3501 4912 3514 4962 ;

1858 4991 2038 5048 ﬂebat
2069 4989 2316 5064 quidem
2351 4993 2592 5062 propter
2638 4993 2885 5060 peccata
2915 5003 3026 5045 sua
3065 5004 3080 5055 ;
3126 4987 3364 5059 rigabat
3415 5001 3519 5043 au-

1859 5087 1979 5138 tem
2008 5079 2193 5154 pedes
2218 5077 2373 5136 illius
2394 5076 2696 5150 lacrymis,
2727 5080 2932 5150 utpote
2959 5076 3039 5134 ad
3067 5069 3253 5150 pedes
3278 5075 3406 5165 ejus
3433 5073 3519 5130 in-

1863 5170 2101 5227 clinata.

1376 5391 1602 5486 Variae
1639 5390 2296 5496 lectioneastsoie

199 5529 310 5678 (56;
346 5535 466 5585 Τῶν
498 5529 523 5584 ἆ

199 5606 282 5667 (57
342 5607 409 5658 Δί
433 5620 523 5664 on

199 5529 310 5667 (56;
346 5535 466 5585 Τῶν
498 5529 924 5662 ἁηελιαφόρών.
951 5539 1008 5589 Β.
1040 5533 1206 5628 (ιιιοᾴ
1237 5533 1452 5618 eodem
1479 5535 1654 5624 redit.

197 5606 282 5667 (57
342 5607 409 5658 Δί
433 5620 572 5664 orm
605 5607 682 5662 ιιι
701 5603 770 5661 Δ.

342 5607 409 5658 Δί
433 5603 682 5664 omittit
701 5603 770 5661 Α.

1937 5531 2053 5607 (38)
2085 5533 2340 5606 Εύρήσεις
2367 5529 2538 5590 abest
2564 5533 2639 5590 A.
