3994 6218
561 290 668 349 935

637 418 796 473 Vers.
829 417 915 473 38.
950 417 1015 471 Et
1049 447 1107 455 —
1135 414 1478 485 extergebat.
1508 416 1861 484 Extergebat
1911 428 2033 474 eos,
2066 425 2214 481 quos
2244 409 2289 463 Α

564 507 842 579 lacrymis
894 503 1171 560 madidos
1219 503 1577 560 reddiderat.
1624 501 1911 567 Christus,
1963 516 2103 556 cum
2132 499 2213 553 rei

567 609 811 650 causam
838 597 1055 654 nosset,
1076 590 1409 647 sustinebat
1442 611 1454 650 :
1485 596 1547 647 ut
1572 590 1752 646 etiam
1781 588 1930 645 ﬁdes
1953 589 2082 660 ejus
2110 588 2216 642 fer-

566 699 785 754 vorque
812 681 1172 753 poenitentiae
1211 688 1589 754 apparerent,
1639 686 1696 737 et
1753 686 1815 737 ut
1854 680 2064 736 merito
2115 694 2217 750 pro

564 772 659 827 his
689 770 893 834 rebus,
919 770 1074 843 quod
1091 773 1420 843 quaerebat,
1446 770 1759 843 acciperet.

636 860 801 916 Vers.
845 858 931 916 38.
964 861 1041 915 Et
1081 859 1533 917 deosculabatur
1564 890 1630 901 —
1675 865 1990 931 unguento.
2038 858 2217 914 Oscu-

567 948 803 1006 labatur
817 949 1261 1021 quidemipsos,
1284 955 1571 1022 tanquam
1589 949 1731 1020 ejus,
1746 947 1851 1021 qui
1872 948 2218 1021 petitionem

567 1055 739 1095 suam
780 1038 1110 1110 adimplere
1151 1044 1401 1110 poterat,
1454 1039 1570 1094 sive
1614 1042 1900 1110 tanquam
1934 1036 2034 1092 Dei
2067 1056 2080 1105 ;
2113 1052 2217 1091 un-

566 1127 745 1197 gebat
783 1142 919 1182 vero
967 1131 1286 1197 unguento,
1322 1127 1460 1198 plus
1492 1143 1679 1199 quam
1735 1127 2005 1181 humano
2038 1124 2221 1182 modo

565 1215 727 1271 hunc
787 1214 1116 1281 honorans,
1153 1232 1255 1287 qui
1278 1214 1438 1287 plus,
1468 1232 1654 1288 quam
1684 1215 1869 1271 homo
1896 1219 2040 1271 erat.

639 1304 805 1361 Vers.
831 1308 918 1361 39.
945 1304 1205 1361 Intuitus
1235 1336 1299 1345 —
1320 1304 1627 1376 peccatrix
1647 1310 1752 1361 est.
1780 1302 2220 1360 Oﬁ'endiculum

568 1410 784 1467 passus
827 1395 957 1449 haec
1005 1393 1263 1459 dicebat,
1320 1394 1625 1464 ignorans,
1676 1392 1841 1466 quod
1879 1408 2019 1448 cum
2069 1393 2220 1448 Deus

567 1488 743 1549 esset,
782 1485 1023 1555 propter
1045 1490 1383 1554 peccatores
1412 1482 1595 1540 homo
1626 1482 1819 1538 factus
1844 1484 1990 1539 erat.
2022 1483 2221 1552 Neque

568 1578 765 1628 autem
813 1572 997 1627 Judas
1028 1571 1121 1627 hic
1153 1572 1588 1638 murmurabat,
1639 1587 1834 1643 neque
1879 1571 2104 1627 caeteris
2130 1569 2220 1624 di-

566 1661 831 1734 scipulis,
865 1660 1162 1733 siquidem
1190 1661 1285 1716 ille
1318 1661 1529 1717 morbo
1549 1660 1813 1718 avaritia
1835 1658 2103 1716 nondum
2126 1674 2221 1714 ca-

1880 270 2233 342 EUTHYMII
2266 272 2603 340 ZIGABENI
3752 274 3821 334 sse

2398 415 2495 462 Καὶ
2542 440 2610 448 -
2665 408 2966 479 ἑξέμασσεν.
3032 405 3377 476 Ἐσπόγγισεν
3441 402 3613 464 αὐτοὺς
3678 399 3823 475 inﬁgo-

2323 518 2457 570 χους
2508 500 2826 569 γινομένους.
2867 495 2926 548 Ὀ
2967 491 3025 547 δι
3072 497 3318 566 Χριστὸς,
3373 488 3518 551 εἰδὼς
3567 495 3647 549 τὴν
3688 495 3822 553 αἰτία),

2326 589 2579 659 ἠνείχετο,
2614 589 2696 638 ἱνα
2744 590 2833 637 καὶ
2881 587 2911 642 ἡ
2963 589 3146 644 πίστις
3177 582 3335 641 αὐτῆς
3365 588 3515 651 φανῇ,
3543 585 3621 631 καὶ
3654 581 3828 651 ἡθερξιὸο

2324 696 2415 739 της
2470 686 2565 738 τῆς
2614 679 2907 748 μετανοίας,
2948 679 3037 725 καὶ
3092 674 3175 724 ἱνα
3222 670 3380 733 ἀξίως
3425 671 3603 721 τούτων
3644 666 3747 738 λάϐῃ
3788 688 3823 718 το

2328 767 2642 837 ζητούμενον
2653 808 2665 821 .

2402 861 2502 909 Καὶ
2557 854 2818 926 κατεφίλει
2868 884 2936 893 -
3000 853 3169 926 μύρῳ.
3226 847 3490 919 Κατεφὰει
3542 849 3621 919 μὲν
3685 845 3829 915 enim;

2329 948 2396 1006 ὡς
2453 941 2740 1016 δυναμένου
2778 942 3053 1013 πληρῶσαι
3111 944 3205 997 τὴν
3258 941 3466 994 αἴτησιν
3519 934 3833 998 «irriguum,

2330 1038 2398 1096 ὡς
2443 1042 2596 1087 Θεοῡ’
2655 1032 2825 1104 ἤλειφε
2859 1028 2918 1084 δὲ
2968 1039 3038 1100 τῷ
3085 1031 3252 1103 μύρῳ,
3302 1034 3506 1098 τιμῶσα
3557 1032 3710 1077 τοῦτον
3749 1022 3833 1093 ὑπὲρ

2330 1124 2617 1195 ἄνθρωπον,
2650 1123 2718 1183 ὡς
2750 1121 2873 1173 ὂντα
2900 1121 3025 1194 ὑπερ
3058 1119 3350 1189 ἄνθρωπον.

2404 1297 2551 1355 Ἰδὼν
2599 1331 2667 1339 -
2723 1296 3021 1371 ἁμαρτωλός
3088 1294 3222 1348 ἐστι.
3310 1287 3692 1350 Σκανδαλισθεὶς
3749 1287 3841 1358 εληί

2330 1399 2513 1451 ταῦτα,
2543 1394 2614 1461 μὴ
2649 1394 2934 1460 γινώσκων,
2992 1387 3072 1437 ὅτι
3118 1386 3249 1445 Θεὸς
3318 1386 3407 1445 ὦν,
3445 1376 3534 1432 διὰ
3578 1382 3677 1438 τοὺς
3720 1377 3841 1449 ἁμαρ-

2328 1481 2522 1541 τωλοὺς
2570 1475 2982 1551 ἐνηνθρώπησεν.
3030 1477 3165 1527 Οὔτε
3228 1468 3288 1525 δι
3329 1473 3355 1523 ὁ
3427 1465 3620 1530 Ἰούδας
3681 1466 3844 1518 init-(35:

2329 1568 2631 1641 ἐἸὀἹἹῑδσενι
2671 1568 2787 1618 οὔτε
2837 1568 2939 1636 μὴν
2987 1565 3036 1615 οἱ
3074 1560 3218 1613 ἄλλοι
3257 1561 3510 1632 μαθηταί.
3558 1562 3608 1608 Ὀ
3656 1558 3730 1627 μὲν
3757 1558 3843 1625 γάρ,

2331 1638 2476 1710 ου’πω
2504 1666 2574 1727 τῷ
2604 1660 2869 1726 νοσήματι
2915 1660 3009 1713 τῆς
3044 1651 3390 1725 φιλαργυρίας
3440 1646 3656 1699 ἑάλωκεν·
3714 1645 3752 1695 οἰ
3790 1638 3843 1705 δι,

566 1733 705 1823 ptus
726 1758 868 1821 erat,
893 1750 1139 1806 istivero
1165 1750 1426 1806 necdum
1440 1766 1745 1807 sermones
1761 1749 1835 1805 de
1855 1748 2221 1822 pauperibus

2333 1751 2474 1799 οὔπω
2536 1748 2657 1806 τοὺς
2713 1745 2839 1815 ὑπὲρ
2894 1749 2993 1793 τῶν
3046 1747 3275 1811 πτωχῶν
3330 1736 3516 1807 λόγους
3566 1733 3846 1806 ἕμπεηγότας

565 1840 782 1896 inﬁxos
812 1839 1132 1895 habebant.

638 1931 799 1984 Vers.
839 1932 925 1983 40.
954 1928 1033 1982 Et
1064 1929 1422 1998 respondens
1450 1960 1516 1970 —
1563 1928 1678 1985 dic.
1709 1926 2039 1984 Pharisaaus
2068 1926 2221 1982 intra

569 2018 956 2089 semetipsum
978 2017 1052 2073 de
1084 2034 1154 2072 eo
1186 2016 1451 2073 offensus
1478 2024 1620 2082 erat,
1654 2016 1819 2089 quod
1851 2016 2220 2072 meretricem

568 2106 922 2169 admitteret,
948 2122 1053 2161 nec
1081 2106 1255 2160 sciret
1290 2122 1417 2161 esse
1449 2106 1842 2177 peccatricem
1876 2123 1889 2160 :
1918 2105 2045 2177 ipse
2079 2119 2221 2160 vero

568 2196 681 2251 hoc
711 2195 973 2265 cognito,
1006 2194 1205 2266 majus
1258 2194 1549 2266 quiddam
1582 2194 1737 2257 facit,
1770 2210 1958 2267 quam
1986 2194 2056 2250 sit
2089 2209 2222 2265 pro-

569 2285 782 2356 phette-
814 2284 1098 2355 detegens
1118 2285 1168 2339 ei
1195 2299 1486 2340 arcanum
1513 2283 1889 2353 cogitationis
1920 2298 2066 2340 suae.
2118 2287 2224 2338 Ita—

567 2390 678 2446 que
710 2372 987 2443 exemplo
1016 2373 1406 2437 demonstrat,
1440 2372 1605 2445 quod
1646 2372 1826 2429 etiam
1854 2371 1972 2427 hoc
2000 2376 2219 2441 nosset,

572 2478 643 2519 ac
681 2463 833 2534 juste
881 2477 1015 2517 eam
1064 2462 1398 2518 admitteret
1436 2467 1678 2534 propter
1704 2476 1991 2531 magnam
2031 2459 2223 2532 ipsius

569 2551 963 2617 dilectionem,
1012 2564 1148 2623 quas
1203 2566 1240 2607 a
1298 2549 1415 2607 ﬁde
1447 2556 1503 2607 et
1558 2550 1910 2625 pwnitentia
1943 2548 2220 2622 procede-

566 2641 688 2698 bat.

636 2732 802 2786 Vers.
852 2730 939 2785 41.
982 2729 1110 2786 Duo
1158 2761 1226 2769 —
1267 2731 1426 2785 Vers.
1460 2729 1549 2785 43.
1588 2728 1895 2800 judicasti.
1944 2727 2086 2783 Hinc
2136 2726 2223 2782 in-

567 2819 953 2893 telligendum
986 2819 1172 2885 dedit,
1207 2818 1372 2891 quod
1415 2818 1574 2874 velut
1625 2823 1823 2874 narrat
1855 2816 2217 2889 exemplum,

566 2911 647 2966 ita
677 2924 823 2966 sane
853 2912 908 2964 et
935 2913 1020 2979 tu,
1055 2914 1344 2981 tanquam
1374 2908 1424 2963 is
1452 2908 1555 2980 qui
1583 2908 1790 2981 paucis
1837 2907 2136 2963 obnoxius
2160 2924 2223 2971 es

568 2998 895 3071 suppliciis,
922 3013 1139 3069 parum
1179 3014 1273 3053 me
1304 2997 1560 3053 dilexisti
1601 3015 1614 3053 :
1644 2996 1769 3053 haec
1798 3013 1960 3062 vero,
1998 3001 2058 3052 ut
2084 3012 2221 3069 quas

2332 1833 2496 1907 εἶχον.

2406 1932 2504 1978 Καὶ
2557 1922 2855 1994 ἀποκριθεὶς
2892 1949 2956 1959 -
3004 1918 3132 1973 εἰπέ,
3180 1917 3241 1968 '0
3420 1920 3683 1989 Φαρισαῖος
3722 1910 3845 1961 iam-

2333 2012 2560 2071 δαλισθη
2607 2012 2723 2062 καθ’
2771 2009 2951 2062 ἑαυτὸν
2984 2006 3095 2078 (39)
3156 2005 3235 2057 ἐπ’
3267 2004 3432 2073 αὐτῷ,
3488 2006 3556 2064 ως
3602 2003 3846 2073 προσιεμένῳ

2332 2110 2424 2163 τὴν
2485 2107 2697 2175 πόρνην,
2746 2103 2835 2150 καὶ
2881 2101 2950 2169 μὴ
2980 2100 3279 2170 προγνὸντι,
3315 2094 3396 2145 ὅτι
3426 2090 3706 2165 ἁμαρτωλός
3735 2087 3845 2138 ἔστιν·

2331 2193 2488 2252 αὐτὸς
2538 2188 2597 2242 δε
2643 2196 2796 2241 τοῦτο
2838 2190 3012 2257 γνοὺς,
3045 2184 3223 2255 μεῖζον
3272 2187 3540 2257 προφήτου
3591 2184 3723 2239 ποιεῖ,
3766 2173 3846 2224 ἀνι·

2332 2282 2602 2334 καλύπτων
2657 2277 2798 2347 αὐτῷ
2840 2278 2921 2326 τὸν
2982 2271 3279 2347 ἀπόρρητον
3347 2266 3679 2339 διαλογισμὸν
3719 2262 3846 2320 αὐτοῦ,

2332 2377 2421 2423 καὶ
2454 2370 2629 2421 λοιπὸν
2682 2361 3011 2417 ἀποδεικνύει
3051 2358 3144 2413 διὰ
3344 2354 3757 2431 παραδείγματος,
3796 2352 3847 2401 ὅτι

2332 2465 2421 2512 καὶ
2439 2464 2687 2531 γινώσκει
2726 2458 2941 2519 ταύτην,
2970 2455 3060 2503 καὶ
3092 2446 3311 2510 δικαίως
3337 2448 3504 2506 αὐτὴν
3526 2436 3851 2519 προσίεται,διὰ

2331 2555 2424 2608 τὴν
2456 2548 2522 2607 εἰς
2546 2546 2699 2598 αὐτὸν
2728 2542 2918 2601 πολλὴν
2944 2540 3154 2611 ἀγάπην
3188 2538 3367 2603 αὐτῆς,
3402 2539 3519 2598 ἣτις
3546 2532 3600 2593 ἦν
3621 2532 3666 2585 ἐκ
3688 2536 3851 2586 πίστιν(

2331 2644 2421 2691 καὶ
2460 2639 2754 2709 μετανοίας.

2405 2730 2500 2779 Δύο
2566 2756 2625 2764 -
2656 2725 2878 2793 ἔκρινας.
2926 2714 3154 2771 Δέδωκεν
3205 2714 3434 2767 ἐντεῦθεν
3490 2718 3630 2777 νοεῖν,
3672 2709 3737 2760 ὅτι
3779 2707 3853 2754 ὥς·

2330 2836 2424 2889 περ
2474 2818 2586 2886 ἔχει
2628 2816 2686 2863 τὸ
2715 2806 3079 2882 παράδειγμα,
3111 2806 3274 2865 οὕτως
3324 2802 3433 2875 ἄρα
3484 2806 3545 2853 σὺ
3571 2803 3669 2871 μιν,
3707 2798 3759 2854 ὡς
3783 2792 3852 2843 ἀλί-

2330 2925 2452 2977 γαις
2503 2906 2778 2975 τιμωρίαις
2830 2900 3102 2971 ὑπόχρεως
3155 2896 3245 2959 ὧν,
3293 2892 3470 2963 ὀλίγον
3515 2909 3575 2962 με
3620 2888 3852 2957 ἠγάπησας·

2334 2996 2463 3052 αὕτη
2518 2988 2596 3056 δὲ,
2650 2993 2714 3049 ὡς
2769 2987 2998 3049 πολλαῖς,
3057 2983 3207 3047 πολὺ,
3263 2986 3349 3033 ἶνα
3399 2980 3532 3033 πολὺ
3572 2976 3686 3047 αὐτῇ
3721 2971 3851 3042 ἀνθῇ

567 3062 767 3145 multis
820 3062 947 3143 erat
997 3087 1273 3154 obnoxia,
1314 3087 1701 3143 vehementer
1742 3103 1827 3141 me
1881 3062 2123 3153 dilexit;
2165 3092 2222 3141 ut

2334 3082 2419 3139 διὸ
2496 3087 2585 3134 καὶ
2648 3082 2716 3140 ὡς
2794 3076 2924 3129 πολὺ
2999 3073 3354 3145 ἀγαπήσασαν
3411 3068 3748 3142 προσηκάμην,
3799 3062 3856 3109 ἶνα
3934 3072 3935 3155 ἦ

568 3178 823 3235 multum
855 3176 969 3233 sibi
998 3178 1416 3234 remitteretur:
1450 3177 1586 3233 ideo
1618 3192 1862 3249 quoque
1889 3192 2221 3247 congruum

2332 3174 2460 3227 πολὺ
2490 3170 2697 3243 ἀφήσω.
2732 3167 2871 3220 Πολὺ
2913 3162 2971 3218 δὲ
2992 3171 3078 3215 νῦν
3110 3166 3168 3214 τὸ
3202 3167 3303 3213 πᾶν
3333 3163 3545 3217 νόησον.

566 3267 712 3325 mihi
738 3271 829 3324 est
866 3271 930 3322 ut
960 3266 1032 3337 ei,
1066 3271 1359 3339 tanquam
1390 3235 1783 3323 vehementer.
1802 3235 2085 3337 diligenti,
2140 3268 2395 3324 multum
2456 3235 2769 3317 remittam.
2802 3255 3050 3311 Multum
3103 3257 3325 3315 autem,
3372 3247 3629 3316 intellige
3652 3240 3734 3297 hic
3765 3235 3851 3293 uni-

566 3374 807 3414 versum
838 3356 1125 3412 debitum.

637 3451 799 3504 Vers.
832 3448 921 3502 44.
956 3447 1034 3501 Et
1072 3461 1388 3503 conversus
1418 3477 1484 3485 —
1514 3444 1676 3501 Vers.
1708 3448 1793 3500 46.
1848 3444 2013 3514 pedes
2042 3461 2217 3503 meos.

564 3542 647 3596 Tu
678 3536 923 3610 quidem
949 3551 1023 3591 ea
1052 3536 1252 3601 etiam,
1286 3551 1422 3608 quae
1436 3533 1634 3590 facilia
1659 3537 1825 3589 erant
1858 3549 1977 3589 non
2009 3532 2217 3599 fecisti,

563 3628 693 3684 haec
740 3641 902 3689 vero,
953 3640 1087 3696 quas
1136 3624 1314 3679 etiam
1344 3621 1612 3679 difﬁcilia
1655 3628 1795 3677 sunt
1833 3626 2084 3693 operata
2108 3628 2219 3680 est.

637 3714 782 3771 Vide
813 3720 1030 3780 autem,
1064 3713 1227 3784 quod
1261 3713 1339 3768 ab
1368 3710 1481 3778 his,
1516 3709 1669 3765 unde
1699 3709 1860 3781 prius
1889 3725 2063 3766 suam
2088 3710 2222 3782 ipsa

563 3804 895 3862 venabatur
920 3804 1336 3877 perditionem,
1366 3802 1444 3858 ab
1466 3801 1687 3855 eisdem
1713 3816 1871 3855 nunc
1891 3805 2105 3856 venata
2135 3806 2223 3856 est

567 3894 823 3950 salutem
857 3910 868 3949 :
911 3893 1195 3966 lacrymis
1226 3892 1388 3948 enim
1419 3889 1724 3946 amatoriis
1756 3893 1815 3943 et
1863 3888 2087 3960 capillis
2124 3906 2223 3945 cu-

565 3984 779 4041 riosius
835 3982 1198 4039 concinnatis
1249 3998 1318 4037 ac
1343 3983 1662 4049 unguento,
1691 3977 1944 4033 lascivos
1969 3978 2223 4049 juvenes

565 4073 953 4130 dementabat
972 4089 985 4127 :
1001 4088 1136 4144 quae
1151 4087 1287 4127 vero
1302 4070 1563 4142 primum
1577 4065 1815 4122 fuerunt
1836 4067 2223 4123 instrumenta

566 4165 817 4236 peccati,
845 4179 915 4219 ea
950 4178 1108 4218 nunc
1135 4162 1265 4217 fecit
1295 4160 1690 4214 instrumenta
1719 4155 1972 4211 virtutis.

645 4253 800 4310 Vers.
834 4254 923 4309 4⁸1.
957 4254 1216 4323 Propter
1243 4248 1396 4322 quod
1424 4279 1490 4290 —-
1522 4247 1795 4302 multum.
1844 4244 2018 4302 Multa
2053 4243 2225 4317 equi-

567 4345 707 4402 dem
741 4360 880 4400 cum
910 4341 1013 4399 illa
1062 4340 1247 4397 multa
1300 4337 1565 4401 haberet,
1626 4341 1681 4391 et
1710 4335 1920 4391 omnia
1944 4334 2220 4390 remissa.

638 4434 909 4491 Vers.“.
944 4432 1050 4488 Cui
1073 4437 1265 4487 autem
1289 4459 1358 4469 —
1383 4426 1602 4498 diligit.
1635 4425 1755 4482 Hoc
1785 4423 1947 4491 dixit,
1990 4437 2224 4494 repren-
2258 4451 2303 4505 Ι)

568 4524 717 4579 dens
741 4524 1062 4579 Simonem.

637 4612 801 4666 Vers.
832 4615 925 4669 48.
954 4610 1116 4666 Dixit
1144 4640 1213 4650 —
1241 4612 1476 4680 peccata
1503 4610 1626 4661 tua.
1675 4601 1826 4657 Dixit
1878 4599 1993 4655 hoc
2032 4598 2133 4664 illi,
2163 4600 2225 4653 ut

568 4699 777 4755 certior
806 4700 937 4769 ipsa
965 4700 1331 4767 redderetur,
1380 4702 1436 4752 et
1464 4695 1593 4767 ipse
1640 4691 1891 4747 donaret
1935 4686 2223 4757 indigenti

567 4786 728 4859 quod
749 4786 851 4842 illa
878 4787 1143 4858 petebat.

638 4875 801 4930 Vers.
834 4877 901 4930 49
932 4875 1011 4930 Et
1041 4880 1335 4944 accperam
1390 4871 1632 4929 remittit
1661 4874 1686 4924 .’
1718 4871 1837 4926 Hoc
1883 4869 1941 4923 et
1992 4864 2092 4923 alii
2140 4864 2227 4921 di-

564 4968 798 5029 xerunt,
829 4964 1076 5035 quando
1107 4963 1498 5036 paralyticum
1526 4958 1775 5017 curavit.

637 5054 805 5110 Vers.
834 5053 924 5108 50.
956 5052 1126 5109 Dixit
1154 5058 1352 5111 autem
1382 5082 1449 5092 -
1475 5065 1631 5123 pace.
1666 5046 1891 5104 Eodem
1930 5042 2115 5101 modo
2144 5042 2227 5099 lo-

567 5148 738 5203 cutus
753 5142 927 5199 estad
953 5157 1108 5211 eam,
1133 5158 1267 5215 quae
1304 5138 1614 5211 sanguinis
1652 5134 1949 5210 proﬂuvio
1988 5132 2228 5190 labora-

565 5235 688 5301 bat,
701 5230 1221 5307 quemadmodum
1235 5229 1520 5288 vicesimo
1537 5233 1699 5284 sexto
1716 5223 2015 5299 praesentis
2027 5223 2068 5279 E
2080 5235 2231 5279 van-

567 5323 705 5397 gelii
745 5321 935 5395 capite
966 5318 1255 5379 invenies.

2405 3446 2505 3495 Καὶ
2539 3440 2777 3511 στραφεὶς
2802 3464 2871 3474 -
2899 3452 2998 3504 μου
3030 3434 3151 3491 τοὺς
3180 3424 3373 3489 πόδας.
3414 3432 3481 3479 Σὺ
3640 3422 3695 3474 τὰ
3717 3416 3851 3487 εὐχερῆ

2330 3535 2632 3588 πεποίηκας·
2662 3527 2792 3582 αὕτη
2819 3519 2878 3576 δὲ
2910 3524 2978 3573 τὰ
3016 3517 3256 3592 δυσχερῆ
3285 3513 3623 3590 διεπράξατο.

2398 3708 2535 3781 Ὀρα
2564 3702 2642 3770 δὲ,
2675 3706 2755 3756 ὅτι
2792 3701 2844 3764 ἐξ
2874 3697 2941 3751 ὧν
2990 3701 3235 3771 πρότερον
3288 3694 3505 3767 ἐθήρευε
3542 3695 3628 3748 τὴν
3664 3682 3852 3737 ἀπώλειαι

2332 3796 2539 3859 ἑαυτῆς,
2594 3792 2648 3845 ἐκ
2695 3793 2889 3844 τούτων
2947 3786 3132 3861 ἀρτίως
3184 3784 3443 3857 ἐθήρευσε
3494 3784 3582 3837 τὴν
3634 3787 3851 3844 carnem.

2332 3887 2564 3957 Δάκρυσι
2617 3881 2727 3952 (41)
2781 3882 2878 3953 γὰρ
2948 3874 3233 3950 ἐρωτικοῖς,
3281 3877 3372 3923 καὶ
3431 3870 3568 3945 θριξὶ
3607 3862 3858 3957 περιεργότε·
3934 3916 3935 3951 Ξ

2330 3993 2418 4048 ρον
2477 3967 2962 4040 διαπεπλεγμέναις,
3028 3968 3119 4015 καὶ
3175 3966 3323 4035 μύρῳ
3414 3963 3533 4020 τοὺς
3608 3952 3856 4007 ἀκολάστους

2331 4065 2690 4132 κτεγοήτευσε,
2718 4062 2808 4109 καὶ
2844 4057 2912 4107 τὰ
2940 4058 3059 4127 πρὶν
3091 4055 3285 4125 ὄργανα
3304 4057 3405 4112 τῆς
3428 4047 3692 4120 ἁμαρτίας,
3718 4042 3859 4111 ὄργανα

2332 4159 2419 4202 νῦν
2453 4153 2731 4206 πεποίηκεν
2763 4144 2965 4218 ἀρετῆς.

2477 4233 2553 4290 Οὖ
2583 4239 2744 4311 χάριν
2771 4266 2838 4274 -
2864 4231 3015 4285 πολὺ.
3048 4232 3110 4284 Αἱ
3136 4227 3320 4282 πολλαὶ
3345 4228 3465 4299 μὶν,
3502 4230 3661 4277 πᾶσαι
3693 4212 3758 4269 δέ.

2403 4416 2464 4468 Ὠ
2490 4411 2548 4468 δὴ
2579 4447 2639 4455 -
2699 4411 2897 4485 ἀγαπᾷ.
2952 4416 3116 4463 Τοῦτο
3170 4410 3341 4479 εἴρηκε
3395 4402 3752 4470 καθαπτόμενθς
3796 4390 3857 4438 τοί

2334 4512 2580 4578 Σίμωνος.
3804 4565 3816 4579 1

2406 4593 2528 4647 Εἶπε
2584 4625 2647 4634 -—
2699 4610 2793 4644 σου
2847 4592 2902 4641 αἱ
2950 4588 3219 4660 ἁμαρτίαι.
3263 4580 3417 4637 Εἶπεν
3476 4580 3600 4651 αὐτῇ
3643 4578 3857 4629 ταῦτθςιπ

2333 4683 2726 4755 πληροφορηθῇ,
2776 4685 2863 4731 καὶ
2918 4674 3118 4730 δίδωσι
3172 4682 3233 4746 τῇ
3291 4669 3509 4744 δεομένῃ
3579 4670 3631 4719 τό
3682 4660 3860 4724 tim)?"

2335 4793 2439 4828 νον.

2408 4865 2508 4916 Καὶ
2561 4858 2782 4933 ἤρξαντο
2826 4887 2882 4896 -
2914 4852 3129 4927 ἀφίησιν
3162 4868 3176 4917 ;

2335 4953 2417 5004 ὅτε
2448 4953 2533 5002 τὸν
2561 4946 2909 5020 παραλυτικὸν
2932 4944 3291 5018 ἐθεράπευσεν.
3828 5010 3833 5019 ἡ

2406 5036 2531 5092 Εἶπε
2579 5017 2644 5090 δέ
2684 5067 2754 5076 -
2802 5017 3029 5109 εἰρήνην.
3086 5029 3312 5103 Ἐφησεν
3366 5029 3509 5079 οὕτω
3539 5042 3624 5076 και
3668 5017 3777 5091 πρὸς
3797 5017 3857 5059 τυ

2335 5126 2738 5203 αἱμοῤῥοοῦσαν,
2771 5108 3105 5195 ὡςίεῦρήσεις
3148 5116 3199 5171 ἐν
3228 5124 3299 5188 τῷ
3355 5119 3577 5183 εἰκοστῷ
3616 5108 3725 5175 ἕκτῳ
3756 5110 3859 5164 “7"

2334 5218 2464 5289 λαίῳ
2500 5222 2593 5269 τοῦ
2624 5216 2879 5288 παρόντος
2909 5206 3249 5281 Εὐαγγελίου.

3233 4847 3389 4903 Εἶπον
3434 4854 3586 4902 τοῦτο
3632 4844 3710 4893 καὶ
3733 4837 3858 4902 ἕτερα,

1773 5438 1999 5511 Variae
2027 5437 2357 5507 lectiones
2397 5441 2464 5501 et.
2487 5440 2690 5500 notas.

665 5616 754 5683 39)
797 5613 913 5672 Ἐπ’
946 5613 1087 5683 αὐτῷ
1112 5610 1283 5669 abest
1312 5610 1383 5665 Α.

665 5619 732 5674 39
797 5616 913 5672 Ἐπ’
946 5616 1087 5665 αὐτῶ
1112 5616 1177 5669 at:

663 5616 757 5759 ιοζ
783 5687 888 5743 Τού
918 5666 1082 5744 addit
1111 5683 1177 5739 Α.

2410 5595 2527 5671 (ιι)
2557 5594 2663 5668 Γάρ
2693 5589 2859 5649 abest
2885 5587 2956 5645 Α.
