3994 6218
110 207 210 270 937

1108 213 1475 273 COMMENT.
1520 215 1589 272 IN
1629 210 1897 272 LUCAM.
1935 244 2004 255 -
2045 214 2197 272 CAP.
2243 215 2386 271 Vlll.

3373 218 3478 276 938

181 343 377 393 Γίνοιτο
414 336 474 393 δὲ
509 345 601 394 καὶ
633 346 736 400 τὴν
789 340 915 414 ἐμὴν
973 346 1186 416 πόρνην,
1238 347 1375 405 ἤτοι,
1427 347 1519 399 τὴν
1565 341 1710 413 φιλὴ-

1925 355 2056 395 nam
2089 347 2290 397 autem
2331 339 2710 413 contingeret,
2745 345 2811 398 ut
2856 345 2914 399 et
2939 341 3147 400 anima
3193 359 3330 401 mea
3365 345 3482 402 for-

115 425 257 480 δονόν
310 449 411 500 μου
458 430 646 501 ψυχὴν
689 440 1026 502 μετανοῆσαι,
1068 437 1156 484 καὶ
1200 428 1458 506 δάκρυσιν
1499 430 1715 482 ἀπολού-

117 520 310 571 σασθαι
350 524 445 577 τήν
477 515 753 572 δυσωδίαν
784 529 874 572 τού
906 519 1164 595 βορϐόρου
1194 529 1284 580 τῆς
1315 521 1595 592 ἁμαρτίας,
1626 524 1715 572 καὶ

115 616 469 682 προσαγαγεῖν
501 617 574 679 τῷ
599 618 712 681 Θεῷ
744 607 880 662 εύωὸ
887 615 966 661 ίαν
991 614 1158 685 μύρου
1197 609 1348 682 ἀριτῆ
1361 631 1401 672 ς.

187 789 290 843 Καὶ
313 786 509 857 ἐγένετο
532 819 598 827 -
626 796 715 840 τού
737 797 888 843 Θιου.
912 787 1285 859 Καταγγέλλων
1309 792 1403 846 τὴν
1431 786 1719 840 ἀπόλαυσιν

119 884 200 933 την
242 878 405 943 θείαν,
457 881 548 934 τὴν
580 875 871 929 ἀνάπαυσιν
917 883 1011 935 τὴν
1057 873 1249 944 ἀίδιον,
1297 880 1378 930 ὁτι
1421 874 1720 950 δεδώρηται

118 973 221 1027 τοῖς
253 968 596 1018 πιστεύουσιν
628 973 699 1027 εἰς
729 966 904 1024 αὐτόν,

190 1061 290 1108 Καὶ
321 1086 387 1096 -
415 1055 574 1125 αύτῷ.
601 1062 832 1113 Συνῆσαν
863 1056 1024 1127 αύτῷ.

190 1143 294 1198 Καὶ
343 1153 582 1214 γυναῖκες
656 1176 722 1184 -
784 1145 987 1206 αύταῖς.
1065 1145 1514 1218 Εὖεργετηθείσαι,
1594 1150 1719 1218 γὰρ,

125 1234 214 1285 οὐκ
264 1233 568 1290 ἀπέστησαν
614 1231 701 1283 ἀπ’
746 1233 926 1285 αύτού·
971 1230 1221 1306 δαιμόνια
1270 1232 1328 1287 δὲ
1381 1235 1550 1301 ima”
1593 1241 1724 1298 rtus;

131 1326 476 1396 ἡρμήνευσαν,
527 1321 642 1374 ἀντὶ
681 1331 790 1386 τού,
834 1323 1016 1375 πολλοὶ.
1059 1327 1278 1385 Σύνηθες
1318 1327 1420 1396 γὰρ
1446 1324 1721 1398 Ἑϐραίοις,

131 1413 255 1464 ἑπτα
312 1412 492 1482 λέγειν,
527 1415 592 1463 τὰ
642 1411 823 1464 πολλά.
874 1415 1176 1487 Ἐττίτροπον
1229 1410 1287 1465 δὲ
1329 1410 1564 1486 Ἡρώδου
1609 1414 1720 1484 (42)

126 1507 223 1554 νόει
286 1506 371 1553 τόν
422 1500 732 1574 ἐπιμελητὴν
786 1507 875 1554 καὶ
932 1504 1197 1574 οίκονομον
1249 1511 1347 1554 τῶν
1406 1505 1724 1577 πραγμάτων

127 1591 309 1646 αὐτοῦ.

273 1775 424 1824 ΚΕΦ.
460 1769 582 1826 ΚΒ’.
633 1775 754 1844 Περὶ
795 1778 888 1830 τῆς
918 1769 1216 1844 παραϐολῆς
1241 1779 1332 1822 τού
1364 1775 1583 1844 σπόρου.

195 1867 443 1920 Συνοντος
474 1857 532 1912 δέ
562 1890 629 1901 —
670 1859 1196 1912 ἑκατονταπλασίονα.
1244 1864 1368 1935 Περὶ
1409 1862 1597 1918 ταύτης
1636 1866 1730 1920 τῆς

121 1949 401 2023 παραϐολῆ
413 1969 435 2009 ς
454 1958 546 2001 τού
570 1955 765 2021 σπόρου
780 1949 1094 2023 πλατύτερον
1107 1951 1132 2001 ό
1165 1951 1434 2010 Ματθαῖος
1455 1948 1636 2023 ὶστόρη
1647 1966 1730 2000 σεν

121 2039 170 2091 ὲν
202 2048 275 2110 τῷ
329 2039 548 2107 εἰκοστῷ
575 2041 800 2110 τετάρτῳ
828 2038 1087 2110 κεφαλαίῳ
1130 2040 1310 2093 αὐτοῦ.
1365 2039 1468 2092 Καὶ
1499 2039 1730 2099 ζήτησον

119 2128 168 2179 ἐν
210 2127 392 2199 ἐκείνῳ
426 2133 543 2202 περὶ
571 2131 766 2180 τούτων
792 2130 1015 2182 πάντων.

193 2223 380 2269 Ταῦτα
432 2249 498 2257 -
552 2215 796 2271 ἀκουέτω.
859 2218 940 2269 Ἐν
993 2215 1164 2289 ἐκείνῳ
1228 2222 1317 2269 καὶ
1376 2222 1491 2292 περὶ
1548 2219 1732 2270 τούτου

121 2310 358 2382 εῖρηται.

196 2395 519 2469 Ἐπηρώτων
539 2426 606 2435 -
630 2403 783 2449 Θεοῦ.
811 2394 1031 2468 Ὁμοίως
1058 2399 1141 2447 καὶ
1172 2401 1289 2468 περὶ
1313 2398 1524 2448 τούτων.

197 2582 327 2635 Τοῖς
361 2571 418 2626 δὲ
448 2573 642 2634 λοιποῖς
671 2606 740 2614 ——-
769 2573 1109 2647 παραϐολαῖς.
1135 2573 1193 2626 Ὀ
1224 2571 1284 2627 δὲ
1309 2577 1519 2649 Μάρκος
1544 2577 1739 2650 ἔγραψε

125 2669 477 2737 σαφέστερον,
507 2664 686 2735 λέγων·
722 2664 958 2727 Ἐκείνοις
991 2661 1050 2716 δὲ
1081 2671 1188 2725 τοῖς
1219 2665 1311 2727 ἔξω
1347 2663 1394 2716 ἐν
1420 2666 1740 2741 παραϐολαῖς

123 2758 196 2805 τὰ
250 2757 423 2805 πάντα
451 2759 666 2823 γίνεται.
723 2758 822 2806 Καὶ
855 2754 1085 2814 ζήτησον
1134 2760 1228 2812 τὴν
1266 2758 1460 2806 τούτων
1491 2755 1740 2827 ἐξήγησιν

127 2844 178 2895 ἐν
216 2852 289 2912 τῷ
323 2842 484 2914 ἐνάτῳ
512 2843 770 2914 κεφαλαίῳ
801 2843 980 2897 αὐτοῦ.

203 2931 323 2984 Ἵνα
375 2963 433 2972 -
502 2941 768 2986 συνιῶσιν.
827 2933 910 2985 Ἐν
959 2942 1029 3003 τῷ
1085 2935 1299 3004 τοιούτῳ
1351 2935 1609 3006 κεφαλαίῳ
1654 2943 1742 2987 τοῦ

128 3023 364 3094 Μάρκου
393 3026 482 3073 καὶ
512 3030 680 3073 ταύτα
709 3018 1191 3094 διηρμηνεύθησαν.

205 3110 371 3163 Ἐστι
400 3141 468 3151 -
501 3111 792 3185 παραϐολή.
837 3111 1000 3181 Αύτη,
1044 3110 1156 3165 ἀντὶ
1200 3121 1310 3176 τού,
1347 3116 1582 3179 τοιαύτη,
1612 3117 1748 3166 κατά

124 3206 233 3260 τήν
261 3200 554 3273 ἑρμηνείαν.

208 3298 257 3343 Ο
323 3294 520 3364 σπόρος
582 3321 651 3329 -
690 3295 840 3343 Θεοῦ.
902 3289 960 3342 ι0
1024 3299 1115 3353 τῆς
1158 3296 1406 3357 πίστεως,
1463 3293 1487 3343 ό
1535 3291 1751 3362 εὐαγγε-

125 3381 305 3441 λέκος.

212 3473 285 3522 Οῖ
334 3465 396 3521 0'":
433 3500 502 3508 —
561 3470 820 3521 σωθῶσιν.
882 3469 959 3523 Ἐν
1014 3479 1082 3541 τῷ
1138 3471 1348 3544 ῥηθέντι
1412 3472 1628 3543 εἰκοστῷ
1671 3490 1751 3524 τε-

133 3564 318 3629 τάρτῳ
390 3558 646 3630 κεφαλαίῳ
728 3564 888 3630 φησιν
955 3561 980 3610 ὁ
1052 3562 1335 3621 Ματθαῑος·
1403 3563 1477 3612 ὅτι
1558 3565 1755 3622 Παντὸς

137 3651 426 3707 ἀκούοντος
499 3651 586 3699 τόν
635 3649 784 3720 λόγον
858 3656 946 3708 τῆς
1005 3647 1298 3720 βασιλείας,
1353 3657 1440 3702 καὶ
1515 3657 1584 3722 μη
1638 3671 1755 3703 συν-

137 3744 344 3800 τέ-ιτος,
409 3740 622 3810 ἔρχεται
675 3739 699 3789 ο
784 3741 1029 3810 πονηρὸς,
1103 3745 1192 3790 καὶ
1263 3739 1488 3810 ἁρπάζει
1550 3744 1606 3791 τό
1665 3739 1754 3792 ἐσ-

137 3831 410 3899 παρμένον
487 3825 534 3878 ἐν
607 3835 667 3900 τῇ
724 3824 923 3900 καρδία
997 3828 1176 3883 αύτού.
1268 3829 1429 3889 Οὗτός
1512 3828 1650 3881 ἐστιν
1733 3832 1756 3881 ό

137 3919 296 3990 παρᾶ
358 3919 446 3974 τὴν
499 3913 621 3968 ὁδόν
681 3921 912 3990 σπαρείς.
986 3923 1084 3969 Καὶ
1139 3915 1399 3990 ἀνάγνωθι
1469 3923 1560 3976 τὴν
1638 3917 1756 3973 ὃλην

137 4010 350 4059 τούτων
390 4005 660 4076 ἐξήγησιν,
699 4004 783 4078 ἀφ’
825 4007 887 4066 ἧς
922 4002 1108 4080 ῥᾴδιον
1139 4015 1227 4059 και
1275 4011 1340 4060 τὰ
1382 4013 1613 4080 παρόντα
1644 4003 1759 4059 δια-

138 4104 350 4169 γνῶναι
359 4139 370 4149 .

220 4187 292 4237 Οἱ
323 4181 387 4236 δὲ
412 4183 496 4236 ἐπὶ
524 4194 619 4246 τῆς
649 4188 852 4258 πέτρας.
883 4187 948 4237 Οἱ
973 4181 1032 4238 δὲ
1071 4189 1206 4238 κατὰ
1228 4190 1319 4245 τὴν
1349 4192 1560 4259 πέτραν,
1609 4186 1758 4252 εἰσὶν,

141 4276 321 4338 οὗτοι,
354 4271 617 4337 δηλονότι,
652 4280 768 4347 περὶ
806 4275 874 4326 ὧν
902 4273 1021 4347 ἐρεῖ.

222 4367 296 4418 Oi
348 4367 471 4417 ὅταν
503 4396 570 4404 --
602 4365 934 4436 ἀφίστανται,
985 4366 1070 4418 Ἐν
1119 4374 1190 4437 τῷ
1239 4369 1457 4439 τοιούτῳ
1504 4366 1762 4440 κεφαλαίῳ

144 4464 246 4509 καὶ
275 4459 396 4529 περὶ
425 4463 523 4506 τῶν
553 4457 799 4506 τοιούτων
829 4457 1086 4530 εὑρήσεις.

225 4547 301 4598 τό
331 4540 395 4596 δὲ
435 4574 500 4584 -
531 4543 683 4597 εἰσιν.
721 4546 868 4599 Ἀντί
911 4553 1021 4610 τοῦ,
1072 4544 1121 4598 ἐν
1163 4549 1364 4609 τούτοις
1413 4545 1546 4599 ἐστί.
1594 4551 1766 4607 Ποίοις

149 4639 367 4694 τούτοις
392 4650 406 4700 ;
432 4631 597 4687 Ἀκου
606 4652 715 4688 σον.

233 4726 303 4776 Οἱ
408 4753 476 4764 --
569 4723 984 4799 τελεσφοροῦσιν.

157 4814 394 4867 πλούτου
486 4818 576 4866 καὶ
646 4810 866 4879 ἡδονῶν,

154 4909 257 4955 καὶ

1096 4723 1218 4780 ’Υπὸ
1323 4745 1416 4802 μορ
1426 4747 1442 4777 ι
1445 4735 1582 4799 μνῶν
1681 4731 1770 4779 καὶ

956 4811 1070 4868 ἂντὶ
1139 4811 1230 4869 τού
1260 4860 1276 4886 ,
1330 4819 1462 4889 μετὰ
1515 4824 1770 4892 μεριμνῶν

360 4902 586 4955 πλούτου
676 4908 766 4956 καὶ
848 4900 1049 4962 ἡδονῶν
1135 4909 1490 4982 πορευόμενοι,
1583 4907 1769 4972 είτουν,

155 4992 575 5065 πολιτευόμενοι.
634 4992 717 5047 Ἐν
794 4992 969 5067 ἐκείνῳ
1045 4991 1122 5067 δὲ,

159 5083 292 5160 έρῥῂ
302 5084 394 5141 θη.

1221 5001 1311 5048 καὶ
1393 5000 1510 5072 περὶ
1580 4996 1773 5048 τούτων

239 5265 286 5300 ⁵³
331 5264 510 5321 Marc.
537 5278 614 5332 1v,
664 5263 755 5321 11.
831 5264 877 5300 ⁸²
917 5262 1131 5320 Matth.
1163 5279 1288 5332 xm,
1322 5263 1409 5320 49.

1820 429 2064 496 uicaria,
2095 430 2215 486 sive
2246 432 2621 504 voluptatum
2659 433 2931 498 amatrix,
2960 433 3307 504 paenitentia
3327 449 3484 507 pun-

1822 524 2075 589 geretur,
2104 524 2161 574 et
2186 519 2469 592 lacrymis
2517 520 2784 577 ablueret
2814 520 3083 577 faetorem
3126 523 3315 594 ipsius
3347 537 3484 596 pec-

1822 607 1956 672 cati,
1977 623 2047 664 ac
2063 624 2311 665 suavem
2331 610 2410 666 ad
2443 613 2626 666 Deum
2647 609 2900 667 deferret
2927 610 3176 667 odorem
3198 614 3485 682 unguenti

1823 695 2015 768 ipsius
2058 699 2316 755 Virtutis.

1895 786 2045 841 CAP.
2073 785 2219 841 VIII.
2253 788 2419 843 Vers.
2456 792 2504 843 l.
2530 788 3088 860 Factumque—Dei.
3119 788 3488 845 Denuntians

1824 874 1990 947 quod
2021 875 2216 932 fruitio
2246 875 2472 948 divina,
2502 861 2869 950 requiesque
2901 880 3266 951 sempiterna
3291 878 3489 935 dona-

1825 969 2032 1019 rentur
2059 964 2122 1018 in
2163 963 2364 1035 ipsum
2417 964 2825 1025 credentibus.

1902 1049 2066 1107 Vers.
2097 1053 2151 1106 1.
2178 1052 2256 1108 Et
2280 1082 2352 1094 —
2375 1068 2460 1110 eo.
2492 1054 2674 1110 Simul
2701 1061 2869 1110 erant
2893 1070 3033 1110 cum
3063 1069 3160 1112 eo.

1899 1140 2066 1196 Vers.
2119 1145 2174 1195 2.
2227 1144 2316 1198 Ac
2364 1144 2634 1199 mulieres
2690 1173 2762 1184 —-
2810 1145 2973 1201 Vers.
3032 1148 3085 1201 3.
3143 1144 3284 1201 suis.
3339 1144 3491 1200 Cum

1828 1229 1989 1286 enim
2031 1229 2339 1286 beneﬁciis
2381 1232 2459 1288 ab
2484 1247 2556 1288 eo
2605 1231 2834 1288 affectas
2884 1238 3102 1299 essent,
3148 1250 3266 1290 non
3296 1233 3490 1290 dices-

1828 1324 2032 1376 serunt
2053 1320 2130 1376 ab
2161 1335 2252 1375 eo.
2287 1323 2522 1392 Septem
2553 1321 2857 1379 daemonia
2882 1322 3126 1394 quidam
3154 1339 3262 1395 pro
3292 1322 3492 1379 multis

1829 1408 2679 1481 interpretantur.Consuetum
2692 1416 3058 1484 estnamque
3074 1412 3236 1484 apud
3249 1411 3494 1468 limbi-aa-

1830 1513 1899 1553 os
1929 1503 2160 1570 septem
2189 1515 2416 1564 vocare,
2459 1515 2596 1572 quae
2630 1500 2820 1556 multa
2859 1507 3015 1556 sunt.
3045 1504 3495 1556 Procuratorem

1831 1602 1974 1643 vero
1989 1586 2235 1643 Herodis
2252 1588 2513 1660 intellige
2531 1603 2917 1645 mconomum
2937 1594 2992 1644 et
3013 1589 3490 1662 dispensatorem

1761 1693 1801 1746 Β
1835 1691 2036 1732 rerum
2083 1677 2292 1748 ipsius.

2088 1763 2427 1822 CAP.XXII.
2458 1768 2543 1824 De
2584 1768 2902 1824 seminante
2927 1767 3245 1836 parabola.

1911 1855 2077 1912 Vers.
2101 1859 2154 1912 4.
2177 1858 2321 1913 Cum
2343 1863 2541 1914 autem
2574 1857 2996 1915 conveniret—
3025 1857 3196 1914 Vers.
3223 1861 3274 1913 8.
3295 1864 3501 1916 centu.

1835 1946 2028 2014 plum.
2089 1946 2167 2002 De
2202 1946 2316 2002 hac
2371 1946 2654 2003 sementis
2698 1945 2989 2020 parabole
3050 1947 3227 2004 latius
3265 1948 3502 2021 scripsit

1841 2034 2144 2091 Matthaaus
2193 2035 2472 2092 vicesimo
2521 2042 2736 2109 quarto
2783 2037 2978 2109 capite
3025 2053 3039 2104 ;
3088 2040 3146 2094 et
3195 2036 3274 2092 ibi
3300 2036 3374 2094 de
3404 2035 3498 2093 his

1841 2123 2123 2180 omnibus
2147 2139 2368 2196 quaare.

1914 2213 2081 2270 Vers.
2113 2217 2165 2269 8.
2199 2215 2339 2272 Haec
2362 2243 2432 2256 —
2460 2215 2694 2272 audiat.
2725 2215 2806 2273 De
2836 2214 2928 2272 his
2960 2215 3135 2272 etiam
3164 2215 3248 2272 ibi
3273 2214 3500 2273 dictum

1845 2308 1956 2360 est.

1914 2394 2074 2450 Vers.
2110 2397 2165 2450 9.
2193 2392 2644 2466 Interrogabant
2667 2425 2737 2436 -
2761 2393 2924 2452 Vers.
2955 2396 3042 2452 10.
3075 2393 3202 2452 Dei.
3229 2394 3506 2453 Similiter

1847 2487 1904 2539 et
1940 2481 2016 2538 de
2046 2482 2160 2540 his.

1920 2572 2082 2629 Vers.
2125 2573 2212 2630 10.
2267 2573 2507 2630 (laeteris
2550 2581 2750 2631 autem
2807 2605 2877 2614 —
2915 2575 3235 2646 parabolis.
3270 2573 3505 2632 Marcus

1848 2677 1992 2718 vero
2016 2662 2250 2734 planius
2276 2663 2528 2735 scripsit,
2583 2664 2787 2719 dicens
2811 2683 2824 2722 :
2856 2665 2966 2719 His
2989 2671 3184 2720 autem
3213 2665 3330 2736 qui,
3349 2664 3508 2734 foris

1848 2759 2011 2819 sunt,
2040 2753 2102 2807 in
2129 2752 2435 2820 parabolis
2463 2752 2662 2809 omnia
2685 2754 2840 2821 ﬁunt
2863 2754 2929 2788 ⁸³·
2961 2755 3024 2807 Et
3057 2753 3275 2809 horum
3307 2767 3510 2826 quare

1851 2841 2282 2914 expositionem
2329 2857 2488 2898 nono
2537 2842 2662 2913 ejus
2693 2842 2904 2913 capite.

1924 2932 2089 2987 Vers.
2123 2932 2209 2986 10.
2264 2931 2340 2988 Ut
2369 2962 2438 2972 —
2474 2929 2844 3002 intelligant.
2870 2929 2955 2986 lbi
2977 2935 3032 2987 et
3061 2931 3184 2988 haec
3209 2929 3512 2989 declarata

1775 3051 1815 3108 Ο
1855 3025 2082 3166 “illius.
2117 3115 2196 3168 tl.
2227 3111 2334 3165 Est
2354 3141 2417 3150 —-
2444 3110 2751 3181 parabola.
2783 3111 2933 3175 Haec,
2959 3109 3020 3166 id
3045 3114 3151 3175 est,
3183 3109 3322 3167 talis
3345 3111 3516 3183 juxta

1859 3199 2424 3272 interpretationem.
3279 3218 3286 3224 ·

1931 3291 2091 3346 Vers.
2114 3289 2203 3344 11.
2224 3289 2433 3347 Semen
2468 3319 2532 3333 --
2554 3288 2679 3346 Dei.
2703 3287 2914 3346 Sermo
2944 3288 3088 3346 ﬁdei
3112 3287 3515 3361 evangelicus.

1934 3470 2100 3525 Vers.
2133 3470 2220 3526 12.
2257 3468 2366 3534 Qui
2413 3485 2542 3526 vero
2572 3501 2640 3510 —
2677 3468 2829 3526 salvi
2848 3469 3024 3538 ﬁant.
3057 3467 3342 3525 Praedicta
3371 3469 3522 3524 vice-

1863 3561 2007 3615 simo
2036 3563 2249 3631 quarto
2275 3560 2459 3632 capite
2491 3561 2568 3615 ait
2599 3558 2901 3616 Matthaaus
2935 3574 2947 3612 :
2984 3557 3125 3614 Cum
3157 3558 3337 3630 quivis
3363 3557 3522 3614 audi-

1865 3649 1952 3705 vit
1974 3649 2209 3705 verbum
2241 3650 2420 3722 regni,
2455 3664 2557 3706 nec
2581 3648 2866 3719 intelligit
2900 3664 2911 3704 :
2943 3648 3093 3704 venit
3117 3647 3217 3704 ille
3239 3649 3441 3712 malus,
3467 3654 3526 3703 et

1865 3739 2022 3808 rapit
2038 3739 2190 3811 quod
2205 3742 2549 3796 seminatum
2581 3747 2659 3796 est
2678 3756 2736 3792 ιη
2761 3739 2938 3795 corde
2964 3738 3136 3810 ipsius
3158 3754 3174 3804 ;
3195 3737 3291 3794 hic
3310 3743 3412 3802 est,
3434 3737 3529 3809 qui

1855 3831 2040 3899 ju'cta
2083 3829 2234 3884 viam
2278 3829 2586 3885 seminatus
2629 3828 2743 3897 fuit
2801 3828 2870 3883 ι’.
2924 3829 2986 3883 Et
3014 3831 3142 3898 lege
3185 3829 3527 3884 universam

1867 3917 2104 3973 illorum
2171 3919 2623 3991 expositionem,
2683 3918 2839 3974 unde
2889 3923 2944 3973 et
2991 3918 3309 3990 praesentia
3358 3916 3529 3974 facile

1869 4008 1973 4063 erit
2007 4023 2389 4078 cognoscere.

1946 4185 2103 4241 Vers.
2139 4186 2220 4240 13.
2259 4185 2368 4254 Qui
2397 4201 2532 4241 vero
2557 4200 2730 4256 super
2751 4191 2998 4255 petram.
3035 4186 3145 4250 Qui
3172 4183 3248 4239 ad
3277 4187 3529 4254 petram,

1873 4275 1934 4331 hi
1956 4281 2093 4330 sunt
2122 4274 2413 4338 videlicet,
2440 4274 2514 4330 de
2554 4273 2776 4346 quibus
2804 4273 3071 4328 dicturus
3105 4275 3211 4327 est.

1944 4363 2106 4419 Vers.
2144 4368 2228 4420 13.
2270 4364 2380 4428 Qui
2404 4380 2537 4422 cum
2563 4361 2859 4419 recedunt.
2894 4361 3114 4418 Eodem
3141 4360 3330 4432 capite
3361 4361 3536 4416 etlam

1877 4454 2000 4510 haec
2044 4453 2327 4509 invenies.

1950 4545 2110 4598 Vers.
2139 4543 2226 4598 14.
2261 4542 2427 4608 Quod
2451 4545 2642 4599 autem
2673 4572 2738 4581 —
2756 4547 2913 4596 sunt.
2944 4541 3064 4597 Hoc
3085 4544 3190 4612 est,
3215 4541 3276 4596 in
3303 4539 3397 4596 his
3423 4544 3536 4596 est.

1879 4632 2166 4699 Qualibus
2197 4633 2287 4687 his
2345 4631 2373 4686 ?
2407 4630 2579 4687 Audi.

1951 4722 2116 4779 Vers.
2132 4722 2219 4778 14.
2237 4721 2342 4786 Qui
2363 4753 2415 4762 -
2430 4721 2692 4791 referunt
2698 4719 3112 4790 fructum.Snb
3127 4717 3535 4776 sollicitudini-

1881 4810 2288 4870 busvetdivitiis
2304 4827 2372 4867 ac
2397 4808 2794 4881 voluptatibus
2811 4826 2824 4864 :
2840 4809 2953 4864 hoc
2967 4815 3052 4864 est
3065 4824 3202 4864 cum
3220 4807 3541 4865 sollicitudi

1881 4903 2061 4958 nibus
2077 4907 2132 4957 et
2159 4900 2376 4956 divitiis
2393 4915 2463 4958 ac
2490 4898 2898 4972 voluptatibus
2915 4903 3122 4954 euntes
3158 4897 3284 4954 sive
3303 4913 3547 4954 conver-

1877 4995 2100 5050 santes.
2143 4989 2211 5048 ln
2242 5006 2313 5048 eo
2351 4990 2530 5047 etiam
2561 4987 2636 5046 de
2666 4987 2759 5044 his
2797 4987 3024 5044 dictum
3046 4993 3154 5045 est.

1381 5416 1607 5487 Varia).
1646 5415 1975 5484 lectiones
2017 5423 2084 5481 et
2132 5421 2334 5480 notze.

249 5616 368 5692 (42)
407 5609 646 5691 Ἡρώδου
680 5612 878 5671 abest.
909 5616 974 5668 A.

471 5714 710 5769 PATROL.
749 5710 856 5769 Gn.
899 5711 1144 5770 CXXIX.
