3994 6218
552 243 656 301 939
1258 312 1263 315 ς
1870 232 2192 292 EUTHYMI

2315 232 2592 293 [GABENI
3754 232 3822 291 940

546 420 555 423 -
626 368 799 425 Vers.
829 366 917 423 15.
950 362 1111 431 Quod
1142 376 1277 420 vero
1306 389 1373 403 —
1398 375 1506 431 per
1531 361 1904 432 patientiam.
1936 359 2192 416 Similitei

2370 364 2457 418 ,Τό
2535 359 2593 415 δε
2683 394 2747 401 -
2828 360 2875 414 ἄν
2968 362 3228 433 ὑπομονῇ.
3334 356 3547 431 Ὁμοίως
3620 365 3693 410 καὶ
3749 378 3823 429 περι

555 460 613 515 et
663 460 739 513 de
781 455 896 512 his.

2320 454 2533 504 τούτων.

626 545 788 600 Vers.
824 546 913 599 16.
944 538 1414 595 Nemo—lumen.
1437 539 1568 593 Haec
1585 538 1787 594 debito
1819 537 1998 593 modo
2016 535 2192 592 declat

2391 537 2584 603 Οὐδεὶς
2621 573 2689 581 —
2729 550 2851 613 φῶς.
2894 547 3071 592 Ταῦτα
3099 542 3231 590 κατά
3256 542 3312 589 τὸ
3357 537 3486 596 εἰκός
3514 538 3827 608 ἡρμηνεύθισυ

552 638 685 690 rata
713 637 853 687 sunt
889 628 1100 702 quinto
1131 629 1324 700 capite
1369 627 1671 698 Evangelii
1704 627 2033 683 secundum
2066 626 2209 681 Mat-

553 720 789 785 thteum,
816 718 1067 791 ubipost
1088 717 1485 773 beatitudines
1508 718 1748 788 ponitur
1772 735 1785 772 :
1820 715 1925 773 Vos
1946 717 2077 772 estis
2099 716 2210 771 lux

550 808 753 865 mundi
773 808 841 859 ⁸⁸.
864 807 953 863 Ad
984 806 1283 880 apostolos
1299 806 1458 862 enim
1479 806 1641 862 dicta
1670 812 1825 872 sunt,
1854 821 2205 878 quanquam

554 898 632 956 ad
662 914 875 955 omnes
908 897 1257 954 communia
1308 896 1636 951 videantur.

624 988 792 1044 Vers.
812 988 899 1042 17.
917 988 1051 1044 Non
1070 986 1220 1042 enim
1238 1016 1307 1025 —
1322 992 1653 1041 venturum.
1676 985 1916 1040 Decima
1938 1000 2099 1041 nono
2116 999 2211 1039 ca-

551 1077 672 1150 pite
698 1076 842 1132 dicit
866 1076 1171 1132 Matthaaus
1205 1091 1217 1129 :
1242 1073 1645 1131 Nihillectum
1674 1080 1776 1140 est,
1806 1074 1947 1145 quin
1966 1074 2041 1129 sit
2062 1073 2209 1129 dete-

553 1166 801 1238 gendum
827 1182 839 1220 :
865 1171 918 1221 et
945 1165 1103 1220 nihil
1134 1165 1429 1220 occultum
1463 1169 1565 1227 est,
1590 1163 1725 1234 quin
1750 1162 2126 1234 futurumsit.
2146 1167 2210 1215 ut

552 1255 785 1311 sciatur
808 1255 876 1309 “.
918 1255 982 1308 Et
1010 1252 1139 1322 lege
1170 1268 1377 1309 eorum
1419 1253 1879 1308 enarrationem.
1910 1250 2211 1307 Versimile

552 1349 638 1399 est
659 1348 879 1411 autem,
916 1342 1080 1414 quod
1106 1342 1283 1397 variis
1311 1340 1676 1413 temporibus
1710 1340 1970 1397 Christus
1996 1340 2213 1396 similia

554 1432 765 1488 dixerit
805 1448 820 1498 ;
870 1430 1006 1488 ideo
1036 1430 1214 1487 etiam
1256 1430 1506 1486 diversis
1554 1429 2008 1501 Evangeliorum
2064 1428 2208 1486 locis

552 1520 749 1593 posita
774 1525 928 1577 sunt.

623 1608 877 1675 Quidam
889 1612 1090 1666 autem
1106 1608 1330 1675 dicunt,
1352 1624 1689 1664 sermonem
1704 1608 1868 1664 hunc
1884 1608 1959 1664 de
1975 1607 2211 1664 occulta

2319 629 2366 682 ἐν
2400 639 2468 701 τῷ
2495 635 2707 702 πέμπτῳ
2747 629 3003 702 κεφαλαίῳ
3038 636 3128 679 τοῦ
3159 630 3293 678 κατα
3320 627 3597 688 Νιατθαῖον,
3626 628 3727 695 μετὰ
3754 630 3828 683 τοὺς

2319 724 2706 792 μακαρισμοῦς,
2740 722 2860 771 ἔνθα
2892 727 3057 771 κεῖται
3106 722 3181 768 τό’
3224 717 3386 788 Ὑμεῖς
3434 716 3541 766 ἐστε
3570 718 3621 765 τὸ
3664 723 3741 785 φῶς
3773 722 3829 764 τιὺ

2318 814 2545 879 κόσμου.
2588 813 2727 881 Πρός
2755 814 2874 869 τοὺς
2908 806 3231 867 ἀποστόλους
3269 809 3367 877 γὰρ
3400 804 3689 877 ἐρρήθησαν,
3722 802 3830 853 sint

2318 900 2465 949 κοινὰ
2497 895 2715 950 δοκοῦσι
2742 901 2870 970 πρός
2899 899 3113 957 πάντας.

2392 987 2466 1039 Οὐ
2548 990 2645 1059 γὰρ
2726 1019 2793 1029 -
2850 986 2993 1059 a9!)-
3046 986 3125 1038 Ἐν
3187 992 3259 1055 τῷ
3330 979 3726 1051 ἐννεακαιδεκάτῳ
3784 1000 3827 1030 κε-

2322 1075 2519 1147 φαλαίῳ
2574 1082 2702 1148 φησί
2764 1079 3051 1136 Ματθαίος·
3120 1076 3199 1126 ὅτι
3251 1070 3419 1125 Οὐδέν
3494 1071 3595 1123 ἐστι
3650 1069 3833 1140 auulsa

2320 1169 2488 1236 μένον,
2558 1167 2583 1217 ὃ
2660 1166 2753 1217 οῦκ
2832 1164 3345 1235 ἀποκαλυφθήσεται,
3422 1167 3510 1212 καὶ
3574 1160 3836 1232 κρυπτόν,ἐ

2322 1254 2379 1307 οῦ
2427 1257 2814 1326 γνωσθήσεται.
2862 1260 2960 1307 Καὶ
2998 1253 3257 1324 ἀνάγνωθι
3303 1256 3395 1309 τὴν
3442 1250 3671 1319 ἐξήγησιν
3705 1247 3835 1298 αὐτῶν.

2321 1345 2474 1405 Εἰκὸς
2528 1341 2607 1409 δὲ,
2660 1348 2796 1397 κατὰ
2858 1341 3139 1417 διαφόρους
3176 1345 3391 1415 καιροὺς
3451 1342 3512 1392 τὰ
3558 1344 3743 1390 τοιαῦτα
3784 1338 3840 1385 τὸν

2322 1438 2551 1509 Χριστόν
2579 1434 2757 1489 εἰπεῖν.
2786 1438 2873 1487 Διὸ
2904 1439 2990 1485 καὶ
3027 1432 3074 1484 ἔν
3106 1428 3382 1503 διαφόροις
3420 1434 3589 1488 τόποις
3625 1433 3707 1479 τῶν
3731 1425 3840 1492 εὔη-

2318 1524 2497 1595 γιλίων
2530 1522 2801 1581 ἐτέθησαν.

2389 1617 2533 1675 Τινὲς
2560 1609 2618 1665 δέ
2636 1633 2783 1684 φασι,
2804 1616 2889 1664 τόν
2911 1612 3060 1683 λόγον
3079 1617 3259 1662 τοῦτον
3287 1605 3415 1661 εἶναι
3432 1612 3547 1679 περὶ
3568 1613 3649 1665 τῆς
3672 1609 3845 1678 κρυπτξς

552 1698 669 1755 dici
696 1698 929 1765 virtute,
953 1714 1081 1770 qua:
1102 1699 1349 1753 omnino
1369 1697 1804 1755 manifestanda
1828 1702 1916 1753 est
1942 1703 2056 1753 tem
2067 1713 2192 1770 porg

2321 1702 2521 1775 ἀρετῆς,
2592 1705 2673 1754 ὅτι
2731 1709 3038 1774 φανεροῦται
3085 1702 3285 1758 πάντως
3352 1697 3399 1749 ἐν
3467 1704 3537 1765 τῷ
3603 1701 3741 1765 καιρῷ
3782 1698 3845 1748 ff;

551 1787 954 1844 retributionis
987 1804 1001 1843 :
1036 1802 1391 1859 quanquam
1426 1788 1544 1858 (qq)
1570 1788 1631 1842 in
1670 1786 1943 1859 praesenti
1965 1803 2208 1859 quoque

551 1878 669 1935 vita
695 1877 1055 1950 frequentius
1081 1877 1196 1932 hoc
1227 1877 1349 1932 ﬁat.

624 1967 785 2023 Vers.
814 1967 901 2022 18.
944 1967 1140 2022 Videte
1160 1997 1227 2006 —
1248 1965 1524 2021 audiatis.
1559 1966 1874 2029 Attendite,
1904 1965 2207 2039 quomodo

547 2056 660 2121 his,
690 2071 864 2128 qutea
892 2071 988 2110 me
1014 2056 1311 2121 dicuntur,
1344 2056 1616 2111 animum
1649 2056 1967 2111 advertatis
1997 2071 2010 2111 :
2035 2072 2209 2127 opor-

548 2149 629 2203 tet
659 2146 818 2201 enim
848 2144 1160 2214 diligenter
1184 2149 1242 2199 et
1268 2160 1407 2199 cum
1436 2144 1632 2200 studio
1652 2144 1778 2199 haec
1812 2145 2034 2209 audire,
2068 2162 2204 2201 cum

548 2234 869 2305 allegorica
896 2234 1013 2290 sint
1036 2250 1104 2291 ac
1129 2232 1421 2305 sublimia,
1480 2239 1672 2290 etnon
1693 2239 1908 2290 temere
1934 2239 2037 2293 aut
2062 2251 2206 2291 casu

547 2324 730 2382 dicta.

618 2416 759 2471 Vers
774 2458 787 2472 .
814 2415 902 2471 18.
927 2413 1184 2485 Quisquis
1205 2444 1273 2453 —
1288 2412 1405 2469 illi.
1426 2412 1772 2485 Quicunque
1794 2414 2069 2471 habuerit
2086 2420 2201 2472 stu-

545 2502 713 2559 dium
728 2519 797 2561 ac
809 2503 1199 2573 diligentiam,
1215 2500 1545 2559 dabiturilli
1558 2503 1772 2558 horum
1792 2503 2075 2574 cognitio.

618 2592 779 2649 Vers.
827 2593 915 2647 18.
961 2593 1222 2663 Quisquis
1269 2622 1329 2632 —
1371 2606 1455 2647 eo.
1507 2594 1673 2647 Nono
1720 2593 1913 2663 capite
1958 2592 2100 2649 dicit
2148 2600 2203 2651 et

544 2681 776 2739 Marcus
802 2700 815 2741 :
843 2682 1176 2753 Quicunque
1193 2681 1484 2745 habuerit,
1508 2680 1759 2739 dabitur
1787 2682 1857 2747 ei,
1884 2688 1937 2739 et
1960 2684 2060 2754 qui
2080 2700 2199 2740 non

545 2770 741 2841 habet,
768 2774 940 2828 etiam
967 2771 1118 2843 quod
1148 2770 1317 2827 habet
1339 2771 1637 2839 auferetur
1662 2771 1735 2826 ab
1762 2786 1824 2827 eo
1854 2773 1899 2805 ‘5
1922 2788 1936 2838 ;
1963 2772 2197 2829 illorum

544 2877 686 2930 ergo
724 2860 849 2932 lege
876 2859 1447 2931 interpretationem.

614 2950 775 3006 Vers.
800 2949 889 3008 19.
956 2949 1240 3006 Venerunt
1280 2978 1351 2990 —-
1408 2949 1660 3005 turbam.
1714 2948 1947 3005 Dictum
2001 2956 2089 3006 est
2122 2952 2195 3008 de

542 3038 701 3094 hisin
718 3038 1109 3095 ﬁnevicesimi
1127 3038 1273 3094 tertii
1293 3037 1506 3110 capitis
1539 3038 1837 3111 Evangelii
1860 3041 2193 3096 secundum
2234 3070 2274 3127 Ο

540 3126 904 3193 Matthaaum,

612 3217 778 3275 Vers.
811 3218 897 3274 20.
928 3218 1005 3274 Et
1029 3219 1362 3274 nuntiatum
1391 3223 1471 3274 est
1490 3248 1556 3257 —
1579 3217 1847 3275 volentes.
1871 3220 1913 3290 -ι-
1933 3218 1969 3286 τί·
1993 3220 2197 3277 Dicen-

540 3308 725 3376 tibus,
750 3307 1033 3365 nimirum
1078 3306 1590 3364 annuntiantibus.

622 3400 781 3455 Vers.
814 3398 903 3453 21.
933 3401 1014 3453 At
1065 3398 1169 3454 ille
1222 3428 1290 3438 —
1337 3397 1592 3467 faciunt.
1654 3396 1738 3453 Ibi
1777 3396 1955 3455 etiam
2002 3399 2076 3456 de
2104 3399 2199 3456 his

536 3488 820 3546 omnibus
863 3492 1066 3544 exacte
1107 3485 1519 3543 disseruimus.

537 3575 689 3632 CAP.
741 3576 930 3634 XXIII.
977 3578 1063 3633 De
1090 3576 1479 3647 increpatione
1524 3575 1683 3632 venti
1730 3590 1802 3632 ac
1843 3577 2199 3646 tempestatis

1268 3664 1443 3719 maris

610 3754 752 3810 Vers
781 3757 871 3809 22.
912 3754 991 3809 Et
1022 3752 1226 3810 accidit
1258 3784 1325 3793 -—
1356 3752 1521 3809 Vers.
1562 3754 1652 3808 23.
1677 3754 2195 3823 periclitabantur.

536 3840 761 3899 Horum
775 3842 1319 3915 interpretationem
1333 3858 1529 3914 quaere
1543 3843 1601 3897 in
1618 3844 1992 3899 enarratione
2017 3846 2197 3902 unde-

535 3932 672 3989 cimi
691 3932 899 4005 capitis
916 3931 1218 4002 Evangelii
1241 3932 1572 3987 secundum
1602 3932 1964 3990 Matthaaum.
1988 3935 2195 4007 Imple-

536 4022 751 4079 bantur
772 4027 992 4087 autem,
1019 4026 1162 4093 puta
1190 4036 1371 4093 aqua.

606 4112 769 4167 Vers.
799 4115 885 4167 24.
909 4110 1250 4168 Accedentes
1284 4142 1337 4152 —
1368 4110 1868 4181 periclitabantur.
1898 4114 2112 4171 Omnia
2130 4113 2188 4169 in

532 4217 605 4259 eo
634 4200 821 4274 capite
859 4200 1279 4257 convenienter
1328 4200 1643 4255 manifesta
1676 4206 1832 4255 sunt.

604 4290 767 4348 Vers.
798 4295 885 4347 25.
920 4290 1086 4347 Dixit
1113 4319 1183 4331 —-
1215 4296 1403 4346 vestra
1433 4289 1460 4345 ‘t
1486 4291 1622 4353 Quae
1648 4291 1716 4344 de
1747 4290 1861 4345 hoc
1888 4296 1992 4359 est,
2027 4292 2191 4364 quod

2320 1791 2737 1853 ὁινταποὸόσεως⁸
2793 1791 3037 1852 πολλάκις
3060 1787 3117 1842 δὲ
3138 1794 3227 1841 καὶ
3256 1790 3390 1839 κατὰ
3412 1791 3506 1843 τήν
3536 1785 3728 1836 ἐνταῦθα
3748 1783 3842 1840 ζωὴν

2318 1891 2409 1935 τοῦ
2441 1886 2635 1939 ταύτην
2669 1880 3039 1955 ἐργαζομένου.

2392 1971 2599 2024 Βλέπετε
2656 2002 2722 2011 --
2772 1969 3000 2021 ἀκούετε.

2318 2065 2382 2114 τὰ
2398 2062 2642 2133 lar/casso:
2663 2060 2784 2134 παρ’
2806 2059 2952 2132 ἐμοῦ.
2979 2062 3091 2133 Χρή
3114 2060 3213 2131 γὰρ
3237 2052 3540 2116 σπουδαίως
3562 2059 3641 2104 καὶ
3659 2048 3843 2122 ἐπιμελῶς

2318 2151 2485 2203 αὐτῶν
2520 2150 2829 2223 ἀκροᾶσθαι,
2875 2147 3200 2221 συμϐολικών
3248 2150 3404 2198 ὄντων
3450 2149 3537 2196 καὶ
3578 2141 3755 2213 ὑψηλῶν
3787 2142 3845 2187 καὶ

3090 1970 3405 2037 Προσέχετε,
3468 1974 3567 2024 πῶς
3612 1960 3843 2019 ἐνωτίζισθε

2317 2240 2443 2312 οὐχ,
2469 2242 2537 2301 ὡς
2559 2242 2737 2310 ἔτυχε,
2768 2237 3069 2310 λεγομένων.

2384 2418 2475 2479 ⁸ος
2508 2450 2570 2459 -
2603 2418 2765 2488 αὐτῷ.
2783 2422 2872 2477 ⁸ος
2891 2415 2949 2467 ἂν
2967 2416 3081 2487 (43)
3113 2417 3213 2486 ἔχη
3241 2409 3485 2470 σπουδήν
3502 2416 3587 2463 καὶ
3603 2405 3843 2479 imprium,

2316 2506 2603 2567 δοθήσεται
2634 2507 2771 2577 αὐτῷ
2800 2515 2992 2577 ’γνῶσις
3022 2507 3235 2558 τούτων.

2387 2604 2487 2651 Καὶ
2526 2598 2581 2658 ὃς
2625 2628 2691 2636 —
2724 2596 2905 2648 αὐτοῦ.
2949 2595 3029 2647 Ἐν
3068 2603 3140 2664 τῷ
3190 2592 3349 2661 ἐνάτῳ
3382 2590 3633 2663 κεφαλαίῳ
3680 2585 3844 2656 quoivs

2312 2688 2422 2758 (44)
2452 2690 2682 2760 Μάρκος
2718 2687 2794 2737 ὅτι
2825 2684 2920 2746 ⁸ος
2948 2682 3009 2734 ἂν
3041 2686 3164 2755 ἔχη,
3195 2677 3488 2739 δοθήσεται
3528 2679 3674 2746 αὐτῷ,
3711 2678 3780 2725 καὶ
3812 2672 3847 2730 ὃς

2308 2776 2401 2827 οῦκ
2451 2777 2583 2847 ἔχει,
2653 2779 2742 2826 καὶ
2801 2774 2825 2825 ὁ
2892 2775 3025 2842 ἔχει,
3078 2770 3363 2845 ἀρθήσεται
3418 2768 3508 2820 ἀπ’
3578 2767 3734 2817 αὐτοῦ.
3778 2766 3847 2812 Καὶ

2308 2864 2566 2936 ἀνάγνωθι
2597 2869 2689 2921 τήν
2712 2862 2959 2934 ἐξήγησιν
2992 2862 3177 2913 αῦτῶν.

2382 2959 2721 3029 [Ιαρεγένοντο
2777 2984 2844 2991 -
2910 2952 3086 3023 ὄχλον,
3142 2953 3358 3023 Εἴρηται
3400 2953 3520 3019 περὶ
3580 2947 3746 2997 τούτων
3789 2957 3848 2987 επι

2307 3045 2481 3105 τε7.ους
2513 3050 2602 3095 τοῦ
2650 3042 2889 3093 εἰκοστοῦ
2928 3047 3105 3115 τρίτον
3157 3038 3440 3110 κεφαλαίου
3469 3044 3557 3089 τοῦ
3605 3033 3721 3085 κατὰ
3748 3034 3847 3081 Ματ-

2310 3136 2471 3189 Οαῖον.

2382 3228 2480 3274 Καὶ
2522 3220 2786 3292 ἀπηγγέλη
2840 3251 2906 3259 -
2957 3219 3195 3278 θεῦεοντες.
3247 3221 3540 3288 Atlas-rm,
3583 3220 3671 3264 τῶν
3718 3206 3847 3275 ἀπεῖ-

2307 3312 2583 3384 γελλόντων
2613 3312 2749 3382 (45).

2377 3400 2435 3454 Ὀ
2479 3397 2538 3453 δε
2588 3432 2648 3439 -
2690 3405 2974 3461 ποιοῦντες.
3045 3399 3180 3451 Ἐκιί
3227 3400 3346 3468 περὶ
3430 3396 3629 3446 πάντων
3676 3382 3849 3461 ἀκριϐῶς

2311 3487 2631 3561 διελάϐομεν.

2416 3586 2558 3633 ΚΕΦ.
2600 3577 2715 3632 KF'.
2755 3581 2877 3651 Περὶ
2908 3584 3000 3637 τῆς
3026 3574 3424 3647 ἐπιπτιμήσεως
3456 3580 3556 3625 τῶν
3580 3566 3770 3622 ὑδάτων.

2381 3764 2481 3812 Καὶ
2560 3757 2750 3829 ἐγένετο
2842 3786 2909 3796 -
2989 3750 3328 3807 ἐκινδύνευον.
3461 3756 3559 3809 Ἱκήν
3638 3745 3847 3820 ἑρμηνείαν

2305 3852 2499 3903 τούτων
2531 3848 2763 3908 ζήτησον
2807 3843 2853 3897 ἐν
2887 3853 2946 3917 τῇ
3000 3843 3243 3915 ὶξηγήσει
3288 3850 3380 3894 τοῦ
3438 3837 3698 3893 ἑνδεκάτου
3739 3848 3849 3901 li?!"

2304 3937 2449 3989 λαίου
2500 3944 2590 3989 τοῦ
2640 3938 2774 3987 κατὰ
2822 3936 3108 3988 Ματθαῖον.
3150 3932 3568 4004 Συνεπληροῦντο
3600 3925 3671 3995 δὲ,
3706 3919 3849 3975 ὕδατος

2305 4023 2569 4085 δηλονότι.

2376 4115 2746 4189 Προσελθίντες
2770 4146 2834 4154 —
2860 4113 3075 4185 γαλήνη.
3100 4113 3274 4164 Πάντα
3292 4113 3339 4162 ἐν
3357 4113 3536 4180 ἐκείνῳ
3563 4115 3629 4175 τῷ
3648 4099 3847 4173 “falli?

2303 4209 2668 4279 προσηκόντως
2699 4205 3147 4276 ἓσαφηνίσθησαν.

2372 4291 2493 4346 Εῖπε
2537 4325 2597 4333 —
2639 4295 2778 4365 ὑμῶν
2804 4310 2818 4359 ;
2849 4291 2905 4344 Ἠ
2963 4296 3080 4365 περὶ
3126 4298 3232 4352 τοῦ,
3292 4291 3373 4340 ὅτι
3422 4292 3592 4358 Σωτήρ
3651 4283 3740 4353 εἰμι
3780 4284 3847 4327 τὼν

532 4398 765 4439 servem
814 4399 847 4437 a
885 4380 1183 4455 periculis,
1214 4378 1500 4451 quodque
1547 4379 1737 4450 perire
1792 4396 1913 4436 non
1944 4380 2189 4453 possint,

2315 4380 2719 4447 ιινδυνευόντων,
2777 4386 2867 4434 καὶ
2917 4384 2996 4433 ὅτι
3054 4377 3311 4433 ἀδύνατον
3390 4374 3715 4431 κινδυνεῦσαι
3762 4368 3847 4421 τοὺς

530 4472 633 4544 qui
664 4471 1037 4530 Salvatorem
1083 4484 1285 4525 secum
1306 4467 1546 4524 habent.

604 4561 778 4619 Vers.
834 4563 921 4615 25.
963 4559 1176 4617 Territi
1216 4560 1289 4616 ei.
1347 4557 1533 4613 Etiam
1572 4557 1647 4613 de
1674 4557 1768 4613 his
1805 4558 2074 4616 similiter
2110 4558 2191 4617 ibi

530 4648 903 4721 disputatum
946 4655 1053 4706 est.

780 4737 939 4794 CAP.
988 4738 1179 4796 XXIV.
1214 4740 1298 4795 De
1347 4738 1563 4809 legione
1590 4737 1938 4794 daemonum.

604 4822 766 4881 Vers.
794 4829 881 4881 26.
912 4825 986 4880 Et
1016 4829 1441 4899 navigaverunt
1471 4859 1536 4868 —
1568 4825 1729 4882 Vers.
1780 4828 1868 4883 28.
1902 4834 2185 4900 torqueas.

604 5005 648 5042 "
676 5003 875 5062 Matth.
908 5020 963 5075 v,
1002 5007 1085 5063 14.
1164 5008 1210 5043 “
1240 5005 1440 5063 Matth.
1474 5023 1533 5073 x,
1567 5010 1656 5064 26.

1734 5006 1781 5044 ⁴⁸
1812 5010 1990 5065 Marc.
2025 5024 2105 5076 ιν,
2137 5012 2227 5066 25.

2301 4476 2519 4545 ἔχοντας
2541 4476 2625 4524 τόν
2657 4479 2873 4544 Σωτῆρα
2902 4470 2949 4522 ἐν
2982 4470 3204 4530 ἑαυτοῖς.

2370 4560 2675 4621 Φοϐηθέντες
2715 4591 2782 4601 -
2817 4559 3005 4630 αὖτῷς.
3043 4563 3143 4612 Καὶ
3181 4562 3300 4630 περὶ
3341 4576 3544 4609 τουτων
3583 4555 3747 4625 ὁμοίως
3776 4543 3845 4594 ἀεὶ

2303 4648 2629 4710 διείληπται.

2499 4746 2647 4797 ΚΕΦ.
2676 4738 2795 4794 ΚΔ’.
2840 4742 2965 4811 Περὶ
2997 4745 3084 4790 τοῦ
3116 4754 3326 4809 εχοντος
3353 4740 3444 4789 τὸν
3468 4735 3697 4805 λεγιῶνα.

2375 4834 2474 4884 Καὶ
2528 4827 2879 4882 κατέπλευσαν
2944 4857 3014 4868 -
3079 4824 3410 4900 βασανίσῃς,
3500 4824 3581 4878 Ἐν
3648 4827 3702 4891 τῇ
3763 4812 3847 4876 ἔξεο

1768 5176 1989 5247 Varia;
2012 5178 2337 5248 lectiones
2368 5188 2435 5249 et
2461 5189 2665 5249 notae.

597 5349 713 5500 E43;
747 5356 816 5413 Ος
853 5348 939 5403 ἐάν
969 5350 1091 5435 ἔχη,
1144 5355 1199 5405 Β.

623 5426 693 5481 44
754 5426 889 5484 Φησὶ
911 5426 1001 5475 καὶ
1030 5440 1076 5487 ο,
1103 5427 1166 5481 Β,

623 5426 713 5487 44)
754 5426 889 5484 Φησὶ
911 5426 1001 5475 καὶ
1030 5426 1076 5487 ὁ,
1103 5427 1166 5481 Β,

2376 5350 2493 5423 (45)
2518 5350 2619 5405 His
2647 5346 2835 5423 tribuis
2864 5345 3173 5423 vocabulis
3202 5348 3365 5423 caret
3380 5342 3710 5403 Hentenius.
3734 5335 3841 5403 Ego

2305 5417 2648 5479 contextum
2675 5420 3045 5494 conjunctim
3080 5417 3346 5477 exhibet.

599 5603 721 5678 (qq)
755 5603 1119 5674 Quanquam,
1162 5603 1279 5659 etc.
1318 5597 1489 5670 Saepe
1527 5612 1667 5655 vero
1706 5600 1886 5659 etiam
1920 5600 1982 5658 in
2019 5600 2142 5659 vita
2172 5601 2300 5673 ejus
2336 5600 2474 5670 hac,
2506 5600 2610 5674 qui
2638 5615 2773 5659 eam
2798 5599 2956 5658 fecit.
