3994 6218
152 283 226 340 941
1181 275 1550 338 COMMENT.
1594 273 1662 331 IN
1699 270 1959 335 LUCAM.
2001 312 2069 322 —
2109 283 2265 340 CAP.
2299 282 2443 343 VIII.

3357 298 3462 355 942

154 430 275 483 γησει
317 416 394 461 τοῦ
443 404 744 460 δωδεκάτου
793 407 1073 481 κεφαλαίου
1111 415 1202 460 τοῦ
1255 408 1389 458 κατά
1424 405 1690 458 Ματθαῐον

1896 409 2267 496 enarratione
2306 411 2638 471 duodecimi
2665 415 2836 485 juxta
2864 416 3205 477 Matthaeum
3258 423 3464 496 capitis

156 505 315 574 εἴρηται
360 503 464 570 περὶ
506 500 692 550 τούτου
760 506 952 569 σαφῶς.
993 501 1061 550 Τὸ
1101 497 1296 558 πλῆθος
1351 492 1409 548 δε
1440 503 1536 546 τῶν
1568 498 1692 544 ἐνοι-

155 592 333 640 κούντων
372 583 668 658 δαιμονίων,
704 590 768 647 ὡς
798 587 870 652 ἐν,
906 583 1000 639 διὰ
1046 592 1139 644 τὴν
1185 590 1472 650 κοινωνίαν,
1502 579 1690 647 ἐδέετο,

153 684 370 749 χρώμενον
403 684 471 746 τῷ
501 681 724 748 στόματι
745 685 836 728 τοῦ
876 675 1168 751 ἀνθρώπου.

213 765 496 840 ΙΙαρήγγειλε
549 797 617 806 -
689 764 982 839 ἀνθρώπου.
1039 765 1122 826 Ὠς
1180 764 1250 817 ἐνὶ
1307 770 1417 824 τοῖς
1495 760 1696 820 πολλοῖς

159 856 348 908 ἐπέταττε
397 851 637 927 δαίμοσι,
685 851 778 908 δια
825 861 919 914 τὴν
983 855 1251 908 ἀσθένειαν
1321 852 1510 912 αὐτῶν,
1546 851 1574 908 ἦ
1607 854 1697 902 καὶ

159 943 232 997 διὰ
255 950 300 996 τὸ
333 947 519 1007 πάντας
556 947 686 1017 ὁμοῦ
727 945 946 1017 λεγιῶνα
998 943 1292 1007 καλεῖσθαι,
1326 943 1354 1001 ἡ
1383 947 1470 994 καὶ
1503 937 1596 993 διά
1637 943 1696 991 τὸ

159 1035 226 1087 ἕνα
248 1036 342 1086 τινὰ
364 1033 596 1108 ἐξάρχειν
634 1044 733 1086 τῶν
785 1035 968 1098 ἄλλων,
1025 1034 1080 1095 ὃς
1134 1038 1224 1085 καὶ
1281 1029 1472 1099 ἐδέετο,
1529 1031 1698 1100 καὶ

158 1126 423 1197 ὀΧριστός
508 1123 798 1191 ἐπέταττεν,
891 1126 961 1184 ὡς
1029 1132 1124 1176 τῶν
1205 1121 1367 1174 ἄλλων
1443 1120 1697 1192 ἑπομένων

162 1232 307 1284 usus».

219 1302 479 1363 Πολλοῖς-
511 1303 761 1377 ἐρήμους.
795 1301 918 1354 ’Υπὸ
949 1309 1039 1354 τοῦ
1073 1298 1316 1373 δαίμονος
1340 1306 1432 1352 τοῦ
1468 1297 1696 1372 ἐξάρχου

165 1400 240 1442 τῶν
262 1397 334 1443 σὺν
360 1393 515 1463 αὐτῷ.

217 1481 502 1556 Ἐπερὼτησε
529 1513 593 1521 --
628 1480 881 1535 ἀπελθεῖν.
919 1488 1096 1534 Ταῦτα
1153 1485 1243 1531 καὶ
1297 1480 1322 1530 6
1353 1480 1561 1550 Μάρκος
1593 1475 1700 1528 6mi-

155 1571 290 1642 γραβρε
305 1576 382 1623 καὶ
407 1575 636 1634 ζήτησον
659 1576 752 1628 τὴν
780 1573 974 1624 τούτων
997 1570 1248 1640 ἐξήγησιν
1267 1567 1314 1619 ἐν
1345 1575 1416 1638 τῷ
1444 1562 1698 1635 ἑνδεκάτῳ

154 1661 362 1732 κεφαλαίῳ
384 1661 559 1716 αὐτοῦ.

208 1838 286 1892 Ἦν
313 1837 364 1892 δὲ
395 1873 450 1880 -
490 1838 770 1910 ἀπεπνίγη·
817 1845 880 1891 Eu
933 1845 1005 1908 τῷ
1057 1837 1266 1912 ῥηθέντι
1318 1831 1601 1904 δωδεκάτῳ
1625 1852 1704 1885 κε-

151 1926 312 2000 φαλαίῳ
339 1937 420 1982 τοῦ
446 1933 590 1982 κατά
616 1931 884 1982 Ματθαῐον
923 1931 1040 1999 περὶ
1091 1929 1282 1979 τούτων
1312 1926 1512 1976 πάντων
1555 1922 1706 1997 εὑρή-

154 2034 252 2078 σεις.

207 2104 366 2180 [Οζιιαι
419 2110 534 2179 (i6)
591 2116 689 2159 τῶν
738 2108 1028 2178 ὁμοχωρων
1077 2102 1368 2176 ἀλλοφύλων
1423 2097 1550 2155 εἶναι
1592 2106 1708 2160 τοὺς

151 2202 330 2269 χοίρους
357 2198 509 2259 Εἰκὸς
542 2193 600 2249 δὲ
631 2202 717 2248 καὶ
765 2199 886 2257 τοὺς
916 2190 1208 2255 Ἰουδαίους
1257 2189 1542 2263 διατρέφειν
1586 2195 1710 2261 χοί-

150 2304 248 2355 ρους
272 2286 344 2339 ἐπὶ
371 2293 422 2339 τό
441 2291 561 2354 κεῖ)
579 2284 888 2358 ἀπεμπολεῑν
917 2284 1126 2345 αὐτοὺς,
1155 2284 1184 2342 ἠ
1210 2287 1299 2333 καὶ
1330 2281 1415 2333 ἐπὶ
1448 2277 1705 2352 διατροφῇ

151 2383 228 2425 τῶν
290 2375 650 2447 φυλασσόντων
711 2377 801 2435 τάς
887 2373 1060 2435 πόλεις
1143 2371 1311 2424 αὐτῶν
1384 2377 1710 2445 στρατιωτῶν

153 2463 392 2536 Ῥωμαιων,
427 2465 449 2540 ]

211 2550 398 2615 Ἰδόντες
455 2552 513 2608 δε
590 2584 686 2623 -ο
705 2551 913 2625 ἀγρούς.
979 2549 1198 2623 Ὁμοίως
1263 2553 1353 2600 καὶ
1419 2551 1536 2621 περὶ
1600 2548 1712 2598 τού-

156 2659 250 2697 των.

208 2732 528 2794 Ἐξῆλθον-
579 2733 932 2804 ἐφοϐήθησαν.
982 2731 1246 2789 Mareade;
1293 2730 1382 2800 μεν
1430 2723 1584 2779 εἶπεν⁸
1632 2726 1711 2776 ὅτι

158 2818 327 2882 ἐξῆλθον
349 2823 411 2883 εἰς
451 2827 770 2879 συνάντησιν
818 2830 889 2890 τῷ
939 2821 1136 2877 Ἰησοῦ.
1167 2817 1400 2892 Ἠρχετο
1428 2819 1530 2890 γὰρ
1563 2814 1712 2872 αὐτὸς

156 2907 221 2961 ἐπὶ
247 2916 327 2968 τήν
355 2913 493 2964 πολιν
531 2931 541 2941 ·
595 2917 794 2971 Λουκᾶς
817 2907 876 2962 δὲ
896 2918 984 2960 νῦν
1011 2908 1262 2982 ἐμφαίνει,
1294 2911 1364 2979 μὴ
1399 2902 1594 2958 ὁδεύειν
1627 2903 1714 2954 αὖ·

157 3003 241 3050 τον.
272 3001 324 3051 Εἰ
349 3007 444 3073 γαρ
473 2997 738 3067 ἐϐάδιζεν,
767 3000 860 3051 οὐκ
891 3000 950 3050 ἆν
974 3001 998 3050 6
1027 3007 1118 3050 του
1146 2997 1382 3068 λεγεώνος
1411 2995 1718 3064 ἀπαλλαγεὶς

1804 493 1874 549 de
1900 495 2014 552 hoc
2043 499 2355 556 manifeste
2385 501 2599 558 dictum
2623 508 2728 559 est.
2746 504 3050 563 Multitudo
3075 523 3214 566 vero
3235 493 3467 568 inhabi-

1805 586 2059 642 tantium
2100 589 2160 642 in
2187 605 2258 645 eo
2289 589 2656 658 daemonum,
2691 597 2976 666 tanquam
3008 613 3197 653 unum
3229 605 3467 672 propter

1805 678 2432 745 communicationem,
2461 682 2836 749 obsecrabat,
2864 689 3030 740 utens
3055 701 3156 742 ore
3179 688 3462 744 hominis.

1877 765 2042 821 Vers.
2071 766 2159 822 26.
2194 769 2576 840 Praecipiebat
2605 802 2674 811 —
2699 771 2944 830 homine.
2991 774 3306 849 Tanquam
3363 777 3469 833 uni

1806 853 2145 926 imperabat
2168 856 2369 912 multis
2390 858 2788 926 demonibus,
2825 868 3067 935 propter
3087 864 3323 921 illorum
3356 866 3469 921 im-

1805 943 2186 1000 becillitatem
2215 963 2227 1013 ;
2261 944 2354 1001 vel
2389 946 2589 1012 etiam,
2622 947 2768 1019 quia
2820 966 3030 1007 omnes
3083 953 3280 1020 simul,
3310 953 3469 1024 legio

1806 1033 2208 1101 vocabantur;
2239 1034 2358 1090 sive
2386 1034 2554 1106 quod
2580 1051 2734 1092 unus
2773 1044 2926 1095 esset
2967 1041 3246 1114 princeps
3303 1047 3473 1100 cante-

1805 1138 2004 1178 rorum
2040 1140 2054 1180 :
2085 1124 2188 1195 qui
2219 1123 2398 1180 etiam
2425 1121 2798 1196 obsecrabat,
2822 1133 2877 1184 et
2899 1131 2993 1186 cui
3047 1130 3312 1187 Christus
3367 1131 3472 1188 im-

1808 1213 2076 1284 perabat,
2109 1219 2400 1286 tanquam
2433 1211 2571 1267 aliis
2601 1228 2731 1268 eum
2763 1219 3168 1290 sequentibus,

1879 1303 2036 1359 Vers.
2068 1307 2156 1359 29.
2191 1303 2553 1378 Frequenter
2589 1341 2657 1349 --
2695 1309 2932 1365 deserta.
2959 1309 3006 1362 A
3036 1308 3316 1376 daemone,
3368 1309 3474 1382 qui

1807 1396 2290 1465 emterorum,qui
2317 1411 2520 1452 secum
2551 1404 2718 1454 erant
2738 1398 3020 1470 princeps
3040 1403 3184 1454 erat.

1882 1485 2040 1540 Vers.
2074 1487 2160 1541 30.
2216 1485 2615 1558 Interrogavit
2670 1520 2732 1528 —
2759 1489 2920 1544 Vers.
2963 1489 3053 1544 31.
3122 1491 3300 1545 irent.
3337 1488 3473 1544 Haec

1811 1573 2008 1630 omnia
2046 1573 2286 1647 scripsit
2343 1578 2592 1648 Marcus,
2649 1582 2706 1634 et
2746 1577 2964 1633 horum
3031 1577 3474 1634 enarrationem

1814 1677 2015 1734 quaere
2063 1663 2384 1722 undecimo
2439 1666 2632 1739 capite
2672 1665 2987 1736 Evangelii,
3021 1666 3183 1738 quod
3211 1665 3308 1723 ille
3345 1681 3461 1724 con

1736 1762 1780 1818 Β
1814 1751 2059 1822 scripsit.

1886 1843 2045 1908 Vers,
2074 1841 2163 1898 32.
2196 1844 2353 1900 Erat
2377 1851 2570 1902 autem
2598 1877 2667 1886 —
2701 1847 2857 1901 Vers.
2886 1848 2974 1902 33.
3007 1845 3336 1914 su/focatus
3365 1851 3474 1901 est.

1818 1931 2096 1988 Prsedicto
2139 1931 2495 1990 duodecimo
2551 1935 2744 2006 capite
2792 1933 3088 2006 Evangelii
3117 1934 3477 1991 secundum-

1817 2020 2156 2076 Matthaaum
2195 2021 2268 2078 de
2295 2023 2385 2078 his
2418 2023 2700 2080 omnibus
2732 2023 3018 2080 invenies.

1887 2111 1974 2181 -Η-
2004 2109 2226 2182 Opinor
2253 2111 2584 2168 vicinorum
2616 2113 3089 2183 alienigenarum
3123 2111 3306 2169 fuisse
3341 2128 3482 2186 por-

1817 2215 1943 2256 cos.
1979 2199 2266 2255 Credibile
2294 2216 2450 2272 vero,
2480 2201 2716 2257 Iudaeos
2743 2202 2916 2258 etiam
2946 2201 3220 2258 nutriisse
3274 2209 3482 2274 porcas

1820 2295 1884 2345 ut
1903 2303 2008 2344 eos
2026 2287 2548 2356 divenderent,aut
2570 2296 2630 2346 ut
2653 2291 2866 2347 milites
2885 2291 3159 2358 Romani,
3177 2291 3280 2364 qui
3300 2290 3482 2349 urbes

1819 2393 2030 2435 eorum
2057 2377 2489 2445 custodiebant,
2530 2379 2840 2446 haberent,
2868 2395 2990 2453 quo
3020 2379 3339 2437 alerentur.

1891 2557 2053 2614 Vers.
2083 2562 2170 2616 34.
2201 2560 2349 2615 Cum
2378 2565 2579 2617 autem
2606 2559 2887 2617 vidissent
2913 2590 2980 2599 —
3017 2559 3223 2618 villas.
3261 2557 3486 2618 Simili-

1823 2651 1908 2704 ter
1937 2648 2090 2704 etde
2120 2649 2232 2705 his.

1898 2739 2056 2792 Vers.
2077 2741 2164 2794 35.
2192 2738 2495 2795 Exierunt
2511 2769 2578 2780 —
2601 2739 2948 2795 timuerunt.
2982 2738 3285 2794 Matthwus
3310 2737 3482 2804 dixit,

1824 2826 1987 2899 quod
2010 2827 2271 2883 exierunt
2299 2828 2358 2882 in
2385 2843 2702 2884 occursum
2731 2828 2870 2882 Jesu
2915 2829 2982 2893 “,
3039 2827 3335 2899 siquidem
3359 2827 3488 2898 ipse

1828 2914 2104 2970 veniebat
2130 2915 2190 2970 in
2235 2915 2553 2972 civitatem.
2611 2917 2798 2972 Lucas
2847 2932 2989 2972 vero
3017 2931 3178 2972 nunc
3210 2916 3486 2981 ostendit,

1829 3005 1987 3076 quod
2011 3004 2142 3077 ipse
2171 3020 2292 3060 non
2323 3005 2675 3062 ambulabat
2703 3021 2717 3072 ;
2743 3021 2887 3062 nam
2913 3007 2958 3060 si
2974 3005 3490 3079 progrediebatur.

155 3087 342 3148 ἐκάθητο
363 3095 501 3163 παρά
525 3093 651 3151 τους
680 3086 848 3151 πόδας
893 3089 1072 3142 αὐτοῦ.
1107 3087 1265 3146 Δῆλον
1309 3082 1416 3149 οὖν,
1450 3085 1528 3137 ὃτι
1562 3082 1715 3156 ἐρχο-

1890 3108 2214 3166 3quaquam
2249 3093 2298 3148 is
2324 3093 2421 3164 qui
2447 3109 2482 3150 a
2520 3094 2833 3150 daemoniis
2866 3094 3146 3152 liberatus
3169 3094 3382 3160 fuerat,
3410 3093 3492 3150 ad

157 3196 278 3246 μενος
310 3180 388 3232 ἐπὶ
440 3186 536 3239 τὴν
579 3179 746 3243 πόλιν,
781 3181 905 3236 ἔστη
944 3183 1032 3229 καὶ
1080 3173 1360 3229 ἐδίδασκεν
1386 3191 1396 3202 ·
1433 3176 1457 3226 6
1486 3170 1545 3226 δὲ
1577 3175 1721 3245 θερα-

155 3269 436 3336 πευθεὶς,άτε
455 3279 516 3344 τῇ
543 3264 820 3344 τυραννίδι
840 3277 939 3320 τῶν
963 3264 1222 3339 δαιμόνων
1237 3265 1718 3336 τεταλαιπωρηκὼς,

156 3353 332 3410 ἐκάθισε
350 3359 646 3420 κελευσθείς
659 3403 670 3414 .

214 3640 544 3715 Ἀπὴγγειλαν
568 3675 638 3684 ——
665 3638 1046 3714 δαιμονισθείς.
1088 3647 1203 3701 Πῶς
1227 3640 1404 3710 ὑγίανε
1429 3638 1566 3709 (48).

215 3818 308 3872 Καὶ
337 3821 620 3894 ἠρώτησαν
677 3853 730 3862 -
799 3824 1098 3890 συνέίχοντο
1132 3819 1252 3872 οἘν
1317 3827 1389 3890 τῷ
1445 3815 1728 3890 δωδεκάτῳ

155 3909 383 3982 κεφαλαίῳ
410 3919 504 3964 τοῦ
533 3915 674 3964 κατὰ
707 3911 972 3964 Ματθαῖον
1001 3914 1091 3961 καὶ
1120 3917 1287 3961 ταῦτα
1332 3908 1499 3970 καλῶς
1533 3911 1730 3984 ἠρμνη-

158 4001 401 4056 νευθησαν.

217 4175 366 4239 Αὐτὸς
391 4175 449 4231 δὲ
481 4210 550 4218 -
593 4179 621 4229 6
664 4179 887 4238 Ἰησους.
925 4181 1048 4250 Περὶ
1102 4178 1296 4228 τούτων
1327 4180 1417 4228 καὶ
1448 4177 1472 4227 6
1527 4179 1733 4248 Μάρκος

159 4263 402 4340 ἱστόρησεν
434 4266 482 4320 ἐν
506 4277 581 4338 τῷ
613 4263 868 4338 ἑνδεκάτῳ
895 4265 1152 4339 κεφαλαίῳ
1181 4266 1360 4330 αὑτοῦ,
1385 4270 1474 4318 καὶ
1496 4267 1734 4338 εὑρήσεις

158 4350 394 4428 ένέκείνῳ,
453 4355 606 4410 διατί
638 4361 727 4429 μὲν
780 4358 806 4408 6
835 4355 964 4431 ἀνὴρ
1021 4352 1192 4408 ἐδέετο
1239 4352 1367 4408 εἶναι
1427 4359 1520 4407 σὺν
1569 4355 1732 4426 αὐτῷ,

1831 3181 2016 3255 pedes
2076 3185 2244 3238 Jesus
2276 3183 2531 3240 sedebat.
2567 3183 2946 3240 Manifestum
2984 3199 3127 3254 ergo
3175 3190 3260 3240 est
3303 3183 3489 3256 quod,

1830 3272 1977 3327 dum
1991 3271 2101 3328 iret
2117 3271 2507 3338 inciwtatem,
2523 3273 2678 3329 stetit
2710 3272 2973 3344 quodam
2991 3273 3051 3328 in
3077 3273 3204 3331 loco
3234 3271 3492 3342 docens;

1833 3362 1884 3418 is
1911 3368 2110 3418 autem
2165 3363 2269 3433 qui
2319 3367 2564 3418 curatus
2609 3363 2822 3427 fuerat,
2862 3368 3147 3445 tanquam
3176 3361 3496 3434 tyrannide

1833 3451 2178 3508 daemonum
2239 3452 2451 3508 misere
2481 3449 2740 3508 aﬂlictus
2792 3467 2862 3508 ac
2895 3451 3248 3521 defatigatus
3289 3450 3496 3507 sedere

1829 3541 2042 3614 jussus
2070 3546 2176 3598 est.

1908 3631 2068 3686 Vers.
2096 3631 2185 3685 36.
2209 3631 2662 3688 Nuntiaverunt
2683 3662 2749 3672 —
2771 3632 2932 3703 quia
2961 3630 3254 3687 daemonio
3301 3629 3501 3701 agita-

1837 3721 2030 3776 batur.
2057 3721 2144 3791 -Η-
2173 3720 2487 3786 Quomodo
2521 3737 2702 3775 sanus
2735 3719 2924 3776 factus
2958 3719 3053 3775 sit.

1911 3810 2072 3865 Vers.
2100 3811 2187 3866 37.
2231 3811 2308 3864 Et
2359 3816 2726 3881 rogaverunt
2754 3839 2823 3851 —-
2869 3809 3230 3866 tenebantur.
3273 3809 3504 3868 Duode-

1839 3900 1996 3956 cimo
2017 3900 2184 3970 juxta
2211 3899 2550 3956 Mattheeum
2590 3900 2799 3972 capite,
2854 3899 2984 3955 haec
3015 3898 3257 3970 pulchre
3308 3897 3505 3955 decla-

1840 3995 1970 4046 rata
2000 3995 2150 4044 sunt.
2185 3989 2252 4045 Et
2281 3989 2375 4046 hic
2405 3989 2701 4064 ἠρώτησαν,
2761 3989 2922 4046 idem
2977 3997 3064 4046 est
3115 3989 3283 4062 quod
3329 4005 3502 4061 roga-

1844 4080 2010 4136 bant.

1914 4168 2073 4224 Vers.
2128 4171 2215 4222 37.
2269 4167 2402 4236 Ipse
2438 4183 2575 4224 vero
2629 4199 2696 4209 —
2736 4169 2898 4224 Vers.
2933 4171 3020 4224 39.
3047 4169 3242 4224 Jesus.
3275 4167 3356 4222 De
3409 4166 3505 4222 his

1844 4257 2075 4330 scripsit
2103 4258 2330 4313 Marcus
2362 4257 2680 4311 undecimo
2712 4257 2926 4327 capite,
2979 4261 3033 4311 et
3089 4256 3170 4311 ibi
3217 4253 3505 4317 invenies,

1843 4362 2028 4419 quare
2053 4345 2265 4402 orabat
2295 4360 2433 4400 eum
2460 4345 2565 4406 vir,
2599 4350 2663 4399 ut
2683 4361 2820 4400 cum
2850 4345 2982 4416 ipso
3008 4348 3182 4408 esset,
3225 4347 3280 4398 et
3318 4357 3508 4413 quam

157 4436 283 4497 διατί
309 4442 365 4499 δε
389 4449 414 4499 6
453 4449 672 4508 Ἰησοῦς
710 4445 959 4498 ἀπέλυσεν
986 4445 1160 4514 αὑτὸν,
1201 4450 1290 4498 καὶ
1316 4449 1551 4519 περὶτῶν
1573 4444 1715 4496 ἄλλω·

1890 4436 1926 4491 b
1956 4449 2204 4490 causam
2229 4433 2454 4490 remisit
2478 4448 2616 4489 eum
2657 4434 2844 4495 Iesus,
2878 4447 2946 4488 ac
2985 4430 3057 4486 de
3091 4430 3219 4486 aliis
3255 4428 3510 4500 diligen-

159 4528 372 4595 ἀκριϐῶς.

244 4551 372 4595 ιοως.

213 4551 238 4605 Ρ
281 4629 425 4682 me.
464 4625 606 4682 KE'.
644 4630 767 4698 Περὶ
791 4632 886 4686 τῆς
918 4626 1171 4699 θυγατρὸς
1210 4632 1300 4678 τοῦ
1341 4623 1598 4699 ἀρχισυν-

905 4734 1064 4767 ωνου.

905 4735 944 4766 ω
983 4735 1064 4767 ου.

217 4798 430 4874 Ἐγένετο
461 4835 533 4845 -
559 4803 739 4860 αὐτόν.
767 4735 1152 4879 Ὠζῖὐζογίτην
1175 4808 1264 4856 καὶ
1291 4811 1526 4877 Σωτῆρα.

221 4985 311 5032 Καὶ
352 4979 470 5036 ἰδοὺ
528 5015 601 5026 -
657 4981 994 5040 ἀπέθνησκεν.
1046 4984 1264 5056 Εἱρηται
1315 4983 1571 5036 κάλλιστα
1625 4989 1743 5058 περὶ

159 5072 328 5122 τούτων
357 5072 405 5125 ἓν
445 5082 521 5145 τῷ
542 5068 992 5145 πεντεκαιδεκάτῳ
1021 5071 1280 5146 κεφαλαίῳ
1304 5081 1395 5126 τοῦ
1438 5076 1572 5126 κατά
1602 5079 1744 5128 Ματ-

163 5155 306 5213 θαίον.

219 5291 252 5321 ⁸
283 5285 484 5345 Matth.
506 5287 751 5358 “11,34.

1851 4531 1935 4582 ter
1958 4527 2228 4581 tractata.

2135 4612 2290 4670 CAP.
2317 4613 2472 4671 XXV.
2487 4613 2570 4670 De
2583 4611 2713 4681 ﬁlia
2734 4609 3217 4682 archisynagogi.

1924 4802 2085 4857 Vers.
2119 4802 2206 4856 40.
2236 4801 2473 4859 Factum
2503 4813 2733 4854 -eum.
2769 4797 3082 4867 Tanquam
3109 4793 3263 4852 bene
3321 4795 3395 4851 de
3426 4793 3515 4851 eis

1853 4894 2130 4950 meritum
2162 4906 2232 4946 ac
2257 4889 2651 4946 Salvatorem.

1927 4985 2083 5038 Vers.
2115 4980 2206 5038 41.
2232 4980 2306 5034 Et
2352 4993 2478 5035 ecce
2520 5007 2587 5017 —-
2617 4975 2781 5032 Vers.
2803 4979 2892 5030 42.
2919 4974 3300 5031 moriebatur.
3325 4975 3406 5029 De
3425 4972 3516 5028 his

1853 5071 2098 5145 pulchre
2128 5068 2354 5125 dictum
2383 5070 2472 5124 est
2492 5064 2726 5122 decimo
2755 5065 2966 5138 quinto
2985 5071 3156 5136 Juxta
3179 5063 3518 5121 Matthmum

1855 5163 2047 5235 capite
2061 5201 2076 5216 .
2155 5158 2168 5170 '
3201 5162 3204 5168 ’

1350 5385 1577 5457 Varia:
1619 5387 1946 5459 lectiones
1998 5392 2064 5452 et
2102 5390 2303 5451 notas.

202 5549 495 5629 ,(46μ1ωο
547 5559 798 5628 uterque
843 5553 905 5611 in
947 5555 1234 5628 margine.
1275 5555 1502 5614 Omittit
1543 5557 1750 5616 Hente-

165 5635 300 5677 nius.

224 5694 328 5770 (4η
353 5698 553 5756 Malim
585 5705 682 5771 τῷ.

1933 5554 2047 5625 (48)
2087 5554 2215 5608 Duo
2265 5549 2393 5606 haec
2421 5547 2720 5625 vocabula
2770 5561 2890 5606 non
2943 5545 3125 5603 habet
3172 5539 3518 5600 Hentenius.

1860 5622 2042 5699 Igitur
2061 5630 2286 5683 textum
2308 5622 2642 5695 conjunxit.
