3994 6218
529 228 633 291 943

599 362 763 419 Vers.
790 365 876 420 42.
898 363 1059 419 Inter
1086 360 1341 418 eundum
1364 366 1563 418 autem
1589 392 1658 403 --
1700 377 1853 420 eum.
1886 363 2186 419 Constrin-
2218 365 2265 418 A

525 451 766 523 gebant,
800 449 1297 524 comprimebant,
1326 448 1697 522 impellentes
1728 451 1887 508 circa
1918 468 2074 507 eum.

523 540 680 597 CAP.
707 541 881 598 XXVI.
938 541 1022 596 De
1065 538 1313 595 muliere
1364 540 1657 610 proﬂuvio
1686 543 1998 612 sanguinis
2026 542 2183 598 labo-

1255 644 1365 684 ran
1376 635 1451 686 te.

595 716 755 773 Vers.
788 719 876 773 43.
908 717 989 773 Et
1028 717 1242 774 mulier
1271 748 1341 759 --
1373 720 1532 777 Vers.
1563 719 1652 775 44.
1700 720 1856 791 ejus.
1889 722 1979 777 Ab
2011 722 2183 778 annis

519 804 842 874 duodecim,
862 805 926 862 id
957 811 1064 875 est,
1089 806 1613 865 annosduodecim
1651 825 1664 875 ;
1688 809 1800 866 hoc
1824 810 1985 866 enim
2007 811 2184 881 signi-

520 894 855 952 ﬁcaverunt
881 895 1109 968 priores
1139 896 1539 968 evangelistae.
1582 900 1809 954 Marcus
1834 914 1973 956 vero
2005 900 2050 933 ‘7
2079 900 2183 955 ad-

520 983 688 1051 didit,
730 984 897 1056 quod
946 1000 1067 1041 non
1099 984 1295 1041 solum
1336 1000 1371 1041 a
1414 986 1665 1042 medicis
1695 988 1755 1042 in
1781 987 1945 1044 nullo
1976 988 2182 1059 adjuta

518 1071 730 1136 fuerat,
781 1088 992 1129 verum
1038 1073 1217 1129 etiam
1251 1074 1442 1143 magis
1500 1074 1560 1130 in
1600 1076 1861 1131 deterius
1917 1082 2177 1132 venerat.

519 1162 674 1226 Quid
694 1160 770 1217 sit
793 1167 988 1218 autem
1028 1162 1285 1229 ﬁmbria,
1330 1163 1556 1219 dictum
1604 1170 1692 1220 est
1730 1164 1962 1220 decimo
2017 1172 2177 1221 sexto

516 1251 707 1325 capite
746 1250 1044 1322 Evangelii
1093 1251 1427 1308 secundum
1493 1253 1843 1309 Mattheeum.
1892 1253 2178 1309 Praeterea

514 1341 657 1398 dicit
684 1343 907 1397 Marcus
935 1342 1003 1407 ‘3,
1036 1342 1274 1397 venisse
1306 1342 1502 1414 ipsam
1532 1341 1592 1397 in
1607 1342 1831 1399 turbaa
1852 1348 2040 1413 tergo,
2062 1343 2177 1400 hoc

513 1434 621 1498 est,
652 1429 1048 1487 immiscuisse
1099 1446 1161 1486 se
1201 1430 1413 1497 turbae,
1453 1431 1617 1504 quod
1650 1431 1832 1488 latere
1871 1431 2173 1489 niteretur.

590 1519 704 1578 Sed
730 1519 1156 1576 curmanifeste
1195 1535 1319 1576 non
1349 1520 1534 1591 tetigit
1562 1527 1585 1573 ‘I
1608 1522 1758 1587 Quia
1788 1520 2173 1594 seipsamim-

510 1610 805 1667 mundam
837 1626 975 1668 esse
1008 1608 1255 1674 sciebat,
1304 1615 1381 1679 et,
1419 1626 1581 1677 cum,
1609 1611 1707 1682 qui
1734 1611 2002 1667 mundus
2050 1617 2176 1667 erat

508 1699 713 1772 palam
733 1704 981 1771 tangere
999 1698 1385 1766 formidabat,
1405 1716 1542 1756 cum
1556 1716 1591 1757 a
1605 1700 1730 1771 lege
1743 1700 2120 1773 prohiberetu

2284 1711 2536 1782 καθαροῦ,
2592 1709 2885 1781 κωλυομένη
2937 1711 3079 1783 παρὰ
3120 1717 3212 1760 τοῦ
3241 1714 3421 1781 νόμον.
3485 1716 3585 1762 Καὶ
3635 1706 3844 1781 citatius

508 1790 702 1855 Quare
726 1795 927 1847 autem
958 1806 993 1846 a
1030 1788 1359 1861 longinquo
1393 1794 1557 1845 stans
1588 1806 1709 1846 non
1755 1790 1993 1862 petebat
2013 1792 2174 1846 sani-

513 1884 695 1937 tatem
725 1881 753 1937 ?
784 1880 934 1946 Quia
965 1878 1278 1935 verebatur
1298 1878 1646 1950 hujusmodi
1670 1882 1951 1935 morbum
1976 1880 2173 1951 publi-

505 1984 659 2025 care.
696 1970 883 2026 Simul
908 1969 1089 2025 etiam
1120 1967 1384 2033 timebat,
1416 1985 1487 2023 ne
1536 1985 1659 2041 quo
1692 1971 1874 2025 modo
1905 1969 2110 2042 agnita
2132 1987 2165 2025 a

502 2060 680 2116 turba
706 2060 1086 2133 repelleretur
1114 2064 1356 2131 propter
1387 2075 1552 2116 suam
1591 2058 2017 2131 impuritatem.

572 2149 740 2208 Vers.
776 2154 864 2206 45.
894 2151 972 2205 Et
1009 2150 1095 2206 ait
1138 2179 1207 2189 -—
1235 2165 1315 2202 me
1341 2153 1364 2200 ?
1394 2149 1801 2219 Interrogavit,
1829 2165 1949 2205 non
1995 2149 2157 2221 quod

497 2238 818 2311 ignoraret,
870 2240 976 2296 sed
1025 2244 1088 2295 ut
1108 2239 1226 2307 illa,
1271 2238 1532 2309 cognito,
1565 2239 1731 2312 quod
1760 2256 1879 2295 non
1928 2239 2154 2303 lateret,

496 2334 673 2401 prout
700 2334 1051 2403 speraverat,
1083 2330 1403 2387 sanitatem
1424 2328 1624 2384 furtim
1652 2343 1774 2384 non
1800 2328 2154 2401 subriperet,

496 2419 601 2475 sed
621 2420 773 2476 hanc
795 2420 873 2475 ab
895 2419 1030 2492 ipso
1046 2420 1311 2476 ultroneo
1328 2419 1604 2488 auferret,
1621 2416 1985 2483 conﬁtendo,
2019 2434 2155 2489 quae

494 2508 652 2565 circa
709 2526 771 2565 se
826 2508 980 2565 facta
1028 2515 1224 2565 essent
1252 2525 1267 2564 :
1296 2514 1353 2565 et
1384 2507 1462 2564 ita
1492 2512 1636 2563 nota
1675 2508 1885 2562 tierent
1909 2505 2020 2569 his,
2050 2506 2152 2577 qui

492 2597 787 2655 Christum
812 2599 1234 2671 sequebantur,
1265 2605 1318 2653 et
1351 2596 1616 2653 mulieris
1656 2596 1805 2652 ﬁdes
1856 2600 1911 2651 et
1943 2594 2150 2649 Christi

489 2688 697 2758 virtus,
723 2706 907 2762 quem
928 2688 1073 2744 nihil
1102 2688 1283 2745 latere
1314 2692 1541 2760 potest;
1576 2702 1646 2743 ac
1684 2685 1850 2741 multi
1884 2691 1943 2741 et
1967 2684 2150 2739 ﬁdem

485 2777 644 2835 illius
698 2779 1081 2848 imitarentur,
1115 2783 1172 2836 et
1208 2778 1485 2835 timerent
1544 2777 1727 2848 hujus
1775 2777 2151 2847 omnipoten-

485 2868 651 2936 tiam,
674 2869 1067 2941 omniumque
1097 2868 1410 2925 scientiam
1443 2884 1458 2935 ;
1498 2872 1771 2939 praetera,
1801 2876 1862 2920 ut
1892 2864 2150 2935 archisy-

484 2973 759 3029 nagogus
782 2975 817 3016 a
840 2958 1110 3032 praesenti
1151 2956 1442 3015 miraculo
1482 2957 1775 3027 majorem
1813 2954 2151 3027 conciperet

482 3047 792 3105 ﬁduciam.

554 3139 719 3198 Vers.
750 3139 840 3194 45.
870 3138 1237 3210 Negantibus
1270 3168 1335 3179 --
1361 3140 1497 3194 me?
1557 3135 1764 3192 Petrus
1796 3133 1868 3190 de
1891 3132 2148 3204 simplici

480 3232 753 3286 contactu
781 3228 1077 3285 Christum
1107 3228 1272 3302 loqui
1300 3226 1702 3289 existimabat,
1755 3240 1878 3297 quo
1919 3238 2143 3292 omnes,

477 3317 583 3392 qui
618 3318 1038 3392 sequebantur,
1070 3316 1401 3388 tangebant
1426 3332 1589 3383 eum,
1621 3314 1861 3387 impulsi
1893 3331 1961 3370 ac
1984 3328 2149 3369 coar-

476 3408 615 3465 ctati
642 3408 798 3466 circa
835 3408 1047 3481 ipsum,
1078 3412 1135 3462 et
1161 3408 1245 3463 ita
1275 3404 1767 3474 constringebant
1795 3419 1934 3458 eum
1968 3416 1980 3455 :
2022 3400 2148 3471 ipse

476 3513 617 3553 vero
651 3498 725 3553 de
777 3498 875 3552 tali
928 3512 1050 3552 non
1096 3495 1477 3567 loquebatur,
1519 3493 1625 3548 sed
1657 3492 1731 3547 de
1771 3508 1862 3559 eo,
1887 3491 1991 3564 qui
2024 3490 2146 3546 ﬁde

471 3586 662 3643 factus
700 3590 848 3642 erat.
879 3586 1026 3640 Cum
1066 3584 1225 3639 enim
1256 3589 1391 3639 tunc
1414 3581 1582 3637 multi
1616 3597 1759 3635 casu
1805 3596 1943 3635 eum
1989 3596 2143 3635 com-

476 3674 787 3745 primendo
812 3671 1347 3742 tangerent,solum
1377 3671 1554 3741 hujus
1574 3670 1757 3726 sensit
1774 3672 2138 3735 contactum,

474 3762 579 3835 qui
616 3778 654 3819 a
677 3762 796 3820 ﬁde
824 3760 1224 3835 procedebat.

543 3942 803 4007 νει-ολδ,
834 3941 1004 3997 Jesus
1034 3954 1163 3997 vero
1191 3964 1254 3975 —-
1307 3936 1628 4010 quispiam.
1690 3936 1837 4003 Quia
1861 3934 2137 3994 nondum

470 4032 747 4090 confessa
790 4035 916 4088 erat
949 4028 1167 4088 mulier
1196 4028 1408 4085 timore
1448 4026 1776 4099 perterrita,
1836 4033 2135 4097 exspecta-

465 4125 574 4182 bat
596 4123 723 4197 ipse
742 4122 874 4196 (rr),
890 4120 1096 4177 dicens
1119 4136 1133 4176 :
1163 4120 1375 4190 Tetigit
1401 4134 1491 4175 me
1511 4118 1827 4190 quispiam,
1845 4123 1907 4172 ut
1924 4116 2134 4173 videns

464 4214 599 4287 ipsa
628 4212 811 4285 hujus
842 4211 1016 4286 quasi
1043 4215 1349 4283 stuporem
1387 4208 1514 4280 (ss),
1544 4224 1653 4263 sua
1685 4211 1921 4279 sponte,
1973 4206 2133 4279 quod

464 4304 695 4362 factum
732 4306 880 4373 erat,
911 4300 1311 4366 conﬁteretur,
1354 4303 1412 4355 et
1438 4298 1573 4370 ipsa
1603 4296 1959 4353 miraculum
1986 4312 2133 4369 pree-

463 4394 711 4540 dati?
748 4486 839 4541 46.
883 4483 1002 4553 Ego
1057 4512 1123 4523 —
1182 4496 1292 4537 me.
1352 4478 1652 4545 Virtutem,
1709 4476 1982 4533 videlicet
2038 4492 2130 4533 sa-

462 4573 668 4639 nandi,
704 4589 885 4643 quam
931 4571 1168 4628 attraxit
1205 4570 1356 4625 fides
1399 4568 1687 4625 mulieris.
1741 4567 1893 4623 Dixit
1933 4572 2128 4622 autem

462 4661 596 4727 hoc,
625 4666 689 4716 ut
717 4662 910 4730 magis
927 4660 1391 4725 conﬁrmaretur,
1416 4657 1581 4731 quod
1596 4674 1730 4713 eum
1761 4656 2130 4730 nonlateret,

460 4767 596 4824 qum
626 4756 775 4806 esset
804 4766 875 4806 ea
899 4767 1035 4821 quas
1066 4750 1267 4821 ipsum
1306 4748 1593 4818 tetigerat.
1637 4750 1860 4805 Marcus
1901 4749 1948 4783 ‘9
1992 4764 2129 4804 vero

460 4838 628 4905 dixit,
656 4838 821 4912 quod
846 4840 1027 4895 etiam
1054 4837 1579 4911 circumspiciebat,
1616 4842 1679 4893 ut
1710 4836 1940 4895 videret
1966 4852 2128 4901 eam,

461 4946 599 5004 quae
617 4929 731 4987 hoc
759 4928 991 4986 fecerat.

527 5085 576 5123 ⁴⁷
600 5083 773 5141 Marc.
799 5098 856 5150 v,
880 5086 975 5139 26.
1058 5083 1106 5120 ⁴⁸
1125 5082 1291 5149 Ibid.,
1314 5083 1403 5139 27.
1436 5084 1484 5120 "
1514 5084 1686 5153 Ibid.,
1709 5084 1777 5143 32
1799 5122 1816 5139 .

1858 234 2205 291 EUTHYMU
2248 233 2574 294 ZIGABENI
3308 260 3315 265 '
3757 244 3833 299 945

2370 366 2447 420 Ἐν
2481 364 2539 419 δὴ
2565 376 2636 438 τῷ
2676 368 2894 439 ὑπάγειν
2924 399 2991 409 -
3021 369 3197 421 αὐτόν.
3250 372 3607 439 Συνέσφιγγον,
3641 369 3839 440 ὠθιζόμε-

2293 474 2371 506 νοι
2392 460 2509 529 περὶ
2538 455 2708 511 αὐτόν.

2585 549 2735 601 ΚΕΦ.
2783 546 2897 610 Κς’.
2934 552 3057 621 Περὶ
3084 557 3178 607 τῆς
3212 546 3613 620 αἰμορροούσης.

2368 729 2467 777 Καὶ
2532 730 2660 794 γυνή
2756 757 2821 765 —
2877 726 3053 786 αὐτῆς.
3115 730 3230 778 Am
3300 725 3423 776 ἐτῶν
3478 721 3692 788 δώδεκα,
3756 728 3841 777 ἀντι

2292 822 2382 865 τοῦ
2412 813 2461 865 ἐν
2501 816 2638 866 ἔτεσι
2688 811 2917 868 δώδεκα.
2970 818 3131 870 Τοῦτο
3183 820 3285 886 γὰρ
3342 812 3608 871 ἐὸηὶωσαν
3657 818 3699 866 οἱ
3750 835 3842 887 προ-

2291 901 2530 964 λαϐόντες
2562 904 2946 974 εὐαγγελισταί.
2980 908 3187 976 Μάρκος
3235 902 3292 957 δε
3318 906 3654 977 προσέθηκεν,
3699 907 3765 955 ὁτι
3800 905 3841 955 οὐ

2291 998 2444 1065 μόνον
2488 990 2637 1045 οὐδὲν
2692 994 2925 1065 ὠφελήθη
2978 998 3121 1068 παρὰ
3171 991 3269 1045 τῶν
3339 994 3547 1068 ἰατρων,
3611 993 3724 1045 ἀλλὰ
3774 1015 3842 1045 καί

2291 1082 2479 1154 μᾶλλον
2540 1083 2707 1143 εἰςτὸ
2755 1091 2933 1156 χεῖρον
2977 1080 3117 1141 ἦλθε,
3179 1089 3241 1136 Τί
3286 1080 3347 1135 δέ
3400 1082 3513 1135 ἐστι
3569 1081 3841 1154 κράσπεδον,

2291 1175 2491 1246 εἴρηται
2522 1172 2569 1223 ἐν
2611 1181 2682 1241 τῷ
2711 1170 3058 1243 ὲξκαιὸεκάτῳ
3101 1172 3360 1245 uapulare:
3410 1180 3499 1223 τοῦ
3553 1177 3679 1223 κατὰ
3726 1180 3844 1226 Ματ-

2292 1263 2455 1316 θαίον.
2506 1263 2624 1316 Ἔτι
2657 1259 2714 1314 δέ
2768 1282 2925 1333 φησιν
2956 1266 2981 1314 ὁ
3015 1264 3238 1335 Μάρκος.
3305 1261 3462 1313 ἐλθεῖν
3512 1261 3665 1320 αὐτὴν
3708 1262 3750 1314 ἐν
3793 1272 3846 1332 τῷ

2289 1350 2431 1423 ὄχλῳ
2461 1353 2991 1418 ὄπισθεν,τοντέστιν,
3017 1350 3337 1424 ἀναμιγῆναι
3359 1360 3431 1422 τῷ
3456 1351 3617 1423 ὄχ)ῳ,
3639 1371 3849 1424 μηχανωσ

2287 1446 2442 1511 μένην
2473 1441 2665 1495 λαϐεῖν.

2357 1535 2505 1582 Διατί
2553 1527 2612 1582 δὲ
2652 1530 2757 1601 οὐχ
2807 1530 2979 1602 ἦψατο
3040 1539 3267 1605 φανερῶς
3324 1548 3338 1593 ;

2286 1617 2472 1677 ἑαυτήν
2496 1618 2763 1690 ἐγίνωσκε,
2815 1624 2903 1671 καὶ
2958 1618 3185 1691 ἐφοϐεῖτο
3244 1629 3470 1693 φανερῶς
3517 1620 3746 1690 ἅψασθαι
3779 1628 3847 1671 τον

3404 1535 3547 1583 Acori.
3599 1530 3847 1606 ἀκάθαρτον

2282 1797 2456 1872 uappa
2489 1805 2663 1850 στᾶσα
2683 1803 2775 1855 τὴν
2809 1800 2984 1869 ὑγείαν
3025 1799 3261 1870 ᾐτήσατο
3284 1818 3300 1868 ;
3321 1804 3462 1851 Aren
3493 1801 3744 1870 ᾐσχύνετο
3765 1796 3846 1855 δη-

2279 1896 2562 1957 μοσιεῠσαι
2589 1896 2819 1939 τοιοῦτον
2846 1890 3029 1947 πάθοςο
3058 1887 3201 1958 Ἀμα
3242 1885 3300 1940 δὲ
3330 1893 3420 1939 καὶ
3454 1890 3726 1950 ὑπώπτευε,
3769 1894 3849 1959 μὲ-

2276 1976 2397 2027 ποτέ
2432 1974 2820 2047 διαγνωσθεῖσα
2864 1976 3090 2048 ἀπελαθῇ
3122 1980 3263 2049 παρά
3300 1986 3391 2029 τοῦ
3432 1977 3615 2048 dlicta,
3644 1975 3731 2029 διὰ
3772 1983 3846 2036 τὴν

2275 2062 2602 2138 ἀκαθαρσίαν
2635 2066 2763 2125 αὐτῆ
2778 2087 2817 2127 ς.

2346 2161 2445 2206 Καὶ
2499 2152 2630 2208 εἶπεν
2673 2187 2737 2195 -—
2789 2175 2927 2225 μονς
2971 2157 3287 2227 Ἠρὼτησεν,
3346 2156 3439 2207 οὐχ
3495 2155 3706 2227 ἀγνοῶν⁹
3756 2157 3845 2208 an

2271 2244 2353 2294 ἵνα
2375 2251 2595 2314 γνοῦσα,
2628 2246 2707 2295 ὅτι
2760 2245 2850 2295 οὐκ
2908 2244 3103 2309 ἔλαθεν,
3160 2246 3228 2304 ὡς
3279 2245 3517 2307 ἤλπιζεν,
3560 2242 3843 2314 adfixis-is

2266 2337 2359 2389 τὴν
2392 2335 2588 2403 ὑγείαν,
2642 2331 2769 2384 ἀλλά
2810 2334 2930 2407 παρ’
2990 2334 3193 2393 ἑκόντος
3244 2333 3405 2384 αὐτοῦ
3459 2338 3650 2391 ταύτην
3695 2337 3841 2405 ἐκομί-

2269 2441 2415 2485 σατο,
2484 2420 2846 2494 ἀνομολογὴση
2896 2426 2960 2473 τὰ
2991 2423 3105 2473 κατ’
3134 2423 3317 2483 αὐτὴν,
3350 2429 3440 2474 καὶ
3467 2426 3724 2496 γνωρισθῇ
3752 2431 3841 2483 τοῖς

2264 2509 2630 2575 ἀκολουθοῦσι,
2664 2516 2859 2570 ταύτης
2883 2514 2973 2583 μὲν
3024 2514 3051 2569 η
3108 2516 3310 2573 πίστις.
3346 2512 3508 2564 αὐτοῦ
3560 2509 3617 2565 δε
3646 2515 3673 2569 η
3706 2510 3839 2564 6m.

2261 2621 2351 2672 μις
2394 2606 2482 2653 καὶ
2539 2606 2596 2652 τὸ
2661 2600 2940 2667 ἀλάθητον,
3006 2605 3095 2652 καὶ
3162 2607 3501 2672 μιμὴσωνται
3556 2606 3641 2672 μὲν
3688 2602 3838 2653 πολλοὶ

2261 2696 2354 2747 τὴν
2389 2695 2564 2741 πίστιν
2597 2690 2722 2748 αὖτῆ
2738 2712 2776 2755 ς,
2812 2689 3082 2762 φοϐηθὼτι
3142 2687 3199 2741 δε
3249 2694 3307 2741 τὸ
3336 2688 3725 2761 πωτοᾶύναμον
3763 2692 3837 2741 αὶ-

2260 2788 2350 2830 τοῦ
2419 2785 2503 2831 καὶ
2565 2785 2973 2841 πανεπίσκοπον,
3053 2785 3141 2831 καὶ
3206 2783 3288 2830 ἱνα
3368 2785 3456 2831 καὶ
3515 2783 3539 2831 ο
3594 2779 3833 2854 ἀρχισησ

2260 2870 2458 2939 άγωγος
2483 2867 2686 2919 πλείονα
2734 2867 2863 2940 λάϐῃ
2895 2874 3071 2920 πίστιν
3100 2867 3200 2920 ἀπὸ
3232 2878 3321 2919 τοῦ
3350 2874 3607 2943 παρόντος
3656 2872 3836 2941 Θαύμα-

2258 2976 2365 3018 τος.

2330 3136 2675 3209 Ἀρνουμένων
2736 3157 2930 3207 -μου
2994 3154 3007 3204 ;
3062 3136 3119 3189 ⁸0
3176 3141 3361 3209 Πέτρος
3416 3141 3507 3208 μὲν
3562 3142 3682 3209 ᾤετο
3737 3142 3830 3207 περὶ

2256 3225 2425 3287 ἁπλῆς
2454 3226 2647 3298 ἐπαφῆς
2676 3226 2837 3297 λέγειν
2890 3230 2975 3279 τὸν
3024 3229 3273 3301 Χριστὸν.
3320 3226 3435 3278 καθ’
3488 3228 3550 3285 ἣν
3580 3231 3749 3286 πάντες
3792 3245 3830 3276 οι

2257 3314 2651 3377 ἀκολουθοῦντες
2698 3319 2919 3374 ἣπτοντο
2973 3316 3151 3385 αὐτοῦ,
3211 3321 3329 3389 περὶ
3387 3316 3545 3367 αὐτὸν
3607 3318 3827 3385 maribus-

2254 3409 2449 3456 νοιχαὶ
2499 3403 2880 3469 ἀποθλίϐοντες,
2936 3409 3118 3471 εἴτ-ουν,
3180 3403 3591 3476 ἀποσφίγγοντες
3652 3405 3823 3456 αὐτον.

2254 3494 2411 3555 αὐτὸς
2460 3490 2517 3546 δὲ
2572 3494 2631 3545 οὐ
2698 3499 2811 3567 περὶ
2858 3497 3104 3555 τοιαύτης
3157 3492 3336 3564 ᾒεγεν,
3407 3493 3536 3545 ἀλλά
3588 3500 3699 3567 περὶ
3755 3502 3827 3550 τῆς

2251 3588 2525 3655 γενομένης
2568 3582 2622 3634 ἐκ
2675 3588 2919 3645 πίστεως.
2991 3584 3191 3636 Πο).).ῶν
3264 3581 3322 3635 δὲ
3397 3593 3683 3641 τηνικαῦτα
3730 3585 3825 3651 (49ι

2250 3676 2383 3725 κατὰ
2426 3676 2595 3745 τύχην
2637 3673 2933 3745 ἁπτομένων
2988 3674 3167 3737 αὐτοῦ,
3213 3668 3307 3725 διὰ
3364 3677 3450 3725 τὸν
3500 3675 3825 3744 συνωόισμον.

2249 3770 2405 3836 μόνης
2453 3764 2642 3835 ᾔσθετο
2689 3769 2780 3822 τῆς
2828 3763 3028 3835 ἐπαφῆς
3070 3765 3281 3826 ταύτης,
3337 3770 3618 3835 γενομένης
3654 3761 3705 3813 ἐκ
3759 3766 3829 3812 πί-

2252 3873 2437 3915 στεως.

2316 3942 2374 3994 Ὀ
2406 3938 2464 3994 δὲ
2496 3942 2703 4003 Ἰησοῦς
2760 3972 2827 3981 —-
2889 3946 2987 4003 τίς·
3052 3940 3190 3994 Ἐπεὶ
3258 3942 3401 3993 οὔπω
3458 3938 3829 4014 διωμοὶογεσεν

2247 4035 2273 4089 ἡ
2335 4036 2487 4103 γυνή,
2540 4030 2824 4103 φοϐουμένη
2902 4032 3125 4094 πάντως,
3192 4031 3347 4092 αὐτὸς
3398 4030 3624 4102 ἐπιμένει
3672 4031 3825 4096 ἱεῖσι.

2242 4120 2449 4191 Ἥψατὸ
2480 4122 2579 4191 μού
2624 4139 2723 4185 τις,
2772 4120 2854 4171 ἵνα
2908 4118 3177 4192 βλέπουσα
3230 4126 3321 4178 τὴν
3385 4123 3629 4172 ἔνστασιν
3669 4118 3826 4175 αὐτοῦ,

2246 4210 2530 4281 αὐτόματος
2560 4208 2858 4283 ὁμολογήσῃ
2895 4214 2951 4261 τὸ
2990 4213 3216 4281 γεγονὸς,
3273 4215 3363 4261 καὶ
3410 4210 3542 4267 αὕτη
3575 4214 3632 4262 τὸ
3666 4211 3823 4277 fieri.”

2244 4298 2543 4373 ἀνακηρύξη
2558 4319 2569 4331 ·

2314 4480 2446 4550 Ἐγὼ
2499 4511 2566 4519 —
2623 4477 2767 4551 ἐμοῦ.
2826 4480 3049 4550 Δύναμιν
3106 4479 3500 4550 θεραπευτικην,
3581 4476 3829 4536 δηλονότι,

2244 4569 2303 4627 ἢν
2335 4569 2562 4621 εἵλκυσεν
2589 4571 2617 4627 ἡ
2660 4574 2835 4629 πίστις
2867 4575 2960 4628 τῆς
2989 4571 3251 4639 γυναικός.
3284 4565 3407 4621 Eia-3
3440 4564 3498 4620 δε
3524 4576 3677 4621 τοῦτο
3718 4570 3828 4634 πρὲς

2241 4658 2447 4710 πλείονα
2479 4656 2760 4729 βεϐαίωσιν
2790 4665 2879 4708 τοῦ
2908 4661 2979 4728 μὴ
3048 4654 3245 4726 ἀγνοεῖν
3277 4661 3365 4713 τὴν
3398 4656 3689 4728 ἁψαμένην·
3726 4658 3749 4705 ε
3780 4648 3827 4702 δε

2240 4750 2452 4819 Μάρκος
2483 4742 2635 4812 εἶπεν,
2669 4748 2749 4800 ὅτι
2791 4752 2881 4799 καὶ
2939 4744 3295 4822 περιεϐλέπετο
3349 4743 3479 4799 ἰδεῖν
3538 4750 3633 4804 τήν
3690 4752 3825 4795 roof:

2239 4856 2304 4890 πο
2314 4841 2363 4895 ιή
2372 4855 2538 4889 σασαν
2548 4880 2561 4894 ,

1689 5238 1912 5308 Variae
1939 5238 2265 5309 lectiones
2281 5249 2348 5308 et
2374 5247 2581 5308 notae.

527 5386 642 5461 (49)
670 5382 872 5440 Πολλῶν
897 5383 999 5459 γὰρ
1026 5388 1320 5441 τηνικαῦτα
1347 5383 1405 5438 Β.

524 5508 1056 5588 (rr)Ea:spectabat
1093 5508 1227 5581 ipse.
1268 5507 1396 5580 Ipse
1432 5507 1491 5563 in
1531 5524 1598 5564 eo
1638 5509 1892 5582 persistit
1931 5526 1999 5566 ac
2021 5509 2105 5565 di-

451 5592 615 5732 Clt(ss)
666 5656 991 5727 Stuporem,
1056 5652 1359 5709 'Excrucw.
1408 5650 1535 5707 loco
1597 5654 1836 5705 ἔνστασιν
1869 5652 2103 5710 videtur

2213 5508 2450 5579 legisse.
2484 5506 2702 5579 Redde,
2736 5507 2913 5579 hujus
2936 5508 3615 5579 perseverantiam.Nam
3639 5504 3799 5554 ἔνστα-

2219 5577 2303 5644 cui
2327 5596 2451 5637 non
2482 5578 2684 5637 differt
2714 5579 2792 5637 ab
2815 5577 3078 5653 ίπιμονή-
