3994 6218
190 242 296 300 945
1289 245 1650 301 COMMENT.
1695 243 1767 299 IN

1997 245 2070 300 M.
2109 276 2181 289 —
2218 244 2379 306 CAP.
2419 249 2514 305 IX.
3466 251 3571 308 946

265 367 484 424 ’ἰδοῦσα
513 366 574 423 δε
603 400 670 411 -
702 366 844 428 ἦλθε.
870 373 1166 443 Τρέμονσα,
1196 371 1306 444 ἅμα
1337 374 1446 444 μὲν,
1475 377 1564 424 καὶ
1591 368 1685 424 διὰ
1708 375 1800 429 την
1833 405 1842 422 .

1992 372 2148 428 Vers.
2176 373 2262 428 47.
2298 373 2441 430 Cum
2484 390 2619 444 ergo
2641 373 2868 430 videret
2893 405 2961 413 —
2991 374 3245 431 accessit.
3267 375 3569 443 Tremens,

193 457 418 531 δύναμιν
440 458 600 511 αὐτοῦ
623 477 635 488 ·
662 459 773 532 ἅμα
796 455 876 524 δὲ,
903 465 992 511 καὶ
1019 456 1113 512 διὰ
1138 463 1222 513 τὸν
1249 465 1422 530 νόμον,
1455 462 1537 513 ὅτι
1566 462 1769 536 ἀκαθαρ

1986 477 2043 517 m
2073 463 2502 534 propterillius
2531 464 2825 528 virtutem,
2878 468 3002 519 tum
3048 467 3291 536 propter
3349 462 3563 534 legem,

193 568 280 611 τος
305 546 463 618 οὖσα,
497 548 670 620 ἧψατο
702 556 792 601 τοῦ
821 550 1076 624 καθαροῦ.

2001 551 2101 615 od,
2127 567 2264 608 cum
2295 553 2614 610 immunda
2644 557 2818 622 esset,
2848 552 3131 625 eum,qui
3152 552 3418 610 mundus
3445 557 3572 612 erat

1915 640 2214 711 tetigisset.

267 732 373 780 Καὶ
417 734 797 801 προσπεσοῦσα
835 759 900 770 -
950 735 1306 802 παραχρῆμα.
1351 728 1477 781 Καθ’
1514 727 1801 802 ὑπερϐατόν

1994 732 2149 786 Vers.
2178 731 2266 787 47.
2300 733 2388 788 Ac
2419 731 2674 800 procidit
2705 733 3072 802 —protinus.
3114 731 3219 788 Per
3263 730 3571 803 hyperba-

194 816 338 869 ἐστιν
373 818 401 874 ἠ
438 817 680 879 σύνταξις
724 825 823 868 τῶν
852 817 1043 892 ῥητῶν,
1092 818 1172 870 ὅτι
1218 825 1599 891 προσπεσοῦσα
1637 817 1771 885 αὐτῷ

1994 835 2011 874 ι
2044 821 2292 876 estordo
2315 821 2661 877 verborum.
2694 821 2947 877 Procidit
2977 819 3055 876 ad
3085 821 3270 893 pedes
3316 820 3468 894 ejus,
3515 825 3571 878 et

194 904 498 977 ἀνήγγειλεν
522 906 660 977 αὐτῷ
688 904 898 958 ἐνώπιον
929 910 1120 968 παντὸς
1147 914 1238 959 τοῦ
1266 906 1414 971 λαοῦ,
1442 904 1516 959 δι’
1540 909 1599 966 ἣν
1631 906 1771 957 αἰτία

1990 911 2195 966 iicavit
2225 910 2275 964 ei
2293 926 2494 966 coram
2526 909 2691 966 omni
2716 909 2964 982 populo,
2991 909 3070 965 ob
3097 925 3287 982 quam
3313 924 3567 967 causam

196 995 375 1066 ἥψατο
401 994 582 1059 αὑτοῦ,
610 991 840 1060 δηλαδὴ,
866 994 1152 1058 λεληΰότως
1182 1013 1192 1022 '
1215 999 1409 1052 ταύτην
1429 991 1487 1048 δὲ
1512 1000 1603 1054 τὴν
1627 996 1773 1047 αἰτία

1990 1017 2076 1054 1m
2131 999 2438 1069 tetigisset,
2498 1004 2644 1071 puta
2701 998 2846 1054 clam
2901 998 3024 1054 sive
3086 997 3361 1056 occulte:
3410 999 3567 1057 hanc

193 1090 578 1157 προειρήκαμεν
609 1082 864 1157 ἀνωτέρω.

1911 1097 2111 1145 autem
2140 1105 2391 1144 causam
2417 1089 2688 1160 superius
2716 1086 3127 1160 praediximus.

264 1173 326 1225 '0
368 1171 426 1226 δι
474 1174 674 1234 Ἰησοῦς
733 1205 785 1213 -
840 1192 914 1228 σε.
964 1179 1048 1232 Μὴ
1097 1172 1278 1246 φοϐοῦ,
1319 1179 1451 1245 μήτε
1510 1174 1613 1245 ἐμὲ,
1669 1178 1802 1246 μήτε

1994 1180 2144 1246 Vers.
2179 1183 2265 1234 48.
2295 1178 2458 1235 Jesus
2491 1185 2678 1234 autem
2709 1209 2776 1218 —
2825 1183 2898 1234 te.
2947 1179 3026 1233 Ne
3071 1180 3174 1232 aut
3206 1176 3318 1232 'me
3362 1181 3464 1233 aut
3494 1177 3571 1233 le-

200 1267 286 1314 τὸν
333 1269 500 1334 νόμον.
551 1263 638 1315 Ἐκ
690 1267 916 1325 πίστεως
965 1266 1089 1337 γὰρ,
1142 1263 1236 1315 οὐκ
1267 1262 1321 1314 ἐκ
1367 1267 1771 1336 καταφρονήσεω

1991 1287 2046 1324 m
2078 1269 2299 1324 timeas.
2333 1267 2411 1323 Ex
2442 1267 2560 1323 ﬁde
2577 1268 2736 1322 enim
2768 1271 2822 1321 et
2851 1282 2967 1322 non
2997 1281 3070 1322 ex
3116 1270 3463 1340 contemptu
3489 1271 3568 1323 te-

203 1352 341 1422 ἥψω,
371 1357 456 1404 καὶ
501 1352 698 1417 λοιπὸν,
747 1354 776 1410 ἠ
808 1357 992 1414 πίστις
1025 1371 1118 1404 σου
1167 1352 1290 1425 παρ’
1327 1351 1450 1424 ἐμοῦ
1494 1356 1602 1424 μὲν,
1647 1371 1780 1425 προεη

1992 1359 2087 1414 ἱεῐὶ
2123 1375 2137 1424 ;
2163 1363 2218 1413 et
2243 1363 2397 1413 certe
2422 1357 2572 1412 ﬁdes
2602 1361 2707 1411 tua
2737 1375 2770 1412 a
2799 1372 2892 1411 me
2938 1355 3183 1428 quidem
3234 1355 3569 1412 conciliavit

198 1442 378 1503 ξένησέ
415 1462 498 1493 σοι
527 1446 620 1500 τὴν
806 1442 984 1513 ὑγείαν
1009 1459 1020 1472 ’
1053 1446 1194 1514 παρὰ
1245 1438 1303 1494 δὲ
1345 1449 1438 1494 τοῦ
1472 1448 1651 1514 νόμον,
1706 1447 1767 1500 τὴ

1990 1449 2013 1503 ιὶ
2036 1448 2371 1511 sanitatem,
2385 1446 2556 1514 alege
2575 1461 2715 1501 vero
2729 1444 3169 1500 remissionem.
3189 1444 3350 1500 Fidei
3368 1449 3567 1501 autem

191 1533 401 1603 ἄφεσιν.
442 1539 513 1603 Τῇ
549 1536 721 1584 πίστει
767 1527 826 1583 δε
867 1531 1028 1592 αὐτῆς
1074 1535 1132 1583 τὸ
1171 1539 1271 1584 πᾶν
1318 1531 1669 1606 ἐπεγράψατο,
1719 1533 1762 1584 ἵν

1987 1552 2063 1591 .us
2093 1539 2286 1591 totum
2319 1532 2581 1590 attribuit
2607 1532 2936 1603 negotium,
2965 1537 3027 1587 ut
3054 1537 3110 1587 et
3140 1531 3237 1588 alii
3278 1531 3354 1589 ad
3374 1531 3564 1603 ﬁdem

189 1630 280 1672 και
321 1621 468 1672 ἄλλοι
520 1625 641 1689 πρὸς
679 1625 857 1673 πίστιν
900 1620 1300 1692 ἐφελκυσθώσιν,
1353 1623 1422 1682 ὡς
1479 1621 1755 1696 εἰρήκαμεν

1987 1624 2361 1690 raherentur,
2391 1623 2544 1678 sicut
2573 1621 2977 1695 praediximus.
3038 1621 3308 1677 Ostendit
3363 1620 3564 1693 itaque

187 1707 360 1772 ἔδειξε
391 1707 448 1762 δε
486 1708 751 1762 κάνταῦθα
790 1711 905 1781 (51)
938 1711 963 1760 ὁ
995 1714 1240 1784 Χριστὸς,
1291 1712 1370 1762 ὅτι
1421 1708 1596 1771 οὐδεὶς
1648 1709 1764 1762 ἁκοτὶ

1980 1731 2014 1769 ιι·
2040 1714 2154 1770 hoc
2184 1712 2468 1779 Christus,
2517 1711 2681 1784 quod
2733 1710 2934 1766 nullus
2984 1709 3064 1766 ob
3119 1709 3402 1766 morbum
3464 1709 3557 1766 vel

188 1819 307 1852 σιον
371 1801 505 1870 ἒχων
554 1801 737 1860 πάθος,
807 1797 1100 1873 ἀκάθαρτος
1157 1797 1268 1851 ἐστι
1324 1801 1466 1873 παρὰ
1523 1807 1594 1870 τῷ
1649 1805 1756 1871 Θεῷ

1987 1803 2306 1870 ’ectionem,
2334 1817 2519 1874 quam
2551 1799 2770 1856 invitus
2804 1799 3038 1871 patitur,
3073 1799 3425 1854 immundus
3478 1803 3564 1856 est

187 1892 462 1960 Θνγατέρα
491 1885 550 1940 δὲ
604 1888 762 1946 αὐτὴν
814 1887 1067 1958 ἐκάλεσεν,
1114 1891 1182 1949 ὡς
1229 1890 1618 1947 νὶοθετηθείσαν
1658 1889 1764 1942 αὖτε

1993 1894 2069 1948 ud
2098 1895 2303 1948 Deum.
2349 1889 2558 1946 Filiam
2579 1889 2930 1959 veroipsam
2946 1887 3203 1953 vocavit,
3243 1891 3565 1964 utpoteper

186 1975 284 2030 διὰ
340 1984 582 2047 πίστεως9
626 1982 715 2028 καὶ
759 1977 870 2049 οἶμα
924 1973 1016 2029 δια
1067 1986 1158 2038 τῆς
1210 1982 1569 2052 προσηγορίας
1609 1981 1763 2036 ταύτας

1995 1999 2088 2038 em
2122 1981 2237 2036 sidi
2266 1979 2617 2051 adoptatam
2658 1995 2670 2033 :
2696 1977 2871 2034 simul
2901 1977 3071 2034 etiam
3096 1975 3565 2049 hujusmodiap-

184 2067 456 2129 παντελῶς
500 2070 585 2118 τὸν
627 2065 778 2140 φόϐον
810 2067 969 2127 αὐτῆς
1017 2065 1269 2118 ἐκϐάλλων
1327 2071 1416 2119 καὶ
1460 2068 1761 2140 οἰκειούμενι

1986 2070 2221 2126 llatione
2243 2067 2517 2125 timorem
2541 2067 2774 2140 penitus
2805 2065 2885 2122 ab
2913 2081 2985 2122 ea
3003 2064 3318 2137 repellens,
3342 2064 3561 2138 ipsam-

184 2157 380 2213 αὐτὴν.
1906 2177 2024 2234 que
2056 2158 2167 2214 sibi
2200 2157 2551 2214 familiarem
2580 2155 2864 2212 reddens.

257 2249 500 2318 Πορεύου
552 2245 617 2305 εἰς
670 2244 895 2319 εἰρήνην,
958 2249 1064 2302 Τὴν
1122 2246 1222 2296 ἀπὸ
1284 2252 1376 2297 τοῦ
1427 2250 1615 2318 μηκέτι
1654 2247 1798 2300 πολε-

1986 2250 2143 2306 Vers.
2183 2249 2276 2304 48.
2323 2247 2559 2304 Vadein
2583 2261 2749 2316 pace.
2784 2246 2914 2310 Qua
2938 2243 3225 2316 deinceps
3255 2259 3293 2300 a
3358 2243 3563 2302 morbo

178 2337 409 2406 μεῖσθαι
446 2335 547 2386 ὑπὸ
579 2341 669 2386 τοῦ
718 2336 934 2395 πάθους.
979 2335 1123 2386 Κατὰ
1171 2329 1230 2386 δε
1275 2332 1568 2407 ἀναγωγὴν,
1613 2340 1688 2395 εἴη
1733 2340 1755 2389 ἁ

1984 2357 2021 2393 κη
2057 2337 2426 2410 impugneris
2446 2335 2626 2391 Juxta
2651 2348 2969 2404 anagogen
2993 2348 3132 2390 vero
3183 2330 3426 2403 intelligi
3455 2348 3561 2406 po-

178 2424 473 2497 αἱμόρρους
513 2425 541 2481 ἡ
594 2426 748 2495 φύσις
785 2432 885 2475 τῶν
917 2421 1216 2496 ἀνθρώπων,
1266 2427 1382 2486 ἣτις
1430 2429 1529 2496 πρὸ
1577 2434 1669 2478 τοῦ
1718 2426 1755 2479 ἔλ

1987 2433 2016 2483 Α
2047 2427 2342 2497 sanguine
2371 2425 2581 2496 ﬂuens,
2602 2428 2820 2480 natura
2839 2423 3110 2478 humana
3141 2437 3156 2478 :
3185 2437 3342 2495 quae.
3371 2422 3564 2495 prius-

179 2517 286 2566 θεῖν
317 2519 409 2564 τὸν
441 2517 690 2585 Χριστὸν,
720 2510 952 2584 ἕπὴγαζε
996 2517 1090 2570 τὴν
1123 2510 1450 2585 ἀκαθαρσίαν
1482 2523 1577 2577 τῆς
1627 2515 1756 2592 ἁμαρ

1991 2534 2091 2574 am
2123 2515 2347 2572 veniret
2393 2514 2674 2578 Christus,
2741 2512 3026 2570 manabat
3071 2511 3291 2584 peccati
3316 2511 3565 2584 impuri-

173 2610 317 2669 τίας,
368 2607 602 2674 φοινικὴν
629 2598 810 2666 οὖσαν,
862 2606 1004 2668 ἤτοι,
1055 2607 1285 2674 φονικὴν.
1339 2600 1505 2656 Οὐδὲν
1547 2601 1605 2657 δὲ
1663 2606 1750 2678 ὠφε

1984 2623 2022 2662 :e
2051 2605 2440 2675 sanguinaria
2470 2603 2594 2659 sive
2639 2600 2941 2658 mortifera
2992 2617 3008 2668 ;
3060 2616 3171 2656 nec
3220 2599 3561 2673 quidquam

172 2693 316 2750 λήθη
366 2695 510 2764 παρὰ
538 2700 637 2743 τῶν
667 2691 915 2763 ψυχικῶν
949 2691 1134 2765 ἰατρῶν
1179 2691 1365 2760 αὐτῆς,
1399 2693 1529 2763 λέγω
1561 2690 1652 2756 δὴ,
1699 2704 1749 2747 τό

1983 2695 2231 2767 jumenti
2264 2697 2590 2750 senserata
2629 2689 2997 2764 spiritalibus
3046 2689 3388 2746 animorum
3432 2705 3559 2745 me-

174 2783 480 2854 φελοσὸφων
506 2799 518 2810 ·
578 2779 705 2832 ἀλλὰ
734 2786 822 2832 καὶ
875 2781 1062 2852 μάλλον
1107 2779 1294 2839 ἐϐλάϐη
1344 2790 1459 2842 ταῖς
1503 2781 1744 2836 ἀλλοκότο

1980 2785 2075 2852 eis,
2106 2784 2349 2857 quiejus
2371 2799 2578 2838 curam
2601 2781 2956 2845 habuerant,
2990 2783 3136 2850 puta
3161 2776 3557 2850 philosophis:

174 2867 573 2930 διδασκαλίαις
612 2869 812 2922 αὐτῶν·
846 2866 1084 2941 δεξαμένη
1128 2865 1186 2921 δὲ
1218 2878 1308 2921 τοῦ
1353 2872 1559 2942 ἱματίου
1610 2872 1751 2924 αὐτοι

1982 2874 2009 2929 :1
2039 2873 2458 2929 detrimentum
2483 2871 2681 2942 potius
2711 2872 3070 2940 susceperat,
3115 2882 3221 2939 per
3249 2871 3559 2924 extraneas

170 2965 449 3028 τουτέστι,
506 2969 600 3021 τῆς
659 2967 964 3033 σαρκώσεως
1017 2959 1198 3027 αὐτοῦ,
1261 2956 1353 3011 διὰ
1404 2965 1645 3026 πίστεως,
1705 2983 1747 3014 αι

2010 2961 2310 3019 absurdas
2349 2976 2557 3016 eorum
2609 2956 2934 3014 doctrinas.
2987 2959 3056 3013 Ut
3096 2960 3297 3012 autem
3347 2955 3559 3014 Christi

167 3057 300 3102 τίκα
359 3049 502 3106 ἰάθη.
553 3053 652 3102 Καὶ
681 3052 780 3122 γὰρ
831 3048 1049 3101 ἅπτεται
1098 3056 1188 3100 τοῦ
1237 3051 1444 3120 ἱματίου
1485 3049 1644 3102 αὐτοῦ
1700 3048 1744 3104 δέ

1984 3052 2085 3123 igit
2135 3050 2562 3117 vestimentum,
2595 3047 2710 3103 hoc
2753 3050 2857 3112 est,
2903 3045 3370 3101 incarnationem
3429 3045 3560 3117 ejus

167 3146 408 3199 πίστεως
474 3140 612 3207 (52),
691 3143 789 3197 πᾶς
854 3139 878 3189 ὁ
945 3140 1202 3190 πιστεύων
1273 3145 1332 3210 τῇ
1407 3137 1744 3213 ἒνανθρωπήσ

1982 3159 2007 3196 r
2036 3140 2234 3208 ﬁdem,
2259 3144 2501 3210 repente
2543 3142 2750 3193 sanata
2764 3142 2872 3192 est.
2902 3135 3042 3207 Ejus
3065 3133 3354 3207 siquidem
3372 3134 3559 3204 tangit

166 3229 366 3281 αὐτοῦ.
1900 3231 2339 3294 vestimentum,
2359 3227 2630 3300 quisquis
2651 3224 2838 3282 credit
2852 3224 3040 3297 ipsius
3057 3225 3557 3281 incarnationem.

241 3317 370 3370 Ἐτι
404 3348 475 3357 -
503 3318 823 3374 σωθήσει-αὶ.
867 3323 1046 3368 Ταῦτα
1075 3320 1163 3368 καὶ
1194 3317 1218 3368 ὁ
1250 3318 1460 3389 Μάρκος
1489 3317 1710 3392 ἔγραψεν
1741 3318 1789 3370 ἐν

1980 3322 2142 3376 Vers.
2175 3323 2270 3377 49.
2327 3319 2540 3374 Adhuc
2576 3349 2644 3358 —-
2675 3315 2834 3372 Vers.
2880 3316 2972 3371 50.
3027 3315 3189 3371 salva
3245 3313 3384 3372 erit.
3427 3314 3557 3372 haec

164 3417 240 3477 τῷ
276 3402 711 3478 τρισκαιδεκάτῳ
737 3403 1016 3478 κεφαλαίῳ,
1047 3409 1136 3456 καὶ
1159 3405 1390 3466 ζήτησον
1417 3408 1464 3457 ἓν
1495 3405 1666 3477 ἐκείνῳ
1697 3427 1741 3459 'n

1979 3427 2078 3466 am
2111 3410 2347 3482 scripsit
2369 3409 2598 3465 Marcus
2623 3406 2858 3463 decimo
2889 3404 3058 3462 tertio
3088 3404 3306 3478 capite,
3332 3408 3390 3462 et
3408 3413 3463 3463 in
3485 3419 3555 3462 eo

163 3498 472 3570 ἑρμηνείαν.

1899 3515 2098 3573 qurere
2129 3498 2695 3572 interpretationem.

241 3585 444 3640 Ε’λθὼν
474 3581 532 3636 δὲ
564 3615 630 3624 -
664 3583 908 3636 ἀπέθανεν
1093 3583 1312 3656 Ὁμοίως
1341 3588 1429 3636 καὶ
1457 3589 1574 3655 περὶ
1597 3587 1785 3637 τούτων

1979 3590 2133 3646 Vers.
2168 3591 2253 3646 5t.
2291 3589 2435 3645 Cum
2456 3593 2651 3644 autem
2683 3583 2936 3642 venisset
2965 3614 3032 3626 —
3089 3584 3232 3640 Vers
3261 3587 3347 3641 53.
3400 3600 3556 3642 mor-

161 3680 376 3728 πάντων
410 3673 460 3726 ἓν
501 3673 674 3744 ἐκείνῳ
722 3679 1122 3744 σεσαφήνισται.
1156 3675 1465 3726 Ἐκόπτοντο
1515 3671 1572 3727 δε
1602 3674 1738 3734 αὑτὴ

1978 3695 2001 3736 z
2030 3687 2184 3736 esset.
2211 3677 2486 3735 Similiter
2510 3682 2566 3732 et
2594 3675 2726 3731 haec
2757 3673 2962 3732 omnia
2987 3673 3085 3731 illo
3141 3674 3333 3746 capite
3358 3673 3555 3747 expla-

161 3764 281 3818 ἀντὶ
309 3773 432 3827 τοῦ,
467 3764 712 3834 ἐθρήνουν
735 3762 918 3820 αὐτὴν.

644 3783 712 3814 νυν
735 3762 918 3820 αὐτὴν.
1892 3773 2035 3826 nata
2064 3772 2221 3825 sunt.

239 3859 347 3908 Καὶ
397 3859 673 3926 κρατήσας
722 3883 787 3892 ——
831 3856 1058 3923 γεγονός.
1115 3852 1231 3906 "En
1279 3858 1368 3905 καὶ
1415 3857 1533 3927 περὶ
1589 3857 1781 3906 τούτων

1971 3859 2126 3915 Vers.
2154 3860 2241 3913 54.
2272 3858 2356 3913 Et
2374 3855 2826 3926 apprehensa-
2846 3853 3009 3910 Vers.
3025 3857 3112 3911 56.
3157 3852 3548 3926 quodfactum

157 3943 570 4017 ἀπαραλείπτως
603 3943 837 4014 εὑρήσεις
869 3939 916 3992 ἓν
946 3942 1138 4013 ἐκείνῳ.

1966 3955 1973 3996 .'
2003 3989 2016 4002 .
2049 3947 2130 4002 De
2152 3947 2245 4002 his
2266 3961 2511 4019 quoque
2533 3944 2697 4001 nullo
2723 3943 3120 4017 praetermisso
3145 3943 3228 4000 ibi
3254 3942 3543 4001 invenies.

336 4038 486 4086 KE¢.
519 4030 636 4084 KZ’.
672 4035 793 4105 Περὶ
824 4037 914 4090 τῆς
945 4029 1234 4092 ἀποστολῆς
1254 4039 1354 4083 τῶν
1387 4027 1616 4084 δώδεκα.
1891 4037 1913 4092 (

1966 4036 2048 4091 LP.
2080 4037 2287 4092 XXVII.
2332 4037 2418 4092 De
2447 4034 2719 4091 missione
2759 4033 3068 4090 duodecim
3114 4033 3543 4102 apostolorum.

230 4120 698 4193 Συγκαλεσοίμενος
791 4151 857 4158 -
941 4122 1254 4192 θεραπεύειν.
1351 4125 1570 4196 Εἴρηται
1663 4128 1778 4197 περὶ

1971 4127 2099 4198 Cap.
2135 4127 2218 4182 IX.
2258 4125 2414 4179 Vers.
2463 4129 2512 4181 t.
2539 4122 2874 4180 Convocatis
2903 4153 2972 4163 —
3003 4127 3072 4177 ut
3090 4126 3400 4192 curarent,
3421 4121 3548 4176 Dic-

149 4215 366 4264 τούτων
433 4209 481 4261 ἐν
533 4218 604 4278 τῷ
687 4205 1124 4280 ἐννεακαιδεκάτῳ
1180 4209 1438 4282 κεφαλαίῳ
1497 4219 1589 4264 τοῦ
1646 4232 1726 4264 καῖ

1965 4230 2013 4270 ω
2036 4217 2122 4270 est
2142 4213 2216 4269 de
2241 4213 2334 4268 his
2353 4211 2588 4268 decimo
2608 4226 2766 4268 nono
2779 4210 2956 4282 juxta
2973 4209 3312 4266 Matthmum
3331 4207 3542 4281 capite.

149 4302 466 4355 Mareaiov.

232 4395 345 4443 Καὶ
372 4387 669 4440 ἀπέστειλεν
713 4417 754 4426 —
782 4385 1130 4450 ἁσθενοίντας.
1165 4388 1244 4441 Ἐν
1276 4387 1444 4461 ἐκείνῳ
1477 4386 1776 4448 διείληπται

1966 4392 2117 4449 Vers.
2152 4397 2204 4447 2.
2241 4393 2318 4448 Et
2345 4391 2509 4448 misit
2536 4419 2606 4431 —
2635 4389 2920 4461 inﬁmos,
2955 4386 3179 4444 Eodem
3229 4383 3424 4456 capite
3468 4385 3543 4442 de

143 4486 246 4533 καὶ
312 4483 438 4552 περὶ
496 4481 709 4548 τούτων,
768 4478 888 4528 ἔνθα
941 4484 1107 4529 κεῖται
1157 4482 1250 4529 τόδ
1329 4485 1667 4554 Πορευομενοι
1718 4510 1720 4525 ‹

1966 4500 1976 4537 ι
1997 4498 2233 4556 quoque
2248 4480 2523 4537 distincte
2543 4480 2767 4536 dictum
2785 4481 2890 4542 est,
2908 4474 3263 4548 ubiponitur
3286 4475 3543 4535 :Euntes

143 4571 484 4641 κηρύσσετε,
545 4565 792 4636 λέγοντες,
869 4567 946 4618 ὅτι
1007 4570 1219 4637 ἤγγικεν
1291 4571 1320 4625 ἡ
1379 4567 1625 4640 βασιλεία
1676 4590 1720 4622 τε

1972 4577 2080 4628 tem
2104 4570 2443 4642 praedicata
2465 4570 2628 4626 dicen
2638 4575 2719 4625 tes
2736 4567 2946 4623 :Instat
2976 4579 3223 4637 regnum
3239 4563 3540 4622 caelorum.

141 4661 401 4731 οὐρανῶν
413 4697 425 4708 .

225 4752 346 4801 Καὶ
379 4741 487 4797 εἶπε
515 4775 579 4784 -
605 4747 764 4816 ἔχειν.
800 4743 1024 4816 ὀμοίως
1052 4749 1141 4797 καὶ
1174 4751 1287 4820 περὶ
1313 4750 1528 4802 τούτων,

1957 4750 2118 4807 Vers.
2148 4753 2198 4806 3.
2222 4750 2302 4804 Et
2332 4748 2417 4806 ait
2449 4778 2513 4788 —
2544 4745 2834 4805 habeatis.
2867 4744 3209 4802 Similiteret
3224 4745 3299 4801 de
3315 4742 3430 4802 his.

223 4839 344 4889 Καὶ
379 4833 453 4896 εἰς
481 4864 550 4874 -
593 4832 888 4907 ἐξέρχεσθε.
921 4839 1020 4887 Καὶ
1051 4839 1166 4907 περὶ
1199 4838 1379 4888 τούτου
1410 4835 1722 4914 πλατύνερον
1747 4842 1773 4892 ὁ

1967 4841 2122 4896 Vers.
2153 4840 2314 4897 4.Ει
2350 4838 2412 4894 in
2455 4868 2524 4878 -
2576 4837 2748 4894 exite.
2800 4835 2878 4892 De
2933 4834 3026 4891 his
3073 4849 3311 4908 quoque
3363 4833 3544 4891 latius

137 4926 438 4983 Mareotica;
468 4922 576 4974 ἐκεῖ
602 4923 782 4997 ἱστόρη
793 4941 870 4977 σε.

1885 4928 2123 5003 scripsit
2147 4929 2230 4986 ibi
2257 4928 2564 4986 Matthteus
2596 4928 2667 4981 ⁵ο.

219 5101 280 5139 ιο
313 5099 587 5171 κδιιιια,
615 5104 671 5156 7.

1386 5227 1612 5298 Variae
1651 5230 1982 5300 lectiones
2023 5240 2090 5300 et
2136 5239 2337 5299 notae.

218 5421 358 5498 (Ψ)
400 5426 500 5498 ῖρν
529 5423 644 5498 τήν·
679 5425 741 5498 é-
826 5496 841 5498 ι

1963 5429 2072 5484 rba
2119 5433 2313 5484 textus
2342 5443 2353 5481 :
2408 5425 2569 5488 Αὐτὸς
2599 5423 2659 5480 δι
2685 5423 2909 5480 ίκϐαλὼν
2940 5425 3039 5498 ἕξοι
3071 5425 3292 5498 πάντας,
3316 5422 3380 5480 in
3427 5437 3540 5482 sua

327 5424 337 5474 λ
400 5426 500 5474 Σου
529 5423 644 5478 τήν.
679 5425 741 5473 Δ.
1885 5429 2072 5484 verba

395 5495 459 5545 Δὶ
487 5492 782 5544 κάντεῦθεν.
826 5496 881 5544 Β.
1885 5501 2103 5556 versior

327 5422 358 5710 ξ
392 5565 489 5616 Διά
517 5567 762 5628 πίστεως,
796 5563 1014 5619 omittit
1044 5563 1109 5621 Β.
1884 5571 2103 5630 nuerit.

418 5633 561 5694 Post
613 5633 856 5705 ἀπέθανε,
921 5636 1143 5696 omittit
1201 5637 1384 5698 etiam
1451 5641 1776 5699 Hentenius

395 5492 782 5568 Δὶλκάντεῦθεν.
826 5496 915 5568 Β..
1046 5563 1079 5568 _

1966 5501 2180 5568 rsione,
2215 5499 2456 5558 tametsi
2495 5499 2557 5557 in
2586 5498 2935 5558 Prmt‘atione
2960 5495 3109 5556 nihil
3137 5511 3211 5554 ea
3228 5494 3303 5552 de
3329 5508 3394 5553 re
3416 5508 3543 5555 mo-

242 5501 323 5550 51
395 5501 459 5545 Δε
487 5501 782 5544 κάντεῦθεν.
826 5501 881 5544 Β.

239 5567 329 5621 52
392 5565 489 5616 Διὰ
517 5567 762 5628 πίστεως,
796 5563 1014 5619 omittit
1044 5563 1109 5621 Β.

215 5501 353 5713 ἓξὲξ
418 5633 561 5694 Post
613 5633 856 5705 ἀπέθανε,
921 5636 1109 5696 omitti

418 5633 561 5694 Post
613 5633 856 5705 ἀπέθανε,
921 5636 1143 5696 omittit
1201 5637 1384 5698 etiam
1451 5641 1776 5699 Hentenius
