3994 6218
470 210 575 271 947

1769 197 2126 259 EUTHYMII

2265 198 2467 259 iABEN
2474 203 2496 259 Ι
3700 211 3776 267 918

545 336 708 393 Vers.
732 333 788 390 5.
802 336 883 392 Et
897 334 1221 408 quicunque
1236 364 1298 375 -—
1314 334 1596 392 adversus
1608 332 1763 389 illos.
1778 326 1917 385 Pari
1936 325 2121 383 modo
2151 370 2152 373 η

2306 332 2409 381 Καὶ
2452 331 2567 382 ὅσοι
2629 361 2698 373 -
2751 333 2831 385 ἐπ’
2886 331 3094 393 αὐτούς.
3148 332 3530 406 Παραπλησίως
3572 340 3653 387 καὶ
3695 341 3781 409 περὶ

474 429 533 482 et
550 425 625 483 de
643 426 757 482 his.

546 515 705 571 Vers.
765 520 815 571 6.
862 513 1099 585 Egressi
1148 545 1215 553 —
1269 513 1491 585 ubique.
1543 514 1715 567 Juxta
1758 511 2126 582 praeceptum

478 605 606 676 ejus
637 645 651 669 ,
674 605 777 677 qui
806 602 1050 658 miserat
1084 601 1236 657 illos.

551 694 694 748 Vers
723 699 794 747 .7.
826 692 1067 748 Audivi!
1094 723 1155 731 —-
1194 692 1358 746 Vers.
1396 696 1447 747 9.
1474 706 1621 747 eum.
1672 690 1753 744 De
1798 688 1886 743 his
1926 688 2129 742 exacte

478 782 855 855 disputatum
888 787 975 838 est
996 782 1281 838 vicesimo
1326 782 1535 854 quinto
1583 780 1768 852 capite
1831 774 2132 845 Evangelii

479 872 810 929 secundum
838 872 1198 929 Matthzeum.

551 963 720 1017 Vers.
768 962 1297 1017 I0.Etreversi—
1350 962 1509 1015 Vers.
1562 960 1650 1013 It.
1703 974 1848 1014 eum.
1895 955 2133 1013 Decimo

483 1052 691 1123 quinto
722 1050 908 1121 capite
932 1049 1234 1119 Evangelii
1268 1048 1598 1104 secundum
1621 1051 1881 1103 Marcum
1908 1046 2134 1100 dictum

483 1139 673 1211 estde
701 1140 791 1194 his
818 1138 1015 1201 latius,
1036 1138 1394 1211 ubiponitur
1425 1154 1436 1192 :
1463 1139 1541 1192 Et
1566 1142 2137 1207 congreganturapo—

483 1228 621 1284 ετοιί
659 1229 728 1283 ad
752 1230 943 1285 Jesum
976 1230 1045 1281 δι.

556 1319 721 1373 Vers.
748 1318 834 1371 II.
861 1318 933 1372 Et
962 1316 1269 1386 suscipiens
1295 1315 1657 1372 -sanabat.
1710 1318 1788 1370 De
1836 1314 1933 1371 his
1988 1313 2134 1370 vice.

489 1407 640 1463 simo
670 1407 1068 1480 quintojuxta
1100 1407 1423 1462 Mattheeum
1454 1406 1644 1475 capite
1682 1404 1988 1475 diligenter
2022 1404 2139 1459 dis-

487 1497 847 1569 putavimus,
877 1495 980 1551 ubi
1010 1494 1225 1551 dicitur
1256 1512 1269 1551 :
1302 1496 1376 1550 Et
1398 1510 1648 1565 egressus
1662 1493 1823 1549 Iesus
1856 1494 2139 1550 vidittur-

491 1585 615 1642 bam
643 1586 893 1642 multam
926 1600 939 1641 :
974 1591 1023 1639 et
1048 1586 1311 1641 misertus
1342 1592 1419 1641 est
1441 1584 1680 1639 illorum
1704 1585 1773 1636 ⁵³.

776 1764 929 1821 CAP.
957 1766 1181 1822 XXVIII.
1211 1766 1289 1819 De
1314 1764 1556 1835 quinque
1581 1762 1850 1832 panibus.

563 1944 729 2002 Vers.
762 1945 849 2000 I2.
899 1943 1031 2001 Dies
1074 1959 1209 2000 vero
1258 1975 1326 1983 —
1382 1959 1599 1999 sumus.
1630 1941 1920 1998 Praedicto
1953 1942 2139 2014 capite

491 2035 711 2095 horum
737 2034 877 2090 data
908 2038 995 2089 est
1021 2032 1382 2105 explanatio.
1416 2032 1801 2089 Diversorium
1838 2047 1970 2087 vero
2002 2031 2144 2087 dicit

494 2139 677 2189 nunc,
708 2122 1171 2196 receptaculum.

569 2303 741 2361 Vers.
778 2304 865 2360 I3.
892 2300 994 2357 Ait
1024 2332 1093 2341 —
1123 2302 1281 2357 Vers.
1317 2302 1404 2359 14.
1429 2300 1735 2374 quinquies
1757 2301 1938 2358 mille.
1970 2300 2146 2358 Simi-

492 2392 628 2453 liter
651 2396 709 2449 et
732 2391 805 2448 de
834 2392 954 2449 his.

572 2482 731 2538 Vers.
765 2482 851 2538 14.
876 2480 1047 2537 Diri:
1076 2511 1144 2522 —
1174 2482 1339 2535 Vers.
1397 2480 1480 2535 15.
1536 2496 1740 2538 omnes.
1792 2480 1919 2538 Pari
1968 2481 2149 2537 modo

500 2576 557 2630 et
589 2572 664 2628 de
691 2571 807 2627 his.

571 2662 741 2719 Vers.
780 2664 863 2719 I6.
896 2660 1430 2730 Acceptis—Vers.
1489 2660 1576 2715 I7.
1627 2660 1959 2717 duodecim.
2004 2676 2153 2732 prae-

494 2755 662 2823 terea
690 2750 831 2807 etde
857 2749 968 2806 his.

502 2840 658 2898 CAP.
710 2842 883 2897 XXIX.
932 2840 1018 2895 De
1052 2837 1513 2908 interrogatione
1571 2839 1813 2895 Domini
1854 2840 1936 2896 ad
1980 2839 2155 2897 disci-

1242 2928 1434 2997 pulos.

2234 419 2445 473 τούτων.

2311 508 2672 584 Ἐξερχόμενοι
2718 542 2784 553 -
2833 520 3131 585 πανταχοῦ.
3180 516 3325 567 Κατὰ
3367 518 3454 572 την
3502 513 3684 573 ἐντολὴν
3718 524 3785 569 τοῦ

2238 593 2635 661 ἀποστείλαντος
2662 601 2869 662 αὐτούς.

2308 694 2564 742 ’Ἤκουσεν
2622 721 2690 731 -—
2745 691 2920 743 αὐτόν.
2968 698 3093 765 Περὶ
3161 694 3352 744 τούτων
3428 693 3791 765 ἠκριϐολόσγηται

2240 776 2354 847 (54)
2386 778 2551 839 καλῶς
2582 778 2629 831 ἐν
2659 789 2728 852 τῷ
2769 781 2987 852 εἰκοστῷ
3013 786 3226 854 πέμπτῳ
3272 782 3526 854 κεφαλαίῳ
3569 791 3652 835 τοῦ
3690 786 3791 835 κατὰ

2242 868 2530 922 Ματθαίον.

2319 961 2414 1009 Καὶ
2449 958 2864 1031 ὑποστρέψαντες
2893 992 2960 999 —
2992 960 3153 1030 αὐτῷ.
3188 961 3269 1014 Ἐν
3298 968 3370 1031 τῷ
3400 958 3793 1030 πεντεκαιδεκάτῳ

2244 1044 2499 1117 κεφαλαίῳ
2527 1055 2617 1099 τοῦ
2647 1052 2783 1100 κατὰ
2812 1052 3021 1123 Μάρκον
3048 1052 3245 1124 εἴρηται
3274 1055 3391 1122 περὶ
3416 1054 3605 1102 τούτων
3639 1050 3794 1102 πλατύ-

2245 1153 2407 1206 τερον,
2442 1138 2560 1188 ἔνθα
2603 1145 2770 1189 κεῖται
2819 1144 2911 1191 τό·
2960 1144 3058 1192 Καὶ
3105 1144 3414 1211 συνάγονται
3463 1143 3510 1191 οἰ
3562 1138 3795 1191 ἀπόστολοι

2246 1228 2371 1299 πρὸς
2400 1229 2486 1277 τὸν
2518 1226 2741 1284 Ἰησοῦν.

2322 1318 2421 1365 Καὶ
2482 1310 2757 1386 δεξάμενος
2815 1347 2867 1357 --
2936 1317 3065 1369 ἰᾱιτο.
3126 1322 3249 1389 Περὶ
3303 1336 3497 1369 τουτων
3550 1317 3593 1368 ἐν
3644 1326 3705 1386 τῷ
3748 1318 3797 1368 εἰ.

2248 1412 2419 1473 κοστῷ
2483 1409 2699 1476 πέμπτῳ
2758 1405 3015 1477 κεφαλαίῳ
3070 1414 3160 1459 τοῦ
3218 1412 3352 1458 κατὰ
3409 1409 3664 1459 Mareotica
3720 1410 3799 1459 ἐπι·

2248 1492 2412 1563 μελῶς
2466 1491 2787 1567 διελάϐομεν,
2849 1498 2975 1548 ὅπου
3039 1503 3206 1548 κεῖται
3259 1500 3354 1547 τό·
3418 1501 3515 1548 Καὶ
3560 1495 3739 1557 ἐξελθών
3784 1498 3800 1546 ὁ

2250 1582 2458 1644 Ἰησοῦς
2521 1580 2626 1636 εἶδε
2677 1584 2834 1636 πολὺν
2899 1584 3077 1656 ὄχλον,
3147 1590 3237 1637 καὶ
3300 1584 3688 1657 ἐσπλαγχνίσθη
3740 1584 3801 1636 ἐπ’

2174 1679 2219 1736 Β
2250 1671 2446 1734 αὐτοῖς.

2253 1768 2397 1819 ΚΕΦ.
2454 1761 2580 1815 κη’.
2648 1768 2772 1837 Περὶ
2831 1772 2926 1816 τῶν
2993 1769 3140 1817 πέντε
3205 1765 3373 1837 ἄρτων
3438 1772 3526 1817 καὶ
3584 1773 3675 1815 τῶν
3730 1760 3805 1815 δύο

2937 1853 3158 1924 ἰχθύων.

2320 1939 2377 1992 Ἠ
2419 1937 2476 1993 δὲ
2535 1942 2703 2015 ἡμέρα
2740 1974 2807 1981 -
2864 1940 3033 2014 ἐσμέν.
3093 1944 3177 1995 Ἐν
3232 1951 3302 2013 τῷ
3357 1940 3637 2000 δηλωθέντι
3683 1961 3807 2013 κεφα-

2250 2027 2378 2100 λαίῳ
2425 2038 2514 2082 τοῦ
2577 2033 2711 2082 κατὰ
2758 2033 3021 2084 Ματθαῖον
3078 2037 3166 2084 καὶ
3232 2038 3349 2107 περὶ
3415 2036 3606 2085 τούτων
3652 2030 3807 2103 ἐσοφιζ-

2253 2121 2428 2177 νίσθη.
2511 2120 2807 2172 Κατάλνσιν
2884 2117 2943 2173 δὲ
3032 2120 3165 2193 λέγει
3230 2129 3318 2173 νῦν
3409 2127 3505 2179 τὴν
3591 2126 3809 2177 κατασκήο

2254 2228 2432 2263 νωσιν.

2330 2296 2452 2351 Εἷπε
2542 2330 2612 2340 —
2705 2298 3147 2371 πεντακισχίλιοι.

2260 2390 2472 2443 τούτων.

3234 2299 3460 2372 Ὁμοίως
3557 2307 3639 2351 καὶ
3720 2303 3810 2368 περὶ

2332 2474 2454 2530 Εἶπε
2486 2509 2552 2518 -
2582 2478 2826 2537 ἅπαντας.
2861 2477 3130 2540 Ὡσαύτως
3159 2485 3246 2530 καί
3281 2484 3400 2552 περὶ
3434 2482 3641 2531 τούτων.

2335 2655 2522 2710 Λαϐὼν
2556 2688 2619 2697 -
2653 2653 2882 2709 δώδεκα.
2917 2662 3031 2711 Ἔτι
3058 2662 3291 2730 καὶπερὶ
3322 2660 3541 2709 τούτων.

2267 2841 2413 2890 ΚΕΦ.
2465 2834 2593 2890 KB'.
2657 2841 2781 2910 Περὶ
2834 2844 2930 2897 τῆς
2999 2844 3099 2887 τῶν
3162 2836 3413 2906 μαθητῶν
3483 2834 3816 2909 ἐπερωτήσεως.

575 3021 737 3075 Vers.
772 3018 860 3074 I8.
892 3017 970 3073 Ει
993 3019 1219 3088 factum
1246 3022 1327 3074 est
1355 3049 1423 3058 -—
1452 3018 1610 3073 Vers.
1644 3018 1732 3073 20.
1772 3018 1891 3075 Dei.
1920 3019 2152 3077 Horum

2338 3020 2437 3067 Καὶ
2492 3013 2679 3086 ἐγένετο
2732 3044 2799 3056 -—
2865 3021 2955 3065 τοῦ
3009 3020 3161 3068 Θεοῦ.
3222 3016 3432 3066 Τούτων
3506 3014 3694 3065 πάντων
3751 3014 3820 3065 τὴν

505 3106 779 3165 omnium
808 3105 1355 3176 interpretationem
1382 3106 1648 3162 invenies
1665 3107 1964 3163 tricesimo
1986 3108 2156 3164 tertio

496 3195 699 3273 .capite
730 3194 1029 3266 Evangelii
1060 3194 1389 3250 secundum
1420 3195 1780 3252 Matthaenm.

577 3286 743 3341 Vers.
776 3287 866 3341 2t.
894 3284 949 3339 Is
982 3299 1114 3340 vero
1138 3315 1203 3323 —
1249 3283 1373 3340 hoc.
1422 3284 1553 3354 lege
1602 3290 1785 3341 totam
1836 3285 2160 3342 enarratio-

507 3390 649 3432 nem
686 3389 897 3431 eorum
921 3372 1139 3446 quaain
1170 3372 1270 3429 illo
1325 3374 1519 3445 caqite
1568 3373 1725 3430 dicta
1774 3380 1930 3438 sunt,
1971 3390 2159 3446 usque

510 3466 586 3522 ad
632 3481 770 3521 eum
812 3463 1011 3520 locum
1045 3463 1147 3518 ubi
1185 3463 1428 3518 dicitur:
1457 3464 1555 3520 Ex
1592 3479 1655 3519 eo
1706 3471 1957 3533 tempore
1986 3463 2158 3533 capit

496 3554 665 3620 .Jesus
714 3552 968 3609 indicare
1003 3551 1478 3620 diseipulis”;et
1506 3552 1644 3607 inde
1685 3553 1859 3608 simul
1888 3553 2161 3608 omnium

498 3642 1028 3716 diligentissimam
1064 3641 1282 3696 sumito
1322 3640 1825 3712 explanationem.

584 3735 745 3789 Vers.
788 3735 877 3785 22.
910 3732 1112 3787 Dicens
1137 3761 1205 3771 —
1236 3731 1514 3801 refugere.
1547 3730 1631 3786 Ibi
1683 3730 1755 3785 de
1804 3730 1897 3785 his
1928 3747 2161 3804 quoque

513 3837 623 3879 suo
661 3821 867 3879 ordine
898 3820 1267 3892 disputatum
1294 3824 1401 3874 est.

510 3984 515 3989 η
582 3914 743 3968 νοτε.
775 3912 864 3966 23.
894 3910 1128 3967 Dicebat
1152 3939 1218 3949 —
1244 3925 1351 3972 me,
1392 3907 1494 3964 Sed
1531 3914 1584 3964 et
1643 3909 1716 3964 de
1766 3908 1858 3964 his

508 4000 739 4080 ibidem
769 4004 906 4071 post
927 4014 1122 4071 pauca
1164 3998 1407 4054 omnino
1428 3998 1714 4054 invenies.

506 4148 514 4155 ,
584 4091 746 4146 Vers.
775 4088 864 4143 24.
898 4088 1162 4159 Quisquis
1193 4119 1258 4128 —
1290 4103 1433 4143 eam.
1501 4087 1854 4160 Quicunque
1913 4088 2165 4144 voluerit

508 4180 785 4260 animam
816 4192 989 4233 suam
1015 4192 1051 4232 a
1090 4182 1275 4234 morte
1299 4192 1533 4232 servare
1574 4183 1840 4247 tempore
1874 4178 2161 4250 martyrii,

518 4269 704 4326 factus
734 4266 951 4324 anima:
983 4271 1236 4333 amator,
1266 4270 1322 4321 at
1347 4281 1470 4321 non
1496 4265 1705 4321 Christi
1728 4273 1982 4335 amator,
2044 4284 2167 4338 per-

516 4360 617 4416 det
639 4373 773 4415 eam
800 4357 861 4412 in
900 4355 1097 4411 futuro
1129 4353 1377 4421 saeculo,
1408 4353 1522 4410 hoc
1555 4359 1659 4419 est,
1690 4354 1750 4410 in
1805 4354 2164 4426 supplicium

517 4449 882 4522 projicietur.
902 4447 1049 4505 Haec
1063 4443 1502 4501 autemibidem
1518 4444 1717 4509 etiam,
1746 4460 1977 4517 suoque
2011 4445 2170 4501 dicta

519 4543 657 4594 sunt
681 4534 1190 4605 ordine,videlicet
1209 4532 1442 4589 decimo
1466 4548 1627 4589 nono
1655 4534 1845 4606 capite
1870 4534 2172 4605 Evangelii

521 4626 856 4681 secundum
902 4624 1261 4681 Matthaaum.

592 4713 757 4769 Vers.
784 4713 873 4768 24.
908 4712 1168 4784 Quisquis
1205 4743 1271 4752 —
1310 4726 1451 4768 eam.
1474 4709 1826 4783 Quicunque
1859 4710 1961 4768 illa
1978 4712 2176 4784 priva-

522 4807 616 4858 tus
636 4800 809 4857 fuerit
836 4816 943 4872 per
968 4800 1342 4872 martyrium,
1366 4800 1461 4857 hic
1484 4800 1740 4858 servabit
1788 4816 1924 4857 eam
1978 4802 2038 4857 in
2086 4801 2173 4857 fu-

522 4898 656 4949 turo
687 4888 927 4947 saeculo.

1925 3925 2162 3982 quoque

597 5044 642 5081 ⁸¹
675 5044 844 5101 Marc.
876 5058 951 5110 η,
985 5045 1075 5099 30.
1152 5041 1199 5078 ⁵³
1242 5039 1437 5099 Matth.
1470 5056 1588 5110 x1v,
1634 5043 1719 5097 14.

2267 3104 2535 3178 ἑρμηνείαν
2562 3105 2800 3178 εὑρήσεις
2844 3103 2893 3155 ἐν
2936 3111 3007 3173 τῷ
3058 3112 3353 3177 τριακοστῷ
3402 3108 3562 3178 τρίτῳ
3609 3100 3820 3173 aspalatqu

2268 3200 2359 3245 τοῦ
2385 3196 2518 3245 κατὰ
2542 3196 2829 3247 Ματθαίον.

2338 3283 2396 3335 Ὀ
2442 3280 2500 3337 δὲ
2537 3315 2606 3323 -
2636 3291 2808 3336 τοῦτο.
2842 3284 3130 3353 Ἀνάγνωθι
3176 3287 3268 3340 τὴν
3301 3283 3425 3340 ὅλην
3486 3282 3715 3353 ἐξήγησιν
3750 3287 3823 3329 τῶν

2272 3372 2318 3425 ἐν
2352 3372 2522 3444 ἐκείνῳ
2561 3374 2674 3443 (55)
2704 3374 2874 3447 ῥητῶν
2905 3374 3040 3444 οἰχρι
3087 3379 3178 3423 τοῦ
3203 3390 3214 3401 ·
3264 3373 3401 3425 Ἀπὸ
3445 3378 3560 3424 τότε
3604 3370 3767 3443 ἤρξατο
3805 3368 3823 3415 ὁ

2274 3461 2479 3522 Ἰησοῦς
2524 3458 2771 3514 δεικνύειν
2828 3469 2937 3523 τοῖς
2992 3463 3253 3532 μαθηταῖς
3312 3462 3521 3513 αὐτοῦ·
3592 3466 3671 3511 καὶ
3712 3458 3821 3525 λήῷζέ

2272 3552 2471 3602 πάντων
2503 3552 2631 3622 ὁμοῦ
2665 3548 2952 3621 διάγνωσιν
2984 3549 3382 3623 ἀκριϐεστάτην.

2345 3728 2512 3781 Εἰπὼν
2532 3746 2544 3759 ο
2584 3759 2653 3770 -
2683 3728 2971 3804 ἐγερθῆναι.
3010 3727 3241 3791 Καθεξῆς
3281 3727 3387 3781 ἐκεῖ
3416 3735 3508 3781 καὶ
3539 3732 3647 3799 περὶ
3675 3726 3825 3775 τούτων

2276 3815 2591 3877 διείληπται.

2344 3907 2520 3979 Ἔλεγε
2548 3939 2616 3948 -
2642 3928 2748 3980 μοι.
2786 3907 2939 3961 Ἀλλὰ
2980 3908 3094 3978 (56)
3134 3912 3223 3959 καὶ
3253 3912 3371 3979 περὶ
3405 3911 3599 3959 τούτων
3624 3905 3665 3956 ἐν
3694 3903 3825 3969 ἐκείνῳ

2274 3998 2383 4069 μετ’
2420 3997 2567 4069 ὀλίγα
2596 3999 2765 4050 πάντα
2789 3999 3048 4071 εὑρήσεις.

2344 4093 2437 4147 ’ος
2485 4118 2552 4127 -——
2604 4087 2784 4144 αὐτὴν.
2843 4085 2935 4146 ’ος
2988 4088 3049 4137 οἶν
3121 4085 3235 4157 θέλῃ
3317 4089 3414 4143 τὴν
3476 4086 3654 4155 ψυχὴν
3704 4079 3825 4130 αὐτοῦ

2279 4173 2547 4228 διασῶσαι
2597 4175 2696 4228 ἀπὸ
2761 4178 3003 4240 θανάτου,
3068 4174 3115 4226 ἐν
3183 4183 3346 4248 καιρῴ
3395 4178 3679 4247 μαρτυρίου
3724 4170 3827 4239 ’μηδ’

2278 4285 2423 4337 μενος
2478 4264 2792 4336 φιλόψυχος,
2838 4263 2947 4315 ἀλλ’
2991 4264 3048 4315 οὗ
3085 4263 3451 4335 φιλόχριστος,
3512 4260 3729 4314 ἀπολέσει
3763 4254 3829 4304 αὖ·

2278 4360 2369 4411 τὴν
2427 4354 2473 4405 ἐν
2541 4363 2611 4423 τῷ
2670 4353 2902 4424 μέλλοντι
2969 4353 3136 4416 αἰῶνι,
3190 4356 3484 4415 τουτέστιν,
3543 4352 3607 4411 εἰς
3658 4346 3825 4399 κόλασιν

2282 4443 2505 4516 ἐμϐαλεῖ.
2576 4447 2761 4515 Εἷρηκε
2829 4439 2886 4494 δε
2971 4444 3133 4493 ταῦτά
3211 4461 3263 4494 τε
3329 4448 3422 4493 καὶ
3481 4446 3548 4492 τὰ
3618 4440 3717 4500 ἑξῆς
3765 4436 3829 4482 κπὶ

2283 4534 2328 4586 ἐν
2410 4542 2480 4603 τῷ
2546 4528 2980 4603 ἐννεακαιδεκάτῳ
3042 4530 3299 4603 κεφαλαίῳ
3365 4540 3464 4583 τοῦ
3529 4531 3657 4581 κατὰ
3724 4530 3829 4575 Meto

2286 4625 2447 4675 θαϊον.

2352 4711 2447 4774 ⁴Ος
2498 4742 2565 4752 --
2609 4711 2786 4769 αὐτὴν.
2840 4709 2936 4772 ’ος
2986 4712 3046 4763 ἄν
3080 4708 3329 4784 ἀφαιρεθῇ
3388 4710 3575 4773 αὐτὴν,
3621 4704 3703 4757 διὰ
3729 4718 3827 4773 μαθ-

2284 4807 2488 4876 τυρίου,
2516 4801 2664 4861 οὗτος
2698 4806 2855 4853 σώσει
2882 4800 3045 4857 αὐτὴν
3072 4798 3118 4851 ἐν
3149 4807 3220 4870 τῷ
3246 4797 3485 4871 μέλλοντι
3516 4798 3672 4867 αἰῶνι.

1798 5042 1845 5078 ⁵³
1869 5040 2067 5099 Matth.
2095 5056 2212 5110 κη,
2242 5046 2332 5099 21.

1767 5189 1994 5259 Variae
2033 5191 2357 5262 lectiones
2385 5200 2452 5260 et
2481 5199 2682 5260 notae.

595 5339 708 5415 (54)
748 5335 1183 5415 Ἥκρξϐολογήθην
1229 5340 1284 5388 B-

514 5474 521 5484 .
597 5408 708 5487 (55)
736 5408 855 5485 τάπ’
878 5408 1097 5487 Emitte”,
1117 5412 1208 5487 .4.-

511 5477 521 5543 ξ
595 5477 710 5556 (56)
742 5477 802 5542 In
826 5497 961 5539 mea
986 5478 1128 5556 Novi
1156 5477 1508 5556 Testamenti
1545 5477 1741 5556 .Graeci
1789 5477 2063 5556 editione,
2110 5491 2173 5548 p.

522 5547 648 5621 209,
679 5547 1017 5631 suspicatus
1057 5549 1287 5606 fueram
1313 5547 1599 5631 vocabula
1654 5550 1780 5631 ista,
1809 5550 1924 5601 καθ’
1946 5547 2172 5631 saepe»,

523 5619 660 5704 quae
678 5619 1022 5700 Euthymius
1054 5636 1172 5679 non
1188 5620 1473 5693 agnoscit,
1497 5619 1776 5676 translata
1795 5636 1924 5678 csse
1942 5619 2003 5677 in
2039 5619 2175 5677 con-

2285 5338 2513 5413 textum
2553 5349 2622 5413 eg;
2672 5331 3219 5413 homiletaaliquo.
3256 5333 3663 5413 Laudaveram
3692 5331 3819 5413 etiam

2285 5404 2422 5478 loca
2451 5404 2666 5460 similia
2702 5403 3127 5478 Chrysostomi.
3162 5403 3275 5459 Sed
3301 5420 3463 5462 nunc
3499 5407 3557 5462 in
3604 5408 3815 5478 promth

2285 5481 2373 5549 est
2402 5477 2570 5532 locus
2609 5492 2788 5549 quem
2819 5473 3193 5547 quaerebam.
3228 5478 3372 5533 Nam
3421 5485 3460 5533 t.
3504 5473 3617 5541 γιιξ
3648 5473 3813 5549 p557.

2283 5548 2366 5605 ita
2390 5549 2613 5622 habet:
2648 5550 3043 5622 Amvexégjup,
3088 5551 3240 5622 φησὶ,
3274 5554 3513 5622 περίφερε
3551 5554 3632 5603 τὸν
3659 5548 3813 5601 θάπτον

2283 5624 2372 5673 καὶ
2406 5626 2543 5675 ΚΑΘ
2572 5618 2861 5675 ἨΜΕΡΑΝ
2896 5618 3101 5691 ἕτοιμος
3124 5620 3212 5687 ἔσο
3240 5618 3369 5693 πρός
3398 5618 3631 5695 ’σῴα-γὴν.
3688 5678 3693 5687 ,
3752 5674 3753 5681 η
