3994 6218
135 276 233 333 949
1274 271 1645 332 COMMENT.
1686 267 1754 323 IN
1795 265 2064 324 LUCAM.
2094 298 2163 310 —
2187 269 2343 328 CAP.
2373 270 2472 328 IX.
3396 271 3502 330 950

199 407 260 456 Ti
297 404 398 474 γὰρ
451 431 512 440 -
553 400 829 473 ζημιωθείς
854 415 869 467 ;
899 407 1063 453 Τοῦτο
1102 405 1188 453 καὶ
1222 401 1248 453 ό
1278 402 1547 460 Ματθαίος
1580 399 1734 470 ἔγρα-
1769 434 1776 445 .

1923 395 2078 450 Vers.
2115 400 2202 451 25.
2237 397 2388 466 Quid
2406 398 2554 454 enim
2577 427 2646 439 —
2665 396 2909 468 faciat?
2940 398 3073 455 Hoc
3102 402 3160 455 et
3195 399 3500 456 Matthmus

130 493 218 564 φιν
286 490 369 543 ἐπὶ
433 488 605 552 τε’λους
657 496 744 541 τοῦ
798 497 1114 563 τριακοστοῡ
1197 494 1372 565 τρίτου
1429 487 1707 561 κεφαλαίου

1926 483 2088 556 ripsit
2117 484 2178 540 in
2227 485 2340 542 ﬁne
2381 487 2658 544 tricesimi
2690 486 2839 543 tertii
2866 485 3116 559 capitis:
3149 492 3204 545 et
3232 487 3314 544 ibi
3353 503 3503 560 qum-

131 587 215 633 καὶ
245 582 481 641 ζήτησον
526 577 628 631 ἐκεῖ
675 582 768 636 τὴν
803 577 1070 650 ἐξήγησιν.
1115 581 1184 632 Τό
1237 575 1317 641 δε,
1349 579 1378 638 ἦ
1431 578 1708 649 ζημιωθεὶς

1967 575 2470 631 enarrationnem.
2519 576 2688 642 Quod
2743 580 2944 632 autem
2998 576 3368 633 addit:Aut
3411 574 3504 634 sui

131 673 556 745 ἑφερμηνευτικόν
614 670 728 720 ἔστι
798 675 910 734 τοῦ,
996 667 1275 730 ἀπολέσας.
1337 667 1620 720 Ἀπωλειαν
1679 661 1708 717 δ

1926 663 2036 718 sius
2051 665 2351 733 jacturam
2365 665 2576 736 faciat,
2599 665 3036 722 declarativum
3057 670 3145 722 est
3171 667 3503 738 praeceden-

129 764 213 811 καὶ
282 759 480 829 ζημίαν
546 756 788 829 ὀνομάζει
841 761 936 816 τὴν
1016 758 1220 810 αἰώνιον
1278 753 1573 814 καταδίκην
1648 773 1706 806 κο

1928 790 1940 816 ,
1983 757 2143 823 puta,
2186 754 2456 826 seipsum
2513 755 2744 826 perdat.
2803 754 3198 811 Perditionem
3241 769 3382 811 vero
3447 757 3505 812 et

129 847 367 899 κόλασιν.
1843 838 2142 911 jacturam
2179 843 2470 909 nominat,
2505 847 2780 900 asternam
2833 843 3392 902 condemnationem
3447 846 3506 899 et

1849 928 2233 1001 supplicium.

193 1024 286 1086 Ὃς
334 1027 437 1099 γὰρ
504 1055 574 1066 —
635 1025 885 1096 ἁγγελων.
959 1027 1164 1078 Τούτων
1233 1029 1580 1099 ξμνημόνευσε
1649 1043 1736 1090 κατ

1928 1021 2091 1075 Vers.
2120 1022 2209 1076 26.
2245 1020 2669 1094 Quemcumque
2698 1052 2768 1063 -—
2793 1023 3162 1092 angelorum.
3194 1023 3419 1078 Horum
3448 1025 3505 1079 et

131 1117 153 1167 6
200 1117 415 1188 Μάρκος
464 1113 512 1166 ἐν
566 1123 640 1183 τῷ
690 1114 909 1184 εἰκοστῷ
962 1117 1190 1188 τετάρτῳ
1238 1113 1518 1187 κεφαλαίῳ,
1559 1118 1649 1166 καὶ
1692 1112 1708 1164 ἒ

1929 1125 2082 1164 treus
2112 1110 2381 1166 meminit
2410 1110 2692 1167 vicesimo
2717 1116 2933 1184 quarto
2959 1111 3173 1182 capite,
3205 1116 3262 1166 et
3295 1110 3377 1166 ibi
3408 1126 3506 1166 ex-

135 1205 304 1275 ἰκείνῳ
371 1201 856 1276 διηρμηνεύθησαν.
931 1205 1089 1259 Ἀλλὰ
1144 1213 1252 1266 πῶς
1301 1201 1456 1269 εἶπεν,
1514 1205 1589 1255 ὅτι
1650 1222 1712 1253 κα

1926 1205 2096 1256 inata
2119 1208 2280 1258 sunt.
2303 1201 2521 1257 Verum
2543 1201 2853 1272 quomodo
2875 1206 2932 1255 et
2952 1200 3165 1270 Patris,
3195 1204 3253 1255 et
3272 1205 3503 1256 sancto-

137 1314 225 1345 του
255 1297 456 1367 Πατρός
487 1298 577 1344 καὶ
607 1301 705 1343 τῶν
736 1291 896 1363 ἁγίων
925 1291 1151 1364 ἀγγέλων
1181 1309 1194 1360 ;
1229 1296 1370 1345 Διὸτι
1399 1297 1488 1344 καὶ
1533 1293 1561 1349 ἡ
1607 1288 1714 1353 δόξα

1929 1306 1983 1344 m
2034 1290 2374 1359 angelorum
2399 1290 2427 1345 ‘t
2449 1291 2598 1356 Quia
2638 1290 2827 1359 gloria
2858 1289 3043 1345 Patris
3070 1287 3259 1359 gloria
3297 1293 3383 1344 est
3420 1288 3506 1361 ip—

138 1391 224 1434 τοὺ
257 1385 470 1454 Πατρός,
525 1378 658 1444 δόξσ
697 1381 854 1434 αὑτοῦ
899 1384 1068 1436 ἔσται.
1115 1384 1231 1442 Υἱός
1268 1384 1366 1454 γὰρ
1409 1381 1568 1432 αὐτοῦ
1600 1379 1713 1432 ἐστι

1929 1395 1999 1447 is,
2048 1395 2184 1434 cum
2218 1395 2406 1436 unum
2447 1381 2581 1435 sint.
2613 1380 2733 1451 Ego
2762 1385 2816 1436 et
2847 1381 3047 1446 Pater,
3080 1377 3291 1450 inquit,
3325 1393 3506 1435 unum

136 1475 231 1522 Καὶ
261 1473 290 1527 ἠ
345 1467 476 1533 δόξα
521 1479 620 1522 τῶν
661 1469 820 1542 ἁγίων
871 1469 1119 1542 ἀγγέλων,
1177 1467 1308 1533 δόξα
1355 1469 1512 1522 αὐτοῦ
1564 1472 1712 1521 ἔσται

1928 1483 2052 1524 mus
2077 1469 2125 1503 ⁵⁸
2157 1469 2283 1541 (tt):
2309 1467 2498 1539 gloria
2527 1483 2670 1525 vero
2695 1467 3069 1538 angelorum,
3099 1467 3282 1524 etiam
3312 1467 3505 1540 ipsius

131 1565 391 1620 Δεσπότης
417 1563 518 1633 γὰρ
552 1560 720 1612 αὐτῶν
749 1558 881 1613 ἐστι.

1848 1561 1936 1613 est
1957 1576 1975 1629 ;
2008 1557 2299 1614 Dominus
2329 1557 2491 1614 enim
2517 1557 2759 1614 illorum
2787 1561 2893 1613 est.

199 1653 351 1720 Λέγω
395 1646 455 1701 δὲ
507 1680 575 1689 -
631 1656 724 1701 τοῦ
784 1655 936 1702 Θεοῦ.
998 1649 1221 1723 Εἴρηται
1276 1651 1394 1721 περὶ
1444 1651 1638 1701 τούτων
1687 1646 1735 1700 ἐν

1925 1648 2078 1703 Vers.
2117 1648 2206 1702 27.
2239 1647 2385 1703 Dico
2415 1678 2483 1686 —
2511 1647 2634 1704 Dei.
2668 1646 2900 1701 Dictum
2930 1649 3016 1702 est
3053 1645 3128 1700 de
3169 1644 3261 1701 his
3290 1645 3351 1700 in
3384 1644 3502 1702 ﬁne

126 1746 192 1807 τῷ
238 1737 371 1791 τέλει
410 1746 501 1791 τοῦ
544 1745 858 1810 τριακοστοῦ
911 1742 1090 1811 τρίτου
1137 1737 1415 1810 κεφαλαίου
1461 1744 1552 1790 τοῦ
1599 1756 1698 1789 κατ

1928 1735 2125 1791 cesimi
2177 1735 2328 1792 tertii
2371 1735 2583 1808 capitis
2641 1733 2943 1805 Evangelii
2988 1734 3324 1792 secundum
3368 1737 3505 1793 Mat-

129 1829 426 1882 Ματθαῖον.
1844 1825 2095 1882 ιιιωιιω.

254 1924 403 1971 ΚΕΦ.
440 1915 522 1970 Λ’.
559 1915 682 1991 Περί
707 1924 804 1979 τῆς
833 1922 1276 1989 μεταμορφώσεως
1305 1924 1393 1971 τοῦ
1425 1917 1624 1975 Ἰησοῦ.

2201 1913 2353 1972 CAP.
2390 1913 2552 1970 XXX.
2572 1914 2660 1971 De
2690 1913 3230 1985 transformatione.

195 2007 433 2079 Ἐγένετο
459 2036 530 2048 —
563 2005 718 2058 ὀκτώ.
753 2005 994 2073 Διῆλθον,
1025 2003 1287 2064 δηλονότι.

1930 2005 2078 2061 Vers.
2112 2003 2200 2059 28.
2240 2003 2477 2074 factum
2515 2010 2598 2060 est
2621 2034 2690 2044 —
2718 2008 2848 2060 octo
2905 2001 3185 2060 Videlicet
3214 2005 3507 2074 pertrans-

1845 2092 2056 2149 ierunt.

203 2189 308 2238 Καὶ
357 2181 670 2255 παραλαϐὼν
738 2213 806 2223 -
864 2180 1225 2256 Ἰερουσαλὴμ.
1304 2188 1428 2258 Περὶ
1487 2192 1582 2246 τῆς
1650 2203 1737 2256 με·

1924 2184 2075 2238 Vers.
2131 2181 2218 2236 28.
2251 2180 2592 2249 Assumpsit
2629 2211 2698 2223 —
2724 2181 2886 2238 Vers.
2915 2180 3004 2237 3t.
3065 2179 3501 2251 Hierosolymis.

128 2279 516 2348 ταμορφώσεως
579 2275 769 2332 ταύτης
820 2277 1162 2346 φανερώτερον
1231 2272 1450 2345 ἔγραψέν
1504 2275 1529 2325 6
1587 2281 1705 2327 Ματ

1957 2271 2071 2328 hac
2102 2271 2630 2327 transtormatione
2672 2269 3043 2327 manifestius
3093 2269 3334 2340 scripsit
3365 2270 3509 2326 Mat-

128 2367 277 2425 θκῖος
327 2361 375 2414 ἕν
420 2371 492 2433 τῷ
530 2369 827 2437 τριακοστῷ
875 2363 1104 2433 τετάρτῳ
1140 2361 1400 2434 κεφαλαίῳ
1459 2363 1640 2427 αὐτοῦ,
1687 2362 1705 2416 ἐ

1928 2379 2031 2418 eus
2088 2361 2388 2418 tricesimo
2436 2365 2652 2433 quarto
2693 2360 2784 2416 sui
2827 2358 3131 2431 Evangelii
3183 2359 3398 2432 capite,
3445 2360 3505 2417 in

127 2453 160 2523 ᾧ
221 2457 315 2503 καὶ
373 2461 542 2504 ταυτα
600 2453 736 2503 κατὰ
782 2451 933 2521 λόγον
1000 2452 1422 2523 ἡρμηνευθησαν.
1502 2459 1703 2526 Προσευ

1929 2468 1965 2508 o
2009 2451 2189 2508 etiam
2220 2458 2350 2506 haec
2379 2451 2456 2506 ad
2495 2449 2747 2506 verbum
2785 2449 3085 2506 declarata
3115 2453 3277 2507 sunt.
3318 2448 3504 2506 Orans

123 2547 350 2612 χόμενος
372 2537 432 2592 δε
466 2542 855 2614 μετεμορφώθη,
888 2541 970 2590 ἶνα
995 2541 1259 2611 μάθωμεν,
1294 2543 1421 2598 ὅτιή
1459 2546 1698 2615 πρόσευχ

1928 2547 2034 2597 tem
2059 2540 2517 2598 transformatus
2547 2543 2654 2606 est,
2681 2543 2746 2595 ut
2766 2539 3089 2604 discamus,
3119 2537 3284 2610 quod
3313 2539 3505 2596 oratio

125 2638 457 2704 μεταμορφοί
507 2635 598 2681 καὶ
653 2629 938 2705 λαμπρύνει
996 2632 1082 2681 τόν
1134 2631 1424 2704 ἄνθρωπον,
1479 2633 1544 2692 ὡς
1598 2636 1702 2704 χρή

1927 2633 2221 2687 .nsiormat
2247 2646 2313 2685 ac
2358 2627 2608 2685 illustrat
2631 2627 2958 2696 hominem,
2991 2628 3038 2683 si
3078 2627 3186 2683 ﬁat
3213 2627 3504 2698 quemad-

122 2724 397 2791 γινομένη.

1844 2719 2096 2776 modum
2126 2722 2377 2792 oportet.

195 2808 258 2861 Ὀ
281 2805 344 2861 δὲ
363 2814 553 2879 Πέτρος
584 2840 650 2849 --
677 2808 834 2880 αὗτῳ.
869 2809 1005 2860 Ἐκεῖ
1044 2813 1264 2881 καὶπερὶ
1293 2811 1486 2860 τούτων
1517 2808 1734 2885 ἐρρήθη.

1926 2810 2082 2864 Vers.
2133 2812 2221 2864 3'2.
2271 2809 2488 2864 Petrus
2525 2822 2654 2864 vero
2693 2835 2760 2846 --
2797 2805 2918 2862 illo.
2960 2804 3046 2860 lbi
3077 2804 3247 2861 etiam
3290 2802 3365 2860 de
3411 2803 3503 2860 his

124 2905 259 2952 Δόαν
301 2895 362 2951 δε
396 2904 498 2950 νόει
538 2903 626 2956 τὴν
655 2897 1020 2970 λαμπρότητα.

1924 2906 2073 2955 itum
2119 2904 2224 2953 est.
2282 2897 2538 2954 Gloriam
2594 2911 2735 2951 vero
2786 2894 3045 2966 intellige
3096 2893 3501 2966 splendorem.

197 2989 308 3042 Καὶ
362 2987 554 3059 ἐγένετο
611 3019 680 3028 -
728 2987 959 3060 νεφελην,
1007 2995 1242 3048 Μωῦσῆς
1296 2991 1386 3060 μὲν
1439 2993 1528 3041 καὶ
1558 2987 1734 3052 Ἠλίας

1926 2988 2080 3043 Vers.
2131 2987 2220 3053 33,
2273 2987 2524 3043 Factum
2560 2991 2649 3042 est
2690 3014 2758 3026 —
2813 2985 2976 3041 Vers.
3034 2984 3262 3040 nubem.
3317 2986 3503 3042 Moses

121 3077 372 3136 εἰσῆλθον
399 3076 472 3139 εἰς
500 3081 556 3130 τό
585 3079 760 3148 πάχος
787 3085 880 3138 τῆς
898 3077 1126 3149 νεφέλης,
1151 3076 1589 3150 ἁπαχθησόμενοι
1611 3080 1698 3132 πάτ

1931 3077 2089 3133 idem
2113 3080 2168 3133 et
2192 3075 2346 3132 Elias
2370 3075 2733 3131 intraverant
2757 3074 2819 3130 in
2848 3072 3295 3147 spissitudinem
3322 3072 3503 3130 nubis

119 3189 229 3229 τως
251 3168 326 3230 εἰς
355 3172 478 3230 τοὺς
508 3166 898 3239 ἆφωρισμένους
945 3167 1124 3229 αὐτοῖς
1153 3173 1367 3230 τόπουςο
1408 3171 1456 3220 οἱ
1498 3168 1696 3240 μαθητέ

1951 3166 2086 3223 loca
2131 3165 2379 3222 omnino
2428 3163 2582 3219 inter
2612 3179 2673 3220 se
2726 3166 3007 3236 separata
3035 3161 3504 3235 (uu):discipuli

119 3255 206 3320 6’s,
231 3263 374 3320 ὄντες
402 3262 493 3330 μεν
524 3255 734 3329 ἔκφοϐοι
763 3262 851 3309 καὶ
900 3253 992 3309 διὰ
1047 3263 1138 3316 τὴν
1187 3263 1587 3333 μεταμορφωσιν
1641 3279 1696 3311 το

1924 3271 2006 3322 ro,
2035 3271 2168 3311 cum
2189 3253 2367 3311 etiam
2392 3255 2634 3326 propter
2652 3252 2885 3308 Domini
2910 3251 3501 3308 transformationem

117 3353 412 3410 Δεσπότου,
451 3349 619 3406 καθώς
648 3348 754 3399 εἶπε
778 3348 1009 3419 Μάρκος,
1037 3349 1343 3420 θεασάμενοι
1387 3345 1446 3400 δὲ
1472 3353 1562 3401 καὶ
1614 3352 1694 3400 τοί

1924 3350 2038 3402 sent
2084 3343 2360 3413 exterriti,
2415 3341 2596 3399 veluti
2649 3341 2796 3398 dixit
2847 3341 3082 3397 Marcus
3111 3341 3158 3376 ⁵⁵
3191 3357 3205 3407 ;
3234 3339 3501 3397 videntes

114 3457 247 3498 τους
277 3437 442 3498 οὕτως
489 3438 762 3509 ὑπερφυῶς
821 3435 1346 3509 ἀναλαμϐανομένους,
1399 3436 1691 3511 ἐφοϐήθησο

1921 3453 2040 3502 am,
2069 3435 2235 3508 quod
2256 3435 2371 3491 hoc
2393 3432 2574 3490 modo
2599 3431 2715 3504 ipsi
2743 3431 2862 3501 (vv)
2895 3429 3420 3503 supernaturaliter
3438 3430 3497 3488 in

114 3526 346 3598 μᾶλλονο
1841 3526 2067 3582 nubem
2096 3525 2515 3598 reciperentur,
2536 3521 2798 3578 maxime
2829 3519 3178 3576 timuerunt.

194 3622 296 3669 Καὶ
334 3620 472 3687 φωνὴ
505 3646 574 3656 —
603 3621 778 3687 μόνος.
815 3621 878 3668 Εν
915 3623 988 3685 τῷ
1019 3611 1303 3673 δηλωθέντι
1350 3617 1608 3689 κεφαλαίῲ
1637 3625 1729 3672 τοῦ

1923 3615 2075 3672 Vers.
2134 3613 2224 3671 35.
2257 3614 2335 3668 Et
2380 3626 2496 3668 vox
2539 3639 2608 3654 —
2638 3611 2802 3666 Vers.
2859 3609 2949 3666 36.
2999 3609 3178 3665 solus.
3220 3608 3500 3667 Praedicta

116 3709 254 3758 κατὰ
286 3707 554 3759 Μκτθαίον
583 3709 669 3756 καὶ
702 3709 819 3779 περὶ
867 3707 1064 3755 τούτωυ
1119 3703 1346 3775 ἐξηγηθη
1387 3704 1693 3782 λεπτομερῶ‹

1925 3705 2033 3778 pite
2081 3701 2382 3773 Evangelii
2440 3699 2771 3757 secundum
2818 3699 3155 3755 Matthseum
3213 3698 3502 3756 subtiliter

114 3795 176 3848 Ἀ
356 3791 447 3846 οὖν
503 3794 619 3861 (57)
648 3801 874 3866 παρῆκεν
918 3793 942 3844 ὁ
993 3795 1279 3858 ἈῙατθαίος,
1314 3792 1502 3856 ἐξεῖπεν
1533 3797 1558 3848 6
1597 3808 1691 3850 Λοι

1961 3795 2055 3851 his
2105 3793 2475 3866 disputatum
2524 3795 2624 3847 est.
2661 3791 2802 3856 Qum
2846 3804 2988 3860 ergo
3027 3787 3309 3863 praeteriit
3360 3787 3501 3848 Mat-

113 3893 214 3947 κᾱς
243 3903 257 3916 ·
295 3884 334 3936 ἀ
366 3881 424 3938 δὲ
455 3878 787 3958 παρέδραμεν
837 3884 862 3934 6
922 3889 1150 3948 Λουκᾶς,
1213 3885 1489 3957 ἱστόρησεν
1521 3887 1546 3938 6
1588 3887 1690 3940 Ματ

1926 3902 2055 3950 eus,
2089 3900 2161 3940 ea
2200 3884 2392 3939 Lucas
2431 3881 2720 3953 expressit
2753 3897 2767 3946 ;
2797 3895 2934 3952 qua
2962 3893 3105 3935 vero
3129 3877 3503 3951 praetermisit

115 3978 286 4037 Θαίος.
1843 3975 2049 4037 Lucas,
2080 3987 2152 4028 ea
2180 3969 2419 4042 scripsit
2457 3969 2784 4025 Mattbaaus.

189 4071 297 4119 Καὶ
349 4063 502 4115 αὐτοὶ
532 4093 601 4103 —
645 4061 954 4135 ἑωράκασιν.
1006 4059 1128 4114 Eine
1177 4063 1278 4134 γάρ
1333 4063 1357 4114 6
1405 4065 1672 4126 Ματθαῖος
1707 4081 1719 4095 ·

1923 4060 2189 4118 Vers.36.
2230 4060 2308 4115 Et
2355 4058 2446 4128 ipi
2473 4088 2542 4098 —
2582 4058 2883 4114 viderunt.
2946 4055 3097 4114 Dixit
3152 4056 3312 4112 enim
3357 4057 3500 4114 Mat-

110 4157 194 4206 ὃτι
243 4152 669 4206 καταϐαινόντων
719 4150 884 4202 αὐτῶν
952 4149 1051 4202 ἀπό
1103 4150 1216 4222 (58)
1276 4158 1367 4202 τοῦ
1424 4156 1596 4224 ὅρους,
1651 4152 1687 4205 ει

1924 4167 2049 4217 eus,
2066 4149 2231 4222 quod
2253 4148 2400 4204 dum
2419 4145 2847 4203 descenderent
2871 4145 2946 4201 de
2971 4149 3190 4215 monte,
3213 4143 3501 4216 pracepit

112 4244 351 4296 ετεῢ.ατο
382 4241 562 4301 αὐτοῖς
592 4242 617 4292 6
661 4245 864 4311 ⁸Ιησοῦς
920 4240 1076 4312 )ἐγων
1129 4257 1139 4268 ο
1204 4237 1405 4299 Μηδενὶ
1453 4243 1630 4300 εἴπητε
1667 4262 1689 4295 τ

1944 4240 2116 4295 Iesus
2145 4237 2354 4293 dicens
2380 4253 2394 4292 :
2421 4236 2662 4292 Nemini
2701 4233 2976 4289 dixeritis
3007 4232 3299 4299 visionem,
3326 4231 3499 4288 donec

106 4333 355 4407 Ὀραμα,
419 4331 513 4391 ἕως
561 4330 619 4382 οὗ
665 4331 690 4381 ὁ
746 4327 880 4390 ’Υιός
929 4336 1019 4381 του
1074 4327 1345 4402 ἀνθρώπου
1414 4330 1469 4382 ἐκ
1538 4339 1683 4405 νεκρά

1921 4327 2016 4383 {ius
2028 4327 2281 4384 hominis
2301 4343 2334 4380 a
2355 4322 2598 4380 mortuis
2621 4327 2903 4393 resurgat
2930 4321 2998 4377 ⁸⁸.
3032 4323 3098 4377 Et
3123 4319 3206 4377 ibi
3234 4319 3366 4392 lege
3385 4317 3498 4377 ho-

108 4421 321 4493 αναστῇ
387 4440 400 4452 ·
471 4424 560 4471 καί
655 4417 914 4490 ἀνάγνωθι
988 4423 1080 4477 τὴν
1180 4421 1373 4472 τούτων
1457 4421 1685 4495 ἐρμηνείο

1002 4423 1080 4477 τὴν
1180 4421 1373 4472 τούτων
1457 4421 1726 4495 ἑρμηνείαν
1760 4461 1806 4517 D
1837 4433 1972 4474 rum
2010 4413 2579 4488 interpretationem.

107 4511 237 4564 ἐκεῖ.

378 4603 525 4652 ΚΕΦ.
559 4595 666 4649 ΛΑ’
699 4601 823 4668 Περὶ
877 4604 965 4648 τοῦ
1024 4596 1474 4670 σεληνιαζομένου.

1461 4639 1474 4653 .
2099 4615 2102 4618 ’
2265 4593 2417 4650 CAP.
2451 4593 2628 4649 XXXI.
2660 4591 2744 4648 De
2773 4588 3034 4648 tunatico

183 4689 426 4761 Ἐγενετο
503 4717 571 4726 -
657 4682 1025 4745 ἠδυνήθησαν.
1111 4690 1209 4739 Τόν
1287 4683 1458 4740 παῖδα
1546 4694 1726 4740 τοῦτον

1918 4688 2063 4743 Vers.
2109 4688 2195 4742 37.
2251 4684 2504 4742 Factum
2543 4689 2632 4740 est
2659 4712 2726 4724 —
2777 4681 2941 4738 Vers.
2999 4678 3091 4736 40.
3145 4681 3495 4750 potuerunt.

183 4842 237 4878 “
264 4843 482 4912 Joann.
504 4853 565 4910 x,
589 4836 676 4893 30.
753 4837 802 4873 ⁵⁸
844 4839 1012 4894 Marc.
1046 4852 1125 4906 ix,
1161 4839 1212 4894 6.
1290 4838 1338 4875 ⁵⁸
1369 4836 1565 4894 Matth.
1596 4853 1733 4906 xvu,
1782 4837 1839 4894 9.

1349 4986 1578 5057 Varia;
1615 4985 1947 5057 lectiones
1976 4993 2046 5055 et
2081 4990 2286 5053 notae.

177 5159 834 5236 @DWabest-Au
901 5229 914 5236 -
981 5233 989 5236 _
1064 5229 1096 5236 ,.
1282 5231 1291 5236 .
1624 5227 1640 5236 .

1922 5156 2199 5236 Jbrysost.
2264 5158 2412 5236 tom.
2465 5150 2581 5236 Vl‘l,
2612 5164 2696 5236 ‘p.
2765 5152 2896 5236 ἔξω,
2957 5148 3168 5236 habet.
3187 5147 3272 5236 ἐκ,
3334 5163 3499 5209 com-

343 5235 496 5311 Ἀπὸ,
521 5231 670 5311 loco
712 5229 788 5311 ἐκ,
817 5227 995 5311 habet
1024 5229 1206 5286 etiam
1235 5231 1483 5310 uterque
1530 5227 1721 5311 codex
1831 5222 2228 5311 probantibus
2247 5226 2425 5282 etiam
2439 5222 2746 5281 codicibus
2762 5222 3498 5296 CbrysostomiMosquen-

91 5299 491 5368 in‘co’ntextu
521 5302 793 5372 Mattbmi,
816 5300 980 5375 quod
1015 5317 1082 5356 eo
1110 5301 1300 5374 magis
1328 5299 1532 5366 miror,
1555 5299 1720 5373 quod
1832 5299 2022 5355 sibus.

171 5452 278 5524 (tt)
324 5450 469 5524 Cum
521 5462 811 5524 unum—
867 5459 1085 5524 sumus.
1127 5444 1191 5500 In
1246 5444 1448 5500 Graeco
1485 5445 1719 5500 tantum
1842 5442 2020 5524 ‘__(vv)
2060 5440 2322 5524 videntes
2355 5469 2419 5524 -τ
2459 5437 2594 5524 ipsi,
2627 5440 2739 5524 etc.
2769 5433 3497 5524 Videntesautem‘ttstos

92 5505 459 5588 θεῖξῖτίιίιιε
488 5519 644 5574 enim
666 5519 794 5588 ejus
821 5520 920 5573 est.
999 5589 1007 5592 _
1303 5586 1313 5592 _
1388 5585 1398 5592 _
1656 5584 1674 5592 _
1835 5505 2055 5592 (Mosen
2091 5518 2146 5566 et
2203 5510 2412 5592 Etiam)
2461 5505 2641 5566 etiam
2680 5510 2782 5592 ita
2832 5505 3360 5583 supernaturaliter
3404 5520 3499 5564 as-

172 5581 318 5664 (ειη)
370 5594 471 5649 Ad
502 5592 636 5664 ioca
679 5581 739 5628 Σ-
771 5589 1076 5664 separata.
1141 5588 1210 5644 Ut
1257 5585 1541 5643 nimirum
1582 5584 1726 5642 refe-
1835 5581 2113 5657 sumptos
2144 5581 2344 5653 magis
2372 5581 2716 5640 timuerunt.

95 5658 326 5728 rantur
364 5664 445 5724 ad
477 5663 776 5721 destinata
795 5658 945 5734 ipsis
963 5659 1118 5716 loca.
