  <div class='ocr_page' id='page_1' title='image "/cluster/home/n/w/nwhite01/storage/ocr_20150623/129/hvd.32044073502395/498.png"; bbox 0 0 3994 6218; ppageno 0'>
   <div class='ocr_carea' id='block_1_1' title="bbox 189 241 2452 311">
    <p class='ocr_par' dir='ltr' id='par_1_1' title="bbox 189 241 2452 311">
     <span class='ocr_line' id='line_1_1' title="bbox 189 241 2452 311; baseline -0.004 0"><span class='ocrx_word' id='word_1_1' title='bbox 189 253 271 311; x_wconf 78' lang='lat'>953</span> <span class='ocrx_word' id='word_1_2' title='bbox 1209 247 1581 304; x_wconf 83' lang='lat' dir='ltr'>COMMENT.</span> <span class='ocrx_word' id='word_1_3' title='bbox 1632 244 1700 300; x_wconf 86' lang='lat' dir='ltr'>IN</span> <span class='ocrx_word' id='word_1_4' title='bbox 1740 243 2004 301; x_wconf 80' lang='lat' dir='ltr'>LUCAM.</span> <span class='ocrx_word' id='word_1_5' title='bbox 2047 277 2112 288; x_wconf 72' lang='grc' dir='ltr'>-ο</span> <span class='ocrx_word' id='word_1_6' title='bbox 2154 245 2310 302; x_wconf 87' lang='lat' dir='ltr'>CAP.</span> <span class='ocrx_word' id='word_1_7' title='bbox 2354 241 2452 301; x_wconf 62' lang='lat' dir='ltr'>1X.</span> 
     </span>
    </p>
   </div>
   <div class='ocr_carea' id='block_1_2' title="bbox 248 373 981 449">
    <p class='ocr_par' dir='ltr' id='par_1_2' title="bbox 248 373 981 449">
     <span class='ocr_line' id='line_1_2' title="bbox 248 373 981 449; baseline -0.011 -17"><span class='ocrx_word' id='word_1_8' title='bbox 248 379 437 449; x_wconf 75' lang='grc' dir='ltr'><em>Ἐγένετο</em></span> <span class='ocrx_word' id='word_1_9' title='bbox 488 407 555 415; x_wconf 91' lang='grc'><strong>-</strong></span> <span class='ocrx_word' id='word_1_10' title='bbox 621 373 981 447; x_wconf 74' lang='grc' dir='ltr'>Ἰερουσαλήμ·</span> 
     </span>
    </p>
   </div>
   <div class='ocr_carea' id='block_1_3' title="bbox 195 462 1732 540">
    <p class='ocr_par' dir='ltr' id='par_1_3' title="bbox 195 462 1732 540">
     <span class='ocr_line' id='line_1_3' title="bbox 195 462 1732 540; baseline -0.003 -20"><span class='ocrx_word' id='word_1_11' title='bbox 195 471 296 540; x_wconf 64' lang='grc' dir='ltr'>ζιεως</span> <span class='ocrx_word' id='word_1_12' title='bbox 345 466 485 518; x_wconf 68' lang='grc' dir='ltr'>αὐτοῦ</span> <span class='ocrx_word' id='word_1_13' title='bbox 541 464 676 536; x_wconf 67' lang='grc' dir='ltr'><em>λέγει</em></span> <span class='ocrx_word' id='word_1_14' title='bbox 729 467 814 515; x_wconf 80' lang='grc' dir='ltr'>τόν</span> <span class='ocrx_word' id='word_1_15' title='bbox 873 467 1054 539; x_wconf 83' lang='grc' dir='ltr'><em>καιρόν</em></span> <span class='ocrx_word' id='word_1_16' title='bbox 1109 467 1195 514; x_wconf 87' lang='grc' dir='ltr'>τόν</span> <span class='ocrx_word' id='word_1_17' title='bbox 1256 462 1600 536; x_wconf 63' lang='grc' dir='ltr'>ἀφορισθέντα</span> <span class='ocrx_word' id='word_1_18' title='bbox 1647 468 1732 534; x_wconf 82' lang='grc' dir='ltr'>μέ-</span> 
     </span>
    </p>
   </div>
   <div class='ocr_carea' id='block_1_4' title="bbox 189 551 1728 632">
    <p class='ocr_par' dir='ltr' id='par_1_4' title="bbox 189 551 1728 632">
     <span class='ocr_line' id='line_1_4' title="bbox 189 551 1728 632; baseline -0.004 -24"><span class='ocrx_word' id='word_1_19' title='bbox 189 565 364 632; x_wconf 76' lang='grc' dir='ltr'>χριτῆς</span> <span class='ocrx_word' id='word_1_20' title='bbox 387 554 676 625; x_wconf 69' lang='grc' dir='ltr'>ἀναλήψεως</span> <span class='ocrx_word' id='word_1_21' title='bbox 729 554 909 618; x_wconf 69' lang='grc' dir='ltr'>αὐτοῦ,</span> <span class='ocrx_word' id='word_1_22' title='bbox 943 561 1037 614; x_wconf 76' lang='grc' dir='ltr'>τῆς</span> <span class='ocrx_word' id='word_1_23' title='bbox 1079 551 1179 604; x_wconf 78' lang='grc' dir='ltr'>ἀπὸ</span> <span class='ocrx_word' id='word_1_24' title='bbox 1227 560 1326 623; x_wconf 76' lang='grc' dir='ltr'><em>γῆς</em></span> <span class='ocrx_word' id='word_1_25' title='bbox 1379 553 1448 612; x_wconf 79' lang='grc' dir='ltr'>εἰς</span> <span class='ocrx_word' id='word_1_26' title='bbox 1497 553 1728 625; x_wconf 68' lang='grc' dir='ltr'>οὐρανόν,</span> 
     </span>
    </p>
   </div>
   <div class='ocr_carea' id='block_1_5' title="bbox 187 638 1734 718">
    <p class='ocr_par' dir='ltr' id='par_1_5' title="bbox 187 638 1734 718">
     <span class='ocr_line' id='line_1_5' title="bbox 187 638 1734 718; baseline -0.007 -19"><span class='ocrx_word' id='word_1_27' title='bbox 187 647 371 718; x_wconf 79' lang='grc' dir='ltr'><em>Ἠγγιζι</em></span> <span class='ocrx_word' id='word_1_28' title='bbox 408 647 503 718; x_wconf 82' lang='grc' dir='ltr'><em>γὰρ</em></span> <span class='ocrx_word' id='word_1_29' title='bbox 543 640 650 703; x_wconf 77' lang='grc' dir='ltr'>ἤδη</span> <span class='ocrx_word' id='word_1_30' title='bbox 692 648 781 695; x_wconf 82' lang='grc' dir='ltr'><em>καὶ</em></span> <span class='ocrx_word' id='word_1_31' title='bbox 838 646 868 702; x_wconf 79' lang='grc' dir='ltr'>ἡ</span> <span class='ocrx_word' id='word_1_32' title='bbox 918 642 1180 717; x_wconf 80' lang='grc' dir='ltr'>ἀναίρεσις</span> <span class='ocrx_word' id='word_1_33' title='bbox 1205 641 1383 709; x_wconf 73' lang='grc' dir='ltr'>αὐτοῦ,</span> <span class='ocrx_word' id='word_1_34' title='bbox 1423 646 1512 692; x_wconf 82' lang='grc' dir='ltr'><em>καὶ</em></span> <span class='ocrx_word' id='word_1_35' title='bbox 1542 642 1571 697; x_wconf 74' lang='grc' dir='ltr'>ἡ</span> <span class='ocrx_word' id='word_1_36' title='bbox 1618 638 1734 690; x_wconf 66' lang='grc' dir='ltr'><strong>ἀνά-</strong></span> 
     </span>
    </p>
   </div>
   <div class='ocr_carea' id='block_1_6' title="bbox 191 728 1734 807">
    <p class='ocr_par' dir='ltr' id='par_1_6' title="bbox 191 728 1734 807">
     <span class='ocr_line' id='line_1_6' title="bbox 191 728 1734 807; baseline -0.005 -20"><span class='ocrx_word' id='word_1_37' title='bbox 191 755 358 796; x_wconf 73' lang='grc' dir='ltr'>στασις,</span> <span class='ocrx_word' id='word_1_38' title='bbox 384 738 463 785; x_wconf 84' lang='grc' dir='ltr'><em>καὶ</em></span> <span class='ocrx_word' id='word_1_39' title='bbox 516 736 544 792; x_wconf 83' lang='grc' dir='ltr'>ἡ</span> <span class='ocrx_word' id='word_1_40' title='bbox 594 731 874 804; x_wconf 67' lang='grc' dir='ltr'>ἀνάληψις.</span> <span class='ocrx_word' id='word_1_41' title='bbox 925 731 1194 807; x_wconf 79' lang='grc' dir='ltr'>Ἐστὴριξε</span> <span class='ocrx_word' id='word_1_42' title='bbox 1233 728 1291 784; x_wconf 68' lang='grc' dir='ltr'>δὲ</span> <span class='ocrx_word' id='word_1_43' title='bbox 1352 734 1409 782; x_wconf 86' lang='grc' dir='ltr'>τὸ</span> <span class='ocrx_word' id='word_1_44' title='bbox 1457 734 1734 804; x_wconf 83' lang='grc' dir='ltr'><em>πρόσωπον</em></span> 
     </span>
    </p>
   </div>
   <div class='ocr_carea' id='block_1_7' title="bbox 187 819 1736 894">
    <p class='ocr_par' dir='ltr' id='par_1_7' title="bbox 187 819 1736 894">
     <span class='ocr_line' id='line_1_7' title="bbox 187 819 1736 894; baseline -0.005 -18"><span class='ocrx_word' id='word_1_45' title='bbox 187 825 333 889; x_wconf 67' lang='grc' dir='ltr'>αὐτοῦ,</span> <span class='ocrx_word' id='word_1_46' title='bbox 388 823 494 875; x_wconf 75' lang='grc' dir='ltr'><strong>ἀντὶ</strong></span> <span class='ocrx_word' id='word_1_47' title='bbox 554 829 665 888; x_wconf 76' lang='grc' dir='ltr'>τοῦ,</span> <span class='ocrx_word' id='word_1_48' title='bbox 736 822 1045 886; x_wconf 59' lang='lat' dir='ltr'>ensem»,</span> <span class='ocrx_word' id='word_1_49' title='bbox 1105 824 1239 873; x_wconf 76' lang='grc' dir='ltr'>ὥστε</span> <span class='ocrx_word' id='word_1_50' title='bbox 1297 821 1610 894; x_wconf 69' lang='grc' dir='ltr'><em>πορεύεσθαι</em></span> <span class='ocrx_word' id='word_1_51' title='bbox 1665 819 1736 879; x_wconf 74' lang='grc' dir='ltr'>εἰς</span> 
     </span>
    </p>
   </div>
   <div class='ocr_carea' id='block_1_8' title="bbox 186 910 1731 988">
    <p class='ocr_par' dir='ltr' id='par_1_8' title="bbox 186 910 1731 988">
     <span class='ocr_line' id='line_1_8' title="bbox 186 910 1731 988; baseline -0.005 -21"><span class='ocrx_word' id='word_1_52' title='bbox 186 912 478 988; x_wconf 68' lang='grc' dir='ltr'>Ἰερουσαλὴμ</span> <span class='ocrx_word' id='word_1_53' title='bbox 512 911 918 985; x_wconf 77' lang='grc' dir='ltr'>ἀμεταστρεπτὶ,</span> <span class='ocrx_word' id='word_1_54' title='bbox 950 914 1272 982; x_wconf 81' lang='grc' dir='ltr'>ἐπειγόμενος</span> <span class='ocrx_word' id='word_1_55' title='bbox 1298 914 1424 984; x_wconf 82' lang='grc' dir='ltr'><em>πρὸς</em></span> <span class='ocrx_word' id='word_1_56' title='bbox 1450 913 1508 961; x_wconf 83' lang='grc' dir='ltr'>τὸ</span> <span class='ocrx_word' id='word_1_57' title='bbox 1543 910 1731 968; x_wconf 76' lang='grc' dir='ltr'>Πάθος.</span> 
     </span>
    </p>
   </div>
   <div class='ocr_carea' id='block_1_9' title="bbox 188 998 1735 1075">
    <p class='ocr_par' dir='ltr' id='par_1_9' title="bbox 188 998 1735 1075">
     <span class='ocr_line' id='line_1_9' title="bbox 188 998 1735 1075; baseline 0.001 -21"><span class='ocrx_word' id='word_1_58' title='bbox 188 1005 432 1073; x_wconf 75' lang='grc' dir='ltr'>Γέγραπται</span> <span class='ocrx_word' id='word_1_59' title='bbox 467 1004 569 1075; x_wconf 75' lang='grc' dir='ltr'><em>γὰρ</em></span> <span class='ocrx_word' id='word_1_60' title='bbox 611 999 658 1051; x_wconf 77' lang='grc' dir='ltr'><em>ἓν</em></span> <span class='ocrx_word' id='word_1_61' title='bbox 700 1009 760 1072; x_wconf 72' lang='grc' dir='ltr'>τῇ</span> <span class='ocrx_word' id='word_1_62' title='bbox 797 998 966 1072; x_wconf 74' lang='grc' dir='ltr'>βίϐλῳ</span> <span class='ocrx_word' id='word_1_63' title='bbox 989 1008 1089 1052; x_wconf 80' lang='grc' dir='ltr'>τῶν</span> <span class='ocrx_word' id='word_1_64' title='bbox 1138 999 1379 1071; x_wconf 75' lang='grc' dir='ltr'>Ψαλμῶν·</span> <span class='ocrx_word' id='word_1_65' title='bbox 1415 999 1735 1068; x_wconf 78' lang='grc' dir='ltr'>Ἐπιστηριῶ</span> 
     </span>
    </p>
   </div>
   <div class='ocr_carea' id='block_1_10' title="bbox 187 1087 1732 1162">
    <p class='ocr_par' dir='ltr' id='par_1_10' title="bbox 187 1087 1732 1162">
     <span class='ocr_line' id='line_1_10' title="bbox 187 1087 1732 1162; baseline -0.003 -21"><span class='ocrx_word' id='word_1_66' title='bbox 187 1091 252 1142; x_wconf 74' lang='grc' dir='ltr'>ἐπὶ</span> <span class='ocrx_word' id='word_1_67' title='bbox 277 1093 325 1143; x_wconf 69' lang='grc' dir='ltr'><em>σε</em></span> <span class='ocrx_word' id='word_1_68' title='bbox 343 1094 450 1152; x_wconf 72' lang='grc' dir='ltr'>τοὺς</span> <span class='ocrx_word' id='word_1_69' title='bbox 476 1089 772 1162; x_wconf 65' lang='grc' dir='ltr'>ὀφθαλμούς</span> <span class='ocrx_word' id='word_1_70' title='bbox 801 1109 901 1159; x_wconf 84' lang='grc' dir='ltr'>μου</span> <span class='ocrx_word' id='word_1_71' title='bbox 930 1093 1114 1159; x_wconf 79' lang='grc' dir='ltr'>εἷτουν,</span> <span class='ocrx_word' id='word_1_72' title='bbox 1132 1087 1408 1161; x_wconf 77' lang='grc' dir='ltr'><em>ἁπερείσω,</em></span> <span class='ocrx_word' id='word_1_73' title='bbox 1444 1087 1732 1155; x_wconf 66' lang='grc' dir='ltr'>ἀπευθυνῶ,</span> 
     </span>
    </p>
   </div>
   <div class='ocr_carea' id='block_1_11' title="bbox 192 1177 576 1250">
    <p class='ocr_par' dir='ltr' id='par_1_11' title="bbox 192 1177 576 1250">
     <span class='ocr_line' id='line_1_11' title="bbox 192 1177 576 1250; baseline 0.008 -21"><span class='ocrx_word' id='word_1_74' title='bbox 192 1178 362 1240; x_wconf 53' lang='lat' dir='ltr'>animi);</span> <span class='ocrx_word' id='word_1_75' title='bbox 383 1177 576 1250; x_wconf 68' lang='grc' dir='ltr'>βλέψω.</span> 
     </span>
    </p>
   </div>
   <div class='ocr_carea' id='block_1_12' title="bbox 249 1268 912 1330">
    <p class='ocr_par' dir='ltr' id='par_1_12' title="bbox 249 1268 912 1330">
     <span class='ocr_line' id='line_1_12' title="bbox 249 1268 912 1330; baseline 0.003 -10"><span class='ocrx_word' id='word_1_76' title='bbox 249 1274 327 1321; x_wconf 77' lang='grc' dir='ltr'>Καὶ</span> <span class='ocrx_word' id='word_1_77' title='bbox 352 1297 404 1307; x_wconf 88' lang='grc'><strong><em>-</em></strong></span> <span class='ocrx_word' id='word_1_78' title='bbox 435 1268 615 1323; x_wconf 73' lang='grc' dir='ltr'>αὐτοῦ.</span> <span class='ocrx_word' id='word_1_79' title='bbox 649 1269 912 1330; x_wconf 75' lang='grc' dir='ltr'>Μηνυτάς.</span> 
     </span>
    </p>
   </div>
   <div class='ocr_carea' id='block_1_13' title="bbox 244 1443 1734 1519">
    <p class='ocr_par' dir='ltr' id='par_1_13' title="bbox 244 1443 1734 1519">
     <span class='ocr_line' id='line_1_13' title="bbox 244 1443 1734 1519; baseline -0.001 -21"><span class='ocrx_word' id='word_1_80' title='bbox 244 1450 323 1498; x_wconf 77' lang='grc' dir='ltr'>Καὶ</span> <span class='ocrx_word' id='word_1_81' title='bbox 374 1447 702 1519; x_wconf 71' lang='grc' dir='ltr'>πορευθέντες</span> <span class='ocrx_word' id='word_1_82' title='bbox 766 1477 834 1487; x_wconf 96' lang='lat'><em>—</em></span> <span class='ocrx_word' id='word_1_83' title='bbox 888 1453 1231 1519; x_wconf 77' lang='grc' dir='ltr'>Σαμαρειτῶν.</span> <span class='ocrx_word' id='word_1_84' title='bbox 1290 1448 1434 1499; x_wconf 79' lang='grc' dir='ltr'>Κατά</span> <span class='ocrx_word' id='word_1_85' title='bbox 1504 1443 1734 1519; x_wconf 72' lang='grc' dir='ltr'>πάροδον</span> 
     </span>
    </p>
   </div>
   <div class='ocr_carea' id='block_1_14' title="bbox 183 1534 576 1606">
    <p class='ocr_par' dir='ltr' id='par_1_14' title="bbox 183 1534 576 1606">
     <span class='ocr_line' id='line_1_14' title="bbox 183 1534 576 1606; baseline 0.005 -21"><span class='ocrx_word' id='word_1_86' title='bbox 183 1534 308 1585; x_wconf 64' lang='grc' dir='ltr'>αὐτοῦ</span> <span class='ocrx_word' id='word_1_87' title='bbox 330 1539 576 1606; x_wconf 76' lang='grc' dir='ltr'>κειμένην.</span> 
     </span>
    </p>
   </div>
   <div class='ocr_carea' id='block_1_15' title="bbox 233 1621 1734 1698">
    <p class='ocr_par' dir='ltr' id='par_1_15' title="bbox 233 1621 1734 1698">
     <span class='ocr_line' id='line_1_15' title="bbox 233 1621 1734 1698; baseline 0.001 -23"><span class='ocrx_word' id='word_1_88' title='bbox 233 1621 367 1675; x_wconf 79' lang='grc' dir='ltr'><em>Ὠστε</em></span> <span class='ocrx_word' id='word_1_89' title='bbox 401 1623 679 1696; x_wconf 73' lang='grc' dir='ltr'><strong><em>ἑτοιμάσαι</em></strong></span> <span class='ocrx_word' id='word_1_90' title='bbox 723 1624 884 1694; x_wconf 69' lang='grc' dir='ltr'>αὐτῷ.</span> <span class='ocrx_word' id='word_1_91' title='bbox 937 1621 1260 1696; x_wconf 76' lang='grc' dir='ltr'>’Υποδοχὴν,</span> <span class='ocrx_word' id='word_1_92' title='bbox 1308 1621 1570 1691; x_wconf 77' lang='grc' dir='ltr'>δηλονότι,</span> <span class='ocrx_word' id='word_1_93' title='bbox 1611 1628 1734 1698; x_wconf 85' lang='grc' dir='ltr'><em>πρὸς</em></span> 
     </span>
    </p>
   </div>
   <div class='ocr_carea' id='block_1_16' title="bbox 177 1713 1276 1785">
    <p class='ocr_par' dir='ltr' id='par_1_16' title="bbox 177 1713 1276 1785">
     <span class='ocr_line' id='line_1_16' title="bbox 177 1713 1276 1785; baseline 0.005 -23"><span class='ocrx_word' id='word_1_94' title='bbox 177 1718 440 1785; x_wconf 71' lang='grc' dir='ltr'><em>καταγωγήν</em></span> <span class='ocrx_word' id='word_1_95' title='bbox 470 1713 638 1765; x_wconf 68' lang='grc' dir='ltr'>αὐτου</span> <span class='ocrx_word' id='word_1_96' title='bbox 668 1733 722 1766; x_wconf 84' lang='grc' dir='ltr'><em>τε</em></span> <span class='ocrx_word' id='word_1_97' title='bbox 749 1720 838 1766; x_wconf 85' lang='grc' dir='ltr'><em>καὶ</em></span> <span class='ocrx_word' id='word_1_98' title='bbox 864 1722 962 1765; x_wconf 75' lang='grc' dir='ltr'>τῶν</span> <span class='ocrx_word' id='word_1_99' title='bbox 996 1717 1090 1765; x_wconf 78' lang='grc' dir='ltr'>σὺν</span> <span class='ocrx_word' id='word_1_100' title='bbox 1116 1714 1276 1784; x_wconf 69' lang='grc' dir='ltr'>αὐτῷ.</span> 
     </span>
    </p>
   </div>
   <div class='ocr_carea' id='block_1_17' title="bbox 233 1890 1708 1965">
    <p class='ocr_par' dir='ltr' id='par_1_17' title="bbox 233 1890 1708 1965">
     <span class='ocr_line' id='line_1_17' title="bbox 233 1890 1708 1965; baseline 0.002 -23"><span class='ocrx_word' id='word_1_101' title='bbox 233 1896 315 1942; x_wconf 79' lang='grc' dir='ltr'>Καὶ</span> <span class='ocrx_word' id='word_1_102' title='bbox 351 1891 436 1942; x_wconf 73' lang='grc' dir='ltr'>οὐκ</span> <span class='ocrx_word' id='word_1_103' title='bbox 469 1923 536 1933; x_wconf 87' lang='lat'>—</span> <span class='ocrx_word' id='word_1_104' title='bbox 562 1890 926 1965; x_wconf 68' lang='grc' dir='ltr'>Ἰερουσαλήμ,</span> <span class='ocrx_word' id='word_1_105' title='bbox 974 1895 1044 1945; x_wconf 83' lang='lat' dir='ltr'>T6</span> <span class='ocrx_word' id='word_1_106' title='bbox 1084 1896 1362 1965; x_wconf 75' lang='grc' dir='ltr'>πρόσωπον</span> <span class='ocrx_word' id='word_1_107' title='bbox 1406 1891 1586 1956; x_wconf 67' lang='grc' dir='ltr'>αὑτοῦ,</span> <span class='ocrx_word' id='word_1_108' title='bbox 1618 1892 1708 1945; x_wconf 77' lang='grc' dir='ltr'>ἀντ</span> 
     </span>
    </p>
   </div>
   <div class='ocr_carea' id='block_1_18' title="bbox 175 1978 1731 2055">
    <p class='ocr_par' dir='ltr' id='par_1_18' title="bbox 175 1978 1731 2055">
     <span class='ocr_line' id='line_1_18' title="bbox 175 1978 1731 2055; baseline 0.001 -24"><span class='ocrx_word' id='word_1_109' title='bbox 175 1989 263 2047; x_wconf 72' lang='grc' dir='ltr'>τοῦ,</span> <span class='ocrx_word' id='word_1_110' title='bbox 293 1980 450 2047; x_wconf 65' lang='grc' dir='ltr'>αὐτὸς,</span> <span class='ocrx_word' id='word_1_111' title='bbox 476 1979 586 2032; x_wconf 73' lang='grc' dir='ltr'>ἀπὸ</span> <span class='ocrx_word' id='word_1_112' title='bbox 616 1986 823 2054; x_wconf 77' lang='grc' dir='ltr'>μέρους,</span> <span class='ocrx_word' id='word_1_113' title='bbox 865 1984 923 2032; x_wconf 79' lang='grc' dir='ltr'>τὸ</span> <span class='ocrx_word' id='word_1_114' title='bbox 956 1980 1087 2034; x_wconf 66' lang='grc' dir='ltr'>ὅλον.</span> <span class='ocrx_word' id='word_1_115' title='bbox 1120 1982 1228 2034; x_wconf 66' lang='grc' dir='ltr'>Οὐκ</span> <span class='ocrx_word' id='word_1_116' title='bbox 1259 1978 1517 2049; x_wconf 79' lang='grc' dir='ltr'>ἐδέξαντο,</span> <span class='ocrx_word' id='word_1_117' title='bbox 1553 1988 1731 2055; x_wconf 73' lang='grc' dir='ltr'>φησιν,</span> 
     </span>
    </p>
   </div>
   <div class='ocr_carea' id='block_1_19' title="bbox 175 2067 1735 2144">
    <p class='ocr_par' dir='ltr' id='par_1_19' title="bbox 175 2067 1735 2144">
     <span class='ocr_line' id='line_1_19' title="bbox 175 2067 1735 2144; baseline 0.003 -24"><span class='ocrx_word' id='word_1_118' title='bbox 175 2070 318 2134; x_wconf 67' lang='grc' dir='ltr'>αὐτόν,</span> <span class='ocrx_word' id='word_1_119' title='bbox 350 2067 481 2122; x_wconf 77' lang='grc' dir='ltr'>διότι</span> <span class='ocrx_word' id='word_1_120' title='bbox 521 2067 580 2128; x_wconf 76' lang='grc' dir='ltr'><em>ἧν</em></span> <span class='ocrx_word' id='word_1_121' title='bbox 630 2074 966 2144; x_wconf 78' lang='grc' dir='ltr'>πορευόμενος</span> <span class='ocrx_word' id='word_1_122' title='bbox 1002 2071 1074 2132; x_wconf 81' lang='grc' dir='ltr'>εἰς</span> <span class='ocrx_word' id='word_1_123' title='bbox 1118 2071 1472 2144; x_wconf 69' lang='grc' dir='ltr'>Ἰερουσαλὴμ,</span> <span class='ocrx_word' id='word_1_124' title='bbox 1502 2071 1580 2124; x_wconf 73' lang='grc' dir='ltr'><em>ἐπὶ</em></span> <span class='ocrx_word' id='word_1_125' title='bbox 1614 2076 1735 2132; x_wconf 80' lang='grc' dir='ltr'>τοὺς</span> 
     </span>
    </p>
   </div>
   <div class='ocr_carea' id='block_1_20' title="bbox 176 2157 1736 2236">
    <p class='ocr_par' dir='ltr' id='par_1_20' title="bbox 176 2157 1736 2236">
     <span class='ocr_line' id='line_1_20' title="bbox 176 2157 1736 2236; baseline 0.004 -28"><span class='ocrx_word' id='word_1_126' title='bbox 176 2157 358 2233; x_wconf 76' lang='grc' dir='ltr'>ἐχθροὺς</span> <span class='ocrx_word' id='word_1_127' title='bbox 388 2160 576 2216; x_wconf 73' lang='grc' dir='ltr'>αὐτῶν,</span> <span class='ocrx_word' id='word_1_128' title='bbox 607 2160 875 2222; x_wconf 85' lang='grc' dir='ltr'>Ἐναντίως</span> <span class='ocrx_word' id='word_1_129' title='bbox 893 2166 993 2236; x_wconf 82' lang='grc' dir='ltr'><em>γὰρ</em></span> <span class='ocrx_word' id='word_1_130' title='bbox 1022 2163 1070 2213; x_wconf 85' lang='grc' dir='ltr'>οἱ</span> <span class='ocrx_word' id='word_1_131' title='bbox 1105 2169 1417 2233; x_wconf 71' lang='grc' dir='ltr'>Σαμαρεῖται</span> <span class='ocrx_word' id='word_1_132' title='bbox 1458 2167 1581 2236; x_wconf 85' lang='grc' dir='ltr'>πρός</span> <span class='ocrx_word' id='word_1_133' title='bbox 1621 2166 1736 2223; x_wconf 80' lang='grc' dir='ltr'>τοὺς</span> 
     </span>
    </p>
   </div>
   <div class='ocr_carea' id='block_1_21' title="bbox 174 2246 841 2322">
    <p class='ocr_par' dir='ltr' id='par_1_21' title="bbox 174 2246 841 2322">
     <span class='ocr_line' id='line_1_21' title="bbox 174 2246 841 2322; baseline 0.001 -22"><span class='ocrx_word' id='word_1_134' title='bbox 174 2249 541 2322; x_wconf 74' lang='grc' dir='ltr'>Ιεροσολυμίτοις</span> <span class='ocrx_word' id='word_1_135' title='bbox 575 2246 841 2302; x_wconf 81' lang='grc' dir='ltr'>διέκειντο.</span> 
     </span>
    </p>
   </div>
   <div class='ocr_carea' id='block_1_22' title="bbox 227 2334 1734 2413">
    <p class='ocr_par' dir='ltr' id='par_1_22' title="bbox 227 2334 1734 2413">
     <span class='ocr_line' id='line_1_22' title="bbox 227 2334 1734 2413; baseline 0.003 -23"><span class='ocrx_word' id='word_1_136' title='bbox 227 2334 419 2399; x_wconf 75' lang='grc' dir='ltr'>’ἰδόντες</span> <span class='ocrx_word' id='word_1_137' title='bbox 462 2335 531 2391; x_wconf 60' lang='grc' dir='ltr'><strong>δί</strong></span> <span class='ocrx_word' id='word_1_138' title='bbox 590 2369 655 2379; x_wconf 89' lang='lat'>-—</span> <span class='ocrx_word' id='word_1_139' title='bbox 700 2339 872 2400; x_wconf 70' lang='grc' dir='ltr'>αὐτοῖς</span> <span class='ocrx_word' id='word_1_140' title='bbox 1081 2339 1472 2413; x_wconf 66' lang='grc' dir='ltr'>Ὑπολαμϐάνω,</span> <span class='ocrx_word' id='word_1_141' title='bbox 1518 2345 1734 2404; x_wconf 74' lang='grc' dir='ltr'>τούτους</span> 
     </span>
    </p>
   </div>
   <div class='ocr_carea' id='block_1_23' title="bbox 171 2424 1734 2502">
    <p class='ocr_par' dir='ltr' id='par_1_23' title="bbox 171 2424 1734 2502">
     <span class='ocr_line' id='line_1_23' title="bbox 171 2424 1734 2502; baseline 0.003 -24"><span class='ocrx_word' id='word_1_142' title='bbox 171 2424 274 2478; x_wconf 86' lang='grc' dir='ltr'><em>εἶναι</em></span> <span class='ocrx_word' id='word_1_143' title='bbox 310 2433 416 2489; x_wconf 77' lang='grc' dir='ltr'>τοὺς</span> <span class='ocrx_word' id='word_1_144' title='bbox 479 2427 893 2490; x_wconf 56' lang='lat' dir='ltr'>rimam-alium;</span> <span class='ocrx_word' id='word_1_145' title='bbox 945 2431 1303 2502; x_wconf 75' lang='grc' dir='ltr'><em>Ὠργίσθησαν</em></span> <span class='ocrx_word' id='word_1_146' title='bbox 1353 2434 1442 2502; x_wconf 75' lang='grc' dir='ltr'>μὲν</span> <span class='ocrx_word' id='word_1_147' title='bbox 1504 2428 1611 2495; x_wconf 77' lang='grc' dir='ltr'>οὖν,</span> <span class='ocrx_word' id='word_1_148' title='bbox 1670 2434 1734 2492; x_wconf 85' lang='grc' dir='ltr'>ὡς</span> 
     </span>
    </p>
   </div>
   <div class='ocr_carea' id='block_1_24' title="bbox 173 2513 1729 2593">
    <p class='ocr_par' dir='ltr' id='par_1_24' title="bbox 173 2513 1729 2593">
     <span class='ocr_line' id='line_1_24' title="bbox 173 2513 1729 2593; baseline 0.015 -29"><span class='ocrx_word' id='word_1_149' title='bbox 173 2513 498 2587; x_wconf 73' lang='grc' dir='ltr'>ἀτιμασθέντος</span> <span class='ocrx_word' id='word_1_150' title='bbox 543 2525 640 2570; x_wconf 75' lang='grc' dir='ltr'>τοῦ</span> <span class='ocrx_word' id='word_1_151' title='bbox 689 2515 1037 2571; x_wconf 73' lang='grc' dir='ltr'>διδασκάλου⁶</span> <span class='ocrx_word' id='word_1_152' title='bbox 1076 2521 1356 2593; x_wconf 73' lang='grc' dir='ltr'>ἠρώτησαν</span> <span class='ocrx_word' id='word_1_153' title='bbox 1409 2517 1484 2582; x_wconf 62' lang='grc' dir='ltr'>δὲ»</span> <span class='ocrx_word' id='word_1_154' title='bbox 1525 2521 1568 2573; x_wconf 77' lang='grc' dir='ltr'>εί</span> <span class='ocrx_word' id='word_1_155' title='bbox 1620 2527 1729 2593; x_wconf 74' lang='grc' dir='ltr'><em>χρὴ</em></span> 
     </span>
    </p>
   </div>
   <div class='ocr_carea' id='block_1_25' title="bbox 169 2605 1733 2682">
    <p class='ocr_par' dir='ltr' id='par_1_25' title="bbox 169 2605 1733 2682">
     <span class='ocr_line' id='line_1_25' title="bbox 169 2605 1733 2682; baseline 0.004 -27"><span class='ocrx_word' id='word_1_156' title='bbox 169 2609 266 2668; x_wconf 73' lang='grc' dir='ltr'>τοὺς</span> <span class='ocrx_word' id='word_1_157' title='bbox 309 2605 663 2679; x_wconf 77' lang='grc' dir='ltr'>ἀτιμάσαντας</span> <span class='ocrx_word' id='word_1_158' title='bbox 714 2606 1034 2680; x_wconf 75' lang='grc' dir='ltr'>ἀμύνασθαι,</span> <span class='ocrx_word' id='word_1_159' title='bbox 1075 2612 1142 2660; x_wconf 83' lang='grc' dir='ltr'>ὼν</span> <span class='ocrx_word' id='word_1_160' title='bbox 1199 2613 1509 2682; x_wconf 74' lang='grc' dir='ltr'>μιμούμενοι</span> <span class='ocrx_word' id='word_1_161' title='bbox 1557 2612 1733 2664; x_wconf 80' lang='grc' dir='ltr'>Ἠλίαν</span> 
     </span>
    </p>
   </div>
   <div class='ocr_carea' id='block_1_26' title="bbox 169 2694 1734 2772">
    <p class='ocr_par' dir='ltr' id='par_1_26' title="bbox 169 2694 1734 2772">
     <span class='ocr_line' id='line_1_26' title="bbox 169 2694 1734 2772; baseline 0.006 -30"><span class='ocrx_word' id='word_1_162' title='bbox 169 2696 238 2742; x_wconf 77' lang='grc' dir='ltr'>τόν</span> <span class='ocrx_word' id='word_1_163' title='bbox 287 2694 529 2754; x_wconf 54' lang='lat' dir='ltr'>Calumni.</span> <span class='ocrx_word' id='word_1_164' title='bbox 564 2697 879 2768; x_wconf 78' lang='grc' dir='ltr'>Ἐπετίμησε</span> <span class='ocrx_word' id='word_1_165' title='bbox 923 2694 981 2749; x_wconf 75' lang='grc' dir='ltr'>δὲ</span> <span class='ocrx_word' id='word_1_166' title='bbox 1047 2698 1217 2759; x_wconf 65' lang='grc' dir='ltr'>αὐτοῖς</span> <span class='ocrx_word' id='word_1_167' title='bbox 1279 2702 1303 2750; x_wconf 98' lang='lat'>6</span> <span class='ocrx_word' id='word_1_168' title='bbox 1362 2704 1610 2772; x_wconf 79' lang='grc' dir='ltr'>Χριστός,</span> <span class='ocrx_word' id='word_1_169' title='bbox 1670 2703 1734 2760; x_wconf 84' lang='grc' dir='ltr'>ὡς</span> 
     </span>
    </p>
   </div>
   <div class='ocr_carea' id='block_1_27' title="bbox 170 2779 1733 2861">
    <p class='ocr_par' dir='ltr' id='par_1_27' title="bbox 170 2779 1733 2861">
     <span class='ocr_line' id='line_1_27' title="bbox 170 2779 1733 2861; baseline 0.006 -30"><span class='ocrx_word' id='word_1_170' title='bbox 170 2779 448 2849; x_wconf 59' lang='grc' dir='ltr'>ἀνεξίκακος,</span> <span class='ocrx_word' id='word_1_171' title='bbox 517 2782 789 2838; x_wconf 78' lang='grc' dir='ltr'>παιδεύων</span> <span class='ocrx_word' id='word_1_172' title='bbox 864 2787 1072 2855; x_wconf 72' lang='grc' dir='ltr'>αὐτούς,</span> <span class='ocrx_word' id='word_1_173' title='bbox 1141 2791 1493 2861; x_wconf 80' lang='grc' dir='ltr'>μακροθύμως</span> <span class='ocrx_word' id='word_1_174' title='bbox 1572 2793 1733 2861; x_wconf 58' lang='grc' dir='ltr'><em>φέρειν</em></span> 
     </span>
    </p>
   </div>
   <div class='ocr_carea' id='block_1_28' title="bbox 169 2871 1732 2950">
    <p class='ocr_par' dir='ltr' id='par_1_28' title="bbox 169 2871 1732 2950">
     <span class='ocr_line' id='line_1_28' title="bbox 169 2871 1732 2950; baseline 0.007 -31"><span class='ocrx_word' id='word_1_175' title='bbox 169 2873 238 2930; x_wconf 67' lang='grc' dir='ltr'>τὰς</span> <span class='ocrx_word' id='word_1_176' title='bbox 281 2871 475 2944; x_wconf 72' lang='grc' dir='ltr'>ἀτιμίας</span> <span class='ocrx_word' id='word_1_177' title='bbox 529 2883 634 2927; x_wconf 84' lang='grc' dir='ltr'>τῶν</span> <span class='ocrx_word' id='word_1_178' title='bbox 683 2872 1043 2930; x_wconf 77' lang='grc' dir='ltr'>ἀπειθούντων.</span> <span class='ocrx_word' id='word_1_179' title='bbox 1119 2877 1395 2948; x_wconf 79' lang='grc' dir='ltr'><em>Ἐγίνωσκε</em></span> <span class='ocrx_word' id='word_1_180' title='bbox 1457 2882 1544 2948; x_wconf 68' lang='grc' dir='ltr'>μὲν</span> <span class='ocrx_word' id='word_1_181' title='bbox 1610 2883 1732 2950; x_wconf 81' lang='grc' dir='ltr'><em>γὰρ,</em></span> 
     </span>
    </p>
   </div>
   <div class='ocr_carea' id='block_1_29' title="bbox 170 2959 1736 3039">
    <p class='ocr_par' dir='ltr' id='par_1_29' title="bbox 170 2959 1736 3039">
     <span class='ocr_line' id='line_1_29' title="bbox 170 2959 1736 3039; baseline 0.008 -32"><span class='ocrx_word' id='word_1_182' title='bbox 170 2959 230 3009; x_wconf 74' lang='grc' dir='ltr'>ὅτι</span> <span class='ocrx_word' id='word_1_183' title='bbox 263 2960 314 3012; x_wconf 69' lang='grc' dir='ltr'>οὗ</span> <span class='ocrx_word' id='word_1_184' title='bbox 356 2961 738 3036; x_wconf 70' lang='grc' dir='ltr'><em>παραδέξωνται</em></span> <span class='ocrx_word' id='word_1_185' title='bbox 783 2965 935 3015; x_wconf 78' lang='grc' dir='ltr'>αὐτὸν</span> <span class='ocrx_word' id='word_1_186' title='bbox 984 2965 1094 3036; x_wconf 82' lang='grc'>(60)</span> <span class='ocrx_word' id='word_1_187' title='bbox 1149 2969 1197 3018; x_wconf 80' lang='grc' dir='ltr'>οἱ</span> <span class='ocrx_word' id='word_1_188' title='bbox 1241 2965 1572 3039; x_wconf 76' lang='grc' dir='ltr'>Σαμαρεῖται·</span> <span class='ocrx_word' id='word_1_189' title='bbox 1610 2966 1736 3019; x_wconf 80' lang='grc' dir='ltr'><em>ἀπέ-</em></span> 
     </span>
    </p>
   </div>
   <div class='ocr_carea' id='block_1_30' title="bbox 1070 372 1808 446">
    <p class='ocr_par' dir='ltr' id='par_1_30' title="bbox 1070 372 1808 446">
     <span class='ocr_line' id='line_1_30' title="bbox 1070 372 1808 446; baseline -0.004 -20"><span class='ocrx_word' id='word_1_190' title='bbox 1070 372 1290 446; x_wconf 83' lang='grc' dir='ltr'><em>Ἦμέρας</em></span> <span class='ocrx_word' id='word_1_191' title='bbox 1372 383 1461 434; x_wconf 79' lang='grc' dir='ltr'>τῆς</span> <span class='ocrx_word' id='word_1_192' title='bbox 1538 372 1808 428; x_wconf 69' lang='grc' dir='ltr'>αναῖο.ή-Α</span> 
     </span>
    </p>
   </div>
   <div class='ocr_carea' id='block_1_31' title="bbox 3400 247 3505 301">
    <p class='ocr_par' dir='ltr' id='par_1_31' title="bbox 3400 247 3505 301">
     <span class='ocr_line' id='line_1_31' title="bbox 3400 247 3505 301; baseline 0 0"><span class='ocrx_word' id='word_1_193' title='bbox 3400 247 3505 301; x_wconf 75' lang='grc'>954</span> 
     </span>
    </p>
   </div>
   <div class='ocr_carea' id='block_1_32' title="bbox 1919 368 3503 440">
    <p class='ocr_par' dir='ltr' id='par_1_32' title="bbox 1919 368 3503 440">
     <span class='ocr_line' id='line_1_32' title="bbox 1919 368 3503 440; baseline -0.001 -14"><span class='ocrx_word' id='word_1_194' title='bbox 1919 372 2075 426; x_wconf 81' lang='lat' dir='ltr'>Vers.</span> <span class='ocrx_word' id='word_1_195' title='bbox 2131 372 2216 428; x_wconf 88' lang='grc'>51.</span> <span class='ocrx_word' id='word_1_196' title='bbox 2249 373 2504 429; x_wconf 80' lang='lat' dir='ltr'>Factum</span> <span class='ocrx_word' id='word_1_197' title='bbox 2535 375 2618 428; x_wconf 87' lang='lat' dir='ltr'>est</span> <span class='ocrx_word' id='word_1_198' title='bbox 2648 403 2716 411; x_wconf 96' lang='lat'>—</span> <span class='ocrx_word' id='word_1_199' title='bbox 2745 371 3179 440; x_wconf 82' lang='lat' dir='ltr'>Hierosolyma.</span> <span class='ocrx_word' id='word_1_200' title='bbox 3231 368 3368 426; x_wconf 84' lang='lat' dir='ltr'>Dies</span> <span class='ocrx_word' id='word_1_201' title='bbox 3412 385 3503 426; x_wconf 87' lang='lat' dir='ltr'>as-</span> 
     </span>
    </p>
   </div>
   <div class='ocr_carea' id='block_1_33' title="bbox 1843 459 3500 533">
    <p class='ocr_par' dir='ltr' id='par_1_33' title="bbox 1843 459 3500 533">
     <span class='ocr_line' id='line_1_33' title="bbox 1843 459 3500 533; baseline 0.001 -21"><span class='ocrx_word' id='word_1_202' title='bbox 1843 461 2202 532; x_wconf 87' lang='lat' dir='ltr'>sumptionis</span> <span class='ocrx_word' id='word_1_203' title='bbox 2239 462 2449 533; x_wconf 88' lang='lat' dir='ltr'>ipsius,</span> <span class='ocrx_word' id='word_1_204' title='bbox 2491 461 2632 516; x_wconf 86' lang='lat' dir='ltr'>dicit</span> <span class='ocrx_word' id='word_1_205' title='bbox 2683 459 3038 531; x_wconf 70' lang='lat' dir='ltr'>praeﬁnitum</span> <span class='ocrx_word' id='word_1_206' title='bbox 3071 465 3324 531; x_wconf 88' lang='lat' dir='ltr'>tempus,</span> <span class='ocrx_word' id='word_1_207' title='bbox 3357 459 3500 514; x_wconf 88' lang='lat' dir='ltr'>dum</span> 
     </span>
    </p>
   </div>
   <div class='ocr_carea' id='block_1_34' title="bbox 1844 548 3504 618">
    <p class='ocr_par' dir='ltr' id='par_1_34' title="bbox 1844 548 3504 618">
     <span class='ocr_line' id='line_1_34' title="bbox 1844 548 3504 618; baseline -0.001 -14"><span class='ocrx_word' id='word_1_208' title='bbox 1844 565 1879 604; x_wconf 92' lang='lat' dir='ltr'>a</span> <span class='ocrx_word' id='word_1_209' title='bbox 1913 554 2066 604; x_wconf 87' lang='lat' dir='ltr'>terra</span> <span class='ocrx_word' id='word_1_210' title='bbox 2096 555 2500 606; x_wconf 79' lang='lat' dir='ltr'>assumeretur</span> <span class='ocrx_word' id='word_1_211' title='bbox 2526 550 2586 605; x_wconf 89' lang='lat' dir='ltr'>in</span> <span class='ocrx_word' id='word_1_212' title='bbox 2617 549 2834 605; x_wconf 68' lang='lat' dir='ltr'>caelum</span> <span class='ocrx_word' id='word_1_213' title='bbox 2865 549 3020 618; x_wconf 90' lang='lat' dir='ltr'>;jam</span> <span class='ocrx_word' id='word_1_214' title='bbox 3059 549 3216 603; x_wconf 90' lang='lat' dir='ltr'>enim</span> <span class='ocrx_word' id='word_1_215' title='bbox 3242 548 3504 604; x_wconf 82' lang='lat' dir='ltr'>instabat</span> 
     </span>
    </p>
   </div>
   <div class='ocr_carea' id='block_1_35' title="bbox 1845 637 3501 709">
    <p class='ocr_par' dir='ltr' id='par_1_35' title="bbox 1845 637 3501 709">
     <span class='ocr_line' id='line_1_35' title="bbox 1845 637 3501 709; baseline 0 -17"><span class='ocrx_word' id='word_1_216' title='bbox 1845 639 1932 692; x_wconf 91' lang='lat' dir='ltr'>sui</span> <span class='ocrx_word' id='word_1_217' title='bbox 1965 638 2344 709; x_wconf 88' lang='lat' dir='ltr'>interemptio</span> <span class='ocrx_word' id='word_1_218' title='bbox 2371 657 2440 695; x_wconf 90' lang='lat' dir='ltr'>ac</span> <span class='ocrx_word' id='word_1_219' title='bbox 2474 639 2826 694; x_wconf 73' lang='lat' dir='ltr'>resurrectio</span> <span class='ocrx_word' id='word_1_220' title='bbox 2852 643 2907 694; x_wconf 91' lang='lat' dir='ltr'>et</span> <span class='ocrx_word' id='word_1_221' title='bbox 2931 637 3276 708; x_wconf 85' lang='lat' dir='ltr'>assumptio.</span> <span class='ocrx_word' id='word_1_222' title='bbox 3312 637 3501 693; x_wconf 86' lang='lat' dir='ltr'>Obﬁr-</span> 
     </span>
    </p>
   </div>
   <div class='ocr_carea' id='block_1_36' title="bbox 1847 725 3504 793">
    <p class='ocr_par' dir='ltr' id='par_1_36' title="bbox 1847 725 3504 793">
     <span class='ocr_line' id='line_1_36' title="bbox 1847 725 3504 793; baseline 0.001 -14"><span class='ocrx_word' id='word_1_223' title='bbox 1847 727 2257 782; x_wconf 82' lang='lat' dir='ltr'>mavitfaciem</span> <span class='ocrx_word' id='word_1_224' title='bbox 2291 745 2486 792; x_wconf 85' lang='lat' dir='ltr'>suam,</span> <span class='ocrx_word' id='word_1_225' title='bbox 2522 728 2634 783; x_wconf 90' lang='lat' dir='ltr'>hoc</span> <span class='ocrx_word' id='word_1_226' title='bbox 2683 733 2786 793; x_wconf 87' lang='lat' dir='ltr'>est,</span> <span class='ocrx_word' id='word_1_227' title='bbox 2834 726 3058 791; x_wconf 79' lang='lat' dir='ltr'>direxit,</span> <span class='ocrx_word' id='word_1_228' title='bbox 3118 731 3178 781; x_wconf 85' lang='lat' dir='ltr'>ut</span> <span class='ocrx_word' id='word_1_229' title='bbox 3221 727 3329 781; x_wconf 90' lang='lat' dir='ltr'>iret</span> <span class='ocrx_word' id='word_1_230' title='bbox 3378 725 3504 780; x_wconf 87' lang='lat' dir='ltr'>Hic-</span> 
     </span>
    </p>
   </div>
   <div class='ocr_carea' id='block_1_37' title="bbox 1843 815 3503 889">
    <p class='ocr_par' dir='ltr' id='par_1_37' title="bbox 1843 815 3503 889">
     <span class='ocr_line' id='line_1_37' title="bbox 1843 815 3503 889; baseline -0.001 -17"><span class='ocrx_word' id='word_1_231' title='bbox 1843 817 2164 889; x_wconf 86' lang='lat' dir='ltr'>resolyma,</span> <span class='ocrx_word' id='word_1_232' title='bbox 2197 818 2588 889; x_wconf 80' lang='lat' dir='ltr'>progrediens</span> <span class='ocrx_word' id='word_1_233' title='bbox 2619 819 2693 872; x_wconf 89' lang='lat' dir='ltr'>ad</span> <span class='ocrx_word' id='word_1_234' title='bbox 2735 817 3098 888; x_wconf 83' lang='lat' dir='ltr'>passionem,</span> <span class='ocrx_word' id='word_1_235' title='bbox 3141 832 3214 870; x_wconf 89' lang='lat' dir='ltr'>ne</span> <span class='ocrx_word' id='word_1_236' title='bbox 3262 815 3503 887; x_wconf 90' lang='lat' dir='ltr'>respici-</span> 
     </span>
    </p>
   </div>
   <div class='ocr_carea' id='block_1_38' title="bbox 1845 905 3502 978">
    <p class='ocr_par' dir='ltr' id='par_1_38' title="bbox 1845 905 3502 978">
     <span class='ocr_line' id='line_1_38' title="bbox 1845 905 3502 978; baseline -0.001 -18"><span class='ocrx_word' id='word_1_237' title='bbox 1845 906 2000 961; x_wconf 89' lang='lat' dir='ltr'>endo</span> <span class='ocrx_word' id='word_1_238' title='bbox 2053 907 2300 978; x_wconf 87' lang='lat' dir='ltr'>quidem</span> <span class='ocrx_word' id='word_1_239' title='bbox 2349 906 2408 960; x_wconf 94' lang='lat' dir='ltr'>in</span> <span class='ocrx_word' id='word_1_240' title='bbox 2443 913 2702 976; x_wconf 80' lang='lat' dir='ltr'>tergum.</span> <span class='ocrx_word' id='word_1_241' title='bbox 2763 906 3063 978; x_wconf 86' lang='lat' dir='ltr'>Scriptum</span> <span class='ocrx_word' id='word_1_242' title='bbox 3104 911 3191 960; x_wconf 89' lang='lat' dir='ltr'>est</span> <span class='ocrx_word' id='word_1_243' title='bbox 3229 905 3387 959; x_wconf 90' lang='lat' dir='ltr'>enim</span> <span class='ocrx_word' id='word_1_244' title='bbox 3438 905 3502 959; x_wconf 89' lang='lat' dir='ltr'>in</span> 
     </span>
    </p>
   </div>
   <div class='ocr_carea' id='block_1_39' title="bbox 1846 994 3502 1066">
    <p class='ocr_par' dir='ltr' id='par_1_39' title="bbox 1846 994 3502 1066">
     <span class='ocr_line' id='line_1_39' title="bbox 1846 994 3502 1066; baseline -0.001 -16"><span class='ocrx_word' id='word_1_245' title='bbox 1846 995 1992 1050; x_wconf 88' lang='lat' dir='ltr'>libro</span> <span class='ocrx_word' id='word_1_246' title='bbox 2023 1011 2262 1066; x_wconf 86' lang='lat' dir='ltr'>quoque</span> <span class='ocrx_word' id='word_1_247' title='bbox 2281 995 2652 1050; x_wconf 90' lang='lat' dir='ltr'>Psalmorum</span> <span class='ocrx_word' id='word_1_248' title='bbox 2683 1011 2696 1050; x_wconf 89' lang='lat'><strong>:</strong></span> <span class='ocrx_word' id='word_1_249' title='bbox 2727 994 3055 1060; x_wconf 80' lang='lat' dir='ltr'>Obﬁrmabo</span> <span class='ocrx_word' id='word_1_250' title='bbox 3083 1009 3262 1063; x_wconf 84' lang='lat' dir='ltr'>super</span> <span class='ocrx_word' id='word_1_251' title='bbox 3295 1000 3349 1049; x_wconf 89' lang='lat' dir='ltr'>te</span> <span class='ocrx_word' id='word_1_252' title='bbox 3367 1010 3502 1048; x_wconf 88' lang='lat' dir='ltr'>ocu-</span> 
     </span>
    </p>
   </div>
   <div class='ocr_carea' id='block_1_40' title="bbox 1849 1082 3504 1154">
    <p class='ocr_par' dir='ltr' id='par_1_40' title="bbox 1849 1082 3504 1154">
     <span class='ocr_line' id='line_1_40' title="bbox 1849 1082 3504 1154; baseline -0.002 -14"><span class='ocrx_word' id='word_1_253' title='bbox 1849 1086 1932 1140; x_wconf 85' lang='lat' dir='ltr'>los</span> <span class='ocrx_word' id='word_1_254' title='bbox 1959 1100 2116 1141; x_wconf 88' lang='lat' dir='ltr'>meos</span> <span class='ocrx_word' id='word_1_255' title='bbox 2141 1087 2188 1120; x_wconf 70' lang='lat'>5°</span> <span class='ocrx_word' id='word_1_256' title='bbox 2214 1086 2368 1150; x_wconf 87' lang='lat' dir='ltr'>;sive</span> <span class='ocrx_word' id='word_1_257' title='bbox 2395 1085 2665 1154; x_wconf 87' lang='lat' dir='ltr'>inﬁgam,</span> <span class='ocrx_word' id='word_1_258' title='bbox 2693 1083 2972 1153; x_wconf 83' lang='lat' dir='ltr'>dirigam,</span> <span class='ocrx_word' id='word_1_259' title='bbox 3005 1082 3504 1138; x_wconf 83' lang='lat' dir='ltr'>indeclinabiliter</span> 
     </span>
    </p>
   </div>
   <div class='ocr_carea' id='block_1_41' title="bbox 1845 1174 2155 1246">
    <p class='ocr_par' dir='ltr' id='par_1_41' title="bbox 1845 1174 2155 1246">
     <span class='ocr_line' id='line_1_41' title="bbox 1845 1174 2155 1246; baseline 0 -16"><span class='ocrx_word' id='word_1_260' title='bbox 1845 1174 2155 1246; x_wconf 88' lang='lat' dir='ltr'>aspiciam.</span> 
     </span>
    </p>
   </div>
   <div class='ocr_carea' id='block_1_42' title="bbox 1916 1261 3502 1331">
    <p class='ocr_par' dir='ltr' id='par_1_42' title="bbox 1916 1261 3502 1331">
     <span class='ocr_line' id='line_1_42' title="bbox 1916 1261 3502 1331; baseline 0.003 -13"><span class='ocrx_word' id='word_1_261' title='bbox 1916 1266 2072 1318; x_wconf 84' lang='lat' dir='ltr'>Vers.</span> <span class='ocrx_word' id='word_1_262' title='bbox 2101 1269 2184 1320; x_wconf 83' lang='lat'>52.</span> <span class='ocrx_word' id='word_1_263' title='bbox 2216 1266 2297 1319; x_wconf 90' lang='lat' dir='ltr'>Et</span> <span class='ocrx_word' id='word_1_264' title='bbox 2326 1297 2390 1306; x_wconf 92' lang='lat'><strong><em>—</em></strong></span> <span class='ocrx_word' id='word_1_265' title='bbox 2423 1281 2613 1328; x_wconf 85' lang='lat' dir='ltr'>suum,</span> <span class='ocrx_word' id='word_1_266' title='bbox 2658 1264 2757 1321; x_wconf 87' lang='lat' dir='ltr'>Hic</span> <span class='ocrx_word' id='word_1_267' title='bbox 2789 1262 2966 1319; x_wconf 90' lang='lat' dir='ltr'>etiam</span> <span class='ocrx_word' id='word_1_268' title='bbox 3023 1261 3200 1318; x_wconf 90' lang='lat' dir='ltr'>dictio</span> <span class='ocrx_word' id='word_1_269' title='bbox 3253 1262 3502 1331; x_wconf 73' lang='grc' dir='ltr'>ἀγγέλους</span> 
     </span>
    </p>
   </div>
   <div class='ocr_carea' id='block_1_43' title="bbox 1846 1353 2794 1425">
    <p class='ocr_par' dir='ltr' id='par_1_43' title="bbox 1846 1353 2794 1425">
     <span class='ocr_line' id='line_1_43' title="bbox 1846 1353 2794 1425; baseline 0.001 -18"><span class='ocrx_word' id='word_1_270' title='bbox 1846 1353 2188 1425; x_wconf 84' lang='lat' dir='ltr'>simpliciter</span> <span class='ocrx_word' id='word_1_271' title='bbox 2213 1354 2447 1410; x_wconf 88' lang='lat' dir='ltr'>nuntios</span> <span class='ocrx_word' id='word_1_272' title='bbox 2479 1354 2794 1423; x_wconf 82' lang='lat' dir='ltr'>signiﬁcat.</span> 
     </span>
    </p>
   </div>
   <div class='ocr_carea' id='block_1_44' title="bbox 1923 1439 3500 1506">
    <p class='ocr_par' dir='ltr' id='par_1_44' title="bbox 1923 1439 3500 1506">
     <span class='ocr_line' id='line_1_44' title="bbox 1923 1439 3500 1506; baseline -0.003 -8"><span class='ocrx_word' id='word_1_273' title='bbox 1923 1443 2076 1498; x_wconf 87' lang='lat' dir='ltr'>Vers.</span> <span class='ocrx_word' id='word_1_274' title='bbox 2107 1449 2194 1499; x_wconf 79' lang='grc'>52.</span> <span class='ocrx_word' id='word_1_275' title='bbox 2228 1445 2308 1498; x_wconf 86' lang='lat' dir='ltr'>Et</span> <span class='ocrx_word' id='word_1_276' title='bbox 2331 1451 2532 1501; x_wconf 85' lang='lat' dir='ltr'>euntes</span> <span class='ocrx_word' id='word_1_277' title='bbox 2562 1475 2630 1484; x_wconf 91' lang='lat'><strong><em>—</em></strong></span> <span class='ocrx_word' id='word_1_278' title='bbox 2659 1441 3201 1499; x_wconf 74' lang='lat' dir='ltr'>Samaritanorum.</span> <span class='ocrx_word' id='word_1_279' title='bbox 3236 1439 3406 1506; x_wconf 87' lang='lat' dir='ltr'>Quod</span> <span class='ocrx_word' id='word_1_280' title='bbox 3440 1439 3500 1494; x_wconf 90' lang='lat' dir='ltr'>in</span> 
     </span>
    </p>
   </div>
   <div class='ocr_carea' id='block_1_45' title="bbox 1844 1533 2659 1604">
    <p class='ocr_par' dir='ltr' id='par_1_45' title="bbox 1844 1533 2659 1604">
     <span class='ocr_line' id='line_1_45' title="bbox 1844 1533 2659 1604; baseline -0.001 -18"><span class='ocrx_word' id='word_1_281' title='bbox 1844 1533 2093 1588; x_wconf 84' lang='lat' dir='ltr'>transitu</span> <span class='ocrx_word' id='word_1_282' title='bbox 2123 1533 2251 1604; x_wconf 89' lang='lat' dir='ltr'>ejus</span> <span class='ocrx_word' id='word_1_283' title='bbox 2297 1533 2477 1588; x_wconf 88' lang='lat' dir='ltr'>situm</span> <span class='ocrx_word' id='word_1_284' title='bbox 2510 1538 2659 1588; x_wconf 87' lang='lat' dir='ltr'>erat.</span> 
     </span>
    </p>
   </div>
   <div class='ocr_carea' id='block_1_46' title="bbox 1915 1618 3496 1694">
    <p class='ocr_par' dir='ltr' id='par_1_46' title="bbox 1915 1618 3496 1694">
     <span class='ocr_line' id='line_1_46' title="bbox 1915 1618 3496 1694; baseline -0.003 -18"><span class='ocrx_word' id='word_1_285' title='bbox 1915 1624 2076 1677; x_wconf 85' lang='lat' dir='ltr'>Vers.</span> <span class='ocrx_word' id='word_1_286' title='bbox 2107 1627 2194 1677; x_wconf 72' lang='lat'>52.</span> <span class='ocrx_word' id='word_1_287' title='bbox 2240 1624 2310 1679; x_wconf 83' lang='lat' dir='ltr'>Ut</span> <span class='ocrx_word' id='word_1_288' title='bbox 2338 1626 2614 1694; x_wconf 80' lang='lat' dir='ltr'>pararent</span> <span class='ocrx_word' id='word_1_289' title='bbox 2667 1621 2781 1678; x_wconf 88' lang='lat' dir='ltr'>illi.</span> <span class='ocrx_word' id='word_1_290' title='bbox 2837 1620 3159 1692; x_wconf 83' lang='lat' dir='ltr'>Hospitium</span> <span class='ocrx_word' id='word_1_291' title='bbox 3201 1618 3496 1675; x_wconf 86' lang='lat' dir='ltr'>videlicet.</span> 
     </span>
    </p>
   </div>
   <div class='ocr_carea' id='block_1_47' title="bbox 1772 1710 3500 1784">
    <p class='ocr_par' dir='ltr' id='par_1_47' title="bbox 1772 1710 3500 1784">
     <span class='ocr_line' id='line_1_47' title="bbox 1772 1710 3500 1784; baseline -0.001 -18"><span class='ocrx_word' id='word_1_292' title='bbox 1772 1713 1811 1766; x_wconf 87' lang='grc' dir='ltr'><strong><em>Β</em></strong></span> <span class='ocrx_word' id='word_1_293' title='bbox 1845 1713 1917 1766; x_wconf 84' lang='lat' dir='ltr'>ad</span> <span class='ocrx_word' id='word_1_294' title='bbox 1966 1713 2404 1784; x_wconf 86' lang='lat' dir='ltr'>susceptionem</span> <span class='ocrx_word' id='word_1_295' title='bbox 2438 1711 2646 1784; x_wconf 88' lang='lat' dir='ltr'>ipsius,</span> <span class='ocrx_word' id='word_1_296' title='bbox 2679 1717 2736 1767; x_wconf 91' lang='lat' dir='ltr'>et</span> <span class='ocrx_word' id='word_1_297' title='bbox 2766 1711 3024 1777; x_wconf 89' lang='lat' dir='ltr'>illorum,</span> <span class='ocrx_word' id='word_1_298' title='bbox 3081 1710 3186 1781; x_wconf 90' lang='lat' dir='ltr'>qui</span> <span class='ocrx_word' id='word_1_299' title='bbox 3242 1726 3380 1765; x_wconf 91' lang='lat' dir='ltr'>cum</span> <span class='ocrx_word' id='word_1_300' title='bbox 3429 1724 3500 1764; x_wconf 92' lang='lat' dir='ltr'>eo</span> 
     </span>
    </p>
   </div>
   <div class='ocr_carea' id='block_1_48' title="bbox 1844 1806 2034 1857">
    <p class='ocr_par' dir='ltr' id='par_1_48' title="bbox 1844 1806 2034 1857">
     <span class='ocr_line' id='line_1_48' title="bbox 1844 1806 2034 1857; baseline 0.005 -1"><span class='ocrx_word' id='word_1_301' title='bbox 1844 1806 2034 1857; x_wconf 89' lang='lat' dir='ltr'>erant.</span> 
     </span>
    </p>
   </div>
   <div class='ocr_carea' id='block_1_49' title="bbox 1917 1890 3500 1962">
    <p class='ocr_par' dir='ltr' id='par_1_49' title="bbox 1917 1890 3500 1962">
     <span class='ocr_line' id='line_1_49' title="bbox 1917 1890 3500 1962; baseline 0 -17"><span class='ocrx_word' id='word_1_302' title='bbox 1917 1893 2076 1946; x_wconf 89' lang='lat' dir='ltr'>Vers.</span> <span class='ocrx_word' id='word_1_303' title='bbox 2105 1890 2192 1946; x_wconf 81' lang='grc'>53.</span> <span class='ocrx_word' id='word_1_304' title='bbox 2213 1893 2292 1949; x_wconf 83' lang='lat' dir='ltr'>Et</span> <span class='ocrx_word' id='word_1_305' title='bbox 2323 1909 2436 1948; x_wconf 84' lang='lat' dir='ltr'>non</span> <span class='ocrx_word' id='word_1_306' title='bbox 2455 1922 2507 1932; x_wconf 87' lang='lat'><strong>—</strong></span> <span class='ocrx_word' id='word_1_307' title='bbox 2529 1892 2960 1960; x_wconf 83' lang='lat' dir='ltr'>Hierosolyma.</span> <span class='ocrx_word' id='word_1_308' title='bbox 2994 1891 3192 1947; x_wconf 83' lang='lat' dir='ltr'>Facies</span> <span class='ocrx_word' id='word_1_309' title='bbox 3223 1891 3500 1962; x_wconf 88' lang='lat' dir='ltr'>ejus,hoc</span> 
     </span>
    </p>
   </div>
   <div class='ocr_carea' id='block_1_50' title="bbox 1847 1980 3499 2052">
    <p class='ocr_par' dir='ltr' id='par_1_50' title="bbox 1847 1980 3499 2052">
     <span class='ocr_line' id='line_1_50' title="bbox 1847 1980 3499 2052; baseline -0.002 -15"><span class='ocrx_word' id='word_1_310' title='bbox 1847 1983 1953 2045; x_wconf 92' lang='lat' dir='ltr'>est,</span> <span class='ocrx_word' id='word_1_311' title='bbox 1984 1981 2131 2052; x_wconf 89' lang='lat' dir='ltr'>ipse,</span> <span class='ocrx_word' id='word_1_312' title='bbox 2181 1997 2217 2036; x_wconf 89' lang='lat' dir='ltr'>a</span> <span class='ocrx_word' id='word_1_313' title='bbox 2249 1985 2415 2052; x_wconf 89' lang='lat' dir='ltr'>parte</span> <span class='ocrx_word' id='word_1_314' title='bbox 2446 1984 2652 2036; x_wconf 91' lang='lat' dir='ltr'>totum.</span> <span class='ocrx_word' id='word_1_315' title='bbox 2702 1983 2827 2036; x_wconf 91' lang='lat' dir='ltr'>Non</span> <span class='ocrx_word' id='word_1_316' title='bbox 2867 1985 3233 2050; x_wconf 89' lang='lat' dir='ltr'>receperunt,</span> <span class='ocrx_word' id='word_1_317' title='bbox 3285 1980 3499 2052; x_wconf 86' lang='lat' dir='ltr'>inquit,</span> 
     </span>
    </p>
   </div>
   <div class='ocr_carea' id='block_1_51' title="bbox 1847 2067 3503 2142">
    <p class='ocr_par' dir='ltr' id='par_1_51' title="bbox 1847 2067 3503 2142">
     <span class='ocr_line' id='line_1_51' title="bbox 1847 2067 3503 2142; baseline -0.002 -17"><span class='ocrx_word' id='word_1_318' title='bbox 1847 2086 2005 2133; x_wconf 89' lang='lat' dir='ltr'>eum,</span> <span class='ocrx_word' id='word_1_319' title='bbox 2048 2071 2190 2142; x_wconf 88' lang='lat' dir='ltr'>quia</span> <span class='ocrx_word' id='word_1_320' title='bbox 2221 2069 2508 2141; x_wconf 85' lang='lat' dir='ltr'>pergebat</span> <span class='ocrx_word' id='word_1_321' title='bbox 2531 2069 2945 2140; x_wconf 86' lang='lat' dir='ltr'>Hierosolyma</span> <span class='ocrx_word' id='word_1_322' title='bbox 2967 2069 3040 2123; x_wconf 89' lang='lat' dir='ltr'>ad</span> <span class='ocrx_word' id='word_1_323' title='bbox 3071 2067 3324 2124; x_wconf 89' lang='lat' dir='ltr'>ininicos</span> <span class='ocrx_word' id='word_1_324' title='bbox 3346 2069 3503 2139; x_wconf 91' lang='lat' dir='ltr'>ipso-</span> 
     </span>
    </p>
   </div>
   <div class='ocr_carea' id='block_1_52' title="bbox 1847 2156 3501 2218">
    <p class='ocr_par' dir='ltr' id='par_1_52' title="bbox 1847 2156 3501 2218">
     <span class='ocr_line' id='line_1_52' title="bbox 1847 2156 3501 2218; baseline -0.001 -5"><span class='ocrx_word' id='word_1_325' title='bbox 1847 2175 2001 2213; x_wconf 88' lang='lat' dir='ltr'>rum.</span> <span class='ocrx_word' id='word_1_326' title='bbox 2030 2161 2180 2213; x_wconf 84' lang='lat' dir='ltr'>Nam</span> <span class='ocrx_word' id='word_1_327' title='bbox 2212 2157 2569 2218; x_wconf 86' lang='lat' dir='ltr'>Samaritani</span> <span class='ocrx_word' id='word_1_328' title='bbox 2600 2157 2843 2213; x_wconf 89' lang='lat' dir='ltr'>inimico</span> <span class='ocrx_word' id='word_1_329' title='bbox 2869 2157 3072 2213; x_wconf 88' lang='lat' dir='ltr'>animo</span> <span class='ocrx_word' id='word_1_330' title='bbox 3099 2156 3291 2212; x_wconf 73' lang='lat' dir='ltr'>affecti</span> <span class='ocrx_word' id='word_1_331' title='bbox 3334 2161 3501 2213; x_wconf 90' lang='lat' dir='ltr'>erant</span> 
     </span>
    </p>
   </div>
   <div class='ocr_carea' id='block_1_53' title="bbox 1847 2247 2454 2319">
    <p class='ocr_par' dir='ltr' id='par_1_53' title="bbox 1847 2247 2454 2319">
     <span class='ocr_line' id='line_1_53' title="bbox 1847 2247 2454 2319; baseline -0.005 -15"><span class='ocrx_word' id='word_1_332' title='bbox 1847 2247 1922 2304; x_wconf 90' lang='lat' dir='ltr'>ad</span> <span class='ocrx_word' id='word_1_333' title='bbox 1954 2247 2454 2319; x_wconf 87' lang='lat' dir='ltr'>Hierosolymitas.</span> 
     </span>
    </p>
   </div>
   <div class='ocr_carea' id='block_1_54' title="bbox 1917 2335 3502 2402">
    <p class='ocr_par' dir='ltr' id='par_1_54' title="bbox 1917 2335 3502 2402">
     <span class='ocr_line' id='line_1_54' title="bbox 1917 2335 3502 2402; baseline -0.001 -11"><span class='ocrx_word' id='word_1_334' title='bbox 1917 2337 2080 2393; x_wconf 88' lang='lat' dir='ltr'>Vers.</span> <span class='ocrx_word' id='word_1_335' title='bbox 2135 2341 2219 2392; x_wconf 79' lang='grc'>54.</span> <span class='ocrx_word' id='word_1_336' title='bbox 2256 2337 2413 2402; x_wconf 82' lang='lat' dir='ltr'>Quod</span> <span class='ocrx_word' id='word_1_337' title='bbox 2452 2351 2584 2392; x_wconf 84' lang='lat' dir='ltr'>cum</span> <span class='ocrx_word' id='word_1_338' title='bbox 2628 2336 2906 2392; x_wconf 80' lang='lat' dir='ltr'>vidissent</span> <span class='ocrx_word' id='word_1_339' title='bbox 2950 2367 3019 2375; x_wconf 90' lang='lat'><strong>—</strong></span> <span class='ocrx_word' id='word_1_340' title='bbox 3054 2335 3218 2391; x_wconf 89' lang='lat' dir='ltr'>Vers.</span> <span class='ocrx_word' id='word_1_341' title='bbox 3268 2337 3354 2390; x_wconf 80' lang='grc'>55.</span> <span class='ocrx_word' id='word_1_342' title='bbox 3387 2351 3502 2391; x_wconf 78' lang='lat' dir='ltr'>ser-</span> 
     </span>
    </p>
   </div>
   <div class='ocr_carea' id='block_1_55' title="bbox 1847 2425 3500 2498">
    <p class='ocr_par' dir='ltr' id='par_1_55' title="bbox 1847 2425 3500 2498">
     <span class='ocr_line' id='line_1_55' title="bbox 1847 2425 3500 2498; baseline -0.002 -15"><span class='ocrx_word' id='word_1_343' title='bbox 1847 2427 2126 2484; x_wconf 85' lang='lat' dir='ltr'>vandum.</span> <span class='ocrx_word' id='word_1_344' title='bbox 2177 2427 2475 2498; x_wconf 86' lang='lat' dir='ltr'>Suspicor,</span> <span class='ocrx_word' id='word_1_345' title='bbox 2509 2427 2622 2482; x_wconf 90' lang='lat' dir='ltr'>hos</span> <span class='ocrx_word' id='word_1_346' title='bbox 2681 2425 2859 2482; x_wconf 85' lang='lat' dir='ltr'>fuisse</span> <span class='ocrx_word' id='word_1_347' title='bbox 2892 2425 3252 2497; x_wconf 68' lang='lat' dir='ltr'>praemissos.</span> <span class='ocrx_word' id='word_1_348' title='bbox 3297 2428 3500 2497; x_wconf 85' lang='lat' dir='ltr'>Itaque</span> 
     </span>
    </p>
   </div>
   <div class='ocr_carea' id='block_1_56' title="bbox 1848 2515 3501 2588">
    <p class='ocr_par' dir='ltr' id='par_1_56' title="bbox 1848 2515 3501 2588">
     <span class='ocr_line' id='line_1_56' title="bbox 1848 2515 3501 2588; baseline -0.003 -15"><span class='ocrx_word' id='word_1_349' title='bbox 1848 2517 1978 2573; x_wconf 85' lang='lat' dir='ltr'>irati</span> <span class='ocrx_word' id='word_1_350' title='bbox 2008 2523 2165 2580; x_wconf 87' lang='lat' dir='ltr'>sunt,</span> <span class='ocrx_word' id='word_1_351' title='bbox 2201 2517 2364 2588; x_wconf 83' lang='lat' dir='ltr'>quod</span> <span class='ocrx_word' id='word_1_352' title='bbox 2406 2521 2834 2588; x_wconf 74' lang='lat' dir='ltr'>praeceptorem</span> <span class='ocrx_word' id='word_1_353' title='bbox 2885 2517 3245 2588; x_wconf 86' lang='lat' dir='ltr'>sprevissent</span> <span class='ocrx_word' id='word_1_354' title='bbox 3285 2531 3298 2569; x_wconf 89' lang='lat'><strong>:</strong></span> <span class='ocrx_word' id='word_1_355' title='bbox 3329 2515 3501 2570; x_wconf 89' lang='lat' dir='ltr'>inter-</span> 
     </span>
    </p>
   </div>
   <div class='ocr_carea' id='block_1_57' title="bbox 1845 2605 3498 2677">
    <p class='ocr_par' dir='ltr' id='par_1_57' title="bbox 1845 2605 3498 2677">
     <span class='ocr_line' id='line_1_57' title="bbox 1845 2605 3498 2677; baseline -0.001 -16"><span class='ocrx_word' id='word_1_356' title='bbox 1845 2613 2208 2676; x_wconf 85' lang='lat' dir='ltr'>rogaverunt</span> <span class='ocrx_word' id='word_1_357' title='bbox 2224 2621 2387 2675; x_wconf 88' lang='lat' dir='ltr'>ergo,</span> <span class='ocrx_word' id='word_1_358' title='bbox 2411 2621 2485 2661; x_wconf 88' lang='lat' dir='ltr'>an</span> <span class='ocrx_word' id='word_1_359' title='bbox 2499 2611 2941 2677; x_wconf 89' lang='lat' dir='ltr'>contemptores</span> <span class='ocrx_word' id='word_1_360' title='bbox 2958 2605 3163 2660; x_wconf 75' lang='lat' dir='ltr'>ulcisci</span> <span class='ocrx_word' id='word_1_361' title='bbox 3180 2608 3498 2676; x_wconf 89' lang='lat' dir='ltr'>oporteret,</span> 
     </span>
    </p>
   </div>
   <div class='ocr_carea' id='block_1_58' title="bbox 1847 2694 3500 2767">
    <p class='ocr_par' dir='ltr' id='par_1_58' title="bbox 1847 2694 3500 2767">
     <span class='ocr_line' id='line_1_58' title="bbox 1847 2694 3500 2767; baseline -0.002 -16"><span class='ocrx_word' id='word_1_362' title='bbox 1847 2701 2049 2767; x_wconf 87' lang='lat' dir='ltr'>utpote</span> <span class='ocrx_word' id='word_1_363' title='bbox 2087 2695 2310 2750; x_wconf 89' lang='lat' dir='ltr'>zeloten</span> <span class='ocrx_word' id='word_1_364' title='bbox 2356 2695 2542 2750; x_wconf 81' lang='lat' dir='ltr'>Ellam</span> <span class='ocrx_word' id='word_1_365' title='bbox 2575 2695 2893 2750; x_wconf 88' lang='lat' dir='ltr'>imitantes.</span> <span class='ocrx_word' id='word_1_366' title='bbox 2929 2694 3256 2766; x_wconf 83' lang='lat' dir='ltr'>Increpavit</span> <span class='ocrx_word' id='word_1_367' title='bbox 3297 2697 3500 2748; x_wconf 90' lang='lat' dir='ltr'>autem</span> 
     </span>
    </p>
   </div>
   <div class='ocr_carea' id='block_1_59' title="bbox 1847 2782 3492 2854">
    <p class='ocr_par' dir='ltr' id='par_1_59' title="bbox 1847 2782 3492 2854">
     <span class='ocr_line' id='line_1_59' title="bbox 1847 2782 3492 2854; baseline -0.001 -16"><span class='ocrx_word' id='word_1_368' title='bbox 1847 2784 1976 2840; x_wconf 90' lang='lat' dir='ltr'>illos</span> <span class='ocrx_word' id='word_1_369' title='bbox 2017 2785 2307 2848; x_wconf 82' lang='lat' dir='ltr'>Christus.</span> <span class='ocrx_word' id='word_1_370' title='bbox 2343 2789 2632 2854; x_wconf 89' lang='lat' dir='ltr'>tanquam</span> <span class='ocrx_word' id='word_1_371' title='bbox 2691 2783 2952 2838; x_wconf 84' lang='lat' dir='ltr'>clemens</span> <span class='ocrx_word' id='word_1_372' title='bbox 2987 2799 2999 2837; x_wconf 95' lang='lat'>:</span> <span class='ocrx_word' id='word_1_373' title='bbox 3036 2782 3336 2838; x_wconf 86' lang='lat' dir='ltr'>instruens</span> <span class='ocrx_word' id='word_1_374' title='bbox 3371 2797 3492 2851; x_wconf 89' lang='lat' dir='ltr'>eos,</span> 
     </span>
    </p>
   </div>
   <div class='ocr_carea' id='block_1_60' title="bbox 1850 2871 3498 2945">
    <p class='ocr_par' dir='ltr' id='par_1_60' title="bbox 1850 2871 3498 2945">
     <span class='ocr_line' id='line_1_60' title="bbox 1850 2871 3498 2945; baseline 0 -17"><span class='ocrx_word' id='word_1_375' title='bbox 1850 2878 1910 2929; x_wconf 90' lang='lat' dir='ltr'>ut</span> <span class='ocrx_word' id='word_1_376' title='bbox 1924 2874 2122 2929; x_wconf 89' lang='lat' dir='ltr'>incred</span> <span class='ocrx_word' id='word_1_377' title='bbox 2134 2874 2366 2928; x_wconf 90' lang='lat' dir='ltr'>ulorum</span> <span class='ocrx_word' id='word_1_378' title='bbox 2382 2873 2626 2945; x_wconf 86' lang='lat' dir='ltr'>injurias</span> <span class='ocrx_word' id='word_1_379' title='bbox 2639 2872 2924 2944; x_wconf 88' lang='lat' dir='ltr'>patienter</span> <span class='ocrx_word' id='word_1_380' title='bbox 2939 2871 3172 2929; x_wconf 87' lang='lat' dir='ltr'>ferrent.</span> <span class='ocrx_word' id='word_1_381' title='bbox 3195 2871 3498 2942; x_wconf 86' lang='lat' dir='ltr'>Siquidem</span> 
     </span>
    </p>
   </div>
   <div class='ocr_carea' id='block_1_61' title="bbox 1849 2961 3498 3035">
    <p class='ocr_par' dir='ltr' id='par_1_61' title="bbox 1849 2961 3498 3035">
     <span class='ocr_line' id='line_1_61' title="bbox 1849 2961 3498 3035; baseline -0.001 -17"><span class='ocrx_word' id='word_1_382' title='bbox 1849 2963 2092 3029; x_wconf 86' lang='lat' dir='ltr'>sciebat,</span> <span class='ocrx_word' id='word_1_383' title='bbox 2117 2966 2277 3035; x_wconf 90' lang='lat' dir='ltr'>quod</span> <span class='ocrx_word' id='word_1_384' title='bbox 2310 2979 2370 3018; x_wconf 90' lang='lat' dir='ltr'>se</span> <span class='ocrx_word' id='word_1_385' title='bbox 2389 2963 2719 3029; x_wconf 76' lang='lat' dir='ltr'>suscepturi</span> <span class='ocrx_word' id='word_1_386' title='bbox 2740 2978 2860 3016; x_wconf 94' lang='lat' dir='ltr'>non</span> <span class='ocrx_word' id='word_1_387' title='bbox 2883 2966 3080 3016; x_wconf 90' lang='lat' dir='ltr'>essent</span> <span class='ocrx_word' id='word_1_388' title='bbox 3105 2961 3498 3017; x_wconf 85' lang='lat' dir='ltr'>Samaritani:</span> 
     </span>
    </p>
   </div>
   <div class='ocr_carea' id='block_1_62' title="bbox 168 3047 1734 3127">
    <p class='ocr_par' dir='ltr' id='par_1_62' title="bbox 168 3047 1732 3127">
     <span class='ocr_line' id='line_1_62' title="bbox 168 3047 1732 3127; baseline 0.006 -31"><span class='ocrx_word' id='word_1_389' title='bbox 168 3048 304 3101; x_wconf 71' lang='grc' dir='ltr'>στειλι</span> <span class='ocrx_word' id='word_1_390' title='bbox 351 3047 407 3103; x_wconf 80' lang='grc' dir='ltr'>δέ</span> <span class='ocrx_word' id='word_1_391' title='bbox 455 3055 718 3125; x_wconf 74' lang='grc' dir='ltr'>μαθητὰς,</span> <span class='ocrx_word' id='word_1_392' title='bbox 781 3054 863 3105; x_wconf 82' lang='grc' dir='ltr'>ἵνα</span> <span class='ocrx_word' id='word_1_393' title='bbox 915 3053 1305 3112; x_wconf 75' lang='grc' dir='ltr'>ἀπειθησοίντων</span> <span class='ocrx_word' id='word_1_394' title='bbox 1357 3060 1446 3127; x_wconf 78' lang='grc' dir='ltr'>μὲν</span> <span class='ocrx_word' id='word_1_395' title='bbox 1512 3056 1732 3121; x_wconf 80' lang='grc' dir='ltr'>ἐκείνων,</span> 
     </span>
    </p>
   </div>
   <div class='ocr_carea' id='block_1_63' title="bbox 1865 3047 3502 3127">
    <p class='ocr_par' dir='ltr' id='par_1_63' title="bbox 1865 3050 3502 3123">
     <span class='ocr_line' id='line_1_63' title="bbox 1865 3050 3502 3123; baseline -0.001 -15"><span class='ocrx_word' id='word_1_396' title='bbox 1865 3052 2007 3108; x_wconf 82' lang='lat' dir='ltr'>nisit</span> <span class='ocrx_word' id='word_1_397' title='bbox 2034 3059 2231 3108; x_wconf 88' lang='lat' dir='ltr'>tamen</span> <span class='ocrx_word' id='word_1_398' title='bbox 2273 3052 2618 3123; x_wconf 90' lang='lat' dir='ltr'>discipulos,</span> <span class='ocrx_word' id='word_1_399' title='bbox 2650 3057 2712 3107; x_wconf 89' lang='lat' dir='ltr'>ut</span> <span class='ocrx_word' id='word_1_400' title='bbox 2749 3051 2860 3106; x_wconf 86' lang='lat' dir='ltr'>illis</span> <span class='ocrx_word' id='word_1_401' title='bbox 2892 3066 3010 3105; x_wconf 91' lang='lat' dir='ltr'>non</span> <span class='ocrx_word' id='word_1_402' title='bbox 3045 3050 3411 3123; x_wconf 84' lang='lat' dir='ltr'>parentibus,</span> <span class='ocrx_word' id='word_1_403' title='bbox 3445 3057 3502 3106; x_wconf 89' lang='lat' dir='ltr'>et</span> 
     </span>
    </p>
   </div>
   <div class='ocr_carea' id='block_1_64' title="bbox 165 3135 1733 3216">
    <p class='ocr_par' dir='ltr' id='par_1_64' title="bbox 165 3135 1733 3216">
     <span class='ocr_line' id='line_1_64' title="bbox 165 3135 1733 3216; baseline 0.017 -31"><span class='ocrx_word' id='word_1_404' title='bbox 165 3135 468 3206; x_wconf 71' lang='grc' dir='ltr'>ὀργισθέντων</span> <span class='ocrx_word' id='word_1_405' title='bbox 525 3138 588 3194; x_wconf 66' lang='grc' dir='ltr'>δὲ</span> <span class='ocrx_word' id='word_1_406' title='bbox 617 3145 826 3205; x_wconf 72' lang='grc' dir='ltr'>τούτων,</span> <span class='ocrx_word' id='word_1_407' title='bbox 861 3143 1114 3206; x_wconf 74' lang='grc' dir='ltr'><em>ἐπιπλήξη</em></span> <span class='ocrx_word' id='word_1_408' title='bbox 1155 3150 1244 3196; x_wconf 76' lang='grc' dir='ltr'>καὶ</span> <span class='ocrx_word' id='word_1_409' title='bbox 1285 3141 1480 3216; x_wconf 62' lang='grc' dir='ltr'>διδάξῃ</span> <span class='ocrx_word' id='word_1_410' title='bbox 1526 3145 1733 3213; x_wconf 54' lang='grc' dir='ltr'>αὐτοὺς,</span> 
     </span>
    </p>
   </div>
   <div class='ocr_carea' id='block_1_65' title="bbox 163 3225 1733 3309">
    <p class='ocr_par' dir='ltr' id='par_1_65' title="bbox 163 3225 1733 3309">
     <span class='ocr_line' id='line_1_65' title="bbox 163 3225 1733 3309; baseline 0.002 -27"><span class='ocrx_word' id='word_1_411' title='bbox 163 3230 219 3293; x_wconf 77' lang='grc' dir='ltr'>μὴ</span> <span class='ocrx_word' id='word_1_412' title='bbox 261 3225 630 3303; x_wconf 67' lang='grc' dir='ltr'><em>ἔπεξέρχεοθθαι</em></span> <span class='ocrx_word' id='word_1_413' title='bbox 677 3239 788 3293; x_wconf 78' lang='grc' dir='ltr'>τοῖς</span> <span class='ocrx_word' id='word_1_414' title='bbox 838 3241 1272 3305; x_wconf 68' lang='grc' dir='ltr'>καταφρονοῦσιν.</span> <span class='ocrx_word' id='word_1_415' title='bbox 1333 3233 1575 3305; x_wconf 71' lang='grc' dir='ltr'>Ἔμελλον</span> <span class='ocrx_word' id='word_1_416' title='bbox 1633 3237 1733 3309; x_wconf 74' lang='grc' dir='ltr'><em>γὰρ</em></span> 
     </span>
    </p>
   </div>
   <div class='ocr_carea' id='block_1_66' title="bbox 161 3317 1737 3394">
    <p class='ocr_par' dir='ltr' id='par_1_66' title="bbox 161 3317 1737 3394">
     <span class='ocr_line' id='line_1_66' title="bbox 161 3317 1737 3394; baseline 0.003 -23"><span class='ocrx_word' id='word_1_417' title='bbox 161 3317 208 3362; x_wconf 74' lang='grc' dir='ltr'>τὸ</span> <span class='ocrx_word' id='word_1_418' title='bbox 259 3321 493 3390; x_wconf 72' lang='grc' dir='ltr'><em>κήρυγμα</em></span> <span class='ocrx_word' id='word_1_419' title='bbox 579 3320 1012 3392; x_wconf 54' lang='grc' dir='ltr'><em>καταγγέλλοντες</em></span> <span class='ocrx_word' id='word_1_420' title='bbox 1089 3323 1187 3373; x_wconf 76' lang='grc' dir='ltr'>ὑπὸ</span> <span class='ocrx_word' id='word_1_421' title='bbox 1249 3323 1444 3374; x_wconf 70' lang='grc' dir='ltr'>πολλῶν</span> <span class='ocrx_word' id='word_1_422' title='bbox 1501 3323 1737 3394; x_wconf 68' lang='grc' dir='ltr'>ἀποπέμ-</span> 
     </span>
    </p>
   </div>
   <div class='ocr_carea' id='block_1_67' title="bbox 164 3405 1736 3484">
    <p class='ocr_par' dir='ltr' id='par_1_67' title="bbox 164 3405 1736 3484">
     <span class='ocr_line' id='line_1_67' title="bbox 164 3405 1736 3484; baseline 0.008 -33"><span class='ocrx_word' id='word_1_423' title='bbox 164 3405 342 3459; x_wconf 76' lang='grc' dir='ltr'><em>πεσθαι.</em></span> <span class='ocrx_word' id='word_1_424' title='bbox 373 3408 494 3479; x_wconf 69' lang='grc' dir='ltr'>Οὐχ</span> <span class='ocrx_word' id='word_1_425' title='bbox 540 3409 746 3469; x_wconf 78' lang='grc' dir='ltr'>ἑαυτοῖς</span> <span class='ocrx_word' id='word_1_426' title='bbox 778 3407 855 3474; x_wconf 75' lang='grc' dir='ltr'>δὲ,</span> <span class='ocrx_word' id='word_1_427' title='bbox 892 3409 1018 3461; x_wconf 71' lang='grc' dir='ltr'>ἀ)λά</span> <span class='ocrx_word' id='word_1_428' title='bbox 1058 3419 1118 3483; x_wconf 74' lang='grc' dir='ltr'>τῇ</span> <span class='ocrx_word' id='word_1_429' title='bbox 1169 3412 1328 3463; x_wconf 71' lang='grc' dir='ltr'>αὐτοῦ</span> <span class='ocrx_word' id='word_1_430' title='bbox 1363 3409 1580 3484; x_wconf 67' lang='grc' dir='ltr'>δυνάμει</span> <span class='ocrx_word' id='word_1_431' title='bbox 1618 3411 1736 3484; x_wconf 75' lang='grc' dir='ltr'>6αρ-</span> 
     </span>
    </p>
   </div>
   <div class='ocr_carea' id='block_1_68' title="bbox 160 3487 1740 3574">
    <p class='ocr_par' dir='ltr' id='par_1_68' title="bbox 160 3499 1740 3574">
     <span class='ocr_line' id='line_1_68' title="bbox 160 3499 1740 3574; baseline 0.008 -33"><span class='ocrx_word' id='word_1_432' title='bbox 160 3499 337 3558; x_wconf 42' lang='lat' dir='ltr'>rseinse;</span> <span class='ocrx_word' id='word_1_433' title='bbox 378 3504 536 3563; x_wconf 82' lang='grc' dir='ltr'>εἶπον,</span> <span class='ocrx_word' id='word_1_434' title='bbox 600 3499 680 3550; x_wconf 76' lang='grc' dir='ltr'>ὅτι</span> <span class='ocrx_word' id='word_1_435' title='bbox 729 3503 966 3572; x_wconf 82' lang='grc' dir='ltr'><em>Εῐπωμεν</em></span> <span class='ocrx_word' id='word_1_436' title='bbox 1017 3508 1118 3574; x_wconf 76' lang='grc' dir='ltr'><em>πῦρ</em></span> <span class='ocrx_word' id='word_1_437' title='bbox 1164 3501 1454 3560; x_wconf 78' lang='grc' dir='ltr'><em>καταϐῆναι</em></span> <span class='ocrx_word' id='word_1_438' title='bbox 1504 3501 1602 3555; x_wconf 78' lang='grc' dir='ltr'>ἀπὸ</span> <span class='ocrx_word' id='word_1_439' title='bbox 1647 3510 1740 3553; x_wconf 79' lang='grc' dir='ltr'>τοῦ</span> 
     </span>
    </p>
   </div>
   <div class='ocr_carea' id='block_1_69' title="bbox 159 3593 366 3652">
    <p class='ocr_par' dir='ltr' id='par_1_69' title="bbox 159 3593 366 3652">
     <span class='ocr_line' id='line_1_69' title="bbox 159 3593 366 3652; baseline 0.039 -24"><span class='ocrx_word' id='word_1_440' title='bbox 159 3593 366 3652; x_wconf 75' lang='grc' dir='ltr'>ονρανοῡ.</span> 
     </span>
    </p>
   </div>
   <div class='ocr_carea' id='block_1_70' title="bbox 217 3672 1738 3754">
    <p class='ocr_par' dir='ltr' id='par_1_70' title="bbox 217 3672 1738 3754">
     <span class='ocr_line' id='line_1_70' title="bbox 217 3672 1738 3754; baseline 0.007 -30"><span class='ocrx_word' id='word_1_441' title='bbox 217 3672 265 3724; x_wconf 79' lang='grc' dir='ltr'>Εἰ</span> <span class='ocrx_word' id='word_1_442' title='bbox 310 3680 390 3727; x_wconf 80' lang='grc' dir='ltr'><em>καὶ</em></span> <span class='ocrx_word' id='word_1_443' title='bbox 440 3679 553 3747; x_wconf 79' lang='lat' dir='ltr'>(6t)</span> <span class='ocrx_word' id='word_1_444' title='bbox 591 3687 822 3750; x_wconf 72' lang='grc' dir='ltr'><em>παρῆκεν</em></span> <span class='ocrx_word' id='word_1_445' title='bbox 860 3681 883 3731; x_wconf 87' lang='lat'>6</span> <span class='ocrx_word' id='word_1_446' title='bbox 939 3685 1318 3754; x_wconf 75' lang='grc' dir='ltr'>Χρυσόστομος</span> <span class='ocrx_word' id='word_1_447' title='bbox 1350 3684 1459 3752; x_wconf 81' lang='lat'>(63)</span> <span class='ocrx_word' id='word_1_448' title='bbox 1498 3682 1738 3744; x_wconf 70' lang='grc' dir='ltr'><em>ἐνταῦθα,</em></span> 
     </span>
    </p>
   </div>
   <div class='ocr_carea' id='block_1_71' title="bbox 159 3763 1738 3843">
    <p class='ocr_par' dir='ltr' id='par_1_71' title="bbox 159 3763 1738 3843">
     <span class='ocr_line' id='line_1_71' title="bbox 159 3763 1738 3843; baseline 0.005 -28"><span class='ocrx_word' id='word_1_449' title='bbox 159 3763 221 3810; x_wconf 75' lang='grc' dir='ltr'>τὸ⁹</span> <span class='ocrx_word' id='word_1_450' title='bbox 270 3765 370 3816; x_wconf 68' lang='grc' dir='ltr'>Οὐκ</span> <span class='ocrx_word' id='word_1_451' title='bbox 436 3765 623 3820; x_wconf 75' lang='grc' dir='ltr'>οἴδατε</span> <span class='ocrx_word' id='word_1_452' title='bbox 679 3772 788 3820; x_wconf 80' lang='grc' dir='ltr'>οἴου</span> <span class='ocrx_word' id='word_1_453' title='bbox 842 3773 1132 3843; x_wconf 75' lang='grc' dir='ltr'>πνεύματός</span> <span class='ocrx_word' id='word_1_454' title='bbox 1192 3769 1322 3823; x_wconf 77' lang='grc' dir='ltr'><em>ἐστε·</em></span> <span class='ocrx_word' id='word_1_455' title='bbox 1384 3771 1487 3823; x_wconf 67' lang='grc' dir='ltr'>ἀλλ’</span> <span class='ocrx_word' id='word_1_456' title='bbox 1542 3768 1627 3823; x_wconf 74' lang='grc' dir='ltr'>οὖν</span> <span class='ocrx_word' id='word_1_457' title='bbox 1691 3775 1738 3824; x_wconf 73' lang='grc' dir='ltr'><strong>ὲν</strong></span> 
     </span>
    </p>
   </div>
   <div class='ocr_carea' id='block_1_72' title="bbox 159 3848 1737 3931">
    <p class='ocr_par' dir='ltr' id='par_1_72' title="bbox 159 3854 1737 3931">
     <span class='ocr_line' id='line_1_72' title="bbox 159 3854 1737 3931; baseline 0.009 -32"><span class='ocrx_word' id='word_1_458' title='bbox 159 3855 316 3920; x_wconf 67' lang='lat' dir='ltr'>stipat;</span> <span class='ocrx_word' id='word_1_459' title='bbox 364 3854 533 3927; x_wconf 67' lang='grc' dir='ltr'>λόγοις</span> <span class='ocrx_word' id='word_1_460' title='bbox 590 3861 904 3910; x_wconf 78' lang='grc' dir='ltr'>Δεσποτικόν</span> <span class='ocrx_word' id='word_1_461' title='bbox 967 3858 1095 3911; x_wconf 83' lang='grc' dir='ltr'><em>εἶναι</em></span> <span class='ocrx_word' id='word_1_462' title='bbox 1141 3859 1276 3931; x_wconf 76' lang='grc' dir='ltr'><em>λέγει</em></span> <span class='ocrx_word' id='word_1_463' title='bbox 1339 3868 1427 3912; x_wconf 81' lang='grc' dir='ltr'><em>καὶ</em></span> <span class='ocrx_word' id='word_1_464' title='bbox 1483 3866 1629 3912; x_wconf 74' lang='grc' dir='ltr'>τουτὶ</span> <span class='ocrx_word' id='word_1_465' title='bbox 1683 3865 1737 3913; x_wconf 75' lang='grc' dir='ltr'>τό</span> 
     </span>
    </p>
   </div>
   <div class='ocr_carea' id='block_1_73' title="bbox 157 3938 1736 4022">
    <p class='ocr_par' dir='ltr' id='par_1_73' title="bbox 157 3949 1736 4022">
     <span class='ocr_line' id='line_1_73' title="bbox 157 3949 1736 4022; baseline 0.004 -27"><span class='ocrx_word' id='word_1_466' title='bbox 157 3956 309 4008; x_wconf 51' lang='grc' dir='ltr'>,πτολ</span> <span class='ocrx_word' id='word_1_467' title='bbox 377 3949 577 3997; x_wconf 83' lang='grc' dir='ltr'>Λοιπὸν</span> <span class='ocrx_word' id='word_1_468' title='bbox 620 3953 790 3998; x_wconf 82' lang='grc' dir='ltr'>τοίνυν</span> <span class='ocrx_word' id='word_1_469' title='bbox 860 3955 1058 4019; x_wconf 72' lang='grc' dir='ltr'><em>πνεῦμα</em></span> <span class='ocrx_word' id='word_1_470' title='bbox 1125 3953 1225 4000; x_wconf 86' lang='grc' dir='ltr'>νόει</span> <span class='ocrx_word' id='word_1_471' title='bbox 1305 3969 1394 4020; x_wconf 83' lang='grc' dir='ltr'>μοι</span> <span class='ocrx_word' id='word_1_472' title='bbox 1459 3953 1516 4000; x_wconf 81' lang='grc' dir='ltr'>τὸ</span> <span class='ocrx_word' id='word_1_473' title='bbox 1588 3952 1736 4022; x_wconf 80' lang='grc' dir='ltr'>ἅγιον</span> 
     </span>
    </p>
   </div>
   <div class='ocr_carea' id='block_1_74' title="bbox 160 4031 1731 4108">
    <p class='ocr_par' dir='ltr' id='par_1_74' title="bbox 160 4031 1731 4108">
     <span class='ocr_line' id='line_1_74' title="bbox 160 4031 1731 4108; baseline 0.011 -34"><span class='ocrx_word' id='word_1_474' title='bbox 160 4031 355 4101; x_wconf 78' lang='grc' dir='ltr'><em>Πνεῦμα.</em></span> <span class='ocrx_word' id='word_1_475' title='bbox 413 4040 583 4086; x_wconf 73' lang='grc' dir='ltr'>Τοῦτο</span> <span class='ocrx_word' id='word_1_476' title='bbox 654 4037 752 4108; x_wconf 73' lang='grc' dir='ltr'><em>γὰρ</em></span> <span class='ocrx_word' id='word_1_477' title='bbox 809 4034 1003 4107; x_wconf 80' lang='grc' dir='ltr'><em>ἀγαθόν</em></span> <span class='ocrx_word' id='word_1_478' title='bbox 1086 4032 1195 4088; x_wconf 56' lang='grc' dir='ltr'>ἐξέτι</span> <span class='ocrx_word' id='word_1_479' title='bbox 1253 4043 1343 4090; x_wconf 85' lang='grc' dir='ltr'><em>καὶ</em></span> <span class='ocrx_word' id='word_1_480' title='bbox 1411 4037 1731 4103; x_wconf 75' lang='grc' dir='ltr'>ἀνεξίκακον,</span> 
     </span>
    </p>
   </div>
   <div class='ocr_carea' id='block_1_75' title="bbox 159 4116 1628 4200">
    <p class='ocr_par' dir='ltr' id='par_1_75' title="bbox 159 4116 1628 4200">
     <span class='ocr_line' id='line_1_75' title="bbox 159 4116 1628 4200; baseline 0.007 -29"><span class='ocrx_word' id='word_1_481' title='bbox 159 4116 305 4191; x_wconf 73' lang='grc' dir='ltr'><em>ὥσπερ</em></span> <span class='ocrx_word' id='word_1_482' title='bbox 335 4127 421 4173; x_wconf 78' lang='grc' dir='ltr'><em>καὶ</em></span> <span class='ocrx_word' id='word_1_483' title='bbox 458 4126 526 4175; x_wconf 75' lang='grc' dir='ltr'><strong><em>τὰ</em></strong></span> <span class='ocrx_word' id='word_1_484' title='bbox 556 4124 716 4176; x_wconf 72' lang='grc' dir='ltr'>λοιπά</span> <span class='ocrx_word' id='word_1_485' title='bbox 753 4130 1012 4200; x_wconf 83' lang='grc' dir='ltr'><em>πρόσωπα</em></span> <span class='ocrx_word' id='word_1_486' title='bbox 1046 4135 1142 4187; x_wconf 83' lang='grc' dir='ltr'>τῆς</span> <span class='ocrx_word' id='word_1_487' title='bbox 1178 4133 1302 4198; x_wconf 83' lang='grc' dir='ltr'>μιᾶς</span> <span class='ocrx_word' id='word_1_488' title='bbox 1325 4127 1628 4199; x_wconf 61' lang='grc' dir='ltr'>Θεοτητος]</span> 
     </span>
    </p>
   </div>
   <div class='ocr_carea' id='block_1_76' title="bbox 215 4211 1657 4287">
    <p class='ocr_par' dir='ltr' id='par_1_76' title="bbox 215 4211 1657 4287">
     <span class='ocr_line' id='line_1_76' title="bbox 215 4211 1657 4287; baseline 0.007 -28"><span class='ocrx_word' id='word_1_489' title='bbox 215 4212 345 4263; x_wconf 75' lang='grc' dir='ltr'>ΚΕΦ.</span> <span class='ocrx_word' id='word_1_490' title='bbox 372 4211 494 4266; x_wconf 76' lang='lat' dir='ltr'>AI&quot;.</span> <span class='ocrx_word' id='word_1_491' title='bbox 535 4218 662 4284; x_wconf 85' lang='grc' dir='ltr'>Περὶ</span> <span class='ocrx_word' id='word_1_492' title='bbox 693 4221 784 4265; x_wconf 78' lang='grc' dir='ltr'>τοῦ</span> <span class='ocrx_word' id='word_1_493' title='bbox 812 4219 883 4286; x_wconf 81' lang='grc' dir='ltr'>μὴ</span> <span class='ocrx_word' id='word_1_494' title='bbox 916 4213 1310 4287; x_wconf 81' lang='grc' dir='ltr'>ἐπιτρεπομένου</span> <span class='ocrx_word' id='word_1_495' title='bbox 1341 4215 1657 4270; x_wconf 70' lang='grc' dir='ltr'>ἀκολουθεῖν.</span> 
     </span>
    </p>
   </div>
   <div class='ocr_carea' id='block_1_77' title="bbox 1846 3139 3502 3212">
    <p class='ocr_par' dir='ltr' id='par_1_77' title="bbox 1846 3139 3502 3212">
     <span class='ocr_line' id='line_1_77' title="bbox 1846 3139 3502 3212; baseline -0.001 -15"><span class='ocrx_word' id='word_1_496' title='bbox 1846 3141 2371 3207; x_wconf 88' lang='lat' dir='ltr'>hisirascentibus,</span> <span class='ocrx_word' id='word_1_497' title='bbox 2402 3142 2745 3212; x_wconf 86' lang='lat' dir='ltr'>objurgaret</span> <span class='ocrx_word' id='word_1_498' title='bbox 2771 3156 2841 3195; x_wconf 87' lang='lat' dir='ltr'>ac</span> <span class='ocrx_word' id='word_1_499' title='bbox 2871 3139 3110 3194; x_wconf 87' lang='lat' dir='ltr'>doceret</span> <span class='ocrx_word' id='word_1_500' title='bbox 3135 3155 3236 3194; x_wconf 88' lang='lat' dir='ltr'>eos</span> <span class='ocrx_word' id='word_1_501' title='bbox 3267 3155 3390 3196; x_wconf 90' lang='lat' dir='ltr'>non</span> <span class='ocrx_word' id='word_1_502' title='bbox 3416 3139 3502 3196; x_wconf 90' lang='lat' dir='ltr'>in-</span> 
     </span>
    </p>
   </div>
   <div class='ocr_carea' id='block_1_78' title="bbox 1851 3229 3502 3302">
    <p class='ocr_par' dir='ltr' id='par_1_78' title="bbox 1851 3229 3502 3302">
     <span class='ocr_line' id='line_1_78' title="bbox 1851 3229 3502 3302; baseline -0.001 -16"><span class='ocrx_word' id='word_1_503' title='bbox 1851 3246 2094 3301; x_wconf 88' lang='lat' dir='ltr'>surgere</span> <span class='ocrx_word' id='word_1_504' title='bbox 2124 3231 2181 3285; x_wconf 92' lang='lat' dir='ltr'>in</span> <span class='ocrx_word' id='word_1_505' title='bbox 2215 3231 2341 3285; x_wconf 90' lang='lat' dir='ltr'>illos</span> <span class='ocrx_word' id='word_1_506' title='bbox 2382 3231 2486 3302; x_wconf 87' lang='lat' dir='ltr'>qui</span> <span class='ocrx_word' id='word_1_507' title='bbox 2524 3236 2988 3286; x_wconf 86' lang='lat' dir='ltr'>contemnerent.</span> <span class='ocrx_word' id='word_1_508' title='bbox 3023 3231 3311 3284; x_wconf 89' lang='lat' dir='ltr'>Futurum</span> <span class='ocrx_word' id='word_1_509' title='bbox 3339 3229 3502 3286; x_wconf 90' lang='lat' dir='ltr'>enim</span> 
     </span>
    </p>
   </div>
   <div class='ocr_carea' id='block_1_79' title="bbox 1850 3318 3502 3390">
    <p class='ocr_par' dir='ltr' id='par_1_79' title="bbox 1850 3318 3502 3390">
     <span class='ocr_line' id='line_1_79' title="bbox 1850 3318 3502 3390; baseline -0.002 -14"><span class='ocrx_word' id='word_1_510' title='bbox 1850 3326 1992 3386; x_wconf 83' lang='lat' dir='ltr'>erat,</span> <span class='ocrx_word' id='word_1_511' title='bbox 2031 3326 2093 3376; x_wconf 88' lang='lat' dir='ltr'>ut</span> <span class='ocrx_word' id='word_1_512' title='bbox 2137 3336 2265 3375; x_wconf 88' lang='lat' dir='ltr'>cum</span> <span class='ocrx_word' id='word_1_513' title='bbox 2311 3320 2691 3390; x_wconf 85' lang='lat' dir='ltr'>Evangelium</span> <span class='ocrx_word' id='word_1_514' title='bbox 2750 3319 3190 3382; x_wconf 88' lang='lat' dir='ltr'>annuntiarent,</span> <span class='ocrx_word' id='word_1_515' title='bbox 3239 3334 3274 3372; x_wconf 91' lang='lat' dir='ltr'>a</span> <span class='ocrx_word' id='word_1_516' title='bbox 3303 3318 3502 3374; x_wconf 80' lang='lat' dir='ltr'>multis</span> 
     </span>
    </p>
   </div>
   <div class='ocr_carea' id='block_1_80' title="bbox 1850 3406 3500 3483">
    <p class='ocr_par' dir='ltr' id='par_1_80' title="bbox 1850 3406 3500 3483">
     <span class='ocr_line' id='line_1_80' title="bbox 1850 3406 3500 3483; baseline -0.002 -19"><span class='ocrx_word' id='word_1_517' title='bbox 1850 3410 2324 3483; x_wconf 84' lang='lat' dir='ltr'>repudiarentur.</span> <span class='ocrx_word' id='word_1_518' title='bbox 2373 3412 2500 3465; x_wconf 88' lang='lat' dir='ltr'>Non</span> <span class='ocrx_word' id='word_1_519' title='bbox 2528 3409 2637 3464; x_wconf 91' lang='lat' dir='ltr'>sibi</span> <span class='ocrx_word' id='word_1_520' title='bbox 2669 3408 2818 3480; x_wconf 89' lang='lat' dir='ltr'>ipsis</span> <span class='ocrx_word' id='word_1_521' title='bbox 2848 3412 3068 3472; x_wconf 88' lang='lat' dir='ltr'>autem,</span> <span class='ocrx_word' id='word_1_522' title='bbox 3103 3407 3206 3462; x_wconf 89' lang='lat' dir='ltr'>sed</span> <span class='ocrx_word' id='word_1_523' title='bbox 3239 3406 3313 3461; x_wconf 90' lang='lat' dir='ltr'>de</span> <span class='ocrx_word' id='word_1_524' title='bbox 3343 3406 3500 3462; x_wconf 89' lang='lat' dir='ltr'>illius</span> 
     </span>
    </p>
   </div>
   <div class='ocr_carea' id='block_1_81' title="bbox 1851 3499 3504 3572">
    <p class='ocr_par' dir='ltr' id='par_1_81' title="bbox 1851 3499 3504 3572">
     <span class='ocr_line' id='line_1_81' title="bbox 1851 3499 3504 3572; baseline -0.002 -17"><span class='ocrx_word' id='word_1_525' title='bbox 1851 3501 2117 3572; x_wconf 88' lang='lat' dir='ltr'>potentia</span> <span class='ocrx_word' id='word_1_526' title='bbox 2165 3499 2533 3555; x_wconf 79' lang='lat' dir='ltr'>conﬁdentes</span> <span class='ocrx_word' id='word_1_527' title='bbox 2591 3499 2906 3558; x_wconf 85' lang='lat' dir='ltr'>dixerunt:</span> <span class='ocrx_word' id='word_1_528' title='bbox 2953 3499 3047 3554; x_wconf 90' lang='lat' dir='ltr'>Vis</span> <span class='ocrx_word' id='word_1_529' title='bbox 3098 3499 3381 3562; x_wconf 75' lang='lat' dir='ltr'>dicamus,</span> <span class='ocrx_word' id='word_1_530' title='bbox 3434 3503 3504 3551; x_wconf 88' lang='lat' dir='ltr'>ut</span> 
     </span>
    </p>
   </div>
   <div class='ocr_carea' id='block_1_82' title="bbox 1849 3590 2650 3662">
    <p class='ocr_par' dir='ltr' id='par_1_82' title="bbox 1849 3590 2650 3662">
     <span class='ocr_line' id='line_1_82' title="bbox 1849 3590 2650 3662; baseline -0.001 -17"><span class='ocrx_word' id='word_1_531' title='bbox 1849 3591 1999 3662; x_wconf 77' lang='lat' dir='ltr'>ignis</span> <span class='ocrx_word' id='word_1_532' title='bbox 2028 3605 2092 3647; x_wconf 90' lang='lat' dir='ltr'>ce</span> <span class='ocrx_word' id='word_1_533' title='bbox 2122 3591 2268 3647; x_wconf 75' lang='lat' dir='ltr'>cwlo</span> <span class='ocrx_word' id='word_1_534' title='bbox 2292 3590 2650 3646; x_wconf 84' lang='lat' dir='ltr'>descendat?</span> 
     </span>
    </p>
   </div>
   <div class='ocr_carea' id='block_1_83' title="bbox 1921 3677 3503 3752">
    <p class='ocr_par' dir='ltr' id='par_1_83' title="bbox 1921 3677 3503 3752">
     <span class='ocr_line' id='line_1_83' title="bbox 1921 3677 3503 3752; baseline -0.004 -16"><span class='ocrx_word' id='word_1_535' title='bbox 1921 3682 2008 3751; x_wconf 57' lang='grc' dir='ltr'>Ἠ*</span> <span class='ocrx_word' id='word_1_536' title='bbox 2041 3679 2275 3735; x_wconf 85' lang='lat' dir='ltr'>Etiamsi</span> <span class='ocrx_word' id='word_1_537' title='bbox 2299 3679 2734 3752; x_wconf 57' lang='lat' dir='ltr'>praetermiserit</span> <span class='ocrx_word' id='word_1_538' title='bbox 2752 3679 2864 3735; x_wconf 92' lang='lat' dir='ltr'>hoc</span> <span class='ocrx_word' id='word_1_539' title='bbox 2878 3677 3010 3734; x_wconf 93' lang='lat' dir='ltr'>loco</span> <span class='ocrx_word' id='word_1_540' title='bbox 3043 3677 3503 3748; x_wconf 80' lang='lat' dir='ltr'>Chrysostomus</span> 
     </span>
    </p>
   </div>
   <div class='ocr_carea' id='block_1_84' title="bbox 1850 3765 3504 3840">
    <p class='ocr_par' dir='ltr' id='par_1_84' title="bbox 1850 3765 3504 3840">
     <span class='ocr_line' id='line_1_84' title="bbox 1850 3765 3504 3840; baseline -0.002 -17"><span class='ocrx_word' id='word_1_541' title='bbox 1850 3770 1960 3824; x_wconf 82' lang='lat' dir='ltr'>ista</span> <span class='ocrx_word' id='word_1_542' title='bbox 1985 3785 1995 3824; x_wconf 94' lang='lat'>:</span> <span class='ocrx_word' id='word_1_543' title='bbox 2024 3769 2269 3826; x_wconf 79' lang='lat' dir='ltr'>Nescitis</span> <span class='ocrx_word' id='word_1_544' title='bbox 2295 3771 2465 3838; x_wconf 79' lang='lat' dir='ltr'>cujus</span> <span class='ocrx_word' id='word_1_545' title='bbox 2487 3769 2724 3840; x_wconf 78' lang='lat' dir='ltr'>spiritus</span> <span class='ocrx_word' id='word_1_546' title='bbox 2759 3770 2914 3830; x_wconf 84' lang='lat' dir='ltr'>estis,</span> <span class='ocrx_word' id='word_1_547' title='bbox 2945 3767 3050 3823; x_wconf 90' lang='lat' dir='ltr'>sed</span> <span class='ocrx_word' id='word_1_548' title='bbox 3069 3768 3124 3821; x_wconf 89' lang='lat' dir='ltr'>in</span> <span class='ocrx_word' id='word_1_549' title='bbox 3154 3765 3284 3821; x_wconf 87' lang='lat' dir='ltr'>aliis</span> <span class='ocrx_word' id='word_1_550' title='bbox 3313 3765 3504 3821; x_wconf 90' lang='lat' dir='ltr'>homi-</span> 
     </span>
    </p>
   </div>
   <div class='ocr_carea' id='block_1_85' title="bbox 1848 3855 3502 3930">
    <p class='ocr_par' dir='ltr' id='par_1_85' title="bbox 1848 3855 3502 3930">
     <span class='ocr_line' id='line_1_85' title="bbox 1848 3855 3502 3930; baseline -0.002 -18"><span class='ocrx_word' id='word_1_551' title='bbox 1848 3859 1938 3914; x_wconf 90' lang='lat' dir='ltr'>liis</span> <span class='ocrx_word' id='word_1_552' title='bbox 1966 3859 2081 3914; x_wconf 88' lang='lat' dir='ltr'>hac</span> <span class='ocrx_word' id='word_1_553' title='bbox 2110 3859 2341 3914; x_wconf 90' lang='lat' dir='ltr'>Domini</span> <span class='ocrx_word' id='word_1_554' title='bbox 2369 3875 2723 3930; x_wconf 88' lang='lat' dir='ltr'>responsum</span> <span class='ocrx_word' id='word_1_555' title='bbox 2745 3874 2872 3913; x_wconf 91' lang='lat' dir='ltr'>esse</span> <span class='ocrx_word' id='word_1_556' title='bbox 2896 3857 2994 3913; x_wconf 88' lang='lat' dir='ltr'>ait.</span> <span class='ocrx_word' id='word_1_557' title='bbox 3017 3856 3201 3928; x_wconf 84' lang='lat' dir='ltr'>Igitur</span> <span class='ocrx_word' id='word_1_558' title='bbox 3220 3855 3502 3928; x_wconf 88' lang='lat' dir='ltr'>Spiritum</span> 
     </span>
    </p>
   </div>
   <div class='ocr_carea' id='block_1_86' title="bbox 1846 3944 3503 4020">
    <p class='ocr_par' dir='ltr' id='par_1_86' title="bbox 1846 3944 3503 4020">
     <span class='ocr_line' id='line_1_86' title="bbox 1846 3944 3503 4020; baseline -0.002 -17"><span class='ocrx_word' id='word_1_559' title='bbox 1846 3948 2088 4020; x_wconf 88' lang='lat' dir='ltr'>quidem</span> <span class='ocrx_word' id='word_1_560' title='bbox 2111 3947 2367 4020; x_wconf 85' lang='lat' dir='ltr'>intellige</span> <span class='ocrx_word' id='word_1_561' title='bbox 2401 3947 2683 4019; x_wconf 87' lang='lat' dir='ltr'>Spiritum</span> <span class='ocrx_word' id='word_1_562' title='bbox 2715 3952 3011 4002; x_wconf 89' lang='lat' dir='ltr'>sanctum.</span> <span class='ocrx_word' id='word_1_563' title='bbox 3034 3946 3087 4000; x_wconf 90' lang='lat' dir='ltr'>Is</span> <span class='ocrx_word' id='word_1_564' title='bbox 3113 3945 3273 4000; x_wconf 89' lang='lat' dir='ltr'>enim</span> <span class='ocrx_word' id='word_1_565' title='bbox 3304 3944 3503 4000; x_wconf 87' lang='lat' dir='ltr'>bonus</span> 
     </span>
    </p>
   </div>
   <div class='ocr_carea' id='block_1_87' title="bbox 1845 4033 3500 4108">
    <p class='ocr_par' dir='ltr' id='par_1_87' title="bbox 1845 4033 3500 4108">
     <span class='ocr_line' id='line_1_87' title="bbox 1845 4033 3500 4108; baseline -0.002 -15"><span class='ocrx_word' id='word_1_566' title='bbox 1845 4041 2010 4093; x_wconf 90' lang='lat' dir='ltr'>estet</span> <span class='ocrx_word' id='word_1_567' title='bbox 2049 4036 2383 4106; x_wconf 86' lang='lat' dir='ltr'>indulgens,</span> <span class='ocrx_word' id='word_1_568' title='bbox 2415 4041 2477 4090; x_wconf 90' lang='lat' dir='ltr'>ut</span> <span class='ocrx_word' id='word_1_569' title='bbox 2505 4036 2744 4108; x_wconf 62' lang='lat' dir='ltr'>reliquae</span> <span class='ocrx_word' id='word_1_570' title='bbox 2779 4049 3051 4107; x_wconf 63' lang='lat' dir='ltr'>persona</span> <span class='ocrx_word' id='word_1_571' title='bbox 3075 4033 3254 4088; x_wconf 89' lang='lat' dir='ltr'>unius</span> <span class='ocrx_word' id='word_1_572' title='bbox 3276 4039 3500 4089; x_wconf 61' lang='lat' dir='ltr'>natura</span> 
     </span>
    </p>
   </div>
   <div class='ocr_carea' id='block_1_88' title="bbox 1841 4125 2079 4182">
    <p class='ocr_par' dir='ltr' id='par_1_88' title="bbox 1841 4125 2079 4182">
     <span class='ocr_line' id='line_1_88' title="bbox 1841 4125 2079 4182; baseline 0.008 -2"><span class='ocrx_word' id='word_1_573' title='bbox 1841 4125 2079 4182; x_wconf 65' lang='lat' dir='ltr'>divinae.</span> 
     </span>
    </p>
   </div>
   <div class='ocr_carea' id='block_1_89' title="bbox 1913 4212 3430 4283">
    <p class='ocr_par' dir='ltr' id='par_1_89' title="bbox 1913 4212 3430 4283">
     <span class='ocr_line' id='line_1_89' title="bbox 1913 4212 3430 4283; baseline -0.003 -13"><span class='ocrx_word' id='word_1_574' title='bbox 1913 4214 2068 4270; x_wconf 79' lang='lat' dir='ltr'>CAP.</span> <span class='ocrx_word' id='word_1_575' title='bbox 2102 4215 2326 4278; x_wconf 88' lang='lat' dir='ltr'>XXXIII,</span> <span class='ocrx_word' id='word_1_576' title='bbox 2363 4217 2448 4271; x_wconf 91' lang='lat' dir='ltr'>De</span> <span class='ocrx_word' id='word_1_577' title='bbox 2477 4230 2539 4271; x_wconf 92' lang='lat' dir='ltr'>eo</span> <span class='ocrx_word' id='word_1_578' title='bbox 2566 4216 2801 4272; x_wconf 79' lang='lat' dir='ltr'>cuinon</span> <span class='ocrx_word' id='word_1_579' title='bbox 2837 4212 3103 4283; x_wconf 81' lang='lat' dir='ltr'>permisit</span> <span class='ocrx_word' id='word_1_580' title='bbox 3132 4219 3202 4266; x_wconf 84' lang='lat' dir='ltr'>ut</span> <span class='ocrx_word' id='word_1_581' title='bbox 3241 4226 3430 4281; x_wconf 86' lang='lat' dir='ltr'>seque-</span> 
     </span>
    </p>
   </div>
   <div class='ocr_carea' id='block_1_90' title="bbox 2579 4310 2767 4359">
    <p class='ocr_par' dir='ltr' id='par_1_90' title="bbox 2579 4310 2767 4359">
     <span class='ocr_line' id='line_1_90' title="bbox 2579 4310 2767 4359; baseline -0.005 -2"><span class='ocrx_word' id='word_1_582' title='bbox 2579 4310 2767 4359; x_wconf 86' lang='lat' dir='ltr'>retur.</span> 
     </span>
    </p>
   </div>
   <div class='ocr_carea' id='block_1_91' title="bbox 216 4387 1734 4469">
    <p class='ocr_par' dir='ltr' id='par_1_91' title="bbox 216 4387 1733 4469">
     <span class='ocr_line' id='line_1_91' title="bbox 216 4387 1733 4469; baseline 0.007 -32"><span class='ocrx_word' id='word_1_583' title='bbox 216 4390 304 4438; x_wconf 80' lang='grc' dir='ltr'>Καὶ</span> <span class='ocrx_word' id='word_1_584' title='bbox 357 4387 718 4462; x_wconf 80' lang='grc' dir='ltr'>ἐπορεύθησαν</span> <span class='ocrx_word' id='word_1_585' title='bbox 768 4422 832 4433; x_wconf 91' lang='grc'><strong><em>-</em></strong></span> <span class='ocrx_word' id='word_1_586' title='bbox 891 4391 1059 4466; x_wconf 70' lang='grc' dir='ltr'>κλίνῃ.</span> <span class='ocrx_word' id='word_1_587' title='bbox 1105 4395 1332 4468; x_wconf 70' lang='grc' dir='ltr'><em>Ἔγραψε</em></span> <span class='ocrx_word' id='word_1_588' title='bbox 1383 4400 1500 4469; x_wconf 85' lang='grc' dir='ltr'><em>περὶ</em></span> <span class='ocrx_word' id='word_1_589' title='bbox 1553 4399 1733 4448; x_wconf 72' lang='grc' dir='ltr'>τουτον</span> 
     </span>
    </p>
   </div>
   <div class='ocr_carea' id='block_1_92' title="bbox 1865 4387 3497 4469">
    <p class='ocr_par' dir='ltr' id='par_1_92' title="bbox 1916 4389 3497 4450">
     <span class='ocr_line' id='line_1_92' title="bbox 1916 4389 3497 4450; baseline -0.002 -3"><span class='ocrx_word' id='word_1_590' title='bbox 1916 4394 2080 4449; x_wconf 84' lang='lat' dir='ltr'>Vers.</span> <span class='ocrx_word' id='word_1_591' title='bbox 2110 4395 2199 4450; x_wconf 81' lang='lat'>56.</span> <span class='ocrx_word' id='word_1_592' title='bbox 2240 4394 2318 4449; x_wconf 89' lang='lat' dir='ltr'>Et</span> <span class='ocrx_word' id='word_1_593' title='bbox 2363 4393 2635 4450; x_wconf 83' lang='lat' dir='ltr'>abierunt</span> <span class='ocrx_word' id='word_1_594' title='bbox 2663 4423 2732 4434; x_wconf 96' lang='lat'>—</span> <span class='ocrx_word' id='word_1_595' title='bbox 2761 4393 2919 4447; x_wconf 89' lang='lat' dir='ltr'>Vers.</span> <span class='ocrx_word' id='word_1_596' title='bbox 2957 4390 3044 4447; x_wconf 85' lang='lat'>58.</span> <span class='ocrx_word' id='word_1_597' title='bbox 3101 4389 3367 4449; x_wconf 83' lang='lat' dir='ltr'>reclinet.</span> <span class='ocrx_word' id='word_1_598' title='bbox 3425 4391 3497 4444; x_wconf 91' lang='lat' dir='ltr'>De</span> 
     </span>
    </p>
   </div>
   <div class='ocr_carea' id='block_1_93' title="bbox 156 4477 1730 4559">
    <p class='ocr_par' dir='ltr' id='par_1_93' title="bbox 156 4477 1730 4559">
     <span class='ocr_line' id='line_1_93' title="bbox 156 4477 1730 4559; baseline 0.01 -36"><span class='ocrx_word' id='word_1_599' title='bbox 156 4477 228 4524; x_wconf 73' lang='grc' dir='ltr'><em>καὶ</em></span> <span class='ocrx_word' id='word_1_600' title='bbox 276 4477 300 4526; x_wconf 89' lang='grc' dir='ltr'>ό</span> <span class='ocrx_word' id='word_1_601' title='bbox 343 4481 617 4541; x_wconf 83' lang='grc' dir='ltr'>Ματθαίος</span> <span class='ocrx_word' id='word_1_602' title='bbox 665 4479 712 4532; x_wconf 83' lang='grc' dir='ltr'><em>ἐν</em></span> <span class='ocrx_word' id='word_1_603' title='bbox 763 4490 835 4552; x_wconf 78' lang='grc' dir='ltr'><strong><em>τῷ</em></strong></span> <span class='ocrx_word' id='word_1_604' title='bbox 890 4479 1094 4555; x_wconf 78' lang='grc' dir='ltr'><em>δεκάτῳ</em></span> <span class='ocrx_word' id='word_1_605' title='bbox 1125 4484 1400 4558; x_wconf 67' lang='grc' dir='ltr'><em>κεφαλαίῳ,</em></span> <span class='ocrx_word' id='word_1_606' title='bbox 1434 4491 1522 4538; x_wconf 79' lang='grc' dir='ltr'><em>καὶ</em></span> <span class='ocrx_word' id='word_1_607' title='bbox 1562 4488 1730 4559; x_wconf 78' lang='grc' dir='ltr'>ἡρμη-</span> 
     </span>
    </p>
   </div>
   <div class='ocr_carea' id='block_1_94' title="bbox 153 4564 680 4640">
    <p class='ocr_par' dir='ltr' id='par_1_94' title="bbox 153 4564 680 4640">
     <span class='ocr_line' id='line_1_94' title="bbox 153 4564 680 4640; baseline 0.028 -31"><span class='ocrx_word' id='word_1_608' title='bbox 153 4564 380 4621; x_wconf 67' lang='grc' dir='ltr'>νεύθησαν</span> <span class='ocrx_word' id='word_1_609' title='bbox 412 4567 517 4620; x_wconf 88' lang='grc' dir='ltr'><em>ἐκεῖ</em></span> <span class='ocrx_word' id='word_1_610' title='bbox 541 4569 680 4640; x_wconf 86' lang='grc'>(63).</span> 
     </span>
    </p>
   </div>
   <div class='ocr_carea' id='block_1_95' title="bbox 217 4651 1736 4736">
    <p class='ocr_par' dir='ltr' id='par_1_95' title="bbox 217 4651 1736 4736">
     <span class='ocr_line' id='line_1_95' title="bbox 217 4651 1736 4736; baseline 0.009 -33"><span class='ocrx_word' id='word_1_611' title='bbox 217 4651 327 4707; x_wconf 62' lang='lat' dir='ltr'>Eia:</span> <span class='ocrx_word' id='word_1_612' title='bbox 373 4687 441 4697; x_wconf 91' lang='lat'>-—</span> <span class='ocrx_word' id='word_1_613' title='bbox 495 4659 654 4712; x_wconf 73' lang='grc' dir='ltr'>Θεοῦ.</span> <span class='ocrx_word' id='word_1_614' title='bbox 691 4659 829 4711; x_wconf 82' lang='grc' dir='ltr'>Ἐκεῖ</span> <span class='ocrx_word' id='word_1_615' title='bbox 855 4665 944 4712; x_wconf 81' lang='grc' dir='ltr'><em>καὶ</em></span> <span class='ocrx_word' id='word_1_616' title='bbox 978 4665 1097 4732; x_wconf 83' lang='grc' dir='ltr'><em>περὶ</em></span> <span class='ocrx_word' id='word_1_617' title='bbox 1145 4665 1328 4715; x_wconf 82' lang='grc' dir='ltr'>τούτου</span> <span class='ocrx_word' id='word_1_618' title='bbox 1379 4673 1556 4736; x_wconf 77' lang='grc' dir='ltr'>σαφῶς</span> <span class='ocrx_word' id='word_1_619' title='bbox 1611 4662 1736 4717; x_wconf 73' lang='grc' dir='ltr'>διεί-</span> 
     </span>
    </p>
   </div>
   <div class='ocr_carea' id='block_1_96' title="bbox 157 4736 1736 4820">
    <p class='ocr_par' dir='ltr' id='par_1_96' title="bbox 159 4745 1736 4820">
     <span class='ocr_line' id='line_1_96' title="bbox 159 4745 1736 4820; baseline 0.005 -24"><span class='ocrx_word' id='word_1_620' title='bbox 159 4755 344 4796; x_wconf 71' lang='grc' dir='ltr'>ληπταιο</span> <span class='ocrx_word' id='word_1_621' title='bbox 405 4745 621 4800; x_wconf 58' lang='grc' dir='ltr'><em>ἐκαῆισε</em></span> <span class='ocrx_word' id='word_1_622' title='bbox 677 4745 734 4800; x_wconf 66' lang='grc' dir='ltr'>δι</span> <span class='ocrx_word' id='word_1_623' title='bbox 789 4757 967 4801; x_wconf 77' lang='grc' dir='ltr'>τοῦτον</span> <span class='ocrx_word' id='word_1_624' title='bbox 1016 4752 1042 4802; x_wconf 88' lang='lat'>6</span> <span class='ocrx_word' id='word_1_625' title='bbox 1086 4756 1338 4820; x_wconf 77' lang='grc' dir='ltr'>Χριστὸς,</span> <span class='ocrx_word' id='word_1_626' title='bbox 1387 4751 1535 4814; x_wconf 84' lang='grc' dir='ltr'><em>εἰδὼς</em></span> <span class='ocrx_word' id='word_1_627' title='bbox 1582 4757 1736 4806; x_wconf 77' lang='grc' dir='ltr'>αὐτόν</span> 
     </span>
    </p>
   </div>
   <div class='ocr_carea' id='block_1_97' title="bbox 154 4848 292 4891">
    <p class='ocr_par' dir='ltr' id='par_1_97' title="bbox 154 4848 292 4891">
     <span class='ocr_line' id='line_1_97' title="bbox 154 4848 292 4891; baseline 0.029 -11"><span class='ocrx_word' id='word_1_628' title='bbox 154 4848 292 4891; x_wconf 72' lang='grc' dir='ltr'>αςιον.</span> 
     </span>
    </p>
   </div>
   <div class='ocr_carea' id='block_1_98' title="bbox 210 5011 694 5080">
    <p class='ocr_par' dir='ltr' id='par_1_98' title="bbox 210 5011 694 5080">
     <span class='ocr_line' id='line_1_98' title="bbox 210 5011 694 5080; baseline 0.012 -16"><span class='ocrx_word' id='word_1_629' title='bbox 210 5011 252 5045; x_wconf 70' lang='grc'><strong>⁵9</strong></span> <span class='ocrx_word' id='word_1_630' title='bbox 274 5011 425 5070; x_wconf 87' lang='lat' dir='ltr'>Psal.</span> <span class='ocrx_word' id='word_1_631' title='bbox 445 5031 609 5080; x_wconf 80' lang='lat' dir='ltr'>xm,</span> <span class='ocrx_word' id='word_1_632' title='bbox 640 5016 694 5070; x_wconf 91' lang='lat'>8.</span> 
     </span>
    </p>
   </div>
   <div class='ocr_carea' id='block_1_99' title="bbox 1847 4477 3500 4555">
    <p class='ocr_par' dir='ltr' id='par_1_99' title="bbox 1847 4477 3500 4555">
     <span class='ocr_line' id='line_1_99' title="bbox 1847 4477 3500 4555; baseline -0.004 -15"><span class='ocrx_word' id='word_1_633' title='bbox 1847 4485 1961 4540; x_wconf 90' lang='lat' dir='ltr'>hoc</span> <span class='ocrx_word' id='word_1_634' title='bbox 1989 4490 2045 4538; x_wconf 91' lang='lat' dir='ltr'>et</span> <span class='ocrx_word' id='word_1_635' title='bbox 2069 4483 2370 4539; x_wconf 70' lang='lat' dir='ltr'>Matthaeus</span> <span class='ocrx_word' id='word_1_636' title='bbox 2402 4483 2637 4555; x_wconf 89' lang='lat' dir='ltr'>scripsit</span> <span class='ocrx_word' id='word_1_637' title='bbox 2677 4481 3035 4537; x_wconf 89' lang='lat' dir='ltr'>duodecimo</span> <span class='ocrx_word' id='word_1_638' title='bbox 3089 4481 3299 4552; x_wconf 85' lang='lat' dir='ltr'>capite,</span> <span class='ocrx_word' id='word_1_639' title='bbox 3332 4483 3388 4534; x_wconf 91' lang='lat' dir='ltr'>et</span> <span class='ocrx_word' id='word_1_640' title='bbox 3417 4477 3500 4534; x_wconf 91' lang='lat' dir='ltr'>ibi</span> 
     </span>
    </p>
   </div>
   <div class='ocr_carea' id='block_1_100' title="bbox 1848 4571 2608 4645">
    <p class='ocr_par' dir='ltr' id='par_1_100' title="bbox 1848 4571 2608 4645">
     <span class='ocr_line' id='line_1_100' title="bbox 1848 4571 2608 4645; baseline -0.003 -15"><span class='ocrx_word' id='word_1_641' title='bbox 1848 4572 2046 4645; x_wconf 88' lang='lat' dir='ltr'>posita</span> <span class='ocrx_word' id='word_1_642' title='bbox 2075 4579 2159 4627; x_wconf 88' lang='lat' dir='ltr'>est</span> <span class='ocrx_word' id='word_1_643' title='bbox 2190 4571 2608 4645; x_wconf 86' lang='lat' dir='ltr'>interpretatio.</span> 
     </span>
    </p>
   </div>
   <div class='ocr_carea' id='block_1_101' title="bbox 1920 4661 3498 4733">
    <p class='ocr_par' dir='ltr' id='par_1_101' title="bbox 1920 4661 3498 4733">
     <span class='ocr_line' id='line_1_101' title="bbox 1920 4661 3498 4733; baseline -0.001 -15"><span class='ocrx_word' id='word_1_644' title='bbox 1920 4663 2084 4718; x_wconf 92' lang='lat' dir='ltr'>Vers.</span> <span class='ocrx_word' id='word_1_645' title='bbox 2121 4665 2206 4719; x_wconf 86' lang='grc'>59.</span> <span class='ocrx_word' id='word_1_646' title='bbox 2256 4665 2364 4718; x_wconf 86' lang='lat' dir='ltr'>Ait</span> <span class='ocrx_word' id='word_1_647' title='bbox 2394 4695 2459 4704; x_wconf 90' lang='lat'>—</span> <span class='ocrx_word' id='word_1_648' title='bbox 2493 4662 2660 4718; x_wconf 86' lang='lat' dir='ltr'>Vers.</span> <span class='ocrx_word' id='word_1_649' title='bbox 2705 4662 2793 4718; x_wconf 88' lang='lat'>60.</span> <span class='ocrx_word' id='word_1_650' title='bbox 2828 4663 2944 4719; x_wconf 84' lang='lat' dir='ltr'>Dei.</span> <span class='ocrx_word' id='word_1_651' title='bbox 2982 4661 3068 4718; x_wconf 89' lang='lat' dir='ltr'>lbi</span> <span class='ocrx_word' id='word_1_652' title='bbox 3093 4661 3271 4717; x_wconf 89' lang='lat' dir='ltr'>etiam</span> <span class='ocrx_word' id='word_1_653' title='bbox 3321 4662 3498 4733; x_wconf 88' lang='lat' dir='ltr'>plane</span> 
     </span>
    </p>
   </div>
   <div class='ocr_carea' id='block_1_102' title="bbox 1849 4751 3501 4827">
    <p class='ocr_par' dir='ltr' id='par_1_102' title="bbox 1849 4751 3501 4827">
     <span class='ocr_line' id='line_1_102' title="bbox 1849 4751 3501 4827; baseline -0.001 -18"><span class='ocrx_word' id='word_1_654' title='bbox 1849 4755 1924 4810; x_wconf 91' lang='lat' dir='ltr'>de</span> <span class='ocrx_word' id='word_1_655' title='bbox 1947 4754 2062 4810; x_wconf 91' lang='lat' dir='ltr'>hoc</span> <span class='ocrx_word' id='word_1_656' title='bbox 2093 4753 2459 4827; x_wconf 88' lang='lat' dir='ltr'>disputatum</span> <span class='ocrx_word' id='word_1_657' title='bbox 2485 4759 2593 4809; x_wconf 89' lang='lat' dir='ltr'>est.</span> <span class='ocrx_word' id='word_1_658' title='bbox 2630 4755 2791 4809; x_wconf 86' lang='lat' dir='ltr'>Hunc</span> <span class='ocrx_word' id='word_1_659' title='bbox 2823 4767 2959 4809; x_wconf 85' lang='lat' dir='ltr'>vero</span> <span class='ocrx_word' id='word_1_660' title='bbox 3019 4751 3284 4808; x_wconf 87' lang='lat' dir='ltr'>Christus</span> <span class='ocrx_word' id='word_1_661' title='bbox 3330 4767 3501 4808; x_wconf 85' lang='lat' dir='ltr'>voca-</span> 
     </span>
    </p>
   </div>
   <div class='ocr_carea' id='block_1_103' title="bbox 1849 4841 2680 4914">
    <p class='ocr_par' dir='ltr' id='par_1_103' title="bbox 1849 4841 2680 4914">
     <span class='ocr_line' id='line_1_103' title="bbox 1849 4841 2680 4914; baseline -0.001 -16"><span class='ocrx_word' id='word_1_662' title='bbox 1849 4843 1970 4908; x_wconf 86' lang='lat' dir='ltr'>bat,</span> <span class='ocrx_word' id='word_1_663' title='bbox 2008 4843 2198 4900; x_wconf 88' lang='lat' dir='ltr'>sciens</span> <span class='ocrx_word' id='word_1_664' title='bbox 2237 4859 2375 4899; x_wconf 88' lang='lat' dir='ltr'>eum</span> <span class='ocrx_word' id='word_1_665' title='bbox 2405 4841 2680 4914; x_wconf 85' lang='lat' dir='ltr'>dignum.</span> 
     </span>
    </p>
   </div>
   <div class='ocr_carea' id='block_1_104' title="bbox 1366 5116 2255 5190">
    <p class='ocr_par' dir='ltr' id='par_1_104' title="bbox 1366 5116 2255 5190">
     <span class='ocr_line' id='line_1_104' title="bbox 1366 5116 2255 5190; baseline 0.003 -5"><span class='ocrx_word' id='word_1_666' title='bbox 1366 5116 1584 5187; x_wconf 70' lang='lat' dir='ltr'>Variae</span> <span class='ocrx_word' id='word_1_667' title='bbox 1625 5119 1954 5190; x_wconf 80' lang='lat' dir='ltr'>lectiones</span> <span class='ocrx_word' id='word_1_668' title='bbox 1981 5130 2047 5188; x_wconf 89' lang='lat' dir='ltr'>et</span> <span class='ocrx_word' id='word_1_669' title='bbox 2076 5131 2255 5188; x_wconf 71' lang='lat' dir='ltr'>notae</span> 
     </span>
    </p>
   </div>
   <div class='ocr_carea' id='block_1_105' title="bbox 211 5305 1737 5382">
    <p class='ocr_par' dir='ltr' id='par_1_105' title="bbox 211 5305 1737 5382">
     <span class='ocr_line' id='line_1_105' title="bbox 211 5305 1737 5382; baseline 0.008 -23"><span class='ocrx_word' id='word_1_670' title='bbox 211 5305 312 5378; x_wconf 86' lang='lat'>(59)</span> <span class='ocrx_word' id='word_1_671' title='bbox 344 5307 448 5364; x_wconf 86' lang='lat' dir='ltr'>Hic</span> <span class='ocrx_word' id='word_1_672' title='bbox 480 5309 806 5382; x_wconf 86' lang='lat' dir='ltr'>Hentenius</span> <span class='ocrx_word' id='word_1_673' title='bbox 837 5310 1118 5382; x_wconf 60' lang='lat' dir='ltr'>quasdam</span> <span class='ocrx_word' id='word_1_674' title='bbox 1150 5312 1316 5369; x_wconf 86' lang='lat' dir='ltr'>addit</span> <span class='ocrx_word' id='word_1_675' title='bbox 1353 5329 1425 5370; x_wconf 84' lang='lat' dir='ltr'>ex</span> <span class='ocrx_word' id='word_1_676' title='bbox 1470 5314 1737 5371; x_wconf 88' lang='lat' dir='ltr'>editioni-</span> 
     </span>
    </p>
   </div>
   <div class='ocr_carea' id='block_1_106' title="bbox 151 5375 1518 5453">
    <p class='ocr_par' dir='ltr' id='par_1_106' title="bbox 151 5375 1518 5453">
     <span class='ocr_line' id='line_1_106' title="bbox 151 5375 1518 5453; baseline 0.01 -24"><span class='ocrx_word' id='word_1_677' title='bbox 151 5375 265 5453; x_wconf 83' lang='lat' dir='ltr'>bus,</span> <span class='ocrx_word' id='word_1_678' title='bbox 289 5375 365 5435; x_wconf 80' lang='lat' dir='ltr'>uti</span> <span class='ocrx_word' id='word_1_679' title='bbox 399 5397 591 5453; x_wconf 86' lang='lat' dir='ltr'>supra</span> <span class='ocrx_word' id='word_1_680' title='bbox 623 5381 749 5453; x_wconf 89' lang='lat' dir='ltr'>ipse</span> <span class='ocrx_word' id='word_1_681' title='bbox 781 5375 1014 5438; x_wconf 83' lang='lat' dir='ltr'>m6nuit</span> <span class='ocrx_word' id='word_1_682' title='bbox 1044 5382 1105 5438; x_wconf 88' lang='lat' dir='ltr'>in</span> <span class='ocrx_word' id='word_1_683' title='bbox 1148 5384 1518 5442; x_wconf 69' lang='lat' dir='ltr'>Praefatione-</span> 
     </span>
    </p>
   </div>
   <div class='ocr_carea' id='block_1_107' title="bbox 207 5451 1016 5523">
    <p class='ocr_par' dir='ltr' id='par_1_107' title="bbox 207 5451 1016 5523">
     <span class='ocr_line' id='line_1_107' title="bbox 207 5451 1016 5523; baseline 0.005 -19"><span class='ocrx_word' id='word_1_684' title='bbox 207 5451 310 5523; x_wconf 24' lang='lat'>(‘60)</span> <span class='ocrx_word' id='word_1_685' title='bbox 340 5451 556 5521; x_wconf 67' lang='grc' dir='ltr'>Τοῦτον,</span> <span class='ocrx_word' id='word_1_686' title='bbox 585 5451 688 5523; x_wconf 71' lang='lat' dir='ltr'>prb</span> <span class='ocrx_word' id='word_1_687' title='bbox 728 5453 903 5510; x_wconf 75' lang='grc' dir='ltr'>αὐτόν.</span> <span class='ocrx_word' id='word_1_688' title='bbox 947 5456 1016 5512; x_wconf 84' lang='grc' dir='ltr'>Α.</span> 
     </span>
    </p>
   </div>
   <div class='ocr_carea' id='block_1_108' title="bbox 152 5519 1740 5645">
    <p class='ocr_par' dir='ltr' id='par_1_108' title="bbox 152 5519 1740 5645">
     <span class='ocr_line' id='line_1_108' title="bbox 152 5519 1740 5645; baseline 0.004 -65"><span class='ocrx_word' id='word_1_689' title='bbox 152 5519 492 5645; x_wconf 41' lang='lat' dir='ltr'>“Sabaeo</span> <span class='ocrx_word' id='word_1_690' title='bbox 523 5519 769 5598; x_wconf 77' lang='lat' dir='ltr'>uterque</span> <span class='ocrx_word' id='word_1_691' title='bbox 806 5525 868 5581; x_wconf 89' lang='lat' dir='ltr'>in</span> <span class='ocrx_word' id='word_1_692' title='bbox 917 5527 1208 5597; x_wconf 86' lang='lat' dir='ltr'>margine.</span> <span class='ocrx_word' id='word_1_693' title='bbox 1245 5530 1412 5587; x_wconf 88' lang='lat' dir='ltr'>Caret</span> <span class='ocrx_word' id='word_1_694' title='bbox 1468 5545 1539 5588; x_wconf 93' lang='lat' dir='ltr'>eo</span> <span class='ocrx_word' id='word_1_695' title='bbox 1578 5530 1740 5587; x_wconf 83' lang='lat' dir='ltr'>Hen-</span> 
     </span>
    </p>
   </div>
   <div class='ocr_carea' id='block_1_109' title="bbox 170 5604 346 5652">
    <p class='ocr_par' dir='ltr' id='par_1_109' title="bbox 170 5604 346 5652">
     <span class='ocr_line' id='line_1_109' title="bbox 170 5604 346 5652; baseline 0.011 -2"><span class='ocrx_word' id='word_1_696' title='bbox 170 5604 324 5650; x_wconf 70' lang='lat' dir='ltr'>cuius</span> <span class='ocrx_word' id='word_1_697' title='bbox 333 5636 346 5652; x_wconf 83' lang='lat'><em>.</em></span> 
     </span>
    </p>
   </div>
   <div class='ocr_carea' id='block_1_110' title="bbox 213 5663 1739 5743">
    <p class='ocr_par' dir='ltr' id='par_1_110' title="bbox 213 5663 1739 5743">
     <span class='ocr_line' id='line_1_110' title="bbox 213 5663 1739 5743; baseline 0.006 -22"><span class='ocrx_word' id='word_1_698' title='bbox 213 5663 316 5740; x_wconf 81' lang='lat'>(62)</span> <span class='ocrx_word' id='word_1_699' title='bbox 343 5667 511 5725; x_wconf 85' lang='lat' dir='ltr'>Prius</span> <span class='ocrx_word' id='word_1_700' title='bbox 555 5683 698 5743; x_wconf 80' lang='lat' dir='ltr'>ergo</span> <span class='ocrx_word' id='word_1_701' title='bbox 743 5669 1150 5743; x_wconf 85' lang='lat' dir='ltr'>Chrysostomi</span> <span class='ocrx_word' id='word_1_702' title='bbox 1167 5674 1514 5733; x_wconf 84' lang='lat' dir='ltr'>auctoritate</span> <span class='ocrx_word' id='word_1_703' title='bbox 1539 5679 1739 5732; x_wconf 87' lang='lat' dir='ltr'>motus</span> 
     </span>
    </p>
   </div>
   <div class='ocr_carea' id='block_1_111' title="bbox 1847 5313 3496 5380">
    <p class='ocr_par' dir='ltr' id='par_1_111' title="bbox 1847 5313 3496 5380">
     <span class='ocr_line' id='line_1_111' title="bbox 1847 5313 3496 5380; baseline -0.004 -9"><span class='ocrx_word' id='word_1_704' title='bbox 1847 5316 2201 5380; x_wconf 86' lang='lat' dir='ltr'>Euthymius</span> <span class='ocrx_word' id='word_1_705' title='bbox 2259 5314 2552 5380; x_wconf 86' lang='lat' dir='ltr'>omiserat,</span> <span class='ocrx_word' id='word_1_706' title='bbox 2602 5318 2692 5366; x_wconf 83' lang='grc' dir='ltr'><em>καὶ</em></span> <span class='ocrx_word' id='word_1_707' title='bbox 2770 5317 2923 5367; x_wconf 75' lang='grc' dir='ltr'><em>εἶπεν·</em></span> <span class='ocrx_word' id='word_1_708' title='bbox 3001 5317 3097 5366; x_wconf 78' lang='grc' dir='ltr'>οὐκ</span> <span class='ocrx_word' id='word_1_709' title='bbox 3171 5313 3249 5368; x_wconf 91' lang='lat' dir='ltr'>ad</span> <span class='ocrx_word' id='word_1_710' title='bbox 3303 5319 3496 5365; x_wconf 84' lang='grc' dir='ltr'>σῶσαι.</span> 
     </span>
    </p>
   </div>
   <div class='ocr_carea' id='block_1_112' title="bbox 1847 5385 3496 5457">
    <p class='ocr_par' dir='ltr' id='par_1_112' title="bbox 1847 5385 3496 5457">
     <span class='ocr_line' id='line_1_112' title="bbox 1847 5385 3496 5457; baseline -0.005 -14"><span class='ocrx_word' id='word_1_711' title='bbox 1847 5385 2058 5443; x_wconf 89' lang='lat' dir='ltr'>deinde</span> <span class='ocrx_word' id='word_1_712' title='bbox 2091 5402 2232 5441; x_wconf 88' lang='lat' dir='ltr'>vero</span> <span class='ocrx_word' id='word_1_713' title='bbox 2257 5387 2527 5457; x_wconf 89' lang='lat' dir='ltr'>ejusdem</span> <span class='ocrx_word' id='word_1_714' title='bbox 2562 5385 2907 5457; x_wconf 84' lang='lat' dir='ltr'>auctoritate</span> <span class='ocrx_word' id='word_1_715' title='bbox 2938 5387 3358 5457; x_wconf 85' lang='lat' dir='ltr'>interpretatus</span> <span class='ocrx_word' id='word_1_716' title='bbox 3389 5389 3496 5457; x_wconf 81' lang='lat' dir='ltr'>est.</span> 
     </span>
    </p>
   </div>
   <div class='ocr_carea' id='block_1_113' title="bbox 1845 5453 3499 5528">
    <p class='ocr_par' dir='ltr' id='par_1_113' title="bbox 1845 5453 3499 5528">
     <span class='ocr_line' id='line_1_113' title="bbox 1845 5453 3499 5528; baseline -0.002 -13"><span class='ocrx_word' id='word_1_717' title='bbox 1845 5457 2136 5515; x_wconf 86' lang='lat' dir='ltr'>Addenda</span> <span class='ocrx_word' id='word_1_718' title='bbox 2161 5453 2303 5528; x_wconf 81' lang='lat' dir='ltr'>ergo</span> <span class='ocrx_word' id='word_1_719' title='bbox 2331 5464 2499 5512; x_wconf 89' lang='lat' dir='ltr'>erant</span> <span class='ocrx_word' id='word_1_720' title='bbox 2524 5455 2828 5512; x_wconf 89' lang='lat' dir='ltr'>codicibus</span> <span class='ocrx_word' id='word_1_721' title='bbox 2850 5453 3230 5528; x_wconf 25' lang='lat' dir='ltr'>Euthymii‘in</span> <span class='ocrx_word' id='word_1_722' title='bbox 3252 5453 3499 5528; x_wconf 80' lang='lat' dir='ltr'>repetita</span> 
     </span>
    </p>
   </div>
   <div class='ocr_carea' id='block_1_114' title="bbox 1844 5524 3496 5603">
    <p class='ocr_par' dir='ltr' id='par_1_114' title="bbox 1844 5524 3496 5603">
     <span class='ocr_line' id='line_1_114' title="bbox 1844 5524 3496 5603; baseline -0.004 -17"><span class='ocrx_word' id='word_1_723' title='bbox 1844 5531 2110 5588; x_wconf 83' lang='lat' dir='ltr'>lectione.</span> <span class='ocrx_word' id='word_1_724' title='bbox 2137 5524 2256 5588; x_wconf 78' lang='lat' dir='ltr'>Sed</span> <span class='ocrx_word' id='word_1_725' title='bbox 2275 5529 2390 5587; x_wconf 88' lang='lat' dir='ltr'>hoc</span> <span class='ocrx_word' id='word_1_726' title='bbox 2413 5524 3030 5603; x_wconf 58' lang='lat' dir='ltr'>neglectumﬂopiosé</span> <span class='ocrx_word' id='word_1_727' title='bbox 3056 5526 3130 5583; x_wconf 89' lang='lat' dir='ltr'>de</span> <span class='ocrx_word' id='word_1_728' title='bbox 3147 5524 3265 5583; x_wconf 84' lang='lat' dir='ltr'>hoc</span> <span class='ocrx_word' id='word_1_729' title='bbox 3293 5524 3418 5582; x_wconf 81' lang='lat' dir='ltr'>dixi</span> <span class='ocrx_word' id='word_1_730' title='bbox 3440 5526 3496 5580; x_wconf 89' lang='lat' dir='ltr'>in</span> 
     </span>
    </p>
   </div>
   <div class='ocr_carea' id='block_1_115' title="bbox 1845 5605 2749 5748">
    <p class='ocr_par' dir='ltr' id='par_1_115' title="bbox 1845 5605 2749 5748">
     <span class='ocr_line' id='line_1_115' title="bbox 1845 5605 2749 5748; baseline -0.01 -15"><span class='ocrx_word' id='word_1_731' title='bbox 1845 5605 2028 5748; x_wconf 45' lang='lat' dir='ltr'>ngé)</span> <span class='ocrx_word' id='word_1_732' title='bbox 2055 5673 2138 5728; x_wconf 86' lang='grc' dir='ltr'>Ἐν</span> <span class='ocrx_word' id='word_1_733' title='bbox 2167 5676 2361 5748; x_wconf 63' lang='grc' dir='ltr'>ἓκιίνῳ,</span> <span class='ocrx_word' id='word_1_734' title='bbox 2394 5690 2503 5747; x_wconf 88' lang='lat' dir='ltr'>pro</span> <span class='ocrx_word' id='word_1_735' title='bbox 2534 5674 2654 5728; x_wconf 61' lang='grc' dir='ltr'><em>ἐκεῖ.</em></span> <span class='ocrx_word' id='word_1_736' title='bbox 2694 5678 2749 5727; x_wconf 84' lang='grc' dir='ltr'>Β.</span> 
     </span>
    </p>
   </div>
  </div>
