3994 6218
526 260 634 316 955

530 491 699 532 arare
730 481 1000 538 conatur,
1029 479 1084 529 et
1120 491 1155 529 a
1185 480 1343 545 tergo
1385 476 1622 548 respicit
1650 476 1978 547 corrumpit
2005 490 2183 530 cona-

530 569 623 620 tus
651 564 1180 636 promptitudinem
1214 565 1479 636 segnitie,
1513 582 1635 638 qua
1662 583 1696 621 a
1727 570 1891 634 tergo
1916 564 2176 636 respicit.

530 654 871 709 Parabolicc
899 670 1039 725 ergo
1068 654 1337 710 Salvator
1362 655 1521 720 dixit,
1564 662 1831 710 aratrum
1855 659 1910 710 et
1933 654 2066 727 (xx)
2098 670 2179 711 se-

529 746 635 814 qui
656 758 714 799 se
739 744 1207 799 :ettantumdem
1223 748 1329 809 est,
1355 761 1421 799 ac
1440 745 1486 799 si
1505 745 1694 800 dicat:
1728 748 1930 812 Nemo,
1955 744 2058 815 qui
2084 760 2179 800 me

530 831 696 905 sequi
728 838 996 897 conatur,
1031 835 1139 888 sia
1171 839 1335 902 tergo
1378 833 1676 905 respiciat,
1716 834 1830 889 hoc
1870 838 1976 900 est,
2014 849 2176 889 men-

530 927 647 978 tem
681 921 879 978 adimo
912 922 989 977 ad
1023 923 1371 994 temporalia
1398 924 1639 989 habeat,
1670 929 1846 995 aptus
1876 929 1961 979 est
1988 924 2063 978 ad
2093 940 2180 979 re-

530 1026 725 1085 gnum
750 1014 867 1068 Dei.
889 1015 1128 1085 Oportet
1156 1015 1310 1069 enim
1338 1031 1490 1085 eum,
1514 1015 1614 1085 qui
1636 1014 1794 1083 eligit
1831 1014 2000 1086 sequi
2019 1014 2180 1069 Chri-

532 1107 689 1157 stum
719 1102 1025 1157 confestim
1054 1103 1570 1175 omniadespicere
1592 1105 1852 1175 etsequi,
1880 1120 1952 1159 ne
1975 1104 2177 1159 oculos

529 1190 769 1263 quidem
802 1190 879 1245 ab
897 1207 965 1245 eo
994 1190 1357 1253 divertendo,
1380 1208 1453 1246 ne
1486 1191 1629 1247 forte
1654 1191 1857 1247 habitu
1896 1209 1961 1241 nn
1984 1193 2177 1263 specie

530 1296 737 1336 eorum
790 1296 923 1351 quae
955 1297 988 1335 a
1021 1285 1179 1351 tergo
1229 1286 1385 1345 sunt,
1424 1282 1763 1338 retineatur.
1819 1282 1971 1347 Quid
2017 1282 2177 1337 enim

530 1372 649 1425 Deo
681 1368 999 1440 optabilius
1038 1384 1107 1423 ac
1140 1371 1520 1440 praestantius
1548 1371 1576 1426 ?

599 1458 746 1512 CAP.
780 1459 1005 1513 XXXIV.
1040 1458 1123 1512 De
1143 1459 1456 1528 designatis
1482 1459 1853 1530 septuaginta
1880 1460 2175 1528 apostolis.

530 1549 670 1618 Cap.
705 1546 779 1601 Χ.
837 1546 998 1601 Vers.
1034 1563 1072 1601 ι.
1106 1548 1248 1601 Post
1320 1547 1443 1603 haec
1486 1582 1553 1594 —
1598 1550 1992 1619 septuaginta.
2028 1551 2181 1620 Apo-

529 1636 713 1692 stolos
752 1636 1041 1691 videlicet.
1079 1635 1231 1691 Multi
1266 1637 1423 1692 enim
1456 1639 1731 1693 credituri
1761 1642 1944 1704 erant,
1976 1644 2028 1693 et
2054 1638 2180 1710 plu-

1853 259 2198 316 EUTHYMII
2242 259 2561 319 ZIGABENI
3706 274 3781 329 956

608 386 767 443 Vers.
819 387 902 443 61.
953 386 1123 442 Dixit
1174 417 1242 426 —
1304 385 1468 442 Vers.
1526 387 1615 442 62.
1677 402 1851 458 regno
1927 387 2043 442 Dei.
2071 386 2181 453 Qui
2213 385 2261 439 Α

2365 385 2487 441 Εἷπε
2552 421 2621 430 --
2675 389 2948 463 βασιλείαν
3030 398 3123 443 τοῦ
3182 398 3337 448 Θεοῦ.
3400 391 3453 445 Ὀ
3523 392 3781 470 ἐπιχειράσας

2290 473 2552 548 ἀροτριᾷν,
2583 486 2671 531 καὶ
2713 479 2915 552 βλέπων
2974 481 3041 540 εἰς
3094 482 3160 531 τὰ
3210 480 3389 547 ὀπίσω,
3421 485 3590 555 φθιίρει
3624 490 3668 537 τὸ
3699 494 3785 560 πρὸ·

2294 566 2452 636 θυμον
2499 575 2588 627 τῆς
2638 568 3017 642 ἐπιχειρήσεως
3054 577 3118 642 τῇ
3164 570 3389 643 ῥᾳθυμίᾳ
3433 579 3513 623 τοῦ
3549 572 3712 644 βλέπειν
3741 584 3784 635 εἰς

2289 657 2353 705 τὰ
2405 657 2596 713 ὀπίσω.
2660 658 3031 731 Παραϐολικώς
3099 664 3267 711 τοίνυν
3330 662 3351 712 ὁ
3419 667 3567 735 Σωτήρ
3629 664 3784 736 ἄροτρον

2290 742 2542 816 ὠνόμασε,
2576 750 2633 799 τὸ
2662 746 2959 801 ἀκολουθεῖν
2998 748 3156 819 αὐτῷ,
3188 748 3363 820 λέγων,
3419 753 3490 801 ὁτι
3533 749 3692 813 Οὐδεὶς
3714 753 3788 804 ἔτι.

2287 840 2542 905 χειρήσας
2594 835 2889 889 ἀκολουθεῖν
2945 858 3056 908 μοι,
3090 842 3178 890 καὶ
3227 836 3420 909 βλέπῶν
3466 841 3529 901 εἰς
3562 842 3617 891 τὰ
3651 840 3785 905 ὀπίσω,

2285 928 2542 990 τουτέστι,
2584 930 2668 977 τὸν
2720 933 2837 978 νοῦν
2883 929 2957 979 ἔτι
2994 930 3129 998 ἔχων
3182 927 3253 987 εἰς
3298 929 3360 979 τὰ
3405 926 3619 999 βιωτικὰ,
3659 930 3787 989 ἐπιτή-

2290 1008 2423 1073 δειος
2462 1018 2601 1065 ἐστιν
2656 1015 2725 1077 εἰς
2772 1020 2865 1073 τὴν
2920 1014 3193 1087 βασιλείαν
3247 1024 3336 1068 τοῦ
3385 1023 3524 1070 Θεοῦ.
3570 1022 3663 1091 Χρὴ
3701 1022 3787 1091 γὰρ,

2286 1103 2372 1152 τὸν
2418 1102 2644 1173 ἑλόμενον
2693 1107 2749 1155 τὸ
2807 1102 3103 1157 ἀκολουθεῖν
3146 1112 3215 1175 τῷ
3265 1112 3486 1179 Χριστῷ,
3539 1108 3703 1158 πάντων
3740 1107 3791 1159 εὐ-

2292 1192 2409 1249 θέως
2474 1189 2755 1263 ὑπεριδεῖν,
2830 1199 2919 1245 καὶ
2992 1192 3371 1269 ἀμεταστρεπτὶ
3423 1198 3570 1265 τούτῳ
3616 1198 3788 1264 ἕπεσθαι,

2287 1286 2488 1351 μήποτε
2517 1289 2578 1352 τῇ
2616 1286 2800 1352 σχέσει
2830 1291 2925 1333 τῶν
2968 1282 3138 1335 ὀπίσω
3168 1285 3489 1356 κατασχεθῇ.
3523 1288 3577 1336 Τί
3602 1288 3683 1357 γὰρ
3707 1289 3793 1338 Θεοῦ

2288 1371 2633 1441 ποθεινότερον
2660 1390 2714 1423 τε
2738 1377 2827 1423 καὶ
2857 1377 3230 1445 προτίμότερον
3255 1389 3267 1439 ;

2363 1465 2506 1512 ΚΕΦ·
2555 1458 2660 1513 ΔΔ’.
2700 1466 2824 1533 Περὶ
2855 1469 2952 1512 τῶν
2986 1458 3399 1532 ἁναδειχθέντων
3430 1458 3746 1533 ἐϐδομήκοντα.

2359 1551 2503 1600 Μετὰ
2568 1556 2734 1601 ταῦτα
2797 1581 2865 1589 -
2924 1547 3304 1621 ἐϐδομήκοντα.
3362 1550 3680 1612 Ἀποστολονς,
3733 1546 3795 1603 δη-

2287 1636 2476 1690 λονότι.
2530 1637 2716 1690 Πολλοὶ
2760 1641 2860 1711 γὰρ
2903 1638 3105 1711 ἔμελλον
3155 1643 3411 1692 πιστεύειν
3452 1644 3531 1691 καὶ
3569 1642 3697 1712 χρεία
3734 1656 3796 1693 ιε·

527 1724 691 1781 ribus
754 1724 1243 1797 praedicatoribus
1306 1742 1459 1797 opus
1516 1732 1662 1782 erat.
1715 1727 2037 1783 Duodecim
2106 1727 2177 1782 si-

2292 1729 2457 1797 ρύκων
2516 1726 2757 1779 πλειονων
2806 1725 2887 1786 ἦν.
2957 1726 3169 1781 Δώδεκα
3228 1732 3317 1801 μὲν
3376 1726 3457 1781 οὖν
3501 1727 3796 1792 orndo-robur;

525 1814 770 1886 quidem
794 1814 1043 1886 apostoli
1084 1816 1313 1886 primus
1345 1821 1469 1871 erat
1506 1816 1725 1871 chorus
1757 1833 1770 1883 ;
1804 1818 2180 1889 septuaginta

528 1919 687 1968 vero,
723 1904 1044 1959 secundus.
1081 1907 1196 1959 Hos
1248 1909 1437 1959 autem
1493 1905 1806 1961 duodecim
1848 1910 1901 1961 et
1948 1911 2181 1979 septua-

527 1992 692 2063 ginta
721 1992 1187 2065 praatigurabant
1217 1994 1534 2050 duodecim
1566 1994 1759 2050 fontes
1779 2011 2092 2068 aquarum,
2126 2001 2181 2052 et

528 2082 908 2153 septuaginta
940 2084 1132 2138 trunci
1164 2083 1503 2155 palmarum
1532 2085 1591 2140 in
1622 2084 1812 2149 Elim,
1863 2084 1941 2140 ad
1994 2100 2179 2157 quam

524 2178 813 2228 venerunt
845 2172 1115 2229 lsraelitae
1148 2174 1219 2241 σο,
1251 2174 1350 2229 ubi
1392 2190 1557 2230 mare
1588 2174 1852 2229 Rubrum
1881 2180 2179 2246 pertrans-

524 2260 725 2319 issent.

595 2351 760 2407 Vers.
796 2351 844 2405 1.
864 2353 945 2406 Et
970 2352 1160 2407 emisit
1184 2359 1405 2410 —erat
1428 2354 1543 2421 ipse
1564 2359 1870 2409 venturus.
1906 2352 2183 2409 Similiter

524 2444 581 2496 et
608 2440 925 2498 duodecim
958 2442 1323 2513 conjunctim
1376 2442 1497 2513 (yy)
1552 2442 1761 2508 emisit,
1820 2443 1987 2497 sicuti
2036 2443 2182 2498 dixit

524 2532 751 2586 Marcus
805 2532 1037 2587 decimo
1085 2537 1297 2603 quarto
1357 2531 1593 2602 capite;
1637 2532 1740 2586 sed
1773 2532 2090 2588 duodecim
2122 2532 2182 2587 in

526 2635 738 2675 omnes
783 2621 1048 2676 civitates
1087 2636 1155 2675 ac
1189 2635 1375 2691 pagos
1423 2620 1598 2675 Israel
1630 2621 1841 2685 emisit,
1891 2625 2181 2692 tanquam

525 2708 906 2780 perfectiores
940 2726 952 2765 :
988 2709 1369 2781 septuaginta
1428 2725 1585 2778 vero,
1619 2710 1679 2765 in
1712 2710 1872 2765 solas
1924 2726 2025 2765 eas
2053 2727 2183 2782 qua:

524 2799 582 2853 in
617 2799 866 2854 transitu
913 2805 1101 2865 erant,
1135 2815 1236 2870 per
1281 2815 1434 2871 quas
1471 2799 1576 2855 iter
1615 2799 1879 2855 facturus
1936 2806 2083 2865 erat,
2124 2803 2185 2854 ut

525 2887 911 2958 praadicarent
958 2888 1371 2943 remissionem
1451 2893 1859 2959 peccatorum,
1932 2889 2185 2961 ejusque

527 2976 876 3046 adventum,
903 2977 1005 3048 qui
1040 2977 1452 3032 remissionem
1488 2976 1732 3034 illorum
1772 2977 2073 3033 tribueret.

596 3156 757 3211 Vers.
789 3160 841 3210 2.
902 3155 1144 3212 Dicebat
1189 3188 1253 3197 —
1306 3157 1503 3225 pauci.
1541 3155 1795 3211 Messem
1853 3156 1995 3213 dicit
2034 3157 2182 3228 illos,

524 3245 626 3317 qui
666 3244 744 3301 ab
782 3244 1125 3301 infidelitate
1170 3245 1531 3311 demetendi,
1583 3251 1634 3300 et
1687 3246 1763 3301 ad
1795 3245 1971 3301 fidem
2012 3263 2184 3302 suam

525 3340 691 3391 erant
715 3335 1132 3407 comportandi
1161 3354 1173 3391 :
1209 3336 1515 3406 operarios
1562 3351 1722 3401 vero,
1754 3335 2077 3406 apostolos,
2131 3341 2189 3391 et

521 3424 869 3496 quicunque
893 3425 969 3479 ad
986 3425 1097 3480 hoc
1122 3424 1666 3481 subministrarem.
1700 3426 1798 3480 Hic
1822 3430 2021 3479 autem
2054 3442 2185 3480 ma-

523 3513 798 3569 nifestata
818 3521 902 3568 est
918 3529 1101 3568 causa
1115 3512 1492 3585 promotionis
1506 3513 1767 3583 ipsorum
1783 3513 2181 3585 septuaginta,

524 3608 580 3657 et
601 3609 821 3657 tamem
844 3618 1070 3671 paucos
1094 3601 1287 3656 adhuc
1322 3617 1450 3656 esse
1467 3602 1612 3657 dicit
1637 3618 1846 3657 omnes
1874 3604 2183 3673 apostolos

523 3693 599 3748 ad
632 3689 1353 3755 multitudinemillorum,
1384 3690 1483 3761 qui
1517 3690 1793 3745 credituri
1816 3698 2003 3747 erant.

594 3781 759 3833 Vers.
800 3782 852 3832 2.
884 3780 1090 3848 Rogato
1120 3810 1184 3818 —
1223 3795 1405 3833 suam.
1442 3779 1563 3834 Hoc
1603 3786 1657 3834 et
1713 3780 1792 3847 id,
1827 3782 1990 3851 quod
2047 3788 2182 3839 ante

524 3868 684 3925 istud
716 3868 1038 3939 praecessit,
1075 3867 1249 3922 etiam
1299 3868 1447 3923 dixit
1483 3869 1543 3923 in
1574 3868 1692 3923 ﬁne
1746 3870 1961 3926 decimi
1990 3874 2183 3928 octavi

518 3958 690 4029 juxta
733 3956 1075 4013 Matthazum
1116 3956 1339 4028 capitis,
1380 3958 1481 4012 sed
1512 3958 1589 4012 ibi
1623 3975 1881 4014 messem
1928 3961 2181 4019 multam

524 4047 786 4120 appellat
824 4062 926 4101 eos
958 4046 1061 4118 qui
1093 4046 1166 4101 de
1222 4046 1435 4102 Judazis
1493 4053 1662 4103 erant
1704 4048 1983 4105 credituri
2035 4068 2045 4105 :
2082 4051 2179 4108 hic

523 4143 725 4194 autem
756 4153 858 4192 eos
888 4135 992 4209 qui
1022 4153 1092 4192 ex
1120 4136 1395 4207 gentibus
1452 4153 1464 4191 :
1513 4142 1569 4192 et
1599 4136 1680 4192 ibi
1721 4140 2003 4195 admonet
2033 4140 2180 4196 duo-

521 4227 817 4290 decim,ut
843 4229 1014 4283 orent
1040 4241 1147 4298 pro
1178 4224 1497 4281 emissione
1528 4225 1745 4282 horum
1773 4230 2173 4299 septuaginta,

521 4317 615 4375 hic
644 4333 785 4373 vero
820 4317 981 4389 ipsos
1014 4316 1392 4388 septuaginta
1422 4315 1720 4380 admonet,
1756 4321 1817 4371 ut
1864 4323 2033 4373 orent
2070 4334 2178 4390 pro

2288 1823 2490 1889 πρῶτος
2530 1821 2713 1889 χορός·
2770 1813 3133 1888 ἑϐδομήκοντα
3165 1814 3245 1885 δὲ,
3288 1820 3314 1869 ὁ
3365 1815 3595 1891 δεύτερος.
3635 1818 3799 1875 Τούτους

2291 1901 2349 1956 δὲ
2401 1909 2517 1966 τοὺς
2566 1902 2796 1970 δώδεκα,
2838 1913 2927 1959 καὶ
2977 1911 3095 1967 τοὺς
3138 1904 3509 1979 ἐϐδομήκοντα,
3554 1906 3684 1957 παλαι
3720 1906 3800 1975 (64)

2288 1998 2631 2068 προετύπουν,
2672 1995 2719 2047 ἐν
2769 2005 2831 2069 τῇ
2868 1996 3071 2069 Αἰλεὶμ,
3103 1996 3172 2059 εἰς
3203 1998 3265 2055 ἣν
3305 1994 3454 2056 ἦλθον
3484 1999 3526 2047 οἱ
3554 1994 3801 2068 Ἰσραηλῖται

2292 2081 2565 2147 διαϐάντες
2591 2091 2686 2143 τὴν
2729 2087 2979 2161 Ἐρυθρὰν
3027 2086 3320 2151 θάλασσαν,
3369 2088 3421 2138 αἱ
3468 2082 3653 2138 δώδεκα
3685 2087 3805 2153 πηγαὶ

2289 2183 2386 2225 τῶν
2440 2171 2668 2241 ὑδάτων,
2702 2180 2792 2227 καὶ
2841 2178 2907 2227 τὰ
2950 2173 3317 2247 ἐϐδομήκοντα
3364 2175 3567 2247 στελέχη
3611 2182 3689 2224 τῶν
3732 2191 3805 2242 ροι-

2291 2268 2467 2315 νίκων.

2366 2357 2467 2405 Καὶ
2548 2351 2841 2406 ἀπέστειλεν
2911 2384 2980 2393 —-
3076 2353 3275 2425 ἔμελλεν
3379 2354 3527 2413 αὐτὸς
3604 2352 3802 2423 ἔρχεσθαι.

2297 2447 2396 2495 Καὶ
2454 2444 2575 2503 τοὺς
2610 2438 2823 2495 δώδεκα
2866 2444 3056 2515 ὁμοίως
3112 2446 3246 2495 κατὰ
3294 2446 3544 2513 συζυγίαν
3574 2438 3807 2496 ἀπέστειλεν,

2295 2534 2360 2593 ὡς
2416 2535 2588 2606 εἴρηκε
2641 2535 2853 2604 Μάρκος
2903 2531 2949 2583 ἐν
3010 2541 3081 2602 τῷ
3138 2529 3667 2605 τεσσαρεσκαιδεκάτῳ
3705 2546 3809 2598 κεῖα-

2292 2620 2439 2692 λαίῳ·
2485 2619 2612 2672 ἀλλὰ
2669 2624 2788 2682 τοὺς
2844 2617 3054 2673 δώδεκα
3098 2623 3187 2693 μὲν
3248 2621 3324 2682 εἰς
3377 2624 3544 2682 πείσας
3584 2622 3659 2681 τὰς
3694 2616 3811 2672 πόλεις

2294 2716 2383 2762 καὶ
2429 2717 2608 2781 κώμας
2652 2718 2745 2762 τοῦ
2796 2709 3010 2783 Ἰσραὴλ
3064 2709 3390 2775 ἀπέστειλεν,
3430 2714 3489 2770 ὡς
3536 2709 3810 2778 τελιιοτέρονς·

2296 2804 2414 2860 τοὺς
2466 2796 2820 2871 ἐϐδομήκοντα
2858 2797 2934 2862 δὲ,
2996 2800 3063 2860 εἰς
3106 2804 3267 2871 μόνας
3332 2804 3418 2860 τὰς
3472 2802 3592 2851 κατα
3640 2790 3811 2867 πάροδοι

2297 2889 2455 2940 αὐτοῦ
2519 2893 2775 2960 κειμένας,
2831 2885 2901 2940 δι’
2950 2886 3017 2939 ὢν
3070 2888 3241 2960 ἔμελλε
3311 2891 3624 2961 πορεύεσθαι,
3672 2886 3812 2956 κηρύ⁹”

2295 2998 2477 3039 τοντας
2498 2980 2770 3050 μετάνοιαν
2790 2979 3198 3051 Ξμαρτημάτων,
3224 2985 3319 3032 καὶ
3342 2979 3509 3051 ἄφιξιν
3535 2984 3613 3029 τοῦ
3640 2978 3812 3046 χορηγοῦ

2223 3087 2263 3143 C
2297 3076 2389 3129 τῆς
2419 3070 2614 3119 τούτων
2653 3066 2901 3139 ἀφέσεως.

2366 3156 2538 3228 ⁴Ελεγε
2585 3189 2652 3196 -
2706 3156 2893 3228 ὀλίγοι.
2949 3160 3203 3229 Θερισμόν
3251 3160 3346 3229 μὲν
3400 3158 3529 3227 λέγει
3580 3157 3675 3212 τοὺς
3726 3152 3817 3217 9:9:-

2301 3248 2658 3316 σθησομένους
2689 3246 2803 3317 (65)
2836 3245 2937 3298 ὰπὸ
2976 3254 3070 3308 τῆς
3103 3245 3360 3307 ἀπιστίας
3403 3252 3487 3299 καὶ
3540 3240 3819 3316 συγκομισθηο

2302 3340 2547 3409 σομένους
2604 3336 2669 3395 εἰς
2741 3340 2832 3394 τὴν
2897 3342 3076 3387 πίστιν
3134 3335 3313 3387 αὐτοῦ·
3376 3337 3587 3409 ἐργάτας
3638 3329 3702 3397 δὲ,
3742 3345 3819 3381 τους

2299 3424 2637 3491 ἀποστόλους,
2672 3428 2786 3485 τοὺς
2814 3427 3192 3499 ὑπηρετοῦντας
3219 3426 3290 3488 εἰς
3319 3434 3490 3479 τοῦτο.
3522 3419 3764 3479 Δεδήλωται
3783 3410 3821 3467 δῖ

2297 3513 2516 3565 ἐνταυθα
2540 3516 2569 3571 ἡ
2614 3514 2759 3566 αἰτία
2799 3522 2894 3576 τῆς
2935 3512 3194 3587 προϐολῆς
3228 3524 3331 3565 τῶν
3381 3511 3719 3585 ἐϐδομήκοντα.
3754 3508 3819 3556 Καὶ

2296 3605 2367 3654 ἔτι
2395 3600 2452 3655 δὲ
2482 3603 2687 3673 ὀλίγους
2716 3606 2898 3675 ἔφησεν
2922 3611 3049 3655 εἰναι
3072 3608 3189 3664 τοὺς
3215 3606 3527 3675 σύμπαντας
3553 3594 3818 3653 ἀποστόλους,

2295 3696 2418 3765 πρὸς
2449 3696 2504 3743 τὸ
2536 3692 2731 3754 πλῆθος
2758 3701 2857 3744 τῶν
2884 3692 3165 3764 μελλόντων
3198 3696 3489 3745 πιστεύειν.

2367 3783 2588 3838 Δεήθητε
2648 3812 2717 3820 -
2773 3777 2953 3832 αὐτοῦ.
3028 3787 3191 3833 Τοῦτο
3248 3787 3342 3833 καὶ
3424 3785 3481 3832 τὸ
3528 3781 3616 3851 πρὸ
3683 3775 3817 3825 τῦύτου

2291 3872 2444 3944 ῥητὸν
2486 3867 2591 3923 εἶπε
2642 3875 2731 3922 καὶ
2780 3869 2827 3921 ἐν
2878 3878 2949 3940 τῷ
2980 3869 3108 3922 τέλει
3161 3877 3251 3921 τοῦ
3313 3866 3727 3922 ὀκτωκαιδεκάτου
3764 3877 3819 3909 χε·

2294 3960 2508 4031 φαλαίου
2558 3968 2648 4011 τοῦ
2706 3962 2838 4012 κατὰ
2868 3961 3154 4012 Ματθαῖον’
3214 3957 3323 4010 ἀλλ’
3367 3958 3471 4011 ἐκεῖ
3518 3962 3598 4030 μὲν
3637 3952 3817 4025 θερισμὸν

2291 4049 2447 4101 πολὺν
2474 4048 2632 4119 ἔλεγε,
2668 4053 2784 4108 τοὺς
2835 4048 2887 4111 ἐξ
2940 4044 3211 4101 Ἰουδαίων
3268 4058 3553 4101 πιστεῦσαι
3597 4044 3818 4117 μέλλοντας·

2291 4137 2508 4191 ἐνταῦθα
2540 4135 2618 4206 δὲ,
2646 4142 2763 4200 τοὺς
2816 4138 2869 4200 ἐξ
2917 4136 3096 4194 ἐθνῶν.
3142 4142 3238 4190 Καὶ
3304 4139 3421 4209 (66)
3462 4137 3557 4189 ἐκεῖ
3599 4140 3673 4205 μεν
3709 4144 3818 4201 προῖ-

2289 4233 2498 4299 τρέπετο
2556 4232 2675 4289 τοὺς
2741 4224 2970 4291 δώδεκα,
3003 4224 3255 4285 δεηθῆναι
3312 4232 3433 4300 περὶ
3463 4223 3718 4281 ἀποστολῆς
3756 4221 3821 4266 τῶν

2291 4314 2650 4388 ἐϐδομήκοντα
2698 4320 2909 4368 τούτων·
2964 4315 3183 4368 ἐνταῦθα
3243 4313 3303 4368 δε
3362 4320 3479 4376 τοὺς
3539 4310 3820 4381 ἐϐδομήκοντα

522 4408 897 4479 promotione
923 4406 1335 4477 episcoporum
1367 4420 1433 4461 ac
1466 4411 1891 4477 praeceptorum
1928 4422 2033 4477 per
2060 4408 2175 4463 sin-

2292 4410 2524 4473 τοῦτους,
2581 4411 2696 4478 περὶ
2740 4404 2997 4478 προϐολῆς
3048 4413 3147 4457 τῶν
3203 4410 3341 4457 κατὰ
3372 4407 3541 4464 πόλεις
3578 4407 3653 4454 καὶ
3692 4401 3822 4470 χώρας

522 4498 693 4567 gulas
725 4497 988 4553 civitates
1030 4511 1099 4551 ac
1156 4494 1453 4563 regiones.
1496 4495 1646 4565 Lege
1690 4501 1889 4551 autem
1943 4512 2175 4554 enarra-

520 4586 742 4640 tionem
776 4585 1092 4656 praesentis
1118 4583 1256 4638 dicti
1288 4583 1346 4638 in
1393 4589 1724 4640 memorato
1766 4586 1951 4656 capite
1990 4589 2176 4643 Evan-

523 4673 659 4746 gelii
685 4674 1019 4729 secundum
1050 4673 1391 4731 Mattheum.

596 4762 755 4819 Vers.
785 4762 836 4818 3.
870 4763 958 4819 Ite
1002 4794 1070 4803 —
1123 4764 1312 4831 lupos.
1346 4765 1464 4819 Hoc
1512 4764 1686 4820 etiam
1739 4763 1815 4821 ad
1854 4764 2174 4822 duodecim

593 4942 643 4980 ⁸ο
669 4940 855 4998 Exod.
880 4955 978 5008 xv,
1005 4942 1095 4998 27.

2290 4495 2581 4548 ἐπισκόπων
2638 4500 2727 4547 καὶ
2782 4492 3145 4550 διδασκάλων.
3210 4494 3505 4568 Ἀνάγνωθι
3556 4489 3608 4544 δὲ
3652 4493 3721 4539 καὶ
3757 4489 3819 4537 τήν

2290 4587 2537 4657 ἐξήγησιν
2578 4594 2668 4637 τοῦ
2712 4590 2967 4659 παρόντος
3002 4585 3165 4658 ῥητοῦ
3197 4585 3247 4636 ἐν
3278 4594 3353 4657 τῷ
3392 4587 3595 4661 ῥηθέντι
3628 4574 3819 4650 ngam?

2286 4684 2376 4728 τοῦ
2402 4677 2536 4727 κατά
2560 4677 2851 4728 Ματθαῐον.

2356 4763 2601 4837 Ὑπάγετε
2674 4795 2742 4804 -
2794 4763 2983 4816 λύκων.
3043 4768 3208 4816 Τοῦτο
3267 4760 3379 4816 εἶπε
3432 4767 3521 4815 καὶ
3589 4760 3703 4834 πρὸς
3741 4754 3820 4807 τσδί

1738 5067 1961 5137 Varia
2001 5068 2329 5137 lectiones
2370 5075 2439 5136 et
2463 5077 2666 5136 notas.

593 5265 943 5335 (65)“Auctor
970 5261 1152 5332 hujus
1194 5264 1495 5319 sententias
1526 5270 1612 5320 est
1661 5264 1965 5334 Origenes,
2016 5265 2178 5321 hom-

518 5337 551 5393 8
572 5338 631 5393 in
659 5335 864 5397 Exod.,
893 5350 1076 5406 quam
1110 5340 1326 5409 postea,
1359 5340 1422 5390 ut
1448 5336 1566 5392 fere
1593 5336 1827 5401 accidit,
1863 5337 2061 5409 plures
2093 5337 2182 5392 in-

522 5414 804 5483 terpretes
833 5413 973 5461 sunt
1024 5406 1305 5476 amplexi.

2361 5266 2476 5410 ξϐὅζ
2508 5268 2910 5340 Θερισομένους.
2932 5264 3002 5322 Α.

2387 5342 2452 5393 66
2506 5344 2605 5392 Καὶ
2632 5339 2814 5395 abest.
2841 5337 2909 5391 A.

2387 5337 2476 5395 66)
2506 5337 2605 5392 Καὶ
2632 5337 2814 5395 abest.
2841 5337 2909 5391 A.

616 5588 727 5656 xx)
764 5588 845 5643 Et
870 5586 1029 5658 sequi
1066 5601 1142 5640 se.
1168 5585 1248 5641 Et
1278 5598 1399 5639 non
1429 5589 1516 5639 est
1547 5585 1606 5639 in
1630 5585 1826 5641 Graeco
1859 5592 1913 5642 et
1940 5587 2153 5646 abesse
2183 5587 2383 5648 debet.

595 5590 1159 5732 igyLConjunctim.
1192 5658 1339 5712 Κατὰ
1371 5657 1628 5727 συζυγίαν
1654 5664 1744 5714 est
1768 5657 1953 5716 binos.

620 5657 1159 5733 yy)_Conjunctim.
1192 5658 1339 5712 Κατὰ
1371 5657 1628 5727 συζυγίαν
1654 5664 1744 5714 est
1768 5657 1953 5716 binos.
