3994 6218
126 274 222 333 957

1246 267 1603 329 COMMENT.
1645 264 1714 321 ΙΝ
1754 262 2013 322 LUCAM.
2053 300 2122 311 —-
2154 273 2310 329 CAP.
2343 273 2410 330 Χ.

3382 279 3487 337 958

123 395 353 466 δώδεκα,
394 403 483 452 καὶ
528 397 760 459 ζήτησον
799 397 849 452 ἓν
878 408 949 470 τῷ
993 398 1430 470 ἓννεακαιδεκατῳ
1467 395 1717 469 κεφαλαίῳ

1866 392 1997 464 lixit,
2037 400 2096 454 et
2113 413 2313 470 quaere
2337 401 2571 459 decimo
2616 417 2778 460 nono
2804 403 2974 475 juxta
2998 402 3336 464 Matthaaum
3385 420 3484 463 ca-

120 496 211 541 τοῦ
235 490 371 540 κατὰ
400 490 669 543 Ματθαίον
708 494 795 547 τὴν
827 488 1096 565 ἑρμηνείαν
1120 498 1229 543 τού·
1260 486 1403 543 Ἰδοὺ
1435 488 1530 559 ἐγὼ
1561 484 1724 538 αποσο

118 576 271 630 τέλλω
301 579 434 650 ὑμᾶς
462 579 531 640 ὡς
560 577 801 652 πρόϐατα
820 577 868 631 ἓν
898 583 1041 652 μέσῳ
1071 580 1256 632 λύκων.

188 670 344 729 Εἴποι
401 663 455 720 δ’
506 668 684 737 ἄνετις
738 671 1024 738 κάνταῦθα,
1084 671 1164 722 ὅτι
1207 673 1322 729 τούς
1367 663 1579 719 δώδεκα
1633 667 1721 736 μὲν

116 755 355 824 πρόϐατα
382 755 638 824 ἐκάλεσεν,
682 759 750 820 ὡς
794 757 1153 834 τελειοτέρονς’
1200 761 1317 819 τοὺς
1360 752 1723 828 ἐϐδομήκοντα

118 842 193 905 δέ,
225 847 405 921 ἄρνας.

187 940 275 994 Μή
321 967 389 976 -
433 931 772 1009 ὑποδήματα.
825 939 920 991 Διὰ
962 945 1054 998 τῆς
1102 936 1495 1012 ἀπαγορεύσεως
1527 952 1720 987 τουτων

114 1024 308 1077 κελεύει
383 1023 585 1098 θαρῥεῖν
641 1030 760 1100 περὶ
811 1034 908 1078 τῶν
974 1025 1267 1098 ἀναγκαίων
1331 1032 1421 1078 τοῦ
1482 1029 1721 1097 σώματος

116 1112 197 1166 ἐπὶ
244 1121 321 1185 τῷ
369 1112 733 1167 ἀποστείλαντι
772 1118 1009 1178 τούτους·
1049 1115 1327 1191 ἀποτρέπει
1371 1112 1450 1183 δὲ,
1495 1109 1529 1165 δ
1536 1114 1589 1165 ta
1631 1114 1720 1184 μὲν

118 1210 208 1255 τού
257 1211 331 1276 μή
384 1200 674 1275 βαστάζειν
716 1202 993 1277 βαλάντιον
1034 1206 1172 1277 (67),
1219 1210 1311 1264 τὴν
1356 1205 1717 1279 φιλαργυρίαν·

124 1287 217 1344 διὰ
270 1288 331 1345 δε
371 1299 486 1357 τοῦ,
538 1297 611 1359 μή
666 1299 860 1369 πήραν,
908 1298 968 1347 τό
1012 1299 1082 1368 μή
1128 1296 1467 1368 ταμιεύεσθαι
1504 1297 1714 1366 τροφήν·

124 1377 219 1433 διὰ
269 1377 329 1434 δὲ
371 1389 483 1446 τοῦ,
529 1387 601 1454 μὴ
643 1380 979 1456 ὑποδήματα,
1030 1381 1363 1458 παιδοτριϐεῖ
1409 1382 1596 1443 αὐτούς
1649 1381 1717 1444 εἰς

118 1471 370 1528 ἄσκησιν.
398 1472 719 1543 Παρήγγει).ε
745 1469 813 1531 δὴ
856 1481 1019 1526 ταῦτα
1048 1479 1138 1526 καὶ
1168 1480 1277 1535 τοῖς
1307 1469 1517 1527 δώδεκα
1559 1471 1607 1524 ἐν
1645 1479 1717 1541 τῷ

114 1555 149 1612 δ
153 1558 405 1617 ηλωθὲντι
435 1558 868 1635 ἐννεακαιδεκάτῳ
898 1562 1171 1636 κεφαλαίῳ.

185 1653 292 1703 Καὶ
340 1680 409 1690 -
448 1648 784 1709 ἀσπάσησθε.
832 1659 997 1705 Τοῦτο
1038 1652 1369 1727 προσέταξεν,
1430 1651 1487 1704 ού
1534 1648 1716 1724 βουλόο

1837 483 1952 555 pite
2008 485 2144 543 dicti
2181 488 2342 546 iliius
2383 492 2923 566 interpretationem
2958 516 2969 548 :
3005 494 3149 550 Ecce
3194 509 3286 566 ego
3316 495 3486 551 milia

1834 587 1933 629 vos
1962 577 2249 648 tanquam
2278 596 2411 638 oves
2449 582 2514 638 in
2540 582 2723 639 medio
2752 584 3057 653 luporum.
3093 584 3163 636 δ’.

1904 665 2114 721 Poterit
2144 668 2335 739 quivis
2351 670 2468 726 hoc
2505 672 2684 727 etiam
2713 671 2845 728 loco
2884 671 3103 737 dicere,
3140 671 3307 744 quod
3337 671 3486 727 duo-

1833 750 2020 808 decim
2052 756 2438 828 appellaverit
2466 775 2627 827 oves,
2658 766 2945 832 tanquam
2982 759 3368 832 perfectiores,
3399 776 3487 816 se-

1833 841 2144 911 ptuaginta
2171 858 2311 899 vero
2335 861 2543 919 agnos,
2580 851 2867 920 tanquam
2893 847 3233 904 teneriores.

1906 928 2068 986 Vers.
2104 934 2156 986 4.
2206 932 2409 991 Nolite
2449 966 2512 975 -—
2566 937 2978 993 calceamenta.
3027 939 3142 993 Hoc
3176 937 3486 994 interdicto

1827 1017 1997 1089 jubet
2026 1026 2090 1076 ut
2120 1020 2193 1076 de
2223 1025 2573 1080 necessariis
2593 1025 2856 1097 corporis
2883 1040 3053 1098 spem
3094 1026 3152 1080 in
3183 1026 3353 1081 illum
3382 1027 3486 1083 ha-

1830 1107 2029 1173 beant,
2049 1110 2152 1183 qui
2181 1111 2349 1183 ipsos
2379 1113 2589 1169 emisit.
2618 1116 2763 1171 Cum
2802 1119 3003 1171 autem
3028 1114 3219 1185 jubet,
3248 1131 3323 1171 ne
3363 1131 3487 1171 sac-

1830 1197 2027 1253 culum
2059 1197 2271 1268 ferant,
2321 1200 2399 1258 ab
2431 1202 2679 1260 avaritia
2727 1209 2954 1260 avocat.
3025 1204 3258 1267 Dicens,
3313 1220 3489 1276 neque

1827 1300 2054 1355 peram,
2083 1288 2428 1347 dehortatur
2465 1307 2500 1347 a
2529 1291 2905 1348 recondendo
2948 1292 3102 1349 cibo.
3146 1291 3293 1347 Cum
3347 1308 3488 1348 vero

1829 1376 1997 1433 addit
2045 1393 2059 1431 :
2104 1394 2288 1452 neque
2338 1382 2761 1451 calceamenta,
2806 1382 2883 1439 ad
2942 1382 3287 1439 exercitium
3326 1381 3488 1453 ipsos

1828 1466 2039 1523 erudit.
2080 1468 2359 1542 Praecepit
2380 1486 2521 1529 vero
2546 1472 2676 1529 haec
2706 1471 2886 1529 etiam
2907 1472 3219 1528 duodecim
3243 1471 3490 1528 laudato

1828 1557 2017 1628 capite
2054 1557 2290 1615 decimo
2328 1576 2516 1618 nono.

1899 1646 2065 1704 Vers.
2118 1648 2171 1704 4.
2221 1650 2301 1705 Et
2345 1680 2414 1692 —
2444 1651 2865 1708 salutaveritis.
2926 1652 3045 1707 Hoc
3112 1648 3308 1721 jussit,
3362 1662 3485 1704 non

105 1757 259 1810 μενος
342 1736 719 1813 ἆπανθρώπους
803 1741 987 1803 αὐτοὺς
1054 1743 1292 1813 γίνεσθαι
1346 1746 1435 1793 καὶ
1487 1739 1717 1815 ἁπροση-

1866 1737 2193 1795 ihumanos
2224 1754 2326 1795 eos
2364 1738 2488 1796 ﬁeri
2517 1741 2745 1804 volens,
2773 1744 2875 1797 aut
2911 1738 3179 1797 moribus
3223 1753 3483 1810 asperos,

103 1834 322 1903 γόρους,
373 1827 480 1881 ἀλλ’
522 1826 954 1902 ἀνεμποδίστως.
1005 1832 1166 1885 Εῖωθε
1207 1835 1309 1907 γὰρ
1362 1833 1392 1890 ἠ
1443 1829 1557 1884 καθ’
1595 1827 1718 1883 ὁδὸν

103 1917 295 1991 ὁμιλία
356 1922 415 1971 τὸ
491 1922 728 1972 σύντονον
789 1919 1051 1992 ἐγκόπτειν
1144 1924 1208 1982 ὡς
1271 1923 1335 1973 τὰ
1407 1920 1571 1974 πολλὰ
1629 1928 1720 1981 τῆς

105 2004 380 2070 σπουδῆς.
442 2011 765 2081 Προσταττει
820 2014 992 2062 τοίνυν
1042 2010 1220 2073 αὐτοῖς
1272 2015 1423 2082 μόνον
1479 2012 1719 2081 γίνεσθαι

100 2103 199 2149 τοῦ
251 2095 691 2170 ὶμπεστευθέντος
757 2101 933 2171 ἔργον,
990 2104 1080 2153 καὶ
1149 2096 1289 2173 μηδὲ
1345 2103 1432 2152 τόν
1486 2104 1720 2172 τυχόντα

98 2190 291 2261 καιρόν
341 2193 435 2239 τοῦ
481 2190 818 2262 κηρύγματος
871 2185 1108 2260 δαπανᾷν
1179 2192 1246 2250 εἰς
1301 2192 1367 2242 τὰ
1419 2194 1489 2261 μή
1556 2188 1718 2261 αναγ-

98 2282 233 2329 καία
275 2282 372 2329 καὶ
418 2278 676 2351 πάρεργα.
718 2281 819 2331 Καὶ
863 2278 888 2329 ὁ
920 2277 1212 2340 Ἐλισσαῖος
1264 2275 1323 2332 δὲ
1369 2278 1521 2332 πάλιν
1561 2279 1713 2340 Γιεζῆ

95 2369 186 2418 τόν
241 2366 514 2440 ὑπηρέτην
571 2366 728 2419 αὐτοῦ
780 2367 867 2420 ἐπί
919 2387 972 2420 τι
1025 2376 1327 2440 κατεπεῖγον
1391 2367 1713 2435 ἀποστείλας,

96 2453 408 2507 ἐνετείλατοο
440 2456 520 2508 ὅτι
548 2456 662 2509 Ἐὰν
692 2457 844 2530 εὕρῃς
873 2453 1061 2531 ἄνδρα,
1095 2458 1188 2510 οὐκ
1221 2458 1518 2529 εὐλογήσας
1563 2458 1716 2513 αὐτόν

94 2550 190 2597 ναὶ
237 2541 331 2596 ἰὰν
374 2543 634 2619 εύλογήση
698 2564 755 2599 σε
808 2544 958 2621 ἀνήρ,
1004 2547 1095 2599 ούκ
1153 2546 1487 2622 ἀποκριθήση
1550 2547 1712 2619 αύτῷ·

95 2633 370 2707 ἐμφαίνων
452 2638 510 2687 τό
573 2644 773 2710 χρῆναι
826 2632 1071 2709 βαδίζειν
1142 2636 1558 2710 ἀπερίσπαστον,
1626 2643 1717 2691 καὶ

91 2723 375 2786 παντελῶς
405 2720 810 2797 ἀνεμπόδιστον.

170 2903 271 2964 Εἰς
328 2902 389 2961 ἣν
452 2934 519 2944 -—
564 2906 748 2975 τούτῳ.
795 2910 959 2957 Τοῦτο
1006 2907 1065 2956 τὸ
1104 2909 1394 2981 πρόσρημα
1434 2905 1717 2979 ἀσπασμὸν

90 2992 352 3045 ἐκάλεσεν
400 2993 427 3044 ὁ
469 2995 740 3056 Ματθαῑος
945 2992 992 3045 ἐν
1049 3002 1120 3065 τῷ
1178 2994 1518 3071 προρῥηθέντι
1566 3015 1717 3069 κεφα-

1829 1841 1984 1898 quos
2013 1843 2195 1884 nemo
2225 1829 2413 1903 possit
2449 1830 2831 1903 compellare,
2896 1830 3001 1886 sed
3059 1828 3485 1900 impedimento

1830 1919 2117 1974 carentes.
2157 1918 2311 1975 Solet
2336 1920 2496 1976 enim
2523 1919 2800 1976 salutatio
2821 1935 2928 1991 per
2953 1918 3135 1988 viam,
3172 1918 3486 1974 vehemen-

1827 1998 1923 2061 tim
1954 2006 2130 2063 studii
2184 2012 2248 2065 ut
2283 2008 2612 2081 plurimum
2668 2008 2925 2065 obstare.
2975 2006 3241 2080 Praecipit
3286 2007 3487 2080 itaque

1827 2093 1959 2161 illis,
1994 2102 2055 2152 ut
2108 2096 2218 2153 soli
2259 2097 2424 2170 operi
2487 2097 2572 2153 eis
2635 2098 2956 2154 commisso
3011 2096 3322 2154 intendant
3370 2111 3383 2152 :
3431 2100 3489 2152 et

1827 2185 2092 2243 oblatam
2106 2186 2551 2258 praedicationis
2567 2187 2943 2243 occasionem
2960 2203 3078 2243 non
3094 2186 3403 2242 insumant
3426 2186 3488 2242 in

1827 2291 1898 2332 ea
1926 2291 2061 2348 quae
2077 2275 2417 2332 necessaria
2437 2291 2559 2332 non
2592 2282 2748 2342 sunt,
2782 2276 2888 2332 sed
2925 2282 3141 2348 praeter
3192 2275 3488 2331 intentum

1828 2380 1955 2421 sese
1976 2363 2249 2421 offerunt.
2279 2364 2520 2421 Elismus
2540 2380 2781 2439 quoque
2812 2365 2954 2422 olim
2982 2364 3201 2421 emisso
3227 2363 3380 2421 Giezi
3407 2362 3491 2420 fa-

1829 2453 1991 2511 mulo
2019 2456 2097 2510 ad
2118 2470 2274 2527 opus
2305 2454 2472 2528 quod
2498 2454 2935 2512 festinationem
2958 2454 3317 2528 requirebat,
3342 2469 3490 2527 pras-

1827 2543 1983 2616 cepit
2007 2543 2209 2600 dicens
2234 2559 2245 2599 :
2287 2545 2354 2598 Si
2373 2546 2659 2601 inveneris
2684 2544 2888 2613 virum,
2919 2559 3036 2600 non
3057 2543 3367 2599 benedicas
3388 2544 3442 2600 ei
3470 2558 3484 2600 :

1825 2640 1881 2688 et
1901 2632 1953 2689 si
1971 2632 2075 2689 (ibi
2099 2632 2461 2691 benedixerit
2484 2635 2579 2689 vir
2606 2648 2681 2690 ne
2709 2633 3063 2703 respondeas
3115 2632 3215 2688 illi
3238 2633 3306 2699 5*,
3344 2630 3489 2688 indi-

1825 2738 1966 2779 cans
1989 2738 2143 2796 opus
2174 2738 2306 2778 esse
2335 2726 2400 2778 ut
2422 2721 2806 2779 indistractus
2838 2737 2908 2777 ac
2955 2720 3205 2778 omnino
3233 2720 3359 2776 sine
3379 2719 3486 2775 im-

1826 2811 2170 2885 pedimento
2181 2811 2551 2884 procederet.

1898 2902 2068 2958 Vers.
2108 2905 2154 2958 5.
2190 2900 2254 2956 In
2306 2915 2717 2973 quamcunque
2751 2930 2821 2942 —
2876 2899 3038 2957 huic.
3066 2900 3231 2956 Hanc
3268 2897 3486 2957 allocu-

1828 2991 2049 3047 tionem
2076 2989 2379 3047 Matthaaus
2409 2989 2828 3046 salutationem
2853 2989 3185 3046 nominavit
3203 2987 3486 3061 praedicto

293 3079 556 3152 Σύμϐολον
597 3078 656 3134 δε
686 3081 897 3153 ἀγάπης
943 3084 968 3134 ὁ
998 3091 1225 3145 τοιοῦτος
1275 3084 1574 3158 ἀσπασμὸς,
1626 3082 1717 3145 δη-

1866 3079 2044 3153 apite.
2078 3082 2147 3136 ⁸³.
2180 3082 2277 3136 Est
2302 3083 2500 3136 autem
2543 3079 2896 3152 hujusmodi
2947 3078 3219 3136 salutatio
3242 3077 3484 3148 signum

83 3169 227 3235 λῶν,
257 3171 346 3223 ὅτε
375 3169 626 3241 εἰρηνικοὶ
652 3176 743 3223 καὶ
783 3170 920 3243 φίλοι
946 3177 1359 3246 παραγεγόνασι.

165 3350 280 3400 Καὶ
318 3344 407 3398 ἐὰν
444 3378 511 3388 -
539 3348 681 3420 ὑμῶν
709 3348 845 3421 (69).
865 3348 922 3404 Ἠ
953 3351 1116 3425 χάρις
1142 3359 1232 3413 τῆς
1252 3349 1498 3416 δοθείσης
1521 3355 1722 3431 εἰρήνης

82 3437 224 3509 παρ’
270 3437 445 3508 ὑμῶν,
491 3439 522 3495 ἡ
571 3437 797 3513 ἐνέργεια
840 3448 930 3491 τοῦ
980 3442 1216 3494 τοιούτου
1273 3442 1448 3515 λόγου·
1501 3448 1609 3506 υἱὸς
1663 3442 1722 3499 δὲ

83 3526 346 3600 εἰρήνης,
371 3527 396 3577 ό
425 3525 704 3599 εἰρηνικὸς,
737 3531 805 3592 ὡς
835 3526 1099 3603 διαφόρως
1122 3531 1415 3607 εἰρήκαμεν.

160 3704 233 3757 Ei
285 3699 354 3756 δὲ
395 3734 461 3744 -
502 3702 819 3779 ἀνακάμψει.
853 3707 1143 3781 Ἀνάγνωθι
1201 3715 1289 3763 καὶ
1341 3709 1391 3763 ἕν
1421 3719 1494 3782 τῷ
1551 3711 1717 3766 ἐννεα-

76 3792 414 3865 καιδεκάτῳ
444 3794 705 3867 κεφαλαίῳ
748 3805 840 3849 τοῦ
865 3801 999 3851 κατὰ
1034 3800 1302 3852 Ματθαῐον
1346 3805 1439 3858 τήν
1471 3799 1719 3873 ἐξήγησιν

74 3892 209 3937 τοῦθ
249 3888 362 3937 Καὶ
392 3883 478 3935 ἐὰν
507 3886 598 3955 μὲν
626 3880 656 3943 ἦ
691 3887 720 3943 ἠ
755 3885 895 3939 οἰκία
920 3886 1060 3953 ἀξία,
1089 3887 1275 3941 ἐλθέτω
1307 3891 1335 3948 ἠ
1370 3891 1545 3964 εἰρήνη
1578 3892 1719 3964 ὑμῶν

72 3973 165 4025 ἐπ’
232 3972 431 4031 αὐτήν·
487 3971 573 4025 ἐὰν
652 3969 711 4026 δὲ
775 3980 847 4047 μὴ
1017 3975 1157 4043 ἀξία,
1221 3980 1252 4037 ἡ
1321 3978 1497 4054 εἰρήνη
1578 3982 1718 4053 ὑμῶν

71 4066 233 4137 πρὸς
262 4063 413 4133 ὑμᾶς
442 4059 833 4135 ἐπιστραφήτω.

155 4151 258 4206 Ἐν
291 4150 434 4224 αὐτῇ
466 4182 533 4192 -
557 4152 713 4204 αὐτοῦ
742 4150 879 4209 ἐστι.
924 4158 1022 4207 Καὶ
1049 4159 1167 4227 περὶ
1203 4159 1400 4209 τούτων
1438 4160 1626 4231 ὁμοίως
1671 4159 1719 4212 ἐν

67 4242 281 4313 ἐκείνῳ
316 4247 394 4310 τῷ
425 4239 683 4312 κεφαλαίῳ
734 4250 911 4313 σαφῶς
958 4242 1173 4318 ἐρῥήθη,
1223 4250 1409 4320 μικρὸν
1460 4246 1715 4320 ἀνωτέρω.

64 4332 341 4385 Ἐσθίειν
371 4325 434 4381 δὲ
470 4333 557 4380 καὶ
590 4334 750 4382 πίνειν
792 4332 858 4382 τὰ
894 4334 1017 4407 παρ’
1068 4333 1235 4386 αὐτῶν
1275 4334 1563 4410 ὶπέτρεψεν,
1614 4338 1719 4411 οὐχ

62 4419 305 4483 ἁπλῶς,
340 4416 450 4468 ἀλλ’
476 4419 547 4479 ὡς
566 4422 757 4487 πρέπον
789 4416 900 4471 ἐστὶ
924 4422 1189 4491 μαθηταῖς
1219 4424 1394 4477 αὐτοῦ.
1426 4432 1586 4479 Τοῦτο
1618 4430 1717 4502 γὰρ

54 4517 374 4582 γνώριμον
402 4502 465 4563 ἦν
496 4504 691 4566 αὐτοῖς.

148 4601 261 4655 Μή
297 4626 373 4636 -
400 4594 597 4648 οἰκίαν.
635 4593 718 4647 Ἐν
743 4593 903 4670 ἐκείνη
938 4604 1000 4670 τῇ
1031 4595 1279 4670 ἐξηγήσει
1302 4606 1396 4660 τήν
1425 4602 1595 4656 αἰτίαν
1626 4612 1718 4658 τοῦ

50 4693 147 4761 μὴ
187 4682 545 4759 μεταϐαίνειν
573 4684 827 4758 εὑρήσεις.

146 4779 281 4831 Καὶ
343 4773 414 4835 εἰς
487 4803 557 4814 --
615 4779 767 4828 Θεοῦ.
830 4774 1100 4829 Βασιλείαν
1165 4785 1257 4831 τοῦ
1329 4784 1456 4834 Θεοῦ
1534 4783 1714 4838 ἑαυτὸν

46 4867 227 4940 λέγει
262 4868 359 4915 νῦν
393 4863 460 4923 ὡς
512 4860 741 4936 βασιλέα
780 4869 870 4917 καὶ
918 4870 1067 4923 Θεόν.
1109 4865 1353 4940 Ἤγγικε,
1403 4876 1578 4942 φησὶν,
1625 4880 1715 4929 καὶ

44 4953 192 5014 ἤδη
244 4946 583 5024 ἕπιδημήσεε
629 4951 770 5025 ύμῖν
820 4952 960 5016 ἄξιοι
1001 4957 1225 5027 γίνεσθε,
1264 4956 1599 5031 ἑτοιμάζεσθε
1644 4963 1717 5026 εἰς

43 5037 412 5113 ὑποδοχήν.

130 5260 196 5299 σι
259 5256 467 5314 latth.
498 5272 555 5325 x,
580 5260 663 5313 t6.
803 5258 852 5295 ⁸³
892 5257 963 5315 1V
993 5258 1136 5333 Reg.
1162 5275 1243 5331 1v,
1266 5260 1355 5319 29.

1488 5265 1769 5336 “[Matth.
1810 5284 1868 5334 x,
1908 5267 1992 5324 12.

1830 3169 2178 3235 dilectionis,
2208 3167 2553 3240 signiﬁcans
2570 3167 2732 3241 quod
2762 3167 2998 3241 paciﬁci
3026 3173 3079 3225 et
3105 3166 3274 3224 amici
3312 3165 3487 3223 adve-

1830 3260 2042 3316 nerint.

1900 3350 2069 3407 Vers.
2118 3353 2168 3405 6.
2201 3349 2285 3405 Et
2311 3349 2448 3404 si—
2477 3353 2696 3405 vestra.
2736 3349 2855 3405 Hoc
2885 3349 2977 3404 est
3030 3345 3223 3417 gratia
3271 3344 3426 3402 data;
3449 3361 3486 3402 a

1829 3439 1995 3496 vobis
2016 3440 2199 3512 pacis,
2216 3436 2308 3493 vel
2324 3436 2590 3494 efﬁcacia
2605 3437 2708 3507 huj
2721 3435 2956 3493 usmodi
2976 3434 3288 3492 sermonis.
3303 3434 3485 3491 Filius

1828 3545 2068 3604 quoque
2095 3528 2258 3601 pacis
2283 3526 2497 3583 dicitur
2523 3527 2829 3600 paciﬁcus,
2861 3527 3013 3583 sicut
3039 3526 3220 3583 variis
3244 3526 3303 3581 in
3338 3524 3486 3583 locis

1828 3618 2111 3675 diximus.

1898 3710 2057 3764 Vers.
2088 3708 2142 3764 6.
2175 3707 2285 3765 Sin
2316 3739 2384 3748 —
2415 3712 2709 3763 revertar.
2767 3704 2916 3778 Lege
2958 3719 3198 3778 quoque
3253 3703 3485 3762 decimo

1826 3813 1990 3855 nono
2015 3798 2207 3871 capite
2248 3795 2543 3867 Evangelii
2567 3795 2739 3867 juxta
2783 3795 3116 3852 Matthaeum
3159 3792 3301 3849 dicti
3331 3792 3486 3849 illius

1827 3888 2263 3944 enarrationem
2303 3906 2316 3944 :
2349 3888 2431 3942 Et
2456 3886 2506 3942 si
2543 3885 2765 3958 quidem
2809 3885 2999 3955 fuerit
3025 3884 3228 3940 domus
3286 3881 3482 3954 digna,

1828 3977 2032 4035 veniat
2050 3993 2180 4047 pax
2214 3983 2401 4034 vestra
2452 3991 2628 4045 super
2658 3974 2862 4032 illam:
2917 3972 2969 4029 si
3007 3980 3199 4031 autem
3240 3972 3486 4044 indigna

1820 4065 2007 4136 fuerit
2032 4081 2152 4135 pax
2172 4073 2361 4122 vestra
2391 4065 2473 4122 ad
2494 4080 2591 4122 vos
2608 4068 3009 4121 convertatur.
3035 4064 3057 4098 ⁸

1898 4154 2063 4211 Vers.
2107 4155 2160 4209 7.
2190 4154 2260 4210 In
2289 4155 2491 4211 eadem
2528 4184 2598 4195 —
2619 4169 2725 4210 sua
2755 4158 2852 4208 est.
2891 4150 3165 4208 Similiter
3192 4150 3267 4206 de
3306 4150 3397 4206 his
3423 4148 3485 4205 in

1827 4243 1922 4300 illo
1977 4243 2165 4316 capite
2215 4242 2522 4299 manifeste
2574 4241 2797 4297 dictum
2858 4245 2948 4295 est
2973 4238 3155 4311 paulo
3182 4238 3483 4309 superius.

1827 4333 2023 4389 Edere
2049 4337 2246 4388 autem
2281 4347 2352 4387 ac
2368 4330 2571 4387 bibere
2601 4329 2893 4402 permisit,
2919 4344 3049 4401 quae
3081 4327 3159 4384 ab
3182 4326 3482 4398 illoporri-

1827 4426 2142 4495 gerentur;
2172 4437 2291 4477 non
2319 4420 2679 4493 simpliciter,
2704 4418 2813 4475 sed
2835 4419 2985 4474 sicut
3004 4415 3325 4488 discipulos
3342 4429 3483 4472 suos

1828 4512 2071 4570 decebat
2102 4527 2114 4567 :
2147 4512 2263 4568 hoc
2291 4511 2451 4567 enim
2490 4508 2636 4581 ipsis
2675 4514 2883 4564 notum
2920 4511 3065 4571 erat,

1899 4601 2134 4659 Vers.7.
2165 4600 2368 4658 Nolite
2412 4625 2473 4636 —
2518 4599 2770 4655 domum.
2835 4597 2900 4653 In
2955 4594 3058 4652 illa
3107 4593 3484 4651 enarratione

1824 4692 2006 4765 hujus
2082 4706 2327 4748 causam
2358 4687 2646 4746 invenies.

1930 4783 2095 4841 Vers.
2155 4784 2205 4838 8.
2252 4781 2322 4836 Et
2392 4777 2456 4837 in
2486 4810 2554 4819 —
2584 4777 2752 4834 Vers.
2804 4777 2859 4832 9.
2911 4775 3037 4833 Dei.
3082 4776 3355 4845 Regnum
3383 4772 3484 4832 Dei

1824 4890 1986 4932 nunc
2007 4871 2296 4945 seipsum,
2316 4868 2599 4943 appellat,
2642 4871 2930 4940 tanquam
2954 4880 3158 4938 regem
3186 4879 3257 4921 ac
3282 4864 3492 4926 Deum.

1825 4960 2367 5038 Appropinquavit,
2408 4957 2621 5032 inquit,
2648 4961 2707 5014 et
2739 4955 2869 5029 jam
2903 4954 3251 5012 deversatur
3287 4954 3483 5012 vobis-

1827 5070 1967 5111 cum
1999 5068 2014 5119 ;
2043 5050 2211 5123 digni
2258 5046 2589 5115 habemini,
2622 5046 2726 5121 qui
2756 5043 3185 5120 prmparamini
3240 5043 3312 5102 ad
3353 5042 3484 5116 ejus

1823 5143 2267 5217 susceptionem

2154 5268 2201 5304 “
2228 5264 2372 5324 Ibid.
2409 5268 2493 5322 13.

1314 5388 1535 5460 Variae
1564 5391 1893 5463 lectiones
1943 5404 2008 5462 et
2046 5404 2247 5461 notae.

154 5529 290 5589 67)
332 5525 664 5582 Βαλλάντιον.
700 5530 766 5583 Α.

154 5535 253 5589 67
332 5529 664 5582 Βαλλάντιον.
700 5530 766 5583 Α.

332 5598 521 5683 Igitur
565 5599 1072 5683 etiamncnnulli,
1113 5601 1230 5683 sed
1276 5607 1518 5683 temere,
1551 5610 1718 5683 apud

28 5670 441 5741 Minimum
503 5670 546 5728 l.
597 5670 639 5728 l.
696 5670 1055 5737 intulerunt:
1094 5670 1717 5754 Λέγοντιςῇεἰρῆνηίτῷ

1828 5539 1955 5609 οἴκῳ
1979 5539 2167 5609 τούτῳ.

1898 5595 2011 5683 (69)
2036 5609 2095 5667 Ἡ
2118 5595 2341 5666 ὀωίιιίι
2361 5604 2430 5663 Α.
