3994 6218
551 281 660 338 959

553 515 774 571 quaere,
812 499 913 554 ubi
936 499 1301 556 declaratum
1325 495 1574 554 estillud
1602 513 1615 551 :
1651 495 1723 550 Et
1749 494 2074 566 quicunque
2099 504 2217 544 non

554 591 868 658 susceperit
906 606 1002 644 vos
1042 591 1110 640 ⁸⁵.

626 680 784 734 Vers.
814 681 896 734 11.
949 680 1164 735 Tamen
1195 709 1262 719 —
1288 677 1411 734 Dei.
1437 679 1556 732 Hoc
1583 673 1885 748 protestari
1941 663 2222 745 praecepit

559 765 903 833 incredulis,
938 784 1010 823 ne
1069 768 1264 823 dicere
1310 771 1558 839 possent
1594 787 1606 821 :
1649 767 1774 821 Non
1828 759 2218 832 cognovimus

555 855 879 912 adventum
909 863 1095 922 tuum,
1119 856 1386 911 Domine.

609 952 772 1006 Vers.
802 950 887 1003 l2.
919 947 1057 1002 Dico
1087 979 1154 985 —
1185 946 1295 1001 illi.
1326 944 1614 1000 Praedicto
1645 945 1836 1016 capite
1883 946 2059 1002 etiam
2090 947 2219 1003 haec

558 1038 980 1098 convenienter
1017 1036 1317 1092 declarata
1345 1039 1505 1090 sunt.

631 1133 792 1185 Vers.
843 1131 928 1185 13.
1004 1130 1096 1184 Vae
1151 1159 1204 1168 ο
1253 1125 1635 1194 paenituisset.
1671 1125 1878 1190 Quaere
1928 1126 2213 1182 vicesimo

565 1219 945 1292 capitejuxta
975 1217 1337 1283 Matthaeum,
1376 1214 1473 1270 ubi
1525 1214 1742 1268 dicitur
1777 1230 1788 1268 :
1855 1216 2011 1269 Tunc
2060 1217 2225 1287 rmqit

564 1309 930 1379 exprobrare
954 1306 1307 1369 civitatibus,
1337 1306 1398 1360 in
1415 1304 1625 1375 quibus
1651 1303 1808 1360 editae
1827 1306 2064 1374 fuerant
2097 1307 2224 1377 ptu-

564 1401 738 1456 rimae
767 1399 1000 1453 virtutes
1034 1398 1175 1465 ejus,
1237 1395 1507 1465 quodnon
1593 1394 1967 1463 resipuissent
2025 1396 2071 1429 ⁸⁸
2102 1411 2115 1460 ;
2147 1394 2229 1451 ibi

560 1487 714 1544 enim
743 1491 796 1542 et
827 1486 899 1540 de
939 1485 1032 1540 his
1074 1485 1301 1540 dictum
1330 1487 1440 1537 est.

630 1577 791 1632 Vers.
835 1578 922 1632 14.
965 1574 1370 1630 Verumtamen
1401 1602 1468 1611 —
1500 1571 1677 1627 vobis.
1713 1570 1915 1638 Vobis,
1943 1577 2100 1642 puta,
2137 1571 2232 1628 in-

559 1665 838 1722 credulis.
872 1665 991 1719 Hoc
1033 1678 1278 1735 quoque
1335 1661 1482 1716 dixit
1534 1660 1771 1716 decimo
1813 1677 1964 1717 nono
2034 1662 2229 1734 capite

1879 273 2226 332 EUTHYMll
2270 271 2602 330 ZIGABENI
3747 271 3817 327 960

625 410 785 466 Vers.
827 410 911 464 10.
943 409 1009 466 1η
1058 441 1128 450 —-
1174 409 1334 464 Vers.
1378 407 1466 462 11.
1528 421 1646 461 vos.
1677 403 1763 460 lbi
1811 403 1884 460 de
1918 403 2012 458 his
2035 399 2217 455 etiam
2249 398 2295 452 A

2404 400 2493 462 Εἰς
2541 433 2605 440 -
2660 403 2807 473 ὑμῖν.
2883 401 3015 453 Ἐκεί
3074 404 3165 452 καὶ
3231 402 3347 472 περὶ
3409 398 3583 448 τούτων
3645 396 3818 460 ζήτησον,

2331 492 2450 542 ἔνθα
2501 492 2803 563 ἡρμηνεύθη
2855 495 2933 546 τό.
3002 494 3101 543 Καὶ
3157 489 3212 551 ὂς
3276 487 3336 539 ἂν
3389 485 3496 558 (70)
3542 489 3604 557 μὴ
3677 481 3823 548 δέξηται

2329 580 2486 651 ὑμᾶᾳ

2403 672 2536 726 Πλὴν
2565 699 2629 710 —-
2663 676 2814 722 Θεοῦ.
2838 676 3001 722 Τοῦτο
3032 666 3317 742 προσέταξε
3334 662 3827 736 ὃιαμαρτύρασθαιτοῖς

2332 759 2615 828 ἀπειθὲσιν,
2651 761 2732 810 ἵνα
2753 763 2824 832 μὴ
2861 755 3118 811 δύνωνται
3138 758 3318 828 λέγειν,
3344 755 3463 807 Ὀτι
3487 753 3570 805 ούκ
3589 755 3827 823 ἔγνωμεντὴν

2329 853 2624 919 παρουσίαν
2654 868 2767 915 σου,
2816 851 2987 922 Κύριε.

2402 942 2551 1008 Λέγω
2583 969 2648 976 -
2680 939 2864 1012 ἐκείνῃ.
2899 939 2981 990 Ἐν
3011 945 3083 1007 τῷ
3113 939 3327 1006 τοιούτῳ
3357 932 3599 1005 κεφαλαίῳ
3629 931 3832 982 nimia

2332 1031 2701 1099 προσηκόντως
2732 1029 3154 1102 ἡρμηνεύθησαν.

2404 1116 2539 1168 Ούαί
2603 1149 2671 1156 -
2748 1122 3081 1190 μετενόησαν.
3158 1119 3399 1171 Ζήτησον
3456 1110 3500 1162 ἐν
3562 1117 3625 1179 τῷ
3683 1111 3835 1175 εἰκοστῷ

2333 1206 2591 1278 κεφαλαίῳ
2667 1214 2758 1259 τοῦ
2832 1208 2965 1258 κατὰ
3040 1206 3308 1258 Ματθαίον
3388 1205 3464 1253 τό·
3526 1205 3638 1252 Τότε
3703 1197 3834 1269 ἤρξατο

2337 1293 2608 1356 ὀνειδίζειν
2637 1299 2726 1357 τὰς
2755 1295 2944 1360 πόλεις,
2976 1293 3022 1346 ἐν
3054 1295 3137 1354 αἷς
3172 1293 3398 1364 ἐγένοντο
3427 1292 3479 1342 αἱ
3507 1289 3712 1340 πλεῖσται
3731 1283 3836 1337 ὄννιὲ⁸

2337 1405 2446 1458 μεις
2478 1385 2658 1453 αύτου,
2689 1387 2766 1438 ὅτι
2797 1385 2854 1437 ού
2888 1389 3221 1457 μετενόησαν.
3258 1383 3392 1433 Ἐκεῖ
3428 1381 3524 1454 γὰρ
3551 1381 3629 1428 καὶ
3653 1379 3742 1448 περὶ
3763 1377 3838 1425 τοὺ-

2337 1495 2432 1527 των
2465 1478 2684 1548 εἴρηται.

2413 1565 2551 1623 Πλὴν
2601 1597 2666 1604 —
2735 1565 2875 1637 ύμῖν.
2930 1563 3093 1635 Ὑμῖν,
3181 1568 3285 1620 τοῖς
3355 1558 3600 1622 ἁπειθέσι,
3655 1551 3839 1609 δηλονότι.

2343 1653 2464 1707 Eii-rs
2517 1651 2576 1706 δὲ
2623 1661 2772 1706 τοῦτο
2830 1658 2918 1705 καὶ
2977 1652 3025 1704 ἐν
3080 1659 3150 1721 τῷ
3200 1645 3620 1715 ἐννεακαιδεκάτῳ
3661 1641 3841 1713 aesonius

559 1753 857 1825 Evangelii
891 1730 1442 1814 iuxtaMa—tthaeum,
1477 1754 1532 1804 et
1563 1749 1643 1805 ibi
1695 1750 1822 1820 lege
1882 1750 2021 1806 dicti
2073 1730 2226 1807 illius

2343 1751 2431 1796 τοῦ
2488 1746 2623 1795 κατά
2671 1745 2952 1806 Ματθαῐον,
3014 1745 3103 1792 καὶ
3157 1738 3417 1808 ἀνάγνωθι
3475 1740 3560 1792 τὴν
3617 1733 3737 1784 λύσιν
3781 1730 3845 1781 iui

559 1844 1022 1901 declarationem
1041 1859 1053 1896 :
1070 1844 1245 1897 Amen
1259 1841 1376 1895 dico
1406 1839 1581 1904 vobis,
1599 1839 1972 1896 toterabitius
1989 1841 2102 1896 erit
2122 1848 2233 1897 ter-

562 1949 649 1992 rae
668 1933 1038 1989 Sodomorum
1061 1933 1113 1986 et
1131 1928 1796 1999 Gomorrhorum,quam
1812 1928 2042 1985 civitati
2060 1929 2230 1988 illi".

631 2113 798 2168 Vers.
833 2112 920 2166 15.
967 2111 1041 2165 Et
1074 2113 1134 2164 tu
1161 2140 1231 2150 —
1287 2107 1640 2164 detraheris.
1696 2106 1991 2163 Vicesimo
2037 2109 2233 2180 capite

561 2201 862 2268 Evangelii
888 2198 1216 2256 secundum
1254 2197 1592 2254 Matthmum
1649 2195 1820 2252 etiam
1856 2196 1928 2252 de
1958 2197 2073 2254 hac
2111 2197 2232 2252 dic-

563 2297 680 2346 tum
702 2295 808 2356 est,
839 2289 916 2345 ibi
949 2303 1092 2356 ergo
1139 2303 1360 2360 quaere.

666 2381 826 2435 Vers.
861 2383 949 2436 16.
994 2379 1103 2446 Qui
1143 2378 1305 2432 audit
1354 2390 1552 2430 —me.
1614 2375 2012 2447 Rejectionem
2069 2376 2228 2432 hanc

561 2474 735 2525 vocat
764 2469 1226 2524 incredulitatem
1260 2470 1314 2522 et
1339 2465 1733 2521 aversionem.
1767 2469 1846 2521 Ne
1888 2466 2044 2521 enim
2079 2483 2227 2522 moe-

563 2575 692 2615 rore
750 2558 1104 2621 afﬁciantur,
1160 2573 1297 2612 cum
1349 2563 1733 2628 spernuntur,
1785 2555 1967 2611 dicit:
2028 2555 2228 2611 Vestra

561 2649 778 2719 injuria
827 2663 932 2719 per
972 2663 1074 2702 vos
1112 2646 1169 2701 in
1201 2662 1294 2701 me
1311 2645 1572 2710 recurrit,
1631 2645 1729 2716 qui
1763 2645 1893 2700 misi
1934 2662 2039 2699 vos
2072 2662 2088 2699 :
2122 2661 2227 2716 per

563 2750 658 2790 me
690 2739 910 2801 autem,
941 2733 1000 2788 in
1029 2732 1262 2788 Patrem
1297 2745 1516 2794 meum,
1550 2731 1657 2802 qui
1691 2729 1846 2785 misit
1897 2746 2011 2785 me.

632 2824 797 2879 Vers.
831 2824 914 2878 17.
942 2823 1174 2879 Rei'ersi
1193 2853 1261 2862 —
1279 2827 1460 2876 tuum.
1488 2819 1856 2884 Gaudebant,
1873 2819 2035 2891 quod
2058 2819 2225 2890 digni

561 2913 926 2969 haberentur
977 2918 1032 2967 et
1089 2910 1376 2967 miracula
1442 2910 1636 2977 edere,
1683 2915 1736 2964 et
1786 2909 2079 2964 daemonia
2113 2909 2225 2964 sibi

564 3002 876 3073 subjicere.

634 3092 798 3147 Vers.
837 3094 916 3146 l8.
949 3090 1107 3147 Dixit
1151 3121 1204 3131 —
1231 3090 1555 3146 cadentem.
1585 3087 1844 3144 Causam
1877 3087 2229 3157 signiﬁcavit
2267 3111 2306 3165 ρ

563 3180 950 3252 subjectionis
1016 3179 1444 3236 daemoniorum
1512 3179 1648 3252 quia
1701 3177 1906 3233 cecidit
1949 3178 2226 3249 princeps

564 3286 791 3335 eorum,
826 3271 928 3343 qui
959 3270 1138 3326 fortes
1176 3270 1300 3326 illos
1326 3269 1616 3324 reddebat
1661 3283 1730 3324 ac
1757 3267 2145 3333 confortabat,
2171 3273 2226 3322 et

559 3362 687 3430 jam
718 3360 890 3416 facile
922 3360 993 3416 de
1009 3360 1331 3416 vincuntur.
1381 3358 1690 3431 Siquidem
1721 3363 1858 3414 ante
1906 3357 2227 3412 Salvatoris

562 3451 1033 3507 incarnationem
1075 3450 1132 3504 in
1174 3448 1427 3504 sublime
1469 3447 1785 3512 ferebatur,
1821 3451 1876 3502 et
1906 3451 2226 3517 tyrannum

565 3541 800 3608 agebat,
833 3556 900 3594 ac
943 3542 1152 3609 potens
1184 3543 1308 3593 erat
1344 3557 1354 3594 :
1389 3553 1526 3592 cum
1558 3540 1759 3592 autem
1803 3537 1956 3589 Deus
1987 3535 2044 3589 in
2075 3541 2231 3590 terra

566 3643 670 3699 per
701 3643 941 3682 carnem
969 3627 1397 3691 devorsaretur,
1435 3625 1658 3684 cecidit.
1691 3639 1808 3678 non
1837 3639 1870 3677 a
1892 3623 2020 3678 celo
2049 3643 2060 3680 :
2087 3623 2230 3679 olim

566 3715 727 3770 enim
755 3715 890 3770 inde
921 3713 1236 3781 ceciderat,
1265 3729 1375 3768 nec
1405 3711 1658 3782 amplius
1683 3728 1752 3767 eo
1786 3711 2054 3767 ascendit
2083 3730 2095 3766 :
2124 3713 2230 3767 sed

568 3820 604 3860 δ.
653 3803 812 3858 dicta
851 3802 1215 3865 celsitudine,
1261 3799 1578 3872 tyrannide
1630 3817 1700 3856 ac
1739 3800 2024 3872 potentia.
2087 3801 2230 3857 Dicit

568 3907 755 3962 ergo:
797 3891 1070 3948 Videbam
1116 3890 1411 3955 Satanam,
1465 3895 1783 3962 postquam
1827 3890 2099 3946 videlicet
2124 3891 2231 3947 hu-

568 3980 920 4037 mauitatem
944 3979 1248 4052 assumpsi
1275 3979 1607 4045 cadentem,
1639 3983 1699 4034 ut
1733 3978 1952 4048 fulgur,
1980 3979 2143 4051 quod
2161 3980 2232 4035 de

571 4069 720 4127 coelo
751 4069 926 4126 cadit.

641 4159 891 4226 Quidam
918 4162 1118 4216 autem
1142 4157 1343 4214 caelum
1372 4156 1700 4230 intelligunt
1721 4157 1832 4214 hoc
1851 4155 1983 4214 loco
2010 4173 2230 4223 aerem,

567 4250 626 4306 in
657 4266 778 4323 quo
807 4248 1034 4305 versari
1063 4247 1282 4316 gaudet
1313 4249 1584 4304 Satanas.
1619 4251 1764 4303 Nam
1795 4252 1849 4302 et
1889 4263 1991 4302 aer
2015 4247 2234 4303 ccelum

569 4340 786 4398 dicitur
844 4355 858 4395 :
915 4339 1214 4404 Votucres,
1257 4337 1643 4410 iuquit,cazti.
1698 4339 1848 4393 Usus
1914 4340 2003 4392 est
2045 4342 2233 4392 autem

570 4430 822 4500 fulguris
854 4428 1489 4501 exemplo,osteudens
1521 4427 1956 4484 vehementiam
1991 4443 2059 4482 ac
2091 4426 2236 4482 velo-

572 4521 805 4578 citatam
837 4537 1014 4577 casus
1062 4518 1239 4574 illius.

642 4611 801 4664 Vers-
846 4609 931 4664 19.
965 4611 1117 4664 Ecce
1141 4640 1209 4648 -—
1235 4608 1596 4678 scorpiones.
1625 4608 1934 4679 Serpentes
1976 4621 2050 4661 ac
2083 4621 2237 4662 scor-

573 4697 781 4768 piones
805 4697 1226 4766 intelligibiles,
1258 4698 1360 4769 qui
1403 4696 1636 4753 animas
1670 4695 1944 4751 mordent
1966 4712 2033 4751 ac
2063 4694 2240 4750 devo-

573 4789 720 4840 rant.
755 4786 839 4840 Ita
865 4791 1063 4841 autem
1109 4786 1413 4842 daemones
1459 4785 1800 4859 appellavit,
1859 4801 1980 4840 non
2034 4783 2240 4842 sOlum

574 4873 1314 4946 propterinsidias,veneni
1330 4874 1750 4946 jaculationem
1768 4873 2239 4941 acinfectiouem,

577 4962 681 5020 sed
720 4967 776 5018 et
824 4966 1067 5035 propter
1122 4963 1481 5021 debilitatem
1536 4981 1606 5022 ac
1660 4963 1986 5036 ignaviam.
2022 4963 2241 5020 Verum

574 5051 739 5126 quod
769 5051 844 5107 de
871 5050 1230 5109 daemonibus
1258 5053 1558 5127 loquatur,
1624 5053 1942 5111 manifesta
1961 5052 2043 5120 id,
2076 5053 2242 5125 quod

577 5140 868 5199 subditur.

649 5295 696 5330 ⁵⁵
729 5293 932 5350 Matth.
971 5309 1032 5360 Χ,
1065 5293 1152 5347 14.

1285 5295 1332 5331 ⁸⁸
1358 5294 1563 5352 Matth.
1589 5312 1670 5364 χι,
1701 5299 1790 5352 20.
1823 5296 1870 5331 ⁸⁷
1902 5291 2104 5350 Matth.
2142 5308 2200 5359 x,
2233 5294 2320 5348 15.

2343 1841 2453 1885 τοῦ·

2344 1920 2518 1995 δόμων
2565 1927 2654 1973 καὶ
2695 1920 2963 1995 Γομόρρων
3009 1921 3059 1971 ἐν
3111 1921 3279 1991 ἡμέρᾳ
3328 1912 3626 1988 κρίσεως,ἣ
3668 1918 3715 1980 τῇ
3755 1908 3846 1958 πόλει
3930 1925 3931 1964 ;

2343 2011 2503 2084 ἐκείνῃ
2517 2053 2529 2065 .

2416 2105 2515 2154 Καὶ
2549 2104 2613 2153 σὺ
2645 2132 2710 2141 -
2740 2097 3203 2168 καταϐιϐασθήσῃ.
3237 2095 3318 2146 Ἐν
3344 2100 3418 2164 τῷ
3451 2092 3649 2158 εἰκοστῷ
3667 2085 3848 2158 taedai“

2341 2199 2432 2243 τοῦ
2479 2193 2613 2242 κατά
2665 2191 2931 2242 Ματθαίον
2993 2190 3196 2262 εἴρηται
3255 2188 3346 2235 καὶ
3404 2187 3516 2255 περὶ
3569 2181 3744 2236 ταύτης,
3791 2178 3848 2221 καὶ

2346 2283 2408 2343 ζὴ
2417 2300 2478 2338 τη
2489 2299 2576 2332 σον
2609 2277 2656 2331 ἐν
2690 2277 2886 2349 ἐκείνῳ.

2408 2370 2466 2422 '0
2519 2368 2716 2420 ἁκούων
2775 2398 2841 2408 --
2888 2385 2968 2438 με.
3023 2364 3295 2421 Ἀθέτησιν
3347 2361 3486 2432 λέγει
3535 2362 3618 2416 τὴν
3667 2354 3849 2406 intuiti”

2339 2465 2427 2512 καὶ
2459 2459 2812 2531 ἀποστροφήν.
2854 2455 2964 2508 Ἰνα
2991 2457 3094 2527 γὰρ
3148 2457 3220 2524 μὴ
3274 2452 3539 2503 λυπῶνται
3589 2445 3848 2514 Nimiumst.

2339 2554 2516 2621 φησὶν,
2559 2551 2637 2600 ὅτι
2673 2547 2732 2599 Ἦ
2763 2547 2982 2618 ὑμετέρα
3030 2542 3200 2618 ὕϐρις,
3253 2537 3324 2593 δι’
3380 2541 3524 2611 ὑμῶν
3573 2540 3668 2607 μὲν.
3707 2531 3761 2591 εἷς
3797 2545 3852 2597 ῖμε

2338 2637 2637 2710 ἀνατρέχει,
2689 2639 2774 2687 τὸν
2821 2633 3195 2686 ἀποστείλαντα
3243 2629 3415 2703 ύϐριςο
3474 2623 3542 2679 δι’
3582 2623 3686 2695 ἐμοῦ
3721 2617 3779 2675 δὲ.
3808 2633 3850 2670 εἰς

2337 2732 2422 2780 τόν
2457 2732 2662 2799 Πατέρα
2697 2744 2796 2796 μου
2825 2727 2908 2775 τὸν
2941 2720 3318 2774 ἀποστείλαντά
3344 2737 3430 2790 με.

2406 2815 2758 2887 Ὑπέστρεψαν
2827 2843 2897 2853 -
2975 2831 3088 2864 σου.
3159 2808 3441 2880 Ἐχαιρον,
3515 2807 3576 2863 ὡς
3637 2800 3856 2863 imam“

2340 2909 2752 2978 θαυματουργεῑν
2778 2907 2866 2954 καὶ
2892 2901 3210 2953 ύποτάσσειν
3236 2901 3300 2949 τα
3332 2893 3598 2966 δαιμόνια.

2414 3083 2536 3138 Eius
2587 3115 2650 3123 —
2700 3085 2942 3134 πεσόντα.
2999 3074 3266 3135 Ἐδήλωσε
3319 3096 3416 3133 την
3477 3073 3635 3126 uitiis
3681 3076 3752 3125 τῆς
3793 3071 3858 3112 τῶν

2345 3175 2604 3247 δαιμόνων
2661 3174 2953 3241 ὑποταγῆς,
3015 3171 3095 3220 ὅτι
3142 3175 3410 3220 πέπτωκεν
3461 3166 3484 3216 ὁ
3526 3164 3687 3235 ἄρχων
3727 3160 3857 3205 αἰτῶν.

2340 3268 2365 3318 ό
2415 3264 2672 3335 ἐνισχύων
2723 3261 2933 3322 αύτούς,
2991 3263 3080 3310 καὶ
3136 3257 3314 3308 λοιπόν
3375 3255 3773 3322 εύκαταγώνιστοι
3809 3258 3863 3310 7i-

2338 3371 2543 3426 ’γονασν
2584 3356 2684 3424 πρὸ
2730 3353 2818 3422 μὲν
2865 3352 2966 3422 ’γὰρ
3023 3355 3112 3407 τῆς
3156 3347 3591 3417 ἐνανθρωπὴσεως
3627 3344 3704 3390 τού
3738 3337 3862 3385 Σωτέ-

2341 3465 2448 3517 ρος,
2484 3443 2556 3505 εἰς
2598 3440 2745 3512 ὕψος,
2809 3443 2981 3513 ᾔρετο,
3032 3441 3122 3488 καὶ
3167 3435 3450 3508 ἐτυράννει,
3496 3435 3582 3483 καὶ
3622 3431 3768 3496 ἴσχυε.
3795 3425 3862 3471 τε,

2343 3541 2474 3587 Θεοῦ
2509 3529 2566 3584 δε
2597 3539 2658 3602 τῇ
2699 3537 2766 3601 γῇ
2813 3525 2908 3580 διὰ
2941 3529 3133 3600 σαρκὸς
3163 3520 3606 3595 ἐπιδημήσαντος,
3653 3521 3860 3567 πέπτωκεν·

2343 3624 2435 3676 οὐκ
2481 3621 2579 3673 ἀπὸ
2619 3628 2710 3672 τού
2757 3619 2994 3692 ούρανοῦ⁸
3048 3617 3209 3666 πάλαι
3263 3617 3365 3686 γὰρ
3424 3610 3511 3664 ἀπ’
3568 3607 3702 3660 αὐτοῦ
3747 3615 3863 3652 πεσωι

2343 3713 2513 3766 ούκέτι
2576 3709 2736 3760 αὑτοῦ
2787 3704 2961 3763 ἐπέϐη·
3016 3703 3122 3755 ἀλλ’
3180 3701 3278 3774 τὶμό
3331 3709 3430 3753 τοῦ
3490 3700 3710 3773 ῥηθέντος
3749 3686 3864 3757 θένουῖ

2343 3806 2431 3852 καὶ
2461 3808 2556 3860 τῆς
2585 3791 2893 3872 τυραννίδος
2930 3799 3018 3845 καὶ
3066 3801 3157 3852 τῆς
3191 3791 3413 3862 ἰσχύος,
3458 3792 3603 3858 Λέγει
3631 3787 3781 3839 τοίνυν,
3812 3790 3864 3822 ῠτι

2343 3892 2622 3963 Ἐθεώρουν
2703 3889 2789 3937 τόν
2867 3888 3116 3946 Σατανᾶν,
3202 3881 3330 3952 μετὰ
3411 3881 3469 3930 τό
3555 3872 3865 3943 ἑνανθρωπξσεί

2343 3999 2404 4051 με
2455 3975 2716 4034 δηλονότι.
2776 3978 3019 4038 πεσόντα,
3085 3973 3154 4032 ὡς
3203 3968 3506 4040 ἀστραπὴν,
3566 3964 3616 4015 ἐκ
3671 3959 3759 4028 (71)
3805 3959 3864 4000 τεὺ

2344 4069 2584 4141 ούρανοῦ.
3761 4133 3775 4141 _
3806 4127 3814 4136 ι

2415 4160 2558 4217 Τινὲς
2609 4152 2667 4207 δὲ
2715 4152 2928 4228 οὐρανόν
2977 4148 3198 4202 ἐνταῦθα
3233 4150 3319 4199 τόν
3361 4146 3492 4219 ἀέρα
3527 4133 3864 4199 vacuam-159"

2347 4247 2628 4320 φιλοχώρεί
2659 4245 2682 4295 ό
2723 4247 2962 4300 Σατανᾶς.
3000 4243 3219 4309 Λέγεται
3247 4239 3347 4310 γὰρ
3405 4235 3613 4309 οὐρανός
3637 4231 3713 4278 καὶ
3739 4243 3757 4274 ο
3783 4235 3861 4286 περι

2345 4340 2422 4389 Τά
2451 4337 2654 4388 πετεινά
2691 4337 2790 4406 γήρ
2837 4349 2966 4402 φησι
3011 4337 3101 4380 τού
3151 4326 3392 4399 ούρανοῦ.
3430 4331 3516 4392 Τῷ
3565 4311 3865 4393 παραδείγματι

2352 4423 2408 4478 δὲ
2447 4434 2541 4486 τῆς
2573 4423 2841 4495 ἀστραπῆς
2883 4419 3166 4490 ἐχρήσατο,
3203 4415 3466 4488 ἐμφαίνων
3508 4414 3564 4462 τὸ
3607 4399 3865 4478 σνοδρδνω

2350 4515 2438 4577 ὀξύ
2469 4522 2563 4574 τῆς
2587 4518 2827 4570 πτώσεως
2859 4509 3039 4562 αὐτοῦ.

2421 4600 2561 4655 Ἰδοὺ
2617 4632 2681 4640 -
2745 4602 3024 4672 σκορπίων.
3082 4593 3281 4666 Ὀφεων
3341 4597 3434 4643 καὶ
3516 4588 3760 4660 neptim,
3803 4591 3861 4622 T'v‘a

3621 4677 3636 4686 ιο
3737 4665 3770 4686 9|,
3794 4665 3864 4686 Δμῖ.

2352 4690 2638 4744 δακνόντων
2664 4694 2752 4741 καὶ
2782 4690 3167 4759 τιτρωσκόντων
3195 4685 3287 4744 τὰς
3316 4681 3526 4753 ψυχάς,
3571 4681 3702 4728 Οὖτω
3729 4681 3774 4719 δέ
3794 4681 3864 4758 τευ,

2352 4779 2605 4854 δαίμονας
2653 4779 2936 4849 ὠνόμασεν,
2982 4774 3040 4827 ού
3095 4777 3245 4845 μόνον
3302 4768 3397 4822 διὰ
3444 4774 3500 4820 τό
3545 4763 3773 4818 ἐπίϐουλοι
3809 4767 3864 4800 και

2354 4870 2546 4924 ἰοϐόλον
2589 4873 2677 4920 καὶ
2708 4868 3010 4939 φθαρτικόν,
3058 4861 3183 4914 ἀλλὰ
3225 4864 3315 4912 καὶ
3358 4855 3456 4911 διὰ
3508 4860 3562 4908 τό
3606 4852 3865 4941 ἀσθενὲς

2351 4961 2619 5014 εύὰλωτόν.
2652 4957 2770 5010 Ὀτι
2806 4952 2865 5009 δε
2895 4959 3010 5030 περὶ
3055 4960 3154 5005 τῶν
3196 4946 3462 5022 δαιμόνων
3515 4947 3659 5017 λέγει,
3699 4934 3864 4992 att-“7:

2353 5051 2688 5123 ἐπαγόμενον.

1786 5471 2013 5538 Varia:
2051 5467 2378 5536 lectiones
2409 5475 2473 5533 et
2503 5472 2707 5531 notae.

653 5669 762 5739 (70)
791 5666 881 5729 ’ος
907 5664 1009 5720 ἐάν.
1077 5665 1143 5720 Β.

2427 5662 2542 5736 (7t)
2569 5664 2698 5731 Τὴν,
2733 5661 2865 5715 ante
2892 5655 2968 5722 ἐκ,
3000 5653 3166 5712 addit
3190 5654 3257 5710 Δ.

2519 1834 2688 1904 Ἀμὴν
2749 1832 2879 1902 λέγω
2937 1831 3076 1902 ύμῖν,
3145 1827 3468 1898 ἀνεκτότερον
3531 1826 3661 1875 ἔσται
3703 1827 3754 1891 γῇ
3792 1825 3844 1869 Σο-
3930 1825 3931 1880 1
