3994 6218
145 244 220 302 961
1200 232 1555 293 COMMENT.
1599 234 1668 292 IN
1704 233 1974 294 LUCAM.
2016 244 2084 278 '--
2114 239 2268 295 CAP.
2305 239 2370 295 Χ.

3345 251 3451 307 962

197 369 363 423 Καὶ-
395 361 606 437 έχθροῦ.
652 369 757 416 Τοῦ
798 368 986 421 νοητοῦ
1032 360 1338 435 δράκοντος.
1393 359 1541 416 Ἰδὼν
1580 365 1676 437 γὰρ

1863 363 2025 420 Vers.
2090 368 2172 422 19.
2225 367 2301 422 Et
2370 365 2613 425 inimici.
2688 367 2989 441 Videlicet,
3053 373 3446 446 intelligibilis

142 458 290 515 αὐτοὺς
326 456 595 526 χαίροντας
633 452 719 505 ἐπὶ
764 461 826 525 τῇ
858 461 959 505 τῶν
987 449 1271 525 δαιμονίων
1307 453 1568 524 ὑποταγῇ,
1603 449 1681 504 δί-

142 543 247 599 δωσι
276 546 352 615 μεν
383 540 550 603 αὐτοῖς
581 538 794 601 διηνεκῆ
836 547 924 600 τὴν
976 542 1088 594 κατ’
1129 542 1296 594 αὐτῶν
1327 539 1589 610 ὶξουσίαν,
1622 541 1683 599 ἢν

144 638 405 706 πρόσκαιρον
453 629 654 695 ἔλαϐον,
695 633 777 683 ὅτε
832 639 1031 704 πρῶτον
1073 629 1409 692 ἀπεζάλησαν
1452 648 1463 661 ·
1494 649 1681 704 παραι-

142 731 199 775 νεῖ
218 718 289 779 δε.
318 725 382 792 μη
431 725 639 793 χαίρειν
678 719 761 773 ἰπὶ
817 724 1005 793 ταύτῃ,
1066 717 1207 773 διότι
1246 720 1341 772 οὐκ
1390 717 1443 782 ἐξ
1488 718 1686 790 ἀγῶνος

144 813 421 883 προσεγένετο
459 812 679 875 τούτοις,
710 808 818 861 ἀλλ’
869 809 924 861 έκ
955 806 1174 883 δωρεᾶς,
1210 806 1303 861 διὰ
1332 811 1455 869 τοὺς
1493 805 1684 877 ὠφελη-

145 905 266 959 θῆναι
289 898 560 970 μελλοντας.
586 902 676 957 Εἷη
712 896 826 952 δ’ἆν
858 895 1075 972 δύναμις
1104 907 1194 952 τοῦ
1217 897 1412 970 ἐχθροῦ
1434 896 1492 949 ού
1531 901 1683 967 μόνον

141 992 179 1041 οἱ
203 986 426 1061 δαίμονες,
475 987 605 1040 ἀλλὰ
642 993 731 1041 καὶ
774 990 952 1050 πάντες
990 990 1039 1041 οἱ
1090 987 1143 1052 ἐξ
1184 987 1353 1040 αὐτῶν
1391 981 1686 1046 πολυειδεῖς

141 1083 386 1152 πειρασμοί.

191 1170 307 1228 Τινὲς
329 1163 380 1218 δὲ
400 1172 490 1219 καί
522 1168 588 1218 τὰ
607 1169 879 1241 φθείροντα
908 1170 1024 1229 τοὺς
1063 1166 1362 1241 ἀνθρώπους
1395 1166 1554 1239 θηρία
1585 1158 1683 1215 δύ-

142 1257 410 1328 ναμιναύτοῦ
434 1255 695 1327 λέγουσιν,
752 1259 822 1319 ὡς
849 1260 1123 1331 χρωμένου
1164 1261 1252 1308 καὶ
1308 1258 1519 1315 τούτοις
1565 1253 1683 1306 καθ’

141 1346 270 1415 ἡμῶν.

194 1439 272 1486 Καί
290 1431 422 1488 add"
456 1465 526 1476 --
574 1431 840 1509 ἀδικήσῃ.
890 1435 968 1488 Οὐ
1009 1432 1233 1509 δαίμων,
1279 1435 1338 1488 οὐ
1369 1434 1679 1507 πειρασμὸς,

132 1522 214 1575 ἀλλ’
234 1520 337 1576 ὁύόε
362 1525 560 1599 θηρίον.

184 1612 296 1671 Πλὴν
324 1643 382 1654 -
418 1614 805 1672 ὑποτάσσεται,
858 1615 934 1668 Ού
980 1618 1082 1691 γὰρ
1115 1618 1354 1691 ὑμέτερον
1404 1624 1462 1673 τό
1493 1628 1679 1699 κατόρ-

1793 452 2088 510 draconis.
2120 452 2269 510 Cum
2292 471 2435 526 ergo
2471 455 2713 513 vidisset
2734 473 2842 531 eps
2869 460 3197 531 gaudentes
3215 463 3291 520 de
3309 465 3449 522 sub-

1786 542 2044 610 jectione
2103 543 2559 614 daemoniorum,
2627 547 2734 604 dat
2798 550 3044 622 quidem
3098 554 3448 612 continuam

1793 628 2076 685 adversus
2117 630 2218 688 illa
2248 639 2618 705 potestatem,
2651 636 2859 709 quiam
2890 640 3057 711 prius
3106 641 3185 697 ad
3214 647 3450 715 tempus

1794 726 2171 790 acceperant,
2205 738 2345 778 cum
2384 724 2758 782 mitterentur
2791 744 2804 781 :
2838 728 2945 783 sed
2976 728 3349 797 adhortatur,
3378 747 3449 788 ne

1792 805 1868 862 de
1897 806 2011 863 hac
2037 810 2354 878 gaudeant,
2377 812 2522 883 quia
2552 827 2673 869 non
2699 829 2772 870 ex
2788 816 3109 872 certamine
3132 816 3216 873 eis
3240 833 3449 889 prove-

1793 896 1899 961 nit,
1930 896 2035 952 sed
2058 913 2131 953 ex
2159 898 2322 954 dono
2352 905 2591 971 propter
2619 917 2724 957 eos
2768 904 2869 974 qui
2900 904 2998 976 adj
3010 906 3226 962 uvandi
3255 912 3444 964 erant.

1795 983 1994 1042 Potest
2017 991 2221 1045 autem
2246 988 2428 1044 virtus
2477 989 2704 1046 inimici
2758 991 2898 1059 dici,
2948 1009 3071 1049 non
3108 995 3303 1053 solum
3334 994 3447 1069 ipsi

1791 1072 2120 1141 daemones,
2155 1077 2261 1133 sed
2286 1081 2346 1133 et
2365 1078 2754 1136 multiformes
2785 1096 2993 1138 eorum
3025 1084 3411 1141 tentationes.

1864 1162 2113 1228 Quidam
2128 1181 2269 1222 vero
2285 1172 2337 1223 et
2354 1166 2524 1233 feras,
2543 1183 2677 1242 quae
2694 1170 2960 1226 homines
2975 1172 3246 1244 perdunt.
3267 1173 3450 1230 virtu-

1792 1256 1903 1309 tem
1920 1252 2074 1309 illius
2094 1254 2317 1322 dicunt,
2331 1256 2498 1329 quod
2510 1256 2680 1315 etiam
2695 1258 2789 1315 bis
2803 1258 3097 1316 adversus
3110 1276 3216 1317 nos
3230 1266 3446 1319 utatur.

1863 1433 2025 1490 Vers.
2055 1435 2141 1491 19.
2171 1434 2252 1491 Et
2280 1466 2349 1476 —
2376 1436 2613 1495 nocebit.
2634 1440 2749 1494 Nec
2774 1438 3027 1507 daemon,
3053 1455 3162 1496 nec
3182 1442 3447 1511 tentatio,

1790 1536 1901 1578 nec
1928 1521 2050 1579 fera
2078 1526 2389 1579 venenata.

1861 1613 2022 1668 Vers.
2051 1615 2139 1668 20.
2178 1611 2582 1671 Verumtamen
2606 1646 2674 1657 —
2702 1615 3080 1687 subjiciatur.
3120 1620 3252 1675 Non
3284 1619 3445 1676 enim

127 1704 262 1773 θωμα,
291 1700 384 1755 ἀλλ’
414 1704 515 1775 έμή
559 1704 590 1761 ἠ
631 1705 811 1776 χάρις.
848 1705 933 1760 Ἐν
982 1708 1149 1778 τούτῳ
1179 1707 1267 1759 οὖν
1316 1713 1388 1780 μὴ
1443 1716 1677 1785 χαίρετε,

1813 1707 2052 1758 restrum
2084 1706 2173 1758 est
2201 1718 2376 1775 opus,
2419 1703 2518 1759 sed
2560 1720 2692 1762 mea
2719 1707 2926 1776 gratia.
2956 1711 3021 1764 In
3052 1708 3167 1765 hoc
3198 1723 3341 1780 ergo
3369 1723 3447 1765 ne

127 1793 192 1842 ἶνα
242 1796 324 1862 μὴ,
365 1794 428 1852 ὡς
484 1789 569 1845 έπὶ
628 1795 997 1867 κατορθώματι
1047 1800 1342 1871 χαίροντες,
1398 1799 1470 1861 εἰς
1508 1804 1681 1859 οἴησιν

121 1877 225 1953 ἰπαρ
232 1882 400 1939 θείητε.

177 1974 370 2042 Χαίρετε
405 2001 475 2012 —
509 1970 773 2046 οὐρανοῖς.
831 1970 949 2024 Ὀτι
1008 1969 1103 2026 διὰ
1155 1979 1248 2033 τὴν
1301 1981 1481 2030 πίστιν
1542 1980 1683 2052 ὑμῶν

124 2057 599 2132 ἐπολιτογραφήθητε
628 2059 695 2119 ἐν
722 2068 784 2133 τῇ
844 2062 948 2113 ἄνω
999 2062 1161 2128 πόλει,
1216 2064 1274 2116 ού
1317 2066 1517 2136 μέλανι,
1558 2066 1685 2120 ἀλλὰ

121 2154 289 2220 μνήμη,
320 2146 458 2217 οὐδε,
501 2151 571 2212 ὡς
597 2150 732 2221 (72),
764 2152 1031 2224 ἄνθρωποι
1077 2156 1387 2225 γράφουσιν,
1427 2155 1534 2208 ἀλλ’
1565 2160 1630 2217 ως
1660 2160 1684 2209 ὁ

123 2241 228 2299 Θεὸς
282 2234 387 2292 οἶδε
432 2241 679 2311 γράφειν.
738 2245 875 2298 Φησὶ
926 2245 1025 2315 γὰρ
1068 2247 1184 2315 περὶ
1231 2253 1326 2295 τῶν
1393 2241 1611 2298 δικαίων
1659 2248 1685 2299 ὁ

119 2325 276 2395 inid,
303 2330 400 2391 ὅτι,
426 2329 538 2383 Καὶ
568 2327 654 2381 ἐπὶ
691 2332 750 2381 τὸ
779 2326 976 2401 βιϐλίον
1008 2349 1103 2382 σου
1153 2333 1340 2395 πάντες
1384 2340 1688 2407 γραφησον-

121 2435 203 2467 raw
230 2424 293 2470 re
321 2420 407 2490 μὶν
427 2422 532 2492 ’γὰρ
566 2420 884 2472 ύποτάσσειν
923 2422 989 2471 τὰ
1033 2416 1302 2494 δαιμόνια⁹
1333 2420 1368 2475 ὃ
1374 2424 1406 2474 ι’
1445 2424 1683 2496 ὠφέλειαν

115 2506 266 2580 ἐτέρων
294 2510 411 2580 ύμῖν
441 2505 669 2562 δέδοται
702 2530 714 2543 ·
748 2513 805 2561 τὸ
829 2506 888 2562 δι
917 2512 983 2562 τὰ
1001 2513 1230 2583 ὀνόματα
1254 2513 1396 2584 ὑμῶν
1421 2522 1684 2586 γραφῆναι

117 2594 156 2644 ἐν
179 2604 275 2658 τοῖς
310 2597 577 2670 οὐρανοῖς,
637 2594 730 2651 διὰ
783 2604 1046 2672 σωτηρίαν
1094 2602 1362 2676 ὑμετέραν.
1397 2606 1484 2655 Διό
1517 2604 1681 2662 εκείνη

111 2703 183 2753 μεν
208 2687 235 2743 ἦ
265 2691 408 2761 χαρὰ
454 2686 756 2740 κλέπτουσα
781 2693 1038 2760 φυσίωσιν
1067 2687 1206 2743 οἶδεν
1246 2691 1469 2764 ἐμποιεῖν
1504 2710 1515 2721 ·
1549 2694 1680 2751 αὕτη

113 2767 160 2823 δε
177 2774 347 2844 μᾶλλον
376 2776 734 2850 εὐχαριστίαν
782 2792 794 2803 ·
846 2784 935 2830 καὶ
972 2785 1312 2854 παραιτητέον
1343 2784 1432 2853 μεν
1464 2780 1680 2847 ἐκείνην,

109 2861 165 2921 ὡς
204 2870 429 2937 περιττόν
457 2866 580 2938 (73)
614 2883 626 2895 ·
670 2868 1024 2926 ἁντιποιητέον
1056 2865 1115 2922 δὲ
1140 2873 1355 2936 ταύτης,
1407 2873 1475 2933 ὡς
1527 2869 1683 2942 ἀναγ-

108 2957 255 3015 καίας.

1791 1791 2120 1865 gaudeatis,
2136 1806 2234 1857 ne,
2251 1797 2529 1865 tanquam
2547 1794 2622 1849 de
2639 1797 2877 1867 egregio
2896 1795 3094 1854 facino
3106 1813 3168 1855 re
3187 1797 3449 1869 gauden-

1791 1886 1903 1950 tes,
1952 1880 2013 1936 in
2044 1880 2359 1938 elationem
2390 1882 2726 1941 elevemini.

1864 1970 2029 2026 Vers.
2060 1975 2148 2028 20.
2184 1970 2448 2029 Gaudete
2475 2003 2545 2012 —
2573 1974 2745 2029 cretis.
2787 1974 2934 2041 Quia
2977 1981 3215 2048 propter
3261 1976 3446 2035 ﬁdem

1793 2065 2043 2116 vestram
2073 2062 2135 2116 in
2167 2062 2324 2117 cives
2352 2062 2670 2135 conscripti
2702 2063 2840 2119 estis
2864 2062 2922 2119 in
2950 2066 3445 2123 asternacivitate:

1794 2166 1911 2206 non
1938 2155 2294 2220 atramento,
2326 2151 2431 2206 sed
2480 2153 2805 2209 memoria:
2836 2169 3053 2226 neque,
3088 2160 3151 2210 ut
3170 2155 3447 2212 homines

1795 2239 2081 2304 scribunt,
2108 2237 2215 2295 sed
2239 2239 2391 2295 sicut
2417 2240 2571 2297 Deus
2602 2242 2859 2298 scribere
2890 2243 3075 2299 novit.
3114 2244 3257 2302 Dicit
3282 2244 3445 2301 enim

1793 2328 1869 2384 de
1879 2328 2058 2400 justis
2079 2328 2266 2385 David
2295 2345 2308 2384 :
2333 2329 2486 2385 Etm
2514 2329 2665 2385 libro
2697 2337 2793 2387 tuo
2817 2347 3009 2390 omnes
3037 2334 3445 2391 scribentur”.

1791 2417 2100 2489 Siquidem
2130 2418 2419 2489 subjicere
2447 2418 2770 2488 daemonia,
2790 2425 3032 2494 propter
3068 2420 3324 2478 aliorum
3342 2422 3450 2479 uti-

1791 2505 2019 2563 litatem
2048 2507 2220 2563 vobis
2249 2507 2459 2563 datum
2486 2513 2574 2563 est
2603 2526 2616 2563 :
2649 2509 2807 2580 quod
2840 2516 3039 2565 autem
3070 2512 3319 2566 nomina
3348 2526 3451 2568 ve-

1792 2596 2143 2668 strascripta
2171 2597 2380 2652 suntin
2407 2596 2586 2662 caelis,
2614 2604 2855 2670 propter
2869 2597 3124 2654 salutem
3145 2604 3405 2656 vestram
3430 2614 3445 2657 :

1789 2683 1927 2741 ideo
1958 2685 2228 2741 furtivum
2249 2684 2647 2758 quidemillud
2673 2685 2961 2755 gaudium
2989 2692 3285 2744 tumorem
3309 2704 3449 2745 cau-

1792 2789 1923 2830 sare
1948 2774 2128 2841 novit,
2143 2773 2257 2831 hoc
2276 2790 2414 2830 vero
2449 2774 2780 2845 gratiarum
2796 2776 3094 2832 actionem
3137 2776 3365 2849 potius:
3392 2782 3448 2833 et

1791 2862 1939 2919 illud
1966 2864 2214 2937 quidem
2235 2863 2592 2931 cavendum,
2606 2867 2898 2936 tanquam
2917 2864 3312 2937 superﬂuum,
3333 2865 3448 2923 hoc

1792 2956 1996 3022 autem
2034 2951 2494 3025 proponendum
2537 2956 2644 3024 est,
2694 2958 2985 3026 tanquam
3013 2955 3445 3012 necessarium.

167 3041 237 3095 Ἐν
263 3043 390 3118 αὐτῇ
426 3077 495 3086 -
538 3045 769 3108 Ἰησοῦς.
826 3045 1210 3118 Ἠγαλλιοίσατο
1253 3057 1315 3122 τῇ
1377 3048 1555 3122 ψυχῇ,
1617 3052 1681 3111 ὡς

1862 3042 2024 3099 Vers.
2072 3044 2161 3098 21.
2211 3042 2282 3097 In
2314 3042 2427 3099 illa
2482 3073 2552 3084 —
2613 3043 2796 3098 Jesus.
2858 3044 3071 3100 Animo
3139 3043 3444 3115 exultavit,

102 3132 359 3204 ἄνθρωπος,
402 3131 502 3188 διὰ
528 3140 626 3194 τὴν
655 3141 916 3210 σωτηρίαν
941 3145 1041 3189 τῶν
1073 3137 1425 3210 ὠφεληθέντων
1453 3141 1551 3192 ὑπὸ
1582 3148 1682 3192 τῶν

98 3221 339 3290 μαθητῶν.

155 3310 253 3364 Καὶ
277 3310 413 3366 εἶπεν
448 3346 499 3356 -
540 3333 662 3369 σου.
687 3317 877 3390 Εἰρηκε
905 3323 1071 3368 ταῦτα
1097 3322 1186 3369 καὶ
1214 3321 1331 3393 περὶ
1352 3325 1451 3370 τῶν
1475 3314 1687 3372 δώδεκα

1794 3138 2082 3204 tanquam
2098 3131 2305 3197 homo,
2337 3137 2582 3203 propter
2596 3146 2805 3189 eorum
2829 3132 3104 3200 salutem,
3147 3135 3242 3207 qui
3272 3150 3308 3191 a
3330 3134 3446 3191 dis-

1794 3219 2269 3294 cipulisjuvandi
2304 3224 2496 3276 erant.

1864 3311 2025 3369 Vers.
2057 3311 2145 3365 2t.
2184 3310 2267 3365 Et
2311 3309 2470 3366 dixit
2496 3317 2665 3367 —te.
2719 3310 2856 3367 Haec
2896 3327 3137 3385 quoque
3180 3312 3330 3369 dixit
3372 3314 3445 3369 de

1791 3400 2108 3459 duodecim
2137 3398 2439 3471 discipulis
2480 3399 2763 3457 vicesimo
2804 3401 2996 3473 capite
3028 3401 3325 3474 Evangelii
3357 3417 3445 3459 se-

1792 3490 2061 3548 cundum
2091 3489 2435 3546 Matthmum
2461 3506 2475 3545 :
2517 3494 2573 3545 et
2609 3489 2691 3545 ibi
2721 3504 2920 3562 quaere
2949 3491 3405 3563 expositionem.

1863 3580 2028 3636 Vers.
2060 3584 2149 3635 21.
2180 3579 2259 3635 Et
2309 3594 2616 3637 conversus
2653 3610 2723 3620 -
2753 3581 2910 3635 Vers.
2930 3583 3017 3635 22.
3050 3582 3338 3638 revelare.
3380 3582 3445 3638 In

1790 3686 1862 3728 eo
1887 3670 2018 3727 loco
2056 3668 2239 3725 etiam
2267 3668 2398 3725 haec
2425 3668 2741 3739 diligenter
2777 3670 3100 3741 explanata
3130 3675 3294 3728 sunt.

1862 3760 2137 3819 Vers.23.
2168 3759 2245 3814 Et
2296 3773 2612 3816 conversus
2637 3789 2706 3798 —
2746 3758 2920 3816 Vers.
2973 3758 3064 3814 24.
3108 3760 3446 3817 audierunt.

1790 3851 1925 3907 Haec
1948 3865 2193 3923 quoque
2204 3849 2351 3904 dixit
2375 3847 2655 3905 vicesimo
2677 3852 2891 3920 quarto
2906 3847 3080 3920 juxta
3113 3849 3446 3906 Matthmum

1790 3943 2001 4012 capite,
2038 3945 2094 3997 et
2122 3942 2182 3996 in
2207 3956 2279 3996 eo
2310 3939 2438 4009 lege
2464 3939 2727 4011 ipsorum
2752 3939 3324 4011 interpretationem.
3345 3941 3447 3998 ubi

1790 4030 2044 4089 dicitur:
2088 4030 2274 4087 Vestri
2328 4036 2521 4085 autem
2572 4028 2720 4085 beati
2773 4029 3022 4086 oculi".
3079 4031 3199 4086 Hac
3243 4035 3447 4088 autem

1788 4119 2065 4175 aviditate
2095 4127 2307 4190 captus
2332 4124 2415 4174 est
2451 4118 2636 4175 David
2676 4119 2961 4189 propheta
3004 4117 3185 4174 simul
3212 4125 3268 4175 et
3300 4136 3403 4175 rex
3434 4137 3447 4188 ;

86 4211 330 4279 προφήτης
425 4216 522 4263 καὶ
619 4207 884 4281 βασιλεὺς.
962 4212 1050 4261 Διὸ
1123 4214 1212 4263 καὶ
1277 4210 1415 4281 ἔλεγε
1457 4230 1470 4243 ·
1510 4207 1679 4274 Δεῖξον

1813 4209 1926 4266 deo
1946 4209 2129 4264 etiam
2154 4207 2306 4264 dixit
2332 4227 2346 4266 :
2369 4208 2611 4264 Ostende
2638 4208 2818 4273 nobis,
2838 4208 3100 4276 Domine,
3118 4208 3451 4264 misericor-

83 4294 208 4364 ἐμίν,
256 4302 459 4373 Κύρεις
503 4303 570 4352 τὸ
621 4298 750 4359 me;
804 4317 897 4351 σου
931 4313 945 4328 ⁶
991 4302 1084 4356 τὴν
1149 4298 1535 4373 ἒνανθρὼπησιν
1587 4308 1678 4353 τοῦ

1813 4299 1950 4355 tiam
2009 4303 2173 4354 tuam
2224 4297 2295 4365 το,
2324 4294 2642 4351 Salvatoris
2671 4295 2942 4352 videlicet
2970 4295 3447 4352 incarnationem

80 4388 318 4461 Σωτῆρος,
347 4389 489 4450 ἕλεος
536 4390 818 4461 ὠνόμασας
848 4388 983 4460 (76),
1028 4390 1093 4449 ὡς
1121 4393 1394 4462 γενομένην
1447 4386 1520 4443 δι’
1543 4390 1678 4453 ἕλεος

1813 4386 2104 4461 ippellans
2125 4383 2615 4454 misericordiam,
2639 4387 2842 4457 utpote
2866 4388 3111 4457 propter
3130 4383 3448 4441 hominum

1788 4476 2264 4534 misericordiam
2293 4474 2540 4534 factam.

1859 4568 2074 4622 Verum
2089 4564 2365 4630 observa,
2388 4568 2552 4635 quod
2576 4561 2654 4619 ad
2671 4560 2999 4634 discipulos
3012 4561 3288 4620 Salvator
3311 4577 3453 4619 con-

1788 4656 2111 4727 vertitur,et
2160 4644 2307 4727 ipsis
2364 4653 2612 4710 seorsim
2685 4651 2968 4725 loquitur,
3031 4651 3111 4710 ab
3178 4653 3272 4720 iis,
3343 4653 3447 4727 qui

1788 4744 2061 4818 discipuli
2082 4760 2205 4801 non
2235 4748 2374 4801 sunt
2401 4758 2668 4800 aversus.
2688 4741 2829 4798 Ideo
2860 4747 2917 4798 et.
2939 4758 3051 4799 nos
3097 4757 3364 4816 quoque,
3398 4742 3450 4801 si

1787 4835 2065 4911 discipuli
2089 4836 2217 4909 ejus
2241 4834 2550 4903 fuerimus,
2568 4848 2677 4907 per
2692 4831 3093 4890 obedientiam
3124 4837 3442 4890 mandato-

97 3400 313 3468 μαθητῶν
341 3402 392 3456 έν
423 3411 499 3474 τῷ
542 3403 767 3457 είκοστῶ
803 3404 1063 3479 κεφαλαίῳ
1092 3414 1182 3460 τοῦ
1211 3409 1348 3459 κατὰ
1394 3410 1680 3476 Ματθαῖον,

94 3494 168 3541 καὶ
193 3492 422 3551 ζήτησον
446 3492 563 3546 έκεῖ
592 3497 685 3552 τὴν
715 3492 987 3565 ἐξήγησιν.

154 3577 247 3632 Καὶ
272 3588 522 3657 στραφεὶς
562 3581 1004 3655 -ἆποκαλύψαα
1028 3583 1137 3657 [Ἐν
1163 3584 1335 3658 έκείνῳ
1376 3591 1465 3641 καὶ
1512 3596 1681 3641 ταῦτα

94 3661 464 3743 διασεσιίφηται
492 3675 625 3748 πρὸς
653 3671 920 3746 ἀκρίϐειαν
960 3674 1095 3745 (Ἱ4).
1128 3674 1146 3745 ]

153 3764 244 3812 Καὶ
272 3768 524 3836 στραφεὶς
585 3789 649 3804 ε-
699 3766 947 3821 ἦκουσαν.
981 3770 1159 3816 Ταῦτα
1207 3761 1313 3818 εἷπε
1360 3770 1444 3818 καὶ
1503 3765 1551 3818 έν
1609 3776 1679 3838 τῷ

88 3845 284 3922 εἰκοστῲ
336 3854 582 3925 τετάρτῳ
631 3852 887 3924 κεφαλαίῳ
946 3860 1036 3905 τοῦ
1084 3856 1218 3906 κατά
1255 3856 1541 3922 Ματθαῶν,
1591 3863 1681 3910 καὶ

91 3933 322 4009 ἀνάγνωθι
407 3942 459 3994 έν
542 3940 687 4011 αύτῷ
783 3941 893 4013 (75)
983 3946 1076 4000 τὴν
1151 3942 1422 4017 ἑρμηνείαν
1491 3943 1678 4014 αὐτῷν,

86 4026 189 4079 ἔνθα
244 4037 417 4083 κεῖται
480 4035 544 4083 τό
600 4049 613 4062 ο
683 4038 833 4102 Υμῶν
883 4026 942 4083 δι
1002 4033 1254 4103 μακάριοι
1310 4034 1358 4085 οί
1402 4031 1676 4105 ὀφθαλμοί.

85 4114 393 4192 ἐπεθύμησε
449 4118 516 4174 δι
575 4122 770 4178 ταύτην
831 4124 924 4178 τήν
981 4118 1258 4193 ἐπιθυμίαν
1310 4126 1399 4174 καὶ
1449 4118 1615 4174 Δαυίδ
1654 4123 1680 4174 ὀ

78 4483 162 4526 τῶν
184 4476 497 4549 ἀνθρώπων.

142 4571 531 4644 Πῳατάρησον
592 4565 670 4634 δὲ,
733 4570 812 4621 ὃτι
879 4572 1148 4642 στρέφεται
1214 4572 1346 4644 πρὸς
1400 4574 1518 4632 τοὺς
1574 4592 1675 4644 μαο

75 4655 221 4718 θητὰς
260 4661 288 4711 ὁ
329 4664 551 4734 Σωτὴρ,
620 4663 709 4710 καὶ
765 4655 1012 4712 κατιδίαν
1060 4658 1238 4721 αὐτοῖς
1302 4658 1489 4732 ὁμιλεῖ,
1556 4664 1679 4725 τοὺς

74 4750 134 4812 μή
178 4750 426 4818 μαθητὰς
484 4748 960 4823 ἀποστρεφόμενος.
1025 4752 1113 4802 Διὸ
1200 4754 1291 4802 καί
1355 4750 1525 4821 ἡμεῖς,
1594 4746 1677 4802 έὰν

71 4831 188 4907 ὦμεν
214 4840 464 4911 μαθηταὶ
499 4837 691 4906 αὐτοῦ,
716 4837 1116 4901 ἀκολουθοῦντες
1144 4838 1283 4911 αὐτῷ
1339 4835 1410 4892 δι’
1441 4840 1678 4902 ὑπακοῆς

125 5043 170 5079 ⁸⁸
200 5046 350 5103 Psal.
384 5059 676 5111 cxxxvin,
714 5045 794 5102 t6.
872 5047 919 5083 ⁶⁹
942 5047 1138 5105 Matth.
1163 5060 1335 5115 xviu,
1364 5048 1455 5104 16.
1532 5049 1582 5085 ⁷ο
1612 5046 1766 5105 Psal.
1799 5060 2070 5115 LXXXVIII,
2107 5047 2200 5102 16.

1302 5226 1528 5299 Variae
1558 5228 1881 5298 lectiones
1922 5237 1988 5297 et
2024 5235 2234 5297 notae.

144 5431 233 5496 72)
271 5426 362 5496 Ὠς
389 5423 532 5486 oud":
559 5424 630 5485 οἱ.
656 5430 719 5488 Β.

1813 5425 1864 5483 td
1890 5424 2135 5483 alterum
2164 5419 2383 5496 saltum
2413 5418 2566 5496 fecit.

144 5434 211 5488 72
271 5434 362 5496 Ὠς
389 5434 532 5486 οὐδ”ε
559 5434 630 5485 οἱ.
656 5434 719 5488 Β.

143 5434 233 5575 73;
284 5506 465 5575 Forte
504 5504 782 5575 περιττήν,
839 5498 920 5575 ρι)
973 5499 1321 5575 proximum
1364 5496 1676 5575 ἀναγκαίας.

1813 5434 1864 5483 td
1890 5434 2135 5483 alterum
2164 5434 2383 5479 saltum
2413 5434 2566 5478 Ῑθοηο

1996 5496 2081 5575 ’.Εν
2106 5497 2249 5575 αύτῷ
2280 5492 2472 5575 abest.
2501 5492 2566 5549 Α.

62 5567 221 5649 Aliae
250 5574 409 5649 illud
451 5567 710 5649 quoque
736 5571 873 5649 ferri
894 5567 1100 5649 possit,
1122 5576 1185 5649 ut
1221 5578 1431 5649 notum
1461 5567 1566 5628 est.
1651 5647 1657 5649 Α

1862 5567 1975 5645 (76)
2006 5567 2312 5645 Ὠνόμασεν.
2344 5568 2414 5624 Α.

119 5648 234 5722 (74)
260 5643 524 5707 Ιηαιιιεὶ
556 5643 777 5705 omittit
796 5648 862 5702 Α.
894 5643 1047 5717 Ergo
1080 5645 1161 5704 ab
1182 5660 1304 5704 uno
1331 5647 1422 5699 καὶ
1443 5647 1684 5722 στρατιις
