3994 6218
131 215 224 274 965

1199 211 1578 277 COMMENT.
1619 213 1685 270 IN
1725 209 2003 275 LUCAM.
2042 246 2104 255 -
2140 215 2303 275 CAP.
2351 216 2418 271 X.

3387 217 3492 272 966

132 341 342 397 ἁλλόὖν
392 342 442 395 ἐν
501 341 703 418 βραχεῖ
732 349 906 396 πᾶσαν
958 343 1230 415 ὑποφαίνει
1287 347 1380 401 τὴν
1437 342 1718 415 φιλάνθρω-

1897 357 2030 396 men
2045 341 2237 397 verbis
2255 342 2514 397 ostendit
2530 341 2863 397 humanam
2881 349 2935 397 et
2955 341 3282 412 benignam
3297 341 3490 398 salva-

131 452 213 488 πον
263 433 561 506 οἰκονομίαν
623 441 714 486 τοῦ
773 441 1004 506 Σωτῆρος
1060 435 1224 505 ἡμῶν.
1281 431 1583 504 Ἄνθρωπον
1631 434 1720 503 μὲν

132 528 221 595 γὰρ
276 529 491 594 νοοῦμεν
546 525 632 575 τὸν
679 520 856 594 Ἀδὰμ
900 527 990 574 καὶ
1034 524 1150 582 τοὺς
1201 520 1252 584 ἐξ
1299 518 1472 594 Ἀδὰμ.
1531 519 1723 593 ἀνθρώ-

134 631 254 673 πους
280 632 292 645 ο
328 610 622 664 κατάϐασιν
651 608 712 664 δὲ
758 610 858 664 ἀπὸ
895 610 1237 686 Ἰερουσαλὴμ.
1281 611 1350 671 εὶς
1378 609 1604 683 Ἰεριχὼ,
1633 614 1724 667 τὴν

134 698 248 754 ὁδὸν
278 706 374 759 τὴν
427 699 527 752 ἀπὸ
559 699 747 774 ἀρετῆς
777 701 842 761 εἰς
872 705 1080 766 κακίαν,
1111 705 1200 752 καὶ
1246 698 1346 751 ἀπὸ
1390 700 1626 759 ὑπακοῆς
1655 698 1727 759 εἰς

135 795 417 864 παρακοὴν,
465 796 554 842 καὶ
587 790 687 842 ἀπὸ
719 789 884 860 ὕψους
911 789 1191 858 πολιτείας,
1230 789 1302 850 εἰς
1343 787 1726 860 χθαμαλοτητα

136 875 418 951 διαγωγῆς.
455 879 654 951 Ὑψηλὴ
707 883 795 951 μὲν
833 881 934 952 γὰρ
983 880 1012 936 ἡ
1054 877 1394 954 Ἰερουσαλήμ
1420 895 1431 906 ·
1474 877 1722 949 χθαμαλὴ

135 965 188 1021 δὲ
220 972 249 1026 ἡ
277 968 503 1042 Ἰεριχώ.

202 1062 301 1110 Καὶ
361 1087 430 1099 -
486 1062 800 1131 περιέπεσεν.
855 1053 1204 1118 Ὀδοστςίταις
1275 1056 1388 1128 (83)
1457 1052 1720 1128 δαίμοσιν.

205 1233 268 1285 Οἱ
303 1265 363 1274 -
395 1235 571 1287 αὐτόν.
612 1237 688 1286 Τὰ
720 1237 904 1304 ἱμάτια
946 1244 1041 1296 τῆς
1073 1233 1274 1307 ἀρετῆς,
1308 1237 1394 1286 τὸν
1443 1233 1595 1306 φόϐον
1634 1241 1724 1286 τοῦ

144 1330 268 1377 Θεοῦ
295 1325 343 1376 ὃν
367 1321 727 1396 περιεϐέϐλητο
750 1320 905 1381 δίκην
932 1332 1170 1394 χιτῶνος.

207 1418 304 1465 Καὶ
365 1444 434 1452 —
504 1411 754 1472 ἀπῆλθον.
821 1413 1032 1484 Πληγάς
1106 1412 1366 1484 ψυχικὰς,
1450 1414 1725 1486 τραύματα

137 1502 416 1576 ἁμαρτιῶν.

196 1591 429 1664 Ἀφέντες
531 1593 754 1665 ἡμιθανῆ
836 1594 1190 1663 τυγχάνοντα.
1291 1591 1376 1654 Ἐξ
1478 1593 1726 1658 ἡμισείας

135 1682 317 1737 θνητὸν
363 1686 649 1754 γενόμενον.
704 1688 776 1753 Τῇ
838 1681 991 1754 ψυχῇ
1049 1684 1150 1756 γὰρ
1212 1679 1465 1742 ἀθάνατος
1526 1685 1722 1753 μείνας,
1759 1709 1796 1759 Β

132 1777 197 1839 τῷ
243 1775 456 1841 σώματι
504 1771 735 1828 τέθνηκε.
795 1775 864 1822 Τὸ
915 1767 974 1822 δὲ
1023 1768 1272 1834 ἀπῆλθον,
1327 1774 1416 1822 καὶ
1463 1773 1522 1821 τὸ
1579 1768 1726 1841 ἀφένο

131 1877 225 1920 τες,
291 1858 352 1910 οὗ
407 1863 822 1933 περιεργαστέον,
875 1855 968 1911 διὰ
1033 1863 1118 1917 τὴν
1177 1859 1287 1931 (84)
1334 1858 1570 1921 ἐξουσίαν
1632 1867 1726 1920 τῆς

129 1946 399 2022 παραϐολῇ
410 1969 430 2010 ς
440 1987 452 1999 .

195 2039 352 2092 Κατὰ
369 2043 656 2111 συγκυρίαν
674 2036 943 2106 -ἐκείνη,
964 2043 1228 2111 Συγκυρία
1245 2042 1352 2109 μὲν,
1376 2039 1404 2096 ἡ
1428 2043 1694 2109 συντυχία
1711 2055 1722 2067 ·

129 2131 293 2200 ἱερεὺς
325 2123 403 2191 δὲ,
439 2128 462 2177 ὁ
495 2123 587 2178 διὰ
615 2132 874 2189 Μωυσέως
898 2123 1069 2188 δοθεὶς
1095 2132 1265 2200 νόμος,
1299 2130 1366 2188 ὡς
1390 2132 1505 2200 περὶ
1534 2130 1726 2180 θυσιῶν

127 2212 513 2286 διαλεγόμενος.

189 2307 303 2360 Καὶ
363 2301 491 2357 ἰδὼν
546 2305 700 2358 αὐτὸν
753 2303 1120 2381 ἀντιπαρῆλθε·
1190 2303 1526 2380 Παρέδραμεν
1574 2306 1726 2359 αὐτὸν

125 2395 286 2455 οὕτως
322 2397 533 2466 ἔχοντα,

1105 2489 1328 2544 Λευῖτην
1407 2487 1728 2544 ὑποληπτέον

121 2572 351 2626 ἐνταῦθα
383 2577 470 2625 τὸν
513 2572 662 2645 λόγον
712 2583 810 2626 τῶν
857 2583 1152 2650 προφητῶν,
1213 2578 1281 2636 ὡς
1333 2573 1729 2647 διακονούμενον

184 2483 426 2556 Ὁμοίως
498 2515 565 2524 —-
637 2483 1005 2557 ἀντιπαρῆλθε.

116 2671 221 2724 τοῖς
246 2662 584 2735 ἐπιτάγμασι
615 2671 706 2715 τοῦ
738 2669 887 2716 Θεοῦ.

185 2757 526 2826 Σαμαρείτης
577 2784 639 2793 -
691 2751 1111 2825 ἐσπλαγχνίσθη.
1175 2761 1500 2830 Σαμαρείτης
1543 2759 1730 2807 νοεῖται

117 2850 202 2892 νῦν
233 2845 262 2894 ὁ
296 2846 551 2914 Χριστὸς,
590 2846 659 2903 ὡς
710 2843 805 2895 6πό
833 2852 933 2894 τῶν
964 2842 1198 2896 ἀπίστων
1243 2841 1512 2896 Ἰουδαίων
1559 2852 1730 2917 Σαμα-

116 2936 297 3003 ρείτης
325 2933 647 3003 ὀνομασθείς.

186 3020 254 3074 ’Β
293 3026 413 3084 καὶ,
455 3023 519 3081 ὡς
549 3021 608 3072 οὐ
656 3026 807 3094 μόνον
838 3019 1126 3090 Ἰουδαίων,
1163 3021 1289 3075 ἀλλὰ
1320 3027 1511 3084 παντὸς
1557 3025 1731 3085 ἔθνους
1770 3055 1810 3112 C

112 3114 300 3180 φύσιν,
360 3106 452 3161 ὃιλ
500 3118 592 3162 του
644 3109 1055 3184 προσλήμριατος
1097 3111 1226 3184 (85),
1283 3111 1726 3187 περιϐαλλόμενος.

109 3201 305 3262 Ἐθνος
337 3201 462 3274 γὰρ,
490 3201 540 3252 οἱ
570 3207 902 3275 Σαμαρεῖται.

179 3384 288 3432 Καὶ
323 3409 396 3419 -
425 3378 606 3434 αὐτοῦ.
633 3385 718 3449 Τῷ
750 3375 929 3452 δεσμῷ
952 3388 1046 3440 τῆς
1074 3376 1448 3444 διδασκαλιας.

179 3469 460 3541 Ἐπιχέων
536 3497 603 3508 ---
659 3469 811 3524 οἰνον.
870 3468 1190 3542 Ἥμερὸτητα
1258 3476 1347 3522 καὶ
1402 3469 1611 3542 στύψιν.
1671 3471 1729 3524 Ἡ

107 3553 461 3610 διδασκαλία
501 3559 604 3629 γὰρ
637 3556 817 3622 αὐτοῦ,
847 3566 917 3617 πῆ
948 3561 1038 3630 μεν
1086 3560 1286 3634 ἡμέρως
1329 3558 1596 3631 προϐαίνει
1641 3565 1730 3613 καὶ

103 3644 346 3718 ἰλαρύνει
379 3661 394 3676 ·
450 3656 520 3704 πῆ
583 3643 644 3698 δὲ
700 3649 881 3718 στύφει
927 3651 1018 3699 καὶ
1071 3645 1269 3717 δάκνει,
1329 3653 1418 3702 καὶ
1471 3649 1630 3710 οὕτως
1677 3647 1728 3702 εὖ

100 3741 390 3810 κέκραται,
424 3739 516 3786 καὶ
546 3734 853 3811 ἑκατέρωθεν
877 3736 1074 3807 ὠφελεῖ.

172 3913 552 3976 Ἐπιϐιϐάσας
607 3945 674 3954 ——-
733 3923 936 3978 κτῆνος.
990 3917 1108 3968 Ἐπὶ
1162 3920 1219 3968 τὸ
1277 3914 1413 3970 ἴδιον
1469 3927 1636 3992 σῶμα,
1674 3924 1728 3973 τὸ

97 4009 419 4058 κτείνεσθαι
486 4005 598 4074 (86)
676 4005 877 4076 μέλλον,
947 4009 1206 4074 τουτέστι,
1289 4006 1568 4080 βαστάσας
1642 4013 1730 4070 τὰς

91 4095 390 4157 ἀσθενείας
451 4093 613 4146 αὐτοῦ
673 4091 766 4146 διὰ
819 4103 911 4157 τῆς
972 4096 1396 4168 προσληφθείσης
1463 4098 1733 4173 ἀνθρωπό-

93 4203 282 4246 τητος.

163 4275 430 4346 Ἤγαγεν
506 4272 663 4324 αὑτὸν
722 4273 793 4333 εἰς
867 4270 1203 4346 πανδοχεῖον.
1276 4272 1622 4349 Πανδοχεῐον,
1697 4281 1726 4336 ἡ

87 4364 416 4422 Ἐκκλησία
490 4370 591 4414 τῶν
649 4371 869 4428 πιστῶν,

676 4004 877 4076 μέλλον,
947 4009 1206 4074 τουτέστι,

945 4365 1009 4424 ὡς
1065 4370 1165 4416 πᾶν
1234 4368 1371 4436 γένος
1449 4365 1728 4440 ἀνθρώπων

83 4447 414 4526 δεχομένη.

159 4543 280 4596 Καὶ
395 4539 615 4611 επιμελή
627 4541 688 4598 θη

77 4631 284 4686 αὐτοῦ.

159 4725 276 4774 Καὶ
326 4749 412 4760 —
447 4715 678 4780 ἐξελθών.
731 4719 874 4774 Μετὰ
916 4724 1100 4796 μικρὸν
1149 4723 1261 4796 (87)
1310 4723 1580 4777 ἆποθανων
1637 4731 1728 4780 καὶ

77 4808 320 4874 ἐξελθὼν
359 4807 478 4861 ἀπὸ
508 4815 600 4860 τοῦ
630 4812 853 4880 κόσμου.

147 4898 461 4954 Ἐκϐαλὼν
534 4928 602 4938 -
669 4897 850 4954 αὐτοῦ.
924 4897 1055 4964 Ἕως
1129 4904 1220 4974 μὲν
1283 4905 1386 4976 γὰρ
1454 4905 1568 4974 ἔζη,
1639 4905 1732 4957 αὑ-

69 4992 164 5054 τός
458 4984 745 5058 ἱπιμελείτο
810 4995 908 5041 τῶν
967 4987 1192 5044 ἀσθενῶν
1221 5008 1233 5022 ·
1304 4991 1572 5047 ἀποθανὼν
1645 4991 1725 5067 δὲ,

797 4541 978 4598 αὐτοῦ.
1071 4543 1250 4602 Ἐποιὴ
1261 4563 1388 4597 σατο
1486 4551 1728 4622 πρόνοιαν

1764 4426 1809 4480 D

1825 429 1970 484 toris
2017 431 2208 486 nostri
2249 431 2774 502 gubernationem.
2839 431 3152 486 Hominem
3193 431 3489 503 siquidem

1829 517 2208 588 intelligimus
2234 519 2457 584 Adam,
2489 524 2546 576 et
2569 519 2672 592 qui
2701 519 2778 575 ab
2807 519 3002 575 Adam
3033 519 3486 586 descenderunt,

1834 608 2146 664 universos
2175 624 2188 664 :
2213 607 2578 664 descensum
2601 613 2800 664 autem
2825 608 2900 664 ad
2921 607 3248 664 Jerusalem
3272 609 3330 664 in
3351 610 3490 665 Jeri-

1832 693 1966 764 cbo,
1999 695 2158 752 viam
2185 712 2220 752 a
2244 697 2452 753 virtute
2474 697 2553 752 ad
2603 697 2834 762 vitium,
2866 703 2922 753 et
2945 697 3022 753 ab
3052 697 3393 753 obedientia
3413 697 3492 752 ad

1833 783 2323 851 inobedientiam,
2355 793 2410 841 et
2440 802 2476 842 a
2502 785 2737 841 sublimi
2763 786 2893 841 vitae
2923 785 3185 841 instituto
3213 784 3292 841 ad
3323 790 3494 841 terre-

1832 887 1976 928 nam
1989 873 2511 929 conversationem
2536 889 2548 928 :
2570 878 2659 929 est
2670 874 2831 929 enim
2847 874 3174 930 Jerusalem
3197 873 3490 944 sublimis,

1831 960 2061 1016 Jericho
2090 977 2231 1018 vero
2269 962 2534 1018 humilis.

1904 1051 2070 1106 Vers.
2104 1055 2190 1107 30.
2222 1052 2303 1107 Et
2333 1052 2646 1108 —incidit.
2680 1051 2743 1107 Id
2784 1057 2890 1114 est,
2926 1051 3251 1118 daemones,
3289 1051 3394 1124 qui
3432 1052 3493 1106 in

1835 1139 1928 1195 via
1955 1139 2317 1196 residebant.

1905 1229 2070 1284 Vers.
2094 1232 2181 1285 30.
2217 1229 2330 1297 Qui
2346 1261 2414 1270 —
2439 1245 2591 1287 eum.
2621 1229 2995 1286 Vestimentis
3016 1230 3266 1301 virtutis,
3289 1229 3496 1286 timore

1835 1315 1956 1381 Dei,
1979 1332 2096 1389 quo
2128 1317 2188 1373 in
2210 1318 2464 1374 modum
2492 1319 2670 1375 vestis
2701 1319 3106 1375 circumdatus
3136 1325 3281 1376 erat.

1905 1406 2066 1462 Vers.
2083 1409 2175 1463 30.
2187 1407 2265 1463 Et
2280 1438 2345 1448 —
2357 1407 2652 1464 abierunt.
2678 1409 2903 1464 Animae
2917 1407 3125 1481 plagis,
3147 1407 3496 1464 vulneribus

1832 1500 2238 1567 peccatorum.

1903 1585 2063 1642 Vers.
2091 1586 2180 1642 30.
2212 1586 2628 1658 Retinquentes
2655 1587 3116 1643 semimortuam.
3145 1589 3224 1642 Ex
3244 1585 3494 1643 dimidio

1834 1674 2059 1731 factum
2116 1675 2470 1732 mortalem:
2515 1675 2680 1746 juxta
2727 1675 2996 1731 animam
3053 1677 3215 1732 enim
3275 1675 3497 1733 mansit

1837 1764 2213 1830 immortalis,
2236 1780 2480 1837 corpore
2500 1779 2638 1820 vero
2667 1769 2928 1821 mortuus
2957 1770 3066 1823 est.
3100 1765 3272 1832 Quod
3292 1771 3494 1822 autem

1836 1853 2049 1910 dicitur
2079 1873 2092 1913 :
2127 1855 2422 1920 abierunt,
2455 1859 2511 1909 et
2535 1853 2953 1925 relinquentes,
2989 1871 3112 1910 non
3156 1863 3244 1912 est
3271 1855 3347 1911 de
3382 1855 3496 1913 hoc

1836 1943 2066 2000 curiose
2083 1944 2474 2000 scrutandum
2496 1949 2738 2015 propter
2762 1959 3039 2000 normam
3060 1945 3384 2016 parabolas.

1909 2034 2076 2091 Vers.
2119 2038 2206 2089 3i.
2255 2033 2408 2090 Casu
2449 2063 2518 2074 -
2555 2034 2683 2089 illa.
2735 2034 3043 2102 Sacerdos,
3094 2035 3208 2090 hoc
3251 2041 3358 2100 est,
3405 2034 3498 2090 lex

1838 2123 1980 2179 data
2037 2139 2141 2195 per
2195 2126 2470 2196 Moysem,
2529 2126 2730 2194 utpote
2787 2123 2860 2178 de
2937 2123 3244 2179 sacriﬁciis
3297 2122 3500 2195 dispu-

1839 2217 1993 2268 tans.

1910 2304 2071 2357 Vers.
2101 2301 2190 2356 31.
2255 2300 2500 2371 Visoque
2527 2301 2632 2357 illo
2676 2302 2980 2370 praeteriit.
3041 2301 3386 2358 Pertransiit
3428 2301 3495 2357 il-

1837 2391 1986 2457 lum,
2019 2406 2157 2446 cum
2196 2389 2278 2445 ita
2318 2391 2474 2446 male
2505 2390 2751 2446 affectus
2789 2395 2964 2447 esset.

1910 2481 2072 2537 Vers.
2121 2480 2209 2534 32.
2251 2479 2542 2536 Similiter
2592 2481 2892 2551 praeteriit.
2941 2481 3046 2536 Per
3091 2479 3331 2537 levitam
3383 2481 3499 2538 hoc

1838 2569 1973 2626 loco
2015 2569 2397 2642 accipiendus
2440 2575 2527 2626 est
2567 2584 2765 2626 sermo
2812 2569 3258 2642 prOphetarum,
3294 2577 3495 2642 utpote

1843 2659 1943 2714 Dei
1957 2658 2330 2731 jussionibus
2377 2658 2855 2715 subministrans.

1911 2749 2075 2805 Vers.
2099 2750 2187 2805 33.
2221 2750 2642 2805 Samaritanus
2667 2780 2735 2788 —
2751 2747 3157 2804 misericordia
3182 2753 3370 2804 motus
3391 2757 3494 2805 est.

1842 2841 2255 2896 Samaritanus
2285 2839 2629 2908 intelligitur
2659 2854 2819 2894 nunc
2869 2839 3152 2909 Christus,
3189 2844 3388 2911 utpote
3421 2844 3498 2895 ab

1843 2928 2164 2984 incredulis
2192 2929 2413 2984 Judteis
2446 2928 2854 2984 Samaritanus
2886 2927 3247 3000 appellatus.

1912 3019 2015 3074 Vel
2106 3019 2284 3074 etiam
2363 3033 2484 3073 non
2551 3017 2896 3073 Judasorum
2958 3021 3214 3085 tantum,
3283 3017 3384 3073 sed
3445 3021 3500 3074 et

1841 3113 2193 3164 cunctarum
2212 3107 2474 3178 gentium
2494 3113 2768 3162 naturam
2794 3122 2899 3178 per
2920 3105 3116 3163 carnis
3139 3107 3500 3178 assumptio-

1841 3214 1981 3256 nem
2011 3197 2395 3270 amplectens.
2441 3195 2796 3253 Samaritani
2842 3197 3002 3252 enim
3055 3202 3194 3252 sunt
3219 3197 3500 3268 quaedam

1840 3288 2004 3345 natio
2035 3287 2321 3358 gentium.

1910 3377 2078 3433 Vers.
2101 3376 2192 3434 34.
2215 3377 2291 3431 Et
2321 3407 2388 3415 —
2418 3377 2568 3446 ejus.
2598 3373 2845 3431 Vinculo
2869 3373 3176 3431 doctrinae.

1912 3469 2071 3523 Vers.
2095 3467 2189 3524 34.
2215 3465 2544 3534 Infundens
2563 3495 2632 3506 —
2656 3467 2877 3520 vinum.
2903 3465 3230 3520 Lenitatem
3252 3480 3322 3521 ac
3343 3480 3500 3521 mor-

1840 3555 2183 3614 dacitatem.
2215 3554 2492 3612 Doctrina
2533 3555 2691 3610 enim
2719 3553 2848 3627 ejus
2880 3553 3022 3610 alibi
3052 3553 3300 3627 quidem
3333 3570 3500 3612 man-

1841 3651 2004 3702 suete
2050 3644 2318 3718 procedit
2346 3649 2404 3700 et
2457 3643 3114 3700 exhilaratzinterdum
3171 3660 3312 3700 vero
3371 3660 3502 3717 per-

1843 3737 2077 3808 stringit
2107 3752 2178 3792 ac
2231 3733 2463 3791 mordet
2505 3737 2609 3790 :et
2630 3734 2718 3791 ita
2765 3733 3010 3807 pulchre
3043 3739 3373 3805 temperata
3414 3739 3502 3792 est

1841 3842 1911 3882 ac
1954 3825 2218 3900 undique
2268 3825 2466 3896 gjuvat.

1911 3918 2068 3971 Vers.
2172 3915 2260 3969 34.
2341 3915 2418 3969 Et
2438 3914 2746 3983 imponens
2847 3945 2914 3954 —
2973 3915 3331 3982 jumentum.
3418 3917 3501 3971 Ita

1838 4006 2151 4077 proprium
2199 4019 2432 4074 corpus,
2482 4002 2643 4074 quod
2695 4001 3094 4058 occidendum
3152 4008 3273 4060 erat
3319 4021 3334 4060 :
3388 4003 3502 4060 hoc

1840 4099 1947 4162 est,
1964 4098 2211 4165 portans
2228 4092 2595 4147 inﬁrmitates
2611 4091 2740 4162 ejus
2762 4106 2868 4162 per
2886 4095 3265 4163 assumptam
3281 4092 3499 4149 huma-

1838 4184 2106 4241 nitatem.

1913 4273 2073 4329 Vers.
2149 4272 2243 4330 34.
2337 4270 2522 4327 Duxit
2599 4269 2665 4326 in
2741 4268 3148 4326 diversorium.
3234 4270 3501 4327 Diverso-

1842 4365 1995 4420 rium
2025 4368 2111 4420 est
2142 4361 2420 4428 Ecclesia,
2453 4377 2590 4433 quae
2639 4374 2814 4416 omne
2856 4373 3042 4429 genus
3070 4357 3390 4415 hominum
3411 4376 3499 4416 re-

1841 4455 2004 4527 cipit.

1909 4545 2072 4602 Vers.
2097 4545 2185 4600 34.
2211 4545 2290 4600 Et
2317 4558 2526 4600 curam
2546 4541 2709 4599 illius
2734 4543 2874 4614 egit.
2898 4541 3210 4600 Rationem
3249 4541 3380 4614 ejus
3395 4542 3498 4602 ha-

1837 4634 1986 4703 buit,
2015 4639 2072 4691 et
2091 4635 2162 4689 de
2189 4649 2259 4690 eo
2281 4633 2558 4705 providit.

1910 4725 2078 4781 Vers.
2112 4729 2201 4782 35.
2238 4726 2326 4781 Ac
2355 4754 2425 4764 —
2475 4738 2760 4794 egressus.
2791 4723 2935 4780 Post
2980 4721 3220 4795 aliquod
3266 4726 3502 4796 tempus

1839 4818 2110 4871 mortuus
2142 4817 2198 4869 et
2226 4812 2301 4868 de
2331 4811 2561 4868 mundo
2599 4827 2894 4883 egressus.

1908 4902 2072 4960 Vers.
2101 4903 2190 4959 35.
2232 4903 2620 4973 Depromptos
2655 4932 2719 4942 —
2761 4900 2952 4958 illius.
2979 4901 3180 4958 Donec
3209 4900 3450 4958 vivebat
3483 4916 3499 4959 :

1838 4994 1970 5067 ipse
2021 5008 2229 5050 curam
2285 4991 2548 5051 habebat
2574 4990 2954 5049 inﬁrmorum
2991 4989 3135 5048 :ubi
3164 5006 3308 5050 vero
3337 5005 3498 5048 mor-

1349 5199 1576 5270 Varia
1603 5200 1931 5272 lectiones
1970 5207 2039 5271 et
2073 5209 2280 5271 nota.

139 5423 278 5496 (83)
324 5419 698 5496 ἐγιιαθέτοις,
735 5418 1220 5496 praestolantibus
1252 5423 1476 5496 inviis.

141 5491 283 5568 (84)
343 5494 463 5546 Διά
509 5494 568 5543 τὸ
626 5491 952 5569 ἐξουσιάζων
1010 5497 1103 5552 τὴν
1157 5494 1456 5569 παραϐολὴν
1516 5496 1564 5550 ἓν
1616 5502 1729 5561 ταῖς

67 5565 390 5625 τοιαύταις
431 5565 824 5650 περιστάσεσιν.

142 5644 284 5713 (85)
333 5643 467 5696 Τῆς
491 5640 874 5710 ἑνσαρχὼσεως.

1914 5428 2003 5550 (ἓδ
2027 5425 2223 5496 )Ludit
2242 5426 2300 5482 in
2315 5424 2700 5483 similitudine
2723 5425 3096 5499 syllabarum
3121 5432 3324 5493 κτῆνος,
3339 5440 3502 5478 κτειν-

1914 5517 1928 5546 r
1964 5518 2037 5550 αι.

1839 5517 2037 5551 νεσσαι.

1910 5570 2027 5716 (87)
2063 5573 2251 5655 Καιρὸν
2291 5585 2398 5642 pro
2423 5573 2628 5698 μικὲόν.
2657 5577 2714 5625 Β.

1912 5642 2006 5715 (88
2073 5642 2236 5705 Δύτος
2286 5642 2474 5701 codex
2583 5642 2714 5703 habt

1912 5639 2027 5716 (88)
2073 5639 2236 5705 Αὐτὸς
2286 5639 2474 5701 codex
2517 5639 2558 5698 Β
2583 5642 2768 5703 habet
2804 5646 2941 5715 post
2970 5639 3288 5716 ὶπσμιλείτο.
