3994 6218
125 234 218 292 969

1203 227 1564 290 COMMENT.
1609 224 1678 284 IN
1722 225 1980 286 LUCAM.
2021 265 2087 274 —
2119 232 2272 290 CAP.
2318 236 2415 291 XI.

3376 240 3483 299 970

124 362 293 433 λόγων.
357 360 432 414 Οὐ
500 361 601 433 γὰρ
674 363 952 434 τρυφὴσων
1018 355 1193 428 ἦλθον,
1275 358 1401 410 ἀλλὰ
1488 352 1720 417 διδάξων

1866 371 2104 416 neorum
2117 361 2464 418 auscultatio
2481 377 2844 421 sermonum.
2860 368 3059 440 Neque
3071 366 3254 438 enim,
3269 372 3330 424 ut
3343 383 3486 442 epu-

124 472 268 522 υμας.

189 545 369 614 Μαρία
446 571 504 579 -
551 539 734 601 αὐτῆς.
793 541 889 590 Δύο
947 534 1156 611 μερίδες
1212 537 1467 596 πολιτείας
1527 533 1723 586 ἐπαινε-

124 635 224 695 ταὶ,
288 632 317 687 ἠ
375 632 464 701 μὲν
515 633 802 701 πρακτικὴ,
855 629 884 686 ἡ
948 623 1004 679 δε
1066 629 1376 701 θεωρητική.
1417 627 1623 683 Ταύτας
1670 624 1723 673 αἱ

127 717 216 772 δύο
261 719 418 770 αὗται
468 715 740 770 διείλοντο.
783 719 975 792 Μάρθα
1025 719 1138 789 μὲν,
1187 721 1280 775 τήν
1333 717 1646 789 πρακτικὴν,
1675 711 1724 763 ἐν

121 817 190 879 τῷ
243 805 606 860 διακονεῖσθαι
655 811 772 878 περὶ
823 811 916 864 τὴν
967 809 1269 878 σωματικὴν
1321 806 1590 876 θεραπείαν
1634 808 1726 853 τοῦ

127 904 337 972 Κυρίον·
395 903 570 969 Μαρία
623 893 700 961 δὲ,
749 901 843 954 τὴν
893 897 1233 968 θεωρητικὴν,
1293 893 1340 946 ἐν
1391 902 1462 964 τῷ
1519 890 1726 942 ἀκούειν

123 997 219 1040 τῶν
245 987 411 1057 λογων
455 987 637 1040 αὐτοῦ.
674 992 775 1039 Καὶ
825 985 934 1037 ἐπεὶ
978 982 1196 1045 διπλοῦς
1241 981 1301 1042 ἧν
1332 985 1357 1035 ὁ
1410 985 1650 1054 Χριστὸς,
1695 981 1724 1037 ἡ

125 1081 212 1149 μὲν
255 1075 474 1128 ἀνέπαυε
520 1080 578 1127 τὸ
632 1076 884 1146 ὁρώμενον
940 1073 1118 1126 αὐτοῦ·
1180 1075 1209 1131 ἡ
1273 1069 1331 1124 δι
1379 1068 1613 1124 ἐδούλευε
1657 1076 1729 1138 τῷ

127 1167 326 1238 ἀοράτῳ
374 1165 553 1216 αὐτοῦ·
611 1165 768 1225 αὐτὸς
799 1161 881 1231 δὲ,
924 1172 1017 1224 τῆς
1075 1166 1164 1233 μὲν
1207 1167 1298 1219 τὴν
1329 1163 1623 1235 προθυμίαν
1671 1157 1728 1209 ού

135 1253 359 1318 διέϐαλε,
412 1263 502 1314 τῆς
561 1250 619 1306 δὲ
680 1259 773 1311 τήν
825 1258 1129 1326 προαίρεσιν
1185 1251 1417 1323 ἐπῄνεσε.
1485 1256 1591 1310 Τῆς
1641 1250 1729 1319 μὲν

133 1349 234 1416 γὰρ
284 1348 334 1396 τὸ
402 1347 566 1417 ἔργον,
625 1348 1058 1416 χρησιμώτατον
1122 1349 1217 1402 τῆς
1285 1337 1343 1393 δε
1407 1341 1518 1411 (90)
1590 1336 1732 1408 23th-

134 1435 354 1501 λὸτερον,

198 1615 266 1663 Σύ
309 1607 390 1677 δὲ,
443 1611 502 1668 ἢν
553 1609 750 1682 βούλει,
800 1615 1056 1682 μίμησαι,
1091 1610 1150 1668 ἣν
1193 1610 1436 1682 θεράπευε
1474 1610 1532 1660 τὸ
1583 1616 1734 1680 σῶμα

1831 444 1934 515 ler,
1958 449 2107 514 veni,
2143 450 2248 506 sed
2278 455 2342 506 ut
2366 467 2469 507 vos
2506 451 2780 509 doceam.

1906 535 2062 590 Vers.
2112 542 2201 594 42.
2251 539 2441 597 Maria
2471 559 2642 598 —ea.
2681 545 2819 600 Duae
2847 547 3046 616 partes
3087 546 3485 603 conversatio-

1833 622 1928 678 nis
1949 623 2281 683 laudabiles
2299 635 2454 696 sunt,
2479 647 2698 703 nempe
2726 633 2989 705 practica
3005 634 3129 690 sive
3154 636 3482 706 operativa,

1835 719 1891 769 et
1917 714 2179 772 theorica
2208 717 2331 773 sive
2348 721 2848 792 contemplativa;
2889 721 3002 778 has
3058 722 3194 778 dure
3249 738 3488 778 sorores

1835 803 1964 858 istae
1985 802 2285 874 elegerant
2308 821 2322 861 :
2368 807 2597 863 Martha
2617 808 2864 880 quidem
2914 811 3294 881 operativam,
3322 811 3497 866 mini-

1838 892 2082 948 strando
2104 893 2261 948 circa
2283 897 2590 967 corporale
2616 896 2847 952 Domini
2871 897 3229 970 obsequium
3257 914 3272 966 ;
3309 899 3491 956 Maria

1841 996 1978 1036 vero
2002 983 2552 1054 contemplativam,
2599 984 2902 1040 audiendo
2954 1002 3261 1042 sermones
3309 987 3489 1042 illius.

1843 1072 1906 1125 Et
1938 1086 2082 1143 quia
2100 1071 2417 1144 bipartitus
2448 1078 2572 1129 erat
2599 1073 2886 1143 Christus,
2913 1075 3012 1131 illa
3052 1077 3294 1148 quidem
3341 1077 3491 1132 refo-

1840 1158 2081 1216 cillabat
2121 1168 2350 1232 partem
2376 1163 2506 1232 ejus
2535 1162 2850 1228 visibilem,
2873 1163 3000 1220 haec
3035 1171 3233 1220 autem
3260 1165 3495 1221 colebat

1839 1253 2070 1320 partem
2092 1249 2220 1319 ejus
2245 1249 2604 1306 invisibilem
2638 1268 2650 1306 :
2697 1251 2825 1323 ipse
2858 1268 3000 1308 vero
3047 1252 3203 1308 illius
3246 1253 3495 1327 quidem

1840 1339 2370 1410 promptitudinem
2399 1355 2518 1396 non
2546 1341 3114 1413 vituperavit,hujus
3147 1348 3345 1399 autem
3378 1342 3497 1399 ele-

1841 1427 2732 1502 ctionemlaudavit.Siquidem
2758 1429 2913 1486 illius
2947 1447 3102 1503 opus
3156 1431 3297 1488 utile
3341 1436 3494 1489 certe

1844 1515 2176 1572 admodum
2203 1521 2348 1584 erat,
2380 1517 2560 1590 hujus
2586 1524 2786 1574 tamen
2841 1518 3179 1575 sublimius.

1915 1607 1999 1661 Tu
2017 1621 2182 1676 ergo,
2213 1621 2384 1677 quam
2416 1606 2666 1662 volueris
2697 1606 2950 1676 imitare,
2975 1615 3078 1664 aut
3113 1624 3320 1665 curam
3341 1607 3498 1666 habe

124 1708 218 1752 τοῦ
263 1705 480 1774 Κυρίου,
523 1699 655 1770 λέγω
701 1696 792 1761 δὴ,
842 1703 960 1759 τοὺς
1013 1701 1278 1769 πτωχούς.
1313 1697 1421 1769 Ἐφ’
1453 1699 1572 1749 ὅσον
1613 1700 1732 1769 γὰρ,

1866 1695 2106 1766 :orporis
2135 1693 2391 1761 Domini,
2419 1695 2554 1752 dico
2584 1711 2727 1752 sane
2755 1712 3093 1768 pauperum
3111 1699 3280 1753 .Nam
3303 1703 3500 1769 quate-

128 1795 320 1860 φησιν,
413 1788 691 1846 ἐποιήσατε
774 1787 845 1840 ἑνὶ
930 1791 1124 1839 τούτων
1217 1795 1314 1838 τῶν
1422 1784 1733 1858 ἐλαχίστων,

122 1878 243 1950 ἐμοὶ
304 1877 604 1935 ἐποιήσατε.
667 1879 696 1936 ᾗ
751 1876 986 1950 ἀσχολου
1031 1881 1148 1950 περὶ
1194 1881 1285 1934 την
1339 1874 1589 1949 ἀκροασιν
1638 1885 1737 1927 τῶν

119 1969 295 2038 λόγων
330 1967 510 2031 αὐτοῦ,
543 1973 660 2041 περὶ
690 1971 778 2025 τήν
824 1969 1039 2039 θεωρίαν
1089 1974 1188 2017 τῶν
1233 1962 1508 2037 δογμάτων
1555 1965 1736 2016 αὐτοῦ·

120 2059 148 2114 ἦ
209 2062 310 2108 καὶ
365 2055 630 2130 ἀμφότερα
686 2061 964 2130 μετέρχου,
1027 2059 1160 2107 κατὰ
1211 2059 1328 2115 τοὺς
1384 2060 1741 2128 προσήκοντας

119 2149 372 2221 καιρούς.

190 2241 312 2293 Τὴν
369 2235 570 2307 ἀγαθὴν
629 2232 690 2287 δὲ
741 2231 934 2307 μερίδα
989 2231 1145 2297 εἶπεν,
1194 2233 1298 2305 οὐχ
1339 2236 1407 2295 ὡς
1440 2241 1537 2294 τῆς
1583 2233 1742 2294 ἄλλης

117 2331 368 2399 πονηρᾶς
443 2328 626 2389 οὔσης,
705 2322 810 2374 ἀλλ’
884 2322 1082 2395 ἀγαθὴν
1146 2322 1364 2375 ἐνταῦθα
1419 2328 1511 2381 τὴν
1572 2327 1742 2396 κρείτ-

115 2437 250 2468 τονα
317 2415 600 2485 ὠνόμασεν.
667 2409 974 2484 Ἐνδέχεται
1037 2415 1138 2485 γὰρ
1197 2409 1292 2464 δύο
1353 2413 1519 2464 καλῶν
1579 2416 1636 2464 τὸ
1694 2412 1742 2465 ἓν

116 2504 252 2558 εἶναι
318 2502 551 2558 κάλλιον.
591 2502 756 2554 Καλὸν
815 2506 903 2574 μὲν
943 2505 1044 2574 γὰρ
1097 2506 1152 2553 τὸ
1207 2501 1494 2574 φιλοξενεῖν·
1537 2502 1742 2553 κάλλιον

115 2593 180 2648 δὲ
217 2598 285 2646 τὸ
332 2589 668 2665 παρεδρεύειν
706 2597 839 2661 Θεῷ.
883 2594 952 2643 Τὸ
982 2595 1071 2664 μὲν
1101 2593 1203 2664 γὰρ
1246 2596 1558 2663 σωματικόν·
1595 2595 1651 2643 τὸ
1685 2587 1744 2642 δὲ

121 2688 514 2757 πνευματικόν.

535 2777 680 2825 ΚΕΦ.
710 2767 840 2824 All'.
875 2774 997 2843 Περὶ
1022 2777 1348 2844 προσευχῆς.

194 2867 311 2916 Καὶ
371 2860 566 2932 ἐγένετο
623 2892 687 2901 -
739 2859 921 2912 αὐτοῦ.
971 2859 1137 2921 Οὗτος
1187 2861 1210 2910 ὀ
1262 2861 1502 2932 μαθητὴς
1555 2857 1610 2910 ἐκ
1647 2867 1744 2910 τῶν

109 2949 504 3023 ἐϐδομήκοντα
556 2946 636 3007 ἧν.
698 2952 826 3009 Τοὺς
876 2951 978 3020 γὰρ
1027 2945 1238 3001 δώδεκα
1289 2945 1527 3010 ἐδίδαξεν
1582 2948 1628 3000 ἐν
1673 2957 1744 3018 τῷ

1847 1800 1976 1851 nus,
2017 1783 2229 1856 inquit,
2253 1784 2362 1839 uni
2411 1785 2482 1841 de
2546 1785 2633 1842 his
2661 1785 2916 1842 minimis
2959 1786 3203 1855 fecistis,
3260 1793 3310 1841 et
3354 1785 3500 1842 mihi

1843 1873 2060 1942 fecistis
2127 1873 2194 1925 ⁷⁷.
2250 1874 2363 1928 Aut
2425 1888 2720 1945 occupare
2792 1874 2948 1929 circa
3002 1874 3500 1931 auscultationem

1849 1977 2197 2016 sermonum
2224 1961 2430 2032 ipsius,
2464 1963 2617 2019 circa
2653 1961 3216 2034 contemplationem
3254 1963 3504 2034 dogma-

1850 2057 1976 2107 tum
2015 2050 2190 2106 illius.
2220 2052 2336 2106 Aut
2371 2051 2551 2109 etiam
2597 2057 2920 2124 utrumque
2965 2067 3173 2108 exerce
3222 2051 3504 2124 congruis

1853 2139 2244 2212 temporibus.

1919 2231 2142 2285 Bonam
2170 2244 2308 2285 vero
2338 2234 2570 2301 partem
2609 2229 2772 2295 dixit,
2814 2246 2937 2287 non
2968 2230 3132 2304 quod
3145 2230 3330 2288 altera
3343 2230 3507 2289 mala

1852 2321 1926 2376 sit
1952 2343 1964 2375 :
1999 2319 2104 2375 sed
2127 2320 2346 2374 bonam
2370 2318 2468 2375 hic
2494 2319 2817 2392 appellavit
2846 2336 2981 2376 eam
3007 2336 3140 2393 quae
3171 2320 3506 2378 meliorest.

1851 2410 2047 2466 Potest
2070 2409 2230 2464 enim
2259 2407 2408 2477 ﬁeri,
2437 2413 2500 2464 ut
2529 2411 2778 2464 duorum
2811 2409 3114 2466 bonorum
3143 2425 3329 2465 unum
3366 2409 3508 2466 alte-

1853 2514 1919 2554 ro
1933 2497 2146 2554 melius
2168 2498 2263 2552 sit.
2282 2496 2515 2553 Bonum
2530 2498 2830 2571 siquidem
2853 2504 2957 2564 est,
2978 2499 3334 2570 hospitalem
3349 2513 3505 2564 esse,

1852 2603 2062 2643 verum
2086 2586 2297 2642 melius
2311 2593 2416 2652 est,
2436 2589 2552 2642 Deo
2568 2588 2828 2644 assidere
2855 2605 2868 2643 :
2888 2586 3035 2644 illud
3047 2588 3208 2644 enim
3229 2601 3508 2660 corpora-

1852 2675 1906 2732 le
1937 2681 2042 2742 est,
2073 2675 2189 2732 hoc
2231 2681 2433 2731 autem
2495 2675 2829 2746 spirituale.

2208 2766 2360 2821 CAP.
2423 2766 2691 2821 XXXVIII.
2739 2768 2822 2822 De
2864 2767 3148 2823 oratione.

1927 2854 2085 2913 CAP.
2112 2855 2197 2910 XI.
2229 2853 2388 2910 Vers.
2425 2859 2469 2910 I.
2502 2855 2733 2910 Accidit
2759 2862 2945 2912 autem
2971 2869 3207 2912 —suos.
3239 2853 3510 2928 Discipu-

1853 2944 1946 3001 lus
1969 2944 2065 3000 hic
2094 2949 2220 3000 erat
2249 2959 2321 2999 ex
2352 2944 2752 3016 septuaginta.
2777 2947 2924 3000 Nam
2946 2944 3265 3001 duodecim
3287 2943 3506 3001 docue-

106 3048 358 3114 πέμπτῳ
386 3039 644 3110 κεφαλαίῳ
676 3048 768 3090 τοῦ
811 3041 945 3089 κατὰ
987 3040 1272 3092 Ματθαῖον.
1326 3034 1470 3090 Ἰδὼν
1513 3041 1614 3112 γὰρ
1659 3042 1738 3089 τὸν

1866 3040 1946 3090 rat
1974 3034 2183 3106 quinto
2208 3032 2400 3104 capite
2421 3033 2721 3103 Evangelii
2741 3033 2913 3103 juxta
2952 3035 3309 3090 Matthaaum.
3359 3034 3509 3090 Cum

106 3127 470 3182 διδάσκαλον
500 3133 684 3186 καινὴν
717 3127 974 3180 πολιτείαν
997 3132 1087 3182 καὶ
1115 3128 1228 3199 (9|)
1252 3133 1626 3202 μετερχόμενον
1657 3134 1747 3179 καὶ

103 3220 527 3290 ὑποτιθέμενον,
595 3217 823 3280 ἐζήτησε
898 3221 982 3268 καὶ
1055 3221 1235 3274 καινὴν
1294 3222 1620 3290 προσευχὴν,
1682 3225 1742 3290 τῇ

103 3311 374 3379 πολιτεία
403 3305 749 3363 κατάλληλον.
788 3306 844 3358 Ὀ
895 3302 972 3370 δε,
1008 3306 1067 3365 ἠν
1117 3302 1331 3368 ἐδίδαξε
1360 3311 1482 3368 τούς
1513 3303 1743 3372 δώδεκα,

99 3402 336 3454 ταύτην
367 3401 458 3447 καὶ
489 3403 576 3446 νῦν
617 3395 894 3448 ἐκτίθεται.

189 3573 341 3630 Εἰπε
401 3605 468 3614 -
537 3581 763 3647 πονηροῦ
871 3573 1298 3646 Ἠρμηνεύθησαν
1361 3582 1526 3626 ταῦτα
1583 3578 1751 3626 πάντα

97 3671 265 3718 κατὰ
319 3669 382 3716 τὸ
441 3664 599 3737 ῥητὸν
654 3662 702 3714 ἐν
751 3671 821 3733 τῷ
863 3659 1146 3720 δηλωθέντι
1202 3667 1418 3735 πέμπτῳ
1470 3664 1745 3735 κεφαλαίῳ.

101 3756 172 3808 Ei
268 3750 339 3806 δὲ
397 3759 489 3804 καὶ
551 3751 706 3814 λέξεις
780 3755 907 3812 τινες
991 3750 1210 3803 ἐνταῦθα
1281 3751 1748 3824 παραλλάττουσιν,

99 3843 235 3896 αἰῶ)
268 3838 368 3895 οὖν
408 3845 506 3898 τὴν
547 3841 709 3898 αὐτὴν
753 3847 843 3893 καὶ
891 3841 1046 3892 αὗται
1097 3845 1366 3912 σημασίαν
1411 3841 1748 3913 φυλάττουσι,

93 3939 207 3985 καὶ
245 3931 326 3993 εἰς
374 3935 475 3988 τὴν
517 3931 698 4002 ὁμοίαν
745 3931 1013 4003 ἑρμηνείαν
1065 3932 1398 4001 συνάγονται.
1433 3927 1654 3993 Διδάξας
1695 3928 1754 3984 δὲ

89 4021 567 4096 προσεύχεσθαι,
601 4015 772 4082 δεῖξαι
805 4017 1065 4091 βούλεται,
1105 4024 1192 4070 καὶ
1232 4021 1310 4072 ὄτι
1344 4021 1371 4077 ἡ
1418 4018 1628 4091 ἐπιμονὴ
1661 4026 1756 4080 τῆς

87 4117 457 4185 προσευχῆς
511 4105 652 4160 ἀνύει
711 4111 766 4158 τὸ
830 4103 1278 4179 σπουδαζόμενον,
1350 4112 1438 4159 καὶ
1495 4112 1756 4181 κέχρηται

87 4199 413 4274 παραϐολῇ
479 4201 792 4271 παριστώσῃ
843 4203 1013 4250 τοῦτο.
1073 4201 1467 4271 Περιεργότερον
1515 4193 1574 4250 δὲ
1623 4197 1752 4254 αὕτη

85 4287 583 4364 συμπέπλασται,
618 4287 700 4338 ἶνα
729 4291 817 4339 καὶ
847 4287 923 4344 εἰη
957 4287 1300 4361 πιθανωτέρα.

181 4471 316 4521 Καὶ
344 4462 460 4517 εἶπε
484 4493 554 4504 -
583 4462 746 4535 αὐτῷ.
773 4470 1010 4538 Χρῆσον,
1040 4466 1177 4529 ἤτοι,
1209 4458 1448 4516 δάνεισον
1480 4463 1614 4536 (92).

179 4645 474 4704 Κάκεῖνος
542 4673 614 4685 -
690 4661 796 4699 σοι.
868 4646 1004 4696 Φασί
1080 4661 1214 4705 τινες
1285 4641 1620 4715 ἀναγωγικῶς
1685 4646 1763 4696 ὅτι

68 4744 338 4791 νοεῖται
397 4731 544 4804 φίλος
610 4735 701 4804 μεν
770 4732 796 4783 ὁ
850 4730 1206 4807 φιλάνθρωπος
1266 4738 1394 4794 Θεὸς
1427 4751 1438 4761 ⁸
1491 4735 1764 4805 πορεύεται

67 4825 154 4880 ξε
235 4825 392 4897 πρὸς
447 4820 601 4872 αὐτὸν
653 4825 997 4892 μεσονυκτίου
1045 4825 1135 4873 καὶ
1184 4821 1320 4874 αἰτεῖ
1371 4829 1505 4894 τρεῖς
1552 4824 1762 4894 ἄρτους,

57 4923 94 4972 ὁ
159 4915 362 4985 παρὰ
388 4913 479 4962 τὸν
507 4914 843 4985 προσήκοντα
885 4913 1066 4986 καιρὸν
1106 4909 1262 4962 αἰτῶν
1292 4918 1430 4984 τρεῖς
1483 4911 1762 4984 θεολογίας,

57 5006 357 5079 Πατρός
396 5004 491 5052 καὶ
533 5000 659 5052 Υἱοῦ
707 5003 798 5052 καὶ
847 4999 998 5072 ἁγίου
1051 5002 1365 5074 Πνεύματος,
1428 5002 1512 5053 ἱνα
1554 5003 1763 5077 παραϐῇ

157 5157 242 5195 ⁷⁷
295 5150 515 5212 Matth.
547 5166 671 5219 xxv,
707 5153 794 5207 40.

1859 3123 2080 3179 videret
2108 3123 2266 3178 enim
2295 3129 2720 3194 praeceptorem
2752 3138 2976 3178 novum
3019 3126 3151 3178 vitae
3178 3124 3510 3179 institutum

1857 3218 1916 3270 et
1940 3228 2212 3268 exercere
2234 3211 2651 3267 etadmonere:
2679 3227 2896 3267 novam
2921 3227 3157 3284 quoque
3175 3213 3509 3268 orationem

1857 3302 2149 3375 quaesivit,
2254 3302 2383 3357 vitas
2460 3301 2656 3357 studio
2731 3301 3204 3357 convenientem.
3279 3303 3350 3356 At
3415 3300 3510 3357 ille

1858 3407 2044 3462 quam
2069 3391 2234 3463 ipsos
2257 3389 2574 3446 duodecim
2609 3389 2913 3454 docuerat,
2945 3389 3101 3445 hanc
3127 3390 3306 3446 etiam
3351 3405 3510 3446 nunc

1859 3480 2126 3553 exponit.

1933 3571 2094 3625 Vers.
2127 3575 2180 3626 2.
2213 3571 2312 3625 Ait
2351 3601 2420 3611 —
2445 3569 2615 3626 Vers.
2639 3571 2692 3624 4.
2741 3569 2917 3626 malo.
2967 3570 3190 3625 Horum
3239 3569 3514 3626 omnium

1862 3659 1937 3716 ad
1965 3659 2211 3716 verbum
2242 3659 2383 3715 data
2421 3663 2513 3714 est
2543 3659 2940 3731 interpretatio
2963 3658 3250 3730 praedicto
3301 3658 3514 3731 quinto

1862 3749 2075 3822 capite.
2100 3750 2270 3816 Quod
2292 3750 2338 3805 si
2357 3749 2940 3820 dictionesquaedam
2963 3747 3058 3804 hic
3079 3752 3515 3820 permutantur,

1864 3840 2142 3896 eamdem
2170 3845 2371 3894 tamen
2402 3843 2458 3893 et
2487 3837 2607 3892 ista:
2651 3843 2890 3893 servant
2919 3837 3436 3907 signiﬁcationem,
3461 3842 3520 3892 et

1865 3930 1924 3985 in
1949 3928 2200 3984 similem
2224 3927 3166 4000 conveniuntinterpretationem.
3201 3926 3518 3998 Postquam

1866 4025 2064 4074 autem
2092 4033 2260 4072 orare
2283 4017 2500 4081 docuit,
2536 4017 2660 4071 vult
2712 4017 3045 4081 ostendere,
3096 4015 3257 4087 quod
3303 4015 3520 4072 oratio-

1867 4109 1957 4162 nis
1983 4107 2424 4178 perseverantia
2449 4105 2650 4160 tribuit
2677 4105 2758 4173 id,
2791 4105 2949 4176 quod
2990 4104 3126 4175 quis
3179 4104 3398 4174 expetit
3423 4119 3436 4167 ;
3465 4109 3522 4158 et

1867 4194 2159 4268 parabola
2214 4210 2352 4249 usus
2401 4199 2508 4259 est,
2559 4209 2693 4265 quae
2747 4193 2861 4248 hoc
2923 4192 3312 4255 demonstret,
3381 4205 3520 4262 quas

1867 4286 2046 4342 etiam
2097 4283 2432 4339 accuratius
2477 4282 2735 4338 formata
2782 4288 2892 4344 est,
2935 4287 2996 4336 ut
3073 4278 3522 4352 persuasibilior

1870 4374 2177 4432 reddatur.

1940 4465 2106 4520 Vers.
2156 4469 2204 4518 5.
2233 4462 2304 4517 Et
2348 4460 2506 4517 dixit

1875 4571 1984 4611 seu
2014 4557 2224 4608 mutuo
2261 4551 2361 4606 da.

1942 4643 2103 4700 Vers.
2128 4643 2183 4700 7.
2215 4641 2290 4697 Et
2316 4641 2422 4698 ille
2450 4671 2511 4681 —
2533 4638 2655 4695 tibi.
2688 4637 3168 4711 Dicuntquidam
3223 4653 3328 4710 per
3384 4638 3526 4694 ami-

1873 4749 2012 4790 cum
2026 4732 2352 4804 anagogice
2379 4734 2561 4787 Deum
2575 4728 2818 4799 intelligi
2834 4729 3149 4784 hominum
3167 4732 3525 4786 amatorem.

1877 4823 2045 4879 Vadit
2069 4828 2270 4878 autem
2301 4820 2378 4875 ad
2407 4821 2607 4892 ipsum
2650 4818 2849 4874 media
2908 4822 3079 4873 nocte
3120 4823 3175 4874 et
3222 4818 3365 4890 petit
3409 4823 3529 4874 tres

1877 4927 2086 4984 panes,
2118 4910 2223 4983 qui
2244 4907 2620 4965 convenienti
2636 4914 2904 4980 tempore
2940 4908 3085 4978 petit
3125 4907 3408 4980 triplicem
3443 4907 3532 4962 di-

1879 5003 2088 5058 vinum
2113 5014 2465 5066 sermonem,
2497 4997 2689 5054 Patris
2717 4996 2990 5054 videlicet
3023 5003 3079 5054 et
3104 4996 3229 5055 Filii
3252 5013 3326 5056 ac
3357 4995 3538 5071 Spiri-

2567 4491 2630 4503 —-
2679 4460 2845 4515 Vers.
2905 4466 2957 4516 6.
3015 4459 3132 4516 ιιιί.
3187 4457 3521 4515 Commoda

1361 5313 1364 5316 .
1395 5251 1611 5322 Variae
1651 5252 1981 5322 lectiones
2020 5265 2087 5322 et
2114 5262 2296 5321 nota:

145 5425 337 5508 (9‘?)
374 5427 496 5508 Τῆς
525 5417 586 5508 δὲ
613 5425 676 5508 ’6.
700 5421 762 5508 β’

145 5494 240 5576 (‘9
258 5497 335 5576 ί)
364 5499 482 5576 5a:
509 5494 682 5576 abest
708 5496 774 5549 A.

133 5563 332 5654 (‘92)
363 5569 507 5624 Hinc
534 5564 650 5622 tria
678 5563 977 5622 vocabula
994 5563 1196 5623 omisit
1210 5563 1543 5624 Hentenius
1557 5569 1616 5624 et
1645 5568 1775 5625 tex-

452 5664 675 5721 Pu'aor.
714 5664 817 5721 Gn.
861 5663 1108 5721 CXXIX.

1888 5429 2014 5480 tum
2038 5422 2295 5495 junctim
2320 5418 2547 5478 eddidit
2598 5435 2635 5477 a
2678 5419 2893 5496 quinto
2917 5421 2995 5480 ad
3042 5421 3366 5496 septimum
3407 5433 3539 5478 ver-

1893 5511 2047 5552 sum.

3191 5660 3260 5722 3i
