3994 6218
63 31 803 57 W

184 312 276 370 οτι
1288 302 1654 371 COMMENT.
1695 312 1770 369 IN
1816 300 2069 370 LUCAM.
2110 343 2178 355 —
2219 313 2376 369 CAP.
2414 312 2500 368 x1.

3434 300 3539 376 οτι

185 436 345 502 δεῖξαι
385 439 496 511 (94)
536 438 729 506 αὐτοῖς,
761 444 850 493 καὶ
881 439 1139 513 ἀνάγνωθι
1166 445 1258 499 τήν
1288 439 1538 513 ὶξήγησιν
1589 440 1770 502 αὐτοῦ,

1982 454 2089 510 ege
2115 439 2245 510 ejus
2262 438 2717 504 enarrationem,
2745 453 2817 496 ac
2839 439 3033 498 disces
3056 456 3274 501 causas
3296 442 3543 503 fraudu-

182 536 265 582 καὶ
291 531 510 602 μαθήσῃ
537 533 626 590 τὰς
651 529 815 591 αἰτίας
835 539 927 592 τῆς
965 535 1282 603 κακουργίας
1313 531 1500 583 αὐτῶν.

251 618 417 681 Αὐτὸς
445 615 505 672 δέ
558 651 621 660 -
652 616 1003 693 διανοήματα.
1048 623 1173 676 Τότε
1202 628 1297 681 τῆς
1348 620 1654 689 ὑπολήψεως
1683 628 1773 672 τού

184 708 231 761 ἓν
286 707 585 772 Βεελζεϐοὺλ
639 707 896 761 ἐκϐάλλειν
942 713 1007 762 τὰ
1059 706 1309 782 δαιμόνια
1346 727 1357 738 ·
1388 711 1503 761 καθ⁸
1563 708 1775 771 ἑαυτοὺς

182 801 278 871 γὰρ
327 806 482 851 τούτο
524 798 715 869 ἔλεγον,
746 797 1050 872 φοϐούμενοι
1075 803 1161 851 τὸν
1189 798 1347 871 ὄχλον
1380 815 1393 829 ⁸
1439 803 1529 851 καὶ
1579 802 1637 851 τὸ
1683 805 1776 860 τῆς

184 893 364 963 πείρας
410 896 502 939 τοῦ
539 886 944 960 ἔπιζητονμένου
998 892 1232 961 σημείου.
1285 890 1389 944 Καὶ
1428 896 1516 940 νῦν
1543 889 1634 962 μὲν
1661 892 1778 964 περὶ

181 985 272 1030 τοῦ
322 977 426 1038 ἐνὸς
475 975 828 1050 ἀπολογεῖται,
879 980 1013 1050 μετὰ
1066 981 1252 1051 μικρὸν
1303 974 1361 1031 δε
1402 984 1491 1031 καὶ
1542 981 1777 1054 περὶτοῦ

183 1065 376 1141 ἐτέρου.
1426 1074 1439 1079 ’

251 1160 494 1215 Ζήτησον
525 1152 584 1209 δε
612 1160 704 1209 καὶ
741 1155 790 1207 ἐν
816 1164 888 1227 τῷ
919 1155 1136 1229 εἰκοστῷ
1164 1153 1388 1232 δευτέρῳ
1406 1156 1663 1230 κεφαλαίῳ
1689 1164 1781 1210 τοῦ

184 1248 317 1297 κατά
339 1247 607 1299 Ματθαίον
650 1249 746 1303 τὴν
803 1244 1075 1319 ἑρμηνείαν
1123 1253 1234 1299 τοῦ·
1297 1243 1461 1308 Εἰδὼς
1516 1242 1575 1299 δέ
1608 1246 1722 1319 (95)
1755 1246 1780 1298 ὁ

194 1334 396 1396 Ἰησοῦς
424 1338 515 1397 τὰς
541 1334 849 1407 ἐνθυμήσεις
875 1334 1063 1388 αὐτῶν.

261 1515 484 1584 Εἴρηται
532 1507 591 1563 δι
661 1512 785 1583 ἡμῖν
839 1509 1104 1571 πολλάκις,
1157 1511 1239 1563 ὅτι
1323 1513 1371 1563 οἱ
1427 1508 1786 1582 εὖαγγελισταὶ

187 1605 313 1654 ποτε
340 1606 432 1672 μὲν
483 1608 668 1675 καιροῦ
720 1603 810 1652 καὶ
862 1600 1053 1662 τάξεως
1102 1598 1214 1671 (96)
1274 1608 1372 1652 τῶν
1421 1600 1678 1672 ῥηθέντων
1753 1599 1784 1657 ἡ

186 1692 529 1765 κραχθέντων
582 1690 919 1764 φροντίζουσι
984 1709 996 1720 ·

182 1780 379 1852 γελίας.

1059 1692 1184 1742 ποτε
1246 1686 1325 1755 δὲ,
1392 1693 1554 1761 μόνης
1614 1687 1788 1759 ἀπαγ-

256 1958 424 2017 Εἷπεν
452 1991 515 2000 —
555 1963 751 2011 πίπτει.
787 1963 887 2011 Καὶ
930 1955 1065 2018 οἰκος
1096 1956 1179 2009 ἐπὶ
1218 1954 1376 2019 οἰκον,
1411 1952 1791 2031 διαμερισθεὶς,

181 2045 458 2107 δηλονότι.
498 2049 581 2101 Ἐν
608 2056 679 2100 τῶ
708 2048 913 2122 ῥηθέντι
946 2043 1005 2099 δὲ
1034 2045 1252 2115 εἰκοστῷ
1275 2041 1499 2120 δευτέρῳ
1538 2045 1794 2117 κεφαλαίῳ

178 2144 274 2192 καὶ
302 2144 424 2213 περὶ
452 2140 642 2190 τούτων
671 2136 963 2199 ἀκολούθως
985 2137 1305 2210 ἡρμηνεύθη.

259 2317 329 2371 Εἰ
359 2313 421 2370 δὲ
444 2316 605 2369 αὐτοῦ
639 2333 653 2383 ;
688 2315 907 2388 Ὁμοίως
933 2319 1023 2367 καὶ
1052 2319 1171 2387 περὶ
1194 2316 1402 2368 τούτου.

253 2407 387 2461 ὀτι
414 2438 481 2447 —
513 2403 779 2479 δαιμόνια.
827 2405 1090 2477 Ἐμφαίνει
1119 2404 1297 2465 αὐτοῖς
1325 2408 1413 2457 καὶ
1443 2403 1469 2455 ὃ
1500 2401 1798 2476 ὑπολαμϐά-

179 2516 364 2555 νοντες
391 2496 563 2568 ελεγον
591 2496 713 2548 καθ’
745 2495 957 2557 ἑαυτοὺς
985 2498 1105 2568 περὶ
1136 2492 1317 2548 αὐτοῦ.

261 2587 335 2641 Εἰ
356 2582 416 2638 δι
446 2615 514 2626 -
544 2584 776 2638 ἐσονται.
827 2584 907 2638 Ἐν
932 2591 1005 2654 τῷ
1041 2583 1154 2655 (97)
1211 2578 1496 2640 δηλωθέντι
1539 2580 1797 2653 κεφαλαίῳ

181 2677 421 2740 καθεξῆς
460 2680 546 2729 καὶ
576 2680 693 2749 περὶ
731 2677 925 2728 τούτων
952 2670 1271 2732 διείληπται.

262 2768 330 2821 Εἰ
370 2763 430 2820 δε
458 2797 528 2807 -
554 2773 708 2819 Θεον.
732 2765 1002 2826 Ὡσαύτως
1030 2768 1114 2815 καὶ
1142 2769 1259 2836 περὶ
1279 2765 1465 2815 τούτου
1499 2763 1800 2835 σαφέστατά

177 2876 237 2909 τε
268 2860 372 2907 καὶ
413 2853 784 2927 ἀκριϐέστατα.

256 2945 432 2998 Ὀταν
456 2976 515 2985 -
535 2941 571 2997 ὃ
577 2940 667 2996 cad
672 2940 729 2997 ίδ
732 2942 1112 3018 ωσι.ῐ1αραπλη
1123 2946 1175 2993 σὶ
1189 2963 1247 3004 ος
1259 2945 1348 2993 καὶ
1362 2945 1476 3015 περὶ
1488 2937 1799 3007 τούτων(98)

177 3040 241 3088 τὸ
275 3034 565 3106 κεφαλαιον
622 3032 779 3085 ἐκεῖνο
825 3029 1184 3104 διαλαμϐάνει,
1236 3035 1324 3082 καὶ
1352 3026 1459 3104 ῥᾴδ
1465 3049 1539 3082 ιον
1575 3028 1674 3081 ἀπὸ
1705 3036 1800 3080 τῶν

174 3122 298 3178 ἐκεῖ
326 3124 588 3199 ῥηθέντων
618 3129 707 3175 καὶ
731 3130 897 3175 ταῦτα
930 3118 1352 3193 διαγνωσθῆναι,

252 3304 325 3356 Ὀ
361 3308 434 3376 μὴ
467 3334 535 3342 —
567 3302 862 3376 σκορπίζει.
891 3298 1007 3354 "Eri
1044 3304 1135 3351 καὶ
1155 3303 1273 3373 περὶ
1301 3301 1516 3351 τούτων.

256 3483 437 3536 Ὀταν
470 3512 535 3522 -
566 3483 969 3553 κεκοσμημένον.
1004 3481 1183 3535 Ταῦτα
1211 3477 1406 3553 ἔγραψε
1434 3481 1523 3529 καὶ
1548 3478 1808 3536 Ματθαῖος

174 3575 231 3627 ὧν
266 3581 357 3643 τῷ
408 3576 630 3641 εἰκοστῷ
668 3574 823 3645 τρίτῳ
865 3568 1144 3642 κεφαλαίῳ,
1193 3573 1283 3620 καὶ
1313 3568 1715 3640 ἡρμηνεύθησαν
1759 3563 1806 3616 ἐν

174 3668 401 3733 ἐκεινῳ.

256 3757 406 3806 Τότε
441 3781 502 3791 --
533 3755 777 3823 πρώτων.
805 3748 1071 3810 Ὡσαύτως
1100 3751 1395 3800 καὶταῦτα.

348 3846 500 3895 [il-24’.
549 3837 632 3896 Μ’.
688 3842 810 3912 Περὶ
839 3846 934 3900 τῆς
962 3837 1019 3889 ἐκ
1058 3844 1151 3889 τοῦ
1181 3835 1345 3908 ὄχλον
1397 3834 1669 3910 ἐπαράσης

909 3930 1099 4000 φωνήν.

258 4023 514 4093 Ἐγένετο
550 4049 621 4058 —
665 4016 941 4077 ἐθήλασας.
976 4015 1268 4090 Ἐποίρασα,
1302 4018 1484 4086 ἤγουν,
1526 4012 1809 4084 ὑψώσασα.

160 4110 416 4185 Σφόδρα
439 4110 545 4183 γὰρ
575 4102 932 4178 ἀποδεξαμένη
964 4109 1084 4166 τοὺς
1103 4105 1284 4176 λόγους
1308 4104 1486 4171 αὐτοῦ,
1518 4102 1813 4177 μεγαλοφώ-

157 4222 288 4263 mc
328 4199 625 4272 ἐμακάρισε
654 4200 746 4254 τὴν
769 4200 1096 4267 γεννήσασαν
1124 4194 1302 4260 αὐτὸν,
1344 4197 1412 4257 ὡς
1442 4197 1680 4247 τοιούτου
1711 4212 1806 4265 μη-

155 4311 323 4366 τερα
352 4288 606 4358 γενέσθαι
632 4285 961 4348 ἀξιωθεῖσαν.

259 4469 450 4528 Αὐτὸς
490 4462 551 4518 δί
582 4496 648 4506 -
694 4463 869 4519 αὐτόν.
925 4470 1201 4534 Μενοῦνιγε,
1259 4464 1550 4524 τουτέστιν,
1596 4458 1813 4520 ἀληθῶς.

150 4569 455 4621 Zamam
483 4552 545 4608 δι
588 4553 637 4607 ἐν
666 4563 738 4625 τῷ
792 4553 1010 4624 εἰκοστῷ
1065 4557 1223 4625 τρίτῳ
1277 4549 1534 4623 κεφαλαίῳ
1555 4549 1649 4602 τοῦ
1687 4553 1822 4601 κατὰ

150 4650 512 4714 Μαθθαῖον,
552 4648 610 4697 τὸ
642 4661 653 4672 ·
684 4642 870 4704 Ὀστις
916 4645 1018 4714 γὰρ
1058 4640 1119 4693 ἂν
1157 4645 1356 4714 ποιήσῃ
1413 4644 1470 4692 τὸ
1506 4639 1704 4711 θέλημα
1728 4646 1820 4690 τοῦ

154 4744 418 4812 Πατρός
449 4754 557 4809 μου
586 4741 677 4786 τοῦ
709 4731 756 4784 ἐν
781 4731 1038 4804 οὐρανοῖς,
1071 4730 1228 4793 αὐτὸς
1250 4750 1350 4804 μου
1372 4734 1459 4782 καὶ
1490 4725 1710 4801 ἀδελφὸς
1736 4733 1823 4780 καὶ

150 4828 411 4899 ἀδελφὴ
455 4829 551 4876 καὶ
567 4827 743 4897 μήτηρ
778 4820 913 4890 ἐστὶ,
969 4824 1059 4873 καὶ
1102 4819 1362 4892 ἀνάγνωθι
1408 4824 1499 4878 τὴν
1556 4817 1675 4876 ὃλην
1732 4825 1824 4870 τοῦ

141 4920 455 4974 τοιούτου
483 4913 648 4989 ῥητοῦ
678 4912 947 4983 ίξὴγησιν.
982 4910 1188 4969 Φυλακὴ
1224 4907 1282 4963 δε
1319 4910 1474 4982 λόγου
1507 4915 1643 4973 θεοῦ
1684 4909 1822 4960 ἐστιν

140 5014 187 5070 ἡ
225 5008 554 5083 πλήρωσις
578 5001 738 5056 αὑτοῦ
750 5046 765 5060 ,

246 5164 320 5200 τ’
367 5156 582 5216 Matth.
608 5172 713 5225 xu,
734 5155 823 5212 25.
857 5155 910 5198 ⁸ο
952 5152 1105 5213 Ibid.
1133 5153 1205 5210 50

1884 526 2025 584 lenti
2046 543 2250 584 eorum
2272 531 2546 585 conatus.

1956 614 2121 672 Vers.
2160 615 2245 671 t7.
2278 617 2359 670 At
2410 617 2532 686 ipse
2576 647 2643 657 —
2692 619 3082 688 cogitationes.
3120 618 3539 692 Cogitationes,

1887 709 2015 761 tum
2033 704 2408 777 suspicionis,
2434 704 2601 778 quod
2633 705 2693 762 in
2725 705 3033 764 Beelzebut
3064 709 3299 781 ejiceret
3322 711 3546 768 daemo-

1887 794 2007 861 nia,
2026 809 2169 850 nam
2208 794 2323 851 hoc
2349 793 2512 866 apud
2537 810 2602 849 se
2643 794 2944 862 dicebant,
2972 798 3245 855 timentes
3290 800 3548 857 turbam-

1889 890 2011 939 tum
2078 889 2346 940 conatus.
2406 883 2569 956 quod
2620 883 2858 956 signum
2910 880 3204 959 petebant.
3257 890 3321 946 Et
3384 906 3549 947 nunc

1887 972 2133 1046 quidem
2150 974 2225 1029 de
2266 988 2384 1029 uno
2402 973 2743 1046 respondet,
2765 980 2902 1047 post
2925 990 3121 1049 pauca
3150 994 3291 1035 vero
3304 979 3380 1035 de
3409 979 3551 1036 reli-

1888 1076 2034 1135 quo.

1964 1153 2172 1219 Quaere
2215 1156 2417 1208 autem
2455 1151 2741 1209 vicesimo
2774 1153 3043 1211 secundo
3069 1155 3261 1228 capite
3286 1159 3551 1229 Evange-

1890 1240 1954 1297 lii
1974 1239 2308 1297 secundum
2336 1241 2676 1298 Matthmum
2733 1240 3274 1316 interpretationem
3316 1262 3555 1321 quoque

1892 1330 2069 1398 illius,
2099 1329 2263 1403 quod
2282 1329 2496 1387 dicitur
2522 1331 2717 1388 :Jesus
2743 1337 2936 1389 autem
2956 1334 3145 1392 sciens
3167 1335 3554 1407 cogitationes

1894 1435 2096 1478 eorum
2128 1420 2199 1473 τ’.

1967 1510 2326 1583 Frequenter
2347 1512 2549 1566 autem
2575 1526 2611 1567 a
2628 1510 2800 1567 nobis
2825 1511 3051 1569 dictum
3066 1517 3174 1579 est,
3196 1514 3355 1587 quod
3379 1531 3560 1573 evan-

1898 1598 2118 1670 gelista;
2149 1599 2449 1655 interdum
2479 1598 2724 1672 quidem
2756 1602 3042 1673 temporis
3093 1610 3148 1659 et
3191 1604 3417 1661 ordinis
3463 1621 3560 1661 eo-

1898 1704 2056 1755 rum,
2087 1703 2222 1761 quae
2262 1687 2438 1755 dicta,
2490 1694 2593 1745 aut
2642 1688 2802 1746 facta
2849 1695 3007 1757 sunt,
3049 1706 3259 1749 curam
3313 1694 3558 1765 habent,

1832 1796 1870 1850 Β
1901 1779 2268 1850 quandoque
2296 1792 2439 1833 vero
2466 1776 2530 1833 id
2559 1781 2793 1834 tantum
2838 1777 3101 1851 student,
3131 1787 3194 1836 ut
3240 1797 3390 1854 rem,
3422 1798 3560 1856 quea

1903 1871 2069 1937 gesta
2099 1872 2207 1935 est,
2239 1871 2535 1922 enarrent.

1977 1956 2241 2010 Vers.17.
2296 1954 2567 2025 Πίωίεέ-
2596 1956 2779 2013 cadit.
2832 1956 3057 2014 Domus
3117 1958 3405 2017 adversus
3461 1961 3564 2021 do-

1907 2061 2095 2117 mum,
2128 2044 2403 2101 videlicet
2431 2045 2644 2102 divisa.
2670 2046 2958 2105 Praedicto
2988 2048 3274 2107 vicesimo
3301 2051 3564 2109 secundo

1906 2135 2098 2207 capite
2128 2132 2310 2190 etiam
2362 2135 2438 2192 de
2488 2135 2584 2192 his
2618 2143 3005 2211 consequenti
3050 2139 3251 2196 ordine
3298 2137 3442 2199 data
3482 2146 3568 2200 est

1905 2223 2327 2296 interpretatio.

1980 2314 2144 2369 Vers.
2184 2314 2264 2369 18.
2295 2312 2453 2381 Quod
2495 2314 2634 2370 si—
2676 2316 2800 2386 ejus
2827 2315 2857 2372 ?
2916 2316 3197 2373 Similiter
3230 2322 3284 2375 et
3310 2317 3384 2374 de
3427 2319 3564 2376 hoc.

1979 2402 2143 2458 Vers.
2167 2402 2234 2458 18
2262 2403 2414 2472 Quia
2458 2404 2512 2459 si
2540 2433 2609 2445 —
2655 2403 2964 2462 dwmom‘a.
3021 2405 3354 2464 Manifestat
3385 2408 3567 2467 etiam

1911 2492 2017 2559 eis,
2042 2491 2190 2566 quid
2235 2492 2400 2566 apud
2460 2507 2525 2548 se
2555 2492 2823 2550 dicentes
2880 2492 3351 2567 suspicabantur.

1984 2580 2258 2638 Vel-3.19.
2282 2581 2352 2638 Si
2373 2586 2572 2639 autem
2598 2589 2863 2640 —eruut.
2906 2585 3072 2655 +~j~ln
3103 2586 3297 2658 capite
3327 2583 3572 2646 laudato

1912 2671 2194 2744 deinceps
2222 2671 2403 2727 etiam
2434 2672 2508 2728 de
2538 2671 2630 2728 his
2651 2674 2985 2745 expositum
3018 2679 3124 2731 est.

1986 2760 2148 2817 Vers.
2195 2760 2283 2817 20.
2342 2760 2411 2817 Si
2464 2768 2661 2819 autem
2721 2794 2789 2803 —
2844 2763 2973 2820 Dei.
3027 2766 3104 2820 De
3151 2764 3267 2821 hoc
3330 2780 3575 2840 quoque

1912 2849 2285 2923 apertissime
2329 2866 2401 2906 ac
2439 2850 2893 2922 diligentissime
2946 2852 3168 2909 ibidem
3208 2854 3498 2912 invenies.

1982 2941 2142 2995 Vers.
2199 2943 2289 2995 2t.
2349 2940 2500 2996 Cum
2561 2973 2622 2984 —
2677 2941 2850 2997 Vers.
2909 2946 2999 2997 2'2.
3058 2943 3388 3002 distribuit.
3445 2945 3573 3001 Pari

1913 3028 2092 3085 modo
2118 3035 2175 3085 et
2199 3029 2273 3085 de
2298 3028 2393 3084 his
2421 3037 2603 3102 caput
2628 3029 2767 3086 illud
2797 3030 3039 3088 disserit
3069 3049 3083 3088 :
3107 3038 3163 3089 et
3188 3049 3259 3090 ex
3283 3033 3399 3099 his,
3438 3051 3576 3109 quas

1832 3149 1872 3202 ο
1910 3118 1994 3176 ibi
2033 3119 2191 3176 dicta
2238 3124 2396 3191 sunt,
2429 3120 2604 3177 etiam
2645 3120 2771 3176 ilth
2802 3120 3035 3178 facilius
3086 3125 3373 3194 cognosci
3414 3130 3582 3199 pote-

1910 3214 2070 3266 runt.

1985 3301 2143 3356 Vers.
2172 3303 2261 3356 23.
2310 3299 2429 3368 Qui
2450 3315 2566 3356 non
2618 3299 3014 3373 —dispergit.
3074 3304 3362 3361 Praeterea
3406 3309 3464 3362 et
3503 3304 3581 3364 de

1911 3388 2024 3445 his.

1985 3478 2147 3536 Vers.
2189 3477 2277 3536 24.
2338 3476 2477 3534 Cum
2519 3509 2586 3520 -—
2635 3478 2798 3534 Vers.
2832 3478 2921 3534 25.
2953 3487 3246 3538 ornatam.
3290 3484 3423 3539 Haec
3450 3485 3585 3541 Mat-

1914 3569 2107 3625 thasns
2158 3582 2400 3640 quoque
2425 3567 2656 3639 scripsit
2685 3567 2966 3626 vicesimo
3007 3570 3173 3627 tertio
3195 3572 3407 3644 capite,
3436 3578 3491 3629 et
3521 3568 3586 3631 in

1916 3674 1988 3716 eo
2016 3657 2316 3714 declarata
2363 3661 2523 3714 sunt.

1989 3749 2150 3804 Vers.
2181 3750 2270 3804 29.
2308 3746 2468 3803 Tunc
2495 3778 2565 3787 —
2587 3746 2815 3817 primis.
2857 3747 3135 3806 Similiter
3165 3755 3225 3807 et
3252 3749 3404 3817 haec,

1918 3836 2075 3895 CAP.
2103 3837 2211 3894 XL.
2283 3835 2363 3893 De
2390 3835 2657 3898 muliere.
2698 3851 2830 3908 qua
2878 3838 2950 3896 de
2988 3837 3167 3897 turba
3196 3856 3390 3900 vocem
3423 3848 3590 3899 extu-

2719 3928 2808 3982 lit.

1992 4018 2150 4072 Vers.
2178 4019 2268 4070 27.
2312 4017 2551 4073 Factum
2592 4047 2660 4057 —
2686 4022 2768 4072 est
2807 4017 3042 4074 suxisti.
3100 4018 3284 4088 Elata,
3332 4021 3451 4078 sive
3478 4022 3598 4081 ele.

1918 4111 2059 4162 vata
2076 4120 2238 4160 voce.
2269 4107 2417 4161 Cum
2456 4103 2615 4161 enim
2645 4104 3058 4162 vehementem
3089 4106 3147 4162 in
3176 4124 3309 4165 eam
3336 4110 3593 4183 impres-

1922 4194 2151 4250 sionem
2166 4208 2475 4249 sermones
2507 4192 2664 4248 illius
2682 4192 2977 4259 fecissent,
3012 4211 3237 4265 magna
3265 4200 3590 4256 etexaltata

1921 4299 2067 4340 voce
2094 4299 2228 4338 eam
2257 4281 2638 4347 beatiﬁcavit,
2659 4297 2792 4354 quae
2837 4281 3005 4338 illum
3032 4291 3363 4357 pepererat,
3389 4291 3592 4360 utpote

1922 4389 2059 4446 qua:
2086 4372 2218 4428 talis
2248 4370 2367 4427 Filii
2386 4370 2571 4426 Mater
2608 4369 2732 4425 ﬁeri
2758 4369 3000 4440 dignata
3057 4372 3267 4429 fuerat.

1998 4462 2159 4519 Vers.
2208 4464 2297 4516 28.
2346 4459 2551 4515 Atille
2602 4489 2671 4500 —
2720 4458 2913 4515 illum.
2944 4461 3095 4527 Quin
3142 4461 3282 4530 imo,
3338 4463 3453 4520 hoc
3479 4470 3593 4529 est,

1928 4566 2060 4607 vere
2116 4549 2250 4605 dico
2298 4548 2488 4605 vobis.
2553 4549 2759 4615 Quaere
2825 4555 3027 4605 autem
3076 4551 3362 4609 vicesimo
3428 4553 3595 4611 tertio

1923 4639 2089 4711 juxta
2124 4638 2456 4695 Mattlueum
2499 4637 2711 4710 capite.
2764 4637 2863 4694 ubi
2894 4638 3108 4696 dicitur
3150 4657 3162 4696 :
3209 4642 3596 4716 Quincunque

1930 4729 2080 4785 enim
2104 4728 2314 4798 fecerit
2346 4726 2705 4785 voluntatem
2734 4728 2932 4785 Patris
2960 4732 3089 4799 mei,
3120 4732 3220 4802 qui
3236 4733 3299 4789 in
3321 4734 3597 4798 caelisest,

1929 4818 2052 4888 ipse
2111 4824 2162 4874 et
2218 4832 2381 4873 meus
2425 4817 2625 4887 frater
2681 4820 2734 4874 et
2788 4832 2957 4874 soror
3028 4826 3082 4876 et
3147 4828 3333 4879 mater
3387 4829 3470 4879 est
3553 4824 3602 4860 ⁸ο

1931 4924 2002 4965 ac
2038 4907 2167 4977 lege
2210 4912 2394 4962 totam
2422 4906 2562 4962 dicti
2613 4905 2767 4963 illius
2823 4910 3285 4968 enarrationem.
3319 4913 3602 4971 Custodia

1928 5012 2069 5053 vero
2094 4994 2386 5052 sermonis
2412 4994 2535 5063 Dei,
2559 4996 2688 5068 ejus
2715 5000 2807 5053 est
2831 4996 3207 5072 adimpletio.

1432 5300 1655 5372 Variae
1685 5300 2014 5372 lectiones
2084 5309 2153 5368 et
2189 5309 2393 5369 notae.

281 5541 417 5615 95)
440 5545 504 5595 Δέ
541 5541 711 5598 abest
729 5545 797 5615 Α.

282 5470 413 5545 94)
437 5467 634 5545 Δείξαι,
661 5473 725 5525 Α.

241 5475 417 5772 ita
437 5475 797 5598 esse.

283 5619 397 5676 96
460 5619 659 5690 Καιροῦ
683 5610 875 5677 τάξεως
909 5612 978 5668 Α.

278 5621 421 5765 97;
443 5688 564 5744 Hoc
590 5682 886 5743 scholium
911 5700 978 5741 nc

278 5678 421 5757 οη
443 5678 576 5744 Hoc'
590 5682 886 5743 scholium
911 5698 1034 5741 non
1057 5680 1274 5757 legitur
1291 5678 1447 5757 apud
1474 5678 1859 5739 Hentenium.

2008 5463 2222 5536 Textus
2236 5466 2434 5536 autem
2455 5475 2672 5536 _ve_rsus
2706 5466 2765 5536 t9
2787 5466 2845 5536 et
2870 5463 2961 5521 20.
2982 5463 3222 5536 junctus
3256 5468 3363 5524 est.
3406 5464 3601 5524 Saltus

1941 5550 2083 5606 ergo
2105 5534 2293 5592 factus
2317 5533 2396 5590 ab
2418 5532 2471 5606 εἰ
2505 5529 2566 5587 δέ
2589 5533 2669 5593 ad
2700 5533 2744 5589 εἰ
2775 5532 2865 5593 δέ.

2013 5605 2129 5680 (98)
2168 5607 2368 5664 Τούτου
2397 5605 2465 5661 Α·
