3994 6218
562 250 668 309 975

634 373 796 430 CAP.
834 372 961 429 XLI.
990 373 1078 427 De
1104 369 1184 426 his
1216 372 1320 443 qui
1345 370 1580 442 signum
1608 370 1912 441 petebant.

634 461 798 517 Vers.
821 462 890 515 29
918 498 932 514 .
962 459 1177 515 Turbis
1207 465 1400 517 autem
1420 492 1483 500 —
1506 459 1743 533 quierit.
1764 463 1928 516 Nunc
1951 460 2129 515 etiam
2156 457 2228 512 de

560 551 792 624 reliqua
858 565 1065 606 eorum
1152 549 1503 620 cogitatione
1576 548 1917 621 respondet.
1984 549 2227 605 Pravam

563 644 764 696 autem
813 639 1144 694 nominavit
1188 640 1631 709 generationem
1673 638 2108 694 Pharisaeorum
2162 652 2231 691 ac

564 728 1045 793 Sadduczeorum,
1076 734 1365 800 tanquam
1409 734 1727 784 tentantem
1754 730 1975 801 ipsum.
2015 727 2092 782 De
2118 726 2232 808 hac

562 822 760 874 autem
789 818 1011 873 dictum
1052 822 1138 872 est
1177 817 1464 874 vicesimo
1496 816 1665 873 tertio
1702 818 1895 890 capite
1926 815 2233 887 Evangeli1

564 906 897 963 secundum
920 906 1277 962 Matthaaum.

633 997 799 1051 Vers.
830 998 920 1050 29.
960 994 1035 1049 Et
1069 1024 1138 1035 —
1162 995 1491 1065 propheta.
1526 994 1611 1050 Ibi
1638 995 1819 1051 etiam
1858 995 1985 1051 haec
2038 994 2231 1049 mani-

562 1083 707 1141 feste
734 1083 1035 1139 declarata
1065 1089 1223 1139 sunt.

632 1172 799 1229 Vers.
831 1176 917 1228 30.
949 1171 1103 1227 Sicut
1158 1203 1226 1212 —
1264 1173 1382 1228 isti.
1420 1172 1945 1238 Quemadmodum
1996 1172 2091 1228 ille
2123 1171 2229 1226 fuit

563 1262 800 1333 signum
841 1261 1000 1334 apud
1069 1261 1377 1333 Ninivitas,
1435 1263 1547 1318 hoc
1615 1268 1721 1331 est,
1777 1279 1869 1317 res
1918 1270 2225 1335 nunquam

562 1351 803 1417 audita;
829 1350 995 1422 quod
1035 1351 1565 1422 supernaturaliter
1605 1369 1634 1407 e
1667 1360 1865 1407 ventre
1914 1352 2024 1407 ceti
2059 1352 2227 1406 tertio

562 1440 659 1495 die
684 1440 1033 1495 liberaretur
1084 1455 1097 1493 :
1146 1439 1227 1496 ita
1260 1440 1354 1496 hic
1400 1442 1507 1497 erit
1528 1442 1765 1512 signum
1806 1440 2224 1513 apudgenera,

561 1528 784 1585 tionem
820 1528 1149 1584 inﬁdelium
1198 1529 1564 1593 Judaeorum.
1619 1532 1740 1585 sive
1784 1547 1880 1586 res
1936 1530 2225 1586 inaudita-

562 1618 722 1691 quod
771 1618 1299 1690 supernaturaliter
1357 1635 1386 1673 e
1455 1624 1652 1675 ventre
1702 1625 1868 1674 terrm
1915 1619 2081 1675 tertio
2134 1619 2224 1673 die

1882 242 2229 301 EUTHYMII
2284 242 2607 301 ZIGABENI
3761 255 3830 309 976

2554 379 2699 427 ΚΕΦ.
2733 374 2865 429 ΜΑ’.
2897 379 3022 447 Περὶ
3052 384 3151 427 τῶν
3197 376 3469 428 αἰτούντων
3513 386 3709 448 σημεῖον.

2411 467 2519 512 Τὠν
2550 458 2608 514 δὲ
2666 462 2838 533 ὄχλων
2874 496 2935 503 -
2984 462 3237 524 ἐπιζητεῖ.
3294 472 3397 517 Νῦν
3462 464 3740 536 ἀπολογεῖται
3776 478 3834 519 ιιι

2340 555 2456 620 περὶ
2520 559 2609 602 τον
2670 552 2841 627 ἐτέρου
2893 554 3055 605 αὐτῶν
3115 550 3567 625 διανοήματος,ὡς
3592 562 3834 628 προείρηται.

2343 642 2577 713 Πονηραν
2611 636 2669 692 δὲ
2717 642 2953 713 ὠνόμασε
3006 647 3098 700 τήν
3155 646 3327 712 γενεὰν
3376 652 3470 695 των
3520 650 3760 717 Φαρισαίων
3781 666 3834 695 καί

2342 725 2736 793 Σαδδονκαίων,
2802 734 2870 793 ως

2951 733 3323 803 πειράζονσαν.
3402 736 3602 806 Εἴρηται
3670 730 3716 785 δε
3762 742 3839 807 περὶ

2340 821 2530 877 ταύτης
2560 824 2649 870 καὶ
2680 818 2726 870 ὲν
2772 829 2842 891 τῷ
2879 821 3095 891 εἰκοστῷ
3142 827 3297 895 τρίτῳ
3351 822 3591 892 κεφαλαίῳ
3632 830 3707 873 τοῦ
3749 826 3838 873 κατὰ

2340 909 2604 959 Ματθαῖον
2618 953 2629 965 ,

2413 1002 2512 1049 Καὶ
2544 1029 2610 1038 -
2642 1004 2928 1071 προφήτου.
2955 1000 3034 1052 Ἐν
3066 998 3237 1071 ἐκείνῳ
3266 1005 3356 1052 καὶ
3381 1009 3539 1052 ταῦτα
3560 1002 3837 1072 cupiamu-

2338 1088 2612 1143 νεύθησαν,

2412 1178 2597 1237 Καθὼς
2629 1209 2687 1216 -
2748 1182 2932 1247 ταύτῃ.
3004 1181 3182 1241 Καθὼς
3240 1178 3421 1239 ἐκεῖνος
3469 1179 3641 1249 ἐγένετο
3690 1187 3841 1249 σημεῖον

2338 1268 2479 1336 παρὰ
2506 1274 2613 1326 τοῖς
2646 1270 2954 1333 Νινευίταις,
3010 1274 3270 1331 τουτέστι,
3330 1266 3607 1343 παράδοξον
3642 1270 3842 1337 οἰκονομα,

2339 1356 2412 1405 ὅτι
2466 1358 2734 1431 ὑπερφυῶς
2784 1356 2836 1408 ἐκ
2909 1365 3001 1418 τῆς
3057 1357 3250 1418 κοιλίας
3306 1366 3395 1409 τοῦ
3452 1364 3618 1416 κήτους
3678 1355 3842 1429 {citizen

2339 1450 2605 1517 τριήμερος
2641 1464 2653 1475 ·
2688 1447 2823 1497 οὕτω
2860 1452 2949 1498 καὶ
3004 1447 3154 1508 οὗτος
3208 1453 3475 1518 γενήσεται
3530 1454 3711 1517 σημεῖον
3746 1450 3845 1515 παρά

2336 1542 2397 1605 τῇ
2432 1541 2580 1605 γενεᾴ
2631 1544 2727 1586 τῶν
2778 1534 3010 1587 ἀπίστων
3086 1533 3378 1601 Ἰουδαίων,
3445 1541 3572 1599 ἦτοι,
3622 1531 3843 1608 παράδοξοι

2336 1624 2599 1695 ἄκουσμα,
2655 1626 2734 1675 ὅτι
2791 1626 3058 1697 ὑπερφυῶς
3121 1624 3173 1676 ἐκ
3222 1635 3311 1685 τῆς
3358 1634 3458 1697 γῆς
3529 1624 3689 1681 ανέστη
3737 1632 3843 1695 τριξ-

560 1707 895 1763 surrexerit.
932 1708 1045 1763 Sed
1096 1708 1356 1763 Ninivitaa
1392 1725 1535 1764 sane
1576 1708 1955 1763 crediderunt
2007 1708 2208 1763 audita

2335 1732 2507 1785 μερος.
2542 1713 2697 1764 Ἀλλὰ
2745 1721 3008 1766 Νινευῑται
3047 1718 3135 1786 μὲν
3169 1721 3257 1766 καὶ
3286 1715 3583 1767 ἐπίστευσαν
3610 1723 3670 1783 τῷ
3693 1716 3846 1777 τοιούτῳ

561 1796 835 1865 novitati,
857 1812 927 1853 ac
951 1797 1307 1853 obedierunt
1333 1798 1446 1865 his,
1472 1814 1603 1869 quae
1636 1800 1812 1853 Jonas
1838 1798 2183 1869 praedicavit
2208 1815 2219 1853 :

560 1885 621 1941 hi
679 1902 819 1943 vero
877 1901 985 1941 nec
1043 1887 1421 1942 crediderunt
1492 1903 1604 1942 nec
1656 1887 2033 1952 obedierunt,
2086 1886 2223 1942 ideo

560 1992 799 2048 quoque
831 1975 913 2030 illi
964 1976 1457 2032 condemnabunt
1485 1978 1647 2047 istos,
1684 1976 1857 2032 sicuti
1875 1976 2056 2049 paulo
2090 1981 2223 2046 post

562 2064 1059 2121 manifestabitur.

636 2157 797 2210 Vers.
820 2156 910 2209 31.
940 2156 1159 2226 Regina
1182 2186 1251 2195 ——
1276 2155 1383 2212 hoc
1411 2156 1635 2212 inloco.
1673 2156 1816 2213 Haec
1842 2160 1895 2210 et
1917 2154 2221 2211 Matthteus

561 2244 832 2318 praedicto
852 2243 980 2300 loco
1011 2245 1363 2316 proposuit;
1402 2252 1458 2301 et
1486 2245 1564 2301 ibi
1594 2260 1791 2317 quaere
1812 2245 2030 2301 borum
2055 2261 2222 2300 enar-

560 2334 876 2391 rationem.

632 2423 793 2479 Vers.
823 2426 911 2479 32.
957 2423 1083 2478 Viri
1115 2454 1167 2463 —
1198 2422 1303 2479 hoc
1331 2424 1393 2479 in
1419 2424 1564 2479 loco-
1597 2426 1657 2478 In
1679 2424 1777 2479 illo
1808 2424 1999 2495 capite
2039 2424 2219 2479 etiam

558 2511 682 2568 haec
734 2512 965 2584 scripsit
1009 2512 1338 2577 Matthmus,
1381 2518 1707 2585 antequam
1754 2513 1830 2569 de
1872 2514 2078 2583 regina
2110 2516 2221 2567 Au-

560 2601 664 2657 stri
697 2617 712 2668 ;
745 2601 875 2671 lege
896 2602 1131 2671 ergoibi
1156 2601 1374 2657 horum
1391 2619 1633 2675 quoque
1670 2601 2216 2675 interpretationem

559 2691 986 2748 rationabiliter
1012 2697 1368 2747 enarratam.

632 2781 796 2837 Vers.
825 2784 913 2837 33.
967 2781 1150 2836 Nemo
1210 2811 1273 2821 —
1326 2780 1581 2837 videant.
1616 2781 1849 2836 Dictum
1904 2780 2086 2836 estde
2121 2780 2214 2835 his

559 2870 769 2943 quinto
786 2870 981 2941 capite
1002 2869 1304 2940 Evangelii
1317 2871 1335 2940 j
1348 2877 1483 2925 uxta
1498 2871 1967 2936 Matthaaum,ubi
1981 2870 2213 2933 dicitur,

557 2960 692 3015 Non
716 2965 904 3029 potest
930 2959 1138 3015 civitas
1165 2961 1449 3015 abscondi
1467 2976 1644 3031 supra
1665 2966 1908 3015 montem
1936 2961 2128 3028 posita
2146 2960 2213 3013 δι.

2335 1800 2648 1873 ἀκούσματι,
2674 1810 2761 1854 καὶ
2812 1802 3148 1867 ἐπείσθησαν,
3174 1806 3246 1863 οἷς
3294 1804 3562 1877 ἐκήρυττεν
3594 1804 3751 1861 Ἰωνᾶς·
3790 1801 3844 1850 οὗ·

2332 1910 2413 1942 τοι
2454 1888 2511 1943 6‘:
2532 1897 2620 1943 καὶ
2647 1892 2951 1949 ἠπίστησαν
2982 1898 3071 1944 καὶ
3119 1894 3434 1950 ἠπείθησαν.
3474 1898 3555 1945 Διό
3604 1900 3682 1944 καὶ
3718 1894 3846 1942 ἐκεῖνοι

2331 1989 2705 2053 κατακρινοῦσι
2759 1984 2989 2044 τούτους,
3043 1985 3111 2043 ὡς
3172 1986 3303 2053 μετὰ
3354 1988 3536 2057 μικρὸν
3609 1978 3847 2038 δηλωθήσε-

2330 2089 2437 2121 ται.

2405 2157 2703 2212 Βασίλισσα
2747 2191 2812 2200 -
2852 2157 2973 2213 ὧδε.
3038 2167 3212 2212 Ταῦτα
3249 2166 3337 2212 καὶ
3379 2162 3404 2212 ό
3437 2163 3682 2219 Ματθαῖος
3730 2159 3764 2209 ἐι
3802 2164 3847 2223 τῷ

2332 2244 2617 2304 δηλωθέντι
2647 2248 2903 2319 κεφαλαίῳ
2931 2248 3147 2311 ἐξέθετο,
3180 2256 3267 2301 καὶ
3302 2252 3437 2311 inn:
3450 2270 3532 2302 σον
3567 2248 3657 2301 ἐκεῖ
3679 2254 3751 2304 τὴν
3768 2250 3847 2296 τινα

2330 2356 2428 2387 των
2457 2335 2723 2407 ἐξήγησιν.

2400 2421 2616 2499 ’Ἄνδρες
2655 2457 2719 2465 —
2744 2423 2866 2478 ὧδε.
2921 2428 3003 2478 Ἐν
3036 2426 3205 2498 ἐκείνῳ
3233 2438 3302 2497 τῷ
3352 2428 3601 2500 κεφαλαίῳ
3639 2431 3711 2477 καὶ
3733 2432 3848 2475 ταῦτα

2328 2517 2592 2575 Ματθαίος
2624 2514 2899 2589 ἀνέγραψε,
2929 2522 3027 2591 πρὸ
3060 2527 3156 2568 τῶν
3190 2524 3303 2590 περὶ
3354 2527 3450 2579 τῆς
3476 2516 3759 2589 βασιλίσσης
3789 2521 3849 2563 τοῦ

2326 2614 2496 2668 νότου,
2532 2610 2619 2657 καὶ
2651 2603 2909 2675 ἀνάγνωθι
2950 2612 3041 2657 καὶ
3097 2613 3188 2664 τὴν
3255 2611 3454 2659 τούτων
3504 2608 3733 2681 ἑρμηνείαν
3763 2602 3845 2663 ἐκεί,

2326 2713 2391 2744 κα
2400 2697 2460 2745 τα
2489 2694 2638 2764 λόγον
2680 2693 2832 2765 ἐξηγῇ
2844 2696 3037 2747 θεῖσαν.

2397 2781 2585 2843 Οὐδεὶς
2645 2816 2703 2823 —
2777 2782 3056 2855 βλέπωσιν.
3122 2788 3339 2858 Εἰρηται
3400 2792 3517 2858 περὶ
3566 2781 3850 2845 rom-ms;

2326 2877 2540 2943 περιπτῳ
2572 2872 2830 2943 κεφαλαίῳ
2860 2882 2948 2924 τοῦ
2990 2877 3123 2925 κατά
3155 2876 3449 2939 Ἀιατθαίον,
3478 2877 3589 2926 ἔνθα
3630 2881 3764 2924 κεῖται
3785 2886 3847 2918 το⁸

2327 2962 2400 3012 Οὐ
2432 2958 2653 3013 δύναται
2680 2962 2825 3023 πόλις
2874 2962 3129 3034 κρυϐῆναι
3161 2962 3329 3014 ἐπάνω
3359 2969 3511 3037 ὅρονς
3537 2981 3732 3034 κειμενξ-
3758 2961 3849 3007 Ἀπ’)

560 3048 730 3103 Exiis
755 3049 935 3116 enim,
984 3065 1121 3121 quae
1156 3048 1236 3105 ibi
1287 3049 1446 3106 dicta
1495 3054 1651 3114 sunt,
1686 3048 1866 3105 etiam
1908 3049 2036 3104 haec
2098 3049 2208 3120 ple-

2330 3058 2446 3120 γοῦν
2502 3059 2601 3101 τῶν
2669 3052 2921 3125 ῥηθέντων
2969 3050 3069 3103 ἐκεῖ
3116 3058 3205 3103 καὶ
3269 3061 3441 3104 ταῦτα
3496 3054 3753 3124 σαφέστατά
3795 3064 3851 3097 σοι

559 3137 797 3194 nissime
845 3138 950 3193 tibi
988 3142 1131 3194 nota
1161 3139 1322 3194 ﬁent.
1366 3138 1789 3194 Absconditum
1826 3144 2027 3193 autem
2054 3138 2212 3203 dicit,

558 3226 850 3283 occultum
880 3226 1274 3283 domicilium.

633 3316 797 3373 Vers.
824 3319 912 3374 34.
931 3317 1679 3375 Lucerna—tenebrosum.
1698 3320 1858 3373 Hanc
1880 3317 2059 3373 etiam
2080 3332 2212 3373 con-

560 3406 978 3463 siderationem
1009 3408 1238 3480 scripsit
1290 3409 1590 3464 Mattheus
1641 3407 1846 3480 quinto
1898 3408 2112 3480 capite,
2163 3412 2217 3463 et

559 3496 639 3554 ibi
666 3512 863 3569 quaere
893 3497 1437 3568 interpretationem
1456 3497 1765 3567 diligenter
1785 3498 2140 3569 expositam.

631 3673 791 3728 Vers.
820 3673 909 3729 35.
951 3673 1095 3730 Vide
1128 3704 1196 3713 —
1220 3674 1359 3730 sint.
1413 3674 1701 3740 Observa,
1759 3690 1831 3730 ne
1860 3691 2053 3744 mens,
2092 3674 2218 3730 ani-

558 3778 674 3818 mea
721 3767 834 3817 tum
895 3761 1157 3818 fenestra
1247 3763 1349 3835 (ὁ),
1410 3761 1827 3819 aﬂectionibus
1867 3764 2217 3820 obtenebre-

558 3855 670 3906 tur.

632 3942 793 3997 Vers.
862 3940 953 3995 36.
1000 3940 1065 3996 Si
1121 3948 1191 3998 te.
1226 3941 1314 3997 Ab
1368 3941 1640 4013 exemplo
1685 3942 1831 4013 ejus,
1865 3943 2031 4015 quod
2063 3945 2217 4001 circa

512 4031 776 4102 'corpus
803 4029 1035 4095 accidit,
1078 4028 1229 4101 facit,
1273 4034 1335 4087 ut
1410 4032 1483 4086 de
1536 4032 1741 4087 anima
1788 4032 2211 4102 intelligamus.

556 4120 729 4190 cujus
758 4118 841 4175 illi
870 4118 1061 4192 major
1105 4136 1250 4177 cura
1297 4126 1404 4176 est.
1442 4122 1601 4178 Sicut
1640 4123 1795 4177 enim
1832 4121 1891 4176 in
1947 4138 2212 4194 corpore,

554 4215 637 4273 ita
686 4209 825 4266 etin
865 4210 1111 4276 anima;
1155 4210 1203 4264 si
1241 4210 1369 4265 haec
1426 4215 1547 4266 tota
1592 4211 1791 4266 lucida
1840 4212 2031 4275 fuerit,
2097 4228 2217 4267 non

553 4299 780 4356 habens
828 4298 1158 4372 quidquam
1218 4298 1525 4355 affectione
1582 4302 1971 4365 tenebrosum,
2025 4317 2218 4373 neque

553 4388 860 4454 rationale,
903 4404 1098 4460 neque
1146 4389 1456 4453 irascibile,
1492 4405 1685 4461 neque
1733 4390 2213 4460 concupiscibile,

554 4480 660 4533 erit
690 4479 883 4535 lucida
915 4483 1054 4543 tota,
1099 4477 1248 4534 sicut
1287 4479 1535 4549 quando
1567 4478 1811 4534 lucerna
1854 4478 2081 4549 fulgore
2107 4496 2217 4534 suo

552 4566 847 4623 illuminat
888 4573 960 4633 te,
1010 4567 1125 4624 hoc
1155 4573 1260 4632 est,
1317 4567 1808 4639 splendidissima
1856 4585 1927 4624 ac
1980 4568 2217 4624 lucidis-

556 4656 732 4712 sima.

626 4744 784 4799 CAP.
806 4745 952 4801 XLII.
974 4747 1057 4803 De
1069 4746 1361 4816 pharist
1381 4747 1480 4819 qui
1517 4748 1822 4805 Dominum
1850 4748 2140 4805 invitavit.

626 4922 795 4993 Vers,
836 4927 924 4978 37.
954 4925 1033 4980 Et
1068 4956 1121 4967 —
1171 4941 1246 4983 se.
1290 4928 1433 4984 Cum
1466 4927 1701 4985 locutus
1728 4936 1900 4997 esset,
1929 4946 2060 5003 quae
2081 4930 2213 5003 jam

555 5014 709 5071 dicta
769 5016 925 5069 sunt.
988 5020 1195 5087 Ηρὼτα,
1234 5016 1348 5072 hoc
1405 5024 1509 5086 est,
1552 5018 2005 5092 deprecabatur,
2055 5021 2207 5077 sicut

626 5194 669 5233 ⁸¹
694 5194 896 5252 Matth.
928 5210 989 5265 ν,
1024 5196 1117 5253 14.

2324 3144 2652 3210 γενήσονται.
2706 3145 2951 3213 Κρυπτὴν
3012 3137 3070 3193 δὲ
3113 3149 3199 3192 νῦν
3241 3142 3403 3212 λέγει,
3471 3148 3560 3200 τὴν
3618 3141 3847 3210 αποιρνοον

2326 3229 2513 3282 οἰκίαν.

2394 3317 2450 3368 Ὀ
2507 3317 2699 3389 λύχνος
2754 3350 2823 3357 -
2889 3323 3171 3375 σκοτεινόν,
3240 3326 3413 3371 Τοῦτο
3456 3322 3512 3371 τό
3559 3324 3707 3389 νόημα
3741 3314 3851 3364 καὶό

2326 3409 2595 3468 Ματθαῐος
2689 3408 2963 3481 ἱστόρησεν
3048 3408 3095 3459 ἐν
3185 3417 3255 3478 τῷ
3350 3413 3566 3482 πέμπτῳ
3640 3402 3848 3477 angulata.

2324 3501 2413 3546 xui.
2463 3498 2690 3557 ζήτησον
2723 3494 2769 3546 ἐν
2798 3495 2968 3567 ἐκείνῳ
3019 3502 3109 3554 τὴν
3142 3495 3402 3566 ἐπίλυσιν,
3463 3496 3669 3569 ἀκριϐῶς
3698 3493 3851 3544 ἐκτεθει-

2325 3589 2499 3656 μένην.

2398 3680 2580 3727 Σκόπει
2612 3708 2673 3715 —
2730 3674 2861 3729 ἐστί.
2893 3680 3097 3741 Σκόπει,
3130 3683 3200 3749 μὴ
3237 3679 3261 3728 ό
3292 3686 3418 3739 νοῦς
3448 3682 3472 3729 ό
3503 3676 3769 3749 φωταγωγνς
3789 3676 3852 3726 7’5;

2324 3763 2509 3837 ψυχῆς
2540 3784 2631 3817 σου
2668 3768 2919 3839 σκοτισθῇ
2947 3766 3057 3838 (99)
3090 3768 3189 3819 ὑπὸ
3231 3776 3332 3819 τῶν
3374 3770 3571 3819 παθῶν.

2403 3944 2461 3998 Εἰ
2488 3976 2555 3983 -
2590 3964 2663 3996 σε.
2721 3943 2849 3997 Ἀπὸ
2876 3952 2966 3997 τοῦ
2998 3948 3133 3997 κατὰ
3171 3949 3227 3998 τό
3292 3955 3454 4019 σῶμα
3510 3940 3852 4015 παραδείγιιιιτας

2329 4040 2443 4107 περὶ
2474 4043 2569 4095 τῆς
2599 4034 2783 4105 ψυχῆς
2808 4030 3005 4086 δίδωσι
3034 4043 3179 4099 νοεῖν,
3220 4036 3278 4095 ἧς
3311 4036 3507 4106 μᾶλλον
3542 4035 3667 4103 αὐτῲ
3692 4046 3851 4102 φροντίς-

2325 4122 2524 4196 ”Ωσπερ
2554 4127 2653 4197 γὰρ
2687 4124 2769 4175 ἐπὶ
2799 4132 2889 4175 τοι)
2931 4131 3189 4195 σωματος,
3224 4126 3365 4175 οὕτω
3395 4125 3578 4177 καὶέπὶ
3604 4132 3683 4183 τῆς
3703 4121 3849 4189 ᾦνχὲς.

2329 4210 2411 4263 ἐὰν
2439 4214 2568 4269 αὕτη
2603 4214 2691 4270 ὅλη
2727 4218 2941 4284 φωτεινὴ
2979 4217 3081 4281 εἰη,
3108 4219 3177 4285 μὴ
3204 4217 3416 4285 ἔχουσα
3432 4210 3592 4287 μηδὲν
3616 4206 3853 4284 μέροςέςκο-

2328 4306 2564 4373 τισριένον
2599 4304 2772 4363 πάθει,
2820 4308 2948 4374 μήτε
2994 4306 3050 4354 τὸ
3080 4302 3409 4373 λογιστικόν.
3442 4309 3571 4375 μήτε
3599 4306 3648 4353 τό
3677 4303 3850 4368 (tuatua.

2328 4396 2457 4459 μήτε
2503 4395 2558 4442 τό
2590 4390 2984 4463 ἐπιθυμητικόν,
3040 4395 3187 4444 ἔσται
3247 4401 3470 4465 φωτεινή
3514 4394 3599 4449 ὅλη
3652 4390 3852 4447 citata“;

2327 4482 2446 4531 ὅταν
2478 4482 2501 4531 ό
2532 4480 2724 4551 λύχνος
2751 4490 2809 4553 τῇ
2846 4480 3087 4554 ἀστραπῇ
3120 4482 3277 4534 αὐτου
3322 4486 3527 4557 φωτίζῃ
3563 4502 3631 4543 σε,
3662 4481 3847 4532 τουτέστι,

2326 4568 2661 4644 λαμπροτάτη
2704 4576 2791 4621 καὶ
2824 4567 3150 4644 φαιδροτάτη
3165 4614 3176 4625 .

2434 4755 2577 4805 ΚΕΦ.
2612 4748 2732 4805 ΜΒ’.
2777 4754 2900 4823 Περὶ
2932 4758 3022 4802 τοῦ
3052 4756 3345 4824 Φαρισαίου
3391 4758 3484 4804 τοῦ
3514 4751 3780 4803 καλέσαντος

2974 4844 3059 4893 τὸν
3091 4842 3322 4899 Ἰησοῦν.

2394 4930 2474 4982 Ἐν
2524 4960 2592 4970 -
2651 4928 2810 5001 αὐτῷ.
2868 4930 2953 4983 Ἐν
2991 4939 3062 4983 τῶ
3118 4930 3370 5000 λαλῆσαι,
3426 4935 3491 4985 τὰ
3528 4928 3625 4989 ἤδη
3661 4927 3842 5003 ῥηθέντε-

2324 5020 2530 5094 Ἣρώτα
2595 5016 2672 5089 δὲ,
2738 5018 2851 5073 ἀντὶ
2916 5028 3028 5088 τοῦ,
3098 5020 3385 5097 παρεκάλει
3449 5024 3615 5083 καθὼς
3669 5014 3847 5069 παλλακίς

1759 5296 1981 5367 Varia?
2034 5298 2363 5366 lectiones
2412 5307 2721 5367 etnotae.

624 5427 739 5501 (99)
769 5426 1085 5487 Ἐσκοτίσθη
1095 5471 1111 5499 ,
1134 5428 1173 5481 Β
1185 5468 1199 5495 ,

625 5554 702 5630 _(a)
730 5554 945 5630 Greata
969 5560 1077 5612 est.
1095 5553 1256 5630 Legit
1276 5568 1417 5630 ergo
1457 5554 1957 5630 etiammqpuxtvac.

614 5626 693 5700 (ὁ)
726 5628 954 5686 Animce
992 5626 1347 5702 tute/oneum
1379 5628 1521 5693 Quae
1556 5626 1800 5686 animum
1844 5634 1960 5687 tum
1998 5630 2344 5690 collustrat.
