3994 6218
139 281 239 336 977

1135 278 1499 336 COMMENT.
1549 279 1613 334 ΙΝ
1651 275 1918 332 LUCAM.
1959 311 2026 320 ——
2066 280 2223 338 CAP.
2264 285 2363 340 XI.

3399 291 3504 350 978

139 409 470 480 ἡρμήνευται.
517 412 680 459 Τοῦτο
737 401 796 458 6“:
821 403 1000 470 ίποίει,
1039 401 1286 459 δεικνύων
1341 407 1519 460 ἑαυτὸν
1551 407 1727 460 ἀνώτε-

1857 403 2185 478 Frequenter
2204 410 2490 477 diximus,
2512 417 2613 469 aut
2630 410 2940 468 invitabat.
2960 414 3080 470 Hoc
3105 420 3306 473 autem
3327 416 3503 476 facie-

134 517 218 570 ρον
260 505 359 547 τῶν
407 496 568 548 ἄλλων
620 500 938 569 Φαρισαίων,
994 499 1082 546 xui
1133 503 1227 557 τῆς
1277 496 1478 549 ἐκείνων
1531 496 1734 569 βασκα-

134 591 238 646 νίας
289 585 568 658 ἐλεύθερον.
617 585 676 637 Ὀ
721 582 780 637 δὲ
831 588 1063 659 Χριστός
1120 587 1372 650 πείθεται,
1422 585 1732 659 βουλόμενος

135 674 558 748 ἀποχρήσασθαι
643 682 706 747 τῇ
787 677 1016 747 τραπέζῃ
1099 679 1226 750 πρὸς
1291 678 1561 728 νουθεσίαν
1643 684 1732 728 του

133 765 456 838 ἑστιάτορος.

203 854 464 907 Εἰσελθὼν
533 885 602 894 —
682 851 921 927 ἀρίστου.
971 853 1060 915 Ὠς
1137 861 1199 912 ἣν
1265 856 1399 925 ἔθος,
1463 855 1520 906 οὗ
1581 860 1733 928 μόνον

133 948 462 1019 Φαρισαίοις,
525 943 652 996 ἀλλὰ
705 947 792 995 καὶ
849 949 1010 995 πᾶσιν
1058 940 1358 1006 Ἰουδαίοις.
1401 949 1534 1002 Φησὶ
1575 947 1734 1017 γὰρό

132 1037 345 1104 Μάρκος
392 1032 438 1085 ἐν
477 1041 546 1102 τῷ
599 1028 1028 1104 ὀκτωκαιδεκάτῳ
1068 1033 1349 1106 κεφαλαίῳο
1392 1036 1468 1086 ὅτι
1499 1036 1546 1086 οἱ
1581 1042 1735 1108 Φαρι-

135 1131 279 1175 σαῖοι
310 1128 400 1174 καὶ
437 1124 619 1182 πάντες
671 1122 720 1174 οἱ
751 1118 1019 1186 Ἰουδαῖοι,
1071 1122 1155 1174 ἐὰν
1198 1129 1268 1195 μὴ
1320 1132 1501 1197 πυγμῇ
1543 1123 1737 1196 νίψων-

134 1233 218 1264 ται
277 1216 368 1274 τὰς
423 1220 628 1286 χεῖρας,
672 1211 765 1280 οὐκ
805 1210 1059 1276 ἐσθίοντι,
1096 1220 1399 1286 κρατοῦντες
1444 1219 1533 1271 τὴν
1565 1217 1734 1287 παρά-

139 1301 290 1356 δοσιν
317 1311 416 1354 τῶν
446 1302 827 1377 πρεσϐυτέρων·
864 1308 953 1354 xui
1001 1302 1102 1356 ἀπὸ
1159 1305 1368 1378 ἀγορᾶς,
1422 1303 1504 1356 ἐὰν
1549 1310 1620 1376 μὴ
1655 1306 1734 1377 (1)

138 1391 519 1463 βαπτίσωνται,
570 1391 665 1443 οὐκ
698 1391 957 1445 ἐσθίουσι.
1011 1389 1264 1464 Οὐδαμοῦ
1297 1397 1385 1465 μὲν
1423 1396 1523 1466 γὰρ
1556 1394 1732 1457 αὐτοῖς

130 1485 153 1533 ό
195 1485 332 1543 Θεὸς
378 1480 655 1533 ἐνετείλατο
704 1485 760 1533 τό
822 1489 1055 1534 τοιοῦτον
1113 1481 1412 1555 βάπτισμα.
1476 1479 1733 1556 Παρέδω-

125 1592 218 1622 καν
255 1569 316 1624 δὲ
355 1574 560 1631 τούτοις
606 1573 654 1622 οἱ
698 1569 1040 1646 πρεσϐύτεροι
1083 1575 1214 1644 μετὰ
1261 1577 1349 1624 xui
1397 1572 1558 1624 ἄλλων
1604 1572 1728 1626 ἐθῶν

122 1666 207 1712 xui
252 1668 430 1726 τοῦτο,
465 1656 739 1720 δοκοῦντες
764 1659 1113 1713 ἀπολούεσθαι
1129 1667 1300 1714 πᾶσαν
1327 1661 1727 1736 προστριϐεἰσαν

121 1750 304 1810 αὐτοῖς
330 1749 381 1801 ἐν
405 1758 463 1822 τῇ
502 1748 669 1825 ἀγορᾴ
692 1746 905 1808 κηλίδα.

186 1925 330 1984 Eine
396 1959 466 1968 —
517 1932 788 2001 πονηρίας.
862 1925 1122 2002 Ἀφορμῆς
1186 1929 1396 2001 εὐλόγου
1473 1926 1729 2002 δραξάμε-

117 2039 198 2079 νος
265 2016 480 2089 ite-mu
536 2021 658 2079 τοὺς
729 2022 1042 2092 Φαρισαίους
1111 2021 1302 2082 πάντας
1385 2016 1480 2071 διὰ
1565 2023 1726 2091 μέσου

117 2116 208 2160 τοῦ
286 2106 560 2167 ἐστιῶντος
616 2107 792 2175 αὑτὸν,
852 2110 919 2169 ὡς
965 2105 1250 2172 δοκοῦντας
1307 2113 1396 2181 μὲν
1454 2111 1726 2184 ὑπερέχειν

116 2206 214 2248 τῶν
277 2196 446 2248 ἄλλων
494 2193 784 2260 Ἰουδαίων,
820 2201 968 2259 ὄντας
1014 2195 1071 2251 δὲ
1097 2203 1186 2250 καὶ
1218 2198 1401 2260 αὐτοὺς
1433 2198 1724 2260 ἀσυνέτους.

119 2291 401 2361 Ποτηρίων
458 2282 518 2338 δὲ
563 2294 851 2344 τηνικαῦτα
898 2292 988 2338 καὶ
1056 2290 1284 2340 πινάκων
1337 2289 1723 2364 εἰσφερομένων,

116 2377 215 2428 ἀπὸ
297 2381 492 2428 τούτων
561 2385 838 2448 προσφυῶς
889 2375 1036 2430 ἔλαϐε
1108 2381 1163 2430 τὸ
1215 2376 1572 2452 παράδειγμα,
1634 2377 1726 2432 διὰ

110 2472 318 2520 τούτων
382 2466 728 2537 αἰνιττόμενος
775 2468 992 2519 ἕκαστον
1053 2474 1352 2542 Φαρισαῖον.
1404 2474 1502 2521 Καὶ
1545 2469 1724 2531 ἔξωθεν

106 2561 196 2628 μὲν
259 2555 431 2608 αὐτοῦ
477 2556 631 2627 λέγει,
684 2555 740 2607 τό
817 2564 987 2629 σῶμα,
1044 2559 1112 2619 ὡς
1164 2562 1483 2631 φαινόμενον·
1539 2561 1724 2611 ἔσωθεν

108 2645 185 2710 ϐε,
248 2651 353 2704 τὴν
431 2645 616 2717 ψυχὴν
706 2647 774 2706 ὡς
856 2651 1229 2719 κεκρυμμένην.
1304 2651 1546 2722 Διασύρει
1598 2656 1724 2720 γοῦν

103 2738 326 2801 αὐτοὺς,
368 2738 436 2795 ὡς
464 2739 522 2786 τὸ
575 2738 664 2807 μὲν
710 2743 861 2806 σῶμα
902 2737 1259 2809 καθαίροντας,
1301 2742 1394 2796 τὴν
1439 2734 1498 2790 δὲ
1539 2737 1724 2810 ψυχὴν

105 2825 308 2886 ἐῶντας
367 2822 682 2896 ἀκάθαρτον.
744 2827 814 2876 Τὸ
866 2828 963 2900 γὰρ
1021 2822 1248 2883 δηλωθὲν
1303 2825 1584 2899 βάπτισμα
1637 2830 1723 2878 τὸν

105 2918 425 2986 σωματικόν
457 2918 609 2985 μόνον
633 2914 711 2985 (2)
764 2914 926 2988 ῥύπον
970 2914 1304 2988 ἀποσμήχειν
1338 2914 1575 2970 δύναται.
1601 2915 1726 2969 Εἶπε

106 2999 164 3055 δὲ
197 3012 383 3056 ταῦτα
415 3005 551 3054 κατὰ
574 3012 674 3055 τῶν
707 3008 1001 3078 Φαρισαίων
1040 3011 1130 3058 xui
1181 3006 1227 3058 ἐν
1277 3015 1349 3077 τῷ
1397 3015 1726 3078 πεντηκοστῷ

101 3095 242 3164 ἕκτῳ
279 3093 548 3165 κεφαλαίῳ
579 3100 670 3145 τοῦ
698 3096 834 3145 κατά
857 3096 1142 3147 Ματθαὼν.

174 3279 450 3345 Ἀφρονες
527 3304 593 3314 -—
665 3273 944 3338 ἐποίησεν;
1012 3273 1149 3336 Ἐνὸς
1219 3274 1454 3328 πλάστου
1526 3281 1728 3349 ποίημα

100 3367 301 3415 καὶτὸ
337 3371 497 3434 σῶμα
531 3368 620 3416 καὶ
667 3367 697 3422 ἠ
744 3364 921 3435 ψυχή.
973 3369 1116 3416 Διατί
1165 3365 1252 3416 οὖν
1291 3365 1420 3436 οὐχὶ
1461 3371 1552 3417 καὶ
1604 3368 1728 3416 ταύ-

99 3472 198 3510 την
231 3453 560 3524 καθαρίζετε
594 3454 717 3519 ;Ἐν
767 3449 826 3505 δὲ
877 3462 949 3523 τῷ
990 3450 1270 3511 δηλωθέντι
1324 3455 1580 3526 κεφαλαίῳ
1638 3474 1730 3526 φα»

93 3549 398 3616 νερωτερον
456 3539 655 3614 εἴρηκ’
711 3547 963 3616 Φαρισαῖε
991 3543 1166 3614 τυφλέ,
1217 3546 1502 3618 καθάρισον
1527 3553 1730 3620 πρῶτον

96 3637 154 3684 τὸ
192 3632 351 3692 ἐντός
379 3638 474 3682 τοῦ
505 3636 756 3706 ποτηρίου
789 3637 877 3683 xui
907 3641 996 3692 τῆς
1024 3629 1342 3706 παροψίδος,
1385 3633 1470 3686 ἶνα
1515 3639 1730 3705 γένηται

88 3729 189 3775 καὶ
233 3725 302 3774 τὸ
359 3720 506 3781 ἐκτός
550 3721 719 3773 αὐτῶν
769 3723 1018 3794 καθαρὸν,
1073 3727 1162 3774 καὶ
1216 3723 1446 3782 ζήτησον
1492 3727 1597 3776 ἐκεῖ
1636 3730 1728 3783 τὴν

89 3812 274 3883 ἐξὴγη
285 3830 400 3864 σιν.

169 3902 332 3958 Πλὴν
412 3930 477 3939 -

88 3997 151 4043 τό
215 3991 502 4063 εἰρημένον
553 3987 852 4060 βάπτισμα,
909 3989 1086 4042 λοιπὸν
1117 3998 1285 4062 χωρεῖ
1318 3994 1453 4044 κατὰ
1507 4001 1595 4052 τῆς
1644 4013 1724 4065 φι-

550 3903 682 3953 me.
775 3899 954 3962 Δείξας
1025 3903 1265 3973 περιττὸν
1339 3906 1428 3954 xui
1506 3905 1726 3975 μάταιον

83 4080 436 4152 ὶαργυρίας,
507 4082 624 4138 ἣτις

81 4172 492 4242 προτρέπεται,
575 4163 648 4218 δι’

709 4079 942 4150 μάλιστα
1021 4082 1326 4152 κατεκράτει
1383 4083 1578 4132 τούτων
1636 4087 1726 4134 xui

729 4166 1077 4240 ἐλεημοσύνης
1157 4171 1441 4242 καθαρίσαι
1512 4175 1595 4222 xui
1666 4175 1724 4224 τό

81 4268 290 4330 σῶμα,
327 4260 425 4307 καὶ
473 4261 565 4313 τὴν
612 4256 815 4328 ψυχὴν,
853 4257 1031 4328 λέγων,
1067 4260 1144 4310 ὅτι
1195 4263 1272 4311 Τὰ
1319 4257 1511 4325 ἐνόντα,
1541 4263 1720 4332 ἤγουν,

76 4352 151 4399 τὰ
217 4347 610 4417 ἐναποκείμενα
663 4346 741 4417 (3)
791 4352 1050 4421 χρήματα
1095 4344 1214 4399 δότε
1251 4352 1464 4405 πένησιν
1517 4347 1724 4421 ἐλεημο-

75 4441 296 4498 σύνην,
342 4438 442 4484 καὶ
494 4437 661 4486 πάντα
709 4437 839 4507 ὁμοῦ
892 4437 1398 4509 καθαρισθήσονται,
1432 4443 1520 4490 καὶ
1573 4447 1726 4511 σῶμα

66 4532 174 4578 καὶ
210 4526 394 4595 ψυχή
407 4561 421 4574 .

156 4615 662 4685 Οὰονομικὼτατα
724 4611 782 4667 δὲ
834 4623 987 4668 τοῦτο
1033 4615 1187 4686 εἶπεν,
1256 4616 1546 4682 ἀπαλλάξαι
1607 4621 1724 4670 τού-

153 4796 214 4830 ³²
267 4794 458 4849 hiare.
491 4807 592 4863 vn,
635 4797 686 4860 3,
718 4795 771 4848 4.
851 4794 898 4830 ⁸⁸
932 4794 1132 4852 Matth.
1173 4811 1339 4866 mu,
1404 4798 1496 4854 26.

1842 494 1958 552 bat.
1991 499 2331 566 ostendens,
2357 516 2419 556 se
2445 501 2924 573 praestantiorem
2953 516 3085 558 esse
3109 505 3337 561 caeteris
3359 507 3504 564 Pha-

1843 584 2053 650 risaeis,
2087 593 2144 642 et
2163 588 2241 644 ab
2262 589 2496 645 illorum
2533 589 2758 646 invidia
2779 590 3055 646 liberum.
3077 591 3341 650 Christus
3358 612 3501 654 vero

1843 679 2028 746 paret,
2061 679 2307 750 cupiens
2331 695 2541 736 mensa
2571 680 2652 735 uti
2684 679 2761 736 ad
2791 681 3192 738 convivatoris
3224 684 3504 742 admoni-

1843 763 2088 820 tionem.

1915 853 2077 909 Vers.
2099 859 2186 912 37.
2209 856 2518 928 Ingressus
2537 889 2603 899 —
2624 857 2788 914 Vers.
2815 862 2901 915 38.
2914 860 3261 928 prandium.
3287 864 3501 928 Quem-

1845 944 2175 1002 admodum
2215 949 2398 1004 moris
2428 952 2573 1014 erat,
2603 963 2723 1004 non
2761 953 2996 1005 tantum
3026 949 3360 1014 Pharisaais,
3390 954 3499 1011 sed

1845 1034 2142 1090 etJudaeis
2169 1037 2471 1092 omnibus.
2499 1038 2592 1093 Ait
2615 1037 2775 1093 enim
2807 1037 3041 1094 Marcus
3071 1038 3130 1093 in
3151 1040 3266 1096 ﬁne
3282 1041 3499 1098 decimi

1847 1124 2084 1195 septimi
2137 1125 2367 1197 capitis,
2418 1127 2581 1199 quod
2617 1126 2919 1194 Pharisaei,
2952 1132 3008 1183 et
3049 1143 3260 1184 omnes
3306 1131 3499 1188 Judaei

1845 1212 1960 1268 nisi
1977 1213 2184 1269 crebro
2213 1215 2482 1283 laverint,
2511 1232 2634 1272 non
2655 1216 2894 1287 capiunt
2921 1216 3146 1285 cibum,
3169 1218 3497 1277 observan-

1847 1309 1929 1356 tes
1987 1303 2288 1359 mordicus
2343 1304 2722 1361 traditionem
2780 1305 3091 1362 seniorum
3125 1323 3139 1362 :
3171 1312 3230 1364 et
3278 1324 3314 1365 a
3367 1308 3497 1366 foro

1842 1399 2223 1459 revertentes,
2278 1394 2394 1450 nisi
2438 1395 2712 1464 laverint,
2747 1411 2872 1451 non
2924 1396 3251 1452 comedunt
3304 1399 3370 1454 ⁸³.
3405 1400 3498 1454 Et-

1841 1482 1997 1537 enim
2025 1483 2176 1539 Deus
2200 1499 2504 1555 nusquam
2516 1482 2618 1555 huj
2631 1484 2865 1539 usmodi
2885 1484 3169 1541 lotionem
3183 1487 3266 1541 eis
3280 1502 3498 1559 praece-

1839 1571 1942 1643 pit,
1967 1572 2074 1627 sed
2106 1572 2369 1629 seniores
2407 1572 2519 1628 illis
2550 1572 2924 1630 tradiderunt
2961 1589 3100 1630 cum
3139 1576 3360 1632 cateris
3387 1591 3500 1634 na-

1838 1661 2100 1717 tionibus
2122 1661 2196 1735 (c)
2224 1677 2612 1718 communem
2645 1678 2657 1716 :
2691 1661 2875 1734 idque
2904 1662 3150 1729 faciunt,
3191 1668 3492 1736 putantes,

1758 1751 1802 1806 B
1839 1765 1901 1805 se
1952 1750 2194 1807 abluere
2230 1766 2476 1808 omnem
2515 1751 2838 1820 maculam,
2880 1767 3016 1824 quae
3060 1751 3206 1825 ipsis
3262 1753 3326 1810 in
3363 1753 3494 1812 foro

1839 1838 2114 1896 adhaesit.

1908 1930 2070 1984 Vers.
2115 1929 2205 1985 36.
2258 1929 2333 1984 Et
2375 1931 2463 1987 ait
2486 1960 2558 1971 —
2586 1928 2818 1987 malitia
2875 1928 3163 1986 Offerente
3201 1945 3263 1987 se
3317 1932 3495 1990 ratio-

1837 2016 2020 2073 nabili
2077 2017 2394 2074 occasione
2445 2018 2641 2090 arguit
2685 2033 2896 2074 omnes
2955 2018 3290 2076 Pharisaeos
3341 2019 3494 2077 inter

1837 2108 2187 2180 capiendum
2207 2107 2430 2171 cibum,
2459 2112 2746 2180 tanquam
2777 2123 2904 2173 eos,
2926 2108 3030 2180 qui
3060 2123 3123 2164 se
3153 2109 3492 2181 superiores

1837 2197 2266 2253 arbitrarentur
2293 2196 2776 2262 cmterisJudmis,
2792 2212 3148 2269 quanquam
3168 2198 3349 2254 etiam
3375 2199 3494 2272 ipsi

1833 2288 2183 2359 insipientes
2232 2292 2445 2344 essent.
2493 2286 2592 2342 Hic
2633 2291 2834 2342 autem
2873 2286 3134 2343 inductis
3172 2288 3406 2360 poculis
3437 2293 3496 2346 et

1833 2378 2073 2451 patinis,
2108 2383 2244 2450 apte
2275 2376 2534 2450 sumpsit
2563 2376 2640 2432 ab
2692 2377 2836 2448 ipsis
2875 2377 3232 2449 exemplum,
3284 2394 3496 2434 unum-

1834 2483 2133 2540 quemque
2177 2467 2610 2523 Pharismorum
2642 2481 2750 2538 per
2774 2465 2902 2522 haec
2929 2466 3266 2535 insinuans,
3299 2469 3365 2524 Et
3399 2483 3496 2525 ex-

1834 2557 2108 2612 teriorem
2125 2555 2372 2628 quidem
2385 2555 2436 2626 ej
2447 2572 2514 2610 us
2537 2559 2768 2626 partem
2785 2553 2927 2610 dicit
2948 2571 3183 2626 corpus,
3202 2560 3494 2629 tanquam

1834 2661 2134 2718 apparens
2184 2644 2570 2701 :interiorem
2631 2659 2768 2700 vero
2835 2643 3128 2709 animam,
3198 2648 3494 2718 tanquam

1834 2734 2275 2791 absconditam.
2306 2734 2596 2805 Objurgat
2626 2738 2828 2789 autem
2859 2749 2986 2800 eos,
3022 2737 3085 2788 ut
3111 2732 3214 2805 qui
3237 2749 3495 2806 corpora.

1833 2825 2077 2898 quidem
2110 2824 2509 2890 mandabant,
2538 2824 2804 2879 animam
2837 2838 2976 2878 vero
2999 2823 3380 2880 immundam
3407 2837 3493 2879 re-

1831 2915 2213 2987 linquebant.
2253 2913 2603 2970 Priedictum
2633 2913 2792 2969 enim
2847 2913 3164 2984 baptisma,
3197 2912 3321 2970 sive
3348 2913 3492 2970 lotio

1835 3004 2174 3076 corporales
2225 3007 2459 3059 tantum
2515 3001 2724 3058 sordes
2763 3001 3060 3058 mundare
3111 3006 3321 3075 potest.
3358 3005 3494 3060 Haec

1760 3123 1799 3177 ρ
1836 3109 2078 3165 quoque
2117 3093 2406 3148 adversus
2453 3091 2779 3147 Pharisaaos
2810 3090 2960 3146 dixit
2986 3091 3492 3164 quinquagesimo

1836 3187 2002 3238 sexto
2026 3181 2220 3253 capite
2257 3180 2556 3250 Evangelii
2582 3179 2916 3235 secundum
2948 3180 3311 3237 Matthmum.

1909 3275 2074 3330 Vers.
2117 3275 2204 3328 40.
2257 3272 2442 3329 Stulti
2490 3301 2559 3313 —
2608 3271 2818 3341 fecit?
2875 3270 3158 3342 Ejusdem
3223 3271 3489 3340 artiﬁcis,

1838 3369 1942 3419 aut
1965 3361 2130 3433 ﬁguli
2159 3377 2311 3432 Opus
2342 3363 2500 3426 sunt,
2534 3376 2754 3431 corpus
2787 3364 2839 3415 et
2864 3359 3068 3415 anima
3096 3381 3109 3414 :
3137 3376 3323 3432 quare
3349 3375 3491 3432 ergo

1840 3459 1895 3509 et
1913 3453 2070 3508 hanc
2096 3467 2214 3506 non
2235 3450 2538 3506 mundatis
2562 3449 2589 3504 ’ἶ
2607 3449 2890 3504 Praedicto
2906 3448 3098 3520 capite
3123 3449 3493 3506 manifestius

1840 3542 1985 3598 dixit
2015 3560 2028 3598 :
2058 3542 2362 3598 Phariscee
2390 3554 2557 3606 caece,
2589 3538 2813 3594 munda
2841 3537 3102 3606 primum
3149 3539 3492 3598 interiorem

1840 3632 2043 3701 poculi
2065 3637 2119 3688 et
2140 3632 2364 3700 patinae
2406 3633 2654 3699 partem,
2683 3633 2749 3683 ut
2781 3631 3004 3683 munda
3033 3643 3265 3700 quoque
3289 3629 3398 3698 ﬁat
3436 3634 3495 3686 et

1838 3738 1974 3794 pars
2001 3737 2201 3779 eorum
2228 3719 2488 3776 exterior
2508 3720 2586 3786 ⁸³;
2610 3723 2666 3773 et
2690 3716 2773 3773 ibi
2802 3731 3001 3789 quaere
3026 3716 3491 3777 enarrationem.

1906 3903 2064 3956 Vers.
2083 3903 2172 3956 41.
2209 3899 2679 3955 Verumtatem—
2698 3901 2859 3952 sunt.
2886 3895 2994 3952 Ubi
3022 3894 3391 3967 superﬂuam
3420 3910 3494 3953 ac

1834 4005 2053 4045 vanam
2085 4003 2217 4043 esse
2239 3986 2500 4042 ostendit
2529 3984 2748 4040 dictam
2782 3983 3172 4049 ablutionem,
3205 3983 3493 4056 deinceps

1833 4078 2097 4151 procedit
2128 4077 2417 4133 adversus
2445 4075 2777 4138 avaritiam,
2809 4089 2944 4145 quin
2975 4073 3070 4128 his
3095 4073 3358 4129 maxime
3389 4073 3494 4130 do-

1833 4167 2170 4224 minabatur
2201 4171 2284 4220 :et
2316 4179 2421 4236 per
2441 4163 2880 4232 eleemosynam
2902 4161 3254 4218 adhortatur
3278 4177 3492 4232 corpus

1831 4272 2084 4331 purgare
2123 4259 2179 4310 et
2226 4254 2511 4316 animam,
2549 4250 2797 4306 dicens:
2841 4250 2919 4304 De
2949 4249 3042 4305 his
3069 4263 3207 4321 qum
3252 4250 3490 4314 adsunt,

1832 4346 2105 4403 videlicet
2141 4344 2216 4400 de
2281 4341 2551 4414 repositis
2605 4339 2852 4403 divitiis,
2923 4337 3060 4393 date
3127 4337 3492 4408 pauperibus

1833 4438 2298 4506 eIeemosynam,
2347 4439 2403 4488 et
2453 4428 2632 4486 simul
2668 4427 2867 4484 omnia
2915 4425 3388 4493 mundabuntur,
3435 4431 3492 4484 et

1835 4541 2052 4597 corpus
2089 4530 2146 4579 et
2186 4521 2411 4578 anima.

1905 4617 2023 4671 Hoc
2053 4618 2249 4671 autem
2282 4609 2552 4668 maxima
2574 4608 2722 4666 dixit
2744 4604 3139 4680 providentia,
3164 4603 3373 4663 volens
3402 4603 3494 4678 ip-

1347 4918 1572 4988 Variae
1602 4917 1932 4988 lectiones
1965 4923 2264 4986 etnotae.

141 5121 250 5186 (ι)
305 5113 415 5186 Hic
449 5113 749 5168 notandus
786 5119 874 5170 est
922 5115 1108 5171 locus.
1157 5119 1301 5171 Nam
1333 5116 1394 5172 in
1439 5121 1719 5172 contextu

51 5184 284 5261 marci
316 5184 432 5261 l,__l.
469 5187 929 5261 ut‘erque‘codex
947 5187 1141 5261 habet
1177 5187 1538 5261 ῥαντίσωνται.
1573 5188 1717 5244 Item

47 5264 123 5319 in
165 5256 437 5315 scholia
463 5255 542 5311 ad
573 5255 770 5312 Matth.
802 5274 901 5322 xv,
939 5259 985 5312 l.

139 5332 258 5402 (2)
304 5333 480 5402 Μόνον
505 5329 720 5402 omittit
754 5331 814 5384 E.

139 5399 247 5483 (β)
289 5399 767 5483 Eodem‘mondo‘
800 5400 1244 5483 _Theoph_ylact._
1285 5419 1338 5483 ρ,
1385 5401 1722 5483 3ῼβωϐκιτὰ

41 5471 431 5549 ὑπάρχονςτα
459 5472 602 5549 ὑμίν.
652 5471 771 5549 .S_ed
799 5471 1374 5549 haecuinterpreta‘tjo
1414 5472 1724 5549 difﬁculter

43 5540 500 5622 prolis—ibitur.
518 5542 810 5616 Equidem
831 5543 1068 5600 malim:
1104 5540 1174 5601 Τὸ
1207 5540 1274 5604 δὴ
1296 5541 1538 5618 δυνατὸν,
1562 5548 1620 5598 τὸ
1646 5543 1725 5598 ευρ

1829 5113 1985 5190 χερὲς
2049 5117 2138 5166 καὶ
2206 5115 2508 5237 πρόῆειρον.
2567 5107 2704 5164 Ἐνόν
2770 5107 2944 5177 idem,
3001 5108 3169 5181 quod
3225 5109 3356 5192 ἐξόν,
3411 5110 3500 5167 Ita

1831 5186 1995 5237 amid
2025 5188 2232 5237 Svnes.
2267 5189 2304 5237 t.
2366 5225 2379 5237 .
2414 5197 2472 5237 ι).
2513 5181 2603 5237 99.
2639 5198 2653 5237 :
2683 5180 2771 5235 Ἐκ
2799 5188 2904 5233 τῶν
2931 5179 3140 5235 ἐνόντων
3170 5181 3496 5237 exnhcatur

1831 5179 1996 5258 apud
2025 5179 2379 5258 SynesCtJI,
2401 5179 2603 5258 ἰλ-99.
2639 5198 2653 5239 :
2683 5180 2771 5258 °_Ex
2793 5188 2904 5258 τῷν
2931 5179 3140 5235 ἐνόντων
3170 5180 3496 5258 explicatur

1831 5253 1962 5310 κατά
1987 5327 1996 5329 _
2020 5253 2262 5329 δυναμιν.
2298 5253 2446 5329 Id_.__L
2475 5253 2542 5318 ΙΙ,
2585 5268 2654 5329 p._
2685 5253 2738 5308 4.
2765 5253 3048 5329 _Cinnam.
3087 5269 3146 5326 ρ.
3179 5253 3330 5329 Α82.
3361 5255 3491 5329 Aut.

1832 5332 1898 5399 τὰ
1980 5319 2163 5399 ἐντὸς,’
2230 5325 2488 5394 intellige
2562 5319 2891 5399 καθαρίζετε.
2969 5319 3227 5399 Ποίῳ-ᾂε
3288 5327 3488 5399 τρόπῳς

1835 5379 2010 5461 δόντες
2042 5379 2451 5469 amcam?
2478 5415 2533 5469 κ.
2579 5415 2634 5450 τ.
2671 5379 2709 5446 λ’
2730 5379 2816 5452 ita
2868 5379 3224 5467 repondebit
3286 5379 3488 5451 Match

1833 5487 1996 5535 XXIII,
2024 5471 2110 5536 26,
2147 5464 2242 5524 tibi
2276 5473 2384 5534 est,
2426 5470 2482 5519 τό
2515 5464 2671 5529 ἐντός.

137 5701 250 5772 (c)
288 5695 692 5752 Nationabus.
724 5695 916 5753 Otiose
946 5712 1090 5768 ergo
1123 5695 1265 5770 legit
1295 5696 1470 5754 ἐθνῶν.
1503 5698 1728 5762 Redde,
1759 5712 1894 5755 enm
1920 5693 2144 5765 caeteris
2170 5691 2381 5752 ritibus
2405 5691 2583 5753 etiam
2607 5690 2784 5763 hunc,
2807 5693 3101 5768 putantes.
