3994 6218
530 268 636 328 979

1839 261 2183 321 EUTHYMII
2233 258 2587 316 ZAGABENI
3722 268 3792 322 930

533 416 632 457 sos
662 400 1002 470 emergente
1042 395 1353 453 eﬂectione
1383 393 1653 452 liberare.
1695 391 1896 448 Solent
1931 402 2194 460 namque

2326 406 2422 447 ὀυς
2474 395 2567 440 τοῦ
2620 387 3030 450 ἐπιπολάζοντος
3101 393 3227 450 τέως
3302 390 3492 451 πάθους
3555 389 3794 462 βουλόμενος.

533 488 830 561 ingeniosi
855 491 1248 560 praeceptores
1273 485 1544 540 virtutem
1579 482 1880 547 extollere,
1910 479 1988 536 ad
2008 493 2194 551 quam

536 579 923 636 exhortantur
951 593 964 643 ;
999 581 1053 630 et
1083 574 1436 647 praesertim,
1465 573 1625 646 quod
1656 589 1760 646 per
1790 587 1945 635 eam,
1972 568 2075 642 qui
2101 583 2195 640 pe-

535 669 696 724 nitus
724 667 785 722 in
811 665 1064 722 tenebris
1092 667 1426 729 versantur,
1455 663 1657 719 omnia
1682 657 2194 735 perspicacissime

539 754 783 811 videant
807 754 921 825 (ά).

613 843 781 900 Vers.
811 843 878 899 42
904 842 1021 901 Sed
1050 859 1138 900 vce
1163 874 1232 883 —
1259 843 1538 898 omittere.
1570 839 1861 896 Praedicta
1899 837 2195 910 quinqua-

538 932 766 1005 gesimo
797 937 965 988 sexto
989 933 1181 1004 capite
1213 930 1514 999 Evangelii
1546 929 1875 985 secundum
1901 928 2195 984 Mattaaum

540 1023 616 1077 de
645 1021 737 1076 his
761 1026 967 1077 exacte
997 1020 1368 1092 disputatum
1395 1023 1503 1074 est.

613 1112 773 1166 Vers.
825 1113 908 1165 43.
962 1111 1058 1164 Va:
1087 1141 1155 1150 —-
1205 1109 1380 1180 foris.
1424 1108 1938 1180 Quinquagesimo
1986 1105 2196 1178 quinto

544 1199 736 1270 capite
765 1197 1070 1269 Evangelii
1101 1198 1435 1254 secundum
1462 1197 1795 1255 Mattheeum
1833 1197 1903 1250 de
1931 1195 2020 1251 his
2050 1211 2195 1267 quo-

546 1304 664 1361 que
682 1287 829 1344 dixit
847 1305 859 1343 :
885 1289 1102 1344 Amant
1115 1289 1336 1358 primos
1347 1287 1649 1342 accubitus
1663 1289 1722 1340 in
1747 1286 1917 1341 aenis
1934 1292 1988 1340 et
2000 1285 2198 1354 prima

545 1377 752 1434 sedilia
776 1378 838 1432 in
879 1377 1206 1448 synagogis,
1241 1395 1300 1431 ac
1326 1377 1715 1433 salutationes
1739 1376 1803 1430 in
1838 1376 1994 1444 foris
2021 1375 2068 1410 ³⁴
2098 1392 2112 1442 ;
2145 1379 2200 1431 et

545 1467 763 1524 horum
788 1467 917 1539 lege
947 1467 1513 1539 interpretationem.

621 1648 780 1702 Vers.
805 1647 898 1702 44.
951 1647 1040 1701 Vas
1065 1676 1129 1686 —
1150 1645 1422 1702 nesciunt
1443 1644 1674 1700 Dictum
1693 1647 1785 1699 cst
1808 1643 1881 1698 de
1912 1643 2006 1699 his
2028 1643 2201 1716 quin-

2305 477 2535 530 Εἰωθασι
2581 481 2681 552 γὰρ
2723 481 2772 530 οἱ
2817 479 3111 550 εὐμήχανοι
3163 475 3476 531 διδάσκαλοι
3528 479 3699 552 ἐξαίρειν
3736 488 3798 538 τήν

2301 565 2502 638 ἀρετὴν,
2538 566 2611 638 ἐφ’
2653 571 2712 626 ἦν
2736 573 3114 640 προτρέπονται
3166 573 3285 628 τοὺς
3331 567 3663 642 ἀκροωμένους,
3689 570 3799 631 illst;

2301 675 2354 707 τε
2384 660 2471 708 καὶ
2503 665 2611 718 τοῖς
2639 657 2897 720 παντελῶς
2943 657 3329 730 ἐσκοτισμένοις
3356 662 3483 730 μέγα
3512 664 3587 711 καὶ
3618 664 3662 711 τὸ
3687 664 3800 732 μικρὰ

2303 747 2648 816 φωτισθῆναι.

2375 834 2508 886 Ἀλλ’
2580 835 2697 888 οὐαὶ
2747 867 2816 876 —-
2869 835 3089 908 ἀφιέναι.
3139 836 3218 889 Ἐν
3272 845 3344 908 τῷ
3397 836 3689 912 προῤῥηθέντι
3727 858 3801 890 τεν-

2303 932 2544 994 τηκοστῷ
2574 926 2703 996 ἕκτῳ
2742 925 3001 998 κεφαλαίῳ
3029 934 3119 978 τοῦ
3157 928 3293 978 κατά
3331 928 3576 979 Ματθαῖον
3612 935 3703 1002 περὶ
3725 933 3806 980 τον-

2302 1032 2399 1064 των
2432 1012 2654 1087 ἀκριϐῶς
2679 1014 2889 1089 ἐρρήθη.

2377 1101 2511 1155 Οὐαὶ
2542 1134 2607 1143 ——
2664 1103 2903 1177 ἀγοραῖς.
2967 1110 3066 1158 Καὶ
3114 1103 3162 1156 ἐν
3209 1112 3282 1174 τῷ
3313 1114 3616 1175 πεντηκοστῷ
3652 1110 3808 1177 πέμπτῳ

2306 1191 2566 1264 κεφαλαίῳ
2597 1201 2689 1245 τοῦ
2734 1197 2870 1246 κατά
2927 1196 3196 1247 Ματθαῖον
3237 1197 3407 1266 εἴρηκε
3438 1201 3539 1269 περὶ
3580 1195 3726 1246 αὐτῶν·
3759 1197 3808 1246 ὅτι

2307 1281 2529 1334 Φιλοῠσι
2568 1287 2662 1341 τὴν
2691 1283 3077 1354 πρωτοκλισίαν
3127 1283 3175 1335 ἐν
3236 1291 3341 1343 τοῖς
3398 1280 3616 1343 δείπνοις,
3660 1287 3812 1345 καὶτὰς

2308 1369 2769 1446 πρωτοκαθεδρίας
2849 1372 2898 1424 ἐν
2993 1381 3108 1434 ταῖς
3209 1380 3540 1443 συναγωγαῖς,
3603 1377 3674 1424 καὶ
3730 1378 3812 1432 τοὺς

2308 1459 2619 1533 ἀσπασμοὺς
2649 1461 2697 1513 ἐν
2731 1469 2845 1524 ταῖς
2897 1460 3129 1537 ἀγοραῖς,
3162 1467 3251 1514 καὶ
3284 1461 3529 1532 ἀνάγνωθι
3565 1466 3643 1519 τήν
3677 1465 3812 1514 τούτων

2308 1548 2601 1622 ἑρμηνείαν.

2381 1638 2514 1691 Οὐαὶ
2581 1671 2651 1679 —
2694 1640 2787 1692 οὐκ
2846 1637 3076 1692 οἴδασιν.
3137 1643 3357 1715 Εἴρηται
3408 1645 3492 1692 καὶ
3540 1646 3638 1712 περὶ
3679 1643 3814 1691 τοῦτ-εν

551 1735 908 1810 quagesimo
949 1741 1114 1790 sexto
1141 1735 1334 1805 capite
1384 1734 1681 1807 Evangelii
1708 1733 2032 1790 secundum
2064 1735 2201 1790 Mat-

2326 1727 2356 1778 :‘u
2402 1737 2474 1798 τῷ
2529 1738 2860 1798 πεντηκοστῷ
2928 1732 3056 1801 ἕκτῳ
3113 1730 3372 1801 κεφαλαίῳ
3445 1738 3526 1781 τοῦ
3576 1733 3686 1780 κατὰ
3721 1735 3819 1780 Mar-

551 1827 798 1891 thaaum,
834 1825 934 1880 ubi
956 1824 1104 1882 illud
1129 1824 1497 1879 declaratum
1527 1829 1643 1879 est:
1677 1825 1772 1880 Var
1803 1824 1970 1887 vobis,
1991 1823 2203 1879 Scriboni

552 1923 606 1971 et
628 1914 930 1986 Pharisaei,
951 1915 1097 1986 quia
1115 1913 1327 1969 similes
1347 1913 1483 1969 estis
1509 1913 1800 1982 sepulcris
1827 1913 2109 1968 dealbatis
2133 1914 2202 1984 ⁸⁵,

552 2010 608 2062 et
637 2009 852 2061 castora

626 2094 791 2150 Vers.
833 2093 922 2147 45.
962 2093 1337 2162 Respondens
1364 2123 1431 2132 —
1456 2091 1644 2162 aﬂ'icis
1691 2091 2023 2148 cotumelia.
2059 2093 2206 2148 Cum

556 2181 848 2240 similibus
875 2181 1002 2254 ipse
1035 2180 1346 2236 affectibus
1376 2187 1536 2237 esset
1562 2180 1882 2249 obnoxius,
1904 2179 2204 2250 cognovit,

556 2271 720 2345 quod
749 2271 878 2328 hinc
936 2271 1224 2327 adversus
1251 2285 1458 2326 omnes
1509 2269 1744 2325 diceret.
1773 2269 1876 2343 qui
1907 2268 2211 2342 aequaliter

555 2366 832 2418 errarent.

559 2451 712 2507 CAP.
733 2451 912 2507 XLIII.
947 2450 1028 2506 De
1051 2449 1448 2518 deploratione
1480 2449 1933 2521 legisperitorum

628 2541 793 2596 Vers.
810 2543 901 2598 49.
924 2540 1001 2595 At
1030 2539 1140 2610 ipse
1157 2571 1225 2579 —
1243 2553 1444 2596 onera.
1475 2540 1976 2610 Quinquagcsimo
2006 2539 2210 2612 quinto

554 2631 726 2700 juxta
745 2629 1082 2687 Matthaaum
1108 2628 1299 2701 capite
1321 2629 1498 2684 ctiam
1529 2628 1598 2684 de
1613 2627 1707 2683 his
1728 2629 1954 2684 dictum
1980 2634 2085 2692 est,
2111 2627 2214 2684 ubi

557 2717 809 2776 habetur
837 2736 850 2774 :
878 2717 1141 2790 Altigant
1171 2733 1350 2773 onera
1374 2721 1584 2788 gravia
1623 2725 1676 2774 et
1722 2715 2129 2787 importabilia
2161 2723 2216 2772 et

558 2810 865 2879 imponunt
893 2809 956 2864 in
989 2808 1259 2864 humeros
1292 2809 1589 2864 hominum
1621 2808 1704 2876 '5;
1741 2824 1934 2880 quaere
1962 2823 2104 2877 ergo
2135 2807 2215 2864 ibi

560 2897 1018 2954 enarrationem.
1041 2897 1200 2953 Utilis
1221 2903 1308 2953 est
1336 2901 1534 2952 autem
1561 2903 1901 2969 opportuna
1925 2897 2214 2967 redargu-

561 2987 662 3053 tio,
694 3003 830 3060 quas
887 2987 1297 3058 arrogantium
1327 2985 1581 3041 detrahit
1611 3001 1832 3042 vanum
1864 2985 2105 3042 fastum.

635 3165 793 3220 Vers.
826 3163 915 3219 4⁸7.
961 3163 1052 3220 Vw
1084 3195 1152 3205 —
1200 3165 1361 3218 Vers.
1413 3163 1481 3218 48
1541 3169 1935 3219 monumenta.
1980 3163 2217 3220 Manife-

565 3252 712 3310 stius
733 3253 807 3310 de
835 3253 927 3309 his
958 3252 1188 3326 scripsit
1206 3252 1510 3308 Matthaaus
1523 3253 2033 3325 quinquagesimo
2053 3260 2217 3310 sexto

563 3344 751 3415 capite
792 3348 884 3399 :et
920 3342 975 3399 in
1007 3359 1074 3399 eo
1105 3343 1234 3412 lege
1272 3343 1767 3413 explanationcm,
1801 3358 1837 3398 a
1884 3359 2007 3415 qua
2037 3343 2218 3399 etiam

563 3434 691 3490 hinc
725 3433 822 3489 tibi
849 3439 1027 3504 captu
1054 3431 1249 3488 facilia
1277 3437 1467 3487 erunt.

635 3524 796 3578 Vers.
825 3527 910 3579 49.
947 3525 1260 3594 Propterea
1289 3554 1358 3563 —
1379 3528 1824 3594 persequentur.
1857 3523 2218 3594 Sapientiam

565 3613 706 3668 dicit
729 3627 901 3667 suam
930 3634 941 3665 :
970 3617 1070 3666 aut
1097 3613 1296 3676 etiam,
1331 3627 1391 3666 se
1431 3611 1632 3682 ipsum
1667 3618 1838 3667 vocat
1866 3612 1963 3666 Dei
1988 3613 2222 3684 sapien-

569 3702 736 3757 tiam.
782 3700 1064 3754 Prwdicto
1109 3700 1262 3754 enim
1320 3701 1513 3771 capite
1571 3701 1650 3755 ait
1707 3701 2020 3764 Matthzeus,
2081 3719 2220 3758 eum

566 3790 812 3846 dixisse:
837 3790 986 3844 Ecce
1009 3804 1110 3859 ego
1141 3796 1309 3844 mitto
1333 3791 1411 3844 ad
1433 3806 1525 3846 vos
1535 3791 1843 3862 prophetas
1861 3797 1912 3846 et
1927 3792 2222 3857 sapientes

567 3878 867 3935 acscribas
881 3879 949 3943 ετ,
968 3883 1267 3942 etceetera,
1283 3879 1382 3935 ubi
1396 3879 1830 3935 enarrationem
1842 3879 2222 3952 aptissimam

569 3967 646 4026 ad
677 3967 911 4039 singula
949 3967 1131 4023 verba
1160 3968 1447 4024 invenies.
1481 3971 1647 4025 Nunc
1673 3976 1871 4025 autem
1904 3985 2069 4025 more
2092 3986 2224 4042 pro—

569 4058 777 4132 phetiae
803 4057 1284 4130 utens,preedicit
1321 4058 1474 4131 quod
1499 4057 1758 4115 futurum
1795 4064 1900 4114 est.

2315 1819 2480 1883 θαῖον,
2509 1820 2627 1870 ἔνθα
2658 1821 2958 1894 ἡρμηνεύθη
2991 1824 3067 1872 το.
3099 1820 3233 1871 Οὐαὶ
3274 1821 3394 1891 ὑμῖν
3425 1825 3727 1890 ,Γραμμχτείς
3758 1822 3816 1866 και

2315 1913 2594 1981 Φαρισαῖοι
2625 1909 2924 1980 ὑποκριταὶ,
2959 1910 3038 1960 ὃτι
3067 1908 3448 1981 παρομοίάζετε
3475 1911 3634 1980 τάφοις
3655 1925 3821 1959 uacuu-

2315 2000 2506 2068 μένοις,
2548 2002 2639 2048 καὶ
2671 1999 2736 2048 τὰ
2758 1997 2842 2060 ἐξῆ
2860 2018 2901 2058 ς.

2390 2085 2712 2161 Ἀποκριθεὶς
2772 2119 2840 2127 -
2885 2086 3134 2162 ὑϐρίζεις,
3179 2094 3302 2149 Τοῖς
3357 2088 3548 2159 ὁμοίοις
3603 2091 3677 2138 καὶ
3717 2084 3825 2143 αὐτὸς

2317 2177 2537 2228 πάθεσιν
2561 2174 2879 2248 ἐνεχόμενος,
2905 2178 3052 2248 ἔγνω,
3084 2179 3162 2228 ὅτι
3185 2181 3320 2228 κατὰ
3340 2180 3536 2228 πάντων
3555 2183 3696 2227 ταῦτα
3717 2171 3821 2241 λέγει.

2319 2273 2418 2316 τῶν
2449 2267 2516 2316 τά
2542 2266 2636 2316 ἶσα
2668 2264 3124 2338 πλημμελούντων.

2455 2449 2596 2497 ΚΕΦ.
2630 2442 2759 2497 ΜΓ’.
2791 2448 2915 2516 Περὶ
2943 2452 3034 2496 τοῦ
3066 2444 3388 2517 ταλανισμοῦ
3417 2451 3510 2498 τῶν
3537 2448 3737 2513 νομικῶν.

2391 2531 2450 2584 Ὀ
2501 2530 2559 2584 ὁὶ
2614 2564 2679 2573 -
2743 2538 2991 2604 φορτίοις.
3045 2533 3126 2587 Ἐν
3185 2541 3256 2602 τῷ
3313 2540 3630 2600 πεντηκοστῴ
3677 2532 3830 2600 πέμπτῳ

2323 2621 2578 2694 κεφαλαίῳ
2602 2631 2693 2674 τοῦ
2720 2626 2851 2675 κατά
2895 2625 3155 2676 Ματθαῖον
3195 2628 3284 2675 καὶ
3313 2629 3432 2694 περὶ
3471 2626 3642 2675 τούτων
3677 2617 3828 2692 ἐρρήθη,

2323 2714 2442 2764 ἔνθα
2467 2719 2634 2765 κεῖται
2663 2715 2741 2764 τὸ·
2786 2715 3103 2784 Δεσμεύουσι
3134 2717 3320 2784 φορτία
3363 2711 3525 2787 βαρέα
3558 2715 3636 2762 καὶ
3662 2705 3833 2760 δυσϐάσ-

2323 2821 2508 2867 τακτα,
2536 2806 2625 2854 καὶ
2656 2800 2974 2854 ἐπιτιθέασιν
3004 2801 3088 2854 ἐπὶ
3118 2807 3239 2862 τοὺς
3269 2807 3443 2874 ὤμους
3482 2810 3572 2853 τῶν
3609 2799 3833 2868 ἀνθρώπων,

2324 2896 2413 2942 καὶ
2439 2893 2505 2942 τὰ
2525 2891 2655 2954 ἑξῆςο
2690 2896 2779 2942 καὶ
2811 2891 3041 2951 ζήτησον
3072 2890 3176 2943 ἐκεῖ
3203 2895 3295 2949 την
3343 2892 3601 2962 ἐξήγησιν.
3634 2891 3838 2958 Χρήσιμος

2328 2979 2386 3034 δε
2417 2983 2441 3033 ὁ
2469 2985 2706 3055 εὔκαιρος
2737 2982 2972 3053 ﬂes/10;,
3006 2991 3288 3034 κατασπῶν
3319 2987 3409 3039 τὴν
3429 2986 3636 3053 ματαίαν
3652 2985 3730 3028 τῶν

2249 3080 2286 3136 C
2327 3071 2486 3132 ζόνων
2527 3071 2706 3144 ὀφρύν.

2399 3160 2533 3212 Οὐαὶ
2589 3192 2657 3200 -
2741 3168 2984 3233 μνημεῖα.
3042 3166 3396 3234 Φανερώτερον
3456 3163 3566 3232 περὶ
3632 3157 3781 3207 τούτων
3826 3168 3841 3197 ο

2327 3251 2596 3310 Ματθαῖος
2661 3249 2882 3324 ἔγραπιιεν
2940 3253 2988 3302 εν
3019 3260 3090 3318 τῳ
3126 3259 3459 3320 πεντηκοστῲ
3497 3251 3613 3318 ἕκτῳ
3637 3241 3844 3315 aspexisti-3:.

2327 3345 2416 3392 καὶ
2447 3338 2707 3410 ἀνάγνωθι
2735 3345 2828 3398 τὴν
2861 3337 2907 3390 ἐν
2940 3337 3109 3410 ἐκείνῳ
3151 3336 3497 3408 διασείφησιν,
3527 3342 3607 3387 και
3628 3333 3846 3384 ἀπ’ἐκεὲνης

2329 3429 2558 3486 εὔληπτα
2586 3434 2675 3481 καὶ
2714 3431 2879 3480 ταῦτα
2912 3448 2996 3480 σοι
3021 3434 3352 3498 γενήσονται.

2400 3522 2493 3570 Διά
2524 3549 2586 3557 -
2631 3514 2907 3580 διώξουσι.
2961 3523 3144 3589 Σοφίαν
3195 3523 3286 3573 τὴν
3335 3517 3519 3569 ἑαυτοῦ
3550 3515 3687 3584 λέγει,
3726 3514 3748 3565 ἦ
3789 3526 3846 3556 id!

2331 3609 2510 3661 ἑαυτὸν
2556 3607 2797 3679 ὀνομάζει
2848 3613 3031 3679 σοφίαν
3080 3615 3168 3658 τοῦ
3204 3615 3362 3659 Θεοῡο
3398 3606 3445 3658 ἐν
3481 3617 3548 3674 τῳ
3591 3598 3845 3678 Fuﬁi-4117i?

2330 3696 2589 3769 κεφαλαίῳ
2622 3703 2778 3768 φησιν
2809 3699 2833 3748 ο
2868 3698 3129 3756 ΝῙατΘαίος
3159 3697 3315 3748 εἰπεῖν
3365 3696 3443 3766 (is)
3484 3695 3627 3745 αὑτὸν
3668 3693 3728 3740 ὁτι
3751 3683 3846 3738 Ἰδού

2331 3785 2429 3857 ἐγὼ
2458 3785 2753 3838 ἀποστέλλω
2802 3789 2932 3857 πρὸς
2986 3788 3114 3857 ὑμᾶς
3162 3790 3438 3857 προφήτας
3489 3790 3572 3835 καὶ
3620 3777 3848 3850 aspexi-’1"

2333 3883 2680 3950 Γραμματεῖς,
2709 3881 2798 3927 καὶ
2830 3879 2894 3926 τὰ
2924 3874 3006 3937 ἐξῆ
3021 3896 3060 3940 ς,
3101 3874 3148 3926 ἐν
3188 3884 3227 3946 ῳ
3258 3879 3354 3932 τὴν
3411 3873 3645 3942 ἐξήγησιν
3681 3871 3850 3939 εὑρήσεις

2334 3964 2606 4025 ἀνελλιπῶς
2636 3968 2884 4035 ἔχουσαν.
2933 3968 3090 4036 Τύπῳ
3122 3960 3178 4017 δε
3207 3972 3294 4015 νῦν
3323 3967 3631 4036 προφητείας
3647 3955 3848 4030 licvit?

2331 4076 2432 4124 νος,
2464 4056 2700 4130 προλέγει
2731 4059 2788 4106 τὸ
2815 4053 3013 4126 μέλλον·

642 4148 806 4206 Vers.
867 4149 955 4203 50.
994 4147 1066 4204 Ut
1096 4177 1158 4189 --
1184 4149 1342 4203 Vers.
1375 4152 1458 4203 51.
1493 4147 1692 4204 cedem.
1738 4147 1816 4202 lbi
1871 4148 2053 4204 etiam
2096 4148 2209 4204 heat

2403 4147 2513 4199 Ἵνα
2564 4177 2632 4186 -
2678 4149 2844 4198 οἴκου.
2906 4143 3037 4198 Ἐκεῖ
3083 4150 3170 4197 καὶ
3232 4153 3402 4196 ταῦτα
3451 4145 3580 4194 κατά
3623 4140 3744 4208 λόγον
3783 4134 3847 4200 ἐρ·

568 4237 1001 4297 rationabiliter
1029 4237 1330 4294 declarata
1363 4242 1522 4295 sunt.

2335 4237 2687 4309 μηνεύθησαν.

642 4331 800 4385 Vers.
829 4329 889 4384 5t
935 4327 1200 4392 Profecto
1229 4357 1298 4368 —-
1325 4327 1457 4383 ista.
1489 4325 1766 4382 Similiter
1805 4331 1861 4381 et
1881 4326 2029 4382 haec.

2405 4330 2510 4378 Ναὶ
2556 4356 2609 4365 —
2646 4327 2842 4386 ταύτης
2897 4323 3123 4394 Ὀμοίως
3148 4328 3235 4375 καὶ
3266 4331 3464 4378 ταῦτα.

643 4421 808 4476 Vers.
835 4419 925 4474 52.
965 4417 1055 4473 νω
1080 4448 1148 4458 -
1174 4416 1582 4487 prohibuistis.
1615 4415 1897 4472 Praedicto
1935 4416 2209 4488 quinqua

2409 4415 2544 4466 Οὐαὶ
2594 4445 2655 4454 —-
2709 4411 3020 4466 ἐκωλύσατε.
3075 4413 3154 4465 Ἐν
3210 4421 3282 4481 τῷ
3343 4415 3562 4482 τοιούτῳ
3602 4403 3853 4460 πεντηκοπὲ

575 4509 804 4578 gesimo
831 4513 996 4565 sexto
1044 4508 1236 4579 capite
1268 4522 1468 4577 quaere
1509 4505 1605 4562 ubi
1637 4505 1849 4561 dicitur
1889 4524 1902 4560 :
1940 4507 2029 4559 Vae
2074 4505 2227 4562 vobis

574 4597 802 4654 Scriba:
817 4603 871 4653 et
889 4597 1176 4654 Pharistei
1185 4596 1671 4668 hypocrita:.quia
1686 4594 1964 4651 clauditis
1978 4611 2225 4665 regnum

576 4686 847 4741 caelorum
862 4701 1060 4744 coram
1084 4687 1490 4752 hominibus",
1521 4685 1622 4741 ubi
1649 4685 1970 4742 manifesta
1989 4685 2229 4757 ponitur

575 4774 891 4830 enarratio.

650 4863 815 4918 Vers-
843 4867 926 4919 53.
969 4863 1112 4920 Cum
1139 4865 1359 4922 diceret
1389 4897 1456 4906 —
1480 4881 1627 4922 eum.
1657 4863 1947 4930 lnsistcre,
1977 4862 2090 4918 hoc
2121 4868 2226 4930 est,

580 4951 988 5018 molestiesse,
1013 4953 1132 5010 sive
1157 4955 1352 5013 irasci.
1385 4954 1670 5018 Quaedam
1704 4969 1836 5010 vero
1863 4953 2227 5025 exemplaria

651 5095 720 5156 3‘.
749 5095 942 5154 Matth.
973 5111 1134 5168 xxm,
1157 5101 1207 5154 6.
1274 5099 1320 5137 ⁸⁵
1345 5098 1492 5156 Ibid.
1515 5101 1604 5153 27.
1665 5097 1732 5154 ⁸⁸.
1752 5095 1903 5161 lbid,
1926 5099 1978 5151 4.
2044 5096 2088 5132 ⁸⁷
2114 5095 2262 5152 Ibid.
2294 5097 2384 5152 54.

2338 4508 2465 4576 ἕκτῳ
2513 4503 2770 4576 κεφαλαίῳ
2840 4503 3069 4562 ζήτησον
3116 4509 3190 4560 τὸ,
3243 4503 3382 4554 Οὐαὶ
3433 4505 3567 4574 ὑμῖν,
3609 4504 3854 4570 Γραμιιτπτειῖ

2338 4599 2426 4646 καὶ
2485 4601 2762 4666 Φαρισαῖοι
2817 4596 3114 4664 ὑποκριταῖ,
3171 4595 3250 4644 ὁτι
3296 4593 3491 4644 κλείετε
3539 4594 3622 4646 τὴν
3657 4583 3852 4658 βασιλειαν
3924 4653 3925 4660 γ

2337 4693 2435 4734 τῶν
2484 4683 2710 4757 οὐρανῶν
2756 4684 3043 4756 ἔμπροσθεν
3097 4691 3193 4734 τῶν
3253 4680 3554 4756 ἀνθρώπων,
3605 4678 3706 4729 ἔνθα
3744 4670 3853 4735 saeta
3924 4671 3925 4750 ξ

2336 4775 2554 4826 τέθειται
2585 4775 2613 4831 ἡ
2648 4772 2919 4843 ἐξήγησις.

2411 4868 2655 4934 Λέγοντος
2731 4893 2800 4902 -
2881 4861 3054 4913 αὐτόν.
3125 4862 3373 4933 Ἐνέχειν,
3453 4865 3623 4932 ἤγουν,
3680 4852 3851 4921 ἐγιετείν.
3924 4855 3925 4864 ‘

2341 4952 2668 5026 ὀργίζεσθαι.
2733 4955 2860 5004 Τινά
2928 4947 2986 5004 δε
3034 4959 3131 5003 τῶν
3191 4949 3539 5026 ἀντιγράφων,
3584 4946 3770 5016 ἐλέγχειν
3805 4937 3852 4994 (ξ’)

2466 5097 2514 5132 ⁸⁸
2553 5094 2703 5152 Ibid.
2732 5100 2795 5152 l5

1794 5275 2015 5347 Variae
2051 5275 2381 5345 lectiones
2419 5284 2486 5344 et
2523 5284 2726 5342 notae.

652 5452 730 5526 (4)
760 5449 882 5506 ⁶Οτι
911 5453 1048 5509 ante
1071 5446 1250 5514 εἰπεῖν,
1283 5450 1351 5505 Α.

657 5630 742 5701 (d)
772 5630 848 5686 Et
872 5625 1194 5700 prtesertim
1223 5657 1286 5666 —
1320 5624 1789 5701 uideantﬂedde
1817 5643 1828 5681 :
1856 5626 2047 5684 Aliter
2070 5627 2241 5701 etiam

583 5695 675 5773 iis,
717 5695 824 5775 Qui
846 5695 1092 5773 prorsus
1118 5704 1262 5756 sunt.
1287 5695 1652 5755 obtenebrati
1681 5713 1954 5770 magnum
1997 5705 2101 5766 est,
2147 5699 2241 5758 vel

2427 5447 2504 5518 (5)
2528 5444 2736 5514 Credo,
2760 5444 2996 5502 codices
3016 5441 3337 5500 nonnullos
3359 5438 3600 5498 scholiis
3625 5423 3844 5490 ίωιωοωε

2351 5621 3032 5695 εωίῃιιιιπιμίιιιιηνιίηανί.
3065 5615 3390 5686 Vocabula,
3427 5615 3586 5675 ἄλλως
3612 5629 3656 5663 τε
3676 5605 3750 5666 καί,
3772 5605 3853 5648 no-

2351 5693 2476 5755 tant
2512 5693 2989 5770 explicationem.
