3994 6218
175 308 268 364 981

176 435 467 509 γράφουσιν,
513 435 698 499 εἶτουν,
734 429 770 487 δ
774 432 1090 505 ιαλίγεσθαι.
1121 437 1192 488 Τὸ
1228 431 1289 488 δὲ
1316 432 1754 509 ἀποστοματίζειν
1791 433 1837 489 Α

177 519 321 575 δνλοί
367 527 424 576 τό
473 521 708 576 ἀπαιτεῖν
762 520 1147 596 αὐτοσχεδίους
1206 529 1295 577 καὶ
1350 522 1755 588 ἀνεπισκέπτως

174 611 458 687 ἀποκρίσεις
479 611 820 688 ἱρωτημάτων
851 610 886 666 δ
889 613 1093 687 ολερῶν.

242 883 358 953 Περὶ
404 910 474 921 -
526 879 702 937 αὐτόν.
754 880 835 934 Ἐν
884 880 1087 941 πολλοῖς
1132 879 1498 957 προϐλήμασιν
1551 879 1757 934 ἐπιϐου-

169 967 386 1030 λεύοντες
443 968 606 1041 αὐτῷ.
668 966 795 1024 Εἶτα
858 974 1167 1047 πρόσκειται
1218 975 1308 1023 καὶ
1365 972 1395 1029 ἡ
1457 971 1601 1023 αἰτία
1661 979 1755 1031 τῆς

170 1061 402 1121 τοιαύτης
430 1068 699 1132 μηχανῆς.

235 1154 514 1210 Ζητοῦντες
555 1179 623 1190 -
662 1148 843 1205 αὐτοῦ.
885 1149 1073 1222 ’ῼοντο
1117 1152 1219 1223 γὰρ
1262 1156 1335 1220 τῷ
1379 1146 1624 1223 αἰφνιδίῳ
1665 1153 1755 1203 καὶ

174 1237 439 1313 ἂπροόπτῳ
478 1238 787 1313 περιτρέψαι
832 1242 1033 1300 πάντως
1066 1239 1220 1291 αὐτόν
1244 1259 1257 1272 -
1304 1237 1434 1291 ἀλλὰ
1479 1242 1756 1311 πανσόφως

176 1326 278 1380 ἔλυε
301 1330 484 1393 πάντα,
516 1333 607 1382 καὶ
634 1326 863 1404 εὐχερῶς
890 1327 1207 1403 ἀπεκρίνετο.

306 1511 449 1559 ΚΕΦ.
488 1504 616 1559 ΜΔ’.
660 1509 784 1580 Περὶ
810 1511 903 1565 τῆς
930 1504 1099 1578 ζύμης
1146 1513 1245 1557 τῶν
1292 1509 1608 1579 Φαρισαίων.

239 1592 317 1645 Ἐν
343 1595 415 1654 οἷς
444 1624 502 1634 -—
536 1595 831 1669 ὑπόκρισις.
865 1596 1002 1648 Ἐπεὶ
1031 1592 1080 1646 ἄν
1114 1595 1390 1667 ὑποκρίσει
1426 1598 1517 1646 καὶ
1545 1594 1628 1664 (6)
1665 1599 1755 1644 νῦν

167 1683 393 1758 ἠρώτων,
440 1692 667 1757 φανερῶς
863 1685 1131 1745 ζητοῦντες
1173 1686 1375 1757 μαθεῖν,
1421 1689 1652 1759 κρυφίως
1695 1679 1755 1736 δὲ

1209 306 1578 367 COMMENT.
1621 306 1691 364 IN
1727 306 1991 366 LUCAM.
2034 340 2105 353 —
2140 310 2299 370 CAP.
2344 314 2451 370 XII.

3419 311 3541 370 982'

1868 434 2099 509 ίλιγχειν
2138 437 2426 505 scribunt,
2457 437 2521 495 id
2555 442 2642 495 est
2671 452 2941 508 arguere,
2975 436 3101 494 sive
3126 437 3448 511 disputare.

1867 525 2038 591 Quod
2088 532 2289 584 autem
2321 529 2589 602 sequitur
2629 526 3066 600 ἀποστοματίζειν
3105 527 3404 597 signiﬁcat
3431 542 3524 585 ex-

1864 616 2220 687 temporales
2251 622 2307 673 et
2326 632 2448 674 non
2478 617 2885 674 consideratas
2914 616 3328 689 responsiones
3356 616 3524 675 dolo-

1866 719 2071 761 sarum
2119 706 2655 777 interrogationum
2698 709 2972 779 expetere
3022 704 3303 778 (ideoque
3353 705 3525 762 verti-

1865 809 2020 850 mus.
2050 794 2125 852 ab
2145 809 2243 852 ore
2267 795 2693 868 interrogare).

1933 882 2103 939 Vers.
2155 888 2219 940 53
2258 884 2435 940 De—
2464 884 2631 940 Vers.
2680 884 2766 940 54.
2815 885 2889 941 ei.
2935 886 2997 939 In
3050 883 3253 940 multis
3281 884 3522 957 proble-

1864 974 2040 1029 matis
2066 972 2409 1029 imidiantes
2440 973 2512 1029 ei.
2547 972 2769 1029 Deinde
2793 971 3034 1030 additur
3061 977 3120 1029 et
3161 989 3344 1030 causa
3384 972 3521 1031 talis

1864 1062 2093 1119 technm
2125 1063 2197 1135 (ε)
2229 1079 2331 1119 seu
2358 1068 2631 1119 conatus.

1938 1152 2101 1209 Vers.
2165 1153 2254 1208 5t.
2320 1151 2649 1219 Quwrentes
2688 1182 2757 1192 —
2804 1167 2956 1208 eum.
3015 1149 3308 1207 Putabant
3362 1151 3521 1207 enim

1865 1245 2102 1312 repente
2165 1244 2224 1296 et
2283 1240 2359 1296 de
2415 1240 2745 1313 improviso
2806 1240 2867 1296 in
2946 1254 3209 1296 errorem
3274 1239 3524 1296 omnino

1864 1328 2032 1385 illum
2081 1330 2377 1386 inducere.
2427 1330 2642 1387 Verum
2690 1329 3128 1402 sapientissime
3164 1327 3527 1387 dissolvebat

1864 1419 2088 1484 omnia.
2130 1418 2422 1492 facileque
2450 1418 2875 1491 respondebat.

1933 1508 2089 1564 CAP.
2118 1509 2291 1578 XLIV,
2313 1511 2397 1566 De
2420 1509 2717 1580 fermento
2752 1507 3213 1565 Pharisaeorum.

1935 1597 2085 1669 Cap.
2123 1598 2229 1653 XII.
2259 1599 2415 1653 Vers.
2453 1602 2475 1653 t
2510 1598 2676 1655 Inter
2703 1628 2767 1639 —
2788 1596 3139 1669 hypocrisis,
3174 1596 3324 1664 Quia
3343 1596 3521 1655 etiam

1863 1702 2026 1743 nunc
2079 1703 2194 1760 peu
2250 1687 2595 1760 hypocrisin
2648 1685 3119 1759 interrogabant,
3168 1691 3524 1760 apparenter

168 1771 591 1839 ἐπιϐουλεύοντες,
628 1772 1027 1846 ἐξασφαλίζεται
1051 1779 1171 1836 τοὺς
1200 1775 1456 1846 μαθητὰς,
1484 1772 1750 1846 φυλάττειν

1906 1776 2105 1833 uidem
2121 1775 2352 1833 discere
2371 1781 2726 1849 qumrentes,
2750 1775 2970 1832 occulte
2984 1791 3124 1832 vero
3147 1774 3518 1848 insidiantes,

166 1861 377 1923 ἑαυτοὺς
426 1861 527 1914 ἀπὸ
557 1870 648 1923 τῆς
695 1864 1015 1937 ὑποκρίσεως
1071 1862 1257 1927 αὐτῶν,
1315 1866 1403 1915 καὶ
1455 1866 1527 1935 μὴ
1582 1861 1755 1924 ἁπλῶς

164 1951 291 2024 αὐτῇ
348 1956 696 2026 περιπίπτειν.
759 1951 1081 2026 Παρὴγγειλε
1137 1948 1196 2005 δὲ
1253 1952 1429 2014 αὐτοῖς
1478 1955 1597 2026 περὶ
1662 1958 1755 2012 τῆς

162 2044 405 2104 τοιαύτης
438 2044 606 2115 ζύμης
625 2046 715 2094 καὶ
739 2039 788 2093 ἓν
817 2042 890 2112 τῷ
914 2050 1210 2115 τριακοστῷ
1241 2037 1466 2115 δευτέρῳ
1493 2040 1752 2115 κεφαλαίῳ

166 2138 251 2184 τοῦ
280 2133 416 2183 κατὰ
443 2132 734 2185 Ματθαῐον.

227 2305 535 2384 [Μυριάδας
595 2310 672 2379 (7)
743 2306 891 2382 οἶμαι
954 2309 1119 2381 λέγειν
1194 2314 1289 2369 τὴν
1372 2309 1754 2368 πολυπλήθειαν

159 2407 245 2452 τοῦ
308 2398 497 2471 ὄχλου.
574 2398 837 2472 Εἰὼθαμεν
919 2400 1021 2474 γὰρ
1092 2403 1306 2474 μυρίους
1385 2399 1567 2473 λέγειν,
1640 2402 1756 2461 τοὺς

158 2487 418 2562 πολλοὺς]

225 2574 395 2631 Οὐδὲν
426 2609 494 2617 -
517 2579 901 2650 γνωσθήσεται.
940 2582 1040 2632 Καὶ
1059 2584 1228 2631 ταῦτα
1268 2584 1500 2652 περὶτῆς
1540 2580 1753 2655 ὑποκρί-

159 2685 286 2729 σεως
341 2667 511 2718 αὐτῶν
567 2664 693 2732 εἷπε,
764 2663 1059 2733 διδάσκων,
1135 2669 1217 2720 ὃτι
1272 2666 1646 2739 ἐλεγχθήσεται
1705 2665 1753 2719 ἓν

155 2758 324 2829 ἡμέρα
346 2763 445 2818 τῆς
473 2760 808 2828 παγκοσριίου
847 2761 1087 2831 κρίσεως.
1136 2762 1236 2811 Καὶ
1269 2755 1376 2809 ἐπεὶ
1417 2763 1518 2809 πᾶν
1571 2753 1606 2808 δ
1612 2776 1750 2828 ιαγι-

153 2853 409 2898 νώσκεται
430 2850 563 2911 τότε,
585 2851 675 2898 καὶ
705 2845 891 2920 πρᾶξις
911 2850 1001 2899 καὶ
1028 2845 1179 2918 λόγος
1203 2850 1293 2898 καὶ
1316 2851 1504 2919 νόημα,
1534 2850 1748 2919 περιττὴ

152 2943 239 2988 νῦν
263 2940 356 2988 καὶ
384 2937 656 3007 ἄχρηστος
684 2937 714 2994 ἡ
739 2937 1037 3010 ὑπόκρισις.

224 3027 365 3080 'AvO'
419 3026 488 3077 ὧν
540 3055 609 3066 -
664 3021 941 3098 δωμάτων.
1002 3025 1435 3098 Ἐσχημάτισται
1489 3028 1580 3098 μὲν
1625 3028 1754 3098 πρὸς

1863 1864 2195 1938 discipulos
2234 1881 2377 1922 suos
2406 1865 2656 1922 omnino
2686 1865 2894 1929 munit,
2930 1868 2994 1921 ut
3023 1868 3274 1921 caveant
3300 1864 3413 1921 sibi
3444 1865 3523 1922 ab

1862 1955 2164 2029 hypocrisi
2210 1954 2470 2022 illorum,
2517 1969 2593 2011 ne
2639 1954 3046 2027 imprudenter
3091 1954 3151 2010 in
3204 1970 3340 2012 eam
3386 1952 3524 2011 inci-

1863 2044 2028 2102 dant.
2060 2046 2141 2101 De
2172 2044 2286 2100 hoc
2316 2048 2518 2101 autem
2547 2044 2839 2101 fermento
2867 2043 3046 2101 etiam
3084 2042 3199 2100 illis
3244 2043 3523 2116 praecepit

1864 2133 2162 2191 tricesimo
2188 2133 2453 2190 secundo
2482 2132 2677 2207 capite
2701 2132 3007 2205 Evangelii
3029 2131 3360 2190 secundum
3382 2132 3522 2190 Mat-

1863 2223 2370 2388 thi'tll'mhiluptédac,
2422 2313 2567 2384 puto
2611 2310 2876 2384 ΒΡΡθΠδί
2926 2308 3370 2367 multandum“
3418 2324 3525 2384 po.

1865 2402 2011 2476 puli.
2053 2401 2327 2460 Solemus
2357 2401 2517 2459 enim
2554 2404 2773 2476 μυρίους
2812 2398 3114 2474 appellare
3162 2399 3380 2458 multos

1933 2582 2093 2637 Vers.
2123 2584 2177 2637 2.
2199 2580 2857 2651 Nihil—cognoscatur.
2876 2578 3206 2636 Etiamhase
3238 2578 3314 2635 de
3332 2577 3525 2652 hypo-

1862 2670 2002 2728 crisi
2044 2670 2190 2726 dixit
2241 2686 2472 2740 eorum,
2516 2669 2745 2735 dicens,
2798 2670 2957 2741 quod
3001 2673 3283 2738 arguatur
3324 2666 3388 2723 in
3426 2668 3523 2725 die

1862 2760 2212 2816 universalis
2236 2758 2461 2832 judicii.
2497 2761 2563 2815 Et
2600 2759 2705 2831 qui
2736 2763 2875 2814 tunc
2904 2756 3112 2813 omnia
3158 2771 3524 2827 cognoscen-

1862 2854 1955 2906 tur
1999 2855 2052 2906 et
2082 2864 2288 2922 opera,
2341 2853 2397 2905 et
2426 2863 2733 2904 sermones
2781 2862 2848 2903 ac
2874 2846 3189 2917 cogitatus,
3222 2844 3524 2920 superflua

1861 2955 2022 2996 nunc
2050 2944 2138 2995 est
2175 2944 2232 2995 et
2268 2938 2489 2995 inutilis
2518 2936 2873 3011 hypocrisis.

1933 3029 2099 3086 Vers.
2144 3032 2202 3086 3.
2267 3028 2537 3097 Quoniam
2570 3030 2838 3084 —tecta.
2868 3026 3081 3082 Factus
3139 3023 3389 3098 quidem
3433 3028 3523 3085 est

149 3120 277 3177 τοὺς
322 3116 564 3188 μαθητὰς
610 3117 636 3167 ὁ
692 3114 863 3186 λόγος,
914 3118 1118 3188 εἴρηται
1173 3112 1233 3168 δε
1284 3119 1373 3167 καὶ
1446 3115 1592 3175 οὗτος
1635 3118 1750 3188 περὶ

1902 3118 1941 3174 d
1983 3117 2309 3191 discipulos
2338 3132 2554 3187 sermo,
2588 3130 2791 3172 verum
2823 3120 2880 3172 et
2915 3115 3011 3171 hic
3054 3114 3253 3188 potius
3299 3114 3373 3171 de
3402 3113 3520 3171 illis

150 3206 377 3269 ἐκείνων,
427 3206 507 3257 ὅτι
558 3206 659 3257 ὅσα
702 3205 820 3256 καθ’
884 3204 1100 3265 ἑαυτοὺς
1154 3202 1535 3277 ἔνθυμηθῶσιν,
1588 3206 1619 3261 ἤ
1667 3207 1755 3255 καὶ

148 3299 285 3369 πρὸς
338 3293 591 3356 ἀλλήλους
646 3293 812 3366 λάθρα
881 3293 1369 3365 κοινολογήσωνται,
1423 3295 1596 3345 πάντα
1640 3296 1754 3345 τότε

148 3381 670 3455 δημοσιωθήσονται
721 3385 864 3455 παρὰ
892 3389 984 3435 τοῦ
1012 3386 1181 3436 πάντα
1221 3388 1565 3455 γινώσκοντος
1596 3388 1750 3435 Θεοῦ.

146 3483 261 3539 Φῶς
308 3480 411 3548 γὰρ
460 3481 550 3529 καὶ
593 3473 833 3548 δώματα,
866 3480 960 3534 τὴν
997 3472 1345 3548 δημοσιευσιν
1394 3476 1649 3548 ὠνόμασε.
1681 3476 1751 3527 Τό

146 3563 228 3629 δέ,
298 3564 411 3617 ἄνθ’
469 3565 556 3631 ὧν,
626 3563 738 3617 ἀντὶ
808 3572 920 3631 τοῦ,
981 3562 1075 3618 διὰ
1142 3571 1317 3631 τοῦτο,
1390 3561 1531 3618 διότι
1599 3560 1751 3617 οὐδὲν

142 3657 315 3732 κρυϐἠ
324 3672 493 3708 σεται.

211 3751 403 3798 Ταῦτα
449 3739 509 3796 δι
562 3747 653 3796 καὶ
714 3741 764 3795 ἐν
822 3750 896 3814 τῷ
976 3739 1411 3816 ἐννεακαιδεκάτῳ
1489 3743 1749 3817 κεφαλαίῳ

141 3842 237 3887 τοῦ
333 3836 472 3885 κατὰ
561 3833 830 3887 Ματθαίον
908 3837 1308 3909 μετεχειρίσατο
1384 3833 1502 3886 καθ’
1577 3833 1749 3907 ἑτέραν

139 3928 358 3978 ἔννοιαν.

212 4018 371 4084 Λέγω
425 4044 495 4052 -
543 4010 822 4084 φοϐήθητε.
864 4010 936 4064 Ὠ
990 4010 1202 4085 ἀπείρου
1250 4017 1609 4074 ταπεινώσεως
1658 4017 1748 4065 καὶ

140 4103 388 4175 ἀγάπηςῐ
437 4102 623 4163 Φίλους
660 4101 805 4154 καλεῖ
858 4105 978 4163 τοὺς
1032 4097 1268 4165 δούλους,
1303 4096 1472 4169 εἰδὼς,
1532 4102 1614 4153 ὅτι
1668 4122 1748 4174 φι-

134 4194 320 4245 λοῦσιν
344 4191 508 4244 αὐτόν
550 4194 600 4244 ἒν
630 4191 720 4263 ὅλῃ
770 4187 967 4266 καρδίᾳ
1019 4194 1109 4242 καὶ
1140 4189 1188 4242 ἐν
1245 4190 1334 4264 ὅλῃ
1366 4189 1521 4263 ψυχῇ
1556 4195 1644 4243 καὶ
1697 4190 1746 4243 ἓν

134 4282 227 4355 ὅλῃ
273 4279 527 4353 διανοίᾳο
568 4283 624 4332 τὸ
657 4276 737 4345 δὲ,
788 4285 873 4339 Μὴ
920 4279 1180 4354 φοϐηθῆτε
1224 4280 1327 4333 ἀπὸ
1380 4288 1479 4332 τῶν
1531 4280 1747 4333 ἀποκτε-

132 4378 327 4423 νόντων
360 4374 444 4438 (8)
491 4372 548 4421 τό
583 4378 754 4441 σῶμα,
808 4374 898 4421 καὶ
953 4372 1019 4420 τὰ
1076 4367 1211 4431 ἑξῆς,
1273 4364 1380 4422 εἶπε
1434 4372 1524 4421 καὶ
1567 4367 1615 4421 ἐν
1674 4378 1746 4440 τῷ

133 4459 434 4517 δηλωθὲντι
490 4455 923 4530 ἐννεακαιδεκάτῳ
971 4457 1229 4530 κεφαλαίῳ
1275 4465 1368 4510 τοῦ
1423 4461 1558 4510 κατὰ
1604 4465 1747 4511 Ματ-

131 4553 307 4614 θαίον,
360 4555 454 4600 καὶ
510 4549 738 4608 ζήτησον
792 4547 898 4601 ἐκεῖ
943 4552 1036 4606 τὴν
1090 4550 1282 4600 τούτων
1335 4546 1607 4619 ἐξήγησιν.
1665 4547 1744 4600 Ἐν

125 4637 414 4711 διαφόροις
437 4640 537 4711 γὰρ
569 4645 770 4712 καιροῖς
797 4636 1042 4699 πολλάκις
1071 4640 1134 4689 τὰ
1172 4637 1304 4689 αὖτὰ
1343 4642 1589 4712 παραινεῖ
1632 4644 1747 4699 τοῖς

126 4726 478 4791 ἀποστόλοις,
527 4725 909 4799 ἐνσημανθῆναι
960 4733 1126 4779 ταῦτα
1171 4734 1283 4788 ταῖς
1324 4726 1528 4797 ψυχκῖς
1574 4725 1744 4778 αὐτῶν

125 4817 476 4891 βουλόμενος.

1862 3208 2057 3264 dictus
2083 3213 2191 3277 est,
2218 3206 2381 3281 quod
2403 3221 2783 3279 quaecunque
2806 3203 2973 3277 apud
3002 3220 3135 3261 sesc
3168 3204 3518 3275 cogitarent.

1860 3296 1956 3353 vel
1997 3297 2175 3354 etiam
2224 3295 2377 3353 inter
2428 3311 2491 3351 se
2531 3300 2740 3351 mutuo
2770 3293 2927 3351 clam
2977 3292 3518 3361 communicarent,

1860 3385 2068 3443 omnia
2097 3391 2237 3442 tunc
2262 3386 2428 3442 aDeo
2445 3383 2933 3457 publicabuntur.
2957 3383 3048 3456 qui
3063 3386 3278 3439 cuncta
3298 3398 3518 3453 cogno-

1860 3476 1963 3532 vit.
1984 3477 2209 3531 Lumen
2233 3475 2392 3531 enim
2410 3480 2467 3532 et
2484 3479 2655 3543 tecta,
2671 3471 3143 3546 publicationem
3164 3471 3516 3528 nominavit.

1864 3564 2174 3633 Quoniam,
2229 3563 2292 3620 id
2349 3568 2458 3633 est,
2505 3567 2846 3635 propterea,
2913 3560 3059 3634 quia
3121 3559 3269 3617 nihil
3327 3559 3520 3617 occul-

1862 3658 1984 3710 tum
2025 3652 2157 3710 erit.

1931 3742 2067 3799 Htec
2106 3741 2287 3799 etiam
2335 3740 2571 3797 decimo
2618 3754 2781 3797 nono
2819 3739 2993 3812 juxta
3038 3737 3382 3798 Matthaeum
3425 3754 3522 3797 ca-

1858 3832 1973 3905 pite
2018 3831 2309 3898 tractavit,
2360 3845 2709 3904 quanquam
2740 3828 3073 3887 secundum
3122 3827 3309 3886 alium
3355 3827 3521 3886 intel-

1858 3922 2097 3977 lectum.

1913 3925 2097 3977 ctum.
2376 3938 2381 3945 ί

1928 4010 2089 4066 Vers.
2147 4012 2199 4073 4,
2255 4007 2401 4065 Dico
2432 4039 2501 4050 —
2535 4009 2700 4064 Vers.
2745 4012 2795 4063 5.
2850 4006 3065 4065 timete.
3119 4008 3163 4064 Ο
3217 4007 3521 4064 immensi-

1858 4104 2039 4163 tatem
2067 4096 2417 4155 humilitatis
2440 4112 2509 4154 ac
2535 4096 2864 4152 dilectionis
2894 4096 2907 4152 Ξ
2940 4095 3180 4152 Amicos
3205 4100 3383 4152 vocat
3402 4111 3521 4152 ser-

1867 4199 1991 4252 vos,
2020 4187 2236 4251 sciens,
2267 4186 2431 4259 quod
2461 4201 2522 4241 se
2570 4189 2773 4241 ament
2818 4200 2890 4240 ex
2931 4189 3056 4240 toto
3087 4183 3288 4253 corde,
3344 4187 3402 4239 et
3445 4199 3518 4240 ex

1855 4282 1980 4335 tota
2018 4275 2239 4342 anima,
2281 4280 2337 4331 et
2362 4289 2434 4329 ex
2476 4277 2598 4329 tota
2630 4276 2845 4329 mente.
2889 4271 3059 4337 Quod
3100 4276 3297 4327 autem
3329 4270 3513 4326 dicit:

1854 4368 1943 4424 Ne
1968 4364 2312 4423 terreamini
2340 4362 2411 4419 ab
2443 4362 2676 4434 his,qui
2723 4360 2997 4417 occidunt
3040 4375 3269 4432 corpus,
3303 4364 3361 4416 et
3406 4375 3515 4415 caa-

1856 4463 2000 4522 tera,
2018 4454 2170 4512 dixit
2184 4454 2361 4509 etiam
2382 4450 2659 4526 praedicto
2674 4451 2866 4523 capite
2878 4448 3114 4506 decimo
3141 4463 3306 4505 nono
3327 4451 3516 4505 Evan-

1856 4544 1992 4616 gelii
2046 4542 2382 4600 secundum
2436 4540 2813 4604 Matthmum;
2844 4543 2899 4595 et
2949 4536 3031 4595 ibi
3077 4537 3296 4594 horum
3353 4552 3514 4612 quas-

1854 4637 1966 4691 rito
1981 4634 2441 4690 enarrationem.
2474 4629 2663 4686 Variis
2690 4628 2851 4685 enim
2873 4626 3421 4701 opportunitatibus
3445 4643 3514 4685 ac

1854 4721 2226 4796 temporibus
2264 4718 2568 4793 apostolos
2596 4718 2672 4775 de
2700 4717 2915 4774 iisdem
2946 4717 3284 4791 frequenter
3307 4716 3515 4774 admo-

1855 4813 2080 4871 nebat:
2116 4809 2322 4869 volens
2350 4809 2480 4866 haec
2520 4807 2841 4867 animabus
2889 4821 3098 4866 eorum
3147 4804 3317 4879 inﬁgi
3346 4810 3516 4865 tena-

1855 4902 1999 4961 eius.

1372 5027 1595 5098 Variae
1618 5027 1951 5099 lectiones
1991 5035 2059 5097 et
2080 5034 2285 5095 notas.

110 5204 201 5260 ita
242 5199 504 5258 habere.
536 5198 601 5270 In
625 5197 981 5270 ,hnjusmodi
1012 5198 1281 5256 codicem
1327 5197 1534 5255 incidit
1562 5198 1745 5256 Theo-

111 5274 483 5358 phylactus,
502 5269 605 5358 qui
618 5269 900 5358 incod‘ice
909 5269 1245 5358 Mgsqpensi
1267 5286 1348 5358 m.
1364 5270 1658 5358 itagabet;
1680 5270 1743 5327 Id

110 5341 291 5425 enim
314 5341 935 5425 compertumbabeo,
965 5341 1349 5425 Euthymium
1372 5342 1743 5425 e‘theophy-

106 5419 350 5476 laetum
364 5411 724 5486 huiusmodi
745 5413 987 5468 codices
1000 5414 1079 5469 ad
1093 5411 1231 5470 man
1240 5429 1308 5469 us
1319 5411 1620 5486 habuisse;
1644 5411 1746 5471 cu-

101 5484 966 5561 jusmodi‘s'unt‘Mosguenses
978 5486 1043 5561 N_.
1063 5484 1423 5561 Testamenti
1436 5500 1490 5541 a.
1506 5485 1564 5542 d.
1578 5500 1639 5561 _e.
1657 5489 1742 5543 10.

106 5554 191 5619 Rx
222 5561 319 5619 eis
336 5559 532 5617 etiam
557 5556 674 5614 hoc
700 5554 834 5613 loco
855 5555 1104 5630 repetita
1115 5561 1203 5616 est
1225 5556 1635 5629 interpretatio
1645 5572 1747 5615 vo-

176 5742 258 5815 (e)
297 5736 562 5801 Technz
595 5736 770 5794 Forte
799 5749 942 5810 ergo
978 5735 1123 5809 legit
1158 5739 1367 5810 τέχνης.

1851 5197 2050 5256 caduli
2090 5196 2555 5270 ἀποστοματίζειν.

1948 5273 2004 5339 6)
2045 5274 2167 5335 Καὶ,
2195 5268 2365 5326 abest
2387 5269 2457 5326 Α.

1948 5273 2004 5339 6)
2045 5274 2167 5335 Καὶ,
2195 5271 2365 5326 abest
2387 5271 2457 5326 A.

1924 5271 2000 5415 £7)
2038 5344 2163 5397 Haec
2195 5346 2441 5415 uterque
2479 5338 2538 5394 in
2577 5336 2849 5409 margine
2896 5336 3152 5395 exhibet.
3186 5335 3508 5393 Hentenius

1852 5414 1986 5470 non
2005 5414 2293 5482 agnoscit.

1924 5486 2001 5559 (8)
2031 5481 2491 5548 Ἀποκτενούντων,
2517 5481 2585 5537 Α.
