3994 6218
523 258 629 321 983

1849 263 2197 321 EUTHYMII
2238 264 2573 322 ZlGABENl
3720 274 3792 330 981

597 388 760 445 Vers.
816 392 870 447 6.
899 389 1112 447 Nonne
1160 389 1321 446 Vers.
1372 395 1427 445 7.
1459 391 1654 459 pluris
1694 392 1852 448 estis.
1908 390 2187 445 Similiter

2372 392 2516 463 Οὐχὶ
2556 425 2623 433 —-
2672 390 2959 467 διαφέρετε.
2991 394 3215 464 Ὁμοίως
3258 390 3364 446 εἶπε
3405 399 3489 446 καί
3526 404 3663 447 ταῦτα
3694 398 3797 451 ἐντῶ

526 482 583 533 et
642 477 769 534 haec
822 477 975 533 dixit
1025 479 1237 534 eodem
1293 480 1507 551 capite.
1570 485 1842 535 Attamen
1897 479 1978 536 ibi
2036 479 2188 534 duos

525 567 780 639 parvulo
806 583 941 621 asse
960 567 1083 622 sive
1105 568 1353 633 assario,
1375 569 1598 625 vmnire
1624 569 1767 625 dixit
1783 572 1850 633 ⁸⁸,
1874 569 1967 624 hic
1986 575 2187 624 autem

526 655 793 728 quinque
825 670 1089 725 passeres
1112 658 1313 728 parvis
1346 657 1585 712 assibus
1607 659 1867 714 duobus.
1904 661 1969 713 Et
1995 658 2191 712 verisi-

529 744 666 798 mile
696 750 783 799 est
815 750 953 800 tunc
984 745 1150 800 aliter
1180 748 1471 813 veeniisse,
1513 764 1668 804 nunc
1703 765 1841 803 vero
1872 748 2059 813 aliter,
2091 749 2194 802 Le-

528 848 601 903 ge
649 848 791 905 ergo
844 838 901 890 et
946 850 1101 900 eam,
1136 852 1272 907 qua:
1332 836 1413 892 ibi
1474 838 1665 908 posita
1732 843 1817 893 est
1869 836 2193 893 enarratio-

526 936 689 978 nem.

599 1012 770 1068 Vers.
799 1012 852 1077 8,
894 1012 1027 1069 Dico
1053 1044 1121 1054 —
1156 1014 1313 1069 Vers.
1348 1018 1398 1070 9.
1437 1016 1542 1071 Dei
1589 1016 1710 1071 Pari
1761 1017 1937 1071 modo
1985 1021 2040 1071 et
2066 1015 2193 1071 haec

528 1106 962 1173 consequenter
978 1103 1349 1160 dixiteodem
1372 1108 1558 1176 capite
1588 1107 1723 1161 :sed
1757 1107 1838 1161 ibi
1869 1106 2054 1161 dixit:
2087 1106 2192 1161 Co-

525 1208 652 1246 ram
678 1194 854 1247 Patre
878 1208 1015 1248 meo.
1044 1196 1241 1264 quiest
1269 1195 1329 1249 in
1348 1196 1497 1249 caelis
1528 1198 1595 1259 9°,
1637 1195 1731 1250 hic
1759 1202 1957 1250 autem
1983 1196 2191 1250 Coram

530 1282 755 1350 angelis
784 1282 912 1337 Dei.
943 1284 1041 1337 Est
1066 1290 1263 1337 autem
1296 1282 1665 1337 indifferens.
1696 1287 1842 1339 Nam
1876 1282 2031 1338 Patri
2062 1284 2191 1353 ejus

530 1374 589 1425 et
622 1369 733 1440 ipsi
752 1377 1074 1442 sanctoque
1101 1371 1359 1443 Spiritui,
1395 1378 1662 1444 tempore
1692 1372 1892 1443 judicii
1914 1373 2194 1428 assistent

531 1458 711 1515 simul
736 1464 792 1515 et
816 1459 1032 1532 angeli.

602 1636 772 1694 Vero.
832 1638 915 1692 10.
976 1640 1049 1694 Et
1106 1641 1523 1711 quicunque—
1567 1640 1920 1697 remittetur.
1986 1642 2194 1706 Quaere

2299 486 2517 553 τοιούτῳ
2578 483 2856 555 κεφαλαίῳ,
2916 483 3046 541 πλὴν
3122 483 3227 536 ἐκεῖ
3302 488 3389 555 μὲν
3465 480 3550 535 δύο
3614 491 3799 561 στρουθία

2300 569 2560 644 ἀσσαρίου
2636 572 2925 624 πωλεῖσθαι
2995 577 3227 645 εἰρηκεν·
3296 573 3508 625 ἐνταῦθα
3579 571 3641 637 δε,
3702 580 3802 629 πέντε

2303 663 2555 733 στρουθία
2586 660 2855 735 ἀσσαρίων
2891 658 3007 713 δύο.
3039 668 3139 714 Καὶ
3170 662 3325 723 εἰκὸς,
3370 668 3477 714 τότε
3505 668 3602 733 μεν,
3643 664 3800 735 ἐτίρυς·

2298 758 2385 799 νῦν
2432 746 2507 819 δε⁷
2544 750 2729 824 ἐέτρως
2757 758 2926 803 ταῦτα
2954 750 3259 807 πωλεῖσθαι.
3293 752 3563 822 Ἀνςέγνωθι
3604 749 3674 804 οὖν
3704 752 3806 805 κάκεῖ

2301 844 2394 897 τήν
2426 838 2698 911 ἐξήγησιν.

2374 1022 2523 1088 Λέγω
2562 1050 2630 1058 -
2654 1026 2743 1070 τοῦ
2765 1024 2913 1071 Θεοῦ.
2965 1019 3236 1080 Ὠσοτᾶτως
3284 1025 3371 1071 καί
3418 1027 3572 1071 ταῦτα
3613 1021 3653 1071 ἐν
3689 1020 3810 1090 ἐκείνῳ

2300 1116 2369 1177 τῷ
2428 1108 2686 1179 κεφαλαίῳ
2742 1109 2964 1171 καθεξῆς
3022 1112 3241 1180 εἴρηκεν.
3295 1109 3427 1161 Ἀλλ’
3491 1108 3580 1161 ἐκεῖ
3621 1114 3693 1181 μὲν
3743 1112 3811 1177 (9),

2303 1200 2513 1248 ἐνώπιον
2570 1206 2662 1249 τοῦ
2722 1204 2923 1269 Πατρός
2978 1218 3077 1268 μου
3138 1207 3229 1249 τον
3299 1197 3345 1248 ἐν
3404 1198 3637 1270 οὐρανοῖς,
3682 1195 3809 1249 εἶπεν·

2304 1286 2523 1338 ἐνταῦθα
2550 1283 2627 1354 δε,
2671 1286 2881 1338 ἐνώπιόν
2915 1296 3014 1338 τῶν
3046 1286 3267 1357 ἀοῃελων
3317 1295 3407 1338 τοῦ
3451 1292 3584 1340 Θεοῦ.
3624 1284 3745 1339 Ἐστι
3776 1283 3816 1336 δι

2304 1372 2610 1447 ἀδιάφορον.
2651 1384 2733 1445 Τῷ
2778 1382 2945 1449 Πατρὶ
2986 1380 3087 1450 γὰρ
3136 1377 3312 1439 αὑτοῦ,
3360 1382 3448 1427 καί
3494 1376 3635 1444 αᾶτῴ,
3670 1382 3739 1425 και
3769 1384 3815 1441 τῷ

2303 1464 2435 1535 ἁγίῳ
2490 1469 2771 1537 Πνεύματι,
2828 1468 2876 1517 οἱ
2928 1466 3134 1536 ἄγγελοι
3208 1470 3545 1539 παρίστανται
3600 1468 3712 1515 κατὰ
3760 1468 3816 1514 τοι.

2302 1558 2482 1626 καιρὸν
2508 1562 2569 1613 τῆ
2582 1576 2602 1617 ς
2633 1560 2871 1628 κρίσεως.

529 1726 812 1783 vicesimo
845 1727 1107 1783 secundo
1138 1730 1330 1799 capite
1367 1729 1660 1799 Evangelii
1696 1729 2029 1784 secundum
2054 1735 2187 1785 Mat-

2307 1728 2531 1805 δευτέρῳ
2579 1731 2837 1803 κεφαλαίῳ
2903 1737 2995 1789 τὴν
3050 1733 3319 1805 ἑρμηνείαν
3373 1740 3499 1783 τοῦ·
3548 1736 3636 1783 Καὶ
3684 1732 3726 1790 ὃς
3765 1728 3821 1779 ξεν

531 1815 753 1873 thaaum
780 1817 1326 1888 interpretationem
1356 1818 1510 1873 illius
1536 1818 1677 1873 dicti
1702 1835 1711 1871 :
1745 1819 2087 1890 Quicunque
2110 1818 2195 1873 di-

528 1907 687 1963 xerit
706 1912 916 1962 contra
930 1906 1151 1962 Filium
1173 1908 1423 1963 hominis
1444 1907 1780 1964 remittetur
1792 1909 1846 1963 ei
1864 1910 1931 1972 9‘,
1951 1908 2102 1963 bene
2124 1924 2194 1964 ac

529 1994 695 2050 nullo
722 1995 1129 2066 praetermisso
1161 1996 1584 2051 continentem.

602 2084 766 2140 Vers.
800 2084 885 2139 11·
915 2085 1059 2140 Cum
1078 2092 1357 2142 autem—
1382 2085 1542 2140 Vers.
1582 2085 1664 2140 12.
1689 2092 1954 2152 Oporteat
1977 2086 2189 2142 dicere.

532 2172 661 2228 Haec
700 2173 877 2229 etiam
903 2174 1047 2229 dixit
1078 2190 1238 2229 nono
1270 2175 1460 2245 capite
1512 2174 1807 2244 Evangelii
1837 2176 2006 2245 juxta
2051 2175 2191 2231 Mat-

531 2260 791 2325 thmum;
840 2262 969 2318 etin
1012 2278 1082 2317 eo
1130 2262 1257 2333 lege
1302 2264 1443 2318 dicti
1487 2264 1641 2319 illius
1700 2267 2190 2321 enarrationem:

534 2350 680 2406 Cum
717 2355 912 2408 autem
967 2353 1328 2408 tradiderint
1373 2369 1495 2417 vos,
1553 2355 1737 2411 nolite
1779 2355 2028 2410 solliciti
2057 2369 2191 2421 esse,

532 2441 823 2512 quomodo
850 2447 953 2496 aut
981 2442 1127 2513 quid
1159 2443 1484 2513 loquamini
1505 2445 1552 2478 9:

602 2528 761 2584 CAP.
804 2530 961 2586 XLV.
990 2532 1075 2587 De
1098 2546 1162 2587 eo
1193 2533 1295 2603 qui
1320 2532 1549 2588 volebat
1595 2533 1860 2589 dividere
1888 2533 2194 2589 hzredita-

1310 2628 1444 2677 tem.

604 2709 772 2766 Vers-
802 2711 889 2766 13.
921 2711 1024 2765 Ait
1062 2740 1121 2750 —
1147 2710 1319 2766 Vers.
1358 2711 1440 2765 14.
1489 2726 1655 2781 super
1696 2726 1793 2767 vos
1824 2712 1851 2768 i‘
1897 2714 2195 2767 Mansuete

534 2798 726 2855 illum.
757 2804 1046 2871 tanquam
1076 2800 1151 2855 de
1183 2800 1444 2855 minimis
1470 2800 1650 2855 verba
1677 2801 2011 2865 facientem,
2049 2802 2191 2871 reje-

532 2888 629 2944 cit.
670 2889 816 2943 Cum
844 2888 1003 2943 enim
1031 2904 1243 2943 avarus
1274 2894 1445 2955 esset,
1500 2904 1571 2944 ac
1599 2890 1867 2960 pecuniae
1899 2890 2195 2945 desiderio

530 2976 811 3047 ﬂagraret
843 2977 1044 3049 :quod
1070 2978 1286 3033 animas
1311 2979 1721 3034 necessarium
1756 2984 1900 3043 erat,
1947 2980 2196 3051 ejusque

533 3066 701 3122 saluti
746 3065 904 3131 utile,
934 3071 1130 3138 petere
1161 3065 1362 3121 omisit
1391 3086 1401 3125 :
1435 3068 1741 3138 corporale
1778 3075 1977 3123 autem
2004 3068 2196 3139 requi-
2234 3102 2273 3158 Ο

532 3156 681 3220 sivit,
700 3158 991 3226 majorem
1004 3155 1233 3212 habens
1255 3172 1461 3212 curam
1477 3158 1741 3227 corporis
1755 3174 1939 3228 quam
1954 3158 2193 3222 animai,

530 3244 921 3317 Reprehendit
966 3261 1106 3315 ergo
1164 3246 1511 3315 petitionem
1565 3245 1717 3301 illius
1779 3247 2063 3314 Christus,
2114 3263 2196 3301 re-

533 3335 1037 3407 spondens,quod
1063 3350 1181 3390 non
1203 3336 1613 3406 pecuniarum,
1635 3336 2197 3407 autpossessionum

531 3423 772 3490 divisor,
820 3424 923 3480 sed
970 3424 1135 3494 regni
1168 3424 1435 3490 caelestis,
1475 3430 1760 3497 tanquam
1808 3425 2196 3493 hereditatis,

534 3512 709 3571 dator
738 3514 1092 3569 advenisset.

608 3603 766 3658 Vers.
783 3605 869 3657 15.
894 3603 971 3657 Et
994 3602 1075 3656 ait
1096 3632 1164 3641 —
1182 3603 1461 3658 avaritia.
1485 3602 1830 3673 Opportune
1847 3609 2091 3674 sumpta
2108 3620 2201 3659 oc-

537 3692 777 3747 casione
799 3690 962 3762 apud
990 3690 1317 3761 discipulos
1350 3696 1705 3760 protestatur
1732 3711 1743 3749 :
1767 3692 2083 3747 avaritiam
2102 3708 2201 3747 vo-

538 3794 702 3844 cans,
726 3777 857 3848 plus
879 3777 1121 3841 habere,
1156 3793 1336 3848 quam
1366 3778 1530 3849 quod
1556 3778 1831 3844 sufﬁciat,
1871 3784 1975 3834 aut
2001 3781 2074 3835 sit
2102 3796 2201 3836 ne-

536 3868 887 3925 cessarium.

607 3958 774 4014 Vers.
814 3957 895 4012 l5.
920 3956 1151 4023 Quia—
1179 3958 1325 4023 ejus.
1362 3960 1483 4013 Non
1523 3957 1661 4025 quia
1682 3958 1865 4013 homo
1897 3958 2198 4031 quispiam

538 4046 756 4103 divitiis
775 4045 1060 4111 abundat,
1094 4046 1211 4102 vita
1224 4047 1353 4117 ejus
1383 4046 1658 4103 abundat
1680 4063 1746 4103 ex
1766 4048 1863 4103 tali
1884 4048 2201 4105 abundan-

536 4137 620 4193 tia
632 4136 781 4207 ejus.
798 4135 1304 4208 Admonetitaque
1319 4137 1392 4191 ab
1407 4137 1656 4191 avaritia
1670 4136 2042 4206 fugiendum.
2059 4140 2202 4210 quia

537 4242 657 4285 non
680 4226 1010 4283 secundum
1042 4225 1196 4280 hanc
1223 4226 1451 4282 accedit
1484 4227 1616 4281 vitae
1649 4242 1950 4281 mensura.
1985 4228 2200 4282 Deinde

538 4317 717 4374 etiam
742 4315 1095 4386 parabolam
1122 4315 1790 4386 profertostendentem,
1825 4315 1989 4387 quod
2013 4318 2201 4371 avari-

538 4407 619 4463 tia
650 4404 1113 4461 sollicitudinem
1146 4404 1386 4475 quidem
1428 4404 1597 4459 att‘ert
1636 4419 1705 4458 ac
1748 4420 2072 4470 maerorem,
2120 4405 2203 4459 vi-

536 4499 663 4551 tam
678 4510 815 4550 vero
838 4494 1059 4550 addere
1075 4508 1197 4549 non
1216 4498 1426 4563 potest.
1450 4493 1650 4564 Itaque
1671 4509 1918 4548 avarum
1933 4508 2064 4549 esse
2080 4510 2200 4549 non

541 4584 735 4639 solum
764 4583 969 4639 inutile
1000 4589 1107 4649 est,
1136 4598 1338 4639 verum
1370 4582 1549 4637 etiam
1579 4581 1879 4637 nocivum.

616 4670 773 4727 CAP.
807 4672 936 4727 XLV
942 4672 984 4725 Ι.
1018 4674 1103 4728 De
1123 4673 1299 4729 divite
1328 4674 1496 4742 cujus
1524 4687 1664 4741 ager
1681 4673 1853 4741 ferax
1879 4672 2020 4741 fuit.

540 4759 703 4815 Vers.
741 4762 823 4813 16.
874 4758 1039 4816 Dixit
1092 4768 1290 4816 autem
1322 4792 1389 4801 —
1427 4762 1732 4830 prcedium.
1776 4767 1983 4835 Χώραν,

541 4846 833 4921 ρι’ωάίυω
866 4852 1058 4919 vocat,
1096 4855 1326 4914 terram,
1377 4851 1498 4906 sive
1540 4866 1775 4919 agrum.
2090 4922 2099 4931 ἑ

613 4939 775 4993 Vere.
814 4938 897 4991 t7.
942 4937 1020 4993 Et
1059 4969 1124 4979 --
1165 4954 1310 4996 meos
1338 4939 1534 4997 ?Cum
1575 4956 1783 4997 omnes
1833 4939 2055 4996 fructus
2088 4957 2203 5012 prie

612 5116 658 5154 ⁸⁹
689 5114 886 5175 Matth.
918 5131 978 5186 x,
1010 5118 1099 5173 29.
1130 5118 1178 5155 9°
1246 5117 1455 5177 Matth.
1490 5135 1546 5187 x,
1580 5120 1668 5189 32.
1735 5121 1777 5157 οι
1816 5120 2015 5177 Matth.
2048 5136 2150 5186 xu,
2184 5121 2271 5178 32.

2380 1648 2479 1695 Καὶ
2534 1650 2630 1703 πᾶς
2678 1674 2747 1683 -—
2794 1644 3130 1715 ἀφεθήσεται.
3174 1648 3407 1700 Ζήτησον
3458 1641 3502 1693 ἐν
3554 1649 3617 1710 τῷ
3661 1641 3819 1707 εἰκοστῷ

2307 1826 2422 1893 εἴπῃ
2526 1821 2676 1892 λόγον
2773 1825 2910 1872 κατὰ
3009 1830 3098 1873 τοῦ
3196 1824 3318 1873 Υίον
3418 1829 3503 1872 του
3595 1819 3822 1889 ἀνθρώπου,

2305 1910 2617 1981 ἀφεθήσεται
2731 1910 2909 1980 αὐτῷ·
3013 1910 3178 1970 καλῶς
3278 1928 3331 1962 τε
3439 1915 3524 1961 καὶ
3616 1907 3825 1963 bellum;

2304 2002 2558 2071 ἔχουσαν.

2372 2088 2531 2140 Ὀταν
2595 2085 2654 2140 δε
2729 2119 2794 2127 —
2864 2084 2946 2140 δεῖ
3019 2087 3195 2139 εἰπεῖν.
3262 2084 3386 2140 Eine
3458 2096 3612 2138 ταυτα
3672 2090 3743 2135 καὶ
3795 2086 3826 2132 'n

2304 2187 2374 2247 τῷ
2431 2174 2866 2247 ἐννεακαιδεκάτῳ
2931 2177 3188 2248 κεφαλαίῳ
3266 2186 3356 2228 τοῦ
3429 2181 3554 2228 κατά
3604 2175 3825 2227 Ματθιὶον,

2304 2273 2392 2319 καὶ
2433 2266 2689 2337 ἀνάγνωθι
2738 2266 2785 2318 έν
2839 2269 3011 2337 ἐκείνῳ
3058 2274 3151 2324 τὴν
3200 2266 3445 2337 ἐξήγησιν
3483 2273 3586 2317 του.
3624 2264 3755 2315 Ὀταν
3789 2257 3828 2310 δε

2308 2353 2677 2431 παραδιδῶσιν
2744 2358 2898 2428 ὑμᾶς,
2974 2360 3043 2427 μη
3118 2364 3490 2429 μεριμνήσητε,
3558 2362 3653 2412 πῶς
3714 2354 3735 2408 ἡ
3795 2354 3829 2398 τί

2304 2446 2432 2504 λαλη
2444 2464 2578 2499 σετε.

2308 2542 2455 2591 ΚΕΦ.
2536 2534 2665 2588 ME'.
2764 2539 2887 2605 Περὶ
2978 2553 3068 2585 του
3176 2534 3484 2593 θελήσαντος
3578 2528 3826 2603 μερίσασθαι

2943 2628 3035 2681 τὴν
3059 2622 3263 2675 ουσίαν.

2378 2711 2499 2765 Εἶπε
2531 2744 2598 2752 —
2642 2710 2715 2784 ἐφ’
2748 2714 2916 2783 ὑμᾶς
2957 2715 3139 2787 Πράως
3188 2713 3367 2777 αὐτόν,
3421 2715 3489 2771 ὠς
3540 2707 3833 2781 σμικρολόγςν,

2307 2800 2666 2874 ἀπεπέμψατο.
2733 2802 3196 2875 Ἐρασιχρηματος
3249 2804 3351 2873 γὰρ
3406 2802 3517 2871 (10)
3568 2804 3626 2848 ὢν
3667 2802 3739 2846 καὶ
3777 2812 3834 2861 τι·

2304 2890 2599 2963 λοκτήμων,
2651 2889 2813 2963 ἀφῆκε
2870 2896 2959 2961 μεν
3004 2892 3163 2942 αἰτεῖν
3212 2890 3493 2961 ἀναγκαῖόν
3536 2908 3582 2940 τι
3631 2894 3681 2958 τῇ

2306 2986 2396 3032 καὶ
2424 2986 2695 3053 χρήσιμον
2732 2980 2800 3040 εἰς
2847 2986 3108 3051 σωτηρίαν
3141 2980 3323 3045 αὐτῆς,
3373 2980 3592 3043 ἐζήτησε
3631 2973 3681 3027 δε
3708 2990 3835 3041 σωμα-

2307 3074 2468 3135 τικόν,
2502 3070 2710 3122 πλείονα
2753 3066 3005 3142 φροντίδα
3054 3078 3143 3121 τοῦ
3191 3076 3433 3141 σώματος
3482 3070 3614 3141 παρά
3660 3068 3737 3119 τὴν
3771 3062 3841 3129 ἦν·

2309 3164 2415 3230 χὴν
2456 3162 2777 3229 ποιούμενος.
2809 3158 3089 3229 Εμέμψατο
3138 3156 3224 3209 οὖν
3275 3163 3369 3216 τὴν
3424 3162 3626 3213 αἰτησιν
3669 3152 3789 3202 irim
3826 3166 3841 3195 θ

2310 3252 2556 3317 Χριστὸς,
2638 3246 2936 3320 ἀποκριθεὶς
3005 3244 3063 3299 δὲ
3131 3248 3265 3317 (ll),
3326 3248 3409 3297 ὅτι
3470 3246 3543 3297 Οὐ
3613 3242 3841 3317 χρημάτων

2308 3342 2577 3408 μεριστῆς,
2665 3335 2792 3387 ἀλλά
2877 3335 3153 3407 βασιλείας
3241 3336 3487 3408 οὗροινίου
3581 3326 3842 3403 κλοροδοτιτς

2310 3425 2551 3484 ἐλήλυθα.

2384 3603 2503 3658 Εἷπε
2568 3635 2635 3644 —
2693 3602 2999 3666 πλεονεξιας.
3072 3603 3327 3674 Εὖκαιρου
3408 3600 3675 3673 λαϐόμενος
3734 3593 3845 3664 ἀνθῇ·

2310 3703 2433 3766 μῦς,
2486 3691 2900 3766 διαμαρτύρεται
2950 3696 3080 3765 πρὸς
3136 3696 3255 3753 τοὺς
3312 3694 3571 3763 μαθητὰς,
3620 3683 3846 3743 mon-5m

2309 3784 2464 3855 λέγων
2540 3788 2619 3848 τὸ,
2687 3783 2832 3835 πλέον
2901 3786 3040 3853 ἔχειν
3108 3790 3199 3834 τοῦ
3266 3780 3562 3855 ἀρκοῦντος,
3637 3782 3731 3834 ἦτοι
3782 3775 3845 3820 τοὺ

2312 3872 2595 3943 ἀναγκαίου
2606 3912 2617 3923 .

2378 3960 2499 4013 Ὀτι
2564 3992 2630 4003 --
2699 3960 2876 4013 αὐτοῦ.
2964 3960 3073 4012 Οὐκ
3139 3958 3189 4010 ἔν
3251 3978 3321 4029 τῳ
3404 3958 3709 4033 περισσεύειν
3774 3968 3845 3999 τινι

2313 4050 2562 4125 ἀνθρώπῳ
2597 4049 2814 4101 πλοῦτον
2842 4052 2870 4107 η
2921 4049 3027 4109 ζωὴ
3070 4048 3209 4117 αὑτῲ
3252 4049 3369 4117 (12)
3406 4052 3679 4120 παραμένει
3719 4040 3760 4091 ἐκ
3784 4044 3846 4091 τὶς

2310 4143 2556 4200 τοιαύτης
2610 4144 2909 4210 περιουσίας
2960 4138 3135 4190 αὐτοῦ.
3194 4144 3443 4196 Ιιαοαινεῑ
3491 4142 3649 4189 τοίνυν
3700 4134 3846 4200 par/i0

2310 4234 2402 4286 τὴν
2449 4228 2756 4290 πλεονεξίαν,
2802 4224 2939 4279 διότι
2971 4227 3062 4278 οὐκ
3108 4225 3160 4277 ἐκ
3210 4230 3410 4287 ταύτης
3456 4224 3761 4297 προστίθεται
3792 4220 3849 4284 μέ·

2310 4337 2428 4391 τρον
2472 4318 2625 4377 ζωῆς.
2664 4315 2787 4369 Εἶτα
2844 4315 3067 4390 ἐπιφέρει
3119 4321 3206 4367 καὶ
3264 4314 3589 4387 παραϐολήν,
3637 4311 3851 4381 ἐμφαινόν-

2314 4426 2429 4473 σαν,
2476 4408 2555 4458 ὅτι
2585 4408 2613 4463 η
2650 4406 2911 4467 πλεονεξία
2941 4410 3191 4477 μερίμνας
3242 4409 3333 4475 μὲν
3380 4411 3471 4456 καὶ
3519 4403 3669 4459 λύπας
3712 4392 3848 4468 προξε-

2309 4504 2418 4548 νεῖ·
2456 4496 2593 4554 ζωὴν
2646 4491 2703 4547 δὲ
2752 4496 3053 4567 προσθεῖναι
3100 4494 3158 4545 οὗ
3209 4490 3455 4555 δύναται,
3499 4500 3583 4543 και
3630 4490 3774 4541 λοιπον
3812 4488 3849 4529 7’?

2310 4584 2645 4649 πλεονεκτεῖν,
2707 4584 2764 4636 οὗ
2814 4590 2965 4655 μόνον
3007 4584 3267 4647 ἀνόνητον,
3315 4582 3449 4633 ἀλλὰ
3502 4588 3587 4633 καὶ
3635 4573 3848 4650 βλαϐερανι

2313 4679 2459 4727 ΚΕΦ.
2516 4682 2607 4738 Μς·
2632 4714 2642 4726 .

2386 4762 2509 4816 Eine
2533 4760 2591 4816 δὲ
2618 4794 2683 4803 --
2715 4769 2882 4835 χώρα.
2924 4769 3129 4837 Χώραν,
3159 4764 3222 4812 τά
3247 4756 3421 4832 γήδια
3448 4761 3599 4831 λέγει.

2705 4680 2828 4746 Περὶ
2886 4673 2943 4725 οὗ
3003 4672 3281 4746 εὐφόρησεν
3340 4675 3370 4729 ἡ
3435 4677 3589 4743 χώρα
3636 4667 3849 4718 πλουσίου.

2392 4946 2491 4995 Καὶ
2544 4974 2613 4982 -
2667 4958 2803 5015 μου;
2863 4940 3165 5014 Βουλόμενος
3216 4958 3307 5012 μεν
3364 4958 3565 5000 παντας
3620 4938 3723 4993 τοὺς
3764 4944 3852 4993 κιρο

2352 5124 2398 5158 ⁹²
2431 5121 2629 5179 Matth.
2664 5138 2722 5190 Χ,
2762 5121 2844 5177 19.

1748 5271 1971 5340 Variae
2011 5273 2323 5341 lectionis
2376 5284 2441 5341 et
2494 5285 2692 5341 notae.

638 5414 692 5487 9)
725 5414 976 5490 Uterque
1009 5412 1070 5490 i_n_
1122 5418 1284 5490 textu
1339 5414 1590 5471 Matthaai
1628 5421 1819 5473 servat
1878 5418 2191 5490 ἔμπροσθεν.

642 5486 727 5555 10)
762 5487 865 5558 Γάρ
908 5486 1099 5558 omitit
1138 5486 1201 5541 B.

642 5558 726 5629 11)
745 5562 807 5611 Δί
835 5557 1146 5614 redundat.

616 5630 733 5706 (l2)
758 5632 843 5688 Ita
872 5630 933 5687 in
965 5634 1128 5689 textu
1151 5630 1377 5689 habent
1407 5630 1584 5687 etiam
1614 5644 1721 5704 pro
1764 5633 1942 5687 αὐτοῦ.
1978 5634 2202 5707 Oppor-

2314 5423 2453 5473 tune
2494 5416 2913 5489 Theophylact.
2961 5432 3017 5488 p.
3063 5422 3161 5489 347
3208 5420 3267 5483 C,
3303 5416 3477 5472 addit
3509 5435 3521 5470 :
3553 5420 3599 5467 οί
3643 5416 3721 5483 γὰρ
3748 5403 3839 5489 {93'

2312 5490 2527 5542 πλουτοι
2577 5476 2845 5561 δοκοῦσιν,
3024 5488 3286 5562 φιλόζωοί,
3349 5492 3607 5562 περιέπειν
3637 5488 3705 5536 τόν
3734 5476 3838 5527 πλον·

2312 5580 2417 5615 τον.

3910 466 3927 1283 ῳ
