3994 6218
147 267 256 323 985
1278 267 1624 324 COMMENT
1663 266 1732 323 ΙΝ

1871 270 2040 324 CAM.
2082 300 2150 311 —
2186 269 2344 324 CAP.
2387 269 2505 323 ΧΠ.
3413 275 3518 332 986

151 405 283 463 πούς
308 403 472 475 ἔχειν,
522 398 615 455 διὰ
668 401 976 465 πλεονεξίαν,
1016 406 1084 474 μὴ
1128 397 1413 474 δυνάμενος
1449 397 1528 465 δε,
1576 397 1668 454 διὰ
1693 401 1743 452 τέ

1862 395 2112 451 avaritia
2127 395 2347 450 habere
2365 394 2554 459 vellet,
2585 394 2689 450 sed
2713 410 2834 467 prae
2856 396 3232 455 multitudine
3245 416 3364 456 non
3386 417 3521 474 pos-

148 492 348 554 πλῆθος
409 492 598 558 αὐτῶν,
661 491 986 564 ἐξαπορείται
1039 497 1125 543 καὶ
1184 499 1607 564 στενοχωρείται,
1685 492 1743 550 ὡς

1863 489 1966 547 set,
1996 483 2179 538 haeret
2208 489 2264 538 et
2287 484 2543 553 angitur,
2579 489 2866 556 tanquam
2899 486 3233 545 admodum
3262 506 3515 563 pauper,

147 583 286 652 ἄγαν
313 585 488 647 πένης,
524 583 548 632 ό
580 583 710 652 οῐγαν
760 581 1026 642 πλούσιος.
1087 577 1214 634 Οἵδε
1257 584 1357 653 γὰρ
1390 588 1743 652 στενοχωρεῐν,

1862 572 1966 642 qui
1996 571 2250 628 nimium
2282 577 2409 628 erat
2432 572 2717 644 locuples.
2743 573 3054 644 Cognoscit
3075 578 3230 633 enim
3257 581 3416 651 quod
3444 583 3521 653 (Γ)

148 670 314 742 οὖχὴ
345 676 496 723 πενία
541 676 716 742 μόνον,
776 669 905 722 ἀλλὰ
952 675 1040 723 καὶ
1098 673 1122 722 ό
1175 669 1392 731 πλοὺτος
1435 690 1446 702 ·
1483 672 1510 726 ἡ
1565 673 1654 741 μὲν

1863 677 1985 716 non
2003 661 2187 716 nimia
2209 667 2442 717 tantum
2467 662 2720 733 penuria,
2747 663 2845 718 sed
2876 664 3075 720 nimiae
3103 683 3346 739 quoque
3377 669 3522 725 divi-

149 758 346 832 ἀπορίᾳ
393 767 493 812 τῶν
547 759 864 832 ἀναγκαίων,
898 762 924 812 ό
977 757 1035 813 δε
1063 769 1135 832 τῷ
1190 765 1330 834 πόρῳ
1352 768 1450 812 τῶν
1482 769 1743 832 περιττῶν,

1864 751 1959 805 tiae
1989 766 2209 820 angere
2247 751 2436 806 solent
2466 769 2477 806 :
2513 751 2590 806 ibi
2622 752 2866 823 quidem
2898 753 2977 808 ob
3016 771 3212 811 rerum
3247 773 3520 815 necessa-

147 852 275 902 ὅταν
304 854 375 921 μὴ
406 849 556 921 λόγον
581 852 752 922 ἔχωσι
779 848 1111 924 κυϐερνήτην.

1862 841 2082 898 riarum
2121 841 2435 912 penuriam
2471 857 2484 907 ;
2518 841 2612 896 hic
2643 848 2839 896 autem
2870 842 2950 897 ob
2983 844 3290 902 facultates
3319 864 3521 920 super-

1862 931 2036 996 ﬂuas,
2076 929 2178 984 ubi
2203 930 2498 985 rationem
2523 945 2645 985 non
2671 929 3010 1001 habuerint,
3039 950 3165 1004 quae
3213 938 3516 1006 gubernet.

223 1033 328 1081 Καὶ
363 1026 520 1100 βλέπε
574 1047 666 1100 μοι
699 1026 916 1100 βαθεῖαν
959 1030 1155 1082 ἄνοιαν.
1211 1031 1326 1081 Δέον
1382 1031 1483 1100 γὰρ
1532 1035 1743 1080 κενῶσαι

1931 1020 2259 1076 Considera
2299 1018 2478 1075 etiam
2509 1018 2654 1074 mihi
2686 1020 3042 1092 profundam
3096 1024 3516 1095 insipientiam.

149 1122 278 1179 τούς
378 1117 630 1179 παλαιούς
719 1121 948 1192 καρπούς
1036 1117 1102 1178 εἰς
1188 1121 1443 1190 γαστέρας
1502 1122 1743 1181 πενήτων¹

1862 1109 2008 1166 Cum
2053 1109 2209 1166 enim
2244 1113 2470 1164 veteres
2514 1108 2732 1164 fructus
2777 1126 3065 1167 evacuare
3109 1120 3407 1184 oporteret
3461 1116 3518 1171 in

149 1208 178 1264 ἡ
251 1211 343 1258 καὶ
410 1215 509 1258 τῶν
554 1212 737 1259 νεωστὶ
815 1211 1210 1281 γεωργουμένων
1286 1205 1576 1280 ἀπόμοιραν
1644 1214 1743 1268 τοῖς

1862 1205 2093 1256 ventres
2132 1214 2472 1271 pauperum
2516 1203 2661 1254 :aut
2694 1200 2874 1255 etiam
2924 1201 2997 1256 de
3030 1201 3141 1266 his,
3175 1203 3276 1274 qui
3328 1219 3522 1276 nuper

152 1303 394 1368 πτωχοῖς
425 1292 797 1368 δωρήσασθαι,
829 1301 915 1347 καὶ
964 1297 1097 1349 ούτω
1142 1305 1365 1355 ποιῆσαι
1421 1301 1509 1366 μὲν
1557 1300 1646 1348 καὶ
1676 1296 1743 1347 εύ-

1862 1289 1998 1346 culti
2024 1293 2187 1345 erant
2227 1293 2459 1360 partem
2498 1303 2774 1358 errogare
2805 1291 3192 1362 pauperibus,
3233 1297 3288 1347 et
3317 1294 3399 1350 ita
3442 1292 3521 1349 lo-

149 1391 450 1459 ρυχωρίαν,
484 1385 877 1456 εύχαριστῆσαι
929 1381 985 1437 δι
1029 1390 1117 1437 καὶ
1161 1393 1232 1455 τῷ
1275 1383 1630 1458 δωρησαμένῳ
1661 1390 1743 1442 τὴν

1862 1397 1997 1436 cum
2042 1379 2230 1435 facere
2261 1379 2439 1434 etiam
2473 1379 2715 1435 abunde
2751 1384 3078 1451 patentem,
3113 1397 3183 1437 ac
3226 1383 3344 1438 Deo
3384 1399 3521 1454 gra-

146 1475 395 1548 εύφορίαν
422 1483 556 1544 Θεῷ,
590 1493 648 1526 το
663 1483 744 1526 ira
776 1479 866 1546 μεν
907 1474 1000 1526 ούκ
1027 1473 1281 1537 ἐνενύησε,
1333 1476 1627 1534 σκοτωθεὶς
1653 1477 1743 1526 ύπέ

1862 1471 1973 1526 tias
2003 1485 2179 1541 agere
2221 1470 2300 1524 ob
2343 1467 2697 1524 fertilitatem
2733 1469 2885 1525 :hoc
2927 1469 3020 1525 ille
3046 1487 3168 1526 non
3221 1473 3515 1541 cogitavit,

143 1572 238 1623 τῆς
272 1563 563 1626 πλεονεξίας
597 1583 609 1596 ·
653 1566 820 1637 ἕτερον
871 1561 930 1616 δε
986 1569 1174 1638 τρόπον
1219 1566 1512 1636 ἔνθυμείται
1562 1567 1743 1624 ταύτης

1862 1559 2110 1616 avaritia
2139 1557 2584 1623 obtenebratus,
2627 1557 2730 1614 sed
2758 1558 2944 1615 alium
2981 1559 3182 1618 locum
3217 1567 3517 1619 exstruere

141 1651 364 1714 ἐπάξιον
373 1692 385 1704 .

1865 1649 2175 1706 meditatur
2199 1647 2654 1704 convenientem
2687 1665 2747 1718 g.

219 1746 326 1794 Καὶ
350 1739 460 1794 εἶπε
489 1773 554 1782 —
587 1740 758 1814 ἀγαθά
796 1762 897 1814 μου
923 1743 1056 1814 (13).
1082 1742 1304 1815 ’Ἄφρονι
1334 1744 1448 1814 (id)
1477 1743 1743 1815 συμϐούλῳ

1933 1740 2095 1794 Vers.
2124 1739 2211 1794 18.
2238 1739 2316 1793 Et
2341 1738 2496 1795 dixit
2520 1769 2590 1778 —
2621 1737 2772 1794 bona
2792 1753 2941 1796 mea.
2975 1740 3339 1812 Imprudenti
3376 1758 3518 1798 usus

137 1831 319 1901 ἐαυτῷ
341 1834 677 1905 χρησάμενος
704 1832 973 1903 ἐσχέψατο
1000 1834 1168 1884 πάντα
1196 1829 1556 1896 ὐποδέξασθαι
1581 1839 1743 1904 μόνος1

1862 1827 2130 1890 consilio,
2147 1827 2543 1882 consideravit
2558 1843 2682 1899 quo
2695 1831 2869 1899 pacto
2893 1828 3054 1883 solus
3068 1831 3274 1884 omnia
3291 1832 3521 1902 recipe-

135 1923 227 1972 ἵνα
273 1924 473 1982 πάντας
535 1920 868 1994 ἀποστερήσῃ
931 1930 1025 1984 τῆς
1080 1920 1166 1972 ἀπ’
1249 1922 1417 1973 αὐτῶν
1493 1923 1743 1994 ὠφελείας,

1862 1921 1946 1972 ret
1981 1921 2047 1971 ut
2076 1931 2288 1971 omnes
2316 1915 2586 1980 utilitate,
2612 1932 2748 1988 qua;
2781 1922 2986 1987 posset
3013 1933 3046 1972 a
3072 1918 3358 1974 fructibus
3385 1933 3520 1990 pro-

135 2010 196 2062 ού
235 2018 494 2084 συνορῶν,
531 2012 610 2062 ὅτι
641 2010 698 2062 ού
734 2008 804 2062 δι’
837 2010 991 2062 αύτόν
1021 2017 1194 2083 μόνον,
1229 2011 1354 2063 ἀλλὰ
1389 2017 1478 2063 καὶ
1511 2009 1604 2064 διὰ
1633 2016 1743 2073 τοὺς

1862 2008 2080 2073 venire,
2113 2005 2457 2063 fraudaret:
2493 2021 2616 2062 non
2641 2007 3020 2077 perspiciens,
3053 2008 3212 2078 quod
3256 2024 3377 2064 non
3406 2009 3516 2080 ipsi

135 2096 342 2160 ἐνδεεῖς
374 2100 406 2156 ἡ
439 2105 596 2173 χώρα
636 2100 796 2151 αὐτοῦ
827 2100 1100 2174 εύφόρησε,
1137 2106 1226 2153 καὶ
1258 2101 1361 2172 οὐχ
1395 2103 1474 2152 ἱνα
1505 2097 1743 2173 κερδαίνῃ

1864 2096 1991 2161 soli,
2013 2111 2210 2150 verum
2224 2096 2404 2150 etiam
2426 2094 2830 2165 indigentibus
2843 2110 2985 2165 ager
3011 2113 3158 2151 suus
3172 2097 3386 2152 uberes
3400 2097 3522 2154 fru-

135 2193 268 2249 τοὺς
302 2192 557 2260 καρπούς,
589 2187 695 2239 ἀλλ’
729 2191 810 2240 ἱνα
862 2189 1105 2261 οἰκονομῇ
1149 2193 1364 2249 τούτους
1412 2195 1500 2242 καὶ
1531 2188 1743 2263 διανέμῃ

1863 2191 1990 2242 ctus
2017 2184 2296 2240 attulerat
2327 2201 2339 2238 :
2375 2200 2563 2255 neque
2591 2184 2886 2240 utfructus
2905 2185 3294 2253 lucrifaceret,
3319 2187 3424 2242 sed
3457 2192 3523 2243 ut

133 2283 371 2336 καὶτοῖς
428 2281 659 2334 πένησιν.
699 2277 755 2330 Εἰ
798 2281 896 2349 γὰρ
947 2275 1020 2330 δι’
1070 2279 1224 2330 αὐτόν
1276 2285 1426 2348 μόνον
1478 2279 1743 2351 εύφόρησε,

1862 2275 2023 2347 ipsos
2049 2274 2440 2346 dispensaret,
2470 2289 2539 2329 ac
2563 2274 2926 2345 pauperibus
2953 2274 3261 2330 divideret.
3288 2275 3517 2332 Sienim

131 2373 280 2438 μόνα
313 2365 375 2416 ἂν
415 2368 569 2437 ἔφυσε
609 2367 674 2417 τὰ
703 2365 962 2439 ἀρκοῦντα
988 2370 1174 2438 τούτῳ.

1862 2365 1968 2436 ipsi
2023 2364 2130 2419 soli
2173 2363 2380 2418 fertilis
2422 2363 2645 2428 fuisset,
2684 2369 2838 2419 certe
2893 2378 2966 2419 ea
3014 2370 3242 2420 tantum
3300 2366 3519 2438 produ-

212 2460 324 2508 Καὶ
374 2453 471 2526 ἐρῶ
498 2485 562 2494 —
596 2454 884 2528 εὐφραίνου.
925 2455 994 2508 '1).
1024 2455 1256 2522 πλούσιε,
1302 2459 1440 2527 ἔχεις
1473 2460 1560 2528 μεν
1592 2457 1743 2510 πολλὰ

1862 2456 2065 2518 xisset,
2097 2469 2233 2526 qum
2265 2453 2344 2508 illi
2368 2452 2514 2508 satis
2546 2451 2813 2510 fuissent.

131 2544 340 2615 ἀγαθὰ,
409 2545 562 2596 πόθεν
611 2541 670 2596 δε
721 2551 1012 2615 γινώσκεις,
1063 2547 1144 2597 ὅτι
1197 2545 1495 2598 ἀπόκεινται
1545 2547 1615 2608 εἰς
1663 2550 1743 2604 ἔτη

1934 2546 2093 2599 Vers.
2128 2549 2209 2600 19.
2232 2544 2313 2599 Et
2333 2543 2530 2598 dicam
2552 2573 2618 2582 —
2639 2542 2852 2612 gaude.
2886 2543 2930 2599 Ο
2960 2541 3154 2610 dives,
3182 2543 3374 2600 habes
3393 2544 3520 2617 qui-

128 2633 308 2686 πο).λά
341 2650 356 2699 ;
396 2633 548 2685 αύτοί
600 2651 653 2685 τε
701 2636 797 2707 γὰρ
830 2636 878 2685 οἱ
909 2639 1122 2706 καρποὶ,
1156 2640 1244 2686 καὶ
1282 2640 1348 2687 σύ
1377 2639 1505 2707 μετὰ
1536 2640 1743 2702 τούτων,

1863 2634 1990 2688 dem
2019 2631 2208 2688 multa
2225 2632 2412 2687 bona:
2440 2630 2594 2686 unde
2612 2633 2815 2688 autem
2838 2633 3010 2695 nosti,
3052 2632 3218 2704 quod
3254 2633 3520 2704 reposita

125 2725 427 2795 εὔφθαρτοί
453 2721 569 2774 ἕστε
596 2727 685 2774 καὶ
710 2727 1046 2797 πρόσκαιροι.
1097 2728 1183 2776 Διό
1214 2729 1303 2776 καὶ
1345 2726 1548 2787 εἰκότως
1579 2727 1743 2800 ἁφρων

1863 2723 1979 2778 sint
2018 2723 2077 2777 in
2095 2736 2286 2777 annos
2312 2719 2578 2776 multos?
2598 2720 2706 2792 ipsi
2736 2719 3153 2786 enimfructus,
3183 2726 3364 2792 tuque
3379 2737 3516 2777 cum

123 2813 252 2869 ἐχλὴ
263 2813 331 2869 θη
344 2831 386 2872 ς.
1861 2812 2024 2883 ipsis,
2045 2810 2458 2882 corruptibiles
2475 2808 2616 2865 estis
2629 2825 2700 2865 ac
2728 2809 3104 2882 temporales,
3125 2809 3381 2882 ideoque
3398 2825 3514 2866 me-

197 2899 334 2955 Εἷπε
393 2931 463 2939 -
525 2898 624 2952 ἀπὸ
682 2909 797 2954 σου.
854 2898 1004 2954 Εἶπεν
1071 2903 1212 2973 αύτῷ
1267 2912 1456 2972 ταῦτα,
1507 2901 1600 2956 διὰ
1657 2913 1743 2957 τοῦ

1862 2900 1970 2956 rito
2019 2900 2234 2956 stultus
2262 2905 2506 2954 vocatus
2544 2914 2626 2954 es.

120 2988 466 3051 συνειδότος.
515 2996 641 3042 Τότε
702 2993 800 3066 γὰρ
859 2996 916 3043 τό
974 2989 1233 3060 συνειδὸς,
1283 2994 1588 3066 αἰσθόμενον
1656 3004 1743 3046 τού

1931 2990 2096 3045 Vers.
2136 2989 2218 3044 l6.
2247 2989 2334 3043 Ait
2357 3020 2424 3027 —
2452 3004 2485 3043 a
2517 2994 2589 3043 te.
2624 2988 2767 3045 Haec
2795 2987 2851 3043 ei
2894 2987 3034 3042 dixit
3081 3003 3180 3059 per
3210 2988 3516 3044 conscien-

118 3083 387 3144 θανάτου,
438 3087 658 3131 τοιαῦτα
711 3077 1022 3151 διαλέγεται.
1086 3088 1183 3134 Καὶ
1241 3086 1352 3154 ὅρα,
1410 3093 1514 3144 πῶς
1571 3084 1661 3135 ούκ
1698 3085 1743 3135 ἐν

1862 3080 2002 3136 tiam
2037 3097 2050 3136 :
2085 3084 2225 3135 tunc
2254 3077 2403 3133 enim
2425 3077 2787 3132 conscientia
2812 3083 3062 3132 mortem
3085 3078 3348 3133 sentiens
3380 3077 3519 3133 talia

114 3180 192 3240 τῷ
225 3171 571 3243 περισσεύειν
592 3175 696 3220 τινὶ
720 3172 747 3227 ἡ
777 3170 884 3229 ζωὴ
910 3170 1050 3240 αύτῷ
1078 3174 1188 3240 (15)
1219 3171 1358 3224 ἐστιν
1377 3171 1430 3224 ἐχ
1455 3183 1550 3224 τῶν
1582 3175 1743 3248 ὑπαρ-

1862 3169 2112 3226 disserit.
2133 3168 2197 3222 Et
2212 3167 2367 3231 vide,
2383 3167 2694 3239 quomodo
2707 3182 2824 3222 non
2842 3165 2902 3222 in
2921 3167 3294 3223 abundantia
3325 3167 3518 3237 cujus-

112 3269 342 3331 χόντων
367 3256 554 3323 αὑτοῦ,
597 3263 686 3310 καὶ
718 3267 826 3320 πῶς
853 3263 918 3310 τα
942 3264 1161 3331 περιττὰ
1186 3266 1436 3334 μέριμναν
1478 3266 1568 3334 μὲν
1609 3262 1743 3332 αύτῷ

1862 3275 2040 3332 quam
2075 3259 2187 3313 vita
2218 3258 2346 3327 ejus
2376 3262 2463 3312 est
2487 3273 2559 3312 ex
2588 3256 2679 3312 his
2705 3273 2838 3329 quae
2861 3255 3142 3328 possidet,
3177 3262 3233 3312 et
3269 3272 3520 3328 quomoo

113 3347 510 3419 προεξένησαν,
540 3349 603 3408 ὡς
630 3350 851 3418 εἴρηται,
887 3349 1025 3409 ζωὴν
1063 3345 1121 3402 δὲ
1161 3352 1461 3423 προσθεῖναι
1495 3352 1587 3403 ούκ
1619 3349 1743 3410 indu-

1862 3351 1936 3405 do
1970 3347 2273 3420 superﬂua
2294 3345 2756 3402 collicitudinem
2773 3345 3146 3418 quidemipsi
3169 3345 3520 3402 conciliave-

118 3439 408 3494 νὲθησαν.
1860 3445 2016 3504 runt,
2055 3439 2240 3494 vitam
2271 3452 2412 3492 vero
2442 3435 2660 3492 addere
2691 3451 2808 3491 non
2851 3431 3194 3508 potuerunt.

189 3525 266 3581 Ἀ
308 3557 376 3565 -
414 3528 563 3576 ἔσται
607 3525 728 3591 ;Ού
783 3533 933 3597 μόνον
987 3531 1110 3600 γὰρ,
1169 3527 1203 3578 ἂ
1232 3527 1608 3603 ἐθησαύρισας,
1667 3537 1743 3584 σοὶ

1933 3530 2093 3584 Vers.
2123 3532 2213 3584 20.
2248 3528 2383 3596 Quae
2411 3526 2615 3582 cedent
2640 3524 2669 3580 ?
2703 3529 2829 3581 Non
2861 3524 3066 3591 solum,
3101 3541 3232 3596 quae
3261 3525 3521 3581 recondi-

112 3616 219 3668 οὐκ
262 3619 447 3678 ἔσται,
482 3617 550 3666 σα
575 3614 633 3666 ού
672 3621 948 3686 γενήσεται
979 3636 990 3648 ο
1035 3615 1141 3668 ἀλλ’
1174 3614 1297 3670 οὐδὲ
1352 3615 1508 3677 δῆλον
1543 3639 1645 3684 σοι,
1676 3625 1743 3671 τί-

1862 3618 2021 3683 disti,
2039 3617 2143 3673 tibi
2162 3633 2283 3672 non
2297 3617 2526 3682 cedent,
2552 3620 2657 3670 tua
2676 3630 2794 3670 non
2813 3619 3002 3682 erunt,
3025 3615 3124 3670 sed
3142 3631 3251 3670 nec
3273 3614 3378 3671 tibi
3394 3631 3520 3672 ma-

109 3725 207 3765 νος
259 3707 425 3755 ἔσται
462 3711 642 3766 ταῦτα,
713 3708 813 3756 ε’ῖτε
864 3705 1203 3780 κληρονόμου,
1257 3711 1353 3760 εἴτε
1423 3708 1582 3775 ξένου,
1652 3713 1743 3761 εἴτι

1862 3708 2146 3764 nifestum
2179 3711 2283 3772 est,
2318 3705 2490 3776 cujus
2521 3705 2650 3760 haec
2679 3709 2873 3770 erunt,
2906 3709 3103 3758 utrum
3137 3704 3404 3769 haaredis,
3438 3720 3517 3760 an

109 3793 310 3866 Ῡῦρυ,
369 3795 472 3844 εἶτε
540 3791 758 3864 ἐχθροῦ,
811 3794 836 3846 ὃ
894 3800 982 3846 καὶ
1035 3796 1161 3848 αύτό
1233 3799 1506 3868 προσθήκη
1583 3798 1743 3860 λύπης

1862 3797 2158 3870 peregrini
2189 3817 2200 3852 :
2235 3795 2430 3860 amici,
2460 3809 2538 3850 an
2583 3793 2805 3850 inimici
2836 3809 2849 3849 :
2883 3792 3050 3865 quod
3096 3793 3299 3866 ipsum
3339 3794 3519 3851 etiam

104 3882 265 3936 ἐστὶ.

1862 3901 2178 3942 mmrorem
2219 3885 2498 3956 adauget.

191 3971 396 4030 Οὕτως
434 4000 500 4010 —
531 3970 782 4024 πλουτῶν.
815 3979 872 4024 '0
907 3975 1156 4043 θησαυρῷ
1209 3977 1484 4043 πεποιθὼς,
1533 3981 1622 4028 καὶ
1673 3983 1743 4048 μὴ

1931 3975 2094 4029 Vers.
2117 3978 2206 4029 2t.
2239 3973 2331 4029 Sic
2362 4003 2427 4012 —-
2457 3971 2711 4028 ditescit.
2747 3971 2856 4038 Qui
2883 3972 3162 4029 thesauro
3194 3973 3340 4040 ﬁdit,
3374 3978 3428 4030 et
3457 3973 3519 4029 in

99 4063 182 4123 εἰς
221 4064 367 4114 Θεὸν
403 4059 622 4134 θαῤῥών,
656 4062 681 4112 ό
704 4068 1071 4133 ταμιευόμενος
1116 4063 1282 4134 ἑαυτῴ
1313 4067 1378 4116 τὰ
1427 4072 1743 4139 πρόσκαιρα,

1863 4068 2046 4120 Deum
2074 4079 2196 4118 non
2222 4063 2404 4118 habet
2435 4062 2742 4128 ﬁduciam,
2765 4062 2981 4134 quisibi
3001 4063 3061 4117 in
3090 4061 3351 4118 futurum
3371 4066 3519 4117 tem-

98 4155 208 4202 καὶ
241 4154 326 4222 μὴ
361 4151 504 4200 κατὰ
533 4154 660 4202 Θεόν
700 4150 954 4205 πλουτῶν.
1021 4156 1163 4205 Κατὰ
1225 4158 1352 4206 Θεὸν
1394 4151 1451 4206 δὲ
1504 4155 1743 4221 πλοῦτος,

1862 4151 2353 4226 poraliareponit,
2373 4157 2428 4208 et
2451 4151 2784 4206 secundum
2798 4151 2983 4205 Deum
3005 4167 3122 4205 non
3143 4151 3372 4206 ditescit
3394 4167 3408 4218 ;
3433 4152 3517 4206 di-

100 4243 133 4297 ἡ
179 4247 397 4300 κτῆσις
427 4247 524 4289 τῶν
556 4241 766 4311 ἀρετῶν.

1862 4241 2013 4298 vitia:
2027 4256 2168 4296 vero
2183 4240 2516 4296 secundum
2533 4241 2740 4302 Deum,
2762 4244 2899 4293 sunt
2912 4238 3192 4310 aquisitio
3210 4239 3513 4294 virtutum.

187 4330 335 4381 Εἷπε
365 4358 435 4366 -
489 4325 800 4401 ἐνδύματος.
867 4329 990 4384 Εἷπε
1037 4339 1202 4383 ταῦτα
1242 4338 1326 4384 καὶ
1375 4333 1424 4384 ἐν
1480 4343 1552 4404 τῷ
1619 4339 1743 4405 πέμ-

1927 4333 2086 4386 Vers.
2115 4333 2205 4385 ‘22.
2235 4330 2404 4387 Dixit
2426 4360 2488 4370 -—
2505 4331 2657 4384 Vers.
2681 4329 2746 4385 23
2759 4327 3187 4383 indumentum.
3217 4327 3518 4397 Haecquo-

99 4438 238 4489 τττῳ
292 4416 559 4488 κεφαλαίῳ
598 4427 686 4470 τού
742 4424 878 4471 κατὰ
931 4423 1218 4486 Ματθαῐον,
1261 4427 1349 4474 καὶ
1402 4424 1634 4482 ζήτησον
1699 4424 1743 4476 ἐν

1862 4437 1974 4493 que
2015 4420 2162 4477 dixit
2189 4421 2400 4493 quinto
2426 4419 2596 4489 juxta
2635 4417 2974 4472 Matthtnum
3005 4416 3195 4487 capite
3221 4432 3235 4480 ;
3268 4419 3324 4470 et
3355 4416 3414 4470 in
3445 4431 3516 4472 eo

95 4509 310 4575 ἐκείνῳ
342 4511 441 4563 τὴν
479 4508 733 4577 ἑζήγησιν
773 4517 882 4560 τοῦ·
937 4514 1031 4562 Διὰ
1085 4521 1236 4563 τούτο
1291 4512 1421 4582 λέγω
1478 4515 1616 4584 ύμῖν,
1671 4518 1742 4584 μὴ

1862 4526 2057 4583 quaere
2073 4509 2211 4566 dicti
2227 4509 2382 4564 illius
2395 4507 2853 4580 expositionem:
2870 4512 3182 4576 propterea
3195 4505 3322 4560 dico
3335 4505 3513 4572 vobis,

93 4601 426 4672 μεριμνᾶτε
453 4603 512 4667 τῇ
542 4595 694 4669 ψυχῇ
729 4601 891 4670 ύμών,
926 4605 975 4652 τί
1023 4603 1221 4672 φάγητε
1252 4603 1280 4661 ᾖ
1325 4607 1374 4654 τί
1403 4609 1572 4660 πίητε.
1608 4599 1743 4673 μηδι

1862 4615 1925 4656 ne
1949 4600 2190 4656 solliciti
2213 4601 2340 4656 sitis
2372 4600 2582 4655 animae
2610 4608 2834 4664 vestrm,
2861 4597 3001 4667 quid
3028 4595 3214 4652 edatis
3239 4601 3343 4650 aut
3371 4596 3518 4666 quid

93 4696 190 4756 τῷ
292 4691 508 4756 σώματι
600 4686 763 4758 ὑμῶν,
854 4694 904 4740 τί
961 4685 1253 4747 ἐνδύσησθε
1325 4691 1458 4763 (16),
1527 4699 1616 4744 καὶ
1682 4695 1743 4744 τὰ

1862 4689 2071 4746 bibatis
2095 4705 2284 4763 neque
2312 4687 2552 4759 corpori
2580 4693 2773 4746 vestro
2801 4686 2948 4758 quid
2989 4685 3327 4742 induamini
3353 4686 3422 4750 ³³,
3460 4690 3517 4742 et

93 4777 272 4839 ἑξῆς.

1862 4783 2090 4836 etatem.

185 4903 246 4936 ⁸³
286 4897 494 4954 Matth.
528 4914 607 4967 vn,
648 4902 738 4956 25.

1789 3093 1827 3147 C

1375 5001 1599 5070 Variae
1625 5001 1956 5072 lectiones
1997 5012 2062 5070 et
2088 5012 2273 5071 nota:

179 5164 460 5245 (i3)_ﬂic
484 5166 548 5245 in
580 5173 735 5245 textu
761 5169 965 5245 omittit
998 5170 1330 5245 Hentenius,
1365 5176 1452 5224 καὶ
1481 5174 1545 5225 τὰ
1576 5171 1743 5245 ἀγαθά

1862 5178 1882 5232 ἧ
1913 5173 2103 5238 λαϐεῖν,
2139 5181 2399 5244 συνεῖχεν.

83 5237 250 5317 μού.
275 5237 523 5317 ligauit
544 5254 615 5317 ea
640 5241 808 5317 de_re
835 5242 918 5317 ing
940 5237 1347 5317 Praefatione;
1591 5237 1626 5317 κ’
1925 5246 2037 5312 (15)
2071 5246 2156 5317 Ita
2193 5237 2435 5317 quoque
2467 5246 2506 5298 Ι.
2540 5243 2581 5297 Ι.
2616 5244 2692 5317 in
2713 5247 2981 5299 contextu
3021 5242 3207 5317 codex
3249 5247 3510 5317 uterque.

80 5307 91 5317 ’
170 5311 669 5388 gi£)_ln_geniose
699 5312 774 5368 de
812 5313 1028 5388 eodem
1051 5313 1371 5388 TheOphyl-
1432 5331 1490 5380 p.
1544 5316 1646 5370 408
1677 5318 1743 5379 Α,

1927 5307 2036 5388 (16)
2087 5307 2282 5388 Codex
2325 5307 2363 5369 Β
2407 5317 2557 5370 inter
2609 5311 2902 5374 ἐνδύσησθε
2955 5320 3009 5371 et
3067 5311 3351 5367 ἐνδύσεσθε
3394 5307 3513 5365 du-

76 5391 110 5440 ό
151 5380 237 5441 δὲ
274 5380 368 5435 οὖν
400 5384 638 5456 ἄκαρπος
664 5390 782 5459 περὶ
830 5389 923 5444 τὴν
981 5380 1393 5458 εὐσπλαγχνῖαν,
1425 5389 1576 5453 ὥστε,
1622 5392 1743 5460 πρὶν

1862 5380 2026 5442 bium'
2042 5388 2180 5444 facit
2201 5387 2500 5443 lectorem.

173 5527 273 5599 (f)
311 5526 630 5602 Cognoscit
676 5527 1052 5602 enimgquod.
1097 5532 1224 5586 Hec
1257 5530 1473 5586 frustra
1513 5528 1745 5585 addidit
1851 5529 2124 5600 dignum.
2173 5530 2467 5602 Interpres
2534 5529 2766 5587 videtur
2811 5529 3025 5602 legisse
3078 5531 3259 5583 τόπον.
3309 5524 3514 5584 Ταύτης

77 5594 446 5673 interpres.
473 5594 605 5650 Οῖδε
635 5599 780 5654 nihil
808 5594 968 5656 aliud
1002 5608 1297 5673 estquam
1335 5605 1502 5660 solet.

1862 5594 2099 5659 refertur
2120 5601 2198 5659 ad
2223 5594 2532 5668 πλεὸνιξίας.

175 5672 278 5747 (9)
309 5671 1316 5731 ιοσαηι-εοηυεηίεηιθηι.Μὸάυω
1345 5674 1636 5744 excogitat
1672 5692 1743 5732 ea
