3994 6218
511 284 615 340 987

518 501 610 557 his
639 503 923 558 invenies.

586 592 748 646 Vers.
783 594 869 646 25.
919 592 1126 657 Quis—
1157 595 1314 647 Vers.
1351 596 1439 648 26.
1498 593 1743 649 solliciti
1770 594 1906 649 estis
1950 593 2028 648 De
2057 592 2172 648 hoc

516 696 754 752 quoque
780 681 861 736 ibi
885 681 1099 736 dictum
1122 687 1227 737 est.
1251 682 1555 738 Minimum
1587 688 1786 739 autem
1818 687 1992 739 vocat
2011 681 2170 753 adje-

515 769 771 825 ctionem
805 771 1151 843 quantitatis
1183 771 1456 827 cubitalis
1483 772 1561 828 ad
1588 777 1896 829 staturam.

586 860 749 915 Vers.
778 862 865 915 27.
887 861 1264 917 Considerate
1284 892 1353 902 —
1370 863 1529 917 Vers.
1550 862 1637 918 28.
1660 877 1876 931 parum
1904 862 2168 931 ﬁdentes.

519 949 599 1003 De
632 948 723 1004 his
754 952 927 1005 etiam
963 949 1244 1021 praedicto
1277 952 1469 1022 capite
1502 951 1957 1022 disputavimus.

587 1040 753 1093 Vers.
787 1042 873 1094 29.
908 1040 983 1094 Et
1013 1056 1109 1094 vos
1140 1070 1210 1080 -—-
1240 1041 1404 1095 Vers.
1436 1042 1520 1095 31.
1558 1040 1737 1095 vobis.
1785 1040 2066 1096 Praeterea

518 1131 573 1182 et
587 1128 654 1182 de
668 1126 759 1181 his
782 1146 794 1185 :
822 1126 901 1182 ibi
917 1144 1057 1199 ergo
1080 1128 1207 1197 lege
1221 1129 1487 1184 omnium
1504 1129 1715 1184 horum
1733 1130 2174 1187 enarrationem

519 1216 829 1285 diligenter
868 1217 1220 1288 expositam.

586 1306 1008 1382 Μετεωρίζεσθαι
1033 1313 1253 1362 autem.
1291 1310 1421 1379 (pro
1464 1324 1586 1379 quo
1621 1308 1827 1364 extolli
1868 1309 2174 1381 vertimus)

516 1394 612 1450 hic
647 1394 792 1449 mihi
816 1395 1091 1463 intellige,
1121 1412 1155 1449 a
1181 1394 1523 1451 coelestibus
1552 1395 1795 1450 distrahi
1819 1395 1897 1451 ad
1920 1402 2172 1452 terrena.

587 1484 686 1554 σι--ι-
712 1484 823 1538 Aut
854 1484 1191 1554 superbiam
1226 1500 1327 1539 seu
1367 1485 1547 1539 elatos
1589 1485 1850 1555 spiritus.

589 1575 744 1628 Vers.
764 1578 830 1629 32
845 1618 857 1629 .
881 1575 973 1629 Ne
988 1605 1052 1615 -—
1065 1590 1238 1643 grex.
1262 1574 1591 1645 Postquam
1608 1590 1639 1629 a
1659 1573 1952 1646 corporali
1966 1574 2173 1629 sollici-

518 1662 721 1718 tudine
753 1663 1223 1735 adduxit,jubet,
1247 1679 1368 1718 non
1402 1664 1607 1719 timere
1632 1663 2023 1734 indigentiam
2050 1680 2173 1720 cor-

1830 287 2175 345 EUTHYMII
2216 288 2544 345 ZIGABENI
3714 290 3785 348 988

586 412 748 468 Vers.
777 414 865 469 24.
892 412 1274 469 Considerate
1295 442 1353 453 —
1383 412 1877 469 volucresﬂnillo
1909 412 2086 469 etiam
2100 412 2173 468 de
2205 416 2251 468 A

2360 417 2729 471 Κατανοήσατε
2759 446 2827 454 -
2861 421 3101 466 πετεινῶν
3134 431 3146 477 ;
3175 413 3256 465 Ἐν
3284 412 3445 483 ἐνείνῳ
3473 418 3552 465 καὶ
3589 420 3681 487 περὶ
3700 421 3787 467 τού-

2284 522 2381 554 των
2414 505 2672 575 εὑρήσεις.

2351 598 2444 654 Τίς
2474 599 2860 667 -μεριμνᾶτε.
2921 592 3056 645 Ἐκεῖ
3108 596 3194 642 καὶ
3246 596 3362 665 περὶ
3411 594 3577 643 τούτου
3616 598 3785 663 deum.

2284 681 2598 753 Ἐλάχιστον
2657 680 2715 735 δὲ
2754 682 2887 753 λέγει
2939 687 3028 739 τὴν
3094 700 3369 752 πηχυαιαν
3427 684 3694 752 προσθήκην
3730 694 3795 746 τῆς

2283 771 2505 832 ἡλικίας.

2356 867 2721 919 Κατανοήσατε
2754 894 2818 901 -
2846 861 3190 931 ὀλιγόπιστοι.
3252 864 3349 912 Καὶ
3379 865 3489 931 περὶ
3516 863 3680 912 τούτων
3700 861 3798 932 ἐντῷ

2282 953 2345 1025 pr,
2357 953 2490 1002 θέντι
2520 950 2779 1021 κεφαλαίῳ
2810 946 3130 1020 διελάϐομεν.

2358 1043 2456 1091 Καὶ
2483 1041 2629 1111 ὑμεῖς
2683 1071 2752 1080 —
2781 1040 2920 1110 ὑμῖν.
2953 1038 3071 1090 Ἔτι
3099 1041 3190 1089 καὶ
3228 1042 3345 1108 περὶ
3382 1040 3577 1101 τούτων,
3623 1044 3695 1090 καὶ
3718 1037 3801 1089 ἀνά-

2282 1130 2442 1198 γνωθι
2472 1126 2575 1180 ἐκεῖ
2611 1134 2705 1186 τὴν
2734 1136 2833 1181 τῶν
2856 1128 3131 1202 εἰρημένων
3156 1129 3357 1179 πάντων
3386 1126 3610 1197 ἐξήγησιν
3634 1126 3804 1200 ἀκριϐῶς

2283 1214 2652 1288 ἐκτεθειμένην,

2355 1312 2719 1379 Μετεωρισμόν
2752 1307 2868 1375 (17)
2916 1303 2975 1358 δε
2999 1310 3101 1357 νόει
3127 1325 3216 1376 μοι
3247 1312 3333 1356 νῦν
3364 1308 3449 1356 τὸν
3485 1308 3803 1378 περισπασμὸν,

2284 1397 2369 1446 τὸν
2394 1394 2495 1447 ἀπὸ
2524 1405 2622 1448 τῶν
2652 1397 2901 1468 οὐρανίων
2933 1394 3016 1447 ἐπὶ
3043 1399 3107 1446 τὰ
3136 1400 3313 1466 γήῑνα.

2360 1485 2379 1557 [
2409 1484 2476 1537 Ἠ
2519 1487 2631 1555 (18)
2673 1491 2764 1543 τὴν
2788 1484 3239 1558 ὑψηλοφροσύνην.
3273 1482 3294 1556 ]

2354 1578 2436 1632 Μὴ
2518 1580 2773 1645 ποίμνιον.
2847 1576 3176 1634 Ἀποστήσας
3258 1582 3353 1635 τῆς
3424 1580 3692 1644 σωματικῆς
3751 1591 3809 1642 με·

2284 1670 2488 1739 ρίμνης,
2534 1664 2743 1727 κελεύει,
2799 1668 2869 1736 μὴ
2906 1662 3173 1735 φοϐεῖσθαι
3240 1668 3333 1719 τὴν
3398 1659 3581 1715 ἔνδειαν
3632 1669 3709 1721 τῆς
3741 1679 3810 1711 σω-

516 1752 741 1823 poralis
762 1753 1133 1807 necessitatis
1160 1752 1471 1823 :pusillum
1501 1767 1740 1822 gregem
1767 1769 2011 1821 vocans,
2037 1768 2174 1808 con-

2290 1763 2509 1826 ματικῆς
2572 1760 2775 1827 χρείας.
2840 1758 3037 1824 Μικρὸν
3098 1749 3157 1804 δὲ
3198 1759 3433 1823 ποίμνιον
3483 1752 3622 1821 λέγει,
3672 1754 3717 1800 τὸ
3750 1752 3812 1799 τι.

519 1845 929 1911 gregationem
961 1842 1247 1908 ﬁdelium,
1281 1842 1552 1898 collatam
1588 1842 1665 1898 ad
1698 1842 2171 1910 magnitudinem

518 1931 800 1999 angelicze
820 1931 1230 1988 multitudinis.
1251 1935 1309 1986 ln
1330 1932 1619 2003 parabola
1642 1932 1961 2003 siquidem,
1986 1948 2173 2001 ange-

518 2020 629 2085 los,
661 2021 989 2089 nonaginta
1005 2036 1221 2076 novem
1246 2037 1385 2077 oves
1412 2020 1752 2094 appellavit,
1780 2020 1986 2076 ﬁdeles
2010 2037 2175 2078 vero-

522 2124 728 2164 unam.

592 2198 700 2253 Vel
721 2198 895 2254 etiam
921 2200 996 2254 ad
1030 2199 1509 2269 magnitudinem
1536 2199 1934 2256 multitudinis
1965 2200 2179 2257 infide-

520 2286 689 2343 lium.

592 2378 707 2432 Aut
741 2381 984 2449 propter
1004 2377 1397 2434 voluntariam
1416 2378 1805 2449 dejectionem
1830 2379 2183 2450 hujusmodi

525 2465 739 2536 gregis.
780 2466 1001 2521 Deinde
1050 2483 1301 2523 causam
1356 2467 1535 2524 etiam
1594 2468 1780 2533 addit,
1827 2484 1933 2525 cur
1971 2469 2181 2527 timere

522 2570 638 2609 non
679 2560 968 2626 oporteat.

596 2646 756 2700 \‘ers.
786 2646 872 2700 32.
896 2646 1123 2714 Quia—
1147 2662 1410 2718 regnum.
1447 2647 1615 2712 Quod
1647 2647 1693 2702 si
1719 2648 1871 2703 adeo
1895 2663 2179 2716 magnam

522 2748 593 2788 ac
616 2734 1052 2805 prmcellentem
1084 2735 1420 2792 fruitionem
1450 2735 1673 2801 tribuit,
1713 2736 1881 2792 dabit
1906 2737 2111 2808 utique
2126 2741 2181 2792 et

519 2824 873 2889 necessaria,
902 2825 1154 2896 vitaeque
1182 2825 1557 2881 sufficientia.

591 2915 749 2968 Vers.
770 2914 857 2970 33.
883 2914 1198 2971 Vendite—
1217 2916 1655 2985 eleemosynam.
1677 2916 1797 2971 Hoc
1814 2921 2177 2988 praeceptum

522 3002 598 3058 ad
626 3018 751 3068 eos,
783 3004 885 3075 qui
907 3004 1139 3068 habent,
1174 3005 1466 3075 dirigitur.

591 3093 755 3148 Vers.
782 3097 870 3150 33.
902 3095 1477 3151 Facite—corrodit.
1494 3094 1777 3150 Βαλάντιον
1801 3101 1889 3150 est
1913 3096 2039 3168 ipse
2060 3095 2177 3151 the-

520 3198 754 3238 saurus.
792 3186 916 3239 Non
942 3190 1332 3253 veterascens,
1366 3184 1523 3240 idem
1552 3191 1657 3248 est,
1698 3184 1865 3257 quod
1885 3200 2008 3240 non
2040 3184 2181 3240 defi-

522 3274 678 3330 ciens
721 3290 734 3337 ;
768 3274 1035 3329 secunda
1069 3274 1270 3347 itaque
1297 3275 1588 3347 particula
1627 3276 2063 3345 interpretativa
2093 3280 2180 3330 est

521 3363 750 3435 primae.
768 3364 917 3434 Lege
931 3368 1210 3435 praeterea
1221 3364 1426 3436 quinto
1440 3364 1459 3434 j
1472 3368 1610 3419 uxta
1626 3364 1976 3420 Matthaeum
1993 3365 2179 3436 capite

520 3453 1062 3524 interpretationem
1083 3454 1210 3523 ejus
1233 3453 1398 3525 quod
1420 3452 1593 3508 dicit:
1622 3453 1709 3509 Ne
1733 3453 2062 3508 recondotis
2087 3469 2182 3508 vo-

523 3540 607 3596 bis
637 3542 924 3597 thesauros
971 3542 1035 3597 in
1079 3548 1241 3598 terra
1273 3543 1341 3607 9‘,
1374 3548 1432 3598 et
1462 3547 1694 3607 caetera,
1729 3544 1824 3597 ubi
1866 3544 2043 3598 etiam
2105 3542 2179 3597 de

522 3629 793 3700 his,quae
846 3634 1195 3700 sequuntur,
1246 3631 1529 3686 invenies.

598 3717 758 3772 Vers.
789 3721 875 3773 34.
913 3718 1019 3775 Ubi
1051 3750 1116 3759 —
1147 3720 1277 3775 erit.
1313 3723 1749 3792 Consequenter
1782 3720 1863 3775 ibi
1892 3720 2072 3776 etiam
2105 3720 2180 3776 de

522 3805 617 3862 his
650 3806 869 3861 dictum
902 3813 1007 3863 est.

596 3896 759 3951 Vers.
790 3896 886 3952 35.
942 3896 1063 3951 Sint
1085 3928 1151 3938 —
1178 3913 1440 3955 accensa.
1476 3900 1621 3954 Cum
1652 3898 2003 3971 praacinctos
2053 3912 2181 3954 esse

521 3984 711 4057 jubet,
752 3986 1095 4056 practicam,
1126 3987 1246 4043 sive
1272 3989 1660 4059 operativam,
1692 3988 1973 4059 proponit
2003 3988 2180 4043 virtu-

525 4080 670 4130 tem:
692 4090 829 4129 cum
857 4091 997 4131 vero
1016 4075 1292 4133 lucernas
1319 4078 1564 4132 accendi
1597 4077 1884 4150 praecipit,
1918 4082 2180 4132 contem-

523 4164 832 4236 plativam.
852 4165 1222 4221 Solentenim
1240 4168 1341 4238 qui
1357 4166 1582 4238 aliquid
1598 4172 1921 4238 operantur
1938 4166 2178 4222 lumbos

524 4255 743 4311 habere
766 4258 1206 4329 praecinctos,et
1222 4256 1325 4327 qui
1342 4256 1505 4325 casti,
1533 4257 1785 4311 modesti
1801 4274 1868 4312 ac
1888 4256 2071 4312 sobrii
2092 4256 2178 4328 (ἠ)

523 4346 765 4416 degunt,
793 4346 1066 4401 lucernas
1087 4346 1403 4402 incendere
1436 4362 1446 4401 :
1465 4346 1547 4401 illi
1566 4346 1815 4418 quidem
1835 4352 1900 4401 ut
1919 4346 2179 4419 expedite

525 4441 877 4508 operentur;
906 4437 965 4491 hi
1000 4452 1135 4491 vero
1184 4442 1246 4491 ut
1294 4436 1350 4490 in
1383 4435 1513 4491 luce
1553 4442 1963 4507 permaneant.

597 4526 775 4581 Aliter
830 4542 1071 4598 quoque
1136 4542 1242 4597 per
1291 4524 1638 4581 lumborum
1696 4524 2180 4597 praecinctionem

528 4616 603 4670 ad
637 4615 1117 4685 concupiscibilis
1165 4614 1564 4683 alligationem
1598 4613 1985 4680 adhortatur;
2038 4628 2180 4668 nam

527 4704 586 4758 in
604 4702 825 4758 lumbis
845 4704 1305 4776 concupiscibile
1326 4705 1503 4759 situm
1536 4710 1642 4769 est,
1673 4720 1777 4775 per
1800 4703 2181 4759 lucernarum

528 4807 670 4848 vero
711 4793 1147 4861 accensionem,
1195 4793 1575 4865 splendorem
1622 4792 1914 4849 interioris
1959 4806 2029 4848 ac
2066 4792 2185 4848 elo-

601 4973 650 5009 “
679 4971 878 5030 Matth.
911 4971 1093 5030 v1.19.

2214 4484 2257 4536 D
2289 4453 2443 4505 γωσι.

2291 1863 2468 1915 στημα
2496 1852 2591 1894 τῶν
2620 1852 2839 1908 πιστῶν,
2893 1844 3011 1894 ὅσον
3053 1846 3180 1915 πρὸς
3228 1846 3285 1893 τὸ
3343 1842 3549 1912 μέγεθος
3584 1847 3664 1899 τῆς
3706 1836 3814 1907 ἐνηε-

2287 1932 2439 1994 λικῆς
2468 1932 2713 1992 πληθύος.
2744 1934 2824 1984 Ἐν
2858 1939 2919 2003 τῇ
2954 1929 3220 2005 παραϐολῇ
3248 1933 3350 2001 γὰρ
3378 1935 3497 1991 τοὺς
3520 1934 3602 2001 μὲν
3628 1927 3817 1996 ἀγγέλους

2292 2022 2731 2079 ἐνενηκονταεννέα
2804 2020 3042 2092 πρόϐατα
3103 2016 3209 2072 εἷπε
3269 2038 3279 2049 ·
3341 2024 3457 2079 τοὺς
3528 2014 3581 2070 δέ
3635 2019 3814 2073 πιστοὺς,

2292 2113 2360 2163 ἓν.

2362 2200 2429 2253 ’Ἠ
2488 2205 2577 2252 καὶ
2629 2203 2753 2274 πρὸς
2801 2202 2858 2251 τὸ
2906 2200 3121 2271 μέγεθος
3177 2206 3267 2250 τοῦ
3323 2196 3550 2258 πλήθους
3596 2204 3681 2247 τῶν
3730 2191 3816 2243 ἀπε·

2295 2310 2446 2343 στων.

2362 2379 2429 2431 ’Ἡ
2461 2384 2548 2430 καὶ
2590 2375 2680 2430 διὰ
2711 2384 2800 2435 τὴν
2854 2377 3091 2430 ἑκούσιον
3138 2381 3449 2429 ταπείνωσιν
3502 2382 3586 2428 τοῦ
3639 2375 3819 2425 τοιούτου

2292 2473 2532 2540 ποιμνίου
2568 2487 2580 2499 ·
2613 2465 2722 2519 εἶτα
2768 2469 3092 2540 προστίθησι
3122 2471 3211 2518 καὶ
3254 2470 3347 2523 τὴν
3390 2467 3555 2517 αἰτίαν
3579 2471 3659 2516 τοῦ
3680 2466 3736 2535 μὴ
3762 2480 3823 2530 79-

2292 2557 2521 2611 δεῖσθαι.

2359 2647 2475 2699 Ὀτι
2513 2646 2804 2719 βασιλείαν.
2830 2646 2888 2699 Εἰ
2918 2643 2977 2699 δὲ
3020 2650 3112 2703 τὴν
3145 2646 3279 2697 οὕτω
3318 2646 3547 2718 μεγάλην
3575 2648 3655 2695 καὶ
3684 2641 3824 2712 ἐξαιρι-

2292 2758 2374 2790 τον
2404 2736 2690 2789 ἀπόλαυσιν
2731 2733 2949 2797 δίδωσι,
3004 2732 3166 2787 δώσει
3194 2737 3399 2795 πάντως
3428 2740 3514 2786 καὶ
3542 2736 3599 2785 τὰ
3626 2732 3827 2800 ἀναγκαῖα

2291 2834 2379 2879 καὶ
2413 2828 2644 2899 ζωαρκῆ.

2364 2918 2642 2973 Πωλήσατε
2700 2947 2766 2954 -
2826 2914 3193 2985 ἐλεημοσύνηνι
3252 2914 3397 2971 Αὕτη
3449 2915 3479 2970 ἡ
3538 2911 3690 2966 ἐντολὴ
3740 2912 3829 2980 πρὸς

2290 3012 2410 3066 τοὺς
2438 3006 2548 3076 (19)
2584 3007 2800 3075 ἔχοντας
2830 3003 3161 3056 ἀποτέταται.

3232 3091 3509 3143 Βαλάντιον
3593 3088 3692 3160 ('20)
3767 3104 3831 3155 μεν

2878 3188 2949 3255 μὴ
3007 3181 3387 3253 παλαιούμενον
3439 3177 3518 3243 δὲ,
3575 3184 3626 3230 τὸ
3659 3175 3828 3227 ἀνέκλει-

2363 3100 2489 3152 Ποιή
2502 3113 2622 3146 σατε
2706 3124 2774 3133 —
2846 3089 3154 3165 διαφθείρει,

2290 3185 2451 3252 ἐστιν,
2475 3186 2499 3235 ὁ
2532 3187 2797 3253 θησαυρός
2828 3202 2839 3214 ·

2290 3294 2413 3327 πτον
2449 3318 2459 3328 .
2493 3270 2577 3325 διὸ
2599 3277 2687 3323 καὶ
2736 3271 3157 3345 ἐφερμηνευτικὸς
3204 3274 3347 3322 ἐστιν
3392 3272 3417 3321 ὁ
3448 3267 3672 3342 δεύτερος
3703 3266 3831 3333 λογςςι

2290 3364 2578 3435 Ἀνάγνωθι
2617 3359 2674 3414 δὲ
2704 3366 2789 3412 καὶ
2839 3359 2887 3412 ἐν
2918 3369 2988 3430 τῷ
3022 3364 3233 3431 πέμπτῳ
3290 3360 3555 3431 κεφαλαίῷ
3613 3364 3691 3407 τοῦ
3735 3356 3831 3403 καῖέ

2290 3455 2556 3506 Ματθαῖον
2611 3455 2703 3508 τὴν
2746 3450 3013 3524 ἑρμηνείαν
3048 3458 3137 3501 τοῦ
3172 3466 3183 3477 ⁸
3239 3454 3323 3506 Μὴ
3390 3448 3711 3519 θησαυρίζετε
3749 3443 3833 3511 ὑμὰ

2294 3546 2589 3615 θησαυρούς
2640 3540 2721 3592 ἐπὶ
2758 3547 2852 3601 τῆς
2892 3548 3009 3611 γῆς,
3062 3545 3149 3590 καὶ
3190 3542 3256 3590 τὰ
3285 3538 3428 3602 ἑξῆς,
3474 3539 3587 3589 ἔνθα
3630 3540 3706 3585 καὶ
3752 3534 3835 3601 περὶ

2292 3641 2388 3684 τῶν
2422 3632 2536 3693 ἑξῆς
2568 3632 2689 3701 εὑρη
2699 3648 2775 3680 σει
2786 3649 2823 3689 ς.

2360 3720 2538 3772 Ὀππυ
2568 3750 2634 3759 —-
2675 3722 2837 3770 ἔσται.
2862 3716 3183 3778 Ἀκολούθως
3233 3717 3343 3767 ἐκεῖ
3379 3723 3473 3768 καὶ
3534 3719 3641 3786 περὶ
3688 3713 3835 3761 τούτων

2293 3810 2409 3885 ἐῤῥή
2422 3812 2506 3866 θη.

2362 3899 2636 3952 Ἔστωσαν
2694 3929 2756 3937 --
2825 3902 3110 3967 καιόμενοι.
3197 3898 3291 3947 Διὰ
3371 3902 3466 3967 μὲν
3531 3900 3617 3945 τοῦ
3674 3888 3836 3941 κιλεῦιιν

2291 3989 2657 4063 περιεζῶσθαι,
2736 3990 2827 4043 τὴν
2902 3989 3191 4059 πρακτικὴν
3283 3983 3477 4057 ἀρετὴν
3552 3980 3831 4033 ὑποτέθεταπ

2294 4077 2385 4131 διὰ
2439 4075 2495 4129 δὲ
2546 4084 2634 4128 τοῦ
2703 4075 2989 4127 ἐπιτάττειν
3041 4075 3382 4144 λυχναπτείν,
3428 4078 3517 4129 τὴν
3559 4070 3834 4142 θεωρητικὴν

2294 4170 2521 4221 Εὶώθασι
2550 4169 2648 4237 γὰρ
2694 4167 2859 4216 κοιὶοὶ
2918 4164 3254 4235 ἐργαζομενοι
3312 4167 3412 4224 τὰς
3477 4163 3663 4232 ὀσφύας
3708 4170 3835 4225 περιε-

3679 4268 3717 4299 οι
3758 4263 3833 4295 αξν.

2295 4260 2513 4321 ζὼσθαι,
2578 4260 2665 4306 καὶ
2711 4257 2758 4305 οἱ
2810 4259 3065 4326 νήφοντες,
3135 4253 3364 4322 λύχνους
3414 4260 3596 4309 καίειν,

2293 4348 2373 4397 ἱνα
2401 4344 2660 4404 εὐσταλῶς
2716 4345 3012 4395 ποάττωσιν
3047 4362 3057 4373 ·
3086 4344 3133 4393 οἱ
3180 4339 3258 4405 δὲ,
3294 4344 3381 4392 ἵνα
3445 4344 3723 4412 θεωροῦντες
3745 4329 3835 4383 δια·

2366 4528 2464 4575 καὶ
2496 4522 2673 4594 ἑτέρως
2731 4518 2809 4587 δῖ’
2842 4523 2872 4579 ἡ
2929 4525 3016 4593 μὲν
3074 4530 3172 4571 τῶν
3218 4520 3433 4591 ὁσφύων
3478 4522 3746 4587 περίξωσις,
3774 4528 3835 4561 Tr.)

2291 4633 2379 4664 τον
2444 4614 2824 4682 ἐπιθυμητικοῦ
2890 4606 3297 4681 περιδέσμευσιν
3387 4606 3719 4661 διακελΐᾶεται
3768 4616 3837 4647 ’ῦ

2293 4709 2406 4760 ταῖς
2450 4702 2644 4771 ὀσφύσι
2697 4703 2794 4773 γὰρ
2860 4708 3026 4751 κεῖται
3077 4703 3134 4750 τὸ
3190 4698 3571 4770 ἐπιθυμητικόν
3614 4715 3623 4723 ·
3660 4689 3838 4749 itii-'5'"

2292 4791 2496 4862 λύχνων
2554 4798 2757 4860 καῦσις,
2827 4792 3013 4857 εἰτουν,
3070 4786 3362 4849 ἀνακαυσις
3414 4792 3501 4839 καὶ
3557 4782 3741 4855 ἄναψιςν
3773 4780 3838 4829 τέ’

1755 5094 1974 5163 Variae
2010 5094 2339 5162 lectiones
2386 5099 2453 5160 et
2490 5101 2693 5160 notae.

600 5301 712 5372 (t7)
740 5296 1059 5372 Hentenius
1084 5311 1331 5372 prosuo
1363 5294 1638 5372 arbritrio
1670 5292 2187 5372 videturscripsis-

532 5364 616 5429 se.
645 5364 1311 5446 μέτειο›ρᾷζεσθαι.’ῐεὶιιιῐ“
1356 5370 1525 5424 stiam
1585 5368 1950 5440 περισπασμὸν
1998 5364 2189 5420 reddi-

532 5447 616 5502 dit
646 5444 918 5501 distrahi.

605 5518 719 5589 (18)
750 5516 1002 5579 Inclusa,
1035 5513 1090 5567 in
1119 5516 1277 5567 textu
1308 5513 1365 5576 Β,
1395 5512 1453 5565 in
1488 5509 1776 5579 margine,
1808 5511 1877 5565 Α.
1920 5510 2045 5564 Non

602 5696 691 5767 (ιι)
722 5694 931 5751 Tribus
972 5689 1283 5749 vocabulis
1309 5687 1568 5747 reddidit
1593 5702 1782 5744 unum
1824 5691 2083 5761 νήφοντες.

2296 5290 2477 5346 habet
2502 5288 2843 5343 Hentenius.

2370 5363 2485 5430 (19)
2518 5360 2828 5422 Πλουσίους.

2371 5433 2487 5504 (20)
2514 5431 2843 5504 Βαλλάντιον,
2872 5438 2909 5484 Α
2922 5471 2935 5484 .
