3994 6218
163 293 266 353 989

1285 298 1656 355 COMMENT.
1700 298 1769 354 ΙΝ
1799 299 2055 355 LUCAM-
2101 331 2162 341 —
2205 299 2360 356 CAP.
2401 298 2498 357 XI.

3425 298 3530 355 990

161 423 503 498 λαμπρότητα
545 432 637 478 τοῦ
694 445 745 478 τε
803 421 1099 479 ἐνδιαθέτου
1151 425 1308 496 λόγου
1363 433 1451 479 καὶ
1499 434 1589 479 τοῦ
1641 446 1765 500 προ-

1929 427 2114 482 uentis
2172 429 2462 484 sermonis
2521 425 2741 483 statuit.
2777 427 3017 498 Oportet
3079 424 3260 491 enim,
3312 429 3374 481 ut
3434 425 3531 481 hic

162 521 379 587 φορικοῦ
441 510 796 566 διατάττεται.
873 520 987 587 Χρὴ
1042 519 1140 588 γὰρ
1183 520 1396 577 τούτους
1439 515 1518 568 ἀεὶ
1546 517 1764 589 λάμπειν

158 623 248 654 και
289 605 552 674 φωτίζειν,
607 608 693 656 τὸν
741 609 828 676 μεν
864 607 1019 675 ἡμᾶς,
1070 610 1156 657 τόν
1198 603 1256 658 δε
1307 610 1426 668 τοὺς
1477 607 1560 678 ὑφ’
1620 608 1763 678 ἡμῶν

159 689 600 764 διδασκομένους.

234 786 334 835 Καὶ
417 784 559 854 ὑμεῖς
625 814 694 824 —
758 785 959 856 γάμων.
1021 787 1114 837 Διὰ
1185 783 1481 858 παραϐώῆς
1537 788 1764 857 ἐνέφηνεν

157 871 536 942 ἑτοιμάζεσθαι
582 876 713 946 πρὸς
767 872 1059 931 ἀπάντησιν
1114 874 1294 941 αὑτοῦ,
1352 877 1542 941 ⁶πάντα
1597 875 1764 937 καλῶς

157 958 552 1032 διατιθεμένους
615 968 703 1014 καὶ
769 960 1103 1034 ἀναμένοντας
1155 964 1305 1016 αὐτὸν
1357 963 1604 1036 μέλλοντα
1662 967 1761 1016 πα-

154 1050 234 1101 λιν
293 1051 432 1112 ἥξειν
475 1049 526 1113 ἐξ
573 1051 812 1124 οὐρανοῦ.
876 1055 971 1105 Διὰ
1021 1061 1174 1105 τουτο
1221 1057 1320 1127 γὰρ
1373 1053 1618 1105 ἀνάλυσιν
1673 1057 1762 1125 μεν

157 1141 400 1211 ὠνόμασε
455 1145 550 1198 τὴν
593 1143 723 1212 μετά
776 1145 832 1192 τὸ
882 1141 1134 1201 ἀναϐῆναι
1191 1147 1406 1214 χρονίαν
1466 1143 1623 1195 αὑτοῦ
1672 1146 1764 1193 κα-

161 1227 334 1282 Θοό⁵ον⁸
377 1231 573 1301 γάμους
615 1227 692 1294 δε,
732 1235 824 1288 τὴν
876 1233 980 1283 ἅνω
1031 1231 1350 1306 εὐφροσύνην
1389 1239 1477 1284 καὶ
1510 1231 1762 1304 ἀγαλλία-

169 1339 269 1372 σιν.

232 1415 337 1462 Ἵνα
361 1440 422 1449 -
449 1409 609 1479 αὐτῷ.
624 1415 924 1474 Τουτεστιν,
946 1411 1028 1461 ἱνα
1047 1410 1345 1483 αἰσθόμενοι
1361 1420 1420 1469 τῆ
1436 1432 1454 1472 ς
1472 1416 1762 1483 παρουσίας

160 1498 340 1562 αὐτοῦ,
365 1500 643 1572 προθύμως
667 1503 756 1550 καὶ
780 1501 908 1559 μετὰ
933 1505 1109 1572 χαρᾶς
1132 1501 1329 1557 απαντή
1340 1519 1520 1565 σωσιν,
1538 1497 1688 1551 οὐδέν
1713 1519 1764 1551 τι

157 1592 384 1660 πονηρὸν
414 1584 702 1648 συνειδότες
731 1588 818 1640 ἐαυ
833 1597 953 1651 τοῖς.
1006 1594 1296 1662 Περαιτέρω
1323 1594 1423 1662 γὰρ
1464 1590 1521 1640 οὔ
1563 1608 1764 1662 περιερ-

152 1682 380 1748 γαστέον
409 1683 503 1736 τὴν
534 1677 853 1749 παραϐολήν.

227 1770 496 1839 Μακάριοι
525 1799 587 1808 --
609 1775 1013 1842 γρηγοροῦντας.
1045 1773 1433 1842 Γρηγοροῡντας
1464 1771 1553 1830 ἔτι,
1585 1765 1678 1820 διὰ
1708 1772 1764 1820 τὸ
1801 1783 1840 1834 Β

154 1860 203 1908 ἐν
232 1856 547 1928 ἑγρηγόρσει
576 1855 846 1908 ἀποθανεῖν
879 1857 1087 1918 αὐτούς.
1121 1859 1307 1930 Ἀρετὴ
1340 1859 1440 1932 γὰρ
1473 1854 1563 1918 τῆς
1583 1857 1766 1928 ψυχῆς

155 1947 295 1998 οὖσα
326 1948 359 2004 ἠ
396 1943 725 2020 ἐγρήγορσις,
771 1951 1162 2018 συμπαραμένει
1192 1946 1344 2019 αὐτῇ.

222 2039 370 2095 Τινες
413 2031 471 2086 δὲ
521 2032 622 2086 ἀπὸ
674 2043 770 2096 τῆς
816 2034 1106 2096 ἀναλύσεως
1145 2043 1234 2087 καὶ
1275 2044 1368 2096 τῆς
1399 2037 1635 2096 ἐλεύσεως
1679 2044 1767 2088 καὶ

152 2127 424 2198 κρούσεως
483 2123 719 2189 ἐνόησαν,
793 2127 869 2176 ὅτι
923 2127 948 2177 ό
1011 2129 1237 2198 Χριστός
1302 2126 1455 2188 αὐτὸς
1523 2123 1770 2198 ἐπιδημεῖ

156 2221 276 2275 ταῖς
329 2214 594 2276 τε)ευταῖς
655 2223 754 2265 τῶν
805 2211 1046 2282 δικαίων,
1088 2219 1177 2267 καὶ
1231 2214 1288 2266 οὗ
1347 2222 1498 2287 μόνον
1552 2218 1766 2286 τούτων⁹

158 2302 292 2355 ἀλλὰ
351 2308 444 2355 καὶ
500 2313 600 2356 τῶν
665 2302 999 2377 ἁμαρτωλῶν.
1074 2309 1172 2356 Καὶ
1230 2314 1382 2356 τουτο
1441 2303 1766 2377 βεϐαιοῦσιν,

158 2392 265 2445 ἀπὸ
329 2400 424 2444 τοῦ
510 2393 665 2447 εἰπεῖν
728 2397 815 2444 τόν
877 2397 1006 2445 Θεὸν
1081 2403 1153 2464 τῷ
1227 2394 1482 2466 πλουσίῳ,
1551 2394 1764 2467 Ἀφρον,

155 2485 326 2553 ταύτῃ
400 2489 460 2552 τῇ
534 2487 682 2534 νυκτὶ
733 2487 827 2540 τὴν
895 2481 1070 2553 ψυχήν
1130 2503 1223 2536 σου
1297 2481 1609 2536 ἀπαιτοῦσιν
1668 2483 1768 2536 ἀπὸ

162 2579 265 2622 σοῦ
275 2612 286 2622 .

229 2659 437 2732 Ἕτεροι
493 2657 550 2712 δε
604 2679 661 2712 το
714 2669 944 2712 τοιοῦτον
1016 2666 1184 2732 νόημα
1243 2659 1538 2734 δεχομενοι,
1613 2668 1768 2734 φασιν

155 2745 453 2820 ἐπιδημίαν
504 2757 763 2823 Χριστοῦ,
813 2754 898 2802 τὸν
955 2750 1104 2822 λόγον
1164 2752 1343 2816 αὐτοῦ,
1403 2757 1487 2804 τὸν
1535 2772 1768 2824 μετακα-

151 2839 404 2910 λούμενον
434 2847 722 2896 τηνικαυτα
747 2844 866 2899 τοὺς
907 2844 994 2911 μὲν
1027 2836 1266 2902 δικαίους
1301 2841 1372 2903 εἰς
1401 2844 1596 2915 χαρὰν,
1648 2845 1767 2904 τοὺς

154 2925 215 2980 δε
247 2927 615 3001 ἁμαρτωλοὺς,
644 2929 711 2990 εἰς
749 2929 937 2986 λύπην.

230 3019 404 3089 Ἀμην
467 3049 534 3057 —-
595 3018 786 3078 αὐτοῖς.
860 3019 1233 3093 ΙΙεριζώσεται,
1312 3028 1373 3092 τῇ
1452 3017 1762 3093 δικαιοσύνη

158 3116 253 3168 τῆς
285 3103 704 3171 ἁνταποδόσεως,
736 3113 824 3160 καὶ
847 3106 1104 3160 ἀνακλινεῖ
1131 3109 1338 3172 αὐτοὺς,
1373 3110 1444 3172 εἰς
1474 3109 1766 3162 ἀνάπαυσιν

151 3199 391 3262 αἰώνιον,
453 3200 522 3258 ὡς
565 3193 638 3249 δι’
698 3197 851 3248 αὐτόν
894 3207 1289 3266 κεκοπιακότας,
1335 3205 1418 3252 καὶ
1470 3199 1767 3259 διακονήσει

152 3287 345 3348 αὐτοῖς
377 3282 632 3358 διανομὴν
662 3295 762 3338 τῶν
795 3285 948 3349 ἀξίων
982 3286 1230 3358 ἀμοιϐὡν.

232 3470 337 3518 Καὶ
514 3494 566 3504 --
624 3463 827 3520 ἐκεῖνοι.
883 3462 1095 3524 Ἐπειδὴ
1145 3471 1293 3518 νυκτὶ
1337 3470 1496 3519 ἔοικεν
1544 3470 1568 3518 ό
1627 3488 1765 3540 παρ-

151 3579 221 3606 ων
267 3553 411 3625 βίος,
473 3551 563 3605 δια
620 3560 1142 3627 τὴνκατακεχυμένην
1189 3556 1347 3608 αὐτοῦ
1401 3559 1624 3628 ζόφωσιν
1679 3565 1766 3612 καὶ

154 3646 359 3701 πλάνην
418 3643 517 3694 ἀπὸ
559 3653 654 3694 τῶν
713 3641 972 3715 δαιμόνων
1029 3651 1117 3697 καὶ
1156 3655 1254 3696 των
1308 3649 1505 3713 παθῶν,
1561 3649 1767 3710 εἰκότως

1425 3739 1488 3787 Οἱ
1556 3737 1766 3790 παλαιοὶ

153 3828 260 3895 γὰρ
328 3821 710 3894 νυκτοφύλακες
796 3823 866 3884 εἰς
941 3831 1071 3895 τρεῖς
1145 3824 1370 3896 φυλακὰς
1435 3831 1528 3883 τὴν
1606 3830 1768 3880 νύκτα

154 3735 222 3794 εἰς
287 3731 576 3805 διαφόρους
631 3732 859 3803 φυλακὰς
919 3733 1074 3785 αὐτόν
1132 3731 1344 3808 διαιρεῖ.

155 3911 376 3975 διεῖλον,
438 3915 566 3971 τινες
633 3908 692 3963 δὲ
767 3912 833 3972 εἰς
881 3917 1159 3986 τέσσαρας.
1240 3920 1338 3967 Καὶ
1404 3923 1609 3988 πρωτην
1676 3921 1764 3990 μεν

153 4003 396 4073 φυλακην
479 4001 634 4070 λέγει,
715 4006 808 4058 τὴν
881 4005 1210 4054 κατάστασιν
1279 4013 1377 4055 τῶν
1447 4003 1764 4078 τελειοτέρων

149 4092 224 4152 εἰς
260 4090 474 4162 ἀρετήν’
523 4087 766 4162 δευτέραν
800 4087 878 4156 δὲ,
929 4096 1022 4149 τὴν
1061 4100 1160 4143 τῶν
1210 4097 1399 4164 μέσων·
1452 4101 1630 4167 τρίτην
1683 4091 1761 4163 δὲ,

151 4184 250 4237 τὴν
278 4187 382 4230 τῶν
415 4178 735 4246 τελευταίων,
767 4179 815 4232 οὶ
847 4184 1157 4253 σύμπαντες,
1192 4183 1234 4233 εὶ
1265 4184 1540 4256 εὑρεθῶσιν
1579 4185 1760 4255 οὕτως,

151 4271 218 4328 ὼς
241 4267 520 4340 προλαϐων
540 4265 693 4331 εἶπεν,
728 4273 908 4340 ἤγουν,
939 4271 1134 4342 ἕτοιμοι
1151 4274 1285 4324 κατά
1316 4277 1402 4324 τόν
1425 4280 1514 4324 τοῦ
1543 4275 1763 4325 θανάτου

151 4362 363 4427 καιρόν.
438 4361 688 4429 μακάριοι
752 4361 973 4423 παντως,
1031 4363 1100 4421 ὡς
1161 4369 1248 4422 τῆς
1313 4367 1574 4434 μακαρίας
1632 4363 1765 4423 ζωῆς

151 4447 455 4519 μεθέξοντες
486 4445 739 4518 ἀναλόγως
751 4493 762 4503 ,

226 4543 402 4589 Τοῦτο
449 4566 499 4575 -
554 4537 731 4590 αὑτοῦ.
789 4543 887 4590 Καὶ
927 4537 974 4589 ἐν
1019 4548 1088 4608 τῷ
1136 4539 1349 4610 εἰκοστῲ
1393 4537 1564 4611 ὀγδόῳ
1611 4560 1764 4612 κεφα-

149 4628 287 4696 λαίῳ
345 4634 441 4678 τοῦ
494 4629 628 4677 κατά
692 4628 960 4679 Ματθαῖον
1013 4625 1170 4680 εἶπενο
1224 4630 1413 4682 Ἐκεῖνο
1482 4627 1539 4682 δὲ
1611 4636 1762 4700 γινω-

153 4734 328 4785 πει-ε,
391 4716 470 4766 ὅτι
532 4716 574 4767 εὶ
635 4712 755 4787 ᾔδει
807 4718 832 4768 ό
891 4713 1286 4779 οἰκοδεσπότης,
1354 4719 1681 4791 ποίᾳφυ).ακῇ
1741 4721 1765 4772 ό

147 4803 380 4865 κλέπτης
425 4807 659 4878 ἔρχεται,
708 4804 1060 4878 ἐγρηγόρησεν
1105 4805 1182 4876 ἂν,
1235 4813 1323 4860 καὶ
1366 4811 1430 4860 τὰ
1475 4808 1610 4871 ἑξῆς.
1667 4814 1764 4861 Καὶ

153 4892 422 4964 ἀνάγνωθι
453 4899 548 4951 τήν
575 4893 824 4965 ἐξήγησιν
854 4893 974 4949 ἐκεῖ.

231 4987 334 5035 Καὶ
400 5013 470 5023 -
527 4985 758 5055 ἔρχεται.
813 4985 948 5036 Ἐκεῖ
1018 4989 1108 5036 καὶ
1172 4993 1338 5038 ταῦτα
1387 4991 1608 5061 εἴρηται,
1679 4993 1768 5042 καὶ

151 5073 187 5128 ἡ
193 5091 224 5143 ρ
228 5078 507 5144 μὴνευται.

231 5249 283 5285 ’³
315 5247 456 5306 Luc.
489 5265 594 5318 xu,
627 5253 716 5307 20.
816 5251 864 5286 9°
890 5250 1085 5310 Matth.
1117 5268 1280 5319 xxiv,
1311 5254 1401 5312 43.

1876 532 2110 588 semper
2142 516 2452 584 illuminet,
2495 522 2621 573 tum
2669 532 2797 583 nos,
2841 520 2964 572 tum
3007 532 3108 571 eos
3141 515 3243 588 qui
3289 531 3324 571 a
3362 514 3531 571 nobis

1875 606 2164 662 docentur
2186 608 2270 679 (ί).

1944 787 2103 841 Vers.
2147 786 2237 841 36.
2289 786 2364 841 Et
2411 801 2510 842 vos
2541 817 2606 826 —
2633 786 2878 855 nuptiis.
2927 785 3036 840 Per
3080 783 3531 840 similitudinem

1873 875 2246 944 signiﬁcavit,
2288 881 2349 930 ut
2407 875 2484 930 ad
2529 891 2847 930 occursum
2884 890 3058 929 suum
3103 877 3530 946 praeparentur,

1872 965 1932 1020 in
1976 964 2258 1020 omnibus
2310 965 2462 1020 bene
2493 964 2786 1036 dispositi,
2819 967 2875 1019 et
2911 969 3326 1033 exspectantes
3368 979 3528 1031 eum,

1871 1054 1975 1126 qui
2001 1069 2239 1109 rursum
2272 1069 2302 1108 e
2332 1053 2479 1108 caelo
2512 1058 2793 1108 venturus
2821 1057 2928 1107 est.
2963 1052 3202 1123 Propter
3228 1053 3342 1107 hoc
3372 1051 3534 1106 enim

1871 1143 2222 1199 descensum
2245 1159 2444 1206 suum,
2467 1157 2608 1214 quo,
2634 1141 2814 1211 longo
2839 1145 3215 1212 exspectatus
3243 1146 3531 1211 tempore,

1876 1232 2084 1296 veniet,
2112 1233 2512 1288 reversionem
2563 1231 2885 1287 nominavit
2931 1229 3209 1301 ;nuptias
3250 1245 3392 1284 vero
3436 1246 3536 1284 su-

1873 1338 2124 1392 pernam
2173 1321 2434 1378 laetitiam
2483 1329 2537 1376 et
2569 1320 3053 1376 exsultationem.

1945 1411 2118 1467 Vers.
2144 1410 2232 1467 36.
2270 1413 2340 1469 Ul
2367 1443 2434 1452 —
2463 1411 2536 1466 ei.
2569 1411 2687 1466 Hoc
2713 1417 2818 1476 est,
2855 1414 2915 1465 ut
2941 1413 3378 1477 cognoscentes
3406 1408 3535 1478 ejus

1875 1500 2217 1571 adventum,
2245 1507 2521 1572 prompte
2566 1504 2620 1554 et
2643 1515 2778 1554 cum
2807 1499 3030 1568 gaudio
3053 1503 3390 1560 occurrant,
3409 1496 3541 1552 nul-

1875 1589 1986 1645 lius
2026 1589 2132 1646 sibi
2169 1589 2308 1646 mali
2341 1589 2582 1644 conscii.
2618 1588 2834 1643 Praeter
2880 1588 3008 1642 hinc
3039 1591 3242 1642 autem
3283 1585 3423 1641 nihil
3448 1590 3538 1640 est

1875 1679 2102 1734 curiose
2129 1679 2516 1734 scrutandum
2541 1677 2614 1733 de
2654 1676 2958 1749 parabola.

1950 1768 2109 1824 Vers.
2169 1769 2258 1824 37.
2306 1768 2471 1824 Beati
2525 1798 2595 1808 ——
2652 1766 2990 1837 vigilantes.
3034 1765 3356 1835 Vigilantes
3397 1765 3534 1820 item

1875 1873 1944 1914 eo
1965 1859 2130 1930 quod
2152 1859 2211 1913 in
2234 1857 2539 1927 vigilantia
2563 1855 2929 1912 moriantur:
2957 1872 3095 1911 cum
3138 1855 3297 1910 enim
3320 1855 3536 1912 animae

1877 1947 2060 2002 virtus
2093 1948 2166 2004 sit
2195 1946 2520 2016 vigilantia,
2554 1945 2733 2001 simul
2759 1961 2894 2000 cum
2923 1961 2994 2001 ea
3023 1949 3355 2018 permanet.

1946 2036 2199 2102 Quidam
2232 2052 2372 2092 vero
2403 2052 2474 2091 ex
2506 2035 2620 2090 hoc
2648 2034 2840 2090 reditu
2867 2038 2922 2090 et
2948 2035 3211 2090 adventu
3241 2049 3310 2089 ac
3338 2035 3537 2105 pulsa-

1878 2126 2035 2181 tione
2090 2125 2524 2186 intellexerunt,
2584 2122 2753 2196 quod
2829 2123 3092 2179 Christus
3165 2122 3408 2178 advenit
3458 2122 3538 2178 ad

1879 2221 2130 2270 mortem
2150 2215 2474 2286 justorum,
2491 2229 2600 2270 nec
2621 2214 2840 2269 borum
2866 2217 3116 2280 tantum,
3134 2227 3341 2268 verum
3357 2211 3537 2267 etiam

1877 2310 2260 2376 peccatorum
2295 2321 2309 2370 ;
2334 2310 2390 2358 et
2415 2305 2523 2358 hoc
2547 2319 2619 2358 ex
2647 2318 2717 2358 eo
2740 2301 3113 2367 conﬁrmant,
3139 2301 3304 2374 quod
3323 2301 3538 2356 dixerit

1877 2393 2030 2448 Deus
2055 2392 2222 2450 diviti
2250 2410 2262 2449 :
2285 2393 2607 2458 StulteJtac
2627 2395 2798 2449 nocte
2821 2391 3074 2448 animam
3096 2398 3259 2448 tuam
3275 2397 3537 2463 repetunt

1876 2498 1914 2540 a
1944 2492 1999 2540 te
2037 2485 2107 2540 ³⁵.

1946 2661 2055 2718 Alii
2102 2677 2242 2717 vero
2277 2663 2438 2718 hunc
2469 2661 2769 2732 accipiunt
2794 2659 3182 2722 intellectum,
3225 2662 3288 2713 ut
3313 2657 3534 2722 dicant,

1875 2752 2086 2809 Christi
2136 2751 2461 2807 adventum
2501 2765 2635 2806 esse
2677 2765 3016 2804 sermonem
3049 2747 3196 2817 ejus,
3243 2748 3344 2819 qui
3397 2753 3537 2802 tunc

1872 2841 2070 2913 justos
2101 2841 2348 2897 accersit
2386 2841 2463 2896 ad
2505 2839 2815 2909 gaudium,
2845 2841 3186 2911 peccatores
3227 2841 3425 2892 autem
3458 2835 3537 2893 ad

1878 2945 2128 2986 maerore
2137 2947 2191 2985 [II
2204 2973 2215 2985 .

1951 3021 2113 3077 Vers.
2153 3020 2249 3074 37.
2299 3021 2487 3076 Amen
2536 3049 2604 3058 -—-
2643 3017 2786 3073 illis.
2829 3016 3152 3086 Preecinget
3189 3031 3272 3080 se,
3314 3015 3538 3086 justitia

1808 3097 2341 3175 Cretributionis;
2416 3113 2471 3164 et
2527 3106 2704 3164 faciet
2777 3105 2908 3161 illos
2984 3105 3381 3170 discumbere,
3457 3105 3536 3160 ad

1878 3199 2140 3271 requiem
2195 3197 2644 3268 sempiternam,
2680 3201 2970 3268 tanquam
3017 3211 3118 3250 eos
3158 3196 3260 3266 qui
3296 3197 3538 3266 propter

1875 3288 2072 3360 ipsum
2098 3287 2522 3343 laboraverunt
2550 3305 2563 3344 :
2602 3302 2672 3340 ac
2703 3283 3066 3340 ministrabit
3090 3283 3220 3348 illis,
3254 3283 3534 3339 distribu-

1877 3379 2090 3433 tionem
2127 3377 2448 3446 dignarum
2479 3374 2960 3430 retributionum.

1948 3469 2107 3521 Vers.
2153 3465 2242 3522 38.
2275 3466 2432 3521 Etsi
2474 3496 2542 3504 —
2578 3464 2694 3520 illi.
2736 3463 2888 3531 Quia
2929 3463 3086 3518 nocti
3117 3476 3378 3534 praesens
3418 3462 3538 3518 vita

1877 3555 2259 3622 assimilatur,
2303 3560 2546 3627 propter
2586 3553 2842 3609 infusam
2868 3553 2920 3608 ei
2952 3552 3268 3622 caliginem
3293 3567 3361 3607 ac
3381 3567 3536 3608 erro-

1877 3661 2001 3700 rem
2033 3661 2068 3700 a
2089 3644 2465 3701 daemonibus
2487 3649 2543 3699 et
2573 3641 2881 3700 affectibus
2915 3659 2927 3699 :
2955 3643 3166 3697 merito
3193 3642 3250 3696 in
3268 3642 3537 3698 diversas

1876 3735 2126 3806 vigilias,
2149 3751 2255 3790 seu
2279 3734 2610 3800 custodias,
2628 3733 2827 3805 ipsam
2847 3732 3080 3788 dividit.
3101 3732 3334 3788 Veteres
3349 3732 3533 3803 enim,

1875 3825 1980 3897 qui
2012 3830 2184 3881 nocte
2227 3824 2570 3895 vigilabant,
2607 3825 2667 3878 in
2692 3829 2808 3878 tres
2856 3822 3141 3878 excubias
3165 3822 3358 3894 ipsam
3387 3823 3539 3878 divi-

1874 3914 2094 3970 debant
2162 3931 2175 3970 :
2239 3914 2489 3985 quidam
2548 3929 2686 3969 vero
2739 3911 2800 3968 in
2858 3915 3131 3985 quatuor.
3167 3914 3233 3967 Et
3277 3911 3538 3982 primam

1873 4004 2117 4077 quidem
2145 4003 2304 4067 dicit,
2352 4009 2571 4059 statum
2607 4018 2816 4058 eorum
2848 4001 2953 4074 qui
2989 4001 3064 4056 ad
3093 4001 3367 4056 virtutem
3401 4004 3540 4056 sunt

1870 4092 2269 4166 perfectiores,
2317 4093 2664 4156 secundam,
2703 4091 3114 4156 mediocrium,
3148 4091 3400 4155 tertiam,
3434 4104 3539 4160 po-

1873 4188 2230 4239 stremorum
2291 4197 2301 4234 :
2360 4181 2459 4253 qui
2503 4195 2730 4244 omnes,
2777 4180 2824 4235 si
2880 4180 2962 4235 ita
3018 4179 3236 4234 inventi
3297 4178 3536 4246 fuerint,

1876 4272 2030 4327 sicut
2075 4277 2210 4325 ante
2259 4270 2418 4334 dixit,
2467 4267 2737 4324 Videlicet
2783 4269 2963 4338 parati
3005 4267 3210 4322 mortis
3249 4273 3534 4338 tempore,

1877 4359 2033 4416 beati
2073 4363 2266 4424 erunt,
2318 4363 2522 4431 utpote
2550 4356 2684 4413 vitae
2712 4357 2899 4413 beatae
2943 4355 3162 4428 pariter
3195 4355 3532 4428 participes.

1947 4538 2110 4594 Vers.
2144 4543 2231 4594 39.
2275 4538 2400 4594 Hoc
2448 4569 2516 4577 —
2560 4551 2746 4593 suam.
2796 4534 3298 4607 Quinquagesimo
3330 4538 3536 4591 octavo

1876 4628 2056 4685 etiam
2082 4629 2263 4699 capite
2288 4626 2774 4697 Evangeliijuxta
2806 4624 3136 4681 Matthaeum
3166 4624 3309 4679 dixit
3341 4640 3354 4679 :
3388 4624 3537 4680 Illud

1876 4725 2065 4774 autem
2121 4718 2344 4782 scitote,
2404 4717 2564 4789 quod
2603 4719 2655 4772 si
2712 4715 2881 4772 sciret
2935 4714 3379 4786 paterfamilias,
3419 4727 3538 4786 qua

1875 4807 2071 4879 vigilia
2136 4808 2248 4878 fur
2320 4813 2602 4863 venturus
2661 4811 2806 4872 erat,
2861 4804 3150 4876 vigilasset
3197 4811 3428 4877 utoque,
3481 4809 3539 4862 et

1878 4901 2085 4954 cmtera
2134 4899 2201 4952 ⁸⁸.
2237 4897 2387 4968 Lege
2417 4912 2559 4968 ergo
2607 4895 2693 4952 ibi
2731 4895 3188 4952 enarrationem.

1950 4987 2111 5044 Vers.
2144 4990 2234 5043 4ο.
2260 4987 2338 5042 Et
2400 5016 2470 5028 —
2518 4992 2805 5043 venturus
2853 4991 2955 5043 est.
3012 4983 3099 5042 Ibi
3137 4999 3380 5059 quoque
3409 4984 3538 5042 hinc

1879 5077 2038 5134 dicta
2066 5081 2201 5133 sunt
2226 5091 2296 5134 ac
2325 5074 2645 5134 declarata.

1377 5429 1599 5499 Variae
1641 5430 1972 5499 lectiones
2020 5440 2084 5498 et
2128 5440 2329 5498 notae.

229 5625 296 5696 (ι)
331 5626 574 5698 Oportet
601 5628 760 5684 enim
781 5627 891 5686 hos
917 5643 1151 5702 semper
1175 5627 1372 5686 lucere
1398 5631 1453 5686 et
1476 5627 1840 5700 illuminare,
1872 5627 2038 5684 illum
2065 5627 2308 5701 quidem
2341 5642 2468 5694 nos,
2500 5628 2660 5685 hunc
2699 5643 2837 5685 vcro
2869 5641 2994 5692 eos,
3026 5640 3130 5700 qui
3159 5639 3195 5682 a
3223 5621 3396 5680 nobis
3427 5621 3538 5678 do-

152 5704 386 5754 cantur.
