3994 6218
497 254 602 310 987
1817 255 2105 313 EUTHYM
2120 257 2162 311 ll
2203 255 2530 312 ZIGABENI
3710 252 3781 310 988

573 381 736 437 Vers.
765 383 852 438 24.
879 381 1260 437 Considerate
1281 410 1339 421 —
1368 379 1751 436 volucres‘lln
1766 379 1864 436 illo
1896 379 2073 436 etiam
2087 378 2150 434 de

2207 382 2240 435 Α
2347 383 2716 438 Κατανοήσατε
2745 411 2813 420 -
2848 385 3089 431 πετεινῶν
3120 396 3133 442 ;
3161 378 3245 430 Ἐν
3271 375 3432 448 ἐνείνῳ
3460 383 3543 428 καὶ
3582 383 3677 450 περὶ
3695 383 3784 429 τού.

505 470 598 527 his
626 473 910 527 invenies.

2270 489 2368 521 των
2401 471 2657 542 εὑρήσεις.

575 562 736 616 Vers.
770 562 857 615 25.
906 560 1112 625 Quis—
1144 562 1301 616 Vers.
1338 563 1426 616 26.
1485 561 1730 616 solliciti
1757 561 1894 617 estis
1936 560 2015 615 De
2045 559 2152 615 hoc

2338 565 2430 621 Τίς
2461 591 2527 598 -
2554 565 2847 632 μεριμνᾶτε.
2907 557 3042 611 Ἐκεῖ
3095 561 3182 607 καὶ
3234 560 3351 629 περὶ
3399 559 3570 607 τούτου
3611 559 3784 628 εἴρηται.

503 665 742 722 quoque
768 650 849 705 ibi
871 649 1087 705 dictum
1109 655 1214 705 est.
1238 649 1542 706 Minimum
1574 655 1774 706 autem
1805 653 1980 706 vocat
1999 648 2080 718 ad,

2272 647 2585 720 Ἐλάχιστον
2644 645 2702 700 δὲ
2741 648 2875 718 λέγει
2926 652 3016 705 τήν
3081 664 3358 716 πηχυαιαν
3414 647 3690 717 προσθήκην
3728 657 3793 709 τῆς

502 739 759 794 ctionem
792 740 1140 812 quantitatis
1171 739 1444 795 cubitalis
1471 740 1548 795 ad
1575 744 1884 796 staturam.
2271 737 2492 798 ἡλικίας.

573 829 736 884 Vers.
764 831 853 884 27.
874 829 1251 885 Considerate
1272 860 1340 871 —
1357 831 1518 885 Vers.
1538 829 1625 886 28.
1647 845 1865 899 parum
1892 828 2150 897 ﬁdentes.

2343 832 2709 885 Κατανοήσατε
2741 858 2806 866 -
2833 826 3178 896 ὀλιγόπιστοι.
3240 829 3338 876 Καὶ
3367 828 3479 896 περὶ
3507 827 3677 876 τούτων
3698 823 3797 894 ἐντῷ

505 919 587 973 De
620 917 711 974 his
742 921 915 974 etiam
951 917 1233 990 pradicto
1265 919 1458 991 capite
1489 919 1945 990 disputavimus.

1541 919 1945 990 isputavimus.
2270 919 2332 992 ῥη
2344 919 2478 969 θέντι
2507 915 2767 987 κεφαλαίῳ
2797 911 3118 985 διελάϐομεν.

575 1009 742 1062 Vers.
775 1010 862 1063 29.
896 1009 972 1063 Et
1002 1024 1098 1063 vos
1129 1038 1199 1048 -—
1228 1009 1393 1063 Vers.
1423 1010 1510 1063 3-1.
1547 1008 1726 1064 vobis.
1772 1007 2055 1064 Praaterea

2345 1009 2445 1057 Καὶ
2470 1006 2616 1076 ὑμεῖς
2669 1037 2740 1045 -
2769 1006 2909 1076 ύμῖν.
2942 1003 3060 1056 Ἐτι
3087 1006 3180 1054 καὶ
3215 1006 3334 1072 περὶ
3370 1003 3570 1066 τούτων,
3617 1006 3693 1053 καὶ
3716 999 3800 1052 ἂνά-

507 1100 562 1152 et
575 1096 642 1152 de
656 1096 748 1151 his
771 1115 784 1154 :
811 1096 891 1152 ibi
906 1113 1046 1169 ergo
1068 1097 1196 1166 lege
1210 1097 1475 1152 omnium
1494 1097 1704 1152 horum
1721 1097 2084 1153 enarratione

2270 1095 2430 1164 γνωθι
2460 1093 2563 1146 ἐκεῖ
2599 1099 2693 1152 τήν
2722 1102 2822 1146 τῶν
2845 1093 3120 1167 εἰρημένων
3144 1093 3347 1144 πάντων
3374 1090 3603 1160 ἐξήγησιν
3629 1089 3801 1163 ἀκριϐῶς

507 1185 819 1255 diligenter
857 1186 1209 1258 expositam.

1067 1191 1209 1242 tam.
2271 1180 2639 1254 ἐκτεθειμένην.

576 1275 997 1350 Μετεωρίζεσθαι
1022 1281 1242 1331 autem.
1279 1278 1410 1347 (pro
1453 1291 1576 1347 quo
1609 1276 1816 1332 extolli
1856 1275 2153 1347 vertimus:

2342 1277 2708 1344 Μετεωρισμὸν
2741 1273 2857 1341 (17)
2905 1268 2964 1323 δὲ
2988 1275 3090 1322 νόει
3115 1289 3205 1342 μοι
3236 1276 3323 1320 νῦν
3353 1272 3438 1321 τὸν
3475 1271 3800 1343 περισπασμὸτ,

505 1363 603 1419 hic
636 1363 780 1418 mihi
805 1363 1081 1431 intellige,
1110 1380 1145 1418 a
1170 1363 1512 1420 coelestibus
1541 1362 1785 1418 distrahi
1807 1362 1886 1418 ad
1909 1369 2082 1418 terret

1725 1362 1785 1418 hi
1807 1362 1886 1418 ad
1909 1369 2160 1418 terrena.
2273 1364 2357 1412 τὸν
2383 1360 2483 1413 ἀπὸ
2513 1371 2611 1413 τῶν
2641 1362 2890 1434 ούρανίων
2922 1359 3005 1412 ἐπὶ
3032 1363 3096 1412 τὰ
3125 1365 3302 1430 γήῑνα.

575 1453 676 1523 -ι--ι-
701 1454 813 1506 Aut
843 1452 1179 1523 superbiam
1214 1468 1317 1507 seu
1356 1453 1537 1508 elatos
1577 1452 1839 1523 spiritus.

1705 1453 1839 1508 itus.
2349 1451 2369 1524 [
2398 1449 2465 1502 Ἢ
2507 1453 2620 1522 (18)
2661 1455 2753 1508 τήν
2776 1449 3229 1523 ύψηλοφροούνην.
3262 1447 3282 1520 ]

579 1544 734 1597 Vers.
753 1546 846 1598 32.
870 1543 962 1598 Ne
976 1573 1042 1584 —
1053 1557 1203 1611 grex
1215 1586 1228 1599 .
1250 1542 1581 1613 Postquam
1597 1558 1628 1597 a
1648 1541 1942 1613 corporali
1955 1540 2156 1596 sollici-

2343 1543 2425 1599 Μή
2507 1545 2762 1611 ποίμνιον.
2835 1541 3166 1598 Ἀποστήσας
3248 1546 3344 1600 τῆς
3413 1543 3688 1608 σωματικῆς

507 1632 710 1687 tudine
742 1631 1212 1704 adduxit,jubet,
1237 1647 1357 1686 non
1390 1632 1597 1686 timere
1621 1631 2013 1701 indigentiam
2039 1647 2084 1686 c4

2273 1636 2477 1705 ρίμνης,
2522 1629 2732 1695 κελεύει,
2788 1633 2859 1701 μή
2894 1627 3163 1700 φοϐεῖσθαι
3229 1632 3322 1683 τήν
3388 1622 3577 1678 ἔνδειαν
3628 1632 3705 1684 τής
3737 1642 3807 1675 σω-

505 1720 730 1792 poratis
751 1721 1122 1776 necessitatis
1149 1720 1460 1792 :pusillum
1490 1735 1730 1790 gregem
1757 1736 2000 1787 vocans,
2027 1735 2082 1775 cc

2232 1729 2500 1792 ιματικῆς
2562 1725 2749 1792 χρείας
2829 1721 3027 1789 Μικρὸν
3087 1713 3146 1769 δὲ
3187 1722 3425 1786 ποίμνιον
3475 1715 3617 1784 λέγει,
3668 1718 3715 1764 τὸ
3747 1715 3809 1762 r3-

509 1813 919 1881 gregationem
950 1810 1236 1876 ﬁdelium,
1271 1810 1543 1866 collatam
1578 1809 1655 1866 ad
1688 1809 2086 1878 magnitudine

2280 1829 2458 1880 στημα
2485 1817 2581 1860 τῶν
2609 1815 2828 1873 πιστῶν,
2882 1808 3001 1858 ὅσον
3043 1810 3169 1880 πρὸς
3218 1809 3275 1857 τὸ
3333 1806 3544 1876 μέγεθος
3578 1810 3661 1863 τῆς
3702 1799 3812 1870 ἀγχε-

508 1900 790 1969 angelicae
810 1899 1221 1956 multitudinis.
1241 1902 1300 1954 In
1319 1899 1609 1971 parabola
1631 1898 1951 1970 siquidem,
1976 1915 2085 1968 ang

2277 1899 2428 1960 λικῆς
2457 1897 2702 1958 πληθύος.
2732 1899 2813 1949 Ἐν
2847 1904 2909 1968 τῇ
2943 1893 3209 1970 παραϐολῇ
3238 1896 3340 1965 γὰρ
3371 1898 3489 1954 τούς
3513 1896 3597 1964 μὲν
3623 1890 3813 1960 densis-ig

507 1989 619 2055 los,
651 1989 979 2058 nonaginta
995 2004 1212 2044 novem
1235 2005 1375 2045 oves
1401 1988 1743 2062 appellavit,
1769 1987 1976 2043 ﬁdeles
1999 2003 2084 2043 vel

2282 1988 2720 2046 ἐνενηκονταεννέα
2793 1985 3031 2058 πρόϐατα
3093 1981 3199 2037 εἶπε
3259 2001 3269 2012 ·
3331 1989 3450 2042 τούς
3521 1977 3577 2034 δέ
3631 1982 3811 2036 πιστούς.

512 2092 718 2134 unam.

2283 2079 2349 2129 ἓν.

582 2167 691 2223 Vel
711 2167 886 2223 etiam
912 2168 987 2223 ad
1020 2167 1500 2238 magnitudinem
1527 2166 1924 2223 multitudinis
1955 2166 2159 2223 inﬁde-

2353 2165 2420 2218 ’Ἡ
2478 2169 2567 2217 καὶ
2618 2168 2744 2239 πρὸς
2790 2167 2848 2216 τὸ
2897 2165 3111 2236 μέγεθος
3167 2169 3257 2214 τοῦ
3313 2161 3544 2222 πλήθους
3591 2166 3678 2211 τῶν
3726 2154 3813 2207 ἄπει

510 2255 680 2311 lium.

2286 2275 2436 2308 στων.

583 2347 698 2402 Aut
732 2350 975 2418 propter
994 2345 1388 2402 voluntariam
1407 2345 1797 2416 dejectionem
1821 2345 2160 2416 hujusmodj

2351 2344 2420 2396 Ἦ
2452 2349 2539 2395 καὶ
2580 2339 2671 2396 διὰ
2701 2347 2790 2401 τήν
2844 2341 3082 2394 ἑκούσιον
3127 2345 3443 2393 ταπείνωσιν
3495 2346 3581 2391 τοῦ
3635 2337 3814 2388 τοιούτου

517 2433 730 2506 gregis.
771 2435 992 2490 Deinde
1041 2451 1293 2491 causam
1347 2434 1528 2491 etiam
1586 2435 1772 2500 addit,
1819 2451 1924 2491 cur
1961 2435 2094 2492 time

2283 2439 2524 2506 ποιμνίου
2560 2451 2572 2465 θ
2603 2429 2712 2484 εἶτα
2758 2433 3083 2504 προστίθησι
3112 2434 3202 2482 καὶ
3244 2435 3339 2488 τήν
3381 2431 3550 2482 αἰτίαν
3573 2436 3654 2480 τοῦ
3675 2429 3732 2500 μὴ
3757 2444 3819 2494 eo-

513 2539 630 2579 non
670 2529 959 2596 oporteat.

934 2530 959 2580 t.
2283 2523 2511 2577 δεῖσθαι.

588 2615 748 2668 Vers.
778 2615 864 2669 32.
887 2615 1116 2683 Quia—
1139 2631 1402 2686 regnum.
1438 2613 1607 2680 Quod
1638 2613 1685 2668 si
1711 2614 1862 2670 adeo
1886 2629 2165 2682 magnam

2351 2613 2467 2665 Ὀτι
2504 2611 2794 2685 βασιλείαν.
2820 2611 2878 2664 Εἰ
2909 2607 2968 2663 δε
3010 2615 3104 2668 τὴν
3135 2610 3270 2662 οὕτω
3308 2609 3542 2682 μεγάλην
3570 2612 3650 2658 καὶ
3679 2605 3819 2676 έξαίρε-

514 2717 584 2758 ac
609 2703 1045 2774 praecellentem
1075 2703 1411 2759 fruitionem
1442 2702 1666 2768 tribuit,
1705 2703 1873 2759 dabit
1898 2703 2091 2775 utique

2283 2723 2367 2756 τον
2396 2701 2682 2754 ἀπόλαυσιν
2723 2697 2941 2762 δίδωσι,
2995 2696 3158 2752 δώσει
3185 2701 3392 2759 πάντως
3421 2703 3508 2750 καὶ
3536 2700 3594 2749 τὰ
3621 2696 3821 2764 ἀναγκαῖα

511 2792 864 2857 necessaria,
895 2793 1146 2864 vitaeque
1173 2792 1549 2848 sufﬁcientia.

1058 2808 1146 2864 [ue
1173 2792 1549 2848 sufﬁcientia.
2283 2799 2372 2845 καὶ
2404 2794 2635 2866 ζωαρκῆ.

583 2883 741 2936 Vers.
763 2882 849 2938 33.
875 2882 1112 2939 Vendite
1124 2915 1191 2922 —-
1209 2883 1622 2952 elemosynam
1634 2920 1648 2937 .
1669 2882 1789 2938 Hoc
1806 2886 2160 2954 praeceptum

2355 2882 2634 2939 Πωλήσατε
2691 2912 2759 2919 -
2816 2879 3185 2950 ἐλεημοσύνηνι
3243 2878 3390 2934 Αὕτη
3443 2879 3472 2935 ἡ
3532 2874 3684 2931 ἐντολή
3733 2875 3821 2943 πρὸς

515 2971 590 3027 ad
618 2986 743 3037 eos,
776 2972 877 3043 qui
900 2973 1132 3036 habent,
1167 2972 1458 3042 dirigitur.

2282 2977 2402 3031 τοὺς
2430 2972 2540 3042 (19)
2575 2972 2791 3041 ἔχοντας
2821 2968 3151 3021 ἀποτέταται.

583 3062 748 3116 Vers.
775 3065 862 3118 33.
895 3062 1104 3119 Facite
1119 3061 1469 3118 —corrodit.
1487 3061 1770 3117 Βαλάντιον
1794 3066 1882 3117 est
1905 3061 2031 3134 ipse
2052 3061 2160 3117 the.

2354 3065 2614 3118 Ποιήσατε
2697 3089 2766 3098 -
2839 3054 3146 3131 διαφθείρει,
3223 3055 3504 3108 Βαλάντιον
3587 3052 3686 3124 ('20)
3760 3053 3823 3121 μέν

513 3167 747 3207 saurus.
784 3155 910 3207 Non
935 3157 1324 3220 veterascens,
1357 3151 1516 3207 idem
1545 3158 1650 3215 est,
1691 3151 1857 3224 quod
1877 3166 2000 3207 non
2031 3151 2090 3206 de

2242 3138 2246 3148 y
2283 3150 2444 3218 ἐστιν,
2467 3151 2491 3200 ὁ
2525 3151 2789 3218 θησαυρὸς
2820 3167 2832 3179 ’
2869 3151 2941 3219 μή
3000 3145 3382 3217 παλαιούμενον
3433 3141 3513 3207 δὲ,
3568 3146 3621 3194 τὸ
3653 3138 3819 3192 ἀνέκλει-

515 3242 672 3298 ciens
713 3258 728 3308 ;
762 3241 1028 3298 secunda
1062 3241 1263 3315 itaque
1289 3241 1580 3314 particula
1619 3242 2056 3312 interpretativa
2085 3262 2092 3294 ε

2283 3260 2406 3293 πτον
2441 3283 2451 3294 .
2485 3235 2570 3291 διὸ
2592 3243 2681 3289 καὶ
2728 3236 3150 3310 ἐφερμηνευτικός
3196 3238 3340 3286 ἐστιν
3385 3236 3411 3284 ὁ
3442 3230 3664 3305 δεύτερος
3697 3230 3822 3298 λόγος·

514 3331 604 3403 pri
612 3347 744 3387 mea.
760 3331 910 3401 Lege
923 3335 1203 3402 praeterea
1214 3331 1420 3403 quinto
1432 3331 1452 3401 j
1464 3336 1603 3386 uxta
1618 3330 1970 3388 Mattheeum
1986 3345 2091 3401 cap

2283 3330 2572 3400 Ἀνοὶγνωθι
2610 3323 2668 3379 δε
2696 3331 2782 3377 καὶ
2832 3325 2880 3377 ἐν
2911 3334 2980 3395 τῷ
3013 3329 3226 3396 πέμπτῳ
3284 3323 3548 3395 κεφαλαίῷ
3607 3328 3685 3371 τού
3727 3319 3823 3367 κατὰ

513 3421 1056 3492 interpretationem
1076 3421 1203 3491 ejus
1226 3419 1391 3492 quod
1413 3419 1586 3475 dicit:
1615 3420 1702 3476 Ne
1725 3419 2055 3475 recondatis
2079 3435 2090 3474 1

2283 3420 2549 3472 Ματθαῖον
2604 3420 2696 3473 τὴν
2738 3415 3005 3490 ἑρμηνείαν
3040 3421 3129 3465 τοῦ
3165 3430 3176 3442 ·
3230 3418 3315 3470 Μή
3384 3413 3704 3484 θησαυρίζετε
3741 3406 3826 3474 ὑμῖν

517 3509 601 3564 bis
631 3510 918 3564 thesauros
965 3510 1028 3564 in
1072 3516 1235 3566 terra
1267 3510 1335 3574 9‘,
1368 3514 1426 3565 et
1455 3514 1687 3573 ceetera,
1722 3509 1819 3564 ubi
1859 3509 2037 3564 etiam

2287 3511 2582 3581 θησαυρούς
2633 3505 2715 3557 ἐπὶ
2752 3512 2845 3565 τῆς
2884 3512 3003 3575 γῆς,
3055 3509 3144 3555 καὶ
3183 3505 3248 3554 τὰ
3277 3501 3423 3568 ἑξῆς,
3466 3503 3582 3553 ἔνθα
3623 3503 3699 3549 καὶ
3743 3498 3827 3566 περὶ

515 3597 787 3668 his,qum
839 3601 1188 3668 sequuntur,
1239 3597 1522 3653 invenies.

1239 3597 1522 3653 invenies.
2285 3606 2383 3650 τῶν
2416 3597 2530 3658 ἑξῆς
2562 3597 2816 3667 εύρπσεις.

592 3686 752 3741 Vers.
783 3689 870 3741 34.
906 3686 1013 3743 Ubi
1045 3717 1110 3726 —
1141 3687 1272 3743 erit.
1307 3689 1742 3759 Consequenter
1775 3686 1856 3742 ibi
1885 3685 2066 3742 etiam
2099 3685 2169 3742 de

2353 3685 2532 3738 Ὀππυ
2562 3715 2629 3724 -
2668 3687 2831 3735 ἔσται.
2855 3680 3176 3742 Ἀκολούθως
3226 3680 3337 3731 ἐκεῖ
3373 3686 3468 3732 καὶ
3526 3682 3635 3749 περὶ
3682 3677 3825 3725 τούτων

516 3774 612 3831 his
644 3775 863 3830 dictum
895 3781 1000 3830 est.
2287 3775 2500 3850 ἐρῥὴθη.

590 3864 754 3920 Vers.
785 3865 880 3920 35.
936 3864 1057 3919 Sint
1079 3895 1145 3906 —
1172 3879 1435 3922 accensae.
1469 3865 1614 3920 Cum
1646 3865 1997 3938 prmcinctos
2046 3879 2167 3920 esse

2356 3864 2631 3918 Ἔστωσαν
2687 3894 2749 3902 —-
2819 3867 3104 3932 καιόμενοι.
3191 3861 3284 3911 Διὰ
3366 3866 3459 3931 μὲν
3525 3865 3610 3909 τοῦ
3667 3852 3826 3904 κελεύειν

515 3952 706 4025 jubet,
747 3954 1089 4024 practicam,
1120 3954 1240 4009 sive
1267 3954 1654 4026 operativam,
1688 3954 1968 4026 proponit
1998 3954 2085 4009 vir

2285 3954 2650 4029 περιεζῶσθαι,
2729 3955 2821 4008 τὴν
2894 3953 3185 4023 πρακτικὴν
3275 3946 3471 4022 ἀρετήν
3545 3945 3823 3999 ὑποτίθεται·

519 4048 665 4098 tem:
687 4058 826 4097 cum
852 4058 992 4099 vero
1011 4042 1286 4100 lucernas
1313 4043 1559 4098 accendi
1591 4043 1879 4116 praecipit,
1913 4047 2096 4099 conte]

2288 4043 2379 4097 διὰ
2433 4040 2491 4094 δὲ
2540 4049 2629 4093 τοῦ
2697 4039 2984 4092 ἐπιτάττειν
3034 4039 3377 4109 λυχναπτείν,
3422 4041 3510 4093 τήν
3553 4034 3823 4104 θεωρητικήν·

517 4133 828 4205 plativam.
846 4132 1043 4189 Solent
1057 4133 1217 4188 enim
1234 4133 1336 4205 qui
1351 4133 1576 4204 aliquid
1592 4138 1916 4204 operantur
1932 4132 2094 4188 lumb

2287 4134 2516 4187 Εἰώθασι
2545 4135 2642 4202 γὰρ
2689 4135 2776 4180 καὶ
2807 4131 2854 4180 οἱ
2913 4128 3248 4200 ἐργαζομενοι
3303 4130 3406 4188 τὰς
3471 4126 3655 4197 ὀσφύας
3698 4135 3824 4188 περιε-

519 4223 739 4280 habere
761 4224 1201 4296 praeeinctos,et
1216 4224 1319 4295 qui
1336 4222 1500 4292 casti,
1528 4222 1780 4278 modesti
1795 4239 1863 4278 ac
1882 4221 2065 4278 sobrii
2086 4230 2096 4286 <

2290 4225 2508 4286 ζώσθαι,
2573 4224 2661 4271 καὶ
2706 4221 2753 4270 οὶ
2804 4224 3060 4290 νήφοντες,
3129 4217 3358 4286 λύχνους
3408 4223 3589 4271 καίειν.
3671 4215 3708 4262 οἱ
3744 4211 3823 4277 μὲν»

517 4292 1061 4384 ἀθεαῐιιξιυοθτηθε
1082 4292 1398 4368 incendere
1430 4328 1441 4367 :
1461 4312 1542 4367 illi
1561 4312 1809 4384 quidem
1831 4318 1895 4367 ut
1913 4311 2094 4384 exped

2287 4314 2368 4363 ἵνα
2396 4309 2655 4369 εὐσταλῶς
2710 4309 3006 4360 πράττωσιν
3041 4326 3052 4338 ’
3080 4308 3128 4358 οἱ
3174 4302 3252 4370 δὲ,
3287 4305 3375 4355 ἵνα
3439 4307 3713 4376 θεωροῦντες
3735 4292 3824 4346 διέ-

521 4407 872 4476 operentur;
900 4404 960 4458 hi
995 4418 1131 4458 vero
1179 4408 1242 4458 ut
1290 4402 1345 4456 in
1377 4401 1507 4458 luce
1547 4408 1959 4473 permaneant.
2211 4449 2253 4502 Β
2283 4418 2439 4470 γωσι.

592 4494 770 4548 Aliter
825 4509 1066 4565 quoque
1132 4508 1236 4564 per
1286 4491 1633 4547 lumborum
1690 4490 2169 4563 praecinctionem

2248 4477 2253 4492 '
2361 4493 2460 4541 Καὶ
2491 4487 2669 4559 ἑτέρως
2726 4482 2804 4551 δε,
2837 4488 2866 4543 ἡ
2923 4489 3011 4558 μὲν
3069 4493 3166 4536 τῶν
3213 4484 3426 4555 ὀσφύων
3470 4486 3736 4551 περίζωσιςν
3763 4477 3825 4525 τήν

523 4583 598 4638 ad
632 4561 1112 4651 concupisci‘bilis
1136 4561 1560 4651 valligationem
1593 4561 1981 4648 adhortatur;
2034 4595 2100 4634 na

2286 4599 2375 4629 τον
2440 4579 2819 4647 ἐπιθυμητικοῦ
2885 4570 3294 4646 περιδέσμευσιν
3380 4569 3710 4625 διακελεύεται
3758 4579 3827 4610 ’ὓ

523 4671 582 4726 in
599 4669 820 4725 lumbis
841 4670 1300 4742 concupiscibile
1321 4671 1498 4725 situm
1531 4675 1638 4735 est,
1668 4685 1774 4741 per
1795 4669 2100 4725 lucernaru

2289 4674 2402 4725 ταῖς
2446 4666 2639 4737 ὀσφύσι
2693 4668 2790 4737 γὰρ
2855 4671 3022 4716 κεῖται
3071 4666 3128 4714 τὸ
3184 4661 3563 4734 ἐπιθυμητικον
3604 4678 3615 4686 ”
3651 4651 3826 4713 toﬁ-76w

524 4774 667 4816 vero
707 4759 1143 4827 accensionem,
1190 4759 1570 4832 splendorem
1618 4757 1910 4815 interioris
1955 4771 2025 4814 ac
2063 4757 2101 4813 ei

2288 4755 2492 4828 λύχνων
2549 4763 2753 4825 καῦσις,
2823 4757 3009 4821 εῖτουν,
3066 4750 3356 4813 ἁνάκαυσις
3408 4755 3493 4803 καὶ
3548 4745 3731 4818 eiut-136,
3765 4742 3827 4792 τέ’

597 4939 646 4976 ⁸⁸
675 4938 874 4998 Matth.
907 4955 982 4997 γι.
1001 4937 1089 4996 19.

1751 5059 1970 5128 Variae
2007 5059 2336 5127 lectiones
2383 5064 2450 5126 et
2487 5067 2690 5126 notae.

598 5266 710 5339 (17)
737 5263 1056 5339 Hentenius
1080 5278 1328 5339 prosuo
1359 5259 1635 5339 arbritrio
1667 5256 2184 5339 videturecrip‘si‘s-
2293 5255 2476 5339 habet
2499 5253 2840 5339 Eleutenius.

529 5325 614 5397 se‘
642 5325 1101 5412 μέτετιιρίζεσθαι.’
1128 5335 1307 5404 Igitur
1352 5335 1522 5390 stiam
1582 5333 1947 5406 περισπασμόν
1994 5325 2106 5384 Γὲᾱι

1247 5352 1307 5390 ur
1352 5335 1522 5390 stiam
1582 5333 1947 5406 περισπασμόν
1994 5325 2185 5384 réddi—
2513 5325 2824 5412 [ιλρμσίους.

529 5396 914 5488 enatura/{zz
1035 5479 1042 5488 I
1119 5396 1228 5488 ἶ,
1645 5396 1671 5484 ’.
1822 5396 1862 5488 ,’
1919 5475 1955 5488 ..
2024 5487 2029 5488 ν

1393 5476 1401 5485 ,
1645 5396 1671 5484 1
1822 5396 1862 5488 Δ·
1919 5475 1955 5488 ῃ
2368 5399 2485 5469 (20)
2511 5396 2840 5468 Βαλλάντιον,
2870 5401 2930 5449 Α.

602 5484 717 5555 (18)
746 5481 999 5546 Inclusa,
1030 5479 1088 5533 in
1116 5483 1275 5534 textu
1304 5478 1362 5542 Β,
1391 5476 1450 5530 in
1485 5475 1774 5544 margine,
1804 5477 1874 5530 A.
1917 5475 2042 5529 Non

600 5663 690 5736 (h)
720 5659 930 5716 Tribus
969 5655 1280 5715 vocabulis
1307 5653 1565 5712 reddidit
1589 5667 1780 5709 unum
1821 5657 2081 5726 νήφοντες.
