3994 6218
152 264 261 324 989

1279 268 1648 325 COMMENT.
1693 269 1761 324 IN
1791 269 2048 325 LUCAM'
2093 301 2154 312 --
2197 270 2351 327 CAP.
2392 269 2490 327 XI.

3417 269 3523 326 990

152 392 497 466 λαμπρότητα
539 403 630 448 τοῦ
687 415 738 448 τε
795 391 1091 448 ἐνδιαθέτου
1144 395 1302 466 λόγου
1355 403 1444 449 καὶ
1492 405 1582 449 τοῦ
1634 416 1756 470 προ-

1919 397 2106 452 uentis
2164 399 2454 454 sermonis
2512 396 2733 454 statuit.
2770 398 3011 469 Oportet
3071 395 3252 462 enim,
3304 399 3367 452 ut
3427 395 3524 451 hic

151 491 373 555 φόρικοῦ
435 480 788 536 διατάττεται.
866 490 980 557 Χρὴ
1035 488 1132 558 γαρ
1175 490 1390 547 τούτους
1433 485 1510 538 ἀεὶ
1539 486 1756 559 λάμπειν

147 592 240 623 καί
282 575 545 644 φωτίζῃ-’δν
600 578 686 625 τὸν
733 578 821 645 μὲν
856 577 1012 645 ἡμᾶς.
1063 579 1148 627 τὸν
1191 573 1249 628 δὲ
1300 580 1419 637 τοὺς
1470 577 1552 648 ὑφ’
1612 578 1756 647 ἡμῶν

148 658 593 734 διδασκομένους.

225 757 326 804 Καὶ
409 753 552 824 ὑμεῖς
618 783 686 793 -
751 755 951 826 γάμων.
1013 757 1106 806 Διά
1178 753 1472 828 παραϐο)ῆς
1529 758 1756 826 ἐνέφηνεν

146 840 528 911 ἑτοιμάζεσθαι
576 845 705 915 πρὸς
759 841 1051 900 ἀπάντησιν
1107 843 1285 910 αὐτοῦ,
1344 847 1534 911 ,πάντα
1589 844 1755 906 κα).ὠς

147 927 546 1001 διατιθεμένους
607 938 695 984 καὶ
761 930 1095 1004 ἀναμένοντας
1147 934 1297 985 αὐτόν
1349 933 1597 1006 gillo-ara
1654 936 1753 985 πά-

143 1019 225 1070 λιν
285 1019 426 1082 ἥξειν
466 1019 518 1082 ἐξ
565 1021 804 1093 ούρανοῦ.
868 1024 963 1074 Διά
1014 1031 1166 1074 τουτο
1213 1026 1312 1096 γαρ
1366 1023 1611 1074 ἀνάλυσιν
1666 1027 1755 1094 μεν

146 1110 393 1180 ὠνόμασε
448 1114 542 1167 τὴν
586 1113 715 1182 μετά
767 1114 823 1162 τό
873 1109 1126 1170 ἀναϐῆναι
1182 1117 1398 1185 χρονίαν
1458 1113 1616 1165 αὐτοῦ
1665 1115 1755 1163 κά-

149 1195 326 1251 θοδον’
369 1200 566 1270 γάμους
607 1195 684 1262 δὲ,
723 1203 816 1257 τὴν
868 1202 971 1252 ἄνω
1023 1201 1342 1276 εὐφροσύνην
1381 1207 1467 1254 καὶ
1502 1201 1754 1273 ἀγαλλία-

155 1308 259 1340 σιν.

221 1384 329 1430 Ίνα
353 1409 415 1418 —
441 1378 600 1448 αύτῷ.
615 1385 916 1444 Τουτεστιν,
938 1380 1019 1430 ἶνα
1039 1379 1337 1452 αἰσθόμενοι
1353 1389 1412 1438 τῆ
1428 1401 1447 1442 ς
1465 1386 1754 1453 παρουσίας

149 1467 332 1532 αὐτοῦ,
357 1469 634 1542 προθύμως
659 1472 747 1519 καὶ
771 1471 899 1529 μετά
925 1474 1100 1542 χαρᾶς
1123 1469 1513 1534 ἀπαντήσωσιν,
1530 1467 1680 1521 οὐδέν
1705 1489 1756 1521 τι

148 1560 376 1629 πονηρόν
407 1553 694 1616 συνειδότες
722 1557 944 1620 ἑαυτοῖς.
999 1563 1286 1631 Περαιτέρω
1315 1563 1416 1633 γαρ
1456 1559 1514 1610 ού
1555 1578 1756 1631 περιερ-

142 1651 371 1717 γαστέον
401 1651 494 1704 τὴν
525 1646 844 1718 παραϐολήν.

1868 502 2102 558 semper
2135 486 2444 552 illuminet,
2488 492 2613 543 tum
2660 503 2790 553 nos,
2833 491 2957 542 tum
2999 503 3102 542 eos
3133 487 3234 558 qui
3281 501 3316 542 a
3355 485 3523 542 nobis

1867 575 2156 632 docentur
2178 577 2262 648 (ί).

1937 757 2094 810 Vers.
2139 755 2228 810 36.
2280 756 2356 811 Et
2403 771 2502 811 vos
2533 787 2598 796 —
2625 756 2870 825 nuptiis.
2920 755 3028 810 Per
3073 753 3524 810 similitudinem

1865 844 2238 914 signiﬁcavit,
2281 851 2341 900 ut
2400 845 2477 900 ad
2521 861 2840 900 occursum
2875 860 3051 899 suum
3096 848 3522 916 praeparentur,

1865 936 1924 990 in
1967 934 2250 990 omnibus
2302 934 2454 989 bene
2485 934 2779 1006 dispositi,
2811 939 2868 988 et
2903 939 3319 1004 exspectantes
3360 949 3520 1002 eum,

1863 1023 1967 1096 qui
1992 1039 2230 1078 rursum
2264 1038 2294 1078 e
2324 1022 2471 1078 coelo
2503 1028 2785 1078 venturus
2814 1027 2921 1077 est.
2955 1023 3194 1094 Propter
3220 1023 3334 1076 hoc
3365 1021 3526 1076 enim

1863 1113 2214 1169 descensum
2237 1129 2436 1176 suum,
2459 1127 2601 1184 quo,
2625 1110 2806 1181 longo
2831 1115 3207 1182 exspectatus
3235 1115 3523 1181 tempore,

1868 1202 2076 1266 veniet,
2104 1202 2504 1258 reversionem
2555 1201 2877 1257 nominavit
2923 1200 3202 1270 ;nuptias
3243 1215 3384 1254 vero
3428 1216 3529 1254 su-

1866 1307 2115 1363 pernam
2164 1291 2426 1348 lmtitiam
2475 1299 2529 1346 et
2561 1290 3044 1346 exsultationem.

1937 1381 2111 1438 Vers.
2135 1381 2224 1437 36.
2261 1383 2333 1439 Ut
2360 1413 2427 1422 —
2455 1380 2528 1436 ei.
2559 1381 2679 1436 Hoc
2706 1387 2810 1447 est,
2847 1384 2907 1435 ut
2933 1383 3370 1448 cognoscentes
3398 1378 3527 1448 ejus

1867 1470 2208 1540 adventum,
2238 1476 2513 1542 prompte
2558 1474 2612 1525 et
2634 1485 2770 1524 cum
2798 1469 3021 1539 gaudio
3045 1473 3381 1531 occurranl,
3401 1466 3532 1522 nul-

1867 1559 1978 1615 lius
2018 1559 2125 1616 sibi
2161 1559 2301 1616 mali
2333 1559 2573 1614 conscii.
2610 1558 2826 1613 Praeter
2872 1558 3000 1613 haec
3030 1562 3232 1612 autem
3276 1555 3415 1612 nihil
3440 1559 3530 1611 est

1867 1649 2094 1704 curiose
2120 1649 2508 1704 scrutandum
2533 1647 2606 1702 de
2645 1646 2950 1718 parabola.

219 1739 486 1808 Μακάριοι
517 1768 578 1777 --
600 1745 1005 1812 γρηγοροῦντας.
1037 1743 1424 1811 Γρηγοροῡντας
1456 1741 1546 1800 ἔτι»
1577 1735 1670 1790 διὰ
1700 1742 1756 1789 τὸ

1941 1737 2100 1794 Vers.
2161 1739 2249 1793 37.
2297 1738 2463 1793 Beati
2516 1768 2586 1778 —
2644 1736 2982 1807 vigilantes.
3026 1736 3347 1805 Vigilantes
3388 1735 3526 1791 item

145 1829 194 1878 ἐν
224 1825 539 1897 ἐγρηγόρσει
568 1825 837 1878 ἀποθανεῖν
870 1827 1078 1888 αύτούς.
1112 1829 1299 1900 Ἀρετὴ
1332 1830 1432 1902 γὰρ
1465 1824 1555 1888 τῆς
1575 1827 1758 1898 ψυχῆς

146 1916 287 1967 οὖσα
319 1918 350 1973 ἡ
389 1913 716 1989 ἐγρήγορσις,
763 1921 1153 1987 συμπαραμένει
1183 1917 1336 1988 αὐτῇ.

214 2008 362 2064 Τίνες
405 2001 463 2056 δε
513 2002 612 2055 ἀπό
665 2013 760 2065 τῆς
806 2003 1097 2066 ἀναλύσεως
1136 2013 1226 2057 καὶ
1266 2015 1360 2066 τῆς
1390 2007 1627 2066 ἐλεύσεως
1671 2013 1759 2058 καὶ

144 2097 415 2168 κρούσεως
474 2093 710 2156 ἐνόησαν,
784 2096 860 2146 ὅτι
914 2097 939 2146 ό
1003 2099 1228 2168 Χριστός
1293 2096 1446 2158 αὐτὸς
1515 2092 1762 2168 ἐπιδημεῖ

148 2190 269 2244 ταῖς
321 2183 584 2245 τεὶευταῖς
646 2193 746 2234 τὼν
797 2180 1036 2251 δικαίων,
1079 2189 1168 2237 καὶ
1222 2184 1279 2236 ού
1339 2191 1490 2256 μόνον
1543 2188 1758 2254 τούτων,

152 2271 284 2324 ἀλλά
342 2278 436 2324 καὶ
492 2281 591 2325 τῶν
657 2272 990 2347 ἁμαρτωλῶν.
1065 2279 1163 2326 Καὶ
1221 2283 1373 2326 τουτο
1432 2273 1758 2347 βεϐαιούσιν,

152 2361 256 2413 ἀπὸ
321 2369 415 2414 τοῦ
501 2362 656 2416 εἰπεῖν
719 2366 805 2414 τόν
868 2366 996 2415 Θεὸν
1072 2373 1144 2434 τῷ
1218 2363 1473 2434 πλουσίῳ,
1541 2363 1756 2436 "Appeal,

148 2454 318 2522 ταύτῃ
391 2459 451 2522 τῇ
525 2457 674 2503 νυκτὶ
725 2456 818 2510 τὴν
885 2450 1060 2522 ψυχήν
1121 2473 1214 2505 σου
1287 2451 1600 2505 ἀπαιτοῦσιν
1659 2452 1759 2506 ἀπὸ

156 2547 256 2590 σού
266 2582 277 2591 .

221 2627 429 2700 Ἐτεροι
483 2626 542 2681 δε
595 2649 652 2681 το
705 2638 934 2682 τοιοῦτον
1007 2635 1174 2701 νόημα
1233 2629 1529 2703 δεχόμενοι,
1604 2638 1760 2704 φασὶν

150 2713 445 2789 ἐπιδημίαν
495 2726 754 2792 Χριστοῦ,
804 2723 890 2771 τόν
946 2719 1095 2791 λόγον
1155 2721 1333 2786 αὐτοῦ,
1395 2728 1478 2774 τόν
1526 2742 1759 2794 μετακα-

146 2807 396 2879 ὶούμενον
425 2817 712 2865 τηνικαῦτα
739 2813 858 2868 τοὺς
898 2812 985 2881 μεν
1019 2805 1257 2872 δικαίους
1292 2810 1362 2873 εἰς
1392 2814 1588 2885 χαρὰν,
1639 2815 1758 2874 τοὺς

149 2894 209 2950 δί
237 2897 606 2969 ἁμαρτωλούς,
635 2897 702 2958 εἰς
741 2898 928 2956 λύπην.

224 2987 396 3057 Ἀμὴν
458 3018 525 3026 —
586 2987 777 3047 αὐτοῖς.

851 2989 1224 3062 ΙΙεριζώσεται,
1301 2997 1363 3062 τῇ
1443 2987 1752 3062 δικαιοσύνη

1867 1843 1936 1883 eo
1957 1828 2122 1900 quod
2143 1829 2203 1883 in
2226 1827 2530 1897 vigilantia
2554 1825 2883 1882 moriantur
2909 1843 2922 1881 :
2948 1842 3087 1881 cum
3129 1826 3288 1880 enim
3311 1825 3528 1882 anima:

1869 1917 2052 1972 virtus
2085 1917 2157 1973 sit
2186 1916 2511 1985 vigilantia,
2545 1916 2724 1971 simul
2751 1932 2886 1970 cum
2915 1931 2986 1971 ea
3015 1920 3347 1988 permanet.

1938 2006 2190 2071 Quidam
2223 2021 2364 2062 vero
2395 2021 2466 2061 ex
2497 2005 2612 2060 hoc
2640 2004 2831 2060 reditu
2859 2009 2914 2060 et
2940 2005 3202 2060 adventu
3233 2019 3302 2058 ac
3330 2006 3530 2075 pulsa-

1869 2095 2026 2150 tione
2082 2095 2515 2156 intellexerunt,
2575 2092 2745 2166 quod
2820 2093 3084 2150 Christus
3157 2092 3400 2148 advenit
3450 2092 3530 2148 ad

1871 2190 2122 2240 mortem
2141 2185 2465 2256 justorum,
2482 2199 2591 2240 nec
2612 2183 2832 2240 horum
2856 2187 3107 2251 tantum,
3125 2198 3333 2238 verum
3349 2182 3528 2238 etiam

1869 2279 2252 2345 peccatorum
2286 2290 2300 2339 ;
2325 2279 2381 2328 et
2407 2275 2515 2328 hoc
2538 2289 2611 2329 ex
2638 2288 2708 2328 eo
2731 2272 3105 2337 confirmant,
3131 2272 3296 2345 quod
3315 2271 3530 2327 dixerit

1868 2363 2020 2417 Deus
2046 2362 2213 2419 diviti
2241 2379 2253 2418 :
2276 2362 2598 2427 Stulte,hac
2619 2364 2790 2418 nocte
2812 2362 3066 2418 animam
3087 2368 3251 2418 luam
3267 2367 3528 2433 repetunt

1868 2467 1905 2509 a
1935 2461 1990 2509 te
2029 2455 2098 2510 ⁸⁵.

1938 2631 2046 2688 Alii
2092 2647 2233 2687 vero
2269 2633 2429 2688 hunc
2460 2630 2760 2702 accipiunt
2785 2629 3172 2692 intellectum,
3217 2633 3280 2683 ut
3304 2627 3526 2692 dicant,

1866 2721 2076 2778 Christi
2127 2720 2452 2777 adventum
2492 2735 2626 2776 esse
2668 2734 3008 2774 sermonem
3041 2717 3186 2787 ejus,
3233 2718 3335 2788 qui
3389 2723 3528 2772 tunc

1863 2811 2061 2882 justos
2092 2811 2338 2866 accersit
2377 2810 2453 2866 ad
2495 2809 2806 2879 gaudium,
2837 2812 3178 2880 peccatores
3218 2811 3416 2862 autem
3449 2805 3529 2863 ad

1868 2915 2182 2956 maerorem
2195 2943 2206 2954 .

1942 2990 2104 3046 Vers.
2143 2990 2240 3044 37.
2290 2990 2479 3045 Amen
2527 3020 2593 3028 —
2633 2988 2777 3044 illis.
2821 2987 3143 3056 Praecinget
3181 3001 3264 3052 se,
3305 2986 3529 3056 justitia

153 3085 246 3136 τῆς
277 3071 694 3139 ἀνταποδόσεως,
727 3082 816 3129 καὶ
838 3075 1095 3130 ἀνακλινεῖ
1122 3079 1328 3143 αύτούς,
1363 3079 1434 3142 εἰς
1464 3079 1756 3133 ἀνάπαυσιν

1919 3078 2332 3144 ιιιιίῠυιίοηίε;
2407 3083 2462 3134 et
2519 3077 2696 3134 faciet
2767 3076 2898 3132 illos
2975 3076 3372 3141 discumbere,
3448 3075 3528 3132 ad

148 3167 383 3230 αἰώνιον,
443 3169 513 3226 ὡς
557 3162 630 3218 δι’
690 3167 842 3218 αὐτόν
885 3176 1279 3236 κεκοπιακότας,
1325 3175 1408 3222 καὶ
1460 3169 1757 3229 διακονήσει

149 3256 337 3317 αὐτοῖς
369 3251 624 3326 διανομὴν
654 3264 754 3307 τῶν
787 3254 940 3318 ἀξίων
973 3255 1220 3328 ἀμοιϐὡν.

227 3439 331 3486 καὶ
373 3431 457 3520 ea?
505 3463 558 3473 -
616 3432 818 3490 ἐκεῖνοι,
874 3431 1086 3493 Ἐπειδὴ
1137 3441 1283 3488 νυκτὶ
1327 3440 1486 3488 ἔοικεν
1535 3440 1558 3489 ό
1618 3459 1754 3512 παρ-

363 3543 404 3585 ς,
465 3520 554 3574 δια
613 3528 1133 3596 τὴνκατακεχυμένην
1179 3526 1337 3577 αὐτοῦ
1391 3528 1615 3598 ζόφωσιν
1669 3536 1756 3582 καὶ

152 3614 352 3669 πλάνην
410 3611 508 3663 ἀπό
551 3622 647 3664 τῶν
705 3609 963 3684 δαιμόνων
1020 3621 1108 3666 καὶ
1147 3625 1244 3666 των
1299 3619 1496 3683 παθῶν,
1552 3619 1756 3680 εἰκότως

153 3703 219 3762 εἰς
281 3700 568 3775 διαφόρους
623 3701 851 3772 φύλακας
911 3702 1064 3754 αὐτόν
1123 3700 1335 3778 διαιρεῖ.
1415 3708 1478 3757 0i
1547 3706 1756 3760 παλαιοὶ

151 3797 254 3862 γὰρ
322 3791 702 3862 νυκτοφύλακες
788 3791 858 3852 εἰς
934 3799 1062 3863 τρεῖς
1136 3793 1361 3865 φυλακὰς
1426 3801 1518 3854 τὸν
1597 3800 1759 3849 νύκτα

153 3879 369 3942 διεῖλον,
431 3884 558 3940 τινες
625 3876 683 3931 δε
758 3880 824 3940 εἰς
873 3885 1150 3954 τέσσαρας.
1230 3889 1328 3936 Καὶ
1395 3892 1599 3958 πρώτην
1667 3891 1755 3959 μὲν

151 3970 388 4041 φυλακὴν
471 3969 625 4039 λέγει,
706 3974 799 4026 τὴν
873 3974 1200 4024 κατάστασιν
1269 3982 1368 4024 τῶν
1438 3973 1754 4046 τελειοτέρων

148 4059 220 4119 εἰς
255 4058 466 4130 ἀρετήν·
515 4055 758 4130 δευτέραν
792 4055 869 4124 δὲ,
920 4064 1014 4117 τὴν
1053 4069 1151 4111 τῶν
1201 4066 1389 4132 μέσων·
1442 4069 1622 4136 τρίτην
1673 4060 1752 4132 δὲ,

149 4152 245 4204 τὴν
271 4155 376 4198 τῶν
406 4146 726 4214 τελευταίων,
757 4149 806 4200 οἱ
838 4152 1148 4221 σύμπαντες,
1182 4151 1225 4202 εἰ
1256 4153 1530 4224 εὑρεθῶσιν
1570 4153 1750 4224 οὕτως,

150 4239 214 4296 ὼς
235 4234 513 4308 προ).αϐων
533 4233 684 4300 εἶπεν,
719 4241 899 4308 ἤγουν,
931 4239 1125 4310 ἕτοιμοι
1142 4243 1275 4291 κατά
1306 4245 1392 4291 τόν
1415 4249 1505 4292 τοῦ
1533 4243 1754 4294 θανάτου

151 4331 356 4395 καιρόν.
430 4329 680 4397 μακάριοι
744 4329 964 4391 πάντως,
1023 4330 1091 4388 ὡς
1152 4337 1239 4389 τῆς
1303 4335 1565 4402 μακαρίας
1622 4332 1756 4392 ζωῆς

151 4415 448 4486 μεθέξοντες
478 4413 753 4486 ἀναλόγως,

220 4511 395 4557 Τοῦτο
441 4534 492 4543 ——
546 4505 722 4558 αύτού.
779 4511 877 4557 Καὶ
918 4504 965 4557 ἐν
1010 4515 1079 4576 τῷ
1127 4506 1339 4579 εἰκοστῷ
1384 4505 1555 4579 ὀγδόῳ
1601 4529 1755 4581 κεφα-

149 4595 279 4664 λαίῳ
337 4601 432 4646 τοῦ
487 4599 619 4646 κατά
683 4596 950 4647 Ματθαῖον
1003 4593 1160 4648 εἶπενο
1214 4598 1404 4650 Ἐκεῖνο
1473 4596 1530 4651 δὲ
1603 4606 1753 4670 γινώ·

153 4702 321 4752 σκετε,
383 4685 462 4734 ὅτι
523 4683 565 4735 εἰ
626 4680 746 4756 ᾔδει
797 4687 822 4736 ό
881 4682 1277 4747 οἰκοδεσπότης,
1344 4688 1672 4762 ποίαφυὶακῇ
1731 4692 1756 4742 ό

149 4771 372 4833 κλέπτης
417 4775 650 4846 ἔρχεται,
699 4773 1050 4847 ἐγρηγόρησεν
1095 4774 1172 4845 ἂν,
1226 4782 1314 4828 καὶ
1357 4780 1422 4829 τα
1466 4777 1601 4840 ἑξῆς.
1657 4784 1755 4832 Καὶ

155 4860 414 4932 ἀνάγνωθι
445 4866 540 4919 τὴν
567 4861 814 4932 ἐξήγησιν
843 4861 963 4917 ἐκεῖ.

225 4954 326 5003 Καὶ
393 4981 462 4991 —
519 4953 750 5023 ἔρχεται.
804 4953 939 5005 Ἐκεῖ
1007 4959 1098 5005 καὶ
1162 4961 1328 5007 ταῦτα
1378 4960 1600 5030 εἴρηται,
1670 4962 1759 5010 καὶ

153 5041 499 5112 ἡρμήνευται.

224 5219 274 5252 ﬂ
305 5215 449 5274 Luc.
481 5233 585 5285 xu,
617 5221 706 5275 20.
807 5219 855 5255 ⁸⁵
880 5219 1076 5279 Matth.
1107 5228 1270 5288 xxiv,
1301 5223 1392 5280 43.

1868 3169 2131 3241 requiem
2185 3168 2634 3238 sempiternam,
2671 3172 2960 3238 tanquam
3009 3181 3110 3221 eos
3149 3167 3251 3237 qui
3288 3169 3528 3238 propter

1867 3258 2062 3330 ipsum
2090 3257 2513 3313 laboraverunt
2541 3275 2554 3315 :
2593 3272 2663 3310 ac
2695 3254 3057 3310 ministrabit
3080 3255 3211 3320 illis,
3245 3254 3525 3311 distribu-

1868 3349 2081 3404 tionem
2118 3347 2439 3417 dignarum
2470 3345 2951 3401 retributionum.

1939 3439 2097 3492 Vers.
2145 3435 2232 3492 38.
2266 3436 2423 3491 Etsi
2465 3466 2533 3475 —
2568 3435 2685 3491 illi.
2727 3433 2879 3502 Quia
2921 3433 3077 3489 nocti
3107 3447 3369 3504 presens
3409 3432 3528 3490 vita

1867 3526 2250 3591 assimilatur,
2294 3530 2536 3597 propter
2577 3524 2833 3579 infusam
2859 3524 2911 3578 ei
2943 3522 3259 3592 caliginem
3283 3538 3352 3578 ac
3372 3538 3528 3579 erro-

1868 3631 1990 3670 rem
2023 3632 2058 3671 a
2079 3614 2456 3671 daemonibus
2478 3620 2533 3670 et
2564 3612 2871 3670 affectibus
2906 3629 2918 3669 :
2947 3613 3156 3668 merito
3184 3613 3241 3666 in
3259 3613 3527 3670 diversas

1866 3705 2116 3776 vigilias,
2139 3722 2245 3761 seu
2270 3704 2602 3771 custodias,
2619 3703 2817 3776 ipsam
2837 3702 3070 3758 dividit.
3092 3702 3325 3758 Veteres
3340 3703 3523 3774 enim,

1865 3795 1970 3868 qui
2002 3801 2174 3852 nocte
2217 3795 2560 3865 vigilabant,
2598 3794 2658 3849 in
2683 3799 2798 3849 tres
2846 3792 3131 3849 excubias
3156 3793 3349 3864 ipsam
3377 3793 3528 3848 divi-

1864 3885 2084 3940 debant
2152 3903 2166 3940 :
2230 3885 2480 3956 quidam
2537 3899 2676 3940 vero
2729 3881 2790 3939 in
2848 3886 3122 3955 quatuor.
3158 3885 3224 3938 Et
3268 3882 3527 3954 primam

1863 3974 2108 4046 quidem
2135 3974 2294 4038 dicit,
2342 3980 2561 4030 statum
2597 3989 2806 4029 eorum
2838 3971 2942 4044 qui
2979 3971 3055 4028 ad
3083 3972 3358 4027 virtutem
3391 3975 3530 4027 sunt

1861 4062 2260 4136 perfectiores,
2308 4064 2654 4127 secundam,
2692 4061 3104 4126 mediocrium,
3139 4061 3391 4125 tertiam,
3425 4075 3528 4130 po-

1864 4157 2220 4209 stremorum
2281 4167 2291 4205 :
2351 4153 2450 4224 qui
2493 4167 2719 4215 omnes,
2767 4150 2813 4205 si
2871 4151 2952 4205 ita
3008 4149 3228 4204 inventi
3288 4148 3526 4215 fuerint,

1866 4243 2021 4297 sicut
2065 4247 2201 4296 ante
2249 4241 2408 4304 dixit,
2457 4238 2726 4294 Videlicet
2773 4239 2953 4309 parati
2995 4237 3201 4291 mortis
3240 4242 3524 4308 tempore,

1868 4329 2024 4385 beati
2063 4333 2257 4394 erunt,
2310 4335 2511 4400 utpote
2540 4327 2672 4383 vita:
2700 4327 2888 4384 beatae
2931 4325 3152 4398 pariter
3186 4325 3523 4398 participes.

1938 4507 2100 4563 Vers.
2135 4512 2222 4564 39.
2267 4507 2390 4564 Hoc
2439 4538 2505 4546 —
2550 4521 2736 4562 suam.
2785 4505 3289 4578 Quinquagesimo
3321 4507 3526 4561 octavo

1866 4598 2046 4655 etiam
2072 4598 2253 4668 capite
2279 4595 2576 4666 Evangelii
2594 4595 2764 4666 juxta
2795 4595 3125 4651 Matthaaum
3155 4595 3298 4650 dixit
3331 4611 3344 4650 :
3378 4594 3528 4650 Illud

1866 4695 2055 4745 autem
2111 4687 2335 4752 scitote,
2395 4686 2553 4758 quod
2594 4689 2645 4741 si
2702 4685 2870 4742 sciret
2925 4684 3368 4756 paterfamilias,
3409 4698 3528 4756 qua

1866 4777 2061 4849 vigilia
2126 4777 2238 4847 fur
2311 4783 2592 4832 venturus
2651 4781 2797 4842 erat,
2851 4775 3141 4846 vigilasset
3187 4782 3418 4847 utoque,
3472 4780 3530 4833 et

1868 4871 2075 4922 caetera
2124 4869 2191 4922 “.
2226 4867 2378 4938 Lege
2407 4881 2549 4936 ergo
2597 4865 2684 4922 ibi
2721 4865 3178 4922 enarrationem.

1940 4956 2100 5013 Vers.
2134 4959 2224 5012 40.
2250 4957 2329 5012 Et
2391 4986 2462 4998 —
2509 4961 2795 5013 venturus
2843 4961 2945 5013 est.
3002 4954 3088 5012 Ibi
3127 4969 3370 5029 quoque
3399 4954 3528 5012 haec

1869 5045 2028 5103 dicta
2056 5050 2191 5102 sunt
2216 5061 2286 5103 ac
2315 5044 2636 5102 declarata.

1367 5398 1589 5468 Varias
1632 5399 1962 5468 lectiones
2009 5408 2075 5466 et
2118 5409 2320 5466 notae.

219 5593 286 5664 (ί)
322 5593 566 5665 Oportet
593 5595 752 5651 enim
771 5594 881 5654 hos
907 5611 1140 5670 semper
1165 5595 1362 5654 lucere
1387 5599 1444 5654 et
1467 5595 1830 5668 illuminare,
1862 5595 2028 5652 illum
2055 5595 2299 5670 quidem
2333 5610 2459 5663 nos,
2490 5596 2651 5654 hunc
2689 5612 2828 5654 vcro
2859 5611 2984 5661 eos,
3015 5609 3119 5668 qui
3148 5608 3185 5651 a
3212 5589 3385 5648 nobis
3416 5589 3527 5646 do-

154 5671 377 5722 centur.
