3994 6218
507 268 607 326 991
1863 273 2153 330 EUTHYM

2285 272 2414 329 ilGA
2424 275 2555 330 ΒΕΝ
2563 277 2585 334 Ι
3704 279 3777 335 $92

579 396 742 453 Vers.
791 398 879 454 4t.
927 399 1031 454 Ait
1087 431 1149 440 —
1194 399 1358 455 Vers.
1395 404 1482 456 42.
1544 401 1880 458 demensum
1930 400 2173 456 cibum?
2202 399 2246 452 A

512 485 712 541 Sciens
746 488 966 552 Petrus,
1004 489 1301 560 quasdam
1348 490 1662 562 parabolas
1701 490 1898 545 electis
1935 489 2171 561 proprie

513 575 702 646 aptari
726 576 1042 647 discipulis,
1077 579 1373 648 quasdam
1408 596 1540 634 vero
1564 581 1961 635 communiter
1985 577 2174 634 omni-

510 663 642 728 bus,
681 665 886 719 merito
917 666 990 720 de
1027 667 1312 736 parabola
1343 669 1683 737 interrogat,
1749 685 1872 741 qua
1906 667 2175 723 videlicet

512 751 657 806 dixit
690 753 892 808 :Sicut
931 756 1111 810 lumbi
1139 759 1659 826 vestripraecincti,
1685 765 1740 814 et
1768 764 1998 814 caetera.
2022 755 2173 822 Quid

511 855 653 907 ergo
685 840 940 898 Christus
963 843 990 897 ?
1024 844 1324 917 Requisito
1359 846 1514 901 fideli
1543 863 1612 902 ac
1641 846 1914 916 prudenti
1938 846 2174 918 dispen-

513 934 725 994 satore,
781 932 997 987 deinde
1047 934 1176 1005 ipso
1246 936 1418 991 beato
1485 936 1828 1007 praedicam,
1893 934 2170 998 ostendit,

510 1019 674 1089 quod
723 1021 796 1074 de
843 1022 988 1092 ipsis
1017 1023 1227 1078 dixerit
1274 1024 1625 1094 parabolam
1661 1025 1962 1089 ;futurum
2015 1025 2175 1080 enim

511 1112 654 1172 erat,
689 1114 749 1163 ut
783 1109 889 1180 ipsi
938 1111 1204 1168 ﬁdelium
1235 1113 1675 1184 dispensatores
1719 1115 1925 1171 ﬁerent
1968 1115 2176 1169 dantes

511 1195 656 1268 ipsis
684 1199 740 1253 in
771 1204 1034 1272 tempore
1065 1202 1419 1258 demensum
1451 1203 1734 1259 doctrina;
1766 1204 1986 1260 cibum.

583 1379 731 1447 Lege
782 1385 973 1435 autem
1023 1381 1530 1452 quinquagesimo
1579 1388 1792 1438 octavo
1835 1383 2002 1453 juxta
2042 1383 2157 1438 Mat

513 1467 734 1522 thaeum
773 1469 958 1540 capite
996 1470 1131 1524 dicti
1183 1471 1338 1525 illius
1375 1472 1813 1527 enarrationem
1845 1489 1856 1526 :
1903 1472 2177 1539 Quisnam

513 1563 593 1612 est
644 1557 834 1623 ﬁdelis
890 1573 1108 1624 servus,
1137 1563 1190 1615 et
1241 1560 1502 1629 prudens
1539 1562 1584 1596 9⁷
1659 1560 1686 1615 ?
1733 1567 1786 1613 et
1836 1560 1916 1615 ibi
1960 1559 2178 1616 horum

512 1646 780 1701 omnium
822 1646 1090 1702 invenies
1134 1647 1641 1718 explanationem.

2355 398 2477 454 Εἶπε
2551 431 2619 446 υ-
2680 407 3040 477 σιτομέτριον;
3087 399 3253 464 Εἰδὼς
3306 404 3328 454 ό
3391 409 3581 475 Πέτρος,
3647 408 3704 457 ότι
3748 409 3781 457 αἱ

2283 493 2369 560 μὲν
2425 499 2523 542 τῶν
2581 492 2886 565 παραϐολῶν
2940 513 2993 545 τε
3037 498 3126 545 καὶ
3181 492 3405 562 ἐντολῶν,
3458 491 3559 565 ἰδίᾳ
3591 502 3673 555 τοῖς
3705 495 3784 557 iiii-

2282 578 2536 652 λεγμένοις
2587 584 2850 653 μαθηταῖς
2913 582 3259 655 ἁρμόζουσιν,
3329 585 3379 634 αἱ
3425 579 3493 648 δὲ,
3539 592 3656 654 κοινῇ
3700 591 3788 636 πᾶσι

2283 677 2388 730 τοῖς
2448 679 2676 734 πιστοῖς,
2733 671 2942 732 εἰκότως
2998 670 3163 744 ἐρωτᾷ
3228 677 3344 744 περὶ
3407 681 3489 732 τῆς
3547 671 3789 745 παραϐολῆς,

2285 754 2518 823 δηλαδὴ,
2569 768 2663 821 τῆς
2715 760 2986 831 λεγούσης,
3046 760 3320 814 Ἔστωσαν
3387 763 3518 832 ὑμῶν
3566 764 3611 812 αἱ
3662 761 3792 831 ὀσφύες

2283 849 2714 920 περιεζωσμέναι,
2747 855 2836 902 καὶ
2883 854 2948 902 τα
2989 850 3120 912 ἑξῆς
3154 856 3205 902 τί
3244 846 3330 901 οὖν
3377 852 3401 902 ὁ
3439 856 3665 924 Χριστός;
3690 851 3792 902 Ἐπι-

2287 937 2520 996 ζητησας
2581 944 2666 989 τόν
2718 943 2904 990 πιστόν
2973 945 3062 990 καὶ
3123 945 3367 1012 φρόνιμον
3422 939 3656 1009 οἰκονόμον
3700 940 3793 1008 ('lli,

2287 1022 2396 1078 εἶτα
2454 1033 2758 1101 μακαρίσας
2806 1028 2980 1091 αὐτόν,
3034 1025 3243 1094 ἔδειξεν,
3291 1031 3371 1080 ὅτι
3408 1033 3517 1099 περὶ
3555 1029 3691 1078 αὐτῶν
3724 1024 3796 1078 tim

2284 1121 2376 1174 τὴν
2429 1116 2757 1191 παραϐολήν,
2812 1118 2970 1170 Αῦτοὶ
3027 1121 3128 1192 γὰρ
3187 1117 3387 1190 ἔμελλον
3439 1118 3665 1187 οἰκονόμοι
3702 1121 3798 1186 γινέ-

2289 1207 2412 1258 σθαι
2461 1215 2557 1257 τῶν
2608 1215 2826 1269 πιστῶν,
2870 1203 3106 1268 διδόντες
3153 1207 3329 1270 αὐτοῖς
3375 1209 3424 1259 ἑν
3455 1216 3602 1282 καιρῷ
3625 1211 3671 1258 τό
3703 1225 3800 1257 σιτοα

2287 1302 2494 1368 μέτριον
2521 1304 2614 1357 τῆς
2646 1293 3020 1358 διδασκαλίας.

2361 1386 2645 1454 Ἀνάγνωθι
2677 1381 2736 1437 δὲ
2764 1390 2852 1437 καὶ
2888 1385 2937 1437 ἐν
2956 1393 3027 1454 τῷ
3059 1393 3392 1454 πεντηκοστῷ
3438 1381 3593 1456 ὀγδόῳ
3614 1383 3801 1455 κεφαλαῴ

2288 1482 2377 1526 τοῦ
2408 1476 2543 1525 κατὰ
2571 1475 2837 1526 Ματθαίον
2863 1479 2956 1532 τὴν
2988 1473 3238 1546 ἐξήγησιν
3277 1483 3388 1526 τοῦ’
3429 1479 3510 1534 Τίς
3537 1476 3626 1546 οἱρα
3658 1472 3803 1524 ἐστὶνο

2286 1566 2469 1623 πιστός
2531 1559 2718 1625 δοῦλος
2795 1569 2880 1614 καὶ
2960 1571 3233 1635 φνόνιμος;
3268 1569 3356 1615 καὶ
3427 1566 3612 1615 πάντων
3667 1565 3804 1612 τούτων

2288 1653 2520 1724 εὑρήσεις
2548 1651 2652 1704 ἐκεῖ
2675 1657 2767 1710 τὴν
2801 1653 3088 1725 ἑρμηνείαν.

584 1738 742 1791 Vers.
796 1737 886 1793 43.
938 1738 1152 1793 Beatus
1201 1769 1271 1777 —
1322 1741 1482 1794 Vers.
1532 1740 1618 1794 44.
1652 1740 1846 1796 illum.
1881 1739 1965 1795 lbi
1995 1740 2161 1796 etian:

2358 1744 2622 1813 Μακάριος
2675 1772 2744 1783 -
2800 1742 2976 1797 αὐτόν.
3037 1741 3174 1795 Ἐκιί
3224 1745 3312 1794 καὶ
3361 1749 3523 1794 ταῦτα
3568 1737 3808 1811 dissupavi-

512 1823 640 1879 haec
671 1825 958 1894 patefacta
985 1832 1142 1882 sunt.

585 1916 747 1971 Vers.
765 1918 853 1971 45.
877 1916 1043 1982 Quod
1059 1915 1110 1970 si
1125 1947 1189 1956 —
1211 1916 1372 1971 Vers.
1396 1915 1484 1970 46.
1500 1922 1702 1982 ponet.
1736 1916 2177 1988 Consequenter

513 2003 682 2058 etiam
706 2005 983 2076 praedicto
1009 2004 1199 2076 capite
1224 2006 1349 2060 haec
1372 2004 1523 2060 dicta
1549 2022 1618 2060 ac
1643 2006 1942 2062 declarata
1965 2013 2128 2063 sunt.

584 2094 744 2148 Vers.
780 2095 865 2148 47.
899 2096 1009 2150 Ille
1050 2127 1117 2135 ——
1159 2098 1382 2150 multis.
1443 2096 1519 2150 De
1571 2094 1782 2150 futuris
1829 2096 2173 2168 pastoribus

513 2187 600 2238 est
641 2182 736 2237 hic
776 2200 993 2249 sermo,
1026 2191 1320 2239 exterrens
1354 2201 1473 2250 eos,
1517 2186 1620 2255 qui
1653 2201 1895 2239 omnem
1945 2187 2041 2240 Dei
2076 2202 2176 2240 vo-

513 2270 798 2327 luntatem
827 2279 1137 2338 noverunt,
1172 2289 1278 2328 nec
1301 2290 1360 2328 se
1389 2280 1748 2346 praeparant,
1776 2273 1890 2329 hoc
1913 2281 2023 2341 est,
2052 2290 2174 2330 non

513 2359 733 2416 faciunt
761 2362 933 2433 juxta
981 2362 1423 2433 beneplacitum
1476 2363 1625 2434 ejus.
1683 2367 1747 2418 Et
1794 2368 2170 2434 protestatur,

513 2450 675 2522 quod
732 2451 1109 2523 vapulabunt
1168 2452 1392 2516 multis,
1441 2458 1603 2524 puta,
1651 2452 1886 2524 plagis;
1949 2452 2010 2507 id
2064 2457 2172 2521 est,

514 2539 728 2595 misere
767 2540 1378 2613 torquebuntur,quia
1407 2542 1661 2597 scientes
1683 2543 2100 2614 despexerunt.

585 2718 745 2773 Vers.
779 2722 866 2773 48.
901 2720 1012 2785 Qui
1037 2734 1168 2776 vero
1218 2751 1284 2760 --
1332 2721 1564 2789 paucis.
1625 2721 1800 2792 Atqui
1859 2720 2175 2790 ignorabat

514 2806 872 2863 voluntatem
903 2809 1155 2870 domini,
1202 2809 1304 2863 sed
1341 2818 1540 2864 tamen
1595 2812 1672 2865 ita
1715 2825 1961 2882 quoque
1989 2826 2175 2881 vapu-

512 2896 658 2952 labit
685 2914 699 2963 ;
723 2914 859 2952 cum
885 2899 1041 2952 enim
1070 2899 1215 2953 scire
1244 2899 1547 2969 potuisset,
1578 2916 1696 2954 non
1728 2900 1894 2954 scivit
1928 2915 1940 2954 :
1977 2915 2172 2971 neque

515 2991 714 3042 tamen
749 2991 1000 3053 tantum,
1058 2994 1120 3042 ut
1165 2990 1326 3060 prior
1363 3005 1374 3044 :
1412 2988 1506 3043 ille
1549 2989 1843 3060 siquidem
1881 2989 2170 3060 despexit,

514 3075 606 3131 hic
628 3092 762 3131 vero
813 3078 1008 3146 segnis
1057 3078 1204 3134 fuit:
1264 3079 1500 3147 gravior
1550 3084 1747 3132 autem
1801 3083 1888 3131 est
1929 3077 2174 3147 segnitie
2206 3118 2243 3172 Ο

514 3170 908 3238 contemptus.
945 3167 1247 3236 Signiﬁcat
1278 3174 1476 3222 autem
1505 3166 1766 3232 ﬁdelem,
1801 3167 2172 3236 ignorantem

516 3271 585 3310 ex
618 3256 854 3323 ignavia
911 3273 978 3312 ac
1019 3258 1275 3316 ruditate
1333 3258 1428 3312 Dei
1480 3257 1868 3311 voluntatem.
1908 3255 2173 3311 lntideles

515 3345 694 3408 enim,
724 3361 843 3400 non
869 3361 936 3400 ex
971 3347 1216 3414 segnitie
1250 3348 1345 3401 Dei
1379 3346 1743 3400 voluntatem
1768 3345 2170 3413 ignorant,sed

512 3434 845 3490 voluntario
872 3451 1066 3490 errore
1097 3452 1165 3491 ac
1193 3435 1546 3490 immutabili
1575 3435 1884 3505 pravitate.

585 3525 743 3578 Vers.
787 3528 874 3578 48.
909 3525 1082 3579 Omni
1125 3531 1315 3580 autem
1359 3555 1425 3564 —
1481 3530 1796 3595 quwretur.
1858 3525 1924 3577 Et
1949 3522 2062 3578 hoc
2094 3522 2168 3577 de

517 3613 854 3686 pastoribus
885 3613 1109 3668 dictum
1139 3620 1225 3668 est
1255 3631 1270 3678 ;
1300 3614 1389 3668 bis
1411 3616 1571 3668 enim
1601 3627 1822 3678 magna
1853 3612 2045 3680 gratia
2085 3613 2173 3666 in-

516 3702 782 3758 tellectus
813 3701 1030 3756 divinae
1057 3701 1374 3756 voluntatis
1402 3702 1537 3756 data
1579 3706 1690 3764 est,
1727 3701 1798 3754 ad
1835 3715 2042 3754 eorum
2067 3701 2170 3771 qui

517 3795 859 3863 pascuntur,
895 3789 1201 3845 utilitatem
1228 3807 1241 3856 ;
1270 3791 1403 3846 ideo
1429 3791 1628 3854 etiam,
1662 3796 1952 3861 tanquam
1974 3789 2051 3844 ab
2082 3789 2174 3844 his

515 3881 619 3951 qui
655 3879 840 3935 multa
862 3885 1214 3950 acceperunt
1249 3879 1481 3944 talenta,
1531 3879 1784 3934 multum
1817 3877 1962 3932 lucri
1988 3877 2062 3932 ab
2093 3877 2175 3933 eis

515 3974 832 4040 quaeretur.
877 3969 1043 4034 Quod
1084 3974 1282 4024 autem
1307 3968 1650 4040 pastoribus
1691 3968 1830 4023 data
1859 3968 1930 4022 sit
1964 3969 2172 4036 gratia,

515 4058 695 4114 etiam
729 4057 948 4113 Paulus
970 4057 1130 4124 dicit,
1161 4058 1424 4113 scribens
1455 4058 1529 4113 ad
1571 4057 1944 4112 Timotheum
1979 4073 1992 4110 :
2035 4057 2178 4114 Noli

515 4149 817 4219 negligere
847 4148 1103 4218 gratiam
1125 4164 1259 4216 quae
1285 4148 1347 4203 in
1399 4155 1454 4204 te
1484 4156 1586 4211 est,
1643 4163 1768 4218 qua:
1796 4146 1901 4202 tibi
1935 4147 2078 4203 data
2100 4154 2176 4202 est

517 4255 641 4296 cum
690 4237 1064 4306 impositione
1093 4253 1379 4294 manuum
1408 4237 1756 4308 presbyterii
1782 4239 1851 4291 ⁸⁸.

586 4331 743 4384 Vers.
805 4331 893 4383 48.
949 4329 1181 4384 Et—eo.
1243 4327 1607 4398 Exemplaris
1651 4326 1892 4397 quidem
1933 4342 2172 4390 sermo;

516 4424 606 4475 est
644 4424 840 4475 autem
894 4423 949 4473 et
996 4417 1092 4474 hic
1149 4417 1222 4472 de
1267 4417 1514 4472 eisdem.
1579 4416 1682 4470 Cui
1728 4417 1885 4470 enim
1926 4416 2177 4471 multam

517 4525 817 4564 summam
845 4507 920 4563 ad
946 4507 1402 4575 negotiationem
1429 4505 2022 4568 commendaverunt,
2047 4504 2179 4576 plus

517 4595 662 4651 lucri
685 4613 756 4652 ex
787 4597 1189 4665 negotiatione
1223 4601 1419 4667 petent
1461 4595 1538 4650 ab
1566 4610 1656 4650 eo.
1695 4595 1778 4649 Ita
1802 4600 1857 4649 et
1893 4593 2176 4649 Christus,

519 4685 611 4740 cui
634 4685 886 4740 multum
911 4685 1112 4755 gratiae
1157 4682 1754 4755 commendavit,plus
1803 4687 1960 4754 petet
1976 4682 2054 4738 ab
2083 4698 2176 4738 eo.

519 4774 580 4830 Ei
630 4773 788 4829 enim
820 4774 1160 4829 concredita
1189 4781 1275 4830 est
1325 4789 1438 4830 non
1486 4772 1680 4828 solum
1732 4772 1974 4844 propria
2017 4772 2178 4828 salus

519 4878 724 4920 verum
745 4863 926 4919 etiam
951 4862 1183 4934 populi.

529 4981 540 4992 τ
589 4950 754 5008 Vers.
815 4953 904 5007 49.
940 4952 1132 5022 Ignem
1169 4982 1239 4994 —
1287 4960 1528 5008 terram.
1580 4955 1783 5022 Ignem
1821 4966 1983 5007 nunc
2021 4950 2172 5017 dicit,

521 5040 698 5097 ﬁdem
745 5055 814 5096 ac
841 5039 929 5094 sui
973 5038 1369 5106 dilectionem,
1410 5039 1831 5096 demonstrans
1864 5039 2179 5096 vehemen-

592 5169 636 5202 "
669 5165 872 5222 Matth.
908 5181 1068 5233 xxxv,
1101 5168 1188 5221 45.
1267 5165 1314 5200 9°
1348 5165 1397 5219 Ι.
1429 5165 1581 5220 Tim.
1616 5180 1691 5230 iv,
1731 5164 1811 5218 t4.

2290 1832 2514 1888 σθησαν.

2359 1919 2474 1972 Ἐὰν
2509 1916 2567 1972 δὲ
2588 1950 2656 1960 —
2699 1922 2863 1977 θήσει.
2912 1918 3227 1980 Ἀκολούθως
3252 1917 3299 1970 ἐν
3330 1918 3498 1990 ἐκείνῳ
3527 1926 3590 1989 τῷ
3615 1916 3810 1989 κεφαλαίῳ

2285 2014 2374 2060 καὶ
2407 2018 2574 2060 ταῦτα
2602 2010 2818 2083 ἐρρήθη,
2841 2013 2929 2060 καὶ
2961 2011 3282 2083 ἡρμηνεύθη.

2356 2099 2573 2160 Ἐκεῖνος
2649 2130 2701 2138 -
2775 2097 2986 2159 πολλάς.
3061 2103 3183 2170 Περὶ
3264 2107 3364 2149 τῶν
3435 2096 3686 2169 μελλόντων
3733 2114 3809 2145 ποι-

2285 2192 2481 2258 μαίνειν
2525 2187 2660 2239 ἐστὶν
2711 2189 2735 2239 6
2778 2187 2923 2258 λόγος
2967 2187 3116 2248 οὗτος
3175 2188 3310 2258 ('22),
3369 2185 3581 2258 ἐκφοϐῶν
3632 2188 3727 2243 τοὺς
3764 2183 3809 2233 εἱ-

2287 2272 2444 2337 δότας
2491 2279 2579 2348 μὲν
2623 2283 2722 2328 πᾶν
2771 2280 2829 2328 τό
2883 2275 3078 2347 θέλημα
3127 2283 3218 2328 τοῦ
3267 2283 3422 2343 Θεοῦ,
3473 2280 3538 2346 μὴ
3583 2273 3814 2344 ἑτοιμαζόν-

2286 2385 2379 2427 τας
2410 2362 2490 2428 δὲ,
2525 2370 2786 2428 τουτέστι,
2820 2370 2890 2436 μὴ
2926 2373 3201 2426 ποιοῦντας
3230 2369 3358 2437 πρὸς
3409 2363 3655 2437 ἀρέσκειαν
3681 2362 3810 2420 αὐτοῦ,

2285 2461 2373 2508 καὶ
2419 2452 2921 2529 διαμαρτυρόμενος,
2982 2458 3062 2507 ότι
3120 2452 3451 2529 δαρήσονται
3501 2453 3684 2521 ττολλόις⁹
3725 2449 3813 2504 τλη-

2284 2549 2380 2616 γὲις
2416 2541 2680 2612 δηλονότι,
2713 2549 2974 2610 τουτέστι,
3007 2544 3436 2603 κολασθήσονται
3464 2538 3814 2616 χαλεπῶς,διοτι

2287 2629 2481 2694 εἰδότες
2508 2638 2927 2706 κατεφρόνησαν.

2355 2721 2411 2772 Ὀ
2479 2719 2537 2774 δὲ
2587 2754 2650 2762 -
2709 2723 2884 2794 ὀλίγας
2974 2728 3069 2776 Καὶ
3137 2728 3240 2795 μὴν
3314 2723 3490 2793 ἠγνόει
3561 2725 3610 2772 τὸ
3674 2719 3819 2788 θελεμι

2288 2820 2378 2862 τοῦ
2428 2816 2610 2883 κυρίου
2669 2811 2850 2880 αὑτοῦ,
2894 2811 3000 2863 ἀλλ’
3056 2815 3188 2883 ὅμως
3245 2807 3538 2884 δαρήσεται
3576 2815 3653 2860 καὶ
3692 2807 3815 2866 οὗτος,

2287 2897 2426 2952 διότι
2473 2897 2753 2970 δυνάμενος
2795 2910 3008 2971 γνῶναι,
3067 2901 3160 2954 οὐκ
3209 2904 3360 2972 ἔγνω,
3413 2901 3540 2958 πλὴν
3591 2899 3642 2951 οῦ
3683 2904 3818 2949 τοο-ονε

2286 3008 2393 3044 τον.
2450 2990 2670 3049 Ἐκεῖνος
2721 2994 2810 3062 μὲν
2857 2994 2958 3065 γὰρ
3001 2999 3398 3062 κατεφρόνησεν·
3453 2989 3592 3049 οὗτος
3631 2985 3682 3039 δὲ

2289 3079 2510 3151 θῦμησε.
2560 3077 2906 3152 Χαλεπωτέρα
2969 3075 3027 3131 δὲ
3079 3079 3346 3154 ῥᾳθυμίας
3401 3080 3429 3137 ἠ
3481 3080 3819 3149 καταφρόνησις.

2284 3168 2438 3224 Δηλοί
2482 3165 2539 3220 δὲ
2595 3172 2678 3219 τόν
2731 3172 2939 3232 πιστόν,
2989 3172 3074 3220 τόν
3124 3167 3414 3239 ἀγνοοῦντα
3460 3171 3516 3218 τό
3556 3167 3724 3234 θέλημα
3756 3168 3820 3212 τοῦ

2284 3265 2436 3319 Θεοῦ,
2478 3253 2570 3308 διὰ
2615 3256 2860 3328 ἀμαθίαν.
2896 3260 2961 3310 Οἱ
3002 3260 3100 3331 γὰρ
3133 3259 3352 3309 ἄπιστοι
3399 3257 3492 3309 οῦκ
3538 3255 3587 3307 ἐκ
3623 3256 3824 3328 ῥᾳθυμυις

2282 3346 2530 3416 ἀγνοοῦσι
2589 3352 2644 3398 τό
2694 3346 2890 3417 θέλημα
2944 3356 3034 3398 τοῦ
3095 3355 3250 3411 Θεοῦ,
3311 3346 3423 3397 ἀλλ’
3472 3346 3524 3408 ἐξ
3576 3345 3821 3415 αὐθαιρετον

2281 3435 2477 3496 πλάνης
2507 3441 2596 3487 καὶ
2631 3434 3018 3507 ἀμεταμελήτου
3045 3441 3254 3497 κακίας.

2356 3529 2515 3576 [Ιαντὶ
2567 3520 2624 3576 δὲ
2680 3555 2746 3563 -
2797 3526 3158 3583 ζητηθήσεται
3211 3526 3346 3595 ('23).

2283 3623 2378 3664 τὼν
2433 3618 2831 3684 ποιμαινόντων.
2888 3616 3098 3675 Τούτοις
3153 3616 3254 3687 γὰρ
3313 3610 3531 3666 δίδοται
3585 3611 3693 3663 πολὺ
3744 3608 3822 3678 za-

3423 3529 3520 3578 Καὶ
3569 3530 3700 3574 τοῦτο
3737 3525 3823 3589 περι

2282 3721 2449 3774 ρισμα
2481 3707 2733 3763 συνέσεως
2775 3709 2866 3754 τοῦ
2919 3701 3203 3774 θελήματος
3247 3710 3341 3754 τοῦ
3389 3711 3543 3768 Θεοῦ,
3590 3703 3700 3772 πρὸς
3734 3697 3824 3766 ὡςέ-

2283 3792 2417 3843 λειαν
2472 3800 2570 3844 τῶν
2618 3796 3046 3862 ποιμαινομένων.
3115 3796 3202 3843 Διὸ
3269 3797 3386 3858 καὶ,
3466 3794 3527 3852 ως
3572 3789 3710 3844 πολλα
3761 3787 3824 3836 τά·

2283 3880 2438 3932 λαντα
2502 3878 2757 3944 λαϐόντες,
2819 3880 2978 3932 πολλὰ
3049 3877 3210 3954 κέρδη
3278 3879 3722 3939 ἀπαιτηθήσονταιι
3768 3876 3824 3924 ὅτι

2287 3965 2342 4021 δε
2395 3971 2644 4041 χάρισμα
2701 3965 2917 4020 δίδοται
2972 3977 3080 4031 τοῖς
3134 3973 3498 4041 ποιμαίνουσι,
3547 3972 3666 4040 φησι
3705 3960 3822 4014 καὶέ

2288 4059 2504 4118 Παῦλος.
2545 4060 2754 4130 γράφων
2786 4063 2916 4129 πρὸς
2943 4061 3210 4130 Τιμόθεον·
3256 4065 3342 4116 Μὴ
3385 4059 3558 4130 ἀμέλει
3594 4063 3674 4108 τοῦ
3703 4053 3742 4105 ἐν
3768 4069 3823 4101 σοι

2285 4152 2639 4219 χαρίσματος,
2673 4149 2698 4198 ὃ
2730 4143 2886 4204 ἐδόθη
2937 4167 3018 4199 σοι
3059 4151 3188 4218 μετά
3229 4146 3510 4209 ἐπιθέσεως
3557 4156 3644 4198 τῶν
3679 4149 3823 4215 χειρῶν

2286 4245 2377 4288 τοῦ
2405 4235 2797 4309 πρεσϐυτερίου.

2363 4330 2550 4378 Καὶ-
2598 4326 2772 4382 αὐτόν,
2808 4321 3294 4396 Παραδειγματικός
3351 4331 3443 4397 μὲν
3489 4327 3513 4377 ό
3555 4326 3703 4395 λόγος.
3743 4323 3823 4369 ἔστι

2291 4410 2347 4466 δὲ
2377 4421 2465 4466 καὶ
2497 4415 2643 4475 οὗτος
2682 4420 2798 4485 περὶ
2837 4424 2935 4465 τῶν
2973 4418 3236 4468 τοιούτων.
3291 4415 3496 4489 Ὠσπερ
3527 4421 3639 4486 γὰρ,
3733 4425 3826 4476 περ·

2290 4506 2454 4555 εθεντό
2529 4523 2659 4565 τινες
2733 4502 2858 4554 πολὺ
2915 4503 3186 4574 κεφάλαιον
3250 4503 3323 4565 εἰς
3383 4503 3645 4576 ἐμπορίαν,
3695 4513 3824 4567 περισ-

2291 4597 2495 4667 σότερον
2529 4591 2913 4650 ἀπαιτήσουσιν
2945 4592 3120 4652 αὐτὸν,
3152 4589 3243 4644 διὰ
3263 4596 3322 4644 τό
3342 4593 3396 4656 ἐξ
3425 4593 3658 4666 ἐμπορίας
3673 4582 3823 4658 κερδοῖ

2288 4684 2420 4734 οὕτω
2445 4682 2534 4734 καί
2573 4684 2598 4732 ό
2630 4686 2779 4750 Θεὸς,
2883 4682 3128 4755 παρέθετο
3155 4680 3283 4732 πολὺ
3331 4685 3600 4754 χάρισμα,
3640 4690 3826 4748 “iam”

2287 4791 2427 4844 τερον
2473 4770 2753 4829 ἀπαιτήσει
2802 4770 2979 4828 αὐτόν.
3030 4777 3295 4843 Χρεωστεί
3338 4775 3467 4846 γὰρ,
3517 4770 3573 4823 οὐ
3611 4773 3736 4842 μόνον
3759 4765 3824 4816 τήν

2288 4862 2472 4914 ἑαυτοῦ
2509 4864 2792 4935 σωτηρίαν,
2818 4857 2946 4910 ἀλλὰ
2973 4864 3063 4912 καὶ
3093 4863 3186 4917 τὴν
3207 4866 3299 4912 τοῦ
3325 4859 3478 4914 λαοῦ.

2359 4957 2467 5024 Πῦρ
2508 4981 2573 4990 —
2617 4956 2738 5020 γῆν.
2795 4955 2904 5014 Πῦρ
2962 4946 3096 5020 λέγει
3152 4955 3239 4999 νῦν
3293 4953 3392 5007 τὴν
3447 4949 3520 5009 εἰς
3553 4947 3687 4999 αὐτὸν
3735 4939 3826 5009 ἆται

2285 5059 2385 5098 πην
2437 5043 2526 5090 καὶ
2592 5043 2789 5104 πίστιν,
2837 5036 3094 5110 ἐμφαίνων
3154 5039 3210 5088 τὸ
3281 5035 3516 5112 σφοδρὸν
3581 5036 3721 5092 αὐτῆς
3764 5031 3825 5078 πεί

1732 5341 1948 5408 Variae
1980 5339 2305 5408 lectiones
2337 5351 2396 5407 et
2434 5351 2635 5407 notae.

589 5542 704 5612 (21)
753 5535 1164 5612 Οἰκοδεσπότην,

591 5609 704 5683 (22)
750 5611 914 5672 Οὗτος
941 5612 964 5662 ό
996 5609 1167 5680 λόγος,
1205 5610 1272 5667 Β.

2367 5535 2480 5607 (23)
2523 5534 2841 5591 Hentenius
2888 5533 2984 5590 hic
3017 5531 3264 5607 addidit,
3296 5531 3373 5591 ab
3413 5547 3500 5589 eo.
3535 5527 3639 5587 Sed
3667 5521 3812 5579 neum

2225 5643 2236 5662 ν
2293 5604 2568 5664 meorum
2597 5607 2886 5678 agnoscit,
2916 5605 3040 5680 παρ’
3066 5604 3243 5660 αὐτοῦ.

3941 2749 3947 2824 ὲ

3935 2839 3947 2900 i

3939 2905 3947 3012 ἲ
