3994 6218
176 254 284 314 993

1232 246 1610 308 COMMENT.
1660 246 1727 302 IN
1766 239 2034 304 LUCAM.
2080 278 2137 288 ο-
2185 248 2344 306 CAP.
2396 251 2517 310 XII.

3444 256 3545 314 99’:

180 380 525 460 δραστήριον,
603 377 664 437 ἢν
732 379 782 431 εν
856 384 930 448 τῷ
1007 373 1445 448 ἐννεακαιδεκάτῳ
1520 372 1778 446 κεφαλαίῳ

1922 371 2032 427 iam
2050 387 2118 429 ac
2140 371 2329 446 ipsius
2359 375 2710 445 efﬁcaciam,
2726 394 2909 452 quam
2921 380 3157 439 decimo
3174 398 3337 439 nono
3354 385 3548 455 capite

176 480 267 525 τοῦ
309 472 447 523 κατὰ
496 469 765 522 Ματθαῖον
816 467 1090 541 μάχαιραν
1138 465 1392 539 ὠνόμασε,
1418 468 1508 516 καὶ
1547 464 1779 524 ζήτησον

176 563 281 615 ἐκεῖ
337 564 432 618 τήν
488 556 739 628 ἐξήγησιν
812 563 921 608 τοῦ·
988 559 1073 613 Μή
1138 559 1407 627 νομίσητε,
1480 555 1560 605 ὅτι
1627 551 1782 610 ἦλθον

177 649 357 723 βαλεῖν
417 647 624 722 εἰρήνην
647 646 733 698 ἰπὶ
760 649 852 703 τήν
880 652 1002 716 γῆν.
1030 644 1139 696 Οὐκ
1167 640 1319 702 ἦλθον
1352 641 1527 715 βαλεῖν
1554 645 1783 715 εἰρήνην,

175 738 308 791 ἀλλὰ
327 740 622 812 μάχαιραν.

252 834 356 882 Καὶ
396 859 463 868 —
505 827 748 898 ανήφθη;
782 828 879 878 Καὶ
926 828 977 876 τί
1023 822 1193 876 πλεῖον
1227 822 1373 890 θελω,
1419 820 1501 873 ἐὰν
1541 819 1782 891 ἀνήφθη;

175 923 242 971 Τί
298 916 472 970 πλεῖον
519 914 750 988 ἀναμένω
807 912 854 967 ἐν
911 921 984 984 τῷ
1015 918 1232 985 xeo-(sq);
1266 918 1445 964 Ταῦτα
1499 907 1560 963 δὲ
1604 908 1786 979 λέγων,

178 1003 396 1072 ἐδήλου,
480 1007 560 1057 ὅτι
637 1000 744 1063 ἤδη
798 1001 999 1070 ἀνήφθη
1065 1001 1113 1054 ἐν
1183 1008 1291 1062 τοῖς
1356 1004 1631 1073 μαθηταῖς,
1697 1003 1786 1049 καὶ

175 1095 405 1169 ἀναφθὲν
456 1095 551 1146 οὐκ
595 1095 667 1145 ἔτι
718 1091 1090 1158 σϐεσθήσεται,
1145 1089 1272 1143 ἀλλὰ
1312 1096 1481 1142 πᾶσαν
1519 1085 1783 1161 ἐπιδράμῃ

178 1184 297 1256 (24)
320 1189 413 1242 τήν
443 1183 757 1254 οἱκονμένην,
791 1186 879 1233 καὶ
909 1183 988 1233 ὅτι
1016 1180 1194 1233 λοιπὸν
1240 1178 1398 1239 αὐτὸς
1440 1175 1785 1250 μεταϐήσεται

185 1272 289 1326 ἀπὸ
319 1281 415 1336 τῆς
453 1272 675 1325 ἐνταῦθα
706 1272 862 1332 ζωῆς.

256 1454 541 1522 Βάπτισμα
602 1480 660 1490 -
737 1446 1129 1520 βαπτισθῆναι.
1214 1451 1579 1520 Φανερωτερον
1655 1462 1790 1517 προα

176 1543 387 1613 γορεύει
426 1543 664 1611 περὶτοῦ
714 1537 934 1590 θανάτου
966 1536 1145 1601 αὑτοῦ,
1168 1537 1247 1588 ὅτι
1301 1536 1580 1607 Βάπτισμα
1622 1533 1788 1607 μέλλω

176 1629 572 1703 βαπτισθῆναι,
618 1631 676 1680 τὸ
728 1622 800 1679 δι’
846 1626 1085 1698 αἱματοςο
1126 1623 1408 1697 βάπτισμα
1447 1628 1540 1681 τήν
1582 1627 1787 1696 σφαγήν

175 1720 351 1773 αὐτοῦ
381 1718 626 1782 καλέσας,
667 1719 735 1777 ὡς
772 1716 1056 1789 καθάρσιον
1087 1716 1254 1787 ήμων,

257 1813 366 1863 Καὶ
417 1815 523 1868 πῶς
570 1837 639 1846 —
673 1804 908 1876 τελεσθῇ.
946 1808 1047 1858 Καὶ
1095 1807 1284 1856 ὡσανεὶ
1314 1802 1535 1875 ἀγωνιῶ,
1572 1798 1667 1855 διὰ
1694 1807 1787 1860 τήν

173 1894 530 1972 βραδύτητα.
561 1896 791 1966 Ἐνέφηνε
822 1890 899 1964 δε,
933 1895 1013 1945 ὅτι
1060 1892 1316 1965 ἐπείγεται
1365 1901 1630 1964 σφαγῆναι
1660 1893 1786 1964 ὑπὲρ

171 1990 356 2061 ἡμῶν,
398 1990 489 2039 καὶ
518 1983 763 2044 ἑκουσίως
794 1979 1107 2036 ἐπιδίδωσιν
1138 1982 1343 2038 ἑαυτὸν.

250 2171 469 2218 Δοκεῖτε
527 2194 598 2204 —
647 2158 1016 2236 διαμερισμόν.
1084 2162 1266 2223 Καθὼς
1331 2161 1605 2236 εἰρήκαμεν
1664 2159 1788 2212 ἀνω-

172 2261 343 2330 τέρω,
398 2254 633 2315 ζήτησον
687 2252 736 2304 ἐν
782 2260 855 2323 τῷ
908 2248 1342 2323 ἐννεακαιδεκάτῳ
1385 2250 1643 2323 κεφαλαίῳ
1698 2258 1789 2303 τοῦ

168 2347 322 2397 κατὰ
374 2345 646 2397 Ματθαῖον
702 2346 796 2400 τήν
852 2339 1103 2413 ἐξήγησιν
1134 2348 1244 2395 τοῦ.
1289 2344 1374 2399 Μή
1412 2346 1680 2412 νομίσητε,
1710 2341 1791 2392 ὅτι

170 2433 345 2493 ἦλθον
386 2432 566 2505 βαλεῖν
620 2435 826 2505 εἰρήνην
874 2429 958 2482 ἐπὶ
1000 2435 1093 2489 τήν
1141 2438 1259 2500 γῆν.
1293 2430 1402 2482 Οὐκ
1433 2427 1586 2489 ἦλθον
1614 2428 1791 2501 βαλεῖν

170 2525 419 2598 εἰρήνην,
464 2520 592 2573 ἀλλὰ
616 2522 909 2593 μάχαιραν.

246 2612 514 2667 Ἔσονται
554 2641 620 2650 -
673 2614 837 2680 τρισί.
881 2610 1058 2663 Ταῦτα
1108 2613 1202 2667 τήν
1246 2608 1361 2660 καθ’
1410 2608 1643 2683 ἱστορίαν
1684 2608 1791 2671 ἐξήο

166 2722 346 2775 γησιν
399 2700 495 2753 οὐκ
540 2695 893 2770 ἱπιδεχόμενα
945 2698 1081 2769 (25),
1133 2700 1268 2750 κατὰ
1320 2696 1594 2770 ἀναγωγήν
1641 2703 1792 2771 μόνον

170 2794 546 2867 ἑρμηνευτέον.
595 2787 748 2841 Ἐστι
795 2790 896 2863 γὰρ
945 2785 1082 2848 οἶκος
1106 2789 1196 2860 μὲν
1244 2789 1334 2850 εἷς,
1372 2789 1401 2846 ἡ
1461 2796 1554 2841 τοῦ
1604 2796 1792 2840 πιστοῦ

168 2882 368 2954 ψυχή’
441 2884 589 2932 πέντε
637 2875 717 2945 δὲ,
779 2880 834 2930 αἱ
885 2876 933 2929 ἐν
955 2877 1087 2951 αὐτῇ
1152 2883 1297 2931 πέντε
1355 2876 1622 2951 δυνάμεις,
1655 2887 1793 2944 νονς,

170 2970 424 3036 διάνοια,
470 2966 619 3036 δόξα,
671 2973 953 3040 φαντασία,
1003 2973 1093 3020 καὶ
1152 2967 1419 3031 αῖσθησις,
1460 2977 1645 3030 αἳτινες
1695 2973 1795 3044 πρὸ

1894 461 2194 533 Evangelii
2206 466 2543 524 secundum
2556 469 2899 525 Matthaeum
2909 471 3230 543 appellavit
3243 471 3513 543 gladium
3531 487 3544 527 :

1893 550 1973 607 ibi
1993 566 2134 622 ergo
2161 570 2363 627 quaere
2380 556 2517 614 dicti
2531 557 2689 614 illius
2706 558 3147 617 enarrationem
3171 581 3183 620 :
3218 562 3296 619 Ne
3310 561 3547 634 putetis,

1892 640 2044 712 quod
2074 645 2329 701 venerim
2355 660 2563 715 pacem
2588 648 2874 704 missurus
2911 648 2975 705 in
3003 655 3264 717 terram;
3286 666 3402 707 non
3422 650 3553 709 veni

1891 744 2099 798 pacem
2124 733 2433 801 missuras,
2475 737 2579 792 sed
2605 737 2870 808 gladium
2898 741 2969 795 ⁵³.

1966 820 2126 876 Vers.
2180 825 2268 878 49.
2302 823 2377 878 Et
2405 854 2476 866 —
2503 841 2780 883 accensus
2824 832 2903 883 est
2930 828 2959 884 τ
3002 831 3070 883 Et
3107 829 3255 900 quid
3291 828 3551 902 amplius

1896 906 2086 964 volo?
2126 909 2185 965 Si
2230 912 2412 968 etiam
2480 930 2772 971 accensus
2828 925 2936 987 est,
2982 918 3132 989 quid
3179 918 3439 990 amplius
3488 917 3552 975 in

1896 998 2122 1053 mundo
2146 1006 2422 1072 exspecto
2453 1004 2483 1061 i'
2504 1003 2641 1061 Haec
2665 1008 2871 1061 autem
2907 1006 3111 1063 dicens
3152 1008 3550 1078 signiﬁcabat,

1897 1085 2061 1156 quod
2096 1087 2158 1144 in
2196 1088 2502 1163 discipulis
2527 1093 2655 1163 jam
2684 1109 2975 1150 accensus
3006 1102 3151 1166 erat,
3185 1102 3242 1152 et
3266 1111 3555 1152 accensus

1896 1173 2180 1249 deinceps
2203 1193 2323 1234 non
2336 1181 2831 1251 exstingueretur,
2847 1183 2954 1239 sed
2969 1183 3179 1241 orbem
3192 1188 3555 1257 percurreret

1898 1259 2234 1317 universum
2265 1304 2280 1329 ,
2305 1279 2649 1338 quanquam
2676 1267 2740 1340 (j)
2757 1268 2890 1340 jam
2911 1269 3035 1342 ipse
3071 1287 3106 1326 a
3125 1270 3409 1342 praesenti
3437 1268 3557 1326 vita

1899 1350 2196 1409 transiret.

1968 1438 2133 1497 Vers.
2186 1445 2271 1499 50.
2323 1443 2686 1515 Baptismata
2723 1477 2790 1488 -
2823 1448 3137 1519 baptizari.
3190 1446 3553 1505 Manifestius

1898 1528 2165 1598 praedicit
2207 1533 2282 1587 de
2328 1540 2518 1591 morte
2570 1551 2699 1593 sua.
2750 1535 3103 1607 Baptismate
3152 1537 3550 1610 baptizandus

1900 1632 2058 1683 sum,
2092 1620 2258 1691 quod
2286 1627 2379 1678 est
2404 1639 2504 1694 per
2530 1626 2884 1695 sanguinem
2914 1642 2928 1682 :
2952 1626 3268 1700 baptisma,
3295 1626 3444 1683 dixit
3463 1625 3554 1682 sui

1819 1719 1863 1774 Β
1899 1707 2274 1779 occisionem,
2311 1717 2603 1787 tanquam
2654 1716 2840 1772 nostri
2872 1717 3374 1789 puriﬁcationem.

1981 1803 2144 1859 Vers.
2176 1801 2261 1858 50.
2291 1801 2366 1859 Et
2394 1804 2822 1875 quodammodo
2850 1805 2931 1878 (Ιε)
2965 1837 3032 1846 -
3074 1806 3456 1877 perﬁciatur.
3491 1807 3557 1863 Et

1899 1892 2077 1950 veluti
2126 1892 2339 1949 anxius
2394 1908 2532 1948 sum
2584 1900 2826 1967 propter
2879 1895 3236 1965 tarditatem,
3290 1894 3558 1952 Ostendit

1896 1987 2117 2050 autem,
2144 1981 2311 2054 quod
2340 1982 2644 2041 festinaret
2680 1984 2833 2041 mori
2870 2001 2978 2057 pro
3016 1985 3213 2052 nobis,
3266 1990 3320 2042 et
3350 1984 3557 2043 volun-

1897 2071 2041 2128 tarie
2069 2071 2337 2143 seipsum
2361 2071 2637 2130 traderet.

1967 2163 2126 2218 Vers.
2148 2161 2240 2218 51.
2272 2160 2504 2218 Putatis
2523 2193 2591 2204 --
2622 2166 3077 2234 separationem.
3119 2166 3345 2234 Quaere,
3376 2163 3559 2221 veluti

1897 2250 2173 2323 superius
2217 2249 2502 2318 diximus,
2534 2251 2769 2308 decimo
2798 2267 2959 2309 nono
3008 2252 3204 2325 capite
3253 2251 3562 2325 Evangelii

1898 2340 2232 2397 secundum
2284 2341 2616 2397 Matthaaum
2673 2342 2815 2398 dicti
2862 2343 3020 2399 illius
3071 2344 3555 2401 enarrationem:

1897 2430 1987 2489 Ne
1999 2433 2235 2500 putetis,
2255 2431 2413 2502 quod
2428 2432 2681 2487 venerim
2692 2446 2898 2501 pacem
2916 2433 3200 2489 missurus
3218 2435 3278 2490 in
3296 2438 3520 2491 terram
3543 2447 3561 2491 :

1899 2536 2014 2576 non
2041 2520 2175 2577 veni
2193 2534 2400 2589 pacem
2432 2520 2729 2592 missurus,
2757 2522 2857 2578 sed
2873 2522 3161 2592 gladium.

1970 2610 2130 2665 Vers.
2186 2614 2273 2665 52.
2335 2608 2527 2665 Erunt
2559 2639 2631 2652 -
2659 2617 2798 2667 tres.
2855 2612 2991 2667 Haec
3029 2612 3201 2682 juxta
3248 2611 3561 2669 historiam

1900 2699 2280 2755 enarratione
2304 2714 2428 2754 non
2449 2704 2642 2769 egent,
2677 2699 2784 2755 sed
2805 2706 3037 2756 tantum
3062 2701 3397 2757 secundum
3420 2716 3564 2758 ana-

1902 2788 2553 2861 gogeninterpretanda
2571 2793 2731 2844 sunt.
2763 2790 2889 2844 Una
2909 2790 3069 2845 enim
3089 2791 3332 2859 domus,
3357 2790 3565 2846 anima

1902 2884 1990 2934 est
2030 2878 2137 2933 viri
2172 2875 2368 2933 ﬁdelis
2400 2892 2412 2933 :
2445 2877 2714 2951 quinque
2745 2892 2901 2943 vero,
2951 2885 3090 2936 sunt
3130 2879 3399 2953 quinque
3438 2879 3566 2951 ejus

1906 2966 2179 3039 potentiae
2206 2984 2220 3023 :
2250 2971 2397 3038 puta
2425 2981 2621 3035 mens,
2667 2967 3069 3038 intelligentia,
3104 2968 3330 3041 opinio,
3372 2969 3569 3042 phan-

171 3064 272 3133 μὲν
322 3069 419 3112 τοῦ
452 3059 607 3130 λόγου
642 3065 736 3118 τῆς
779 3061 1005 3119 πίστεως
1052 3060 1265 3121 ήνωντο,
1311 3062 1599 3123 τουτέστιν,
1664 3061 1793 3132 ὡμο-

1922 3056 2085 3126 ίεεὶᾶ,
2112 3061 2168 3112 et
2197 3071 2410 3111 sensus
2439 3073 2452 3113 :
2481 3072 2618 3130 quas
2648 3062 2784 3113 ante
2819 3056 2958 3113 ﬁdei
2998 3074 3340 3115 sermonem
3388 3058 3568 3115 unite

168 3158 387 3223 φὼνουν
449 3148 522 3210 εἰς
561 3143 883 3220 φιληδονίαν·
925 3148 1056 3219 μετὰ
1100 3143 1159 3199 δὲ
1212 3150 1268 3198 τὸ
1318 3144 1651 3221 ἐπιδημῆσαι
1679 3156 1802 3207 τοῦς

165 3260 263 3293 τον
347 3238 559 3303 αὐταῖς,
625 3234 1157 3309 διαμερισθήσονται’
1243 3238 1299 3289 αἱ
1362 3245 1496 3309 τρεῖς
1575 3240 1665 3309 μὲν
1746 3240 1799 3291 αἰ

165 3329 420 3401 λογικαὶ,
458 3328 485 3379 ὁ
521 3334 661 3393 νοῦς,
692 3331 782 3378 καὶ
814 3327 843 3384 ἠ
893 3322 1122 3392 διάνοια,
1159 3330 1248 3379 καὶ
1286 3327 1315 3384 ή
1360 3323 1510 3391 δόξα,
1538 3330 1670 3380 κατὰ
1698 3337 1797 3380 τῶν

166 3415 278 3471 δύο
341 3415 568 3488 ἀλόγων,
610 3422 706 3476 τῆς
743 3433 798 3467 τε
851 3418 1138 3487 φαντασίας
1191 3419 1282 3468 καὶ
1328 3425 1424 3478 τῆς
1478 3416 1792 3481 αἰσθήσεως,

165 3513 247 3581 μὴ
308 3513 696 3579 συμφωνοῦσαι
745 3507 965 3565 ταύταις
1012 3504 1078 3566 εἰς
1124 3503 1423 3577 ἰμπάθειαν·
1477 3507 1531 3558 αἱ
1582 3503 1679 3560 δύο
1738 3505 1797 3560 δε

166 3598 348 3651 αὗται
406 3595 610 3667 ἄλογοι,
640 3596 778 3647 κατὰ
816 3602 914 3646 τῶν
965 3602 1118 3667 τριῶν
1162 3593 1362 3647 ἐκείνων
1405 3603 1505 3648 τῶν
1552 3596 1791 3669 λογικῶν,

160 3693 243 3760 μή
283 3681 629 3758 συνᾴδουσαι
676 3683 884 3746 ἐκείνοις
930 3683 1001 3744 εἰς
1039 3682 1310 3751 ἀπάθειαν,
1341 3686 1435 3746 ἕως
1465 3685 1525 3738 ἆν
1583 3689 1608 3738 ὁ
1646 3687 1796 3760 λόγος

160 3781 379 3847 νικήσῃ
418 3778 506 3831 τήν
539 3773 770 3844 ἀλογίαν.

248 3869 365 3919 Καὶ
422 3863 542 3915 καθ’
596 3862 763 3937 ἕτερον
819 3858 878 3914 δὲ
930 3867 1139 3936 τρόπον.
1175 3862 1411 3936 Ἐπείπερ
1455 3865 1481 3916 ὁ
1526 3867 1795 3930 ἄνθρωπος

164 3962 337 4008 πέντε
402 3956 499 4026 μὲν
557 3955 668 4023 ἔχει
727 3948 973 4023 δυνάμεις
1024 3960 1113 4013 τῆς
1167 3951 1374 4025 ψυχῆς,
1424 3957 1514 4015 τὰς
1557 3975 1798 4032 προειρη-

163 4052 367 4116 μένας
427 4047 578 4095 πέντε
638 4038 697 4094 δε
778 4041 1050 4102 αἰσθήσεις
1117 4049 1208 4094 τοῦ
1270 4049 1533 4115 σώματος,
1592 4047 1794 4118 ὅρασιν,

164 4136 376 4191 ἀκοήν·
440 4130 720 4204 ὂσφρησιν,
779 4138 960 4202 γεῦσιν
1008 4130 1145 4201 (26),
1186 4136 1276 4184 καὶ
1328 4132 1482 4204 ἁφήν·
1516 4131 1655 4197 οἶκος
1709 4140 1798 4207 μὲν

164 4224 235 4276 ἀν
286 4226 374 4279 εἴη
437 4222 467 4272 ὁ
514 4222 802 4295 ἅνθρωπος·
850 4222 1055 4272 ἔσονται
1104 4216 1162 4273 δε
1199 4224 1347 4273 πέντε
1403 4220 1453 4273 ἐν
1502 4224 1644 4296 αὐτῷ
1676 4222 1801 4279 δια-

161 4313 595 4387 μεμερισμέναι,
663 4312 841 4381 ἤγουν,
899 4310 956 4360 αἱ
1020 4315 1152 4382 τρεῖς
1206 4311 1296 4381 μεν
1352 4309 1558 4383 λογικαὶ

1642 4310 1801 4367 δυνά-

1907 3153 2095 3213 erant,
2126 3146 2240 3203 hoc
2269 3151 2374 3212 est,
2425 3146 2487 3202 in
2538 3146 2913 3219 voluptatum
2966 3164 3172 3204 amore
3223 3149 3565 3205 concordes.

1906 3235 2239 3309 Postquam
2263 3240 2465 3291 autem
2482 3235 2559 3291 ad
2585 3250 2687 3291 eas
2715 3251 2913 3293 sermo
2935 3235 3032 3292 ille
3053 3236 3339 3309 pervenit,
3360 3236 3568 3292 divisa

1906 3329 2046 3381 sunt
2070 3330 2186 3382 tres
2211 3324 2551 3391 rationales,
2584 3340 2770 3392 mens,
2802 3325 3184 3396 intelligentia
3213 3332 3270 3381 et
3309 3324 3515 3398 opinio
3550 3341 3565 3392 ;

1906 3414 2200 3471 adversus
2246 3414 2400 3470 duas
2440 3413 2833 3480 irrationales,
2856 3421 3022 3489 puta,
3055 3415 3457 3489 phantasiam,
3512 3422 3571 3471 et.

1906 3521 2172 3571 sensum,
2204 3520 2326 3561 non
2365 3505 2694 3562 concordes
2724 3521 2862 3562 cum
2910 3505 3058 3578 ipsis
3091 3509 3153 3562 in
3197 3505 3515 3563 affectione
3550 3522 3566 3562 :

1902 3595 1998 3652 hm
2037 3610 2175 3652 vero
2212 3593 2585 3651 irrationales
2619 3599 2827 3651 contra
2872 3599 2992 3651 tres
3043 3595 3361 3667 praedictas
3392 3595 3571 3652 ratio-

1903 3684 2093 3752 nales,
2127 3699 2246 3742 non
2278 3700 2562 3741 consona;
2592 3700 2730 3741 cum
2759 3685 2841 3740 eis
2868 3683 2927 3739 in
2953 3684 3365 3741 immobilitate
3408 3684 3572 3742 circa

1903 3772 2263 3840 affectiones,
2296 3772 2489 3830 donec
2516 3773 2667 3830 ratio
2698 3773 2896 3830 vincat
2924 3773 3467 3831 irrationalitatem.

1975 3866 2262 3920 Praeterea
2285 3869 2342 3920 et
2371 3861 2493 3919 alio
2532 3862 2735 3921 modo.
2769 3864 2915 3919 Cum
2936 3863 3122 3920 homo
3151 3862 3373 3920 habeat
3396 3862 3570 3935 quin-

1904 3968 2022 4026 que
2061 3954 2273 4009 animze
2302 3953 2621 4025 potentias,
2662 3958 2719 4009 et
2749 3954 3011 4025 quinque
3045 3968 3257 4008 sensus
3281 3952 3576 4029 corporis,

1904 4043 2122 4107 visum,
2172 4041 2463 4113 auditum,
2526 4042 2827 4109 olfactum,
2879 4049 3123 4114 gustum
3175 4047 3231 4098 et
3287 4047 3516 4098 tactum
3558 4058 3572 4097 :

1907 4132 2127 4187 domus
2152 4147 2287 4187 esse
2319 4136 2511 4204 potest
2547 4133 2675 4203 ipse
2724 4132 2924 4189 homo.
2959 4134 3142 4188 Erunt
3172 4137 3374 4187 autem
3405 4130 3467 4186 in
3496 4145 3569 4186 ea

1907 4220 2176 4293 quinque
2223 4220 2418 4288 divisi,
2474 4220 2741 4277 videlicet
2798 4226 2912 4278 tres
2962 4218 3278 4277 rationales
3330 4218 3548 4274 animm

1909 4309 2212 4384 potentiae,
2262 4326 2449 4379 mens,
2501 4309 2889 4382 intelligentia
2931 4313 2988 4366 et
3015 4308 3242 4381 opinio,
3283 4308 3574 4364 adversus

164 4422 302 4474 μεις
352 4408 454 4461 τῆς
500 4397 708 4470 ψυχῆς,
741 4405 879 4458 νοῦς.
936 4394 1142 4450 διάνοια
1172 4403 1262 4450 καὶ
1318 4395 1467 4464 δοξα,
1520 4405 1658 4454 κατὰ
1702 4412 1793 4455 τῶν

1922 4400 2174 4474 reliquas
2203 4401 2375 4471 duas,
2422 4400 2802 4472 phantasiam
2850 4403 2906 4455 et
2936 4414 3228 4455 sensum:
3261 4398 3383 4454 duo
3434 4411 3576 4453 vero

164 4490 479 4545 ἐπιλσίπων
584 4485 682 4540 δύο
706 4531 719 4555 ,

163 4844 617 4922 φιλονεικοῦσαι.

255 4998 314 5034 ’θ
351 4994 564 5051 Matth.
594 5010 649 5065 x,
702 4996 793 5050 34.

804 4492 1087 4558 φαντασίας
1165 4493 1254 4540 καὶ
1346 4489 1663 4553 αἰσθήσεωςο
1750 4496 1804 4545 αὶ

156 4576 280 4633 δύο
333 4573 398 4630 δε
441 4581 756 4648 τιμιώταται
801 4575 1074 4636 αἰσθήσεις
1137 4583 1228 4628 τοῦ
1289 4582 1552 4650 σώματος,
1624 4583 1804 4656 ὅρασις

158 4669 273 4718 καὶ
344 4660 503 4727 ἀκοή,
551 4663 686 4713 κατά
726 4669 825 4712 τῶν
877 4660 1064 4713 λοιπῶν
1093 4670 1270 4734 τριῶν,
1312 4661 1639 4739 ὀσφρήσεως,
1683 4671 1809 4740 γεύ-

164 4773 323 4815 σεως
374 4755 472 4805 καὶ
513 4751 670 4824 ἁφῆς,
708 4747 1103 4824 διαμαχόμεναι
1150 4754 1368 4816 ταύταις
1422 4759 1511 4807 καὶ
1553 4755 1811 4822 ὑποτάξαι

1915 4491 2202 4563 praecipui
2227 4490 2493 4563 corporis
2531 4505 2759 4560 sensus,
2790 4488 2956 4545 visus
2984 4493 3042 4545 et
3069 4487 3330 4554 auditus,
3367 4489 3580 4544 contra

1916 4581 2173 4653 reliquos
2204 4585 2342 4649 tres,
2389 4579 2695 4647 olfactum,
2735 4584 2965 4652 gustum
3009 4583 3067 4636 et
3104 4581 3325 4635 tactum
3359 4591 3374 4635 :
3406 4592 3581 4650 repu-

1920 4675 2170 4744 gnantes
2207 4670 2323 4727 illis
2353 4687 2424 4728 ac
2452 4670 2747 4742 subjicere
2773 4668 3223 4727 contendentes.

1432 5095 1652 5167 Varia
1694 5100 2017 5174 lectiones
2051 5115 2118 5175 et
2163 5116 2366 5176 notae.

250 5267 392 5336 (24)
423 5264 595 5338 Forte
620 5260 1009 5338 ίπιδραμεῖται.

246 5332 385 5413 (25)
410 5332 825 5411 Ἐπιδιχόμιθαζ
849 5338 918 5393 Α.
945 5335 1266 5394 Hentenius
1305 5336 1543 5397 videtur
1591 5338 1812 5412 legisse

500 5530 743 5589 nquam.
776 5514 1067 5589 Quodque
1090 5547 1164 5561 —
1190 5517 1486 5576 transibit.

297 5518 339 5591 ')
500 5530 743 5589 nquam.
776 5517 946 5583 Quod
1011 5530 1067 5600 .e
1090 5547 1164 5561 —
1190 5517 1486 5576 transibit.

240 5517 927 5676 &)%aguodammodq.
947 5531 1203 5676 gdetur
1257 5604 1401 5660 ergo
1433 5591 1494 5676 in
1528 5590 1813 5676 textude-

147 5658 377 5742 gigas,
406 5658 511 5715 καῖ
535 5679 662 5723 πως.
691 5659 857 5719 Hanc
882 5658 1192 5722 lectionem
1219 5658 1578 5736 comprobat
1642 5663 1813 5724 etiam

1921 5273 2228 5351 ἐπιδεόμενα
2254 5287 2351 5341 τῆς
2377 5277 2691 5350 ἐξηγήσεως.

1992 5351 2107 5423 (26)
2144 5356 2347 5417 Γεῦσιν,
2381 5354 2661 5425 ὄσφρησιν,
2702 5354 2761 5404 Β.

1922 5531 2189 5603 subjecta
2212 5524 2636 5603 interpretatio,
2675 5543 2820 5586 nam
2845 5528 3033 5582 ὠσανεὶ
3074 5540 3197 5583 non
3230 5527 3321 5581 est
3351 5525 3440 5573 καὶ
3472 5528 3583 5586 πῶς

1924 5603 2033 5662 sed
2063 5606 2154 5656 atati
2183 5621 2314 5665 πως.

3446 5686 3465 5725 2
