3994 6218
545 243 650 300 905

545 474 649 514 sex
677 458 868 524 aﬁert,
901 462 1019 513 trcs
1050 455 1207 511 enim
1238 455 1511 514 binarios
1541 456 1787 512 adducit
1809 453 2202 512 ?Nondividit

544 548 890 621 quinarium
921 546 980 600 in
1016 545 1340 613 senarium,
1371 545 1469 612 qui
1505 561 1540 601 a
1565 545 1841 618 quinario
1857 543 2158 615 oriatur(t)
2189 565 2198 595 :

548 637 653 692 sed
699 637 1017 706 mysticum
1069 634 1360 706 quiddam
1405 635 1648 690 denotat
1699 634 1794 690 ille
1842 634 2200 706 quinarius:

547 726 849 780 senarium
897 740 1038 778 vero
1069 725 1319 779 assumit
1373 725 1624 796 exempli
1658 724 1874 794 gratia.
1916 722 2067 790 Quid
2114 727 2204 777 est

545 829 710 883 ergo,
755 813 920 885 quod
960 829 1064 884 per
1093 813 1436 884 quinarium
1489 814 1859 884 significatur
1885 813 1913 868 ?
1947 814 2205 868 lrrecou-

544 903 895 967 ciliabilitas,
940 902 1300 975 hederisque
1332 904 1592 958 carentia
1635 909 1765 974 post
1794 903 1999 967 ﬁdem,
2054 901 2206 957 inter

545 1009 647 1049 eos
678 993 776 1065 qui
813 998 951 1048 ante
981 999 1320 1064 susceptam
1359 992 1538 1048 ﬁdem
1579 992 1727 1048 uniti
1768 997 1940 1048 erant
1986 1005 2200 1062 cogna-

547 1083 704 1138 tione
743 1086 799 1137 et
828 1081 1271 1151 conjunctione.

619 1170 779 1227 Sicut
847 1170 908 1225 in
965 1171 1322 1242 quibusdam
1399 1171 1689 1244 quinque,
1762 1176 1907 1243 puta
1967 1169 2206 1226 duobus

545 1259 880 1316 hominibus
921 1265 976 1315 et
1005 1259 1191 1315 tribus
1238 1259 1438 1322 rebus,
1484 1267 1586 1315 aut
1635 1261 1875 1316 duabus
1921 1258 2103 1314 rebus
2153 1265 2207 1313 et

545 1351 734 1405 tribus
759 1349 1129 1416 hominibus,
1171 1348 1422 1404 difﬁcilis
1459 1350 1728 1421 quaedam
1757 1355 1847 1405 est
1885 1365 1954 1404 ac
1987 1348 2208 1420 impos-

547 1438 734 1494 sibilis
749 1438 1086 1494 conciliatio
1108 1456 1120 1489 :
1140 1453 1279 1493 cum
1292 1437 1409 1493 duo
1433 1439 1709 1494 homines
1725 1439 1799 1495 de
1819 1438 2006 1494 tribus
2026 1439 2206 1493 rebus

544 1527 916 1592 dissentiunt,
965 1535 1067 1582 aut
1094 1544 1124 1582 e
1166 1527 1464 1584 contrario
1496 1535 1610 1584 tres
1656 1528 1729 1583 de
1761 1528 1998 1583 duabus
2033 1545 2044 1582 :
2081 1544 2208 1582 om-

545 1616 689 1672 nino
719 1618 877 1672 enim
911 1633 1148 1671 necesse
1175 1623 1279 1682 est,
1311 1623 1373 1672 ut
1407 1633 1528 1673 una
1561 1619 1737 1673 trium
1781 1617 2021 1672 duobus
2060 1617 2206 1672 divi-

546 1707 715 1761 datur
768 1705 1135 1769 hominibus,
1181 1705 1272 1760 vel
1309 1706 1444 1761 duae
1494 1723 1586 1761 res
1635 1707 1693 1761 in
1744 1714 1859 1762 tres
1916 1713 2283 1772 secentur,'|3

547 1812 686 1856 cum
729 1795 928 1850 nullus
960 1812 1164 1850 eorum
1211 1796 1463 1851 divisam
1505 1796 1696 1851 sortiri
1741 1795 1897 1852 velit.
1931 1800 2012 1850 lta
2059 1800 2115 1850 et
2145 1795 2202 1850 in

545 1886 658 1952 his,
693 1887 795 1958 qui
839 1886 1193 1956 cognatione
1225 1891 1328 1940 aut
1357 1886 1778 1956 conjunctione
1830 1885 1978 1940 uniti
2011 1891 2202 1949 erant,

547 1975 1057 2031 dissentientibus.
1100 1977 1252 2032 circa
1279 1974 1458 2030 ﬁdem
1487 1992 1555 2031 ac
1585 1975 1810 2038 divisis,
1838 1981 1895 2030 et
1925 1974 2205 2048 implaca-

546 2065 735 2120 biliter
785 2081 847 2119 se
895 2065 1276 2120 habentibus.
1327 2068 1528 2130 Erunt,
1587 2066 1796 2137 inquit,
1852 2065 1974 2120 duo
2030 2079 2208 2135 super

545 2156 756 2221 tribus,
799 2154 860 2209 id
885 2160 989 2219 est,
1038 2160 1326 2225 tanquam
1353 2155 1474 2210 duo
1502 2155 1776 2210 homines
1805 2169 1986 2226 super
2020 2153 2207 2208 tribus

545 2244 724 2299 rebus
753 2243 1126 2307 dissidentes,
1165 2247 1222 2298 et
1249 2259 1511 2312 rursum,
1545 2250 1823 2316 tanquam
1871 2251 1986 2299 tres
2017 2242 2206 2299 homi-

527 2349 654 2389 nes
684 2348 864 2404 super
884 2332 1123 2388 duabus
1150 2333 1349 2388 rebus.

618 2599 838 2656 Deinde
861 2599 1022 2672 ponit
1051 2599 1231 2655 etiam
1261 2598 1536 2672 exempla
1553 2600 1982 2669 cognationum
2011 2615 2082 2656 ac
2105 2599 2208 2657 ha-

545 2689 887 2745 bitudinum
913 2705 1121 2744 eorum
1152 2688 1255 2761 qui
1284 2688 1774 2761 propinquissimi
1818 2695 1972 2754 sunt,
2012 2695 2067 2746 et
2092 2691 2206 2745 sibi

547 2784 758 2834 mutuo
804 2778 1061 2834 maxime
1111 2778 1452 2844 familiares,
1508 2779 1612 2833 sed
1652 2779 1826 2834 divist
1857 2779 2206 2835 acutissimo

544 2868 684 2924 ﬁdei
734 2868 952 2937 gladio,
1006 2884 1142 2939 quae
1192 2885 1298 2939 per
1343 2868 1824 2939 praedicationem
1865 2869 2204 2924 inducitur:

546 2975 798 3030 quorum
830 2958 950 3013 duo
990 2957 1203 3013 binarii
1236 2966 1372 3012 sunt
1404 2960 1696 3028 sanguine
1723 2960 2204 3030 conjunctornm,

549 3049 713 3104 tertia
743 3048 1088 3118 conjunctio
1118 3056 1205 3102 est
1243 3049 1534 3103 afﬁnium.

828 3137 1119 3193 Praeterea
1146 3138 1306 3194 circa
1336 3138 1490 3195 idem
1517 3140 1634 3195 alio
1667 3140 1859 3197 modo.

619 3226 759 3282 Dure
785 3226 1166 3282 habitudines
1184 3227 1472 3283 adversus
1493 3233 1607 3283 tres
1630 3244 2025 3300 personarum
2050 3244 2210 3284 com-

544 3316 917 3372 binationes:
951 3322 1006 3370 et
1035 3331 1271 3371 rursum
1305 3322 1416 3372 tres
1448 3332 1843 3388 personarum
1897 3318 2210 3373 combina-

548 3408 737 3462 tiones
767 3408 1052 3462 adversus
1079 3405 1230 3461 duas
1253 3406 1664 3462 habitudines:
1700 3407 1885 3480 dupla
1909 3408 2204 3480 siquidem

544 3496 836 3552 habitudo
866 3495 1223 3550 estduorum
1251 3503 1652 3552 extremorum
1682 3513 2001 3569 processus
2032 3499 2204 3553 itera-

545 3590 660 3649 tus,
696 3589 899 3656 utpote
931 3600 966 3639 a
1004 3589 1170 3654 patre
1198 3585 1275 3638 ad
1305 3585 1519 3650 ﬁlium,
1548 3591 1602 3640 et
1633 3602 1670 3641 a
1697 3585 1818 3641 ﬁlio
1849 3587 1924 3641 ad
1953 3592 2203 3657 patrem,

545 3679 606 3730 et
649 3674 800 3728 itain
821 3673 1048 3726 caeteris
1099 3672 1333 3743 Triplex
1376 3688 1519 3728 vero
1559 3689 1952 3745 personarum
1979 3675 2208 3730 combi-

545 3762 708 3818 natio
746 3766 852 3827 est,
899 3769 1066 3832 pater
1091 3767 1146 3817 et
1176 3761 1352 3827 ﬁlius,
1401 3768 1589 3818 mater
1634 3769 1689 3818 et
1720 3763 1860 3829 ﬁlia,
1913 3781 2120 3820 socrus
2151 3771 2208 3822 et

549 3867 754 3906 nurus.
770 3851 939 3915 Quod
961 3857 1158 3907 autem
1173 3850 1372 3906 Graece
1393 3851 1608 3907 dicitur
1629 3854 1731 3919 ἐπὶ,
1755 3853 2056 3923 signiﬁcat
2071 3870 2209 3911 con-

548 3945 636 3996 tra
661 3940 754 3996 vel
770 3941 1064 4008 adversus,
1082 3947 1363 3997 utcontra
1376 3941 1768 3998 veladversus
1793 3950 1906 3999 tres
1935 3952 2036 4000 aut
2053 3945 2207 4002 duos

547 4031 626 4088 ad
650 4030 1106 4100 signiﬁcandam
1155 4032 1598 4102 scparationem
1636 4032 1725 4087 vel
1761 4033 2204 4091 alienationem.

619 4120 787 4177 Vers.
817 4121 905 4176 53.
942 4120 1332 4177 Dividetur—
1359 4138 1592 4178 socrum
1639 4138 1821 4178 suam.
1860 4125 1999 4182 Haic
2051 4141 2205 4196 prae-

546 4210 717 4266 dictis
745 4226 863 4266 non
908 4215 1044 4266 sunt
1098 4210 1458 4282 coaptanda,
1507 4212 1609 4267 sed
1665 4213 1737 4268 ab
1769 4213 1882 4268 alio
1916 4213 2208 4286 principio

543 4300 820 4371 legenda,
875 4317 946 4356 ac
997 4299 1328 4356 secundum
1373 4301 1680 4357 historiam
1727 4302 2203 4374 interpretanda;

1865 232 2210 292 EUTHYM"
2250 230 2579 291 ZIGABENI
2973 210 2980 214 ’
3733 243 3804 298 996

615 373 658 439 ιι-
696 366 1027 435 Quomodo,
1059 380 1189 422 cum
1242 363 1504 438 quinque
1553 364 1718 436 prius
1763 364 1989 428 dixerit,
2039 378 2199 419 nunc
2234 366 2280 414 A

2387 366 2522 435 [Πῶς
2580 365 2690 435 (27)
2759 368 2906 417 πέντε
2955 365 3130 430 εἰπὼν,
3189 364 3241 428 ἓξ
3293 365 3549 439 ἔπιφέρεις
3599 376 3703 440 τρεῖς
3741 375 3806 439 γὰρ

2316 453 2492 522 ἐπάγει
2555 455 2832 524 συζυγίας.
2884 455 2958 507 0'3
3017 459 3110 512 τὴν
3163 457 3492 528 προτεθεῖσαν
3539 455 3724 509 πεντάδα
3763 461 3808 521 εἰς

2315 540 2477 604 ἑξάδα
2510 543 2680 595 ἁπλοῖ·
2714 543 2842 595 ἀλλὰ
2873 541 2966 595 διὰ
3012 548 3100 615 μὲν
3140 553 3235 604 τῆς
3286 542 3529 606 πεντάδος
3564 554 3762 617 μυστικὸν
3782 569 3813 598 τι

2317 631 2489 690 δηλοῖ·
2551 638 2641 691 τὴν
2695 630 2856 696 ἑξάδα
2929 631 2988 685 δὲ
3050 631 3468 705 παραδείγματος
3516 637 3652 687 ἐνέχει
3702 657 3816 707 παρα·

2315 722 2582 792 λαμϐάνει.
2650 729 2713 777 Τί
2769 721 2856 776 οὖν
2910 729 2966 775 τά
3021 720 3113 775 δια
3157 733 3251 784 τῆς
3303 722 3540 784 πεντάδος
3583 722 3818 795 δηλούμενον

2317 813 2428 883 (2x)
2461 831 2472 880 ;
2514 817 2583 865 Τὸ
2623 817 2750 885 μετα
2778 819 2872 870 τήν
2899 818 3077 865 πίστιν
3137 814 3580 865 δυσκατάλλακτον
3605 821 3680 866 καὶ
3704 814 3819 885 ἀσυμ-

2315 901 2564 954 ϐίϐαστον
2590 912 2688 954 τῶν
2720 906 2854 954 κατά
2885 907 3186 974 συγγένειαν
3218 907 3307 955 καὶ
3325 908 3508 974 σχέσιν
3535 907 3623 976 πρὸ
3643 913 3713 964 τῆς
3736 912 3824 956 πίσ-

2315 1011 2438 1054 τεως
2473 993 2760 1064 ἠνωμένων,

2385 1171 2583 1245 ’Ὠσπερ
2631 1174 2731 1245 γὰρ
2787 1170 2866 1223 ἐπὶ
2935 1175 3080 1223 πέντε
3161 1179 3331 1237 τινῶν,
3409 1174 3580 1241 ἤγουν,
3625 1167 3706 1223 δύο
3767 1176 3827 1241 μεθ

2318 1259 2616 1336 ἀνθρώπων,
2691 1262 2844 1333 τριῶν
2915 1257 2974 1312 δὲ
3066 1262 3408 1332 πραγμάτων,
3492 1260 3521 1317 ᾗ
3592 1269 3720 1332 τριῶν

2317 1350 2616 1424 ἀνθρώπων,
2665 1347 2760 1403 δύο
2819 1347 2878 1402 δὲ
2927 1353 3268 1423 πραγμάτων,
3302 1350 3504 1421 χαλεπή
3543 1369 3614 1411 τις
3635 1348 3830 1401 καὶάδύ-

2315 1460 2466 1501 νατος
2531 1442 2560 1497 ἡ
2609 1439 2932 1509 καταλλαγὴ,
3003 1441 3124 1491 ὅταν
3186 1442 3234 1491 οἱ
3302 1436 3399 1490 δύο
3459 1438 3691 1513 ἂνθρωποι
3752 1447 3828 1510 περὶ

2315 1538 2414 1582 τῶν
2481 1539 2635 1604 τριῶν
2690 1531 3008 1603 πραγμάτων
3071 1531 3454 1592 στασιάζωσιν,
3516 1531 3543 1587 ᾗ·
3607 1529 3831 1580 τούναντίον

2315 1622 2363 1672 οἱ
2420 1627 2553 1694 τρεῖς
2578 1625 2695 1692 περὶ
2739 1627 2837 1669 τῶν
2887 1614 3009 1670 δύο*
3061 1616 3258 1688 ἀνάγκη
3298 1621 3400 1691 γὰρ
3442 1620 3644 1679 πάντως,
3674 1619 3698 1674 ἡ
3732 1619 3774 1666 τὸ
3801 1616 3833 1665 ἐν

2315 1718 2413 1760 τῶν
2468 1719 2621 1782 τριῶν
2673 1710 2993 1781 πραγμάτων
3058 1716 3160 1767 τοῖς
3223 1703 3382 1759 δυσὶν
3449 1705 3710 1778 ἀνθρώποις

2315 1801 2646 1873 μερισθῆναι,
2690 1798 2718 1855 ἦ
2753 1801 2814 1848 τα
2855 1793 2952 1848 δύο
3013 1800 3300 1870 πράγματα
3351 1801 3424 1856 εἱς
3461 1801 3575 1870 τρία
3620 1796 3836 1866 τμηθῆναι.

2315 1885 2535 1960 μηδενὸς
2587 1892 2752 1938 αὐτῶν
2812 1883 3187 1958 ἐπιδεχομένου
3236 1889 3405 1956 τυχὸν
3465 1881 3716 1956 διαίρεσινο
3746 1884 3838 1934 οὕτω

2315 1984 2403 2029 καὶ
2482 1976 2564 2029 ἐπὶ
2631 1986 2728 2028 τῶν
2795 1980 2927 2028 κατα
2977 1981 3276 2045 συγγένειαν
3335 1979 3425 2026 καὶ
3475 1978 3648 2044 σχέσιν
3693 1975 3840 2042 ἡνωμέ-

2315 2089 2429 2128 νων,
2513 2067 2899 2125 στασιαζοντων
2967 2067 3100 2116 κατά
3175 2069 3267 2121 τὴν
3340 2068 3540 2122 πίστιν,
3609 2068 3686 2112 καὶ
3745 2057 3843 2111 6m-

2315 2159 2572 2230 ρουμένων
2600 2159 2684 2206 καὶ
2713 2152 3172 2226 ἀσυμϐατουντων.
3201 2159 3469 2216 Ἔσονται,
3524 2157 3660 2224 paci,
3690 2147 3766 2202 δύο
3788 2148 3843 2199 ἐπὶ

2316 2253 2472 2319 τρεῖς.
2503 2249 2788 2314 τουτέστιν,
2820 2246 2886 2305 ὠς
2919 2240 3016 2295 δύο
3047 2245 3308 2317 ἄνθρωποι
3352 2241 3438 2294 ἐπὶ
3463 2246 3599 2314 τρισὶ
3634 2241 3845 2312 πράγματι

2319 2335 2708 2396 στασιάζοντες,
2758 2337 2847 2384 καὶ
2876 2336 2942 2393 ὡς
2985 2340 3123 2405 τρεῖς
3170 2334 3473 2405 άντθρωποι
3504 2329 3644 2382 πάλιν
3663 2328 3731 2380 ἐπὶ
3756 2324 3846 2378 ὄνοι

2315 2427 2641 2499 πράγμασιν.

2391 2604 2515 2655 Ιίἷτα
2562 2604 2743 2658 τίθησι
2804 2606 2892 2652 καὶ
2959 2595 3370 2673 παραδείγματα
3455 2604 3732 2670 συγγένειών
3785 2597 3847 2642 καὶ

2320 2698 2574 2764 σχέσεων,
2663 2700 2760 2741 των
2851 2692 3227 2759 γνησιωτοὶτων
3319 2694 3413 2760 μὲν
3509 2695 3594 2739 καὶ
3665 2684 3854 2737 οἰκειοτὰ-

2819 2776 3194 2853 διαιρουμένων
3282 2774 3343 2829 δὲ
3413 2785 3476 2849 τῇ
3553 2776 3848 2847 firmamen}:

3546 2872 3739 2922 πίστεως
3810 2860 3853 2909 ὧν

2317 2804 2415 2835 των
2483 2780 2666 2839 αλὶήλο
2675 2800 2735 2843 ις,

2317 2877 2559 2945 μαχαίρᾳ
2629 2878 2722 2931 τῆς
2816 2871 2944 2919 κατὰ
3041 2871 3099 2918 τὸ
3195 2873 3450 2940 κήρυγμα

2319 2964 2372 3012 αἱ
2424 2965 2511 3032 μὲν
2568 2956 2664 3012 δύο
2725 2959 2998 3029 συζυγίαι,
3058 2956 3174 3008 καθ’
3230 2957 3387 3028 αἷμα,
3446 2958 3475 3014 ἡ
3547 2953 3603 3007 δὲ
3653 2958 3774 3026 τρίτη

2241 3078 2279 3132 C
2320 3049 2649 3122 ἀγχιστείας.

2848 3136 3058 3210 Ἑτέρως
3089 3135 3156 3196 εἰς
3182 3139 3238 3186 τὸ
3266 3139 3426 3187 αὐτὸ.

2390 3232 2486 3281 Δύο
2581 3232 2790 3299 σχέσεις
2875 3225 2957 3277 ἐπὶ
3032 3229 3176 3299 τρισὶ
3255 3225 3538 3296 συζυγίαις
3607 3226 3856 3297 προσώπων,

2317 3324 2402 3371 καὶ
2477 3325 2614 3391 τρεῖς
2688 3314 2752 3368 αὖ
2809 3316 3060 3384 συζυγίαι
3097 3321 3397 3388 προσωπών
3468 3313 3548 3366 ἐπὶ
3606 3310 3719 3364 δνσὶ
3763 3313 3857 3378 σχέ-

2319 3427 2454 3461 σεσι.
2516 3406 2674 3464 Διπλῆ
2754 3409 2842 3477 μὲν
2919 3407 3020 3476 γὰρ
3098 3406 3126 3460 ὴ
3206 3407 3406 3473 σχέσις

3135 3512 3245 3544 υιον

3483 3411 3580 3454 τῶν
3651 3403 3757 3470 πρὸς
3806 3415 3856 3451 τι.

2317 3497 2416 3549 ἀπὸ
2491 3515 2544 3547 τε
2627 3498 2818 3566 πατρὸς
2909 3497 3036 3565 πρὸς
3135 3495 3291 3559 υἱον,
3411 3499 3502 3544 καὶ
3601 3489 3677 3560 ἀφ’
3760 3491 3858 3541 mi,

2317 3591 2440 3661 πρὸς
2491 3589 2706 3658 πατέρα,
2755 3588 2845 3634 καὶ
2900 3581 2983 3634 ἐπὶ
3058 3590 3154 3633 τῶν
3209 3579 3380 3632 ἄλλων
3438 3583 3640 3653 ὁμοίως.
3690 3573 3859 3646 Τριπὶαῐ

2318 3675 2375 3730 ὃε
2441 3675 2658 3728 ἐνταῦθα
2721 3675 2776 3724 αἱ
2852 3673 3104 3742 συζυγίαι
3168 3679 3266 3722 τῶν
3319 3676 3664 3745 προκειμένων
3710 3683 3861 3737 προςν-

2316 3787 2443 3832 πων,
2500 3769 2671 3838 πατὴρ
2737 3769 2825 3815 καὶ
2876 3765 3014 3824 υἱὸς,
3070 3767 3239 3835 μήτηρ
3314 3767 3411 3812 καὶ
3481 3761 3711 3830 θυγάτηρ,
3777 3771 3858 3804 πει·

2320 3859 2438 3929 Θερα
2485 3860 2574 3906 καὶ
2612 3857 2806 3925 νύμφη*
2859 3855 2916 3904 τὸ
2979 3847 3060 3917 δὲ,
3113 3849 3194 3901 ἐπὶ
3244 3856 3421 3923 τρισὶ,
3477 3854 3564 3901 καὶ
3603 3847 3677 3900 ἐπὶ
3727 3841 3858 3904 δυσὶν,

2319 3945 2430 3997 ἀντὶ
2481 3952 2590 4009 τοῦ,
2639 3945 2775 3994 κατα
2807 3950 2904 3994 τῶν
2942 3949 3116 4015 τριῶν,
3169 3945 3257 3991 καὶ
3307 3942 3452 3991 κατὰ
3487 3948 3582 3990 τῶν
3637 3933 3735 4000 δύο,
3770 3934 3860 4001 πρὸς

2320 4033 2587 4097 διάζευξιν
2614 4038 2700 4084 καὶ
2731 4028 3204 4102 ἀπαλλοτρίωσιν,]

2391 4125 2863 4198 Διαμερισθήσεται
2925 4151 2993 4160 -
3050 4120 3294 4192 πενθερὰν
3378 4119 3744 4177 mirae-Trita
3785 4115 3860 4164 τοῖς

2319 4214 2688 4288 προρρηθεῖσιν
2736 4211 2794 4262 οὐ
2852 4213 3154 4272 συναπτέον,
3210 4206 3322 4258 ἀλλ’
3388 4207 3474 4280 ἀφ’
3535 4207 3689 4280 ἐτέρας
3735 4199 3863 4273 ἁρχξς

2321 4303 2690 4374 ἀναγνωστέον,
2770 4304 2858 4351 καὶ
2928 4297 3046 4350 καθ’
3118 4299 3355 4371 ἱστορίαν
3429 4297 3752 4370 ἑρμηνευτέον,
3796 4284 3863 4338 διτ-

547 4391 886 4459 signiﬁcant
902 4393 1061 4446 enim
1078 4389 1435 4445 divisionem
1452 4390 1715 4446 ﬁdelium
1737 4391 1814 4447 ab
1831 4393 2202 4460 inﬁdelibus;

2323 4396 2506 4443 λουντα
2562 4396 2645 4442 τὸν
2706 4385 3057 4460 διαμερισμὸν
3106 4394 3204 4436 τῶν
3271 4395 3482 4437 πιστῶν
3538 4389 3745 4435 καὶτῶν
3779 4392 3861 4425 απι-

547 4480 791 4553 etquod
819 4480 1338 4552 propinquissimaa
1365 4481 1600 4550 generis
1628 4481 2014 4539 habitudines
2041 4500 2210 4557 sepa-

547 4571 862 4628 rabuntur.
888 4569 1039 4638 Lege
1070 4576 1269 4625 autem
1301 4570 1536 4626 decimo
1567 4586 1728 4626 nono
1781 4573 1972 4644 capite
2013 4576 2128 4630 Eva
2143 4591 2212 4630 n-

549 4658 687 4728 gelii
727 4661 1057 4714 secundum
1112 4659 1452 4714 Matthteum
1492 4660 1630 4715 dicti
1662 4661 1819 4716 illius
1871 4663 2214 4734 interpreta-

548 4748 810 4802 tionem:
853 4747 991 4802 Veni
1016 4749 1190 4814 enim,
1241 4755 1302 4802 ut
1349 4748 1627 4805 dissidere
1655 4750 1873 4818 faciam
1929 4752 2210 4808 hominem

549 4835 1052 4905 adversuspatrem
1073 4839 1300 4901 suum‘,
1329 4842 1622 4906 etcaetera,
1655 4855 1781 4912 quae
1813 4842 2210 4912 prmsentibus

550 4925 740 4984 verbis
770 4925 1094 4998 plurimum
1122 4927 1446 4985 conformis
1478 4933 1596 4988 est.

619 5054 667 5090 θ’
694 5051 894 5110 Matth.
929 5068 986 5118 x,
1019 5055 1110 5109 35.

2324 4502 2478 4545 στων,
2535 4483 2615 4532 ὅτι
2661 4485 2749 4530 και
2798 4479 2852 4528 αἱ
2908 4483 3265 4547 γνησιώταται
3333 4479 3560 4546 σχέσεις
3616 4480 3692 4524 τον
3735 4475 3864 4538 7:563:
3936 4501 3937 4528 1

2323 4569 2775 4645 διαιρεθήσονται,
2843 4571 3087 4623 Ζήτησον
3143 4561 3201 4616 δε
3254 4562 3302 4614 ἐν
3377 4571 3454 4633 τῷ
3506 4553 3860 4614 Euander;-

2322 4661 2579 4732 κεφαλαίῳ
2648 4666 2737 4709 τοῦ
2816 4659 2948 4707 κατά
3029 4656 3293 4707 Ματθαῐον
3356 4658 3454 4711 τὴν
3506 4654 3730 4723 ἐξήγησιν
3785 4649 3846 4693 795‘

2320 4751 2508 4804 Ἦλθον
2563 4751 2664 4822 γὰρ
2708 4747 2818 4818 ('29)
2880 4742 3114 4816 διχάσαι
3161 4745 3444 4814 ἄνθρωπον
3501 4746 3629 4792 κατα
3680 4743 3754 4790 τοῦ
3793 4750 3861 4780 πε·

2320 4845 2440 4914 τρὸς
2471 4839 2648 4903 αὐτον,
2680 4841 2770 4888 καὶ
2825 4839 2887 4887 τὰ
2926 4834 3061 4902 ἑξῆς,
3119 4835 3251 4884 πάνυ
3311 4841 3430 4894 τοῖς
3485 4838 3697 4907 παροῦσι
3739 4826 3862 4899 prmi;

2321 4931 2672 5006 ἁρμόζουσαν.

1761 5155 1980 5225 Varias
2017 5135 2349 5225 lectiones
2409 5162 2478 5222 et
2517 5162 2720 5221 notae.

617 5325 738 5400 (27)
784 5325 936 5400 Quia
967 5321 1076 5400 hic,
1123 5321 1358 5400 inclusa
1414 5329 1572 5394 sunt,
1604 5325 1809 5400 codex,
1845 5331 2093 5400 uterque
2136 5327 2199 5383 in

546 5394 818 5468 margine
846 5394 1104 5452 exhibet.
1129 5394 1490 5470 Referuntur
1514 5399 1820 5457 autem‘ad
1850 5394 2090 5458 versum
2112 5403 2198 5470 53,

548 5471 651 5530 ubi
690 5467 867 5526 etiam
898 5467 1218 5525 Hentenius
1238 5467 1494 5526 exhibet.

2392 5324 2509 5472 E28;
2546 5317 3029 5405 παραδηλοιξμενον,
3058 5324 3120 5375 Β.

2417 5401 2486 5453 29
2540 5398 2644 5472 Γὰρ
2675 5397 2890 5452 omittit
2913 5397 2982 5453 Α.

2417 5397 2509 5470 29)
2540 5397 2644 5474 Γὰρ
2675 5397 2890 5452 omittit
2913 5397 2982 5453 Α.

621 5651 693 5738 (ι)
737 5650 844 5719 Qui
872 5681 941 5692 -
967 5649 1222 5708 oriatur.
1253 5653 1357 5709 Τὴν
1385 5649 1718 5726 προτεθεῖσαν
1751 5656 1855 5716 est,
1880 5667 2062 5724 quem
2075 5666 2202 5725 pro;

2317 5655 2488 5715 ierat,
2520 5649 2596 5706 de
2626 5663 2749 5721 quo
2786 5652 2928 5704 ante
2956 5645 3204 5703 dixerat.
