3994 6218
168 228 269 285 997
1199 215 1578 281 COMMENT.
1627 218 1701 276 ΙΝ
1746 215 2007 279 LUCAM.
2056 251 2124 263 —
2162 220 2328 278 CAP.
2366 219 2480 275 XII.
3444 220 3549 280 993

245 353 393 406 Κατὰ
443 346 503 405 δ”ε
566 349 863 423 ἀναγωγὴν,
912 355 1084 425 πατὴρ
1145 355 1237 424 μὲν
1298 353 1359 404 οἶν
1412 354 1489 408 εἴη
1535 352 1559 403 ὁ
1623 357 1822 409 νοὺςολ

1969 344 2129 401 quta
2180 359 2497 415 anagogen
2538 358 2677 400 vero
2721 348 2892 417 pater
2941 361 3068 404 esse
3116 349 3309 420 potest
3347 365 3546 417 mens,

172 444 283 504 υἱὸς
332 437 391 494 δε
438 440 622 507 αὐτοῦ,
657 441 683 492 ὁ
725 445 945 515 πονηρὸς
981 440 1247 513 λογισμὸς,
1298 439 1413 491 καθ’
1456 440 1516 491 οὗ
1562 441 1749 491 στασιά

1973 450 2041 490 us
2066 439 2269 491 autem
2290 434 2420 506 ejus
2464 449 2647 505 prava
2698 434 3001 505 cogitatio,
3033 435 3324 493 adversus
3362 454 3548 511 quam

173 551 273 595 σει,
325 529 629 606 ἀρνούμενος
691 530 868 600 αὐτὸν,
916 534 985 594 ὡς
1038 529 1310 603 βλαϐερόν.
1344 535 1533 603 Μήτηρ
1594 524 1653 581 δὲ
1700 530 1750 579 si"

1976 521 2155 579 »νθὸίῑ
2181 523 2556 589 seditionem,
2590 538 2820 596 negans
2847 522 3045 597 ipsam
3079 531 3363 598 tanquam
3391 526 3553 584 uoci-

170 623 256 687 ἄν,
310 622 339 678 ἠ
383 615 618 693 καρδία·
683 621 916 692 θυγάτηρ
968 617 1027 673 δὲ
1078 619 1263 685 αὐτῆς,
1320 621 1350 676 ἡ
1386 620 1588 693 πονηρὰ
1642 617 1747 669 ἐνθί

1972 626 2052 668 In.
2098 613 2279 668 Mater
2309 627 2448 669 vero
2492 628 2594 668 cor
2628 633 2642 669 :
2674 611 2791 669 ﬁlia
2822 613 2972 686 ejus,
3013 629 3200 687 prava
3226 615 3549 689 cupiditas,

171 727 363 782 μησες,
413 709 530 761 καθ’
575 709 640 781 ᾖς
687 713 774 762 καὶ
823 709 953 767 αὐτὴ
1009 710 1311 773 στασιάσει,
1353 713 1442 759 καὶ
1485 705 1748 781 ἀπορῤαγή

1978 716 2174 757 versus
2201 715 2390 773 quam
2431 700 2608 757 etiam
2641 701 2776 774 ipsa
2811 701 3078 773 insurget
3103 709 3161 760 et
3188 704 3267 761 ab
3298 720 3370 760 ea
3399 705 3555 762 avel-

173 818 325 851 σεται
374 801 586 860 ταύτης.
642 800 868 873 Πενθερὰ
909 794 967 851 δὲ
1016 797 1075 851 ἂν
1124 801 1224 863 εἴη,
1268 800 1298 856 ἡ
1352 801 1630 868 Συναγωγή
1680 804 1750 847 τῶ

1972 805 2058 845 ur.
2116 790 2333 847 Socrus
2388 794 2589 847 autem
2642 791 2716 846 sit
2772 791 3093 864 Synagoga
3160 793 3549 851 Judaorum:

173 884 490 941 Ἰουδαίων’
566 889 737 959 νύμφη
827 883 887 940 δε
956 888 1141 952 αὐτῆς,
1213 889 1242 945 ἡ
1325 885 1613 944 Ἐκκλησία
1682 892 1750 937 τῶ

1978 895 2073 935 rus
2115 879 2269 951 ejus,
2300 878 2560 936 Ecclesia
2611 878 3105 948 Christianorum,
3141 886 3345 954 utpote
3370 889 3554 956 nupta

172 985 530 1051 Χριστιανῶν,
574 978 643 1038 ὡς
682 978 1035 1048 νυμφευθεῐσα
1076 985 1148 1048 τῷ
1198 984 1434 1050 Χριστῷ,
1466 978 1520 1037 ὅς
1561 971 1621 1033 ἦν
1670 973 1749 1026 uio

1977 966 2138 1032 risto,
2164 967 2269 1041 qui
2322 967 2489 1024 dieue
2532 969 2867 1040 Synagogaa
2900 969 3073 1040 juxta
3116 969 3554 1029 humanitatem

170 1075 272 1127 τῆς
315 1063 643 1127 δηλωθείσης
684 1070 1018 1138 Συναγωγῆς,
1049 1068 1185 1119 κατὰ
1225 1070 1282 1118 τὸ
1327 1068 1644 1139 ἀνθρώπινον
1670 1083 1682 1094 ⁸
1732 1063 1747 1116 ἐ

1544 1083 1682 1118 ινον’
1732 1063 1784 1127 ἐξ
1891 1055 2049 1113 ﬁlius
2073 1061 2218 1124 erat,
2250 1072 2470 1130 nempe
2507 1057 2586 1114 ab
2612 1057 2749 1130 ipsa
2774 1063 3118 1129 generatus.

172 1156 342 1217 αὐτῆς
366 1159 468 1228 γὰρ
495 1155 720 1213 ἐϐλάστη
731 1174 835 1207 σεν.

246 1244 430 1317 Ἔλεγε
477 1276 547 1285 -
618 1240 964 1317 destituitur;
1035 1249 1321 1317 Πρόσωπον
1397 1254 1487 1306 τῆς
1538 1254 1637 1316 γῆς
1693 1249 1782 1297 καὶ

1980 1236 2128 1294 Vers.
2166 1236 2256 1291 54.
2291 1234 2528 1293 Dicebat
2563 1267 2630 1277 —
2655 1236 2819 1293 Vers.
2867 1237 2958 1292 56.
2996 1238 3260 1307 probatis
3307 1236 3335 1294 ?
3357 1239 3557 1296 Facies

179 1343 275 1387 τοῦ
342 1333 585 1408 οὐρανοῦ,
650 1335 681 1391 ἡ
733 1331 1000 1406 ἐπιφάνεια
1055 1336 1252 1396 ταύτης
1300 1333 1559 1386 κάκείνου.
1633 1338 1756 1405 Λέγε

1981 1323 2022 1381 li
2047 1330 2106 1381 et
2142 1330 2331 1393 terras,
2383 1325 2728 1398 superﬁcies
2768 1331 2861 1383 est
2895 1325 3079 1399 hujus
3105 1332 3163 1383 et
3198 1326 3376 1383 illius.
3407 1328 3555 1386 Dicit

180 1431 372 1493 τοίνυν,
458 1425 540 1475 ὅτι
621 1421 1038 1497 ’Υποκρινόμενοι
1113 1429 1426 1497 πρόγνωσιν,
1494 1428 1589 1481 τὴν
1672 1422 1753 1476 ἐπι

1979 1430 2034 1487 go
2053 1431 2067 1472 :
2086 1414 2174 1487 Dij
2186 1415 2493 1471 udicantes
2518 1415 2684 1489 apud
2712 1432 2819 1472 vos
2843 1416 3154 1488 praesagia,
3181 1417 3556 1491 superﬁciem

177 1516 391 1585 φάνειαν
437 1519 527 1572 τῆς
570 1520 667 1583 γῆς
715 1516 806 1563 καὶ
849 1520 940 1565 τοῦ
985 1512 1203 1584 οὐρανοῦ
1248 1508 1427 1565 οἴδατε
1476 1509 1754 1588 διακρίνειν

1983 1503 2017 1559 li
2039 1508 2097 1561 et
2118 1509 2282 1561 terras
2312 1504 2500 1561 nostis
2544 1505 2902 1576 discernere,
2939 1509 2995 1561 et
3025 1520 3098 1562 ex
3123 1506 3253 1577 ejus
3272 1506 3560 1564 observa-

173 1607 269 1654 καὶ
322 1599 377 1653 ἐκ
445 1605 859 1677 παρατηρήσεως
916 1601 1078 1663 αὐτῆς
1141 1601 1406 1674 προλέγειν
1456 1605 1514 1654 τὸ
1563 1602 1739 1675 μέλλον

1980 1610 2067 1660 ne,
2098 1594 2265 1667 quod
2320 1593 2591 1650 futurum
2643 1600 2750 1662 est,
2786 1595 3107 1667 praedicere
3156 1614 3175 1668 ;
3210 1596 3322 1653 hoc
3361 1603 3557 1654 autem

169 1695 262 1743 τόν
336 1686 396 1742 δὲ
473 1693 652 1764 καιρὸν
715 1698 913 1749 τοῦτον,
975 1695 1061 1742 τὸν
1128 1698 1218 1751 τῆς
1291 1689 1420 1763 ἐμῆς
1488 1697 1746 1763 παρουσία

1978 1699 2151 1756 npus,
2179 1683 2296 1740 mei
2315 1683 2586 1740 videlicet
2609 1683 2924 1753 adventus,
2954 1686 3261 1757 quomodo
3290 1701 3411 1742 non
3439 1687 3555 1743 dis-

171 1777 450 1844 δηλονότι,
543 1787 653 1840 πῶς
716 1779 775 1832 οὐ
838 1776 1147 1849 διακρίνετε,
1238 1778 1292 1832 ἐκ
1371 1789 1748 1856 παρατηρήσεω

1983 1773 2130 1829 'nitis
2160 1789 2232 1829 ex
2258 1773 2668 1830 observatione
2693 1772 2972 1844 legalium
3005 1775 3295 1831 librorum
3324 1792 3394 1832 ac
3425 1792 3560 1850 pro-

171 1878 279 1922 τῶν
341 1877 564 1941 νομικῶν
623 1866 816 1940 βίϐλων
870 1874 957 1921 καὶ
1006 1878 1357 1943 προφητικῶν,
1421 1869 1468 1922 ἐν
1526 1872 1605 1932 αἷς
1656 1882 1748 1925 κεὶι

1979 1862 2246 1932 etalium,
2268 1863 2323 1918 in
2341 1862 2564 1936 quibus
2584 1863 2760 1934 signa
2784 1868 2841 1920 et
2862 1866 3152 1936 prasagia
3177 1864 3373 1937 posita
3397 1873 3555 1932 sunt,

168 1978 265 2011 ται
328 1965 522 2030 σημεῖα
576 1961 759 2011 τούτου
816 1962 907 2010 καὶ
963 1957 1220 2031 σύμϐολα,
1281 1957 1365 2032 ἀφ’
1424 1961 1491 2012 ὧν
1557 1962 1745 2036 εὐχερᾶ

1980 1952 2111 2008 ibus
2137 1952 2333 2024 ipsum
2358 1952 2528 2009 facile
2558 1952 2930 2025 dignoscitur
2959 1953 3039 2011 ab
3060 1954 3174 2019 his,
3220 1955 3326 2027 qui
3350 1954 3557 2011 adver-

169 2049 338 2109 οὗτος
374 2047 489 2119 (30)
530 2043 939 2119 διαγινώσκεται
970 2056 1074 2109 τοῖς
1103 2053 1469 2121 προσέχουσι;
1505 2055 1637 2126 Πρὸς
1665 2058 1746 2106 τοῦ

1982 2048 2025 2099 it
2053 2043 2082 2099 ?
2112 2044 2213 2098 Est
2236 2046 2437 2099 autem
2467 2043 2562 2099 hic
2591 2058 2788 2099 sermo
2818 2043 2898 2101 ad
2929 2043 3180 2110 Scribas,
3208 2060 3559 2118 quanquam

172 2143 516 2211 Γραμματεὶς
547 2133 607 2189 δὲ
637 2139 662 2189 ὁ
690 2136 859 2209 λόγος,
892 2138 936 2190 εὶ
974 2142 1063 2191 καὶ
1094 2141 1220 2211 πρὸς
1245 2142 1365 2201 τοὺς
1394 2139 1589 2211 ὄχλους
1618 2140 1749 2194 ἁπλὶ

1344 2161 1365 2201 ς
1394 2139 1589 2211 ὄχλους
1618 2140 1785 2204 ἁπλῶς
1896 2130 2241 2205 simpliciter
2265 2132 2344 2188 ad
2368 2130 2572 2189 turbas
2601 2131 2793 2189 dictus
2824 2131 2918 2189 sit.

172 2227 407 2302 ἐρρήθη.

246 2320 320 2370 Τί
396 2311 458 2367 δὲ
525 2346 595 2357 -
648 2310 890 2383 δίκαιον;
962 2317 1066 2389 Ἐφ’
1128 2317 1294 2390 ἕτερον
1365 2318 1550 2391 μετέϐη
1615 2318 1784 2393 λόγον,

1986 2309 2129 2365 Vers.
2162 2311 2249 2365 57.
2280 2311 2402 2367 Cur
2430 2317 2626 2367 autem
2644 2313 2963 2382 —justum
2994 2310 3127 2368 ?Ad
3144 2311 3337 2370 alium
3367 2317 3563 2370 trans-

170 2411 268 2458 καὶ
327 2412 573 2479 παραινεί
625 2400 719 2458 διὰ
772 2410 1035 2481 γνωρίμου
1087 2403 1510 2481 παροιδείγιιωιτο.⁵
1559 2407 1747 2463 ἁπαλλο

1985 2403 2000 2455 t
2045 2415 2387 2457 sermonem
2414 2404 2471 2456 et
2515 2400 2787 2473 exemplo
2838 2401 3152 2459 notissimo
3215 2402 3562 2461 admoneta

169 2501 343 2565 γῆναι
391 2501 486 2545 τοῦ
518 2501 738 2564 Σατανᾶ,
771 2498 909 2564 ἦτοι,
954 2504 1052 2548 τῶν
1105 2499 1264 2568 ἔργων
1321 2497 1502 2565 αὐτοῦ,
1554 2501 1746 2572 φάσκωτ

1988 2494 2118 2545 tana
2143 2488 2400 2558 liberari,
2452 2489 2575 2547 sive
2629 2490 2708 2547 ab
2761 2491 3045 2563 operibus
3094 2491 3242 2564 ejus,
3298 2490 3506 2548 dicens
3544 2507 3565 2550 :

171 2587 337 2636 Διατί
390 2586 486 2635 καὶ
541 2583 626 2656 ἀφ’
691 2583 882 2641 ἑαυτῶν
939 2584 998 2637 οὗ
1055 2592 1212 2637 νοεῖτε
1263 2589 1321 2638 τὸ
1383 2586 1554 2659 καλὸν,
1615 2586 1748 2642 εὔδια

1991 2593 2090 2634 are
2120 2582 2176 2634 et
2205 2594 2242 2635 a
2266 2579 2436 2635 vobis
2459 2581 2604 2652 ipsis
2634 2594 2758 2636 non
2781 2579 2862 2651 dij
2875 2582 3142 2651 ndicatis,
3188 2580 3353 2655 quod
3383 2581 3564 2638 hone-

168 2691 422 2745 γνωστον
456 2676 510 2724 ὅν
535 2689 549 2740 ;

1899 2672 2058 2724 stum
2087 2671 2173 2724 est
2202 2684 2342 2724 cum
2393 2666 2566 2725 facile
2597 2669 2671 2725 sit
2696 2668 2774 2725 ad
2804 2668 2883 2741 dij
2897 2670 3265 2727 udicandum
3289 2671 3316 2727 ?

247 2760 346 2824 Ὠς
414 2792 479 2801 -
558 2760 737 2817 αὐτοῦ.
806 2765 900 2825 Δὸς
966 2761 1236 2837 ἐργασίαν,
1303 2767 1484 2837 ἤγουν,
1546 2767 1791 2840 εἰσάγαγε

1990 2760 2130 2814 Vers.
2173 2758 2264 2815 58.
2294 2757 2438 2815 Cum
2464 2790 2533 2799 —
2584 2760 2711 2815 illo.
2746 2758 2834 2816 Da
2870 2776 3119 2832 operam
3154 2777 3168 2816 :
3198 2760 3322 2815 sive
3351 2758 3567 2817 aﬁ‘eras

169 2855 357 2925 ἔργον,
431 2848 693 2920 σπουδὴν,
768 2850 958 2923 ἀγῶνα,
1023 2851 1407 2925 ἁνταλλαγῆναι
1465 2854 1550 2909 ἀπ’
1608 2857 1746 2911 αὖτοτ

1991 2863 2189 2915 μανείη,
2210 2847 2602 2919 diligentiam,
2621 2852 2944 2917 certamen,
2980 2854 3043 2906 ut
3063 2849 3257 2905 abillo
3277 2848 3568 2908 libereris.

165 2936 476 2999 ’Υιτοδηλοί
524 2937 582 2993 δὲ
614 2938 879 2994 ἀντίδικον
919 2943 1032 3014 μὲν,
1071 2945 1156 2995 τὸν
1184 2948 1431 3009 Σατανᾶν,
1493 2948 1576 2997 τὸν
1623 2966 1742 2999 κοιν‹

1993 2954 2012 2991 r
2039 2937 2447 2995 adversarium
2474 2945 2671 2995 autem
2702 2940 2988 2995 Satanam
3028 2939 3271 3005 indicat,
3300 2954 3570 2996 commu-

167 3031 383 3105 ὶχθρὸν
416 3046 429 3058 ⁸
484 3032 722 3104 ἄρχοντα
753 3027 831 3097 δὲ,
871 3035 958 3082 τὸν
998 3034 1146 3095 Θεὸν,
1198 3035 1284 3085 τὸν
1328 3035 1530 3085 πάντων
1582 3038 1742 3109 Κύριο

1997 3044 2043 3083 n
2072 3026 2380 3084 inimicum
2411 3044 2425 3095 ;
2449 3044 2550 3100 per
2576 3030 2989 3099 magistratum
3015 3044 3173 3097 vero,
3211 3028 3420 3096 Deum,
3447 3034 3574 3087 tan.

168 3125 316 3195 πρὸς
358 3119 416 3171 ὃν
450 3120 756 3192 ἀπαγόμεθα
792 3123 922 3193 μετά
971 3128 1061 3172 του
1103 3119 1317 3193 ἐχθρου,
1368 3118 1522 3184 δίκας
1566 3123 1745 3177 ἁπαιτκ

1992 3132 2091 3173 am
2103 3116 2377 3173 omnium
2394 3117 2736 3186 Dominum,
2755 3118 3024 3191 adquam
3054 3118 3418 3175 abducimur
3429 3134 3568 3175 cum

170 3212 478 3280 ϐησόμενοι
526 3216 622 3260 τῶν
670 3218 908 3282 πονηρῶν
959 3211 1120 3284 ἔργων
1162 3213 1342 3282 ἡμῶν·
1405 3209 1527 3264 ὁδὸν
1579 3210 1658 3280 δὲ,
1712 3234 1747 3267 τε

1991 3207 2167 3273 ωίοο,
2187 3206 2261 3262 de
2286 3205 2464 3263 malis
2486 3205 2770 3278 operibus
2802 3208 3015 3264 nostris
3066 3223 3315 3265 causam
3331 3206 3568 3264 dicturi.

169 3304 431 3371 παρόντα
481 3296 621 3369 βίον,
654 3301 740 3350 τὸν
790 3300 1035 3367 ἄστατον,
1081 3298 1129 3352 ἓν
1262 3297 1507 3374 ὁδεύομεν
1536 3306 1667 3375 μετὰ
1710 3324 1746 3356 τ‹

1995 3311 2077 3351 ιω
2094 3300 2317 3366 autem,
2339 3300 2692 3368 prasentem
2714 3295 2897 3353 vitam
2919 3296 3258 3353 instabilem
3276 3294 3572 3376 intelligit,

166 3390 435 3440 τοιούτου
495 3383 763 3440 ἀντιδίκου
814 3389 978 3461 ἡμῶν.
1038 3396 1202 3442 Τοῦτο
1237 3386 1297 3443 δε
1352 3394 1410 3443 τὸ
1462 3396 1634 3465 νόημα
1683 3414 1743 3446 κα

1997 3400 2113 3457 qua
2140 3400 2280 3440 cum
2327 3382 2679 3455 hujusmodi
2721 3385 3071 3443 adversario
3109 3391 3312 3443 nostro
3332 3385 3573 3459 proﬁci-

168 3478 360 3551 ἕτερον
380 3481 781 3551 μετεχειρίσατο
801 3478 910 3549 (31)
935 3482 1128 3531 σκοπὸν
1155 3479 1203 3530 ἐν
1224 3487 1295 3550 τῷ
1311 3483 1525 3554 πέμπτῳ
1543 3482 1745 3556 κεφαλαί

1999 3489 2159 3531 mur.
2196 3472 2324 3530 Haec
2352 3488 2595 3547 quoque
2642 3473 2930 3531 sententia
2978 3474 3096 3531 alio
3126 3474 3430 3548 proposito
3463 3478 3576 3531 tra-

169 3574 275 3619 τοῡ
308 3567 458 3617 κατὰ
484 3565 781 3623 Menenios.

1996 3568 2063 3620 .ta
2085 3567 2173 3620 est
2218 3563 2413 3637 capite
2440 3563 2652 3636 quinto
2704 3563 3004 3637 Evangelii
3057 3564 3388 3621 secundum
3434 3565 3573 3621 Mat-

1908 3652 2150 3710 thaeum.

252 3748 487 3802 Μήποτε
515 3775 584 3784 -
611 3750 817 3821 κριτήν.
864 3745 921 3801 Ὀ
949 3743 1193 3809 διάϐολος
1219 3750 1342 3822 γὰρ,
1394 3754 1438 3801 εί
1487 3753 1576 3802 κοι)⁵
1612 3752 1799 3824 ἐχθρός

1988 3743 2149 3801 Vers.
2188 3741 2277 3801 58.
2320 3742 2407 3801 Ne
2430 3743 2592 3814 forte
2636 3774 2707 3784 —
2733 3742 3015 3814 judicem.
3064 3743 3349 3802 Diabolus
3380 3744 3565 3812 enim,

168 3834 300 3888 ἐστι
358 3842 459 3885 του
506 3839 653 3903 Θεοῦ,
724 3835 851 3889 ἀλλὰ
915 3841 1005 3889 καὶ
1056 3834 1361 3904 ἐκδικητὴς,
1417 3841 1481 3900 ὡς
1534 3841 1560 3891 ὁ
1631 3846 1745 3893 Δαυ.

1996 3832 2013 3887 i
2044 3832 2143 3888 Dei
2172 3832 2442 3889 inimicus
2484 3837 2590 3901 est,
2625 3838 2830 3890 tamen
2889 3834 3018 3906 ejus
3040 3834 3215 3892 'ultor
3258 3840 3367 3907 est,
3398 3839 3572 3907 prout

166 3920 412 3986 ἐδίδαξε
442 3923 579 3995 κ32).

1997 3922 2097 3979 vid
2125 3922 2330 3979 docuit
2358 3922 2562 3979 dicens
2595 3940 2608 3980 :
2654 3924 2724 3982 Ut
2749 3924 3016 3981 destruas
3045 3924 3349 3982 inimicum
3395 3931 3450 3981 et
3481 3924 3574 3980 ιιι-

1905 4020 2087 4069 torem
2117 4015 2160 4068 ³.

254 4107 370 4157 Καὶ
427 4132 499 4142 -—
544 4105 817 4179 πράκτορι.
873 4111 957 4177 Τῷ
1016 4105 1235 4180 ἀγγέλῳ,
1288 4115 1360 4179 τῷ
1421 4105 1504 4161 ἐπὶ
1560 4116 1662 4161 τῶν
1713 4128 1801 4163 κο-

1994 4101 2135 4158 Vers.
2161 4102 2251 4157 58.
2278 4102 2354 4158 Et
2388 4103 2759 4160 —e.ractori.
2804 4102 3055 4174 Angelo,
3088 4103 3192 4176 qui
3231 4101 3571 4160 carceribus

160 4194 520 4266 ληστηρίων.
1905 4189 2265 4264 Ρτωροείιιιε
2321 4194 2430 4248 est.

254 4288 369 4338 Καὶ
396 4314 469 4323 -
498 4281 748 4355 φυλακήν.
781 4284 866 4347 Εἰς
897 4285 1133 4339 κόλασιν.

1976 4280 2138 4337 Vers.
2190 4280 2285 4338 58.
2330 4282 2497 4336 Ει-
2520 4296 2840 4338 carcerem.
2872 4282 2941 4337 In
2971 4280 3352 4353 supplicium.

253 4376 421 4444 Λέγω
464 4404 528 4414 -—
580 4370 807 4444 ἀποδῷς.
857 4372 988 4436 Ἕως
1036 4376 1096 4428 οὗ
1134 4382 1257 4444 πᾶν,
1306 4378 1331 4430 ὃ
1383 4374 1795 4445 κατεδικάσθης,

1997 4374 2148 4432 Vers.
2203 4376 2294 4431 59.
2355 4374 2501 4430 Dico
2529 4404 2593 4414 —-
2618 4371 2901 4428 exsolvas.
2929 4372 3127 4428 Donec
3150 4387 3330 4427 omne
3355 4368 3418 4426 id
3443 4386 3574 4427 sus-

160 4466 503 4533 ὑποστήσῃ,
557 4468 839 4527 τουτέστιν,
913 4465 972 4516 οὐ
1026 4470 1098 4538 μὴ
1159 4465 1366 4540 ἐξέλθῃς
1411 4466 1597 4520 ἐκεῖθέν
1652 4487 1737 4520 ποτ

1997 4478 2118 4528 eas,
2140 4461 2221 4519 ad
2249 4460 2415 4535 quod
2459 4460 2896 4518 condemnatus
2926 4476 3078 4528 eras,
3109 4460 3226 4516 hoc
3263 4463 3371 4528 est,
3421 4474 3574 4515 nun-

159 4555 292 4607 ’Δεὶ
342 4555 453 4625 γὰρ
496 4550 945 4616 καταδικάζονται
973 4555 1289 4616 κολάζεσθαι
1336 4558 1384 4609 οἱ
1420 4564 1664 4611 τοιοῦτοι.
1699 4564 1736 4609 0

1998 4568 2096 4610 am
2125 4551 2266 4609 inde
2322 4551 2510 4609 exibis
2560 4551 2685 4619 ;ad
2720 4551 2836 4608 hoc
2888 4551 3042 4608 enim
3092 4549 3575 4607 condemnantnr

162 4640 207 4698 δ
210 4650 273 4697 ἂν
308 4639 372 4695 δε
418 4642 603 4696 κωλύει
640 4652 768 4697 νοεῖν
793 4647 856 4697 τὰ
882 4646 1109 4720 ῥηθέντα
1133 4650 1223 4698 καὶ
1266 4651 1400 4698 κατά
1428 4651 1521 4706 τὴν
1547 4645 1739 4718 ἐξήγηο

1997 4641 2279 4714 jusmodi,
2308 4648 2371 4699 ut
2399 4656 2637 4714 semper
2660 4641 3003 4714 puniantur.
3032 4639 3187 4697 Nihil
3210 4644 3410 4697 autem
3438 4653 3574 4712 pro-

157 4740 279 4794 τήν
346 4730 399 4785 έν
459 4740 531 4803 τῷ
590 4728 873 4793 δηλωθέντι
921 4739 1138 4809 πέμπτῳ
1209 4735 1466 4809 κεφαλαίῳ
1518 4743 1611 4789 τοῦ
1666 4756 1734 4789 κα

2003 4736 2088 4798 iet,
2118 4736 2185 4789 ut
2235 4747 2372 4804 quas
2390 4731 2559 4797 dicta
2590 4735 2744 4798 sunt,
2806 4729 3214 4802 intelligantur
3238 4729 3413 4801 juxta
3446 4744 3580 4785 sen-

155 4824 492 4881 Ματθαῑον.
1910 4840 2068 4889 sum,
2087 4822 2191 4897 qui
2209 4822 2390 4880 datus
2407 4827 2495 4880 est
2512 4821 2795 4895 praedicto
2814 4820 3024 4895 quinto
3045 4821 3217 4894 juxta
3235 4819 3577 4879 Mattheum

1904 4914 2124 4988 capite.

254 5123 285 5160 ³
312 5118 480 5178 Psal.
508 5134 635 5190 για,
662 5120 715 5177 3.

1399 5298 1627 5373 Varia)
1660 5297 1996 5369 lectiones
2037 5307 2104 5368 et
2133 5306 2346 5371 notae.

282 5561 672 5638 aomwéc-
767 5633 862 5638 __
1054 5634 1182 5638 --α

2003 5559 2099 5638 ,32)
2118 5557 2228 5638 ΔΗξε
2265 5554 2435 5638 addit
2452 5555 2785 5638 .Hentenius
2813 5570 2888 5616 ex
2908 5556 3145 5617 Psalmo
3171 5574 3187 5616 :
3214 5560 3321 5617 Τοῦ
3353 5559 3580 5616 καταλῦ-

421 5579 695 5694 Emi;
720 5633 1026 5704 nimirum,
1050 5634 1208 5694 Matt.
1240 5647 1299 5691 ν.
1321 5634 1421 5691 25.

1989 5568 2099 5630 (32)
2133 5568 2228 5614 uis
2265 5568 2435 5613 audit
2462 5568 2689 5613 uenten

1112 5636 1208 5694 att.
1240 5647 1299 5691 ν.
1321 5634 1421 5691 25.
1926 5648 2018 5685 σαι
2041 5628 2233 5711 ἐχθρὸν
2261 5632 2352 5683 καὶ
2380 5624 2689 5693 ἕκδικητήν,
