  <div class='ocr_page' id='page_1' title='image "/cluster/home/n/w/nwhite01/storage/ocr_20150623/129/hvd.32044073502395/523.png"; bbox 0 0 3994 6218; ppageno 0'>
   <div class='ocr_carea' id='block_1_1' title="bbox 546 211 651 267">
    <p class='ocr_par' dir='ltr' id='par_1_1' title="bbox 546 211 651 267">
     <span class='ocr_line' id='line_1_1' title="bbox 546 211 651 267; baseline 0.01 -1"><span class='ocrx_word' id='word_1_1' title='bbox 546 211 651 267; x_wconf 83' lang='grc'>999</span> 
     </span>
    </p>
   </div>
   <div class='ocr_carea' id='block_1_2' title="bbox 3752 66 3775 81">
    <p class='ocr_par' dir='ltr' id='par_1_2' title="bbox 3752 66 3775 81">
     <span class='ocr_line' id='line_1_2' title="bbox 3752 66 3775 81; baseline 0 -2"><span class='ocrx_word' id='word_1_2' title='bbox 3752 66 3775 81; x_wconf 49' lang='grc' dir='ltr'>υ</span> 
     </span>
    </p>
   </div>
   <div class='ocr_carea' id='block_1_3' title="bbox 1864 174 3814 284">
    <p class='ocr_par' dir='ltr' id='par_1_3' title="bbox 1864 174 3814 284">
     <span class='ocr_line' id='line_1_3' title="bbox 1864 174 3814 284; baseline 0.008 -17"><span class='ocrx_word' id='word_1_3' title='bbox 1864 198 2215 269; x_wconf 83' lang='lat' dir='ltr'>EUTHYMIl</span> <span class='ocrx_word' id='word_1_4' title='bbox 2253 205 2591 274; x_wconf 83' lang='lat' dir='ltr'>ZIGABENI</span> <span class='ocrx_word' id='word_1_5' title='bbox 2828 174 2837 177; x_wconf 52' lang='grc'><em>’</em></span> <span class='ocrx_word' id='word_1_6' title='bbox 3727 226 3814 284; x_wconf 73' lang='lat' dir='ltr'><strong>inoo</strong></span> 
     </span>
    </p>
   </div>
   <div class='ocr_carea' id='block_1_4' title="bbox 547 334 2177 422">
    <p class='ocr_par' dir='ltr' id='par_1_4' title="bbox 547 334 2177 408">
     <span class='ocr_line' id='line_1_4' title="bbox 547 334 2177 408; baseline -0.001 -15"><span class='ocrx_word' id='word_1_7' title='bbox 547 336 707 393; x_wconf 79' lang='lat' dir='ltr'>CAP.</span> <span class='ocrx_word' id='word_1_8' title='bbox 741 335 959 394; x_wconf 86' lang='lat' dir='ltr'>XLVII.</span> <span class='ocrx_word' id='word_1_9' title='bbox 1000 334 1082 393; x_wconf 88' lang='lat' dir='ltr'>De</span> <span class='ocrx_word' id='word_1_10' title='bbox 1107 334 1391 406; x_wconf 72' lang='lat' dir='ltr'>Galilan&#39;s,</span> <span class='ocrx_word' id='word_1_11' title='bbox 1426 342 1480 393; x_wconf 74' lang='lat' dir='ltr'>et</span> <span class='ocrx_word' id='word_1_12' title='bbox 1499 336 1572 393; x_wconf 76' lang='lat' dir='ltr'>iis</span> <span class='ocrx_word' id='word_1_13' title='bbox 1595 335 1700 408; x_wconf 78' lang='lat' dir='ltr'>qui</span> <span class='ocrx_word' id='word_1_14' title='bbox 1728 336 1791 393; x_wconf 73' lang='lat' dir='ltr'>in</span> <span class='ocrx_word' id='word_1_15' title='bbox 1810 337 1992 403; x_wconf 77' lang='lat' dir='ltr'>Siloe,</span> <span class='ocrx_word' id='word_1_16' title='bbox 2024 343 2080 394; x_wconf 85' lang='lat' dir='ltr'>et</span> <span class='ocrx_word' id='word_1_17' title='bbox 2109 352 2177 393; x_wconf 74' lang='lat' dir='ltr'>ca</span> 
     </span>
    </p>
   </div>
   <div class='ocr_carea' id='block_1_5' title="bbox 2312 334 3817 422">
    <p class='ocr_par' dir='ltr' id='par_1_5' title="bbox 2323 342 3817 422">
     <span class='ocr_line' id='line_1_5' title="bbox 2323 342 3817 422; baseline 0.007 -30"><span class='ocrx_word' id='word_1_18' title='bbox 2323 344 2473 394; x_wconf 76' lang='grc' dir='ltr'>ΧΕΦ.</span> <span class='ocrx_word' id='word_1_19' title='bbox 2544 342 2674 398; x_wconf 84' lang='grc' dir='ltr'>ΜΖ’.</span> <span class='ocrx_word' id='word_1_20' title='bbox 2731 347 2854 416; x_wconf 81' lang='grc' dir='ltr'>Περὶ</span> <span class='ocrx_word' id='word_1_21' title='bbox 2898 350 2999 395; x_wconf 64' lang='grc' dir='ltr'>τῶν</span> <span class='ocrx_word' id='word_1_22' title='bbox 3051 343 3332 398; x_wconf 70' lang='grc' dir='ltr'>Γαλιλαίων</span> <span class='ocrx_word' id='word_1_23' title='bbox 3401 349 3488 398; x_wconf 85' lang='grc' dir='ltr'>καὶ</span> <span class='ocrx_word' id='word_1_24' title='bbox 3553 357 3637 399; x_wconf 76' lang='grc' dir='ltr'>τῶν</span> <span class='ocrx_word' id='word_1_25' title='bbox 3688 349 3724 401; x_wconf 78' lang='grc' dir='ltr'>ἐν</span> <span class='ocrx_word' id='word_1_26' title='bbox 3772 363 3817 422; x_wconf 58' lang='grc' dir='ltr'>τῷ</span> 
     </span>
    </p>
   </div>
   <div class='ocr_carea' id='block_1_6' title="bbox 1302 434 1451 483">
    <p class='ocr_par' dir='ltr' id='par_1_6' title="bbox 1302 434 1451 483">
     <span class='ocr_line' id='line_1_6' title="bbox 1302 434 1451 483; baseline -0.013 -2"><span class='ocrx_word' id='word_1_27' title='bbox 1302 434 1451 483; x_wconf 79' lang='lat' dir='ltr'>tera.</span> 
     </span>
    </p>
   </div>
   <div class='ocr_carea' id='block_1_7' title="bbox 618 514 2209 588">
    <p class='ocr_par' dir='ltr' id='par_1_7' title="bbox 618 514 2209 588">
     <span class='ocr_line' id='line_1_7' title="bbox 618 514 2209 588; baseline -0.002 -16"><span class='ocrx_word' id='word_1_28' title='bbox 618 515 762 588; x_wconf 87' lang='lat' dir='ltr'>Cap.</span> <span class='ocrx_word' id='word_1_29' title='bbox 837 515 971 571; x_wconf 87' lang='lat' dir='ltr'>XIII.</span> <span class='ocrx_word' id='word_1_30' title='bbox 1025 515 1191 571; x_wconf 86' lang='lat' dir='ltr'>Vers.</span> <span class='ocrx_word' id='word_1_31' title='bbox 1254 518 1307 570; x_wconf 81' lang='lat' dir='ltr'>l.</span> <span class='ocrx_word' id='word_1_32' title='bbox 1368 514 1635 572; x_wconf 76' lang='lat' dir='ltr'><strong><em>Aderant</em></strong></span> <span class='ocrx_word' id='word_1_33' title='bbox 1690 547 1757 558; x_wconf 94' lang='lat'>—</span> <span class='ocrx_word' id='word_1_34' title='bbox 1805 517 2091 585; x_wconf 80' lang='lat' dir='ltr'>ipsorum.</span> <span class='ocrx_word' id='word_1_35' title='bbox 2142 515 2209 570; x_wconf 88' lang='lat' dir='ltr'>Hi</span> 
     </span>
    </p>
   </div>
   <div class='ocr_carea' id='block_1_8' title="bbox 546 603 2209 675">
    <p class='ocr_par' dir='ltr' id='par_1_8' title="bbox 546 603 2209 675">
     <span class='ocr_line' id='line_1_8' title="bbox 546 603 2209 675; baseline -0.001 -15"><span class='ocrx_word' id='word_1_36' title='bbox 546 603 789 672; x_wconf 68' lang='lat' dir='ltr'>Galilaai,</span> <span class='ocrx_word' id='word_1_37' title='bbox 850 618 988 659; x_wconf 91' lang='lat' dir='ltr'>cum</span> <span class='ocrx_word' id='word_1_38' title='bbox 1021 609 1220 675; x_wconf 88' lang='lat' dir='ltr'>partes</span> <span class='ocrx_word' id='word_1_39' title='bbox 1290 608 1592 661; x_wconf 81' lang='lat' dir='ltr'>tuerentur</span> <span class='ocrx_word' id='word_1_40' title='bbox 1638 604 1806 662; x_wconf 71' lang='lat' dir='ltr'>Iudae</span> <span class='ocrx_word' id='word_1_41' title='bbox 1836 604 2074 674; x_wconf 60' lang='lat' dir='ltr'>Galilaei,</span> <span class='ocrx_word' id='word_1_42' title='bbox 2115 620 2209 661; x_wconf 90' lang='lat' dir='ltr'>ac-</span> 
     </span>
    </p>
   </div>
   <div class='ocr_carea' id='block_1_9' title="bbox 543 692 2210 767">
    <p class='ocr_par' dir='ltr' id='par_1_9' title="bbox 543 692 2210 767">
     <span class='ocr_line' id='line_1_9' title="bbox 543 692 2210 767; baseline 0 -18"><span class='ocrx_word' id='word_1_43' title='bbox 543 692 728 749; x_wconf 88' lang='lat' dir='ltr'>cusati</span> <span class='ocrx_word' id='word_1_44' title='bbox 762 696 917 761; x_wconf 87' lang='lat' dir='ltr'>sunt,</span> <span class='ocrx_word' id='word_1_45' title='bbox 962 696 1254 765; x_wconf 88' lang='lat' dir='ltr'>tanquam</span> <span class='ocrx_word' id='word_1_46' title='bbox 1284 694 1390 767; x_wconf 88' lang='lat' dir='ltr'>qui</span> <span class='ocrx_word' id='word_1_47' title='bbox 1432 710 1469 751; x_wconf 88' lang='lat' dir='ltr'>a</span> <span class='ocrx_word' id='word_1_48' title='bbox 1496 695 1716 751; x_wconf 65' lang='lat' dir='ltr'>Caesare</span> <span class='ocrx_word' id='word_1_49' title='bbox 1747 693 2118 759; x_wconf 82' lang='lat' dir='ltr'>defecissent,</span> <span class='ocrx_word' id='word_1_50' title='bbox 2152 697 2210 750; x_wconf 88' lang='lat' dir='ltr'>et</span> 
     </span>
    </p>
   </div>
   <div class='ocr_carea' id='block_1_10' title="bbox 543 779 2202 856">
    <p class='ocr_par' dir='ltr' id='par_1_10' title="bbox 543 779 2202 856">
     <span class='ocr_line' id='line_1_10' title="bbox 543 779 2202 856; baseline 0.001 -20"><span class='ocrx_word' id='word_1_51' title='bbox 543 779 846 837; x_wconf 70' lang='lat' dir='ltr'>Galilaeam</span> <span class='ocrx_word' id='word_1_52' title='bbox 878 782 1165 838; x_wconf 81' lang='lat' dir='ltr'>seditione</span> <span class='ocrx_word' id='word_1_53' title='bbox 1204 782 1495 839; x_wconf 84' lang='lat' dir='ltr'>adversus</span> <span class='ocrx_word' id='word_1_54' title='bbox 1552 783 1753 856; x_wconf 89' lang='lat' dir='ltr'>ipsum</span> <span class='ocrx_word' id='word_1_55' title='bbox 1797 783 2202 856; x_wconf 84' lang='lat' dir='ltr'>replevisseut.</span> 
     </span>
    </p>
   </div>
   <div class='ocr_carea' id='block_1_11' title="bbox 543 870 2206 946">
    <p class='ocr_par' dir='ltr' id='par_1_11' title="bbox 543 870 2206 946">
     <span class='ocr_line' id='line_1_11' title="bbox 543 870 2206 946; baseline 0.001 -19"><span class='ocrx_word' id='word_1_56' title='bbox 543 870 688 927; x_wconf 87' lang='lat' dir='ltr'>Cum</span> <span class='ocrx_word' id='word_1_57' title='bbox 731 886 871 942; x_wconf 88' lang='lat' dir='ltr'>ergo</span> <span class='ocrx_word' id='word_1_58' title='bbox 899 872 1169 945; x_wconf 89' lang='lat' dir='ltr'>quodam</span> <span class='ocrx_word' id='word_1_59' title='bbox 1220 877 1483 946; x_wconf 87' lang='lat' dir='ltr'>tempore</span> <span class='ocrx_word' id='word_1_60' title='bbox 1522 873 1863 944; x_wconf 79' lang='lat' dir='ltr'>congregati</span> <span class='ocrx_word' id='word_1_61' title='bbox 1907 877 2107 930; x_wconf 86' lang='lat' dir='ltr'>essent</span> <span class='ocrx_word' id='word_1_62' title='bbox 2134 888 2206 929; x_wconf 89' lang='lat' dir='ltr'>ac</span> 
     </span>
    </p>
   </div>
   <div class='ocr_carea' id='block_1_12' title="bbox 543 959 2201 1027">
    <p class='ocr_par' dir='ltr' id='par_1_12' title="bbox 543 959 2201 1027">
     <span class='ocr_line' id='line_1_12' title="bbox 543 959 2201 1027; baseline 0.002 -13"><span class='ocrx_word' id='word_1_63' title='bbox 543 959 968 1027; x_wconf 86' lang='lat' dir='ltr'>sacriﬁcarent,</span> <span class='ocrx_word' id='word_1_64' title='bbox 1003 961 1227 1018; x_wconf 88' lang='lat' dir='ltr'>audivit</span> <span class='ocrx_word' id='word_1_65' title='bbox 1252 962 1365 1018; x_wconf 89' lang='lat' dir='ltr'>hoc</span> <span class='ocrx_word' id='word_1_66' title='bbox 1421 961 1641 1019; x_wconf 81' lang='lat' dir='ltr'>Pilatus</span> <span class='ocrx_word' id='word_1_67' title='bbox 1701 968 1757 1018; x_wconf 91' lang='lat' dir='ltr'>et</span> <span class='ocrx_word' id='word_1_68' title='bbox 1811 963 1902 1019; x_wconf 89' lang='lat' dir='ltr'>ira</span> <span class='ocrx_word' id='word_1_69' title='bbox 1946 962 2201 1027; x_wconf 84' lang='lat' dir='ltr'>fervens,</span> 
     </span>
    </p>
   </div>
   <div class='ocr_carea' id='block_1_13' title="bbox 541 1047 2203 1124">
    <p class='ocr_par' dir='ltr' id='par_1_13' title="bbox 541 1047 2203 1124">
     <span class='ocr_line' id='line_1_13' title="bbox 541 1047 2203 1124; baseline 0.001 -20"><span class='ocrx_word' id='word_1_70' title='bbox 541 1047 798 1105; x_wconf 86' lang='lat' dir='ltr'>mittitin</span> <span class='ocrx_word' id='word_1_71' title='bbox 825 1066 927 1108; x_wconf 90' lang='lat' dir='ltr'>eos</span> <span class='ocrx_word' id='word_1_72' title='bbox 960 1051 1193 1107; x_wconf 86' lang='lat' dir='ltr'>milites.</span> <span class='ocrx_word' id='word_1_73' title='bbox 1214 1051 1482 1124; x_wconf 84' lang='lat' dir='ltr'>ipsisque</span> <span class='ocrx_word' id='word_1_74' title='bbox 1503 1052 1811 1122; x_wconf 88' lang='lat' dir='ltr'>jugulatis,</span> <span class='ocrx_word' id='word_1_75' title='bbox 1847 1052 2203 1122; x_wconf 85' lang='lat' dir='ltr'>sanguinem</span> 
     </span>
    </p>
   </div>
   <div class='ocr_carea' id='block_1_14' title="bbox 543 1136 2204 1213">
    <p class='ocr_par' dir='ltr' id='par_1_14' title="bbox 543 1136 2204 1213">
     <span class='ocr_line' id='line_1_14' title="bbox 543 1136 2204 1213; baseline 0.002 -21"><span class='ocrx_word' id='word_1_76' title='bbox 543 1136 778 1194; x_wconf 90' lang='lat' dir='ltr'>illorum</span> <span class='ocrx_word' id='word_1_77' title='bbox 820 1140 1063 1196; x_wconf 82' lang='lat' dir='ltr'>miscuit</span> <span class='ocrx_word' id='word_1_78' title='bbox 1129 1140 1435 1197; x_wconf 84' lang='lat' dir='ltr'>sacriﬁciis</span> <span class='ocrx_word' id='word_1_79' title='bbox 1464 1140 1756 1213; x_wconf 87' lang='lat' dir='ltr'>ipsorum.</span> <span class='ocrx_word' id='word_1_80' title='bbox 1810 1142 1950 1207; x_wconf 67' lang='lat' dir='ltr'>Quae</span> <span class='ocrx_word' id='word_1_81' title='bbox 1995 1142 2077 1197; x_wconf 88' lang='lat' dir='ltr'>ita</span> <span class='ocrx_word' id='word_1_82' title='bbox 2125 1140 2204 1196; x_wconf 85' lang='lat' dir='ltr'>ad</span> 
     </span>
    </p>
   </div>
   <div class='ocr_carea' id='block_1_15' title="bbox 540 1230 2204 1302">
    <p class='ocr_par' dir='ltr' id='par_1_15' title="bbox 540 1230 2204 1302">
     <span class='ocr_line' id='line_1_15' title="bbox 540 1230 2204 1302; baseline 0.002 -20"><span class='ocrx_word' id='word_1_83' title='bbox 540 1242 669 1283; x_wconf 89' lang='lat' dir='ltr'>rem</span> <span class='ocrx_word' id='word_1_84' title='bbox 690 1232 919 1298; x_wconf 84' lang='lat' dir='ltr'>gestam</span> <span class='ocrx_word' id='word_1_85' title='bbox 969 1235 1260 1302; x_wconf 84' lang='lat' dir='ltr'>spectant,</span> <span class='ocrx_word' id='word_1_86' title='bbox 1292 1231 1378 1286; x_wconf 89' lang='lat' dir='ltr'>ita</span> <span class='ocrx_word' id='word_1_87' title='bbox 1409 1245 1471 1285; x_wconf 90' lang='lat' dir='ltr'>se</span> <span class='ocrx_word' id='word_1_88' title='bbox 1492 1230 1737 1287; x_wconf 86' lang='lat' dir='ltr'>habent.</span> <span class='ocrx_word' id='word_1_89' title='bbox 1766 1230 2025 1287; x_wconf 80' lang='lat' dir='ltr'>Aderant</span> <span class='ocrx_word' id='word_1_90' title='bbox 2057 1245 2204 1300; x_wconf 88' lang='lat' dir='ltr'>ergo</span> 
     </span>
    </p>
   </div>
   <div class='ocr_carea' id='block_1_16' title="bbox 540 1316 2206 1388">
    <p class='ocr_par' dir='ltr' id='par_1_16' title="bbox 540 1316 2206 1388">
     <span class='ocr_line' id='line_1_16' title="bbox 540 1316 2206 1388; baseline 0.002 -17"><span class='ocrx_word' id='word_1_91' title='bbox 540 1316 787 1388; x_wconf 89' lang='lat' dir='ltr'>quidam</span> <span class='ocrx_word' id='word_1_92' title='bbox 818 1318 1025 1383; x_wconf 69' lang='lat' dir='ltr'>Judaai,</span> <span class='ocrx_word' id='word_1_93' title='bbox 1048 1320 1389 1375; x_wconf 82' lang='lat' dir='ltr'>nuntiantes</span> <span class='ocrx_word' id='word_1_94' title='bbox 1415 1318 1645 1376; x_wconf 80' lang='lat' dir='ltr'>Christo</span> <span class='ocrx_word' id='word_1_95' title='bbox 1676 1320 1750 1376; x_wconf 90' lang='lat' dir='ltr'>de</span> <span class='ocrx_word' id='word_1_96' title='bbox 1770 1319 1908 1388; x_wconf 89' lang='lat' dir='ltr'>illis,</span> <span class='ocrx_word' id='word_1_97' title='bbox 1936 1319 2085 1377; x_wconf 91' lang='lat' dir='ltr'>scire</span> <span class='ocrx_word' id='word_1_98' title='bbox 2107 1336 2206 1375; x_wconf 88' lang='lat' dir='ltr'>cu—</span> 
     </span>
    </p>
   </div>
   <div class='ocr_carea' id='block_1_17' title="bbox 538 1405 2204 1480">
    <p class='ocr_par' dir='ltr' id='par_1_17' title="bbox 538 1405 2204 1480">
     <span class='ocr_line' id='line_1_17' title="bbox 538 1405 2204 1480; baseline 0.002 -21"><span class='ocrx_word' id='word_1_99' title='bbox 538 1405 784 1476; x_wconf 90' lang='lat' dir='ltr'>pientes,</span> <span class='ocrx_word' id='word_1_100' title='bbox 804 1410 1002 1462; x_wconf 92' lang='lat' dir='ltr'>utrum</span> <span class='ocrx_word' id='word_1_101' title='bbox 1014 1411 1311 1479; x_wconf 86' lang='lat' dir='ltr'>tanquam</span> <span class='ocrx_word' id='word_1_102' title='bbox 1325 1412 1670 1480; x_wconf 89' lang='lat' dir='ltr'>peccatores</span> <span class='ocrx_word' id='word_1_103' title='bbox 1686 1406 1839 1464; x_wconf 88' lang='lat' dir='ltr'>ultra</span> <span class='ocrx_word' id='word_1_104' title='bbox 1857 1423 2069 1464; x_wconf 89' lang='lat' dir='ltr'>omnes</span> <span class='ocrx_word' id='word_1_105' title='bbox 2083 1423 2204 1463; x_wconf 70' lang='lat' dir='ltr'>sua:</span> 
     </span>
    </p>
   </div>
   <div class='ocr_carea' id='block_1_18' title="bbox 536 1494 2205 1570">
    <p class='ocr_par' dir='ltr' id='par_1_18' title="bbox 536 1494 2205 1570">
     <span class='ocr_line' id='line_1_18' title="bbox 536 1494 2205 1570; baseline 0.002 -23"><span class='ocrx_word' id='word_1_106' title='bbox 536 1494 797 1564; x_wconf 82' lang='lat' dir='ltr'>regionis</span> <span class='ocrx_word' id='word_1_107' title='bbox 811 1495 1077 1553; x_wconf 73' lang='lat' dir='ltr'>Galileeos</span> <span class='ocrx_word' id='word_1_108' title='bbox 1090 1497 1213 1553; x_wconf 60' lang='lat' dir='ltr'>hac</span> <span class='ocrx_word' id='word_1_109' title='bbox 1226 1497 1396 1570; x_wconf 84' lang='lat' dir='ltr'>passi</span> <span class='ocrx_word' id='word_1_110' title='bbox 1412 1500 1615 1555; x_wconf 88' lang='lat' dir='ltr'>essent</span> <span class='ocrx_word' id='word_1_111' title='bbox 1633 1512 1645 1554; x_wconf 89' lang='lat'><strong>:</strong></span> <span class='ocrx_word' id='word_1_112' title='bbox 1672 1498 1757 1554; x_wconf 89' lang='lat' dir='ltr'>ita</span> <span class='ocrx_word' id='word_1_113' title='bbox 1774 1497 1935 1554; x_wconf 91' lang='lat' dir='ltr'>enim</span> <span class='ocrx_word' id='word_1_114' title='bbox 1952 1497 2068 1570; x_wconf 90' lang='lat' dir='ltr'>ipsi</span> <span class='ocrx_word' id='word_1_115' title='bbox 2088 1495 2205 1553; x_wconf 82' lang='lat' dir='ltr'>exi-</span> 
     </span>
    </p>
   </div>
   <div class='ocr_carea' id='block_1_19' title="bbox 540 1582 893 1643">
    <p class='ocr_par' dir='ltr' id='par_1_19' title="bbox 540 1582 893 1643">
     <span class='ocr_line' id='line_1_19' title="bbox 540 1582 893 1643; baseline 0.014 -5"><span class='ocrx_word' id='word_1_116' title='bbox 540 1582 893 1643; x_wconf 84' lang='lat' dir='ltr'>stimabant.</span> 
     </span>
    </p>
   </div>
   <div class='ocr_carea' id='block_1_20' title="bbox 628 1676 2177 1754">
    <p class='ocr_par' dir='ltr' id='par_1_20' title="bbox 628 1676 2177 1747">
     <span class='ocr_line' id='line_1_20' title="bbox 628 1676 2177 1747; baseline -0.001 -15"><span class='ocrx_word' id='word_1_117' title='bbox 628 1678 789 1732; x_wconf 88' lang='lat' dir='ltr'>Vers.</span> <span class='ocrx_word' id='word_1_118' title='bbox 813 1681 866 1731; x_wconf 83' lang='lat'>2.</span> <span class='ocrx_word' id='word_1_119' title='bbox 896 1679 961 1732; x_wconf 77' lang='lat' dir='ltr'>Et</span> <span class='ocrx_word' id='word_1_120' title='bbox 989 1676 1339 1746; x_wconf 81' lang='lat' dir='ltr'>respondens</span> <span class='ocrx_word' id='word_1_121' title='bbox 1366 1707 1433 1716; x_wconf 94' lang='lat'><strong>—</strong></span> <span class='ocrx_word' id='word_1_122' title='bbox 1457 1678 1624 1734; x_wconf 88' lang='lat' dir='ltr'>Vers.</span> <span class='ocrx_word' id='word_1_123' title='bbox 1649 1681 1702 1733; x_wconf 91' lang='lat'>3.</span> <span class='ocrx_word' id='word_1_124' title='bbox 1737 1676 2024 1747; x_wconf 74' lang='lat' dir='ltr'>peribztis.</span> <span class='ocrx_word' id='word_1_125' title='bbox 2056 1679 2177 1733; x_wconf 89' lang='lat' dir='ltr'>Cun</span> 
     </span>
    </p>
   </div>
   <div class='ocr_carea' id='block_1_21' title="bbox 2312 1676 3366 1754">
    <p class='ocr_par' dir='ltr' id='par_1_21' title="bbox 2390 1680 3366 1754">
     <span class='ocr_line' id='line_1_21' title="bbox 2390 1680 3366 1754; baseline 0.004 -21"><span class='ocrx_word' id='word_1_126' title='bbox 2390 1686 2490 1734; x_wconf 85' lang='grc' dir='ltr'>Καὶ</span> <span class='ocrx_word' id='word_1_127' title='bbox 2570 1680 2865 1754; x_wconf 66' lang='grc' dir='ltr'>ἀποκριθεὶς</span> <span class='ocrx_word' id='word_1_128' title='bbox 2930 1714 2999 1722; x_wconf 87' lang='grc'>--</span> <span class='ocrx_word' id='word_1_129' title='bbox 3074 1680 3366 1737; x_wconf 75' lang='grc' dir='ltr'>ἀπολεῖσθε.</span> 
     </span>
    </p>
   </div>
   <div class='ocr_carea' id='block_1_22' title="bbox 539 1765 2201 1839">
    <p class='ocr_par' dir='ltr' id='par_1_22' title="bbox 539 1765 2201 1839">
     <span class='ocr_line' id='line_1_22' title="bbox 539 1765 2201 1839; baseline -0.005 -13"><span class='ocrx_word' id='word_1_130' title='bbox 539 1785 744 1826; x_wconf 88' lang='lat' dir='ltr'>omnes</span> <span class='ocrx_word' id='word_1_131' title='bbox 774 1766 1117 1839; x_wconf 87' lang='lat' dir='ltr'>simpliciter</span> <span class='ocrx_word' id='word_1_132' title='bbox 1168 1770 1365 1822; x_wconf 85' lang='lat' dir='ltr'>essent</span> <span class='ocrx_word' id='word_1_133' title='bbox 1384 1769 1747 1838; x_wconf 89' lang='lat' dir='ltr'>peccatores,</span> <span class='ocrx_word' id='word_1_134' title='bbox 1788 1765 1899 1822; x_wconf 88' lang='lat' dir='ltr'>soli</span> <span class='ocrx_word' id='word_1_135' title='bbox 1927 1765 2008 1821; x_wconf 90' lang='lat' dir='ltr'>illi</span> <span class='ocrx_word' id='word_1_136' title='bbox 2034 1782 2201 1837; x_wconf 85' lang='lat' dir='ltr'>pass-</span> 
     </span>
    </p>
   </div>
   <div class='ocr_carea' id='block_1_23' title="bbox 539 1854 2202 1927">
    <p class='ocr_par' dir='ltr' id='par_1_23' title="bbox 539 1854 2202 1927">
     <span class='ocr_line' id='line_1_23' title="bbox 539 1854 2202 1927; baseline -0.004 -12"><span class='ocrx_word' id='word_1_137' title='bbox 539 1864 695 1924; x_wconf 88' lang='lat' dir='ltr'>sunt,</span> <span class='ocrx_word' id='word_1_138' title='bbox 725 1860 789 1913; x_wconf 89' lang='lat' dir='ltr'>ut</span> <span class='ocrx_word' id='word_1_139' title='bbox 813 1861 868 1911; x_wconf 92' lang='lat' dir='ltr'>et</span> <span class='ocrx_word' id='word_1_140' title='bbox 893 1856 1004 1926; x_wconf 89' lang='lat' dir='ltr'>ipsi</span> <span class='ocrx_word' id='word_1_141' title='bbox 1026 1855 1241 1912; x_wconf 85' lang='lat' dir='ltr'>darent</span> <span class='ocrx_word' id='word_1_142' title='bbox 1271 1870 1504 1927; x_wconf 67' lang='lat' dir='ltr'>poenas,</span> <span class='ocrx_word' id='word_1_143' title='bbox 1532 1860 1591 1911; x_wconf 90' lang='lat' dir='ltr'>et</span> <span class='ocrx_word' id='word_1_144' title='bbox 1620 1857 1817 1911; x_wconf 59' lang='lat' dir='ltr'>caeteri</span> <span class='ocrx_word' id='word_1_145' title='bbox 1842 1854 2202 1927; x_wconf 87' lang='lat' dir='ltr'>deprehensi</span> 
     </span>
    </p>
   </div>
   <div class='ocr_carea' id='block_1_24' title="bbox 538 1943 2206 2020">
    <p class='ocr_par' dir='ltr' id='par_1_24' title="bbox 538 1943 2206 2020">
     <span class='ocr_line' id='line_1_24' title="bbox 538 1943 2206 2020; baseline -0.004 -15"><span class='ocrx_word' id='word_1_146' title='bbox 538 1947 992 2020; x_wconf 86' lang='lat' dir='ltr'>corriperentur.</span> <span class='ocrx_word' id='word_1_147' title='bbox 1026 1946 1141 2001; x_wconf 91' lang='lat' dir='ltr'>Nisi</span> <span class='ocrx_word' id='word_1_148' title='bbox 1168 1960 1305 2017; x_wconf 89' lang='lat' dir='ltr'>ergo</span> <span class='ocrx_word' id='word_1_149' title='bbox 1361 1944 1801 2001; x_wconf 82' lang='lat' dir='ltr'>convertamini</span> <span class='ocrx_word' id='word_1_150' title='bbox 1833 1960 1870 2000; x_wconf 90' lang='lat' dir='ltr'>a</span> <span class='ocrx_word' id='word_1_151' title='bbox 1900 1943 2206 2000; x_wconf 89' lang='lat' dir='ltr'>movenda</span> 
     </span>
    </p>
   </div>
   <div class='ocr_carea' id='block_1_25' title="bbox 537 2032 2204 2105">
    <p class='ocr_par' dir='ltr' id='par_1_25' title="bbox 537 2032 2204 2105">
     <span class='ocr_line' id='line_1_25' title="bbox 537 2032 2204 2105; baseline -0.004 -12"><span class='ocrx_word' id='word_1_152' title='bbox 537 2038 826 2094; x_wconf 85' lang='lat' dir='ltr'>seditione</span> <span class='ocrx_word' id='word_1_153' title='bbox 856 2036 1148 2092; x_wconf 86' lang='lat' dir='ltr'>adversus</span> <span class='ocrx_word' id='word_1_154' title='bbox 1170 2049 1371 2105; x_wconf 83' lang='lat' dir='ltr'>regem</span> <span class='ocrx_word' id='word_1_155' title='bbox 1407 2038 1690 2100; x_wconf 84' lang='lat' dir='ltr'>vestrum,</span> <span class='ocrx_word' id='word_1_156' title='bbox 1711 2034 2012 2091; x_wconf 84' lang='lat' dir='ltr'>Christum</span> <span class='ocrx_word' id='word_1_157' title='bbox 2041 2032 2204 2088; x_wconf 90' lang='lat' dir='ltr'>vide-</span> 
     </span>
    </p>
   </div>
   <div class='ocr_carea' id='block_1_26' title="bbox 534 2123 2205 2197">
    <p class='ocr_par' dir='ltr' id='par_1_26' title="bbox 534 2123 2205 2197">
     <span class='ocr_line' id='line_1_26' title="bbox 534 2123 2205 2197; baseline -0.004 -13"><span class='ocrx_word' id='word_1_158' title='bbox 534 2127 688 2194; x_wconf 89' lang='lat' dir='ltr'>licet,</span> <span class='ocrx_word' id='word_1_159' title='bbox 716 2124 1089 2197; x_wconf 88' lang='lat' dir='ltr'>subjiciendo</span> <span class='ocrx_word' id='word_1_160' title='bbox 1137 2139 1245 2180; x_wconf 86' lang='lat' dir='ltr'>vos</span> <span class='ocrx_word' id='word_1_161' title='bbox 1275 2124 1408 2196; x_wconf 91' lang='lat' dir='ltr'>ipsi,</span> <span class='ocrx_word' id='word_1_162' title='bbox 1432 2127 1490 2180; x_wconf 89' lang='lat' dir='ltr'>et</span> <span class='ocrx_word' id='word_1_163' title='bbox 1529 2140 1565 2180; x_wconf 89' lang='lat' dir='ltr'>a</span> <span class='ocrx_word' id='word_1_164' title='bbox 1614 2123 1845 2179; x_wconf 88' lang='lat' dir='ltr'>malitia</span> <span class='ocrx_word' id='word_1_165' title='bbox 1891 2123 1970 2179; x_wconf 89' lang='lat' dir='ltr'>ad</span> <span class='ocrx_word' id='word_1_166' title='bbox 2016 2123 2205 2179; x_wconf 85' lang='lat' dir='ltr'>virtu-</span> 
     </span>
    </p>
   </div>
   <div class='ocr_carea' id='block_1_27' title="bbox 535 2212 2201 2284">
    <p class='ocr_par' dir='ltr' id='par_1_27' title="bbox 535 2212 2201 2284">
     <span class='ocr_line' id='line_1_27' title="bbox 535 2212 2201 2284; baseline -0.003 -11"><span class='ocrx_word' id='word_1_167' title='bbox 535 2220 657 2273; x_wconf 89' lang='lat' dir='ltr'>tem</span> <span class='ocrx_word' id='word_1_168' title='bbox 701 2238 715 2284; x_wconf 83' lang='lat'><strong>;</strong></span> <span class='ocrx_word' id='word_1_169' title='bbox 742 2231 930 2272; x_wconf 82' lang='lat' dir='ltr'>omnes</span> <span class='ocrx_word' id='word_1_170' title='bbox 953 2215 1228 2271; x_wconf 71' lang='lat' dir='ltr'>similiter</span> <span class='ocrx_word' id='word_1_171' title='bbox 1267 2214 1562 2284; x_wconf 70' lang='lat' dir='ltr'>peribitis,</span> <span class='ocrx_word' id='word_1_172' title='bbox 1603 2214 1717 2271; x_wconf 92' lang='lat' dir='ltr'>hoc</span> <span class='ocrx_word' id='word_1_173' title='bbox 1741 2217 1849 2279; x_wconf 88' lang='lat' dir='ltr'>est,</span> <span class='ocrx_word' id='word_1_174' title='bbox 1880 2212 2061 2269; x_wconf 89' lang='lat' dir='ltr'>etiam</span> <span class='ocrx_word' id='word_1_175' title='bbox 2094 2228 2201 2268; x_wconf 91' lang='lat' dir='ltr'>vos</span> 
     </span>
    </p>
   </div>
   <div class='ocr_carea' id='block_1_28' title="bbox 533 2301 2202 2376">
    <p class='ocr_par' dir='ltr' id='par_1_28' title="bbox 533 2301 2202 2376">
     <span class='ocr_line' id='line_1_28' title="bbox 533 2301 2202 2376; baseline -0.003 -14"><span class='ocrx_word' id='word_1_176' title='bbox 533 2308 594 2363; x_wconf 90' lang='lat' dir='ltr'>in</span> <span class='ocrx_word' id='word_1_177' title='bbox 627 2305 931 2362; x_wconf 78' lang='lat' dir='ltr'>sacriﬁciis</span> <span class='ocrx_word' id='word_1_178' title='bbox 983 2302 1446 2371; x_wconf 83' lang='lat' dir='ltr'>interﬁciemini,</span> <span class='ocrx_word' id='word_1_179' title='bbox 1492 2303 1554 2359; x_wconf 92' lang='lat' dir='ltr'>in</span> <span class='ocrx_word' id='word_1_180' title='bbox 1581 2303 1807 2376; x_wconf 87' lang='lat' dir='ltr'>quibus</span> <span class='ocrx_word' id='word_1_181' title='bbox 1847 2301 2202 2358; x_wconf 84' lang='lat' dir='ltr'>extollimini</span> 
     </span>
    </p>
   </div>
   <div class='ocr_carea' id='block_1_29' title="bbox 537 2390 2202 2465">
    <p class='ocr_par' dir='ltr' id='par_1_29' title="bbox 537 2390 2202 2465">
     <span class='ocr_line' id='line_1_29' title="bbox 537 2390 2202 2465; baseline -0.003 -13"><span class='ocrx_word' id='word_1_182' title='bbox 537 2412 607 2453; x_wconf 90' lang='lat' dir='ltr'>ac</span> <span class='ocrx_word' id='word_1_183' title='bbox 650 2392 1011 2465; x_wconf 84' lang='lat' dir='ltr'>gloriamini.</span> <span class='ocrx_word' id='word_1_184' title='bbox 1066 2395 1128 2448; x_wconf 84' lang='lat' dir='ltr'>Et</span> <span class='ocrx_word' id='word_1_185' title='bbox 1174 2392 1258 2449; x_wconf 90' lang='lat' dir='ltr'>ita</span> <span class='ocrx_word' id='word_1_186' title='bbox 1305 2392 1533 2449; x_wconf 86' lang='lat' dir='ltr'>factum</span> <span class='ocrx_word' id='word_1_187' title='bbox 1586 2396 1698 2448; x_wconf 90' lang='lat' dir='ltr'>est.</span> <span class='ocrx_word' id='word_1_188' title='bbox 1733 2393 1795 2448; x_wconf 91' lang='lat' dir='ltr'>in</span> <span class='ocrx_word' id='word_1_189' title='bbox 1834 2391 1990 2448; x_wconf 85' lang='lat' dir='ltr'>festo</span> <span class='ocrx_word' id='word_1_190' title='bbox 2040 2390 2202 2447; x_wconf 91' lang='lat' dir='ltr'>enim</span> 
     </span>
    </p>
   </div>
   <div class='ocr_carea' id='block_1_30' title="bbox 528 2483 2055 2556">
    <p class='ocr_par' dir='ltr' id='par_1_30' title="bbox 528 2483 2055 2556">
     <span class='ocr_line' id='line_1_30' title="bbox 528 2483 2055 2556; baseline -0.005 -14"><span class='ocrx_word' id='word_1_191' title='bbox 528 2485 796 2556; x_wconf 77' lang='lat' dir='ltr'>Paschaa,</span> <span class='ocrx_word' id='word_1_192' title='bbox 824 2483 1133 2540; x_wconf 90' lang='lat' dir='ltr'>obsidione</span> <span class='ocrx_word' id='word_1_193' title='bbox 1163 2483 1337 2555; x_wconf 87' lang='lat' dir='ltr'>capti,</span> <span class='ocrx_word' id='word_1_194' title='bbox 1370 2498 1406 2539; x_wconf 89' lang='lat' dir='ltr'>a</span> <span class='ocrx_word' id='word_1_195' title='bbox 1424 2484 1705 2539; x_wconf 82' lang='lat' dir='ltr'>Romanis</span> <span class='ocrx_word' id='word_1_196' title='bbox 1732 2483 1871 2538; x_wconf 63' lang='lat' dir='ltr'>ciesi</span> <span class='ocrx_word' id='word_1_197' title='bbox 1894 2484 2055 2537; x_wconf 90' lang='lat' dir='ltr'>sunt.</span> 
     </span>
    </p>
   </div>
   <div class='ocr_carea' id='block_1_31' title="bbox 607 2659 2202 2731">
    <p class='ocr_par' dir='ltr' id='par_1_31' title="bbox 607 2659 2202 2731">
     <span class='ocr_line' id='line_1_31' title="bbox 607 2659 2202 2731; baseline -0.002 -13"><span class='ocrx_word' id='word_1_198' title='bbox 607 2666 774 2720; x_wconf 86' lang='lat' dir='ltr'>Vers.</span> <span class='ocrx_word' id='word_1_199' title='bbox 802 2664 984 2719; x_wconf 76' lang='grc' dir='ltr'>4Αιιι</span> <span class='ocrx_word' id='word_1_200' title='bbox 1034 2661 1288 2718; x_wconf 87' lang='lat' dir='ltr'>—-Vers.</span> <span class='ocrx_word' id='word_1_201' title='bbox 1342 2667 1393 2719; x_wconf 87' lang='lat'>5.</span> <span class='ocrx_word' id='word_1_202' title='bbox 1418 2661 1709 2731; x_wconf 76' lang='lat' dir='ltr'>peribitis.</span> <span class='ocrx_word' id='word_1_203' title='bbox 1768 2660 1959 2718; x_wconf 89' lang='lat' dir='ltr'>Etiam</span> <span class='ocrx_word' id='word_1_204' title='bbox 2004 2661 2079 2717; x_wconf 92' lang='lat' dir='ltr'>de</span> <span class='ocrx_word' id='word_1_205' title='bbox 2108 2659 2202 2716; x_wconf 91' lang='lat' dir='ltr'>his</span> 
     </span>
    </p>
   </div>
   <div class='ocr_carea' id='block_1_32' title="bbox 534 2751 2199 2827">
    <p class='ocr_par' dir='ltr' id='par_1_32' title="bbox 534 2751 2199 2827">
     <span class='ocr_line' id='line_1_32' title="bbox 534 2751 2199 2827; baseline -0.003 -16"><span class='ocrx_word' id='word_1_206' title='bbox 534 2758 662 2811; x_wconf 90' lang='lat' dir='ltr'>erat</span> <span class='ocrx_word' id='word_1_207' title='bbox 689 2754 937 2827; x_wconf 62' lang='lat' dir='ltr'>quaestio</span> <span class='ocrx_word' id='word_1_208' title='bbox 972 2769 984 2807; x_wconf 89' lang='lat'>:</span> <span class='ocrx_word' id='word_1_209' title='bbox 1018 2768 1095 2809; x_wconf 89' lang='lat' dir='ltr'>au</span> <span class='ocrx_word' id='word_1_210' title='bbox 1126 2755 1445 2824; x_wconf 89' lang='lat' dir='ltr'>propterea</span> <span class='ocrx_word' id='word_1_211' title='bbox 1492 2768 1699 2807; x_wconf 89' lang='lat' dir='ltr'>casum</span> <span class='ocrx_word' id='word_1_212' title='bbox 1734 2752 1888 2807; x_wconf 91' lang='lat' dir='ltr'>adeo</span> <span class='ocrx_word' id='word_1_213' title='bbox 1910 2751 2199 2807; x_wconf 90' lang='lat' dir='ltr'>acerbum</span> 
     </span>
    </p>
   </div>
   <div class='ocr_carea' id='block_1_33' title="bbox 535 2840 2198 2918">
    <p class='ocr_par' dir='ltr' id='par_1_33' title="bbox 535 2840 2198 2918">
     <span class='ocr_line' id='line_1_33' title="bbox 535 2840 2198 2918; baseline -0.003 -18"><span class='ocrx_word' id='word_1_214' title='bbox 535 2846 697 2918; x_wconf 88' lang='lat' dir='ltr'>passi</span> <span class='ocrx_word' id='word_1_215' title='bbox 716 2844 982 2904; x_wconf 83' lang='lat' dir='ltr'>fuissent.</span> <span class='ocrx_word' id='word_1_216' title='bbox 1036 2843 1198 2914; x_wconf 89' lang='lat' dir='ltr'>quod</span> <span class='ocrx_word' id='word_1_217' title='bbox 1219 2844 1416 2896; x_wconf 89' lang='lat' dir='ltr'>essent</span> <span class='ocrx_word' id='word_1_218' title='bbox 1464 2846 1809 2912; x_wconf 89' lang='lat' dir='ltr'>peccatores</span> <span class='ocrx_word' id='word_1_219' title='bbox 1850 2840 2006 2897; x_wconf 89' lang='lat' dir='ltr'>ultra</span> <span class='ocrx_word' id='word_1_220' title='bbox 2054 2856 2198 2896; x_wconf 88' lang='lat' dir='ltr'>cun-</span> 
     </span>
    </p>
   </div>
   <div class='ocr_carea' id='block_1_34' title="bbox 534 2929 2200 3006">
    <p class='ocr_par' dir='ltr' id='par_1_34' title="bbox 534 2929 2200 3006">
     <span class='ocr_line' id='line_1_34' title="bbox 534 2929 2200 3006; baseline -0.003 -16"><span class='ocrx_word' id='word_1_221' title='bbox 534 2937 685 2999; x_wconf 88' lang='lat' dir='ltr'>ctos,</span> <span class='ocrx_word' id='word_1_222' title='bbox 708 2934 813 3006; x_wconf 87' lang='lat' dir='ltr'>qui</span> <span class='ocrx_word' id='word_1_223' title='bbox 863 2930 1286 3004; x_wconf 82' lang='lat' dir='ltr'>Hierosolymis</span> <span class='ocrx_word' id='word_1_224' title='bbox 1326 2930 1683 2987; x_wconf 84' lang='lat' dir='ltr'>habitabant</span> <span class='ocrx_word' id='word_1_225' title='bbox 1712 2948 1726 2995; x_wconf 90' lang='lat'><strong>;</strong></span> <span class='ocrx_word' id='word_1_226' title='bbox 1757 2929 1854 2986; x_wconf 89' lang='lat' dir='ltr'>hic</span> <span class='ocrx_word' id='word_1_227' title='bbox 1886 2930 2047 2986; x_wconf 90' lang='lat' dir='ltr'>enim</span> <span class='ocrx_word' id='word_1_228' title='bbox 2099 2930 2200 2985; x_wconf 91' lang='lat' dir='ltr'>de-</span> 
     </span>
    </p>
   </div>
   <div class='ocr_carea' id='block_1_35' title="bbox 3008 432 3231 506">
    <p class='ocr_par' dir='ltr' id='par_1_35' title="bbox 3008 432 3231 506">
     <span class='ocr_line' id='line_1_35' title="bbox 3008 432 3231 506; baseline 0.004 -19"><span class='ocrx_word' id='word_1_229' title='bbox 3008 432 3231 506; x_wconf 82' lang='grc' dir='ltr'>Σιλωάμ.</span> 
     </span>
    </p>
   </div>
   <div class='ocr_carea' id='block_1_36' title="bbox 2394 522 3823 595">
    <p class='ocr_par' dir='ltr' id='par_1_36' title="bbox 2394 522 3823 595">
     <span class='ocr_line' id='line_1_36' title="bbox 2394 522 3823 595; baseline 0.007 -24"><span class='ocrx_word' id='word_1_230' title='bbox 2394 524 2644 593; x_wconf 78' lang='grc' dir='ltr'>Παρῆσαν</span> <span class='ocrx_word' id='word_1_231' title='bbox 2697 553 2762 561; x_wconf 83' lang='grc'><strong>-</strong></span> <span class='ocrx_word' id='word_1_232' title='bbox 2803 522 2968 574; x_wconf 76' lang='grc' dir='ltr'>αὐτῶν</span> <span class='ocrx_word' id='word_1_233' title='bbox 3194 524 3356 578; x_wconf 78' lang='grc' dir='ltr'>Οὗτοι</span> <span class='ocrx_word' id='word_1_234' title='bbox 3401 527 3448 577; x_wconf 83' lang='grc' dir='ltr'>οἱ</span> <span class='ocrx_word' id='word_1_235' title='bbox 3486 525 3723 595; x_wconf 69' lang='grc' dir='ltr'>Γαλιλαῖοι,</span> <span class='ocrx_word' id='word_1_236' title='bbox 3760 540 3823 592; x_wconf 75' lang='grc' dir='ltr'>τῆς</span> 
     </span>
    </p>
   </div>
   <div class='ocr_carea' id='block_1_37' title="bbox 2318 604 3823 679">
    <p class='ocr_par' dir='ltr' id='par_1_37' title="bbox 2318 604 3823 679">
     <span class='ocr_line' id='line_1_37' title="bbox 2318 604 3823 679; baseline 0.007 -21"><span class='ocrx_word' id='word_1_237' title='bbox 2318 604 2531 679; x_wconf 68' lang='grc' dir='ltr'>μερίδος</span> <span class='ocrx_word' id='word_1_238' title='bbox 2574 614 2713 671; x_wconf 80' lang='grc' dir='ltr'>ὅντες</span> <span class='ocrx_word' id='word_1_239' title='bbox 2750 608 2932 664; x_wconf 71' lang='grc' dir='ltr'>Ἰούδα</span> <span class='ocrx_word' id='word_1_240' title='bbox 2974 622 3065 665; x_wconf 77' lang='grc' dir='ltr'>του</span> <span class='ocrx_word' id='word_1_241' title='bbox 3111 613 3405 678; x_wconf 78' lang='grc' dir='ltr'>Γαλιλαίου,</span> <span class='ocrx_word' id='word_1_242' title='bbox 3437 611 3740 673; x_wconf 72' lang='grc' dir='ltr'>διεϐλήθησαν</span> <span class='ocrx_word' id='word_1_243' title='bbox 3777 622 3823 679; x_wconf 64' lang='grc' dir='ltr'>ὡς</span> 
     </span>
    </p>
   </div>
   <div class='ocr_carea' id='block_1_38' title="bbox 2319 695 3826 776">
    <p class='ocr_par' dir='ltr' id='par_1_38' title="bbox 2319 695 3826 776">
     <span class='ocr_line' id='line_1_38' title="bbox 2319 695 3826 776; baseline 0.009 -30"><span class='ocrx_word' id='word_1_244' title='bbox 2319 695 2615 750; x_wconf 75' lang='grc' dir='ltr'>ἀποστάται</span> <span class='ocrx_word' id='word_1_245' title='bbox 2671 709 2760 753; x_wconf 72' lang='grc' dir='ltr'>τοῦ</span> <span class='ocrx_word' id='word_1_246' title='bbox 2814 706 3096 775; x_wconf 74' lang='grc' dir='ltr'>Καίσαρος,</span> <span class='ocrx_word' id='word_1_247' title='bbox 3148 708 3236 754; x_wconf 81' lang='grc' dir='ltr'>καὶ</span> <span class='ocrx_word' id='word_1_248' title='bbox 3292 705 3515 765; x_wconf 78' lang='grc' dir='ltr'>στάσεως</span> <span class='ocrx_word' id='word_1_249' title='bbox 3559 702 3826 776; x_wconf 74' lang='grc' dir='ltr'>ἐμπιπλῶντες</span> 
     </span>
    </p>
   </div>
   <div class='ocr_carea' id='block_1_39' title="bbox 2316 788 3828 864">
    <p class='ocr_par' dir='ltr' id='par_1_39' title="bbox 2316 788 3828 864">
     <span class='ocr_line' id='line_1_39' title="bbox 2316 788 3828 864; baseline 0.007 -28"><span class='ocrx_word' id='word_1_250' title='bbox 2316 788 2429 837; x_wconf 84' lang='grc' dir='ltr'>κατ’</span> <span class='ocrx_word' id='word_1_251' title='bbox 2486 788 2645 840; x_wconf 71' lang='grc' dir='ltr'>αὐτοῦ</span> <span class='ocrx_word' id='word_1_252' title='bbox 2698 794 2792 847; x_wconf 78' lang='grc' dir='ltr'>τὴν</span> <span class='ocrx_word' id='word_1_253' title='bbox 2832 790 3124 845; x_wconf 83' lang='grc' dir='ltr'>Γαλιλαίαν.</span> <span class='ocrx_word' id='word_1_254' title='bbox 3186 794 3317 845; x_wconf 80' lang='grc' dir='ltr'>Ποτὶ</span> <span class='ocrx_word' id='word_1_255' title='bbox 3372 801 3493 864; x_wconf 74' lang='grc' dir='ltr'>γοῦν</span> <span class='ocrx_word' id='word_1_256' title='bbox 3545 794 3658 857; x_wconf 76' lang='grc' dir='ltr'>ὁμοῦ</span> <span class='ocrx_word' id='word_1_257' title='bbox 3706 796 3828 847; x_wconf 75' lang='grc' dir='ltr'>συνεὶ-</span> 
     </span>
    </p>
   </div>
   <div class='ocr_carea' id='block_1_40' title="bbox 2318 876 3833 952">
    <p class='ocr_par' dir='ltr' id='par_1_40' title="bbox 2318 876 3833 952">
     <span class='ocr_line' id='line_1_40' title="bbox 2318 876 3833 952; baseline 0.007 -26"><span class='ocrx_word' id='word_1_258' title='bbox 2318 876 2507 927; x_wconf 85' lang='grc' dir='ltr'>θόντων</span> <span class='ocrx_word' id='word_1_259' title='bbox 2550 884 2639 930; x_wconf 84' lang='grc' dir='ltr'>καὶ</span> <span class='ocrx_word' id='word_1_260' title='bbox 2687 880 2932 948; x_wconf 78' lang='grc' dir='ltr'>θυόντων,</span> <span class='ocrx_word' id='word_1_261' title='bbox 2982 882 3158 952; x_wconf 82' lang='grc' dir='ltr'>μαθὼν</span> <span class='ocrx_word' id='word_1_262' title='bbox 3187 888 3337 933; x_wconf 83' lang='grc' dir='ltr'>τοῦτο</span> <span class='ocrx_word' id='word_1_263' title='bbox 3385 881 3614 951; x_wconf 69' lang='grc' dir='ltr'>Πιλᾶτος,</span> <span class='ocrx_word' id='word_1_264' title='bbox 3648 887 3721 935; x_wconf 76' lang='grc' dir='ltr'>καὶ</span> <span class='ocrx_word' id='word_1_265' title='bbox 3749 882 3833 936; x_wconf 72' lang='grc' dir='ltr'>ἁνα-</span> 
     </span>
    </p>
   </div>
   <div class='ocr_carea' id='block_1_41' title="bbox 2317 964 3830 1044">
    <p class='ocr_par' dir='ltr' id='par_1_41' title="bbox 2317 964 3830 1044">
     <span class='ocr_line' id='line_1_41' title="bbox 2317 964 3830 1044; baseline 0.005 -28"><span class='ocrx_word' id='word_1_266' title='bbox 2317 964 2474 1027; x_wconf 79' lang='grc' dir='ltr'>ζέσας</span> <span class='ocrx_word' id='word_1_267' title='bbox 2530 976 2601 1037; x_wconf 84' lang='grc' dir='ltr'>τῷ</span> <span class='ocrx_word' id='word_1_268' title='bbox 2661 969 2831 1039; x_wconf 79' lang='grc' dir='ltr'>θυμῷ,</span> <span class='ocrx_word' id='word_1_269' title='bbox 2904 973 3092 1041; x_wconf 80' lang='grc' dir='ltr'>πέμπει</span> <span class='ocrx_word' id='word_1_270' title='bbox 3155 970 3265 1022; x_wconf 84' lang='grc' dir='ltr'>κατ’</span> <span class='ocrx_word' id='word_1_271' title='bbox 3336 970 3500 1022; x_wconf 68' lang='grc' dir='ltr'>αὐτῶν</span> <span class='ocrx_word' id='word_1_272' title='bbox 3558 978 3830 1044; x_wconf 68' lang='grc' dir='ltr'>στρατιώτας,</span> 
     </span>
    </p>
   </div>
   <div class='ocr_carea' id='block_1_42' title="bbox 2314 1055 3835 1131">
    <p class='ocr_par' dir='ltr' id='par_1_42' title="bbox 2314 1055 3835 1131">
     <span class='ocr_line' id='line_1_42' title="bbox 2314 1055 3835 1131; baseline 0.006 -26"><span class='ocrx_word' id='word_1_273' title='bbox 2314 1061 2403 1107; x_wconf 82' lang='grc' dir='ltr'>καὶ</span> <span class='ocrx_word' id='word_1_274' title='bbox 2453 1055 2755 1127; x_wconf 71' lang='grc' dir='ltr'>ἀποσφάξας</span> <span class='ocrx_word' id='word_1_275' title='bbox 2785 1056 2993 1124; x_wconf 75' lang='grc' dir='ltr'>αὐτοὺς,</span> <span class='ocrx_word' id='word_1_276' title='bbox 3038 1062 3096 1110; x_wconf 85' lang='grc' dir='ltr'>τὸ</span> <span class='ocrx_word' id='word_1_277' title='bbox 3145 1060 3278 1131; x_wconf 82' lang='grc' dir='ltr'>αἷμα</span> <span class='ocrx_word' id='word_1_278' title='bbox 3322 1063 3510 1112; x_wconf 84' lang='grc' dir='ltr'>τούτων</span> <span class='ocrx_word' id='word_1_279' title='bbox 3544 1068 3646 1121; x_wconf 87' lang='grc' dir='ltr'>ταῖς</span> <span class='ocrx_word' id='word_1_280' title='bbox 3678 1062 3835 1121; x_wconf 74' lang='grc' dir='ltr'>θυσίαις</span> 
     </span>
    </p>
   </div>
   <div class='ocr_carea' id='block_1_43' title="bbox 2317 1143 3836 1224">
    <p class='ocr_par' dir='ltr' id='par_1_43' title="bbox 2317 1143 3836 1224">
     <span class='ocr_line' id='line_1_43' title="bbox 2317 1143 3836 1224; baseline 0.005 -30"><span class='ocrx_word' id='word_1_281' title='bbox 2317 1143 2484 1196; x_wconf 66' lang='grc' dir='ltr'>αὐτῶν</span> <span class='ocrx_word' id='word_1_282' title='bbox 2516 1144 2738 1217; x_wconf 80' lang='grc' dir='ltr'>ἀνέμιξε.</span> <span class='ocrx_word' id='word_1_283' title='bbox 2788 1149 2866 1198; x_wconf 80' lang='grc' dir='ltr'>Τὰ</span> <span class='ocrx_word' id='word_1_284' title='bbox 2894 1150 2984 1219; x_wconf 73' lang='grc' dir='ltr'>μεν</span> <span class='ocrx_word' id='word_1_285' title='bbox 3033 1144 3119 1199; x_wconf 78' lang='grc' dir='ltr'>οὖν</span> <span class='ocrx_word' id='word_1_286' title='bbox 3166 1157 3260 1209; x_wconf 80' lang='grc' dir='ltr'>τῆς</span> <span class='ocrx_word' id='word_1_287' title='bbox 3314 1149 3538 1224; x_wconf 82' lang='grc' dir='ltr'>ἱστορίας</span> <span class='ocrx_word' id='word_1_288' title='bbox 3564 1150 3696 1204; x_wconf 76' lang='grc' dir='ltr'>οὕτω.</span> <span class='ocrx_word' id='word_1_289' title='bbox 3738 1156 3836 1222; x_wconf 56' lang='grc' dir='ltr'>Περ.</span> 
     </span>
    </p>
   </div>
   <div class='ocr_carea' id='block_1_44' title="bbox 2317 1230 3835 1313">
    <p class='ocr_par' dir='ltr' id='par_1_44' title="bbox 2317 1230 3835 1313">
     <span class='ocr_line' id='line_1_44' title="bbox 2317 1230 3835 1313; baseline 0.004 -29"><span class='ocrx_word' id='word_1_290' title='bbox 2317 1240 2346 1291; x_wconf 81' lang='grc' dir='ltr'><em>ῆ</em></span> <span class='ocrx_word' id='word_1_291' title='bbox 2357 1252 2452 1285; x_wconf 82' lang='grc' dir='ltr'>σαν</span> <span class='ocrx_word' id='word_1_292' title='bbox 2480 1230 2540 1286; x_wconf 75' lang='grc' dir='ltr'>δέ</span> <span class='ocrx_word' id='word_1_293' title='bbox 2564 1253 2694 1297; x_wconf 83' lang='grc' dir='ltr'>τινες</span> <span class='ocrx_word' id='word_1_294' title='bbox 2727 1231 2997 1301; x_wconf 77' lang='grc' dir='ltr'>Ἰουδαῖοι,</span> <span class='ocrx_word' id='word_1_295' title='bbox 3024 1234 3427 1308; x_wconf 71' lang='grc' dir='ltr'>ἀπαγγέλλοντες</span> <span class='ocrx_word' id='word_1_296' title='bbox 3454 1246 3521 1308; x_wconf 76' lang='grc' dir='ltr'>τῷ</span> <span class='ocrx_word' id='word_1_297' title='bbox 3553 1245 3733 1313; x_wconf 74' lang='grc' dir='ltr'>Χριστῷ</span> <span class='ocrx_word' id='word_1_298' title='bbox 3751 1244 3835 1312; x_wconf 66' lang='grc' dir='ltr'>περὶ</span> 
     </span>
    </p>
   </div>
   <div class='ocr_carea' id='block_1_45' title="bbox 2317 1322 3839 1402">
    <p class='ocr_par' dir='ltr' id='par_1_45' title="bbox 2317 1322 3839 1402">
     <span class='ocr_line' id='line_1_45' title="bbox 2317 1322 3839 1402; baseline 0.003 -29"><span class='ocrx_word' id='word_1_299' title='bbox 2317 1322 2504 1388; x_wconf 69' lang='grc' dir='ltr'>αὐτῶν,</span> <span class='ocrx_word' id='word_1_300' title='bbox 2532 1323 2810 1384; x_wconf 79' lang='grc' dir='ltr'>ζητοῦντες</span> <span class='ocrx_word' id='word_1_301' title='bbox 2832 1326 3036 1396; x_wconf 76' lang='grc' dir='ltr'>μαθεῖν,</span> <span class='ocrx_word' id='word_1_302' title='bbox 3070 1325 3115 1378; x_wconf 79' lang='grc' dir='ltr'>εἰ</span> <span class='ocrx_word' id='word_1_303' title='bbox 3139 1328 3210 1387; x_wconf 84' lang='grc' dir='ltr'>ὡς</span> <span class='ocrx_word' id='word_1_304' title='bbox 3233 1325 3526 1401; x_wconf 82' lang='grc' dir='ltr'>ἁμαρτωλοὶ</span> <span class='ocrx_word' id='word_1_305' title='bbox 3552 1330 3676 1402; x_wconf 75' lang='grc' dir='ltr'>παρὰ</span> <span class='ocrx_word' id='word_1_306' title='bbox 3694 1330 3839 1386; x_wconf 70' lang='grc' dir='ltr'>πάντας</span> 
     </span>
    </p>
   </div>
   <div class='ocr_carea' id='block_1_46' title="bbox 2313 1413 3838 1485">
    <p class='ocr_par' dir='ltr' id='par_1_46' title="bbox 2313 1413 3838 1485">
     <span class='ocr_line' id='line_1_46' title="bbox 2313 1413 3838 1485; baseline 0.001 -22"><span class='ocrx_word' id='word_1_307' title='bbox 2313 1416 2437 1473; x_wconf 75' lang='grc' dir='ltr'>τοὺς</span> <span class='ocrx_word' id='word_1_308' title='bbox 2462 1413 2769 1485; x_wconf 76' lang='grc' dir='ltr'>ὁμοχὼρους</span> <span class='ocrx_word' id='word_1_309' title='bbox 2800 1413 3106 1478; x_wconf 81' lang='grc' dir='ltr'>Γαλιλαίους</span> <span class='ocrx_word' id='word_1_310' title='bbox 3132 1423 3353 1467; x_wconf 76' lang='grc' dir='ltr'>τοιαῦτα</span> <span class='ocrx_word' id='word_1_311' title='bbox 3393 1418 3700 1469; x_wconf 75' lang='grc' dir='ltr'>πεπόνθασιν.</span> <span class='ocrx_word' id='word_1_312' title='bbox 3729 1416 3838 1468; x_wconf 73' lang='grc' dir='ltr'>Οὕτω</span> 
     </span>
    </p>
   </div>
   <div class='ocr_carea' id='block_1_47' title="bbox 2314 1502 2941 1575">
    <p class='ocr_par' dir='ltr' id='par_1_47' title="bbox 2314 1502 2941 1575">
     <span class='ocr_line' id='line_1_47' title="bbox 2314 1502 2941 1575; baseline 0.01 -23"><span class='ocrx_word' id='word_1_313' title='bbox 2314 1503 2415 1574; x_wconf 69' lang='grc' dir='ltr'>γὰρ</span> <span class='ocrx_word' id='word_1_314' title='bbox 2448 1502 2592 1554; x_wconf 77' lang='grc' dir='ltr'>οὗτοι</span> <span class='ocrx_word' id='word_1_315' title='bbox 2623 1503 2734 1574; x_wconf 72' lang='grc'>(34)</span> <span class='ocrx_word' id='word_1_316' title='bbox 2762 1507 2941 1575; x_wconf 85' lang='grc' dir='ltr'>ᾤοντο.</span> 
     </span>
    </p>
   </div>
   <div class='ocr_carea' id='block_1_48' title="bbox 3456 1682 3847 1744">
    <p class='ocr_par' dir='ltr' id='par_1_48' title="bbox 3456 1682 3847 1744">
     <span class='ocr_line' id='line_1_48' title="bbox 3456 1682 3847 1744; baseline -0.005 -8"><span class='ocrx_word' id='word_1_317' title='bbox 3456 1685 3652 1736; x_wconf 75' lang='grc' dir='ltr'>Πάντων</span> <span class='ocrx_word' id='word_1_318' title='bbox 3715 1682 3847 1744; x_wconf 77' lang='grc' dir='ltr'>ἁπλῶς</span> 
     </span>
    </p>
   </div>
   <div class='ocr_carea' id='block_1_49' title="bbox 2316 1754 3939 1844">
    <p class='ocr_par' dir='ltr' id='par_1_49' title="bbox 2316 1770 3939 1844">
     <span class='ocr_line' id='line_1_49' title="bbox 2316 1770 3939 1844; baseline 0 -22"><span class='ocrx_word' id='word_1_319' title='bbox 2316 1775 2470 1823; x_wconf 75' lang='grc' dir='ltr'>ὄντων</span> <span class='ocrx_word' id='word_1_320' title='bbox 2536 1770 2871 1844; x_wconf 73' lang='grc' dir='ltr'>ἁμαρτωλῶν,</span> <span class='ocrx_word' id='word_1_321' title='bbox 2954 1776 3098 1844; x_wconf 80' lang='grc' dir='ltr'>μόνοι</span> <span class='ocrx_word' id='word_1_322' title='bbox 3176 1771 3359 1824; x_wconf 70' lang='grc' dir='ltr'>ἐκεῖνοι</span> <span class='ocrx_word' id='word_1_323' title='bbox 3429 1774 3735 1837; x_wconf 74' lang='grc' dir='ltr'>πεπόνθασιν,</span> <span class='ocrx_word' id='word_1_324' title='bbox 3788 1774 3847 1823; x_wconf 73' lang='grc' dir='ltr'>ἶνα</span> <span class='ocrx_word' id='word_1_325' title='bbox 3938 1776 3939 1844; x_wconf 50' lang='lat' dir='ltr'>i</span> 
     </span>
    </p>
   </div>
   <div class='ocr_carea' id='block_1_50' title="bbox 2316 1857 3847 1919">
    <p class='ocr_par' dir='ltr' id='par_1_50' title="bbox 2316 1857 3847 1919">
     <span class='ocr_line' id='line_1_50' title="bbox 2316 1857 3847 1919; baseline -0.001 -7"><span class='ocrx_word' id='word_1_326' title='bbox 2316 1857 2453 1912; x_wconf 78' lang='grc' dir='ltr'>δὼσί</span> <span class='ocrx_word' id='word_1_327' title='bbox 2503 1880 2558 1912; x_wconf 85' lang='grc' dir='ltr'>τε</span> <span class='ocrx_word' id='word_1_328' title='bbox 2608 1860 2758 1913; x_wconf 73' lang='grc' dir='ltr'>αὖτοὶ</span> <span class='ocrx_word' id='word_1_329' title='bbox 2806 1857 2986 1919; x_wconf 81' lang='grc' dir='ltr'>δικην,</span> <span class='ocrx_word' id='word_1_330' title='bbox 3046 1867 3137 1913; x_wconf 82' lang='grc' dir='ltr'>καὶ</span> <span class='ocrx_word' id='word_1_331' title='bbox 3188 1857 3548 1915; x_wconf 74' lang='grc' dir='ltr'>παιδευθῶσιν</span> <span class='ocrx_word' id='word_1_332' title='bbox 3596 1864 3641 1914; x_wconf 83' lang='grc' dir='ltr'>οἱ</span> <span class='ocrx_word' id='word_1_333' title='bbox 3683 1860 3847 1914; x_wconf 74' lang='grc' dir='ltr'>ὑπολει-</span> 
     </span>
    </p>
   </div>
   <div class='ocr_carea' id='block_1_51' title="bbox 2315 1947 3848 2022">
    <p class='ocr_par' dir='ltr' id='par_1_51' title="bbox 2315 1947 3848 2022">
     <span class='ocr_line' id='line_1_51' title="bbox 2315 1947 3848 2022; baseline -0.001 -20"><span class='ocrx_word' id='word_1_334' title='bbox 2315 1951 2536 2022; x_wconf 76' lang='grc' dir='ltr'>φθέντες.</span> <span class='ocrx_word' id='word_1_335' title='bbox 2605 1949 2720 2002; x_wconf 78' lang='grc' dir='ltr'>Ἐὰν</span> <span class='ocrx_word' id='word_1_336' title='bbox 2783 1947 2871 2003; x_wconf 79' lang='grc' dir='ltr'>οὖν</span> <span class='ocrx_word' id='word_1_337' title='bbox 2924 1955 2996 2022; x_wconf 83' lang='grc' dir='ltr'>μὴ</span> <span class='ocrx_word' id='word_1_338' title='bbox 3053 1950 3444 2022; x_wconf 77' lang='grc' dir='ltr'>μεταϐαλλησθε</span> <span class='ocrx_word' id='word_1_339' title='bbox 3495 1949 3590 2003; x_wconf 80' lang='grc' dir='ltr'>ἀπὸ</span> <span class='ocrx_word' id='word_1_340' title='bbox 3632 1958 3712 2003; x_wconf 74' lang='grc' dir='ltr'>τοῦ</span> <span class='ocrx_word' id='word_1_341' title='bbox 3760 1969 3848 2002; x_wconf 78' lang='grc' dir='ltr'>στεο</span> 
     </span>
    </p>
   </div>
   <div class='ocr_carea' id='block_1_52' title="bbox 2315 2035 3850 2114">
    <p class='ocr_par' dir='ltr' id='par_1_52' title="bbox 2315 2035 3850 2114">
     <span class='ocr_line' id='line_1_52' title="bbox 2315 2035 3850 2114; baseline -0.001 -24"><span class='ocrx_word' id='word_1_342' title='bbox 2315 2039 2515 2099; x_wconf 72' lang='grc' dir='ltr'>σιαζειν</span> <span class='ocrx_word' id='word_1_343' title='bbox 2544 2042 2681 2091; x_wconf 82' lang='grc' dir='ltr'>κατὰ</span> <span class='ocrx_word' id='word_1_344' title='bbox 2711 2046 2801 2091; x_wconf 79' lang='grc' dir='ltr'>τοῦ</span> <span class='ocrx_word' id='word_1_345' title='bbox 2834 2038 3092 2111; x_wconf 74' lang='grc' dir='ltr'>βασιλέως</span> <span class='ocrx_word' id='word_1_346' title='bbox 3132 2042 3298 2112; x_wconf 77' lang='grc' dir='ltr'>ὑμῶν,</span> <span class='ocrx_word' id='word_1_347' title='bbox 3344 2046 3441 2093; x_wconf 81' lang='grc' dir='ltr'>τοῦ</span> <span class='ocrx_word' id='word_1_348' title='bbox 3468 2045 3686 2114; x_wconf 71' lang='grc' dir='ltr'>Χριστοῦ</span> <span class='ocrx_word' id='word_1_349' title='bbox 3711 2035 3850 2096; x_wconf 64' lang='grc' dir='ltr'>δῆλον·</span> 
     </span>
    </p>
   </div>
   <div class='ocr_carea' id='block_1_53' title="bbox 2315 2127 3851 2199">
    <p class='ocr_par' dir='ltr' id='par_1_53' title="bbox 2315 2127 3851 2199">
     <span class='ocr_line' id='line_1_53' title="bbox 2315 2127 3851 2199; baseline 0 -20"><span class='ocrx_word' id='word_1_350' title='bbox 2315 2133 2415 2192; x_wconf 81' lang='grc' dir='ltr'>ότι,</span> <span class='ocrx_word' id='word_1_351' title='bbox 2454 2128 2523 2190; x_wconf 88' lang='grc' dir='ltr'>εἰς</span> <span class='ocrx_word' id='word_1_352' title='bbox 2570 2132 2626 2179; x_wconf 82' lang='grc' dir='ltr'>τό</span> <span class='ocrx_word' id='word_1_353' title='bbox 2688 2129 3070 2182; x_wconf 69' lang='grc' dir='ltr'>ὑποτάττεσθαι</span> <span class='ocrx_word' id='word_1_354' title='bbox 3127 2128 3290 2199; x_wconf 69' lang='grc' dir='ltr'>αὐτῷ,</span> <span class='ocrx_word' id='word_1_355' title='bbox 3349 2135 3444 2182; x_wconf 81' lang='grc' dir='ltr'>καὶ</span> <span class='ocrx_word' id='word_1_356' title='bbox 3475 2127 3571 2181; x_wconf 76' lang='grc' dir='ltr'>ἀπὸ</span> <span class='ocrx_word' id='word_1_357' title='bbox 3610 2133 3769 2187; x_wconf 78' lang='grc' dir='ltr'>κακίας</span> <span class='ocrx_word' id='word_1_358' title='bbox 3803 2127 3851 2185; x_wconf 79' lang='grc' dir='ltr'>εἰς</span> 
     </span>
    </p>
   </div>
   <div class='ocr_carea' id='block_1_54' title="bbox 2954 1771 3847 1845">
    <p class='ocr_par' dir='ltr' id='par_1_54' title="bbox 2954 1771 3847 1845">
     <span class='ocr_line' id='line_1_54' title="bbox 2954 1771 3847 1845; baseline -0.002 -21"><span class='ocrx_word' id='word_1_359' title='bbox 2954 1776 3098 1845; x_wconf 87' lang='grc' dir='ltr'>μόνοι</span> <span class='ocrx_word' id='word_1_360' title='bbox 3176 1771 3359 1824; x_wconf 70' lang='grc' dir='ltr'>ἐκεῖνοι</span> <span class='ocrx_word' id='word_1_361' title='bbox 3429 1774 3735 1837; x_wconf 74' lang='grc' dir='ltr'>πεπόνθασιν,</span> <span class='ocrx_word' id='word_1_362' title='bbox 3788 1774 3847 1823; x_wconf 73' lang='grc' dir='ltr'>ἶνα</span> 
     </span>
    </p>
   </div>
   <div class='ocr_carea' id='block_1_55' title="bbox 2315 2215 3850 2290">
    <p class='ocr_par' dir='ltr' id='par_1_55' title="bbox 2315 2215 3850 2290">
     <span class='ocr_line' id='line_1_55' title="bbox 2315 2215 3850 2290; baseline -0.002 -22"><span class='ocrx_word' id='word_1_363' title='bbox 2315 2215 2521 2290; x_wconf 74' lang='grc' dir='ltr'>ἀρετὴν,</span> <span class='ocrx_word' id='word_1_364' title='bbox 2594 2219 2785 2279; x_wconf 74' lang='grc' dir='ltr'>Πάντες</span> <span class='ocrx_word' id='word_1_365' title='bbox 2876 2220 3063 2289; x_wconf 83' lang='grc' dir='ltr'>ὁμοίως</span> <span class='ocrx_word' id='word_1_366' title='bbox 3128 2217 3427 2285; x_wconf 77' lang='grc' dir='ltr'>ἀπολεῖσθε,</span> <span class='ocrx_word' id='word_1_367' title='bbox 3506 2221 3735 2279; x_wconf 77' lang='grc' dir='ltr'>τουτέστι,</span> <span class='ocrx_word' id='word_1_368' title='bbox 3784 2220 3850 2265; x_wconf 71' lang='grc' dir='ltr'>καὶ</span> 
     </span>
    </p>
   </div>
   <div class='ocr_carea' id='block_1_56' title="bbox 2315 2303 3853 2382">
    <p class='ocr_par' dir='ltr' id='par_1_56' title="bbox 2315 2303 3853 2382">
     <span class='ocr_line' id='line_1_56' title="bbox 2315 2303 3853 2382; baseline 0.001 -25"><span class='ocrx_word' id='word_1_369' title='bbox 2315 2306 2463 2358; x_wconf 68' lang='grc' dir='ltr'>αὐτοὶ</span> <span class='ocrx_word' id='word_1_370' title='bbox 2502 2305 2552 2358; x_wconf 88' lang='grc' dir='ltr'>ἐν</span> <span class='ocrx_word' id='word_1_371' title='bbox 2604 2314 2714 2366; x_wconf 83' lang='grc' dir='ltr'>ταῖς</span> <span class='ocrx_word' id='word_1_372' title='bbox 2769 2308 2978 2367; x_wconf 83' lang='grc' dir='ltr'>θυσίαις</span> <span class='ocrx_word' id='word_1_373' title='bbox 3032 2305 3459 2382; x_wconf 73' lang='grc' dir='ltr'>ἀναιρεθήσεσθε,</span> <span class='ocrx_word' id='word_1_374' title='bbox 3514 2305 3584 2378; x_wconf 70' lang='grc' dir='ltr'>ἐφ’</span> <span class='ocrx_word' id='word_1_375' title='bbox 3639 2306 3706 2365; x_wconf 78' lang='grc' dir='ltr'>αἷς</span> <span class='ocrx_word' id='word_1_376' title='bbox 3743 2303 3853 2377; x_wconf 64' lang='grc' dir='ltr'>βρῦν</span> 
     </span>
    </p>
   </div>
   <div class='ocr_carea' id='block_1_57' title="bbox 2317 2395 3847 2468">
    <p class='ocr_par' dir='ltr' id='par_1_57' title="bbox 2317 2395 3847 2468">
     <span class='ocr_line' id='line_1_57' title="bbox 2317 2395 3847 2468; baseline -0.003 -20"><span class='ocrx_word' id='word_1_377' title='bbox 2317 2398 2499 2449; x_wconf 79' lang='grc' dir='ltr'>θύεσθε</span> <span class='ocrx_word' id='word_1_378' title='bbox 2540 2400 2630 2448; x_wconf 81' lang='grc' dir='ltr'>καὶ</span> <span class='ocrx_word' id='word_1_379' title='bbox 2689 2398 3013 2468; x_wconf 78' lang='grc' dir='ltr'>σεμνύνεσθε.</span> <span class='ocrx_word' id='word_1_380' title='bbox 3077 2402 3174 2449; x_wconf 78' lang='grc' dir='ltr'>Καὶ</span> <span class='ocrx_word' id='word_1_381' title='bbox 3221 2399 3431 2468; x_wconf 67' lang='grc' dir='ltr'>γέγονεν</span> <span class='ocrx_word' id='word_1_382' title='bbox 3482 2396 3658 2457; x_wconf 67' lang='grc' dir='ltr'>οὕτως.</span> <span class='ocrx_word' id='word_1_383' title='bbox 3703 2395 3769 2446; x_wconf 83' lang='grc' dir='ltr'>Ἐν</span> <span class='ocrx_word' id='word_1_384' title='bbox 3803 2398 3847 2460; x_wconf 71' lang='grc' dir='ltr'>τῇ</span> 
     </span>
    </p>
   </div>
   <div class='ocr_carea' id='block_1_58' title="bbox 2314 2482 3853 2559">
    <p class='ocr_par' dir='ltr' id='par_1_58' title="bbox 2314 2482 3853 2559">
     <span class='ocr_line' id='line_1_58' title="bbox 2314 2482 3853 2559; baseline -0.004 -21"><span class='ocrx_word' id='word_1_385' title='bbox 2314 2485 2458 2559; x_wconf 76' lang='grc' dir='ltr'>ἑορτῇ</span> <span class='ocrx_word' id='word_1_386' title='bbox 2498 2488 2599 2557; x_wconf 79' lang='grc' dir='ltr'>γὰρ</span> <span class='ocrx_word' id='word_1_387' title='bbox 2660 2492 2751 2537; x_wconf 77' lang='grc' dir='ltr'>τοῦ</span> <span class='ocrx_word' id='word_1_388' title='bbox 2801 2488 3000 2557; x_wconf 77' lang='grc' dir='ltr'>Πάσχα</span> <span class='ocrx_word' id='word_1_389' title='bbox 3050 2483 3542 2558; x_wconf 76' lang='grc' dir='ltr'>ἐκπολιορκηθίντες</span> <span class='ocrx_word' id='word_1_390' title='bbox 3592 2482 3853 2558; x_wconf 64' lang='grc' dir='ltr'>ἀνῃρέθησαν</span> 
     </span>
    </p>
   </div>
   <div class='ocr_carea' id='block_1_59' title="bbox 2313 2573 2866 2646">
    <p class='ocr_par' dir='ltr' id='par_1_59' title="bbox 2313 2573 2866 2646">
     <span class='ocr_line' id='line_1_59' title="bbox 2313 2573 2866 2646; baseline 0.004 -20"><span class='ocrx_word' id='word_1_391' title='bbox 2313 2576 2412 2626; x_wconf 75' lang='grc' dir='ltr'>ὑπὸ</span> <span class='ocrx_word' id='word_1_392' title='bbox 2447 2582 2547 2625; x_wconf 76' lang='grc' dir='ltr'>τὼν</span> <span class='ocrx_word' id='word_1_393' title='bbox 2579 2573 2866 2646; x_wconf 79' lang='grc' dir='ltr'>Ῥωμαίων.</span> 
     </span>
    </p>
   </div>
   <div class='ocr_carea' id='block_1_60' title="bbox 2381 2658 3855 2738">
    <p class='ocr_par' dir='ltr' id='par_1_60' title="bbox 2381 2658 3855 2738">
     <span class='ocr_line' id='line_1_60' title="bbox 2381 2658 3855 2738; baseline -0.001 -22"><span class='ocrx_word' id='word_1_394' title='bbox 2381 2662 2448 2716; x_wconf 72' lang='grc' dir='ltr'><strong>Ἠ</strong></span> <span class='ocrx_word' id='word_1_395' title='bbox 2510 2662 2691 2715; x_wconf 83' lang='grc' dir='ltr'>ἐκεῖνοι</span> <span class='ocrx_word' id='word_1_396' title='bbox 2732 2695 2801 2702; x_wconf 87' lang='grc'><strong><em>-</em></strong></span> <span class='ocrx_word' id='word_1_397' title='bbox 2844 2662 3138 2717; x_wconf 77' lang='grc' dir='ltr'>ἀπολεῖσθε.</span> <span class='ocrx_word' id='word_1_398' title='bbox 3198 2668 3297 2717; x_wconf 77' lang='grc' dir='ltr'>Καὶ</span> <span class='ocrx_word' id='word_1_399' title='bbox 3346 2669 3472 2738; x_wconf 76' lang='grc' dir='ltr'>περὶ</span> <span class='ocrx_word' id='word_1_400' title='bbox 3514 2665 3692 2716; x_wconf 78' lang='grc' dir='ltr'>τούτων</span> <span class='ocrx_word' id='word_1_401' title='bbox 3736 2658 3855 2721; x_wconf 67' lang='grc' dir='ltr'><strong>ζήτη-</strong></span> 
     </span>
    </p>
   </div>
   <div class='ocr_carea' id='block_1_61' title="bbox 2314 2748 3939 2825">
    <p class='ocr_par' dir='ltr' id='par_1_61' title="bbox 2314 2748 3939 2825">
     <span class='ocr_line' id='line_1_61' title="bbox 2314 2748 3939 2825; baseline -0.004 -20"><span class='ocrx_word' id='word_1_402' title='bbox 2314 2771 2394 2813; x_wconf 88' lang='grc' dir='ltr'>σις</span> <span class='ocrx_word' id='word_1_403' title='bbox 2450 2749 2532 2817; x_wconf 74' lang='grc' dir='ltr'>ἦν,</span> <span class='ocrx_word' id='word_1_404' title='bbox 2588 2752 2632 2805; x_wconf 87' lang='grc' dir='ltr'>εἰ</span> <span class='ocrx_word' id='word_1_405' title='bbox 2681 2755 2746 2813; x_wconf 82' lang='grc' dir='ltr'>ὡς</span> <span class='ocrx_word' id='word_1_406' title='bbox 2794 2752 3093 2825; x_wconf 82' lang='grc' dir='ltr'>ἁμαρτωλοὶ</span> <span class='ocrx_word' id='word_1_407' title='bbox 3136 2755 3281 2825; x_wconf 78' lang='grc' dir='ltr'>παρὰ</span> <span class='ocrx_word' id='word_1_408' title='bbox 3316 2754 3525 2815; x_wconf 74' lang='grc' dir='ltr'>πάντας</span> <span class='ocrx_word' id='word_1_409' title='bbox 3560 2755 3671 2812; x_wconf 76' lang='grc' dir='ltr'>τοὺς</span> <span class='ocrx_word' id='word_1_410' title='bbox 3716 2749 3757 2801; x_wconf 75' lang='grc' dir='ltr'>ἓν</span> <span class='ocrx_word' id='word_1_411' title='bbox 3794 2748 3855 2798; x_wconf 86' lang='grc' dir='ltr'>Ἰε-</span> 
     </span>
    </p>
   </div>
   <div class='ocr_carea' id='block_1_62' title="bbox 2308 2837 3859 2916">
    <p class='ocr_par' dir='ltr' id='par_1_62' title="bbox 2308 2837 3859 2916">
     <span class='ocr_line' id='line_1_62' title="bbox 2308 2837 3859 2916; baseline 0.001 -24"><span class='ocrx_word' id='word_1_412' title='bbox 2308 2841 2583 2916; x_wconf 80' lang='grc' dir='ltr'>ρουσαλὴμ</span> <span class='ocrx_word' id='word_1_413' title='bbox 2626 2848 2859 2893; x_wconf 83' lang='grc' dir='ltr'>τοιοῦτον</span> <span class='ocrx_word' id='word_1_414' title='bbox 2908 2843 3094 2914; x_wconf 81' lang='grc' dir='ltr'>πικρὸν</span> <span class='ocrx_word' id='word_1_415' title='bbox 3128 2837 3371 2904; x_wconf 74' lang='grc' dir='ltr'>ἐδέξαντο</span> <span class='ocrx_word' id='word_1_416' title='bbox 3427 2841 3603 2904; x_wconf 69' lang='grc' dir='ltr'>τέλοςο</span> 
     </span>
    </p>
   </div>
   <div class='ocr_carea' id='block_1_63' title="bbox 2308 2930 3939 3005">
    <p class='ocr_par' dir='ltr' id='par_1_63' title="bbox 2308 2930 3939 3005">
     <span class='ocr_line' id='line_1_63' title="bbox 2308 2930 3939 3005; baseline -0.001 -22"><span class='ocrx_word' id='word_1_417' title='bbox 2308 2934 2409 3004; x_wconf 72' lang='grc' dir='ltr'>γὰρ</span> <span class='ocrx_word' id='word_1_418' title='bbox 2466 2938 2554 2982; x_wconf 74' lang='grc' dir='ltr'>νῦν</span> <span class='ocrx_word' id='word_1_419' title='bbox 2610 2934 2734 2991; x_wconf 79' lang='grc' dir='ltr'>τοὺς</span> <span class='ocrx_word' id='word_1_420' title='bbox 2797 2930 3132 3005; x_wconf 78' lang='grc' dir='ltr'>ἁμαρτωλοὺς</span> <span class='ocrx_word' id='word_1_421' title='bbox 3196 2930 3490 3003; x_wconf 80' lang='grc' dir='ltr'>ὠνόμασεν.</span> <span class='ocrx_word' id='word_1_422' title='bbox 3553 2932 3858 3000; x_wconf 61' lang='grc' dir='ltr'>’Δποφαίπταί</span> <span class='ocrx_word' id='word_1_423' title='bbox 3938 2930 3939 2967; x_wconf 40' lang='grc' dir='ltr'>Ὺ</span> 
     </span>
    </p>
   </div>
   <div class='ocr_carea' id='block_1_64' title="bbox 531 3014 2177 3104">
    <p class='ocr_par' dir='ltr' id='par_1_64' title="bbox 531 3018 2177 3094">
     <span class='ocr_line' id='line_1_64' title="bbox 531 3018 2177 3094; baseline -0.005 -15"><span class='ocrx_word' id='word_1_424' title='bbox 531 3022 753 3080; x_wconf 87' lang='lat' dir='ltr'>bitores</span> <span class='ocrx_word' id='word_1_425' title='bbox 773 3021 1093 3094; x_wconf 87' lang='lat' dir='ltr'>appellavit</span> <span class='ocrx_word' id='word_1_426' title='bbox 1114 3022 1477 3092; x_wconf 87' lang='lat' dir='ltr'>peccatores.</span> <span class='ocrx_word' id='word_1_427' title='bbox 1504 3018 1778 3076; x_wconf 87' lang='lat' dir='ltr'>Ostendit</span> <span class='ocrx_word' id='word_1_428' title='bbox 1803 3020 2007 3092; x_wconf 87' lang='lat' dir='ltr'>itaque</span> <span class='ocrx_word' id='word_1_429' title='bbox 2034 3022 2093 3074; x_wconf 90' lang='lat' dir='ltr'>et</span> <span class='ocrx_word' id='word_1_430' title='bbox 2123 3018 2177 3074; x_wconf 80' lang='lat' dir='ltr'>dt</span> 
     </span>
    </p>
   </div>
   <div class='ocr_carea' id='block_1_65' title="bbox 2312 3014 3857 3104">
    <p class='ocr_par' dir='ltr' id='par_1_65' title="bbox 2312 3014 3857 3095">
     <span class='ocr_line' id='line_1_65' title="bbox 2312 3014 3857 3095; baseline -0.004 -23"><span class='ocrx_word' id='word_1_431' title='bbox 2312 3026 2478 3072; x_wconf 81' lang='grc' dir='ltr'>τοίνυν</span> <span class='ocrx_word' id='word_1_432' title='bbox 2532 3025 2620 3071; x_wconf 80' lang='grc' dir='ltr'>καὶ</span> <span class='ocrx_word' id='word_1_433' title='bbox 2678 3024 2797 3093; x_wconf 81' lang='grc' dir='ltr'>περὶ</span> <span class='ocrx_word' id='word_1_434' title='bbox 2855 3020 3043 3084; x_wconf 66' lang='grc' dir='ltr'>αὐτῶν,</span> <span class='ocrx_word' id='word_1_435' title='bbox 3098 3025 3188 3072; x_wconf 84' lang='grc' dir='ltr'>καὶ</span> <span class='ocrx_word' id='word_1_436' title='bbox 3240 3016 3672 3095; x_wconf 77' lang='grc' dir='ltr'>διαμαρτύρεται,</span> <span class='ocrx_word' id='word_1_437' title='bbox 3721 3014 3857 3076; x_wconf 70' lang='grc' dir='ltr'>ὧςέὲτ</span> 
     </span>
    </p>
   </div>
   <div class='ocr_carea' id='block_1_66' title="bbox 534 3108 2195 3183">
    <p class='ocr_par' dir='ltr' id='par_1_66' title="bbox 534 3108 2195 3183">
     <span class='ocr_line' id='line_1_66' title="bbox 534 3108 2195 3183; baseline -0.003 -15"><span class='ocrx_word' id='word_1_438' title='bbox 534 3112 693 3183; x_wconf 89' lang='lat' dir='ltr'>ipsis,</span> <span class='ocrx_word' id='word_1_439' title='bbox 727 3127 798 3168; x_wconf 93' lang='lat' dir='ltr'>ac</span> <span class='ocrx_word' id='word_1_440' title='bbox 824 3114 1204 3183; x_wconf 78' lang='lat' dir='ltr'>protestetur,</span> <span class='ocrx_word' id='word_1_441' title='bbox 1235 3109 1395 3181; x_wconf 90' lang='lat' dir='ltr'>quod</span> <span class='ocrx_word' id='word_1_442' title='bbox 1434 3108 1547 3164; x_wconf 91' lang='lat' dir='ltr'>nisi</span> <span class='ocrx_word' id='word_1_443' title='bbox 1577 3110 2028 3174; x_wconf 85' lang='lat' dir='ltr'>convertantur,</span> <span class='ocrx_word' id='word_1_444' title='bbox 2071 3124 2195 3164; x_wconf 91' lang='lat' dir='ltr'>om-</span> 
     </span>
    </p>
   </div>
   <div class='ocr_carea' id='block_1_67' title="bbox 531 3197 2195 3272">
    <p class='ocr_par' dir='ltr' id='par_1_67' title="bbox 531 3197 2195 3272">
     <span class='ocr_line' id='line_1_67' title="bbox 531 3197 2195 3272; baseline -0.003 -14"><span class='ocrx_word' id='word_1_445' title='bbox 531 3217 640 3258; x_wconf 90' lang='lat' dir='ltr'>nes</span> <span class='ocrx_word' id='word_1_446' title='bbox 685 3200 955 3257; x_wconf 81' lang='lat' dir='ltr'>similiter</span> <span class='ocrx_word' id='word_1_447' title='bbox 1003 3199 1275 3272; x_wconf 88' lang='lat' dir='ltr'>peribunt</span> <span class='ocrx_word' id='word_1_448' title='bbox 1335 3197 1495 3254; x_wconf 86' lang='lat' dir='ltr'>:hoc</span> <span class='ocrx_word' id='word_1_449' title='bbox 1545 3202 1656 3267; x_wconf 88' lang='lat' dir='ltr'>est,</span> <span class='ocrx_word' id='word_1_450' title='bbox 1688 3202 1748 3254; x_wconf 90' lang='lat' dir='ltr'>et</span> <span class='ocrx_word' id='word_1_451' title='bbox 1771 3197 1885 3271; x_wconf 89' lang='lat' dir='ltr'>ipsi</span> <span class='ocrx_word' id='word_1_452' title='bbox 1907 3198 2195 3254; x_wconf 89' lang='lat' dir='ltr'>acerbum</span> 
     </span>
    </p>
   </div>
   <div class='ocr_carea' id='block_1_68' title="bbox 532 3287 2200 3363">
    <p class='ocr_par' dir='ltr' id='par_1_68' title="bbox 532 3287 2200 3363">
     <span class='ocr_line' id='line_1_68' title="bbox 532 3287 2200 3363; baseline -0.005 -16"><span class='ocrx_word' id='word_1_453' title='bbox 532 3291 827 3363; x_wconf 86' lang='lat' dir='ltr'>accipient</span> <span class='ocrx_word' id='word_1_454' title='bbox 844 3289 1044 3355; x_wconf 85' lang='lat' dir='ltr'>ﬁnem,</span> <span class='ocrx_word' id='word_1_455' title='bbox 1071 3288 1226 3343; x_wconf 88' lang='lat' dir='ltr'>sicut</span> <span class='ocrx_word' id='word_1_456' title='bbox 1244 3288 1425 3343; x_wconf 89' lang='lat' dir='ltr'>etiam</span> <span class='ocrx_word' id='word_1_457' title='bbox 1460 3291 1834 3360; x_wconf 85' lang='lat' dir='ltr'>acceperunt,</span> <span class='ocrx_word' id='word_1_458' title='bbox 1854 3303 1891 3344; x_wconf 89' lang='lat' dir='ltr'>a</span> <span class='ocrx_word' id='word_1_459' title='bbox 1915 3287 2200 3343; x_wconf 83' lang='lat' dir='ltr'>Romanis</span> 
     </span>
    </p>
   </div>
   <div class='ocr_carea' id='block_1_69' title="bbox 2309 3107 3939 3181">
    <p class='ocr_par' dir='ltr' id='par_1_69' title="bbox 2309 3107 3939 3181">
     <span class='ocr_line' id='line_1_69' title="bbox 2309 3107 3939 3181; baseline -0.004 -18"><span class='ocrx_word' id='word_1_460' title='bbox 2309 3114 2377 3181; x_wconf 83' lang='grc' dir='ltr'>μὴ</span> <span class='ocrx_word' id='word_1_461' title='bbox 2435 3108 2819 3177; x_wconf 78' lang='grc' dir='ltr'>μεταϐληθώσι,</span> <span class='ocrx_word' id='word_1_462' title='bbox 2874 3111 3058 3169; x_wconf 78' lang='grc' dir='ltr'>πάντες</span> <span class='ocrx_word' id='word_1_463' title='bbox 3107 3110 3297 3181; x_wconf 82' lang='grc' dir='ltr'>ὁμοίως</span> <span class='ocrx_word' id='word_1_464' title='bbox 3350 3108 3682 3169; x_wconf 71' lang='grc' dir='ltr'>ἀπολοῦνται,</span> <span class='ocrx_word' id='word_1_465' title='bbox 3730 3107 3859 3157; x_wconf 56' lang='lat' dir='ltr'>tauri</span> <span class='ocrx_word' id='word_1_466' title='bbox 3938 3170 3939 3177; x_wconf 13' lang='grc' dir='ltr'>γ</span> 
     </span>
    </p>
   </div>
   <div class='ocr_carea' id='block_1_70' title="bbox 2311 3194 3858 3272">
    <p class='ocr_par' dir='ltr' id='par_1_70' title="bbox 2311 3194 3858 3272">
     <span class='ocr_line' id='line_1_70' title="bbox 2311 3194 3858 3272; baseline 0 -22"><span class='ocrx_word' id='word_1_467' title='bbox 2311 3218 2417 3259; x_wconf 83' lang='grc' dir='ltr'>στι,</span> <span class='ocrx_word' id='word_1_468' title='bbox 2477 3204 2566 3250; x_wconf 83' lang='grc' dir='ltr'>καὶ</span> <span class='ocrx_word' id='word_1_469' title='bbox 2631 3198 2777 3250; x_wconf 69' lang='grc' dir='ltr'>αὐτοὶ</span> <span class='ocrx_word' id='word_1_470' title='bbox 2829 3201 3015 3272; x_wconf 79' lang='grc' dir='ltr'>πικρὸν</span> <span class='ocrx_word' id='word_1_471' title='bbox 3078 3199 3191 3269; x_wconf 79' lang='lat'>(35)</span> <span class='ocrx_word' id='word_1_472' title='bbox 3254 3194 3501 3261; x_wconf 76' lang='grc' dir='ltr'>δέξονται</span> <span class='ocrx_word' id='word_1_473' title='bbox 3566 3197 3714 3257; x_wconf 72' lang='grc' dir='ltr'>τέλος,</span> <span class='ocrx_word' id='word_1_474' title='bbox 3768 3196 3858 3264; x_wconf 67' lang='grc' dir='ltr'>ὅπερ</span> 
     </span>
    </p>
   </div>
   <div class='ocr_carea' id='block_1_71' title="bbox 2308 3284 3861 3359">
    <p class='ocr_par' dir='ltr' id='par_1_71' title="bbox 2308 3284 3861 3359">
     <span class='ocr_line' id='line_1_71' title="bbox 2308 3284 3861 3359; baseline -0.001 -21"><span class='ocrx_word' id='word_1_475' title='bbox 2308 3290 2554 3349; x_wconf 75' lang='grc' dir='ltr'>ὡσαύτως</span> <span class='ocrx_word' id='word_1_476' title='bbox 2607 3284 2869 3355; x_wconf 74' lang='grc' dir='ltr'>ἐδέξαντο,</span> <span class='ocrx_word' id='word_1_477' title='bbox 2928 3287 3169 3359; x_wconf 76' lang='grc' dir='ltr'>χαλεπῶς</span> <span class='ocrx_word' id='word_1_478' title='bbox 3218 3286 3621 3350; x_wconf 77' lang='grc' dir='ltr'>ἇξαναλωθέντες</span> <span class='ocrx_word' id='word_1_479' title='bbox 3671 3288 3755 3338; x_wconf 74' lang='grc' dir='ltr'>ὑπὸ</span> <span class='ocrx_word' id='word_1_480' title='bbox 3792 3290 3861 3333; x_wconf 68' lang='grc' dir='ltr'>τᾶν</span> 
     </span>
    </p>
   </div>
   <div class='ocr_carea' id='block_1_72' title="bbox 2306 3375 3857 3450">
    <p class='ocr_par' dir='ltr' id='par_1_72' title="bbox 2306 3375 3857 3450">
     <span class='ocr_line' id='line_1_72' title="bbox 2306 3375 3857 3450; baseline -0.003 -20"><span class='ocrx_word' id='word_1_481' title='bbox 2306 3377 2589 3450; x_wconf 84' lang='grc' dir='ltr'>Ῥωμαίων.</span> <span class='ocrx_word' id='word_1_482' title='bbox 2664 3378 3002 3449; x_wconf 82' lang='grc' dir='ltr'>Μανθάνομεν</span> <span class='ocrx_word' id='word_1_483' title='bbox 3062 3376 3150 3429; x_wconf 78' lang='grc' dir='ltr'>οὖν</span> <span class='ocrx_word' id='word_1_484' title='bbox 3201 3375 3459 3445; x_wconf 71' lang='grc' dir='ltr'>ἐντεῦθεν,</span> <span class='ocrx_word' id='word_1_485' title='bbox 3518 3379 3585 3439; x_wconf 83' lang='grc' dir='ltr'>ὡς</span> <span class='ocrx_word' id='word_1_486' title='bbox 3640 3378 3667 3434; x_wconf 69' lang='grc' dir='ltr'>ἡ</span> <span class='ocrx_word' id='word_1_487' title='bbox 3716 3376 3857 3445; x_wconf 64' lang='lat' dir='ltr'>prpeti:</span> 
     </span>
    </p>
   </div>
   <div class='ocr_carea' id='block_1_73' title="bbox 2307 3463 3865 3539">
    <p class='ocr_par' dir='ltr' id='par_1_73' title="bbox 2307 3463 3865 3539">
     <span class='ocr_line' id='line_1_73' title="bbox 2307 3463 3865 3539; baseline -0.004 -20"><span class='ocrx_word' id='word_1_488' title='bbox 2307 3475 2405 3519; x_wconf 81' lang='grc' dir='ltr'>τῶν</span> <span class='ocrx_word' id='word_1_489' title='bbox 2474 3463 2705 3538; x_wconf 74' lang='grc' dir='ltr'>ἀδελφῶν</span> <span class='ocrx_word' id='word_1_490' title='bbox 2771 3468 2916 3538; x_wconf 77' lang='grc' dir='ltr'>ἡμῶν</span> <span class='ocrx_word' id='word_1_491' title='bbox 2972 3464 3325 3538; x_wconf 79' lang='grc' dir='ltr'>ἓξολόθρευσις</span> <span class='ocrx_word' id='word_1_492' title='bbox 3383 3463 3583 3539; x_wconf 74' lang='grc' dir='ltr'>δεῖγμα</span> <span class='ocrx_word' id='word_1_493' title='bbox 3631 3473 3713 3524; x_wconf 75' lang='grc' dir='ltr'>τῆς</span> <span class='ocrx_word' id='word_1_494' title='bbox 3762 3463 3865 3513; x_wconf 67' lang='grc' dir='ltr'>κατὰ</span> 
     </span>
    </p>
   </div>
   <div class='ocr_carea' id='block_1_74' title="bbox 2305 3552 3862 3629">
    <p class='ocr_par' dir='ltr' id='par_1_74' title="bbox 2305 3552 3862 3629">
     <span class='ocr_line' id='line_1_74' title="bbox 2305 3552 3862 3629; baseline 0.001 -21"><span class='ocrx_word' id='word_1_495' title='bbox 2305 3559 2509 3609; x_wconf 77' lang='grc' dir='ltr'>πάντων</span> <span class='ocrx_word' id='word_1_496' title='bbox 2556 3558 2693 3616; x_wconf 84' lang='grc' dir='ltr'>θείας</span> <span class='ocrx_word' id='word_1_497' title='bbox 2751 3555 2911 3628; x_wconf 71' lang='grc' dir='ltr'>ὀργῆς</span> <span class='ocrx_word' id='word_1_498' title='bbox 2941 3553 3075 3621; x_wconf 85' lang='grc' dir='ltr'>ἐστι,</span> <span class='ocrx_word' id='word_1_499' title='bbox 3124 3559 3257 3629; x_wconf 81' lang='grc' dir='ltr'>πρὸς</span> <span class='ocrx_word' id='word_1_500' title='bbox 3305 3552 3602 3620; x_wconf 80' lang='grc' dir='ltr'>διόρθωσιν</span> <span class='ocrx_word' id='word_1_501' title='bbox 3645 3556 3769 3625; x_wconf 64' lang='grc' dir='ltr'>ἡμῶν</span> <span class='ocrx_word' id='word_1_502' title='bbox 3805 3569 3862 3619; x_wconf 80' lang='grc' dir='ltr'>ῖι·</span> 
     </span>
    </p>
   </div>
   <div class='ocr_carea' id='block_1_75' title="bbox 2304 3636 3860 3717">
    <p class='ocr_par' dir='ltr' id='par_1_75' title="bbox 2304 3636 3860 3717">
     <span class='ocr_line' id='line_1_75' title="bbox 2304 3636 3860 3717; baseline -0.003 -20"><span class='ocrx_word' id='word_1_503' title='bbox 2304 3650 2509 3717; x_wconf 63' lang='grc' dir='ltr'>νομέδη,</span> <span class='ocrx_word' id='word_1_504' title='bbox 2544 3641 2638 3697; x_wconf 77' lang='grc' dir='ltr'>διὰ</span> <span class='ocrx_word' id='word_1_505' title='bbox 2678 3650 2771 3702; x_wconf 73' lang='grc' dir='ltr'>τὴν</span> <span class='ocrx_word' id='word_1_506' title='bbox 2820 3645 2984 3716; x_wconf 75' lang='grc' dir='ltr'>ἄκραν</span> <span class='ocrx_word' id='word_1_507' title='bbox 3030 3646 3336 3715; x_wconf 75' lang='grc' dir='ltr'>άγαθότητα</span> <span class='ocrx_word' id='word_1_508' title='bbox 3385 3653 3483 3697; x_wconf 74' lang='grc' dir='ltr'>τοῦ</span> <span class='ocrx_word' id='word_1_509' title='bbox 3535 3646 3777 3711; x_wconf 72' lang='grc' dir='ltr'>Θεοῡ,καὶ</span> <span class='ocrx_word' id='word_1_510' title='bbox 3818 3636 3860 3689; x_wconf 64' lang='grc' dir='ltr'>οὗ</span> 
     </span>
    </p>
   </div>
   <div class='ocr_carea' id='block_1_76' title="bbox 532 3376 2196 3451">
    <p class='ocr_par' dir='ltr' id='par_1_76' title="bbox 532 3376 2196 3451">
     <span class='ocr_line' id='line_1_76' title="bbox 532 3376 2196 3451; baseline -0.003 -15"><span class='ocrx_word' id='word_1_511' title='bbox 532 3382 747 3436; x_wconf 89' lang='lat' dir='ltr'>misere</span> <span class='ocrx_word' id='word_1_512' title='bbox 772 3380 950 3451; x_wconf 83' lang='lat' dir='ltr'>capti.</span> <span class='ocrx_word' id='word_1_513' title='bbox 971 3379 1114 3433; x_wconf 86' lang='lat' dir='ltr'>Hinc</span> <span class='ocrx_word' id='word_1_514' title='bbox 1135 3392 1277 3447; x_wconf 90' lang='lat' dir='ltr'>ergo</span> <span class='ocrx_word' id='word_1_515' title='bbox 1300 3376 1624 3443; x_wconf 88' lang='lat' dir='ltr'>discamus,</span> <span class='ocrx_word' id='word_1_516' title='bbox 1652 3381 1816 3449; x_wconf 90' lang='lat' dir='ltr'>quod</span> <span class='ocrx_word' id='word_1_517' title='bbox 1845 3376 2196 3449; x_wconf 89' lang='lat' dir='ltr'>temporalis</span> 
     </span>
    </p>
   </div>
   <div class='ocr_carea' id='block_1_77' title="bbox 528 3466 2198 3526">
    <p class='ocr_par' dir='ltr' id='par_1_77' title="bbox 528 3466 2198 3526">
     <span class='ocr_line' id='line_1_77' title="bbox 528 3466 2198 3526; baseline -0.004 0"><span class='ocrx_word' id='word_1_518' title='bbox 528 3470 773 3526; x_wconf 84' lang='lat' dir='ltr'>fratrum</span> <span class='ocrx_word' id='word_1_519' title='bbox 804 3473 1147 3525; x_wconf 91' lang='lat' dir='ltr'>nostrorum</span> <span class='ocrx_word' id='word_1_520' title='bbox 1176 3466 1593 3522; x_wconf 82' lang='lat' dir='ltr'>exterminatio</span> <span class='ocrx_word' id='word_1_521' title='bbox 1640 3467 1856 3523; x_wconf 68' lang='lat' dir='ltr'>divina:</span> <span class='ocrx_word' id='word_1_522' title='bbox 1907 3467 1968 3523; x_wconf 90' lang='lat' dir='ltr'>in</span> <span class='ocrx_word' id='word_1_523' title='bbox 1985 3481 2198 3523; x_wconf 90' lang='lat' dir='ltr'>omnes</span> 
     </span>
    </p>
   </div>
   <div class='ocr_carea' id='block_1_78' title="bbox 529 3555 2195 3630">
    <p class='ocr_par' dir='ltr' id='par_1_78' title="bbox 529 3555 2195 3630">
     <span class='ocr_line' id='line_1_78' title="bbox 529 3555 2195 3630; baseline -0.003 -15"><span class='ocrx_word' id='word_1_524' title='bbox 529 3560 631 3615; x_wconf 72' lang='lat' dir='ltr'>irae</span> <span class='ocrx_word' id='word_1_525' title='bbox 657 3558 1000 3630; x_wconf 80' lang='lat' dir='ltr'>exemplum</span> <span class='ocrx_word' id='word_1_526' title='bbox 1027 3563 1132 3623; x_wconf 88' lang='lat' dir='ltr'>est,</span> <span class='ocrx_word' id='word_1_527' title='bbox 1157 3557 1313 3612; x_wconf 75' lang='lat' dir='ltr'>facta</span> <span class='ocrx_word' id='word_1_528' title='bbox 1338 3555 1416 3610; x_wconf 88' lang='lat' dir='ltr'>ad</span> <span class='ocrx_word' id='word_1_529' title='bbox 1439 3555 1876 3612; x_wconf 85' lang='lat' dir='ltr'>correctionem</span> <span class='ocrx_word' id='word_1_530' title='bbox 1904 3561 2195 3623; x_wconf 89' lang='lat' dir='ltr'>nostram,</span> 
     </span>
    </p>
   </div>
   <div class='ocr_carea' id='block_1_79' title="bbox 531 3644 2199 3721">
    <p class='ocr_par' dir='ltr' id='par_1_79' title="bbox 531 3644 2199 3721">
     <span class='ocr_line' id='line_1_79' title="bbox 531 3644 2199 3721; baseline -0.003 -17"><span class='ocrx_word' id='word_1_531' title='bbox 531 3651 776 3721; x_wconf 87' lang='lat' dir='ltr'>propter</span> <span class='ocrx_word' id='word_1_532' title='bbox 802 3663 1094 3703; x_wconf 88' lang='lat' dir='ltr'>summam</span> <span class='ocrx_word' id='word_1_533' title='bbox 1125 3645 1223 3700; x_wconf 92' lang='lat' dir='ltr'>Dei</span> <span class='ocrx_word' id='word_1_534' title='bbox 1268 3644 1620 3711; x_wconf 88' lang='lat' dir='ltr'>bonitatem,</span> <span class='ocrx_word' id='word_1_535' title='bbox 1647 3661 1768 3701; x_wconf 88' lang='lat' dir='ltr'>non</span> <span class='ocrx_word' id='word_1_536' title='bbox 1801 3647 2043 3717; x_wconf 89' lang='lat' dir='ltr'>propter</span> <span class='ocrx_word' id='word_1_537' title='bbox 2072 3644 2199 3700; x_wconf 90' lang='lat' dir='ltr'>sola</span> 
     </span>
    </p>
   </div>
   <div class='ocr_carea' id='block_1_80' title="bbox 529 3732 2197 3808">
    <p class='ocr_par' dir='ltr' id='par_1_80' title="bbox 529 3732 2197 3808">
     <span class='ocr_line' id='line_1_80' title="bbox 529 3732 2197 3808; baseline -0.002 -15"><span class='ocrx_word' id='word_1_538' title='bbox 529 3737 769 3793; x_wconf 92' lang='lat' dir='ltr'>illorum</span> <span class='ocrx_word' id='word_1_539' title='bbox 798 3740 1061 3808; x_wconf 87' lang='lat' dir='ltr'>peccata.</span> <span class='ocrx_word' id='word_1_540' title='bbox 1104 3732 1322 3790; x_wconf 88' lang='lat' dir='ltr'>Deinde</span> <span class='ocrx_word' id='word_1_541' title='bbox 1352 3736 1409 3788; x_wconf 89' lang='lat' dir='ltr'>et</span> <span class='ocrx_word' id='word_1_542' title='bbox 1449 3733 1800 3806; x_wconf 86' lang='lat' dir='ltr'>parabolam</span> <span class='ocrx_word' id='word_1_543' title='bbox 1843 3732 2032 3801; x_wconf 87' lang='lat' dir='ltr'>affert,</span> <span class='ocrx_word' id='word_1_544' title='bbox 2073 3749 2197 3806; x_wconf 90' lang='lat' dir='ltr'>qua</span> 
     </span>
    </p>
   </div>
   <div class='ocr_carea' id='block_1_81' title="bbox 526 3823 1908 3898">
    <p class='ocr_par' dir='ltr' id='par_1_81' title="bbox 526 3823 1908 3898">
     <span class='ocr_line' id='line_1_81' title="bbox 526 3823 1908 3898; baseline -0.003 -15"><span class='ocrx_word' id='word_1_545' title='bbox 526 3825 829 3890; x_wconf 88' lang='lat' dir='ltr'>ostendat,</span> <span class='ocrx_word' id='word_1_546' title='bbox 856 3824 1021 3898; x_wconf 90' lang='lat' dir='ltr'>quod</span> <span class='ocrx_word' id='word_1_547' title='bbox 1051 3823 1163 3880; x_wconf 90' lang='lat' dir='ltr'>nisi</span> <span class='ocrx_word' id='word_1_548' title='bbox 1191 3823 1568 3895; x_wconf 90' lang='lat' dir='ltr'>resipuerint,</span> <span class='ocrx_word' id='word_1_549' title='bbox 1613 3823 1908 3897; x_wconf 90' lang='lat' dir='ltr'>peribunt.</span> 
     </span>
    </p>
   </div>
   <div class='ocr_carea' id='block_1_82' title="bbox 2307 3732 3856 3808">
    <p class='ocr_par' dir='ltr' id='par_1_82' title="bbox 2307 3732 3856 3808">
     <span class='ocr_line' id='line_1_82' title="bbox 2307 3732 3856 3808; baseline -0.006 -20"><span class='ocrx_word' id='word_1_550' title='bbox 2307 3732 2400 3788; x_wconf 77' lang='grc' dir='ltr'>διὰ</span> <span class='ocrx_word' id='word_1_551' title='bbox 2451 3740 2607 3808; x_wconf 85' lang='grc' dir='ltr'>μόνας</span> <span class='ocrx_word' id='word_1_552' title='bbox 2663 3738 2751 3794; x_wconf 77' lang='grc' dir='ltr'>τας</span> <span class='ocrx_word' id='word_1_553' title='bbox 2807 3732 3008 3786; x_wconf 76' lang='grc' dir='ltr'>ἐκείνων</span> <span class='ocrx_word' id='word_1_554' title='bbox 3075 3734 3341 3806; x_wconf 77' lang='grc' dir='ltr'>ἁμαρτίας</span> <span class='ocrx_word' id='word_1_555' title='bbox 3400 3734 3583 3795; x_wconf 70' lang='grc' dir='ltr'>αὐτοῖς</span> <span class='ocrx_word' id='word_1_556' title='bbox 3643 3733 3856 3801; x_wconf 68' lang='grc' dir='ltr'>ἐπάγεται.</span> 
     </span>
    </p>
   </div>
   <div class='ocr_carea' id='block_1_83' title="bbox 2308 3819 3860 3896">
    <p class='ocr_par' dir='ltr' id='par_1_83' title="bbox 2308 3819 3860 3896">
     <span class='ocr_line' id='line_1_83' title="bbox 2308 3819 3860 3896; baseline -0.004 -19"><span class='ocrx_word' id='word_1_557' title='bbox 2308 3823 2434 3877; x_wconf 77' lang='grc' dir='ltr'>Εἶτα</span> <span class='ocrx_word' id='word_1_558' title='bbox 2472 3826 2656 3882; x_wconf 77' lang='grc' dir='ltr'>τίθησι</span> <span class='ocrx_word' id='word_1_559' title='bbox 2702 3827 2791 3875; x_wconf 82' lang='grc' dir='ltr'>καὶ</span> <span class='ocrx_word' id='word_1_560' title='bbox 2821 3821 3123 3896; x_wconf 71' lang='grc' dir='ltr'>παραϐολὴν</span> <span class='ocrx_word' id='word_1_561' title='bbox 3180 3822 3567 3895; x_wconf 69' lang='grc' dir='ltr'>ἐμφαίνουσαν,</span> <span class='ocrx_word' id='word_1_562' title='bbox 3621 3824 3683 3883; x_wconf 78' lang='grc' dir='ltr'>ως</span> <span class='ocrx_word' id='word_1_563' title='bbox 3730 3819 3767 3872; x_wconf 82' lang='grc' dir='ltr'>εἰ</span> <span class='ocrx_word' id='word_1_564' title='bbox 3808 3820 3860 3888; x_wconf 69' lang='grc' dir='ltr'>μὲ</span> 
     </span>
    </p>
   </div>
   <div class='ocr_carea' id='block_1_84' title="bbox 2304 3911 3088 3987">
    <p class='ocr_par' dir='ltr' id='par_1_84' title="bbox 2304 3911 3088 3987">
     <span class='ocr_line' id='line_1_84' title="bbox 2304 3911 3088 3987; baseline -0.004 -21"><span class='ocrx_word' id='word_1_565' title='bbox 2304 3913 2719 3987; x_wconf 58' lang='grc' dir='ltr'>μεταῶηθὼσιν,</span> <span class='ocrx_word' id='word_1_566' title='bbox 2756 3911 3088 3969; x_wconf 77' lang='grc' dir='ltr'>ἀπολοῦνται,</span> 
     </span>
    </p>
   </div>
   <div class='ocr_carea' id='block_1_85' title="bbox 2376 3998 3865 4077">
    <p class='ocr_par' dir='ltr' id='par_1_85' title="bbox 2376 3998 3865 4077">
     <span class='ocr_line' id='line_1_85' title="bbox 2376 3998 3865 4077; baseline -0.004 -22"><span class='ocrx_word' id='word_1_567' title='bbox 2376 4002 2548 4074; x_wconf 76' lang='grc' dir='ltr'>Ἔλεγε</span> <span class='ocrx_word' id='word_1_568' title='bbox 2611 3999 2670 4055; x_wconf 71' lang='grc' dir='ltr'>δὲ</span> <span class='ocrx_word' id='word_1_569' title='bbox 2724 4033 2789 4043; x_wconf 90' lang='grc'><strong>-</strong></span> <span class='ocrx_word' id='word_1_570' title='bbox 2846 4009 3132 4075; x_wconf 77' lang='grc' dir='ltr'>καταργεῖ;</span> <span class='ocrx_word' id='word_1_571' title='bbox 3188 4008 3361 4061; x_wconf 77' lang='grc' dir='ltr'>Συκῆν</span> <span class='ocrx_word' id='word_1_572' title='bbox 3418 4002 3536 4077; x_wconf 85' lang='grc'>(36)</span> <span class='ocrx_word' id='word_1_573' title='bbox 3606 4003 3688 4075; x_wconf 72' lang='grc' dir='ltr'>μὲν</span> <span class='ocrx_word' id='word_1_574' title='bbox 3736 3998 3865 4067; x_wconf 61' lang='grc' dir='ltr'>ἄκαρ-</span> 
     </span>
    </p>
   </div>
   <div class='ocr_carea' id='block_1_86' title="bbox 2304 4083 3863 4163">
    <p class='ocr_par' dir='ltr' id='par_1_86' title="bbox 2304 4083 3863 4163">
     <span class='ocr_line' id='line_1_86' title="bbox 2304 4083 3863 4163; baseline -0.008 -18"><span class='ocrx_word' id='word_1_575' title='bbox 2304 4112 2398 4145; x_wconf 87' lang='grc' dir='ltr'>πον</span> <span class='ocrx_word' id='word_1_576' title='bbox 2439 4089 2699 4150; x_wconf 74' lang='grc' dir='ltr'>ὑποδηλοῑ</span> <span class='ocrx_word' id='word_1_577' title='bbox 2754 4096 2848 4151; x_wconf 78' lang='grc' dir='ltr'>τὴν</span> <span class='ocrx_word' id='word_1_578' title='bbox 2903 4095 3213 4163; x_wconf 71' lang='grc' dir='ltr'>Συναγωγήν</span> <span class='ocrx_word' id='word_1_579' title='bbox 3268 4100 3376 4144; x_wconf 77' lang='grc' dir='ltr'>τῶν</span> <span class='ocrx_word' id='word_1_580' title='bbox 3443 4089 3721 4155; x_wconf 75' lang='grc' dir='ltr'>Ἰουδαίων,</span> <span class='ocrx_word' id='word_1_581' title='bbox 3772 4083 3863 4156; x_wconf 48' lang='lat' dir='ltr'>ei):</span> 
     </span>
    </p>
   </div>
   <div class='ocr_carea' id='block_1_87' title="bbox 600 3998 2194 4072">
    <p class='ocr_par' dir='ltr' id='par_1_87' title="bbox 600 3998 2194 4072">
     <span class='ocr_line' id='line_1_87' title="bbox 600 3998 2194 4072; baseline 0.001 -17"><span class='ocrx_word' id='word_1_582' title='bbox 600 4004 764 4059; x_wconf 91' lang='lat' dir='ltr'>Vers.</span> <span class='ocrx_word' id='word_1_583' title='bbox 827 4003 886 4061; x_wconf 89' lang='lat'>6.</span> <span class='ocrx_word' id='word_1_584' title='bbox 933 4002 1091 4059; x_wconf 74' lang='lat' dir='ltr'>Dixit</span> <span class='ocrx_word' id='word_1_585' title='bbox 1136 4006 1331 4059; x_wconf 81' lang='lat' dir='ltr'>autem</span> <span class='ocrx_word' id='word_1_586' title='bbox 1361 4032 1431 4043; x_wconf 95' lang='lat'>—</span> <span class='ocrx_word' id='word_1_587' title='bbox 1471 4001 1638 4057; x_wconf 91' lang='lat' dir='ltr'>Vers.</span> <span class='ocrx_word' id='word_1_588' title='bbox 1684 4002 1737 4053; x_wconf 87' lang='lat'>7.</span> <span class='ocrx_word' id='word_1_589' title='bbox 1766 4005 2011 4072; x_wconf 80' lang='lat' dir='ltr'>occupat</span> <span class='ocrx_word' id='word_1_590' title='bbox 2038 3998 2194 4057; x_wconf 80' lang='lat' dir='ltr'>?Per</span> 
     </span>
    </p>
   </div>
   <div class='ocr_carea' id='block_1_88' title="bbox 525 4091 2190 4165">
    <p class='ocr_par' dir='ltr' id='par_1_88' title="bbox 525 4091 2190 4165">
     <span class='ocr_line' id='line_1_88' title="bbox 525 4091 2190 4165; baseline -0.001 -16"><span class='ocrx_word' id='word_1_591' title='bbox 525 4093 699 4150; x_wconf 83' lang='lat' dir='ltr'>ﬁcum</span> <span class='ocrx_word' id='word_1_592' title='bbox 728 4092 1129 4165; x_wconf 87' lang='lat' dir='ltr'>infrugiferam</span> <span class='ocrx_word' id='word_1_593' title='bbox 1153 4093 1254 4163; x_wconf 89' lang='lat' dir='ltr'>(m)</span> <span class='ocrx_word' id='word_1_594' title='bbox 1286 4091 1515 4148; x_wconf 90' lang='lat' dir='ltr'>indicat</span> <span class='ocrx_word' id='word_1_595' title='bbox 1543 4092 1928 4163; x_wconf 85' lang='lat' dir='ltr'>Synagogam</span> <span class='ocrx_word' id='word_1_596' title='bbox 1957 4091 2190 4147; x_wconf 71' lang='lat' dir='ltr'>Iudaeo-</span> 
     </span>
    </p>
   </div>
   <div class='ocr_carea' id='block_1_89' title="bbox 528 4177 2177 4255">
    <p class='ocr_par' dir='ltr' id='par_1_89' title="bbox 528 4179 2177 4255">
     <span class='ocr_line' id='line_1_89' title="bbox 528 4179 2177 4255; baseline -0.005 -14"><span class='ocrx_word' id='word_1_597' title='bbox 528 4201 683 4253; x_wconf 88' lang='lat' dir='ltr'>rum,</span> <span class='ocrx_word' id='word_1_598' title='bbox 708 4183 859 4240; x_wconf 84' lang='lat' dir='ltr'>foliis</span> <span class='ocrx_word' id='word_1_599' title='bbox 875 4182 1120 4255; x_wconf 88' lang='lat' dir='ltr'>quidem</span> <span class='ocrx_word' id='word_1_600' title='bbox 1138 4181 1545 4238; x_wconf 86' lang='lat' dir='ltr'>lascivientem</span> <span class='ocrx_word' id='word_1_601' title='bbox 1572 4196 1638 4235; x_wconf 85' lang='lat' dir='ltr'>ac</span> <span class='ocrx_word' id='word_1_602' title='bbox 1659 4179 1969 4246; x_wconf 88' lang='lat' dir='ltr'>virentem,</span> <span class='ocrx_word' id='word_1_603' title='bbox 1999 4180 2177 4236; x_wconf 69' lang='lat' dir='ltr'>verbis</span> 
     </span>
    </p>
   </div>
   <div class='ocr_carea' id='block_1_90' title="bbox 2312 4177 3864 4255">
    <p class='ocr_par' dir='ltr' id='par_1_90' title="bbox 2312 4177 3864 4255">
     <span class='ocr_line' id='line_1_90' title="bbox 2312 4177 3864 4255; baseline -0.003 -21"><span class='ocrx_word' id='word_1_604' title='bbox 2312 4184 2412 4244; x_wconf 65' lang='grc' dir='ltr'>λοις</span> <span class='ocrx_word' id='word_1_605' title='bbox 2476 4185 2567 4254; x_wconf 69' lang='grc' dir='ltr'>μεν</span> <span class='ocrx_word' id='word_1_606' title='bbox 2637 4190 2883 4255; x_wconf 84' lang='grc' dir='ltr'>κομῶσαν</span> <span class='ocrx_word' id='word_1_607' title='bbox 2947 4185 3037 4233; x_wconf 82' lang='grc' dir='ltr'>καὶ</span> <span class='ocrx_word' id='word_1_608' title='bbox 3103 4180 3427 4251; x_wconf 77' lang='grc' dir='ltr'>θάλλουσαν,</span> <span class='ocrx_word' id='word_1_609' title='bbox 3496 4185 3674 4245; x_wconf 82' lang='grc' dir='ltr'>εῖτονν,</span> <span class='ocrx_word' id='word_1_610' title='bbox 3731 4177 3864 4245; x_wconf 72' lang='grc' dir='ltr'>λότθις</span> 
     </span>
    </p>
   </div>
   <div class='ocr_carea' id='block_1_91' title="bbox 526 4266 2177 4347">
    <p class='ocr_par' dir='ltr' id='par_1_91' title="bbox 526 4269 2177 4346">
     <span class='ocr_line' id='line_1_91' title="bbox 526 4269 2177 4346; baseline -0.004 -15"><span class='ocrx_word' id='word_1_611' title='bbox 526 4274 796 4331; x_wconf 88' lang='lat' dir='ltr'>videlicet</span> <span class='ocrx_word' id='word_1_612' title='bbox 823 4273 1115 4346; x_wconf 87' lang='lat' dir='ltr'>legalibus</span> <span class='ocrx_word' id='word_1_613' title='bbox 1137 4287 1207 4328; x_wconf 89' lang='lat' dir='ltr'>ac</span> <span class='ocrx_word' id='word_1_614' title='bbox 1233 4269 1616 4343; x_wconf 89' lang='lat' dir='ltr'>propheticis,</span> <span class='ocrx_word' id='word_1_615' title='bbox 1643 4269 1748 4325; x_wconf 92' lang='lat' dir='ltr'>sed</span> <span class='ocrx_word' id='word_1_616' title='bbox 1779 4269 2039 4325; x_wconf 85' lang='lat' dir='ltr'>fructum</span> <span class='ocrx_word' id='word_1_617' title='bbox 2071 4284 2177 4325; x_wconf 76' lang='lat' dir='ltr'>nor</span> 
     </span>
    </p>
   </div>
   <div class='ocr_carea' id='block_1_92' title="bbox 2312 4266 3862 4347">
    <p class='ocr_par' dir='ltr' id='par_1_92' title="bbox 2312 4266 3862 4347">
     <span class='ocr_line' id='line_1_92' title="bbox 2312 4266 3862 4347; baseline -0.005 -24"><span class='ocrx_word' id='word_1_618' title='bbox 2312 4279 2533 4343; x_wconf 74' lang='grc' dir='ltr'>νομικοῖς</span> <span class='ocrx_word' id='word_1_619' title='bbox 2575 4276 2664 4324; x_wconf 83' lang='grc' dir='ltr'>καὶ</span> <span class='ocrx_word' id='word_1_620' title='bbox 2718 4266 3097 4343; x_wconf 76' lang='grc' dir='ltr'>προφητικοῖς·</span> <span class='ocrx_word' id='word_1_621' title='bbox 3145 4274 3353 4347; x_wconf 75' lang='grc' dir='ltr'>καρπὸν</span> <span class='ocrx_word' id='word_1_622' title='bbox 3409 4268 3475 4324; x_wconf 67' lang='lat' dir='ltr'>3‘s</span> <span class='ocrx_word' id='word_1_623' title='bbox 3509 4277 3583 4345; x_wconf 80' lang='grc' dir='ltr'>μὴ</span> <span class='ocrx_word' id='word_1_624' title='bbox 3639 4275 3862 4343; x_wconf 70' lang='grc' dir='ltr'>φέρουσαν,</span> 
     </span>
    </p>
   </div>
   <div class='ocr_carea' id='block_1_93' title="bbox 527 4354 2177 4460">
    <p class='ocr_par' dir='ltr' id='par_1_93' title="bbox 527 4359 2169 4437">
     <span class='ocr_line' id='line_1_93' title="bbox 527 4359 2169 4437; baseline -0.004 -16"><span class='ocrx_word' id='word_1_625' title='bbox 527 4364 833 4430; x_wconf 87' lang='lat' dir='ltr'>ferentem,</span> <span class='ocrx_word' id='word_1_626' title='bbox 852 4368 1018 4436; x_wconf 90' lang='lat' dir='ltr'>puta,</span> <span class='ocrx_word' id='word_1_627' title='bbox 1039 4361 1335 4437; x_wconf 73' lang='lat' dir='ltr'>virtutem.</span> <span class='ocrx_word' id='word_1_628' title='bbox 1355 4359 1544 4416; x_wconf 88' lang='lat' dir='ltr'>Vinea</span> <span class='ocrx_word' id='word_1_629' title='bbox 1572 4365 1770 4415; x_wconf 90' lang='lat' dir='ltr'>autem</span> <span class='ocrx_word' id='word_1_630' title='bbox 1792 4359 2058 4414; x_wconf 88' lang='lat' dir='ltr'>mundus</span> <span class='ocrx_word' id='word_1_631' title='bbox 2079 4368 2169 4415; x_wconf 84' lang='lat' dir='ltr'>est</span> 
     </span>
    </p>
   </div>
   <div class='ocr_carea' id='block_1_94' title="bbox 2312 4354 3939 4460">
    <p class='ocr_par' dir='ltr' id='par_1_94' title="bbox 2312 4354 3939 4451">
     <span class='ocr_line' id='line_1_94' title="bbox 2312 4354 3939 4451; baseline -0.003 -38"><span class='ocrx_word' id='word_1_632' title='bbox 2312 4366 2487 4432; x_wconf 71' lang='grc' dir='ltr'>ἤγουν,</span> <span class='ocrx_word' id='word_1_633' title='bbox 2522 4360 2717 4434; x_wconf 78' lang='grc' dir='ltr'>ἀρετήν.</span> <span class='ocrx_word' id='word_1_634' title='bbox 2765 4359 3028 4432; x_wconf 79' lang='grc' dir='ltr'>Ἀμπελὼν</span> <span class='ocrx_word' id='word_1_635' title='bbox 3068 4355 3147 4425; x_wconf 66' lang='grc' dir='ltr'>δὲ,</span> <span class='ocrx_word' id='word_1_636' title='bbox 3196 4360 3221 4412; x_wconf 87' lang='grc' dir='ltr'>ό</span> <span class='ocrx_word' id='word_1_637' title='bbox 3269 4364 3504 4433; x_wconf 87' lang='grc' dir='ltr'>κόσμος,</span> <span class='ocrx_word' id='word_1_638' title='bbox 3560 4363 3628 4420; x_wconf 73' lang='grc' dir='ltr'>ὡς</span> <span class='ocrx_word' id='word_1_639' title='bbox 3654 4354 3864 4431; x_wconf 66' lang='grc' dir='ltr'>φυτευθεὶς</span> 
     </span>
    </p>
   </div>
   <div class='ocr_carea' id='block_1_95' title="bbox 525 4444 2177 4527">
    <p class='ocr_par' dir='ltr' id='par_1_95' title="bbox 525 4448 2177 4527">
     <span class='ocr_line' id='line_1_95' title="bbox 525 4448 2177 4527; baseline -0.005 -17"><span class='ocrx_word' id='word_1_640' title='bbox 525 4458 723 4527; x_wconf 87' lang='lat' dir='ltr'>utpote</span> <span class='ocrx_word' id='word_1_641' title='bbox 754 4454 1073 4527; x_wconf 86' lang='lat' dir='ltr'>plantatus,</span> <span class='ocrx_word' id='word_1_642' title='bbox 1123 4455 1184 4507; x_wconf 89' lang='lat' dir='ltr'>ut</span> <span class='ocrx_word' id='word_1_643' title='bbox 1208 4448 1471 4506; x_wconf 86' lang='lat' dir='ltr'>fructum</span> <span class='ocrx_word' id='word_1_644' title='bbox 1504 4451 1621 4506; x_wconf 90' lang='lat' dir='ltr'>Deo</span> <span class='ocrx_word' id='word_1_645' title='bbox 1670 4448 1961 4521; x_wconf 86' lang='lat' dir='ltr'>proferret</span> <span class='ocrx_word' id='word_1_646' title='bbox 1986 4448 2177 4520; x_wconf 79' lang='lat' dir='ltr'>jucun</span> 
     </span>
    </p>
   </div>
   <div class='ocr_carea' id='block_1_96' title="bbox 2312 4444 3939 4527">
    <p class='ocr_par' dir='ltr' id='par_1_96' title="bbox 2312 4444 3939 4525">
     <span class='ocr_line' id='line_1_96' title="bbox 2312 4444 3939 4525; baseline -0.006 -22"><span class='ocrx_word' id='word_1_647' title='bbox 2312 4450 2390 4503; x_wconf 75' lang='grc' dir='ltr'>ἐπὶ</span> <span class='ocrx_word' id='word_1_648' title='bbox 2424 4460 2494 4522; x_wconf 79' lang='grc' dir='ltr'>τῷ</span> <span class='ocrx_word' id='word_1_649' title='bbox 2527 4449 2738 4522; x_wconf 69' lang='grc' dir='ltr'>ἐνεγκεῖν</span> <span class='ocrx_word' id='word_1_650' title='bbox 2768 4453 2964 4521; x_wconf 82' lang='grc' dir='ltr'>καρπὸν</span> <span class='ocrx_word' id='word_1_651' title='bbox 3011 4445 3231 4508; x_wconf 76' lang='grc' dir='ltr'>ἣδιστον</span> <span class='ocrx_word' id='word_1_652' title='bbox 3275 4458 3354 4521; x_wconf 81' lang='grc' dir='ltr'>τῷ</span> <span class='ocrx_word' id='word_1_653' title='bbox 3413 4458 3535 4522; x_wconf 80' lang='grc' dir='ltr'>Θεῷ</span> <span class='ocrx_word' id='word_1_654' title='bbox 3562 4468 3577 4480; x_wconf 85' lang='grc'><strong>·</strong></span> <span class='ocrx_word' id='word_1_655' title='bbox 3633 4444 3867 4520; x_wconf 58' lang='grc' dir='ltr'>ἀμπελονρο</span> 
     </span>
    </p>
   </div>
   <div class='ocr_carea' id='block_1_97' title="bbox 527 4529 2177 4612">
    <p class='ocr_par' dir='ltr' id='par_1_97' title="bbox 527 4537 2177 4609">
     <span class='ocr_line' id='line_1_97' title="bbox 527 4537 2177 4609; baseline -0.002 -12"><span class='ocrx_word' id='word_1_656' title='bbox 527 4543 828 4599; x_wconf 88' lang='lat' dir='ltr'>dissimum</span> <span class='ocrx_word' id='word_1_657' title='bbox 860 4542 1086 4609; x_wconf 87' lang='lat' dir='ltr'>;cultor</span> <span class='ocrx_word' id='word_1_658' title='bbox 1105 4556 1244 4598; x_wconf 87' lang='lat' dir='ltr'>vero</span> <span class='ocrx_word' id='word_1_659' title='bbox 1266 4538 1458 4595; x_wconf 71' lang='lat' dir='ltr'>vineas</span> <span class='ocrx_word' id='word_1_660' title='bbox 1484 4537 1764 4604; x_wconf 83' lang='lat' dir='ltr'>Christus,</span> <span class='ocrx_word' id='word_1_661' title='bbox 1798 4553 2008 4594; x_wconf 90' lang='lat' dir='ltr'>curam</span> <span class='ocrx_word' id='word_1_662' title='bbox 2044 4537 2177 4593; x_wconf 33' lang='lat' dir='ltr'>scili‘</span> 
     </span>
    </p>
   </div>
   <div class='ocr_carea' id='block_1_98' title="bbox 2312 4529 3939 4612">
    <p class='ocr_par' dir='ltr' id='par_1_98' title="bbox 2312 4529 3939 4612">
     <span class='ocr_line' id='line_1_98' title="bbox 2312 4529 3939 4612; baseline -0.006 -20"><span class='ocrx_word' id='word_1_663' title='bbox 2312 4543 2395 4611; x_wconf 73' lang='grc' dir='ltr'>γὸς</span> <span class='ocrx_word' id='word_1_664' title='bbox 2426 4536 2504 4598; x_wconf 70' lang='grc' dir='ltr'>δε.</span> <span class='ocrx_word' id='word_1_665' title='bbox 2542 4541 2567 4591; x_wconf 87' lang='grc' dir='ltr'>ό</span> <span class='ocrx_word' id='word_1_666' title='bbox 2598 4542 2849 4612; x_wconf 79' lang='grc' dir='ltr'>Χριστός,</span> <span class='ocrx_word' id='word_1_667' title='bbox 2883 4539 2948 4598; x_wconf 81' lang='grc' dir='ltr'>ὡς</span> <span class='ocrx_word' id='word_1_668' title='bbox 2987 4536 3385 4610; x_wconf 74' lang='grc' dir='ltr'>ἐπιμελούμενος</span> <span class='ocrx_word' id='word_1_669' title='bbox 3414 4546 3512 4591; x_wconf 83' lang='grc' dir='ltr'>τοῦ</span> <span class='ocrx_word' id='word_1_670' title='bbox 3551 4539 3764 4590; x_wconf 74' lang='grc' dir='ltr'>τοιούτου</span> <span class='ocrx_word' id='word_1_671' title='bbox 3788 4529 3864 4599; x_wconf 58' lang='grc' dir='ltr'>ἆμ-</span> <span class='ocrx_word' id='word_1_672' title='bbox 3938 4570 3939 4595; x_wconf 25' lang='grc' dir='ltr'>ἦ</span> 
     </span>
    </p>
   </div>
   <div class='ocr_carea' id='block_1_99' title="bbox 528 4612 2177 4702">
    <p class='ocr_par' dir='ltr' id='par_1_99' title="bbox 528 4626 2160 4702">
     <span class='ocr_line' id='line_1_99' title="bbox 528 4626 2160 4702; baseline -0.002 -16"><span class='ocrx_word' id='word_1_673' title='bbox 528 4636 620 4687; x_wconf 91' lang='lat' dir='ltr'>cet</span> <span class='ocrx_word' id='word_1_674' title='bbox 636 4646 847 4701; x_wconf 88' lang='lat' dir='ltr'>gerens</span> <span class='ocrx_word' id='word_1_675' title='bbox 870 4630 973 4702; x_wconf 89' lang='lat' dir='ltr'>huj</span> <span class='ocrx_word' id='word_1_676' title='bbox 985 4629 1221 4687; x_wconf 90' lang='lat' dir='ltr'>usmodi</span> <span class='ocrx_word' id='word_1_677' title='bbox 1244 4628 1451 4700; x_wconf 73' lang='lat' dir='ltr'>vineae,</span> <span class='ocrx_word' id='word_1_678' title='bbox 1472 4644 1544 4685; x_wconf 84' lang='lat' dir='ltr'>ac</span> <span class='ocrx_word' id='word_1_679' title='bbox 1577 4626 1876 4700; x_wconf 87' lang='lat' dir='ltr'>plantator</span> <span class='ocrx_word' id='word_1_680' title='bbox 1892 4626 2160 4682; x_wconf 85' lang='lat' dir='ltr'>ﬁdelium</span> 
     </span>
    </p>
   </div>
   <div class='ocr_carea' id='block_1_100' title="bbox 2312 4612 3939 4702">
    <p class='ocr_par' dir='ltr' id='par_1_100' title="bbox 2312 4622 3939 4702">
     <span class='ocr_line' id='line_1_100' title="bbox 2312 4622 3939 4702; baseline -0.004 -21"><span class='ocrx_word' id='word_1_681' title='bbox 2312 4628 2545 4695; x_wconf 81' lang='grc' dir='ltr'>πελώνος,</span> <span class='ocrx_word' id='word_1_682' title='bbox 2597 4632 2686 4680; x_wconf 69' lang='grc' dir='ltr'>καὶ</span> <span class='ocrx_word' id='word_1_683' title='bbox 2742 4635 3055 4699; x_wconf 77' lang='grc' dir='ltr'>φυτηκομῶν</span> <span class='ocrx_word' id='word_1_684' title='bbox 3106 4630 3227 4689; x_wconf 77' lang='grc' dir='ltr'>τοὺς</span> <span class='ocrx_word' id='word_1_685' title='bbox 3280 4632 3550 4691; x_wconf 68' lang='grc' dir='ltr'>πιστούς·</span> <span class='ocrx_word' id='word_1_686' title='bbox 3592 4629 3616 4679; x_wconf 85' lang='grc' dir='ltr'><strong><em>ὁ</em></strong></span> <span class='ocrx_word' id='word_1_687' title='bbox 3668 4622 3721 4678; x_wconf 65' lang='grc' dir='ltr'>δὲ</span> <span class='ocrx_word' id='word_1_688' title='bbox 3762 4624 3864 4692; x_wconf 67' lang='grc' dir='ltr'>ἔχων</span> <span class='ocrx_word' id='word_1_689' title='bbox 3938 4624 3939 4702; x_wconf 43' lang='grc' dir='ltr'><strong>ἦ</strong></span> 
     </span>
    </p>
   </div>
   <div class='ocr_carea' id='block_1_101' title="bbox 525 4713 2177 4792">
    <p class='ocr_par' dir='ltr' id='par_1_101' title="bbox 525 4717 2177 4789">
     <span class='ocr_line' id='line_1_101' title="bbox 525 4717 2177 4789; baseline -0.002 -13"><span class='ocrx_word' id='word_1_690' title='bbox 525 4719 749 4776; x_wconf 86' lang='lat' dir='ltr'>habere</span> <span class='ocrx_word' id='word_1_691' title='bbox 801 4724 1001 4776; x_wconf 89' lang='lat' dir='ltr'>autem</span> <span class='ocrx_word' id='word_1_692' title='bbox 1034 4720 1218 4776; x_wconf 85' lang='lat' dir='ltr'>ﬁcum</span> <span class='ocrx_word' id='word_1_693' title='bbox 1246 4718 1461 4776; x_wconf 87' lang='lat' dir='ltr'>dicitur</span> <span class='ocrx_word' id='word_1_694' title='bbox 1512 4721 1698 4785; x_wconf 87' lang='lat' dir='ltr'>Pater,</span> <span class='ocrx_word' id='word_1_695' title='bbox 1743 4717 1908 4773; x_wconf 88' lang='lat' dir='ltr'>hunc</span> <span class='ocrx_word' id='word_1_696' title='bbox 1937 4732 2177 4789; x_wconf 67' lang='lat' dir='ltr'>namqui</span> 
     </span>
    </p>
   </div>
   <div class='ocr_carea' id='block_1_102' title="bbox 2312 4713 3864 4792">
    <p class='ocr_par' dir='ltr' id='par_1_102' title="bbox 2312 4713 3864 4792">
     <span class='ocr_line' id='line_1_102' title="bbox 2312 4713 3864 4792; baseline -0.004 -22"><span class='ocrx_word' id='word_1_697' title='bbox 2312 4724 2398 4777; x_wconf 81' lang='grc' dir='ltr'>τὴν</span> <span class='ocrx_word' id='word_1_698' title='bbox 2427 4726 2612 4783; x_wconf 79' lang='grc' dir='ltr'>συκῆν,</span> <span class='ocrx_word' id='word_1_699' title='bbox 2645 4719 2783 4769; x_wconf 74' lang='grc' dir='ltr'>ἔστιν</span> <span class='ocrx_word' id='word_1_700' title='bbox 2841 4717 2867 4767; x_wconf 86' lang='grc' dir='ltr'><strong><em>ὁ</em></strong></span> <span class='ocrx_word' id='word_1_701' title='bbox 2906 4720 3106 4792; x_wconf 77' lang='grc' dir='ltr'>Πατήρ.</span> <span class='ocrx_word' id='word_1_702' title='bbox 3134 4723 3331 4769; x_wconf 79' lang='grc' dir='ltr'>Τοῦτον</span> <span class='ocrx_word' id='word_1_703' title='bbox 3384 4720 3490 4792; x_wconf 71' lang='grc' dir='ltr'>’γὰρ</span> <span class='ocrx_word' id='word_1_704' title='bbox 3528 4720 3674 4790; x_wconf 80' lang='grc' dir='ltr'>μόνον</span> <span class='ocrx_word' id='word_1_705' title='bbox 3720 4713 3864 4783; x_wconf 62' lang='grc' dir='ltr'>Κύριον</span> 
     </span>
    </p>
   </div>
   <div class='ocr_carea' id='block_1_103' title="bbox 528 4792 2177 4883">
    <p class='ocr_par' dir='ltr' id='par_1_103' title="bbox 528 4806 2171 4883">
     <span class='ocr_line' id='line_1_103' title="bbox 528 4806 2171 4883; baseline -0.002 -18"><span class='ocrx_word' id='word_1_706' title='bbox 528 4808 725 4865; x_wconf 90' lang='lat' dir='ltr'>solum</span> <span class='ocrx_word' id='word_1_707' title='bbox 738 4808 952 4865; x_wconf 87' lang='lat' dir='ltr'>fatetur</span> <span class='ocrx_word' id='word_1_708' title='bbox 965 4811 991 4864; x_wconf 74' lang='grc' dir='ltr'>,Ι</span> <span class='ocrx_word' id='word_1_709' title='bbox 1000 4809 1310 4866; x_wconf 72' lang='lat' dir='ltr'>udteorum</span> <span class='ocrx_word' id='word_1_710' title='bbox 1328 4811 1646 4883; x_wconf 84' lang='lat' dir='ltr'>Synagoga</span> <span class='ocrx_word' id='word_1_711' title='bbox 1659 4806 1978 4864; x_wconf 90' lang='lat' dir='ltr'>Dominum</span> <span class='ocrx_word' id='word_1_712' title='bbox 1995 4822 2171 4863; x_wconf 87' lang='lat' dir='ltr'>suum</span> 
     </span>
    </p>
   </div>
   <div class='ocr_carea' id='block_1_104' title="bbox 2312 4792 3863 4883">
    <p class='ocr_par' dir='ltr' id='par_1_104' title="bbox 2312 4792 3863 4880">
     <span class='ocr_line' id='line_1_104' title="bbox 2312 4792 3863 4880; baseline -0.005 -21"><span class='ocrx_word' id='word_1_713' title='bbox 2312 4807 2489 4869; x_wconf 77' lang='grc' dir='ltr'>ἑαυτῆς</span> <span class='ocrx_word' id='word_1_714' title='bbox 2525 4809 2555 4865; x_wconf 79' lang='grc' dir='ltr'><em>ἡ</em></span> <span class='ocrx_word' id='word_1_715' title='bbox 2590 4808 2867 4878; x_wconf 73' lang='grc' dir='ltr'>Συναγωγή</span> <span class='ocrx_word' id='word_1_716' title='bbox 2904 4813 3004 4858; x_wconf 87' lang='grc' dir='ltr'>τῶν</span> <span class='ocrx_word' id='word_1_717' title='bbox 3049 4800 3321 4859; x_wconf 81' lang='grc' dir='ltr'>Ἰουδαίων</span> <span class='ocrx_word' id='word_1_718' title='bbox 3377 4800 3641 4880; x_wconf 70' lang='grc' dir='ltr'>όμολόἹεῖ.</span> <span class='ocrx_word' id='word_1_719' title='bbox 3675 4806 3788 4877; x_wconf 76' lang='grc' dir='ltr'>Τρία</span> <span class='ocrx_word' id='word_1_720' title='bbox 3820 4792 3863 4848; x_wconf 66' lang='grc' dir='ltr'>δε</span> 
     </span>
    </p>
   </div>
   <div class='ocr_carea' id='block_1_105' title="bbox 1761 5012 2646 5083">
    <p class='ocr_par' dir='ltr' id='par_1_105' title="bbox 1761 5012 2646 5083">
     <span class='ocr_line' id='line_1_105' title="bbox 1761 5012 2646 5083; baseline -0.001 0"><span class='ocrx_word' id='word_1_721' title='bbox 1761 5012 1985 5083; x_wconf 64' lang='lat' dir='ltr'>Varias</span> <span class='ocrx_word' id='word_1_722' title='bbox 2011 5013 2338 5083; x_wconf 86' lang='lat' dir='ltr'>lectiones</span> <span class='ocrx_word' id='word_1_723' title='bbox 2362 5024 2427 5082; x_wconf 87' lang='lat' dir='ltr'>et</span> <span class='ocrx_word' id='word_1_724' title='bbox 2443 5023 2646 5082; x_wconf 61' lang='lat' dir='ltr'>notas.</span> 
     </span>
    </p>
   </div>
   <div class='ocr_carea' id='block_1_106' title="bbox 2463 5238 2482 5455">
    <p class='ocr_par' dir='ltr' id='par_1_106' title="bbox 2463 5238 2482 5455">
     <span class='ocr_line' id='line_1_106' title="bbox 2463 5238 2482 5455; baseline 0 0"><span class='ocrx_word' id='word_1_725' title='bbox 2463 5238 2482 5455; x_wconf 69' lang='grc' dir='ltr'>ξ</span> 
     </span>
    </p>
   </div>
   <div class='ocr_carea' id='block_1_107' title="bbox 595 5233 2177 5317">
    <p class='ocr_par' dir='ltr' id='par_1_107' title="bbox 595 5238 2177 5317">
     <span class='ocr_line' id='line_1_107' title="bbox 595 5238 2177 5317; baseline -0.003 -17"><span class='ocrx_word' id='word_1_726' title='bbox 595 5241 708 5317; x_wconf 83' lang='grc'>(33)</span> <span class='ocrx_word' id='word_1_727' title='bbox 760 5243 935 5317; x_wconf 53' lang='lat' dir='ltr'>Aegae</span> <span class='ocrx_word' id='word_1_728' title='bbox 981 5255 1103 5297; x_wconf 91' lang='lat' dir='ltr'>non</span> <span class='ocrx_word' id='word_1_729' title='bbox 1134 5240 1400 5317; x_wconf 69' lang='lat' dir='ltr'>agnoscit</span> <span class='ocrx_word' id='word_1_730' title='bbox 1442 5238 1763 5317; x_wconf 67' lang='lat' dir='ltr'>Hentenius</span> <span class='ocrx_word' id='word_1_731' title='bbox 1805 5238 1868 5293; x_wconf 89' lang='lat' dir='ltr'>in</span> <span class='ocrx_word' id='word_1_732' title='bbox 1912 5238 2177 5317; x_wconf 75' lang='lat' dir='ltr'>interpre-</span> 
     </span>
    </p>
   </div>
   <div class='ocr_carea' id='block_1_108' title="bbox 2312 5233 3111 5317">
    <p class='ocr_par' dir='ltr' id='par_1_108' title="bbox 2369 5233 3111 5317">
     <span class='ocr_line' id='line_1_108' title="bbox 2369 5233 3111 5317; baseline 0 0"><span class='ocrx_word' id='word_1_733' title='bbox 2369 5237 2481 5317; x_wconf 59' lang='lat' dir='ltr'>t?!)</span> <span class='ocrx_word' id='word_1_734' title='bbox 2512 5236 2693 5317; x_wconf 60' lang='grc' dir='ltr'>ᾼΰτοςρ</span> <span class='ocrx_word' id='word_1_735' title='bbox 2715 5250 2824 5317; x_wconf 69' lang='lat' dir='ltr'>PN?</span> <span class='ocrx_word' id='word_1_736' title='bbox 2853 5233 3021 5317; x_wconf 63' lang='grc' dir='ltr'>οξτοξυ</span> <span class='ocrx_word' id='word_1_737' title='bbox 3041 5241 3111 5317; x_wconf 69' lang='lat' dir='ltr'>P-</span> 
     </span>
    </p>
   </div>
   <div class='ocr_carea' id='block_1_109' title="bbox 523 5238 2177 5456">
    <p class='ocr_par' dir='ltr' id='par_1_109' title="bbox 523 5238 2177 5454">
     <span class='ocr_line' id='line_1_109' title="bbox 595 5238 2177 5317; baseline -0.004 -17"><span class='ocrx_word' id='word_1_738' title='bbox 595 5241 708 5317; x_wconf 84' lang='lat'>(33)</span> <span class='ocrx_word' id='word_1_739' title='bbox 760 5243 935 5297; x_wconf 75' lang='grc' dir='ltr'>Αὐτῶν</span> <span class='ocrx_word' id='word_1_740' title='bbox 981 5255 1103 5297; x_wconf 91' lang='lat' dir='ltr'>non</span> <span class='ocrx_word' id='word_1_741' title='bbox 1134 5240 1400 5312; x_wconf 88' lang='lat' dir='ltr'>agnoscit</span> <span class='ocrx_word' id='word_1_742' title='bbox 1442 5238 1763 5296; x_wconf 88' lang='lat' dir='ltr'>Hentenius</span> <span class='ocrx_word' id='word_1_743' title='bbox 1805 5238 1868 5293; x_wconf 88' lang='lat' dir='ltr'>in</span> <span class='ocrx_word' id='word_1_744' title='bbox 1912 5238 2177 5310; x_wconf 89' lang='lat' dir='ltr'>interpre-</span> 
     </span>
     <span class='ocr_line' id='line_1_110' title="bbox 523 5308 2177 5384; baseline -0.005 -10"><span class='ocrx_word' id='word_1_745' title='bbox 523 5318 766 5384; x_wconf 75' lang='lat' dir='ltr'>tatione,</span> <span class='ocrx_word' id='word_1_746' title='bbox 800 5312 978 5371; x_wconf 90' lang='lat' dir='ltr'>Miror</span> <span class='ocrx_word' id='word_1_747' title='bbox 1018 5326 1185 5368; x_wconf 90' lang='lat' dir='ltr'>sane.</span> <span class='ocrx_word' id='word_1_748' title='bbox 1217 5314 1332 5368; x_wconf 87' lang='lat' dir='ltr'>Nec</span> <span class='ocrx_word' id='word_1_749' title='bbox 1386 5311 1547 5368; x_wconf 90' lang='lat' dir='ltr'>enim</span> <span class='ocrx_word' id='word_1_750' title='bbox 1577 5310 1650 5367; x_wconf 92' lang='lat' dir='ltr'>de</span> <span class='ocrx_word' id='word_1_751' title='bbox 1676 5311 1786 5367; x_wconf 84' lang='lat' dir='ltr'>hoc</span> <span class='ocrx_word' id='word_1_752' title='bbox 1842 5308 2074 5367; x_wconf 86' lang='lat' dir='ltr'>monuit</span> <span class='ocrx_word' id='word_1_753' title='bbox 2126 5310 2177 5365; x_wconf 83' lang='lat' dir='ltr'>in</span> 
     </span>
     <span class='ocr_line' id='line_1_111' title="bbox 523 5381 2177 5454; baseline -0.003 -11"><span class='ocrx_word' id='word_1_754' title='bbox 523 5386 895 5454; x_wconf 66' lang='lat' dir='ltr'>Prmfatione,</span> <span class='ocrx_word' id='word_1_755' title='bbox 936 5399 1047 5441; x_wconf 92' lang='lat' dir='ltr'>nec</span> <span class='ocrx_word' id='word_1_756' title='bbox 1081 5387 1251 5437; x_wconf 83' lang='grc' dir='ltr'>αὐτῶν</span> <span class='ocrx_word' id='word_1_757' title='bbox 1280 5382 1577 5441; x_wconf 87' lang='lat' dir='ltr'>omissum</span> <span class='ocrx_word' id='word_1_758' title='bbox 1608 5388 1708 5440; x_wconf 86' lang='lat' dir='ltr'>est</span> <span class='ocrx_word' id='word_1_759' title='bbox 1738 5399 1774 5440; x_wconf 92' lang='lat' dir='ltr'>a</span> <span class='ocrx_word' id='word_1_760' title='bbox 1805 5383 2052 5454; x_wconf 87' lang='lat' dir='ltr'>Vulgato</span> <span class='ocrx_word' id='word_1_761' title='bbox 2091 5381 2177 5438; x_wconf 88' lang='lat' dir='ltr'>in-</span> 
     </span>
    </p>
   </div>
   <div class='ocr_carea' id='block_1_110' title="bbox 2312 5238 3105 5456">
    <p class='ocr_par' dir='ltr' id='par_1_110' title="bbox 2368 5238 3105 5456">
     <span class='ocr_line' id='line_1_112' title="bbox 2391 5238 3105 5309; baseline -0.006 -15"><span class='ocrx_word' id='word_1_762' title='bbox 2391 5238 2461 5294; x_wconf 69' lang='grc'>34</span> <span class='ocrx_word' id='word_1_763' title='bbox 2512 5238 2693 5307; x_wconf 65' lang='lat' dir='ltr'>Atii-al,</span> <span class='ocrx_word' id='word_1_764' title='bbox 2715 5250 2824 5309; x_wconf 86' lang='lat' dir='ltr'>pro</span> <span class='ocrx_word' id='word_1_765' title='bbox 2853 5238 3021 5299; x_wconf 80' lang='grc' dir='ltr'>οὗτοι,</span> <span class='ocrx_word' id='word_1_766' title='bbox 3053 5241 3105 5290; x_wconf 86' lang='grc' dir='ltr'>Β.</span> 
     </span>
     <span class='ocr_line' id='line_1_113' title="bbox 2368 5238 3105 5456; baseline -0.004 -91"><span class='ocrx_word' id='word_1_767' title='bbox 2368 5238 2482 5456; x_wconf 53' lang='grc' dir='ltr'>ἒῶξ</span> <span class='ocrx_word' id='word_1_768' title='bbox 2512 5310 2705 5384; x_wconf 79' lang='grc' dir='ltr'>Πικρὸν</span> <span class='ocrx_word' id='word_1_769' title='bbox 2733 5310 2825 5362; x_wconf 77' lang='grc' dir='ltr'>καὶ</span> <span class='ocrx_word' id='word_1_770' title='bbox 2847 5306 3020 5397; x_wconf 55' lang='grc' dir='ltr'>αὐτοὶ.</span> 
     </span>
     <span class='ocr_line' id='line_1_114' title="bbox 2391 5382 3105 5455; baseline -0.007 -17"><span class='ocrx_word' id='word_1_771' title='bbox 2391 5382 2462 5438; x_wconf 85' lang='lat'><strong>36</strong></span> <span class='ocrx_word' id='word_1_772' title='bbox 2517 5384 2704 5452; x_wconf 87' lang='lat' dir='ltr'>Forte,</span> <span class='ocrx_word' id='word_1_773' title='bbox 2733 5386 2866 5441; x_wconf 70' lang='grc' dir='ltr'>συκῆ</span> <span class='ocrx_word' id='word_1_774' title='bbox 2897 5398 2989 5455; x_wconf 75' lang='grc' dir='ltr'>μιν</span> <span class='ocrx_word' id='word_1_775' title='bbox 3025 5396 3105 5433; x_wconf 70' lang='lat' dir='ltr'>axi</span> 
     </span>
    </p>
   </div>
   <div class='ocr_carea' id='block_1_111' title="bbox 523 5381 2177 5457">
    <p class='ocr_par' dir='ltr' id='par_1_111' title="bbox 523 5381 2177 5454">
     <span class='ocr_line' id='line_1_115' title="bbox 523 5381 2177 5454; baseline -0.003 -11"><span class='ocrx_word' id='word_1_776' title='bbox 523 5381 895 5454; x_wconf 66' lang='lat' dir='ltr'>Prmfatione,</span> <span class='ocrx_word' id='word_1_777' title='bbox 936 5399 1047 5441; x_wconf 92' lang='lat' dir='ltr'>nec</span> <span class='ocrx_word' id='word_1_778' title='bbox 1081 5387 1251 5437; x_wconf 83' lang='grc' dir='ltr'>αὐτῶν</span> <span class='ocrx_word' id='word_1_779' title='bbox 1280 5382 1577 5441; x_wconf 87' lang='lat' dir='ltr'>omissum</span> <span class='ocrx_word' id='word_1_780' title='bbox 1608 5388 1708 5440; x_wconf 86' lang='lat' dir='ltr'>est</span> <span class='ocrx_word' id='word_1_781' title='bbox 1738 5399 1774 5440; x_wconf 92' lang='lat' dir='ltr'>a</span> <span class='ocrx_word' id='word_1_782' title='bbox 1805 5383 2052 5454; x_wconf 87' lang='lat' dir='ltr'>Vulgato</span> <span class='ocrx_word' id='word_1_783' title='bbox 2091 5381 2177 5438; x_wconf 88' lang='lat' dir='ltr'>in-</span> 
     </span>
    </p>
   </div>
   <div class='ocr_carea' id='block_1_112' title="bbox 2312 5381 3295 5457">
    <p class='ocr_par' dir='ltr' id='par_1_112' title="bbox 2370 5381 3295 5457">
     <span class='ocr_line' id='line_1_116' title="bbox 2370 5381 3295 5457; baseline -0.008 -19"><span class='ocrx_word' id='word_1_784' title='bbox 2370 5381 2482 5456; x_wconf 85' lang='lat'>(36)</span> <span class='ocrx_word' id='word_1_785' title='bbox 2517 5381 2704 5452; x_wconf 81' lang='lat' dir='ltr'>Forte,</span> <span class='ocrx_word' id='word_1_786' title='bbox 2733 5386 2866 5441; x_wconf 72' lang='grc' dir='ltr'>συκῆ</span> <span class='ocrx_word' id='word_1_787' title='bbox 3025 5381 3295 5457; x_wconf 79' lang='grc' dir='ltr'>ἄκαρπος.</span> 
     </span>
    </p>
   </div>
   <div class='ocr_carea' id='block_1_113' title="bbox 524 5458 1044 5536">
    <p class='ocr_par' dir='ltr' id='par_1_113' title="bbox 524 5458 1044 5536">
     <span class='ocr_line' id='line_1_117' title="bbox 524 5458 1044 5536; baseline -0.006 -20"><span class='ocrx_word' id='word_1_788' title='bbox 524 5464 780 5536; x_wconf 89' lang='lat' dir='ltr'>terprete</span> <span class='ocrx_word' id='word_1_789' title='bbox 816 5458 1018 5517; x_wconf 87' lang='lat' dir='ltr'>Latino</span> <span class='ocrx_word' id='word_1_790' title='bbox 1031 5498 1044 5513; x_wconf 95' lang='lat'>.</span> 
     </span>
    </p>
   </div>
   <div class='ocr_carea' id='block_1_114' title="bbox 596 5631 2228 5722">
    <p class='ocr_par' dir='ltr' id='par_1_114' title="bbox 596 5631 2228 5722">
     <span class='ocr_line' id='line_1_118' title="bbox 596 5631 2228 5722; baseline -0.004 -24"><span class='ocrx_word' id='word_1_791' title='bbox 596 5639 700 5722; x_wconf 74' lang='grc' dir='ltr'>(ιη)</span> <span class='ocrx_word' id='word_1_792' title='bbox 728 5641 1021 5716; x_wconf 87' lang='lat' dir='ltr'>Interpres</span> <span class='ocrx_word' id='word_1_793' title='bbox 1057 5634 1288 5695; x_wconf 83' lang='lat' dir='ltr'>videtur</span> <span class='ocrx_word' id='word_1_794' title='bbox 1334 5632 1551 5707; x_wconf 83' lang='lat' dir='ltr'>legisse</span> <span class='ocrx_word' id='word_1_795' title='bbox 1596 5631 1690 5689; x_wconf 77' lang='grc' dir='ltr'>διὰ</span> <span class='ocrx_word' id='word_1_796' title='bbox 1742 5642 1910 5700; x_wconf 81' lang='grc' dir='ltr'>συκῆς</span> <span class='ocrx_word' id='word_1_797' title='bbox 1937 5637 2228 5712; x_wconf 79' lang='grc' dir='ltr'>ἀκάρπου.</span> 
     </span>
    </p>
   </div>
  </div>
