3994 6218
93 325 100 328 ,
135 252 257 318 1001

1160 250 1531 315 COMMENT.
1571 250 1646 314 IN
1683 249 1946 314 LUCAM.
1988 289 2056 301 -—
2094 258 2246 316 CAP.
2290 259 2438 318 XIII.

3369 261 3507 320 1002

132 388 230 446 ἔτη,
283 387 339 438 αἱ
375 391 508 459 τρεῖς
559 383 818 438 πολιτεῖαι
874 391 974 436 τῶν
1035 379 1330 447 Ἰουδαίων,
1381 384 1410 441 ἡ
1463 384 1562 436 ὑπό
1619 390 1718 435 τῶν

1882 399 1974 439 res
1998 401 2138 443 vero
2150 387 2312 456 anni,
2349 392 2466 443 tres
2491 384 2992 442 suntJudaeorum
3011 385 3498 463 gubernationes,

128 483 311 546 κριτῶν
339 474 633 546 ἱθυνομένη,
665 478 755 525 καὶ
801 473 831 530 ἡ
865 474 964 524 ὑπὸ
1000 479 1097 524 τῶν
1130 470 1406 544 βασιλέων,
1436 476 1526 524 καὶ
1556 472 1586 529 ἡ
1620 471 1719 522 ὑπὸ

128 572 218 616 τῶν
245 563 554 637 ἀρχιερέων.
584 567 749 620 Φησὶν
770 557 879 628 οὖν,
901 559 1159 633 Ἐκκοψον
1198 561 1382 626 αὐτὴν,
1433 557 1580 613 διατί
1636 564 1726 610 καὶ

128 658 208 711 τὸν
229 661 330 724 γῆν
367 654 599 723 καθιστᾴ
621 650 786 726 ἀργήν
819 667 833 717 ;

191 741 252 794 Ὀ
285 737 346 794 δε
387 771 453 782 -
508 745 719 815 κόπρια.
783 739 1082 815 Παρακαλεῖ
1138 740 1265 812 ὑπερ
1305 747 1404 790 τῶν
1437 733 1728 803 Ἰουδαίων,

129 835 190 893 ὡς
243 830 300 894 ἐξ
359 826 628 884 Ἰουδαίων
689 827 1110 905 ἐνανθρωπήσας,
1161 833 1252 880 καὶ
1323 830 1535 880 ἱκετεὺει
1605 827 1732 898 ὑπὲρ

126 930 222 973 τῶν
276 923 417 971 κατὰ
475 921 646 991 σάρκα
704 925 987 990 συγγενῶν,
1042 916 1294 990 ἀφεθῆναι
1345 922 1434 969 καὶ
1484 924 1636 969 τοῦτο
1675 918 1733 966 τὸ

128 1014 254 1073 ἔτος,
292 1005 504 1067 δηλαδή
562 1012 647 1060 τὸν
690 1011 870 1078 καιρὸν
919 1009 1036 1060 καθ⁹
1079 1007 1133 1059 ὃν
1186 1003 1487 1073 ἐδίδασκεν,
1530 1005 1622 1068 ἕως
1675 1004 1736 1057 οὗ

126 1099 308 1171 σκάφῃ
341 1103 436 1156 τὴν
478 1097 828 1171 σκληρότητα,
888 1101 978 1156 τὴν
1018 1101 1136 1172 περὶ
1168 1099 1263 1159 τὰς
1313 1096 1496 1168 ψυχὰς
1545 1095 1734 1161 αὐτῶν,

120 1198 184 1260 τῷ
220 1187 474 1261 ἐργαλείῳ
502 1195 599 1249 τῆς
628 1189 1000 1262 παραινέσεως,
1054 1191 1146 1238 καὶ
1205 1186 1343 1259 βάλῃ
1376 1189 1571 1260 κόπρια
1625 1184 1734 1256 (37)

121 1279 446 1342 λιπαίνοντα,
505 1281 762 1343 τουτέστι,
820 1272 1178 1328 διδασκαλίαν
1268 1279 1582 1328 πιαίνουσαν
1664 1274 1738 1336 εἰς

126 1371 511 1441 καρποφορίαν.

198 1456 312 1510 Κᾶν
364 1487 419 1497 -
458 1459 680 1531 καρπόν.
731 1453 1081 1516 Ἐλλειπτικὸς
1113 1455 1137 1506 ό
1175 1453 1346 1527 λόγος.
1405 1458 1584 1506 Λείπει
1633 1455 1734 1527 γὰρ

123 1552 176 1598 τὸ
212 1543 284 1598 Εὖ
314 1548 448 1617 ἔχει.

191 1636 255 1689 Εἰ
290 1631 352 1688 δε
409 1665 478 1674 —
517 1633 700 1691 αὐτὴν.
750 1633 840 1695 Εἰς
891 1635 978 1685 τὸν
1035 1632 1283 1704 μέλλοντα
1345 1637 1545 1706 καιρόν.
1597 1640 1736 1686 Υπο-

1841 489 1910 529 ea
1935 474 2203 532 videlicet
2226 493 2343 548 qua
2383 477 2491 531 sub
2504 474 2807 546 judicibus
2837 475 3218 544 regebantur,
3245 493 3336 544 ea,
3377 493 3501 549 qua

1843 563 1958 618 sub
1979 565 2241 634 regibus,
2283 570 2338 621 et
2358 581 2452 629 ea,
2479 581 2599 636 qua
2627 563 2739 619 sub
2763 563 3164 635 pontiﬁcibus.
3199 565 3289 621 Ait
3320 582 3460 636 ergo
3487 581 3500 623 :

1841 654 2094 710 Succide
2123 655 2310 719 illam,
2333 655 2549 727 utquid
2566 653 2744 710 etiam
2765 658 2979 708 terram
3003 654 3197 709 reddit
3219 656 3498 711 otiosam:

1915 742 2083 800 Vers.
2106 748 2158 799 8.
2186 745 2369 800 Atille
2397 775 2444 783 -
2461 750 2743 801 stercora.
2759 743 3037 800 Precatur
3057 759 3167 815 pro
3184 743 3211 797 J
3219 743 3294 798 nd
3304 744 3422 810 seis,
3439 749 3502 800 ut

1844 832 1945 904 qui
1964 847 2030 889 ex
2041 833 2264 889 Iudaeis
2280 833 2714 889 humanitatem
2728 831 3076 904 assumpsit;
3092 838 3147 888 et
3163 848 3270 904 pro
3283 848 3504 904 cogna-

1847 923 1918 976 tis
1961 922 2136 992 juxta
2165 938 2406 977 carnem
2438 920 2730 991 obsecrat,
2763 925 2824 977 ut
2853 922 2946 979 vel
2979 921 3093 976 hoc
3142 937 3303 977 anno
3356 921 3500 978 relin

1845 1010 2396 1083 quantur,videlicet
2415 1016 2532 1066 tem
2542 1026 2814 1082 porequo
2831 1009 3105 1075 docebat,
3122 1010 3312 1066 donec
3344 1010 3502 1066 effon

1846 1098 2012 1156 deret
2045 1098 2334 1165 duritiem,
2362 1115 2500 1172 quia
2531 1098 2593 1155 in
2626 1099 2830 1155 anima
2881 1115 3089 1154 eorum
3125 1105 3251 1155 erat
3288 1099 3502 1155 instru-

1849 1192 2050 1244 mento
2071 1188 2516 1254 admonitionis,
2564 1192 2622 1245 et
2666 1189 2921 1245 mitteret
2969 1193 3234 1244 stercora
3287 1187 3504 1260 impin-

1847 1277 2114 1348 guantia,
2139 1277 2253 1334 hoc
2278 1281 2384 1344 est,
2417 1277 2770 1346 doctrinam,
2823 1292 2958 1350 quae
2993 1277 3070 1334 ad
3101 1276 3505 1334 fructiﬁcatio-

1843 1383 1985 1424 nem
2014 1367 2299 1440 pinguem
2328 1365 2544 1422 reddit.

1916 1457 2086 1512 Vers.
2115 1459 2172 1513 9.
2208 1457 2284 1511 Et
2321 1456 2376 1512 si
2400 1487 2470 1496 —-
2484 1456 2781 1525 fructum.
2816 1455 3114 1514 Defectiva
3135 1455 3324 1512 oratio
3365 1459 3452 1512 est
3483 1470 3497 1512 :

1846 1544 2045 1602 deﬁcit
2067 1546 2225 1601 enim
2255 1547 2443 1600 :Bene
2475 1561 2537 1600 se
2559 1544 2736 1602 habet
2762 1562 2874 1613 res,
2915 1545 3024 1610 vel,
3051 1546 3200 1601 Bene
3231 1544 3498 1618 quidem.

1917 1636 2083 1691 Vers.
2111 1637 2168 1692 9.
2209 1634 2307 1690 Sin
2337 1634 2601 1691 —illam.
2644 1637 2706 1689 ln
2732 1635 2992 1690 futurum
3015 1640 3272 1705 tempus;
3330 1632 3476 1706 signi

125 1720 284 1781 δηλοῖ
333 1719 410 1787 δέ,
459 1723 575 1775 καθ’
607 1724 660 1775 ὃν
704 1721 1084 1796 ἐπολιόρκησαν
1135 1727 1224 1780 τὴν
1279 1722 1630 1780 Παλαιστίνην
1691 1724 1741 1774 οἱ

1879 1726 1990 1781 icat
2020 1729 2218 1780 autem
2253 1730 2506 1796 tempus,
2529 1740 2650 1797 quo
2670 1725 2930 1780 Judieam
2974 1723 3339 1780 obsederunt
3389 1723 3502 1778 Ro-

138 1813 407 1884 Ρωριοιίοι.
461 1818 586 1865 Τότε
639 1814 740 1885 γὰρ
798 1821 1028 1883 παγγενῆ
1110 1812 1202 1871 τὴν
1279 1816 1584 1884 Συναγωγὴν
1642 1820 1740 1863 τῶν

121 1898 409 1955 Ἰουδαίων
440 1901 646 1973 ἐξέκοψε
674 1910 769 1964 τῆς
824 1910 926 1973 ’γῆς
978 1903 1188 1971 ἐκείνης,
1253 1907 1342 1954 καὶ
1405 1900 1743 1974 ἀντεφύτευσε

115 1997 202 2049 τὴν
263 1991 587 2050 Ἐκκλησίαν
639 1999 738 2043 τῶν
806 1997 1156 2065 Χριστιανῶν,
1217 1995 1312 2049 τήν
1362 1989 1440 2043 ἀεὶ
1467 2011 1741 2066 καρποφο-

121 2089 346 2155 ροῦσαν.
406 2081 464 2133 Εἰ
512 2077 570 2133 δέ
627 2100 702 2140 τις
759 2083 895 2134 εἴποι
925 2097 936 2109 ·
975 2085 1075 2133 Καὶ
1124 2084 1251 2152 μὴν,
1308 2079 1366 2132 οὗ
1415 2082 1744 2132 παντάπασιν

121 2175 368 2245 ἄκαρπος
400 2167 462 2228 ἦν
493 2171 523 2228 ἡ
570 2175 845 2241 Συναγωγή
901 2177 998 2221 τῶν
1069 2166 1339 2222 Ἰουδαίων
1387 2172 1434 2221 ἐν
1489 2175 1590 2231 τοῖς
1647 2166 1744 2227 δη-

120 2259 410 2321 λωθείσαις
446 2265 586 2332 τρισὶ
613 2258 894 2318 πολιτείαις
927 2275 939 2287 ⁸
986 2257 1416 2334 ἐκαρποφόρησαν
1465 2261 1566 2330 γάρ
1617 2278 1744 2320 τινες

120 2350 170 2400 ἐν
210 2349 432 2414 αὐταῖς,
461 2347 589 2399 ἀλλὰ
626 2353 716 2399 καὶ
763 2346 811 2398 ἐν
853 2355 926 2418 τῷ
955 2355 1144 2422 καιρῷ,
1177 2347 1293 2400 καθ’
1333 2347 1386 2399 ὃν
1417 2343 1697 2400 ἐδίδασκεν
1726 2366 1740 2380 ·

125 2437 369 2511 ἐροῦμεν,
401 2439 484 2489 ὅτι
513 2445 612 2488 τῶν
639 2435 835 2488 πολλῶν
876 2441 906 2494 ἡ
951 2441 1109 2488 κακία
1137 2435 1383 2489 καλύπτει
1411 2445 1510 2488 τῶν
1560 2437 1744 2508 ὀλίγων

125 2532 221 2584 τὴν
257 2527 479 2602 ἀρετὴν,
511 2530 600 2578 καὶ
643 2529 701 2577 τό
740 2531 842 2577 πᾶν
897 2523 997 2578 ἀπὸ
1045 2533 1137 2578 τοῦ
1175 2525 1539 2589 πλεονάζοντος
1577 2530 1748 2602 κρίνε-

118 2635 228 2668 ται.

231 2710 392 2760 ΚΕΦ.
431 2702 564 2758 MH'.
599 2708 724 2780 Περὶ
746 2711 836 2765 τῆς
868 2701 1101 2776 ἐχούσης
1121 2711 1322 2777 πνεῦμα
1346 2707 1636 2774 μσθενείας.

195 2884 304 2938 Ἰιν
334 2880 398 2936 δὲ
430 2879 706 2936 διδάσκων
735 2914 804 2923 —
841 2883 995 2938 ὀκτώ.
1029 2887 1300 2957 Δαιμόνιον
1331 2882 1641 2960 ἀρρωστίας,
1672 2886 1742 2956 μὴ

118 2972 214 3026 ἐῶν
246 2973 428 3032 αὐτὴν
449 2973 677 3044 ὑγιᾶναι.

195 3153 318 3208 Καὶ
362 3147 428 3210 ἦν
485 3180 555 3190 --
608 3155 994 3224 προσεφώνησε.
1045 3149 1457 3224 Σπλαχγνισθεὶς
1515 3151 1747 3206 ἕκαλεσεν

117 3243 326 3300 αὑτήν.

191 3335 313 3385 Καὶ
379 3360 450 3372 --
499 3333 641 3382 Θεὸν.
693 3332 963 3382 Πιστεύειν
1019 3334 1109 3383 καὶ
1162 3330 1495 3404 εὐγνωμονεῖν
1553 3331 1748 3404 ἔμελλεν

108 3423 140 3479 ἡ
175 3425 352 3492 γυνή.
387 3425 492 3473 Καὶ
517 3423 618 3493 γὰρ
649 3425 739 3472 καὶ
765 3416 840 3472 δι’
865 3419 1021 3473 αὐτὸν
1067 3417 1209 3486 ἦλθε,
1237 3427 1327 3474 καὶ
1360 3421 1564 3474 ἰαθεῖσα
1591 3422 1752 3495 εὔχα-

105 3518 304 3579 ριστεί
332 3529 346 3542 ο
383 3505 475 3562 διὸ
499 3513 587 3560 καὶ
611 3513 817 3581 ταχέως
847 3510 1009 3569 αὐτὴν
1036 3508 1366 3585 ἐθεράπευσε,
1386 3511 1522 3584 λόγῳ
1548 3515 1657 3584 μὲν,
1683 3515 1752 3575 ὡς

108 3607 276 3667 Θεὸς,
320 3599 558 3651 ἔπιθίσει
584 3595 646 3651 δε
681 3607 894 3675 χειρῶν,
921 3601 990 3662 ὡς
1011 3601 1298 3675 ἄνθρωπος,

183 3781 444 3833 Ἐτύπου
476 3772 535 3830 δὲ
565 3778 594 3835 ἡ
627 3780 756 3849 γυνὴ
805 3775 937 3832 αὕτη
992 3781 1086 3836 τὴν
1135 3782 1310 3836 κοινὴν
1353 3776 1747 3852 ἁνθρωπότητα,

109 3876 240 3930 ταῖς
311 3866 582 3940 ἕπηρείαις
634 3873 726 3918 τοῦ
784 3871 985 3918 Σατανᾶ
1049 3864 1440 3936 ἀσθενήσασαν,
1504 3874 1592 3922 καὶ
1652 3871 1752 3923 ὑπὸ

99 3969 215 4011 τῶν
268 3958 466 4010 παθῶν
520 3953 588 4015 εἰς
642 3962 742 4026 γῆν
807 3958 1234 4026 συγκύπτουσαν,
1293 3961 1382 4009 καὶ
1411 3963 1588 4030 χαμαὶ
1631 3963 1755 4034 πρὸς

101 4053 176 4099 τὰ
227 4047 419 4120 γεηρά
491 4047 800 4116 συρομένην,
863 4049 953 4096 καὶ
1013 4049 1085 4116 μὴ
1149 4041 1436 4118 δυναμένην
1491 4046 1756 4120 ἀνακύψαι

96 4139 258 4199 ὅλως
285 4138 430 4209 πρὸς
461 4135 527 4185 τὰ
579 4133 794 4206 οὐράνια
837 4138 927 4185 καὶ
981 4135 1094 4186 θεῖα
1143 4139 1234 4186 καὶ
1284 4139 1458 4202 νοητὰ,
1494 4137 1554 4195 ἣν
1593 4139 1754 4202 οὕτως

97 4229 366 4285 ἐλεεινῶς
417 4225 672 4294 ἔχουσαν,
730 4226 964 4296 ᾤκτειρεν
1021 4224 1047 4275 ό
1107 4223 1347 4286 πλάστης
1430 4225 1608 4292 αὐτῆς,
1667 4231 1756 4279 καὶ

93 4317 349 4370 ἐκάλεσε
409 4316 544 4384 πρὸς
606 4311 784 4364 ἑαυτὸν
845 4309 939 4364 διὰ
980 4319 1072 4366 τοῦ
1112 4313 1450 4386 Εὐαγγελίου,
1478 4321 1568 4368 καὶ
1598 4315 1757 4391 ἀνώρ-

1856 1815 2037 1870 mani.
2052 1816 2212 1870 Tunc
2225 1813 2382 1869 enim
2397 1813 2746 1883 generaliter
2762 1829 3137 1885 synagogam
3154 1813 3501 1868 Iudaeorum

1855 1903 2120 1960 excidita
2146 1909 2299 1959 terra
2323 1902 2422 1958 illa
2455 1918 2523 1970 ;a
2552 1902 2684 1958 loco
2734 1903 2862 1975 ejus
2919 1903 3370 1958 Christianorum
3401 1903 3502 1956 Ec-

1854 1993 2090 2050 clesiam
2145 1991 2447 2064 plantavit,
2505 2007 2640 2064 quae
2697 1992 2958 2048 fructum
3018 2007 3251 2063 semper
3307 1989 3498 2046 aﬂ‘ert.

1855 2083 2023 2150 Quod
2045 2082 2092 2137 si
2118 2082 2253 2154 quis
2285 2081 2444 2138 dicat
2484 2098 2499 2138 :
2539 2085 2665 2138 Non
2701 2097 2932 2152 semper
2985 2079 3335 2152 infrugifera
3380 2084 3503 2136 erat

1858 2175 2172 2245 Synagoga
2213 2172 2555 2228 Iudaeorum
2577 2173 2637 2226 in
2673 2170 2972 2243 praedictis
3005 2160 3189 2226 tribus
3208 2170 3502 2242 guberna-

1856 2262 2115 2319 tionibus
2140 2279 2154 2328 ;
2178 2261 2421 2334 quidam
2449 2261 2608 2317 enim
2630 2262 2778 2317 inter
2794 2277 2892 2316 eos
2911 2259 2993 2332 (η)
3021 2259 3269 2316 fructum
3298 2258 3504 2315 attule-

1854 2356 1989 2406 runt
2012 2351 2190 2406 etiam
2215 2358 2481 2423 tempore
2502 2367 2620 2423 quo
2646 2350 2897 2406 docebat
2922 2350 3213 2416 Christus;
3235 2348 3504 2404 dicemus

1853 2439 2019 2512 quod
2063 2440 2383 2496 multorum
2424 2440 2649 2496 malitia
2686 2455 3011 2512 paucorum
3041 2439 3297 2494 occultat
3327 2438 3503 2494 virtu-

1856 2533 1997 2597 tem;
2012 2535 2147 2586 etex
2161 2529 2490 2602 eo,quodin
2507 2530 2637 2602 ipso
2650 2527 3200 2601 abundat,quidvisj
3213 2526 3502 2584 udicatur.

1857 2707 2014 2764 CAP.
2036 2707 2369 2765 XLVIII.De
2386 2708 2634 2763 muliere
2663 2712 2992 2770 contracta,
3024 2703 3302 2776 spiritum
3333 2704 3507 2773 inﬁr-

2427 2795 2644 2852 mitatis
2675 2795 2933 2852 habente.

1932 2887 2100 2944 Vers.
2142 2888 2228 2943 10.
2259 2886 2721 2942 Docebatautem
2753 2917 2821 2928 -
2853 2887 3010 2940 Vers.
3047 2884 3134 2939 it.
3191 2890 3341 2939 octo.
3386 2881 3507 2937 Dae-

1865 2975 2132 3032 monium
2196 2973 2634 3043 imbecillitatis,
2694 2989 2818 3030 non
2863 2973 3064 3029 sinens
3107 2972 3274 3029 illam
3315 2971 3511 3029 vivere

1783 3079 1826 3135 c
1860 3082 1999 3122 cum
2029 3065 2237 3122 salute.

1931 3159 2092 3211 Vers.
2130 3155 2220 3212 11.
2249 3155 2508 3226 Eratque
2537 3183 2603 3196 -
2628 3153 2792 3209 Vers.
2855 3156 2936 3209 t2.
2996 3158 3244 3210 vocavit.
3292 3151 3512 3209 Miseri-

1859 3245 2064 3302 cordia
2090 3250 2288 3301 motus
2309 3243 2540 3300 vocavit
2565 3242 2750 3299 illam.

1934 3336 2089 3390 Vers.
2115 3336 2203 3392 12.
2234 3335 2400 3389 Et—
2429 3333 2592 3388 Vers.
2639 3336 2722 3389 t3.
2780 3331 2981 3388 Deum.
3037 3330 3344 3389 Creditura
3387 3334 3514 3387 erat

1862 3423 2144 3480 mulieret
2190 3429 2356 3497 grata
2403 3423 2623 3481 futura.
2671 3421 2986 3494 Siquidem
3028 3421 3209 3478 etiam
3272 3427 3515 3493 propter

1859 3514 2061 3586 ipsum
2090 3517 2348 3577 venerat,
2377 3516 2433 3568 et
2473 3516 2686 3568 sanata
2706 3511 2929 3583 gratias
2961 3512 3105 3581 agit.
3138 3509 3276 3566 Ideo
3304 3509 3516 3566 veloci-

1861 3609 1948 3660 ter
1975 3619 2110 3659 eam
2149 3603 2395 3669 curavit;
2427 3595 2612 3657 verbo
2641 3600 2904 3674 quidem,
2941 3605 3002 3656 ut
3033 3600 3516 3666 Deus,manuum

1861 3708 2003 3749 vero
2028 3690 2436 3765 impositione,
2487 3696 2764 3763 tanquam
2812 3689 3016 3746 homo.

1935 3783 2252 3854 Figurabat
2280 3781 2408 3837 haec
2434 3780 2643 3836 mulier
2664 3795 3052 3836 communem
3078 3778 3518 3834 humanitatem

1865 3873 2099 3929 Satanse
2129 3871 2447 3927 insultibus
2472 3869 2868 3938 debilitatam,
2891 3875 2945 3925 et
2977 3868 3055 3924 ab
3109 3867 3417 3924 affectibus
3456 3869 3518 3922 in

1865 3967 2080 4018 terram
2105 3961 2472 4024 inclinatam,
2496 3976 2564 4014 ac
2587 3959 2754 4014 humi
2785 3959 2862 4014 ad
2882 3963 3113 4014 terrena
3125 3962 3515 4014 contractam:

1863 4067 1975 4107 nec
2003 4050 2251 4106 omnino
2277 4055 2574 4120 potentem
2605 4049 2676 4102 ad
2700 4047 2984 4113 coelestia,
3017 4047 3220 4102 divina
3253 4062 3323 4101 ac
3353 4045 3520 4101 intel-

1864 4139 2114 4210 ligibilia
2151 4142 2327 4211 caput
2373 4154 2611 4193 sursum
2658 4139 2902 4206 erigere,
2954 4135 3128 4206 cujus
3177 4136 3259 4190 ita
3308 4135 3517 4189 misere

1865 4229 2134 4286 habentis
2173 4230 2455 4283 misertus
2505 4231 2612 4281 est.
2673 4225 2771 4296 qui
2832 4241 2964 4280 eam
3004 4224 3363 4279 formaverat
3406 4237 3417 4276 :
3463 4227 3519 4276 et

1866 4335 1973 4392 per
1999 4316 2385 4386 Evangelium
2417 4315 2496 4371 ad
2524 4330 2585 4370 se
2611 4312 2850 4369 vocavit
2888 4328 2958 4368 ac
2983 4311 3186 4376 erexit,
3223 4316 3284 4365 ut
3334 4309 3514 4374 viam,

99 4410 305 4460 θωσεν
340 4403 418 4464 εἰς
440 4404 500 4454 τὸ
523 4401 822 4476 εὐθυπορεῖν
869 4405 964 4460 τὴν
1015 4405 1148 4479 πρὸς
1207 4403 1418 4478 οὐρανόν
1459 4403 1742 4479 ἀνάγουσαι

1879 4423 2002 4481 quae
2033 4406 2094 4463 in
2124 4404 2339 4462 ccelum
2378 4403 2562 4473 ducit,
2604 4407 2766 4459 recta
2804 4400 3098 4458 transiret.

87 4493 279 4550 ὁδόν.

175 4582 549 4658 ’Δποκριθεὶς
599 4611 669 4622 -
710 4579 998 4634 Σαϐϐάτου.
1051 4584 1184 4658 Πρὸς
1240 4586 1326 4636 τὸν
1386 4589 1617 4657 Χριστόν
1672 4589 1756 4641 οὐ·

85 4673 202 4730 δἐν
293 4674 465 4740 εἶπεν,
516 4669 886 4743 εὐλαϐούμενος
952 4675 1046 4730 τὴν
1099 4671 1522 4746 ὑπερϐάλλουσαν
1572 4675 1756 4751 ἀρετὴν

95 4783 332 4818 αντ-ου.

178 4851 510 4929 Ἀπεκρίθη
575 4879 646 4893 --
704 4846 970 4902 Σαϐϐάτου
1023 4868 1042 4922 ς
1109 4847 1419 4928 ’Υποκριτὰς
1469 4854 1576 4928 (38)
1636 4855 1758 4910 {LW}-

1943 4583 2088 4640 Vers
2149 4585 2230 4639 14.
2273 4580 2649 4651 Respondens
2679 4611 2748 4621 —
2795 4574 3044 4633 Sabbati.
3093 4573 3320 4631 Christo
3374 4571 3518 4630 nihil

1867 4675 2030 4741 dixit,
2063 4673 2280 4731 veritus
2303 4669 2587 4728 eximiam
2609 4669 2738 4742 ejus
2782 4667 3085 4724 virtutem.

1939 4855 2102 4911 Vers.
2153 4849 2242 4906 i5.
2302 4844 2617 4919 Respondit
2677 4875 2743 4886 —
2797 4840 2961 4900 Vers.
3024 4841 3110 4896 t6.
3189 4837 3431 4897 Sabbati
3489 4835 3518 4895 ‘I

1367 5033 1588 5104 Variae
1617 5035 1950 5108 lectiones
1990 5041 2058 5105 et
2087 5041 2266 5103 notae

169 5228 333 5302 (3‘7)
360 5232 538 5283 nunc
566 5225 769 5309 ipsum
799 5222 1000 5309 locum
1023 5225 1272 5309 respicit
1300 5230 1615 5309 gregorius
1645 5235 1752 5309 Na-

62 5298 503 5375 zia'nzenqs,
521 5299 627 5369 qui
657 5314 796 5354 cum
850 5298 1156 5375 codicibus
1203 5298 1549 5359 melioribus
1592 5303 1752 5375 legit,

61 5368 356 5451 inbuatur.
392 5368 606 5451 Habét_
639 5375 841 5451 autem
899 5368 1190 5451 περιϐαλεῖν
1246 5377 1458 5451 κόπρια,
1525 5392 1582 5448 ρ.
1626 5368 1752 5451 ἶδβ,

63 5441 301 5514 mea.
337 5448 564 5502 lterum
591 5441 754 5498 hunc
778 5441 980 5499 locum
1011 5441 1546 5516 attingens,eodeni
1573 5441 1754 5505 modo

1864 5232 2063 5290 refert.
2095 5234 2200 5287 239
2230 5227 2334 5284 ﬂn.
2364 5225 2503 5283 Utor
2529 5224 2732 5279 autem
2746 5219 3004 5276 editione
3037 5214 3304 5288 Gregorii
3332 5216 3518 5274 Basil.

1865 5307 2006 5361 1550
2045 5296 2573 5375 quamquondam
2606 5292 2842 5375 juvenis
2875 5295 3303 5375 ‘tractaveram.

1937 5359 2311 5462 (3§)'Etenim
2339 5369 2393 5424 iu
2426 5371 2586 5424 textu
2607 5359 2837 5420 habent
2866 5361 3164 5437 ὑποκριταί,
3227 5375 3349 5416 non
3396 5359 3520 5410 ὑπο-

1863 5467 2038 5520 κριτα.

161 5599 301 5673 (n)
339 5597 510 5673 Inter
532 5607 660 5673 eos.
697 5591 1286 5673 Videturinvenisse,
1317 5594 1364 5650 ἒν
1395 5597 1591 5662 αὐτοῖς.
1623 5597 1742 5656 Μδιι

1879 5608 1909 5652 ιν
1941 5596 2144 5663 αὐταῖς,
2187 5593 2246 5650 id
2278 5596 2385 5662 est,
2417 5595 2532 5652 ταῖς
2558 5589 2706 5665 τρισί
2744 5583 2980 5641 πολιτεία
3021 5587 3084 5647 ις.
3112 5584 3263 5653 Ergo
3283 5581 3346 5636 in
3373 5580 3517 5637 istis.

72 5663 450 5735 Μόιέιιιε
488 5664 665 5722 etiam
701 5663 1040 5724 addiderim
1071 5669 1234 5741 quin.

433 5763 678 5822 ΡΑτιιοι..
720 5763 826 5823 Gn.
866 5762 1111 5826 CXXIX.

3171 5751 3243 5813 32
