3994 6218
542 248 676 313 1003

3210 44 3323 61 am

1881 244 2231 306 EUTHYMII
2267 240 2590 303 ZlGABENl
3714 248 3802 308 1004

542 379 892 455 Hypocritas
924 377 1249 434 nominavit
1275 391 1375 429 eos
1418 375 1522 447 qui
1580 389 1713 429 cum
1780 373 2044 446 principe
2093 376 2190 445 Sy-

2309 393 2443 445 μασε
2474 378 2593 436 τοὺς
2618 376 2751 427 κατὰ
2782 374 2895 445 (39)
2945 379 3030 426 τὸν
3076 374 3526 447 ἀρχισυνάγωγον,
3575 380 3630 437 ὡς
3650 380 3808 452 ὑποκρι-

543 487 795 543 ιιδεοεω
834 473 1001 524 erant
1029 470 1248 536 :utpote
1289 462 1600 531 ﬁngentes,
1636 478 1699 517 se
1729 461 1919 532 legem
1946 463 2190 519 Sabhati

541 561 858 621 honorare,
892 556 992 609 sed
1037 556 1148 609 hoc
1166 559 1449 624 praetextu
1474 568 1646 607 suam
1673 552 1959 607 invidiam
1995 552 2197 606 defen-

543 649 774 712 dentes,
802 662 871 701 ac
888 643 1374 713 sanitatem,quaa
1405 641 1679 697 Sabbatis
1706 641 1964 707 daretur,
1998 641 2195 713 prohi-

542 735 751 791 bentes
794 732 963 805 :quia
996 731 1258 788 Sabbato
1294 730 1672 802 potissimum
1740 730 2009 795 curabat,
2066 730 2196 785 ideo

540 825 707 896 quod
731 827 869 878 tunc
899 838 1222 877 concursus
1244 826 1399 875 esset
1430 821 1751 885 turbarum,
1771 825 1827 875 et
1858 826 1998 876 tunc
2029 819 2197 875 vehe-

545 918 776 968 menter
805 911 1185 968 admirationi
1236 908 1587 965 habebatur.

616 1000 1091 1072 Authypocritas
1121 999 1287 1066 dixit,
1342 998 1485 1070 puia
1544 997 1873 1068 ﬁngebant,
1943 1014 2006 1053 se
2051 998 2195 1053 scire

545 1092 760 1162 legem,
791 1090 919 1159 ejus
937 1088 1879 1156 autemintellectumignorabant
1910 1103 1923 1142 :
1968 1088 2015 1143 si
2036 1103 2196 1143 enim

549 1196 753 1236 curam
769 1177 1386 1248 irrationalisjuinenti
1406 1175 1992 1248 permittebat,multo
2005 1176 2195 1244 magis

548 1268 875 1333 rationalis,
896 1267 1223 1337 cumlonge
1260 1265 1567 1338 pretiosior
1583 1266 1655 1321 sit
1688 1266 1872 1321 homo
1901 1266 2194 1337 jumento.

619 1446 782 1501 Vers.
816 1446 901 1500 17.
938 1445 1197 1515 Cmnque
1225 1443 1348 1499 haec
1377 1444 1597 1499 diceret
1640 1474 1703 1483 —-
1755 1445 1901 1513 ejus.
1960 1444 2198 1513 Propter

548 1535 1083 1607 reprehensionem,
1131 1534 1223 1587 cui
1270 1533 1663 1587 contradicere
1726 1549 1845 1588 non
1910 1540 2195 1605 poterant.

622 1627 779 1680 Vers.
809 1625 890 1680 t7.
920 1625 992 1679 Et
1018 1623 1206 1678 omnis
1245 1652 1312 1662 -
1351 1638 1434 1677 eo.
1492 1625 1803 1694 Tanquam
1853 1622 1929 1677 ab
1978 1623 2199 1679 invidia

548 1714 754 1780 libera,
779 1720 834 1769 et
863 1718 1154 1784 tanquam
1180 1712 1256 1767 ab
1287 1712 1420 1782 ipso
1448 1712 1660 1767 atlecta
1703 1712 2018 1770 beneﬁcio.

944 1802 1094 1857 CAP.
1136 1801 1318 1855 XLIX.
1363 1801 1440 1857 De
1482 1802 1802 1870 parabolis.

623 1893 789 1948 Vers.
840 1892 919 1947 18.
955 1891 1195 1947 Dicebat
1228 1921 1290 1929 -—
1334 1891 1491 1945 Vers.
1533 1895 1612 1947 l9.
1644 1891 1825 1947 ramis
1857 1894 2003 1961 ejus.
2034 1892 2197 1947 Hanc

552 1982 997 2038 similitudinem
1027 1980 1259 2034 vocavit
1282 1980 1584 2035 Matthaaus
1617 1981 1982 2051 parabolam,
2011 1998 2198 2054 quam

552 2072 780 2128 tertiam
807 2069 1102 2125 ordinavit
1150 2068 1427 2123 vicesimo
1485 2075 1702 2140 quarto
1758 2071 2058 2141 Evangelii
2106 2072 2199 2126 sui

552 2160 766 2230 capite,
809 2163 867 2213 et
903 2157 1261 2228 inipsolege
1292 2158 1420 2226 ejus
1467 2158 1899 2214 enarrationem
1941 2162 1983 2212 ³.

621 2250 785 2304 Vers.
816 2247 901 2301 20.
946 2248 1262 2301 Rursus—
1310 2247 1470 2300 Vers.
1521 2246 1613 2303 21.
1670 2254 1869 2302 totum.
1930 2251 2046 2304 Hoc
2091 2257 2196 2320 est,

551 2344 675 2395 tota
701 2336 909 2392 farina.
947 2338 1107 2391 lianc
1138 2351 1379 2406 quoque
1420 2335 1865 2391 similitudinem
1898 2338 1992 2393 ille
2042 2338 2200 2394 dicto

552 2427 736 2499 capite
750 2425 1070 2482 nominans
1084 2423 1673 2496 parabolam,quarto
1690 2426 1821 2481 loco
1835 2426 2198 2493 collocavit‘,

553 2524 609 2575 et
635 2532 834 2591 qurere
856 2516 1033 2571 etiam
1058 2515 1139 2569 ibi
1171 2517 1301 2584 ejus
1346 2515 1912 2585 interpretationem.

622 2609 663 2676 αι’
697 2606 732 2672 ’1-
784 2607 918 2660 Haec
968 2604 1193 2659 habent
1236 2606 1780 2675 interpretationem
1834 2608 2199 2663 accuratissi-

548 2713 733 2753 mam.
765 2694 964 2751 Mulier
1006 2695 1165 2749 enim
1221 2699 1308 2748 est
1362 2693 1618 2748 Ecclesia
1656 2694 1803 2765 Dei;
1859 2695 2198 2751 fermentum

545 2791 769 2850 autem,
801 2783 1004 2839 divina
1031 2789 1136 2837 eta
1164 2784 1283 2837 Deo
1307 2782 1525 2853 scripta
1546 2782 1676 2847 lex;
1708 2788 1820 2839 tres
1839 2800 1975 2839 vero
1997 2792 2196 2857 partes

546 2881 765 2933 mentis,
794 2878 931 2927 sunt
964 2873 1073 2927 tria
1100 2878 1250 2938 sata,
1286 2871 1532 2926 allectus
1583 2873 1996 2941 vehementior,
2034 2874 2198 2929 intel-

544 2964 731 3020 lectus
760 2968 814 3017 et
838 2962 1198 3016 desiderium
1233 2960 1538 3015 meliorum
1570 2978 1842 3032 operum,
1880 2964 1937 3017 in
1973 2964 2197 3036 quibus

2306 468 2546 534 νομένους
2576 468 2664 535 μεν
2694 470 2846 535 τιμᾲν
2874 468 2959 515 τὸν
2988 473 3076 516 τοῦ
3101 465 3363 517 Σαϐϐάτου
3385 464 3809 537 νομον,ἐιιδικονντας

2309 548 2367 605 δὲ
2397 557 2481 604 τον
2515 555 2693 625 φθονον
2743 554 2955 618 ἑαυτῶν,
3012 560 3095 605 καὶ
3126 556 3415 617 κωλύοντας
3436 562 3521 612 τὴν
3546 559 3589 607 ἐν
3632 558 3811 627 Σαϐϐάτῳ

2309 642 2600 713 θεραπείαν,
2642 638 2780 694 διότι
2808 642 2856 694 ἐν
2889 642 3133 714 Σαϐϐάτῳ
3164 643 3393 713 μάλιστα
3445 647 3711 716 θεραπεύων,
3752 645 3813 697 διὰ

2306 736 2397 788 τήν
2428 740 2712 788 τηνικαῦτα
2742 728 3041 805 συνδρομὴν
3066 742 3165 784 τῶν
3194 732 3361 804 ὄχλων
3396 742 3653 790 τηνικαντα
3690 732 3816 805 διαφε-

2305 826 2492 893 ρόντως
2515 820 2859 893 ἐθαυμάζετο.

2376 998 2443 1051 Ἠ
2497 1002 2565 1060 ὡς
2628 1002 3059 1074 ὑποκρινομένους
3139 1004 3227 1072 μὲν
3316 998 3501 1053 εἰδέναι
3562 1006 3634 1053 τὸν
3707 1010 3816 1073 scito:

2307 1090 2611 1160 ἀγνοοῦντας
2644 1086 2703 1141 δὲ
2737 1095 2829 1148 τὴν
2863 1087 3097 1141 διάνοιαν
3146 1094 3323 1142 αὑτοῦ.
3361 1092 3416 1142 1-ἰί
3467 1094 3560 1164 γὰρ
3586 1097 3664 1148 τήν
3696 1090 3819 1162 ἐπιμέ-

2304 1177 2441 1230 λειαν
2482 1187 2571 1231 τοῦ
2614 1179 2801 1251 ἀλόγου
2836 1180 2972 1240 ζῶον
3004 1188 3341 1251 συνεχώρησε
3362 1180 3658 1251 (40),πολλῷ
3683 1182 3819 1251 μᾶλλον

2306 1272 2398 1325 τὴν
2438 1276 2528 1320 τοῦ
2554 1268 2767 1339 λογικοῦ
2798 1289 2811 1301 '
2837 1276 3135 1342 τιμιώτερος
3163 1273 3264 1343 γαρ
3288 1280 3378 1321 τοι)
3408 1276 3610 1330 κτήνους
3634 1272 3655 1321 ὁ
3682 1272 3821 1342 ἀνθρω-

2305 1377 2371 1409 πο
2381 1379 2419 1419 ς.

2381 1452 2478 1499 Καὶ
2502 1455 2667 1499 ταῦτα
2717 1447 2950 1518 λέγοντος
2984 1479 3053 1490 —-
3100 1448 3259 1518 αὐτῷ.
3295 1451 3390 1500 Διὰ
3420 1452 3501 1500 τὸν
3533 1447 3820 1521 ἀναντίρρητον

2306 1537 2542 1608 Ely/xor.

2381 1632 2479 1679 Καὶ
2510 1634 2607 1686 πᾱις
2630 1656 2701 1667 -
2739 1627 2916 1679 αὐτοὺ.
2938 1627 3025 1689 Ὠς
3052 1626 3440 1700 ἀπηλλαγμένος
3470 1626 3739 1700 βασκανίας,
3760 1631 3821 1676 καὶ

2230 1729 2274 1781 Β
2308 1719 2375 1778 ὡς
2397 1716 2808 1788 εὐεργετούμενος
2848 1718 2932 1768 ὑπ’
2960 1717 3141 1768 αὑτοῦ.

2623 1811 2765 1858 ΚΕΦ.
2813 1812 2909 1858 ΜΘ
2996 1811 3117 1877 Περὶ
3146 1816 3242 1857 τῶν
3274 1805 3588 1880 παραϐολῶν.

2378 1893 2553 1964 Ἔλεγε
2591 1926 2658 1934 -
2698 1890 2914 1955 κλάδοις
2938 1894 3116 1947 αὐτου.
3146 1898 3351 1952 Ταύτην
3384 1901 3474 1953 τὴν
3503 1897 3735 1966 ὁμοίωσιν,
3754 1912 3826 1943 πι-

2308 1982 2525 2055 ραϐολὴν
2556 1984 2818 2055 ὠνόμασεν
2851 1986 2875 2034 ὁ
2916 1987 3197 2043 Ματθαῖος,
3243 1985 3301 2041 ἣν
3327 1990 3416 2036 καὶ
3453 1990 3617 2057 τρίτην
3647 1982 3778 2042 ἔταξεν
3796 1980 3827 2029 τι

2309 2081 2381 2141 τῷ
2409 2072 2625 2143 εἰκοστῷ
2651 2076 2873 2144 τετάρτῳ
2904 2074 3161 2144 κεφαλαίῳ
3188 2074 3371 2130 αὐτου.
3400 2081 3491 2126 Kai
3526 2073 3741 2142 ἀνάγνωθι
3763 2076 3828 2125 τὶν

2312 2160 2559 2232 ἐξήγησιν
2582 2162 2741 2223 αὐτῆς
2776 2160 2822 2212 ἐν
2848 2161 3035 2232 ἐκείνῳ,

2384 2251 2541 2303 Πάλιν
2568 2282 2635 2290 ——
2661 2252 2793 2305 ὅλον.
2826 2250 2978 2302 ’Ὀλον
3005 2254 3063 2302 τὸ
3093 2252 3324 2325 ἄλευρον.
3374 2258 3470 2304 Καὶ
3505 2254 3674 2307 ταύτην
3699 2245 3745 2300 δε
3763 2252 3827 2303 τήν

2311 2343 2557 2412 ὁμοίωσιν
2589 2344 2837 2402 ὡσαύτως
2866 2342 2976 2411 (41)
3011 2340 3308 2413 παραϐολὴν
3334 2340 3520 2401 ἐκεῖνος
3557 2341 3771 2410 ὀνομάσας
3794 2338 3827 2385 ἐν

2310 2429 2481 2501 ἐκείνῳ
2529 2440 2600 2500 τῳ
2630 2431 2886 2501 κεφαλαίῳ
2936 2430 3051 2503 (42)
3078 2434 3324 2503 τετάρτην
3358 2432 3519 2497 ἔταξε,
3559 2437 3632 2480 καὶ
3661 2434 3826 2491 ζήτησον

2309 2525 2398 2571 καὶ
2429 2525 2519 2579 τὴν
2548 2523 2743 2581 ταύτης
2769 2520 3036 2592 ἑρμηνείαν
3072 2520 3194 2576 ἐκεῖ.

2379 2608 2581 2681 [Ταῦτα
2609 2610 2719 2679 (4³)
2774 2612 2991 2679 ἔχουσιν
3023 2608 3271 2679 έξάγησιν
3323 2608 3697 2681 ἀκριϐεστάτην.
3738 2606 3829 2655 Γυνή

2308 2703 2397 2771 μέν
2429 2698 2588 2764 ἐστιν,
2642 2700 2667 2755 ἕ)
2708 2702 2833 2751 Θεοῦ
2878 2698 3165 2755 Ἐκκλησία
3199 2719 3209 2729 ·
3250 2700 3390 2769 ζύμη
3435 2696 3511 2765 δὲ,
3561 2699 3584 2748 ὁ
3636 2699 3743 2752 θεῖος
3772 2698 3833 2741 χαι

2311 2788 2592 2859 θεόγραφος
2629 2793 2779 2860 νόμος
2822 2805 2832 2816 ’
2875 2788 3063 2859 ψυχῆς
3090 2808 3139 2839 τε
3168 2794 3433 2862 τριμερία,
3484 2790 3543 2839 τὰ
3593 2790 3695 2853 τρία
3720 2784 3830 2835 σάτα.

2310 2877 2486 2947 Θυμὸς,
2518 2876 2682 2947 λογος,
2710 2879 2868 2938 πόθος
2893 2896 2945 2929 τε
2976 2882 3271 2945 κρειττόνων
3301 2880 3481 2948 ἔργων,
3526 2874 3569 2927 ἐν
3599 2874 3663 2933 οἷς
3698 2872 3833 2925 ὀθεῐῦς

2311 2968 2663 3037 σνμφυραθείς
2693 2987 2801 3027 πως
2821 2966 3119 3037 λόγος,ὅλην
3150 2970 3489 3038 συνεζύμωσε
3506 2970 3591 3021 τὴν
3608 2961 3833 3029 redvxi;

545 3054 784 3109 divinus
814 3050 1141 3106 intellectus
1183 3050 1637 3121 quodammodo
1693 3052 2196 3109 contermentatus
2233 3079 2275 3136 ρ
2309 3058 2481 3126 φύσιν.
2515 3054 2536 3127 ]

547 3148 731 3198 totam
761 3141 970 3196 mentis
1001 3146 1277 3194 naturam
1324 3139 1502 3193 simul
1553 3138 1946 3197 fermentavit.

548 3232 681 3287 CAP
717 3273 729 3285 .
764 3230 925 3285 L.De
950 3228 1144 3300 eo,qui
1174 3228 1491 3283 Dominum
1509 3230 2201 3301 interi-ogabat,anpaum'

758 3326 957 3384 essent,
1003 3318 1105 3390 qui
1163 3320 1408 3373 salutem
1471 3329 1976 3390 consequerentur.

617 3410 782 3466 Vers.
802 3412 890 3462 22.
907 3409 981 3463 Et
997 3409 1232 3462 —Vers.
1253 3407 1341 3462 23.
1360 3408 1714 3478 quisalutem
1729 3410 2199 3481 consequuntur?

548 3498 719 3563 Εἶπεν,
751 3498 928 3563 dixit,
971 3498 1210 3567 ponitur
1257 3497 1370 3551 hoc
1412 3496 1546 3552 loco
1603 3513 1732 3568 pro,
1794 3499 2198 3567 interrogavit.

552 3588 807 3654 Quidam
860 3592 1060 3641 autem
1122 3586 1579 3656 interpretantur
1650 3583 1805 3651 εἶπεν,
1859 3588 1921 3655 εἰ,
1976 3588 2031 3641 id
2090 3597 2197 3653 est,

552 3676 737 3741 Dixit,
778 3674 998 3744 sane(o)
1043 3691 1056 3741 ;
1088 3676 1148 3727 ut
1178 3674 1251 3729 sit
1290 3689 1544 3728 sensus:
1588 3674 1780 3730 Dixit:
1833 3676 1984 3731 Sane
2025 3678 2202 3748 pauci

550 3770 708 3831 sunt,
736 3764 837 3835 qui
865 3762 1188 3818 salvantur.

621 3852 779 3907 Vers.
809 3855 896 3907 23.
927 3851 1058 3918 [pse
1092 3865 1227 3906 vero
1283 3881 1352 3890 —
1402 3850 1576 3907 Vers.
1636 3852 1729 3909 24.
1791 3854 2052 3911 Portam.
2113 3856 2201 3912 Ad

547 3940 1073 4011 interrogationem
1108 3940 1354 4011 quidem
1396 3956 1512 3995 non
1546 3942 1872 4013 respondit,
1926 3961 1996 4000 eo
2040 3948 2201 4018 quod

550 4031 849 4103 supertlua
879 4035 1033 4084 esset
1081 4034 1133 4085 et
1192 4028 1496 4101 insipiens.
1558 4031 1707 4094 Quid
1747 4034 1902 4087 enim
1966 4036 2206 4105 prodest

547 4122 776 4177 discere
801 4163 814 4185 ,
851 4119 1107 4191 paucine
1140 4118 1276 4185 sint,
1319 4136 1394 4174 an
1427 4121 1615 4188 multi,
1668 4123 1770 4193 qui
1830 4124 2134 4181 salventur
2186 4144 2198 4181 :

551 4211 742 4268 solum
775 4214 976 4266 autem
1003 4210 1149 4265 dixit
1201 4210 1440 4264 modum
1498 4227 1619 4282 quo
1666 4220 1862 4283 posset
1900 4215 2200 4285 quispiam

551 4302 753 4359 salvus
782 4300 932 4365 ﬁeri,
973 4306 1030 4354 et
1075 4299 1273 4354 docuit
1326 4299 1491 4371 quod
1543 4300 1621 4355 ad
1676 4300 1929 4357 salutem
1973 4304 2199 4373 ingredi

549 4397 815 4463 oporteat
847 4405 951 4462 per
984 4394 1296 4459 angustam
1336 4397 1611 4459 portam;
1650 4390 1765 4446 hoc
1794 4392 1954 4448 enim
2004 4396 2200 4465 potius

557 4480 955 4536 necessarium
983 4482 1110 4533 erat
1158 4478 1413 4533 discere.

622 4570 703 4623 De
734 4574 991 4637 angusta
1023 4573 1210 4623 autem
1250 4572 1420 4639 porta
1448 4566 1673 4624 dictum
1704 4576 1789 4624 est
1813 4570 2205 4643 quintojuxta

552 4657 893 4715 Matthaaum
926 4657 1137 4727 capite,
1175 4661 1232 4713 et
1268 4656 1352 4712 ibi
1408 4674 1610 4729 quaere
1640 4658 1776 4714 dicti
1818 4660 1978 4715 illius
2027 4662 2205 4720 inter-

552 4745 937 4817 pretationem
975 4761 986 4798 :
1020 4746 1250 4801 [nhale
1266 4763 1367 4817 per
1396 4756 1935 4817 angustamportam
1967 4753 2009 4807 ⁵.

626 4844 646 4878 ³
674 4843 871 4899 Matth.
898 4859 1020 4907 xm,
1063 4848 1148 4897 3t.
1182 4844 1332 4899 Ibid.
1358 4849 1445 4900 33.
1550 4848 1570 4881 ⁸
1610 4848 1804 4903 Matth.
1832 4865 1925 4914 vn,
1982 4854 2067 4909 13.

2234 4435 2283 4490 D

2437 3240 2579 3287 ΚΕΦ.
2610 3233 2689 3287 Ν’.
2720 3239 2842 3308 Περὶ
2872 3242 2964 3286 τοῦ
2997 3237 3431 3307 ἐπερωτήσαντος,
3467 3233 3509 3288 εἰ
3547 3232 3689 3304 ὀλίγοι
3713 3229 3751 3280 οἱ

2950 3324 3254 3395 σωζόμενοι.

2382 3416 2481 3463 Καὶ
2527 3441 2595 3451 -
2629 3411 2915 3482 σωζόμενοι
2944 3428 2956 3477 ;
2990 3411 3243 3463 ⁹Ενταὺθα
3301 3417 3360 3463 τὸ
3426 3410 3575 3473 εἶπεν,
3624 3408 3713 3458 imi
3754 3409 3832 3467 τοὺ,

2310 3500 2550 3572 ἠρώτησε
2605 3502 2852 3556 τέθειται.
2891 3503 3031 3562 Τινὲς
3074 3497 3132 3552 δὲ
3169 3500 3280 3571 (44)
3310 3505 3371 3552 τὸ
3417 3501 3461 3552 εἰ
3500 3499 3603 3551 αντὶ
3648 3487 3833 3566 τοὺ,ἆρι

2312 3589 2699 3662 ἑρμηνεύουσιν,
2733 3588 2860 3658 οἷον¹
2891 3589 3029 3664 Ἀρα
3055 3589 3219 3660 ὀλίγοι
3246 3592 3295 3641 oi
3329 3591 3609 3661 σωζόμενοι
3639 3603 3651 3652 ;

2380 3856 2438 3908 Ὀ
2501 3852 2559 3909 δε
2608 3887 2673 3896 -—
2726 3856 2907 3917 πύλης.
2969 3860 3105 3930 Πρὸς
3175 3860 3265 3928 μὲν
3335 3862 3433 3915 τὴν
3513 3858 3730 3929 ἐρώτησιν
3771 3844 3836 3898 οὐκ

2313 3944 2587 4018 ἀπεκρίθη,
2623 3943 2715 3998 διὰ
2752 3951 2809 3998 τὸ
2838 3952 3080 4020 περιττὴν
3113 3943 3240 3999 εἶναι
3270 3953 3365 3998 καὶ
3421 3945 3665 4003 ἀνόνητον.
3692 3940 3831 4005 Τὶῖάρ

2312 4036 2577 4107 ὠφελεῖται
2620 4037 2644 4086 ὁ
2684 4038 2882 4107 μαθὼν,
2925 4040 3024 4087 εἴτε
3051 4036 3234 4106 ὀλίγοι,
3273 4039 3377 4087 εἴτε
3417 4034 3591 4087 πολλοὶ
3640 4032 3679 4083 οἱ
3716 4028 3832 4084 σωξδ·

2312 4145 2453 4197 μενοι
2488 4142 2501 4187 ;
2530 4128 2690 4180 Μονον
2718 4122 2776 4177 δε
2806 4130 2891 4176 τὸν
2922 4132 3110 4199 τρόπον
3146 4122 3270 4190 εἷπε,
3313 4122 3388 4176 δι’
3413 4125 3476 4176 οὖ
3505 4125 3562 4175 οἶν
3582 4141 3651 4181 τις
3675 4118 3829 4169 σωθειῑ.

2312 4219 2399 4267 καὶ
2428 4211 2685 4283 ἐδίδαξεν,
2721 4216 2798 4266 ὅτι
2835 4219 2945 4286 χρὴ
2988 4214 3228 4266 εἰσελθεῖν
3271 4214 3346 4275 είς
3392 4219 3485 4271 τὴν
3527 4214 3749 4282 σωτηρίαν
3772 4200 3835 4253 δία

2312 4312 2403 4364 τῆς
2436 4312 2611 4363 στενῆς
2636 4303 2803 4365 πύλης
2835 4324 2847 4335 ·
2881 4312 3029 4356 τοῦτο
3057 4307 3157 4377 γὰρ
3199 4300 3259 4360 ἧν
3290 4303 3485 4374 μᾶλλον
3514 4301 3749 4370 ἀναγκαῖον
3765 4310 3833 4362 ρα-

2317 4396 2444 4448 θεῖν.

2386 4572 2605 4644 Εἲρηται
2632 4568 2690 4624 δὲ
2715 4577 2830 4643 περὶ
2858 4580 2953 4632 τῆς
2985 4579 3165 4632 στενῆς
3212 4571 3380 4631 πύλης
3413 4570 3461 4622 ἐν
3502 4577 3566 4638 τῷ
3784 4577 3817 4607 τε

2314 4662 2511 4735 φαλαίῳ
2541 4670 2630 4712 τοῦ
2661 4664 2796 4712 κατά
2826 4663 3112 4727 Matthiae,
3140 4666 3227 4711 καὶ
3284 4664 3515 4722 ζήτησον
3553 4663 3644 4709 ἐκεῖ
3667 4664 3741 4709 τεν
3762 4649 3834 4708 εξε·

2311 4771 2470 4823 γησιν
2509 4758 2619 4802 τοῦ·
2656 4749 2919 4802 Εἰσελθετε
2950 4746 3044 4801 διὰ
3073 4758 3166 4810 τῆς
3195 4758 3375 4809 στενῆς
3416 4748 3590 4805 πάλης.

1764 4972 1986 5041 Variae
2018 4975 2349 5046 lectiones
2383 4988 2445 5043 et
2469 4985 2647 5043 nolre

628 5112 737 5191 (3‘9)
809 5110 1131 5169 Hentenius
1189 5112 1459 5183 reddidit,
1512 5131 1599 5191 ac
1678 5115 1753 5191 si”
1798 5115 1998 5183 legerit
2064 5124 2201 5191 περί.

554 5184 749 5244 Probo
780 5203 918 5242 cum
952 5192 1199 5257 utroque
1230 5204 1360 5242 meo
1386 5190 1537 5239 κατά.
1576 5188 1838 5255 Intelligo
1883 5195 2079 5245 autem
2128 5184 2201 5243 ἓν-

556 5260 923 5332 θυμουμένους,
1005 5263 1287 5332 κρίνοντας.
1371 5261 1477 5324 Qui
1579 5260 2050 5332 eodeiumodo,
2113 5264 2199 5319 uti

552 5330 666 5397 ille,
696 5331 1054 5385 sentiebant.
1086 5331 1169 5385 lla
1199 5330 1349 5384 infra
1372 5332 1446 5385 ad
1478 5347 1600 5395 xvn,
1659 5336 1746 5395 20,
1804 5331 1895 5385 bis
1948 5336 2202 5391 occurrit

550 5405 703 5468 κατά,
728 5403 801 5458 de
826 5409 940 5457 toto
974 5402 1104 5455 vitae
1136 5416 1352 5470 genere
1386 5407 1441 5456 et
1489 5403 1948 5460 consuetudine.

620 5475 735 5549 (40)
764 5479 1164 5545 Συνεχώρησαν.
1208 5476 1273 5527 Α.

617 5603 868 5677 (o)Loco
895 5614 1057 5677 sane,
1092 5596 1465 5677 reddendum
1508 5603 1612 5664 est,
1644 5616 1808 5677 num.
1847 5598 1981 5677 ’ᾼρα
2037 5599 2195 5658 enim

544 5668 667 5736 non
699 5672 1170 5740 conclusionem,
1200 5669 1302 5727 sed
1334 5668 1859 5744 interrogationem
1887 5668 1979 5731 hic
2008 5681 2194 5732 notat.

2388 5118 2499 5259 (tt;
2533 5118 2801 5182 ὡσαύτως,
2842 5114 3059 5171 omittit
3089 5116 3145 5169 Β.

2388 5192 2469 5257 (42
2527 5190 2537 5205 ’
2556 5196 2619 5241 liv
2648 5196 2718 5257 τῷ
2740 5186 2994 5259 κεφαλαίῳ
3026 5185 3145 5238 ἐκείν

2384 5185 2496 5259 (42)
2527 5190 2619 5241 Ἐν
2648 5196 2718 5257 τῷ
2740 5186 2994 5259 κεφαλαίῳ
3026 5185 3217 5257 ἐκείνῳ.
3254 5191 3311 5242 Β.
3473 5257 3479 5259 _
3528 5255 3538 5259 _
3768 5244 3775 5249 1

2384 5254 2495 5326 (43)
2522 5261 2653 5313 Haec
2691 5254 2729 5313 a
2761 5254 2937 5314 manu
2968 5254 3229 5329 prorsus
3262 5257 3485 5313 recenti
3525 5255 3582 5311 iu
3633 5254 3828 5314 ωυεωε

2307 5331 2489 5388 habet
2520 5334 2582 5386 A.
2627 5329 2949 5386 Hentenius
2978 5328 3101 5385 non
3134 5328 3433 5399 agnoscit.

2382 5404 2496 5476 (4's)
2532 5407 2631 5457 Καὶ
2662 5406 2741 5457 τό.
2780 5408 2834 5456 Β.

2381 5600 2443 5656 Εἰ
2473 5614 2788 5672 nunquam
2819 5603 2906 5656 est
2935 5596 3203 5672 sane,s_ed
3227 5592 3449 5657 illoc)?
3475 5578 3820 5672 Pseudo-Didi"

2307 5688 2442 5731 mus
2482 5674 2557 5730 ad
2593 5667 2766 5729 Iliad.
2807 5688 2869 5747 p.
2909 5673 2977 5729 23
3006 5670 3261 5747 explicat
3284 5674 3461 5741 ὅντως,
3496 5667 3685 5725 ἀληθῶς.
