3994 6218
167 299 306 362 1005

1247 301 1616 362 COMMENT.
1661 303 1727 360 ΙΝ
1765 296 2029 361 LUCAM.
2075 334 2140 346 —
2179 301 2334 361 CAP.
2378 304 2519 363 XIV.

3404 311 3542 368 1006

243 428 364 484 Ὀτι
396 431 576 485 πολλοὶ
605 465 673 473 -
707 432 1049 505 ἰσχύσουσιν.
1071 431 1228 484 Ὀσοι
1256 435 1327 504 μὴ
1363 427 1456 484 διὰ
1479 439 1569 492 τῆς
1599 438 1776 492 στενῆς

1962 430 2125 485 Vers.
2187 433 2275 486 ‘25.
2328 431 2480 500 Quia
2534 431 2709 489 multi
2757 465 2825 474 -
2873 441 3174 504 poterunt.
3240 437 3349 503 Qui
3418 423 3540 493 non

165 518 355 582 πύλης,
387 520 513 573 ἀ).λά
559 518 653 574 διὰ
682 530 778 583 τῆς
803 522 1045 584 πλατείας
1089 518 1382 576 ὁδεύουσιν.
1428 523 1566 574 Ἐκεῖ
1594 517 1652 573 δὲ
1691 530 1782 581 καὶ

164 615 283 684 περὶ
324 621 415 673 τῆς
450 611 694 674 πλατείας
724 615 979 687 εὑρήσεις.

245 700 360 772 Ἀφ’
420 701 479 752 οὗ
547 731 615 741 -
665 697 931 764 ἐδίδαξας.
991 703 1188 759 Τίοησι
1255 699 1575 775 παραϐολὴν,
1628 698 1780 763 φόϐον

168 787 542 864 ἐπικρεμώσαν
609 798 715 850 τοῖς
786 789 1034 862 ἀμελοῦσι
1098 798 1194 852 τῆς
1257 795 1515 862 σωτηρίας
1590 787 1778 840 αὐτῶν·

175 880 401 932 Πλείττει
428 883 528 953 γὰρ
577 877 959 938 οἰκοδεσπότην
1003 883 1118 933 τινὰ
1172 881 1460 952 καθήμενον
1513 882 1602 930 καὶ
1658 879 1779 930 ὑπο-

169 966 462 1042 δεχόμενον
529 973 648 1032 τοὺς
709 969 888 1042 φίλους
937 969 1117 1039 αὐτοῦ,
1167 965 1279 1022 εἶτα
1327 967 1642 1043 ἐγειρόμενον
1689 971 1779 1018 καὶ

170 1057 520 1111 ἀποκ).ειοντοι
578 1063 670 1117 τὴν
755 1061 912 1131 θύραν
962 1067 1052 1111 τοῦ
1111 1061 1254 1110 οἴκου
1311 1058 1488 1124 αὐτοῦ,
1553 1061 1642 1109 καὶ
1702 1060 1774 1129 μὴ

170 1155 570 1221 συγχωροῦντα
598 1156 706 1210 τοῖς
761 1147 935 1210 ἄλλοις
963 1147 1224 1201 εἰσελθεῖν.
1275 1153 1487 1200 Νοεῖται
1535 1142 1594 1199 δε
1641 1145 1772 1198 οἰκο-

168 1234 446 1298 δεσπότης
477 1240 588 1310 μὶν,
641 1238 814 1298 αὑτός·
873 1236 1014 1299 οἶκος
1049 1233 1127 1303 δε,
1187 1239 1216 1296 ἠ
1271 1235 1516 1309 βασιλεία
1559 1243 1656 1288 τῶν
1695 1235 1776 1286 οὗ·

163 1336 359 1400 ρανών.
423 1333 523 1379 Καὶ
574 1323 824 1385 δηλοῦται
881 1323 975 1379 διά
1029 1330 1118 1400 μὲν
1168 1333 1261 1378 τοῦ
1316 1326 1632 1385 καθέζεσθαι
1685 1329 1775 1376 καὶ

165 1413 540 1487 ὑποδέχεσθαι
584 1420 700 1477 τοὺς
739 1416 934 1488 φίλους,
967 1421 1024 1468 τὸ
1074 1414 1336 1487 ἀναμένειν
1367 1416 1501 1488 ἄχρι
1546 1421 1640 1476 τῆς
1685 1420 1773 1465 τοῦ

165 1511 378 1576 κόσμου
416 1505 704 1566 συντελείας
749 1510 839 1558 καὶ
869 1501 1232 1576 ὑποδέχεσθαι
1275 1507 1395 1566 τοὺς
1436 1503 1770 1574 ἀξίους

167 1593 267 1647 διὰ
301 1591 360 1647 δὲ
389 1603 478 1647 τοῦ
519 1593 788 1668 ἐγερθῆναι
813 1599 902 1647 καὶ
933 1592 1239 1647 ἀποκλεῖσαι
1270 1598 1362 1652 τὴν
1391 1595 1570 1669 θύραν,
1597 1595 1654 1644 τὸ
1682 1599 1772 1645 τοῦ

163 1689 375 1756 κόσμου
403 1684 560 1745 τίλος.

1895 535 2000 591 per
2025 527 2343 590 angustam
2367 528 2621 594 portam,
2651 522 2753 578 sed
2785 540 2891 596 per
2909 525 3089 580 latam
3114 527 3375 597 plateam
3411 543 3543 597 gra-

1891 609 2144 667 diuntur.
2179 611 2262 667 lbi
2294 618 2493 667 autem
2528 619 2583 669 ct
2608 613 2682 668 de
2711 613 2908 686 platea
2930 614 3218 671 invenies.

1962 700 2124 756 Vers.
2149 701 2237 756 25.
2274 702 2415 758 Cum
2438 710 2627 758 autem
2661 735 2725 743 —
2757 703 2921 759 Vers.
2955 705 3041 760 26.
3072 705 3346 761 docuisti.
3371 706 3540 762 Ponit

1890 806 1995 861 per
2019 790 2362 861 parabolam
2386 791 2654 847 timorem
2674 791 2766 846 his
2787 791 3215 860 imminentem,
3241 795 3342 865 qui
3365 811 3539 851 suam

1890 879 2198 950 negligunt
2247 879 2501 935 salutem
2575 880 2811 950 Efﬁngit
2858 882 3012 938 enim
3045 883 3540 954 patremfamilias

1889 968 2212 1034 sedentem,
2238 985 2503 1040 suosque
2523 968 2749 1025 amicos
2765 970 3164 1042 recipientem,
3184 973 3398 1029 deinde
3417 991 3539 1029 sur-

1888 1061 2123 1126 gentem
2164 1071 2230 1111 ac
2281 1057 2498 1113 domus
2530 1073 2652 1112 suae
2704 1057 2921 1113 ostium
2975 1058 3371 1126 claudentem,
3429 1077 3539 1117 nec

1887 1145 2017 1202 aliis
2075 1144 2306 1216 ingredi
2366 1145 2823 1218 permittentem.
2879 1148 3006 1219 Ipse
3075 1163 3216 1217 ergo
3272 1149 3539 1204 Christus

1885 1234 2316 1308 paterfamilias
2344 1233 2689 1304 intelligitur
2719 1254 2732 1295 :
2761 1235 2975 1290 domus
3019 1242 3238 1303 autem,
3284 1233 3540 1306 regnum

1885 1327 2194 1380 caalorum.
2249 1325 2359 1379 Per
2404 1323 2519 1379 hoc
2565 1339 2724 1393 ergo,
2779 1323 2945 1394 quod
2993 1324 3158 1380 sedet
3200 1332 3257 1381 et
3313 1327 3539 1383 amicos

1883 1413 2111 1485 recipit,
2145 1413 2510 1482 signiﬁcatur
2529 1428 2716 1484 usque
2743 1413 2818 1468 ad
2841 1413 3050 1469 mundi
3075 1417 3541 1473 consummatio-

1886 1519 2023 1558 nem
2051 1507 2412 1574 exspectare,
2441 1507 2495 1557 et
2534 1517 2636 1557 eos
2675 1502 2777 1574 qui
2816 1501 2982 1572 digni
3014 1510 3173 1569 sunt,
3225 1505 3487 1576 recipere
3521 1525 3534 1574 ;

1885 1607 1990 1664 per
2018 1591 2132 1646 hoc
2166 1607 2323 1657 vero,
2358 1591 2523 1662 quod
2563 1590 2751 1662 surgit
2789 1596 2844 1647 et
2871 1591 3091 1649 ostium
3117 1593 3362 1662 claudit,
3404 1596 3538 1651 ﬁnis

1885 1679 2098 1736 mundi
2127 1679 2459 1736 denotatur.

241 1776 313 1826 Οἱ
354 1770 415 1826 δε
456 1773 548 1836 ῖξω
597 1773 832 1838 ἑστῶτες,
885 1768 979 1826 εἶεν
1031 1771 1090 1824 ἀν
1142 1774 1191 1825 οἱ
1236 1774 1453 1825 οἶπιστοι
1495 1768 1770 1839 Ἰουδαῖοι,

1957 1769 2065 1837 Qui
2117 1775 2316 1825 autem
2366 1768 2510 1824 foris
2564 1774 2739 1836 stant,
2796 1769 2912 1826 dici
2961 1780 3215 1844 possunt
3265 1773 3536 1831 inﬁdeles

166 1864 418 1926 ξητουτες
473 1862 741 1934 εἰσεγθεῖν,
791 1867 880 1915 καὶ
941 1861 1199 1933 λέγονντες
1268 1866 1399 1937 πρὸς
1462 1865 1548 1914 τὸν
1624 1865 1774 1932 Θεὸν,

164 1955 273 2019 ὅτι,
346 1952 628 2024 Ἐφάγομεν
677 1957 766 2004 καὶ
821 1950 1025 2024 ἒπίομεν
1087 1951 1299 2004 ἕνώπιόν
1371 1971 1487 2008 σου.
1554 1954 1776 2012 Θύοντες

163 2046 300 2117 γὰρ,
333 2044 522 2100 ἤσθιον
573 2046 662 2094 καὶ
700 2044 866 2093 ἔπινον
918 2043 1062 2116 παρά
1108 2051 1179 2112 τῷ
1225 2050 1348 2112 ναῷ·
1401 2045 1490 2093 καὶ
1542 2042 1640 2102 ὅτι,
1693 2041 1778 2092 Ἐν

161 2140 285 2192 ταῖς
345 2130 617 2191 πλατείαις
673 2133 817 2204 ἡμῶν
870 2126 1140 2197 ἐδίδαξας,
1207 2129 1446 2191 πλατείας
1503 2128 1779 2201 ὀνομάζον-

164 2242 250 2283 τες
295 2223 390 2282 τὰς
441 2223 767 2292 συναγωγὰς,
799 2219 846 2271 ἐν
891 2221 972 2282 αἶς
1016 2222 1040 2271 ό
1081 2223 1208 2281 Θεὸς
1267 2215 1545 2271 ἐδίδασκεν
1594 2218 1778 2278 αὐτοὺς

165 2308 264 2366 διὰ
323 2318 429 2363 τῶν
494 2317 717 2381 νομικῶν
773 2314 861 2361 καὶ
918 2317 1249 2381 προφητικῶν
1304 2306 1498 2380 βίϐλων
1560 2310 1777 2380 φθεγγό-

1885 1859 2093 1924 Ιιιᾱωὶ,
2123 1864 2453 1931 quaerentes
2502 1858 2740 1927 intrare,
2773 1875 2842 1915 ac
2886 1861 3139 1918 dicentes
3183 1863 3258 1918 ad
3311 1867 3534 1920 Deum:

1889 1949 2240 2005 Comedimus
2262 1964 2328 2005 ac
2347 1948 2593 2004 bibimus
2615 1964 2809 2005 coram
2839 1957 2926 2022 te;
2954 1950 3354 2008 sacrificantes
3376 1953 3537 2010 enim

1885 2038 2143 2093 edebant
2173 2053 2242 2092 ac
2273 2036 2883 2109 bibebantin'templo
2909 2055 2922 2106 ;
2946 2046 2998 2096 et
3033 2040 3093 2094 ιή
3108 2041 3308 2109 plateis
3321 2043 3538 2098 nostris

1883 2126 2152 2193 docuisti,
2185 2126 2407 2197 plateas
2443 2126 2814 2198 appellantes
2845 2144 3202 2200 synagogas,
3231 2129 3290 2184 in
3317 2131 3537 2203 quibus

1885 2217 2040 2272 Deus
2071 2232 2172 2272 eos
2197 2216 2472 2287 docebat,
2496 2233 2602 2289 per
2621 2215 2842 2286 legales
2855 2234 2924 2273 ac
2943 2218 3324 2290 propheticus
3355 2221 3537 2276 libros

1885 2305 2154 2378 loquens,
2187 2321 2324 2361 cum
2354 2305 2414 2362 hi
2445 2306 2504 2362 in
2536 2307 2856 2378 synagogis
2884 2306 3253 2376 legebantur.

161 2420 344 2473 μενος,
393 2401 584 2461 αἰτινες
634 2400 1112 2470 ὑπανεγινὼσκοντο
1157 2400 1360 2459 τούτοις
1407 2395 1456 2448 ἕν
1495 2405 1612 2460 ταῖς
1659 2417 1777 2449 συν-

162 2497 432 2562 ἀγωγαῖς.

237 2575 357 2632 Εἶεν
393 2575 443 2630 δ’
474 2577 534 2629 ἃν
577 2576 672 2639 ἔξω
719 2578 934 2638 ἔστ-ῶτες
989 2581 1077 2628 καὶ
1129 2584 1347 2629 τοιαῦτα
1387 2575 1636 2648 λέγοντες,
1687 2580 1776 2629 καὶ

1955 2576 2208 2630 Possunt
2232 2589 2492 2647 quoque,
2518 2574 2777 2648 quit'oris
2801 2579 2977 2646 stant,
2996 2575 3114 2633 dici
3138 2576 3534 2648 ﬁdelesnegli-

1883 2669 2090 2736 gentes
2123 2682 2136 2720 :
2170 2664 2272 2736 qui
2305 2664 2770 2720 comederuntac
2787 2664 3064 2722 biberunt
3093 2682 3296 2723 coram
3311 2683 3380 2723 eo
3412 2684 3541 2740 pre-

1882 2753 2103 2808 tiosum
2121 2755 2247 2824 ejus
2267 2769 2509 2825 corpus,
2536 2758 2928 2825 sanctumque
2951 2756 3135 2828 ipsius
3154 2757 3534 2826 sanguinem:

1882 2847 1940 2898 et
1967 2843 2026 2898 in
2053 2858 2310 2914 quorum
2352 2843 2613 2898 ecclesiis
2650 2859 2720 2898 ac
2745 2845 3311 2914 congregationibus
3339 2844 3544 2901 docuit

163 2934 518 3006 Eﬁayyaliou,
552 2937 640 2985 καὶ
671 2929 764 2986 διὰ
793 2943 891 2985 τῶν
920 2933 1081 2985 ἄλλων
1100 2936 1447 2986 θεοπνεύστων
1471 2939 1701 3006 Γραφών.

1898 2948 1991 3003 per
2005 2931 2386 3000 Evangelium
2398 2931 2686 3005 ,aliasque
2703 2933 3034 3004 Scripturas
3048 2950 3082 2989 a
3099 2937 3210 2990 Deo
3223 2934 3542 3007 inspiratas

239 3028 348 3077 Καὶ
411 3022 516 3096 ἐρεῖ
563 3053 632 3062 -
701 3025 838 3074 ἐστί.
892 3020 1090 3097 Ὠσπερ
1169 3028 1415 3093 γινώσκει
1479 3026 1594 3082 τοὺς
1649 3026 1776 3093 γινὼ

1964 3023 2117 3076 Vers.
2138 3026 2227 3075 27.
2253 3021 2327 3076 Et
2344 3021 2488 3078 dicet
2516 3049 2580 3065 -—-
2595 3022 2746 3079 silis.
2779 3023 3304 3088 Quemadmodum
3323 3040 3542 3093 cogno-

160 3133 396 3174 σκοντας
455 3111 631 3176 αὐτὸν,
714 3111 848 3164 οὕτω
903 3111 1055 3163 πάλιν
1125 3110 1374 3174 ἑκουσίως
1428 3109 1598 3182 ἀγνοεῖ
1663 3117 1776 3170 τοὺς

1898 3109 1998 3166 scit
2014 3116 2435 3180 cognoscentes
2454 3111 2622 3176 se,ita
2635 3129 2869 3168 rursum
2886 3112 3462 3183 voluntarieignorat
3480 3113 3540 3169 il-

1891 3199 1979 3255 los
1999 3200 2098 3272 qui
2122 3199 2446 3255 voluntarie
2464 3200 2661 3272 ipsum
2682 3201 2961 3273 ignorant
2977 3219 2988 3256 :
3007 3218 3076 3257 ac
3091 3203 3368 3272 reprobat
3386 3203 3537 3270 illos,

1886 3289 1991 3362 qui
2005 3307 2064 3346 se
2079 3291 2762 3363 reprobant.Voluntarie
2775 3299 2975 3348 autem
2990 3293 3539 3364 reprobantipsum,

1889 3395 2007 3435 non
2037 3380 2227 3435 solum
2255 3379 2524 3436 inﬁdeles
2544 3379 2753 3447 Judaei,
2784 3381 2892 3436 sed
2923 3379 3126 3436 ﬁdeles
3149 3382 3328 3437 etiam
3351 3381 3543 3451 negli-

1887 3475 2124 3540 gentes:
2146 3469 2224 3524 illi
2243 3469 2490 3542 quidem
2516 3469 2844 3525 voluntarie
2867 3472 3165 3536 excascati,
3185 3487 3254 3526 ac
3274 3471 3544 3528 volunta-

1885 3558 1969 3613 rie
1998 3557 2494 3614 obsurdescentes
2511 3558 2586 3613 ad
2603 3557 2892 3615 miracula
2917 3565 2972 3614 et
2986 3559 3288 3616 doctrinas
3313 3559 3500 3631 ipsius
3524 3583 3538 3616 :

1885 3646 1946 3702 hi
1993 3663 2132 3703 vero
2183 3663 2253 3703 ex
2301 3646 2566 3717 ignavia,
2625 3649 2754 3718 ejus
2813 3655 3108 3721 praecepta
3165 3657 3538 3720 spernentes,

1883 3752 2232 3810 quanquam
2271 3741 2583 3808 noverunt,
2615 3736 2797 3809 quod,
2831 3738 2935 3810 qui
2962 3753 3031 3793 ea
3065 3739 3311 3810 spernit,
3342 3737 3544 3811 ipsum

1883 3827 2122 3899 spernit.

1955 3918 2118 3972 Vers.
2182 3917 2271 3972 2'1.
2332 3916 2620 3974 Discedite
2660 3949 2728 3957 —
2787 3917 3169 3988 injustitiam.
3249 3917 3368 3975 Hoc
3435 3925 3541 3987 est,

1887 4010 2200 4078 peccatum
2235 4021 2249 4072 ;
2281 4007 2626 4078 quicunque
2653 4007 2812 4062 enim
2840 4012 3061 4078 peccat,
3096 4006 3315 4077 injuria
3334 4007 3538 4074 afﬁcit,

1890 4100 1994 4152 aut
2022 4095 2284 4167 seipsum
2313 4099 2567 4164 tantum,
2603 4101 2706 4150 aut
2742 4094 2916 4151 etiam
2954 4096 3227 4151 alterum.

1958 4184 2124 4238 Vers.
2158 4183 2244 4238 28.
2277 4183 2366 4237 Ibi
2393 4183 2739 4238 —dentium
2767 4214 2836 4222 —
2869 4183 2974 4248 Ibi,
2997 4184 3110 4238 hoc
3140 4189 3247 4249 est,
3271 4185 3452 4249 Tunc,
3482 4185 3542 4238 in

1894 4272 1989 4328 illo
2037 4277 2323 4344 tempore,
2352 4271 2462 4328 erit
2497 4273 2692 4341 ﬂetus,
2751 4272 2855 4343 qui
2896 4271 3368 4326 consolationem
3422 4288 3541 4326 non

1890 4361 2154 4434 recipiet,
2187 4365 2239 4417 et
2263 4362 2480 4416 stridor
2520 4361 2804 4431 dentium,
2838 4375 2910 4416 ex
2942 4359 3302 4416 intolerabili
3336 4360 3542 4417 dolore

1816 4493 1860 4546 D
1895 4449 2275 4525 proveniens.

1965 4540 2135 4598 Vers.
2195 4540 2289 4597 28.
2352 4539 2494 4595 Cum
2534 4570 2604 4580 —
2653 4537 2840 4609 foras.
2918 4538 3034 4592 Hoc
3090 4537 3420 4610 praesertim
3465 4538 3542 4595 ad

1890 4631 2124 4686 Judaeos
2157 4630 2381 4686 dictum
2420 4634 2526 4696 est,
2558 4628 2659 4701 qui
2692 4625 3124 4683 insolescebant
3151 4644 3242 4693 eo,
3275 4628 3438 4701 quod
3469 4629 3544 4685 de

1892 4721 2120 4778 semine
2151 4725 2348 4776 essent
2385 4719 2637 4774 Abrahae.
2663 4733 2732 4773 ac
2761 4723 3130 4772 ceterorum.

1962 4812 2128 4869 Vers.
2184 4809 2272 4865 29.
2315 4811 2390 4864 Et
2435 4808 2664 4864 venient
2693 4838 2762 4847 —-
2793 4807 2918 4862 Dei.
2952 4805 3295 4862 Venientad
3340 4806 3540 4872 ﬁdem,

1889 4907 1945 4959 et
1963 4907 2024 4956 ut
2042 4903 2160 4956 Deo
2177 4915 2310 4955 sese
2333 4897 2880 4969 gratosexhibeant,
2902 4895 3085 4969 quiex
3105 4897 3380 4969 gentibus
3403 4914 3547 4953 con-

1891 4996 2186 5047 vertentur
2203 5005 2238 5046 a
2263 4987 2745 5062 quatuormundi
2764 4986 3051 5059 partibus,
3075 4993 3206 5042 ortu
3226 4992 3279 5042 et
3300 5003 3544 5057 occasu,

1891 5081 2290 5152 septentrione
2333 5094 2404 5134 ac
2435 5077 2703 5134 meridie.
2759 5077 2866 5131 Per
2907 5075 3244 5147 aquilonem
3283 5091 3546 5146 namque

1892 5169 2362 5241 septentrionalis
2390 5184 2528 5240 pars
2556 5166 2943 5240 signiﬁcatur,
2974 5181 3078 5238 per
3108 5173 3377 5222 austrum
3409 5181 3543 5220 vero

161 2670 210 2720 οἰ
266 2666 479 2741 ἀμελεῖς
516 2671 718 2732 πιστοὶ,
772 2667 954 2728 οἵτινες
1006 2668 1192 2737 ἔφαγον
1236 2671 1324 2717 καὶ
1371 2668 1512 2718 ἔπιον
1566 2665 1775 2718 ἐνώπιον

159 2757 331 2809 αὐτοῦ
357 2760 420 2809 τὸ
450 2760 622 2828 τίμιον
653 2754 812 2806 αὑτοῦ
857 2763 1028 2826 σῶμα,
1061 2760 1150 2824 καςι
1179 2758 1237 2807 τό
1263 2755 1412 2826 οἱνγιον
1461 2755 1573 2826 (46)
1617 2755 1775 2807 αὐτοῦ

161 2843 322 2918 αἷμα,
377 2850 470 2897 κοιὶ
514 2843 580 2896 ὧν
629 2843 676 2896 ἓν
720 2851 835 2907 ταῖς
886 2852 1215 2916 συναγωγαῖς
1271 2842 1503 2911 ἐδίδαξε,
1547 2842 1638 2897 διὰ
1685 2851 1775 2896 τοῦ

157 3205 429 3263 ἑκουσίως
507 3199 811 3272 ἀγνοοῦντας
885 3200 1060 3265 αὐτόν,
1134 3205 1225 3252 καὶ
1308 3199 1778 3273 ἀποπροσποιεῖται

154 3298 286 3354 τοὺς
335 3291 921 3365 ἀποπροσποιουμίνους
974 3289 1145 3342 αὐτόν’
1207 3289 1456 3350 ἑκουσίως
1517 3287 1575 3341 δε
1623 3290 1776 3341 αὐτὸν

153 3383 471 3454 ἀγνοοῦσιν,
504 3379 563 3432 οὐ
606 3384 757 3452 μόνον
805 3382 855 3432 οἱ
914 3381 1130 3432 οἰπιστοι
1179 3375 1453 3444 Ἰουδαῖοι,
1505 3377 1632 3430 ἀλλά
1689 3384 1777 3431 καὶ

153 3477 205 3525 οἱ
264 3470 476 3544 ἀμελεῖς
530 3473 728 3521 πιστοί·
817 3471 865 3521 οἱ
940 3471 1029 3541 μὲν
1109 3467 1623 3540 ἐθελοτυφλὼττοντες
1688 3483 1777 3530 καὶ

152 3562 605 3632 ὶϐελοκωφοῦντες
652 3561 778 3634 πρὸς
836 3561 902 3611 τὰ
940 3561 1181 3630 θαύματα
1227 3564 1316 3611 καὶ
1362 3560 1454 3620 τάς
1509 3554 1778 3610 διδασκα-

149 3651 281 3713 λίας
314 3649 502 3702 αὐτοῦ·
545 3650 593 3700 οἱ
633 3645 690 3701 δὲ
726 3647 780 3700 ἐκ
809 3649 1062 3723 ῥᾳθυμίας
1104 3647 1400 3708 ἀθετοῦντες
1447 3648 1540 3707 τὰς
1580 3645 1776 3706 ἐντολὰς

151 3741 354 3806 αὐτοῦ,
383 3743 559 3790 καίτοι
606 3743 968 3808 γινώσκοντες,
999 3739 1080 3790 ὅτι
1125 3739 1150 3789 ὁ
1183 3735 1372 3789 ἀθετῶν
1404 3739 1585 3801 αὐτὰς,
1620 3735 1775 3787 αὐτὸν

156 3829 362 3883 ἀθετεῖ.

233 3920 542 3974 Ἀπόστητε
590 3947 659 3955 -
725 3912 954 3977 ἀδικίας.
1007 3922 1110 3976 Τῆς
1175 3913 1454 3989 ἁμαρτίας.
1517 3920 1617 3977 πᾶς
1673 3917 1772 3990 γὰρ

155 4007 506 4083 ἀμάρτοίνων,
538 4001 711 4058 ἀδικεῖ
741 4006 768 4065 ἦ
797 4011 949 4078 μόνον
980 4006 1180 4071 ίαυτόν,
1206 4006 1233 4063 ἦ
1266 4010 1353 4057 καὶ
1385 4005 1569 4079 ἕτερον.

245 4188 390 4239 Ἐκεί
457 4214 526 4225 -
585 4179 832 4237 ὀδόντων.
889 4186 959 4236 Τὸ
1012 4184 1132 4249 ἐκεῖ,
1197 4181 1310 4236 ἀντὶ
1362 4191 1473 4249 τοῦ,
1542 4187 1676 4253 τότε,
1730 4180 1778 4234 ἐν

163 4276 354 4345 ἐκείνῳ
399 4283 474 4344 τῷ
523 4280 689 4345 καιρῲ
738 4275 886 4325 ἔσται
935 4275 962 4324 ό
1013 4271 1276 4344 κλαυθμός
1319 4274 1343 4324 ό
1396 4272 1776 4348 ἀπαράκλητος,

164 4371 279 4420 Καὶ
329 4365 356 4416 ὁ
409 4361 651 4436 βρυγμὸς
702 4371 799 4415 τῶν
853 4358 1098 4430 ὀδόντων,
1151 4361 1267 4426 όέξ
1324 4361 1584 4437 ἀφορήτου
1623 4367 1780 4415 πόνου

157 4461 468 4530 γενόμενος.

236 4544 410 4597 ὀταν
469 4571 538 4584 -
608 4542 728 4604 ἔξω.
793 4543 960 4595 Τόῦτο
1006 4545 1405 4616 προηγουμένως
1479 4546 1606 4616 πρὸς
1663 4547 1784 4605 τοὺς

155 4630 472 4693 Ἰουδαίους
501 4633 864 4705 εἴρηται,μέγα
884 4639 1186 4705 φρονοῦντας
1215 4634 1296 4684 ἐπὶ
1326 4640 1396 4703 τῷ
1425 4633 1552 4684 εἶναι
1577 4638 1782 4706 σπέρμα

157 4733 264 4778 τον
298 4720 549 4794 ’Δϐραάμ
569 4724 658 4773 καὶ
683 4729 781 4773 τῶν
811 4720 972 4773 ἄλλων
996 4723 1130 4792 (1-7).

243 4817 351 4866 Καὶ
417 4808 639 4873 ἥξουσιν
694 4841 763 4850 —-
827 4817 919 4862 τοῦ
975 4817 1128 4863 Θεοῦ.
1201 4809 1424 4874 Ἤξουσι
1495 4815 1618 4883 πρὸς
1686 4815 1778 4870 τὴν

155 4909 358 4957 πίστιν
408 4905 500 4952 καὶ
546 4904 641 4957 τὴν
689 4898 1030 4974 εὐαρέστησιν
1076 4908 1168 4953 τοῦ
1221 4909 1354 4955 Θεοῦ
1402 4903 1450 4953 οἱ
1506 4901 1558 4964 ἐξ
1604 4901 1774 4967 ἐθνῶν,

154 4994 276 5046 ἀπὸ
325 5000 428 5044 τῶν
463 4995 734 5063 τεσσάρων
780 4997 945 5063 μερῶν
992 4997 1084 5042 τοῦ
1135 4995 1358 5064 κόσμου,
1410 4989 1651 5052 ἀνατολῆς
1689 4997 1778 5044 καὶ

155 5081 383 5141 δύσεως
419 5084 513 5132 καὶ
536 5080 730 5151 ἄρκτου
761 5083 852 5131 καὶ
875 5077 1227 5152 μεσημϐρίας,
1260 5083 1356 5133 Διά
1401 5083 1489 5153 μὲν
1518 5084 1618 5156 γὰρ
1665 5082 1777 5153 (48)

151 5178 265 5227 τοῦ
299 5168 474 5247 βορρᾶ
514 5171 574 5220 τὸ
625 5166 851 5246 ἀρκτῲον
902 5172 1057 5244 μέρος
1105 5165 1377 5228 δηλοῦται“
1432 5166 1526 5223 διὰ
1573 5168 1632 5225 δε
1688 5180 1779 5224 τοῦ

1410 5364 1639 5436 Varize
1654 5366 1981 5439 lectiones
2001 5375 2068 5435 et
2090 5376 2295 5435 notae.

247 5562 370 5650 (ιελ
384 5565 574 5650 antea
595 5558 790 5650 τέλους,
811 5577 1074 5650 puncex’
1090 5568 1332 5650 correct,
1357 5562 1628 5650 ejusdem
1649 5580 1776 5650 ma-

2104 5567 2306 5650 Τίμιον,
2340 5576 2450 5650 pro
2488 5559 2685 5632 ἅγιον..
2720 5559 2802 5647 ηΑ.

247 5564 370 5654 (ιελ
384 5565 574 5623 Antea
595 5564 790 5694 nam,
812 5578 974 5651 nunc
996 5577 1074 5652 ex,
1090 5568 1332 5632 correct,
1357 5564 1628 5648 ejusdem
1649 5580 1776 5650 ma-

155 5637 545 5767 ἓιιέἱεθαξῖους.
653 5653 742 5705 0x,
798 5631 896 5691 δια
930 5639 990 5755 τὸ
1053 5639 1348 5712 εγερθῆναι,
1398 5641 1620 5694 inserto
1670 5643 1776 5694 isto

1963 5564 2053 5635 (4-6
2104 5567 2306 5646 Τίμιον,
2340 5576 2450 5634 pro
2488 5564 2685 5632 ἅγιον..
2734 5564 2798 5614 Α.

1985 5635 2047 5689 47
2116 5635 2404 5690 Nimirum
2434 5638 2798 5707 πατριαρχῶν.

1961 5564 2074 5783 ἶιὸξ
2097 5709 2199 5783 Γάρ
2230 5705 2420 5764 abest.
2440 5707 2509 5768 A.

162 5709 357 5767 me.
939 5751 943 5755 .
1087 5705 1150 5712 ’⁷
1331 5705 1343 5710 ⁷

1961 5705 2074 5783 (48)
2097 5709 2199 5786 Γάρ
2230 5705 2420 5764 abest.
2440 5707 2509 5768 Α.
