3994 6218
515 239 653 302 1007

1861 228 2205 292 EUTHYMII
2243 226 2568 290 ZIGABENI
3691 227 3775 292 4008

514 369 791 427 meridies
843 385 858 436 ;
910 366 1251 426 accubitum
1311 367 1510 420 autem
1567 360 1708 418 dicit
1763 361 2033 435 requiem
2099 377 2147 417 at

2281 364 2454 424 νότου,
2479 363 2534 413 τό
2550 359 2922 435 μεσημϐρινὸν.
2951 357 3245 413 Ἀνακλισιν
3277 353 3336 411 δε
3360 357 3493 430 λέγει
3520 363 3595 416 τὴν
3613 358 3776 412 ἀνάποιν-

511 459 880 516 fruitionem.

583 550 742 604 Vers.
777 549 861 604 30.
894 546 971 602 Et
993 559 1124 601 ecce
1151 574 1220 584 —
1249 542 1452 613 primi.
1489 540 1716 598 Fideles
1755 557 1828 597 ex
1871 540 2166 612 gentibus,

510 637 614 709 qui
660 651 820 691 nunc
859 633 1103 708 quidem
1153 632 1433 704 postremi
1486 631 1784 701 videntur,
1814 636 2011 703 utpote
2063 630 2166 702 qui

509 723 713 780 Filium
733 729 1134 796 agnoverunt;
1162 726 1335 777 erunt
1357 726 1558 777 autem
1605 725 1744 776 tunc
1773 719 1967 792 primi,
1993 734 2166 792 prop-

505 817 594 869 ter
619 813 914 868 sinceram
953 827 1157 868 eorum
1199 810 1408 867 ﬁdem.

578 903 739 958 Vers.
785 901 880 957 30.
920 902 992 957 Et
1019 932 1078 940 ——
1107 899 1406 972 postremi.
1457 899 1730 956 [nﬁdeles
1776 897 1962 954 Judaei
2003 912 2164 953 nunc

503 991 747 1064 quidem
795 990 961 1062 primi
1007 989 1305 1059 videntur,
1356 994 1558 1061 utpote
1599 988 1704 1060 qui
1756 987 1931 1060 primi
1980 989 2162 1042 Deum

504 1086 898 1152 agnoverunt;
926 1095 1068 1135 nam
1091 1078 1275 1134 Filius
1303 1093 1462 1135 meus
1477 1078 1705 1150 (inquit)
1731 1076 2163 1148 primogenitus

504 1169 687 1227 Israel
707 1171 728 1205 ⁶
758 1185 770 1226 :
799 1174 935 1225 tunc
949 1175 1150 1225 autem
1177 1168 1459 1240 postremi
1491 1172 1665 1224 erunt
1695 1172 1936 1240 propter
1953 1182 2160 1224 eorum

502 1258 911 1315 inﬁdelitatem
924 1303 937 1317 .

574 1347 920 1419 lntelligitur
957 1354 1155 1404 autem
1199 1362 1396 1402 sermo
1427 1351 1484 1402 et
1523 1345 1596 1402 de
1624 1345 1924 1410 ﬁdelibus,
1965 1344 2068 1418 qui
2102 1344 2161 1400 in

500 1438 773 1507 praesenti
802 1437 918 1492 vita
943 1452 1074 1492 esse
1107 1436 1372 1491 videntur
1411 1436 1713 1507 postremi,
1761 1442 1932 1491 erunt
1962 1440 2162 1491 autem

500 1525 676 1598 primi
698 1525 756 1580 in
784 1525 980 1580 futuro
1002 1524 1233 1588 saeculo,
1263 1530 1319 1580 et
1344 1540 1582 1580 rursum
1614 1539 1644 1579 e
1667 1524 1986 1580 contrario.

572 1613 733 1671 CAP.
811 1615 899 1672 LI.
963 1616 1046 1671 De
1079 1614 1166 1671 his
1205 1616 1308 1684 qui
1356 1615 1708 1684 suadebant,
1765 1619 1827 1668 ut
1880 1612 2160 1670 secederet

993 1712 1234 1774 propter
1272 1704 1587 1759 Herodem.

569 1794 731 1850 Vers.
781 1795 868 1850 31.
918 1794 1132 1851 Eodem
1190 1793 1375 1849 die—
1406 1794 1670 1850 occidere
1717 1792 1952 1858 Audito,
1995 1791 2159 1866 quod

497 1883 769 1955 ejiciendi
813 1890 1009 1939 essent
1048 1883 1226 1949 foras,
1260 1882 1544 1955 quodque
1580 1881 1761 1938 futuri
1812 1888 2010 1938 essent
2059 1897 2156 1954 po-

497 1973 718 2040 stremi,
759 1972 992 2029 accensi
1019 1973 1263 2028 suntira
1291 1985 1313 2043 ;
1346 1980 1400 2028 et
1436 1971 1716 2028 simulata
1749 1971 2160 2028 benevolentia

497 2061 750 2119 suadent
777 2062 857 2117 illi
901 2071 962 2118 ut
999 2067 1169 2118 exeat
1197 2078 1266 2117 ac
1293 2061 1529 2117 secedat
1561 2078 1572 2117 :
1601 2061 1714 2116 hoc
1741 2060 1982 2133 quidem
2015 2077 2160 2132 prae-

496 2155 680 2217 textu,
713 2167 787 2207 ne
813 2152 890 2206 ab
929 2151 1156 2206 Herode
1203 2150 1529 2217 occidatur,
1571 2149 1632 2205 in
1657 2149 1903 2206 veritate
1936 2157 2154 2214 autem,

493 2255 569 2296 ne
597 2256 854 2312 praesens
871 2255 942 2298 ac
970 2239 1255 2297 miracula
1275 2239 1478 2304 edens,
1509 2239 1869 2310 gloriﬁcatur
1899 2245 1957 2295 et
1982 2244 2159 2296 attra-

493 2328 598 2385 hat
629 2328 866 2385 turbam
881 2374 894 2386 .

564 2418 725 2474 Vers.
776 2419 859 2475 3'2.
908 2419 986 2474 Et
1017 2418 1098 2475 ait
1133 2450 1196 2459 —
1237 2433 1629 2476 consummor.
1665 2417 1906 2491 Cognita
1945 2434 2152 2474 eorum

492 2506 773 2576 versutia,
833 2507 1154 2563 clementer
1203 2523 1272 2563 ac
1317 2509 1456 2563 scite
1515 2508 1854 2578 respondet,
1909 2507 2150 2562 dicens:

492 2595 602 2660 Ite,
649 2602 703 2652 et
741 2596 922 2653 dicite
947 2596 1114 2665 vulpi
1143 2596 1257 2660 illi,
1305 2597 1418 2652 hoc
1460 2601 1564 2663 est,
1607 2596 1747 2652 dolo
1798 2612 2152 2668 morumque

494 2682 851 2751 diﬁicultati,
878 2701 1012 2759 quae.
1039 2685 1098 2741 in
1134 2684 1300 2741 vobis
1332 2691 1439 2742 est.
1481 2687 1840 2758 Quanquam
1863 2685 2021 2740 enim
2054 2684 2150 2740 hic

491 2789 689 2830 sermo
721 2774 933 2831 Herodi
969 2775 1198 2831 videtur
1227 2775 1486 2840 attribui,
1538 2778 1611 2830 ad
1637 2775 1798 2847 ipsos
1832 2781 2024 2830 tamen
2065 2791 2150 2830 re-

491 2861 681 2935 spicit.
751 2865 934 2921 Hodie
988 2881 1128 2920 vero
1183 2869 1238 2920 et
1285 2880 1433 2930 cras,
1496 2863 1606 2920 etsi
1658 2870 2149 2920 enumeratorum

489 2950 720 3009 dierum
761 2953 1152 3026 signiﬁcativa
1184 2959 1498 3027 apparent,
1541 2959 1805 3010 attamen
1859 2953 2147 3025 temporis

2285 470 2388 516 σιν,
2423 456 2514 508 τὴν
2543 450 2852 506 ἀπόλαυσιν.

2353 546 2454 593 Καὶ
2487 537 2602 592 ἰδοὺ
2625 571 2693 580 -
2733 549 2948 615 πρῶτοι.
2977 541 3042 592 Οἱ
3073 537 3123 602 ἐξ
3155 538 3304 590 ἐθνῶν
3335 542 3530 604 πιστοὶ,
3557 537 3595 590 οἱ
3628 536 3779 592 δοκοῦσι

2279 632 2368 702 μεν
2421 632 2642 702 ἔσχατοι
2696 639 2806 698 νῦν,
2859 633 2929 692 ὡς
2985 633 3203 701 ἔσχατοι
3253 631 3338 680 τόν
3395 630 3508 679 Υὶόν
3555 627 3776 700 ἐπιγνόντες·

2279 721 2480 771 ἔσονται
2537 716 2596 772 δὲ
2656 728 2850 794 πρῶτοι
2902 724 3035 784 τότε,
3103 715 3196 770 διὰ
3235 721 3328 775 τὴν
3385 717 3605 790 εἰλικρινῆ
3659 724 3781 770 πίστιν

2280 808 2443 861 αὐτῶν
2453 852 2464 863 .

2351 903 2451 951 Καὶ
2483 898 2584 951 εἰσι
2619 930 2681 939 —
2714 900 2955 969 ἔσχατοι.
3001 899 3067 948 Οἱ
3104 898 3321 949 ἄπιστοι
3357 890 3607 960 Ἰουδαῖοι,
3653 895 3689 946 οἳ
3724 890 3782 946 δον

2276 996 2431 1040 κουσι
2485 989 2576 1060 μὲν
2651 995 2849 1062 πρῶτοι
2897 995 3007 1053 νῦν,
3063 989 3129 1048 ὡς
3188 993 3384 1058 πρῶτοι
3439 989 3518 1036 τόν
3568 987 3669 1036 Θεὸν
3710 982 3787 1034 ἐπι-

2274 1081 2496 1149 γνόντες.
2556 1079 2675 1138 Υἱός
2715 1078 2838 1150 γὰρ,
2894 1080 3046 1148 φησὶ,
3100 1079 3424 1148 πρωτότοκος
3473 1094 3558 1146 μου
3611 1072 3780 1146 Ἰσραήλ

2276 1170 2482 1220 ἔσονται
2515 1163 2572 1219 δὲ
2604 1169 2828 1239 ἔσχατοι
2864 1171 2997 1230 τότε,
3029 1161 3123 1217 διὰ
3146 1170 3240 1224 τὴν
3272 1162 3515 1216 ἀπιστίαν
3542 1162 3697 1218 αὐτῶν,

2345 1353 2556 1399 Νοείται
2586 1346 2611 1398 ό
2639 1344 2790 1417 λόγος
2831 1349 2921 1397 καὶ
2946 1349 3063 1419 περὶ
3095 1352 3193 1396 τῶν
3246 1352 3465 1407 πιστῶν,
3505 1351 3591 1394 τῶν
3637 1337 3790 1393 δοκοὺνο

2275 1455 2374 1488 των
2404 1439 2494 1509 μὶν
2535 1435 2663 1488 εἶναι
2711 1435 2951 1508 ἐσχάτων
2997 1436 3046 1487 ἐν
3076 1443 3145 1504 τῷ
3193 1438 3408 1508 μαρόντι
3451 1431 3558 1505 βίῳ·
3603 1430 3786 1502 ἐσομένων

2278 1525 2335 1581 δὲ
2366 1531 2579 1600 πρώτων
2621 1524 2667 1577 ἐν
2691 1534 2761 1596 τῷ
2793 1523 3024 1597 μέλλοντι
3049 1524 3212 1589 αἰῶνι,
3245 1528 3334 1575 καὶ
3364 1519 3506 1582 αὖθις
3525 1520 3714 1582 tum;

2279 1623 2431 1671 ΚΕΦ.
2511 1614 2639 1671 NA'.
2702 1620 2826 1691 Περὶ
2895 1621 2991 1665 τῶν
3071 1615 3310 1665 εἰπόντων
3393 1620 3463 1682 τῷ
3524 1610 3672 1666 Ἰησοὺ
3727 1604 3791 1658 διὰ

2934 1699 3194 1775 Ἡρώδην.

2347 1797 2428 1849 Ἐν
2479 1796 2608 1866 αὖτῇ
2653 1803 2714 1868 τῇ
2767 1795 2936 1866 ἡμέρᾳ
2998 1825 3064 1834 -
3127 1795 3448 1844 ἀποκτεῖναι.
3505 1788 3788 1845 Ἀκούσαντες,

2273 1885 2351 1937 ὅτι
2389 1885 2800 1944 ἐκϐληθήσονται
2830 1883 2943 1950 ἔξω,
2977 1888 3065 1934 καὶ
3113 1883 3189 1934 ὅτι
3221 1884 3429 1933 ἔσονται
3459 1882 3671 1950 ἔσχατοι,
3705 1873 3794 1928 ἀνή-

2273 1977 2478 2046 φθησαν
2534 1975 2600 2036 εἰς
2654 1973 2829 2048 ὀργὴν,
2891 1978 2979 2025 καὶ
3027 1974 3432 2044 ὑποκρινάμενοι
3471 1972 3661 2033 εὔνοιαν,
3703 1983 3795 2034 σομ-

2272 2062 2607 2116 ϐουλεύουσιν
2647 2065 2784 2134 αὐτῷ
2814 2063 3026 2126 ἐξελθεῖν
3055 2066 3143 2114 καὶ
3188 2059 3560 2133 ἀναχωρῆσαι·
3602 2057 3798 2128 προφάσει

2269 2157 2380 2226 μεν,
2434 2154 2516 2207 ἶνα
2563 2158 2634 2227 μὴ
2678 2154 2778 2206 ὑπὸ
2821 2149 3055 2226 Ἡρώδου
3100 2150 3364 2223 ἀναιρεθῇ
3427 2157 3483 2222 τῇ
3532 2143 3577 2199 δ’
3621 2144 3796 2212 ἀληθείᾳ,

2272 2244 2354 2294 ἱνα
2368 2251 2439 2316 μὴ
2463 2248 2640 2312 παρὼν
2657 2247 2747 2295 καὶ
2769 2245 3010 2316 θαύματα
3031 2250 3210 2309 ποιῶν,
3232 2236 3522 2302 δοξάζηται
3540 2241 3618 2288 καὶ
3635 2232 3794 2306 mihi»;

2266 2337 2354 2386 τόν
2382 2332 2560 2405 ὄχλον.

2338 2425 2444 2477 Καὶ
2498 2418 2631 2475 εἶπεν
2685 2453 2752 2462 --
2801 2421 3108 2494 τελειοῦμαι.
3170 2421 3329 2481 Γνοὺς
3383 2423 3473 2476 τὴν
3543 2415 3794 2485 πανουργίαν

2269 2511 2456 2578 αὐτῶν,
2514 2510 2826 2574 ἀνεξικάκως
2889 2516 2977 2563 καὶ
3027 2510 3222 2582 εὐφυῶς
3283 2507 3604 2578 ἀποκρίνεται
3663 2502 3796 2571 λέγων

2265 2603 2598 2676 Πορευθέντες
2674 2604 2847 2654 εἴπατε
2922 2607 2981 2672 τῇ
3044 2598 3268 2650 ἀλώπεκι
3347 2599 3532 2669 ταύτῃ,
3593 2595 3795 2652 τουτέστι,

2263 2698 2324 2763 τῇ
2385 2687 2670 2760 δολιότητι,
2721 2699 2781 2762 τῇ
2839 2687 3138 2762 δυστροπίᾳ
3193 2695 3254 2759 τῇ
3333 2689 3382 2738 ἐν
3436 2687 3567 2758 ὑμῖν·
3621 2688 3801 2734 τοιοῦτον

2260 2783 2362 2853 γὰρ
2412 2782 2441 2838 ἠ
2510 2778 2749 2843 ἀλώπηξ.
2809 2780 2868 2832 Εἰ
2917 2782 3015 2852 γὰρ
3070 2783 3159 2830 καὶ
3210 2779 3328 2847 (i9)
3380 2780 3504 2850 πρὸς
3537 2766 3801 2844 Ἠρωδηνό

2259 2869 2412 2940 λόγος
2461 2867 2817 2922 ἀποτετᾱσθαι
2867 2865 3031 2933 δοκεῖ,
3092 2866 3216 2918 ἀλλά
3254 2885 3314 2937 γε
3359 2873 3487 2939 πρὸς
3520 2864 3688 2921 αὐτοὺς
3719 2860 3800 2927 ὁρᾷ·

2259 2963 2328 3010 Τὸ
2391 2954 2449 3010 δὲ
2519 2963 2744 3031 σήμερον
2803 2963 2893 3010 καὶ
2955 2961 3154 3032 αὔριον,
3235 2955 3280 3008 εἰ
3359 2961 3449 3007 καὶ
3504 2953 3804 3026 ἠριθμημέιων

491 3043 832 3113 signiﬁcant
890 3044 1262 3100 brevitatem.
1337 3044 1605 3099 Solemus
1669 3043 1851 3112 enim,
1900 3042 2147 3116 quando

2261 3048 2461 3122 ἡμερῶν
2537 3050 2834 3121 σημαντικὰ
2892 3052 3174 3120 φαίνονται,
3249 3044 3365 3096 ἀλλ’
3427 3040 3510 3095 οὖν
3582 3038 3805 3107 συντομίαν

487 3133 796 3189 modicum
811 3139 1043 3205 tempus
1066 3132 1330 3188 indicare
1354 3133 1645 3197 volumus,
1663 3133 1836 3190 hodie
1851 3139 1902 3187 et
1922 3148 2050 3189 cras
2063 3132 2147 3188 di-

487 3237 636 3278 cere.
657 3221 943 3279 Slmiliter
959 3224 1160 3293 etiam,
1190 3226 1355 3294 quod
1368 3222 1538 3279 dicit:
1569 3225 1757 3279 Tertio
1779 3223 1874 3280 die
1890 3238 2145 3279 consum-

482 3327 628 3378 mor,
670 3312 894 3369 indicat
927 3328 988 3368 se
1028 3328 1151 3368 non
1198 3311 1386 3368 multo
1436 3318 1568 3385 post
1603 3313 1979 3368 moriturum.
2015 3311 2146 3368 Haec

484 3408 684 3460 autem
712 3402 879 3471 dixit,
914 3407 973 3458 ut
1003 3402 1157 3460 iram
1188 3417 1256 3458 ac
1290 3402 1579 3459 invidiam
1601 3417 1808 3458 eorum
1849 3401 2148 3474 mitigaret

555 3666 725 3726 Vers.
785 3672 871 3725 33.
944 3669 1157 3725 Tamen
1190 3698 1252 3711 —
1293 3667 1621 3726 ambulare.
1671 3667 1927 3734 Quidam
1977 3668 2146 3724 aiunt

484 3756 658 3814 hodie
679 3761 736 3813 et
786 3773 920 3814 cras
947 3773 1086 3814 eum
1117 3755 1312 3814 dicere
1344 3757 1418 3813 de
1458 3757 1671 3812 diebus
1701 3757 1921 3830 quibus
1964 3756 2145 3814 mira-

483 3845 618 3902 cula
646 3846 724 3902 ibi
744 3851 871 3902 erat
895 3847 1184 3912 editurus,
1237 3847 1475 3902 tertium
1508 3862 1647 3903 vero
1672 3863 1834 3918 cum,
1863 3846 1964 3918 qui
2007 3851 2146 3920 post

480 3935 592 3992 hos
634 3941 762 3992 erat
789 3935 1044 4000 futurus,
1077 3936 1137 3992 in
1175 3952 1298 4008 quo
1329 3935 1842 3992 consummandus
1891 3941 2035 4003 erat,
2073 3952 2142 3992 ac

480 4026 588 4082 iter
618 4025 1018 4099 Hierosolyma
1047 4041 1253 4082 versus
1278 4025 1687 4092 inchoaturus,
1723 4030 1784 4083 ut
1827 4027 1889 4082 in
1916 4042 1987 4083 ea
2019 4043 2143 4084 mo-

478 4121 733 4173 reretur.

550 4208 789 4279 Gportet
827 4221 920 4262 me
950 4203 1130 4262 hodie
1161 4209 1216 4262 et
1245 4221 1396 4277 cras,
1428 4205 1549 4262 sive
1599 4205 1838 4262 modico
1878 4210 2140 4279 tempore

478 4297 714 4369 operari
751 4312 885 4369 quae
929 4295 1068 4362 dixi,
1113 4299 1169 4352 et
1203 4295 1479 4368 perendie
1534 4295 1861 4361 ambulare,
1917 4295 1977 4351 id
2031 4300 2136 4363 est,

476 4386 814 4459 insequenti
836 4384 931 4441 die
958 4385 1206 4441 transire
1223 4402 1256 4440 ο.
1277 4385 1393 4441 vita
1412 4385 1712 4458 praesenti,
1729 4386 1850 4441 sive
1877 4391 2139 4457 postmo-

477 4476 622 4532 dum
647 4476 840 4534 occidi
867 4491 905 4534 a
930 4474 1117 4543 vobis,
1144 4475 1247 4549 qui
1281 4474 1707 4548 Hierosolymis
1737 4476 2136 4548 principatum

477 4565 711 4622 tenetis.

548 4741 706 4796 Vers.
746 4745 832 4798 33.
856 4741 1006 4811 Quia
1020 4773 1088 4787 —
1107 4741 1553 4814 Hierosolymis.
1581 4742 1806 4800 Ironice
1829 4743 1943 4800 hoc
1962 4742 2126 4811 dixit,

476 4828 808 4902 objurgans
860 4831 1209 4900 Jerusalem,
1242 4838 1532 4906 tanquam
1561 4834 1979 4905 prophetarum
2025 4835 2130 4891 ho-

477 4920 761 4977 micidam
777 4965 789 4978 .
820 4922 1484 4993 Estautemhujusmodi
1501 4925 1794 4980 sententia
1806 4925 2124 4980 sermonis:

476 5009 624 5067 Cum
645 5024 738 5066 me
759 5009 919 5067 dicat
943 5008 1316 5084 prophetam,
1347 5013 1548 5088 utique
1565 5013 1791 5071 occidet
1816 5030 1830 5081 ;
1860 5013 2128 5087 impossi-

545 5218 568 5258 ⁸
603 5216 796 5279 Exod.
819 5235 894 5291 ιν,
918 5219 1008 5275 22.

2245 4831 2512 4910 διασύρων
2623 4839 2717 4894 τὴν

2244 4925 2400 4980 ’Ἐστι
2432 4922 2490 4978 δὲ
2543 4927 2569 4977 ὁ
2608 4933 2721 4986 νοῦς
2759 4932 2851 4978 τοῦ
2903 4923 3056 4997 λόγου
3105 4932 3364 4986 τοιοῦτος’
3424 4927 3506 4977 ὅτι
3552 4922 3679 4974 Ἐπεὶ
3721 4931 3793 4983 πρε

2258 3146 2444 3209 καιροῦ
2514 3135 2935 3210 παραδηλοῦσιν.
3006 3136 3268 3208 Εἰωθαμεν
3340 3137 3460 3206 γὰρ,
3524 3134 3633 3183 ὅταν
3680 3126 3808 3194 οἶίῖον

2257 3230 2437 3300 καιρόν
2525 3225 2750 3299 ἐμφῆναι
2800 3226 3037 3298 θέλωμεν,
3105 3230 3330 3297 σήμερον
3415 3227 3504 3274 καὶ
3553 3222 3706 3292 αὔριον
3753 3217 3807 3263 Ii-

2255 3336 2385 3388 γειν.
2440 3316 2664 3389 Ὁμοίως
2733 3312 2792 3368 δι
2849 3320 2937 3368 καὶ
2985 3318 3042 3366 τὸ
3109 3323 3169 3387 τῇ
3223 3319 3376 3388 τρίτῇ
3441 3311 3722 3380 τελειοῦμαι,
3769 3320 3809 3352 το

2255 3405 2348 3458 οὐκ
2395 3405 2466 3468 εἰς
2512 3407 2716 3478 μακρὰν
2756 3404 3030 3457 ἀποθανεῖν
3071 3403 3221 3456 αὐτόν
3280 3404 3641 3474 ὑποσημαίνει.
3672 3400 3809 3447 Trin

2256 3490 2315 3547 δὲ
2372 3492 2500 3567 εἶπε,
2553 3495 3014 3570 παραμυθούμενος
3052 3497 3144 3552 τὴν
3191 3491 3354 3568 ὀργήν
3410 3495 3501 3542 καὶ
3555 3492 3634 3540 τόν
3668 3485 3808 3556 φθάνω

2256 3583 2422 3636 αὐτῶν
2437 3627 2450 3640 ,

2329 3671 2468 3732 Πλὴν
2514 3703 2572 3713 -
2623 3673 2938 3747 πορεύεσθαι
2988 3671 3150 3745 [Τινὲς
3201 3670 3316 3743 (50)
3376 3667 3435 3723 Ii
3470 3688 3611 3742 φασι,
3661 3668 3706 3717 τὸ
3744 3663 3810 3716 σή·

2255 3781 2406 3836 μερον
2459 3767 2545 3814 καὶ
2613 3766 2790 3837 αὔριον
2845 3768 2962 3838 περὶ
3014 3758 3110 3813 δύο
3169 3762 3379 3834 ἡμερῶν
3445 3760 3622 3829 λέγειν,
3674 3752 3714 3805 ἓν
3754 3749 3814 3805 αἷς

2255 3850 2360 3904 ἐκεῖ
2450 3836 2862 3927 θαυματουργείν
2911 3836 3119 3923 Ἶὲμελλι
3155 3865 3168 3878 ⁸
3216 3855 3406 3924 τρίτην
3471 3845 3550 3915 δὲ,
3608 3849 3688 3903 τὴν

2261 3941 2435 4005 αὐτὰς,
2500 3939 2547 3993 ἐν
2611 3941 2638 4014 ᾖ
2708 3941 3038 3999 τελειωθῆναί
3109 3958 3290 4012 φησιν,
3349 3942 3536 4003 εἶτουν,
3608 3931 3816 4007 cipis-'79?!

2257 4039 2351 4093 τῆς
2391 4029 2470 4083 ἐπὶ
2529 4032 2746 4083 θάνατον
2795 4034 3027 4105 πορείας»
3077 4034 3165 4081 καὶ
3217 4025 3475 4101 βαδίζειν
3532 4025 3610 4079 ἐπὶ
3656 4024 3712 4074 τὰ
3748 4017 3819 4070 Ἰε·

2255 4119 2588 4195 ροσόλυμα,]

2325 4215 2439 4284 Χρή
2481 4229 2544 4283 με
2599 4215 2825 4282 σήμερον
2889 4213 2976 4261 καὶ
3031 4211 3207 4282 αὔριον
3273 4207 3576 4283 ἐνεργῆσαι,
3625 4201 3656 4255 ἃ
3695 4194 3816 4258 εἷπον,

2251 4303 2433 4370 ἤγουν,
2491 4298 2574 4351 ἐπ’
2629 4299 2795 4372 ὀλίγον
2849 4303 3050 4373 καιρὸν,
3110 4303 3198 4351 καὶ
3249 4306 3315 4371 τῇ
3375 4297 3596 4370 ἐχομένῃ
3650 4291 3816 4362 πορεύε-

2253 4391 2397 4453 σθαι,
2458 4391 2645 4455 ιῖτουν,
2696 4397 2757 4462 τῇ
2817 4387 2996 4462 ἐφεξῆς
3208 4389 3387 4461 ἡμέρᾳ
3427 4383 3694 4460 μεταϐῆναι
3739 4387 3812 4427 ατε

2254 4486 2349 4541 τῆς
2401 4481 2676 4552 παρούσης
2735 4479 2895 4544 ζωῆς.
2953 4481 3213 4542 τουτέστι,
3277 4481 3418 4549 μετὰ
3477 4483 3620 4528 τοῦτο
3664 4469 3814 4521 ἀποθα-

2247 4575 2368 4634 νεῖν,
2411 4567 2494 4634 ὖφ’
2539 4569 2679 4641 ὑμῶν
2732 4563 2973 4626 δηλονότι
3019 4574 3116 4620 τῶν
3171 4564 3219 4618 ἐν
3273 4565 3615 4642 Ἰερουσαλὴμ
3663 4558 3810 4630 αρχον-

2246 4676 2346 4709 των
2360 4702 2371 4714 ,

2315 4745 2436 4798 Ὀτι
2517 4777 2586 4787 —
2659 4744 3020 4822 Ἰερουσαλήμ.
3116 4744 3419 4820 Εἰρωνικῶς
3499 4749 3641 4796 τοῦτο
3711 4731 3807 4796 εἴτε,

2807 4835 3168 4909 Ἰερουσαλὴμ,
3251 4837 3327 4898 ὡς
3428 4831 3808 4908 προφητοκτόνον.

3721 4931 3812 4950 Βῆζο

2243 5021 2408 5091 φὴτην
2462 5034 2525 5090 με
2584 5013 2743 5088 λέγει,
2795 5015 3002 5078 πάντως
3072 5013 3345 5069 ἀποκτενεῖ
3406 5034 3491 5089 με,
3541 5004 3809 5070 Ἀνὲνδεκτον

1692 5393 1916 5472 Variae
1953 5371 2279 5473 lectiones
2319 5410 2384 5474 et
2415 5408 2620 5475 notae.

537 5593 652 5670 (49)
679 5597 779 5652 Καὶ
800 5593 986 5657 abest.
1014 5594 1058 5654 Α
1073 5641 1086 5654 .

538 5597 631 5670 (49
679 5597 779 5652 Καὶ
800 5593 986 5657 abest.
1014 5594 1086 5654 A.

538 5593 652 5749 (50g
693 5670 822 5727 Haec
875 5672 934 5728 in
973 5669 1254 5729 contextu
1305 5661 1481 5726 habet
1523 5662 1581 5740 Β,
1612 5674 1748 5745 post
1796 5671 1976 5747 φθόνον
2026 5671 2120 5726 dae

2243 5609 2364 5657 τῶν.
2393 5601 2506 5657 Sed
2539 5603 2584 5656 A
2614 5601 2678 5656 in
2710 5601 2982 5673 margine
3010 5594 3270 5659 exhibet.

2308 5674 2423 5747 (51)
2461 5673 2892 5749 Πορεύεσθαιωθ
2918 5675 3130 5750 repetit
3155 5674 3222 5730 A.
