3994 6218
218 285 361 343 1009

1382 270 1791 350 ἀοΜΜΕΝΤ.
1835 291 1908 351 IN
1945 294 2210 359 LUCAM.
2254 335 2318 346 —
2359 304 2514 365 CAP.
2557 309 2702 369 xw.

3451 308 3590 380 1010

208 414 337 486 γὰρ,
408 415 527 473 ἤτοι
591 411 865 488 ἀσύνηθες,
928 421 1221 491 προφήτην,
1286 416 1620 493 ἀναιρεθῆναι
1674 419 1779 475 bird

1959 422 2046 519 lite
2078 428 2237 519 enim
2278 436 2382 499 est,
2434 434 2559 493 sive
2608 436 2934 509 insuetum,
2991 443 3058 501 ut
3092 442 3388 519 propheta
3442 448 3585 509 alibi

210 501 401 566 αὐτῆς.

279 591 626 667 Ἰερουσαλὴμ
693 627 762 635 -
835 594 1142 655 ἠθελήσατε.
1213 604 1392 653 Ταῦτα
1443 604 1533 653 καὶ
1597 601 1623 653 ὁ
1670 609 1813 655 Ματ-

207 683 359 744 θαῖος
417 681 701 756 ἀνέγραψεν
758 682 807 737 ἓν
851 694 920 757 τῷ
975 696 1310 759 πεντηκοστῷ
1342 690 1471 761 ἕκτῳ
1530 690 1810 765 κεφαλαίῳ,

204 777 298 825 καὶ
328 770 590 844 ἀνάγνωθι
629 772 677 826 ἓν
705 772 875 848 ἐκείνῳ
914 780 1004 834 τὴν
1053 776 1299 850 ἐξήγησιν
1339 778 1526 833 αὐτῶν.
1573 783 1811 835 Νοσσιὰν

208 856 269 914 δὲ
297 869 390 913 νῦν
409 861 545 934 λέγει
567 866 624 917 τό
654 863 846 926 πλῆθος
869 873 970 918 τῶν
998 875 1247 920 νεοσσῶν.

280 949 426 1006 Ἰδού
478 983 548 994 -
598 955 762 1027 ὑμῶν.
810 952 1061 1032 Ἐρημος,
1114 953 1374 1031 δηλονότι,
1429 960 1596 1021 καθὼς
1648 980 1810 1033 προσ-

201 1042 390 1099 έθηκῦ
414 1044 440 1094 ό
470 1045 761 1107 Μακθαῖος.
814 1049 915 1099 Καὶ
941 1053 1094 1100 τοῦτο
1121 1043 1181 1101 δι
1218 1050 1276 1100 τὸ
1312 1048 1470 1125 ῥητόν
1501 1046 1679 1123 ἄφιξῆς
1706 1050 1811 1105 ἐκεῖ

202 1126 240 1182 ὃ
245 1149 297 1189 ιη
301 1136 609 1203 ρμὴνευται.

272 1225 430 1292 Λέγω
472 1253 534 1263 -
568 1228 783 1298 Κυρίου.
827 1223 955 1287 Ἐως
983 1226 1045 1278 ἄν
1076 1226 1173 1301 ἧξη
1206 1228 1233 1279 ό
1262 1231 1465 1301 καιρὸς,
1498 1228 1581 1283 ὅτε
1629 1232 1806 1290 εἴπητε

196 1306 342 1365 τόδε.
398 1315 501 1365 Καὶ
541 1314 736 1366 τούτων
785 1310 845 1369 δε
890 1318 1094 1369 πάντων
1135 1315 1430 1382 ἀκολούθως
1454 1317 1502 1372 ἓν
1531 1318 1704 1395 ἐκείνῳ
1729 1329 1803 1394 τῷ

196 1400 460 1474 κεγαλαίῳ
490 1406 583 1462 τὴν
609 1402 879 1479 ἑρμηνείαν
906 1407 1156 1481 εὑρήσεις.

523 1588 667 1637 ΚΕΦ.
707 1583 827 1639 ΝΒ’.
871 1588 996 1658 Περὶ
1024 1592 1117 1638 τοῦ
1150 1582 1476 1662 ὑδρωπικοῦ.

269 1676 374 1725 Καὶ
416 1671 605 1744 ἐγένετο
645 1705 713 1716 -
743 1674 919 1729 αὐτόν.
969 1679 1070 1730 Καὶ
1122 1677 1272 1739 οὗτος
1310 1679 1336 1730 ό
1384 1686 1680 1754 Φαρισαῖος,
1727 1683 1798 1745 ὡς

1925 516 2247 585 occidatur,
2281 538 2465 595 quam
2494 524 2553 581 in
2583 542 2670 583 ea.

1994 609 2156 665 Vers.
2228 615 2315 670 34.
2382 614 2703 674 Jerusalem
2754 651 2823 661 —
2874 621 3155 679 noluistis.
3212 625 3343 684 Hec
3402 628 3583 686 etiam

1923 698 2152 789 scripsit
2182 702 2480 760 Mattheus
2509 706 3014 780 quinquagesimo
3046 718 3215 770 sexto
3251 716 3446 789 capite
3477 734 3491 773 :
3527 723 3585 776 et

1920 786 1980 842 in
2030 804 2102 845 eo
2129 789 2255 860 lege
2286 792 2560 863 ipsorum
2608 800 3059 869 expositionem.
3108 786 3344 861 Nidum‘
3380 810 3581 864 autem

1918 882 2089 932 vocat
2118 878 2419 950 pullorum
2451 884 2914 945 multitudinem.

1902 986 1907 991 ·
1990 967 2128 1022 Vers
2177 971 2264 1024 35.
2305 970 2461 1028 Ecce
2501 1004 2568 1014 —
2598 983 2808 1031 vestra.
2858 978 3099 1037 Deserta
3151 981 3438 1054 videlicet,
3468 985 3581 1042 sic-

1916 1058 1985 1111 ut
2022 1055 2255 1113 addidit
2299 1060 2605 1118 Mattheus
2634 1065 2654 1099 τ
2698 1082 2714 1135 ;
2767 1066 2869 1122 ubi
2935 1069 3117 1125 etiam
3184 1070 3299 1129 hoc
3349 1073 3579 1131 dictum

1917 1152 2350 1218 consequenter
2377 1150 2751 1210 declaratum
2781 1160 2891 1212 est.

1982 1234 2147 1290 Vers.
2201 1237 2291 1292 35.
2352 1238 2497 1296 Dico
2552 1271 2623 1284 —
2677 1244 2921 1302 Domini.
2986 1248 3312 1322 Quousque
3379 1250 3580 1309 veniat

1913 1325 2166 1396 tempus,
2214 1342 2354 1385 cum
2404 1329 2520 1387 hoc
2573 1331 2853 1391 dixeritis.
2914 1339 3132 1394 Horum
3181 1343 3387 1397 autem
3445 1355 3576 1398 om-

1908 1412 2077 1550 ?ium
2121 1414 2181 1472 in
2225 1432 2297 1474 eo
2345 1418 2479 1476 loco
2528 1428 2966 1496 consequenter
3026 1427 3570 1502 interpretationem

1932 1516 2193 1550 nveniam

1930 1516 2194 1561 nvemes.

2262 1597 2417 1654 CAP.
2449 1599 2563 1658 LII.
2595 1603 2680 1660 De
2709 1602 3051 1676 hydropico.

1974 1680 2115 1754 Cap.
2165 1686 2322 1745 XIV.
2373 1689 2541 1745 Vers.
2588 1691 2640 1758 1,
2682 1692 2763 1748 Et
2808 1694 3044 1764 factum
3091 1703 3179 1754 est
3208 1728 3274 1739 —
3303 1713 3457 1756 eum.
3509 1702 3576 1759 Et

190 1766 466 1835 προτιήτην
529 1763 686 1816 αὐτὸν
765 1764 999 1820 ἐκάλεσεν
1069 1766 1141 1830 εἰς
1216 1768 1471 1837 ἑστίασιν,
1531 1770 1779 1844 ύπόληψω

1959 1770 1999 1826 lc
2027 1772 2383 1845 Phariseus,
2415 1782 2698 1853 tanquam
2729 1763 3122 1856 prophetam,
3158 1788 3396 1844 vocavit
3423 1804 3571 1846 eum

189 1858 284 1902 τοῦ
346 1856 421 1924 μὴ
479 1851 780 1908 ϐασκαίνειν
844 1857 1156 1930 θηρώμενος.
1208 1857 1379 1912 Ἦσαν
1437 1863 1538 1936 γὰρ
1602 1866 1689 1913 καὶ
1743 1860 1791 1913 ἓν

185 1948 293 2002 τοῖς
322 1947 629 2016 Φαρισαίοις
680 1947 808 2005 τινες
872 1945 929 2009 ἕξ
982 1948 1227 2020 ἡμισείας
1279 1954 1513 2024 πονηροὶ,
1547 1956 1637 2003 καὶ
1692 1960 1791 2003 τῶν

184 2030 355 2083 ἄλλων
402 2028 795 2108 διαφορώτεροι.
843 2036 1027 2089 Εἵπετο
1073 2033 1133 2090 δὲ
1180 2039 1205 2091 ό
1258 2043 1506 2113 Χριστὸς,
1554 2039 1789 2114 ἀφορμὴν

183 2121 458 2174 κάνταῦθα
494 2122 735 2195 ὠφελείας
772 2131 863 2176 τοῦ
906 2132 1194 2201 Φαρισαίου
1242 2133 1333 2182 καὶ
1380 2137 1480 2181 τῶν
1524 2133 1661 2183 κατὰ
1701 2134 1790 2184 τὸν

183 2207 325 2262 οἷκον
376 2210 538 2264 αὐτοῦ
584 2216 887 2286 ποιούμενος
932 2220 1026 2275 τὴν
1083 2217 1356 2271 ἑστίασιν⁸
1402 2221 1451 2273 οἱ
1506 2216 1567 2273 δε
1619 2219 1789 2276 λοιποὶ

181 2306 468 2376 ⁴Ιιαρισαῖοι
502 2308 823 2378 παρετήρουν
858 2305 1036 2374 αὐτὸν,
1069 2306 1152 2360 ἔοίν
1182 2328 1232 2361 τι
1275 2314 1475 2385 ποιήσῃ
1521 2315 1663 2386 παρὰ
1702 2315 1788 2365 τόν

176 2394 336 2463 νόμον
367 2389 417 2443 ἓν
447 2399 519 2463 τῷ
545 2390 810 2466 Σαϐϐάτῳ.

252 2574 359 2622 Καὶ
401 2565 517 2622 ἰδοὺ
572 2601 634 2611 -
667 2570 848 2625 αύτοῦ.
880 2576 980 2626 Ἤν
1012 2575 1305 2648 ἱστάμενος,
1350 2582 1441 2631 καὶ
1470 2582 1542 2652 μὴ
1590 2579 1788 2654 τολμῶν

179 2659 276 2730 μεν
335 2659 571 2719 ζητῆσαι
628 2662 913 2736 θεραπείαν,
966 2659 1060 2717 διὰ
1088 2668 1146 2717 τό
1204 2665 1466 2720 Σάϐϐατον
1524 2674 1613 2723 καὶ
1669 2675 1787 2736 τοὺς

178 2752 540 2821 ⁴νςιρισαίους·
592 2756 891 2824 φαινόμενος
940 2749 1000 2807 δε
1045 2757 1219 2827 μόνον,
1280 2757 1364 2810 ἵνα
1421 2754 1547 2812 ἰδὼν
1603 2759 1790 2814 οἰκτει-

172 2843 321 2913 ρήση
374 2840 557 2892 τοῦτον
605 2838 687 2913 ἀφ’
745 2841 951 2909 ἑαυτοῦ,
999 2850 1088 2897 καὶ
1146 2844 1415 2921 ἀπαλλάξῃ
1473 2857 1565 2902 τοῦ
1616 2847 1788 2927 ὕδρω-

168 2947 296 2990 πος.

248 3022 354 3072 Καὶ
412 3048 475 3060 -—
559 3024 893 3093 Φαρισαίους.
971 3022 1109 3078 Ἐκεῖ
1179 3031 1269 3080 καὶ
1346 3026 1536 3094 αύτούς
1600 3050 1784 3104 συγκε-

165 3107 482 3180 κὶιςμένους.

247 3201 425 3269 Afyw
481 3232 547 3241 —
617 3202 925 3274 ἡσύχασαν.
985 3208 1085 3258 Καὶ
1140 3205 1319 3261 ἄλλοτε
1372 3212 1475 3285 γὰρ
1544 3219 1775 3265 τοιοῦτον

163 3288 515 3363 ἐρωτηθέντες
581 3292 1057 3365 ἑπεστομίσθησαν.
1134 3293 1276 3350 Ούδε
1337 3301 1439 3375 γὰρ
1516 3297 1774 3361 ἠδύναντο

158 3375 354 3448 λέγειν,
414 3379 494 3431 ὅτι
555 3378 806 3435 ἐκώλυσεν
872 3383 898 3434 ὁ
949 3386 1104 3457 νόμος
1148 3383 1478 3459 ἆγαθοποιεῖν
1541 3389 1589 3444 ἓν
1647 3391 1774 3445 Σαϐ-

160 3464 335 3539 ϐάτῳ.

242 3558 348 3612 Καὶ
413 3588 482 3600 -
537 3557 809 3615 ἀπεὶυσεν.
868 3592 938 3604 -
990 3563 1403 3639 Ἐπιλαϐόμενος,
1475 3567 1589 3624 ἀντὶ
1655 3579 1766 3640 τοῦ,

158 3645 437 3719 ἁψάμενος
466 3647 645 3701 αὐτοῦ.

238 3741 344 3790 Καὶ
404 3734 701 3813 ἀποκριθεὶς
765 3772 834 3781 -
907 3740 1211 3813 Σαϐϐάτοη
1278 3752 1443 3801 Τοῦτο
1493 3752 1594 3826 γὰρ
1658 3750 1768 3807 ἐπέ-

154 3844 345 3901 τρεπεν
382 3827 602 3899 όνόμος.
644 3828 706 3881 Εἰ
749 3827 811 3884 δε
853 3834 911 3884 τὸ
955 3832 1141 3905 οἴλογον
1191 3835 1321 3896 ζῶον
1373 3838 1466 3890 ούκ
1514 3839 1765 3896 ἐκώλυσεν

156 3913 407 3985 ἁνασπᾷν
445 3915 500 3968 ἔκ
530 3923 621 3969 τοῦ
664 3915 928 3983 κινδύνου,
981 3922 1152 3996 πολλῷ
1181 3924 1371 3999 μᾶλλον
1426 3932 1482 3980 τὸ
1532 3928 1762 4003 λογικὸν,

156 4003 239 4059 δι’
268 4005 296 4059 ὃ
326 4010 413 4058 καὶ
466 4010 524 4059 τό
573 4008 778 4081 ἄλογον.
827 4009 897 4064 Ὠ
927 4010 1092 4086 βάθος
1151 4016 1371 4088 σοφίαςῐ
1409 4025 1524 4082 Πῶς
1577 4017 1762 4096 διαφό-

152 4115 262 4171 ρως
320 4093 372 4147 ἐν
421 4095 668 4170 Σαϐϐάτῳ
733 4100 1071 4174 θεραπεύσας,
1139 4100 1423 4181 διαφόρους
1478 4093 1765 4183 ἀπολογίας

152 4184 324 4237 αὑτοῦ
380 4190 683 4256 πεποίηται,
742 4195 832 4243 καὶ
886 4193 1060 4255 πάσας
1111 4192 1551 4272 ὼωτιρῥήτουςς
1602 4197 1765 4255 διδοί-

150 4293 319 4340 σκων,
384 4276 462 4327 ὃτι
528 4275 629 4330 ἀπὸ
687 4287 785 4331 τῶν
846 4278 1104 4353 βιωτικῶν
1172 4286 1335 4359 ἔργων
1403 4287 1758 4357 σαϐϐατίζειν,

149 4368 275 4421 ἦτοι
306 4364 615 4435 σχολάζειν,
664 4366 921 4423 ἐκέλευσεν
947 4372 973 4423 ό
1016 4376 1201 4445 νόμος”
1239 4374 1296 4426 ού
1326 4380 1449 4450 ,μὴν
1507 4376 1607 4431 ἀπὸ
1663 4389 1760 4433 τῶν

148 4462 541 4526 πνευματικῶν.

228 4547 334 4597 Καὶ
376 4543 471 4597 οὐκ
502 4576 570 4585 —
612 4553 795 4602 ταῦτα.
857 4554 1083 4624 Φανερᾶκ
1136 4555 1301 4617 οὔσης
1354 4562 1448 4619 τῆς
1495 4555 1756 4622 ἀληθείας.

150 4728 305 4777 κει).
366 4721 490 4781 NI".
567 4729 691 4801 Περὶ
755 4734 848 4781 τοῦ
908 4733 980 4801 μη
1050 4729 1254 4805 ἀγαπᾷν
1319 4735 1413 4796 τὰς
1476 4736 1760 4806 πρωτοκλι-

890 4836 1028 4881 σιας.

222 4900 411 4973 Ἔλεγε
505 4932 572 4941 —
677 4902 977 4977 ἑξελίιγοντο.
1085 4908 1338 4983 Ἐπέχων,
1440 4911 1553 4967 ἀντὶ
1644 4922 1754 4983 τοῦ,

144 4995 485 5063 μεμφόμενος
538 4990 674 5064 (52),
718 4988 858 5047 διότι
886 4999 979 5059 τὰς
1029 5004 1240 5072 πρώτας
1281 5001 1614 5066 κατακλίσεις
1659 5003 1759 5069 ἑξε-

146 5079 366 5151 ὶέγοντο
390 5096 404 5111 '
448 5078 583 5154 ἑώρα
610 5083 708 5156 γὰρ
766 5084 957 5148 αύτούς
999 5090 1115 5150 τούς
1153 5097 1305 5144 τοῦτο
1335 5098 1612 5156 ποιοῦντας
1668 5114 1758 5154 τη-

144 5187 396 5224 νικαυτα.

221 5329 429 5387 Matth.
452 5346 610 5400 xxm,
645 5333 735 5389 38.

1902 1859 1981 1951 ad
2023 1864 2383 1934 convivium,
2434 1869 2782 1942 opinionem
2826 1876 3027 1931 venari
3082 1875 3353 1949 cupiens,
3399 1879 3564 1951 quod

1899 1927 2014 2023 ipsi
2079 1968 2202 2010 non
2253 1955 2566 2015 invideret.
2631 1962 2810 2018 Erant
2887 1964 3046 2020 enim
3098 1927 3345 2038 quridam
3402 1927 3567 2025 inter

1898 2040 2234 2101 Phariseos
2289 2047 2604 2115 semimali,
2656 2056 2714 2107 et
2765 2052 2866 2125 qui
2924 2054 3149 2110 ceteris
3190 2060 3361 2113 erant
3412 2073 3562 2129 pre-

1899 2131 2236 2191 stantiores.
2299 2135 2550 2194 Secutus
2622 2145 2711 2196 est
2760 2147 2960 2198 autem
3010 2148 3067 2199 et
3120 2142 3219 2200 hic
3276 2143 3559 2213 Christus,

1897 2221 2275 2280 occasionem
2321 2225 2608 2294 utilitatis,
2664 2230 2966 2298 Pharisei,
3014 2231 3238 2289 faciens
3281 2235 3341 2290 in
3388 2232 3563 2292 domo

1896 2311 2027 2383 ejus
2074 2313 2423 2384 prandium.
2479 2317 2685 2374 Ceteri
2737 2335 2879 2375 vero
2937 2319 3347 2380 observabant
3397 2338 3555 2389 eum,

1898 2416 1976 2456 an
2006 2399 2225 2460 faceret
2247 2404 2565 2480 quippiam
2605 2408 2666 2464 in
2709 2408 2994 2479 Sabbato,
3016 2410 3182 2485 quod
3222 2415 3437 2484 preter
3482 2412 3561 2469 le-

1898 2506 2033 2562 gem
2057 2498 2228 2549 esset.

1967 2581 2129 2638 Vers.
2160 2582 2212 2638 2.
2255 2583 2333 2640 Et
2377 2586 2811 2644 ecce—illum.
2870 2589 3006 2646 Erat
3054 2594 3243 2655 stans,
3290 2603 3402 2647 nec
3452 2605 3557 2647 au-

1897 2668 2046 2727 dens
2105 2677 2304 2742 petere
2363 2673 2733 2731 curationem
2798 2683 3040 2751 propter
3106 2677 3434 2735 Sabbatum
3502 2682 3560 2735 et

1896 2758 2223 2817 Phariseos
2252 2777 2267 2818 :
2302 2761 2497 2819 solum
2539 2767 2741 2820 autem
2776 2771 3043 2838 apparet,
3081 2770 3141 2823 ut
3176 2782 3314 2824 cum
3345 2767 3441 2824 ille
3473 2767 3557 2825 vi-

1895 2846 2095 2914 disset,
2148 2850 2522 2909 miseratione
2563 2858 2898 2910 moveretur
2922 2870 3067 2926 erga
3099 2855 3298 2928 ipsum
3338 2873 3409 2914 ac
3447 2857 3556 2932 hy-

1893 2935 2118 3011 dropisi
2155 2938 2451 2998 liberaret.

1963 3028 2133 3084 Vere.
2169 3029 2223 3084 3.
2256 3031 2332 3087 Et
2360 3062 2429 3072 —
2472 3029 2831 3089 Phariseos.
2882 3032 2991 3099 Qui
3031 3033 3212 3091 etiam
3249 3032 3329 3092 ibi
3368 3034 3549 3092 simul

1818 3126 1861 3186 α
1891 3126 2055 3173 erant
2088 3116 2338 3176 invitati.

1960 3207 2128 3263 Vers.
2150 3208 2208 3264 3.
2231 3238 2290 3247 -
2309 3210 2518 3265 Dicens
2546 3241 2597 3250 -
2621 3215 2954 3268 tacuerunt.
2978 3211 3169 3269 Etiam
3201 3213 3337 3270 alibi
3357 3214 3550 3272 simile

1882 3286 2033 3370 quid
2081 3296 2425 3370 interrogati
2486 3298 2960 3361 obmutuerunt:
3008 3318 3199 3376 neque
3251 3304 3413 3361 enim
3461 3305 3549 3361 di-

1883 3401 2015 3443 cere
2061 3393 2354 3459 poterant,
2397 3390 2564 3463 quod
2602 3389 3000 3464 prohibuisset
3054 3391 3148 3449 lex
3193 3393 3546 3452 benefacere

1880 3474 1941 3531 in
1972 3475 2259 3534 Sabbato.

1948 3565 2119 3621 Vers.
2168 3566 2228 3626 4.
2281 3566 2728 3626 lit—dimisit.
2773 3569 3200 3643 Apprehendit,
3254 3572 3376 3630 Hoc
3423 3577 3537 3641 est,

1879 3653 2069 3725 tetigit
2100 3671 2261 3713 eum.

1945 3745 2113 3800 Vers.
2159 3750 2210 3803 5.
2261 3746 2338 3803 Et
2374 3747 2723 3817 respondens
2753 3779 2818 3793 —-
2856 3749 3125 3807 Sabbati.
3190 3750 3308 3809 hoc
3354 3752 3518 3811 enim

1873 3831 1970 3890 lex
2015 3835 2412 3908 permittebat.
2461 3835 2690 3906 Quodsi
2732 3837 3072 3896 irrationale
3102 3840 3330 3898 animal
3374 3858 3408 3898 a
3440 3857 3541 3915 pe-

1874 3923 2061 3979 riculo
2091 3925 2320 3981 extrahi
2352 3940 2473 3981 non
2523 3926 2881 3999 prohibebat
2910 3928 2970 3985 in
3019 3927 3298 3999 Sabbato,
3351 3930 3538 3988 multo

1873 4011 2069 4082 magis
2085 4012 2393 4080 rationale,
2411 4014 2579 4085 cujus
2592 4015 2915 4073 commodo
2930 4017 3160 4074 vivebat
3176 4018 3535 4077 irrationale.

1873 4100 1917 4157 Ο
1932 4101 2291 4174 profundam
2310 4103 2668 4175 sapientiam
2694 4105 3033 4177 lquomodo
3060 4108 3239 4164 variis
3259 4108 3536 4182 tempori-

1870 4190 1986 4245 bus
2035 4190 2302 4247 Sabbato
2354 4191 2621 4249 tribuens
2673 4194 2979 4261 sanitates,
3033 4194 3281 4251 diversis
3336 4197 3415 4252 ad
3470 4197 3534 4253 id

1871 4294 2016 4334 usus
2069 4283 2159 4336 est
2223 4279 2737 4351 responsionibus,
2769 4283 3169 4355 omnibusque
3198 4283 3530 4340 insolubili-

1869 4366 2007 4438 bus,
2063 4367 2307 4432 docens.
2358 4369 2519 4441 quod
2546 4385 2583 4426 a
2608 4369 3017 4442 corporalibus
3046 4371 3329 4443 operibus
3358 4371 3530 4445 jube-

1792 4487 1837 4543 Β
1871 4456 1971 4513 bat
1990 4456 2080 4514 lex
2112 4458 2440 4532 quiescere,
2481 4472 2605 4515 non
2644 4475 2680 4515 a
2712 4458 3138 4531 spiritualibus.

1940 4546 2106 4602 Vers.
2159 4545 2217 4605 6.
2256 4548 2334 4604 Et
2364 4562 2485 4605 non
2525 4574 2579 4590 -
2619 4548 2758 4606 hec.
2813 4550 2964 4606 Cum
3015 4548 3332 4607 manifesta
3377 4555 3532 4609 esset

1867 4634 2109 4691 veritas.

1940 4724 2095 4783 CAP.
2138 4726 2271 4782 LIII.
2299 4726 2386 4784 De
2411 4743 2532 4785 non
2563 4728 2841 4785 amandzs
2895 4727 3106 4800 primis
3149 4728 3525 4789 accubitibus.

1939 4903 2109 4960 Vers.
2141 4906 2197 4959 '1.
2233 4902 2474 4961 Dicebat
2500 4933 2570 4945 —
2595 4903 2890 4977 eligerent.
2922 4905 3256 4975 Intendens,
3311 4907 3373 4965 id
3414 4912 3524 4973 est,

1868 4990 2198 5065 objurgans
2241 4997 2345 5050 aut
2380 4992 2725 5064 indignans,
2764 4992 2911 5067 quia
2946 4995 3174 5067 primos
3210 4996 3525 5056 accubitus

1867 5080 2163 5155 eligebant
2194 5097 2208 5139 :
2237 5086 2378 5140 tunc
2403 5081 2564 5140 enim
2589 5097 2691 5140 eos
2713 5082 2831 5141 hoc
2863 5082 3047 5142 facere
3084 5084 3345 5144 videbat.

1369 5465 1585 5536 Varie
1604 5466 1941 5539 lectiones
1984 5479 2049 5539 et
2079 5479 2277 5540 note.

219 5627 339 5700 (52)
364 5627 482 5709 Etsi
499 5626 708 5709 ἔπεχειν
728 5627 888 5688 hanc
913 5632 1226 5709 notionem
1251 5634 1475 5709 habere
1515 5641 1709 5709 potest
1735 5654 1749 5695 :

149 5702 352 5757 tamen
378 5699 477 5758 hic
496 5699 695 5760 aliena
732 5708 838 5771 est,
874 5711 1119 5779 prapter
1153 5705 1427 5765 additum
1458 5699 1584 5772 πώς.
1642 5711 1758 5783 lgi-

1861 5642 1974 5719 μιν.
2015 5639 2074 5695 id
2123 5641 2301 5698 etiam
2348 5645 2709 5716 permutavit
2754 5661 2891 5703 cum
2949 5642 3110 5700 διότι.
3143 5645 3382 5719 Ἐπίχιιν
3433 5651 3524 5706 est

1865 5711 1925 5769 h.
1954 5712 1996 5767 Ι.
2031 5728 2138 5786 pro
2166 5711 2470 5790 προσέχειν.
