3994 6218
532 230 667 290 {Oli

1848 223 2184 283 EUTHYMII
2222 219 2546 279 ZlGABENI

3596 43 3865 149 μιν

3710 222 3802 280 ιοιε

602 363 773 419 Vers.
815 360 869 416 7.
905 359 1116 417 Dicam
1164 356 1241 414 ad
1286 372 1396 414 eos.
1454 354 1536 411 Ad
1588 369 2077 430 unumquemque
2121 353 2175 410 il-

2372 353 2545 422 Λέγων
2576 352 2699 424 πρὸς
2731 347 2941 413 αύτούς.
2972 351 3107 423 Πρὸς
3136 350 3352 404 ἕκαστον
3384 347 3560 406 αὐτῶν.

529 452 746 509 lorum.

602 545 770 597 Vers.
803 542 856 594 8.
892 541 1039 594 Cum
1071 569 1133 577 —
1166 538 1331 592 Vers.
1386 540 1435 593 9.
1485 541 1700 593 tenere.
1752 536 2059 603 Admonet,
2108 549 2183 589 ne

531 649 591 686 se
648 627 1129 686 honoratioribus
1186 632 1546 698 praeponam,
1606 642 1793 697 neque
1847 631 1981 680 ante
2037 624 2183 679 alios

529 737 655 773 sesc
709 718 1014 772 collocent.
1047 717 1151 771 Per
1184 716 1531 786 parabolam
1580 721 1780 771 autem
1826 714 2183 770 admonitio-

530 825 669 863 nem
717 810 1062 869 contexens,
1118 804 1345 877 absque
1394 804 1621 860 invidia
1677 821 1775 860 eos
1831 804 2180 873 redarguit;

528 914 669 953 nam
719 896 1069 966 hujusmodi
1125 902 1259 950 sunt
1308 894 1662 967 parabolicae
1718 893 2178 950 admonitiones.

528 990 633 1042 Per
663 986 900 1057 nuptias
927 1002 1063 1040 vero
1110 1001 1287 1040 omne
1320 984 1640 1055 prandium
1672 999 2036 1055 omnemque
2063 999 2180 1037 cce-

526 1094 667 1132 nam
730 1075 1125 1145 significavit:
1174 1074 1406 1129 invitari
1456 1074 1611 1129 enim
1666 1074 1741 1129 ad
1787 1073 2026 1145 nuptias
2076 1072 2182 1126 ho-

526 1165 927 1221 noriﬁcentius
964 1164 1285 1233 videbatur,
1336 1179 1522 1237 quam
1579 1164 1648 1218 ad
1683 1162 2025 1236 prandium,
2077 1164 2183 1217 aut

526 1272 761 1312 ccenam
790 1255 1017 1312 vocari.

597 1347 768 1402 Vers.
832 1346 897 1399 10
967 1344 1078 1399 Sed
1133 1374 1199 1383 —
1248 1350 1459 1399 tecum.
1530 1342 1743 1399 Dilatat
1817 1355 2177 1409 sermonem,

525 1436 843 1492 ostendens
876 1439 930 1490 et
959 1433 1370 1489 confusionem
1418 1432 1496 1488 ab
1528 1432 1899 1503 impudentia
1930 1430 2091 1487 nasci
2120 1434 2176 1485 et

527 1527 779 1595 gloriam
820 1542 855 1581 a
884 1524 1237 1581 verecundia
1266 1540 1279 1590 ;
1307 1528 1362 1579 et
1388 1524 1663 1596 utrinque
1694 1522 1770 1578 ad
1819 1520 2178 1577 modestiam

526 1616 896 1672 adhortatur.
936 1614 1156 1670 Deinde
1192 1613 1365 1669 infert
1394 1613 1570 1668 etiam
1600 1611 1996 1667 universalem
2042 1626 2179 1667 sen-

2364 526 2525 580 Ὀταν
2568 560 2635 568 -
2693 532 2955 599 κατέχειν.
3008 534 3274 602 Παραινεῖ,
3327 532 3397 600 μὴ
3462 524 3689 599 ἓπιπκδᾲν
3729 538 3807 590 ταῖς

2292 624 2663 691 προτιμήσεσι,
2723 614 2862 689 μηδὲ
2926 619 3227 691 προτάττειν
3286 616 3493 677 ἑαυτούς
3542 626 3629 668 τῶν
3672 617 3805 672 illa».

2293 709 2387 758 Διά
2446 706 2748 781 παραϐολῆς
2804 703 2861 758 δὲ
2915 712 3007 764 τὴν
3065 711 3367 778 παραίνεσιν
3434 704 3693 777 ἐξυφαίνων,
3751 707 3809 757 ἀν

2292 797 2676 869 επαχθέστερον
2731 796 2898 847 αὐτῶν
2962 797 3306 847 καθάπτεται.
3354 801 3590 847 Τοιαῦται
3644 798 3725 870 γὰρ
3773 801 3810 847 εἰ

2290 884 2642 958 παραϐολικαὶ
2713 889 3062 956 παραινέσεις.
3120 888 3216 936 Διὰ
3272 894 3372 935 τῶν
3420 886 3588 955 γάμων
3640 881 3686 937 δε
3740 893 3811 936 πᾶν

2291 975 2506 1045 ἄριστον
2555 980 2645 1026 καὶ
2686 980 2784 1025 πᾶν
2840 970 3044 1025 δεῖπνον
3094 974 3317 1045 ἐνέφηνε.
3350 978 3417 1025 Τὸ
3467 973 3701 1025 καλεῖσθαι
3740 978 3810 1045 γὰρ

2291 1063 2362 1125 εἰς
2417 1066 2641 1135 γάμους,
2699 1069 3003 1135 τιμιώτερον
3071 1059 3240 1115 ἐδόκει
3307 1070 3404 1125 τῆς
3461 1063 3525 1125 εἰς
3571 1065 3809 1137 ἀριστονῆ

2293 1148 2497 1205 δεῖπνον
2536 1152 2629 1211 κλή
2642 1171 2740 1204 σεω
2751 1171 2791 1215 ς.

2365 1346 2495 1399 Ἀλλ’
2551 1378 2615 1387 -
2675 1367 2781 1401 σοι.
2837 1348 3087 1402 Πλατύνει
3137 1353 3221 1401 τὸν
3267 1349 3439 1420 λόγον,
3502 1347 3714 1402 δεικνύων
3750 1356 3814 1400 καὶ

2288 1439 2381 1492 τὴν
2434 1435 2532 1488 ἀπὶ
2578 1444 2674 1498 τῆς
2722 1434 3002 1498 αὐθαδείας
3054 1438 3337 1509 αἰσχύνην,
3400 1444 3485 1491 καὶ
3520 1444 3603 1497 τὴν
3631 1438 3716 1490 ἀπὸ
3747 1448 3815 1499 τῆς

2288 1524 2551 1588 εὐλαϐείας
2602 1523 2779 1597 δόξαν,
2812 1532 2901 1579 καὶ
2958 1527 3267 1602 ἑκατέρωθεν
3316 1530 3384 1590 εἰς
3444 1532 3815 1602 μετριοφροούνην

2288 1621 2722 1688 προτρεπόμενος.
2827 1613 2950 1669 Εἶτα
3052 1616 3275 1689 ἐπιφέρει
3362 1623 3453 1670 καὶ
3532 1617 3813 1689 γνωμολογίαν

525 1707 839 1762 tentiarum
870 1703 1278 1761 collectionem
1309 1702 1388 1760 ad
1418 1702 1934 1759 conﬁrmationem
1966 1700 2175 1756 adhor-

2290 1704 2591 1771 καθολικὴν,
2647 1706 2718 1768 εἰς
2776 1704 3060 1779 βεϐαίωσιν
3118 1716 3207 1768 τῆς
3258 1713 3617 1781 παραινέσεως,
3662 1707 3813 1777 λέγων·

528 1796 781 1864 talionis,
811 1795 1016 1849 dicens
1050 1812 1064 1849 :

596 1887 761 1941 Vers.
810 1886 897 1940 11.
942 1884 1137 1939 Omnis
1166 1883 1313 1938 enim
1345 1912 1408 1921 -—
1437 1882 1756 1937 extolletur.
1782 1880 1879 1936 Ille
1931 1879 2174 1954 quidem

525 1975 852 2044 dejicietur,
884 1974 979 2028 hic
1005 1978 1203 2027 autem
1237 1972 1542 2033 exolletnr,
1576 1987 1695 2026 non
1739 1976 1968 2026 tantum
2017 1968 2179 2041 apud

522 2063 799 2120 homines
830 2068 981 2117 recte
1002 2061 1360 2132 jndicantes,
1399 2076 1599 2116 verum
1634 2060 1811 2116 etiam
1842 2058 2029 2115 multo
2059 2074 2180 2115 ma-

525 2154 615 2223 gis
647 2152 807 2222 apud
841 2153 1049 2206 Deum.

595 2242 760 2296 Vers.
798 2242 881 2295 12.
935 2239 1160 2297 Dicebat
1192 2271 1259 2279 —
1288 2240 1451 2293 Vers.
1512 2242 1592 2294 14.
1626 2241 1951 2307 justorum.
2008 2237 2174 2302 Vide,

524 2330 703 2386 totius
761 2328 1024 2384 utilitatis
1074 2333 1516 2398 argumentum.
1576 2327 1924 2383 Convivium
2000 2326 2173 2394 fecit;

523 2424 845 2491 postquam
877 2419 1035 2474 enim
1076 2418 1404 2482 admonuit,
1446 2434 1581 2489 quas
1630 2417 1709 2472 ad
1752 2418 2022 2472 invitatos
2055 2432 2178 2472 ma-

524 2509 680 2564 xime
735 2507 1111 2579 pertinerent,
1154 2506 1439 2563 admonet
1494 2507 1673 2562 etiam
1723 2505 1887 2579 quod
1940 2504 2178 2577 expedit

524 2598 911 2653 convivatori.
952 2600 1077 2653 Non
1108 2597 1256 2652 dixit
1285 2604 1484 2652 autem
1515 2612 1529 2649 :
1562 2596 1708 2652 Cum
1738 2596 1977 2668 nuptias
2027 2596 2176 2651 fece-

523 2688 624 2750 ris,
665 2687 771 2742 sed
804 2703 817 2742 :
853 2687 997 2743 Cum
1036 2686 1355 2758 prandium
1404 2686 1613 2756 feceris
1670 2691 1775 2741 aut
1825 2700 2065 2741 mnam.
2116 2686 2177 2740 In

523 2777 745 2847 nUptiis
796 2776 953 2832 enim
992 2776 1399 2832 necessarium
1433 2779 1525 2830 est
1572 2775 1822 2843 amicos,
1856 2779 1909 2830 et
1941 2774 2173 2838 fratres,

522 2871 578 2922 et
600 2871 909 2934 cognatos,
938 2871 991 2922 et
1022 2865 1247 2921 vicinos
1276 2864 1487 2921 divites
1512 2864 1759 2921 invitare
1780 2864 1856 2921 ad
1887 2864 2178 2919 honorem

523 2954 891 3025 nuptiarum.

596 3044 849 3110 Quidam
884 3048 1081 3100 tamen
1112 3059 1218 3114 per
1247 3044 1568 3116 prandium
1595 3047 1649 3099 et
1677 3058 1909 3099 caenam
1938 3041 2173 3114 nuptias
2206 3069 2247 3126 ρ

521 3133 769 3203 intelligi
820 3133 1045 3189 dicunt.
1096 3134 1195 3189 Est
1224 3138 1421 3189 autem
1450 3132 1705 3190 docendi
1741 3149 1866 3187 mos
1899 3147 2018 3187 non
2051 3136 2174 3186 tan-

524 3228 642 3278 tum
678 3224 841 3281 mala
870 3223 1207 3296 prohibere,
1230 3223 1335 3278 sed
1370 3223 1528 3278 utilia
1565 3238 1803 3297 quoque
1833 3220 2170 3279 consulere:

521 3312 640 3383 illa,
667 3330 741 3371 ne
765 3313 933 3385 ﬂant,
964 3314 1090 3370 haec
1113 3329 1271 3381 vero,
1302 3319 1361 3368 ut
1382 3313 1551 3369 tiant.

594 3581 721 3633 Non
760 3584 959 3633 autem
986 3578 1045 3632 in
1077 3577 1499 3633 contumeliam
1528 3576 1821 3643 amicitiae,
1850 3576 2176 3635 fraternita-

524 3667 612 3729 lis,
648 3664 1041 3735 cognationis,
1074 3664 1445 3736 aliorumque
1478 3663 1763 3719 similium
1794 3665 1917 3720 haec
1962 3665 2171 3721 admo-

522 3753 667 3817 nuit,
723 3752 829 3807 sed
887 3758 949 3808 ut
1009 3752 1167 3824 quod
1228 3751 1438 3807 melius
1494 3757 1578 3807 est
1619 3758 2060 3824 cognoscentes,
2111 3754 2171 3810 id

522 3856 938 3912 praeponamus
969 3856 982 3907 ;
1007 3845 1062 3895 et
1092 3856 1165 3895 ne
1192 3840 1619 3909 benignitatem
1640 3840 1731 3895 his
1754 3841 1856 3913 qui
1881 3857 2003 3897 non
2024 3841 2173 3898 indi-

521 3936 679 4001 gent,
710 3929 1123 4001 responsionis
1156 3929 1370 3985 intuitu
1398 3929 1747 3985 vendamus.

595 4022 779 4075 Deum
830 4020 990 4075 enim
1024 4018 1245 4091 potius,
1295 4035 1478 4091 quam
1521 4019 1820 4075 hominem
1874 4035 2081 4075 curare
2112 4037 2171 4075 o-

519 4114 730 4183 portet,
785 4114 840 4164 et
883 4126 918 4165 a
972 4110 1089 4164 Deo
1148 4107 1345 4180 potius
1394 4108 1841 4167 retributionem
1886 4125 2167 4180 quaerere,

517 4214 703 4272 quam
747 4198 824 4253 ab
849 4197 1214 4253 hominibus.
1247 4196 1590 4267 Congruum
1624 4197 1800 4253 etiam
1833 4204 1920 4253 est
1959 4202 2024 4252 ut
2055 4198 2171 4270 spi-

518 4287 742 4343 ritualis
764 4288 1113 4343 convivator
1134 4302 1430 4361 pauperes
1448 4291 1755 4355 convocet,
1781 4286 1883 4359 qui
1908 4287 2173 4343 videlicet

519 4377 764 4433 scientia
794 4378 1079 4448 indigent,
1135 4377 1360 4433 debiles
1402 4376 1866 4449 praecordiorum
1906 4377 2165 4432 dissolu-

518 4466 693 4532 tione,
725 4474 781 4522 et
806 4468 908 4540 qui
938 4469 993 4524 in
1039 4468 1232 4523 activa
1269 4466 1389 4522 vita
1436 4466 1631 4521 claudi
1676 4472 1829 4533 sunt,
1878 4470 1936 4521 et
1972 4467 2075 4539 qui
2106 4467 2163 4523 in

518 4557 1001 4626 comtemplativa
1031 4557 1169 4611 cteci
1202 4576 1214 4615 ;
1253 4572 1393 4611 nam
1421 4555 1524 4627 qui
1556 4555 1699 4611 tales
1729 4572 1846 4611 non
1875 4562 2029 4623 sunt,
2058 4557 2168 4613 hoc

516 4644 790 4699 convivio
813 4661 933 4699 non
960 4646 1247 4715 indigent.

587 4733 628 4800 -Ξ-
675 4732 977 4804 Siquidem
1010 4735 1109 4805 qui
1142 4734 1557 4806 pusillanimes
1600 4740 1758 4803 sunt,
1788 4740 2000 4793 vocant
2024 4737 2169 4793 ami-

518 4836 620 4874 cos
648 4825 705 4875 et
746 4820 971 4887 fratres,
1004 4830 1291 4893 cognatos
1333 4840 1402 4880 ac
1435 4824 1655 4880 vicinos
1687 4824 1911 4889 divites,
1963 4831 2021 4880 ut
2054 4826 2166 4881 cito

518 4910 595 4964 ab
644 4909 729 4964 eis
784 4910 895 4966 sibi
950 4913 1349 4983 rependatur:
1398 4915 1501 4985 qui
1564 4931 1703 4969 vero
1759 4930 1984 4983 magno
2029 4919 2168 4971 sunt

517 4998 744 5069 animo,
792 4999 968 5070 longe
1016 5001 1324 5058 honestius
1368 5017 1438 5059 ac
1480 5002 1968 5059 honoriﬁcentius
2021 5019 2167 5076 ope-

2357 1880 2478 1936 Ὀτι
2548 1890 2646 1945 πᾶς
2698 1914 2755 1924 -
2813 1884 3173 1955 ὑψωθήσεται.
3232 1885 3289 1937 Ὀ
3342 1889 3435 1958 μὲν
3500 1888 3819 1941 ταπεινωθιέσι-

2288 1990 2395 2041 ται,
2451 1973 2477 2024 ὁ
2547 1969 2605 2025 δὲ
2658 1972 3018 2043 ὑψωθήσεται,
3079 1974 3135 2025 ού
3191 1978 3343 2047 μόνον
3395 1978 3536 2048 παρὰ
3579 1982 3667 2033 τοῖς
3726 1972 3821 2044 ὀρθὰ

2289 2070 2565 2134 φρονοῦσιν
2622 2060 2931 2136 ἀνθρώποις,

2290 2158 2361 2220 τῷ
2390 2159 2524 2221 Θεῷ.

2358 2237 2533 2312 Ἐλεγε
2592 2273 2661 2280 -
2720 2238 2959 2296 δικαίων.
3030 2242 3167 2314 Ὀρα
3234 2248 3408 2305 πόσης
3465 2244 3571 2314 (53)
3638 2240 3821 2313 6704a,-

2289 2327 2534 2381 ὑπόθεσιν
2581 2330 2695 2402 (54)
2743 2335 2835 2389 τὴν
2900 2331 3131 2383 ἑστίασιν
3202 2330 3521 2391 ἕποιὴσατοσ
3571 2335 3821 2403 παραινέσας

3011 2062 3139 2115 ἀλλά
3200 2070 3291 2116 καὶ
3342 2068 3444 2136 πρὸ
3498 2068 3670 2117 τούτων
3716 2068 3823 2137 παρὰ

2293 2422 2385 2492 γὰρ
2434 2422 2498 2471 τὰ
2555 2420 2729 2472 εἰκότα
2804 2428 2914 2483 τοῖς
2969 2420 3321 2491 κεκλημένοις,
3387 2428 3614 2490 παραινεί
3660 2426 3733 2471 καὶ
3769 2426 3819 2486 τῷ

2288 2507 2580 2566 κεκληκότι.
2641 2509 2751 2561 Ούκ
2820 2506 2927 2562 εἷπε
2970 2507 3029 2562 δι
3086 2512 3185 2574 ὅτι,
3235 2510 3397 2563 Ὅταν
3452 2519 3593 2583 ποιῇς
3650 2511 3818 2580 γάμους,

2290 2595 2417 2662 ἀλλ’,
2462 2596 2623 2649 Ὂταν
2654 2606 2811 2670 ποιῇς
2870 2601 3085 2673 ἄριστον
3138 2604 3167 2658 ἦ
3231 2596 3460 2655 δεῖπνον.
3522 2602 3594 2653 Ἐν
3637 2607 3724 2658 τοῖς
3752 2600 3821 2668 γέ·

2268 2706 2404 2765 μοις
2446 2690 2569 2759 γὰρ,
2627 2687 2924 2759 ἀναγκαίως
2972 2689 3149 2761 φίλους
3200 2696 3289 2741 καὶ
3334 2687 3583 2763 ἀδελφούς
3608 2695 3685 2741 καὶ
3729 2706 3821 2755 av,-

2287 2783 2450 2847 γενείς
2494 2781 2581 2830 καὶ
2638 2782 2874 2849 γείτονας
2917 2778 3192 2839 πλουσίους
3241 2779 3568 2844 συνεκάλουν,
3620 2777 3689 2830 ἐπὶ
3728 2782 3819 2847 τιμῇ

2292 2874 2389 2917 τῶν
2418 2868 2619 2939 γάμων.

2357 3047 2501 3105 Τινὲς
2555 3041 2633 3110 δὲ,
2686 3042 2780 3097 διὰ
2823 3053 2914 3098 τοῦ
2970 3044 3188 3115 ἀρίστου
3245 3052 3460 3099 καὶτοῦ
3509 3043 3716 3106 δείπνου,
3760 3047 3823 3093 καὶ

2287 3136 2403 3194 τοὺς
2448 3136 2652 3205 γάμους
2698 3138 2931 3187 νοεῖσθαι
2991 3135 3221 3207 λέγουσι.
3269 3141 3449 3206 Δοιὴν
3495 3134 3552 3189 δι
3596 3135 3717 3187 καλεί
3756 3137 3822 3187 τὴν

2284 3218 2583 3294 ὑποδοχὴν,
2639 3228 2732 3282 τὴν
2792 3224 3041 3295 εὐωχίαν,
3098 3230 3191 3283 τὴν
3260 3226 3519 3278 ἑστίασιν.
3574 3231 3743 3298 Τροπος
3782 3217 3824 3273 δε

2287 3308 2692 3381 διδασκαλικὸς,
2722 3318 2794 3385 μή
2844 3320 2997 3386 μόνον
3035 3314 3245 3367 κωλύειν
3276 3319 3344 3367 τὰ
3389 3316 3571 3388 φαῦλα,
3615 3314 3721 3365 ἀλλὰ
3760 3316 3823 3361 καὶ

2284 3403 2626 3455 ὑποτίθεσθαι
2668 3406 2734 3455 τὰ
2782 3406 3001 3478 χρηστοί
3028 3420 3041 3434 '
3103 3405 3228 3473 οἷον,
3259 3410 3345 3463 Μὴ
3378 3411 3514 3458 ποίει
3556 3400 3682 3471 τοδε,
3730 3400 3824 3453 ἀλλά

2284 3488 2429 3546 τόδε.

2357 3580 2465 3632 Ούκ
2522 3580 2597 3633 ἐπ’
2658 3580 2843 3654 ἀτιμίᾳ
2874 3578 2933 3634 δὲ
2976 3582 3145 3654 φιλίας
3338 3589 3431 3636 καὶ
3465 3586 3732 3656 συγγενείας
3756 3584 3822 3630 καὶ

2284 3666 2651 3741 ἀδελφότητος,
2710 3676 2799 3723 καὶ
2870 3681 2968 3724 τῶν
3020 3681 3282 3739 τοιούτων,
3356 3681 3523 3725 ταῦτα
3574 3677 3819 3744 παρῄνεσεν,

2284 3757 2388 3810 ἀλλ’
2432 3760 2514 3809 ἶνα
2552 3763 2609 3811 τὸ
2666 3767 2896 3832 κρεῖττον
2940 3757 3146 3827 ειδότες,
3198 3768 3354 3814 τοῦτο
3401 3771 3723 3835 προτεμὼμεν,
3756 3760 3820 3806 ui

2282 3854 2352 3921 μὴ
2420 3856 2529 3907 τοῖς
2591 3846 2850 3901 ἀνενὸεέσι
2913 3852 3004 3913 τὰς
3067 3850 3453 3925 φιλοφροσύνας
3511 3849 3817 3921 ﬁxe-emistus»

2282 3936 2359 3989 ἔπ’
2393 3935 2798 3992 ἀνταποδόσεσι.

2351 4031 2464 4099 Χρή
2528 4031 2628 4101 γὰρ
2686 4033 2807 4080 Θεὸν
2868 4030 3158 4101 θεραπεύειν
3215 4029 3412 4101 μᾶλλον
3467 4035 3495 4089 ἦ
3564 4029 3819 4100 ἀνθρώπους,

2281 4121 2366 4167 καὶ
2421 4119 2566 4191 παρὰ
2636 4124 2768 4169 Θεοῦ
2836 4121 3002 4181 ζητεῖν
3052 4116 3410 4172 ἀνταπόδοσιν
3472 4121 3579 4191 (56)
3643 4118 3819 4183 {tingi

2281 4204 2578 4278 ἀνθρώπων.
2639 4212 2899 4278 Προσήκει
2958 4203 3016 4259 δὲ
3066 4213 3155 4259 καὶ
3215 4211 3302 4259 τόν
3359 4210 3684 4280 πνευματικόν
3720 4203 3819 4256 ἐστι-

2280 4295 2444 4367 άτορα
2485 4294 2758 4365 συγκαλεῖν
2807 4298 2925 4357 τούς
2984 4294 3031 4347 ἐν
3089 4294 3283 4367 ἀπορίᾳ
3312 4303 3554 4366 γνώσεως
3605 4294 3815 4362 πτωχοὺς.

2279 4387 2517 4444 καὶτοὺς
2564 4382 2611 4434 ἐν
2669 4383 2957 4457 παραλύσει
3009 4394 3198 4459 φρενῶν
3254 4384 3577 4458 ἀναπήρους,
3614 4388 3689 4435 καὶ
3737 4382 3819 4436 τοὺὲ

2282 4469 2328 4522 ἐν
2369 4479 2429 4543 τῇ
2481 4480 2740 4544 πρακτικῇ
2792 4472 3019 4543 χωλούς,
3065 4478 3155 4525 καὶ
3201 4477 3325 4536 τούς
3379 4474 3429 4526 ὶν
3478 4482 3537 4545 τῇ
3588 4474 3815 4543 θεωρητικᾷ

2279 4559 2495 4631 τυφλούς
2521 4578 2531 4589 ·
2574 4562 2622 4612 οἱ
2651 4565 2721 4631 μὴ
2769 4569 2996 4613 τοιοῦτοι
3045 4564 3145 4637 γὰρ
3187 4562 3281 4615 ούκ
3332 4560 3616 4616 ἐπιδέονται
3659 4562 3814 4611 τοῦτον.

2349 4740 2390 4808 ἰ-
2421 4740 2460 4808 -Ῐ-
2505 4738 2644 4790 Ἐπεὶ
2700 4739 2747 4790 οἱ
2785 4739 2894 4809 (57)
2924 4743 3013 4812 μεν
3060 4739 3402 4813 μικρόψυχοι
3434 4740 3638 4792 καλοῦσι
3686 4736 3817 4808 φῦονς

2279 4832 2367 4878 καὶ
2416 4825 2686 4899 ἀδελφούς,
2718 4837 2978 4899 συγγενεῖς
3024 4834 3112 4881 καὶ
3159 4835 3401 4901 γείτονας
3447 4831 3711 4893 πλουσίους,
3751 4820 3817 4873 σ’ιά

2282 4924 2373 4973 τὴν
2414 4915 2460 4967 ὲν
2512 4926 2583 4987 τῲ
2639 4920 2872 4991 παρευθύ
2912 4920 3110 4989 χάριν·
3153 4920 3202 4971 οἱ
3249 4916 3309 4971 δε
3340 4919 3687 4993 μεγαλόψυχοι
3725 4908 3815 4961 πολῦ

2280 5004 2485 5057 κάλλιον
2532 5012 2620 5059 καὶ
2666 5003 2989 5082 ἐνδοξότερον
3039 5006 3386 5081 ἐργάζονται,
3437 5010 3463 5062 ὁ
3508 5005 3722 5070 ἔδειξενό
3763 4999 3813 5050 5‘3

1750 5180 1973 5249 Variae
1997 5180 2326 5249 lectiones
2358 5193 2422 5251 et
2445 5194 2644 5250 notas.

589 5376 700 5449 (53)
748 5375 931 5450 Πάσης
962 5374 1192 5450 videtur
1220 5375 1429 5448 legisse
1462 5378 1804 5434 Hentenius.
1837 5380 1984 5449 Ergo
2035 5378 2166 5450 ejus

514 5447 919 5518 interpretatio
962 5447 1277 5502 claudicat.

612 5521 697 5592 54)
724 5520 1011 5592 ’Υπόβεσιμ
1048 5522 1103 5573 Β.
1140 5520 1309 5592 Male.

612 5522 697 5592 54)
724 5522 1011 5580 ’1⁸πόθεσις.
1048 5522 1103 5573 Β.
1140 5522 1309 5574 Male.

587 5522 701 5663 (55)
728 5588 996 5657 Παιδείας,
1019 5606 1128 5665 pro
1158 5589 1345 5665 φιλίας.
1377 5591 1440 5644 Α.

2351 5379 2464 5448 (56)
2493 5378 2716 5433 Μᾶλλον.
3754 5441 3761 5447 ν

2348 5451 2464 5522 (57)
2507 5454 2624 5506 Hoc
2677 5451 2971 5507 scholium
3013 5457 3220 5508 neuter
3262 5469 3541 5510 meorum
3582 5444 3792 5522 agnqsclt

2282 5514 2579 5593 Leguntur
2598 5524 2815 5581 similia
2846 5524 3010 5597 apud
3029 5525 3545 5599 Theopbylactum
3572 5514 3726 5598 p.335.
3745 5514 3791 5564 Λα
