3994 6218
176 292 310 352 1θ13

1211 296 1579 358 ΟΟΜΜΕΝΤ.
1627 301 1691 357 ΙΝ
1739 298 1998 361 LUCAM.
2047 335 2108 347 -
2149 304 2307 364 CAP.
2348 308 2498 371 XIV.

3403 286 3542 368 μ)ιί

167 439 276 495 ρεος
305 417 401 475 διὰ
436 424 560 485 τοὺς
611 431 893 487 ποιοῦντας
930 432 1084 479 τοῦτο
1125 425 1193 488 εἰς
1230 429 1352 489 τοὺς
1402 427 1629 490 ἀσθενεῖς
1675 434 1757 482 καῖ

1902 443 2105 510 'antur,
2146 440 2311 512 quod
2340 436 2775 499 demonstravit
2814 440 3106 498 Dominus
3142 457 3252 515 per
3288 457 3391 498 eos
3430 439 3539 515 qui

166 507 350 573 ἐνδεεῖς
400 516 492 564 καὶ
540 510 862 586 ἀναπήρους,
916 515 1038 587 παρ’
1088 516 1156 567 ὧν
1215 520 1309 569 οὐκ
1352 519 1493 571 ἔστιν
1549 517 1768 572 ἀνταπό-

167 596 336 666 δοσις,
391 602 471 662 οἷς
526 602 552 654 ὀ
598 606 729 665 Θεὸς
766 601 815 655 ἐν
855 611 925 675 τῷ
981 604 1217 677 μέλλοντι
1268 606 1418 659 αἰῶνι
1475 604 1769 662 ἀποδοῦναι

164 691 353 761 μισθόν
381 689 747 762 ἐπηγγείλατο.

296 785 443 833 ΚΕΦ.
475 781 599 835 ΝΔ’.
635 786 758 856 Περὶ
783 789 881 834 τῶν
906 782 1229 856 καλουμένων
1255 782 1303 836 ἒν
1332 792 1404 855 τῷ
1433 783 1639 859 δείπνῳ.

233 869 492 930 ’Δκούσας
555 866 616 923 δέ
667 890 746 934 τις
811 902 881 912 -
939 872 1175 935 πολλοὺς.
1240 874 1530 947 Ἐξυφαὶνει
1602 875 1769 952 πάρα-

166 956 318 1016 ϐο).ὴν
377 957 750 1031 ἐμφαίνουσαν,
811 962 890 1013 ὅτι
945 959 1120 1025 οὐδεὶς
1165 971 1264 1015 τῶν
1317 968 1390 1035 μὴ
1458 966 1768 1038 πειθομένων

163 1047 303 1119 αὐτῲ
356 1046 652 1102 ἀπολαύσει
705 1059 799 1112 τῆς
853 1049 1128 1123 βασιλείας
1171 1060 1263 1104 τοῦ
1315 1061 1469 1106 Θεοῦ.
1527 1059 1624 1107 Καὶ
1676 1057 1768 1107 οἰν-

168 1138 372 1210 θρωπον
419 1140 512 1207 μὲν
577 1144 972 1214 προσηγόρευσε
1026 1144 1114 1193 τὸν
1176 1146 1304 1195 Θεὸν
1373 1147 1463 1196 καὶ
1539 1148 1763 1217 Πατέρα,

162 1228 233 1287 ὡς
294 1226 677 1299 φιλάνθρωπον·
729 1225 935 1282 δεῖπνον
991 1226 1050 1283 δὲ
1106 1235 1269 1303 μέγαν
1321 1231 1457 1304 (58),
1498 1237 1591 1291 τὴν
1623 1232 1765 1286 ἀνέκ-

165 1334 398 1389 φραστον
442 1316 733 1370 ἀπόλαυσιν
780 1327 872 1379 τῆς
915 1317 1193 1390 βασιλείας
1247 1328 1340 1373 τοῦ
1389 1325 1537 1375 Θεοῦ.
1581 1320 1766 1376 Ἀδια-

162 1410 325 1478 φόρως
356 1402 418 1458 δὲ
455 1413 543 1458 νῦν
581 1402 789 1459 δεῖπνον
836 1410 1029 1466 ταύτην
1072 1409 1186 1481 (59)
1243 1406 1400 1462 εἶπεν.
1445 1411 1523 1464 Ἐν
1548 1420 1621 1483 τῷ
1653 1432 1763 1465 πεν-

158 1502 406 1564 τηκοστῷ
442 1498 547 1567 γὰρ
595 1503 785 1568 πρώτῳ
823 1497 1083 1570 κεφαλαίῳ
1140 1506 1231 1550 τοῦ
1295 1502 1431 1553 κατὰ
1495 1503 1763 1555 Ματθαῖον

156 1584 376 1654 ἄριστον
459 1583 624 1643 αὐτὴν
691 1585 977 1658 ὠνόμασεν.
1059 1586 1300 1639 Ἐκοίλεσε
1378 1591 1437 1641 0":
1526 1589 1759 1657 πολλοὺς,

152 1675 342 1742 ἤγουν,
397 1670 489 1727 τὰς
540 1669 753 1725 δώδεκα
795 1673 958 1746 φυλὰς
1016 1682 1109 1727 τοῦ
1163 1675 1396 1749 Ἰσραήλ.
1460 1677 1615 1730 Δῦται
1659 1684 1760 1755 γὰρ

1879 528 1991 585 hoc
2013 528 2233 586 faciunt
2262 547 2404 601 erga
2442 531 2712 588 inﬁrmos
2734 536 2791 587 et
2832 531 3165 600 indigentes
3199 547 3270 587 ac
3298 531 3537 588 mutilos

1877 634 1913 674 a
1936 619 2156 689 quibus
2187 636 2303 676 non
2340 625 2429 676 est
2458 620 2780 689 retributio,
2821 620 3042 694 quibus
3072 622 3225 675 Deus
3253 621 3310 678 in
3337 620 3533 678 futura

1878 706 1995 764 vita
2024 724 2084 764 se
2117 709 2397 765 daturum
2440 728 2574 767 esse
2607 711 2943 767 mercedem
2975 709 3262 781 pollicitus
3280 714 3390 766 est.

2159 799 2312 855 CAP.
2341 800 2477 856 LIV.
2504 800 2587 857 De
2617 800 2880 856 invitatis
2906 798 2975 854 ad
3006 814 3249 857 canam.

1947 889 2107 943 Vers.
2141 894 2224 943 15.
2258 891 2521 961 Cumque
2548 890 2671 947 haec
2699 890 2946 945 audisset
2972 921 3041 930 —
3068 889 3237 943 Vers.
3271 891 3351 944 16.
3380 887 3533 944 mut-

1878 982 1985 1033 tos.
2017 977 2377 1035 Parabolam
2408 979 2716 1045 subinfert,
2770 984 2832 1035 ut
2862 979 3159 1043 ostendat,
3200 976 3367 1050 quod
3407 977 3535 1034 nul-

1876 1066 1968 1123 lus
2019 1068 2121 1141 qui
2186 1068 2235 1124 ei
2302 1083 2425 1124 non
2502 1068 2813 1135 obedierit,
2860 1067 3084 1124 fruetur
3148 1083 3333 1138 regno
3409 1066 3531 1123 Dei.

1877 1157 2189 1214 Hominem
2221 1158 2420 1231 itaque
2484 1159 2719 1214 vocavit
2770 1162 2956 1215 Deum
3008 1161 3063 1215 et
3098 1156 3357 1223 Patrem,
3408 1161 3530 1213 tan-

1874 1262 2061 1320 quam
2110 1248 2449 1304 humanum
2500 1264 2570 1304 ac
2624 1249 2941 1304 hominum
2996 1252 3347 1304 amatorem.
3405 1248 3530 1303 Coe-

1873 1352 2015 1392 nam
2061 1352 2200 1393 vero
2249 1352 2555 1406 magnam,
2609 1335 2972 1393 ineffabilem
3021 1334 3190 1408 regni
3243 1334 3343 1391 Dei
3398 1334 3534 1392 frui-

1874 1426 2117 1492 tionem,
2163 1443 2347 1499 quam
2380 1425 2515 1482 ideo
2555 1441 2791 1483 cmnam
2834 1426 3086 1492 vocavit,
3127 1424 3292 1497 quod
3347 1422 3531 1481 ﬁnem

1870 1516 2098 1573 nesciat
2153 1516 2257 1588 (ρ).
2318 1518 2465 1572 Nam
2533 1515 3043 1589 quinquagesimo
3109 1515 3305 1587 primo
3368 1513 3533 1584 juxta

1872 1604 2210 1661 Matthaaum
2238 1605 2429 1677 capite
2462 1604 2782 1677 prandium
2816 1604 3140 1676 appellavit
3167 1604 3212 1659 ⁸.
3251 1603 3326 1658 Et
3369 1619 3530 1660 voca-

1872 1694 1957 1750 vit
1977 1695 2211 1762 multos,
2242 1700 2386 1766 puta
2412 1694 2728 1750 duodecim
2747 1693 2934 1749 tribus
2950 1693 3135 1749 Israel
3163 1709 3176 1760 ;
3200 1692 3342 1766 ipsa
3367 1691 3529 1748 enim

150 1764 255 1833 πρὸ
292 1763 503 1813 πάντων
552 1769 654 1813 τῶν
683 1762 836 1815 ἐθνῶν
871 1759 1007 1821 ἦσαν
1037 1763 1345 1837 κεκλημέναι
1369 1766 1439 1826 ὡς
1460 1765 1580 1828 λαός
1617 1767 1757 1831 ἐξαί-

1902 1791 2008 1840 .nte
2042 1759 2260 1840 omnes
2292 1788 2495 1853 gentes
2539 1789 2763 1840 vocata:
2801 1787 2988 1848 erant,
3016 1759 3239 1856 utpote-
3270 1780 3528 1855 populus

146 1870 295 1924 ρετος
318 1857 416 1903 τοῦ
437 1858 594 1906 Θεοῦ.

217 1941 264 2010 -ί-
325 1941 372 2011 -ι-
414 1939 473 1993 Ὀ
523 1948 626 1992 τῶν
660 1940 804 1993 ’ὅλων
863 1940 976 2014 (60)
1045 1946 1375 2016 Δημιουργὸς
1424 1949 1515 1997 καὶ
1581 1950 1761 2021 Πατὴρ

148 2032 282 2089 θεὸς
337 2025 549 2081 δεῖπνον
615 2034 749 2102 μέγα
809 2029 1042 2098 ἐποίησε,
1096 2037 1385 2101 τουτέστιν,
1427 2033 1761 2106 εὐαγγελικὴν

148 2116 477 2188 οἰκονομίαν,
536 2119 620 2170 ἱνα
688 2121 871 2180 πάντες
937 2124 1066 2192 πρὸς
1147 2121 1306 2180 αὐτὴν
1380 2126 1757 2198 συνέρχωνται.

150 2212 367 2258 Δεῖπνον
427 2203 488 2259 δε
517 2207 681 2273 καλεῖ,
715 2208 809 2260 οὐκ
852 2210 1090 2283 ἄριστον,
1128 2211 1205 2262 ὅτι
1251 2209 1301 2262 ἐν
1342 2209 1593 2283 ἐσχάτοις
1647 2234 1757 2266 και-

144 2303 256 2368 ροῖς
308 2300 405 2348 καὶ
479 2294 586 2349 οἷον
632 2295 717 2350 ἐπὶ
768 2294 999 2371 δυσμαῖς
1057 2307 1149 2352 τοῦ
1199 2299 1397 2362 αἰῶνος.
1451 2301 1760 2375 Ἠτοίμασεν

145 2381 236 2437 οὖν
278 2384 677 2458 ἁμαρτημάτων
707 2384 973 2453 ἀπόθεσιν,
1007 2391 1307 2461 Πνεύματος
1335 2390 1488 2463 ἁγίου
1537 2391 1760 2464 μέθεξιν,

142 2475 420 2536 υἱοθεσίας
473 2471 654 2542 δόξαν,
700 2475 974 2530 Βασιλείαν
1023 2477 1251 2552 ορρανῶν
1303 2483 1393 2532 καὶ
1446 2485 1762 2554 προφητείας

144 2563 385 2636 Εὖαγγε)
395 2568 505 2619 ίων.

214 2857 323 2906 Καὶ
358 2884 426 2893 -
462 2855 647 2906 πάντα.
672 2853 859 2907 Δοῦλον
909 2863 1002 2907 τοῦ
1058 2858 1265 2929 Πατρός
1300 2855 1482 2908 ἑαυτὸν
1514 2855 1666 2929 λέγει,
1695 2859 1761 2920 ὡς

137 2947 357 3015 μορφὴν
391 2939 582 2995 δούλου
624 2942 863 3009 λαϐόντα,
895 2945 946 3004 ὃς
989 2942 1253 3004 ἀπεστάλη
1286 2948 1422 2997 κατὰ
1467 2948 1527 2997 τό
1566 2944 1759 3020 ἀνθρώ-

140 3051 296 3083 πινον
320 3031 399 3093 εἰς
420 3036 540 3092 τοὺς
556 3029 871 3097 Ἰουδαίους,
894 3032 1061 3085 καλῶν
1087 3032 1281 3097 αὐτοὺς
1306 3034 1379 3097 εἰς
1396 3038 1488 3091 τὴν
1508 3035 1759 3110 ῥηθεῖσαν

140 3118 468 3189 ἀπόλαυσιν,
503 3117 596 3173 δια
619 3129 709 3173 τοῦ
742 3121 1079 3193 Εὐαγγελίου.

217 3215 329 3264 Καὶ
358 3240 430 3250 --
457 3212 657 3271 πάντες.
692 3210 820 3263 ’Λπό
853 3218 978 3284 μιᾶς
1004 3214 1290 3278 συνθήκης,
1314 3218 1603 3280 τουτέστιν,
1626 3215 1757 3287 ἅμα,

133 3308 353 3362 κοινῶς.

209 3389 278 3441 Ὁ
358 3396 561 3462 πρῶτος
617 3420 686 3428 -
756 3388 935 3444 ἐλθεῖν.
997 3392 1066 3445 Αἰ
1146 3388 1391 3465 διάφοροι
1472 3395 1759 3465 προφάσεις

130 3475 300 3530 οὐδὲν
340 3478 513 3552 ἕτερον
560 3478 955 3550 ὑποφαίνουσιν,
983 3483 1013 3538 ἣ
1053 3482 1120 3532 τὰ
1168 3477 1398 3555 διάφορα
1454 3484 1619 3545 πάθη,
1681 3479 1756 3536 δι’

128 3566 167 3617 ἆ
229 3575 327 3627 τῆς
394 3566 669 3641 εἰρημένης
752 3566 1088 3631 ἀπολαύσεως
1136 3567 1511 3644 ἐστερήθησαν
1573 3572 1598 3623 ὁ
1664 3575 1754 3644 μὲν

123 3659 240 3727 γὰρ
292 3651 433 3727 τῷδε
479 3661 877 3731 κεκρατημένος,
923 3658 1093 3731 ἔτερος
1150 3655 1209 3712 δὲ
1252 3656 1410 3730 τῷδε,
1469 3664 1556 3712 καὶ
1600 3660 1751 3725 ἄλλος

119 3741 297 3815 τῷδε,
354 3751 640 3819 παρώσατο
690 3748 807 3816 (6t)
853 3749 910 3798 τὸ
949 3745 1278 3820 Εὐαγγέλιον,
1324 3746 1397 3801 δι’
1454 3750 1516 3802 οὗ
1571 3758 1751 3822 τυχεῖν

120 3838 339 3896 ταύτης
386 3833 525 3899 ἐξῆν,
579 3837 651 3898 ὡς
687 3834 915 3888 ἐναντίον
971 3844 1086 3899 ταῖς
1144 3841 1510 3913 προαιρέσεσιν
1562 3839 1747 3898 αὐτῶν,

114 3928 199 3977 Τὸ
262 3919 325 3975 δὲ
379 3922 551 3997 ἐρωτῶ
595 3943 673 3992 σε,
722 3932 810 3977 νῦν
851 3924 963 3978 ἀντὶ
1007 3934 1119 3989 τοῦ,
1153 3926 1436 3999 παρακαλῶ
1478 3947 1554 3993 σε,
1590 3931 1754 3982 τέθει-

118 4032 221 4065 ται
269 4015 413 4082 (6‘2),
462 4015 637 4074 καθὼς
661 4019 751 4066 καὶ
803 4012 852 4066 ἓν
902 4010 1175 4088 διαφόροις
1215 4020 1390 4078 τόποις
1441 4014 1752 4093 παραδεδὼ-

118 4121 329 4155 xerunt.

204 4278 383 4353 [Τινὲς
418 4278 533 4345 (63)
585 4273 644 4331 δε
688 4276 847 4353 ἀγρόν
894 4280 984 4352 μὶν
1036 4277 1249 4352 λέγουσι
1294 4284 1389 4339 τὴν
1438 4280 1749 4356 φιλοκτημο·

122 4373 326 4427 σύνην·
393 4368 553 4439 ζεύγη
617 4364 678 4421 δε
733 4366 893 4438 βοῶν,
945 4372 1040 4427 τὴν
1103 4375 1407 4443 σωματικὴν
1464 4370 1746 4445 φιλεργίαν

113 4466 371 4532 γυναῖκα
409 4455 488 4527 δε,
522 4462 615 4517 την
643 4454 996 4531 φιληδονίαι]

210 4640 319 4690 Καὶ
371 4664 436 4676 -
489 4641 675 4690 ταῦτα.
733 4642 899 4690 Τοῦτο
963 4634 1117 4703 εἶπεν,
1171 4641 1276 4711 οὐχ
1327 4641 1395 4702 ὡς
1444 4637 1751 4713 ἀγνοοῦντος

205 4817 232 4853 ³
263 4815 472 4872 Matth.
515 4830 654 4886 xvu,
687 4819 735 4873 4.

1873 1889 1910 1931 a
1932 1873 2062 1932 Deo
2109 1874 2351 1931 electus.

1941 1964 2009 2033 +
2053 1963 2470 2020 Universorum
2499 1965 2737 2019 Creator
2765 1967 2823 2019 et
2859 1962 3029 2020 Pater
3058 1962 3214 2018 Deus
3243 1976 3528 2034 magnam

1871 2051 2005 2107 fecit
2042 2067 2299 2116 coenam,
2326 2050 2441 2106 hoc
2463 2056 2549 2107 est
2569 2051 3075 2124 dispensationem
3103 2050 3527 2123 evangelicam,

1869 2140 1948 2196 ad
1997 2156 2181 2213 quam
2225 2156 2432 2196 omnes
2477 2140 2879 2197 convenirent.
2914 2142 3157 2197 Canam
3197 2145 3394 2195 autem
3426 2126 3529 2198 vo-

1870 2233 1982 2294 cat,
2016 2245 2134 2285 non
2162 2226 2507 2302 prandium,
2535 2229 2679 2301 quia
2715 2230 2776 2286 in
2816 2229 3128 2302 postremis
3159 2228 3532 2301 temporibus

1868 2323 1925 2374 et
1954 2318 2028 2374 ad
2074 2333 2387 2390 vesperam
2422 2318 2636 2374 surculi.
2688 2319 2920 2375 Paravit
2955 2335 3097 2389 ergo
3148 2323 3529 2391 peccatorum

1868 2407 2325 2480 depositionem,
2409 2408 2658 2480 Spiritus
2724 2408 2909 2465 sancti
2991 2407 3525 2481 participationem,

1869 2496 2208 2569 adOptionis
2238 2496 2638 2568 splendorem,
2682 2513 2935 2569 regnum
2982 2497 3268 2555 caelorum
3309 2513 3379 2554 ac
3432 2512 3507 2557 va

1869 2587 2069 2645 ticinia
2099 2586 2584 2656 Evangeliorum.

1939 2679 2103 2732 Vers.
2162 2676 2246 2731 t7.
2291 2676 2383 2755 Et
2411 2707 2482 2717 ——
2528 2676 2748 2733 omnia.
2799 2677 3044 2733 Servum
3077 2675 3259 2733 Patris
3298 2674 3438 2732 dicit
3466 2690 3529 2730 se

1869 2766 2091 2841 ipsum,
2146 2783 2217 2823 eo
2267 2766 2429 2839 quod
2476 2768 2631 2822 servi
2688 2765 2944 2823 formam
2999 2765 3290 2840 acceperit
3337 2785 3351 2835 ;
3406 2780 3530 2822 non

1869 2861 2067 2915 tamen
2099 2855 2444 2928 simpliciter
2496 2872 2754 2922 servum,
2794 2856 2898 2911 sed
2921 2872 3056 2911 cum
3099 2854 3371 2921 articulo,
3412 2870 3529 2911 ser-

1868 2963 2013 3002 vum
2042 2945 2231 3011 illum,
2275 2946 2381 3019 qui
2441 2945 2771 3002 secundum
2820 2945 3258 3002 humanitatem
3313 2944 3390 3001 ad
3433 2944 3531 3002 Ju-

1870 3037 2035 3095 daaos
2066 3037 2442 3102 missus‘est,
2504 3041 2562 3093 ut
2617 3052 2719 3091 eos
2767 3036 2841 3092 ad
2895 3035 3244 3108 praedictam
3301 3034 3527 3091 fruitio-

1787 3149 1830 3208 ο
1870 3143 2008 3184 nem
2054 3130 2287 3183 vocaret
2331 3141 2439 3197 per
2480 3125 2886 3196 Evangelium.

1939 3218 2098 3273 Vers.
2168 3217 2251 3272 t8.
2312 3216 2389 3271 Et
2445 3246 2514 3256 —
2567 3229 2784 3271 omnes.
2847 3214 2979 3271 Ἀπὸ
3036 3220 3179 3288 μιᾶς,
3241 3214 3318 3270 ab
3385 3229 3526 3287 una,

1866 3309 2031 3379 puta,
2066 3304 2340 3378 pactione
2379 3303 2470 3359 vel
2504 3302 2722 3359 fmdere
2768 3318 2782 3358 :
2834 3303 2947 3360 hoc
3002 3309 3112 3371 est,
3141 3304 3200 3359 in
3249 3319 3433 3359 unum
3463 3307 3522 3360 et

1865 3394 2264 3453 communiter
2291 3392 2429 3463 (nos
2470 3391 2652 3448 simul
2684 3392 3016 3464 vertimus).

1934 3485 2097 3540 Vers.
2131 3484 2219 3541 18.
2280 3482 2520 3539 Primus
2571 3510 2644 3523 -
2674 3482 2836 3537 Vers.
2882 3481 2968 3537 20.
3010 3481 3224 3538 venire.
3264 3482 3522 3537 Diversae

1864 3572 2280 3629 excusationes
2322 3569 2465 3626 nihil
2522 3569 2687 3627 aliud
2737 3569 3022 3633 indicant,
3065 3585 3252 3643 quam
3321 3568 3519 3625 varios

1863 3663 2049 3718 animi
2081 3660 2324 3717 morbos
2359 3665 2415 3717 et
2446 3658 2815 3726 aﬂectiones,
2864 3665 3107 3733 propter
3160 3675 3315 3733 quas
3370 3659 3528 3715 dicta

1860 3751 2137 3808 fruitione
2175 3750 2390 3823 privati
2443 3754 2613 3814 sunt;
2651 3765 2792 3805 nam
2821 3749 2919 3806 hic
2970 3750 3214 3823 quidem
3266 3748 3379 3805 ista
3430 3747 3527 3804 de-

1862 3846 2078 3907 tentus,
2121 3840 2268 3897 alter
2318 3845 2518 3897 autem
2566 3838 2687 3907 illa,
2727 3839 2935 3896 tertius
2978 3855 3118 3895 vero
3168 3838 3306 3904 alia,
3348 3842 3529 3894 Evan-

1861 3931 2077 4002 gelium
2141 3929 2484 4002 repulerunt
2532 3929 2635 4001 (q),
2668 3944 2774 4002 per
2811 3929 2972 4000 quod
3013 3929 3171 3985 hanc
3219 3927 3530 4000 oportebat

1861 4018 2099 4091 assequi
2132 4019 2493 4086 fruitionem,
2546 4022 2835 4090 tanquam
2869 4017 3185 4091 propositis
3213 4022 3272 4074 et
3299 4016 3529 4073 electio-

1862 4109 2039 4165 nibus
2078 4108 2202 4163 suis
2266 4098 2652 4163 contrarium.
2689 4108 2753 4161 Et
2783 4106 2879 4162 hic
2909 4104 3100 4179 ἐρωτῶ,
3136 4121 3253 4162 non
3283 4105 3528 4163 interro-

1862 4214 1936 4268 go
1963 4196 2283 4266 signiﬁcat,
2320 4195 2424 4250 sed
2455 4196 2712 4251 obsecro.

1934 4282 2022 4357 -Η-
2050 4283 2329 4341 Nonnulli
2354 4298 2493 4339 vero
2519 4298 2731 4353 agrum
2759 4282 2997 4354 quidem
3018 4278 3241 4346 dicunt,
3258 4280 3525 4338 studium

1867 4372 2362 4447 possessionum;
2401 4374 2551 4444 juga
2599 4369 2779 4427 boum
2844 4373 3065 4435 autem,
3117 4368 3522 4425 strenuitatem

1778 4483 1825 4539 ι)
1867 4461 2240 4534 corporalem
2283 4478 2298 4529 ;
2340 4459 2650 4518 mulierem
2715 4473 2875 4525 vero,
2932 4457 3395 4531 propensionem
3445 4456 3523 4514 ad

1862 4551 2219 4624 voluptates,

1936 4641 2091 4696 Vers.
2128 4640 2217 4697 21.
2247 4640 2327 4696 Et
2377 4669 2446 4679 —
2495 4637 2636 4696 hac.
2674 4636 2814 4695 Haac
2856 4634 3020 4701 dixit,
3062 4649 3182 4692 non
3225 4633 3379 4708 quod
3422 4650 3525 4709 pa-

1399 4959 1622 5027 Variaz
1660 4959 1989 5029 lectiones
2020 4970 2086 5028 et
2115 4968 2319 5028 notae.

232 5158 329 5225 58)
355 5154 441 5210 ita
479 5152 670 5210 codex
700 5159 746 5210 Α
784 5154 963 5212 etiam
991 5155 1049 5211 in
1075 5160 1256 5213 textu.

233 5224 326 5290 59)
354 5231 463 5284 Τὴν
488 5224 798 5280 ἀπόλαυσιν.

209 5298 330 5370 (60)
358 5297 619 5370 Necgboc
632 5299 745 5370 mei
764 5297 998 5354 codices
1023 5301 1378 5370 agnoscunt.
1400 5296 1625 5356 Similia
1644 5297 1751 5354 ha-

96 5374 242 5429 bet
270 5368 590 5442 Theophil.
627 5385 687 5441 p.
711 5369 837 5427 436.
869 5371 936 5423 Α.

207 5511 301 5583 (p)
335 5511 523 5579 Quam
547 5510 1112 5568 —nesm’at.Redde:
1146 5509 1631 5583 Sinediscrimine
1649 5526 1751 5565 au-

96 5596 255 5645 tem
272 5582 493 5640 Canam
506 5598 636 5638 eam
648 5598 812 5639 nunc
826 5585 1227 5652 appellavit.N
1237 5600 1327 5639 am
1340 5589 1399 5639 ut
1415 5599 1546 5638 mox
1559 5582 1744 5639 docet.

97 5656 283 5716 alibi
300 5654 549 5729 vocabit
580 5653 908 5729 prandium
957 5654 1112 5725 Ergo
1126 5652 1455 5729 néamqépug
1482 5669 1632 5729 usus
1663 5659 1752 5729 est

94 5724 441 5785 vocabulo
469 5720 684 5781 δείπνου
736 5731 795 5782 et
840 5720 1078 5803 ἀρίστοιῖ.
1110 5720 1302 5795 Forte,
1348 5720 1493 5801 quia
1532 5724 1748 5795 reddit,

1931 5155 2044 5299 (ﬁt;
2068 5160 2408 5229 Παρὼσαντο.
2442 5157 2508 5212 Β.

1931 5229 2019 5299 (62
2073 5228 2367 5299 Interpres
2398 5228 2495 5284 hic

1952 5225 2043 5300 62)
2073 5225 2367 5300 Interpres
2398 5228 2495 5284 hic
2521 5226 2799 5300 quaedam
2836 5225 3056 5283 omisit.

1952 5229 2043 5299 62)
2073 5229 2367 5300 Interpres
2398 5229 2495 5284 hic
2521 5229 2799 5300 quaedam
2836 5229 3056 5283 omisit.

1928 5229 2044 5425 Est)
2105 5301 2237 5356 Hac
2291 5306 2536 5373 uterque
2582 5299 2643 5355 in
2700 5300 2994 5372 margine.
3042 5296 3361 5357 Hentenius
3398 5310 3521 5353 non

1856 5368 2058 5426 habet.

1856 5513 2013 5586 quod
2032 5513 2211 5586 ﬁnem
2256 5511 2499 5586 nesciat.
2521 5511 2759 5586 invenit
2789 5509 3126 5586 ἀδιάφθορον.

1932 5584 2011 5654 (q)
2032 5577 2434 5653 ‘Repuleruut.
2484 5584 2671 5658 Magis
2695 5577 3078 5658 perspicuum
3112 5580 3237 5647 erit,
3270 5577 3317 5635 si
3348 5593 3519 5649 repu-

1861 5654 2061 5710 lerunt
2092 5660 2349 5728 ponatur
2377 5660 2507 5728 post
2529 5654 2904 5726 ffuitionein.
