3994 6218
518 254 675 314 -1015

1880 256 2220 316 EUTHYMII
2259 257 2589 320 ZIGABENI
3722 274 3816 332 {M6

537 388 623 441 ter
668 383 1103 442 recusationem
1158 382 1396 440 illorum
1452 383 1772 455 ignoraret,
1808 386 1912 442 sed
1947 390 2193 460 propter

2316 397 2400 443 τοῦ
2460 395 2664 465 Πατρός
2719 396 2813 454 τὴν
2886 399 3206 470 παραίτησιν
3259 395 3445 466 αὐτῶν,
3495 394 3609 450 ἀλλὰ
3651 394 3723 451 διὰ
3755 405 3819 458 τὶν

536 475 834 547 parabolae
865 474 1355 545 consequentiam
1384 491 1397 529 :
1434 475 1615 531 moris
1652 476 1811 532 enim
1851 476 1920 532 iis
1951 482 2058 543 est,
2090 477 2197 550 qui

539 568 613 622 ad
647 564 980 620 vocandum
1035 563 1269 636 aliquos
1330 566 1535 621 emissi
1582 572 1735 632 sunt,
1772 566 1982 623 reverti
2015 584 2085 623 ac
2114 584 2200 623 re-

538 657 811 711 nuntiare
838 652 911 707 de
933 652 1063 706 illis.

610 746 780 804 Vers.
816 751 907 807 ‘21.
948 747 1106 803 Tunc
1137 777 1204 786 —
1233 746 1362 801 huc.
1393 745 1502 811 Qui
1533 751 1975 815 recusaverunt,
2014 750 2202 803 erant-

538 836 849 904 pontitices
876 845 929 893 et
953 836 1171 894 Scriba;
1204 852 1271 889 ac
1313 835 1605 900 Pharisaei,
1653 839 1711 890 et
1749 836 1975 908 quique
2019 836 2207 892 hono-

540 926 787 981 ratiores
827 928 1035 1000 populi
1075 926 1174 981 :hi
1205 942 1368 989 vero,
1407 924 1511 995 qui
1559 926 1692 981 loco
1734 925 1972 980 illorum
2027 926 2207 981 intro-

540 1015 699 1071 ducti
731 1022 1249 1082 sunt,communes
1275 1015 1566 1086 etabjecti
1599 1032 1667 1071 ac
1698 1015 1911 1087 plebeii
1940 1037 1951 1081 ;
1986 1017 2089 1089 qui
2112 1016 2208 1086 ju-

540 1105 817 1163 dicantur
862 1124 896 1163 a
937 1105 1231 1177 prioribus
1276 1121 1574 1178 pauperes
1606 1120 1673 1160 ac
1708 1105 1958 1172 debiles,
2005 1105 2203 1161 claudi

542 1200 598 1252 et
641 1197 800 1262 caeci,
848 1201 1050 1267 utpote
1090 1195 1475 1268 incompositi
1506 1200 1563 1249 et
1594 1194 1834 1265 indocti,
1870 1196 1972 1267 qui
2009 1194 2205 1267 potius

543 1286 771 1341 Christo
823 1285 1059 1341 docenti
1099 1285 1471 1341 obedierunt.
1514 1284 1616 1339 Vel
1670 1284 1847 1339 etiam
1888 1284 1961 1341 de
1993 1286 2059 1340 iis
2100 1285 2205 1358 qui

542 1375 922 1431 sensibilibus
943 1374 1293 1445 hujusmodi
1317 1374 1734 1430 affectionibus
1758 1381 1928 1430 erant
1956 1374 2203 1430 obnoxii

542 1464 800 1534 intellige
830 1481 842 1519 ε
876 1464 979 1537 qui
1011 1463 1083 1520 ab
1131 1464 1213 1519 eis
1254 1463 1505 1530 liberati,
1535 1480 1635 1536 per
1665 1464 1850 1520 ﬁdem
1879 1464 2205 1521 introducti

546 1560 683 1612 sunt
712 1554 789 1612 ad
810 1554 1031 1611 dictam
1054 1554 1419 1611 fruitionem.

616 1736 702 1806 -Η-
753 1736 921 1792 Pater
968 1734 1146 1805 igitur
1185 1734 1347 1791 misit
1384 1734 1617 1801 Filium,
1662 1735 1840 1791 Filius
1886 1751 2029 1793 vero
2059 1751 2202 1809 apo-
2233 1743 2276 1800 Β

547 1825 749 1880 stolos.
820 1824 971 1881 Dixit
1023 1824 1172 1880 enim
1234 1839 1246 1879 :
1305 1825 1489 1881 Sicuti
1538 1840 1627 1881 me
1678 1825 1891 1882 misisti
1931 1826 1995 1883 in
2031 1842 2198 1884 mun-

546 1916 708 1983 dum,
736 1930 834 1987 ego
865 1915 1040 1972 etiam
1085 1930 1179 1970 eos
1204 1915 1340 1971 misi
1352 1916 1415 1971 in
1438 1915 1773 1971 mundum“.

620 2097 780 2150 Vers.
806 2099 892 2150 22.
949 2095 1027 2150 Et
1058 2096 1144 2150 ait
1172 2124 1242 2135 —
1297 2098 1405 2150 est.
1474 2095 1780 2151 Humanus
1819 2110 1889 2151 ac
1916 2094 2206 2168 benignus

551 2200 749 2240 sermo
780 2189 886 2253 est,
916 2200 1242 2250 suggerens
1272 2184 1447 2239 etiam
1482 2187 1556 2239 de
1585 2184 1881 2253 gentibus.

621 2277 779 2330 Vers.
815 2274 903 2330 23.
951 2274 1231 2346 Dixitque
1279 2304 1348 2314 --
1386 2275 1633 2332 intrare.
1687 2274 1809 2331 Vite
1860 2279 2000 2331 sunt
2039 2276 2204 2333 habi-

549 2362 801 2421 tationes
876 2362 1163 2433 gentium,
1221 2367 1420 2434 utpote
1494 2379 1615 2418 non
1678 2364 1910 2421 munitae
1963 2365 2090 2435 lege
2143 2382 2209 2422 ac

549 2453 752 2510 divina
810 2452 1102 2519 custodia,
1152 2468 1256 2507 seu
1300 2452 1654 2519 visitatione,
1716 2455 1866 2510 sicut
1921 2454 2209 2511 habitatio

546 2543 887 2599 Iudaeorum
923 2561 939 2613 ;
971 2542 1060 2598 vel
1100 2548 1388 2615 tanquam
1421 2560 1455 2598 a
1494 2544 1867 2599 daemonibus
1897 2545 2208 2603 conculca-

551 2638 644 2689 ιω.
729 2632 1002 2691 Similiter
1076 2638 1129 2689 et
1199 2648 1391 2705 sepes,
1455 2637 1742 2705 tanquam
1827 2641 2207 2706 peccatorum

552 2724 737 2795 spinis
765 2724 995 2795 stipatae
1030 2740 1044 2790 ;
1094 2723 1185 2779 vel
1236 2726 1522 2795 tanquam
1555 2718 1862 2781 circuitum
1909 2724 2044 2796 igne
2084 2726 2209 2799 dig-

550 2828 697 2868 num
741 2812 1047 2869 habentes.

623 2902 766 2972 Cogi
796 2918 937 2958 vero
957 2902 1142 2973 jussit
1166 2917 1288 2969 eos,
1309 2901 1414 2974 qui
1445 2917 1514 2956 ex
1550 2902 1821 2973 gentibus
1848 2908 2036 2972 erant,
2082 2921 2202 2962 non

551 2992 715 3064 quod
760 2991 1101 3048 violentiam
1147 2991 1345 3047 inferri
1376 2994 1739 3064 praeceperit,
1785 2996 1889 3049 sed
1937 2994 2199 3051 subindi.

2314 480 2620 535 ἀκολουθίαν
2674 492 2767 547 τῆς
2812 485 3132 559 παραϐολῆς.
3187 492 3285 541 Καὶ
3336 489 3439 562 γὰρ
3483 489 3583 549 ἔθος
3623 496 3705 549 τοίς
3738 488 3823 541 ἆτος

2313 570 2661 644 στελλομένοις
2705 573 2775 635 εἰς
2824 578 2881 626 τό
2930 576 3146 629 καλέσαι
3209 580 3366 641 τινὰς,
3425 579 3723 651 ὑποστρέφειν
3766 584 3822 630 καὶ

2314 658 2649 733 ἀπαγγέλλειν
2674 668 2790 738 περὶ
2822 665 3008 720 αὐτῶν.

2383 756 2508 804 Τότε
2576 784 2644 795 --
2706 750 2833 810 ὧδε.
2902 754 3115 808 Ἐκεῖνοι
3192 760 3280 829 μὲν
3350 758 3400 808 οἱ
3455 760 3829 830 παραιτησάμενοι

2316 837 2449 899 ἦσαν
2503 841 2552 893 οἱ
2619 841 2879 917 ἀρχιερεῖς
2935 850 3024 897 καὶ
3078 851 3407 919 Γραμματεῖς
3460 852 3546 898 καὶ
3598 853 3831 919 Φαρισαῖοι,

2315 934 2404 982 καὶ
2462 932 2577 983 ὅσοι
2616 939 2913 1006 τιμιώτεροι
2951 943 3043 987 τοῦ
3090 935 3339 998 πλήθουςο
3391 936 3528 988 οὗτοι
3583 933 3648 998 δε,
3683 937 3721 988 οἱ
3760 938 3833 987 ἀπ’

2317 1016 2516 1072 ἐκείνων
2562 1021 2906 1095 εἰσαγόμενοι,
2962 1025 3091 1077 εἰσὶν
3134 1028 3183 1077 οἱ
3212 1030 3370 1077 κοινοὶ
3418 1031 3506 1077 καὶ
3551 1024 3744 1097 ἀγελαῖοι
3772 1031 3833 1076 καὶ

2317 1103 2605 1181 δημώδεις,
2647 1118 2857 1184 πτωχοὶ
2908 1118 2999 1165 καὶ
3056 1112 3311 1187 ἀνάπηροι
3359 1121 3448 1167 καὶ
3485 1114 3639 1187 χωλοὶ
3671 1121 3743 1166 καὶ
3778 1135 3837 1166 τδ-

2317 1197 2432 1268 φλοὶ
2495 1195 2769 1263 δοκοῦντες
2825 1201 3050 1272 ἐκείνοις,
3107 1205 3173 1264 ὡς
3213 1202 3432 1276 ἀμαθεῖς
3502 1210 3585 1256 καὶ
3636 1203 3834 1262 arma.

2315 1288 2499 1350 οἵτινες
2554 1290 2743 1362 μᾶλλον
2788 1290 3045 1345 ἐπείθοντο
3093 1289 3409 1346 διδάσκοντι
3462 1302 3532 1363 τῷ
3573 1291 3838 1366 Χριστῶ.Ἠ

2314 1382 2403 1430 καὶ
2441 1384 2559 1453 περὶ
2597 1389 2694 1431 τῶν
2742 1386 3101 1453 κατεχομένων
3148 1384 3406 1443 τοιούτοις
3459 1384 3662 1435 πάθεσιν
3697 1383 3841 1437 aim-

2313 1474 2422 1529 τοῖς
2476 1476 2626 1521 τοῦτο
2675 1474 2885 1528 νόησον
2934 1472 2989 1535 ἦ,
3018 1470 3086 1537 οἶ,
3141 1474 3335 1523 τούτων
3386 1471 3747 1542 ἀπαλλαγέντες,
3776 1465 3842 1521 διὰ

2312 1560 2535 1618 πίστεως
2606 1558 2943 1631 εἰσήχθησαν
3012 1560 3085 1621 εἰς
3152 1564 3247 1619 τὴν
3326 1560 3694 1635 προρρηθεῖσαν

2312 1644 2518 1699 λαυσιν.

2389 1736 2471 1809 [Ὀ
2500 1739 2590 1809 μὲν
2630 1738 2742 1809 (64)
2791 1734 2878 1790 οὖν
2918 1743 3097 1813 Πατὴρ
3147 1737 3416 1791 ἀπέστειλε
3461 1741 3547 1791 τόν
3573 1740 3678 1791 Υἱόν
3713 1752 3725 1766 ·
3756 1737 3776 1787 ὁ
3804 1732 3845 1787 δὲ

2314 1828 2431 1886 Υἱὸς
2482 1830 2604 1888 τοὺς
2654 1826 2993 1890 ἀποστόλους.
3047 1831 3235 1901 Εἷρηκε
3287 1830 3411 1902 γάρ·
3463 1827 3541 1880 ὁτι
3588 1828 3746 1886 Καθὼς

2315 1914 2619 1979 ἀπέστειλας
2657 1916 2729 1979 εἰς
2757 1921 2843 1969 τὸν
2882 1923 3101 1990 κόσμον,
3132 1916 3276 1990 κάγὼ
3305 1916 3582 1970 ἀπέστειλα
3612 1917 3773 1977 αὖτοὺς
3804 1915 3850 1973 τις

2314 2009 2400 2058 τὸν
2431 2005 2675 2080 κόσμον.]

2389 2100 2489 2149 Καὶ
2520 2092 2654 2148 εἶπεν
2680 2127 2747 2135 -
2778 2096 2909 2151 ἐστί.
2953 2096 3316 2170 Φιλάνθρωπος
3358 2098 3384 2148 ὁ
3423 2095 3591 2167 λόγος,
3624 2097 3853 2166 ὑπομιμνήο

2319 2205 2457 2238 σκων
2484 2190 2574 2237 καὶ
2604 2190 2721 2259 περὶ
2751 2194 2850 2237 τῶν
2876 2185 3050 2242 ἐθνῶν.

2390 2280 2491 2329 Καὶ
2518 2274 2650 2328 εἶπεν
2680 2305 2748 2316 -
2776 2276 3037 2330 εἰσελθεῖν.
3068 2272 3218 2329 Ὀδοί
3249 2276 3383 2329 εἰσιν
3415 2278 3470 2328 αἱ
3516 2280 3749 2327 κατοικίαι
3784 2281 3854 2324 τῶν

2319 2367 2488 2435 ἐθνῶν,
2519 2368 2588 2426 ὡς
2617 2369 2688 2437 μὴ
2713 2370 3100 2438 τετειχισμέναι
3131 2374 3201 2436 τῷ
3231 2372 3373 2437 νόμῳ
3417 2371 3506 2417 καὶ
3552 2373 3611 2436 τῇ
3653 2363 3850 2431 ἐπισκοπῇ

2319 2463 2410 2507 τοῦ
2453 2462 2607 2521 Θεοῦ,
2641 2456 2874 2527 καθάπερ
2907 2457 2935 2512 ἠ
2968 2464 3066 2507 τῶν
3090 2451 3387 2519 Ἰουδαίων,
3412 2460 3503 2506 καὶ
3528 2456 3592 2515 ὡς
3618 2471 3852 2505 καταπεπα-

2316 2549 2529 2617 τημέναι
2576 2552 2681 2604 τοίς
2739 2540 3007 2609 δαίμοσιν·
3070 2547 3256 2618 ὁμοίως
3318 2541 3380 2597 δὲ
3424 2549 3513 2596 καὶ
3562 2547 3775 2617 superfusi,
3810 2543 3857 2598 ὡς

2318 2638 2665 2707 πεφραγμέναι
2689 2640 2804 2695 ταῖς
2842 2632 3089 2696 ἀκάνθαις
3118 2644 3212 2697 τῆς
3239 2635 3522 2707 ἁμαρτιας,
3550 2638 3634 2685 καὶ
3660 2635 3717 2695 ὡς
3739 2634 3858 2703 πυρὸς

2318 2726 2460 2789 ἄξιον
2486 2724 2752 2800 περίϐολον
2785 2728 3026 2797 ἔχουσαι.

2388 2901 2712 2972 Ἀναγκάσαι
2774 2898 2833 2955 δε
2890 2905 3007 2963 τοὺς
3081 2901 3133 2966 ἐξ
3179 2900 3334 2954 ἕθνών
3405 2900 3676 2971 ἐκέλευσεν,
3727 2899 3775 2952 οὗ
3818 2900 3859 2947 τὸ

2316 2989 2602 3064 βιάζεσθαι
2664 2991 3053 3064 παραγγέλλων,
3110 2990 3217 3043 ἀλλ’
3291 2989 3594 3058 ὑποδηλών,
3654 2993 3723 3042 ὃτι
3776 2992 3857 3059 χρὴ

552 3098 718 3149 cans,
752 3082 909 3154 quod
934 3082 1428 3137 vehementiorem
1457 3098 1527 3137 ac
1545 3085 2000 3140 constantiorem
2032 3085 2203 3142 adhi-

2316 3087 2685 3155 συντονώτερον
2767 3079 2814 3132 ἐν
2890 3084 3089 3141 τούτοις
3157 3084 3216 3132 τὸ
3284 3086 3543 3153 κήρυγμα
3604 3087 3746 3132 ποιεῖν
3795 3080 3859 3126 καὶ

546 3171 675 3249 beri
708 3171 1193 3245 praedicationem
1234 3171 1318 3226 eis
1357 3177 1648 3243 oporteat,
1680 3178 1882 3245 utpote
1921 3173 2143 3231 fortiter
2168 3192 2202 3232 a

550 3260 927 3316 daemonibus
944 3260 1215 3326 detentis,
1236 3266 1291 3315 et
1308 3260 1365 3315 in
1382 3259 1695 3332 profundis
1714 3263 1927 3319 erroris
1947 3262 2203 3320 tenebris

551 3349 1006 3405 dormientibus.

621 3440 783 3496 Vers.
817 3444 903 3495 23.
945 3440 1015 3495 Ut
1046 3470 1113 3481 -
1138 3438 1442 3496 mea.Vult
1465 3438 1624 3495 enim
1646 3456 1857 3496 omnes
1883 3440 2200 3514 introduci,

553 3532 791 3602 propter
815 3530 1142 3585 immensas
1175 3545 1294 3584 suae
1326 3528 1601 3585 bonitatis
1621 3529 1872 3587 divitias.

622 3620 784 3675 Vers.
828 3623 913 3674 24.
960 3620 1095 3674 Dico
1126 3650 1194 3659 —
1246 3634 1496 3675 cwnam.
1561 3622 1623 3675 Ut
1665 3620 1760 3691 qui
1792 3619 2203 3678 inobedientes

552 3708 808 3773 fuerunt,
827 3722 896 3764 ac
916 3708 1285 3763 vocationem
1307 3708 1429 3763 sive
1462 3708 1945 3780 praedicationem
1969 3726 2201 3783 spreve~

548 3802 710 3857 runt.
747 3796 833 3854 Ob
862 3797 1023 3853 hunc
1038 3812 1179 3865 ergo
1211 3812 1547 3851 sermonem
1575 3802 1695 3853 tota
1726 3798 2017 3868 purabola
2042 3815 2203 3856 com-

554 3886 753 3960 posita
808 3890 913 3953 est,
963 3885 1483 3959 quemadmodum
1532 3886 1595 3942 in
1624 3886 1924 3960 principio
1956 3888 2086 3961 ejus
2118 3890 2205 3947 di-

549 3977 774 4033 ximus.

623 4066 789 4122 Vers.
835 4069 924 4123 25.
974 4066 1150 4122 Ibunt
1190 4096 1256 4108 —
1339 4065 1537 4122 multi.
1572 4065 1701 4123 Alio
1727 4066 1997 4126 videlicet
2054 4073 2206 4127 tem-

552 4172 714 4230 pore,

658 4249 817 4302 Vers.
844 4250 932 4302 25.
965 4246 1045 4301 Et
1065 4260 1375 4302 conversus
1401 4277 1458 4287 —
1499 4245 1664 4301 Vers.
1698 4250 1787 4304 26.
1810 4246 2207 4317 esse.discipu-

556 4337 667 4392 lus.
716 4336 936 4401 Sciens,
970 4335 1133 4407 ipsos
1167 4335 1411 4407 quidem
1444 4334 1612 4407 sequi
1635 4335 1807 4403 velle,
1839 4352 1977 4392 cum
2004 4341 2206 4393 tamen

2313 3168 2701 3244 ἐπιμονώτερον,
2753 3174 2822 3232 ὡς
2876 3173 3110 3244 ἰσχυρῶς
3158 3170 3259 3223 ὑπό
3312 3179 3416 3222 τῶν
3465 3167 3708 3241 δαιμόνων
3750 3183 3862 3216 κατε-

2311 3264 2576 3331 χομένοις,
2622 3265 2711 3312 καὶ
2768 3260 2868 3312 ὐπὸ
2912 3258 3068 3333 βαθεῖ
3128 3264 3298 3331 σκότῳ
3358 3269 3451 3320 τῆς
3477 3258 3677 3322 ἀπάτης
3717 3256 3857 3308 καθεὶ-

2313 3345 2522 3402 δουσιν.

2382 3438 2491 3491 Ἵνα
2517 3470 2582 3481 -
2619 3458 2739 3511 μου.
2787 3437 3027 3491 Βούλεται
3074 3458 3176 3512 γαρ
3220 3439 3423 3499 πάντας
3468 3438 3758 3510 εἰσαχθῆναι
3794 3428 3863 3484 διὰ

2311 3531 2398 3581 τὸν
2428 3530 2639 3601 ἄπειρον
2670 3528 2890 3581 πλοῦτον
2916 3536 3011 3589 τῆς
3036 3528 3195 3580 αὐτοῦ
3224 3526 3579 3599 ἀγαθότητος.

2385 3622 2533 3689 Λέγω
2577 3649 2645 3658 —
2707 3614 2939 3671 δείπνου.
2986 3624 3072 3679 Ὠς
3125 3616 3529 3675 ἀπειθησάντων
3583 3619 3666 3668 καὶ
3709 3606 3863 3676 ἐξουδε-

2310 3710 2581 3760 νωσάντων
2612 3712 2704 3765 τὴν
2750 3706 2958 3773 κλῆσιν,
2992 3708 3129 3774 ἦτοι,
3170 3710 3228 3758 τὸ
3260 3712 3544 3782 κήρυγμα,
3584 3708 3678 3759 Λιά
3720 3708 3859 3754 τοῦτον

2313 3793 2399 3850 οὖν
2430 3800 2516 3850 τόν
2545 3797 2694 3868 λόγον
2726 3798 2755 3855 ἡ
2787 3796 2875 3855 ὅλη
2904 3796 3175 3870 παραϐολὴ
3207 3798 3484 3862 συνετέθη,
3513 3798 3670 3855 καθὼς
3694 3791 3733 3845 ἄν
3752 3790 3857 3864 ἀρχῇ

2313 3890 2511 3949 ταύτης
2541 3888 2837 3964 εἰρήκαμεν.

2386 4068 2784 4140 Συνεπορεύοντο
2858 4096 2927 4105 -
3005 4064 3204 4117 πολλοί.
3294 4063 3385 4120 Ἐν
3461 4064 3611 4140 ἑτέρῳ
3675 4058 3859 4117 δηλονότι

2315 4164 2501 4229 καιρῷ.

2390 4250 2489 4299 Καὶ
2540 4248 2787 4319 στραφεὶς
2847 4244 2963 4315 (65)
3010 4274 3079 4284 -
3133 4245 3385 4316 μαθητὴς
3440 4240 3589 4297 εἶναι.
3629 4236 3770 4297 Εἰδὼς
3800 4231 3863 4283 r5-

2316 4339 2438 4395 τοὺς
2492 4333 2725 4393 θέλοντας
2804 4336 2894 4404 μὲν
2964 4328 3259 4384 ἀκολουθεῖν
3319 4332 3487 4404 αὐτῷ,
3547 4328 3861 4400 κατεχομένους

551 4426 799 4483 vinculis
825 4425 1095 4482 amicitia:
1108 4424 1184 4481 ad
1201 4424 1547 4495 hujusmodi
1576 4440 1866 4496 personas
1886 4426 2203 4482 retineren-

2319 4421 2377 4476 δὲ
2430 4432 2538 4485 τοῖς
2582 4419 2801 4492 δεσμοῖς
2852 4431 2947 4483 τῆς
2999 4425 3131 4496 πρὸς
3189 4424 3255 4473 τά
3315 4417 3624 4479 δηλωθέντα
3662 4422 3862 4490 πρόσωπα

552 4519 665 4583 tur,
697 4515 1007 4571 manifeste
1040 4517 1414 4586 protestatur,
1440 4513 1597 4584 quod
1622 4514 1888 4586 quisquis
1920 4514 1993 4570 ad
2025 4532 2083 4570 se
2103 4530 2207 4587 per

551 4604 730 4661 ﬁdem
756 4605 930 4670 venit,
976 4620 1083 4659 nec
1116 4602 1425 4675 praedictas
1466 4603 1591 4657 odit
1623 4619 1924 4675 personas,
1969 4620 2106 4660 cum
2131 4606 2202 4660 ad

552 4692 928 4748 dilectionem
968 4709 1111 4761 erga
1156 4696 1337 4747 Deum
1370 4691 1481 4747 Sibi
1514 4691 1723 4747 fuerint
1756 4692 2199 4764 impedimento,

554 4787 607 4836 et
638 4780 714 4836 ad
735 4781 841 4836 iter
867 4781 943 4837 ad
975 4781 1260 4836 Christum
1295 4796 1306 4835 :
1342 4780 1428 4835 vel
1462 4782 1619 4853 quod
1651 4781 1913 4837 infideles
1946 4782 2076 4847 sint,
2115 4782 2205 4839 vel

550 4870 715 4942 quod
737 4871 1046 4926 mundana
1078 4871 1333 4943 sapiant,
1366 4885 1487 4925 non
1524 4875 1721 4941 potest
1752 4870 1938 4941 ipsius
1961 4888 2089 4928 esse
2116 4872 2208 4927 di-

549 4958 834 5030 scipulus.
868 4959 1175 5031 Siquidem
1205 4959 1308 5031 qui
1348 4958 1461 5014 illis
1492 4960 1711 5027 obedit,
1742 4960 1970 5017 Christo
2003 4960 2207 5018 inobe-

548 5048 717 5104 diens
738 5053 824 5103 est
844 5064 857 5115 ;
879 5048 959 5104 illi
981 5063 1243 5121 namque
1266 5047 1578 5104 carnaliter
1596 5064 1732 5103 eum
1754 5048 1949 5105 vivere
1983 5049 2207 5114 volunt,

549 5126 672 5211 ipse
701 5153 840 5194 vero
872 5136 1249 5210 spiritualiter
1274 5153 1412 5195 eum
1431 5138 1766 5196 conversari
1800 5138 1993 5195 docet.
2021 5141 2214 5196 Hono-

619 5288 790 5344 Joan.
830 5301 968 5351 xvn,
1004 5283 1092 5344 18.

2319 4518 2577 4585 σχέσεως,
2654 4509 3068 4585 διαμαρτύρεται
3149 4518 3403 4584 φανερῶς,
3465 4514 3546 4563 ὅτι
3608 4511 3735 4565 ὅστις
3790 4509 3859 4551 τῶν

2318 4601 2412 4656 διὰ
2462 4608 2686 4663 πίστεως
2738 4601 3030 4675 ἐρχομένων
3072 4604 3203 4673 πρὸς
3253 4601 3419 4652 αὐτόν
3471 4600 3530 4653 οὐ
3574 4602 3705 4672 μισιί
3740 4595 3860 4645 τὰτί,

2316 4697 2514 4765 ρημένα
2575 4697 2849 4762 πρόσωπα,
2914 4693 3033 4742 ὅταν
3105 4685 3447 4761 ἐμποδίζωσι
3511 4692 3629 4763 πρὸς
3685 4690 3760 4741 τήν
3812 4696 3859 4733 είς

2318 4786 2445 4835 Θεὸν
2500 4784 2706 4852 ἀγάπην
2764 4785 2852 4832 καὶ
2896 4783 3027 4852 πρὸς
3080 4783 3166 4835 τὴν
3216 4780 3351 4829 κατά
3410 4782 3635 4853 Χριστὸν
3683 4774 3857 4846 mpsim.

2320 4872 2347 4930 ἢ
2414 4873 2629 4923 ἄπιστοι
2682 4874 2835 4937 ὄντες,
2882 4869 2911 4927 ἦ
2955 4869 3187 4939 κοσμικά
3226 4876 3556 4941 φρονοῦντες,
3608 4865 3659 4917 οὗ
3696 4860 3858 4914 δύναται

2320 4960 2481 5013 αὑτοῦ
2556 4960 2798 5032 μαθητὴς
2865 4956 3018 5011 εἶναι.
3113 4957 3428 5029 Πειθόμενος
3508 4958 3603 5029 γὰρ
3684 4952 3855 5004 ἐκείνοις.

2322 5049 2597 5108 ἀπειθήσει
2654 5048 2812 5119 αὐτῷ,
2875 5043 3015 5100 διότι
3068 5045 3219 5097 αὐτοὶ
3282 5048 3381 5116 μὲν
3446 5051 3693 5120 caput);
3749 5036 3855 5111 βιοῦν

2325 5138 2480 5192 αὐτόν
2545 5137 2796 5203 θέλουσιν,
2867 5135 3020 5198 αὐτὸς
3064 5132 3125 5188 δὶ
3166 5145 3537 5208 πνευματικῶς
3588 5133 3721 5187 αὐτόν
3756 5122 3854 5178 πλην

1770 5441 1995 5511 Variae
2032 5442 2360 5513 lectiones
2403 5453 2467 5513 et
2505 5453 2689 5511 notae

547 5613 735 5754 ag(64)
780 5612 918 5743 ,ΕΙωο
976 5615 1224 5686 uterque
1283 5611 1343 5669 in
1385 5610 1669 5682 margine.
1719 5614 2039 5672 Hentenius
2080 5631 2201 5673 non

629 5699 792 5743 nosci
823 5728 835 5744 .

629 5699 835 5744 DOSCII.

2384 5617 2501 5689 (65)
2539 5619 2781 5691 Στραφιὶς
2811 5629 2934 5673 non
2963 5613 3255 5688 expressit
3286 5613 3636 5672 Hentenius.
