3994 6218
191 270 336 334 4017

1227 275 1603 336 COMMENT.
1652 275 1724 332 IN
1763 275 2027 334 LUCAM-
2068 309 2138 322 -
2175 277 2334 336 CAP.
2377 280 2522 340 XIV.

3431 287 3565 347 1018

167 404 440 458 ’τείρεσθαι
469 397 739 460 διδάσκει.
791 407 1045 478 Τιμητέον
1070 406 1161 479 μὶν
1211 410 1300 460 καὶ
1334 409 1534 478 πατέρα
1569 410 1660 459 καὶ
1688 425 1791 479 μη-

1926 408 2078 464 andi
2119 410 2416 482 siquidem
2461 416 2599 470 sunt
2626 417 2797 486 pater
2822 419 2881 472 et
2908 419 3114 488 mater,
3164 433 3371 475 verum
3404 420 3562 476 Deus

192 499 320 569 τέρα
348 495 462 564 (ὑδ)
487 512 500 525 ⁸
534 499 872 568 προτιμητέον
914 492 972 549 δι
1003 495 1170 548 αὐτῶν
1197 499 1284 548 τὸν
1311 501 1460 549 Θεὸν.

268 587 364 636 Διά
389 592 489 636 τῶν
525 589 887 658 γνησιωτέρων
939 583 998 639 δὲ
1050 593 1150 638 πᾶν
1196 590 1474 659 πρόσωπον
1523 585 1792 658 ἀγαπητὸν

193 672 440 746 ἐμφήνας.
476 673 705 746 ἐπήγαγε
729 680 818 727 καὶ
866 678 924 728 τὸ
967 679 1164 748 μεῖζον,
1215 678 1294 728 ὅτι
1341 681 1432 729 καὶ
1485 681 1580 734 τὴν
1611 676 1794 729 ἑαυτοῦ

190 763 405 834 ψυχὴν,
437 770 692 832 τουτέστι,
714 769 804 816 καὶ
833 768 890 816 τὸ
923 764 1107 817 ἑαυτοῦ
1139 765 1352 838 θελημα,
1393 768 1513 818 ὅταν
1571 765 1795 818 ἐναντίον

194 857 272 910 εἴη
314 861 388 922 τῷ
421 851 671 924 θελήματι
701 858 794 905 res
825 861 977 908 Θεοῦ.
1008 861 1093 909 Δεῖ
1116 857 1218 929 γὰρ
1240 859 1326 908 τὸν
1357 854 1520 914 ἀληθῆ
1555 857 1794 928 μαθητὴν

192 951 286 994 τοῦ
315 949 570 1016 Χριστοῦ,
597 941 942 1017 ἀφιλόσαρκον
967 949 1058 996 καὶ
1083 942 1411 1017 ὀφιλόψυχον
1438 944 1488 997 ἐν
1515 951 1619 1006 τοῖς
1649 963 1794 998 πνευ-

192 1039 442 1107 ματικοῖς
461 1031 659 1106 ἀγῶσιν
683 1035 965 1108 ὑπάρχειν.

274 1312 374 1361 Καὶ
401 1308 548 1369 ὅστις
605 1338 670 1349 -
729 1327 828 1378 μου
871 1307 1125 1380 μαθητής.
1182 1307 1364 1371 Ὀστις
1415 1309 1475 1363 οὗ
1535 1309 1794 1384 βαστάζει

198 1394 282 1450 ἐπὶ
329 1402 543 1470 μνήμης
604 1400 693 1448 τόν
744 1399 957 1450 θάνατον
1015 1397 1195 1451 αὐτοῦ.
1256 1402 1350 1453 Διά
1414 1408 1507 1453 τοῦ
1563 1409 1793 1475 σταυροῦ

192 1490 293 1560 γὰρ
324 1490 414 1539 τὸν
454 1488 672 1540 θάνατον
717 1483 967 1558 ἐδήλωσε,
1030 1484 1170 1540 διότι
1223 1495 1340 1542 τότε
1380 1491 1601 1542 θανάτου
1639 1493 1794 1563 ὄργα-

191 1596 278 1628 νον
335 1574 398 1634 ἦν
448 1578 476 1629 6
536 1579 781 1650 σταυρὸς,
835 1579 907 1639 ὡς
950 1582 1041 1631 καὶ
1097 1579 1146 1631 ἕν
1176 1587 1248 1649 τῷ
1290 1587 1584 1652 τριακοστῷ
1634 1584 1792 1651 τρίτῳ

191 1664 455 1737 κεφαλαίῳ
485 1674 574 1718 τοῦ
603 1668 739 1718 κατὰ
794 1669 1061 1721 Ματθαῖον
1118 1669 1230 1740 (67)
1299 1667 1550 1722 λέλεκται.
1607 1667 1794 1731 Ὀστις

190 1755 253 1807 οὗ
301 1753 564 1828 βαστάζει
617 1761 712 1815 τήν
753 1760 1001 1831 νέκρωσιν
1052 1757 1235 1822 αὐτοῦ,
1292 1757 1424 1829 λέγω
1450 1755 1542 1824 δὴ,
1575 1763 1668 1817 τὴν
1699 1768 1794 1821 τῆς

193 1848 391 1918 σαρκὸς
411 1847 590 1903 αὑτοῦ,
619 1851 714 1904 τὴν
739 1847 857 1899 καθ’
902 1843 1116 1906 ἡδονήν.
1173 1847 1314 1902 Ἐπεὶ
1345 1845 1402 1902 δε
1456 1851 1485 1908 ἡ
1521 1847 1788 1922 ἀποτροπὴ

189 1944 286 1987 τοῦ
345 1935 468 1989 καθ’
528 1932 725 1995 ἡδονήν
788 1936 928 2010 βίον,
977 1941 1167 2009 τρόπον
1228 1941 1342 1990 τινὰ
1391 1944 1658 2014 προτροπὴ
1715 1944 1795 2001 τίς

189 2023 338 2078 ἔστιν
392 2025 461 2086 εἰς
513 2024 752 2079 ἐπίπονον
809 2025 1091 2093 πολιτείαν,
1145 2030 1532 2101 παραμυθεῖται
1562 2035 1652 2082 καὶ
1710 2026 1794 2081 δι-

190 2111 391 2168 δάσκει
419 2112 515 2167 διὰ
540 2112 990 2190 παραδείγματος,
1050 2118 1130 2168 ὃτι
1182 2121 1293 2190 χρή
1342 2120 1430 2169 τὸν
1486 2116 1796 2190 βουλόμενον

189 2201 322 2257 εἶναι
396 2207 638 2277 μαθητὴν
685 2205 863 2268 αὐτοῦ,
918 2207 1440 2279 προπαρασκευάζειν
1506 2207 1682 2261 ἑαυτον
1729 2209 1797 2270 εἰς

187 2295 462 2364 ὑπομονὴν
488 2298 675 2356 παντὸς
704 2302 1014 2368 πειρασμοῦ.
1069 2300 1363 2370 Γέγραπται
1390 2299 1490 2372 γάρ
1526 2315 1539 2328 ’
1569 2299 1628 2351 Εἰ
1673 2318 1797 2374 προ-

187 2388 368 2458 σέρχῃ
403 2380 664 2438 δουλεύειν
697 2389 890 2458 Κυρίῳ,
934 2385 1209 2458 ἕτοίμασον
1239 2391 1332 2445 τὴν
1357 2386 1543 2459 ψυχὴν
1576 2405 1671 2439 σου
1726 2386 1798 2448 εἰς

180 2478 506 2547 πειρασμόν.

339 2569 487 2617 KP».
514 2562 636 2617 NE'.
668 2564 939 2638 Παραϐολή
969 2569 1085 2637 περὶ
1110 2562 1394 2638 οἰκοδομῆς
1427 2568 1650 2641 πύργου.

258 2658 356 2714 Τίς
388 2655 482 2722 γὰρ
518 2685 582 2693 -
613 2652 890 2707 ἕκτελίσαι.
917 2653 1114 2727 Ὠσπερ
1147 2657 1172 2706 6
1201 2655 1352 2708 θέλων
1379 2658 1575 2730 πύργον
1601 2654 1796 2712 αἰσθη-

177 2745 274 2794 τόν
301 2739 680 2815 οἰκοδομῆσαι,
714 2743 896 2815 ὀφείλει
919 2753 1124 2818 πρῶτον
1153 2753 1414 2818 μετρῆσαι
1442 2749 1528 2803 τὴν
1559 2743 1608 2796 ἄν
1651 2750 1792 2818 χρή-

178 2850 326 2903 μασι
357 2827 600 2890 δαπάνην
632 2850 646 2862 ·
674 2834 809 2886 οὕτω
837 2838 926 2886 καὶ
961 2835 986 2886 6
1019 2834 1172 2887 θέλων
1209 2837 1405 2907 πύργον
1434 2838 1616 2892 νοητὸν
1659 2835 1793 2887 οἰκο-

179 2918 454 2992 δομῆσαι,
481 2922 611 2994 λέγω
652 2920 741 2988 δὴ,
791 2924 1056 2996 σύμπηξιν
1104 2923 1316 2997 ἀρετῶν,
1363 2923 1544 2996 ὀφείλει
1591 2933 1792 2996 πρῶτον

177 3020 453 3086 μετρῆσαι
481 3016 574 3070 τὴν
602 3011 649 3064 ἓν
678 3021 986 3087 πειρασμοῖς
1017 3009 1052 3066 δ
1058 3016 1306 3087 ιάρκειαν,
1356 3015 1440 3066 ἱνα
1489 3033 1794 3088 προπαρασ-

175 3104 502 3173 κευασμίνος
673 3107 759 3162 ὧν,
787 3104 910 3178 ῥᾷον
939 3107 1062 3178 φέρῃ
1101 3107 1314 3165 τούτους
1338 3107 1783 3178 προσπίπτοντας.
1821 3131 1863 3185 C

178 3189 313 3244 Εἶτα
339 3195 431 3244 καὶ
459 3187 532 3243 δι’
556 3190 728 3267 ἑτέρου
770 3189 1204 3269 παραδείγματος
1233 3190 1478 3267 διεγείρει
1505 3197 1631 3269 πρὸς
1668 3213 1792 3267 καρ-

174 3286 383 3354 τερίαν.

254 3369 327 3423 Ἦ
383 3374 464 3433 τίς
509 3402 579 3411 -
625 3369 702 3423 ἔπ’
757 3370 910 3424 αὐτόν
955 3384 977 3442 ;
1023 3369 1246 3444 Ὀμοίως
1298 3371 1471 3436 πάλιν,
1535 3374 1708 3442 ὥσπερ
1764 3373 1790 3423 6

177 3457 461 3530 βασιλεὺς,
495 3461 520 3511 ὁ
567 3463 917 3533 πωρευόμενος
944 3461 1016 3524 εἰς
1065 3461 1306 3534 πόλεμον,
1341 3460 1526 3534 ὀφείλει
1564 3459 1792 3536 προϐου-

170 3546 482 3601 λεύσασθαι
512 3565 526 3578 ·
558 3549 693 3601 οὕτω
727 3554 818 3601 καὶ
871 3550 1019 3613 οὗτος
1059 3550 1249 3623 ὀφείλει
1277 3550 1786 3622 προϐουλεύσασθαι.

176 3637 226 3690 εἰ
254 3635 484 3690 δύναται
514 3640 647 3709 μετὰ
686 3647 786 3690 τῶν
852 3639 1033 3710 ὀλίγων
1075 3639 1284 3693 ἐντολῶν
1337 3647 1428 3692 τοῦ
1477 3639 1788 3711 Εὗαγγελίου

174 3725 712 3799 ἀντιπαρατάξασθαι
754 3736 828 3799 τῷ
879 3735 1096 3799 Σατανᾷ,
1145 3737 1216 3799 τῷ
1266 3731 1396 3801 μετὰ
1442 3728 1638 3782 πολλῶν
1674 3725 1790 3782 δαιο

175 3820 355 3889 μόνων
420 3821 512 3870 καὶ
573 3823 829 3890 μηχανῶν
885 3821 974 3870 καὶ
1043 3819 1222 3871 παθῶν
1279 3816 1542 3892 ἐρχομένῳ
1573 3817 1649 3871 ἐπ’
1697 3817 1789 3870 αὐ-

175 3910 291 3960 τόν.

256 3995 318 4049 Εἰ
354 3991 416 4048 δέ
443 4000 582 4068 μήγε
609 4027 671 4037 -
719 3999 784 4049 τὰ
811 3999 941 4070 πρὸς
969 3996 1176 4069 εἰρήνην
1232 4027 1297 4038 -—
1358 3995 1572 4070 Ἐρωτᾷ,
1604 4001 1786 4068 ἤγουν,

173 4084 499 4159 παρακαλεῖ,
551 4085 773 4138 αἰτεῖται
829 4085 942 4158 (69)
990 4089 1055 4138 τὰ
1098 4090 1224 4160 πρὸς
1273 4086 1497 4159 εἰρήνην.
1527 4094 1701 4140 Ταῦτα
1731 4084 1790 4140 δε

173 4175 531 4246 προσέθηκεν,
561 4174 620 4227 οὐ
646 4184 909 4249 παραινῶν
933 4182 1044 4237 τοῖς
1069 4180 1140 4247 μὴ
1183 4172 1490 4248 δυναμένοις
1534 4175 1788 4246 ἀπαντᾷν.

174 4263 464 4337 εἰρηνεύειν
500 4265 627 4334 μετὰ
655 4271 746 4316 τοῦ
774 4269 974 4316 Σατανᾶ
1008 4281 1020 4294 ·
1054 4272 1165 4324 πῶς
1182 4266 1284 4338 γὰρ
1343 4272 1434 4316 τοῦ
1485 4263 1786 4337 ἀνθρωποκ-

175 4358 335 4405 τόνου
366 4356 459 4404 καὶ
487 4351 821 4427 ψυχολέθρὸυ
855 4369 868 4420 ;
901 4351 1031 4405 ἀλλὰ
1057 4361 1120 4426 τῇ
1177 4351 1456 4426 ἀκολουθίᾳ
1483 4362 1572 4406 τοῦ
1625 4373 1788 4428 παρα·

175 4439 475 4513 δείγματος
505 4447 794 4515 εχρήσατο,
861 4443 1031 4503 καθὼς
1077 4446 1166 4494 καὶ
1215 4441 1450 4515 ἀνωτέρω
1490 4447 1784 4501 πεποίηκεν.

172 4531 327 4603 Ἀμα
352 4527 414 4584 δε
438 4535 526 4583 καὶ
556 4531 625 4592 εἰς
653 4533 898 4604 ἐντροπὴν
943 4539 1044 4583 τῶν
1101 4533 1232 4602 μετὰ
1283 4534 1342 4583 τὸ
1397 4533 1789 4604 μαθητευθῆναι

173 4624 574 4693 χαυνουμένων.
617 4625 716 4674 Καὶ
747 4627 899 4673 τοῦτο
926 4623 1028 4693 γὰρ
1070 4628 1272 4692 σχῆμα
1315 4620 1490 4692 λόγου,
1535 4617 1788 4694 διεγεῖρον

176 4710 257 4771 εἰς
289 4705 593 4782 εὐανδρίαν,
625 4710 755 4760 καθὸ
785 4713 875 4761 καὶ
901 4710 1017 4778 (70)
1043 4708 1203 4780 λέγειν
1225 4709 1492 4780 εἰώθαμεν,
1519 4711 1598 4761 ὃτι
1623 4717 1785 4782 κρεῖτ-

175 4817 269 4851 τον
327 4802 403 4871 μὴ
437 4797 698 4869 ἄρξασθαι
754 4795 912 4852 τοῦδε
958 4805 1051 4850 τοῦ
1089 4800 1409 4871 πράγματος,
1445 4798 1476 4857 ἣ
1508 4797 1790 4872 ἀρξάμενον

175 4891 253 4962 μή
286 4887 578 4940 τελειῶσαι.

1820 4492 1864 4546 D

255 5131 304 5167 ³ο
340 5127 512 5186 Eccli.
547 5143 607 5195 ιι,
633 5129 685 5185 1.

1904 497 2068 570 prior
2091 499 2206 554 illis
2233 501 2290 556 in
2318 500 2544 560 honore
2572 503 2889 562 habendus
2918 512 3025 562 est.

1978 592 2080 645 Per
2108 592 2570 664 propinquiores
2603 602 2801 651 autem
2834 612 3119 668 personas
3150 614 3394 656 omnem
3419 600 3564 656 dile-

1905 689 2052 740 ctam
2082 699 2407 756 personam
2433 686 2807 755 significavit.
2840 688 3081 744 Addidit
3102 691 3335 762 etquod
3363 693 3561 762 majus

1905 778 2037 829 est:
2099 774 2296 830 adhuc
2345 779 2542 831 autem
2598 781 2656 832 et
2710 776 2977 833 animam
3038 795 3228 846 suam,
3280 780 3394 835 hoc
3451 785 3560 846 est,

1907 880 2080 920 suam
2144 880 2382 936 quoque
2461 865 2648 936 ipsius
2713 866 3101 933 voluntatem,
3167 867 3268 923 ubi
3345 868 3560 925 divinae

1904 953 2078 1010 fuerit
2098 953 2395 1010 contraria
2425 954 2725 1010 voluntati.
2759 956 2999 1024 Oportet
3029 957 3188 1012 enim
3241 973 3374 1013 vere
3405 959 3561 1014 Chri-

1905 1042 1978 1099 sti
2026 1043 2383 1116 discipulum
2436 1043 2496 1099 in
2545 1043 2970 1115 spiritualibus,
3022 1046 3462 1115 certaminibus,
3526 1063 3563 1104 δ.

1905 1133 2103 1190 carnis
2145 1139 2202 1190 et
2247 1133 2464 1190 animm
2524 1133 2646 1190 sive
2701 1132 3020 1218 voluntatis
3070 1150 3274 1191 amore
3325 1135 3563 1208 penitus

1905 1223 2101 1280 avelli.

1975 1312 2145 1368 Vers.
2164 1312 2253 1367 2‘7.
2270 1313 2343 1369 Et
2368 1313 2624 1386 quisquis
2642 1345 2712 1355 —
2730 1328 2890 1371 meus
2903 1313 3245 1386 discipulus.
3278 1314 3561 1387 Quisquis

1905 1417 2025 1458 non
2048 1401 2281 1474 bajulat
2299 1403 2358 1458 in
2381 1403 2671 1459 memoria
2686 1407 2936 1459 mortem
2959 1419 3134 1460 suam
3155 1421 3170 1467 ς
3190 1419 3298 1476 per
3321 1419 3560 1460 crucem

1905 1491 2070 1550 enim
2097 1497 2348 1549 mortem
2379 1492 2756 1563 signiﬁcavit,
2783 1493 2924 1565 quia
2953 1499 3093 1549 tunc
3121 1494 3326 1549 mortis
3351 1494 3563 1550 instru-

1905 1585 2176 1638 mentum
2229 1588 2356 1639 erat
2406 1599 2567 1648 crux,
2619 1583 2774 1638 sicut
2825 1583 2997 1638 etiam
3045 1582 3343 1638 tricesimo
3394 1583 3562 1639 tertio

1900 1672 2067 1742 juxta
2083 1671 2405 1728 Matthenm
2423 1671 2617 1744 capite
2634 1672 2856 1729 dictum
2870 1676 2981 1728 est.
3001 1671 3286 1744 Quisquis
3306 1688 3427 1728 non
3455 1673 3563 1728 ba-

1835 1759 1874 1813 Β
1899 1763 2050 1834 julat
2080 1762 2172 1817 sui
2203 1762 2746 1828 mortiﬁcationem,
2776 1777 2909 1818 eam
2951 1761 3246 1830 videlicet,
3288 1778 3422 1834 quae
3474 1764 3564 1818 est

1905 1853 2102 1909 carnis
2124 1868 2246 1908 suae
2276 1852 2564 1909 adversus
2591 1851 2944 1923 voluptates.
2974 1851 3127 1919 Quia
3155 1867 3296 1909 vero
3331 1850 3562 1907 aversio

1904 1942 2036 1998 vitae
2074 1957 2110 1998 a
2139 1941 2546 2015 voluptatibus
2577 1941 3032 2013 quodammodo
3062 1942 3376 1997 conversio
3405 1956 3564 2012 quaa-

1904 2031 2046 2088 dam
2069 2037 2157 2087 est
2173 2031 2250 2088 ad
2271 2031 2639 2088 laboriosam
2661 2033 3198 2096 conversationem,
3219 2030 3564 2086 consolatur

1905 2126 1964 2177 et
1987 2121 2160 2177 docet
2189 2137 2294 2192 per
2335 2120 2700 2192 exemplum,
2751 2120 2915 2194 quod
2967 2124 3238 2193 oporteat
3269 2135 3405 2174 eum
3462 2119 3563 2190 qui

1906 2211 2030 2266 vult
2067 2210 2195 2281 ejus
2226 2225 2354 2265 esse
2387 2209 2734 2282 discipulus,
2768 2224 3110 2281 prteparare
3168 2208 3434 2281 seipsum
3484 2207 3562 2264 ad

1906 2299 2280 2356 tolerantiam
2321 2299 2523 2355 omnis
2551 2299 2909 2356 tentationis.
2946 2298 3244 2369 Scriptum
3284 2303 3374 2354 est
3402 2297 3560 2354 enim

1904 2391 1975 2447 Si
2008 2389 2343 2456 accesseris,
2373 2397 2441 2444 ut
2468 2389 2688 2445 servias
2703 2388 2970 2454 Domino,
2988 2403 3265 2459 praepara
3294 2388 3558 2444 animam

1906 2485 2070 2536 tuam
2101 2479 2172 2534 ad
2203 2479 2577 2536 lentationem
2620 2481 2689 2532 ίο.

2084 2570 2239 2626 CAP.
2283 2569 2399 2626 LV.
2457 2569 2758 2625 Parabola
2798 2567 2871 2624 de
2914 2567 3301 2636 aediﬁcatione
3351 2571 3560 2625 turris.

1976 2661 2135 2714 Vers.
2172 2659 2258 2714 28.
2304 2658 2441 2724 Quis
2497 2658 2647 2714 enim
2678 2689 2748 2698 —
2776 2659 2944 2710 Vers.
2991 2656 3080 2710 30.
3123 2672 3560 2716 consummare.

1905 2747 2063 2804 Sicut
2104 2747 2153 2802 is
2180 2747 2282 2820 qui
2305 2745 2508 2802 turrim
2541 2745 2877 2802 sensibilem
2906 2744 3066 2816 cupit
3107 2744 3430 2811 aediﬁcare,
3466 2747 3566 2802 de-

1903 2836 2004 2892 bet
2027 2837 2288 2908 primum
2337 2840 2616 2907 sumptus
2647 2834 3038 2907 pecuniarum
3083 2849 3444 2891 numerare:
3484 2835 3567 2892 ita

1903 2941 2142 2999 quoque
2159 2924 2584 2982 volensturrim
2606 2923 3061 2980 intellectualem
3079 2922 3398 2989 aediﬁcare,
3418 2930 3565 2996 puta

1901 3015 2186 3071 virtutum
2215 3014 2706 3086 compactionem,
2728 3013 2907 3070 debet
2933 3011 3124 3069 metiri
3151 3012 3416 3084 primum
3443 3014 3566 3070 sut-

1901 3104 2248 3160 ﬁcienliam.
2269 3119 2444 3176 quam
2468 3103 2648 3159 habet
2669 3103 2745 3158 ad
2771 3102 3149 3167 tentationes,
3171 3106 3236 3157 ut
3265 3117 3565 3176 prtepara-

1903 3201 1997 3250 tus
2021 3193 2170 3249 ferat
2198 3193 2448 3259 facilius,
2467 3209 2602 3248 cum
2630 3191 2967 3248 inciderint.
2988 3191 3208 3248 Deinde
3241 3192 3300 3247 in
3323 3191 3441 3249 alio
3464 3208 3561 3248 ex-

1900 3282 2101 3354 emplo
2132 3283 2206 3338 ad
2250 3282 2614 3338 tolerantiam
2645 3281 2880 3337 excitat.

1970 3373 2134 3427 Vers.
2163 3372 2251 3429 3t.
2277 3373 2318 3428 Α
2332 3380 2392 3428 ut
2411 3371 2542 3444 quis
2555 3404 2622 3412 —
2634 3375 2838 3428 contra
2854 3386 2930 3428 se.
2950 3370 3082 3426 Pari
3102 3385 3346 3442 quoque
3367 3370 3549 3427 modo

1899 3462 2418 3534 quemadmodum
2439 3477 2540 3518 rex
2561 3461 2637 3518 ad
2661 3461 2938 3534 proelium
2953 3460 3356 3532 proﬁciscens,
3379 3460 3559 3518 debet

1898 3552 2159 3624 primum
2193 3552 2557 3617 consultare,
2601 3553 2683 3609 ita
2712 3556 2767 3607 et
2794 3551 2890 3607 hic
2933 3550 3193 3622 primum
3225 3550 3558 3607 consultare

1899 3641 2095 3708 debet,
2129 3657 2206 3698 an
2237 3641 2430 3713 possit
2469 3658 2606 3697 cum
2647 3640 2858 3714 paucis
2906 3639 3206 3707 Evangelii
3247 3641 3559 3712 praeceptis

1896 3731 2170 3785 resistere
2199 3731 2453 3796 Satanae,
2483 3730 2572 3786 cui
2602 3745 2738 3785 cum
2773 3727 2975 3784 multis
3004 3727 3311 3784 daemoniis
3341 3732 3398 3785 et
3431 3744 3558 3787 ma-

1897 3819 2089 3876 chinis
2126 3835 2197 3876 ac
2228 3820 2642 3877 affectionibus
2678 3819 2836 3876 venit
2865 3823 3074 3875 contra
3111 3832 3196 3873 se.

1971 4001 2126 4054 Vers.
2159 4002 2246 4054 32.
2271 3998 2477 4070 Aliqui
2494 4029 2564 4040 -
2588 4013 2714 4070 quas
2739 3997 2906 4067 pacis
2928 4001 3086 4052 sunt.
3112 3999 3367 4052 Rursum
3395 3994 3560 4071 ἐρωτᾷ

1899 4087 2197 4155 signiﬁcat
2223 4096 2505 4156 precatur
2532 4092 2636 4143 aut
2662 4088 2830 4156 petit.
2875 4089 3008 4142 Haec
3059 4090 3258 4141 autem
3301 4085 3552 4156 addidit,

1898 4192 2018 4233 non
2053 4175 2382 4232 adhortans
2415 4182 2477 4232 ut
2499 4177 2601 4247 qui
2635 4191 2753 4230 non
2798 4174 3033 4246 possint
3085 4188 3414 4238 occurrere,
3449 4190 3554 4244 pas

1897 4282 2027 4322 cem
2042 4265 2392 4320 ineantcum
2410 4267 2630 4321 Satana
2653 4283 2665 4323 :
2692 4279 2954 4336 quonam
2975 4261 3134 4317 enim
3151 4262 3331 4317 modo
3352 4261 3412 4316 id
3428 4261 3557 4318 ﬁeri

1897 4359 2105 4426 potest,
2120 4369 2258 4410 cum
2278 4353 2373 4408 ille
2398 4353 2671 4409 homines
2697 4356 2920 4415 enecet,
2944 4367 3014 4406 ac
3035 4349 3249 4422 perdat
3275 4349 3555 4407 animas?

1897 4443 2010 4500 Sed
2047 4442 2297 4513 exempli
2342 4441 2769 4514 consequentia
2819 4456 2970 4496 usus
3025 4442 3131 4503 est,
3183 4437 3334 4494 sicut
3379 4437 3555 4495 etiam

1899 4533 2034 4589 fecit
2062 4531 2338 4603 superius
2366 4549 2380 4585 ε
2408 4530 2590 4586 simul
2609 4530 2786 4587 etiam
2808 4528 2885 4584 ad
2903 4527 3313 4583 confusionem
3345 4542 3554 4584 eorum

1901 4621 2001 4696 qui
2021 4627 2340 4694 postquam
2368 4619 2504 4677 facti
2523 4626 2660 4676 sunt
2674 4617 2963 4690 discipuli,
2979 4615 3382 4673 emolliuntur.
3407 4615 3558 4674 Nam

1900 4718 1956 4767 et
1982 4712 2079 4767 hic
2107 4717 2196 4768 est
2228 4711 2443 4767 modus
2472 4709 2755 4781 loquendi
2795 4709 2866 4763 ad
2909 4705 3363 4777 generositatem
3402 4708 3558 4763 exci-

1901 4805 2056 4864 tans,
2084 4817 2207 4873 quo
2243 4802 2434 4856 dicere
2465 4800 2727 4855 solemus
2756 4817 2769 4859 :
2799 4797 3003 4854 Melius
3039 4799 3122 4851 est
3147 4795 3262 4852 hoc
3291 4797 3381 4853 vel
3410 4797 3558 4854 illud

1900 4888 2133 4946 facinus
2157 4905 2278 4946 non
2303 4888 2603 4954 inchoare,
2631 4903 2816 4961 quam
2849 4900 2970 4942 non
2995 4883 3299 4958 perﬁcere,
3326 4891 3564 4960 postea-

1901 4993 2088 5052 quam
2126 4977 2529 5035 inchoaveris.

1390 5307 1616 5376 Variae
1659 5307 1991 5378 lectiones
2037 5318 2116 5378 et
2163 5317 2366 5378 notae.
2423 5369 2428 5374 .

254 5503 374 5576 (66)
402 5507 504 5558 Καὶ
533 5503 622 5556 τὸν
651 5505 850 5577 πατέρα
877 5507 968 5556 καὶ
989 5507 1077 5562 τὴν
1098 5505 1318 5577 μητέρα.
1353 5508 1413 5558 Δ.

252 5574 369 5645 (⁷67)
397 5583 502 5630 Τοῦ
547 5577 686 5628 κατὰ
735 5574 996 5632 Μἀτθαῖον
1043 5574 1179 5631 cum
1231 5574 1544 5640 Hentenio,
1587 5591 1647 5631 re
1710 5574 1792 5633 ita

178 5646 864 5776 ggstulantemddididta
892 5647 1051 5704 enim
1065 5647 1338 5721 exposuit
1364 5647 1442 5704 ad
1469 5646 1786 5714 Matth.xv1,

2121 5503 2204 5593 I‘ta
2234 5504 2497 5593 uterque,
2536 5518 2648 5576 pro
2671 5503 3276 5580 προπαρεσκευασμένος.

1999 5577 2091 5644 69)
2123 5575 2288 5628 Αἰτεῖ.
2315 5578 2380 5630 Α.
2541 5575 2548 5576 ί

1971 5575 2088 5719 E70)
2121 5649 2223 5700 Καί
2252 5644 2467 5703 omittit
2496 5649 2562 5704 A.
