3994 6218
483 203 625 264 1019

552 330 897 390 Praesertim
949 345 1086 387 cum
1133 329 1226 385 hic
1253 328 1328 384 sit
1360 343 1561 383 sermo
1610 326 1686 383 de
1730 343 1821 392 eo,
1855 328 1957 400 qui
2013 342 2151 381 vere

489 422 818 496 discipulus
845 426 949 484 est,
980 427 1079 474 aut
1103 436 1235 474 esse
1258 419 1438 487 cupit.
1466 419 1573 483 Qui
1598 417 1751 472 enim
1780 433 1899 472 non
1934 432 2149 472 renun-

491 512 610 578 tiat,
636 510 1031 566 velutidocuit
1055 509 1338 571 Christus,
1363 524 1479 563 non
1515 514 1601 563 est
1628 524 1764 562 vere
1782 506 2145 577 discipulus:

488 594 588 673 qui
619 605 818 655 autem
864 614 981 653 non
1015 601 1104 652 est
1130 613 1263 652 vere
1294 596 1646 666 discipulus,
1682 596 1783 650 sed
1814 611 2032 652 nomen
2069 594 2149 650 fe-

484 706 619 745 rens
643 687 943 760 discipuli,
959 703 1144 759 opera
1166 704 1303 742 vero
1334 686 1584 751 habens,
1605 702 1741 758 quae
1762 702 1872 742 non
1900 702 2147 756 respon-

483 778 839 833 deantillius
864 777 1168 847 cperibus,
1188 776 1391 848 pacem
1424 776 1719 831 facitcum
1747 779 1989 843 Satana,
2020 792 2150 848 per-

486 868 782 940 petrando
814 883 951 939 quae
984 867 1057 921 illi
1088 875 1259 935 grata
1287 871 1445 922 sunt.

558 958 719 1011 Vers.
770 958 858 1011 33.
909 958 1001 1012 Ita
1050 990 1119 997 -—
1148 956 1575 1024 discipulus.—
1627 958 1744 1021 Ita,
1789 956 1941 1011 sicut
1973 971 2146 1027 supe-

486 1048 610 1103 rius
642 1052 993 1119 protestatus
1021 1050 1128 1112 est,
1156 1046 1360 1101 dicens
1394 1061 1407 1100 :
1438 1045 1492 1101 Si
1525 1045 1659 1116 quis
1710 1061 1826 1100 non
1860 1044 2002 1102 facit
2025 1046 2148 1102 hmo

490 1142 545 1193 et
576 1137 692 1203 illa,
750 1153 864 1192 non
899 1142 1092 1208 potest
1122 1152 1293 1191 meus
1325 1152 1451 1190 esse
1482 1134 1829 1206 discipulus.

559 1228 726 1282 Vers.
781 1226 869 1281 34.
917 1228 1082 1281 Βοηα
1130 1241 1222 1282 res
1251 1231 1335 1281 est
1386 1226 1499 1280 sal.
1534 1225 1731 1280 Salem
1762 1240 1923 1279 nunc
1973 1229 2149 1281 vocat

488 1320 693 1387 aptum
728 1316 803 1371 ad
843 1315 1184 1371 docendum
1228 1330 1587 1368 sermonem.
1624 1314 1830 1370 Scribit
1859 1322 2059 1369 autem
2092 1318 2149 1369 et

491 1408 718 1462 Marcus
761 1404 919 1461 circa
962 1405 1141 1459 ﬁnem
1194 1404 1458 1459 vicesimi
1508 1404 1743 1474 septimi
1801 1403 2010 1475 capitis
2056 1404 2148 1459 sui

494 1495 794 1562 Evangelii
834 1517 845 1548 :
889 1496 1057 1551 Bona
1085 1510 1175 1549 res
1203 1500 1281 1550 est
1321 1495 1416 1549 sat
1447 1495 1489 1529 ¹¹
1529 1510 1541 1559 ;
1573 1499 1628 1549 et
1648 1493 1727 1549 ibi
1750 1510 1947 1565 qurere
1968 1493 2149 1564 hujus

491 1585 946 1639 enarrationem.

562 1677 720 1731 Vers.
769 1674 857 1728 34.
915 1674 1083 1742 Quod
1127 1674 1183 1729 si
1210 1705 1275 1713 —
1308 1672 1615 1730 condietur
1643 1674 1671 1731 ?
1698 1673 1920 1729 Eodem
1962 1673 2148 1747 capite

492 1764 666 1820 etiam
702 1764 774 1818 de
805 1764 918 1819 hoc
956 1764 1178 1819 dictum
1222 1768 1327 1818 est.

564 1855 728 1908 Vers.
762 1855 851 1911 34.
883 1854 1083 1924 Neque
1112 1884 1180 1891 —
1210 1858 1311 1909 est.
1342 1854 1577 1907 Terram
1615 1867 1768 1907 nunc
1796 1851 1937 1907 dicit
1978 1852 2149 1909 disci-

491 1943 688 2015 pulos,
714 1942 1327 2012 utpoteimpinguatos
1348 1958 1413 1995 ac
1434 1942 1759 1997 commodo
1782 1940 2023 1996 affectos
2050 1959 2063 2008 ;
2087 1942 2150 1997 ti-

492 2048 659 2087 mum
684 2037 881 2086 autem
900 2032 1195 2094 doctores,
1212 2035 1273 2085 ut
1297 2030 1733 2101 impinguantes
1750 2035 1808 2085 et
1827 2032 2151 2088 commodo

493 2120 839 2178 adicientes.
877 2120 1019 2174 Dicit
1049 2134 1190 2188 ergo
1226 2137 1238 2173 :
1271 2119 1326 2173 Si
1383 2134 1578 2173 sermo
1606 2125 1782 2189 aptus
1833 2118 1906 2175 ad
1940 2120 2151 2176 docen-

492 2210 636 2265 dum
673 2210 875 2280 pravis
914 2208 1296 2276 dogmatibus
1333 2212 1755 2278 corrumpatur
1788 2224 1799 2262 :
1835 2225 2029 2282 neque
2082 2209 2150 2265 iis

492 2300 594 2371 qui
649 2299 910 2364 discunt,
944 2297 1299 2353 conveniens
1350 2302 1453 2354 aut
1500 2297 1659 2352 utilis
1691 2304 1776 2353 est
1808 2318 1820 2357 :
1858 2315 2051 2372 neque
2082 2300 2151 2355 iis

492 2387 591 2460 qui
632 2387 869 2442 docent.

564 2478 727 2533 Vers.
748 2481 834 2533 35.
861 2477 1044 2533 Foras
1072 2475 1399 2547 projiciunt
1427 2476 1615 2531 illum.
1648 2478 1958 2550 Tanquam
1981 2477 2148 2535 inuti-

490 2567 631 2624 lem.

562 2656 732 2712 Vers.
786 2656 876 2711 35.
912 2657 1026 2725 Qui
1069 2656 1244 2714 habet
1273 2686 1343 2698 -—
1382 2656 1601 2713 audiat.
1658 2658 1779 2715 Hoc
1818 2657 2152 2731 frequenter

490 2746 855 2804 declaratum
901 2751 1012 2802 est.

563 2837 713 2892 CAP.
746 2836 873 2891 LVI.
913 2836 1209 2891 Parabola
1244 2835 1312 2891 de
1340 2842 1567 2892 centum
1600 2836 1824 2891 ovibus.

563 2927 716 2981 CAP.
735 2925 843 2982 XV.
859 2928 1020 2981 Vers.
1042 2926 1091 2979 1.
1115 2927 1151 2979 Α
1166 2924 1679 2995 ppropinquabant
1700 2932 1889 2982 autem
1903 2958 1970 2966 —
1984 2925 2145 2981 Vers.

488 3017 542 3068 2.
567 3016 711 3071 illis.
750 3015 936 3070 Etiam
967 3014 1199 3069 decimo
1228 3020 1444 3084 quarto
1490 3014 1659 3083 juxta
1690 3016 2020 3071 Mattliaaum
2058 3031 2146 3069 ca-

490 3103 608 3176 pite
621 3103 894 3159 dixerunt
914 3103 1224 3175 discipulis
1247 3103 1406 3173 ejus:
1440 3103 1628 3165 Quare
1642 3120 1773 3159 cum
1804 3106 2147 3172 publicanis

490 3199 545 3250 et
590 3194 982 3261 peccatoribus
1014 3194 1205 3249 cibum
1238 3194 1386 3263 capit
1417 3193 1700 3262 magister
1730 3200 1910 3250 vester
1936 3196 1981 3231 ¹²
2012 3195 2038 3249 ?

564 3283 725 3339 Vers.
783 3288 833 3341 3.
884 3284 1040 3339 Dixit
1094 3285 1344 3337 —-Vers.
1399 3285 1452 3337 4.
1487 3298 1634 3338 eam.
1686 3283 2026 3340 Parabolice
2076 3302 2144 3341 os

490 3372 602 3428 illis
631 3373 910 3440 occludit,
938 3373 1181 3438 docens,
1213 3371 1377 3441 quod
1411 3388 1529 3427 non
1561 3374 2013 3444 propterjustos
2043 3376 2148 3431 hu-

492 3461 839 3518 manitatem
856 3462 1206 3533 assumpsit,
1233 3461 1335 3516 sed
1357 3466 1592 3531 propter
1610 3469 1967 3531 peccatores.
1987 3466 2148 3521 Hanc

492 3555 693 3605 autem
749 3549 1097 3620 parabolam
1142 3549 1377 3621 scripsit
1408 3556 1463 3604 et
1510 3550 1811 3606 Matthaeus
1852 3553 2148 3609 tricesimo

492 3643 705 3694 octavo
746 3639 834 3693 sui
882 3639 1179 3707 Evangelii
1211 3639 1423 3710 capite,
1460 3644 1515 3694 et
1547 3639 1628 3694 ibi
1659 3639 1787 3709 lege
1819 3640 1948 3712 ejus
1982 3657 2149 3697 enar-

492 3727 805 3792 rationem,
831 3744 966 3799 quaa
1017 3728 1260 3798 pulchre
1291 3728 1485 3799 posita
1512 3734 1619 3783 est.

564 3817 723 3870 Vers.
758 3821 807 3869 ξς.
865 3817 1115 3887 Cumque
1170 3816 1457 3872 invenerit
1486 3848 1555 3857 —
1579 3818 1853 3887 gaudens.
1896 3819 2147 3876 Evidens

495 3904 735 3974 signum
769 3905 1097 3973 dilectionis
1120 3912 1207 3962 est
1232 3923 1301 3963 ac
1332 3907 1727 3979 providentiae,
1752 3924 1932 3980 quam
1965 3909 2148 3964 habe-

493 3994 589 4051 bat
617 4012 758 4067 erga
788 4012 977 4067 genus
1004 4002 1295 4053 nostrum.

564 4086 734 4141 Vers.
768 4086 820 4139 6.
858 4087 932 4141 Et
946 4087 1182 4143 veniens
1204 4102 1449 4158 —quam
1478 4087 1869 4155 perdideram.
1890 4088 2146 4143 Domum

492 4175 617 4247 ejus
646 4175 905 4247 intelligc
932 4175 1145 4232 coelum
1184 4193 1194 4230 :
1231 4176 1344 4244 Qui
1375 4176 1628 4241 habitas,
1662 4176 1866 4248 inquit,
1899 4177 1961 4233 in
1993 4178 2147 4233 caelis

493 4268 560 4321 ¹².
614 4265 853 4321 Amicos
884 4270 1084 4321 autem
1124 4282 1193 4319 ac
1234 4266 1455 4321 vicinos
1487 4264 1628 4320 dicit
1680 4265 1923 4333 angelos
1956 4282 1969 4320 :
2004 4268 2149 4321 ami-

491 4370 613 4420 cos,
662 4361 951 4429 tanquam
985 4370 1056 4410 ea
1098 4355 1426 4424 diligentes,
1464 4371 1599 4425 quae
1633 4354 1724 4408 ille
1742 4354 1971 4423 diligit;
2004 4356 2149 4410 vici-

491 4460 601 4500 nos
619 4444 1007 4518 tanquamilli
1032 4442 1431 4515 propinquoe.
1464 4446 1592 4499 Haec
1621 4449 1820 4498 autem
1848 4460 1948 4515 per
1969 4460 2149 4513 para-

490 4534 695 4590 bolam
736 4552 896 4592 nunc
926 4535 1240 4607 signiﬁcat,
1273 4535 1613 4600 ostendens,
1647 4535 1805 4606 quod
1848 4535 1905 4589 in
1935 4534 2033 4591 tali
2064 4534 2147 4591 in-

492 4624 770 4681 ventione
788 4626 965 4682 etiam
990 4626 1183 4695 angeli
1208 4626 1305 4680 Dei
1328 4626 1731 4698 congaudent,
1756 4630 1954 4697 utpote
1969 4633 2023 4681 et
2042 4625 2149 4697 ipsi

492 4711 737 4780 benigni
766 4729 909 4782 erga
933 4714 1207 4770 homines

564 4802 731 4856 Vers.
764 4808 817 4856 7.
868 4803 1004 4858 Dico
1032 4835 1098 4844 —
1124 4806 1475 4874 paenitentia.
1507 4835 1571 4844 —-
1611 4805 1697 4859 lla
1728 4818 1743 4869 ;
1784 4802 2092 4875 quomodo
2121 4802 2150 4857 ?

496 4890 655 4947 Sicut
709 4891 903 4946 docuit
951 4892 1264 4964 parabola.
1302 4894 1561 4949 Perditur
1616 4894 1816 4965 itaque
1847 4892 2151 4948 rationalis

492 4980 643 5046 ovis,
675 4996 813 5036 cum
846 4997 882 5036 a
906 4980 1114 5036 divinis
1145 4982 1453 5053 praeceptis
1478 4982 1655 5052 longe
1688 4987 2034 5053 separatur:
2069 4981 2150 5035 in-

492 5069 727 5126 venitur
750 5074 971 5138 autem,
1004 5086 1142 5127 cum
1174 5086 1278 5143 per
1304 5072 1713 5144 paenitentiam
1744 5070 2053 5142 resipiscit,
2095 5075 2152 5126 et

575 5252 619 5289 “
652 5254 826 5311 Marc.
864 5267 943 5323 1x,
973 5250 1059 5309 50.
1128 5252 1176 5289 ¹²
1202 5250 1406 5309 Matth.
1435 5268 1514 5316 ιι,
1545 5252 1634 5307 11.
1717 5253 1764 5289 ¹²
1795 5249 1947 5307 Psal.
1979 5252 2040 5315 l1,
2064 5252 2119 5306 4.

1800 196 2155 255 EU’I'HYMII
2194 194 2530 257 ZIGABENI

3675 208 3770 263 lim

2184 322 2233 377 Α
2339 325 2537 389 Ἄλλως
2593 348 2647 381 τε
2691 333 2782 383 καὶ
2828 333 2945 403 περὶ
2997 335 3088 381 τοῦ
3136 328 3357 390 ἀληθοῦς
3400 329 3613 401 μαθητοῦ
3656 341 3773 392 νῦνό

2268 416 2436 489 λόγος.
2466 417 2525 469 Ὀ
2575 420 2676 492 γὰρ
2708 423 2779 491 μὴ
2832 418 3274 490 ἀποτασσομενος.
3306 423 3372 481 ὡς
3412 421 3436 470 ὁ
3483 425 3674 493 Χριστὸς
3695 421 3775 476 Eii-

2267 504 2440 574 δαξεν,
2490 508 2583 560 οὐκ
2622 512 2762 560 ἔστιν
2816 508 3017 570 ἀληθῶς
3085 512 3315 579 μαθητής
3343 528 3355 539 ⁸
3387 510 3476 582 [μὴ
3528 512 3586 561 ὧν
3630 511 3776 578 (Ἠξόε

2265 597 2467 659 ἀληθῶς
2528 600 2813 669 μαθητὴς,]
2866 599 2972 650 ἀλλ’
3031 604 3191 670 ὄνομα
3238 605 3325 671 μὲν
3378 603 3593 671 μαθητοῦ
3644 607 3774 674 φέρων,

2261 689 2388 758 ἔργα
2445 686 2503 741 δὲ
2578 689 2811 742 ἀνοίκειοι
2875 694 3202 759 κεκτημένος,
3266 690 3503 761 sigma-35¢
3586 688 3663 742 διὰ
3709 700 3777 742 τῶν

2259 779 2421 851 ἔργων
2452 780 2581 850 μετὰ
2612 786 2703 831 τοῦ
2754 786 2975 846 Σατανᾶ,
3031 782 3095 831 τὰ
3143 779 3264 851 pila
3310 783 3471 851 τούτῳ
3530 776 3778 855 διαπραττο·

2259 888 2428 941 μενος.

2331 959 2507 1018 Οὕτως
2551 991 2619 998 -
2654 960 2913 1031 μαθητής.
2950 990 3011 999 -
3041 959 3239 1023 Οὕτως,
3283 960 3347 1019 ὡς
3386 958 3598 1030 ἀνωτέρω
3620 956 3780 1033 discap-

2258 1049 2464 1119 τύρατο,
2497 1047 2656 1119 λέγων
2691 1066 2702 1077 ·
2737 1050 2799 1103 Εἰ
2829 1069 2908 1109 τις
2934 1048 2991 1100 οὐ
3014 1055 3151 1100 ποιεῖ
3169 1044 3296 1101 τάδε
3325 1054 3412 1100 καὶ
3442 1045 3578 1117 τάδε,
3604 1049 3653 1100 οὗ
3668 1046 3782 1101 δύναιο

2256 1142 2344 1188 ταί
2373 1157 2473 1206 μου
2504 1140 2742 1209 μαθητὴς
2773 1135 2924 1190 εἶναι.

2332 1226 2496 1280 Καλὸν
2546 1231 2605 1279 τὸ
2657 1227 2804 1289 ἅλας.
2863 1226 3023 1289 Ἀλας
3088 1227 3234 1279 καὶαῖ
3286 1235 3394 1297 νῦν,
3451 1230 3531 1279 τὸν
3579 1224 3781 1280 idem!

2255 1316 2398 1369 λικὸν
2429 1316 2597 1388 λόγον.
2649 1316 2900 1390 Ἔγραψε
2930 1314 2989 1369 δὲ
3018 1322 3108 1369 καὶ
3173 1319 3198 1368 ὁ
3244 1320 3449 1389 Μάρκος
3498 1321 3609 1390 πρὸς
3645 1326 3700 1387 τῷ
3726 1322 3782 1368 τί·

2256 1405 2332 1459 λιι
2363 1414 2455 1458 τοῦ
2512 1407 2749 1459 εἰκοστοῦ
2804 1403 3029 1478 ἕϐδομον
3074 1406 3349 1479 κεφαλαίου
3396 1407 3563 1472 αὐτοῦ,
3616 1408 3683 1457 ὅτι
3722 1426 3785 1457 ιι-

2256 1495 2342 1547 λόν
2398 1501 2456 1548 τό
2523 1496 2669 1561 ἅλας,
2730 1502 2820 1548 καὶ
2874 1498 3105 1557 ζήτησον
3164 1495 3269 1548 ἐκεῖ
3328 1500 3421 1554 τὴν
3499 1499 3661 1548 τούτου
3707 1494 3785 1556 ἱξό-

2258 1604 2445 1656 γησιν,

2187 1677 2224 1731 Β
2335 1675 2456 1729 Ἐὰν
2487 1706 2553 1715 -—
2577 1673 2770 1749 ἀρνυθή
2782 1694 2930 1727 σεται
2959 1696 2969 1740 ;
2996 1674 3077 1727 Ἐν
3104 1672 3275 1745 ἐκείνῳ
3296 1678 3387 1726 καὶ
3416 1678 3528 1748 περὶ
3562 1675 3712 1725 τούτου
3734 1672 3787 1724 λέ-

2261 1764 2455 1817 λειιται⁹

2334 1858 2467 1907 Οὔτε
2497 1884 2562 1893 --
2603 1852 2763 1907 ἐστιν.
2796 1860 2895 1911 Γῆν
2921 1857 3010 1925 μὲν
3038 1853 3172 1924 λέγει
3186 1858 3303 1913 τοὺς
3332 1854 3579 1924 μαθητὰς,
3606 1854 3664 1911 ὡς
3686 1871 3785 1903 πιαι-

2258 1949 2496 2017 νομένους
2523 1949 2612 1996 καὶ
2642 1942 3018 2015 ὠφελουμένους
3042 1962 3053 1973 ’
3080 1948 3300 2017 κοπρίαν
3344 1942 3422 2009 ὀὶ,
3454 1946 3566 2002 τοὺς
3588 1938 3790 1992 διδασκά-

2257 2033 2394 2095 λους,
2448 2036 2517 2095 ὡς
2546 2038 2846 2094 πιαίνοντας
2886 2037 2976 2085 καὶ
3026 2033 3366 2105 ὠφελοῦντας.
3421 2037 3573 2089 Φησὶν
3622 2027 3789 2093 οὖν,ὀτι

2259 2124 2376 2176 Ἐὰν
2409 2124 2434 2174 ὁ
2468 2118 2855 2183 δίδασκαλικος
2901 2122 3053 2192 λόγος
3085 2124 3403 2195 παραφθαρῇ
3438 2118 3651 2191 δόγμασι
3677 2138 3790 2173 ποπ-

2258 2219 2385 2287 ροῖς,
2418 2215 2532 2263 οὔτε
2576 2211 2642 2272 εἰς
2674 2214 2788 2271 τοὺς
2840 2213 3186 2283 μανθάνοντας
3244 2212 3441 2270 εὔθετός
3486 2209 3630 2275 ἐστιν,
3675 2212 3789 2279 ἦγον)

2260 2304 2573 2373 εὔχρηστος,
2597 2304 2714 2352 οὔτε
2740 2300 2811 2362 εἰς
2840 2304 2953 2361 τοὺς
2985 2296 3371 2362 διδάσκοντας,

2330 2478 2466 2543 Ἔξω
2496 2478 2781 2552 βάλλουσιν
2813 2477 2959 2533 αὐτὸ.
2990 2477 3077 2540 Ὠς
3108 2476 3375 2551 ἀνωφελές.

2328 2657 2386 2711 Ὀ
2449 2660 2586 2731 ἔχων
2643 2689 2711 2698 -
2792 2656 3047 2713 ἀκουέτω.
3120 2663 3283 2710 Τοῦτο
3376 2656 3609 2718 πολλάκις
3668 2657 3791 2729 ἑρμη-

2258 2750 2437 2806 men.

2329 2837 2497 2890 Ἦσαν
2532 2833 2591 2889 δὲ
2621 2836 2911 2906 ἐγγίζοντες
2942 2867 3008 2875 —
3035 2835 3229 2895 αὐτοῖς.
3259 2837 3367 2890 Καὶ
3396 2834 3444 2887 ἐν
3468 2843 3533 2906 τῷ
3576 2849 3793 2904 τεσσαρεσ-

2257 2923 2553 2997 καιδεκάτῳ
2580 2926 2832 2997 κεγαλαίῳ
2865 2934 2957 2977 τοῦ
2982 2928 3113 2976 κατὰ
3136 2928 3407 2978 Ματθαῐον
3442 2922 3570 2977 εἶπον
3606 2930 3694 2982 τοῖς
3724 2941 3793 2992 5n-

2186 3038 2225 3092 ρ
2263 3018 2446 3076 θηταῖς
2470 3016 2630 3067 αὑτοῦ
2674 3034 2685 3045 ·
2718 3021 2865 3067 Διατί
2897 3016 3025 3085 μετὰ
3056 3023 3155 3065 τῶν
3190 3022 3415 3066 τελωνῶν
3435 3020 3520 3066 καὶ
3544 3010 3793 3086 ἁμαρτωλῶν

2261 3104 2424 3158 ἐσθίει
2449 3107 2474 3157 ὁ
2507 3102 2832 3166 διδάσκαλος
2854 3107 2995 3175 ὑμῶν
3030 3121 3042 3170 ;

2266 3204 2408 3249 ΚΕΦ.
2469 3194 2583 3259 Νξ.
2650 3200 2774 3268 Περὶ
2828 3204 2926 3246 τῶν
3002 3194 3177 3246 ἑκατὸν
3233 3192 3508 3266 προϐάτων
3563 3190 3792 3265 παραϐολή.

2335 3283 2455 3337 Εἷπε
2487 3284 2709 3336 -οιῦτο
2766 3302 2779 3350 ;
2835 3282 3200 3355 Παραϐοὶικῶς
3262 3283 3453 3341 αὐτοὺς
3514 3281 3793 3352 ἐπιστομίζει,

2262 3371 2556 3441 διδάσκων,
2592 3376 2671 3426 ὅτι
2713 3372 3127 3445 ἓνηνθρωπησεν,
3178 3372 3237 3423 οὗ
3294 3369 3393 3424 διὰ
3443 3375 3552 3432 τοὺς
3595 3367 3793 3429 δικαίους,

2262 3464 2388 3516 ἀλλὰ
2429 3460 2522 3515 διὰ
2545 3467 2665 3524 τοὺς
2696 3463 3053 3536 ἁμαρτωλούς.
3081 3464 3286 3518 Ταύτην
3326 3458 3386 3514 δὲ
3448 3467 3536 3518 τὴν
3562 3458 3793 3533 παραϐολὴν

2262 3552 2518 3627 ἀνέγραψε
2547 3557 2636 3605 καὶ
2659 3554 2683 3603 δ
2714 3553 2981 3612 Ματθαῖος
3004 3550 3049 3602 ἐν
3091 3559 3162 3620 τῷ
3188 3559 3485 3623 τριακοστῷ
3517 3546 3793 3621 673691127):-

2260 3642 2388 3713 λαίῳ
2409 3642 2591 3705 αὐτοῦ,
2624 3647 2712 3692 καὶ
2738 3640 3002 3713 ἀνάγκωθι
3027 3645 3120 3698 τὴν
3151 3638 3407 3711 ἐξήγησιν
3440 3640 3644 3701 αὐτῆςέν
3669 3637 3793 3704 ἐκείνῳ

2262 3729 2314 3783 εὖ
2348 3735 2599 3802 ἔχουσαν.

2335 3826 2435 3873 Καὶ
2466 3819 2623 3892 εὖρὼν
2669 3850 2725 3858 —-
2758 3824 2981 3891 χαίρων.
3016 3820 3356 3890 Ἐμφαντικὸν
3394 3826 3541 3870 τοῦτο
3586 3825 3663 3876 τῆς

2260 3926 2361 3969 πης
2392 3912 2481 3960 καὶ
2501 3904 2831 3980 κηδεμονίας,
2868 3908 2926 3966 ἢν
2958 3911 3069 3979 ἔχει
3090 3913 3207 3980 περὶ
3228 3911 3287 3958 τὸ
3314 3912 3463 3979 γένος
3490 3909 3632 3979 ἡμῶν.

2332 4090 2433 4139 Καὶ
2458 4084 2615 4138 ἐλθὼν
2650 4117 2711 4127 --
2742 4085 3030 4147 ἀπολωλός.
3076 4082 3232 4138 Οἶκον
3291 4090 3386 4157 μὲν
3438 4085 3586 4137 αὐτοῦ
3626 4086 3705 4133 νὸιι
3728 4080 3788 4127 τὸν

2258 4176 2471 4244 οὐρανόν
2505 4193 2517 4205 °
2550 4174 2607 4227 Ὀ
2640 4184 2887 4227 κατοικῶν
2918 4178 3034 4249 γὰρ,
3070 4180 3252 4247 φησὶν,
3282 4174 3333 4226 ἐν
3360 4174 3583 4249 οὐρανοῖς
3622 4210 3634 4221 .
3664 4168 3789 4241 φίλους

2261 4262 2318 4319 δὲ
2348 4270 2436 4316 καὶ
2466 4271 2717 4337 γείτονας,
2750 4268 2866 4326 τοὺς
2887 4263 3152 4335 ἀγγέλους,
3193 4264 3380 4326 Φίλους
3404 4267 3511 4336 μὶν,
3557 4259 3787 4331 insito-31-

2182 4394 2226 4448 D
2257 4375 2370 4423 τας,
2403 4354 2437 4406 ἁ
2463 4354 2597 4427 φιλεί
2629 4372 2640 4383 ·
2669 4358 2896 4425 γείτονας
2928 4351 2987 4406 δὲ
3009 4357 3075 4415 ὡς
3116 4353 3267 4425 ἐγγὺς
3294 4358 3449 4415 ὄντας
3478 4353 3637 4405 αὐτοῦ.
3657 4348 3788 4401 Ταῦτα

2261 4440 2318 4497 δί
2340 4452 2428 4495 νυν
2456 4443 2815 4516 ἐσχημάτισεν
2856 4444 2885 4501 ἠ
2922 4442 3211 4515 παραϐολὴ,
3254 4442 3588 4515 ἐμφαίνουσα,
3631 4440 3695 4489 ὅτι
3730 4436 3787 4484 ἐπὶ

2258 4539 2318 4604 τῇ
2352 4535 2564 4605 τοιαύτῃ
2599 4534 2796 4605 εὑρέσει
2818 4538 2906 4585 καὶ
2934 4535 2982 4585 οἱ
3006 4531 3219 4604 ἄγγελοι
3238 4537 3591 4606 συγχαίρουσι
3612 4534 3672 4599 τῷ
3690 4528 3785 4590 Θεῷ,

2258 4623 2323 4683 ὡς
2341 4625 2429 4674 καὶ
2458 4621 2606 4674 αὐτοὶ
2634 4621 3004 4697 φιλάνθρωποι.

2337 4804 2484 4872 Λέγω
2510 4832 2577 4841 -
2621 4803 2911 4872 μετανοίας,
2971 4830 3038 4838 -
3069 4799 3244 4868 Οὕτω,
3274 4807 3385 4861 πῶς
3421 4816 3434 4865 ;
3462 4797 3543 4859 Ὠς
3587 4788 3785 4849 ὑπέδειξεν

2261 4889 2604 4964 ἠπαραϐολὴ.
2658 4888 2966 4941 Ἀπόλλυται
3020 4892 3110 4961 μὲν
3165 4886 3253 4941 οὖν
3308 4895 3366 4943 τὸ
3416 4890 3605 4961 λογικὸν
3644 4876 3785 4952 προεα-

2261 4999 2365 5045 τον,
2389 4978 2560 5053 πόρρω
2598 4986 2697 5029 τῶν
2747 4976 2955 5029 ἐντολῶν
3008 4984 3100 5029 τοῦ
3167 4986 3306 5031 Θεοῦ
3353 4983 3601 5050 γινόμενον
3647 4987 3657 4999 ⁸
3694 4969 3784 5038 εὑρέ·

2264 5087 2441 5121 σκεται
2488 5064 2567 5131 δὲ,
2627 5062 2904 5140 μιτανοοῦν
2957 5071 3044 5119 καὶ
3097 5069 3233 5129 ἐντὸς
3271 5068 3441 5120 αὐτῶν
3504 5052 3781 5117 ἀποκαθιστά-

1720 5428 1936 5498 Varize
1976 5427 2300 5497 lectiones
2332 5437 2398 5495 et
2426 5436 2630 5494 notae.

569 5628 691 5705 (71)
713 5626 951 5686 Inclusa
980 5626 1231 5695 absunt,
1262 5627 1309 5682 Α
1342 5639 1358 5698 ;
1390 5623 1737 5683 exciderunt
1798 5624 1878 5683 ob
1917 5623 2135 5699 duplex

2250 5625 2424 5686 θητὰς.

3924 2146 3935 2161 θ

3926 2176 3933 2223 ἓ

3928 2224 3935 2265 ὲ

3926 2640 3943 3221 l

3930 3288 3939 3317 ξ

3932 3328 3937 3343 i

3934 3360 3937 3377 l

3938 3380 3939 3391 ι

3936 3640 3941 3663 t
3946 3658 3947 3665 η

3924 3684 3941 4211 ξ
