3994 6218
140 254 282 314 1021

1205 262 1576 322 COMMENT.
1617 265 1688 322 IN
1728 266 1990 328 LUCAM.
2037 305 2106 315 —
2143 275 2297 332 CAP.
2338 280 2446 335 XV.

3375 284 3517 341 4022

135 405 311 458 μενον.
341 367 482 442 εἶτα.
508 395 598 444 καὶ
628 388 704 446 δι’
729 391 903 465 έτέρας
931 389 1233 467 παραϐολῆς
1260 395 1356 452 τὴν
1387 390 1472 446 ἰπὶ
1505 400 1566 467 τῇ
1597 392 1737 469 εὗρέ-

1859 398 1912 454 in
1952 400 2064 458 illis
2089 405 2416 475 reponitur,
2457 407 2674 465 Deinde
2714 409 2960 467 alteram
2991 427 3226 486 quoque
3257 413 3510 471 adducit

139 495 224 530 σει
258 485 348 530 τοῦ
377 476 696 546 ἀπολωλότος
720 485 896 558 χαρὰν
933 487 1277 556 παρίστησιν.

210 677 283 731 Ἤ
310 683 391 741 τίς
440 711 502 720 -
558 677 818 734 ἀπώλεσα.
878 680 1079 758 Ὠσπερ
1132 685 1162 742 ἡ
1214 687 1342 755 γυνὴ
1391 691 1531 737 ποιεῖ
1565 687 1628 736 τὰ
1651 686 1745 760 ῥη-

135 769 295 820 Θέντα
324 787 336 797 ·
369 769 505 821 οὕτω
534 774 623 821 καὶ
666 771 694 828 ἡ
731 771 1091 843 φιλανθρωπία
1151 781 1242 824 του
1294 776 1418 826 Υἱοῦ
1464 781 1556 826 τοῦ
1611 781 1745 826 Θεοῦ

130 863 396 916 πεποίηκε
428 859 558 931 (72‘).
613 866 864 932 Δραχμῆς
918 864 1020 934 γὰρ
1065 868 1186 933 μιᾶς
1235 861 1575 923 ἀπολωλυίας.
1633 868 1744 922 ἦτοι

131 954 232 1008 τῆς
263 946 587 1018 ἀνθρωπίνης
633 954 833 1020 φύσεως
861 947 908 1001 ἓν
937 959 1010 1020 τῷ
1041 953 1458 1022 καταχωσθῆναι
1511 960 1618 1013 τοίς
1644 955 1747 1004 πά-

133 1038 302 1095 Θεσιν,
331 1037 437 1107 ἧψε
487 1037 696 1108 λύχνον,
727 1042 1013 1100 τουτέστιν,
1070 1038 1308 1112 ἀνέφηνεν
1341 1041 1389 1093 ἐν
1444 1049 1516 1093 τῶ
1561 1046 1744 1114 κόσμῳ

133 1130 233 1182 τὴν
266 1125 454 1178 ἑαυτου
484 1129 670 1198 σάρκα,
711 1129 846 1178 κατὰ
875 1131 960 1179 τόν
993 1128 1104 1199 (73)
1146 1129 1398 1202 Θεολόγον
1436 1135 1742 1202 Γρηγόριον,

135 1213 452 1286 λάμπουσαν
492 1215 551 1267 οὗ
608 1220 760 1288 μόνον
789 1223 849 1288 τῇ
885 1214 1128 1290 ἀστραπῇ
1173 1227 1267 1281 τῆς
1327 1220 1586 1283 θεότητος,
1621 1219 1747 1271 ἀλλὰ

141 1309 234 1356 καὶ
262 1311 333 1372 τῷ
394 1307 570 1375 φέγγει
624 1311 721 1366 τῆς
771 1307 1142 1377 καθαρότητος,
1180 1312 1270 1360 καὶ
1325 1316 1746 1380 φωταγωγοῦσαν

141 1397 266 1455 τοὺς
301 1393 699 1466 εσκοτισμένους
729 1401 790 1466 τῇ
849 1394 1040 1468 πλάνῃ,
1108 1400 1197 1448 καὶ
1249 1395 1482 1472 ἓσάρωσε
1536 1403 1630 1456 τήν
1671 1400 1746 1450 οἱ·

141 1486 278 1547 κίαν,
339 1485 502 1554 ἤγουν
559 1481 778 1558 ἐκάθηρε
825 1487 884 1536 τὸ
933 1484 1236 1557 οἰκητήριον
1291 1495 1389 1538 τῶν
1444 1485 1743 1562 ἀνθρώπων,

134 1570 270 1642 λέγω
302 1567 375 1629 δή
405 1575 495 1622 τόν
532 1577 752 1642 κόσμον,
803 1571 852 1624 ἐν
905 1582 976 1644 τῷ
1033 1573 1292 1627 ἀπελάσαι
1339 1579 1396 1628 τὸ
1453 1596 1746 1648 κατακεχυ-

134 1666 289 1732 μένον
321 1660 484 1712 αὐτοῦ
543 1669 729 1722 σκότος
756 1669 850 1724 τῆς
889 1662 1170 1737 ἁμαρτίας,
1220 1669 1308 1717 καὶ
1346 1663 1632 1740 ἐκφορῆσαι
1660 1669 1744 1718 τὸν

1852 492 2205 562 parabolam
2225 495 2296 550 de
2311 497 2550 566 gaudio,
2577 498 2740 572 quod
2753 500 2828 555 de
2841 501 2988 572 ejus,
3009 502 3112 574 qui
3130 503 3402 574 perierat,
3423 504 3507 559 in-

1855 582 2130 638 ventione
2165 588 2451 642 exoritur.

1926 672 2082 726 Vers.
2131 673 2189 729 8.
2229 676 2352 730 Aut
2378 693 2509 748 quae
2541 709 2589 720 -
2629 679 2786 735 Vers.
2821 685 2872 736 9.
2901 680 3304 749 perdideram.
3339 683 3499 738 Sicut

1855 761 2132 830 praedicta
2159 762 2297 819 facit
2328 765 2555 833 mulier,
2589 767 2668 824 ita
2694 768 2825 824 fecit
2851 777 2905 825 et
2936 770 3053 824 Filii
3100 771 3195 825 Dei
3228 771 3509 826 humani-

1855 853 1965 918 tas,
1983 851 2107 905 sive
2123 851 2478 923 benignitas.
2495 856 2742 912 Perdidit
2759 860 2916 914 enirn
2935 859 3278 914 drachmam
3309 876 3506 924 unam,

1854 943 2017 1008 puta,
2039 939 2369 997 humanam
2394 949 2690 1011 naturam,
2715 961 2851 1001 cum
2867 947 3278 1003 aﬂectionibus
3291 949 3508 1005 obruta

1855 1034 2028 1082 esset.
2083 1031 2366 1086 Accendit
2420 1033 2731 1090 lucernam
2783 1053 2796 1090 :
2839 1035 2952 1090 hoc
2991 1042 3094 1100 est,
3147 1038 3403 1092 Ostendit
3447 1037 3510 1093 in

1855 1117 2083 1172 mundo
2101 1133 2277 1174 suam
2299 1135 2563 1188 carnem,
2574 1122 2746 1193 juxta
2759 1124 3104 1193 Gregorium
3126 1124 3506 1195 Theologum,

1856 1206 2270 1277 splendentem
2296 1225 2416 1266 non
2452 1211 2646 1268 solum
2680 1211 2910 1281 fulgure
2936 1212 3278 1279 divinitatis,
3307 1229 3507 1269 verum

1854 1295 2032 1351 etiam
2057 1296 2284 1354 lumine
2334 1299 2627 1370 puritatis,
2669 1307 2725 1355 et
2775 1301 3212 1358 illuminantem
3273 1317 3376 1356 eos
3408 1300 3512 1374 qui

1856 1401 2052 1441 errore
2076 1386 2449 1444 obtenebrati
2483 1395 2672 1446 erant.
2701 1390 2888 1446 Verrit
2911 1391 3184 1456 domum,
3220 1391 3344 1446 sive
3378 1407 3514 1462 pur-

1856 1477 2012 1545 gavit
2035 1475 2349 1533 hominum
2367 1478 2801 1544 habitaculum,
2826 1485 2972 1552 puta
3004 1479 3326 1545 mundum,
3371 1495 3512 1535 cum

1855 1564 2107 1623 diffusas
2130 1566 2188 1623 in
2219 1583 2290 1622 eo
2311 1570 2538 1640 peccati
2571 1569 2846 1624 tenebras
2877 1568 3090 1638 abegit.
3121 1569 3510 1640 jacentesque

1857 1655 2241 1712 aﬂ‘ectionum
2259 1658 2696 1713 sordesextulit.
2727 1661 2790 1712 Et
2830 1657 3146 1729 quaerendo
3167 1657 3504 1729 diligenter,

133 1749 459 1821 ἐπικείμενον
484 1751 646 1824 ῥύπον
696 1760 795 1802 τῶν
825 1753 1024 1817 παθῶν,
1057 1758 1146 1806 καὶ
1195 1753 1436 1816 ζητήσας
1497 1753 1739 1826 ἐπιμελῶς

1859 1745 2280 1802 circumeundo
2310 1749 2574 1804 civitates
2599 1764 2670 1803 ac
2707 1747 2891 1804 vicos.
2921 1753 2979 1803 et
3023 1747 3312 1802 mittendo
3339 1746 3514 1802 disci-

131 1837 182 1890 ἐν
208 1848 284 1910 τῷ
312 1842 691 1913 περιέρχεσθαι
736 1842 828 1903 τὰς
859 1841 1031 1904 πόλεις
1073 1847 1162 1894 καὶ
1217 1849 1414 1915 κώμας,
1454 1849 1542 1896 καὶ
1582 1843 1744 1897 ἀποσ-

131 1927 325 1981 τέλλειν
355 1932 477 1989 τούς
514 1931 755 2001 μαθητὰς
809 1930 878 1992 εὶς
927 1935 1013 1982 τόν
1050 1936 1246 2003 κόσμον
1272 1932 1494 1999 ἅπαντα,
1545 1935 1657 2006 εὗρε
1687 1937 1743 1986 τὸ

131 2017 480 2088 ζητούμενον,
513 2023 600 2070 καὶ
657 2019 1032 2072 συνεκαλέσατο
1067 2023 1157 2082 τὰς
1186 2021 1336 2093 φίλας
1371 2029 1460 2075 καὶ
1511 2028 1746 2094 γείτονας

127 2105 499 2181 λειτουργικὰς
555 2111 826 2180 στρατιὰς,
882 2108 950 2170 εἰς
1002 2115 1268 2163 κοινωνίαν
1328 2120 1425 2173 τῆς
1497 2115 1744 2176 τοιαύτης

129 2203 336 2269 lari;-

205 2286 394 2346 Οὕτως
421 2317 494 2326 -
522 2295 876 2358 μετανοοῦντι.
929 2287 1006 2341 Οὐ
1057 2294 1208 2359 μόνον
1245 2288 1328 2342 ἐπὶ
1357 2289 1582 2357 πολλοῖς,
1618 2290 1746 2344 ἀλλά

131 2380 221 2427 καὶ
278 2375 370 2427 ἐπι
401 2375 493 2428 ένί.
532 2383 697 2428 Τοῦτο
730 2373 789 2429 δε
843 2375 1106 2440 ἀπόδειξις
1131 2387 1222 2431 τοῦ
1261 2383 1348 2432 τόν
1379 2384 1506 2434 Θεὸν
1539 2378 1745 2453 σφόδρα

133 2461 303 2535 διψᾲν
334 2470 431 2522 τὴν
461 2468 732 2536 μετάνοιαν
765 2466 989 2520 ἑκάστου
1030 2468 1358 2540 ἁμαρτωλοῦ.
1392 2475 1646 2543 Δραχμάς
1684 2469 1742 2524 δε

131 2557 198 2605 τὰ
225 2557 479 2626 τάγματα
500 2555 781 2627 ὠνόμασεν,
811 2559 880 2618 ὡς
906 2560 1098 2629 ἔχοντα
1121 2568 1442 2633 χαρακτῆρα
1468 2565 1555 2612 καὶ
1584 2564 1744 2633 ἔμφαο

134 2663 220 2695 σιν
242 2651 340 2695 τοῦ
375 2642 632 2715 βασιλέως
669 2649 817 2698 Θεοῦ.

202 2825 359 2883 Τινὶς
383 2825 473 2894 μὲν
503 2819 590 2875 οὖν
643 2823 822 2876 ἑκατὸν
860 2821 989 2878 εἶναι
1037 2827 1102 2878 τὰ
1153 2827 1324 2878 πάντα
1368 2831 1610 2900 τάγματα
1661 2847 1740 2880 νε-

128 2915 387 2976 νοήκασι,
442 2919 505 2983 τῇ
570 2912 837 2986 παραϐολῇ
871 2923 970 2966 τῶν
1022 2914 1202 2967 ἑκατόν
1240 2915 1513 2987 προϐάτων
1545 2915 1740 2990 ἐπερει-

129 2997 373 3071 δόμενοι.
423 3004 569 3063 Τινες
618 2997 677 3054 δι
714 3007 809 3061 τὴν
869 3003 1041 3079 ἑτέραν
1107 3004 1405 3077 παραϐολὴν
1456 3014 1556 3058 τῶν
1615 3003 1744 3058 δέκα

1857 1835 2032 1908 pulos
2049 1836 2108 1890 in
2129 1838 2421 1892 mundum
2446 1837 2807 1900 universum,
2826 1835 3066 1902 invenit,
3089 1837 3252 1908 quod
3281 1843 3512 1908 quaere-

1855 1924 1961 1980 bat
2001 1941 2014 1980 :
2056 1930 2114 1981 et
2136 1925 2489 1982 convocavit
2518 1925 2748 1981 amicas
2762 1942 2832 1982 ac
2856 1925 3096 1991 vicinas,
3131 1931 3294 1998 puta,
3323 1923 3510 1980 admi-

1853 2015 2229 2071 nistratorios
2246 2014 2559 2085 exercitus,
2577 2015 2656 2072 ad
2687 2013 3166 2071 communionem
3191 2014 3292 2087 h'lj
3306 2028 3508 2068 usmo-

1853 2103 1914 2160 di
1931 2105 2156 2178 gaudii.

1923 2285 2082 2339 Vers.
2116 2287 2199 2338 l0.
2233 2283 2327 2340 Ita
2357 2313 2425 2324 —
2477 2283 2864 2352 resipiscente.
2905 2281 3202 2339 Gaudium
3252 2281 3358 2338 erit
3386 2297 3510 2339 non

1851 2373 2047 2430 solum
2070 2388 2248 2444 super
2262 2373 2478 2441 multis,
2505 2373 2605 2429 sed
2639 2374 2816 2429 etiam
2844 2388 3026 2444 super
3049 2387 3190 2427 uno.
3219 2371 3276 2426 Id
3300 2377 3501 2428 autem

1848 2463 2124 2528 ostendit,
2158 2462 2343 2519 Deum
2384 2463 2762 2518 vehementer
2812 2462 2964 2518 sitire
2995 2461 3260 2532 cujusvis
3302 2477 3507 2532 pecca-

1850 2553 1990 2609 toris
2012 2553 2444 2625 pmnitentiam.
2469 2554 2792 2609 Drachmas
2817 2557 3017 2607 autem
3050 2550 3504 2608 nominavitor-

1849 2642 2042 2708 dines,
2090 2649 2291 2715 utpote
2325 2644 2422 2698 Dei
2452 2641 2606 2714 regis
2656 2641 3062 2698 characterem
3102 2639 3392 2696 habentes
3431 2655 3499 2695 ac

1847 2731 2199 2803 imaginem.

1922 2821 2172 2886 Quidam
2195 2821 2395 2893 itaque
2408 2825 2647 2877 centum
2669 2835 2800 2876 esse
2813 2834 3012 2875 omnes
3029 2818 3270 2874 ordines
3292 2831 3498 2872 sense-

1849 2917 2004 2976 runt,
2039 2911 2115 2966 ad
2167 2911 2516 2982 parabolam
2559 2916 2793 2966 rentum
2834 2908 3043 2965 ovium
3088 2907 3499 2964 attendentes:

1848 3001 2095 3072 quidam
2113 3016 2253 3056 vero
2286 3001 2530 3055 alteram
2560 3000 2766 3056 decem
2797 2997 3227 3054 drachmarum
3246 2995 3503 3070 parabo-

129 3085 402 3164 δραχμῶν
445 3090 518 3152 εἰς
567 3097 876 3165 συνηγορίαν
954 3092 1316 3166 λαμϐάνοντες,
1388 3091 1516 3148 δέκα
1573 3097 1739 3147 ταῦτά

1859 3091 1970 3146 lam
1993 3091 2050 3146 in
2077 3090 2472 3162 patrocinium
2496 3087 3104 3154 assumentes,decem
3118 3087 3230 3142 hos
3251 3102 3384 3142 esse
3413 3085 3502 3142 di-

127 3199 315 3250 φασιν.
376 3178 550 3234 Ἐννέα
597 3184 687 3252 μεν
736 3185 802 3234 τὰ
859 3182 1095 3257 οὐράνια,
1154 3186 1288 3236 κατά
1336 3187 1421 3236 τόν
1480 3184 1733 3259 Ἀρεοπα-

122 3274 288 3338 γίτην
339 3272 627 3334 Διονύσιον,
695 3276 940 3343 Θρόνους,
998 3273 1274 3345 Χερουᾶμ,
1334 3281 1577 3348 Σεραφεμ,
1629 3281 1737 3326 Κυ-

125 3363 406 3430 ρίοτητας,
432 3361 697 3430 Δυνάμεις,
723 3361 1016 3424 Ἐξουσίας,
1075 3363 1294 3436 Ἀρχὰς,
1326 3363 1736 3434 Ἀρχαγγέλους,

127 3447 421 3518 Ἀηέλους
460 3463 474 3478 ⁸
518 3444 736 3501 δέκατον
786 3445 865 3516 δε,
947 3455 1006 3504 τό
1062 3449 1302 3522 έπίγειον,
1367 3455 1488 3514 τοὺς
1549 3451 1743 3526 ἀνθρὼ-

134 3555 285 3597 τους.

201 3629 340 3693 Ἐγὼ
379 3621 437 3678 δε
462 3623 608 3698 οἶμαι
647 3633 736 3680 καὶ
783 3631 848 3679 τα
895 3627 1074 3681 ἑκατόν
1122 3634 1211 3680 καὶ
1259 3632 1324 3682 τὰ
1352 3627 1499 3696 δέκα,
1541 3635 1612 3702 μὴ
1649 3649 1740 3688 ση-

126 3720 334 3784 μαίνειν
373 3711 628 3788 διαφορὰς
653 3718 887 3788 ἀριθμῶν
918 3720 966 3769 έν
996 3725 1110 3780 ταῖς
1157 3717 1476 3790 παραϐολαῖς
1505 3722 1735 3780 ταύταις,

126 3802 240 3854 ἀλλ’
293 3805 326 3862 ἦ
359 3810 512 3875 μόνον
560 3805 758 3868 πλῆθος
787 3808 1062 3878 ταγμάτοιν
1113 3807 1317 3862 τέλειον.
1374 3809 1576 3869 Πλῆθος
1635 3813 1736 3883 γὰρ

127 3893 319 3944 τελειον
346 3899 437 3944 καὶ
467 3895 493 3944 ό
525 3894 637 3964 (74)
671 3894 846 3946 ἑκατόν
871 3901 959 3947 καὶ
987 3898 1012 3948 ό
1045 3893 1192 3951 δέκα.
1233 3896 1437 3960 Πλῆθος
1468 3895 1526 3950 δε
1555 3899 1738 3950 τέλειον

127 3986 186 4032 τὸ
217 3990 322 4032 τῶν
358 3985 636 4053 ταγμάτων
667 3987 860 4035 τούτων
886 3984 1116 4056 λέγομεν,
1142 3981 1282 4038 διότι
1312 3995 1546 4038 τοσαῦτα
1573 3996 1739 4038 ταῦτα

129 4071 282 4132 εἰσιν,
315 4071 418 4122 ὃσα
456 4068 585 4123 εἶναι
606 4068 711 4124 ἔδει
745 4112 756 4124 .
789 4072 942 4126 Ἀλλά
968 4083 1071 4134 πῶς
1125 4071 1278 4139 εἶπεν,
1331 4077 1410 4127 ὅτι
1456 4077 1614 4148 Εὗρον
1645 4082 1737 4134 τὴν

128 4156 392 4230 δραχμὴν
446 4159 508 4217 ἣν
540 4159 784 4214 ἀπώλεσα
813 4181 825 4227 ;
857 4162 914 4214 οὐ
955 4170 1054 4215 πᾶν
1091 4166 1189 4238 γὰρ
1221 4169 1277 4216 τὸ
1323 4169 1467 4236 γένος
1497 4171 1740 4237 μετενόη-

129 4267 206 4300 σε.
253 4253 426 4320 Φαμὲν
456 4254 646 4312 τοίνυν,
681 4252 760 4302 ὅτι
790 4247 970 4310 ἐπειδὴ
1004 4258 1094 4305 καὶ
1120 4259 1238 4318 πᾶν,
1270 4255 1390 4305 ὅσον
1448 4255 1578 4327 εὗρε,
1611 4251 1732 4326 δρα-

125 4343 246 4409 χμὴ
283 4335 347 4396 ἦν
406 4335 718 4401 ἁπολωλυία,
753 4339 958 4402 εἰκότως
1002 4346 1091 4394 καὶ
1137 4350 1289 4394 τοῦτο
1325 4339 1579 4416 δραχμὴν
1608 4342 1735 4396 ἀποε-

123 4425 354 4478 λωλυίαν
385 4427 642 4498 ὠνόμασε.

240 4521 390 4570 ΚΕΦ.
423 4516 545 4571 NZ'.
579 4523 701 4592 Περὶ
748 4525 840 4570 τοῦ
869 4516 1312 4592 ἀποδημήσαντος
1338 4522 1408 4585 εἰς
1448 4528 1631 4595 χώραν

821 4611 1047 4683 μακράν.

199 4691 328 4748 Eine
385 4726 452 4736 —
497 4696 700 4758 οὐσίας.
772 4703 871 4751 Καὶ
928 4699 1084 4758 οἰλλην
1133 4700 1328 4772 εἰσάγει
1415 4700 1734 4774 πολυωφελε-

123 4787 330 4842 στάτην
357 4784 680 4858 παραϐολὴν,
707 4786 1094 4859 ὕποφαίνονσαν
1142 4793 1234 4848 τήν
1286 4809 1340 4843 τε
1392 4787 1614 4862 δύναμιν
1646 4800 1734 4852 τῆς

122 4881 403 4946 μετανοίας
455 4884 556 4928 τῶν
617 4875 952 4948 ἁμαρτωλῶν,
1003 4884 1092 4931 καὶ
1145 4883 1201 4931 τό
1261 4882 1476 4951 μέγεθος
1524 4887 1613 4940 τῆς
1657 4901 1732 4952 φι-

118 4964 461 5036 λανθρωπίας
489 4973 579 5016 τοῦ
610 4973 743 5018 Θεού
791 4983 803 4995 ·
834 4968 923 5019 κάὶ
977 4963 1071 5019 διὰ
1108 4971 1304 5030 ταύτης
1348 4969 1414 5029 εἰς
1461 4972 1732 5041 μετάνοιαν

119 5059 480 5128 προτρέπεται
557 5058 675 5114 τοὺς
765 5053 814 5107 έν
916 5055 1196 5128 ἁμαρτίαις
1232 5076 1245 5089 ·
1288 5059 1558 5132 ἄνθρωπον
1643 5064 1730 5130 μιν

117 5145 533 5218 προσαγορεύων
575 5147 662 5197 τὸν
728 5144 1082 5218 φιλάνθρωπον
1155 5149 1359 5223 Πατέρα
1413 5151 1502 5200 καὶ
1558 5153 1686 5200 Θεόν
1712 5167 1724 5180 ⁸

1851 3186 1994 3236 cunt
2026 3199 2038 3236 ε
2069 3196 2282 3235 novem
2311 3180 2548 3252 quidem
2587 3178 2875 3240 cmlestes.
2917 3178 3088 3247 juxta
3123 3176 3496 3248 Diomysium

1851 3270 2266 3341 Areopagitam
2290 3289 2302 3327 :
2329 3269 2620 3334 Throuos,
2649 3267 2990 3334 Cherubim,
3027 3265 3355 3336 Seraphim,
3387 3267 3496 3321 Do-

1851 3359 2226 3423 minationes,
2269 3359 2608 3422 Potestates,
2643 3357 2917 3422 Virtutes,
2964 3353 3348 3426 l’rincipatus,
3392 3356 3498 3408 Ar-

1849 3447 2174 3519 changelos
2211 3452 2270 3503 et
2298 3447 2556 3518 Angelos
2588 3463 2602 3513 ;
2635 3447 2940 3502 deeimum
2981 3460 3118 3500 vero
3169 3449 3496 3500 terrenum.

1847 3543 2008 3610 puta,
2039 3537 2332 3594 homines.

1921 3631 2042 3698 Ego
2089 3644 2222 3684 vero
2251 3628 2466 3700 opinor
2495 3632 2552 3682 et
2579 3632 2814 3682 centum
2847 3629 2905 3681 et
2933 3625 3140 3681 decem
3174 3623 3233 3678 in
3265 3623 3358 3678 his
3389 3639 3495 3695 pa-

1848 3718 2070 3774 rabolis
2092 3734 2212 3774 non
2232 3718 2563 3787 signiﬁcare
2588 3731 2970 3773 numerorum
2993 3711 3497 3776 diversitates,sed

1847 3812 2080 3863 tantum
2097 3807 2534 3864 multitudinem
2551 3805 2830 3862 ordinum
2849 3804 3207 3877 perfectam:
3237 3799 3498 3858 estenim

1846 3897 2104 3968 perfecta
2123 3897 2441 3952 multitudo
2461 3899 2520 3951 et
2540 3903 2778 3951 centum
2805 3901 2862 3950 et
2880 3894 3086 3949 decem
3115 3909 3130 3958 ;
3167 3891 3498 3948 multitudi-

1845 4001 1985 4041 nem
2011 3992 2211 4042 autem
2243 3986 2520 4041 ordinum
2545 3984 2868 4057 perfectam
2893 3999 3024 4038 esse
3051 3982 3328 4045 dicimus,
3356 3978 3496 4052 quia

1848 4081 1930 4130 tot
1959 4081 2095 4129 sunt
2128 4081 2273 4147 quot
2303 4091 2430 4130 esse
2471 4074 2754 4145 oportuit.
2816 4073 2929 4129 Sed
2967 4069 3278 4144 quomodo
3315 4068 3494 4124 dixit:

1849 4165 2056 4220 Inveni
2066 4165 2430 4228 drachmam,
2447 4180 2616 4234 quam
2634 4162 3036 4233 perdideram,
3050 4177 3180 4216 cum
3195 4175 3312 4214 non
3324 4171 3496 4214 omne

1843 4269 2030 4324 geuus
2060 4254 2364 4323 resipuerit
2391 4258 2415 4305 ?
2451 4254 2729 4319 Dicimus,
2757 4250 2920 4323 quod
2952 4253 3493 4322 quantumcunque

1845 4341 1968 4406 fuit,
2009 4343 2166 4413 quod
2207 4342 2450 4406 invenit,
2489 4341 2548 4396 id
2587 4340 2879 4396 drachma
2904 4343 3032 4393 erat
3073 4336 3340 4409 perdita:
3380 4333 3497 4390 hoc

1847 4433 2004 4487 enim
2049 4431 2254 4486 merito
2283 4431 2639 4486 drachmam
2674 4427 2968 4502 perditam
3007 4423 3350 4498 appellavit.

1846 4520 2001 4576 CAP.
2022 4521 2186 4578 LVII.
2221 4519 2304 4578 De
2330 4520 2559 4577 duobus
2587 4520 2750 4588 ﬁliis,
2773 4532 3022 4589 quorum
3069 4513 3274 4587 iunior
3312 4513 3491 4568 luxu-

2497 4609 2654 4665 riose
2684 4607 2853 4664 vixit.

1917 4700 2078 4756 Vers.
2131 4700 2213 4754 ll.
2255 4698 2419 4755 Dixit
2445 4729 2513 4740 —
2543 4699 2708 4753 Vers.
2774 4701 2862 4752 l2.
2904 4691 3263 4750 substantias.
3303 4690 3494 4748 Aliam

1843 4807 2083 4864 quoque
2123 4790 2344 4846 inducit
2372 4789 2638 4862 plurimm
2664 4787 2930 4844 utilitatis
2950 4784 3299 4858 parabolam
3326 4799 3495 4857 :qum

1845 4881 1960 4936 vim
1989 4880 2350 4952 paenitentia:
2379 4895 2586 4935 eorum
2605 4879 2707 4950 qui
2733 4879 3148 4948 peccaverunt,
3179 4875 3499 4931 submons-

1842 4976 1956 5026 trat
2001 4977 2058 5026 et
2086 4971 2299 5026 divina;
2347 4967 2732 5040 benignitatis
2778 4965 3276 5034 magnitudinem,
3308 4969 3363 5020 et
3385 4977 3492 5036 per

1840 5059 1996 5115 hanc
2035 5065 2375 5132 peccatores
2402 5059 2476 5116 ad
2508 5055 2918 5130 pmnitentiam
2947 5053 3297 5110 adhortatur
3325 5070 3341 5111 :
3379 5051 3496 5108 ho-

1844 5149 2065 5206 minem
2115 5149 2357 5222 quidem
2405 5145 2720 5222 appellans
2758 5142 2996 5201 Patrem
3045 5158 3117 5201 ac
3145 5143 3355 5210 Deum,
3387 5140 3495 5214 qui

1342 5349 1570 5419 Varia:
1613 5351 1940 5421 lectiones
1975 5361 2039 5421 et
2071 5363 2272 5423 uotae.

219 5545 313 5616 7?)
346 5547 476 5616 θεοῦ
505 5541 554 5596 έν
585 5551 666 5616 τῷ
701 5548 937 5603 ποίηκεν.
971 5543 1065 5600 Sic
1091 5547 1156 5602 Α.

221 5614 313 5686 73)
352 5614 674 5688 Gregorius
709 5631 848 5688 pag.
902 5616 1000 5672 231
1060 5618 1219 5675 med.
1252 5619 1336 5676 ita
1354 5619 1537 5678 habet
1568 5636 1580 5677 :
1611 5619 1729 5674 Ὀτι

339 5686 443 5760 ἧψε
466 5692 562 5748 τὴν
590 5685 776 5742 ἑαυτοῦ
796 5685 1001 5766 σάρκα.

1911 5549 2027 5624 (74)
2059 5548 2322 5624 '0__et_hic
2351 5553 2408 5624 et
2438 5548 2619 5624 paulo
2650 5551 2788 5624 post
2825 5548 3044 5606 omittit
3098 5549 3158 5604 Β.
3190 5544 3249 5602 Si
3279 5543 3492 5620 probe-

1842 5624 1953 5677 tur.
1984 5620 2329 5694 intelligitur
2355 5622 2597 5696 ἀριθμός.
