  <div class='ocr_page' id='page_1' title='image "/cluster/home/n/w/nwhite01/storage/ocr_20150623/129/hvd.32044073502395/535.png"; bbox 0 0 3994 6218; ppageno 0'>
   <div class='ocr_carea' id='block_1_1' title="bbox 588 246 2165 314">
    <p class='ocr_par' dir='ltr' id='par_1_1' title="bbox 588 246 2165 305">
     <span class='ocr_line' id='line_1_1' title="bbox 588 246 2165 305; baseline -0.001 0"><span class='ocrx_word' id='word_1_1' title='bbox 588 247 727 305; x_wconf 75' lang='grc'>1023</span> <span class='ocrx_word' id='word_1_2' title='bbox 1924 246 2165 303; x_wconf 72' lang='grc' dir='ltr'>ΕΗΤΗΥ</span> 
     </span>
    </p>
   </div>
   <div class='ocr_carea' id='block_1_2' title="bbox 2253 246 3830 314">
    <p class='ocr_par' dir='ltr' id='par_1_2' title="bbox 2253 248 3830 314">
     <span class='ocr_line' id='line_1_2' title="bbox 2253 248 3830 314; baseline 0.006 -10"><span class='ocrx_word' id='word_1_3' title='bbox 2253 249 2269 304; x_wconf 84' lang='grc' dir='ltr'>Ι</span> <span class='ocrx_word' id='word_1_4' title='bbox 2321 248 2656 306; x_wconf 80' lang='lat' dir='ltr'>ZlGABENl</span> <span class='ocrx_word' id='word_1_5' title='bbox 3740 256 3830 314; x_wconf 65' lang='lat'>1025</span> 
     </span>
    </p>
   </div>
   <div class='ocr_carea' id='block_1_3' title="bbox 585 373 2162 457">
    <p class='ocr_par' dir='ltr' id='par_1_3' title="bbox 585 374 2157 447">
     <span class='ocr_line' id='line_1_3' title="bbox 585 374 2157 447; baseline -0.002 -15"><span class='ocrx_word' id='word_1_6' title='bbox 585 375 896 434; x_wconf 87' lang='lat' dir='ltr'>humanus</span> <span class='ocrx_word' id='word_1_7' title='bbox 923 379 1032 443; x_wconf 90' lang='lat' dir='ltr'>est,</span> <span class='ocrx_word' id='word_1_8' title='bbox 1077 374 1230 430; x_wconf 90' lang='lat' dir='ltr'>duos</span> <span class='ocrx_word' id='word_1_9' title='bbox 1260 376 1461 430; x_wconf 85' lang='lat' dir='ltr'>autem</span> <span class='ocrx_word' id='word_1_10' title='bbox 1494 374 1643 428; x_wconf 84' lang='lat' dir='ltr'>ﬁlios</span> <span class='ocrx_word' id='word_1_11' title='bbox 1688 374 1839 445; x_wconf 85' lang='lat' dir='ltr'>ejus.</span> <span class='ocrx_word' id='word_1_12' title='bbox 1874 376 2157 447; x_wconf 84' lang='lat' dir='ltr'>omnemj</span> 
     </span>
    </p>
   </div>
   <div class='ocr_carea' id='block_1_4' title="bbox 2257 373 3834 457">
    <p class='ocr_par' dir='ltr' id='par_1_4' title="bbox 2269 373 3834 457">
     <span class='ocr_line' id='line_1_4' title="bbox 2269 373 3834 457; baseline 0.003 -27"><span class='ocrx_word' id='word_1_13' title='bbox 2269 376 2315 430; x_wconf 79' lang='grc' dir='ltr'><strong>Α</strong></span> <span class='ocrx_word' id='word_1_14' title='bbox 2350 373 2447 429; x_wconf 77' lang='grc' dir='ltr'>δύο</span> <span class='ocrx_word' id='word_1_15' title='bbox 2479 375 2537 431; x_wconf 70' lang='grc' dir='ltr'>δὲ</span> <span class='ocrx_word' id='word_1_16' title='bbox 2562 382 2707 440; x_wconf 79' lang='grc' dir='ltr'>υἱοὺς</span> <span class='ocrx_word' id='word_1_17' title='bbox 2736 380 2920 445; x_wconf 77' lang='grc' dir='ltr'>αὐτοῦ,</span> <span class='ocrx_word' id='word_1_18' title='bbox 2967 381 3132 432; x_wconf 77' lang='grc' dir='ltr'>πάντα</span> <span class='ocrx_word' id='word_1_19' title='bbox 3175 376 3378 433; x_wconf 75' lang='grc' dir='ltr'>δίκαιον</span> <span class='ocrx_word' id='word_1_20' title='bbox 3437 385 3518 433; x_wconf 79' lang='grc' dir='ltr'>καὶ</span> <span class='ocrx_word' id='word_1_21' title='bbox 3550 382 3689 433; x_wconf 72' lang='grc' dir='ltr'>πάντα</span> <span class='ocrx_word' id='word_1_22' title='bbox 3725 383 3834 457; x_wconf 68' lang='grc' dir='ltr'>ἀμαρ-</span> 
     </span>
    </p>
   </div>
   <div class='ocr_carea' id='block_1_5' title="bbox 589 465 2166 544">
    <p class='ocr_par' dir='ltr' id='par_1_5' title="bbox 589 465 2166 538">
     <span class='ocr_line' id='line_1_5' title="bbox 589 465 2166 538; baseline -0.001 -15"><span class='ocrx_word' id='word_1_23' title='bbox 589 472 767 531; x_wconf 89' lang='lat' dir='ltr'>stum,</span> <span class='ocrx_word' id='word_1_24' title='bbox 786 482 1143 538; x_wconf 90' lang='lat' dir='ltr'>omnemque</span> <span class='ocrx_word' id='word_1_25' title='bbox 1160 469 1534 537; x_wconf 88' lang='lat' dir='ltr'>peccatorem</span> <span class='ocrx_word' id='word_1_26' title='bbox 1558 481 1570 531; x_wconf 92' lang='lat'><strong>;</strong></span> <span class='ocrx_word' id='word_1_27' title='bbox 1592 470 1678 521; x_wconf 90' lang='lat' dir='ltr'>est</span> <span class='ocrx_word' id='word_1_28' title='bbox 1698 465 1855 521; x_wconf 91' lang='lat' dir='ltr'>enim</span> <span class='ocrx_word' id='word_1_29' title='bbox 1876 467 2166 536; x_wconf 73' lang='lat' dir='ltr'>etjustort</span> 
     </span>
    </p>
   </div>
   <div class='ocr_carea' id='block_1_6' title="bbox 2257 465 3834 544">
    <p class='ocr_par' dir='ltr' id='par_1_6' title="bbox 2348 466 3834 544">
     <span class='ocr_line' id='line_1_6' title="bbox 2348 466 3834 544; baseline 0.003 -26"><span class='ocrx_word' id='word_1_30' title='bbox 2348 466 2526 519; x_wconf 81' lang='grc' dir='ltr'>τωλόν.</span> <span class='ocrx_word' id='word_1_31' title='bbox 2559 467 2712 521; x_wconf 82' lang='grc' dir='ltr'>Ἐστι</span> <span class='ocrx_word' id='word_1_32' title='bbox 2762 472 2863 544; x_wconf 72' lang='grc' dir='ltr'>γὰρ</span> <span class='ocrx_word' id='word_1_33' title='bbox 2928 476 3107 543; x_wconf 84' lang='grc' dir='ltr'>Πατὴρ</span> <span class='ocrx_word' id='word_1_34' title='bbox 3163 476 3251 522; x_wconf 79' lang='grc' dir='ltr'>καὶ</span> <span class='ocrx_word' id='word_1_35' title='bbox 3308 480 3403 522; x_wconf 85' lang='grc' dir='ltr'>τῶν</span> <span class='ocrx_word' id='word_1_36' title='bbox 3459 466 3646 522; x_wconf 76' lang='grc' dir='ltr'>δικαίων</span> <span class='ocrx_word' id='word_1_37' title='bbox 3681 478 3834 524; x_wconf 71' lang='grc' dir='ltr'>καὶτῶν</span> 
     </span>
    </p>
   </div>
   <div class='ocr_carea' id='block_1_7' title="bbox 588 556 2165 634">
    <p class='ocr_par' dir='ltr' id='par_1_7' title="bbox 588 556 2165 629">
     <span class='ocr_line' id='line_1_7' title="bbox 588 556 2165 629; baseline -0.002 -15"><span class='ocrx_word' id='word_1_38' title='bbox 588 562 754 615; x_wconf 88' lang='lat' dir='ltr'>Pater</span> <span class='ocrx_word' id='word_1_39' title='bbox 784 563 838 613; x_wconf 91' lang='lat' dir='ltr'>et</span> <span class='ocrx_word' id='word_1_40' title='bbox 868 563 1264 628; x_wconf 72' lang='lat' dir='ltr'>peccatorum,</span> <span class='ocrx_word' id='word_1_41' title='bbox 1311 561 1510 627; x_wconf 78' lang='lat' dir='ltr'>utpote</span> <span class='ocrx_word' id='word_1_42' title='bbox 1550 572 1655 626; x_wconf 91' lang='lat' dir='ltr'>per</span> <span class='ocrx_word' id='word_1_43' title='bbox 1684 556 1901 612; x_wconf 83' lang='lat' dir='ltr'>lavacri</span> <span class='ocrx_word' id='word_1_44' title='bbox 1926 572 2165 629; x_wconf 86' lang='lat' dir='ltr'>regener</span> 
     </span>
    </p>
   </div>
   <div class='ocr_carea' id='block_1_8' title="bbox 2257 556 3834 634">
    <p class='ocr_par' dir='ltr' id='par_1_8' title="bbox 2351 557 3834 634">
     <span class='ocr_line' id='line_1_8' title="bbox 2351 557 3834 634; baseline 0.003 -26"><span class='ocrx_word' id='word_1_45' title='bbox 2351 557 2688 632; x_wconf 71' lang='grc' dir='ltr'>ἁμαρτωλῶν,</span> <span class='ocrx_word' id='word_1_46' title='bbox 2722 560 2786 619; x_wconf 82' lang='grc' dir='ltr'>ὡς</span> <span class='ocrx_word' id='word_1_47' title='bbox 2825 561 3223 617; x_wconf 70' lang='grc' dir='ltr'>υἰοθετηθέντων</span> <span class='ocrx_word' id='word_1_48' title='bbox 3259 560 3393 629; x_wconf 65' lang='grc' dir='ltr'>αὐτῲ</span> <span class='ocrx_word' id='word_1_49' title='bbox 3442 557 3525 612; x_wconf 81' lang='grc' dir='ltr'>διὰ</span> <span class='ocrx_word' id='word_1_50' title='bbox 3571 569 3645 612; x_wconf 71' lang='grc' dir='ltr'>τοῦ</span> <span class='ocrx_word' id='word_1_51' title='bbox 3690 561 3834 634; x_wconf 50' lang='lat' dir='ltr'>tanta:</span> 
     </span>
    </p>
   </div>
   <div class='ocr_carea' id='block_1_9' title="bbox 585 646 2162 721">
    <p class='ocr_par' dir='ltr' id='par_1_9' title="bbox 585 646 2162 718">
     <span class='ocr_line' id='line_1_9' title="bbox 585 646 2162 718; baseline -0.003 -15"><span class='ocrx_word' id='word_1_52' title='bbox 585 648 806 703; x_wconf 81' lang='lat' dir='ltr'>tionem</span> <span class='ocrx_word' id='word_1_53' title='bbox 825 646 898 701; x_wconf 87' lang='lat' dir='ltr'>ab</span> <span class='ocrx_word' id='word_1_54' title='bbox 916 647 1039 717; x_wconf 87' lang='lat' dir='ltr'>ipso</span> <span class='ocrx_word' id='word_1_55' title='bbox 1060 648 1481 718; x_wconf 88' lang='lat' dir='ltr'>adoptatorum,</span> <span class='ocrx_word' id='word_1_56' title='bbox 1505 647 1572 701; x_wconf 92' lang='lat' dir='ltr'>de</span> <span class='ocrx_word' id='word_1_57' title='bbox 1597 646 1870 701; x_wconf 85' lang='lat' dir='ltr'>ﬁdelibus</span> <span class='ocrx_word' id='word_1_58' title='bbox 1888 648 2035 701; x_wconf 88' lang='lat' dir='ltr'>enim</span> <span class='ocrx_word' id='word_1_59' title='bbox 2056 663 2162 701; x_wconf 79' lang='lat' dir='ltr'>seri</span> 
     </span>
    </p>
   </div>
   <div class='ocr_carea' id='block_1_10' title="bbox 2259 646 3836 721">
    <p class='ocr_par' dir='ltr' id='par_1_10' title="bbox 2349 646 3836 721">
     <span class='ocr_line' id='line_1_10' title="bbox 2349 646 3836 721; baseline 0.001 -23"><span class='ocrx_word' id='word_1_60' title='bbox 2349 656 2445 708; x_wconf 81' lang='grc' dir='ltr'>τῆς</span> <span class='ocrx_word' id='word_1_61' title='bbox 2492 646 2873 719; x_wconf 52' lang='lat' dir='ltr'>uvas/rumicem;</span> <span class='ocrx_word' id='word_1_62' title='bbox 2928 666 2941 679; x_wconf 82' lang='lat'><strong><em>°</em></strong></span> <span class='ocrx_word' id='word_1_63' title='bbox 2990 656 3107 721; x_wconf 83' lang='grc' dir='ltr'>περὶ</span> <span class='ocrx_word' id='word_1_64' title='bbox 3160 658 3256 700; x_wconf 70' lang='grc' dir='ltr'>τῶν</span> <span class='ocrx_word' id='word_1_65' title='bbox 3315 658 3505 701; x_wconf 81' lang='grc' dir='ltr'>πιστῶν</span> <span class='ocrx_word' id='word_1_66' title='bbox 3538 652 3624 721; x_wconf 74' lang='grc' dir='ltr'>γὰρ</span> <span class='ocrx_word' id='word_1_67' title='bbox 3667 652 3685 700; x_wconf 82' lang='grc' dir='ltr'>ὁ</span> <span class='ocrx_word' id='word_1_68' title='bbox 3721 650 3836 719; x_wconf 62' lang='grc' dir='ltr'>λοιγος.</span> 
     </span>
    </p>
   </div>
   <div class='ocr_carea' id='block_1_11' title="bbox 586 735 2163 811">
    <p class='ocr_par' dir='ltr' id='par_1_11' title="bbox 586 736 2163 808">
     <span class='ocr_line' id='line_1_11' title="bbox 586 736 2163 808; baseline -0.002 -15"><span class='ocrx_word' id='word_1_69' title='bbox 586 742 698 793; x_wconf 91' lang='lat' dir='ltr'>est.</span> <span class='ocrx_word' id='word_1_70' title='bbox 727 736 1027 791; x_wconf 88' lang='lat' dir='ltr'>Juniorem</span> <span class='ocrx_word' id='word_1_71' title='bbox 1054 753 1191 791; x_wconf 90' lang='lat' dir='ltr'>vero</span> <span class='ocrx_word' id='word_1_72' title='bbox 1227 736 1561 791; x_wconf 83' lang='lat' dir='ltr'>nominavit</span> <span class='ocrx_word' id='word_1_73' title='bbox 1623 741 2013 807; x_wconf 85' lang='lat' dir='ltr'>peccatorem,</span> <span class='ocrx_word' id='word_1_74' title='bbox 2051 741 2111 791; x_wconf 89' lang='lat' dir='ltr'>ut</span> <span class='ocrx_word' id='word_1_75' title='bbox 2136 753 2163 808; x_wconf 85' lang='lat' dir='ltr'>q</span> 
     </span>
    </p>
   </div>
   <div class='ocr_carea' id='block_1_12' title="bbox 2263 735 3840 811">
    <p class='ocr_par' dir='ltr' id='par_1_12' title="bbox 2349 735 3840 811">
     <span class='ocr_line' id='line_1_12' title="bbox 2349 735 3840 811; baseline 0 -22"><span class='ocrx_word' id='word_1_76' title='bbox 2349 744 2605 809; x_wconf 75' lang='grc' dir='ltr'>Νεώτερον</span> <span class='ocrx_word' id='word_1_77' title='bbox 2654 735 2713 791; x_wconf 70' lang='grc' dir='ltr'>δὲ</span> <span class='ocrx_word' id='word_1_78' title='bbox 2761 739 3003 810; x_wconf 72' lang='grc' dir='ltr'>ὀνομάζει</span> <span class='ocrx_word' id='word_1_79' title='bbox 3090 745 3174 791; x_wconf 68' lang='grc' dir='ltr'>τὸν</span> <span class='ocrx_word' id='word_1_80' title='bbox 3251 739 3557 811; x_wconf 63' lang='grc' dir='ltr'>ἁμαρτωλὸν,</span> <span class='ocrx_word' id='word_1_81' title='bbox 3619 742 3673 799; x_wconf 72' lang='grc' dir='ltr'>ὡς</span> <span class='ocrx_word' id='word_1_82' title='bbox 3720 746 3840 795; x_wconf 61' lang='grc' dir='ltr'>νηπιό-</span> 
     </span>
    </p>
   </div>
   <div class='ocr_carea' id='block_1_13' title="bbox 586 824 2163 899">
    <p class='ocr_par' dir='ltr' id='par_1_13' title="bbox 586 824 2163 898">
     <span class='ocr_line' id='line_1_13' title="bbox 586 824 2163 898; baseline -0.001 -17"><span class='ocrx_word' id='word_1_83' title='bbox 586 825 883 898; x_wconf 91' lang='lat' dir='ltr'>pueriliter</span> <span class='ocrx_word' id='word_1_84' title='bbox 917 826 1067 896; x_wconf 82' lang='lat' dir='ltr'>sapit</span> <span class='ocrx_word' id='word_1_85' title='bbox 1096 825 1388 897; x_wconf 83' lang='lat' dir='ltr'>facileque</span> <span class='ocrx_word' id='word_1_86' title='bbox 1436 824 1657 881; x_wconf 86' lang='lat' dir='ltr'>fallitur</span> <span class='ocrx_word' id='word_1_87' title='bbox 1697 841 1709 880; x_wconf 89' lang='lat'><strong>:</strong></span> <span class='ocrx_word' id='word_1_88' title='bbox 1761 826 1863 898; x_wconf 88' lang='lat' dir='ltr'>qui</span> <span class='ocrx_word' id='word_1_89' title='bbox 1896 826 2073 881; x_wconf 89' lang='lat' dir='ltr'>etiam</span> <span class='ocrx_word' id='word_1_90' title='bbox 2102 843 2163 881; x_wconf 90' lang='lat' dir='ltr'>su</span> 
     </span>
    </p>
   </div>
   <div class='ocr_carea' id='block_1_14' title="bbox 2262 824 3839 899">
    <p class='ocr_par' dir='ltr' id='par_1_14' title="bbox 2350 826 3839 899">
     <span class='ocr_line' id='line_1_14' title="bbox 2350 826 3839 899; baseline 0.001 -21"><span class='ocrx_word' id='word_1_91' title='bbox 2350 847 2509 899; x_wconf 77' lang='grc' dir='ltr'>φρονα</span> <span class='ocrx_word' id='word_1_92' title='bbox 2538 833 2627 879; x_wconf 80' lang='grc' dir='ltr'>καὶ</span> <span class='ocrx_word' id='word_1_93' title='bbox 2658 828 3055 895; x_wconf 66' lang='grc' dir='ltr'>εὖεξαποίτητον,</span> <span class='ocrx_word' id='word_1_94' title='bbox 3097 830 3146 889; x_wconf 84' lang='grc' dir='ltr'>ὃς</span> <span class='ocrx_word' id='word_1_95' title='bbox 3176 834 3264 880; x_wconf 81' lang='grc' dir='ltr'>καὶ</span> <span class='ocrx_word' id='word_1_96' title='bbox 3313 828 3527 888; x_wconf 67' lang='grc' dir='ltr'>ἐζήτησε</span> <span class='ocrx_word' id='word_1_97' title='bbox 3570 832 3617 878; x_wconf 83' lang='grc' dir='ltr'>το</span> <span class='ocrx_word' id='word_1_98' title='bbox 3644 826 3839 879; x_wconf 65' lang='grc' dir='ltr'>ἐπιεςῦὶον</span> 
     </span>
    </p>
   </div>
   <div class='ocr_carea' id='block_1_15' title="bbox 586 914 2163 991">
    <p class='ocr_par' dir='ltr' id='par_1_15' title="bbox 586 914 2161 988">
     <span class='ocr_line' id='line_1_15' title="bbox 586 914 2161 988; baseline 0 -19"><span class='ocrx_word' id='word_1_99' title='bbox 586 916 817 971; x_wconf 87' lang='lat' dir='ltr'>stantia</span> <span class='ocrx_word' id='word_1_100' title='bbox 855 922 1080 985; x_wconf 89' lang='lat' dir='ltr'>partem</span> <span class='ocrx_word' id='word_1_101' title='bbox 1114 931 1248 988; x_wconf 90' lang='lat' dir='ltr'>qua</span> <span class='ocrx_word' id='word_1_102' title='bbox 1280 915 1388 970; x_wconf 89' lang='lat' dir='ltr'>sibi</span> <span class='ocrx_word' id='word_1_103' title='bbox 1430 915 1803 979; x_wconf 89' lang='lat' dir='ltr'>obveniebat,</span> <span class='ocrx_word' id='word_1_104' title='bbox 1839 915 2044 986; x_wconf 92' lang='lat' dir='ltr'>petivit</span> <span class='ocrx_word' id='word_1_105' title='bbox 2076 932 2089 970; x_wconf 91' lang='lat'><strong>:</strong></span> <span class='ocrx_word' id='word_1_106' title='bbox 2125 914 2161 969; x_wconf 91' lang='lat' dir='ltr'>h</span> 
     </span>
    </p>
   </div>
   <div class='ocr_carea' id='block_1_16' title="bbox 2265 914 3842 991">
    <p class='ocr_par' dir='ltr' id='par_1_16' title="bbox 2347 916 3842 991">
     <span class='ocr_line' id='line_1_16' title="bbox 2347 916 3842 991; baseline -0.001 -23"><span class='ocrx_word' id='word_1_107' title='bbox 2347 921 2501 991; x_wconf 83' lang='grc' dir='ltr'>μέρος</span> <span class='ocrx_word' id='word_1_108' title='bbox 2538 926 2633 978; x_wconf 81' lang='grc' dir='ltr'>τῆς</span> <span class='ocrx_word' id='word_1_109' title='bbox 2685 918 2887 985; x_wconf 66' lang='grc' dir='ltr'>οὐσίας,</span> <span class='ocrx_word' id='word_1_110' title='bbox 2920 922 3058 983; x_wconf 79' lang='grc' dir='ltr'>ἤτοι,</span> <span class='ocrx_word' id='word_1_111' title='bbox 3118 922 3175 969; x_wconf 86' lang='grc' dir='ltr'>τὸ</span> <span class='ocrx_word' id='word_1_112' title='bbox 3230 917 3283 970; x_wconf 75' lang='grc' dir='ltr'><em>ἐκ</em></span> <span class='ocrx_word' id='word_1_113' title='bbox 3346 920 3555 989; x_wconf 72' lang='grc' dir='ltr'>φύσεως,</span> <span class='ocrx_word' id='word_1_114' title='bbox 3607 916 3842 988; x_wconf 62' lang='grc' dir='ltr'>ὀφεύόξιενσι</span> 
     </span>
    </p>
   </div>
   <div class='ocr_carea' id='block_1_17' title="bbox 585 1004 2162 1082">
    <p class='ocr_par' dir='ltr' id='par_1_17' title="bbox 585 1004 2162 1075">
     <span class='ocr_line' id='line_1_17' title="bbox 585 1004 2162 1075; baseline -0.001 -14"><span class='ocrx_word' id='word_1_115' title='bbox 585 1005 936 1061; x_wconf 87' lang='lat' dir='ltr'>estliberum</span> <span class='ocrx_word' id='word_1_116' title='bbox 959 1005 1291 1069; x_wconf 81' lang='lat' dir='ltr'>arbitrium,</span> <span class='ocrx_word' id='word_1_117' title='bbox 1316 1006 1476 1075; x_wconf 90' lang='lat' dir='ltr'>quod</span> <span class='ocrx_word' id='word_1_118' title='bbox 1494 1006 1544 1059; x_wconf 93' lang='lat' dir='ltr'>ei</span> <span class='ocrx_word' id='word_1_119' title='bbox 1564 1021 1636 1060; x_wconf 85' lang='lat' dir='ltr'>ex</span> <span class='ocrx_word' id='word_1_120' title='bbox 1660 1010 1873 1061; x_wconf 85' lang='lat' dir='ltr'>natura</span> <span class='ocrx_word' id='word_1_121' title='bbox 1886 1004 2162 1059; x_wconf 65' lang='lat' dir='ltr'>debebat!</span> 
     </span>
    </p>
   </div>
   <div class='ocr_carea' id='block_1_18' title="bbox 2265 1004 3842 1082">
    <p class='ocr_par' dir='ltr' id='par_1_18' title="bbox 2347 1006 3842 1082">
     <span class='ocr_line' id='line_1_18' title="bbox 2347 1006 3842 1082; baseline -0.001 -24"><span class='ocrx_word' id='word_1_122' title='bbox 2347 1006 2698 1069; x_wconf 69' lang='grc' dir='ltr'>αὐτεξούσιον.</span> <span class='ocrx_word' id='word_1_123' title='bbox 2754 1014 2857 1067; x_wconf 81' lang='grc' dir='ltr'>Πᾶς</span> <span class='ocrx_word' id='word_1_124' title='bbox 2901 1010 3003 1082; x_wconf 71' lang='grc' dir='ltr'>γὰρ</span> <span class='ocrx_word' id='word_1_125' title='bbox 3039 1012 3332 1080; x_wconf 71' lang='grc' dir='ltr'>νηπιοφρων</span> <span class='ocrx_word' id='word_1_126' title='bbox 3387 1008 3525 1067; x_wconf 80' lang='grc' dir='ltr'>ζητεῖ</span> <span class='ocrx_word' id='word_1_127' title='bbox 3576 1011 3627 1058; x_wconf 77' lang='grc' dir='ltr'>τὸ</span> <span class='ocrx_word' id='word_1_128' title='bbox 3675 1006 3842 1069; x_wconf 48' lang='lat' dir='ltr'>ante.</span> 
     </span>
    </p>
   </div>
   <div class='ocr_carea' id='block_1_19' title="bbox 586 1094 2480 1167">
    <p class='ocr_par' dir='ltr' id='par_1_19' title="bbox 586 1094 2480 1167">
     <span class='ocr_line' id='line_1_19' title="bbox 586 1094 2480 1167; baseline 0 -18"><span class='ocrx_word' id='word_1_129' title='bbox 586 1094 863 1165; x_wconf 90' lang='lat' dir='ltr'>Quisquis</span> <span class='ocrx_word' id='word_1_130' title='bbox 903 1094 1063 1150; x_wconf 84' lang='lat' dir='ltr'>enim</span> <span class='ocrx_word' id='word_1_131' title='bbox 1102 1094 1401 1166; x_wconf 82' lang='lat' dir='ltr'>pueriliter</span> <span class='ocrx_word' id='word_1_132' title='bbox 1432 1096 1606 1166; x_wconf 90' lang='lat' dir='ltr'>sapit,</span> <span class='ocrx_word' id='word_1_133' title='bbox 1640 1094 1894 1150; x_wconf 89' lang='lat' dir='ltr'>liberum</span> <span class='ocrx_word' id='word_1_134' title='bbox 1927 1094 2117 1167; x_wconf 91' lang='lat' dir='ltr'>poscit</span> <span class='ocrx_word' id='word_1_135' title='bbox 2148 1111 2239 1151; x_wconf 88' lang='lat' dir='ltr'>ar-</span> <span class='ocrx_word' id='word_1_136' title='bbox 2348 1115 2480 1149; x_wconf 84' lang='grc' dir='ltr'>σιον.</span> 
     </span>
    </p>
   </div>
   <div class='ocr_carea' id='block_1_20' title="bbox 583 1183 837 1241">
    <p class='ocr_par' dir='ltr' id='par_1_20' title="bbox 583 1183 837 1241">
     <span class='ocr_line' id='line_1_20' title="bbox 583 1183 837 1241; baseline -0.008 -2"><span class='ocrx_word' id='word_1_137' title='bbox 583 1183 837 1241; x_wconf 89' lang='lat' dir='ltr'>bitrium.</span> 
     </span>
    </p>
   </div>
   <div class='ocr_carea' id='block_1_21' title="bbox 656 1272 2233 1349">
    <p class='ocr_par' dir='ltr' id='par_1_21' title="bbox 656 1274 2233 1346">
     <span class='ocr_line' id='line_1_21' title="bbox 656 1274 2233 1346; baseline 0.001 -18"><span class='ocrx_word' id='word_1_138' title='bbox 656 1274 1190 1344; x_wconf 87' lang='lat' dir='ltr'>Autobtingeutem</span> <span class='ocrx_word' id='word_1_139' title='bbox 1204 1274 1553 1331; x_wconf 82' lang='lat' dir='ltr'>substantia</span> <span class='ocrx_word' id='word_1_140' title='bbox 1567 1281 1794 1346; x_wconf 88' lang='lat' dir='ltr'>partem</span> <span class='ocrx_word' id='word_1_141' title='bbox 1815 1274 2233 1331; x_wconf 90' lang='lat' dir='ltr'>dicitdebitam</span> 
     </span>
    </p>
   </div>
   <div class='ocr_carea' id='block_1_22' title="bbox 2268 1272 3845 1349">
    <p class='ocr_par' dir='ltr' id='par_1_22' title="bbox 2413 1272 3845 1349">
     <span class='ocr_line' id='line_1_22' title="bbox 2413 1272 3845 1349; baseline -0.002 -22"><span class='ocrx_word' id='word_1_142' title='bbox 2413 1280 2481 1327; x_wconf 84' lang='grc' dir='ltr'><strong>Ἤ</strong></span> <span class='ocrx_word' id='word_1_143' title='bbox 2524 1273 2792 1328; x_wconf 70' lang='grc' dir='ltr'>ἐπιϐάλλον</span> <span class='ocrx_word' id='word_1_144' title='bbox 2845 1279 2998 1349; x_wconf 78' lang='grc' dir='ltr'>μέρος</span> <span class='ocrx_word' id='word_1_145' title='bbox 3052 1274 3235 1338; x_wconf 70' lang='grc' dir='ltr'>οὐσίας</span> <span class='ocrx_word' id='word_1_146' title='bbox 3288 1275 3439 1346; x_wconf 69' lang='grc' dir='ltr'>λέγει,</span> <span class='ocrx_word' id='word_1_147' title='bbox 3486 1277 3538 1327; x_wconf 81' lang='grc' dir='ltr'>τὸ</span> <span class='ocrx_word' id='word_1_148' title='bbox 3588 1272 3634 1325; x_wconf 75' lang='grc' dir='ltr'><strong>ἐκ</strong></span> <span class='ocrx_word' id='word_1_149' title='bbox 3679 1280 3749 1326; x_wconf 70' lang='grc' dir='ltr'>τοῦ</span> <span class='ocrx_word' id='word_1_150' title='bbox 3782 1272 3845 1344; x_wconf 71' lang='grc' dir='ltr'>βι-</span> 
     </span>
    </p>
   </div>
   <div class='ocr_carea' id='block_1_23' title="bbox 585 1363 2162 1439">
    <p class='ocr_par' dir='ltr' id='par_1_23' title="bbox 585 1364 2162 1437">
     <span class='ocr_line' id='line_1_23' title="bbox 585 1364 2162 1437; baseline -0.002 -17"><span class='ocrx_word' id='word_1_151' title='bbox 585 1380 651 1420; x_wconf 88' lang='lat' dir='ltr'>ex</span> <span class='ocrx_word' id='word_1_152' title='bbox 674 1364 971 1437; x_wconf 89' lang='lat' dir='ltr'>baptismo</span> <span class='ocrx_word' id='word_1_153' title='bbox 994 1365 1265 1429; x_wconf 74' lang='lat' dir='ltr'>gratiam.</span> <span class='ocrx_word' id='word_1_154' title='bbox 1291 1364 1489 1419; x_wconf 80' lang='lat' dir='ltr'>Cuivis</span> <span class='ocrx_word' id='word_1_155' title='bbox 1508 1366 1668 1419; x_wconf 91' lang='lat' dir='ltr'>enim</span> <span class='ocrx_word' id='word_1_156' title='bbox 1706 1365 2006 1433; x_wconf 87' lang='lat' dir='ltr'>baptizato</span> <span class='ocrx_word' id='word_1_157' title='bbox 2032 1364 2162 1420; x_wconf 65' lang='lat' dir='ltr'>divit</span> 
     </span>
    </p>
   </div>
   <div class='ocr_carea' id='block_1_24' title="bbox 2271 1363 3848 1439">
    <p class='ocr_par' dir='ltr' id='par_1_24' title="bbox 2343 1363 3848 1439">
     <span class='ocr_line' id='line_1_24' title="bbox 2343 1363 3848 1439; baseline -0.002 -23"><span class='ocrx_word' id='word_1_158' title='bbox 2343 1368 2640 1435; x_wconf 77' lang='grc' dir='ltr'>πτίσματος</span> <span class='ocrx_word' id='word_1_159' title='bbox 2692 1368 3114 1438; x_wconf 72' lang='grc' dir='ltr'>χρεωστούμενον</span> <span class='ocrx_word' id='word_1_160' title='bbox 3172 1367 3441 1439; x_wconf 71' lang='grc' dir='ltr'>χάρισμα,</span> <span class='ocrx_word' id='word_1_161' title='bbox 3472 1368 3617 1417; x_wconf 83' lang='grc' dir='ltr'>Παντὶ</span> <span class='ocrx_word' id='word_1_162' title='bbox 3664 1367 3741 1435; x_wconf 70' lang='grc' dir='ltr'>γὰρ</span> <span class='ocrx_word' id='word_1_163' title='bbox 3784 1363 3848 1433; x_wconf 69' lang='grc' dir='ltr'>βα-</span> 
     </span>
    </p>
   </div>
   <div class='ocr_carea' id='block_1_25' title="bbox 582 1449 2159 1528">
    <p class='ocr_par' dir='ltr' id='par_1_25' title="bbox 582 1454 2159 1524">
     <span class='ocr_line' id='line_1_25' title="bbox 582 1454 2159 1524; baseline 0 -15"><span class='ocrx_word' id='word_1_164' title='bbox 582 1454 761 1510; x_wconf 85' lang='lat' dir='ltr'>datur</span> <span class='ocrx_word' id='word_1_165' title='bbox 787 1455 998 1524; x_wconf 89' lang='lat' dir='ltr'>gratia.</span> <span class='ocrx_word' id='word_1_166' title='bbox 1054 1455 1393 1511; x_wconf 91' lang='lat' dir='ltr'>Substantia</span> <span class='ocrx_word' id='word_1_167' title='bbox 1442 1460 1640 1510; x_wconf 87' lang='lat' dir='ltr'>autem</span> <span class='ocrx_word' id='word_1_168' title='bbox 1682 1456 1804 1509; x_wconf 90' lang='lat' dir='ltr'>sive</span> <span class='ocrx_word' id='word_1_169' title='bbox 1864 1454 2078 1509; x_wconf 89' lang='lat' dir='ltr'>divitia</span> <span class='ocrx_word' id='word_1_170' title='bbox 2113 1457 2159 1509; x_wconf 39' lang='lat' dir='ltr'>Di</span> 
     </span>
    </p>
   </div>
   <div class='ocr_carea' id='block_1_26' title="bbox 2267 1449 3844 1528">
    <p class='ocr_par' dir='ltr' id='par_1_26' title="bbox 2342 1449 3844 1528">
     <span class='ocr_line' id='line_1_26' title="bbox 2342 1449 3844 1528; baseline -0.001 -23"><span class='ocrx_word' id='word_1_171' title='bbox 2342 1456 2613 1506; x_wconf 81' lang='grc' dir='ltr'>πτισθέντι</span> <span class='ocrx_word' id='word_1_172' title='bbox 2668 1457 2917 1528; x_wconf 80' lang='grc' dir='ltr'>χάρισμα</span> <span class='ocrx_word' id='word_1_173' title='bbox 2977 1460 3120 1509; x_wconf 86' lang='grc' dir='ltr'>Θεῖον</span> <span class='ocrx_word' id='word_1_174' title='bbox 3168 1452 3402 1510; x_wconf 80' lang='grc' dir='ltr'>δίδοται.</span> <span class='ocrx_word' id='word_1_175' title='bbox 3456 1454 3613 1506; x_wconf 74' lang='grc' dir='ltr'>Οὐσία</span> <span class='ocrx_word' id='word_1_176' title='bbox 3658 1449 3721 1517; x_wconf 67' lang='grc' dir='ltr'>δὲ,</span> <span class='ocrx_word' id='word_1_177' title='bbox 3755 1455 3844 1511; x_wconf 72' lang='grc' dir='ltr'>ἦτοι,</span> 
     </span>
    </p>
   </div>
   <div class='ocr_carea' id='block_1_27' title="bbox 582 1542 2159 1619">
    <p class='ocr_par' dir='ltr' id='par_1_27' title="bbox 582 1542 2159 1615">
     <span class='ocr_line' id='line_1_27' title="bbox 582 1542 2159 1615; baseline 0 -18"><span class='ocrx_word' id='word_1_178' title='bbox 582 1547 722 1599; x_wconf 90' lang='lat' dir='ltr'>sunt</span> <span class='ocrx_word' id='word_1_179' title='bbox 760 1543 1141 1610; x_wconf 83' lang='lat' dir='ltr'>charismata,</span> <span class='ocrx_word' id='word_1_180' title='bbox 1201 1544 1259 1599; x_wconf 93' lang='lat' dir='ltr'>id</span> <span class='ocrx_word' id='word_1_181' title='bbox 1314 1549 1421 1613; x_wconf 91' lang='lat' dir='ltr'>est,</span> <span class='ocrx_word' id='word_1_182' title='bbox 1454 1545 1616 1600; x_wconf 89' lang='lat' dir='ltr'>dona</span> <span class='ocrx_word' id='word_1_183' title='bbox 1668 1560 1805 1615; x_wconf 90' lang='lat' dir='ltr'>qua</span> <span class='ocrx_word' id='word_1_184' title='bbox 1846 1542 2056 1599; x_wconf 85' lang='lat' dir='ltr'>dividit</span> <span class='ocrx_word' id='word_1_185' title='bbox 2093 1544 2159 1598; x_wconf 73' lang='lat' dir='ltr'>ac</span> 
     </span>
    </p>
   </div>
   <div class='ocr_carea' id='block_1_28' title="bbox 2272 1542 3849 1619">
    <p class='ocr_par' dir='ltr' id='par_1_28' title="bbox 2344 1542 3849 1619">
     <span class='ocr_line' id='line_1_28' title="bbox 2344 1542 3849 1619; baseline -0.011 -11"><span class='ocrx_word' id='word_1_186' title='bbox 2344 1542 2558 1605; x_wconf 65' lang='grc' dir='ltr'>πλοῦτος</span> <span class='ocrx_word' id='word_1_187' title='bbox 2616 1552 2771 1613; x_wconf 73' lang='grc' dir='ltr'>Θεοῦ,</span> <span class='ocrx_word' id='word_1_188' title='bbox 2826 1548 2893 1597; x_wconf 79' lang='grc' dir='ltr'>τὰ</span> <span class='ocrx_word' id='word_1_189' title='bbox 2940 1548 3281 1619; x_wconf 73' lang='grc' dir='ltr'>χαρίσματα,</span> <span class='ocrx_word' id='word_1_190' title='bbox 3331 1545 3366 1597; x_wconf 82' lang='grc' dir='ltr'><em>ἃ</em></span> <span class='ocrx_word' id='word_1_191' title='bbox 3423 1542 3635 1615; x_wconf 75' lang='grc' dir='ltr'>διανέμει</span> <span class='ocrx_word' id='word_1_192' title='bbox 3666 1550 3849 1603; x_wconf 60' lang='lat' dir='ltr'>migra:-</span> 
     </span>
    </p>
   </div>
   <div class='ocr_carea' id='block_1_29' title="bbox 580 1632 2157 1704">
    <p class='ocr_par' dir='ltr' id='par_1_29' title="bbox 580 1632 758 1689">
     <span class='ocr_line' id='line_1_29' title="bbox 580 1632 758 1689; baseline 0 -2"><span class='ocrx_word' id='word_1_193' title='bbox 580 1632 758 1689; x_wconf 87' lang='lat' dir='ltr'>libus.</span> 
     </span>
    </p>
   </div>
   <div class='ocr_carea' id='block_1_30' title="bbox 1042 1632 2619 1704">
    <p class='ocr_par' dir='ltr' id='par_1_30' title="bbox 2344 1635 2619 1704">
     <span class='ocr_line' id='line_1_30' title="bbox 2344 1635 2619 1704; baseline 0.011 -20"><span class='ocrx_word' id='word_1_194' title='bbox 2344 1640 2449 1693; x_wconf 82' lang='grc' dir='ltr'>τοῖς</span> <span class='ocrx_word' id='word_1_195' title='bbox 2486 1635 2619 1704; x_wconf 75' lang='grc'>(75).</span> 
     </span>
    </p>
   </div>
   <div class='ocr_carea' id='block_1_31' title="bbox 652 1721 3177 1796">
    <p class='ocr_par' dir='ltr' id='par_1_31' title="bbox 652 1721 3177 1796">
     <span class='ocr_line' id='line_1_31' title="bbox 652 1721 3177 1796; baseline 0 -17"><span class='ocrx_word' id='word_1_196' title='bbox 652 1724 694 1793; x_wconf 71' lang='grc' dir='ltr'>-ἰ-</span> <span class='ocrx_word' id='word_1_197' title='bbox 725 1727 849 1779; x_wconf 93' lang='lat' dir='ltr'>Non</span> <span class='ocrx_word' id='word_1_198' title='bbox 882 1723 1017 1795; x_wconf 87' lang='lat' dir='ltr'>quia</span> <span class='ocrx_word' id='word_1_199' title='bbox 1054 1728 1319 1795; x_wconf 90' lang='lat' dir='ltr'>tempore</span> <span class='ocrx_word' id='word_1_200' title='bbox 1355 1724 1575 1795; x_wconf 92' lang='lat' dir='ltr'>junior,</span> <span class='ocrx_word' id='word_1_201' title='bbox 1603 1724 1705 1779; x_wconf 89' lang='lat' dir='ltr'>sed</span> <span class='ocrx_word' id='word_1_202' title='bbox 1747 1724 1885 1796; x_wconf 85' lang='lat' dir='ltr'>quia</span> <span class='ocrx_word' id='word_1_203' title='bbox 1912 1738 2091 1777; x_wconf 90' lang='lat' dir='ltr'>sensu</span> <span class='ocrx_word' id='word_1_204' title='bbox 2133 1721 2429 1789; x_wconf 77' lang='lat' dir='ltr'>indigens,</span> <span class='ocrx_word' id='word_1_205' title='bbox 2465 1730 2778 1795; x_wconf 87' lang='lat' dir='ltr'>menteque</span> <span class='ocrx_word' id='word_1_206' title='bbox 2809 1725 3177 1781; x_wconf 83' lang='lat' dir='ltr'>inconstans.</span> 
     </span>
    </p>
   </div>
   <div class='ocr_carea' id='block_1_32' title="bbox 654 1808 3849 1883">
    <p class='ocr_par' dir='ltr' id='par_1_32' title="bbox 654 1808 3849 1883">
     <span class='ocr_line' id='line_1_32' title="bbox 654 1808 3849 1883; baseline -0.001 -17"><span class='ocrx_word' id='word_1_207' title='bbox 654 1815 697 1883; x_wconf 71' lang='grc' dir='ltr'>σι·</span> <span class='ocrx_word' id='word_1_208' title='bbox 722 1816 801 1867; x_wconf 80' lang='lat' dir='ltr'>Ac</span> <span class='ocrx_word' id='word_1_209' title='bbox 830 1814 877 1867; x_wconf 89' lang='lat' dir='ltr'>si</span> <span class='ocrx_word' id='word_1_210' title='bbox 901 1813 1125 1868; x_wconf 87' lang='lat' dir='ltr'>diceret</span> <span class='ocrx_word' id='word_1_211' title='bbox 1166 1831 1178 1869; x_wconf 93' lang='lat'>:</span> <span class='ocrx_word' id='word_1_212' title='bbox 1213 1813 1377 1873; x_wconf 85' lang='lat' dir='ltr'>Nolo,</span> <span class='ocrx_word' id='word_1_213' title='bbox 1414 1817 1623 1882; x_wconf 81' lang='lat' dir='ltr'>urgeat</span> <span class='ocrx_word' id='word_1_214' title='bbox 1654 1829 1738 1869; x_wconf 91' lang='lat' dir='ltr'>me</span> <span class='ocrx_word' id='word_1_215' title='bbox 1769 1812 2061 1867; x_wconf 81' lang='lat' dir='ltr'>serviendi</span> <span class='ocrx_word' id='word_1_216' title='bbox 2093 1811 2411 1867; x_wconf 85' lang='lat' dir='ltr'>necessitas</span> <span class='ocrx_word' id='word_1_217' title='bbox 2444 1827 2457 1875; x_wconf 91' lang='lat'><strong>;</strong></span> <span class='ocrx_word' id='word_1_218' title='bbox 2488 1811 2732 1869; x_wconf 91' lang='lat' dir='ltr'>liberum</span> <span class='ocrx_word' id='word_1_219' title='bbox 2761 1821 2849 1869; x_wconf 90' lang='lat' dir='ltr'>est</span> <span class='ocrx_word' id='word_1_220' title='bbox 2877 1815 3035 1869; x_wconf 92' lang='lat' dir='ltr'>enim</span> <span class='ocrx_word' id='word_1_221' title='bbox 3087 1814 3230 1869; x_wconf 89' lang='lat' dir='ltr'>mihi</span> <span class='ocrx_word' id='word_1_222' title='bbox 3287 1813 3605 1869; x_wconf 85' lang='lat' dir='ltr'>arbitrium.</span> <span class='ocrx_word' id='word_1_223' title='bbox 3650 1812 3699 1866; x_wconf 91' lang='lat' dir='ltr'>Si</span> <span class='ocrx_word' id='word_1_224' title='bbox 3741 1808 3849 1869; x_wconf 73' lang='lat' dir='ltr'>volo,</span> 
     </span>
    </p>
   </div>
   <div class='ocr_carea' id='block_1_33' title="bbox 584 1900 3852 1974">
    <p class='ocr_par' dir='ltr' id='par_1_33' title="bbox 584 1900 3852 1974">
     <span class='ocr_line' id='line_1_33' title="bbox 584 1900 3852 1974; baseline -0.002 -17"><span class='ocrx_word' id='word_1_225' title='bbox 584 1902 896 1957; x_wconf 89' lang='lat' dir='ltr'>modestus</span> <span class='ocrx_word' id='word_1_226' title='bbox 931 1920 1059 1957; x_wconf 91' lang='lat' dir='ltr'>sum</span> <span class='ocrx_word' id='word_1_227' title='bbox 1100 1920 1115 1968; x_wconf 88' lang='lat'><strong>;</strong></span> <span class='ocrx_word' id='word_1_228' title='bbox 1148 1903 1194 1958; x_wconf 88' lang='lat' dir='ltr'>si</span> <span class='ocrx_word' id='word_1_229' title='bbox 1238 1902 1386 1968; x_wconf 92' lang='lat' dir='ltr'>uolo,</span> <span class='ocrx_word' id='word_1_230' title='bbox 1419 1904 1549 1972; x_wconf 84' lang='lat' dir='ltr'>cogi</span> <span class='ocrx_word' id='word_1_231' title='bbox 1579 1919 1831 1973; x_wconf 87' lang='lat' dir='ltr'>nequeo.</span> <span class='ocrx_word' id='word_1_232' title='bbox 1868 1903 2038 1957; x_wconf 84' lang='lat' dir='ltr'>Pater</span> <span class='ocrx_word' id='word_1_233' title='bbox 2058 1916 2199 1970; x_wconf 90' lang='lat' dir='ltr'>ergo</span> <span class='ocrx_word' id='word_1_234' title='bbox 2230 1900 2486 1956; x_wconf 90' lang='lat' dir='ltr'>candide</span> <span class='ocrx_word' id='word_1_235' title='bbox 2519 1903 2801 1974; x_wconf 82' lang='lat' dir='ltr'>impertiit</span> <span class='ocrx_word' id='word_1_236' title='bbox 2834 1921 2847 1969; x_wconf 92' lang='lat'>;</span> <span class='ocrx_word' id='word_1_237' title='bbox 2884 1904 3005 1959; x_wconf 90' lang='lat' dir='ltr'>vult</span> <span class='ocrx_word' id='word_1_238' title='bbox 3055 1905 3214 1959; x_wconf 87' lang='lat' dir='ltr'>enim</span> <span class='ocrx_word' id='word_1_239' title='bbox 3268 1904 3549 1959; x_wconf 81' lang='lat' dir='ltr'>Dominus</span> <span class='ocrx_word' id='word_1_240' title='bbox 3593 1908 3645 1956; x_wconf 89' lang='lat' dir='ltr'>ut</span> <span class='ocrx_word' id='word_1_241' title='bbox 3671 1900 3757 1955; x_wconf 77' lang='lat' dir='ltr'>sibi</span> <span class='ocrx_word' id='word_1_242' title='bbox 3788 1915 3852 1951; x_wconf 80' lang='lat' dir='ltr'>vo-</span> 
     </span>
    </p>
   </div>
   <div class='ocr_carea' id='block_1_34' title="bbox 583 1990 3854 2063">
    <p class='ocr_par' dir='ltr' id='par_1_34' title="bbox 583 1990 3854 2063">
     <span class='ocr_line' id='line_1_34' title="bbox 583 1990 3854 2063; baseline -0.001 -18"><span class='ocrx_word' id='word_1_243' title='bbox 583 1991 837 2047; x_wconf 87' lang='lat' dir='ltr'>luntarie</span> <span class='ocrx_word' id='word_1_244' title='bbox 866 1992 1168 2047; x_wconf 87' lang='lat' dir='ltr'>serviatur.</span> <span class='ocrx_word' id='word_1_245' title='bbox 1202 1992 1419 2047; x_wconf 88' lang='lat' dir='ltr'>Deinde</span> <span class='ocrx_word' id='word_1_246' title='bbox 1445 2008 1691 2063; x_wconf 84' lang='lat' dir='ltr'>peregre</span> <span class='ocrx_word' id='word_1_247' title='bbox 1723 1992 2022 2063; x_wconf 88' lang='lat' dir='ltr'>profectus</span> <span class='ocrx_word' id='word_1_248' title='bbox 2067 1996 2176 2046; x_wconf 89' lang='lat' dir='ltr'>est.</span> <span class='ocrx_word' id='word_1_249' title='bbox 2235 1992 2364 2056; x_wconf 88' lang='lat' dir='ltr'>Quo</span> <span class='ocrx_word' id='word_1_250' title='bbox 2393 1991 2421 2046; x_wconf 86' lang='lat'><strong>?</strong></span> <span class='ocrx_word' id='word_1_251' title='bbox 2474 1994 2596 2047; x_wconf 88' lang='lat' dir='ltr'>Non</span> <span class='ocrx_word' id='word_1_252' title='bbox 2630 2009 2665 2048; x_wconf 87' lang='lat' dir='ltr'>a</span> <span class='ocrx_word' id='word_1_253' title='bbox 2713 1993 2844 2049; x_wconf 92' lang='lat' dir='ltr'>loco</span> <span class='ocrx_word' id='word_1_254' title='bbox 2904 1994 2977 2048; x_wconf 86' lang='lat' dir='ltr'>ad</span> <span class='ocrx_word' id='word_1_255' title='bbox 3012 1993 3233 2056; x_wconf 84' lang='lat' dir='ltr'>locum,</span> <span class='ocrx_word' id='word_1_256' title='bbox 3292 1993 3399 2047; x_wconf 90' lang='lat' dir='ltr'>sed</span> <span class='ocrx_word' id='word_1_257' title='bbox 3431 1997 3611 2047; x_wconf 87' lang='lat' dir='ltr'>mente</span> <span class='ocrx_word' id='word_1_258' title='bbox 3637 1990 3854 2045; x_wconf 83' lang='lat' dir='ltr'>dicessita</span> 
     </span>
    </p>
   </div>
   <div class='ocr_carea' id='block_1_35' title="bbox 585 2074 3854 2154">
    <p class='ocr_par' dir='ltr' id='par_1_35' title="bbox 585 2074 3854 2154">
     <span class='ocr_line' id='line_1_35' title="bbox 585 2074 3854 2154; baseline -0.001 -21"><span class='ocrx_word' id='word_1_259' title='bbox 585 2082 703 2135; x_wconf 94' lang='lat' dir='ltr'>Deo</span> <span class='ocrx_word' id='word_1_260' title='bbox 726 2085 780 2136; x_wconf 88' lang='lat' dir='ltr'>et</span> <span class='ocrx_word' id='word_1_261' title='bbox 823 2084 975 2136; x_wconf 88' lang='lat' dir='ltr'>Deus</span> <span class='ocrx_word' id='word_1_262' title='bbox 1007 2082 1205 2137; x_wconf 87' lang='lat' dir='ltr'>abillo</span> <span class='ocrx_word' id='word_1_263' title='bbox 1248 2086 1519 2153; x_wconf 91' lang='lat' dir='ltr'>:pr0pter</span> <span class='ocrx_word' id='word_1_264' title='bbox 1548 2082 1704 2153; x_wconf 92' lang='lat' dir='ltr'>quod</span> <span class='ocrx_word' id='word_1_265' title='bbox 1743 2082 1920 2136; x_wconf 90' lang='lat' dir='ltr'>etiam</span> <span class='ocrx_word' id='word_1_266' title='bbox 1955 2080 2109 2136; x_wconf 87' lang='lat' dir='ltr'>facta</span> <span class='ocrx_word' id='word_1_267' title='bbox 2157 2084 2244 2134; x_wconf 91' lang='lat' dir='ltr'>est</span> <span class='ocrx_word' id='word_1_268' title='bbox 2294 2078 2374 2133; x_wconf 85' lang='lat' dir='ltr'>illi</span> <span class='ocrx_word' id='word_1_269' title='bbox 2441 2079 2631 2135; x_wconf 87' lang='lat' dir='ltr'>fames</span> <span class='ocrx_word' id='word_1_270' title='bbox 2686 2082 2902 2147; x_wconf 85' lang='lat' dir='ltr'>valida,</span> <span class='ocrx_word' id='word_1_271' title='bbox 2938 2098 3056 2138; x_wconf 93' lang='lat' dir='ltr'>non</span> <span class='ocrx_word' id='word_1_272' title='bbox 3111 2082 3301 2139; x_wconf 83' lang='lat' dir='ltr'>fames</span> <span class='ocrx_word' id='word_1_273' title='bbox 3333 2082 3506 2154; x_wconf 90' lang='lat' dir='ltr'>panis</span> <span class='ocrx_word' id='word_1_274' title='bbox 3552 2084 3764 2153; x_wconf 77' lang='lat' dir='ltr'>etaqua</span> <span class='ocrx_word' id='word_1_275' title='bbox 3784 2074 3854 2131; x_wconf 77' lang='lat' dir='ltr'>sed</span> 
     </span>
    </p>
   </div>
   <div class='ocr_carea' id='block_1_36' title="bbox 583 2168 2651 2243">
    <p class='ocr_par' dir='ltr' id='par_1_36' title="bbox 583 2168 2651 2243">
     <span class='ocr_line' id='line_1_36' title="bbox 583 2168 2651 2243; baseline 0.001 -18"><span class='ocrx_word' id='word_1_276' title='bbox 583 2169 773 2225; x_wconf 88' lang='lat' dir='ltr'>fames</span> <span class='ocrx_word' id='word_1_277' title='bbox 815 2171 1097 2225; x_wconf 88' lang='lat' dir='ltr'>audiendi</span> <span class='ocrx_word' id='word_1_278' title='bbox 1123 2171 1281 2225; x_wconf 81' lang='lat' dir='ltr'>verbi</span> <span class='ocrx_word' id='word_1_279' title='bbox 1311 2171 1405 2226; x_wconf 91' lang='lat' dir='ltr'>Dei</span> <span class='ocrx_word' id='word_1_280' title='bbox 1444 2187 1454 2225; x_wconf 92' lang='lat'>:</span> <span class='ocrx_word' id='word_1_281' title='bbox 1484 2172 1621 2243; x_wconf 88' lang='lat' dir='ltr'>quia</span> <span class='ocrx_word' id='word_1_282' title='bbox 1644 2170 1830 2225; x_wconf 82' lang='lat' dir='ltr'>fames</span> <span class='ocrx_word' id='word_1_283' title='bbox 1864 2171 2159 2226; x_wconf 89' lang='lat' dir='ltr'>bonorum</span> <span class='ocrx_word' id='word_1_284' title='bbox 2194 2168 2513 2223; x_wconf 88' lang='lat' dir='ltr'>vehemens</span> <span class='ocrx_word' id='word_1_285' title='bbox 2540 2176 2651 2228; x_wconf 84' lang='lat' dir='ltr'>est.</span> 
     </span>
    </p>
   </div>
   <div class='ocr_carea' id='block_1_37' title="bbox 659 2256 2236 2335">
    <p class='ocr_par' dir='ltr' id='par_1_37' title="bbox 659 2258 2229 2317">
     <span class='ocr_line' id='line_1_37' title="bbox 659 2258 2229 2317; baseline 0.001 -5"><span class='ocrx_word' id='word_1_286' title='bbox 659 2258 827 2317; x_wconf 86' lang='lat' dir='ltr'>Vers.</span> <span class='ocrx_word' id='word_1_287' title='bbox 887 2258 967 2317; x_wconf 71' lang='lat'>12.</span> <span class='ocrx_word' id='word_1_288' title='bbox 1000 2261 1077 2315; x_wconf 79' lang='lat' dir='ltr'>Et</span> <span class='ocrx_word' id='word_1_289' title='bbox 1108 2293 1173 2300; x_wconf 94' lang='lat'><strong>—</strong></span> <span class='ocrx_word' id='word_1_290' title='bbox 1204 2261 1605 2317; x_wconf 69' lang='lat' dir='ltr'>substantiam.</span> <span class='ocrx_word' id='word_1_291' title='bbox 1640 2260 1911 2315; x_wconf 86' lang='lat' dir='ltr'>Liberum</span> <span class='ocrx_word' id='word_1_292' title='bbox 1961 2260 2229 2315; x_wconf 88' lang='lat' dir='ltr'>videlicet</span> 
     </span>
    </p>
   </div>
   <div class='ocr_carea' id='block_1_38' title="bbox 2272 2256 3849 2335">
    <p class='ocr_par' dir='ltr' id='par_1_38' title="bbox 2272 2256 3849 2335">
     <span class='ocr_line' id='line_1_38' title="bbox 2272 2256 3849 2335; baseline -0.004 -19"><span class='ocrx_word' id='word_1_293' title='bbox 2272 2257 2309 2315; x_wconf 84' lang='grc' dir='ltr'>Β</span> <span class='ocrx_word' id='word_1_294' title='bbox 2424 2269 2523 2316; x_wconf 82' lang='grc' dir='ltr'>Καὶ</span> <span class='ocrx_word' id='word_1_295' title='bbox 2550 2294 2616 2303; x_wconf 91' lang='grc'><strong><em>-</em></strong></span> <span class='ocrx_word' id='word_1_296' title='bbox 2648 2262 2783 2335; x_wconf 85' lang='grc' dir='ltr'>βίον.</span> <span class='ocrx_word' id='word_1_297' title='bbox 2814 2262 3009 2333; x_wconf 73' lang='grc' dir='ltr'>Ἥγουν</span> <span class='ocrx_word' id='word_1_298' title='bbox 3042 2261 3410 2324; x_wconf 65' lang='grc' dir='ltr'>αὐτεξουσίως</span> <span class='ocrx_word' id='word_1_299' title='bbox 3463 2260 3634 2322; x_wconf 67' lang='grc' dir='ltr'>αὐτοὺς</span> <span class='ocrx_word' id='word_1_300' title='bbox 3674 2256 3849 2309; x_wconf 55' lang='lat' dir='ltr'>inritati.</span> 
     </span>
    </p>
   </div>
   <div class='ocr_carea' id='block_1_39' title="bbox 582 2347 2159 2428">
    <p class='ocr_par' dir='ltr' id='par_1_39' title="bbox 582 2347 2159 2423">
     <span class='ocr_line' id='line_1_39' title="bbox 582 2347 2159 2423; baseline 0.002 -20"><span class='ocrx_word' id='word_1_301' title='bbox 582 2347 887 2404; x_wconf 89' lang='lat' dir='ltr'>arbitrium</span> <span class='ocrx_word' id='word_1_302' title='bbox 943 2349 1054 2404; x_wconf 88' lang='lat' dir='ltr'>illis</span> <span class='ocrx_word' id='word_1_303' title='bbox 1084 2350 1279 2405; x_wconf 88' lang='lat' dir='ltr'>divisit</span> <span class='ocrx_word' id='word_1_304' title='bbox 1324 2367 1337 2416; x_wconf 89' lang='lat'><strong>;</strong></span> <span class='ocrx_word' id='word_1_305' title='bbox 1381 2352 1771 2405; x_wconf 85' lang='lat' dir='ltr'>substantiam</span> <span class='ocrx_word' id='word_1_306' title='bbox 1824 2366 2088 2423; x_wconf 89' lang='lat' dir='ltr'>namque</span> <span class='ocrx_word' id='word_1_307' title='bbox 2129 2367 2159 2406; x_wconf 90' lang='lat' dir='ltr'>a</span> 
     </span>
    </p>
   </div>
   <div class='ocr_carea' id='block_1_40' title="bbox 2275 2347 3852 2428">
    <p class='ocr_par' dir='ltr' id='par_1_40' title="bbox 2340 2348 3852 2428">
     <span class='ocr_line' id='line_1_40' title="bbox 2340 2348 3852 2428; baseline -0.01 -20"><span class='ocrx_word' id='word_1_308' title='bbox 2340 2360 2409 2409; x_wconf 83' lang='grc' dir='ltr'>Τὸ</span> <span class='ocrx_word' id='word_1_309' title='bbox 2436 2359 2534 2428; x_wconf 70' lang='grc' dir='ltr'>γὰρ</span> <span class='ocrx_word' id='word_1_310' title='bbox 2565 2352 2749 2407; x_wconf 78' lang='grc' dir='ltr'>διελεῖν</span> <span class='ocrx_word' id='word_1_311' title='bbox 2774 2355 2861 2404; x_wconf 83' lang='grc' dir='ltr'>τὸν</span> <span class='ocrx_word' id='word_1_312' title='bbox 2899 2351 3036 2424; x_wconf 80' lang='grc' dir='ltr'>βίον,</span> <span class='ocrx_word' id='word_1_313' title='bbox 3066 2355 3248 2416; x_wconf 80' lang='grc' dir='ltr'>εἰτουν,</span> <span class='ocrx_word' id='word_1_314' title='bbox 3284 2356 3380 2407; x_wconf 73' lang='grc' dir='ltr'>τὴν</span> <span class='ocrx_word' id='word_1_315' title='bbox 3414 2351 3608 2416; x_wconf 70' lang='grc' dir='ltr'>οὐσίαν,</span> <span class='ocrx_word' id='word_1_316' title='bbox 3637 2354 3724 2406; x_wconf 82' lang='grc' dir='ltr'>τοῖς</span> <span class='ocrx_word' id='word_1_317' title='bbox 3748 2348 3852 2403; x_wconf 70' lang='grc' dir='ltr'>υἱοῖς,</span> 
     </span>
    </p>
   </div>
   <div class='ocr_carea' id='block_1_41' title="bbox 581 2434 2158 2516">
    <p class='ocr_par' dir='ltr' id='par_1_41' title="bbox 581 2437 2158 2511">
     <span class='ocr_line' id='line_1_41' title="bbox 581 2437 2158 2511; baseline 0.002 -19"><span class='ocrx_word' id='word_1_318' title='bbox 581 2437 888 2493; x_wconf 84' lang='lat' dir='ltr'>facultates</span> <span class='ocrx_word' id='word_1_319' title='bbox 906 2439 1041 2494; x_wconf 83' lang='lat' dir='ltr'>ﬁliis</span> <span class='ocrx_word' id='word_1_320' title='bbox 1071 2439 1333 2495; x_wconf 85' lang='lat' dir='ltr'>dividere</span> <span class='ocrx_word' id='word_1_321' title='bbox 1361 2440 1502 2495; x_wconf 90' lang='lat' dir='ltr'>nihil</span> <span class='ocrx_word' id='word_1_322' title='bbox 1528 2440 1683 2495; x_wconf 89' lang='lat' dir='ltr'>aliud</span> <span class='ocrx_word' id='word_1_323' title='bbox 1718 2445 2021 2511; x_wconf 86' lang='lat' dir='ltr'>est,quam</span> <span class='ocrx_word' id='word_1_324' title='bbox 2048 2440 2158 2495; x_wconf 91' lang='lat' dir='ltr'>libe</span> 
     </span>
    </p>
   </div>
   <div class='ocr_carea' id='block_1_42' title="bbox 2277 2434 3854 2516">
    <p class='ocr_par' dir='ltr' id='par_1_42' title="bbox 2342 2434 3854 2516">
     <span class='ocr_line' id='line_1_42' title="bbox 2342 2434 3854 2516; baseline -0.007 -18"><span class='ocrx_word' id='word_1_325' title='bbox 2342 2442 2492 2498; x_wconf 72' lang='grc' dir='ltr'>οὐδὲν</span> <span class='ocrx_word' id='word_1_326' title='bbox 2525 2445 2689 2516; x_wconf 79' lang='grc' dir='ltr'>ἕτερον</span> <span class='ocrx_word' id='word_1_327' title='bbox 2723 2441 2883 2505; x_wconf 79' lang='grc' dir='ltr'>ἐστιν,</span> <span class='ocrx_word' id='word_1_328' title='bbox 2925 2443 2953 2500; x_wconf 75' lang='grc' dir='ltr'><strong>ᾖ</strong></span> <span class='ocrx_word' id='word_1_329' title='bbox 3010 2445 3067 2493; x_wconf 89' lang='grc' dir='ltr'>τὸ</span> <span class='ocrx_word' id='word_1_330' title='bbox 3124 2441 3497 2503; x_wconf 68' lang='grc' dir='ltr'>αὐτεξουσίως</span> <span class='ocrx_word' id='word_1_331' title='bbox 3527 2440 3692 2498; x_wconf 70' lang='grc' dir='ltr'>αὐτοὺς</span> <span class='ocrx_word' id='word_1_332' title='bbox 3722 2434 3854 2487; x_wconf 63' lang='grc' dir='ltr'>ἀπολύ-</span> 
     </span>
    </p>
   </div>
   <div class='ocr_carea' id='block_1_43' title="bbox 581 2527 2158 2605">
    <p class='ocr_par' dir='ltr' id='par_1_43' title="bbox 581 2527 2158 2601">
     <span class='ocr_line' id='line_1_43' title="bbox 581 2527 2158 2601; baseline 0.002 -19"><span class='ocrx_word' id='word_1_333' title='bbox 581 2527 825 2584; x_wconf 90' lang='lat' dir='ltr'>arbitrio</span> <span class='ocrx_word' id='word_1_334' title='bbox 852 2528 981 2583; x_wconf 92' lang='lat' dir='ltr'>ilios</span> <span class='ocrx_word' id='word_1_335' title='bbox 1034 2528 1366 2601; x_wconf 88' lang='lat' dir='ltr'>relinquere</span> <span class='ocrx_word' id='word_1_336' title='bbox 1430 2551 1443 2585; x_wconf 88' lang='lat'><strong>:</strong></span> <span class='ocrx_word' id='word_1_337' title='bbox 1501 2529 1801 2584; x_wconf 89' lang='lat' dir='ltr'>neminem</span> <span class='ocrx_word' id='word_1_338' title='bbox 1856 2530 2014 2585; x_wconf 88' lang='lat' dir='ltr'>enim</span> <span class='ocrx_word' id='word_1_339' title='bbox 2073 2546 2158 2597; x_wconf 56' lang='lat' dir='ltr'>co:</span> 
     </span>
    </p>
   </div>
   <div class='ocr_carea' id='block_1_44' title="bbox 2277 2527 3854 2605">
    <p class='ocr_par' dir='ltr' id='par_1_44' title="bbox 2345 2529 3854 2605">
     <span class='ocr_line' id='line_1_44' title="bbox 2345 2529 3854 2605; baseline -0.011 -17"><span class='ocrx_word' id='word_1_340' title='bbox 2345 2555 2454 2589; x_wconf 73' lang='grc' dir='ltr'>σαν.</span> <span class='ocrx_word' id='word_1_341' title='bbox 2492 2530 2695 2586; x_wconf 69' lang='grc' dir='ltr'>Οὐδένα</span> <span class='ocrx_word' id='word_1_342' title='bbox 2719 2535 2820 2605; x_wconf 72' lang='grc' dir='ltr'>γὰρ</span> <span class='ocrx_word' id='word_1_343' title='bbox 2844 2533 2869 2582; x_wconf 85' lang='grc' dir='ltr'><strong><em>ὁ</em></strong></span> <span class='ocrx_word' id='word_1_344' title='bbox 2899 2535 3025 2591; x_wconf 81' lang='grc' dir='ltr'>Θεὸς</span> <span class='ocrx_word' id='word_1_345' title='bbox 3060 2530 3346 2601; x_wconf 68' lang='grc' dir='ltr'>ἀναγκάζει</span> <span class='ocrx_word' id='word_1_346' title='bbox 3372 2536 3443 2603; x_wconf 79' lang='grc' dir='ltr'><strong><em>μὴ</em></strong></span> <span class='ocrx_word' id='word_1_347' title='bbox 3499 2529 3761 2603; x_wconf 74' lang='grc' dir='ltr'>βουλομενον</span> <span class='ocrx_word' id='word_1_348' title='bbox 3786 2542 3854 2573; x_wconf 74' lang='grc' dir='ltr'>πει·</span> 
     </span>
    </p>
   </div>
   <div class='ocr_carea' id='block_1_45' title="bbox 582 2617 2159 2698">
    <p class='ocr_par' dir='ltr' id='par_1_45' title="bbox 582 2617 1498 2690">
     <span class='ocr_line' id='line_1_45' title="bbox 582 2617 1498 2690; baseline 0.002 -19"><span class='ocrx_word' id='word_1_349' title='bbox 582 2618 757 2683; x_wconf 90' lang='lat' dir='ltr'>Deus,</span> <span class='ocrx_word' id='word_1_350' title='bbox 800 2617 896 2688; x_wconf 91' lang='lat' dir='ltr'>qui</span> <span class='ocrx_word' id='word_1_351' title='bbox 929 2618 1040 2690; x_wconf 90' lang='lat' dir='ltr'>ipsi</span> <span class='ocrx_word' id='word_1_352' title='bbox 1072 2618 1215 2673; x_wconf 91' lang='lat' dir='ltr'>nolit</span> <span class='ocrx_word' id='word_1_353' title='bbox 1236 2618 1498 2674; x_wconf 90' lang='lat' dir='ltr'>obedire.</span> 
     </span>
    </p>
   </div>
   <div class='ocr_carea' id='block_1_46' title="bbox 1176 2617 2753 2698">
    <p class='ocr_par' dir='ltr' id='par_1_46' title="bbox 1176 2618 2753 2698">
     <span class='ocr_line' id='line_1_46' title="bbox 1176 2618 2753 2698; baseline 0 -25"><span class='ocrx_word' id='word_1_354' title='bbox 1176 2618 1215 2673; x_wconf 77' lang='grc' dir='ltr'>ἰι</span> <span class='ocrx_word' id='word_1_355' title='bbox 1236 2618 1498 2674; x_wconf 90' lang='lat' dir='ltr'>obedire.</span> <span class='ocrx_word' id='word_1_356' title='bbox 2343 2627 2560 2698; x_wconf 81' lang='grc' dir='ltr'>θαρχεῖν</span> <span class='ocrx_word' id='word_1_357' title='bbox 2592 2622 2753 2692; x_wconf 56' lang='grc' dir='ltr'>αὐτῷ.</span> 
     </span>
    </p>
   </div>
   <div class='ocr_carea' id='block_1_47' title="bbox 651 2707 2228 2782">
    <p class='ocr_par' dir='ltr' id='par_1_47' title="bbox 651 2707 2228 2781">
     <span class='ocr_line' id='line_1_47' title="bbox 651 2707 2228 2781; baseline 0.002 -19"><span class='ocrx_word' id='word_1_358' title='bbox 651 2708 762 2763; x_wconf 87' lang='lat' dir='ltr'>Aut</span> <span class='ocrx_word' id='word_1_359' title='bbox 792 2707 970 2763; x_wconf 90' lang='lat' dir='ltr'>etiam</span> <span class='ocrx_word' id='word_1_360' title='bbox 1028 2708 1229 2764; x_wconf 89' lang='lat' dir='ltr'>divisit</span> <span class='ocrx_word' id='word_1_361' title='bbox 1276 2709 1359 2764; x_wconf 88' lang='lat' dir='ltr'>eis</span> <span class='ocrx_word' id='word_1_362' title='bbox 1407 2708 1801 2779; x_wconf 81' lang='lat' dir='ltr'>congruentia</span> <span class='ocrx_word' id='word_1_363' title='bbox 1840 2707 2022 2773; x_wconf 87' lang='lat' dir='ltr'>dona,</span> <span class='ocrx_word' id='word_1_364' title='bbox 2055 2713 2228 2781; x_wconf 90' lang='lat' dir='ltr'>prout</span> 
     </span>
    </p>
   </div>
   <div class='ocr_carea' id='block_1_48' title="bbox 2282 2707 3859 2782">
    <p class='ocr_par' dir='ltr' id='par_1_48' title="bbox 2412 2709 3859 2782">
     <span class='ocr_line' id='line_1_48' title="bbox 2412 2709 3859 2782; baseline -0.01 -16"><span class='ocrx_word' id='word_1_365' title='bbox 2412 2714 2479 2767; x_wconf 83' lang='grc' dir='ltr'><strong>Ἦ</strong></span> <span class='ocrx_word' id='word_1_366' title='bbox 2512 2718 2601 2765; x_wconf 78' lang='grc' dir='ltr'>καὶ</span> <span class='ocrx_word' id='word_1_367' title='bbox 2668 2709 2853 2765; x_wconf 74' lang='grc' dir='ltr'>διεῖλεν</span> <span class='ocrx_word' id='word_1_368' title='bbox 2907 2710 3078 2770; x_wconf 67' lang='grc' dir='ltr'>αὐτοῖς</span> <span class='ocrx_word' id='word_1_369' title='bbox 3117 2712 3182 2761; x_wconf 81' lang='grc' dir='ltr'>τὰ</span> <span class='ocrx_word' id='word_1_370' title='bbox 3238 2714 3570 2782; x_wconf 78' lang='grc' dir='ltr'>προσήκοντα</span> <span class='ocrx_word' id='word_1_371' title='bbox 3620 2710 3859 2779; x_wconf 63' lang='grc' dir='ltr'>χαρίσματι</span> 
     </span>
    </p>
   </div>
   <div class='ocr_carea' id='block_1_49' title="bbox 576 2796 2153 2875">
    <p class='ocr_par' dir='ltr' id='par_1_49' title="bbox 576 2796 950 2853">
     <span class='ocr_line' id='line_1_49' title="bbox 576 2796 950 2853; baseline 0.005 -2"><span class='ocrx_word' id='word_1_372' title='bbox 576 2796 805 2853; x_wconf 90' lang='lat' dir='ltr'>dictum</span> <span class='ocrx_word' id='word_1_373' title='bbox 845 2802 950 2853; x_wconf 87' lang='lat' dir='ltr'>est.</span> 
     </span>
    </p>
   </div>
   <div class='ocr_carea' id='block_1_50' title="bbox 1178 2796 2755 2875">
    <p class='ocr_par' dir='ltr' id='par_1_50' title="bbox 2340 2806 2755 2875">
     <span class='ocr_line' id='line_1_50' title="bbox 2340 2806 2755 2875; baseline -0.007 -19"><span class='ocrx_word' id='word_1_374' title='bbox 2340 2806 2509 2864; x_wconf 79' lang='grc' dir='ltr'>καθὼς</span> <span class='ocrx_word' id='word_1_375' title='bbox 2539 2806 2755 2875; x_wconf 76' lang='grc' dir='ltr'>εἴρηται.</span> 
     </span>
    </p>
   </div>
   <div class='ocr_carea' id='block_1_51' title="bbox 650 2884 2227 2965">
    <p class='ocr_par' dir='ltr' id='par_1_51' title="bbox 650 2888 2227 2961">
     <span class='ocr_line' id='line_1_51' title="bbox 650 2888 2227 2961; baseline 0.002 -20"><span class='ocrx_word' id='word_1_376' title='bbox 650 2888 815 2943; x_wconf 89' lang='lat' dir='ltr'>Vers.</span> <span class='ocrx_word' id='word_1_377' title='bbox 858 2892 937 2944; x_wconf 89' lang='lat' dir='ltr'>t3.</span> <span class='ocrx_word' id='word_1_378' title='bbox 959 2888 1034 2943; x_wconf 78' lang='lat' dir='ltr'>Et</span> <span class='ocrx_word' id='word_1_379' title='bbox 1058 2919 1127 2928; x_wconf 91' lang='lat'>—</span> <span class='ocrx_word' id='word_1_380' title='bbox 1159 2888 1549 2959; x_wconf 82' lang='lat' dir='ltr'>longinquam.</span> <span class='ocrx_word' id='word_1_381' title='bbox 1578 2888 1783 2945; x_wconf 89' lang='lat' dir='ltr'>Senior</span> <span class='ocrx_word' id='word_1_382' title='bbox 1803 2888 2047 2961; x_wconf 90' lang='lat' dir='ltr'>quidem</span> <span class='ocrx_word' id='word_1_383' title='bbox 2072 2888 2227 2959; x_wconf 89' lang='lat' dir='ltr'>apud</span> 
     </span>
    </p>
   </div>
   <div class='ocr_carea' id='block_1_52' title="bbox 2281 2884 3858 2965">
    <p class='ocr_par' dir='ltr' id='par_1_52' title="bbox 2414 2884 3858 2965">
     <span class='ocr_line' id='line_1_52' title="bbox 2414 2884 3858 2965; baseline -0.01 -16"><span class='ocrx_word' id='word_1_384' title='bbox 2414 2896 2516 2949; x_wconf 85' lang='grc' dir='ltr'>Καὶ</span> <span class='ocrx_word' id='word_1_385' title='bbox 2544 2924 2609 2934; x_wconf 91' lang='lat'>—-</span> <span class='ocrx_word' id='word_1_386' title='bbox 2661 2892 2887 2965; x_wconf 76' lang='grc' dir='ltr'>μακράν.</span> <span class='ocrx_word' id='word_1_387' title='bbox 2928 2889 2985 2942; x_wconf 85' lang='grc' dir='ltr'><strong>Ὀ</strong></span> <span class='ocrx_word' id='word_1_388' title='bbox 3025 2893 3114 2961; x_wconf 69' lang='grc' dir='ltr'>μὲν</span> <span class='ocrx_word' id='word_1_389' title='bbox 3159 2888 3504 2962; x_wconf 72' lang='grc' dir='ltr'>πρεσϐύτερος</span> <span class='ocrx_word' id='word_1_390' title='bbox 3531 2890 3762 2959; x_wconf 64' lang='grc' dir='ltr'>παρέμεινε</span> <span class='ocrx_word' id='word_1_391' title='bbox 3783 2884 3858 2945; x_wconf 48' lang='grc'>(761</span> 
     </span>
    </p>
   </div>
   <div class='ocr_carea' id='block_1_53' title="bbox 578 2975 2155 3055">
    <p class='ocr_par' dir='ltr' id='par_1_53' title="bbox 578 2977 2155 3050">
     <span class='ocr_line' id='line_1_53' title="bbox 578 2977 2155 3050; baseline 0.001 -19"><span class='ocrx_word' id='word_1_392' title='bbox 578 2982 810 3049; x_wconf 89' lang='lat' dir='ltr'>patrem</span> <span class='ocrx_word' id='word_1_393' title='bbox 841 2979 1148 3045; x_wconf 88' lang='lat' dir='ltr'>remansit,</span> <span class='ocrx_word' id='word_1_394' title='bbox 1168 2982 1458 3050; x_wconf 90' lang='lat' dir='ltr'>tanquam</span> <span class='ocrx_word' id='word_1_395' title='bbox 1486 2977 1753 3050; x_wconf 90' lang='lat' dir='ltr'>prudens</span> <span class='ocrx_word' id='word_1_396' title='bbox 1789 2996 1801 3033; x_wconf 91' lang='lat'><strong>:</strong></span> <span class='ocrx_word' id='word_1_397' title='bbox 1834 2978 2039 3050; x_wconf 87' lang='lat' dir='ltr'>junior</span> <span class='ocrx_word' id='word_1_398' title='bbox 2069 2995 2155 3033; x_wconf 82' lang='lat' dir='ltr'>vel</span> 
     </span>
    </p>
   </div>
   <div class='ocr_carea' id='block_1_54' title="bbox 2282 2975 3859 3055">
    <p class='ocr_par' dir='ltr' id='par_1_54' title="bbox 2339 2975 3859 3055">
     <span class='ocr_line' id='line_1_54' title="bbox 2339 2975 3859 3055; baseline -0.009 -19"><span class='ocrx_word' id='word_1_399' title='bbox 2339 2991 2411 3053; x_wconf 83' lang='grc' dir='ltr'>τῷ</span> <span class='ocrx_word' id='word_1_400' title='bbox 2468 2985 2645 3055; x_wconf 74' lang='grc' dir='ltr'>πατρὶ,</span> <span class='ocrx_word' id='word_1_401' title='bbox 2706 2984 2769 3041; x_wconf 81' lang='grc' dir='ltr'>ὡς</span> <span class='ocrx_word' id='word_1_402' title='bbox 2809 2984 3055 3052; x_wconf 75' lang='grc' dir='ltr'>φρόνιμος</span> <span class='ocrx_word' id='word_1_403' title='bbox 3108 2996 3120 3008; x_wconf 86' lang='grc'>⁶</span> <span class='ocrx_word' id='word_1_404' title='bbox 3165 2980 3191 3030; x_wconf 85' lang='grc' dir='ltr'><strong><em>ὁ</em></strong></span> <span class='ocrx_word' id='word_1_405' title='bbox 3250 2975 3309 3031; x_wconf 73' lang='grc' dir='ltr'>δε</span> <span class='ocrx_word' id='word_1_406' title='bbox 3356 2984 3581 3050; x_wconf 79' lang='grc' dir='ltr'>νεώτερος</span> <span class='ocrx_word' id='word_1_407' title='bbox 3629 2975 3859 3043; x_wconf 64' lang='grc' dir='ltr'>συναγαγὼν</span> 
     </span>
    </p>
   </div>
   <div class='ocr_carea' id='block_1_55' title="bbox 578 3060 2155 3139">
    <p class='ocr_par' dir='ltr' id='par_1_55' title="bbox 578 3067 2155 3139">
     <span class='ocr_line' id='line_1_55' title="bbox 578 3067 2155 3139; baseline -0.001 -16"><span class='ocrx_word' id='word_1_408' title='bbox 578 3067 955 3137; x_wconf 80' lang='lat' dir='ltr'>congregatis</span> <span class='ocrx_word' id='word_1_409' title='bbox 983 3067 1284 3133; x_wconf 92' lang='lat' dir='ltr'>omnibus,</span> <span class='ocrx_word' id='word_1_410' title='bbox 1315 3074 1480 3139; x_wconf 89' lang='lat' dir='ltr'>puta,</span> <span class='ocrx_word' id='word_1_411' title='bbox 1534 3067 1724 3123; x_wconf 90' lang='lat' dir='ltr'>libero</span> <span class='ocrx_word' id='word_1_412' title='bbox 1764 3068 1994 3133; x_wconf 88' lang='lat' dir='ltr'>arbitio,</span> <span class='ocrx_word' id='word_1_413' title='bbox 2032 3084 2099 3123; x_wconf 89' lang='lat' dir='ltr'>ac</span> <span class='ocrx_word' id='word_1_414' title='bbox 2135 3070 2155 3121; x_wconf 93' lang='grc'>[</span> 
     </span>
    </p>
   </div>
   <div class='ocr_carea' id='block_1_56' title="bbox 2280 3060 3857 3139">
    <p class='ocr_par' dir='ltr' id='par_1_56' title="bbox 2339 3060 3857 3137">
     <span class='ocr_line' id='line_1_56' title="bbox 2339 3060 3857 3137; baseline -0.005 -14"><span class='ocrx_word' id='word_1_415' title='bbox 2339 3072 2561 3135; x_wconf 75' lang='grc' dir='ltr'>ἅπαντα,</span> <span class='ocrx_word' id='word_1_416' title='bbox 2595 3075 2653 3123; x_wconf 85' lang='grc' dir='ltr'>τό</span> <span class='ocrx_word' id='word_1_417' title='bbox 2706 3089 2760 3122; x_wconf 76' lang='grc' dir='ltr'>τε</span> <span class='ocrx_word' id='word_1_418' title='bbox 2814 3069 3148 3131; x_wconf 72' lang='grc' dir='ltr'>αὐτεξούσιον</span> <span class='ocrx_word' id='word_1_419' title='bbox 3198 3075 3287 3119; x_wconf 79' lang='grc' dir='ltr'>καὶ</span> <span class='ocrx_word' id='word_1_420' title='bbox 3329 3072 3391 3119; x_wconf 80' lang='grc' dir='ltr'>τὸ</span> <span class='ocrx_word' id='word_1_421' title='bbox 3445 3069 3571 3120; x_wconf 82' lang='grc' dir='ltr'>Θεὶον</span> <span class='ocrx_word' id='word_1_422' title='bbox 3613 3060 3857 3137; x_wconf 44' lang='lat' dir='ltr'>lacuum},</span> 
     </span>
    </p>
   </div>
   <div class='ocr_carea' id='block_1_57' title="bbox 578 3151 2155 3230">
    <p class='ocr_par' dir='ltr' id='par_1_57' title="bbox 578 3156 2155 3222">
     <span class='ocr_line' id='line_1_57' title="bbox 578 3156 2155 3222; baseline 0 -10"><span class='ocrx_word' id='word_1_423' title='bbox 578 3156 761 3221; x_wconf 86' lang='lat' dir='ltr'>dono,</span> <span class='ocrx_word' id='word_1_424' title='bbox 787 3156 877 3211; x_wconf 89' lang='lat' dir='ltr'>vel</span> <span class='ocrx_word' id='word_1_425' title='bbox 904 3156 1184 3212; x_wconf 86' lang='lat' dir='ltr'>omnibus</span> <span class='ocrx_word' id='word_1_426' title='bbox 1208 3157 1330 3212; x_wconf 90' lang='lat' dir='ltr'>suis</span> <span class='ocrx_word' id='word_1_427' title='bbox 1360 3157 1789 3215; x_wconf 86' lang='lat' dir='ltr'>voluntatibus.</span> <span class='ocrx_word' id='word_1_428' title='bbox 1814 3158 1869 3212; x_wconf 91' lang='lat' dir='ltr'>id</span> <span class='ocrx_word' id='word_1_429' title='bbox 1904 3162 2012 3222; x_wconf 89' lang='lat' dir='ltr'>est,</span> <span class='ocrx_word' id='word_1_430' title='bbox 2046 3158 2155 3212; x_wconf 90' lang='lat' dir='ltr'>don</span> 
     </span>
    </p>
   </div>
   <div class='ocr_carea' id='block_1_58' title="bbox 2281 3151 3858 3230">
    <p class='ocr_par' dir='ltr' id='par_1_58' title="bbox 2339 3151 3858 3230">
     <span class='ocr_line' id='line_1_58' title="bbox 2339 3151 3858 3230; baseline -0.006 -17"><span class='ocrx_word' id='word_1_431' title='bbox 2339 3162 2543 3213; x_wconf 81' lang='grc' dir='ltr'>ἅπαντα</span> <span class='ocrx_word' id='word_1_432' title='bbox 2570 3162 2634 3211; x_wconf 82' lang='grc' dir='ltr'>τὰ</span> <span class='ocrx_word' id='word_1_433' title='bbox 2664 3159 2849 3212; x_wconf 77' lang='grc' dir='ltr'>ἑαυτοῦ</span> <span class='ocrx_word' id='word_1_434' title='bbox 2901 3157 3183 3230; x_wconf 80' lang='grc' dir='ltr'>θελήματα,</span> <span class='ocrx_word' id='word_1_435' title='bbox 3239 3161 3505 3218; x_wconf 80' lang='grc' dir='ltr'>τουτέστι,</span> <span class='ocrx_word' id='word_1_436' title='bbox 3551 3160 3706 3225; x_wconf 70' lang='grc' dir='ltr'>κύριος</span> <span class='ocrx_word' id='word_1_437' title='bbox 3744 3151 3858 3201; x_wconf 61' lang='grc' dir='ltr'>αὐτῶν</span> 
     </span>
    </p>
   </div>
   <div class='ocr_carea' id='block_1_59' title="bbox 577 3240 2154 3320">
    <p class='ocr_par' dir='ltr' id='par_1_59' title="bbox 577 3246 2154 3318">
     <span class='ocr_line' id='line_1_59' title="bbox 577 3246 2154 3318; baseline -0.003 -15"><span class='ocrx_word' id='word_1_438' title='bbox 577 3262 692 3303; x_wconf 90' lang='lat' dir='ltr'>nus</span> <span class='ocrx_word' id='word_1_439' title='bbox 717 3246 950 3302; x_wconf 83' lang='lat' dir='ltr'>illorum</span> <span class='ocrx_word' id='word_1_440' title='bbox 979 3247 1359 3311; x_wconf 88' lang='lat' dir='ltr'>constitutus,</span> <span class='ocrx_word' id='word_1_441' title='bbox 1410 3263 1653 3318; x_wconf 78' lang='lat' dir='ltr'>peregre</span> <span class='ocrx_word' id='word_1_442' title='bbox 1696 3248 1998 3318; x_wconf 84' lang='lat' dir='ltr'>profectus</span> <span class='ocrx_word' id='word_1_443' title='bbox 2030 3253 2120 3302; x_wconf 89' lang='lat' dir='ltr'>est</span> <span class='ocrx_word' id='word_1_444' title='bbox 2151 3270 2154 3298; x_wconf 62' lang='grc' dir='ltr'><em>λ</em></span> 
     </span>
    </p>
   </div>
   <div class='ocr_carea' id='block_1_60' title="bbox 2283 3240 3860 3320">
    <p class='ocr_par' dir='ltr' id='par_1_60' title="bbox 2338 3245 3860 3320">
     <span class='ocr_line' id='line_1_60' title="bbox 2338 3245 3860 3320; baseline -0.009 -17"><span class='ocrx_word' id='word_1_445' title='bbox 2338 3252 2623 3315; x_wconf 79' lang='grc' dir='ltr'>καταστὰς,</span> <span class='ocrx_word' id='word_1_446' title='bbox 2658 3245 2999 3318; x_wconf 70' lang='grc' dir='ltr'>ἀπεδήμησεν</span> <span class='ocrx_word' id='word_1_447' title='bbox 3030 3248 3097 3307; x_wconf 83' lang='grc' dir='ltr'>εἰς</span> <span class='ocrx_word' id='word_1_448' title='bbox 3126 3252 3218 3304; x_wconf 79' lang='grc' dir='ltr'>τὴν</span> <span class='ocrx_word' id='word_1_449' title='bbox 3269 3246 3551 3320; x_wconf 75' lang='grc' dir='ltr'>ἁμαρτίαν,</span> <span class='ocrx_word' id='word_1_450' title='bbox 3593 3248 3673 3300; x_wconf 72' lang='grc' dir='ltr'>τὴν</span> <span class='ocrx_word' id='word_1_451' title='bbox 3715 3257 3860 3312; x_wconf 51' lang='grc' dir='ltr'>μακρῇ</span> 
     </span>
    </p>
   </div>
   <div class='ocr_carea' id='block_1_61' title="bbox 577 3328 2154 3410">
    <p class='ocr_par' dir='ltr' id='par_1_61' title="bbox 577 3336 2154 3407">
     <span class='ocr_line' id='line_1_61' title="bbox 577 3336 2154 3407; baseline -0.001 -17"><span class='ocrx_word' id='word_1_452' title='bbox 577 3340 905 3407; x_wconf 89' lang='lat' dir='ltr'>peccatum,</span> <span class='ocrx_word' id='word_1_453' title='bbox 930 3336 1086 3407; x_wconf 90' lang='lat' dir='ltr'>quod</span> <span class='ocrx_word' id='word_1_454' title='bbox 1112 3337 1271 3391; x_wconf 92' lang='lat' dir='ltr'>aDeo</span> <span class='ocrx_word' id='word_1_455' title='bbox 1291 3337 1465 3407; x_wconf 77' lang='lat' dir='ltr'>longe</span> <span class='ocrx_word' id='word_1_456' title='bbox 1479 3342 1791 3407; x_wconf 85' lang='lat' dir='ltr'>separatur</span> <span class='ocrx_word' id='word_1_457' title='bbox 1823 3354 1835 3391; x_wconf 89' lang='lat'><strong>:</strong></span> <span class='ocrx_word' id='word_1_458' title='bbox 1869 3337 2045 3405; x_wconf 89' lang='lat' dir='ltr'>longe</span> <span class='ocrx_word' id='word_1_459' title='bbox 2067 3339 2154 3392; x_wconf 88' lang='lat' dir='ltr'>eni</span> 
     </span>
    </p>
   </div>
   <div class='ocr_carea' id='block_1_62' title="bbox 2281 3328 3858 3410">
    <p class='ocr_par' dir='ltr' id='par_1_62' title="bbox 2338 3328 3858 3410">
     <span class='ocr_line' id='line_1_62' title="bbox 2338 3328 3858 3410; baseline -0.01 -18"><span class='ocrx_word' id='word_1_460' title='bbox 2338 3348 2428 3392; x_wconf 82' lang='grc' dir='ltr'>τοῦ</span> <span class='ocrx_word' id='word_1_461' title='bbox 2460 3346 2593 3391; x_wconf 76' lang='grc' dir='ltr'>Θεοῦ</span> <span class='ocrx_word' id='word_1_462' title='bbox 2648 3342 2904 3408; x_wconf 71' lang='grc' dir='ltr'>κειμένην.</span> <span class='ocrx_word' id='word_1_463' title='bbox 2951 3335 3131 3410; x_wconf 75' lang='grc' dir='ltr'>Πορῥω</span> <span class='ocrx_word' id='word_1_464' title='bbox 3157 3338 3255 3406; x_wconf 74' lang='grc' dir='ltr'>γὰρ</span> <span class='ocrx_word' id='word_1_465' title='bbox 3306 3343 3403 3386; x_wconf 69' lang='grc' dir='ltr'>τοῦ</span> <span class='ocrx_word' id='word_1_466' title='bbox 3457 3342 3583 3387; x_wconf 77' lang='grc' dir='ltr'>Θεον</span> <span class='ocrx_word' id='word_1_467' title='bbox 3634 3338 3811 3400; x_wconf 71' lang='grc' dir='ltr'>γίνονται</span> <span class='ocrx_word' id='word_1_468' title='bbox 3830 3328 3858 3373; x_wconf 72' lang='grc' dir='ltr'><strong>ιὲ</strong></span> 
     </span>
    </p>
   </div>
   <div class='ocr_carea' id='block_1_63' title="bbox 576 3419 2153 3501">
    <p class='ocr_par' dir='ltr' id='par_1_63' title="bbox 576 3424 2153 3498">
     <span class='ocr_line' id='line_1_63' title="bbox 576 3424 2153 3498; baseline -0.001 -18"><span class='ocrx_word' id='word_1_469' title='bbox 576 3424 728 3480; x_wconf 86' lang='lat' dir='ltr'>ﬁunt</span> <span class='ocrx_word' id='word_1_470' title='bbox 756 3428 947 3489; x_wconf 88' lang='lat' dir='ltr'>aDeo,</span> <span class='ocrx_word' id='word_1_471' title='bbox 1000 3425 1101 3498; x_wconf 90' lang='lat' dir='ltr'>qui</span> <span class='ocrx_word' id='word_1_472' title='bbox 1158 3432 1443 3496; x_wconf 88' lang='lat' dir='ltr'>peccant:</span> <span class='ocrx_word' id='word_1_473' title='bbox 1487 3442 1607 3481; x_wconf 93' lang='lat' dir='ltr'>non</span> <span class='ocrx_word' id='word_1_474' title='bbox 1654 3425 1769 3482; x_wconf 90' lang='lat' dir='ltr'>loci</span> <span class='ocrx_word' id='word_1_475' title='bbox 1800 3426 2153 3496; x_wconf 76' lang='lat' dir='ltr'>segregatim</span> 
     </span>
    </p>
   </div>
   <div class='ocr_carea' id='block_1_64' title="bbox 2283 3419 3860 3501">
    <p class='ocr_par' dir='ltr' id='par_1_64' title="bbox 2340 3419 3860 3501">
     <span class='ocr_line' id='line_1_64' title="bbox 2340 3419 3860 3501; baseline -0.005 -22"><span class='ocrx_word' id='word_1_476' title='bbox 2340 3429 2737 3501; x_wconf 74' lang='grc' dir='ltr'>ἁμαρτάνοντες,</span> <span class='ocrx_word' id='word_1_477' title='bbox 2788 3426 2882 3478; x_wconf 70' lang='grc' dir='ltr'>οὐκ</span> <span class='ocrx_word' id='word_1_478' title='bbox 2909 3424 3247 3499; x_wconf 75' lang='grc' dir='ltr'>ἀναχωρήσει</span> <span class='ocrx_word' id='word_1_479' title='bbox 3294 3428 3483 3489; x_wconf 79' lang='grc' dir='ltr'>τόπου,</span> <span class='ocrx_word' id='word_1_480' title='bbox 3525 3422 3621 3474; x_wconf 75' lang='grc' dir='ltr'>ἀλλ’</span> <span class='ocrx_word' id='word_1_481' title='bbox 3658 3419 3860 3489; x_wconf 55' lang='grc' dir='ltr'>ἀναχωρέ-</span> 
     </span>
    </p>
   </div>
   <div class='ocr_carea' id='block_1_65' title="bbox 579 3514 2156 3588">
    <p class='ocr_par' dir='ltr' id='par_1_65' title="bbox 579 3514 960 3570">
     <span class='ocr_line' id='line_1_65' title="bbox 579 3514 960 3570; baseline 0 -1"><span class='ocrx_word' id='word_1_482' title='bbox 579 3514 682 3570; x_wconf 93' lang='lat' dir='ltr'>sed</span> <span class='ocrx_word' id='word_1_483' title='bbox 712 3515 960 3570; x_wconf 91' lang='lat' dir='ltr'>virtutis.</span> 
     </span>
    </p>
   </div>
   <div class='ocr_carea' id='block_1_66' title="bbox 1188 3514 2765 3588">
    <p class='ocr_par' dir='ltr' id='par_1_66' title="bbox 2342 3516 2765 3588">
     <span class='ocr_line' id='line_1_66' title="bbox 2342 3516 2765 3588; baseline -0.007 -16"><span class='ocrx_word' id='word_1_484' title='bbox 2342 3538 2421 3572; x_wconf 89' lang='grc' dir='ltr'>σει</span> <span class='ocrx_word' id='word_1_485' title='bbox 2440 3526 2500 3575; x_wconf 79' lang='grc' dir='ltr'>τῆ</span> <span class='ocrx_word' id='word_1_486' title='bbox 2515 3537 2533 3578; x_wconf 89' lang='grc' dir='ltr'>ς</span> <span class='ocrx_word' id='word_1_487' title='bbox 2563 3516 2714 3588; x_wconf 82' lang='grc' dir='ltr'>ἁρετῆ</span> <span class='ocrx_word' id='word_1_488' title='bbox 2728 3535 2765 3575; x_wconf 90' lang='grc' dir='ltr'>ς.</span> 
     </span>
    </p>
   </div>
   <div class='ocr_carea' id='block_1_67' title="bbox 650 3599 2227 3677">
    <p class='ocr_par' dir='ltr' id='par_1_67' title="bbox 650 3604 2226 3677">
     <span class='ocr_line' id='line_1_67' title="bbox 650 3604 2226 3677; baseline 0.004 -23"><span class='ocrx_word' id='word_1_489' title='bbox 650 3604 812 3659; x_wconf 90' lang='lat' dir='ltr'>Vers.</span> <span class='ocrx_word' id='word_1_490' title='bbox 854 3609 934 3660; x_wconf 86' lang='grc'><strong>13.</strong></span> <span class='ocrx_word' id='word_1_491' title='bbox 969 3606 1055 3661; x_wconf 78' lang='lat' dir='ltr'>Ac</span> <span class='ocrx_word' id='word_1_492' title='bbox 1079 3604 1163 3660; x_wconf 81' lang='lat' dir='ltr'>ibi</span> <span class='ocrx_word' id='word_1_493' title='bbox 1185 3637 1253 3644; x_wconf 97' lang='lat'><strong>—</strong></span> <span class='ocrx_word' id='word_1_494' title='bbox 1278 3621 1455 3659; x_wconf 87' lang='lat' dir='ltr'>suam.</span> <span class='ocrx_word' id='word_1_495' title='bbox 1492 3604 2029 3675; x_wconf 88' lang='lat' dir='ltr'>Corrupitdonum,</span> <span class='ocrx_word' id='word_1_496' title='bbox 2064 3606 2226 3677; x_wconf 91' lang='lat' dir='ltr'>quod</span> 
     </span>
    </p>
   </div>
   <div class='ocr_carea' id='block_1_68' title="bbox 2282 3599 3859 3677">
    <p class='ocr_par' dir='ltr' id='par_1_68' title="bbox 2282 3599 3859 3675">
     <span class='ocr_line' id='line_1_68' title="bbox 2282 3599 3859 3675; baseline -0.011 -17"><span class='ocrx_word' id='word_1_497' title='bbox 2282 3612 2305 3666; x_wconf 69' lang='lat'>3</span> <span class='ocrx_word' id='word_1_498' title='bbox 2413 3612 2512 3659; x_wconf 81' lang='grc' dir='ltr'>Καὶ</span> <span class='ocrx_word' id='word_1_499' title='bbox 2536 3605 2637 3658; x_wconf 77' lang='grc' dir='ltr'>ὶκεῖ</span> <span class='ocrx_word' id='word_1_500' title='bbox 2666 3637 2734 3645; x_wconf 93' lang='lat'><strong>—</strong></span> <span class='ocrx_word' id='word_1_501' title='bbox 2762 3604 2939 3658; x_wconf 69' lang='grc' dir='ltr'>αὑτοῦ.</span> <span class='ocrx_word' id='word_1_502' title='bbox 2977 3605 3233 3675; x_wconf 65' lang='grc' dir='ltr'>Διέφθειρε</span> <span class='ocrx_word' id='word_1_503' title='bbox 3262 3606 3324 3655; x_wconf 84' lang='grc' dir='ltr'>τὸ</span> <span class='ocrx_word' id='word_1_504' title='bbox 3357 3601 3414 3655; x_wconf 82' lang='grc' dir='ltr'>ἐκ</span> <span class='ocrx_word' id='word_1_505' title='bbox 3457 3608 3545 3655; x_wconf 85' lang='grc' dir='ltr'>τοῦ</span> <span class='ocrx_word' id='word_1_506' title='bbox 3575 3599 3859 3673; x_wconf 64' lang='grc' dir='ltr'>βαπτίσματος</span> 
     </span>
    </p>
   </div>
   <div class='ocr_carea' id='block_1_69' title="bbox 576 3685 2153 3769">
    <p class='ocr_par' dir='ltr' id='par_1_69' title="bbox 576 3693 2153 3765">
     <span class='ocr_line' id='line_1_69' title="bbox 576 3693 2153 3765; baseline -0.003 -16"><span class='ocrx_word' id='word_1_507' title='bbox 576 3708 613 3749; x_wconf 87' lang='lat' dir='ltr'>a</span> <span class='ocrx_word' id='word_1_508' title='bbox 642 3693 936 3764; x_wconf 89' lang='lat' dir='ltr'>baptismo</span> <span class='ocrx_word' id='word_1_509' title='bbox 949 3699 1313 3765; x_wconf 89' lang='lat' dir='ltr'>susceperat,</span> <span class='ocrx_word' id='word_1_510' title='bbox 1340 3699 1485 3765; x_wconf 89' lang='lat' dir='ltr'>puta</span> <span class='ocrx_word' id='word_1_511' title='bbox 1502 3694 1719 3750; x_wconf 88' lang='lat' dir='ltr'>anima</span> <span class='ocrx_word' id='word_1_512' title='bbox 1742 3695 2153 3764; x_wconf 49' lang='lat' dir='ltr'>nobilitatem,</span> 
     </span>
    </p>
   </div>
   <div class='ocr_carea' id='block_1_70' title="bbox 2281 3685 3858 3769">
    <p class='ocr_par' dir='ltr' id='par_1_70' title="bbox 2343 3685 3858 3769">
     <span class='ocr_line' id='line_1_70' title="bbox 2343 3685 3858 3769; baseline -0.013 -13"><span class='ocrx_word' id='word_1_513' title='bbox 2343 3699 2606 3769; x_wconf 78' lang='grc' dir='ltr'>χάρισμα,</span> <span class='ocrx_word' id='word_1_514' title='bbox 2642 3699 2734 3753; x_wconf 78' lang='grc' dir='ltr'>τὴν</span> <span class='ocrx_word' id='word_1_515' title='bbox 2765 3701 2859 3754; x_wconf 76' lang='grc' dir='ltr'>τῆς</span> <span class='ocrx_word' id='word_1_516' title='bbox 2904 3693 3091 3764; x_wconf 70' lang='grc' dir='ltr'>ψυχῆς</span> <span class='ocrx_word' id='word_1_517' title='bbox 3141 3693 3421 3764; x_wconf 70' lang='grc' dir='ltr'>εὐγένειαν,</span> <span class='ocrx_word' id='word_1_518' title='bbox 3476 3697 3564 3749; x_wconf 73' lang='grc' dir='ltr'>τὴν</span> <span class='ocrx_word' id='word_1_519' title='bbox 3592 3694 3700 3761; x_wconf 77' lang='grc' dir='ltr'>πρὸς</span> <span class='ocrx_word' id='word_1_520' title='bbox 3732 3685 3858 3755; x_wconf 64' lang='grc' dir='ltr'>ἀρετάς</span> 
     </span>
    </p>
   </div>
   <div class='ocr_carea' id='block_1_71' title="bbox 576 3773 2153 3855">
    <p class='ocr_par' dir='ltr' id='par_1_71' title="bbox 576 3783 2153 3855">
     <span class='ocr_line' id='line_1_71' title="bbox 576 3783 2153 3855; baseline 0.001 -18"><span class='ocrx_word' id='word_1_521' title='bbox 576 3783 818 3838; x_wconf 86' lang='lat' dir='ltr'>virtutes</span> <span class='ocrx_word' id='word_1_522' title='bbox 867 3783 1275 3855; x_wconf 86' lang='lat' dir='ltr'>aptitudinem.</span> <span class='ocrx_word' id='word_1_523' title='bbox 1319 3784 1455 3839; x_wconf 87' lang='lat' dir='ltr'>Hac</span> <span class='ocrx_word' id='word_1_524' title='bbox 1493 3784 1651 3839; x_wconf 89' lang='lat' dir='ltr'>enim</span> <span class='ocrx_word' id='word_1_525' title='bbox 1696 3790 1752 3840; x_wconf 90' lang='lat' dir='ltr'>et</span> <span class='ocrx_word' id='word_1_526' title='bbox 1807 3784 2024 3839; x_wconf 87' lang='lat' dir='ltr'>similia</span> <span class='ocrx_word' id='word_1_527' title='bbox 2063 3800 2153 3839; x_wconf 87' lang='lat' dir='ltr'>era</span> 
     </span>
    </p>
   </div>
   <div class='ocr_carea' id='block_1_72' title="bbox 2283 3773 3860 3855">
    <p class='ocr_par' dir='ltr' id='par_1_72' title="bbox 2339 3773 3860 3855">
     <span class='ocr_line' id='line_1_72' title="bbox 2339 3773 3860 3855; baseline -0.005 -19"><span class='ocrx_word' id='word_1_528' title='bbox 2339 3780 2755 3841; x_wconf 74' lang='grc' dir='ltr'>ὶπιτηδειότητα.</span> <span class='ocrx_word' id='word_1_529' title='bbox 2798 3791 2976 3835; x_wconf 71' lang='grc' dir='ltr'>Ταῦτα</span> <span class='ocrx_word' id='word_1_530' title='bbox 2999 3786 3099 3855; x_wconf 80' lang='grc' dir='ltr'>γὰρ</span> <span class='ocrx_word' id='word_1_531' title='bbox 3128 3787 3216 3834; x_wconf 82' lang='grc' dir='ltr'>καὶ</span> <span class='ocrx_word' id='word_1_532' title='bbox 3248 3786 3317 3834; x_wconf 80' lang='grc' dir='ltr'>τὰ</span> <span class='ocrx_word' id='word_1_533' title='bbox 3347 3789 3560 3834; x_wconf 77' lang='grc' dir='ltr'>τοιαῦτα</span> <span class='ocrx_word' id='word_1_534' title='bbox 3613 3775 3723 3835; x_wconf 61' lang='grc' dir='ltr'>ἦσαν</span> <span class='ocrx_word' id='word_1_535' title='bbox 3754 3773 3860 3824; x_wconf 66' lang='grc' dir='ltr'>οὖσα</span> 
     </span>
    </p>
   </div>
   <div class='ocr_carea' id='block_1_73' title="bbox 576 3872 2153 3943">
    <p class='ocr_par' dir='ltr' id='par_1_73' title="bbox 576 3872 1449 3943">
     <span class='ocr_line' id='line_1_73' title="bbox 576 3872 1449 3943; baseline 0.001 -15"><span class='ocrx_word' id='word_1_536' title='bbox 576 3872 705 3943; x_wconf 88' lang='lat' dir='ltr'>ejus</span> <span class='ocrx_word' id='word_1_537' title='bbox 744 3872 1077 3930; x_wconf 87' lang='lat' dir='ltr'>substantia</span> <span class='ocrx_word' id='word_1_538' title='bbox 1109 3890 1177 3929; x_wconf 89' lang='lat' dir='ltr'>ac</span> <span class='ocrx_word' id='word_1_539' title='bbox 1211 3873 1449 3929; x_wconf 89' lang='lat' dir='ltr'>divitia.</span> 
     </span>
    </p>
   </div>
   <div class='ocr_carea' id='block_1_74' title="bbox 1323 3872 2900 3943">
    <p class='ocr_par' dir='ltr' id='par_1_74' title="bbox 1323 3872 2900 3935">
     <span class='ocr_line' id='line_1_74' title="bbox 1323 3872 2900 3935; baseline -0.003 -8"><span class='ocrx_word' id='word_1_540' title='bbox 1323 3874 1449 3929; x_wconf 81' lang='lat' dir='ltr'>itia.</span> <span class='ocrx_word' id='word_1_541' title='bbox 2338 3878 2427 3926; x_wconf 80' lang='grc' dir='ltr'>καὶ</span> <span class='ocrx_word' id='word_1_542' title='bbox 2460 3872 2679 3935; x_wconf 69' lang='grc' dir='ltr'>πλοῦτος</span> <span class='ocrx_word' id='word_1_543' title='bbox 2721 3873 2900 3925; x_wconf 76' lang='grc' dir='ltr'>αὐτοῦ.</span> 
     </span>
    </p>
   </div>
   <div class='ocr_carea' id='block_1_75' title="bbox 648 3957 2225 4036">
    <p class='ocr_par' dir='ltr' id='par_1_75' title="bbox 648 3962 2225 4035">
     <span class='ocr_line' id='line_1_75' title="bbox 648 3962 2225 4035; baseline 0.003 -20"><span class='ocrx_word' id='word_1_544' title='bbox 648 3963 808 4017; x_wconf 89' lang='lat' dir='ltr'>Vers.</span> <span class='ocrx_word' id='word_1_545' title='bbox 862 3964 947 4017; x_wconf 80' lang='lat' dir='ltr'>t3.</span> <span class='ocrx_word' id='word_1_546' title='bbox 1019 3964 1276 4019; x_wconf 82' lang='lat' dir='ltr'>Vivendo</span> <span class='ocrx_word' id='word_1_547' title='bbox 1328 3994 1397 4003; x_wconf 99' lang='lat'>—</span> <span class='ocrx_word' id='word_1_548' title='bbox 1464 3962 1782 4020; x_wconf 76' lang='lat' dir='ltr'>luxuriose.</span> <span class='ocrx_word' id='word_1_549' title='bbox 1824 3963 2225 4035; x_wconf 87' lang='lat' dir='ltr'>Prodigaliter,</span> 
     </span>
    </p>
   </div>
   <div class='ocr_carea' id='block_1_76' title="bbox 2205 3957 3782 4036">
    <p class='ocr_par' dir='ltr' id='par_1_76' title="bbox 2205 3957 3782 4036">
     <span class='ocr_line' id='line_1_76' title="bbox 2205 3957 3782 4036; baseline -0.004 -19"><span class='ocrx_word' id='word_1_550' title='bbox 2205 3983 2227 4029; x_wconf 83' lang='lat'>&#39;,</span> <span class='ocrx_word' id='word_1_551' title='bbox 2409 3970 2518 4015; x_wconf 82' lang='grc' dir='ltr'>Ζῶν</span> <span class='ocrx_word' id='word_1_552' title='bbox 2551 3995 2616 4003; x_wconf 93' lang='grc'><strong>-</strong></span> <span class='ocrx_word' id='word_1_553' title='bbox 2644 3961 2877 4023; x_wconf 79' lang='grc' dir='ltr'>ἀσώτως.</span> <span class='ocrx_word' id='word_1_554' title='bbox 2910 3958 3177 4034; x_wconf 74' lang='grc' dir='ltr'>Ἀφειδῶς,</span> <span class='ocrx_word' id='word_1_555' title='bbox 3215 3960 3476 4036; x_wconf 78' lang='grc' dir='ltr'>ἀκρατῶς,</span> <span class='ocrx_word' id='word_1_556' title='bbox 3518 3957 3782 4011; x_wconf 70' lang='grc' dir='ltr'>ἀκολάστως-</span> 
     </span>
    </p>
   </div>
   <div class='ocr_carea' id='block_1_77' title="bbox 575 4050 1687 4123">
    <p class='ocr_par' dir='ltr' id='par_1_77' title="bbox 575 4050 1687 4123">
     <span class='ocr_line' id='line_1_77' title="bbox 575 4050 1687 4123; baseline 0.001 -16"><span class='ocrx_word' id='word_1_557' title='bbox 575 4050 1059 4123; x_wconf 88' lang='lat' dir='ltr'>intemperanter,</span> <span class='ocrx_word' id='word_1_558' title='bbox 1090 4052 1428 4115; x_wconf 89' lang='lat' dir='ltr'>libidinose,</span> <span class='ocrx_word' id='word_1_559' title='bbox 1446 4053 1687 4108; x_wconf 91' lang='lat' dir='ltr'>lascive.</span> 
     </span>
    </p>
   </div>
   <div class='ocr_carea' id='block_1_78' title="bbox 648 4132 2225 4214">
    <p class='ocr_par' dir='ltr' id='par_1_78' title="bbox 648 4142 2225 4214">
     <span class='ocr_line' id='line_1_78' title="bbox 648 4142 2225 4214; baseline 0.005 -22"><span class='ocrx_word' id='word_1_560' title='bbox 648 4142 817 4199; x_wconf 91' lang='lat' dir='ltr'>Vers.</span> <span class='ocrx_word' id='word_1_561' title='bbox 866 4143 953 4199; x_wconf 83' lang='grc'>14.</span> <span class='ocrx_word' id='word_1_562' title='bbox 997 4144 1261 4214; x_wconf 84' lang='lat' dir='ltr'>Cumque</span> <span class='ocrx_word' id='word_1_563' title='bbox 1308 4158 1508 4199; x_wconf 74' lang='lat' dir='ltr'>omnia</span> <span class='ocrx_word' id='word_1_564' title='bbox 1559 4145 2027 4213; x_wconf 79' lang='lat' dir='ltr'>consumpsisset.</span> <span class='ocrx_word' id='word_1_565' title='bbox 2083 4146 2225 4200; x_wconf 91' lang='lat' dir='ltr'>Cum</span> 
     </span>
    </p>
   </div>
   <div class='ocr_carea' id='block_1_79' title="bbox 2274 4132 3851 4214">
    <p class='ocr_par' dir='ltr' id='par_1_79' title="bbox 2414 4132 3851 4202">
     <span class='ocr_line' id='line_1_79' title="bbox 2414 4132 3851 4202; baseline -0.004 -9"><span class='ocrx_word' id='word_1_566' title='bbox 2414 4146 2818 4202; x_wconf 77' lang='grc' dir='ltr'>Δαπανήσαντος</span> <span class='ocrx_word' id='word_1_567' title='bbox 2845 4137 2904 4194; x_wconf 68' lang='grc' dir='ltr'>δὲ</span> <span class='ocrx_word' id='word_1_568' title='bbox 2948 4140 3107 4193; x_wconf 71' lang='grc' dir='ltr'>αὐτοῦ</span> <span class='ocrx_word' id='word_1_569' title='bbox 3130 4143 3319 4195; x_wconf 80' lang='grc' dir='ltr'>πάντα.</span> <span class='ocrx_word' id='word_1_570' title='bbox 3356 4139 3704 4195; x_wconf 68' lang='grc' dir='ltr'>Ἀποόσλόντος</span> <span class='ocrx_word' id='word_1_571' title='bbox 3723 4132 3851 4194; x_wconf 61' lang='grc' dir='ltr'>πάντα,</span> 
     </span>
    </p>
   </div>
   <div class='ocr_carea' id='block_1_80' title="bbox 580 4228 2157 4307">
    <p class='ocr_par' dir='ltr' id='par_1_80' title="bbox 580 4231 2157 4307">
     <span class='ocr_line' id='line_1_80' title="bbox 580 4231 2157 4307; baseline 0.003 -21"><span class='ocrx_word' id='word_1_572' title='bbox 580 4231 912 4303; x_wconf 85' lang='lat' dir='ltr'>abjecisset,</span> <span class='ocrx_word' id='word_1_573' title='bbox 945 4238 1049 4289; x_wconf 89' lang='lat' dir='ltr'>ant</span> <span class='ocrx_word' id='word_1_574' title='bbox 1100 4234 1441 4305; x_wconf 84' lang='lat' dir='ltr'>respuisset,</span> <span class='ocrx_word' id='word_1_575' title='bbox 1474 4250 1847 4307; x_wconf 87' lang='lat' dir='ltr'>quacunque</span> <span class='ocrx_word' id='word_1_576' title='bbox 1900 4235 2157 4291; x_wconf 87' lang='lat' dir='ltr'>habebat</span> 
     </span>
    </p>
   </div>
   <div class='ocr_carea' id='block_1_81' title="bbox 1509 4228 3086 4307">
    <p class='ocr_par' dir='ltr' id='par_1_81' title="bbox 1509 4228 3086 4307">
     <span class='ocr_line' id='line_1_81' title="bbox 1509 4228 3086 4307; baseline -0.005 -19"><span class='ocrx_word' id='word_1_577' title='bbox 1509 4250 1847 4307; x_wconf 73' lang='lat' dir='ltr'>&#39;uacunque</span> <span class='ocrx_word' id='word_1_578' title='bbox 1900 4235 2158 4291; x_wconf 87' lang='lat' dir='ltr'>habebat</span> <span class='ocrx_word' id='word_1_579' title='bbox 2195 4251 2231 4291; x_wconf 92' lang='lat' dir='ltr'>a</span> <span class='ocrx_word' id='word_1_580' title='bbox 2343 4232 2443 4284; x_wconf 86' lang='grc' dir='ltr'>ὅσα</span> <span class='ocrx_word' id='word_1_581' title='bbox 2468 4228 2606 4303; x_wconf 82' lang='grc' dir='ltr'>εἶχεν</span> <span class='ocrx_word' id='word_1_582' title='bbox 2638 4230 2691 4282; x_wconf 79' lang='grc' dir='ltr'><em>ἐκ</em></span> <span class='ocrx_word' id='word_1_583' title='bbox 2717 4236 2863 4297; x_wconf 75' lang='grc' dir='ltr'>Θεοῦ,</span> <span class='ocrx_word' id='word_1_584' title='bbox 2897 4228 3086 4301; x_wconf 76' lang='grc' dir='ltr'>ἀγαθοί.</span> 
     </span>
    </p>
   </div>
   <div class='ocr_carea' id='block_1_82' title="bbox 579 4320 911 4378">
    <p class='ocr_par' dir='ltr' id='par_1_82' title="bbox 579 4320 911 4378">
     <span class='ocr_line' id='line_1_82' title="bbox 579 4320 911 4378; baseline 0.006 -2"><span class='ocrx_word' id='word_1_585' title='bbox 579 4320 699 4377; x_wconf 92' lang='lat' dir='ltr'>Deo</span> <span class='ocrx_word' id='word_1_586' title='bbox 733 4322 911 4378; x_wconf 89' lang='lat' dir='ltr'>bona.</span> 
     </span>
    </p>
   </div>
   <div class='ocr_carea' id='block_1_83' title="bbox 647 4401 2224 4481">
    <p class='ocr_par' dir='ltr' id='par_1_83' title="bbox 647 4412 2224 4469">
     <span class='ocr_line' id='line_1_83' title="bbox 647 4412 2224 4469; baseline 0.003 -5"><span class='ocrx_word' id='word_1_587' title='bbox 647 4412 812 4468; x_wconf 90' lang='lat' dir='ltr'>Vers.</span> <span class='ocrx_word' id='word_1_588' title='bbox 876 4412 962 4468; x_wconf 77' lang='grc'><strong>14.</strong></span> <span class='ocrx_word' id='word_1_589' title='bbox 1020 4413 1202 4468; x_wconf 80' lang='lat' dir='ltr'>Facta</span> <span class='ocrx_word' id='word_1_590' title='bbox 1249 4417 1334 4468; x_wconf 80' lang='lat' dir='ltr'>est</span> <span class='ocrx_word' id='word_1_591' title='bbox 1381 4442 1448 4453; x_wconf 90' lang='lat'>-—</span> <span class='ocrx_word' id='word_1_592' title='bbox 1492 4413 1615 4468; x_wconf 77' lang='lat' dir='ltr'>illa.</span> <span class='ocrx_word' id='word_1_593' title='bbox 1669 4412 1775 4469; x_wconf 90' lang='lat' dir='ltr'>Ubi</span> <span class='ocrx_word' id='word_1_594' title='bbox 1835 4414 1995 4468; x_wconf 90' lang='lat' dir='ltr'>enim</span> <span class='ocrx_word' id='word_1_595' title='bbox 2049 4412 2224 4468; x_wconf 88' lang='lat' dir='ltr'>divini</span> 
     </span>
    </p>
   </div>
   <div class='ocr_carea' id='block_1_84' title="bbox 2277 4401 3854 4481">
    <p class='ocr_par' dir='ltr' id='par_1_84' title="bbox 2415 4401 3854 4481">
     <span class='ocr_line' id='line_1_84' title="bbox 2415 4401 3854 4481; baseline -0.01 -17"><span class='ocrx_word' id='word_1_596' title='bbox 2415 4409 2636 4481; x_wconf 75' lang='grc' dir='ltr'>Ἐγένετο</span> <span class='ocrx_word' id='word_1_597' title='bbox 2663 4441 2728 4451; x_wconf 94' lang='grc'><strong><em>-</em></strong></span> <span class='ocrx_word' id='word_1_598' title='bbox 2751 4409 2965 4467; x_wconf 78' lang='grc' dir='ltr'>ἐκείνην,</span> <span class='ocrx_word' id='word_1_599' title='bbox 2997 4408 3285 4480; x_wconf 62' lang='grc' dir='ltr'>Ὀποιίγὰρ</span> <span class='ocrx_word' id='word_1_600' title='bbox 3316 4410 3343 4460; x_wconf 84' lang='grc' dir='ltr'><strong><em>ὁ</em></strong></span> <span class='ocrx_word' id='word_1_601' title='bbox 3362 4416 3457 4461; x_wconf 82' lang='grc' dir='ltr'>τοῦ</span> <span class='ocrx_word' id='word_1_602' title='bbox 3474 4410 3598 4461; x_wconf 82' lang='grc' dir='ltr'>θείου</span> <span class='ocrx_word' id='word_1_603' title='bbox 3619 4401 3746 4477; x_wconf 69' lang='grc' dir='ltr'>φόϐον</span> <span class='ocrx_word' id='word_1_604' title='bbox 3764 4404 3854 4450; x_wconf 52' lang='lat' dir='ltr'>sits;</span> 
     </span>
    </p>
   </div>
   <div class='ocr_carea' id='block_1_85' title="bbox 576 4484 2153 4574">
    <p class='ocr_par' dir='ltr' id='par_1_85' title="bbox 576 4500 2153 4567">
     <span class='ocr_line' id='line_1_85' title="bbox 576 4500 2153 4567; baseline 0 -11"><span class='ocrx_word' id='word_1_605' title='bbox 576 4500 808 4557; x_wconf 90' lang='lat' dir='ltr'>timoris</span> <span class='ocrx_word' id='word_1_606' title='bbox 835 4501 1202 4557; x_wconf 88' lang='lat' dir='ltr'>frumentum</span> <span class='ocrx_word' id='word_1_607' title='bbox 1235 4517 1352 4557; x_wconf 90' lang='lat' dir='ltr'>non</span> <span class='ocrx_word' id='word_1_608' title='bbox 1381 4502 1609 4567; x_wconf 87' lang='lat' dir='ltr'>seritur,</span> <span class='ocrx_word' id='word_1_609' title='bbox 1637 4502 1715 4557; x_wconf 87' lang='lat' dir='ltr'>ibi</span> <span class='ocrx_word' id='word_1_610' title='bbox 1775 4502 1961 4558; x_wconf 84' lang='lat' dir='ltr'>fames</span> <span class='ocrx_word' id='word_1_611' title='bbox 2009 4502 2153 4558; x_wconf 89' lang='lat' dir='ltr'>valic</span> 
     </span>
    </p>
   </div>
   <div class='ocr_carea' id='block_1_86' title="bbox 2277 4484 3854 4574">
    <p class='ocr_par' dir='ltr' id='par_1_86' title="bbox 2345 4498 3843 4574">
     <span class='ocr_line' id='line_1_86' title="bbox 2345 4498 3843 4574; baseline -0.006 -22"><span class='ocrx_word' id='word_1_612' title='bbox 2345 4500 2402 4552; x_wconf 76' lang='grc' dir='ltr'>οὐ</span> <span class='ocrx_word' id='word_1_613' title='bbox 2423 4508 2747 4574; x_wconf 71' lang='grc' dir='ltr'>γεωργεῖται,</span> <span class='ocrx_word' id='word_1_614' title='bbox 2808 4498 2913 4550; x_wconf 76' lang='grc' dir='ltr'>ἐκεῖ</span> <span class='ocrx_word' id='word_1_615' title='bbox 2947 4498 3093 4571; x_wconf 75' lang='grc' dir='ltr'>λιμὸς</span> <span class='ocrx_word' id='word_1_616' title='bbox 3155 4498 3408 4571; x_wconf 78' lang='grc' dir='ltr'>ἰσχυρὸς,</span> <span class='ocrx_word' id='word_1_617' title='bbox 3463 4498 3553 4550; x_wconf 67' lang='grc' dir='ltr'>οὐκ</span> <span class='ocrx_word' id='word_1_618' title='bbox 3599 4498 3745 4567; x_wconf 70' lang='grc' dir='ltr'>ἄρτον,</span> <span class='ocrx_word' id='word_1_619' title='bbox 3786 4502 3843 4535; x_wconf 66' lang='grc' dir='ltr'>αλλ</span> 
     </span>
    </p>
   </div>
   <div class='ocr_carea' id='block_1_87' title="bbox 576 4583 2153 4663">
    <p class='ocr_par' dir='ltr' id='par_1_87' title="bbox 576 4591 2153 4662">
     <span class='ocr_line' id='line_1_87' title="bbox 576 4591 2153 4662; baseline 0.001 -17"><span class='ocrx_word' id='word_1_620' title='bbox 576 4606 699 4645; x_wconf 94' lang='lat' dir='ltr'>non</span> <span class='ocrx_word' id='word_1_621' title='bbox 738 4592 931 4662; x_wconf 89' lang='lat' dir='ltr'>panis,</span> <span class='ocrx_word' id='word_1_622' title='bbox 967 4592 1067 4647; x_wconf 91' lang='lat' dir='ltr'>sed</span> <span class='ocrx_word' id='word_1_623' title='bbox 1102 4591 1331 4647; x_wconf 91' lang='lat' dir='ltr'>virtutis</span> <span class='ocrx_word' id='word_1_624' title='bbox 1366 4608 1379 4657; x_wconf 91' lang='lat'><strong>;</strong></span> <span class='ocrx_word' id='word_1_625' title='bbox 1414 4592 1514 4647; x_wconf 91' lang='lat' dir='ltr'>ubi</span> <span class='ocrx_word' id='word_1_626' title='bbox 1543 4591 1806 4648; x_wconf 83' lang='lat' dir='ltr'>fertilitas</span> <span class='ocrx_word' id='word_1_627' title='bbox 1836 4592 2031 4648; x_wconf 90' lang='lat' dir='ltr'>omnis</span> <span class='ocrx_word' id='word_1_628' title='bbox 2066 4608 2153 4648; x_wconf 81' lang='lat' dir='ltr'>ma</span> 
     </span>
    </p>
   </div>
   <div class='ocr_carea' id='block_1_88' title="bbox 2276 4583 3853 4663">
    <p class='ocr_par' dir='ltr' id='par_1_88' title="bbox 2346 4583 3853 4663">
     <span class='ocr_line' id='line_1_88' title="bbox 2346 4583 3853 4663; baseline -0.004 -22"><span class='ocrx_word' id='word_1_629' title='bbox 2346 4590 2527 4663; x_wconf 77' lang='grc' dir='ltr'>ἀρετῆς</span> <span class='ocrx_word' id='word_1_630' title='bbox 2555 4609 2568 4622; x_wconf 88' lang='grc'><strong>·</strong></span> <span class='ocrx_word' id='word_1_631' title='bbox 2594 4592 2721 4641; x_wconf 85' lang='grc' dir='ltr'>ὅπου</span> <span class='ocrx_word' id='word_1_632' title='bbox 2753 4588 2965 4662; x_wconf 67' lang='grc' dir='ltr'>εὐφορία</span> <span class='ocrx_word' id='word_1_633' title='bbox 3022 4591 3214 4650; x_wconf 83' lang='grc' dir='ltr'>παντὸς</span> <span class='ocrx_word' id='word_1_634' title='bbox 3238 4596 3430 4653; x_wconf 78' lang='grc' dir='ltr'>κακοῦ,</span> <span class='ocrx_word' id='word_1_635' title='bbox 3464 4590 3563 4640; x_wconf 76' lang='grc' dir='ltr'>ἱχεῖ</span> <span class='ocrx_word' id='word_1_636' title='bbox 3597 4583 3748 4657; x_wconf 58' lang='grc' dir='ltr'>ἀφορία</span> <span class='ocrx_word' id='word_1_637' title='bbox 3774 4594 3853 4627; x_wconf 62' lang='grc' dir='ltr'>πτο-</span> 
     </span>
    </p>
   </div>
   <div class='ocr_carea' id='block_1_89' title="bbox 581 4678 2158 4746">
    <p class='ocr_par' dir='ltr' id='par_1_89' title="bbox 581 4679 1391 4746">
     <span class='ocr_line' id='line_1_89' title="bbox 581 4679 1391 4746; baseline 0 -11"><span class='ocrx_word' id='word_1_638' title='bbox 581 4679 660 4735; x_wconf 91' lang='lat' dir='ltr'>ibi</span> <span class='ocrx_word' id='word_1_639' title='bbox 702 4680 972 4735; x_wconf 83' lang='lat' dir='ltr'>sterilitas</span> <span class='ocrx_word' id='word_1_640' title='bbox 1002 4681 1199 4736; x_wconf 92' lang='lat' dir='ltr'>omnis</span> <span class='ocrx_word' id='word_1_641' title='bbox 1229 4681 1391 4746; x_wconf 86' lang='lat' dir='ltr'>boni,</span> 
     </span>
    </p>
   </div>
   <div class='ocr_carea' id='block_1_90' title="bbox 1064 4678 2641 4746">
    <p class='ocr_par' dir='ltr' id='par_1_90' title="bbox 1064 4678 2641 4746">
     <span class='ocr_line' id='line_1_90' title="bbox 1064 4678 2641 4746; baseline -0.003 -10"><span class='ocrx_word' id='word_1_642' title='bbox 1064 4681 1199 4736; x_wconf 83' lang='lat' dir='ltr'>nnis</span> <span class='ocrx_word' id='word_1_643' title='bbox 1229 4681 1391 4746; x_wconf 79' lang='lat' dir='ltr'>boni,</span> <span class='ocrx_word' id='word_1_644' title='bbox 2345 4683 2432 4741; x_wconf 85' lang='grc' dir='ltr'><strong>τός</strong></span> <span class='ocrx_word' id='word_1_645' title='bbox 2462 4678 2641 4731; x_wconf 74' lang='grc' dir='ltr'>καλοῦ.</span> 
     </span>
    </p>
   </div>
   <div class='ocr_carea' id='block_1_91' title="bbox 650 4752 2227 4843">
    <p class='ocr_par' dir='ltr' id='par_1_91' title="bbox 650 4768 2227 4843">
     <span class='ocr_line' id='line_1_91' title="bbox 650 4768 2227 4843; baseline 0.002 -21"><span class='ocrx_word' id='word_1_646' title='bbox 650 4768 817 4823; x_wconf 90' lang='lat' dir='ltr'>Vers.</span> <span class='ocrx_word' id='word_1_647' title='bbox 858 4772 939 4823; x_wconf 80' lang='grc'>14.</span> <span class='ocrx_word' id='word_1_648' title='bbox 973 4770 1048 4823; x_wconf 85' lang='lat' dir='ltr'>Et</span> <span class='ocrx_word' id='word_1_649' title='bbox 1086 4799 1154 4811; x_wconf 94' lang='lat'><strong>—</strong></span> <span class='ocrx_word' id='word_1_650' title='bbox 1194 4785 1378 4838; x_wconf 83' lang='lat' dir='ltr'>egere.</span> <span class='ocrx_word' id='word_1_651' title='bbox 1437 4772 1612 4825; x_wconf 81' lang='lat' dir='ltr'>Fame</span> <span class='ocrx_word' id='word_1_652' title='bbox 1649 4769 1861 4841; x_wconf 90' lang='lat' dir='ltr'>premi,</span> <span class='ocrx_word' id='word_1_653' title='bbox 1892 4769 2126 4843; x_wconf 87' lang='lat' dir='ltr'>dilapso</span> <span class='ocrx_word' id='word_1_654' title='bbox 2157 4769 2227 4825; x_wconf 87' lang='lat' dir='ltr'>ab</span> 
     </span>
    </p>
   </div>
   <div class='ocr_carea' id='block_1_92' title="bbox 2355 4752 3932 4843">
    <p class='ocr_par' dir='ltr' id='par_1_92' title="bbox 2419 4758 3852 4840">
     <span class='ocr_line' id='line_1_92' title="bbox 2419 4758 3852 4840; baseline -0.008 -18"><span class='ocrx_word' id='word_1_655' title='bbox 2419 4772 2517 4822; x_wconf 79' lang='grc' dir='ltr'>Καὶ</span> <span class='ocrx_word' id='word_1_656' title='bbox 2549 4800 2617 4808; x_wconf 91' lang='grc'><strong>-</strong></span> <span class='ocrx_word' id='word_1_657' title='bbox 2666 4768 3020 4839; x_wconf 80' lang='grc' dir='ltr'>ὑστερεῖσθαι.</span> <span class='ocrx_word' id='word_1_658' title='bbox 3087 4768 3361 4833; x_wconf 68' lang='grc' dir='ltr'>Πένεσθαι,</span> <span class='ocrx_word' id='word_1_659' title='bbox 3424 4762 3720 4840; x_wconf 77' lang='grc' dir='ltr'>διαρῥνέντος</span> <span class='ocrx_word' id='word_1_660' title='bbox 3762 4758 3852 4816; x_wconf 62' lang='grc' dir='ltr'>στλτῷ</span> 
     </span>
    </p>
   </div>
   <div class='ocr_carea' id='block_1_93' title="bbox 590 4844 2167 4932">
    <p class='ocr_par' dir='ltr' id='par_1_93' title="bbox 590 4857 2152 4932">
     <span class='ocr_line' id='line_1_93' title="bbox 590 4857 2152 4932; baseline 0.001 -18"><span class='ocrx_word' id='word_1_661' title='bbox 590 4873 660 4914; x_wconf 93' lang='lat' dir='ltr'>eo</span> <span class='ocrx_word' id='word_1_662' title='bbox 700 4860 863 4915; x_wconf 91' lang='lat' dir='ltr'>omni</span> <span class='ocrx_word' id='word_1_663' title='bbox 902 4857 1086 4925; x_wconf 84' lang='lat' dir='ltr'>bono,</span> <span class='ocrx_word' id='word_1_664' title='bbox 1118 4860 1367 4932; x_wconf 89' lang='lat' dir='ltr'>solaque</span> <span class='ocrx_word' id='word_1_665' title='bbox 1398 4859 1828 4917; x_wconf 88' lang='lat' dir='ltr'>incontinentia</span> <span class='ocrx_word' id='word_1_666' title='bbox 1856 4860 2152 4916; x_wconf 91' lang='lat' dir='ltr'>derelicta.</span> 
     </span>
    </p>
   </div>
   <div class='ocr_carea' id='block_1_94' title="bbox 2277 4844 3854 4932">
    <p class='ocr_par' dir='ltr' id='par_1_94' title="bbox 2344 4844 3854 4929">
     <span class='ocr_line' id='line_1_94' title="bbox 2344 4844 3854 4929; baseline -0.013 -18"><span class='ocrx_word' id='word_1_667' title='bbox 2344 4860 2535 4919; x_wconf 86' lang='grc' dir='ltr'>παντὸς</span> <span class='ocrx_word' id='word_1_668' title='bbox 2599 4855 2821 4927; x_wconf 74' lang='grc' dir='ltr'>ἀγαθοῦ,</span> <span class='ocrx_word' id='word_1_669' title='bbox 2884 4860 2973 4908; x_wconf 82' lang='grc' dir='ltr'>καὶ</span> <span class='ocrx_word' id='word_1_670' title='bbox 3025 4860 3188 4927; x_wconf 80' lang='grc' dir='ltr'>μόνης</span> <span class='ocrx_word' id='word_1_671' title='bbox 3233 4856 3620 4929; x_wconf 72' lang='grc' dir='ltr'>ὑπολειφθείσης</span> <span class='ocrx_word' id='word_1_672' title='bbox 3653 4844 3854 4914; x_wconf 51' lang='lat' dir='ltr'>rigesca-</span> 
     </span>
    </p>
   </div>
   <div class='ocr_carea' id='block_1_95' title="bbox 2269 4946 2629 5020">
    <p class='ocr_par' dir='ltr' id='par_1_95' title="bbox 2269 4946 2629 5020">
     <span class='ocr_line' id='line_1_95' title="bbox 2269 4946 2629 5020; baseline 0.003 -21"><span class='ocrx_word' id='word_1_673' title='bbox 2269 4966 2310 5020; x_wconf 83' lang='lat' dir='ltr'>D</span> <span class='ocrx_word' id='word_1_674' title='bbox 2348 4951 2462 5007; x_wconf 83' lang='grc' dir='ltr'>σίας</span> <span class='ocrx_word' id='word_1_675' title='bbox 2493 4946 2605 5017; x_wconf 80' lang='grc'>(77)</span> <span class='ocrx_word' id='word_1_676' title='bbox 2618 4988 2629 5000; x_wconf 93' lang='grc'><strong>.</strong></span> 
     </span>
    </p>
   </div>
   <div class='ocr_carea' id='block_1_96' title="bbox 664 5024 2241 5111">
    <p class='ocr_par' dir='ltr' id='par_1_96' title="bbox 664 5036 2237 5111">
     <span class='ocr_line' id='line_1_96' title="bbox 664 5036 2237 5111; baseline 0.003 -22"><span class='ocrx_word' id='word_1_677' title='bbox 664 5038 832 5094; x_wconf 85' lang='lat' dir='ltr'>Vers.</span> <span class='ocrx_word' id='word_1_678' title='bbox 873 5042 955 5093; x_wconf 86' lang='grc'>15.</span> <span class='ocrx_word' id='word_1_679' title='bbox 987 5038 1353 5094; x_wconf 78' lang='grc' dir='ltr'>Εε-ίιιίιιε.</span> <span class='ocrx_word' id='word_1_680' title='bbox 1384 5036 1550 5094; x_wconf 87' lang='lat' dir='ltr'>Cives</span> <span class='ocrx_word' id='word_1_681' title='bbox 1574 5038 1832 5107; x_wconf 88' lang='lat' dir='ltr'>regionis</span> <span class='ocrx_word' id='word_1_682' title='bbox 1880 5038 2057 5104; x_wconf 91' lang='lat' dir='ltr'>illius,</span> <span class='ocrx_word' id='word_1_683' title='bbox 2093 5042 2237 5111; x_wconf 84' lang='lat' dir='ltr'>puta</span> 
     </span>
    </p>
   </div>
   <div class='ocr_carea' id='block_1_97' title="bbox 2273 5024 3850 5111">
    <p class='ocr_par' dir='ltr' id='par_1_97' title="bbox 2423 5024 3850 5111">
     <span class='ocr_line' id='line_1_97' title="bbox 2423 5024 3850 5111; baseline -0.016 -14"><span class='ocrx_word' id='word_1_684' title='bbox 2423 5033 2849 5095; x_wconf 69' lang='grc' dir='ltr'>Καὶ-ἰκτίνης.</span> <span class='ocrx_word' id='word_1_685' title='bbox 2906 5032 3123 5087; x_wconf 76' lang='grc' dir='ltr'>Πολῖται</span> <span class='ocrx_word' id='word_1_686' title='bbox 3176 5042 3273 5093; x_wconf 78' lang='grc' dir='ltr'>τῆς</span> <span class='ocrx_word' id='word_1_687' title='bbox 3338 5040 3519 5108; x_wconf 82' lang='grc' dir='ltr'>χώρας</span> <span class='ocrx_word' id='word_1_688' title='bbox 3566 5031 3740 5091; x_wconf 63' lang='grc' dir='ltr'>ἐκείνης,</span> 
     </span>
    </p>
   </div>
   <div class='ocr_carea' id='block_1_98' title="bbox 591 5110 2168 5200">
    <p class='ocr_par' dir='ltr' id='par_1_98' title="bbox 591 5110 2168 5200">
     <span class='ocr_line' id='line_1_98' title="bbox 591 5110 2168 5200; baseline -0.001 -16"><span class='ocrx_word' id='word_1_689' title='bbox 591 5127 842 5200; x_wconf 88' lang='lat' dir='ltr'>peccati,</span> <span class='ocrx_word' id='word_1_690' title='bbox 866 5131 1007 5182; x_wconf 82' lang='lat' dir='ltr'>sunt</span> <span class='ocrx_word' id='word_1_691' title='bbox 1036 5127 1357 5183; x_wconf 86' lang='lat' dir='ltr'>damones.</span> <span class='ocrx_word' id='word_1_692' title='bbox 1402 5127 1727 5183; x_wconf 87' lang='lat' dir='ltr'>Distractus</span> <span class='ocrx_word' id='word_1_693' title='bbox 1757 5142 1895 5199; x_wconf 83' lang='lat' dir='ltr'>ergo</span> <span class='ocrx_word' id='word_1_694' title='bbox 1926 5143 1955 5183; x_wconf 87' lang='lat' dir='ltr'>a</span> <span class='ocrx_word' id='word_1_695' title='bbox 1991 5110 2168 5199; x_wconf 75' lang='lat' dir='ltr'>patre,</span> 
     </span>
    </p>
   </div>
   <div class='ocr_carea' id='block_1_99' title="bbox 2269 5110 3846 5200">
    <p class='ocr_par' dir='ltr' id='par_1_99' title="bbox 2347 5110 3846 5199">
     <span class='ocr_line' id='line_1_99' title="bbox 2347 5110 3846 5199; baseline -0.012 -15"><span class='ocrx_word' id='word_1_696' title='bbox 2347 5134 2437 5185; x_wconf 82' lang='grc' dir='ltr'>τῆς</span> <span class='ocrx_word' id='word_1_697' title='bbox 2492 5124 2770 5199; x_wconf 78' lang='grc' dir='ltr'>ἁμαρτίας,</span> <span class='ocrx_word' id='word_1_698' title='bbox 2826 5125 2875 5177; x_wconf 82' lang='grc' dir='ltr'>οἱ</span> <span class='ocrx_word' id='word_1_699' title='bbox 2929 5119 3172 5196; x_wconf 76' lang='grc' dir='ltr'>δαίμονες</span> <span class='ocrx_word' id='word_1_700' title='bbox 3226 5159 3240 5175; x_wconf 92' lang='grc'><strong>.</strong></span> <span class='ocrx_word' id='word_1_701' title='bbox 3302 5121 3615 5199; x_wconf 68' lang='grc' dir='ltr'>ἀπορῥαγεὶς</span> <span class='ocrx_word' id='word_1_702' title='bbox 3678 5111 3744 5167; x_wconf 74' lang='grc' dir='ltr'>οὗν</span> <span class='ocrx_word' id='word_1_703' title='bbox 3794 5110 3846 5157; x_wconf 62' lang='grc'>⁷⁵⁵</span> 
     </span>
    </p>
   </div>
   <div class='ocr_carea' id='block_1_100' title="bbox 588 5201 2165 5290">
    <p class='ocr_par' dir='ltr' id='par_1_100' title="bbox 588 5216 2165 5289">
     <span class='ocr_line' id='line_1_100' title="bbox 588 5216 2165 5289; baseline -0.003 -15"><span class='ocrx_word' id='word_1_704' title='bbox 588 5231 877 5288; x_wconf 88' lang='lat' dir='ltr'>magnam</span> <span class='ocrx_word' id='word_1_705' title='bbox 907 5216 1267 5273; x_wconf 87' lang='lat' dir='ltr'>dementiam</span> <span class='ocrx_word' id='word_1_706' title='bbox 1299 5216 1311 5273; x_wconf 86' lang='grc' dir='ltr'>ι</span> <span class='ocrx_word' id='word_1_707' title='bbox 1337 5216 1880 5274; x_wconf 88' lang='lat' dir='ltr'>adhasitinimico:</span> <span class='ocrx_word' id='word_1_708' title='bbox 1916 5220 1970 5273; x_wconf 89' lang='lat' dir='ltr'>et</span> <span class='ocrx_word' id='word_1_709' title='bbox 1994 5217 2093 5289; x_wconf 88' lang='lat' dir='ltr'>qui</span> <span class='ocrx_word' id='word_1_710' title='bbox 2114 5231 2165 5272; x_wconf 62' lang='lat' dir='ltr'>nt</span> 
     </span>
    </p>
   </div>
   <div class='ocr_carea' id='block_1_101' title="bbox 2272 5201 3849 5290">
    <p class='ocr_par' dir='ltr' id='par_1_101' title="bbox 2346 5201 3849 5290">
     <span class='ocr_line' id='line_1_101' title="bbox 2346 5201 3849 5290; baseline -0.008 -21"><span class='ocrx_word' id='word_1_711' title='bbox 2346 5217 2560 5290; x_wconf 84' lang='grc' dir='ltr'>πατρὸς,</span> <span class='ocrx_word' id='word_1_712' title='bbox 2615 5218 2653 5266; x_wconf 83' lang='grc' dir='ltr'>ὤ</span> <span class='ocrx_word' id='word_1_713' title='bbox 2707 5213 2899 5277; x_wconf 80' lang='grc' dir='ltr'>πολλῆς</span> <span class='ocrx_word' id='word_1_714' title='bbox 2942 5212 3112 5275; x_wconf 76' lang='grc' dir='ltr'>ἀνοίας</span> <span class='ocrx_word' id='word_1_715' title='bbox 3153 5210 3453 5273; x_wconf 52' lang='lat' dir='ltr'>mansos</span> <span class='ocrx_word' id='word_1_716' title='bbox 3514 5220 3579 5285; x_wconf 77' lang='grc' dir='ltr'>τῷ</span> <span class='ocrx_word' id='word_1_717' title='bbox 3612 5208 3762 5282; x_wconf 68' lang='grc' dir='ltr'>ἐχθρῷ,</span> <span class='ocrx_word' id='word_1_718' title='bbox 3791 5201 3849 5250; x_wconf 62' lang='grc' dir='ltr'>καὶ</span> 
     </span>
    </p>
   </div>
   <div class='ocr_carea' id='block_1_102' title="bbox 1780 5394 2741 5464">
    <p class='ocr_par' dir='ltr' id='par_1_102' title="bbox 1780 5394 2741 5464">
     <span class='ocr_line' id='line_1_102' title="bbox 1780 5394 2741 5464; baseline -0.003 0"><span class='ocrx_word' id='word_1_719' title='bbox 1780 5395 2003 5464; x_wconf 86' lang='lat' dir='ltr'>Varia</span> <span class='ocrx_word' id='word_1_720' title='bbox 2055 5394 2382 5464; x_wconf 86' lang='lat' dir='ltr'>lectiones</span> <span class='ocrx_word' id='word_1_721' title='bbox 2436 5403 2501 5462; x_wconf 88' lang='lat' dir='ltr'>et</span> <span class='ocrx_word' id='word_1_722' title='bbox 2540 5401 2741 5462; x_wconf 88' lang='lat' dir='ltr'>nota.</span> 
     </span>
    </p>
   </div>
   <div class='ocr_carea' id='block_1_103' title="bbox 667 5590 2244 5664">
    <p class='ocr_par' dir='ltr' id='par_1_103' title="bbox 667 5590 2244 5664">
     <span class='ocr_line' id='line_1_103' title="bbox 667 5590 2244 5664; baseline -0.001 -16"><span class='ocrx_word' id='word_1_723' title='bbox 667 5592 781 5664; x_wconf 73' lang='grc'>(75)</span> <span class='ocrx_word' id='word_1_724' title='bbox 810 5592 947 5651; x_wconf 87' lang='lat' dir='ltr'>Post</span> <span class='ocrx_word' id='word_1_725' title='bbox 973 5591 1099 5649; x_wconf 87' lang='lat' dir='ltr'>hac</span> <span class='ocrx_word' id='word_1_726' title='bbox 1124 5591 1247 5648; x_wconf 91' lang='lat' dir='ltr'>duo</span> <span class='ocrx_word' id='word_1_727' title='bbox 1278 5590 1504 5648; x_wconf 86' lang='lat' dir='ltr'>scholia</span> <span class='ocrx_word' id='word_1_728' title='bbox 1535 5606 1566 5646; x_wconf 91' lang='lat' dir='ltr'>e</span> <span class='ocrx_word' id='word_1_729' title='bbox 1593 5592 1868 5664; x_wconf 74' lang='lat' dir='ltr'>margine</span> <span class='ocrx_word' id='word_1_730' title='bbox 1904 5593 1993 5649; x_wconf 90' lang='lat' dir='ltr'>sui</span> <span class='ocrx_word' id='word_1_731' title='bbox 2026 5591 2244 5648; x_wconf 87' lang='lat' dir='ltr'>codicis</span> 
     </span>
    </p>
   </div>
   <div class='ocr_carea' id='block_1_104' title="bbox 1363 5590 2940 5664">
    <p class='ocr_par' dir='ltr' id='par_1_104' title="bbox 1363 5590 2940 5664">
     <span class='ocr_line' id='line_1_104' title="bbox 1363 5590 2940 5664; baseline -0.001 -18"><span class='ocrx_word' id='word_1_732' title='bbox 1363 5590 1504 5647; x_wconf 74' lang='lat' dir='ltr'>iolia</span> <span class='ocrx_word' id='word_1_733' title='bbox 1535 5606 1566 5646; x_wconf 93' lang='lat' dir='ltr'>e</span> <span class='ocrx_word' id='word_1_734' title='bbox 1593 5592 1868 5664; x_wconf 74' lang='lat' dir='ltr'>margine</span> <span class='ocrx_word' id='word_1_735' title='bbox 1904 5593 1993 5649; x_wconf 90' lang='lat' dir='ltr'>sui</span> <span class='ocrx_word' id='word_1_736' title='bbox 2026 5591 2245 5648; x_wconf 88' lang='lat' dir='ltr'>codicis</span> <span class='ocrx_word' id='word_1_737' title='bbox 2430 5591 2543 5664; x_wconf 61' lang='lat'>(76)</span> <span class='ocrx_word' id='word_1_738' title='bbox 2566 5592 2840 5664; x_wconf 73' lang='grc' dir='ltr'>Παρέμενε.</span> <span class='ocrx_word' id='word_1_739' title='bbox 2874 5590 2940 5645; x_wconf 80' lang='grc' dir='ltr'><strong>Α.</strong></span> 
     </span>
    </p>
   </div>
   <div class='ocr_carea' id='block_1_105' title="bbox 586 5591 2163 5739">
    <p class='ocr_par' dir='ltr' id='par_1_105' title="bbox 586 5591 2163 5737">
     <span class='ocr_line' id='line_1_105' title="bbox 667 5591 2157 5719; baseline -0.003 -68"><span class='ocrx_word' id='word_1_740' title='bbox 667 5592 790 5719; x_wconf 38' lang='grc' dir='ltr'>(Ἦ.</span> <span class='ocrx_word' id='word_1_741' title='bbox 810 5592 947 5651; x_wconf 87' lang='lat' dir='ltr'>Post</span> <span class='ocrx_word' id='word_1_742' title='bbox 973 5591 1099 5675; x_wconf 75' lang='lat' dir='ltr'>hac</span> <span class='ocrx_word' id='word_1_743' title='bbox 1124 5591 1247 5648; x_wconf 90' lang='lat' dir='ltr'>duo</span> <span class='ocrx_word' id='word_1_744' title='bbox 1278 5591 1504 5648; x_wconf 86' lang='lat' dir='ltr'>scholia</span> <span class='ocrx_word' id='word_1_745' title='bbox 1535 5606 1566 5646; x_wconf 91' lang='lat' dir='ltr'>e</span> <span class='ocrx_word' id='word_1_746' title='bbox 1598 5592 1879 5675; x_wconf 39' lang='lat' dir='ltr'>margine.</span> <span class='ocrx_word' id='word_1_747' title='bbox 1904 5593 1993 5649; x_wconf 90' lang='lat' dir='ltr'>sui</span> <span class='ocrx_word' id='word_1_748' title='bbox 2026 5592 2157 5676; x_wconf 75' lang='lat' dir='ltr'>codi</span> 
     </span>
     <span class='ocr_line' id='line_1_106' title="bbox 586 5661 2163 5737; baseline -0.001 -15"><span class='ocrx_word' id='word_1_749' title='bbox 586 5663 730 5722; x_wconf 78' lang='lat' dir='ltr'>addi</span> <span class='ocrx_word' id='word_1_750' title='bbox 777 5669 818 5720; x_wconf 80' lang='lat' dir='ltr'>1t</span> <span class='ocrx_word' id='word_1_751' title='bbox 850 5666 1186 5733; x_wconf 83' lang='lat' dir='ltr'>Hentemus,</span> <span class='ocrx_word' id='word_1_752' title='bbox 1210 5678 1471 5737; x_wconf 88' lang='lat' dir='ltr'>qnorum</span> <span class='ocrx_word' id='word_1_753' title='bbox 1506 5661 1666 5719; x_wconf 83' lang='lat' dir='ltr'>nulla</span> <span class='ocrx_word' id='word_1_754' title='bbox 1694 5679 1922 5737; x_wconf 80' lang='lat' dir='ltr'>reperio</span> <span class='ocrx_word' id='word_1_755' title='bbox 1941 5672 2163 5735; x_wconf 69' lang='lat' dir='ltr'>vestigia</span> 
     </span>
    </p>
   </div>
   <div class='ocr_carea' id='block_1_106' title="bbox 1556 5591 3133 5739">
    <p class='ocr_par' dir='ltr' id='par_1_106' title="bbox 1556 5591 3133 5739">
     <span class='ocr_line' id='line_1_107' title="bbox 1556 5591 2941 5664; baseline -0.001 -18"><span class='ocrx_word' id='word_1_756' title='bbox 1556 5607 1566 5645; x_wconf 69' lang='grc' dir='ltr'>ι</span> <span class='ocrx_word' id='word_1_757' title='bbox 1598 5592 1868 5661; x_wconf 88' lang='lat' dir='ltr'>margine</span> <span class='ocrx_word' id='word_1_758' title='bbox 1904 5593 1993 5649; x_wconf 89' lang='lat' dir='ltr'>sui</span> <span class='ocrx_word' id='word_1_759' title='bbox 2026 5591 2245 5648; x_wconf 88' lang='lat' dir='ltr'>codicis</span> <span class='ocrx_word' id='word_1_760' title='bbox 2430 5591 2522 5660; x_wconf 88' lang='lat'>(76</span> <span class='ocrx_word' id='word_1_761' title='bbox 2566 5592 2840 5664; x_wconf 74' lang='grc' dir='ltr'>Παρέμενε.</span> <span class='ocrx_word' id='word_1_762' title='bbox 2874 5591 2941 5645; x_wconf 80' lang='grc' dir='ltr'>Α.</span> 
     </span>
     <span class='ocr_line' id='line_1_108' title="bbox 1556 5591 3133 5739; baseline 0.001 -22"><span class='ocrx_word' id='word_1_763' title='bbox 1556 5661 1666 5717; x_wconf 84' lang='lat' dir='ltr'>ulla</span> <span class='ocrx_word' id='word_1_764' title='bbox 1694 5664 1922 5737; x_wconf 84' lang='lat' dir='ltr'>reperio</span> <span class='ocrx_word' id='word_1_765' title='bbox 1941 5664 2211 5735; x_wconf 89' lang='lat' dir='ltr'>vestigia.</span> <span class='ocrx_word' id='word_1_766' title='bbox 2429 5591 2543 5737; x_wconf 56' lang='lat'>(77;</span> <span class='ocrx_word' id='word_1_767' title='bbox 2564 5670 2670 5724; x_wconf 82' lang='grc' dir='ltr'>Τῆς</span> <span class='ocrx_word' id='word_1_768' title='bbox 2692 5662 3036 5739; x_wconf 76' lang='grc' dir='ltr'>ἀκαθαρσίας.</span> <span class='ocrx_word' id='word_1_769' title='bbox 3067 5662 3133 5719; x_wconf 79' lang='grc' dir='ltr'>Α.</span> 
     </span>
    </p>
   </div>
  </div>
