3994 6218
117 277 272 337 1023

1178 277 1546 339 COMMENT.
1601 281 1669 338 IN
1712 264 1962 340 LUCAM.
2003 291 2070 323 —‘
2109 269 2270 341 CAP.
2321 271 2452 342 xv‘.

3367 291 3384 342 1
3395 283 3502 341 026

112 428 186 480 μη
257 407 613 480 ἀνασχόμενος
681 408 987 480 πειθαρχεῖν
1051 415 1123 480 τῷ
1195 407 1535 484 φιλανθρώπῳ
1588 416 1720 481 Θεῷ,

1914 409 2199 465 stinuerat
2215 423 2418 480 parere
2439 408 2560 464 Deo
2585 408 3048 477 humanissimo,
3068 411 3306 468 servivit
3326 411 3500 468 inhu-

113 496 358 551 ἐδούλευε
393 506 464 568 τῷ
503 501 860 573 μισανθρώπῳ
893 495 1126 571 δαίμονι.

193 594 299 642 Καὶ
357 619 424 628 —
472 594 708 663 χοίρους.
768 589 950 650 Οὕτως
1021 590 1070 641 οἱ
1139 585 1380 661 δαίμονες
1428 587 1725 662 ἀμείϐονται

112 681 245 740 τοὺς
289 677 641 750 κολλωμένους
687 678 885 740 αὐτοῖς.
943 679 1098 737 Δηλοῖ
1149 676 1208 731 δὲ
1255 681 1279 730 6
1323 679 1492 751 λόγος,
1542 684 1634 738 τὴν
1679 679 1725 731 ἑο

116 771 338 840 σχοίτην
363 776 454 821 τοῦ
488 765 666 820 ἀθλίου
709 765 966 831 δουλείαν,
996 767 1394 841 ἑπιταττομένου
1438 773 1504 822 τὰ
1547 773 1726 842 ἀτιμόο

112 877 275 912 τατα.
327 860 424 910 Διά
470 864 622 909 τοῦτο
650 860 750 930 γὰρ
795 863 882 910 καὶ
943 858 1184 911 πλατύνει
1229 863 1323 916 τὴν
1364 858 1662 934 παραϐολὴν
1701 860 1727 911 ὁ

116 950 381 1017 Χριστὸς,
438 952 528 999 καὶ
570 945 892 1022 λεπτομερῶς
937 945 1264 1020 ἔκτραγῳδεῖ
1315 951 1381 1000 τὰ
1432 957 1528 1011 τῆς
1593 968 1726 1022 συμο

112 1044 303 1110 φορᾶς,
367 1037 450 1088 ἱνα
499 1037 742 1109 μάθωμεν
810 1034 896 1089 οἶα
946 1040 1255 1110 πάσχουσιν
1307 1041 1355 1090 οἱ
1413 1037 1730 1111 ἀποφοιτῶν-

112 1146 200 1189 τες
240 1134 343 1178 τῶν
400 1124 612 1177 ἐντολῶν
664 1133 752 1178 τοῦ
802 1133 956 1194 Θεοῦ,
989 1132 1075 1180 καὶ
1131 1132 1468 1200 πορευόμενοι
1506 1132 1640 1181 κατὰ
1670 1133 1728 1180 τὸ

113 1213 261 1268 ἴδιον
285 1215 502 1287 θελημα,

197 1302 306 1358 Εἶεν
342 1300 392 1356 δ’
435 1302 498 1354 ἂν
538 1303 690 1376 ἀγροὶ
730 1306 820 1376 μεν
849 1312 942 1356 τοῦ
983 1301 1228 1377 δαίμονος
1259 1308 1312 1358 αἱ
1356 1307 1572 1379 ἄσεμνοι
1613 1304 1729 1360 δια-

121 1392 320 1467 τριϐαί’
369 1400 570 1467 χοῖροι,
598 1390 657 1445 δε
699 1395 748 1445 οἱ
795 1390 1067 1465 φιλήδονοι
1118 1400 1208 1447 καὶ
1257 1394 1616 1470 βορϐορώδεις
1643 1397 1727 1450 λος

118 1489 326 1554 γισμοὶ,
388 1481 473 1542 οὖς
540 1483 566 1534 6
640 1482 966 1558 ταλαίπωρος
1047 1489 1244 1560 τρέφειν
1313 1491 1403 1538 καὶ
1472 1492 1728 1560 περιέπειν

114 1577 500 1645 προσετέτακτο
511 1615 525 1630 .

189 1667 293 1715 Καὶ
326 1692 396 1704 -
441 1669 642 1736 χοῖροι.
701 1663 926 1736 Κεράτία
963 1665 1098 1714 κατὰ
1143 1661 1434 1736 ἀναγωγὴν,
1489 1667 1542 1717 αἱ
1601 1663 1728 1724 ἠδο-

112 1757 219 1815 ναὶ,
281 1753 369 1813 αἷς
425 1754 474 1804 οἱ
531 1747 842 1812 δηλωθέντες
895 1751 1142 1825 λογισμοὶ
1199 1759 1487 1826 τρέφονται.
1526 1754 1726 1831 Ὠσπερ
1760 1769 1800 1823 Β

109 1845 213 1913 γὰρ
263 1840 436 1892 ἐκεῖνα
475 1841 846 1912 ’γλυκαίνουσιν
900 1839 984 1894 ἐπὶ
1016 1841 1199 1915 βραχὺ
1236 1849 1327 1901 τὴν
1371 1851 1574 1915 γεῦσιν,
1620 1840 1729 1897 εἶτα

115 1935 414 2002 στύφουσιν
462 1934 544 1983 ἐπὶ
585 1929 776 1983 πλεῖον·
830 1932 964 1983 οὕτω
1011 1937 1099 1984 καὶ
1127 1933 1282 1984 αὗται
1331 1939 1387 1986 τό
1418 1938 1506 2006 μεν
1539 1931 1730 1992 ἡδύνον

113 2030 322 2094 πρῶτον
352 2025 446 2073 καὶ
467 2039 787 2095 πρόσκαιρον
817 2023 1036 2092 ἔχουσι’
1077 2026 1135 2074 τό
1168 2019 1225 2075 δε
1257 2031 1547 2099 πικραῖνον,
1577 2025 1733 2076 ὕστε-

112 2129 202 2183 ρον
235 2115 330 2162 καὶ
375 2110 605 2164 αἰώνιον.

188 2295 296 2344 Καὶ
377 2286 552 2351 οὐδεὶς
633 2287 818 2343 ἐδίδου
885 2291 1047 2363 αὐτῷ.
1123 2289 1311 2354 Οὐδεὶς
1359 2290 1541 2346 ἐδίδου
1593 2293 1732 2366 αὐτῷ

117 2382 473 2454 κορεσθῆναι.
506 2386 743 2433 Τοιοῦτοι
783 2383 884 2453 γὰρ
925 2383 974 2434 οἱ
1021 2378 1282 2454 δαίμονες,
1332 2383 1426 2435 οὐκ
1469 2381 1593 2436 ἐῶσί
1618 2403 1733 2436 τινα

117 2472 446 2544 κορεσθῆναι
508 2467 831 2541 φιληδονίας,
876 2473 958 2523 ἶνα
1009 2476 1080 2543 μὴ
1130 2477 1271 2543 ταχὺ
1323 2475 1594 2532 παᾶσηται
1638 2483 1731 2536 τῆς

120 2559 411 2632 ἁμαρτίας,
441 2557 521 2612 ἀεὶ
553 2556 611 2611 δὲ
641 2564 734 2618 τὴν
767 2560 929 2634 ὄρεξιν
957 2560 1249 2635 ἐρεθίζουσι
1277 2567 1366 2614 καὶ
1409 2561 1733 2636 ἀποκάμνον-

119 2670 216 2702 σαν
246 2649 628 2722 ἀνεγείρουσιν.

188 2740 283 2800 Εἰς
335 2738 521 2791 ἑαυτὸν
575 2735 634 2791 δε
694 2737 869 2809 ἐλθών,
913 2740 1130 2792 Ἑαυτοῦ
1169 2746 1448 2813 γενόμενος,
1493 2743 1519 2794 ὅ
1566 2741 1728 2808 ἑστιν,

115 2827 424 2898 ἀνανήψας,
457 2831 524 2889 ὡς
557 2828 670 2900 (78)
709 2827 764 2880 ἐκ
808 2831 970 2901 μέθης
1006 2835 1095 2882 καὶ
1134 2832 1316 2904 κάρου-
1348 2829 1602 2904 ἁφυπνισε
1629 2835 1730 2906 γὰρ

115 2918 279 2969 αὑτὸν
321 2921 352 2975 ἡ
391 2919 732 2971 κακοπάθεια.

186 3004 324 3062 Εἶπε
375 3036 444 3048 —-
503 3005 812 3079 ἀπόλλυμαι.
863 3010 1123 3070 Μισθὶους
1169 3012 1257 3081 μὲν
1305 3015 1406 3062 νόει
1458 3011 1572 3082 (79)
1621 3030 1732 3084 μοι,

110 3101 242 3158 τούς
287 3099 364 3148 ἔτι
425 3102 876 3169 κατηχουμένους,
930 3103 1018 3150 καὶ
1067 3103 1224 3170 μήπω
1267 3095 1360 3151 διὰ
1408 3108 1500 3153 τοῦ
1533 3098 1734 3172 βαπτί-

112 3205 320 3259 σματος
353 3187 766 3255 υἱοθιτηθέντας,
808 3188 880 3247 οἷς
909 3189 1100 3260 μισθός
1144 3196 1234 3249 τῆς
1264 3194 1483 3250 πίστεως
1524 3186 1734 3242 δίδοται

110 3279 139 3332 ἠ
211 3277 468 3327 υἱοθεσία
501 3294 513 3307 ο
555 3277 750 3348 ἄρτους
809 3273 887 3343 δὲ,
941 3281 1033 3339 τὰς
1079 3279 1349 3351 θρεπτικὰς
1406 3288 1504 3331 τῶν
1543 3278 1734 3351 ψυχῶν

111 3362 506 3425 διδασκαλίας.
537 3370 700 3422 Φησὶν
744 3362 832 3417 οὖν
877 3365 930 3418 ἐκ
962 3365 1156 3439 βαθους
1194 3364 1438 3443 καρδίας·
1461 3366 1542 3440 [Ὦ.
1579 3372 1736 3420 πόσοι

109 3456 335 3524 μίσθιοι
395 3461 485 3504 τοῦ
542 3458 738 3527 πατρός
792 3475 892 3527 μου
946 3455 1003 3508 οὐ
1069 3462 1220 3529 μόνον
1288 3460 1476 3528 ἔχουσι
1542 3461 1735 3531 τροφὴν

111 3543 399 3615 ψυχικὴν,
450 3541 577 3595 ἀλλα
623 3549 709 3596 καὶ
752 3550 964 3619 τρυφήν·
1010 3555 1161 3598 τοῦτο
1189 3549 1290 3620 γὰρ
1321 3550 1378 3598 τό
1417 3547 1736 3619 περισσεύειν

117 3639 403 3704 σημαίνει⁹
436 3631 536 3704 ἐγὼ
573 3629 631 3686 δι
663 3635 688 3685 ὁ
725 3637 858 3700 υἱός,
898 3634 1031 3707 λιμῷ
1077 3635 1390 3707 ἀπόλλυμαι.
1435 3642 1615 3688 Ταῦτα
1651 3638 1738 3686 καὶ

113 3726 184 3774 τὰ
217 3722 344 3785 ἑξῆς
376 3721 740 3796 παραϐολικώς
771 3720 1114 3796 διηγούμενος
1141 3727 1166 3776 6
1199 3730 1396 3797 Σωτὴρ,
1425 3728 1584 3778 τύπον
1612 3728 1736 3799 ἡμῖν

115 3816 405 3884 μετανοίας
445 3811 668 3875 ἀληθοῦς
698 3810 880 3886 παραδ
885 3811 918 3866 δ
925 3819 1094 3866 ίωσιν.

194 3902 467 3964 Ἀναστὰς
497 3932 562 3944 —-
605 3921 724 3975 μου.
761 3904 1011 3965 ’Δναστὰς
1049 3903 1151 3957 ἀπό
1203 3913 1293 3957 τοῦ
1343 3912 1614 3979 πτώματος
1644 3918 1735 3972 τῆς

117 3992 393 4067 ἁμαρτίας
426 3993 562 4065 (80).

196 4177 303 4226 Καὶ
332 4170 434 4248 ὶρῶ
457 4203 526 4212 —
555 4171 788 4245 οὐρανόν.
819 4171 909 4235 Ὠς
945 4178 1275 4248 προτιμήσας
1306 4174 1466 4229 αὐτοῦ
1496 4182 1589 4236 τὴν
1614 4185 1734 4250 γῆν,

115 4265 244 4320 ἦτοι
275 4269 380 4312 τῶν
411 4261 660 4334 οὐρανίων
693 4259 899 4333 ἀγαθῶν
938 4265 1003 4316 τα
1023 4269 1200 4334 γήϊνα·

1841 501 2180 554 manissimo
2222 499 2502 554 dsemoni.

1909 589 2073 645 Vers.
2105 590 2190 643 15.
2251 591 2450 660 Atque
2478 618 2546 628 —
2570 603 2792 656 porcos.
2849 589 2928 644 Ita
2948 589 3250 645 daemones
3304 606 3499 647 remu-

1838 684 2051 733 nerant
2089 695 2214 742 eos,
2274 679 2378 750 qui
2424 677 2534 733 sibi
2579 678 2904 734 adhaerent.
2959 678 3257 750 Signiﬁcat
3294 686 3498 736 autem

1838 785 2029 824 sermo
2055 775 2377 824 extremam
2412 769 2612 824 miseri
2650 771 3014 835 servitutem,
3065 770 3159 825 cui
3207 769 3500 839 indignis-

1839 859 1995 914 sima
2019 858 2461 930 praecipiuntur.
2489 857 2806 930 PrOpterea
2828 858 2988 914 enim
3009 858 3219 916 dilatat
3241 859 3503 915 Christus

1840 947 2210 1020 parabolam,
2227 953 2282 1002 et
2296 948 2633 1002 minutatim
2649 964 2745 1002 am
2756 947 3124 1019 pliticatquae
3139 947 3499 1004 calamitatis

1841 1045 2045 1094 erant:
2081 1045 2142 1093 ut
2181 1039 2485 1094 discamus
2541 1037 2747 1110 qualia
2799 1039 3102 1109 patiantur
3133 1038 3168 1092 ii
3198 1041 3302 1110 qui
3337 1055 3372 1094 a
3402 1037 3501 1094 Dei

1839 1129 2145 1201 praeceptis
2173 1127 2475 1194 recedunt,
2519 1134 2574 1184 et
2624 1126 2746 1182 suis
2777 1126 3187 1183 voluntatibus
3220 1127 3503 1196 gradiun-

1840 1223 1954 1273 tur.

1911 1308 2107 1363 Potest
2135 1322 2378 1379 quoque
2425 1305 2562 1362 villa
2599 1303 2896 1361 daemonis
2949 1305 3060 1361 dici
3085 1303 3336 1376 indigna
3364 1320 3504 1361 con-

1837 1397 2092 1454 versatio
2146 1414 2160 1466 ;
2220 1398 2382 1468 porci
2435 1411 2597 1462 vero,
2648 1395 2984 1466 voluptates
3062 1410 3132 1451 ac
3204 1394 3502 1450 lutulentae

1839 1485 2249 1556 cogitationes,
2281 1501 2432 1558 quas
2478 1484 2658 1539 miser
2693 1499 2935 1556 pascere
2963 1499 3032 1540 ac
3076 1483 3273 1539 fovere
3297 1483 3506 1555 jussus

1837 1580 1945 1634 est.

1909 1666 2068 1722 Vers.
2102 1664 2195 1721 16.
2238 1663 2312 1718 Et
2343 1693 2411 1702 —
2438 1661 2622 1732 porci.
2658 1660 2919 1734 Siliquae,
2965 1661 3134 1733 juxta
3163 1676 3504 1734 anagogen,

1843 1755 2169 1826 voluptates
2235 1757 2392 1822 sunt,
2468 1751 2688 1824 quibus
2750 1751 3047 1823 praedictis
3114 1752 3504 1821 cogitationes

1842 1845 2200 1901 nutriuntur.
2231 1842 2758 1908 Quemadmodum
2789 1842 2948 1896 enim
2975 1841 3203 1913 siliquae
3232 1842 3304 1897 ad
3326 1841 3505 1898 breve

1843 1935 2102 2008 spatium
2156 1932 2354 2002 gustui
2393 1929 2757 1998 dulcescunt,
2790 1930 3006 1986 deinde
3060 1938 3122 1985 ut
3175 1930 3503 2002 plurimum

1841 2025 2253 2092 constringunt
2284 2039 2297 2076 :
2324 2020 2407 2077 ita
2436 2027 2492 2077 et
2511 2020 2566 2076 in
2591 2021 2702 2086 his,
2723 2020 2886 2092 quod
2907 2035 3089 2075 suave
3107 2028 3217 2085 est,
3241 2019 3505 2091 primum

1842 2118 1900 2171 et
1920 2115 1998 2170 ad
2022 2121 2255 2184 tempus
2277 2111 2514 2175 habent,
2539 2111 2703 2183 quod
2735 2116 2937 2166 autem
2968 2125 3245 2166 amarum
3275 2117 3329 2165 et
3346 2123 3504 2165 acer-

1840 2204 2009 2268 bum,
2044 2202 2342 2274 posterius
2372 2205 2462 2256 est
2490 2217 2557 2255 ac
2584 2205 2896 2255 aeternum.

1913 2294 2086 2349 Vers.
2113 2292 2202 2347 16.
2218 2291 2660 2363 Necquisquam
2672 2289 2975 2347 illidabat.
2996 2288 3205 2346 Nullus
3222 2287 3304 2344 illi
3321 2288 3509 2344 daba-

1843 2383 1918 2439 ad
1967 2382 2296 2438 satietatem
2331 2379 2724 2452 ;hujusmodi
2755 2380 2913 2436 enim
2971 2379 3274 2435 dmmones
3324 2377 3510 2433 nemi-

1842 2491 1979 2530 nem
2006 2473 2211 2527 sinunt
2233 2470 2432 2526 satiari
2473 2468 2979 2542 voluptatibusme
3005 2469 3174 2524 citius
3197 2484 3233 2525 a
3264 2471 3508 2540 peccato

1840 2564 2106 2637 quiescat
2131 2577 2145 2616 :
2177 2575 2413 2631 semper
2442 2559 2592 2614 enim
2609 2560 2868 2615 excitant
2895 2558 3228 2630 appetitum
3255 2573 3324 2614 ac
3347 2555 3512 2613 defa-

1841 2651 2187 2722 tigationem
2235 2649 2543 2704 suscitant.

1914 2741 2078 2795 Vers.
2135 2745 2215 2795 t7.
2273 2741 2344 2794 In
2389 2754 2447 2794 se
2511 2743 2708 2794 autem
2763 2751 3048 2793 reversus.
3107 2735 3208 2792 Sui
3254 2749 3506 2807 compos

1842 2829 2087 2886 effectus
2149 2846 2163 2882 :
2218 2829 2332 2884 hoc
2402 2831 2509 2892 est,
2568 2834 2856 2897 tanquam
2926 2826 3349 2897 expergiscens
3429 2822 3508 2881 ab

1843 2919 2148 2984 ebrietate,
2183 2916 2473 2989 gravique
2513 2933 2750 2983 somno,
2802 2921 2859 2972 et
2896 2916 3271 2987 resipiscens.

1914 3010 2078 3064 Vers.
2117 3013 2200 3062 t7.
2254 3008 2423 3062 Dixit
2467 3038 2535 3046 —
2566 3021 2759 3076 pereo.
2794 3005 3185 3061 Mercenarios
3242 3002 3511 3074 intelligi-

1774 3126 1814 3181 ρ
1846 3115 1980 3154 mus
2006 3113 2108 3153 eos
2136 3096 2238 3168 qui
2270 3095 2465 3150 adhuc
2518 3099 2657 3151 sunt
2686 3095 3123 3161 catechumeni,
3152 3097 3208 3150 et
3235 3092 3508 3149 nondum

1844 3205 1949 3262 per
1964 3185 2334 3259 baptismum
2359 3185 2642 3256 adoptati,
2671 3184 2884 3258 quibus
2902 3200 3129 3239 merces
3150 3183 3290 3238 ﬁdei
3311 3181 3512 3239 datur-

1844 3286 1990 3350 puta
2036 3277 2318 3346 adOptio:
2363 3290 2549 3346 panes
2602 3291 2762 3339 vero,
2816 3274 3113 3329 doctrinas
3170 3274 3510 3328 animarum

1846 3366 2180 3423 nutritivas.
2229 3363 2377 3418 Dicit
2427 3379 2570 3433 ergo
2621 3363 2699 3420 ab
2748 3363 2959 3419 intimo
2993 3362 3190 3418 cordis
3248 3364 3513 3433 :Oquot

1846 3454 2198 3513 mercenarii
2250 3452 2434 3524 patris
2485 3454 2601 3509 mei
2634 3469 2757 3508 non
2809 3453 2990 3509 modo
3045 3452 3248 3508 cibum
3289 3451 3514 3506 habent

1846 3545 2210 3612 animarum,
2283 3542 2388 3598 sed
2440 3548 2498 3598 et
2543 3542 2788 3598 delicias
2848 3541 2957 3598 ild
3007 3543 3168 3598 enim
3216 3539 3514 3611 signiﬁcat

1846 3635 2176 3693 abundare.
2222 3635 2343 3702 Ego
2375 3638 2574 3688 autem
2627 3632 2732 3705 qui
2757 3631 2914 3688 titius
2941 3649 3094 3697 sum,
3118 3631 3276 3687 fame
3308 3645 3508 3702 pereo.

1849 3726 1979 3781 Haec
2001 3729 2057 3780 et
2083 3738 2155 3779 ea
2192 3738 2326 3794 quae
2358 3726 2706 3794 sequuntur,
2744 3721 3084 3794 parabolice
3110 3735 3363 3776 narrans
3393 3717 3513 3776 Sal-

1847 3823 2034 3880 vator,
2067 3827 2221 3868 verae
2239 3810 2598 3883 paenitentiae
2631 3811 2886 3880 ﬁguram
2918 3811 3094 3866 nobis
3128 3808 3332 3865 tradit.

1924 3907 2085 3961 Vers.
2142 3908 2230 3964 18.
2284 3902 2550 3972 Surgens
2597 3931 2667 3940 —
2716 3915 2930 3957 meum.
2975 3901 3234 3971 Surgens
3288 3913 3325 3954 a
3373 3913 3514 3954 casu

1848 3996 2096 4070 peccati.

1919 4090 1962 4160 -ι-
1995 4089 2257 4145 Honeste
2307 4099 2378 4139 eo
2407 4085 2670 4138 revertar
2700 4080 2860 4136 unde
2899 4079 3054 4136 male
3085 4079 3261 4135 exivi.

1918 4180 2086 4233 Vers.
2118 4176 2204 4230 18.
2224 4174 2548 4245 Dicamque
2579 4202 2642 4211 —
2675 4170 2912 4227 caelum.
2935 4169 3295 4241 Praeponens
3316 4167 3516 4226 videli-

1850 4275 1938 4326 cet
1972 4267 2050 4322 illi
2082 4274 2318 4328 terram,
2353 4262 2476 4316 sive
2503 4259 2679 4315 bonis
2735 4258 3077 4314 caalestibus
3117 4263 3367 4314 terrena.

192 4354 238 4421 -ξ-
267 4350 480 4406 Timeo
507 4351 663 4406 enim
706 4352 1066 4408 ﬁrmamenti
1113 4359 1445 4426 aspectum,
1482 4361 1776 4432 tanquam
1817 4356 2183 4420 accusatoris
2210 4366 2442 4408 vocem.

200 4446 306 4494 Καὶ
338 4439 554 4492 ἐνώπιον
596 4460 714 4497 σου,
764 4445 1034 4510 Τουτέστι,
1063 4447 1152 4496 καὶ
1185 4443 1255 4504 εἰς
1289 4446 1366 4514 σε,
1397 4448 1463 4508 ὡς
1491 4456 1746 4524 προτιμήο

115 4549 224 4592 σας
247 4537 344 4583 τοῦ
380 4538 476 4582 σου
511 4530 797 4602 θελήματος
823 4535 880 4583 τό
911 4530 1052 4604 ἐμόν.

1927 4448 2094 4503 Vers.
2125 4442 2211 4498 18.
2241 4442 2319 4497 Et
2360 4454 2560 4496 coram
2594 4443 2668 4494 te.
2701 4437 2834 4495 Hoc
2856 4439 2910 4493 et
2937 4436 2998 4493 in
3032 4443 3103 4502 te,
3133 4439 3197 4492 ut
3220 4431 3325 4508 qui
3348 4439 3514 4493 tuam

1857 4538 2228 4596 voluntatem
2270 4527 2586 4603 posthabui
2634 4542 2799 4582 mese.

195 4622 240 4690 -ξ-
277 4618 498 4675 Vereor
530 4621 990 4675 tumttivinitatis
1017 4621 1210 4677 lucem
1237 4621 1452 4680 intueri
1488 4629 1804 4686 :sordidos
1849 4627 2013 4684 enim
2059 4623 2256 4681 habeo
2295 4618 2561 4690 corporis
2595 4621 2650 4672 et
2679 4617 2896 4673 animal.
2925 4614 3157 4672 oculos.

200 4714 307 4762 Καὶ
351 4739 425 4748 -
484 4727 598 4764 σου.
635 4709 724 4770 Ὠς
775 4707 994 4773 ἀναξίως
1038 4713 1276 4764 τοιούτου
1335 4717 1532 4788 πατρὸς
1587 4717 1732 4770 πολι-

1920 4717 2086 4771 Vers.
2125 4713 2207 4768 t9.
2239 4711 2357 4767 Nec
2401 4737 2470 4747 —-
2498 4713 2654 4763 tuus.
2710 4705 2862 4772 Quia
2896 4703 2992 4763 tali
3045 4709 3217 4779 patre
3271 4702 3516 4776 indigne

109 4801 470 4871 τευσείμενος.

199 4891 444 4944 Ποίησον
514 4917 582 4926 —
653 4905 774 4944 σου,
835 4885 976 4940 Ἐπεὶ
1041 4896 1132 4950 τῆς
1210 4894 1420 4964 πρώτης
1505 4891 1742 4955 ἐξέπεσον

104 4977 345 5040 τάξεως,
377 4973 600 5038 ἀξίωσον
642 4995 706 5048 με
747 4985 838 5037 τῆς
882 4973 1149 5052 δευτέρας,
1177 4985 1330 5051 μόνον
1372 4985 1443 5054 μὴ
1490 4983 1743 5044 παντελῶς

105 5065 433 5141 ἀπορῥίψης
475 5083 556 5137 με.
593 5071 962 5128 Δυσωπητικός
991 5069 1018 5120 6
1046 5067 1218 5142 λόγος,
1250 5075 1338 5123 καὶ
1368 5067 1596 5145 καρδίας
1648 5092 1745 5125 παι

105 5163 284 5232 τρικῆ
298 5177 320 5219 ς
347 5153 655 5230 ἁπτόμενος.

1851 4807 2236 4862 conversatus
2256 4814 2412 4854 sum.

1922 4894 2088 4950 Vers.
2135 4892 2222 4947 19.
2297 4889 2421 4944 Fac
2469 4917 2536 4926 —
2581 4885 2720 4942 tuis.
2758 4886 2837 4941 Ex
2886 4900 3009 4957 quo
3072 4883 3262 4956 primo
3304 4881 3517 4941 ordine

1853 4983 2067 5047 excidi,
2088 4981 2337 5051 dignare
2368 4991 2463 5031 me
2483 4975 2575 5030 vel
2597 4976 2853 5030 secundo
2875 4994 2888 5034 :
2911 4981 3164 5038 tantum,
3187 4990 3262 5029 ne
3284 4973 3518 5046 penitus

1851 5071 2098 5142 abjicias
2131 5085 2244 5125 me.
2294 5065 2605 5127 Placabilis
2635 5069 2725 5121 est
2757 5080 2972 5132 sermo,
3007 5069 3062 5121 et
3094 5080 3196 5121 cor
3218 5063 3517 5135 attingens

1853 5167 2195 5235 paternum.

1354 5364 1572 5437 Variae
1590 5365 1920 5437 lectiones
1950 5376 2013 5436 et
2065 5375 2270 5435 notae.

197 5559 320 5633 (‘78)
353 5559 444 5621 Ὠς
475 5559 664 5616 abest.
705 5561 780 5633 Α.

204 5630 324 5702 (79)
356 5639 590 5704 Νοοῦμεν
623 5632 854 5689 videtur
884 5631 1182 5704 invenisse
1224 5630 1564 5690 Hentenius.

204 5708 323 5784 (80)
357 5705 462 5762 Hic
493 5703 548 5763 et
576 5705 862 5779 deinceps
906 5703 1226 5762 Hentenius
1257 5721 1324 5762 ex
1355 5706 1624 5781 margine
1652 5706 1747 5765 sui

1859 5563 2080 5620 codicis
2141 5561 2417 5636 breviora
2466 5559 2656 5618 crucis
2699 5561 2870 5636 signo
2897 5557 3236 5624 inculcavit,
3280 5569 3414 5630 quin
3454 5552 3520 5611 in

1855 5642 2063 5693 neutro
2107 5650 2373 5692 meorum
2403 5634 2702 5708 leguntur.
