3994 6218
546 210 683 274 4027

1866 206 2195 274 Ev'I‘HYMI

2313 209 2591 272 [GABENI
3699 224 3785 287 mg

620 346 663 415 ~1—
689 340 809 400 Hoc
849 346 957 408 est,
991 357 1066 399 ne
1106 356 1203 397 me
1239 338 1318 397 ab
1343 338 1491 396 atrio
1515 342 1644 407 ,tuo
1673 339 1958 411 expellas,
1985 340 2254 406 Domine,
2289 356 2360 395 ne
2390 340 2700 399 inventum
2732 360 2827 401 me
2865 361 3103 401 rursum
3135 348 3445 412 errantem,
3472 346 3692 406 inimicus
3713 360 3792 411 tan.

549 451 734 508 quam
771 434 1076 505 captivum
1099 430 1376 485 abducat.

628 525 789 579 Vers.
824 526 915 579 20.
943 521 1105 575 Ειι-
1136 535 1325 574 suum.
1348 550 1416 559 —
1448 519 1633 583 Venit,
1660 518 1774 575 hoc
1801 524 1905 584 est,
1934 519 2213 577 veniebat
2246 533 2289 586 Α

553 619 791 683 sumpta
838 609 1060 664 fiducia
1099 608 1173 663 de
1207 606 1360 662 illius
1396 608 1807 664 misericordia
1849 625 1862 676 ;
1895 610 2213 681 oportebat

546 700 707 757 enim
733 716 851 755 non
880 700 1075 754 solum
1099 696 1239 752 bene
1271 696 1438 766 velle,
1472 697 1572 753 sed
1601 705 1657 753 et
1684 715 1820 771 quas
1850 699 2055 755 animo
2080 715 2215 754 con-

549 793 723 860 cepta
749 795 886 844 sunt
921 788 1171 859 Operari.

615 879 780 933 Vers.
831 878 919 933 20.
978 876 1123 932 Cum
1165 908 1234 916 —
1265 878 1410 945 ejus.
1460 877 1502 931 0
1545 876 1734 932 visum
1790 878 2208 950 compatientis

544 966 957 1023 acutissimum
984 964 995 1020 ι
1019 964 1205 1020 Simul
1240 969 1302 1018 ut
1322 964 1453 1036 quis
1479 965 1879 1037 resipiciscere
1902 967 1960 1020 in
2001 966 2206 1021 animo

546 1054 839 1127 cogitavit,
892 1055 1052 1109 hunc
1099 1053 1273 1107 etiam
1328 1052 1505 1107 simul
1555 1053 1684 1125 ipse
1739 1053 1907 1121 vidit,
1957 1062 2203 1126 paratus

547 1159 785 1215 semper
827 1143 904 1198 ad
944 1159 1151 1197 eorum
1184 1140 1289 1211 qui
1320 1148 1734 1197 convertentur
1765 1143 2204 1215 susceptionem

545 1234 699 1290 etab
765 1231 1010 1289 exordio
1060 1231 1258 1285 statim
1310 1232 1672 1302 poenitentia:
1717 1230 1846 1287 illos
1896 1232 2201 1305 recipiens.

544 1324 692 1379 Hinc
709 1338 850 1393 ergo
869 1319 1155 1393 parabola
1177 1319 1584 1375 incredibilem
1612 1322 1958 1376 manifestat
1980 1322 2207 1377 miseri-

544 1411 832 1477 cordiam,
868 1427 937 1466 ac
966 1409 1521 1481 imeomparabilem
1546 1411 1795 1467 caelestis
1828 1412 2011 1467 Patris
2041 1428 2206 1467 amo-

543 1517 693 1566 rem,
727 1504 782 1555 et
809 1505 1097 1571 quantam
1129 1496 1491 1570 qualemque
1523 1499 1881 1556 demonstret
1906 1516 2049 1571 erga
2077 1517 2201 1567 eos,

543 1590 646 1662 qui
670 1594 1113 1653 convertuntur,
1153 1590 1657 1658 compassionem.

616 1678 782 1733 Vers.
819 1679 907 1733 20.
942 1678 1025 1733 Ac
1055 1675 1456 1733 misericordia
1476 1684 1666 1735 motus
1694 1684 1797 1734 est.
1831 1678 2004 1733 Pater
2042 1678 2198 1734 enim

544 1773 668 1823 erat
698 1785 715 1839 ;
748 1783 857 1823 nec
888 1767 947 1823 id
969 1772 1220 1834 tantum,
1272 1768 1373 1823 sed
1413 1774 1467 1822 et
1506 1770 1656 1822 Deus
1688 1767 2125 1823 misericordias.

617 1858 780 1913 Vers.
841 1861 926 1912 20.
986 1858 1062 1912 Et
1103 1877 1349 1917 —eum.
1401 1858 1521 1913 Prae
1574 1858 1758 1912 nimio
1807 1856 2029 1928 gaudio
2078 1873 2195 1912 non
2236 1879 2279 1933 Β

542 1948 905 2020 exspectavit
967 1955 1029 2003 ut
1086 1948 1183 2003 ille
1242 1950 1485 2014 veniret,
1540 1948 1641 2002 sed
1696 1947 1864 2016 prius
1923 1948 2196 2013 occurrit,

542 2052 737 2109 neque
781 2036 838 2091 id
895 2041 1217 2110 utcunque,
1268 2040 1370 2093 sed
1394 2044 1449 2093 et
1504 2037 1774 2101 accurrit,
1810 2042 1873 2091 ut
1914 2044 2203 2107 appareat

543 2123 771 2181 amoris
801 2126 1175 2181 vehementia
1210 2134 1300 2194 ;et
1326 2129 1442 2182 ruit
1480 2127 1536 2180 in
1573 2124 1791 2180 collum
1818 2126 1970 2194 ejus,
1996 2126 2202 2179 certio-

542 2230 667 2269 rem
700 2231 835 2269 eum
862 2214 1112 2270 reddens
1140 2216 1303 2288 quod
1348 2231 1528 2271 omne
1566 2219 1879 2286 peccatum
1913 2213 1990 2268 illi
2032 2213 2203 2269 remi-

545 2304 721 2359 sisset
749 2311 838 2370 ;et
860 2302 1163 2359 osculatus
1194 2311 1285 2360 est
1305 2321 1443 2360 eum
1477 2311 1769 2376 tanquam
1797 2302 2201 2358 desideratum

542 2392 752 2457 ﬁlium,
781 2393 879 2465 qui
905 2409 1089 2466 usque
1111 2394 1187 2450 ad
1229 2392 1631 2466 paenitentiam
1658 2392 1976 2448 sceleratus
2016 2392 2204 2447 fuerat

545 2488 602 2539 et
640 2482 1083 2538 abominabilis.

613 2573 655 2628 Ο
691 2571 1110 2628 admirandam
1166 2571 1709 2629 reconciliationem
1760 2569 1946 2637 lQuid
1979 2571 2199 2635 dicam,

544 2668 645 2718 aut
694 2661 840 2733 quid
886 2661 1101 2734 loquar
1150 2664 1225 2717 de
1275 2660 1580 2717 ineﬁ‘abilli
1639 2661 1737 2716 Dei
1789 2658 2205 2730 benignitate?

539 2754 687 2808 Nam
705 2750 801 2806 ubi
820 2752 892 2805 ad
907 2752 1269 2807 immensum
1283 2750 1438 2806 illius
1454 2751 1699 2821 pelagus
1716 2750 1989 2822 respicio,
2006 2765 2202 2805 sermo

541 2840 689 2896 mihi
722 2840 1079 2912 praeciditur,
1101 2856 1293 2913 neque
1315 2840 1460 2912 quid
1494 2840 1707 2912 loquar
1736 2841 1879 2895 milii
1902 2839 2200 2911 reliquum

541 2935 683 2996 est;
744 2929 934 2985 solum
987 2929 1098 2984 hoc
1151 2930 1313 2985 clara
1369 2945 1439 2984 ac
1534 2929 1719 2983 libera
1778 2944 1923 2983 voce
1984 2928 2199 2995 clamo,

540 3019 700 3091 quod
737 3034 829 3074 res
862 3034 1115 3089 magnas
1142 3018 1319 3074 efficit
1341 3017 1710 3091 paenitentia.
1728 3017 1896 3073 facile
1916 3034 2051 3072 eum
2069 3017 2202 3073 ﬂec-

541 3114 690 3171 tens,
711 3107 813 3180 qui
838 3107 1023 3163 facilis
1056 3113 1144 3162 est
1169 3113 1233 3163 ut
1256 3105 1546 3175 ﬂectatur,
1576 3107 1904 3177 benignum
1932 3107 2203 3161 videlicet

540 3198 726 3253 Deum
752 3203 1022 3253 nostrum
1049 3197 1302 3253 .Homini
1331 3214 1469 3252 vero
1498 3196 1757 3252 maxime
1779 3212 2043 3267 congrua
2067 3201 2201 3250 suut

538 3286 838 3359 praedicta,
872 3302 1006 3358 quae
1035 3303 1173 3342 eum
1228 3286 1442 3342 fecisse
1468 3286 1606 3341 dicit
1628 3286 1702 3341 ad
1731 3285 2200 3340 manifestiorem
2230 3269 2269 3289 υ

539 3375 969 3449 eompassiouis
999 3393 1069 3431 ac
1101 3375 1596 3431 reconciliationis
1623 3375 1813 3447 ipsius
1843 3375 2198 3438 doctrinam,

542 3482 679 3522 cum
701 3469 881 3522 etiam
934 3465 993 3520 in
1034 3466 1331 3538 principio
1362 3463 1665 3536 parabolae
1702 3464 2009 3520 hominem
2062 3479 2201 3519 eum

539 3557 937 3627 supposuerit.

614 3644 783 3699 Vers.
808 3644 896 3698 2t.
919 3644 1018 3699 Ait
1054 3673 1107 3684 -
1143 3642 1297 3713 ﬁlius
1330 3648 1480 3698 tuus.
1529 3643 1667 3707 Qua:
1694 3641 1883 3697 dicere
1914 3642 2203 3713 cogitave-

538 3737 650 3799 rat,
681 3748 749 3788 ea
792 3748 953 3787 nunc
1008 3737 1130 3788 toto
1185 3732 1363 3788 corde
1414 3731 1575 3797 dicit,
1613 3737 1674 3787 ut
1715 3732 1849 3786 hinc
1897 3730 2202 3787 discamus

541 3821 706 3894 quod
760 3827 1033 3892 oporteat
1083 3826 1262 3876 etiam
1310 3826 1444 3893 post
1496 3820 2032 3876 reconciliationem
2082 3827 2201 3877 toto

543 3911 723 3966 corde
785 3909 971 3975 fateri,
1017 3911 1182 3983 quod
1241 3910 1710 3982 peccaverimus,
1770 3926 2001 3977 nosque
2039 3910 2203 3983 ipsos

543 3999 974 4055 condemnare.

613 4088 787 4145 Vers.
827 4088 912 4143 22.
941 4087 1105 4145 Dixit
1128 4120 1180 4130 -
1207 4105 1357 4145 suos.
1393 4088 1481 4144 Ad
1516 4088 1782 4144 Ecclesiae
1813 4088 2153 4145 sacerdotes
2186 4106 2199 4145 :

540 4193 684 4235 nam
698 4178 890 4235 hiDeo
911 4178 1248 4235 ministrant
1275 4178 1354 4235 ad
1379 4194 1607 4245 eorum,
1632 4178 1733 4251 qui
1757 4185 2199 4235 convertuntur.

543 4267 797 4324 salutem
812 4311 826 4325 .

617 4358 789 4414 Vers.
821 4360 911 4413 22.
959 4357 1232 4427 Proferle
1258 4388 1327 4397 —
1356 4356 1546 4413 illum.
1604 4356 1890 4428 Primam,
1938 4356 2204 4429 pretiosi-

547 4447 875 4514 sissimam,
904 4464 1035 4517 qua:
1066 4454 1150 4502 est
1182 4446 1510 4519 puriﬁcatio
1542 4451 1643 4502 aut
1683 4448 1890 4516 gratia,
1926 4464 2040 4519 qua
2075 4463 2201 4502 cus-

2401 528 2499 575 Καὶ
2550 556 2612 564 -
2671 524 2855 580 αὐτοῦ.
2904 524 3107 589 Ἦλθεν,
3157 525 3271 578 ἀντὶ
3300 533 3407 592 τοῦ,
3444 525 3793 606 ἰιρχετου

2327 633 2419 673 σας
2470 620 2577 674 τοῖς
2625 613 2786 666 αι)τοῦ
2840 614 3177 688 σπλάγχνοις.
3208 621 3319 687 Χρὴ
3365 619 3458 691 γὰρ
3485 623 3545 687 μὴ
3571 638 3687 689 μονον
3710 620 3795 693 βου-

2322 701 2561 755 λεύεσθαι
2612 703 2801 774 καλῶς,
2859 703 2987 756 ἀλλὰ
3041 711 3130 758 καὶ
3178 708 3414 779 πράττειν
3477 711 3534 759 τὰ
3606 708 3797 780 βεϐονλινο

2319 796 2464 864 μένα.

2390 881 2506 935 Ἐτι
2562 912 2628 922 --
2709 882 2890 935 αὑτοῦ.
2964 882 3035 936 Ὠ
3115 886 3536 956 συμπαθεστάτης
3590 885 3799 949 «iiuna-iul

2316 969 2459 1033 Ἀμα
2510 991 2589 1033 τις
2650 970 2938 1041 ὶνεθυμήθη
3013 982 3349 1045 μετανοῆσαι,
3403 977 3482 1025 καὶ
3538 975 3629 1046 ἅμα
3682 986 3801 1027 τοῦτον

2318 1057 2450 1113 εἶδεν
2512 1060 2689 1127 αὐτὸς,
2753 1062 2957 1134 ἕτοιμος
3024 1063 3091 1113 ὢν
3148 1061 3226 1115 ἀεὶ
3290 1066 3416 1137 πρὸς
3470 1061 3697 1136 ὑποδοχήν
3739 1076 3804 1117 τῶν

2316 1147 2744 1224 ἐπιστρεφόντων,
2802 1155 2889 1201 καὶ
2955 1150 3103 1213 εὐθὺς
3167 1149 3220 1203 ἐκ
3276 1158 3540 1225 προοιμίων
3583 1163 3657 1214 τῆς
3703 1173 3804 1225 ρετι-

2314 1244 2455 1299 νοίας
2514 1239 3014 1311 ἀντιλαμϐανόμενος
3072 1240 3258 1294 αὐτῶν.
3322 1242 3553 1293 Ἐντεῦθεν
3593 1238 3806 1300 suviu-

2313 1327 2506 1398 ραϐολὴ
2558 1324 2867 1400 δημοσιεύει
2918 1333 3013 1386 τὴν
3086 1327 3461 1403 ἀνυπέρϐλητον
3514 1330 3807 1401 similar/xviri

2314 1421 2402 1468 καὶ
2436 1416 2732 1470 ἀνείκαστον
2763 1418 3128 1490 γιλοστοργίαν
3154 1426 3245 1470 τοῦ
3272 1419 3501 1493 οὐρανίου
3544 1424 3718 1491 Πατρός,
3750 1426 3808 1471 καί

2314 1508 2441 1563 ὅσην
2492 1511 2581 1557 καὶ
2630 1510 2742 1558 οἵαν
2800 1506 2869 1569 εἰς
2922 1511 3042 1569 τοὺς
3114 1506 3502 1581 ἐπιστρέφοντας
3572 1510 3809 1579 συμπάθεια,

2313 1591 2667 1648 ἐπιδείκνυται
2680 1639 2692 1651 ,

2388 1690 2486 1737 Καὶ
2542 1683 2967 1756 ἐσπλαγχνίσθη.
3025 1690 3198 1759 Πατὴρ
3246 1688 3348 1759 γὰρ
3403 1683 3475 1757 ἦν,
3507 1691 3585 1738 καὶ
3627 1686 3673 1738 οὗ
3712 1693 3814 1737 τοῦτο

2314 1778 2488 1845 μόνον,
2513 1772 2638 1825 ἀλλά
2668 1780 2757 1825 καὶ
2780 1779 2898 1835 Θεὸς
2928 1773 3110 1836 ἐλέους.

2391 1868 2490 1915 Καὶ
2541 1894 2607 1904 -
2656 1864 2838 1918 αὐτὸν.
2904 1863 3027 1917 ’Υπό
3077 1872 3166 1925 τῆς
3212 1867 3347 1936 ἄγαν
3402 1870 3715 1939 περιχαρείας,
3756 1864 3817 1915 οὐκ

2320 1956 2567 2024 ανέμεινεν
2621 1952 2775 2005 αὑτὸν
2823 1951 3000 2019 ἐλθεῖν,
3068 1952 3194 2005 ἀλλὰ
3251 1961 3618 2027 προυπὴντησι,
3651 1952 3817 2021 καὶούχ

2315 2042 2506 2106 ἁπλῶς,
2543 2040 2669 2093 ἀλλὰ
2714 2038 2948 2114 δραμὼν,
2984 2044 3066 2093 ἱνα
3114 2052 3243 2115 φανῂ
3297 2048 3356 2095 τὸ
3404 2040 3611 2116 σφοδρὸν
3642 2050 3713 2094 τοῦ
3748 2041 3821 2113 φίλ-

2312 2149 2451 2204 τρον
2499 2136 2587 2182 καὶ
2636 2128 2874 2183 ἐπέπεσεν
2924 2130 3004 2183 ἐπὶ
3040 2135 3125 2184 τὸν
3181 2132 3445 2205 τράχηλον
3491 2132 3648 2193 αὐτοῦ,
3689 2130 3820 2199 πλερι-

2313 2229 2498 2292 φορὼν.
2556 2222 2636 2272 ὃτι
2684 2218 2873 2292 ἀφῆκεν
2924 2221 3063 2291 αὐτῷ
3110 2228 3285 2273 πᾶσαν
3328 2222 3588 2296 ἁμαρτίαν,
3631 2224 3703 2271 καὶ
3741 2236 3823 2269 κατ·

2314 2309 2547 2381 εφίλησεν
2581 2308 2732 2361 αὑτὸν
2763 2313 2831 2370 ὡς
2861 2309 2972 2361 υἰόν
2997 2312 3252 2378 ποθεινὸν,
3269 2315 3357 2363 τὸν
3378 2313 3504 2384 ἄχρι
3518 2318 3602 2371 τῆς
3624 2311 3824 2382 μετανοίας

2313 2404 2498 2474 μιαρὸν
2527 2418 2579 2451 τε
2604 2403 2693 2451 καὶ
2725 2396 3000 2475 βδελυρόν.

2383 2576 2453 2628 Ὠ
2498 2573 2801 2649 παραδόξου
2834 2576 3211 2649 καταλλαγῆςὲ
3271 2581 3332 2633 Τί
3380 2578 3569 2644 εἶπω,ἠ
3612 2582 3653 2627 τί
3674 2572 3826 2629 λαλήσω

2315 2670 2444 2738 πρὸς
2495 2671 2589 2724 τὴν
2649 2666 2875 2741 ἄρρητον
2936 2676 3028 2719 του
3086 2675 3219 2721 Θεοῦ
3278 2668 3677 2741 φιλανθρωπία-ις
3722 2665 3827 2716 Ἀπο-

2314 2755 2479 2807 ϐλέπω
2530 2756 2641 2827 (8t)
2695 2761 2796 2830 γὰρ
2837 2760 2965 2828 πρὸς
3013 2760 3071 2808 τὸ
3113 2755 3306 2828 ἀχανὲς
3352 2757 3563 2827 πέλαγος
3588 2751 3826 2817 adtigim-

2312 2852 2572 2917 κοπτομαι
2647 2848 2732 2896 τὸν
2807 2845 2980 2915 λογον,
3038 2851 3128 2897 καὶ
3186 2846 3279 2898 οὐκ
3342 2850 3450 2919 ἔχω
3504 2850 3551 2897 τί
3596 2842 3827 2915 φθέγξομαι.

2311 2941 2474 2985 Tauro
2524 2930 2582 2985 δὲ
2629 2939 2781 3004 μόνον
2833 2933 3050 3007 λαμπρᾲ
3098 2933 3208 3007 βοῶ
3253 2942 3315 3008 τῇ
3379 2944 3533 3007 φωνῇ,
3581 2928 3830 3003 enitr/i1!

2315 3019 2536 3075 δύναται
2588 3024 2617 3081 ἠ
2668 3026 2933 3095 μετάνοια,
2980 3030 3188 3096 ταχέως
3240 3023 3629 3096 ἐπικάμπτουσα
3658 3025 3726 3072 τὸν
3768 3037 3829 3069 τα-

2314 3116 2535 3185 χύτερον
2571 3112 2639 3174 εἰς
2669 3118 2723 3164 τὸ
2756 3110 3176 3185 ἐπικάμπτεσθαι
3208 3113 3561 3186 φιλάνθρωπον
3586 3115 3689 3165 Θεὸν
3713 3111 3828 3179 ἡμῶν.

2316 3202 2934 3276 Ἀνθρομιποπρεπέστορον
3006 3199 3065 3255 δε
3132 3205 3198 3254 τὰ
3256 3203 3483 3277 ῥηθέντα
3537 3201 3677 3253 ποιεῖν
3723 3196 3831 3248 αᾶτὸν

2312 3291 2467 3361 λέγει,
2502 3295 2623 3365 πρὸς
2655 3290 3020 3367 ἐναργεστέραν
3064 3288 3423 3344 διδασκαλίαν
3476 3300 3559 3351 τῆς
3589 3289 3833 3361 συμπαθείας

2312 3386 2398 3433 καὶ
2438 3380 2764 3451 καταλλαγῆς
2806 3380 2981 3444 αὐτοῦ,
3043 3380 3150 3433 ἐπεὶ
3202 3388 3293 3433 καὶ
3341 3384 3597 3455 ἄνθρωπον
3648 3376 3766 3429 αὐτὸν
3800 3373 3832 3422 ἐν

2315 3466 2456 3541 ἀρχῇ
2490 3478 2582 3531 τῆς
2615 3468 2911 3541 παραϐολῆς
2937 3472 3168 3525 ὑπέθετο.

2388 3643 2508 3698 Eine
2557 3678 2622 3685 —
2681 3648 2794 3708 υἱὸς
2842 3656 2956 3702 σου.
3012 3647 3171 3722 Ἀπερ
3224 3648 3385 3701 εἰπεῖν
3419 3646 3683 3720 ἐμελέτησε,
3719 3648 3836 3694 ταῦτα

2311 3734 2446 3806 λέγει
2505 3742 2592 3786 νῦν
2643 3734 2695 3797 ἐξ
2766 3737 2883 3797 ὅλης
2936 3734 3181 3812 καρδίας,
3235 3740 3306 3800 ὡς
3361 3739 3578 3791 ἐντεῦθεν
3632 3731 3833 3804 μανθάνω

2313 3826 2466 3897 ἡμᾶς,
2519 3826 2599 3876 ὅτι
2641 3830 2750 3897 χρὴ
2810 3830 2899 3877 καὶ
2953 3828 3067 3896 (82)
3123 3828 3250 3898 μετὰ
3299 3831 3396 3885 τήν
3436 3822 3724 3893 καταλλαγὴν
3754 3817 3834 3868 εἶλο-

2312 3909 2541 3985 καρδίως
2578 3914 2865 3985 ὁμολογεῖν,
2913 3917 2990 3967 ὅτι
3038 3917 3361 3989 ἡμάρτομεν,
3408 3920 3497 3967 καὶ
3542 3907 3832 3967 καταδικάζειν

2313 4004 2541 4064 ἑαυτούς.

2385 4088 2509 4144 Eius
2562 4124 2630 4133 —
2678 4093 2837 4145 αὐτοῦ
2915 4097 3053 4168 Πρὸς
3103 4098 3215 4155 τοὺς
3248 4096 3397 4170 ἱερεῖς
3440 4102 3533 4155 τῆς
3580 4088 3830 4146 Ἐκκλησίις·

2314 4180 2472 4233 Οὗτοι
2501 4184 2599 4255 γὰρ
2641 4183 2962 4256 ὑπηρετοῦσι
2988 4192 3058 4254 τῷ
3088 4192 3199 4254 Θεῷ
3224 4189 3359 4257 πρὸς
3396 4189 3489 4242 τὴν
3526 4182 3742 4255 σωτηρίαν
3764 4180 3832 4225 τὼν

2313 4268 2736 4343 ἐπιστρεφόντων.

2385 4359 2707 4430 Ἐξενέγκατε
2747 4392 2811 4401 -
2865 4361 3040 4413 αὐτόν.
3086 4366 3191 4421 Τὴν
3239 4364 3580 4435 τιμιωτάτην,
3609 4361 3705 4418 ἣτις
3736 4350 3831 4404 ἐστί’

2314 4450 2342 4506 ἡ
2376 4451 2543 4521 κάϐαρ
2563 4470 2652 4511 τις,
2689 4452 2716 4507 ἠ
2754 4456 3072 4525 φρουρῐτικὴ
3102 4454 3286 4524 χάρις.

551 4538 813 4593 todiatur
845 4554 860 4604 ;
899 4554 1082 4609 quam
1111 4536 1417 4608 perdidita
1444 4535 1613 4591 Patre
1636 4542 1964 4608 separatus,
2016 4536 2217 4603 ﬁdem,
2250 4554 2335 4593 ve;
2356 4539 2475 4593 itati
2508 4539 2910 4608 cognitionem
2946 4557 2958 4595 :
2988 4547 3044 4596 et
3070 4542 3295 4596 induite
3322 4541 3510 4611 illum,
3530 4537 3621 4613 qui
3641 4538 3830 4603 seipsum

545 4627 726 4681 exuit:

620 4714 790 4769 Vers.
824 4714 912 4768 22.
980 4715 1056 4769 Et
1087 4746 1145 4755 —
1193 4716 1340 4786 ejus.
1368 4714 1739 4771 Arrabonem
1784 4714 2201 4772 familiaritatis
2233 4714 2279 4769 D

549 4818 691 4871 erga
714 4804 919 4869 Deum,
949 4809 1051 4859 aut
1081 4803 1457 4873 signaculum
1498 4805 1575 4860 ad
1614 4806 2021 4878 operationem
2049 4806 2199 4879 ejus,

546 4907 615 4947 ne
646 4892 771 4962 ipsa
797 4890 1029 4947 insidiis
1080 4900 1415 4965 appetatur.

624 4982 783 5036 Vers.
815 4983 902 5036 22.
933 4981 1009 5036 Et
1039 4983 1431 5039 calceamenta
1477 4982 1534 5039 in
1560 4983 1749 5053 pedes.
1772 4982 1837 5039 Id
1864 4989 1970 5053 est,
2004 4989 2204 5042 custo-

551 5071 712 5128 diam
746 5069 823 5127 ad
863 5069 972 5127 iter
1008 5072 1478 5129 conversationis
1524 5089 1664 5129 suae.

2387 4721 2486 4770 Καὶ
2514 4749 2577 4758 -
2612 4718 2797 4775 αὐτοῦ,
2838 4718 3142 4793 Ἀῤῥαϐῶνα
3170 4726 3264 4779 τῆς
3291 4723 3419 4792 πρὸς
3445 4722 3561 4773 Θεὸν
3580 4715 3830 4767 ciuium“,

2313 4808 2342 4865 ἦ
2379 4805 2652 4879 σφραγῖδα
2700 4810 2766 4869 είς
2813 4814 2906 4867 τὴν
2938 4809 3125 4883 πρᾶξιν
3174 4808 3357 4878 αὐτοῦ,
3392 4812 3524 4861 ὥστε
3552 4810 3692 4878 μένειν
3722 4795 3833 4848 αὑτήν

2313 4893 2747 4950 ἀνεπιϐούλευτον.

2388 4991 2489 5038 Καὶ
2533 4984 2851 5059 ὑποδήματα
2908 4986 2979 5049 εἰς
3026 4990 3143 5047 τοὺς
3184 4983 3375 5048 πόδας.
3423 4985 3641 5042 Φυλακὴν
3688 4974 3831 5037 εἰςτῒτ

2314 5080 2524 5150 πορείαν
2555 5084 2650 5137 τῆς
2681 5076 2936 5137 πολιτείας
2967 5076 3126 5129 αὐτοῦ
3155 5076 3293 5149 (83).

1746 5307 1967 5379 Varias
2013 5307 2342 5381 lectiones
2396 5318 2465 5381 et
2498 5320 2697 5382 notae.

622 5555 734 5631 (81)
769 5557 936 5631 Forte
967 5552 1253 5629 interpres
1287 5550 1426 5628 legit
1460 5549 1779 5617 ἀποϐλέπων.

628 5630 776 5705 (καί)
810 5630 979 5687 abest
1017 5631 1090 5689 A.

2313 5559 2837 5709 reI():::‘)i.8cliolium
2890 5563 3235 5638 proximum
3286 5560 3349 5622 in
3388 5566 3595 5621 neutro
3630 5558 3822 5615 ωωτιιω
