3994 6218
135 238 273 307 i029

124 467 458 520 contrarias
486 470 848 536 potestates.

1199 246 1556 311 comem.
1600 249 1670 308 tN
1709 215 1968 308 Luam.
2012 283 2078 294 .-
2117 249 2274 309 CAP.
2307 199 2440 307 xxv.

199 375 245 444 ἦ·
277 373 460 430 Uthis
501 373 798 431 calceatus
823 375 881 432 in
909 376 1339 448 praeparatione
1371 376 1668 447 Evangelii
1701 376 1884 448 pacis,
1913 374 2219 432 conculcet
2270 379 2573 449 serpentes
2647 391 2718 433 ac
2768 375 3139 449 scorpiones,
3200 378 3315 436 hoc

3384 248 3526 312 1030

3408 383 3517 448 est,

207 559 308 606 Καὶ
355 586 424 594 —
466 557 676 610 θύσατε.
727 561 944 627 Μόσχος
984 560 1240 622 σιτευτὸς,
1296 559 1352 608 τό
1401 557 1550 626 οῖγιον
1591 564 1742 627 σῶμα

1925 555 2088 612 Vers.
2122 557 2209 611 23.
2239 557 2316 612 Et
2365 588 2416 598 —
2449 562 2720 613 mactate.
2755 554 2986 613 Vitulus
3019 556 3330 626 saginatus
3376 574 3520 614 san-

128 652 225 696 τοῦ
259 652 489 716 Χριστοῦ
517 662 527 674 ⁸
561 651 766 717 μόσχος
797 649 905 718 μὲν,
953 649 1020 706 ὡς
1057 651 1127 718 μὴ
1160 642 1429 717 δαμασθὲν
1457 652 1517 717 τῇ
1555 645 1742 718 ζεύγλῃ

128 743 229 794 τῆς
271 734 568 807 ἁμαρτίαςο
622 739 858 797 σιτευτὸς
906 731 984 800 δὲ,
1023 739 1092 797 ὡς
1122 737 1330 788 πιοενθὲν
1384 742 1498 796 ταῖς
1546 733 1754 813 ἀρεταῖς

128 831 223 876 καὶ
256 826 479 898 τηρηθὲν
509 823 576 885 εἰς
595 829 686 883 τὴν
709 826 834 899 ὑπὲρ
866 833 964 878 τῶν
995 824 1311 900 ἁμαρτωλῶν
1345 830 1573 897 σφαγήν.

211 1005 314 1054 Καὶ
345 1005 595 1073 φαγόντες
625 999 1002 1074 εὐφρανθῶμεν.
1046 1006 1229 1072 Φαγεῑν
1270 1005 1357 1053 καὶ
1389 1003 1546 1062 αὐτὸς
1592 1001 1746 1073 λέγει,

135 1086 314 1148 δηλῶν
343 1095 436 1147 τῆν
457 1094 728 1141 κοινωνίαν
759 1097 852 1151 τῆς
875 1089 1163 1162 εὐφροσύνη
1176 1111 1218 1152 ς.

206 1185 330 1230 ⁴Οτι
360 1209 428 1218 --
481 1181 684 1253 εὑρέθη.
717 1182 985 1253 Νέκρωσιν
1033 1182 1124 1251 μὲν
1163 1184 1252 1231 καὶ
1311 1177 1566 1232 ἀπώλειάν
1619 1199 1749 1252 φησι

139 1273 232 1325 τήν
281 1266 383 1320 ἀπὸ
414 1277 508 1329 τῆς
560 1268 856 1342 ἁμαρτίας·
916 1267 1224 1330 ἀναζωωσιν
1284 1266 1342 1322 δε
1371 1273 1461 1320 καὶ
1522 1269 1744 1345 εὕρεσιν,

145 1362 242 1414 τὴν
269 1357 366 1409 ἀπὸ
396 1365 491 1420 τῆς
519 1363 814 1430 μετανοίας.

216 1539 319 1590 Καὶ
346 1535 568 1610 ἤρξαντο
600 1534 984 1610 εὐφραίνεσθαι.
1016 1542 1181 1590 Τοῦτο
1214 1539 1390 1609 σαφίς.

211 1713 312 1767 Ἦν
359 1747 424 1756 -
460 1712 625 1789 ἀγρῷ.
657 1722 740 1786 Τῷ
784 1724 883 1768 τῶν
936 1712 1144 1789 ἀρετῶν,
1197 1713 1533 1788 ἐργαζόμενος
1563 1715 1745 1780 αύτοίς.

1857 648 2015 700 ctum
2047 645 2260 701 Christi
2291 661 2508 718 corpus
2533 651 2622 702 est
2649 663 2662 700 :
2696 645 2914 701 vitulus
2930 645 3195 716 quidem,
3222 653 3512 720 tanquam

1859 748 1978 788 non
2009 734 2288 790 domatus
2313 734 2462 806 jugo
2496 751 2565 791 ac
2613 734 2877 807 pondere
2910 736 3164 804 peccati;
3201 736 3512 808 saginatus

1858 838 2016 888 vero,
2045 827 2336 895 tanquam
2366 823 2674 880 virtutibus
2697 823 3126 896 impinguatus,
3156 840 3224 882 ac
3238 830 3514 882 servatus

1859 917 1923 967 ut
1943 927 2054 983 pro
2077 911 2484 984 peccatoribus
2506 912 2880 970 immoletur.

1928 1002 2087 1056 Vers.
2122 1005 2208 1056 23.
2251 1003 2336 1056 Ac
2363 1002 2673 1071 epulantes
2729 1003 3017 1058 laetemur.
3052 1001 3240 1058 Edere
3267 1018 3512 1076 quoque

1857 1089 1988 1162 ipse
2019 1089 2234 1146 dicitur
2264 1090 2338 1146 ad
2379 1090 2590 1146 laetitiae
2627 1091 3257 1146 communicationem.

1929 1179 2096 1235 Vers.
2127 1181 2217 1234 24.
2264 1180 2410 1248 Quia
2441 1211 2508 1221 -—
2540 1178 2811 1236 inventus
2856 1185 2960 1236 est.
3009 1179 3510 1237 Mortiﬁcationem

1857 1267 2100 1340 quidem
2143 1285 2213 1324 ac
2242 1268 2631 1340 perditionem
2671 1269 2810 1324 dicit
2837 1284 2973 1326 eam
3015 1285 3153 1342 quae
3183 1286 3219 1325 a
3266 1274 3514 1342 peccato

1859 1357 2164 1429 procedit:
2191 1359 2645 1414 viviﬁcationem
2662 1374 2798 1414 vero
2823 1375 2894 1415 ac
2925 1358 3354 1428 inventionem,
3387 1374 3513 1416 eam

1859 1461 1997 1518 qum
2022 1463 2059 1504 a
2088 1448 2456 1519 pcenitentia.

1933 1538 2198 1592 Vers.24.
2229 1538 2652 1609 preruntque
2711 1536 2926 1594 laetari.
2972 1539 3090 1594 Hoc
3130 1537 3516 1594 manifestum

1864 1630 1972 1682 est.

1933 1714 2092 1770 Vers.
2125 1719 2214 1770 25.
2241 1715 2394 1772 Erat
2420 1747 2485 1758 -—
2509 1730 2665 1788 agro.
2701 1719 2764 1772 In
2812 1731 2958 1787 agro
2993 1715 3298 1783 virtutum,
3347 1731 3520 1773 exer-

1863 1819 2003 1860 cens
2035 1819 2105 1860 ac
2127 1804 2330 1861 colens
2358 1804 2507 1862 illas.

216 1899 321 1947 Καὶ
382 1895 446 1955 ὡς
498 1925 564 1935 —
621 1903 817 1970 χορῶν.
866 1893 926 1947 Ὀ
982 1903 1211 1956 τοιοῦτος
1261 1897 1474 1971 ἔρχεται
1512 1899 1600 1968 μὲν
1654 1893 1747 1949 διὰ

1935 1895 2093 1949 Vers.
2116 1894 2204 1950 25.
2235 1894 2497 1967 Cumque
2525 1927 2590 1936 —
2622 1893 2847 1951 choros.
2875 1895 3030 1951 Talis
3081 1894 3327 1968 quidem
3353 1895 3518 1951 venit

141 1991 456 2056 προκοπῆς·
525 1983 720 2056 ἐγγίζει
760 1981 818 2037 δὲ
862 1981 954 2037 δια
996 1984 1297 2046 τελειώσεως
1339 1995 1410 2056 τῷ
1477 1989 1601 2058 οἴκῳ
1653 1995 1745 2039 τοῦ

141 2082 302 2137 θεοῦ,
351 2078 444 2125 καὶ
494 2071 669 2126 ἀκούει
720 2079 1023 2147 συμφωνίας
1066 2078 1154 2146 μὲν
1199 2084 1478 2145 μουσικῆς,
1526 2073 1619 2128 διὰ
1655 2081 1748 2135 τὴν

140 2166 273 2234 πρὸς
327 2166 416 2214 τὸν
476 2167 672 2236 πατέρα
717 2168 1017 2236 συμφωνίαν
1056 2172 1146 2216 τοῦ
1200 2166 1338 2230 υἱοῦ,
1408 2168 1468 2224 ἡν
1521 2171 1752 2238 συνεφὼ-

139 2270 270 2309 νησε
302 2249 401 2303 διὰ
449 2259 547 2314 τῆς
587 2258 889 2324 μετανοίας’
943 2262 1118 2327 χορῶν
1169 2249 1248 2319 δὲ,
1298 2249 1391 2306 διὰ
1421 2261 1514 2313 τὴν
1565 2253 1752 2308 ἐκεῖθεν

140 2343 342 2412 χαράν.
377 2341 459 2394 Ἐν
489 2349 559 2412 τῷ
592 2345 715 2413 οἴκῳ
740 2345 841 2415 γὰρ
886 2349 978 2395 τοῦ
1019 2350 1151 2396 Θεοῦ
1198 2341 1332 2414 ἦχος
1381 2345 1610 2420 καθαρὸς
1640 2346 1748 2416 (84)

141 2429 518 2502 ἑορταζόντων.

218 2525 324 2571 Καὶ
385 2551 450 2559 -
504 2527 669 2573 ταῦτα
686 2538 701 2588 ;
757 2519 881 2574 Ἐνα
931 2530 1030 2574 τῶν
1094 2520 1343 2594 ἀγγέλων.
1408 2525 1485 2574 Δι’
1533 2521 1750 2595 ἁγγελου

137 2610 244 2681 γὰρ
292 2608 754 2662 ἀποκαλύπτονται
812 2613 878 2662 τὰ
935 2613 1046 2663 θεῖα
1096 2617 1400 2685 μυστήρια·
1452 2610 1650 2676 παῖδας
1695 2610 1753 2666 δε

136 2707 229 2750 νῦν
262 2697 402 2771 λέγει
439 2703 557 2762 τοὺς
604 2696 854 2762 δούλους⁸
891 2697 1068 2754 δοῦλοι
1121 2698 1180 2755 δε
1227 2710 1318 2755 τοῦ
1372 2710 1527 2768 Θεοῦ,
1587 2706 1635 2756 οἱ
1663 2705 1752 2776 οἶγ-

136 2788 307 2859 γελοι.

213 2877 277 2930 Ὀ
299 2874 363 2930 δε
392 2909 453 2920 -
481 2881 616 2936 ἣκει.
645 2884 994 2954 Παραγίνεται
1021 2879 1357 2956 ὶπιστρέψας.

219 2972 326 3020 Καὶ
367 2999 437 3007 -—
469 2967 736 3022 απελαϐεν.
783 2970 1143 3024 ’Λποϐαλόντα
1183 2976 1276 3030 τὴν
1323 2977 1474 3025 νόσον
1523 2968 1618 3024 διὰ
1663 2980 1754 3034 τῆς

139 3061 442 3130 μετονοίας.

214 3145 479 3220 Ὠργίσθη
525 3179 588 3188 -
633 3147 897 3201 εἰσελθεῖν.
953 3150 1282 3222 Σχηματίζει
1334 3159 1513 3203 τοῦτον
1571 3153 1601 3209 ἡ
1651 3171 1752 3204 πα-

137 3234 345 3308 ραϐολὴ
396 3244 482 3287 νῦν
535 3236 885 3312 ὀργιζόμενον,
944 3245 1034 3292 καὶ
1090 3247 1161 3312 μὴ
1225 3240 1433 3292 θέλοντα
1484 3240 1749 3304 εἰσελθεῖν,
1781 3270 1822 3326 C

141 3327 255 3397 οὐχ
289 3327 374 3378 ὅτι
413 3325 695 3399 ἐφθόνησε’
749 3326 886 3386 λύπη
939 3332 1038 3401 γὰρ
1091 3325 1314 3401 οὐδεμία
1363 3336 1466 3390 τοῖς
1523 3326 1754 3390 δικαίοις

141 3415 230 3467 ἐπὶ
278 3423 342 3488 τῇ
399 3421 636 3489 σωτηρίᾳ
688 3425 786 3469 τῶν
832 3414 1097 3489 «ἔιδελφῶν⁹
1155 3417 1260 3470 ἀλλ’
1308 3420 1390 3471 ἵνα
1436 3424 1751 3492 παραστήσῃ

141 3511 243 3563 τὴν
290 3504 576 3579 ὑπερϐολὴν
609 3514 704 3568 τῆς
760 3515 851 3559 τοῦ
901 3514 1032 3559 Θεοῦ
1090 3505 1437 3580 ἁγαθότητος.
1490 3509 1756 3582 Ἐμφαίνει

141 3599 249 3668 γὰρ
301 3596 331 3652 ἡ
368 3598 583 3652 τοιαύτη
638 3595 1014 3666 ἀγανάκτησις,
1063 3599 1143 3649 ὅτι
1186 3600 1446 3656 τοσαύτην
1495 3594 1755 3650 ἐνδείκνυ-

142 3704 236 3738 ται
270 3689 390 3757 περὶ
419 3688 536 3745 τούς
574 3693 944 3758 μετανοοῦντας
987 3688 1150 3761 χάριν
1179 3691 1268 3738 καὶ
1310 3689 1506 3761 χαρὰν,
1539 3690 1607 3750 ὡς
1655 3688 1755 3740 ἐτί-

143 3793 260 3847 ροις
287 3775 472 3846 φθόνον
519 3783 754 3834 κινῆσαι.
787 3781 951 3827 Τοῦτο
999 3772 1057 3827 δε
1085 3780 1335 3832 πεποίηκε
1381 3781 1471 3828 καὶ
1517 3779 1547 3834 ἡ
1582 3797 1757 3849 παρα-

147 3863 276 3921 ϐολὴ
331 3872 434 3915 τῶν
462 3866 824 3936 μισθουμένων
872 3864 1098 3938 ἐργατῶν
1143 3864 1192 3916 ἐν
1236 3874 1308 3936 τῷ
1347 3875 1758 3940 τεσσαρακοστῷ

147 3952 384 4026 δευτέρῳ
427 3953 686 4025 κεφαλαίῳ
732 3962 824 4006 τοῦ
853 3958 989 4006 κατά
1034 3956 1338 4009 Ματθαῑον.
1367 3960 1457 4007 καὶ
1497 3955 1548 4008 ἐν
1592 3958 1757 4030 ἐκείνη

281 4045 330 4094 οἱ
363 4051 561 4113 πρῶτοι
600 4042 904 4114 ἐγόγγυζον.

219 4132 283 4187 Ὀ
343 4128 432 4184 οὖν
487 4137 656 4208 πατὴρ
696 4163 747 4172 -—
785 4133 959 4185 αύτόν.
1004 4132 1093 4196 Ὠς
1144 4133 1382 4205 φιλόπαις
1437 4137 1527 4187 καὶ
1581 4138 1758 4207 σοφὸς,

147 4228 242 4274 καὶ
290 4225 380 4274 τὸν
431 4221 818 4297 ἔπιστρέψαντα
863 4230 1010 4296 τιμᾷ,
1061 4227 1265 4276 καὶτὸν
1299 4228 1540 4297 μείναντα
1591 4245 1764 4301 παρα-

150 4312 281 4364 καλε
289 4319 326 4363 ῐ.

221 4400 284 4452 Ὀ
325 4395 389 4452 δε
433 4429 501 4440 —-
544 4399 828 4474 εὐφρανθῶ.
881 4401 957 4454 Ού
1000 4409 1219 4455 τοιαῦτα
1259 4401 1499 4474 λέγουσιν
1535 4403 1585 4454 οἱ
1622 4401 1764 4473 ἅγιοι

151 4494 284 4562 πρὸς
314 4492 404 4540 τὸν
452 4492 602 4554 Θεὸν,
644 4489 775 4542 ἀλλὰ
823 4490 1115 4552 ἁκολούθῶς
1147 4499 1209 4563 τῇ
1276 4491 1405 4565 ὀργῇ
1467 4490 1764 4563 ἄσχημοίτι-

153 4598 282 4630 σται
313 4583 407 4628 καὶ
440 4578 571 4636 αὕτη
633 4581 660 4637 ἡ
698 4576 1047 4651 δικαιολογία,
1102 4577 1192 4632 δια
1225 4585 1316 4638 την
1367 4580 1537 4632 αἰτίαν
1571 4583 1630 4638 ἣν
1686 4581 1760 4632 εἰ·

149 4675 414 4741 ρήκαμεν.
463 4668 696 4721 Εἰωθασι
723 4673 826 4742 γὰρ
884 4673 932 4721 οἱ
981 4672 1280 4742 φθονοῦντες
1335 4677 1554 4722 τοιαῦτα
1609 4667 1762 4741 ἔγκα-

148 4758 276 4812 lci».

227 4852 374 4910 Τινὲς
400 4843 488 4901 οὖν
513 4851 685 4922 ἔριφον
840 4855 932 4908 τὴν
964 4848 1250 4923 ἐλαχίστην
1298 4845 1494 4909 ἡδονήν
1517 4867 1529 4880 °
1589 4849 1762 4922 φίλους

154 4935 238 5005 δε,
272 4943 341 4992 τὰ
364 4938 630 5010 θελήματα
663 4947 914 5007 νοοῦντες,
943 4946 1098 5012 φασὶν
1129 4941 1285 4993 εἰπεῖν
1312 4940 1487 5009 αύτόν,
1540 4941 1620 4992 ὅτι
1650 4939 1766 5012 ἐμοὶ

151 5027 413 5083 οὐδέποτε
461 5035 869 5102 παρεχώρησας,
903 5027 1026 5082 οὔδε
1069 5030 1390 5102 Ἐλαχίστης
1421 5027 1638 5096 ἡδονῆς,
1685 5031 1768 5082 ἱνα

145 5122 290 5193 μετὰ
312 5128 418 5172 τῶν
447 5118 746 5190 θελημάτων
776 5138 876 5192 μου
910 5120 1197 5192 εὐφρανθῶ.

1796 4627 1838 4680 D

1862 1981 2132 2039 felicitate
2164 1984 2565 2057 provectionis
2599 2000 2612 2040 :
2649 1983 3006 2058 perfectione
3054 1987 3258 2040 autem
3301 2000 3517 2057 appro-

1862 2071 2117 2145 pinquat
2140 2073 2347 2129 domui
2377 2073 2498 2140 Dei,
2541 2079 2597 2131 et
2643 2074 2804 2131 audit
2836 2074 3092 2130 musices
3135 2077 3516 2138 concentum,

1861 2167 2104 2234 propter
2145 2161 2250 2218 ﬁlii
2277 2179 2418 2236 erga
2444 2167 2674 2236 patrem
2696 2163 3100 2229 concordiam,
3125 2178 3248 2235 qua
3263 2178 3367 2235 per
3392 2177 3520 2234 pce-

1863 2251 2171 2308 nitentiam
2204 2268 2453 2308 concors
2487 2252 2676 2309 factus
2699 2257 2785 2309 est
2819 2270 2832 2308 :
2861 2252 3075 2309 choros
3108 2269 3261 2317 vero,
3281 2257 3525 2325 propter

1862 2340 2177 2411 gaudium,
2201 2343 2367 2415 quod
2393 2341 2537 2397 inibi
2557 2347 2701 2398 erat.
2727 2345 2870 2399 Nam
2900 2341 2961 2398 in
2983 2343 3170 2398 domo
3203 2341 3302 2398 Dei
3334 2356 3520 2397 sonus

1862 2436 1947 2486 est
1980 2445 2126 2502 pure
2147 2431 2298 2487 festa
2321 2431 2771 2489 celebrantium.

1936 2523 2096 2578 Vers.
2127 2521 2216 2576 26.
2258 2522 2331 2577 Et
2367 2551 2430 2563 —
2478 2521 2622 2578 haec.
2658 2523 2785 2578 Uno
2819 2519 3171 2592 angelorum
3212 2519 3520 2576 accersito.

1936 2613 2042 2666 Per
2063 2610 2346 2678 angelum
2386 2611 2548 2668 enim
2591 2610 2926 2666 revelantur
2979 2611 3184 2666 divina
3216 2609 3516 2680 mysteria.

1865 2699 2064 2765 Παῖδας
2088 2706 2259 2758 vocat
2288 2717 2446 2756 nunc
2478 2716 2682 2757 servos
2713 2717 2726 2756 :
2757 2716 2899 2756 nam
2948 2699 3145 2770 angeli
3189 2705 3330 2755 sunt
3364 2697 3522 2755 servi

1867 2790 1987 2845 Dei.

1935 2878 2102 2934 Vers.
2129 2879 2218 2932 27.
2253 2877 2423 2950 Isque
2463 2907 2530 2918 —
2559 2875 2734 2934 venit.
2760 2875 2942 2932 Adest
2968 2891 3318 2932 conversus.

1935 2968 2093 3023 Vers.
2125 2969 2212 3023 27.
2241 2969 2317 3023 Et
2344 2998 2412 3007 —
2439 2966 2671 3037 recepit.
2713 2965 2956 3037 Abjccto
2989 2964 3211 3034 morbo,
3243 2980 3350 3038 per
3401 2979 3525 3038 pm-

1864 3055 2192 3112 nitentiam.

1935 3145 2098 3199 Vers.
2129 3148 2216 3200 28.
2252 3144 2689 3215 lndignatus—
2713 3143 2983 3200 introire.
3007 3143 3330 3199 Assimulat
3361 3144 3522 3200 hunc

1865 3232 2148 3306 parabola
2181 3233 2618 3304 indignantem,
2650 3249 2759 3290 nec
2789 3234 3008 3289 intrare
3029 3233 3325 3288 volentem
3351 3248 3364 3288 :
3399 3248 3522 3288 non

1863 3324 2027 3390 quod
2053 3323 2363 3378 inviderit:
2399 3323 2595 3379 nullus
2616 3323 2773 3379 enim
2792 3322 3208 3394 mcerorjustis
3225 3323 3300 3377 de
3331 3321 3524 3378 salute

1863 3413 2152 3470 fratrum:
2189 3414 2292 3469 sed
2326 3419 2389 3470 ut
2426 3415 2506 3471 ob
2531 3415 2741 3470 oculos
2783 3418 2968 3485 ponat
3014 3413 3378 3469 immensam
3425 3413 3526 3469 Dei

1865 3507 2208 3565 bonitatem.
2223 3506 2796 3579 Ostenditsiquidem
2811 3506 2912 3578 huj
2925 3505 3154 3562 usmodi
3170 3505 3516 3576 indignatio,

1862 3595 2029 3667 quod
2057 3602 2276 3660 tantam
2301 3598 2677 3653 demonstrat
2707 3611 2850 3666 erga
2875 3611 2998 3662 eos,
3022 3596 3124 3668 qui
3147 3595 3522 3666 resipiscunt,

1864 3685 2118 3756 gratiam
2163 3693 2218 3742 et
2243 3686 2552 3757 gaudium,
2588 3691 2650 3742 ut
2695 3687 2921 3742 caeteris
2959 3685 3248 3741 invidiam
3281 3699 3523 3740 movere

1865 3776 2073 3847 possit.
2127 3776 2244 3831 Hoc
2293 3781 2495 3830 autem
2527 3774 2663 3830 fecit
2697 3781 2755 3830 et
2791 3774 3086 3846 parabole
3111 3773 3522 3845 Operariorum

1867 3865 2130 3920 mercede
2142 3865 2590 3932 conductorum,
2608 3863 3066 3936 quadragesimo
3081 3862 3342 3920 secundo
3351 3863 3526 3934 juxta

1867 3954 2208 4010 Matthaeum
2257 3955 2446 4025 capite
2493 3976 2507 4009 :
2557 3969 2700 4010 nam
2772 3953 2833 4010 in
2887 3952 2988 4010 illa
3054 3968 3292 4026 quoque
3349 3950 3529 4024 primi

1867 4043 2348 4099 murmurabant.

1939 4131 2108 4186 Vers.
2142 4135 2230 4186 28.
2279 4134 2460 4188 Pater
2501 4146 2634 4202 ergo
2681 4162 2750 4172 —
2780 4131 2976 4188 illum.
3012 4132 3220 4202 Utpote
3264 4129 3526 4185 ﬁliorum

1868 4226 2104 4276 amator
2145 4236 2215 4276 ac
2257 4219 2518 4291 prudens
2551 4238 2563 4273 :
2597 4226 2655 4276 et
2682 4236 2820 4276 eum
2881 4219 2986 4291 qui
3041 4234 3365 4275 conversus
3414 4223 3523 4284 est,

1869 4309 2097 4366 habens
2128 4309 2189 4364 in
2215 4309 2462 4375 honore,
2496 4315 2553 4364 et
2577 4325 2718 4366 eum
2762 4307 2866 4382 qui
2902 4308 3246 4380 permansit,
3281 4321 3522 4378 rogans.

1942 4399 2295 4454 Vers.29.At
2312 4397 2414 4454 ille
2432 4428 2496 4438 —
2521 4397 2772 4454 tatarer.
2797 4401 2924 4454 Non
2940 4395 3282 4452 dicuntbaac
3321 4399 3426 4450 aut
3454 4393 3529 4448 si-

1872 4488 2034 4545 milia
2051 4490 2236 4546 sancti
2261 4491 2398 4552 Deo,
2433 4487 2540 4543 sed
2566 4492 3002 4560 consequenter
3058 4486 3135 4540 ad
3168 4483 3526 4554 indignatio-

1872 4597 2010 4636 nem
2041 4579 2397 4635 assimulata
2421 4583 2510 4634 est
2537 4583 2596 4633 et
2615 4578 2741 4633 haec
2767 4592 2963 4632 causae
2983 4574 3254 4642 redditio,
3285 4574 3363 4628 ob
3389 4589 3526 4630 cau-

1873 4687 2002 4726 sam
2040 4685 2225 4742 quam
2281 4668 2688 4739 praediximus.
2720 4665 2917 4723 Solent
2947 4666 3100 4720 enim
3134 4664 3312 4720 invidi
3343 4663 3418 4721 de
3451 4664 3528 4720 si-

1874 4759 2110 4815 milibus
2141 4757 2443 4830 conqueri.

1948 4849 2201 4915 Quidam
2235 4863 2376 4918 ergo
2400 4863 2508 4920 per
2526 4845 2790 4909 haedum,
2826 4843 3134 4899 minimam
3164 4843 3525 4914 voluptatem

1877 4937 2283 5010 intelligenles,
2348 4953 2450 5007 per
2507 4935 2734 4991 amicos
2789 4949 2928 4989 vero
2980 4933 3309 4990 voluntates
3361 4935 3531 4989 aiunt

1878 5028 2046 5084 illum
2070 5027 2287 5081 dixisse
2326 5041 2340 5080 :
2372 5026 2501 5082 Mihi
2543 5040 2613 5079 ne
2647 5023 2955 5079 minimam
2985 5023 3231 5093 quidam
3267 5022 3531 5094 volupta-

1881 5122 2002 5172 tem
2031 5132 2294 5187 unquam
2327 5113 2670 5187 permisisti,
2705 5117 2914 5166 utcum
2949 5109 3356 5167 voluntatibus
3383 5108 3530 5168 meis

1883 5206 2134 5262 laetarer.

1366 5409 1592 5480 Varia
1647 5407 1976 5480 lectiones
2030 5416 2096 5476 et
2134 5416 2334 5476 nota.

229 5667 344 5742 (84)
379 5663 706 5722 Hentenius
741 5661 976 5721 videtur
990 5661 1287 5738 reperisse
1314 5660 1574 5740 καθαρῶς,
1607 5661 1754 5735 quod

1896 5659 1946 5717 hi
1979 5657 2152 5717 valde
2181 5656 2502 5732 probatur.
