3994 6218
1770 154 1787 177 κ
1816 144 1821 149 .

541 214 676 286 1031

543 444 871 513 sithmdus,
904 445 1123 518 autqui
1148 444 1264 501 sint
1285 445 1458 500 amici
1483 464 1495 498 :
1516 460 1655 501 nam
1688 446 2029 517 periculosae
2056 452 2193 503 sunt

540 534 604 590 in
637 534 856 591 talibus
919 534 1166 589 subtiles
1206 535 1564 599 quaestiones
1617 551 1687 591 ac
1739 535 2191 607 diSputationes,

540 625 693 678 sicut
720 623 776 678 in
810 623 1011 678 multis
1044 624 1349 695 parabolis
1381 626 1684 697 protestati
1716 642 1945 680 sumus.

608 713 776 767 Vers.
834 716 922 767 30.
968 712 1083 769 Sed
1138 730 1271 769 cum
1325 745 1390 754 —
1452 715 1769 784 sagintum.
1828 714 2019 771 Etiam
2065 716 2193 771 haec

534 802 809 871 ejusdem
875 806 1018 856 sunt
1082 804 1547 874 consequentiae,
1592 812 1646 859 et
1702 804 2194 860 similitereffecta

533 896 692 947 sunt.
727 891 825 946 Dei
850 907 989 947 vero
1012 892 1411 947 substantiam
1438 892 1579 948 dicit
1604 893 1766 949 dona
1796 893 1882 948 vel
1911 894 2191 966 gratiam.

534 978 995 1052 velutisuperius
1022 981 1421 1053 significatum
1444 988 1531 1038 est
1555 1004 1567 1037 :
1605 983 1942 1039 meretrices
1972 990 2191 1049 autem,

532 1068 912 1142 voluptatum
947 1086 1202 1126 amores.

605 1161 764 1214 Vers.
800 1161 886 1215 31.
937 1164 1025 1216 Ac
1068 1162 1172 1216 ille
1201 1192 1269 1201 —
1324 1176 1400 1217 es.
1436 1163 1750 1234 Nunquam
1793 1178 1829 1218 ο.
1861 1177 1955 1218 me
2002 1161 2181 1219 disce.

533 1246 755 1317 dendo,
788 1248 894 1304 sed
914 1250 1202 1305 mandata
1229 1266 1363 1305 mea
1388 1267 1624 1322 semper
1656 1251 1983 1324 implendo.

607 1339 766 1393 Vers.
800 1338 887 1393 3t.
939 1339 1014 1393 Et
1037 1370 1104 1378 —
1135 1346 1294 1395 sunt.
1325 1339 1471 1395 Cum
1504 1340 1665 1396 enim
1699 1341 1829 1396 tails
1856 1341 1957 1407 sis,
1986 1343 2191 1397 omnia

532 1442 668 1483 mea
696 1426 1206 1499 haereditariojure
1231 1428 1565 1500 possidebis
1588 1446 1604 1495 ;
1629 1430 1730 1502 huj
1745 1430 1982 1487 usmodi
2021 1446 2191 1487 nam-

530 1532 647 1588 que
675 1516 776 1571 ﬁlii
810 1516 868 1571 in
892 1517 1301 1573 bareditatem
1336 1518 1897 1590 accipiuntregnum
1927 1521 2109 1575 Patris
2133 1526 2187 1576 et

528 1604 649 1660 Dei.
683 1608 763 1661 Ne
794 1621 935 1676 ergo
969 1607 1233 1674 tristeris,
1266 1623 1407 1663 nam
1440 1609 1498 1662 in
1536 1608 1699 1663 nullo
1729 1607 1977 1663 affectus
2008 1610 2185 1664 es‘in-

524 1694 703 1764 juria.
748 1694 813 1749 Et
843 1696 923 1750 ita
960 1704 1269 1752 mansuete
1308 1696 1473 1751 illum
1503 1697 1871 1765 consolatus,
1902 1698 2183 1771 deinceps

530 1785 699 1840 etiam
718 1784 786 1839 de
801 1785 889 1839 his
903 1786 1234 1857 respondet,
1250 1803 1379 1857 quae
1395 1786 1449 1840 in
1468 1787 1695 1842 fratrem
1711 1788 1838 1858 ejus
1852 1788 2005 1843 facta
2027 1796 2179 1845 sunt.

605 1875 763 1929 Vers.
807 1877 893 1929 32.
926 1875 1141 1931 Laetari
1164 1906 1225 1915 —
1263 1876 1527 1931 inventus
1548 1883 1649 1931 est.
1686 1878 1953 1932 Ostendit
1986 1894 2183 1933 neces-

530 1962 746 2019 sariam
772 1962 953 2017 fuisse
968 1964 1228 2019 laetitiam
1244 1971 1299 2018 et
1322 1966 1625 2033 gaudium.
1644 1965 1783 2031 Quis
1806 1966 1985 2031 enim,
2005 1983 2183 2039 quam

530 2058 834 2108 mortuum
902 2053 1108 2108 viderit
1158 2057 1433 2109 revixisse
1488 2071 1608 2109 non
1660 2055 1886 2110 laetatur
1922 2057 1948 2111 ?
1978 2058 2183 2127 etquis

530 2142 632 2197 ubi
664 2142 745 2210 id,
767 2143 930 2214 quod
966 2143 1238 2214 perierat,
1269 2143 1570 2209 invenerit,
1613 2160 1732 2199 non
1777 2145 1996 2213 gaudet
2024 2145 2053 2201 ?
2083 2145 2177 2201 Vi-

529 2231 688 2297 disti,
722 2232 1239 2303 quemadmodum
1271 2239 1327 2288 et
1350 2234 1593 2305 quando
1624 2249 1863 2304 peregre
1886 2235 2180 2307 profectus

529 2325 619 2376 est
648 2321 938 2392 patienter
977 2322 1261 2377 sustinuit
1290 2327 1344 2377 et
1374 2337 1725 2377 conversum
1760 2323 2054 2380 immenso
2085 2340 2182 2379 ex-

528 2409 683 2481 cepit
707 2410 923 2480 gaudio
952 2428 965 2467 :
998 2428 1107 2466 nec
1143 2411 1331 2466 solum
1369 2410 1711 2467 substantia:
1743 2412 2026 2468 rationem
2059 2430 2179 2469 non

528 2500 781 2573 repetiit,
816 2500 923 2556 sed
974 2501 1222 2556 etdonis
1266 2500 1433 2556 illum
1476 2501 1747 2571 dignatus
1796 2509 1901 2565 est,
1937 2519 2045 2558 nec
2090 2519 2181 2559 so-

527 2590 653 2647 lum
686 2605 807 2645 non
832 2589 1233 2662 exprobravit,
1268 2589 1371 2645 sed
1394 2590 1635 2661 insuper
1648 2607 1838 2663 proeo
1860 2592 2178 2663 respondit.

602 2680 747 2736 Vere
779 2694 1002 2749 magna
1047 2684 1153 2745 est,
1216 2679 1480 2744 Domine,
1541 2680 1878 2750 benignitas
1914 2686 2037 2747 tua,
2072 2698 2180 2737 nec

527 2771 686 2827 ullus
718 2771 1010 2843 eXplicare
1038 2769 1287 2825 sufficiet
1327 2786 1521 2825 sermo
1552 2770 1627 2825 ad
1660 2774 1985 2842 gratiarum
2006 2775 2181 2828 actio-

528 2876 664 2917 nem
696 2860 870 2916 illius.
893 2860 1124 2915 Utinam
1148 2864 1337 2915 autem
1363 2865 1419 2914 et
1442 2876 1572 2925 nos,
1592 2862 1692 2932 qui
1722 2862 2023 2933 mqualiter
2040 2879 2178 2917 cum

526 2950 781 3023 prodigo
811 2965 1015 3004 sumus
1061 2964 1302 3021 peregre
1363 2948 1629 3021 profecti,
1670 2966 1735 3004 ac
1774 2951 2009 3006 divitias
2043 2968 2180 3007 con-

526 3040 919 3111 sumpsimus,
933 3037 1224 3110 aequalem
1240 3054 1373 3092 cum
1394 3054 1464 3094 eo
1477 3039 1927 3095 conversionem
1945 3040 2177 3096 demon-

524 3133 799 3193 stremus,
828 3134 882 3183 et
911 3128 1119 3199 azquali
1151 3128 1513 3196 benignitate
1537 3128 2065 3197 dignibabeamur.

757 3217 913 3271 CAP.
952 3216 1135 3271 LVlll.
1169 3217 1251 3271 De
1279 3217 1674 3287 dispensature
1712 3216 1931 3289 iniquo.

594 3304 739 3379 Cap.
779 3306 912 3361 XVI.
938 3306 1102 3361 Vers.
1138 3307 1187 3358 1.
1214 3306 1456 3362 Dicebat
1497 3309 1695 3362 autem
1740 3336 1805 3345 --
1832 3305 1974 3363 bona
2009 3306 2175 3364 illius

522 3395 815 3452 Parabola
856 3395 979 3451 haec
1036 3395 1377 3451 Christianis
1419 3394 1695 3451 attributa
1752 3401 1861 3461 est,
1911 3397 2014 3467 qui
2055 3413 2175 3453 non

520 3484 730 3541 volunt
753 3486 1000 3541 omnino
1033 3485 1437 3555 possessiones
1468 3500 1537 3539 ac
1563 3486 1849 3556 pecunias
1872 3485 2176 3557 despicere

519 3573 851 3630 admonens
878 3573 1031 3641 illos,
1058 3578 1122 3627 ut
1150 3574 1208 3628 in
1242 3588 1531 3644 pauperes
1564 3574 1679 3627 sint
1709 3572 1980 3629 beneﬁci.
2012 3574 2177 3631 Dicta

520 3670 607 3719 est
629 3668 829 3720 autem
852 3662 928 3719 ad
960 3661 1308 3734 discipulos,
1350 3663 1492 3735 quia
1544 3667 1599 3718 et
1630 3662 1689 3717 hi
1748 3666 1887 3719 sunt
1933 3662 2175 3734 dispen-

522 3757 770 3810 satores.

590 3846 994 3915 Reprmsentat
1050 3841 1227 3897 etiam
1292 3840 1599 3896 hominem
1678 3839 1944 3911 divitem,
2003 3846 2170 3914 puta,

515 3932 703 3988 Deum
723 3932 1070 3999 humanum,
1088 3930 1371 4003 nulloque
1397 3929 1756 4000 indigentem
1777 3948 1789 3985 :
1810 3946 2172 3987 mconomum

515 4037 679 4088 vero,
712 4021 833 4076 sive
863 4020 1357 4092 dispensatorem,
1385 4021 1766 4093 omnem,qui
1797 4020 2059 4092 possidet
2084 4020 2173 4075 di-

512 4110 690 4167 vitias
718 4127 731 4167 :
763 4111 908 4165 tales
934 4111 1089 4165 enim
1125 4124 1243 4165 non
1273 4114 1409 4165 sunt
1436 4108 1684 4171 domini.
1710 4110 1816 4167 sed
1858 4110 2172 4183 dispensa-

515 4205 693 4258 tores.
729 4200 876 4256 Dicit
906 4216 1169 4273 namque
1203 4202 1353 4255 Deus
1379 4215 1391 4254 :
1413 4202 1591 4257 Meum
1615 4203 1958 4269 est'aurum,
1978 4216 2167 4256 meum

518 4298 601 4348 est
632 4298 929 4363 argentum
958 4291 1024 4344 ¹⁸.
1066 4289 1304 4345 Delatus
1362 4295 1453 4345 est
1516 4295 1715 4345 autem
1765 4290 1928 4361 apud
1984 4292 2167 4344 Deum

2225 1714 2264 1766 Β
2299 1705 2675 1774 παρηγορήσας
2748 1701 2924 1764 αὑτὸν,

1864 218 2174 287 EUTHYML

2287 218 2586 292 iGABENI
3714 236 3809 299 1032

611 354 792 411 Nobis
824 358 1024 411 autem
1067 370 1186 411 non
1230 359 1317 411 est
1355 354 1586 411 curiose
1609 355 2023 422 scrutandum,
2058 356 2193 429 quis
2227 359 2272 413 Α

2374 357 2527 431 Ἡμῖν
2588 356 2648 412 δε
2706 359 2766 412 οὔ
2817 364 3239 435 περιεργαστέον,
3309 364 3384 423 τίς
3432 362 3558 415 ἔστιν
3606 366 3628 416 ὁ
3677 369 3813 441 intem,

2305 452 2394 501 xui
2443 453 2574 509 τίνες
2619 452 2667 501 οἱ
2700 450 2854 521 φίλοι.
2892 450 3209 523 Ἐπισφαλής
3255 453 3353 525 γὰρ
3411 453 3438 509 ἠ
3471 451 3515 504 ἐν
3558 462 3649 516 τοῖς
3686 463 3812 508 τοιού-

2304 558 2416 598 τοις
2478 538 2803 610 λεπτολογία,
2878 542 3048 601 καθὼς
3105 540 3371 612 πολλαχοῦ
3432 551 3523 593 τῶν
3580 544 3816 615 παραϐολῶν

2307 624 2786 701 διεμαρτυράμεθα.

2374 716 2497 769 Ὀτε
2541 714 2601 769 δε
2658 748 2724 757 --
2757 723 3010 773 σιτευτόν.
3074 724 3171 772 Καὶ
3226 728 3391 772 ταῦτα
3439 730 3523 781 τῆς
3567 722 3703 784 αὐτῆς
3726 724 3819 776 εἰσιν

2307 806 2636 875 ἀκολουθίας,
2695 813 2784 860 καὶ
2846 810 3034 881 ὁμοίως
3083 808 3568 882 ἕσχηματίσθησαν.
3615 816 3710 863 Βίου

2305 891 2392 947 οὖν
2421 899 2531 965 (85)
2576 903 2668 949 τοῦ
2716 901 2845 950 Θεοῦ
2872 897 3009 968 λέγει
3038 902 3097 950 τό
3145 902 3413 972 χάρισμα,
3444 901 3595 961 καθὼς
3644 899 3821 975 ἀνωτέρω

2306 982 2599 1044 δεδήλωται
2624 1003 2636 1013 ·
2672 992 2860 1061 πόρνας
2891 984 2970 1052 δὲ,
3005 990 3095 1050 τὰς
3130 985 3451 1060 φιληδονίας.

2371 1161 2430 1214 Ὀ
2462 1159 2525 1216 δε
2579 1160 2714 1217 εἶπεν
2754 1196 2811 1204 -
2860 1161 2923 1217 εἰ.
2958 1161 3227 1218 Οὐδέποτε
3276 1186 3376 1239 μου
3425 1165 3700 1239 ἀποφοιτῶν,
3744 1167 3820 1219 ἀλλ’

2302 1252 2381 1306 ἀεὶ
2411 1257 2505 1315 τὰς
2536 1252 2737 1316 ίντολὰς
2766 1274 2866 1325 μου
2897 1254 3128 1327 πληρῶν.

2376 1349 2475 1396 Καὶ
2531 1374 2601 1383 -
2668 1342 2799 1397 ἐστι.
2853 1351 3098 1407 Τοιοῦτος
3152 1347 3253 1416 γὰρ
3312 1349 3401 1411 ὧν,
3448 1348 3601 1398 πάντα
3649 1348 3703 1398 τὰ
3752 1345 3821 1417 ἐμὰ

2300 1433 2726 1507 κληρονομήσας.
2777 1435 2841 1485 Οἱ
2899 1442 3127 1485 τοιοῦτοι
3183 1436 3331 1507 [γὰρ
3387 1436 3496 1505 (86)
3550 1437 3641 1487 υἱοὶ
3678 1434 3819 1508 κληρο-

2301 1531 2517 1595 νομούσι
2573 1528 2665 1581 τὴν
2729 1520 3001 1594 βασιλείαν
3053 1530 3144 1575 τοῦ
3196 1528 3401 1598 Πατρός
3453 1529 3537 1575 καὶ
3587 1531 3716 1577 Θεοῦ.
3763 1530 3821 1580 Μὴ

2297 1612 2460 1663 λυποῦ
2508 1617 2698 1682 τοίνυν,
2745 1608 2895 1664 οὐδεν
2941 1615 3044 1685 γὰρ
3091 1609 3380 1674 ἠδικήθης.
3436 1615 3603 1674 Οὕτως
3640 1613 3822 1672 ἐπιεικῶς

3002 1700 3331 1772 ἀπολογεῖται
3398 1702 3565 1755 λοιπόν
3612 1706 3688 1753 καὶ
3729 1704 3821 1773 ὑπὲρ

2296 1799 2396 1841 τῶν
2424 1796 2771 1862 γεγενημένων
2803 1791 2869 1851 εἰς
2900 1794 2984 1843 τόν
3010 1788 3229 1863 ἀδελφὸν
3261 1792 3437 1845 αὐτοῦ.

2368 1879 2730 1954 Εὖφρανθῆναι
2798 1912 2861 1920 -
2939 1886 3028 1932 καὶ
3117 1882 3319 1955 εὑρέθη.
3393 1886 3641 1933 Δξίκνυσιν
3704 1878 3825 1949 ἀνα-κο

2293 1973 2445 2019 καίαν
2501 1974 2589 2026 τὴν
2657 1969 2974 2043 εὐφροσύνην
3035 1976 3123 2022 xui
3184 1973 3382 2043 χαράν.
3445 1976 3532 2030 Τίς
3588 1973 3676 2043 γὰρ
3731 1966 3822 2019 ἰδὼν

2292 2062 2465 2131 νεκρὸν
2503 2056 2857 2129 ἁναζήσαντα,
2892 2060 2987 2110 οὐκ
3030 2059 3379 2131 εὐφραίνεται,
3422 2065 3510 2111 καὶ
3537 2065 3603 2119 τίς
3642 2062 3692 2110 τὸ
3729 2057 3821 2109 ἀπο-

2290 2145 2449 2208 λωλὸς
2493 2148 2672 2219 εὑρὼν,
2723 2148 2781 2199 οὐ
2834 2153 3046 2221 χαίρει;
3103 2145 3273 2214 Εἶδες,
3317 2158 3429 2210 πῶς
3471 2153 3554 2200 καὶ
3604 2144 3825 2217 ἀποδημέο

2294 2254 2480 2298 σαντος
2554 2234 2922 2309 έμακροθύμει,
2992 2242 3080 2289 xui
3142 2236 3528 2309 ἐπιστρέψαντα
3582 2242 3824 2309 περιχαρώς

2291 2322 2597 2387 ὑπεδέξατο.
2657 2331 2757 2378 Καὶ
2801 2326 2859 2378 οὐ
2909 2331 3061 2398 μόνον
3107 2326 3201 2378 οὐκ
3247 2325 3492 2399 ἁπῄτησε
3535 2324 3688 2389 δίκην,
3732 2324 3825 2375 ἀλλὰ

2290 2419 2379 2465 καὶ
2418 2419 2656 2485 χαρίτων
2716 2414 2928 2477 ἠξίωσε.
2989 2420 3087 2468 Καὶ
3118 2415 3176 2467 οὐ
3229 2422 3388 2488 μόνον
3441 2412 3549 2467 οὐδ’
3596 2409 3823 2473 ὠνείδισεν,

2292 2502 2417 2555 ἀλλὰ
2444 2509 2531 2555 καὶ
2555 2503 2909 2579 ὑπεραπελογή
2920 2524 3067 2559 σατο.

2363 2681 2561 2743 Ὀντως
2600 2681 2819 2754 μεγοίλη,
2870 2686 3126 2748 Δέσποτα,
3166 2683 3195 2741 ἡ
3230 2681 3591 2757 φιλανθρωπία
3636 2700 3735 2743 σου,
3773 2697 3823 2728 ια

2289 2768 2459 2831 οὐδεὶς
2525 2771 2790 2845 ἐξαρκέσει
2862 2770 3009 2842 λόγος
3078 2776 3209 2844 πρὸς
3289 2772 3628 2847 εὐχαριστίαν
3689 2769 3826 2825 criti;

2290 2865 2381 2919 Εῖη
2418 2858 2475 2913 δὲ
2524 2866 2613 2912 καὶ
2657 2862 2815 2932 ἡμᾶς,
2858 2864 2975 2922 τοὺς
3030 2859 3213 2923 ἐπίσης
3252 2868 3325 2931 τῷ
3371 2860 3557 2932 ἀσώτῳ
3606 2854 3829 2927 uastitat-

2290 2969 2478 3010 σαντας
2508 2950 2620 3021 (87)
2672 2954 2763 3001 xui
2818 2946 3304 3021 διασκορπίσαντας
3350 2954 3435 3002 τὸν
3487 2950 3700 3013 πλοῦτον,
3739 2949 3827 2999 ἴσην

2217 3068 2256 3122 C
2287 3040 2426 3111 αὐτῷ
2455 3044 2544 3091 xui
2589 3044 2682 3097 τὴν
2722 3041 3038 3113 ἐπιστροφὴν
3077 3036 3435 3107 ἱνδείξασθοιι,
3489 3044 3575 3093 καὶ
3620 3046 3701 3098 τῆς
3737 3038 3830 3094 in:

2289 3128 2574 3192 ἀξιωθῆναι
2606 3127 3010 3200 φιλανθρωπίας.

2359 3218 2655 3270 ΚΕΦΑΝΗᾝ
2688 3222 2811 3291 Περὶ
2836 3226 2927 3269 τοῦ
2968 3218 3236 3290 οἰκονόμου
3268 3227 3370 3281 τῆς
3409 3215 3631 3279 ἀδικίας.

2356 3306 2532 3379 Ἔλεγε
2586 3304 2645 3359 δὲ
2727 3338 2791 3347 -
2860 3308 3170 3381 ὑπάρχοντα
3233 3308 3421 3361 αὑτοῦ.
3497 3308 3551 3361 Ἠ
3615 3301 3829 3378 παραϐολὴ

2284 3397 2415 3454 αὕτη
2479 3400 2604 3470 πρὸς
2657 3400 2775 3457 τοὺς
2834 3401 3183 3471 Χριστιανοὺς
3247 3397 3584 3458 ἀποτέταται,
3632 3399 3734 3453 τοὺς
3775 3394 3827 3463 μὴ

2284 3485 2629 3558 βουλομένους
2701 3488 2869 3544 πάντη
2924 3495 3023 3537 τῶν
3075 3490 3376 3559 χρημάτων
3432 3490 3688 3561 ὑπερορᾷ-ι,
3747 3501 3831 3532 νον·

2285 3577 2507 3627 θετοῦσα
2558 3577 2789 3640 τούτους,
2850 3576 2930 3626 ἱνα
2986 3577 3082 3626 κοίν
3122 3575 3437 3650 εὐεργετῶσι
3482 3580 3592 3635 τοὺς
3636 3577 3825 3628 πένητας·

2283 3668 2501 3738 Ειρηται
2546 3661 2604 3717 δε
2651 3668 2782 3740 πρὸς
2833 3668 2949 3725 τοὺς
2978 3667 3239 3737 μαθητὰς,
3290 3664 3439 3720 διότι
3491 3666 3598 3739 (88)
3647 3664 3829 3737 μαθηται

2280 3760 2369 3807 καὶ
2397 3754 2560 3806 οὗτοι.

2355 3848 2455 3895 Καὶ
2488 3844 2757 3917 ἄνθρωπον
2809 3845 2900 3915 μὶν
2955 3842 3203 3895 πλούσιον
3262 3845 3524 3915 ἐμφαίνει,
3577 3847 3654 3895 τὸν
3699 3838 3829 3912 οὐκάν-

2283 3934 2483 4007 θρωπον
2531 3938 2620 3984 καὶ
2652 3929 2862 3993 ἁνενδεῆ
2921 3939 3049 3986 Θεόν
3080 3951 3092 3963 ·
3128 3934 3405 4007 οἰκονόμον
3460 3932 3537 4000 οέ,
3587 3935 3729 3985 πάντα
3764 3931 3825 3977 τὸν

2278 4026 2588 4095 κεκτημένον
2640 4021 2893 4074 πλοῦτον
2941 4025 2989 4074 οἱ
3034 4031 3261 4075 τοιοῦτοι
3291 4026 3400 4098 γὰρ
3445 4023 3502 4076 οὗ
3544 4025 3713 4095 κύριοι,
3748 4013 3824 4067 ἀλλ’

2278 4111 2540 4182 οἰκονόμοι
2602 4110 2727 4163 εἰσί,
2789 4115 2928 4169 Φησὶ
2984 4114 3085 4184 φὰρ
3142 4112 3167 4161 ὁ
3236 4118 3405 4173 Θεός·
3463 4111 3605 4183 Ἐμόν
3652 4113 3743 4160 ἐστι
3784 4105 3824 4152 τὸ

2276 4205 2527 4271 χρυσίον,
2560 4204 2650 4252 xui
2698 4202 2816 4271 ἓμόν
2863 4202 2973 4251 ἐστι
3007 4204 3062 4251 τό
3096 4198 3368 4272 ἀργύριον.
3422 4199 3658 4256 Διιϐλὴθη
3710 4190 3824 4259 δἐῖῷ

2278 4297 2391 4359 Θεῷ
2421 4290 2445 4339 ὁ
2489 4292 2648 4350 κακός
2680 4288 2950 4360 οἰκονόμος
2997 4288 3095 4340 ὑπὸ
3129 4296 3224 4349 τῆς
3263 4298 3441 4351 κακῆς
3480 4289 3757 4359 οἰκονομίας,
3780 4282 3826 4335 ὡς

516 4380 714 4436 malus
740 4381 1122 4448 dispensator
1146 4378 1306 4435 mala
1333 4378 1801 4450 dispensatione,
1837 4384 1897 4433 ut
1925 4380 2028 4451 qui
2049 4379 2167 4433 dis-

2287 4374 2671 4451 ituaxopniCm
2723 4380 2789 4429 τὰ
2819 4385 2912 4429 τοῦ
2965 4384 3118 4444 Θεοῦ,
3179 4378 3249 4439 εἰς
3283 4375 3320 4429 ἆ
3373 4379 3473 4431 οὐκ
3504 4375 3624 4442 ἔδει,
3652 4376 3726 4427 καὶ
3771 4370 3820 4441 μὲ

516 4470 756 4543 siparet,
794 4486 927 4543 quae
957 4470 1055 4525 Dei
1105 4474 1294 4534 erant,
1338 4468 1396 4523 in
1432 4484 1503 4524 ea
1548 4484 1681 4540 quas
1708 4483 1827 4523 non
1879 4468 2161 4540 oportuit,

514 4574 625 4615 nec
668 4559 974 4631 superﬂua
1004 4558 1364 4631 pauperibus
1389 4556 1781 4613 distribueret.

588 4734 755 4794 Vers.
788 4739 839 4790 2.
872 4736 948 4791 Et
988 4739 1218 4793 vocavit
1270 4767 1331 4779 —
1380 4734 1827 4808 dispensationis
1862 4740 1998 4792 tuae.
2026 4736 2162 4792 Haec

2276 4465 2532 4539 διανέμων
2558 4470 2619 4519 τὰ
2649 4469 2866 4540 περιττὰ
2891 4474 2996 4527 τοῖς
3024 4470 3230 4525 πένησι.

2344 4741 2444 4790 Καὶ
2475 4740 2718 4809 φωνήσας
2752 4768 2815 4778 -
2861 4736 3153 4809 οἰκονομίας
3184 4755 3303 4791 σου.
3343 4732 3501 4790 Εἶπεν
3528 4734 3657 4803 αὖτῷ
3694 4735 3820 4781 tam

516 4824 598 4881 illi
628 4840 734 4897 per
759 4823 990 4880 divinas
1019 4824 1165 4883 dixit
1184 4826 1536 4899 Scripturas,
1564 4842 1695 4897 quae
1724 4825 1798 4882 de
1838 4825 2034 4882 futuro
2057 4825 2163 4883 do-

2287 4823 2365 4880 δ’ιὰ
2394 4835 2493 4878 τῶν
2527 4828 2671 4879 θείων
2698 4832 2933 4901 Γραφῶν,
2961 4828 3018 4878 αἱ
3047 4822 3387 4880 διδάσκουσι
3414 4831 3531 4902 περὶ
3555 4834 3638 4884 τῆς
3660 4818 3821 4895 9:110?-

514 4921 646 4974 cent
671 4914 914 4986 judicio,
946 4919 1003 4971 et
1032 4913 1105 4970 de
1134 4914 1463 4972 redditione
1502 4915 1772 4973 rationis.

584 5095 630 5134 1³
657 5093 853 5167 Aggszi
876 5110 939 5165 ιι,
971 5093 1025 5151 9.

2274 4935 2372 4979 σης
2396 4921 2617 4991 κρίσεως
2636 4920 2726 4969 καὶ
2753 4914 3075 4988 λογοθεσίας,

1714 5220 1939 5292 Variae
1975 5219 2307 5293 lectiones
2344 5228 2410 5289 et
2461 5230 2663 5291 notae.

615 5416 704 5475 85)
735 5416 841 5472 οὖν
872 5415 1041 5475 abest
1069 5419 1137 5472 Α.

615 5416 682 5475 85
735 5416 841 5472 οὖν
872 5416 1041 5475 abest
1069 5419 1137 5472 Α.

587 5416 704 5565 (86)
726 5493 869 5565 Quae
900 5490 994 5545 his
1020 5487 1204 5560 signis
1242 5484 1337 5562 ["]
1373 5486 1743 5556 inclusimus,
1769 5506 1838 5547 ea
1868 5507 1938 5547 ex
1968 5490 2170 5547 codice

516 5562 582 5620 Β.
600 5562 965 5619 exciderant.

588 5635 706 5713 (87)
739 5635 826 5692 Ita
851 5632 1074 5692 correxi
1126 5648 1237 5708 pro
1302 5626 1757 5710 ὶπιδημήσαντας,
1815 5636 1929 5692 Nec
2000 5634 2169 5693 aliter

2282 5415 2625 5477 fienteniUS.
2962 5486 2998 5492 __
3473 5488 3510 5492 η
3674 5481 3683 5492 ,

2307 5469 2626 5572 ῖῖέὲῖξῖἆό
2658 5505 2901 5572 prorsus
2926 5486 3186 5572 alienum
3212 5492 3325 5570 est.
3357 5492 3450 5572 Ex‘
3471 5469 3799 5572 Hentenioool-

2280 5559 2456 5634 ligas,
2475 5559 2800 5636 legendum
2832 5577 2961 5618 esse
2983 5561 3249 5637 οὶκονόμοι’
3272 5568 3385 5619 aut
3415 5559 3451 5616 δ
3456 5560 3673 5620 uixerat.
