3994 6218
215 196 239 254 1
249 195 358 254 033

1339 203 1709 266 COMMENT.
1750 209 1820 266 IN
1859 208 2126 272 LUCAM.
2157 250 2224 259 ——
2251 219 2404 278 CAP.
2438 224 2580 283 XVI.

3444 256 3580 314 1034

288 328 367 382 Οὐ
413 331 516 403 γὰρ
586 360 649 370 -
707 330 1009 404 οἰκονομεῖν.
1073 337 1177 384 Τοῦ
1235 332 1457 385 θανάτου
1511 335 1630 386 ὅσον
1678 339 1778 389 οὕπ

2003 340 2167 453 Vers.
2199 347 2252 400 2.
2277 349 2476 453 Neque
2496 357 2648 414 enim
2685 389 2752 400 —
2771 362 3122 434 dispensare.
3155 371 3340 432 Morte
3366 392 3577 453 prope-

212 426 616 492 μετακινοῦντός
639 439 718 472 σε.

288 505 412 562 Εἷπε
485 506 544 562 δὲ
598 540 664 550 —
719 509 1069 581 αἰσχύνομαι,
1113 513 1258 563 Μετὰ
1310 514 1394 563 τόν
1450 513 1664 564 θάνατον
1715 518 1816 587 γὰρ

208 596 545 671 ἐργάσασθαι
580 599 674 652 οὐκ
717 599 896 671 ἰσχύει
930 619 1024 660 τις.
1078 599 1367 674 Ἐργασίας
1417 603 1518 673 γὰρ
1563 603 1588 653 6
1639 609 1816 676 παρὼν

203 694 414 763 καιρός⁸
444 690 471 741 6
503 686 563 742 δε
600 688 812 762 μέλλων,
844 685 1261 755 ἅνταποδόσεως,
1293 695 1382 743 καὶ
1413 694 1470 742 τό
1500 692 1814 765 παρακαλεῖν

203 776 458 835 ἀνόνητον
467 822 479 833 .

275 867 480 940 ’Ἑγνων
511 873 561 920 τί
585 871 810 926 ποιήσω.
843 865 1014 939 Ἔγνω
1043 875 1195 921 τοῦτο
1227 870 1543 930 συνετισθεὶς
1581 870 1680 923 ὑπὸ
1712 880 1810 922 τῶν

198 963 444 1030 Γραφὼν.

271 1045 387 1100 Ἰνα
416 1049 539 1099 ὅταν
568 1077 630 1087 -
677 1048 849 1109 οἴκους
898 1045 1088 1101 αὐτῶν.
1138 1046 1319 1112 Οὗτοι,
1377 1052 1494 1123 περὶ
1541 1049 1608 1100 ὧν
1655 1051 1804 1121 ἰγνω,

198 1139 480 1189 τουτέστιν
507 1137 556 1188 οἱ
583 1137 806 1210 ῥηθῆναι
836 1135 1118 1207 μέλλοντες.

273 1230 380 1277 Καὶ
453 1225 941 1299 προσκαλεσάμενος
1002 1255 1070 1266 —
1143 1222 1484 1297 ὀγδοήκοντα.
1542 1231 1634 1289 Τίς
1713 1233 1804 1302 μὲν

202 1314 229 1364 ό
286 1319 570 1388 χρεώστης
598 1321 689 1366 τοῦ
738 1313 928 1382 ἐλαίου,
988 1319 1078 1367 καὶ
1130 1321 1208 1376 τίς
1259 1316 1284 1367 6
1335 1323 1427 1368 τοῦ
1484 1321 1654 1382 σίτου,
1713 1324 1802 1371 καὶ

200 1399 348 1454 διατί
408 1402 505 1455 ἁνά
547 1403 726 1455 ἑκατόν
785 1403 1018 1475 ὤφειλον,
1063 1409 1152 1456 καὶ
1209 1409 1261 1456 τί
1313 1408 1370 1456 τὸ
1438 1407 1658 1479 γράμμα
1708 1417 1799 1460 τοῦ

190 1496 410 1562 χρέους,
451 1497 540 1544 καὶ
582 1489 724 1544 ὃιατί
769 1494 794 1544 ό
847 1495 937 1564 μεν
984 1499 1301 1551 πεντήκοντα
1347 1494 1587 1567 ἔγραψεν,
1656 1499 1681 1548 6
1740 1495 1799 1551 δε

191 1578 550 1650 ὁγδοήκοντα,
583 1587 674 1634 καὶ
719 1585 784 1634 τὰ
830 1589 1047 1634 τοιαῦτα
1095 1590 1184 1643 τῆς
1239 1589 1578 1657 προκειμένης
1632 1607 1796 1662 παρα-

1928 431 2176 489 modum
2207 441 2259 491 te
2283 441 2688 506 transferente.

1996 521 2164 617 Vers.
2213 529 2264 580 3.
2289 527 2386 583 Ait
2425 541 2618 592 autem
2661 569 2730 580 -—
2767 543 3064 604 erubesco.
3125 552 3268 610 Post
3322 563 3572 616 mortem

1991 876 2159 935 Vers.
2194 884 2246 938 4.
2289 882 2436 953 Scio,
2464 890 2612 960 quid
2629 893 2874 962 faciam.
2913 902 3187 962 Eruditus
3223 925 3260 966 a
3308 912 3570 987 Scriptu-

1918 981 2016 1020 Γιε.

1986 1056 2149 1114 Vers.
2179 1061 2238 1116 4.
2297 1061 2374 1118 Ut
2397 1079 2528 1124 cum
2560 1098 2628 1109 —
2649 1070 2844 1130 domos
2873 1091 3038 1136 suas.
3064 1081 3149 1148 Hi,
3179 1101 3333 1157 quos
3353 1091 3568 1157 scio,et

1912 1159 2068 1216 quos
2098 1163 2259 1204 nunc
2288 1150 2550 1211 dicturus
2585 1163 2692 1214 est.

1985 1235 2141 1290 Vers.
2173 1242 2229 1294 5.
2267 1239 2346 1295 Et
2380 1243 2652 1334 advocato
2675 1281 2740 1290 —
2769 1250 2931 1314 Vers.
2966 1257 3017 1312 7.
3038 1258 3362 1333 Octoginta.
3392 1269 3566 1334 Quis-

1910 1336 2053 1378 nam
2080 1325 2306 1382 debitor
2325 1329 2399 1386 sit
2420 1331 2555 1404 olei,
2608 1341 2665 1392 et
2719 1340 2851 1412 quis
2900 1343 3087 1414 tritici,
3138 1325 3349 1421 qhisve
3408 1373 3563 1416 unus

1907 1412 2164 1485 quisque
2205 1416 2451 1486 debitor,
2489 1427 2548 1477 et
2584 1441 2717 1498 quas
2758 1433 2954 1489 cautio
3006 1412 3207 1505 debiti,
3264 1448 3320 1498 et
3375 1412 3561 1517 quare

1906 1501 2070 1571 prior
2082 1507 2194 1560 scri
2203 1507 2500 1583 psitquinq
2511 1517 2772 1582 uaginta,
2791 1523 3074 1591 posterior
3087 1545 3221 1584 vero
3235 1536 3556 1606 octoginta,

1905 1606 1976 1644 ac
2003 1591 2241 1660 similia,
2281 1613 2411 1668 quae
2432 1599 2493 1655 in
2522 1607 2790 1672 praesenti
2814 1612 3184 1681 reperiuntur
3237 1625 3551 1694 parabola,

191 1668 385 1742 βολῆς,
462 1675 698 1744 περιττόν
769 1670 1042 1733 ἐξετάζειν.
1119 1672 1192 1724 Δι’
1249 1669 1400 1725 οὐδὲν
1465 1678 1565 1749 γὰρ
1627 1677 1778 1748 Ere-pm

2523 1668 2535 1672 _
2881 1668 2894 1681 .
3099 1668 3172 1671 ντ-
3238 1668 3332 1691 Γ“’
3347 1668 3551 1694 *υνηη

1904 1681 2272 1749 superfluum
2305 1693 2395 1741 est
2433 1687 2729 1763 inquirere
2757 1713 2769 1751 :
2799 1697 3094 1771 siquidem
3115 1706 3193 1762 ad
3224 1710 3365 1766 nihil
3391 1713 3556 1771 aliud

187 1760 656 1826 συνεπὶάσθησαν,
712 1760 742 1818 ἦ
802 1763 885 1812 ἱνα
949 1757 1141 1833 δειχθῇ
1201 1781 1376 1832 μονον,
1431 1764 1509 1814 ὅτι
1549 1765 1574 1814 ό
1620 1765 1794 1839 ῥηθεὶς

181 1848 480 1920 οἰκονόμος,
561 1851 655 1911 ἓως
715 1847 828 1920 εἶχε
902 1854 1084 1924 καιρόν
1154 1850 1467 1923 οἰκονομίας,
1535 1859 1795 1928 φρονίμως

174 1944 287 1998 τοῖς
348 1946 438 1990 του
485 1934 739 1990 δεσπότου
789 1941 1094 2010 πράγμασιν
1133 1938 1206 2001 εἰς
1257 1943 1314 1992 τὸ
1371 1941 1556 1993 οἰκεῖον
1597 1948 1792 2015 συμφά-

175 2046 269 2099 ρον
299 2025 671 2101 ἀπεχρήσατο,
717 2033 807 2080 καὶ
839 2025 910 2080 δι’
955 2029 1122 2080 αὐτῶν
1171 2034 1238 2090 εἱς
1293 2034 1350 2082 τό
1400 2031 1578 2103 μέλλον
1624 2051 1791 2091 σωτη-

174 2120 299 2190 ρίαν
361 2116 528 2186 ἑαυτῲ
571 2122 995 2191 περιεποιήσατο,
1037 2121 1105 2180 ὡς
1154 2117 1378 2172 ἐντεῦθεν
1438 2123 1618 2191 μαθεῖν
1669 2127 1788 2184 τοὺς

177 2207 406 2275 ἔχοντας
447 2205 686 2274 πλοῦτον,
719 2208 798 2258 ὅτι
841 2212 947 2280 χρή
994 2211 1223 2274 τούτους,
1273 2208 1573 2282 οἰκονόμους
1625 2211 1785 2264 αὐτόν

174 2297 569 2365 καταστάντας,
635 2296 729 2357 ἕως
793 2297 984 2366 ἔχουσι
1054 2300 1232 2370 καιρόν
1306 2301 1460 2360 ζωῆς,
1532 2305 1784 2372 φρονίμως

176 2391 290 2444 τοῖς
349 2391 446 2435 τοῦ
506 2392 638 2437 Θεου
693 2388 999 2456 πράγμασιν
1040 2385 1108 2447 εἰς
1158 2389 1216 2438 τὸ
1270 2386 1453 2438 οἰκεῖον
1525 2395 1782 2463 συμφέρον

176 2471 629 2545 ἀποχρήσασθαι,
694 2477 782 2525 καὶ
837 2471 912 2526 δι’
971 2474 1139 2526 αὐτῶν
1214 2474 1596 2548 εὐεργετοῦντας
1665 2483 1783 2540 τοὺς

173 2567 424 2622 πένητας,
481 2563 552 2623 εἰς
599 2567 657 2614 τό
717 2563 896 2634 μέλλον
966 2567 1227 2638 σωτηρίαν
1291 2564 1492 2628 ἑαυτοῖς
1539 2587 1776 2641 πραγμα-

171 2653 495 2706 τεύσασθαι.
540 2656 700 2715 Βάτος
739 2655 829 2725 μὶν
856 2649 944 2705 οὖν
969 2649 1029 2712 ἦν
1059 2657 1243 2726 μέτρον
1287 2653 1456 2706 ἐλαίου
1486 2675 1494 2685 ·
1525 2661 1672 2729 κόρος
1699 2653 1777 2724 δὲ,

163 2746 360 2814 μέτρον
393 2746 566 2800 σίτου.
1201 2830 1212 2843 θ
1549 2837 1557 2843 ι
1648 2834 1658 2843 ⁹

248 2836 352 2884 Καὶ
425 2832 666 2904 ἐπῄνεσεν
741 2863 811 2872 -
869 2835 1121 2906 φρονίμως
1192 2830 1424 2891 ἐποίησε.
1496 2837 1565 2886 Τὸ
1637 2834 1773 2902 ἑξῆς,

163 2923 238 2982 ὡς
289 2917 476 2988 δῆλον,
524 2928 630 2981 τοῖς
685 2920 962 2992 ἀκροαταῖς
1015 2919 1178 2993 ἀφῆκε
1237 2921 1658 2992 συλλογίζεσθαι.
1714 2926 1776 2980 Εἰ

1902 1767 2098 1825 eﬁicta
2129 1778 2283 1840 sunt,
2315 1792 2500 1848 quam
2537 1767 2965 1844 utostendatur
3001 1797 3163 1864 quod
3193 1797 3386 1855 dictus
3414 1767 3556 1859 ﬁdis—-

1902 1864 2204 1927 pensator,
2237 1863 2382 1920 dum
2406 1867 2870 1941 dispensationis
2901 1863 3137 1952 tempus
3157 1884 3382 1955 habuit,
3411 1907 3555 1962 pru-

1900 1946 2106 2002 denter
2134 1949 2363 2008 domini
2396 1956 2574 2012 rebus
2603 1961 2677 2015 ad
2703 1979 2876 2020 suum
2893 1973 3283 2031 commodum
3319 1978 3550 2037 abusus

1899 2040 2008 2101 est,
2042 2044 2327 2108 etpereas
2358 2044 2414 2098 in
2431 2043 2683 2102 futurum
2703 2056 3142 2116 suamsalutem
3172 2070 3546 2134 procuravit:

1901 2130 1961 2178 ut
1989 2123 2129 2181 hinc
2155 2128 2402 2197 discant,
2436 2135 2538 2206 qui
2563 2135 2786 2195 habent
2807 2142 3065 2212 divitias,
3094 2123 3254 2220 quod
3277 2123 3552 2226 oporteat

1896 2227 2020 2282 eos,
2044 2230 2178 2272 cum
2199 2216 2434 2276 illarum
2453 2221 2894 2296 dispensatores
2917 2216 3218 2294 constituti
3237 2216 3376 2315 sint,
3401 2245 3547 2303 dum

1895 2301 2026 2357 vitae
2060 2310 2296 2376 tempus
2325 2309 2565 2383 habent,
2597 2317 2918 2385 prudenter
2938 2322 3039 2379 Dei
3060 2329 3234 2384 rebus
3253 2331 3330 2387 ad
3361 2301 3548 2393 suum

1893 2391 2055 2446 abuti
2082 2399 2462 2453 commodum
2495 2417 2506 2455 :
2543 2411 2598 2458 et
2627 2422 2731 2476 per
2758 2407 2910 2476 illas,
2961 2419 3330 2488 pauperibus
3369 2391 3549 2481 bene:

1893 2479 2190 2548 faciendo,
2217 2485 2276 2540 in
2301 2487 2564 2548 futurum
2591 2494 2841 2552 salutem
2870 2501 2984 2556 sibi
3011 2509 3336 2576 acquirere.
3370 2513 3545 2571 Batus

1890 2567 2090 2641 itaque
2124 2590 2403 2634 mensura
2432 2586 2558 2636 erat
2581 2582 2712 2654 olei,
2766 2603 2940 2645 corus
2969 2607 3109 2650 vero
3165 2599 3331 2656 tritici
3379 2619 3546 2660 men-

1889 2676 2050 2717 sura.

1957 2838 2120 2894 Vers.
2153 2842 2205 2896 8.
2235 2842 2312 2898 Et
2339 2845 2610 2903 laudavit
2637 2880 2707 2890 -
2733 2853 3065 2920 prudenter
3085 2859 3340 2928 fecisset.
3387 2868 3540 2934 Quid

1886 2927 2197 2984 manifeste
2215 2942 2636 3006 consequatur,
2677 2941 3051 3002 auditoribus
3089 2950 3325 3023 reliquit
3382 2959 3540 3029 cogi-

159 3015 268 3083 γὰρ
327 3011 354 3061 ό
405 3006 722 3083 ἠδικημένος
777 3007 1038 3072 δεσπότης
1096 3009 1310 3082 ἐπῄνεσε
1363 3015 1452 3064 τόν
1509 3013 1772 3086 οἰκονόμον

1898 3017 2330 3076 Landum.Nam
2364 3023 2412 3077 si
2439 3023 2729 3083 Dominus
2766 3029 3056 3102 injustitia
3104 3039 3354 3098 affectus
3410 3006 3537 3103 lath-

159 3109 261 3161 τῆς
313 3095 552 3164 ἀδικίας,
603 3104 764 3171 ἧγουν
821 3103 904 3152 τόν
941 3103 1031 3157 τήν
1077 3099 1270 3152 οἰκείαν
1323 3107 1586 3174 σωτηρίαν
1638 3103 1771 3156 οἰκο-

158 3196 475 3260 νομήσαντα
512 3187 566 3250 ἐξ
611 3185 840 3254 ἀδικίας,
890 3187 1058 3259 πολλῷ
1107 3189 1296 3260 μᾶλλον
1350 3191 1376 3242 6
1433 3188 1773 3264 ἀδικούμενος

160 3283 294 3338 Θεὸς
355 3277 612 3330 ἐπαινέσει
667 3281 754 3329 τόν
808 3278 1074 3350 οἰκονόμον
1120 3287 1213 3340 τῆς
1267 3277 1629 3343 δικαιοσύνης.
1690 3289 1770 3334 Δι-

156 3371 423 3424 καιοσύνη
473 3368 597 3440 γὰρ,
647 3369 706 3418 τό
762 3369 828 3418 τὰ
874 3371 1091 3441 περιττὰ
1146 3376 1255 3430 τοῖς
1303 3373 1490 3427 πένησι
1537 3367 1770 3444 διανέμε-

161 3459 309 3510 σθαι

227 3725 354 3778 Ὀτι
383 3756 451 3766 -
505 3725 695 3778 ἑαυτῶν
743 3725 891 3781 εἰσιν.
941 3727 1094 3788 Υίους
1150 3730 1238 3784 μὲν
1285 3734 1376 3779 τοῦ
1416 3727 1598 3789 αἰῶνος
1650 3731 1766 3781 τού-

152 3836 250 3868 του
318 3814 470 3868 καλεῑ
543 3819 655 3876 τοὺς
714 3824 787 3886 τῷ
860 3820 1041 3887 κόσμῳ
1116 3822 1535 3891 προσκειμένους
1602 3818 1765 3870 αἰῶνα

149 3912 259 3976 γὰρ
298 3913 410 3966 νῦν,
459 3909 546 3956 τόν
595 3909 790 3975 κόσμον
834 3914 1014 3956 τουτον
1063 3904 1346 3975 ὠνόμασεν.
1393 3909 1548 3968 Υἱοὺς
1597 3911 1764 3979 φωτός

147 3996 290 4066 λέγει
335 3997 460 4055 τοὺς
506 4002 597 4046 τοῦ
650 4001 854 4065 κόσμου
921 3991 1322 4055 ἀποστήσαντας
1377 3995 1602 4056 ἑαυτοὺς.
1664 4001 1761 4049 καί

149 4104 341 4156 φησιν,
409 4086 492 4135 ὅτι
549 4082 693 4134 οὗτοι
741 4086 1108 4156 φρονιμώτεροί
1167 4083 1296 4134 εἰσιν
1350 4082 1572 4148 ἐκείνων,
1626 4088 1761 4137 κατά

145 4184 305 4226 τουτο
340 4169 400 4225 δί
450 4177 622 4244 μόνον,
654 4173 784 4223 καθὸ
834 4172 1170 4246 φροντίζουσι
1218 4180 1307 4224 τοῦ
1364 4173 1650 4245 μεῖλοντος,
1691 4177 1760 4236 ὡς

145 4261 320 4326 ἔδειξε
400 4264 460 4313 τό
540 4257 884 4333 παράδειγμα
966 4269 1057 4312 τοῦ
1135 4261 1381 4334 ῥηθέντος
1461 4263 1754 4335 οἰκονόμου,

139 4355 301 4425 ’Υπὲρ
333 4353 456 4412 τους
485 4352 629 4412 υἱοὺς
661 4348 719 4404 ὸε
749 4357 841 4403 τοῦ
885 4353 1048 4422 φωτός
1078 4354 1194 4410 τοὺς
1242 4350 1308 4411 εἰς
1338 4357 1430 4410 τήν
1459 4355 1632 4422 γενεὰν
1662 4359 1754 4412 τήν

1882 3104 2050 3161 davit
2078 3107 2345 3178 iniquum
2375 3112 2874 3187 dispensatorem,
2908 3125 3011 3194 qui
3045 3127 3314 3187 videlicet
3358 3151 3535 3194 suam

1880 3195 2073 3265 ipsius
2104 3197 2350 3254 salutem
2391 3217 2461 3257 ex
2489 3203 2776 3276 injustitia
2795 3225 3215 3280 procuraverat
3256 3237 3270 3276 :
3329 3225 3534 3282 multo

1885 3285 2073 3354 magis
2100 3286 2275 3356 Deus,
2305 3291 2410 3361 qui
2440 3293 2500 3348 in
2523 3295 2686 3353 nullo
2712 3297 2998 3370 injustitia
3020 3305 3293 3378 afﬁcitur,
3325 3311 3533 3372 lauda-

1878 3372 1965 3428 bit
1988 3374 2213 3445 justum
2245 3379 2367 3435 sive
2387 3381 2626 3452 justitiaa
2679 3386 3170 3463 dispensatorem,
3203 3372 3305 3472 qui
3328 3402 3533 3461 videli-

1878 3468 1970 3518 cet
2007 3479 2174 3519 suam
2199 3466 2392 3538 ipsius
2419 3471 2674 3530 salutem
2699 3491 2772 3532 ex
2797 3478 3024 3548 justitia
3052 3466 3485 3558 dispensaverit
3512 3510 3526 3550 :

1876 3551 1938 3606 id
1965 3553 2122 3609 enim
2154 3554 2339 3614 habet
2353 3559 2604 3631 justitia,
2641 3570 2700 3622 ut
2724 3569 3027 3639 superﬂua
3049 3551 3414 3648 pauperibus
3442 3583 3530 3639 di-

1875 3639 1972 3696 vid
1983 3648 2176 3699 antur.

1947 3731 2104 3787 Vers.
2135 3736 2188 3788 8.
2219 3734 2370 3801 Quia
2399 3769 2468 3778 —-—
2503 3756 2606 3796 sua
2643 3751 2800 3803 sunt.
2853 3747 3027 3806 Filios
3079 3751 3263 3826 hujus
3320 3762 3526 3818 saeculi

1873 3817 2032 3886 dicit,
2064 3825 2678 3888 mundoadhaarentes
2713 3855 2724 3900 ;
2761 3839 3051 3897 saeculum
3117 3844 3277 3900 enim
3340 3865 3522 3920 nunc,

1873 3911 2169 3966 mundum
2199 3915 2518 3986 appellavit
2547 3920 2732 3986 ;ﬁlios
2767 3933 2970 3984 autem
3009 3929 3156 3986 lucis
3209 3943 3383 3993 vocat
3421 3911 3524 3996 eos

1869 4176 1979 4231 illis
2019 4193 2164 4234 cura
2203 4186 2308 4246 est,
2343 4183 2494 4239 sicut
2525 4185 2666 4242 dicti
2714 4176 3142 4263 dispensatoris
3176 4204 3519 4272 exemplum

1866 4265 2310 4325 demonstravit.
2345 4272 2696 4333 Exhortatur
2719 4284 2922 4338 autem
2953 4299 3141 4342 sermo
3168 4304 3290 4354 eos,
3314 4292 3416 4360 qui
3443 4293 3516 4348 de

1865 4353 2066 4412 futuro
2095 4357 2456 4428 negligentes
2504 4369 2660 4420 sunt.

145 4443 374 4504 ἑαυτῶν,
422 4442 584 4512 ἤγουν
632 4443 755 4503 τοὺς
792 4439 846 4492 ἐκ
885 4448 976 4500 τῆς
1003 4445 1176 4512 γενεᾶς
1211 4449 1305 4502 τῆς
1354 4440 1546 4494 ἑαυτῶν
1575 4443 1720 4502 υἱοὺς
1763 4446 1930 4514 φωτός
1973 4451 2290 4519 γενομένους.
2325 4448 2584 4524 Ἐντρέπει
2625 4451 2902 4530 δίὀλόγος
2930 4465 3049 4524 τοὺς
3081 4460 3388 4536 ἀμελοῦντας
3424 4479 3514 4523 τοῦ

141 4530 439 4603 μέλλοντος.

224 4619 384 4692 Κάγὼ
451 4619 572 4691 ὑμῖν
630 4648 696 4658 -
780 4621 834 4672 ἑκ
900 4626 991 4672 τοῦ
1065 4625 1286 4692 μαμωνᾶ
1349 4628 1444 4681 τῆς
1513 4617 1744 4683 ἀδικίας.

1934 4624 2095 4680 Vers.
2131 4629 2182 4682 9.
2210 4627 2284 4681 Et
2304 4642 2404 4699 ego
2461 4633 2615 4690 vobis
2671 4664 2738 4676 --
2793 4637 2867 4693 de
2915 4639 3116 4712 iniquo
3167 4660 3510 4707 mammona.

143 4715 412 4782 Μαμωνᾶς
463 4709 575 4777 (89)
621 4711 712 4781 μὲν
742 4709 767 4760 ό
806 4707 1023 4769 πλοῦτος
1071 4708 1272 4779 λέγεται
1320 4707 1745 4783 παρ’Ὶίϐραίοις·

137 4807 253 4860 Τῆς
297 4794 520 4858 ἀδικίας
565 4793 623 4850 δε
660 4804 838 4850 τοῦτον
877 4794 1034 4861 εἶπεν,
1083 4799 1152 4858 ὡς
1203 4796 1254 4859 ἐξ
1298 4793 1509 4859 ἀδικίας
1552 4801 1748 4856 (Ino-au-

131 4889 393 4961 ρισθέντα
445 4894 536 4946 τῆς
591 4885 645 4938 ἐκ
691 4894 782 4939 τοῦ
826 4890 896 4959 μὴ
951 4883 1354 4959 διαμερίζεσθαι
1412 4889 1477 4938 τὰ
1532 4891 1748 4960 περιττά

131 4980 332 5028 τούτου
385 4982 494 5037 τοίς
566 4979 798 5034 πένησιν.
859 4974 1023 5037 Ἐπεὶ,
1083 4979 1259 5046 φησὶν,
1329 4976 1462 5047 ἄχρι
1517 4984 1607 5027 του
1657 4986 1744 5029 νῦν

133 5073 318 5125 κακῶς
365 5064 749 5136 ᾡκονομήσατε,
809 5068 900 5116 καὶ
955 5065 1021 5115 τὰ
1068 5062 1511 5137 ἐμπεπιστευμένα
1564 5085 1745 5138 μαμω-

124 5161 224 5207 νᾶν
277 5148 497 5217 ἀδικίας
528 5155 902 5219 κατεστήσατε,
951 5151 1048 5205 κᾶν
1096 5159 1218 5226 γοῦν
1273 5151 1369 5224 ὀχέ
1418 5172 1545 5206 ποτε
1594 5160 1744 5214 ποιή-

1861 4714 2200 4771 Mammona
2217 4719 2378 4789 apud
2400 4721 2903 4782 llebrasosdivitize
2922 4727 3222 4790 dicuntur.
3241 4734 3511 4809 Iniquum

1857 4809 2060 4858 autem
2085 4802 2251 4872 dixit,
2275 4807 2397 4863 sive
2421 4809 2777 4881 Im'quilatis,
2799 4817 2962 4887 quod
2985 4833 3055 4874 ex
3081 4802 3394 4894 iniquitate
3423 4844 3511 4883 re-

1860 4891 2171 4958 condatur,
2191 4895 2401 4966 quaein
2414 4897 2526 4954 hoc
2545 4905 2647 4963 est,
2673 4901 2816 4974 quia
2830 4907 3134 4978 superﬂua
3146 4891 3508 4985 pauperibus

1856 4995 1973 5036 non
2000 4980 2371 5042 dividuntur.
2422 4989 2568 5045 Cum
2592 5006 2754 5060 ergo,
2784 4992 2999 5066 inquit,
3028 4980 3318 5056 hactenus
3349 5005 3504 5061 male

1855 5068 2362 5141 dispensaveritis,
2417 5082 2472 5131 et
2529 5082 2899 5137 concreditas
2950 5087 3119 5142 vobis
3178 5089 3504 5162 iniquitatis

1853 5157 2085 5216 divitias
2111 5163 2267 5219 male
2293 5166 2690 5237 expenderitis
2718 5171 2843 5227 :vel
2872 5175 3115 5233 tandem
3167 5157 3300 5235 sero
3335 5181 3504 5242 tacite

1335 5359 1562 5429 Variae
1605 5359 1936 5432 lectiones
1981 5376 2044 5432 et
2095 5375 2299 5437 notaz.

204 5584 322 5662 (89)
355 5579 681 5642 Hentenius
712 5578 931 5656 duplici
959 5601 1039 5656 μμ
1063 5579 1264 5640 edidit.
1298 5581 1418 5654 Ego
1450 5581 1707 5658 simplici
1751 5584 1963 5660 reperi.

415 5685 655 5744 PATBOL.
692 5680 800 5742 Gn.
840 5679 1088 5741 CXXIX.

3164 5701 3234 5770 33
