3994 6218
169 300 308 362 1037
1242 297 1602 360 COMMENT.
1647 297 1719 359 IN
1761 297 2019 360 LUCAM.
2061 332 2131 344 —-
2171 297 2332 361 CAP.
2372 299 2519 361 XVI.
3406 303 3542 365 1038

170 429 379 498 ἑαυτὸν,
411 429 776 503 ἀνθελκόμενος
816 432 919 484 ὑπὸ
962 437 1059 492 τῆς
1091 437 1182 483 τοῦ
1233 449 1436 503 κοσμου
1488 429 1662 502 φιλίας
1684 447 1747 480 κα

1972 427 2034 482 .ιά
2069 426 2174 482 sibi
2215 427 2324 500 ipsi
2359 428 2479 484 vim
2509 428 2705 497 inl'ert,
2735 447 2770 487 a
2809 431 3019 488 mundi
3052 446 3261 491 amore
3304 449 3376 490 ac
3419 433 3549 490 inﬁ-

170 527 270 580 τῆς
301 519 570 582 ἀπιστίαςο
603 521 752 592 ὑμεῖς
782 517 860 587 δι,
913 518 1151 573 ἀσύνετοι
1202 523 1292 571 καὶ
1343 520 1572 594 ῥᾷθυμοι
1615 522 1747 580 ὄντες

1969 517 2126 572 litate
2176 517 2510 573 abstractus
2545 535 2694 574 :vos
2741 527 2963 586 autem,
3017 538 3152 576 cum
3199 523 3546 594 insipientes

171 608 384 671 εἰκότως
425 608 710 664 ἀπιστεῖτε.

1891 604 2022 659 sitis
2059 613 2110 660 et
2137 621 2369 675 segnes,
2405 608 2614 663 merito
2645 608 2932 664 increduli
2965 611 3349 681 permanetis.

249 698 616 772 Εὐκοπώτερον
691 729 760 738 -
808 705 1004 755 πεσεῖν.
1059 703 1231 770 Νόμον
1293 696 1532 762 ἐνταῦθα,
1602 702 1776 749 πᾶσαν

1970 696 2122 748 Vers.
2173 699 2257 749 17.
2289 696 2543 752 Facilius
2591 698 2899 753 —cadere.
2929 698 3141 770 Legem
3179 699 3292 753 hoc
3321 701 3377 754 in
3416 701 3547 756 loco

172 792 417 858 ὠνόμασε
458 791 552 845 τὴν
595 786 826 839 Παλαιὰν
872 791 1096 862 Γραφήν,
1137 790 1250 849 ἣτις
1301 783 1559 859 διαφόρως
1608 792 1749 858 προεῖ

1973 781 2238 853 pellavit,
2271 799 2451 840 omne
2481 785 2664 840 Vetus
2691 786 3156 853 Testamentum,
3192 789 3247 842 in
3281 803 3398 860 quo
3440 787 3548 843 fre-

173 893 289 941 πεν,
341 877 420 928 ὃτι
460 872 554 928 διά
599 880 692 934 τὴν
743 874 992 928 ἀπιστίαν
1054 875 1222 928 αύτῶν
1288 878 1627 928 ἐκπεσοῦνται
1688 882 1748 932 τῆ

1975 876 2139 927 enter
2164 871 2517 943 praedictum
2565 879 2673 939 est,
2705 875 2868 945 quod
2911 873 3058 930 illia
3102 875 3195 931 Dei
3249 875 3550 932 familiari-

171 967 305 1038 πρὸς
359 968 482 1017 Θεὸν
535 965 860 1027 οἰκειωσεως.
926 969 1074 1036 Λέγει
1129 972 1275 1036 γοῦν,
1335 966 1415 1016 ὃτι
1481 963 1748 1037 εύχερέστε

1971 976 2010 1015 θ
2061 960 2410 1016 exciderent.
2470 961 2617 1017 Dicit
2664 978 2854 1031 ergo:
2901 963 3151 1018 Facilius
3209 965 3428 1019 caelum
3477 981 3548 1021 ac

172 1072 266 1126 ρον
300 1052 360 1104 ἀν
391 1053 416 1105 6
443 1054 658 1125 οὐρανός
687 1058 776 1105 καὶ
814 1055 844 1112 ἡ
899 1063 966 1126 γῆ
1001 1053 1468 1126 ἀφανισθήσονται,
1501 1053 1529 1112 ἣ
1565 1056 1622 1105 τὸ
1671 1051 1749 1105 ὶλοὶ

1972 1064 2047 1104 ’1³8
2073 1055 2549 1122 corrumpentur,
2567 1067 2753 1124 quam
2783 1051 2874 1106 vel
2906 1052 3152 1107 minima
3181 1068 3318 1122 pars
3341 1069 3549 1109 eorum

172 1161 372 1214 χιστον
403 1150 502 1195 τῶν
532 1147 986 1218 προηγορευμένων
1009 1151 1069 1215 τῇ
1101 1149 1274 1216 Γραφῇ
1308 1147 1420 1214 περὶ
1449 1151 1540 1203 τῆς
1571 1138 1664 1194 διὰ
1688 1146 1748 1200 τὴ

1979 1155 2029 1194 a3
2083 1154 2188 1211 per
2215 1140 2577 1212 Scripturam
2636 1141 3032 1213 praenuntiata
3089 1148 3227 1196 sunt
3278 1141 3352 1197 de
3407 1159 3549 1198 casu

176 1229 435 1284 ἀπιστίαν
459 1230 760 1294 ἐκπτώσεως
789 1231 958 1284 αὐτῶν
1007 1228 1353 1298 διαπεσεῖται,
1397 1233 1582 1299 εἶτουν,
1617 1229 1753 1306 ἀπρα

1976 1243 2134 1284 )rum
2158 1228 2233 1285 ob
2259 1228 2689 1298 inﬁdelitatem,
2725 1229 3000 1286 concidat
3029 1234 3131 1285 aut
3161 1229 3391 1286 irritum
3423 1247 3553 1303 per-

176 1325 276 1377 κτή
287 1338 386 1372 σει.
1479 1371 1484 1382 .

1479 1371 1484 1382 ,
1898 1321 2157 1373 maneat.

255 1415 362 1470 Πᾶς
393 1441 457 1450 —
490 1413 749 1482 μοιχεύει.
776 1417 881 1463 Νῦν
901 1413 1089 1482 μεν,μὴ
1119 1408 1437 1484 ἐρωτηθεὶς,,
1463 1411 1570 1462 εἷπε
1594 1415 1780 1474 ταῦτα,

1974 1407 2130 1462 Vers.
2199 1408 2286 1463 18.
2356 1407 2620 1481 Quisquis
2677 1440 2744 1449 —-
2809 1409 3167 1465 adulterium
3227 1410 3551 1466 committit.

180 1504 317 1574 πρὸς
344 1519 488 1560 τινας
510 1498 893 1572 ἀποτεινόμενος
922 1506 1140 1552 τοιαῦτα
1160 1503 1273 1551 τότε
1289 1498 1757 1572 πλημμελήσαντας

1974 1511 2064 1551 inc
2093 1495 2338 1568 quidem
2371 1496 2903 1567 noninterrogatus
2934 1498 3055 1553 haec
3089 1498 3256 1566 dixit,
3289 1499 3345 1554 in
3375 1515 3551 1571 quos-

178 1589 232 1642 ἓν
267 1586 329 1641 δε
354 1598 426 1658 τῷ
455 1597 862 1662 τεσσαρακοστῶ
901 1587 1161 1660 κεφαλαίῳ
1199 1596 1288 1640 τοῦ
1338 1590 1470 1640 κατά
1522 1589 1755 1644 Ματθαῖο

1983 1601 2038 1639 m
2090 1585 2396 1650 invehens,
2443 1585 2546 1656 qui
2578 1585 2634 1640 in
2667 1586 3014 1656 hujusmodi
3047 1588 3224 1642 rebus
3255 1589 3555 1660 delinque-

180 1677 463 1752 ἐρωτηθεὶς
489 1678 588 1729 ύπό
619 1686 718 1730 τῶν
749 1682 1066 1750 Φαρισαίων,
1101 1677 1144 1730 εἰ
1165 1677 1360 1740 ἔξεστιν
1387 1675 1638 1752 ἀνθρώπῳ
1661 1676 1757 1730 ἀπο

1983 1679 2045 1729 nt
2072 1690 2084 1729 :
2120 1673 2584 1746 quadragesimo
2617 1689 2756 1729 vero
2790 1675 2982 1745 capite
3015 1676 3311 1745 Evangelii
3344 1691 3555 1732 secun-

178 1767 345 1820 λύσαι
374 1772 468 1824 τὴν
496 1774 721 1838 γυναῖκα
745 1767 906 1818 αὐτοῦ
931 1769 1063 1818 κατὰ
1111 1773 1285 1818 πᾶσαν
1315 1767 1506 1831 αἰτίαν,
1540 1766 1755 1819 πλατεῖα

1987 1779 2042 1817 m
2086 1763 2446 1828 Matthieum,
2479 1763 2874 1835 interrogatus
2907 1779 2941 1819 a
2981 1764 3315 1832 Pharisasis,
3356 1772 3555 1824 utrum

179 1860 282 1914 τὴν
318 1854 598 1929 ἀπόκρισιν
638 1856 940 1913 ἐποιήσατο.
978 1859 1077 1908 Καὶ
1109 1853 1367 1928 ἀνάγνωθι
1397 1860 1489 1914 τὴν
1519 1854 1640 1914 ὅλην
1671 1855 1755 1919 ἐξῆ

1981 1858 2026 1908 et
2048 1853 2276 1907 homini
2306 1853 2630 1908 divortium
2663 1851 2854 1908 facere
2886 1869 3020 1908 cum
3058 1869 3242 1909 uxore
3273 1870 3381 1909 sua
3412 1871 3558 1927 qua-

176 1965 252 2017 γη
264 1964 351 1998 σιν
379 1945 507 2004 αὐτῆ
522 1966 559 2007 ς.

1985 1944 2039 1995 et
2071 1957 2141 1996 ex
2165 1956 2372 2008 causa,
2406 1939 2677 1996 latiorem
2710 1941 2874 1996 dedit
2895 1943 3370 2015 responsionem.
3410 1946 3559 2016 Lege

1898 2043 2040 2099 ergo
2067 2029 2148 2085 ibi
2177 2034 2359 2085 totam
2391 2029 2520 2099 ejus
2554 2029 2991 2086 enarrationem
3024 2032 3090 2085 ³⁷.

259 2129 413 2178 KP».
448 2122 579 2177 ΝΘ’.
617 2127 738 2195 Περὶ
791 2132 882 2176 τοῦ
911 2123 1164 2176 πλουσίου
1205 2127 1294 2177 καὶ
1329 2131 1418 2176 τοῦ
1449 2123 1718 2198 Λαζάρου.

1692 2147 1718 2179 ι,
2250 2117 2400 2174 CAP.
2436 2119 2564 2172 LIX.
2607 2117 2690 2174 De
2719 2118 2900 2175 divite
2939 2126 2993 2175 et
3022 2121 3269 2176 Lazaro.

257 2212 566 2287 Ἀνθρωπος
612 2244 680 2252 -
710 2212 975 2274 πλούσιος.
1035 2211 1206 2265 ΙΙολλά
1237 2212 1479 2274 πολλάκις
1508 2219 1625 2286 περὶ
1651 2213 1792 2286 φιλο-

1988 2210 2133 2264 Vers.
2184 2211 2263 2263 19.
2303 2207 2482 2264 Homo
2519 2237 2589 2249 --
2619 2208 2798 2264 dives.
2853 2210 2998 2264 Cum
3057 2208 3244 2265 multa
3294 2209 3565 2281 frequen-

180 2308 440 2374 πτωχίας
471 2298 716 2365 διδάξας,
763 2310 850 2354 νῦν
895 2299 989 2354 διὰ
1015 2301 1313 2374 παραϐολῆς
1342 2308 1431 2355 καὶ
1483 2302 1635 2375 φοϐον
1686 2311 1757 2354 τοὶ

1988 2321 1989 2325 η
2017 2296 2091 2352 de
2120 2296 2487 2368 paupertatis
2514 2312 2719 2352 amore
2749 2296 3038 2362 docuerit,
3070 2313 3228 2352 nunc
3261 2314 3365 2370 per
3391 2315 3565 2370 para-

188 2387 637 2466 σκληροκαρδίοις
676 2396 766 2444 καὶ
794 2387 1134 2463 ἀμεταδότοις
1194 2390 1465 2452 πλουσίοις
1521 2391 1765 2464 ἔπικρεμᾷ

1990 2387 2105 2442 lam
2137 2385 2309 2441 etiam
2357 2387 2631 2442 timorem
2685 2387 2850 2442 duris
2901 2386 3081 2442 corde
3133 2404 3203 2443 ac
3253 2389 3567 2445 tenacibus

184 2486 312 2553 περὶ
333 2488 432 2532 τῶν
457 2482 530 2532 ἔτι
556 2479 856 2552 μελλόντων,
889 2482 958 2542 ὡς
982 2477 1089 2538 ἤδη
1121 2484 1402 2551 γεγονότων
1433 2476 1761 2552 διηγούμενος

1986 2475 2188 2530 ritibus
2228 2475 2453 2542 incutit,
2507 2475 2582 2531 de
2615 2476 2706 2530 his
2745 2492 2882 2548 quas
2926 2475 3125 2531 adhuc
3167 2477 3365 2532 futura
3402 2484 3563 2543 sunt,

187 2573 343 2623 οὔπω
379 2571 482 2641 γὰρ
512 2578 610 2621 τῶν
652 2567 975 2642 βεϐιωμένων
1006 2566 1375 2634 ἀνταπόδοσις,
1397 2567 1502 2621 ἐπεὶ
1524 2572 1666 2622 οὔπω
1687 2589 1764 2644 κρι

1989 2583 2196 2638 nquam
2247 2565 2321 2621 de
2381 2565 2688 2638 praeteritis
2741 2581 2992 2621 narrans
3032 2566 3347 2621 :nondum
3406 2567 3566 2622 enim

195 2677 300 2719 σις’
325 2663 416 2710 καὶ
458 2667 652 2732 τρανῶς
678 2667 961 2732 παριστῶν,
981 2659 1088 2710 οἷαι
1116 2661 1205 2729 μὲν
1217 2658 1454 2720 κολάσεις
1487 2663 1608 2718 τοὺς
1631 2657 1772 2731 ἀσυμ

1988 2672 2134 2719 rum,
2169 2671 2304 2728 quae
2336 2655 2397 2710 in
2425 2657 2546 2710 vita
2576 2659 2713 2710 sunt
2739 2660 2998 2727 peracta,
3033 2655 3211 2710 datur
3239 2656 3565 2722 retributio,

193 2751 378 2807 παθείς
430 2747 708 2808 πλουσίους
758 2743 1089 2810 διαδέξονται
1135 2750 1264 2820 μετὰ
1309 2748 1544 2816 θάνατον,
1609 2743 1770 2801 οἷαιδ

1992 2762 2048 2799 m
2081 2746 2351 2800 nondum
2396 2744 2553 2799 adsit
2576 2744 2892 2815 judicium,
2917 2748 3120 2814 aperte
3154 2743 3564 2810 manifestans,

195 2835 400 2898 ἀνέσεις
429 2840 547 2898 τούς
575 2841 876 2908 φερεπόνους
907 2840 1124 2896 πένητας
1153 2831 1512 2899 ὑποδέξονται.
1550 2843 1648 2890 Καὶ
1674 2837 1772 2889 άλλη

1997 2848 2191 2888 tenam
2226 2833 2470 2886 ultiones
2493 2833 2792 2903 excipiant
2817 2831 3048 2897 divites,
3082 2832 3187 2902 qui
3215 2832 3376 2887 nullo
3403 2847 3571 2888 com-

195 2923 258 2979 δὲ
301 2926 536 2998 ὠφέλιμα
578 2922 672 2979 διὰ
735 2933 828 2988 τῆς
903 2924 1204 3000 παραϐολῆς
1267 2929 1464 2988 ταύτης
1545 2928 1772 2999 μανθάνο

1991 2919 2212 2976 ssionis
2243 2919 2456 2974 affectu
2483 2925 2798 2976 moventur
2829 2936 2841 2973 :
2871 2925 2930 2974 et
2955 2935 3090 2992 quas
3131 2918 3436 2989 refrigeria
3474 2937 3568 2976 su-

197 3035 315 3089 μιν.
1913 3010 2161 3080 scipiant
2188 3023 2508 3081 pauperes,
2548 3008 2649 3080 qui
2683 3007 2920 3064 labores
2973 3009 3394 3064 toleraverunt.
3444 3008 3577 3067 Alia

1836 3127 1878 3185 ρ
1913 3099 2085 3156 etiam
2118 3098 2283 3154 utilia
2313 3113 2418 3168 per
2448 3097 2604 3152 hanc.
2633 3097 2916 3153 discimus
2947 3098 3320 3170 parabolam.

274 3197 378 3247 Καὶ
405 3225 475 3233 -
499 3191 724 3266 βύσσον.
759 3199 886 3254 Ταῖς
907 3195 1250 3265 τιμιωτάταις
1305 3198 1394 3246 καὶ
1424 3193 1536 3266 (92)
1578 3189 1803 3268 φαιδρο-

1998 3190 2143 3244 Vers.
2181 3189 2261 3242 19.
2295 3187 2412 3254 Qui
2439 3217 2508 3227 —
2534 3186 2716 3257 bysso.
2752 3187 3197 3243 Pretiosissimis
3247 3205 3315 3245 ac
3346 3188 3575 3262 specio-

194 3287 388 3344 τάταις
418 3285 622 3342 στολαῖς
648 3286 958 3354 κατεκόσμει
981 3285 1039 3333 τὸ
1073 3291 1244 3354 σῶμα.

1913 3277 2168 3332 sissimis
2198 3275 2458 3331 vestibus
2480 3291 2697 3347 corpus
2727 3275 2998 3332 ornabat.

276 3371 685 3446 Εῦγραινὸμενος
711 3401 776 3411 -
801 3370 1070 3446 λαμπρῶς.
1101 3370 1413 3432 Πολυτελῶς.

1993 3365 2148 3422 Vers.
2184 3365 2268 3420 19.
2317 3365 2396 3420 Et
2426 3364 2790 3434 epulabatur
2818 3395 2887 3405 -—
2916 3363 3233 3436 splendide.
3290 3365 3570 3422 Pretiosa.

279 3464 510 3533 Πτωχὸς
562 3491 631 3500 -
659 3460 921 3534 Λάζαρος.
974 3465 1077 3512 Τοῦ
1103 3459 1354 3512 πλουσίου
1394 3463 1483 3532 μεν
1526 3459 1618 3513 ούκ
1671 3457 1804 3513 εἶπεν

1996 3456 2154 3511 Vers.
2187 3457 2274 3509 20.
2309 3454 2614 3510 Mendicus
2642 3485 2712 3494 —-
2741 3455 3026 3510 Lazarus.
3073 3451 3277 3510 Divitis
3325 3453 3573 3526 quidem

203 3556 394 3623 ὄνομα,
429 3553 496 3612 ὡς
526 3554 904 3622 μεμισημένον.
930 3553 1222 3623 Γέγραπται
1242 3552 1344 3622 γὰρ
1380 3555 1496 3621 περὶ
1525 3559 1623 3602 τῶν
1649 3569 1777 3608 πονη

2001 3559 2136 3600 men
2169 3559 2290 3599 non
2337 3543 2536 3607 edidit,
2599 3547 2801 3615 utpote
2844 3543 2982 3599 odio
3031 3542 3212 3615 digni.
3275 3544 3571 3615 Scriptum

202 3651 309 3715 ρῶν
337 3657 349 3669 ·
387 3639 462 3692 Ού
501 3643 571 3712 μὴ
602 3640 819 3711 μνησθῶ
842 3647 941 3690 τῶν
969 3637 1230 3710 ὀνομάτων
1265 3638 1428 3691 αὐτῶν
1461 3635 1552 3691 διὰ
1593 3639 1778 3710 χειλέω

1999 3653 2003 3689 μ
2040 3635 2240 3692 enim:
2275 3633 2397 3690 Nec
2434 3648 2654 3688 memor
2702 3632 2810 3688 sim
2863 3631 3166 3689 nominum
3216 3647 3413 3688 eorum
3466 3647 3576 3701 per

205 3749 311 3804 μου
349 3749 362 3760 ·
385 3734 478 3781 τοῦ
495 3735 696 3780 πτωνοῦ
721 3723 780 3779 δε
809 3731 902 3785 τὴν
921 3725 1108 3785 κλῆσιν
1133 3729 1470 3798 προσέθηκεν,
1509 3730 1576 3789 ὡς
1604 3727 1778 3798 ἠγαπη

1996 3724 2075 3779 ita
2093 3737 2221 3779 mea
2238 3723 2309 3777 "z
2335 3720 2592 3777 mendici
2612 3736 2748 3778 vero
2767 3737 2987 3778 nomen
3010 3721 3261 3788 addidit,
3283 3727 3573 3794 tanquam

199 3825 363 3894 μένου
373 3861 384 3873 .

1916 3828 2122 3870 amore
2171 3810 2356 3881 digni.

277 3912 420 3962 Φασὶ
447 3903 507 3960 δέ
526 3925 650 3968 τινες
679 3906 734 3958 ἐκ
759 3901 1104 3978 παραδόσεως
1133 3903 1402 3979 Ἐϐραίων,
1436 3908 1516 3958 ὅτι
1537 3908 1671 3958 κατὰ
1689 3910 1808 3969 τοὺς

1999 3902 2162 3957 Aiunt
2191 3907 2392 3956 autem
2423 3899 2673 3973 quidam
2727 3916 2796 3955 ex
2829 3899 3143 3956 traditione
3199 3900 3576 3956 Hebraeorum

204 4001 430 4072 καιρούς
471 3995 690 4057 ἐκείνους
741 3999 830 4046 καὶ
882 3994 907 4046 6
957 3994 1204 4056 πλούσιος
1255 3995 1442 4058 ἐκεῖνος
1497 3992 1578 4061 ἦν,
1613 4001 1781 4048 Νινευὶ

2006 3992 2081 4047 od
2133 3992 2306 4062 juxta
2336 4007 2407 4046 ea
2439 3996 2711 4062 tempora
2744 3990 2907 4044 dives
2956 3989 3050 4044 ille
3093 3988 3286 4045 fuerat
3339 3987 3579 4044 Ninevis

205 4087 524 4158 καλούμενος
552 4088 638 4136 καὶ
664 4084 690 4134 6
712 4086 924 4154 πτωχὸς
971 4083 1122 4145 οὗτος
1171 4088 1430 4158 Λάζαρος.
1462 4085 1782 4143 Τελευτησάν

2006 4081 2276 4153 pellatus,
2331 4083 2386 4134 et
2414 4078 2718 4134 mendicus
2760 4079 2865 4133 iste
2921 4079 3171 4132 Lazarus
3207 4095 3220 4133 :
3254 4082 3579 4148 postquam

201 4197 305 4230 των
363 4171 422 4227 δι
467 4173 650 4241 αὐτῶν,
708 4170 1008 4243 παραϐολήν
1061 4173 1086 4223 6
1144 4178 1369 4244 Χριστός
1431 4175 1542 4238 (93)
1583 4176 1646 4225 τὰ
1698 4194 1778 4225 κατ

2003 4176 2118 4225 tem
2172 4173 2418 4239 uterque
2459 4171 2722 4222 mortuus
2792 4170 2899 4230 est,
2970 4165 3246 4220 formavit
3312 4163 3576 4219 Christus

208 4265 407 4325 αὐτούς
439 4262 672 4330 εποίησε,
711 4265 803 4313 καὶ
856 4263 941 4320 τὰς
980 4261 1268 4333 μελλούσας
1325 4261 1696 4324 ἀνταποδόσεις
1726 4263 1785 4315 αὖ

2007 4255 2277 4313 rabolam
2309 4255 2382 4309 de
2412 4255 2584 4309 rebus
2612 4252 2690 4310 ab
2723 4252 2838 4308 illis
2855 4253 3056 4322 gestis,
3086 4258 3142 4307 et
3173 4251 3398 4306 futuras
3429 4251 3581 4320 ipso-

209 4365 339 4420 τῶν,
369 4356 434 4413 ὡς
461 4355 820 4424 γεγενημένας,
854 4350 1124 4424 ἱστόρησε,
1155 4360 1260 4413 τοῖς
1285 4357 1373 4425 μεν
1394 4355 1527 4405 κατά
1547 4358 1630 4406 τόν
1657 4353 1784 4405 πλού

2005 4365 2055 4402 m
2113 4343 2552 4409 retributiones,
2619 4341 2800 4414 quasi
2848 4342 2974 4419 jam
3043 4340 3250 4404 factas,
3316 4338 3582 4394 narravit

212 4462 332 4496 σιον
372 4443 580 4506 ἓκεῖνον,
629 4439 782 4512 φόϐον
835 4436 1080 4511 ἕμποιῶν,
1139 4443 1207 4504 ὡς
1255 4442 1528 4515 εἰρήκαμεν
1559 4464 1571 4477 ο
1605 4450 1709 4503 τοῖς
1758 4439 1789 4494 δ

2000 4451 2202 4492 norem
2230 4434 2300 4488 iis
2327 4430 2430 4504 qui
2462 4431 2630 4486 diviti
2675 4429 2757 4486 illi
2801 4429 3196 4493 adhaeserant,
3233 4428 3577 4492 immittens,

2031 4525 2067 4538 ιο
2117 4524 2128 4536 ο
2385 4522 2394 4531 ο
2464 4537 2471 4538 ,
2510 4536 2589 4538 κη-
2657 4535 2686 4538 μ
2718 4518 2749 4538 γε
2791 4536 2808 4538 μ
2845 4518 2859 4538 1
2898 4533 3217 4538 ____.._..__
3269 4516 3425 4538 ι.....Δ
3458 4515 3554 4538 ,ιιξ

210 4534 356 4584 κατὰ
403 4534 491 4583 τὸν
520 4532 732 4601 πτωχόν
760 4534 960 4596 τοῦτον,
1001 4535 1330 4606 παρηγορίαν
1367 4538 1457 4585 καὶ
1509 4535 1711 4593 τούτοις
1760 4528 1787 4584 δ

2011 4524 2272 4580 diximus
2306 4538 2317 4577 :
2347 4522 2431 4576 eis
2461 4536 2618 4586 vero,
2648 4518 2753 4592 qui
2786 4518 2863 4575 ad
2898 4533 3222 4590 pauperem
3268 4516 3428 4571 hunc
3455 4515 3583 4571 atti-

210 4624 475 4682 κάκείνοις
500 4619 759 4694 ὠφέλειαν.

2009 4615 2173 4679 bant,
2205 4609 2701 4678 consolationem,
2738 4613 2794 4664 et
2826 4608 2916 4663 his
2963 4612 3162 4663 autem
3197 4611 3252 4662 et
3294 4604 3406 4660 illis
3433 4605 3585 4661 utili-

1928 4711 2133 4763 tatem.

288 4798 386 4863 ὀς
431 4829 504 4841 -
562 4798 683 4858 ἕλκη
750 4799 931 4856 αὐτοῦ.
990 4807 1250 4854 Τοσοῦτον
1313 4802 1414 4875 γὰρ
1490 4807 1702 4874 παρεῖτο
1763 4803 1821 4853 τὸ

2008 4793 2166 4850 Vers.
2226 4793 2312 4846 20.
2347 4788 2742 4857 Qui—Vers.
2798 4786 2886 4841 2t.
2939 4786 3153 4843 Ulcera
3209 4786 3374 4875 ejus.
3410 4785 3585 4875 Adeo

223 4898 402 4962 σῶμα,
429 4889 500 4950 ὡς
529 4885 668 4962 μηδὲ
697 4893 818 4952 τοὺς
837 4893 994 4952 κύνας
1017 4889 1292 4943 ἀποσοϐεῖν
1324 4871 1605 4944 δύνασθαι,
1638 4897 1685 4941 Ω
1705 4889 1799 4941 πολ

2011 4883 2106 4938 bili
2137 4885 2262 4937 erat
2287 4894 2555 4951 corpore,
2587 4883 2649 4933 ut
2672 4892 2864 4949 neque
2891 4891 3067 4931 canes
3091 4879 3297 4947 posset
3324 4871 3585 4946 abigere.

213 4978 314 5040 λῆς
367 4977 640 5052 ὠμότητος
689 4983 779 5031 καὶ
838 4976 1156 5051 ἀναλγησίας
1189 4979 1202 5034 !
1235 4981 1316 5031 ὃτι
1369 4981 1452 5030 τόν
1484 4977 1531 5030 ἕν
1555 4980 1790 5030 τοσούτοι

2027 4970 2440 5028 crudelitatem
2465 4983 2535 5023 ac
2565 4983 2682 5039 pra:
2733 4971 2973 5038 stupore
3014 4963 3427 5028 indolentiam,
3461 4977 3587 5034 per.

215 5075 424 5134 κακοῖς,
483 5069 509 5120 6
548 5067 597 5120 έν
647 5071 914 5130 τοσούτοις
958 5066 1176 5140 ἀγαθοῖς
1221 5073 1494 5142 περιεώρα,
1526 5073 1616 5120 καὶ
1662 5075 1790 5120 ταῦτ

2014 5079 2121 5120 .am
2173 5061 2232 5118 in
2291 5061 2465 5116 tantis
2521 5057 2876 5115 constitutus
2923 5054 3119 5123 bonis,
3173 5055 3233 5110 in
3295 5058 3374 5110 tot
3419 5052 3591 5109 malis

218 5157 526 5234 ἐρριμμένον
555 5161 656 5234 πρὸ
684 5166 774 5211 τοῦ
803 5157 1033 5220 πυλῶνος
1074 5158 1255 5214 αὐτοῦ.
1294 5162 1392 5211 Καὶ
1423 5154 1594 5224 αὖθις,
1623 5157 1662 5209 ὡ
1706 5156 1795 5209 πολ

2062 5147 2500 5208 calamitatibus
2555 5147 2815 5219 positum
2884 5145 3233 5217 despiceret,
3283 5143 3462 5216 idque
3516 5140 3594 5198 ad

297 5338 341 5375 ¹⁷
369 5337 545 5395 Matth
565 5353 687 5404 ιιι,
713 5341 767 5395 3.
801 5337 848 5374 1⁸
871 5335 1023 5396 Psal.
1052 5353 1150 5404 xv,
1178 5339 1232 5395 4.

1459 5509 1684 5582 Variae
1711 5509 2041 5581 lectiones
2061 5517 2127 5576 et
2152 5515 2352 5574 notae.

298 5711 418 5790 (92)
464 5707 852 5793 Σφοδροτάκες
880 5718 938 5772 Β.
975 5712 1148 5774 Italo.

975 5712 1148 5774 Malo.
2025 5704 2140 5782 (93)
2180 5703 2256 5758 Τά
2285 5699 2454 5760 abest
2481 5700 2547 5759 A.
