3994 6218
495 269 506 315 ε
519 256 627 315 039

1816 249 2161 308 EUTHYMIl
2206 246 2528 307 ZIGABENI

3438 58 3937 149 -r-

3692 257 3797 312 tuto

480 384 734 457 januam
774 398 948 438 suam
1000 382 1341 452 Jacenteum
1372 377 1385 432 l
1419 379 1484 433 Et
1509 393 1743 433 rursum
1776 394 1811 433 o
1834 377 2138 448 egregiam

2257 375 2343 436 λῆς
2374 372 2620 449 ἀνδρείας
2672 374 2791 446 (94)
2830 380 2922 428 καὶ
2979 377 3260 449 ὑπομονῆς,
3317 378 3396 428 ὅτι
3458 375 3631 430 ἐκείνου
3673 381 3803 439 οὕτως

489 472 890 529 fortitudinem
930 486 999 525 ac
1033 468 1428 533 tolerantiam,
1463 466 1648 538 quod,
1684 483 1819 523 cum
1850 466 1943 522 ille
1970 466 2050 522 ita
2080 482 2141 520 se

488 563 755 626 haberet,
788 562 877 615 hic
917 560 997 615 ita
1029 558 1275 614 affectus
1315 572 1437 612 non
1489 557 1892 627 malediceret,
1950 570 2144 628 neque

486 654 905 708 murmuraret.

558 740 719 795 Vers.
765 740 852 793 22.
896 738 1120 793 Accidit
1154 768 1223 777 —
1253 736 1526 793 Abrahae.
1574 738 1642 793 Ut
1689 736 1988 808 hospitem
2044 735 2148 790 La-

487 844 693 885 zarum
725 829 889 899 apud
931 826 1290 899 hospitalem
1326 826 1629 882 Abraham
1670 826 1919 881 intuitus
1956 824 2142 889 dives,

487 934 627 975 osor
657 917 981 988 hospitum,
1014 915 1256 971 haberet
1280 916 1392 971 hoc
1420 916 1495 970 ad
1524 914 1990 971 confutationem
2024 929 2147 969 suae

488 1004 990 1078 inhospitalitatis.
1033 1006 1296 1061 Observa
1324 1004 1525 1068 etiam,
1568 1003 1735 1075 quod
1763 1009 2146 1074 peccatorum

489 1095 706 1152 anima:
728 1093 979 1149 violente
1010 1110 1078 1148 ac
1105 1093 1247 1147 dure
1281 1098 1627 1164 repetuntur
1654 1110 1668 1145 :
1692 1093 1908 1157 Stulte,
1937 1091 2146 1162 inquit,

490 1185 600 1241 hac
632 1189 795 1239 nocte
821 1186 1091 1250 repetunt
1138 1182 1407 1237 animam
1455 1188 1620 1237 tuam
1649 1197 1687 1237 a
1739 1188 1793 1237 te
1842 1183 1885 1217 ιθ
1922 1198 1935 1247 ;
1960 1180 2150 1251 justo-

487 1291 623 1332 rum
655 1289 793 1328 vero
825 1271 920 1343 pie
956 1288 1025 1326 ac
1072 1276 1400 1326 reverenter
1432 1270 1510 1325 ab
1557 1270 1805 1341 angelis,
1863 1276 2149 1342 tanquam

492 1361 867 1425 satellitibus,
888 1360 1293 1416 abducuntur.

562 1455 718 1507 Vers.
756 1451 843 1503 2'2.
892 1450 1162 1503 Mortuus
1212 1456 1291 1504 est
1322 1480 1389 1488 —
1415 1449 1668 1516 sepultus
1696 1458 1795 1504 est.
1858 1450 1935 1503 De
1988 1462 2151 1503 men-

487 1543 619 1598 dico
641 1555 762 1595 non
780 1538 946 1602 dixit,
966 1540 1127 1609 quod
1153 1540 1422 1607 sepultus
1446 1538 1539 1599 sit,
1572 1553 1642 1591 eo
1670 1536 1829 1609 quod
1865 1537 1979 1592 vile
1998 1539 2152 1591 esset

485 1627 765 1703 pauperis
808 1626 1172 1697 sepulcrum,
1206 1626 1279 1680 de
1311 1625 1492 1679 divite
1526 1642 1664 1681 vero
1698 1625 1983 1691 maxime,
2018 1641 2152 1697 pro-

484 1727 613 1792 pter
637 1715 1062 1789 pretiositatem
1106 1714 1360 1785 sepulcri
1392 1713 1615 1771 divttis.

558 1808 717 1863 Vers.
746 1807 834 1860 25.
867 1809 1062 1875 Atque
1080 1804 1141 1859 in
1164 1835 1233 1843 —
1258 1806 1384 1859 sinu
1419 1807 1566 1873 ejus.
1598 1803 2147 1859 Infernumdicitlo-

484 1914 622 1954 cum
672 1894 965 1967 supplicii.
1000 1896 1076 1948 Ex
1116 1893 1230 1948 hac
1271 1899 1470 1948 autem
1506 1892 1795 1965 parabola
1834 1892 2141 1957 discimus,

480 1985 642 2058 quod
674 1984 734 2039 in
763 1984 958 2039 futuro
986 1981 1201 2037 saeculo
1223 1998 1342 2037 non
1371 1982 1562 2037 solum
1589 1987 1923 2053 peccatores
1948 1982 2145 2037 vident

475 2075 668 2147 justos
701 2079 755 2132 et
807 2072 951 2143 justi
1007 2077 1373 2143 peccatores,
1431 2071 1535 2127 sed
1585 2076 1643 2127 et
1673 2078 2049 2141 agnoscunt:
2090 2076 2147 2126 et

484 2170 829 2237 peccatores
893 2161 1135 2233 quidem
1194 2160 1497 2232 justorum
1552 2162 1755 2216 vident
1810 2160 2140 2224 fruitiones,

479 2268 603 2325 quo
658 2251 853 2321 magis
910 2249 1153 2306 doleant
1223 2249 1507 2315 videntes,
1573 2250 1793 2319 quibus
1846 2250 1958 2305 sint
2029 2249 2145 2320 pri-

480 2342 600 2398 vati
648 2340 822 2397 bonis
856 2356 869 2394 :
897 2340 1041 2411 justi
1101 2356 1240 2396 vero
1306 2344 1688 2410 peccatorum
1748 2339 1948 2394 vident
2004 2353 2140 2409 sup-

481 2430 676 2503 plicia,
717 2445 840 2502 quo
889 2428 1148 2501 amplius
1203 2428 1507 2498 gaudeant
1557 2428 1879 2493 intuentes,
1919 2434 2144 2500 quanta

482 2519 820 2590 effugerunt
841 2524 1153 2574 tormenta.
1182 2524 1521 2588 Agnoscunt
1542 2524 1745 2573 autem
1768 2534 1827 2572 se
1860 2519 2140 2586 invicem,

488 2615 553 2665 ut
600 2608 807 2673 sciant,
859 2607 1010 2663 inter
1066 2623 1215 2678 quos
1268 2612 1408 2662 sunt
1462 2607 1544 2675 hi,
1594 2606 1669 2662 de
1724 2606 1947 2679 quibus
2005 2612 2144 2662 ante

480 2704 737 2754 mortem
783 2696 1163 2766 ignorabant.
1196 2699 1355 2751 Tunc
1402 2703 1603 2752 autem
1638 2697 1823 2751 Deum
1882 2711 2001 2751 non
2041 2696 2145 2750 ob-

482 2792 721 2843 secrant
749 2785 840 2841 isti
884 2802 992 2858 pro
1022 2786 1458 2857 peccatoribus,
1494 2785 1765 2851 scientes,
1797 2785 1962 2857 quod
2004 2801 2143 2839 cum

479 2874 726 2932 diabolo
759 2880 812 2931 et
839 2874 1075 2944 angelis
1105 2874 1233 2945 ejus
1256 2874 1639 2930 condemnati
1666 2878 1825 2929 sunt.
1861 2877 1922 2929 Et
1948 2890 2144 2945 quem-

484 2964 819 3021 admodum
850 2979 959 3035 pro
1003 2963 1386 3019 daemonibus
1420 2962 1756 3036 supplicare
1787 2978 2015 3019 vanum
2054 2978 2143 3017 es-

2256 467 2484 537 ἔχοντος,
2541 464 2697 525 αὐτὸς
2758 465 2920 525 οὕτως
2955 468 3090 536 ἔχων
3142 467 3235 518 οῦκ
3284 466 3662 538 ἐϐλασςρήμησεν
3712 465 3801 520 οὐδ’

2257 553 2538 625 ἐγόγγυσεν
2573 552 2585 606 Ξ

2330 730 2555 801 Ἐγένετο
2612 762 2680 771 -
2731 729 2990 804 Ἀϐραάμ.
3069 731 3179 784 Ἱνα
3248 736 3333 785 τόν
3407 732 3538 795 ξένον
3607 735 3807 805 Λάζαρον

2256 824 2399 893 παρά
2425 828 2498 891 τῷ
2534 819 2770 891 φιλοξένῳ
2821 820 3058 893 Ἀϐραὰμ
3118 819 3241 874 ἱὸων
3296 824 3321 873 ό
3370 822 3625 893 μισοξενος
3682 824 3808 874 πλού-

2261 928 2376 970 σιος
2404 909 2614 981 ἔλεγχον
2642 912 2759 980 ἔχοι
2812 919 2965 962 τοῦτο
3026 912 3135 983 (95)
3190 920 3283 971 τῆς
3340 912 3627 982 μισοξενίας
3663 912 3809 964 urite}.

2260 1004 2643 1071 Παρατηρησον
2675 996 2753 1063 δὲ,
2815 1002 2894 1051 ὅτι
2955 1009 3055 1051 τῶν
3114 1001 3428 1075 ἁμαρτωλῶν
3472 1005 3557 1073 μὲν
3589 1003 3636 1052 αἱ
3667 1002 3811 1072 ψυχαὶ

2260 1086 2535 1159 ἀποτόμως
2593 1086 2955 1140 ἀπαιτοῦνται.
3013 1088 3204 1163 Ἀγρον
3233 1092 3357 1163 γὰρ,
3415 1094 3564 1160 φησι,
3597 1094 3807 1161 ταύτηὴ

2258 1182 2407 1228 νυκτὶ
2446 1181 2537 1234 τὴν
2563 1176 2748 1248 ψυχήν
2777 1197 2869 1229 σου
2899 1176 3211 1230 ἀπαιτοῦσιν
3239 1178 3339 1230 ἀπό
3370 1187 3481 1230 σοῦ·
3512 1188 3604 1230 τῶν
3633 1176 3813 1231 δικαίων

2262 1262 2341 1334 δὲ,
2383 1264 2608 1327 εὐλαϐῶς
2652 1264 2963 1337 ἀπάγονται,
3006 1270 3105 1319 ὑπὸ
3144 1276 3241 1319 τῶν
3274 1266 3499 1339 ἀγγέλων
3544 1264 3813 1341 δορυφοροῦ-

2259 1373 2426 1426 μεναι.

2333 1442 2577 1495 Ἀπέθανε
2610 1474 2661 1484 —
2702 1441 2881 1515 ἐτάφη.
2920 1444 3034 1496 Ἐπὶ
3074 1452 3165 1496 τοῦ
3190 1453 3411 1517 πτωχοῦ
3442 1450 3550 1517 μὲν,
3582 1445 3665 1496 οῦκ
3690 1440 3811 1505 εἴτην,

2260 1533 2338 1584 ὅτι
2360 1533 2540 1603 ἐτάφη,
2576 1528 2668 1584 διὰ
2699 1536 2756 1584 τὸ
2798 1532 3118 1605 ἀτημελητον
3151 1541 3245 1594 τῆς
3272 1544 3371 1586 τῶν
3422 1543 3641 1604 πτωχῶν
3670 1542 3817 1603 rapi:

2260 1619 2343 1673 ἰπὶ
2386 1629 2477 1672 τοῦ
2504 1620 2759 1673 πλουσίου
2810 1618 2868 1674 δὲ
2921 1628 3004 1674 καὶ
3038 1622 3199 1694 μάλα,
3242 1621 3334 1675 (5⁵ιά
3374 1627 3430 1674 τὸ
3480 1623 3727 1682 πολυτελὲς
3748 1630 3821 1681 τῆς

2183 1728 2225 1780 Β
2260 1718 2358 1761 τῶν
2397 1709 2661 1762 πλουσίων
2691 1718 2872 1782 ταφῆς.

2334 1804 2435 1852 Καὶ
2496 1799 2542 1851 ἐν
2587 1831 2649 1839 --
2719 1800 2933 1862 κόλποις
2979 1801 3161 1853 αὑτοῦ.
3220 1798 3390 1873 ’ᾼδην
3442 1800 3592 1872 λέγει,
3642 1804 3718 1851 τὸν
3759 1806 3822 1849 τό·

2259 1908 2353 1940 πον
2404 1897 2499 1950 τῆς
2552 1888 2837 1952 κολάσεως,
2906 1891 2992 1941 Ἐκ
3045 1900 3138 1952 τῆς
3198 1891 3499 1963 παραϐολῆς
3565 1887 3619 1942 6;:
3666 1894 3825 1948 ταύτης

2258 1980 2601 2049 μανθάνομεν,
2661 1984 2750 2030 καὶ
2786 1981 2865 2030 ὁτι
2897 1977 2943 2030 ἐν
3003 1989 3075 2049 τῷ
3130 1979 3361 2049 μέλλοντι
3411 1981 3559 2031 αἰῶνι
3608 1979 3661 2030 οῦ
3703 1998 3825 2049 μονον

2258 2068 2421 2140 ὁρῶσι
2480 2072 2571 2119 καὶ
2598 2070 2647 2119 οἰ
2678 2067 2974 2141 ἁμαρτωλοὶ
3004 2072 3119 2129 τοὺς
3147 2067 3405 2135 δικαίους,
3457 2074 3543 2121 καὶ
3587 2071 3631 2121 οἱ
3660 2066 3824 2119 δίκαιοι

2258 2160 2375 2217 τοὺς
2435 2156 2789 2230 ἁμαρτωλοὺς,
2887 2157 3013 2209 ἀλλὰ
3079 2163 3168 2210 καὶ
3239 2160 3587 2233 γνωρίζουσι.
3652 2163 3738 2210 Καὶ
3790 2159 3825 2206 0i

2258 2245 2555 2319 ἁμαρτωλοὶ
2603 2249 2693 2318 μὲν
2774 2248 2938 2319 ὁρῶσι
2990 2250 3081 2308 τὰς
3136 2256 3234 2299 τῶν
3280 2244 3506 2299 δικαίων
3536 2246 3820 2305 ἀπολούσεις,

2259 2335 2340 2386 ενα
2402 2334 2591 2406 μᾶλλον
2650 2334 2913 2402 ἀνιῶνται,
2966 2334 3258 2407 βλέποντες,
3297 2338 3420 2388 οἵων
3473 2336 3669 2408 ἀγαθῶν
3716 2335 3823 2386 im-

2254 2425 2517 2496 ρηθησαν.
2552 2425 2600 2475 0i
2646 2420 2845 2474 δίκαιοι
2908 2420 2986 2492 δὲ,
3041 2426 3201 2495 ὁρῶσι
3250 2428 3338 2483 τὰς
3403 2434 3506 2477 τῶν
3552 2424 3819 2497 ἁμαρτωλῶν

2257 2512 2517 2580 κολάσεις,
2560 2513 2640 2563 ἵνα
2690 2511 2880 2583 μᾶλλον
2938 2517 3191 2584 χαίρωσι,
3255 2511 3537 2585 βλέποντες
3608 2515 3683 2565 οἶα
3732 2514 3819 2581 (96)

2258 2599 2469 2673 βάσανα
2511 2597 2778 2672 διέφυγον.
2830 2602 3153 2672 Γνωρίζουσι
3185 2598 3244 2654 δὲ
3290 2601 3559 2667 ἀλλήλους,
3602 2605 3673 2653 ἵνα
3714 2610 3821 2671 γνώ-

2259 2708 2341 2741 σιν
2382 2687 2427 2740 ἐν
2474 2694 2638 2750 ποίοις
2678 2690 2807 2742 εἰσιν
2844 2690 3005 2755 οὗτοι,
3066 2696 3180 2763 πιρὶ
3220 2692 3284 2742 ὧν
3347 2693 3570 2763 ἠγνόουν
3614 2696 3704 2763 πρὸ
3752 2710 3821 2741 τόν

2259 2777 2544 2831 ἀποθανεῖν’
2574 2779 2633 2831 οῦ
2673 2779 3037 2853 παρακαλοῦσι
3098 2776 3156 2832 δὲ
3198 2788 3313 2832 τότε
3372 2786 3465 2833 τόν
3525 2786 3646 2834 om
3693 2776 3823 2831 οἱδι-

2255 2886 2397 2918 καιοι
2458 2869 2583 2941 ὑπὲρ
2637 2877 2735 2919 τῶν
2802 2868 3138 2941 ἁμαρτωλῶν,
3214 2875 3576 2940 γινώσκοντες,
3656 2872 3724 2921 ότι
3769 2874 3822 2935 τῷ

2258 2953 2485 3027 διαϐόλῳ
2550 2961 2639 3007 καὶ
2676 2964 2786 3017 τοῖς
2846 2955 3083 3027 ἀγγέλοις
3140 2957 3300 3008 αὐτοῦ
3364 2956 3823 3030 πγκατεὸικάσθπο

481 3061 569 3110 set
611 3058 665 3110 et
704 3053 910 3108 inutile
943 3069 956 3105 :
999 3054 1082 3109 ita
1121 3069 1362 3125 quoque
1394 3059 1450 3108 et
1505 3069 1610 3125 pro
1660 3053 1750 3108 his
1804 3054 1956 3107 sicut
1992 3050 2140 3108 dixit

2259 3065 2352 3097 σαν
2393 3046 2526 3115 (97).
2564 3050 2663 3098 Καὶ
2693 3048 2865 3118 ὥσπερ
2902 3050 2959 3097 τὸ
2990 3048 3116 3118 ὑπὲρ
3167 3055 3265 3098 τῶν
3311 3044 3580 3120 δαιμονων
3624 3050 3821 3099 ἰκετῖόειν

482 3142 801 3212 Gregorius
829 3142 1125 3213 Dialogus.
1160 3145 1287 3198 Non
1313 3142 1518 3197 dolent
1557 3148 1756 3198 autem
1788 3158 2137 3214 quanquam

477 3232 901 3305 compatientes
942 3232 1103 3287 sint:
1139 3238 1277 3286 tunc
1319 3247 1477 3287 enim
1521 3231 1669 3301 fugit
1707 3232 1785 3288 ab
1815 3231 1901 3289 eis
1944 3231 2135 3298 dolor,

479 3338 704 3381 mceror
732 3337 804 3379 ac
830 3320 1109 3392 gemitus,
1140 3325 1203 3376 ut
1234 3336 1380 3393 pure
1419 3320 1713 3379 laetentur.

550 3572 592 3643 -ι-
614 3569 749 3627 Hinc
768 3568 1004 3643 quidem
1025 3568 1168 3625 dicit
1190 3568 1512 3639 Gregorius
1531 3567 1831 3641 Dialogus.
1860 3568 1969 3624 Alii
2000 3585 2141 3626 vero

480 3662 681 3717 Patres
712 3659 938 3725 dicunt,
973 3674 1170 3731 neque
1210 3676 1245 3716 a
1277 3657 1688 3732 peccatoribus
1721 3659 1903 3714 videri
1922 3662 2138 3730 justos,

480 3763 675 3821 neque
698 3747 924 3819 ajustis
948 3753 1323 3818 peccatores:
1360 3747 1436 3803 illi
1472 3748 1769 3819 siquidem
1798 3749 1857 3803 in
1888 3749 2016 3804 luce
2044 3749 2144 3804 de-

480 3842 651 3909 gunt,
681 3836 740 3892 hi
768 3842 966 3893 autem
1000 3835 1060 3891 in
1088 3836 1380 3903 tenebris;
1411 3836 1585 3907 longe
1626 3844 1827 3892 autem
1858 3838 2077 3893 distant
2108 3854 2144 3894 a

481 3942 543 3982 se
574 3926 830 3982 invicem
861 3925 985 3992 lux,
1018 3931 1075 3980 et
1097 3926 1374 3981 tenebras.
1411 3926 1725 3993 Praeterea,
1757 3943 1892 3982 cum
1921 3927 2001 3982 illi
2029 3927 2144 3982 sint

479 4014 1247 4088 omninolux,nequaquam
1267 4016 1602 4086 cupiuntad
1623 4016 1897 4071 tenebras
1914 4017 2145 4088 prospi-

479 4120 611 4162 cere
628 4122 641 4171 ;
657 4104 717 4159 hi
735 4120 891 4169 vero,
912 4120 1049 4159 cum
1064 4103 1314 4159 omnino
1332 4105 1444 4159 sint
1460 4105 1740 4170 tenebras,
1760 4121 1876 4160 non
1894 4116 2148 4176 possunt

480 4203 679 4258 lucem
702 4195 989 4266 aspicere.
1020 4196 1167 4249 Nam
1196 4197 1253 4247 et
1289 4192 1694 4264 peccatoribus
1724 4194 1943 4249 doloris
1984 4203 2147 4251 esset

488 4283 823 4341 consolatio
854 4282 948 4338 lux
980 4282 1130 4355 ipsa,
1165 4282 1413 4352 etjustis
1435 4282 1912 4339 imminutionem
1934 4285 2145 4357 volup-

483 4374 619 4431 tatis
636 4373 915 4430 atferrent
945 4371 1224 4427 tenebras.
1258 4372 1468 4426 Dicunt
1492 4371 1714 4444 itaque,
1738 4372 1796 4427 in
1834 4373 1947 4428 hac
1965 4390 2143 4444 para-

482 4462 623 4519 bola
654 4463 894 4536 proponi
926 4462 1042 4517 hoc
1070 4461 1199 4531 lege
1244 4441 1615 4533 parabolica,
1653 4466 1709 4517 et
1744 4468 1804 4517 ut
1833 4441 2145 4519 terribilior
2178 4441 2219 4494 ί)

481 4568 551 4608 ac
577 4552 772 4622 magis
790 4550 1212 4623 persuadibilis
1228 4550 1393 4606 ﬁeret
1424 4566 1643 4607 sermo.
1675 4553 1915 4625 Oportet
1941 4558 2142 4610 autem

385 4632 398 4646 ’
482 4645 539 4697 et
565 4641 693 4696 haec
731 4645 787 4695 et
814 4640 912 4695 illa
935 4640 1083 4696 scire
1105 4658 1122 4711 ;
1153 4644 1497 4696 sanctorum
1522 4640 1683 4697 enim
1719 4647 1877 4709 sunt,
1912 4648 1968 4699 et
1996 4643 2142 4698 nihil

480 4730 763 4801 pietatem
796 4728 1038 4785 laedunt.

558 4819 717 4871 Vers.
740 4817 918 4872 2LE1
950 4818 1150 4888 ispe—
1174 4818 1485 4885 hac.Viile,
1510 4824 1803 4891 quantum
1831 4837 1967 4876 eum
2005 4837 2137 4894 sap-

481 4922 576 4962 ere
603 4904 734 4960 fecit
763 4906 1054 4961 cruciatus
1077 4922 1088 4960 :
1110 4923 1289 4978 quem
1327 4910 1483 4963 enim
1508 4926 1687 4981 prOpe
1710 4910 2009 4980 jacentem
2042 4912 2140 4967 de-

480 5000 773 5070 spexerat,
804 4993 963 5051 hunc
989 4996 1222 5051 eminus
1252 5004 1421 5053 acute
1454 4998 1636 5054 videt.
1673 5001 1786 5054 Nec
1811 5004 2008 5055 tamen
2038 5003 2141 5057 La-

556 5120 604 5157 ¹⁰
637 5117 844 5175 Lucas.
882 5134 976 5187 xu,
1006 5119 1103 5173 20.

2254 3137 2471 3206 μάταιόν
2504 3133 2617 3186 ἐστι
2664 3140 2753 3186 καὶ
2781 3131 3160 3207 ἀπρόσδικτον,
3211 3137 3345 3187 οὕτω
3373 3144 3469 3189 καὶ
3500 3142 3556 3189 τὸ
3592 3140 3706 3209 ὑπὲρ
3733 3139 3822 3187 r09-

2254 3241 2374 3286 των,
2407 3224 2471 3282 ὡς
2499 3221 2605 3275 εἷπε
2648 3227 2974 3297 Γρηγόριοςό
3007 3226 3253 3296 Διάλογος
3294 3245 3306 3257 ο
3358 3227 3462 3277 οῦκ
3517 3227 3719 3298 dir/0'57:
3762 3221 3824 3287 δε,

2252 3315 2425 3363 καίτοι
2460 3314 2747 3383 συμπαθεῖς
2792 3318 2946 3376 ὄντες.
2984 3310 3217 3388 Ἀπέδρα
3261 3317 3360 3386 γάρ
3419 3322 3531 3368 τοτι
3570 3316 3651 3368 ἀπ’
3689 3315 3822 3365 αὐτῶν

2252 3396 2435 3466 ὀδύνη,
2457 3406 2546 3453 καὶ
2574 3400 2735 3472 λύπη,
2768 3408 2858 3455 καὶ
2907 3407 3212 3475 στεναγμὸς,
3247 3407 3328 3456 ἱνα
3353 3408 3601 3477 καθαρῶς
3650 3404 3822 3476 cippu-

2250 3507 2456 3541 νωνται.

2326 3573 2349 3649 [
2378 3578 2555 3631 Ταῦτα
2576 3577 2688 3648 (98)
2720 3582 2810 3651 μέν
2865 3600 2995 3652 φησι
3036 3585 3317 3655 Γρηγόριος
3344 3583 3374 3634 ὁ
3409 3581 3668 3653 Διάλογος
3690 3584 3819 3650 ἕτεροι

2254 3661 2311 3718 δὲ
2336 3671 2552 3740 Πατέρις
2577 3667 2810 3739 λέγουσι,
2842 3675 2970 3741 μήτε
2998 3671 3096 3722 ὑπό
3128 3680 3225 3722 τῶν
3274 3671 3597 3745 ἁμαρτωλῶν
3638 3672 3820 3743 ὁρᾶσθαι

2251 3758 2365 3815 τοὺς
2394 3751 2646 3821 δικαίους,
2687 3763 2818 3829 μήτε
2861 3758 2955 3810 ὑπὸ
2982 3767 3079 3810 τῶν
3104 3756 3322 3811 δικαίων
3351 3766 3482 3821 τοὺς
3510 3760 3815 3833 ἁμαρτωλούς.

2255 3846 2429 3916 Οὶμὶν
2457 3848 2561 3917 γὰρ
2596 3844 2644 3897 ἐν
2671 3854 2742 3916 τῷ
2780 3851 2927 3918 φωτί·
2965 3850 3012 3899 οἱ
3054 3845 3111 3900 δὲ
3139 3847 3186 3900 ἕν
3234 3856 3303 3920 τῷ
3340 3856 3520 3922 σκότῳ
3553 3868 3565 3879 ·
3600 3848 3749 3923 πόρρω
3776 3841 3818 3897 δὲ

2256 3931 2480 3992 ἀλλήλων
2510 3938 2568 3986 τὸ
2606 3943 2709 4007 φῶς
2738 3940 2827 3987 καὶ
2858 3939 2914 3988 τὸ
2970 3942 3171 3997 σκότος.
3216 3944 3318 3991 Καὶ
3364 3942 3415 3991 οἱ
3457 3945 3547 4012 μὲν
3598 3940 3690 3991 ὅλοι
3740 3944 3817 4006 fit;

2256 4026 2408 4089 ὄντες,
2452 4022 2543 4074 οὐκ
2574 4022 2633 4074 ἂν
2667 4022 2942 4096 βούλοιντο
2992 4022 3197 4078 ἀπιδεῖν
3228 4028 3301 4089 εἰς
3350 4033 3411 4080 τὸ
3464 4035 3639 4088 σκότος
3668 4045 3678 4056 ·
3708 4028 3745 4077 οὶ
3774 4020 3815 4075 δὲ

2256 4112 2361 4164 ὃλοι
2394 4117 2573 4173 σκότος
2604 4114 2945 4187 ὑπάρχοντες,
2979 4115 3073 4167 οὐκ
3106 4114 3164 4166 ἂν
3198 4112 3451 4170 δύναιντο
3478 4116 3669 4170 ἀπιδεῖν
3696 4118 3814 4175 είςτσ

2256 4210 2377 4274 φῶς.
2419 4202 2485 4253 Ἠ
2525 4206 2625 4275 γὰρ
2658 4201 2716 4253 ἂν
2743 4209 2831 4255 καὶ
2854 4206 2901 4256 οἱ
2928 4203 3223 4277 ἁμαρτωλοὶ
3256 4215 3347 4267 τῆς
3383 4204 3574 4267 ὀδύνης
3601 4202 3815 4279 παράκλησ

2257 4309 2337 4342 σιν
2369 4290 2567 4362 ἔμελλον
2598 4294 2739 4362 ἒχειν
2778 4296 2835 4344 τό
2868 4294 2988 4365 φῶς⁹
3040 4298 3127 4346 καὶ
3159 4296 3206 4345 οἱ
3248 4292 3478 4359 δίκαιοι,
3521 4305 3608 4357 τῆς
3664 4290 3812 4349 ἡδονῆς

2254 4381 2431 4451 ὕφεσιν
2488 4384 2544 4432 τό
2587 4388 2792 4442 σκότος·
2854 4387 2947 4439 τὴν
2987 4386 3160 4454 μέντοι
3211 4384 3521 4457 παραϐολὴν
3574 4382 3809 4436 ὑποθέσθαι

2251 4477 2420 4534 τοῦτο,
2456 4472 2589 4521 κατά
2616 4471 2971 4544 παραϐολικὴν
3017 4472 3352 4545 αὐτονομίαν⁹
3389 4481 3479 4527 καὶ
3507 4478 3585 4526 ἵνα
3629 4471 3808 4543 φθείρω-

2252 4577 2390 4631 τερος
2420 4562 2508 4609 καὶ
2533 4561 2875 4633 πιθανώτερος
2915 4561 2939 4611 ὁ
2996 4559 3146 4631 λόγος
3200 4567 3442 4632 γένηται.
3492 4569 3593 4635 Χ.εή
3653 4558 3701 4611 δὲ
3741 4577 3806 4605 17:

2252 4655 2414 4698 ταῦτα
2451 4645 2661 4699 κάκεῖνα
2686 4654 2958 4719 γινώσκειν
3001 4668 3013 4681 ο
3048 4649 3205 4720 ἁγίων
3235 4655 3339 4727 γάρ
3414 4653 3533 4722 εἱσι,
3576 4657 3657 4702 καὶ
3690 4643 3805 4699 οὐδῑι

2250 4743 2312 4807 τῇ
2350 4735 2580 4807 εὐσεϐείᾳ
2605 4736 2962 4809 λυμαίνονται,
2987 4738 3003 4807 ]

2325 4830 2425 4876 Καὶ
2458 4825 2608 4885 αὐτὸς
2637 4856 2704 4865 -
2742 4829 2934 4899 ταύτῃ.
2994 4826 3147 4901 Ὅρα,
3194 4833 3357 4881 πόσον
3391 4831 3546 4883 αὐτὸν
3595 4831 3619 4887 ἑ
3671 4824 3805 4898 βάτια

2250 4933 2334 4974 νος
2385 4912 2744 4989 ἐσωφρόνισεν.
2803 4915 2896 4967 “Ov
2937 4918 3039 4989 γὰρ
3086 4914 3238 4987 ἔγγὺς
3290 4924 3524 4990 κείμενον
3588 4923 3801 4987 παρεώρλ,

2249 5010 2434 5055 τοῦτον
2462 5002 2722 5079 πόρρωθεν
2774 5003 2922 5068 ὀξέως
2982 5006 3097 5080 όρᾲο
3150 5006 3223 5058 Oi}
3286 5008 3603 5081 παρεκάλισε
3645 5002 3692 5059 δε
3740 5020 3799 5053 τᾶν

1728 5247 1945 5321 Varias
1994 5252 2318 5324 lectiones
2355 5264 2418 5323 et
2451 5264 2651 5327 notae.

574 5444 663 5517 94)
694 5435 939 5521 Ἀνδρίας
972 5447 1031 5501 Α.

715 5514 1237 5594 Toﬁgexpressit
1311 5514 1491 5575 etiam
1555 5516 1893 5579 Hentertius.
1963 5522 2126 5578 Τοῦτο

474 5585 749 5647 nimirum
777 5595 835 5643 τό
866 5585 1039 5645 ἰδεῖν.-
1063 5594 1122 5645 ln
1173 5596 1435 5647 mentem
1480 5597 1673 5649 tamen
1702 5596 1979 5652 veniebat
2014 5606 2129 5650 τοῦ·

473 5678 578 5739 τον,
607 5661 664 5721 id
697 5667 787 5720 est
815 5666 902 5717 τὸν
928 5663 1217 5744 Λάζαρον..

2306 5454 2419 5527 (96)
2449 5456 2638 5520 Forte,
2667 5448 3063 5531 oiavﬁao'mov.
3095 5452 3179 5512 Ita
3218 5468 3385 5513 mox.
3434 5456 3577 5513 Nam
3616 5454 3667 5505 τὰ
3698 5444 3769 5518 ,Ξέο

2241 5540 2376 5579 σανα
2405 5542 2521 5580 non
2564 5526 2810 5595 memini
2831 5526 3044 5595 legere.

2334 5597 2425 5656 97)
2452 5594 2917 5656 κατεδικάσθησαν
2957 5604 3021 5654 Α.

2334 5597 2398 5651 97
2452 5597 2917 5656 κατεδικάσθησαν
2957 5604 3021 5654 Α.

2310 5597 2425 5744 ξε)θέ
2458 5668 2590 5727 Haec
2623 5675 2866 5747 uterque
2902 5668 2967 5737 in
2996 5670 3285 5744 margine.
