3994 6218
245 283 378 340 1041

1321 282 1675 339 (:OMMENT.
1720 281 1790 338 IN
1828 271 2095 339 LUCAM.
2137 315 2204 325 --
2237 285 2389 341 CAP.
2427 285 2567 343 XVI.

3490 289 3630 354 1042

244 411 513 484 Λάζαρον,
573 411 972 486 ὑπολαμϐάνων,
1024 414 1105 466 ὅτι
1159 420 1478 487 μνησικακεῖ
1541 412 1700 484 αὐτῷ’
1758 415 1828 464 τότ

1978 426 2156 467 :arum
2173 410 3035 490 deprecabatur,suspicabatur
3051 420 3485 493 namque,quod
3502 437 3623 478 ma.

249 499 479 576 Αϐραάμ
529 497 588 554 δί
639 504 887 573 ἱκέτευσε,
930 504 1157 575 νομίζων
1188 505 1267 556 ὅτι
1316 501 1571 575 ἀγνοεῖτά
1608 503 1720 555 κατ’
1751 503 1844 555 αὐ-

236 595 354 646 τόν.
419 590 621 667 Ὠσπερ
691 591 750 645 ὁὶ
796 602 867 663 τῷ
911 597 1134 668 Λαζάρῳ
1181 597 1449 666 πρότερον,
1499 591 1546 644 ἓν
1575 595 1844 656 τοσούτοις

228 679 344 730 ὄντι
392 689 570 740 κακοῖς
614 683 893 756 προσθήκη
955 691 1231 757 συμφορῶν
1277 679 1359 750 ἧν,
1391 685 1448 734 τὸ
1505 680 1711 754 βλέπειν
1758 686 1843 734 τὸν

228 767 489 822 πλούσιον
536 769 583 822 ἐν
634 774 905 834 τοσούτοις
936 771 1149 845 ἀγαθοῖς
1184 787 1196 800 ·
1231 772 1365 825 οὕτω
1394 777 1484 824 καὶ
1513 779 1585 842 τῷ
1613 771 1843 844 πλουσίῳ

226 866 320 910 νῦν
362 858 411 910 ἓν
437 863 704 922 τοσούτοις
733 865 840 913 ὄντι
871 858 1080 928 δεινοῖς,
1112 864 1382 937 προσθήκη
1417 870 1677 936 τιμωριῶν
1707 860 1840 932 ἐστι,

230 951 294 1000 τὸ
324 947 536 1021 βλέπειν
557 953 642 1003 τὸν
673 951 913 1027 Λάζαρον
940 951 990 1004 ἐν
1019 954 1291 1012 τοσούτοις
1317 949 1554 1022 ἀγαθοῖς.

311 1133 438 1180 Εῖπε
469 1159 537 1168 -
586 1124 864 1181 ὀδυνᾶσαι.
920 1129 1030 1181 Οὐκ
1080 1125 1323 1189 ὀνειδίζει
1352 1130 1518 1200 τούτῳ
1556 1132 1650 1188 τὴν
1681 1127 1841 1181 ἀπαν-

237 1218 501 1289 θρωπίαν,
545 1216 652 1268 ἀλλ’
691 1217 927 1280 ὶπιεικῶς
973 1220 1086 1290 (90)
1146 1218 1496 1292 ἀποκρίνεται·
1546 1223 1839 1292 γέγραπται

233 1308 362 1377 γὰρ,
444 1307 522 1358 ὅτι
576 1311 764 1378 Ψυχὴν
826 1311 1259 1380 τεταπεινωμένην
1318 1308 1394 1378 (1)
1451 1311 1522 1380 μὴ
1599 1327 1837 1380 προστα-

230 1395 421 1468 ρςὲξῃς·
473 1401 562 1449 καὶ
613 1402 782 1448 τέκνον
829 1397 1076 1468 ὀνομάζει
1125 1404 1325 1462 τοῦτον,
1368 1399 1432 1457 ὡς
1475 1399 1834 1471 πατριάρχης,

229 1484 394 1536 αὐτοῦ
445 1489 535 1537 καὶ
593 1487 663 1547 ὡς
712 1485 1026 1559 πρεσϐύτης,
1089 1485 1200 1538 Οὐκ
1232 1483 1338 1538 εἶπε
1383 1483 1460 1550 δὲ,
1496 1487 1575 1538 ὅτι
1603 1485 1833 1552 Ἐλαϐες,

225 1571 341 1624 ἀλλ’
373 1576 453 1625 ὄτι
487 1573 764 1637 Ἀπελαϐες
811 1579 878 1627 τὰ
927 1573 1100 1646 ἀγαθά
1132 1595 1224 1628 σου
1261 1578 1309 1628 εν
1340 1583 1401 1647 τῇ
1443 1575 1549 1647 ζωῇ
1591 1594 1708 1642 σου,
1746 1582 1836 1628 καὶ

221 1664 475 1738 Λάζαρος
529 1667 722 1736 ὁμοίως
759 1668 823 1718 τά
869 1668 1026 1719 κακά.
1069 1669 1138 1718 Τὸ
1190 1668 1290 1738 γὰρ
1337 1663 1713 1738 ἀπολαμϐάνειν
1752 1669 1834 1718 ἐπὶ

1954 501 2146 557 lorum
2161 503 2272 575 ipsi
2289 502 2670 570 inﬂictorum,
2691 507 2976 562 adversus
2993 524 3053 564 se
3068 525 3300 565 memor
3317 516 3497 568 esset:
3515 511 3622 567 sed

1954 591 2254 648 Abraham
2300 594 2590 662 obsecrat,
2625 597 2922 669 opinatus,
2976 599 3137 670 quod
3193 600 3352 656 hunc
3397 601 3618 668 lateret,

1952 697 2084 754 quas
2095 683 2248 739 circa
2262 700 2322 738 se
2346 685 2733 754 contigerant.
2756 687 3282 753 Quemadmodum
3297 696 3494 746 autem
3511 691 3623 747 La-

1951 787 2110 838 zaro,
2138 786 2275 827 cum
2307 772 2365 827 in
2419 779 2498 828 tot
2526 774 2693 830 malis
2729 778 2958 846 positus
2987 783 3160 844 esset,
3204 778 3616 836 calamitatum

1951 865 2075 916 erat
2116 867 2510 931 augmentum
2542 863 2754 919 intueri
2809 864 3051 922 divitem
3083 868 3142 922 in
3170 871 3257 923 tot
3285 868 3460 924 bonis
3495 885 3507 924 :
3536 869 3618 924 ita

1949 964 2111 1004 nunc
2127 949 2315 1016 diviti,
2342 951 2402 1006 in
2433 952 2609 1007 tantis
2655 951 2894 1021 degenti
2928 955 3181 1011 miseriis
3209 957 3435 1013 atlditio
3475 972 3617 1030 sup-

1949 1038 2261 1110 pliciorum
2289 1045 2397 1105 est,
2431 1040 2628 1096 videre
2661 1043 2946 1098 Lazarum
2972 1043 3031 1099 in
3069 1045 3244 1100 tantis
3275 1045 3463 1101 bonis.

2021 1127 2179 1184 Vers.
2236 1129 2322 1183 23.
2354 1129 2520 1186 Dixit
2549 1160 2618 1172 —
2647 1131 2961 1188 cruciaris.
2996 1133 3425 1190 lnhumanitem
3475 1134 3610 1190 huic

1949 1233 2070 1273 non
2098 1217 2482 1290 improperat,
2509 1219 2614 1275 sed
2635 1227 2944 1277 mansuete
2961 1222 3605 1296 respondet.Scriptum

1948 1308 2209 1362 estenim:
2223 1309 2484 1364 Animam
2500 1309 2867 1366 humiliatam
2879 1312 3434 1368 neturbaverisNEI
3449 1312 3609 1369 hunc

1947 1396 2219 1452 nominat
2247 1396 2456 1461 ﬁlium,
2491 1402 2692 1470 utpote
2727 1400 3087 1472 patriarcha,
3131 1418 3233 1456 seu
3266 1401 3609 1473 progenitor

1946 1484 2158 1556 ipsius,
2190 1490 2248 1540 et
2287 1491 2559 1559 tanquam
2589 1503 2788 1544 senex.
2831 1491 2956 1545 Non
2988 1489 3132 1546 dixit
3157 1495 3354 1546 autem
3392 1507 3405 1547 :
3434 1496 3608 1548 Acce-

1946 1574 2082 1645 pisti
2116 1575 2274 1630 bona
2306 1579 2423 1639 tua,
2457 1576 2558 1631 sed
2592 1576 2914 1648 Recepisti.
2949 1581 3092 1634 Nam
3127 1578 3389 1651 recipere
3425 1579 3504 1635 ob
3532 1596 3604 1635 ea

1947 1663 2198 1734 ponitur,
2229 1680 2364 1736 qua:
2391 1665 2720 1722 debentur:
2745 1667 2950 1740 ethinc
2971 1669 3219 1744 omnino
3235 1668 3604 1740 signiﬁcatur

218 1759 326 1804 τῶν
367 1759 806 1827 χρεωστουμένων
863 1758 1127 1818 τάττεται,
1181 1758 1271 1807 καὶ
1327 1751 1579 1813 δηλοῦται
1634 1757 1828 1816 πάντως

1978 1751 2103 1823 [υοά
2145 1757 2201 1806 et
2243 1753 2403 1808 dives
2455 1770 2809 1827 quanquam
2836 1762 3109 1826 peccator
3155 1763 3298 1824 erat,
3333 1757 3600 1830 aiiquam

219 1841 480 1910 ἐντεῦθεν,
531 1846 611 1895 ὅτι
656 1849 744 1896 καὶ
790 1846 816 1896 ὁ
855 1844 1124 1913 πλούσιος,
1168 1844 1211 1896 εἰ
1253 1849 1341 1896 καὶ
1391 1843 1695 1916 ἁμαρτωλὸς
1749 1841 1830 1910 ἦν,

217 1932 363 2002 ὅμως
404 1930 516 2003 εἶχέ
563 1951 678 1984 τινα
729 1931 936 2008 ἀρετὴν,
968 1935 1094 2006 ὑπὲρ
1145 1934 1208 1995 ἧς
1252 1932 1472 1986 ἀπέλαϐε
1512 1934 1613 1994 ζῶν
1651 1936 1726 1986 ἔτι
1768 1936 1833 1986 τὰ

217 2020 534 2093 ὀφειλόμενα
581 2020 772 2092 ἀγαθάο
813 2028 902 2074 καὶ
956 2023 982 2075 ὁ
1024 2023 1290 2095 Λάζαρος,
1317 2022 1359 2075 εἰ
1391 2028 1480 2075 καὶ
1512 2019 1720 2084 δίκαιος
1748 2020 1828 2089 ἦν,

216 2109 361 2180 ὅμως
424 2107 535 2181 εἶχέ
605 2131 720 2163 τινα
776 2116 983 2178 κακίαν,
1054 2109 1113 2164 δί
1157 2114 1219 2172 ἣν
1263 2117 1352 2164 καί
1401 2112 1556 2174 αὐτὸς
1611 2111 1832 2164 ἀπέλαϐε

217 2199 341 2259 ζεὸν
380 2201 456 2251 ἔτι
489 2202 553 2251 τά
585 2199 882 2273 ὀφειλόμενα
910 2203 1066 2255 κακά.
1099 2209 1208 2254 Τῶν
1232 2200 1510 2276 ἀνθρώπων
1527 2202 1627 2275 γάρ
1656 2197 1832 2263 οὐδεὶς

214 2290 448 2359 ἄμοιρος
509 2287 710 2362 ἀρετῆς,
762 2287 877 2342 οὐδ’
935 2291 1158 2342 ὀ’πάνυ
1211 2295 1453 2364 πονηρός⁹
1509 2295 1600 2342 καὶ
1656 2287 1830 2352 οὐδεὶς

214 2381 448 2450 ἄμοιρος
491 2383 698 2449 κακίας,
751 2377 865 2432 οὐδ’
897 2381 923 2432 ὁ
952 2383 1086 2432 πάνυ
1127 2379 1336 2451 ἀγαθός.
1373 2383 1458 2433 Διό
1479 2384 1568 2432 καὶ
1597 2379 1830 2438 τελευτὴ-

214 2486 411 2529 σαντες
458 2465 708 2537 ἀπῆλθον,
744 2470 768 2520 ὁ
812 2468 902 2541 μέν
929 2471 1152 2542 ἄκρατον
1180 2473 1315 2541 ἔχων
1335 2474 1427 2528 τήν
1455 2474 1661 2522 κακίαν·
1704 2469 1729 2520 ὁ
1771 2466 1828 2522 δὲ

208 2559 449 2628 ἄκρατον
481 2562 790 2630 κεκτημένος
819 2563 913 2616 τὴν
954 2557 1151 2633 ἀρετήν.

285 2652 394 2698 Καὶ
438 2644 522 2698 ἐπὶ
565 2679 627 2686 —
661 2643 972 2721 διαπερῶσι.
1009 2651 1206 2720 Χάσμα
1255 2650 1390 2719 μέγα
1425 2647 1579 2720 λέγει,
1614 2651 1671 2702 τὸ
1721 2646 1828 2701 ἀνευ

206 2741 540 2806 πιχεὶρητον
586 2740 906 2808 πρόσταγμα
943 2745 1035 2790 τοῦ
1079 2743 1225 2790 Θεοῦ⁶
1255 2739 1324 2800 ὡς
1363 2735 1515 2796 δίκην
1543 2739 1827 2811 χάσματος

203 2824 428 2875 κωλύων
456 2829 550 2883 τὴν
592 2823 852 2898 ἐπιμιξίαν
879 2829 1070 2879 τούτων
1095 2825 1360 2879 κάκείνων.

283 2999 414 3056 Eii-:2
445 3035 512 3043 —
538 3006 721 3080 πάτερ.
750 3003 1046 3080 Παρακαλῶ
1077 3024 1157 3061 σε.

282 3177 391 3230 Ἰνα
452 3209 518 3217 -
578 3175 836 3248 βασάνου.
901 3176 1210 3248 Ἀποτυχὼν
1286 3183 1381 3239 τῆς
1445 3179 1570 3251 ὑπερ
1641 3177 1824 3232 ἑαυτοῦ

203 3264 476 3329 δεήσεως,
528 3269 652 3339 ὑπὲρ
699 3274 796 3318 τῶν
846 3261 1076 3337 ἀδελφῶν
1131 3262 1385 3335 δυσωπεῖ,
1426 3265 1697 3340 ἐμφαίνων,
1745 3270 1826 3322 ὅτι

203 3361 396 3427 ὥσπερ
441 3357 597 3416 αὐτὸς
627 3361 724 3430 πρό
756 3363 848 3406 τοῦ
889 3355 1180 3424 ἀποθανεῖν,
1213 3356 1347 3407 οὕτω
1376 3361 1462 3408 καὶ
1493 3357 1640 3410 αὐτοὶ
1669 3357 1824 3433 λῆρον

201 3450 476 3518 ἡγοῦνταί
505 3449 598 3507 τὰς
629 3445 676 3496 ἐν
707 3452 823 3507 ταῖς
853 3451 1084 3520 Γραφαῖς
1109 3444 1317 3507 ἀπειλὰς
1345 3455 1442 3498 τῶν
1479 3455 1569 3500 τοῦ
1613 3447 1823 3520 με’λλον-

198 3555 292 3595 τος
326 3536 514 3596 αἰῶνος
555 3534 834 3603 κολάσεων,
867 3539 956 3587 καὶ
983 3531 1076 3587 διὰ
1097 3543 1267 3599 τοῦτο,
1299 3541 1460 3608 μόνην
1484 3541 1576 3596 τὴν
1604 3535 1824 3609 φιληδο-

196 3629 322 3675 νίαν
351 3620 767 3694 μεταδιώκουσι.

279 3718 438 3783 Λέγει
479 3745 544 3752 -
580 3718 862 3786 προφήτας.
895 3715 996 3773 Τάς
1025 3719 1311 3776 Μωσαῖκας
1345 3712 1559 3786 βίϐλους
1596 3718 1686 3766 καὶ
1733 3715 1822 3774 τὰς

192 3803 561 3873 προφητικάς.
597 3801 672 3852 Οὐ
709 3804 811 3874 γὰρ
841 3802 975 3853 οὕτω
1007 3805 1072 3854 σὺ
1101 3798 1242 3875 κήδῃ
1288 3811 1388 3856 τῶν
1418 3800 1670 3875 ἀδελφῶν,
1703 3806 1766 3864 ὡς
1794 3805 1819 3855 ὁ

191 3896 326 3948 ποιή
341 3909 440 3952 σας
472 3890 658 3950 αὐτοὺς
689 3893 834 3956 Θεὸς,
880 3889 933 3951 ὃς
964 3895 1051 3942 καὶ
1089 3895 1309 3965 μυρίους
1339 3889 1620 3950 ἐπέστησεν
1648 3892 1820 3953 αὐτοῖς

195 3976 596 4041 διδασκάλους.

271 4070 287 4094 ³
298 4071 694 4122 Ακουσάτωσαν
840 4067 1008 4120 αὐτῶν
1031 4110 1045 4124 .
1180 4068 1578 4142 ’Υποτιθεμένων
1703 4069 1819 4143 βίον

197 4158 468 4230 ἐνάρετον.

277 4247 340 4299 Ὀ
377 4244 439 4298 δὲ
475 4277 540 4286 ——
569 4244 826 4319 Ἀϐραάμ.
861 4244 972 4297 Οὐκ
1001 4247 1282 4298 ἁκούουσιν
1313 4246 1498 4300 αὐτῶν.

282 4335 427 4390 Ἀλλ’
491 4367 555 4374 -
615 4339 1018 4406 μετανοήσουσι.
1092 4342 1214 4396 Ταῖς
1271 4335 1475 4408 βίϐλοις
1547 4340 1637 4408 μεν
1703 4335 1820 4389 ἀπι-

205 4434 460 4487 στοῦσιν,
522 4427 585 4483 ὡς
627 4427 769 4497 παρά
827 4424 1031 4484 ζώντων
1093 4429 1422 4496 γραφείσαις,
1481 4431 1639 4496 μήπω
1703 4428 1818 4478 θεα-

207 4521 456 4586 σαμένων
509 4516 574 4564 τὰ
626 4521 716 4564 τοῦ
769 4512 1036 4585 μέλλοντος
1085 4514 1281 4574 αἰῶνοςο
1326 4513 1411 4565 ἐάν
1465 4533 1546 4575 τις
1609 4511 1667 4566 δὲ
1718 4513 1817 4567 ἀπὸ

199 4612 408 4675 νεκρῶν
433 4603 659 4676 πορευθῇ
697 4606 827 4675 πρὸς
858 4601 1058 4672 αὐτοὺς,
1094 4605 1490 4669 πιστεύσουσιν,
1543 4605 1610 4665 ὡς
1653 4599 1818 4656 ἰδόντι

201 4694 408 4744 πάντα.

284 4783 415 4832 Εἶπε
473 4811 539 4820 -—
598 4781 786 4838 πεισθή
797 4799 972 4833 σονται
986 4825 997 4836 ,

199 4866 397 4927 ἐπειδὴ
477 4873 734 4931 Μωϋσέως
790 4874 880 4922 καὶ
945 4877 1042 4921 τῶν
1116 4877 1392 4945 προφητῶν
1458 4869 1550 4921 οὐκ
1607 4874 1814 4938 ἤκουον,

199 4955 340 5012 οὐδε
417 4964 528 5020 τοῖς
597 4956 651 5009 ἐκ
709 4967 897 5032 νεκρῶν
957 4956 1246 5010 ἀναστάσιν
1301 4957 1636 5023 ἐπείσθησαν,
1694 4959 1818 5012 ἀλλά

197 5052 302 5100 καὶ
352 5049 443 5098 τὸν
510 5043 729 5120 ἀδελφὸν
781 5047 1001 5121 Μάρθας
1043 5052 1132 5100 καὶ
1178 5050 1386 5120 Μαρίας
1447 5047 1708 5122 Λάζαρον,
1764 5045 1818 5098 ἐκ

1076 4784 1175 4833 Καὶ
1249 4783 1298 4832 οἱ
1370 4777 1624 4834 Ἰουδαῖοι
1692 4783 1812 4854 γὰρ,

283 5225 335 5260 ²⁰
369 5222 541 5280 Eccli.
577 5241 649 5292 ιν,
703 5225 756 5280 3.

1945 1845 2144 1896 tamen
2176 1839 2441 1896 habebat
2462 1843 2753 1906 virtutem,
2782 1859 2887 1914 pro
2914 1860 3037 1917 qua
3066 1845 3228 1901 bona
3273 1846 3471 1902 debita
3500 1845 3602 1902 ad-

1939 1928 2060 1985 huc
2078 1930 2286 1985 vivens
2311 1937 2642 2002 receperat;
2669 1938 2723 1988 et
2738 1933 3008 2002 Lazarus,
3032 1950 3381 2008 quanquam
3397 1937 3601 2008 justus

1943 2023 2084 2083 erat,
2116 2019 2355 2091 aliquod
2398 2026 2586 2076 tamen
2621 2021 2824 2077 vitium
2856 2021 3140 2087 habebat,
3170 2029 3412 2096 propter
3440 2023 3599 2096 quod

1942 2108 2142 2164 adhuc
2156 2109 2360 2164 vivens
2373 2109 2572 2166 debita
2587 2109 2737 2166 mala
2750 2113 3380 2185 receperat.Siquidem
3399 2113 3597 2169 nullus

1939 2197 2254 2254 hominum
2287 2214 2498 2270 expers
2537 2205 2624 2256 est
2654 2200 2900 2267 virtutis,
2935 2205 3038 2257 aut
3073 2203 3322 2258 omnino
3356 2202 3550 2258 malus
3582 2219 3594 2260 :

1939 2288 2259 2360 nullusque
2287 2304 2499 2356 expers
2521 2295 2607 2344 est
2629 2289 2763 2354 vitii,
2789 2295 2891 2345 aut
2908 2291 3157 2346 omnino
3181 2290 3414 2358 bonus;
3442 2291 3602 2348 ideo-

1939 2393 2056 2450 que
2081 2377 2209 2448 jam
2255 2379 2574 2433 morientes
2621 2378 3041 2443 discesserunt,
3083 2379 3179 2436 ille
3209 2380 3446 2454 quidem
3479 2396 3600 2436 me-

1937 2482 2070 2522 ram
2115 2466 2346 2522 habens
2380 2466 2677 2536 malitiam,
2710 2467 2806 2524 hic
2849 2473 3049 2525 autem
3103 2485 3318 2543 puram
3373 2469 3600 2527 habens

1937 2557 2232 2611 virtutem.

2007 2646 2168 2698 Vers.
2197 2648 2284 2698 26.
2315 2644 2390 2699 Et
2415 2659 2593 2713 super
2626 2675 2685 2688 -
2716 2647 3152 2703 transcendere.
3197 2646 3432 2704 Hiatum
3467 2663 3598 2703 ma-

1937 2748 2124 2804 gnum
2139 2733 2691 2797 dicit,ﬁrmissimum
2712 2733 2809 2789 Dei
2827 2741 3504 2808 prmeeptumJanquam
3519 2737 3597 2794 ad

1936 2821 2187 2878 modum
2211 2823 2411 2879 hiatus
2436 2823 2755 2896 prohibens
2772 2824 2993 2880 horum
3019 2830 3073 2881 et
3088 2824 3321 2881 illorum
3346 2826 3595 2882 commi-

1937 2912 2214 2968 stionem.

2011 3003 2164 3057 Vers.
2205 3001 2292 3056 27.
2321 3002 2423 3058 Ait
2449 3031 2521 3044 —
2543 3007 2733 3073 pater.
2770 3001 2966 3059 Etiam
2993 3003 3090 3060 hic
3121 3004 3363 3077 ponitur
3407 3003 3594 3078 ἕρωτῶ,

1862 3109 1906 3165 ο
1941 3107 2049 3165 pro
2079 3090 2357 3148 Obsecro.

2008 3183 2170 3237 Vers.
2204 3185 2292 3236 27.
2330 3179 2489 3238 Ut—
2522 3183 2678 3236 Vers.
2703 3185 2792 3238 28.
2815 3182 3149 3238 Cruciatus.
3179 3213 3245 3224 —
3272 3183 3594 3256 Repulsam

1935 3285 2153 3343 passus
2183 3269 2242 3324 in
2264 3285 2354 3336 eo,
2373 3269 2534 3342 quod
2553 3285 2660 3342 pro
2683 3286 2744 3326 se
2766 3269 3001 3335 orabat,
3019 3287 3126 3342 pro
3148 3271 3429 3328 fratribus
3460 3290 3596 3345 sup-

1935 3359 2134 3431 plicat,
2162 3359 2469 3415 insinuans
2504 3359 2660 3432 quod
2691 3360 2842 3415 sicut
2872 3359 2999 3432 ipse
3045 3366 3180 3416 ante
3211 3367 3486 3426 mortem,
3515 3361 3595 3417 ita

1933 3453 1987 3504 et
2017 3448 2093 3503 illi
2125 3465 2232 3520 pro
2264 3447 2483 3505 fabulis
2514 3448 2743 3505 ducunt
2773 3448 2990 3516 minas,
3024 3467 3156 3523 qua:
3188 3450 3248 3506 in
3281 3449 3594 3523 Scripturis

1932 3537 2229 3593 habentur
2243 3536 2318 3592 de
2333 3536 2510 3593 futuri
2527 3537 2726 3593 saeculi
2741 3537 3070 3610 suppliciis,
3092 3543 3150 3594 et
3171 3545 3486 3612 propterea
3503 3554 3594 3596 so-

1930 3625 2050 3682 lam
2078 3627 2503 3697 voluptuosam
2535 3628 2718 3682 vitam
2752 3626 3170 3700 insequuntur.

2002 3716 2165 3771 Vers.
2205 3719 2296 3773 29.
2331 3715 2482 3772 Dicit
2514 3747 2585 3757 —
2617 3716 2956 3787 prophetas.
3004 3717 3290 3773 Masaicos
3322 3715 3500 3773 libros
3525 3732 3595 3774 ac

1930 3805 2276 3877 prophetias
2309 3820 2324 3860 :
2353 3820 2549 3878 neque
2579 3805 2740 3862 enim
2765 3807 2848 3862 ita
2877 3804 2980 3862 tibi
3010 3821 3170 3862 curas
3197 3811 3337 3862 sunt
3361 3805 3592 3873 fratres,

1928 3891 1992 3949 'ut
2026 3897 2160 3958 Deo,
2185 3894 2288 3966 qui
2312 3893 2442 3950 fecit
2463 3893 2612 3961 illos,
2639 3899 2694 3950 et
2716 3899 3024 3950 sexcentos
3043 3895 3126 3952 eis
3157 3893 3430 3951 adhibuit
3452 3911 3595 3969 pra:-

1929 3987 2280 4126 cep\Ittaorir.e.s29.
2319 4071 2588 4127 Audiant
2613 4071 2773 4128 illos.
2802 4101 2870 4112 -—
2901 4072 3046 4127 Cum
3086 4071 3273 4129 vitam
3305 4072 3596 4130 suadeant

1930 4157 2126 4213 virtuti
2150 4156 2547 4214 conformem.

2000 4246 2160 4301 Vers.
2195 4250 2282 4302 30.
2318 4246 2390 4302 At
2422 4248 2521 4302 ille
2557 4277 2624 4286 —
2650 4245 2976 4302 Abraham.
3007 4249 3133 4303 Non
3162 4247 3589 4304 audiuntillos.

2000 4336 2161 4390 Vers.
2201 4335 2289 4390 30.
2323 4335 2435 4391 Sed
2481 4365 2531 4375 -
2567 4335 2933 4403 resipiscent.
2973 4333 3158 4389 Libris
3187 4335 3432 4406 quidem
3471 4352 3591 4393 non

1930 4424 2154 4480 habent
2185 4423 2386 4488 ﬁdem,
2423 4427 2616 4494 utpote
2649 4423 2884 4495 scriptis
2917 4423 2996 4479 ab
3029 4422 3124 4480 his
3155 4424 3258 4495 qui
3287 4423 3587 4491 vivebant,

1930 4519 1984 4568 et
2010 4513 2262 4568 necdum
2277 4528 2348 4568 ea
2363 4512 2643 4580 viderant,
2660 4512 2861 4584 quain
2879 4511 3076 4567 futuro
3096 4520 3233 4567 sunt
3255 4513 3470 4568 saeculo
3499 4529 3512 4569 :
3542 4515 3589 4571 si

1924 4601 2057 4674 quis
2087 4608 2282 4656 autem
2327 4617 2398 4655 ex
2433 4600 2679 4655 mortuis
2719 4600 2847 4656 ierit
2877 4599 2952 4656 ad
2985 4599 3134 4664 illos,
3168 4599 3430 4667 credent,
3467 4607 3592 4658 tan-

1927 4707 2111 4763 quam
2142 4690 2213 4754 ei,
2247 4690 2348 4762 qui
2377 4689 2586 4744 viderit
2614 4691 2907 4746 universa.

2000 4779 2160 4834 Vers.
2212 4782 2296 4833 3t.
2332 4779 2434 4833 Ait
2473 4807 2524 4819 -
2556 4777 2816 4834 credent.
2851 4777 3158 4851 Siquidem
3190 4778 3400 4846 Judaai,
3456 4781 3594 4853 quia

1927 4871 2141 4924 Mosem
2170 4871 2225 4922 et
2248 4866 2568 4939 prophetas
2594 4880 2715 4922 non
2743 4866 3087 4938 audiebant,
3111 4883 3308 4941 neque
3332 4869 3400 4924 iis
3431 4869 3593 4942 quia

1927 4955 2168 5012 mortuis
2187 4960 2649 5021 res-urrexerant,
2680 4954 3194 5030 credebant:quin
3210 4961 3268 5012 et
3289 4959 3589 5014 Lazarum.

1929 5045 2166 5102 Martha
2195 5048 2252 5101 et
2277 5042 2470 5102 Maria;
2489 5043 2744 5111 fratrem,
2775 5043 2928 5118 quia
2955 5045 3206 5103 mortuis
3233 5051 3590 5116 surrexerat,

1451 5348 1676 5417 Varia
1705 5348 2033 5418 lectiones
2065 5357 2130 5416 et
2157 5355 2360 5416 notas.

289 5544 834 5617 (99l'A1roxpL'm1-crm
867 5551 922 5599 Β.

287 5612 371 5686 (1)
498 5616 533 5670 Ι.
564 5612 778 5686 tegitur
805 5612 1032 5690 καρδίαν
1060 5619 1516 5691 παρωργισμίνην.
1549 5620 1718 5691 Hunc
1741 5616 1826 5688 ip-

409 5686 610 5743 locum
664 5686 929 5745 tractans
957 5686 1220 5746 Joannes
1245 5686 1569 5762 Xiphilinus
1613 5686 1824 5745 eodem

201 5703 350 5743 sum

1932 5544 2353 5671 mod0213udat.
2381 5545 2520 5601 Vide
2553 5545 2874 5602 editionem
2896 5547 3146 5600 nostram
3169 5544 3586 5615 Mosquensem

1933 5632 2071 5671 nae.
2187 5655 2200 5668 .

1933 5632 2071 5688 pag.
2109 5632 2200 5671 zu.
