3994 6218
481 246 617 305 1043

1854 243 2199 304 EUTHYMII
2238 244 2569 305 ZlGABENI

3667 250 3761 309 1044

476 372 619 431 etde
665 371 867 439 rebus,
888 388 1025 447 qum
1044 370 1279 432 inferno
1302 377 1489 436 erant.
1512 370 1894 447 loquebatur,
1931 370 2132 444 potius

2259 380 2434 445 νεκρῶν
2467 371 2766 426 ἀναστάντα
2793 376 2879 427 καὶ
2906 376 3146 449 περὶτῶν
3169 371 3219 427 ἕν
3248 381 3319 446 τῷ
3342 370 3442 449 ᾅδῃ
3460 372 3653 447 λέγοντα,
3671 378 3766 451 pil-

476 463 738 520 occidere
769 463 1064 519 volebant.

552 554 703 609 CAP.
738 554 914 607 XVII.
953 553 1114 607 Vers.
1152 556 1202 607 1.
1232 554 1334 608 Ait
1365 585 1426 594 —
1453 553 1710 610 veniunt.
1748 555 1865 609 Hoc
1897 555 2006 617 est,
2037 566 2132 605 ne-

479 657 642 697 cesse
674 647 778 709 est,
812 647 873 695 ut
905 642 1167 697 veniant.
1195 643 1344 698 Dixit
1371 644 1529 697 enim
1559 641 1858 697 tricesimo
1886 639 2131 713 septimo

480 733 659 784 etiam
686 730 857 800 juxta
884 730 1220 786 Matthmum
1236 732 1431 802 capite
1457 748 1469 785 :
1498 733 1591 788 Vw
1608 731 1829 786 mundo
1856 730 1930 787 ab
1956 730 2124 799 o/fen-

480 818 942 875 dieutismecesse
953 826 1034 875 est
1048 820 1188 875 enim
1199 827 1279 883 ,ut
1296 823 1519 877 veniant
1533 820 2133 891 offendieutamerum-

482 912 679 963 tamen
730 924 811 963 rte
842 908 1067 964 homini
1099 911 1207 974 itti,
1242 926 1353 979 per
1391 926 1559 982 quem
1615 910 1770 966 venit
1810 908 2132 979 offendicu-

485 997 656 1051 tum21
678 1014 695 1067 ;
716 1004 771 1051 ct
794 996 854 1051 in
882 1014 948 1053 eo
976 997 1104 1069 lege
1128 997 1695 1071 interpretationem,
1722 1013 1859 1069 quas
1886 997 2132 1069 pulchre

483 1086 680 1160 posita
708 1091 819 1144 est.

556 1265 718 1320 Vers.
742 1269 794 1319 2.
817 1265 1073 1336 Expedit
1091 1296 1157 1306 —
1172 1265 1323 1322 istis.
1349 1264 1429 1320 Ibi
1451 1265 1630 1321 etiam
1651 1264 1781 1320 haec
1794 1263 1976 1338 paulo
1998 1268 2134 1321 ante

483 1354 643 1411 dicta
673 1360 811 1409 sunt
842 1359 898 1410 et
929 1360 1126 1426 aperte
1158 1354 1472 1410 declarata.

555 1444 721 1499 Vers.
751 1448 803 1501 3.
835 1445 1048 1500 Cavete
1067 1444 1223 1499 vobis
1255 1445 1414 1513 ipsis.
1448 1446 1679 1509 Cavete,
1712 1458 1785 1498 ne
1807 1459 1930 1515 quo
1954 1442 2137 1499 modo

484 1534 768 1605 cuiquam
800 1533 925 1588 sitis
948 1532 1331 1601 otl‘endiculo,
1366 1538 1467 1590 aut
1489 1549 1524 1589 a
1554 1548 1861 1605 quoquam
1888 1531 2133 1589 oﬁ‘endi-

484 1622 685 1678 culum
728 1622 1066 1694 patiamini.

553 1712 714 1767 Vers.
757 1713 810 1766 3.
859 1712 1021 1782 Quod
1057 1710 1111 1767 si
1147 1742 1217 1755 —
1256 1712 1452 1768 illum.
1500 1712 1780 1768 Fraterno
1831 1710 2000 1769 illum
2052 1714 2141 1771 in-
2168 1742 2214 1799 Β

484 1817 681 1872 crepa,
712 1806 766 1857 et
792 1817 953 1858 more
983 1802 1132 1872 ejus,
1160 1802 1263 1873 qui
1294 1801 1553 1872 corrigit.

556 1891 719 1946 Vers.
749 1895 800 1947 3.
824 1892 899 1946 Et
958 1891 1032 1946 sit
1063 1922 1130 1931 —-
1160 1892 1274 1947 illi.
1309 1891 1663 1950 Pcenitentia
1689 1895 1849 1951 enim
1901 1908 2136 1967 prome-

488 1985 668 2045 retur,
702 1984 759 2036 ut
783 1979 1015 2036 veniam
1044 1980 1337 2052 impetret.

562 2069 725 2125 Vers.
755 2073 807 2124 4.
860 2070 935 2124 Et
962 2069 1015 2125 si
1036 2100 1090 2110 —
1129 2072 1389 2126 remittes
1418 2070 1523 2126 illi.
1557 2072 1799 2144 Oportet
1827 2072 1986 2129 enim
2004 2088 2136 2139 nos,

492 2159 590 2229 qui
620 2158 835 2214 inﬁrmi
867 2176 1079 2214 sumus
1120 2164 1175 2215 et
1202 2158 1617 2216 affectionibus
1653 2162 1972 2229 vincimur,
2004 2178 2141 2218 con-

493 2248 688 2303 dolere
739 2249 834 2304 his
877 2248 974 2319 qui
1020 2248 1285 2304 similiter
1344 2248 1536 2305 affecti
1588 2256 1744 2307 sunt.
1792 2253 1895 2307 Hic
1939 2258 2140 2308 autem

489 2338 730 2409 Septies,
761 2337 919 2393 idem
948 2337 1241 2406 signiﬁcat
1262 2338 1418 2408 quod
1457 2339 1815 2410 Frequenter
1839 2342 1981 2407 ;hoc
2012 2345 2099 2396 est
2125 2356 2138 2395 :

493 2427 732 2492 Quoties
749 2427 808 2482 in
825 2426 919 2482 die
944 2431 1404 2498 postpeccatum
1429 2428 1759 2498 paenituerit
1781 2446 1939 2492 eum,
1971 2429 2141 2485 toties

493 2516 719 2571 remitte
746 2516 825 2570 illi
862 2521 950 2579 ;et
982 2516 1062 2570 ita
1106 2514 1267 2570 idem
1308 2514 1548 2582 inlicat,
1599 2518 1764 2589 quod
1808 2518 2143 2589 Septuagies

496 2606 728 2674 septies.
757 2604 932 2660 Aliter
953 2604 1130 2660 etiam
1155 2623 1166 2664 :
1188 2604 1401 2675 Septies
1420 2604 1659 2676 quidem
1677 2608 1751 2663 de
1774 2623 2142 2680 unoquoque

496 2694 591 2749 die
622 2692 844 2749 dictum
878 2698 984 2760 est,
1007 2692 1338 2765 Septuagies
1363 2694 1570 2764 septies
1598 2701 1821 2764 autem,
1854 2696 1928 2753 de
1954 2698 2143 2753 omni-

492 2782 608 2839 bus
647 2782 846 2837 simul.

568 2873 727 2927 Vers.
758 2877 809 2927 5.
838 2873 913 2927 Et
944 2903 1012 2912 —
1036 2872 1227 2941 ﬁdem.
1258 2878 1501 2943 Appone
1532 2872 1603 2943 ei,
1633 2890 1819 2945 quam
1847 2874 2144 2932 habemus

492 2960 864 3017 deﬁcientem
894 2979 906 3013 :
940 2960 1065 3016 sive
1096 2961 1313 3033 perﬁce
1345 2962 1406 3016 in
1437 2961 1611 3018 nobis
1637 2962 1817 3019 ﬁdem
1843 2980 1979 3035 quae
2006 2970 2062 3020 et
2082 2965 2142 3021 in

490 3056 546 3104 te
560 3050 847 3106 est.Fides
866 3049 1161 3122 siquidem
1182 3051 1395 3121 partim
1416 3067 1451 3106 a
1470 3052 1642 3107 nobis
1656 3052 1959 3119 inducitur
1976 3054 1991 3125 j
2006 3060 2145 3110 uxta

489 3139 571 3205 id,
596 3138 756 3212 quod
781 3140 1023 3197 dicitur:
1049 3140 1222 3196 Fides
1249 3143 1352 3195 tua
1367 3146 1418 3196 te
1441 3141 1664 3196 salvam
1683 3143 1902 3211 fecit";
1928 3143 2143 3215 partim

490 3245 630 3285 vero
656 3246 692 3285 a
720 3232 836 3285 Deo
862 3229 1056 3285 datur.
1085 3230 1177 3284 Ait
1211 3230 1370 3285 enim
1403 3231 1710 3301 apostolus
1733 3232 1950 3288 Paulus
1978 3250 1990 3291 :
2019 3234 2147 3290 Atii

490 3318 715 3391 quidem
725 3335 826 3390 per
836 3319 1118 3389 Spiritum
1129 3318 1498 3375 datursermo
1509 3321 2145 3386 sapientiae;atiisermo

487 3409 749 3463 scientiae
767 3408 1083 3463 secundum
1110 3407 1364 3464 eumdem
1382 3407 1667 3477 Spiritum
1681 3421 1703 3479 ,'
1725 3409 1834 3465 alii
1854 3425 1984 3467 vero
2000 3411 2145 3479 ﬁdes

490 3512 593 3566 per
630 3498 883 3553 eumdem
914 3496 1203 3565 Spiritum
1230 3499 1297 3550 ³³.
1326 3499 1442 3551 Hoc
1490 3513 1632 3565 ergo
1660 3498 1911 3554 scientes
1938 3504 2149 3571 petunt

495 3602 627 3641 eam
652 3585 852 3649 ﬁdem,
887 3600 1021 3655 quae
1062 3601 1098 3639 a
1123 3586 1235 3640 Deo
1267 3584 1463 3649 datur,
1492 3601 1679 3656 quam
1706 3587 1884 3642 etiam
1908 3603 2150 3660 accepe-

495 3678 629 3728 runt
658 3678 790 3743 post
815 3674 1331 3743 superventionem
1365 3673 1612 3743 Spiritus
1640 3675 1826 3729 sancti
1857 3677 1917 3730 in
1951 3677 2150 3749 specie

496 3762 809 3832 ignitarum
824 3760 1178 3830 linguarum.
1203 3760 1341 3815 Ideo
1359 3762 1701 3834 priusquam
1720 3762 1877 3819 hanc
1892 3767 2150 3838 accepis-

501 3855 649 3915 sent,
696 3849 1166 3920 exprobrabatur
1198 3849 1311 3904 illis
1334 3850 1498 3921 quod
1530 3851 1729 3922 pusilli
1759 3859 1954 3909 essent
1988 3855 2104 3910 ﬁde
2135 3871 2148 3911 :

502 3937 825 4009 imperfecti
850 3937 1008 3993 enim
1039 3937 1117 3993 ad
1144 3937 1521 3993 ﬁdem'erant
1549 3954 1560 3995 :
1587 3939 1792 3997 addita
1810 3958 1947 3999 vero
1975 3959 2011 3999 a
2034 3943 2154 4000 Deo

504 4026 671 4095 ﬁdes,
700 4025 977 4100 perfectio
1003 4032 1194 4083 eratet
1219 4025 1589 4084 confirmatio
1607 4028 1742 4085 ﬁdei
1765 4030 1928 4102 prius
1954 4030 2150 4088 illatae.

572 4296 728 4350 Vers.
764 4293 816 4350 6.
852 4295 949 4351 Ait
997 4324 1063 4334 —
1108 4294 1290 4351 vobis.
1343 4292 1404 4349 Si
1450 4293 1747 4351 haberetis
1778 4295 1959 4351 ﬁdem
2004 4297 2156 4355 adeo

500 4390 761 4449 acutam,
816 4383 1232 4440 vehementem
1261 4399 1329 4439 ac
1359 4382 1704 4450 ferventem,
1741 4386 1892 4441 sicut
1915 4391 2000 4441 est
2026 4403 2161 4458 gra-

2245 458 2330 512 λον
2350 459 2537 515 ἀνελεῖν
2568 460 2854 517 ἐϐούλοντο.

2318 548 2443 604 Εἶπε
2499 582 2570 593 —
2648 554 2880 624 ἔρχεται.
2960 549 3308 608 Ἀνένδεκτόν
3348 553 3500 624 ἔστιν,
3560 558 3669 608 ὥστε
3716 562 3765 629 μὴ

2248 637 2428 706 ἐλθεῖν,
2497 644 2677 712 ἤγουν,
2742 644 3023 713 ἀναγκαῖόν
3096 642 3234 694 ἐστιν
3297 643 3469 696 ἐλθεῖν.
3530 643 3639 716 Ἐφη
3690 648 3764 717 γὰρ

2249 734 2337 781 καὶ
2400 728 2447 781 ἐν
2490 740 2562 801 τῷ
2614 740 2910 806 τριακοστῷ
2969 728 3174 805 ἑϐδόμῳ
3229 733 3479 805 κεφαλαίῳ
3539 743 3616 786 τοῦ
3672 739 3769 788 κατὰ

2249 820 2536 871 Ματθαίονο
2603 822 2684 872 ὅτι
2756 821 2891 873 Οὐαὶ
2932 828 3005 891 τῷ
3055 826 3234 893 κόσμῳ
3288 820 3388 875 ἀπὸ
3440 831 3527 874 τῶν
3588 822 3767 876 excidii-

2457 908 2682 980 Ἀνάγκη
2767 911 2864 980 γάρ
2942 908 3081 962 ἐστιν
3166 909 3327 963 ἐλθεῖν
3409 915 3469 963 τὰ
3539 910 3767 965 σκάνδαλα·

2249 995 2381 1053 πλὴν
2438 997 2557 1049 οὐαὶ
2599 1006 2671 1069 τῷ
2718 996 2970 1071 ἀνθρώπῳ
3015 997 3205 1069 ἐκείνῳ,
3240 996 3313 1052 δι’
3353 1000 3412 1052 οὗ
3453 1005 3504 1053 τό
3542 1000 3770 1054 σκάνδαλον

2251 1087 2484 1157 ἔρχεται.
2537 1092 2632 1141 Καὶ
2685 1089 2945 1160 ἀνάγνωθι
2986 1086 3035 1140 ἐν
3078 1086 3249 1160 ἐκείνῳ
3305 1094 3399 1149 τὴν
3450 1087 3698 1165 ἑρμηνείαν,
3736 1089 3773 1144 εὖ

2252 1177 2503 1246 ἔχουσαν.

2248 904 2344 957 λων
2358 952 2369 963 ,

2323 1264 2597 1318 Λυσιτελεῖ
2625 1297 2692 1306 -
2719 1269 2931 1321 τούτων.
2963 1267 3099 1321 Ἐκεῖ
3123 1272 3213 1320 καὶ
3240 1274 3408 1320 ταῦτα
3435 1271 3613 1341 εῖρηται
3637 1273 3776 1343 μικρὸν

2254 1350 2505 1428 ἀνωτέρω,
2536 1359 2625 1406 καὶ
2649 1363 2824 1426 σαφῶς
2853 1353 3253 1430 διηρμήνευται.

2326 1449 2619 1517 Προσέχετε
2640 1444 2863 1505 ἑαυτοῖς.
2898 1450 3208 1519 Προσέχετε,
3232 1452 3432 1518 μήποτε
3458 1443 3777 1505 σκανδαλίσητί

2253 1551 2411 1603 τινας,
2436 1534 2465 1593 ᾖ
2492 1530 2917 1594 σκανδαλισθῆτε
2946 1536 3045 1588 ὑπό
3070 1555 3241 1589 τινων.

2324 1710 2439 1766 Ἐὰν
2483 1710 2542 1767 δί
2600 1744 2665 1753 -
2715 1712 2877 1785 αὐτῷ.
2939 1713 3248 1777 Ἐπίπληξον
3316 1710 3590 1788 ἅδελφικῶς
3632 1734 3676 1768 τι
3715 1735 3783 1767 και

2250 1798 2285 1854 δ
2290 1805 2621 1875 ιορθωτικῶς.

2323 1897 2423 1945 Καὶ
2482 1891 2566 1945 ἐὰν
2633 1923 2697 1933 —-
2748 1892 2909 1964 αὐτῷ.
2962 1892 3019 1946 Ἠ
3072 1896 3320 1966 μετάνοια
3382 1896 3481 1967 γὰρ
3536 1893 3642 1958 ἀξία
3689 1914 3786 1964 wi-

2247 1986 2486 2053 γνώμης.

2324 2076 2423 2124 Καὶ
2497 2070 2580 2123 ἑὰν
2638 2102 2700 2111 -
2754 2070 2977 2144 ἀφήσεις
3039 2072 3202 2143 αὐτῷ.
3275 2080 3359 2125 Δεῖ
3426 2076 3523 2147 γὰρ
3577 2076 3708 2145 ἡμᾶς,
3753 2074 3787 2124 'n

2252 2158 2539 2221 ἀσθενείαις
2601 2164 2749 2222 ὄντας
2821 2166 2909 2213 καὶ
2972 2162 3298 2234 ἡττωμένους
3369 2165 3558 2231 παθῶν,
3619 2162 3790 2232 inmitto

2251 2250 2475 2302 πτεσθαι
2529 2256 2640 2311 τοῖς
2711 2251 2903 2322 ὁμοίως
2981 2253 3279 2322 πάσχουσι,
3349 2256 3419 2304 Τὸ
3477 2250 3532 2305 δε
3596 2251 3791 2309 Ἐπτιέκις

2250 2337 2489 2396 ἐνταῦθα.
2556 2342 2612 2390 τό
2683 2338 2934 2401 Πολλάκις
3014 2337 3185 2404 δηλοῖ,
3277 2346 3560 2407 τουτέστιν,
3622 2340 3792 2399 Ὀσςίκις

2251 2433 2341 2485 τῆς
2432 2428 2627 2499 ἡμέρας
2714 2427 3022 2502 ἁμαρτήσας
3114 2432 3438 2503 μετανοήσῃ,

2251 2516 2373 2586 ἄφες
2432 2515 2589 2585 αὐτῷ.
2642 2522 2742 2569 Καὶ
2791 2516 2926 2568 οὕτω
2985 2516 3201 2589 συνᾴδει
3255 2522 3312 2570 τό
3382 2516 3793 2590 Ἐϐδομηκοντακις

2253 2603 2400 2656 ἑπτά.
2486 2603 2679 2665 ’Ἄλλως
2748 2624 2819 2667 τε,
2893 2609 2951 2658 τό
3023 2610 3111 2677 μὲν
3181 2607 3419 2671 ἑπτάκις,
3478 2606 3549 2679 ἐφ’
3594 2606 3793 2662 Ἐκάστης

2253 2695 2450 2766 ἡμέρας
2506 2697 2734 2768 εἷρηται³
2786 2698 2844 2747 τό
2895 2692 2954 2748 δὲ
3009 2693 3485 2769 Ἐϐδομηκοντάκις
3531 2696 3663 2763 ἑπτὰ,
3700 2698 3795 2766 πρὸς

2252 2785 2447 2842 πάσας.

3540 2431 3792 2486 τοσαυτάκις

2328 2876 2429 2924 Καὶ
2480 2903 2545 2912 -
2598 2876 2802 2929 πίστιν.
2854 2875 3104 2946 Πρόσθες,
3163 2874 3193 2931 ἦ
3243 2876 3456 2947 ἔχομεν,
3504 2878 3590 2931 τὴν
3630 2872 3798 2924 λείπον-

2257 2979 2372 3027 σανι
2433 2964 2593 3032 ἤγουν
2636 2965 2903 3014 τελείωσον
2970 2964 3114 3034 ἡμῶν
3186 2967 3278 3021 τὴν
3334 2970 3511 3016 πίστιν
3576 2967 3658 3019 τὸν
3707 2962 3798 3032 πρὸς

2258 3054 2333 3103 σέ.
2390 3056 2496 3112 Τῆς
2546 3055 2770 3113 πίστεως
2812 3054 2913 3123 γὰρ
2953 3057 3011 3104 τό
3060 3055 3149 3124 μὲν
3193 3055 3314 3125 παρ’
3375 3058 3517 3126 ἡμῶν
3568 3051 3799 3120 εἰσάγεται,

2255 3141 2385 3191 καθὸ
2451 3139 2676 3210 λέγεται,
2734 3146 2811 3193 τό·
2866 3140 2923 3194 Ἠ
2991 3147 3171 3204 πίστις
3228 3162 3324 3194 σου
3389 3145 3576 3195 σέσωκέ
3634 3155 3700 3191 σε’
3760 3140 3799 3187 τὸ

2259 3224 2338 3295 δε,
2394 3232 2535 3300 παρὰ
2577 3237 2670 3281 τοῦ
2726 3234 2852 3282 Θεοῦ
2911 3226 3140 3283 δίδοται.
3170 3236 3307 3289 Φησὶ
3338 3235 3440 3305 γὰρ
3497 3232 3521 3282 ό
3569 3225 3802 3285 ἀπόστολος

2258 3316 2461 3385 Παῦλος
2473 3333 2485 3345 ·
2568 3318 2638 3370 Ὦ
2723 3321 2813 3389 μὲν

2256 3406 2409 3477 λόγος
2485 3412 2671 3479 σοφίας
2704 3426 2716 3439 ·

2912 3316 3005 3372 διὰ
3097 3327 3187 3372 τοῦ
3278 3323 3574 3392 Πνεύματος
3639 3313 3802 3370 δίδοται

2795 3407 2931 3479 ἄλλῳ
3008 3405 3065 3462 δε
3139 3408 3288 3479 λόγος
3368 3415 3636 3480 γνώσεως,
3700 3406 3801 3455 κατὰ

2258 3500 2318 3549 τὸ
2401 3495 2527 3548 αὑτό
2586 3503 2809 3567 Πνεῦμα·
2881 3497 3035 3569 ἑτέρῳ
3116 3494 3173 3550 δὲ
3223 3504 3430 3565 πίστις,
3472 3497 3517 3550 ἐν
3571 3505 3633 3566 τῷ
3698 3492 3801 3559 αὐτῷ

2264 3588 2539 3658 Πνεὺματι.
2608 3592 2772 3637 Τοῦτο
2838 3582 2926 3637 οὖν
2980 3582 3188 3655 εἰδότες,
3242 3586 3458 3640 αἰτοῦσι
3517 3590 3601 3644 τὴν
3654 3582 3699 3635 ἐκ
3735 3586 3801 3632 τον

2262 3682 2397 3727 Θεοῦ
2468 3670 2752 3746 διδομένην
2814 3679 3014 3740 πίστιν,
3061 3676 3123 3734 ἣν
3186 3681 3276 3728 καὶ
3343 3675 3519 3729 ἢαϐον
3571 3677 3683 3747 μετὰ
3734 3674 3801 3724 τήν

2263 3762 2309 3816 ἓν
2358 3760 2486 3816 εῖδει
2537 3768 2762 3837 πυρίνων
2824 3763 3079 3834 γλωσσῶν
3148 3762 3483 3836 ἕπιφοίτησιν
3551 3770 3633 3815 τοὺ
3694 3760 3805 3828 ἁγίαν

2266 3855 2576 3924 Πνεύματος.
2656 3856 2742 3905 Διὸ
2808 3856 2906 3924 πρό
2982 3860 3074 3905 τοῦ
3154 3856 3354 3911 ταύτην
3425 3853 3609 3914 λαϐεῖν,
3680 3848 3799 3915 ὀλιγο-

2264 3946 2478 3994 πιστίαν
2549 3937 2900 4006 ὠνειδὶζοντο,
2959 3944 3048 3992 καὶ
3120 3939 3308 4002 ἀτελεῖς
3381 3940 3515 4000 ἦσαν
3583 3943 3690 4013 πρὸς
3740 3940 3807 3987 τὴν

2268 4036 2466 4085 πίστιν.
2523 4030 2680 4085 ’Ἐστι
2734 4027 2791 4082 δε
2822 4032 2851 4088 ἠ
2909 4032 3050 4103 παρὰ
3114 4038 3207 4083 τοῦ
3280 4039 3421 4085 Θεοῦ
3497 4027 3805 4103 προστιθεμένη

2268 4125 2465 4182 πίστις,
2518 4120 2773 4179 τελείωσις
2823 4128 2919 4180 τῆς
2972 4121 3467 4191 προεισενεχθείσης
3524 4124 3712 4174 πίστεως
3746 4115 3810 4162 καὶ

2270 4208 2526 4283 βεϐαίωσι
2536 4230 2574 4270 ς.

2343 4295 2465 4352 Εἷπε
2526 4329 2593 4339 -
2663 4298 2804 4369 ὑμῖν.
2865 4297 2924 4351 Εἰ
2962 4299 3109 4368 ἔχετε
3166 4298 3247 4364 (2)
3300 4302 3503 4363 πίστιν,
3564 4296 3677 4349 οὕτω
3722 4288 3807 4363 39t-

2269 4396 2439 4458 μεῖαν,
2487 4393 2577 4439 καὶ
2628 4383 2883 4459 σφοδρὰν,
2952 4392 3041 4437 καὶ
3096 4388 3312 4458 θερμὴν,
3360 4391 3430 4449 ὡς
3497 4391 3663 4438 κόκκον
3703 4380 3807 4433 σινά-

502 4490 650 4529 num
680 4472 908 4544 sinapis
934 4484 1098 4543 (nam
1132 4472 1275 4527 illud
1311 4472 1441 4528 talis
1472 4477 1561 4528 est
1595 4473 1922 4546 qualitatis)
1961 4450 2143 4532 move

2272 4495 2426 4538 πεωςο
2501 4480 2742 4537 νοιαύτης
2814 4477 2915 4550 γὰρ
2990 4480 3270 4536 ποιότητος
3347 4477 3497 4537 οὗτος
3570 4476 3809 4545 pataram

502 4563 640 4617 retis
662 4578 807 4618 sane
833 4568 889 4617 et
910 4564 1172 4627 arbores,
1207 4561 1457 4633 illasque
1488 4562 1548 4617 in
1589 4578 1753 4618 mare
1785 4562 2156 4635 plantaretis.

507 4654 625 4707 Hoc
654 4655 854 4706 autem
878 4650 1041 4715 dixit,
1076 4650 1332 4706 laudans
1365 4650 1684 4722 perfectam
1715 4652 1917 4721 ﬁdem,
1951 4662 2005 4709 et
2038 4671 2160 4713 ma-

508 4756 691 4810 gnam
739 4740 869 4811 ejus
899 4740 1242 4811 signiﬁcans
1274 4742 1626 4811 potentiam.
1677 4742 1829 4797 Dixit
1859 4749 2059 4799 autem
2085 4745 2159 4799 de

507 4830 627 4885 ﬁde
658 4833 714 4884 et
735 4844 925 4898 grano
962 4829 1185 4901 sinapis
1214 4830 1390 4885 etiam
1425 4830 1719 4886 tricesimo
1755 4831 1966 4903 quinto
1988 4833 2160 4906 juxta

508 4918 855 4976 Matthtrum
880 4918 1091 4991 capite:
1123 4916 1240 4975 alio
1270 4922 1471 4976 tamen
1485 4919 1801 4977 intellectu.

578 5213 623 5249 ²¹
649 5210 848 5269 Matth-
880 5226 1034 5277 xvui,
1074 5212 1131 5267 7.
1206 5212 1255 5246 ²²
1279 5212 1477 5269 Matth.
1512 5229 1587 5282 ix,
1621 5215 1710 5270 22.

2271 4565 2330 4617 ἆν
2398 4570 2484 4619 καὶ
2544 4569 2609 4617 τὰ
2668 4560 2883 4637 δένδρα,
2938 4568 3027 4616 καὶ
3072 4572 3132 4636 τῇ
3187 4563 3433 4637 θαλάσσῃ
3488 4572 3637 4616 ταῦτα
3683 4575 3808 4627 meu-

2271 4659 2457 4708 τεύετε.
2521 4661 2681 4707 Τοῦτο
2732 4650 2791 4705 δέ
2862 4650 3018 4717 εἶπεν,
3088 4651 3307 4704 ἐπαινῶν
3358 4659 3454 4711 τὴν
3518 4652 3686 4705 τελείαν
3748 4650 3807 4696 πέ-

2276 4764 2405 4809 στιν,
2453 4748 2541 4795 καὶ
2599 4740 2771 4800 δηλῶν
2838 4745 2893 4793 τὸ
2964 4738 3397 4815 μεγαλοδύναμον
3446 4743 3615 4801 αὐτῆς.
3665 4736 3805 4805 Εἶρηκί

2273 4830 2330 4885 δὲ
2388 4838 2504 4907 περὶ
2561 4838 2785 4893 πίστεως
2836 4836 2926 4882 καὶ
2991 4835 3180 4882 κόκκον
3234 4835 3492 4894 σινάπεως
3553 4836 3631 4882 καὶ
3669 4829 3708 4879 ἐν
3756 4830 3805 4888 τῷ

2270 4930 2565 4994 τριακοστῴ
2612 4925 2828 4991 πέμπτῳ
2893 4918 3152 4991 κεφαλαίῳ
3197 4926 3289 4972 τοῦ
3375 4925 3509 4973 κατά
3572 4917 3799 4972 Ματθιῶνι

2268 5011 2399 5070 πλὴν
2421 5011 2538 5064 καθ’
2566 5008 2738 5083 ἑτέραν
2778 5012 2960 5064 ἔννοια.

1788 5213 1837 5249 ³⁸
1874 5214 1913 5269 1.
1946 5215 2077 5271 Cor.
2106 5229 2206 5270 xu.
2243 5217 2274 5271 8

1719 5427 1943 5498 Variae
1964 5427 2291 5496 lectiones
2330 5436 2396 5496 et
2426 5436 2631 5495 notae.

576 5647 657 5721 (2)
687 5653 894 5721 Εἵχετε.
940 5653 1002 5705 Α.
1034 5648 1120 5706 Ita
1167 5647 1524 5706 dissentiunt
1552 5648 1738 5707 etiam
1771 5650 1828 5706 in
1858 5654 2154 5708 contextu.
