3994 6218
183 283 331 342 1045
1194 289 1566 348 COMMENT.
1617 289 1686 346 lN
1727 290 1760 347 L

1975 335 1988 348 .
2030 323 2097 335 —
2138 291 2294 351 CAP.
2340 292 2514 353 XVII.
3415 297 3552 360 1046

254 419 351 478 Τίς
409 445 477 457 --
529 418 904 489 πεποιήκαμεν.
974 417 1070 469 Διά
1119 423 1218 470 τῶν
1285 415 1645 492 προλαϐόντων
1699 415 1831 474 λό-⁴

1973 421 2132 477 Vers.
2165 427 2220 480 7.
2249 420 2386 488 Qui:
2422 453 2489 464 —
2520 424 2684 480 Vers.
2735 423 2818 480 to.
2883 421 3166 482 Fecimus.
3226 424 3548 500 Postquam

180 527 290 578 γων
345 506 421 568 εἰς
472 505 818 581 ἀγαθοεργίαν
875 506 953 579 (3i
999 506 1308 578 παραθήξας
1363 511 1483 570 τοὺς
1529 511 1757 580 μαθητὰς

1968 511 2380 568 incedentibus
2431 513 2812 570 sermonibus
2843 513 2920 571 ad
2958 513 3099 571 boni
3139 517 3545 587 operationem

179 604 270 647 νῦν
301 593 338 648 δ
345 598 397 647 ια
447 605 538 649 τοῦ
569 593 988 671 παραδείγματος
1038 598 1225 648 τούτου
1278 603 1527 668 κατασπᾷ
1563 602 1621 649 τό
1656 617 1756 672 παρ

1970 601 2228 673 scipulos
2257 603 2524 659 exacuit:
2556 603 2668 659 hoc
2698 619 2860 660 nunc
2890 605 3180 677 exemplo,
3208 606 3547 676 jactationis

183 691 432 758 επόμενον
511 689 672 758 ταύτῃ
748 687 913 748 πάθος
993 694 1089 747 τῆς
1163 684 1402 750 οἰήσεως,
1489 682 1760 738 διδάσκων

1964 689 2198 756 fectum,
2250 693 2352 764 qui
2384 692 2536 749 hanc
2585 693 2992 766 consequitur,
3044 694 3263 758 avellit,
3297 695 3541 762 docens,

179 776 281 840 ὅτι,
336 778 510 849 ὥσπερ
583 771 756 837 οὐδεὶς
815 778 900 827 τὸν
951 773 1277 847 ἀποτριῶντα
1350 777 1379 831 ἧ
1448 779 1756 846 ποιμαίνοντη

1969 781 2056 835 ιοὰ
2088 781 2236 836 sicut
2281 781 2480 836 nullus
2513 798 2753 837 servum
2803 799 2980 839 suum
3013 788 3279 840 arantem
3319 788 3422 840 aut
3443 799 3546 856 pa-

181 861 373 917 δοῦλον
421 865 602 931 αὐτοῦ,
633 870 722 917 καὶ
764 863 818 927 ἕξ
844 863 1006 936 ἀγροῦ
1055 863 1366 929 εἰσελθόντα,
1417 873 1571 936 τιμῆς
1626 863 1758 928 ἀξιοῖ

1966 875 2176 935 antem,
2197 875 2332 926 etex
2355 886 2500 940 agro
2517 870 2766 925 domum
2798 877 3203 938 revertentem,
3225 873 3543 930 honor-edi-

179 951 280 1006 διὰ
336 958 424 1006 τόν
455 962 686 1006 τοιοῦτον
737 958 916 1019 κόπον,
981 952 1110 1005 ἀλλὰ
1161 952 1316 1005 πάλιν
1363 951 1638 1016 ἐπιτάττει,
1694 974 1756 1005 κα

1962 975 2078 1013 ium
2110 958 2273 1014 ducit
2320 959 2400 1014 ob
2443 959 2793 1029 hujusmodi
2843 960 3136 1029 laborem,
3170 962 3272 1018 sed
3305 979 3539 1018 rursum

177 1049 277 1101 τὴν
363 1043 830 1116 προσοφειλομένην
913 1042 1120 1096 ἀπαιτεῖ
1186 1039 1441 1106 δουλείαν,
1515 1048 1603 1095 καὶ
1666 1039 1754 1095 οῦδ

1967 1049 2073 1112 bet,
2109 1064 2178 1102 ac
2206 1047 2472 1102 debitam
2513 1049 2711 1104 adhuc
2739 1049 2916 1118 exigit
2945 1051 3308 1114 servitutem,
3352 1056 3408 1106 et
3435 1066 3544 1107 nec

175 1135 349 1194 οὕτως
393 1133 534 1202 αὐτῷ
582 1136 742 1206 χάριν
782 1135 932 1203 ἔχει’
983 1135 1070 1184 τόν
1101 1131 1255 1183 αὐτὸν
1303 1133 1406 1204 ἄρα
1455 1135 1642 1204 τρόπον
1692 1151 1752 1183 κα

1966 1136 2084 1191 :illi
2111 1137 2361 1207 gratiam
2399 1137 2620 1203 habet;
2673 1137 2748 1193 ad
2781 1137 3069 1194 eumdum
3113 1153 3260 1194 sane
3292 1138 3543 1196 modum

172 1225 201 1275 ὁ
247 1228 401 1284 Θεός.
443 1221 604 1274 Ὠστε
654 1224 789 1274 κατὰ
818 1225 902 1273 τόν
951 1229 1042 1273 τοῦ
1091 1217 1302 1272 δικαίου
1328 1221 1497 1292 λόγον,
1549 1228 1658 1282 τοῖς
1692 1225 1749 1293 μὶ

1997 1226 2165 1281 Deus.
2202 1230 2406 1298 Itaque
2435 1225 2766 1282 secundum
2796 1226 3038 1297 justitim
3069 1243 3404 1284 sermonem
3451 1228 3543 1284 his

176 1316 249 1383 μὴ
307 1312 574 1384 πληροῦσι
607 1313 670 1363 τὰ
723 1314 1147 1384 προστεταγμένα
1188 1306 1422 1370 κίνδυνος
1472 1308 1744 1362 ἀπόκείται

1961 1316 1990 1370 Ii
2022 1323 2311 1386 praecepta
2341 1331 2461 1370 non
2485 1315 2836 1388 adimplent,
2871 1316 3202 1388 periculum
3230 1317 3538 1374 imminet:

174 1408 285 1460 τοῖς
354 1397 413 1453 δε
470 1399 758 1472 πληροῦσιν
828 1399 978 1464 αὐτὰ,
1034 1401 1196 1473 χάρις
1245 1395 1489 1471 οὐδεμία.
1567 1403 1666 1452 Καὶ
1720 1417 1751 1450 οη

1966 1420 2022 1460 ιιι
2053 1421 2194 1460 vero
2222 1403 2614 1476 implentibus,
2645 1406 2834 1474 gratia
2862 1404 3045 1469 nulla,
3088 1421 3198 1461 nec
3227 1411 3543 1478 propterea

167 1495 281 1561 χρὴ
345 1487 438 1542 διὰ
483 1498 636 1542 τοῦτο
687 1493 822 1562 μέγα
865 1496 1080 1562 φρονεῖν,
1137 1490 1258 1558 ὅπερ
1319 1488 1488 1549 καλῶς
1550 1484 1702 1549 εἰδὼς

1967 1493 2086 1548 tolli
2117 1499 2364 1566 Oportet.
2401 1493 2570 1558 Quod
2591 1494 2737 1549 bene
2767 1495 2963 1549 sciens
2992 1495 3208 1551 Paulus
3238 1495 3539 1566 apostolus

167 1579 466 1641 ἀπόστολος
527 1578 726 1639 Παῦλος
772 1579 936 1649 ἔλεγεν
995 1579 1095 1642 ὃτι,
1151 1577 1267 1630 Ἐὰν
1339 1576 1744 1648 εὐαγγελίζωμαι

211 1669 223 1685 ,
333 1671 354 1686 .,
755 1670 766 1681 .
960 1684 969 1686 μ
1051 1665 1064 1680 .
1125 1669 1136 1681 .
1230 1685 1235 1686 γ
1365 1669 1409 1686 ,γ
1529 1685 1565 1686 η
1662 1663 1736 1686 εμ.

1960 1583 2123 1638 cebat
2152 1600 2164 1637 :
2187 1585 2255 1639 Si
2285 1582 2670 1651 Evangeiium
2684 1584 2952 1653 practice,
2974 1600 3092 1640 non
3105 1591 3206 1646 est.
3231 1585 3391 1656 quod
3405 1584 3537 1641 inde

164 1669 265 1720 οὐκ
331 1671 447 1720 ἔστι
520 1687 608 1740 μοι
671 1670 971 1740 καύχημαο
1042 1665 1240 1738 ἀνάγκη
1320 1669 1418 1738 γὰρ
1481 1685 1570 1738 μοι
1657 1663 1736 1717 ἕπί

1960 1673 2095 1727 irier
2139 1691 2153 1739 ;
2197 1672 2507 1728 necessitas
2547 1672 2828 1742 siquidem
2860 1673 3010 1729 mihi
3060 1673 3395 1730 incumbit!
3451 1687 3537 1731 va!

161 1775 382 1810 κειται⁶
441 1757 560 1808 οὐαὶ
631 1759 732 1829 γάρ
800 1776 891 1829 μοι
970 1756 1129 1816 ἐστὶν,
1217 1755 1303 1807 ἰὰν
1364 1759 1434 1827 μὴ
1512 1753 1738 1826 εὐαγγελι

1956 1763 2035 1816 im
2061 1761 2209 1818 mihi
2237 1766 2338 1827 est,
2372 1761 2425 1815 si
2447 1761 2837 1832 Erangelium
2863 1778 2982 1818 non
3013 1763 3412 1832 prcedicavero
3437 1765 3485 1800 ³⁸
3518 1779 3532 1819 :

163 1846 368 1917 ζωμαι.
429 1845 568 1904 Πλὴν
621 1845 818 1917 ἀγαθὸς
847 1850 915 1897 ὧν
965 1847 990 1897 ὀ
1040 1849 1190 1909 Θεὸς,
1243 1848 1333 1897 καὶ
1381 1851 1490 1905 τοῖς
1543 1840 1740 1903 δούλοις

1958 1855 2154 1906 tamen
2192 1867 2327 1906 cum
2390 1850 2584 1906 bonus
2633 1851 2709 1906 sit
2756 1852 2930 1912 Deus,
2992 1852 3191 1915 servis.
3243 1857 3535 1923 tanquam

161 1939 236 1997 ὡς
273 1937 536 2006 μισθίοις,
603 1939 966 2009 προσφέρεται,
1004 1939 1091 1987 καὶ
1146 1939 1238 1992 τὴν
1305 1930 1540 1986 δουλείαν
1605 1932 1738 1984 αῦτώ

1957 1939 2282 2005 ercenariis,
2316 1940 2516 2006 utitur,
2541 1943 2597 1995 et
2625 1938 2966 1996 servitutem
2993 1939 3228 1995 illorum
3262 1941 3534 1997 mercede

158 2027 346 2096 μισθῴ
399 2023 688 2096 ἀμείϐεται,
741 2030 831 2077 καὶ
887 2029 980 2082 τὴν
1032 2023 1357 2096 ὀφειλομένην
1397 2022 1657 2096 λατρείαν,
1704 2024 1735 2072 ὡ

1958 2029 2153 2100 pendit
2177 2047 2190 2084 :
2224 2045 2294 2084 ac
2313 2027 2968 2100 debitumobsequium.
2987 2033 3278 2100 tanquam
3307 2027 3535 2085 facinus

162 2115 490 2188 κατόρθωμα
547 2110 786 2185 δέχεται,
835 2117 924 2165 καὶ
965 2117 1093 2185 γέρα
1124 2109 1350 2164 δίδωσιν
1401 2109 1737 2185 ὑπερϐαίνοντ-

1962 2118 2490 2189 regium,suscipit,
2517 2123 2573 2172 et
2598 2116 3154 2188 prmmiumtribuit,
3183 2117 3346 2189 quod
3375 2116 3535 2174 labo-

162 2207 284 2263 τοῦς
366 2205 657 2276 καμάτους.
723 2209 864 2273 Νικᾴ
913 2204 1014 2276 γὰρ
1069 2203 1098 2259 ἠ
1151 2200 1411 2272 ἀγαθότης
1484 2199 1643 2252 αὑτοῦ
1713 2219 1739 2252 τ

1952 2225 1975 2262 s
2001 2207 2180 2263 etiam
2211 2206 2478 2262 excedat.
2512 2205 2704 2262 Vincit
2729 2221 2993 2280 namque
3031 2205 3264 2263 bonitas
3293 2206 3420 2278 ejus
3450 2206 3529 2271 id,

162 2288 398 2345 δίκαιον.

1880 2295 2044 2369 quod
2070 2295 2296 2366 justum
2329 2299 2415 2349 est
2443 2300 2496 2350 et
2528 2307 2791 2365 aequum.

495 2387 641 2434 ΚΕΦ.
683 2380 752 2434 Ξ.
788 2385 912 2454 Περὶ
940 2387 1040 2431 τῶν
1068 2376 1197 2432 δέκα
1232 2378 1446 2453 λεπρῶν.

2236 2384 2387 2440 CAP.
2424 2385 2538 2440 LX.
2567 2385 2650 2440 De
2673 2383 2867 2440 decem
2909 2383 3173 2452 leprosis.

237 2475 341 2524 Καὶ
420 2469 614 2541 ἐγένετο
676 2501 746 2510 -—
804 2469 981 2542 λεπροὶ
1050 2465 1257 2542 ἄνδρες.
1321 2470 1387 2519 Οἱ
1452 2466 1591 2520 ἐννέα
1655 2470 1765 2540 μεν,

1952 2475 2111 2529 Vers.
2142 2474 2227 2529 ll.
2254 2475 2330 2530 Et
2357 2475 2588 2544 factum
2607 2479 2687 2529 est
2725 2503 2785 2513 —-
2812 2473 2977 2528 Vers.
3009 2473 3094 2528 12.
3133 2473 3389 2542 Leprosi.
3423 2475 3529 2530 No-

159 2557 426 2612 Ἰουδαῖοι
458 2555 592 2617 ἦσαν
615 2573 631 2588 ⁹
685 2561 710 2610 ὀ
742 2555 800 2611 δὲ
827 2561 895 2619 εἷς
943 2567 1280 2632 Σαμαρείτης.
1327 2556 1385 2610 Ἦ
1421 2561 1662 2609 κοινωνία
1708 2554 1736 2609 δ

1955 2581 2012 2619 m
2027 2563 2266 2634 quidem
2286 2567 2451 2618 erant
2465 2562 2677 2626 Judaei,
2697 2577 2852 2617 unus
2868 2566 3070 2617 autem
3089 2562 3529 2629 Samaritanus;

158 2658 260 2709 τῆς
317 2653 477 2700 νόσου
511 2652 624 2701 τότε
657 2650 997 2722 συνήθροισεν
1042 2646 1250 2711 αὐτοῦς,
1305 2644 1647 2712 ἀκούσαντας,
1685 2648 1735 2699 ὅτ

1952 2653 2071 2708 orbi
2105 2667 2242 2707 vero
2291 2651 2756 2708 communicatio
2811 2656 2951 2706 tunc
2994 2665 3098 2706 eos
3131 2651 3529 2719 adunaverat,

158 2733 442 2810 διέρχεται
474 2739 499 2789 ό
525 2742 775 2809 Χριστός.

1875 2741 2083 2798 audito
2122 2739 2284 2812 quod
2321 2740 2704 2812 pertransiret
2733 2738 3013 2795 Christus.

232 2827 299 2878 Οἱ
332 2829 562 2884 ἔστησαν
596 2825 874 2900 πόρρωθεν.
901 2823 989 2885 Ὠς
1026 2824 1336 2898 ἀκάθαρτοι.

1949 2831 2107 2885 Vers.
2126 2831 2211 2882 1'2.
2228 2829 2337 2894 Qui
2346 2835 2634 2884 steterunt
2643 2828 2875 2897 procul.
2890 2833 3188 2898 Tanquam
3208 2825 3526 2882 immundi.

232 2922 339 2968 Καὶ
386 2946 455 2956 -
510 2918 672 2988 ἡμᾶς.
729 2915 1035 2981 Ἐπιστάτα,
1090 2917 1230 2979 ἤτοι,
1292 2915 1446 2986 Κύριε
1499 2916 1528 2971 ἦ
1590 2907 1760 2965 διδά-

1952 2919 2108 2975 Vers.
2144 2919 2230 2974 i3.
2264 2919 2340 2973 Et
2391 2947 2462 2962 —
2493 2916 2697 2976 nostri.
2746 2915 3052 2982 Ἐπιστάτα,
3103 2915 3217 2972 hoc
3264 2919 3370 2982 est,
3419 2915 3529 2972 do-

155 3005 341 3058 σκαλε.
1795 2992 1834 3046 C
1875 3007 2054 3076 mine,
2083 3010 2411 3079 praeceptor
2444 3010 2548 3062 aut
2577 3005 2882 3075 magister.

231 3100 338 3147 Καὶ
393 3089 519 3146 ἰδὼν
581 3124 645 3134 -
706 3095 915 3167 ἱερεῦσι.
985 3097 1156 3150 Marino)
1205 3092 1498 3164 καθαρίσας
1573 3090 1762 3150 αὐτοὺς

1947 3097 2101 3152 Vers.
2135 3097 2221 3151 Η.
2247 3095 2395 3163 Quos
2428 3100 2493 3150 ut
2525 3093 2666 3152 vidit
2693 3125 2761 3135 —
2789 3093 3213 3150 sacerdotibus.
3247 3091 3524 3150 Nondum

148 3189 351 3256 πέμπει
411 3182 952 3255 ἐμφανισθησομὲνους
1005 3189 1108 3240 τοῖς
1168 3182 1408 3254 ἱερεῦσιν,
1469 3184 1533 3240 ὡς
1582 3178 1630 3231 ἓν
1687 3199 1725 3231 τι

1948 3184 2185 3240 indavit
2209 3200 2327 3250 eos,
2357 3183 2460 3239 sed
2491 3183 2667 3240 mittit
2699 3182 3108 3239 sacerdotibus
3141 3182 3525 3238 manifestam

145 3274 476 3344 πορεύεσθαι
537 3271 810 3342 μέλλοντας
873 3271 1280 3344 καθαρισθῆναι.
1327 3277 1492 3322 Τοῦτο
1560 3265 1619 3320 δε
1673 3289 1722 3321 πε

1951 3291 1999 3336 s,
2040 3278 2104 3328 ut
2148 3273 2299 3328 inter
2342 3271 2608 3327 eundum
2643 3271 3096 3328 mundarentur.
3148 3271 3268 3326 Hoc
3321 3276 3522 3328 autem

145 3370 362 3425 ποίηκε,
408 3358 710 3431 δοκιμάζων
757 3365 850 3417 τὴν
889 3364 1067 3412 πίστιν
1099 3358 1286 3412 αὐτῶν.
1337 3361 1404 3410 Οἱ
1452 3354 1510 3411 δὲ
1547 3360 1722 3410 πιστεί

1942 3363 2002 3418 :it
2030 3362 2297 3435 probans
2324 3361 2501 3416 ﬁdem
2553 3360 2816 3416 illorum.
2886 3359 2970 3415 Illi
3027 3376 3168 3417 vero
3197 3358 3519 3425 credendo,

149 3471 360 3519 σαντες,
407 3453 487 3503 ὅτι
527 3447 748 3502 δύναται
794 3452 1163 3522 πορευομένους
1211 3448 1401 3509 αὐτοὺς
1442 3449 1726 3519 καθαρίσαι

1949 3453 2023 3508 od
2050 3451 2252 3508 eundo
2274 3456 2478 3523 posset
2503 3449 2638 3506 ilios
2670 3449 2984 3516 mundare,
3027 3450 3195 3506 ibant
3219 3465 3340 3518 non
3369 3448 3523 3520 diju-

141 3539 488 3600 ἀιδιστάκτως
554 3535 822 3599 ἐϐάδιζον.
884 3538 1261 3610 Ἐνεῳανίζοντο
1321 3534 1379 3590 δε
1429 3544 1534 3597 τοῖς
1601 3539 1718 3610 ἱερεί

1941 3547 2134 3598 cantes
2163 3541 2237 3596 de
2263 3541 2390 3612 ejus
2421 3545 2737 3612 praecepto.
2767 3539 3298 3596 Manifestabantur
3317 3543 3518 3596 autem

144 3651 232 3684 σιν
288 3633 342 3682 οἱ
398 3629 817 3704 καθαρισθέντες,
878 3627 961 3679 ἶνα
1014 3628 1134 3700 παρ’
1191 3627 1357 3678 αὐτῶν
1420 3625 1721 3699 όνομασθώο

1941 3631 2297 3696 cerdotibus,
2324 3630 2428 3702 qui
2455 3629 2938 3694 mundatierant,
2981 3634 3047 3684 ut
3071 3627 3149 3684 ab
3175 3627 3286 3684 illis
3310 3627 3518 3684 mundi

140 3723 398 3794 καθαροὶ,
441 3723 530 3770 καὶ
574 3717 753 3769 λοιπόν
798 3719 1185 3790 προσενέγκωσι
1231 3717 1438 3780 θυσίαν,
1483 3718 1617 3768 κατὰ
1665 3719 1717 3768 τό

1944 3725 2197 3777 :erentur
2237 3725 2340 3785 ;et
2366 3725 2502 3776 tunc
2549 3719 2722 3790 juxta
2760 3719 2954 3790 legem
3004 3717 3264 3774 hostiam
3313 3715 3521 3774 θεῖοι-θ-

140 3816 326 3862 νόμον.

1860 3810 2021 3866 bant.

222 3903 326 3951 Καὶ
359 3895 552 3967 ἐγένετο
594 3926 660 3936 -
690 3897 778 3946 τὸν
826 3899 974 3950 Θεόν.
1014 3898 1186 3964 Μέγαν
1237 3896 1326 3966 μεν
1355 3895 1456 3968 γὰρ
1495 3913 1628 3958 τινα,
1661 3898 1751 3948 καὶ

1939 3899 2094 3953 Vers.
2127 3901 2208 3953 14.
2252 3898 2326 3951 Ει
2353 3897 2572 3954 accidit
2609 3926 2677 3937 -—
2708 3896 2869 3952 Vers.
2903 3895 2987 3950 15.
3021 3897 3206 3952 Deum
3234 3895 3516 3964 Magnum

140 3982 598 4059 μεγαλοδύναμον,
641 3987 728 4036 τόν
765 3986 990 4056 Χριστόν
1021 3986 1285 4035 ἐπίστευον
1335 3979 1483 4047 εἶναι,
1517 3986 1659 4034 οὔπω
1690 3980 1717 4035 δ

1945 3988 2184 4042 emdam
2224 4003 2292 4041 ac
2325 4002 2562 4055 magum
2593 3987 2870 4058 potentia:
2910 3984 3163 4041 credens
3192 3999 3322 4041 esse
3360 3983 3519 4040 Chri'

136 4082 233 4128 καὶ
266 4078 420 4147 φύσει
454 4079 604 4128 θεόν.

1857 4081 2038 4132 stum.
2071 4073 2342 4129 nondum
2381 4081 2580 4130 tamen
2613 4082 2827 4130 natura
2857 4074 3065 4128 Deum.

217 4170 323 4218 Καὶ
381 4167 555 4216 ἔπεσεν
621 4193 690 4202 -
753 4161 915 4231 αὐτῷ.
985 4161 1334 4234 Καθαρισθεὶς
1408 4162 1533 4233 γὰρ,
1595 4159 1747 4220 ἐπλη-

1936 4163 2090 4218 Vers.
2122 4165 2201 4218 t6.
2231 4163 2304 4219 Et
2326 4163 2581 4234 procidit
2608 4193 2668 4203 —
2695 4163 2810 4220 illi.
2831 4161 2974 4218 Cum
3003 4161 3162 4217 enim
3191 4159 3513 4217 mandatus

139 4259 326 4308 σίασε.

1854 4255 2028 4316 esset,
2052 4251 2178 4322 jam
2212 4251 2761 4323 appropinquabat.

213 4348 319 4397 Καὶ
394 4341 548 4401 αὐτὸς
637 4372 699 4380 —
763 4341 788 4392 ό
868 4337 1142 4410 ἀλλογενὴς
1231 4338 1398 4400 οὗτος.
1487 4338 1790 4402 Ἐντεῦθενι

1931 4341 2092 4395 Vers.
2131 4342 2214 4396 l6.
2237 4341 2306 4395 Et
2333 4341 2426 4396 hic
2448 4371 2509 4380 —
2534 4340 2695 4394 Vers.
2724 4341 2807 4394 18.
2835 4338 2943 4394 Hic
2967 4336 3325 4408 alienigena.
3362 4336 3508 4393 Hinc

133 4431 353 4496 ἔδειξεν,
411 4433 493 4483 ότι
567 4431 1030 4501 εὐγνωμονέστεροι
1113 4435 1210 4478 τῶν
1280 4425 1546 4480 Ἰουδαίων
1610 4430 1710 4482 εἰσι

1926 4430 2126 4494 tendit,
2173 4429 2337 4501 quod
2380 4428 2574 4498 magis
2611 4429 2760 4500 grati
2819 4432 2960 4482 sunt
3009 4425 3276 4498 gentiles,
3320 4440 3503 4497 quam

130 4524 184 4574 οἱ
211 4521 264 4584 ἐξ
296 4520 472 4573 ἐθνῶν.
505 4519 721 4573 Ἐκεῖνοι
747 4521 848 4592 γὰρ
887 4517 1078 4570 αὐτίκα
1119 4525 1208 4576 τῆς
1234 4516 1532 4590 εὐεργεσίας
1577 4519 1707 4578 λήθη

1927 4519 2029 4576 diei
2059 4536 2070 4575 :
2105 4520 2161 4574 hi
2187 4519 2340 4575 enim
2372 4518 2731 4576 beneﬁcium
2765 4516 3052 4575 continuo
3081 4513 3365 4571 oblivioni
3393 4519 3504 4572 tra-

130 4610 401 4673 λαϐόντες,
441 4608 728 4681 ἀχάριστοι
751 4612 841 4660 καὶ
883 4613 1002 4683 περὶ
1030 4609 1118 4658 τὸν
1150 4610 1355 4680 Πατέρα
1382 4613 1605 4680 καὶπερὶ
1654 4612 1707 4661 τό

1929 4614 2078 4672 ntes,
2113 4607 2328 4677 ingrati
2361 4613 2415 4664 et
2435 4623 2577 4678 erga
2611 4611 2838 4664 Patrem
2869 4611 3080 4675 eterga
3100 4603 3307 4661 Filium
3321 4618 3502 4677 appa-

131 4702 257 4754 Υὶόν
289 4699 574 4771 ἐφάνησαν.

501 4718 574 4753 αν.
1848 4697 2030 4753 reban
2043 4703 2078 4751 t.

211 4793 311 4842 Καὶ
343 4785 478 4840 εἶπεν
508 4818 574 4827 -
617 4790 812 4838 σέσωκέ
842 4804 915 4840 σε.
952 4789 1052 4838 Καὶ
1081 4788 1184 4857 μὴν
1206 4782 1472 4845 κάκείνους
1502 4786 1530 4842 ἡ
1565 4789 1739 4846 πίστις

1918 4787 2077 4842 Vers.
2120 4790 2200 4841 19.
2231 4785 2300 4839 Ει
2325 4786 2408 4840 ait
2445 4815 2507 4823 —-
2550 4791 2604 4841 te
2655 4785 2885 4840 salvum
2923 4782 3084 4853 fecit.
3116 4781 3290 4854 Atqui
3321 4781 3495 4839 etiam

125 4878 308 4930 αὐτῶν
359 4881 604 4929 σέσωκεν.
665 4874 826 4930 Ἀλλὰ
857 4879 1036 4927 πιστοὶ
1067 4877 1156 4947 μεν
1204 4875 1253 4926 οὶ
1303 4869 1450 4936 δέκα,
1487 4878 1640 4945 μόνος
1679 4871 1702 4926 δ

1922 4890 1980 4930 es
2012 4875 2158 4930 tides
2189 4890 2394 4931 eorum
2424 4872 2624 4928 salvos
2653 4872 2926 4929 eﬂecerat
2961 4889 2973 4928 :
3007 4871 3114 4927 sed
3135 4870 3342 4928 ﬁdeles
3373 4873 3499 4945 qui—

123 4968 282 5027 οὗτος
315 4967 604 5038 εὐγνώμων.

1924 4981 1978 5018 m
2021 4965 2229 5018 decem
2279 4961 2532 5025 fuerunt,
2562 4961 2734 5017 'solus
2766 4966 2964 5016 autem
3009 4960 3104 5015 hic
3131 4965 3337 5029 gratus
3367 4959 3495 5016 fuit.

203 5055 577 5128 Ἐπερωτηθεὶς
662 5084 731 5092 -
794 5060 886 5105 τοῦ
966 5059 1120 5106 Θεοῦ.
1197 5047 1408 5109 Ἐπειδή
1491 5050 1738 5116 πολλάκις

1921 5055 2073 5109 Vers.
2107 5052 2613 5123 20.1nterrogatus
2643 5082 2710 5094 —-
2738 5050 2855 5109 Dei.
2875 5051 3026 5130 Quia
3043 5049 3381 5122 frequenter
3394 5050 3498 5106 do-

119 5141 396 5210 ἐδίδαξεν,
452 5145 534 5196 ὅτι
590 5146 806 5215 ἧῃικεν
876 5143 906 5200 ἡ
961 5139 1206 5214 βασιλεία
1268 5148 1356 5194 τοῦ
1415 5145 1563 5207 Θεοῦ,
1618 5161 1696 5215 περ

1924 5147 2068 5209 erat,
2087 5143 2308 5198 instare
2324 5155 2578 5212 regnum
2594 5140 2691 5196 Dei
2723 5139 2798 5196 de
2819 5139 2953 5212 ipso
2965 5138 3076 5196 hoc
3092 5137 3298 5194 dicens
3313 5153 3326 5205 ;
3341 5153 3495 5196 nunc

203 5325 249 5359 "
284 5323 457 5379 lCor.
492 5337 569 5392 ix,
602 5322 688 5376 16.

1346 5497 1571 5567 Variae
1600 5497 1925 5567 lectiones
1956 5508 2020 5567 et
2050 5507 2252 5566 notae.

197 5701 274 5772 (3)
314 5697 685 5773 Ἀγαθοεργίας
714 5701 776 5754 Α.
1905 5696 1984 5768 (4)
2009 5696 2494 5770 Φωνηθησομίνους.
2540 5696 2598 5751 Β.
2632 5694 2749 5751 Sic.
