3994 6218
166 280 190 338 1
201 279 312 339 049

1074 251 1076 254 ’
1157 282 1525 343 COMMENT.
1569 283 1640 342 IN
1679 282 1945 342 LUCAM.
1986 319 2054 330 —
2094 287 2245 344 CAP.
2291 289 2457 346 xvu.

3406 259 3545 350 4050

162 411 280 460 Νῶε
345 409 436 460 καὶ
492 405 577 462 ἰπὶ
636 413 775 475 Λὼτ,
824 418 1125 484 τρυφῶντας
1191 415 1282 463 καὶ
1344 408 1766 483 ἆμεριμνοῦνταςι

1895 413 2219 470 admodum
2260 432 2384 483 eos,
2436 415 2538 490 qui
2598 415 2838 472 fuerunt
2895 415 3259 490 temporibus
3307 418 3431 473 Noe
3488 424 3546 473 et

160 500 287 558 τοὺς
345 501 436 568 μεν
479 499 873 573 κατακλυσμὸς,
922 504 1043 563 τοὺς
1095 497 1154 553 δε
1208 508 1312 573 πῦρ
1355 504 1444 551 καὶ
1495 500 1624 551 θεῖον
1665 493 1774 550 διέ-

159 587 402 660 φθειραν,
477 587 751 662 οὐρανόθεν
843 585 1099 661 αἰφνίδιον
1171 590 1566 660 κατενεχθέντα·
1643 586 1776 638 οὕτω

158 680 256 728 καὶ
337 675 424 728 ἐπὶ
502 685 598 739 τῆς
651 674 893 748 δευτέρας
964 683 1254 752 παρουσίας
1314 685 1612 749 τρυφῶντας
1688 679 1778 727 καὶ

161 763 575 838 ἆμεριθανοῦντας
624 767 826 840 ὄλεθρος
871 765 1132 841 αἰφνίδιος
1190 765 1570 837 καταλήψεται.
1627 772 1776 817 Θείον

163 850 229 907 δέ
286 853 417 921 ἔστι,
477 859 533 908 τὸ
590 856 855 930 λεγόμενον
915 858 1162 930 θειάφιον,
1219 857 1416 932 λιπαρὰ
1470 859 1631 930 τροφὴ
1685 861 1777 906 τοῦ

162 963 357 1016 πῦρος.

241 1121 325 1174 Ἐν
369 1151 434 1164 -
479 1115 602 1194 ἆραι
652 1122 803 1177 αὐτοί.
857 1122 916 1176 ὀ
969 1131 1059 1184 τῆς
1102 1125 1244 1176 κάτω
1297 1119 1572 1195 διατριϐῆς
1624 1123 1776 1193 ὑπερ-

163 1213 364 1282 αρθεὶς,
420 1216 509 1263 καὶ
560 1211 759 1282 ὑψηλος
803 1221 876 1283 τῷ
923 1211 1025 1286 βίῳ
1063 1218 1344 1284 γενόμενος,
1393 1212 1453 1264 οὗ
1510 1214 1576 1264 τὰ
1631 1213 1772 1268 παθη

164 1298 216 1350 ἐν
274 1308 351 1370 τῷ
425 1306 608 1371 κόσμῳ
683 1301 1112 1374 κατελείφθησαν,
1186 1300 1264 1364 οἷς
1334 1300 1588 1375 ἐκέχρητο
1646 1304 1776 1374 πρὸς

165 1388 424 1462 ἐργασίαν
454 1397 544 1448 τῆς
570 1387 849 1463 ἁμαρτίας,
873 1396 944 1463 μὴ
976 1389 1255 1443 καταϐάτω
1286 1385 1410 1465 ἆραι
1454 1391 1605 1443 αῦταο
1649 1388 1776 1442 ἀλλὰ

163 1483 360 1549 μενέτω
391 1477 476 1531 ἐπὶ
519 1487 614 1540 τῆς
647 1478 991 1550 ὑψηλότητος,
1023 1486 1112 1533 καὶ
1141 1485 1450 1557 περιμενέτω
1497 1484 1583 1533 τὸν
1627 1499 1772 1533 κατε·

165 1572 399 1639 χάμενον
433 1571 638 1642 Κύριον.

241 1661 346 1709 Καὶ
391 1658 417 1708 ὀ
458 1687 525 1697 -
582 1657 779 1714 ὀπίσω.
829 1657 888 1710 Ὀ
941 1657 989 1710 ἓν
1032 1667 1104 1728 τῷ
1161 1658 1275 1731 (10)
1329 1657 1774 1733 ἀνακεχωρημένῳ

1889 504 2008 568 Lot,
2039 503 2092 558 in
2125 504 2348 560 deliciis
2381 513 2625 575 agentes
2675 522 2745 561 ac
2800 523 3039 563 securos
3081 506 3362 578 perdidit,
3410 506 3542 563 illos

1885 592 2131 664 quidem
2161 595 2475 660 diluvium,
2508 595 2619 650 hos
2654 611 2792 651 vero
2820 596 2968 666 ignis
3003 603 3059 652 et
3079 596 3349 668 sulphur,
3379 596 3543 653 coeli-

1889 685 1979 736 tus
2011 691 2247 755 repente
2273 684 2532 739 demissa
2566 703 2578 738 :
2610 684 2690 740 ita
2734 690 2792 740 et
2829 701 2956 755 eos,
3000 687 3102 758 qui
3136 692 3403 754 tempore
3457 701 3544 740 se-

1885 771 2065 826 cundi
2079 772 2370 828 adventus
2392 779 2585 839 erunt,
2615 775 2674 829 in
2695 775 2916 830 deliciis
2931 779 3175 843 agentes
3191 790 3259 828 ac
3274 791 3539 838 securos,

1887 861 2132 932 perditio
2162 864 2471 934 repentina
2500 863 2926 934 deprehendet.
2962 866 3112 918 Θεῖον
3143 869 3364 928 autem,
3422 862 3541 919 sive

1888 952 2114 1020 θειάφιον
2141 952 2323 1024 (quod
2355 967 2466 1008 nos
2488 952 2750 1023 sulphur
2774 952 3057 1025 dicimus)
3097 953 3405 1023 egregium
3453 958 3542 1010 est

1885 1040 2041 1111 ignis
2070 1043 2525 1098 nutrimentum.

1955 1132 2117 1187 Vers.
2159 1132 2250 1187 3l.
2286 1131 2355 1187 In
2379 1162 2449 1172 —
2479 1131 2561 1188 ad
2602 1133 2928 1188 tollendum
2969 1147 3054 1188 ea.
3082 1130 3193 1196 Qui
3222 1147 3258 1187 a
3306 1136 3542 1188 terrena

1884 1221 2331 1276 conversatione
2380 1220 2749 1290 sublevatus,
2781 1225 2836 1278 et
2873 1220 3146 1275 sublimis
3197 1219 3321 1274 vita
3368 1217 3544 1274 fuerit

1883 1308 2144 1375 effectus,
2175 1310 2347 1374 cujus
2377 1307 2627 1365 affectus
2659 1309 2718 1364 in
2747 1309 2974 1364 mundo
3002 1308 3187 1364 relicti
3221 1311 3382 1371 sunt,
3413 1307 3540 1380 qui-

1882 1397 1998 1454 bus
2010 1398 2084 1453 ad
2103 1397 2326 1469 peccati
2346 1399 2754 1471 operationem
2775 1399 3071 1464 utebatur,
3096 1413 3169 1452 ne
3190 1396 3538 1463 descendat,

1883 1492 1948 1543 ut
1985 1487 2150 1543 tollat
2177 1503 2300 1551 eos,
2331 1487 2436 1542 sed
2463 1495 2705 1544 maneat
2734 1487 2793 1543 in
2845 1486 3220 1551 celsitudine,
3251 1491 3308 1541 et
3338 1500 3542 1557 exspe-

1883 1581 1996 1632 ctet
2021 1577 2482 1632 descendentem
2511 1578 2854 1632 Dominum.

1953 1667 2112 1721 Vers.
2146 1671 2235 1722 3t.
2277 1668 2349 1722 Et
2386 1669 2493 1739 qui
2529 1697 2598 1708 —
2627 1683 2665 1724 α
2696 1675 2879 1735 tergo.
2914 1696 2982 1707 —
3018 1665 3125 1727 Qui
3149 1665 3208 1720 in
3250 1665 3367 1720 vita
3397 1669 3539 1720 sunt

161 1743 289 1817 βίῳ.
331 1752 510 1798 Ταῦτα
541 1743 600 1798 δὲ
630 1747 974 1818 παραγγέλλει
1014 1744 1049 1800 δ
1054 1750 1107 1799 ιὰ
1136 1753 1225 1806 τὴν
1260 1756 1547 1805 τηνικαῦτα
1583 1748 1766 1806 πολλὴν

1895 1757 2324 1823 anachoretica,
2369 1757 2492 1812 sive
2549 1764 2880 1827 segregata,
2924 1761 3027 1812 aut
3075 1759 3371 1827 separata.
3411 1757 3536 1808 Haac

159 1833 376 1892 ἀπάτην
401 1844 501 1886 τῶν
532 1831 979 1908 ψευδοπροφητῶν
1009 1844 1100 1890 τοῦ
1129 1837 1529 1912 Ἀντιχρίστου,
1569 1842 1657 1890 καὶ
1679 1842 1772 1896 τὴν

165 1921 414 1998 σφοδρὰν
438 1924 632 1984 πλάνην
665 1925 848 1979 αὐτοῦ.

233 2105 595 2175 Μνημονεύετε
697 2112 793 2166 τῆς
872 2108 1116 2176 γυναικὸς
1197 2112 1290 2156 τοῦ
1394 2110 1530 2160 Λώτ.
1618 2103 1771 2158 Ἤτοι

156 2201 254 2245 τοῦ
312 2194 514 2254 πάθους
571 2192 754 2255 αὐτῆς.
813 2200 916 2246 Τοῦ
976 2201 1109 2247 Θεοῦ
1159 2196 1260 2266 γὰρ
1300 2202 1370 2264 τῷ
1433 2199 1556 2247 Λὼτ
1611 2197 1770 2266 μηνύ-

159 2300 354 2342 σαντος
400 2288 576 2352 φυγεῖν
631 2279 731 2334 ἀπὸ
788 2291 884 2334 τῶν
939 2279 1179 2354 Σοδόμων
1234 2291 1489 2353 παγγενῆ,
1549 2279 1642 2335 διὰ
1686 2287 1769 2336 τὸν

156 2370 416 2441 μέλλοντα
458 2369 766 2423 καταλαϐεῖν
820 2371 954 2424 αὐτὰ
1002 2371 1243 2429 θεήλατον
1296 2370 1623 2446 ἐμπρησμὸν,
1678 2379 1767 2424 καὶ

153 2458 608 2533 παραγγείλαντος
665 2459 1048 2535 ἀμεταστρεπτὶ
1096 2458 1358 2534 βαδίζειν,
1408 2461 1677 2533 ἐπέϐλεψεν
1736 2465 1764 2521 η

151 2554 290 2619 γυνη
355 2549 517 2600 αὐτοῦ
574 2549 640 2609 εἰς
682 2551 746 2601 τὰ
799 2549 988 2615 ὀπίσω,
1039 2556 1127 2602 καὶ
1172 2549 1364 2621 ἐγένετο
1406 2551 1570 2610 στήλη
1627 2551 1765 2614 ἁλός·

153 2638 329 2694 στήλη
357 2639 475 2710 μεν,
510 2637 582 2698 εἰς
611 2635 950 2712 παράδειγμα
983 2647 1081 2691 τῶν
1127 2643 1476 2712 στρεφομένων
1527 2639 1626 2693 ἀπὸ
1675 2649 1770 2703 τῆς

156 2723 546 2801 σωτηριὼδους
588 2724 714 2780 ὁδοῦ
754 2726 837 2780 ἐπὶ
877 2731 942 2780 τὰ
968 2733 1190 2802 πρότερα
1216 2730 1340 2787 ἤθη·
1384 2728 1536 2792 me;
1564 2726 1642 2799 δε,
1677 2727 1770 2783 διὰ

149 2820 248 2875 τὴν
273 2816 377 2869 ἀπὸ
405 2825 497 2878 τῆς
527 2816 787 2890 ἁμαρτίας
806 2822 1038 2892 πικρίαν.

221 2992 327 3055 ’ος
371 3024 436 3034 -
479 2993 659 3052 αὐτήν.
713 2993 807 3057 ’ος
850 2993 911 3046 ἂν
961 2996 1171 3056 ζητήση
1222 3001 1314 3055 την
1359 2996 1546 3069 ψυχὴν
1605 2997 1765 3049 αὐτοῦ

149 3082 504 3155 ἐλευθερῶσαι
526 3081 627 3135 ἀπὸ
649 3092 746 3135 τῶν
769 3086 1098 3157 ἐπαγομένων
1121 3085 1257 3156 αὐτῷ
1281 3083 1314 3138 δ
1321 3089 1373 3138 ια
1396 3091 1487 3145 τὴν
1505 3085 1765 3139 εὐσέϐειαν
1799 3108 1838 3160 C

146 3169 414 3224 κινδύνων
471 3174 572 3224 ὑπό
641 3181 733 3226 τοῦ
791 3173 1186 3247 Ἀντιχρίστου,
1254 3183 1316 3248 τῇ
1376 3174 1604 3247 ἀπωλείᾳ
1672 3184 1766 3237 τῆς

147 3261 451 3334 μελλούσης
479 3263 740 3325 κολάσεως
783 3260 1090 3336 παραδωσει
1141 3264 1324 3331 αὐτὴν,
1379 3267 1447 3327 ὡς
1497 3261 1765 3339 προδεδω-

146 3359 308 3402 κυίαν
341 3356 436 3408 τὴν
464 3356 663 3404 πίστιν.

228 3444 334 3492 Καὶ
388 3439 441 3500 ὃς
502 3471 568 3480 -—-
629 3440 812 3499 αὐτὴν.
873 3440 969 3504 ’ος
1019 3441 1079 3493 ἂν
1143 3441 1392 3517 ἀφαιρεθῇ
1453 3443 1615 3501 αὐτὴν
1672 3439 1766 3496 διὰ

143 3536 486 3602 μαρτυρικοῦ
533 3531 778 3596 θανάτου,
812 3531 1134 3602 ζωογονήσει
1182 3532 1365 3599 αὐτὴν,
1410 3536 1548 3597 ἤτοι,
1605 3539 1765 3584 σώσει

143 3620 284 3669 κατὰ
324 3621 414 3668 τὸν
441 3617 690 3689 μέλλοντα
720 3619 901 3673 αἰῶνα.

217 3711 371 3777 Λέγω
441 3737 510 3747 -
592 3705 908 3778 ἀφεθήσεται
977 3711 1114 3778 (Η).
1199 3713 1369 3782 Ταῦτη
1443 3720 1503 3783 τῇ
1586 3715 1766 3762 νυκτί-

140 3799 307 3867 ποία;
339 3801 413 3866 Τῇ
467 3804 558 3847 τοῦ
598 3805 785 3871 καιροῦ
825 3805 917 3857 τῆς
976 3794 1222 3874 δευτέρας
1275 3805 1583 3873 παρουσίας.
1641 3806 1763 3872 Περὶ

142 3878 206 3935 δὲ
236 3892 342 3935 τῶν
382 3887 433 3936 ἓν
464 3893 536 3954 τῷ
561 3883 706 3956 ἀγρῷ
737 3891 828 3938 καὶ
857 3895 956 3939 τῶν
996 3885 1302 3946 ἀληθουσών
1343 3892 1545 3961 εἴρηται
1595 3899 1761 3961 σαρώς

143 3972 196 4024 ἐν
221 3981 298 4043 τῷ
331 3982 662 4044 πεντηκοστῷ
686 3971 859 4047 ὀγδόῳ
897 3976 1156 4048 κεφαλαίῳ
1188 3985 1278 4030 τοῦ
1307 3982 1440 4030 κατά
1470 3981 1757 4044 Ματθαῖον,

144 4067 236 4112 καὶ
283 4065 514 4125 ζήτησον
545 4061 647 4115 ἐκεῖ
676 4068 770 4123 την
809 4062 1061 4136 ἐξήγησιν
1091 4073 1199 4118 τοῦ·
1247 4071 1373 4120 Τότε
1414 4063 1510 4120 δύο
1555 4071 1761 4120 ἔσονται

144 4149 195 4202 ἐι
222 4159 298 4221 τῷ
325 4149 490 4224 ἀγρῷ

226 4333 334 4382 Καὶ
371 4327 706 4404 ἁποκριθέντε
749 4363 816 4373 —
863 4341 984 4401 ποῦ,
1038 4334 1234 4407 Κύριε;
1271 4342 1376 4387 Ποῦ
1416 4335 1758 4408 παραλαμϐα-

145 4437 331 4470 νονται
354 4435 368 4485 ;
1794 4465 1838 4518 D

219 4507 282 4559 Ὀ
364 4539 432 4548 -
509 4507 666 4564 ἀετοί.
744 4515 1040 4577 Τουτέστιν,
1126 4512 1197 4575 εἰς
1281 4511 1569 4572 ἀπαντησίν
1635 4535 1757 4588 μου,

147 4596 223 4658 εἰς
292 4593 612 4670 δορυφορίαν
669 4604 758 4650 καὶ
809 4606 1145 4672 προπομπήν.
1204 4601 1412 4664 ’Δετοὺς
1486 4607 1576 4676 μὲν
1655 4608 1756 4680 γὰρ

147 4686 392 4757 ὠνόμασε
457 4691 578 4749 τοὺς
625 4684 885 4753 δικαίους,
954 4692 1024 4751 ὡς
1088 4690 1322 4762 ὑψηλοὺς
1393 4700 1506 4754 ταῖς
1559 4692 1758 4768 ἀρεταῖς

144 4779 242 4826 καὶ
299 4773 632 4846 βασιλικούς
686 4787 840 4850 σῶμα
893 4775 972 4836 δι.
1042 4778 1243 4844 ἑαυτὸν,
1312 4784 1381 4843 ὡς
1458 4787 1756 4854 συναγωγὸν

146 4872 252 4916 τῶν
293 4867 542 4917 τοιούτων
581 4864 760 4924 ἀετῶν.
809 4873 1003 4940 Πτῶμα
1049 4863 1108 4922 δε
1152 4871 1210 4922 τὸ
1271 4879 1424 4943 σῶμα
1469 4869 1691 4944 ἔγραψεν
1733 4874 1758 4924 ὁ

146 4954 423 5014 Ματθαῖος
436 4997 449 5010 .

223 5167 276 5204 ³³
301 5167 498 5226 latth.
528 5185 688 5237 xxxv,
719 5169 809 5242 40,

1884 1851 2082 1900 autem
2119 1845 2631 1917 przrcipitpropter
2661 1846 3034 1902 seductiones
3053 1843 3537 1917 pseudoprOphe-

1883 1938 2078 1990 tarum
2105 1935 2464 2004 Antichristi,
2507 1952 2638 2006 quae
2691 1940 2830 1990 tunc
2874 1935 3207 2006 frequenter
3255 1938 3446 1997 erunt,
3480 1937 3537 1986 et

1880 2024 2292 2080 vehementem
2324 2025 2510 2096 ipsius
2548 2024 2888 2079 Antichristi
2920 2023 3353 2093 deceptionem.

1950 2114 2113 2170 Vers.
2147 2117 2232 2170 32.
2258 2114 2538 2170 Memores
2567 2119 2739 2171 estote
2767 2113 2970 2170 uxoris
2996 2115 3118 2167 Lot.
3160 2111 3308 2177 Quid
3335 2109 3537 2165 videli-

1878 2207 1970 2259 cet
1999 2202 2079 2258 illi
2123 2203 2422 2258 acciderit.
2457 2205 2604 2258 Cum
2657 2203 2820 2258 enim
2864 2205 3016 2257 Deus
3048 2200 3154 2270 ipsi
3194 2200 3302 2254 Lot
3334 2196 3530 2269 signiﬁ

1879 2296 2073 2346 casset
2105 2291 2529 2348 utaSodomis
2579 2291 2828 2346 omnino
2882 2289 3128 2358 fugeret,
3180 2292 3421 2360 propter
3449 2286 3536 2340 in-

1878 2380 2156 2436 cendium
2188 2379 2954 2444 divinitusimmittendum,
2984 2378 3148 2451 quod
3175 2378 3535 2447 illaoppres-

1878 2485 2086 2524 surum
2135 2475 2284 2535 erat,
2339 2485 2410 2525 ac
2458 2469 2837 2541 przecepisset
2895 2474 2957 2524 ut
3010 2483 3119 2522 nec
3193 2467 3252 2521 in
3305 2470 3534 2534 tergum

1876 2558 2250 2631 respiciendo
2290 2559 2764 2628 progrederetur,
2813 2559 3071 2628 respexit
3122 2571 3274 2611 uxor
3309 2554 3440 2625 ejus
3472 2553 3535 2609 in

1877 2652 2132 2717 tergum,
2166 2655 2223 2702 et
2271 2647 2428 2703 facta
2457 2653 2545 2703 est
2573 2653 2770 2703 statua
2800 2647 2939 2702 salis
2973 2663 2986 2701 :
3022 2649 3217 2701 statua
3263 2643 3531 2716 quidem,

1877 2737 1938 2793 in
1969 2736 2311 2808 exemplum
2343 2752 2546 2792 eorum
2577 2737 2681 2810 qui
2710 2752 2745 2792 a
2777 2735 3020 2791 salutari
3053 2734 3148 2789 via
3195 2732 3274 2788 ad
3307 2733 3533 2803 priores

1877 2841 2076 2882 mores
2100 2831 2475 2882 revertuntur
2529 2842 2544 2893 ;
2577 2825 2718 2881 salis
2756 2829 2981 2894 autem,
3026 2829 3266 2895 propter
3305 2820 3531 2894 peccati

1877 2914 2284 2972 acerbitatem.

1949 3003 2115 3059 Vers.
2145 3006 2232 3060 33.
2267 3003 2595 3075 Quicunque
2631 3041 2662 3046 --
2693 3018 2837 3060 eam.
2865 3001 3215 3074 Quicunque
3234 2998 3532 3072 quaesierit

1877 3092 2138 3148 animam
2167 3109 2335 3148 suam
2362 3092 2612 3148 liberare
2634 3093 2708 3146 ab
2761 3091 3020 3146 inductis
3064 3089 3149 3145 illi
3183 3094 3422 3161 pr0pter
3445 3103 3533 3144 re-

1878 3182 2159 3252 ligionem
2193 3182 2271 3238 ab
2295 3181 2654 3237 Antichristo
2686 3180 2982 3252 periculis,
3007 3179 3320 3251 perditioni
3349 3176 3531 3234 futuri

1875 3270 2148 3343 supplicii
2180 3271 2342 3327 trade
2372 3269 2555 3339 illam,
2586 3274 2648 3326 ut
2676 3286 2805 3343 quae
2840 3269 3023 3324 ﬁdem
3063 3267 3346 3341 prodidit.

1946 3451 2111 3504 Vers.
2141 3450 2234 3507 33.
2283 3450 2356 3504 Et
2406 3448 2736 3521 quicunque
2781 3449 3044 3504 —Eam.
3095 3443 3377 3518 Quisquis
3426 3459 3532 3517 per

1875 3539 2144 3611 martyrii
2193 3545 2435 3594 mortem
2483 3538 2614 3610 ipsa
2660 3537 2832 3594 fuerit
2871 3536 3159 3608 privatus,
3201 3535 3297 3590 hic
3348 3534 3528 3590 vitam

1871 3627 1956 3684 illi
1981 3627 2238 3695 parabit,
2271 3628 2394 3683 sive
2416 3625 2667 3682 servabit
2693 3642 2828 3681 eam
2861 3626 2916 3680 in
2952 3624 3150 3680 futuro
3182 3622 3420 3679 saeculo.

1944 3717 2106 3774 Vers.
2137 3719 2222 3771 34.
2253 3717 2397 3772 Dico
2429 3748 2494 3758 —
2542 3716 2705 3771 Vers.
2734 3716 2822 3770 33.
2878 3715 3287 3786 Relinquetur.
3323 3713 3387 3767 In
3430 3710 3532 3767 illa.

1873 3812 2064 3870 nocte,
2090 3822 2207 3877 qua
2234 3807 2261 3862 ?
2304 3807 2365 3860 In
2405 3822 2496 3875 ea,
2529 3821 2669 3877 quce
2709 3804 2817 3860 erit
2845 3809 3110 3875 tempore
3151 3800 3397 3858 secundi
3429 3800 3529 3856 ad—

1875 3900 2082 3950 ventus
2130 3895 2342 3967 ipsius.
2397 3899 2474 3950 l)e
2523 3893 2616 3950 his
2671 3899 2892 3958 autem,
2935 3893 3036 3966 qui
3069 3899 3242 3948 erunt
3289 3892 3350 3946 in
3382 3905 3529 3962 agro

1871 3989 1928 4040 et
1962 3999 2094 4056 quae
2124 3989 2296 4040 erunt
2323 3983 2643 4040 molentes:
2676 3981 2986 4037 manifeste
3008 3980 3230 4036 dictum
3247 3984 3338 4036 est
3359 3978 3532 4051 quin-

1869 4073 2224 4145 quagesimo
2262 4078 2475 4128 octavo
2527 4072 2698 4143 juxta
2732 4070 3070 4126 Matthaaum
3102 4070 3295 4140 capite
3331 4066 3529 4126 :etibi

1869 4177 2070 4232 quaere
2093 4161 2232 4217 dicti
2269 4161 2424 4217 illius
2471 4161 2913 4217 enarrationem
2954 4175 2967 4213 :
3006 4158 3178 4216 Tunc
3210 4158 3323 4213 duo
3355 4161 3526 4213 erunt

1869 4249 1931 4304 in
1964 4265 2108 4321 agro
2138 4253 2209 4304 ³⁸.

1942 4339 2101 4396 Vers.
2137 4345 2224 4396 37.
2254 4341 2328 4394 Et
2358 4337 2774 4408 respondentes
2804 4368 2874 4377 -
2901 4352 3030 4409 quo,
3067 4333 3311 4390 Domine
3332 4333 3361 4389 ?
3394 4333 3524 4397 Quo

1871 4435 2255 4484 assumentur
2287 4433 2316 4484 ?

1941 4517 2103 4572 Vers.
2132 4517 2220 4572 37.
2252 4517 2328 4573 At
2349 4517 2673 4589 —aquilce.
2703 4517 2822 4571 Hoc
2841 4519 2944 4581 est,
2971 4513 3028 4568 in
3047 4526 3361 4568 occursum
3382 4507 3522 4580 mei,

1870 4605 1947 4663 ad
1977 4607 2310 4662 satellitium
2334 4622 2404 4662 ac
2435 4605 2935 4678 pi'mmissionem.
2962 4601 3204 4674 Aquilas
3225 4598 3522 4673 siquidem

1871 4695 2203 4751 nominavit
2225 4695 2444 4768 justos,
2486 4699 2775 4766 tanquam
2807 4691 3121 4748 virtutibus
3152 4688 3438 4745 sublimes
3471 4691 3528 4744 et

1870 4784 2063 4855 regios
2097 4801 2108 4838 :
2138 4800 2360 4856 corpus
2409 4799 2570 4854 vero,
2604 4799 2666 4840 se
2718 4783 2942 4855 ipsum,
2986 4787 3272 4852 tanquam
3304 4777 3522 4849 hujus-

1871 4872 2032 4928 modi
2061 4872 2290 4944 aquilas
2329 4877 2814 4942 congregantem.
2848 4869 3020 4937 Quod
3066 4874 3268 4926 autem
3297 4867 3393 4924 hic
3421 4867 3528 4924 ha-

1869 4962 2036 5019 betur
2056 4972 2208 5036 σῶμα
2235 4978 2473 5035 corpus,
2525 4962 2824 5020 Matthaaus
2873 4959 3107 5034 scripsit
3160 4967 3370 5033 πτῶμα,
3409 4957 3526 5015 hoc

1869 5056 1956 5110 est
1985 5051 2255 5110 cadaver.
3346 5047 3357 5061 '

1363 5271 1587 5341 Variae
1626 5273 1955 5342 lectiones
1999 5285 2065 5343 et
2111 5284 2316 5344 notae.

220 5410 323 5484 (8)_
353 5411 467 5465 Ἐπὶ
515 5416 632 5474 τοὺς
661 5421 753 5475 τῆς
781 5413 839 5469 Β.
893 5412 1323 5484 Corrigendmn
1374 5413 1625 5483 videtur,
1667 5422 1758 5470 καὶ

146 5481 271 5544 τοὺς
284 5481 289 5482 ί
303 5481 387 5536 έπὶ
426 5491 487 5542 τῆ
499 5505 542 5546 ς.

221 5554 307 5630 (9)
340 5556 669 5630 llesychius
696 5567 752 5630 et
779 5557 875 5612 alii
909 5557 1136 5630 θιὰφιον.

222 5627 270 5702 (γι
284 5630 340 5694 0)
367 5626 688 5702 Ἀναχωριῖν
714 5626 1048 5702 frequenter
1064 5629 1318 5702 occurrit
1333 5628 1408 5684 de
1420 5629 1756 5702 monachis.

145 5699 253 5770 qui
269 5712 335 5752 se
349 5699 630 5772 separant
652 5699 1058 5757 aconimercio
1071 5699 1757 5774 hominum.Comparari

1871 5423 2068 5500 potest
2119 5419 2430 5475 Herodian.
2488 5433 2547 5491 p.
2621 5421 2708 5485 39,
2788 5421 2838 5473 ἓν
2907 5426 3016 5480 τοῖς
3087 5420 3518 5492 ἀνακεχωρηκόσι

1869 5509 2299 5632 τοῖϊῖῖνΘωω
2328 5561 2418 5627 36,
2455 5563 2894 5634 praatermissus
2926 5561 3236 5634 estuetiam
3269 5557 3348 5614 ab
3373 5560 3520 5615 Hen-

1870 5635 2045 5760 tetuio.
2077 5636 2223 5703 Ergo
2253 5649 2364 5691 nec
2393 5632 2543 5690 is'in
2589 5650 2700 5692 suo
2753 5632 3053 5705 Euthymii
3105 5632 3305 5689 codice
3351 5645 3517 5702 repe-

1867 5719 1914 5758 τι
1946 5746 1959 5760 .
