3994 6218
542 273 668 330 1051

910 403 1059 460 CAP.
1093 403 1223 459 LXI.
1260 405 1345 460 De
1356 404 1560 473 judice
1592 404 1811 477 iniquo.

611 495 765 551 CAP.
802 496 981 553 XLIII.
1024 496 1184 549 Vers.
1218 499 1267 549 l.
1312 495 1544 552 Dicebat
1580 528 1643 536 —
1675 512 1869 553 orare.
1902 497 2002 552 Die
2031 498 2190 553 vide-

539 584 676 641 licet
698 590 755 640 et
784 590 970 647 nocte,
1006 584 1282 651 congruis
1313 592 1367 639 et
1395 585 1686 641 ordinatis
1726 587 2115 658 temporibus.

610 674 773 729 Vers.
812 675 860 727 1.
892 674 1016 729 Nec
1054 674 1393 746 defatigari.
1419 678 1543 730 Non
1584 674 1835 731 deﬁcere
1866 681 2114 731 orantes.

607 850 774 908 Vers.
803 856 855 907 2.
892 853 1109 909 Dicem
1136 885 1203 893 —
1230 853 1393 908 Vers.
1446 857 1501 909 4.
1554 855 1933 927 Aliquandiu.
1990 858 2189 928 Neque

540 942 712 996 Deum
744 942 983 997 timebat
1006 943 1313 1013 jubentem
1344 960 1445 999 eos
1476 944 1795 1005 vindicare.
1838 946 1940 1017 qui
1972 946 2191 1015 injuria

537 1030 724 1087 affecti
757 1037 930 1090 sunt:
958 1048 1152 1103 neque
1188 1033 1493 1088 hominem
1536 1036 1938 1101 reverebatur,
1972 1036 2074 1107 qui
2096 1036 2188 1105 ju-

536 1120 770 1177 dicibus
791 1121 1137 1192 indignatur
1158 1137 1475 1195 oppressos
1494 1123 1972 1197 despicientibus.

608 1302 770 1357 Vers.
802 1303 851 1355 4.
882 1300 1019 1357 Post
1048 1299 1165 1355 hac
1191 1334 1256 1343 —
1288 1300 1453 1356 Vers.
1484 1307 1533 1356 5.
1567 1302 1744 1359 Illam
1783 1304 1869 1374 -H-
1898 1303 2189 1360 Laborem

535 1404 696 1445 nunc
728 1390 886 1455 dicit,
920 1390 1320 1446 turbationem
1356 1391 1756 1463 (molestiam).

606 1481 769 1535 Vers.
804 1487 854 1536 5.
888 1482 972 1537 Ne
1030 1513 1097 1522 —
1164 1497 1273 1536 me.
1326 1481 1396 1535 In
1440 1482 1635 1551 linem,
1687 1481 1797 1536 hoc
1852 1486 1957 1547 est,
2028 1498 2187 1555 pror-

538 1587 659 1640 sus,
689 1571 1384 1626 auttandem.E.rturb/zt
1418 1576 1641 1639 autem,
1691 1572 1746 1627 id
1781 1577 1888 1634 est,
1936 1573 2191 1643 graviter

536 1662 780 1732 aspiciat
818 1661 883 1733 (t)
911 1666 1012 1716 aut
1036 1665 1211 1730 cogat
1239 1676 1251 1715 :
1281 1676 1421 1716 nam
1456 1662 1579 1717 haec
1620 1662 1911 1733 signiﬁcat
1938 1661 2189 1718 verbum

531 1752 799 1824 ύποπιάξῃ
810 1794 822 1805 .

602 1844 760 1896 Vers.
794 1846 845 1897 6.
870 1841 969 1896 Ait
989 1871 1056 1881 —
1086 1840 1265 1896 dicat.
1294 1841 1460 1907 Puta,
1494 1841 1657 1913 quod
1689 1855 2041 1914 quanquam
2065 1857 2187 1898 non

531 1934 774 2001 propter
822 1930 921 1984 Dei
972 1929 1243 1985 timorem
1278 1945 1291 1984 :
1322 1945 1429 1985 nec
1489 1931 1741 1985 hominis
1769 1931 2183 1996 reverentiam,

535 2024 595 2076 at
632 2020 839 2075 saltem
892 2024 1132 2092 propter
1187 2018 1523 2075 molestiam
1576 2036 1645 2076 ac
1698 2019 2186 2092 interpellationis

538 2109 1010 2174 continuitatem,
1048 2110 1452 2164 vindicaturus
1484 2113 1570 2165 est
1600 2110 1784 2165 illam.

602 2198 768 2253 Vers.
793 2205 845 2254 '7.
875 2201 1028 2255 Deus
1051 2232 1118 2239 —
1148 2207 1334 2255 nocte.
1371 2202 1696 2271 Interrogat
1725 2200 1858 2263 hoc,
1893 2204 2182 2272 tanquam

530 2288 929 2343 necessarium
958 2292 1018 2341 ut
1044 2288 1231 2359 quivis
1263 2289 1533 2343 fateatur.

599 2377 836 2431 Vers.7.
872 2377 1066 2433 Etiam
1086 2409 1133 2416 ——
1170 2377 1308 2431 illis.
1328 2380 1683 2449 Quanquam
1703 2382 1853 2432 Deus
1877 2378 2184 2449 superillis

528 2466 782 2538 primum
814 2466 1071 2521 tolerans
1104 2466 1178 2519 sit
1208 2467 1330 2521 sive
1345 2467 1514 2538 quasi
1547 2467 1851 2538 despicere
1873 2467 2181 2540 aliquanto

527 2559 794 2627 tempore
821 2556 1109 2621 videatur,
1156 2561 1216 2610 ut
1256 2556 1361 2627 ipsi
1395 2556 1732 2627 probentur.

598 2646 760 2700 Vers.
793 2645 851 2701 8.
894 2645 1034 2701 Dico
1058 2677 1121 2686 —
1154 2646 1287 2701 cito.
1340 2646 1595 2703 Omnino
1628 2650 1763 2718 post
1813 2645 2181 2702 tolerantiam

528 2732 720 2791 faciet.

598 2823 845 2889 Quidam
872 2839 1013 2879 vero
1034 2824 1205 2895 juxta
1229 2838 1541 2893 anagogen
1561 2823 1896 2894 intelligunt
1914 2823 2179 2894 judicem

524 2910 850 2982 injustitiaa,
886 2916 1069 2967 Deum
1106 2928 1117 2966 :
1149 2912 1251 2985 qui
1286 2915 1469 2967 Deum
1504 2927 1621 2967 non
1656 2912 1839 2978 timet,
1874 2928 2011 2967 cum
2057 2927 2177 2967 non

527 3001 601 3056 sit
631 3000 783 3056 alius
816 3001 967 3056 Deus
994 3006 1204 3072 printer
1234 3002 1453 3073 ipsum,
1516 3017 1623 3056 nec
1652 3001 1959 3056 hominem
2013 3017 2177 3056 reve-

524 3095 702 3157 retur,
730 3095 932 3162 utpote
964 3107 1167 3147 carens
1199 3096 1469 3161 respectu
1501 3107 1917 3161 personarum.
1968 3090 2178 3147 Civita-
2213 3124 2253 3176 Ο

526 3183 643 3234 tem
677 3196 837 3246 vero,
871 3180 1194 3235 Ecclesiam
1235 3180 1435 3234 dicunt
1462 3179 1766 3249 ﬁdelium;
1800 3180 2047 3235 viduam
2076 3196 2179 3235 au-

523 3273 663 3335 tem,
707 3269 1037 3342 quamlibet
1093 3269 1359 3324 animam
1405 3274 1743 3340 separatam
1792 3285 1827 3323 a
1884 3269 2177 3323 daemonis

524 3358 944 3431 conjunctione
980 3376 993 3426 ;
1024 3360 1379 3415 contrarium
1426 3374 1564 3413 vero
1620 3358 1797 3423 illius,
1846 3358 2175 3412 diabolum.

523 3448 795 3504 Ostendit
821 3464 963 3517 ergo
994 3447 1303 3519 parabola,
1338 3447 1497 3518 quod
1555 3462 1648 3503 res
1679 3447 1751 3502 sit
1793 3448 2051 3502 maxime
2083 3463 2183 3501 ex-

526 3538 771 3608 pediens
814 3538 1094 3593 orationis
1126 3536 1583 3607 perseverantia.

593 3627 1051 3699 Chrysostomus
1090 3641 1230 3679 vero
1275 3624 1526 3694 impium
1552 3640 1620 3678 ac
1664 3623 2065 3680 inhumanum
2097 3624 2181 3679 di-

522 3732 665 3773 cens
696 3716 859 3771 hunc
894 3714 1183 3786 judicem,
1240 3711 1799 3783 rejicithujusmodi
1842 3729 2176 3785 anagogen-

592 3894 758 3948 Vers.
793 3896 848 3950 8.
908 3892 1323 3948 Verumtamen
1364 3922 1431 3929 —
1454 3895 1616 3946 terra
1643 3891 1670 3946 ?
1697 3893 1835 3947 Cum
1865 3892 2092 3948 venerit
2120 3892 2175 3948 in

521 3983 785 4039 secundo
812 3981 1093 4037 adventu.
1116 3980 1441 4049 Interrogat
1467 3984 1667 4035 autem
1694 3980 1836 4036 etde
1868 3982 2003 4045 hoc,
2035 3998 2174 4047 non,

519 4072 682 4146 quod
712 4072 960 4141 ignoret,
988 4070 1093 4127 sed
1126 4069 1465 4135 ostendens,
1487 4069 1648 4143 quod
1676 4075 1813 4126 tunc
1827 4072 2006 4142 pauci
2037 4071 2179 4127 tide-

521 4153 605 4221 ies
634 4161 1019 4219 invenientur.

733 4252 896 4311 CAP.
933 4252 1086 4307 LXII.
1120 4250 1200 4305 De
1232 4249 1520 4305 Pharisdo
1552 4255 1603 4305 et
1633 4249 1961 4320 publicano.

588 4343 749 4399 Vers.
770 4341 829 4400 9.
861 4341 1028 4397 Dixit
1043 4372 1104 4380 —
1119 4340 1290 4395 Vers.
1313 4343 1391 4393 10.
1413 4339 1799 4395 Publicanus.
1826 4341 1971 4411 Apte
1991 4354 2174 4393 unum

516 4432 833 4505 proposuit
852 4430 1217 4485 Pharisaaum
1240 4433 1296 4483 et
1320 4428 1568 4483 alterum
1597 4427 2000 4499 publicanum;
2035 4427 2178 4484 Pha-

526 4520 683 4578 risaei
706 4519 1001 4593 siquidem
1034 4518 1177 4591 justi
1209 4516 1578 4581 videbantur,
1612 4521 1666 4571 et
1700 4516 2002 4589 publicani
2045 4532 2177 4589 pec-

523 4615 770 4667 catores.

588 4700 753 4755 Vers.
788 4703 869 4753 Il.
904 4696 1236 4753 Pharisaeus
1268 4727 1334 4736 —
1366 4695 1742 4765 publicanus.
1776 4694 1937 4749 Talia
1973 4710 2171 4761 orans,

523 4788 668 4845 nihil
702 4787 863 4843 aliud
891 4786 1127 4856 agebat,
1161 4802 1326 4857 quam
1360 4786 1518 4858 quod
1552 4801 1612 4840 se
1644 4786 1836 4855 ipsum
1868 4784 2171 4839 laudabat.

521 4884 763 4935 caeteros
796 4892 932 4932 vero
962 4875 1238 4932 homines
1265 4891 1335 4932 ac
1392 4874 1784 4948 publicanum
1835 4874 2173 4946 spernebat.

592 5006 636 5040 ²⁹
676 5002 874 5060 Matth.
908 5017 1060 5068 xmv,
1094 5005 1184 5059 27.

1854 278 2202 337 EUTHYMII
2242 280 2573 338 ZIGABENI
3721 289 3818 347 tibi

2517 415 2663 464 ΚΕΦ.
2696 408 2815 468 .’Ξ¹.Α’⁸
2848 415 2973 485 Περὶ
3005 418 3096 464 τοῦ
3122 420 3303 485 κριτοῦ
3334 418 3425 473 τῆς
3453 407 3662 475 ἀδικίας.

2370 496 2549 569 Ἔλεγε
2582 531 2647 541 -
2679 504 3091 574 προσεύχεσθαι.
3129 502 3365 573 Ἡμέρας,
3401 498 3823 569 6n).avii;,xaiw1-

2300 590 2401 653 τὸς,
2432 591 2566 639 κατά
2594 592 2714 649 τοὺς
2740 597 3102 663 προσήκοντας
3132 595 3361 665 καιρούς,

2372 682 2473 730 Καὶ
2553 683 2623 749 μὴ
2694 677 2947 733 ἐκκακεῖν.
3031 686 3115 737 Μὴ
3204 679 3516 752 ἀποκάμνειν
3598 702 3819 755 προσευχο-

2300 771 2451 838 μένου
2463 788 2501 829 ς.

2372 861 2549 928 Λέγων
2608 888 2676 899 —
2742 858 2826 911 ἐπὶ
2878 864 3088 931 χρόνον.
3167 866 3311 917 Μήτι
3380 863 3466 911 τὸν
3516 864 3628 913 Θεὸν
3692 861 3826 932 φοϐον-

2299 965 2467 1017 μενος,
2537 950 2622 999 τὸν
2698 948 2966 1000 κελεύοντα
3028 946 3250 1000 ἐκδικεῖν
3328 954 3449 1010 τοὺς
3506 946 3826 1021 ἀδικουμένους

2299 1041 2426 1105 μήτε
2526 1039 2793 1111 ἄνθρωπον
2907 1036 3281 1112 ἐντρεπόμενος,
3386 1042 3473 1089 τὸν
3575 1059 3828 1110 amycum:

2298 1133 2401 1184 τοῖς
2437 1123 2720 1187 δικασταῖς
2768 1134 2878 1189 τοίς
2912 1136 3196 1201 περιορῶσι
3239 1130 3358 1188 τοὺς
3403 1131 3535 1179 κατά
3582 1125 3831 1180 δυναστευο-

2298 1218 2502 1285 μένους.

2370 1306 2514 1356 Μετά
2544 1300 2602 1355 δὲ
2631 1311 2798 1356 ταῦτα
2828 1336 2892 1344 —
2940 1304 3121 1363 αὐτὴν.
3158 1308 3326 1357 Κόπον
3378 1302 3437 1357 δὲ
3466 1306 3573 1377 (1⁸2)
3619 1305 3731 1376 λέγει
3754 1314 3832 1363 νῦν,

2300 1396 2393 1450 τὴν
2423 1392 2670 1463 ὄχλησιν.

2367 1481 2480 1535 Ἵνα
2521 1512 2587 1524 —
2642 1503 2723 1555 με.
2782 1484 2869 1545 Εἰς
2920 1483 3080 1544 τῖ’)ος,
3134 1487 3295 1553 ἤγουν
3369 1485 3504 1557 ἄχρι
3553 1488 3733 1548 παντὸς,
3784 1482 3832 1537 δι’

2301 1571 2438 1623 ὅλου.
2471 1571 2772 1645 ’Υπωπιςίξῃ
2805 1573 2917 1644 (13)
2948 1593 3011 1645 με
3043 1569 3121 1636 δὲ,
3165 1570 3277 1624 ἀντὶ
3305 1581 3418 1640 τοῦ,
3452 1581 3658 1645 Δυσωπῇ
3685 1574 3833 1643 (14).ξ

2302 1661 2490 1735 βιάζῇ.

2412 1839 2431 1855 θ
2661 1846 2671 1859 ο
2803 1850 2821 1863 ,υ
3007 1842 3019 1855 ἢ
3139 1848 3149 1861 ‘
3245 1848 3253 1859 ι
3376 1844 3387 1858 ι
3491 1847 3498 1855 ι
3705 1849 3720 1858 ς
3826 1846 3831 1857 η

2369 1849 2493 1895 Eam
2523 1873 2589 1884 —
2617 1841 2772 1913 λεγει,
2827 1850 2943 1903 Οτι,
2978 1862 3020 1895 ει
3067 1862 3156 1895 και
3191 1864 3259 1914 μη
3306 1839 3398 1895 δια
3443 1841 3590 1913 φοϐον
3612 1847 3738 1901 Θεου,
3774 1860 3835 1891 και

2298 1931 2547 2007 ἐντροπὴν
2580 1930 2868 2003 ἀνθρώπου,
2907 1931 3034 1983 ἀλλά
3072 1952 3131 2001 γε
3168 1929 3261 1985 διὰ
3297 1937 3387 1989 τὴν
3421 1932 3657 2004 ὄχλησιν,
3698 1936 3768 1983 καὶ
3798 1935 3837 1982 τέ

2298 2025 2509 2093 συνεχὲς
2541 2030 2635 2084 τῆς
2664 2020 2929 2085 ἐντεύξεως
2958 2019 3229 2080 ἐκδικήσει
3260 2022 3447 2080 αὐτὴν.

2363 2197 2423 2249 Ὀ
2454 2193 2512 2249 δὲ
2544 2201 2671 2259 Θεὸς
2706 2228 2770 2237 -
2800 2202 3002 2259 νυκτός.
3051 2197 3247 2270 Ἐρωτᾷ
3286 2205 3463 2263 τοῦτο,
3514 2200 3580 2258 ὡς
3616 2196 3837 2266 ἀναγκαῖον

2298 2287 2800 2359 συνομολογηθῆναι.

2368 2382 2468 2430 Καὶ
2500 2408 2566 2418 -
2612 2378 2789 2438 αὐτοῖς
2814 2393 2827 2439 ;
2857 2376 2915 2428 Ὀ
2944 2379 3093 2439 Θεὸς,
3141 2377 3166 2427 ὁ
3198 2382 3285 2428 καὶ
3317 2378 3658 2450 μακροθυμῶν
3685 2374 3747 2425 ἐπ’
3771 2374 3840 2423 αὖ·

2294 2474 2402 2527 τοῖς
2427 2472 2691 2539 πρότερον,
2723 2471 2881 2537 ἤγουν
2914 2467 2938 2518 ὁ
2968 2474 3206 2541 παρορῶν
3235 2465 3426 2528 αὐτοὺς
3472 2464 3546 2518 ἐπ’
3591 2465 3757 2535 ὀλίγον,
3781 2464 3841 2514 ἱνα

2294 2552 2687 2628 δοκιμασθῶσι.

2366 2650 2515 2717 Λέγω
2545 2677 2608 2684 -
2638 2647 2816 2716 τάχει.
2842 2647 2983 2697 Μετά
3010 2650 3100 2703 τὴν
3124 2646 3494 2718 μακροθυμίαν
3518 2646 3719 2703 πάντως.

2361 2823 2504 2881 Τινὲς
2537 2816 2595 2871 δὲ
2623 2822 2756 2871 κατά
2787 2818 3059 2889 ἀναγωγὴν
3088 2826 3267 2871 νοοῦσι
3292 2824 3484 2892 κριτήν
3526 2825 3615 2876 τῆς
3654 2813 3838 2874 ἀδικίας,

2290 2912 2376 2961 τὸν
2408 2912 2557 2966 Θεὸν,
2604 2913 2733 2979 μήτε
2765 2913 2893 2960 Θεὸν
2934 2908 3259 2979 φοϐούμενον,
3307 2910 3376 2969 ὡς
3433 2912 3504 2978 μὴ
3548 2909 3681 2967 ὄντος
3714 2906 3841 2975 ἑτέρον

2290 3004 2416 3052 Θεοῦ
2474 2999 2596 3071 παρ’
2651 2998 2826 3063 αὑτὸν,
2882 3003 3006 3068 μήτε
3060 2999 3325 3071 ἄνθρωπον
3382 2997 3743 3070 ἑντρεττόμενον,
3793 2998 3842 3051 ὡς

2292 3087 2790 3160 ἀπροσωπόληπτονο
2819 3086 2962 3138 πόλιν
2987 3084 3063 3150 δὲ,
3098 3092 3191 3145 τὴν
3210 3086 3530 3143 Ἐκκλησίαν
3558 3094 3647 3137 τῶν
3668 3092 3842 3135 πιστῶν·

2291 3183 2462 3251 χήραν
2494 3174 2571 3241 δὲ,
2606 3183 2779 3228 πᾶσαν
2801 3175 3006 3246 ψυχὴν,
3041 3178 3108 3235 ὡς
3138 3178 3491 3249 χηρεὺσασαν
3522 3185 3606 3234 τῆς
3634 3178 3740 3244 πρὸς
3778 3176 3840 3221 τὸν

2292 3262 2520 3336 δαίμονα
2562 3271 2856 3336 συναφείας·
2890 3263 3150 3316 ἀντίδικον
3182 3261 3239 3316 δὲ
3270 3263 3461 3327 αὐτῆς,
3503 3268 3584 3315 τὸν
3628 3260 3841 3315 (inierim.

2291 3352 2519 3417 Ἐὃειξιν
2544 3352 2629 3406 οὖν
2664 3357 2692 3411 ἡ
2724 3353 3013 3428 παραϐολὴ,
3048 3355 3127 3405 ὅτι
3152 3352 3550 3426 ἀνυσιμώτατον
3575 3356 3677 3405 ἐστι
3704 3358 3749 3402 το
3774 3359 3843 3407 τῆς

2289 3452 2598 3519 προσευχῆς
2631 3443 2887 3515 ἐπίμονον.

2364 3621 2439 3691 [Ὀ
2470 3621 2579 3689 (15)
2614 3618 2671 3674 δὲ
2713 3626 3108 3693 Χρυσόστομος,
3160 3620 3368 3672 ἀνόσιον
3424 3622 3535 3690 (16)
3584 3625 3668 3671 καὶ
3711 3615 3840 3667 ἀπάν-

2291 3713 2491 3784 θρωπον
2518 3710 2675 3781 λέγων
2698 3714 2783 3762 τὸν
2813 3719 3043 3762 τοιοῦτον
3070 3715 3266 3784 κριτὴν,
3304 3711 3596 3763 ἀπωθεῖται
3611 3714 3693 3765 τὴν
3710 3707 3841 3757 τοίαν-

2287 3819 2380 3858 την
2412 3798 2735 3871 canym-7th

2362 3889 2499 3947 Πλὴν
2524 3921 2587 3928 -
2609 3898 2737 3959 γῆς
2762 3888 2948 3941 Ἐλθὼν
2972 3886 3019 3939 ἐν
3037 3897 3099 3960 τῇ
3134 3885 3353 3962 δευτέρα
3381 3893 3665 3963 παρουσίᾳ.
3685 3888 3839 3953 Ἐροιτᾷ

2289 3976 2349 4031 δὲ
2376 3983 2465 4031 καὶ
2497 3982 2609 4051 περὶ
2638 3980 2841 4042 τούτου,
2878 3978 2981 4049 οὐχ
3013 3981 3075 4038 ὡς
3115 3976 3329 4048 ἀγνοῶν,
3367 3978 3481 4030 ἀλλ’
3513 3978 3757 4050 ἐμφαίνωνρ
3782 3974 3835 4021 ὁτι

2288 4067 2453 4140 ὀλίγοι
2484 4072 2665 4120 πιστοὶ
2688 4069 3054 4139 εὑρεθήσονται
3092 4072 3225 4123 τότε.

2398 4253 2542 4300 ΚΕΦ.
2571 4246 2683 4301 ΞΒ’.
2720 4252 2843 4322 Περὶ
2868 4255 2959 4299 τοῦ
2992 4251 3279 4321 Φαρισαίου
3300 4250 3392 4298 καὶ
3431 4254 3524 4299 τοῦ
3550 4245 3755 4298 τελώνου.

2360 4335 2481 4389 Bina
2505 4368 2567 4375 —
2586 4335 2824 4399 τελώνης.
2840 4332 3128 4411 ’Λρμοδίως
3146 4338 3231 4387 τὸν
3248 4336 3333 4387 ἐνά
3351 4341 3635 4409 Φαρισαῖον
3650 4333 3829 4387 ὑπέθετο,

2287 4430 2374 4477 καὶ
2409 4429 2495 4477 τὸν
2522 4426 2705 4498 ἕτερον,
2738 4425 2956 4483 τελώνην
2982 4445 2994 4457 ·
3021 4428 3069 4476 οἰ
3100 4431 3382 4499 Φαρισαῖοι
3423 4429 3515 4497 μὲν
3560 4426 3652 4497 γὰρ
3682 4417 3834 4473 tibiam

2288 4512 2552 4582 δοκοῦσιν,
2589 4517 2637 4567 οἱ
2664 4514 2874 4567 τελῶναι
2906 4512 2963 4568 δὲ
2995 4513 3311 4588 ἁμαρτωλοί.

2358 4701 2399 4746 Ο
2470 4701 2748 4768 Φαρισαῖος
2808 4724 2877 4734 -·
2936 4693 3175 4753 τελώνης.
3234 4700 3472 4746 Τοιαῦτα
3536 4690 3830 4765 προσευχόμε-

2284 4804 2387 4849 νος,
2439 4780 2589 4836 οὐδὲν
2638 4784 2806 4857 ἕτερον
2859 4781 3036 4847 ἐποίει,
3093 4787 3121 4841 ἧ
3179 4781 3496 4854 ἐνεκωμίαζε
3545 4785 3627 4854 μὲν
3674 4776 3825 4829 ἑαυτὸν,

2286 4870 2539 4937 ἐξουδένει
2584 4870 2643 4925 δε
2687 4876 2805 4934 τούς
2840 4871 3054 4935 λοιποὺς
3093 4871 3415 4945 ἀνθρώπους,
3466 4877 3553 4923 καὶ
3594 4872 3670 4920 τὸν
3708 4862 3826 4914 τελω-

1722 5070 1946 5140 Varia
1985 5070 2309 5138 lectiones
2341 5082 2404 5138 et
2436 5082 2637 5139 notas.

590 5217 701 5290 (I2)
734 5220 793 5269 Δέ
821 5215 1116 5273 omittitB.
1175 5216 1299 5290 Hoc
1360 5215 1587 5290 scholio
1640 5218 1803 5290 caret
1833 5213 2167 5280 Hentenius,

518 5287 687 5365 apud
720 5304 901 5365 quem
939 5294 1250 5365 contextus
1269 5288 1525 5361 junctim
1556 5287 1787 5357 legitur.

588 5367 631 5435 (1
643 5362 695 5435 3)
726 5360 1043 5435 Ὑπωπιοίξει
1061 5367 1122 5435 Β..

590 5431 703 5507 (14)
733 5440 995 5487 Δυσωπιεῑ
1025 5431 1267 5507 ἣςβιοίζει
1295 5434 1350 5487 Β.

587 5542 655 5615 (t)
686 5542 837 5629 Satis
888 5544 1138 5629 apparat
1184 5553 1259 5629 ex
1300 5536 1594 5629 versipne,
1626 5536 1978 5625 H_entenium
2016 5537 2175 5629 inve:

514 5604 675 5672 uisse
752 5604 1020 5686 ὑποπιᾶξῃ
1085 5612 1403 5686 Caeterum“
1436 5604 1699 5686 δυσωπεῖν
1755 5628 1873 5686 τινα
1900 5624 2021 5664 non
2088 5612 2176 5664 est

513 5686 770 5761 graviter
780 5679 1059 5760 aspicere,
1075 5683 1305 5741 vultum
1316 5680 1569 5750 alicujus
1581 5679 1650 5735 ad
1658 5680 1939 5751 pudorem
1952 5687 2006 5737 et
2022 5695 2176 5738 vere-

2350 5214 2465 5284 (15)
2492 5214 2725 5272 Inclusa
2753 5212 2811 5268 in
2845 5212 3111 5284 margine
3133 5210 3313 5266 habet
3343 5212 3413 5265 A.
3441 5210 3506 5284 In
3533 5212 3675 5265 textu
3699 5202 3741 5284 II;

2351 5214 2443 5282 (15
2492 5214 2725 5272 Inclusa
2753 5214 2811 5268 in
2845 5214 3111 5284 margine
3133 5214 3313 5266 habet
3343 5214 3413 5265 A.
3441 5214 3506 5266 In
3533 5214 3675 5265 textu
3699 5214 3741 5256 υ.

2351 5214 2466 5373 (1δέ
2512 5285 2689 5373 {apud
2720 5284 3210 5373 Chrys‘os‘tomum~
3246 5288 3375 5337 tom
3410 5283 3523 5347 VII,
3557 5291 3693 5373 pag.
3725 5270 3809 5325 551-

2282 5349 2479 5414 Cfest.
2509 5349 2683 5432 Εἷγάρ
2715 5349 2855 5430 γυνῆ
2879 5356 3015 5429 ὠμόν
3040 5375 3156 5407 τινα
3176 5356 3441 5427 ἄρχοντα,
3470 5372 3521 5407 κ.
3552 5371 3597 5405 τ.
3616 5349 3658 5402 λ.

2284 5535 2563 5591 cundiam
2582 5549 2831 5599 movere,
2856 5533 3128 5603 adeoque
3158 5546 3434 5590 exorare.
3455 5534 3575 5589 Hoc
3593 5532 3695 5584 loco
3708 5510 3803 5573 ηδ’

2284 5607 2424 5663 dere
2449 5607 2638 5680 possis
2661 5623 2674 5663 :
2703 5606 2934 5665 Pudere
2963 5619 3053 5661 me
3075 5604 3283 5675 faciat.
