3994 6218
136 278 261 338 ίῶϐ

127 424 230 471 νην,
257 409 433 458 καίτοι
473 407 768 479 γέγραπται
815 411 895 462 ὅτι
939 407 1336 483 Ἐγκωμιαζίτω
1364 429 1422 464 σε
1465 411 1491 462 ὁ
1536 410 1712 473 πέλας,

125 499 210 548 καὶ
262 499 335 568 μὴ
413 499 472 549 τὸ
549 500 638 549 σόν
707 501 898 571 στόμα,
976 497 1260 574 ἀλλότριος,
1335 505 1426 552 καὶ
1493 504 1564 572 μὴ
1651 502 1718 554 τὰ

129 587 193 636 σά
219 585 374 656 χείλη
387 627 402 642 .

190 677 446 731 Νηστεύω
473 705 540 715 —-
569 674 854 732 Σαϐϐάτου.
886 675 1145 731 Σάϐϐατον
1178 676 1394 731 ἐνταῦθα
1421 677 1577 750 λέγει,
1628 683 1715 736 τὴν

125 761 240 820 ὃλην
281 761 578 836 ἑϐδομάδα.

192 849 533 907 ’Δποδεκατῶ
561 884 623 898 --
649 863 871 930 κτῶμαι.
901 857 1067 933 Χάριν
1091 866 1188 911 τῶν
1227 863 1474 918 πενήτων.

193 1036 294 1084 Καὶ
323 1062 387 1072 -
415 1033 624 1105 ἐπᾶραι.
661 1037 854 1108 Κρίνων
884 1034 1064 1087 ἑαυτὸν
1095 1034 1321 1102 ἀνάξιον,
1354 1035 1412 1087 ού
1443 1039 1595 1108 μόνον
1627 1043 1720 1097 τῆς

122 1119 276 1192 ὶγγύς
344 1124 595 1190 στάσεως,
679 1121 807 1176 ἀλλὰ
869 1129 960 1176 καὶ
1032 1132 1125 1178 τοῦ
1191 1122 1426 1179 ἀτενίσαι
1508 1124 1580 1187 εἰς
1630 1127 1719 1177 τὸν

121 1210 356 1284 οὐρανόν.

187 1299 325 1352 Ἀλλ’
370 1331 439 1341 -
495 1300 804 1377 ἁμαρτωλῷ.
867 1299 1259 1366 Ἐξουδενωθεὶς
1311 1304 1411 1355 ὑπὸ
1459 1310 1551 1357 τοῦ
1619 1309 1718 1357 dm-

126 1394 354 1460 ρισαίου,
402 1389 591 1462 μᾶλλον
639 1397 1072 1465 προαατέκρινεν
1102 1393 1304 1456 ἑαυτὸν,
1362 1397 1451 1444 καὶ
1508 1395 1720 1445 ἔτυπτεν

128 1478 190 1539 εἰς
246 1482 306 1532 τὸ
365 1481 559 1543 στῆθος
612 1481 794 1548 αὐτοῦ,
843 1481 1117 1555 ἐμφαίνων,
1178 1485 1259 1536 ὃτι
1305 1482 1516 1555 πληγῶν
1579 1480 1720 1535 ἔστιν

123 1569 265 1631 ἄξιος
305 1570 446 1641 (17).

1150 281 1525 342 ΟΟΜΜΕΝΤ.
1566 281 1636 339 ΙΝ
1674 279 1945 340 LUCAM.
1989 314 2050 323 —
2084 281 2246 341 CAP.
2290 282 2482 340 XVIII.

1822 408 2000 482 Atqui
2026 409 2304 482 scriptum
2335 415 2424 468 est
2455 432 2468 466 :
2514 411 2736 470 Laudet
2787 417 2842 470 le
2875 412 3124 470 vicinus‘
3171 420 3224 471 et
3261 429 3381 471 non
3417 429 3483 471 os

3348 284 3484 341 1054

1826 504 2008 566 tuum,
2037 501 2268 558 alienus
2289 507 2343 558 et
2371 518 2487 558 non
2519 502 2672 558 labia
2693 509 2794 559 tua
2832 503 2904 561 '°.

1897 677 2064 735 Vers.
2142 680 2226 734 12.
2284 679 2498 748 Jejuno
2531 709 2595 720 —-
2643 678 2918 736 Sabbato.
2953 677 3286 736 Sabbatum
3341 677 3484 736 dicit

1826 766 1924 823 hic
1955 771 2139 823 totam
2170 767 2646 824 hebdomadam.

1901 856 2062 912 Vere.
2124 858 2210 912 13.
2279 857 2532 913 Decimus
2573 857 2639 912 do
2698 888 2764 898 —-
2805 857 3094 927 possideo.
3138 857 3479 931 Pauperum

1828 946 2041 1019 gratia.

1899 1037 2063 1091 Vers.
2094 1039 2175 1100 t3,
2202 1036 2279 1091 Et
2307 1065 2372 1076 —
2395 1037 2689 1102 attollere,
2713 1039 2836 1092 Non
2857 1035 3055 1092 solum
3077 1036 3394 1107 indignum
3417 1051 3480 1090 se

1823 1124 2118 1197 judicans,
2160 1130 2225 1181 ut
2253 1141 2441 1198 prope
2482 1129 2683 1189 staret,
2717 1140 2926 1182 verum
2957 1126 3157 1191 etiam,
3185 1129 3250 1181 ut
3277 1125 3340 1181 in
3369 1139 3485 1181 cm-

1826 1213 1954 1271 lum
1993 1213 2345 1271 intenderet.

1898 1304 2062 1359 Vers.
2123 1308 2209 1362 t3.
2263 1304 2380 1361 Sed
2408 1333 2478 1347 -
2506 1303 2812 1376 peccatori.
2845 1303 3090 1377 Spretus
3121 1319 3160 1360 a
3179 1301 3480 1359 Pharisaao

1831 1407 1963 1448 sese
1976 1393 2168 1464 magis
2184 1393 2320 1450 hinc
2334 1393 2793 1458 condemnabat,
2814 1397 2872 1448 et
2884 1392 3255 1465 percutiebat
3275 1397 3482 1464 pectus

1829 1497 2029 1549 suum,
2069 1482 2411 1549 ostendens,
2445 1482 2607 1555 quod
2636 1481 2824 1554 plagis
2853 1481 3068 1553 dignus
3095 1486 3270 1538 esset.

183 1660 226 1728 -ι-
259 1657 595 1714 Verberans
623 1660 783 1716 enim
818 1666 1040 1732 pectus,
1074 1661 1328 1720 crimina
1368 1661 1703 1725 confitetur,
1755 1664 1812 1716 et
1857 1664 2148 1735 tanquam
2181 1660 2460 1718 morbum
2514 1659 2748 1718 medico
2798 1659 3214 1725 manifestans,
3277 1671 3487 1732 preca-

124 1752 215 1804 tur
241 1747 365 1803 sibi
396 1749 865 1806 misericordiam
891 1749 1174 1806 exhiberi.

191 1841 448 1908 Λέγω-
507 1835 709 1899 ἐκεῖνος.
746 1842 888 1913 Παρό
939 1838 1147 1907 ἐκεῖνος,
1202 1843 1380 1912 ἤγουν,
1444 1839 1537 1893 ούκ
1593 1838 1720 1892 ἐκεῖ·

1904 1841 2066 1898 Vers.
2101 1843 2182 1898 14.
2213 1841 2344 1897 Dico
2374 1872 2443 1881 —
2469 1841 2590 1896 ille.
2621 1842 2739 1896 Hoc
2766 1843 2873 1905 est,
2907 1843 3108 1895 etnon
3139 1839 3256 1894 ille.
3291 1837 3483 1911 Siqui-

121 1945 222 1988 νος.

124 2010 361 2073 ὅικάσθη
405 2018 548 2090 ποιρά
579 2024 713 2069 Θεοῦ
738 2038 750 2050 ·
785 2019 811 2069 ὁ
842 2015 901 2071 δε
925 2015 1294 2082 καταδικάσας
1322 2023 1474 2092 μόνον
1522 2018 1721 2082 ἑαυτὸν,

120 2099 414 2161 ἐδικαιώθη
483 2107 625 2178 παρὰ
689 2109 836 2160 Θεοῦ.
895 2111 995 2160 Καὶ
1063 2109 1248 2160 τούτου
1301 2112 1390 2180 μὶν
1435 2109 1604 2160 πάντα
1663 2109 1726 2159 τα

119 2197 495 2267 προτερήματα
551 2193 844 2257 ἔξεκίνωσεν
875 2197 906 2254 ἡ
958 2200 1164 2258 οἰησις’
1208 2195 1400 2250 ἐκείνου
1447 2194 1504 2250 δὲ
1557 2199 1726 2249 πάντα

120 2285 178 2332 τὰ
233 2280 579 2354 ᾶαττῶματα
626 2283 929 2359 ἐξεφόρησεν
982 2289 1010 2344 ἡ
1065 2292 1394 2348 ταπείνωσις.
1454 2286 1590 2361 Ὀρα
1614 2286 1720 2349 οὖν,

311 1933 358 1978 0
414 1929 504 1997 μεν
569 1929 669 1999 γὰρ
730 1924 1026 1989 δικαιώσας
1094 1934 1246 2000 μόνον
1304 1929 1506 1994 ἑαυτὸν,
1574 1948 1721 1981 κατε-

123 2379 227 2431 πὼς
271 2367 521 2434 διάθεσις
551 2370 770 2444 καρδίας
799 2379 888 2427 καὶ
917 2373 1068 2446 λόγος
1121 2381 1379 2448 στόματος
1425 2375 1473 2430 ἕω
1527 2375 1728 2449 βραχεῖ

122 2469 286 2532 καιρῷ
353 2469 446 2512 τού
534 2466 644 2534 μὲν,
715 2462 912 2514 πολλῶν
983 2463 1104 2516 ἑτῶν
1169 2461 1542 2528 δικαιοσύνας·
1635 2474 1726 2518 τοῦ

123 2547 196 2614 δὲ,
273 2549 479 2601 πολλῶν
549 2550 670 2603 ἐτῶν
727 2549 933 2613 ἀδικίας
995 2554 1233 2626 ἠφάνισε.
1319 2557 1576 2628 Μάθωριεν
1639 2553 1726 2607 οὖν

119 2645 203 2691 καὶ
263 2641 422 2711 ἡμεῖς
455 2639 699 2704 ἐντεῦθεν,
742 2651 849 2704 πῶς
879 2646 988 2714 χρὴ
1022 2646 1436 2718 προσεύχεσθαι,
1491 2651 1581 2697 καὶ
1624 2643 1724 2697 ἀπό

119 2747 169 2780 τι
220 2736 325 2791 τῆς
359 2729 571 2801 οἰκτρᾶς
631 2733 884 2796 στάσεως,
941 2729 1041 2783 ἀπὸ
1074 2751 1126 2784 τε
1173 2741 1263 2784 τοῦ
1312 2732 1526 2786 ίλεεινοῦ
1582 2739 1728 2806 σχή-

121 2837 306 2886 ματος,
374 2817 478 2870 ἀπὸ
535 2837 588 2872 τε
649 2828 746 2871 τῶν
799 2816 1183 2878 δυσωπητικῶν
1251 2821 1413 2894 λόγων
1482 2825 1726 2894 κάμπτω-

117 2926 204 2975 μεν
293 2907 514 2980 μάλλον,
611 2907 739 2960 ἀλλα
828 2915 898 2982 μὴ
975 2909 1270 2964 τούναντίον
1363 2912 1725 2986 παροξύνωμεν

115 2998 196 3046 τόν
225 3000 381 3050 Θεον.

181 3084 311 3138 Ὀτι
356 3116 427 3126 --
472 3083 831 3158 ὑψωθήσεται.
891 3095 1070 3142 Ταυτα
1124 3097 1262 3162 σαφῆ
1322 3095 1410 3144 καὶ
1461 3086 1722 3166 πρόδηλα.

182 3267 523 3338 Προσέφερον
576 3296 642 3305 -
703 3273 857 3321 Θεοῦ.
913 3271 1034 3340 Περὶ
1087 3269 1281 3320 τούτων
1331 3266 1588 3342 ἀνέγραψε
1637 3273 1728 3320 καὶ

111 3353 136 3402 ὁ
193 3355 483 3414 Ματθαῖος
544 3352 592 3406 ἄν
666 3363 739 3424 τῷ
795 3355 928 3408 τίλει
987 3364 1080 3408 τοῦ
1154 3365 1581 3430 τεσσαρακοστού
1649 3377 1726 3410 κε-

113 3443 346 3512 φαλαίου
393 3443 576 3504 αὐτοῦ,
608 3451 698 3497 καὶ
749 3446 989 3520 εὑρήσεις
1044 3444 1148 3499 ἐκεῖ
1203 3455 1369 3499 ταῦτα
1415 3450 1583 3499 πάντα
1637 3449 1728 3519 ἠρ-

109 3536 441 3604 μηνευμένα.

179 3623 369 3694 ’Δμὴν
426 3653 492 3662 -
547 3623 728 3681 αύτήν.
807 3631 971 3676 Τοῦτο
1023 3629 1114 3678 καὶ
1165 3626 1190 3676 ὁ
1244 3627 1452 3698 Μάρκος
1511 3624 1727 3699 ἔγραψε,

109 3715 240 3784 πρὸς
275 3718 357 3779 τῷ
407 3711 539 3764 τίλει
567 3720 658 3764 τοῦ
694 3713 933 3766 εἰκοστοῦ
983 3711 1177 3785 ὀγδόου
1213 3715 1490 3786 κεφαλαίου
1545 3715 1724 3784 αὐτοῦ,

107 3807 199 3852 καὶ
235 3806 483 3864 ζήτησον
513 3800 618 3854 ἐκεῖ
639 3808 732 3861 τὴν
759 3802 1026 3874 ἐξήγησιν.

181 3896 345 3943 ΚΕΦ.
397 3890 511 3944 ΞΓ.
548 3897 672 3964 Περὶ
725 3901 816 3944 τοῦ
865 3891 1288 3967 ἐπερωτήσαντος
1343 3891 1595 3946 πλουσίου
1645 3898 1727 3946 τὸν

810 3982 1036 4040 Ἰησοῦν.

176 4075 290 4122 Καὶ
326 4067 641 4141 ἐπηρώτησε
674 4102 740 4110 -
768 4076 968 4143 μητέρα
997 4090 1111 4124 σου.
1143 4073 1358 4144 Εἴρηται
1392 4076 1508 4146 περὶ
1537 4074 1725 4123 τούτων

96 4156 145 4207 ἐν
216 4167 302 4230 τῷ
383 4169 792 4233 τεσσαρακοστῷ
860 4171 1048 4234 πρῶτῳ
1105 4159 1364 4232 κεφαλαίῳ
1433 4169 1523 4213 τοῦ
1593 4165 1726 4212 κατά

98 4249 416 4310 Maeonios,
462 4253 552 4299 καὶ
596 4248 827 4308 ζήτησον
889 4248 936 4300 ἐν
968 4249 1141 4321 ἐκείνῳ
1171 4253 1263 4308 τὴν
1310 4249 1460 4301 λύσιν
1500 4251 1722 4317 πάντων,

91 4338 219 4389 καθ’
253 4340 488 4390 ἕκαστον
515 4338 675 4411 ῥητόν
713 4336 1082 4410 ἕκτεθειμένην.

167 4434 215 4478 Ο
250 4423 322 4480 δε
378 4455 447 4466 —
502 4445 612 4497 μοι.
669 4426 806 4480 Ἐκεῖ
847 4432 936 4480 καὶ
992 4432 1112 4502 περὶ
1164 4430 1358 4480 τούτων
1398 4429 1584 4500 ὁμοίως
1638 4428 1722 4482 λε-

87 4513 523 4586 λεπτολότηται.

160 4604 230 4657 Ὀ
288 4600 362 4657 δί
411 4633 477 4644 -
527 4612 620 4656 τοῦ
673 4611 824 4659 Θεοῦ.
873 4608 942 4657 Τὸ
1002 4611 1132 4668 Πῶς,
1191 4603 1532 4677 βε-ἳαιωτικὸν
1588 4609 1720 4673 ἐστι,

83 4696 212 4748 ἀντὶ
256 4700 390 4756 τού,
441 4692 693 4753 ’Δληθῶς.
737 4696 803 4746 Οἱ
846 4701 1084 4766 Ἔχοντες
1128 4691 1206 4757 δε,
1259 4699 1421 4766 ἤγουν
1465 4697 1513 4747 οὶ
1563 4701 1720 4750 Κατέ-
1764 4749 1778 4759 ,

82 4802 322 4852 χοντες,
383 4783 434 4834 οἱ
484 4786 836 4854 Ταριιεύοντες,
893 4783 952 4834 οῦ
981 4788 1086 4855 μὴν
1133 4785 1183 4836 οἱ
1237 4791 1522 4856 Χρῶμενοι.
1583 4791 1721 4858 Χρηο

79 4891 241 4943 ματα
301 4873 414 4945 γάρ
485 4870 846 4940 ὀνομάζονται,
906 4869 1000 4924 διὰ
1046 4876 1138 4930 τὴν
1194 4881 1417 4946 χρῆσιν,
1463 4879 1550 4925 καὶ
1609 4879 1718 4944 χρὴ

77 4965 318 5023 πάντως
368 4963 614 5035 χρῆσθαι
652 4963 858 5023 τούτοις
885 4961 957 5023 εἰς
1001 4957 1140 5032 δίον,
1170 4962 1229 5015 ού
1255 4967 1352 5036 μὴν
1413 4961 1718 5028 ἀποκλείειν,

153 5143 210 5178 ³ο
256 5141 416 5207 Pro,
458 5154 629 5206 xxvu,
661 5143 710 5196 2.

1832 1931 1970 1987 dem
1996 1930 2100 2004 qui
2142 1945 2271 1986 sese
2305 1929 2458 1986 adeo
2481 1928 2935 2001 justiticaverat,
2967 1944 3004 1984 a
3036 1931 3156 1984 Deo
3202 1928 3487 1986 condem-

1833 2026 2009 2076 natus
2039 2022 2148 2086 est,
2188 2025 2244 2074 et
2272 2019 2375 2091 qui
2403 2033 2536 2074 sese
2580 2018 2732 2074 adeo
2756 2018 3263 2074 condemnaverat
3299 2033 3336 2073 a
3366 2017 3487 2073 Deo

1828 2108 2310 2181 justiﬁcatusest;
2337 2112 2393 2162 et
2414 2105 2569 2162 illius
2597 2105 2843 2178 quidem
2866 2105 3222 2161 eminentias
3247 2121 3482 2171 omnes,

1836 2215 1943 2254 seu
1969 2198 2132 2253 bona
2147 2212 2350 2269 opera,
2379 2197 2688 2252 evacuavit
2707 2194 2995 2266 jactantia
3023 2211 3036 2250 :
3065 2194 3246 2265 hujus
3282 2200 3481 2250 autem

1833 2304 2046 2345 omnes
2071 2286 2336 2342 defectus
2367 2285 2606 2357 replevit
2633 2283 2938 2340 humilitas
2966 2283 3085 2339 sive
3114 2284 3358 2356 propria
3385 2283 3486 2339 de-

1830 2377 2032 2449 jectio.
2067 2376 2206 2432 Vide
2245 2389 2410 2444 ergo,
2446 2374 2758 2446 quomodo
2799 2373 2959 2429 brevi
2987 2380 3256 2445 tempore
3288 2372 3487 2429 cordis

1835 2467 2082 2524 affectus
2107 2471 2162 2522 et
2186 2465 2306 2521 oris
2340 2479 2548 2529 sermo,
2581 2463 2733 2520 illius
2753 2463 2996 2536 quidem
3030 2462 3355 2518 multorum
3388 2478 3492 2518 an-

1835 2573 2050 2614 norum
2079 2555 2388 2628 injnstitias
2436 2560 2818 2624 corruperunt
2849 2553 2956 2624 (u).
2989 2552 3135 2608 Hinc
3172 2552 3376 2625 itaque
3409 2553 3488 2608 di-

1835 2662 2078 2702 scamus
2107 2651 2161 2701 et
2199 2659 2332 2711 nos,
2363 2643 2664 2714 quomodo
2695 2643 2922 2713 precari
2939 2647 3225 2714 oporteat,
3241 2647 3354 2697 eta
3385 2641 3489 2696 mi-

1837 2735 2073 2792 serabili
2095 2735 2348 2790 statione
2369 2733 2519 2788 etab
2537 2732 2741 2788 habitu
2771 2731 3149 2787 miseratione
3173 2729 3358 2798 digno
3379 2736 3436 2786 et
3455 2744 3491 2786 a

1837 2825 2033 2881 verbis
2065 2823 2436 2897 placantibus
2475 2821 2674 2895 potius
2693 2821 3024 2886 ﬂectamus,
3052 2835 3161 2876 nec
3192 2819 3490 2875 irritemus

1837 2915 2018 2970 Deum
2046 2914 2263 2971 horum
2292 2911 2623 2969 contrariis.

1907 3094 2067 3148 Vers.
2109 3096 2188 3149 14.
2224 3091 2375 3159 Quia
2406 3121 2470 3131 —
2493 3091 2835 3147 extolletur.
2865 3090 2988 3144 Haec
3017 3087 3263 3143 omnino
3295 3083 3491 3142 mani-

1758 3192 1797 3248 C
1836 3181 1985 3238 festa
2011 3189 2170 3238 sunt.

1910 3271 2070 3325 Vers.
2128 3271 2213 3325 15.
2268 3269 2612 3340 Aﬂ‘erebant
2652 3299 2716 3308 υ-
2783 3267 2940 3320 Vers.
2995 3264 3076 3320 16.
3110 3264 3232 3320 Dei.
3295 3266 3374 3320 De
3398 3263 3489 3318 his

1838 3361 2067 3430 scripsit
2091 3366 2147 3414 et
2169 3360 2470 3416 Matthmus
2497 3359 2553 3412 in
2580 3358 2696 3412 tine
2713 3352 3162 3428 quadragesimi
3180 3352 3411 3425 capitis,
3432 3357 3490 3407 et

1838 3447 1912 3504 ibi
1939 3448 2069 3504 haec
2098 3449 2302 3504 omnia
2330 3446 2646 3520 explanata
2673 3444 2958 3500 invenies.

1913 3625 2079 3681 Vers.
2110 3657 2177 3665 —-
2215 3629 2294 3679 t7.
2336 3623 2522 3680 Amen
2551 3622 2728 3678 illud.
2765 3623 2880 3676 Hoc
2907 3623 2965 3676 et
2994 3622 3219 3676 Marcus
3257 3617 3492 3690 scripsit

1840 3716 1916 3771 ad
1978 3716 2159 3770 finem
2201 3713 2468 3769 vicesimi
2515 3712 2704 3768 octavi
2750 3709 3004 3783 capitis;
3067 3713 3121 3765 et
3176 3707 3253 3763 ibi
3286 3721 3490 3780 quaere

1839 3805 2274 3861 enarrationem
2287 3843 2300 3857 .

1919 3893 2076 3950 CAP.
2100 3893 2281 3949 LXIII.
2315 3895 2389 3950 De
2413 3891 2594 3949 divite
2612 3891 2716 3962 qui
2757 3889 3065 3946 Dominum
3087 3887 3418 3958 interroga-

2599 3981 2676 4034 υιί
2686 4021 2698 4034 .

1909 4073 2073 4127 Vers.
2117 4074 2198 4126 18.
2233 4072 2307 4126 Et
2334 4068 2709 4140 interrogavit
2738 4097 2802 4108 —
2826 4067 2984 4122 Vers.
3018 4068 3104 4122 20.
3137 4095 3206 4105 -
3235 4064 3490 4122 Matrem

1837 4166 2022 4216 tuum.
2049 4159 2126 4214 De
2153 4159 2237 4213 his
2251 4159 2476 4214 dictum
2491 4162 2582 4212 est
2601 4154 3070 4228 quadragesimo
3092 4152 3283 4223 primo
3295 4151 3489 4224 capite

1837 4249 2135 4318 Evangelii
2165 4247 2495 4303 secundum
2529 4244 2887 4306 Matthteum,
2917 4248 2973 4297 et
2994 4242 3053 4296 in
3083 4241 3184 4296 illo
3213 4241 3490 4296 omnium

1835 4337 2298 4395 declarationem
2338 4335 2604 4391 invenies
2643 4333 2716 4391 ad
2743 4330 2980 4401 singula
3005 4328 3180 4384 verba
3203 4329 3486 4399 positam.

1907 4429 2067 4483 Vers.
2120 4431 2207 4482 21.
2240 4427 2314 4481 At
2349 4425 2456 4482 ille
2484 4453 2552 4464 —-
2588 4423 2746 4478 Vers.
2773 4425 2860 4476 22.
2893 4419 2970 4476 Μ.
3016 4416 3294 4474 Similiter
3333 4421 3391 4472 et
3417 4417 3489 4471 de

1835 4516 1925 4572 liis
1965 4517 2043 4571 ibi
2075 4515 2149 4571 ad
2184 4513 2416 4584 singula
2446 4527 2703 4585 qua-que
2737 4508 2913 4565 verba
2950 4507 3271 4562 dissertum
3302 4511 3415 4560 est.

1907 4606 2066 4661 Vers.
2125 4606 2213 4659 23.
2274 4605 2391 4659 [ιια
2440 4633 2504 4642 -
2559 4607 2752 4657 autem
2806 4597 2971 4652 Vers.
3018 4599 3106 4650 2t.
3157 4596 3284 4650 Dei.
3345 4601 3484 4660 Πῶς,

1833 4711 2033 4766 quam,
2101 4693 2189 4748 vel
2255 4691 2538 4763 quomodo
2593 4710 2605 4755 ;
2663 4688 2751 4743 vel
2818 4684 3305 4742 conﬁrmativum
3374 4690 3483 4751 est,

1833 4801 1898 4838 ac
1929 4784 1974 4838 si
2005 4783 2178 4846 dicat,
2209 4783 2375 4837 Vere.
2422 4780 2657 4852 l-thuod
2677 4779 2904 4842 dicitur,
2928 4777 2978 4829 oi.
3002 4778 3228 4847 ἔχοντες,
3255 4774 3360 4847 qui
3379 4774 3483 4832 ha-

1834 4872 1986 4935 bent,
2041 4872 2269 4927 simitus
2325 4886 2433 4944 pro
2497 4869 2763 4925 Retinent
2810 4872 2912 4922 aut
2979 4864 3326 4920 Recondunt
3373 4879 3483 4920 nec

1834 4967 2120 5017 utuntur:
2181 4976 2316 5015 cum
2369 4960 2635 5032 pecuniae
2690 4959 2948 5030 χρήματα
3003 4952 3303 5020 dicantur,
3356 4968 3489 5026 pro-

1371 5237 1597 5308 Variae
1635 5237 1962 5306 lectiones
1984 5246 2051 5304 et
2079 5244 2282 5304 notae.

145 5440 286 5516 (17)
331 5436 512 5506 Quod
541 5435 641 5496 hic
693 5435 950 5510 subjecit
1004 5435 1299 5496 scholium
1328 5435 1662 5496 Hentenius
1689 5451 1760 5492 ex
1795 5433 2065 5506 margine
2121 5432 2208 5490 sui
2260 5429 2504 5497 codicis,
2539 5429 2601 5487 id
2645 5429 2707 5487 in
2765 5432 2980 5488 neutro
3012 5441 3294 5487 meorum
3324 5440 3490 5500 repe-

71 5514 268 5571 ritur.

146 5692 257 5767 (ιι)
301 5690 757 5760 Cor-ruperunt.
811 5686 1160 5754 sufﬁciebat,
1210 5691 1558 5745 ornaverunt
1608 5728 1625 5741 .
