3994 6218
124 206 291 317 10577
383 274 389 281 ’
1052 268 1075 285 ¹
1199 246 1555 312 COMMENT.
1598 253 1666 309 IN
1706 254 1747 309 L

1838 251 1965 308 :AM.
2004 284 2075 293 —
2105 252 2262 312 CAP.
2295 242 2445 313 XIX.
2902 328 2903 331 γ
3349 262 3487 333 1058

120 391 299 447 κακίας
326 386 397 447 εἰς
421 384 624 461 ἀρετήν·
659 388 748 438 Διό
779 388 869 437 καὶ
898 381 1040 437 καλιὶ
1070 381 1247 448 αὐτόν,
1277 380 1392 451 (22)
1414 384 1504 433 καὶ
1538 380 1721 432 ἄπεισι

1838 377 2172 453 facilequea
2201 379 2340 436 vitio
2373 381 2718 439 mutabilem
2740 401 2873 443 esse
2902 386 2981 443 ad
3003 383 3275 445 virtutem
3309 406 3329 443 τ
3352 387 3485 445 ideo

119 472 278 549 κιρδή
287 495 391 529 σων
404 475 590 529 ἀύτόν.

1838 468 2011 524 etiam
2042 474 2218 525 vocat
2259 475 2314 526 et
2344 470 2596 542 accedit,
2630 477 2693 528 ut
2716 473 2882 531 illum
2920 475 3271 533 lucrifaciat.

194 570 294 619 Καὶ
321 595 392 607 -
421 568 646 638 χαίρων.
676 568 910 637 Χαίρων,
962 561 1021 614 ού
1059 564 1235 635 μόνον,
1266 562 1347 612 ὅτι
1378 555 1512 612 εἶδεν
1540 558 1716 623 αὐτὸν,

1908 556 2069 613 Vers.
2124 562 2180 616 6.
2246 560 2326 616 Et
2360 590 2433 600 —
2472 562 2757 632 gaudens.
2809 564 3086 621 Gaudeas
3128 580 3251 623 non
3290 566 3488 623 solum

119 657 185 716 ὡς
249 652 422 717 ἐξῄτει
463 651 608 705 ’ἀλλ’
673 655 756 705 ὅτι
811 656 902 704 καὶ
950 650 1140 709 ὶκλὸθη
1194 650 1315 725 παρ’
1365 649 1547 711 αὐτοῦ,
1631 667 1721 699 και

1838 646 1995 717 quod
2034 663 2173 703 eum
2201 647 2463 717 vidisset,
2497 656 2562 706 ut
2606 657 2937 724 optaverat,
2976 653 3081 710 sed
3111 654 3275 727 quod
3307 654 3488 712 etiam

119 746 203 796 ὅτι
250 740 540 806 ὑπεδέξατο
597 742 772 808 αὐτὸν,
833 744 899 802 ὡς
953 740 1048 794 οὐκ
1100 742 1161 792 οἶν
1208 757 1332 792 ποτε
1397 733 1722 813 προσεδόκη-

1838 736 1912 790 ab
1941 735 2039 792 illo
2064 742 2308 793 vocatus
2334 747 2506 805 esset,
2547 740 2832 814 quodque
2870 743 3070 815 ipsum
3100 744 3484 817 suscepisset,

122 852 180 886 σι
206 835 344 901 (23),
1833 824 1995 895 quod
2026 841 2341 898 nunquam
2396 827 2522 885 fore
2561 836 2920 901 speraverat.

188 924 232 992 -ι-
256 921 432 978 Unde
451 925 509 977 et
536 922 740 977 statim
765 918 1101 975 misericors
1119 918 1311 973 tactus
1326 924 1415 972 est
1431 932 1764 988 pauperum
1779 929 1849 970 ac
1866 914 2093 985 pietatis
2124 919 2380 972 amator.

191 1012 298 1065 Καὶ
324 1041 394 1050 --
414 1010 726 1064 καταλῦσαι.
756 1010 1131 1080 Καταχθὴαι,
1173 1007 1284 1075 (23)
1315 1013 1503 1079 μεῖναι.
1536 1013 1725 1078 Ἀμαρ-

1908 1002 2069 1061 Vers.
2102 1005 2153 1059 '1.
2180 1005 2259 1059 Et
2284 1032 2350 1045 -
2366 1004 2795 1063 diversaturus.
2824 1010 3136 1065 Mansurus
3163 1025 3234 1067 ac
3262 1011 3493 1069 recubi-

118 1100 275 1154 τωλοὶ
307 1097 369 1154 δέ
395 1102 447 1152 οἱ
474 1099 688 1152 τελῶναι
714 1104 873 1151 πᾶσιν
904 1094 1139 1162 ἐδόκουν,
1182 1092 1275 1149 διὰ
1298 1099 1387 1156 τὰς
1437 1094 1726 1159 πλεονεξίας

1838 1108 2022 1165 turus.
2067 1091 2377 1149 Publiceni
2436 1095 2597 1150 enim
2639 1096 2803 1169 apud
2855 1112 3058 1154 omnes
3112 1099 3494 1157 habebantur

118 1195 210 1243 καὶ
239 1187 461 1253 ἀδικίας
490 1190 678 1243 αὐτῶν.
718 1187 1028 1261 Ἐμμφοντο
1053 1190 1225 1238 τοίνυν
1266 1193 1338 1256 τῷ
1370 1192 1603 1257 Χριστῷ,
1634 1203 1726 1236 κα-

1838 1188 2178 1256 peccatores
2207 1189 2446 1256 propter
2470 1200 2647 1243 suam
2672 1186 2985 1244 avaritiam
3025 1204 3097 1245 ac
3121 1190 3201 1262 inj
3211 1190 3497 1254 ustitiam.

125 1282 287 1354 θάπερ
314 1285 406 1332 καὶ
447 1278 534 1332 ἐπὶ
558 1280 811 1348 Ματθαίῳ
836 1285 907 1348 τῷ
932 1275 1145 1349 τελώνῃ,
1197 1278 1288 1327 καὶ
1335 1273 1419 1327 ἐπὶ
1478 1277 1726 1336 τοιούτοις

1838 1273 2304 1343 lndignabantur
2323 1289 2465 1343 ergo
2497 1275 2743 1347 Christo,
2763 1277 3283 1349 quemadmodum
3315 1282 3495 1339 etiam

126 1370 295 1430 ἄλλοις
327 1364 593 1442 διαφόρως
627 1385 640 1398 ⁸
674 1368 892 1439 ἠγνόουν
915 1362 975 1418 δι
1011 1368 1096 1417 τόν
1124 1368 1333 1439 τρόπον,
1383 1363 1497 1416 καθ’
1523 1364 1580 1416 ὃν
1604 1367 1722 1416 τού.

1838 1366 2075 1434 propter
2088 1361 2427 1419 Matthmum
2444 1363 2860 1436 publicanum,
2876 1382 2947 1423 ac
2974 1367 3123 1423 alios
3143 1367 3247 1440 huj
3258 1371 3497 1428 usmodi

128 1478 233 1519 τοις
255 1462 711 1532 συνανιστρέφετο.
758 1459 845 1508 Διό
896 1458 983 1506 καὶ
1033 1459 1279 1529 παρεὼρα
1320 1456 1537 1515 τούτους
1577 1453 1728 1514 αὐτὸς

1838 1451 2019 1507 variis
2046 1453 2109 1507 in
2131 1452 2299 1507 locis.
2350 1453 2712 1523 lgnorabant
2748 1461 2948 1511 autem
2981 1457 3230 1513 modum
3256 1464 3313 1515 et
3355 1476 3495 1516 cau-

125 1546 209 1600 ἐπὶ
239 1552 505 1609 τοιούτοις
545 1549 825 1621 πράγμασι
876 1542 1403 1616 σκανδαλιζομένους.
1458 1548 1572 1618 Χρὴ
1625 1546 1727 1618 γὰρ

1839 1556 1991 1607 sam,
2023 1540 2103 1597 ob
2131 1558 2314 1614 quam
2367 1540 2631 1599 Christus
2659 1560 2798 1600 cum
2843 1545 2956 1602 illis
3008 1553 3491 1607 conversaretur:

120 1646 212 1689 τοῦ
233 1656 434 1711 μικρου
474 1633 768 1689 σκανδάλου
806 1641 1165 1710 καταφρονεῖν,
1196 1635 1318 1686 ἔνθα
1336 1633 1533 1706 μεγάλη
1560 1652 1728 1692 σωτη-

1838 1629 1973 1686 ideo
1998 1630 2177 1687 etiam
2213 1631 2327 1687 hos
2364 1631 2497 1704 ipse
2526 1632 2917 1706 despiciebat,
2945 1652 3081 1692 cum
3110 1644 3351 1709 propter
3382 1639 3493 1694 bu-

116 1732 208 1800 ρία
238 1732 349 1779 τινὶ
374 1729 831 1799 προσγίνιταιριαὶ
858 1729 931 1797 μὴ
952 1721 985 1776 δ
991 1726 1044 1776 ιά
1073 1727 1131 1776 τό
1148 1726 1334 1797 μικρὸν
1351 1721 1586 1775 ἀπόλλων
1619 1723 1727 1794 [25)

1838 1719 2101 1791 jusmodi
2129 1736 2223 1776 res
2251 1720 2717 1779 offenderentur.
2740 1724 2983 1795 Oportet
3002 1726 3162 1781 enim
3193 1727 3495 1784 modicum

118 1820 174 1868 τὸ
196 1820 362 1889 μέγα,
1836 1808 2269 1866 oﬂ'endiculum
2322 1811 2732 1883 parviducere,
2787 1812 2891 1869 ubi
2959 1815 3220 1888 cuipiam
3270 1832 3496 1888 magna

1838 1900 2001 1955 salus
2029 1900 2279 1967 accedit,
2310 1916 2420 1957 nec
2449 1908 2692 1974 propter
2710 1917 2838 1959 rem
2868 1903 3172 1960 modicam
3202 1921 3490 1978 magnum

1836 1989 2086 2062 perdere
2102 1989 2576 2047 emolumentum
2587 2031 2603 2047 .

186 2086 410 2144 Σταθεὶς
437 2114 508 2124 —
551 2087 888 2159 τετραπλοῦν.
933 2080 1005 2135 ’Ὢ
1054 2086 1276 2155 ταχείας
1330 2080 1615 2155 μεταϐολῆς
1658 2081 1729 2137 Ῑό

1908 2081 2070 2135 Vers.
2103 2082 2154 2135 8.
2186 2079 2449 2136 Stans—
2468 2080 2901 2152 quadruplum.
2935 2083 2981 2140 Ο
3011 2083 3275 2142 velocem
3298 2089 3494 2143 muta-

116 2173 466 2248 φιλάργυρος,
495 2170 840 2246 τύμετάδοτος
868 2189 880 2202 ⁸
923 2173 950 2223 ό
979 2168 1324 2235 ἀδικώτατος,
1360 2168 1720 2234 δικαιότατος.

1838 2167 2063 2225 tionem
2090 2167 2104 2221 t
2138 2185 2355 2226 avarus
2378 2168 2573 2227 factus
2594 2176 2686 2227 est
2703 2170 2959 2228 liberalis
2992 2191 3007 2242 ;
3036 2174 3496 2245 injustissimus,

116 2262 191 2315 Ὠ
216 2259 622 2316 αὐτοδιδάκτου
658 2266 922 2337 σωτηρίας
950 2260 962 2314 l
992 2263 1134 2313 οὔπω
1161 2263 1263 2334 γὰρ
1295 2264 1451 2334 ἔμαθέ
1496 2280 1548 2313 τι
1587 2263 1733 2336 παρὰ

1838 2256 2219 2328 iustissimus.
2252 2259 2296 2315 Ο
2327 2258 2603 2325 salutem,
2633 2276 2815 2333 quam
2845 2276 2971 2318 sese
2998 2261 3124 2335 ipse
3155 2262 3439 2321 docuerat
3479 2264 3494 2320 ι

122 2354 486 2425 Χριστοῠ.Τὰ
522 2354 613 2424 μὲν
642 2351 731 2403 οὖν
776 2353 948 2423 ἡμίση
999 2358 1098 2403 τῶν
1140 2351 1483 2425 ὑπαρχόντων
1532 2347 1732 2404 δίδωκι

1839 2362 2036 2419 neque
2055 2347 2217 2403 enim
2263 2347 2461 2404 adhuc
2502 2364 2542 2405 a
2561 2349 2792 2407 Christo
2822 2350 3106 2408 didicerat
3139 2370 3152 2412 :
3183 2352 3497 2411 dimidium

124 2450 228 2503 τοίς
258 2447 507 2512 πτωχοῖς
524 2440 596 2502 εὶς
616 2440 848 2492 εὐποιῐαν
882 2458 895 2471 ⁸
929 2442 994 2491 τὰ
1023 2440 1194 2511 ἡμίση
1228 2435 1287 2491 δι
1307 2445 1729 2512 παρακατίσχεν,

1839 2435 2141 2493 bonorum
2179 2437 2343 2494 dedit
2380 2439 2750 2512 pauperibus
2796 2440 2858 2496 in
2888 2440 3246 2498 beneﬁcium
3282 2458 3297 2509 ;
3329 2443 3502 2499 dimi-

120 2532 231 2604 οὐχ
282 2533 424 2583 ὥστε
464 2532 624 2601 ἔχειν,
666 2528 771 2580 ἀλλ’
828 2530 960 2580 ὥστε
999 2523 1071 2580 δι’
1104 2527 1266 2580 αὐτῶν
1294 2526 1610 2581 ἀποτιννύειν
1658 2548 1732 2582 τι·

1841 2526 2011 2582 ᾶίιιεῐι
2034 2542 2175 2583 vero
2203 2527 2461 2595 retinuit,
2489 2544 2606 2585 non
2639 2535 2703 2586 ut
2726 2530 3085 2602 possideret,
3107 2531 3214 2587 sed
3243 2547 3367 2605 quo
3396 2548 3502 2605 per

117 2620 429 2695 τραπλάσια
496 2627 594 2671 τῶν
633 2617 689 2670 ἐκ
721 2622 1062 2689 συκοφαντίας
1086 2619 1452 2691 πορισθέντων·
1480 2618 1736 2671 Ἐνταῦθα

1840 2614 1897 2670 id
1926 2615 2249 2672 exsolveret
2268 2617 2328 2671 in
2345 2617 2776 2691 quadruplum,
2807 2618 2971 2674 lucra
2995 2619 3205 2675 fraude
3226 2622 3497 2692 quaesita.

117 2715 179 2763 τὸ
209 2712 317 2783 γὰρ
343 2708 805 2779 Ἐσυκοφοξντησα,
831 2706 888 2758 ού
916 2709 973 2758 τὸ
999 2705 1613 2781 ματαίως,Κατηγόρησα
1641 2726 1733 2766 ση-

1843 2704 2015 2771 Quod
2045 2705 2206 2760 enim
2235 2705 2350 2761 hoc
2374 2707 2435 2762 in
2478 2705 2613 2763 loco
2641 2706 2898 2764 habetur
2927 2707 3347 2781 ἐσυκοφάντησα,
3379 2726 3501 2766 non

115 2804 322 2873 μαίνει,
426 2796 556 2849 ἀλλὰ
630 2800 690 2849 τό
762 2796 853 2851 Ἐκ
924 2801 1261 2868 συκοφαντίας
1348 2801 1439 2848 καὶ
1518 2794 1732 2860 ἀδικίας

1844 2792 2141 2862 signiﬁcat
2182 2809 2333 2849 vane
2376 2800 2478 2851 aut
2507 2795 2684 2852 stulte
2736 2795 3142 2852 calumniatus
3190 2814 3347 2864 sum,
3374 2798 3499 2865 sed,

115 2890 452 2961 ἐκτησάμην.
502 2887 869 2960 Τετραπλάσια
956 2882 1015 2939 δι
1085 2882 1391 2939 ἀποδίδωσι
1453 2892 1589 2940 κατὰ
1644 2892 1731 2940 τόν

1843 2882 1920 2937 Ex
1960 2882 2252 2952 injustitia
2278 2888 2337 2938 et
2364 2884 2668 2941 calumnia
2718 2886 3035 2957 acquisivi.
3083 2886 3502 2959 Quadruplum

113 2984 301 3052 νόμον,
335 2980 427 3030 τὸν
455 2980 691 3052 τέσσαρα
710 2974 945 3051 πρόϐατα
973 2974 1087 3028 ἀντὶ
1107 2974 1210 3037 ἑνός
1237 2976 1458 3028 ἐκτίσειν
1503 2976 1731 3029 κελεύον-

1842 2974 2041 3027 autem
2064 2970 2271 3037 reddit,
2305 2972 2637 3028 secundum
2664 2972 2880 3043 legem,
2912 2990 3049 3046 quae
3077 2981 3340 3048 quatuor
3359 2991 3499 3033 oves

112 3088 205 3123 τα.
1842 3058 1923 3115 ob
1960 3075 2143 3115 unam
2190 3059 2491 3116 sublatam
2525 3062 2719 3117 exolvi
2753 3063 3026 3134 jubebat.

190 3159 536 3229 Ἀκούσωμεν
567 3157 615 3208 οἱ
640 3154 960 3226 ἀδικοῦντες,
997 3160 1087 3208 καὶ
1112 3155 1142 3214 ἦ
1172 3154 1307 3207 αὐτὰ
1343 3157 1410 3206 τὰ
1448 3152 1502 3217 ἐξ
1527 3150 1736 3215 ἀδικίας

1916 3148 2272 3214 Audiamus,
2299 3150 2396 3219 qui
2442 3149 2727 3221 injuriam
2763 3151 3040 3223 iacimus,
3066 3157 3125 3209 et
3142 3152 3234 3210 vel
3262 3168 3335 3210 ea
3364 3169 3502 3227 quae

110 3255 235 3308 τοῖς
272 3244 615 3305 ἀδικηθεῖσιν
647 3244 1084 3320 ἀντιστρέψωμεν,
1118 3245 1149 3304 ἦ
1183 3246 1432 3302 τοιαύτην
1467 3245 1735 3320 θεραπείαν

1844 3237 2062 3309 injuste
2120 3244 2290 3310 parta
2335 3242 2495 3304 sunt,
2537 3238 2763 3295 aﬁectis
2805 3242 3025 3313 injuria
3072 3244 3503 3301 restituamus:

114 3345 241 3399 τοῖς
268 3332 580 3408 ἀδικήμασι
604 3338 1043 3409 προσινέγκωμεν.

1845 3326 1941 3383 vel
1974 3327 2227 3383 similem
2265 3327 2557 3384 medelam
2585 3328 2716 3397 illis,
2753 3330 2853 3402 qui
2887 3330 3170 3403 injuriam
3209 3332 3507 3404 irrogave-

1846 3422 2005 3484 runt,
2023 3415 2349 3473 oﬁeramus
2366 3417 2472 3491 (υ).

196 3511 331 3569 εἶπε
369 3545 428 3556 —-
460 3510 679 3586 ὶγίνετο,
728 3519 884 3566 Οικον
908 3511 1064 3583 λέγει,
1094 3512 1212 3572 τοὺς
1263 3508 1312 3563 ἰν
1351 3516 1423 3581 τῷ
1470 3512 1615 3581 οἴκῳ.
1641 3513 1740 3567 Σή-

1920 3505 2084 3562 Vers.
2120 3511 2174 3563 9.
2209 3506 2373 3562 Dicit
2401 3538 2471 3547 —
2500 3509 2768 3581 contigit.
2818 3510 3076 3566 Domum
3105 3510 3250 3566 dicit
3277 3526 3380 3568 eos
3407 3512 3507 3584 qui

115 3624 304 3680 μερον,
349 3608 531 3676 φησιν,
563 3601 756 3675 ἇγένετο
811 3604 1066 3675 σωτηρία,
1117 3599 1459 3661 ἀπελαθείσης
1496 3596 1606 3659 ἤδη
1645 3606 1741 3661 τῆς

1847 3594 1910 3650 in
1938 3595 2119 3650 domo
2147 3602 2337 3653 erant.
2368 3596 2573 3664 Hodie,
2601 3599 2811 3671 inquit,
2839 3599 3004 3655 salus
3032 3600 3294 3671 contigit,
3320 3602 3513 3670 ejecta

119 3694 419 3762 ἀπωλείας,
472 3700 569 3755 τῆς
647 3691 948 3753 ἐνοικούσης
1008 3689 1064 3743 ἐκ
1120 3689 1407 3752 πλεονεξίας
1471 3695 1561 3742 καὶ
1616 3685 1739 3741 ἀδι-

1843 3684 1972 3755 jam
1997 3684 2348 3757 perditione,
2379 3703 2513 3759 quae
2543 3687 2604 3743 in
2633 3703 2705 3745 ea
2736 3689 3080 3746 morabatur
3102 3695 3343 3762 propter
3369 3703 3510 3747 ava-

117 3791 271 3845 κίοις.

1848 3777 2043 3835 ritiam
2075 3784 2132 3835 et
2172 3778 2551 3851 injustitiam.

202 3874 409 3926 Καθότι
456 3901 526 3912 —
563 3868 693 3925 ἔστι.
740 3876 904 3923 Τοῦτο
943 3865 1039 3922 δια
1078 3871 1197 3929 τοὺς
1250 3867 1618 3940 γογγύζοντας,
1661 3868 1741 3919 ὅτι

1842 3907 1847 3912 .
1919 3868 2083 3924 Vers.
2128 3872 2179 3925 9.
2212 3869 2300 3925 Eo
2325 3871 2486 3941 quod
2514 3901 2581 3911 -
2611 3876 2716 3927 est.
2758 3874 2877 3928 Hoc
2900 3877 3144 3945 propter
3189 3887 3293 3928 eos
3340 3870 3511 3942 dixit,

114 3965 277 4037 παρὰ
298 3958 596 4036 ἁμαρτωλῷ
622 3956 777 4035 ἀνδρί
802 3958 1008 4017 εἰσῆλθε
1033 3957 1325 4010 καταλῦσαι
1364 3971 1377 3982 ⁶
1417 3960 1549 4029 φησι
1575 3957 1676 4028 γάρ
1717 3970 1731 3983 °

1849 3956 1953 4029 qui
1981 3957 2441 4015 murmurabant
2490 3959 2659 4032 quod
2705 3960 3003 4028 intrasset,
3050 3961 3209 4033 apud
3238 3967 3508 4034 peccato-

115 4058 367 4126 Σήμερον
419 4055 658 4125 σωτηρία
720 4057 795 4120 τῷ
870 4051 995 4119 οἴκῳ
1060 4050 1248 4119 τούτῳ.
1312 4050 1411 4100 Καὶ
1450 4048 1549 4121 γὰρ
1633 4041 1740 4098 ἔδει

1848 4061 1974 4100 rem
2018 4048 2214 4101 virum
2271 4048 2697 4104 diversaturus.
2757 4050 2851 4104 Ait
2898 4065 3080 4121 ergo;
3115 4050 3306 4106 Hodie
3347 4052 3511 4105 satus

116 4144 375 4201 σωθῆναι
425 4143 513 4192 τόν
566 4146 857 4210 Ζακχαῖον,
905 4135 1045 4190 διότι
1091 4141 1181 4189 καὶ
1238 4135 1392 4197 αὐτὸς
1459 4135 1511 4187 ἐκ
1562 4138 1740 4206 γένους

1850 4132 2053 4190 domui
2080 4135 2210 4190 huic
2255 4136 2504 4207 conligit
2539 4152 2554 4203 ;
2586 4138 2902 4209 oportebat
2948 4137 3247 4210 siquidem
3275 4137 3509 4193 salvum

117 4240 223 4285 τοῦ
271 4228 518 4304 Ἁϐραάμ
575 4228 707 4280 ἐστι.
788 4227 945 4285 Δηλοί
1005 4223 1065 4279 δὲ
1136 4229 1194 4278 τό
1269 4223 1601 4297 ἐπαγόμενον,
1661 4224 1741 4275 ὅτι

1851 4223 1976 4278 ﬁeri
2004 4224 2370 4289 Zacchaeum,
2389 4224 2529 4295 quia
2558 4232 2614 4280 et
2633 4226 2761 4297 ipse
2788 4241 2859 4281 ex
2891 4242 3104 4297 genere
3122 4232 3212 4282 est
3232 4224 3506 4280 Abrahae.

113 4283 542 4392 προηγουμένως
612 4314 709 4370 διὰ
786 4320 903 4377 τοὺς
970 4314 1349 4389 Ἀϐραμιαίους
1417 4311 1742 4388 ἐνηνθρώπη-

1848 4312 2157 4383 Significat
2205 4283 2713 4368 autem‘inductns
2749 4314 2845 4370 hic
2885 4283 3106 4383 sermo,
3163 4313 3331 4387 quod
3369 4328 3511 4386 pro-

117 4430 240 4464 σιν.
1850 4408 1980 4475 pter
2020 4418 2123 4459 eos
2170 4402 2555 4475 potissimum
2610 4403 3049 4460 humanitatem
3093 4402 3508 4475 assumpserit,

1851 4493 1947 4565 qui
1986 4492 2066 4548 ab
2097 4491 2404 4549 Abraham
2447 4492 2910 4549 descendebant.

200 4588 374 4642 Ἦλθε
400 4619 460 4628 -
477 4584 826 4646 ἁπο).ωλός.Τό
840 4583 1102 4644 ἀπολωλός
1119 4581 1173 4635 ἐκ
1185 4586 1332 4654 γίνου
1344 4601 1364 4642 ς
1378 4579 1738 4655 τοῦἈϐραάμ.

1925 4583 2083 4637 Vers.
2119 4582 2207 4637 10.
2268 4582 2436 4639 Venit
2465 4614 2534 4623 -—
2560 4583 2716 4655 quod
2753 4584 2952 4651 periit.
2988 4582 3159 4649 Quod
3193 4581 3384 4654 periit,
3433 4596 3509 4639 ex

116 4679 250 4733 Οὐκ
274 4676 580 4733 ἀπεστάλην
616 4677 740 4748 γάρ,
772 4678 950 4746 φησὶν,
1000 4673 1045 4726 εἰ
1073 4678 1144 4747 μὴ
1176 4672 1248 4732 εἰς
1297 4673 1366 4723 τὰ
1408 4669 1648 4745 πρόϐατα
1678 4674 1744 4723 τα

1852 4684 2067 4740 genere
2100 4670 2375 4727 Abrahae.
2406 4671 2498 4727 Ait
2533 4673 2695 4727 enim
2741 4690 2755 4729 :
2786 4672 2923 4728 Non
2961 4687 3093 4729 sum
3124 4673 3355 4737 missus,
3388 4670 3509 4728 nisi

114 4766 447 4822 ἀπολωλότα
469 4768 614 4817 οἰκον
643 4763 758 4835 (26)
773 4761 1028 4835 Ἀϐραάμ.

1851 4760 1921 4814 ad
1942 4774 2076 4816 oves
2114 4761 2373 4829 perditas
2410 4762 2612 4816 domus
2641 4762 2834 4818 Israel
2866 4765 2935 4815 ³³.

200 4862 482 4930 Ζακχαῖος
538 4851 598 4907 δέ
654 4853 759 4926 εἰμι
812 4850 958 4924 κάγὼ
1004 4854 1195 4925 μικρός
1250 4854 1346 4909 τὴν
1406 4848 1612 4909 ἠλικίαν
1649 4854 1744 4908 τὴν

1925 4850 2048 4920 Ego
2102 4865 2243 4907 vero
2295 4858 2351 4906 et
2399 4852 2712 4907 Zacchasus
2756 4869 2890 4907 sum
2937 4856 3165 4909 statura
3218 4850 3513 4925 spirituali

201 4985 251 5020 ³³
277 4980 473 5039 Exod.
503 4995 643 5045 nu,
678 4978 730 5032 1.
808 4977 854 5010 ³³
886 4975 1088 5032 Matth.
1128 4991 1219 5039 xv,
1247 4977 1335 5030 24.

1352 5070 1574 5141 Variae
1612 5069 1938 5139 lectiones
1970 5082 2035 5140 et
2083 5082 2287 5142 notae.

199 5279 331 5349 (92)
362 5274 527 5328 Αὐτόν
552 5270 909 5349 omittil_B.__
950 5341 961 5349 .
1017 5344 1026 5349 Α
1329 5339 1345 5349 “
1411 5339 1447 5349 __
1729 5339 1745 5349 _

1858 5269 2517 5349 yéy‘ioytdeverson’um.

196 5339 328 5424 (23)
367 5348 553 5403 Etiam
581 5345 676 5400 hic
706 5341 919 5415 adjecit
947 5341 1238 5414 interpres
1264 5339 1750 5413 scholium,quod
1867 5339 1873 5341 '
1928 5339 2044 5481 E25)
2071 5344 2243 5430 ’Hauc'
2272 5343 2528 5397 formam
2550 5341 2738 5431 codex
2761 5346 3008 5416 uterque
3037 5346 3341 5419 eXprimit.

196 5424 255 5481 ei
284 5436 406 5476 non
437 5420 789 5481 agnoscunt.
1955 5417 2041 5481 '26)
2091 5419 2162 5466 Εκ
2185 5431 2382 5481 γενους,
2410 5429 2519 5481 pro
2537 5433 2701 5471 οικου.
2737 5414 2803 5470 Α.

104 5413 255 5484 mei
284 5413 406 5476 rion
437 5413 791 5488 agnoscunt.
870 5486 876 5488 Α
988 5486 998 5488 ᾼ
1109 5413 1118 5414 “
1237 5482 1254 5488 _
1402 5483 1436 5488 ν,
1529 5487 1536 5488 ί

1928 5413 2041 5485 ('26)
2071 5413 2162 5466 Ἐκ
2185 5416 2382 5485 γένους,
2409 5429 2519 5487 pro
2537 5416 2701 5471 οἴκου.
2737 5414 2803 5470 Α.

199 5493 327 5568 (24)
358 5482 696 5559 Quo'sensu
742 5486 1066 5559 κατάγεσθαι
1094 5488 1184 5543 est
1211 5482 1436 5541 deverti
1487 5487 1547 5540 et.
1589 5501 1748 5537 κατα.

207 5672 300 5750 (υ)
330 5669 462 5728 Illis
492 5698 561 5710 —
590 5665 926 5740 o/Teramus.
944 5662 1161 5733 Redde,
1194 5662 1436 5736 injuriis
1465 5662 1746 5719 admoveo

1838 5678 1894 5720 ιε.
1920 5662 2217 5736 Interpres
2232 5661 2365 5721 loco
2382 5658 2685 5741 ἀδικήμασι
2715 5663 2949 5723 videtur
2973 5663 3188 5743 legisse
3208 5658 3517 5726 ἀδικήσασι.
