3994 6218
583 200 717 265 1063

1879 199 2235 260 EUTHYMII
2275 198 2603 262 ZIGABENI

3705 211 3791 270 {Oti

580 333 662 391 ait
692 333 900 391 :Omni
929 331 1193 388 studium
1218 345 1288 385 ac
1306 328 1674 397 diligentiam
1705 328 1972 394 habenti,
1991 329 2210 386 dabitu:

2343 330 2422 382 ὃτι
2477 335 2638 383 Παντὶ
2696 339 2769 401 τῷ
2821 334 3003 403 ἔχοντι
3061 328 3302 392 σπουδήν
3362 352 3416 386 τε
3474 339 3543 386 καὶ
3593 334 3797 408 immittas,

578 423 790 489 honor,
828 422 1008 478 etiam
1041 417 1448 475 abundantior
1477 433 1661 489 quam
1702 417 1782 472 illi
1812 419 2108 474 convenit.

649 601 805 652 Vers.
837 598 925 652 26.
957 596 1048 651 Ab
1087 625 1154 634 —
1191 594 1263 649 ab
1301 609 1384 650 eo.
1427 593 1515 649 Ab
1544 609 1614 650 eo
1645 595 1749 667 qui
1793 595 2059 651 studium
2109 611 2226 651 non

575 686 752 741 habet
781 702 850 740 ac
880 684 1270 754 diligentiam,
1299 691 1362 738 ut
1389 684 1613 738 dictum
1643 691 1747 749 est,
1772 685 1949 740 etiam
1991 684 2049 739 id
2071 685 2230 757 quod

574 774 770 842 habet,
795 774 978 844 gratia
1010 772 1565 838 videlicetdocendi,
1599 773 1917 838 auferetur,
1940 779 2227 846 tanquam

575 863 653 921 ab
683 863 805 932 illo,
837 863 940 935 qui
963 878 1036 918 ea
1067 878 1186 916 non
1206 861 1406 916 utitur.

649 953 762 1010 Sed
793 969 978 1024 quare
1008 951 1082 1006 de
1130 951 1273 1005 solis
1322 950 1506 1006 tribus
1559 950 1740 1006 servis
1808 950 1975 1018 dixit,
2020 951 2229 1008 relictis

573 1041 794 1098 caeteris
824 1040 852 1096 ?
891 1041 1035 1106 Quia
1064 1056 1130 1096 ex
1159 1039 1250 1094 his
1281 1038 1450 1094 facile
1473 1047 1562 1094 est
1590 1041 1770 1096 etiam
1801 1039 1876 1095 de
1919 1040 2052 1096 aliis
2085 1056 2224 1096 con-

568 1133 789 1202 jectare
818 1147 831 1196 ;
858 1134 1147 1202 quotquot
1185 1129 1344 1183 enim
1372 1129 1656 1196 negotiati
1687 1135 1846 1194 sunt,
1891 1129 2228 1185 conformes

573 1220 648 1276 ad
678 1219 910 1275 lucrum
949 1223 1342 1288 susceperunt
1397 1216 1701 1288 honores;
1745 1224 2045 1290 quotquot
2086 1234 2226 1274 vero

571 1309 767 1365 otiosa
804 1325 874 1363 ac
904 1306 1134 1362 inutilia
1162 1312 1549 1362 servaverunt
1604 1306 1786 1369 dona,
1821 1305 2042 1362 similia
2087 1323 2222 1362 cum

573 1397 856 1468 praedicto
887 1396 1048 1468 passi
1071 1399 1227 1449 sunt.

646 1487 1029 1555 Sexagesimo
1046 1491 1240 1539 autem
1270 1483 1438 1554 juxta
1467 1483 1806 1539 Matthaaum
1844 1486 2059 1554 capite,
2087 1501 2223 1540 cum

573 1575 817 1632 similem
837 1573 1460 1644 dixissetparabolam,
1490 1573 1548 1627 in
1581 1574 1696 1628 ﬁne
1725 1573 1956 1628 addidit
1983 1590 1995 1628 :
2043 1574 2116 1629 Et
2138 1574 2226 1630 in-

2343 416 2631 478 δοθήσεται
2678 425 2804 494 τιμὴ
2861 426 2950 474 καὶ
3007 425 3358 494 περισσοτίρα
3407 431 3488 485 τῆς
3546 422 3798 487 ingencia;

2341 509 2501 579 αὐτῷ.

2413 596 2541 648 Ἀπὸ
2591 628 2658 638 --
2713 596 2801 650 ἀπ’
2858 599 3055 651 αὑτοῦ.
3091 598 3223 654 Ἀπὸ
3298 597 3356 652 όε
3422 607 3502 652 τοῦ
3564 607 3617 672 μη
3664 606 3802 673 ἔχοντος

2345 682 2584 743 σπονδήν
2640 705 2695 738 τε
2743 693 2832 739 καὶ
2881 687 3192 760 ἐπιμελειαν,
3225 691 3293 750 ὡς
3342 692 3542 761 εἴρηται,
3578 696 3647 742 καὶ
3683 694 3702 742 ὁ
3737 693 3809 762 ἔχει

2339 777 2592 848 χάρισμα
2612 772 2985 843 διδασκαλίας,
3034 775 3454 851 ἀφαιρεθήσεται,
3481 779 3552 830 οἶα
3581 784 3636 850 pf:
3669 799 3808 852 χρησα-

2340 873 2492 933 μένου
2535 873 2695 935 αὐτῷ.

2415 953 2568 1006 Ἀλλὰ
2611 958 2700 1006 καὶ
2745 955 2861 1024 (36)
2923 952 3070 1008 διατί
3133 961 3250 1030 περὶ
3303 960 3461 1029 μόνων
3523 964 3645 1029 τριῶν
3683 953 3813 1008 δούλων

2341 1040 2514 1109 εἰπὼν,
2571 1046 2688 1103 τοὺς
2742 1042 2934 1106 οὒλους
2971 1046 3173 1117 ἀφῆκε;
3235 1050 3377 1098 Διότι
3426 1044 3601 1115 εὐχερές
3637 1043 3737 1096 ἔστιν
3780 1044 3815 1096 i1

2338 1132 2531 1181 τούτων
2595 1136 2684 1184 καὶ
2757 1137 2870 1207 περὶ
2938 1131 3139 1185 ἐκείνων
3195 1137 3398 1205 μαθεῖν.
3455 1131 3588 1184 Ὀσοι

2339 1218 2853 1292 ἐπραγματεύσαντο,
2895 1220 3154 1292 ἀναλογως
3205 1231 3277 1293 τῷ
3321 1219 3489 1296 κέρδει
3528 1220 3726 1290 λήψονται
3760 1225 3818 1279 τὰς

2335 1310 2513 1378 τιμάς
2545 1311 2660 1361 ὅσοι
2692 1306 2751 1362 δὲ
2778 1309 2938 1382 ἀργὸν
2967 1315 3056 1362 καὶ
3087 1313 3360 1382 ἄχρηστον
3393 1313 3536 1382 ἔσχον
3561 1315 3609 1362 τὸ
3633 1312 3820 1383 χάρισμα,

2337 1401 2401 1448 τὰ
2427 1397 2583 1469 ὃμοια
2607 1408 2677 1469 τῷ
2713 1395 2995 1456 semotum
3025 1404 3311 1452 πείσονται.

2408 1487 2489 1539 Ἐν
2542 1484 2601 1538 δε
2640 1495 2711 1556 τῷ
2745 1487 3009 1558 ἑξηκοστῷ
3051 1487 3308 1560 κεφαλαίῳ
3353 1496 3439 1540 τοῦ
3483 1490 3601 1540 κατὰ
3635 1488 3827 1540 Menaeis:

2335 1575 2634 1647 παραϐολὴν
2696 1579 2942 1634 τοιαύτην
2987 1577 3162 1640 εἰπὼν,
3236 1580 3320 1630 ἐπὶ
3373 1577 3534 1638 τέλους
3575 1577 3825 1649 προσέθηκεν.

572 1666 776 1720 utilem
793 1679 1027 1720 servum
1059 1663 1246 1732 ejieite
1265 1663 1326 1716 in
1356 1661 1622 1718 tenebras
1646 1662 1978 1727 exteriores,
2011 1663 2088 1718 ibi
2111 1663 2210 1719 erit

2337 1665 2417 1714 ότι
2475 1669 2574 1717 Καὶ
2618 1669 2705 1717 τόν
2752 1663 2966 1739 ἀχρεῖον
3025 1663 3209 1718 δοῦλον
3253 1665 3482 1718 ἐκϐάλετε
3522 1665 3583 1725 εἰς
3625 1668 3670 1716 τὸ
3710 1668 3833 1720 σκότος

566 1756 740 1825 ﬂetus
766 1760 816 1810 et
858 1754 1083 1808 stridor
1103 1752 1367 1807 dentium
1385 1752 1430 1786 ³⁷
1462 1767 1476 1817 ;
1513 1757 1565 1806 et
1588 1751 1668 1806 ibi
1690 1751 1906 1807 horum
1929 1751 2222 1808 dictorum

571 1841 1118 1915 interpretationem
1145 1841 1343 1911 legito.

646 2021 808 2076 Vers.
842 2020 929 2074 27.
975 2019 1384 2074 Verumtamen
1439 2046 1510 2059 —
1564 2031 1673 2072 me.
1723 2018 1849 2072 Haec
1899 2016 2092 2073 caedes
2123 2023 2222 2073 aut

573 2111 847 2180 designat
877 2107 1236 2178 supplicium
1268 2106 1609 2161 Judmorum
1661 2107 1714 2160 in
1755 2107 1953 2162 futuro
1983 2107 2219 2172 saeculo,

572 2205 676 2256 aut
709 2197 1123 2254 omnimodam
1151 2212 1356 2252 eorum
1385 2195 1830 2252 subversionem
1861 2197 1974 2252 sub
1996 2198 2220 2269 Vespa-

572 2289 740 2345 siano
770 2293 824 2342 et
849 2287 995 2343 Tito.

642 2377 807 2432 Vers.
878 2378 966 2430 28.
1020 2375 1097 2429 Et
1145 2402 1213 2414 —
1265 2372 1690 2443 Hierosolyma.
1763 2372 2075 2430 Festinans
2142 2374 2217 2430 ad

571 2466 908 2540 passionem
941 2470 998 2520 et
1024 2478 1274 2518 crucem.

1019 2552 1176 2609 CAP.
1205 2551 1435 2608 LXVIII.
1468 2553 1546 2606 De
1583 2552 1770 2622 pullo.

645 2645 778 2700 Vers
792 2690 805 2702 .
835 2647 923 2699 29.
943 2644 1016 2699 Et
1043 2673 1101 2682 —
1118 2643 1284 2697 Vers.
1310 2643 1395 2698 3t.
1417 2642 1652 2697 Necesse
1663 2641 1788 2696 rius
1803 2649 1904 2698 est.
1929 2644 1989 2696 Et
2004 2642 2116 2697 hoc
2135 2643 2218 2698 in-

566 2733 772 2790 venies
786 2731 1495 2806 quadragesimoquiutoj
1510 2737 1647 2786 uxta
1661 2731 1984 2787 Matthaeum
2005 2732 2217 2803 capite,

566 2823 625 2879 in
648 2840 770 2896 quo
797 2829 919 2879 tota
942 2822 1119 2890 hujus
1134 2819 1432 2875 enarratio
1463 2819 1540 2874 ad
1559 2819 1802 2874 verbum
1819 2822 2087 2892 exposita
2106 2829 2215 2876 est.

637 2912 798 2966 Vers.
839 2912 927 2964 32.
955 2911 1247 2965 Abierant
1272 2939 1338 2949 —
1366 2908 1534 2964 Vers.
1564 2909 1650 2963 35.
1683 2907 1895 2964 Jesum.
1920 2909 2004 2964 Ibi
2035 2909 2212 2965 etiam

566 3001 633 3056 de
660 3000 752 3055 his
777 3000 1003 3055 dictum
1041 3005 1147 3054 est.

635 3091 795 3145 Vers.
821 3090 907 3144 35.
940 3089 1012 3143 Et
1038 3116 1106 3128 ——
1146 3087 1303 3143 Vers.
1337 3089 1423 3141 36.
1464 3087 1578 3141 Via.
1629 3087 1764 3142 Haec
1795 3086 2214 3143 substernebat

560 3178 821 3251 plurima
845 3178 1039 3242 turba,
1089 3176 1241 3231 sicut
1281 3175 1429 3230 dixit
1459 3175 1764 3230 Matthasus
1799 3191 1814 3242 ;
1851 3191 1988 3231 nem
2019 3183 2076 3231 et
2101 3177 2215 3232 ista

559 3283 804 3340 quoque
832 3266 1092 3321 invenies
1118 3265 1332 3320 eodem
1350 3264 1569 3334 capite.

635 3357 798 3413 Vers.
815 3361 900 3412 37.
921 3355 1180 3425 Cumque
1188 3355 1315 3423 iam
1327 3352 1860 3422 appropinquasset
1875 3353 2209 3409 virtutibus.

561 3449 640 3503 De
670 3444 995 3513 miraculis,
1052 3459 1182 3514 quae
1225 3442 1356 3514 ipso
1407 3449 1675 3513 tempore
1728 3442 2018 3498 viderant.
2083 3444 2213 3497 Erat

559 3537 719 3593 enim
747 3533 1124 3598 miraculum,
1152 3530 1226 3585 de
1254 3530 1413 3602 pullo
1446 3531 1725 3603 illiusque
1758 3531 2022 3586 dominis
2070 3547 2209 3602 prae-

562 3624 756 3680 dicere
789 3638 802 3678 :
835 3628 892 3678 et
919 3637 1047 3676 cum
1101 3621 1220 3691 ipse
1270 3625 1424 3675 esset
1469 3619 1811 3686 indomitus,
1865 3619 2018 3675 adeo
2054 3636 2213 3676 com-

558 3712 750 3786 posite
781 3728 850 3767 ac
898 3709 1161 3766 modeste
1208 3707 1504 3771 incedere,
1565 3709 1803 3764 turbam
1847 3709 1924 3765 ad
1979 3714 2211 3765 tantum

557 3802 714 3860 illius
730 3803 1021 3858 honorem
1051 3798 1285 3864 attrahi,
1313 3815 1384 3854 ac
1427 3797 1778 3868 hujusmodi
1845 3799 2108 3856 faustam
2141 3800 2212 3854 de

559 3908 630 3949 eo
656 3890 850 3948 eﬂ‘erri
879 3887 1372 3946 acclamationem
1406 3891 1464 3942 et
1503 3887 1738 3943 similia.

631 3979 906 4036 Vers.38.
947 3979 1207 4034 Dicentes
1237 4008 1307 4016 —
1358 3976 1607 4032 Domini.
1665 3976 1965 4032 Matthaeus
2009 3980 2209 4032 autem

559 4069 724 4136 dixit,
751 4068 1132 4143 quodturhte,
1156 4083 1285 4138 qius
1309 4065 1726 4137 praecedebant
1749 4070 1802 4120 et
1827 4081 1964 4138 quae
2003 4081 2211 4138 seque-

556 4159 797 4227 bantur,
850 4156 1196 4215 clamabant
1241 4156 1500 4210 dicentes
1552 4153 1666 4210 hoc
1724 4155 1813 4225 '3;
1846 4159 1901 4210 et
1951 4154 2024 4209 ibi
2079 4155 2207 4226 lege

558 4257 742 4308 totam
771 4247 1210 4306 enarrationem
1259 4245 1496 4300 illorum
1543 4245 1859 4300 verborum
1906 4259 2092 4316 usque
2129 4244 2207 4299 ad

559 4354 693 4395 eum
721 4339 919 4394 locum
963 4338 1257 4406 :Cumque
1288 4334 1558 4388 intrasset
1606 4333 1728 4402 ipse
1773 4332 2203 4402 Hierosolyma,

559 4434 841 4484 commota
871 4431 950 4483 est
979 4427 1254 4480 universa
1283 4422 1487 4478 civitas
1515 4423 1582 4475 3°.

631 4517 786 4572 Vers.
811 4517 898 4572 38.
927 4515 1059 4570 Pas:
1090 4543 1157 4555 —
1186 4511 1449 4569 excelsis.
1491 4512 1553 4565 In
1594 4526 1666 4566 ea
1721 4508 2206 4582 interpretatione

558 4605 738 4661 etiam
772 4605 897 4659 haec
918 4609 1192 4659 enarrata
1223 4607 1381 4657 sunt.
1411 4599 1692 4655 Videntes
1722 4601 1878 4655 enim
1903 4599 2204 4671 discipuli,

559 4694 762 4751 turbas
791 4693 919 4749 haec
958 4693 1261 4760 facientes,
1301 4698 1357 4746 et
1394 4690 1474 4746 ita
1513 4693 1859 4755 clamantes,
1921 4689 2098 4744 simul
2136 4704 2206 4745 ac

559 4783 825 4840 similiter
875 4779 1371 4846 vociferabantur,
1437 4795 1557 4835 una
1605 4795 1743 4834 cum
1817 4779 1901 4834 eis
1962 4777 2206 4834 numine

558 4871 766 4931 afﬂati.

629 4962 793 5019 Vers.
826 4961 913 5018 39.
947 4961 1023 5016 Et
1070 4959 1318 5034 quidam
1366 4989 1428 5000 —
1480 4959 1639 5013 Vers.
1673 4961 1760 5014 40.
1827 4957 2199 5014 Clamabunt.

629 5051 782 5123 Lege
819 5057 1255 5123 consequenter
1304 5047 1589 5121 prmdicto
1637 5047 1830 5119 capite
1873 5047 2029 5102 illius
2059 5045 2202 5102 dicti

623 5232 671 5270 ³⁷
703 5229 904 5288 Matth.
935 5245 1066 5294 xxv,
1093 5231 1160 5286 3O
1237 5227 1283 5262 ³⁸
1313 5225 1509 5286 Matth.
1543 5241 1659 5294 xxi,
1687 5224 1741 5282 9.
1818 5226 1866 5261 ³³
1895 5223 2037 5282 Ibid.
2070 5227 2157 5282 'IO.

2334 1756 2390 1802 τὸ
2419 1750 2679 1826 ἐξώτερον.
2735 1755 2874 1806 Ἐκεῖ
2911 1757 3059 1806 ἔσται
3103 1756 3129 1806 ό
3178 1754 3440 1826 κλαυθμός
3488 1758 3567 1805 καὶ
3607 1755 3626 1804 ὁ
3665 1750 3833 1824 βρυγμὸς

2336 1849 2433 1892 τῶν
2465 1839 2708 1894 ὀδόντων.
2745 1849 2846 1896 Καὶ
2873 1841 3134 1914 ἀνάγνωθι
3159 1842 3262 1895 ἐκεῖ
3286 1848 3381 1901 την
3409 1852 3498 1895 τὼν
3539 1843 3680 1916 ῥητῶν
3699 1843 3834 1892 τούτων

2335 1930 2626 2002 ἑρμηνείαν.

2407 2019 2542 2077 Πλὴν
2585 2050 2653 2059 -
2691 2040 2811 2091 μου.
2865 2020 2922 2074 Ἠ
2976 2026 3290 2092 κατασφαγὴ
3353 2021 3480 2078 αὕτη
3536 2021 3564 2077 ἣ
3605 2023 3681 2075 τὴν
3717 2015 3752 2067 ἰν
3788 2022 3836 2080 τῷ

2332 2107 2566 2179 μέλλοντί
2605 2109 2753 2161 αἰῶνι
2788 2109 3002 2162 κόλασιν
3051 2119 3147 2162 τῶν
3207 2106 3476 2163 Ἰουδαίων
3528 2103 3838 2180 aquaam-0L5.

2333 2202 2425 2256 τὴν
2481 2197 2527 2248 ἐν
2580 2206 2689 2260 τοῖς
2741 2205 2956 2272 χρόνοις
3009 2200 3413 2252 Οὐεσπασιανοῦ
3439 2204 3521 2251 καὶ
3567 2201 3698 2249 Τίτου
3724 2213 3838 2245 travo-

2330 2287 2412 2339 λεθ
2418 2294 2530 2362 ρίαν
2558 2288 2748 2340 αὐτῶν.

2402 2379 2505 2431 Καὶ
2540 2407 2610 2418 -
2656 2377 3012 2453 Ἰεροσόλυμα.
3057 2375 3299 2438 Σπεύδων
3350 2377 3434 2430 ἰπὶ
3462 2379 3524 2428 τὰ
3546 2376 3669 2430 πάθη
3698 2372 3842 2423 καὶτὸν

2333 2471 2574 2540 σταυρὸν.

2720 2562 2863 2609 ΚΕΦ.
2901 2554 3024 2608 ΞΗ’.
3068 2561 3192 2630 Περὶ
3221 2564 3313 2608 τοῦ
3345 2556 3533 2608 πώλου.

2402 2651 2502 2698 Καὶ
2541 2676 2605 2686 —-
2654 2649 2840 2717 χρείαν
2891 2644 3025 2715 ἔχει.
3073 2652 3238 2697 Τοῦτο
3302 2650 3362 2697 τὸ
3409 2643 3662 2714 κεφάλαιον
3709 2655 3850 2690 τεσσε-

2326 2739 2583 2807 ρακοστὸν
2613 2738 2842 2806 πέμπτον
2870 2735 3103 2805 εὑρήσεις
3135 2733 3182 2785 ἐν
3213 2743 3286 2804 τῷ
3327 2738 3462 2786 κατά
3493 2733 3744 2793 Ματθαίον,
3772 2723 3854 2790 ἑνῷ

2327 2832 2474 2876 πᾶσα
2503 2827 2638 2875 κατά
2667 2824 2816 2894 λόγον
2839 2825 2868 2880 ἠ
2901 2821 3148 2894 ἐξήγησις
3170 2822 3396 2886 ἐξετέθη.

2401 2912 2724 2974 Ἀπελθόντες
2799 2943 2863 2952 —
2953 2913 3178 2970 Ἰησοῦν.
3230 2912 3316 2964 Ἐν
3389 2911 3557 2981 ἐκείνῳ
3630 2911 3707 2958 καὶ
3771 2907 3857 2970 πεΡί

2327 3021 2354 3053 τ
2386 3005 2519 3053 ύτων
2550 3000 2764 3076 ἐρρηθη.

2398 3096 2497 3142 Καὶ
2533 3120 2586 3128 ο·
2615 3087 2745 3160 ὁδῷ.
2776 3089 3186 3162 ’Υπεστρώννυον
3216 3097 3387 3142 ταῦτα
3426 3091 3452 3140 ὁ
3490 3088 3704 3143 πλεῖστος
3727 3080 3860 3152 ὄχλος.

2323 3181 2392 3240 ὡς
2437 3180 2547 3231 εἶπε
2606 3180 2892 3240 ὺΙατθαίος.
2954 3179 3036 3231 Ἐν
3093 3177 3266 3250 ἐκείνῳ
3307 3175 3369 3231 δε
3414 3183 3504 3229 καὶ
3566 3180 3672 3249 περὶ
3717 3173 3861 3221 τούτων

2322 3269 2583 3332 εὑρήσεις.

2392 3355 2717 3428 Ἐγγίζοντος
2793 3352 2852 3408 δὲ
2903 3354 3062 3408 αὐτοῦ
3147 3351 3255 3413 ἤδη
3315 3387 3389 3396 -
3476 3351 3739 3423 δυνάμεων.
3797 3344 3863 3393 Ὧν

2319 3441 2456 3497 εἶδον
2504 3447 2778 3517 θαυμάτων
2837 3442 2884 3496 ὶν
2943 3453 3013 3515 τῷ
3053 3449 3166 3496 τότε
3213 3454 3407 3519 καιρῷ.
3467 3451 3653 3513 Θαύμα
3693 3439 3792 3508 γὰρ,
3826 3439 3866 3481 τὸ

2317 3542 2576 3606 προειπεῖν
2621 3539 2736 3606 περὶ
2779 3541 2871 3585 τοῦ
2914 3533 3086 3585 πωλου
3133 3537 3221 3585 καὶ
3271 3543 3376 3586 τῶν
3430 3538 3617 3606 κυρίων
3646 3527 3793 3588 αὐτοῦ,
3825 3524 3864 3568 τὸ

2323 3620 2522 3694 βαίνειν
2558 3621 2713 3674 αὑτὸν
2745 3621 3020 3692 εὐτάκτως,
3055 3619 3370 3694 ἀδάμαστον
3405 3627 3548 3683 ὄντα,
3593 3622 3646 3672 τὸ
3675 3628 3870 3685 συνιείς·

2321 3713 2472 3770 θῆναι
2525 3715 2610 3762 τὸν
2656 3711 2816 3782 όχλον
2868 3711 2940 3772 εἰς
2985 3714 3244 3768 τοσαύτην
3283 3716 3454 3784 τιμὴν
3495 3715 3582 3761 καὶ
3616 3705 3868 3763 τηλικαύτην

2319 3800 2573 3872 εὐφημίαν
2606 3800 2782 3862 αὐτοῦ,
2819 3804 2909 3851 καὶ
2931 3803 2996 3852 τὰ
3024 3807 3264 3854 τοιαῦτα.

2393 3983 2640 4048 Λέγοντες
2689 4009 2749 4019 -
2807 3983 3022 4052 Κυρίου.
3067 3977 3125 4031 Ὀ
3183 3974 3243 4031 δε
3274 3980 3557 4038 Meuania;
3583 3972 3719 4028 εἶπεν·
3748 3969 3809 4021 ὅτι
3836 3964 3870 4015 θλ

2320 4067 2473 4138 ὄχλοι
2501 4070 2548 4119 οἱ
2571 4070 2886 4141 προάγοντες
2906 4072 2996 4119 καὶ
3015 4067 3063 4119 οἰ
3091 4066 3511 4128 ἀκολουθοῦντες
3540 4065 3732 4140 ἔκραζον

2319 4175 2398 4216 τες
2443 4164 2618 4210 τοῦτο.
2656 4161 2756 4208 Καὶ
2795 4154 3055 4225 ἀνάγνωθι
3102 4155 3203 4208 ἐκεῖ
3245 4161 3342 4214 τὴν
3381 4157 3508 4214 ὃλην
3561 4154 3776 4223 ἐξήγησιν
3799 4150 3868 4193 τίη

2316 4245 2491 4320 ῥητῷν
2550 4249 2766 4310 τούτων,
2813 4245 2948 4318 οῐχρι
3003 4252 3115 4296 τοῦ’
3166 4249 3268 4298 Καὶ
3299 4246 3628 4304 εἰσελθόντος
3654 4241 3785 4292 όταν
3823 4251 3874 4288 εις

2315 4333 2666 4408 Ἰεροσόλυμα,
2701 4333 2912 4391 ἐσείσθη
2946 4341 3094 4386 πᾶσα
3127 4335 3152 4392 ὃ
3186 4334 3366 4397 πόλις.

2389 4512 2579 4586 Εἰρήνη
2638 4543 2700 4552 -
2761 4509 3026 4581 ὑψίστοις.
3082 4512 3163 4564 Ἐν
3203 4509 3381 4586 ἐκείνη
3436 4520 3498 4586 τῇ
3555 4510 3771 4579 ἐξηγήσει
3807 4500 3868 4548 καὶ

2313 4611 2478 4654 ταῦτα
2530 4598 3012 4674 διηρμηνεύθησαν.
3081 4600 3365 4664 Βλέποντες
3439 4607 3546 4676 γὰρ
3603 4601 3648 4651 οἱ
3694 4590 3869 4667 μαθηταὶ

2314 4694 2435 4751 τοὺς
2490 4689 2682 4761 ὄχλους
2748 4689 2879 4741 οὕτω
2944 4697 3223 4751 ποιοῦντας
3282 4697 3386 4743 καὶ
3449 4693 3582 4743 οὕτω
3630 4684 3865 4759 κράξθντθῦ

2317 4778 2719 4850 σννηγάλλοντο,
2779 4783 2869 4829 καὶ
2926 4779 3116 4850 ὁμοίως
3206 4776 3401 4845 ἐϐόων,
3487 4775 3868 4833 συνειθονοιὼἳτὶἒ

2316 4869 2512 4930 αὐτοῖς.

2385 4962 2485 5010 Καὶ
2563 4976 2691 5018 τινες
2764 4986 2830 4996 -ο
2914 4955 3281 5029 κεκράξονται,
3382 4956 3669 5031 Ἀνάγνωθι
3731 4947 3769 5001 'a
3820 4947 3865 5008 τῷ

2313 5043 2598 5106 δηλωθέντι
2639 5045 2896 5119 κεφαλαίῳ
2947 5042 3244 5107 ἀκολούθως
3311 5052 3416 5107 τὴν
3501 5047 3745 5121 ἑρμηνείαν
3787 5039 3865 5086 τεν

1751 5403 1978 5474 Varias
2016 5403 2343 5475 lectiones
2390 5413 2456 5472 et
2501 5409 2703 5474 notae.

615 5637 730 5722 (36)
760 5639 861 5692 Καὶ
889 5634 1104 5696 omittit
1133 5629 1200 5692 Β.
