3994 6218
185 243 320 309 1063

1297 240 1666 311 cumnam.
1705 205 1781 308 lN
1819 247 2077 312 LUCAM.
2117 285 2185 297 —
2224 251 2384 311 CAP.
2417 247 2525 310 xx.

3417 248 3556 312 1066

189 381 253 432 Οἱ
302 374 362 430 δὲ
410 377 562 450 ὄχλοι
613 377 802 449 ἔλεγον.
860 378 1024 438 Οὗτός
1075 376 1216 430 ἔστιν
1268 378 1476 440 Ἰησοῦς
1523 379 1549 430 ό
1587 383 1779 451 προφή-

1928 378 2463 451 uterpretatiouem.
2501 379 2708 437 Turba:
2753 387 2950 438 autem
2981 379 3289 438 dicebant:
3318 381 3426 436 Hic
3470 385 3556 437 est

183 485 314 528 της·
357 464 407 517 ἄν
455 465 618 540 ἐκείνῃ
668 470 766 543 γὰρ
819 471 910 519 καὶ
960 474 1130 519 ταῦτα
1179 464 1634 540 ίμνημονεύθησαν
1695 472 1786 520 καὶ

185 554 510 627 ἕσαφηνίσθη
520 574 636 610 σαν.

255 649 354 696 Καὶ
399 646 463 705 ὡς
502 675 572 686 -
630 644 815 702 αὐτήν.
863 649 1137 697 Γινώσκων
1186 643 1348 703 αὐτὴν
1393 640 1466 697 δι’
1497 643 1784 719 ὑπερϐολὴν

180 737 436 807 πονηρίας
525 732 984 806 ἕκτριϐησομένην,
1081 732 1528 808 ἀνθρωποπρεπῶς
1619 732 1785 785 κλαίει

178 826 376 881 ταύτην
455 819 529 874 δι’
608 821 890 896 ὑπερϐολὴν
971 820 1316 894 ἁγαθότητος,
1405 818 1783 895 ἇνδεικνύμενος

178 909 476 976 κάντεῦθεν,
525 912 611 964 οἶα
643 911 928 984 σπλάγχνα
974 909 1087 984 εἶχε
1136 915 1256 984 περὶ
1307 914 1429 972 τοὺς
1480 910 1785 984 ἀγνώμονας

178 997 499 1062 Ἰουδαίους.

253 1093 434 1162 Λίγων
507 1121 575 1130 -—-
646 1109 762 1144 σου.
836 1088 1183 1150 Ἐλλιιπτικός
1243 1091 1268 1140 ό
1332 1089 1499 1161 λόγος·
1568 1087 1784 1141 ἐλλείπει

176 1181 282 1253 γὰρ
349 1183 428 1250 τό,
457 1178 567 1230 Οὔκ
617 1177 677 1229 ἂν
730 1177 959 1231 ἀπώλου.
1016 1178 1250 1232 Εἰώθασε
1278 1181 1379 1250 γὰρ
1428 1180 1477 1230 οἱ
1522 1177 1785 1240 κλαίοντες

180 1266 558 1320 ἐπικόπτεσθαι
585 1272 700 1328 τοὺς
738 1267 930 1338 λόγους
970 1269 1070 1320 ὑπὸ
1123 1275 1219 1328 τῆς
1265 1275 1357 1319 τοῦ
1408 1268 1602 1327 πάθους
1661 1286 1785 1338 σφο-

181 1353 457 1431 δρότητος.
489 1355 554 1409 Ὀ
586 1352 645 1408 δὲ
686 1356 841 1428 λέγει,
887 1361 1121 1408 τοιοῦτόν
1167 1355 1330 1409 ἐστιν’
1387 1357 1448 1408 Εἰ
1496 1359 1647 1428 ἔγνως
1693 1361 1783 1410 καὶ

183 1450 249 1498 σὺ
295 1445 343 1497 ἐν
381 1453 444 1518 τῇ
494 1448 663 1518 ἡμέρᾳ
707 1465 802 1497 σου
856 1447 1045 1515 ταύτῃ,
1091 1449 1358 1498 τουτέστιν
1407 1443 1455 1496 ἐν
1507 1454 1576 1517 τῷ
1617 1453 1783 1518 καιρῷ

182 1554 280 1586 σου
322 1538 510 1604 τούτῳ,
561 1533 676 1586 καθ’
727 1537 780 1586 ὄν
829 1533 928 1606 ἐγὼ
988 1531 1250 1606 ἐπιδημῶο
1314 1537 1400 1594 σός
1459 1537 1558 1607 γὰρ
1613 1534 1780 1601 οὗτος,

178 1627 258 1676 ὅτι
302 1621 397 1675 διὰ
443 1627 499 1676 σε
544 1628 943 1696 προηγουμένως
1003 1623 1382 1696 ἐνηνθρωπησά
1431 1643 1486 1675 τε
1526 1627 1616 1674 καὶ
1669 1621 1782 1674 ἕπε-

1893 470 2060 524 Jesus
2085 470 2378 538 propheta
2411 469 2459 504 ⁴⁰
2482 486 2495 536 ;
2516 469 2598 525 ibi
2617 469 2773 526 enim
2798 470 2926 526 haec
2947 470 3248 528 declarata
3265 485 3336 526 ac
3362 469 3556 526 mani-

1895 557 2114 613 festata
2145 562 2300 613 sunt.

1965 645 2127 701 Vers.
2189 647 2277 701 41.
2343 647 2414 702 Et
2463 655 2777 720 postquam
2820 679 2891 690 -—
2938 647 3072 705 illa.
3142 647 3344 704 Sciens
3387 646 3553 704 illam

1893 735 2369 808 propterimmeu
2380 751 2446 791 sa
2462 735 2608 792 vitia
2618 737 3065 804 destruendam,
3083 737 3354 794 humano
3371 736 3552 794 modo

1891 824 2088 895 ipsam
2130 839 2253 896 praa
2309 824 2607 881 immensa
2661 842 2772 881 sua
2811 825 3078 883 bonitate
3133 826 3331 894 deﬂet,
3371 825 3553 882 etiam

1893 913 2030 968 hinc
2061 912 2404 980 ostendens,
2435 913 2640 985 qualia
2671 913 2915 970 haberet
2943 930 3088 984 erga
3136 915 3402 984 ingratos
3448 913 3554 971 Ju-

1892 1001 2058 1058 daaos
2090 1001 2340 1058 viscera.

1964 1091 2123 1146 Vers.
2154 1091 2240 1146 42.
2279 1091 2488 1146 Dicens
2513 1122 2581 1134 —
2613 1097 2798 1149 tuam.
2832 1091 3167 1149 Defectivus
3196 1108 3394 1149 sermo
3424 1097 3509 1150 est
3535 1109 3550 1160 ;

1892 1179 2090 1235 deﬁcit
2127 1179 2288 1235 enim
2321 1199 2335 1238 :
2365 1179 2760 1253 Nequaquam
2807 1183 3052 1254 perires.
3110 1183 3555 1238 Cousueverunt

1892 1267 2047 1325 enim
2068 1268 2278 1324 ﬂentes
2297 1269 2479 1324 verba
2501 1285 2623 1341 pra‘.
2641 1269 2890 1326 affectus
2907 1269 3286 1326 vehementia
3311 1268 3556 1325 abrum-

1893 1373 2051 1430 pere.
2112 1357 2280 1422 Quod
2337 1361 2538 1413 autem
2593 1358 2692 1428 ait,
2757 1358 3135 1414 tantumdem
3201 1362 3307 1422 est,
3376 1373 3445 1414 ac
3501 1357 3552 1414 si

1892 1447 2114 1502 diceret
2145 1461 2156 1500 :
2187 1446 2241 1501 Si
2271 1460 2660 1515 cognosceres
2693 1450 2752 1502 et
2795 1451 2858 1502 tu
2890 1447 2949 1502 in
2977 1446 3070 1502 die
3098 1447 3233 1513 hoc,
3268 1446 3326 1502 id
3358 1451 3466 1512 est,
3495 1446 3552 1502 iu

1893 1535 2008 1590 hoc
2054 1539 2342 1605 tempore,
2375 1549 2497 1606 quo
2528 1550 2637 1605 ego
2667 1535 2762 1590 hic
2790 1550 3112 1591 conversor
3144 1551 3156 1600 ;
3192 1539 3358 1590 tuum
3391 1534 3552 1590 enim

1895 1629 2000 1689 est,
2061 1624 2199 1694 quia
2261 1629 2495 1695 prOpter
2547 1629 2600 1680 te
2676 1623 3056 1695 potissimum
3113 1624 3550 1679 humanitatem

179 1710 426 1786 δήμησα·
473 1713 515 1764 εἰ
541 1715 695 1784 ἔγνως
723 1716 787 1764 τὰ
812 1716 938 1786 πρὸς
963 1712 1170 1786 εἰρήνην
1209 1732 1323 1779 σου,
1367 1715 1432 1765 τὰ
1461 1712 1779 1784 εἰρηνεύοντά

1928 1712 2215 1784 .ssumpsi,
2250 1717 2305 1766 et
2333 1712 2685 1784 peregrinus
2717 1711 2962 1769 effectus
3011 1729 3166 1768 sum.
3225 1713 3283 1768 Si
3329 1728 3554 1784 cogno-

177 1821 237 1854 σε
268 1805 404 1874 πρός
443 1805 593 1870 Θεὸν,
641 1801 792 1853 ἅτινά
835 1801 964 1854 εἰσιν
995 1803 1025 1860 ἡ
1064 1801 1130 1862 εἰς
1187 1799 1273 1874 ἐμὲ
1323 1804 1408 1853 τόν
1457 1803 1576 1853 Υἱόν
1626 1799 1784 1852 αὐτοῦ

171 1897 385 1956 πίστις,
408 1895 497 1942 καὶ
520 1893 550 1948 ἡ
585 1886 872 1966 παραδοχὴ
908 1899 1000 1942 τοῦ
1034 1889 1158 1962 ἐμοῦ
1201 1893 1559 1963 κηρύγματος,
1594 1888 1688 1941 οὐκ
1727 1887 1786 1940 ἂν

174 1979 413 2033 ἀπώλου.
474 1979 543 2032 Τό
598 1975 657 2032 δί
707 1985 858 2051 καίγε
899 1983 1137 2055 περιττὸν
1202 1986 1384 2051 κεῖται,
1435 1975 1632 2051 ἰδίωμα
1693 1986 1789 2038 τῆς

190 2068 460 2142 Εϐραίκῆς
489 2072 542 2121 ὄν
575 2078 904 2143 συγγραφῆς.

249 2342 364 2388 Νῦν
389 2365 458 2375 -
486 2353 601 2389 σου.
639 2333 863 2408 Ἐκρύϐη
892 2341 1061 2387 ταῦτα
1097 2332 1198 2387 ἀπὸ
1229 2342 1328 2386 τῶν
1377 2333 1648 2406 ὀφθαλμῶν
1696 2341 1788 2394 τῆς

170 2425 366 2496 ψυχῆς
396 2443 511 2495 σου,
537 2427 696 2495 ἤγουν
726 2426 1138 2499 παρωράθησαν.

246 2513 374 2565 Ὀτι
407 2544 473 2553 -
524 2531 627 2566 σοι.
682 2519 880 2578 Ταῦτα,
936 2515 1003 2574 ὡς
1072 2511 1172 2565 ἀπὸ
1223 2511 1396 2586 ἀρχῆς
1441 2509 1601 2578 ἰδὶας,
1659 2510 1784 2564 ἀνα-

165 2607 453 2673 γνωστέον.
509 2605 579 2654 Τὸ
613 2605 714 2675 γὰρ
755 2604 835 2654 ὅτι
873 2606 1196 2674 προφητικὸν
1241 2601 1376 2655 ἔστιν
1427 2601 1647 2654 ἔνταῦθα
1693 2606 1783 2654 καὶ

169 2688 594 2762 διηγηματικόν.
626 2690 844 2763 Ἡμέρας
887 2694 976 2763 μὲν
1005 2688 1091 2743 οὖν
1121 2691 1278 2762 λέγει,
1310 2695 1404 2754 τὰς
1433 2701 1526 2754 τῆς
1573 2695 1782 2768 πολιορ-

160 2784 314 2842 κίας·
350 2779 575 2856 ἐχθροὺς
595 2776 656 2832 δὲ
680 2779 839 2841 αὐτῆς
855 2784 971 2840 τοὺς
990 2779 1290 2852 Ῥωμαίους,
1313 2781 1529 2856 ὕστερον
1547 2784 1781 2855 χαλεπή-

156 2887 378 2930 ναντας.

239 2962 347 3010 Καὶ
379 2986 451 2998 —-
490 2961 600 3014 σοί.
653 2961 753 3010 Καὶ
781 2959 848 3009 τὰ
895 2961 1046 3010 τέκνα
1099 2977 1194 3011 σου
1246 2958 1297 3011 ἔν
1352 2964 1456 3026 σοι,
1497 2957 1776 3035 ἕδαφιοῦσι

154 3044 438 3105 δηλονότι.

237 3141 345 3189 Καὶ
401 3134 496 3187 οὐκ
546 3166 613 3177 -—
663 3134 811 3208 λίθῳ.
876 3137 1142 3189 Σύνεθισιν
1198 3135 1374 3208 λίθων,
1424 3141 1585 3211 ἤγουν
1637 3140 1775 3194 οἰκο-

153 3223 412 3298 δόμημα.

233 3314 384 3370 Ἀνθ’
425 3345 494 3354 --
534 3331 650 3367 σου.
684 3317 822 3366 Διότι
855 3314 949 3366 οὐκ
979 3316 1133 3386 ἔγνως
1155 3319 1238 3367 τόν
1269 3319 1448 3390 καιρόν
1473 3325 1570 3380 τῆς
1599 3317 1776 3393 ἐπιμε-

152 3403 301 3463 λείας
335 3421 452 3456 σου.
483 3400 542 3454 ⁸0
580 3404 678 3476 γὰρ
718 3405 901 3476 καιρός
930 3411 1021 3463 τῆς
1055 3400 1337 3475 ἕπιδημίας
1375 3424 1476 3478 μου
1502 3411 1682 3480 καιρός
1714 3405 1774 3467 ἦν

155 3499 262 3552 τῆς
289 3489 584 3560 ἐπιμελείας
606 3495 696 3543 καὶ
728 3495 988 3564 σωτηρίας
1017 3510 1132 3547 σου.

238 3585 347 3634 Καὶ
431 3579 668 3632 εἰσελθὼν
744 3609 810 3621 -
894 3579 1121 3654 λῃστῶν.
1185 3581 1504 3657 Πλατύτερον
1579 3584 1775 3659 ἔγραψε

155 3675 284 3744 περὶ
330 3671 525 3722 τούτων
584 3670 609 3720 ὀ
656 3670 925 3731 Ματθαῖος
981 3669 1030 3722 ἐν
1075 3679 1148 3742 τῷ
1198 3671 1326 3724 τέλει
1376 3681 1468 3725 τοῦ
1520 3694 1776 3751 τεσσαρα-

153 3765 365 3811 κοστοῦ
419 3761 659 3829 πέμπτου
719 3757 1022 3831 κεφαλαίου,
1083 3765 1173 3814 καὶ
1224 3762 1457 3823 ζήτησον
1515 3761 1620 3817 ἐκεῖ
1677 3770 1770 3825 τὴν

151 3849 448 3920 ἐξήγησιν.

236 3940 338 3989 Καὶ
371 3933 432 3995 ἦν
473 3931 744 3989 διδάσκων
768 3969 834 3978 -
865 3936 1081 3992 ἁκούων.
1117 3935 1515 4014 Διδασκόμενος.

149 4121 310 4168 ΚΕΦ.
383 4114 510 4170 ΞΘ’,
596 4120 720 4188 Περὶ
790 4123 890 4168 τῶν
947 4115 1378 4190 ἐπερωτησάντων
1437 4123 1522 4173 τόν
1578 4123 1766 4198 Κύριον

563 4201 847 4279 ἀρχιερέων
878 4210 967 4258 καὶ
995 4213 1367 4280 γραμματέων.

233 4296 340 4345 Καὶ
399 4290 592 4363 ἕγένετο
641 4323 710 4335 -
762 4296 991 4362 ταύτην;
1026 4299 1239 4370 Εἴρηται
1299 4303 1414 4370 περὶ
1466 4302 1661 4351 τούτων
1717 4299 1766 4352 ἒν

1899 1817 2124 1865 sceres,
2146 1802 2416 1874 inquam,
2435 1816 2569 1872 quae
2583 1801 2660 1856 ad
2684 1817 2894 1872 pacem
2909 1808 3072 1856 tuam
3086 1801 3551 1874 pertinent,quae

1897 1895 1951 1946 te
1973 1906 2114 1960 erga
2142 1891 2325 1946 Deum
2354 1889 2696 1962 paciﬁcaut,
2727 1906 2864 1963 qua:
2894 1895 3034 1946 sunt
3058 1895 3160 1947 aut
3187 1890 3338 1946 ﬁdes
3364 1890 3424 1946 in
3456 1906 3552 1946 me

1896 1978 2104 2034 Filium
2160 1979 2312 2050 ejus,
2361 1984 2463 2034 aut
2509 1971 2658 2035 nfeae
2724 1978 3168 2051 praadicationis
3227 1978 3550 2051 susceptio,

1897 2083 2284 2140 nequaquam
2317 2066 2558 2139 perires.
2593 2067 2766 2133 Quod
2808 2073 3010 2124 autem
3042 2067 3451 2140 interponitur,
3498 2073 3552 2124 et

1897 2156 2152 2228 quidem,
2182 2154 2552 2228 superﬂuum
2604 2160 2710 2221 est,
2743 2161 3036 2228 tanquam
3078 2156 3415 2229 proprietas
3445 2155 3552 2212 He-

1895 2245 2115 2302 braicaa
2144 2245 2619 2317 compositionis.
3055 2240 3058 2242 ⁷

1969 2335 2128 2390 Vers.
2161 2338 2250 2390 42.
2278 2335 2456 2391 Nune
2486 2364 2551 2375 —
2575 2335 2710 2391 tuis.
2743 2334 3100 2391 Abscondita
3139 2339 3276 2391 sunt
3303 2335 3432 2391 haec
3474 2335 3552 2392 ab

1894 2422 2082 2479 oculis
2113 2424 2330 2479 animm
2361 2429 2480 2479 tuae
2514 2442 2525 2481 :
2557 2421 2682 2478 sive
2721 2429 3084 2495 contempta,
3118 2423 3406 2493 neglecta.

1965 2512 2128 2568 Vers.
2163 2515 2251 2568 43.
2300 2512 2469 2580 Quod
2498 2543 2566 2553 —
2607 2519 2680 2568 te.
2715 2515 2846 2568 Haec
2878 2517 3170 2584 tauquam
3201 2512 3279 2569 ab
3310 2512 3552 2569 exordio

1894 2600 2131 2674 proprio
2163 2600 2414 2671 legenda
2461 2606 2619 2656 sunt.
2663 2603 2813 2657 Nam
2844 2602 3040 2672 ipsum
3076 2603 3253 2673 quod,
3299 2602 3554 2674 prophe-

1893 2691 2072 2746 ticum
2126 2695 2216 2746 est
2254 2689 2347 2745 hic
2399 2698 2455 2746 et
2507 2690 2896 2745 narrativum.
2954 2691 3086 2745 Dies
3158 2691 3357 2761 itaque
3413 2691 3554 2746 dicit

1889 2778 2291 2843 obsessionis;
2325 2778 2603 2834 inimicos
2653 2793 2796 2834 vero
2843 2777 3022 2844 illius,
3080 2780 3400 2842 Romanos,
3446 2778 3551 2851 qui

1890 2867 2276 2941 postmodum
2309 2867 2368 2922 in
2401 2883 2539 2922 eum
2575 2868 2912 2924 saavieruut.

1962 2959 2120 3012 Vers.
2153 2959 2241 3012 44.
2295 2955 2374 3012 Ει
2406 2987 2474 2997 -
2500 2961 2570 3013 te.
2617 2958 2684 3012 Et
2717 2955 2871 3012 ﬁlios
2902 2959 3032 3012 tuos
3071 2955 3235 3025 inte,
3280 2955 3550 3015 videlicet

1806 3069 1847 3127 ρ
1889 3045 2017 3102 solo
2055 3050 2450 3118 prosternent.

1959 3136 2120 3191 Vers.
2144 3135 2239 3192 44.
2277 3136 2398 3191 Nec
2417 3165 2481 3176 -
2510 3133 2789 3204 lapidem.
2809 3134 2932 3190 Hoc
2955 3138 3063 3202 est,
3086 3133 3355 3208 lapidum
3384 3151 3549 3193 com-

1886 3225 2271 3297 positionem,
2305 3224 2422 3279 sive
2453 3227 2830 3279 structuram.

1958 3316 2118 3369 Vers.
2147 3313 2236 3369 44.
2286 3313 2375 3369 Eo
2409 3312 2558 3384 quod
2585 3343 2654 3352 ——
2683 3319 2818 3370 tua.
2875 3311 3023 3378 Quia
3074 3327 3198 3368 non
3247 3312 3545 3383 aguovisti

1885 3407 2122 3475 tempus
2143 3419 2301 3459 curae
2331 3408 2477 3469 tuae;
2506 3407 2735 3474 tempus
2754 3417 3016 3475 namque
3049 3402 3544 3474 peregrinationis

1882 3508 2033 3548 mete
2064 3498 2190 3548 erat
2228 3497 2456 3562 tempus
2483 3506 2640 3546 cura
2671 3489 2878 3546 salutis
2907 3496 3040 3546 tuae.

1954 3582 2114 3638 Vers.
2167 3582 2256 3636 45.
2315 3582 2391 3635 Et
2438 3580 2732 3650 ingressus
2771 3609 2837 3620 —
2867 3579 3032 3634 Vers.
3077 3583 3168 3636 46.
3212 3581 3538 3637 latronum.

1880 3670 2083 3726 Latius
2121 3669 2195 3726 de
2225 3669 2318 3724 his
2351 3669 2586 3740 scripsit
2614 3667 2920 3724 Mattheus
2949 3668 3008 3723 in
3039 3669 3158 3725 ﬁne
3199 3669 3540 3742 quadrage-

1880 3759 2016 3815 simi
2064 3759 2252 3832 quinti
2310 3756 2544 3830 capitis,
2592 3762 2646 3813 et
2680 3757 2761 3813 ibi
2818 3773 3022 3830 quaere
3075 3758 3535 3815 enarrationem.

1946 3937 2112 3994 Vers.
2140 3940 2230 3993 47.
2273 3939 2348 3994 Et
2375 3937 2615 3994 docebat
2650 3968 2726 4005 _—
2753 3936 2918 3992 Vers.
2950 3935 3039 3992 48.
3074 3937 3335 3995 audiens.
3389 3939 3536 3995 Cum

1877 4027 1954 4084 ab
1993 4044 2064 4082 eo
2095 4028 2430 4082 doceretur.

1948 4116 2100 4173 CAP.
2135 4116 2320 4171 LXIX.
2365 4117 2452 4171 De
2496 4114 2890 4170 sacerdotibus
2928 4120 2981 4171 et
3012 4115 3219 4170 scribes
3243 4131 3309 4172 ac
3353 4116 3528 4171 senio-

1873 4205 2048 4270 ribus,
2089 4205 2196 4276 qui
2236 4206 2534 4260 Dominum
2567 4205 3038 4273 interrogabant.

1943 4293 2098 4349 CAP.
2135 4295 2239 4348 XX.
2273 4295 2436 4348 Vers.
2479 4294 2529 4346 l.
2558 4293 2631 4346 Et
2672 4292 2890 4347 accidit
2912 4323 2978 4334 —
3010 4293 3168 4348 Vers.
3215 4296 3269 4345 2.
3301 4292 3472 4348 istam
3504 4291 3533 4346 τ

145 4390 233 4452 τῷ
286 4389 698 4454 τεσσαρακοστῷ
753 4379 923 4456 ὀγδόῳ
973 4383 1229 4458 κεφαλαίῳ
1294 4394 1387 4439 τοῦ
1441 4391 1575 4440 κατὰ
1625 4395 1767 4442 Ματ-

1928 4384 2106 4439 ictum
2158 4387 2245 4438 est
2294 4381 2369 4437 de
2422 4381 2512 4435 his
2563 4380 3031 4453 quadragesimo
3077 4385 3292 4436 octavo
3338 4380 3530 4452 capite

147 4473 313 4523 Θαῖον
325 4513 339 4525 .

233 4560 573 4632 ’Δποκριθεὶς
593 4589 662 4600 —
691 4557 840 4614 εἶναι.
864 4561 1184 4628 Ἀκολούθως
1211 4563 1259 4617 ἐν
1280 4572 1351 4636 τῷ
1373 4568 1591 4639 τοιούτῳ
1617 4585 1768 4640 κεφα-

136 4649 292 4720 λαίῳ
323 4653 417 4700 καὶ
447 4656 615 4701 ταῦτα
643 4647 1089 4722 ἐσαφηνίσθησαν.

239 4741 349 4791 Καὶ
379 4767 451 4779 -
477 4745 628 4792 ποιῶ.
655 4737 878 4812 Ὁμοίως
903 4745 992 4794 καὶ
1020 4749 1207 4796 ταῦτα.
1250 4749 1348 4797 Καὶ
1381 4743 1638 4818 ἀνάγνωθι
1667 4743 1770 4798 ἐκεῖ

133 4826 278 4898 (37)
319 4829 419 4884 τήν
450 4826 717 4898 ἐξήγησιν.

519 4921 663 4971 ΚΕΦ.
699 4916 779 4972 Ο’.
813 4921 939 4992 Περὶ
962 4926 1056 4971 τοῦ
1081 4918 1394 4992 ἀμπελῶνος.

227 5001 466 5078 Ἐρξατο
531 5033 601 5044 --
659 5007 883 5068 ίκανούς.
949 5009 1092 5067 Αὕτη
1162 5011 1192 5068 ἡ
1259 5010 1526 5086 παραϐολὴ
1582 5031 1768 5072 πεντη-

125 5098 358 5150 κοστόν
413 5091 527 5146 ἔστι
574 5094 847 5168 κεφάλαιον
895 5105 988 5150 τοῦ
1035 5101 1170 5152 κατὰ
1211 5103 1496 5157 Ματθαῖον.
1545 5106 1646 5156 Καὶ
1673 5102 1768 5164 ζὴ-

221 5274 321 5328 40.
357 5272 561 5330 κείω.
592 5288 714 5340 xxi,
751 5275 834 5332 11.

1876 4471 2170 4542 Evangelii
2208 4470 2537 4526 secundum
2568 4469 2928 4525 Matthaaum.

1949 4561 2111 4617 Vers.
2159 4564 2210 4616 3.
2254 4559 2630 4629 Respondens
2662 4560 2902 4613 ——Vers.
2954 4561 3006 4613 6.
3055 4558 3264 4627 fuisse.
3317 4559 3531 4615 Conse-

1875 4657 2128 4725 quenter
2158 4651 2215 4705 in
2239 4649 2336 4704 illo
2383 4647 2577 4720 capite
2607 4648 2785 4703 etiam
2815 4647 2940 4702 haec
2969 4646 3342 4703 manifestata
3369 4652 3526 4704 sunt.

1952 4742 2112 4796 Vers.
2166 4741 2222 4795 7.
2268 4740 2334 4794 Et
2378 4769 2430 4780 —
2473 4736 2636 4793 Vers.
2688 4735 2740 4791 8.
2762 4735 3002 4806 faciam.
3047 4734 3321 4794 Similiter
3349 4738 3529 4794 etiam

1875 4831 2002 4889 haec
2035 4837 2127 4886 :et
2166 4829 2244 4885 ibi
2276 4830 2404 4898 lege
2439 4826 2895 4884 enarrationem.

1950 4920 2099 4976 CAP.
2133 4919 2283 4973 LXX.
2314 4919 2395 4974 De
2423 4916 2612 4972 vinea.

1948 5012 2110 5065 Vers.
2139 5009 2197 5062 9.
2230 5007 2401 5078 Capit
2425 5037 2478 5047 —
2512 5005 2718 5061 multa.
2755 5007 2886 5060 Haec
2910 5003 3202 5077 parabola
3239 5005 3531 5077 quinqua-

1879 5099 2176 5172 gesimum
2206 5101 2488 5170 estcaput
2503 5094 2790 5169 Evangelii
2804 5093 3132 5151 secundum
3157 5094 3528 5152 Matthaaum:

1371 5377 1599 5448 Variae
1645 5376 1975 5448 lectiones
2023 5384 2089 5445 et
2126 5384 2330 5444 notae.

236 5565 364 5642 (37)
392 5567 478 5624 Ἐν
498 5563 695 5643 ἓκείνῳ,
724 5583 836 5642 pro
867 5566 970 5626 ἕκιϊ
994 5575 1053 5628 Β.

493 5666 739 5725 ΡΔΤΒΟΙ..
786 5667 890 5728 Gn.
932 5669 1177 5733 CXXIX.

3242 5665 3314 5736 34
