3994 6218
266 219 381 304 £969

1257 212 1628 300 cannam.
1669 222 1742 284 ω
1770 221 2028 312 auctu.
2069 256 2137 270 _
2177 221 2333 284 CAP.
2373 221 2532 284 xxx.

3455 226 3597 320 407,0

266 346 509 429 κεφαλαίῳ,
537 348 657 400 ἔνθα
697 354 865 402 κεῖται
892 351 952 400 τό
971 367 984 381 ·
1037 347 1125 400 Ἐν
1152 350 1253 423 γὰρ
1299 357 1362 422 τῇ
1396 348 1682 404 ἀναστάσει
1712 355 1828 405 οὔτε

1981 352 2364 428 iterpretatio,
2411 351 2512 410 ubi
2540 351 2758 428 dicitur
2802 369 2816 408 :
2863 353 2933 410 In
2972 352 3400 412 resurrectione
3442 355 3593 412 enim

266 444 485 511 γαμοῦσι,
511 438 625 489 οὔτε
655 434 1046 511 ἐκγαμίζονται,
1080 443 1167 491 καὶ
1196 440 1263 491 τὰ
1289 438 1372 502 ἐξῆ
1384 460 1424 501 ς.

325 614 431 669 Ὀτι
447 647 511 657 -
533 613 720 688 βάτου.
744 613 1036 674 Ἐδὴλωσεν
1052 615 1135 670 ἰπὶ
1149 625 1246 680 τῆς
1272 623 1478 691 Γραφῆς
1504 627 1598 682 τῆς
1621 617 1788 692 βάτου
1810 636 1825 651 ·

265 704 384 774 αὕτη
411 701 468 758 δι
493 705 768 778 ἱστόρηται
797 706 848 760 ἐν
879 712 940 779 τῇ
974 703 1142 779 βίϐλῳ
1170 713 1266 769 τῆς
1295 703 1531 770 Ἐξὸδου.

323 880 397 942 Ὠς
421 880 553 954 λέγει
589 912 659 924 -
713 883 868 944 ζῶσι.
899 887 1001 938 Καὶ
1042 887 1160 960 περὶ
1208 886 1402 938 τούτων
1450 883 1743 947 ἀκολούθως
1783 883 1832 938 έν

258 978 324 1041 τῷ
371 965 646 1029 δηλωθέντι
694 971 951 1046 κεφαλαίῳ
986 979 1078 1026 τοῦ
1128 976 1402 1028 Ματθαίου
1455 976 1658 1050 εἴρηται
1680 991 1694 1005 ⁶
1744 979 1834 1028 καὶ

265 1063 473 1124 ζήτησον
502 1059 622 1115 ἱκεί.

319 1148 696 1221 ’Δποκριθέντες
749 1179 817 1189 -
875 1145 1049 1204 οὐδέν.
1101 1149 1242 1204 Ἐκεῖ
1306 1155 1397 1205 καὶ
1444 1159 1610 1205 ταῦτα
1678 1149 1833 1225 ἄμνη-

252 1238 581 1309 μονεύθησαν,
664 1239 785 1292 ἔνθα
845 1242 942 1292 τό⁸
1005 1245 1106 1293 Καὶ
1175 1239 1486 1304 ἀκούσαντες
1559 1243 1608 1295 οἱ
1681 1240 1835 1314 ὄχλοι

249 1325 604 1389 ἕξιπλήσσοντο
635 1325 719 1380 ἐπὶ
748 1335 810 1400 τῇ
853 1325 890 1381 δ
895 1324 1064 1402 ιδαχῇ
1099 1329 1280 1386 αὐτοῦ.

253 1420 385 1470 ΚΕΦ.
454 1413 574 1470 ΟΓ’.
641 1417 932 1490 Ἐρώτησις
987 1422 1113 1490 πρὸς
1169 1422 1287 1481 τούς
1351 1424 1664 1495 Φαρισαίους
1725 1428 1836 1483 πῶς

624 1503 768 1557 ἐστιν
797 1509 911 1568 υἱὸς
937 1505 1104 1559 Δαυίδ
1129 1509 1156 1560 6
1193 1514 1440 1580 Χριστὸς.

310 1588 428 1644 Εἰπε
454 1623 518 1632 -
566 1591 719 1662 ﬁeri;
751 1596 1018 1657 Ματθαίος
1069 1591 1128 1649 δέ
1172 1616 1330 1669 φησιν
1376 1595 1424 1650 έν
1468 1597 1540 1668 τῷ
1579 1616 1833 1656 πεντηκο-

1939 456 2125 512 neque
2155 442 2507 498 contrahent
2539 441 3010 507 matrimonium,
3030 459 3216 515 neque
3235 445 3452 514 nuptui
3475 451 3596 501 tra-

1935 528 2152 585 dentur
2173 531 2240 590 ιβ.

2010 619 2170 674 Vers.
2205 623 2292 676 37.
2330 619 2499 687 Quod
2534 652 2586 662 —
2617 620 2849 677 rubum.
2903 620 2965 676 [d
2996 624 3102 687 est,
3151 621 3504 692 signiﬁcavit
3533 621 3594 678 in

1941 710 2234 780 Scriptura
2262 708 2336 764 de
2377 708 2530 765 rubo
2569 724 2583 778 ;
2642 709 2770 766 haec
2819 715 3018 767 autem
3074 709 3300 782 scripta
3347 715 3487 766 sunt
3531 709 3593 766 in

1939 797 2092 854 libro
2123 797 2308 853 Exodi
2334 799 2400 850 ⁸⁵.

2011 887 2173 942 Vers.
2197 889 2283 942 37.
2321 885 2462 942 Cum
2499 886 2647 944 dicit
2689 918 2759 927 —
2787 887 2948 943 Vers.
2977 890 3064 944 38.
3125 888 3357 944 vivunt.
3403 883 3593 943 Etiam

1940 974 2016 1031 de
2048 974 2138 1031 his
2153 973 2616 1046 priedictojuxta
2643 975 2984 1032 Matthaeum
2997 976 3187 1047 capite
3201 975 3428 1030 dictum
3459 979 3547 1031 est
3577 991 3591 1044 ;

1941 1070 1998 1121 et
2028 1063 2108 1120 ibi
2129 1079 2330 1136 quaere
2360 1064 2818 1120 enarrationem.

2015 1153 2173 1208 Vers.
2202 1156 2288 1209 39.
2332 1153 2769 1222 Respondentes
2809 1183 2877 1193 -—
2940 1152 3098 1208 Vers.
3151 1155 3238 1208 40.
3293 1151 3470 1209 nihil.
3510 1150 3598 1208 Ibi

1939 1241 2157 1297 horum
2183 1257 2428 1315 quoque
2459 1241 2613 1298 facta
2638 1249 2724 1297 est
2756 1240 2973 1297 mentio
3000 1240 3100 1296 ubi
3132 1240 3348 1296 dicitur
3380 1256 3392 1294 :
3425 1240 3600 1296 Cum-

1941 1346 2054 1404 que
2081 1330 2368 1386 audissent
2387 1331 2596 1396 turbce,
2615 1336 2968 1402 stupuerunt
2987 1330 3059 1386 de
3083 1330 3361 1386 doctrina
3383 1329 3510 1398 ejus
3529 1329 3597 1380 ‘0.

1941 1419 2094 1475 CAP.
2123 1417 2360 1473 LXXIII.
2389 1419 2781 1488 Interrogatio
2818 1418 3055 1474 Domini
3085 1417 3164 1474 ad
3195 1418 3435 1473 Judceos
3465 1433 3602 1489 quo-

2083 1507 2250 1562 modo
2270 1507 2474 1562 dicant
2497 1506 2790 1562 Christum
2837 1507 3061 1563 F‘itium
3106 1522 3216 1563 esse
3248 1505 3454 1562 David.

2013 1597 2180 1652 Vers.
2206 1597 2294 1652 41.
2324 1597 2424 1652 Ait
2451 1628 2518 1636 —
2546 1596 2706 1651 Vers.
2749 1596 2838 1652 44.
2872 1601 2953 1652 εει
2982 1594 3011 1650 τ
3059 1595 3366 1660 Mattheeus
3397 1597 3600 1651 autem

250 1686 345 1749 στῷ
422 1683 646 1753 πέμπτῳ
741 1682 899 1735 αὐτοῦ
999 1683 1255 1757 κεφαλαίῳ
1355 1687 1432 1738 ὅτι
1500 1690 1834 1757 Συνηγμένων

1985 1685 2442 1757 uinquagesimo
2454 1685 2660 1758 quinto
2675 1685 2763 1740 sui
2778 1671 3076 1756 Evangelti
3094 1683 3285 1756 capite
3313 1685 3410 1748 ait,
3430 1683 3599 1756 quod

249 1776 340 1819 τῶν
429 1775 754 1844 Φαρισαίων,
835 1770 1168 1847 ἐπηρώτησεν
1246 1774 1435 1838 αὐτούς
1515 1776 1540 1826 6
1628 1773 1835 1836 Ἰησοῦς

246 1855 396 1928 λέγων
416 1875 429 1888 ’
453 1863 518 1912 Τί
548 1860 672 1930 ὑμῖν
691 1856 839 1913 δοκεῖ
860 1866 978 1935 περὶ
1004 1871 1094 1914 τοῦ
1115 1870 1367 1937 Χριστοῦ,
1386 1867 1523 1924 τίνος
1547 1865 1659 1924 υἱός
1688 1861 1800 1918 ἐστι
1813 1881 1832 1935 ;

243 1949 325 1999 καὶ
375 1949 441 2000 τὰ
499 1947 641 2012 tiae.
713 1953 813 2003 Καὶ
857 1952 1259 2024 ἡρμηνεύθησαν
1315 1949 1418 2004 εκεῖ
1480 1953 1649 2005 πάντα
1703 1954 1838 2005 κατὰ

239 2033 398 2107 λόγον.

301 2124 610 2189 ’Δκούοντος
663 2157 729 2167 -
779 2123 1026 2191 δείπνοις.
1084 2130 1370 2203 Ἀναγνωθι
1416 2128 1464 2182 έν
1507 2136 1580 2202 τῷ
1625 2129 1837 2204 ῥηθέντι

236 2214 483 2288 κεφαλαίῳ
541 2224 639 2269 τοῦ
695 2219 831 2270 κατὰ
900 2219 1166 2271 Mareotica
1229 2223 1320 2278 τὴν
1379 2217 1626 2292 ἐξήγησιν
1696 2226 1789 2272 τοῦ
1817 2233 1833 2250 ⁸

238 2301 564 2358 Πλατύνουσι
583 2308 686 2379 γὰρ
713 2308 782 2358 τὰ
801 2305 1129 2383 φυλακτήρια
1157 2307 1347 2376 αὐτῶν,
1377 2313 1461 2361 καὶ
1485 2307 1836 2381 μεγαλύνουσι

234 2393 292 2442 τὰ
336 2391 627 2466 κράσπεδα
667 2403 766 2448 τῶν
819 2397 1036 2468 ἱματίων
1081 2397 1271 2466 αὐτῶν,
1313 2401 1403 2450 καὶ
1442 2401 1506 2451 τὰ
1549 2397 1668 2461 ἑξῆς
1692 2416 1703 2428 '
1745 2403 1836 2452 καὶ

233 2479 345 2554 εύρή
356 2500 467 2544 σεις
491 2487 618 2558 περὶ
648 2485 872 2540 πάντων.

299 2571 364 2622 Oi
400 2601 466 2612 —
516 2580 708 2646 κρῖμα.
763 2574 845 2628 Ἐν
878 2582 950 2646 τῷ
1005 2583 1341 2648 πεντηκοστῷ
1394 2577 1523 2648 ἕκτῳ
1577 2575 1836 2650 κεφαλαίῳ

234 2665 318 2711 τοῦ
345 2663 486 2714 κατὰ
543 2665 817 2716 Ματθαὼν
867 2663 976 2718 εἶπε
1027 2670 1116 2717 καὶ
1173 2669 1299 2739 πρὸς
1341 2670 1462 2728 τοὺς
1511 2672 1838 2740 Γραμματεῖς

232 2753 316 2800 καὶ
367 2755 735 2823 Φαρισαίους·
807 2753 942 2805 Ούαὶ
999 2755 1140 2826 ύμῖν,
1197 2760 1524 2830 Γραμματεῖς
1595 2760 1684 2809 καὶ
1737 2762 1836 2810 Φαο

229 2845 427 2910 ρισαίοι
489 2841 798 2915 ὑποκριταὶ,
861 2843 941 2895 ὅτι
1006 2845 1305 2898 κατεσθίετε
1365 2848 1455 2906 τὰς
1519 2845 1682 2906 οἰκίας
1736 2854 1836 2897 τῶν

230 2937 429 3002 χηρῶν,
479 2934 578 2983 καὶ
638 2932 704 2982 τὰ
759 2929 896 2993 ἐξῆς.
953 2936 1054 2986 Καὶ
1111 2931 1368 3005 ἀνάγνωθι
1441 2938 1535 2994 τὴν
1589 2932 1837 3007 ἐξήγησιν

232 3025 414 3082 αὐτῶν.

234 3109 376 3159 [ΕΦ.
445 3107 574 3161 ΟΔ’.
648 3111 776 3183 Περὶ
839 3116 932 3171 τῆς
995 3114 1174 3186 χήρας
1237 3118 1329 3174 τῆς
1391 3113 1460 3165 τὰ
1522 3107 1620 3166 δύο
1678 3111 1842 3166 λεπτὰ

895 3197 1131 3273 βαλούση
1142 3220 1182 3263 ς.

291 3285 628 3359 Ἀναϐλέψας
669 3318 737 3328 -
775 3286 940 3345 ἔϐαλε.
991 3294 1118 3365 Περὶ
1162 3292 1354 3354 ταύτης
1405 3297 1496 3345 καὶ
1555 3292 1580 3344 6
1628 3293 1840 3366 Μάρκος

228 3368 459 3430 διέϐαλεν
489 3377 547 3430 έν
589 3385 667 3447 τῷ
697 3387 1105 3452 τεσσαρακοστῴ
1136 3386 1326 3454 πρώτῳ
1355 3381 1614 3454 κεφαλαίῳ
1645 3381 1803 3435 αὐτοῦ
1823 3399 1835 3412 ’

223 3469 308 3517 καὶ
339 3468 588 3528 ζήτησον
620 3465 723 3520 ὶκεῖ
751 3471 844 3526 τὴν
874 3468 995 3527 ὅλην
1019 3467 1292 3542 ἐξήγησιν.

290 3644 396 3694 Καί
455 3661 621 3696 τινων
672 3672 742 3682 -
791 3641 1232 3710 καταλυθήσεται.
1289 3645 1507 3716 Εἴρηται
1552 3648 1672 3719 περὶ
1723 3645 1840 3696 τού-

222 3745 318 3780 των
354 3729 602 3805 ᾰκριϐῶς
652 3729 700 3783 έν
743 3739 814 3802 τῷ
861 3731 992 3784 τέλει
1032 3739 1123 3784 τοῦ
1161 3741 1514 3791 πεντηκοστοῦ
1561 3733 1710 3786 ἕκτου
1755 3752 1837 3786 κε-

224 3816 446 3890 φαλαίου
510 3828 614 3874 τοῦ
662 3822 798 3873 κατᾶ
854 3823 1145 3892 Ματθαῖον,
1201 3823 1321 3874 ἔνθα
1371 3829 1536 3876 κεῖται
1601 3827 1678 3874 τό·
1738 3825 1840 3876 Καὶ

221 3905 429 3968 έξελθὼν
495 3911 526 3962 6
601 3909 811 3971 Ἰησοῦς
880 3908 1146 3986 ἐπορεύετο
1212 3907 1312 3964 ἀπὸ
1382 3918 1476 3963 τοῦ
1536 3912 1695 3985 ἱεροῦ.
1749 3915 1839 3964 καὶ

219 3998 526 4068 προσῆλθον
611 3999 663 4051 οἱ
710 3999 944 4071 μαθηταὶ
1011 3997 1174 4052 αὑτοῦ
1239 3995 1496 4062 ὶπιδείξαι
1565 3999 1706 4072 αύτῷ
1750 4001 1839 4060 τὰς

217 4084 514 4161 οἰκοδομὰς
546 4093 647 4141 τοῦ
678 4088 835 4160 ἱεροῦ.

465 4182 634 4232 Ill-3?.
674 4175 794 4230 OE'.
823 4177 1110 4252 Ἐρώτησις
1140 4181 1257 4252 περὶ
1285 4179 1593 4240 συντελείας.

279 4265 692 4341 Ἐπηρώτησαν
765 4298 834 4309 -
911 4268 1186 4338 γίνεσθαη
1261 4272 1425 4326 Φησὶν
1491 4263 1578 4320 οὖν
1636 4267 1748 4339 (39)
1810 4265 1837 4319 ὁ

1948 1776 2341 1846 Congregatis
2360 1773 2677 1846 Pharisaeis
2696 1773 3065 1846 interrogavit
3082 1788 3174 1829 eos
3195 1774 3366 1829 Jesus
3383 1771 3599 1828 dicens:

1948 1864 2105 1934 Quid
2130 1864 2291 1921 vobis
2307 1865 2542 1920 videtur
2569 1861 2642 1920 de
2673 1853 2928 1930 Christo,
2958 1866 3128 1934 cujus
3153 1864 3314 1933 ﬁlius
3344 1861 3603 1920 est"?et

1945 1959 2190 2022 cratera;
2213 1949 2634 2026 ibiqueomnia
2665 1947 3101 2034 rationabiliter
3140 1957 3416 2010 enarrata
3441 1954 3598 2008 sunt.

2015 2133 2176 2188 Vers.
2205 2134 2294 2188 45.
2328 2131 2617 2187 Audienta
2675 2163 2742 2172 —
2767 2131 2930 2188 Vers.
2971 2134 3061 2188 46.
3098 2129 3394 2188 conviviis.
3450 2129 3602 2200 Lege

1944 2221 2230 2293 prmdicto
2268 2219 2523 2276 Μειηὶιωὶ
2553 2219 2744 2292 capite
2765 2219 2901 2276 dicti
2936 2219 3090 2275 illius
3124 2219 3597 2274 enarrationem:

1945 2310 2220 2386 Dilatant
2235 2309 2606 2381 phytacteria
2620 2325 2722 2364 sua
2737 2313 2786 2364 et
2799 2309 3175 2381 magniﬁcant
3184 2307 3450 2377 ﬁmbrias
3463 2307 3604 2378 pal-

1947 2399 2163 2457 liorum
2197 2414 2436 2455 suorum
2465 2399 2512 2434 ⁸³
2545 2413 2614 2454 ac
2653 2397 2728 2454 de
2758 2399 3032 2454 omnibus
3062 2397 3348 2454 invenies.

2016 2576 2184 2634 Vers.
2213 2580 2296 2633 47.
2338 2575 2446 2644 Qui
2476 2607 2540 2616 —
2557 2574 2865 2648 judicium.
2902 2574 3413 2648 Quinquagesimo
3433 2576 3600 2648 sexto

1946 2665 2248 2738 Evangelii
2275 2665 2604 2721 secundum
2635 2665 2979 2738 Matthaeum
3019 2663 3213 2736 capite
3252 2663 3399 2719 dixit
3420 2663 3600 2719 etiam

1945 2756 2022 2812 ad
2044 2755 2276 2811 Scribas
2290 2759 2346 2809 et
2363 2754 2720 2810 Pharisaaos:
2759 2754 2856 2811 Vw
2870 2753 3050 2819 vobis,
3076 2753 3286 2809 Sbriboe
3306 2759 3358 2808 et
3388 2750 3600 2807 Phari-

1944 2844 2049 2902 swi
2068 2845 2411 2916 hypocritce,
2425 2845 2568 2916 quia
2585 2843 2880 2914 devoratis
2912 2843 3106 2898 domos
3125 2841 3432 2899 viduarum
3451 2841 3520 2910 ",
3544 2843 3601 2896 et

1947 2939 2162 2990 caetera
2187 2949 2204 2987 :
2225 2932 2356 3004 lege
2385 2948 2528 3005 ergo
2558 2932 2795 2988 illorum
2825 2931 3393 3004 interpretationem.

2022 3109 2178 3166 CAP.
2212 3109 2446 3165 LXXIV.
2476 3109 2558 3166 De
2587 3107 2788 3174 vidua,
2821 3124 2948 3184 quae
2967 3107 3084 3166 duo
3103 3107 3334 3166 minuta
3363 3107 3596 3164 obtulit.

2021 3287 2160 3358 Cap.
2199 3284 2330 3340 XXI.
2355 3287 2518 3348 Vers.
2567 3288 2612 3341 Ι.
2645 3283 2976 3362 Respiciens
3008 3312 3074 3322 —
3123 3279 3286 3337 Vers.
3319 3283 3370 3336 4.
3421 3283 3598 3339 misit.

1949 3375 2028 3430 De
2059 3375 2172 3430 hac
2204 3380 2260 3429 et
2289 3376 2514 3430 Marcus
2552 3373 3018 3446 quadragesimo
3066 3371 3259 3448 primo
3291 3370 3384 3450 sui
3417 3373 3605 3428 Evan-

1948 3463 2081 3534 gelii
2112 3465 2305 3536 capite
2335 3455 2630 3526 disseruit,
2653 3467 2709 3516 et
2740 3459 2825 3540 ibi
2855 3476 3054 3534 quaere
3075 3451 3261 3516 totam
3286 3462 3604 3518 enarratio-

1947 3567 2107 3608 nem.

2018 3641 2179 3698 Vers.
2210 3641 2265 3696 5.
2299 3641 2374 3696 Et
2405 3639 2754 3712 quibusdam
2785 3669 2855 3678 —
2885 3639 3047 3694 Vers.
3081 3642 3133 3694 6.
3174 3638 3476 3695 diruatur.
3522 3638 3604 3695 De

1946 3730 2037 3786 his
2058 3717 2372 3799 diligenter
2423 3717 2641 3784 dictum
2696 3733 2784 3784 est
2827 3729 2888 3784 in
2942 3727 3062 3783 ﬁne
3114 3719 3605 3800 quinquagesimi

1947 3821 2096 3876 sexti
2145 3819 2315 3892 juxta
2371 3818 2714 3874 Matthasum
2763 3817 2998 3892 capitis,
3041 3815 3142 3872 ubi
3194 3816 3449 3872 habetur
3487 3834 3500 3870 :
3537 3813 3608 3873 Et

1945 3923 2200 3980 egressus
2228 3908 2383 3963 Iesus
2411 3908 2589 3964 exivit
2620 3908 2694 3964 de
2721 3905 3277 3977 templozsecutique
3311 3911 3445 3961 sunt
3476 3921 3609 3963 eum

1945 3997 2223 4069 discipuli
2241 3999 2384 4067 eius,
2414 4005 2478 4053 ut
2518 3997 2854 4054 indicarent
2878 3995 2928 4051 ei
2956 3995 3515 4064 structurastempli
3537 3995 3604 4050 ⁵ο.

2230 4175 2380 4230 CAP.
2434 4174 2626 4231 LXXV.
2662 4175 2746 4254 De
2799 4171 3320 4229 consummatione.

2022 4268 2178 4321 Vers.
2197 4270 2228 4320 7
2244 4305 2256 4319 .
2277 4263 2809 4333 Inlerrogaverunt
2828 4293 2891 4301 —
2920 4268 3053 4317 sunt
3076 4262 3105 4315 7
3133 4259 3275 4314 Dicit
3302 4258 3606 4316 Matthasus

213 4357 494 4418 Μπθαίος
549 4353 606 4408 ἓν
673 4363 746 4427 τῷ
797 4365 1132 4428 πεντηκοστῷ
1181 4352 1387 4430 ἑϐδόμῳ
1429 4355 1686 4428 κεφαλαίῳ
1735 4357 1834 4426 ὃτι,

1981 4351 2451 4427 [υἰηίιυεεεείωο
2476 4351 2731 4424 septimo
2763 4350 2976 4421 capite,
3001 4347 3164 4422 quod
3190 4347 3426 4403 sedente
3453 4363 3524 4403 eo
3543 4347 3605 4403 in

208 4444 526 4518 καθημένου
563 4443 728 4498 αὐτοῦ
757 4443 842 4526 έπὶ
861 4452 953 4498 τοῦ
973 4449 1125 4522 ὄρους
1154 4453 1253 4499 τῶν
1283 4445 1516 4511 Ἐλαιῶν,
1541 4444 1838 4521 προσῆλθον

211 4531 354 4605 αύτῷ
385 4535 442 4587 οἱ
485 4536 740 4608 μαθηταὶ
775 4530 937 4587 κατιδ
943 4539 1045 4601 ίαν,
1070 4534 1297 4607 λέγοντες
1316 4551 1330 4565 ·
1378 4534 1504 4587 Εἰπὶ
1531 4535 1676 4607 ἡμῖν,
1716 4538 1839 4587 πότε

208 4628 380 4699 ταῦτα
405 4626 604 4699 ἔσται,
654 4627 743 4676 καὶ
772 4627 826 4676 τί
853 4625 913 4676 τὸ
947 4631 1160 4699 σημεῖον
1184 4629 1280 4698 της
1317 4631 1410 4686 σῆς
1434 4628 1726 4698 παρουσίας
1750 4627 1840 4675 καὶ

209 4698 304 4774 της
333 4698 663 4776 συντελείας
699 4719 791 4766 τοῦ
831 4698 1046 4784 αἰῶνοςς
1079 4718 1170 4778 καὶ
1200 4713 1432 4776 ζήτησον
1463 4712 1569 4766 ἐκεῖ
1603 4717 1696 4772 τὴν
1729 4712 1839 4785 (40)

208 4799 497 4876 ἐξήγησιν.

274 4890 336 4944 Ὀ
368 4889 434 4945 δί
479 4923 562 4935 —
599 4891 786 4947 αὐτῶν.
820 4891 961 4947 Ἐκεῖ
983 4896 1073 4947 καὶ
1101 4901 1266 4947 ταῦτα
1295 4891 1748 4967 ὶμνημονεύθηοοίν
1791 4909 1845 4944 τε

204 4983 294 5058 καὶ
325 4982 788 5056 ἠρμηνεύθησαν.

1948 4449 2151 4501 monte
2177 4440 2480 4496 olivarum
2501 4431 3121 4516 accesseruntadeum
3144 4434 3417 4508 discipuli
3447 4451 3605 4492 seor-

1949 4533 2062 4589 sim
2097 4531 2360 4587 dicentes
2393 4545 2406 4584 :
2461 4528 2569 4586 Dic
2622 4528 2810 4596 nobis,
2842 4515 3078 4600 quando
3119 4527 3238 4582 haec
3279 4526 3512 4582 erunt?
3554 4530 3607 4581 et

1950 4621 2104 4695 quod
2125 4620 2356 4692 signum
2375 4619 2655 4675 adventus
2677 4619 2786 4686 tui,
2813 4622 2866 4674 et
2899 4616 3402 4673 consummationis
3423 4629 3608 4673 saecu-

1953 4711 1998 4767 li
2036 4711 2079 4747 ⁶¹
2113 4709 2142 4767 ?
2171 4714 2227 4765 et
2254 4708 2339 4764 ibi
2370 4707 2476 4764 ista
2504 4722 2721 4781 quaere.
3207 4703 3210 4708 ’

2024 4887 2189 4943 Vers.
2223 4887 2276 4942 8.
2307 4885 2391 4941 At
2421 4885 2522 4943 ille
2544 4918 2610 4928 —
2649 4883 2796 4940 illos.
2835 4882 2923 4940 Ibi
2953 4882 3130 4941 etiam
3183 4882 3401 4940 horum
3451 4880 3608 4939 facta

1954 4981 2041 5038 ost
2064 4976 2291 5034 mentio
2317 4980 2374 5032 et
2400 4975 2544 5033 data
2582 4974 2928 5066 declaratio.

277 5187 328 5227 ιι
359 5187 869 5274 gluttu-gnum.
909 5261 923 5274 .
948 5189 995 5225 ⁸⁵
1273 5203 1367 5274 ἐμ,
1407 5189 1457 5244 ϐ.
1537 5186 1586 5224 ⁴⁶
1639 5184 1836 5274 μείω.

1981 5199 2054 5252 Ln,
2115 5186 2208 5270 33.
2293 5182 2336 5219 ‘7
2403 5179 2554 5238 Ibid.
2584 5180 2648 5236 41
2729 5180 2778 5216 ⁴⁸
2807 5177 3004 5254 Matth.
3043 5191 3207 5250 nni,
3246 5177 3300 5234 5.
3376 5175 3425 5212 ⁴⁹
3456 5172 3607 5258 ibid.

203 5264 292 5320 14.
376 5263 436 5306 ⁵ο
468 5256 694 5318 Matth.
718 5255 878 5330 inv,
900 5261 954 5318 1.
1029 5260 1075 5298 ⁸¹
1090 5259 1240 5318 Ibid.
1271 5255 1336 5318 3'.

1447 5436 1670 5540 Variae
1707 5432 2038 5506 lectiones
2083 5441 2152 5530 et
2200 5436 2403 5526 notae.

269 5639 397 5718 (το)
437 5631 566 5693 οὖν
611 5634 827 5696 omittit
862 5637 924 5698 Β.

2031 5626 2146 5708 (40)
2173 5631 2280 5691 Τὴν
2304 5624 2558 5704 ἐξήγησιν
2578 5621 2798 5709 omittit
2815 5629 2879 5702 β.
