3994 6218
472 230 599 295 1071

459 453 555 511 his
574 454 798 508 dictum
831 458 940 507 est.

530 543 694 599 Vers.
730 544 813 595 12.
852 540 1058 596 Verum
1097 548 1238 599 ante
1270 572 1337 583 —
1368 557 1583 598 meum.
1647 541 1922 598 Similiter
1954 546 2008 598 et
2040 541 2110 597 de

454 632 567 689 his.

524 722 693 775 Vers.
720 720 806 775 13.
854 720 1153 793 Continget
1187 752 1240 761 —
1266 719 1675 776 testimonium.
1733 722 1793 774 In
1822 725 2107 792 protesta-

451 810 693 873 tionem,
722 810 780 864 in
810 810 1289 880 redargutionem
1322 824 1530 863 eorum
1567 809 1670 879 qui
1698 823 1816 863 non
1847 808 2109 863 credide-

448 902 602 963 runt,
630 914 699 953 ne
725 897 923 955 dicere
968 897 1197 971 possint
1219 898 1277 952 in
1304 896 1398 951 die
1433 896 1659 968 judicii,
1708 896 1860 968 quod
1893 897 2106 969 praedi-

446 988 744 1043 cationem
794 1004 909 1043 non
969 986 1285 1043 audierint.
1340 990 1453 1041 Aut
1514 986 1857 1057 contingent
1909 985 2099 1053 vobis,

445 1092 581 1149 qua:
608 1075 685 1131 ab
716 1075 828 1129 illis
862 1075 1189 1133 inferantur
1218 1075 1277 1130 in
1322 1074 1587 1145 martyrii
1621 1073 1892 1143 gloriam.
1928 1075 2101 1140 (Nam

444 1162 629 1219 Graeci
669 1164 873 1220 dicunt
927 1164 1279 1233 :Continget
1334 1162 1493 1218 vobis
1552 1162 1620 1224 εἰς
1677 1166 2006 1238 μαρτύριον,,
2041 1164 2099 1219 id

442 1260 533 1309 est
562 1254 624 1309 in
654 1256 1012 1323 martyrium
1048 1257 1151 1308 aut
1179 1253 1241 1307 in
1276 1251 1715 1323 testimonium.)

514 1343 679 1399 Vers.
703 1344 783 1399 14.
807 1343 1026 1399 Habete
1042 1374 1108 1381 —
1131 1342 1541 1411 defensionem.
1563 1342 1648 1411 -Ηο
1682 1341 1888 1397 Ponite
1914 1342 2097 1398 corda

440 1435 650 1500 vestra,
686 1431 837 1499 loco,
867 1430 1225 1502 componito,
1271 1429 1639 1503 persuadete,
1676 1436 1777 1486 aut
1813 1430 2013 1501 ponite
2036 1431 2093 1486 in

437 1519 723 1575 cordibus
760 1521 991 1574 vestris.

506 1607 667 1662 Vers.
712 1613 791 1663 t5.
824 1608 940 1679 Ego
992 1638 1034 1649 -—
1078 1608 1260 1664 vobis.
1295 1608 1371 1663 Os
1414 1605 1675 1679 appellat
1715 1606 1893 1662 verba
1952 1623 1965 1673 ;
2001 1624 2089 1662 sa-

433 1695 715 1769 pientiam
744 1712 879 1751 vero
912 1696 1356 1766 intelligentiam
1388 1696 1468 1767 (ω)
1504 1697 1842 1751 verborum.

504 1786 768 1840 Vers.l6.
798 1786 1153 1842 Trademini.
1184 1818 1249 1826 —
1273 1786 1434 1840 Vers.
1466 1786 1551 1839 17.
1574 1800 1783 1841 meum.
1804 1784 2089 1841 Prasdicto

432 1874 624 1946 capite
655 1876 833 1930 etiam
867 1876 940 1930 de
980 1874 1074 1929 his
1123 1875 1411 1930 invenies.

505 1964 664 2018 Vers.
705 1964 783 2017 l8.
818 1963 896 2018 Et
946 1963 1195 2032 capillus
1245 1994 1313 2002 ——
1353 1972 1574 2032 pereat.
1618 1963 1683 2017 Et
1731 1978 1864 2017 vere
1917 1962 2088 2018 multi

430 2050 698 2106 ﬁdelium
731 2051 787 2105 in
813 2053 1011 2120 ignem
1037 2051 1255 2123 injecti,
1300 2067 1372 2106 ne
1404 2050 1651 2124 capillos
1684 2051 1927 2123 quidem
1962 2066 2090 2123 per-

429 2138 726 2194 diderunt.
758 2140 1118 2195 Manifestum
1154 2155 1295 2209 ergo
1324 2144 1434 2203 est,
1466 2140 1632 2212 quod
1667 2141 1711 2194 si
1744 2140 1917 2211 cujus
1949 2156 2084 2211 pars

429 2226 630 2298 aliqua
662 2228 926 2298 corporis
960 2232 1267 2299 amputata
1300 2227 1397 2296 sit,
1455 2228 1567 2282 hoc
1605 2228 1805 2283 divina
1836 2230 2088 2299 permis-

428 2315 593 2370 sione
616 2316 890 2370 sustinuit
924 2333 935 2370 :
972 2316 1267 2389 siquidem
1302 2316 1601 2371 interdum
1660 2316 1960 2388 propriam
1994 2334 2086 2371 os-

428 2405 728 2469 tendebat,
747 2406 1079 2476 potentiam,
1096 2406 1457 2478 quandoque
1474 2412 1658 2461 autem
1675 2405 1839 2461 carni
1858 2406 2087 2477 permit-

426 2493 605 2562 tebat,
645 2500 707 2548 ut
738 2494 904 2563 iuxta
956 2501 1232 2549 naturam
1272 2501 1593 2567 pateretur.
1631 2495 1775 2550 Cum
1821 2512 1964 2563 ergo
2000 2496 2085 2550 di-

423 2583 605 2638 xerit:
628 2582 700 2636 Et
723 2583 968 2651 capillus
985 2584 1058 2639 de
1071 2585 1265 2652 capite
1282 2589 1469 2639 vestro
1516 2600 1634 2639 non
1657 2592 1880 2653 pereat,
1903 2584 1947 2638 si
1958 2586 2084 2655 gni-

422 2667 639 2738 ﬁcavit,
663 2672 825 2744 quod
850 2673 1225 2743 omnipotens
1247 2680 1419 2737 esset,
1446 2674 1727 2745 quodque
1748 2673 1863 2729 illis
1897 2674 2082 2730 auxil-

421 2758 680 2825 liaretur,
722 2777 792 2815 ac
813 2760 1173 2817 alacritatem
1213 2760 1575 2817 immitteret.

496 2850 653 2904 Vers.
686 2850 767 2903 19.
803 2849 912 2904 Per
940 2881 1003 2889 —-
1039 2856 1283 2905 vestras.
1330 2881 1397 2890 —
1441 2850 1745 2917 Possidete,
1806 2851 1929 2905 sive
1963 2867 2079 2906 ser-

420 2942 554 2994 vate
579 2956 597 3009 ;
631 2938 795 3009 quod
810 2938 855 2992 si
874 2939 1128 3006 animas,
1152 2939 1399 2994 omnino
1422 2944 1760 3011 etcorpora.
1782 2940 2075 3011 Scriptum

1729 244 1735 251 '
1780 228 2126 295 EUTHYMII
2164 231 2493 295 ZIGABENI

530 365 689 419 Vers.
720 364 776 420 9.
801 362 945 418 Cum
986 393 1055 403 —
1082 364 1244 420 Vers.
1293 362 1379 417 11.
1436 367 1623 419 erunt.
1686 361 1764 419 Ibi
1807 362 1987 419 etiam
2038 362 2112 419 de
2149 365 2187 417 A

3662 236 3770 300 (072

2299 371 2436 416 Οταν
2485 396 2552 404 -
2619 367 2786 418 ἔσται.
2848 370 2968 417 Εκεῖ
3020 369 3110 417 καὶ
3182 370 3297 438 περὶ
3352 372 3539 418 τοὺτων
3596 364 3768 442 ὶρῥήθη.

2294 543 2401 614 Πρὸ
2425 536 2483 593 δὲ
2508 572 2573 581 -
2604 560 2724 613 μου.
2758 540 2983 615 Ὁμοίως
3007 546 3092 594 καὶ
3125 548 3242 617 περὶ
3270 546 3483 597 τούτων.

2290 716 2643 775 Ἀποϐησεται
2697 747 2759 759 -
2823 721 3130 791 μαρτύριον.
3194 718 3275 780 Εἰς
3330 719 3542 791 ἔλεγχον
3584 728 3670 772 τῶν
3712 725 3767 792 μὴ

2216 810 2627 873 πιστευσάντων,
2708 808 2790 858 ἴνα
2836 812 2906 879 μὴ
2970 804 3225 859 δύνωνται
3294 808 3456 880 λέγειν
3536 808 3580 861 ἐν
3634 812 3770 885 ἡμέρᾳ

2215 899 2433 967 κρίσεως
2492 897 2571 947 ὅτι
2635 895 2745 947 Οὐκ
2816 896 3113 969 ἠκούσαμεν
3168 904 3258 949 τοῦ
3323 901 3660 971 κηρύγματος.
3717 906 3769 951 Ἦ

2215 979 2537 1041 ἀποϐήσεται
2591 986 2712 1057 ὑμῖν
2777 988 2841 1037 τὰ
2916 985 3039 1057 παρ’
3116 985 3315 1037 ἐκείνων
3387 986 3658 1060 ἐπαγομενοι
3712 988 3769 1048 εἰς

2211 1077 2539 1146 μαρτυρικὴν
2567 1069 2748 1136 δοξαν.

2280 1341 2447 1391 Θέσθε
2486 1370 2551 1380 -
2608 1338 3016 1411 ἀπολογηθῆναι.
3070 1343 3239 1394 Θέσθε
3296 1341 3412 1414 (il)
3442 1343 3531 1404 τὰς
3583 1339 3771 1416 καρδιας

2206 1428 2370 1498 ὑμῶν,
2404 1426 2516 1480 ἀντὶ
2555 1436 2667 1495 τοῦ,
2721 1425 2988 1492 διάθεσθε,
3040 1430 3339 1499 πείσατε,ἡ
3399 1432 3546 1484 θέσθε
3592 1432 3655 1492 εἰς
3699 1434 3770 1491 τὰς

2204 1513 2429 1590 καρδίας
2454 1519 2616 1589 ὑμῶν.

2276 1604 2408 1675 Ἐγὼ
2450 1636 2515 1645 —
2538 1604 2678 1678 ὑμῖν.
2712 1610 2882 1677 Στὸμα
2908 1609 2998 1678 μὲν
3028 1606 3163 1679 λέγει
3203 1610 3325 1669 τοὺς
3362 1608 3564 1679 λόγους,
3615 1612 3771 1680 σοφίαν

2125 1718 2164 1771 Β
2204 1689 2262 1746 δε
2292 1695 2385 1755 τὰς
2412 1693 2606 1757 ἐννοίας
2636 1703 2733 1746 τῶν
2764 1695 2946 1767 λόγων.

2273 1782 2721 1856 Παραὸοθήσεσθε
2772 1815 2837 1823 -
2882 1803 3004 1855 μου.
3042 1786 3125 1837 Ἐν
3171 1793 3244 1856 τῷ
3287 1787 3499 1860 ῥηθέντι
3543 1784 3771 1858 κεφαλαίῳ

2197 1876 2287 1923 καὶ
2317 1876 2434 1943 περὶ
2465 1875 2658 1924 τούτων
2691 1874 2942 1946 εὑρήσεις.

2271 1965 2371 2012 Καὶ
2436 1959 2552 2035 θρὶξ
2617 1993 2684 2000 --
2752 1960 3029 2019 ἀπόληται.
3090 1966 3191 2014 Καὶ
3247 1966 3400 2023 ὅντως
3458 1962 3629 2015 πολλοὶ
3688 1970 3772 2013 τῶν

2195 2058 2412 2116 πιστῶν,
2459 2050 2529 2110 εἰς
2561 2057 2660 2122 πῦρ
2712 2048 3068 2121 ἐμϐληθέντες,
3122 2047 3244 2103 οὐδὲ
3291 2056 3463 2124 τρίχα
3509 2050 3770 2104 ἀπώλεσαν.

2192 2136 2344 2190 Ὀθεν
2398 2142 2608 2210 φανερὸν
2652 2140 2751 2205 ὅτι,
2813 2144 2901 2190 καὶ
2956 2143 2999 2191 εἰ
3049 2158 3129 2199 τις
3190 2138 3421 2213 ἀφῃρέθη
3459 2160 3511 2192 τι
3549 2147 3636 2192 τοῦ
3686 2146 3768 2191 σώ-

2192 2245 2370 2298 ματος,
2430 2231 2563 2279 κατὰ
2628 2233 2974 2300 συγχώρησιν
3023 2232 3150 2281 Θεοῦ
3214 2236 3360 2281 τοῦτο
3422 2231 3621 2290 πάντως
3670 2230 3771 2280 ὑπέρ

2196 2334 2316 2383 στη,
2351 2319 2473 2368 ποτε
2502 2318 2592 2389 μὲν
2641 2320 2741 2391 γὰρ
2791 2322 2885 2374 τὴν
2936 2317 3126 2369 οἰκείαν
3176 2314 3510 2371 ἐπεδείκνυτο
3557 2316 3771 2388 δύναμιν,

2192 2408 2313 2456 ποτε
2377 2401 2437 2456 δε
2502 2410 2786 2480 συνεχώρει
2830 2414 2891 2478 τῇ
2947 2411 3101 2479 σαρκὶ
3151 2408 3383 2478 πάσχειν
3439 2410 3577 2459 κατά
3620 2409 3768 2477 φύσει.

2192 2493 2360 2546 Εἰπὼν
2417 2490 2504 2545 οὖν
2554 2497 2630 2546 ὅτι
2688 2500 2786 2547 Καὶ
2838 2496 2954 2569 θρὶξ
3010 2494 3064 2546 ἐκ
3118 2506 3213 2557 τῆς
3262 2496 3491 2567 κεφαλῆς
3548 2498 3681 2567 ὑμῶν
3725 2494 3775 2545 οὗ

2190 2585 2260 2653 μὴ
2325 2580 2602 2651 ἀπόληται,
2673 2580 2926 2641 ἐδήλωσεν
2980 2585 3060 2636 ὅτι
3104 2603 3159 2636 τε
3212 2581 3603 2655 ταντοδύναμος
3660 2582 3770 2645 ἔστι,

2190 2676 2278 2722 καὶ
2331 2674 2408 2723 ὄτι
2465 2671 2803 2742 ἀντιλήψεται
2866 2675 3080 2739 τούτων,
3136 2678 3225 2725 καὶ
3265 2675 3569 2746 προθυμίαν
3624 2672 3775 2730 αὐτοῖς

2191 2758 2435 2812 ἐνέϐαλεν.

2262 2849 2342 2902 Ἐν
2418 2880 2487 2889 -
2552 2851 2713 2922 ὑμῶν.
2786 2852 3083 2917 κτήσασθε,
3148 2854 3269 2908 ἤτοι
3322 2857 3569 2904 σώσατεο
3637 2849 3676 2903 εἰ
3728 2844 3775 2901 δε

2188 2939 2275 2997 τὰς
2313 2937 2516 3009 ψυχὰς,
2566 2941 2771 2999 πάντως
2825 2942 3009 2991 καὶτὰ
3042 2946 3279 3012 σώματα.
3342 2944 3643 3013 Γέγραπται
3688 2940 3772 3008 γὰρ

422 3033 510 3081 est
539 3027 694 3081 enim
721 3028 1002 3098 praedicto
1020 3028 1211 3099 capite
1235 3046 1251 3081 :
1275 3028 1422 3092 Quia
1454 3036 1603 3084 utem
1622 3031 2075 3098 perseveraverit

2207 3048 2237 3077 ν
2281 3035 2352 3097 τῷ
2401 3030 2753 3101 προειρημένῳ
2802 3029 3097 3100 κεφαλαίῳ·
3150 3030 3229 3080 ὅτι
3266 3028 3324 3080 Ὀ
3382 3031 3666 3100 ὑπομείνας
3716 3026 3775 3087 εἰς

422 3130 604 3187 usque
626 3114 688 3170 in
719 3116 915 3183 ﬁnem,
949 3115 1043 3172 hic
1072 3116 1268 3172 salvus
1297 3119 1406 3171 erit
1436 3118 1501 3171 ⁵⁸.

494 3207 651 3261 Vers.
686 3209 773 3260 20.
820 3208 966 3263 Cum
988 3238 1052 3246 ——
1084 3209 1231 3273 eius.
1266 3207 1574 3261 Matthteus
1608 3222 1743 3261 vero
1797 3206 2074 3278 praedicto

419 3294 611 3367 capite
628 3295 786 3350 aliud
815 3295 1047 3367 scripsit
1077 3296 1317 3366 signum
1344 3295 1580 3351 dicens:
1619 3295 1767 3351 Cum
1810 3296 2074 3353 videritis

418 3383 909 3441 abominationem
940 3385 1010 3453 ⁸³,
1042 3390 1098 3440 et
1138 3392 1349 3440 caetera
1391 3400 1403 3439 :
1435 3383 1562 3455 lege
1594 3399 1735 3455 ergo
1762 3389 1943 3440 totam
1971 3384 2069 3439 di-

418 3478 650 3529 ctorum
679 3472 911 3528 illorum
942 3474 1405 3531 enarrationem.

488 3650 650 3707 Vers.
686 3650 773 3708 21.
809 3650 966 3708 Tunc
997 3681 1066 3692 —
1097 3657 1335 3709 montes.
1370 3654 1435 3707 In
1486 3650 1590 3708 illo
1644 3650 1823 3707 etiam
1875 3650 1945 3707 de
1974 3648 2068 3707 his

464 3742 688 3797 uaarito.

464 3756 688 3797 uaaruo.

417 3756 457 3814 ᾳ
488 3827 648 3885 Vers.
678 3832 765 3885 2t.
795 3828 872 3885 Et
905 3828 1317 3885 —discedant.
1339 3830 1593 3884 Rursum
1636 3828 1796 3884 idem
1828 3826 1967 3883 dicit
1988 3827 2066 3884 ad

413 3918 931 3976 conﬁrmationem
972 3918 1283 3974 sermonis.

486 4005 660 4065 Vers.
708 4012 795 4064 21.
837 4009 913 4063 Et
941 4039 1004 4049 -—
1030 4023 1174 4064 eam.
1228 4008 1346 4063 Hoc
1378 4005 1885 4080 praetermiserunt
1922 4006 2061 4062 Mat-

415 4098 601 4156 tbasus
631 4103 684 4154 et
724 4100 965 4162 Marcus,
999 4097 1149 4153 sicut
1173 4103 1228 4152 et
1257 4097 1352 4152 hic
1383 4096 1566 4162 aliud,
1599 4095 1743 4167 quod
1777 4094 1857 4149 illi
1902 4094 2064 4151 dixe-

409 4195 566 4255 runt,
592 4195 732 4261 puta
766 4209 779 4244 :
828 4186 939 4254 Qui
979 4188 1042 4242 in
1088 4192 1252 4253 tecto,
1294 4202 1410 4242 non
1456 4186 1765 4241 descendat
1798 4191 1857 4238 ut
1890 4185 2062 4241 tollat

408 4276 727 4350 quidquam
745 4278 817 4333 de
833 4278 1003 4332 domo
1015 4291 1119 4331 sua
1144 4292 1167 4333 .'
1195 4282 1246 4331 et
1268 4276 1372 4347 qui
1390 4275 1451 4330 in
1471 4290 1639 4345 agro,
1654 4288 1772 4328 non
1800 4280 2057 4330 reverta-

408 4372 506 4423 tur
526 4375 590 4423 ut
623 4366 791 4423 tollat
820 4366 1151 4423 vestimenta
1183 4382 1289 4421 sua
1319 4366 1383 4421 δι.

475 4458 636 4513 Vers.
685 4459 771 4511 22.
825 4456 976 4524 Quia
1033 4485 1099 4495 —
1162 4462 1351 4510 erunt.
1417 4452 1695 4509 Videlicet
1731 4451 2057 4509 Dominicis

404 4544 611 4601 credis.

475 4633 639 4689 Vers.
670 4637 761 4691 22.
799 4633 868 4690 Ut
906 4634 1205 4702 -scripta
1228 4639 1387 4688 sunt.
1418 4634 1487 4689 Ut
1505 4636 1910 4708 compleantur
1930 4656 2057 4696 om-

400 4722 520 4790 nia,
554 4738 689 4796 quaa
714 4722 775 4777 in
814 4722 976 4777 libris
1008 4720 1284 4787 Danielis,
1330 4722 1705 4797 aliorumque
1734 4729 2053 4799 propheta-

398 4828 533 4868 rum
566 4811 640 4867 de
674 4810 851 4882 hujus
884 4811 1412 4883 Hierosolymorum
1440 4816 1882 4885 expugnatione
1913 4819 2054 4874 scri-

525 4905 680 4955 sunt

397 4906 744 5045 “$73323.
781 4988 878 5045 Va:
938 5009 1006 5019 -
1058 4986 1281 5043 diebus.
1333 4987 1500 5061 Apud
1532 4990 1873 5049 Matthaaum
1931 4993 2046 5051 hoc

393 5078 574 5136 etiam
605 5078 762 5134 dicto
788 5076 981 5148 capite
1010 5076 1457 5134 manifestatum
1484 5085 1588 5135 est.

462 5195 509 5230 ⁸³
540 5193 736 5251 Matth.
769 5207 924 5259 χειν,
961 5193 1047 5248 13.
1125 5190 1173 5227 ⁵³
1212 5192 1353 5248 Ibid.
1386 5192 1479 5253 15.

2187 3114 2350 3183 τέλος,
2384 3115 2533 3176 οὗτος
2567 3118 2885 3173 σωθήσεται.

2255 3204 2415 3257 Ὀταν
2496 3237 2565 3246 —
2631 3204 2812 3267 αὐτῆς.
2881 3205 2938 3258 Ὀ
3004 3203 3062 3258 δὲ
3121 3208 3395 3269 Ματθαίος
3450 3208 3503 3259 ἐν
3556 3214 3625 3277 τῷ
3681 3201 3771 3262 ᾖδε

2183 3292 2421 3365 λεχθέντι
2473 3294 2733 3366 κεφαλαίῳ
2787 3296 2951 3368 ἕτερον
3009 3292 3292 3368 ἀναγράφει
3345 3304 3589 3369 σημεῖον,
3637 3295 3774 3364 λέγων

2184 3383 2263 3434 ὅτι
2304 3381 2465 3435 Ὀταν
2496 3380 2648 3441 ἴδητε
2678 3386 2735 3435 τὸ
2763 3380 3039 3457 βδέλυγμα
3075 3394 3169 3446 τῆς
3218 3384 3561 3457 ἐρημώσεως,
3594 3389 3677 3435 καὶ
3718 3384 3773 3433 τὰ

2184 3471 2337 3533 ἑξῆς·
2397 3477 2487 3524 καὶ
2532 3470 2790 3545 ἀνάγνωθι
2840 3477 2934 3531 τὴν
2988 3473 3108 3531 ὅλην
3161 3471 3421 3545 ἐξήγησιν
3474 3483 3576 3527 τῶν
3623 3475 3772 3547 ῥητῶν

2183 3560 2405 3615 ἐκείνων.

2250 3654 2376 3701 Τότε
2422 3681 2487 3690 -
2534 3653 2650 3724 ὅρη.
2720 3650 2801 3703 Ἐν
2859 3649 3031 3722 ἐκείνῳ
3095 3655 3186 3703 καὶ
3246 3656 3368 3727 περὶ
3441 3655 3637 3705 τούτων
3671 3650 3768 3720 (42)

2182 3738 2426 3798 ζήτησον.

2252 3832 2352 3879 Καὶ
2416 3858 2485 3867 -
2534 3825 2949 3901 ἐκχωρείτωσαν.
3015 3831 3084 3881 Τὸ
3140 3829 3266 3882 αὐτό
3314 3829 3464 3901 λέγει
3524 3830 3669 3884 πάλιν
3712 3825 3767 3887 εἰς

2176 3913 2459 3987 βεϐαίωσιν
2490 3924 2579 3968 τοῦ
2608 3916 2783 3987 λόγου.

2248 4010 2346 4058 Καὶ
2418 4037 2481 4046 -
2554 4005 2737 4063 αὐτὴν.
2805 4013 2970 4059 Τοῦτο
3040 4006 3287 4079 παρέλιπε
3364 4010 3635 4068 Ματθαίος
3689 4006 3765 4056 καὶ

2172 4095 2401 4165 Μάρκος,
2433 4097 2604 4169 ὥσπερ
2633 4100 2721 4146 καὶ
2754 4095 2924 4162 οὗτος,
2966 4097 2991 4147 ὃ
3023 4092 3162 4147 εἶπον
3189 4094 3402 4159 ἐκεῖνοι,
3438 4097 3573 4167 λέγω
3604 4093 3665 4153 δὴ
3694 4097 3757 4153 τό,

2168 4180 2227 4233 Ὀ
2258 4183 2340 4234 ἐπὶ
2361 4191 2451 4235 τοῦ
2493 4179 2732 4255 δώματος
2772 4188 2843 4255 μὴ
2891 4183 3261 4253 καταϐαινέτω,
3321 4179 3457 4257 ἆραι
3499 4188 3564 4239 τὰ
3608 4184 3656 4236 ἐκ
3683 4190 3759 4242 τῆς

2170 4270 2336 4333 οἰκίας
2363 4271 2542 4340 αὐτοῦ,
2575 4275 2663 4324 καὶ
2686 4270 2777 4323 ὀὲν
2803 4279 2875 4343 τῷ
2904 4271 3068 4346 ἀγρῷ,
3101 4278 3171 4345 μὴ
3202 4271 3585 4348 ἓπιστρεψοξτω
3614 4273 3758 4324 ὀπίσω

2093 4349 2138 4403 D
2170 4354 2292 4435 ἆραι
2320 4362 2385 4412 τὰ
2417 4363 2599 4432 ἱμάτια
2626 4360 2805 4415 αὐτοῦ.

2235 4446 2357 4502 Ὀτι
2384 4479 2448 4490 --
2480 4450 2602 4504 εἰσι.
2629 4456 2736 4512 Τῆς
2766 4456 2857 4503 τοῦ
2885 4456 3196 4503 Δεσποτικοΰ
3227 4454 3416 4522 φόνου.

2234 4650 2335 4697 Τοῦ
2365 4676 2433 4686 -
2462 4648 2814 4718 γεγραμμένα.
2841 4644 2989 4718 ’Υπὲρ
3017 4653 3109 4699 τοῦ
3138 4646 3496 4719 πληρωθῆναι
3520 4648 3675 4699 πάντα
3700 4645 3749 4694 τὰ

2163 4730 2211 4785 ἓν
2240 4740 2348 4794 ταῖς
2374 4732 2576 4807 βίϐλοις
2600 4742 2690 4787 τοῦ
2721 4754 2774 4787 τε
2800 4734 2989 4793 Δανιὴλ
3013 4739 3103 4789 καὶ
3136 4744 3235 4787 τῶν
3272 4736 3454 4788 ἄλλων
3500 4738 3745 4807 προφητῶν

2160 4827 2278 4895 περὶ
2364 4831 2459 4884 τῆς
2559 4826 2802 4885 τοιαύτης
2900 4823 3140 4887 ἁλώσεως
3235 4832 3337 4888 τῆς
3434 4822 3744 4900 Ἰερουσαλὴμ

2158 4915 2511 4984 γεγραμμένα.

2231 5001 2364 5053 Οὐαὶ
2415 5033 2483 5041 -
2552 5004 2759 5078 ἡμέρας.
2823 5004 2973 5077 Παρὰ
3018 5010 3087 5073 τῷ
3159 5004 3429 5077 Ματθαίῳ
3489 5007 3738 5057 καὶτοῦτο

2158 5094 2540 5161 σεσαιρήνισται
2566 5092 2613 5142 ἐν
2644 5090 2813 5165 ἐκείνῳ
2844 5100 2913 5164 τῷ
2942 5090 3221 5166 κεφαλαίῳ.

1562 5194 1609 5230 5‘
1638 5195 1782 5252 ibid.
1817 5197 1905 5265 17,
1935 5198 2000 5255 18
2040 5215 2053 5268 ;
2084 5202 2265 5269 Marc,
2298 5219 2458 5273 χχιιι,
2492 5207 2574 5275 13,
2634 5210 2718 5265 16.

1622 5322 1841 5393 Variae
1866 5325 2190 5398 lectiones
2213 5338 2279 5398 et
2309 5341 2513 5400 notae.

458 5463 714 5538 (inlice
746 5459 981 5538 scholio
1004 5464 1166 5518 caret
1209 5460 1542 5521 Hentenius.
1585 5463 1766 5537 Igitur
1804 5484 2041 5529 versum

388 5536 454 5594 14
470 5532 638 5592 ὀιί15
676 5534 811 5607 conj
823 5532 1009 5589 unxit.

458 5622 956 5707 (Intelligentiam,
976 5620 1365 5681 Sententiam.

2228 5474 2345 5549 (42)
2370 5475 2568 5530 Τούτου
2610 5481 2667 5533 Β.

3898 5990 3913 6039 ’ἐ

3894 6038 3916 6099 έ1
