3994 6218
261 302 408 371 1073

1307 297 1679 365 (ΖΟΜΜΕΝΤ.
1719 298 1790 361 ΙΝ
1828 294 2094 365 LUCAM.
2134 328 2205 343 -
2242 298 2399 359 CAP.
2444 300 2571 358 XXI.

3498 297 3638 383 197!

334 429 530 491 Ἔσται
578 459 646 471 -
698 425 871 482 ἐθνῶν.
915 431 1073 489 Φησὶν
1126 427 1153 489 ὁ
1211 427 1477 489 Ματθαῖος
1540 426 1621 479 ὅτι
1675 423 1868 479 Ἔσται

2052 425 2212 481 Vers.
2245 428 2334 482 23.
2363 426 2487 482 Erit
2519 456 2587 468 -
2608 442 2665 482 v.
2694 428 2783 497 24.
2811 428 3093 499 gentium.
3136 426 3287 486 Dicit
3329 389 3637 491 Matthaaus

262 522 382 572 τότε
464 516 641 588 θλίψις
704 516 929 591 μεγάλη,
996 518 1081 568 οἶα
1135 519 1195 568 οὐ
1271 519 1470 589 γέγονεν
1523 513 1610 567 ἀπ’
1698 513 1870 588 ἀρχῆς

260 614 356 660 τοῦ
388 608 503 679 (ai-3)
528 611 731 679 κόσμου
760 610 852 668 ῖως
881 613 972 659 τοῦ
998 613 1106 671 νῦν,
1140 600 1257 657 οὐδ’
1288 603 1347 657 οὐ
1374 607 1446 676 μή
1478 606 1713 675 γένηται.
1741 604 1870 656 Ἀπὸ

259 704 393 768 γοῦν
430 704 524 758 τῆς
568 694 731 751 ἕκεῖσε
776 699 1015 770 κειμένης
1066 693 1332 768 ἑρμηνείας
1377 688 1873 764 διαγνωσθήσοντκι

264 789 360 838 καὶ
391 793 560 839 ταῦτα
571 828 583 843 .

344 879 446 929 Καὶ
508 876 658 927 ἔσται
732 902 801 915 --
861 871 1289 932 σαλευθήσονται.
1343 876 1523 924 Ταῦτα
1585 874 1705 943 περὶ
1781 877 1874 932 τῆς

271 958 522 1039 δευτέρας
574 962 735 1015 αὐτοῦ
784 965 1072 1038 παρουσίας
1120 964 1270 1034 φησί.
1313 964 1551 1018 Ζήτησον
1592 955 1652 1011 δε
1692 959 1877 1031 ὁμοίως

268 1055 420 1125 παρὰ
471 1059 537 1122 τῷ
582 1053 836 1123 Ματθαίῳ
888 1055 981 1110 τὴν
1020 1048 1268 1121 ἐξήγησιν
1298 1055 1409 1102 τοὺ·
1444 1046 1643 1109 Εὐθέως
1673 1043 1732 1100 δε
1764 1044 1873 1119 (44)

268 1143 409 1215 μετὰ
454 1145 548 1199 τήν
621 1138 795 1212 θλίψιν
874 1149 974 1193 τῶν
1047 1134 1249 1216 ἡμερῶν
1314 1136 1536 1204 ἐκείνων,
1624 1137 1649 1189 ὁ
1734 1135 1878 1196 ἣλιος

274 1230 712 1298 σκοτισθήσεται,
768 1233 857 1281 καὶ
913 1230 942 1288 ἠ
1007 1227 1192 1286 σελήνη
1253 1226 1311 1279 οὐ
1369 1223 1532 1279 δώσει
1574 1227 1633 1277 τὸ
1690 1228 1879 1297 φέγγος

270 1317 457 1382 αὐτῆς,
541 1321 631 1379 καὶ
697 1318 747 1370 οἱ
821 1315 1032 1391 ἀστέρες
1090 1323 1371 1369 πεσοῦνται
1440 1315 1543 1367 ἀπὸ
1620 1321 1712 1366 τοῦ
1794 1312 1879 1365 οὗ·

265 1412 455 1480 ρανοῦ,
482 1411 573 1459 καὶ
592 1408 684 1465 τήν
711 1413 800 1459 τοῦ
827 1404 1006 1479 ἐφεξῆς
1027 1404 1212 1480 pater?
1249 1408 1339 1456 καὶ
1377 1404 1613 1479 εὑρήσεις
1631 1399 1732 1456 ’καὶ
1760 1406 1878 1476 περὶ

266 1514 491 1548 τουτων.

345 1588 448 1636 Καὶ
474 1586 590 1637 τότε
619 1615 687 1626 -
725 1581 945 1645 πολλῆς.
1001 1581 1160 1635 Πάλιν
1204 1579 1307 1635 έκεῖ
1343 1580 1567 1644 καθεξῆς
1619 1577 1879 1651 away-me.

264 1674 361 1735 τὰς
390 1670 689 1745 έξηγὴσεις,
714 1670 995 1743 ἀναγκαίας
1024 1673 1183 1732 οὔσας
1211 1671 1347 1742 ἄχρι
1375 1677 1488 1723 τοῦ·
1523 1668 1652 1723 ’Δπό
1684 1665 1743 1721 δι
1781 1677 1879 1730 τῆς

269 1768 439 1823 συκῆς
456 1762 647 1834 μάθετε
677 1768 771 1820 τήν
797 1757 1119 1835 παραϐολήν.
1901 1825 1907 1831 ⁸

342 1849 676 1926 ’Δρχομένων
725 1846 785 1903 δε
839 1851 1032 1902 τούτων
1074 1849 1312 1921 γίνεσθαι
1370 1877 1439 1891 -
1490 1854 1644 1902 Θεοῦ.
1715 1842 1909 1909 Αὖθιςί

266 1938 376 1993 έκεῖ
431 1946 526 1999 τήν
582 1937 844 1992 έπίλοιπον
886 1937 1136 2011 έξήγησιν
1190 1936 1542 2010 ἀναγνωστέον
1590 1937 1725 2011 ἄχρι
1762 1942 1872 1989 τοῦ·

270 2029 442 2102 Ἀμήν
483 2028 616 2099 λέγω
658 2029 802 2101 ὑμῖν,
851 2025 909 2080 οὗ
957 2032 1028 2100 μή
1078 2025 1306 2102 παρελθῃ
1339 2027 1368 2084 ἡ
1402 2027 1552 2097 γενεὰ
1590 2026 1745 2092 αὕτη,
1787 2026 1876 2086 ἕως

268 2117 332 2170 ἆν
365 2117 483 2190 (45)
509 2120 681 2170 πάντα
705 2124 873 2170 ταῦτα
894 2120 1128 2189 γένηται·
1154 2113 1202 2167 έν
1240 2112 1404 2187 ἐκείνη
1433 2115 1534 2189 γὰρ
1567 2111 1875 2187 ἐμνημονεύ-

270 2208 444 2266 θησάν
473 2225 526 2260 τε
550 2210 640 2259 καὶ
669 2207 1095 2281 ἡρμηνεύθησαν,
1123 2205 1186 2265 ὡς
1217 2203 1373 2267 εἰκὸς.

338 2384 503 2457 ’Δμὴν
575 2415 641 2426 -
720 2382 1065 2457 παρέλθωσιν.
1127 2381 1262 2436 Ἐκεῖ
1323 2384 1412 2433 καὶ
1492 2383 1609 2454 περὶ
1680 2380 1872 2432 τούτων

266 2472 389 2547 ίῤῥή
399 2475 460 2532 θη

338 2564 637 2635 Προσέχετε
732 2591 801 2631 ὲ
880 2561 1139 2633 γίνεσθαι.

264 2647 442 2723 ὀγδόῳ
494 2648 751 2723 κεφαλαίῳ
807 2657 899 2703 τοῦ
973 2652 1108 2702 κατὰ
1172 2648 1439 2702 Ματθαῑον
1489 2646 1720 2707 ζήτησον
1776 2649 1871 2703 τήν

262 2739 539 2814 ἑρμηνείαν
604 2747 715 2792 τοῦ·
786 2745 1096 2813 Γρηγορεῖτε
1181 2732 1293 2805 οὖν,
1363 2736 1445 2788 ὅτι
1524 2734 1618 2787 οὐκ
1691 2730 1871 2786 οἴδατε

259 2834 392 2902 ποίᾳ
459 2831 571 2902 ὥρᾳ
626 2830 651 2880 ὁ
712 2830 901 2903 Κύριος
982 2828 1126 2900 ὑμῶν
1179 2828 1411 2900 ἔρχεται·
1463 2822 1511 2877 έν
1577 2823 1707 2896 αὐτῇ
1767 2824 1868 2895 γὰρ

256 2926 436 2973 ταῦτα
474 2922 688 2991 μνήμης
742 2922 831 2970 καὶ
891 2914 1174 2977 ἐπιλύσεως
1224 2918 1575 2985 τετυχήκασι.
1634 2919 1868 2985 Σημειω-

254 3013 375 3061 τέον
410 3002 470 3060 δε
498 3010 579 3059 ὅτι
627 3006 685 3058 οὗ
739 3010 891 3079 μόνον
945 3007 973 3064 ἡ
1015 3006 1171 3079 μέθη,
1213 3001 1342 3056 ἀλλὰ
1382 3007 1470 3054 καὶ
1506 3001 1583 3079 καί
1624 3021 1869 3076 μεριμναι

1218 2560 1299 2614 Ἐν
1384 2556 1456 2631 τῷ
1537 2563 1870 2627 πεντηκοστῷ

1978 514 2143 588 quod
2160 516 2282 570 Erit
2298 520 2437 571 tunc
2448 515 2690 586 afﬂictio
2709 532 2930 588 magna
2947 519 3139 589 qualis
3157 534 3275 573 non
3285 518 3406 586 fuit
3424 536 3457 573 a
3467 517 3636 586 prin-

1981 606 2128 676 cipio
2158 603 2372 661 mundi
2386 605 2470 660 ad
2489 604 2586 661 hoc
2605 622 2786 679 usque
2817 613 3066 677 tempus,
3099 622 3287 679 neque
3306 610 3426 677 ﬁet,
3451 609 3499 644 ⁵⁵
3532 598 3637 675 ;ex

1982 693 2462 765 interpretatione
2487 709 2645 766 ergo,
2674 710 2810 767 quae
2835 695 2915 751 ibi
2935 696 3134 769 posita
3163 700 3271 768 est,
3305 696 3482 753 etiam
3510 697 3640 753 haec

1983 788 2440 853 cognoscentur.

2054 874 2215 928 Vere.
2247 872 2334 927 25.
2367 873 2432 927 Et
2471 878 2641 929 erunt
2668 903 2738 913 —
2765 872 2931 928 Vers.
2962 874 3050 928 26.
3081 873 3474 930 movebuntur.
3508 877 3643 931 Haec

1984 960 2060 1017 de
2082 961 2349 1017 secundo
2375 960 2641 1017 adventu
2670 976 2779 1017 suo
2801 959 2962 1016 dicit.
2988 960 3191 1029 Quaere
3215 968 3411 1018 autem
3443 962 3647 1019 simili-

1986 1054 2072 1106 ter
2095 1052 2255 1122 apud
2286 1050 2623 1106 Matthmum
2643 1049 2782 1105 dicti
2814 1049 2966 1105 illius
3005 1053 3448 1107 enarrationem
3486 1051 3647 1108 :Sta-

1987 1140 2090 1195 tim
2109 1147 2303 1195 autem
2315 1145 2448 1208 post
2460 1138 2817 1209 afﬂctionem
2834 1138 3066 1195 dierum
3092 1139 3331 1194 illorum
3343 1138 3427 1194 sol
3446 1140 3650 1195 obscu-

1985 1228 2240 1294 rabitur,
2254 1234 2307 1284 et
2327 1228 2470 1285 luna
2483 1244 2599 1284 non
2614 1227 2774 1284 dabit
2808 1226 3172 1299 splendorem
3185 1242 3349 1281 suum
3360 1269 3373 1292 ,
3389 1233 3443 1283 et
3460 1228 3648 1284 stellae

1986 1316 2191 1375 cadent
2218 1317 2291 1375 de
2305 1318 2535 1386 celo“,
2559 1332 2629 1375 ac
2648 1316 2791 1375 dicti
2803 1316 3105 1391 sequentis
3127 1335 3140 1386 ;
3169 1322 3227 1372 et
3242 1315 3317 1375 de
3342 1315 3440 1375 his
3467 1316 3647 1377 etiam

1985 1421 2275 1463 invenies.

2058 1584 2227 1641 Vers.
2267 1583 2362 1640 27.
2395 1583 2473 1640 Et
2505 1587 2638 1640 tunc
2661 1614 2731 1625 —
2759 1598 3001 1656 magna.
3034 1584 3260 1639 Rursus
3290 1580 3369 1639 ibi
3418 1598 3530 1640 suo
3555 1599 3649 1640 or-

1986 1673 2125 1730 dine
2152 1672 2283 1744 lege
2302 1672 2730 1738 enarrationes,
2752 1687 2889 1745 qum
2916 1671 3272 1728 necessaria
3296 1676 3435 1729 sunt
3454 1687 3647 1745 usque

1912 1774 1958 1851 β
1987 1763 2069 1819 ibi
2100 1782 2113 1822 :
2148 1763 2199 1818 Α
2239 1763 2360 1832 ﬁcu
2389 1768 2584 1819 autem
2617 1761 2827 1819 discite
2857 1761 3217 1832 parabolam
3249 1761 3319 1813 ⁸⁷.

2058 1853 2227 1910 Vers.
2258 1851 2346 1907 28.
2381 1851 2490 1907 His
2532 1856 2726 1907 autem
2764 1852 2897 1919 ﬁeri
2935 1850 3353 1919 incipientibus
3386 1882 3447 1893 --
3477 1849 3643 1908 Vers.

1984 1942 2073 1997 3t.
2131 1940 2257 1997 Dei.
2292 1943 2515 1996 Rursus
2546 1938 2627 1995 ibi
2674 1939 2902 2013 reliqua
2931 1938 3232 1995 enarratio
3259 1938 3517 2009 legenda
3557 1944 3650 1996 est

1986 2028 2301 2103 usqueibi:
2336 2029 2546 2094 Amen,
2568 2027 2695 2085 dico
2717 2028 2899 2089 vobis.
2928 2043 3302 2100 nequaquam
3331 2028 3646 2101 praeteribit

1982 2119 2284 2191 generatio
2315 2117 2440 2175 haec
2469 2117 2650 2174 donec
2669 2119 2870 2174 omnia
2889 2117 3007 2174 ista
3027 2117 3175 2186 ﬁant
3204 2118 3281 2173 '5‘:
3306 2117 3367 2173 in
3394 2133 3464 2173 ea
3485 2117 3647 2175 enim

1983 2214 2039 2266 et
2062 2209 2279 2265 horum
2319 2206 2477 2264 facta
2505 2211 2596 2263 est
2636 2207 2882 2275 mentio,
2932 2214 2989 2263 et
3030 2206 3173 2263 data
3217 2206 3642 2280 interpretatio,

1982 2302 2047 2355 ut
2078 2312 2188 2371 par
2212 2300 2358 2355 erat.

2054 2387 2220 2444 Vere.
2274 2390 2365 2445 32.
2419 2385 2602 2443 Amen
2634 2416 2695 2425 —
2729 2385 2892 2441 Vers.
2945 2389 3034 2442 33.
3085 2383 3499 2457 praeteribunt.
3553 2383 3641 2441 Ibi

1982 2477 2161 2534 etiam
2191 2476 2265 2533 de
2293 2474 2387 2532 his
2418 2474 2645 2532 dictum
2676 2477 2783 2531 est.

2052 2565 2216 2622 Vers.
2272 2565 2360 2621 34.
2414 2564 2718 2621 Attendite
2751 2594 2820 2605 —
2857 2563 3018 2619 Vera.
3062 2567 3150 2620 36.
3200 2579 3329 2636 qua
3385 2568 3638 2621 ventura

1979 2661 2135 2712 sunt.
2169 2655 2684 2727 Quinquagesimo
2723 2657 2937 2710 octavo
2962 2652 3264 2725 Evangelii
3305 2653 3477 2723 juxta
3507 2655 3641 2709 Mat-

1979 2744 2201 2800 thaaum
2221 2742 2415 2816 capite
2436 2758 2638 2815 quaere
2663 2741 3102 2798 enarrationem
3136 2740 3185 2812 ej
3196 2757 3281 2807 us,
3304 2740 3467 2812 qhod
3499 2740 3641 2797 dici-

1979 2837 2108 2889 tur:
2143 2832 2383 2904 Vigilate
2410 2847 2571 2902 ergo,
2591 2830 2729 2904 quia
2758 2829 3010 2895 nescitis,
3038 2844 3157 2902 qua
3185 2828 3333 2886 hora
3352 2831 3640 2889 Dominus

1981 2927 2171 2979 vester
2196 2926 2483 2979 venturus
2506 2921 2582 2978 sit
2598 2921 2679 2987 5’;
2711 2935 2853 2976 nam
2881 2918 2941 2975 in
2971 2934 3041 2974 eo
3058 2916 3238 2975 etiam
3266 2917 3339 2974 de
3363 2917 3459 2974 his
3481 2916 3641 2975 facta

1978 3015 2065 3066 est
2090 3010 2331 3077 mentio,
2366 3010 2629 3083 dataque
2655 3008 2971 3065 enarratio.
3009 3006 3389 3077 Signandum
3423 3010 3511 3062 est
3535 3022 3640 3063 au-

254 3106 357 3151 τού
389 3095 514 3169 βίον
559 3094 887 3170 βαπτίζουσι
936 3098 1031 3154 τήν
1056 3093 1264 3167 ψυχήν,
1305 3097 1395 3144 καὶ
1420 3091 1868 3152 καταποντίζουσι

2022 3117 2118 3167 em,
2149 3100 2313 3173 quod
2353 3115 2474 3155 non
2514 3097 2639 3155 sola
2654 3097 2934 3165 ebrietas,
2967 3096 3070 3153 sed
3110 3103 3167 3153 et
3192 3112 3351 3153 curas
3387 3095 3641 3152 simula-

254 3195 364 3239 τῶν
395 3192 534 3240 νοῦν.

330 3280 438 3328 Καὶ
472 3304 541 3316 -
571 3272 864 3349 ἀνθρώπου.
896 3278 1238 3347 Παραστῆναι
1265 3277 1338 3342 τῷ
1362 3276 1581 3346 Χριστῷ
1604 3269 1737 3341 μετὰ
1764 3276 1864 3321 τῶν

247 3363 512 3437 ἀγγέλων.

323 3452 427 3505 Ἦν
474 3482 544 3492 -
601 3446 895 3505 διδάσκων.
948 3448 1023 3502 Δι’
1088 3446 1329 3522 ὠφέλειαν
1392 3456 1491 3501 τῶν
1548 3446 1711 3501 ἐκεῖσε
1745 3448 1859 3520 (46)

247 3543 669 3616 συνερχομένων.

321 3633 432 3691 Τὰς
458 3625 519 3683 δε
545 3632 733 3691 νύκτας
759 3658 826 3669 -
864 3626 1103 3685 Ἐλαίῶν.
1140 3628 1235 3679 Διὰ
1270 3630 1326 3680 τὸ
1357 3625 1749 3701 ἀπερίσπαστον
1767 3631 1855 3680 καὶ

1975 3206 2070 3246 res
2126 3188 2398 3245 animam
2447 3186 2792 3252 absorbent,
2836 3190 3221 3258 mentemque
3256 3184 3633 3255 demergunt.

2046 3278 2214 3334 Vers.
2242 3278 2330 3334 36.
2361 3277 2436 3333 Et
2463 3307 2521 3317 —
2551 3275 2826 3332 hominis.
2860 3279 3059 3331 Astare
3092 3274 3324 3332 Christo
3352 3289 3493 3330 cum
3523 3288 3636 3329 an-

1972 3365 2140 3439 gelis.

2041 3454 2204 3512 Vers.
2235 3454 2322 3511 37.
2354 3454 2503 3511 Erat
2533 3485 2601 3495 —
2630 3453 2860 3510 docens.
2889 3452 3135 3525 Propter
3180 3466 3389 3509 eorum
3421 3449 3632 3507 utilita-

1966 3550 2109 3611 tem,
2149 3545 2251 3617 qui
2282 3542 2420 3600 illuc
2452 3542 2910 3599 concurrebant.

2039 3636 2198 3693 Vers.
2231 3634 2320 3691 37.
2350 3632 2629 3690 Noctibus
2660 3646 2797 3689 vero
2843 3662 2913 3670 —
2946 3629 3271 3687 Oliuarum.
3320 3627 3401 3685 Ne
3432 3632 3629 3687 mente

244 3715 555 3777 ἐπιτήδειον
588 3716 658 3779 εἰς
683 3721 1008 3792 προσευχήν·
1048 3715 1153 3789 οὐχ
1178 3716 1333 3775 ἧττον
1365 3711 1424 3769 δὲ
1448 3720 1537 3769 καὶ
1563 3715 1629 3778 εἰς
1656 3735 1853 3789 μυστι-

2027 3724 2405 3793 straheretur,
2427 3720 2647 3794 etquia
2662 3725 2840 3792 aptus
2868 3724 2995 3775 erat
3025 3717 3095 3773 ad
3125 3717 3498 3791 precandum
3517 3732 3628 3774 nec

244 3811 485 3881 κωτέραν
512 3802 865 3860 διδασκαλίαν
893 3813 992 3858 τῶν
1013 3806 1277 3878 μαθητῶνσ
1306 3800 1463 3864 δῆλον
1490 3807 1590 3880 γὰρ
1624 3806 1704 3858 ὃτι
1741 3805 1852 3877 μετ’

243 3897 426 3950 αὐτῶν
457 3894 707 3970 ἐξήρχετο
737 3893 836 3969 εκεῖ
868 3893 1127 3956 ηὐλίζετο·

326 4077 433 4128 Καὶ
467 4079 571 4134 πᾶς
596 4102 659 4113 -—
688 4071 867 4127 αὐτοῦ.
906 4072 965 4126 Εἰ
1002 4072 1028 4124 ὁ
1075 4072 1194 4133 λαός
1238 4071 1425 4135 ἐκεῖνος
1463 4074 1627 4135 οὕτως
1669 4072 1849 4143 έποίει,

240 4163 426 4232 πολλῷ
455 4161 644 4234 μᾶλλον
684 4162 820 4234 ἡμᾶς
845 4165 980 4236 χρή,
1003 4165 1089 4214 τὸν
1115 4161 1418 4236 οἰκειότερον
1435 4160 1575 4229 λαὸν,
1592 4163 1850 4238 ὀρθρίζιιν

242 4256 379 4327 πρὸς
411 4251 565 4303 αὐτὸν
606 4249 654 4302 έν
699 4260 770 4322 τῷ
802 4252 920 4325 ίερῳ
947 4249 1030 4304 ἐπὶ
1059 4261 1130 4324 τῷ
1161 4249 1365 4305 ἀκούειν
1400 4251 1577 4316 αὐτοῦ,
1612 4248 1707 4304 διὰ
1753 4260 1852 4303 τῶν

1962 3814 2163 3871 minus
2188 3828 2433 3886 quoque
2461 3811 2536 3866 ob
2554 3809 2932 3868 secretiorem
2954 3807 3387 3881 discipulorum
3415 3807 3629 3865 instru-

1959 3903 2216 3960 ctionem
2245 3919 2259 3964 ;
2294 3916 2434 3957 nam
2461 3897 2845 3955 manifestum
2876 3904 2984 3963 est,
3017 3895 3183 3970 quod
3212 3895 3351 3953 illuc
3379 3911 3516 3952 cum
3541 3894 3627 3952 eis

1960 3990 2157 4049 exibat
2186 3993 2242 4047 et
2268 3986 2755 4045 conversabatur.

2031 4081 2191 4135 Vers.
2220 4082 2305 4135 38.
2341 4076 2737 4147 Omnisque—
2764 4074 2962 4130 illum.
3001 4073 3056 4130 Si
3087 4072 3349 4145 populus
3379 4071 3474 4129 ille
3504 4072 3622 4128 hoc

1960 4165 2239 4232 faciebat,
2255 4166 2442 4223 multo
2462 4163 2654 4234 magis
2668 4179 2804 4231 nos,
2820 4163 2922 4235 qui
2944 4161 3205 4233 populus
3220 4161 3414 4230 magis
3427 4159 3508 4215 illi
3529 4160 3621 4216 fa-

1963 4256 2208 4312 miliaris
2240 4271 2449 4311 sumus
2479 4256 2713 4325 oportet
2740 4249 3007 4307 diluculo
3039 4249 3229 4304 venire
3256 4247 3334 4305 ad
3364 4263 3524 4314 eum,
3555 4252 3620 4304 ut

241 4345 399 4396 θείων
425 4347 637 4414 Γραφῶν
669 4335 1042 4407 διδάσκοντος,
1074 4345 1164 4393 καὶ
1182 4345 1254 4414 μή
1279 4345 1430 4413 μόνον
1476 4339 1701 4410 ἀκούειν,
1725 4339 1853 4393 ἀλλὰ

2060 4342 2278 4416 templo
2309 4342 2630 4399 audiamus
2666 4338 2835 4396 illum
2870 4354 2972 4411 per
3000 4337 3335 4409 Scripturas
3380 4340 3616 4392 sanctas

236 4436 337 4484 καὶ
367 4430 670 4483 ὑπακούειν.

1883 4482 1929 4539 D

647 4706 791 4756 ΚΕΦ.
823 4700 946 4765 Ος·’.
975 4705 1097 4775 Περὶ
1119 4707 1210 4754 τοῦ
1241 4703 1460 4773 Πάσχα.

316 4861 551 4933 Ἥγνιζε
605 4890 674 4901 -
723 4860 942 4932 Πάσχα.
995 4863 1173 4933 Ἐορτή
1222 4868 1321 4913 τῶν
1366 4858 1608 4932 Ἀζύμων
1656 4857 1849 4931 ἐλέγετο

234 4955 337 5005 καὶ
380 4951 413 5008 ἠ
462 4957 555 5003 τοῦ
598 4950 800 5021 Πάσχα
836 4947 1011 5024 έορτή,
1063 4945 1201 5001 διότι
1241 4950 1376 5001 κατά
1413 4952 1469 5001 τὸ
1515 4951 1714 5020 Πάσχα
1740 4955 1847 5010 τοῖς

230 5045 336 5095 τοῦ
374 5037 542 5113 ἀμνοῦ
580 5040 767 5115 κρέασι
820 5041 912 5091 καὶ
962 5038 1142 5111 ἄζυμα
1182 5038 1483 5097 συνήσθιον.
1515 5042 1705 5090 Λοιπὸν
1736 5036 1843 5109 οὖν,

316 5218 367 5255 ⁸⁸
399 5214 607 5274 Matth.
637 5229 798 5282 xxxv,
828 5217 918 5272 2t.
1067 5214 1116 5251 ⁸⁸
1145 5212 1286 5271 Ibid.
1315 5214 1402 5269 29.
1516 5214 1560 5250 ⁸⁷
1591 5212 1736 5272 Ibid.
1764 5212 1854 5269 29.

1960 4434 2277 4490 docentem
2306 4450 2324 4503 ;
2359 4447 2468 4488 nec
2501 4428 2696 4486 solum
2729 4434 2791 4484 ut
2834 4425 3175 4493 audiamus,
3206 4424 3313 4482 sed
3344 4424 3523 4481 etiam
3550 4429 3615 4480 ut

1959 4522 2329 4580 obediamus.

2332 4692 2490 4750 CAP.
2531 4694 2754 4751 LXXVI.
2788 4693 2870 4751 De
2897 4690 3147 4750 Pascha.

2031 4854 2174 4929 Cap.
2224 4854 2386 4912 XXII.
2437 4856 2597 4911 Vers.
2630 4858 2680 4910 1.
2734 4851 3239 4925 appropinquavit
3270 4881 3338 4893 -
3366 4850 3604 4909 Pascha.

1957 4947 2189 5004 Festum
2214 4949 2578 5019 Azymorum
2606 4941 2787 4999 etiam
2807 4940 3104 4998 dicebatur
3128 4941 3328 5014 ipsum
3364 4941 3607 4998 Pascha;

1955 5034 2197 5102 festum,
2227 5034 2372 5109 quia
2408 5034 2469 5091 in
2507 5032 2737 5090 Pascha
2786 5030 3063 5089 carnibus
3105 5029 3248 5102 agni
3285 5034 3343 5087 et
3380 5029 3604 5104 azymis

2002 5213 2049 5249 ⁸⁸
2081 5211 2229 5271 Ibid.
2262 5214 2351 5271 34.
2462 5211 2511 5249 ⁶⁹
2533 5208 2786 5267 Ῐδίἁ.42.

1317 5390 1544 5461 Variae
1568 5390 1904 5460 lectiones
1933 5398 2001 5458 et
2036 5398 2240 5458 notae.

315 5564 433 5639 (63)
459 5568 567 5617 τοῦ
589 5567 801 5620 neuter
828 5562 1108 5635 agnoscit
1135 5560 1195 5619 in
1225 5565 1495 5620 contextu
1517 5560 1680 5636 apud
1707 5563 1848 5619 Mat-

224 5638 495 5696 meum.

315 5710 435 5785 (44)
474 5707 539 5762 Δί
567 5703 737 5764 abest
763 5707 848 5793 A._

2028 5559 2144 5703 E45;
2173 5557 2270 5613 Ἀν
2298 5557 2513 5615 omittit
2542 5557 2603 5614 Β.

2053 5631 2120 5686 46
2165 5629 2304 5684 Ἐκεῖ
2321 5637 2376 5683 Β.

2053 5629 2142 5686 ἀνϐὶ
2165 5629 2304 5684 Ἐκεῖ
2321 5637 2376 5683 Β.
