3994 6218
3597 43 3877 179 π

429 288 569 380 isis
1748 288 2095 375 summa
2134 284 2463 374 'ZIGAssui
2626 290 2627 293 ‘
3654 296 3770 375 itm

423 426 841 515 vescebantur,
891 428 1030 502 cum
1082 443 1285 517 itaque
1342 442 1483 500 tunc
1541 442 1805 517 primum
1865 459 2000 517 azy:

2194 445 2307 496 τότε
2357 450 2557 519 πρῶτον
2598 447 2865 517 γευόμενοι
2922 452 3020 497 τῶν
3069 442 3299 517 ἀζύμων,
3347 444 3561 519 ’Δζυμα
3598 450 3682 498 καὶ
3720 448 3770 498 τὸ

427 542 753 609 gustarent,
832 535 1031 608 ipsum
1117 533 1351 590 Pascha
1423 532 1823 590 nominabant
1901 533 2004 589 etia

1238 533 1351 590 cha
1423 532 1823 590 nominabant
1901 533 2077 589 etiam
2198 535 2397 605 Πάσχα
2425 537 2811 606 κατωνόμαζον·

427 630 673 700 Azyma.

496 715 667 770 Aliud
718 719 915 769 tamen
964 713 1199 785 proprie
1240 713 1452 769 festum
1520 717 1647 769 erat
1697 718 2073 785 Azymorum,

2266 710 2443 785 Ἐτέρα
2496 708 2554 765 δὲ
2619 709 2679 771 ἦν
2730 714 2758 771 ἠ
2810 717 3003 785 κυρίως
3069 713 3218 788 ἔορτὴ
3276 722 3373 766 τῶν
3430 714 3690 785 ’Δζ-ὗμιιιν,
3747 715 3772 771 ἠ

425 804 522 860 die
555 804 823 875 sequenti
856 807 990 875 post
1022 804 1259 859 Pascha:
1289 802 1613 867 festum,de
1638 818 1759 874 quo
1791 802 1969 857 latius
1998 825 2002 852 ι

2199 803 2322 874 μετὰ
2364 806 2451 859 τὴν
2513 801 2693 876 ἑορτὴν
2740 810 2825 854 τοῦ
2873 805 3091 874 Πάσχα,
3137 808 3253 877 περὶ
3306 804 3365 863 ἧς
3408 807 3615 877 εἴρηταί
3659 804 3776 853 πλα-

424 886 586 965 ctum
619 900 706 948 est
739 893 1117 962 sexagesimo
1151 892 1319 947 tertio
1351 892 1545 963 capite
1578 891 1876 960 Evangelii
1912 892 2001 961 jui

2200 892 2401 965 τύτερον
2454 888 2501 942 ἐν
2559 899 2628 961 τῷ
2679 890 2942 953 ἐξηκόστῶ
2989 896 3148 966 τρίτῳ
3203 892 3461 963 κεφαλαίῳ
3512 892 3605 944 τοῦ
3656 896 3777 944 κατὰ

424 984 784 1046 Matthteum,
814 982 907 1036 ubi
923 982 1138 1036 dicitur
1164 998 1175 1037 :
1204 982 1403 1036 Primo
1416 988 1599 1037 autem
1617 982 1971 1053 Azymorum
1989 999 2001 1036 ι

2201 981 2459 1032 Ματθαῖον
2536 982 2655 1032 ἔνθα
2711 985 2789 1032 re"
2867 987 2941 1053 Τῇ
3013 977 3071 1034 δέ
3132 988 3309 1055 πρώτη
3370 989 3465 1033 τῶν
3554 982 3778 1052 ’Δζύμων

425 1078 720 1128 cesserunt
756 1071 1035 1140 discipuli
1060 1072 1140 1125 ad
1168 1072 1363 1126 Jesum
1399 1072 1657 1127 dicentes
1706 1072 1792 1124 ei:
1836 1070 1946 1128 Ubi
1998 1089 2002 1122 1

2198 1069 2488 1143 προσῆλθον
2562 1070 2612 1121 οἰ
2675 1072 2904 1142 μαθηταέ
2959 1077 3030 1141 τῷ
3084 1069 3283 1136 Ἰησοῦ,
3340 1074 3566 1142 λέγοντες
3630 1069 3775 1140 αὐτῷ.

421 1177 695 1234 paremus
740 1160 848 1217 tibi
885 1159 953 1214 ad
1000 1159 1288 1217 edendum
1328 1160 1556 1217 Pascha
1588 1161 1636 1195 ⁸ο
1667 1163 1694 1216 ?

2204 1164 2302 1210 Ποῦ
2396 1157 2553 1219 θέλεις
2645 1157 2993 1232 ἑτοιμάσωμέν
3093 1158 3205 1231 (4⁸7)
3290 1178 3375 1211 σοι
3462 1167 3643 1232 φαγεῖν
3730 1162 3781 1211 τὸ

2197 1249 2397 1313 Πάσχα
2430 1263 2443 1313 ;

497 1340 659 1396 Vers.
688 1340 741 1394 2.
772 1341 847 1397 Et
895 1340 1243 1411 quaerebant
1267 1370 1336 1383 —
1364 1338 1663 1411 populum.
1705 1339 2074 1406 Quaerebam,

2209 1267 2317 1299 uua
2363 1267 2397 1298 α
2430 1267 2441 1275 ·

2269 1267 2369 1388 Κέἱ
2417 1290 2627 1399 ἐξήτουν
2670 1366 2739 1377 -
2787 1332 2929 1389 λαόν.
2984 1336 3236 1397 Ἐζήτουν
3306 1338 3363 1389 τό
3422 1344 3540 1398 πῶς
3616 1334 3786 1389 ἆνιῖυ-

426 1428 732 1502 quomodo
818 1430 1157 1485 occiderent
1222 1446 1353 1484 eum
1419 1429 1668 1495 occulte,
1737 1433 1840 1485 aut
1915 1445 2003 1485 na.

2207 1444 2280 1477 σιν
2330 1424 2505 1490 αὑτὸν,
2576 1428 2801 1499 κρυφίως
2870 1426 2900 1486 ἦ
2974 1425 3275 1498 εὖαφέρμως
3329 1422 3575 1483 δηλονότι
3606 1443 3618 1455 ·
3686 1428 3784 1498 ἐφο-

429 1519 588 1574 bona
666 1519 981 1574 occasione
1042 1518 1326 1589 scilicet;
1380 1517 1665 1573 timebant
1730 1517 1892 1573 enim
1975 1534 2006 1591 p

2206 1512 2381 1567 Ξοῦντο
2433 1517 2536 1588 γὰρ
2589 1518 2675 1567 τὸν
2730 1514 2872 1583 λαόν,
2920 1524 3147 1590 γανιρῶς
3194 1516 3223 1575 ἲς
3269 1513 3583 1589 ἁναφόρμως
3611 1514 3783 1569 ἀνελεῖν

429 1606 667 1680 pulum,
709 1607 759 1662 si
792 1606 992 1679 palam
1041 1602 1144 1663 aut
1181 1606 1344 1663 nulla
1378 1607 1520 1663 data
1568 1606 1881 1663 occasione
1920 1606 2087 1662 illum
2198 1603 2374 1656 αὐτὸν.

431 1695 796 1752 occiderent.
1324 1760 1327 1765 γ

502 1785 667 1841 Vers.
696 1786 748 1841 3.
790 1786 1051 1841 Intravit
1087 1817 1154 1825 —
1185 1786 1510 1842 duodecim.
1544 1784 1803 1842 Joannes
1843 1801 1982 1841 vero
2009 1785 2079 1840 di-

2272 1781 2498 1841 Εἰσῆλθε
2574 1813 2643 1823 —
2726 1778 2955 1836 δώδεκα.
3051 1781 3290 1845 Ἰωάννης
3361 1780 3424 1837 δέ
3500 1803 3656 1856 φησιν
3720 1785 3790 1835 ὅτι

433 1874 707 1948 cit,quod
732 1876 866 1929 Post
891 1875 1141 1944 offulam
1167 1878 1307 1930 tunc
1340 1875 1601 1929 introivit
1629 1877 1685 1929 in
1718 1876 1887 1930 illum
1916 1875 2010 1931 Sat

2212 1873 2349 1925 Μετὰ
2426 1874 2484 1924 τό
2581 1871 2809 1944 ψωμίον,
2866 1875 2983 1925 τότε
3059 1871 3293 1931 εἰσῆλθεν
3368 1872 3443 1935 εἰς
3518 1874 3700 1926 ἐκεῖνον
3768 1874 3789 1925 ὁ

433 1978 563 2019 nas.
588 1964 631 1998 ⁶¹
668 1966 792 2018 Non
820 1969 909 2017 est
935 1969 1134 2017 autem
1168 1963 1224 2018 in
1246 1963 1358 2019 hoc
1385 1963 1793 2019 contradictio.
1828 1964 2010 2018 Primu

2213 1967 2451 2023 Σατανᾶς.
2507 1960 2616 2013 Οὐκ
2657 1963 2771 2014 ἔστι
2816 1958 2876 2013 δί
2927 1969 3079 2014 τοῦτο
3123 1960 3498 2032 ἐναντιολογία.
3556 1968 3790 2037 Πρότερον

438 2050 737 2123 siquidem
752 2050 1112 2122 experientia
1127 2052 1702 2123 probabatSatanas,
1722 2068 1790 2107 ac
1806 2052 2015 2106 miseru

2216 2054 2295 2121 μὲν
2323 2053 2424 2124 γὰρ
2471 2052 2497 2103 ὁ
2547 2056 2771 2111 Σατανᾶς
2810 2047 3095 2125 ἀπόπειραν
3144 2048 3433 2108 ἐποιήσατο
3488 2055 3580 2104 καὶ
3629 2048 3793 2105 διεκω-

441 2138 813 2212 explorabat,
868 2140 1251 2210 postmodum
1294 2156 1434 2195 vero
1474 2142 1677 2210 agnito
1707 2141 1870 2213 quod
1926 2156 2018 2211 rep

2219 2136 2399 2192 idivia's
2452 2141 2561 2209 (48)
2613 2142 2699 2191 τόν
2755 2138 2950 2191 ἄλθιον·
3007 2140 3221 2212 ὕστερον
3279 2136 3359 2201 δέ,
3414 2143 3576 2211 γνούς
3630 2140 3796 2211 ἀφορι-

440 2228 637 2283 diatus
669 2234 828 2283 esset
856 2234 908 2283 et
938 2228 1374 2299 incorrigibilis,
1408 2247 1593 2284 ausus
1634 2236 1719 2284 est
1750 2230 1808 2284 in
1842 2245 1979 2284 eum
2010 2229 2017 2282 i

2218 2230 2415 2295 σθέντα,
2467 2230 2536 2291 ὡς
2607 2225 2946 2303 ἀδιόρθωτον,
3005 2227 3273 2303 θαρρήσας
3335 2226 3686 2293 ἐπεπήδησαν,
3741 2230 3795 2288 ὥς

442 2316 631 2387 gredi,
690 2318 838 2373 sicut
883 2318 1061 2373 etiam
1093 2319 1152 2372 in
1186 2318 1503 2387 Evangelio
1544 2318 1715 2389 juxta
1756 2318 2019 2373 Matthmu

2214 2323 2298 2369 καὶ
2367 2316 2415 2369 ἐν
2481 2324 2553 2388 τῷ
2613 2320 2749 2369 κατὰ
2812 2319 3081 2370 Ματθαῖον
3153 2317 3453 2390 εἰρήκαμεν,
3507 2318 3639 2375 πλὴν
3704 2318 3791 2388 οὐχ

443 2406 722 2478 diximus,
755 2423 872 2461 non
892 2414 1090 2461 tamen
1115 2407 1278 2479 quod
1303 2408 1559 2463 insanire
1582 2425 1717 2463 eum
1746 2407 1964 2463 faceret
1994 2424 2020 2463 a

2215 2408 2341 2459 ὥστε
2386 2403 2639 2479 δαιμονᾷν
2688 2406 2862 2469 αὑτὸν,
2922 2404 3029 2457 ἀλλ’
3088 2407 3223 2458 ὥστε
3283 2409 3680 2478 κατακυριεὼιν
3717 2411 3792 2456 καὶ

446 2496 827 2566 agitaret,sed
851 2496 1013 2568 quod
1036 2495 1115 2551 illi
1132 2495 1905 2569 dominaretur,ettauquam
1928 2513 2019 2552 ser

2214 2492 2558 2566 δουλαγωγιῖν
2616 2495 2791 2550 αὐτόν.
2843 2495 3182 2569 Ἰσκαριώτην
3221 2498 3311 2567 μὲν
3352 2492 3444 2547 οὖν
3476 2496 3584 2548 εἷπε
3614 2503 3791 2559 τοῦτον,

445 2591 726 2641 uteretur.
802 2586 1116 2640 lscarioten
1177 2586 1341 2641 hunc
1414 2586 1560 2641 dixit
1630 2586 1708 2642 ad
1779 2586 2019 2641 discrim

2217 2588 2335 2656 πρὸς
2358 2580 2761 2643 ἁντιδιαστολην
2800 2592 2890 2638 τοῦ
2920 2584 3075 2637 ἄλλον
3106 2580 3309 2637 Ἰούδαο
3351 2583 3405 2636 ἐκ
3447 2592 3543 2636 τοῦ
3592 2583 3794 2659 ἀριθμοῦ

448 2674 717 2733 alterius.
749 2674 917 2730 Iudae
948 2674 1182 2731 Addidit
1212 2676 1390 2732 etiam
1417 2674 1583 2748 quod
1614 2692 1644 2731 e
1674 2690 1927 2731 numero
1958 2675 2025 2730 dt

2216 2670 2275 2727 δὲ
2296 2682 2395 2726 τῶν
2432 2670 2661 2739 δώδεκα,
2689 2675 2770 2727 ἵνα
2797 2670 2942 2747 δείξῃ
2966 2676 3046 2727 ὅτι
3068 2672 3125 2726 ἐκ
3150 2682 3241 2727 τοῦ
3270 2679 3483 2750 πρώτου
3514 2680 3679 2750 χοροῦ
3703 2682 3788 2726 τῶν

449 2763 642 2820 decim
672 2768 812 2835 erat,
844 2764 1255 2821 utostenderet
1293 2764 1453 2836 quod
1507 2764 1580 2821 de
1605 2765 1801 2838 primo
1858 2769 1984 2821 erat
2020 2787 2026 2816 ε

999 2764 1255 2821 tenderet
1293 2764 1453 2836 quod
1507 2764 1580 2821 de
1605 2765 1801 2838 primo
1858 2769 1984 2821 erat
2020 2764 2106 2821 di—
2215 2765 2460 2837 μαθητῶν
2488 2760 2569 2822 ἧν.

452 2853 820 2925 scipulorum
854 2854 1055 2909 choro.

524 2943 687 2998 Vers.
723 2946 775 2998 4.
807 2943 879 2996 Et
925 2943 1071 2998 abiit
1101 2974 1169 2984 —
1196 2944 1294 2999 eis.
1334 2942 1797 3013 Magistratibus,
1829 2944 1931 3015 qui
1964 2948 2101 2999 tem-

2293 2945 2393 2995 Καὶ
2471 2940 2701 2995 ἀπελθὼν
2767 2972 2833 2984 --
2892 2941 3087 3005 αὐτοῖς.
3148 2948 3264 3002 Τοῖς
3325 2949 3663 3017 στρατηγοῖς,
3717 2948 3810 3001 τοῖς

454 3031 622 3105 plum
669 3031 1101 3088 custodiebant.
1144 3034 1291 3088 Nam
1336 3039 1392 3087 et
1421 3033 1479 3089 hi
1537 3034 1803 3105 pecuniis
1840 3050 2031 3105 persua

2234 3030 2557 3103 ρυλάσσουσι
2604 3034 2659 3084 τὸ
2717 3032 2869 3105 ἱερόν.
2922 3036 3267 3084 Συνέπνευσαν
3295 3034 3401 3104 γὰρ
3434 3037 3528 3085 καὶ
3558 3031 3697 3085 οὗτοι
3722 3037 3811 3091 τοῖς

454 3136 593 3176 cum
620 3118 936 3176 homicidis
966 3122 1969 3191 conjuraverant.Traderelautem,
2000 3121 2031 3175 h

2226 3127 2538 3194 μιαιφόνοις,
2590 3122 2983 3183 αναπεισθέντες
3020 3126 3290 3193 χρήμασι.
3329 3117 3570 3194 Παραδῷ
3602 3117 3677 3184 δί,
3708 3126 3803 3172 αντὶ

456 3215 563 3278 est,
593 3209 917 3266 traditurus
944 3216 1118 3267 esset.

2225 3219 2339 3278 τοῦ,
2370 3207 2697 3285 παραδώσει.

530 3303 685 3357 Vers.
715 3305 768 3356 5.
798 3301 871 3355 Et
905 3331 973 3342 —
1002 3318 1058 3355 se
1086 3301 1355 3357 daturos.
1384 3300 1544 3357 Sicut
1565 3301 1824 3373 petebat.

1490 3306 1544 3357 ut
1565 3301 1824 3373 petebat.
2299 3304 2400 3353 Καὶ
2429 3331 2495 3340 --
2528 3296 2732 3351 δοῦναι.
2760 3296 2849 3361 Ὠς
2874 3296 3067 3360 ἐζητει.

530 3392 690 3445 Vers.
721 3390 775 3445 6.
833 3389 897 3444 Et
930 3390 1025 3446 ιἰιε
1062 3390 1389 3459 spopondit.
1428 3392 1545 3445 Hoc
1590 3390 1648 3445 in
1680 3390 1814 3447 loco
1865 3387 2107 3462 ἐξωμολό-

2298 3393 2399 3442 Καὶ
2448 3387 2853 3460 ἐξωμολόγησεν.
2921 3388 3009 3442 Ἐκ
3067 3388 3181 3460 (49)
3234 3383 3468 3463 καρδίας
3514 3386 3809 3462 ὡμολόγησε,

455 3497 636 3551 γησεν,
672 3478 831 3534 idem
886 3482 998 3547 est,
1053 3478 1217 3551 quod
1249 3484 1458 3552 pactus
1502 3486 1606 3544 est,
1657 3479 1903 3535 ﬁrmiter
1940 3485 1997 3536 et

1254 3484 1458 3552 pactus
1502 3486 1606 3544 est,
1657 3479 1903 3535 ﬁrmiter
1940 3485 1997 3536 et
2042 3494 2113 3536 ex
2226 3476 2450 3551 βεϐαίως
2471 3475 2831 3549 ἐπηγγείλατο.

456 3568 662 3624 animo
692 3566 988 3639 promisit.

529 3654 689 3711 Vers.
721 3659 771 3711 6.
801 3655 890 3710 Ac
919 3684 985 3694 —
1032 3653 1221 3711 turba.
1261 3654 1395 3711 Sine
1420 3654 1697 3711 tumultu.

2298 3660 2398 3710 Καὶ
2425 3687 2494 3697 -
2525 3655 2706 3728 ὄχλου.
2742 3655 3043 3731 Εὐκαιρίαν,
3087 3656 3272 3724 εἶτ-ουν,
3304 3653 3605 3717 ἐπιτήδειον
3630 3657 3801 3728 καιρόν.

2222 3743 2378 3818 ’Δτερ
2408 3741 2466 3798 δέ
2495 3743 2676 3817 ὄχλου,
2708 3743 2843 3809 ἀντὶ,
2886 3752 2998 3809 τοῦ,
3030 3749 3197 3819 χωρὶς
3226 3744 3453 3821 θορύϐου
3486 3746 3620 3816 (50).

528 3829 691 3886 Vers.
720 3831 771 3884 7.
802 3828 961 3885 Venit
990 3861 1059 3870 —
1098 3831 1348 3888 Pascha.
1384 3831 1645 3887 Verbum
1678 3834 1851 3899 venit,
1892 3830 2105 3904 signiﬁ-

2294 3834 2451 3887 Ἦλθε
2521 3864 2589 3873 -
2642 3836 2860 3904 Πάσχα.
2911 3838 2980 3886 Τό
3030 3834 3180 3892 ἦλθεν
3236 3832 3469 3887 ἐνταῦθα
3535 3837 3593 3886 τὸ
3668 3829 3801 3887 ἐπλε-

461 3924 555 3976 cat
604 3919 692 3974 hic
720 3919 995 3974 instabat.
1031 3920 1179 3975 Dixit
1209 3926 1429 3987 autem,
1478 3923 1651 3992 venit,
1700 3926 1940 3996 propter
1996 3940 2038 3976 tr

2229 3928 2384 3976 σίοισε
2437 3918 2609 3980 δηλοῖ.
2672 3922 2832 3975 ’Ἦλθε
2875 3924 2973 3997 γὰρ
3036 3919 3165 3986 εἶπε,
3208 3918 3303 3975 διὰ
3360 3927 3460 3982 τὴν
3504 3923 3629 3994 ἄγαν
3680 3920 3806 3989 ἐγγύ-

461 4024 644 4079 gnam
686 4008 1216 4081 propinquitatem.
1246 4009 1415 4065 Aliud
1446 4012 1603 4067 enim
1632 4018 1737 4075 est,
1762 4012 1919 4084 quod
1944 4029 2038 4084 su;

2226 4033 2376 4071 τητα.
2437 4019 2644 4084 Ἕτερον
2713 4014 2772 4064 ὁὶ
2833 4015 2891 4063 τό
2974 4012 3212 4083 ἤγγιζεν,
3267 4014 3393 4085 ὅπερ
3476 4014 3582 4065 ἄνω
3639 4014 3802 4083 εἴρηκεν

461 4098 581 4153 rius
611 4097 777 4153 dixit.
811 4098 1046 4169 ἤγγιζεν,
1096 4102 1615 4172 appropinquavit,
1659 4107 1715 4156 et
1764 4100 1924 4156 aliud
1964 4100 2038 4153 ἐπ]

2225 4106 2316 4154 καὶ
2377 4103 2544 4173 ἕτερον
2600 4104 2657 4152 τὸ
2714 4098 3049 4164 ἐπλησίασεν,
3105 4104 3225 4171 ὅπερ
3287 4103 3519 4153 ἐνταῦθα
3569 4096 3800 4155 δηλούτω.

467 4192 637 4253 σίασε,
668 4187 1199 4255 imminebat,quod
1224 4187 1321 4243 hic
1344 4188 1705 4259 signiﬁcatur
1734 4206 1837 4263 per
1868 4190 2044 4244 verbu

2227 4194 2296 4243 Τὸ
2375 4188 2663 4249 ἐπλησίασε
2734 4191 2835 4263 γὰρ
2910 4191 3183 4261 ἐγγύτερόν
3272 4188 3388 4242 ἐστι
3464 4197 3556 4242 τοῦ
3629 4183 3800 4257 ἥγνιζε.

464 4274 605 4347 ἦλθε,
661 4277 834 4333 venit.
893 4276 1196 4350 Siquidem
1256 4278 1652 4350 propinquius
1692 4286 1778 4334 est
1830 4278 2041 4336 ἐπλησίσ

2229 4282 2315 4331 Διὸ
2370 4281 2491 4331 ἔνθα
2540 4282 2628 4351 μὲν
2656 4278 2799 4341 ἔταξε
2828 4281 2884 4330 τό
2932 4281 3140 4349 ἤγγιζε,
3197 4283 3298 4353 πρό
3348 4275 3452 4331 δύο
3500 4280 3689 4345 ἠπερῶν
3732 4279 3804 4324 τοῦ

464 4381 648 4438 quam
681 4364 916 4437 ἤγγιζεν.
976 4365 1110 4419 ideo
1153 4366 1246 4420 ubi
1283 4370 1481 4438 posuit
1539 4368 1775 4439 ἤγγιζεν,
1829 4375 1952 4422 erat
1983 4385 2041 4423 ar

2233 4370 2430 4439 Πάσχα
2493 4364 2573 4425 ἦν’
2636 4371 2737 4440 πρό
2798 4363 2895 4419 δύο
2938 4370 3038 4441 γὰρ
3088 4369 3294 4442 ἡμερῶν
3344 4369 3371 4419 ὁ
3408 4364 3597 4427 Ιούδας
3625 4361 3800 4416 συνελά-

467 4456 618 4509 duos
640 4453 765 4510 dies
801 4453 1065 4509 Paschaa.
1099 4454 1244 4510 Nam
1274 4462 1409 4511 ante
1438 4456 1589 4511 duos
1615 4456 1740 4512 dies
1768 4457 1998 4511 locutus
2030 4473 2044 4511 ι

2227 4457 2355 4514 λησε
2400 4464 2505 4517 τοῖς
2558 4455 2863 4529 ἀρχιερεῦσι
2931 4461 3018 4508 καὶ
3069 4465 3411 4531 στρατηγοῖς·
3468 4458 3585 4509 ἔνθα
3626 4451 3679 4505 δέ
3726 4447 3800 4504 δη·

465 4540 649 4597 Judas
681 4559 819 4598 cum
851 4544 1218 4614 principibus
1258 4545 1636 4601 sacerdotum
1669 4552 1725 4601 et
1766 4547 2042 4617 magistra

2228 4546 2410 4599 λουται
2448 4549 2506 4598 τό
2557 4544 2862 4613 ἐπλησίασε,
2912 4548 3012 4617 πρὸ
3056 4552 3178 4617 μιᾶς
3216 4546 3354 4598 ἐστι.
3420 4549 3529 4621 Πρὸ
3573 4549 3683 4616 μιᾶς
3719 4541 3798 4610 γὰρ

466 4628 1911 4701 1308;υὺίᾶυῑθῐηεὶεηὶἣοᾶιυτἐπλησίασεν,θεῑᾶῐιῑθ
1933 4651 2117 4690 unum
2232 4634 2497 4687 ἀπέστειλε
2543 4638 2732 4708 Πέτρον
2796 4638 2886 4686 καὶ
2956 4636 3195 4692 Ἰωάννην
3263 4634 3337 4697 εἰς
3393 4635 3684 4706 ἑτοιμασίαν
3728 4632 3798 4677 τοῦ

468 4716 649 4772 diem.
702 4718 852 4773 Nam
910 4726 1045 4775 ante
1101 4737 1288 4777 unum
1343 4721 1501 4779 diem
1553 4724 1711 4779 misit
1777 4724 2013 4779 Petrum

2231 4726 2450 4796 Πάσχα,
2507 4725 2681 4786 καθὼς
2744 4724 3115 4796 μεμαθήκαμεν
3178 4725 3323 4796 παρὰ
3386 4724 3656 4777 Μωὰθαίον
3723 4717 3795 4765 καὶ

468 4806 762 4862 Joannem
809 4806 883 4862 ad
914 4808 1246 4879 parandum
1293 4811 1539 4883 Pascha,
1587 4813 1740 4868 sicut
1770 4812 1934 4885 apud
1986 4815 2045 4870 Με

914 4808 1246 4879 parandum
1293 4811 1539 4883 Pascha,
1587 4813 1740 4868 sicut
1770 4812 1934 4885 apud
1986 4815 2119 4870 Mat.
2232 4817 2469 4888 Μάρκου.

474 4893 693 4951 thaaum
723 4899 779 4952 et
806 4897 1065 4953 Marcum
1110 4898 1444 4958 didicimus.

547 5075 595 5113 ⁸ο
624 5073 821 5132 Matth.
854 5090 1006 5143 xxvx,
1046 5079 1130 5146 t7,
1243 5076 1286 5112 οι
1314 5076 1484 5133 Joan.
1523 5092 1647 5133 xui.
1684 5079 1771 5132 27.

1543 5216 1765 5291 Variae
1812 5218 2140 5290 lectiones
2178 5230 2242 5290 et
2272 5224 2479 5289 notae.

550 5390 669 5461 (47)
701 5388 787 5446 Ita
838 5387 1018 5445 etiam
1049 5390 1299 5461 uterque
1350 5387 1410 5444 in
1459 5393 1735 5446 contextu
1795 5391 1955 5463 apud
1986 5394 2125 5447 Mat-
2235 5390 2403 5448 Cont.
2444 5392 2790 5463 Harpocr'at.
2850 5406 2905 5461 p.
2945 5387 3042 5445 51.
3098 5390 3471 5462 Frequenter
3517 5402 3585 5445 eo
3646 5380 3779 5439 etiam

475 5462 713 5519 thaum.
937 5530 948 5534 _
1059 5530 1069 5534 _
1263 5531 1276 5534 _
1441 5531 1490 5534 η
1542 5530 1555 5534 Α
1840 5462 1847 5463 “
2086 5532 2098 5534 Α
2237 5463 2416 5518 utitur
2441 5462 2922 5534 Cihrysostomus.

548 5518 1215 5609 (t8iiDemogthenicum
1262 5531 1396 5609 hoc.
1440 5530 1596 5609 V_(_ie
1641 5538 1759 5607 περὶ
1791 5532 2121 5609 τιςαροιπρισβῘ

2243 5604 2270 5609 _
2305 5535 2417 5602 (49)
2467 5518 3393 5609 Prépositionem_ix_'l‘heophyl.
3429 5518 3769 5609 etiamtum

525 5646 537 5658 .
560 5601 693 5669 393,
721 5604 857 5669 edit,
882 5603 1077 5677 Reisk.
1112 5603 1212 5657 ubi
1260 5601 1445 5677 codex
1492 5601 2101 5677 Mpsqu'ensis'ita'exh

2232 5604 2291 5659 C.
2320 5601 2553 5677 urget:
2590 5601 2891 5658 ’ΤΕΛΕΙΔΣ
2947 5601 3238 5677 ὁμολογίας
3276 5601 3368 5656 καί
3408 5601 3766 5662 συνθήκαςίπί·

525 5646 537 5658 .
570 5622 693 5669 δυο,
721 5622 857 5669 emt,
882 5622 1077 5660 neisx.
1112 5622 1212 5657 um
1260 5622 1445 5657 couex
1493 5622 1865 5675 mosquensis
1891 5622 1969 5661 Ita
1988 5622 2051 5660 ex

474 5622 619 5734 Bel:
664 5676 883 5738 Ἐκεῖνος
925 5673 1281 5748 (Phibppus)
1338 5674 1477 5748 iul-0'15
1515 5670 1908 5748 Δδιεκωδξώνισεν
1964 5677 2051 5729 ἀπε

844 5622 1077 5669 ,neISK.
1112 5622 1212 5657 UDI
1260 5622 1445 5657 ΟΟΟΘΧ
1493 5622 1865 5675 Μοδψιρηειε
1891 5622 1969 5661 Ila
1988 5622 2124 5661 ΘΧΠῙ
2232 5622 2291 5659 υ.
2344 5622 2421 5674 ur]

844 5696 883 5738 ›ς
925 5673 1281 5748 (Phihppus)
1338 5674 1477 5748 ἡμᾶς
1515 5670 1908 5748 Δδιεκωδξώνισεν
1964 5677 2123 5729 ἁπαν·
2234 5682 2421 5735 ἠσατο.

474 5768 585 5813 τας.
615 5751 744 5802 Τίνα
771 5742 958 5827 τρόπον
989 5762 1003 5817 ;
1032 5742 1387 5823 προσπέμπων
1434 5742 1636 5819 ἑκάστῳ
1677 5743 1812 5818 ἰδία,
1864 5767 1921 5806 κ,
1980 5766 2031 5804 τ.
2070 5748 2117 5804 λ.
2301 5748 2418 5821 (50)
2442 5745 2768 5820 Theophyl.
2796 5744 2891 5805 ι.ι.
2915 5750 3226 5820 καταμόνας.
