  <div class='ocr_page' id='page_1' title='image "/cluster/home/n/w/nwhite01/storage/ocr_20150623/129/hvd.32044073502395/562.png"; bbox 0 0 3994 6218; ppageno 0'>
   <div class='ocr_carea' id='block_1_1' title="bbox 214 243 352 305">
    <p class='ocr_par' dir='ltr' id='par_1_1' title="bbox 214 243 352 305">
     <span class='ocr_line' id='line_1_1' title="bbox 214 243 352 305; baseline 0.014 -1"><span class='ocrx_word' id='word_1_1' title='bbox 214 243 352 305; x_wconf 72' lang='grc' dir='ltr'><strong>ίθτΐ</strong></span> 
     </span>
    </p>
   </div>
   <div class='ocr_carea' id='block_1_2' title="bbox 287 375 1561 450">
    <p class='ocr_par' dir='ltr' id='par_1_2' title="bbox 287 375 1561 450">
     <span class='ocr_line' id='line_1_2' title="bbox 287 375 1561 450; baseline 0.002 -21"><span class='ocrx_word' id='word_1_2' title='bbox 287 381 389 429; x_wconf 76' lang='grc' dir='ltr'><strong>Καὶ</strong></span> <span class='ocrx_word' id='word_1_3' title='bbox 419 375 686 430; x_wconf 50' lang='lat' dir='ltr'><strong>iniam}:</strong></span> <span class='ocrx_word' id='word_1_4' title='bbox 713 409 782 417; x_wconf 92' lang='lat'><strong>—</strong></span> <span class='ocrx_word' id='word_1_5' title='bbox 811 379 1071 450; x_wconf 74' lang='grc' dir='ltr'><strong>φάγωμεν.</strong></span> <span class='ocrx_word' id='word_1_6' title='bbox 1101 378 1244 429; x_wconf 76' lang='grc' dir='ltr'><strong>Κατὰ</strong></span> <span class='ocrx_word' id='word_1_7' title='bbox 1274 379 1360 427; x_wconf 81' lang='grc' dir='ltr'><strong>τὸν</strong></span> <span class='ocrx_word' id='word_1_8' title='bbox 1391 380 1561 449; x_wconf 85' lang='grc' dir='ltr'><strong>νόμον.</strong></span> 
     </span>
    </p>
   </div>
   <div class='ocr_carea' id='block_1_3' title="bbox 284 462 1814 539">
    <p class='ocr_par' dir='ltr' id='par_1_3' title="bbox 284 462 1814 539">
     <span class='ocr_line' id='line_1_3' title="bbox 284 462 1814 539; baseline 0 -23"><span class='ocrx_word' id='word_1_9' title='bbox 284 467 350 516; x_wconf 77' lang='grc' dir='ltr'>ΟΞ</span> <span class='ocrx_word' id='word_1_10' title='bbox 377 462 437 518; x_wconf 68' lang='grc' dir='ltr'><strong>δὲ</strong></span> <span class='ocrx_word' id='word_1_11' title='bbox 477 498 521 505; x_wconf 84' lang='grc'><strong>-</strong></span> <span class='ocrx_word' id='word_1_12' title='bbox 561 466 901 539; x_wconf 82' lang='grc' dir='ltr'><strong>ἐτοιμάσομεν</strong></span> <span class='ocrx_word' id='word_1_13' title='bbox 937 485 951 536; x_wconf 86' lang='grc'>;</span> <span class='ocrx_word' id='word_1_14' title='bbox 1003 469 1135 518; x_wconf 72' lang='grc' dir='ltr'><strong>Οὔτε</strong></span> <span class='ocrx_word' id='word_1_15' title='bbox 1163 468 1264 537; x_wconf 80' lang='grc' dir='ltr'><strong>γὰρ</strong></span> <span class='ocrx_word' id='word_1_16' title='bbox 1309 465 1459 525; x_wconf 66' lang='grc' dir='ltr'><strong>αὐτὸς</strong></span> <span class='ocrx_word' id='word_1_17' title='bbox 1491 463 1629 536; x_wconf 80' lang='grc' dir='ltr'><strong>εἶχεν</strong></span> <span class='ocrx_word' id='word_1_18' title='bbox 1676 463 1814 518; x_wconf 75' lang='grc' dir='ltr'><strong>’ίδιον</strong></span> 
     </span>
    </p>
   </div>
   <div class='ocr_carea' id='block_1_4' title="bbox 207 551 1814 628">
    <p class='ocr_par' dir='ltr' id='par_1_4' title="bbox 207 551 1814 628">
     <span class='ocr_line' id='line_1_4' title="bbox 207 551 1814 628; baseline 0.001 -22"><span class='ocrx_word' id='word_1_19' title='bbox 207 560 562 626; x_wconf 74' lang='grc' dir='ltr'><strong>καταγώγιον,</strong></span> <span class='ocrx_word' id='word_1_20' title='bbox 595 559 710 608; x_wconf 76' lang='grc' dir='ltr'><strong>οὔτε</strong></span> <span class='ocrx_word' id='word_1_21' title='bbox 741 561 842 628; x_wconf 79' lang='grc' dir='ltr'><strong>μὴν</strong></span> <span class='ocrx_word' id='word_1_22' title='bbox 896 555 1063 621; x_wconf 79' lang='grc' dir='ltr'><strong>αὐτοῖ,</strong></span> <span class='ocrx_word' id='word_1_23' title='bbox 1116 560 1276 607; x_wconf 87' lang='grc' dir='ltr'><strong>πᾶσιν</strong></span> <span class='ocrx_word' id='word_1_24' title='bbox 1322 551 1429 613; x_wconf 85' lang='grc' dir='ltr'><strong>ἤδη</strong></span> <span class='ocrx_word' id='word_1_25' title='bbox 1486 553 1814 626; x_wconf 83' lang='grc' dir='ltr'><strong>ἀποταξάμε-</strong></span> 
     </span>
    </p>
   </div>
   <div class='ocr_carea' id='block_1_5' title="bbox 204 665 308 696">
    <p class='ocr_par' dir='ltr' id='par_1_5' title="bbox 204 665 308 696">
     <span class='ocr_line' id='line_1_5' title="bbox 204 665 308 696; baseline 0.01 -1"><span class='ocrx_word' id='word_1_26' title='bbox 204 665 308 696; x_wconf 82' lang='grc' dir='ltr'><strong>νοι.</strong></span> 
     </span>
    </p>
   </div>
   <div class='ocr_carea' id='block_1_6' title="bbox 279 730 1813 806">
    <p class='ocr_par' dir='ltr' id='par_1_6' title="bbox 279 730 1813 806">
     <span class='ocr_line' id='line_1_6' title="bbox 279 730 1813 806; baseline -0.001 -20"><span class='ocrx_word' id='word_1_27' title='bbox 279 733 340 786; x_wconf 77' lang='lat'><strong>&#39;0</strong></span> <span class='ocrx_word' id='word_1_28' title='bbox 372 730 432 786; x_wconf 67' lang='grc' dir='ltr'><strong>δὲ</strong></span> <span class='ocrx_word' id='word_1_29' title='bbox 461 766 524 774; x_wconf 90' lang='grc'><strong>-</strong></span> <span class='ocrx_word' id='word_1_30' title='bbox 558 734 884 805; x_wconf 76' lang='grc' dir='ltr'><strong>ἑτοιμάσατε.</strong></span> <span class='ocrx_word' id='word_1_31' title='bbox 943 735 1024 788; x_wconf 86' lang='grc' dir='ltr'><strong>Ἐν</strong></span> <span class='ocrx_word' id='word_1_32' title='bbox 1051 743 1122 804; x_wconf 83' lang='grc' dir='ltr'><strong>τῷ</strong></span> <span class='ocrx_word' id='word_1_33' title='bbox 1163 734 1424 804; x_wconf 76' lang='grc' dir='ltr'><strong>ἑξηκοστῷ</strong></span> <span class='ocrx_word' id='word_1_34' title='bbox 1473 737 1630 806; x_wconf 83' lang='grc' dir='ltr'><strong>τρίτῳ</strong></span> <span class='ocrx_word' id='word_1_35' title='bbox 1658 752 1813 805; x_wconf 76' lang='grc' dir='ltr'><strong>κεφαο</strong></span> 
     </span>
    </p>
   </div>
   <div class='ocr_carea' id='block_1_7' title="bbox 203 821 1810 895">
    <p class='ocr_par' dir='ltr' id='par_1_7' title="bbox 203 821 1810 895">
     <span class='ocr_line' id='line_1_7' title="bbox 203 821 1810 895; baseline 0 -21"><span class='ocrx_word' id='word_1_36' title='bbox 203 821 340 895; x_wconf 77' lang='grc' dir='ltr'><strong>λαίῳ</strong></span> <span class='ocrx_word' id='word_1_37' title='bbox 373 831 466 876; x_wconf 76' lang='grc' dir='ltr'><strong>τοῦ</strong></span> <span class='ocrx_word' id='word_1_38' title='bbox 502 826 638 876; x_wconf 82' lang='grc' dir='ltr'><strong>κατὰ</strong></span> <span class='ocrx_word' id='word_1_39' title='bbox 699 826 966 876; x_wconf 84' lang='grc' dir='ltr'><strong>Ματθοιίον</strong></span> <span class='ocrx_word' id='word_1_40' title='bbox 1001 825 1227 885; x_wconf 80' lang='grc' dir='ltr'><strong>ζήτησον</strong></span> <span class='ocrx_word' id='word_1_41' title='bbox 1275 827 1366 880; x_wconf 80' lang='grc' dir='ltr'><strong>τήν</strong></span> <span class='ocrx_word' id='word_1_42' title='bbox 1416 822 1668 894; x_wconf 76' lang='grc' dir='ltr'><strong>ἐξήγησιν</strong></span> <span class='ocrx_word' id='word_1_43' title='bbox 1699 831 1810 874; x_wconf 81' lang='grc' dir='ltr'><strong>τοῦ·</strong></span> 
     </span>
    </p>
   </div>
   <div class='ocr_carea' id='block_1_8' title="bbox 200 908 1808 985">
    <p class='ocr_par' dir='ltr' id='par_1_8' title="bbox 200 908 1808 985">
     <span class='ocr_line' id='line_1_8' title="bbox 200 908 1808 985; baseline -0.002 -20"><span class='ocrx_word' id='word_1_44' title='bbox 200 911 263 965; x_wconf 77' lang='grc' dir='ltr'><strong>Ὀ</strong></span> <span class='ocrx_word' id='word_1_45' title='bbox 295 909 354 965; x_wconf 71' lang='grc' dir='ltr'><strong>δὲ</strong></span> <span class='ocrx_word' id='word_1_46' title='bbox 385 910 519 966; x_wconf 84' lang='grc' dir='ltr'><strong>εἶπεν</strong></span> <span class='ocrx_word' id='word_1_47' title='bbox 551 931 563 943; x_wconf 89' lang='grc'><strong>·</strong></span> <span class='ocrx_word' id='word_1_48' title='bbox 597 913 842 985; x_wconf 78' lang='grc' dir='ltr'><strong>Ὑπάγετε</strong></span> <span class='ocrx_word' id='word_1_49' title='bbox 896 913 966 974; x_wconf 79' lang='grc' dir='ltr'><strong>εἰς</strong></span> <span class='ocrx_word' id='word_1_50' title='bbox 1021 917 1113 971; x_wconf 83' lang='grc' dir='ltr'><strong>τήν</strong></span> <span class='ocrx_word' id='word_1_51' title='bbox 1151 911 1298 964; x_wconf 76' lang='grc' dir='ltr'><strong>πόλιν</strong></span> <span class='ocrx_word' id='word_1_52' title='bbox 1337 916 1464 984; x_wconf 81' lang='grc' dir='ltr'><strong>πρὸς</strong></span> <span class='ocrx_word' id='word_1_53' title='bbox 1508 915 1594 964; x_wconf 85' lang='grc' dir='ltr'><strong>τὸν</strong></span> <span class='ocrx_word' id='word_1_54' title='bbox 1645 908 1808 981; x_wconf 78' lang='grc' dir='ltr'><strong>δεῖνα,</strong></span> 
     </span>
    </p>
   </div>
   <div class='ocr_carea' id='block_1_9' title="bbox 200 1001 1811 1076">
    <p class='ocr_par' dir='ltr' id='par_1_9' title="bbox 200 1001 1811 1076">
     <span class='ocr_line' id='line_1_9' title="bbox 200 1001 1811 1076; baseline 0.001 -25"><span class='ocrx_word' id='word_1_55' title='bbox 200 1004 403 1053; x_wconf 85' lang='grc' dir='ltr'><strong>καὶτὰ</strong></span> <span class='ocrx_word' id='word_1_56' title='bbox 460 1002 596 1065; x_wconf 79' lang='grc' dir='ltr'><strong>ἑξῆς.</strong></span> <span class='ocrx_word' id='word_1_57' title='bbox 661 1003 742 1055; x_wconf 87' lang='grc' dir='ltr'><strong>Ἐν</strong></span> <span class='ocrx_word' id='word_1_58' title='bbox 801 1001 962 1075; x_wconf 71' lang='grc' dir='ltr'><strong>ἐκείνη</strong></span> <span class='ocrx_word' id='word_1_59' title='bbox 1028 1005 1127 1076; x_wconf 83' lang='grc' dir='ltr'><strong>γὰρ</strong></span> <span class='ocrx_word' id='word_1_60' title='bbox 1176 1004 1293 1074; x_wconf 81' lang='grc' dir='ltr'><strong>περὶ</strong></span> <span class='ocrx_word' id='word_1_61' title='bbox 1350 1003 1543 1053; x_wconf 84' lang='grc' dir='ltr'><strong>τούτων</strong></span> <span class='ocrx_word' id='word_1_62' title='bbox 1607 1003 1811 1053; x_wconf 86' lang='grc' dir='ltr'><strong>πάντων</strong></span> 
     </span>
    </p>
   </div>
   <div class='ocr_carea' id='block_1_10' title="bbox 204 1089 431 1164">
    <p class='ocr_par' dir='ltr' id='par_1_10' title="bbox 204 1089 431 1164">
     <span class='ocr_line' id='line_1_10' title="bbox 204 1089 431 1164; baseline 0.004 -23"><span class='ocrx_word' id='word_1_63' title='bbox 204 1089 431 1164; x_wconf 76' lang='grc' dir='ltr'><strong>ἕρῥήθη.</strong></span> 
     </span>
    </p>
   </div>
   <div class='ocr_carea' id='block_1_11' title="bbox 277 1177 1810 1254">
    <p class='ocr_par' dir='ltr' id='par_1_11' title="bbox 277 1177 1810 1254">
     <span class='ocr_line' id='line_1_11' title="bbox 277 1177 1810 1254; baseline -0.001 -22"><span class='ocrx_word' id='word_1_64' title='bbox 277 1179 609 1242; x_wconf 77' lang='grc' dir='ltr'><strong>’Δπελθόντες</strong></span> <span class='ocrx_word' id='word_1_65' title='bbox 637 1211 697 1219; x_wconf 89' lang='grc'><strong>-</strong></span> <span class='ocrx_word' id='word_1_66' title='bbox 734 1185 827 1233; x_wconf 85' lang='grc' dir='ltr'><strong>σὺν</strong></span> <span class='ocrx_word' id='word_1_67' title='bbox 856 1180 1016 1252; x_wconf 74' lang='grc' dir='ltr'><strong>αὐτῷ.</strong></span> <span class='ocrx_word' id='word_1_68' title='bbox 1051 1179 1372 1242; x_wconf 80' lang='grc' dir='ltr'><strong>Ἀκολούθως</strong></span> <span class='ocrx_word' id='word_1_69' title='bbox 1421 1177 1526 1232; x_wconf 77' lang='grc' dir='ltr'><strong>ἐκεῖ</strong></span> <span class='ocrx_word' id='word_1_70' title='bbox 1562 1184 1652 1232; x_wconf 83' lang='grc' dir='ltr'><strong>καὶ</strong></span> <span class='ocrx_word' id='word_1_71' title='bbox 1693 1182 1810 1254; x_wconf 84' lang='grc' dir='ltr'><strong>περὶ</strong></span> 
     </span>
    </p>
   </div>
   <div class='ocr_carea' id='block_1_12' title="bbox 197 1272 688 1344">
    <p class='ocr_par' dir='ltr' id='par_1_12' title="bbox 197 1272 688 1344">
     <span class='ocr_line' id='line_1_12' title="bbox 197 1272 688 1344; baseline 0.008 -23"><span class='ocrx_word' id='word_1_72' title='bbox 197 1273 402 1322; x_wconf 74' lang='grc' dir='ltr'><strong>τούτων</strong></span> <span class='ocrx_word' id='word_1_73' title='bbox 432 1272 553 1344; x_wconf 81' lang='grc' dir='ltr'><strong>εὑρή</strong></span> <span class='ocrx_word' id='word_1_74' title='bbox 563 1289 688 1332; x_wconf 79' lang='grc' dir='ltr'><strong>σεις.</strong></span> 
     </span>
    </p>
   </div>
   <div class='ocr_carea' id='block_1_13' title="bbox 279 1354 1810 1430">
    <p class='ocr_par' dir='ltr' id='par_1_13' title="bbox 279 1354 1810 1430">
     <span class='ocr_line' id='line_1_13' title="bbox 279 1354 1810 1430; baseline -0.002 -17"><span class='ocrx_word' id='word_1_75' title='bbox 279 1365 382 1413; x_wconf 79' lang='grc' dir='ltr'><strong>Καὶ</strong></span> <span class='ocrx_word' id='word_1_76' title='bbox 412 1357 517 1412; x_wconf 83' lang='grc' dir='ltr'><strong>εἶπε</strong></span> <span class='ocrx_word' id='word_1_77' title='bbox 543 1389 608 1399; x_wconf 91' lang='grc'><strong><em>-</em></strong></span> <span class='ocrx_word' id='word_1_78' title='bbox 639 1361 844 1416; x_wconf 80' lang='grc' dir='ltr'><strong>παθεῖν,</strong></span> <span class='ocrx_word' id='word_1_79' title='bbox 906 1355 1115 1430; x_wconf 78' lang='grc' dir='ltr'><strong>Σπουδῇ</strong></span> <span class='ocrx_word' id='word_1_80' title='bbox 1160 1354 1472 1410; x_wconf 74' lang='grc' dir='ltr'><strong>ἐσπούδασα</strong></span> <span class='ocrx_word' id='word_1_81' title='bbox 1501 1359 1686 1410; x_wconf 77' lang='grc' dir='ltr'><strong>τούτου</strong></span> <span class='ocrx_word' id='word_1_82' title='bbox 1720 1365 1810 1410; x_wconf 83' lang='grc' dir='ltr'><strong>τοῦ</strong></span> 
     </span>
    </p>
   </div>
   <div class='ocr_carea' id='block_1_14' title="bbox 197 1446 1808 1520">
    <p class='ocr_par' dir='ltr' id='par_1_14' title="bbox 197 1446 1808 1520">
     <span class='ocr_line' id='line_1_14' title="bbox 197 1446 1808 1520; baseline -0.001 -21"><span class='ocrx_word' id='word_1_83' title='bbox 197 1446 445 1500; x_wconf 72' lang='grc' dir='ltr'><strong>ἐνιαυτοῦ</strong></span> <span class='ocrx_word' id='word_1_84' title='bbox 474 1452 533 1500; x_wconf 84' lang='grc' dir='ltr'><strong>τὸ</strong></span> <span class='ocrx_word' id='word_1_85' title='bbox 566 1451 764 1520; x_wconf 80' lang='grc' dir='ltr'><strong>Πάσχα</strong></span> <span class='ocrx_word' id='word_1_86' title='bbox 794 1456 970 1520; x_wconf 72' lang='grc' dir='ltr'><strong>φαγεῖν</strong></span> <span class='ocrx_word' id='word_1_87' title='bbox 1001 1448 1114 1519; x_wconf 82' lang='grc' dir='ltr'><strong>μεθ’</strong></span> <span class='ocrx_word' id='word_1_88' title='bbox 1140 1449 1303 1520; x_wconf 77' lang='grc' dir='ltr'><strong>ὑμῶν,</strong></span> <span class='ocrx_word' id='word_1_89' title='bbox 1331 1451 1430 1519; x_wconf 88' lang='grc' dir='ltr'><strong>πρὸ</strong></span> <span class='ocrx_word' id='word_1_90' title='bbox 1453 1455 1543 1499; x_wconf 78' lang='grc' dir='ltr'><strong>τοῦ</strong></span> <span class='ocrx_word' id='word_1_91' title='bbox 1573 1465 1808 1520; x_wconf 82' lang='grc' dir='ltr'><strong>σταυρω-</strong></span> 
     </span>
    </p>
   </div>
   <div class='ocr_carea' id='block_1_15' title="bbox 200 1537 1808 1612">
    <p class='ocr_par' dir='ltr' id='par_1_15' title="bbox 200 1537 1808 1612">
     <span class='ocr_line' id='line_1_15' title="bbox 200 1537 1808 1612; baseline -0.002 -22"><span class='ocrx_word' id='word_1_92' title='bbox 200 1539 363 1595; x_wconf 82' lang='grc' dir='ltr'><strong>θῆναι</strong></span> <span class='ocrx_word' id='word_1_93' title='bbox 388 1557 452 1609; x_wconf 80' lang='grc' dir='ltr'><strong>με</strong></span> <span class='ocrx_word' id='word_1_94' title='bbox 481 1539 617 1608; x_wconf 67' lang='grc'><strong>(51),</strong></span> <span class='ocrx_word' id='word_1_95' title='bbox 645 1541 763 1595; x_wconf 83' lang='grc' dir='ltr'><strong>ῆτοι</strong></span> <span class='ocrx_word' id='word_1_96' title='bbox 818 1541 916 1612; x_wconf 81' lang='grc' dir='ltr'><strong>πρὸ</strong></span> <span class='ocrx_word' id='word_1_97' title='bbox 979 1545 1070 1589; x_wconf 70' lang='grc' dir='ltr'><strong>τοῦ</strong></span> <span class='ocrx_word' id='word_1_98' title='bbox 1099 1545 1282 1610; x_wconf 74' lang='grc' dir='ltr'><strong>καιροῦ</strong></span> <span class='ocrx_word' id='word_1_99' title='bbox 1316 1545 1406 1588; x_wconf 73' lang='grc' dir='ltr'><strong>τοῦ</strong></span> <span class='ocrx_word' id='word_1_100' title='bbox 1463 1539 1680 1608; x_wconf 83' lang='grc' dir='ltr'><strong>Πάσχα·</strong></span> <span class='ocrx_word' id='word_1_101' title='bbox 1731 1537 1808 1588; x_wconf 83' lang='grc' dir='ltr'><strong>Ἐν</strong></span> 
     </span>
    </p>
   </div>
   <div class='ocr_carea' id='block_1_16' title="bbox 195 1624 1807 1700">
    <p class='ocr_par' dir='ltr' id='par_1_16' title="bbox 195 1624 1807 1700">
     <span class='ocr_line' id='line_1_16' title="bbox 195 1624 1807 1700; baseline -0.001 -22"><span class='ocrx_word' id='word_1_102' title='bbox 195 1627 346 1696; x_wconf 68' lang='grc' dir='ltr'><strong>αὐτῷ</strong></span> <span class='ocrx_word' id='word_1_103' title='bbox 374 1629 477 1700; x_wconf 81' lang='grc' dir='ltr'><strong>γὰρ</strong></span> <span class='ocrx_word' id='word_1_104' title='bbox 511 1628 874 1697; x_wconf 74' lang='grc' dir='ltr'><strong>σταυρωθῆναι</strong></span> <span class='ocrx_word' id='word_1_105' title='bbox 927 1625 1146 1698; x_wconf 76' lang='grc' dir='ltr'><strong>ἔμελλεν,</strong></span> <span class='ocrx_word' id='word_1_106' title='bbox 1190 1629 1256 1687; x_wconf 85' lang='grc' dir='ltr'><strong>ὡς</strong></span> <span class='ocrx_word' id='word_1_107' title='bbox 1303 1624 1514 1696; x_wconf 75' lang='grc' dir='ltr'><strong>ἀνέγνως</strong></span> <span class='ocrx_word' id='word_1_108' title='bbox 1543 1630 1683 1700; x_wconf 77' lang='grc' dir='ltr'><strong>παρα</strong></span> <span class='ocrx_word' id='word_1_109' title='bbox 1736 1633 1807 1694; x_wconf 84' lang='grc' dir='ltr'><strong>τῷ</strong></span> 
     </span>
    </p>
   </div>
   <div class='ocr_carea' id='block_1_17' title="bbox 197 1711 1799 1787">
    <p class='ocr_par' dir='ltr' id='par_1_17' title="bbox 197 1711 1799 1787">
     <span class='ocr_line' id='line_1_17' title="bbox 197 1711 1799 1787; baseline -0.001 -19"><span class='ocrx_word' id='word_1_110' title='bbox 197 1718 463 1787; x_wconf 76' lang='grc' dir='ltr'><strong>Ματθαίῳ</strong></span> <span class='ocrx_word' id='word_1_111' title='bbox 497 1714 543 1766; x_wconf 81' lang='grc' dir='ltr'><strong>ἐν</strong></span> <span class='ocrx_word' id='word_1_112' title='bbox 566 1723 625 1787; x_wconf 75' lang='grc' dir='ltr'><strong>τῇ</strong></span> <span class='ocrx_word' id='word_1_113' title='bbox 661 1715 911 1786; x_wconf 74' lang='grc' dir='ltr'><strong>ἐξηγήσει</strong></span> <span class='ocrx_word' id='word_1_114' title='bbox 941 1723 1051 1767; x_wconf 76' lang='grc' dir='ltr'><strong>τοῦ·</strong></span> <span class='ocrx_word' id='word_1_115' title='bbox 1085 1714 1279 1786; x_wconf 79' lang='grc' dir='ltr'><strong>Ὀψίας</strong></span> <span class='ocrx_word' id='word_1_116' title='bbox 1307 1711 1368 1767; x_wconf 65' lang='grc' dir='ltr'><strong>δὲ</strong></span> <span class='ocrx_word' id='word_1_117' title='bbox 1396 1718 1664 1786; x_wconf 74' lang='grc' dir='ltr'><strong>γενομένης</strong></span> <span class='ocrx_word' id='word_1_118' title='bbox 1701 1714 1799 1766; x_wconf 67' lang='grc' dir='ltr'><strong>ἀνί·</strong></span> 
     </span>
    </p>
   </div>
   <div class='ocr_carea' id='block_1_18' title="bbox 1961 1711 2844 1787">
    <p class='ocr_par' dir='ltr' id='par_1_18' title="bbox 1961 1714 2844 1770">
     <span class='ocr_line' id='line_1_18' title="bbox 1961 1714 2844 1770; baseline 0.001 -1"><span class='ocrx_word' id='word_1_119' title='bbox 1961 1731 1976 1769; x_wconf 89' lang='grc' dir='ltr'><strong>ι</strong></span> <span class='ocrx_word' id='word_1_120' title='bbox 2023 1715 2160 1770; x_wconf 88' lang='lat' dir='ltr'><strong>dicti</strong></span> <span class='ocrx_word' id='word_1_121' title='bbox 2207 1714 2360 1770; x_wconf 88' lang='lat' dir='ltr'><strong>illius</strong></span> <span class='ocrx_word' id='word_1_122' title='bbox 2413 1715 2791 1769; x_wconf 82' lang='lat' dir='ltr'><strong>enarratione</strong></span> <span class='ocrx_word' id='word_1_123' title='bbox 2833 1730 2844 1770; x_wconf 92' lang='lat'>:</span> 
     </span>
    </p>
   </div>
   <div class='ocr_carea' id='block_1_19' title="bbox 192 1801 896 1876">
    <p class='ocr_par' dir='ltr' id='par_1_19' title="bbox 192 1801 896 1876">
     <span class='ocr_line' id='line_1_19' title="bbox 192 1801 896 1876; baseline 0.001 -22"><span class='ocrx_word' id='word_1_124' title='bbox 192 1823 344 1856; x_wconf 84' lang='grc' dir='ltr'><strong>κειτο</strong></span> <span class='ocrx_word' id='word_1_125' title='bbox 375 1808 504 1876; x_wconf 80' lang='grc' dir='ltr'><strong>μετὰ</strong></span> <span class='ocrx_word' id='word_1_126' title='bbox 534 1814 632 1856; x_wconf 80' lang='grc' dir='ltr'><strong>τῶν</strong></span> <span class='ocrx_word' id='word_1_127' title='bbox 664 1801 896 1856; x_wconf 83' lang='grc' dir='ltr'><strong>δώδεκα.</strong></span> 
     </span>
    </p>
   </div>
   <div class='ocr_carea' id='block_1_20' title="bbox 274 1891 1807 1967">
    <p class='ocr_par' dir='ltr' id='par_1_20' title="bbox 274 1891 1807 1967">
     <span class='ocr_line' id='line_1_20' title="bbox 274 1891 1807 1967; baseline 0 -22"><span class='ocrx_word' id='word_1_128' title='bbox 274 1897 428 1963; x_wconf 80' lang='grc' dir='ltr'><strong>Λέγω</strong></span> <span class='ocrx_word' id='word_1_129' title='bbox 481 1896 582 1967; x_wconf 82' lang='grc' dir='ltr'><strong>γὰρ</strong></span> <span class='ocrx_word' id='word_1_130' title='bbox 653 1923 716 1934; x_wconf 80' lang='lat'><strong>-</strong></span> <span class='ocrx_word' id='word_1_131' title='bbox 773 1901 864 1945; x_wconf 78' lang='grc' dir='ltr'><strong>τοῦ</strong></span> <span class='ocrx_word' id='word_1_132' title='bbox 929 1899 1082 1944; x_wconf 80' lang='grc' dir='ltr'><strong>Θεοῦ.</strong></span> <span class='ocrx_word' id='word_1_133' title='bbox 1147 1891 1234 1946; x_wconf 86' lang='grc' dir='ltr'><strong>Ἐν</strong></span> <span class='ocrx_word' id='word_1_134' title='bbox 1306 1902 1372 1964; x_wconf 83' lang='grc' dir='ltr'><strong>τῷ</strong></span> <span class='ocrx_word' id='word_1_135' title='bbox 1425 1891 1688 1962; x_wconf 80' lang='grc' dir='ltr'><strong>ἑξηκοστῷ</strong></span> <span class='ocrx_word' id='word_1_136' title='bbox 1726 1912 1807 1946; x_wconf 82' lang='grc' dir='ltr'><strong>τε·</strong></span> 
     </span>
    </p>
   </div>
   <div class='ocr_carea' id='block_1_21' title="bbox 190 1982 1808 2054">
    <p class='ocr_par' dir='ltr' id='par_1_21' title="bbox 190 1982 1808 2054">
     <span class='ocr_line' id='line_1_21' title="bbox 190 1982 1808 2054; baseline -0.001 -20"><span class='ocrx_word' id='word_1_137' title='bbox 190 1985 372 2054; x_wconf 85' lang='grc' dir='ltr'><strong>τάρτῳ</strong></span> <span class='ocrx_word' id='word_1_138' title='bbox 443 1982 701 2054; x_wconf 63' lang='grc' dir='ltr'><strong>κεφαλαίῳ</strong></span> <span class='ocrx_word' id='word_1_139' title='bbox 759 1990 847 2034; x_wconf 82' lang='grc' dir='ltr'><strong>τοῦ</strong></span> <span class='ocrx_word' id='word_1_140' title='bbox 897 1984 1031 2034; x_wconf 80' lang='grc' dir='ltr'><strong>κατὰ</strong></span> <span class='ocrx_word' id='word_1_141' title='bbox 1090 1984 1357 2034; x_wconf 82' lang='grc' dir='ltr'><strong>Ματθαῖον</strong></span> <span class='ocrx_word' id='word_1_142' title='bbox 1429 1982 1658 2042; x_wconf 75' lang='grc' dir='ltr'><strong>ζήτησον</strong></span> <span class='ocrx_word' id='word_1_143' title='bbox 1715 1987 1808 2040; x_wconf 84' lang='grc' dir='ltr'><strong>τήν</strong></span> 
     </span>
    </p>
   </div>
   <div class='ocr_carea' id='block_1_22' title="bbox 190 2067 1809 2143">
    <p class='ocr_par' dir='ltr' id='par_1_22' title="bbox 190 2067 1809 2143">
     <span class='ocr_line' id='line_1_22' title="bbox 190 2067 1809 2143; baseline 0.001 -21"><span class='ocrx_word' id='word_1_144' title='bbox 190 2070 475 2143; x_wconf 74' lang='grc' dir='ltr'><strong>ἑρμηνείαν</strong></span> <span class='ocrx_word' id='word_1_145' title='bbox 537 2079 672 2122; x_wconf 69' lang='grc' dir='ltr'><strong>τοῦθ</strong></span> <span class='ocrx_word' id='word_1_146' title='bbox 714 2075 859 2142; x_wconf 84' lang='grc' dir='ltr'><strong>Λίγω</strong></span> <span class='ocrx_word' id='word_1_147' title='bbox 940 2067 998 2122; x_wconf 73' lang='grc' dir='ltr'><strong>δὲ</strong></span> <span class='ocrx_word' id='word_1_148' title='bbox 1091 2073 1212 2142; x_wconf 75' lang='grc' dir='ltr'><strong>ὑμῖν</strong></span> <span class='ocrx_word' id='word_1_149' title='bbox 1286 2072 1367 2122; x_wconf 85' lang='grc' dir='ltr'><strong>ὅτι</strong></span> <span class='ocrx_word' id='word_1_150' title='bbox 1423 2070 1481 2122; x_wconf 76' lang='grc' dir='ltr'><strong>οὐ</strong></span> <span class='ocrx_word' id='word_1_151' title='bbox 1557 2077 1629 2142; x_wconf 82' lang='grc' dir='ltr'><strong>μὴ</strong></span> <span class='ocrx_word' id='word_1_152' title='bbox 1705 2077 1809 2123; x_wconf 88' lang='grc' dir='ltr'><strong>πίω</strong></span> 
     </span>
    </p>
   </div>
   <div class='ocr_carea' id='block_1_23' title="bbox 189 2158 1804 2232">
    <p class='ocr_par' dir='ltr' id='par_1_23' title="bbox 189 2158 1804 2232">
     <span class='ocr_line' id='line_1_23' title="bbox 189 2158 1804 2232; baseline 0 -22"><span class='ocrx_word' id='word_1_153' title='bbox 189 2158 400 2232; x_wconf 81' lang='grc' dir='ltr'><strong>ἀπάρτι</strong></span> <span class='ocrx_word' id='word_1_154' title='bbox 473 2158 527 2211; x_wconf 72' lang='grc' dir='ltr'><strong>ἐκ</strong></span> <span class='ocrx_word' id='word_1_155' title='bbox 584 2163 768 2212; x_wconf 73' lang='grc' dir='ltr'><strong>τούτου</strong></span> <span class='ocrx_word' id='word_1_156' title='bbox 833 2168 923 2212; x_wconf 77' lang='grc' dir='ltr'><strong>τοῦ</strong></span> <span class='ocrx_word' id='word_1_157' title='bbox 996 2165 1311 2230; x_wconf 75' lang='grc' dir='ltr'><strong>γεννήματος</strong></span> <span class='ocrx_word' id='word_1_158' title='bbox 1390 2169 1481 2220; x_wconf 88' lang='grc' dir='ltr'><strong>τῆς</strong></span> <span class='ocrx_word' id='word_1_159' title='bbox 1557 2159 1804 2231; x_wconf 77' lang='grc' dir='ltr'><strong>ἀμπέλου,</strong></span> 
     </span>
    </p>
   </div>
   <div class='ocr_carea' id='block_1_24' title="bbox 189 2247 1805 2321">
    <p class='ocr_par' dir='ltr' id='par_1_24' title="bbox 189 2247 1805 2321">
     <span class='ocr_line' id='line_1_24' title="bbox 189 2247 1805 2321; baseline 0.001 -21"><span class='ocrx_word' id='word_1_160' title='bbox 189 2251 292 2309; x_wconf 78' lang='grc' dir='ltr'><strong>ἕως</strong></span> <span class='ocrx_word' id='word_1_161' title='bbox 378 2256 474 2309; x_wconf 81' lang='grc' dir='ltr'><strong>τῆς</strong></span> <span class='ocrx_word' id='word_1_162' title='bbox 567 2251 758 2321; x_wconf 78' lang='grc' dir='ltr'><strong>ἡμέρας</strong></span> <span class='ocrx_word' id='word_1_163' title='bbox 825 2247 1040 2310; x_wconf 76' lang='grc' dir='ltr'><strong>ἐκείνης,</strong></span> <span class='ocrx_word' id='word_1_164' title='bbox 1103 2251 1223 2300; x_wconf 72' lang='grc' dir='ltr'><strong>ὅταν</strong></span> <span class='ocrx_word' id='word_1_165' title='bbox 1299 2249 1424 2301; x_wconf 70' lang='grc' dir='ltr'><strong>αὐτὸ</strong></span> <span class='ocrx_word' id='word_1_166' title='bbox 1496 2253 1626 2301; x_wconf 87' lang='grc' dir='ltr'><strong>πίνω</strong></span> <span class='ocrx_word' id='word_1_167' title='bbox 1695 2251 1805 2321; x_wconf 82' lang='grc' dir='ltr'><strong>μεθ’</strong></span> 
     </span>
    </p>
   </div>
   <div class='ocr_carea' id='block_1_25' title="bbox 190 2334 1806 2410">
    <p class='ocr_par' dir='ltr' id='par_1_25' title="bbox 190 2334 1806 2410">
     <span class='ocr_line' id='line_1_25' title="bbox 190 2334 1806 2410; baseline 0.004 -26"><span class='ocrx_word' id='word_1_168' title='bbox 190 2337 342 2408; x_wconf 70' lang='grc' dir='ltr'><strong>ὑμῶν</strong></span> <span class='ocrx_word' id='word_1_169' title='bbox 373 2341 552 2389; x_wconf 85' lang='grc' dir='ltr'><strong>καινὸν</strong></span> <span class='ocrx_word' id='word_1_170' title='bbox 605 2340 653 2388; x_wconf 79' lang='grc' dir='ltr'><strong>ἑν</strong></span> <span class='ocrx_word' id='word_1_171' title='bbox 727 2344 789 2409; x_wconf 81' lang='grc' dir='ltr'><strong>τῇ</strong></span> <span class='ocrx_word' id='word_1_172' title='bbox 843 2334 1091 2409; x_wconf 70' lang='grc' dir='ltr'><strong>βασιλεία</strong></span> <span class='ocrx_word' id='word_1_173' title='bbox 1149 2345 1240 2389; x_wconf 77' lang='grc' dir='ltr'><strong>τοῦ</strong></span> <span class='ocrx_word' id='word_1_174' title='bbox 1299 2342 1496 2409; x_wconf 78' lang='grc' dir='ltr'><strong>Πατρός</strong></span> <span class='ocrx_word' id='word_1_175' title='bbox 1537 2357 1658 2410; x_wconf 82' lang='grc' dir='ltr'><strong>μου.</strong></span> <span class='ocrx_word' id='word_1_176' title='bbox 1704 2342 1806 2391; x_wconf 79' lang='grc' dir='ltr'><strong>Καὶ</strong></span> 
     </span>
    </p>
   </div>
   <div class='ocr_carea' id='block_1_26' title="bbox 185 2425 1804 2501">
    <p class='ocr_par' dir='ltr' id='par_1_26' title="bbox 185 2425 1804 2501">
     <span class='ocr_line' id='line_1_26' title="bbox 185 2425 1804 2501; baseline 0.002 -24"><span class='ocrx_word' id='word_1_177' title='bbox 185 2425 458 2497; x_wconf 73' lang='grc' dir='ltr'><strong>ἀνάγνωθι</strong></span> <span class='ocrx_word' id='word_1_178' title='bbox 495 2433 690 2492; x_wconf 82' lang='grc' dir='ltr'><strong>πᾶσαν,</strong></span> <span class='ocrx_word' id='word_1_179' title='bbox 741 2432 830 2478; x_wconf 86' lang='grc' dir='ltr'><strong>καὶ</strong></span> <span class='ocrx_word' id='word_1_180' title='bbox 886 2427 1126 2501; x_wconf 75' lang='grc' dir='ltr'><strong>εὑρήσεις</strong></span> <span class='ocrx_word' id='word_1_181' title='bbox 1185 2432 1301 2500; x_wconf 83' lang='grc' dir='ltr'><strong>περὶ</strong></span> <span class='ocrx_word' id='word_1_182' title='bbox 1351 2432 1552 2479; x_wconf 82' lang='grc' dir='ltr'><strong>πάντων</strong></span> <span class='ocrx_word' id='word_1_183' title='bbox 1617 2427 1804 2480; x_wconf 79' lang='grc' dir='ltr'><strong>λεπτο-</strong></span> 
     </span>
    </p>
   </div>
   <div class='ocr_carea' id='block_1_27' title="bbox 187 2525 382 2588">
    <p class='ocr_par' dir='ltr' id='par_1_27' title="bbox 187 2525 382 2588">
     <span class='ocr_line' id='line_1_27' title="bbox 187 2525 382 2588; baseline 0.005 -21"><span class='ocrx_word' id='word_1_184' title='bbox 187 2525 382 2588; x_wconf 75' lang='grc' dir='ltr'><strong>μερώς.</strong></span> 
     </span>
    </p>
   </div>
   <div class='ocr_carea' id='block_1_28' title="bbox 267 2600 1802 2679">
    <p class='ocr_par' dir='ltr' id='par_1_28' title="bbox 267 2600 1802 2679">
     <span class='ocr_line' id='line_1_28' title="bbox 267 2600 1802 2679; baseline 0.001 -23"><span class='ocrx_word' id='word_1_185' title='bbox 267 2609 373 2657; x_wconf 74' lang='grc' dir='ltr'><strong>Καὶ</strong></span> <span class='ocrx_word' id='word_1_186' title='bbox 418 2600 694 2675; x_wconf 82' lang='grc' dir='ltr'><strong>δεξάμενος</strong></span> <span class='ocrx_word' id='word_1_187' title='bbox 755 2634 820 2643; x_wconf 90' lang='grc'><strong><em>-</em></strong></span> <span class='ocrx_word' id='word_1_188' title='bbox 867 2603 1086 2664; x_wconf 79' lang='grc' dir='ltr'><strong>ἑαυτοῖς.</strong></span> <span class='ocrx_word' id='word_1_189' title='bbox 1155 2604 1410 2657; x_wconf 74' lang='grc' dir='ltr'><strong>Ἐντεῦθεν</strong></span> <span class='ocrx_word' id='word_1_190' title='bbox 1469 2605 1663 2679; x_wconf 78' lang='grc' dir='ltr'><strong>ἤρξατο</strong></span> <span class='ocrx_word' id='word_1_191' title='bbox 1711 2613 1802 2658; x_wconf 85' lang='grc' dir='ltr'><strong>τοῦ</strong></span> 
     </span>
    </p>
   </div>
   <div class='ocr_carea' id='block_1_29' title="bbox 182 2690 722 2765">
    <p class='ocr_par' dir='ltr' id='par_1_29' title="bbox 182 2690 722 2765">
     <span class='ocr_line' id='line_1_29' title="bbox 182 2690 722 2765; baseline 0.004 -21"><span class='ocrx_word' id='word_1_192' title='bbox 182 2714 259 2765; x_wconf 80' lang='grc' dir='ltr'><strong>μυ</strong></span> <span class='ocrx_word' id='word_1_193' title='bbox 270 2701 461 2745; x_wconf 72' lang='grc' dir='ltr'><strong>στικοῦ</strong></span> <span class='ocrx_word' id='word_1_194' title='bbox 491 2690 722 2748; x_wconf 78' lang='grc' dir='ltr'><strong>δείπνου.</strong></span> 
     </span>
    </p>
   </div>
   <div class='ocr_carea' id='block_1_30' title="bbox 260 2779 1800 2857">
    <p class='ocr_par' dir='ltr' id='par_1_30' title="bbox 260 2779 1800 2857">
     <span class='ocr_line' id='line_1_30' title="bbox 260 2779 1800 2857; baseline 0.003 -25"><span class='ocrx_word' id='word_1_195' title='bbox 260 2787 420 2854; x_wconf 77' lang='grc' dir='ltr'><strong>Λέγω</strong></span> <span class='ocrx_word' id='word_1_196' title='bbox 461 2814 506 2822; x_wconf 93' lang='grc'><strong><em>-</em></strong></span> <span class='ocrx_word' id='word_1_197' title='bbox 539 2782 682 2854; x_wconf 80' lang='grc' dir='ltr'><strong>ἔλθῃ.</strong></span> <span class='ocrx_word' id='word_1_198' title='bbox 705 2783 787 2836; x_wconf 87' lang='grc' dir='ltr'><strong>Ἐν</strong></span> <span class='ocrx_word' id='word_1_199' title='bbox 827 2790 888 2854; x_wconf 73' lang='grc' dir='ltr'><strong>τῇ</strong></span> <span class='ocrx_word' id='word_1_200' title='bbox 924 2779 1219 2855; x_wconf 75' lang='grc' dir='ltr'><strong>δη).ωθείσῃ</strong></span> <span class='ocrx_word' id='word_1_201' title='bbox 1247 2783 1490 2857; x_wconf 75' lang='grc' dir='ltr'><strong>ἑρμηνείᾳ</strong></span> <span class='ocrx_word' id='word_1_202' title='bbox 1513 2789 1600 2836; x_wconf 75' lang='grc' dir='ltr'><strong>καὶ</strong></span> <span class='ocrx_word' id='word_1_203' title='bbox 1633 2792 1800 2837; x_wconf 82' lang='grc' dir='ltr'><strong>ταῦτα</strong></span> 
     </span>
    </p>
   </div>
   <div class='ocr_carea' id='block_1_31' title="bbox 180 2871 1430 2944">
    <p class='ocr_par' dir='ltr' id='par_1_31' title="bbox 180 2871 1430 2944">
     <span class='ocr_line' id='line_1_31' title="bbox 180 2871 1430 2944; baseline -0.002 -20"><span class='ocrx_word' id='word_1_204' title='bbox 180 2871 650 2943; x_wconf 72' lang='grc' dir='ltr'><strong>ἕμνημονεύθησαν</strong></span> <span class='ocrx_word' id='word_1_205' title='bbox 681 2874 810 2944; x_wconf 79' lang='grc' dir='ltr'><strong>μετὰ</strong></span> <span class='ocrx_word' id='word_1_206' title='bbox 838 2876 927 2924; x_wconf 83' lang='grc' dir='ltr'><strong>καὶ</strong></span> <span class='ocrx_word' id='word_1_207' title='bbox 968 2873 1080 2944; x_wconf 81' lang='grc'><strong>(52)</strong></span> <span class='ocrx_word' id='word_1_208' title='bbox 1105 2881 1204 2924; x_wconf 80' lang='grc' dir='ltr'><strong>τῶν</strong></span> <span class='ocrx_word' id='word_1_209' title='bbox 1233 2873 1430 2944; x_wconf 69' lang='grc' dir='ltr'><strong>ἑφεξῆς,</strong></span> 
     </span>
    </p>
   </div>
   <div class='ocr_carea' id='block_1_32' title="bbox 1174 248 2484 309">
    <p class='ocr_par' dir='ltr' id='par_1_32' title="bbox 1174 248 2484 309">
     <span class='ocr_line' id='line_1_32' title="bbox 1174 248 2484 309; baseline -0.001 -5"><span class='ocrx_word' id='word_1_210' title='bbox 1174 249 1541 307; x_wconf 78' lang='lat' dir='ltr'><strong>COMMENT.</strong></span> <span class='ocrx_word' id='word_1_211' title='bbox 1587 249 1656 308; x_wconf 77' lang='lat' dir='ltr'><strong>IN</strong></span> <span class='ocrx_word' id='word_1_212' title='bbox 1689 248 1960 309; x_wconf 58' lang='lat' dir='ltr'><strong>lrUCAM.</strong></span> <span class='ocrx_word' id='word_1_213' title='bbox 1999 280 2068 292; x_wconf 88' lang='lat'><strong>—-</strong></span> <span class='ocrx_word' id='word_1_214' title='bbox 2107 249 2264 308; x_wconf 87' lang='lat' dir='ltr'><strong>CAP.</strong></span> <span class='ocrx_word' id='word_1_215' title='bbox 2305 251 2484 307; x_wconf 83' lang='lat' dir='ltr'><strong>XXII.</strong></span> 
     </span>
    </p>
   </div>
   <div class='ocr_carea' id='block_1_33' title="bbox 1847 375 3584 450">
    <p class='ocr_par' dir='ltr' id='par_1_33' title="bbox 1847 375 3584 450">
     <span class='ocr_line' id='line_1_33' title="bbox 1847 375 3584 450; baseline 0.003 -17"><span class='ocrx_word' id='word_1_216' title='bbox 1847 378 1893 433; x_wconf 79' lang='grc' dir='ltr'>Λ</span> <span class='ocrx_word' id='word_1_217' title='bbox 1997 378 2154 433; x_wconf 86' lang='lat' dir='ltr'><strong>Vers.</strong></span> <span class='ocrx_word' id='word_1_218' title='bbox 2181 379 2232 433; x_wconf 90' lang='lat'><strong>8.</strong></span> <span class='ocrx_word' id='word_1_219' title='bbox 2261 377 2339 433; x_wconf 86' lang='lat' dir='ltr'><strong>Et</strong></span> <span class='ocrx_word' id='word_1_220' title='bbox 2369 375 2559 434; x_wconf 78' lang='lat' dir='ltr'><strong>emisit</strong></span> <span class='ocrx_word' id='word_1_221' title='bbox 2587 403 2658 420; x_wconf 94' lang='lat'>—</span> <span class='ocrx_word' id='word_1_222' title='bbox 2698 376 2964 435; x_wconf 83' lang='lat' dir='ltr'><strong>edamus.</strong></span> <span class='ocrx_word' id='word_1_223' title='bbox 2999 377 3333 436; x_wconf 88' lang='lat' dir='ltr'><strong>Secundum</strong></span> <span class='ocrx_word' id='word_1_224' title='bbox 3368 377 3584 450; x_wconf 82' lang='lat' dir='ltr'><strong>legem.</strong></span> 
     </span>
    </p>
   </div>
   <div class='ocr_carea' id='block_1_34' title="bbox 3447 249 3588 311">
    <p class='ocr_par' dir='ltr' id='par_1_34' title="bbox 3447 249 3588 311">
     <span class='ocr_line' id='line_1_34' title="bbox 3447 249 3588 311; baseline 0 -1"><span class='ocrx_word' id='word_1_225' title='bbox 3447 249 3588 311; x_wconf 74' lang='lat' dir='ltr'><strong>I078</strong></span> 
     </span>
    </p>
   </div>
   <div class='ocr_carea' id='block_1_35' title="bbox 1997 467 3586 540">
    <p class='ocr_par' dir='ltr' id='par_1_35' title="bbox 1997 467 3586 540">
     <span class='ocr_line' id='line_1_35' title="bbox 1997 467 3586 540; baseline 0.002 -20"><span class='ocrx_word' id='word_1_226' title='bbox 1997 469 2156 523; x_wconf 90' lang='lat' dir='ltr'><strong>Vers.</strong></span> <span class='ocrx_word' id='word_1_227' title='bbox 2216 470 2266 521; x_wconf 89' lang='lat'><strong>9.</strong></span> <span class='ocrx_word' id='word_1_228' title='bbox 2326 469 2403 521; x_wconf 83' lang='grc' dir='ltr'><strong>Αι</strong></span> <span class='ocrx_word' id='word_1_229' title='bbox 2436 467 2534 522; x_wconf 89' lang='lat' dir='ltr'><strong>illi</strong></span> <span class='ocrx_word' id='word_1_230' title='bbox 2563 497 2632 506; x_wconf 95' lang='lat'><strong>—</strong></span> <span class='ocrx_word' id='word_1_231' title='bbox 2675 482 2963 536; x_wconf 82' lang='lat' dir='ltr'><strong>paremus.</strong></span> <span class='ocrx_word' id='word_1_232' title='bbox 2999 470 3198 539; x_wconf 88' lang='lat' dir='ltr'><strong>Neque</strong></span> <span class='ocrx_word' id='word_1_233' title='bbox 3249 467 3408 523; x_wconf 90' lang='lat' dir='ltr'><strong>enim</strong></span> <span class='ocrx_word' id='word_1_234' title='bbox 3461 468 3586 540; x_wconf 88' lang='lat' dir='ltr'><strong>ipse</strong></span> 
     </span>
    </p>
   </div>
   <div class='ocr_carea' id='block_1_36' title="bbox 1925 555 3586 631">
    <p class='ocr_par' dir='ltr' id='par_1_36' title="bbox 1925 555 3586 631">
     <span class='ocr_line' id='line_1_36' title="bbox 1925 555 3586 631; baseline 0.002 -21"><span class='ocrx_word' id='word_1_235' title='bbox 1925 556 2236 628; x_wconf 90' lang='lat' dir='ltr'><strong>proprium</strong></span> <span class='ocrx_word' id='word_1_236' title='bbox 2263 555 2530 612; x_wconf 82' lang='lat' dir='ltr'><strong>habebat</strong></span> <span class='ocrx_word' id='word_1_237' title='bbox 2563 557 2980 627; x_wconf 85' lang='lat' dir='ltr'><strong>diversorium,</strong></span> <span class='ocrx_word' id='word_1_238' title='bbox 3006 573 3196 629; x_wconf 87' lang='lat' dir='ltr'><strong>neque</strong></span> <span class='ocrx_word' id='word_1_239' title='bbox 3227 557 3306 614; x_wconf 85' lang='lat' dir='ltr'>illi</span> <span class='ocrx_word' id='word_1_240' title='bbox 3337 575 3349 613; x_wconf 93' lang='lat'>:</span> <span class='ocrx_word' id='word_1_241' title='bbox 3383 561 3586 631; x_wconf 79' lang='lat' dir='ltr'><strong>utpote</strong></span> 
     </span>
    </p>
   </div>
   <div class='ocr_carea' id='block_1_37' title="bbox 1923 645 2692 716">
    <p class='ocr_par' dir='ltr' id='par_1_37' title="bbox 1923 645 2692 716">
     <span class='ocr_line' id='line_1_37' title="bbox 1923 645 2692 716; baseline -0.001 -16"><span class='ocrx_word' id='word_1_242' title='bbox 1923 645 2205 701; x_wconf 91' lang='lat' dir='ltr'><strong>omnibus</strong></span> <span class='ocrx_word' id='word_1_243' title='bbox 2231 646 2358 716; x_wconf 88' lang='lat' dir='ltr'><strong>jam</strong></span> <span class='ocrx_word' id='word_1_244' title='bbox 2378 645 2692 701; x_wconf 85' lang='lat' dir='ltr'><strong>derelictis.</strong></span> 
     </span>
    </p>
   </div>
   <div class='ocr_carea' id='block_1_38' title="bbox 1994 733 3584 804">
    <p class='ocr_par' dir='ltr' id='par_1_38' title="bbox 1994 733 3584 804">
     <span class='ocr_line' id='line_1_38' title="bbox 1994 733 3584 804; baseline 0.002 -15"><span class='ocrx_word' id='word_1_245' title='bbox 1994 733 2157 790; x_wconf 91' lang='lat' dir='ltr'><strong>Vers.</strong></span> <span class='ocrx_word' id='word_1_246' title='bbox 2200 734 2288 790; x_wconf 85' lang='grc'><strong>10.</strong></span> <span class='ocrx_word' id='word_1_247' title='bbox 2341 736 2467 804; x_wconf 81' lang='lat' dir='ltr'><strong>Ipse</strong></span> <span class='ocrx_word' id='word_1_248' title='bbox 2497 749 2628 790; x_wconf 91' lang='lat' dir='ltr'><strong>vero</strong></span> <span class='ocrx_word' id='word_1_249' title='bbox 2693 735 2944 790; x_wconf 88' lang='lat' dir='ltr'><strong>—Vers.</strong></span> <span class='ocrx_word' id='word_1_250' title='bbox 3000 739 3080 789; x_wconf 79' lang='lat' dir='ltr'><strong>l2.</strong></span> <span class='ocrx_word' id='word_1_251' title='bbox 3129 741 3363 804; x_wconf 82' lang='lat' dir='ltr'><strong>parate.</strong></span> <span class='ocrx_word' id='word_1_252' title='bbox 3409 735 3584 792; x_wconf 84' lang='lat' dir='ltr'><strong>Sexa-</strong></span> 
     </span>
    </p>
   </div>
   <div class='ocr_carea' id='block_1_39' title="bbox 1922 822 3584 895">
    <p class='ocr_par' dir='ltr' id='par_1_39' title="bbox 1922 822 3584 895">
     <span class='ocr_line' id='line_1_39' title="bbox 1922 822 3584 895; baseline 0.002 -19"><span class='ocrx_word' id='word_1_253' title='bbox 1922 824 2149 890; x_wconf 90' lang='lat' dir='ltr'><strong>gesimo</strong></span> <span class='ocrx_word' id='word_1_254' title='bbox 2171 824 2342 878; x_wconf 88' lang='lat' dir='ltr'><strong>tertio</strong></span> <span class='ocrx_word' id='word_1_255' title='bbox 2359 822 2660 892; x_wconf 82' lang='lat' dir='ltr'><strong>Evangelii</strong></span> <span class='ocrx_word' id='word_1_256' title='bbox 2679 823 3013 878; x_wconf 89' lang='lat' dir='ltr'><strong>secundum</strong></span> <span class='ocrx_word' id='word_1_257' title='bbox 3035 823 3268 879; x_wconf 68' lang='lat' dir='ltr'><strong>Matthaa</strong></span> <span class='ocrx_word' id='word_1_258' title='bbox 3278 839 3375 878; x_wconf 90' lang='lat' dir='ltr'><strong>um</strong></span> <span class='ocrx_word' id='word_1_259' title='bbox 3387 823 3584 895; x_wconf 84' lang='lat' dir='ltr'><strong>capite</strong></span> 
     </span>
    </p>
   </div>
   <div class='ocr_carea' id='block_1_40' title="bbox 1920 911 3578 983">
    <p class='ocr_par' dir='ltr' id='par_1_40' title="bbox 1920 911 3578 983">
     <span class='ocr_line' id='line_1_40' title="bbox 1920 911 3578 983; baseline 0.001 -18"><span class='ocrx_word' id='word_1_260' title='bbox 1920 927 2122 983; x_wconf 59' lang='lat' dir='ltr'><strong>quaere</strong></span> <span class='ocrx_word' id='word_1_261' title='bbox 2166 912 2305 967; x_wconf 80' lang='lat' dir='ltr'><strong>dicti</strong></span> <span class='ocrx_word' id='word_1_262' title='bbox 2336 911 2490 966; x_wconf 90' lang='lat' dir='ltr'><strong>illius</strong></span> <span class='ocrx_word' id='word_1_263' title='bbox 2535 912 3104 982; x_wconf 78' lang='lat' dir='ltr'><strong>interpretationem.</strong></span> <span class='ocrx_word' id='word_1_264' title='bbox 3143 915 3214 967; x_wconf 88' lang='lat' dir='ltr'><strong>At</strong></span> <span class='ocrx_word' id='word_1_265' title='bbox 3246 912 3342 968; x_wconf 89' lang='lat' dir='ltr'><strong>ille</strong></span> <span class='ocrx_word' id='word_1_266' title='bbox 3385 912 3578 967; x_wconf 83' lang='lat' dir='ltr'><strong>dixit:</strong></span> 
     </span>
    </p>
   </div>
   <div class='ocr_carea' id='block_1_41' title="bbox 1920 999 3583 1072">
    <p class='ocr_par' dir='ltr' id='par_1_41' title="bbox 1920 999 3583 1072">
     <span class='ocr_line' id='line_1_41' title="bbox 1920 999 3583 1072; baseline 0 -16"><span class='ocrx_word' id='word_1_267' title='bbox 1920 1001 2008 1057; x_wconf 85' lang='lat' dir='ltr'><strong>Ite</strong></span> <span class='ocrx_word' id='word_1_268' title='bbox 2057 1001 2118 1056; x_wconf 83' lang='lat' dir='ltr'><strong>in</strong></span> <span class='ocrx_word' id='word_1_269' title='bbox 2148 1001 2442 1057; x_wconf 83' lang='lat' dir='ltr'><strong>civitatem</strong></span> <span class='ocrx_word' id='word_1_270' title='bbox 2477 1000 2560 1057; x_wconf 88' lang='lat' dir='ltr'><strong>ad</strong></span> <span class='ocrx_word' id='word_1_271' title='bbox 2588 1001 2895 1072; x_wconf 82' lang='lat' dir='ltr'><strong>quemdam</strong></span> <span class='ocrx_word' id='word_1_272' title='bbox 2919 1003 2986 1066; x_wconf 73' lang='grc'><strong>⁸³,</strong></span> <span class='ocrx_word' id='word_1_273' title='bbox 3029 1005 3084 1058; x_wconf 86' lang='lat' dir='ltr'><strong>et</strong></span> <span class='ocrx_word' id='word_1_274' title='bbox 3112 1007 3339 1057; x_wconf 53' lang='grc' dir='ltr'><strong>αξιοι-ιι.</strong></span> <span class='ocrx_word' id='word_1_275' title='bbox 3375 1001 3440 1056; x_wconf 89' lang='lat' dir='ltr'><strong>In</strong></span> <span class='ocrx_word' id='word_1_276' title='bbox 3481 999 3583 1056; x_wconf 90' lang='lat' dir='ltr'><strong>illa</strong></span> 
     </span>
    </p>
   </div>
   <div class='ocr_carea' id='block_1_42' title="bbox 1919 1088 2993 1146">
    <p class='ocr_par' dir='ltr' id='par_1_42' title="bbox 1919 1088 2993 1146">
     <span class='ocr_line' id='line_1_42' title="bbox 1919 1088 2993 1146; baseline 0.001 -2"><span class='ocrx_word' id='word_1_277' title='bbox 1919 1090 2073 1144; x_wconf 90' lang='lat' dir='ltr'><strong>enim</strong></span> <span class='ocrx_word' id='word_1_278' title='bbox 2096 1089 2170 1145; x_wconf 92' lang='lat' dir='ltr'><strong>de</strong></span> <span class='ocrx_word' id='word_1_279' title='bbox 2201 1089 2294 1145; x_wconf 90' lang='lat' dir='ltr'><strong>his</strong></span> <span class='ocrx_word' id='word_1_280' title='bbox 2327 1088 2604 1146; x_wconf 89' lang='lat' dir='ltr'><strong>omnibus</strong></span> <span class='ocrx_word' id='word_1_281' title='bbox 2633 1089 2860 1146; x_wconf 88' lang='lat' dir='ltr'><strong>dictum</strong></span> <span class='ocrx_word' id='word_1_282' title='bbox 2886 1094 2993 1146; x_wconf 83' lang='lat' dir='ltr'><strong>est.</strong></span> 
     </span>
    </p>
   </div>
   <div class='ocr_carea' id='block_1_43' title="bbox 1990 1178 3581 1250">
    <p class='ocr_par' dir='ltr' id='par_1_43' title="bbox 1990 1178 3581 1250">
     <span class='ocr_line' id='line_1_43' title="bbox 1990 1178 3581 1250; baseline 0 -17"><span class='ocrx_word' id='word_1_283' title='bbox 1990 1179 2150 1234; x_wconf 82' lang='lat' dir='ltr'><strong>Vers.</strong></span> <span class='ocrx_word' id='word_1_284' title='bbox 2173 1180 2258 1234; x_wconf 86' lang='grc'><strong>13.</strong></span> <span class='ocrx_word' id='word_1_285' title='bbox 2278 1181 2326 1234; x_wconf 83' lang='grc' dir='ltr'><em>Α</em></span> <span class='ocrx_word' id='word_1_286' title='bbox 2338 1179 2575 1234; x_wconf 86' lang='lat' dir='ltr'><strong>beuntes</strong></span> <span class='ocrx_word' id='word_1_287' title='bbox 2589 1209 2654 1220; x_wconf 88' lang='lat'><strong>-</strong></span> <span class='ocrx_word' id='word_1_288' title='bbox 2667 1179 2830 1235; x_wconf 89' lang='lat' dir='ltr'><strong>Vers.</strong></span> <span class='ocrx_word' id='word_1_289' title='bbox 2852 1181 2934 1234; x_wconf 77' lang='grc'><strong>14.</strong></span> <span class='ocrx_word' id='word_1_290' title='bbox 2957 1193 3090 1236; x_wconf 87' lang='lat' dir='ltr'><strong>cum</strong></span> <span class='ocrx_word' id='word_1_291' title='bbox 3103 1193 3188 1235; x_wconf 88' lang='lat' dir='ltr'><strong>eo.</strong></span> <span class='ocrx_word' id='word_1_292' title='bbox 3205 1178 3581 1250; x_wconf 86' lang='lat' dir='ltr'><strong>Consequen-</strong></span> 
     </span>
    </p>
   </div>
   <div class='ocr_carea' id='block_1_44' title="bbox 1919 1267 2853 1324">
    <p class='ocr_par' dir='ltr' id='par_1_44' title="bbox 1919 1267 2853 1324">
     <span class='ocr_line' id='line_1_44' title="bbox 1919 1267 2853 1324; baseline -0.002 0"><span class='ocrx_word' id='word_1_293' title='bbox 1919 1271 2006 1324; x_wconf 89' lang='lat' dir='ltr'><strong>ter</strong></span> <span class='ocrx_word' id='word_1_294' title='bbox 2033 1267 2118 1324; x_wconf 91' lang='lat' dir='ltr'>ibi</span> <span class='ocrx_word' id='word_1_295' title='bbox 2142 1268 2317 1324; x_wconf 86' lang='lat' dir='ltr'><strong>etiam</strong></span> <span class='ocrx_word' id='word_1_296' title='bbox 2348 1268 2422 1324; x_wconf 90' lang='lat' dir='ltr'><strong>de</strong></span> <span class='ocrx_word' id='word_1_297' title='bbox 2443 1267 2536 1324; x_wconf 88' lang='lat' dir='ltr'><strong>his</strong></span> <span class='ocrx_word' id='word_1_298' title='bbox 2560 1268 2853 1324; x_wconf 88' lang='lat' dir='ltr'><strong>invenies.</strong></span> 
     </span>
    </p>
   </div>
   <div class='ocr_carea' id='block_1_45' title="bbox 1992 1355 3579 1427">
    <p class='ocr_par' dir='ltr' id='par_1_45' title="bbox 1992 1355 3579 1427">
     <span class='ocr_line' id='line_1_45' title="bbox 1992 1355 3579 1427; baseline 0.001 -17"><span class='ocrx_word' id='word_1_299' title='bbox 1992 1359 2148 1412; x_wconf 89' lang='lat' dir='ltr'><strong>Vers.</strong></span> <span class='ocrx_word' id='word_1_300' title='bbox 2198 1357 2280 1411; x_wconf 81' lang='grc'><strong>15.</strong></span> <span class='ocrx_word' id='word_1_301' title='bbox 2318 1358 2392 1412; x_wconf 81' lang='lat' dir='ltr'><strong>Et</strong></span> <span class='ocrx_word' id='word_1_302' title='bbox 2423 1358 2507 1414; x_wconf 84' lang='lat' dir='ltr'><strong>ait</strong></span> <span class='ocrx_word' id='word_1_303' title='bbox 2539 1388 2605 1400; x_wconf 73' lang='grc' dir='ltr'><strong>ο-</strong></span> <span class='ocrx_word' id='word_1_304' title='bbox 2629 1359 2859 1427; x_wconf 85' lang='lat' dir='ltr'><strong>patiar.</strong></span> <span class='ocrx_word' id='word_1_305' title='bbox 2893 1356 3283 1414; x_wconf 88' lang='lat' dir='ltr'><strong>Festinatione</strong></span> <span class='ocrx_word' id='word_1_306' title='bbox 3301 1355 3579 1412; x_wconf 87' lang='lat' dir='ltr'><strong>festinavi</strong></span> 
     </span>
    </p>
   </div>
   <div class='ocr_carea' id='block_1_46' title="bbox 1917 1445 3575 1516">
    <p class='ocr_par' dir='ltr' id='par_1_46' title="bbox 1917 1445 3575 1516">
     <span class='ocr_line' id='line_1_46' title="bbox 1917 1445 3575 1516; baseline -0.001 -14"><span class='ocrx_word' id='word_1_307' title='bbox 1917 1446 2033 1502; x_wconf 90' lang='lat' dir='ltr'><strong>hoc</strong></span> <span class='ocrx_word' id='word_1_308' title='bbox 2074 1461 2231 1502; x_wconf 88' lang='lat' dir='ltr'><strong>anno</strong></span> <span class='ocrx_word' id='word_1_309' title='bbox 2281 1445 2508 1502; x_wconf 90' lang='lat' dir='ltr'><strong>Pascha</strong></span> <span class='ocrx_word' id='word_1_310' title='bbox 2538 1447 2847 1503; x_wconf 86' lang='lat' dir='ltr'><strong>comedere</strong></span> <span class='ocrx_word' id='word_1_311' title='bbox 2882 1445 3217 1512; x_wconf 85' lang='lat' dir='ltr'><strong>vobiscum,</strong></span> <span class='ocrx_word' id='word_1_312' title='bbox 3251 1449 3575 1516; x_wconf 82' lang='lat' dir='ltr'><strong>antequam</strong></span> 
     </span>
    </p>
   </div>
   <div class='ocr_carea' id='block_1_47' title="bbox 1919 1533 3574 1608">
    <p class='ocr_par' dir='ltr' id='par_1_47' title="bbox 1919 1533 3574 1608">
     <span class='ocr_line' id='line_1_47' title="bbox 1919 1533 3574 1608; baseline -0.002 -16"><span class='ocrx_word' id='word_1_313' title='bbox 1919 1536 2256 1604; x_wconf 84' lang='lat' dir='ltr'><strong>cruciﬁgar,</strong></span> <span class='ocrx_word' id='word_1_314' title='bbox 2299 1535 2423 1592; x_wconf 86' lang='lat' dir='ltr'><strong>sive</strong></span> <span class='ocrx_word' id='word_1_315' title='bbox 2454 1540 2591 1592; x_wconf 89' lang='lat' dir='ltr'><strong>ante</strong></span> <span class='ocrx_word' id='word_1_316' title='bbox 2637 1542 2872 1608; x_wconf 87' lang='lat' dir='ltr'><strong>tempus</strong></span> <span class='ocrx_word' id='word_1_317' title='bbox 2923 1539 3164 1591; x_wconf 66' lang='lat' dir='ltr'><strong>Paschae</strong></span> <span class='ocrx_word' id='word_1_318' title='bbox 3191 1552 3209 1599; x_wconf 92' lang='lat'><strong><em>;</em></strong></span> <span class='ocrx_word' id='word_1_319' title='bbox 3232 1550 3376 1590; x_wconf 87' lang='lat' dir='ltr'><strong>nam</strong></span> <span class='ocrx_word' id='word_1_320' title='bbox 3406 1533 3468 1589; x_wconf 88' lang='lat' dir='ltr'><strong>in</strong></span> <span class='ocrx_word' id='word_1_321' title='bbox 3503 1549 3574 1589; x_wconf 91' lang='lat' dir='ltr'><strong>eo</strong></span> 
     </span>
    </p>
   </div>
   <div class='ocr_carea' id='block_1_48' title="bbox 1917 1622 3574 1696">
    <p class='ocr_par' dir='ltr' id='par_1_48' title="bbox 1917 1622 3574 1696">
     <span class='ocr_line' id='line_1_48' title="bbox 1917 1622 3574 1696; baseline -0.002 -16"><span class='ocrx_word' id='word_1_322' title='bbox 1917 1625 2359 1695; x_wconf 81' lang='lat' dir='ltr'><strong>cruciﬁgendus</strong></span> <span class='ocrx_word' id='word_1_323' title='bbox 2414 1631 2558 1690; x_wconf 89' lang='lat' dir='ltr'><strong>erat,</strong></span> <span class='ocrx_word' id='word_1_324' title='bbox 2613 1625 2764 1680; x_wconf 88' lang='lat' dir='ltr'><strong>sicut</strong></span> <span class='ocrx_word' id='word_1_325' title='bbox 2815 1624 2979 1696; x_wconf 90' lang='lat' dir='ltr'><strong>apud</strong></span> <span class='ocrx_word' id='word_1_326' title='bbox 3021 1624 3359 1680; x_wconf 65' lang='lat' dir='ltr'><strong>Matthmum</strong></span> <span class='ocrx_word' id='word_1_327' title='bbox 3384 1622 3574 1691; x_wconf 86' lang='lat' dir='ltr'><strong>legisti</strong></span> 
     </span>
    </p>
   </div>
   <div class='ocr_carea' id='block_1_49' title="bbox 2893 1714 3574 1786">
    <p class='ocr_par' dir='ltr' id='par_1_49' title="bbox 2893 1714 3574 1786">
     <span class='ocr_line' id='line_1_49' title="bbox 2893 1714 3574 1786; baseline -0.003 -17"><span class='ocrx_word' id='word_1_328' title='bbox 2893 1715 3130 1786; x_wconf 78' lang='lat' dir='ltr'><strong>Vespera</strong></span> <span class='ocrx_word' id='word_1_329' title='bbox 3185 1716 3377 1770; x_wconf 86' lang='lat' dir='ltr'><strong>autem</strong></span> <span class='ocrx_word' id='word_1_330' title='bbox 3410 1714 3574 1782; x_wconf 79' lang='lat' dir='ltr'><strong>facta</strong></span> 
     </span>
    </p>
   </div>
   <div class='ocr_carea' id='block_1_50' title="bbox 1917 1803 3180 1872">
    <p class='ocr_par' dir='ltr' id='par_1_50' title="bbox 1917 1803 3180 1872">
     <span class='ocr_line' id='line_1_50' title="bbox 1917 1803 3180 1872; baseline 0.004 -14"><span class='ocrx_word' id='word_1_331' title='bbox 1917 1803 2315 1860; x_wconf 75' lang='lat' dir='ltr'><strong>discumbebat</strong></span> <span class='ocrx_word' id='word_1_332' title='bbox 2342 1819 2473 1859; x_wconf 89' lang='lat' dir='ltr'><strong>cum</strong></span> <span class='ocrx_word' id='word_1_333' title='bbox 2495 1803 2866 1859; x_wconf 80' lang='lat' dir='ltr'><strong>duodecim&quot;.</strong></span> <span class='ocrx_word' id='word_1_334' title='bbox 3175 1869 3180 1872; x_wconf 96' lang='lat'><em>_</em></span> 
     </span>
    </p>
   </div>
   <div class='ocr_carea' id='block_1_51' title="bbox 1993 1891 3572 1962">
    <p class='ocr_par' dir='ltr' id='par_1_51' title="bbox 1993 1891 3572 1962">
     <span class='ocr_line' id='line_1_51' title="bbox 1993 1891 3572 1962; baseline -0.001 -16"><span class='ocrx_word' id='word_1_335' title='bbox 1993 1895 2150 1948; x_wconf 88' lang='lat' dir='ltr'><strong>Vers.</strong></span> <span class='ocrx_word' id='word_1_336' title='bbox 2181 1894 2269 1947; x_wconf 86' lang='grc'><strong>16.</strong></span> <span class='ocrx_word' id='word_1_337' title='bbox 2295 1895 2440 1949; x_wconf 93' lang='lat' dir='ltr'><strong>Dico</strong></span> <span class='ocrx_word' id='word_1_338' title='bbox 2481 1893 2631 1949; x_wconf 83' lang='lat' dir='ltr'><strong>enim</strong></span> <span class='ocrx_word' id='word_1_339' title='bbox 2663 1923 2730 1932; x_wconf 90' lang='lat'><strong>—</strong></span> <span class='ocrx_word' id='word_1_340' title='bbox 2777 1891 2901 1948; x_wconf 91' lang='lat' dir='ltr'><strong>Dei.</strong></span> <span class='ocrx_word' id='word_1_341' title='bbox 2940 1891 3322 1959; x_wconf 81' lang='lat' dir='ltr'><strong>Sexagesimo</strong></span> <span class='ocrx_word' id='word_1_342' title='bbox 3355 1895 3572 1962; x_wconf 86' lang='lat' dir='ltr'><strong>quarto</strong></span> 
     </span>
    </p>
   </div>
   <div class='ocr_carea' id='block_1_52' title="bbox 1919 1979 3573 2052">
    <p class='ocr_par' dir='ltr' id='par_1_52' title="bbox 1919 1979 3573 2052">
     <span class='ocr_line' id='line_1_52' title="bbox 1919 1979 3573 2052; baseline -0.002 -16"><span class='ocrx_word' id='word_1_343' title='bbox 1919 1981 2217 2051; x_wconf 80' lang='lat' dir='ltr'><strong>Evangelii</strong></span> <span class='ocrx_word' id='word_1_344' title='bbox 2243 1982 2411 2052; x_wconf 82' lang='lat' dir='ltr'><strong>juxta</strong></span> <span class='ocrx_word' id='word_1_345' title='bbox 2437 1981 2778 2037; x_wconf 64' lang='lat' dir='ltr'><strong>Matthasum</strong></span> <span class='ocrx_word' id='word_1_346' title='bbox 2809 1981 3003 2052; x_wconf 73' lang='lat' dir='ltr'><strong>capite</strong></span> <span class='ocrx_word' id='word_1_347' title='bbox 3027 1995 3228 2052; x_wconf 69' lang='lat' dir='ltr'><strong>quaere</strong></span> <span class='ocrx_word' id='word_1_348' title='bbox 3250 1979 3387 2034; x_wconf 84' lang='lat' dir='ltr'><strong>dicti</strong></span> <span class='ocrx_word' id='word_1_349' title='bbox 3415 1979 3573 2033; x_wconf 89' lang='lat' dir='ltr'><strong>illius</strong></span> 
     </span>
    </p>
   </div>
   <div class='ocr_carea' id='block_1_53' title="bbox 1917 2067 3571 2140">
    <p class='ocr_par' dir='ltr' id='par_1_53' title="bbox 1917 2067 3571 2140">
     <span class='ocr_line' id='line_1_53' title="bbox 1917 2067 3571 2140; baseline -0.002 -15"><span class='ocrx_word' id='word_1_350' title='bbox 1917 2070 2358 2126; x_wconf 84' lang='lat' dir='ltr'><strong>enarrationem</strong></span> <span class='ocrx_word' id='word_1_351' title='bbox 2395 2087 2407 2125; x_wconf 92' lang='lat'><strong>:</strong></span> <span class='ocrx_word' id='word_1_352' title='bbox 2438 2071 2581 2126; x_wconf 89' lang='lat' dir='ltr'><strong>Dico</strong></span> <span class='ocrx_word' id='word_1_353' title='bbox 2610 2077 2806 2126; x_wconf 89' lang='lat' dir='ltr'><strong>autem</strong></span> <span class='ocrx_word' id='word_1_354' title='bbox 2842 2069 3024 2134; x_wconf 77' lang='lat' dir='ltr'><strong>vobis,</strong></span> <span class='ocrx_word' id='word_1_355' title='bbox 3058 2069 3210 2140; x_wconf 86' lang='lat' dir='ltr'><strong>quod</strong></span> <span class='ocrx_word' id='word_1_356' title='bbox 3237 2085 3355 2123; x_wconf 86' lang='lat' dir='ltr'><strong>non</strong></span> <span class='ocrx_word' id='word_1_357' title='bbox 3383 2067 3571 2122; x_wconf 83' lang='lat' dir='ltr'><strong>bibam</strong></span> 
     </span>
    </p>
   </div>
   <div class='ocr_carea' id='block_1_54' title="bbox 1915 2158 3573 2231">
    <p class='ocr_par' dir='ltr' id='par_1_54' title="bbox 1915 2158 3573 2231">
     <span class='ocr_line' id='line_1_54' title="bbox 1915 2158 3573 2231; baseline -0.003 -17"><span class='ocrx_word' id='word_1_358' title='bbox 1915 2159 2158 2231; x_wconf 81' lang='lat' dir='ltr'><strong>posthac</strong></span> <span class='ocrx_word' id='word_1_359' title='bbox 2178 2175 2253 2216; x_wconf 77' lang='lat' dir='ltr'><strong>ea:</strong></span> <span class='ocrx_word' id='word_1_360' title='bbox 2273 2160 2380 2216; x_wconf 85' lang='lat' dir='ltr'><strong>hoc</strong></span> <span class='ocrx_word' id='word_1_361' title='bbox 2398 2161 2609 2227; x_wconf 79' lang='lat' dir='ltr'><strong>fructu</strong></span> <span class='ocrx_word' id='word_1_362' title='bbox 2623 2159 2752 2214; x_wconf 86' lang='lat' dir='ltr'><strong>vitis</strong></span> <span class='ocrx_word' id='word_1_363' title='bbox 2776 2172 2955 2229; x_wconf 88' lang='lat' dir='ltr'><strong>usque</strong></span> <span class='ocrx_word' id='word_1_364' title='bbox 2972 2159 3033 2212; x_wconf 87' lang='lat' dir='ltr'><strong>in</strong></span> <span class='ocrx_word' id='word_1_365' title='bbox 3051 2159 3201 2213; x_wconf 87' lang='lat' dir='ltr'><strong>diem</strong></span> <span class='ocrx_word' id='word_1_366' title='bbox 3225 2158 3422 2221; x_wconf 88' lang='lat' dir='ltr'><strong>illum,</strong></span> <span class='ocrx_word' id='word_1_367' title='bbox 3438 2171 3573 2211; x_wconf 88' lang='lat' dir='ltr'><strong>cum</strong></span> 
     </span>
    </p>
   </div>
   <div class='ocr_carea' id='block_1_55' title="bbox 1917 2244 3570 2316">
    <p class='ocr_par' dir='ltr' id='par_1_55' title="bbox 1917 2244 3570 2316">
     <span class='ocr_line' id='line_1_55' title="bbox 1917 2244 3570 2316; baseline -0.005 -10"><span class='ocrx_word' id='word_1_368' title='bbox 1917 2250 2096 2307; x_wconf 80' lang='lat' dir='ltr'><strong>illum</strong></span> <span class='ocrx_word' id='word_1_369' title='bbox 2123 2248 2311 2304; x_wconf 83' lang='lat' dir='ltr'><strong>bibam</strong></span> <span class='ocrx_word' id='word_1_370' title='bbox 2336 2248 2625 2305; x_wconf 82' lang='lat' dir='ltr'><strong>vobiscum</strong></span> <span class='ocrx_word' id='word_1_371' title='bbox 2653 2263 2861 2302; x_wconf 88' lang='lat' dir='ltr'><strong>novum</strong></span> <span class='ocrx_word' id='word_1_372' title='bbox 2886 2247 2948 2302; x_wconf 87' lang='lat' dir='ltr'><strong>in</strong></span> <span class='ocrx_word' id='word_1_373' title='bbox 2973 2262 3151 2316; x_wconf 87' lang='lat' dir='ltr'><strong>regno</strong></span> <span class='ocrx_word' id='word_1_374' title='bbox 3169 2247 3363 2302; x_wconf 81' lang='lat' dir='ltr'><strong>Patris</strong></span> <span class='ocrx_word' id='word_1_375' title='bbox 3380 2246 3491 2300; x_wconf 90' lang='lat' dir='ltr'><strong>mei</strong></span> <span class='ocrx_word' id='word_1_376' title='bbox 3502 2244 3570 2297; x_wconf 65' lang='grc' dir='ltr'><strong>σι.</strong></span> 
     </span>
    </p>
   </div>
   <div class='ocr_carea' id='block_1_56' title="bbox 1913 2333 3570 2408">
    <p class='ocr_par' dir='ltr' id='par_1_56' title="bbox 1913 2333 3570 2408">
     <span class='ocr_line' id='line_1_56' title="bbox 1913 2333 3570 2408; baseline -0.004 -14"><span class='ocrx_word' id='word_1_377' title='bbox 1913 2339 2068 2408; x_wconf 83' lang='lat' dir='ltr'><strong>Lege</strong></span> <span class='ocrx_word' id='word_1_378' title='bbox 2099 2341 2309 2403; x_wconf 90' lang='lat' dir='ltr'><strong>totum,</strong></span> <span class='ocrx_word' id='word_1_379' title='bbox 2343 2341 2400 2394; x_wconf 89' lang='lat' dir='ltr'><strong>et</strong></span> <span class='ocrx_word' id='word_1_380' title='bbox 2427 2337 2498 2392; x_wconf 89' lang='lat' dir='ltr'><strong>de</strong></span> <span class='ocrx_word' id='word_1_381' title='bbox 2528 2337 2813 2393; x_wconf 81' lang='lat' dir='ltr'><strong>omnibus</strong></span> <span class='ocrx_word' id='word_1_382' title='bbox 2857 2335 3257 2408; x_wconf 85' lang='lat' dir='ltr'><strong>particulatim</strong></span> <span class='ocrx_word' id='word_1_383' title='bbox 3287 2333 3570 2390; x_wconf 87' lang='lat' dir='ltr'><strong>invenies.</strong></span> 
     </span>
    </p>
   </div>
   <div class='ocr_carea' id='block_1_57' title="bbox 1984 2601 3574 2674">
    <p class='ocr_par' dir='ltr' id='par_1_57' title="bbox 1984 2601 3574 2674">
     <span class='ocr_line' id='line_1_57' title="bbox 1984 2601 3574 2674; baseline -0.001 -16"><span class='ocrx_word' id='word_1_384' title='bbox 1984 2607 2142 2662; x_wconf 88' lang='lat' dir='ltr'><strong>Vers.</strong></span> <span class='ocrx_word' id='word_1_385' title='bbox 2198 2606 2281 2660; x_wconf 82' lang='grc'><strong>17.</strong></span> <span class='ocrx_word' id='word_1_386' title='bbox 2337 2605 2412 2661; x_wconf 89' lang='lat' dir='ltr'><strong>Et</strong></span> <span class='ocrx_word' id='word_1_387' title='bbox 2459 2608 2700 2674; x_wconf 81' lang='lat' dir='ltr'><strong>accepto</strong></span> <span class='ocrx_word' id='word_1_388' title='bbox 2729 2635 2798 2644; x_wconf 92' lang='lat'><strong><em>—</em></strong></span> <span class='ocrx_word' id='word_1_389' title='bbox 2846 2619 2966 2662; x_wconf 90' lang='lat' dir='ltr'><strong>vos.</strong></span> <span class='ocrx_word' id='word_1_390' title='bbox 3022 2603 3170 2659; x_wconf 85' lang='lat' dir='ltr'><strong>Hinc</strong></span> <span class='ocrx_word' id='word_1_391' title='bbox 3198 2601 3436 2674; x_wconf 89' lang='lat' dir='ltr'><strong>incepta</strong></span> <span class='ocrx_word' id='word_1_392' title='bbox 3485 2603 3574 2657; x_wconf 91' lang='lat' dir='ltr'><strong>est</strong></span> 
     </span>
    </p>
   </div>
   <div class='ocr_carea' id='block_1_58' title="bbox 1911 2695 2389 2767">
    <p class='ocr_par' dir='ltr' id='par_1_58' title="bbox 1911 2695 2389 2767">
     <span class='ocr_line' id='line_1_58' title="bbox 1911 2695 2389 2767; baseline -0.004 -16"><span class='ocrx_word' id='word_1_393' title='bbox 1911 2695 2166 2767; x_wconf 86' lang='lat' dir='ltr'><strong>mystica</strong></span> <span class='ocrx_word' id='word_1_394' title='bbox 2197 2709 2389 2750; x_wconf 77' lang='lat' dir='ltr'><strong>omna.</strong></span> 
     </span>
    </p>
   </div>
   <div class='ocr_carea' id='block_1_59' title="bbox 1979 2779 3571 2854">
    <p class='ocr_par' dir='ltr' id='par_1_59' title="bbox 1979 2779 3571 2854">
     <span class='ocr_line' id='line_1_59' title="bbox 1979 2779 3571 2854; baseline -0.004 -14"><span class='ocrx_word' id='word_1_395' title='bbox 1979 2785 2140 2840; x_wconf 83' lang='lat' dir='ltr'><strong>Vers.</strong></span> <span class='ocrx_word' id='word_1_396' title='bbox 2188 2787 2270 2838; x_wconf 88' lang='grc'><strong>18.</strong></span> <span class='ocrx_word' id='word_1_397' title='bbox 2298 2782 2435 2839; x_wconf 88' lang='lat' dir='ltr'><strong>Dico</strong></span> <span class='ocrx_word' id='word_1_398' title='bbox 2467 2812 2535 2824; x_wconf 98' lang='lat'><strong>—</strong></span> <span class='ocrx_word' id='word_1_399' title='bbox 2565 2784 2781 2838; x_wconf 81' lang='lat' dir='ltr'><strong>veniat.</strong></span> <span class='ocrx_word' id='word_1_400' title='bbox 2817 2784 2878 2836; x_wconf 89' lang='lat' dir='ltr'><strong>In</strong></span> <span class='ocrx_word' id='word_1_401' title='bbox 2915 2780 3200 2854; x_wconf 66' lang='lat' dir='ltr'><strong>praedicta</strong></span> <span class='ocrx_word' id='word_1_402' title='bbox 3229 2779 3571 2850; x_wconf 87' lang='lat' dir='ltr'><strong>interpreta-</strong></span> 
     </span>
    </p>
   </div>
   <div class='ocr_carea' id='block_1_60' title="bbox 1907 2867 3569 2940">
    <p class='ocr_par' dir='ltr' id='par_1_60' title="bbox 1907 2867 3569 2940">
     <span class='ocr_line' id='line_1_60' title="bbox 1907 2867 3569 2940; baseline -0.004 -11"><span class='ocrx_word' id='word_1_403' title='bbox 1907 2873 2064 2930; x_wconf 87' lang='lat' dir='ltr'><strong>tione</strong></span> <span class='ocrx_word' id='word_1_404' title='bbox 2089 2872 2269 2929; x_wconf 87' lang='lat' dir='ltr'><strong>etiam</strong></span> <span class='ocrx_word' id='word_1_405' title='bbox 2315 2872 2534 2928; x_wconf 89' lang='lat' dir='ltr'><strong>horum</strong></span> <span class='ocrx_word' id='word_1_406' title='bbox 2564 2871 2723 2928; x_wconf 82' lang='lat' dir='ltr'><strong>facta</strong></span> <span class='ocrx_word' id='word_1_407' title='bbox 2759 2877 2846 2928; x_wconf 89' lang='lat' dir='ltr'><strong>est</strong></span> <span class='ocrx_word' id='word_1_408' title='bbox 2878 2871 3098 2926; x_wconf 90' lang='lat' dir='ltr'><strong>mentio</strong></span> <span class='ocrx_word' id='word_1_409' title='bbox 3124 2885 3262 2926; x_wconf 91' lang='lat' dir='ltr'><strong>cum</strong></span> <span class='ocrx_word' id='word_1_410' title='bbox 3287 2867 3402 2933; x_wconf 92' lang='lat' dir='ltr'><strong>his,</strong></span> <span class='ocrx_word' id='word_1_411' title='bbox 3434 2883 3569 2940; x_wconf 69' lang='lat' dir='ltr'><strong>quas</strong></span> 
     </span>
    </p>
   </div>
   <div class='ocr_carea' id='block_1_61' title="bbox 1904 2968 2250 3035">
    <p class='ocr_par' dir='ltr' id='par_1_61' title="bbox 1904 2968 2250 3035">
     <span class='ocr_line' id='line_1_61' title="bbox 1904 2968 2250 3035; baseline -0.003 -18"><span class='ocrx_word' id='word_1_412' title='bbox 1904 2968 2250 3035; x_wconf 87' lang='lat' dir='ltr'><strong>sequuntur.</strong></span> 
     </span>
    </p>
   </div>
   <div class='ocr_carea' id='block_1_62' title="bbox 267 3046 1799 3134">
    <p class='ocr_par' dir='ltr' id='par_1_62' title="bbox 267 3049 1792 3126">
     <span class='ocr_line' id='line_1_62' title="bbox 267 3049 1792 3126; baseline -0.001 -22"><span class='ocrx_word' id='word_1_413' title='bbox 267 3057 374 3104; x_wconf 76' lang='grc' dir='ltr'><strong>Καὶ</strong></span> <span class='ocrx_word' id='word_1_414' title='bbox 423 3049 590 3102; x_wconf 76' lang='grc' dir='ltr'><strong>λαϐὼν</strong></span> <span class='ocrx_word' id='word_1_415' title='bbox 657 3080 715 3091; x_wconf 83' lang='lat'><strong>—</strong></span> <span class='ocrx_word' id='word_1_416' title='bbox 787 3051 1063 3123; x_wconf 79' lang='grc' dir='ltr'><strong>τραπέζης.</strong></span> <span class='ocrx_word' id='word_1_417' title='bbox 1114 3051 1400 3122; x_wconf 83' lang='grc' dir='ltr'><strong>Ἀνάγνωθι</strong></span> <span class='ocrx_word' id='word_1_418' title='bbox 1457 3051 1503 3103; x_wconf 79' lang='grc' dir='ltr'><strong>ἐν</strong></span> <span class='ocrx_word' id='word_1_419' title='bbox 1534 3061 1601 3123; x_wconf 82' lang='grc' dir='ltr'><strong>τῷ</strong></span> <span class='ocrx_word' id='word_1_420' title='bbox 1657 3052 1792 3126; x_wconf 79' lang='grc' dir='ltr'><strong>εἰρη-</strong></span> 
     </span>
    </p>
   </div>
   <div class='ocr_carea' id='block_1_63' title="bbox 1961 3046 3570 3134">
    <p class='ocr_par' dir='ltr' id='par_1_63' title="bbox 1976 3046 3570 3116">
     <span class='ocr_line' id='line_1_63' title="bbox 1976 3046 3570 3116; baseline -0.002 -11"><span class='ocrx_word' id='word_1_421' title='bbox 1976 3053 2136 3106; x_wconf 89' lang='lat' dir='ltr'><strong>Vers.</strong></span> <span class='ocrx_word' id='word_1_422' title='bbox 2175 3054 2256 3106; x_wconf 84' lang='grc'><strong>19.</strong></span> <span class='ocrx_word' id='word_1_423' title='bbox 2288 3082 2354 3090; x_wconf 94' lang='grc'><strong><em>-</em></strong></span> <span class='ocrx_word' id='word_1_424' title='bbox 2383 3051 2461 3106; x_wconf 85' lang='grc' dir='ltr'><strong>Ει</strong></span> <span class='ocrx_word' id='word_1_425' title='bbox 2490 3056 2722 3116; x_wconf 86' lang='lat' dir='ltr'><strong>accepto</strong></span> <span class='ocrx_word' id='word_1_426' title='bbox 2752 3080 2819 3090; x_wconf 93' lang='lat'><strong><em>—</em></strong></span> <span class='ocrx_word' id='word_1_427' title='bbox 2853 3048 3018 3104; x_wconf 89' lang='lat' dir='ltr'><strong>Vers.</strong></span> <span class='ocrx_word' id='word_1_428' title='bbox 3042 3049 3130 3102; x_wconf 77' lang='lat' dir='ltr'><strong>2L</strong></span> <span class='ocrx_word' id='word_1_429' title='bbox 3162 3061 3384 3102; x_wconf 86' lang='lat' dir='ltr'><strong>mensa.</strong></span> <span class='ocrx_word' id='word_1_430' title='bbox 3422 3046 3570 3116; x_wconf 90' lang='lat' dir='ltr'><strong>Lege</strong></span> 
     </span>
    </p>
   </div>
   <div class='ocr_carea' id='block_1_64' title="bbox 179 3139 1794 3210">
    <p class='ocr_par' dir='ltr' id='par_1_64' title="bbox 179 3139 1794 3210">
     <span class='ocr_line' id='line_1_64' title="bbox 179 3139 1794 3210; baseline 0.001 -18"><span class='ocrx_word' id='word_1_431' title='bbox 179 3144 326 3210; x_wconf 76' lang='grc' dir='ltr'><strong>μένῳ</strong></span> <span class='ocrx_word' id='word_1_432' title='bbox 386 3139 647 3210; x_wconf 63' lang='grc' dir='ltr'><strong>κεφαλαίῳ</strong></span> <span class='ocrx_word' id='word_1_433' title='bbox 726 3145 821 3197; x_wconf 73' lang='grc' dir='ltr'><strong>τήν</strong></span> <span class='ocrx_word' id='word_1_434' title='bbox 865 3141 1112 3210; x_wconf 84' lang='grc' dir='ltr'><strong>ἐξήγησιν</strong></span> <span class='ocrx_word' id='word_1_435' title='bbox 1166 3149 1278 3192; x_wconf 75' lang='grc' dir='ltr'><strong>τοῦ·</strong></span> <span class='ocrx_word' id='word_1_436' title='bbox 1361 3141 1668 3193; x_wconf 79' lang='grc' dir='ltr'><strong>Ἐσθιόντων</strong></span> <span class='ocrx_word' id='word_1_437' title='bbox 1736 3139 1794 3194; x_wconf 72' lang='grc' dir='ltr'><strong>δὲ</strong></span> 
     </span>
    </p>
   </div>
   <div class='ocr_carea' id='block_1_65' title="bbox 177 3229 1795 3302">
    <p class='ocr_par' dir='ltr' id='par_1_65' title="bbox 177 3229 1795 3302">
     <span class='ocr_line' id='line_1_65' title="bbox 177 3229 1795 3302; baseline 0.002 -24"><span class='ocrx_word' id='word_1_438' title='bbox 177 3229 579 3291; x_wconf 69' lang='grc' dir='ltr'><strong>αὐτῶν,).αϐὼν</strong></span> <span class='ocrx_word' id='word_1_439' title='bbox 635 3230 660 3280; x_wconf 85' lang='grc' dir='ltr'>ὁ</span> <span class='ocrx_word' id='word_1_440' title='bbox 715 3229 921 3292; x_wconf 77' lang='grc' dir='ltr'><strong>Ἰησους</strong></span> <span class='ocrx_word' id='word_1_441' title='bbox 978 3232 1153 3302; x_wconf 78' lang='grc' dir='ltr'><strong>ἄρτον,</strong></span> <span class='ocrx_word' id='word_1_442' title='bbox 1230 3236 1319 3282; x_wconf 88' lang='grc' dir='ltr'><strong>καὶ</strong></span> <span class='ocrx_word' id='word_1_443' title='bbox 1396 3231 1795 3302; x_wconf 69' lang='grc' dir='ltr'><strong>εὐχαριστήσας</strong></span> 
     </span>
    </p>
   </div>
   <div class='ocr_carea' id='block_1_66' title="bbox 177 3315 1794 3392">
    <p class='ocr_par' dir='ltr' id='par_1_66' title="bbox 177 3315 1794 3392">
     <span class='ocr_line' id='line_1_66' title="bbox 177 3315 1794 3392; baseline 0.001 -22"><span class='ocrx_word' id='word_1_444' title='bbox 177 3318 399 3383; x_wconf 68' lang='grc' dir='ltr'><strong>ἔκλασε,</strong></span> <span class='ocrx_word' id='word_1_445' title='bbox 432 3323 520 3370; x_wconf 86' lang='grc' dir='ltr'><strong>καὶ</strong></span> <span class='ocrx_word' id='word_1_446' title='bbox 572 3315 755 3370; x_wconf 75' lang='grc' dir='ltr'><strong>ἐδίδου</strong></span> <span class='ocrx_word' id='word_1_447' title='bbox 813 3326 916 3378; x_wconf 89' lang='grc' dir='ltr'><strong>τοίς</strong></span> <span class='ocrx_word' id='word_1_448' title='bbox 963 3321 1224 3390; x_wconf 82' lang='grc' dir='ltr'><strong>μαθηταῖς</strong></span> <span class='ocrx_word' id='word_1_449' title='bbox 1285 3337 1296 3348; x_wconf 90' lang='lat'><strong>&#39;</strong></span> <span class='ocrx_word' id='word_1_450' title='bbox 1355 3321 1542 3392; x_wconf 83' lang='grc' dir='ltr'><strong>ὁμοίως</strong></span> <span class='ocrx_word' id='word_1_451' title='bbox 1603 3317 1662 3372; x_wconf 75' lang='grc' dir='ltr'><strong>δὲ</strong></span> <span class='ocrx_word' id='word_1_452' title='bbox 1706 3326 1794 3372; x_wconf 83' lang='grc' dir='ltr'><strong>καὶ</strong></span> 
     </span>
    </p>
   </div>
   <div class='ocr_carea' id='block_1_67' title="bbox 177 3406 1793 3480">
    <p class='ocr_par' dir='ltr' id='par_1_67' title="bbox 177 3406 1793 3480">
     <span class='ocr_line' id='line_1_67' title="bbox 177 3406 1793 3480; baseline 0.001 -21"><span class='ocrx_word' id='word_1_453' title='bbox 177 3411 281 3468; x_wconf 79' lang='grc' dir='ltr'><strong>τὰς</strong></span> <span class='ocrx_word' id='word_1_454' title='bbox 349 3406 525 3478; x_wconf 67' lang='grc' dir='ltr'><strong>ξφεξῆς</strong></span> <span class='ocrx_word' id='word_1_455' title='bbox 594 3408 729 3479; x_wconf 78' lang='grc' dir='ltr'><strong>ἄχρι</strong></span> <span class='ocrx_word' id='word_1_456' title='bbox 769 3415 858 3459; x_wconf 76' lang='grc' dir='ltr'><strong>τοῦ</strong></span> <span class='ocrx_word' id='word_1_457' title='bbox 914 3425 926 3437; x_wconf 88' lang='grc'><strong>·</strong></span> <span class='ocrx_word' id='word_1_458' title='bbox 1009 3414 1108 3460; x_wconf 77' lang='grc' dir='ltr'><strong>Καὶ</strong></span> <span class='ocrx_word' id='word_1_459' title='bbox 1167 3410 1508 3480; x_wconf 78' lang='grc' dir='ltr'><strong>ὑμνήσαντες,</strong></span> <span class='ocrx_word' id='word_1_460' title='bbox 1585 3408 1793 3471; x_wconf 70' lang='grc' dir='ltr'><strong>ἐξῆλθον</strong></span> 
     </span>
    </p>
   </div>
   <div class='ocr_carea' id='block_1_68' title="bbox 178 3495 1794 3571">
    <p class='ocr_par' dir='ltr' id='par_1_68' title="bbox 178 3495 1794 3571">
     <span class='ocr_line' id='line_1_68' title="bbox 178 3495 1794 3571; baseline 0 -23"><span class='ocrx_word' id='word_1_461' title='bbox 178 3497 249 3556; x_wconf 87' lang='grc' dir='ltr'><strong>εἰς</strong></span> <span class='ocrx_word' id='word_1_462' title='bbox 321 3500 379 3547; x_wconf 83' lang='grc' dir='ltr'><strong>τὸ</strong></span> <span class='ocrx_word' id='word_1_463' title='bbox 430 3500 544 3567; x_wconf 75' lang='grc' dir='ltr'><strong>ὄρος</strong></span> <span class='ocrx_word' id='word_1_464' title='bbox 592 3505 691 3547; x_wconf 82' lang='grc' dir='ltr'><strong>τῶν</strong></span> <span class='ocrx_word' id='word_1_465' title='bbox 743 3495 960 3550; x_wconf 78' lang='grc' dir='ltr'><strong>Ἐλαιῶν</strong></span> <span class='ocrx_word' id='word_1_466' title='bbox 1015 3513 1028 3526; x_wconf 88' lang='grc'>⁶</span> <span class='ocrx_word' id='word_1_467' title='bbox 1075 3503 1164 3549; x_wconf 82' lang='grc' dir='ltr'><strong>καὶ</strong></span> <span class='ocrx_word' id='word_1_468' title='bbox 1222 3499 1459 3570; x_wconf 71' lang='grc' dir='ltr'><strong>εὑρήσεις</strong></span> <span class='ocrx_word' id='word_1_469' title='bbox 1506 3503 1622 3571; x_wconf 79' lang='grc' dir='ltr'><strong>περὶ</strong></span> <span class='ocrx_word' id='word_1_470' title='bbox 1673 3501 1794 3549; x_wconf 86' lang='grc' dir='ltr'><strong>πάν-</strong></span> 
     </span>
    </p>
   </div>
   <div class='ocr_carea' id='block_1_69' title="bbox 175 3582 1790 3658">
    <p class='ocr_par' dir='ltr' id='par_1_69' title="bbox 175 3582 1790 3658">
     <span class='ocr_line' id='line_1_69' title="bbox 175 3582 1790 3658; baseline 0.001 -21"><span class='ocrx_word' id='word_1_471' title='bbox 175 3605 285 3637; x_wconf 79' lang='grc' dir='ltr'><strong>των</strong></span> <span class='ocrx_word' id='word_1_472' title='bbox 343 3584 572 3656; x_wconf 72' lang='grc' dir='ltr'><strong>ἀκριϐῶς</strong></span> <span class='ocrx_word' id='word_1_473' title='bbox 623 3602 634 3614; x_wconf 88' lang='grc'><strong>·</strong></span> <span class='ocrx_word' id='word_1_474' title='bbox 688 3582 839 3638; x_wconf 70' lang='grc' dir='ltr'><strong>οὐδὶν</strong></span> <span class='ocrx_word' id='word_1_475' title='bbox 921 3589 1021 3658; x_wconf 82' lang='grc' dir='ltr'><strong>γὰρ</strong></span> <span class='ocrx_word' id='word_1_476' title='bbox 1095 3584 1427 3648; x_wconf 79' lang='grc' dir='ltr'><strong>ἀνεξέταστον</strong></span> <span class='ocrx_word' id='word_1_477' title='bbox 1493 3587 1790 3658; x_wconf 74' lang='grc' dir='ltr'><strong>ὑπελείφθη.</strong></span> 
     </span>
    </p>
   </div>
   <div class='ocr_carea' id='block_1_70' title="bbox 172 3670 1789 3747">
    <p class='ocr_par' dir='ltr' id='par_1_70' title="bbox 172 3670 1789 3747">
     <span class='ocr_line' id='line_1_70' title="bbox 172 3670 1789 3747; baseline -0.001 -20"><span class='ocrx_word' id='word_1_478' title='bbox 172 3679 248 3727; x_wconf 84' lang='grc' dir='ltr'><strong>Τὸ</strong></span> <span class='ocrx_word' id='word_1_479' title='bbox 309 3670 390 3739; x_wconf 75' lang='grc' dir='ltr'><strong>δὲ,</strong></span> <span class='ocrx_word' id='word_1_480' title='bbox 437 3678 492 3726; x_wconf 86' lang='grc' dir='ltr'><strong>τὸ</strong></span> <span class='ocrx_word' id='word_1_481' title='bbox 553 3675 678 3747; x_wconf 69' lang='grc' dir='ltr'><strong>ὑπὲρ</strong></span> <span class='ocrx_word' id='word_1_482' title='bbox 733 3675 875 3745; x_wconf 75' lang='grc' dir='ltr'><strong>ὑμῶν</strong></span> <span class='ocrx_word' id='word_1_483' title='bbox 944 3674 1305 3746; x_wconf 79' lang='grc' dir='ltr'><strong>ἐκχυνομενον,</strong></span> <span class='ocrx_word' id='word_1_484' title='bbox 1355 3679 1484 3747; x_wconf 79' lang='grc' dir='ltr'><strong>πρὸς</strong></span> <span class='ocrx_word' id='word_1_485' title='bbox 1533 3679 1588 3726; x_wconf 85' lang='grc' dir='ltr'><strong>τὸ</strong></span> <span class='ocrx_word' id='word_1_486' title='bbox 1634 3681 1789 3733; x_wconf 76' lang='grc' dir='ltr'><strong>ποτήο</strong></span> 
     </span>
    </p>
   </div>
   <div class='ocr_carea' id='block_1_71' title="bbox 173 3759 1791 3837">
    <p class='ocr_par' dir='ltr' id='par_1_71' title="bbox 173 3759 1791 3837">
     <span class='ocr_line' id='line_1_71' title="bbox 173 3759 1791 3837; baseline 0.001 -23"><span class='ocrx_word' id='word_1_487' title='bbox 173 3784 297 3837; x_wconf 87' lang='grc' dir='ltr'><strong>ριον</strong></span> <span class='ocrx_word' id='word_1_488' title='bbox 354 3760 702 3816; x_wconf 76' lang='grc' dir='ltr'><strong>άποδέδοται.</strong></span> <span class='ocrx_word' id='word_1_489' title='bbox 762 3767 831 3816; x_wconf 84' lang='grc' dir='ltr'><strong>Τὸ</strong></span> <span class='ocrx_word' id='word_1_490' title='bbox 881 3759 940 3815; x_wconf 65' lang='grc' dir='ltr'><strong>δὲ</strong></span> <span class='ocrx_word' id='word_1_491' title='bbox 992 3769 1240 3837; x_wconf 79' lang='grc' dir='ltr'><strong>ποτήριον</strong></span> <span class='ocrx_word' id='word_1_492' title='bbox 1314 3767 1370 3815; x_wconf 82' lang='grc' dir='ltr'><strong>τὸ</strong></span> <span class='ocrx_word' id='word_1_493' title='bbox 1448 3766 1579 3836; x_wconf 82' lang='grc' dir='ltr'><strong>αἷμα</strong></span> <span class='ocrx_word' id='word_1_494' title='bbox 1634 3764 1791 3816; x_wconf 70' lang='grc' dir='ltr'><strong>αὐτοῦ</strong></span> 
     </span>
    </p>
   </div>
   <div class='ocr_carea' id='block_1_72' title="bbox 174 3853 319 3906">
    <p class='ocr_par' dir='ltr' id='par_1_72' title="bbox 174 3853 319 3906">
     <span class='ocr_line' id='line_1_72' title="bbox 174 3853 319 3906; baseline -0.007 0"><span class='ocrx_word' id='word_1_495' title='bbox 174 3853 319 3906; x_wconf 77' lang='grc' dir='ltr'><strong>ἔστι.</strong></span> 
     </span>
    </p>
   </div>
   <div class='ocr_carea' id='block_1_73' title="bbox 255 3939 1789 4014">
    <p class='ocr_par' dir='ltr' id='par_1_73' title="bbox 255 3939 1789 4014">
     <span class='ocr_line' id='line_1_73' title="bbox 255 3939 1789 4014; baseline -0.001 -20"><span class='ocrx_word' id='word_1_496' title='bbox 255 3947 361 3994; x_wconf 75' lang='grc' dir='ltr'><strong>Καὶ</strong></span> <span class='ocrx_word' id='word_1_497' title='bbox 399 3972 459 3980; x_wconf 92' lang='grc'><strong><em>-</em></strong></span> <span class='ocrx_word' id='word_1_498' title='bbox 493 3939 874 4013; x_wconf 70' lang='grc' dir='ltr'><strong>παραδίδοται.</strong></span> <span class='ocrx_word' id='word_1_499' title='bbox 909 3947 1046 3999; x_wconf 79' lang='grc' dir='ltr'><strong>Φησὶ</strong></span> <span class='ocrx_word' id='word_1_500' title='bbox 1079 3945 1344 4004; x_wconf 85' lang='grc' dir='ltr'><strong>Ματθαίος</strong></span> <span class='ocrx_word' id='word_1_501' title='bbox 1375 3941 1421 3995; x_wconf 75' lang='grc' dir='ltr'><strong>ἓν</strong></span> <span class='ocrx_word' id='word_1_502' title='bbox 1437 3951 1505 4014; x_wconf 81' lang='grc' dir='ltr'><strong>τῷ</strong></span> <span class='ocrx_word' id='word_1_503' title='bbox 1529 3941 1789 4012; x_wconf 76' lang='grc' dir='ltr'><strong>ἑξηκοστῷ</strong></span> 
     </span>
    </p>
   </div>
   <div class='ocr_carea' id='block_1_74' title="bbox 172 4030 1785 4102">
    <p class='ocr_par' dir='ltr' id='par_1_74' title="bbox 172 4030 1785 4102">
     <span class='ocr_line' id='line_1_74' title="bbox 172 4030 1785 4102; baseline 0.001 -22"><span class='ocrx_word' id='word_1_504' title='bbox 172 4035 345 4101; x_wconf 74' lang='grc' dir='ltr'><strong>τρίτῳ</strong></span> <span class='ocrx_word' id='word_1_505' title='bbox 371 4030 632 4100; x_wconf 69' lang='grc' dir='ltr'><strong>κεφαλαίῳ</strong></span> <span class='ocrx_word' id='word_1_506' title='bbox 690 4051 702 4063; x_wconf 87' lang='grc'><strong>·</strong></span> <span class='ocrx_word' id='word_1_507' title='bbox 747 4030 806 4084; x_wconf 78' lang='grc' dir='ltr'><strong>Ὀ</strong></span> <span class='ocrx_word' id='word_1_508' title='bbox 853 4033 943 4102; x_wconf 71' lang='grc' dir='ltr'><strong>μὲν</strong></span> <span class='ocrx_word' id='word_1_509' title='bbox 975 4031 1094 4092; x_wconf 78' lang='grc' dir='ltr'><strong>Υἱὸς</strong></span> <span class='ocrx_word' id='word_1_510' title='bbox 1124 4039 1214 4082; x_wconf 82' lang='grc' dir='ltr'><strong>τοῦ</strong></span> <span class='ocrx_word' id='word_1_511' title='bbox 1250 4032 1518 4102; x_wconf 80' lang='grc' dir='ltr'><strong>ἀνθρώπου</strong></span> <span class='ocrx_word' id='word_1_512' title='bbox 1577 4034 1785 4102; x_wconf 76' lang='grc' dir='ltr'><strong>ὑπάγει,</strong></span> 
     </span>
    </p>
   </div>
   <div class='ocr_carea' id='block_1_75' title="bbox 170 4119 1787 4193">
    <p class='ocr_par' dir='ltr' id='par_1_75' title="bbox 170 4119 1787 4193">
     <span class='ocr_line' id='line_1_75' title="bbox 170 4119 1787 4193; baseline 0.002 -23"><span class='ocrx_word' id='word_1_513' title='bbox 170 4121 356 4178; x_wconf 78' lang='grc' dir='ltr'><strong>καθὼς</strong></span> <span class='ocrx_word' id='word_1_514' title='bbox 386 4124 676 4192; x_wconf 77' lang='grc' dir='ltr'><strong>γέγραπται</strong></span> <span class='ocrx_word' id='word_1_515' title='bbox 700 4125 817 4193; x_wconf 88' lang='grc' dir='ltr'><strong>περὶ</strong></span> <span class='ocrx_word' id='word_1_516' title='bbox 844 4119 1024 4185; x_wconf 71' lang='grc' dir='ltr'><strong>αὐτοῦ,</strong></span> <span class='ocrx_word' id='word_1_517' title='bbox 1058 4125 1146 4171; x_wconf 84' lang='grc' dir='ltr'><strong>καὶ</strong></span> <span class='ocrx_word' id='word_1_518' title='bbox 1177 4123 1242 4172; x_wconf 80' lang='grc' dir='ltr'><strong>τὰ</strong></span> <span class='ocrx_word' id='word_1_519' title='bbox 1289 4120 1370 4182; x_wconf 81' lang='grc' dir='ltr'><strong>ἐξῆ</strong></span> <span class='ocrx_word' id='word_1_520' title='bbox 1384 4137 1424 4181; x_wconf 80' lang='grc' dir='ltr'><strong>ς’</strong></span> <span class='ocrx_word' id='word_1_521' title='bbox 1450 4121 1553 4172; x_wconf 74' lang='grc' dir='ltr'><strong>ἐκεῖ</strong></span> <span class='ocrx_word' id='word_1_522' title='bbox 1585 4119 1671 4172; x_wconf 77' lang='grc' dir='ltr'><strong>οὖν</strong></span> <span class='ocrx_word' id='word_1_523' title='bbox 1698 4127 1787 4174; x_wconf 82' lang='grc' dir='ltr'><strong>καὶ</strong></span> 
     </span>
    </p>
   </div>
   <div class='ocr_carea' id='block_1_76' title="bbox 169 4210 827 4278">
    <p class='ocr_par' dir='ltr' id='par_1_76' title="bbox 169 4210 827 4278">
     <span class='ocr_line' id='line_1_76' title="bbox 169 4210 827 4278; baseline 0.005 -20"><span class='ocrx_word' id='word_1_524' title='bbox 169 4216 348 4259; x_wconf 74' lang='grc' dir='ltr'><strong>ταῦτα</strong></span> <span class='ocrx_word' id='word_1_525' title='bbox 376 4210 702 4278; x_wconf 74' lang='grc' dir='ltr'><strong>ἐσαφηνίσθη</strong></span> <span class='ocrx_word' id='word_1_526' title='bbox 713 4228 827 4262; x_wconf 89' lang='grc' dir='ltr'><strong>σαν.</strong></span> 
     </span>
    </p>
   </div>
   <div class='ocr_carea' id='block_1_77' title="bbox 247 4296 1786 4372">
    <p class='ocr_par' dir='ltr' id='par_1_77' title="bbox 247 4296 1786 4372">
     <span class='ocr_line' id='line_1_77' title="bbox 247 4296 1786 4372; baseline 0 -23"><span class='ocrx_word' id='word_1_527' title='bbox 247 4296 523 4349; x_wconf 67' lang='grc' dir='ltr'><strong>Καὶαὖτοὶ</strong></span> <span class='ocrx_word' id='word_1_528' title='bbox 552 4329 620 4336; x_wconf 90' lang='grc'><strong>-</strong></span> <span class='ocrx_word' id='word_1_529' title='bbox 664 4300 940 4372; x_wconf 87' lang='grc' dir='ltr'><strong>πράσσειν.</strong></span> <span class='ocrx_word' id='word_1_530' title='bbox 974 4300 1241 4360; x_wconf 88' lang='grc' dir='ltr'><strong>Ματθαίος</strong></span> <span class='ocrx_word' id='word_1_531' title='bbox 1296 4302 1386 4370; x_wconf 72' lang='grc' dir='ltr'><strong>μεν</strong></span> <span class='ocrx_word' id='word_1_532' title='bbox 1433 4304 1522 4350; x_wconf 84' lang='grc' dir='ltr'><strong>καὶ</strong></span> <span class='ocrx_word' id='word_1_533' title='bbox 1579 4301 1786 4370; x_wconf 88' lang='grc' dir='ltr'><strong>Μάρκος</strong></span> 
     </span>
    </p>
   </div>
   <div class='ocr_carea' id='block_1_78' title="bbox 173 4383 1862 4487">
    <p class='ocr_par' dir='ltr' id='par_1_78' title="bbox 173 4383 1862 4487">
     <span class='ocr_line' id='line_1_78' title="bbox 173 4383 1862 4487; baseline 0 -49"><span class='ocrx_word' id='word_1_534' title='bbox 173 4392 283 4458; x_wconf 75' lang='grc' dir='ltr'><strong>πρὸ</strong></span> <span class='ocrx_word' id='word_1_535' title='bbox 316 4394 417 4447; x_wconf 87' lang='grc' dir='ltr'><strong>τῆς</strong></span> <span class='ocrx_word' id='word_1_536' title='bbox 447 4383 699 4458; x_wconf 77' lang='grc' dir='ltr'><strong>διανομῆς</strong></span> <span class='ocrx_word' id='word_1_537' title='bbox 729 4394 819 4438; x_wconf 71' lang='grc' dir='ltr'><strong>τοῦ</strong></span> <span class='ocrx_word' id='word_1_538' title='bbox 863 4388 1019 4459; x_wconf 77' lang='grc' dir='ltr'><strong>ἄρτου</strong></span> <span class='ocrx_word' id='word_1_539' title='bbox 1049 4392 1138 4440; x_wconf 78' lang='grc' dir='ltr'><strong>καὶ</strong></span> <span class='ocrx_word' id='word_1_540' title='bbox 1193 4396 1285 4440; x_wconf 71' lang='grc' dir='ltr'><strong>τοῦ</strong></span> <span class='ocrx_word' id='word_1_541' title='bbox 1332 4394 1585 4460; x_wconf 84' lang='grc' dir='ltr'><strong>ποτηρίου</strong></span> <span class='ocrx_word' id='word_1_542' title='bbox 1631 4395 1786 4459; x_wconf 69' lang='grc' dir='ltr'><strong>φασιν</strong></span> <span class='ocrx_word' id='word_1_543' title='bbox 1821 4433 1862 4487; x_wconf 81' lang='lat' dir='ltr'>D</span> 
     </span>
     <span class='ocr_line' id='line_1_79' title="bbox 225 4471 1777 4487; baseline 0 0"><span class='ocrx_word' id='word_1_544' title='bbox 225 4477 238 4487; x_wconf 92' lang='lat'><strong>.</strong></span> <span class='ocrx_word' id='word_1_545' title='bbox 328 4479 337 4487; x_wconf 89' lang='lat'><strong>.</strong></span> <span class='ocrx_word' id='word_1_546' title='bbox 446 4471 465 4487; x_wconf 83' lang='lat'><strong>.</strong></span> <span class='ocrx_word' id='word_1_547' title='bbox 675 4477 730 4487; x_wconf 48' lang='grc' dir='ltr'>η</span> <span class='ocrx_word' id='word_1_548' title='bbox 973 4481 980 4487; x_wconf 88' lang='grc'><strong>.</strong></span> <span class='ocrx_word' id='word_1_549' title='bbox 1106 4479 1116 4487; x_wconf 94' lang='grc'><strong><em>,</em></strong></span> <span class='ocrx_word' id='word_1_550' title='bbox 1342 4483 1348 4487; x_wconf 86' lang='grc'><strong>.</strong></span> <span class='ocrx_word' id='word_1_551' title='bbox 1482 4483 1499 4487; x_wconf 87' lang='grc'><strong>-</strong></span> <span class='ocrx_word' id='word_1_552' title='bbox 1601 4473 1633 4487; x_wconf 66' lang='grc' dir='ltr'><strong>ι.</strong></span> <span class='ocrx_word' id='word_1_553' title='bbox 1769 4482 1777 4487; x_wconf 82' lang='lat'><strong>.</strong></span> 
     </span>
    </p>
   </div>
   <div class='ocr_carea' id='block_1_79' title="bbox 173 4471 1787 4548">
    <p class='ocr_par' dir='ltr' id='par_1_79' title="bbox 173 4471 1787 4548">
     <span class='ocr_line' id='line_1_80' title="bbox 173 4471 1787 4548; baseline 0 -21"><span class='ocrx_word' id='word_1_554' title='bbox 173 4477 378 4535; x_wconf 66' lang='grc' dir='ltr'><strong>αὐτοὺς</strong></span> <span class='ocrx_word' id='word_1_555' title='bbox 433 4471 821 4547; x_wconf 82' lang='grc' dir='ltr'><strong>διαπορηθῆναι</strong></span> <span class='ocrx_word' id='word_1_556' title='bbox 873 4481 988 4548; x_wconf 80' lang='grc' dir='ltr'><strong>περὶ</strong></span> <span class='ocrx_word' id='word_1_557' title='bbox 1033 4479 1218 4528; x_wconf 73' lang='grc' dir='ltr'><strong>τούτου</strong></span> <span class='ocrx_word' id='word_1_558' title='bbox 1254 4494 1264 4506; x_wconf 88' lang='grc'><strong>·</strong></span> <span class='ocrx_word' id='word_1_559' title='bbox 1323 4483 1531 4537; x_wconf 80' lang='grc' dir='ltr'><strong>Λουκᾶς</strong></span> <span class='ocrx_word' id='word_1_560' title='bbox 1589 4473 1648 4529; x_wconf 75' lang='grc' dir='ltr'><strong>δὲ</strong></span> <span class='ocrx_word' id='word_1_561' title='bbox 1697 4482 1787 4528; x_wconf 84' lang='grc' dir='ltr'><strong>καὶ</strong></span> 
     </span>
    </p>
   </div>
   <div class='ocr_carea' id='block_1_80' title="bbox 169 4561 1786 4640">
    <p class='ocr_par' dir='ltr' id='par_1_80' title="bbox 169 4561 1786 4640">
     <span class='ocr_line' id='line_1_81' title="bbox 169 4561 1786 4640; baseline 0.001 -25"><span class='ocrx_word' id='word_1_562' title='bbox 169 4567 427 4623; x_wconf 83' lang='grc' dir='ltr'><strong>Ἰωάννης</strong></span> <span class='ocrx_word' id='word_1_563' title='bbox 455 4568 583 4633; x_wconf 74' lang='grc' dir='ltr'><strong>μετὰ</strong></span> <span class='ocrx_word' id='word_1_564' title='bbox 603 4569 696 4622; x_wconf 84' lang='grc' dir='ltr'><strong>τήν</strong></span> <span class='ocrx_word' id='word_1_565' title='bbox 724 4561 997 4635; x_wconf 77' lang='grc' dir='ltr'><strong>διανομήν.</strong></span> <span class='ocrx_word' id='word_1_566' title='bbox 1033 4565 1190 4622; x_wconf 75' lang='grc' dir='ltr'><strong>Δῆλον</strong></span> <span class='ocrx_word' id='word_1_567' title='bbox 1223 4562 1309 4617; x_wconf 75' lang='grc' dir='ltr'><strong>οὖν</strong></span> <span class='ocrx_word' id='word_1_568' title='bbox 1364 4568 1440 4617; x_wconf 83' lang='grc' dir='ltr'><strong>ὅτι</strong></span> <span class='ocrx_word' id='word_1_569' title='bbox 1467 4571 1554 4617; x_wconf 81' lang='grc' dir='ltr'><strong>καὶ</strong></span> <span class='ocrx_word' id='word_1_570' title='bbox 1586 4575 1786 4640; x_wconf 84' lang='grc' dir='ltr'><strong>πρῶτον</strong></span> 
     </span>
    </p>
   </div>
   <div class='ocr_carea' id='block_1_81' title="bbox 169 4654 906 4724">
    <p class='ocr_par' dir='ltr' id='par_1_81' title="bbox 169 4654 906 4724">
     <span class='ocr_line' id='line_1_82' title="bbox 169 4654 906 4724; baseline 0 -19"><span class='ocrx_word' id='word_1_571' title='bbox 169 4660 264 4706; x_wconf 82' lang='grc' dir='ltr'><strong>καὶ</strong></span> <span class='ocrx_word' id='word_1_572' title='bbox 293 4654 511 4724; x_wconf 71' lang='grc' dir='ltr'><strong>ὕστερον</strong></span> <span class='ocrx_word' id='word_1_573' title='bbox 540 4661 693 4704; x_wconf 78' lang='grc' dir='ltr'><strong>τουτο</strong></span> <span class='ocrx_word' id='word_1_574' title='bbox 712 4658 906 4724; x_wconf 75' lang='grc' dir='ltr'><strong>γέγονε.</strong></span> 
     </span>
    </p>
   </div>
   <div class='ocr_carea' id='block_1_82' title="bbox 249 4741 1702 4814">
    <p class='ocr_par' dir='ltr' id='par_1_82' title="bbox 249 4741 1702 4814">
     <span class='ocr_line' id='line_1_83' title="bbox 249 4741 1702 4814; baseline -0.001 -18"><span class='ocrx_word' id='word_1_575' title='bbox 249 4749 405 4796; x_wconf 70' lang='grc' dir='ltr'><strong>ΚΕΦ.</strong></span> <span class='ocrx_word' id='word_1_576' title='bbox 437 4741 555 4796; x_wconf 86' lang='grc' dir='ltr'><strong>ΟΖ’.</strong></span> <span class='ocrx_word' id='word_1_577' title='bbox 588 4747 712 4814; x_wconf 83' lang='grc' dir='ltr'><strong>Περὶ</strong></span> <span class='ocrx_word' id='word_1_578' title='bbox 740 4751 839 4793; x_wconf 79' lang='grc' dir='ltr'><strong>τῶν</strong></span> <span class='ocrx_word' id='word_1_579' title='bbox 869 4741 1330 4810; x_wconf 72' lang='grc' dir='ltr'><strong>φιλονεικησάντων</strong></span> <span class='ocrx_word' id='word_1_580' title='bbox 1379 4749 1453 4803; x_wconf 87' lang='grc' dir='ltr'><strong>τίς</strong></span> <span class='ocrx_word' id='word_1_581' title='bbox 1489 4748 1702 4814; x_wconf 80' lang='grc' dir='ltr'><strong>μείζων,</strong></span> 
     </span>
    </p>
   </div>
   <div class='ocr_carea' id='block_1_83' title="bbox 249 4831 1786 4906">
    <p class='ocr_par' dir='ltr' id='par_1_83' title="bbox 249 4831 1786 4906">
     <span class='ocr_line' id='line_1_84' title="bbox 249 4831 1786 4906; baseline 0 -22"><span class='ocrx_word' id='word_1_582' title='bbox 249 4833 488 4902; x_wconf 81' lang='grc' dir='ltr'><strong>Ἐγένετο</strong></span> <span class='ocrx_word' id='word_1_583' title='bbox 544 4861 613 4870; x_wconf 93' lang='lat'><em>—</em></span> <span class='ocrx_word' id='word_1_584' title='bbox 673 4831 882 4901; x_wconf 78' lang='grc' dir='ltr'><strong>μείζων.</strong></span> <span class='ocrx_word' id='word_1_585' title='bbox 941 4837 1040 4883; x_wconf 80' lang='grc' dir='ltr'><strong>Καὶ</strong></span> <span class='ocrx_word' id='word_1_586' title='bbox 1111 4832 1287 4885; x_wconf 68' lang='grc' dir='ltr'><strong>ἄλλοτε</strong></span> <span class='ocrx_word' id='word_1_587' title='bbox 1367 4838 1478 4906; x_wconf 80' lang='grc' dir='ltr'><strong>περὶ</strong></span> <span class='ocrx_word' id='word_1_588' title='bbox 1549 4838 1786 4885; x_wconf 70' lang='grc' dir='ltr'><strong>τοιούτου</strong></span> 
     </span>
    </p>
   </div>
   <div class='ocr_carea' id='block_1_84' title="bbox 170 4917 1158 4994">
    <p class='ocr_par' dir='ltr' id='par_1_84' title="bbox 170 4917 1158 4994">
     <span class='ocr_line' id='line_1_85' title="bbox 170 4917 1158 4994; baseline -0.002 -20"><span class='ocrx_word' id='word_1_589' title='bbox 170 4922 492 4994; x_wconf 78' lang='grc' dir='ltr'><strong>πράγματος</strong></span> <span class='ocrx_word' id='word_1_590' title='bbox 606 4917 757 4971; x_wconf 76' lang='grc' dir='ltr'><strong>ἕπολυ</strong></span> <span class='ocrx_word' id='word_1_591' title='bbox 765 4939 829 4991; x_wconf 90' lang='grc' dir='ltr'><strong>πρ</strong></span> <span class='ocrx_word' id='word_1_592' title='bbox 837 4939 902 4990; x_wconf 81' lang='grc' dir='ltr'>αγ</span> <span class='ocrx_word' id='word_1_593' title='bbox 907 4925 1035 4988; x_wconf 78' lang='grc' dir='ltr'><strong>μόνη</strong></span> <span class='ocrx_word' id='word_1_594' title='bbox 1045 4940 1138 4972; x_wconf 87' lang='grc' dir='ltr'><strong>σαν</strong></span> <span class='ocrx_word' id='word_1_595' title='bbox 1147 4963 1158 4985; x_wconf 87' lang='grc'><strong>,</strong></span> 
     </span>
    </p>
   </div>
   <div class='ocr_carea' id='block_1_85' title="bbox 170 5006 1788 5086">
    <p class='ocr_par' dir='ltr' id='par_1_85' title="bbox 170 5006 1788 5086">
     <span class='ocr_line' id='line_1_86' title="bbox 170 5006 1788 5086; baseline 0.002 -26"><span class='ocrx_word' id='word_1_596' title='bbox 170 5009 384 5086; x_wconf 62' lang='grc' dir='ltr'><strong>ἔγραψε</strong></span> <span class='ocrx_word' id='word_1_597' title='bbox 435 5009 697 5069; x_wconf 84' lang='grc' dir='ltr'><strong>Ματθαίος</strong></span> <span class='ocrx_word' id='word_1_598' title='bbox 763 5006 812 5059; x_wconf 76' lang='grc' dir='ltr'><strong>ἐν</strong></span> <span class='ocrx_word' id='word_1_599' title='bbox 866 5015 936 5059; x_wconf 85' lang='grc' dir='ltr'><strong>τῶ</strong></span> <span class='ocrx_word' id='word_1_600' title='bbox 1019 5019 1310 5083; x_wconf 84' lang='grc' dir='ltr'><strong>τριακοστῴ</strong></span> <span class='ocrx_word' id='word_1_601' title='bbox 1381 5007 1587 5082; x_wconf 76' lang='grc' dir='ltr'><strong>ἑϐδόμῳ</strong></span> <span class='ocrx_word' id='word_1_602' title='bbox 1639 5031 1788 5084; x_wconf 71' lang='grc' dir='ltr'><strong>κεφα·</strong></span> 
     </span>
    </p>
   </div>
   <div class='ocr_carea' id='block_1_86' title="bbox 1267 4924 1781 4994">
    <p class='ocr_par' dir='ltr' id='par_1_86' title="bbox 1267 4924 1781 4994">
     <span class='ocr_line' id='line_1_87' title="bbox 1267 4924 1781 4994; baseline 0 -22"><span class='ocrx_word' id='word_1_603' title='bbox 1267 4924 1332 4982; x_wconf 85' lang='grc' dir='ltr'><strong>ὡς</strong></span> <span class='ocrx_word' id='word_1_604' title='bbox 1442 4929 1781 4994; x_wconf 80' lang='grc' dir='ltr'><strong>φανερώτερον</strong></span> 
     </span>
    </p>
   </div>
   <div class='ocr_carea' id='block_1_87' title="bbox 243 5185 1392 5248">
    <p class='ocr_par' dir='ltr' id='par_1_87' title="bbox 243 5185 1392 5248">
     <span class='ocr_line' id='line_1_88' title="bbox 243 5185 1392 5248; baseline -0.002 -5"><span class='ocrx_word' id='word_1_605' title='bbox 243 5189 300 5224; x_wconf 79' lang='grc'><strong>⁸³</strong></span> <span class='ocrx_word' id='word_1_606' title='bbox 347 5185 547 5243; x_wconf 79' lang='lat' dir='ltr'><strong>Matth.</strong></span> <span class='ocrx_word' id='word_1_607' title='bbox 615 5201 768 5248; x_wconf 75' lang='lat' dir='ltr'><strong>XXVI,</strong></span> <span class='ocrx_word' id='word_1_608' title='bbox 826 5187 913 5242; x_wconf 84' lang='grc'><strong>18.</strong></span> <span class='ocrx_word' id='word_1_609' title='bbox 1029 5190 1074 5222; x_wconf 81' lang='grc'>⁸³</span> <span class='ocrx_word' id='word_1_610' title='bbox 1127 5187 1274 5242; x_wconf 88' lang='lat' dir='ltr'><strong>Ibid.</strong></span> <span class='ocrx_word' id='word_1_611' title='bbox 1304 5189 1392 5243; x_wconf 78' lang='lat'><strong>20.</strong></span> 
     </span>
    </p>
   </div>
   <div class='ocr_carea' id='block_1_88' title="bbox 167 5257 1418 5324">
    <p class='ocr_par' dir='ltr' id='par_1_88' title="bbox 167 5257 1418 5324">
     <span class='ocr_line' id='line_1_89' title="bbox 167 5257 1418 5324; baseline 0.001 -10"><span class='ocrx_word' id='word_1_612' title='bbox 167 5262 242 5315; x_wconf 77' lang='lat'><strong>22</strong></span> <span class='ocrx_word' id='word_1_613' title='bbox 296 5275 310 5324; x_wconf 93' lang='lat'><strong>;</strong></span> <span class='ocrx_word' id='word_1_614' title='bbox 351 5260 527 5314; x_wconf 74' lang='lat' dir='ltr'><strong>Marc.</strong></span> <span class='ocrx_word' id='word_1_615' title='bbox 558 5274 676 5312; x_wconf 80' lang='lat' dir='ltr'><strong>xiv.</strong></span> <span class='ocrx_word' id='word_1_616' title='bbox 713 5257 792 5313; x_wconf 89' lang='grc'><strong>19.</strong></span> <span class='ocrx_word' id='word_1_617' title='bbox 889 5260 936 5294; x_wconf 74' lang='grc'><strong><em>⁸⁸</em></strong></span> <span class='ocrx_word' id='word_1_618' title='bbox 966 5259 1135 5314; x_wconf 85' lang='lat' dir='ltr'><strong>Joan.</strong></span> <span class='ocrx_word' id='word_1_619' title='bbox 1165 5275 1280 5324; x_wconf 85' lang='lat' dir='ltr'><strong>xm,</strong></span> <span class='ocrx_word' id='word_1_620' title='bbox 1329 5260 1418 5315; x_wconf 76' lang='lat'><strong>22.</strong></span> 
     </span>
    </p>
   </div>
   <div class='ocr_carea' id='block_1_89' title="bbox 1498 5187 1854 5246">
    <p class='ocr_par' dir='ltr' id='par_1_89' title="bbox 1498 5187 1854 5246">
     <span class='ocr_line' id='line_1_90' title="bbox 1498 5187 1854 5246; baseline 0.011 -3"><span class='ocrx_word' id='word_1_621' title='bbox 1498 5190 1546 5226; x_wconf 76' lang='grc'>⁶⁴</span> <span class='ocrx_word' id='word_1_622' title='bbox 1583 5187 1726 5244; x_wconf 87' lang='lat' dir='ltr'><strong>Ibid.</strong></span> <span class='ocrx_word' id='word_1_623' title='bbox 1766 5193 1854 5246; x_wconf 84' lang='lat'><strong>29.</strong></span> 
     </span>
    </p>
   </div>
   <div class='ocr_carea' id='block_1_90' title="bbox 1906 3135 3569 3212">
    <p class='ocr_par' dir='ltr' id='par_1_90' title="bbox 1906 3135 3569 3212">
     <span class='ocr_line' id='line_1_91' title="bbox 1906 3135 3569 3212; baseline -0.004 -17"><span class='ocrx_word' id='word_1_624' title='bbox 1906 3141 2188 3212; x_wconf 64' lang='lat' dir='ltr'><strong>praedicto</strong></span> <span class='ocrx_word' id='word_1_625' title='bbox 2218 3140 2409 3211; x_wconf 90' lang='lat' dir='ltr'><strong>capite</strong></span> <span class='ocrx_word' id='word_1_626' title='bbox 2435 3138 2575 3195; x_wconf 91' lang='lat' dir='ltr'><strong>dicti</strong></span> <span class='ocrx_word' id='word_1_627' title='bbox 2594 3139 2749 3193; x_wconf 89' lang='lat' dir='ltr'><strong>illius</strong></span> <span class='ocrx_word' id='word_1_628' title='bbox 2774 3136 3236 3200; x_wconf 88' lang='lat' dir='ltr'><strong>enarrationem,</strong></span> <span class='ocrx_word' id='word_1_629' title='bbox 3254 3135 3569 3190; x_wconf 84' lang='lat' dir='ltr'><strong>Edentibus</strong></span> 
     </span>
    </p>
   </div>
   <div class='ocr_carea' id='block_1_91' title="bbox 1902 3224 3565 3298">
    <p class='ocr_par' dir='ltr' id='par_1_91' title="bbox 1902 3224 3565 3298">
     <span class='ocr_line' id='line_1_92' title="bbox 1902 3224 3565 3298; baseline -0.004 -12"><span class='ocrx_word' id='word_1_630' title='bbox 1902 3237 2098 3286; x_wconf 85' lang='lat' dir='ltr'><strong>autem</strong></span> <span class='ocrx_word' id='word_1_631' title='bbox 2125 3229 2259 3297; x_wconf 84' lang='lat' dir='ltr'><strong>illis,</strong></span> <span class='ocrx_word' id='word_1_632' title='bbox 2287 3234 2524 3298; x_wconf 85' lang='lat' dir='ltr'><strong>sumpto</strong></span> <span class='ocrx_word' id='word_1_633' title='bbox 2548 3230 2718 3284; x_wconf 85' lang='lat' dir='ltr'><strong>Jesus</strong></span> <span class='ocrx_word' id='word_1_634' title='bbox 2737 3242 2914 3296; x_wconf 84' lang='lat' dir='ltr'><strong>pane,</strong></span> <span class='ocrx_word' id='word_1_635' title='bbox 2934 3242 3060 3281; x_wconf 84' lang='lat' dir='ltr'><strong>cum</strong></span> <span class='ocrx_word' id='word_1_636' title='bbox 3087 3224 3313 3296; x_wconf 81' lang='lat' dir='ltr'><strong>gratias</strong></span> <span class='ocrx_word' id='word_1_637' title='bbox 3333 3224 3565 3295; x_wconf 80' lang='lat' dir='ltr'><strong>egisset,</strong></span> 
     </span>
    </p>
   </div>
   <div class='ocr_carea' id='block_1_92' title="bbox 1898 3315 3568 3390">
    <p class='ocr_par' dir='ltr' id='par_1_92' title="bbox 1898 3315 3568 3390">
     <span class='ocr_line' id='line_1_93' title="bbox 1898 3315 3568 3390; baseline -0.003 -17"><span class='ocrx_word' id='word_1_638' title='bbox 1898 3321 2100 3390; x_wconf 81' lang='lat' dir='ltr'><strong>fregit,</strong></span> <span class='ocrx_word' id='word_1_639' title='bbox 2149 3319 2427 3388; x_wconf 84' lang='lat' dir='ltr'><strong>deditque</strong></span> <span class='ocrx_word' id='word_1_640' title='bbox 2473 3317 2784 3385; x_wconf 81' lang='lat' dir='ltr'><strong>discipulis</strong></span> <span class='ocrx_word' id='word_1_641' title='bbox 2814 3319 2906 3381; x_wconf 83' lang='grc'><strong>⁶⁵;</strong></span> <span class='ocrx_word' id='word_1_642' title='bbox 2959 3315 3225 3370; x_wconf 89' lang='lat' dir='ltr'><strong>similiter</strong></span> <span class='ocrx_word' id='word_1_643' title='bbox 3273 3319 3472 3368; x_wconf 89' lang='lat' dir='ltr'><strong>autem</strong></span> <span class='ocrx_word' id='word_1_644' title='bbox 3513 3317 3568 3368; x_wconf 90' lang='lat' dir='ltr'><strong>et</strong></span> 
     </span>
    </p>
   </div>
   <div class='ocr_carea' id='block_1_93' title="bbox 1903 3401 3565 3480">
    <p class='ocr_par' dir='ltr' id='par_1_93' title="bbox 1903 3401 3565 3480">
     <span class='ocr_line' id='line_1_94' title="bbox 1903 3401 3565 3480; baseline -0.005 -17"><span class='ocrx_word' id='word_1_645' title='bbox 1903 3413 2212 3480; x_wconf 86' lang='lat' dir='ltr'><strong>sequentes</strong></span> <span class='ocrx_word' id='word_1_646' title='bbox 2266 3405 2779 3478; x_wconf 85' lang='lat' dir='ltr'><strong>interpretationes</strong></span> <span class='ocrx_word' id='word_1_647' title='bbox 2834 3421 3020 3477; x_wconf 84' lang='lat' dir='ltr'><strong>usque</strong></span> <span class='ocrx_word' id='word_1_648' title='bbox 3052 3404 3129 3459; x_wconf 91' lang='lat' dir='ltr'><strong>ad</strong></span> <span class='ocrx_word' id='word_1_649' title='bbox 3177 3419 3316 3458; x_wconf 89' lang='lat' dir='ltr'><strong>cum</strong></span> <span class='ocrx_word' id='word_1_650' title='bbox 3370 3401 3565 3456; x_wconf 87' lang='lat' dir='ltr'><strong>locum</strong></span> 
     </span>
    </p>
   </div>
   <div class='ocr_carea' id='block_1_94' title="bbox 1903 3494 3567 3570">
    <p class='ocr_par' dir='ltr' id='par_1_94' title="bbox 1903 3494 3567 3570">
     <span class='ocr_line' id='line_1_95' title="bbox 1903 3494 3567 3570; baseline -0.004 -18"><span class='ocrx_word' id='word_1_651' title='bbox 1903 3513 2026 3570; x_wconf 91' lang='lat' dir='ltr'><strong>quo</strong></span> <span class='ocrx_word' id='word_1_652' title='bbox 2047 3497 2294 3553; x_wconf 86' lang='lat' dir='ltr'><strong>dicitur:</strong></span> <span class='ocrx_word' id='word_1_653' title='bbox 2319 3497 2392 3551; x_wconf 85' lang='lat' dir='ltr'><strong>Et</strong></span> <span class='ocrx_word' id='word_1_654' title='bbox 2413 3497 2588 3552; x_wconf 85' lang='lat' dir='ltr'><strong>dictis</strong></span> <span class='ocrx_word' id='word_1_655' title='bbox 2614 3495 2906 3561; x_wconf 77' lang='lat' dir='ltr'><strong>laudibus,</strong></span> <span class='ocrx_word' id='word_1_656' title='bbox 2940 3494 3203 3551; x_wconf 77' lang='lat' dir='ltr'><strong>exierunt</strong></span> <span class='ocrx_word' id='word_1_657' title='bbox 3231 3494 3295 3547; x_wconf 87' lang='lat' dir='ltr'><strong>in</strong></span> <span class='ocrx_word' id='word_1_658' title='bbox 3312 3497 3567 3548; x_wconf 85' lang='lat' dir='ltr'><strong>montem</strong></span> 
     </span>
    </p>
   </div>
   <div class='ocr_carea' id='block_1_95' title="bbox 1903 3580 3562 3651">
    <p class='ocr_par' dir='ltr' id='par_1_95' title="bbox 1903 3580 3562 3651">
     <span class='ocr_line' id='line_1_96' title="bbox 1903 3580 3562 3651; baseline -0.005 -9"><span class='ocrx_word' id='word_1_659' title='bbox 1903 3587 2206 3642; x_wconf 79' lang='lat' dir='ltr'><strong>Oliuarum</strong></span> <span class='ocrx_word' id='word_1_660' title='bbox 2233 3588 2318 3651; x_wconf 81' lang='grc'><strong>⁶⁶;</strong></span> <span class='ocrx_word' id='word_1_661' title='bbox 2352 3591 2408 3641; x_wconf 88' lang='lat' dir='ltr'><strong>et</strong></span> <span class='ocrx_word' id='word_1_662' title='bbox 2445 3586 2520 3640; x_wconf 92' lang='lat' dir='ltr'><strong>de</strong></span> <span class='ocrx_word' id='word_1_663' title='bbox 2547 3585 2639 3641; x_wconf 89' lang='lat' dir='ltr'><strong>his</strong></span> <span class='ocrx_word' id='word_1_664' title='bbox 2671 3585 2955 3640; x_wconf 90' lang='lat' dir='ltr'><strong>omnibus</strong></span> <span class='ocrx_word' id='word_1_665' title='bbox 3003 3587 3210 3638; x_wconf 83' lang='lat' dir='ltr'><strong>exacte</strong></span> <span class='ocrx_word' id='word_1_666' title='bbox 3249 3580 3514 3637; x_wconf 89' lang='lat' dir='ltr'><strong>invenies</strong></span> <span class='ocrx_word' id='word_1_667' title='bbox 3549 3594 3562 3634; x_wconf 89' lang='lat'>:</span> 
     </span>
    </p>
   </div>
   <div class='ocr_carea' id='block_1_96' title="bbox 1902 3669 3566 3738">
    <p class='ocr_par' dir='ltr' id='par_1_96' title="bbox 1902 3669 3566 3738">
     <span class='ocr_line' id='line_1_97' title="bbox 1902 3669 3566 3738; baseline -0.005 -6"><span class='ocrx_word' id='word_1_668' title='bbox 1902 3675 2051 3732; x_wconf 88' lang='lat' dir='ltr'><strong>nihil</strong></span> <span class='ocrx_word' id='word_1_669' title='bbox 2105 3675 2266 3732; x_wconf 89' lang='lat' dir='ltr'><strong>enim</strong></span> <span class='ocrx_word' id='word_1_670' title='bbox 2315 3674 2708 3730; x_wconf 87' lang='lat' dir='ltr'><strong>indiscussum</strong></span> <span class='ocrx_word' id='word_1_671' title='bbox 2758 3674 3025 3729; x_wconf 88' lang='lat' dir='ltr'><strong>relictum</strong></span> <span class='ocrx_word' id='word_1_672' title='bbox 3077 3679 3181 3728; x_wconf 90' lang='lat' dir='ltr'><strong>est.</strong></span> <span class='ocrx_word' id='word_1_673' title='bbox 3216 3669 3385 3738; x_wconf 86' lang='lat' dir='ltr'><strong>Quod</strong></span> <span class='ocrx_word' id='word_1_674' title='bbox 3425 3684 3566 3724; x_wconf 86' lang='lat' dir='ltr'><strong>vero</strong></span> 
     </span>
    </p>
   </div>
   <div class='ocr_carea' id='block_1_97' title="bbox 1900 3757 3564 3836">
    <p class='ocr_par' dir='ltr' id='par_1_97' title="bbox 1900 3757 3564 3836">
     <span class='ocr_line' id='line_1_98' title="bbox 1900 3757 3564 3836; baseline -0.005 -17"><span class='ocrx_word' id='word_1_675' title='bbox 1900 3765 2134 3830; x_wconf 87' lang='lat' dir='ltr'><strong>dicitur,</strong></span> <span class='ocrx_word' id='word_1_676' title='bbox 2177 3765 2332 3836; x_wconf 88' lang='lat' dir='ltr'><strong>quod</strong></span> <span class='ocrx_word' id='word_1_677' title='bbox 2386 3780 2496 3834; x_wconf 84' lang='lat' dir='ltr'><strong>pro</strong></span> <span class='ocrx_word' id='word_1_678' title='bbox 2549 3763 2710 3821; x_wconf 84' lang='lat' dir='ltr'><strong>vobis</strong></span> <span class='ocrx_word' id='word_1_679' title='bbox 2761 3763 3108 3833; x_wconf 75' lang='lat' dir='ltr'><strong>effunditur,</strong></span> <span class='ocrx_word' id='word_1_680' title='bbox 3158 3760 3237 3817; x_wconf 92' lang='lat' dir='ltr'><strong>ad</strong></span> <span class='ocrx_word' id='word_1_681' title='bbox 3284 3757 3564 3830; x_wconf 87' lang='lat' dir='ltr'><strong>poculum</strong></span> 
     </span>
    </p>
   </div>
   <div class='ocr_carea' id='block_1_98' title="bbox 1899 3848 3562 3926">
    <p class='ocr_par' dir='ltr' id='par_1_98' title="bbox 1899 3848 3562 3926">
     <span class='ocr_line' id='line_1_99' title="bbox 1899 3848 3562 3926; baseline -0.005 -16"><span class='ocrx_word' id='word_1_682' title='bbox 1899 3855 2276 3911; x_wconf 86' lang='lat' dir='ltr'><strong>referendum</strong></span> <span class='ocrx_word' id='word_1_683' title='bbox 2309 3858 2394 3910; x_wconf 89' lang='lat' dir='ltr'><strong>est</strong></span> <span class='ocrx_word' id='word_1_684' title='bbox 2427 3869 2440 3918; x_wconf 91' lang='lat'><strong>;</strong></span> <span class='ocrx_word' id='word_1_685' title='bbox 2473 3869 2652 3926; x_wconf 90' lang='lat' dir='ltr'><strong>porro</strong></span> <span class='ocrx_word' id='word_1_686' title='bbox 2683 3854 2965 3926; x_wconf 88' lang='lat' dir='ltr'><strong>poculum</strong></span> <span class='ocrx_word' id='word_1_687' title='bbox 2995 3857 3084 3908; x_wconf 90' lang='lat' dir='ltr'><strong>est</strong></span> <span class='ocrx_word' id='word_1_688' title='bbox 3131 3848 3382 3920; x_wconf 82' lang='lat' dir='ltr'><strong>sanguis</strong></span> <span class='ocrx_word' id='word_1_689' title='bbox 3412 3848 3562 3918; x_wconf 86' lang='lat' dir='ltr'><strong>ejus.</strong></span> 
     </span>
    </p>
   </div>
   <div class='ocr_carea' id='block_1_99' title="bbox 1971 3936 3564 4010">
    <p class='ocr_par' dir='ltr' id='par_1_99' title="bbox 1971 3936 3564 4010">
     <span class='ocr_line' id='line_1_100' title="bbox 1971 3936 3564 4010; baseline -0.005 -11"><span class='ocrx_word' id='word_1_690' title='bbox 1971 3945 2134 3999; x_wconf 89' lang='lat' dir='ltr'><strong>Vers.</strong></span> <span class='ocrx_word' id='word_1_691' title='bbox 2171 3948 2256 3998; x_wconf 77' lang='lat'><strong>2&#39;2.</strong></span> <span class='ocrx_word' id='word_1_692' title='bbox 2289 3945 2365 3998; x_wconf 84' lang='lat' dir='ltr'><strong>Et</strong></span> <span class='ocrx_word' id='word_1_693' title='bbox 2389 3975 2457 3983; x_wconf 95' lang='lat'>—</span> <span class='ocrx_word' id='word_1_694' title='bbox 2481 3943 2765 4000; x_wconf 85' lang='lat' dir='ltr'><strong>traditur.</strong></span> <span class='ocrx_word' id='word_1_695' title='bbox 2826 3942 3132 3999; x_wconf 68' lang='lat' dir='ltr'><strong>Matthaaus</strong></span> <span class='ocrx_word' id='word_1_696' title='bbox 3191 3936 3564 4010; x_wconf 80' lang='lat' dir='ltr'><strong>sexagesimo</strong></span> 
     </span>
    </p>
   </div>
   <div class='ocr_carea' id='block_1_100' title="bbox 1897 4025 3560 4104">
    <p class='ocr_par' dir='ltr' id='par_1_100' title="bbox 1897 4025 3560 4104">
     <span class='ocr_line' id='line_1_101' title="bbox 1897 4025 3560 4104; baseline -0.005 -16"><span class='ocrx_word' id='word_1_697' title='bbox 1897 4033 2066 4089; x_wconf 89' lang='lat' dir='ltr'><strong>tertio</strong></span> <span class='ocrx_word' id='word_1_698' title='bbox 2097 4032 2287 4104; x_wconf 80' lang='lat' dir='ltr'><strong>capite</strong></span> <span class='ocrx_word' id='word_1_699' title='bbox 2317 4032 2399 4087; x_wconf 92' lang='lat' dir='ltr'><strong>sic</strong></span> <span class='ocrx_word' id='word_1_700' title='bbox 2422 4031 2637 4088; x_wconf 86' lang='lat' dir='ltr'><strong>habet:</strong></span> <span class='ocrx_word' id='word_1_701' title='bbox 2667 4033 2859 4087; x_wconf 86' lang='lat' dir='ltr'><strong>Filius</strong></span> <span class='ocrx_word' id='word_1_702' title='bbox 2881 4032 3117 4102; x_wconf 89' lang='lat' dir='ltr'><strong>quidem</strong></span> <span class='ocrx_word' id='word_1_703' title='bbox 3146 4028 3398 4085; x_wconf 79' lang='lat' dir='ltr'><strong>hominis</strong></span> <span class='ocrx_word' id='word_1_704' title='bbox 3419 4025 3560 4090; x_wconf 82' lang='lat' dir='ltr'><strong>abit,</strong></span> 
     </span>
    </p>
   </div>
   <div class='ocr_carea' id='block_1_101' title="bbox 1894 4115 3561 4189">
    <p class='ocr_par' dir='ltr' id='par_1_101' title="bbox 1894 4115 3561 4189">
     <span class='ocr_line' id='line_1_102' title="bbox 1894 4115 3561 4189; baseline -0.006 -12"><span class='ocrx_word' id='word_1_705' title='bbox 1894 4122 2043 4177; x_wconf 84' lang='lat' dir='ltr'><strong>sicut</strong></span> <span class='ocrx_word' id='word_1_706' title='bbox 2071 4121 2359 4189; x_wconf 84' lang='lat' dir='ltr'><strong>scriptum</strong></span> <span class='ocrx_word' id='word_1_707' title='bbox 2388 4127 2470 4176; x_wconf 86' lang='lat' dir='ltr'><strong>est</strong></span> <span class='ocrx_word' id='word_1_708' title='bbox 2501 4120 2569 4176; x_wconf 90' lang='lat' dir='ltr'><strong>de</strong></span> <span class='ocrx_word' id='word_1_709' title='bbox 2600 4122 2722 4188; x_wconf 84' lang='lat' dir='ltr'><strong>ipso</strong></span> <span class='ocrx_word' id='word_1_710' title='bbox 2754 4122 2822 4185; x_wconf 76' lang='grc' dir='ltr'><strong>δτ,</strong></span> <span class='ocrx_word' id='word_1_711' title='bbox 2878 4125 2934 4175; x_wconf 89' lang='lat' dir='ltr'><strong>et</strong></span> <span class='ocrx_word' id='word_1_712' title='bbox 2989 4124 3198 4174; x_wconf 60' lang='lat' dir='ltr'><strong>cetera</strong></span> <span class='ocrx_word' id='word_1_713' title='bbox 3246 4135 3260 4184; x_wconf 89' lang='lat'><strong>;</strong></span> <span class='ocrx_word' id='word_1_714' title='bbox 3289 4115 3371 4170; x_wconf 89' lang='lat' dir='ltr'><strong>ibi</strong></span> <span class='ocrx_word' id='word_1_715' title='bbox 3417 4127 3561 4183; x_wconf 89' lang='lat' dir='ltr'><strong>ergo</strong></span> 
     </span>
    </p>
   </div>
   <div class='ocr_carea' id='block_1_102' title="bbox 1895 4207 2830 4268">
    <p class='ocr_par' dir='ltr' id='par_1_102' title="bbox 1895 4207 2830 4268">
     <span class='ocr_line' id='line_1_103' title="bbox 1895 4207 2830 4268; baseline -0.006 -1"><span class='ocrx_word' id='word_1_716' title='bbox 1895 4211 2073 4268; x_wconf 88' lang='lat' dir='ltr'><strong>etiam</strong></span> <span class='ocrx_word' id='word_1_717' title='bbox 2106 4210 2234 4265; x_wconf 69' lang='lat' dir='ltr'><strong>hinc</strong></span> <span class='ocrx_word' id='word_1_718' title='bbox 2264 4207 2644 4264; x_wconf 84' lang='lat' dir='ltr'><strong>manifestata</strong></span> <span class='ocrx_word' id='word_1_719' title='bbox 2670 4214 2830 4262; x_wconf 90' lang='lat' dir='ltr'><strong>sunt.</strong></span> 
     </span>
    </p>
   </div>
   <div class='ocr_carea' id='block_1_103' title="bbox 1968 4289 3560 4367">
    <p class='ocr_par' dir='ltr' id='par_1_103' title="bbox 1968 4289 3560 4367">
     <span class='ocr_line' id='line_1_104' title="bbox 1968 4289 3560 4367; baseline -0.007 -13"><span class='ocrx_word' id='word_1_720' title='bbox 1968 4300 2132 4356; x_wconf 71' lang='lat' dir='ltr'><strong>Vers.</strong></span> <span class='ocrx_word' id='word_1_721' title='bbox 2187 4302 2280 4354; x_wconf 87' lang='lat'><strong>23.</strong></span> <span class='ocrx_word' id='word_1_722' title='bbox 2331 4299 2394 4353; x_wconf 83' lang='lat' dir='ltr'><strong>Et</strong></span> <span class='ocrx_word' id='word_1_723' title='bbox 2437 4297 2550 4366; x_wconf 79' lang='lat' dir='ltr'><strong>ipsi</strong></span> <span class='ocrx_word' id='word_1_724' title='bbox 2614 4327 2677 4338; x_wconf 89' lang='lat'><strong>—-</strong></span> <span class='ocrx_word' id='word_1_725' title='bbox 2721 4298 2992 4367; x_wconf 81' lang='lat' dir='ltr'><strong>facturus</strong></span> <span class='ocrx_word' id='word_1_726' title='bbox 3041 4299 3202 4350; x_wconf 85' lang='lat' dir='ltr'><strong>esset.</strong></span> <span class='ocrx_word' id='word_1_727' title='bbox 3258 4289 3560 4346; x_wconf 59' lang='lat' dir='ltr'><strong>Mattheus</strong></span> 
     </span>
    </p>
   </div>
   <div class='ocr_carea' id='block_1_104' title="bbox 1894 4378 3558 4463">
    <p class='ocr_par' dir='ltr' id='par_1_104' title="bbox 1894 4378 3558 4463">
     <span class='ocr_line' id='line_1_105' title="bbox 1894 4378 3558 4463; baseline -0.008 -17"><span class='ocrx_word' id='word_1_728' title='bbox 1894 4391 2137 4463; x_wconf 88' lang='lat' dir='ltr'><strong>quidem</strong></span> <span class='ocrx_word' id='word_1_729' title='bbox 2175 4393 2230 4444; x_wconf 86' lang='lat' dir='ltr'><strong>et</strong></span> <span class='ocrx_word' id='word_1_730' title='bbox 2259 4388 2488 4442; x_wconf 86' lang='lat' dir='ltr'><strong>Marcus</strong></span> <span class='ocrx_word' id='word_1_731' title='bbox 2523 4390 2655 4441; x_wconf 89' lang='lat' dir='ltr'><strong>ante</strong></span> <span class='ocrx_word' id='word_1_732' title='bbox 2688 4385 2862 4457; x_wconf 89' lang='lat' dir='ltr'><strong>panis</strong></span> <span class='ocrx_word' id='word_1_733' title='bbox 2888 4400 2958 4440; x_wconf 88' lang='lat' dir='ltr'><strong>ac</strong></span> <span class='ocrx_word' id='word_1_734' title='bbox 2981 4382 3169 4454; x_wconf 89' lang='lat' dir='ltr'><strong>poculi</strong></span> <span class='ocrx_word' id='word_1_735' title='bbox 3199 4378 3558 4436; x_wconf 89' lang='lat' dir='ltr'><strong>divisionem</strong></span> 
     </span>
    </p>
   </div>
   <div class='ocr_carea' id='block_1_105' title="bbox 1896 4465 3562 4547">
    <p class='ocr_par' dir='ltr' id='par_1_105' title="bbox 1896 4465 3562 4547">
     <span class='ocr_line' id='line_1_106' title="bbox 1896 4465 3562 4547; baseline -0.01 -13"><span class='ocrx_word' id='word_1_736' title='bbox 1896 4481 2082 4542; x_wconf 90' lang='lat' dir='ltr'><strong>aiunt,</strong></span> <span class='ocrx_word' id='word_1_737' title='bbox 2133 4478 2298 4547; x_wconf 89' lang='lat' dir='ltr'><strong>ipsos</strong></span> <span class='ocrx_word' id='word_1_738' title='bbox 2330 4476 2399 4530; x_wconf 93' lang='lat' dir='ltr'><strong>de</strong></span> <span class='ocrx_word' id='word_1_739' title='bbox 2462 4475 2578 4530; x_wconf 92' lang='lat' dir='ltr'><strong>hoc</strong></span> <span class='ocrx_word' id='word_1_740' title='bbox 2610 4474 2915 4529; x_wconf 85' lang='lat' dir='ltr'><strong>dubitasse</strong></span> <span class='ocrx_word' id='word_1_741' title='bbox 2946 4474 2994 4509; x_wconf 72' lang='grc'><strong>⁸⁸</strong></span> <span class='ocrx_word' id='word_1_742' title='bbox 3051 4489 3066 4536; x_wconf 84' lang='lat'><strong>;</strong></span> <span class='ocrx_word' id='word_1_743' title='bbox 3101 4474 3286 4526; x_wconf 86' lang='lat' dir='ltr'><strong>Lucas</strong></span> <span class='ocrx_word' id='word_1_744' title='bbox 3317 4482 3454 4521; x_wconf 87' lang='lat' dir='ltr'><strong>vero</strong></span> <span class='ocrx_word' id='word_1_745' title='bbox 3504 4465 3562 4520; x_wconf 91' lang='lat' dir='ltr'><strong>et</strong></span> 
     </span>
    </p>
   </div>
   <div class='ocr_carea' id='block_1_106' title="bbox 1894 4561 3556 4636">
    <p class='ocr_par' dir='ltr' id='par_1_106' title="bbox 1894 4561 3556 4636">
     <span class='ocr_line' id='line_1_107' title="bbox 1894 4561 3556 4636; baseline -0.009 -12"><span class='ocrx_word' id='word_1_746' title='bbox 1894 4570 2172 4632; x_wconf 86' lang='lat' dir='ltr'><strong>Joannes,</strong></span> <span class='ocrx_word' id='word_1_747' title='bbox 2202 4571 2333 4636; x_wconf 89' lang='lat' dir='ltr'><strong>post</strong></span> <span class='ocrx_word' id='word_1_748' title='bbox 2363 4565 2716 4620; x_wconf 91' lang='lat' dir='ltr'><strong>divisionem</strong></span> <span class='ocrx_word' id='word_1_749' title='bbox 2765 4565 2834 4615; x_wconf 74' lang='grc' dir='ltr'><strong>σθ.</strong></span> <span class='ocrx_word' id='word_1_750' title='bbox 2887 4561 3256 4617; x_wconf 85' lang='lat' dir='ltr'><strong>Manifestum</strong></span> <span class='ocrx_word' id='word_1_751' title='bbox 3287 4561 3372 4613; x_wconf 84' lang='lat' dir='ltr'><strong>est</strong></span> <span class='ocrx_word' id='word_1_752' title='bbox 3392 4570 3556 4624; x_wconf 86' lang='lat' dir='ltr'><strong>ergo,</strong></span> 
     </span>
    </p>
   </div>
   <div class='ocr_carea' id='block_1_107' title="bbox 1895 4651 3073 4730">
    <p class='ocr_par' dir='ltr' id='par_1_107' title="bbox 1895 4651 3073 4730">
     <span class='ocr_line' id='line_1_108' title="bbox 1895 4651 3073 4730; baseline -0.006 -19"><span class='ocrx_word' id='word_1_753' title='bbox 1895 4657 2060 4730; x_wconf 90' lang='lat' dir='ltr'><strong>quod</strong></span> <span class='ocrx_word' id='word_1_754' title='bbox 2099 4660 2154 4710; x_wconf 89' lang='lat' dir='ltr'><strong>et</strong></span> <span class='ocrx_word' id='word_1_755' title='bbox 2185 4659 2342 4719; x_wconf 91' lang='lat' dir='ltr'><strong>ante,</strong></span> <span class='ocrx_word' id='word_1_756' title='bbox 2376 4658 2432 4709; x_wconf 89' lang='lat' dir='ltr'><strong>et</strong></span> <span class='ocrx_word' id='word_1_757' title='bbox 2482 4659 2685 4724; x_wconf 89' lang='lat' dir='ltr'><strong>postea</strong></span> <span class='ocrx_word' id='word_1_758' title='bbox 2731 4652 2952 4707; x_wconf 87' lang='lat' dir='ltr'><strong>factum</strong></span> <span class='ocrx_word' id='word_1_759' title='bbox 2982 4651 3073 4706; x_wconf 86' lang='lat' dir='ltr'><strong>sit.</strong></span> 
     </span>
    </p>
   </div>
   <div class='ocr_carea' id='block_1_108' title="bbox 1969 4741 3554 4814">
    <p class='ocr_par' dir='ltr' id='par_1_108' title="bbox 1969 4741 3554 4814">
     <span class='ocr_line' id='line_1_109' title="bbox 1969 4741 3554 4814; baseline -0.001 -14"><span class='ocrx_word' id='word_1_760' title='bbox 1969 4747 2118 4800; x_wconf 87' lang='lat' dir='ltr'><strong>CAP.</strong></span> <span class='ocrx_word' id='word_1_761' title='bbox 2155 4743 2406 4799; x_wconf 81' lang='lat' dir='ltr'><strong>LXXVII.</strong></span> <span class='ocrx_word' id='word_1_762' title='bbox 2441 4743 2517 4798; x_wconf 87' lang='lat' dir='ltr'><strong>De</strong></span> <span class='ocrx_word' id='word_1_763' title='bbox 2552 4742 2944 4806; x_wconf 82' lang='lat' dir='ltr'><strong>contentione,</strong></span> <span class='ocrx_word' id='word_1_764' title='bbox 2995 4741 3126 4811; x_wconf 86' lang='lat' dir='ltr'><strong>quis</strong></span> <span class='ocrx_word' id='word_1_765' title='bbox 3155 4746 3294 4798; x_wconf 80' lang='lat' dir='ltr'><strong>esset</strong></span> <span class='ocrx_word' id='word_1_766' title='bbox 3339 4743 3554 4814; x_wconf 82' lang='lat' dir='ltr'><strong>major.</strong></span> 
     </span>
    </p>
   </div>
   <div class='ocr_carea' id='block_1_109' title="bbox 1970 4830 3557 4900">
    <p class='ocr_par' dir='ltr' id='par_1_109' title="bbox 1970 4830 3557 4900">
     <span class='ocr_line' id='line_1_110' title="bbox 1970 4830 3557 4900; baseline -0.001 -12"><span class='ocrx_word' id='word_1_767' title='bbox 1970 4833 2132 4888; x_wconf 89' lang='lat' dir='ltr'><strong>Vers.</strong></span> <span class='ocrx_word' id='word_1_768' title='bbox 2187 4835 2275 4887; x_wconf 80' lang='grc'><strong>24.</strong></span> <span class='ocrx_word' id='word_1_769' title='bbox 2335 4833 2519 4888; x_wconf 86' lang='lat' dir='ltr'><strong>Facta</strong></span> <span class='ocrx_word' id='word_1_770' title='bbox 2574 4839 2656 4887; x_wconf 85' lang='lat' dir='ltr'><strong>est</strong></span> <span class='ocrx_word' id='word_1_771' title='bbox 2687 4861 2751 4870; x_wconf 91' lang='lat'><strong>—</strong></span> <span class='ocrx_word' id='word_1_772' title='bbox 2802 4833 3025 4900; x_wconf 86' lang='lat' dir='ltr'><strong>major.</strong></span> <span class='ocrx_word' id='word_1_773' title='bbox 3062 4830 3252 4886; x_wconf 87' lang='lat' dir='ltr'><strong>Etiam</strong></span> <span class='ocrx_word' id='word_1_774' title='bbox 3293 4831 3434 4886; x_wconf 89' lang='lat' dir='ltr'><strong>alibi</strong></span> <span class='ocrx_word' id='word_1_775' title='bbox 3481 4831 3557 4887; x_wconf 77' lang='lat' dir='ltr'><strong>de</strong></span> 
     </span>
    </p>
   </div>
   <div class='ocr_carea' id='block_1_110' title="bbox 1897 4919 3558 4994">
    <p class='ocr_par' dir='ltr' id='par_1_110' title="bbox 1897 4919 3558 4994">
     <span class='ocr_line' id='line_1_111' title="bbox 1897 4919 3558 4994; baseline -0.002 -16"><span class='ocrx_word' id='word_1_776' title='bbox 1897 4921 2242 4994; x_wconf 90' lang='lat' dir='ltr'><strong>hujusmodi</strong></span> <span class='ocrx_word' id='word_1_777' title='bbox 2273 4936 2336 4976; x_wconf 89' lang='lat' dir='ltr'><strong>re</strong></span> <span class='ocrx_word' id='word_1_778' title='bbox 2389 4920 2619 4976; x_wconf 91' lang='lat' dir='ltr'><strong>curiose</strong></span> <span class='ocrx_word' id='word_1_779' title='bbox 2670 4919 3080 4992; x_wconf 87' lang='lat' dir='ltr'><strong>inquisierant,</strong></span> <span class='ocrx_word' id='word_1_780' title='bbox 3122 4919 3273 4976; x_wconf 90' lang='lat' dir='ltr'><strong>sicut</strong></span> <span class='ocrx_word' id='word_1_781' title='bbox 3311 4920 3558 4975; x_wconf 82' lang='lat' dir='ltr'><strong>manife-</strong></span> 
     </span>
    </p>
   </div>
   <div class='ocr_carea' id='block_1_111' title="bbox 1901 5009 3557 5083">
    <p class='ocr_par' dir='ltr' id='par_1_111' title="bbox 1901 5009 3557 5083">
     <span class='ocr_line' id='line_1_112' title="bbox 1901 5009 3557 5083; baseline -0.001 -17"><span class='ocrx_word' id='word_1_782' title='bbox 1901 5011 2049 5067; x_wconf 89' lang='lat' dir='ltr'><strong>stius</strong></span> <span class='ocrx_word' id='word_1_783' title='bbox 2075 5009 2312 5083; x_wconf 89' lang='lat' dir='ltr'><strong>scripsit</strong></span> <span class='ocrx_word' id='word_1_784' title='bbox 2333 5009 2650 5065; x_wconf 61' lang='lat' dir='ltr'><strong>Mattheus</strong></span> <span class='ocrx_word' id='word_1_785' title='bbox 2674 5009 2975 5068; x_wconf 85' lang='lat' dir='ltr'><strong>tricesimo</strong></span> <span class='ocrx_word' id='word_1_786' title='bbox 2997 5009 3249 5080; x_wconf 81' lang='lat' dir='ltr'><strong>septimo</strong></span> <span class='ocrx_word' id='word_1_787' title='bbox 3261 5009 3353 5066; x_wconf 85' lang='lat' dir='ltr'><strong>sui</strong></span> <span class='ocrx_word' id='word_1_788' title='bbox 3374 5010 3557 5065; x_wconf 81' lang='lat' dir='ltr'><strong>van-</strong></span> 
     </span>
    </p>
   </div>
   <div class='ocr_carea' id='block_1_112' title="bbox 2900 5187 3550 5246">
    <p class='ocr_par' dir='ltr' id='par_1_112' title="bbox 2900 5187 3550 5246">
     <span class='ocr_line' id='line_1_113' title="bbox 2900 5187 3550 5246; baseline -0.002 -2"><span class='ocrx_word' id='word_1_789' title='bbox 2900 5189 2948 5224; x_wconf 76' lang='lat'>&quot;</span> <span class='ocrx_word' id='word_1_790' title='bbox 2975 5187 3116 5245; x_wconf 88' lang='lat' dir='ltr'><strong>Ibid.</strong></span> <span class='ocrx_word' id='word_1_791' title='bbox 3147 5189 3229 5246; x_wconf 74' lang='grc'><strong>14.</strong></span> <span class='ocrx_word' id='word_1_792' title='bbox 3327 5188 3375 5225; x_wconf 75' lang='grc'><strong>⁸⁸</strong></span> <span class='ocrx_word' id='word_1_793' title='bbox 3403 5187 3550 5245; x_wconf 90' lang='lat' dir='ltr'><strong>Ibid.</strong></span> 
     </span>
    </p>
   </div>
   <div class='ocr_carea' id='block_1_113' title="bbox 1955 5185 2803 5246">
    <p class='ocr_par' dir='ltr' id='par_1_113' title="bbox 1955 5185 2803 5246">
     <span class='ocr_line' id='line_1_114' title="bbox 1955 5185 2803 5246; baseline -0.002 0"><span class='ocrx_word' id='word_1_794' title='bbox 1955 5189 2003 5226; x_wconf 77' lang='grc'><strong>⁸⁸</strong></span> <span class='ocrx_word' id='word_1_795' title='bbox 2061 5187 2206 5246; x_wconf 89' lang='lat' dir='ltr'><strong>Ibid.</strong></span> <span class='ocrx_word' id='word_1_796' title='bbox 2266 5191 2356 5244; x_wconf 87' lang='lat'><strong>26.</strong></span> <span class='ocrx_word' id='word_1_797' title='bbox 2453 5188 2500 5223; x_wconf 79' lang='lat'><strong>“</strong></span> <span class='ocrx_word' id='word_1_798' title='bbox 2558 5185 2686 5243; x_wconf 91' lang='lat' dir='ltr'><strong>Ibid</strong></span> <span class='ocrx_word' id='word_1_799' title='bbox 2717 5190 2803 5244; x_wconf 89' lang='lat'><strong>30.</strong></span> 
     </span>
    </p>
   </div>
   <div class='ocr_carea' id='block_1_114' title="bbox 1450 5463 2384 5533">
    <p class='ocr_par' dir='ltr' id='par_1_114' title="bbox 1450 5463 2384 5533">
     <span class='ocr_line' id='line_1_115' title="bbox 1450 5463 2384 5533; baseline -0.003 0"><span class='ocrx_word' id='word_1_800' title='bbox 1450 5464 1672 5533; x_wconf 58' lang='lat' dir='ltr'><strong>Vatia;</strong></span> <span class='ocrx_word' id='word_1_801' title='bbox 1712 5463 2039 5532; x_wconf 86' lang='lat' dir='ltr'><strong>lectiones</strong></span> <span class='ocrx_word' id='word_1_802' title='bbox 2079 5472 2145 5530; x_wconf 91' lang='lat' dir='ltr'><strong>et</strong></span> <span class='ocrx_word' id='word_1_803' title='bbox 2186 5472 2384 5530; x_wconf 60' lang='lat' dir='ltr'><strong>notae.</strong></span> 
     </span>
    </p>
   </div>
   <div class='ocr_carea' id='block_1_115' title="bbox 245 5661 768 5736">
    <p class='ocr_par' dir='ltr' id='par_1_115' title="bbox 245 5661 768 5736">
     <span class='ocr_line' id='line_1_116' title="bbox 245 5661 768 5736; baseline -0.01 -15"><span class='ocrx_word' id='word_1_804' title='bbox 245 5663 368 5736; x_wconf 83' lang='lat'><strong>(5|)</strong></span> <span class='ocrx_word' id='word_1_805' title='bbox 396 5663 476 5716; x_wconf 73' lang='lat' dir='ltr'><strong>Mi</strong></span> <span class='ocrx_word' id='word_1_806' title='bbox 514 5661 683 5718; x_wconf 86' lang='lat' dir='ltr'><strong>abest</strong></span> <span class='ocrx_word' id='word_1_807' title='bbox 707 5665 768 5716; x_wconf 77' lang='grc' dir='ltr'><strong>Α.</strong></span> 
     </span>
    </p>
   </div>
   <div class='ocr_carea' id='block_1_116' title="bbox 1965 5658 2517 5734">
    <p class='ocr_par' dir='ltr' id='par_1_116' title="bbox 1965 5658 2517 5734">
     <span class='ocr_line' id='line_1_117' title="bbox 1965 5658 2517 5734; baseline 0 -19"><span class='ocrx_word' id='word_1_808' title='bbox 1965 5659 2076 5734; x_wconf 82' lang='lat'><strong>(52)</strong></span> <span class='ocrx_word' id='word_1_809' title='bbox 2117 5658 2223 5716; x_wconf 79' lang='grc' dir='ltr'><strong>Καί</strong></span> <span class='ocrx_word' id='word_1_810' title='bbox 2252 5658 2420 5717; x_wconf 88' lang='lat' dir='ltr'><strong>abest</strong></span> <span class='ocrx_word' id='word_1_811' title='bbox 2448 5661 2517 5715; x_wconf 83' lang='lat' dir='ltr'><strong>A.</strong></span> 
     </span>
    </p>
   </div>
  </div>
