3994 6218
3598 43 3901 179 τ

522 281 663 343 4079
1876 276 2099 335 EUTHY

2219 278 2224 334 ἰ
2270 280 2585 343 ZIGABEN
2592 284 2611 341 Ι
3700 290 3796 347 l080

527 412 662 483 gelii
712 410 901 484 capite
963 425 975 465 ε
1032 407 1136 465 sed
1199 413 1333 465 tunc
1402 405 1648 480 quidem
1701 404 1775 462 de
1856 406 1971 462 hoc
2018 422 2104 461 era

2225 407 2253 461 λ
2289 408 2412 479 latio:
2479 409 2659 462 αὐτοῦ.
2716 408 2871 461 Ἀλλὰ
2915 412 3029 462 τότε
3080 412 3168 482 μεν
3242 414 3359 483 περὶ
3427 418 3532 477 τοῦ,
3601 418 3675 475 Ti;
3730 418 3802 487 ἄρα

526 502 851 575 quisquam
877 499 1071 569 major
1094 504 1248 553 esset
1271 498 1325 552 in
1345 512 1529 565 regno
1550 494 2103 559 caalorum,bicaute

2285 499 2479 571 μείζων
2530 498 2668 551 ἐστὶν
2720 502 2766 551 ὲν
2815 507 2875 571 τῇ
2941 498 3183 571 βασιλείᾳ
3231 509 3329 552 τῶν
3382 502 3723 574 οὖραιώηνὺν
3766 502 3806 563 δὲ

530 592 647 646 alia
676 593 749 644 de
799 604 980 644 causa
1014 586 1328 649 contentio,
1389 586 1511 641 sive
1550 585 1855 656 inquisitio
1886 584 2035 640 inter
2074 600 2104 639 e

2287 587 2406 639 καθ’
2467 588 2641 661 ἑτέραν
2710 588 2873 639 αἰτίαν
2929 591 2955 646 ἱ)
3020 587 3306 660 φιλονεικία
3377 594 3570 652 τούτοις
3617 591 3804 653 ἐνέπεσεν,

530 678 739 734 incidit
771 696 783 745 ;
812 680 939 748 jam
973 676 1133 731 enim
1173 677 1449 731 certiores
1498 675 1633 731 facti
1666 674 1739 729 de
1764 680 1951 729 morte
1995 690 2107 741 mag

2288 679 2454 728 εἷτουν
2501 678 2529 735 ἡ
2588 676 2817 739 ἐξέτασις
2852 694 2864 706 ·
2898 677 3366 751 πληροφορηθέντες
3425 683 3521 755 γὰρ
3586 678 3673 737 ἤδη
3724 688 3807 752 περὶ

528 767 649 832 stri,
679 766 1216 839 inquirebant,quis
1246 782 1452 821 eorum
1484 764 1771 820 videretur
1802 780 1929 819 esse
1958 764 2105 836 majc

2287 774 2380 827 τῆς
2405 774 2494 818 τοῦ
2532 762 2863 819 διδασκάλου
2916 767 3172 829 τελευτῆς,
3230 767 3505 835 ἐζήτησαν,
3544 777 3612 830 τίς
3652 771 3694 833 ἐξ
3738 772 3805 821 αὶ-

528 860 592 912 ut
630 862 976 913 caeterorum
1002 856 1167 911 ﬁeret
1190 855 1491 925 magister.

2288 864 2388 907 τῶν
2420 852 2565 908 δοκεῖ
2593 852 2721 908 εἶναι
2758 859 2968 928 μείζων,
3003 858 3085 908 ἶνα
3146 853 3472 921 διδάσκαλος
3512 864 3693 930 γένηται
3736 869 3806 911 τῶν

2290 944 2452 996 ὧςλων
2462 986 2476 1001 .

605 1035 765 1092 Vers.
796 1034 885 1090 25.
913 1035 989 1088 At
1020 1033 1124 1089 ille
1167 1065 1234 1073 —
1264 1034 1366 1090 eis.
1396 1034 1575 1088 Docet
1611 1050 1774 1096 sane.
1809 1032 1971 1103 quod
2005 1030 2054 1086 is
2076 1031 2180 1103 qui

2360 1032 2417 1085 Ὀ
2446 1030 2505 1085 δὲ
2549 1064 2617 1073 —
2663 1033 2852 1088 αὐτῶν.
2904 1031 3155 1087 Διδάσκει
3196 1035 3374 1087 λοιπὸν
3418 1040 3485 1099 ὡς
3528 1039 3549 1089 ό
3601 1040 3805 1111 προεστά-

527 1123 973 1197 praeponendus
1013 1127 1183 1187 esset,
1237 1138 1357 1177 non
1390 1122 1629 1178 deberet
1677 1121 1996 1187 dominari,
2054 1128 2104 1176 ta

2289 1142 2373 1174 ναι
2446 1126 2637 1175 τούτων
2717 1122 2910 1195 μέλλων
2998 1123 3090 1175 οὐκ
3169 1125 3357 1195 ὀφείλει
3412 1136 3703 1198 κυριαρχείν,
3766 1131 3810 1187 ὡς

526 1230 711 1286 quam
743 1213 1023 1268 dominus
1050 1229 1063 1275 ;
1093 1228 1234 1267 nam
1266 1212 1327 1267 id
1352 1227 1522 1281 reges
1551 1218 1720 1267 terraa
1752 1211 2103 1267 faciuntinﬂ.

2293 1206 2552 1272 δεσπότης
2584 1230 2597 1244 ο
2630 1219 2784 1264 τοῦτο
2818 1214 2918 1283 γὰρ
2969 1213 3018 1264 οἱ
3076 1212 3311 1284 βασιλεῖς
3359 1222 3455 1265 τῶν
3482 1213 3616 1266 ἐθνῶν
3649 1222 3809 1266 ποιοῦσι

527 1303 885 1377 principatu,
930 1308 985 1357 et
1010 1300 1145 1357 elati
1202 1308 1441 1373 propter
1479 1317 1581 1357 eos
1610 1301 1831 1373 quibus
1869 1300 2104 1356 domina

2289 1305 2631 1372 τετυφωμένοι
2657 1308 2767 1361 ταῖς
2794 1303 2990 1373 άρχαῐς
3014 1307 3103 1353 καὶ
3130 1308 3547 1377 κατεπαιρόμενοι
3588 1312 3669 1355 τῶν
3694 1304 3812 1377 ἀρχό·

526 1395 640 1448 tur.

2289 1393 2451 1462 μένων
2460 1432 2470 1444 .

598 1480 759 1535 Vers.
793 1482 881 1536 25.
934 1480 1001 1533 Et
1031 1479 1136 1550 qui
1158 1510 1225 1517 —
1248 1484 1550 1533 vocantur.
1591 1478 1899 1548 Tanquam
1928 1478 2175 1549 judicati

2363 1481 2466 1535 Καὶ
2497 1480 2546 1531 οἱ
2569 1510 2634 1519 -
2663 1478 2959 1533 καλοῦνται.
3004 1478 3089 1542 Ὠς
3132 1476 3399 1542 δοκοῦντες
3446 1485 3667 1554 μείζονες,
3702 1481 3815 1540 imi

524 1570 802 1640 majores,
837 1572 938 1625 aut
967 1569 1145 1623 etiam
1188 1576 1475 1640 tanquam
1508 1568 1708 1639 gloriae
1740 1568 1959 1638 cupidi.

1090 1584 1145 1623 m
1188 1576 1475 1640 tanquam
1508 1568 1708 1639 gloriae
1740 1568 1959 1638 cupidi.
2290 1571 2359 1630 ὡς
2384 1565 2667 1640 φιλόδοξοι.

592 1660 755 1716 Vers.
780 1664 868 1716 26.
906 1661 1010 1715 Vcs
1054 1688 1107 1699 —
1137 1658 1237 1729 qui
1266 1658 1590 1713 ministrat.
1629 1657 1950 1723 Fianthaec,
1988 1673 2169 1729 quan-

2358 1657 2524 1730 ’Υμεῖς
2554 1690 2620 1699 -
2651 1654 2686 1711 δ
2692 1662 2926 1713 ιαδιόνῶν.
2956 1660 3181 1711 Γένίσθω
3211 1668 3396 1727 ταῦτα,
3430 1662 3544 1713 ὅσον
3572 1660 3645 1713 ἐπὶ
3662 1664 3814 1733 μετριο-

522 1754 647 1807 tum
697 1750 775 1806 ad
806 1749 990 1805 animi
1030 1747 1409 1805 modestiam.
1453 1748 1757 1803 Juuiorem
1791 1752 1993 1803 autem
2036 1746 2097 1803 di

1887 1764 1993 1803 .em
2036 1746 2180 1805 dicit
2209 1743 2250 1799 Β
2290 1750 2542 1821 φροσύνῃ.
2563 1754 2821 1811 Νεώτερον
2862 1744 2922 1801 δε
2948 1747 3082 1820 λέγει
3107 1751 3195 1800 τὸν
3216 1752 3464 1821 ἔσχατον.

520 1845 921 1914 postremum.

592 1930 756 1985 Vers.
809 1931 895 1984 27.
954 1929 1091 1985 Uter
1137 1959 1205 1967 ——
1251 1926 1350 1999 qui
1379 1927 1693 1983 ministrat.
1750 1928 1821 1983 Se
1860 1927 2058 1999 ipsum
2119 1927 2169 1982 iu

2359 1931 2451 1988 Ti;
2497 1956 2565 1968 —
2610 1922 2882 1981 διακονῶν.
2923 1925 3135 1979 Ἑαυτὸν
3214 1927 3390 1989 αὐτοῖς
3462 1924 3665 1980 δίδωσιν

519 2017 855 2091 exemplum
888 2016 1179 2073 sermonis
1202 2016 1442 2087 praebet.
1472 2019 1617 2072 Cum
1638 2016 1793 2071 enim
1811 2016 1919 2089 ipsi
1944 2032 2089 2072 accu

2291 2012 2483 2087 δειγμα
2560 2023 2653 2067 τοῦ
2717 2015 2895 2085 λόγου.
2968 2018 3173 2069 Τούτων
3245 2020 3345 2088 γὰρ
3412 2016 3731 2088 ἀνακειμένων,
3775 2019 3820 2075 ὡς

517 2107 737 2174 herent,
774 2111 1063 2179 tanquam
1115 2106 1371 2175 majores
1404 2106 1481 2161 ab
1521 2122 1591 2161 eo
1640 2106 1852 2177 habiti,
1884 2106 1977 2162 ille
2009 2106 2089 2161 mi

2289 2109 2535 2176 μειζόνων
2562 2105 2649 2156 ὑπ’
2681 2104 2839 2157 αὐτοῦ
2910 2106 3205 2179 κριθέντων,
3257 2106 3403 2165 οὗτος
3435 2103 3733 2170 διηκόνησεν,
3775 2108 3822 2163 ὡς

517 2196 759 2260 strabat,
782 2195 955 2267 quasi
978 2200 1352 2265 postremum
1374 2210 1437 2249 se
1457 2194 1657 2266 ipsum
1683 2195 1929 2261 ducens,
1950 2211 2091 2251 cum

2288 2194 2517 2264 ἔσχατον
2566 2193 2743 2246 ἑαυτὸν
2801 2196 3158 2266 λογισάμενος,
3220 2196 3301 2247 ὅτε
3340 2195 3481 2266 ἔνιψε
3546 2198 3651 2256 τοὺς
3695 2190 3822 2253 πόδας

523 2285 707 2358 pedes
733 2300 938 2340 eorum
978 2284 1219 2339 lavaret.

899 2301 938 2338 n
978 2284 1219 2339 lavaret.
2288 2282 2476 2335 αὐτῶν.

595 2374 753 2429 Vers.
802 2378 895 2429 28.
940 2374 1046 2429 Vos
1077 2404 1144 2413 —
1174 2373 1337 2430 Vers.
1391 2372 1478 2427 29.
1514 2388 1775 2444 regnum.
1813 2405 1879 2414 —
1927 2374 2172 2443 Dispono

2358 2379 2507 2444 ὶ⁶μείς
2572 2402 2640 2413 —
2709 2371 3002 2444 βασιλείαν·
3062 2374 3361 2445 Διατίθεμαι
3422 2375 3539 2446 ὑμῖν
3589 2372 3822 2445 βασιλείαν,

519 2464 674 2520 vobis
728 2478 993 2533 regnum,
1036 2459 1149 2517 hoc
1207 2467 1315 2528 est,
1366 2462 1667 2533 promitto.
1722 2462 1998 2532 Regnum
2034 2480 2096 2519 ve

2289 2459 2403 2514 ἀντὶ
2429 2469 2541 2529 τοῦ,
2584 2461 2967 2533 ἐπαγγέλλομαι
3016 2478 3028 2489 ’
3065 2460 3337 2533 βασιλείαν
3401 2459 3460 2515 δε
3511 2463 3735 2534 οὐράνιον,
3786 2462 3826 2519 ξς

521 2554 758 2610 cmleste
802 2551 1091 2621 intelligit,
1134 2552 1306 2620 cujus
1361 2567 1461 2623 spe
1494 2552 1818 2609 roborabat
1861 2568 1962 2609 eos
1994 2554 2098 2609 etia

2285 2558 2401 2612 ταῖς
2423 2550 2593 2603 ἐλπίσι
2623 2547 2889 2625 διανευροῖ
2931 2554 3140 2613 τούτους
3192 2554 3267 2603 ἔτι
3296 2556 3427 2626 πρὸς
3483 2552 3717 2621 εὐψυχίαν
3762 2553 3824 2598 καὶ

521 2643 600 2700 ad
640 2641 1117 2711 magnitudinem
1169 2657 1236 2696 ac
1293 2640 1692 2697 tolerantiam.

991 2658 1117 2696 nem
1169 2657 1236 2696 ac
1293 2640 1692 2697 tolerantiam.
2286 2642 2568 2712 ὑπομονήν.

594 2732 753 2788 Vers.
787 2735 873 2788 30.
910 2732 972 2788 Ut
1004 2762 1066 2772 —
1096 2746 1570 2788 mensammeam.
1602 2733 1863 2788 Mensam
1905 2732 2171 2789 videlicet

2354 2735 2463 2782 Ἰνα
2517 2760 2585 2769 -
2630 2728 2888 2803 τραπέζης
2953 2748 3072 2799 μου.
3146 2735 3248 2789 Τῆς
3334 2728 3611 2801 βασιλικῆς
3660 2727 3824 2788 hum,

520 2821 683 2878 illam
737 2821 951 2890 regiam
1003 2836 1072 2876 ac
1134 2819 1457 2875 cmlestem.
1514 2821 1760 2876 Possunt
1804 2828 2005 2877 autem
2058 2823 2092 2877 d

2286 2826 2379 2878 τῆς
2422 2818 2683 2891 οὐρανίου.
2760 2814 2872 2870 Εἶεν
2927 2814 2978 2869 δ’
3023 2817 3083 2869 ἂν
3140 2819 3376 2890 τράπεζα
3445 2821 3532 2890 μεν
3576 2820 3634 2869 τὰ
3686 2816 3828 2867 αἰώνια

522 2926 753 2979 mensa,
776 2910 937 2965 bona
958 2915 1177 2965 teterua
1192 2914 1266 2975 et,
1300 2908 1619 2965 ineffabilia
1636 2927 1771 2982 quae
1798 2911 2099 2980 diligentih

2286 2912 2373 2959 καὶ
2408 2906 2680 2981 ἀπόρρητα
2720 2905 2909 2978 ἀγαθὰ,
2951 2909 3019 2958 τὰ
3074 2909 3437 2979 ἡτοιμασμένα
3489 2916 3591 2967 τοῖς
3634 2905 3826 2975 ἀγαπῶσι

524 3003 709 3055 Deum
760 3004 1094 3071 praaparata
1138 3002 1293 3064 sunt,
1328 2999 1497 3054 cibus
1531 3015 1666 3054 vero
1720 3016 1791 3056 ac
1835 3005 2030 3073 potus,
2088 3018 2101 3056 ι

2285 2999 2371 3047 τόν
2407 2999 2533 3049 Θεὸν
2587 3016 2599 3028 ·
2662 2994 2860 3070 βρῶσις
2899 2992 2958 3048 δὲ
3013 3000 3102 3048 καὶ
3154 3002 3311 3058 πόσις
3363 2999 3393 3055 ἠ
3440 2996 3702 3053 ἀπόλαυσις
3759 2990 3826 3041 t3-

521 3088 757 3145 illorum
792 3086 1007 3143 fruitio.

825 3086 1007 3142 ruitio.
2205 3102 2244 3155 ρ
2284 3094 2402 3138 τῶν.

597 3177 752 3232 Vers.
812 3178 899 3232 30.
933 3178 1005 3231 Et
1037 3208 1103 3216 —
1138 3177 1339 3233 Israel.
1378 3177 1495 3232 Hoc
1553 3178 1731 3234 etiam
1766 3177 1876 3233 illis
1907 3178 2174 3249 promisit

2358 3178 2457 3227 Καὶ
2487 3204 2557 3213 -
2582 3173 2815 3248 Ἰσραήλ.
2858 3181 3024 3227 Τοῦτο
3054 3175 3317 3246 ὑπέσχετο
3376 3174 3553 3235 αὐτοῖς
3587 3177 3667 3224 καὶ
3720 3170 3829 3235 ἐντῷ

522 3265 982 3339 quadragesimo
1038 3265 1225 3336 primo
1284 3266 1589 3335 Evangelii
1616 3267 1786 3337 juxta
1840 3268 2099 3323 Matthaeu

2282 3272 2693 3336 τεσσαρακοστῷ
2724 3270 2914 3335 πρώτῳ
2947 3263 3206 3335 κεφαλαίῳ
3260 3272 3351 3315 τοῦ
3410 3267 3544 3315 κατὰ
3600 3263 3831 3315 Menenios,

524 3355 736 3427 capite,
768 3354 867 3410 ubi
913 3354 1197 3425 scriptum
1231 3360 1317 3409 est
1347 3373 1359 3412 :
1416 3357 1590 3410 Jesus
1640 3362 1835 3411 autem
1870 3356 2006 3412 dixit
2039 3356 2101 3410 ei:

2284 3354 2402 3406 ἔνθα
2422 3356 2711 3425 γέγραπται
2740 3357 2815 3404 τό·
2861 3354 2886 3404 6
2914 3349 2973 3405 δε
3024 3354 3229 3414 Ἰησοῦς
3282 3351 3420 3405 εἶπεν
3475 3352 3657 3412 αὐτοῖς·
3705 3351 3830 3418 Ἀμὴν

525 3443 701 3499 Amen
728 3443 858 3499 dico
886 3444 1059 3507 vobis,
1092 3444 1251 3514 quod
1283 3459 1379 3499 vos
1402 3444 1498 3515 qui
1522 3446 1730 3500 secutis
1759 3447 1892 3500 estis
1924 3446 2075 3510 me”,

2281 3440 2409 3512 λέγω
2436 3443 2574 3513 ὑμῖν.
2631 3442 2710 3493 ὅτι
2759 3444 2904 3514 ὑμεῖς
2958 3444 3005 3494 οἱ
3053 3440 3505 3503 ἀκολουθήσαντές
3562 3462 3662 3513 μοι,
3710 3437 3747 3490 ἐν
3784 3442 3828 3504 τῇ

528 3536 742 3587 caetera
775 3532 893 3587 :ibi
924 3547 1065 3600 ergo
1093 3531 1217 3599 lege
1244 3533 1459 3587 horum
1486 3533 2051 3604 interpretationem.

2282 3530 2672 3603 παλιγγενεσία,
2760 3533 2881 3584 ὅταν
2960 3533 3153 3604 καθίσῃ
3198 3532 3222 3583 6
3266 3534 3388 3594 Υἱὸς
3460 3540 3548 3584 τοῦ
3615 3529 3829 3600 ἀνθρώπου

530 3620 611 3673 ἐπὶ
639 3623 819 3693 θρόνου
856 3618 1015 3683 δόξῆς
1054 3621 1234 3685 αὑτοῦ,
1267 3623 1549 3675 καθίσεσθε
1570 3628 1658 3674 καὶ
1692 3624 1833 3694 ὑμεῖς
1884 3624 1967 3675 ἐπὶ
2011 3618 2223 3675 δώδεκα
2268 3622 2497 3695 θρόνους,
2532 3625 2787 3693 κρίνοντες
2818 3623 2912 3681 τὰς
2939 3616 3151 3673 δώδεκα
3190 3620 3353 3692 φυλὰς
3382 3629 3477 3673 τοῦ
3521 3616 3712 3693 Ἰσραὲλ
3733 3630 3743 3641 ⁸
3764 3620 3830 3666 καὶ

530 3709 786 3782 ἀνάγνωθι
810 3714 903 3768 τὴν
930 3713 1126 3763 τούτων
1157 3709 1422 3781 ἐξήγησιν.

706 3798 863 3856 CAP.
896 3799 1188 3854 LXXVIII.
1224 3800 1301 3853 De
1332 3800 1676 3867 expetitione
1707 3801 1952 3857 Satanw.

2437 3805 2581 3853 ΚΕΦ.
2613 3798 2737 3856 ΟΗ’.
2790 3804 2913 3875 Περὶ
2938 3807 3032 3862 τῆς
3065 3798 3375 3863 ἐξαιτήσεως
3401 3809 3493 3853 τοῦ
3532 3802 3723 3851 Σατανᾶ.

603 3887 764 3944 Vers.
815 3890 901 3944 3|.
934 3889 1096 3944 Dixit
1126 3920 1194 3929 —
1239 3889 1517 3945 triticum.
1554 3890 1634 3944 Illi
1681 3890 1841 3945 enim
1885 3890 2066 3945 moris
2095 3896 2180 3945 est

2365 3889 2491 3943 Εἷπε
2548 3920 2614 3927 -
2674 3897 2837 3943 σῖτον.
2881 3891 3027 3949 Ἐθος
3087 3892 3187 3963 γὰρ
3241 3889 3384 3960 αὐτῷ
3442 3894 3560 3949 τοὺς
3610 3885 3830 3953 ianuari-

532 3976 969 4045 praestantiores
1015 3981 1288 4047 expetere
1340 3977 1417 4032 ad
1470 3977 1830 4048 palaestram,
1878 3980 2029 4035 sicut
2059 3979 2109 4034 lo

2293 3997 2414 4051 ρους
2466 3976 2782 4040 ἔξαιτείσθαι
2847 3982 2978 4051 πρὸς
3026 3978 3213 4046 πάλην,
3268 3981 3337 4038 ὡς
3398 3983 3487 4031 τόν
3524 3975 3649 4030 Ἴως.
3701 3970 3830 4025 Iumi-

536 4062 800 4119 Cribrare
834 4081 993 4130 vero,
1038 4064 1097 4120 id
1138 4070 1249 4131 est,
1282 4066 1541 4130 turbare,
1581 4084 1836 4134 movere,
1865 4070 2113 4124 concita!

2298 4087 2388 4119 σαι
2445 4064 2524 4129 δὲ,
2602 4065 2715 4119 ἀντὶ
2760 4075 2870 4133 του,
2932 4068 3048 4139 (53)
3105 4066 3421 4133 θορυϐῆσαι,
3499 4075 3724 4129 κυκῆσαι,
3767 4078 3832 4109 τα·

536 4152 806 4209 Cribrum
836 4153 1150 4225 siquidem,
1180 4155 1337 4225 quod
1371 4154 1736 4226 frequentius
1770 4163 2034 4223 κόσκικον,
2070 4158 2113 4212 si

2295 4156 2471 4231 ράξαι.
2507 4161 2666 4208 Σινίον
2725 4158 2839 4228 (54)
2876 4159 2977 4230 γὰρ
3023 4159 3165 4229 παρά
3215 4176 3326 4208 τισι
3386 4157 3610 4209 καλεῖται
3657 4156 3705 4204 τό
3742 4146 3828 4215 παρ’

542 4247 860 4317 σινιατήριον
903 4243 988 4315 (y)
1031 4249 1291 4309 vocatur,
1328 4260 1362 4298 a
1401 4244 1765 4315 quibusdam
1802 4249 1977 4301 etiam
2022 4266 2119 4299 σινι

2297 4247 2420 4316 ἡμῖν
2451 4250 2710 4307 κόσκινον,
2753 4245 2799 4297 ἐν
2956 4247 2981 4297 ὁ
3040 4254 3184 4307 σῖτος
3240 4242 3373 4318 τῇδε
3421 4249 3623 4297 κάκείσε
3668 4254 3829 4313 μεταφε-

539 4330 772 4397 dicitur,
797 4349 830 4389 a
861 4349 983 4404 quo
1012 4332 1261 4387 verbum
1298 4334 1517 4393 σινιάςω
1545 4334 1859 4398 cribro,vel
1890 4337 2116 4391 concuti

2296 4340 2503 4405 ρόμενος
2564 4338 2902 4407 ταράσσεται.
2979 4334 3221 4408 Προλέογει
3293 4331 3355 4387 δὲ
3426 4335 3592 4393 αὐτοῖς
3634 4335 3729 4401 περὶ
3765 4330 3828 4376 τσῦ

543 4422 691 4476 Nam
732 4422 790 4477 in
838 4422 1035 4478 cribro
1092 4421 1350 4476 triticum
1389 4422 1729 4479 transfertur
1754 4430 1810 4479 et
1855 4426 2114 4479 concutit

2249 4423 2565 4495 »μελλοντος
2616 4432 2931 4498 πειρασμοῦ,
3004 4426 3104 4487 ὅτε,
3173 4426 3360 4487 πάντες
3445 4423 3637 4497 ἀφέντες
3698 4416 3826 4469 αὐτὸν.

543 4524 613 4565 ac
677 4509 1083 4568 confunditur.
1142 4510 1405 4566 Prtedicit
1471 4520 1671 4567 autem
1728 4514 1812 4567 eis
1862 4513 1936 4569 de
1987 4513 2187 4570 futura
2296 4514 2502 4584 ἔφυγον.

542 4598 883 4663 tentatione,
924 4600 1169 4670 quando
1201 4615 1410 4654 omnes
1438 4600 1636 4656 relicto
1667 4618 1735 4657 eo
1768 4601 2062 4671 fugerunt.

616 4687 776 4742 Vers.
802 4691 887 4743 32.
912 4688 1040 4758 Ego
1059 4692 1250 4743 —tua.
1274 4690 1511 4759 Rogavi,
1528 4688 1975 4762 inquit.Patrem
1995 4708 2185 4747 meum

2370 4689 2503 4761 Ἐγὼ
2532 4722 2599 4729 -
2630 4709 2743 4743 σου.
2777 4686 3030 4749 Ἐδεήθην
3060 4699 3150 4744 τοῦ
3191 4698 3396 4765 Πατρός
3450 4712 3566 4763 μου,
3617 4690 3759 4760 φησι»,
3784 4682 3827 4735 ὡς

542 4777 832 4846 tanquam
859 4774 1140 4844 bomo,ue
1167 4776 1384 4844 perdas
1412 4779 1654 4834 tandem
1683 4778 1756 4851 (ε)
1783 4778 1964 4835 ﬁdem
1996 4785 2119 4836 tua:

2297 4780 2586 4853 ἄνθρωπος,
2614 4782 2695 4832 ἵνα
2722 4785 2793 4852 μὴ
2823 4781 2987 4833 τέλεον
3013 4780 3269 4855 ἀπολέσῃς
3299 4787 3400 4840 τὴν
3450 4786 3618 4834 πίστιν
3653 4773 3824 4837 σου,τὲ³

543 4877 730 4935 quam
758 4861 819 4919 in
852 4876 936 4919 me
964 4863 1173 4927 habes,
1201 4863 1261 4919 in
1287 4871 1551 4939 tempore
1585 4868 1935 4938 negationis.

1733 4868 1935 4925 tionis.
2298 4869 2367 4932 εἰς
2394 4869 2498 4943 ἐμέ,
2532 4868 2580 4922 ἐν
2606 4878 2677 4943 τῷ
2706 4879 2871 4944 καιρῷ
2901 4880 2996 4933 τῆς
3027 4869 3310 4945 ἀρνήσεως.

612 5040 662 5079 ⁷ο
690 5039 887 5100 Matth.
926 5054 1039 5111 xu,
1072 5040 1162 5099 28.

1786 5182 2007 5251 Variae
2037 5182 2357 5251 lectiones
2397 5191 2463 5251 et
2492 5192 2691 5251 notae.

610 5376 723 5455 (513)
754 5375 1060 5455 Chrysost.
1122 5378 1266 5432 tom.
1316 5377 1458 5443 VIII,
1506 5393 1563 5451 p.
1598 5379 1722 5446 785,
1756 5380 1819 5435 D.
1874 5379 2186 5455 θορυϐῆσαι,

2340 5379 2485 5455 454)
2510 5380 2656 5437 Vide
2690 5381 3067 5455 Wetstenium
3114 5379 3193 5437 ad
3243 5379 3381 5455 11.1.
3418 5383 3576 5455 quin
3613 5386 3707 5432 non
3730 5358 3804 5430 ιεεί

536 5449 779 5525 ταράξαι,
827 5454 1092 5522 πειρᾶσαι.
1509 5449 1524 5451 ’
1933 5449 1942 5455 ’

2299 5453 2439 5510 alibi
2466 5449 2717 5506 ’κόσκινον
2743 5454 2923 5510 habet
2954 5453 3134 5519 Plato,
3164 5467 3223 5524 p.
3256 5454 3386 5520 320,
3416 5452 3539 5509 384.

576 5632 687 5713 ,(9)
748 5626 1276 5713 δὶνρησινιατῆριον,
1325 5631 1432 5684 etc.
1487 5628 1585 5686 Hic
1640 5630 1913 5703 quaedam
1939 5631 2013 5689 de
2065 5633 2153 5690 sui

1799 5630 1913 5689 Iam
1939 5631 2013 5689 de
2065 5633 2187 5690 suis
2366 5631 2441 5705 (Ζ)
2471 5633 2749 5690 Tandem.
2790 5630 2967 5687 Τίλεον
2996 5634 3085 5689 est
3105 5645 3376 5702 prorsus.

533 5701 765 5760 videtur
786 5701 1086 5760 addidisse
1124 5701 1433 5773 interpres.
