3994 6218
174 292 311 352 1081
1223 291 1588 352 COMMENT.
1629 293 1702 350 IN
1741 295 1751 350 1

1970 295 2001 351 Ι.
2038 324 2108 334 -
2137 292 2293 350 CAP.
2337 293 2511 350 XXII.
3409 296 3547 356 1082

251 424 352 474 Καὶ
424 450 493 462 -—
558 439 674 473 σου.
733 417 1105 496 Ἐπιστρέψας,
1189 422 1320 494 μετά
1389 424 1482 479 την
1561 421 1828 494 ἄρνησινλ

1970 421 2124 476 Vers.
2156 423 2244 477 32.
2276 421 2394 492 Ego
2415 452 2480 462 —
2515 427 2664 478 tuos.
2711 452 2778 465 η·-
2805 422 3158 489 Conversus,
3204 425 3342 496 post
3366 437 3547 495 nega-

177 505 444 574 δηλονότι,
489 505 582 561 διὰ
623 509 892 582 κλαυθμοῦ
935 517 1140 584 πικροῦ,
1196 512 1464 562 τουτέστιν
1512 507 1754 561 ἀποκαταη

1968 525 2115 564 ιηθω
2149 509 2433 574 videlicet,
2468 527 2574 582 per
2612 510 2816 567 ﬂetum
2861 528 3133 568 amarum
3161 529 3174 578 ;
3207 512 3322 569 hoc
3354 518 3460 580 est,
3485 513 3545 568 in

177 602 309 661 στας
334 598 488 651 πάλιν
518 600 588 660 εἰς
613 604 707 657 τὴν
735 605 944 674 πρώτην
987 600 1152 663 τάξιν.
1204 596 1482 671 Ἀδελφοὺς
1526 595 1585 651 δὲ
1624 598 1748 650 αὐτο

1969 599 2208 654 istinum
2241 599 2435 655 locum
2490 601 2680 656 denuo
2708 602 3026 660 restitutus.
3071 603 3300 658 Fratres
3350 607 3546 659 autem

173 693 450 761 φησιτοὺς
510 688 694 750 ἄλλους
745 687 1088 758 ἀποστόλους,
1157 693 1185 747 ἤ
1228 693 1346 751 τοὺς
1391 687 1660 761 μέλλοντας
1712 683 1746 739 δ

1968 705 2023 742 is
2046 688 2184 744 dicit
2211 689 2471 762 reliquos
2501 691 2826 763 apostolos,
2876 697 2980 748 aut
3011 690 3160 758 illos,
3184 691 3288 764 qui
3319 707 3424 764 per
3445 707 3545 748 eos

172 778 339 830 αὐτοῦ
371 781 655 832 πιστεύειν.

1893 782 2061 833 erant
2081 777 2379 833 credituri.

244 867 306 920 Ὀ
356 865 415 920 δὲ
462 899 531 907 -
595 869 930 942 πορεύεσθαι.
986 864 1153 934 Ἔδει,
1218 875 1432 919 τοιαῦτα
1482 869 1626 941 παρά
1691 873 1784 928 τῆς

1970 866 2126 922 Vers.
2159 867 2246 924 33.
2273 867 2347 922 At
2385 868 2486 925 ille
2524 899 2590 909 —
2619 868 2726 926 ire.
2761 869 3100 942 Oportebat,
3144 886 3282 927 cum
3311 869 3441 926 haec
3470 868 3547 926 ab

171 957 407 1014 αὖτοαλη
419 959 559 1019 θείας
587 955 901 1020 ἀκούσαντα,
936 958 1095 1029 ἰσχὺν
1120 957 1337 1016 αἰτῆσαι
1363 956 1484 1030 παρ’
1504 956 1664 1008 αὐτοῦ
1695 975 1748 1006 xc

1965 971 2023 1011 sa
2051 956 2291 1012 veritate
2311 956 2593 1024 audisset,
2615 956 3018 1013 fortitudinem
3042 964 3220 1031 atque
3253 959 3542 1016 auxilium

173 1045 451 1119 βοήθειαν·
482 1047 508 1098 6
539 1043 598 1098 δὲ
623 1046 811 1118 μαλλον
841 1048 940 1098 υπὸ
969 1049 1282 1121 θερμότητος
1309 1045 1591 1115 ἀντιτείνει,
1619 1040 1750 1117 μηδέ

1966 1060 2058 1099 >eo
2086 1051 2281 1118 petere
2315 1062 2328 1100 :
2354 1051 2414 1102 at
2443 1046 2535 1101 ille
2555 1063 2674 1118 pra:
2701 1047 2924 1102 fervore
2939 1047 3288 1103 contradicit
3316 1048 3543 1121 potius,

172 1143 413 1188 τοιοῦτον
443 1137 644 1190 παθεῖν.

1893 1149 2188 1202 asserens,
2221 1150 2283 1191 se
2307 1134 2454 1190 nihil
2485 1135 2599 1191 tale
2631 1151 2971 1208 passurum.

249 1225 312 1277 Ὀ
393 1221 453 1278 δὲ
528 1256 595 1265 -
653 1244 734 1296 με.
806 1229 972 1297 Σήμερ
1027 1221 1154 1293 εἶπε,
1219 1221 1313 1276 διὰ
1378 1227 1436 1276 τό
1497 1220 1625 1276 εἶναι
1689 1225 1783 1280 τὴν

1969 1225 2122 1278 Vers.
2155 1228 2241 1280 3i.
2275 1226 2406 1294 Ipse
2434 1240 2571 1281 vero
2600 1255 2670 1266 —
2698 1225 3027 1292 me.Hodie,
3047 1223 3260 1298 inquit,
3281 1239 3350 1281 eo
3380 1223 3546 1297 quod

175 1314 434 1367 ἐπιοῦσαν
508 1316 669 1366 νύκτα
732 1323 826 1375 τῆς
894 1316 1089 1386 ἡμέρας
1165 1312 1375 1374 ἐκείνης.
1455 1314 1638 1386 Γράφει
1725 1309 1752 1363 ὃ

1968 1313 2155 1370 stabat
2195 1329 2314 1370 nox
2353 1315 2470 1369 diei
2506 1314 2678 1370 illius.
2724 1314 2933 1370 Scribit
3003 1320 3195 1370 autem
3249 1313 3545 1370 Mattbaaus

175 1407 452 1465 Ματθαῖος
509 1407 556 1455 εν
608 1412 680 1474 τῷ
741 1402 1006 1472 ἑξηκοστῷ
1077 1405 1303 1476 τετάρτῳ
1360 1401 1621 1475 κεφαλαίῳ
1695 1401 1752 1452 αὖ

1966 1403 2270 1474 xagesimo
2295 1409 2511 1478 quarto
2543 1404 2754 1476 capite,
2788 1404 2952 1476 quod
2986 1403 3198 1460 dixerit
3227 1403 3308 1459 illi
3348 1405 3543 1459 Jesus:

175 1501 308 1544 τοῦ’
364 1495 446 1546 ὅτι
496 1496 588 1561 ἔφη
643 1493 784 1562 αὐτῷ
849 1493 874 1543 ό
933 1495 1158 1553 Ἰησοῦς.
1220 1493 1407 1563 Ἀμὴν,
1480 1491 1609 1564 λέγω
1677 1511 1752 1542 σοι

1973 1508 2026 1547 ro
2049 1492 2172 1558 tibi,
2192 1493 2378 1560 Petre,
2395 1494 2548 1566 quod
2573 1494 2631 1548 in
2652 1495 2764 1550 hac
2788 1499 2972 1560 nocte,
2992 1493 3339 1566 priusquam
3356 1492 3550 1565 gallus

174 1585 260 1634 ὁτι
322 1580 370 1634 ἐν
429 1585 588 1653 ταύτῃ
657 1589 717 1654 τῇ
793 1586 958 1646 νυκτὶ,
1025 1585 1145 1654 πρὶν
1215 1579 1468 1655 ἀλέκτορα
1526 1588 1751 1652 φωνῆσαι

1968 1589 2087 1652 nat,
2125 1589 2214 1640 ter
2242 1599 2327 1640 me
2352 1583 2664 1656 abnegabis
2703 1583 2751 1619 ⁷³
2787 1599 2800 1650 ;
2831 1581 2911 1638 ibi
2933 1583 3062 1653 lege
3090 1583 3545 1638 enarrationem.

174 1677 298 1745 τρὶς
365 1670 643 1746 ἀπαρνήσῃ
711 1688 816 1744 με·
862 1675 952 1722 καὶ
1018 1667 1272 1743 ἀνάγνωθι
1344 1669 1448 1723 ἐκεῖ
1502 1672 1617 1742 (55)
1690 1673 1782 1728 τὸν

173 1759 452 1832 ἐξήγησιν.
1351 1751 1357 1757 .
1815 1771 1861 1828 Β

251 1856 357 1904 Καὶ
417 1847 549 1903 εἶπεν
620 1881 678 1890 -
731 1845 960 1912 οὐδενός.
1017 1853 1231 1924 Ἀτερον
1299 1850 1434 1921 (56),
1495 1847 1608 1901 ἀντὶ
1669 1856 1779 1916 τοῦ,

1972 1852 2130 1906 Vers.
2199 1854 2288 1907 35.
2339 1850 2418 1907 Et
2464 1850 2618 1908 dixit
2679 1881 2738 1891 -—
2807 1849 2968 1906 nihil.
3032 1849 3140 1921 (ἤκι-
3199 1847 3353 1924 Ἀτερ
3418 1847 3549 1906 loco

169 1944 372 2013 χωρίς.
464 1945 564 1993 Καὶ
641 1943 745 2011 μὴν
829 1939 922 1990 οὐκ
1007 1938 1354 2012 ἐμνημόνευσε
1435 1942 1543 1991 τότε
1595 1936 1746 2012 βαλαι

1974 1945 2063 2014 ιρὶς
2115 1957 2219 1996 seu
2249 1942 2414 2013 sine.)
2464 1940 2636 2013 Atqui
2691 1944 2831 1995 tunc
2882 1939 2956 1995 de
3019 1939 3229 1994 loculis
3268 1937 3432 1995 nulla
3463 1941 3551 1994 est

170 2034 294 2081 τίου
368 2029 482 2100 (57)
536 2027 667 2086 πλὴν
719 2036 790 2098 τῷ
856 2037 1044 2099 χρυσῷ
1109 2033 1198 2080 καὶ
1269 2036 1340 2098 τῷ
1426 2026 1633 2102 ἀργύρῳ
1693 2048 1747 2078 κο

1969 2035 2049 2086 :ta
2071 2031 2310 2086 mentio.
2345 2030 2560 2085 Verum
2584 2044 2690 2101 per
2717 2044 2932 2083 aurum
2950 2031 3003 2083 et
3021 2030 3336 2096 argentum
3367 2026 3546 2082 etiam

167 2126 332 2171 τοῦτο
379 2113 800 2174 συνεπεδήλωσεν
849 2119 986 2187 (58).
1048 2117 1246 2170 Ἐκεῖνα
1287 2119 1388 2191 γὰρ
1438 2120 1577 2188 ἔχειν
1616 2119 1744 2169 mli

1975 2136 2006 2175 c
2032 2119 2210 2175 simul
2240 2119 2448 2175 innuit.
2483 2120 2626 2175 Cum
2667 2117 2828 2173 enim
2869 2117 2968 2172 illa
3009 2116 3316 2187 possidere
3352 2119 3549 2172 vetas-

175 2228 297 2275 σας,
352 2203 616 2280 πρόδηλον
651 2227 663 2240 ·
715 2208 794 2258 ὅτι
845 2211 934 2258 καὶ
988 2214 1138 2259 τοῦτο
1198 2206 1478 2259 κεκώλυκεν
1536 2206 1662 2272 ἐπεὶ,
1709 2228 1752 2278 μη

1972 2217 2004 2274 t,
2063 2208 2468 2274 manifestum,
2501 2207 2665 2280 quod
2709 2212 2767 2263 et
2823 2207 2938 2263 hoc
2991 2204 3401 2279 prohibuerit:
3447 2204 3549 2261 ubi

173 2299 322 2357 ὄντος
378 2297 670 2368 θησαυροῦ,
728 2299 966 2370 περιττὸν
1023 2297 1128 2369 ἄρα
1181 2295 1238 2347 τό
1273 2296 1750 2369 θησαυροφυλάκιον

1967 2313 2158 2369 .mque
2212 2314 2331 2353 non
2373 2304 2458 2354 est
2505 2297 2840 2368 thesaurus,
2899 2295 3101 2369 utique
3168 2293 3544 2367 superﬂuum

170 2392 247 2457 Τῇ
275 2389 422 2457 πήρᾳ
446 2389 535 2457 μὲν
564 2388 662 2457 γὰρ
683 2385 792 2457 (59)
820 2389 906 2436 τόν
936 2385 1090 2459 ἄρτον
1111 2383 1388 2438 ἐνέϐαλλον·
1417 2394 1488 2456 τῷ
1521 2385 1747 2458 φασκολίι

1969 2392 1980 2443 t
2055 2387 2314 2443 thesauri
2360 2385 2801 2458 repositorium.
2881 2386 2944 2440 In
2999 2400 3205 2457 peram
3251 2382 3546 2456 siquidem

175 2472 238 2527 δὲ
280 2478 369 2526 τὸν
400 2474 621 2546 χαλκόν,
668 2478 786 2532 ἦτοι
813 2479 934 2537 τοὺς
974 2474 1202 2536 ὀϐολούς·
1245 2483 1313 2545 τῷ
1360 2473 1620 2546 βαλαντίῳ
1671 2476 1752 2547 (60

1975 2493 2112 2534 nem
2158 2477 2599 2534 immittebant:
2653 2477 2712 2532 in
2757 2475 3134 2548 marsupium
3170 2490 3312 2530 vero
3351 2471 3549 2530 coria-

177 2560 239 2616 δὲ
271 2566 361 2615 τόν
400 2567 609 2636 χρυσὸν
656 2568 739 2614 καὶ
793 2566 879 2615 τὸν
923 2565 1169 2639 ἄργυρον.
1203 2562 1507 2638 ’Υστέρησιν
1557 2564 1669 2636 (61)
1725 2561 1754 2616 δ

1974 2584 2088 2634 um,
2120 2566 2281 2638 quod
2309 2565 2600 2640 φασκώλιον
2630 2569 2867 2636 vocant,
2903 2581 3007 2629 aes,
3043 2567 3165 2619 sive
3196 2561 3428 2626 obolos,
3461 2576 3551 2617 re-

173 2652 319 2724 λέγει
341 2658 435 2711 τήν
465 2649 681 2708 ἔνδειαν.

1968 2655 2192 2710 μηθὺεωι
2222 2671 2235 2721 ;
2269 2655 2328 2710 in
2360 2654 2588 2710 loculos
2615 2659 2836 2718 autem,
2884 2669 3096 2709 aurum
3125 2657 3180 2708 et
3205 2656 3545 2720 argentum.

1891 2744 2197 2821 ’Υστέρησιν
2229 2749 2428 2800 autem
2459 2749 2630 2800 vocat
2654 2743 2940 2813 defectum
2976 2740 3296 2813 (inopiam).

255 2834 412 2882 Εἶπεν
459 2860 528 2871 -
581 2834 770 2903 πήραν.
825 2828 904 2903 [Ὀ
958 2829 1069 2901 (62)
1123 2833 1260 2902 ἔχων
1314 2828 1591 2903 βαλάντιον
1650 2830 1782 2902 (63),

1966 2835 2128 2889 Vers.
2164 2837 2252 2890 36.
2312 2833 2462 2889 Dicit
2517 2865 2584 2873 —
2625 2849 2839 2904 peram.
2866 2833 2908 2902 -ι-
2963 2830 3069 2896 Qui
3098 2829 3272 2885 habet
3301 2827 3543 2894 loculos,

173 2923 426 2972 τουτέστι
453 2927 662 2991 ⁸γνῶσιν,
710 2917 902 2992 ἀράτω,
939 2924 1028 2971 καὶ
1076 2926 1266 2993 πήραν,
1315 2924 1472 2991 ἤγουν
1523 2921 1750 2994 θησαυρά

1979 2940 2008 2979 c
2048 2927 2154 2990 est,
2187 2923 2514 2988 scientiam,
2553 2922 2719 2978 tollat
2750 2929 2803 2978 et
2830 2935 3054 2991 peram,
3090 2917 3439 2974 thesaurum
3468 2917 3551 2972 vi-

177 3009 400 3082 ἀρετῶν·
445 3007 724 3079 ἀναγκαῖον
771 3010 869 3080 γὰρ
923 3016 995 3080 τῷ
1033 3018 1306 3080 γνωστικῷ
1351 3011 1375 3060 6
1426 3009 1642 3069 πλοῦτος
1687 3016 1754 3060 τῶ

1975 3011 2105 3068 licet
2133 3011 2438 3077 virtutum;
2466 3028 2604 3067 nam
2619 3009 2863 3066 habenti
2879 3008 3175 3064 scientiam
3199 3005 3549 3062 necessarias

176 3097 401 3173 ἀρετῶν.
479 3096 537 3149 Ὀ
592 3094 650 3149 δὲ
702 3101 772 3169 μή
830 3100 965 3169 ἔχων
1018 3097 1279 3171 ἀμφότερα
1357 3097 1652 3156 πωλησάτω
1728 3117 1753 3149 τ

1976 3105 2033 3156 nt
2055 3105 2111 3156 et
2133 3101 2416 3156 virtutum
2435 3101 2672 3157 divitiae.
2698 3098 2803 3166 Qui
2823 3115 2964 3170 ergo
2979 3113 3096 3153 non
3125 3095 3308 3154 habet
3330 3099 3553 3152 utrum-

177 3189 392 3258 ἱμάτιον
421 3185 602 3252 αὐτοῦ,
632 3190 898 3238 τουτέστιν
936 3183 1131 3239 ἐκδότω
1161 3190 1218 3238 τὸ
1266 3195 1416 3259 σῶμα
1466 3193 1571 3247 τοῖς
1613 3191 1754 3238 πόνοι

1978 3207 2037 3254 θ,
2069 3190 2278 3248 vendat
2309 3193 2571 3246 tunicam
2620 3205 2802 3255 suam,
2857 3188 2918 3244 id
2971 3197 3076 3255 est,
3118 3189 3380 3258 exponat
3409 3189 3555 3251 _‘cor-

173 3280 267 3327 καὶ
304 3274 522 3350 ἀρετῶν,
567 3279 655 3326 καὶ
685 3276 971 3332 κτησάσθω
1002 3278 1218 3344 πόλεμον
1259 3279 1388 3336 πρός
1426 3278 1491 3327 τὰ
1519 3277 1658 3334 πάθη
1699 3295 1750 3326 xc

1970 3297 2012 3334 ιε
2039 3278 2344 3336 laboribus
2365 3279 2668 3344 virtutum,
2703 3284 2758 3334 et
2787 3282 2935 3335 emat
2963 3276 3256 3349 gladium,
3300 3273 3415 3330 hoc
3441 3278 3547 3340 est,

169 3369 295 3424 τοὺς
328 3360 364 3417 δ
369 3364 628 3434 αἰμονας.]

1897 3368 2138 3426 dimicet
2176 3369 2459 3424 adversus
2485 3367 2822 3424 atfectiones
2861 3372 2918 3424 et
2952 3366 3269 3423 daemones.

244 3459 384 3506 Τότε
445 3456 534 3525 μὲν
609 3451 900 3524 ἀναγκαίως
955 3452 1130 3515 αὐτοῖς
1201 3452 1415 3512 ἐπέθηκε
1463 3459 1554 3512 τὴν
1627 3453 1791 3511 ἀκτη-

1972 3461 2131 3514 Tunc
2152 3457 2390 3532 quidem
2409 3457 2744 3514 necessario
2771 3461 3092 3528 egestatem
3127 3455 3212 3512 eis
3238 3451 3549 3528 imposuit.

166 3545 446 3615 μοσύνην,
524 3542 605 3593 ἱνα
654 3544 1058 3614 κατορθώσωσιν
1116 3541 1296 3600 αὐτην⁸
1371 3541 1478 3594 ἐπεὶ
1529 3538 1587 3596 δὲ
1639 3551 1743 3595 τουπ

1994 3549 2068 3603 ad
2099 3547 2256 3603 illam
2286 3547 2768 3619 accingerentur;
2794 3550 3112 3619 postquam
3165 3561 3305 3601 vero
3322 3545 3436 3600 hoc
3459 3557 3553 3600 ac-

165 3638 416 3702 γέγονεν,
494 3629 700 3704 ἀφαιρεί
758 3638 844 3681 νῦν
911 3635 999 3688 την
1067 3629 1293 3702 ἀνάγκην
1349 3637 1438 3684 καὶ
1481 3652 1742 3706 παραχωρ

1980 3653 2016 3690 n
2037 3641 2141 3703 est,
2176 3636 2366 3693 aufert
2388 3652 2545 3692 nunc
2560 3636 2992 3700 necessitatem,
3016 3632 3368 3707 etpermittit
3391 3632 3475 3687 eis
3494 3633 3557 3688 ut

168 3725 395 3781 τούτοις
454 3722 593 3790 ἔχειν
658 3724 747 3770 καὶ
799 3719 914 3790 (64)
972 3718 1251 3792 βαλάντιον
1309 3725 1398 3772 καὶ
1462 3727 1653 3796 πήραν,
1712 3724 1745 3773 ἰν

1978 3725 2131 3782 :ulos
2145 3726 2406 3784 habeant
2429 3729 2485 3782 et
2516 3741 2742 3798 peram,
2771 3741 2892 3799 quo
2908 3724 3092 3780 virtus
3121 3739 3326 3779 eorum
3371 3735 3555 3794 appa-

170 3817 318 3882 φανῇ
354 3811 552 3861 τούτων
582 3809 610 3865 ἡ
656 3807 832 3881 ἀρετὴ,
878 3814 1046 3881 χωρὶς
1089 3807 1318 3880 ἀνάγκης
1349 3809 1747 3882 ἀκτημονούντωε

1975 3821 2046 3882 at,
2066 3815 2167 3888 qui
2182 3815 2342 3871 nulla
2360 3820 2605 3886 cogente
2621 3814 2966 3870 necessitate
2985 3811 3552 3883 sectanturinopiam

174 3905 286 3952 Καὶ
348 3903 593 3972 πρότερον
644 3901 734 3969 μὲν
810 3897 960 3958 αὐτὸς
1014 3894 1356 3958 διεϐάσταζεν
1413 3899 1621 3965 αὐτοὺς,
1700 3900 1751 3953 οὗ

1989 3905 2247 3976 primum
2289 3905 2534 3977 quidem
2574 3906 2701 3974 ipse
2740 3903 2975 3961 tenebat
3010 3902 3162 3970 illos,
3197 3917 3319 3957 non
3351 3899 3553 3956 sinens

170 3988 275 4040 ἑῶν
331 4006 474 4048 τινος
521 3987 771 4060 ὑστερεῖν,
820 3983 912 4038 διὰ
962 3991 1053 4044 τὴν
1114 3985 1376 4040 ἀσθένειαν
1405 3989 1591 4041 αὐτῶν·
1644 3989 1744 4041 ῦστ

1995 3993 2194 4064 aliquo
2220 3999 2476 4062 egerent,
2521 3998 2757 4066 propter
2801 4009 3007 4048 eorum
3035 3989 3503 4047 imbecillitatem
3540 4006 3553 4056 ;

169 4098 267 4151 ρον
339 4073 402 4128 δε
465 4078 681 4136 τούτους
745 4074 910 4146 ἀφῆκε
967 4074 1177 4147 βοηθεῖν
1260 4077 1476 4141 ἑαυτοῖς,
1554 4081 1622 4140 ὡς
1682 4076 1746 4138 ἥδ

1980 4080 2289 4136 νειωοάυω
2322 4097 2461 4136 vero
2492 4080 2719 4136 dimisit
2749 4081 2935 4153 ipsos,
2969 4086 3033 4134 ut
3058 4079 3164 4136 sibi
3190 4078 3336 4151 ipsis
3359 4080 3557 4134 essent

172 4165 556 4241 περῥοτέρους
652 4170 1059 4236 ’γεγενημένους
1128 4174 1281 4219 τουτο
1364 4170 1465 4241 γὰρ
1539 4163 1749 4226 δηλοῡτι

1978 4169 2136 4233 xilio,
2171 4170 2341 4241 quasi
2369 4170 2497 4241 jam
2531 4170 2890 4226 robustiores
2929 4168 3170 4224 effectos
3227 4185 3239 4223 :
3267 4182 3409 4223 nam
3440 4165 3555 4220 hoc

167 4259 270 4306 καὶ
319 4257 441 4326 (65)
493 4249 586 4305 διὰ
649 4262 740 4306 τοῦ
807 4252 1087 4326 βαλάντιον
1145 4256 1257 4327 (66)
1309 4261 1398 4308 καὶ
1445 4265 1535 4318 τῆς
1602 4261 1744 4331 πήρα

1982 4257 2248 4313 rloculos
2273 4274 2343 4314 ac
2365 4274 2567 4330 peram
2593 4257 2974 4328 signiﬁcatur.
3011 4255 3158 4312 Cum
3189 4270 3331 4325 ergo
3361 4251 3555 4326 prohi-

173 4350 290 4397 Καὶ
346 4345 433 4395 ὅτε
473 4346 562 4415 μὲν
612 4343 865 4396 ἐκώλυσεν
917 4343 1101 4405 αὐτοὺς
1159 4347 1300 4416 ἔχειν
1355 4344 1651 4417 βαλάντιον,
1703 4366 1750 4398 xc

1978 4348 2032 4403 iit
2061 4362 2164 4402 eos
2197 4347 2414 4403 habere
2436 4346 2665 4403 loculos
2697 4350 2753 4401 et
2788 4361 2991 4418 peram
3033 4361 3102 4400 ac
3129 4343 3364 4408 similia,
3416 4346 3555 4396 tunc

167 4439 382 4507 πέραν,
418 4437 508 4484 καὶ
542 4435 607 4484 τὰ
645 4441 882 4499 τοιαῦτα,
939 4438 1052 4486 τότε
1083 4431 1290 4496 οὐδενός
1337 4436 1652 4510 ὑστέρησαν,
1712 4438 1744 4487 ii

1977 4435 2072 4491 ιΙΙο
2099 4437 2502 4506 indiguerunt,
2533 4440 2594 4490 ut
2649 4435 2778 4505 ejus
2835 4433 3162 4506 potentiam
3200 4447 3271 4490 ac
3302 4429 3554 4504 gratiam

165 4531 351 4594 γνῶσι
373 4525 469 4579 τὴν
502 4521 658 4574 αὐτοῦ
689 4519 909 4594 δύναμιν
939 4528 1027 4574 καὶ
1056 4525 1235 4596 χάριν’
1281 4524 1361 4576 ὅτε
1393 4521 1450 4576 δὲ
1482 4530 1742 4598 παρεχώρῑ

1975 4531 2298 4589 :noscerent
2312 4543 2324 4593 ;
2339 4525 2585 4597 quando
2605 4539 2742 4580 vero
2761 4522 3033 4596 permisit
3051 4521 3224 4578 utilla
3248 4519 3552 4584 haberent,

171 4631 270 4665 σεν
316 4613 462 4683 ἔχειν
492 4610 644 4675 αὐτὰ,
672 4616 786 4664 τότε
815 4616 904 4663 καὶ
935 4609 1205 4664 ἐπείνασαν
1236 4611 1351 4683 (67)
1393 4617 1480 4665 καὶ
1530 4611 1748 4685 ἐδίψησε

1980 4629 2045 4669 nc
2075 4619 2130 4670 et
2181 4613 2514 4669 esurierunt
2547 4617 2602 4668 et
2633 4611 2897 4668 sitierunt
2926 4616 2982 4667 et
3011 4609 3344 4666 nuditatem
3395 4605 3557 4681 passi

165 4707 273 4754 καὶ
308 4700 722 4772 ἐγυμνήτευσαν,
757 4701 839 4752 ἶνα
857 4702 1065 4774 γνωσθῇ
1096 4704 1286 4754 τούτων
1326 4703 1356 4760 ἠ
1401 4701 1678 4778 anmals”;
1703 4723 1742 4754 κ4

1978 4707 2059 4770 nt,
2090 4707 2148 4759 ut
2178 4703 2447 4775 ipsorum
2467 4701 2747 4758 fortitudo
2785 4716 2856 4758 ac
2887 4700 3194 4760 tolerantia
3230 4712 3555 4772 cognosca-

167 4793 464 4866 καρτερία.

440 4810 464 4843 ι.
1905 4797 2017 4849 tur.

255 4945 310 4980 τι
345 4943 506 4999 Matt.
535 4957 694 5011 xxvr,
725 4942 816 4999 34.

1424 5051 1642 5120 Variae
1663 5050 1991 5121 lectiones
2023 5058 2089 5121 et
2116 5059 2320 5122 note.

253 5219 382 5294 (755)
424 5222 530 5294 Τῄν
555 5215 659 5294 in:
681 5223 769 5294 B._
938 5293 943 5294 7
1102 5289 1113 5294 _
1169 5289 1179 5294 _
1239 5292 1276 5294 Α
1468 5290 1478 5294 _
1974 5221 2090 5294 (62)
2121 5222 2255 5294 Haec
2284 5224 2535 5293 uterque
2565 5218 2624 5275 in
2657 5218 2947 5291 margine.

254 5291 383 5363 (56)
425 5291 660 5363 Αἴξ-ἄτερ
695 5288 770 5344 ad
801 5293 971 5363 χωρίς
993 5289 1207 5347 omittit
1236 5290 1578 5348 Hentenius.

942 5293 971 5352 ῖς
993 5289 1207 5347 omittit
1236 5290 1578 5348 Hentenius.
1977 5288 2092 5363 (63)
2130 5288 2519 5346 ΒαλλάιντονἈ.

250 5360 382 5434 (57)
425 5360 836 5434 ΒαλλωτίουᾷᾹ.
890 5360 898 5363 ⁷

1975 5360 2087 5434 (64)
2119 5364 2224 5419 Καὶ
2250 5363 2465 5419 omittit
2497 5363 2562 5420 Β.
2595 5361 2869 5416 Βαλλάτεον
2899 5361 3082 5419 habet
3121 5366 3188 5418 Α.

252 5429 380 5505 (58)
415 5429 892 5506 Συμπαρεδήλωσεν
922 5439 976 5486 Β.
2121 5435 2228 5488 Καί
2263 5437 2430 5489 abest
2461 5437 2520 5489 Β.

245 5501 379 5588 (ξῖέἓὶ
419 5501 763 5588 {immittit
790 5511 851 5560 Αο

1976 5506 2096 5588 (66)⁸
2121 5505 2397 5588 Βαλλατιον
2435 5509 2501 5588 A7,
2553 5510 2736 5588 atque
2772 5506 2855 5564 ita
2897 5508 3236 5562 constanter
3290 5501 3553 5558 disssen-

249 5575 376 5648 (60)
419 5575 708 5646 Βαλλαντίῳ
741 5581 801 5630 Α.
896 5645 913 5648 _
957 5645 977 5648 _
1231 5647 1241 5648 7
1508 5647 1513 5648 7
1577 5647 1581 5648 7

1231 5647 1241 5648 ί
1508 5647 1513 5648 ί
1577 5647 1581 5648 7
1905 5575 2143 5633 tiunt'in
2181 5577 2292 5633 hoc
2322 5576 2630 5635 vocabulo.

250 5645 378 5730 (ᾧ)
420 5647 509 5704 Ab
535 5645 815 5722 ὑστέρησιν
838 5645 914 5703 ad
946 5645 1130 5704 ﬁnem
1162 5646 1372 5704 scholii
1401 5647 1612 5706 omittit
1633 5649 1792 5709 Hen-

946 5645 1130 5704 ﬁnem
1162 5646 1372 5704 scholii
1401 5647 1612 5706 omittit
1633 5649 1792 5709 Hen-
1974 5649 2088 5722 (67)
2119 5649 2426 5709 Ἐπείνησαν
2457 5655 2521 5707 Δ.

150 5730 411 5783 tentus.
