3994 6218
528 304 663 375 ϊοδδ

534 532 728 592 nullus
760 534 988 589 illorum
1016 532 1262 589 haberet
1288 534 1316 589 ?
1346 532 1587 605 Capitur
1611 532 1811 605 itaque
1840 532 2033 601 habet,
2077 548 2184 605 pro

528 624 751 681 habere
785 626 992 695 potest.

600 714 771 767 Vers.
807 716 898 768 36.
937 714 1006 766 Et
1026 744 1092 753 —
1124 712 1403 781 gladium.
1434 743 1501 752 —
1531 711 1639 779 Qui
1666 728 1783 767 non
1809 712 1998 777 habet,
2024 727 2185 767 nunc

537 800 827 857 videlicet.
872 802 1040 867 Quod
1080 807 1276 857 autem
1302 802 1609 873 sequitur:
1650 802 1872 857 Vendat
1925 801 2185 858 (unicam

531 907 714 956 suam,
746 898 799 947 et
822 898 976 947 emat
1006 891 1409 962 gladium,per
1433 891 1768 962 emphasim
1798 891 1960 957 dixit,
1991 891 2185 946 solum

541 980 865 1036 ostendens
887 997 1013 1036 esse
1044 986 1280 1051 tempus
1298 979 1560 1045 ultionis,
1584 980 1976 1046 venientibus,
2000 995 2189 1053 quan-

534 1072 662 1125 tum
703 1085 1017 1140 nunquam
1060 1070 1228 1135 alias,
1261 1069 1775 1140 persecutionibus
1819 1084 1830 1124 :
1879 1084 2000 1124 non
2026 1068 2187 1142 quod

538 1156 754 1228 gladiis
796 1159 919 1213 vim
961 1157 1206 1229 propelli
1265 1156 1440 1213 vellet
1499 1173 1682 1225 ;nam
1720 1160 1953 1213 Petrum
1995 1156 2077 1213 ita
2107 1156 2191 1213 ul-

537 1246 675 1303 cisci
714 1246 1013 1303 volentem
1067 1247 1446 1319 postmodum
1506 1247 1832 1318 prohibuit.

614 1335 862 1409 lntelligi
882 1342 1080 1392 autem
1100 1341 1156 1392 et
1174 1336 1285 1392 alio
1303 1336 1485 1391 modo
1517 1341 1727 1408 potest,
1745 1340 1806 1392 ut
1824 1335 2049 1392 dictum
2075 1335 2191 1408 pri-

536 1422 712 1481 imum
734 1424 1070 1491 sitdeJuda,
1089 1425 1384 1498 siquidem
1411 1424 1574 1481 solus
1614 1425 1709 1480 ille
1751 1424 1980 1481 loculos
2010 1424 2186 1481 habe'

536 1513 656 1578 bat,
696 1519 984 1587 tanquam
1015 1516 1087 1570 ab
1114 1515 1361 1571 avaritia
1388 1514 1448 1570 in
1499 1516 1835 1571 servitutem
1863 1515 2137 1570 redactus
2171 1532 2185 1571 :

526 1604 701 1678 jubet
723 1605 944 1676 itaque,
976 1609 1041 1660 ut
1068 1604 1333 1677 ipse,qui
1364 1604 1588 1660 loculos
1615 1604 1813 1669 habet,
1847 1604 2011 1660 tollat
2037 1605 2185 1660 simi-

532 1693 667 1749 liter
695 1698 751 1749 et
772 1708 999 1765 peram,
1034 1694 1148 1748 hoc
1174 1699 1279 1759 est,
1322 1694 1610 1766 deseipso
1642 1699 1824 1758 curet,
1855 1694 2186 1764 cumiama

1846 303 2197 374 EUTHYMII
2248 310 2573 373 ZlGABENI
3699 296 3790 378 iul

599 441 844 510 Verum,
872 438 1384 517 quomododixit:
1420 440 1530 508 Qui
1567 441 1741 497 habet
1771 442 2012 508 loculos,
2045 458 2179 497 cum
2219 420 2264 492 Ᾱ

2370 442 2506 496 Alli:
2532 452 2639 505 πῶς
2672 445 2803 496 εἶπεν
2855 444 2936 496 ὅτι
2975 445 3000 496 ὁ
3042 446 3179 515 ἔχων
3230 443 3528 515 βαλάντιον;
3557 441 3690 506 οὐδεὶς
3720 450 3788 519 γὰρ

2296 530 2463 583 αὐτῶν
2494 531 2659 605 εἶχεν.
2692 532 2852 586 Ὠστε
2878 536 2957 597 τὸ,
2989 535 3014 587 ὁ
3050 537 3205 606 ἔχων,
3239 533 3350 587 ἀντὶ
3380 530 3485 599 τοῦ,
3522 536 3543 585 ὁ
3589 532 3793 607 δυνάμενος

2296 623 2455 693 ἔχειν.

2371 712 2471 765 Καὶ
2512 743 2582 750 -
2620 713 2913 784 μάχαιραν.
2943 711 3000 763 Ὀ
3032 716 3101 783 μὴ
3136 714 3271 783 ἔχων
3300 720 3406 764 νῦν.
3439 715 3503 764 Τὸ
3538 708 3587 765 δέ
3625 714 3796 771 fluitat:

2295 803 2353 852 τὸ
2419 803 2622 872 ἱμάτιον
2702 800 2881 867 αὑτοῦ,
2955 808 3043 854 καὶ
3118 801 3365 876 ἀγοράσει
3432 805 3679 875 μάχαιραι,
3715 804 3796 854 κατ’

2298 891 2518 961 ἔμφασιν
2563 887 2717 955 εἶπεν,
2786 888 3041 962 ἐμφαίνων
3093 896 3243 963 μόνον
3294 892 3373 942 ὅτι
3428 895 3584 964 καιρὸς
3639 890 3798 962 ἀμννης,

2299 976 2589 1051 ἐρχομένων
2648 981 2767 1030 ὅσον
2847 982 2989 1030 οὔπω
3042 988 3137 1031 τῶν
3191 978 3488 1044 ἐπιϐούλων,
3551 980 3599 1031 οὗ
3644 986 3721 1051 μὴν
3768 981 3800 1031 ἑν

2298 1074 2593 1141 μαχαίραις
2625 1067 2910 1134 ἀμύνεσθαι
2939 1067 3247 1140 βουλόμενος
3281 1089 3293 1100 ·
3325 1074 3415 1121 καὶ
3442 1072 3532 1143 γὰρ
3556 1070 3804 1144 ὖστεροντὸν

2303 1162 2490 1231 Πέτρον
2515 1159 2673 1218 οὕτως
2696 1156 3008 1231 ἀμυνόμενον
3048 1158 3299 1215 ἐκώλυσε.

2370 1340 2596 1395 Νοηθείη
2657 1334 2709 1391 δ’
2764 1336 2823 1389 ἂν
2886 1343 2975 1391 καὶ
3025 1337 3137 1409 «68)
3190 1338 3309 1391 καθ’

2299 1428 2389 1498 μὲν
2455 1436 2654 1500 πρῶτον
2724 1428 2879 1501 ῥητὸν
2953 1431 3068 1502 περὶ
3144 1435 3234 1479 τοῦ
3310 1424 3502 1482 Ἰούδα·
3563 1432 3690 1500 μόνος
3740 1432 3809 1497 γὰρ

3387 1339 3548 1411 ἕτερον
3584 1343 3734 1413 τρόπον
3771 1342 3810 1390 τὸ

2298 1513 2481 1577 ἐκεῖνος
2525 1513 2636 1587 εἶχε
2684 1515 2980 1588 βαλάντιον,
3037 1524 3098 1588 τῇ
3174 1516 3488 1591 φιῦαργυρία
3565 1514 3815 1587 δεδουλωμέ-

2295 1625 2379 1666 νος
2434 1627 2446 1639 ·
2508 1611 2597 1658 καὶ
2639 1605 2817 1657 λοιπὸν
2865 1606 3123 1658 κελεύεται
3173 1607 3285 1678 (69)
3358 1601 3479 1677 ἆραι
3539 1611 3615 1657 καὶ
3670 1611 3813 1675 πήραν,

2296 1697 2477 1765 ἤγουν,
2532 1695 2818 1768 φροντίζειν
2885 1694 3089 1757 ἑαυτοῦ,
3147 1704 3241 1757 τῆς
3297 1698 3438 1757 θείας
3486 1699 3695 1766 προνοίας
3741 1690 3816 1752 ἤδη

537 1782 1510 1855 divinaprovidentiasitabjectus,
1540 1783 1875 1839 secundum
1904 1799 2041 1839 vero
2066 1783 2185 1839 dic-

2298 1783 2604 1859 ἀπορραγείς
2637 1801 2651 1815 ·
2699 1788 2756 1835 τὸ
2812 1781 3048 1858 δεύτερον
3112 1780 3169 1836 δὲ
3224 1789 3339 1856 περὶ
3398 1792 3494 1836 τῶν
3544 1784 3682 1836 οὔλων
3729 1782 3817 1833 ἁπο-

535 1877 661 1927 tum
685 1870 759 1926 sit
784 1871 1085 1925 decaeteris
1118 1869 1396 1942 apostolis
1439 1888 1451 1937 ;
1500 1888 1638 1927 nam
1688 1871 1855 1943 ipsis,
1906 1872 2009 1945 qui
2061 1887 2185 1927 non

532 1959 1048 2030 habebant,jubet
1075 1960 1410 2015 utvendant
1432 1965 1698 2016 tunicam
1728 1967 1783 2017 et
1810 1968 2011 2016 emant
2063 1960 2183 2033 gla-

534 2049 725 2117 dium,
760 2048 822 2105 id
854 2056 959 2114 est,
984 2050 1220 2105 tradant
1245 2065 1463 2121 corpus
1506 2058 1561 2106 et
1591 2056 1839 2106 mortem
1873 2051 2183 2120 recipiant.

611 2138 783 2195 Vers.
811 2140 899 2194 37.
919 2140 1055 2194 Dico
1076 2171 1143 2179 —
1164 2145 1467 2211 reputatus
1490 2144 1587 2196 est.
1608 2172 1674 2181 —
1702 2141 1867 2207 Quod
1897 2142 2184 2208 scriptum

533 2237 615 2287 est
656 2229 715 2285 in
739 2230 1359 2301 propheta.1‘anquam
1378 2230 1638 2303 iniquum
1657 2232 1811 2286 enim
1830 2236 1884 2286 et
1903 2230 2187 2286 facinoro-

532 2335 667 2376 sum
694 2319 751 2375 in
784 2318 981 2374 medio
1026 2318 1370 2391 iniquorum
1397 2325 1452 2376 et
1496 2320 1967 2376 facinorosorum
2008 2320 2187 2377 latro-

531 2424 680 2463 num
708 2408 1129 2464 crucifixerunt
1163 2408 1351 2464 illum.

602 2498 872 2555 Vers.37.
905 2497 1123 2554 Etenim
1170 2528 1243 2540 —
1293 2499 1529 2556 habent.
1580 2501 1722 2565 Quae
1776 2498 1851 2555 de
1910 2516 2004 2556 me
2044 2498 2186 2556 scri-

531 2591 636 2661 pta
671 2592 808 2643 sunt
839 2586 899 2643 in
931 2586 1055 2660 lege
1083 2603 1152 2644 ac
1192 2588 1518 2660 prophetis,
1544 2589 1675 2662 jam
1707 2589 2108 2662 perficiuntur.

603 2678 745 2734 Vers
767 2680 853 2734 38.
890 2678 968 2733 At
1006 2677 1104 2733 illi
1140 2709 1209 2718 —-
1238 2677 1364 2733 duo.
1393 2678 1535 2734 Cum
1589 2695 1709 2734 non
1765 2678 2188 2737 intellexissent

533 2767 680 2842 quid
710 2767 820 2823 sibi
848 2765 1086 2823 volebat
1101 2767 1215 2822 hoc
1243 2767 1457 2823 verbo:
1491 2767 1728 2833 Quinon
1757 2767 1944 2832 habet,
1977 2768 2185 2824 vendat

535 2858 795 2915 tunicam
826 2873 992 2913 suam
1021 2862 1073 2912 et
1094 2863 1241 2912 emat
1281 2856 1550 2927 gladium
1580 2858 1646 2921 ’¹²,
1677 2858 2002 2913 ostendunt
2032 2858 2185 2913 duos

536 2946 788 3018 gladios,
820 2946 1043 3018 quibus
1074 2945 1164 3001 usi
1194 2946 1427 3001 fuerant
1479 2946 1556 3001 ad
1604 2946 2073 3002 immolationem
2117 2963 2186 3003 ac

537 3036 889 3093 divisionem
913 3036 1073 3105 agni,
1089 3034 1393 3108 cupientes
1410 3036 1536 3106 ejus
1554 3036 1783 3092 discere
1797 3036 2182 3093 intentionem

610 3126 781 3182 Vers.
814 3126 1381 3195 38.1psevero—est.
1401 3126 1545 3181 Hinc
1571 3124 1770 3181 adhuc
1796 3127 1987 3194 magis
2003 3132 2183 3199 patet.

537 3214 703 3289 quod
732 3231 853 3271 non
878 3214 1089 3285 gladiis
1117 3214 1319 3271 ulcisci
1367 3232 1427 3270 se
1454 3215 1683 3282 volens,
1708 3216 1967 3285 jusserat
1991 3231 2187 3271 emere

536 3305 773 3376 gladios
799 3329 809 3370 ;
844 3322 985 3361 nam
1006 3305 1053 3359 si
1087 3304 1144 3359 id
1172 3304 1476 3369 voluiseet,
1503 3305 1812 3377 quomodo
1831 3322 1990 3361 nunc
2016 3305 2191 3361 dixis-

536 3399 657 3452 set:
692 3397 851 3454 Satis
880 3403 956 3452 εει
982 3395 1009 3451 ?
1035 3393 1331 3465 siquidem
1364 3411 1558 3466 neque
1586 3400 1823 3450 centum
1858 3395 2038 3464 gladii
2071 3394 2190 3449 suf-

537 3485 817 3543 fecissent
836 3484 909 3539 ad
937 3483 1287 3539 irruentium
1309 3484 1773 3540 multitudinem.
1794 3485 1997 3557 Itaque
2025 3483 2189 3557 quod

535 3573 718 3630 dixit:
747 3573 905 3630 Satis
932 3578 1032 3638 est,
1062 3572 1341 3639 ostendit,
1359 3572 1517 3645 quod
1532 3572 2182 3643 nullaeratgladiorum

534 3661 879 3717 necessitas.

606 3751 767 3805 Vers.
803 3753 889 3805 39.
950 3752 1013 3806 Et
1043 3781 1110 3792 —
1150 3751 1311 3805 Vers.
1370 3752 1458 3805 42.
1526 3749 1648 3820 ﬁat.
1700 3750 1920 3806 Caetera
1949 3751 2189 3822 quidem

540 3838 865 3895 manifesta
880 3843 1041 3905 sunt;
1068 3838 1141 3894 de
1155 3838 1421 3894 oratione
1444 3854 1581 3892 vero
1602 3854 1801 3910 quaere
1814 3840 2082 3909 sexagesi
2094 3856 2190 3896 mo

537 3932 753 4000 quarto
778 3927 1075 3997 Evangelii
1103 3928 1273 3998 juxta
1298 3926 1613 3982 Mattheum
1643 3928 1833 3998 capite
1865 3928 2007 3983 dicit
2038 3927 2191 3983 illius

541 4018 980 4073 enarrationem
1012 4036 1024 4076 :
1060 4019 1483 4088 Etprogressus
1506 4017 1810 4085 pusillum,
1840 4017 2101 4087 procidit
2132 4019 2192 4073 in

533 4107 747 4179 faciem
772 4122 939 4163 suam
958 4108 1028 4173 ⁷³,
1053 4121 1123 4162 ac
1153 4111 1362 4161 caetera
1389 4121 1525 4177 quae
1555 4111 1906 4177 sequuntur.

611 4196 777 4253 Vers.
808 4200 895 4254 43.
928 4195 1220 4266 Apparuit
1249 4228 1318 4236 —
1352 4194 1505 4250 Vers.
1551 4198 1641 4253 44.
1684 4201 1923 4251 terram.
1974 4194 2191 4251 Eodem

547 4286 737 4361 capite
774 4286 986 4343 horum
1011 4286 1281 4341 omnium
1310 4283 1466 4339 facta
1496 4290 1583 4339 est
1639 4284 1881 4348 mentio,
1932 4283 2193 4355 dataque

542 4376 969 4447 interpretatio,
1003 4379 1059 4430 et
1086 4372 1158 4429 ibi
1180 4373 1305 4442 lege
1326 4372 1656 4428 verbiillius
1687 4371 2150 4429 declarationem
2177 4388 2189 4427 :

543 4466 622 4522 Et
662 4466 885 4523 relictis
916 4464 1055 4528 illis,
1104 4463 1246 4518 abiit
1276 4464 1490 4519 iterum
1525 4468 1577 4518 et
1608 4462 1795 4518 oravit
1837 4464 2007 4518 tertio
2039 4477 2196 4519 eum-

546 4555 679 4611 dem
699 4570 1013 4611 sermonem
1041 4554 1234 4609 dicens
1263 4554 1327 4604 7‘.

613 4646 777 4698 Vers.
802 4645 887 4699 45.
906 4645 979 4697 Et
999 4658 1131 4699 cum
1146 4641 1492 4697 surrexisset
1517 4672 1585 4679 —
1611 4640 1772 4695 Vers.
1814 4641 1903 4721 46.
1933 4641 2200 4696 tentatio-

544 4747 693 4786 nent.
712 4728 1318 4803 Consequenterdicto
1336 4730 1525 4801 capite
1540 4729 1671 4798 lega
1692 4745 1759 4784 ea
1777 4746 1909 4799 quae
1935 4744 2192 4802 sequun-

540 4824 654 4886 tur,
670 4819 816 4875 etab
834 4819 945 4875 illis
966 4820 1139 4875 etiam
1160 4819 1288 4875 haec
1306 4817 1787 4874 manifestissime
1804 4834 2152 4889 cognosces.

614 4999 662 5034 ⁷⁸
692 4996 828 5053 Luc.
858 5012 1000 5063 xxii,
1034 4996 1120 5052 36.
1196 4998 1247 5032 ⁷³
1290 4995 1494 5054 Matth.
1523 5012 1680 5062 xxvx,
1712 4997 1799 5053 39.

1878 4998 1926 5031 7‘
1952 4995 2100 5052 Ibid.
2125 5000 2211 5052 44.

2299 1872 2490 1924 στόλων
2526 1891 2536 1901 ⁸
2567 1873 2710 1924 οὗτοι
2746 1875 2847 1945 γὰρ
2881 1877 2949 1943 μὴ
2995 1875 3216 1944 ἔχοντες,
3256 1871 3603 1924 ἑπιτάττονται
3638 1870 3824 1928 solliciti

2294 1965 2349 2013 τὸ
2388 1964 2591 2033 ἱμάτιον
2621 1967 2709 2013 καὶ
2752 1960 3012 2031 ἀγοράσαι
3040 1964 3334 2034 μάχαιράν,
3368 1965 3600 2013 τουτέστι
3626 1957 3823 2012 dei-amri

2298 2060 2469 2121 σῶμα,
2504 2056 2591 2103 καὶ
2623 2049 2910 2103 ἀντιλαϐεῖν
2943 2052 3183 2104 θάνατον.

2369 2143 2516 2211 Λέγω
2600 2172 2669 2179 -
2758 2138 3032 2210 ἐλογίσθη.
3128 2143 3196 2192 Τὸ

2294 2234 2552 2301 προφήτῃ.
2628 2229 2716 2291 Ὠς

2294 2326 2392 2369 τῶν
2464 2316 2662 2379 ἀνόμων
2747 2324 2836 2371 καὶ
2911 2321 3209 2392 κακούργων
3288 2317 3495 2391 λῃστῶν
3566 2316 3831 2389 ἐσταύρωσαν

3282 2144 3623 2212 γεγραμμένον
3690 2138 3728 2189 ἐν
3779 2146 3828 2205 τῷ

2795 2230 2983 2300 οἰνομον
3046 2233 3146 2301 γὰρ
3224 2234 3312 2281 καὶ
3390 2236 3659 2303 κακοῦργον
3715 2231 3827 2298 μέσον

2294 2406 2475 2462 αὐτόν.

2366 2501 2466 2549 Καὶ
2504 2499 2604 2570 γὰρ
2653 2529 2708 2537 -
2739 2500 2873 2569 ἔχει.
2902 2499 2978 2549 Τὰ
2998 2503 3115 2571 περὶ
3150 2495 3272 2568 ἐμοῦ
3298 2499 3625 2570 γεγραμμένα
3657 2496 3697 2546 ἓν
3724 2512 3763 2544 τε
3784 2498 3835 2559 τῷ

2293 2589 2432 2657 νόμῳ
2462 2592 2552 2637 καὶ
2580 2594 2687 2648 τοῖς
2718 2593 3005 2658 προφήταις
3030 2586 3311 2638 τελειοῦται
3337 2583 3471 2644 ἤδη.

2366 2678 2431 2728 Οὶ
2486 2672 2543 2728 δὲ
2585 2706 2656 2716 -—
2714 2672 2831 2730 δύο.
2898 2680 2982 2733 Μὴ
3044 2681 3316 2740 συνιέντες,
3378 2681 3429 2728 τί
3475 2672 3650 2733 ἐδήλου
3696 2675 3758 2724 τόδ
3793 2669 3837 2720 Ὀ

2293 2767 2363 2837 μή
2422 2768 2556 2835 ἔχων
2607 2766 2838 2823 πωλήσει
2890 2765 3003 2835 (70)
3058 2769 3113 2817 ῑό
3165 2768 3370 2836 ἱμάτιον
3414 2765 3569 2817 αὐτοῦ
3618 2767 3695 2813 καὶ
3742 2758 3838 2828 ἐφ’

2293 2856 2443 2928 ράσει
2489 2853 2759 2926 μάχαιραν
2793 2874 2805 2886 ο
2860 2851 3266 2906 ὑποδεικνύονσι
3318 2850 3421 2906 δύο
3473 2858 3738 2925 μαχαίρας,
3786 2848 3841 2904 αἷς

2296 2941 2592 3015 ἐχρήσαντο
2647 2946 2770 3016 πρὸς
2831 2944 3015 2994 θυσίαν
3083 2950 3173 2993 τοῦ
3238 2940 3403 3014 ἀμνοῦ
3466 2947 3554 2993 καὶ
3618 2937 3839 3009 διανομὴν.

2297 3029 2603 3105 βουλόμενοι
2630 3033 2811 3104 μαθεῖν
2838 3034 2923 3082 τὸν
2958 3036 3147 3083 σκοπόν
3181 3032 3363 3085 αὑτοῦ.

2365 3120 2423 3173 Ὀ
2485 3117 2543 3174 δὲ
2617 3120 2747 3172 ἐστὶ.

2300 3208 2346 3261 ἐν
2419 3215 2692 3282 μαχαίρας
2747 3209 3043 3281 ἀμύνασθαι
3118 3210 3231 3281 (71)
3290 3208 3600 3281 βουλόμενος
3663 3203 3846 3264 Eximi?)

2828 3124 3045 3194 ψανερόν
3117 3120 3305 3192 μᾶλλον
3378 3119 3599 3173 ἐντεῦθεν
3650 3121 3717 3171 ὅτι
3777 3115 3846 3165 οὐκ

2301 3297 2560 3373 ἀγοράσαι
2617 3304 2885 3370 μαχαίρας
2939 3316 2949 3327 ·
3016 3298 3059 3350 εἰ
3105 3300 3205 3369 γὰρ
3259 3306 3419 3350 τοῦτο
3471 3297 3706 3353 ἐϐούλετο.
3768 3301 3849 3351 πῶς

2300 3385 2406 3440 εἶπε
2466 3397 2552 3439 νῦν
2614 3389 2692 3440 ὅτι
2746 3388 2938 3440 Ἱκανόν
2995 3386 3162 3452 ἐστινς
3215 3386 3273 3438 οὗ
3321 3391 3429 3461 γὰρ
3500 3385 3557 3437 ἂν
3621 3386 3845 3456 ἐξήρκεσαν

2300 3474 2414 3529 οὐδ’
2443 3477 2620 3529 ἑκατὸν
2661 3479 2928 3551 μάχαιραι
2959 3479 3087 3548 πρὸς
3131 3479 3187 3527 τὸ
3243 3474 3449 3537 πλῆθος
3488 3484 3585 3526 τῶν
3636 3474 3847 3525 ἐπιόντων.

2302 3570 2495 3619 Λοιπὸν
2540 3567 2627 3618 οὖν
2673 3566 2843 3631 εἰπὼν,
2896 3567 2975 3617 ὅτι
3016 3564 3207 3618 Ἱκανόν
3247 3568 3414 3632 ἐστιν,
3466 3564 3678 3636 ἐνέφηνεν
3713 3563 3774 3613 ὅτι
3808 3558 3849 3607 οὶ

2299 3663 2454 3731 χρεία
2483 3665 2781 3730 μαχαιρῶν.

2374 3752 2474 3798 Καὶ
2521 3776 2589 3786 -
2636 3747 2877 3816 γενέσθω,
2942 3748 3017 3796 Τὰ
3074 3747 3162 3815 μὲν
3215 3743 3347 3795 ἄλλα
3395 3753 3535 3817 σαφῆ
3589 3742 3681 3793 εἰσι
3710 3756 3721 3767 ’
3765 3738 3851 3805 περὶ

2302 3832 2359 3888 δὲ
2446 3842 2541 3895 τῆς
2591 3841 2898 3907 προσευχῆς
2960 3833 3187 3893 ζήτησον
3264 3832 3312 3883 ἓν
3384 3843 3460 3904 τῷ
3522 3832 3757 3896 ἑξηκοστνὲ
3800 3842 3854 3874 ἐ’

2299 3926 2469 3997 τάρτῳ
2496 3923 2753 3994 κεφαλαίῳ
2784 3932 2872 3974 τοῦ
2904 3925 3039 3973 κατά
3066 3924 3334 3974 Ὰῑατθαίον
3365 3928 3464 3980 τὴν
3499 3921 3728 3991 ἐξήγησιν
3753 3922 3849 3965 τοῦ·

2302 4018 2403 4066 Καὶ
2423 4012 2718 4087 προσελθὼν
2744 4012 2854 4081 (72)
2880 4015 3083 4085 μικρὸν,
3105 4014 3277 4063 ἔπεσεν
3307 4010 3399 4063 ἐπὶ
3427 4016 3696 4086 πρόσωπον
3712 4007 3849 4063 r3195,

2299 4107 2385 4153 καὶ
2407 4103 2470 4153 τά
2495 4100 2632 4163 ἑξῆς.

2370 4190 2542 4263 Ὧφθη
2615 4221 2677 4229 -
2731 4198 2853 4259 γῆν.
2919 4188 3001 4242 Ἐν
3054 4197 3124 4258 τῷ
3206 4189 3353 4259 αὐτῷ
3426 4188 3675 4261 κεφαλαίῳ
3728 4188 3853 4234 πειτα

2300 4281 2469 4331 πάντα
2534 4278 2987 4350 ἔμνημόνεὺθησοὶν
3046 4297 3099 4330 τε
3146 4286 3233 4329 καὶ
3292 4280 3717 4350 ἠρμηνεύθησαν.
3780 4275 3851 4321 Καὶ

2304 4368 2560 4438 ἀνάγνωθι
2591 4366 2692 4419 ἐκεῖ
2736 4372 2827 4425 τὴν
2874 4368 3139 4439 ἑρμηνείαν
3188 4375 3300 4418 τοῦ·
3362 4372 3469 4421 Καὶ
3511 4367 3640 4438 ἀφεὶς
3690 4362 3849 4423 αὐτοῦς,

2304 4457 2530 4510 ἀπελθὼν
2562 4456 2733 4518 πάλιν,
2763 4456 3093 4529 προσηύξατο
3124 4460 3176 4507 ἐκ
3208 4460 3420 4529 τρίτου,
3464 4461 3552 4508 τὸν
3584 4456 3720 4506 αὑτὸν
3746 4450 3856 4516 167:7

2307 4547 2477 4600 εἰπών.

2383 4640 2480 4688 Καὶ
2576 4633 2799 4695 ἀναστὰς
2875 4634 2987 4705 (73)
3059 4665 3124 4675 -—
3206 4639 3532 4706 πειρασμόν.
3601 4628 3858 4684 Ἀιοὶούὃως

2301 4723 2349 4777 ἓν
2406 4733 2475 4795 τῷ
2529 4725 2668 4794 αὐτῷ
2716 4723 2973 4795 κεφαλαίῳ
3018 4727 3079 4775 τὰ
3135 4723 3247 4786 ἑξῆς
3316 4723 3603 4794 ἀνάγνωθι,
3661 4723 3735 4769 καὶ
3792 4713 3852 4761 π’

2301 4818 2501 4870 ἐκείνων
2544 4820 2691 4870 ἔσται
2728 4836 2811 4869 σοι
2867 4821 2955 4868 καὶ
2998 4819 3190 4868 τούτων
3240 4820 3555 4890 σαφεστάτη
3606 4811 3853 4883 διαγνώσει

1741 5173 2292 5244 Variaalectiones
2323 5179 2391 5241 et
2426 5182 2627 5241 nota.

612 5372 730 5445 (68)
762 5371 906 5445 Καθ’
935 5370 1102 5445 abest
1120 5371 1164 5425 A
1180 5415 1192 5427 .

614 5439 731 5512 (69)
758 5443 818 5496 Ὀ
852 5439 1075 5504 Ἰούδας.

618 5512 731 5588 (70)
757 5518 1112 5588 constanter
1124 5528 1288 5588 ergo
1320 5512 1586 5588 futurum
1611 5513 1954 5569 habetcum
1999 5512 2200 5588 melio-

542 5583 1059 5644 rib'us'codicibus.
1096 5585 1349 5654 Vulgata
1378 5583 1548 5640 lectio
1575 5585 1806 5656 invecta
1832 5592 1921 5640 est
1950 5599 2055 5656 per
2081 5585 2202 5641 Ori-

547 5659 769 5726 ginem.
823 5660 990 5716 Tom.
1046 5657 1138 5725 Ill,

547 5659 769 5726 ginem.
823 5660 990 5716 Tom.
1046 5657 1138 5725 Ill,
1197 5672 1255 5730 p.
1300 5659 1401 5713 653
1460 5658 1527 5723 A,
1586 5662 1643 5713 et
1696 5655 1998 5730 Chrysost.
2050 5660 2197 5712 tom.

543 5728 658 5795 VII,
682 5745 742 5803 p.
775 5732 877 5786 797
911 5732 977 5787 C.

2379 5369 2493 5441 (71)
2532 5368 2869 5441 Ἀμύνισθαι.
2899 5374 2954 5421 Β.

2538 5445 2640 5494 Καὶ
2671 5440 2950 5515 προελθώνε
2992 5445 3047 5492 Β.

2382 5505 2495 5583 (73)
2560 5516 2679 5575 Καί,
2710 5505 2875 5567 'ante
2920 5505 3173 5583 ᾆναστοξς,
3218 5508 3393 5580 quod
3460 5508 3606 5583 alter
3645 5505 3843 5583 ωςοηξῑξλ

2308 5571 2527 5666 omittit
2565 5584 2624 5639 in
2669 5571 2781 5639 suo
2825 5580 3030 5639 codice
3075 5571 3309 5638 videtur
3362 5579 3652 5657 reperisse
3698 5571 3848 5627 llenw

2305 5670 2466 5712 mus.
