3994 6218
93 298 236 397 ibit

1173 319 1520 398 comem
1554 303 1632 398 ﬁt
1669 301 1936 397 Luam.
1977 372 2046 383 —
2082 339 2240 398 CAP.
2280 341 2480 398 χχιιι.

3334 321 3474 398 ιοεδ

165 464 285 521 Ἔτι
321 461 380 519 δέ
432 497 500 507 -
537 465 705 524 ἔστιν.
772 467 856 522 Ἐν
898 475 970 538 τῷ
1026 464 1291 540 έξηκοστῷ
1334 470 1552 540 πέμπτῳ
1610 485 1691 520 κε-

1878 465 2046 522 Vers.
2077 467 2167 523 47.
2189 455 2406 523 Adhuc
2426 471 2622 524 autem
2645 497 2712 508 —
2728 467 2826 522 est.
2846 464 3232 536 Sexagesimo
3248 463 3461 538 quinto

96 555 297 629 φαλαίῳ
369 563 460 609 τοῦ
533 559 667 608 κατὰ
714 558 985 610 Ματθαίον
1042 561 1247 629 εἴρηται
1303 561 1420 629 περὶ
1497 558 1693 608 τούτων

94 642 339 718 ἀκριϐῶς.
370 648 678 718 Προὴρχετο
706 640 766 698 δὲ
791 645 994 716 αὐτοὺς,
1027 641 1140 697 ἀντὶ
1163 649 1277 710 τοῦ,
1309 641 1695 718 προελάμϐανεν

90 733 254 786 αὐτοῦ
263 754 307 796 ς,

163 821 222 874 Ὀ
265 818 326 875 δε
355 820 562 884 Ἰησοῦς
611 853 678 863 -
723 821 901 876 αὐτὸν.
943 821 1168 895 Ὁμοίως
1199 820 1246 874 έν
1277 823 1451 896 ἐκείνῳ
1481 823 1548 874 τὰ
1579 822 1698 885 ἑξῆς

92 908 376 982 ἀνάγνωθι,
421 915 510 963 καὶ
555 913 751 964 τούτων
798 913 1000 964 πάντων
1055 913 1292 985 εὑρήσεις
1341 909 1572 987 ἀκριϐεῖς
1609 915 1698 973 τὰς

91 1002 296 1060 λύσεις.

162 1084 294 1142 Eius
337 1119 406 1131 —
461 1087 566 1162 i‘us'.
625 1089 762 1144 Ἐκεῖ
815 1094 905 1143 καὶ
956 1094 1072 1166 περὶ
1122 1093 1315 1143 τούτῶν
1358 1094 1562 1165 εἴρηται
1608 1092 1698 1142 καὶ

91 1177 415 1252 ἠκρίϐωται.

166 1265 304 1321 Ἀλλ’
359 1297 428 1309 —
480 1269 609 1342 ὥρα.
670 1269 752 1323 Ἐν
889 1263 1111 1343 δύναμιν
1153 1267 1354 1322 ελαϐετε
1401 1267 1516 1323 κατ’
1566 1267 1692 1342 έμοῦ

99 1357 293 1409 θεόθεν.

170 1451 274 1499 Καὶ
351 1447 383 1504 ἦ
461 1444 672 1509 ἕξουσία
744 1455 836 1500 τοῦ
904 1452 1138 1510 σκότους.
1207 1451 1396 1511 Σκότος
1473 1448 1698 1502 ἐνταῦθα

91 1533 230 1606 λέγει
288 1538 375 1588 τὸν
425 1530 687 1588 διάϐολον·
747 1536 893 1590 ἔλαϐε
935 1541 1039 1612 γὰρ
1090 1541 1181 1590 καὶ
1236 1538 1395 1600 αὐτὸς
1456 1537 1696 1602 ἐξουσίαν

91 1628 213 1676 τότε
267 1624 388 1678 κατ’
431 1624 612 1680 αὐτοῦ.
663 1625 884 1698 Ὁμοίως
929 1624 988 1681 δι
1045 1632 1135 1681 καὶ
1183 1629 1208 1680 6
1267 1627 1509 1694 Πιλᾶτος,
1567 1631 1697 1701 πρὸς

91 1714 145 1765 ὃν
255 1709 414 1767 εἶπεν.
518 1715 628 1768 Ou’x
715 1711 856 1787 εἶχες
943 1715 1183 1780 ἐξουσίαν
1257 1713 1508 1791 οὐδεμίαν
1581 1717 1697 1769 κατ’

1811 557 2456 626 Evangeliisecundnm
2482 556 2813 614 Matthzeum
2838 555 3030 628 capite
3054 555 3230 610 dehis
3259 561 3465 610 exacte

1810 651 2122 702 tractatum
2155 651 2260 703 est.
2294 647 2668 704 Prwcedebat
2695 651 2894 703 autem
2933 661 3046 711 eos,
3081 645 3204 700 sive
3230 649 3464 701 antece-

1807 735 2010 801 debat,
2050 741 2341 807 tanquam
2370 735 2603 792 ductor.

1878 823 2051 881 Vers.
2089 825 2179 881 48.
2204 825 2369 882 Jesus
2407 824 2863 883 autem—Vers.
2899 824 2984 881 51.
3013 839 3160 881 eum.
3185 821 3466 879 Similiter

1807 917 1864 969 et
1884 912 1940 968 in
1968 913 2068 969 illo
2083 913 2213 984 lege
2237 929 2448 987 eaquaa
2473 917 2824 986 sequuntur,
2857 917 2914 968 et
2933 912 3152 969 horum
3181 911 3459 968 omnium

1807 1001 2092 1074 pulchras
2114 1000 2384 1057 invenies
2409 1001 2875 1073 ambiguitatum
2901 1001 3250 1057 solutiones.

1877 1091 2041 1148 Vers.
2073 1091 2160 1147 52.
2195 1089 2350 1148 Dixit
2373 1121 2438 1131 —
2458 1090 2622 1147 Vers.
2653 1091 2742 1145 53.
2783 1105 2884 1146 me.
2927 1090 3113 1146 Etiam
3157 1088 3231 1145 de
3261 1087 3354 1145 his
3383 1086 3465 1144 ibi

1805 1175 2031 1236 dictum
2059 1183 2166 1246 est,
2201 1195 2272 1235 ac
2297 1179 2614 1250 diligenter
2660 1183 3002 1236 tractatum.

1877 1269 2041 1326 Vers.
2072 1270 2161 1327 53.
2189 1270 2311 1326 Sed
2328 1299 2398 1312 -
2423 1269 2592 1327 hora.
2626 1268 2693 1324 In
2717 1285 2837 1342 qua
2874 1284 2911 1326 a
2957 1270 3076 1325 Deo
3107 1269 3464 1338 potestatem

1803 1359 1866 1417 in
1899 1376 1994 1417 me
2018 1359 2354 1433 accepistis.

1879 1450 2040 1506 Vers.
2073 1449 2161 1506 53.
2191 1451 2256 1505 Et
2277 1455 2534 1520 potestas
2561 1447 2955 1507 tenebrarum.
2984 1445 3280 1504 Tenebras
3297 1448 3468 1501 vocat

1804 1539 1901 1596 hic
1921 1537 2230 1596 diabolum
2256 1556 2270 1606 ;
2295 1539 2519 1611 accepit
2539 1539 2697 1594 enim
2717 1544 2773 1594 et
2793 1539 2921 1610 ipse
2943 1541 3082 1592 tunc
3105 1540 3461 1608 potestatem

1806 1629 2096 1685 adversus
2119 1644 2278 1686 eum.
2303 1628 2785 1684 Similiterautem
2810 1632 2866 1684 et
2889 1625 3130 1692 Pilatus,
3154 1624 3246 1679 cui
3276 1622 3462 1680 dixit:

1805 1720 1934 1774 Non
1958 1718 2198 1776 haberes
2225 1718 2408 1776 ullam
2431 1723 2760 1790 potestatem
2795 1718 3107 1774 adversum
3137 1733 3218 1770 me
3244 1715 3363 1770 nisi
3380 1729 3464 1771 es-

89 1801 246 1873 ὶμοῦ,
305 1802 348 1856 εί
404 1807 474 1876 μὴ
546 1801 575 1863 ἧ
637 1824 721 1856 σοι
769 1801 1044 1877 δεδομένον
1123 1807 1332 1860 ἄνωθενο
1407 1808 1478 1870 ὡς
1550 1807 1698 1879 ἔγρα-

1845 1811 1889 1863 et
1918 1805 2022 1864 tibi
2044 1807 2274 1864 datume
2293 1808 2589 1877 supernis,
2623 1806 2800 1862 veluti
2830 1806 3064 1877 scripsit
3087 1803 3347 1861 Joannes
3375 1804 3456 1858 ⁷⁸.

88 1891 186 1962 φιν
250 1891 508 1955 Ἰωάννης.
567 1893 728 1967 Ὁμοῦ
781 1889 840 1947 δε
888 1897 1068 1956 πάντες
1125 1891 1345 1970 δύναμιν
1400 1903 1488 1948 καὶ
1559 1893 1696 1960 ἕξου-

92 1987 214 2034 σίαν
278 1981 461 2035 ἔλαϐον
515 1991 799 2041 τηνικαῦτα
849 1986 1040 2037 πάθεσι
1095 1989 1184 2038 καὶ
1247 1987 1445 2058 θανάτῳ
1515 1993 1696 2038 τοῦτον

89 2069 398 2138 ὑποϐαλεῖν,
459 2073 542 2124 ἶνα
596 2071 841 2148 πληρωθῇ
889 2075 918 2133 ἠ
975 2072 1242 2148 οἰκονομία
1292 2083 1385 2138 τῆς
1433 2080 1696 2150 σωτηρίου

89 2158 397 2235 ἕνανθρωπὴ
409 2179 509 2214 σεω
519 2182 558 2223 ς.

163 2248 516 2333 Συλλαϐὁντες
569 2282 635 2294 -
672 2249 984 2325 ἀρχιερέως.
1034 2249 1302 2316 Ὡσαύτως
1337 2251 1442 2306 έκεῑ
1466 2257 1556 2306 καὶ
1585 2258 1698 2329 περὶ

93 2341 295 2390 τούτων
327 2339 582 2399 ζήτησον.

159 2426 221 2479 ’0
257 2423 319 2480 δί
344 2432 532 2504 Πέτρος
558 2461 624 2470 -
654 2428 841 2496 αὐτῶν,
874 2429 991 2484 "Eri
1020 2436 1107 2484 xui
1139 2437 1256 2508 περὶ
1286 2435 1480 2486 τούτων
1500 2430 1698 2484 πλατύ-

89 2534 239 2588 τερον
271 2519 376 2589 γὰρ
417 2519 790 2592 ἱστορήσαντος
834 2527 922 2572 τοῦ
949 2521 1249 2589 Ματθαίόυ,
1287 2519 1610 2596 λεπτομερῷς
1650 2519 1697 2573 έν

89 2607 273 2677 ἐκείνῳ
303 2607 468 2659 πάντα
495 2613 892 2680 σεσαφήνισται.

161 2780 394 2838 ’ἰδοῦσα
428 2816 498 2827 —
523 2793 646 2859 φῶς.
674 2789 743 2840 Τὸ
773 2784 872 2839 ἀπὸ
899 2793 990 2840 τοῦ
1011 2792 1194 2862 πυρός.

163 2966 272 3016 Καὶ
324 2959 611 3016 ἀτενίσασα
656 2995 722 3006 —
768 2964 793 3016 ὃ
821 2963 1000 3036 λέγεις.
1056 2963 1339 3037 Ἀνάγνωθι
1385 2965 1536 3018 καὶᾶ
1576 2969 1694 3041 περὶ

82 3053 294 3104 τούτων
342 3051 564 3127 ἔγραψεν
621 3053 647 3104 ὁ
697 3050 962 3115 Ματθαῖος
1020 3052 1070 3106 ἐν
1128 3062 1199 3126 τῷ
1253 3053 1517 3126 ἑξηκοστῷ
1568 3055 1694 3126 ἕκτῳ

1807 1900 1966 1954 Tunc
1991 1903 2191 1954 autem
2215 1897 2390 1953 simul
2421 1913 2633 1953 omnes
2661 1897 2778 1952 vim
2812 1910 2882 1952 ac
2914 1899 3266 1968 potestatem
3300 1908 3465 1950 acce-

1806 1988 2234 2062 peruntipsum
2256 1985 2676 2043 afﬂictionibus
2702 2002 2772 2042 ac
2796 1983 2968 2040 morti
2991 1983 3368 2055 subiiciendi,
3404 1985 3466 2038 ut

1809 2077 2152 2151 impleretur
2180 2075 2542 2148 dispensatio
2589 2073 2866 2130 salutaris
2905 2072 3353 2129 incarnationis.

1882 2255 2044 2312 Vers.
2094 2257 2186 2312 54.
2249 2253 2725 2323 Comprehensum
2766 2283 2832 2294 —
2877 2251 3158 2324 principis
3199 2249 3466 2308 sacerdo-

1808 2352 1948 2402 tum.
1991 2344 2117 2401 Pari
2159 2346 2340 2400 modo
2366 2343 2444 2398 ibi
2472 2341 2654 2399 dehis
2680 2340 2856 2397 etiam
2888 2356 3103 2412 quaere.

1878 2434 2042 2490 Vers.
2078 2437 2160 2489 54.
2203 2433 2408 2489 Petrus
2447 2447 2580 2488 vero
2606 2461 2674 2472 —
2703 2431 2863 2485 Vers.
2900 2428 2986 2485 55.
3019 2429 3174 2484 illus.
3210 2427 3466 2486 Praeter-

1807 2540 1880 2580 ea
1929 2531 1981 2578 et
2024 2523 2098 2579 de
2145 2521 2240 2579 his
2287 2540 2301 2577 :
2343 2538 2483 2577 eum
2537 2521 2696 2577 enim
2753 2519 2931 2576 latius
2977 2519 3274 2592 scripserit
3328 2519 3465 2574 Mat-

1807 2613 2021 2680 thaaus,
2087 2611 2483 2685 particulatim
2538 2610 2597 2666 in
2659 2609 2758 2666 illo
2823 2609 3028 2665 omnia
3087 2606 3466 2665 manifestata

1807 2707 1970 2761 sunt.

1877 2792 2040 2849 Vers.
2097 2795 2184 2848 56.
2225 2789 2445 2847 Intuita
2483 2819 2550 2830 -
2582 2787 2771 2846 lumen
2826 2785 2998 2853 Quod
3051 2784 3130 2841 ab
3175 2785 3313 2858 igne
3363 2798 3462 2840 re-

1807 2879 2167 2954 splendebat.

1880 2970 2044 3026 Vers.
2074 2970 2164 3026 56.
2215 2967 2435 3037 Deﬁxis
2467 2966 2653 3022 oculis
2698 2995 2764 3006 -
2797 2963 2959 3019 Vers.
2990 2966 3076 3019 60.
3126 2961 3262 3035 quid
3279 2960 3459 3018 dicas.

1809 3060 1959 3128 Lege
1997 3057 2196 3123 etiam,
2229 3072 2365 3130 quas
2391 3056 2465 3110 de
2516 3055 2610 3110 his
2672 3053 2902 3126 scripsit
2946 3053 3253 3108 Matthaeus
3298 3065 3465 3106 sexa-

81 3140 377 3214 κεφαλαίῳ,
453 3147 542 3194 xui.
616 3147 709 3205 τὰς
776 3141 952 3205 λύσεις
1036 3143 1200 3196 αὐτῶν
1229 3160 1246 3178 ο
1332 3139 1443 3198 εἶτα
1511 3147 1694 3217 μικρὸν

1845 3147 2042 3203 ὀεἱωο
2071 3152 2236 3202 sexto
2266 3148 2476 3218 capite,
2501 3159 2828 3214 eorumque
2859 3141 3218 3198 solutiones:
3247 3139 3466 3197 deinde

81 3225 442 3294 ἀναποδισον,
498 3236 587 3283 xui.
659 3230 890 3292 ζήτησον
961 3234 1036 3284 ἔτι
1105 3236 1192 3290 τὴν
1261 3230 1511 3304 ἔξηγησιν
1580 3241 1691 3285 τοῦ’

83 3323 191 3371 Καὶ
239 3317 486 3371 εἰσελθὼν
526 3322 648 3386 ἔσω,
699 3318 923 3379 ἐκάθητο
962 3323 1090 3387 μετὰ
1135 3330 1235 3374 τῶν
1265 3323 1532 3395 ὑπηρετῶν
1565 3319 1695 3375 ἰδεῖν

80 3411 139 3458 τὸ
173 3406 347 3469 τέλος.

165 3501 274 3550 [αἱ
324 3507 661 3571 παραχρῆμα
716 3528 782 3539 —
840 3507 1058 3571 πικρῶς.
1116 3497 1436 3564 ’Λκόλούθως
1508 3499 1557 3554 έν
1626 3508 1698 3572 τῷ

81 3586 309 3659 ῥηθέντι
338 3586 595 3660 κεφαλαίῳ
619 3591 710 3640 καὶ
738 3595 905 3640 ταῦτα
934 3584 1341 3661 διασεσοὲφηται.

163 3768 277 3817 Καὶ
337 3795 406 3805 -
461 3763 636 3819 αὐτόν.
683 3766 762 3819 Ἐν
813 3773 886 3836 τῷ
921 3765 1052 3818 τέλει
1089 3774 1181 3819 τοῦ
1229 3767 1513 3830 ἑξηκοστοῦ
1569 3774 1701 3842 πέμ-

87 3871 225 3904 πτου
287 3851 567 3925 κεφαλαίου
633 3858 982 3929 περὶτούτων
1034 3856 1257 3929 ἔγραψεν
1318 3859 1344 3909 6
1409 3861 1697 3921 Ματθαίος.

87 3940 393 4013 Ἀνοίγνωθι
420 3938 478 3994 δέ
498 3947 586 3994 xui.
618 3943 668 3995 ἐν
701 3952 771 4014 τῷ
801 3943 1062 4015 ἑξηκοστῷ
1092 3947 1220 4016 ἕκτῳ
1251 3945 1510 4018 κεφαλαίῳ
1540 3949 1700 4001 αὑτοῦ

81 4034 141 4082 τὸ
197 4029 352 4091 τέλος
397 4039 492 4092 τῆς
535 4030 841 4105 ἐξηγήσεως.
904 4037 1004 4085 Καὶ
1051 4031 1260 4097 ἐξελθὼν
1317 4035 1413 4098 ἔξω
1485 4037 1702 4091 ἔκλαυσε

79 4127 320 4194 πικρῶς.

157 4214 271 4262 Καὶ
334 4239 396 4248 —
462 4209 640 4264 αὐτοῦ.
707 4210 994 4280 Ἀνοὶγνωθι
1055 4209 1104 4264 ἕν
1178 4221 1250 4284 τῷ
1314 4210 1702 4286 προδηλωθέντι

79 4295 368 4367 ἑξηκοστῷ
443 4301 659 4370 πέμπτῳ
722 4297 982 4371 κεφαλαίῳ
1069 4308 1161 4352 τοῦ
1226 4303 1360 4353 κατὰ
1435 4305 1700 4355 Ματθαῶν

80 4383 188 4437 ἀπὸ
241 4393 366 4437 τοῦ·
430 4391 530 4439 Καὶ
584 4383 885 4461 ἀποκριθεὶς
932 4389 958 4439 ὁ
1011 4387 1284 4463 ἀρχιερεὺς
1342 4387 1475 4443 εἶπεν
1538 4392 1697 4462 αὐτῷ’

79 4473 388 4549 Ἐξορκίζω
464 4493 522 4528 σε
580 4479 716 4528 κατὰ
785 4485 876 4529 τοῦ
946 4483 1080 4530 Θεοῦ
1165 4485 1256 4530 τοῦ
1332 4479 1542 4548 ζῶντος,
1621 4481 1703 4531 ἵνα

78 4565 216 4634 ἡμῖν
309 4563 478 4637 εἴπῃς.
556 4564 615 4616 Εἰ
689 4569 753 4618 σὺ
811 4562 858 4618 εἶ
920 4567 946 4618 6
1008 4571 1258 4640 Χριστὸς,
1331 4568 1357 4620 6
1434 4569 1554 4630 Υἱός
1611 4576 1702 4620 τοῦ

81 4660 263 4706 Θεοῦο
351 4653 486 4727 ἄχρι
551 4661 661 4706 τοῦ·
729 4658 855 4707 Τότε
924 4653 1203 4708 ένέπτυσαν
1266 4655 1337 4718 εἰς
1397 4656 1570 4709 αὐτόν·
1656 4655 1703 4709 έν

74 4744 190 4815 γὰρ
224 4745 348 4802 ταῖς
391 4736 701 4814 έεηγησεσιν
749 4741 964 4806 έκείναις
997 4744 1108 4817 (74)
1137 4743 1583 4819 ,ἔσαφηνίσθησαν
1616 4745 1705 4798 καὶ

78 4849 294 4885 ταυτα.

159 4925 276 4976 Καὶ
327 4918 560 4992 ἀναστὰς
624 4950 694 4963 —
741 4919 969 4995 βασιλέα
1007 4919 1154 4976 εἶναι.
1195 4921 1484 4994 Ἀνάγνωθι
1530 4922 1578 4976 έν
1630 4933 1703 4996 τῷ

76 5007 372 5081 ἰξηκοστῷ
414 5004 622 5082 ἱϐδόμῳ
668 5005 928 5084 κεφαλαίῳ
963 5018 1058 5064 τοῦ
1103 5014 1238 5065 κατὰ
1291 5015 1557 5067 Ματθαίον
1607 5019 1703 5073 τὴν

72 5102 375 5174 (optantur
421 5106 535 5152 τοῦ·
580 5098 640 5152 Ὀ
705 5096 766 5154 δι
821 5099 1030 5165 Ἰησοῦς
1078 5103 1206 5161 ἔστη
1267 5103 1556 5177 ἔμπροσθεν
1610 5111 1702 5156 τοῦ

71 5191 378 5263 ἡγεμόνος.

1809 3236 2123 3310 paululum
2165 3234 2486 3298 retrocede,
2519 3237 2578 3289 et
2605 3247 2807 3305 quaere
2845 3231 2985 3286 dicti
3039 3229 3196 3286 illius
3225 3245 3464 3310 enarra-

1809 3309 2030 3374 tionem
2063 3333 2077 3370 :
2109 3318 2185 3372 Et
2214 3317 2510 3386 ingressus
2536 3315 2708 3377 intro,
2734 3311 2964 3369 sedebat
3002 3326 3129 3368 cum
3153 3309 3460 3376 ministris,

1813 3413 1873 3462 ut
1907 3405 2127 3464 videret
2165 3406 2340 3477 finem
2368 3406 2436 3458 ⁷⁸.

1879 3497 2039 3552 Vers.
2118 3499 2206 3552 60.
2266 3494 2342 3551 Et
2414 3494 2686 3564 protinus
2738 3522 2808 3532 —
2868 3489 3033 3546 Vers.
3085 3491 3173 3545 62.
3243 3489 3464 3546 amare.

1808 3586 2251 3658 Consequenter
2279 3583 2438 3638 dicto
2472 3581 2666 3654 capite
2696 3579 2876 3636 etiam
2906 3579 3038 3636 hac
3076 3577 3468 3635 manifestata

1810 3679 1960 3732 sunt.

1879 3765 2044 3823 Vers.
2082 3765 2169 3822 63.
2201 3763 2278 3820 Et
2319 3793 2374 3803 —
2408 3762 2570 3818 Vers.
2633 3759 2721 3817 65.
2776 3774 2928 3817 eum.
2972 3759 3039 3814 In
3074 3758 3194 3814 ﬁne
3225 3772 3469 3829 sexage-

1813 3854 1948 3911 simi
1978 3853 2166 3928 quinti
2195 3851 2406 3924 capitis
2450 3851 2526 3908 de
2565 3850 2656 3906 his
2695 3848 2924 3922 scripsit
2959 3847 3290 3904 Matthaeus-
3321 3850 3468 3921 Lege

1809 3960 2052 4018 quoque
2078 3943 2452 4012 sexagesimo
2478 3945 2639 3996 sexto
2663 3939 2857 4011 capite
2896 3939 3107 4010 ipsius,
3133 3937 3273 3994 dicti
3311 3936 3470 3994 illius

1810 4032 2272 4097 enarrationem,
2301 4047 2424 4103 quo
2451 4029 2692 4085 dicitur:
2719 4028 2794 4083 Et
2816 4042 3069 4100 egressus
3093 4029 3282 4097 foras,
3304 4026 3468 4096 ﬂevit

1811 4136 2012 4178 amare
2041 4123 2111 4187 7",
2145 4121 2203 4176 in
2232 4119 2368 4175 ﬁne.

1883 4211 2048 4265 Vers.
2091 4208 2185 4264 66.
2211 4210 2404 4280 Atque
2431 4238 2500 4248 —
2547 4207 2707 4262 Vers.
2762 4207 2850 4260 Ἡ.
2895 4204 3096 4272 ipsius.
3140 4206 3290 4273 Lege
3319 4219 3468 4275 prin—

1809 4297 1968 4354 dicto
2016 4297 2392 4368 sexagesimo
2429 4296 2638 4368 quinto
2683 4296 2854 4364 juxta
2899 4293 3240 4347 Matthmum
3273 4291 3466 4361 capite

1810 4387 1888 4444 ab
1927 4403 1998 4442 eo
2023 4386 2155 4441 loco
2190 4402 2202 4440 :
2233 4386 2310 4440 Et
2336 4384 2695 4454 respondens
2737 4395 3000 4437 summus
3028 4379 3298 4435 sacerdos
3323 4379 3468 4434 dixit

1812 4476 1864 4533 ei
1895 4492 1909 4532 :
1943 4476 2171 4545 Adjuro
2225 4481 2276 4530 te
2307 4475 2377 4538 ⁷⁸,
2418 4479 2476 4528 et
2530 4478 2767 4537 caetera,
2805 4484 3124 4542 quousque
3177 4467 3410 4524 dicatur
3452 4482 3464 4522 :

1822 4566 1978 4622 Tunc
2022 4570 2380 4636 exspuerunt
2439 4561 2502 4618 in
2543 4563 2759 4632 faciem
2792 4561 2918 4632 ejus
2959 4559 3029 4625 τ’,
3070 4572 3214 4614 nam
3253 4557 3314 4613 in
3356 4555 3470 4613 illis

1814 4652 2320 4711 declarationibus
2351 4653 2530 4709 etiam
2581 4650 2709 4708 haec
2740 4648 3111 4706 manifestata
3139 4651 3292 4704 sunt.

1886 4921 2029 4993 Cap.
2079 4919 2273 4977 XXIII.
2311 4920 2474 4976 Vers.
2543 4923 2590 4976 1.
2633 4917 2712 4974 Et
2782 4930 3028 4987 surgens
3074 4945 3145 4956 —
3209 4909 3370 4970 Vers.
3409 4914 3466 4969 3.

1813 5027 2011 5084 regem
2048 5027 2187 5069 esse.
2214 5011 2368 5082 Lege
2395 5009 2768 5082 sexagesimo
2790 5007 3042 5080 septimo
3063 5003 3259 5078 capite
3283 5005 3473 5061 Evan-

1813 5097 2636 5175 geliijuxtaMatthzeumdicti
2673 5097 2829 5154 illius
2867 5095 3418 5169 interpretationem
3449 5114 3464 5149 :

1810 5191 1980 5249 Iesus
2008 5197 2206 5249 autem
2233 5189 2391 5248 stetit
2429 5203 2630 5247 coram
2657 5183 2906 5258 pressids
2936 5185 3006 5242 ³ο.

147 5369 207 5405 ⁷⁵
250 5367 430 5424 Joan.
463 5381 581 5434 xxx,
611 5367 698 5424 11.
775 5369 824 5406 ἠ
848 5368 1046 5427 Matth.
1101 5385 1264 5434 xm.
1305 5370 1395 5428 58.
1471 5371 1522 5407 ⁷⁷
1558 5368 1698 5426 Ibid.

1906 5359 1955 5407 7'-
2019 5356 2283 5427 ιιιιτιξδθ.
2361 5371 2408 5405 τ·
2453 5367 2602 5424 Ibid.
2650 5371 2715 5424 e7
2791 5367 2839 5402 ιο
2893 5363 3102 5422 Matth.
3151 5377 3334 5428 xxvu,
3383 5364 3467 5416 ιι.

1357 5566 1577 5636 Variae
1598 5566 1928 5635 lectiones
1943 5576 2221 5634 etnotae.

148 5764 286 5838 (τε)
312 5729 639 5860 ἐἱεϊνὼν
