3994 6218
612 260 753 322 1087

611 485 867 552 quenter
898 477 978 533 ibi
1009 477 1186 532 etiam
1228 475 1301 531 de
1341 476 1433 532 his
1476 477 1768 534 invenies.

681 567 841 620 Vers.
886 569 935 621 8.
990 565 1253 620 Herodes
1284 570 1479 622 autem
1525 596 1590 607 —
1619 566 1772 634 ﬁeri.
1829 567 1914 637 -Η-
1955 568 2033 622 Ex
2092 564 2276 637 longo

608 655 893 711 nimirum
944 658 1235 725 tempore,
1275 654 1389 709 hoc
1411 660 1520 723 est,
1552 655 1678 709 diu.

679 744 842 798 Vers.
876 748 927 799 9.
982 744 1397 813 Interrogabat
1423 775 1487 784 —
1529 744 1748 802 multis.
1785 742 2067 800 Videlicet
2094 743 2275 800 cavil-

608 831 855 898 latoriis,
891 832 1023 887 etin
1065 832 1309 887 modum
1342 833 1639 889 tentantis.

680 922 847 976 Vers.
879 926 932 976 9.
1002 922 1131 991 Ipse
1165 953 1224 961 —
1259 922 1363 977 illi.
1407 925 1613 995 Utpote
1660 922 1902 979 ientanti
1932 926 1989 978 et
2034 938 2275 994 respon-

610 1010 775 1066 sione
801 1010 1072 1078 indigno.
1118 1011 1319 1066 Sciens
1346 1012 1545 1077 etiam,
1576 1028 1712 1067 eum
1738 1012 1889 1067 velle
1922 1011 2157 1083 signum
2188 1013 2275 1067 vi-

610 1100 770 1166 dere,
815 1116 929 1155 non
966 1099 1227 1155 utilitatis
1261 1116 1464 1165 causa,
1507 1101 1607 1157 sed
1669 1100 2081 1157 oblectationis
2114 1120 2126 1157 :
2163 1118 2272 1157 nec

612 1191 904 1260 tanquam
938 1188 1175 1243 divinas
1217 1189 1480 1255 virtutes,
1524 1190 1625 1244 sed
1658 1188 1814 1245 velut
1840 1197 2047 1261 aperta
2079 1190 2272 1263 prodi-

612 1276 710 1348 gia
743 1294 756 1329 :
802 1292 921 1333 non
964 1277 1097 1332 fecit
1139 1277 1299 1348 apud
1337 1294 1473 1333 eum
1509 1279 1771 1347 signum.

684 1369 841 1421 Vers.
895 1368 986 1423 10.
1035 1366 1287 1423 Stabant
1342 1398 1408 1406 -——
1449 1383 1598 1423 eum.
1650 1367 1834 1424 Simul
1866 1368 2023 1423 enim
2057 1371 2113 1424 et
2160 1367 2273 1440 ipsi

612 1455 691 1511 ad
715 1455 1005 1511 Herodem
1026 1456 1255 1511 remissi
1286 1462 1473 1523 erant,
1500 1457 1651 1513 sicut
1686 1457 1742 1513 in
1779 1474 2089 1530 progressu
2115 1458 2273 1514 inve-

612 1543 873 1600 niemus.

815 1631 972 1688 CAP.
1016 1633 1266 1688 LXXIX.
1298 1634 1384 1689 De
1411 1640 1748 1703 contemptu
1780 1634 2046 1691 Herodis.

680 1722 842 1777 Vers.
888 1723 966 1777 tl.
998 1722 1226 1791 Sprevit
1266 1753 1323 1764 —
1354 1723 1635 1782 Pilatum.
1664 1724 1793 1778 Haic
1832 1724 2041 1780 omnia
2064 1722 2264 1781 forsan
2299 1734 2348 1795 Β

610 1810 694 1866 illi
735 1811 889 1877 fecit,
923 1817 1214 1882 tanquam
1247 1812 1366 1881 regi
1397 1813 1763 1869 Judaaorum.

680 1901 841 1956 Vers.
885 1903 969 1957 12.
1003 1902 1073 1955 Et
1112 1900 1261 1969 facti
1315 1932 1375 1940 —
1408 1916 1519 1957 eos.
1556 1902 1641 1973 -ξ--ι-
1674 1902 1796 1957 Μετ’
1827 1902 2075 1974 ἀλλήλων,
2133 1902 2265 1959 loco

610 1990 864 2053 ἀλλήλοις.
900 1990 963 2045 Et
986 1994 1115 2064 1:96;
1143 1992 1383 2059 ξαυτοὺς,
1436 1991 1566 2047 loco
1606 1996 1731 2066 πρὸς
1786 1993 2050 2056 ἀλλήλους.

684 2171 840 2226 Vers.
885 2170 972 2226 13.
1020 2171 1248 2227 Pilatus
1300 2200 1369 2211 —
1416 2169 1583 2229 Vers.
1618 2174 1705 2227 16.
1757 2170 2071 2229 absolvam.
2134 2174 2267 2228 Cor-

610 2258 941 2329 reptionem
973 2258 1067 2313 hic
1093 2264 1283 2321 vocat,
1312 2258 1674 2315 mediocrem
1705 2260 2165 2329 ﬂagellationem
2190 2259 2267 2316 ad

610 2346 1008 2415 mitigandum
1071 2363 1141 2402 ac
1180 2346 1637 2419 deprimendum
1704 2349 1965 2405 furorem
2007 2349 2265 2414 illorum,

611 2440 675 2490 ut
702 2434 990 2503 arbitrati,
1018 2451 1149 2491 eum
1182 2452 1518 2509 superasse,
1571 2444 1871 2493 cessarent
1902 2436 1979 2493 ab
2008 2437 2265 2493 ulteriori

610 2523 847 2580 insania
915 2540 928 2590 ;
985 2529 1042 2581 at
1103 2524 1179 2579 illi
1237 2524 1622 2580 nihilominus
1676 2526 2095 2593 efferebantur,
2153 2527 2265 2583 hoc

610 2629 797 2669 unum
838 2613 1029 2669 solum
1059 2630 1179 2687 pra:
1205 2614 1395 2670 oculis
1445 2615 1819 2671 immobiliter
1845 2616 2156 2678 habentes,
2202 2624 2265 2672 ut

608 2719 794 2775 quam
812 2704 1087 2761 citissime
1117 2704 1502 2771 occideretur,
1534 2705 2045 2777 quemadmodum
2086 2706 2265 2762 etiam

610 2792 895 2865 praedicto
926 2793 1117 2863 capite
1137 2793 1456 2849 dissertum
1500 2799 1607 2851 est.

680 2885 836 2937 Vers.
870 2886 959 2941 17.
998 2884 1243 2939 Necesse
1299 2914 1365 2923 -—
1410 2883 1571 2937 Vers.
1631 2884 1716 2940 to.
1760 2899 2071 2941 carcerem.
2117 2885 2265 2941 Mat-

608 2971 790 3026 thmus
817 2988 955 3027 vero
979 2971 1057 3027 ait
1089 2971 1244 3028 dicto
1267 2972 1456 3044 capite
1491 2988 1504 3024 :
1548 2972 1617 3027 In
1675 2972 1827 3040 festo
1882 2978 2073 3029 autem
2125 2990 2265 3029 con-

604 3064 870 3117 sueverat
897 3075 1110 3128 przses
1157 3061 1456 3117 absolvere
1512 3060 1700 3117 turbae
1759 3078 1943 3117 unum
1975 3064 2261 3128 vinctum,

607 3164 775 3220 quem
818 3149 1136 3205 voluissent
1168 3151 1235 3215 θι,
1270 3155 1324 3205 et
1348 3153 1561 3205 caetera
1594 3149 1760 3220 ;lege
1790 3166 1933 3221 ergo
1974 3150 2262 3224 interpre-

608 3239 887 3293 tationem
916 3237 1173 3293 illorum.

678 3328 838 3383 Vers.
872 3331 958 3382 20.
1012 3330 1235 3384 Rursus
1262 3358 1329 3369 σ-
1358 3327 1520 3383 Vers.
1554 3332 1639 3383 23.
1684 3344 2041 3385 summorum
2082 3345 2265 3387 sacer-

609 3416 832 3472 dotum.
889 3417 1190 3473 Mattheus
1245 3420 1303 3473 et
1340 3416 1456 3474 alia
1510 3416 1791 3491 quaedam
1849 3418 2078 3491 scripsit
2109 3418 2266 3474 dicto

610 3506 828 3577 capite.

680 3596 840 3647 Vers.
888 3596 975 3648 24.
1012 3594 1237 3649 Pilatus
1286 3609 1427 3664 ergo
1474 3624 1544 3634 —
1595 3596 1752 3650 Vers.
1797 3597 1883 3649 25.
1916 3609 2131 3651 eorum.
2185 3594 2264 3651 lbi

606 3697 845 3754 quoque
870 3681 943 3737 de
984 3682 1076 3737 his
1105 3682 1332 3738 dictum
1364 3687 1471 3737 est.
1512 3683 1797 3739 Voluntas
1824 3688 2026 3741 autem
2056 3699 2263 3740 eorum

608 3776 734 3826 erat
762 3776 821 3825 ut
844 3771 1312 3839 crucifigeretur.

682 3862 941 3915 Vers.26.
974 3860 1196 3917 Etcum
1226 3892 1290 3900 —
1316 3861 1538 3917 Jesum.
1575 3861 1762 3916 Etiam
1794 3860 1868 3916 de
1898 3861 2011 3918 hoc
2036 3861 2263 3918 dictum

610 3951 697 4004 est
733 3947 977 4003 ibidem.

610 4038 765 4094 (ΖΑΗ.
834 4038 1024 4094 LXXX.
1088 4039 1172 4093 De
1222 4038 1566 4095 mulieribus
1611 4038 1923 4095 Dominum
1972 4040 2264 4111 plangen-

1348 4129 1521 4185 tibus.

680 4218 837 4272 Vers.
881 4221 967 4272 27.
1020 4217 1385 4290 Sequebatur
1432 4250 1499 4258 —
1565 4217 1723 4272 Vers.
1753 4220 1841 4272 28.
1895 4218 2119 4274 vestris.
2183 4221 2261 4274 Ne

607 4305 881 4362 ﬂeveritis
914 4312 1155 4379 propter
1194 4322 1307 4372 me,
1339 4306 1442 4362 sed
1496 4312 1734 4379 propter
1778 4322 1883 4362 vos
1914 4306 2078 4379 ipsas
2106 4305 2258 4371 ﬂete,

608 4400 667 4451 et
694 4400 933 4468 propter
958 4395 1109 4452 ﬁlios
1137 4402 1380 4451 vestros.

679 4484 845 4539 Vers.
863 4484 950 4541 29.
970 4486 1255 4553 Quoniam
1285 4517 1352 4524 —
1380 4485 1774 4542 lactaverunt.
1791 4484 1924 4539 Dies
1949 4482 2088 4540 dicit
2106 4482 2260 4541 obsi-

607 4571 805 4628 dionis
832 4580 886 4629 et
915 4573 1377 4644 expugnationis
1411 4572 1952 4647 Hierosolymorum
1988 4588 2000 4627 :
2053 4573 2109 4627 in
2134 4572 2261 4645 qui-

606 4659 723 4715 bus
759 4660 1260 4717 beatiﬁcabuntnr
1290 4662 1367 4718 ab
1406 4663 1490 4717 eis
1544 4678 1680 4734 qua:
1729 4666 2082 4732 genuerunt,
2146 4660 2260 4717 illae

610 4763 747 4820 qum
778 4764 899 4804 non
931 4756 1281 4821 pepererunt
1314 4768 1326 4805 :
1389 4756 1594 4822 utpote
1624 4767 1759 4823 qua:
1805 4766 1924 4806 non
1989 4748 2261 4806 audirent

610 4841 713 4895 aut
741 4836 1010 4895 viderent
1038 4840 1233 4896 varias
1263 4839 1517 4897 ﬁliorum
1556 4856 1801 4896 suorum
1843 4845 2088 4908 strages.

686 4927 844 4984 Vers.
900 4929 987 4993 30,
1060 4929 1224 4985 Tunc
1288 4960 1355 4969 —
1402 4944 1526 4986 nos.
1552 4928 1841 5001 Incipient
1889 4928 2019 4984 haec
2066 4925 2261 4983 dicere

683 5132 728 5169 ⁸¹
772 5131 968 5190 Matth.
997 5148 1180 5199 xxvn,
1205 5134 1291 5192 t5.

1940 257 2287 317 EUTHYMII
2328 258 2662 319 ZlGABENl
2710 314 2717 323 .

679 388 844 445 Vers.
877 391 930 445 3.
960 386 1182 443 Pilatus
1212 402 1349 445 vero
1376 420 1443 428 —
1481 388 1644 444 Vers.
1685 392 1738 442 7.
1780 387 2005 447 diebus.
2055 386 2273 445 Conse-
2311 387 2355 441 A

3761 265 3856 337 1088

2459 386 2518 440 Ὀ
2560 385 2618 442 δέ
2652 388 2871 451 Πιλάτος
2902 418 2961 430 -
2998 388 3235 464 ἡμέραις.
3282 385 3576 450 ’Δκολούθως
3602 386 3855 465 ἕκείιαὶπιρὶ

2389 482 2581 531 τούτων
2613 479 2868 551 εὑρήσεις.

2457 567 2516 619 Ὀ
2548 564 2607 619 δε
2636 565 2877 641 Ἦρωδης
2911 598 2958 607 -
2996 570 3279 640 γινόμενον
3315 567 3398 630 Ἐξ
3425 566 3599 633 ἱκανοῦ,
3620 568 3710 639 (75)
3728 575 3859 642 χρόνον

2389 652 2651 722 δηλονότι,
2680 661 2945 709 τουτέστιν
2978 657 3213 710 ἔκπαλαι.

2458 748 2737 819 Ἐπηρώτα
2765 777 2826 786 -
2859 748 3072 806 ἱκανοῖς.
3100 745 3182 799 Ἐν
3203 745 3373 819 λόγοις
3404 744 3605 814 πολλοῖς,
3634 757 3864 819 σοφιστικοῖς

2386 832 2446 888 δὲ
2475 841 2565 888 καὶ
2595 843 2973 911 πειραστικοῖς.

2460 924 2619 985 Αὐτὸς
2668 956 2735 966 -
2788 925 2948 995 αύτῷ.
3011 924 3100 987 Ὠς
3156 925 3475 998 πειράζοντι,
3518 928 3595 975 καὶ
3634 926 3867 997 ὑποκρίσιος

2385 1011 2599 1085 ἀναξίῳ.
2656 1019 2914 1067 Γινώσκον
2973 1009 3031 1066 δε
3104 1013 3258 1065 αὐτὸν
3314 1017 3401 1064 καὶ
3476 1013 3657 1065 θέλοντα
3720 1012 3867 1084 nudi:

2386 1100 2534 1167 ἰδεῖν,
2580 1102 2671 1155 οὐκ
2715 1102 2958 1172 ὠφελείας
3006 1104 3185 1167 ἕνεκεν,
3237 1100 3363 1153 ἀλλὰ
3384 1102 3604 1173 τέρψεως,
3628 1108 3701 1153 καὶ
3725 1103 3801 1172 οὐχ
3828 1107 3872 1162 ὡς

2385 1195 2528 1252 θείας
2558 1188 2842 1263 δυνάμεως,
2879 1190 2985 1243 ἀλλ’
3029 1193 3093 1251 ὡς
3125 1189 3293 1251 ἁπλῶς
3324 1196 3591 1265 τερατείας,
3618 1190 3696 1242 οὐκ
3724 1189 3871 1245 ἐποίησε

2382 1279 2505 1354 παρ’
2538 1280 2678 1351 αὐτῷ
2714 1287 2947 1351 σημεῖον.

2457 1371 2797 1428 Εἱστὴκείσαν
2846 1400 2911 1410 —
2960 1368 3140 1423 αύτοῡ.
3197 1371 3665 1441 Συνανεπέμγθησαν
3706 1370 3783 1441 γὰρ
3818 1372 3875 1418 καὶ

2382 1458 2528 1511 οὗτοι
2549 1463 2673 1532 πρὸς
2701 1455 2961 1533 Ἡρώδην,
2992 1460 3057 1519 ὡς
3082 1463 3350 1535 προϊόντες
3379 1460 3664 1536 εὑρήσομεν.

2691 1642 2843 1692 ΚΕΦ.
2878 1634 2999 1690 ΟΘ’.
3032 1630 3651 1705 ἘξουθένησιςἩρώδον.

2453 1725 2827 1788 Ἐξουθενὴσας
2859 1757 2922 1765 -
2957 1724 3180 1795 neutr...
3210 1727 3285 1777 Τὰ
3322 1726 3543 1798 ῥηθέντα
3567 1725 3714 1775 πάντα
3734 1727 3883 1777 amit-

2380 1834 2462 1867 κεν
2492 1815 2651 1886 αύτῷ,
2685 1817 2753 1876 ὡς
2778 1813 2990 1887 βασιλεῖ
3012 1816 3158 1885 τάχα
3190 1823 3285 1865 τῶν
3314 1810 3594 1866 Ἰουδαίων.

3355 1902 3467 1975 (76)
3531 1901 3645 1955 Μετ’
3709 1900 3885 1957 ἀλλήλων.

2380 1991 2493 2046 ἀντὶ
2519 2002 2631 2059 τοῦ,
2669 1991 2922 2052 ἀλλήλοις.
2972 1997 3071 2045 Καὶ
3116 1996 3244 2065 πρὸς
3294 1992 3526 2057 ἑαυτούς,
3562 1994 3663 2043 ἀντί
3687 1998 3777 2053 τοῦ,
3802 1994 3887 2061 πρὸς

2450 1904 2712 1975 Ἐγένοντο
2771 1900 2829 1956 δε
2910 1934 2969 1943 -
3039 1906 3270 1965 ἷαύτούς.

2380 2081 2597 2141 ἀλλὴλου
2610 2103 2649 2143 ς.

2453 2174 2675 2234 Πιλᾶτος
2732 2202 2799 2213 --
2871 2170 3139 2225 ἀπολύσω.
3217 2167 3509 2224 Παίδενσιν
3582 2168 3743 2222 ἒναῦθα
3798 2168 3889 2233 λέγει

2378 2266 2471 2319 τὴν
2523 2266 2734 2333 μετρίαν
2788 2264 3123 2332 μαστίγωσιν
3179 2260 3245 2321 εἰς
3296 2262 3628 2333 παραμυθίαν
3678 2262 3751 2310 καὶ
3785 2274 3893 2306 κιτι-

2380 2350 2567 2407 στολήν
2638 2358 2728 2402 τού
2798 2351 2961 2421 θυμοῦ
3040 2349 3227 2413 αὐτῶν,
3296 2352 3383 2400 ἵνα
3470 2345 3692 2412 δόξαντες
3750 2363 3891 2413 περιγε-

2378 2441 2558 2492 νέσθαι
2617 2439 2801 2507 αύτού,
2877 2441 3179 2490 παύσωνται
3248 2446 3343 2500 τῆς
3416 2442 3685 2511 περαιτέρω
3746 2438 3893 2506 ιιι-δίας

2380 2531 2445 2581 Οἱ
2522 2524 2580 2580 δε
2656 2532 2743 2579 καὶ
2837 2528 2995 2587 οὕτως
3084 2523 3233 2579 ούδὶν
3320 2526 3525 2579 ἔλαττον
3604 2525 3894 2596 ὶξεθεριοῦπι,

2378 2622 2507 2689 πρὸς
2578 2616 2629 2669 ἓν
2701 2622 2852 2689 μόνον
2930 2615 3145 2676 ἁκλινὼς
3223 2617 3465 2691 ὁρῶντες,
3555 2613 3721 2667 ἀνελεῖν
3790 2609 3897 2661 ωὖτέν

2378 2709 2634 2778 τάχιστα,
2710 2708 2774 2765 ὡς
2849 2710 2939 2756 καὶ
3012 2704 3059 2757 ἐν
3131 2713 3201 2774 τῷ
3283 2710 3636 2781 προειρημένῳ
3712 2698 3902 2772 κεφαλαίῳ

2383 2793 2415 2849 δ
2425 2794 2709 2867 ιελάϐομεν.

2448 2884 2704 2955 Ἀνάγκην
2810 2915 2873 2923 —
2959 2882 3209 2955 φυλακήν.
3320 2885 3589 2941 Mareade:
3669 2877 3721 2933 δέ
3795 2895 3903 2947 φηςιν

3201 2975 3350 3024 Κατὰ
3407 2969 3467 3024 δε
3531 2971 3718 3041 (77-78)
3774 2967 3901 3037 ἑορτεν

2810 2915 2873 2923 —
2959 2882 3209 2956 φυλακήν.

2378 2970 2424 3024 ἐν
2496 2982 2567 3043 τῷ
2627 2973 2765 3042 αύτῷ
2840 2971 3121 3044 κεφαλαίῳ.

2306 3092 2345 3146 C
2379 3060 2543 3113 εἰώθει
2605 3062 2630 3111 ὁ
2688 3061 2893 3131 ἡγεμὼν
2954 3059 3192 3112 ἀπολύειν
3250 3064 3339 3113 ἕνα
3406 3068 3481 3131 τῷ
3539 3059 3673 3131 ὄχλῳ
3726 3053 3903 3122 δέσμιον.

2376 3149 2429 3201 ὃν
2477 3149 2677 3216 ἤθελον,
2728 3154 2815 3202 καὶ
2867 3151 2933 3202 τὰ
2978 3148 3062 3211 ἓξῆ
3078 3169 3114 3212 ς·
3144 3154 3232 3201 καὶ
3274 3151 3539 3221 ἀνάγνωθι
3583 3153 3668 3205 τήν
3703 3146 3903 3217 ἕρμππίε)

2377 3238 2543 3291 ἁύτῶν
2552 3280 2563 3291 .

2448 3327 2607 3380 Παλιν
2633 3359 2700 3367 —
2728 3326 3033 3403 ἀρχιερέων.
3060 3327 3118 3381 Ὀ
3147 3324 3205 3380 δε
3238 3331 3509 3389 Ματθαίρς
3552 3331 3637 3379 καὶ
3677 3328 3799 3397 ἔτερα
3828 3338 3905 3371 τοι

2378 3419 2652 3490 ἱστόρησεν
2683 3415 2730 3468 ἐν
2763 3416 2933 3488 ἐκείνῳ
2964 3425 3033 3487 τῷ
3060 3416 3337 3489 κεφαλαίῳ,

2444 3594 2501 3647 Ὀ
2558 3590 2616 3647 δε
2663 3593 2883 3655 Πιλάτος
2936 3626 3000 3634 -
3052 3594 3237 3648 «Strato.
3288 3598 3418 3650 Εκεῖ
3470 3598 3562 3647 καὶ
3618 3595 3725 3666 περὶ
3767 3589 3907 3641 τούτων

2375 3686 2597 3757 εἴρηται.
2680 3683 2889 3758 Θέληρια
2963 3679 3022 3735 δι
3098 3683 3266 3736 αὐτῶν
3331 3681 3395 3742 ἦν
3475 3688 3535 3736 τὸ
3612 3679 3907 3754 στανρωθξγαί

2376 3773 2547 3826 αὐτόν.

2447 3866 2546 3914 Καὶ
2570 3864 2633 3921 ὡς
2666 3892 2726 3901 -
2759 3861 2953 3919 Ἰησοῦ.
2986 3867 3085 3914 Καὶ
3116 3865 3232 3936 περὶ
3266 3865 3482 3918 τούτου.

2557 4045 2699 4093 ΚΕΦ.
2739 4037 2815 4093 η’.
2856 4042 2977 4113 Περὶ
3008 4047 3106 4090 τὼν
3135 4043 3478 4111 κοπτομένων
3507 4046 3767 4113 γυναικῶν.

2440 4215 2734 4270 Ἠκολούθει
2788 4247 2855 4258 -
2909 4217 3072 4289 ύμων.
3114 4223 3198 4276 Μὴ
3254 4218 3464 4272 κλαίετε
3515 4215 3689 4291 duiut,
3854 4202 3904 4258 δι’

2372 4305 2552 4368 ἑαυτὰς
2586 4306 2806 4372 κλαίετε,
2838 4311 2927 4358 καὶ
2949 4303 3043 4358 διὰ
3080 4309 3145 4359 τὰ
3174 4311 3328 4359 τέκνα
3355 4309 3528 4380 ὑμῶν.

2442 4484 2563 4537 Ὀτι
2600 4515 2654 4523 —
2687 4483 2963 4542 ἕθήλασαν.
2998 4483 3220 4558 Ἡμέρας
3266 4485 3409 4557 λέγει
3441 4489 3534 4548 τὰς
3562 4494 3651 4546 τῆς
3677 4482 3901 4551 πολιορκίας

2371 4578 2460 4625 καὶ
2508 4572 2743 4634 ἁλώσεως
2788 4572 3173 4647 Ἱεροσολύμων,
3232 4573 3281 4626 ἓν
3324 4572 3417 4638 αἶς
3470 4574 3901 4650 μακαρισθήσοντίι.

2372 4667 2522 4735 φησὶ,
2555 4665 2695 4734 παρὰ
2726 4668 2820 4714 τῶν
2850 4668 3180 4734 γωνήσασών
3210 4666 3267 4715 αἱ
3296 4669 3376 4734 μὴ
3406 4670 3736 4737 γεννήσασα,
3773 4662 3823 4716 ὡς
3851 4672 3897 4721 ,ια

2372 4749 2676 4815 ἀκούουσαι,
2710 4747 2848 4822 μηδὲ
2898 4750 3187 4823 βλέπουσαι
3236 4752 3490 4814 ποικίλας
3547 4753 3730 4826 σφαγὰς
3770 4749 3897 4798 τάπ’

2370 4838 2559 4906 αὐτῶν,
2598 4840 2770 4912 ὥσπερ
2807 4839 2964 4891 αὗται
2992 4840 3127 4911 (79).

2440 4933 2565 4982 Τότε
2626 4958 2693 4968 -
2742 4929 2900 5000 ἡμᾶς.
2956 4926 3233 5003 Ἀρξονται
3286 4939 3472 4983 ταῦτα
3524 4930 3675 5003 λέγειν
3726 4926 3764 4979 οἱ
3810 4922 3892 4975 Ἰου-

1855 5309 2081 5381 Variae
2102 5310 2433 5381 lectiones
2462 5319 2528 5381 et
2567 5320 2769 5381 notas.

680 5536 793 5608 (75)
836 5538 953 5592 Hoc
977 5532 1209 5608 scholio
1240 5536 1408 5589 caret
1463 5533 1800 5593 Hentenius.
1839 5537 2053 5592 Textus
2118 5549 2260 5607 ergo

608 5606 781 5679 apud
803 5623 942 5662 eum
966 5606 1208 5679 junctus
1238 5609 1343 5679 est.

680 5678 797 5751 (76)
824 5674 1057 5735 Omisso
1086 5676 1200 5735 hoc
1228 5674 1471 5742 scholia,
1504 5677 1694 5733 textus
1716 5676 1961 5748 junctus
1986 5677 2260 5751 estapud

2370 5535 2737 5592 Hentenium.

2440 5608 2650 5750 εἴτε)
2680 5611 2784 5666 Τὴν
2815 5606 2984 5664 addit
3015 5610 3074 5663 Β.
3311 5680 3325 5691 ,
3389 5681 3403 5692 .
3676 5675 3683 5681 _

2534 5678 2554 5750 )
2589 5680 2717 5737 Duo
2735 5678 2864 5737 haec
2893 5678 3182 5739 vocabula
3203 5685 3434 5740 omittit
3462 5684 3683 5747 ﬂentem

2462 5678 2554 5752 79)
2589 5680 2717 5737 Duo
2735 5678 2864 5737 haec
2893 5678 3182 5739 vocabula
3203 5680 3434 5740 omittit
3462 5678 3752 5747 Ηοιιιοωυι
