3994 6218
95 247 232 314 1089

1097 260 1471 324 COMMENT.
1518 249 1590 320 ΙΝ
1627 253 1892 356 LUcAM.
1935 291 2002 303 -
2042 248 2204 318 CAP.
2248 251 2452 316 xxut.

3325 249 3466 318 1090

95 377 260 448 δαῖοι,
290 386 363 454 μὴ
415 385 648 457 φέροντες
692 385 756 436 τὰ
777 382 1136 461 ἀνυπέρϐλητα
1167 384 1331 458 δεινὰ,
1385 391 1447 442 τά
1489 409 1542 442 τε
1591 388 1684 442 ἐιπᾶ

1852 385 2009 452 ιᾶιεί,
2056 401 2178 442 non
2233 383 2486 442 ferentes
2537 381 2798 458 pericula
2831 383 3150 441 innumera
3192 399 3262 442 ac
3289 383 3464 442 vehe-

91 479 186 532 τῆς
213 476 516 547 πολιορκίας
558 481 657 524 τῶν
694 472 978 548 Ῥωμαίων,
1014 481 1099 527 καὶ
1125 483 1213 528 τοῦ
1242 476 1446 550 λοιμοῦ,
1479 483 1568 530 καὶ
1598 485 1692 541 τῆς

88 560 342 633 ἐμφυλίου
373 563 623 624 στάσεως.

163 648 289 702 Ὀτι
316 648 360 702 εἰ
394 680 458 692 --
486 655 698 722 γένηται
728 668 741 718 ;
777 651 835 706 Εἰ
865 651 912 704 έν
944 651 1056 726 ἐμοὶ
1087 662 1157 725 τῷ
1191 654 1323 715 ζωὴν
1354 656 1490 708 θείαν
1517 657 1693 729 ἔχοντι

86 745 260 792 ταῦτα
302 746 543 792 ποιοῦσιν
593 742 640 792 οἱ
669 739 933 814 Ῥωμαῖοι,
985 745 1396 816 παρορμηθέντες
1443 746 1540 796 ὑπὸ
1594 753 1693 796 τῶν

90 823 392 898 Ἰουδαίων,
437 827 488 880 έν
522 829 663 902 ὑμῖν,
703 838 810 892 τοῖς
843 836 1092 906 νέκρωσιν
1136 832 1190 896 ἐξ
1217 831 1476 908 ἁμαρτίας
1514 853 1694 892 κεκτη-

86 921 289 990 μένοις,
321 921 374 968 τί
409 921 622 988 γένηται
662 920 782 994 παρ’
814 919 1018 988 αὐτών;

161 1004 395 1078 Ἥγοντο
443 1035 509 1050 —
551 1004 851 1082 ἀριστερῶν.
898 1007 956 1061 Ὀ
989 1005 1047 1062 δξ
1079 1011 1347 1074 Ματθαῖος
1387 1016 1474 1063 καὶ
1527 1013 1694 1087 ἕτερον

89 1097 303 1168 ἔγραφε,
337 1099 423 1147 καὶ
453 1093 710 1166 ἀνάγνωθι
735 1096 964 1164 κάκεῖνα,
994 1104 1084 1149 καὶ
1115 1101 1317 1162 πάντως
1345 1100 1577 1172 εὑρήσεις
1605 1105 1692 1153 καὶ

85 1188 206 1256 περὶ
232 1187 452 1236 τούτων.
493 1183 572 1237 Ἐν
615 1194 686 1256 τῷ
716 1187 851 1238 κατὰ
889 1189 1154 1239 Ματθαῖον
1182 1191 1284 1263 γὰρ
1329 1191 1393 1240 τὰ
1431 1193 1546 1262 περὶ
1593 1198 1693 1241 τῶν

92 1280 422 1324 Δεσποτικῶν
471 1275 793 1348 παθημάτων
860 1273 1258 1349 ἀπαραλείπτως
1320 1283 1410 1330 καὶ
1472 1276 1694 1353 ἀκριϐῶς

89 1363 209 1414 καθ’
251 1364 426 1436 εἱρμὸν
451 1364 750 1436 ἡρμηνεύθη
761 1383 878 1423 σαν,

153 1538 215 1592 ’0
271 1535 333 1593 δε
388 1540 595 1605 Ἰησοῦς
641 1573 706 1584 -
741 1543 864 1616 ἄφες
910 1543 1108 1606 αὐτοῖς.
1157 1543 1305 1618 ’Υπὶρ
1365 1554 1463 1598 τῶν
1523 1566 1694 1599 σταυ-

78 1632 370 1704 ρωσάντων
435 1627 706 1684 Ἰουδαίων
773 1633 1205 1706 προσευξάμενος,
1275 1638 1344 1696 ὡς
1399 1636 1686 1709 ἄνθρωπος,

1804 474 2196 530 mentissima.

1873 651 2032 707 Vers.
2079 651 2168 708 3t.
2199 649 2259 707 Si
2296 650 2452 707 enim
2485 653 2582 705 --.'
2619 651 2717 719 ﬁet
2775 649 2834 707 Si
2873 651 2930 707 in
2985 667 3103 720 me,
3135 650 3237 724 qui
3280 650 3463 707 vitam

1801 739 1996 795 habeo
2021 739 2308 803 divinam,
2341 740 2468 795 haec
2507 739 2734 794 faciunt
2764 738 3016 796 Romani
3053 756 3088 796 a
3129 739 3347 795 Judmis
3384 739 3462 794 in-

1804 829 2002 901 stigati
2031 846 2044 896 ;
2077 830 2133 884 in
2157 829 2344 892 vobis,
2378 827 2482 901 qui
2530 835 2778 884 mortem
2799 829 2966 884 vobis
2988 843 3060 883 ex
3093 835 3338 900 peccato
3359 843 3460 901 pa-

1801 917 2000 985 rastis,
2029 914 2173 988 quid
2198 915 2277 972 ab
2301 915 2419 971 illis
2449 915 2545 971 ﬁet
2580 915 2608 971 Ἰ

1809 1015 1813 1018 ’
1873 1004 2035 1060 Vers.
2105 1008 2190 1061 32.
2245 1003 2612 1060 Ducebanlur
2687 1035 2756 1046 —
2805 1004 2972 1061 Vers.
3041 1005 3129 1060 33.
3184 1005 3461 1060 sinistris.

1804 1092 2107 1149 Mattheeus
2130 1092 2249 1148 alia
2287 1108 2530 1165 quoque
2573 1092 2812 1166 scripsit
2845 1109 2856 1147 :
2888 1093 2984 1149 illa
3019 1092 3145 1166 lege
3177 1099 3234 1149 et
3259 1100 3462 1164 aperte

1802 1183 1876 1236 de
1903 1180 1997 1236 his
2054 1181 2232 1237 etiam
2282 1181 2568 1236 invenies.
2611 1183 2754 1237 Nam
2809 1183 2869 1237 in
2927 1182 3240 1252 Evangelio
3291 1181 3464 1252 juxta

1804 1269 2143 1325 Mattheeum
2199 1270 2271 1324 de
2313 1270 2549 1325 Domini
2595 1268 3021 1326 afﬂictionibus
3085 1269 3255 1325 nullo
3321 1285 3465 1342 prae-

1803 1359 2096 1436 termisso,
2149 1373 2379 1432 suaque
2424 1359 2572 1415 serie
2635 1361 2908 1416 omnium
2960 1364 3170 1417 exacte
3204 1359 3346 1416 data
3377 1363 3466 1414 est

1801 1445 2224 1520 interpretatio.

1871 1535 2030 1592 Vers.
2096 1537 2185 1592 34.
2245 1536 2409 1592 Jesus
2478 1541 2670 1594 autem
2745 1555 2815 1580 —‘
2867 1539 3092 1594 remitte
3148 1535 3290 1593 illis.
3356 1536 3462 1592 Pro

1800 1625 2256 1681 cruciﬁxoribus
2325 1625 2546 1682 Judaais
2628 1643 2828 1693 orans,
2910 1633 3196 1699 tanquam
3254 1627 3461 1690 homo,

80 1713 329 1780 ὑπέδειξε
387 1725 498 1780 τοῖς
547 1718 838 1794 ἀνθρώποις
890 1724 1048 1774 τύπον
1099 1731 1187 1784 τῆς
1261 1723 1333 1786 εἰς
1390 1719 1508 1788 τοὺς
1567 1723 1684 1780 ἁδι-

1852 1715 2241 1787 >mpassionis
2298 1715 2554 1772 formam
2615 1714 2960 1772 hominibus
3009 1714 3459 1781 demonstravit,

79 1811 360 1869 κησαντας
386 1810 732 1879 συμπαθείας.

153 1985 469 2058 Ἠπόρησαν
541 1981 603 2038 δέ
647 2005 794 2057 τινες,
850 1988 949 2054 ὃτι,
1010 1987 1094 2040 ἐὰν
1147 1987 1330 2061 ἀφείθη
1408 1991 1589 2055 αὐτοῖς
1653 1995 1682 2052 ἠ

80 2073 344 2148 ἁμαρτία,
399 2083 501 2136 πῶς
544 2071 616 2127 δι’
671 2075 828 2134 αὐτὴν
881 2077 1095 2150 ὕστερον
1153 2075 1522 2152 παρεδόθησαν
1580 2089 1690 2144 τοῖς

75 2161 360 2234 Ῥωμαίοις
410 2163 479 2226 είς
537 2162 922 2239 πανωλεθρίανς
986 2170 1114 2241 Πρὸς
1173 2167 1263 2230 οὖς
1321 2167 1548 2242 λέγομεν,
1607 2172 1688 2224 ὃτι

77 2253 186 2323 οὐχ
242 2253 374 2328 ὑπερ
428 2254 630 2305 πάντων
686 2255 716 2311 ἠ
782 2260 1057 2329 προσευχὴ
1117 2260 1340 2329 γέγονεν,
1393 2257 1499 2310 ἀλλ’
1560 2261 1686 2336 ὑπερ

75 2347 252 2410 μόνων
320 2349 422 2393 τῶν
491 2346 775 2415 περαιτέρω
829 2340 995 2415 μηδέν
1063 2364 1114 2396 τι
1177 2349 1682 2420 κακουργησάντων·

76 2431 196 2481 ὅσοι
265 2425 326 2481 δε
383 2432 513 2501 μετὰ
568 2437 740 2495 τοῦτο,
796 2439 888 2483 τοῦ
947 2432 1092 2490 ἡλίου
1161 2435 1540 2501 σκοτισθέντος,
1600 2442 1687 2490 καὶ

72 2525 168 2570 τοῦ
223 2519 700 2592 καταπετάσματος
753 2521 1089 2591 σχισθέντος,
1139 2527 1230 2574 καὶ
1289 2531 1382 2585 τῆς
1437 2531 1536 2595 γῆς
1582 2545 1684 2578 σειο

71 2609 322 2668 σθείσης,
357 2612 447 2659 καὶ
487 2616 585 2660 τῶν
618 2617 816 2682 πετρῶν
860 2611 1212 2680 σχισθεισὼν,
1266 2617 1354 2664 καὶ
1398 2621 1496 2664 τῶν
1525 2613 1687 2666 ἄλλων

72 2699 315 2767 σημείων
371 2704 470 2747 τῶν
515 2699 650 2749 κατὰ
706 2701 801 2755 την
858 2695 1148 2750 ἀνάστασιν
1208 2699 1369 2752 αὐτοῦ
1435 2701 1687 2756 τελεσθέν-

275 2786 588 2860 προσέθεντο
645 2793 704 2859 τῇ
765 2791 1010 2862 πονηρίᾳ,
1089 2792 1178 2840 καὶ
1243 2791 1458 2866 τυχηρὰ
1522 2801 1688 2845 ταῦτα

70 2873 439 2946 λογισάμενοι,
515 2877 789 2938 κακοήθως
867 2869 1298 2950 ἔσυκοφάντησαν
1384 2885 1477 2939 τὴν
1549 2884 1684 2935 θείαν

69 2803 199 2847 των,

75 2963 400 3028 ἀνάστασιν,
459 2963 565 3038 οὐχ
622 2964 748 3040 ὑπὲρ
796 2968 988 3019 τούτων
1035 2968 1405 3041 προσηύξατο·
1464 2967 1549 3024 διὸ
1598 2977 1687 3024 καὶ

75 3053 229 3106 οὗτοι
257 3053 462 3114 πάντως
499 3051 868 3130 παρεδόθησαν
898 3062 1001 3116 τοῖς
1031 3053 1256 3132 ἐχθροῖς.

150 3141 233 3194 Οὐ
296 3143 397 3216 γὰρ
447 3173 518 3184 -
565 3151 797 3197 ποιοῦσι.
853 3151 936 3217 Τῷ
989 3147 1156 3218 φθόνῳ
1204 3149 1495 3218 μεθύοντες.
1543 3153 1687 3214 Τινὲς

75 3227 135 3283 δέ
185 3250 388 3303 φασιν·
449 3233 520 3294 ὡς
575 3233 679 3306 οὐχ
730 3233 858 3309 ὑπερ
910 3242 1010 3286 τῶν
1041 3231 1338 3300 Ἰουδαίων,
1395 3235 1502 3289 ἀλλ’
1560 3241 1686 3313 ὑπὲρ

71 3329 178 3371 τῶν
235 3321 684 3392 ὑπηρετησάντων
734 3331 797 3395 τῇ
853 3328 1149 3396 σταυρώσει
1206 3323 1365 3378 αὐτοῦ
1423 3325 1686 3400 Ῥωμαίων

73 3418 420 3484 στρατιωτῶν
495 3415 586 3469 την
640 3417 946 3485 προσευχήν
1006 3411 1325 3472 έποιήσατοο
1382 3416 1526 3470 οὗτοι
1585 3421 1683 3493 γὰρ

70 3503 418 3551 παντάπασιν
465 3499 705 3571 ἠγνόουν,
747 3502 848 3554 ὅσα
873 3507 991 3576 περί
1015 3503 1177 3556 αὐτοῦ
1207 3512 1628 3581 προανεφώνησεν
1659 3510 1684 3562 ὁ

68 3593 226 3660 νόμος
260 3595 354 3640 καὶ
385 3590 436 3641 οἱ
460 3597 744 3664 προφῆται.

141 3683 438 3750 Θεωρησον
511 3675 569 3731 δε
621 3681 702 3731 ὅτι
773 3678 943 3733 ὀπίσω
1016 3684 1106 3754 μὶν
1172 3682 1439 3746 εἰπόντος’
1515 3689 1682 3763 Πάτερ

64 3786 188 3836 μου,
258 3767 306 3818 εί
353 3766 414 3819 οὔ
473 3766 584 3839 (80)
634 3765 855 3821 δύναται
899 3776 1050 3824 τοῦτο
1094 3774 1152 3824 τό
1197 3778 1446 3846 ποτήριον
1489 3777 1684 3850 παρελ-

69 3857 174 3907 θεῖν
233 3853 328 3908 ἀπ’
380 3855 527 3928 ἐμοῦ,
596 3859 867 3929 γενηθήτω
919 3862 976 3912 τὸ
1037 3860 1234 3933 θέλημά
1307 3881 1440 3914 σου·
1495 3865 1679 3926 θελητή

64 3953 137 4014 τῷ
187 3951 366 4020 Πατρὶ
419 3950 651 4018 φαίνεται
698 3949 728 4005 ἡ
777 3953 951 4020 σφαγὴ
1003 3958 1092 4001 τοῦ
1154 3953 1313 4003 Υἰοῦ·
1366 3949 1584 4006 ίνταῦθα
1624 3950 1683 4007 δε

63 4031 352 4105 λέγοντος·
418 4037 608 4110 Πάτερ)
673 4037 794 4108 ἄφες
847 4037 1040 4102 αὐτοῖς’
1113 4037 1391 4101 aeaut“.
1464 4041 1522 4094 οὗ
1579 4047 1680 4116 ’γὰρ

61 4124 123 4174 άν
196 4122 585 4196 ἐξεμειλίσσετο
651 4129 745 4184 τὴν
797 4124 987 4178 ἐκείνου
1059 4131 1192 4180 κατὰ
1240 4138 1338 4181 τῶν
1397 4134 1681 4202 μιαιφόνων

59 4211 255 4286 ὀργήν.
317 4217 384 4266 Τί
436 4208 524 4265 οὖν
569 4211 709 4266 ἔστιν
762 4214 957 4283 εἰπεῖν;
1011 4215 1128 4269 Ὀτι
1183 4219 1300 4270 καθ’
1349 4217 1534 4277 ἑαυτὴν
1590 4222 1679 4291 μεν

59 4300 320 4362 ἁθελητος
352 4297 436 4359 ἦν.
489 4298 580 4354 διὰ
633 4298 692 4356 δε
740 4309 834 4362 τὴν
879 4306 1128 4380 ἡμετέραν
1161 4311 1418 4380 σωτηρίαν
1476 4307 1676 4367 θελητή.

58 4393 323 4465 Καθάπερ
367 4395 459 4442 καὶ
507 4395 600 4454 τὰς
653 4389 906 4465 ἀριστέως
949 4393 1154 4466 πληγὰς
1183 4397 1298 4448 καθ’
1355 4395 1542 4459 έαυτὰς
1588 4400 1678 4470 μεν

54 4476 256 4541 ἀηδεῖς
308 4480 602 4552 ἡγούμεθα,
644 4477 738 4534 διὰ
769 4477 827 4534 δὲ
873 4486 966 4541 τὴν
996 4486 1131 4536 κατὰ
1181 4493 1280 4536 τῶν
1338 4483 1542 4561 ἐχθρῶν
1584 4485 1678 4538 ἁν-

54 4565 396 4644 δραγαθίαν,
428 4565 632 4632 ἡδείας.

121 4836 578 4911 Διαμεριζόμενοι
651 4869 720 4879 -
785 4838 1003 4914 θεωρῶν.
1087 4838 1171 4894 ἐν
1253 4843 1326 4911 τῷ
1388 4835 1677 4915 προδιαλη-

41 4929 240 4998 σθέντι
305 4925 563 4998 κεφαλαίῳ
620 4934 711 4980 τοῦ
760 4931 894 4980 κατὰ
964 4930 1231 4982 Ματθαῖον
1287 4928 1519 4989 ζήτησον
1581 4933 1675 4988 τὴν

41 5014 324 5087 ἐξήγησιν
401 5022 530 5066 τοῦ·
601 5021 996 5091 Σταυρώσαντες
1071 5015 1130 5070 δε
1187 5017 1362 5085 αὐτὸν,
1437 5014 1672 5092 ’διεμερί-

39 5124 216 5157 cst-no
318 5105 387 5156 τὰ
489 5104 672 5175 ἱμάτια
780 5105 962 5175 αὐτοῦ,
1055 5104 1326 5179 βάλλοντες
1433 5105 1622 5179 κλῆρον
1651 5124 1664 5140 ⁸

35 5193 171 5246 ἔνθα
217 5189 410 5253 λύσεις
459 5189 823 5268 ἀνεγράφησαν
873 5199 1166 5271 χαρίεσσαι
1195 5196 1308 5268 (8t)
1355 5195 1668 5268 ζητημάτων

34 5282 376 5353 stemma».

110 5382 169 5418 ⁸³
192 5377 600 5447 Matth.xxxn,
630 5382 720 5439 42.
799 5381 847 5418 ⁸³
880 5380 1084 5440 Matth.
1107 5395 1290 5450 xxvn,
1319 5384 1412 5440 83.
1466 5415 1470 5424 ι

1798 1818 1984 1876 quam
2019 1819 2158 1875 erga
2188 1803 2320 1860 illos
2368 1803 2593 1861 habere
2636 1809 2887 1878 oportet,
2929 1803 3026 1878 qui
3066 1803 3226 1877 ipsos
3248 1803 3462 1876 injuria

1799 1893 2114 1949 atﬂcerent.

1871 1981 2304 2039 Dubitaverunt
2350 1986 2552 2040 autem
2601 1981 2868 2055 quidam,
2914 1985 3153 2054 sumpta
3191 1980 3330 2037 hinc
3360 1996 3463 2038 oc-

1797 2069 2058 2126 casione.
2107 2071 2164 2126 Si
2212 2071 2369 2127 enim
2424 2071 2740 2127 remissum
2795 2077 2921 2127 erat
2977 2071 3064 2126 eis
3123 2075 3458 2142 peccatum,

1797 2159 2105 2232 quomodo
2134 2159 2521 2231 postmodum
2572 2159 2859 2216 Romanis
2905 2159 2980 2215 ob
3003 2157 3149 2215 illud
3176 2158 3253 2215 ad
3284 2157 3462 2215 inter-

1797 2248 2108 2304 necionem
2134 2247 2326 2304 traditi
2362 2249 2551 2304 sunt?
2575 2248 2802 2314 Quibus
2830 2263 2939 2304 nos
2963 2247 3244 2312 dicimus,
3291 2245 3459 2320 quod

1798 2353 1918 2392 non
1952 2352 2061 2410 pro
2100 2336 2383 2393 omnibus
2440 2337 2703 2409 precatio
2745 2335 2902 2393 facta
2931 2341 3040 2402 est,
3089 2336 3192 2392 sed
3225 2349 3328 2409 pro
3367 2334 3461 2392 his

1797 2425 2090 2482 dunxatat
2149 2427 2252 2500 qui
2301 2425 2446 2482 nihil
2501 2425 2644 2482 mali
2702 2425 2986 2498 deinceps
3067 2424 3462 2498 perpetraturi

1798 2521 1982 2571 erant.
2043 2517 2149 2582 Qui
2198 2531 2336 2572 vero
2389 2531 2516 2571 cum
2558 2515 2646 2571 sol
2704 2515 3142 2581 obscuraretur,
3177 2522 3234 2570 et
3264 2513 3458 2570 velum

1799 2604 2185 2670 scinderetur,
2261 2610 2534 2676 terraque
2593 2608 3085 2669 commoveretur,
3147 2619 3216 2659 ac
3283 2606 3461 2675 petras

1797 2691 2180 2760 ﬁnderentur,
2247 2693 2484 2764 aliaque
2536 2693 2700 2764 signa
2754 2692 2814 2746 in
2865 2692 3294 2748 resurrectione
3333 2691 3459 2762 ejus

1798 2779 2024 2847 ﬁerent,
2059 2781 2344 2838 malitiam
2385 2779 2762 2846 addiderunt,
2799 2786 2856 2836 et
2897 2779 3135 2836 fortuita
3177 2779 3302 2834 haec
3329 2794 3462 2835 esse

1797 2871 2142 2941 cogitantes,
2157 2869 2375 2926 divinae
2387 2869 2800 2926 resurrectioni
2815 2869 3180 2925 calumniam
3201 2866 3461 2938 maligne

1799 2964 2184 3016 struxerunt:
2236 2974 2356 3014 non
2419 2974 2528 3030 pro
2582 2957 2674 3014 his
2718 2959 2927 3026 oravit,
2977 2957 3114 3014 ideo
3170 2957 3352 3014 etiam
3400 2956 3461 3012 hi

1797 3047 2048 3104 omnino
2089 3047 2285 3103 traditi
2347 3053 2484 3103 sunt
2545 3045 2814 3103 inimicis.

1868 3145 2028 3201 Vers.
2057 3147 2144 3202 3i.
2187 3143 2319 3202 Non
2352 3146 2506 3201 enim
2528 3173 2598 3187 -
2622 3145 2882 3215 faciunt.
2918 3143 3148 3201 Invidia
3188 3142 3459 3200 videlicet

1798 3233 2120 3291 temulenti.
2151 3233 2401 3300 Quidam
2433 3247 2573 3288 vero
2611 3233 2838 3302 dicunt,
2885 3233 3050 3305 quod
3077 3247 3198 3288 non
3226 3247 3337 3305 pro
3358 3233 3456 3288 Ju-

1793 3320 1954 3388 daais,
1990 3321 2099 3378 sed
2156 3338 2258 3395 pro
2307 3322 2590 3378 Romanis
2647 3320 2954 3387 militibus.
3001 3321 3106 3394 qui
3174 3321 3233 3376 in
3267 3322 3459 3378 cruci-

1795 3409 2008 3468 ﬁxione
2073 3408 2632 3476 subministrabant,
2675 3409 3006 3466 orationem
3069 3408 3271 3466 fecerit
3325 3424 3340 3477 ;
3391 3409 3456 3466 hi

1794 3500 1954 3557 enim
1992 3500 2364 3573 ignorabant,
2411 3515 2540 3574 quae
2587 3499 2662 3556 de
2702 3499 2832 3572 ipso
2888 3497 2984 3556 lex
3035 3515 3102 3555 ac
3149 3497 3455 3571 propheta:

1793 3588 2218 3663 praedixerant.

1864 3677 2185 3736 Considera
2227 3681 2450 3744 autem,
2485 3677 2652 3750 quod
2696 3676 2953 3734 dicendo
2979 3676 3038 3733 in
3071 3675 3461 3749 praecedenti-

1790 3765 1901 3822 bus
1943 3786 1954 3826 :
1989 3768 2170 3824 Pater
2193 3767 2295 3830 mi,
2319 3765 2371 3821 si
2399 3781 2508 3822 non
2535 3772 2711 3838 potest
2742 3766 2852 3822 hoc
2887 3766 3173 3836 poculum
3203 3764 3457 3822 transire

1788 3874 1823 3912 a
1852 3873 1956 3921 me.
1987 3857 2099 3926 ﬁat
2150 3856 2417 3913 voluntas
2450 3862 2549 3911 tua
2590 3856 2660 3923 ”,
2708 3853 2937 3910 videtur
2968 3853 3158 3911 caedes
3209 3852 3339 3910 Filii
3368 3869 3458 3911 se-

1789 3944 2057 4002 cundum
2087 3945 2270 4000 Patris
2301 3943 2430 4002 ﬂeri
2473 3944 2840 4000 voluntatem
2871 3958 2885 4010 ;
2926 3958 3088 4000 nunc
3113 3958 3274 4009 vero,
3315 3958 3456 4000 cum

1789 4032 1994 4090 dicat:
2037 4034 2241 4097 Pater,
2285 4033 2513 4089 remitte
2564 4033 2715 4104 illis,
2757 4032 2994 4088 videtur
3041 4039 3252 4088 contra
3299 4031 3455 4087 illius

1789 4123 1916 4177 fieri
1958 4121 2373 4187 voluntatem;
2428 4137 2623 4194 neque
2679 4120 2838 4176 enim
2884 4119 3034 4176 alias
3081 4121 3232 4176 iram
3263 4120 3452 4192 ipsius

1790 4211 2103 4282 mitigaret,
2140 4225 2327 4282 quam
2367 4215 2574 4266 contra
2627 4209 2964 4265 homicidas
2990 4207 3272 4264 habebat.
3301 4207 3448 4274 Quid

1789 4315 1928 4371 ergo
1958 4298 2274 4355 dicendum
2331 4305 2420 4355 est
2442 4297 2470 4353 7
2501 4297 2674 4364 Quod
2713 4298 2774 4353 in
2826 4313 2888 4353 se
2909 4296 3146 4370 quidem
3180 4296 3450 4353 involun-

1789 4389 1936 4445 taria
1961 4395 2106 4456 erat,
2146 4393 2390 4460 propter
2441 4393 2709 4444 nostram
2767 4391 2967 4442 tamen
3015 4383 3269 4440 salutem
3325 4389 3452 4443 erat

1788 4475 2151 4533 voluntaria.
2193 4473 2712 4541 Quemadmodum
2741 4477 2795 4529 et
2835 4471 3057 4528 strenui
3089 4470 3292 4527 militis
3329 4471 3452 4543 pla-

1788 4580 1915 4635 gas,
1943 4565 2002 4620 in
2035 4579 2098 4620 se
2121 4562 2528 4619 consideratas
2581 4561 2830 4617 acerbas
2869 4560 3169 4626 ducimus,
3211 4565 3450 4633 propter

1787 4653 2194 4708 strenuitatem
2219 4656 2416 4707 tamen
2439 4665 2625 4723 quam
2649 4649 2936 4706 adversus
2957 4648 3227 4704 inimicos
3249 4653 3452 4706 osten-

1785 4741 1894 4812 dit,
1921 4741 2177 4798 dicimus
2209 4756 2338 4796 esse
2379 4756 2621 4797 suaves.

1859 4838 2022 4895 Vers.
2071 4840 2160 4895 34.
2238 4837 2564 4894 Dividentes
2637 4865 2707 4878 --
2787 4835 2948 4891 Vers.
3015 4835 3106 4892 35.
3167 4839 3446 4906 spectans.

1786 4929 2079 4989 Praedicto
2102 4926 2396 5000 Evangelii
2425 4928 2598 4998 juxta
2629 4925 2966 4982 Matthaaum
3019 4925 3212 4997 capite
3250 4938 3452 4996 quaere

1785 5017 1919 5074 dicti
1977 5017 2130 5072 illius
2177 5016 2768 5087 interpretationem:
2850 5015 3092 5085 Cumque
3127 5011 3451 5082 cruci/istis-

1778 5115 1900 5165 sent
1923 5123 2066 5173 eum,
2127 5105 2454 5163 diviserunt
2501 5104 2843 5162 vestimenta
2893 5105 3018 5174 eius
3060 5106 3268 5158 sortem
3327 5103 3453 5157 mit-

1778 5203 1959 5255 tentes
1991 5198 2060 5263 ”,
2118 5194 2219 5252 ubi
2267 5193 2532 5268 pulchras
2562 5194 2719 5250 datm
2779 5197 2919 5250 sunt
2981 5191 3329 5261 solutiones,
3371 5189 3452 5250 ad

1779 5284 2137 5360 quastiones
2171 5299 2305 5357 qua:
2343 5283 2806 5357 responsionem
2873 5285 3196 5341 merentur.

1312 5523 1532 5600 Varie
1563 5524 1892 5597 lectiones
1923 5535 1991 5594 et
2016 5533 2220 5594 notat.

107 5647 246 5730 (se)
283 5651 329 5702 ο
369 5643 623 5708 demittit
648 5603 730 5709 δέ

1849 5649 1964 5728 (81)
1983 5654 2240 5730 Χαρίεσαι
2268 5647 2457 5708 codex
2490 5599 2762 5730 uterque.
