3994 6218
628 194 762 275 ιοῆι

1985 188 2341 287 summa
2380 188 2721 293 mortem;

3722 204 3884 297 Ἤ,

706 326 879 385 Vers.
942 324 1031 384 35.
1061 315 1151 393 Εε
1202 322 1535 391 deridebant
1585 353 1653 366 —
1700 323 1866 389 Vers.
1907 325 1994 381 37.
2046 327 2279 399 leipsum

2478 290 2910 403 Ἐξεμυκτήριζον
2997 327 3057 383 δί
3121 362 3190 374 -—
3279 336 3510 387 σεαυτόν.
3593 290 3882 397 “Monii

635 417 940 473 Matthaaus
1008 430 1149 469 vero
1204 412 1346 469 dicit
1403 436 1416 469 :
1477 414 1592 480 Qui
1626 422 1820 471 autem
1883 417 2287 485 prwteribant,

632 507 882 563 convicia
902 503 1212 574 jaciebant
1259 504 1317 557 in
1356 518 1484 559 eum
1519 504 1585 574 ⁸⁴,
1620 510 1673 560 et
1705 510 1936 569 caetera,
1972 504 2076 560 ubi
2114 504 2289 561 latius

635 594 862 651 dictum
903 598 1007 647 est.
1061 592 1339 648 Similiter
1392 598 1591 648 autem
1644 599 1701 648 et
1745 592 1818 649 de
1850 600 2017 671 aceto
2048 610 2117 649 ac
2159 593 2290 650 felle

631 684 887 753 vinoque
927 679 1256 751 myrrhato,
1298 680 1359 735 in
1398 680 1497 737 illo
1529 681 1721 754 capite
1781 682 1860 737 ad
1888 681 2136 739 verbum
2173 682 2290 759 elu-

634 771 901 826 cidatum
933 775 1043 825 est.

709 859 874 914 Vers.
908 859 996 914 38.
1024 860 1165 915 Erat
1196 865 1389 915 autem
1445 890 1502 901 -
1533 859 1884 917 Iudaeorum.
1911 859 1971 916 In
1999 877 2071 917 eo
2096 862 2289 933 capite

631 947 809 1005 etiam
838 947 913 1005 de
964 947 1057 1003 his
1104 951 1309 1004 exacte
1356 946 1675 1006 dissertum
1730 957 1831 1016 est,
1894 949 1995 1007 ubi
2039 950 2287 1007 dicitur:

629 1037 707 1093 Et
768 1037 1175 1107 imposuerunt
1232 1052 1405 1107 super
1447 1046 1621 1107 caput
1661 1040 1780 1109 ejus
1832 1054 2067 1096 rausam
2108 1039 2289 1111 ipsius

630 1128 948 1197 scriptam:
980 1126 1096 1181 Hic
1124 1128 1203 1181 est
1230 1126 1399 1182 Jesus
1428 1141 1535 1183 rex
1574 1127 1901 1184 Judazorum
1932 1130 2001 1184 ⁸⁵.

843 1304 1002 1361 CAP.
1039 1305 1259 1363 LXXXI.
1288 1306 1370 1362 De
1418 1306 1669 1363 latronis
1704 1306 2070 1376 paenitentia.

701 1395 862 1450 Vers.
923 1398 1008 1450 39.
1065 1396 1221 1451 Unus
1273 1426 1341 1433 —
1388 1395 1548 1450 Vers.
1578 1396 1667 1451 41.
1721 1396 1917 1466 gessit.
1974 1398 2196 1452 Rursus
2224 1396 2286 1452 in

626 1484 726 1541 illo
774 1485 856 1543 ait
906 1485 1212 1541 Matthaeus
1264 1485 1381 1539 :Id
1430 1484 1613 1555 ipsum
1662 1491 1855 1541 autem
1902 1490 1952 1541 et
2007 1487 2281 1551 latrones,

627 1576 719 1645 qui
762 1574 1033 1641 cruciﬁxi
1087 1578 1256 1630 erant
1324 1590 1453 1629 cum
1518 1590 1581 1629 eo
1627 1574 2069 1643 exprobrabant
2113 1576 2169 1631 ei
2210 1576 2278 1643 ⁸⁸,

2406 437 2563 490 φησιν
2593 434 2603 447 ·
2647 421 2714 471 Oi
2754 416 2811 471 δε
2871 425 3348 495 παραπορευόμενοι
3409 420 3727 499 ἐϐλασφήμουν
3764 427 3877 493 dedo,

2403 512 2493 559 καὶ
2545 510 2610 559 τὰ
2657 508 2793 572 ἑξῆς,
2849 510 2971 560 ἔνθα
3018 508 3329 583 πλατύτερον
3395 513 3604 584 εἶρηται.
3641 511 3806 583 Ὁμοίως
3846 515 3883 570 δι

2401 600 2633 671 καὶπερὶ
2676 605 2769 650 τοῦ
2797 596 2944 660 ὄξους
2974 602 3063 650 καὶ
3093 606 3155 657 τῆ
3167 618 3189 659 ς
3217 598 3406 670 χολῆς,
3450 604 3535 651 καί
3574 608 3652 652 τού
3688 601 3881 675 ianuam-

2399 690 2552 758 μένου
2612 689 2749 738 οἴνου
2812 685 2859 738 iv
2942 684 3115 760 ἐκείνῳ
3183 696 3255 759 τῷ
3331 688 3579 761 κεφαλαίῳ
3635 690 3882 763 κατὰλόγον

2400 770 2435 826 δ
2442 777 2813 848 ιασεσάφηται.

2468 862 2565 915 Ἦν
2610 860 2670 916 δε
2699 896 2764 905 -
2792 860 3085 918 Ἰουδαίων.
3121 866 3203 919 Ἐν
3228 874 3298 937 τῷ
3344 868 3556 941 τοιούτῳ
3828 876 3884 921 ul

2398 957 2515 1026 περὶ
2558 956 2751 1006 τούτων
2787 952 3218 1029 ἠκριϐολόγηται,
3264 956 3383 1007 ἔνθα
3408 962 3568 1008 κεῖται
3594 962 3675 1009 τό·
3716 963 3791 1010 Καὶ

2398 1040 2652 1100 ἕπίθηκαν
2694 1041 2861 1095 ἐπάνω
2899 1051 2991 1104 τῆς
3042 1044 3262 1116 κεφαλῆς
3291 1043 3445 1096 αὐτοῦ
3494 1050 3580 1104 τήν
3604 1046 3745 1097 αἰτίαν
3778 1046 3885 1097 αύτοὺ

2396 1135 2793 1205 γεγραμμένην
2856 1132 3019 1193 Οὗτός
3070 1130 3210 1185 ἔστιν
3265 1134 3473 1196 Ἰησοῦς
3524 1135 3547 1186 ὁ
3592 1132 3792 1211 βασιλεὺς
3824 1144 3888 1185 τῶν

2398 1217 2683 1275 Ἰουδαίων.

2568 1316 2711 1364 ΚΕΦ.
2744 1310 2868 1365 HA'.
2901 1314 3026 1384 Περὶ
3056 1318 3147 1363 τοῦ
3176 1317 3577 1383 μετανοήσαντος
3594 1311 3775 1385 λῃστοῦ.

2467 1399 2550 1459 Εἷς
2642 1430 2712 1439 -
2775 1399 2979 1472 ἔπραξε.
3071 1400 3231 1453 Πάλιν
3324 1402 3350 1452 ὁ
3441 1402 3685 1460 Mareotin;
3754 1399 3789 1451 iv
3846 1409 3890 1468 τῷ

2396 1491 2609 1558 τοιούτῳ
2706 1487 2960 1560 κεφαλαίῳ
3072 1494 3241 1562 φησί·
3346 1493 3414 1542 Τὸ
3512 1486 3559 1541 δ’

2396 1578 2443 1629 οἰ
2529 1576 2722 1647 λησταὶ
2811 1580 2858 1629 οἰ
2956 1578 3400 1652 συσταυρωθέντες
3489 1579 3617 1649 αύτῷ
3698 1574 3888 1639 inditis.

3659 1490 3764 1542 αὐτὸ
3832 1496 3891 1540 καὶ

630 1663 731 1719 ubi
765 1661 1044 1735 pulchras
1085 1663 1508 1734 proposuimus
1552 1663 2014 1735 ambiguitatum
2046 1664 2279 1720 solutio-

2395 1666 2568 1719 αὑτὸν.
2615 1665 2777 1720 Ἐνθα
2834 1671 2923 1718 καί
2983 1668 3076 1725 τὴν
3136 1666 3286 1719 λύσιν
3346 1666 3509 1728 καλῶς
3561 1670 3757 1740 ἔχουσαν
3788 1665 3890 1729 ἐξεϐί-

628 1767 754 1809 nes.
791 1752 1246 1807 Damnationem
1274 1759 1471 1808 autem
1511 1768 1669 1809 nunc
1698 1758 1870 1809 vocat
1894 1753 2193 1809 Judicium
2227 1761 2283 1809 et

629 1841 821 1897 crucis
843 1840 1427 1897 condemnationem.

700 1930 867 1987 Vers.
896 1931 981 1984 42.
1029 1931 1093 1985 Et
1136 1960 1201 1971 —
1256 1933 1436 1985 tuum.
1481 1929 1653 1997 Quod
1708 1930 2279 2004 supramundanum

627 2025 737 2077 est.
765 2023 914 2077 Nam
941 2018 1256 2074 verisimile
1304 2024 1393 2075 est
1439 2036 1577 2075 eum
1614 2035 1857 2092 quoque
1884 2020 2183 2077 audivisse
2205 2020 2280 2077 de

626 2124 903 2165 sermone
928 2124 1110 2181 quem
1140 2108 1219 2163 ad
1246 2108 1497 2167 Pilatum
1520 2109 1744 2166 dixerat
1768 2125 1780 2165 :
1800 2100 2069 2181 Regnum
2095 2124 2281 2167 meum

624 2215 744 2256 non
770 2206 852 2269 est
888 2214 957 2255 ex
982 2199 1088 2254 hoc
1113 2198 1328 2254 mundo
1355 2198 1425 2250 ⁸⁷.

693 2288 853 2346 Vers.
886 2290 971 2343 43.
998 2288 1064 2341 Et
1091 2317 1158 2327 —
1200 2287 1497 2354 paradiso.
1554 2286 1866 2352 Quomodo
1924 2292 2156 2359 petente
2189 2287 2278 2345 la-

624 2382 791 2434 trone
824 2376 916 2432 sui
963 2375 1310 2432 memoriam
1340 2376 1399 2431 in
1450 2391 1637 2447 regno
1666 2376 1986 2433 Salvatoris
2015 2377 2275 2451 assequi,

622 2466 747 2539 ipse
798 2464 963 2523 aliud
1017 2463 1328 2537 quiddam,
1390 2464 1554 2536 quod
1610 2481 1793 2536 supra
1840 2464 1900 2521 id
1958 2471 2081 2521 erat
2137 2466 2276 2538 (aa),

622 2555 913 2629 promisit,
956 2554 1473 2610 conversationem
1525 2553 1792 2610 videlicet
1844 2554 1902 2609 in
1934 2555 2215 2629 paradiso
2251 2556 2280 2609 Υ

622 2644 774 2711 Quia
818 2644 990 2710 latro,
1047 2643 1333 2713 ignorans
1389 2642 1552 2716 quod
1602 2648 1755 2699 esset
1804 2643 1929 2714 ejus
1996 2659 2274 2715 regnum,

620 2750 742 2791 non
776 2734 853 2791 ad
900 2733 1363 2789 determinatum
1421 2731 1647 2803 aliquid
1678 2737 1735 2787 et
1775 2732 2078 2803 cognitum
2127 2732 2274 2789 fece-

619 2828 713 2881 rat
741 2823 1109 2895 petitionem.
1143 2822 1259 2876 Sed
1290 2820 1485 2877 solum
1517 2836 1623 2893 per
1671 2821 2024 2892 hujusmodi
2049 2822 2275 2893 petitio-

618 2927 759 2969 nem
791 2910 1161 2983 precabatur,
1185 2909 1488 2966 utbonum
1511 2908 1755 2983 aliquod
1787 2916 2271 2983 consequeretur.

621 3000 889 3057 Christus
919 3015 1080 3063 vero,
1129 3000 1321 3054 sciens
1368 2999 1499 3069 ejus
1548 2998 1957 3065 intentionem,
2000 2999 2274 3071 promisit
2312 3028 2352 3087 ο

616 3089 783 3163 quod
800 3088 1165 3145 illiomnium
1190 3088 1637 3159 optatissimum
1658 3086 1991 3155 videbatur.
2022 3091 2275 3145 Noverat

618 3178 777 3235 enim
842 3178 990 3235 latro
1040 3177 1387 3250 paradisum
1440 3192 1471 3231 e
1527 3176 1796 3234 doctrina
1862 3177 2120 3233 Mosaica
2174 3182 2276 3234 :et

616 3274 757 3325 tunc
788 3268 1036 3342 quidem
1063 3268 1227 3325 dedit
1250 3268 1303 3322 ei
1332 3267 1847 3323 conversationem
1879 3266 1939 3322 in
1972 3266 2270 3341 paradiso,

617 3363 907 3430 tanquam
961 3356 1319 3414 arrabonem
1369 3355 1534 3425 regni
1567 3355 1680 3420 sui,
1716 3354 1879 3428 quod
1931 3361 2020 3410 est
2073 3354 2274 3413 iruitio

616 3430 1012 3505 inefl‘abilium
1040 3462 1111 3501 ac
1158 3452 1517 3502 aeternorum
1545 3444 1859 3511 bonorum,
1895 3460 2031 3518 qure
2062 3444 2270 3499 oculus

616 3552 741 3592 non
772 3536 938 3603 vidit,
979 3550 1087 3589 nec
1129 3534 1291 3590 auris
1335 3534 1579 3599 audivit,
1615 3549 1723 3589 nec
1778 3534 1839 3589 in
1879 3550 1980 3589 cor
2018 3533 2271 3589 hominis

616 3624 1017 3687 ascenderunt
1047 3626 1114 3677 ⁸⁸.
1142 3624 1424 3679 Nondum
1450 3624 1610 3679 enim
1640 3622 1942 3696 quispiam
1971 3626 2273 3693 justorum

616 3713 845 3786 accepit
873 3712 1349 3784 promissionem,
1392 3711 1573 3767 veluti
1603 3728 1860 3782 magnus
1898 3711 2095 3768 docuit
2124 3712 2274 3769 Pau-

615 3801 710 3859 lus
741 3802 811 3854 ⁸⁸.
864 3801 1249 3857 Postmodum
1287 3815 1429 3856 vero
1482 3803 1538 3854 et
1581 3799 1693 3857 hoc
1748 3801 1937 3857 tradet
1992 3816 2269 3872 regnum,

616 3894 884 3963 tempore
933 3889 1284 3946 universalis
1321 3888 1735 3945 retributionis.

694 3978 808 4038 Sed
833 3979 1143 4052 quomodo
1174 3978 1318 4035 dixit
1348 3993 1359 4033 :
1402 3979 1582 4035 Hodie
1628 3994 1852 4037 mecum
1880 3977 1996 4037 eris
2026 3981 2273 4050 inpara-

615 4069 768 4129 αἰδοῖ
821 4068 970 4136 Quia
1020 4073 1309 4141 tanquam
1364 4067 1539 4137 Det‘s,
1580 4068 1677 4140 qui
1736 4068 1921 4140 replet
1970 4069 2268 4137 universa,

620 4158 843 4235 ubique
860 4156 1038 4214 simul
1069 4162 1193 4214 erat
1222 4161 1279 4214 et
1307 4157 1367 4213 in
1390 4157 1683 4229 sepulcro,
1708 4157 1836 4213 etin
1860 4156 2110 4225 inferno,
2134 4164 2191 4215 et
2211 4159 2271 4214 in

620 4248 930 4323 paradiso,
966 4254 1022 4306 et
1054 4246 1115 4305 in
1155 4247 1322 4303 ccelo.

695 4426 859 4484 Vers.
920 4424 1010 4484 44.
1062 4423 1208 4482 Erat
1244 4454 1313 4466 —-
1346 4422 1509 4482 Vers.
1542 4422 1630 4480 45.
1674 4423 1779 4481 sot.
1812 4422 1892 4481 De
1918 4423 2033 4481 hoc
2072 4439 2271 4500 quaere
2305 4379 2351 4459 Β

624 4516 912 4592 praedicto
934 4516 1105 4588 juxta
1134 4516 1467 4573 Matthaaum
1492 4514 1705 4587 capite.

692 4606 856 4664 Vers.
890 4606 978 4662 45.
1011 4606 1088 4661 Et
1118 4635 1184 4644 —
1206 4605 1476 4661 medium.
1499 4602 1587 4659 lbi
1610 4619 1851 4676 quoque
1875 4602 1949 4660 de
1973 4603 2089 4661 hoc
2112 4603 2275 4662 inve~

611 4710 759 4751 mes.

692 4781 857 4841 Vers.
887 4785 974 4837 46.
1002 4783 1085 4839 Et
1113 4813 1181 4823 —
1201 4781 1548 4853 exspiravit.
1584 4780 1864 4842 Similiter
1886 4781 2063 4840 etiam
2092 4780 2168 4839 ibi
2198 4782 2273 4840 de

618 4873 714 4933 his
762 4872 988 4929 dictum
1024 4876 1129 4937 est,
1181 4871 1282 4928 ubi
1344 4872 1599 4928 habetur
1631 4888 1643 4927 :
1675 4874 1840 4928 Jesus
1883 4878 2099 4938 autem,
2150 4888 2274 4929 cum

624 4962 834 5027 iterum
853 4962 1156 5018 clamasset
1180 4976 1309 5021 voce
1340 4977 1574 5034 magna,
1599 4961 1786 5019 emisit
1802 4961 2081 5032 spiritum
2103 4964 2173 5019 9°.
2214 4963 2279 5019 Et

2390 1758 2542 1828 μεθα.
2578 1760 2755 1829 Κρίμα
2792 1751 2851 1809 δε
2879 1763 2966 1807 νῦν
2994 1755 3127 1827 λέγει
3158 1760 3248 1814 την
3297 1752 3582 1814 καταδίκην
3626 1762 3705 1813 τὴν
3732 1753 3803 1807 διὰ
3833 1762 3891 1805 τοῦ

2391 1853 2642 1919 σταυροῦ.

2463 1940 2563 1989 Καὶ
2610 1965 2679 1975 -
2742 1954 2859 1987 σου.
2916 1941 2990 2007 Τῇ
3054 1934 3411 2010 ύπερκοσμίῳ.
3475 1934 3613 1995 Εἰκὸς
3658 1936 3743 2006 γὰρ
3788 1932 3894 1984 miti.

2388 2027 2569 2099 μαθεῖν
2635 2029 2725 2076 καὶ
2778 2027 2865 2075 τὸν
2913 2023 3084 2095 λόγον⁹
3146 2025 3199 2076 ὃν
3248 2020 3356 2077 εἶπε
3411 2028 3537 2099 πρὸς
3587 2024 3803 2077 [Ianitor
3843 2024 3896 2071 ὅτι

2386 2114 2445 2166 Ἠ
2508 2112 2756 2186 βασιλεία
2831 2114 2861 2170 ἠ
2948 2111 3043 2186 ipa)
3113 2112 3207 2165 οὐκ
3263 2115 3404 2165 ἔστιν
3482 2112 3534 2165 ἐκ
3610 2120 3689 2165 τοῦ
3756 2116 3897 2180 κόσμον

2388 2206 2595 2260 τούτου.

2462 2297 2562 2346 Καὶ
2617 2322 2686 2333 -
2736 2286 3067 2364 παραδείσῳ.
3128 2297 3241 2351 Πῶς
3289 2290 3617 2363 αἰτησαμένῳ
3673 2296 3732 2363 τῷ
3777 2286 3896 2359 λῃστῇ

2388 2388 2597 2457 μνήμης
2652 2388 2837 2453 τυχεῖν
2890 2379 2938 2432 iv
2991 2387 3054 2454 τῇ
3098 2378 3347 2453 βασιλείᾳ
3403 2388 3498 2433 τοῦ
3551 2386 3752 2450 Σωτῆρος
3792 2376 3899 2433 οὗτος

2388 2473 2554 2545 ἔτερόν
2604 2489 2655 2522 τι
2682 2470 2805 2543 παρ’
2865 2469 3027 2527 αύτην
3086 2468 3451 2541 ἱπηγγείλατο,
3505 2474 3591 2527 την
3618 2466 3660 2519 iv
3682 2474 3741 2535 τῷ
3781 2483 3899 2535 παρα-

2390 2556 2551 2632 δείσῳ
2608 2555 2927 2632 διατριϐήν;
2987 2562 3128 2610 Διότι
3174 2559 3200 2609 ὁ
3260 2560 3349 2630 μὲν
3387 2556 3607 2632 λῃστὴς,
3847 2556 3899 2611 τίς

2386 2648 2526 2698 ἑστιν
2578 2648 2608 2705 ἡ
2662 2645 2910 2719 βασιλεία
2957 2646 3140 2715 αὑτοῦ,
3197 2645 3258 2698 ού
3302 2650 3435 2721 πρὸς
3476 2647 3728 2719 ὡρισμένον
3763 2661 3803 2694 τι
3838 2644 3899 2691 ui

3068 2740 3162 2793 την
3230 2737 3461 2799 αἴτησιν,
3536 2733 3654 2786 ἀλλὰ
3709 2729 3784 2784 διὰ
3840 2738 3899 2787 ti;

2384 2828 2627 2886 τοιαύτης
2705 2825 2957 2887 αἰτήσεως
3036 2828 3187 2897 μόνον
3273 2826 3504 2877 ἱκέτευσε
3581 2828 3738 2895 τυχεῖν
3802 2838 3898 2877 me;

2386 2912 2623 2986 ἀγαθοῦο
2678 2916 2703 2966 ὁ
2754 2910 2814 2967 δε
2874 2918 3122 2987 Χριστὸς,
3179 2910 3331 2974 εἰδὼς
3388 2918 3482 2967 τὸν
3538 2916 3711 2965 σκοπὸν
3773 2908 3897 2967 αὐτοῦ,

2386 3002 2725 3075 ἐπηγγείλατο
2794 3005 2853 3054 τὸ
2909 2998 3100 3055 δοκοῦν
3150 3001 3321 3073 ἐκείνῳ
3376 3010 3480 3053 τῶν
3536 3001 3652 3053 ὕων
3710 2998 3898 3071 ἐρασμιώ-

2383 3112 2545 3166 τερον.
2594 3092 2873 3165 Ἐγίνωσκε
2927 3093 3029 3167 γὰρ
3087 3093 3113 3143 ὀ
3164 3090 3365 3164 λῃστής
3424 3094 3509 3144 τόν
3557 3085 3827 3163 παράδεισον
3864 3082 3899 3133 ἐκ

2382 3191 2478 3244 τῆς
2519 3188 2809 3243 Μωσαῑκῆς
2882 3176 3250 3241 διδασκαλίας·
3316 3184 3418 3234 Καὶ
3465 3186 3577 3232 τότε
3641 3181 3719 3250 μὲν
3766 3172 3898 3227 ἔδωκεν

2385 3271 2523 3342 αύτῴ
2570 3275 2664 3328 τὴν
2691 3269 2739 3321 iv
2766 3278 2837 3341 τῷ
2898 3265 3202 3343 παραδείσῳ
3255 3266 3552 3341 διαγωγὴν,
3588 3264 3817 3342 ἀρραϐῶνα
3842 3268 3901 3317 τῆς

2385 3358 2659 3433 βασιλείας
2716 3358 2897 3425 αὐτοῦ,
2954 3360 3069 3421 ἣτις
3127 3357 3265 3410 ἐστὶν
3320 3356 3606 3417 ἀπολαυσις
3653 3353 3735 3407 τῶν

3430 3448 3463 3499 ἃ
3544 3443 3773 3520 ὀφθαλμὸς
3836 3436 3899 3488 6‘31

2383 2742 2642 2808 γνώριμον
2709 2735 2989 2793 ἐποιήσατό

2385 3468 2518 3501 στων
2606 3452 2694 3499 καὶ
2796 3447 3015 3499 αἰωνίων
3108 3446 3335 3518 ἀγαθῶν,

2383 3533 2506 3605 εἶδε,
2575 3540 2665 3588 καὶ
2725 3534 2809 3597 οὖς
2873 3536 2967 3589 ούκ
3028 3539 3240 3602 ἤκουσε,
3310 3541 3401 3588 καὶ
3466 3535 3548 3589 ἐπὶ
3606 3528 3791 3606 καρδίαν
3843 3525 3897 3574 ἐτι-

2385 3626 2591 3697 θρὼπου
2640 3624 2734 3677 ούκ
2788 3623 2962 3683 ἀνέϐη.
3006 3628 3164 3677 Οὔπω
3219 3627 3317 3699 γὰρ
3372 3620 3550 3685 ούδεὶς
3604 3630 3693 3674 τῶν
3742 3614 3897 3671 δικαίων

2381 3715 2661 3785 ἓκομίσατο
2737 3718 2832 3773 τὴν
2917 3712 3244 3785 ἐπαγγελίαν,
3330 3716 3404 3776 ὡς
3473 3715 3499 3765 ὁ
3566 3716 3706 3784 μέγας
3760 3712 3897 3759 nas»;

2381 3798 2654 3866 ἰδίδαξενο
2712 3804 2926 3877 ὕστερον
2981 3798 3041 3855 δι
3088 3797 3384 3876 μεταδώσει
3439 3806 3529 3855 καὶ
3568 3803 3733 3858 ταύτης
3776 3793 3811 3846 θ’

2379 3899 2542 3966 καιρῷ
2564 3900 2625 3951 τῆ
2639 3914 2660 3955 ς
2680 3888 3096 3954 ἀνταποδόσεως.

2454 3980 2607 4034 Ἀλλὰ
2673 3990 2782 4044 πῶς
2844 3980 2998 4052 εἶπεν,
3074 3981 3155 4033 ὅτι
3230 3984 3463 4054 Σήμερον
3523 3978 3627 4054 μετ’
3684 3974 3782 4048 ἕξιθῦ
3829 3971 3889 4037 ίσζ

2380 4068 2431 4122 iv
2508 4077 2580 4142 τῷ
2650 4065 2999 4143 παραδείσῳ;
3082 4072 3218 4122 Διότι
3287 4070 3355 4130 ὡς
3440 4071 3586 4133 Θεὸς,
3652 4068 3707 4121 τὰ
3779 4062 3893 4113 πάντα

2379 4158 2607 4228 πληρῶν,
2690 4166 2968 4231 πανταχοῦ
3033 4154 3094 4216 ἦν
3142 4157 3251 4231 ἅμα
3306 4162 3399 4209 καὶ
3450 4157 3499 4210 iv
3543 4164 3609 4227 τῷ
3658 4154 3789 4223 τάφῳ»
3829 4150 3889 4193 καὶ

2380 4250 2428 4300 iv
2495 4256 2567 4320 τῷ
2620 4244 2750 4322 ᾅδῃ,
2817 4252 2909 4300 καὶ
2986 4246 3036 4299 iv
3103 4255 3175 4319 τῷ
3236 4243 3570 4322 παραδείσῳ,
3634 4248 3709 4295 καί
3768 4237 3805 4289 ἓν
3844 4239 3890 4299 τῷ

2380 4337 2599 4413 ούρανῷ.
3875 4408 3879 4417 Ι

2451 4426 2547 4479 Ἠν
2582 4458 2642 4467 -
2668 4426 2828 4487 ἣλιος.
2863 4425 2946 4478 Ἐν
2976 4432 3048 4498 τῷ
3078 4443 3436 4501 προειρημενῳ
3460 4422 3697 4499 κεφαλαίῳ
3714 4422 3782 4471 τοῦ
3800 4426 3889 4464 XI?!

2380 4517 2648 4571 Ματθαίον
2680 4516 2910 4577 ζήτησον
2940 4519 3055 4587 περὶ
3099 4516 3301 4568 τούτου.

2456 4610 2556 4659 Καὶ
2604 4636 2668 4646 -
2717 4609 2894 4677 μέσον.
2962 4604 3098 4658 Ἐκεῖ
3157 4607 3247 4655 καὶ
3298 4608 3424 4677 περὶ
3486 4603 3657 4655 τούτου
3702 4596 3882 4657 (iam,

2459 4787 2559 4839 Καὶ
2616 4814 2685 4823 -
2739 4780 3052 4846 ἰξίπνευσεν.
3099 4778 3323 4854 Ὁμοίως
3378 4780 3486 4833 εκεῖ
3539 4780 3622 4830 καὶ
3665 4773 3757 4849 περὶ
3801 4762 3880 4813 τεύ-

2380 4892 2478 4926 των
2554 4870 2765 4949 ἕῤῥήθη,
2870 4871 2990 4924 ἔνθα
3066 4876 3232 4922 κεῖται
3302 4872 3397 4921 τό·
3473 4867 3530 4920 Ὀ
3613 4860 3666 4916 δε
3724 4858 3876 4949 Ἰεσδῦς.

2386 4961 2540 5017 πάλιν
2606 4960 2801 5035 κράξας
2881 4967 3018 5034 φωνῇ
3104 4957 3325 5034 μεγάλη,
3400 4957 3564 5032 ἀφῆκε
3622 4956 3671 5004 τὸ
3724 4948 3875 5013 n39.“

720 5138 1052 5225 “Hlalm;
1092 5153 1269 5225 Hvu,
1348 5140 1574 5225 391m”
1615 5139 1763 5197 ibid.
1814 5140 1902 5211 37.
1982 5142 2029 5177 ⁸⁵
2079 5139 2230 5199 Ibid.

2384 5180 2398 5195 .
2476 5140 2519 5178 ⁸⁷
2569 5142 2738 5199 Joan.
2779 5154 2938 5207 xvui,
2978 5138 3066 5196 36.
3143 5138 3245 5195 "1
3298 5137 3433 5193 Cor.
3466 5152 3521 5204 II,
3672 5128 3709 5164 "
3756 5116 3871 5179 H‘b”
3932 5220 3933 5225 γ

640 5226 721 5281 ιι,
753 5214 843 5270 39.
919 5213 968 5248 ⁹⁰
1006 5208 1201 5269 Matth.
1228 5225 1408 5289 xxvii,
1442 5212 1529 5268 50.

1839 5352 2055 5426 Varia:
2092 5354 2424 5426 lectiones
2465 5365 2532 5426 et
2568 5364 2751 5426 note

725 5549 853 5627 (aa)
912 5550 1105 5627 Supra
1156 5549 1220 5607 id
1254 5557 1403 5609 erat.
1450 5552 1581 5639 ﬂap'
1613 5549 1796 5623 αὐτὴν,
1830 5544 1882 5609 id
1916 5558 2023 5620 est,
2057 5557 2152 5611 τὴν
2191 5562 2279 5629 μ.νῖ

2384 5572 2423 5622 ν,
2455 5558 2659 5629 prater
2703 5546 2866 5623 hanc,
2911 5564 3092 5627 quam
3149 5545 3325 5609 hanc.
3391 5546 3509 5607 Nec
3555 5541 3681 5603 enim
3715 5524 3872 5600 ιεεὶίιιι

626 5622 776 5716 ὑπέρ.
