3994 6218
530 193 669 261 1095

532 423 683 479 Nam
716 428 771 479 et
806 425 1067 479 Joannes
1105 423 1179 478 de
1203 425 1367 477 Petro
1403 438 1473 477 ac
1503 421 1695 492 seipso
1727 421 1810 477 ait
1842 444 1852 476 :
1890 421 2185 477 Abierant

530 527 670 583 ergo
694 528 899 567 rursus
931 512 1011 569 ad
1038 512 1257 581 seipsos
1284 511 1559 581 discipuli
1579 512 1648 562 ³⁸.

602 688 770 744 Vers.
811 692 892 743 12.
922 688 1238 745 Admirans
1264 689 1423 761 quod
1446 689 1670 754 factum
1707 693 1857 744 erat.
1896 686 2187 742 intellexit

529 776 821 833 enimnon
838 794 970 833 esse
992 778 1447 850 transpositum,
1476 777 1773 851 siquidem
1799 776 2019 848 alioqui
2051 776 2187 830 fuis-

528 871 614 921 set
636 882 773 922 cum
797 865 1241 923 linteaminibus
1275 868 1715 939 transpositum.
1742 871 1999 938 Apparet
2021 880 2183 933 ergo,

531 955 696 1027 quod
739 957 905 1011 tertio
933 957 1156 1013 venerit
1179 957 1381 1013 Petrus
1415 956 1493 1012 ad
1536 961 1994 1012 monumentum
2027 971 2039 1008 :
2073 954 2187 1025 pri-

532 1061 696 1099 mum
717 1045 960 1117 quidem
982 1046 1163 1111 solus,
1183 1045 1568 1113 postmodum
1598 1060 1738 1100 vero
1768 1060 1903 1099 cum
1935 1044 2181 1107 Joanne,

532 1140 705 1204 prout
727 1133 855 1205 ipse
884 1134 1143 1190 Joannes
1180 1134 1429 1206 scripsit.
1464 1137 1609 1190 Cum
1642 1137 1841 1188 autem
1870 1131 2187 1187 reversies-

533 1227 682 1293 sent,
716 1240 920 1279 rursus
944 1230 1185 1281 coactus
1207 1230 1291 1280 est
1313 1224 1474 1279 solus
1506 1239 1739 1278 currere
1770 1239 1781 1277 :
1812 1236 2007 1292 neque
2025 1221 2184 1275 enim

529 1310 690 1367 hunc
717 1314 1001 1369 sustinere
1036 1314 1300 1385 permisit
1325 1313 1547 1368 amoris
1576 1311 1967 1376 vehementia,
1999 1309 2187 1364 inten-

1889 194 2240 263 EUTHYMII
2280 194 2614 265 ZIGABENI
3693 207 3782 271 4096

602 333 767 392 Vers.
807 336 891 390 4‘2.
935 336 1011 391 Et
1042 365 1104 375 —
1137 334 1396 403 seipsum.
1434 333 1518 386 Ad
1554 348 1733 387 suum
1765 331 2182 387 diversorium.
2218 335 2262 384 A

2372 336 2472 384 Καὶ
2550 361 2619 372 -—
2706 331 2909 386 ἑαυτόν.
3001 335 3136 407 Πρὸς
3203 336 3296 390 τὴν
3354 333 3529 386 ἑαυτοῦ
3582 332 3786 408 διαγωγήν,

2300 424 2435 477 Φησὶ
2517 422 2617 495 γὰρ
2716 425 2804 473 καὶ
2890 421 3127 483 Ἰωάννης
3206 428 3323 495 περί
3405 443 3455 475 τε
3528 429 3678 498 Πέτρον
3732 434 3792 479 καὶ

2300 509 2484 561 ἑαυτοῦ
2531 529 2543 541 ·
2581 509 2841 570 Ἀπῆλθον
2893 506 2981 563 οὖν
3038 511 3189 563 πάλιν
3224 516 3351 585 πρὸς
3392 512 3584 575 ἑαυτοὺς
3622 518 3657 567 οἱ
3680 519 3797 588 puer-

2297 618 2404 652 ται.

2369 689 2667 759 Θαυμάζων
2741 692 2797 741 τό
2864 694 3099 760 γεγονός.
3182 697 3372 748 Συνῆκε

2653 774 2676 793 ν

2296 779 2535 848 μετετέθη
2573 794 2584 806 ·
2648 777 2676 835 ἦ
2731 780 2832 852 γὰρ
2882 777 2941 830 ἂν
2998 782 3130 851 μετὰ
3186 787 3284 831 τῶν
3361 780 3554 832 ὀθονίων
3604 785 3798 853 μετετέθη*

3478 693 3565 765 γὰρ
3639 694 3700 744 ὅτι
3758 696 3800 745 οὗ

2297 871 2535 919 Φαίνεται
2609 872 2778 919 τοίνυν
2838 868 2919 919 ὅτι
2986 867 3039 919 ἔκ
3118 873 3295 941 τρίτου
3378 868 3582 928 ἀπῆλθεν
3656 870 3719 922 ἐπὶ
3763 875 3803 923 τὸ

2294 963 2540 1027 μνημεῖον
2596 956 2622 1007 ὁ
2683 960 2874 1030 Πέτρος
2939 971 2953 985 ⁸
3026 963 3114 1008 νῦν
3158 961 3246 1028 μὲν
3298 961 3471 1029 μόνος,
3524 960 3698 1032 ὕστερον
3761 956 3801 1010 Iit

2295 1047 2424 1116 μετὰ
2474 1053 2566 1097 τοῦ
2617 1045 2878 1111 Ἰωάννου,
2939 1047 3003 1106 ὡς
3055 1046 3212 1108 αὐτὸς
3269 1047 3293 1098 ὀ
3350 1047 3573 1109 Ἰωάννης
3624 1047 3805 1117 ἔγραψεν.

2295 1132 2707 1188 Ἐπανελθόντων
2776 1131 2853 1199 δε,
2930 1140 3084 1206 μόνος
3156 1131 3303 1195 αὖθις
3388 1137 3660 1206 ἠναγκάσθη
3718 1132 3807 1205 δρα·

2295 1229 2405 1293 μεῖν

2473 1240 2485 1252 ·
2549 1222 2607 1275 ού
2656 1225 2756 1298 γὰρ
2805 1227 2884 1275 εἶα
2948 1232 3127 1275 τοῦτον
3185 1225 3449 1295 ὑπομένειν
3507 1227 3532 1283 ἡ
3582 1221 3810 1297 σφοδρότης

2294 1319 2385 1363 τοῦ
2423 1312 2656 1383 φίλτρου,
2708 1316 2795 1363 καὶ
2850 1314 2907 1363 τὸ
2960 1311 3074 1364 λίαν
3119 1311 3403 1383 βούλεσθαι
3442 1318 3532 1387 πρὸ
3578 1322 3660 1365 τῶν
3693 1312 3811 1363 ἄλλων

2299 1402 2541 1443 ument-tim
2598 1401 2832 1443 ἒντυνεῖν
2883 1409 2952 1443 τῶ
3008 1398 3320 1443 δεδησγνὶλω
3403 1408 3486 1443 νηὶ
3572 1407 3809 1443 σῃοΜρίνιῑἾ

531 1417 785 1473 sumque
817 1402 1204 1470 desiderium,
1242 1418 1359 1472 quo
1396 1400 1738 1473 praeceptori
1773 1399 2000 1472 primus
2034 1398 2176 1453 inter

2296 1402 2541 1471 μαθητῶν
2598 1401 2832 1471 ἐντυχεῖν
2883 1409 2952 1471 τῷ
3008 1398 3320 1471 διδασκάλῳ
3403 1408 3490 1454 καὶ
3572 1407 3809 1472 συγγνώμην

530 1488 679 1543 alios
698 1490 1020 1562 discipulos
1033 1493 1277 1562 optabat
1298 1494 1686 1553 occurrere,et
1708 1487 2039 1558 negationis
2057 1503 2185 1558 per-

530 1577 743 1633 factam
762 1580 1029 1649 accipere
1045 1578 1276 1634 veniam
1305 1595 1315 1631 :
1339 1578 1584 1650 quando
1604 1577 1777 1632 etiam
1802 1575 2079 1647 apparuit
2105 1574 2185 1629 illi

534 1668 836 1734 Dominus,
884 1667 1062 1723 veluti
1116 1669 1175 1723 in
1220 1668 1607 1739 sequentibus
1642 1666 2034 1721 inveniemus.
2062 1662 2176 1717 Tri-

2302 1664 2550 1733 ὰπελθὼν,
2633 1670 2690 1719 τὸ
2780 1666 3024 1743 τριπλοῦν
3114 1666 3384 1720 κάντεῦθεν

528 1772 608 1811 na
632 1771 772 1825 ergo
826 1756 946 1811 vice
979 1755 1054 1811 ad
1108 1755 1447 1828 sepulcrum
1497 1755 1804 1819 accedens,
1851 1754 2061 1809 trinem
2110 1768 2176 1807 cu

2300 1754 2627 1829 ἐθεράπευσε.

529 1845 681 1901 ravit
713 1845 1112 1916 negationem.

917 1933 1070 1987 CAP.
1109 1934 1368 1989 LXXXIII.
1421 1933 1503 1988 De
1533 1932 1758 2001 Cleopa.

599 2022 763 2079 Vers.
814 2021 896 2079 13.
939 2024 1019 2078 Et
1068 2038 1196 2079 ecce
1253 2054 1315 2065 ——
1372 2023 1672 2077 Emmaus.
1719 2019 1934 2075 Ultimo
1992 2019 2176 2090 capite

2369 2028 2468 2076 Καὶ
2571 2020 2689 2075 ἰδού
2782 2056 2849 2066 --
2943 2024 3224 2097 Ἐμμαοῦς.

530 2112 828 2183 Evangelii
861 2112 1193 2168 secundum
1220 2113 1481 2167 Marcum
1507 2126 1727 2183 quaere,
1763 2108 1863 2163 ubi
1892 2107 2135 2180 ponitur
2168 2124 2176 2162 :

2294 2112 2552 2184 κεφαλαίῳ
2635 2118 2725 2164 τοῦ
2809 2114 2945 2164 κατὰ
3005 2112 3218 2187 Μάρκον
3298 2114 3524 2173 ζήτησον
3590 2114 3680 2162 τόο
3722 2111 3823 2162 Μετά

532 2202 666 2259 Post
700 2202 823 2259 haec
844 2208 1026 2258 autem
1070 2203 1287 2258 duobus
1314 2217 1388 2258 ea:
1418 2201 1558 2269 ipsis
1585 2199 2046 2263 ambulantibus,
2075 2211 2176 2266 ap-

2297 2197 2352 2253 6";
2432 2208 2600 2252 ταῦτα
2668 2196 2827 2253 δυσὶν
2906 2200 2959 2263 ἐξ
3045 2201 3214 2253 αὐτῶν
3312 2208 3666 2275 περιπατοῦσιν
3737 2196 3821 2268 ἐξια-

525 2293 732 2362 paruit
768 2292 831 2347 in
877 2292 1001 2347 alia
1042 2292 1233 2361 forma
1282 2290 1551 2347 euntibus
1578 2306 1678 2343 rus
1706 2290 1775 2354 ’9,
1812 2292 1867 2342 et
1919 2292 2129 2342 caetera
2165 2305 2176 2344 :

2296 1498 2382 1549 τῆς
2437 1488 2695 1561 ἀρνήσεως
2782 1488 3130 1561 ἐντελεστέραν
3186 1489 3378 1557 λαϐεῖν,
3457 1492 3531 1542 ὅτε
3576 1496 3650 1541 καὶ
3709 1492 3813 1559 ὤφθη

2299 1577 2437 1647 αύτῷ
2488 1579 2514 1629 ὁ
2571 1581 2775 1651 Κύριος,
2824 1581 2893 1639 ὡς
2947 1585 3204 1651 προίόντες
3260 1581 3554 1653 εὑρήσομεν.
3620 1584 3720 1650 Τρὶς
3754 1574 3815 1628 οὖν

3476 1676 3559 1728 τῆς
3623 1670 3818 1739 ἀρνήσεως

2685 1940 2832 1989 ΚΕΦ.
2862 1933 2982 1988 ΠΓ’.
3021 1940 3140 2010 Περὶ
3175 1942 3265 1987 τοῦ
3314 1936 3509 1991 Κλοπᾱ.

3316 2025 3396 2078 Ἐν
3474 2032 3540 2095 τῷ
3610 2022 3822 2089 τελευταίῳ

2297 2197 2352 2253 δὲ
2432 2208 2600 2252 ταῦτα
2668 2196 2827 2253 δυσὶν
2906 2200 2959 2263 ἐξ
3045 2201 3214 2253 αὐτῶν

2292 2291 2485 2362 νερώθη
2556 2288 2604 2341 ἐν
2698 2288 2842 2362 ἑτέρᾳ
2893 2298 3091 2363 μορφῇ,
3156 2294 3519 2363 πορευομένοις
3586 2290 3647 2348 εἰς
3687 2287 3823 2359 ἀγρὸν,

2292 2384 2381 2430 καὶ
2458 2381 2524 2430 τὰ
2577 2378 2694 2440 ἑξῆς
2726 2397 2738 2409 ·
2801 2383 2890 2430 καὶ
2949 2377 3202 2450 ἀνάγνωθι
3254 2382 3347 2436 τὴν
3405 2379 3637 2450 ἐξήγησιν
3680 2376 3820 2439 νώτων,

530 2387 585 2438 et
615 2381 743 2452 lege
803 2380 1029 2436 illorum
1085 2379 1541 2435 enarrationem.
1588 2376 1874 2431 Conducit
1912 2376 2068 2431 enim
2103 2374 2181 2429 ad

529 2470 834 2543 proposita
881 2470 1048 2525 Lucae
1106 2468 1310 2524 verba.
1344 2467 1496 2523 Dixit
1536 2474 1755 2530 autem,
1798 2481 1866 2522 ea:
1889 2466 2033 2530 illis,
2067 2464 2180 2519 hoc

530 2566 615 2617 est
655 2558 1019 2632 simpliciter,
1074 2575 1145 2614 ex
1188 2556 1468 2613 omnibus
1508 2555 1645 2613 illis.

600 2738 767 2792 Vers.
808 2738 888 2791 14.
934 2737 999 2791 Et
1031 2767 1094 2775 —
1128 2736 1237 2791 his.
1289 2734 1366 2788 De
1405 2749 1571 2788 cruce
1605 2732 1904 2803 signisque
1944 2731 2182 2787 horren-

527 2826 642 2893 dis,
684 2842 819 2898 quaa
860 2830 995 2881 tunc
1018 2824 1172 2880 facta
1211 2829 1396 2887 erant,
1427 2824 1500 2877 de
1528 2822 1797 2893 sepulcro
1830 2827 1884 2876 et
1912 2820 2005 2875 his
2045 2837 2179 2891 quae

528 2932 563 2971 a
603 2912 951 2970 mulieribus
1008 2912 1341 2969 renuntiata
1396 2911 1648 2976 fuerant,
1697 2926 1765 2965 ac
1804 2909 1878 2964 de
1918 2925 2180 2965 resurre-

526 3004 718 3060 ctione
748 3002 999 3058 Domini.

600 3093 760 3148 Vers.
791 3092 875 3147 15.
909 3092 990 3147 Et
1014 3121 1077 3131 -
1104 3090 1241 3146 illis.
1276 3088 1785 3162 Conquisitionem
1838 3092 2001 3143 vocat
2037 3087 2183 3143 ima-

520 3183 741 3253 ginem,
789 3186 931 3253 puta
965 3199 977 3233 :
1027 3179 1358 3245 Quomodo,
1394 3195 1532 3233 cum
1566 3177 1695 3233 talis
1750 3181 1923 3242 esset,
1958 3177 2175 3246 hujus-

520 3271 683 3328 modi
724 3287 941 3344 passus
970 3269 1109 3325 est?
1147 3274 1201 3324 et
1231 3266 1563 3340 quomodo,
1599 3282 1737 3321 cum
1782 3271 2049 3321 mortuus
2082 3282 2179 3322 ac-

521 3360 786 3435 sepultus
843 3365 1017 3425 esset,
1079 3358 1431 3413 resurrexit?

591 3451 756 3506 Vers.
798 3450 884 3504 16.
923 3448 1094 3504 Oculi
1118 3462 1250 3503 vero
1283 3477 1345 3487 —
1378 3462 1530 3503 eum.
1562 3446 1626 3501 In
1656 3443 1767 3500 hoc
1794 3443 1987 3500 solum
2020 3447 2176 3501 tene-

518 3539 756 3602 bantur,
795 3554 867 3594 ne
910 3553 1045 3592 eum
1088 3540 1497 3605 agnoscerent.

589 3628 753 3683 Vers.
793 3632 871 3681 t7.
902 3625 1070 3680 Dixit
1092 3655 1149 3664 —
1173 3624 1370 3679 tristes
1392 3623 1421 3679 ?
1450 3623 1729 3678 Confertis
1762 3623 1883 3679 sive
1919 3622 2173 3694 objicitis

521 3722 576 3774 et
613 3715 928 3789 inquiritis.

590 3805 752 3861 Vers.
782 3803 869 3859 18.
902 3801 1267 3873 Respondens
1300 3831 1365 3841 —
1391 3801 1593 3858 diebus
1631 3802 1784 3857 illis?
1823 3800 2071 3873 Cognito
2099 3818 2171 3857 ex

452 3916 455 3925 ν
516 3911 664 3952 voce
721 3898 778 3951 et
805 3893 1012 3949 habitu
1044 3892 1205 3965 quod
1231 3898 1285 3946 et
1314 3891 1439 3962 ipse
1473 3890 1709 3946 Judaeus
1748 3896 1919 3954 esset,
1956 3891 2173 3962 impro-

518 3987 748 4058 perant,
769 3999 890 4039 non
909 3982 1069 4055 quod
1089 3980 1250 4037 solus
1266 3979 1391 4053 ipse
1420 3980 1822 4036 diversaretur
1840 3980 2171 4051 Hierosoly-

518 4074 652 4140 mis,
686 4073 789 4129 sed
819 4071 984 4146 quod
1022 4069 1642 4142 solusignoraretqute
1670 4069 1952 4124 omnibus
1981 4068 2063 4124 ibi
2090 4069 2171 4123 di-

516 4163 886 4219 versantibus
909 4166 1050 4217 nota
1079 4164 1245 4215 erant
1274 4176 1284 4212 :
1328 4160 1389 4217 et
1428 4156 1784 4228 increpando
1809 4157 2015 4212 dicunt
2046 4174 2057 4211 :
2087 4158 2170 4212 Tu

516 4252 675 4309 solus
707 4268 777 4308 ex
807 4250 1090 4307 omnibus
1136 4249 1237 4321 qui
1272 4246 1694 4318 Hierosolymis
1754 4244 2049 4311 habitant,
2078 4247 2170 4301 di-

514 4343 770 4399 versaris
809 4341 869 4396 in
908 4337 1235 4394 Jerusalem
1282 4336 1593 4407 ignorans,
1637 4350 1772 4406 quae
1804 4334 1863 4389 in
1903 4350 1974 4390 ea
2012 4334 2168 4390 facta

517 4437 657 4487 sunt
694 4430 786 4486 his
826 4428 1035 4484 diebus
1072 4427 1100 4483 ?

588 4520 756 4575 Vers.
782 4520 867 4574 19.
898 4519 971 4573 Et
994 4549 1061 4557 —
1081 4530 1228 4587 quae.
1264 4512 1663 4585 Ignorantiam
1685 4511 1876 4581 ﬁngit,
1904 4515 1965 4567 ut
1985 4511 2167 4568 etiam

517 4625 589 4666 ex
629 4625 725 4663 ore
758 4608 992 4663 illorum
1021 4604 1226 4661 audiat
1254 4620 1390 4677 quas
1430 4619 1466 4658 a
1504 4601 1681 4657 corde
1704 4617 1911 4657 eorum
1942 4617 2167 4673 cogno-

517 4696 740 4763 scebat,
784 4702 840 4752 et
863 4696 944 4751 ita
981 4694 1253 4765 objurget
1302 4707 1371 4747 ac
1400 4691 1663 4762 increpet
1693 4689 1840 4746 illos.

586 4874 751 4930 Vers.
802 4872 887 4927 19.
920 4871 995 4926 At
1027 4871 1126 4926 illi
1170 4900 1237 4910 —-
1284 4869 1517 4940 populo.
1560 4865 1767 4921 Virum
1815 4866 2166 4938 prophetam

512 4964 679 5023 illum
712 4963 893 5020 fuisse
935 4959 1347 5035 Opinabantur,
1390 4956 1730 5029 imperfecta
1785 4956 1980 5012 adhuc
2028 4956 2161 5013 fide.

583 5144 631 5182 ⁸⁸
662 5142 833 5201 Joan.
892 5157 991 5207 xx,
1030 5138 1119 5196 10.
1196 5139 1242 5175 ’θ
1288 5140 1462 5196 Marc.
1492 5154 1612 5206 κει,
1662 5138 1749 5195 12.

2292 2470 2727 2539 χρησιμεύουσαν
2788 2467 2855 2527 εἰς
2910 2470 2974 2519 τὰ
3025 2473 3334 2542 προκείμενα
3390 2469 3525 2542 ῥητά
3554 2474 3633 2519 τοῦ
3674 2470 3824 2518 Aeni.

2294 2557 2373 2618 Ἐξ
2408 2557 2574 2609 αὐτῶν
2609 2552 2665 2609 δὲ
2697 2553 2829 2609 εἶπεν
2866 2557 3059 2620 ἁπλῶς,
3095 2558 3250 2628 ἤγουν
3281 2557 3337 2608 ἐκ
3389 2566 3487 2609 τῶν
3538 2556 3649 2607 ὅλων
3692 2554 3826 2625 μαθη-

2292 2655 2389 2697 τῶν
2398 2688 2409 2699 .

2364 2736 2461 2789 Καὶ
2486 2766 2553 2773 -
2596 2737 2811 2786 τούτων.
2848 2739 2972 2806 Περί
2998 2754 3049 2787 τε
3098 2742 3189 2787 τοῦ
3220 2742 3473 2809 σταυροῦ,
3504 2738 3586 2785 καὶ
3613 2740 3698 2784 τῶν
3723 2749 3829 2786 rvt-

2290 2832 2457 2875 καῦτα
2488 2822 2706 2899 φοϐερῶν
2739 2829 2991 2896 σημείων,
3024 2828 3229 2884 καὶτῆς
3262 2832 3456 2895 ταφῆς,
3483 2828 3673 2875 καὶτῶν
3707 2817 3831 2885 intr/-

2290 2911 2566 2982 γελθέντων
2586 2913 2686 2964 ύπὸ
2713 2920 2811 2963 τῶν
2841 2920 3097 2984 γυναικῶν
3136 2916 3252 2987 περὶ
3291 2920 3385 2972 τῆς
3432 2910 3730 2968 ἀναστάσεως
3767 2913 3832 2957 τσῦ

2220 3020 2260 3077 C
2295 3000 2515 3071 Κυρίου.

2367 3094 2465 3141 Καὶ
2497 3120 2563 3129 -
2596 3090 2792 3151 αύτοῖς.
2840 3090 3137 3151 Συζήτησιν
3197 3089 3328 3161 λέγει
3356 3095 3455 3149 τὴν
3486 3088 3712 3151 ἐξέτασιν.
3737 3085 3833 3147 οἶσι,

2290 3186 2417 3248 πῶς,
2458 3186 2690 3241 τοιοῦτος
2720 3180 2807 3250 ῶν,
2837 3187 3060 3231 τοιαῦτα
3084 3181 3299 3231 πεπονθε
3332 3195 3345 3245 ;
3374 3185 3467 3232 καὶ
3495 3187 3600 3240 πῶς
3622 3176 3835 3228 ἀποθανὼν

2292 3264 2477 3326 ἀνέστη
2511 3286 2523 3336 ;

2357 3446 2423 3498 Οἱ
2450 3441 2509 3497 δε
2538 3445 2790 3518 ὀφθαλμοὶ
2829 3477 2898 3486 -
2930 3446 3105 3501 αὐτόν.
3137 3447 3489 3516 Ἐκρατοῦντο
3514 3446 3581 3506 εἰς
3616 3450 3744 3496 τοῦτο
3767 3442 3837 3513 μὸ-

2284 3553 2386 3600 νον,
2416 3537 2474 3586 τὸ
2506 3539 2579 3609 μὴ
2609 3536 2888 3606 ἐπιγνῶναι
2930 3536 3104 3590 αὐτόν.

2356 3620 2478 3676 Eine
2521 3655 2589 3665 -
2660 3626 2962 3697 σκυθρωποί
3027 3642 3040 3692 ;
3109 3623 3488 3696 Ἀντιϐἀλλετε,
3539 3627 3685 3695 ἤγουν
3726 3616 3835 3669 ἀντι·

2282 3714 2483 3764 τιθέατε
2510 3714 2622 3783 (85)
2656 3714 2684 3772 ἢ
2711 3712 2991 3776 ἐξετάζετε.

2354 3802 2676 3875 Ἀποκριθείς
2708 3834 2772 3842 -
2804 3803 3019 3876 ἡμέραις
3052 3805 3267 3864 ταύταις
3305 3819 3317 3869 ;
3366 3804 3500 3857 Ἀπὸ
3528 3820 3578 3854 τε
3602 3808 3681 3859 τῆς
3706 3798 3835 3867 Mi

2280 3895 2369 3943 καὶ
2398 3902 2489 3953 τῆς
2523 3890 2705 3951 στολῆς
2734 3896 2954 3961 γνόντες,
2982 3893 3063 3943 ὄτι
3094 3888 3355 3953 Ἰουδαῖος
3401 3896 3492 3944 καὶ
3538 3890 3676 3949 αὐτὸς
3710 3887 3832 3941 istm

2281 3976 2652 4047 ὀνειδίζουσιν,
2684 3980 2787 4051 οὐχ
2814 3982 2882 4042 ὡς
2911 3985 3062 4051 μόνον
3093 3989 3459 4048 παροικοῦντα
3580 3972 3834 4049 (86)Ὶερον·

2281 4068 2478 4140 σαλὴμ,
2501 4068 2605 4120 ἀλλ’
2630 4070 2695 4128 ὣς
2723 4074 2877 4141 μόνον
2910 4068 3192 4139 ἀγνοοῦντα
3220 4074 3281 4121 τὰ
3310 4077 3453 4122 πᾶσι
3482 4076 3585 4129 τοῖς
3614 4063 3833 4135 παροικοῶ

2281 4178 2362 4209 σιν
2396 4157 2710 4229 ἐγνωσμένα,
2764 4163 2854 4209 καί
2903 4178 3057 4230 φασιν
3098 4157 3504 4218 ἐπιπληκτικῶς·
3539 4160 3601 4209 Σύ
3648 4156 3831 4225 μόνοςεκ

2278 4250 2482 4299 πάντων
2537 4256 2635 4298 τῶν
2688 4250 3077 4320 παροικούντων
3124 4255 3186 4319 τῇ
3234 4247 3579 4322 Ἰερουσαλὴμ
3623 4240 3832 4315 παροικεῖς

2204 4371 2248 4426 D
2278 4334 2638 4411 Ἰερουσαλὴμ,
2668 4340 2739 4409 μὴ
2800 4343 3069 4407 γινώσκων
3106 4340 3171 4389 τὰ
3214 4343 3474 4410 γενόμενα
3520 4335 3624 4406 (87)
3666 4330 3706 4381 έν
3748 4330 3830 4379 ni;

2279 4428 2493 4498 ἡμέραις
2519 4428 2734 4485 ταύταις
2768 4441 2781 4489 ;

2353 4518 2453 4567 Καὶ
2507 4546 2573 4553 -
2626 4521 2753 4566 ποῖα
2802 4532 2814 4581 ;
2875 4521 3246 4589 Προσποιεῖται
3306 4516 3545 4587 ἄγνοιαν,

2280 4600 2374 4656 διὰ
2463 4607 2717 4675 στόματος
2769 4602 2938 4654 αὐτῶν
3005 4604 3205 4676 ἀκούσῃ
3274 4602 3309 4655 ἁ
3357 4600 3458 4656 διὰ
3527 4609 3617 4662 τῆς
3656 4588 3827 4666 καρδίας

2281 4691 2447 4744 αὐτῶν
2503 4689 2773 4763 ἐγίνωσκε,
2830 4695 2921 4743 καὶ
2978 4693 3143 4753 οὕτως
3192 4688 3458 4764 ὀνειδίσῃ,
3500 4694 3583 4743 καὶ
3623 4678 3821 4747 ὶπιπὶεξς

3634 4511 3703 4560 ἶνα
3763 4504 3826 4552 αἱ

2282 4799 2481 4842 αυτοις.

2347 4871 2413 4922 Οἱ
2479 4865 2539 4921 δὲ
2588 4899 2652 4910 -
2702 4868 2850 4921 λαοῦ.
2916 4865 3123 4945 ’Ἄνδρα
3185 4874 3471 4943 προφήτην
3550 4866 3686 4919 αὑτὸν
3732 4855 3825 4909 εἶπα

2275 4956 2652 5030 ὑπελάμϐανον,
2741 4956 2891 5017 ἀτελῆ
2968 4964 3147 5011 πίστιν
3239 4961 3315 5011 ἔτι
3407 4962 3618 5031 εγοντες.
3686 4948 3823 5019 Ἔργον

1718 5320 1944 5393 Variae
1972 5322 2300 5393 lectiones
2342 5330 2408 5392 et
2432 5330 2637 5391 notae.

585 5551 698 5629 (85)
739 5552 1128 5629 Itaruterque,
1162 5540 1621 5629 Ρτοηᾶντιτίθετι.
1684 5544 1874 5620 Vulgo
1927 5550 2162 5607 tantum

509 5620 717 5689 τιθέασι
742 5628 954 5685 notant
982 5620 1385 5682 Grammatici.

2371 5548 2462 5613 86)
2493 5551 2593 5607 Τήν
2620 5552 2683 5603 Δ.

2371 5548 2462 5613 86)
2493 5551 2593 5607 Τήν
2620 5552 2683 5603 Α.

2344 5548 2461 5697 ἕδη
2478 5624 2725 5699 Γινόμενα
2750 5624 2810 5679 Β.
