3994 6218
168 232 295 298 1097

1202 230 1555 294 COMMENT.
1599 238 1669 294 IN
1705 210 1974 296 LUCAM.
2016 272 2085 282 -
2115 241 2269 319 CAP.
2302 243 2500 299 xxxv.

3389 251 3529 307 {098

165 370 248 440 μὶν
339 363 428 418 οὖν
496 369 598 418 νόει
676 367 742 416 τὰ
827 370 1038 436 σημεῖα,
1096 364 1248 436 λόγον
1331 360 1390 417 δὲ
1446 367 1540 426 τὰς
1605 360 1759 417 διδα-

1910 374 1979 422 ’θτ
2025 381 2179 440 Opus
2231 368 2432 441 itaque
2490 370 2661 442 signa
2690 371 2944 445 intelligo
2987 394 3000 434 :
3040 390 3148 449 per
3185 391 3525 435 sermonem

167 457 398 518 σκαλὺις.

226 633 403 695 Ὀπως
436 664 500 673 -
540 633 713 687 αὐτόν.
751 633 836 695 Εἰς
862 628 1156 691 καταδίκην
1199 634 1439 685 θανάτου.

228 729 401 795 Ἡμεῖς
504 753 571 762 -
655 721 887 795 Ἰσραήλ.
987 722 1298 793 Ἠλπίζομεν
1396 721 1552 774 αὑτὸν
1633 719 1763 774 εἶναι

155 817 240 865 τὸν
292 815 394 865 ὑπὸ
473 821 571 864 τῶν
658 818 869 886 Γραφών
949 811 1419 884 καταγγελλόμενον
1499 811 1760 887 λυτρωτὴν

157 906 303 976 ἡμῶν
368 921 382 934 ·
456 908 545 953 νῦν
648 898 708 955 δε
790 902 949 961 οὕτως
1053 900 1381 955 ἀποθανόντα
1467 899 1763 959 ἀπηλπίσα-

155 1010 245 1064 μιν
275 991 409 1063 (88)-

224 1079 385 1133 Ἀλλά
420 1098 481 1150 γε
510 1110 572 1119 -
600 1077 813 1151 ἐγένετο.
844 1111 909 1120 -
936 1084 1029 1132 Σὺν
1060 1086 1192 1132 πᾶσι
1219 1081 1443 1144 τούτοις,
1477 1080 1593 1131 ἀντὶ
1645 1086 1755 1144 τοῦ,

456 908 545 953 νῦν

158 1172 370 1223 Πάντων
396 1172 589 1221 τούτων
612 1173 909 1241 γενομένων.

223 1258 389 1312 Ἀλὶὰ
416 1263 506 1309 καὶ
557 1288 628 1298 -
681 1258 798 1330 ζῇν.
854 1263 1098 1321 Γυναῖκές
1129 1278 1256 1321 τινες
1283 1257 1336 1321 ἕξ

156 1351 424 1421 ἡμέτεραι,
449 1346 480 1405 ἡ
504 1349 573 1407 ὡς
602 1347 753 1421 ἡμεῖς
781 1353 994 1405 πισταί,
1032 1352 1186 1418 Λέγει
1209 1344 1269 1401 δὲ
1294 1351 1387 1410 τὰς
1410 1352 1528 1420 περὶ
1554 1351 1758 1420 Μαρίαν

155 1443 244 1495 τὴν
291 1432 671 1508 Μαγδαληνήν.
728 1436 1048 1500 Ἐξέστησαν
1103 1434 1162 1490 δὲ
1227 1439 1379 1510 ἡμᾶς,
1436 1439 1507 1498 ὡς
1559 1434 1761 1489 ἁπιστα

157 1524 188 1579 δ
192 1525 652 1599 ιεσχυριζόμεναι,

1387 1260 1553 1331 ἡμῶν,
1596 1260 1758 1329 ἤγουν

1806 531 1821 543 δ
1874 470 2033 522 vero,
2078 456 2401 515 doctrinas.

1945 544 2103 600 Vers.
2132 549 2220 603 20.
2247 547 2536 615 Quomodo
2589 581 2657 590 —
2692 566 2837 607 eum.
2887 552 3006 610 Hoc
3057 554 3119 612 in
3174 555 3307 613 loco
3334 562 3520 632 κρίμα,

1870 633 2180 701 iudicium,
2210 637 2441 706 capitur
2480 654 2588 710 pro
2620 641 3153 701 Condemnatione.

1945 721 2103 778 Vers.
2133 725 2220 779 2t.
2250 726 2366 781 Nos
2410 757 2479 766 —
2505 727 2703 785 Israel.
2741 731 3169 802 Sperabamus,
3194 735 3358 808 quod
3392 736 3523 808 ipse

1871 819 2024 868 esset
2061 813 2392 886 redemptor
2430 821 2630 873 noster
2687 820 2791 890 qui
2842 820 3156 894 Scripturis
3204 826 3524 897 annuntia-

1870 900 2063 957 batur.

1944 1076 2099 1134 Vers.
2135 1080 2222 1134 21.
2245 1081 2429 1153 Atqui
2453 1114 2520 1124 —
2545 1084 2717 1154 facta
2744 1092 2894 1143 sunt.
2934 1088 3082 1146 Cum
3100 1088 3201 1146 his
3240 1091 3520 1163 omnibus,

1870 1164 1981 1221 hoc
2029 1172 2141 1233 est,
2176 1168 2343 1225 factis
2366 1171 2458 1227 his
2486 1174 2791 1230 omnibus.

1940 1255 2105 1312 Vers.
2160 1260 2246 1313 22.
2296 1259 2407 1317 Sed
2460 1269 2513 1318 et
2564 1263 2816 1320 —Vers.
2857 1268 2945 1321 23.
2998 1267 3212 1324 vivere.
3246 1267 3526 1324 Mulieres

1867 1345 2148 1417 quaedam
2188 1365 2262 1405 ex
2292 1350 2479 1421 nobis,
2530 1353 2654 1409 sive
2684 1360 2917 1422 nostrae,
2951 1362 3054 1411 aut
3106 1356 3329 1427 ﬁdeles,
3375 1358 3526 1415 sicut

1866 1439 1923 1489 et
1948 1450 2082 1490 nos.
2119 1437 2481 1496 Dicitautem
2500 1441 2791 1515 illas,quse
2806 1461 2943 1500 cum
2976 1446 3154 1501 Maria
3179 1447 3523 1519 Magqalene

1868 1527 2052 1589 erant,
2084 1531 2139 1580 et
2155 1526 2350 1598 ipsam
2377 1529 2766 1601 Magdalenen
2781 1577 2793 1589 .
2808 1532 3142 1590 Attonitosa
3158 1535 3392 1605 intquit,
3408 1552 3522 1593 nos

1867 1612 2275 1678 reddiderunt,
2299 1622 2499 1689 utpote
2521 1620 2888 1677 incredibilia
2910 1629 3341 1680 asseverantes.

218 1705 333 1759 Kal
363 1734 427 1743 —
456 1713 724 1777 μνημεῖον.
762 1710 951 1779 Πέτρος
981 1710 1070 1758 καὶ
1112 1705 1369 1773 Ἰωάννης,
1421 1705 1487 1765 ὡς
1515 1706 1759 1778 προειρή-

1939 1701 2101 1759 Vers.
2132 1707 2220 1759 νε.
2253 1706 2319 1760 Et
2350 1738 2417 1747 -—
2450 1716 2909 1766 monumentum.
2939 1710 3147 1767 Pctrus
3177 1712 3441 1770 videlicet
3466 1718 3525 1771 et

153 1817 340 1850 κααεν.

216 1854 229 1870 .

222 1894 334 1942 Καὶ
357 1919 428 1930 -
458 1884 594 1942 εἶδον
626 1917 694 1927 -—
731 1886 890 1959 Εὗρον
920 1884 1077 1952 οὕτω,
1118 1886 1405 1950 τουτέστιν,
1438 1882 1562 1955 Οὐχ
1615 1881 1760 1957 εὖρον

152 1985 207 2034 τό
234 1990 400 2053 σῶμα
417 1982 598 2045 αὑτοῦ,

220 2076 333 2124 Καὶ
362 2102 428 2112 ——
461 2066 1029 2143 προφῆται-Ἀνοήτους
1054 2068 1143 2138 μὲν
1170 2064 1355 2126 αὐτοὺς
1385 2064 1494 2135 (89)
1524 2064 1762 2135 ὠνόμασε

154 2156 431 2234 διεγείρων
462 2159 631 2231 ἠρέμα
660 2159 787 2231 πρὸς
810 2154 1087 2227 ἕπὶγνωσιν
1113 2160 1268 2206 αὐτοῦ
1299 2171 1310 2183 ’
1341 2149 1561 2226 βραδεῖς
1611 2150 1671 2205 δὲ
1696 2161 1757 2225 τῇ

152 2246 377 2325 καρδίᾳ,
411 2252 475 2308 ὡς
505 2249 729 2321 νωθροὺς
756 2245 828 2307 εἰς
851 2248 909 2296 τὸ
938 2246 1199 2296 πιστεύειν
1226 2242 1309 2295 ἐπὶ
1340 2249 1521 2311 πᾶσιν,
1554 2242 1629 2303 οἱς
1652 2242 1763 2293 ἐλά-

153 2338 322 2396 λησαν
353 2340 406 2390 οἱ
436 2344 694 2412 προφῆται
723 2340 840 2408 περί
867 2352 920 2386 τε
967 2341 1056 2386 τοὺ
1098 2334 1320 2385 θανάτου
1346 2337 1436 2383 καὶ
1476 2338 1571 2393 τῆς
1605 2331 1761 2383 ανασ-

155 2430 358 2488 τάσεως
386 2427 568 2479 αὐτοῦ.

217 2517 378 2588 Οὐχὶ
417 2548 475 2556 -
507 2515 668 2567 αὐτοῦ
702 2520 934 2582 ;Ταυτα,
984 2511 1021 2564 ἃ
1068 2511 1320 2570 ἐλάλησαν
1370 2513 1420 2564 οἰ
1476 2518 1757 2583 προφῆται.

150 2607 319 2670 Δόξαν
343 2603 406 2659 δε
434 2605 612 2672 αὐτοῦ,
671 2608 765 2662 τὴν
813 2610 903 2663 τῆς
956 2604 1218 2662 θεότητος.
1257 2600 1380 2654 Κατ’
1420 2599 1674 2673 ἐρώτησιν
1702 2597 1762 2652 δε

149 2696 325 2768 λόγος.

221 2880 332 2930 Καὶ
365 2905 433 2914 -—-
465 2879 671 2928 εαυτοῦ.
704 2871 831 2925 Ἀπὸ
858 2873 1138 2935 Μωϋσέως,
1189 2872 1351 2940 ἤγουν
1383 2866 1485 2919 ἀπὸ
1515 2875 1615 2920 τῶν
1646 2872 1760 2919 Maso

150 2972 353 3017 σαῖκῶν
387 2961 603 3034 βίϐλων.

222 3059 331 3108 Kal
375 3084 433 3092 —
461 3050 778 3123 ἐπορεύοντο.
812 3048 980 3102 Ὀπου
1012 3047 1327 3122 ἐπορεύοντο.

221 3148 328 3196 Καὶ
372 3141 790 3212 -πορεᾶεσθαι,
851 3137 1274 3211 Ἐσχηματὶζετο
1312 3134 1618 3210 πορρωτέρω
1667 3152 1761 3185 πο-

142 3232 425 3307 ρεύεσθαι,
448 3232 516 3291 ὡς
547 3228 714 3289 ἁπλῶς
748 3224 1138 3300 συνοδοιπόρος.

216 3321 329 3375 Kal
358 3350 432 3359 —-
458 3319 644 3392 ἡμέρα.
674 3316 901 3371 Ἐκλινεν
932 3316 1003 3379 εἰς
1026 3320 1084 3367 τὸ
1108 3313 1286 3370 δῦναι.

217 3505 325 3554 Καὶ
362 3528 434 3541 --
489 3497 678 3552 αὐτων.
734 3492 968 3550 ’ἰδόντων
999 3499 1091 3553 τὴν
1135 3495 1334 3552 συνήθη
1379 3496 1469 3544 καὶ
1501 3498 1760 3565 γνώριμον

146 3590 391 3662 εὐλογίαν
423 3595 518 3641 τοῦ
539 3588 723 3663 ἄρτου.
762 3590 890 3640 Τότε
932 3588 1031 3660 γὰρ
1074 3583 1523 3656 συνεχωρήθττσαν
1550 3580 1761 3652 ἕπιγνῶ-

141 3699 227 3731 ναι
252 3680 447 3731 αὐτὸν.

218 3774 328 3822 Καὶ
348 3797 427 3810 —-
464 3765 638 3820 αὐτὸν.
669 3764 781 3817 Ἵνα
804 3766 875 3837 μή
919 3758 1255 3839 βραδύνωσιν
1277 3763 1372 3828 ἔτι,
1404 3758 1532 3811 ὰ).λά
1574 3760 1763 3830 τάχιον

143 3855 566 3932 ὑποστρέψωσιν
604 3859 676 3917 εὶς
704 3857 820 3914 τοὺς
871 3853 1112 3925 μαθητάς
1143 3867 1156 3881 ·
1188 3849 1420 3903 ἐϐούλετο
1457 3850 1559 3923 γὰρ
1603 3848 1764 3907 αὐθη-

140 3951 303 4024 μερέν
338 3946 731 4019 ἐμφανισθῆναι
752 3947 912 3995 πᾶσιν
939 3941 1128 3999 αὐτοῖς.

214 4038 329 4092 Καὶ
365 4065 435 4076 —
468 4034 675 4108 Γραφοὲς
706 4048 721 4096 ς
751 4034 1030 4104 Καιομένη,
1079 4038 1240 4101 ἤγουν
1293 4027 1590 4101 σφύζουσα,
1634 4027 1763 4079 παλ-

136 4125 364 4199 legium.

216 4222 320 4268 Ea.
371 4210 823 4285 -Ἰερουσαλήμ.
874 4209 1199 4266 Ἀνέστησαν
1240 4206 1370 4279 αὐτῇ
1422 4213 1485 4278 τῇ
1542 4207 1671 4281 ὥρᾳ,
1705 4205 1763 4257 οὐ

135 4309 246 4375 μὴν
279 4303 429 4374 αὐτῇ
453 4308 517 4373 τῇ
545 4302 654 4373 ὦρᾳ
680 4298 1006 4374 ὑπέστρεψαν
1046 4312 1061 4327 ⁸
1103 4295 1351 4359 ἐξήκοντα
1379 4297 1482 4368 γὰρ
1533 4291 1764 4347 σταδίων

1868 1790 2150 1858 Joannes,
2187 1800 2249 1849 ut
2284 1796 2666 1865 prtediximus

1940 1880 2105 1937 Vers.
2162 1883 2249 1938 24.
2283 1886 2345 1940 Et
2380 1915 2447 1927 —
2476 1887 2766 1943 viderunt.
2800 1919 2869 1929 —
2897 1888 2993 1946 Ita
3031 1890 3374 1949 invenerunt
3404 1892 3520 1949 hoc

1870 1973 1979 2038 est,
2010 1972 2136 2027 Non
2168 1972 2521 2031 invenerunt
2564 1992 2776 2048 corpus
2809 1978 2956 2048 ejus.

1940 2059 2105 2115 Vers.
2272 2063 2339 2116 Et
2379 2095 2449 2104 —
2474 2065 2798 2135 prophetae.
2837 2069 3173 2125 lnsensatos
3212 2069 3343 2126 illos
3374 2070 3522 2127 dixit

1872 2150 2046 2205 tacite
2088 2150 2166 2207 ad
2217 2152 2309 2207 sui
2354 2153 2757 2223 cognitionem
2788 2157 3051 2214 excitans
3088 2181 3099 2223 ;
3150 2158 3350 2215 tardos
3381 2176 3515 2215 vero

1872 2239 2071 2307 corde,
2151 2244 2354 2311 utpote
2430 2243 2634 2299 tardos
2717 2244 2794 2300 ad
2851 2246 3214 2303 credendum
3273 2263 3343 2305 ea
3381 2264 3520 2321 quas

1873 2329 2178 2399 prophetas
2255 2328 2438 2386 locuti
2485 2329 2723 2388 fuerant
2794 2333 2868 2389 de
2954 2341 3142 2392 morte
3178 2341 3231 2392 et
3264 2353 3520 2394 resurre-

1869 2416 2061 2472 ctione
2104 2417 2311 2490 ipsius.

1941 2505 2101 2561 Vers.
2178 2510 2267 2564 26.
2325 2509 2526 2566 Nonne
2578 2542 2648 2553 —
2696 2528 2882 2570 suam.
2920 2513 3232 2585 memque
3257 2514 3524 2573 videlicet

1868 2592 2046 2651 locuti
2074 2596 2309 2653 fuerant
2334 2599 2659 2671 prophetas.
2693 2601 2949 2658 Gloriam
2979 2619 3175 2668 suam,
3204 2619 3335 2675 quas
3364 2604 3524 2661 vide-

1867 2682 2001 2740 licet
2030 2702 2149 2742 suae
2162 2693 2289 2743 erat
2315 2687 2657 2745 divinitatis.
2686 2692 2786 2747 Est
2806 2697 3005 2747 autem
3029 2692 3519 2763 interrogatorius

1870 2793 2089 2834 sermo.

1941 2866 2102 2921 Vers.
2160 2869 2248 2919 27.
2303 2866 2369 2920 Et
2401 2897 2467 2905 -—
2511 2867 2657 2936 ipso.
2715 2867 2947 2924 AMose
3007 2869 3131 2926 sive
3183 2870 3514 2928 aMosaicis

1867 2955 2053 3011 libris.

1793 3060 1831 3115 ο
1941 3044 2102 3098 Vers.
2138 3041 2223 3097 28.
2256 3043 2322 3097 Et
2354 3074 2423 3082 —
2450 3042 2634 3099 ibant.
2667 3045 2796 3109 Quo
2828 3044 3017 3101 ibant.

1940 3133 2101 3189 Vers.
2159 3136 2246 3188 28.
2299 3134 2363 3187 Et
2411 3164 2459 3173 —
2501 3132 2605 3190 ire.
2652 3133 2995 3200 Simulabat,
3044 3152 3107 3193 se
3136 3136 3377 3208 longius
3418 3138 3522 3205 ire,

1868 3226 2155 3295 tanquam
2197 3221 2454 3287 vulgaris
2482 3237 2686 3278 comes
2714 3222 2919 3280 fuisset
2957 3224 3199 3281 itineris.

1938 3311 2105 3366 Vers.
2155 3314 2241 3365 29.
2298 3312 2363 3365 Et
2415 3340 2470 3351 -
2526 3311 2667 3366 dies.
2719 3310 3039 3369 inclinatus
3085 3320 3173 3370 est
3229 3314 3305 3371 ad
3354 3331 3524 3372 occa-

1868 3416 2025 3457 sum.

1940 3490 2105 3545 Vers.
2158 3493 2246 3544 29.
2293 3491 2357 3543 Et
2408 3520 2476 3528 —
2504 3488 2666 3544 Vers.
2702 3493 2789 3546 3t.
2823 3506 2977 3547 eum.
3034 3494 3178 3548 Cum
3219 3493 3523 3561 vidissent,

1872 3583 2174 3635 assuetam
2223 3594 2293 3633 ac
2317 3578 2616 3649 cognitam
2652 3579 3308 3650 panisbenedictionem
3339 3603 3354 3651 ;
3384 3599 3523 3640 nam

1873 3673 2011 3724 tunc
2036 3667 2315 3740 permissi
2348 3674 2506 3732 sunt,
2540 3674 2602 3724 nt
2633 3684 2770 3723 eum
2791 3676 3204 3739 agnoscerent.

1943 3757 2103 3812 Vers.
2170 3757 2261 3810 3t.
2328 3757 2393 3811 Et
2436 3756 2700 3813 illorum.
2750 3760 2828 3813 Ne
2885 3757 3142 3830 amplius
3202 3760 3525 3828 tardarent,

1873 3847 1974 3902 sed
2027 3847 2200 3903 citius
2269 3846 2347 3901 ad
2398 3845 2723 3919 discipulos
2776 3854 3211 3905 reverterentur
3243 3866 3256 3905 :
3286 3851 3529 3907 volebat

1874 3951 2130 4006 namque
2162 3934 2375 3989 eodem
2419 3933 2515 3989 die
2543 3934 2829 3991 omnibus
2861 3936 3041 3991 simul
3075 3954 3385 4010 apparere.

1949 4024 2105 4079 Vers.
2134 4023 2221 4079 32.
2255 4024 2331 4079 Et
2364 4053 2432 4064 —-
2471 4025 2837 4095 Scripturas.
2880 4025 3333 4093 lncendebatur,
3359 4028 3532 4084 salie-

1876 4114 1975 4170 bat
1997 4111 2133 4184 (ὁὸ),
2162 4110 2518 4167 movebatur
2555 4128 2625 4167 ac
2657 4112 2958 4171 vibrabat.

1944 4201 2104 4257 Vers.
2169 4204 2255 4256 33.
2312 4202 2377 4254 Et
2412 4231 2467 4242 -—
2500 4200 2849 4257 Jerusalem.
2903 4201 3529 4260 Surrexernnteadem

1873 4293 2042 4357 hora,
2083 4305 2205 4346 non
2236 4295 2438 4346 tamen
2489 4290 2706 4345 reversi
2751 4293 2888 4345 sunt
2918 4291 3125 4346 eadem
3168 4291 3354 4357 hora;
3388 4308 3527 4348 nam

139 4389 202 4451 ἦν
228 4395 261 4450 ἠ
299 4388 457 4450 ὁδὸς.
491 4389 644 4450 Εἰκὸς
668 4384 748 4457 δε,
775 4387 1040 4448 κλίναντος
1070 4394 1164 4439 τοῦ
1210 4385 1381 4454 ἡλίου,
1424 4380 1641 4457 δραμεῖν
1673 4383 1763 4434 αὐ-

1911 4384 2001 4437 rat
2030 4381 2125 4435 via
2145 4378 2456 4448 sexaginta
2479 4379 2808 4434 stadiorum
2824 4423 2836 4435 .
2854 4378 3178 4434 Verisimile
3198 4384 3286 4435 est
3305 4386 3530 4448 autem,

133 4488 265 4544 τοὺς
325 4482 441 4532 ὑπὸ
482 4481 826 4552 περιχαρείας
868 4476 980 4529 ὅλον
1009 4479 1068 4528 τό
1116 4471 1396 4546 διάστημα
1455 4477 1620 4547 μέχρι
1674 4480 1765 4532 τῆς

131 4576 363 4638 νυκτὸς,
401 4568 476 4630 εἰς
501 4567 636 4619 ὀκτὼ
665 4572 755 4620 καὶ
787 4569 954 4640 ἣμισυ
993 4565 1143 4639 μίλια
1188 4567 1631 4638 συμποσουμένων
1669 4570 1769 4614 τῶν

130 4659 413 4725 ἐξήκοντα
435 4653 685 4711 σταδίων.

209 4843 328 4894 Καὶ
389 4866 465 4876 --
515 4834 711 4896 αὐτοῖς.
776 4836 873 4887 Σὺν
957 4832 1137 4893 αὐτοῖς
1190 4827 1345 4901 ἦσαν,
1397 4832 1427 4887 ἦ
1488 4847 1621 4891 τινες
1677 4836 1778 4880 τῶν

1874 4468 2039 4542 quod
2070 4467 2401 4524 declinante
2428 4466 2550 4523 sole
2581 4467 2948 4522 cucurrerint
2975 4483 3091 4539 pras
3109 4466 3295 4523 nimio
3314 4470 3534 4538 gaudio

1878 4563 2065 4614 totum
2092 4555 2470 4613 intervallum
2511 4555 2589 4611 ad
2616 4571 2825 4609 nocem
2867 4570 3074 4626 usque,
3113 4560 3338 4627 septem
3377 4557 3512 4613 vide

1878 4646 2011 4703 licet
2036 4646 2219 4702 millia
2272 4652 2328 4702 et
2354 4645 2692 4710 dimidium,
2740 4660 2877 4716 quas
2906 4644 2966 4699 in
3021 4643 3320 4716 praedictis
3368 4652 3539 4704 erant

1888 4736 2116 4793 stadiis.

1958 4826 2122 4881 Vers.
2187 4825 2274 4881 33.
2308 4826 2376 4881 Et
2408 4855 2473 4865 —
2503 4824 2642 4880 illis.
2687 4823 2800 4889 Qui
2832 4839 2969 4879 cum
3018 4822 3131 4879 illis
3155 4830 3343 4891 erant,
3373 4831 3535 4898 puta,

1390 5006 1608 5077 Variae
1636 5005 1967 5075 lectiones
2004 5015 2068 5073 et
2109 5013 2313 5072 notas.

202 5216 339 5290 (88)
376 5206 665 5290 ljizi-Jj'sf:
690 5206 1080 5290 ἀπηλπίσαμιν.
1143 5204 1291 5290 ﬂauo
1320 5203 1615 5290 interpres
1646 5216 1769 5257 non

120 5274 455 5364 agnoscit.
493 5281 694 5364 Redde
724 5297 737 5336 :
762 5280 945 5364 μης
965 5274 1100 5364 uero
1130 5277 1214 5333 ita
1243 5274 1544 5364 mortuam
1575 5274 1767 5364 despe-

120 5346 387 5421 νῖἱπιειε.
422 5351 869 5425 ιηιθιιὶεε,αὐτὸν
890 5346 1019 5404 εἶναι
1041 5348 1330 5425 λυτρωτὴν.
1362 5346 1770 5403 Possitetiam.

193 5538 344 5615 (ὁρ)
380 5530 852 5615 Somnum.
873 5526 1102 5615 ριξξὲξεε)
1140 5524 1650 5615 ἰγοξδντφέβΐέἓῖθὲ
1667 5538 1779 5615 PE?

116 5598 411 5674 ddobhs
425 5598 725 5662 vocabulis
751 5598 1008 5658 reddidit
1020 5599 1438 5657 tria.Ca3terum
1455 5603 1779 5673 utrumque

458 5702 700 5761 Parma.
735 5698 843 5757 Gn.
885 5696 1132 5756 CXXIX.

1884 5199 2063 5255 alicui
2130 5199 2191 5255 in
2266 5202 2528 5256 mentem
2597 5198 2799 5254 venire
2868 5197 3214 5264 ἀποθανόντος
3247 5202 3540 5261 intellecto

1886 5272 2068 5337 αὐτοῦ,
2090 5271 2262 5342 Nunc
2292 5286 2427 5327 vero
2457 5270 2539 5326 ita
2560 5277 2794 5327 mortuo
2818 5270 3220 5342 desperamus.

1962 5343 2074 5417 (89)
2104 5341 2303 5405 Αὐτούς
2334 5342 2517 5399 abest.
2550 5348 2619 5397 A.

1890 5522 2127 5650 ἵφύζειν,
2182 5517 2469 5574 πάλλεσθαι
2511 5518 2585 5577 de
2615 5523 2788 5579 motu
2820 5524 2877 5578 et
2919 5517 3100 5594 pulsu
3150 5517 3350 5574 cordis
3406 5515 3552 5573 dici-

1917 5607 2006 5650 ur.

1917 5607 2006 5650 ur.

3236 5686 3305 5743 33
