3994 6218
181 278 312 341 1101

1258 270 1631 340 comam.
1672 276 1742 336 IN
1782 259 2054 337 LUCAM.
2086 315 2154 325 -
2182 285 2337 341 CAP.
2368 285 2569 344 xxrv.

3412 277 3552 351 i101

182 410 416 469 ἄλοὶλησα
505 413 634 485 πρὸς
720 410 855 481 ὑμᾶς
930 411 1004 462 ἔτι
1077 409 1145 461 ὧν
1236 412 1329 461 σὺν
1405 410 1546 481 ὑμῖν·
1625 402 1782 460 Οὔτοι

1948 423 2025 475 es,
2059 424 2215 482 quos
2244 410 2479 471 locutus
2511 431 2644 472 sum
2676 415 2756 474 ad
2785 432 2917 483 vos,
2951 432 3090 474 cum
3128 417 3329 475 adhuc
3358 433 3552 477 essem

183 508 323 552 ποῖοι
346 517 362 566 ;

253 596 348 642 Οτι
394 619 461 629 —-
515 588 874 662 Ἰερουσαλήμ.
909 588 1244 662 Ἀρξάριενον,
1300 592 1358 641 τὸ
1416 590 1780 663 κηρυχθῆναι,

180 676 423 737 δηλονότι
434 721 446 732 .

250 768 421 841 Ὑμεῖς
451 799 510 808 —-
550 787 764 820 τουτων.
796 773 900 820 Τοῦ
928 769 1147 833 πάθους,
1175 772 1265 820 καὶ
1289 776 1379 828 τῆς
1425 766 1778 835 ἀναστάσεως,

177 863 268 910 καὶ
301 867 393 918 τῆς
423 857 547 919 ὅλης
575 857 872 929 οἰκονομίας
912 876 1035 929 μου.

254 952 357 1000 Καὶ
409 979 476 987 -
525 947 678 1019 ὑμᾶς.
735 945 1069 1018 Ἐπαγγελίαν
1116 954 1208 999 τοῦ
1260 949 1465 1020 Πατρός
1514 945 1676 998 αὐτοῦ
1706 946 1781 998 λέ-

175 1055 283 1108 γει,
313 1041 408 1094 τήν
464 1055 514 1088 εν
556 1032 682 1088 εῖδει
726 1040 954 1109 πυρίνων
1000 1034 1255 1107 γλωσσῶν
1306 1034 1636 1107 ἐπιφοίτησιν
1693 1043 1785 1088 τοῦ

175 1126 339 1198 ἁγίου
388 1127 703 1196 Πνενὸματος.
766 1124 1144 1195 Ἐπηγγείλατο
1182 1128 1283 1197 γὰρ
1328 1127 1521 1182 ταύτην
1564 1121 1655 1177 διὰ
1692 1133 1785 1177 τοῦ

176 1219 451 1289 προφήτου
487 1213 656 1282 Ἰωήλ,
691 1214 969 1287 εἰρηκότος.
1009 1218 1109 1266 Καὶ
1136 1216 1286 1265 ἔσται
1317 1213 1365 1265 ἐν
1391 1221 1507 1276 ταῖς
1533 1212 1788 1285 ἐσχάταις

175 1306 423 1376 ἡμέραις.
478 1303 613 1374 λέγει
669 1306 859 1378 Κύριος
904 1304 1299 1378 παντοκράτωρ,
1341 1301 1508 1375 ἐκχεῶ
1560 1301 1660 1355 ἀπὸ
1695 1310 1787 1356 τοῦ

176 1395 484 1465 Πνεύματός
507 1412 608 1464 μου
634 1391 719 1445 ἐπὶ
747 1398 921 1445 πᾶσαν
963 1394 1154 1467 σάρκα,
1201 1388 1235 1445 δ
1240 1389 1375 1449 ηλανῖ
1380 1397 1409 1451 η
1439 1398 1532 1451 τὴν
1566 1391 1788 1445 ἀποστο-

174 1483 331 1541 λικήν
360 1486 782 1556 προηγουμένως.

249 1572 421 1644 Ὑμεῖς
515 1599 580 1612 -
666 1569 854 1642 ὕψους.
924 1569 1219 1643 Διατριϐετε
1308 1574 1356 1623 ἐν
1450 1571 1787 1645 Ἰερουσαλὴμ

171 1659 505 1732 ἀχώριστοι,
532 1656 628 1712 διὰ
651 1664 745 1718 τὴν
775 1662 848 1712 ἔτι
874 1659 1139 1712 ἀσθένειαν
1173 1665 1262 1712 καί
1286 1657 1481 1712 δειλίαν
1504 1662 1667 1733 ὑμῶν,
1699 1662 1788 1722 ἕως

1897 496 2227 557 vobiscum.
2269 501 2359 572 Hi,
2400 504 2610 577 quales
2642 502 2671 559 (ι’

1967 587 2129 644 Vers.
2184 590 2273 647 44.
2317 592 2482 657 Quod
2519 624 2590 636 -
2625 594 2793 653 Vers.
2844 596 2935 654 47.
2992 596 3451 669 Hierosolymis.
3491 601 3555 656 in

1894 676 2283 748 prmdicaudo
2318 681 2610 739 videlicet.

1966 767 2123 823 Vers.
2148 770 2236 824 48.
2274 771 2381 826 Vos
2406 802 2472 813 -
2497 772 2717 829 horum.
2750 773 3050 831 Passionis
3076 792 3146 833 ac
3166 777 3560 836 Resurrectio-

1893 853 2006 921 nis,
2039 856 2346 930 totiusque
2384 876 2528 917 mea;
2574 861 3056 933 dispensationis.

1962 943 2128 1001 Vers.
2160 950 2248 1004 49.
2286 949 2359 1003 Et
2394 980 2447 990 —
2484 966 2596 1006 vos.
2629 950 2823 1009 Patris
2855 952 2947 1008 sui
2979 954 3346 1025 promissum
3373 962 3552 1014 vocat

1895 1031 2150 1105 Spiritus
2188 1038 2376 1092 sancti
2402 1036 2463 1093 in
2495 1040 2694 1111 specie
2733 1040 3053 1109 ignitarum
3083 1042 3432 1115 linquarum
3461 1046 3561 1101 de-

1897 1122 2273 1179 scensionem
2329 1140 2343 1190 ;
2374 1142 2518 1181 nam
2565 1127 2721 1183 hanc
2751 1128 3023 1199 promisit
3069 1144 3176 1201 per
3205 1131 3561 1204 prophetam

1895 1211 2045 1276 Joel,
2063 1214 2164 1285 qui
2196 1213 2344 1271 dixit
2373 1215 2483 1271 :Et
2510 1219 2617 1272 erit
2640 1217 2700 1272 in
2727 1217 2925 1274 diebus
2940 1217 3065 1274 illis
3093 1220 3446 1286 novissimis,
3475 1223 3559 1277 ait

1897 1303 2185 1359 Dominus
2210 1305 2600 1374 omnipotens,
2621 1307 2855 1376 effando
2883 1307 2951 1363 de
2973 1307 3206 1377 Spiritu
3233 1325 3359 1366 meo
3382 1325 3563 1380 super

1898 1406 2125 1449 omnem
2173 1408 2407 1451 omnem
2463 1396 2533 1462 5;
2583 1396 2881 1469 prmoipue
2940 1396 3209 1455 videlicet
3272 1399 3557 1471 apostoli-

1897 1495 2054 1536 cam.

1969 1567 2133 1624 Vers.
2173 1568 2260 1623 49.
2309 1569 2413 1624 Vos
2446 1601 2512 1610 -—
2561 1571 2704 1627 alto.
2753 1572 3199 1629 Conversamini
3230 1572 3404 1630 simul
3434 1573 3563 1630 Hie-

1897 1654 2239 1727 rosolymis,
2263 1674 2384 1713 non
2403 1659 2650 1731 separati
2668 1665 2903 1732 propter
2928 1661 3410 1729 imbecillitatem,
3432 1680 3559 1737 qua

173 1749 239 1802 οὗ
283 1746 601 1814 ἐνδύσησθε,
642 1745 797 1807 δίκην
822 1748 1127 1813 πανοπλίας,
1157 1746 1378 1821 δύναμιν
1405 1748 1459 1813 ἐξ
1483 1749 1669 1821 ὕψους,
1696 1758 1782 1803 τοῦ

1948 1744 2412 1812 ihuctenemini,
2437 1754 2489 1803 et
2517 1748 2789 1805 timorem
2809 1754 3096 1816 vestrum,
3124 1753 3328 1824 quoad
3367 1769 3558 1826 usque

171 1839 426 1912 οὐρανοῦ,
466 1838 496 1899 ἣ
520 1846 613 1901 τῆς
644 1840 899 1907 Θεότητος,
924 1834 1018 1890 διὰ
1046 1847 1138 1899 τῆς
1170 1834 1498 1900 δηλωθείσης
1520 1839 1788 1912 ἐπιφοιτη-

174 1947 315 1989 σεως
343 1936 435 1981 τοῦ
468 1927 623 2000 ἁγίου
654 1930 964 2001 Πνεύματος.

245 2105 508 2178 Ἐξήγοιγε
558 2137 626 2147 -
684 2106 961 2164 Βηθανίαν.
1015 2104 1090 2158 Οὐ
1142 2111 1277 2171 τότε,
1334 2105 1441 2158 ἀλλ’
1494 2105 1630 2180 ἐντῇ
1664 2126 1781 2160 τεσο

174 2203 491 2269 σαρακοστῇ
542 2197 710 2269 ἡμέρᾳ
756 2196 887 2267 μετὰ
926 2199 1021 2252 την
1053 2193 1360 2248 ἀνάστασινο
1394 2199 1459 2248 τὰ
1502 2196 1683 2269 γὰρέν
1713 2206 1785 2269 τῷ

171 2290 324 2357 μέσῳ
356 2281 692 2360 παρέδραμεν
724 2285 750 2336 ὁ
777 2283 1122 2355 εὖαγγελιστή
1136 2305 1176 2346 ς.

250 2380 358 2428 Καὶ
415 2405 487 2414 —
533 2374 763 2448 οὐρανόν.
812 2373 1036 2446 Νεφέλης
1074 2373 1437 2437 ὑπολαϐούσης
1496 2375 1670 2439 αὐτὸν,
1716 2378 1784 2440 ὡς

172 2466 198 2515 ὁ
257 2469 446 2539 παρὼν
494 2462 867 2535 εὐαγγελιστης
924 2462 1146 2535 ἔγραψεν
1214 2462 1265 2515 ἐν
1334 2472 1392 2537 τῇ
1466 2462 1633 2537 βίϐλῳ
1686 2475 1784 2519 τῶν

171 2552 543 2606 ἁποστολικῶν
572 2551 830 2625 Πράξεων.

250 2648 356 2696 Καὶ
410 2674 479 2682 -
531 2642 775 2714 μεγάλης.
838 2644 980 2694 Μετὰ
1036 2648 1212 2716 χαρᾶς
1263 2642 1511 2713 μεγάλης,
1555 2640 1649 2696 διὰ
1693 2650 1784 2704 τὴν

168 2733 476 2784 ἀνάστασιν
531 2731 714 2799 αὑτοῦ,
765 2735 855 2782 καὶ
909 2727 1001 2782 διὰ
1026 2735 1118 2788 τὴν
1148 2727 1341 2783 ἐλπίδα
1381 2738 1471 2791 τῆς
1519 2732 1786 2805 εἰρημένης

168 2822 516 2895 ἐπαγγελίας.
558 2819 635 2873 Ἐν
683 2828 743 2893 τῇ
798 2816 1093 2892 δηλωθείσῃ
1139 2816 1198 2871 δὲ
1253 2818 1419 2892 βίϐλῳ
1471 2826 1780 2894 γέγραπται·

167 2916 255 2965 ὅτι
290 2909 623 2983 ὑπέστρεψαν
650 2909 722 2971 εἰς
748 2908 1083 2984 Ἰερουσαλὴμ
1109 2908 1210 2961 ἀπὸ
1241 2913 1388 2982 (ᾗοους
1417 2918 1508 2962 τοῦ
1536 2911 1785 2984 καλουμέ-

164 3023 264 3055 νου
329 3000 623 3061 Ἐλαιῶνος.
670 2998 830 3058 Δῆλον
873 2999 981 3063 οὖν,
1024 3000 1100 3050 ὅτι
1161 2999 1276 3070 (93)
1334 3005 1661 3071 προσάνωται
1718 3009 1779 3073 τῇ

167 3092 419 3160 Βηθανίᾳ
446 3091 504 3139 τὸ
535 3092 653 3161 ὄρος
678 3096 777 3138 τῶν
797 3087 1035 3140 Ἐλαιῶν.

244 3184 357 3232 Καὶ
404 3173 540 3235 ἦσαν
596 3207 665 3216 -—
722 3180 871 3229 Θεὸν.
904 3175 1073 3229 Ἦσαν
1104 3172 1196 3229 διὰ
1222 3181 1410 3238 παντὸς
1458 3176 1505 3230 ἐν
1535 3186 1607 3248 τῷ
1641 3181 1779 3252 ἱερῷ,

158 3269 315 3319 κατὰ
352 3270 478 3328 τοὺς
523 3269 739 3339 καιροὺς
790 3261 1032 3325 δηλονότι
1077 3274 1175 3317 τῶν
1210 3266 1487 3333 συνάξεων,
1539 3269 1622 3319 ὅτε
1652 3265 1781 3320 εἶναι

156 3357 211 3409 ἓν
250 3356 405 3426 αὐτῷ
433 3352 569 3417 ίξῆν.

235 3451 456 3499 Γένοιτο
515 3440 573 3497 δὲ
597 3447 689 3495 καί
731 3444 870 3516 ἡμᾶς
901 3440 994 3497 διὰ
1037 3448 1223 3506 παντὸς
1244 3445 1400 3498 αἰνεῖν
1430 3450 1520 3498 καὶ
1560 3444 1779 3517 εὐλογεῖν

151 3540 250 3590 τόν
284 3539 444 3599 Θεὸν,
496 3518 587 3587 καὶ
616 3532 777 3595 οὕτως
807 3534 967 3609 εὑρεῖν
1024 3534 1164 3596 τέλος
1193 3542 1288 3597 τῆς
1326 3518 1601 3609 παρούσης
1644 3535 1780 3596 ζωῆς

154 3621 282 3682 ἡδὺ
312 3629 406 3675 καὶ
433 3626 713 3696 μακάριον,
769 3622 817 3675 ἐν
847 3630 1060 3698 Χιρστῷ
1085 3622 1261 3681 Ἰησοῦ
1298 3632 1370 3694 τῷ
1402 3630 1576 3700 Κυρίῳ
1608 3627 1776 3698 ημῶν.

151 3714 364 3785 ’Δριηὶμ

454 3800 608 3862 Τελος
633 3808 726 3853 τοῦ
759 3801 896 3853 κατὰ
925 3804 1133 3853 Λουκᾶν
1173 3800 1506 3873 Εὐαγγελίου,

233 3929 260 3963 ⁸
291 3923 427 3981 Joel
477 3940 538 3989 ιι,
570 3927 658 3981 28.
737 3926 759 3959 ⁸
790 3927 916 3981 Act.
958 3942 993 3991 ι,
1028 3928 1080 3980 9.
1158 3924 1351 3982 71bid.
1391 3930 1476 3981 i2.

1895 1833 2254 1903 induamini,
2286 1836 2347 1891 in
2386 1837 2637 1893 modum
2683 1844 3024 1906 armaturae,
3076 1841 3284 1897 virtute
3330 1858 3399 1897 ex
3427 1842 3549 1900 alto

1898 1922 2067 1988 caelo,
2100 1923 2192 1979 vel
2213 1924 2331 1981 alta
2354 1925 2662 1983 divinitate
2692 1927 2799 1999 (cc)
2819 1943 2925 2001 per
2945 1930 3295 2001 praedictam
3318 1931 3558 2002 Spiritus

1897 2013 2081 2070 sancti
2111 2013 2591 2072 descensionem.

1967 2102 2128 2157 Vers.
2172 2107 2260 2161 50.
2282 2103 2509 2160 Eduxit
2541 2136 2608 2145 -—
2648 2105 3027 2164 Bethaniam.
3088 2110 3214 2165 Non
3245 2114 3410 2178 tunc,
3450 2111 3559 2167 sed

1893 2191 2364 2263 quadragesimo
2390 2192 2485 2249 die
2516 2198 2652 2266 post
2677 2196 3173 2253 resurrectionem
3201 2214 3215 2264 ;
3241 2214 3405 2264 nam,
3425 2216 3560 2273 qua

1895 2275 2132 2337 interim
2170 2279 2324 2338 facta
2352 2286 2509 2348 sunt,
2538 2284 2935 2355 praetermittit
2963 2286 3342 2357 evangelista.

1968 2370 2135 2427 Vers.
2178 2374 2267 2426 50.
2298 2372 2472 2427 Et—
2531 2370 2690 2429 Vers.
2764 2378 2852 2430 5t.
2906 2376 3134 2432 emtum.
3187 2376 3559 2450 Suscipiente

1894 2458 2058 2516 illum
2074 2459 2254 2530 nube,
2274 2459 2451 2517 veluti
2471 2462 2707 2529 scripsit
2723 2479 2993 2535 praesens
3016 2465 3389 2537 evangelista
3403 2466 3557 2525 libro

1898 2549 2361 2621 apostolicarum
2384 2551 2702 2607 Actionum
2730 2554 2772 2607 ⁸.

1968 2640 2129 2695 Vers.
2143 2640 2231 2693 52.
2247 2640 2325 2695 Et
2339 2671 2406 2680 —-
2419 2656 2656 2711 magno.
2674 2643 2821 2699 Cum
2837 2641 3059 2714 gaudio
3074 2659 3299 2714 magno
3312 2649 3554 2718 propter

1896 2727 2052 2783 illius
2076 2730 2590 2795 resurrectionem,
2632 2737 2688 2786 et
2743 2735 2981 2802 propter
3016 2747 3186 2803 spem
3216 2732 3383 2790 dictae
3416 2750 3552 2806 pro-

1898 2817 2205 2873 missionis.
2222 2817 2284 2871 In
2297 2817 2453 2873 dicto
2471 2823 2670 2874 autem
2688 2819 2838 2875 libro
2858 2819 3139 2890 scriptum
3156 2825 3265 2885 est,
3282 2824 3443 2894 quod
3465 2840 3553 2879 re-

1894 2906 2079 2975 gressi
2096 2912 2235 2961 sunt
2258 2907 2654 2977 Hierosolyma
2681 2923 2716 2963 a
2741 2913 2944 2964 monte
2974 2910 3070 2979 qui
3093 2915 3341 2965 vocatur
3363 2910 3555 2969 Oliva-

1890 2997 2081 3053 rum".
2099 2996 2593 3052 Manifestandum
2607 3013 2747 3069 ergo
2759 2999 3019 3071 estquod
3033 2998 3339 3056 Bethanite
3353 3000 3553 3058 unitus

1823 3122 1862 3175 Ο
1897 3086 1968 3140 sit
2008 3101 2182 3140 mons
2222 3085 2545 3141 Olivarum.

1964 3175 2126 3231 Vers.
2168 3179 2253 3231 53.
2286 3175 2594 3247 Erantque
2632 3206 2701 3216 ——
2728 3178 2936 3233 Deum.
2964 3176 3357 3249 Temporibus
3386 3177 3549 3234 vide-

1888 3264 2042 3332 licet,
2075 3265 2293 3337 quibus
2323 3265 2671 3335 congregari
2720 3264 2910 3321 solent
2963 3281 2976 3322 :
3018 3271 3187 3321 erant
3213 3282 3447 3338 semper
3486 3266 3549 3323 in

1890 3352 2392 3426 templo,quando
2412 3353 2470 3407 in
2494 3368 2563 3408 eo
2588 3352 2967 3410 esselicebat.

1960 3443 2193 3499 Utinam
2220 3447 2416 3498 autem
2442 3448 2497 3497 et
2519 3458 2626 3497 nos
2649 3444 2836 3498 Deum
2864 3459 3099 3516 semper
3129 3442 3446 3499 laudemus
3470 3460 3542 3500 ac

1886 3532 2334 3602 benedicamus,
2351 3536 2407 3587 et
2425 3532 2502 3588 ita
2521 3531 2701 3587 finem
2721 3532 3033 3605 praesentis
3052 3532 3187 3589 vitae
3205 3532 3546 3603 jucundum

1887 3639 1956 3679 ac
1982 3623 2229 3679 beatum
2258 3621 2635 3678 inveniamus
2659 3638 2764 3695 per
2787 3623 2987 3678 Jesum
3020 3621 3319 3680 Christum
3353 3624 3548 3681 Domi-

1888 3728 2034 3768 num
2076 3716 2371 3767 nostrum.
2406 3715 2615 3766 Amen.

2177 3800 2331 3856 Finis
2345 3799 2650 3871 Evangelii
2665 3800 2999 3858 secundum
3015 3803 3256 3858 Lucam.

1430 4050 1647 4120 Variae
1663 4051 1989 4121 lectiones
2013 4062 2071 4117 ct
2097 4061 2295 4118 notae.

235 4199 365 4272 (93)
423 4192 769 4272 Προσή).ωται
798 4197 874 4262 Α,
905 4195 1121 4268 inepte.

226 4326 358 4395 (cc)
445 4322 603 4379 οωιο
659 4353 709 4364 -—
771 4320 1095 4378 divinitate.
1159 4326 1234 4377 Ac
1291 4320 1339 4376 si
1385 4320 1593 4392 legerit
1667 4320 1722 4384 ἐξ
1776 4342 1782 4369 τ

1953 4328 1981 4373 ῦ
2033 4338 2117 4373 και
2174 4318 2379 4391 ὑψηλῆς
2439 4318 2695 4381 θεότητος.
2757 4317 2973 4385 Redde,
3042 4321 3178 4377 cwli
3232 4326 3339 4377 aut
3392 4320 3541 4377 diri-

138 4399 401 4456 uitatis.

134 4550 2470 4577 ____________________________.__________

1516 4678 1915 4802 ANON
1934 4678 2193 4799 YMl

715 4924 1328 4988 INTERPRETATIO
1374 4921 1499 5004 (94)
1530 4921 1875 4984 .DUARUM
1919 4922 2244 4984 ODARUM
2292 4919 2714 4983 EVANGELII
2760 4919 2993 4982 LUC/E

1017 5086 1093 5137 Ex
1125 5084 1307 5137 codice
1336 5084 1468 5134 Bibl.
1498 5082 1587 5135 SS.
1619 5081 1822 5147 Synodi
1855 5080 2195 5147 Mosquensis
2226 5096 2374 5132 num.
2406 5080 2700 5132 CCCXLIV.

898 5304 1047 5359 ὨΔΗ
1082 5308 1210 5357 ΤΗΣ
1243 5302 1599 5357 ΘΕΟΪΟΚΟΥ
1632 5305 1721 5355 EN
1757 5306 1848 5373 Τῼ.
1887 5303 2063 5354 ΚΑΤΑ
2102 5303 2379 5352 ΛΟΥΚΑΝ
2417 5301 2819 5370 ΕΥΑΓΓΕΛΙῼ.

1682 5428 2044 5503 Ἐπίγραμμα.

1257 5530 1480 5595 Τίκτεις,
1505 5527 1745 5601 Μαριὰμ,
1776 5526 1865 5576 τὸν
1904 5523 2229 5598 θεοίνθρωπον
2260 5523 2458 5591 Λόγον,

200 5671 351 5756 (94)
384 5664 637 5744 Diversa
661 5656 974 5756 paululum
1022 5670 1129 5737 seu
1158 5652 1471 5756 copiosior;
1486 5652 1770 5756 initer-pira:

106 5724 643 5812 tat‘ib'ﬁuthymii
665 5724 943 5805 'Zigabeni
968 5724 1471 5798 nomium—legitur
1493 5724 1691 5782 Latine
1710 5724 1773 5779 in

1879 5647 2244 5779 ῗέἓιὶοὶὶὲιέαδ.
2296 5646 2562 5707 maxima
2617 5646 2857 5705 Patrum
2909 5640 3106 5717 Lugd.
3160 5638 3277 5697 vol.
3312 5640 3440 5712 XIX,
3487 5653 3551 5714 p.
