3994 6218
164 303 306 359 1109

1236 299 1598 357 COMMENT.
1642 297 1715 354 IN
1752 296 2099 354 JOANNEM.
2141 329 2213 341 -—-
2255 297 2414 356 CAP.
2455 296 2499 354 Ῑ.

3386 287 3528 367 tuo

164 424 463 501 ἆιὶ.Ταύτῃ
500 423 560 480 δὲ
608 435 668 498 τῇ
725 423 868 501 ἀρχῇ
930 410 1221 499 συζευάθὶνν
1272 430 1330 479 τό
1378 423 1438 486 ἦν
1467 424 1746 482 ἀνεννόητοι

1870 422 2031 479 idem
2075 424 2236 496 quod
2283 438 2531 494 semper.
2584 422 2726 478 Huic
2753 436 2891 479 vero
2921 417 3064 495 ἀρχῇ
3097 419 3418 492 conjuncta
3441 418 3526 477 di-

161 517 321 576 αὐτὴν
342 516 596 577 παντελῶς
627 515 886 574 ἐποίησεν.
918 514 1087 568 Ὀπου
1129 519 1231 589 γὰρ
1263 514 1526 587 ἀναγάγῃς
1555 532 1648 565 σου
1673 515 1761 564 τόν

157 614 297 669 νοῦν,
326 611 634 680 προαπαντᾲ
676 608 733 657 τό
764 602 852 669 ἧν,
887 609 977 657 καὶ
1018 612 1293 677 πανταχοῦ
1322 608 1633 677 προτρέχον,
1669 601 1763 654 οὐκ

160 693 219 766 ἐᾷ
259 714 353 748 σου
384 700 476 752 τὴν
515 697 707 747 ἔννοιαν
755 695 916 767 εὑρεῖν
964 713 1078 745 τινα
1136 696 1347 750 στάσιν.
1419 698 1518 746 Καὶ
1559 691 1641 744 ἐπὶ
1672 694 1761 764 μὲν

156 792 256 836 τῶν
286 792 512 836 κτιστὼν
560 786 619 835 τό
664 780 725 842 ἦν
769 786 857 835 τόν
896 782 1289 855 παρεληλυθότα
1317 787 1507 857 χρόνον
1562 778 1757 838 δηλοῖ·

157 872 242 926 ἐπὶ
273 869 336 925 δὲ
361 880 453 934 τῆς
485 869 730 924 ἀκτίστου
754 868 984 945 Τριάδος
1012 876 1069 924 τὸ
1101 870 1179 925 ἀεὶ
1192 877 1281 924 καὶ
1311 879 1461 923 τοῦτο
1495 873 1755 943 σημαίνει.

159 967 259 1014 Καὶ
284 960 369 1014 ἐπὶ
397 964 489 1034 μὲν
521 970 614 1024 τῆς
642 969 833 1023 νοητῆς
870 969 958 1013 καὶ
1011 970 1100 1022 τῆς
1145 961 1401 1022 αἰσθητῆς
1439 964 1652 1019 κτίσεως
1683 956 1756 1010 ἐπ’

156 1046 371 1112 οὐδενὸς
416 1047 689 1122 ἐνδέχεται
742 1051 968 1125 ῥηθῆναι
1018 1054 1075 1103 τό
1115 1050 1195 1103 Ἐν
1249 1048 1390 1123 ἀρχῇ
1453 1046 1512 1108 ἦν
1548 1067 1560 1079 ’
1591 1052 1761 1101 πάντα

152 1141 252 1213 γὰρ
278 1139 496 1213 ὕστερον
522 1139 749 1212 ἐγένοντο
772 1157 785 1169 ⁸
821 1139 903 1192 ἐπὶ
930 1145 1086 1212 μόνης
1118 1136 1177 1193 δὲ
1201 1149 1289 1201 τῆς
1317 1144 1582 1213 μακαρίας
1601 1139 1760 1211 Τριά-

156 1224 248 1290 δος
273 1227 495 1302 ἁρμόζει
528 1236 680 1282 τοῦτο
714 1249 726 1261 '
752 1232 881 1302 μόνη
910 1233 1010 1303 γὰρ
1044 1228 1181 1282 ἐστιν
1212 1227 1460 1301 ἀγένητος
1594 1231 1759 1281 ιῖτουν

157 1336 422 1379 κατιστος.

220 1494 443 1568 Ὁμοίως
497 1492 556 1549 δὲ
606 1500 696 1548 καὶ
748 1499 805 1549 τό
872 1500 1035 1569 ὄνομα
1089 1504 1179 1549 τοῦ
1254 1501 1452 1569 Λόγου,
1521 1496 1760 1555 πολυσή-

150 1590 341 1656 μαντον
381 1583 521 1637 ἔστιν
570 1600 583 1612 ·
626 1581 934 1661 ἰδιοτρόπως
975 1583 1033 1639 δὲ
1078 1593 1166 1638 νῦν
1208 1591 1451 1659 σημαίνει
1501 1589 1584 1638 τόν
1637 1588 1758 1638 Υἱόν

148 1682 238 1726 τοῦ
271 1674 425 1727 Θεοῦ.
486 1678 705 1745 Λέγεται
733 1678 834 1750 γὰρ
895 1680 1080 1747 Λόγος,
1117 1679 1186 1737 ὡς
1239 1677 1264 1727 6
1320 1675 1571 1746 Θεολόγος
1623 1675 1759 1748 λέγει

1872 513 1986 568 ctio
2017 509 2078 571 ἦν
2118 521 2261 578 erat,
2295 514 2493 586 ipsum
2551 510 2800 567 omnino
2829 509 3084 567 reddidit
3116 508 3515 580 incognitum.

1872 604 2001 668 Quo
2039 602 2201 658 enim
2248 602 2494 658 reduces
2528 605 2722 655 mente
2744 604 2848 655 tua
2885 598 3027 653 illud
3065 603 3207 665 erat,
3257 598 3421 671 quod
3447 597 3526 670 (b)

1872 696 2007 747 ante
2027 692 2226 748 omnia
2247 695 2303 746 et
2323 691 2544 763 ubique
2575 703 2964 760 praecurrens,
2994 701 3117 742 non
3146 687 3282 741 sinit
3302 687 3525 755 cogita-

1868 781 2095 837 tionem
2135 785 2299 836 tuam
2339 777 2603 835 invenire
2653 776 2994 832 terminum.
3034 776 3104 830 Et
3141 774 3201 829 in
3241 774 3524 830 creaturis

1868 869 2310 943 quidem.erat,
2370 866 2724 938 praeteritum
2774 869 3007 935 tempus
3058 862 3416 919 manifestat.
3458 863 3523 917 In

1867 959 2074 1017 Triade
2106 974 2246 1014 vero
2286 959 2571 1021 increata,
2616 956 2745 1011 haec
2798 953 2976 1009 etiam
3015 951 3305 1021 signiﬁcat
3345 951 3523 1007 dictio

1868 1064 2114 1117 semper.
2131 1051 2194 1104 Et
2210 1048 2271 1103 in
2293 1043 2665 1102 intellectuali
2685 1058 2830 1099 sane
2849 1057 2917 1098 ac
2940 1039 3202 1097 sensibili
3227 1044 3521 1104 creatura,

1868 1140 1942 1195 de
1964 1138 2127 1195 nullo
2159 1136 2373 1208 suscipi
2402 1138 2617 1207 potest,
2653 1136 2717 1188 ut
2753 1132 2980 1188 dictum
3008 1131 3098 1196 sit,
3126 1132 3370 1202 Semper
3400 1133 3525 1184 erat

1870 1229 2165 1302 siquidem
2214 1227 2420 1284 omnia
2474 1222 2860 1298 postmodum
2914 1221 3069 1278 facta
3113 1226 3291 1286 sunt;
3331 1218 3430 1273 sed
3462 1218 3524 1273 id

1867 1319 1979 1377 soli
2002 1320 2193 1375 beatae
2220 1312 2483 1374 Trinitati
2522 1316 2784 1387 aptatur,
2813 1327 2956 1368 nam
2987 1309 3115 1366 sola
3142 1309 3277 1381 ipsa
3304 1307 3524 1365 infecta

1867 1414 1954 1466 est
1985 1409 2107 1465 sive
2136 1409 2400 1465 increata
2413 1451 2426 1463 .

1941 1498 2213 1557 Similiter
2234 1511 2474 1569 quoque
2502 1507 2726 1550 nomen
2752 1493 2923 1562 Λόγος
2946 1490 3208 1554 verbum,
3234 1486 3422 1543 multa
3448 1485 3523 1543 si-

1866 1588 2125 1660 gniﬁcat.
2154 1590 2319 1644 Nunc
2345 1590 2544 1641 autem
2575 1579 2810 1654 proprie
2841 1577 3138 1650 signiﬁcat
3158 1576 3259 1632 Dei
3291 1575 3520 1631 Filium.

1870 1677 2087 1734 Dicitur
2139 1690 2402 1748 namque
2464 1672 2747 1736 Verbum,
2791 1673 2968 1742 prout
3021 1666 3164 1723 dicit
3203 1665 3520 1735 Gregorius

146 1767 459 1837 Γρηγόριος,
494 1766 575 1815 ὅτι
602 1763 767 1827 οὓτως
810 1767 924 1836 ἔχει
952 1769 1077 1837 πρὸς
1129 1769 1215 1817 τόν
1250 1769 1475 1837 Πατέρα,
1529 1768 1598 1827 ὡς
1626 1768 1746 1840 πρὸς

1864 1767 2217 1836 Theologus,
2259 1765 2422 1837 quod
2469 1761 2548 1818 ad
2588 1761 2822 1817 Patrem
2861 1758 2943 1814 ita
2991 1773 3053 1813 se
3088 1755 3329 1825 habeat,
3370 1755 3524 1809 sicut

143 1860 263 1904 νοῦν
293 1854 381 1923 (3)
412 1852 563 1923 λόγος
585 1870 597 1882 '
635 1852 694 1905 οὐ
726 1858 878 1925 μόνον
911 1850 1079 1907 διὰτὸ
1112 1852 1299 1914 ἀπαθές
1329 1860 1423 1916 τῆς
1453 1858 1755 1925 γιννήσεως,

145 1940 275 1993 ἀλλὰ
306 1946 398 1994 καὶ
432 1949 488 1994 τό
531 1945 754 2015 συναφὲς
777 1946 948 1995 καὶτὸ
976 1942 1353 2015 ἑξαγγελτικόν.
1412 1944 1586 1995 Πάντα
1629 1946 1752 2015 γὰρ,

144 2038 331 2103 φησιν,
387 2033 491 2084 ὅσα
546 2034 752 2090 ἤκουσα
815 2034 960 2106 παρὰ
1014 2039 1106 2084 τοῦ
1174 2035 1395 2107 Πατρός,
1471 2029 1756 2104 ἀνήγγειλα

140 2121 287 2192 ὑμῖν.

210 2211 381 2281 Τάχα
402 2206 453 2262 δ’
485 2210 545 2261 ἂν
576 2213 711 2263 εἴποι
741 2230 820 2272 τις
845 2212 925 2264 ὅτι
946 2216 1036 2263 καὶ
1060 2213 1129 2272 ὡς
1160 2212 1276 2284 ὅρος
1324 2213 1454 2283 πρὸς
1480 2213 1538 2263 τό
1570 2211 1752 2283 ὁριζό-

138 2319 315 2371 μενον,
358 2296 540 2358 ἐπειδὴ
565 2305 653 2352 καὶ
682 2308 834 2352 τοῦτο
856 2301 1057 2371 λέγεται
1087 2298 1258 2372 λόγος.
1277 2300 1335 2352 Ὀ
1360 2303 1461 2373 γὰρ
1480 2305 1749 2367 νενοηκὼς,

140 2394 298 2460 suat,
326 2391 415 2440 τόν
445 2393 564 2442 Υιόν
602 2391 779 2458 (τοῦτο
816 2391 914 2461 γὰρ
956 2387 1068 2442 ἐστι
1119 2394 1177 2440 τό
1236 2389 1493 2464 ἑωρακὼς)
1547 2394 1751 2447 νενόηκε

138 2481 227 2528 τόν
264 2482 491 2550 Πατέρα.
521 2483 615 2530 Καὶ
651 2480 715 2530 σύ
744 2497 899 2550 τόμος
925 2474 1192 2540 ἀπόδειξις
1222 2483 1311 2531 καὶ
1340 2475 1504 2553 ῥᾳδία
1529 2487 1626 2541 τῆς
1660 2486 1748 2532 τοῦ

140 2569 349 2639 Πατρός
376 2569 596 2638 φύσεως,
629 2567 656 2619 6
686 2569 820 2627 Υἱός.
854 2571 1081 2640 Γέννημα
1098 2570 1196 2641 γὰρ
1214 2567 1369 2632 ἁπαν,
1399 2575 1490 2619 τοῦ
1511 2587 1748 2640 γεγεννη-

134 2664 294 2717 κότος
328 2664 543 2708 σιωπῶν
567 2655 734 2728 λόγος.

212 2832 391 2885 Εἰπὼν
424 2829 484 2884 δέ
505 2833 530 2883 ὁ
555 2830 943 2903 ιῦαγγελιστὴς,
983 2832 1064 2883 ὅτι
1089 2831 1171 2883 Ἐν
1211 2829 1354 2905 ἀρχῇ
1390 2827 1449 2891 ἦν
1499 2833 1523 2882 6
1558 2837 1744 2902 Λόγος,

131 2917 334 2984 ἔδειξεν
372 2923 454 2973 ὅτι
484 2919 561 2974 ἀεὶ
588 2921 667 2993 (4)
697 2917 778 2985 ἦν,
807 2924 897 2973 καὶ
921 2919 1015 2972 οὐκ
1046 2916 1106 2979 ἦν
1133 2940 1212 2982 τις
1231 2925 1423 2992 χρόνος
1456 2920 1484 2978 ἢ
1516 2921 1637 2978 αἰὼν
1663 2922 1746 2973 ὅτι

130 3010 232 3062 οὐκ
266 3007 331 3069 ἦν
364 3009 531 3071 οὗτος.
571 3009 736 3072 Αὐτὸς
764 3012 866 3083 γὰρ
894 3008 1007 3062 ἐστι
1032 3014 1246 3071 ποιητὴς
1268 3014 1357 3062 καὶ
1386 3018 1484 3061 τῶν
1516 3014 1741 3082 χρόνων,

130 3119 224 3151 και
258 3118 363 3151 των
390 3119 584 3151 αιωνων
593 3141 604 3153 .

204 3192 365 3241 Διατί
395 3184 455 3240 δὲ
475 3188 567 3239 οὐκ
608 3185 760 3253 εἶπεν,
791 3189 873 3241 ὅτι
900 3188 980 3241 Ἐν
1012 3196 1154 3263 αρχῇ
1187 3209 1248 3246 ην
1283 3190 1308 3241 ὀ
1337 3190 1453 3249 Υἱός
1485 3205 1498 3255 ;
1529 3186 1639 3241 Ὶνα
1667 3192 1737 3259 μὴ

127 3275 409 3346 ὑπόληψις
462 3296 764 3351 παρεμπιση
817 3277 898 3349 (5)
936 3286 1191 3350 χρονικῆς
1235 3297 1289 3330 τε
1335 3283 1424 3330 καὶ
1480 3276 1743 3350 ἐμπαθοῡς

125 3372 446 3436 γεννήσεως.
483 3369 575 3420 Διὰ
601 3374 754 3419 τουτο
800 3370 901 3441 γὰρ
938 3373 1101 3439 Λόγον
1159 3368 1312 3420 αὐτόν
1343 3368 1618 3440 ὀνομάσας,
1652 3370 1741 3419 καὶ

126 3451 373 3518 διδάξας
402 3453 624 3508 ἐντεῦθεν
654 3459 711 3508 τό
741 3458 968 3530 ἄχρονόν
1015 3476 1067 3510 τε
1092 3461 1181 3509 καὶ
1230 3455 1424 3518 ἀπαθὲς
1453 3466 1546 3518 τῆς
1579 3458 1739 3527 ὑπερ-

126 3553 299 3616 φυούς
323 3550 612 3614 γεννήσεως
633 3545 814 3609 αὐτοῦ,
840 3551 929 3598 καὶ
947 3551 1229 3620 προανελὼν
1248 3548 1340 3606 τὰς
1362 3544 1602 3618 ἀπρεπεῖς
1622 3548 1739 3618 περὶ

123 3635 301 3696 αὐτῆς
331 3633 641 3705 ὑπολήψεις,
671 3634 848 3687 λοιπόν
890 3640 1083 3709 προῖὼν
1129 3640 1218 3687 καὶ
1275 3637 1393 3688 Υὶόν
1439 3635 1593 3687 αὐτόν
1622 3633 1740 3686 ἁνυ-

122 3724 407 3785 ποστόλως
427 3722 589 3776 καλεῖ.
623 3723 927 3796 Βουλόμενος
963 3721 1021 3777 δὲ
1050 3721 1241 3788 δεῖξαι,
1275 3724 1430 3777 αὐτὸν
1471 3728 1544 3797 μὴ
1585 3729 1738 3797 μόνον

124 3811 207 3865 ἀεὶ
237 3816 368 3866 ὄντα
390 3816 553 3883 ἤγουν
585 3808 676 3864 air}
683 3833 779 3879 ιον,
811 3811 935 3865 ἀλλὰ
959 3818 1046 3866 καὶ
1083 3812 1381 3887 ἀχώριστον
1416 3821 1505 3866 τοῦ
1542 3816 1739 3885 Πατρός

120 3908 214 3955 καὶ
251 3897 551 3967 συναῐδιον,
581 3906 731 3974 φησί.

198 4175 305 4224 Καὶ
367 4170 393 4220 6
443 4173 599 4240 Λόγος
647 4166 708 4227 ἦν
775 4173 901 4244 πρός
948 4174 1032 4222 τόν
1090 4175 1237 4226 Θιόν.
1295 4171 1405 4224 Οὐκ
1453 4169 1608 4236 εἶπεν,
1655 4172 1735 4224 ὅτι

116 4255 183 4317 ἦν
215 4260 272 4311 ἐν
303 4263 471 4329 τόπῳ,
515 4258 574 4311 οὐ
605 4264 906 4333 περιέχεται
933 4262 1033 4332 γὰρ
1082 4264 1221 4332 τόπῳ
1253 4265 1283 4313 ὅ
1309 4261 1685 4336 ἀπερίγραπτος
1715 4275 1731 4292 ⁶

116 4345 250 4401 οὐδε
302 4348 392 4399 ὅτι
440 4346 491 4400 ἐν
537 4357 609 4418 τῷ
660 4355 794 4418 Θεῷ,
848 4350 930 4400 ἵνα
985 4353 1055 4421 μὴ
1113 4347 1167 4401 ἐκ
1251 4355 1535 4424 προοιμίων
1588 4349 1735 4410 εὐθὺς

117 4440 411 4508 σύγ-χυσις
440 4446 539 4488 τῶν
570 4444 861 4512 προσώπων
906 4437 1196 4498 ἐπινοηθείη

112 4531 209 4578 τόν
250 4529 412 4587 Θεὸν,
442 4529 623 4597 ἤγουν,
664 4530 809 4601 παρὰ
858 4537 932 4599 τῷ
979 4534 1165 4603 Πατρὶ.
1201 4531 1284 4581 ἵνα
1332 4548 1385 4582 τε
1414 4533 1727 4604 παραστὰσῃ

112 4620 175 4667 τό
206 4612 432 4675 ἰδιάζον
459 4624 559 4666 τῶν
588 4616 944 4676 ὑποστάσεων.
974 4623 1064 4671 καὶ
1103 4619 1182 4670 ὅτι
1214 4616 1509 4691 ἀχώριστοι
1551 4623 1729 4693 Πατὴρ

108 4711 208 4757 καί
238 4707 374 4765 Υἱός
401 4722 413 4735 ·
447 4699 605 4761 δῆλον
632 4701 689 4757 δὲ
715 4708 913 4766 πάντως
942 4707 1022 4758 ὅτι
1068 4712 1158 4759 καὶ
1192 4714 1395 4781 Πνεῦμα
1426 4711 1483 4760 τό
1535 4708 1683 4779 ἅγιον
1714 4729 1726 4741 ·

107 4793 162 4844 έν
250 4792 407 4868 ἀρχῇ
489 4794 589 4866 γάρ
638 4792 715 4866 (6)
766 4790 827 4853 ἦν
890 4797 919 4854 ἠ
985 4798 1164 4868 Τριάς-

101 4885 307 4957 Τριάς.

1250 4801 1338 4848 καὶ
1390 4799 1520 4870 ὁμοῦ
1580 4795 1640 4857 ἦν
1698 4801 1728 4857 ἡ

180 5100 209 5135 ³
241 5097 428 5155 Joan.
460 5111 560 5165 xv,
589 5101 678 5154 l5.
752 5097 775 5133 ⁸
803 5096 977 5156 Joan.
1027 5114 1147 5171 xiv,
1173 5105 1228 5159 9.

1866 1860 2120 1918 verbum
2160 1858 2235 1914 ad
2279 1861 2538 1914 mentem
2571 1872 2585 1910 :
2630 1869 2753 1909 non
2807 1854 3043 1908 tantum
3073 1849 3152 1905 ob
3192 1847 3519 1918 generatio-

1865 1967 2005 2007 nem
2018 1965 2153 2023 qum
2171 1947 2337 2003 omni
2363 1945 2579 2002 aﬁectu
2609 1944 2769 1999 caret
2793 1940 3080 2003 humano,
3112 1953 3314 1992 verum
3337 1935 3518 1992 etiam

1865 2044 2101 2112 propter
2136 2036 2571 2093 connexionem
2602 2036 2659 2089 et
2697 2027 3262 2086 manifestationem.
3307 2024 3519 2080 Omnia

1861 2129 2070 2200 inquit,
2128 2143 2253 2199 quae
2290 2124 2496 2181 audivi
2518 2137 2556 2179 a
2594 2122 2775 2177 Patre
2818 2133 2946 2174 meo
2976 2124 3118 2172 nota
3152 2115 3270 2186 fect
3294 2113 3516 2169 vobis’.

1932 2216 2151 2273 Poterit
2178 2228 2422 2288 quoque
2451 2211 2647 2268 dicere
2686 2208 3011 2281 quispiam,
3045 2203 3205 2277 quod
3235 2203 3412 2259 etiam
3441 2200 3519 2257 sit

1859 2306 2035 2380 quasi
2054 2304 2321 2361 deﬁnitio
2348 2301 2425 2358 ad
2458 2316 2636 2357 suum
2662 2297 2973 2354 deﬁnitum
3001 2312 3016 2350 :
3046 2310 3187 2349 nam
3227 2296 3284 2349 et
3308 2292 3418 2347 hoc
3440 2290 3517 2346 si-

1861 2395 2102 2467 gniﬁcat
2131 2393 2309 2450 dictio
2330 2392 2501 2463 λόγος.
2545 2389 2653 2457 Qui
2682 2387 2834 2445 enim
2866 2384 3005 2441 vidit
3036 2382 3275 2448 Filium,
3299 2380 3515 2452 inquit,

1859 2487 2009 2543 vidit
2038 2490 2091 2542 et
2120 2486 2358 2540 Patrem
2390 2482 2433 2546 ³,
2455 2479 2571 2535 hoc
2603 2481 2711 2545 est,
2744 2473 3044 2537 intellexit,
3086 2476 3149 2528 ut
3179 2470 3253 2526 sit
3273 2470 3401 2542 ipse
3430 2469 3517 2524 Fi-

1857 2574 1972 2630 lius
1996 2580 2286 2646 tanquam
2316 2569 2512 2626 brevis
2534 2584 2604 2624 ac
2629 2565 2814 2623 facilis
2832 2562 3024 2619 ﬁnitio
3046 2564 3276 2617 naturae
3307 2557 3512 2615 Patris.

1859 2667 2044 2723 Omne
2074 2664 2232 2719 enim
2256 2659 2419 2734 quod
2439 2658 2707 2728 genitum
2728 2658 2833 2720 est,
2860 2654 3005 2725 ejus,
3038 2650 3139 2723 qui
3173 2649 3396 2720 genuit,
3432 2654 3516 2704 ta-

1857 2770 1997 2811 cens
2035 2752 2290 2810 verbum
2333 2754 2442 2807 est.

1926 2844 2076 2899 Cum
2107 2846 2305 2898 autem
2328 2837 2537 2896 dixerit
2554 2833 2949 2905 evangelista:
2981 2832 3047 2886 In
3065 2826 3354 2902 principio
3382 2830 3510 2883 erat

1865 2932 2136 2999 Verbum,
2160 2926 2590 2986 demonstravit
2613 2923 2779 2997 quod
2809 2935 3047 2993 semper
3070 2922 3213 2983 erat,
3246 2931 3356 2972 nec
3386 2918 3511 2972 erat

1852 3026 2090 3093 tempus
2121 3013 2946 3091 aliquodautsasculum,quo
2972 3010 3170 3082 ipsum
3203 3022 3325 3062 non
3342 3009 3504 3071 erat;

1776 3133 1816 3192 ρ
1849 3111 1979 3183 ipse
2000 3108 2160 3165 enim
2192 3107 2431 3164 effector
2456 3110 2544 3161 est
2562 3109 2903 3175 temporum
2921 3116 2991 3156 ac
3017 3096 3395 3154 saeculorum.

1921 3201 2115 3267 Quare
2171 3202 2371 3254 autem
2423 3210 2544 3251 non
2589 3191 2734 3248 dixit
2776 3207 2789 3246 :
2831 3190 2896 3245 In
2941 3187 3228 3261 principio
3250 3190 3376 3241 erat
3413 3182 3504 3238 Fi-

1847 3289 1963 3345 lius
2002 3288 2029 3343 7
2056 3290 2134 3344 Ne
2156 3302 2279 3360 qua
2313 3285 2533 3357 irrepat
2564 3280 2821 3354 suspicio
2867 3276 3124 3335 carnalis
3157 3279 3258 3333 aut
3279 3278 3505 3347 tempo-

1848 3378 1988 3434 ralis
2020 3374 2444 3448 generationis.
2488 3372 2575 3430 Ob
2596 3371 2657 3426 id
2686 3367 2980 3443 siquidem
3011 3382 3151 3422 cum
3171 3365 3375 3437 ipsum
3398 3379 3499 3419 no-

1849 3468 2137 3524 minasset
2160 3465 2437 3532 Verbum,
2478 3467 2656 3535 atque
2694 3459 2832 3515 hinc
2859 3457 3023 3513 omni
3064 3460 3347 3528 tempore,
3375 3469 3500 3510 om-

1844 3557 2028 3630 nique
2044 3554 2259 3612 affectu
2288 3550 2731 3624 generationem
2756 3547 2948 3620 ipsius
2981 3544 3500 3617 supernaturalem

1846 3662 2045 3703 carere
2065 3644 2388 3706 docuisset,
2412 3639 2653 3712 abjectis
2674 3653 2916 3711 quoque
2930 3635 3158 3691 caeteris
3178 3633 3499 3690 indecenti-

1844 3735 1959 3792 bus
1997 3736 2156 3792 circa
2197 3749 2331 3790 eam
2372 3728 2826 3802 suspicionibus,
2879 3723 3269 3797 postmodum
3312 3722 3374 3778 in
3406 3738 3501 3778 se-

1842 3824 2168 3898 quentibus
2207 3822 2409 3895 ipsum
2438 3818 2616 3875 etiam
2651 3816 2834 3873 libere
2866 3813 3075 3870 Filium
3096 3811 3256 3867 dicit.
3287 3809 3500 3867 Volens

1843 3928 2086 3986 quoque
2120 3909 2435 3968 ostendere
2465 3923 2587 3963 non
2619 3906 2800 3962 modo
2829 3904 3028 3977 ipsum
3065 3899 3497 3974 semperfuisse

1842 4002 1967 4058 sive
2004 4006 2312 4065 aeternum,
2337 3997 2445 4054 sed
2471 3997 2649 4054 etiam
2669 3991 3136 4066 inseparabilem
3169 4006 3239 4047 ac
3261 3994 3499 4048 coaeter-

1841 4106 1990 4147 num
2016 4090 2194 4155 Patri,
2236 4089 2318 4146 ait
2376 4103 2390 4144 :

1910 4180 2072 4235 Vers.
2114 4179 2166 4233 t.
2196 4179 2277 4234 Et
2318 4175 2571 4234 Verbum
2596 4179 2719 4231 erat
2751 4171 2913 4243 apud
2933 4171 3138 4228 Deum.
3168 4172 3296 4227 Non
3325 4169 3494 4236 dixit,

1839 4268 2005 4344 quod
2058 4271 2185 4324 erat
2212 4267 2272 4322 in
2301 4266 2431 4322 loco
2466 4278 2625 4321 :non
2666 4261 2826 4317 enim
2863 4260 2924 4317 in
2977 4259 3107 4315 loco
3138 4259 3493 4323 continetur,

1840 4360 1944 4434 qui
1973 4354 2385 4415 circumscribi
2424 4370 2543 4411 non
2583 4354 2816 4427 potest:
2859 4364 3055 4422 neque
3076 4347 3237 4420 quod
3267 4345 3328 4403 in
3354 4349 3492 4413 Deo,

1249 4456 1260 4469 '
1319 4438 1426 4492 ἀλλ’
1477 4441 1557 4492 ὃτι
1604 4442 1734 4512 πρὸς

1864 4464 1916 4505 ιθ
1945 4448 2142 4504 statim
2172 4445 2232 4502 in
2273 4442 2631 4517 primordiis,
2664 4454 3059 4515 personarum
3082 4436 3494 4493 confusionem

1841 4536 1977 4609 quis
2005 4535 2382 4606 imaginatur,
2424 4532 2529 4588 sed
2566 4531 2733 4604 quod
2762 4528 2927 4602 apud
2964 4529 3150 4583 Deum
3182 4525 3305 4581 sive
3330 4524 3495 4598 apud

1840 4626 2095 4693 Patrem,
2132 4628 2271 4680 utet
2300 4620 2464 4695 quod
2502 4619 2813 4694 proprium
2852 4622 2943 4675 est
2972 4631 3363 4689 personarum
3386 4630 3496 4686 ap-

1841 4716 2068 4786 pareat,
2091 4712 2376 4784 quodque
2405 4706 2832 4782 inseparabiles
2857 4705 2973 4762 sint
2992 4706 3163 4761 Pater
3188 4708 3245 4760 et
3269 4704 3449 4760 Filius
3479 4720 3491 4759 :

1842 4807 1897 4860 et
1945 4801 2189 4859 omnino
2234 4798 2616 4857 manifestum
2671 4799 2779 4862 est,
2811 4796 2971 4869 quod
3023 4795 3205 4851 etiam
3245 4794 3496 4867 Spiritus

1843 4898 2080 4950 sanctus
2122 4907 2135 4947 :
2178 4888 2472 4964 siquidem
2516 4888 2579 4945 in
2609 4885 2899 4962 principio
2946 4889 3074 4944 erat
3103 4883 3372 4951 Trinitas,
3423 4883 3496 4940 si-

1840 4980 2085 5054 mulque
2120 4983 2245 5037 erat
2290 4977 2536 5037 trinitas.

1247 5226 1472 5296 Variae
1522 5228 1851 5299 lectiones
1910 5239 1976 5298 et
2029 5238 2235 5300 nota.

92 5396 272 5598 “lg-:23}
306 5396 526 5521 1:31???
529 5398 702 5539 ἷξιέςο
720 5472 779 5521 Δ.
816 5466 957 5523 Vide
1008 5469 1247 5539 Gregor.
1282 5469 1447 5535 Naz.,
1502 5487 1562 5543 p.
1601 5472 1728 5541 218,

1933 5401 1988 5473 4)
2032 5400 2112 5455 Ἐν
2143 5399 2311 5473 ἀρχῇ,
2344 5413 2453 5473 pro
2482 5397 2563 5454 ἆιι
2607 5404 2671 5455 Δ.

1937 5476 1989 5543 5)
2032 5475 2317 5546 Παραπέσῄ
2347 5478 2425 5546 _A.

1939 5542 1993 5617 6')
2034 5542 2138 5619 Γάρ
2178 5542 2387 5601 omittit
2429 5543 2495 5599 A.

176 5718 279 5789 (b)
325 5716 482 5790 Erat
513 5747 582 5759 —
635 5716 814 5789 quod.
865 5717 1037 5787 Quod
1086 5716 1429 5776 delendum.
1489 5720 1823 5780 Obscuram
1849 5721 2011 5781 enim
2041 5722 2235 5781 reddit
2273 5722 2629 5781 orationem.
2656 5725 2721 5779 In
2755 5722 2972 5779 Grmco
3014 5725 3096 5779 est
3138 5721 3308 5778 Istud
3334 5726 3486 5779 erat.
