3994 6218
518 322 651 381 1111

518 544 678 599 mine
708 559 853 596 usus
882 540 1086 595 fuisset
1124 538 1200 592 ad
1232 538 1570 591 docendum
1615 536 1671 590 in
1706 550 1967 606 superna
1998 548 2172 601 gene-

517 632 744 687 ratione
768 627 1355 700 intemporalitatem,
1378 626 1821 696 affectuumque
1844 622 2168 678 carentiam

518 725 684 775 curat
722 718 1002 788 deinceps
1036 732 1105 771 ac
1136 716 1283 771 tollit
1321 717 1605 770 damnum
1636 714 1794 785 quod
1826 713 1899 767 ad
1931 714 2039 768 hoc
2070 727 2175 765 no-

517 824 657 863 men
687 806 991 879 subrepit:
1034 810 1179 876 puta
1226 822 1299 860 ne
1332 805 1464 876 quis
1505 804 1898 874 blasphemet,
1960 807 2172 872 putans

518 896 631 952 tale
663 896 912 951 verbum
944 911 1071 950 esse
1092 893 1267 966 quale
1288 900 1557 948 nostrum
1586 897 1689 951 est,
1722 893 1845 946 sive
1873 891 2168 945 internum

519 988 639 1042 sive
662 986 714 1041 id
756 985 917 1057 quod
946 982 1345 1055 proferimus;
1381 998 1567 1053 neque
1598 981 1756 1035 enim
1784 980 1897 1034 tale
1928 985 2033 1043 est,
2071 978 2173 1032 sed

517 1073 921 1138 snbstantiale,
980 1072 1234 1143 ejusdem
1265 1088 1399 1127 cum
1464 1072 1630 1125 Patre
1693 1076 1919 1124 naturae
1948 1084 2017 1124 ac
2091 1067 2173 1123 di-

519 1165 777 1237 gnitatis.

590 1256 751 1309 Vers.
798 1256 850 1307 2.
884 1254 1004 1309 Hoc
1032 1284 1096 1292 —
1133 1254 1327 1307 Deum.
1361 1252 1507 1306 Cum
1560 1250 1799 1304 dixisset
1832 1248 1995 1320 quod
2020 1263 2172 1302 sem-

518 1360 620 1416 per
652 1344 793 1407 erat,
827 1342 1110 1414 quodque
1149 1358 1185 1397 a
1225 1342 1391 1396 Patre
1454 1338 1863 1410 inseparabile,
1917 1343 1968 1391 et
2009 1337 2173 1409 quod

522 1436 673 1488 Deus
714 1437 882 1487 erat:
926 1431 1091 1485 brevi
1135 1429 1514 1500 mirandoque
1559 1428 1759 1491 modo,
1810 1425 2171 1496 theologiam

518 1538 699 1593 quam
724 1521 797 1575 de
832 1521 944 1576 hoc
981 1519 1271 1590 exposuit,
1303 1519 1361 1573 in
1404 1534 1705 1573 summam
1738 1515 1952 1585 redigit
1996 1531 2174 1570 :com—

515 1610 804 1683 pendium
856 1610 1073 1664 divinae
1127 1608 1199 1663 de
1254 1624 1323 1663 eo
1382 1606 1736 1677 cognitionis
1784 1606 1957 1661 nobis
2020 1620 2175 1677 praa-

516 1702 686 1756 hens.

1837 314 2189 373 EUTHYMII
2231 314 2564 371 ZIGABENI

589 456 745 509 Vers.
796 457 839 507 1.
883 452 957 507 Et
1000 453 1152 505 Deus
1198 450 1321 503 erat
1380 446 1642 501 Verbum.
1679 448 1823 501 Cum
1857 443 2025 500 Verbi
2058 458 2168 497 no-
2200 444 2243 497 Α

3695 326 3794 382 ili!

2354 446 2453 494 Καὶ
2513 445 2643 504 Θεὸς
2690 439 2797 501 ἧνό
2829 445 3025 513 Λόγος.
3079 445 3412 517 Χρησάμενος
3438 454 3502 515 τῷ
3536 447 3709 517 ὀνόματι
3734 456 3801 503 τοῦ

2281 536 2444 603 Λόγου
2504 536 2633 603 πρός
2706 529 3060 584 διδασκαλίαν
3133 541 3221 584 τοῦ
3289 532 3506 606 ἁχρόνου
3581 543 3656 589 καὶ
3698 538 3800 591 ἀπα-

2285 622 2405 680 Θοῡς
2475 628 2570 680 τῆς
2635 622 2927 694 ὑπερφυοῦς
2982 627 3284 691 γεννήσεως,
3362 623 3525 674 λοιπὸν
3596 628 3803 697 θεραπεύει

2282 714 2374 767 τὴν
2407 712 2735 783 ὑφέρπουσαν
2761 719 2829 780 τῷ
2882 710 3094 782 ὀνόματι
3144 710 3361 783 βλάϐην,
3417 713 3492 764 ἵνα
3527 720 3590 785 μὴ
3620 714 3806 786 βλασφη-

2283 804 2427 870 μήσῃ
2470 818 2568 861 τις,
2624 798 2877 871 [οἰόμενος
2912 800 2987 867 (7)
3040 802 3118 850 ὅτι
3174 800 3316 871 λόγος
3348 800 3480 853 ἐστὶν
3516 803 3531 872 ]
3562 802 3804 874 οἶοςοήμί-

2284 907 2445 959 τερος,
2478 884 2766 947 ἐνδιάθετος
2798 889 2825 945 ἢ
2860 893 3171 961 προφορικός
3207 889 3299 940 ·οὖ
3328 893 3426 963 γὰρ
3467 890 3569 942 ἐστι
3609 900 3805 953 τοιοῦτος,

2283 975 2775 1043 ἀλλ’ἑννποστατος,
2821 986 2913 1038 τῆς
2972 978 3130 1039 αὐτῆς
3184 987 3255 1048 τῷ
3316 983 3473 1054 Πατρὶ
3527 984 3700 1049 φύσεως
3742 990 3807 1031 ut

2285 1062 2447 1128 ἀξίας.

2355 1244 2517 1304 Οὗτος
2552 1276 2611 1284 -
2644 1250 2791 1297 Θεόν.
2827 1247 2993 1298 Εἰπὼν
3020 1248 3099 1297 ὅτι
3131 1245 3208 1298 ἀεὶ
3248 1243 3327 1311 ἦν,
3361 1252 3447 1299 καὶ
3473 1248 3549 1299 ὅτι
3572 1246 3815 1321 ὰχὼριστος

2282 1340 2375 1384 τοῦ
2435 1337 2639 1405 Πατρός
2687 1331 2770 1402 ἧν,
2824 1340 2911 1387 καὶ
2970 1337 3045 1387 ὃτι
3112 1339 3238 1395 Θεὸς
3271 1333 3350 1394 ἦν,
3408 1337 3815 1408 circumdandum

2287 1428 2555 1494 συντόμως
2584 1425 2713 1495 ὁμοῦ
2741 1428 2826 1475 καὶ
2858 1426 3180 1495 θαυμασίως,
3217 1427 3278 1483 ἦν
3306 1426 3497 1487 ἐξέθετο
3541 1431 3643 1499 περὶ
3675 1430 3816 1478 τούτου

2288 1511 2546 1584 θεολογίαν
2574 1513 2674 1583 (8),
2719 1512 2936 1584 σύνοψιν
2989 1518 3112 1585 ἢμῐν
3176 1514 3439 1585 θεολογίας
3490 1520 3701 1586 περὶτοῦ
3728 1518 3819 1567 Υἱοῠ

2284 1607 2707 1675 παρασχόμενος.

3654 1782 3662 1797 Ψ

590 1788 930 1844 Dicentibus
984 1791 1201 1843 autem.
1245 1785 1409 1858 quod
1461 1785 1655 1839 omnis
1698 1784 1853 1839 ﬁlius
1883 1789 2046 1855 patre
2072 1799 2175 1856 po-

2360 1785 2494 1852 Πρός
2527 1777 2585 1833 δὲ
2614 1785 2727 1841 τοὺς
2757 1782 2997 1852 λέγοντας
3034 1785 3112 1833 ὅτι
3142 1789 3248 1843 Πᾶς
3280 1785 3393 1844 υἱός
3422 1784 3620 1855 ὕστερος
3647 1782 3823 1834 ἐστιτον

522 1879 728 1934 sterior
780 1883 884 1943 est,
949 1875 1443 1948 respondebimus
1480 1898 1491 1927 :
1535 1873 1679 1928 Cum
1724 1874 1934 1939 dicitis,
1970 1873 2174 1928 Omnis

520 1968 698 2034 ﬁlius,
727 1968 853 2037 jam
884 1966 941 2020 id
976 1966 1137 2037 quod
1168 1965 1453 2037 quaeritur
1480 1964 1852 2018 dissolvistis.
1878 1962 2171 2035 Siquidem

523 2058 625 2113 Dei
648 2057 845 2121 Filius,
871 2072 991 2110 non
1019 2061 1105 2109 est
1130 2054 1275 2117 talis,
1310 2053 1503 2125 qualis
1527 2058 1616 2108 est
1642 2053 1837 2107 omnis
1864 2052 2037 2117 ﬁlius,
2073 2053 2173 2106 sed

522 2162 658 2201 vere
683 2144 1176 2216 supernaturalis.

595 2236 881 2289 Praeterea
929 2231 1295 2287 contentiose
1335 2231 1734 2285 asserentihus
1779 2246 1915 2285 eum
1955 2230 2058 2302 qui
2099 2231 2175 2285 ab

526 2323 723 2394 aliquo
756 2327 867 2386 est,
900 2336 1141 2377 necesse
1159 2321 1406 2375 omnino
1446 2334 1577 2374 esse
1609 2324 1670 2374 ut
1693 2322 1765 2374 sit
1788 2320 2077 2390 posterior
2108 2336 2177 2375 eo

524 2429 559 2467 a
589 2428 711 2484 quo
742 2415 848 2475 est,
879 2409 1359 2481 respondendum
1384 2414 1489 2472 est,
1517 2409 1681 2480 quod
1714 2410 1819 2463 etsi
1843 2409 1955 2463 hoc
1979 2410 2180 2465 dicant

526 2501 667 2555 solis
702 2506 899 2556 tamen
926 2498 1129 2553 radius
1168 2515 1304 2554 cum
1329 2498 1406 2553 ab
1444 2498 1576 2569 ipso
1600 2499 1693 2565 sit,
1723 2515 1842 2553 non
1868 2504 1952 2553 est
1974 2516 2044 2555 eo
2074 2514 2180 2570 p0-

526 2590 772 2645 stcrior:
809 2605 1122 2661 nunquam
1160 2588 1318 2643 enim
1361 2587 1450 2642 sol
1492 2588 1615 2643 sine
1664 2588 1832 2643 radio
1877 2589 2177 2659 apparuit.

529 2678 701 2744 Quod
733 2678 779 2732 si
819 2680 878 2733 in
903 2677 1214 2732 sensilibus
1243 2678 1323 2732 ita
1345 2682 1454 2745 est,
1486 2678 1774 2749 quidnam
1805 2677 1999 2732 dicere
2028 2678 2183 2748 quis-

527 2769 688 2841 piam
718 2768 935 2839 poterit
965 2767 1151 2822 dehis
1178 2783 1311 2838 quae
1340 2768 1569 2837 majora
1594 2774 1748 2831 sunt,
1781 2784 1958 2838 quam
1982 2774 2040 2822 ut
2067 2766 2181 2821 dici

464 2924 477 2937 ν
527 2858 757 2929 possint
796 2856 823 2910 ?
864 2856 944 2911 Ex
975 2873 1097 2928 quo
1120 2863 1319 2911 autem
1356 2859 1536 2911 Deum
1568 2856 1765 2927 ipsum
1825 2872 1952 2910 esse
1986 2856 2185 2927 praedi-

527 2947 699 3011 cavit,
734 2946 834 3000 dat
866 2947 1043 3001 etiam
1094 2946 1143 3000 ei
1189 2944 1507 2999 divinitatis
1562 2945 1827 3013 insigne:
1858 2946 1991 3000 dico
2045 2961 2187 3000 sane

529 3034 769 3090 creandi
794 3034 1117 3105 potentiam
1152 3051 1162 3087 :
1196 3033 1485 3103 Iliienim,
1520 3032 1731 3105 inquit,
1760 3035 1864 3105 qui
1894 3036 2100 3090 caelum
2132 3041 2186 3090 et

532 3132 754 3180 terram
778 3140 895 3179 non
918 3126 1197 3193 fecerunt
1214 3129 1457 3193 pereant
1486 3124 1527 3177 ⁴.
1567 3123 1629 3177 Id
1658 3129 1878 3190 autem,
1910 3139 1983 3178 ne
2024 3129 2189 3196 pute-

530 3217 625 3269 tur
653 3213 825 3268 Patre
870 3213 1067 3267 minor
1119 3228 1264 3267 esse.
1886 3279 1893 3285 _

602 3306 762 3359 Vers.
786 3308 841 3358 3.
920 3302 1128 3358 Omnia
1156 3334 1224 3341 —
1263 3302 1496 3371 factum
1524 3306 1626 3356 est.
1672 3304 1814 3357 Cum
1857 3303 2062 3357 omnia
2092 3318 2196 3373 per

534 3393 733 3465 ipsum
766 3391 919 3447 facta
950 3391 1196 3446 dixisset
1239 3408 1249 3445 :
1286 3406 1355 3444 ne
1388 3396 1687 3461 putaretur
1720 3391 1772 3444 id
1805 3390 1877 3445 de
1907 3391 2193 3446 sensibili-

534 3482 643 3536 bus
676 3486 901 3536 tantum
936 3480 1176 3545 dixisse,
1212 3478 1511 3533 subdidit:
1544 3480 1621 3533 Et
1660 3482 1788 3535 sine
1813 3481 1936 3549 ipso
1965 3482 2191 3547 factum

536 3578 612 3625 est
636 3570 785 3625 nihil
815 3570 974 3640 quod
1002 3573 1227 3640 [actum
1246 3575 1349 3633 est,
1377 3568 1488 3623 hoc
1512 3574 1616 3631 est,
1661 3569 1803 3623 nihil
1831 3585 2035 3623 eorum
2062 3586 2191 3639 quae

538 3661 692 3714 facta
732 3660 1028 3728 sunt,sive
1074 3658 1348 3712 sensibile
1382 3658 1471 3721 sit,
1508 3658 1627 3713 sive
1667 3657 2050 3727 intelligibile.
2087 3660 2192 3712 Ex-

540 3746 795 3802 cluditur
834 3752 1033 3801 autem
1075 3747 1323 3817 Spiritus
1374 3752 1657 3802 sanctus:
1702 3762 1894 3818 neque
1919 3748 2076 3802 enim
2114 3747 2192 3803 fa-

542 3842 669 3891 ctus
702 3841 811 3901 est,
857 3841 918 3890 ut
967 3836 1115 3890 inter
1152 3835 1266 3891 alia
1306 3836 1870 3906 comprehendatur,
1915 3836 2019 3890 sed
2051 3834 2192 3891 infe-

539 3931 670 3981 ctus
710 3930 812 3981 aut
858 3925 1176 3989 increatus,
1233 3926 1385 3981 sicut
1426 3929 1483 3979 et
1528 3925 1705 3980 Filius
1729 3932 1785 3980 et
1824 3926 2011 3983 Pater.
2059 3926 2195 3981 Sola

543 4032 806 4088 namque
833 4015 1032 4070 divina
1051 4016 1302 4070 Trinitas
1336 4015 1550 4071 infecta
1566 4016 1689 4071 sive
1705 4016 1965 4071 increata
1983 4022 2086 4071 est.

614 4108 759 4162 Cum
773 4110 969 4161 autem
992 4105 1708 4161 demonstraveritFilium
1726 4112 2051 4161 creatorem
2075 4122 2199 4161 om-

544 4195 635 4251 nis
667 4194 907 4251 visibilis
938 4200 1110 4266 atque
1140 4194 1454 4249 invisibilis
1483 4201 1788 4258 creaturte,
1818 4210 1931 4248 non
1960 4194 2203 4250 eXCIUsit

545 4286 774 4340 Patrem
807 4300 841 4339 a
863 4283 1106 4339 creandi
1141 4282 1453 4353 dignitate,
1486 4282 1591 4337 sed
1631 4282 1832 4337 docuit
1864 4287 2090 4337 tantum
2122 4283 2208 4337 Fi-

544 4374 689 4429 lium
722 4390 850 4429 esse
872 4377 1195 4428 creatorem
1228 4373 1376 4427 sicut
1402 4376 1455 4426 et
1499 4372 1731 4426 Patrem
1763 4391 1774 4437 ;
1820 4372 1876 4425 id
1919 4373 2075 4426 enim
2110 4371 2207 4427 tri-

546 4464 660 4519 bus
692 4478 1012 4518 commune
1045 4466 1149 4525 est,
1187 4477 1317 4514 cum
1370 4460 1442 4514 sit
1500 4460 1829 4515 Diviuitatis
1863 4460 2117 4529 insigne,
2149 4465 2207 4516 ut

549 4552 893 4625 praedictum
918 4556 1025 4615 est,

622 4641 759 4695 Ideo
799 4657 1041 4712 quoque
1080 4640 1138 4693 in
1167 4639 1368 4695 divina
1410 4640 1703 4711 Scriptura
1737 4639 1975 4694 creandi
2001 4643 2200 4711 poten-

552 4729 631 4783 tia
661 4730 1021 4801 quandoque
1046 4730 1119 4784 de
1151 4730 1317 4785 Patre
1350 4728 1582 4795 dicitur,
1616 4729 1982 4801 quandoque
2022 4728 2093 4784 de
2118 4728 2201 4783 Fi-

550 4817 652 4885 lio,
680 4817 977 4873 interdum
1018 4834 1158 4874 vero
1189 4818 1261 4875 de
1300 4817 1519 4891 Spiritu
1550 4823 1775 4883 sancto,
1800 4823 2081 4889 tanquam
2110 4818 2195 4872 vi-

553 4906 764 4963 delicet
808 4907 971 4962 Patre
1008 4906 1263 4972 volente,
1314 4905 1457 4963 Filio
1498 4911 1696 4963 autem
1736 4912 2040 4979 operante,
2084 4906 2205 4978 Spi-

626 5086 648 5121 ⁴
675 5086 888 5142 Jerem.
930 5102 989 5153 x,
1021 5088 1110 5141 11.

2238 4533 2282 4586 D
2313 4566 2397 4607 τος

2284 1874 2499 1943 πατρός,
2538 1870 2746 1942 ἐροῦμεν
2779 1873 2857 1923 ὅτι
2887 1879 2988 1931 Πᾶς
3014 1874 3125 1932 υἱός
3156 1872 3399 1933 εἰπόντες.
3438 1872 3661 1924 ὶελύκατε
3682 1877 3730 1924 τό
3759 1874 3828 1931 ξε·

2286 1964 2546 2031 τούριενον.
2576 1960 2632 2012 Ὀ
2658 1964 2755 2033 γὰρ
2790 1964 2907 2021 Υἱός
2934 1970 3024 2013 τοῦ
3066 1970 3197 2013 Θεοὺ
3230 1962 3319 2013 οὐχ
3369 1965 3478 2014 ἔστι
3508 1982 3714 2022 τοιοντος
3753 1958 3827 2018 οἶος

2286 2056 2386 2109 πᾶς
2416 2052 2544 2115 υἱός,
2581 2048 2687 2101 ἀλλ’
2727 2054 2879 2110 ὅντως
2912 2052 3201 2123 ὑπερφυής.

2356 2226 2473 2279 Ἔτι
2514 2222 2572 2279 δὲ
2620 2231 2745 2302 πρὸς
2782 2231 2899 2288 τοὺς
2950 2228 3383 2299 φιλονεικοῦντας,
3433 2232 3508 2282 ὅτι
3560 2233 3623 2282 Τὸ
3651 2232 3697 2281 ἔκ
3728 2248 3831 2288 τινος

2289 2315 2484 2387 ἀνάγκη
2518 2318 2722 2378 πάντως
2776 2316 2903 2369 εἶναι
2940 2318 3155 2391 ὕστερον
3208 2326 3299 2370 τοῦ
3354 2318 3407 2383 ἐξ
3447 2320 3506 2371 οὗ
3544 2319 3685 2379 ἐστιν,
3741 2317 3832 2367 ἀπο-

2286 2405 2526 2476 λογητέον
2560 2408 2638 2457 ὅτι
2677 2412 2777 2459 Καὶ
2839 2411 2940 2478 μὴν
3008 2411 3063 2459 τὸ
3130 2406 3459 2481 ἀπαύγασμα
3503 2416 3587 2461 τοῦ
3635 2405 3833 2467 ἡλίον,εξ

2290 2495 2445 2545 αὑτοῦ
2469 2493 2547 2564 (9)
2576 2495 2647 2555 ὃν,
2686 2496 2779 2547 οὐκ
2810 2498 2949 2547 ἔστιν
2999 2496 3212 2568 ὕστερον
3266 2499 3429 2550 αὐτοῦ
3479 2518 3490 2529 ·
3520 2494 3740 2549 οὐδέποτε
3762 2500 3835 2566 γὰρ

2292 2582 2432 2643 ἣλιος
2456 2586 2608 2654 ἔγάνη
2664 2590 2829 2655 χωρὶς
2878 2584 3314 2659 ἀπαυγάσματος.
3363 2587 3425 2641 Εἰ
3466 2584 3515 2639 δ’
3554 2586 3629 2637 ἐπὶ
3680 2594 3758 2636 τῶν
3783 2584 3835 2633 αἱ·

2294 2674 2500 2729 σθητών
2524 2680 2695 2737 τούτο,
2730 2679 2779 2724 τί
2810 2676 2870 2724 οἰν
2887 2693 2964 2733 τις
2986 2676 3120 2726 εἴποι
3147 2681 3263 2747 περὶ
3289 2685 3391 2726 τῶν
3422 2678 3546 2749 ὑπὲρ
3578 2678 3683 2744 (10)
3709 2675 3838 2743 λογονὲ

2294 2763 2434 2814 Ἐπεὶ
2481 2758 2539 2813 δι
2569 2766 2691 2815 Θεὸν
2726 2762 2877 2813 αὐτόν
2911 2762 3189 2837 ἀνεκήρυξε
3221 2765 3357 2834 (11),
3392 2761 3614 2816 δίδωσιν
3642 2764 3756 2830 αὐτῷ
3776 2766 3840 2810 καὶ

2292 2854 2348 2902 τὸ
2378 2858 2653 2923 γνώρισμα
2700 2859 2795 2913 τῆς
2822 2854 3083 2917 θεότητος,
3123 2853 3254 2923 λέγω
3288 2851 3356 2911 δὴ
3400 2858 3458 2905 τὸ
3490 2850 3839 2926 δημιουργικόν*

2298 2946 2415 2991 Θεοὶ
2448 2944 2570 3011 γὰρ,
2605 2946 2782 3013 φησὶν,
2818 2941 2865 2992 οἱ
2898 2946 2980 2993 τόν
3015 2943 3227 3013 οὐρανόν
3258 2950 3347 2995 καὶ
3382 2948 3476 3000 τὴν
3494 2951 3587 3013 γῆν
3606 2942 3689 2993 οὐκ
3712 2940 3842 2993 ἐπεοίὰ-

2300 3050 2415 3095 σαν,
2478 3029 2847 3083 ἀπολέσθουσαν
2891 3046 2904 3061 ⁸
2952 3032 3034 3082 ἶνα
3091 3037 3159 3103 μὴ
3220 3035 3497 3104 νομισθείη
3559 3040 3642 3084 τον
3693 3034 3844 3101 Πατρός

2301 3118 2537 3174 ἐλάττων.

2374 3300 2547 3350 Πάντα
2602 3330 2667 3337 -
2724 3303 2945 3369 γέγονεν.
3013 3300 3247 3372 Εἰρηχὼς
3281 3301 3363 3351 ὅτι
3396 3302 3570 3353 Πάντα
3616 3296 3679 3350 δι’
3727 3297 3845 3347 αὐτοῦ

2300 3385 2515 3457 ἐγένετο,
2556 3388 2637 3437 ἶνα
2668 3389 2735 3459 μή
2771 3385 2898 3460 δόξῃ
2928 3394 3044 3461 περὶ
3101 3393 3265 3459 μόνων
3294 3389 3461 3459 λέγειν
3494 3398 3589 3440 τῶν
3619 3388 3843 3443 αἰσθητῶν,

2302 3474 2559 3547 ἐπήγαγεν
2590 3478 2667 3527 ὅτι
2711 3482 2809 3528 Καὶ
2839 3483 3010 3549 χωρὶς
3064 3474 3222 3528 αὐτοῦ
3277 3476 3478 3548 ἐγένετο
3530 3474 3644 3529 οὐδε
3669 3477 3726 3533 ἓν,
3754 3477 3849 3541 ὅγε·

2301 3584 2433 3635 γονε,
2467 3569 2734 3616 τουτέστιν
2803 3563 2953 3617 οὐδὲν
3001 3575 3098 3617 τῶν
3154 3572 3465 3637 γενομένων,
3512 3566 3601 3616 κᾶν
3652 3564 3846 3618 αἰσθητόν

2303 3658 2403 3713 εἴη,
2436 3653 2530 3705 κᾶν
2556 3662 2757 3711 νοητόν.
2788 3654 3134 3728 ’Υπεξῄρηται
3185 3652 3244 3707 δὲ
3292 3659 3351 3707 τό
3386 3664 3588 3727 Πνεῠμα
3638 3660 3686 3705 ’ό
3712 3652 3842 3721 ἄγεσι.

2303 3749 2466 3794 Τοῦτο
2495 3745 2596 3814 γὰρ
2649 3743 2705 3794 οὐ
2759 3748 2964 3813 γέγονεν
2994 3745 3074 3795 ἶνα
3128 3749 3215 3795 καὶ
3275 3737 3845 3816 συμπαραὶηᾳθείη,

2306 3830 2550 3903 ἀγένητον
2603 3832 2719 3903 (l2)
2786 3831 2945 3896 ἐστιν,
2990 3837 3154 3885 εἶτ-ουν
3194 3835 3471 3903 οἴκτιστονἓ
3533 3837 3687 3903 ὥσπερ
3743 3830 3847 3878 καὶὸ

2306 3924 2426 3981 Υἱὸς
2452 3925 2537 3973 καὶ
2573 3922 2597 3971 ὀ
2628 3928 2825 3995 Πατήρ.
2863 3924 3002 3979 Μόνη
3044 3925 3143 3995 γὰρ
3176 3924 3204 3979 ἠ
3235 3924 3352 3974 θεία
3378 3926 3533 3995 Τριὰς
3575 3922 3676 3991 (13)
3704 3918 3844 3987 ἀγέτη-

2307 4031 2409 4072 τος,
2450 4015 2610 4081 ἤγουν
2642 4013 2913 4071 ἄκτιστος.

2382 4097 2672 4162 Αποδείξας
2734 4097 2792 4152 δὲ
2854 4104 2940 4151 τόν
2994 4103 3110 4152 Υὶόν
3167 4098 3499 4173 δημιουργόν
3552 4102 3707 4158 πάσης
3762 4097 3847 4165 ιρι·

2308 4198 2459 4249 τικῆς
2490 4190 2601 4260 (Ui)
2652 4194 2740 4240 καὶ
2772 4189 2995 4261 ἀοράτου
3031 4194 3271 4251 κτίσεως,
3328 4190 3426 4241 οὐκ
3460 4188 3648 4252 ἐξέϐαἳε
3682 4190 3749 4237 τόν
3773 4189 3843 4235 Ih-

2308 4282 2433 4352 τέρα
2456 4286 2543 4330 τοῦ
2568 4274 2953 4352 δημιουργικόν
2996 4278 3306 4350 ἀξιώματος,
3339 4278 3471 4329 ἀλλὰ
3497 4298 3637 4350 μονον
3666 4269 3846 4330 ἐδίδαξεν

2311 4369 2389 4418 ὅτι
2415 4373 2502 4418 καὶ
2534 4369 2557 4417 ὁ
2591 4371 2710 4428 Υίός
2738 4364 3056 4438 δημιουργός
3084 4366 3243 4429 ἐστιν,
3270 4368 3451 4441 ὥσπερ
3482 4371 3506 4418 ο
3535 4364 3845 4436 [latrip'xom‘v

2311 4460 2411 4529 γαρ
2445 4466 2595 4509 τοῦτο
2635 4466 2732 4507 τῶν
2764 4465 2936 4529 τριῶν9
2974 4455 3080 4508 ἐπεὶ
3103 4462 3256 4508 τοῦτο
3283 4459 3564 4529 γνώρισμά
3595 4455 3689 4506 ἐστι
3717 4453 3841 4502 θεότη-

2406 4591 2416 4613 ,
2447 4548 2515 4607 ὡς
2536 4552 2859 4618 προείρηται.

2382 4640 2468 4689 Διό
2521 4642 2609 4687 καὶ
2666 4639 2805 4710 παρὰ
2867 4643 2927 4706 τῇ
2978 4636 3088 4705 θέίᾳ
3137 4640 3313 4706 Γραφῇ
3380 4640 3504 4688 ποτε
3559 4639 3639 4705 μὲν
3689 4636 3736 4681 τὸ
3778 4625 3843 4678 δε·

2304 4730 2610 4800 μιουργίχόν
2641 4724 2723 4777 ἐπὶ
2785 4723 2901 4797 [τοῦ
2953 4727 3147 4793 Πατρός
3214 4726 3331 4793 (15)
3405 4724 3621 4795 λέγεται,
3670 4722 3767 4770 ποτε
3804 4710 3843 4763 δῖ

2302 4821 2387 4883 ἐπὶ
2438 4823 2526 4867 τοῦ
2580 4817 2721 4879 Tim),
2771 4817 2893 4866 ποτε
2944 4810 3001 4865 δὲ
3056 4812 3179 4883 ἐπὶ]
3211 4821 3305 4864 τοῦ
3359 4814 3515 4885 ἁγίου
3577 4814 3841 4878 Πνενοιιατος·

2314 4906 2398 4957 οἷα
2426 4912 2515 4957 τοῦ
2545 4906 2634 4977 μὲν
2698 4907 2901 4977 Πατρός
2962 4898 3317 4965 εὐδοκοῦντος,
3368 4910 3462 4954 τοῦ
3516 4898 3571 4953 δὲ
3612 4900 3713 4950 1·ὶοὺ

1668 5209 1891 5279 Varia:
1947 5209 2274 5277 lectiones
2322 5216 2388 5277 et
2449 5218 2646 5276 nolze.

629 5410 705 5483 (7)
748 5408 898 5465 Loco
924 5408 1157 5483 borum
1190 5414 1448 5483 quatuor
1487 5407 1916 5483 vocabulorum
1948 5402 2210 5483 spatium

557 5479 801 5539 vacuum
835 5484 927 5535 est
954 5481 1007 5534 in
1052 5479 1308 5553 θοάς-Α.
1344 5481 1489 5534 Ante
1521 5482 1545 5530 ὸ
1600 5485 1841 5553 ἡμέτερος
1874 5487 2094 5541 autem,
2138 5480 2214 5533 le-

559 5557 713 5624 gitur
752 5554 869 5612 οἶος.
894 5552 957 5606 Et
977 5554 1077 5611 οἷος
1103 5551 1348 5623 quidem
1366 5552 1585 5624 recepi.

633 5627 708 5696 (8)
760 5624 1031 5696 Θεολογία,
1087 5622 1225 5678 cum
1262 5622 1454 5695 spatio
1503 5638 1691 5679 vacuo
1721 5623 2213 5679 duarumlittera-

557 5711 714 5755 rum.
744 5701 809 5752 A.

636 5768 711 5837 (9)
742 5768 857 5835 Ἢν,
883 5784 991 5839 pro
1019 5772 1070 5819 ἄν
1102 5768 1171 5823 Α.

2421 5406 2507 5472 10)
2535 5408 2632 5457 Τόν
2656 5403 2821 5458 addit
2851 5409 2906 5458 Β.

2428 5480 2507 5547 lt)
2543 5475 2788 5549 Ἐκὴρυξε
2822 5482 2879 5527 Α.

2432 5553 2514 5618 12)
2539 5550 2841 5619 Ἀγέννητον
2878 5552 2933 5598 Α.

2426 5623 2513 5685 13)
2546 5623 2854 5690 Ἀγέννητοςγ
2880 5625 2937 5671 Α.

2426 5626 2513 5685 13)
2546 5626 2849 5690 Ἀγέννητος
2880 5626 2937 5671 Α.

2397 5626 2513 5762 ita)
2540 5689 2969 5762 Corrigendum
2999 5691 3216 5762 ὁρατῆς.

2398 5759 2513 5836 (ίὸ)
2556 5764 2797 5819 Inclusa
2828 5759 3041 5818 omittit
3071 5763 3135 5814 A.

2395 5407 2414 5618 ἓ
