3994 6218
158 291 289 348 1117

1161 287 1533 345 COMMENT.
1580 288 1648 344 IN
1686 285 2040 342 JOANNEM.
2082 320 2150 330 —
2190 290 2344 346 CAP.
2390 286 2434 347 Ῐ.

3391 298 3530 354 1118

158 413 452 467 ἀπολαῦσαι
477 422 574 474 τῆς
601 414 826 489 χάριτος
856 412 1004 467 αὐτοὶ
1042 421 1135 467 τοῦ
1165 420 1236 487 μὴ
1277 414 1388 486 (25)
1434 415 1751 486 φωτισθῆναι

1886 412 2043 478 Quod
2076 412 2123 469 si
2145 415 2249 487 qui
2281 415 2409 473 luce
2436 417 2549 473 frui
2616 418 2841 487 nolunt,
2874 418 3004 492 ipse
3045 417 3154 478 sibi
3188 436 3372 477 causa
3390 425 3531 478 sunt

155 524 333 558 αιτιοι.

221 593 496 652 ’Δὶηθινόν
528 589 587 646 δὲ
609 589 742 645 εἶπεν
774 593 919 660 αὐτὸ,
942 597 1010 654 ὡς
1040 592 1374 667 ἀσύγκριτον,
1399 597 1489 644 καὶ
1510 594 1635 666 ὑπὲρ
1659 596 1758 643 πᾶν

151 691 272 756 φῶς,
300 688 392 736 καὶ
420 687 614 755 κυρίως
635 689 759 755 φῶς.

217 772 317 846 [Τό
349 774 461 843 (26)
515 781 619 845 φῶς
662 775 720 824 τὸ
771 771 1033 830 ἀληθινόν.
1083 777 1183 825 Καὶ
1227 771 1376 825 εἰκὼν
1429 772 1487 824 δὲ
1539 769 1755 829 ἀληθινή

148 860 373 932 λέγεται,
414 866 504 914 καὶ
565 859 781 920 ἀληθινὴ
845 866 1022 934 σοφία,
1075 866 1165 913 καὶ
1213 861 1322 922 ζωὴ
1382 859 1621 925 ἀληθινὴ,
1669 863 1757 910 καὶ

148 952 210 1001 τὰ
258 957 480 1002 τοιαῦτα
513 971 525 982 ·
562 950 655 1002 οὐκ
699 949 784 1002 ἐπὶ
837 947 1056 1022 διαϐολῇ
1113 958 1212 1002 τῶν
1255 948 1419 1002 ἄλλων
1476 949 1636 1020 ἁγίων
1687 947 1756 1000 εἰ-

147 1045 332 1104 κόνων,
390 1035 514 1092 οὐδὲ
553 1047 648 1100 τῆς
695 1039 796 1092 ἀπὸ
838 1048 936 1092 τῶν
992 1041 1136 1094 θείων
1200 1045 1412 1114 Γραφῶν
1467 1042 1666 1112 σορίας,
1722 1041 1752 1095 ἦ

148 1136 238 1188 τῆς
291 1127 511 1182 ἐνταῦθα
540 1129 701 1194 ςώῆς,
745 1127 828 1182 ἵνα
874 1127 1010 1180 ἐάσω
1040 1133 1128 1187 τὴν
1168 1128 1454 1201 μέλλουσαν
1487 1147 1500 1160 ο
1543 1125 1671 1179 ἀλλὰ
1698 1129 1755 1178 τό

146 1226 382 1270 τοιοῦτον
414 1226 608 1291 σχῆμα
640 1226 732 1271 τοῦ
757 1217 915 1290 λόγου
946 1221 1004 1271 τό
1042 1219 1160 1272 καθ’
1190 1220 1456 1291 ὑπεροχὴν
1505 1217 1758 1291 ἀσύγκρι-

146 1326 232 1359 τον
262 1308 580 1380 ὑποφαίνει.]

221 1394 340 1469 [Εἰς
381 1399 494 1465 (27)
524 1396 618 1449 τόν
644 1401 860 1469 κόσμον.
893 1395 962 1450 Ἠ
1007 1402 1096 1449 καὶ
1142 1396 1326 1458 ἄλλως
1369 1395 1646 1470 ἐρχόμενον
1688 1395 1758 1453 εἰς

148 1490 232 1537 τόν
266 1485 436 1545 ἀληθῆ
461 1491 657 1558 κόσμον
683 1495 782 1539 τῶν
811 1485 1064 1561 ἁρετῶν.]

215 1576 304 1628 Ἐν
344 1583 416 1646 τῷ
458 1573 640 1648 κόσμῷ
682 1573 761 1634 ἦν.
817 1577 927 1629 Οὐκ
984 1580 1050 1639 ὡς
1105 1581 1244 1648 τόπῳ
1296 1579 1753 1650 περιγραφόμενος,

147 1664 253 1715 ἀλλ’
285 1668 352 1725 ὡς
385 1667 551 1717 πάντα
589 1665 816 1740 πληρῶν.
845 1666 1014 1719 Εἰπὼν
1043 1662 1100 1720 δὲ
1133 1669 1213 1718 ὅτι
1249 1666 1330 1720 Ἐν
1353 1675 1422 1735 τῷ
1454 1670 1636 1737 κόσμῳ
1673 1659 1750 1727 ἦν,

1875 500 2037 572 quod
2059 519 2178 558 non
2208 504 2637 562 illuminentur.

1948 590 2162 647 Veram
2186 610 2422 666 quoque
2487 596 2680 652 lucem
2729 597 2895 663 dixit,
2955 601 3245 670 tanquam
3307 600 3529 656 incom-

1878 681 2209 750 parabilem
2241 700 2310 739 ac
2342 701 2520 757 super
2536 702 2766 751 omnes,
2791 693 2845 742 et
2865 704 2998 759 quae
3025 689 3257 758 proprie
3286 689 3385 744 lux
3417 695 3523 745 est.

1946 771 1988 839 ἢ·
2013 771 2227 827 Dicitur
2245 789 2489 846 quoque
2508 792 2644 831 vera
2669 777 2890 845 imago,
2911 782 3116 832 etvera
3157 778 3531 848 sapientia,et

1877 873 2014 914 vera
2034 859 2149 916 vita
2177 861 2414 934 aliaque
2442 863 2692 931 similia;
2736 881 2858 920 non
2885 866 2958 920 ad
2989 866 3350 921 calumniam
3387 866 3530 922 alia-

1876 962 2008 1002 rum
2031 953 2727 1023 sanctarumimaginum
2753 970 2980 1026 :neque
3013 955 3321 1026 sapientiae
3348 973 3530 1027 quam

1879 1036 2198 1109 Scripturis
2224 1040 2445 1096 divinis
2473 1046 2578 1113 est,
2614 1058 2808 1114 neque
2839 1044 2973 1099 vita:
3003 1045 3332 1114 praesentis,
3366 1049 3528 1101 utne

1875 1124 2074 1182 dicam
2105 1127 2318 1185 futurte
2351 1148 2365 1184 :
2398 1130 2503 1185 sed
2545 1130 2674 1186 talis
2703 1131 2898 1200 ﬁgura
2928 1133 3242 1198 sermonis,
3284 1133 3344 1187 id
3371 1135 3528 1204 quod

1875 1213 2344 1290 incomparabile
2381 1225 2484 1290 est,
2528 1235 2631 1293 per
2663 1221 3120 1294 amplitudinem
3153 1222 3519 1279 manifestat.

1944 1394 1987 1464 -ι-
2013 1393 2148 1451 Sive
2179 1395 2514 1452 venientem
2538 1396 2597 1452 in
2627 1413 2833 1453 verum
2889 1399 3186 1454 mundum
3215 1399 3522 1456 virtutum.

1951 1573 2108 1627 Vers.
2143 1573 2227 1630 10.
2280 1573 2347 1629 In
2414 1575 2629 1630 mundo
2669 1579 2818 1631 erat.
2876 1578 3002 1632 Non
3042 1581 3328 1650 tanquam
3393 1576 3523 1634 loco

1873 1661 2374 1735 circumscriptus,
2417 1665 2518 1720 sed
2551 1672 2836 1738 tanquam
2879 1667 3082 1723 omnia
3103 1669 3522 1739 rcplens.Cum

147 1757 226 1805 ἱνα
261 1759 334 1815 μὴ
370 1753 622 1806 ὑπολάϐοι
668 1775 744 1816 τις
789 1756 868 1807 ὅτι
902 1758 1194 1829 σύγχρονος
1243 1752 1303 1813 ἦν
1347 1764 1438 1807 τοῦ
1477 1760 1700 1826 κόσμου,
1732 1753 1751 1804 6

1886 1757 2069 1807 uitem
2097 1752 2371 1809 dixisset:
2402 1755 2471 1810 In
2502 1755 2711 1810 mundo
2743 1759 2888 1821 erat,
2917 1773 2986 1811 ne
3019 1757 3153 1828 quis
3194 1759 3523 1828 suspicare-

145 1846 370 1896 πέπονθε
403 1844 604 1906 Παῦλος
624 1845 649 1896 ό
678 1848 1027 1917 Σαμόσατεὺς,
1057 1847 1368 1919 προσέθηκεο

215 2028 324 2076 Καὶ
355 2055 420 2062 -
445 2022 660 2094 ἐγένετο.
698 2020 966 2097 Πρόδηλον
987 2026 1088 2098 γὰρ
1117 2024 1196 2076 ὅτι
1236 2025 1260 2075 6
1288 2027 1511 2085 ποιητὴς
1542 2027 1639 2098 πρὸ
1665 2031 1754 2075 τοῦ

142 2117 442 2183 ποιήματος
471 2108 558 2170 ἦν,

217 2206 323 2254 Καὶ
383 2232 450 2240 -
517 2203 664 2272 ἔγνω.
725 2206 930 2274 Κόσμον
1007 2201 1228 2254 ἐνταῦθα
1295 2200 1428 2272 λέγει
1498 2205 1618 2262 τοὺς
1693 2203 1757 2253 τὰ

143 2294 382 2362 κοσμικά
441 2291 771 2362 φρονοῦντας,
841 2295 956 2351 τοὺς
1031 2300 1102 2362 τῷ
1167 2296 1348 2362 κόσμῳ
1415 2289 1754 2363 προσηλωμέ-

1867 1845 1961 1893 tur
1992 1840 2217 1896 mundo
2243 1842 2691 1914 contemporale
2731 1860 2875 1909 esse,
2909 1847 3069 1916 quod
3101 1846 3314 1901 accidit
3337 1846 3522 1902 Paulo

1865 1927 2292 1986 Samosatensi.
2338 1931 2572 1987 addidit
2599 1948 2610 1986 :

1939 2021 2095 2073 Vers.
2129 2021 2213 2073 10.
2245 2021 2311 2074 Et
2352 2051 2418 2062 —
2447 2022 2650 2090 factus
2677 2029 2779 2078 est.
2817 2022 3191 2078 Manifestum
3215 2029 3305 2079 est
3325 2029 3521 2080 autem

1864 2107 2027 2180 quod
2056 2107 2260 2174 factor,
2295 2113 2431 2165 ante
2460 2110 2516 2165 id
2551 2111 2715 2182 quod
2747 2111 2969 2167 factum
3003 2118 3111 2178 est,
3149 2114 3339 2168 fuerit.

1934 2197 2099 2252 Vers.
2143 2199 2230 2254 10.
2273 2201 2339 2254 Et
2390 2232 2443 2240 —
2502 2201 2796 2270 cognovit.
2845 2201 3126 2257 Mundum
3183 2203 3343 2257 hunc
3389 2203 3526 2259 dicit

1864 2301 1984 2352 eos,
2008 2288 2111 2360 qui
2142 2290 2456 2346 mundana
2485 2289 3113 2362 sapiunt,quimundo
3150 2291 3306 2346 afﬁxi
3363 2298 3521 2360 sunt,

1861 2375 2002 2448 quia
2029 2377 2404 2434 sensibilibus
2419 2378 2599 2434 rebus
2628 2378 2840 2434 abduci
2873 2385 3196 2451 nequeunt,
3221 2396 3329 2435 nec
3352 2379 3523 2451 quid-

1860 2481 2044 2538 quam
2071 2483 2251 2539 supra
2267 2467 2388 2524 haec
2416 2468 2738 2538 intelligere
2761 2474 3028 2540 possunt.
3052 2470 3160 2534 Qui
3183 2470 3341 2524 enim
3374 2469 3520 2526 tales

1861 2571 1982 2612 non
2006 2558 2380 2628 sunt,ipsum
2425 2560 2781 2631 priusquam
2816 2560 2995 2615 etiam
3041 2561 3099 2615 in
3133 2577 3310 2615 carne
3343 2560 3518 2616 adve-

1863 2645 2060 2701 nisset.
2094 2653 2519 2716 cognoverunt.
2557 2651 2619 2703 Et
2644 2648 2782 2703 hinc
2807 2655 2894 2704 est
2919 2649 3076 2720 quod
3111 2650 3185 2704 ad
3217 2651 3518 2721 apostolos

1861 2734 2146 2790 vicesimo
2201 2742 2415 2808 quarto
2464 2738 2634 2806 juxta
2710 2739 3040 2793 Mattheeum
3118 2738 3309 2809 capite
3371 2739 3518 2794 dixit

1863 2823 2150 2880 Christus.
2196 2825 2374 2879 Multi
2429 2827 2728 2896 propheta:
2753 2833 2808 2882 et
2833 2826 2995 2896 juxti
3031 2827 3514 2883 desideraverunt

1863 2913 2058 2968 videre
2088 2930 2206 2984 qua:
2232 2913 2439 2970 videtis
2471 2922 2521 2970 et
2547 2931 2664 2970 nou
2696 2915 2971 2972 viderunt
2999 2932 3011 2972 ε
3047 2921 3101 2973 et
3137 2917 3353 2972 audire
3381 2931 3515 2987 qum

1861 3001 2100 3069 auditis,
2132 3010 2183 3058 et
2209 3019 2326 3058 non
2345 3004 2673 3061 audierunt
2691 3006 2757 3060 ¹¹.
2793 3005 2965 3071 Quod
2988 3006 3035 3060 si
3058 3005 3256 3078 ipsum
3285 3021 3404 3060 non
3425 3021 3517 3060 co-

137 3097 381 3165 ἔγνωσαν
437 3093 611 3158 αὐτόν,
659 3094 753 3145 οὐκ
803 3093 836 3145 ἆ
892 3093 1223 3167 ἐπεθύμησαν
1273 3095 1422 3160 ἰδεῖν,
1484 3098 1552 3156 ὡς
1608 3096 1745 3166 εἷρη·

1886 3091 2226 3159 ςηονὶεεθηι,
2269 3107 2388 3147 non
2428 3092 2871 3150 desiderassent
2924 3095 3144 3161 videre,
3199 3099 3261 3150 ut
3291 3095 3517 3150 dictum

137 3202 246 3245 ται,
303 3186 405 3234 καὶ
462 3181 706 3235 ἀκοῦσαι.
761 3182 922 3236 Ὀστε
983 3186 1211 3255 ἔγνωσαν
1267 3187 1356 3256 μὲν
1413 3183 1586 3248 αὐτὸν,
1664 3188 1750 3236 καὶ

1886 3187 1965 3245 :st,
1999 3179 2333 3236 velaudire.
2366 3182 2571 3254 Itaque
2600 3190 3008 3255 cognoverunt
3048 3185 3292 3255 quidem
3352 3200 3517 3250 eum,

1863 3269 2108 3340 ejusque
2135 3270 2194 3326 in
2226 3285 2405 3326 carne
2447 3272 2816 3343 mysterium,
2857 3289 3062 3328 verum
3122 3273 3183 3327 id
3224 3289 3514 3344 superna-

1861 3357 2124 3414 turaliter
2156 3375 2168 3413 :
2195 3359 2684 3416 desideraverunt
2724 3366 2927 3418 autem
2972 3366 3027 3417 et
3057 3363 3418 3417 sensibiliter
3439 3363 3519 3417 vi-

1860 3445 2000 3502 dere
2025 3448 2221 3519 ipsum
2254 3450 2550 3506 mirabilia
2579 3457 2944 3522 operantem,
2992 3457 3048 3509 et
3079 3451 3287 3507 audire
3315 3453 3516 3524 ipsum

1861 3535 2197 3602 docentem,
2231 3543 2287 3594 et
2310 3539 2654 3610 simpliciter
2679 3541 2739 3595 in
2780 3541 3050 3597 humana
3082 3543 3295 3614 specie.

1932 3625 2276 3698 Intelligitur
2301 3644 2538 3700 quoque
2581 3631 2745 3702 quod
2777 3631 3122 3700 indignatus
3153 3631 3517 3700 evangelista

1861 3731 2042 3787 super
2081 3732 2289 3772 eorum
2343 3717 2603 3774 caecitate
2634 3719 2737 3792 qui
2802 3719 3003 3791 ipsum
3066 3720 3512 3791 ignoraverunt,

1859 3804 2000 3860 dicit
2032 3821 2044 3861 :
2086 3806 2162 3861 Et
2182 3808 2435 3863 mundus
2456 3824 2564 3878 per
2594 3809 2786 3878 ipsum
2820 3809 3025 3879 factus
3057 3815 3161 3875 est,
3191 3811 3517 3866 etmundus

1857 3911 1980 3951 eum
2009 3910 2126 3952 non
2156 3897 2429 3968 cognovit,
2460 3898 2573 3954 hoc
2593 3904 2703 3966 est,
2731 3898 2838 3967 Qui
2867 3899 2999 3955 facti
3023 3904 3182 3966 sunt,
3206 3900 3516 3956 Factorem

1858 3999 1977 4039 non
2012 3994 2438 4054 cognoverunt.

1930 4073 2092 4127 Vers.
2113 4075 2199 4128 tt.
2232 4075 2304 4130 In
2326 4080 2777 4146 -—receperunt.
2801 4077 2968 4132 Ahuc
2983 4077 3231 4132 verbum
3247 4076 3508 4148 amplius

1857 4160 2220 4220 manifestat.
2250 4167 2397 4220 Nam
2429 4181 2558 4228 sua,
2603 4165 2865 4220 mundus
2895 4170 3002 4229 est,
3041 4181 3258 4236 nempe
3288 4165 3517 4220 factura

1858 4249 2065 4320 ipsius.
2120 4253 2220 4309 Sui
2261 4270 2504 4326 quoque
2564 4259 2702 4309 sunt
2758 4254 3054 4322 homines,
3110 4258 3306 4323 utpote
3337 4253 3514 4307 etiam

1858 4354 2044 4410 opera
2068 4340 2277 4413 ipsius,
2312 4349 2368 4398 et
2389 4349 2678 4414 tanquam
2710 4343 2786 4398 ad
2825 4342 3010 4412 ipsius
3043 4341 3366 4409 imaginem
3392 4340 3514 4396 for-

1861 4434 2024 4491 mati.
2053 4432 2222 4489 Venit
2269 4431 2447 4502 igitur
2505 4431 2565 4486 in
2614 4447 2740 4500 eos,
2801 4430 2922 4486 sive
2964 4431 3040 4485 ad
3082 4445 3182 4485 eos
3223 4437 3512 4502 tanquam

1781 4498 1826 4552 Β
1857 4525 2041 4581 homo
2068 4540 2079 4577 :
2109 4498 2407 4595 siquid—em
2433 4525 2718 4592 tanquam
2752 4521 2920 4585 Deus,
2942 4519 3000 4574 in
3037 4519 3264 4574 mundo
3293 4524 3438 4574 erat.

1931 4612 2275 4668 Declaratur
2330 4616 2529 4667 autem
2597 4615 2653 4665 et
2707 4609 2822 4666 alio
2863 4609 3067 4674 modo,
3100 4609 3260 4680 quod
3291 4625 3360 4664 ex
3391 4624 3514 4680 quo

141 2397 282 2441 νους,
345 2383 467 2439 τοὺς
522 2386 625 2440 τοῖς
679 2380 948 2441 αἰσθητοῖς
997 2382 1274 2454 πράγμασι
1311 2385 1750 2454 προστετηκότας,

143 2473 228 2519 καὶ
291 2463 466 2540 μηδὲν
513 2469 638 2542 ὑπὲρ
685 2476 849 2520 ταῦτα
905 2477 1092 2526 νοῆσαι
1148 2465 1481 2540 δυναμένους.
1541 2471 1607 2520 Oi.
1651 2471 1750 2542 γὰρ

141 2562 210 2629 μὴ
275 2565 508 2610 τοιοῦτοι
567 2561 794 2628 ἔγνωσαν
847 2559 1001 2610 αὐτόν
1056 2563 1143 2610 καὶ
1203 2562 1300 2633 πρό
1356 2567 1448 2620 τῆς
1501 2557 1751 2631 ἐνσάρκου

143 2652 462 2719 παρουσίας.
526 2651 612 2700 Διό
671 2654 759 2701 καὶ
816 2647 862 2700 ἐν
925 2657 996 2719 τῷ
1049 2649 1268 2718 εἰκοστῷ
1322 2651 1549 2721 τετάρτῳ
1601 2669 1752 2719 κεφα-

138 2736 267 2809 λαίῳ
332 2744 426 2788 τοῦ
481 2740 612 2789 κατά
677 2740 940 2791 Ματθαὼν
997 2735 1105 2790 εἶπε
1157 2742 1288 2813 πρός
1344 2743 1462 2799 τοὺς
1524 2737 1750 2790 ἀποστό-

139 2825 310 2887 λονςό
355 2829 587 2900 Χριστὸς
664 2829 740 2879 ὅτι
819 2827 1001 2880 Ποῦ.οὶ
1055 2835 1324 2902 προφῆται
1392 2833 1480 2879 καὶ
1551 2825 1751 2879 δίκαιοι

139 2913 484 2987 ἓπεθυμησαν
540 2911 669 2968 ἰδεῖν
719 2915 754 2968 ἃ
819 2915 1049 2988 βλέπετε,
1115 2921 1205 2968 καὶ
1277 2917 1368 2968 οὐκ
1426 2912 1565 2969 εἶδον
1598 2937 1610 2949 ·
1664 2921 1751 2968 καὶ

139 3003 376 3057 ἀκουσαι
424 3003 458 3055 ἃ
503 3003 731 3069 ἀκούετε,
797 3011 882 3057 καὶ
944 3005 1037 3058 οὐκ
1094 3009 1348 3064 ἤκουσαν.
1408 3005 1466 3059 Εἰ
1515 3007 1615 3080 γὰρ
1676 3008 1746 3076 μὴ

135 3275 191 3324 τό
281 3279 382 3332 τῆς
468 3270 900 3346 ἐνανθρωπὴσιως
969 3273 1128 3325 αὐτοῦ
1220 3278 1535 3347 μυστήριον,
1619 3272 1750 3330 πλὴν

134 3363 419 3434 ὑπερφυῶς
451 3378 464 3390 ⁸
511 3361 841 3434 ἐπεθύμησαν
883 3359 940 3414 δὲ
979 3367 1068 3414 καὶ
1107 3362 1369 3422 αἰσθητῶς
1420 3358 1548 3414 ἰδεῖν
1598 3361 1750 3412 αὐτόν

137 3452 667 3524 θαυματουργοῦντα,
692 3456 780 3503 καὶ
813 3449 1034 3503 ἀκοῦσαι
1073 3451 1233 3503 αὐτοῦ
1264 3447 1633 3513 διδάσκοντος,
1662 3457 1750 3502 καὶ

133 3539 316 3601 ἁπλῶς
340 3539 395 3591 ἐν
427 3537 697 3612 ἀνθρώπου
730 3537 876 3592 εῖδει.

205 3637 430 3682 Νοείται
477 3625 535 3680 δὲ
573 3634 661 3680 καὶ
710 3631 788 3680 ὅτι
847 3626 1260 3700 δυσανασχετῶν
1306 3631 1330 3681 6
1380 3628 1750 3700 εὐαγγελιστὴς

132 3718 216 3770 ἐπὶ
291 3727 361 3791 τῇ
424 3724 662 3791 πωρώσει
726 3727 824 3770 τῶν
905 3718 1270 3790 ἀγνοησάντων
1351 3719 1523 3785 αὐτόν,
1596 3722 1746 3790 φησι,

137 3813 237 3860 Καὶ
283 3809 312 3860 6
345 3810 550 3878 κόσμος
598 3803 671 3858 δι’
708 3807 865 3859 αὐτοῦ
911 3805 1122 3875 ἐγένετο,
1177 3813 1267 3860 καὶ
1323 3809 1348 3859 ὁ
1405 3812 1602 3880 κόσμος
1660 3807 1750 3858 αὖ·

130 3900 217 3948 τὸν
250 3897 368 3969 οὐχ
413 3896 557 3967 ἔγνω,
593 3899 830 3948 τουτέστι
870 3901 967 3949 Τόν
1015 3901 1236 3956 ποιητὴν
1285 3897 1379 3949 οὐκ
1429 3900 1657 3968 ἔγνωσαν
1685 3899 1748 3950 τὰ

131 3992 440 4059 ποιήματα.

202 4076 303 4137 Εἰς
345 4106 422 4114 —
450 4073 754 4147 παρέλαϐον.
790 4072 905 4128 Ἔτι
954 4077 1228 4148 σαφηνίζει
1267 4080 1352 4128 τόν
1396 4075 1568 4146 λόγον.
1607 4071 1749 4129 Ἰδια

127 4169 218 4234 μὲν
250 4167 365 4239 γὰρ
405 4163 582 4229 αὐτοῦ,
617 4165 641 4216 6
672 4168 889 4236 κόσμος,
931 4166 1000 4225 ὡς
1030 4169 1233 4238 ποίημα
1263 4167 1373 4238 (28)
1413 4165 1590 4218 αὐτοῦ·
1618 4161 1749 4217 ἴδιοι

128 4251 188 4307 δε
223 4257 277 4307 οἱ
311 4255 603 4326 ἄνθρωποι,
639 4256 704 4314 ὡς
752 4259 839 4307 καὶ
883 4255 1026 4307 αὐτοὶ
1058 4260 1348 4326 ποιήματα,
1393 4261 1482 4307 καὶ
1522 4259 1589 4316 ὡς
1632 4258 1747 4306 κατ’

126 4346 309 4397 εἰκόνα
363 4344 524 4395 αὑτοῦ
576 4349 854 4416 γενόμενοι.
917 4343 1099 4397 Ἦλθεν
1153 4341 1239 4396 οὖν
1293 4345 1362 4406 εἰς
1418 4346 1626 4410 αὐτοὺς.
1680 4347 1748 4405 ὡς

126 4436 437 4508 ἄνθρωπος·
473 4436 539 4495 ὡς
578 4437 674 4508 γὰρ
703 4437 852 4500 Θεὸς,
887 4433 934 4485 ἐν
959 4442 1029 4504 τῷ
1056 4439 1240 4506 κόσμῳ
1270 4431 1351 4492 ἧν.

194 4615 582 4688 Ἐρμηνεύεται
646 4607 704 4664 δὲ
769 4617 858 4664 καὶ
927 4612 1044 4664 καθ’
1127 4613 1293 4684 ἕτερον
1359 4617 1565 4684 τρόπον,
1643 4615 1744 4672 ὃτι,

123 4703 238 4756 ἐπεὶ
293 4702 356 4766 ἐξ
400 4697 664 4755 Ἰουδαίων
717 4703 742 4752 ό
781 4705 1012 4774 Χριστός
1059 4700 1345 4760 ἐϐλάστησε
1383 4705 1513 4754 κατά
1555 4704 1745 4775 σάρκα,

120 4788 245 4845 ἴδια
295 4795 400 4865 μὶν
433 4791 595 4843 αὐτοῦ
651 4793 706 4843 αἱ
749 4787 1019 4864 διατριϐαὶ
1075 4793 1300 4843 τούτων’
1359 4787 1491 4844 ἶδιοι
1549 4789 1606 4843 δὲ
1654 4792 1747 4843 αὖ·

117 4887 226 4949 τοὶ,
309 4884 392 4942 ὡς
467 4887 728 4951 συγγενεῖς
795 4880 954 4932 αὑτοῦ
1017 4884 1107 4932 καὶ
1182 4879 1450 4952 ὁμόφυλοι.
1517 4883 1602 4932 Διὸ
1661 4885 1749 4932 καὶ

115 4970 324 5041 ἔλεγεν,
404 4968 515 5020 Οὐκ
573 4966 867 5027 ἀπεστάλην
923 4969 968 5020 εἰ
1013 4971 1084 5041 μή
1146 4967 1213 5028 εἰς
1263 4971 1329 5020 τὰ
1389 4967 1624 5042 πρόϐατα
1688 4971 1751 5020 τὰ

113 5058 449 5113 ἀπολωλότα
514 5060 658 5110 οἴκου
730 5056 964 5132 Ἰσραήλ.
1045 5057 1129 5117 Εἰς
1197 5059 1264 5110 τὰ
1329 5053 1448 5111 ἴδια
1505 5060 1596 5131 μὶν
1661 5053 1749 5111 οὖν

188 5239 238 5276 ιι
272 5233 495 5292 Matth.
518 5249 636 5304 xui,
661 5236 752 5292 17.
830 5235 878 5270 ¹²
908 5233 1108 5292 Matth.
1140 5249 1238 5304 xv,
1265 5234 1354 5291 24.

1860 4703 2119 4760 Christus
2171 4718 2204 4756 a
2260 4700 2476 4755 JUdtBlS
2532 4699 2862 4755 secundum
2893 4713 3132 4753 carnem
3184 4703 3360 4753 natus
3400 4707 3509 4764 est,

1861 4808 1970 4848 sua
1999 4796 2156 4856 sunt,
2200 4791 2415 4846 horum
2467 4787 2957 4844 conversationes
2994 4803 3006 4842 :
3057 4787 3148 4842 sui
3198 4803 3359 4856 vero,
3401 4787 3512 4860 ipsi

1859 4887 2016 4946 sunt,
2043 4887 2331 4952 tanquam
2364 4879 2550 4951 ipsius
2576 4877 2833 4948 cognati,
2875 4876 3272 4950 ejusdemque
3301 4878 3511 4948 gentis.

1862 4973 2010 5027 Nam
2049 4970 2248 5042 etipse
2265 4968 2414 5024 dixit
2446 4985 2458 5023 :
2492 4969 2624 5024 Non
2661 4983 2788 5023 sum
2828 4967 3044 5023 missus
3078 4965 3199 5023 nisi
3258 4968 3338 5022 ad
3389 4981 3513 5023 oves

1858 5059 2121 5130 perditas
2138 5059 2341 5115 domus
2359 5057 2537 5114 Israel
2570 5058 2615 5093 ¹²
2647 5057 2709 5111 In
2729 5071 2840 5112 sua
2870 5055 3049 5127 igitur
3071 5056 3248 5121 venit,
3281 5070 3403 5112 non
3433 5054 3512 5112 ob

1367 5437 1591 5507 Variae
1621 5438 1948 5507 lectiones
1986 5446 2053 5507 et
2094 5447 2294 5506 notae.

185 5667 319 5733 (25)
370 5669 456 5722 Μή
495 5661 716 5720 omittit
738 5663 804 5718 Α.

185 5672 292 5733 (25
370 5669 456 5722 Μή
495 5667 716 5720 omittit
738 5667 804 5718 A.

184 5667 320 5812 (26;
373 5735 508 5792 Hec
537 5739 785 5806 uterque
813 5731 998 5790 codex
1027 5734 1088 5788 in
1118 5734 1390 5804 margine
1419 5732 1616 5790 habet.

1923 5663 2037 5734 (27)
2067 5663 2251 5718 Etiam
2281 5662 2401 5719 haec
2428 5666 2486 5718 in
2539 5664 2830 5734 margine.

1919 5735 2036 5806 (28)
2065 5739 2192 5792 Ποιή
2199 5754 2342 5807 ματα
2371 5742 2424 5790 Β.
