3994 6218
527 286 670 342 1119

1860 281 2205 338 EUTHYMII
2249 282 2579 340 ZIGABENI

3724 295 3738 348 i
3751 295 3828 351 120

527 413 836 487 propriam
888 413 1303 468 necessitatem
1342 428 1355 477 ;
1392 414 1542 465 Deus
1569 410 1723 466 enim
1758 409 1979 464 nullius
2011 415 2143 479 eget
2173 427 2185 466 :

2304 408 2450 469 ἦλθεν
2508 413 2612 484 οὐχ
2683 415 2840 465 ἕνεκεν
2922 408 3063 474 ἰδίας
3132 418 3337 485 χρείας·
3406 410 3624 476 ἀνενδεὴς
3680 422 3760 492 γὰρ
3816 423 3833 471 6

527 504 634 559 sed
662 509 898 575 propter
930 520 1175 557 suorum
1227 501 1500 556 salutem.
1533 500 1630 555 Sui
1667 507 1862 556 autem
1905 515 2033 555 eum
2074 517 2188 554 non

532 597 894 662 receperunt,
912 608 1047 645 cum
1067 593 1321 646 venisset
1350 596 1411 644 ut
1430 589 1512 645 eis
1544 589 1833 644 beneﬁcia
1857 594 2186 660 praestaret,

532 681 636 737 sed
665 697 823 736 more
863 680 1280 736 insanientium
1324 680 1690 736 Salvatorem
1749 684 2035 751 tanquam
2083 678 2187 732 ini.

533 770 743 824 micum
778 770 1145 840 abjecerunt.

604 859 768 914 Vers.
793 862 876 914 12.
897 860 1180 930 Quotquot
1201 892 1265 898 —
1289 862 1433 928 ejus.
1453 891 1520 899 —
1540 859 1825 930 Quotquot
1848 864 2188 924 receperunt

533 965 688 1019 eum,
717 948 1097 1018 suscipiendo
1130 949 1459 1003 doctrinam
1496 949 1704 1019 ipsius,
1747 948 1899 1002 dedit
1926 947 2006 1002 eis
2030 954 2190 1014 pote-

529 1039 903 1107 statemﬁlios
934 1039 1217 1106 Dei/ieri:
1256 1054 1370 1091 non
1399 1038 1596 1092 statim
1618 1037 1748 1092 fecit
1768 1053 1867 1091 eos
1891 1035 1986 1090 Dei
2017 1035 2187 1090 tilios.

529 1143 602 1182 ne
637 1143 740 1198 per
770 1128 1073 1195 ignaviam
1110 1127 1359 1199 perdant
1391 1127 1663 1196 gratiam,
1724 1126 1829 1180 sed
1862 1125 2021 1180 dedit
2046 1125 2191 1195 ipsis

530 1221 880 1288 potestatem
916 1217 1037 1272 fieri
1070 1234 1187 1288 quo
1217 1216 1621 1285 diligentiores
1663 1215 2007 1270 reddantur.

602 1485 752 1552 Quid
806 1500 950 1556 ergo
974 1489 997 1535 ?
1026 1499 1224 1539 nonne
1247 1499 1457 1537 omnes
1491 1489 1838 1555 potestatem
1882 1483 2105 1538 habent
2133 1488 2196 1538 ut

528 1575 633 1630 ﬁlii
663 1575 761 1629 Dei
803 1574 949 1629 ﬁant
978 1574 1005 1628 Τ
1031 1576 1154 1628 Non
1188 1589 1416 1638 omnes,
1472 1573 1572 1628 sed
1607 1573 1664 1626 lii
1703 1579 1931 1627 tantum
1972 1572 2193 1644 quibus

529 1664 729 1719 datum
746 1668 864 1718 est:
895 1663 1088 1717 solum
1122 1666 1316 1716 autem
1352 1661 1558 1716 clatum
1594 1668 1680 1714 est
1711 1660 2092 1716 credentibus
2133 1661 2190 1715 in

527 1753 747 1824 ipsum.
784 1751 918 1806 Ideo
971 1767 1205 1822 quoque
1262 1749 1654 1805 manifestans
1687 1749 1913 1820 quibus
1942 1750 2185 1817 dederit,

2307 1757 2602 1824 σαφηνίζων
2691 1757 2827 1804 τίσιν
2903 1749 3111 1817 ἔδωκεν,

529 1843 749 1906 subdit,
804 1841 1187 1897 Credentibus
1238 1839 1298 1894 in
1352 1854 1564 1894 nomen
1616 1840 1754 1909 ejus,
1812 1839 1927 1894 hoc
1982 1844 2088 1903 est,
2135 1840 2191 1894 in

525 1915 739 2003 ipsum,
771 1932 974 2002 itaque
1005 1929 1184 2000 ipsius
1216 1929 1454 2000 quidem
1511 1934 1596 1982 cst
1646 1928 1787 1982 dare
1817 1934 2189 2000 potestatem,

547 2019 760 2075 llorum
786 2035 950 2083 vero,
986 2018 1066 2072 uti
1094 2035 1182 2072 ea.

595 2109 764 2165 Aliud
793 2115 878 2163 est
903 2112 1101 2164 autem
1135 2123 1242 2180 per
1278 2107 1651 2177 baptismum
1685 2105 1950 2177 aliquem
1981 2123 2013 2160 a
2071 2107 2190 2162 Deo

525 2199 818 2270 adoptari,
855 2203 910 2252 et
932 2197 1090 2252 aliud
1117 2213 1221 2268 per
1243 2196 1725 2267 evangelicorum
1751 2201 2188 2267 praeceptorum

525 2287 967 2344 observantiam
1008 2285 1196 2341 ﬁlium
1256 2285 1350 2340 Dei
1411 2284 1534 2340 ﬁeri
1572 2301 1585 2350 ;
1621 2299 1750 2340 nam
1783 2283 1927 2340 illud
1981 2285 2193 2356 princi-

528 2378 692 2450 pium
719 2382 825 2441 est,
866 2377 1195 2431 hocautem
1224 2375 1358 2429 ﬁnis
1389 2381 1480 2430 :et
1506 2375 1648 2429 illud
1675 2389 1818 2429 sane
1845 2375 1940 2430 Dei
1966 2375 2190 2430 donum

530 2470 636 2531 est,
678 2467 793 2521 hoc
826 2481 962 2520 vero
994 2464 1166 2519 studii
1189 2463 1421 2519 facinus
1449 2463 1779 2534 egregium.

598 2558 758 2610 Vers.
799 2559 877 2610 t3.
932 2555 1046 2620 Qui
1097 2585 1158 2594 -—
1217 2553 1349 2608 ηαιὶ
1387 2560 1542 2607 sunt.
1611 2553 1892 2607 Attenuat
1945 2553 2190 2624 quidem

528 2646 860 2702 humanam
882 2643 1324 2713 generationem
1351 2649 1640 2714 tanquam
1670 2643 2030 2707 naturalem,
2056 2658 2190 2697 eam

527 2751 665 2790 vero
692 2750 826 2807 quae
859 2749 928 2789 ex
962 2734 1079 2788 Deo
1110 2738 1218 2798 est,
1261 2731 1485 2788 extollit
1518 2738 1808 2804 tanquam
1841 2738 2188 2804 supernatu-

522 2824 728 2893 ralem,
754 2831 816 2879 ut
846 2823 1082 2893 cognita
1113 2821 1443 2892 dejectione
1478 2821 1701 2892 primae,
1744 2827 1800 2875 et
1831 2821 2187 2877 exaltatione

523 2913 820 2978 secundae,
856 2912 1148 2968 intellecta
1181 2926 1424 2983 quoque
1453 2909 1723 2965 beneﬁcii
1751 2911 2186 2980 magnitudine,

522 3004 701 3074 digne
719 3005 940 3076 gratias
957 3017 1229 3071 agamus,
1253 3006 1310 3055 et
1330 2999 1665 3056 laboremus
1682 3017 1753 3056 ne
1769 3003 1963 3072 ipsum
1979 3005 2186 3056 nostra

521 3093 763 3163 ignavia
793 3091 1145 3164 perdamus.

592 3184 727 3238 Cum
761 3185 957 3236 autem
989 3173 1395 3234 dixisset.Non
1411 3193 1484 3234 ex
1501 3177 1900 3248 sanguinibus,
1932 3177 2183 3248 subjecit

521 3270 920 3336 manifestius,
946 3270 1142 3340 Neque
1164 3283 1239 3324 ea;
1266 3268 1570 3324 voluntate
1589 3267 1802 3323 carnis.
1825 3267 2045 3322 Deinde
2067 3266 2181 3322 hoc

521 3361 698 3417 etiam
721 3360 942 3432 ampliu
954 3377 979 3413 s
997 3360 1408 3431 interpretatur
1423 3355 1670 3421 addens,
1687 3358 1891 3428 Neque
1903 3371 1977 3413 ea:
1992 3357 2182 3412 volun-

523 3455 634 3508 tate
660 3450 793 3505 viri.
824 3450 1079 3517 Sanguis
1101 3447 1260 3502 enim
1306 3451 1365 3500 et
1390 3461 1530 3502 caro
1556 3446 1642 3501 vir
1663 3452 1770 3500 est.
1807 3445 2181 3502 Voluntatem

523 3556 678 3605 vero,
716 3538 986 3608 intelligit
1018 3553 1180 3593 nunc
1221 3536 1406 3591 coitus
1433 3534 2002 3608 concupiscentiam.

595 3719 704 3788 ++
746 3719 956 3773 Semen
1010 3715 1291 3770 nimirum
1346 3713 1618 3768 divinum
1678 3712 1912 3768 intravit
1963 3729 2032 3768 ac
2073 3714 2182 3772 sibi

525 3805 1158 3867 confortavitcarnem,
1183 3810 1375 3858 mente
1399 3801 1668 3858 rationali
1697 3801 2026 3874 praeditam,
2060 3819 2181 3858 non

526 3901 588 3951 ut
619 3896 942 3960 seminans,
975 3893 1078 3948 sed
1111 3899 1172 3948 ut
1228 3908 1456 3958 creans,
1503 3908 1612 3946 nec
1662 3891 1764 3954 ita,
1799 3897 1858 3945 ut
1890 3891 2178 3963 paulatim

523 3984 752 4057 aliquid
769 3983 1104 4048 adderetur,
1122 3989 1298 4055 atque
1330 3983 1408 4038 ita
1444 3981 1634 4038 forma
1655 3979 2052 4053 perﬁceretur,
2079 3981 2183 4038 sed

522 4073 719 4132 statim
752 4075 809 4129 in
855 4072 1149 4146 principio
1191 4077 1307 4127 tota
1363 4072 1557 4126 forma
1619 4069 1840 4125 exstitit
1898 4071 2180 4142 perfecta,

523 4163 702 4221 crevit
731 4169 922 4219 tamen
958 4163 1032 4217 ad
1072 4162 1319 4218 modum
1355 4160 1780 4232 embryonum.
1813 4163 1958 4215 Nam
1993 4166 2048 4216 et
2087 4177 2184 4216 ve-

521 4259 618 4310 tus
650 4254 842 4310 Adam
877 4252 1076 4308 statim
1109 4251 1300 4306 forma
1341 4250 1574 4305 efﬁctus
1608 4254 1694 4304 est
1723 4248 2001 4320 perfecta.

594 4345 755 4400 Vers.
788 4344 971 4400 14.Ει
1001 4374 1064 4382 -
1103 4343 1335 4410 factum
1369 4347 1467 4395 est.
1501 4339 1536 4406 Τ
1576 4342 1700 4394 Non
1734 4342 1965 4411 poterat
2013 4337 2184 4393 aliter

2304 507 2431 562 Θεὸς
2465 520 2475 530 °
2525 501 2631 553 ἀλλ’
2664 505 2821 554 ἕνεκεν
2853 503 2948 562 τῆς
2991 512 3087 553 τῶν
3136 499 3282 554 ἰδίων
3337 509 3607 576 σωτηρίας.
3655 509 3708 558 Oi
3735 505 3832 559 ῐνῖιοι

2304 587 2361 643 δὲ
2429 591 2582 642 αὐτὸν
2650 592 2707 642 οὐ
2762 588 3130 664 παρεδέξαντο,
3192 590 3488 662 ἀφικόμενον
3553 591 3622 644 ἐπ’
3675 596 3833 667 εὐεργε-

2305 685 2395 752 σίᾳ
2417 683 2607 731 τούτων
2643 700 2653 712 '
2699 679 2823 731 ἀλλά
2855 680 3207 755 φρενοϐλαϐὡς
3237 683 3323 731 τὸν
3354 688 3560 754 Σωτῆρα
3600 683 3660 744 ὡς
3687 683 3835 757 ἐχθρὸν

2303 767 2598 822 ἀπώσαντο.

2371 859 2525 910 Ὀσοι
2578 891 2643 898 —-
2693 859 2874 914 αὐτοῦ.
2951 891 3016 899 -
3071 858 3228 911 Ὀσοι
3282 855 3340 911 δὲ
3396 856 3713 934 παρεδέξαντο
3774 864 3840 915 αὖ·

2302 953 2406 1012 τὸν,
2469 946 2560 1000 δ’ιά
2599 958 2689 1000 τοῦ
2741 945 3140 1022 παραδέξασθαι
3173 953 3265 1004 τὴν
3320 946 3654 1001 διδασκαλίαν
3699 952 3838 1014 αὖτοῡ,

2304 1034 2489 1090 ἔδωκεν
2594 1038 2771 1098 αὐτοῖς
2866 1037 3102 1100 ἐξουσίαν
3188 1042 3339 1089 τέκνα
3436 1043 3557 1092 Θεοῦ
3627 1044 3839 1110 γενέσθαι.

2304 1129 2413 1180 Οὐκ
2469 1128 2613 1188 εὐθὺς
2668 1124 2724 1180 δὲ
2765 1127 3003 1186 ἐποίησεν
3058 1129 3246 1188 αὐτοὺς
3296 1132 3444 1180 τέκνα
3500 1137 3640 1190 Θεοῦ,
3689 1132 3755 1180 ἶνα
3788 1138 3838 1202 μὴ

2301 1219 2702 1291 ῥαθυμὰσαντες
2777 1216 3070 1269 ἀπολέσωσι
3133 1223 3228 1276 τὴν
3306 1221 3487 1292 χάριν,
3543 1217 3642 1268 ἀλλ’
3698 1218 3840 1272 ἔδωκεν

2304 1307 2477 1367 αὐτοῖς
2564 1307 2803 1369 ἐξουσίαν
2882 1309 3143 1378 γενέσθαι,
3215 1310 3298 1358 ἵνα
3370 1304 3738 1371 σπουδάσαντες
3782 1317 3842 1380 γε·

2307 1416 2512 1447 νωνται.

2372 1491 2434 1537 Τί
2482 1483 2690 1550 omne}
2739 1487 2919 1545 πάντες
2973 1489 3190 1556 ἔχουσιν
3248 1485 3488 1548 ἐξουσίαν
3543 1490 3682 1538 τέκνα
3744 1495 3846 1538 Θεοῦ

2302 1577 2579 1646 γενέσθαη
2615 1574 2688 1626 Οὐ
2746 1577 2948 1640 πάντες,
3007 1575 3048 1626 εἰ
3093 1580 3161 1645 μὴ
3215 1577 3291 1637 οἶς
3340 1576 3468 1632 αὕτη
3517 1571 3749 1627 δέδοται·
3788 1572 3847 1625 6e-

2306 1660 2458 1714 δοται
2499 1659 2557 1715 δὲ
2606 1671 2780 1734 μονοις
2821 1671 2927 1725 τοῖς
2967 1667 3304 1716 πιστεύουσαν
3345 1665 3417 1726 εἰς
3463 1664 3628 1716 αὐτόν.
3674 1668 3746 1716 Διὸ
3784 1668 3849 1714 καὶ

3187 1752 3443 1823 ἐπήγαγεν
3502 1756 3576 1804 ὁτι
3630 1761 3736 1813 Τοῖς
3788 1772 3847 1802 πι-

2306 1844 2576 1892 στεύουσιν
2626 1841 2694 1901 εἰς
2743 1846 2800 1893 τὸ
2838 1846 2996 1913 ὄνομα
3043 1842 3221 1904 αὐτοῦ,
3282 1845 3549 1893 τουτέστιν
3603 1842 3666 1904 εἰς
3710 1841 3847 1892 αὐτον.

2300 1930 2458 1982 Ὠστε
2511 1931 2668 1981 αὐτοῦ
2729 1936 2816 2002 μέν
2868 1932 2981 1982 ἐστι
3034 1934 3088 1982 τὸ
3149 1927 3436 2003 δωρεῖσθαι
3491 1937 3578 1987 τήν
3630 1932 3848 2003 εἰρημένην

2303 2020 2558 2083 ἐξουσίαν,
2594 2020 2760 2071 αὐτῶν
2795 2016 2852 2072 δὲ
2884 2023 2940 2070 τὸ
2971 2021 3288 2091 χρήσασθαι
3321 2023 3512 2091 ταύτῃ.

2368 2106 2575 2182 Ἕτερον
2627 2106 2685 2160 δὲ
2741 2113 2798 2160 τὸ
2849 2105 2941 2160 διὰ
2991 2107 3355 2180 βαπτίσματος
3400 2110 3850 2166 υἱοθετηθῆναίτινα

2300 2202 2430 2267 Θεῷ,
2485 2203 2574 2249 καὶ
2626 2199 2792 2271 ἕτερον
2850 2201 2907 2248 τὸ
2966 2195 3057 2250 διὰ
3121 2198 3353 2270 φυλακῆς
3411 2207 3510 2250 τῶν
3565 2195 3846 2266 datr/72111632

2301 2287 2512 2338 ἐντολῶν
2572 2291 2740 2338 τέκνον
2799 2292 2927 2340 Θεοῦ
2982 2289 3224 2359 ’γενέσθαι
3267 2305 3278 2316 ·
3313 2291 3372 2338 τὸ
3433 2291 3522 2358 μὲν
3575 2290 3666 2358 γὰρ
3719 2284 3847 2357 ἀρχὴ,

2300 2379 2357 2427 τὸ
2387 2372 2446 2428 δὲ
2473 2375 2626 2436 τέλος·
2659 2382 2746 2428 καὶ
2785 2381 2842 2428 τὸ
2876 2381 2965 2448 μὲν
2997 2373 3164 2450 δῶρον
3195 2381 3341 2441 Θεοῦ,
3394 2381 3452 2428 τὸ
3501 2373 3557 2428 δε
3594 2376 3848 2445 κατόρθωμα

2303 2463 2565 2525 σπουδῆς.

2372 2554 2437 2606 Οἱ
2481 2587 2548 2594 -
2599 2554 2966 2626 ἐγεννήθησαν.
3020 2555 3280 2615 Εὐτελίζει
3328 2559 3422 2626 μὲν
3472 2559 3563 2611 τὴν
3614 2552 3659 2615 ἐξ
3702 2551 3849 2623 ἀνθρώ-

2299 2663 2406 2695 πων
2473 2648 2710 2714 γέννησιν
2775 2647 2844 2705 ὡς
2908 2649 3134 2716 φυσικὴν
3167 2661 3177 2672 ⁸
3226 2642 3506 2715 μεγαλύνει
3584 2639 3638 2694 δε
3687 2645 3762 2698 τὴν
3810 2638 3848 2690 ἐκ

2301 2739 2433 2782 Θεοῦ
2483 2735 2547 2792 ὡς
2591 2734 2848 2804 ὑπερφυῆ,
2911 2735 2992 2784 ἱνα
3044 2738 3101 2786 τό
3153 2753 3205 2784 τε
3253 2738 3495 2785 ταπεινὸν
3543 2740 3632 2793 τῆς
3667 2738 3847 2803 πρώτης,

2298 2825 2386 2871 καὶ
2431 2825 2488 2872 τὸ
2534 2820 2731 2891 ὑψηλὸν
2774 2831 2867 2882 τῆς
2935 2819 3181 2896 δευτέρας
3224 2823 3632 2892 καταμαθόντες,
3679 2823 3754 2870 καὶ
3801 2821 3841 2866 τὸ

2299 2911 2507 2980 μέγεθος
2565 2920 2653 2970 τῆς
2708 2911 3005 2984 εὐεργεσίας
3073 2910 3388 2982 ἐπιγνόντες,
3466 2909 3614 2972 ἀξίως
3675 2909 3846 2977 εὐχαρι-

2299 3008 2498 3072 στὼμεν
2553 3005 2642 3052 καὶ
2712 2999 3086 3072 ἀγωνιζώμεθα
3139 3003 3209 3073 μὴ
3265 2998 3523 3052 ἀπολέσαι
3582 3002 3749 3053 ταύτην
3808 2994 3846 3045 ἐκ

2294 3089 2570 3162 ῥᾳθυμίας.

2369 3179 2536 3230 Εἰπὼν
2603 3174 2661 3230 δὲ
2719 3179 2798 3230 ὅτι
2854 3178 2964 3230 Οὐκ
3031 3177 3084 3240 ἓξ
3155 3181 3414 3250 αἱμάτων,
3482 3177 3688 3249 ἐπήγαγε
3733 3191 3843 3245 φοινι-

2295 3274 2511 3343 ρωτερον
2568 3269 2648 3320 ὃτι
2705 3264 2846 3320 Οὐδὲ
2917 3267 2970 3319 ἐκ
3027 3267 3308 3329 θελήματος
3368 3277 3578 3342 σαρκός.
3636 3265 3743 3318 Εἶτα
3781 3268 3845 3313 καὶ

2294 3365 2448 3409 τοῦτο
2497 3357 2793 3432 τελεώτερον
2848 3360 3226 3430 ἕφηρμήνευσε,
3301 3359 3556 3432 προσθεὶς
3618 3357 3688 3406 ὃτι
3739 3346 3843 3403 Οὗδι

2295 3445 2349 3498 ἐκ
2405 3447 2689 3519 θελήματος
2738 3443 2942 3518 ἀνδρὸς.
2997 3447 3138 3518 Αἷμα
3191 3449 3288 3519 γὰρ
3340 3451 3435 3498 καὶ
3495 3445 3620 3519 σάρξ
3666 3445 3688 3494 6
3730 3441 3842 3512 ἀνήρ·

2295 3535 2503 3607 Θέλημα
2551 3533 2609 3588 ὁὶ
2659 3543 2743 3587 νῦν
2799 3540 2903 3587 νόει
2959 3540 3053 3592 τὴν
3103 3534 3408 3607 ἐπιθυμίαν,
3466 3539 3557 3592 τὴν
3613 3533 3715 3604 (29)
3758 3548 3844 3580 σνν-

2297 3630 2501 3680 ουσίαν,

2365 3713 2557 3786 [Οἰονεὶ
2615 3714 2728 3784 (30)
2785 3715 2918 3774 θεῖος
2977 3717 3187 3785 σπόρος,
3251 3713 3498 3766 εἰσελθὼν
3555 3717 3634 3763 καὶ
3685 3711 3843 3778 mumi-

2296 3803 2387 3865 ξας
2436 3803 2599 3854 ἑαυτώ
2645 3804 2816 3873 σάρκα
2860 3802 2971 3872 (3i)
3011 3801 3361 3874 ἐψυχωμένην
3415 3802 3566 3873 ψυχῇ
3613 3801 3764 3870 λογικῇ
3805 3811 3840 3844 τί

2294 3898 2382 3944 καὶ
2439 3898 2606 3964 νοερᾴ,
2653 3891 2710 3943 οὗ
2763 3900 3148 3966 σπερματικῶς,
3201 3890 3330 3942 ἀλλὰ
3385 3888 3761 3964 δημιουργικῶς,
3798 3881 3837 3932 οὗ

2294 3989 2403 4042 ταῖς
2463 3985 2593 4032 κατά
2657 3984 2841 4054 μικρὸν
2909 3983 3236 4054 προσθήκαις
3313 3979 3710 4054 ἀπαρτιζομενον
3775 3975 3836 4021 τοῦ

2297 4077 2599 4144 σχήματος,
2653 4069 2759 4120 ἀλλ’
2832 4071 2952 4142 ὑφεν
3003 4070 3355 4130 τελειωθέντος
3417 4069 3504 4121 ἀπ’
3557 4067 3727 4140 ἀρχῆς,
3772 4057 3835 4110 εἶτ’

2294 4161 2533 4223 αὔξοντος
2564 4165 2700 4232 νόμῳ
2732 4166 2830 4210 τῶν
2868 4157 3119 4234 ἐμϐρύων.
3176 4163 3276 4212 Καὶ
3319 4161 3428 4233 γὰρ
3480 4163 3564 4209 καὶ
3611 4157 3632 4207 6
3676 4151 3834 4204 παλαιὸς

2295 4246 2469 4321 Ἀδὰμ
2499 4249 2686 4308 τέλειος
2712 4252 2769 4300 τὸ
2795 4256 2987 4320 σχῆμα
3007 4251 3282 4320 καταρχὰς
3313 4246 3601 4318 ἐπλάσθη]

2367 4344 2467 4392 Καὶ
2503 4371 2567 4378 -
2612 4337 2822 4409 ἐγένετο.
2867 4337 3002 4410 [Οὔκ
3043 4337 3155 4409 (3'2)
3209 4336 3380 4398 ἄλλως
3433 4339 3534 4389 οἷον
3585 4353 3631 4386 τε
3677 4328 3724 4387 ἓν
3768 4331 3831 4380 τήν

525 4434 625 4490 Dei
665 4449 804 4504 erga
835 4449 944 4488 nos
997 4430 1227 4486 dilectio
1281 4430 1363 4484 ita
1403 4427 1784 4492 manifestari,
1839 4428 1991 4483 sicut
2031 4427 2182 4483 facta

2299 4437 2382 4480 τοῦ
2431 4434 2557 4482 Θεοῦ
2613 4426 2914 4486 δηλωθῆναι
2965 4433 3083 4499 περὶ
3155 4428 3290 4498 ἡμᾶς
3357 4427 3565 4498 ἀγάπην
3617 4425 3642 4480 ἦ
3689 4421 3732 4470 ἔκ
3769 4421 3830 4466 τοῦ

525 4523 722 4579 carnis
746 4523 1044 4578 mentione
1083 4537 1095 4576 :
1131 4525 1186 4576 et
1216 4518 1378 4592 quod
1432 4523 1676 4590 propter
1726 4533 1838 4573 nos
1884 4533 2074 4588 usque
2105 4516 2181 4572 ad

525 4611 583 4668 id
612 4613 773 4683 quod
799 4613 969 4683 pejus
1008 4616 1094 4666 est
1127 4627 1253 4666 sese
1308 4608 1587 4679 deiecerit
1623 4626 1635 4663 :
1693 4624 1831 4664 caro
1885 4605 2182 4680 siquidem

527 4701 697 4768 longe
723 4701 896 4756 vilior
935 4707 1021 4756 est
1067 4702 1290 4756 anima.

602 4789 710 4844 Ubi
763 4788 1007 4845 dixisset
1057 4791 1323 4846 homines
1379 4805 1445 4843 ex
1517 4791 1633 4844 Deo
1693 4793 1860 4842 natos
1912 4802 2062 4851 esse,
2108 4788 2187 4849 ait

527 4878 736 4935 Filium
767 4880 943 4934 etiam
975 4878 1071 4932 Dei
1098 4878 1318 4934 factum
1353 4893 1480 4932 esse
1534 4876 1862 4932 hominem.
1898 4879 2041 4932 Nam
2075 4876 2189 4932 hoc

524 4967 747 5024 indicat
767 4967 930 5041 quod
947 4968 1028 5023 ait
1074 4979 1090 5029 :
1131 4967 1369 5024 Verbum
1401 4982 1538 5023 caro
1559 4967 1790 5036 factum
1832 4972 1908 5021 est
1938 4979 1950 5020 :
1984 4971 2049 5021 ut
2086 4965 2187 5037 qui

522 5053 669 5114 illud
691 5057 1124 5124 admirabatur,
1152 5057 1342 5127 magis
1365 5058 1535 5112 etiam
1561 5056 1678 5112 hoc
1705 5055 1956 5120 miretur,
1985 5060 2188 5126 utpote

2293 4520 2707 4590 μνημονευθῆναι
2755 4521 2848 4574 τὴν
2901 4518 3090 4590 σάρκα,
3139 4521 3226 4568 καὶ
3273 4517 3358 4568 ὃτι
3411 4512 3483 4568 δι’
3531 4515 3650 4585 ὑμᾶς
3687 4500 3827 4558 κατεῖτ

2295 4613 2457 4682 μέχρι
2505 4610 2619 4676 (33)
2670 4615 2760 4658 του
2815 4609 3098 4679 χείρονος·
3135 4604 3269 4678 σάρξ
3322 4609 3429 4676 γὰρ
3481 4604 3647 4675 ψυχῆς
3691 4593 3830 4649 εὐτελε-

2299 4694 2522 4769 στερον.]

2368 4786 2595 4857 Εἰρηκὼς
2651 4786 2729 4836 ὅτι
2781 4785 2828 4835 οἱ
2885 4784 3147 4854 ἄνθρωποι
3212 4782 3266 4834 ἐκ
3326 4789 3458 4836 Θεοῦ
3533 4777 3822 4850 ἐγεννήθξπν-

2300 4881 2456 4945 φησὶν
2505 4877 2582 4926 ὅτι
2629 4879 2717 4925 καὶ
2766 4875 2790 4924 6
2840 4875 2959 4934 Υἱὸς
3009 4881 3099 4924 τοῦ
3160 4880 3293 4926 Θεοῦ
3361 4875 3619 4944 ἀνθρωπῦς
3664 4866 3820 4932 εῆένετΤ

2299 4974 2448 5017 τουτο
2503 4968 2600 5036 γάρ
2647 4960 2799 5022 δηλοῖ
2853 4965 2931 5026 τὸ,
2995 4963 3104 5016 Καὶ
3161 4963 3185 5013 6
3259 4968 3429 5033 Λόγος
3494 4958 3612 5031 σὰρξ
3667 4952 3818 5022 ἐγενετο·

2299 5055 2399 5106 οἱπό
2431 5059 2616 5128 μέρους
2659 5057 2716 5105 τὸ
2765 5059 2864 5106 πᾶν
2898 5070 2909 5081 '
2944 5055 3031 5104 ἵνα
3077 5052 3189 5122 (31)
3237 5053 3523 5124 θαυμάζων
3569 5045 3663 5117 (35)
3706 5039 3817 5090 ἐκεῖνο

1744 5232 1969 5302 Variae
2012 5234 2336 5300 lectiones
2379 5244 2437 5299 et
2488 5241 2687 5300 notae.

621 5455 710 5522 29)
742 5460 849 5512 Τῆς
893 5451 1173 5512 συνουσίας
1207 5449 1439 5504 videtur
1469 5448 1678 5522 legisse
1696 5449 2041 5506 Hentenius.

621 5455 710 5522 29)
742 5460 849 5512 Τῆς
893 5455 1173 5512 συνουσίας
1207 5455 1439 5504 videtur
1469 5455 1678 5516 legisse
1696 5455 2041 5506 Hentenius.

597 5455 711 5597 (30)
746 5528 877 5580 Haec
912 5528 1160 5597 uterque
1199 5522 1255 5575 in
1316 5521 1605 5597 margine.
1671 5523 2186 5597 Henteniuspror-

529 5590 630 5653 sus
653 5590 772 5652 non
805 5590 1099 5663 agnoscit.
1126 5595 1291 5648 Forte
1313 5593 1496 5648 etiam
1532 5592 1683 5662 Ιιωο,
1716 5598 1780 5648 ut
1809 5590 2102 5657 difficilia,
2129 5592 2191 5646 in

536 5665 1020 5734 interpretatione
1053 5665 1444 5734 prtetermisit.

607 5738 719 5810 (3|)
751 5738 1168 5810 Ἐμψυχωμένην
1207 5741 1245 5790 Α
1256 5777 1266 5789 ,

2370 5447 2482 5519 (3'2)
2526 5446 2718 5502 Codex
2757 5450 3001 5519 uterque
3030 5446 3086 5502 in
3124 5446 3420 5516 margine.

2372 5520 2485 5588 (33)
2528 5523 2706 5591 Μέχρι
2731 5523 2818 5570 καὶ
2845 5527 2955 5573 τοῦ.
2991 5525 3047 5572 Β.

2374 5592 2487 5660 (34)
2527 5589 2587 5644 Ὁ
2621 5589 2867 5645 abestA.

2378 5661 2490 5734 (35)
2532 5661 2800 5735 Θαυμάζει
2829 5665 2871 5716 Α
2883 5702 2894 5715 .
