3994 6218
168 250 303 312 “Si

1256 237 1626 301 COMMENT.
1668 237 1738 293 IN
1773 226 2126 293 JOANNEM.
2168 270 2237 279 —
2277 234 2431 296 CAP.
2466 235 2504 294 ιε

3414 244 3549 299 1122

171 377 425 450 θαυμάζῃ
474 379 629 427 τοῦτο
692 369 867 437 πἏέον,
908 359 978 431 ὧς
1024 367 1414 442 ὐπερϐα).όντως
1471 367 1774 437 θαυμασιώ-

1910 354 2284 420 :xcellentiori
2311 362 2496 421 modo
2538 362 2731 435 magis
2781 362 3233 436 admirandum,
3296 368 3442 440 quia
3490 374 3548 426 et

171 481 344 543 τερον·
380 465 490 518 ἐπεὶ
523 467 612 515 καὶ
663 468 817 512 τοῦτο
874 462 1035 510 αἴτιον
1067 456 1279 511 ἐκείνου.
1338 462 1438 510 Καὶ
1480 458 1581 529 γὰρ
1609 456 1634 505 6
1668 454 1782 511 Υἱός

168 566 263 610 τοῦ
295 562 431 608 Θεοῦ
458 553 730 624 ὡνθρωπος
769 547 984 621 ἐγένετο,
1020 549 1102 599 ἵνα
1154 549 1203 599 οἱ
1256 547 1519 618 ὤνθρωποι
1557 544 1663 595 υἱοὶ
1692 548 1783 593 τοῦ

170 654 310 701 Θεοῦ
341 647 593 716 γένωνται
605 686 617 697 ,

244 735 407 787 Ὀταν
436 729 495 784 δὲ
528 730 762 801 ἀκούσης
790 728 871 780 ὅτι
894 726 953 779 Ὀ
987 731 1157 798 Λόγος
1189 724 1321 799 σὰρξ
1352 723 1567 796 ἐγένετο,
1590 725 1661 794 μὴ
1696 739 1782 791 με-

168 823 401 881 ταϐολὴν
432 830 529 883 τῆς
578 822 719 881 θείας
771 818 952 877 οὐσίας
1004 816 1269 887 éwor’zmpg'
1309 812 1648 873 ἀναλλοίωτος
1680 812 1782 883 γὰρ

169 914 307 971 αὕτη
342 916 433 963 καὶ
462 909 663 970 ἀπαθής
701 927 713 939 ·
758 906 865 957 ἀλλ’
919 908 999 957 ὃτι
1030 906 1055 955 6
1083 910 1247 975 Λόγος
1300 903 1367 954 ὠν
1435 902 1460 953 6
1498 897 1579 969 ἦν,
1610 905 1784 971 γέγονε

167 1008 263 1055 καὶ
289 1003 316 1054 6
349 1002 443 1054 οὑκ
471 996 552 1063 ἦν,
586 1002 723 1064 ἤτοι,
765 1001 924 1068 μένων
958 998 1108 1059 Θεὸς,
1155 997 1332 1065 γέγονε
1383 996 1471 1043 καὶ
1515 991 1785 1062 ἄνθρωπος

169 1093 310 1143 κατὰ
343 1086 642 1164 πρόσληψιν
697 1087 905 1157 σαρκός,
948 1082 1293 1154 ἐψυχωμίνης
1354 1076 1596 1138 δηλονότι
1624 1078 1778 1149 ψυχῇ

167 1181 357 1252 λογικῇ
395 1182 489 1230 καὶ
518 1181 687 1248 vespa}.

247 1271 399 1322 Κατά
446 1262 587 1341 τρεῖς
642 1261 701 1316 δε
738 1266 962 1335 τρόπους
1011 1264 1067 1312 τό
1099 1259 1152 1312 ὃν
1206 1264 1405 1330 γίνεται

169 1362 285 1431 μὲν,
319 1359 444 1410 ὅταν
497 1357 527 1413 ἡ
588 1361 680 1407 τοῦ
710 1356 850 1412 ὄντος
894 1353 1050 1422 φύσις
1099 1349 1171 1409 εἰς
1236 1353 1330 1406 τὴν
1369 1354 1460 1399 τοῦ
1510 1349 1782 1418 γενομένου

168 1447 502 1522 μεταϐληθη,
570 1442 687 1495 καθ’
740 1442 794 1493 όν
846 1444 901 1492 τό
957 1439 1093 1511 γαλα
1136 1443 1334 1510 γίνεται
1393 1439 1561 1510 τυρός,
1629 1440 1715 1486 καὶ
1758 1436 1782 1486 6

170 1537 343 1597 πηλὸς
401 1540 658 1609 ὄστρακον
700 1550 712 1563 ·
766 1529 881 1583 καθ’
930 1529 1097 1602 ἕτερον
1143 1524 1221 1594 δὲ,
1292 1528 1411 1578 ὅταν
1464 1534 1558 1586 τῆς
1625 1527 1784 1585 οὔσης

169 1627 361 1686 οὐσίας
388 1626 685 1695 σωζομένης
737 1618 1095 1692 ἀμεταϐλήτου
1150 1620 1500 1690 προσ-γένηταί
1552 1634 1603 1667 τι
1649 1616 1784 1665 κατὰ

1468 1273 1480 1286 ⁸
1542 1255 1658 1310 καθ’
1698 1256 1783 1308 ἕνα

1889 450 2004 506 hoc
2032 450 2190 508 illius
2240 468 2423 511 causa
2452 458 2558 510 est.
2594 454 2679 509 Ad
2731 458 2845 511 hoc
2890 454 3190 526 siquidem
3223 458 3326 513 Dei
3365 457 3547 515 Filius

1890 539 2074 596 homo
2114 542 2304 598 factus
2352 547 2462 613 est,
2499 548 2563 599 ut
2588 543 2861 600 homines
2894 542 2999 599 ﬁlii
3039 545 3143 602 Dei
3172 546 3400 603 fierent.

1964 720 2113 777 Cum
2138 737 2277 778 vero
2307 722 2586 791 audieris,
2634 723 2884 781 Verbum
2912 739 3043 779 caro
3076 725 3310 793 factum
3342 732 3424 783 est
3450 741 3549 793 ,ne

1892 812 2452 869 transmutationem
2493 812 2712 869 divinae
2754 813 3025 869 essentia;
3061 813 3377 887 intelligas.
3414 817 3550 887 lpsa

1891 897 2109 955 etenim
2150 900 2541 959 immutabilis
2577 906 2665 957 est
2711 917 2781 958 ac
2821 900 3192 974 impatibilis.
3242 904 3349 960 Sed
3382 903 3547 976 quod

1891 987 2150 1044 Verbum
2192 1005 2553 1061 permanens
2574 990 2740 1063 quod
2797 996 2938 1055 erat,
2974 991 3200 1048 factum
3249 998 3336 1049 est
3385 993 3547 1065 quod

1891 1090 2012 1131 non
2038 1082 2165 1133 erat
2193 1093 2206 1133 :
2241 1079 2366 1135 sive
2406 1095 2660 1135 manens
2692 1082 2862 1145 Deus,
2891 1078 3088 1135 factus
3112 1084 3201 1134 est
3224 1080 3407 1137 homo
3440 1097 3547 1153 per

1890 1166 2088 1221 carnis
2139 1167 2633 1240 assumptionem,
2691 1169 2995 1225 animatus
3035 1167 3333 1224 videlicet.

1961 1253 2171 1312 Tribus
2182 1263 2384 1313 autem
2402 1258 2591 1314 modis
2617 1257 2672 1315 id
2697 1257 2863 1331 quod
2877 1258 3005 1329 jam
3020 1263 3127 1323 est,
3151 1257 3276 1313 ﬁeri
3300 1257 3545 1328 dicitur;

1892 1358 2013 1400 uno
2033 1345 2279 1417 quidem
2311 1347 2493 1403 modo
2518 1355 2730 1405 natura
2744 1347 2872 1419 ejus
2898 1346 3062 1419 quod
3078 1351 3184 1411 est,
3206 1345 3265 1401 in
3297 1347 3357 1402 id
3384 1350 3548 1420 quod

1889 1432 1957 1489 ﬁt
1985 1439 2433 1502 transmutatur,
2462 1437 2633 1507 juxta
2662 1452 2843 1510 quem
2884 1435 3134 1491 modum
3167 1434 3261 1491 lac
3294 1436 3551 1493 efficitur

1892 1539 2120 1591 caseus,
2144 1532 2199 1582 et
2226 1527 2417 1583 lutum
2444 1527 2696 1584 efﬁcitur
2720 1532 2885 1583 testa.
2913 1525 3108 1581 Altero
3138 1542 3278 1582 vero
3303 1529 3548 1600 quando

1891 1619 2170 1671 manente
2217 1616 2346 1687 ejus
2408 1617 2571 1689 quod
2620 1622 2745 1673 erat
2805 1615 3139 1671 substantia
3207 1616 3542 1686 immutata,

173 1713 532 1787 συμϐεϐηκός,
563 1710 680 1764 καθ’
735 1709 791 1763 ὃν
831 1710 856 1761 6
887 1707 1088 1780 χαλκός
1136 1711 1333 1777 γίνεται
1397 1701 1635 1778 ἀνδριὰς,
1694 1707 1782 1754 καὶ

1910 1702 2046 1758 tliud
2069 1721 2167 1775 per
2195 1705 2474 1761 accidens
2514 1705 2765 1762 efﬁcitur
2806 1722 2819 1760 :
2848 1706 3014 1774 juxta
3060 1720 3243 1775 quem
3298 1709 3547 1766 modum

169 1808 197 1858 6
240 1805 512 1877 ἅνθρωπος
546 1798 751 1860 δίκαιος
781 1800 809 1857 ἦ
864 1794 1070 1864 ἄδικος,
1102 1802 1191 1848 καὶ
1246 1798 1311 1847 τὰ
1338 1801 1554 1847 τοιαῦτα
1603 1809 1615 1823 ⁸
1648 1795 1783 1845 κατά

168 1899 259 1948 τόν
290 1898 470 1968 τρίτον
504 1888 582 1957 δὲ,
616 1891 759 1957 ὅταν,
801 1895 894 1948 τῆς
933 1889 1097 1948 οὔσης
1151 1885 1262 1957 (36)
1317 1884 1496 1945 οὐσίας
1557 1883 1782 1952 σωζομέ-

167 2005 267 2046 νης
322 1980 707 2056 ἀμεταϐλήτου,
748 1982 837 2030 καὶ
885 1975 1011 2033 ἄλ)η
1059 1975 1216 2026 οὐσία
1279 1972 1610 2046 προσληφθῇ,
1665 1972 1780 2024 καθ’

168 2075 226 2126 ὃν
290 2075 317 2125 ό
393 2072 691 2143 στρατηγός
766 2070 963 2138 γίνεται
1035 2063 1369 2135 ὡπλισμένος·
1451 2061 1585 2112 Ἀλλ’
1666 2064 1782 2113 οὔτε

171 2165 315 2216 κατὰ
365 2164 453 2213 τόν
491 2168 693 2232 πρῶτον
749 2160 937 2230 τρόπον
989 2155 1014 2205 ό
1063 2159 1229 2224 Λόγος
1278 2151 1411 2224 σὰρξ
1453 2149 1645 2221 ἐγένετο
1680 2170 1691 2181 ·
1722 2150 1780 2201 οὐ

169 2253 334 2325 γὰρὴ
382 2252 539 2322 φύσις
594 2244 880 2319 μετεϐλήθη
946 2263 956 2275 ·
993 2246 1105 2294 οὔτε
1163 2244 1294 2293 κατά
1340 2245 1423 2292 τόν
1487 2238 1722 2312 δεύτερον
1766 2256 1778 2267 ·

173 2341 371 2413 οὐγὰρ
438 2341 469 2395 ἡ
526 2338 906 2409 προσγενομένη
963 2331 1097 2404 σὰρξ
1140 2329 1489 2402 συμϐεϐηκὸς,
1545 2327 1653 2380 ἀλλ’
1693 2328 1779 2380 οὐ·

174 2436 272 2483 σία
302 2433 390 2480 καί
453 2426 585 2483 αὑτὴ
620 2440 631 2454 ⁸
675 2424 852 2476 λοιπόν
901 2416 988 2473 οὖν
1046 2423 1180 2471 κατά
1233 2423 1319 2472 τόν
1380 2423 1554 2493 τρίτον
1592 2422 1782 2492 τρόπον

172 2524 288 2592 χρὴ
326 2524 460 2570 νοεῖν
510 2519 568 2568 τό
593 2515 768 2589 ῥητόν.
804 2516 960 2570 Δίκην
1015 2513 1116 2583 γὰρ
1151 2515 1449 2584 στρατηγοῦ
1480 2511 1572 2566 την
1611 2510 1783 2581 σάρκα

165 2609 528 2681 περιθέμενος,
565 2607 651 2655 τόν
680 2601 922 2673 πολέμιον
968 2608 1063 2661 τῆς
1110 2600 1361 2672 ἡμετέρας
1391 2599 1590 2670 φύσεως
1629 2615 1780 2649 κατε-

169 2697 377 2768 πολέμη
386 2713 466 2747 σε.

246 2786 481 2856 Ἐγένετο
535 2777 594 2835 δε
643 2778 799 2848 εἶπεν,
867 2777 1086 2852 ἀναιρῶν
1134 2780 1228 2835 τὴν
1289 2774 1631 2849 βλασφημίαν
1682 2784 1782 2827 τῶν

165 2874 474 2948 ληρούντων
525 2872 606 2923 ὃτι
688 2867 820 2941 σὰρξ
885 2866 1200 2940 ἄφαντάσθη.
1263 2867 1602 2940 Χρησάμενος
1680 2867 1780 2940 γὰρ

167 2972 234 3037 τῇ
287 2962 444 3027 λέξει,
518 2968 580 3033 τῇ
654 2959 906 3031 Ἐγίνετο,
960 2954 1262 3009 ἐϐεϐαίωσεν
1324 2957 1405 3008 ότι
1460 2957 1595 3007 κατὰ
1653 2954 1780 3013 6dr}-

1891 1809 1971 1848 aes
1992 1792 2245 1850 efﬁcitur
2277 1800 2492 1863 statua,
2520 1800 2572 1851 et
2591 1796 2775 1852 homo
2799 1793 3047 1850 efﬁcitur
3055 1793 3252 1864 justus
3275 1796 3364 1851 vel
3395 1796 3546 1870 inju-

1893 1881 2290 1956 stus,aliaque
2313 1884 2555 1942 similia.
2586 1886 2776 1941 Tertio
2801 1902 2936 1942 vero
2951 1890 3154 1955 modo,
3170 1887 3418 1961 quando
3435 1888 3549 1943 sal-

1890 1987 1969 2027 va
1982 1972 2376 2029 acimmutata
2401 1974 2575 2029 unius
2589 1973 2665 2046 (c)
2680 1975 3040 2047 substantia,
3054 1977 3167 2034 alia
3182 1994 3425 2051 quoque
3443 1977 3547 2032 ad-

1891 2059 2050 2116 ditur
2064 2061 2434 2118 substantia:
2468 2062 2649 2120 ethoc
2677 2064 2859 2120 modo
2874 2066 3042 2122 miles
3075 2066 3544 2124 efﬁciturarma—

1895 2155 2006 2206 tus.
2028 2149 2228 2206 Primo
2242 2167 2383 2221 ergo
2400 2152 2581 2207 modo
2601 2168 2717 2207 non
2732 2159 2823 2209 est
2858 2155 3108 2211 Verbum
3144 2155 3368 2211 factum
3385 2171 3542 2221 caro,

1892 2254 2013 2295 non
2029 2240 2189 2295 enim
2219 2247 2435 2297 natura
2475 2247 2706 2297 mutata
2731 2252 2855 2309 est;
2890 2259 3084 2316 neque
3104 2245 3397 2315 secundo,
3428 2260 3550 2300 non

1891 2329 2052 2384 enim
2074 2344 2178 2401 per
2206 2328 2487 2385 accidens
2525 2346 2665 2387 caro
2691 2330 2847 2388 facta
2891 2338 2996 2398 est,
3027 2334 3134 2389 sed
3154 2333 3285 2405 ipsa
3309 2343 3552 2405 quoque

1892 2418 2253 2475 substantia.
2288 2421 2484 2476 Restat
2507 2419 2689 2491 igitur
2722 2426 2783 2476 ut
2805 2422 2969 2494 quod
3004 2422 3229 2478 dictum
3260 2428 3354 2478 est
3383 2421 3553 2478 tertio

1891 2507 2471 2578 modointelligatur.
2503 2508 2650 2567 Nam
2666 2526 2833 2566 more
2852 2510 3059 2567 militis
3096 2511 3201 2584 (d),
3232 2526 3408 2568 carne
3423 2526 3554 2566 ves-

1894 2598 2035 2653 titus
2062 2595 2283 2654 bellum
2324 2598 2398 2671 (e)
2427 2603 2701 2655 nostrum
2734 2598 2975 2656 devicit.

1964 2773 2120 2830 Dixit
2139 2778 2339 2832 autem
2368 2775 2620 2833 Factum
2650 2781 2754 2841 est,
2775 2780 2838 2831 ut
2853 2775 3302 2848 blasphemiam
3323 2775 3548 2833 tolleret

1892 2863 2248 2934 nugantium
2287 2880 2356 2920 ac
2399 2863 2745 2933 dicentium,
2777 2866 2944 2936 quod
2973 2880 3113 2921 caro
3152 2864 3545 2934 imaginatum

1892 2956 1984 3008 est
2011 2951 2293 3008 Verbum.
2336 2953 2486 3009 Usus
2525 2952 2687 3008 enim
2737 2951 2854 3009 hoc
2916 2952 3117 3017 verbo,
3168 2953 3413 3011 Factum
3438 2958 3548 3023 est,

170 3057 343 3123 θείαν,
378 3056 467 3103 καὶ
495 3050 553 3103 οὐ
594 3052 728 3102 κατά
760 3051 1043 3120 φαντασίαν
1074 3044 1483 3119 ἔνηνθρωπησεν.
1512 3044 1621 3098 Ἰνα
1671 3045 1779 3116 (37)

1910 3039 2450 3111 :onﬁrmavitquod
2473 3057 2609 3098 vere
2643 3047 2841 3097 etnon
2875 3042 3248 3114 phantastice
3270 3042 3552 3098 incarna-

167 3140 235 3196 δε
285 3145 362 3215 μὴ
415 3137 703 3213 μεταϐολήν
758 3156 875 3189 τινα
930 3144 1022 3196 τῆς
1070 3137 1207 3197 θείας
1281 3134 1466 3195 οὐσίας
1514 3133 1779 3207 ἐννοήσῃς,

168 3252 242 3303 φη
254 3236 332 3283 σί.

252 3324 356 3372 Καὶ
406 3317 697 3376 ἐσκήνωσεν
751 3313 798 3366 ἐν
852 3315 998 3387 ἡμῖν.
1068 3312 1387 3371 Ἐσκήνωσεν
1449 3311 1497 3365 έν
1544 3321 1604 3386 τῇ
1661 3314 1786 3385 ἡμε-

167 3414 301 3482 τέρα
364 3411 545 3478 σαρκὶ,
611 3404 660 3456 ἐν
710 3412 770 3476 τῇ
833 3409 1071 3474 συγγενεῖ
1134 3404 1302 3474 ἡμῶν,
1354 3401 1402 3453 ἐν
1449 3410 1511 3475 τῇ
1559 3402 1613 3465 ἐξ
1644 3404 1788 3475 ἡμῶν

168 3497 607 3571 προσληφθείση.
651 3493 709 3546 Εἰ
754 3496 854 3566 γὰρ
896 3493 1063 3573 ἕτερον
1110 3495 1168 3543 τό
1213 3499 1458 3556 σκηνοῦν,
1501 3495 1586 3543 καὶ
1625 3493 1789 3565 ἕτερον

170 3590 201 3646 ἡ
257 3590 455 3650 σκηνὴ,
507 3584 677 3656 ἔτερος
715 3584 902 3653 ἔμεινεν
954 3580 978 3632 ὁ
1040 3585 1208 3652 Λόγος
1248 3584 1394 3653 παρὰ
1450 3585 1540 3638 τὴν
1599 3582 1788 3651 σάρκα,

167 3679 313 3729 κατά
346 3679 444 3732 την
475 3673 657 3724 οὐσίαν
704 3675 794 3722 καὶ
846 3672 1021 3742 φύσιν.
1078 3671 1224 3722 Κατά
1249 3672 1349 3742 γὰρ
1382 3674 1473 3726 τὴν
1517 3672 1793 3741 συνάφειαν

169 3771 268 3819 καὶ
297 3765 484 3818 ἕνωσιν
529 3762 577 3813 ἓν
629 3762 768 3813 ἐστιν
800 3761 825 3811 ό
860 3758 1167 3831 προσλαϐὼν
1208 3766 1398 3829 Λόγος,
1450 3761 1591 3816 καίη
1636 3777 1798 3831 προσ·

169 3856 440 3927 ὶηφθεῖσα
470 3851 620 3924 σὰρξ,
689 3850 995 3922 σωζομένων
1052 3853 1141 3901 καὶ
1188 3846 1302 3918 (38)
1351 3850 1480 3920 μετά
1527 3853 1620 3907 τὴν
1676 3850 1800 3901 ἐνω-

175 3964 266 3998 σιν
294 3942 564 4017 ἀτρέπτων
610 3944 701 3991 καὶ
757 3936 1079 4009 ἀσυγχύτων
1137 3945 1236 3989 τῶν
1268 3934 1364 3989 δύο
1408 3940 1607 4009 φύσεων
1636 3937 1800 4011 ἀπορ-

168 4035 325 4109 ρήτω
336 4051 382 4093 ς.

254 4118 651 4175 Καὶ-αὑτοῦ.
684 4120 792 4174 Τὴν
823 4112 980 4180 δόξαν
1025 4124 1116 4169 τοῦ
1173 4120 1366 4188 Λόγου,
1421 4120 1513 4176 τὴν
1573 4113 1795 4190 δύναμιν

170 4218 277 4272 τῆς
349 4211 616 4274 θεότητος,
679 4203 773 4257 διὰ
827 4214 919 4267 τῆς

171 4299 683 4374 πᾶραττετοίσματος.
740 4299 833 4357 Τίς
878 4291 938 4347 δὲ
1002 4291 1062 4352 ἦν
1109 4295 1241 4351 αὕτη
1291 4310 1302 4361 ;
1353 4297 1430 4349 Τὰ
1479 4297 1668 4368 ἄπειρα
1704 4295 1798 4346 καὶ

997 4209 1187 4279 σαρκός
1247 4204 1531 4278 λάμψασαν
1594 4209 1657 4268 ὡς
1706 4203 1801 4258 διὰ

167 4388 395 4443 ποικίλα
473 4388 736 4453 θαύματα,
792 4386 819 4441 ἡ

170 4495 591 4552 μεταμορςιητις
635 4494 723 4525 και
756 4476 890 4525 aut).
937 4478 1021 4523 τόν
1054 4478 1234 4546 καιρὸν
1281 4480 1377 4533 τῆς
1432 4480 1795 4547 σταυρώσεως,

172 4570 201 4620 6
236 4571 386 4637 παρα
412 4570 569 4637 φύσιν
603 4567 888 4637 σκοτισμός
919 4570 1009 4614 τοῦ
1038 4562 1205 4629 ἡλίου,
1260 4566 1315 4614 τὸ
1348 4561 1556 4634 φοϐερόν
1584 4567 1799 4634 σχίσμα

173 4663 274 4707 τοῦ
316 4654 811 4724 καταπετάσματος,
866 4653 890 4701 ό
921 4654 1133 4724 φρικτός
1194 4651 1371 4712 κλόνος
1439 4661 1531 4713 τῆς
1578 4660 1695 4723 γῆς,
1735 4655 1799 4704 τὰ

174 4747 477 4816 σχίσματα
526 4749 625 4792 τῶν
669 4748 887 4816 πετρῶν,
945 4743 999 4791 αἱ
1073 4749 1170 4792 τῶν
1242 4746 1502 4814 μνημείων
1553 4739 1794 4806 ἀνοίξεις,

170 4835 382 4887 αἰτῶν
434 4838 623 4904 νεκρῶν
681 4828 929 4903 ίγέρσεις,
989 4834 1079 4882 καὶ
1130 4834 1188 4883 τό
1236 4831 1506 4904 κεφάλαιον
1558 4833 1788 4899 πάντων,

1897 3137 2023 3187 tum
2048 3135 2155 3185 est.
2184 3130 2403 3186 Verum
2424 3146 2497 3187 ne
2526 3130 2743 3187 divinae
2771 3131 3118 3187 substantia:
3152 3130 3549 3188 mutationem

1896 3218 2215 3291 intelligas,
2263 3218 2413 3275 dicit

1968 3308 2131 3365 νοτε.
2182 3309 2269 3365 14.
2334 3309 2413 3365 Et
2464 3309 2757 3366 habitavit
2802 3310 2864 3366 in
2897 3308 3085 3366 nobis.
3142 3307 3435 3366 Habitavit
3492 3310 3553 3365 in

1897 3404 2103 3454 nostra
2142 3414 2337 3469 carne,
2365 3398 2425 3453 in
2464 3415 2530 3454 ea
2550 3414 2685 3470 quae
2700 3398 3225 3472 nobispropinqua
3250 3405 3357 3465 est,
3391 3398 3452 3455 in
3483 3414 3556 3455 ea

1902 3504 2035 3561 quae
2063 3488 2283 3545 anobis
2310 3493 2623 3560 assumpta
2648 3493 2753 3543 est.
2783 3489 2951 3554 Quod
2989 3488 3039 3544 si
3070 3488 3235 3545 aliud
3262 3494 3355 3545 est
3383 3489 3432 3545 is
3452 3489 3557 3561 qui

1902 3577 2148 3643 habitat,
2198 3582 2255 3635 et
2297 3577 2460 3634 aliud
2504 3575 2837 3633 habitatio:
2901 3578 3159 3634 Verbum
3219 3578 3554 3635 secundum

1905 3666 2302 3723 substantiam
2352 3673 2411 3723 et
2449 3673 2727 3723 naturam
2793 3666 2960 3723 aliud
3015 3670 3240 3725 mansit
3276 3684 3314 3724 a
3358 3683 3559 3724 carne.

1907 3759 2055 3813 Nam
2079 3757 2413 3814 secundum
2434 3757 2920 3827 conjunctionem
2946 3761 3003 3813 et
3041 3758 3351 3822 unionem,
3384 3772 3565 3813 unum

1909 3852 1997 3903 est
2021 3846 2280 3903 Verbum
2305 3848 2661 3920 suscipiens,
2687 3863 2948 3921 caroque
2976 3854 3281 3921 suscepta,
3316 3846 3565 3903 servatis

1908 3937 2087 3993 etiam
2117 3942 2252 4008 post
2294 3937 2597 4003 unionem,
2630 3936 2964 3995 immutatis
2994 3943 3177 4011 atque
3229 3935 3565 3994 inconfusis

1909 4024 2149 4081 duabus
2191 4024 2567 4082 ineﬂ‘abiliter
2608 4027 2853 4082 naturis.

1978 4114 2142 4169 Vers.
2191 4115 2279 4169 14.
2310 4114 2384 4170 Et
2416 4146 2482 4154 —
2533 4116 2682 4185 ejus.
2736 4114 2995 4171 Gloriam
3054 4114 3254 4184 Verbi,
3300 4114 3570 4171 virtutem

1910 4202 2253 4268 divinitatis,
2300 4218 2435 4275 quae
2470 4218 2576 4274 per
2618 4219 2859 4258 carnem
2892 4209 3180 4276 tanquam
3211 4220 3318 4275 per
3371 4202 3571 4258 velum

1910 4292 2120 4349 illuxit.
2154 4291 2295 4360 Quaa
2312 4296 2514 4347 autem
2542 4295 2666 4346 erat
2695 4291 2798 4349 illa
2826 4292 2853 4346 ?
2884 4297 3038 4347 certe
3061 4308 3378 4363 nunquam
3396 4296 3574 4346 antea

924 4382 1288 4458 ὑπέρλαμπρος
1377 4389 1466 4436 καὶ
1533 4385 1786 4457 ὑπερφυὴς

1910 4382 2039 4439 visa
2056 4382 2335 4453 variaque
2368 4379 2668 4446 miracula,
2684 4380 2985 4451 perlucida
3000 4397 3069 4436 ac
3097 4377 3567 4453 supernaturalis

1911 4470 2375 4535 transformatio,
2416 4474 2473 4526 et
2521 4474 2785 4541 tempore
2826 4468 3128 4525 Passionis
3168 4468 3309 4524 solis
3356 4473 3572 4541 praeter

1908 4562 2178 4615 naturam
2202 4555 2564 4622 obscuratio,
2581 4553 2974 4610 formidabilis
2996 4555 3104 4611 veli
3126 4553 3335 4611 scissio
3376 4552 3571 4610 horri-

1906 4647 2045 4703 bilis
2073 4652 2239 4702 terra:
2254 4649 2472 4711 motus,
2481 4650 2783 4718 petrarum
2804 4643 3142 4712 scissiones,
3161 4647 3575 4700 monumento.

1909 4754 2040 4794 rum
2053 4735 2799 4809 apertiones,mortuorum
2818 4734 3259 4793 suscitationes:
3285 4735 3573 4808 quodque

1904 4829 2183 4887 omnium
2200 4833 2381 4902 caput
2405 4825 2842 4895 est,mirabilior
2852 4839 3039 4897 quam
3063 4824 3181 4881 dici
3203 4829 3306 4883 aut
3321 4823 3569 4897 cogitari

1425 5037 1643 5107 Variae
1673 5036 2002 5106 lectiones
2036 5045 2103 5105 et
2144 5045 2345 5104 notae.

283 5288 381 5351 36)
410 5292 593 5351 Οἱσης
622 5286 797 5345 abest
822 5292 885 5344 Δ.

283 5293 356 5347 36
410 5292 593 5351 Οἱσης
622 5288 769 5345 abes

280 5288 382 5434 37;
405 5363 468 5415 Δὶ
505 5359 677 5418 abest
704 5361 771 5416 A.

247 5542 327 5688 Et?
361 5537 561 5621 (Iam.
595 5537 708 5595 Pro
738 5539 904 5622 οᾷσης
947 5538 1182 5623 videtur
1203 5539 1420 5612 legisse
1442 5545 1590 5613 μιᾶς.

315 5618 337 5685 )
374 5612 473 5668 Bis
493 5609 679 5688 habet
706 5612 890 5688 mites.
922 5611 1130 5688 _Sed_in
1147 5611 1357 5669 Grmco
1387 5626 1590 5669 nones

315 5618 337 5685 )
374 5612 473 5668 Bis
493 5609 679 5685 habet
706 5612 890 5668 mites.
922 5611 1038 5685 Sed
1068 5612 1130 5685 in
1147 5609 1357 5669 Graa'co
1387 5609 1510 5669 non
1524 5612 1615 5669 est
1646 5627 1811 5685 στρα-

164 5682 406 5752 tacitis,
434 5683 541 5740 sed
582 5686 892 5759 στρατηγὸς,
922 5682 1057 5741 δειιί
1085 5683 1226 5741 dux.

1989 5289 2102 5362 (38)
2161 5292 2263 5342 Καὶ
2306 5287 2499 5343 abest.
2540 5288 2606 5340 A.

1920 5537 2347 5670 “ﬂagellum.
2390 5534 2629 5596 Videtur
2664 5536 2879 5612 legisse
2917 5536 3156 5612 πόλεμον.
3205 5536 3325 5605 Mei,
3343 5534 3567 5599 habent
