4038 6226
568 238 701 297 1123

1865 230 2216 293 EUTHYMIl
2258 231 2586 296 ZlGABENI

3724 252 3824 310 μοι

560 371 770 442 potest,
789 364 1017 421 Domini
1046 356 1411 425 resurrectio,
1432 366 1487 416 et
1506 367 1635 431 post
1662 362 1815 418 hanc
1843 378 2205 435 quaecunque

2326 366 2354 420 ἡ
2392 366 2514 439 ὑπὲρ
2562 366 2711 438 λόγον
2768 373 2856 420 καὶ
2915 376 3032 420 νοῦν
3075 367 3360 433 ἀνάστασις
3387 380 3473 424 τοῦ
3502 381 3735 436 Δεσπότον,
3760 386 3826 431 καὶ

564 457 821 526 gloriosa
863 450 1115 524 apostoli
1169 450 1449 522 deinceps
1481 457 1927 522 conspexerunt.

634 638 790 689 Vers.
832 637 910 687 14.
948 631 1292 687 Gloriam—
1320 632 1512 686 Patre.
1556 630 1838 695 Gloriam,
1873 647 1992 686 non
2020 631 2215 704 qualis

561 730 650 779 est
680 726 1016 778 sanctorum
1058 720 1361 775 beatorum
1396 720 1487 774 vel
1519 726 1890 789 angelorum,
1941 720 2044 776 sed
2094 721 2216 791 glo-

560 812 714 867 riam
742 828 874 865 vere
918 810 1234 879 Unigeniti.
1292 812 1437 865 Nam
1481 810 1572 864 hic
1600 809 1777 864 dictio
1810 812 1878 871 ὡς
1919 816 2211 880 tanquam,

559 900 720 955 idem
753 899 1041 968 signiﬁcat
1074 898 1237 970 quod
1278 914 1434 955 vere-

628 989 923 1059 Unigeniti
962 994 1161 1043 autem
1214 1004 1248 1042 a
1281 988 1468 1052 Patre,
1512 988 1632 1043 sive
1679 992 1893 1043 natura
1934 987 2057 1043 Filii
2094 988 2210 1043 Dei.

560 1079 937 1145 Unigenitum
968 1078 1126 1131 enim
1149 1092 1181 1131 a
1212 1083 1395 1131 matre
1411 1077 1732 1141 nominari,
1762 1077 2026 1133 declarat
2056 1078 2215 1132 hunc

561 1174 778 1223 natura
830 1167 1019 1221 tilium
1071 1166 1323 1233 Virginis
1358 1182 1370 1220 :
1413 1165 1531 1220 dici
1573 1182 1713 1220 vero
1777 1166 2145 1235 Unigenitum
2179 1182 2215 1222 a

561 1258 749 1321 Patre,
792 1256 953 1311 hunc
993 1263 1199 1310 natura
1246 1257 1337 1309 Dei
1374 1256 1575 1309 Filium
1616 1255 1924 1326 praedicat.

632 1437 793 1491 Vers.
828 1437 915 1491 14.
954 1437 1195 1491 Plenum
1227 1436 1419 1505 gratia
1457 1442 1508 1490 et
1533 1435 1793 1491 veritate.
1840 1434 2213 1489 Conﬁrmans

562 1525 820 1597 amplius
871 1524 1035 1595 quod
1091 1524 1344 1578 Verbum
1380 1540 1517 1578 caro
1560 1523 1801 1587 factum,
1828 1524 1971 1578 nihil
2003 1524 2079 1578 ob
2102 1524 2215 1579 hoc

562 1615 922 1671 diminutum
957 1614 1047 1675 sit,
1080 1614 1159 1668 ait
1194 1630 1204 1666 :
1242 1614 1493 1668 Plenum
1526 1620 1652 1668 erat
1691 1612 1888 1681 gratia
1934 1612 2139 1667 divina
2165 1619 2215 1667 et

562 1706 818 1763 veritate:
851 1704 1040 1774 gratia
1065 1703 1309 1774 quidem
1351 1704 1408 1757 in
1451 1702 1824 1758 admirandis
1885 1703 2209 1774 operibus;
2254 1720 2295 1773 Β
2326 1706 2549 1777 χάριτος

561 1796 801 1849 veritate
835 1800 1031 1849 autem
1052 1793 1107 1847 in
1132 1791 1421 1847 doctrina.
1450 1794 1511 1846 Et
1538 1797 1822 1863 praeterea
1847 1792 2216 1865 gratia,quia

562 1889 776 1939 cuncta
814 1888 1087 1954 poterat;
1121 1883 1363 1936 veritate
1417 1898 1551 1936 vero
1618 1882 1759 1953 quia
1826 1880 1973 1935 nihil
2028 1881 2087 1936 in
2145 1897 2216 1937 eo

560 1972 1005 2047 phantasticum
1038 1977 1179 2026 erat.

636 2063 793 2117 Vers.
830 2063 916 2115 15.
958 2062 1213 2116 Joannes
1266 2092 1332 2099 —
1372 2061 1615 2115 clamat.
1650 2059 1763 2114 Etsi
1806 2074 1938 2128 ego,
2002 2060 2213 2131 inquit,

560 2151 922 2224 quibusdam
959 2166 1076 2204 nou
1105 2149 1247 2204 satis
1276 2148 1392 2203 ﬁde
1432 2149 1648 2217 dignus
1683 2148 1905 2217 videor,
1955 2149 2215 2203 Joannes

561 2248 698 2296 ante
722 2256 815 2294 me
834 2238 1232 2294 testimonium
1252 2239 1322 2291 de
1344 2237 1533 2308 ipsius
1574 2237 1880 2292 divinitate
1904 2237 2212 2308 perhibet:

562 2332 837 2392 Joannes,
879 2329 1148 2399 inquam,
1190 2326 1283 2381 ille
1324 2327 1493 2396 cujus
1543 2342 1762 2381 nomen
1819 2342 2107 2394 magnum
2147 2342 2216 2381 ac

563 2418 791 2473 celebre
830 2421 953 2472 erat
986 2415 1145 2487 apud
1186 2430 1393 2469 omnes
1419 2414 1671 2468 Juda‘os.
1693 2418 1803 2469 Nec
1836 2414 2029 2469 solum
2064 2416 2217 2469 testi-

562 2507 791 2570 ﬁcatur,
826 2522 1028 2560 verum
1071 2508 1248 2559 etiam
1308 2504 1527 2559 clamat
1584 2506 1705 2558 sive
1764 2521 1901 2559 cum
1952 2504 2217 2558 libertate

560 2595 931 2661 vociferatur,
958 2612 1026 2649 ac
1057 2599 1215 2648 metu
1247 2594 1407 2648 omni
1444 2593 1705 2663 seposita
1733 2593 2031 2665 praedicat.
2064 2593 2213 2648 Audi

560 2703 697 2741 vero
733 2685 877 2757 quid
912 2684 1248 2739 testiﬁcetur
1287 2690 1342 2738 et
1400 2682 1635 2737 clamet.

630 2778 786 2830 Vers.
836 2780 914 2828 l5.
952 2776 1162 2829 Dicens
1190 2805 1255 2813 —
1279 2773 1419 2841 fuit.
1449 2773 1591 2826 Dixit
1616 2771 1774 2826 enim
1812 2772 1945 2837 hoc,
1976 2770 2212 2842 aliaque

561 2865 763 2920 similia
792 2864 1010 2919 Judaeis
1036 2863 1109 2917 de
1138 2863 1361 2917 Christo
1381 2868 1707 2932 antequam
1744 2861 1869 2931 ipse
1898 2865 2214 2932 appareret

559 2962 656 3009 aut
678 2954 1462 3022 manifestareturtanquam
1488 2951 1799 3022 propheta,
1816 2957 1880 3005 ut
1897 2949 2061 3005 fama
2084 2951 2213 3020 ejus

2326 456 2424 505 ὅσα
2489 461 2617 526 μετὰ
2674 460 2866 513 ταύτην
2922 460 3175 531 θεοπρεπῆ
3231 461 3443 523 καθεξῆς
3512 466 3553 515 οἱ
3608 462 3823 520 ἀπόστολοι

2326 542 2621 599 ἐθεάσαντο.

2398 633 2555 695 Δόξαν
2582 667 2637 677 -
2670 642 2885 711 Πατρός.
2923 636 3100 700 Δόξαν,
3133 638 3235 709 οὐχ
3262 641 3344 690 οἶα
3383 641 3411 697 ἠ
3437 650 3526 692 τῶν
3554 639 3833 706 δοξασθέντων

2326 721 2485 793 ἁγίων
2540 724 2567 782 ᾖ
2628 722 2876 796 ἀγγέλων,
2910 726 3037 777 ἀλλά
3094 722 3251 790 δόξαν
3303 733 3455 790 ὅντως
3475 737 3758 803 Move/9:09;.
3788 740 3835 787 Τό

2325 814 2425 883 γὰρ
2457 814 2524 874 ὡς
2556 812 2779 865 ἐνταῦθα
2799 818 2857 866 τό
2888 819 3045 876 ὄντως
3077 812 3249 873 δηλοῖ.

2398 998 2714 1061 Μονογενούς
2742 988 2799 1043 δὲ
2857 993 2956 1044 ἀπὸ
3014 998 3235 1067 Πατρός,
3286 999 3444 1065 ἤγουν
3482 1000 3618 1068 φύσει
3645 1001 3743 1049 Υἱοὺ
3776 1008 3840 1051 τοῦ

2326 1086 2479 1131 Θεοῦ,
2508 1084 2576 1132 Τό
2604 1084 2692 1151 μὲν
2730 1084 2830 1153 γὰρ
2882 1082 3232 1153 ὀνομάζεσθαι
3277 1092 3515 1155 μονογενῆ
3566 1084 3654 1137 ἀπό
3697 1095 3845 1161 μητρός

2326 1171 2477 1239 φύσει
2506 1172 2618 1220 υἱόν
2641 1178 2730 1229 τῆς
2772 1173 3033 1244 Παρθένου
3052 1180 3231 1223 τοῦτον
3250 1172 3508 1244 ἑρμηνεύει
3534 1194 3545 1204 ·
3575 1178 3624 1225 τό
3652 1172 3701 1226 δὲ
3716 1175 3845 1245 λέγεσ-

2328 1260 2413 1308 θαι
2442 1265 2697 1329 Μονογενῆ
2733 1256 2831 1309 ἀπὸ
2862 1265 3062 1331 Πατρός
3093 1264 3242 1332 γὰο-εί
3290 1264 3399 1312 Υἱόν
3447 1270 3532 1313 τοῦ
3575 1266 3687 1316 Θεοῦ
3712 1272 3848 1316 τοῦτον

2328 1346 2692 1419 ἀνακηρύττει.

2400 1436 2604 1509 Πλὴρης
2660 1439 2883 1510 χάριτος
2934 1442 3023 1489 καὶ
3070 1435 3330 1499 ἀληθείας.
3386 1438 3497 1492 Ἐτι
3559 1439 3750 1512 βεϐαιῶν
3795 1444 3852 1494 ότι

2326 1528 2349 1576 ό
2405 1531 2589 1595 Λόγος,
2626 1526 2759 1598 σὰρξ
2800 1531 3085 1597 γενόμενος,
3120 1524 3272 1580 οὐδὲν
3332 1527 3591 1586 ἠλαττώθη
3619 1533 3739 1600 παρὰ
3763 1539 3851 1581 τοῦ.

2327 1635 2401 1676 το,
2433 1615 2565 1685 λέγει
2605 1616 2684 1666 ὅτι
2709 1615 2922 1688 Πλήρης
2974 1612 3033 1673 ἦν
3064 1618 3327 1689 χάριστος
3359 1619 3490 1677 θείας
3529 1623 3610 1670 καὶ
3638 1616 3845 1678 ἀληθείας⁹

3665 1707 3855 1767 ἀληθείας

2634 1708 2722 1774 μὲν
2792 1702 2838 1755 ἐν
2916 1712 3029 1764 ταῖς
3128 1708 3587 1778 θαυματουργίαις,

2330 1790 2387 1844 δὲ
2434 1794 2483 1844 ἐν
2539 1800 2653 1852 ταῖς
2694 1789 3086 1853 διδασκαλίαις.
3163 1800 3261 1847 Καὶ
3315 1798 3535 1870 χάριτος
3586 1800 3682 1867 μὲν,
3726 1795 3764 1847 ἐν
3804 1804 3855 1863 τῷ

2326 1886 2496 1934 πάντα
2565 1881 2847 1947 δύνασθαι,
2920 1881 3164 1944 ἀληθείας
3215 1879 3293 1949 δὲ,
3354 1885 3403 1936 ἐν
3446 1893 3514 1954 τῷ
3559 1882 3706 1957 μηδὲν
3755 1889 3858 1956 ἔχειν

2328 1976 2634 2043 φαντασίας.

2400 2062 2637 2121 Ἰωάννης
2672 2092 2729 2099 -
2758 2065 3026 2133 κέκραγεν.
3082 2062 3146 2115 Εἰ
3194 2067 3282 2114 καὶ
3329 2068 3401 2133 μὴ
3435 2061 3545 2133 ἐγὼ,
3587 2070 3716 2135 φησι,
3757 2060 3860 2115 δοκῶ

2327 2170 2463 2201 τιονιν
2494 2153 2620 2211 ἴσως
2652 2148 2978 2213 ἀξιόπιστος,
3016 2150 3140 2201 ἀλλὰ
3173 2156 3273 2225 πρὸ
3318 2150 3442 2222 ἐμοῦ
3473 2155 3497 2203 ό
3533 2152 3741 2213 Ἰωάννης
3764 2172 3860 2223 μαρ-

2326 2248 2471 2312 τυρεῖ
2497 2244 2612 2313 περὶ
2644 2248 2737 2298 τῆς
2780 2241 3020 2299 θεότητος
3066 2242 3176 2310 (39)
3233 2241 3414 2295 αὑτοῦ,
3456 2243 3861 2301 Ἰωάννηςὲιιεῐνος,

2328 2329 2387 2380 οὗ
2407 2332 2463 2379 τό
2496 2332 2655 2399 ὄνομα
2684 2332 2815 2399 μέγα
2840 2332 2930 2379 καὶ
2962 2327 3269 2401 περιϐόητον
3316 2333 3461 2401 παρὰ
3488 2337 3614 2381 πᾶσι
3660 2337 3748 2389 τοῖς
3769 2330 3861 2381 Ἰονο

2330 2414 2519 2478 ὃαίοις.
2558 2422 2658 2469 Καὶ
2700 2418 2805 2487 οὐχ
2846 2417 3013 2477 ἁπλῶς
3035 2425 3308 2491 μαρτυρεῖ,
3371 2418 3497 2470 ἀλλὰ
3547 2424 3630 2470 καὶ
3650 2423 3860 2489 διέγραψεν,

2328 2511 2487 2576 ἤγουν
2523 2504 2625 2578 βοᾲ
2644 2509 2774 2577 μετὰ
2796 2505 3110 2579 παρρησίας,
3154 2509 3405 2578 κηρύττει
3452 2511 3579 2579 μετὰ
3623 2507 3863 2579 ἐλευθερίας,

2327 2602 2496 2667 χωρὶς
2528 2598 2698 2655 πάσης
2738 2595 3049 2655 ὑποστολῆς.
3093 2601 3155 2648 Τί
3190 2593 3247 2647 δὲ
3274 2604 3527 2671 μαρτυρεῖ
3563 2602 3645 2648 καὶ
3670 2601 3862 2667 κέκραγεν

2325 2683 2573 2741 ἄκουσον,

2400 2778 2572 2844 Λέγων
2602 2774 2715 2841 (40)
2750 2804 2815 2814 -
2859 2778 3081 2844 γέγονεν.
3121 2772 3240 2827 Eii-rs
3270 2778 3370 2849 γὰρ
3406 2780 3555 2827 τοῦτό
3594 2794 3643 2826 τε
3672 2779 3744 2824 καὶ
3772 2773 3867 2824 illa

2324 2872 2543 2913 τοιαῦτα
2574 2868 2686 2931 περὶ
2718 2870 2807 2914 τοῦ
2836 2870 3066 2936 Χριστόν
3096 2871 3197 2923 τοῖς
3244 2861 3549 2929 Ἰουδαίοις,
3588 2869 3678 2936 πρὸ
3703 2872 3775 2915 τοῦ
3800 2883 3868 2933 γα-

2323 2960 2471 3009 νῆναι
2498 2952 2649 3003 αὐτόν
2673 2954 2739 3013 ὡς
2772 2956 3060 3025 προφήτης,
3096 2958 3184 3003 καὶ
3219 2954 3303 3004 ἱνα
3348 2962 3410 3025 τῇ
3440 2958 3554 3027 περὶ
3578 2953 3719 3003 αὑτοῦ
3753 2957 3861 3021 φήμῃ

555 3047 1096 3117 ρεεθοουρειεθῃιυν,
1153 3047 1209 3096 et
1251 3057 1386 3095 cum
1429 3040 1819 3111 postmodum
1872 3044 2205 3111 appareret,

2324 3041 2850 3114 προκατασχξθώσίν,
2881 3045 2970 3092 καὶ
3007 3039 3184 3091 λοιπόν
3231 3048 3496 3113 φανέντος,
3553 3036 3865 3115 εὐπαράδεκτός

554 3132 784 3189 facilius
816 3130 1218 3187 testimonium
1251 3130 1324 3185 de
1357 3129 1450 3184 illo
1482 3130 1861 3199 reciperetur.
1911 3129 2212 3200 Siquidem

554 3222 857 3279 Mattbaeus
872 3220 1069 3275 scribit
1083 3236 1220 3274 eum
1234 3217 1598 3284 dixisse20ui
1614 3224 1736 3287 post
1752 3233 1836 3273 me
1852 3218 2216 3287 venit,forti—

550 3315 827 3375 ormeest,
845 3312 1013 3379 cujus
1026 3326 1133 3364 non
1146 3325 1267 3364 sum
1280 3309 1497 3377 dignus
1509 3307 1885 3363 calceamenta
1898 3309 2212 3377 portare".

620 3489 771 3556 Quid
800 3495 887 3544 est
917 3488 1284 3554 autem,Post
1306 3503 1394 3543 me
1410 3493 1699 3543 venturus
1731 3494 1811 3541 est
1841 3486 1945 3557 qui
1964 3492 2094 3540 ante
2125 3503 2208 3541 me

538 3584 661 3651 fuit
695 3579 722 3634 ?
746 3583 860 3634 Hoc
886 3584 991 3643 est,
1025 3578 1160 3633 Post
1186 3576 1497 3649 paululum
1531 3575 1607 3631 ad
1634 3592 1736 3631 vos
1782 3580 2062 3630 venturus
2089 3581 2200 3641 est,

542 3670 643 3741 qui
666 3669 796 3723 licet
829 3673 891 3721 ut
919 3668 1102 3722 homo
1133 3667 1401 3722 nonduin
1435 3665 1734 3737 apparuit,
1786 3664 1974 3735 gloria
2005 3668 2202 3718 tamen

544 3774 613 3813 ac
654 3758 962 3828 majestate
996 3774 1087 3811 me
1126 3756 1405 3827 praecedit
1453 3772 1466 3823 ;
1504 3771 1646 3810 nam
1680 3753 1941 3810 maxime
1982 3754 2202 3823 gloriﬁ-

541 3848 774 3906 candus
805 3852 859 3901 et
876 3847 1219 3901 exaltandus
1244 3852 1348 3900 est.
1370 3845 1540 3909 Quod
1562 3849 1757 3900 autem
1804 3841 2069 3898 futurum
2090 3847 2196 3908 est,

540 3952 703 3991 more
735 3935 1030 4006 prohetize,
1059 3934 1236 4007 quasi
1259 3935 1389 4005 jam
1411 3934 1631 3989 factum
1654 3933 1745 3997 sit,
1776 3932 1939 3987 dixit.
1975 3931 2198 3987 Deinde

543 4025 710 4097 ponit
733 4025 913 4080 etiam
944 4039 1193 4079 causam
1228 4021 1577 4093 hujusmodi
1609 4020 2014 4077 sublimitatis.

612 4115 771 4171 Vers.
814 4120 894 4170 15.
938 4115 1083 4180 Quia
1110 4116 1277 4185 prior
1306 4129 1396 4167 me
1425 4117 1573 4169 erat.
1605 4112 1754 4177 Quia
1771 4127 1866 4167 me
1903 4116 2193 4184 tanquam

543 4206 697 4260 Deus
729 4204 1125 4277 praecedebat.

610 4296 766 4351 Vers.
800 4296 887 4351 16.
928 4295 1005 4349 Et
1039 4327 1101 4334 —
1130 4292 1479 4361 accepimus.
1524 4290 1671 4346 Cum
1707 4290 1908 4363 ipsum
1948 4290 2191 4345 dixisset

2325 3133 2353 3187 ἠ
2386 3136 2497 3200 περὶ
2532 3130 2691 3181 αὐτοῦ
2718 3134 2981 3203 μαρτυρία
3017 3135 3246 3201 γένηται.
3304 3137 3407 3184 Καὶ
3433 3135 3533 3205 γὰρ
3560 3136 3641 3182 καὶ
3662 3130 3864 3185 Ματθαῐις

2324 3219 2542 3291 ἔγραψεν
2570 3221 2648 3270 ότι
2675 3219 2838 3289 ἔλεγεν
2863 3238 2874 3250 ·
2902 3218 2962 3271 Ὀ
2992 3218 3160 3270 ὀπίσω
3198 3239 3299 3291 μου
3335 3219 3616 3293 ἐρχόμενος
3643 3218 3862 3291 ἱσχνρότςε

2321 3314 2411 3382 ρός
2439 3311 2539 3381 μού
2566 3308 2724 3372 ἐστιν,
2758 3308 2817 3359 οὗ
2846 3307 2938 3359 οὐκ
2972 3308 3072 3379 εἰμὶ
3106 3310 3274 3369 ἱκανός
3316 3313 3383 3361 τὰ
3412 3306 3715 3380 ὑποδήματα
3756 3304 3863 3375 ῥασ-

2322 3400 2501 3449 τάσαμ

2390 3492 2451 3539 Τί
2479 3483 2538 3539 δέ
2564 3486 2718 3551 ἐστιν,
2752 3486 2810 3537 Ὀ
2842 3486 3012 3538 ὀπίσω
3039 3506 3139 3557 μου
3184 3485 3471 3561 ἐρχόμενος
3512 3486 3767 3560 ἔμπροσθέν
3789 3500 3861 3552 μου

2316 3580 2517 3645 γέγονεν
2551 3575 2644 3640 ;'O
2670 3578 2799 3647 μετά
2829 3579 3012 3649 μικρόν
3044 3574 3323 3649 ἐρχόμενος
3383 3580 3516 3650 πρὸς
3565 3577 3706 3647 ὖμάςν
3733 3572 3862 3623 66⁸⁵⁷

2314 3672 2455 3715 om?”
2485 3664 2886 3735 ἐμφανιξόέιενος
2923 3666 3039 3735 ὑμῖν
3080 3667 3144 3724 ὡς
3175 3667 3475 3737 ἅνθρωπος,
3510 3663 3711 3737 ὑπερέϐη
3742 3679 3791 3731 tu

2313 3750 2441 3825 δόξῃ
2485 3760 2572 3805 καὶ
2616 3753 2997 3825 μεγαλειότητι.
3042 3756 3183 3805 Πάνυ
3235 3756 3341 3827 γὰρ
3385 3754 3554 3826 μέλλει
3591 3750 3856 3813 δοξασθξναι

2309 3848 2397 3895 καὶ
2426 3842 2827 3915 μεγαλυνθῆναι.
2884 3842 2971 3904 Ὠς
3013 3848 3349 3915 γεγενημένον
3386 3840 3447 3897 δε
3504 3841 3608 3897 εἶπε
3640 3844 3690 3892 τὸ
3725 3837 3859 3910 μελλον

2306 3936 2444 4003 νόμῳ
2480 3936 2813 4007 προφητείας.
2849 3929 2970 3984 Εἶτα
2995 3934 3181 3990 τίθησι
3205 3937 3296 3984 καὶ
3319 3938 3416 3991 τὴν
3440 3933 3609 3984 αἰτίαν
3629 3938 3712 3990 τῆς
3730 3928 3857 3979 τοιτὲ

2306 4040 2396 4081 της
2424 4022 2708 4093 ὑπεροχῆς.

2373 4109 2494 4163 Ὀτι
2528 4116 2731 4185 πρῶτός
2760 4129 2860 4183 μου
2894 4106 2969 4168 ἦν.
3027 4107 3148 4161 Ὀτι
3211 4110 3582 4184 ὑπερχείμενός
3607 4128 3696 4181 μου
3739 4102 3849 4161 ἦνὼς

2305 4204 2463 4263 Θεός.

2376 4294 2475 4342 Καὶ
2507 4318 2568 4331 ——
2602 4286 2868 4360 ἐλάϐομεν.
2900 4288 3067 4342 Εἰπὼν
3099 4289 3174 4341 ότι
3199 4289 3411 4364 πλήρης
3431 4291 3737 4365 χάριτοςκαὶ
3758 4281 3851 4336 ἀλε-

538 4386 782 4457 plenum
814 4386 1005 4456 gratia
1031 4389 1086 4438 et
1115 4384 1373 4449 veritate,
1427 4398 1496 4437 ac
1538 4382 1765 4436 fontem
1802 4380 1999 4435 omnis
2046 4379 2189 4435 boni

2318 4380 2439 4439 hiat;
2476 4375 2555 4441 ἦν,
2579 4382 2668 4429 καὶ
2695 4374 2870 4439 δείξας
2892 4377 3045 4429 αὐτόν
3064 4382 3239 4449 πηγὴν
3263 4383 3464 4441 παντὸς
3489 4378 3675 4451 ἀγαθοῦ
3698 4372 3850 4426 ἀέντων

536 4491 862 4546 perennem
885 4479 939 4529 et
961 4474 1373 4531 inexhaustum
1400 4486 1527 4526 esse
1549 4470 2049 4533 demonstrasset,
2078 4468 2185 4524 ait:

538 4566 651 4620 Nos
676 4566 855 4619 etiam
870 4580 1076 4618 omnes
1094 4560 1371 4632 discipuli
1401 4560 1473 4615 de
1496 4559 1593 4613 tali
1614 4558 1801 4630 ipsius
1826 4556 2189 4630 plenitudine

537 4668 643 4723 per
685 4652 1200 4723 participationem
1246 4649 1613 4720 accepimus.

611 4744 765 4796 Vers.
809 4742 891 4797 16.
928 4742 999 4795 Et
1034 4742 1292 4810 gratiam
1328 4754 1440 4808 pro
1476 4738 1687 4809 gratia.
1722 4740 1953 4793 Novum
1998 4739 2190 4793 Testa-

538 4835 805 4886 mentum
838 4847 938 4902 pro
971 4830 1181 4886 Veteri.
1214 4829 1382 4894 Quod
1424 4833 1622 4883 autem
1652 4827 1723 4881 de
1756 4825 1849 4881 his
1882 4826 2186 4898 loquatur,

538 4921 1022 4993 exsequentibus
1061 4920 1446 4975 manifestum
1496 4922 1584 4972 est
1621 4934 1638 4987 ;
1702 4916 1935 4971 interim
1987 4921 2185 4971 autem

523 5009 686 5066 ‘scito
717 5010 879 5082 quod
910 5010 1097 5067 ethoc
1114 5007 1334 5064 etiliud
1362 5007 1629 5063 Gratiam
1664 5004 2015 5073 nominavit,
2041 5005 2183 5076 quia

612 5195 659 5232 ¹⁸
698 5190 896 5249 Matth.
940 5190 1034 5256 ΙΙΙ,
1116 5189 1203 5243 11.

2299 4472 2386 4519 καὶ
2419 4467 2681 4529 ἀκένωτον,
2707 4471 2863 4538 φησὶν
2887 4467 2965 4517 ότι
2998 4471 3099 4518 Καὶ
3126 4468 3277 4538 ἡμεῖς
3309 4471 3497 4528 πάντες
3536 4470 3582 4519 οἱ
3604 4456 3847 4538 μαθηταὶά

2298 4564 2389 4608 τοῦ
2420 4558 2651 4608 τοιούτου
2709 4555 3051 4629 πληρώματος
3116 4555 3277 4607 αὐτοῦ
3329 4556 3576 4629 ἐλάϐομεν
3629 4554 3740 4605 κατὰ
3788 4564 3847 4619 μί’

2298 4652 2492 4717 τοχήν,

2372 4740 2471 4788 Καὶ
2512 4736 2673 4808 χάριν
2732 4730 2845 4785 ἀντὶ
2914 4735 3151 4807 χάριτος.
3208 4739 3316 4792 Τὴν
3385 4739 3578 4793 Καινὴν
3630 4730 3840 4785 Audi!”

2300 4824 2413 4876 ἀντὶ
2470 4832 2558 4883 τῆς
2615 4821 2867 4884 Παλαιᾶς.
2906 4829 3023 4874 Ὅτι
3080 4819 3138 4875 δὲ
3176 4828 3296 4897 περὶ
3349 4828 3549 4876 τούτων
3598 4824 3727 4891 λέγει,
3770 4812 3837 4869 δέ’

2297 4914 2381 4966 λον
2435 4912 2535 4965 ἀπό
2588 4920 2683 4964 τῶν
2748 4910 2927 4983 ἕφεξῆς
2958 4932 2970 4943 ·
3011 4916 3132 4972 τέως
3213 4909 3273 4964 δὲ
3358 4916 3531 4987 Χάριν
3574 4917 3653 4963 καὶ
3694 4907 3837 4958 ταύτῃ

2296 5005 2534 5061 κάκείνην
2585 5002 2847 5075 ὠνόμασε,
2903 4998 3044 5054 διότι
3086 5004 3221 5054 κατὰ
3266 5005 3438 5076 χάριν
3471 5003 3725 5075 ἀμφότεραι
3753 4992 3836 5063 (Μ)

1757 5364 1979 5437 Variae
2012 5362 2339 5433 lectiones
2381 5372 2449 5432 et
2481 5371 2693 5432 notae.

628 5571 716 5629 39)
759 5565 926 5625 Αὐτοῦ
978 5564 1148 5625 abest
1194 5570 1255 5619 Δ.

628 5571 696 5629 39
759 5571 926 5625 Αὑτοῦ
978 5571 1148 5625 abest
1194 5571 1255 5619 Δ.

604 5571 717 5716 ξωζ
777 5645 953 5716 animi
991 5641 1053 5697 in
1082 5633 1743 5716 interpretatione__non
1795 5633 2183 5716 habetnon-

536 5706 746 5778 tetiius.
772 5706 975 5788 Neque
1024 5706 1331 5769 tamen'iu
1377 5706 1727 5763 Prmfatioue
1780 5706 2031 5773 monuit,
2077 5719 2182 5761 cur

2291 5557 2583 5618 omiserit.

2362 5631 2477 5707 (41)
2504 5632 2826 5707 ’Δμφότεριῃ
2866 5635 2927 5687 Δ.
