4038 6226
211 266 343 330 1423

1284 264 1659 333 COMMENT.
1701 274 1770 329 IN
1810 264 2172 337 JOANNEM.
2214 313 2279 323 —
2312 278 2475 341 CAP.
2522 277 2563 342 Ι.

3446 297 3582 354 1126

210 397 474 459 ἐδόθησαν
504 406 614 461 τοῖς
639 398 881 464 λαϐοῦσι,
916 400 1269 473 χαριζομένου
1310 408 1399 452 τοῦ
1433 408 1565 454 Θεοῦ
1609 401 1806 462 τούτοις

1926 408 2244 496 utrumque
2263 408 2448 477 gratis
2475 410 2905 484 accipientibus
2930 412 3138 473 datum
3159 422 3268 485 est,
3290 414 3406 478 Deo
3433 424 3583 496 ipsis

210 488 284 543 δι’
337 490 473 544 ἔλεον
512 488 717 556 οἰκεῖον,
771 489 865 541 οὐκ
914 487 1253 562 ἀμειϐομένου
1307 492 1521 551 τούτους
1569 486 1661 542 διὰ
1695 489 1807 558 (42)

206 577 575 653 προλαϐο-ὗσας
597 578 777 653 ἀρετὰς
808 578 997 630 αὐτῶν.

277 668 480 742 Ὠσπερ
554 665 612 720 δὲ
674 663 906 725 διαθήκη
960 673 1047 720 καὶ
1105 665 1336 726 διαθήκη
1407 668 1662 739 λέγονται,
1721 673 1809 719 καὶ

204 763 360 830 νὸμος
388 764 481 809 καὶ
528 762 699 829 νόμος,
753 761 842 808 καὶ
894 756 1056 809 πολλά
1113 765 1332 809 τοιαῦτα
1383 756 1612 829 ὀνόματα
1662 758 1811 808 κοινὰ

206 850 425 919 ἔχουσιν
453 866 466 878 ’
528 847 663 899 οὕτω
696 851 783 898 καὶ
831 847 997 921 χάρις
1041 847 1155 918 (ἱμ3)
1186 851 1277 898 καὶ
1322 848 1487 920 χάρις
1530 844 1806 918 ὀνομάζον-

203 957 312 991 ται.

272 1024 590 1097 Ὀμωνύμως
670 1021 730 1078 δὲ
788 1027 976 1091 πάντα,
1048 1029 1136 1076 καὶ
1204 1023 1262 1076 οὐ
1329 1026 1660 1094 συνωνύμως.
1732 1024 1811 1075 Τὰ

200 1113 398 1174 ἐκείνης
560 1117 661 1187 γὰρ
691 1117 1049 1186 στοιχείωσις,
1083 1116 1150 1165 τὰ
1186 1116 1381 1174 ταύτης
1413 1109 1472 1165 δὲ
1511 1112 1768 1173 τελείωσις
1791 1130 1803 1143 ·

200 1202 418 1255 κάκεῖνα
466 1207 558 1275 μὲν
600 1209 757 1256 παισὶ
805 1209 1156 1276 προσήκοντα,
1214 1210 1378 1255 ταῦτα
1409 1199 1467 1255 δὲ
1527 1198 1804 1275 ἀνδράσιν.

271 1495 341 1542 Ἦ
399 1491 570 1541 ἐκεῖνα
617 1490 706 1560 μεν
754 1485 1003 1561 ἀνδράσι,
1045 1496 1212 1541 ταῦτα
1259 1486 1318 1542 δὲ
1368 1488 1628 1561 ἀγγέλοις.
1682 1487 1809 1542 Εἶτα

200 1575 431 1631 δεικνύει
459 1582 519 1630 τὸ
560 1574 808 1650 διάφορον
853 1577 1021 1630 αὐτῶν
1069 1577 1171 1630 ἀπὸ
1217 1587 1317 1630 τῶν
1351 1575 1808 1652 διακονησαμένων

199 1668 400 1728 αὐτοῖς.

1924 493 2161 563 propria
2191 510 2301 551 sua
2331 496 2741 557 misericordia
2768 504 3159 574 gratificante,
3190 525 3305 565 non
3338 512 3417 567 ob
3444 493 3587 584 prte—

1923 581 2199 637 cedentes
2250 583 2489 641 illorum
2531 589 2775 645 virtutes
2807 592 3188 664 rependente.

1994 670 2511 733 Quemadmodum
2533 682 2733 733 autem
2755 678 3038 736 dicuntur
3064 683 3157 739 lex
3185 692 3242 741 et
3264 685 3379 757 lex,
3402 696 3584 746 testa-

1923 764 2194 815 mentum
2228 777 2297 816 ac
2346 769 2786 833 testamentum,
2832 769 3129 844 multaque
3189 774 3304 831 alia
3336 778 3583 835 nomina

1920 844 2145 904 habent
2193 854 2542 910 communia
2584 870 2596 910 :
2646 855 2729 912 ita
2768 873 3006 931 quoque
3055 863 3248 930 gratia
3282 871 3337 920 et
3389 866 3582 937 gratia

1922 939 2330 996 nominantur.

1992 1025 2124 1082 Haec
2158 1035 2355 1086 autem
2388 1032 2693 1104 eequivoca
2724 1041 2879 1102 sunt,
2916 1053 3038 1094 non
3064 1056 3405 1114 synonyma
3432 1061 3445 1099 :
3482 1044 3580 1100 illa

1923 1113 2222 1187 siquidem
2252 1133 2389 1190 quae
2443 1123 2654 1177 veteris
2681 1129 2839 1190 sunt,
2889 1127 3100 1183 rudem
3130 1113 3578 1201 expressionem

1920 1200 2213 1261 duntaxat
2263 1208 2605 1278 signiﬁcant
2642 1217 2697 1267 et
2750 1213 3161 1281 imitationem,
3202 1200 3339 1286 quae
3377 1228 3579 1278 autem

1920 1294 2082 1360 novi,
2113 1295 2533 1366 perfectionem
2567 1319 2579 1358 :
2611 1307 2667 1356 et
2692 1301 2794 1358 illa
2833 1319 2978 1360 sane
3028 1308 3313 1364 omnibus
3335 1310 3410 1381 (Γ)
3440 1327 3579 1367 con-

1925 1382 2187 1451 veniunt,
2217 1384 2347 1441 haec
2401 1393 2602 1444 autem
2636 1390 2778 1446 solis
2809 1392 2971 1448 viris.

1992 1470 2097 1528 Vel
2134 1474 2333 1545 potius
2363 1476 2463 1533 illa
2500 1478 2664 1548 viris,
2705 1481 2819 1538 ista
2842 1499 2981 1539 vero
3007 1482 3263 1556 'angelis.
3296 1486 3580 1545 Differen-

1920 1562 2064 1618 tiam
2095 1573 2526 1638 consequenter
2549 1569 2817 1642 ipsorum
2850 1573 2927 1629 ab
2954 1574 3047 1630 his
3087 1576 3187 1647 qui
3216 1593 3285 1633 ea
3319 1578 3579 1635 admini-

1920 1658 2251 1709 straverunt
2276 1656 2554 1713 ostendit.

268 1755 395 1808 Ὀτι
440 1787 512 1796 -
559 1754 773 1828 ἐγένετο.
816 1755 877 1808 ’0
932 1760 1085 1829 νόμος
1136 1760 1246 1829 μὲν,
1308 1761 1472 1809 εἷτουν
1529 1759 1559 1816 ἡ
1612 1756 1806 1809 παλαιὰ

1993 1740 2153 1797 Vers.
2190 1748 2270 1798 l7.
2298 1746 2658 1816 Quia—fuit.
2689 1751 2800 1806 Lex
2822 1750 3092 1823 quidem,
3116 1753 3241 1810 sive
3269 1760 3436 1812 vetus
3479 1759 3581 1813 Te-

197 1847 441 1903 Διαθηκη
511 1842 607 1897 διὰ
656 1850 906 1906 Μοῦσέως
957 1845 1416 1918 μεσολαϐήσαντος
1476 1842 1633 1904 ἐδόθη
1702 1854 1810 1908 τοῖς

193 1933 503 2009 Ἑϐραίοις·
554 1936 584 1993 ἡ
639 1936 799 2008 χάρις
868 1931 950 2003 δὲ,
999 1938 1161 2006 ἤγουν
1229 1936 1256 1993 ὁ
1313 1940 1421 1999 νέα,
1481 1931 1576 1987 διὰ
1631 1935 1807 1989 Ἰησοῦ

197 2031 445 2098 Χριστοῦ
513 2021 727 2095 ὶγένετο,
809 2020 1022 2087 οὐδενὸς
1076 2024 1244 2097 ἐτέρου
1328 2023 1804 2097 μεσολαϐήσαντος.

199 2119 307 2168 Καὶ
355 2120 589 2174 Μωῦσῆς
661 2116 752 2185 μὲν
801 2110 983 2174 δοῦλος
1033 2111 1117 2174 ἦν,
1174 2119 1263 2166 καὶ
1333 2116 1454 2188 ὅπερ
1529 2113 1704 2167 ἔλαϐεν
1752 2114 1806 2166 ἐκ

195 2207 354 2268 Θεοῦ,
406 2209 558 2254 τοῦτο
606 2198 802 2254 ἔδωκε’
852 2207 1083 2277 Χριστὸς
1138 2198 1196 2254 δὲ
1241 2208 1504 2264 Δεσπότης
1568 2199 1649 2268 ἧν,
1716 2209 1806 2255 καὶ

195 2292 366 2353 αὐτὸς
401 2291 611 2348 ἐποίησε
648 2295 742 2349 τὴν
769 2295 884 2343 νέαν
935 2294 1004 2352 ὡς
1054 2295 1203 2352 Θεὸς.
1249 2298 1411 2343 Ὅσον
1455 2287 1543 2343 οὖν
1594 2295 1653 2344 τὸ
1680 2289 1805 2344 διά-

195 2400 359 2455 φορον
431 2384 689 2440 Μυῦσέως
758 2384 848 2432 καὶ
906 2387 1161 2452 Χριστοῦ,
1239 2388 1486 2433 τοσοῦτον
1543 2382 1648 2455 ἄρα
1715 2386 1805 2434 καὶ

199 2474 423 2522 τούτων.
476 2466 616 2522 ”Ανω
667 2470 758 2540 μὲν
820 2465 907 2521 οὖν
966 2472 1131 2543 Χάριν
1184 2474 1274 2521 καὶ
1321 2473 1483 2541 χάριν
1553 2466 1660 2522 εἶπε
1713 2466 1808 2523 διὰ

195 2565 299 2618 τὴν
347 2558 458 2611 ἐκεῖ
524 2558 774 2631 ῥηθεῖσαν
837 2558 1039 2610 αἰτίαν·
1100 2557 1323 2611 ἐνταῦθα
1381 2555 1441 2611 δε
1506 2563 1665 2631 μόνην
1714 2565 1805 2618 την

194 2652 318 2701 νέαν
394 2649 657 2706 Διαθὴκην
719 2646 926 2700 ἐκάλεσε
1002 2648 1186 2723 Χάριν,
1251 2650 1322 2709 ὡς
1374 2647 1562 2719 μᾶλλον
1620 2650 1802 2724 χάριν.

195 2744 350 2795 Μὸνη
408 2740 512 2810 γὰρ
576 2736 707 2794 αῦτη
758 2737 1043 2810 χαρίζεται
1102 2737 1283 2808 ἄφεσιν
1345 2736 1632 2811 ἁμαρτιῶν,
1683 2736 1805 2787 ἀνα-

194 2832 472 2899 γέννησιν,
527 2827 810 2890 υἱοθεσίαν,
865 2824 1137 2898 βασιλείαν
1185 2824 1431 2897 οὐρανῶν,
1473 2831 1563 2878 καὶ
1612 2825 1804 2896 ἀγαθὰ,

194 2917 233 2969 ἃ
264 2914 535 2989 ὀφθαλμὸς
584 2914 679 2967 οὐκ
726 2911 854 2979 εἶδε,
912 2920 1001 2966 καὶ
1053 2910 1144 2977 οὖς
1181 2913 1276 2966 οὐκ
1324 2918 1537 2982 ἤκουσε,
1579 2919 1669 2967 καὶ
1723 2916 1807 2968 ἐπὶ

192 3003 435 3079 καρδίαν
465 3004 737 3078 ἀνθρώπου
768 3003 862 3055 οὐκ
881 3002 1056 3062 ἀνέϐη.

1917 1837 2277 1887 stamentum
2313 1849 2417 1905 per
2464 1836 2682 1892 Mosem
2727 1840 3109 1898 mediatorem
3144 1842 3406 1900 Hebraeis
3432 1846 3579 1902 data

1915 1927 2025 1985 est,
2041 1922 2232 1991 gratia
2247 1939 2387 1979 vero
2404 1926 2529 1980 sive
2546 1942 2769 1982 novum
2785 1931 3230 1987 Testamentum
3251 1949 3357 2004 per
3371 1935 3575 1990 Jesum

1914 2009 2212 2067 Christum
2239 2012 2405 2069 nullo
2436 2014 2623 2071 altero
2650 2018 2971 2075 mediante.
3009 2022 3072 2075 Et
3104 2020 3298 2077 Moses
3323 2023 3572 2094 quidem

1916 2115 2118 2154 servus
2140 2106 2283 2165 erat,
2307 2103 2590 2176 quodque
2612 2121 2648 2160 a
2674 2108 2788 2161 Deo
2802 2108 3050 2180 accepit,
3077 2109 3191 2165 hoc
3206 2110 3399 2167 dedit:
3415 2112 3573 2168 Chri-

1915 2193 2043 2244 stus
2085 2195 2283 2245 autem
2336 2193 2623 2249 Dominus
2671 2202 2814 2259 erat,
2856 2202 2912 2251 et
2944 2198 3070 2269 ipse
3100 2206 3387 2271 tauquam
3418 2201 3575 2257 Deus

1915 2292 2140 2334 novum
2156 2280 2421 2336 condidit
2449 2284 2912 2341 Testamentum.
2964 2289 3267 2352 Quantum
3285 2296 3373 2344 est
3399 2290 3577 2360 igitur

1915 2368 2090 2423 Mosis
2119 2384 2155 2423 a
2179 2369 2408 2425 Christo
2439 2370 2785 2443 discrimen,
2812 2380 3044 2431 tantum
3076 2393 3221 2433 sane
3245 2383 3301 2434 et
3339 2378 3572 2435 horum.

1915 2457 2196 2528 Superius
2212 2465 2389 2524 certe,
2424 2461 2687 2519 Gratiam
2717 2467 2769 2519 et
2792 2465 3052 2533 gratiam
3070 2465 3218 2522 dixit
3234 2468 3313 2522 ob
3327 2484 3573 2525 causam

1912 2546 2136 2602 ibidem
2165 2547 2388 2604 dictam
2421 2566 2434 2614 ;
2462 2550 2555 2605 hic
2582 2558 2784 2608 autem
2808 2570 3031 2609 novum
3054 2555 3345 2612 duntaxat
3370 2558 3575 2614 Testa-

1918 2644 2181 2694 mentum
2207 2639 2464 2696 Gratiam
2484 2641 2833 2710 nominavit,
2863 2650 3062 2716 utpote
3085 2647 3277 2701 verius
3298 2650 3572 2718 gratiam.

1914 2729 2062 2783 Nam
2107 2729 2305 2785 solum
2362 2730 2565 2802 ipsum
2596 2737 2976 2803 peccatorum
3034 2735 3336 2791 condonat
3366 2738 3577 2793 remis-

1916 2818 2168 2885 sionem,
2185 2820 2715 2891 regenerationem,
2740 2821 3157 2894 adoptionem;
3188 2841 3438 2894 regnum
3461 2842 3577 2882 ca:-

1914 2907 2110 2963 lorum
2156 2908 2358 2964 tribuit
2383 2925 2452 2965 ac
2482 2910 2645 2966 bona
2674 2926 2811 2983 quae
2852 2912 3061 2967 oculus
3101 2929 3221 2968 non
3262 2912 3432 2981 vidit,
3464 2931 3574 2972 nec

1914 2997 2075 3053 auris
2107 2997 2350 3063 audivit,
2382 3014 2490 3054 nec
2517 2999 2576 3055 in
2589 3016 2692 3055 cor
2711 3000 2975 3056 hominis
2996 3002 3460 3061 ascenderunt‘.

271 3094 451 3149 Εἰπὼν
510 3090 568 3146 δὲ
614 3094 697 3145 ὅτι
750 3092 807 3146 Ἡ
860 3095 1041 3166 χάρις,
1103 3094 1446 3166 προσέθηκεν,
1510 3095 1587 3145 ὅτι
1642 3095 1801 3151 Καὶὴ

1987 3085 2094 3142 Ubi
2122 3102 2265 3143 vero
2293 3086 2542 3142 dixisset
2568 3088 2803 3153 Gratia,
2833 3090 3082 3157 addidit,
3106 3092 3186 3147 Et
3212 3092 3453 3164 veritas,
3486 3094 3572 3149 in-

191 3184 460 3242 ἀλήθεια’
519 3185 576 3234 τὸ
650 3176 876 3251 ἀψευδὲς
950 3180 1080 3253 αὐτῇ
1144 3189 1580 3256 προσμαρτυρῶν,
1653 3185 1683 3240 ἦ
1747 3185 1805 3233 τὸ

190 3273 416 3327 τῦειον.
476 3271 676 3328 Ἐκείνη
731 3273 820 3343 μὲν
876 3272 974 3343 γὰρ
1032 3272 1061 3328 ἡ
1118 3272 1281 3344 χάρις
1347 3268 1561 3331 ἀτελής·
1618 3269 1678 3322 Ὀ
1725 3274 1806 3321 νὸ-

190 3382 296 3435 μσς
368 3364 475 3435 γὰρ
549 3355 699 3412 οὐδὲν
774 3358 1052 3424 ἐτελείωσε,
1126 3363 1283 3430 φησὶν
1357 3361 1382 3411 ὸ
1453 3358 1801 3420 Ἀττὸστολος⁶

192 3453 337 3509 αὕτη
384 3446 445 3502 δε
474 3447 660 3513 τελεία,
719 3450 784 3508 ὡς
837 3446 1166 3509 τελειοποιὸς.
1214 3445 1374 3499 Ὅσον
1432 3443 1519 3499 οὖν
1570 3451 1806 3520 μείζονος

189 3542 430 3613 χάριτος
546 3537 859 3608 ἠξιώθημεν,
969 3544 1215 3588 τοσοῦτον
1311 3539 1524 3609 μείζονα
1621 3536 1805 3612 ἀρετήν

192 3628 493 3700 ὀφείλομεν,
542 3626 624 3678 ἱνα
647 3630 742 3698 μὴ,
773 3624 992 3688 ἀναξίως
1016 3632 1110 3687 τῆς
1159 3624 1479 3686 τηλικαύτης
1510 3625 1808 3700 εὐεργεσίας

190 3716 656 3788 κολιτευσάμενοι,
697 3713 844 3777 ἀξίαν
874 3722 971 3777 τῆς
998 3714 1319 3777 τηλικαύτης
1345 3715 1607 3789 ῥᾳθυμίας
1651 3711 1806 3774 δίκην

191 3806 455 3879 ὑφέξομεν
466 3846 478 3859 .

276 3899 414 3949 Θεὸν
476 3923 545 3934 --
610 3891 925 3965 ἐξηγήσατο.
997 3892 1084 3946 Ἐκ
1152 3896 1308 3954 ποίας
1375 3891 1682 3955 ἀκο)ουθίας
1741 3893 1808 3954 εἰς

189 3995 358 4040 τοῦτο
422 3980 570 4042 ἦλθεν
651 3984 677 4034 ὸ
740 3981 1130 4054 εὐαγγελιστης,
1196 3985 1452 4055 πρὸσχες.
1519 3982 1696 4045 Δείξας
1749 3987 1807 4035 τὸ

192 4074 460 4147 διάφορον
514 4079 606 4124 τοῦ
654 4076 814 4144 νόμου
848 4091 900 4124 τε
938 4076 1028 4123 καὶ
1076 4080 1167 4133 τῆς
1212 4074 1454 4145 χάριτος,
1505 4071 1683 4143 ἐπάγει
1719 4076 1809 4125 καὶ

191 4166 380 4218 αἰτίαν
447 4162 650 4232 εὔλογον
706 4169 803 4221 τῆς
872 4157 1147 4234 διαφορᾶς,
1206 4165 1285 4212 ὅτι
1328 4165 1415 4213 τὸν
1490 4164 1581 4233 μὲν
1655 4166 1807 4232 νόμον

191 4260 440 4312 Μωυσῆς
492 4249 749 4323 ἐκόμισεν,
791 4251 1057 4324 ἄνθρωπος
1113 4254 1183 4321 μὴ
1241 4249 1477 4322 ἑωρακὼς
1518 4254 1603 4302 τὸν
1644 4254 1803 4303 Θεὸν·

1914 3174 2217 3231 fallibilem
2248 3175 2443 3248 ipsam
2476 3193 2602 3233 esse
2650 3184 2938 3235 attestans
2973 3196 3043 3235 ac
3079 3180 3396 3253 perfectam
3431 3183 3574 3238 :illa

1914 3264 2211 3337 siquidem
2244 3266 2436 3336 gratia
2464 3272 2588 3323 erat
2637 3267 3003 3339 imperfecta,
3045 3271 3162 3326 Lex
3188 3270 3361 3326 enim.
3393 3279 3459 3327 ut
3487 3272 3573 3328 ait

1912 3354 2252 3426 Apostolus,
2267 3355 2423 3411 nihil
2436 3356 2517 3412 ad
2521 3357 2847 3427 perfectum
2860 3359 3119 3416 adduxit
3134 3360 3180 3396 ¹¹⁵
3197 3360 3356 3425 ;haac
3369 3365 3572 3417 autem

1916 3444 2192 3515 perfecta,
2210 3450 2405 3517 utpote
2419 3445 2666 3516 perfecte
2680 3462 2955 3517 operans.
2965 3449 3008 3513 Ο
3018 3454 3343 3519 uautoergo
3356 3450 3573 3521 majori

1914 3534 2106 3603 gratia
2121 3534 2281 3604 digni
2304 3533 2483 3591 habiti
2503 3551 2733 3601 sumus,
2756 3543 2921 3592 tanto
2934 3537 3009 3593 ad
3025 3538 3318 3611 majorem
3344 3536 3575 3610 obliga-

1919 3620 2052 3678 uiur
2080 3625 2353 3679 virtutem
2380 3640 2454 3680 ne
2468 3629 2627 3681 tanto
2639 3625 2930 3683 beneﬁcio
2952 3626 3196 3698 indigne
3209 3642 3571 3684 conversan-

1918 3718 2023 3780 tes,
2038 3713 2291 3785 dignum
2324 3719 2486 3770 tanta
2507 3715 2749 3785 ignavia
2761 3714 3123 3788 supplicium
3139 3716 3568 3774 sustineamus.

1988 3890 2152 3947 Vers.
2187 3892 2276 3950 18.
2308 3892 2487 3951 Deum
2519 3925 2586 3934 —
2616 3895 2942 3951 enarravit.
2985 3895 3114 3960 Qua
3144 3896 3575 3969 consequentia

1915 3983 2140 4037 venerit
2192 3982 2270 4037 ad
2313 3983 2428 4039 hoc
2480 3983 2861 4054 evangelista,
2936 3984 3199 4041 adverte.
3249 3988 3575 4058 Postquam

1916 4069 2310 4126 differentiam
2376 4072 2805 4128 demonstravit
2846 4073 2996 4142 legis
3028 4077 3084 4128 et
3123 4074 3347 4143 gratiae,
3387 4076 3570 4131 ratio-

1916 4157 2177 4213 nabilem
2213 4159 2390 4215 etiam
2429 4159 2772 4215 differentia:
2801 4176 3054 4215 causam
3081 4160 3248 4216 addit
3280 4178 3292 4215 :
3319 4161 3480 4233 quod
3501 4162 3575 4216 le-

1918 4261 2054 4317 gem
2092 4247 2338 4319 quidem
2376 4248 2567 4304 attulit
2605 4249 2815 4314 Moses,
2867 4248 3050 4304 bomo
3082 4249 3181 4320 qui
3232 4250 3421 4304 Deum
3452 4264 3574 4304 non

194 4348 309 4398 Καὶ
385 4342 490 4412 γὰρ
567 4343 695 4391 Θεὸν
762 4335 933 4399 οὐδείς
1002 4338 1195 4410 ἑώρακε
1263 4344 1495 4391 τώποτε”
1556 4343 1645 4391 καὶ
1717 4335 1806 4390 διὰ

1925 4335 2063 4392 vidit
2102 4337 2324 4394 :Deum
2390 4338 2547 4393 enim
2585 4354 2744 4393 nemo
2793 4337 2940 4392 vidit
2981 4353 3257 4409 unquam,
3321 4336 3577 4409 ideoque

186 4436 359 4485 τοῦτὸ
412 4428 551 4480 ἐστιν
610 4426 826 4479 ἐλάττων
898 4428 923 4479 ὁ
975 4432 1144 4496 νὸμος,
1219 4430 1287 4489 ὡς
1340 4431 1481 4499 παρά
1534 4426 1806 4501 ἀνθρώπου

186 4520 632 4590 κομισθείς-την
681 4512 739 4569 δε
769 4518 953 4589 χὶριν,
1006 4519 1125 4574 ἤτοι
1165 4520 1221 4568 τὸ
1264 4517 1596 4587 Εὑαγγέλιον,
1652 4518 1677 4568 ὁ
1706 4536 1806 4589 μο-

184 4613 416 4679 νογενὴς
467 4608 606 4671 Υἱὸς,
660 4607 686 4658 ὁ
756 4602 1148 4678 ἐνδιαιτώμενος
1189 4614 1260 4676 τῷ
1332 4607 1503 4677 κόλπῳ
1558 4613 1649 4658 τοῦ
1706 4613 1809 4659 llu-

184 4701 341 4772 τρὸς,
368 4701 461 4748 καὶ
481 4694 558 4749 ἀεὶ
583 4696 713 4767 ὁρῶν
739 4698 825 4747 τὸν
853 4699 1003 4760 Θεὸν,
1028 4697 1091 4755 ὡς
1113 4698 1261 4762 Θεὸς,
1286 4695 1472 4756 ἐκεῖνος
1493 4694 1806 4766 ἐξηγήσατο,

187 4784 504 4852 συνέταξεν,
537 4780 751 4847 ἐδίδαξε
774 4803 787 4816 ο
821 4788 909 4837 καὶ
941 4780 1036 4837 διὰ
1062 4790 1216 4836 τοῦτο
1241 4784 1430 4856 μείζων
1463 4786 1492 4842 ἡ
1525 4786 1708 4860 χάρις,
1741 4786 1809 4847 ὡς

180 4878 350 4950 παρὰ
411 4881 545 4927 Θεου
607 4880 870 4946 γεγονυῖα,
936 4880 1028 4925 τοῦ
1073 4874 1294 4948 ὁρῶντος
1352 4876 1439 4927 τὸν
1499 4876 1648 4939 Θεὸν,
1723 4878 1810 4927 καὶ

179 4970 559 5042 γινώσκοντος
585 4964 653 5016 τὰ
675 4969 767 5015 τοῦ
798 4968 953 5018 Θεοῦ.

270 5053 440 5110 Ἀλλὰ
512 5059 620 5114 πῶς
670 5047 806 5106 εἶπεν
866 5052 950 5105 ὅτι
1022 5054 1151 5107 Θεὸν
1218 5046 1389 5115 οὐδεὶς
1448 5050 1641 5130 ἑώρακε
1704 5057 1810 5106 πὼο

272 5234 327 5272 ³⁸
359 5231 541 5290 ICor.
574 5246 637 5298 ιι,
677 5231 733 5287 9.
813 5231 858 5267 ¹⁵
901 5229 1077 5298 Hebr,
1106 5244 1213 5301 vn,
1250 5230 1336 5287 l9.

1915 4425 2012 4483 lex
2048 4425 2288 4481 inferior
2316 4430 2423 4492 est,
2452 4431 2649 4498 utpote
2674 4426 2751 4482 ab
2780 4426 3025 4482 homine
3063 4425 3282 4482 delata.
3316 4427 3577 4483 Gratiam

1918 4531 2056 4572 vero
2078 4516 2198 4571 sive
2222 4516 2614 4586 Evangelium
2644 4515 2983 4587 unigenitus
3011 4515 3204 4571 Filius
3242 4514 3346 4588 qui
3378 4530 3576 4573 versa-

1920 4611 2012 4663 tur
2032 4605 2093 4661 in
2125 4606 2262 4661 sinu
2295 4605 2502 4671 Patris,
2539 4622 2896 4678 semperque
2932 4605 3116 4661 Deum
3143 4604 3324 4671 videt,
3357 4620 3576 4677 nempe

1918 4695 2074 4751 Deus
2086 4695 2231 4767 ipse,
2247 4695 2402 4751 illud
2411 4695 2740 4760 enarravit,
2766 4694 3065 4751 ordinavit
3082 4709 3152 4750 ac
3168 4693 3399 4761 docuit;
3415 4693 3579 4750 ideo-

1918 4800 2035 4857 que
2059 4785 2251 4856 potior
2283 4789 2369 4840 est
2389 4785 2580 4854 gratia
2609 4784 2834 4857 quippe
2854 4802 2885 4839 a
2905 4784 3023 4840 Deo
3048 4782 3227 4851 facta,
3250 4782 3357 4857 qui
3391 4785 3578 4841 Deum

1919 4876 2199 4945 intuetur,
2230 4879 2287 4931 et
2313 4890 2384 4931 ea
2422 4890 2553 4947 quae
2599 4873 2701 4930 Dei
2732 4878 2871 4929 sunt
2889 4872 3219 4943 cognoscit.

1994 5050 2109 5108 Sed
2137 5049 2443 5124 quomodo
2474 5049 2621 5105 dixit
2649 5065 2662 5104 :
2695 5049 2863 5106 Deum
2890 5064 3060 5107 nemo
3085 5048 3234 5108 vidit
3258 5065 3525 5123 unquam
3549 5049 3580 5109 ἵ

1435 5354 1658 5428 Variae
1679 5355 2010 5425 lectiones
2035 5361 2101 5424 et
2136 5365 2345 5423 notae.

266 5558 395 5632 (42)
434 5559 539 5618 Τὰς
567 5556 894 5631 interponit
914 5561 977 5611 Δ.

1988 5552 2102 5625 (43)
2133 5551 2285 5605 Οὕτω
2303 5555 2394 5605 καὶ
2420 5551 2580 5625 χάριν
2602 5549 2953 5627 ὀνομάζονται
2973 5557 3041 5610 Α.

262 5740 345 5817 υ)
378 5735 686 5796 Omnibus.
718 5735 1089 5795 Permutavit
1122 5750 1267 5809 ergo
1296 5738 1430 5790 πᾶσι
1459 5749 1599 5793 cum
1637 5738 1806 5790 παισί.

1929 5731 1996 5790 tis
2025 5746 2151 5791 non
2179 5736 2266 5790 est
2295 5730 2357 5791 in
2388 5731 2614 5792 Graeco.
