4038 6226
553 197 685 251 1127

1869 184 2219 243 EUTHYMII
2261 173 2594 242 ZIGABENI

3712 199 3807 256 “28

553 323 703 376 Nam
729 325 784 376 et
809 319 989 376 Isaias
1033 320 1220 373 Deum
1257 310 1400 372 vidit
1447 307 1751 372 sedentem
1781 327 1963 386 super
1996 313 2199 368 solium

2325 332 2481 378 ποτε;
2539 320 2632 368 Καὶ
2677 319 2779 391 γὰρ
2809 316 3023 378 Ἠσαίας
3077 321 3166 392 μὶν
3223 314 3328 373 εἶδε
3374 325 3454 374 τὸν
3506 326 3660 398 Κύριον
3697 332 3813 385 καθή-

553 411 850 466 excelsum
878 419 936 464 et
966 409 1260 462 elevatqu
1295 408 1340 440 ’⁸
1386 421 1398 469 ;
1436 405 1696 460 Ezechiel
1729 410 1928 460 autem
1956 403 2102 459 vidit
2129 404 2212 474 ip-

551 517 687 556 sum
717 499 1019 556 sedentem
1038 512 1216 567 super
1237 493 1556 550 Cherubim
1582 495 1626 530 ¹⁷
1657 512 1670 560 ;
1696 493 1901 549 Daniel
1930 500 2213 564 praeterea

550 590 752 660 ipsum
778 587 923 642 vidit
953 586 1260 640 sedentem
1303 587 1620 656 Antiquum
1665 584 1894 639 dierum
1931 583 1998 646 η,
2031 588 2086 636 et
2115 581 2213 636 alii

549 694 789 750 quoque
822 676 1019 747 ipsum
1080 675 1363 728 viderunt.
1396 673 1510 728 Sed
1545 674 1594 728 id
1630 689 1750 728 non
1784 672 1956 727 veluti
2005 687 2212 726 secun-

547 765 693 821 dum
725 773 1001 820 naturam
1040 769 1182 828 erat,
1228 764 1331 816 sed
1367 763 1516 817 sicut
1550 763 1717 833 juxta
1758 760 2209 816 similitudinem

548 855 896 927 apparebat.
929 856 1077 909 Nam
1107 853 1153 906 si
1181 853 1375 924 ipsum
1397 852 1568 922 juxta
1599 868 1771 906 suam
1806 855 2089 906 naturam
2129 849 2211 904 vi-

549 945 796 1010 dissent,
834 958 1210 1014 nequaquam
1268 943 1438 997 variis
1487 941 1680 996 modis
1715 941 1992 996 vidissent
2023 963 2035 994 :
2072 940 2209 993 sim-

550 1033 687 1103 plex
719 1034 878 1088 enim
938 1037 994 1087 et
1037 1032 1160 1085 sine
1193 1030 1383 1099 figura
1421 1035 1525 1095 est,
1581 1035 1634 1086 et
1666 1045 1859 1102 neque
1886 1028 2070 1093 sedet,
2105 1044 2207 1083 ne-

550 1139 666 1194 que
691 1129 805 1178 stat
827 1137 1018 1194 neque
1048 1120 1316 1175 ambulat
1345 1137 1356 1173 :
1392 1136 1531 1174 nam
1554 1119 1682 1174 haec
1705 1135 2019 1191 corporum
2048 1122 2206 1172 sunt.

551 1211 717 1267 Unde
739 1219 790 1266 et
818 1212 956 1266 dicit
983 1212 1139 1280 :E’go
1165 1211 1410 1265 visiones
1439 1209 1848 1277 multiplicum,
1871 1212 1923 1264 et
1942 1207 2004 1262 in
2025 1222 2208 1262 manu

544 1302 965 1372 prophetarum
1016 1300 1368 1355 assimilatas
1395 1315 1518 1355 sum
1551 1300 1619 1367 ¹⁹,
1656 1298 1912 1352 visiones
1944 1296 2206 1351 diversas

551 1407 621 1446 ac
647 1389 1116 1456 similitudinem_
1158 1389 1528 1458 signiﬁcans.

619 1479 963 1534 Nominatur
993 1485 1186 1536 autem
1236 1477 1577 1547 unigenitus
1610 1477 1806 1541 Filius,
1835 1477 2001 1549 quod
2041 1473 2202 1530 solus

547 1567 701 1623 Patri
735 1573 907 1622 natus
936 1567 1028 1635 sit,
1075 1567 1318 1639 soloque
1368 1567 1532 1622 Patre
1564 1565 1814 1635 genitus.
1853 1565 2024 1618 Pater
2052 1578 2199 1636 quo-

545 1673 663 1728 que
687 1656 873 1710 solum
916 1661 1005 1709 est
1036 1656 1218 1718 Pater,
1262 1672 1379 1709 non
1414 1655 1591 1710 etiam
1645 1653 1801 1708 ﬁlius
1834 1653 2109 1722 alicujus,
2140 1656 2205 1705 ut

546 1745 642 1802 alii
671 1751 808 1800 sunt
836 1749 1029 1815 patres
1064 1765 1075 1803 ε
1102 1745 1272 1799 Filius
1297 1746 1478 1800 etiam
1512 1747 1704 1798 solum
1741 1749 1912 1797 natus
1943 1746 2050 1806 est,
2086 1757 2201 1795 non

545 1840 707 1905 pater
747 1834 923 1889 etiam
957 1835 1230 1905 alicujus,
1266 1841 1328 1889 ut
1360 1834 1558 1905 plures
1591 1836 1788 1888 essent
1815 1831 1933 1886 ﬁlii.
1968 1831 2047 1885 Ad
2076 1831 2206 1885 haec

543 1926 685 1996 quia
705 1924 878 1978 unico
906 1940 973 1979 ac
1004 1925 1243 1995 proprio
1280 1923 1458 1977 modo
1488 1929 1654 1978 natus
1677 1927 1783 1988 est,
1812 1921 2036 1993 quinec
2065 1919 2202 1984 dici,

543 2031 654 2068 nec
687 2014 930 2081 cogitari
988 2017 1198 2084 potest,
1243 2027 1362 2067 non
1412 2028 1730 2083 corporum
1767 2027 1949 2066 more.
1989 2010 2206 2065 Dicitur

545 2109 743 2159 autem
772 2101 967 2166 Filius,
998 2101 1160 2174 quod
1185 2101 1453 2172 ejusdem
1485 2103 1707 2155 sitcum
1742 2100 1916 2158 Patre
1931 2100 2205 2154 substan-

545 2194 640 2248 tite
676 2209 686 2247 :
725 2208 832 2246 nec
894 2191 1086 2246 solum
1123 2191 1252 2255 hoc,
1301 2190 1405 2244 sed
1464 2190 1607 2261 quia
1652 2189 1832 2244 etiam
1873 2189 1950 2244 ab
1982 2205 2052 2244 eo
2091 2195 2199 2244 est.

546 2283 750 2338 Sinum
778 2297 918 2336 vero
975 2280 1121 2336 dixit
1163 2281 1365 2346 Patris,
1436 2295 1555 2335 non
1601 2279 1764 2351 quod
1809 2281 1961 2334 Deus
2003 2279 2201 2333 sinum

541 2372 779 2435 habeat,
799 2388 935 2425 nam
962 2371 1126 2424 sinus
1146 2385 1464 2440 corporum
1491 2372 1613 2433 est;
1641 2369 1746 2423 sed
1773 2385 1876 2440 per
1897 2368 2009 2422 hoc
2037 2367 2202 2439 quod

541 2461 700 2524 dicit,
743 2461 853 2526 Qui
882 2467 958 2516 est
989 2461 1048 2515 in
1081 2463 1209 2514 sinu
1255 2461 1473 2523 Patris,
1533 2459 1841 2530 proprium
1872 2457 2200 2514 etconsub-

541 2551 786 2606 tantiale
818 2549 941 2605 Filii
981 2549 1344 2622 significavit.

612 2727 807 2783 Potest
819 2743 1060 2800 quoque
1073 2733 1125 2783 et
1139 2726 1257 2782 alio
1274 2726 1454 2782 modo
1468 2725 1604 2791 dici,
1621 2725 1786 2797 quod
1801 2725 2013 2797 prioris
2029 2725 2192 2794 dicti,

542 2816 832 2880 videlicet,
851 2819 1027 2872 Deum
1048 2833 1208 2872 nemo
1234 2816 1376 2872 vidit
1407 2832 1688 2887 unquam,
1714 2815 2090 2871 conﬁrmatio
2109 2820 2198 2872 est

541 2906 599 2960 id
633 2906 795 2978 quod
829 2907 1113 2978 sequitur,
1154 2906 1500 2975 Unigenilus
1522 2905 1710 2960 Filius
1739 2905 1844 2976 qui
1868 2908 1949 2961 est
1980 2907 2040 2960 in
2065 2907 2195 2961 sinu
2239 2891 2278 2944 (Σ

540 2995 738 3051 Patris
794 2997 917 3064 ipse
962 2996 1290 3060 enarravit,
1337 2994 1451 3050 hoc
1491 2999 1597 3060 est,
1641 2995 1776 3066 Ipse
1806 2994 2006 3049 docuit
2032 2994 2197 3066 quod

542 3086 726 3140 Deum
753 3099 915 3140 nemo
949 3085 1098 3140 vidit
1130 3100 1393 3154 unquam
1427 3082 1575 3138 Nam
1607 3083 1680 3137 de
1710 3083 1824 3137 hoc
1851 3083 2024 3138 variis
2053 3082 2197 3138 locis

541 3173 803 3229 Christus
825 3173 1054 3230 locutus
1094 3178 1199 3238 est,
1234 3173 1382 3228 sicut
1410 3173 1466 3227 in
1500 3172 1886 3244 sequentibus
1919 3171 2195 3227 manifes-

541 3269 664 3318 tum
681 3265 806 3318 erit.
829 3263 1000 3317 Nulla
1023 3263 1216 3332 itaque
1248 3268 1517 3317 creatura
1533 3263 1716 3316 Deum
1737 3261 2046 3328 videt,non
2070 3278 2194 3316 ma-

538 3352 762 3408 teiialis
821 3358 1070 3419 tantum,
1126 3352 1229 3408 sed
1277 3358 1333 3407 et
1363 3350 1774 3407 immaterialis
1835 3367 1847 3406 :
1897 3350 2194 3422 siquidem

538 3443 682 3515 ipsis
708 3459 949 3515 quoque
999 3440 1487 3497 immaterialibus
1529 3440 1843 3496 virtutibus
1882 3438 2193 3495 invisibilis

540 3539 625 3588 est
653 3533 803 3588 Deus
830 3531 888 3586 in
939 3548 1047 3586 sua
1082 3539 1315 3598 natura,
1348 3530 1480 3586 licet
1514 3536 1687 3603 prout
1718 3529 1828 3585 sibi
1855 3529 2196 3585 conceditur

541 3621 728 3676 Deum
768 3621 1020 3675 videant.

612 3711 773 3764 Vers.
809 3711 894 3764 19.
958 3709 1033 3764 Ει
1064 3741 1132 3750 -—-
1159 3709 1426 3768 Joannis.
1477 3713 1611 3774 Hoc,
1654 3709 1923 3782 inquam,
1969 3708 2042 3764 de
2072 3724 2194 3780 quo

540 3815 698 3854 nunc
731 3798 790 3852 in
835 3814 1151 3869 progressu
1183 3799 1446 3853 dicturus
1481 3805 1588 3856 est.

611 3889 775 3943 Vers.
827 3889 894 3942 19
957 3886 1200 3951 Quando
1231 3888 1426 3944 —es?
1459 3889 1883 3944 Testimonium
1921 3887 2194 3943 .videlicet

540 3979 746 4034 datum
769 3976 1015 4050 quando
1031 3976 1543 4043 miseruntJudaai,
1567 3982 1864 4033 etczetera.
1888 3975 2193 4048 Siquidem

540 4068 847 4140 pontiﬁces
875 4073 930 4122 et
986 4066 1322 4121 sacerdotes
1354 4066 1582 4139 populi,
1617 4083 1751 4121 cum
1807 4067 1962 4122 circa
1986 4065 2196 4121 Christi

541 4163 776 4229 partum
797 4155 1158 4214 admiranda
1181 4155 1482 4212 audissent
1511 4173 1524 4221 ;
1551 4161 1792 4228 sumpto
1817 4160 2102 4228 praeterea
2121 4155 2193 4210 de

2323 423 2470 473 μενον
2498 404 2578 457 ἐπὶ
2628 408 2808 478 θρόνου
2866 408 3070 478 ὑψηλοῦ
3126 414 3214 462 καὶ
3271 413 3565 484 ἐπηρμένου·
3619 415 3817 474 Ἰεξεκιῂὶ-

2325 490 2382 545 δὲ
2427 491 2559 546 εἶδεν
2616 496 2771 548 αὑτὸν
2828 499 3116 570 καθήμενον
3194 499 3276 551 ἐπὶ
3339 510 3432 552 τῶν
3485 502 3821 576 Χερουϐίμ·κοὶ

2322 583 2505 640 Δανιὴλ
2563 581 2622 636 δὲ
2667 581 2798 637 εἶδεν
2856 587 3006 639 αυτόν
3064 590 3343 660 καθήμενον
3398 590 3596 642 Παλαιὸν
3643 595 3818 663 ἡμερῶν

2320 677 2409 723 καὶ
2465 672 2608 724 ἄλλοι
2675 671 2735 726 δὲ
2802 683 2980 727 τοῦτον
3034 677 3315 750 ἑωράκασι.
3371 683 3497 737 Πλὴν
3540 680 3629 751 οὐχ
3687 686 3742 742 ὡς
3781 681 3824 740 ἦν

2320 763 2455 812 κατὰ
2512 766 2684 834 φύσιν,
2751 764 2857 815 ἀλλ’
2915 767 2983 827 ὡς
3040 765 3265 838 ἐφαίνετο
3323 769 3435 820 καθ’
3503 770 3726 839 ὁμοίωσιν.
3785 773 3825 824 Εἰ

2318 852 2420 922 γὰρ
2454 850 2612 908 αὐτὴν
2667 855 2835 925 ἐώρων
2862 858 2954 911 τὴν
2987 854 3146 906 αὐτοῦ
3177 859 3348 927 φύσιν,
3407 856 3492 908 οὐκ
3539 856 3591 908 ἀν
3627 855 3827 933 διαφόρως

2320 939 2482 998 αὐτὴν
2539 943 2742 1015 ἐώρων·
2809 943 2944 1001 ἁπλῆ
2998 947 3099 1018 γὰρ
3166 950 3244 1005 τίς
3299 945 3410 998 ἐστι
3456 952 3536 998 καὶ
3587 945 3828 1019 ἀσχηματισ

2320 1047 2461 1095 στος,
2495 1035 2583 1082 καὶ
2623 1034 2736 1082 οὔτε
2764 1034 3012 1100 κάθηται,
3054 1038 3170 1086 οὔτε
3201 1035 3438 1101 ἔστηκεν,
3465 1039 3570 1088 οὔτε
3604 1045 3829 1109 περιπατεῖ.

2316 1124 2494 1170 Ταῦτα
2521 1121 2622 1191 γὰρ
2650 1125 2739 1171 καὶ
2781 1122 2847 1172 τὰ
2879 1130 3097 1175 τοιαῦτα
3125 1132 3224 1174 τῶν
3259 1127 3503 1196 σωμάτων
3531 1126 3639 1178 εἰσί.
3681 1130 3750 1178 Διό
3770 1131 3832 1176 καὶ

2317 1206 2516 1278 ἔλεγεν·
2594 1207 2725 1280 Ἐγὼ
2800 1211 3007 1282 ὁράσεις
3098 1211 3376 1278 ἐπλήθυνοι,
3455 1219 3536 1265 καὶ
3610 1213 3651 1265 ἰν
3718 1223 3833 1286 χερσὶ

2317 1307 2592 1368 προφητῶν
2624 1301 2928 1369 ὡμοιώθην·
2979 1303 3069 1362 τὰς
3110 1297 3393 1376 διαφόρους
3435 1304 3624 1378 ὁράσεις
3659 1311 3733 1355 καὶ
3770 1310 3837 1360 τὴν

2318 1390 2564 1459 όμοίωσιν
2599 1385 2788 1446 δηλῶν.
3957 1403 3959 1459 ἶ

2389 1483 2678 1548 Μονογενὴς
2711 1481 2799 1550 μὲν
2857 1473 2944 1531 οὖν
3002 1481 3027 1530 ό
3075 1483 3194 1542 Υἱός
3244 1480 3565 1553 ὀνομάζεται,
3614 1483 3685 1534 ότι
3724 1487 3840 1552 μόνος

2315 1573 2552 1634 γεννᾶται
2608 1576 2680 1637 τῷ
2731 1573 2917 1640 Πατρὶ,
2966 1573 3056 1620 καὶ
3088 1572 3168 1621 ὁτι
3215 1569 3268 1621 ἐκ
3316 1577 3470 1642 μόνου
3519 1578 3728 1641 γεννᾶται
3764 1578 3840 1622 Πα-

2313 1660 2451 1727 τρός.
2505 1655 2562 1707 Ὀ
2618 1659 2716 1730 γὰρ
2787 1663 2955 1731 πατὴρ
3017 1659 3178 1710 αὑτοῦ
3217 1664 3370 1730 μόνον
3429 1659 3535 1712 ἐστὶ
3585 1665 3756 1734 Πατὴρ,
3800 1660 3843 1711 οὐ

2316 1749 2417 1815 μὴν
2475 1751 2562 1798 καὶ
2619 1748 2731 1807 υἱός
2787 1765 2940 1808 τινος,
2987 1751 3057 1808 ὡς
3101 1750 3149 1799 οἱ
3192 1747 3336 1800 ἄλλοι
3385 1753 3617 1823 πατέρες·
3667 1755 3741 1800 καὶ
3783 1751 3842 1800 ὅτι

2315 1838 2467 1904 μόνον
2523 1841 2759 1905 γεννᾶται
2805 1839 2938 1904 Υἱός,
2998 1837 3057 1888 οὐ
3111 1842 3214 1909 μὴν
3262 1843 3353 1890 καὶ
3405 1842 3563 1912 πατὴρ
3611 1857 3748 1900 τινος,
3796 1839 3845 1898 ὡς

2316 1925 2364 1974 οἱ
2392 1922 2537 1975 ἄλλοι
2581 1926 2722 1976 υἱοί·
2786 1930 2876 1977 καὶ
2934 1928 3014 1977 ὅτι
3063 1931 3392 1999 μονοτρόπως
3432 1934 3672 1997 γεννᾶται,
3723 1931 3846 1996 ἤγουν

2319 2007 2648 2084 ἰδιοτρόπως,
2701 2019 2790 2065 καὶ
2839 2015 2965 2087 ὑπὲρ
3027 2017 3220 2066 ἔννοιαν
3290 2022 3382 2067 καὶ
3438 2015 3601 2087 λόγον,
3645 2020 3721 2066 καὶ
3767 2015 3846 2085 οὐχ

2316 2105 2384 2162 ὼς
2435 2105 2501 2153 τὰ
2558 2110 2794 2175 σώματα.
2874 2105 2992 2166 Υἱός
3052 2101 3110 2156 δὲ
3156 2105 3380 2176 λέγεται,
3431 2108 3505 2158 ὅτι
3567 2111 3731 2157 ταυτὸν
3765 2104 3847 2156 ἐστι

2315 2199 2386 2260 τῷ
2447 2197 2613 2263 Πατρὶ
2680 2194 2790 2244 κατ’
2839 2193 3044 2256 οὐσίαν,
3079 2198 3165 2244 καὶ
3227 2194 3322 2246 οὐκ
3366 2193 3522 2247 ἐκεῖνο
3569 2201 3722 2266 μόνον,
3767 2191 3846 2242 ἀλλ’

2315 2282 2394 2331 ὅτι
2432 2279 2684 2334 κάκεῖθεν.
2741 2282 2936 2334 Κόλπον
2996 2283 3055 2335 ὀὶ
3085 2291 3178 2335 τοῦ
3225 2289 3430 2357 Πατρός
3483 2283 3633 2350 εἶπεν,
3677 2285 3762 2354 οὐχ
3800 2285 3849 2342 ὡς

2312 2377 2401 2420 τοῦ
2426 2378 2557 2422 Θεου
2589 2370 2774 2422 κόλπον
2797 2373 3009 2442 ἔχοντος
3031 2391 3043 2404 ο
3087 2381 3186 2424 τῶν
3216 2376 3471 2445 σωμάτων
3499 2376 3595 2445 γὰρ
3626 2376 3647 2424 ό
3675 2372 3848 2427 κόλπος

2313 2457 2441 2509 ἀλλὰ
2473 2455 2563 2510 διὰ
2584 2466 2675 2510 τοῦ
2697 2459 2872 2525 εἰπεῖν,
2900 2459 2959 2513 Ὀ
2986 2462 3052 2512 ὡν
3080 2461 3150 2524 εἰς
3190 2465 3279 2514 τόν
3318 2462 3508 2515 κόλπον
3555 2471 3639 2514 τοῦ
3673 2464 3849 2532 Πατρός,

2312 2567 2369 2599 το
2406 2554 2622 2618 γνήσιον
2675 2556 2762 2600 τοῦ
2816 2552 2941 2602 Tim}
2991 2556 3080 2603 καὶ
3128 2552 3410 2623 όμοούσιον
3464 2557 3554 2604 καὶ
3603 2551 3849 2624 ἀχώριστον

2312 2635 2580 2708 ἐσήμανεν.

2383 2733 2534 2779 Ἐστι
2582 2723 2641 2779 δε
2692 2733 2780 2780 καὶ
2829 2727 3008 2802 ἑτέρως
3066 2729 3245 2796 εἰπεῖν,
3311 2732 3395 2783 ὅτι
3443 2739 3533 2783 τοῦ
3584 2731 3728 2803 ῥητοῦ
3768 2728 3850 2796 (ii)

2309 2824 2400 2868 rei)
2444 2816 2672 2888 λέγοντος
2725 2818 2805 2868 ὃτι
2860 2821 2990 2870 Θεὸν
3042 2815 3212 2880 οὐδεὶς
3265 2820 3461 2895 ἑώρακε
3513 2826 3722 2884 πώποτε,
3767 2815 3851 2868 ἐπι·

2309 2904 2586 2967 ϐεϐαίωσίς
2634 2904 2746 2958 ἐστι
2837 2910 2895 2958 τό
2945 2909 3111 2982 ἕτερον
3191 2910 3353 2983 ῥητόν
3440 2913 3496 2962 τό
3568 2913 3744 2981 φάσκον
3795 2909 3852 2957 ότι

2307 2993 2363 3044 Ὀ
2420 2999 2698 3065 μονογενὴς
2781 2997 2917 3062 Υἱός,
2999 2998 3024 3048 ό
3091 2998 3158 3048 ὢν
3234 2998 3305 3058 εἰς
3389 3003 3473 3051 τὸν
3555 2997 3725 3049 κόλπον
3786 3000 3851 3044 τοῦ

2921 3084 3078 3156 ἐξηγή
3089 3105 3235 3151 σατο,
3348 3091 3613 3140 τουτέστιν
3711 3085 3855 3141 ἐκεῖνος

2306 3169 2544 3234 ἐδίδαξεν
2621 3174 2698 3225 ὅτι
2769 3176 2896 3226 Θεὸν
2966 3171 3142 3237 οὐδεὶς
3215 3175 3414 3250 ἑώρακε
3492 3182 3699 3227 πώποτε.
3765 3175 3853 3244 Περὶ

2310 3087 2531 3156 Πατρός,
2635 3083 2822 3146 ἐκεῖνος

2306 3264 2490 3313 τούτου
2534 3265 2630 3335 γὰρ
2679 3259 2938 3337 διαφόρως
3006 3266 3032 3316 ὀ
3082 3269 3317 3339 Χριστὸς
3368 3263 3526 3331 εἶπεν,
3572 3269 3636 3325 ὡς
3689 3261 3857 3337 προϐαί-

2304 3370 2472 3412 νοντες
2528 3352 2831 3423 εὑρήσομεν.
2885 3349 3072 3413 Οὐδεὶς
3120 3351 3179 3405 δὲ
3226 3359 3461 3417 κτιστός,
3509 3355 3566 3406 οὗ
3611 3358 3746 3425 μόνον
3777 3348 3856 3401 ὑλι-

2305 3443 2413 3500 κὸς,
2462 3439 2568 3490 ἀλλ’
2612 3436 2735 3492 οὐδὲ
2777 3441 2968 3503 ἄυλος
3027 3448 3115 3494 καὶ
3169 3442 3357 3504 αὐταῖς
3411 3447 3514 3516 γὰρ
3569 3450 3673 3503 ταῖς
3717 3439 3858 3496 Eruitur;

2306 3525 2590 3600 δυνάμεσιν
2645 3527 2859 3604 ἀόρατός
2922 3529 3032 3583 ἔστι
3099 3534 3234 3584 κατὰ
3293 3536 3476 3605 φύσιν,
3537 3534 3756 3606 ὁρώσαις,
3809 3529 3856 3583 ὡς

2306 3617 2506 3690 ἕγικτόν
2537 3618 2737 3679 αὑταῖς.

2381 3713 2478 3760 Καὶ
2535 3739 2603 3746 -
2659 3710 2920 3763 Ἰωάννου.
2995 3710 3158 3774 Αὕτη,
3211 3716 3330 3786 περὶ
3407 3713 3470 3774 ἧς
3537 3711 3683 3763 εἰπεῖν
3727 3706 3855 3779 μέλλει

2304 3803 2517 3872 προϊὼν.

2373 3885 2496 3939 Ὀτε
2541 3919 2606 3927 -
2657 3886 2730 3958 εἴ,
2783 3886 2842 3941 Ἠ
2907 3893 3150 3961 γενομένη
3217 3885 3494 3957 δηλονότι,
3549 3892 3630 3942 ὅτι
3670 3887 3856 3938 ἀπέστει-

2303 3977 2392 4028 λαν
2424 3978 2472 4029 οἰ
2503 3975 2773 4047 Ἰουδαῖοι,
2833 3982 2922 4030 καὶ
2967 3981 3032 4030 τὰ
3062 3977 3199 4040 ἑξῆς.
3251 3983 3317 4032 Oi
3363 3983 3468 4054 γὰρ
3521 3979 3759 4053 ἀρχιερεῖς
3790 3975 3855 4025 καὶ

2304 4066 2352 4119 οἰ
2412 4066 2753 4140 πρεσϐύτεροι
2819 4075 2911 4119 τοῦ
2966 4067 3114 4136 λαοῦ,
3185 4071 3572 4142 πυνθανόμενοι
3773 4064 3853 4134 (45)

2304 4159 2368 4208 τὰ
2416 4159 2550 4208 κοιτὰ
2578 4161 2723 4209 τόκον
2766 4165 2856 4208 τοῦ
2915 4165 3150 4230 Χριστοῦ
3205 4156 3517 4234 παράδοξοι,
3575 4157 3783 4215 λαϐόντες
3811 4147 3853 4202 ἴε

541 4250 831 4320 sapientia
853 4265 920 4304 ac
961 4245 1277 4319 prudentia
1310 4245 1462 4300 illius
1493 4247 1920 4316 experimento,
1950 4245 2193 4317 quando

2309 4250 2391 4298 καὶ
2445 4253 2619 4320 πεῖραν
2668 4253 2762 4308 τῆς
2795 4251 3048 4308 συνέσεως
3078 4247 3260 4312 αὐτοῦ,
3323 4251 3414 4302 ὅτε
3470 4245 3771 4305 δωδεκαέτης
3806 4241 3853 4291 δ’

538 4338 854 4394 duodecim
879 4352 1175 4392 annorum
1207 4335 1396 4390 factus
1414 4336 1710 4390 immistus
1731 4335 2190 4399 estdoctoribus,

539 4427 926 4482 audiensillos
944 4432 999 4480 ct
1023 4425 1415 4493 interrogans,
1455 4422 1629 4478 veluti
1661 4424 1893 4495 scripsit
1921 4424 2107 4479 Lucas
2122 4425 2190 4487 ³ο,

539 4516 1059 4586 obstupescebant,
1081 4513 1426 4584 invidiaque
1450 4513 1659 4581 agitari
1690 4518 2014 4583 coeperunt.
2047 4513 2187 4567 Cum

539 4611 737 4660 autem
789 4610 844 4660 et
884 4607 1172 4659 Joannem
1208 4608 1415 4674 postea
1471 4601 1652 4657 multa
1697 4618 1764 4655 ac
1797 4601 2090 4656 mirabilia
2118 4602 2191 4656 de

539 4693 671 4766 ipso
689 4693 760 4748 ad
789 4710 960 4747 suum
983 4693 1280 4762 baptisma
1302 4691 1723 4746 accedentibus
1749 4690 1966 4745 dixisse
1990 4690 2190 4745 audis-

541 4788 691 4848 sent,
734 4782 1145 4837 intellexerunt
1172 4783 1328 4837 enim
1354 4781 1515 4853 quod
1542 4781 1681 4835 talia
1710 4780 1783 4836 de
1825 4780 1922 4836 illo
1953 4781 2187 4846 diceret,

541 4871 734 4944 magis
763 4871 972 4927 turbati
995 4877 1130 4926 sunt
1153 4888 1166 4926 :
1193 4871 1515 4943 missisque
1543 4870 1621 4926 ab
1641 4869 2064 4941 Hierosolymis
2096 4887 2189 4928 sa-

542 4960 877 5019 cerdotibus
933 4977 1002 5016 ac
1046 4960 1234 5016 levitis
1282 4962 1402 5016 sive
1459 4959 1739 5016 ministris
1790 4959 2192 5031 interrogave-

1093 5167 1137 5201 ιτ
1167 5165 1366 5223 Ezech.
1395 5183 1452 5233 χ,
1488 5167 1569 5222 18.

614 5167 660 5205 ¹⁶
697 5166 810 5222 lsa.
846 5183 917 5230 v1,
960 5167 1011 5220 1.
1093 5167 1137 5201 ιτ
1167 5166 1366 5223 Ezech.
1395 5183 1452 5233 χ,
1488 5167 1569 5222 18.
1651 5167 1698 5202 1⁸
1731 5169 1878 5223 Dan.
1922 5183 2014 5236 vn,
2045 5170 2096 5223 9.

2177 5169 2223 5204 ¹⁹
2271 5169 2415 5225 Osee
2445 5184 2504 5235 ι,
2533 5169 2619 5226 10.

2307 4334 2544 4406 συνέμιξε
2573 4342 2674 4394 τοῖς
2719 4331 3084 4397 διδασκάλοις,
3133 4335 3337 4388 ἀκούων
3371 4342 3467 4389 καὶ
3509 4336 3745 4412 ἐπερωτῶν
3779 4329 3850 4379 t3-

2303 4427 2438 4486 τοὺς,
2473 4426 2586 4483 ὼςό
2623 4429 2822 4483 Λουκᾶς
2864 4426 3158 4499 ἱστόρησεν,
3195 4425 3570 4498 ἐθορυϐοῦντο,
3601 4430 3681 4476 καὶ
3719 4423 3852 4492 ξθόνον

2303 4510 2503 4566 ὠδίνειν
2566 4517 2826 4585 ἤρχοντο·
2901 4515 3206 4585 θεασάμενοι
3286 4512 3348 4567 δὲ
3435 4517 3655 4566 καὶτὸν
3714 4508 3850 4562 Ἰωάν-

2300 4623 2390 4659 νην
2458 4603 2669 4678 ὕστερον
2741 4602 2902 4654 πολλὰ
2966 4609 3056 4655 καὶ
3124 4605 3330 4675 μεγάλοι
3415 4611 3535 4678 περὶ
3602 4602 3739 4654 αὐτοῦ
3789 4597 3851 4646 li-

2299 4712 2458 4763 γοντα
2522 4696 2651 4764 πρὸς
2729 4697 2848 4753 τούς
2916 4692 3232 4767 ἐρχομένους
3307 4693 3398 4746 ἐπὶ
3485 4698 3542 4745 τό
3603 4691 3845 4762 βάπτισμα.

2304 4789 2530 4840 συνῆκαν
2604 4785 2704 4856 γὰρ
2767 4783 2847 4833 ὅτι
2913 4788 3029 4855 περὶ
3085 4783 3282 4834 ἐκείνου
3332 4787 3404 4836 τὰ
3481 4789 3683 4836 τοιαῦτα
3730 4775 3847 4844 λέγειν

2300 4871 2487 4944 μᾶλλον
2557 4869 2950 4944 ἐταράχθησαν,
3018 4876 3108 4923 καὶ
3170 4870 3582 4934 ἀποστείλαντας
3631 4869 3679 4931 ἐξ
3737 4866 3849 4934 Ἱερθ·

2302 4960 2536 5034 σολύμων
2613 4963 2760 5035 ἱερεῖς
2817 4966 2907 5013 καὶ
2961 4960 3180 5028 λιυῖτας,
3233 4966 3357 5021 ἤτοι
3420 4959 3700 5024 διακόνους,

2701 5170 2746 5205 ³ο
2779 5168 2918 5225 Luc.
2962 5184 3020 5236 ιι,
3056 5169 3145 5224 16.

1759 5381 1981 5453 Variae
2023 5383 2346 5452 lectiones
2387 5392 2451 5450 et
2482 5392 2686 5451 notas.

616 5631 728 5710 (44)
754 5634 970 5704 Τούτου,
1011 5647 1120 5706 pro
1148 5633 1237 5683 τοῦ
1269 5629 1336 5685 Α.

2323 5623 2435 5703 (45)
2479 5630 2578 5682 Καὶ
2612 5625 2936 5702 interponit
2959 5625 3027 5687 Α.
