4038 6226
188 321 328 382 H29

1228 320 1600 383 COMMENT.
1651 323 1721 381 ΙΝ
1757 320 2102 383 JOANNEM.
2142 359 2210 370 —
2249 328 2409 388 CAP.
2460 330 2508 387 Ι.

3421 312 3557 389 η30

187 457 362 527 ρώτων
412 450 594 518 αὐτὸν,
650 451 717 504 Σὺ
772 455 849 512 τίς
905 445 986 518 εἷς
1014 449 1120 522 οὐχ
1167 453 1237 512 ὡς
1287 449 1603 521 ἀγνοοῦντες
1650 457 1790 504 πᾶσι

1924 458 2038 510 -unt
2061 470 2222 521 eum,
2254 455 2341 511 Tu
2361 438 2488 529 quis
2507 471 2566 514 es
2596 456 2624 512 1?
2644 470 2767 513 non
2799 460 3091 529 tanquam
3112 455 3171 513 id
3192 456 3559 529 ignorantes,

186 543 285 616 γὰρ
339 537 475 599 ἦσαν
523 544 761 616 γνώριμα
818 541 884 593 τοί
933 558 988 592 τε
1022 542 1160 592 κατὰ
1203 544 1297 599 τὴν
1325 544 1564 613 γέννησιν
1605 540 1785 606 αὐτοῦ,

187 630 278 682 καί
323 632 393 683 τὰ
453 631 590 681 κατὰ
642 634 739 688 τὴν
798 633 1084 703 περιτομὴν
1153 635 1243 682 καὶ
1309 630 1516 695 κλῆσιν,
1574 632 1645 690 ὡς
1700 633 1792 681 καὶ

184 719 351 790 λέγειν
404 720 660 781 ἅπαντας,
718 723 782 772 Τί
836 718 942 794 ἄρα
991 722 1051 772 τὸ
1116 716 1330 772 παιδίον
1380 727 1531 772 τοῦτο
1597 721 1789 785 Eat-at;

184 807 347 862 Ἀλλὰ
410 809 687 870 κακοήθως
736 806 946 880 ἄγνοιαν
1002 809 1388 881 ὑποκρίνονται,
1443 813 1533 861 καὶ
1596 808 1656 860 οὐ
1712 807 1790 859 λέ-

183 916 397 970 γουσιν,
459 899 543 949 ὅτι
594 900 688 958 Τίς
731 894 793 968 εἶ,
846 895 952 948 ἀλλ’
1000 898 1083 950 ὃτι
1137 900 1203 949 Σὺ
1254 902 1336 959 τίς
1393 894 1475 964 εἷς
1529 895 1795 969 έμῳαίνον-

185 1007 291 1053 τες,
340 989 433 1051 ὡς,
486 991 548 1040 Ei
588 986 776 1060 μείζων
831 1005 926 1039 σου
981 985 1123 1039 ἔστὶν
1187 988 1214 1039 ὀ
1264 989 1407 1063 παρά
1462 994 1557 1039 σοῦ
1604 1005 1796 1061 κηρυτ-

187 1082 421 1150 τόμενος,
451 1075 634 1129 λοιπὸν
665 1080 730 1128 σὺ
761 1080 838 1136 τίς
866 1071 927 1148 εἶ,
969 1079 1096 1150 πρὸς
1134 1076 1187 1128 ὃν
1216 1077 1399 1137 πάντες
1447 1075 1798 1149 ἀνεπτερώθη-

187 1185 303 1240 μεν,
347 1170 439 1218 καὶ
472 1169 592 1240 περὶ
643 1161 703 1217 οὗ
751 1163 979 1237 μεγάλην
1026 1164 1288 1238 ὑπόληψιν
1336 1168 1562 1238 ἔσχομεν
1583 1169 1693 1232 καὶ,
1743 1163 1797 1217 ὃν

189 1252 545 1328 διαφερόντως
576 1252 931 1327 ἕσεϐάσθημεν
963 1271 977 1321 ;

265 1345 543 1417 ᾯήθησαν
586 1346 689 1416 γὰρ
744 1341 977 1405 ἀνοήτως
1026 1345 1126 1412 ὅτι,
1181 1351 1275 1397 τοῦ
1324 1342 1506 1396 λοιποῦ
1557 1361 1801 1418 περιφρο-

191 1436 420 1493 vneam
452 1428 613 1496 δόξας
662 1432 796 1505 (46),
839 1430 1160 1507 ἀνθρώπινόν
1200 1451 1253 1485 τι
1303 1437 1539 1485 πείσεται
1576 1436 1668 1484 καὶ
1706 1431 1804 1484 αὐ-

190 1528 300 1587 τὸς,
350 1524 424 1584 ὡς
470 1522 760 1593 ἅνθρωπος,
811 1525 903 1574 καὶ
960 1521 1061 1574 ὑπὸ
1105 1518 1406 1594 φιλοδοξίας
1449 1520 1625 1574 ἑαυτὸν
1656 1528 1804 1597 -Χρι-

192 1616 322 1666 στὸν
382 1611 495 1680 (47)
552 1609 614 1662 ἂν
673 1612 827 1679 εἴποι,
875 1615 962 1664 καὶ
1008 1609 1187 1664 λοιπὸν
1239 1611 1270 1669 ἡ
1316 1615 1434 1685 περὶ
1479 1617 1573 1664 τοῦ
1626 1610 1803 1669 Ἰησοῦ

194 1700 559 1760 σϐεσθήσεται
611 1704 782 1774 φήμη,
837 1698 953 1753 καθ’
1000 1701 1061 1763 ἧς
1108 1702 1278 1753 πάντα
1333 1699 1801 1774 ἐπραγματεύοντο.

1902 557 2044 599 nam
2076 546 2305 601 cunctis
2330 550 2472 603 nota
2496 550 2665 603 erant
2687 562 2819 620 quae
2845 546 3004 603 circa
3045 546 3404 605 nativitatem
3434 550 3564 621 ejus

1901 632 2292 704 contigerant,
2313 651 2569 708 quaeque
2597 636 2658 691 in
2679 634 2807 707 ejus
2830 634 3279 692 circumcisione
3293 651 3363 692 ac
3375 636 3566 692 nomi-

1901 721 1996 777 nis
2026 721 2428 795 impositione,
2461 723 2545 781 ita
2574 728 2639 780 ut
2667 740 2880 781 omnes
2928 723 3192 780 dicerent
3224 740 3238 779 :
3287 724 3567 792 Quisnam

1902 826 2048 881 puer
2077 813 2175 869 hic
2197 811 2308 869 erit
2336 814 2381 849 ³³
2405 813 2435 868 i‘
2455 812 2562 870 sed
2582 829 2704 885 prae
2718 813 3358 886 malitiaignorantiam
3386 813 3569 869 simu-

1902 899 2053 958 lant.
2091 901 2211 957 Noc
2247 901 2476 967 dicunt,
2524 901 2666 970 Quis
2697 918 2782 968 es,
2815 902 2921 957 sed
2975 902 3061 957 Tu
3089 902 3220 974 quis
3250 918 3306 959 es
3360 900 3388 958 ‘2
3420 918 3487 957 ac
3514 901 3563 957 si

1903 989 2168 1061 qicerent
2194 1006 2210 1057 ;
2239 990 2506 1062 Simajor
2530 996 2586 1048 te
2611 996 2891 1064 estquem
2913 995 2972 1046 tu
2998 990 3308 1063 praedicas,
3339 994 3402 1047 tu
3424 1006 3565 1060 ergo

1905 1078 2042 1151 quis
2079 1078 2187 1134 es?
2216 1094 2354 1150 erga
2381 1096 2565 1152 quem
2616 1095 2987 1152 magnopere
3017 1079 3213 1136 aﬂ‘ecti
3250 1096 3480 1146 sumus,
3512 1085 3570 1135 et

1907 1165 1981 1222 de
2011 1182 2133 1238 quo
2164 1168 2544 1238 magniﬁcam
2564 1167 2862 1225 habemus
2887 1168 3574 1241 opinionem,quemque

1910 1255 2293 1314 vehementer
2339 1257 2610 1315 colimus.

1980 1346 2278 1403 Putabant
2290 1346 2372 1420 (g)
2388 1348 2548 1404 enim
2562 1347 2918 1420 insipienter,
2940 1347 3107 1420 quod
3127 1345 3333 1404 licetin
3346 1346 3574 1404 caeteris

1909 1433 2246 1506 vigilantius
2275 1437 2573 1494 excubare
2595 1437 2915 1507 videretur,
2949 1442 3215 1494 attamen
3234 1437 3573 1493 humanum

1912 1524 2207 1597 quiddam
2229 1531 2520 1600 tanquam
2538 1526 2722 1597 homo
2750 1525 3010 1593 sentiret,
3045 1542 3116 1583 ac
3142 1524 3345 1598 gloriae
3368 1540 3573 1583 amore

1914 1612 2161 1680 illectus,
2182 1614 2475 1672 Christum
2503 1631 2566 1673 se
2594 1632 2724 1672 esse
2762 1615 3170 1689 responderet,
3201 1620 3257 1672 et
3293 1615 3575 1687 deinceps

1915 1702 2106 1776 ipsius
2135 1704 2275 1760 Jesu
2300 1704 2461 1762 fama
2483 1706 2978 1776 exstingueretur,
3023 1705 3104 1762 ob
3134 1721 3320 1778 quam
3360 1718 3573 1762 omnes

191 1793 297 1844 Διὰ
334 1797 490 1843 τοῦτο
516 1791 616 1865 γὰρ
654 1794 747 1842 καὶ
789 1787 1093 1843 ἀπέστειλαν
1140 1790 1244 1861 οὐχ
1292 1789 1461 1850 ἁπλῶς
1490 1793 1653 1857 τινὰς,
1697 1788 1804 1841 ἀλλ’

1924 1791 2263 1849 oriebantur
2309 1792 2658 1851 anxietates.
2692 1796 2842 1850 Nam
2893 1798 2950 1851 et
2976 1792 3091 1850 hac
3129 1793 3205 1850 de
3251 1810 3436 1850 causa
3452 1807 3576 1849 non

194 1880 351 1957 ἱερεῖς
400 1883 489 1932 καὶ
549 1882 787 1945 Λευίτας,
816 1884 907 1932 καὶ
948 1881 1158 1940 τούτους
1204 1877 1257 1942 ἐξ
1302 1878 1690 1954 Ἰεροσολύμων,
1744 1881 1809 1940 ὡς

192 1969 617 2045 διαφορωτέρους
664 1977 764 2022 τῶν
811 1968 864 2032 ἐξ
902 1968 1108 2030 ἁπάσης
1138 1968 1315 2045 ἑτέρας
1352 1968 1542 2030 πόλεως
1591 1974 1680 2021 καὶ
1711 1988 1806 2021 παο

188 2062 547 2135 νουργοτέρου
555 2078 594 2121 ς.

274 2247 383 2296 Καὶ
406 2273 477 2281 -
502 2240 789 2313 ἠρνήσατο.
805 2234 1146 2310 Ὠξιολογησε,
1167 2238 1260 2295 τὴν
1278 2234 1524 2295 ἀλήθειαν
1542 2232 1804 2303 δηλονότι,

192 2335 270 2395 ὡς
298 2330 494 2391 ἀληθὴς
517 2333 609 2382 καὶ
637 2325 869 2403 στερρὸς.

275 2425 381 2475 Καὶ
455 2448 528 2461 -
603 2420 855 2493 Χριστός.
932 2418 1003 2468 Τὸ
1070 2413 1197 2468 αὐτὸ
1276 2414 1430 2468 πάλιν
1494 2414 1646 2487 λέγει,
1714 2419 1807 2475 τὴν

192 2509 396 2586 ἀρε-τήν
445 2507 607 2561 αὐτοῦ
659 2504 904 2580 βεϐαιῶν,
954 2506 1034 2558 ὅτι
1079 2504 1138 2556 οὔ
1203 2508 1358 2577 μόνον
1405 2504 1498 2557 οὐκ
1555 2506 1710 2558 ἔπαθέ
1757 2524 1809 2558 τι

194 2596 503 2674 φιλόδοξον,
559 2592 679 2650 οὐδ’
734 2591 1037 2654 ἐπιπήδησε
1084 2601 1148 2667 τῇ
1198 2590 1326 2667 δόξῃ
1378 2602 1441 2667 τῇ
1494 2602 1807 2668 Δεσποτικῇ,

398 2691 489 2740 καὶ
559 2681 844 2759 δεδομένην
913 2687 1056 2759 παρὰ
1110 2692 1210 2736 τῶν
1276 2683 1474 2736 πολλῶν
1527 2684 1586 2737 οὗ
1647 2703 1809 2757 προσ-

194 2785 394 2839 inata.
445 2781 548 2831 Καὶ
596 2776 694 2849 ὅρα
735 2776 965 2831 σύνεσιν,
1015 2772 1127 2826 Οὐκ
1184 2769 1292 2826 εἶπε
1346 2777 1423 2834 τίς
1470 2771 1632 2842 ἐστιν,
1685 2775 1806 2848 ὅπερ

188 2871 419 2942 ὕστερον
480 2864 741 2933 ἐποίησεν,
805 2862 936 2916 ἀλλὰ
1010 2866 1142 2938 πρὸς
1198 2866 1294 2922 τὴν
1356 2860 1592 2916 διάνοιαν
1640 2862 1809 2915 αὐτῶν

191 2956 433 3025 ἁπιδων,
486 2954 580 3009 καί
627 2958 681 3008 τί
732 2951 1013 3027 βούλονται
1061 2956 1241 3025 γνοὺς,
1292 2952 1477 3014 εὐθέως
1531 2952 1585 3005 ἐκ
1633 2971 1809 3028 προοι-

187 3053 335 3124 μίων
366 3045 578 3116 ἀνεῖλεν,
611 3046 733 3117 ὅπερ
774 3043 931 3097 εἰπεῖν
960 3042 1113 3096 αὐτὸν
1156 3041 1397 3104 ἤλπιζον.
1438 3039 1563 3096 Εἰπε
1590 3046 1691 3118 γὰρ
1732 3043 1810 3095 ὅτι

191 3137 318 3191 Οὐκ
345 3136 456 3209 εἰμὶ
610 3135 636 3187 ὁ
661 3137 920 3209 Χριστός.

279 3231 388 3281 Καὶ
445 3256 511 3266 -
580 3224 710 3299 εἰμί.
774 3222 1154 3296 Ἀποτυχόντες
1210 3218 1319 3282 ἤδη
1387 3229 1482 3284 τῆς
1536 3229 1807 3295 μηχανῆς,

190 3316 462 3391 ἐφ’ἓτερον
519 3317 817 3389 τρέπονται,
890 3313 1186 3365 συσκιάσαι
1236 3314 1325 3364 τὸν
1384 3316 1578 3364 σκοπὸν
1641 3311 1810 3364 αὐτῶν

190 3404 542 3480 βουλόμενοι,
603 3407 695 3456 καὶ
747 3402 981 3475 λέγουσι·
1052 3405 1116 3454 Τί
1167 3397 1304 3466 obs;
1367 3398 1546 3463 Ἠλίας
1603 3398 1651 3454 εἶ
1704 3405 1809 3470 σύ;

190 3497 291 3547 ἵνα
347 3489 578 3555 δόξωσιν
656 3490 827 3552 ἁπλῶς
880 3494 971 3544 καὶ
1045 3488 1363 3563 ἀπεριέργως
1437 3489 1648 3563 ἐρωτᾷν.
1710 3494 1811 3545 Καὶ

187 3587 305 3659 γὰρ
357 3576 699 3658 προσεδόκων
756 3579 896 3643 ἥξειν
948 3583 1038 3632 καὶ
1106 3582 1194 3632 τὸν
1254 3579 1455 3632 Ἠλίαν.
1518 3584 1811 3655 Γέγραπται

187 3676 308 3746 γὰρ
391 3670 442 3724 ἰν
523 3679 596 3742 τῷ
674 3674 913 3744 προφήτῃ
982 3668 1255 3741 Μαλαχίᾳ·
1326 3668 1618 3721 Ἀποστελῶ
1690 3671 1811 3741 ὑμῖν

190 3762 387 3816 ’Βλίαν
456 3763 546 3813 τὸν
617 3757 895 3828 Θεσϐίτην,
954 3759 1010 3821 ὃς
1077 3760 1508 3816 ἀποκαταστήσει
1587 3754 1811 3832 καρδίαν

188 3854 408 3925 πατρὸς
447 3852 575 3923 πρὸς
602 3850 731 3903 υἱόν.
768 3846 929 3901 Πάλιν
965 3844 1054 3901 οὖν
1092 3846 1372 3922 ἐρωτῶσιν,
1415 3848 1498 3899 ἵνα
1527 3845 1813 3900 ἀνύποπτοι

185 3947 476 4015 Ἱὲνωνται.

273 4029 338 4083 ὀ
400 4032 675 4102 προφήτης
726 4026 770 4080 εἰ
823 4029 888 4079 σύ
920 4043 934 4095 ;
971 4031 1061 4080 καὶ
1109 4026 1387 4101 ἀπεκρίθη,
1447 4030 1545 4079 Ου’.
1606 4026 1680 4079 Οὐ
1735 4024 1814 4078 λέ-

183 4136 421 4191 γουσιν,
487 4119 569 4170 ὃτι
648 4121 929 4192 Προφήτης
988 4112 1035 4169 εἶ
1094 4118 1208 4183 σύ;
1267 4112 1488 4190 ᾔδεισαν
1556 4118 1657 4191 γὰρ
1733 4116 1813 4167 ὅτι

184 4212 484 4281 προφήτης
556 4204 715 4259 ἕστιν·
790 4204 899 4258 ἀλλ’
963 4207 1044 4258 ὅτι
1116 4204 1176 4257 ’0
1232 4210 1505 4281 προφήτης
1581 4201 1627 4257 εἷ
1695 4207 1809 4273 σῦς

188 4292 429 4355 δηλαδὴ
472 4293 662 4358 ἐκεῖνος
702 4298 820 4370 περὶ
853 4294 913 4347 οὗ
943 4293 1136 4370 ἔγραψε
1168 4299 1415 4355 Μωῦσῆς.
1445 4290 1683 4367 Ἔγραψε
1713 4296 1811 4369 γὰρ

184 4386 395 4447 αὐτοῖς
433 4386 516 4438 ὅτι
562 4388 841 4460 Προφήτην
884 4385 1006 4455 ὑμῖν
1038 4374 1344 4443 Διῖινσιστησει
1395 4386 1584 4459 Κύριος
1622 4384 1648 4435 ὁ
1688 4384 1814 4442 Θεὸς

176 4474 261 4529 ἐκ
288 4483 399 4528 τῶν
430 4469 664 4546 ἀδελφῶν
693 4473 857 4547 ὑμῶν,
883 4474 948 4535 ὡς
977 4471 1080 4547 ipsi
1117 4473 1286 4526 Αὐτοῦ
1315 4471 1621 4527 ἀκούσεσθε.
1650 4471 1814 4534 Οὗτος

186 4562 265 4619 3':
298 4561 364 4624 ἦν
392 4565 421 4615 ὁ
443 4566 692 4638 Χριστός.

276 4650 447 4707 Εἶπον
530 4682 600 4692 —
679 4656 971 4728 προφήτης.
1059 4652 1397 4715 Ἀνεξικάκως
1462 4652 1641 4715 αὐτοῖς
1732 4650 1817 4706 ἐπὶ

174 4749 377 4799 πᾶσιν
460 4740 778 4817 ἀποκριθεὶς,
853 4748 943 4793 νῦν
1009 4739 1146 4814 λέγει
1214 4746 1305 4793 καὶ
1364 4746 1445 4803 τίς
1510 4740 1669 4794 ἐστιν’
1735 4744 1816 4795 ὅτι

277 4896 327 4932 ιι
368 4894 528 4951 Joan
556 4910 593 4962 ι,
626 4896 694 4950 66
799 4893 846 4929 ”
886 4891 1131 4951 Malach.
1165 4908 1226 4950 1v
1255 4892 1307 4960 4,
1336 4897 1388 4951 5.

1917 1880 2194 1951 vulgares
2219 1882 2466 1954 quosvis
2504 1886 2815 1953 miserunt,
2841 1883 2947 1939 sed
2992 1881 3333 1940 sacerdotes
3370 1887 3427 1939 et
3475 1883 3577 1938 Le-

1916 1972 2091 2041 vitas,
2122 1971 2305 2046 idque
2334 1988 2408 2029 ex
2438 1970 2866 2046 Hierosolymis
2888 1976 3085 2046 utpote
3133 1972 3578 2046 prastantiores

1918 2065 2098 2133 atque
2150 2060 2462 2118 astutiores
2511 2062 2740 2119 cunctis
2790 2062 2895 2135 qui
2932 2078 3006 2120 ex
3048 2061 3193 2133 aliis.
3230 2064 3396 2120 erant
3442 2060 3578 2118 civis

1919 2149 2160 2207 tatibus.
3362 2172 3365 2175 '
3582 2217 3586 2220 ε

1989 2238 2159 2295 Vers.
2190 2241 2281 2295 20.
2308 2240 2389 2295 Et
2407 2238 2751 2311 —negavit.
2779 2239 3103 2299 Confessus
3140 2242 3248 2308 est,
3264 2239 3579 2300 veritatem

1916 2327 2135 2385 scilicet
2164 2342 2180 2396 ;
2213 2344 2356 2385 nam
2392 2344 2574 2386 verax
2605 2334 2730 2386 erat
2766 2345 2835 2387 ac
2861 2329 3112 2387 solidus.
3364 2344 3369 2349 ‘

1988 2415 2150 2474 Vers.
2182 2420 2270 2475 20.
2302 2419 2382 2474 Et
2410 2448 2479 2460 —
2508 2418 2801 2476 Christus.
2862 2417 3151 2476 Virtutem
3206 2418 3334 2490 ejus
3371 2417 3584 2475 conﬁr-

1918 2521 2113 2572 mans,
2162 2521 2405 2563 rursum
2433 2506 2594 2563 idem
2632 2507 2861 2580 repetit.
2911 2510 3113 2580 Neque
3164 2502 3582 2565 enim3solum

1916 2595 2262 2653 ambitionis
2291 2596 2541 2653 omnino
2575 2597 2722 2653 nihil
2748 2613 2967 2670 passus
2997 2602 3104 2663 est,
3160 2603 3265 2654 aut
3318 2596 3581 2653 Domini-

1916 2700 2050 2742 cam
2083 2701 2200 2743 non
2225 2686 2474 2758 arripuit
2497 2686 2765 2757 gloriam,
2794 2685 2903 2741 sed
2932 2702 3188 2743 neceam
3203 2701 3339 2759 quae
3361 2701 3398 2741 a
3426 2685 3578 2742 mul-

1918 2775 1988 2832 tis
2016 2774 2277 2832 dabatur
2299 2775 2577 2847 respexit.
2602 2777 2669 2830 Et
2691 2776 2826 2831 vide
2848 2774 3245 2847 prudentiam.
3270 2775 3398 2831 Non
3430 2773 3583 2830 dixit

1916 2864 2053 2938 quis
2080 2869 2237 2921 esset
2262 2865 2423 2938 quod
2446 2864 2837 2938 postmodum
2867 2864 3026 2931 fecit,
3058 2862 3185 2934 sed,
3217 2862 3297 2919 ad
3318 2868 3583 2919 mentem

1920 2969 2128 3010 eorum
2151 2953 2444 3010 accedens
2470 2970 2485 3020 ;
2517 2957 2574 3009 et
2593 2952 2741 3027 quid
2760 2952 2943 3009 velint
2959 2967 3311 3025 agnoscens,
3333 2954 3489 3007 recte
3520 2949 3582 3007 id

1921 3058 1958 3099 a
2008 3042 2303 3115 principio
2359 3041 2618 3108 abstulit,
2667 3041 2833 3114 quod
2871 3037 3073 3115 ipsum
3126 3039 3454 3115 sperabant
3489 3055 3582 3097 re-

1842 3170 1884 3229 Ο
1920 3146 2299 3205 sponsut‘um.
2344 3131 2494 3188 Dixit
2520 3131 2702 3201 enim,
2742 3131 2877 3188 Non
2907 3146 3037 3187 sum
3067 3146 3161 3203 ego
3181 3131 3482 3229 Christus.

1991 3223 2152 3278 Vers.
2209 3222 2297 3277 21.
2338 3222 2415 3276 Et
2457 3251 2526 3261 —
2563 3236 2703 3277 sum.
2745 3221 2878 3277 Jam
2917 3226 3138 3276 conatu
3176 3218 3459 3285 frustrati,
3501 3215 3581 3274 ad

1920 3310 2083 3368 aliud
2107 3314 2541 3377 convertuntur,
2561 3310 2975 3382 intentumque
2997 3326 3175 3366 suum
3212 3307 3581 3365 obumbrare

1918 3400 2182 3457 volentes
2211 3400 2414 3457 dicunt
2434 3415 2448 3455 :
2471 3398 2619 3468 Quid
2637 3414 2792 3470 ergo,
2819 3399 2977 3455 Elius
2989 3413 3047 3456 es
3069 3398 3171 3455 tu?
3186 3403 3247 3454 ut
3266 3397 3581 3453 videantur

1920 3488 2270 3562 simpliciter
2298 3505 2369 3546 ac
2397 3490 2523 3546 sine
2562 3489 2790 3546 malitia
2814 3488 3177 3559 interrogare
3215 3503 3231 3543 :
3276 3486 3582 3559 Siquidem

1918 3579 2346 3652 exspectabant
2395 3577 2573 3635 etiam
2633 3583 2948 3634 venturum
2993 3577 3203 3634 Etiam.
3278 3575 3579 3648 Scriptum

1919 3675 2006 3726 est
2030 3670 2189 3725 enim
2209 3667 2370 3741 apud
2394 3666 2748 3725 Malachiam
2769 3668 3122 3741 praphetam
3137 3682 3150 3722 :
3167 3667 3403 3722 Mittam
3423 3664 3585 3722 vobis

1920 3759 2121 3815 Etiam
2142 3758 2470 3826 Thesbiten,
2491 3756 2595 3830 qui
2608 3762 2905 3815 convertet
2920 3756 3229 3827 corpatris
3240 3753 3309 3810 ad
3316 3754 3508 3825 ﬁlium
3527 3754 3576 3791 ³³

1922 3851 2178 3905 Rursum
2209 3863 2353 3918 ergo
2381 3853 2597 3918 rogant
2632 3862 2710 3904 ne
2755 3847 3011 3920 suspecti
3043 3845 3407 3904 habeantur.

1995 4027 2155 4082 Vers.
2177 4029 2259 4080 2t.
2293 4024 2371 4080 Es
2393 4030 2457 4080 tu
2476 4025 2582 4081 itte
2596 4023 2892 4094 propheta
2920 4024 2949 4080 ‘t
2972 4022 3046 4079 Et
3068 4022 3399 4094 respondit,
3420 4021 3583 4080 Non.

1922 4110 2048 4171 Non
2069 4114 2276 4170 dicunt
2307 4129 2320 4169 :
2345 4114 2419 4168 Es
2435 4118 2494 4169 tu
2510 4114 2803 4185 propheta
2828 4127 2999 4169 :nam
3023 4112 3288 4169 sciebant
3304 4127 3439 4167 eum
3454 4126 3586 4166 esse

1922 4202 2271 4276 prophetam
2298 4220 2313 4270 ;
2356 4201 2481 4267 sed,
2514 4204 2584 4257 Es
2603 4207 2665 4258 tu
2686 4201 2781 4257 ille
2805 4200 3099 4273 propheta
3129 4200 3202 4256 de
3215 4215 3336 4272 quo
3354 4198 3585 4270 scripsit

1923 4295 2109 4349 Moses
2119 4290 2396 4363 ‘tScripsit
2416 4289 2575 4346 enim
2589 4290 2673 4346 eis
2684 4290 3276 4358 dicens:Prophetam
3287 4285 3585 4344 suscitabit

1925 4382 2080 4439 vobis
2112 4381 2413 4447 Dominus,
2448 4381 2643 4451 ipsum
2668 4386 2733 4434 ut
2762 4393 2852 4436 me
2879 4378 3133 4436 audietis
3159 4378 3229 4430 ³³.
3257 4376 3357 4433 Ille
3383 4382 3585 4432 autem

1927 4476 2053 4529 erat
2097 4470 2387 4531 Christus.

2000 4651 2162 4705 Vers.
2180 4647 2269 4704 22.
2295 4646 2587 4704 Dixerunt
2619 4679 2670 4688 —
2695 4647 2863 4703 Vers.
2889 4650 2974 4702 23.
2998 4643 3314 4716 propheta.
3335 4644 3480 4700 Cum
3508 4643 3586 4700 ad

1923 4739 2134 4797 omnia
2159 4737 2449 4812 patienter
2465 4735 2892 4808 respondisset,
2914 4749 3073 4791 nunc
3090 4732 3269 4791 etiam
3282 4732 3426 4790 dicit
3451 4733 3587 4806 quis

1497 4895 1542 4928 ”
1572 4895 1737 4949 Deut.
1763 4909 1919 4960 xvui,
1972 4893 2061 4955 13.

1425 5043 1653 5116 Varias
1679 5044 2002 5114 lectiones
2034 5053 2099 5111 et
2138 5052 2339 5112 uotae.

280 5218 418 5293 (46)
440 5215 601 5282 Δόξαν
643 5222 705 5274 Δ.
760 5214 945 5293 Paulo
992 5219 1131 5293 ante
1184 5215 1347 5293 haud
1391 5214 1590 5293 dubie
1615 5216 1824 5293 vitiose

162 5286 448 5354 invenit
504 5290 1014 5367 Περιφρονρηθῆναι.
1063 5287 1407 5348 Hentenius.
1481 5286 1595 5346 Sed
1648 5287 1823 5345 lectio

278 5469 380 5542 (ῃ)
406 5466 734 5534 Putabant,
755 5469 864 5542 etc.
883 5463 1116 5542 Redde:
1137 5465 1335 5542 Stulte
1348 5465 1502 5522 enim
1517 5465 1823 5542 credebant

138 5536 333 5622 jairi
350 5536 489 5622 bunt.
503 5537 1119 5622 contemnisseyideret
1140 5537 1329 5606 ipsum
1343 5553 1565 5620 quoque
1580 5536 1823 5622 utho'mi-

159 5608 369 5679 'nem,
394 5610 637 5689 aliquid
648 5609 898 5689 humani
914 5623 1259 5689 passurum,
1285 5608 1379 5673 ac‘,
1397 5609 1448 5689 si
1468 5608 1821 5689 imetipsum

154 5703 309 5767 per
316 5678 725 5756 aN'ojantiam
735 5678 1012 5739 Christum
1025 5679 1608 5747 renuntiasset,simul
1618 5679 1827 5737 exstin-

554 5780 796 5838 ΡΑτκοι.
838 5779 950 5839 Gn.
999 5779 1248 5839 CXXIX.

1937 5228 2212 5270 meorum
2241 5210 2431 5283 codd.
2449 5208 2776 5283 proba‘est.

2007 5285 2122 5358 (47)
2152 5287 2383 5359 Χριστὸν
2413 5281 2591 5355 ἀνείπη
2636 5281 2702 5337 Β.

1933 5470 2092 5521 ctum
2120 5463 2202 5519 iri
2228 5462 2301 5519 de
2324 5463 2457 5519 Iesu
2483 5461 2708 5532 famam
2733 5465 2938 5516 contra
2964 5476 3141 5531 quan.
3166 5459 3365 5516 omnia
3385 5458 3590 5532 molie-

1934 5536 2176 5592 bantur.
2213 5534 2413 5589 Malim
2464 5529 2602 5601 ergo
2659 5531 2870 5601 legere,
2933 5529 3018 5583 τὸν
3089 5534 3316 5604 Χριστὸν
3372 5529 3589 5604 ἀνειπὼν

1931 5606 2127 5659 λοῖπόν.
2188 5604 2559 5660 Contumelia
2593 5603 2752 5661 enim
2802 5610 2906 5670 est,
2952 5604 3032 5654 ὅτι
3070 5601 3307 5654 πεὶσεται
3345 5605 3433 5652 καί
3464 5601 3592 5674 (ὅτι)

1937 5677 2311 5738 σϐεσθίωεται.

3205 5774 3273 5831 36
