4038 6226
489 319 632 375 1135
1839 307 2183 368 EUTHYMII
2221 307 2550 367 ZIGABENI
3672 312 3767 368 H36

486 444 591 501 sed
606 441 1134 516 supernaturaliter
1148 443 1282 495 tunc
1294 455 1432 495 eum
1447 439 1745 510 cognovit,
1763 442 1817 493 et
1829 453 1950 510 quo
1965 453 2081 492 mo:

2179 438 2225 491 A
2258 455 2392 500 τοτε,
2434 442 2523 489 καὶ
2581 438 2651 498 ὡς
2716 433 2891 497 οὐδεὶς
2960 445 3060 488 τῶν
3135 438 3336 488 πάντων
3402 435 3651 509 ἀνθρώπων.
3695 447 3768 491 Νῦν

485 534 688 589 nullus
707 531 952 588 omnino
969 530 1285 586 hominum
1308 529 1606 598 cognovit.
1641 532 1804 584 Nunc
1826 533 2026 582 autem
2052 532 2080 581 ιι

2261 522 2342 590 δὲ,
2383 535 2540 601 τριῶν
2590 526 2760 579 οὐσῶν
2790 531 3050 598 γνώσεων,
3092 534 3181 586 τῆς
3215 523 3287 579 δι’
3318 525 3484 596 ὄψεως,
3531 533 3605 579 καὶ
3628 537 3699 589 τῆς
3722 527 3775 581 δι’

484 623 622 694 plici
649 620 986 692 cognitione
1012 617 1297 688 cognovit
1324 635 1337 673 :
1367 623 1512 690 puta
1542 635 1648 690 per
1678 618 1890 681 visum,
1913 631 2020 688 per
2045 631 2079 670 a

2259 614 2439 682 ἀκοῆς,
2493 621 2582 668 καὶ
2635 626 2728 678 τῆς
2801 623 3152 689 προφητικῆς,
3219 616 3336 666 κατ’
3394 612 3610 686 οὐδεμίαν
3650 619 3774 670 αὐτων

483 711 694 776 ditum,
716 725 942 782 perque
961 707 1375 780 prOpheticam
1394 708 1684 770 notitiam,
1706 722 1962 779 quarum
1984 704 2078 758 nul

2258 703 2504 775 ἐγίνωσκε
2532 709 2618 756 τὸν
2670 709 2918 780 Χριστὸν,
2954 709 3054 780 πρό
3103 713 3194 756 τοῦ
3251 703 3406 756 ἐλθεῖν
3451 703 3522 758 ἐπὶ
3565 709 3635 757 τὸν
3683 708 3778 780 Ἰορ-

482 798 784 855 Christum
800 796 1225 868 cognoscebat,
1245 798 1597 868 priusquam
1619 796 1693 851 ad
1712 795 2038 851 Jordanem
2053 810 2077 848 ι

2258 790 2439 852 δάνην’
2500 800 2615 847 τότε
2679 792 2738 847 δὲ
2791 794 2970 847 λοιπὸν
3027 799 3117 846 καὶ
3163 797 3298 846 κατὰ
3382 797 3465 855 τὰς
3529 804 3642 869 τρεῖς
3685 800 3777 866 ἕψω

481 888 654 958 niret,
674 887 890 943 deinde
903 892 1100 943 autem
1120 885 1329 957 triplici
1353 886 1466 940 hoc
1490 886 1672 941 modo
1691 885 2076 955 cognovitem

2255 883 2429 936 αὐτόν.
2485 889 2584 937 Καὶ
2633 887 2735 958 γὰρ
2796 883 3132 956 ἀπεκαλύφθη
3207 903 3262 936 τε
3342 883 3472 954 αὐτῷ
3519 893 3783 957 προφητικῶς

480 977 789 1050 Siquidem
824 975 1171 1048 prophetice
1199 975 1252 1030 ei
1279 974 1541 1031 revelata
1570 980 1709 1030 sunt
1737 990 1873 1046 quae
1905 973 1980 1028 de
2013 973 2074 1043 ip

2254 976 2320 1024 τὰ
2372 977 2490 1046 περὶ
2543 973 2702 1025 αὐτοῦ
2755 988 2768 1003 ·
2829 971 2915 1026 διὸ
2990 979 3079 1026 καὶ
3163 973 3348 1043 ἔλεγεν,
3405 972 3457 1024 Ὀ
3504 972 3647 1025 ὀπίσω
3707 993 3780 1038 μον

479 1070 649 1123 erant
677 1083 688 1120 :
712 1065 847 1120 ideo
871 1071 928 1120 et
950 1064 1101 1120 dixit
1129 1078 1142 1118 :
1175 1064 1291 1131 Qui
1311 1069 1441 1132 post
1467 1079 1556 1120 me
1580 1068 1858 1120 venturus
1883 1069 1987 1128 est,
2012 1077 2074 1118 an

2255 1060 2553 1135 ἐρχόμενος,
2617 1065 2907 1135 ἔμπροσθέν
2967 1083 3066 1135 μου
3147 1068 3341 1134 γέγονε.
3414 1067 3503 1114 Καὶ
3549 1058 3660 1114 εἶδεν
3719 1062 3784 1113 αὖ·

479 1170 571 1212 me
591 1156 731 1224 fuit.
767 1153 922 1208 Vidit
950 1168 1193 1224 quoque
1227 1168 1365 1208 eum
1408 1168 1422 1217 ;
1456 1153 1622 1208 illum
1654 1168 1916 1224 namque
1947 1152 2074 1222 prol

2251 1155 2335 1203 τόν
2388 1169 2398 1180 ·
2445 1148 2530 1203 διὸ
2578 1157 2667 1204 καὶ
2721 1153 2834 1224 (57)
2897 1149 3169 1204 διεκώλυεν
3235 1152 3385 1204 αὐτὸν
3429 1150 3569 1222 λέγων
3627 1167 3637 1178 ’
3685 1152 3784 1221 Ἐγὼ

480 1244 657 1300 bebat
685 1243 892 1298 dicens
923 1263 934 1294 :
970 1242 1091 1312 Ego
1121 1257 1158 1297 a
1189 1247 1244 1297 le
1263 1243 1439 1298 debeo
1464 1241 1768 1312 baptizari,
1815 1245 1868 1297 et
1891 1248 1955 1296 ut
1979 1256 2075 1296 ven

2250 1246 2438 1314 χρείαν
2493 1245 2602 1313 ἔχω
2681 1243 2781 1293 ὑπὸ
2866 1249 2960 1294 σοῦ
3052 1239 3427 1314 βαπτισθῆναι·
3488 1245 3568 1291 καὶ
3635 1243 3786 1298 ἤκουσε

478 1335 556 1389 ad
577 1349 666 1389 me
686 1336 732 1368 ³⁵
751 1331 775 1384 ?
792 1331 1029 1387 Audivit
1047 1337 1330 1402 praeterea
1352 1347 1562 1387 vocem
1585 1332 1658 1386 de
1686 1331 1785 1388 illo
1803 1331 2073 1386 dicenten

2251 1334 2368 1401 περὶ
2426 1329 2607 1396 αὐτοῦ,
2670 1331 2844 1393 Οὗτός
2892 1329 3034 1382 ἐστιν
3086 1335 3112 1382 ὁ
3171 1333 3289 1391 Υἱὸς
3333 1349 3429 1402 μον
3474 1331 3497 1381 ὁ
3551 1329 3785 1399 ἀγαπητός,

478 1423 598 1478 Ηιό
623 1427 709 1478 est
737 1422 930 1476 Filius
960 1436 1110 1477 meus
1141 1419 1387 1476 dilectus
1418 1422 1480 1476 in
1507 1437 1620 1492 quo
1652 1421 1802 1477 mihi
1830 1421 2073 1490 compta.

2253 1420 2302 1469 ἐν
2335 1419 2373 1488 ᾧ
2588 1415 2876 1488 εὐδόκησα,
2937 1423 3006 1482 ὡς
3043 1422 3091 1471 οἱ
3135 1418 3281 1472 illo:
3350 1419 3676 1490 εὖαγγελισταὶ
3709 1415 3787 1470 ἐδί-

478 1519 600 1568 tum
632 1517 736 1577 est,
765 1510 914 1565 sicut
940 1509 1040 1565 alii
1071 1509 1445 1579 evangelistae
1479 1510 1814 1566 docuerunt
1853 1512 1922 1564 ’⁷.
2254 1503 2440 1570 ὃαξαν.

549 1603 714 1656 Vers.
770 1604 858 1657 3t.
918 1600 1038 1655 Sed
1083 1631 1151 1638 —
1200 1599 1513 1669 baptizans.
1571 1603 1716 1656 Ecce
1774 1601 1920 1656 dixit
1957 1599 2139 1655 etiam

2325 1597 2466 1651 Ἀλλ’
2499 1629 2564 1638 -
2597 1596 2890 1670 βαπτίζων.
2936 1594 3077 1651 Ἰδοὺ
3136 1597 3244 1650 εἶπε
3287 1603 3378 1650 καὶ
3435 1601 3519 1656 τὴν
3549 1597 3690 1649 αἰτίαν
3735 1592 3788 1647 δι’

478 1707 748 1757 causam,
781 1689 862 1746 ob
905 1705 1092 1763 quam
1140 1690 1300 1746 venit
1350 1695 1407 1746 et
1462 1690 1586 1762 ipse
1619 1697 1679 1745 ut
1711 1689 2052 1762 baptizaret,

2253 1691 2313 1744 ἣν
2346 1686 2503 1749 αὐτὸς
2533 1706 2586 1739 τε
2622 1683 2745 1745 ἦλθε
2785 1686 3085 1760 βαπτίζειν,
3126 1693 3216 1739 καὶ
3249 1689 3274 1739 ὁ
3299 1691 3518 1762 Χριστὸς
3550 1691 3793 1759 παρεγένετο

479 1781 748 1837 Christus
781 1784 842 1836 ut
900 1779 1319 1851 baptizaretur.
1380 1782 1506 1834 Una
1556 1778 1856 1851 siquidem
1900 1778 2074 1834 cadet

2197 1803 2221 1856 ὂ
2255 1774 2640 1848 βαπτισθῆναι.
2676 1783 2787 1830 Μία
2837 1780 2936 1850 γὰρ
2968 1781 3057 1830 καὶ
3110 1779 3140 1834 ἠ
3189 1777 3320 1835 αὐτὴ
3533 1781 3610 1827 καὶ
3648 1777 3792 1826 τούτου

477 1886 590 1943 que
620 1869 727 1926 fuit
751 1873 807 1924 et
835 1867 1013 1939 hujus
1042 1883 1224 1924 causa
1250 1873 1306 1922 et
1330 1866 1504 1934 illius,
1531 1867 1822 1934 videlicet,
1853 1873 1916 1923 ut
1949 1883 2072 1922 mar

2254 1864 2514 1930 κάκείνου,
2550 1869 2630 1918 ὅτι
2655 1868 2737 1918 ἱνα
2769 1869 3032 1941 φανερωθῂ
3059 1874 3166 1928 τοῖς
3190 1866 3550 1940 Ἰσραηλίταις.
3578 1865 3793 1935 Ἐπέμοθη

477 1960 789 2016 festaretur
839 1956 1106 2013 Christus
1161 1956 1457 2012 lsraelitis.
1499 1959 1648 2012 Nam
1695 1973 1731 2012 a
1758 1956 1878 2012 Deo
1915 1958 2072 2012 missu

2255 1958 2355 2029 γαρ
2389 1956 2412 2006 ὁ
2442 1955 2682 2018 Ἰωάννης
2714 1957 2813 2008 ὑπὸ
2850 1961 2977 2009 Θεοῦ
3006 1959 3133 2031 πρὸς
3165 1960 3252 2008 τὸν
3280 1952 3541 2030 Ἰορδάνην
3568 1957 3796 2027 κηρύσσων

477 2048 673 2104 fuerat
704 2047 961 2102 Joannes
993 2045 1066 2101 ad
1114 2047 1461 2110 Jordanem,
1513 2049 1578 2100 ut
1601 2045 1904 2117 baptisma
1960 2062 2072 2116 poei

2258 2041 2544 2116 βάπτισμα
2573 2049 2863 2117 μετανοίας,
2907 2049 2990 2097 ἵνα
3056 2042 3149 2098 διὰ
3187 2049 3246 2097 τὸ
3307 2043 3577 2118 βάπτισμα
3620 2038 3799 2113 σννόρά-

481 2137 680 2192 tentize
718 2135 1090 2208 praedicaret,
1147 2151 1270 2207 quo
1324 2140 1567 2206 propter
1623 2135 1924 2206 baptisma
1979 2151 2076 2190 mu

2257 2152 2399 2204 μωσι
2459 2133 2656 2202 πολλοὶ,
2711 2139 2801 2186 καὶ
2861 2133 3074 2195 ἐπιστὰς
3131 2136 3156 2186 ὁ
3192 2138 3426 2210 Χριστὸς
3472 2137 3531 2193 ὡς
3554 2131 3799 2205 βαπτισθη·

483 2229 920 2290 concurrerent,
983 2229 1039 2280 et
1068 2229 1274 2280 astans
1309 2224 1574 2280 Christus
1605 2223 1666 2278 in
1708 2223 1906 2279 medio
1940 2223 2078 2278 mull

2259 2227 2492 2293 σὸμενος,
2553 2228 2710 2296 μέσον
2741 2223 2938 2276 πολλῶν
2989 2226 3324 2299 μαρτυρηθῇ,
3350 2225 3566 2276 κατὼθεν
3690 2221 3801 2291 παρὰ

479 2331 637 2382 rum,
671 2319 875 2388 utpote
900 2312 1318 2386 baptizandus,
1367 2312 1776 2369 testimonium
1833 2311 2074 2385 accipert

2258 2312 2512 2377 Ἰωάννου,
2573 2315 2764 2366 ἄνωθεν
2829 2311 2888 2366 δὲ
2961 2317 3105 2387 παρὰ
3189 2321 3278 2366 τοῦ
3362 2315 3551 2385 Πατρός
3621 2316 3800 2362 καὶτοῦ

480 2405 709 2462 inferne
736 2403 986 2478 quidem
1016 2419 1053 2460 a
1079 2403 1331 2469 Joanne,
1367 2418 1624 2474 superne
1655 2418 1796 2457 vero
1828 2417 1864 2458 a
1896 2405 2059 2458 Patre

2257 2400 2410 2471 ἁγίου
2501 2405 2820 2474 Πνεύματος,
2915 2407 3003 2455 καὶ
3112 2401 3339 2456 ἐντεῦθεν
3445 2401 3799 2471 ἐπισπασάμενος

484 2495 704 2568 Spiritu
735 2497 936 2550 sancto
967 2509 980 2559 ;
1010 2497 1189 2564 atque
1215 2491 1358 2547 hinc
1382 2491 1550 2564 ipsos
1580 2491 1902 2556 attrahens,
1931 2497 2079 2564 mysl

2258 2490 2463 2556 αὐτοὺς,
2553 2493 2773 2565 ἄρξηται
2842 2501 3206 2565 μυσταγωγεῖν
3268 2498 3361 2545 καὶ
3428 2494 3799 2563 Θαυματονργιῖν.

482 2583 572 2640 ria
597 2584 832 2652 docere,
880 2599 949 2638 ac
983 2579 1279 2637 mirabilia
1308 2581 1544 2652 operari
1584 2580 1870 2652 inciperet
1904 2597 1917 2646 ;
1951 2597 2077 2653 neq'

2258 2577 2397 2632 Οὐδὲ
2463 2583 2563 2655 γὰρ
2633 2581 2692 2632 ἂν
2750 2582 2884 2634 οὕτω
2927 2579 3248 2658 συνέδραμον
3305 2583 3534 2648 ἅπαντες,
3605 2575 3704 2631 οὐδ’
3757 2576 3799 2627 ειν

483 2673 643 2728 enim
675 2673 754 2728 ita
775 2671 1219 2728 concurrissent
1247 2685 1475 2738 omnes,
1526 2684 1722 2742 neque
1754 2669 1840 2726 ita
1878 2670 2078 2726 testim

2257 2672 2492 2728 ἤκουσαν
2523 2680 2614 2731 τῆς
2641 2674 2883 2732 τοιαύτης
2914 2673 3046 2725 οὕτω
3094 2677 3408 2747 μαρτυρίας,
3443 2672 3485 2724 εἰ
3506 2675 3573 2743 μὴ
3599 2677 3728 2722 τοῦτο
3745 2671 3807 2738 γε·

481 2763 652 2820 nium
676 2761 1063 2826 audivissent,
1117 2759 1230 2815 nisi
1286 2760 1400 2816 hoc
1433 2759 1655 2816 factum
1706 2759 1932 2816 fuisset.
2259 2778 2396 2830 γονε.

504 2890 510 2896 ο
556 2853 716 2908 Vers.
773 2852 859 2907 32.
895 2851 970 2906 Et
1012 2881 1081 2892 —
1113 2851 1273 2905 Vers.
1307 2849 1393 2906 33.
1422 2855 1650 2906 sancto.
1685 2850 1948 2905 Rursum
1996 2850 2078 2906 ait

2332 2853 2432 2901 Καὶ
2489 2880 2556 2890 -
2614 2850 2762 2922 ἁγίῳ.
2827 2851 2984 2905 Πάλιν
3047 2855 3125 2920 τὸ,
3179 2852 3291 2905 Οὔκ
3345 2849 3493 2926 ᾔδειν
3541 2851 3694 2913 αὑτὸν,
3748 2848 3811 2897 ἵνα

493 2941 834 2999 Nesciebam
861 2956 1012 3008 eum,
1045 2939 1435 3012 utproprium
1453 2938 1862 2995 testimonium
1879 2938 1955 2995 ab
1982 2955 2088 2994 om:

2260 2935 2551 2991 ἀνύποπτον
2631 2943 2797 2998 πάντη
2877 2946 2972 3000 τὴν
3052 2942 3246 2994 οἰκείαν
3328 2945 3609 3016 μαρτυρίαν
3691 2935 3805 3010 ἐργά-

483 3031 823 3103 suspicione
864 3034 1217 3086 removeret.

864 3034 1217 3086 removeret.
2203 3101 2218 3103 Α
2262 3045 2441 3083 σηται.

485 3101 706 3177 Ver—um
736 3120 982 3193 quando
1013 3119 1158 3176 dixit
1180 3119 1230 3175 ei
1284 3121 1436 3175 Deus
1467 3141 1479 3173 :
1513 3120 1708 3188 Super
1737 3135 1902 3192 quem
1933 3120 2080 3176 vide:

2214 3102 2229 3156 ἶ
2330 3114 2486 3168 ama
2513 3122 2636 3170 ποτε
2662 3116 2795 3170 εἶπεν
2849 3119 2989 3191 αὐτῷ
3021 3121 3045 3171 ὁ
3087 3123 3234 3191 Θεὸς,
3304 3121 3412 3193 Ἐφ’
3465 3121 3518 3172 ὃν
3554 3117 3609 3170 ἂν
3636 3113 3738 3188 ἴδῃς
3767 3117 3809 3164 τὸ

482 3211 782 3280 Spiritum
805 3210 1271 3274 descendentem,
1290 3213 1347 3264 et
1366 3213 1578 3264 caetera
1595 3207 1624 3262 7
1647 3209 1901 3274 Quando
1922 3227 2050 3280 qUEB

2259 3210 2466 3277 Πνεῦμα
2492 3206 2823 3272 καταϐαῖνον,
2855 3214 2944 3262 καὶ
2974 3213 3040 3261 τα
3070 3209 3184 3272 ἑξῆς
3242 3226 3257 3276 ;
3286 3208 3411 3262 Ὀτε
3456 3209 3563 3280 (60)
3595 3203 3811 3268 δηλονότι,

486 3300 714 3357 Christo
745 3304 915 3355 erant
944 3297 1056 3369 ipsi
1090 3297 1390 3362 revelavit,
1432 3296 1531 3352 illo
1560 3295 1832 3351 nondum
1868 3297 2081 3352 manife

2257 3299 2416 3367 μήπω
2449 3300 2710 3368 φανέντος,
2754 3301 2816 3351 τὰ
2847 3305 2965 3373 περὶ
2996 3299 3155 3351 αὐτοῦ
3204 3298 3532 3369 ἀπεκάλυψεν
3556 3297 3698 3366 αὐτῷ.
3717 3299 3813 3346 Τότε

485 3395 653 3446 tato:
700 3394 836 3444 tunc
871 3387 1168 3460 siquidem
1199 3393 1255 3442 et
1300 3387 1429 3442 haec
1457 3393 1511 3442 et
1554 3387 1669 3442 alia
1717 3386 1883 3441 dixit.
1941 3389 2080 3442 Post

2256 3387 2347 3456 μὲν
2376 3387 2475 3457 γὰρ
2507 3389 2571 3438 τά
2597 3407 2650 3438 τε
2683 3387 2812 3440 σῦλα
2867 3393 2957 3440 καὶ
2986 3397 3139 3441 τοῦτο
3189 3385 3326 3441 εἶπεν
3376 3406 3388 3420 ’
3423 3389 3624 3461 ὕστερον
3674 3381 3723 3437 δι
3745 3387 3814 3434 καὶ

485 3495 627 3536 vero
654 3480 852 3550 ipsum
901 3493 1143 3549 quoque
1192 3476 1622 3532 demonstravit
1663 3475 1741 3530 ad
1771 3475 2080 3547 baptismu

2257 3469 2520 3536 ὑπέδειξεν
2600 3476 2756 3528 αὐτὸν
2823 3482 3233 3552 παραγενόμενον
3323 3481 3410 3531 ἐπὶ
3504 3480 3559 3530 τὸ
3629 3473 3814 3547 βαπτισ-

486 3567 886 3623 accedentem.

837 3584 886 3620 [ι.
2260 3563 2432 3620 θῆναι.

559 3646 825 3711 Prmsens
852 3657 1052 3726 itaque
1108 3654 1475 3722 evangelista
1518 3670 1608 3719 ea,
1652 3659 1715 3710 ut
1762 3654 1990 3710 dictum
2037 3660 2142 3721 est,

2325 3648 2485 3726 εομὲν
2537 3652 2623 3707 οὖν
2647 3660 2823 3731 παρὼν
2869 3655 3260 3728 εὐαγγελιστης,
3321 3661 3395 3719 ὡς
3454 3654 3812 3729 εἶρηται,παρέ-

488 3746 884 3820 praetermisit.
920 3761 1054 3817 quae
1097 3745 1252 3800 circa
1290 3743 1522 3799 Domini
1558 3744 1863 3816 baptisma
1894 3745 1970 3801 ab
2011 3746 2083 3800 ali

2258 3743 2425 3820 δραμε
2455 3748 2520 3796 τὰ
2546 3749 2676 3796 κατα
2722 3750 2778 3796 τὸ
2823 3744 3106 3818 βάπτισμα
3133 3753 3223 3797 τοῦ
3251 3753 3514 3820 Σωτῆρος,
3543 3749 3604 3805 ὡς
3633 3749 3721 3800 τοῖς
3741 3739 3812 3789 ἱέ-

487 3833 866 3904 evangelistis
896 3835 1234 3904 conscripta
1271 3838 1428 3888 sunt.
1487 3835 1794 3890 Mattheus
1850 3851 1989 3891 vero
2023 3836 2082 3890 ha

2255 3835 2362 3897 λοις
2393 3836 2840 3910 προϊστορηθέντα
2873 3851 2884 3864 ·
2928 3837 2953 3886 ὁ
3004 3834 3061 3888 δὲ
3093 3837 3364 3896 Ματθαῖος
3421 3836 3712 3906 πλατύτερον
3742 3838 3814 3880 τῶν

487 3925 904 3982 caaterislatius
925 3924 1217 3980 enarravit
1248 3940 1259 3978 :
1295 3923 1421 3994 lege
1444 3939 1584 3994 ergo
1613 3924 1712 3981 illa
1731 3926 1807 3981 ad
1843 3926 2082 3997 perfecti

2256 3925 2418 3976 ἄλλων
2448 3923 2758 3995 ἀπήγγειλεν
2813 3924 2946 3976 αὐτά
2980 3944 2992 3956 ·
3026 3929 3116 3976 καὶ
3167 3924 3434 3997 ἀνάγνωθι
3477 3923 3672 3975 κάκεῖνα
3715 3921 3815 3988 πρὸς

484 4032 610 4072 rem
648 4013 994 4071 habendam
1046 4014 1466 4084 cognitionem.

1352 4029 1466 4069 em.
2257 4013 2604 4087 ἐντελεστέραν
2639 4009 2947 4083 διάγνωσιν.

558 4105 718 4160 Vers.
751 4104 836 4160 34.
871 4106 936 4158 Et
962 4119 1066 4175 ego
1113 4103 1252 4159 vidi.
1290 4103 1572 4175 Spiritum
1603 4103 1880 4160 videlicet
1907 4106 2145 4160 descen-

2328 4102 2480 4174 Κάγὼ
2512 4101 2733 4175 ἑώρακα.
2762 4106 2831 4154 Τὸ
2862 4109 3087 4175 Πνεῦμα,
3148 4100 3366 4162 δηλαδὴ
3429 4101 3721 4154 καταϐαῖνον
3747 4098 3812 4146 καὶ

487 4194 742 4259 dentem,
774 4199 826 4249 et
851 4198 1191 4250 manentem
1242 4209 1420 4264 super
1449 4209 1608 4248 eum.

1135 4210 1191 4248 ιιι
1242 4209 1420 4264 super
1449 4209 1608 4248 eum.
2254 4197 2405 4264 μένον
2437 4189 2514 4243 ἐπ’
2548 4192 2722 4244 αὐτόν.

560 4288 718 4340 Vers.
752 4284 838 4340 34.
876 4284 950 4338 Et
979 4314 1044 4323 —
1092 4282 1216 4339 Dei.
1273 4285 1337 4338 Et
1373 4281 1473 4337 ubi
1517 4282 1626 4336 hoc
1655 4281 1950 4353 perhibuit
1981 4283 2142 4338 testi-

2279 4304 2286 4311 ·
2328 4287 2514 4334 Καὶ-
2552 4289 2705 4333 Θεοῦ.
2741 4281 2844 4334 Καὶ
2874 4288 2973 4334 ποῦ
3028 4289 3181 4334 τοῦτο
3229 4286 3625 4358 μεμαρτύρηκεν
3651 4296 3664 4340 ;
3691 4271 3812 4328 ou'a’a-

487 4374 755 4431 monium
787 4375 812 4429 ?
852 4389 1042 4444 neque
1072 4371 1231 4427 enim
1265 4387 1522 4444 usquam
1551 4371 1841 4442 scriptum
1874 4377 1978 4426 est.
2011 4374 2082 4428 Οι

2254 4377 2346 4422 κού
2373 4372 2472 4444 γὰρ
2506 4368 2916 4440 ἀναγέγραπται.
2948 4373 3335 4444 Μεμαρτύρηκε
3365 4375 3458 4444 μὲν
3481 4378 3627 4423 τοῦτο
3651 4368 3813 4418 πάντως

485 4464 627 4518 nino
660 4479 801 4519 sane
831 4462 943 4517 hoc
976 4460 1316 4517 testiﬁcatus
1355 4466 1443 4516 est
1476 4478 1490 4513 :
1523 4460 1789 4516 relictum
1816 4466 1905 4516 est
1945 4466 2078 4518 ante

2217 4476 2220 4502 ι
2256 4458 2655 4532 παρα).εἿ.ειπται
2683 4455 2742 4510 δι
2763 4465 2869 4520 τοῖς
2900 4458 3319 4530 εὖαγγελισταῖς,
3375 4463 3549 4536 ὥσπερ
3608 4462 3686 4508 καὶ
3718 4450 3812 4506 ἀλλά

487 4551 564 4608 ab
604 4549 1004 4620 evangelistis,
1032 4548 1550 4622 quemadmodum
1584 4556 1640 4604 et
1666 4549 1784 4606 alia
1823 4549 2032 4606 multa.
2255 4547 2434 4599 πολλά.

559 4639 728 4693 Vers-
770 4641 857 4693 35.
892 4641 1127 4695 Postero
1158 4639 1339 4696 die—
1371 4639 1530 4692 Vers.
1565 4641 1651 4693 36.
1687 4639 1812 4694 Dei.
1856 4642 1980 4695 Non
2020 4640 2142 4694 vul-

2324 4644 2394 4709 Τῇ
2430 4638 2670 4708 ἐπαύριον
2737 4667 2784 4674 ς·-
2819 4644 2972 4691 Θεοῡ,
3008 4636 3119 4688 Οὔκ
3157 4636 3361 4700 ἅπλῶς,
3424 4635 3547 4690 οὐδὲ
3592 4639 3649 4694 ὡς
3692 4635 3812 4698 ἔτυχε

487 4727 616 4799 gari
659 4726 841 4782 modo
881 4743 1072 4799 neque
1109 4741 1258 4785 casu
1301 4727 1430 4783 haec
1461 4727 1533 4782 de
1574 4726 1704 4799 ipso
1730 4727 2008 4799 loquitur,
2038 4745 2082 4783 se

2371 4685 2392 4709 ;.
3019 4685 3119 4688 --η
3429 4685 3545 4690 -νη
3761 4685 3794 4698 ι.

2374 4726 2507 4777 αὐτὰ
2557 4729 2666 4798 περί
2729 4724 2889 4776 αὐτοῦ
2936 4728 3232 4798 φθέγγεται,
3302 4726 3416 4779 ἀλλ’
3478 4726 3663 4796 ἐπείπερ
3702 4721 3810 4771 οὕτω

485 4816 628 4890 quia
675 4815 941 4871 nondum
997 4817 1341 4872 Judaeorum
1371 4815 1890 4872 insensibilitatem
1939 4817 2080 4887 attig

2361 4819 2493 4866 ίκετο
2540 4822 2633 4876 τῆς
2663 4812 3011 4875 ἀναισθησίας
3039 4824 3138 4867 τῶν
3191 4813 3474 4869 Ἰουδαίων
3505 4835 3518 4848 ο
3551 4811 3704 4871 οὐδεὶς
3735 4808 3811 4878 γὰρ

485 4909 578 4961 rat
612 4920 624 4970 ;
650 4919 827 4959 nemo
846 4903 1002 4959 enim
1023 4904 1354 4976 quidquam
1371 4903 1446 4960 de
1476 4904 1607 4976 ipso
1636 4903 2080 4974 interrogavera‘

2361 4907 2408 4956 ὸν
2430 4900 2582 4956 οὐδὲν
2614 4903 2858 4976 ἠρώτησε
2907 4908 3026 4981 περὶ
3083 4904 3244 4958 αὐτοῦ
3297 4922 3312 4936 ο
3370 4906 3698 4979 ἀναγκάζεται
3724 4895 3807 4968 (61)

557 5167 604 5202 ²⁶
634 5163 836 5220 Matth.
890 5181 1004 5234 vui,
1037 5167 1126 5222 14.
1208 5167 1252 5200 ³⁷
1287 5164 1484 5221 Matth.
1519 5181 1599 5236 ιιι,
1627 5165 1693 5223 17
1727 5181 1740 5230 ;
1772 5165 1919 5222 Marc
1951 5181 2008 5229 ιι,
2058 5166 2112 5220 li
2149 5184 2152 5233 ς

974 5183 1004 5234 ι,
1037 5167 1126 5222 14.
1208 5167 1252 5200 ³⁷
1287 5164 1484 5221 Matth.
1519 5181 1599 5236 ιιι,
1627 5165 1693 5223 17
1727 5181 1740 5230 ;
1772 5165 1919 5222 Marc
1951 5181 2008 5229 ιι,
2058 5166 2112 5220 ll
2149 5182 2163 5233 ;
2200 5168 2332 5222 Luc.
2365 5181 2445 5230 ιιι,
2480 5168 2569 5220 22.

1731 5369 1959 5439 Variae.
2033 5371 2360 5440 lectiones
2411 5379 2478 5440 et
2523 5383 2723 5442 notas.

554 5604 666 5676 (37)
698 5599 944 5676 Ἐκῳλυω
969 5604 1063 5676 Α.Δ
2327 5598 2442 5676 (ρο)
2467 5597 2586 5676 ὈΞ-ι
2987 5667 3002 5676 _
3203 5668 3211 5676 .
3238 5666 3251 5676 _
3305 5672 3314 5676 _
3467 5666 3507 5676 n
3581 5670 3588 5676 _
3689 5657 3713 5676 Δ,

579 5665 666 5741 583
702 5671 993 5731 Ηύδοκησα
1039 5673 1104 5727 Λ.
1313 5740 1317 5741 ν

2266 5738 2279 5741 _
2327 5669 2439 5740 (6|)
2481 5665 3109 5741 Oﬁuinterponendum
3163 5666 3422 5727 videtur.
3466 5666 3624 5724 Forte
3661 5665 3782 5718 etiam

579 5678 644 5730 58
702 5678 993 5731 Ηύδοκησα
1039 5678 1104 5727 Λ.
2327 5678 2439 5740 (δι)
2481 5678 2581 5720 0w

701 5750 802 5800 Καὶ
842 5755 994 5798 τοῦτο
1031 5743 1263 5805 κάκεῖνος
1292 5740 1358 5800 Α.
2257 5738 2581 5816 ἀφυπνίζειν.
