4038 6226
289 338 412 399 1137
1295 336 1665 394 COMMENT.
1705 337 1780 395 IN
1817 334 2169 393 JOANNEM.
2211 367 2281 380 —
2319 339 2470 395 CAP.
2513 337 2557 394 Ι.
3483 334 3628 397 H38

290 469 347 520 τὰ
384 463 503 516 αὐτὰ
530 461 691 534 λέγειν
718 462 892 529 πάλιν,
925 468 1013 516 καὶ
1046 460 1313 538 δευτέραις
1352 471 1541 537 φωναῖς
1586 463 1861 536 ἀφυπνίζει

2034 479 2213 520 ll‘Sllm
2258 464 2390 521 haec
2419 465 2493 521 de
2522 465 2654 536 ipso
2693 464 2891 521 dicere
2939 463 3187 538 cogitur,
3240 471 3629 539 mentemque

291 559 371 613 τὴν
399 550 620 606 διάνοιαν
652 551 819 604 αὐτῶν
849 553 1020 628 ὥσπερ
1052 556 1396 627 κοιμωμένην.

2036 569 2182 609 rrum
2212 553 2440 610 iteratis
2485 555 2732 612 vocibus
2764 553 3215 628 expergefacere
3268 556 3445 629 quasi
3495 555 3631 612 dor-

1971 643 2280 699 mientem.

352 736 442 785 Καὶ
494 729 545 783 ὃν
597 733 786 804 τρόπον
849 731 874 783 6
930 733 1020 803 μὲν
1075 736 1288 804 νυμφίος
1340 728 1490 785 οὐδὲν
1548 734 1672 793 τέως
1727 730 1861 803 λέγει

2042 735 2108 787 Et
2126 733 2647 804 quemadmodum
2669 749 2929 806 sponsus
2950 733 3094 789 nihil
3120 733 3360 789 interim
3382 749 3621 804 sponsae

289 824 397 895 πρὸς
431 824 518 878 τὴν
559 822 781 893 νύμφην,
824 816 938 873 οὐδ’
991 819 1075 892 ἀφ’
1125 820 1308 874 ἑαυτοῦ
1349 820 1598 893 λαμϐάνει
1643 823 1856 878 ταύτην·

2031 822 2252 894 quitur,
2286 837 2395 878 nec
2434 839 2569 879 eam
2618 839 2724 895 per
2754 823 3021 895 seipsum
3059 823 3291 894 accipit,
3347 822 3450 877 sed
3504 822 3626 878 dux

287 907 389 962 ὅδὲ
426 912 763 981 νυμφαγωγὸς
808 911 980 962 πάντα
1019 907 1314 982 διαλέγεται
1356 916 1445 963 καὶ
1490 907 1858 983 παραδίδωσιν

2034 927 2212 966 »οηεω
2242 912 2446 968 omnia
2476 913 2728 979 disserit,
2751 927 3006 985 eamque
3029 911 3109 966 illi
3127 911 3334 978 tradit;
3368 911 3466 967 ubi
3491 927 3629 967 vero

285 999 428 1057 αὐτὴν
451 1015 464 1028 °
495 999 572 1051 ὅτε
603 995 662 1051 δὲ
711 998 840 1072 λάϐῃ
886 1001 1080 1057 ταύτην
1111 1000 1317 1065 ἐκεῖνος,
1350 1001 1486 1052 οὕτω
1531 995 1856 1068 διατίθησιν,

2038 1001 2271 1073 ιηοὶρεθ
2301 1001 2616 1074 acceperit,
2640 1001 2722 1057 ita
2759 1017 2892 1057 eam
2928 1001 3223 1066 immutat,
3257 1004 3322 1055 ut
3348 1000 3450 1056 illa
3476 1000 3633 1071 prio-

282 1091 342 1150 ὡς
388 1087 717 1140 ἐπιλαθέσθαι
763 1089 967 1140 πάντων
998 1105 1011 1120 ·
1047 1088 1178 1140 οὕτω
1221 1094 1310 1140 καὶ
1367 1096 1454 1140 νῦν
1509 1090 1534 1140 6
1591 1091 1680 1160 μὲν
1733 1096 1860 1161 Χρι-

2032 1107 2102 1145 lm
2133 1091 2408 1146 omnium
2465 1090 2847 1147 obliviscatur
2881 1107 2896 1144 :
2931 1090 3011 1145 ita
3059 1093 3115 1145 et
3155 1104 3314 1144 nunc
3362 1089 3627 1145 Christus

283 1181 392 1239 στὸς
428 1178 498 1230 ἔτι
539 1183 669 1248 σιγᾷ
694 1195 707 1208 °
743 1179 768 1229 6
802 1174 860 1230 δὲ
890 1177 1131 1238 Ἰωάννης
1161 1181 1226 1230 τὰ
1267 1183 1382 1251 περὶ
1425 1178 1585 1230 αὐτοῦ
1635 1175 1858 1251 διαπρα⁸

2035 1179 2168 1235 lhuc
2204 1185 2378 1245 tacet,
2421 1181 2680 1235 Joannes
2705 1195 2846 1235 vero
2876 1182 3092 1234 cuncta
3121 1181 3404 1249 operatur
3432 1195 3446 1244 ;
3493 1177 3630 1233 ideo

277 1268 585 1338 γματεῦεται.
638 1269 725 1318 Διό
782 1271 871 1318 καὶ
929 1267 1072 1339 φίλος
1123 1267 1285 1319 αὐτοῦ
1344 1268 1608 1332 κέκληται,
1665 1270 1732 1328 ὡς
1785 1275 1856 1337 τῷ

2038 1267 2148 1323 iam
2162 1267 2394 1324 amicus
2410 1267 2622 1340 Sponsi
2641 1273 2886 1324 vocatus
2897 1271 3297 1340 est,tanquam
3310 1265 3633 1338 quinuptiis

277 1357 413 1427 γάμῳ
449 1360 627 1430 παρὼν
674 1360 764 1407 καὶ
808 1358 978 1408 πάντα
1020 1357 1142 1430 ὑπὲρ
1174 1363 1265 1408 τοῦ
1300 1361 1520 1429 νυμφίου
1579 1352 1852 1408 διακονῶν·

2032 1363 2199 1420 'aecst,
2217 1357 2536 1430 omniaque
2553 1358 2930 1415 administrat
2958 1373 3092 1430 quae
3112 1356 3189 1411 ad
3206 1357 3406 1428 ipsum
3442 1357 3627 1427 Spon-

276 1443 425 1495 λαϐὼν
456 1440 513 1496 δὲ
550 1448 646 1502 τὴν
674 1447 1052 1517 νυμφευθεῖσαν
1093 1445 1404 1503 Ἐκκλησίαν
1446 1444 1651 1514 ἐκεῖνος,
1694 1445 1855 1507 οὕτως

2033 1463 2102 1502 im
2128 1447 2439 1519 pertinent.
2474 1447 2579 1503 Ubi
2609 1463 2750 1503 vero
2790 1446 3021 1518 accepit
3045 1445 3474 1517 desponsatam
3510 1444 3628 1501 sibi

276 1532 421 1591 αὐτὴν
450 1529 710 1600 διέθηκεν,
745 1536 809 1595 ὡς
840 1532 1176 1588 ἐπιλαθέσθαι
1201 1536 1403 1588 πάντων
1435 1534 1639 1588 αὐτίκα.

2030 1535 2307 1605 :clesiam,
2342 1535 2422 1591 ita
2451 1552 2588 1593 eam
2617 1536 2728 1592 sibi
2760 1535 3082 1610 copulavit,
3121 1538 3181 1590 ut
3207 1533 3310 1592 illa
3341 1535 3625 1590 continuo

1967 1624 2241 1680 omnium
2302 1624 2769 1682 oblivisceretur.

339 1715 428 1764 Καὶ
471 1713 708 1787 καθάπερ
763 1710 846 1765 ἰπὶ
897 1721 996 1765 τῶν
1035 1715 1235 1786 γάμων,
1282 1712 1388 1785 οὐχ
1431 1714 1461 1771 ἡ
1508 1715 1678 1786 νύμφη
1727 1717 1858 1788 πρὸς

2038 1715 2104 1768 Et
2124 1713 2276 1769 sicut
2299 1728 2525 1785 sponsa
2547 1728 2929 1786 nequaquam
2948 1711 3028 1768 ad
3063 1726 3349 1784 sponsum
3375 1710 3627 1780 accedit,

273 1803 349 1851 τὸν
388 1805 600 1873 νυμφίον
645 1801 874 1869 ἄπεισιν,
929 1800 1035 1853 ἀλλ’
1082 1803 1231 1864 οὗτος
1283 1805 1412 1875 πρὸς
1470 1803 1630 1861 αὐτὴν
1687 1802 1781 1854 κᾶν
1831 1805 1857 1856 6

2035 1801 2073 1856 d
2103 1801 2198 1858 hic
2227 1803 2306 1859 ad
2348 1802 2531 1873 illam,
2573 1803 2752 1859 etiam
2795 1801 2844 1858 si
2864 1802 3037 1858 fuerit
3074 1801 3200 1872 ipse
3244 1800 3398 1871 regis
3449 1800 3627 1866 ﬁlius,

270 1893 349 1960 μὲν
392 1893 464 1948 εἴη
513 1889 775 1962 βασιλέως
831 1893 959 1956 υἱὸς,
1020 1892 1049 1949 ἡ
1116 1889 1174 1944 δὲ
1235 1894 1562 1944 παντάπασιν
1619 1891 1848 1953 εὐτελής·

2034 1907 2068 1946 a
2097 1907 2238 1948 vero
2258 1893 2525 1948 omnium
2565 1890 2968 1962 abjectissima
3001 1906 3014 1945 :
3046 1890 3128 1946 ita
3170 1895 3226 1946 et
3255 1889 3353 1945 hic
3391 1890 3626 1945 accidit.

240 2037 244 2040 λ
271 1978 390 2030 οὕτω
423 1984 510 2031 καὶ
545 1977 771 2032 ἐνταῦθα
804 1984 1028 2052 γέγονεν.
1064 1981 1229 2042 Αὐτὸς
1273 1983 1297 2033 6
1330 1989 1576 2041 τοσοῦτος
1605 1982 1729 2052 πρὸς
1766 1983 1835 2037 τὴ

2031 1984 2079 2036 te
2107 1996 2246 2036 cum
2286 1985 2486 2037 tantus
2519 1985 2692 2046 esset,
2733 1980 2807 2036 ad
2835 1996 2971 2036 eam
3011 1994 3146 2051 quae
3175 1978 3626 2050 despectissima

267 2067 701 2140 εὐκαταφρόνητον
766 2074 1107 2142 παραγέγονε,
1177 2075 1267 2122 καὶ
1340 2071 1698 2145 ἁρμοσάμενος
1765 2068 1860 2120 οὐκ

2035 2075 2114 2134 at,
2147 2070 2415 2138 accessit,
2455 2075 2510 2126 et
2554 2070 2904 2141 conjunctus
2935 2085 3051 2124 non
3097 2068 3366 2141 permisit
3417 2072 3482 2124 ut
3532 2068 3629 2123 hic

267 2160 420 2210 εἴασεν
459 2158 624 2217 αὐτὴν
675 2161 898 2212 ἐνταῦθα
927 2165 1090 2232 μένειν
1130 2161 1326 2224 λοιπὸν,
1381 2159 1510 2211 ἀλλὰ
1546 2157 1860 2232 παραλαϐὼν

2028 2158 2248 2230 εὶηοθρε
2278 2163 2632 2224 remaneret,
2674 2159 2779 2215 sed
2821 2162 3162 2230 susceptam
3204 2157 3264 2213 in
3303 2161 3623 2230 paternam

266 2247 330 2309 εἰς
352 2251 432 2298 τὸν
467 2251 721 2321 πατρικὸν
763 2246 1019 2321 ἀνήγαγεν
1047 2247 1206 2315 οἶκον,
1239 2253 1324 2302 τὸν
1357 2249 1592 2324 οὐρανόν.

1562 2270 1592 2302 ι.
1967 2246 2215 2303 deduxit
2244 2247 2517 2313 domum,
2541 2248 2656 2303 hoc
2687 2252 2795 2311 est,
2827 2248 2887 2302 in
2919 2246 3157 2303 cmlum.

329 2341 419 2388 Καὶ
456 2369 519 2377 —
567 2338 767 2394 Ἰησοῦ.
803 2337 1007 2390 Πολλῶν
1053 2337 1478 2412 ἀκροασαμένων,
1529 2337 1672 2390 οὗτοι
1711 2341 1858 2409 μόνοι

2039 2335 2205 2392 Vers.
2233 2340 2318 2392 37.
2348 2338 2425 2392 Et
2444 2368 2510 2378 -—
2529 2338 2745 2393 Iesum.
2788 2337 2946 2392 Inter
2972 2335 3194 2392 multos
3224 2335 3526 2392 auditores
3563 2335 3623 2391 hi

264 2429 500 2491 ἤκουσαν,
535 2435 650 2488 τοῖς
676 2427 775 2479 ὠσὶ
808 2423 1048 2485 δηλονότι
1071 2436 1165 2488 τῆς
1194 2427 1347 2498 ψυέῆ
1360 2449 1401 2493 ς,
1429 2436 1528 2479 τῶν
1558 2426 1720 2479 ἄλλων
1747 2433 1858 2488 τοῖς

2028 2424 2075 2480 lli
2135 2425 2372 2482 audisse
2429 2425 2728 2490 dicuntur.
2781 2425 3029 2482 auribus
3067 2424 3342 2482 videlicet
3389 2425 3623 2492 animae,

261 2517 350 2568 ὠσὶ
378 2525 465 2568 τοῦ
501 2523 752 2589 σώματος
786 2515 1134 2570 ἀκουσάντων.
1180 2518 1268 2569 Ἐκ
1293 2521 1382 2589 μὲν
1411 2520 1512 2590 γὰρ
1560 2525 1656 2568 τῶν
1688 2518 1856 2588 μαθη-

2033 2531 2103 2570 ιω
2151 2515 2249 2570 alii
2305 2516 2505 2587 utique
2545 2515 2852 2571 audissent
2902 2514 3152 2571 auribus
3199 2515 3506 2587 corporis;
3555 2530 3628 2571 ex

261 2613 349 2656 τῶν
380 2606 489 2676 (62)
519 2607 764 2660 Ἰωάννου
805 2602 903 2658 δύο
933 2611 1047 2659 τότε
1086 2616 1349 2681 παρῆσαν*
1393 2606 1538 2658 ἄλλοι
1588 2601 1646 2657 δε
1678 2604 1854 2657 πολλοὶ

2030 2605 2274 2676 scipulis
2313 2620 2580 2677 namque
2628 2605 2872 2661 Joannis
2923 2603 3034 2660 soli
3073 2604 3157 2676 (h)
3214 2604 3274 2659 hi
3322 2605 3446 2661 duo
3485 2608 3625 2660 tunc

259 2701 715 2767 παρειστήκεισαν.
770 2694 1158 2754 Ἠκολούθησαν
1213 2693 1272 2749 δὲ
1327 2696 1484 2767 αὐτῷ,
1549 2694 1853 2768 βουλόμενοι

2044 2695 2166 2749 imo
2197 2699 2514 2766 prmsentes
2535 2699 2878 2760 erant,cum
2909 2699 3110 2750 tamen
3133 2692 3233 2749 alii
3259 2693 3432 2749 multi
3464 2697 3633 2750 asta-

257 2792 423 2858 πεῖραν
446 2785 624 2837 λαϐεῖν
657 2785 834 2838 αὐτοῦ.

2032 2789 2115 2840 nt.
2157 2782 2351 2839 Secuti
2368 2789 2504 2839 sunt
2524 2787 2724 2839 autem
2739 2799 2897 2850 eum,
2917 2782 3226 2855 cupientes
3248 2782 3376 2852 ejus
3405 2781 3627 2842 habere

1959 2873 2244 2928 notitiam.

320 2963 564 3029 Στραφεὶς
636 2989 694 2998 -—-
750 2958 994 3022 ζητεῖτες
1051 2959 1163 3010 Οῦκ
1205 2961 1420 3031 ἀγνοῶν,
1478 2962 1502 3012 6
1560 2969 1665 3022 τοῖς
1711 2961 1853 3032 λογι-

2030 2963 2198 3019 Vers.
2239 2965 2324 3018 38.
2362 2963 2688 3020 Conversus
2721 2994 2790 3006 —
2819 2961 3076 3034 quaeritis
3106 2963 3136 3017 ?
3164 2963 3291 3018 Non
3333 2964 3624 3034 tanquam

254 3054 393 3118 σμοῖς
450 3055 550 3099 τῶν
595 3045 880 3121 ἀνθρώπων
937 3047 1248 3120 ἐμϐατεύων,
1300 3048 1406 3101 ἀλλ’
1468 3051 1550 3102 ἵνα
1610 3047 1702 3103 δια
1759 3059 1849 3111 τῆς

2034 3067 2267 3121 norans,
2299 3051 2403 3125 qui
2426 3051 2741 3108 homnium
2773 3055 3041 3125 penetrat
3077 3051 3493 3123 cogitationes,
3523 3051 3629 3108 sed

253 3135 544 3206 ἐρωτήσεως
589 3136 932 3195 οἰκειώσηται
980 3139 1210 3200 τούτους,
1270 3143 1359 3191 καὶ
1415 3141 1673 3212 παράσχη
1727 3139 1848 3214 eap-

2047 3141 2466 3212 interrogando
2489 3140 2812 3198 familiares
2831 3141 2942 3198 sibi
2955 3140 3229 3197 redderet
3245 3157 3312 3197 ac
3339 3140 3625 3200 ﬁduciam

247 3224 363 3296 ῥεῖν.
407 3225 565 3288 Εἰκὸς
590 3227 697 3298 γὰρ
744 3226 933 3286 αὐτοὺς
976 3224 1216 3302 ἑιουθριᾲν
1265 3230 1358 3292 ἔτι,
1405 3232 1494 3280 καὶ
1524 3227 1748 3300 ἀγωνιᾲν
1783 3230 1842 3291 ὡς

2023 3237 2147 3285 iret.
2211 3230 2525 3286 Verisimile
2569 3237 2657 3287 est
2706 3231 2888 3300 enim,
2940 3230 3100 3302 quod
3169 3229 3618 3297 erubescebant,

249 3312 487 3383 ἀγνῶτας.

1961 3323 2017 3375 et
2054 3319 2226 3392 quasi
2264 3319 2451 3389 ignoti
2495 3320 2917 3376 formidabant.

313 3404 374 3454 Οἱ
425 3401 484 3456 δὲ
543 3437 614 3444 -
673 3408 872 3476 μένεις;
905 3409 1076 3462 Μήπω
1138 3402 1304 3477 μηδὲν
1352 3405 1478 3481 παρ’
1535 3406 1695 3459 αὐτοῦ
1755 3427 1853 3478 μα-

2034 3409 2199 3464 Vers.
2223 3413 2311 3464 39.
2352 3411 2432 3464 At
2457 3409 2546 3464 illi
2566 3441 2632 3449 —
2656 3409 2888 3466 habitas
2915 3408 2945 3464 ?
2965 3410 3112 3465 Cum
3136 3407 3407 3465 nondum
3440 3409 3519 3465 ab
3549 3424 3620 3465 eo

247 3492 428 3557 θόντες,
468 3489 808 3546 διδάσκαλον
849 3493 1004 3546 αὐτὸν
1051 3492 1392 3566 ὀνομάζουσι,
1444 3498 1536 3553 τὴν
1585 3495 1756 3548 αἰτίαν
1799 3516 1842 3548 τι

2027 3497 2298 3570 iidquam
2325 3498 2658 3563 audissent,
2675 3497 3034 3569 magistrum
3063 3497 3181 3554 sive
3194 3503 3622 3569 praeceptorem

247 3575 313 3630 δι’
353 3584 415 3639 ἣν
456 3579 642 3647 ἦλθον,
695 3579 967 3646 δηλοῦντες
1008 3581 1250 3653 ἐντεῦθεν,
1294 3585 1373 3635 ὅτι
1415 3582 1756 3656 ἀκουσόμενοί
1801 3605 1842 3637 τι

2030 3604 2099 3642 κω
2127 3587 2471 3659 appellant:
2496 3592 2676 3660 atque
2706 3587 2843 3644 hinc
2873 3603 3121 3644 causam
3151 3602 3259 3642 cur
3304 3602 3625 3659 sequeren-

241 3678 332 3719 τῶν
361 3678 685 3745 χρησίμων,
730 3677 819 3724 καὶ
859 3673 930 3735 εἰς
959 3674 1199 3745 μαθητὰς
1250 3672 1585 3735 εἰσωθοῦντες
1616 3673 1827 3737 ἑαυτούς

2029 3693 2054 3732 r
2086 3677 2490 3742 manifestam,
2523 3676 2794 3732 videlicet
2831 3680 2899 3732 ut
2927 3693 3054 3749 quae
3080 3677 3276 3732 forent
3300 3675 3466 3732 utilia
3517 3692 3623 3732 au-

243 3763 464 3830 Λὲγουσι
499 3759 582 3833 δὲ,
623 3768 734 3814 Ποῦ
770 3765 976 3834 μίνεις;
1009 3761 1314 3836 βουλόμενοι
1351 3765 1488 3815 κατὰ
1515 3767 1677 3836 μόνας
1706 3763 1838 3816 ἐντυ-

2030 3771 2173 3832 rent,
2208 3771 2378 3838 utque
2401 3782 2528 3821 sese
2560 3766 2619 3820 in
2667 3765 2997 3838 discipulos
3034 3765 3386 3835 ingererent,
3411 3765 3625 3822 Dicunt

239 3856 347 3917 χεῑν
377 3850 524 3922 αὐτῷ
557 3855 657 3904 καὶ
685 3851 799 3924 μεθ’
824 3854 1086 3924 ἡσυχίας.

2028 3861 2162 3911 item
2190 3873 2203 3911 :
2244 3855 2354 3912 Ubi
2391 3855 2625 3912 habitas
2651 3856 2679 3911 ?
2701 3855 2968 3911 volentes
2996 3855 3219 3912 diutius
3249 3859 3305 3912 et
3335 3854 3396 3912 in
3425 3855 3623 3928 quiete

1959 3960 2097 4000 cum
2138 3959 2209 4000 eo
2241 3943 2602 3999 conversari.

303 4031 552 4100 Λέγει-
590 4026 756 4082 ἴδετε.
808 4029 884 4081 Ou’
935 4029 1067 4101 λέγει
1099 4033 1161 4082 τὰ
1211 4032 1468 4102 σύσσημα
1523 4039 1612 4091 τῆς
1659 4033 1846 4100 οἰκίας,

2030 4035 2192 4088 Vers.
2235 4034 2324 4088 40.
2370 4033 2513 4088 Dicit
2543 4063 2610 4074 -
2642 4033 2850 4090 videte.
2906 4037 3034 4090 Non
3086 4033 3190 4088 dat
3240 4033 3618 4089 habitationis

239 4113 382 4166 eo...
409 4117 616 4182 αὐτοὺς
650 4115 972 4187 ἀκολουθεῖν,
997 4120 1080 4171 ἶνα
1106 4124 1193 4172 καὶ
1219 4119 1368 4172 πλέον
1394 4119 1752 4194 θαρρήσωσιν.

2024 4138 2156 4192 gna,
2196 4121 2401 4178 volens
2442 4127 2504 4177 ut
2558 4121 2639 4176 illi
2671 4127 3081 4194 sequerentur,
3145 4137 3267 4193 quo
3328 4123 3619 4192 majorem

1958 4211 2246 4265 haberent
2302 4211 2612 4266 ﬁduciam.

297 4293 492 4348 Ἦλθον
565 4327 638 4336 -
725 4292 944 4355 δεκάτη.
1018 4296 1449 4369 Ἐπισημαίνεται
1520 4303 1612 4355 τὴν
1691 4300 1846 4372 ὤραν,

2030 4292 2191 4354 Vers.
2222 4303 2308 4354 40.
2352 4299 2644 4354 Venerunt
2671 4330 2739 4340 —
2763 4299 3010 4356 decima.
3045 4300 3262 4353 Horam
3293 4296 3611 4367 significat,

231 4385 582 4460 οὶνιττὸμενος
654 4388 850 4438 τούτων
914 4406 966 4439 τε
1025 4390 1084 4438 τὸ
1140 4386 1434 4458 φιλομαθὲς,
1494 4386 1733 4439 κάκείνου
1794 4408 1826 4440 τι

2045 4389 2103 4443 in
2133 4387 2224 4443 his
2247 4389 2501 4444 innuens
2541 4389 2932 4461 discipulatus
2990 4387 3378 4451 desiderium,
3438 4392 3495 4440 et
3550 4386 3613 4441 in

230 4474 620 4549 φιλάνθρωπον,
649 4477 732 4528 ὅτι
760 4473 874 4528 οὐδ’
901 4478 1000 4528 ὑπὸ
1027 4485 1116 4536 τῆς
1146 4479 1284 4549 ὧρας
1313 4476 1707 4549 ἀπετράπησαν,
1740 4475 1825 4535 ἤδη

2025 4495 2059 4532 o
2109 4477 2564 4543 humanitatem,
2626 4478 2790 4550 quod
2838 4493 3033 4550 neque
3079 4483 3323 4549 propter
3369 4480 3612 4547 tempus

227 4567 350 4634 πρὸς
379 4561 608 4639 δυσμὰς
642 4567 789 4626 ὄντος
817 4574 909 4618 τοῦ
939 4565 1112 4633 ἡλίου,
1147 4564 1261 4619 οὐδ’
1289 4566 1709 4641 ἐπροφασίσαντο
1733 4567 1822 4638 (63

2017 4568 2156 4624 versi
2197 4572 2356 4630 sunt,
2388 4584 2524 4622 cum
2561 4569 2686 4637 jam
2721 4567 2811 4623 sol
2837 4567 2906 4624 ad
2938 4581 3218 4622 occasum
3253 4564 3612 4620 declinaret:

225 4657 306 4704 τὸν
325 4660 538 4730 καιρὸν,
577 4658 688 4707 εἶτε
718 4675 768 4707 τι
794 4656 981 4730 ἕτερον.

1982 4673 2150 4730 teque
2172 4661 2425 4729 tempus,
2461 4661 2562 4712 aut
2599 4657 2760 4712 aliud
2790 4656 3101 4729 quippiam
3149 4656 3379 4712 causati
3419 4659 3577 4710 sunt.

293 4743 353 4795 Εἰ
423 4741 486 4797 δὲ
535 4743 782 4815 ἀλλαχοῦ
827 4743 980 4815 λέγει,
1026 4749 1096 4816 μὴ
1154 4747 1286 4816 ἔχει,
1342 4752 1441 4797 ποῦ
1481 4749 1574 4802 τὴν
1626 4746 1848 4818 κεφαλὴν

2031 4745 2200 4811 Quod
2227 4746 2276 4800 si
2301 4745 2438 4800 alibi
2463 4745 2680 4800 dicitse
2708 4762 2819 4800 non
2845 4745 3068 4801 habere
3092 4744 3194 4800 ubi
3224 4748 3402 4816 caput
3433 4759 3612 4799 suum

221 4830 387 4907 κλίνη,
421 4835 486 4886 οῦ
530 4839 665 4907 περὶ
703 4833 869 4893 οἰκίας
903 4833 1078 4896 ἅπλῶς
1115 4840 1267 4886 τοῦτο
1314 4853 1492 4906 φησιν,
1551 4833 1679 4885 ἀλλὰ
1729 4854 1816 4907 περ

2018 4835 2272 4890 clinaret
2303 4835 2371 4898 ’⁸,
2399 4849 2519 4889 non
2580 4835 2694 4888 hoc
2733 4833 3071 4905 simpliciter
3108 4834 3183 4888 de
3237 4834 3420 4890 domo
3451 4831 3613 4900 dicit,

223 4918 381 4983 ἰδίας.
481 4919 666 4976 ἰδίαν
750 4925 848 4997 γὰρ
941 4923 1032 4974 οῦκ
1118 4929 1279 4995 εἶχεν,
1369 4922 1475 4975 ἀλλ’
1560 4922 1818 4998 ἁλλοτρίαι

2027 4925 2064 4980 d
2104 4925 2177 4980 de
2208 4925 2451 4997 propria
2489 4923 2671 4978 domo
2700 4940 2713 4978 ε
2757 4938 2948 4996 neque
2978 4923 3140 4978 enim
3181 4924 3489 4996 propriam
3511 4923 3617 4978 ha-

218 5010 504 5085 ἐκέχρητο.

1959 5013 2160 5078 bebat,
2203 5013 2307 5070 sed
2338 5012 2548 5070 alienis
2577 5011 2873 5068 utebatur.

279 5099 404 5153 Ὀτι
499 5104 602 5175 μὲν
688 5095 776 5153 οὖν
846 5100 970 5176 παρ’
1037 5100 1177 5173 αὐτῷ
1227 5105 1426 5176 ἔμειναν
1505 5107 1598 5162 τὴν
1652 5105 1846 5177 ἡμέραν

2031 5103 2177 5160 Dicit
2204 5103 2407 5176 itaque
2473 5101 2838 5171 evangelista
2878 5101 3172 5158 mansisse
3224 5102 3388 5174 ipsos
3446 5099 3611 5174 apud

284 5298 332 5333 ³⁸
363 5299 587 5356 Matth.
628 5299 770 5363 VIII,
814 5303 903 5355 20.

1470 5397 1689 5465 Variae
1722 5398 2047 5465 lectiones
2073 5408 2134 5463 ct
2177 5405 2378 5463 notae.

279 5583 403 5655 (62)
436 5591 552 5638 Τοῦ
583 5581 760 5640 addit
788 5585 852 5639 Α.
2034 5582 2144 5652 (63)
2178 5577 2317 5633 Οὐδὲ
2346 5585 2768 5656 προφασίσαντος
2797 5585 2862 5638 Α.

276 5765 365 5838 (h)
406 5763 558 5823 Soli.
600 5765 896 5839 lnterpres
925 5763 1154 5828 videtur
1179 5762 1497 5830 invenisse,
1527 5759 1622 5816 δύο
1654 5766 1768 5817 τότε
1802 5766 1868 5835 μό

1210 5762 1497 5830 evenisse,
1527 5759 1622 5816 δύο
1654 5766 1768 5817 τότε
1802 5766 1972 5835 μόνοι,
2007 5762 2174 5838 quod
2205 5777 2318 5821 nec
2350 5763 2490 5824 mihi
2523 5762 2805 5836 displicet.
