4038 6226
480 319 622 381 1139

1829 316 2170 372 EUTHYMII
2208 316 2535 374 ZIGABENI

3590 47 3871 149 τ*

3688 324 3796 381 illi)

482 463 618 503 eum
648 445 743 501 die
774 443 913 501 illo:
946 442 1110 515 quod
1147 446 1347 498 autem
1369 441 1639 499 instructi
1681 444 1801 499 sint
1838 448 2130 515 tanquam

2256 443 2436 505 ἐκείνην
2495 445 2629 499 εἶπεν
2674 448 2699 499 ὁ
2757 446 3147 519 εὐαγγελιστης·
3204 448 3284 498 ὅτι
3333 442 3390 500 δι
3446 443 3799 519 ὶδιδαχθησαν,

480 535 865 591 manifestum
898 532 1133 603 reliquit
1169 531 1641 600 intelligendum.
1675 536 1928 589 Tantum
1972 533 2132 587 enim

481 640 605 679 una
636 627 807 678 nocte
841 620 1229 692 profecerunt,
1272 626 1334 676 ut
1365 620 1443 676 ad
1476 620 1727 677 aliorum
1759 620 2136 678 venationem

480 710 750 783 sequenti
777 710 872 765 die
902 708 1310 780 procederent.

552 802 794 871 Oportet
853 798 1033 868 igitur
1077 804 1133 854 et
1195 815 1304 855 nos
1353 799 1427 855 ob
1476 800 1705 855 nullum
1757 800 2136 870 tergiversari

478 894 716 961 tempus
770 888 847 944 ab
900 888 1216 943 audiendis
1266 888 1359 943 his
1404 906 1540 960 quae
1589 890 1783 946 divina
1822 895 1979 955 sunt,
2033 890 2138 945 sed

478 979 684 1035 omnia
712 978 807 1033 his
846 978 1177 1048 posteriora
1202 977 1439 1033 ducere.
1472 979 1600 1034 Alia
1630 979 1917 1051 siquidem
1966 996 2139 1035 mun-

480 1069 643 1125 dana
660 1068 941 1123 universa
964 1072 1200 1137 tempus
1239 1067 1462 1123 habent
1498 1090 1509 1122 :
1542 1069 1621 1123 ad
1654 1070 1783 1124 haec
1803 1084 1938 1124 vero
1956 1084 2137 1124 omne

480 1162 718 1228 tempus
760 1161 885 1211 esto
935 1156 1318 1212 conveniens.

552 1247 714 1302 Vers.
738 1250 827 1302 41.
846 1246 993 1301 Erat
1017 1277 1082 1286 —
1100 1261 1251 1302 eum.
1269 1246 1521 1302 Alterius
1554 1247 1712 1303 siluit
1734 1248 2095 1304 vocabulum
2118 1287 2134 1313 ,

480 1337 547 1409 (ἰ)
580 1337 699 1391 sive
737 1336 880 1408 quia
920 1335 1168 1403 insignis
1200 1352 1320 1391 non
1352 1342 1477 1392 erat
1518 1338 1607 1391 vel
1650 1338 1920 1408 cognitus
1965 1355 1978 1404 ;
2019 1338 2137 1393 sive

478 1426 599 1497 ipse
625 1425 728 1497 qui
749 1425 876 1479 haec
910 1424 1108 1479 scribit
1138 1430 1281 1491 erat,
1313 1430 1375 1481 ut
1401 1425 1651 1496 quidam
1696 1425 1919 1481 dicunt.

550 1604 710 1657 Vers.
745 1605 832 1656 42.
878 1603 1109 1667 Reperit
1142 1634 1209 1641 --
1234 1602 1511 1659 Christus.
1557 1606 1763 1660 Sermo
1804 1608 1890 1660 est
1929 1604 2137 1661 admo-

480 1694 627 1748 dum
659 1692 913 1747 laetantis
966 1709 979 1748 :
1030 1694 1362 1748 Invenimus
1402 1710 1584 1765 quem
1652 1693 2076 1765 quaerebamus
2120 1735 2132 1760 ,

2243 536 2311 595 ὡς
2358 532 2620 609 πρόδηλον
2674 537 2842 608 ἀφῆκε
2890 538 3142 590 νοεῖσθαι.
3200 542 3451 588 Τοσοῦτον
3498 539 3594 610 γὰρ
3635 536 3678 588 ἐν
3724 545 3805 609 μιᾷ

2241 628 2389 675 νυκτὶ
2428 625 2787 696 ὠφελήθησαν,
2830 628 2900 688 ὡς
2943 625 3056 698 μεθ’
3105 627 3300 697 ἡμέραν
3340 623 3410 697 ἐφ’
3464 624 3633 697 ἐτέρων
3667 628 3801 697 θήραν

2244 711 2401 765 ἐλθεῖν
2434 716 2644 775 αὐτούς.

2316 808 2428 875 Χρὴ
2483 808 2651 856 τοίνυν
2699 808 2788 857 καὶ
2819 806 2955 876 ἡμᾶς
3007 800 3210 874 μηδένα
3258 804 3663 876 προφασίζεσθαι
3700 825 3803 856 και-

2243 894 2331 965 ρόν
2381 893 2448 952 εἰς
2477 891 2729 964 ἀκρόασιν
2772 895 2931 959 θείαν,
2980 892 3108 945 ἀλλά
3158 895 3326 945 πάντα
3378 889 3591 965 δεύτερα
3641 897 3805 955 ταύτης

2242 980 2567 1051 λογίζεσθαι.
2608 982 2781 1035 rma
2818 986 2906 1055 μεν
2954 985 3056 1055 γὰρ
3103 984 3204 1035 ὅσα
3249 981 3474 1054 βιωτικὰ
3501 986 3671 1055 καιρὸν
3709 982 3806 1054 ἄχε-

2244 1088 2336 1122 τω·
2387 1074 2516 1144 πρὸς
2574 1074 2769 1130 ταύτην
2829 1068 2887 1125 δε
2939 1078 3041 1134 πᾶς
3088 1073 3211 1144 ἡμῖν
3264 1074 3397 1124 ἔστω
3442 1076 3615 1147 καιρὸς
3660 1071 3807 1131 ἐπιτή-

2246 1157 2405 1222 δειος.

2314 1249 2409 1301 Ἤν
2462 1281 2526 1290 -
2583 1250 2744 1319 αὐτῷ.
2780 1257 2883 1303 Τοῦ
2927 1250 3099 1325 ἑτερου
3155 1256 3530 1323 παρεσιὼπησε
3574 1254 3659 1309 τήν
3706 1250 3808 1309 κλῆ-

2247 1359 2349 1403 σιν,
2397 1343 2425 1397 ἦ
2497 1336 2637 1391 διότι
2681 1340 2774 1392 οὐκ
2832 1337 2889 1398 ἦν
2945 1348 3043 1391 τῶν
3101 1339 3371 1412 ἐπισήμων
3424 1345 3511 1392 καὶ
3572 1344 3809 1413 γνωρίμων

2245 1428 2449 1493 ἐκεῖνος,
2496 1430 2523 1487 ἡ
2577 1432 2657 1481 ὅτι
2706 1429 2867 1491 αὐτὸς
2912 1426 3051 1495 ἧν,ό
3100 1438 3268 1482 ταῦτα
3321 1432 3552 1502 γράφων,
3600 1431 3659 1489 ὦς
3701 1434 3807 1491 τινές

2246 1537 2401 1590 φασιν
2417 1562 2429 1575 ,

2316 1610 2560 1681 Εὑρίσκει
2597 1639 2666 1648 —
2716 1612 2960 1682 Χριστός.
3017 1605 3225 1681 Σφόδρα
3272 1614 3555 1683 χαίροντος
3595 1610 3619 1659 ό
3662 1606 3807 1677 λόγος.

2246 1698 2548 1770 Εὑρήκαμεν
2580 1698 2632 1748 ὃν
2665 1695 2962 1769 ἐζητοῦμεν,
2998 1698 3051 1749 ὃν
3082 1694 3485 1771 προσεδοκῶμεν
3516 1698 3666 1761 ἣξειν,
3696 1697 3741 1747 ὃν
3767 1699 3810 1746 αἱ

479 1798 662 1855 quem
716 1786 1029 1837 venturum
1097 1785 1513 1853 sperabamus,
1578 1798 1760 1854 quem
1830 1784 2137 1854 Scripturte

2256 1792 2441 1859 Γραφαὶ
2476 1786 2842 1857 κατήγγελλον.
2875 1788 2986 1859 Ἀφ’
3020 1788 3085 1837 ὧν
3110 1790 3211 1862 γὰρ
3241 1787 3653 1859 ἐμυσταγωγηθη
3683 1793 3811 1843 σννη-

483 1872 985 1928 annuntiaverunt
1010 1888 1024 1937 ;
1048 1888 1186 1927 nam
1218 1872 1296 1927 ab
1317 1873 1406 1927 his
1431 1873 1590 1928 hunc
1611 1888 1743 1927 esse
1768 1873 2066 1942 cognovit,
2103 1889 2138 1929 a

482 1960 701 2029 quibus
731 1960 809 2015 ad
840 1976 1013 2016 sacra
1042 1961 1414 2017 introductus
1454 1966 1565 2017 est.

552 2050 877 2107 Considera
906 2067 1063 2115 vero,
1118 2053 1280 2123 quod
1316 2052 1372 2105 hi
1402 2052 1580 2107 etiam
1628 2068 1764 2107 cum
1811 2052 2138 2124 piscatores

486 2146 683 2197 essent
708 2140 1017 2212 Scripturis
1041 2141 1310 2196 animum
1336 2141 1727 2197 advertebant
1760 2158 1773 2195 :
1808 2157 1917 2196 nos
1936 2148 2136 2197 autem

483 2230 580 2299 qui
612 2230 686 2283 de
723 2231 806 2284 eis
846 2230 1251 2301 colloquimur,
1296 2230 1357 2286 in
1414 2230 1622 2302 eisque
1672 2247 1987 2286 versamur
2038 2232 2134 2301 (j),

482 2333 873 2389 nequaquam
899 2325 1098 2374 tamen
1130 2319 1282 2375 adeo
1308 2319 1581 2375 animum
1603 2320 1992 2376 attendimus.

2246 1895 2328 1928 κεν
2359 1878 2438 1928 ὅτι
2469 1876 2622 1937 αὑτός
2644 1876 2811 1933 ἐστιν,

2316 2053 2451 2126 Ὀρα
2481 2051 2539 2106 δε
2567 2056 2666 2118 ὅτι,
2700 2059 2789 2106 καὶ
2822 2054 2979 2115 ἁλιεῖς
3024 2059 3177 2119 ὄντες,
3226 2062 3520 2129 προσεῖχον
3560 2062 3668 2117 ταῖς
3708 2060 3807 2126 Γρα-

2248 2150 2362 2215 φαὶς
2396 2161 2408 2172 ’
2469 2145 2618 2213 ἡμεῖς
2673 2140 2750 2207 δε,
2792 2150 2878 2197 καὶ
2934 2145 3226 2216 ὁμιλοῦντες
3276 2145 3478 2206 αὐταῖς,
3544 2140 3649 2197 οὐδ’
3701 2143 3812 2195 οὑτω

2246 2234 2580 2304 προσέχομεν
2614 2233 2748 2302 (64).

554 2408 598 2477 -ι-
623 2407 1011 2463 Medtatorem
1037 2408 1327 2474 videlicet,
1362 2425 1549 2479 genus
1581 2426 1617 2465 a
1644 2411 1761 2465 Deo
1796 2426 1867 2465 ac
1898 2409 2249 2465 hominibus
2280 2410 2617 2466 ducentem.

557 2498 719 2553 Vers.
760 2501 848 2553 43.
881 2498 955 2551 Et
979 2499 1284 2553 —Jesum.
1323 2500 1648 2570 Postquam
1673 2499 1947 2555 videlicet
1975 2499 2140 2554 dixe-

486 2589 580 2643 rat
606 2602 741 2659 quas
781 2586 859 2641 ab
884 2602 955 2641 eo
1002 2587 1293 2643 audierat.
1340 2588 1645 2659 Siquidem
1685 2588 1797 2643 hoc
1838 2604 2141 2658 germanae

488 2674 872 2732 fraternitatis
921 2680 1026 2741 est,
1070 2676 1185 2731 hoc
1233 2675 1479 2732 sinceras
1533 2676 1828 2747 amicitiae,
1881 2683 1943 2733 ut
2002 2678 2143 2732 boni

488 2764 840 2836 participem
901 2770 1169 2821 assumat
1198 2771 1253 2821 et
1282 2765 1546 2821 fratrem.
1598 2767 1886 2822 Fortassis
1942 2772 2143 2822 autem

491 2869 613 2908 non
627 2853 966 2925 retulitqum
980 2854 1057 2908 ab
1074 2870 1143 2908 eo
1159 2855 1439 2925 mysteria
1454 2855 1746 2919 audierat,
1778 2856 1882 2911 sed
1913 2861 2143 2912 tantum

493 2940 597 2996 ubi
622 2941 910 2997 dixisset:
950 2942 1287 2999 Invenimus
1338 2944 1634 3008 Messium,
1668 2944 1834 3000 duxit
1886 2961 2022 3001 eum
2071 2946 2144 3000 ad

494 3030 717 3095 Jesum,

497 3118 845 3191 Christoque
878 3119 1150 3187 traderet,
1184 3122 1372 3177 sciens
1411 3122 1576 3193 quod
1615 3122 1707 3177 ille
1739 3124 1977 3179 doceret
2009 3140 2147 3180 eum

495 3208 798 3266 universa.

568 3300 729 3353 Vers.
778 3299 867 3355 43.
920 3300 1175 3355 Intuitus
1231 3332 1300 3340 —
1348 3302 1577 3358 Petrus.
1633 3303 1776 3367 Qum
1827 3302 2154 3359 divinitatis

500 3391 638 3444 sunt
686 3388 968 3461 deinceps
1022 3408 1056 3445 a
1102 3390 1383 3446 vaticinio
1408 3391 1638 3461 aperire
1678 3391 1895 3463 incipit.
1966 3393 2155 3464 Siqui-

500 3478 638 3532 dem
667 3492 786 3532 non
818 3482 1017 3533 minus
1056 3480 1318 3535 alliciunt
1363 3480 1638 3535 homines
1678 3481 2003 3551 prOphetiae
2053 3487 2154 3537 aut

501 3565 837 3621 futurorum
891 3567 1285 3632 annuntiatio,
1357 3584 1545 3639 quam
1600 3569 1790 3638 signa.
1870 3571 2157 3625 Prazterea

502 3656 702 3710 minus
721 3655 897 3711 etiam
928 3662 1129 3726 patent
1152 3658 1425 3723 invidias;
1454 3674 1593 3713 nam
1629 3660 1801 3730 signa
1832 3660 2157 3715 calumnia-

502 3744 715 3799 bantur
756 3744 1117 3814 insipientes.
1159 3746 1229 3801 In
1284 3748 1607 3813 Beelzebul,
1650 3749 1948 3819 inquiunt,
2000 3750 2155 3819 ejicit

506 3831 807 3888 (immania.
850 3835 927 3888 De
967 3834 1288 3904 prophetiis
1340 3851 1481 3891 vero
1511 3836 1656 3892 nihil
1682 3836 1793 3893 tale
1824 3838 2045 3893 dixisse
2073 3837 2149 3893 le-

508 3925 749 3990 guntur.

578 4012 645 4067 Et
699 4011 858 4068 circa
916 4012 1218 4069 Simonem
1274 4014 1515 4086 quidem
1564 4021 1617 4072 et
1668 4016 1997 4072 Nathanael
2047 4016 2157 4071 hoc

506 4116 651 4155 usus
680 4108 766 4157 est
795 4102 997 4159 modo.
1033 4106 1109 4158 De
1136 4104 1357 4160 andrea
1387 4110 1587 4161 autem
1618 4111 1673 4161 et
1713 4106 1985 4177 philippo
2013 4105 2159 4161 nihil

505 4192 855 4247 vaticinatus
881 4197 985 4247 est.
1016 4194 1317 4265 Siquidem
1332 4195 1597 4250 Andreas
1634 4196 1880 4250 Joannis
1908 4196 2159 4251 testimo-

504 4281 604 4336 nio
662 4287 943 4338 attractus
999 4288 1087 4337 est
1136 4300 1152 4353 ;
1224 4283 1529 4355 Philippus
1582 4300 1717 4339 vero
1775 4284 1983 4339 videns
2025 4285 2156 4339 illos

2325 2504 2424 2552 Καὶ
2475 2530 2539 2540 —-
2585 2500 2814 2558 Ἰησοῦν,
2870 2500 3036 2553 Εἰπὼν
3083 2504 3116 2553 οἱ
3164 2505 3385 2566 ἤκουσε,
3440 2497 3670 2558 δηλονότι
3718 2499 3819 2571 παρ’

2254 2589 2429 2642 αὑτοῦ.
2492 2596 2656 2641 Τοῦτο
2711 2596 3059 2660 γνησιότητος
3122 2588 3427 2661 ἀδελφικῆς,
3482 2598 3625 2641 τοῦτο
3679 2588 3818 2659 φιλίας

2255 2678 2579 2752 εἰλικρινοῦς,
2674 2682 2914 2730 κοινωνὸν
2988 2687 3080 2731 τοῦ
3161 2679 3365 2750 ἀγαθοῦ
3452 2677 3819 2751 προσλαμϐάνειν

2254 2772 2343 2819 καὶ
2384 2771 2467 2819 τόν
2498 2764 2734 2838 ἀδελφόν.
2777 2768 2930 2829 Ἴσως
2970 2766 3029 2820 δὲ
3084 2774 3172 2820 καὶ
3221 2765 3346 2821 θυῖε
3389 2766 3523 2821 εἶπεν
3566 2770 3597 2819 ἂ
3637 2768 3819 2820 iuuatu-

2253 2859 2494 2927 γωγηθη,
2538 2854 2665 2907 ἀλλὰ
2710 2861 2863 2927 μόνον
2916 2858 3091 2923 εἰπὼν,
3153 2860 3460 2932 Εὑρήκαμεν
3510 2864 3589 2909 τόν
3636 2862 3815 2923 Μεσίαν,

2255 2947 2447 3016 ἢγαγεν
2470 2946 2624 2997 αὐτόν
2654 2949 2785 3019 πρὸς
2811 2949 2896 2998 τὸν
2922 2948 3143 3015 Ἰησοῦν,
3166 2956 3321 3000 τοῦτο
3343 2956 3495 3019 μόνον
3523 2943 3815 3009 σπουδάζων,

802 3030 861 3084 id
942 3031 1137 3087 solum
1212 3032 1458 3087 studens
1515 3039 1575 3089 ut
1639 3033 1838 3104 ipsum
1885 3036 2145 3090 duceret.

2260 3032 2468 3104 ἀγαγεῖν
2496 3034 2649 3086 αὑτὸν
2681 3040 2770 3087 καὶ
2794 3032 3125 3107 παραδοῦναί
3156 3055 3207 3087 τι
3226 3046 3299 3107 τῷ
3331 3044 3569 3107 Χριστῷ,
3590 3042 3818 3106 γινώσκων

2260 3124 2337 3175 ὅτι
2366 3127 2421 3175 τὸ
2453 3130 2551 3177 πᾶν
2583 3122 2765 3184 ἐκεῖνος
2801 3125 2957 3177 αὐτόν
2981 3121 3209 3188 διδάξει.

2332 3300 2619 3374 Ἐμϐλέψας
2692 3334 2760 3342 -
2846 3306 3056 3374 Πέτρος.

2263 3396 2484 3462 ανοίγειν
2534 3395 2598 3443 τὰ
2645 3399 2736 3451 τῆς
2798 3395 3041 3453 θεότητος
3068 3392 3170 3444 ἀπὸ
3214 3392 3563 3467 προρρήσεως.
3620 3390 3715 3442 Οὐκ
3750 3385 3824 3445 ἧτ-

3150 3302 3415 3375 Ἂρχεται
3486 3304 3653 3355 λοιπὸν
3720 3319 3820 3372 παρ-

2264 3501 2348 3534 τον
2412 3484 2513 3552 ’γὰρ
2570 3490 2669 3532 τῶν
2730 3486 2957 3553 σημείων
3018 3484 3072 3533 αἱ
3146 3490 3465 3556 προφητεῖαι
3524 3484 3825 3556 προσάγονται

2264 3575 2380 3630 τοὺς
2457 3570 2781 3643 ἀνθρώπους,
2856 3573 2930 3623 ἔτι
3004 3568 3062 3623 δι
3138 3576 3224 3623 καὶ
3299 3576 3358 3623 τό
3431 3570 3821 3641 ἀνεπαχθέστξρον

2265 3664 2455 3731 ἔχουσι
2488 3662 2564 3713 Τὰ
2593 3664 2682 3730 μὲν
2721 3663 2821 3732 γὰρ
2858 3668 3052 3731 σημεῖα
3096 3668 3185 3713 καὶ
3225 3659 3498 3713 διέϐαλλον
3546 3663 3591 3712 oi
3636 3659 3820 3713 ἀνοητοι.

2264 3752 2348 3803 Ἐν
2441 3748 2742 3809 Βεελζεϐοῦλ
2838 3752 2965 3823 γὰρ,
3054 3757 3232 3821 φησὶν,
3324 3749 3557 3802 ἐκϐάλλει
3615 3751 3672 3800 τὰ
3734 3742 3803 3796 δαί

2266 3844 2449 3911 μόνια·
2498 3844 2611 3910 περὶ
2675 3836 2733 3891 δε
2790 3849 2890 3890 τῶν
2942 3849 3267 3912 προφητειὼν
3338 3837 3494 3892 οὐδὲν
3547 3840 3700 3909 ἔλεγον
3745 3853 3822 3886 m-

3054 3757 3232 3821 φησιν,

2266 3936 2435 3983 οῦτον.

2340 4022 2440 4070 Καὶ
2467 4016 2548 4068 ἐπὶ
2587 4019 2676 4088 μὲν
2722 4024 2813 4069 τοῦ
2856 4023 3077 4089 Σίμωνος
3110 4023 3199 4070 καὶ
3248 4026 3341 4070 τοῦ
3382 4018 3655 4075 Ναθαναὴλ
3695 4015 3822 4079 τούτῳ

2266 4110 2527 4179 κέχρηται
2585 4114 2654 4175 τῷ
2701 4110 2899 4177 τρόπῳ’
2950 4106 3034 4159 ἐπὶ
3083 4104 3142 4159 δέ
3196 4117 3287 4159 τοῦ
3339 4105 3587 4179 Ἀνδρέου
3641 4109 3715 4155 και
3753 4105 3820 4150 τοῦ

2269 4195 2524 4249 Φιλίππου
2570 4191 2719 4247 οὐδὲν
2761 4200 3095 4267 προφητεύει.
3140 4202 3281 4248 Διότι
3322 4194 3577 4269 Ἀνδρέας
3609 4200 3689 4267 μὲν
3730 4207 3820 4262 προ·

2268 4285 2576 4343 κατείληπτο
2608 4281 2701 4335 διὰ
2726 4292 2816 4344 τῆς
2842 4290 3138 4359 μαρτυρίας
3184 4285 3429 4338 Ἰωάννου
3462 4305 3473 4315 ·
3508 4285 3728 4339 mltum;
3759 4274 3815 4337 δὲ,

502 4370 605 4442 qui
634 4373 831 4443 ipsum
858 4373 1277 4443 sequebantur,
1311 4373 1389 4428 ad
1418 4372 1599 4428 ﬁdem
1628 4374 1825 4445 etipse
1868 4374 2147 4429 adductut

2270 4376 2399 4445 ὀρῶν
2428 4377 2543 4433 τοὺς
2582 4373 2993 4434 ἀκολουθοῦντας
3032 4375 3193 4445 atra,
3227 4380 3361 4449 πρὸς
3396 4381 3571 4428 πίστιν
3598 4377 3672 4424 καὶ
3701 4368 3818 4426 αὐτὸς

507 4464 610 4515 est.
645 4463 719 4515 De
743 4462 911 4517 Petro
942 4462 1178 4532 quidem
1203 4462 1582 4533 prophetavit
1613 4464 1787 4533 cujus
1806 4463 2156 4530 essetﬁlius,

506 4554 563 4604 et
594 4565 714 4619 quo
738 4551 1045 4605 vocandus
1106 4557 1257 4607 esset
1287 4552 1552 4610 nomine.

580 4639 788 4701 Quaere
832 4645 1118 4709 praeterea
1146 4640 1222 4695 ad
1263 4640 1671 4711 perfectiorem
1712 4641 2158 4711 intelligentiam

507 4725 676 4780 tertio
702 4726 868 4795 juxta
895 4729 1226 4784 Matthaeum
1255 4730 1449 4801 capite
1478 4730 1617 4786 dicti
1648 4731 1802 4786 illius
1834 4732 2156 4786 enarratio-

508 4829 647 4870 nem
670 4814 1014 4873 :Ambutans
1025 4818 1192 4873 Jesus
1210 4820 1371 4875 circa
1388 4836 1553 4876 mare
1570 4819 1841 4883 Galitww,
1854 4821 1999 4876 vidit
2012 4821 2158 4876 duos

2268 4462 2687 4535 ἕχειραγωγεῖτο,
2737 4468 3096 4537 Προεφητευσε
3132 4463 3191 4517 δι
3220 4469 3342 4535 περὶ
3372 4473 3468 4516 τοῦ
3502 4470 3694 4535 Πέτρου,
3720 4462 3820 4510 τίνος

2267 4556 2321 4604 τέ
2347 4551 2483 4605 ἐστιν
2514 4555 2647 4617 υἱός,
2674 4558 2764 4605 καὶ
2791 4558 2841 4604 τί
2864 4554 3203 4612 κληθήσεται.

2338 4648 2575 4699 Ζητησον
2620 4637 2679 4693 δε
2732 4647 2820 4694 καὶ
2869 4646 3001 4714 πρὸς
3056 4651 3126 4712 τῷ
3175 4643 3305 4695 τέλει
3347 4652 3443 4696 τοῦ
3499 4646 3659 4707 τρίτου
3704 4651 3819 4701 κεν·

2266 4729 2415 4783 λαίου
2472 4739 2563 4783 τοῦ
2628 4734 2765 4782 κατὰ
2820 4733 3084 4787 Ματθαῖον
3132 4736 3224 4789 την
3272 4731 3528 4803 ἐξήγησιν
3581 4736 3661 4780 τοῦ
3706 4730 3815 4791 Πιθί-

2270 4830 2443 4872 πατὼν
2520 4817 2578 4873 δὲ
2669 4818 2813 4893 παρᾶ
2881 4824 2975 4878 τὴν
3057 4820 3323 4872 θάλασσαν
3408 4830 3504 4883 τῆς
3576 4814 3813 4870 Γαλιλαίας,

1734 5047 1953 5116 Varias
1982 5048 2310 5117 lectiones
2338 5059 2403 5116 et
2434 5060 2632 5117 nota.

578 5275 686 5345 (64)
735 5272 972 5328 Scholio
1031 5288 1285 5345 prorsus
1337 5272 1557 5343 inepto,
1614 5272 1779 5343 quod
1842 5273 2163 5327 Hentenius

502 5345 683 5400 habet
712 5346 806 5399 hic
836 5346 1139 5408 continuo,
1176 5344 1291 5399 mei
1334 5351 1559 5400 carent.
1602 5347 1698 5400 Est
1761 5345 2162 5416 interpretatio

572 5539 640 5679 8)
689 5540 1080 5596 Vocabulum.
1128 5544 1376 5596 Nomen.

615 5614 646 5679 ')
679 5613 791 5677 Qui
810 5614 876 5667 de
907 5614 983 5668 eis
1020 5613 1376 5679 colloquimu

630 5614 646 5679 )
679 5613 791 5677 Qui
810 5614 876 5667 de
907 5614 983 5668 eis
1020 5613 1415 5685 colloquimur
1442 5643 1505 5651 —
1555 5627 1879 5669 versamur.
1928 5614 2159 5685 Duplici

502 5685 683 5737 modo
740 5685 1013 5757 reddidit,
1069 5687 1155 5734 καὶ
1212 5683 1502 5754 ὁμιλοῦντες
1536 5684 1742 5745 αὐταῖς.
1772 5685 1996 5757 Ὀμιλεῐν
2025 5683 2160 5747 *ταῖς

501 5759 733 5826 Γραφαῖς
762 5761 847 5810 est
875 5755 1126 5811 Litteras
1150 5771 1352 5812 sacras
1379 5762 1657 5823 tractare,
1697 5755 1840 5813 aliis
1856 5773 2155 5825 exponere,

2273 5272 2673 5399 Stymolqgica
2723 5273 2988 5330 hominis
3032 5274 3239 5341 Grmci,
3286 5277 3401 5347 qui
3448 5278 3621 5347 μεσίας
3665 5268 3800 5335 «μέσος

2317 5354 2579 5399 erivavu.

2317 5354 2579 5401 erivavit.

2272 5542 2351 5596 De
2374 5540 2779 5597 sacerdotibus
2809 5540 2968 5595 enim
3000 5540 3283 5607 loquitur.
3654 5602 3663 5607 _
3716 5596 3738 5607 _,

2339 5613 2422 5684 (Ir)
2447 5613 2763 5693 .Inquiuut.
2792 5615 2869 5693 Ac
2901 5612 2949 5666 si
2990 5602 3191 5693 legerit
3234 5616 3388 5682 φασί.
3422 5610 3533 5667 Sed
3568 5602 3781 5662 multatio!

2268 5682 2586 5754 singularis
2617 5685 2798 5740 etiam
2828 5685 2908 5739 ita
2944 5682 3275 5739 adhibetur.
