4038 6226
237 348 354 408 1141

1232 341 1606 400 COMMENT.
1657 339 1730 396 IN
1765 337 2120 398 JOANNEM.
2161 373 2231 387 --
2269 343 2429 402 CAP.
2474 341 2526 403 I.

3441 349 3581 407 “42

236 472 326 530 εἶδε
378 468 466 524 δύο
515 465 789 542 ἀδελφούς,
850 474 1055 542 Σίμωνα
1109 472 1196 522 τὸν
1256 470 1530 542 λεγόμενον
1582 472 1795 540 Πέτρον,

1928 469 2151 534 ’ratres,
2183 471 2484 528 Simonem
2515 471 2621 544 qui
2647 477 2884 529 vocatur
2913 474 3140 543 Petrus,
3189 481 3245 532 et
3277 475 3576 536 Andream

236 569 312 618 καὶ
382 555 617 631 Ἀνδρέαν
735 560 822 611 τὸν
911 555 1130 632 ἀδελφόν
1229 559 1412 625 αὐτοῦ,
1514 557 1802 631 βάλλοντας

238 649 593 726 ἀμφίϐληστρον
646 645 717 709 εἰς
777 651 872 706 τὴν
939 648 1229 704 θάλασσαν.
1297 654 1414 702 Ἔτι
1472 643 1531 700 δι
1600 650 1690 698 καὶ
1753 644 1802 698 ἐν

235 751 297 814 τῷ
323 736 478 812 ὀγδόῳ
517 736 776 810 κεφαλαίῳ
812 744 903 790 τοῦ
947 738 1082 790 κατὰ
1125 740 1338 811 Μάρκον
1387 742 1482 796 τήν
1530 736 1802 810 ἑρμηνείαν

237 838 334 892 τοῦ,
404 832 494 882 Καὶ
583 825 800 884 ἐπέθηκε
868 835 939 898 τῷ
1025 831 1215 899 Σίμωνι
1315 831 1476 899 ὄνομα
1572 829 1798 898 Πέτρον·

236 920 347 974 ἄλλα
370 923 451 970 καὶ
475 921 603 992 πρὸς
632 925 703 988 τῷ
724 917 851 970 τέλει
884 923 977 969 τοῦ
1004 913 1226 970 δεκάτου
1247 917 1528 990 κεφαλαίου
1555 924 1648 970 τοῦ
1669 918 1806 969 κατὰ

237 1014 418 1065 Λουκᾶν
448 1011 539 1065 τὴν
583 1003 911 1079 διασάφησιν
949 1013 1061 1076 τοῦ,
1108 1008 1173 1059 Οἱ
1213 1003 1272 1060 δὲ
1314 1007 1476 1070 ἁλιεῖς
1523 1005 1806 1067 ἀποϐάντες

234 1099 309 1152 ἀπ’
348 1097 522 1162 αὐτῶν,
598 1095 889 1148 ἀπέπλυναν
955 1098 1020 1148 τὰ
1077 1092 1272 1149 δίκτυα
1327 1096 1626 1150 Συντελοῦσι
1700 1097 1802 1172 γὰρ

233 1188 414 1240 ἅπαντα
441 1186 509 1246 εἰς
537 1188 598 1238 τὸ
628 1189 982 1260 προκείμενον.

1315 831 1476 900 ὄνομα

290 1283 463 1329 Τοῦτον
513 1278 605 1348 μεν
661 1272 747 1327 οὖν
815 1279 1003 1347 Πέτρον
1081 1274 1368 1347 ὠνόμασεν,
1427 1274 1672 1328 Ἰάκωϐον
1746 1271 1806 1327 δὲ

231 1371 308 1418 καὶ
352 1365 578 1422 Ἰωάννην
650 1367 791 1425 υἱοὺς
864 1362 1105 1439 βροντῆς,
1166 1361 1434 1431 δεικνύων,
1495 1367 1576 1417 ὅτι
1650 1363 1806 1426 αύτός

231 1454 352 1509 ἐστιν
393 1456 530 1506 ὁκαὶ
571 1453 622 1506 ἐν
678 1462 739 1525 τῇ
797 1454 1006 1525 Παλαιᾷ
1055 1456 1121 1506 τὰ
1173 1454 1402 1526 ὀνόματα
1452 1452 1806 1529 μεταρρυθμί-

232 1563 332 1609 σας,
382 1548 466 1595 καὶ
517 1546 607 1595 τὸν
659 1545 748 1616 μὲν
812 1541 1020 1616 Ἀϐραμ
1087 1541 1327 1617 Ἀϐραὰμ
1387 1543 1632 1611 καλέσας,
1712 1548 1806 1602 τὴν

230 1629 280 1685 δέ
309 1635 458 1707 Σάραν
504 1632 727 1708 Σάῤῥαν,
779 1638 867 1686 καὶ
922 1637 1006 1685 τὸν
1053 1631 1241 1684 Ἰακωϐ
1272 1633 1501 1707 Ἰσραήλ.
1535 1638 1659 1685 Τισὶ
1717 1635 1806 1706 μὲν

227 1719 302 1774 οὖν
329 1723 378 1774 ἐκ
404 1731 612 1794 γενετῆς
652 1724 865 1780 ἐπέθηκε
890 1724 954 1775 τα
997 1721 1247 1795 ὀνόματα,
1295 1727 1407 1774 τισὶ
1461 1719 1520 1775 δὲ
1565 1722 1802 1782 ὕστερον.

225 1813 307 1863 Ὧν
345 1815 429 1884 μὲν
482 1813 601 1884 (65)
670 1814 772 1887 γὰρ
823 1814 852 1870 ἡ
903 1809 1057 1885 ἀρετὴ
1115 1808 1431 1884 διαλάμπειν
1504 1810 1702 1884 ἔμελλεν
1752 1809 1806 1863 ἐκ

225 1906 411 1973 πρώτης
460 1901 574 1974 (66)
635 1904 844 1974 τριχὸς,
895 1903 1113 1961 τούτους
1164 1900 1216 1963 ἐξ
1269 1899 1446 1974 ἀρχῆς
1495 1901 1802 1974 ὠνόμασενο

226 1990 284 2040 ὧν
307 1986 360 2042 δὲ
387 1989 622 2064 ὕστερον,
653 1993 860 2051 τούτους
889 1989 1125 2064 ὕστερον.

284 2176 348 2242 Τῇ
379 2168 625 2245 ἐπαύριον
672 2200 736 2211 -
766 2174 980 2245 Πέτρου.
1005 2176 1079 2242 Τῇ
1128 2167 1371 2244 ἐπαύριον
1419 2171 1508 2242 μὲν
1553 2168 1801 2228 ἠθέλησεν

224 2257 432 2324 ignem,
460 2260 518 2312 ού
546 2268 612 2333 τῇ
648 2258 888 2332 ἐπαύριον
929 2256 988 2312 δὲ
1024 2260 1253 2333 εύρίσκει
1277 2262 1363 2311 τόν
1390 2259 1659 2324 Φίλιππον,
1696 2257 1804 2310 ἀλλ’

224 2348 436 2419 ὕστερον,
464 2353 600 2422 μετὰ
647 2353 705 2401 τό
751 2349 1154 2402 ἐπισπάσασθαι
1201 2353 1390 2422 Πέτρον
1421 2353 1510 2401 καὶ
1559 2346 1805 2424 Ἀνδρέαν

221 2443 296 2490 καὶ
317 2438 551 2492 Ἰάκωϐον
603 2444 696 2491 καὶ
731 2441 988 2504 Ἰωάννην,
1024 2441 1093 2500 ὡς
1123 2436 1224 2490 ἀπὸ
1257 2447 1358 2490 τῶν
1405 2439 1568 2490 ἄλλων
1600 2439 1805 2511 εὐαγγε-

221 2527 386 2580 λιστῶν
424 2530 592 2592 ἔξεστι
632 2524 1020 2601 διαγινώσκειν.

283 2617 427 2670 Ἀλλά
468 2624 612 2681 τίνος
671 2619 828 2671 ἕνεκεν
879 2618 972 2670 ούκ
1025 2620 1391 2691 ἐμνημόνευσε,
1451 2626 1561 2680 πῶς
1618 2617 1807 2680 αύτούς

222 2705 420 2773 είλκυσε,
476 2715 780 2784 περιπατῶν
838 2709 980 2780 παρὰ
1039 2711 1128 2765 τὴν
1186 2707 1453 2760 θάλασσαν
1512 2715 1604 2767 τῆς
1651 2707 1806 2759 Γαλι-

222 2793 388 2863 λαίας;
439 2803 582 2850 Διότι
644 2799 914 2858 Ματθαῖος
959 2801 1048 2848 καὶ
1099 2798 1312 2870 Μάρκος
1366 2805 1519 2849 τοῦτο
1566 2793 1806 2872 παραδε-

221 2881 457 2939 δώκασιν.
514 2888 662 2941 Ἐπεὶ
687 2883 744 2940 δὲ
773 2889 838 2938 τὰ
866 2889 1001 2938 κατὰ
1027 2890 1114 2938 τόν
1166 2886 1415 2939 Φίλιππον
1474 2884 1654 2938 ἐκεῖνοι
1709 2905 1804 2938 πα-

221 2971 480 3048 ρέδραμον,
541 2985 715 3030 ταῦτα
769 2983 874 3039 νῦν,
927 2976 1079 3037 οὗτος
1138 2974 1467 3047 ἀπαγγέλλει.
1530 2978 1684 3046 Λέγει
1747 2972 1806 3027 δὲ

217 3063 388 3135 αύτῷό
435 3067 675 3130 Ἰησοῦς,
728 3065 1022 3119 Ἀκολούθει
1074 3085 1182 3138 μοι,
1218 3070 1487 3136 γινώσκων
1534 3065 1614 3116 ὅτι
1657 3065 1809 3116 ποθεί

217 3156 293 3223 μιν
347 3153 709 3214 ἀκολουθῆσαι
773 3159 862 3206 καὶ
931 3154 1108 3220 αὐτὸς,
1174 3153 1408 3215 ἀκηκοὼς
1458 3158 1576 3227 περὶ
1644 3153 1803 3206 αὑτοῦ

213 3245 340 3314 παρὰ
388 3253 485 3296 τῶν
551 3244 1004 3296 ἀκολουθούντων·
1059 3242 1346 3296 εὐλαϐεῖται
1396 3240 1473 3298 δὲ.
1544 3245 1668 3296 Λύει
1717 3239 1804 3294 οὖν

214 3331 356 3383 αὑτοῦ
380 3338 473 3392 τὴν
510 3331 677 3387 αἰδὼ.
735 3337 889 3404 Λέγει
943 3329 1002 3386 δὲ
1033 3335 1058 3384 6
1104 3333 1480 3405 εύαγγελιστὴς
1521 3337 1611 3384 καὶ
1649 3337 1804 3395 ποίας

212 3421 382 3484 πόλεως
431 3419 514 3488 ἦν,
589 3425 674 3475 ὃτι
733 3420 833 3474 ἀπὸ
907 3419 1200 3488 Βηθσαϊδὰ,
1274 3429 1365 3483 τῆς
1431 3421 1658 3482 εὐτελοῦς
1713 3425 1803 3474 καὶ

214 3510 413 3580 φαύλης,
454 3513 541 3565 ἵνα
571 3513 748 3586 μάθῃς
779 3513 858 3564 ὅτι
883 3514 948 3563 τὰ
975 3510 1161 3570 ἀσθενῆ
1192 3519 1283 3564 τοῦ
1309 3515 1512 3584 κόσμου
1544 3509 1801 3575 ἐξελίξατο

213 3600 236 3650 6
262 3605 402 3664 Θεὸς.

271 3692 508 3764 Εύρίσκει
525 3691 787 3752 Φίλιππος
799 3693 886 3743 τόν
897 3690 1198 3749 Ναθαναήλ.
1214 3692 1360 3744 Μετὰ
1376 3693 1432 3743 τὸ
1447 3688 1702 3750 ἁκολουθῆ
1714 3709 1804 3744 σαι

213 3784 274 3847 τῷ
290 3786 501 3853 Χριστῷ
535 3778 807 3839 δηλονότι.

272 3875 367 3923 Καὶ
422 3901 493 3912 --
548 3873 862 3943 εὑρήκαμεν.
913 3875 1100 3943 Πεῖραν
1153 3869 1313 3921 αὐτοῦ
1376 3867 1566 3934 λαϐὼν,
1637 3869 1806 3942 κὴρύξ

211 3957 353 4010 αὐτοῦ
395 3965 602 4031 γίνεται
663 3965 983 4030 παραυτίκα,
1030 3963 1120 4011 καὶ
1170 3963 1439 4030 γινώσκων
1488 3962 1574 4012 τὸν
1625 3960 1802 4011 Ναθα-

206 4047 322 4106 ναὴλ
341 4048 724 4124 ἀκριϐέστατον
755 4052 804 4102 ἓν
842 4068 896 4102 τε
936 4055 1049 4110 ταῖς
1094 4056 1332 4120 νομικαίς
1360 4053 1449 4100 καὶ
1502 4057 1617 4110 ταῖς
1673 4067 1803 4122 προ-

209 4146 438 4206 φητικαίς
489 4143 770 4214 Γραφαίς·
817 4142 906 4190 καὶ
959 4141 1061 4212 γὰρ
1115 4134 1175 4195 ἧν
1222 4139 1288 4189 τὰ
1346 4145 1566 4189 τοιαῦτα
1608 4138 1804 4211 ἄριστα

206 4221 592 4301 διεσκεμμίνος,
649 4229 714 4288 ὡς

204 4319 256 4366 τό
284 4319 421 4389 ἔργον
470 4315 672 4380 ἔδειξεν
697 4333 709 4346 ⁸
751 4315 834 4369 ἐπὶ
863 4319 949 4369 τὸν
980 4320 1209 4370 Μωύσέα
1236 4320 1326 4368 καὶ
1376 4320 1495 4377 τούς
1539 4321 1806 4391 προφήτας

204 4404 346 4458 αὐτὸν
391 4411 759 4479 παραπέμπει,
805 4406 1213 4466 κατασκευάζων
1264 4406 1450 4458 ἐκεῖθεν
1501 4404 1804 4468 ἀξιόπιστον

787 4231 877 4279 καὶ
926 4228 952 4278 6
1017 4230 1244 4302 Χριστὸς
1310 4225 1660 4300 ἐμαρτύρησε,
1709 4230 1804 4279 καὶ

204 4498 288 4552 τὴν
315 4501 429 4570 περὶ
460 4503 555 4548 τοῦ
587 4502 824 4568 Χριστού
855 4499 1148 4570 μαρτυρίαν
1183 4494 1390 4549 ἑαυτοῦ.

268 4584 469 4644 Ἰησοῦν
497 4590 590 4638 τὸν
621 4588 731 4637 υἱὸν
760 4585 978 4658 Ἰωσήφ.
1017 4583 1134 4638 Ἔτι
1157 4588 1258 4660 γὰρ
1287 4588 1474 4638 τούτου
1516 4587 1628 4648 υἱὸς
1678 4582 1802 4639 εἶναι

205 4672 473 4746 ἓνομιζετο.

265 4769 359 4817 Τόν
413 4766 519 4819 ἀπὸ
578 4767 844 4839 Ναζαρέτ.
901 4766 993 4816 Ἐκ
1044 4766 1286 4840 Ναζαρὲτ
1344 4763 1538 4836 ἐλέγετο
1603 4763 1696 4818 διὰ
1744 4769 1804 4818 τὸ

197 4865 445 4929 τραφῆναι
467 4856 519 4909 ἐν
550 4857 683 4928 αὐτῇ
696 4895 709 4908 .

264 4951 361 4998 Καὶ
410 4978 482 4987 -
545 4944 717 5014 εἶναι;
771 4944 1001 4998 Ἀκούων
1058 4950 1150 4995 τοῦ
1200 4948 1468 5017 προφήτου
1527 4943 1801 5016 λέγοντος·

199 5040 293 5087 Καὶ
349 5040 435 5104 σύ,
495 5035 752 5108 Βηθλεὶμ,
786 5041 852 5106 γῆ
915 5029 1108 5095 Ἰούδα,
1157 5029 1404 5104 οὐδαμῶς
1455 5032 1712 5104 ἐλαχίστη
1763 5030 1808 5087 εἰ

197 5120 240 5172 ἄν
279 5132 393 5186 ταῖς
442 5128 708 5198 ἡγεμόσιν
764 5119 962 5176 Ἰούδα.
1025 5124 1115 5174 Ἐκ
1175 5129 1270 5175 σοῦ
1326 5124 1426 5196 γὰρ
1482 5121 1797 5186 ἐξελεύσεται

261 5304 310 5342 ”
340 5304 547 5362 Matth.
595 5319 675 5371 ιν,
702 5303 792 5358 18.
869 5303 918 5338 ⁸ο
960 5303 1140 5360 Maro.
1170 5316 1251 5368 ιιι,
1290 5306 1376 5357 16.

1457 5304 1501 5338 ³¹
1541 5304 1655 5358 Luc
1674 5317 1752 5367 vx,
1796 5305 1851 5358 2.

1907 557 2165 627 fratrem
2239 561 2384 632 ejus,
2451 562 2746 618 mittentes
2824 568 2948 620 rete
3008 563 3074 619 in
3147 581 3307 622 mare
3375 570 3447 622 ³ο.
3487 567 3578 624 Ad

1911 647 2040 703 haec
2096 655 2306 706 octavo
2373 650 2544 722 juxta
2625 653 2887 707 Marcum
2935 654 3131 725 capite
3191 655 3358 711 verbi
3418 656 3574 713 illius

1912 736 2456 810 interpretationem
2487 755 2498 795 :
2524 740 2600 795 Et
2651 739 2930 810 imposuit
2974 742 3200 798 Simoni
3231 760 3438 801 nomen
3469 747 3577 802 Pe-

1914 833 2038 882 trus
2092 830 2161 883 ³ο.
2197 828 2310 884 Sed
2367 832 2424 884 et
2469 829 2581 884 loci
2633 829 2791 884 illius
2822 829 3305 902 explanationem
3346 833 3574 891 decimo

1915 918 2106 985 capite
2133 919 2431 989 Evangelii
2460 919 2793 976 secundum
2829 923 3047 977 Lucam
3083 943 3096 978 :
3122 923 3442 980 Piscatores
3471 941 3575 981 au-

1916 1006 2028 1059 tem
2081 1003 2508 1060 descenderant
2560 1018 2636 1061 ea:
2696 1005 2834 1070 illis,
2888 1013 2942 1063 et
2972 1007 3293 1064 abluebant
3331 1010 3479 1066 retia
3500 1012 3572 1067 ³³.

1917 1095 2131 1151 Omnia
2159 1095 2318 1151 enim
2344 1094 2658 1152 conferunt
2691 1096 2768 1154 ad
2796 1111 2868 1154 ea
2892 1113 3028 1170 qum
3057 1097 3154 1154 hic
3175 1104 3503 1170 ponuntur.

1987 1273 2153 1328 Hunc
2185 1274 2384 1346 itaque
2413 1274 2742 1331 nominavit
2771 1276 3006 1332 Petrum
3056 1291 3071 1332 :
3101 1277 3251 1335 sicut
3286 1278 3575 1336 Iacobum

1915 1366 1970 1417 et
1995 1364 2288 1418 Joannem
2325 1363 2498 1419 Filios
2521 1365 2779 1434 tonitrui,
2823 1366 3140 1421 ostendens
3189 1382 3253 1422 se
3275 1381 3414 1423 eum
3442 1382 3576 1423 esse

1914 1453 2018 1524 qui
2039 1451 2100 1507 in
2119 1452 2306 1507 Veteri
2329 1467 2572 1525 quoque
2585 1453 2967 1510 Testamento
2990 1454 3239 1511 nomina
3255 1456 3582 1529 adaptave-

1915 1545 2024 1605 rat,
2058 1539 2275 1596 Abram
2299 1556 2523 1598 vocans
2539 1541 2862 1607 Abraham,
2897 1545 3104 1600 Saram
3139 1559 3280 1600 vero
3313 1548 3575 1612 Sarram,

1916 1635 1971 1686 et
1996 1630 2182 1686 Jacob
2221 1631 2414 1687 Israel.
2448 1635 2596 1688 Nam
2635 1633 3005 1705 quibusdam
3026 1633 3104 1689 ab
3134 1638 3268 1689 ortu
3296 1634 3568 1701 nomina,

1916 1720 2656 1793 imponebat,quibusdam
2671 1727 2871 1778 autem
2887 1722 3576 1794 postmodum.Quorum

1917 1808 2077 1864 enim
2106 1809 2290 1866 virtus
2321 1826 2357 1866 a
2388 1811 2595 1883 primo,
2648 1810 2814 1884 quod
2843 1811 3028 1877 aiunt,
3062 1811 3278 1884 capillo
3307 1812 3576 1883 fulgebit,

1917 1899 2008 1953 his
2039 1898 2115 1954 ab
2133 1898 2298 1955 initio
2311 1915 2531 1956 nomen
2549 1900 2832 1972 imponit:
2849 1916 3109 1974 quorum
3126 1905 3324 1959 autem
3342 1907 3576 1974 postea,

1919 1987 2011 2043 bis
2030 1989 2210 2046 etiam
2235 1993 2472 2062 postea.

1992 2167 2155 2223 Vers.
2180 2168 2270 2224 44.
2303 2171 2542 2226 Postero
2571 2167 2667 2226 die
2685 2197 2755 2212 —
2784 2169 2949 2225 Vers.
2980 2169 3071 2226 45.
3121 2169 3302 2226 Petri.
3336 2170 3580 2227 Postero

1917 2271 2061 2311 sane
2091 2256 2186 2312 die
2223 2257 2410 2314 voluit
2456 2258 2635 2322 exire,
2676 2261 2738 2314 at
2782 2272 2904 2314 non
2937 2263 3171 2329 postero
3219 2259 3315 2315 die
3361 2259 3580 2331 reperit

1919 2346 2264 2418 Philippum,
2306 2347 2409 2402 sed
2441 2348 2827 2419 postmodum
2876 2354 3199 2421 postquam
3250 2351 3487 2404 Petrum
3518 2351 3580 2404 et

1916 2436 2220 2499 Andream,
2267 2435 2562 2492 Jacobnm
2591 2452 2660 2492 ac
2680 2438 2965 2493 Joannem
2996 2441 3337 2499 attraxerat.
3363 2453 3580 2510 quem-

1917 2525 2250 2581 admodum
2274 2525 2352 2581 ab
2385 2526 2517 2582 aliis
2541 2526 3071 2595 evangelistislicet
3097 2526 3394 2597 colligere.

1953 2615 2066 2671 Sed
2087 2631 2270 2688 quam
2285 2615 2363 2671 ob
2379 2630 2506 2672 rem
2521 2631 2639 2671 non
2657 2615 2928 2672 meminit
2943 2615 3254 2687 quomodo
3270 2631 3372 2670 eos
3403 2619 3581 2672 attra-

1913 2704 2063 2760 xerit
2092 2704 2412 2759 ambulans
2424 2705 2579 2761 circa
2598 2721 2761 2761 mare
2777 2704 3033 2760 Galilreee
3050 2705 3131 2770 ?Q
3143 2705 3238 2760 uia
3271 2705 3578 2761 Matthasus

1915 2795 2218 2849 etMarcus
2253 2794 2362 2848 hoc
2399 2794 2787 2850 tradiderunt.
2829 2793 2942 2850 Sed
2969 2794 3112 2864 quia
3133 2792 3213 2846 illi
3248 2794 3581 2864 praetermi-

1915 2888 2131 2945 serant,
2164 2899 2300 2954 quaa
2333 2883 2488 2938 circa
2521 2882 2863 2954 Philippum
2881 2881 3391 2945 acciderant,hasc
3410 2896 3573 2938 nunc

1915 2979 2020 3036 iste
2050 2973 2404 3028 manifestat.
2428 2973 2519 3028 Ait
2543 2977 2742 3027 autem
2783 2971 2863 3027 illi
2919 2973 3131 3028 Jesus:
3182 2972 3437 3044 Sequere
3465 2985 3576 3028 me.

1915 3062 2117 3117 Sciens
2143 3062 2387 3134 quidem
2411 3061 2650 3118 ethunc
2693 3061 2820 3132 jam
2865 3061 3069 3117 animo
3107 3065 3401 3129 secutum,
3437 3077 3579 3118 cum

1914 3152 1987 3206 de
2013 3167 2082 3206 eo
2098 3152 2353 3207 audisset
2383 3151 2459 3206 ab
2493 3150 2582 3205 his
2611 3150 2716 3222 qui
2737 3152 3159 3222 sequebantur,
3186 3151 3291 3206 sed
3307 3165 3578 3207 reveren-

1917 3241 1996 3296 tia
2035 3241 2305 3307 detineri,
2339 3241 2515 3297 solvit
2544 3256 2678 3296 eum
2703 3249 2888 3295 metu.
2922 3240 3068 3296 Dicit
3097 3245 3299 3296 autem
3324 3254 3584 3311 evange-

1843 3313 1881 3366 (Ἰ
1912 3329 2044 3386 lista
2082 3345 2201 3402 qua
2243 3331 2316 3385 sit
2375 3329 2680 3402 Philippus
2729 3329 2963 3385 civitate
3017 3329 3332 3395 oriundus,
3362 3334 3511 3401 puta
3543 3345 3582 3388 a

1914 3419 2228 3475 Bethsaida
2245 3419 2343 3474 vlli
2367 3433 2436 3475 ac
2465 3417 2711 3488 ignobili
2746 3433 2759 3474 :
2795 3423 2858 3474 ut
2887 3417 3040 3475 scias
3091 3413 3259 3491 quod
3290 3418 3580 3489 ignobilia

1915 3509 2121 3564 mundi
2152 3509 2387 3582 elegerit
2427 3508 2600 3565 Deus.

1983 3690 2152 3746 Vers.
2173 3691 2261 3744 46.
2301 3689 2522 3760 Reperit
2532 3687 2850 3758 Philippus
2860 3683 3232 3745 Nathanaet.
3256 3686 3586 3759 Postquam

1913 3778 2186 3835 videlicet
2209 3778 2507 3834 Christum
2536 3783 2779 3834 secutus
2828 3782 2978 3834 erat.

1986 3871 2147 3925 Vers.
2179 3872 2266 3924 46.
2296 3867 3072 3940 Et—invenimus.Sumpto
3088 3867 3163 3923 de
3194 3867 3328 3940 ipso
3351 3865 3586 3937 experi-

1917 3959 2343 4024 mento,statim
2366 3958 2720 4030 praedicator
2735 3957 3340 4028 efﬂoitur;sciensque
3364 3955 3585 4012 Natha~

1916 4049 2050 4105 nael
2076 4047 2136 4102 in
2168 4047 2317 4117 legis
2343 4064 2413 4103 ac
2433 4049 2853 4119 prophetarum
2870 4048 3183 4119 Scripturis
3196 4045 3582 4117 diligentissi-

1918 4137 2410 4209 mum,siquidem
2427 4136 2624 4192 eratin
2637 4136 2722 4191 eis
2741 4137 2998 4191 maxime
3015 4133 3582 4205 versatus,quemad

1918 4223 2158 4279 modum
2188 4228 2244 4278 et
2281 4221 2406 4293 ipse
2429 4221 2688 4277 Christus
2745 4223 3078 4283 attestatur,
3111 4224 3168 4274 et
3205 4233 3299 4272 res
3324 4217 3458 4288 ipsa
3485 4217 3586 4272 de-

1920 4312 2273 4368 monstravit
2303 4328 2315 4366 :
2343 4309 2420 4365 ad
2442 4311 2666 4364 Mosam
2688 4323 2758 4364 ac
2780 4307 3097 4379 prophetas
3135 4321 3274 4361 eum
3314 4304 3582 4369 remittit,

1916 4401 2284 4458 conﬁrmans
2302 4399 2439 4455 inde
2475 4414 2652 4454 suum
2675 4398 2750 4453 de
2769 4396 3001 4454 Christo
3016 4393 3423 4450 testimonium
3442 4407 3582 4450 esse

1917 4493 2036 4549 ﬁde
2067 4491 2348 4563 dignum.

1986 4581 2150 4638 Vers.
2173 4581 2477 4637 46.1esum
2505 4577 2695 4649 ﬁlium
2719 4576 2958 4646 Joseph.
2997 4573 3211 4630 Adhuc
3233 4571 3394 4629 enim
3422 4569 3586 4627 illius

1836 4669 1880 4723 D
1917 4673 2046 4744 ejus
2071 4687 2199 4727 esse
2232 4670 2577 4742 putabatur.

1986 4765 2148 4818 Vers.
2174 4762 2268 4821 46,
2307 4762 2353 4815 Α
2387 4758 2711 4815 Nazareth.
2744 4759 2790 4813 Α
2822 4754 3109 4813 Nazareth
3138 4752 3276 4810 ideo
3339 4751 3590 4809 diceba-

1914 4858 2028 4919 tur,
2062 4851 2227 4924 quod
2254 4850 2334 4906 ibi
2365 4849 2620 4905 nutritus
2639 4852 2816 4903 esset.

1985 4943 2146 4998 Vers.
2178 4943 2266 4996 47.
2324 4940 2399 4995 Et
2437 4969 2508 4979 —-
2568 4953 2684 4996 esse
2707 4936 2736 4992 ?
2764 4939 2914 4994 Cum
2944 4935 3302 5008 prophetam
3349 4932 3590 4990 audiret

1915 5031 2246 5088 dicentem:
2277 5031 2355 5085 Et
2386 5036 2470 5094 tu,
2495 5028 2804 5092 Bethleem,
2825 5030 2985 5082 terra
3011 5024 3190 5088 Juda,
3215 5037 3582 5095 nequaquam

1917 5123 2167 5178 minima
2195 5135 2253 5177 es
2278 5120 2436 5176 inter
2444 5118 2822 5187 principatus
2851 5115 3012 5170 Juda
3053 5129 3070 5169 :
3101 5129 3177 5170 ex
3205 5120 3255 5168 te
3294 5111 3438 5169 enim
3466 5110 3585 5167 exi-

1411 5479 1633 5548 Variaa
1663 5478 1992 5547 lectiones
2025 5487 2091 5546 et
2130 5487 2336 5545 notae.

283 5691 377 5765 65)
405 5693 517 5765 ῐῖᾴρ
543 5687 741 5765 abest.
771 5692 840 5744 Δ.

285 5763 374 5834 66)
415 5760 734 5833 Chrysost.
778 5765 941 5824 tom.
976 5761 1110 5826 Vill,
1139 5774 1202 5833 p.
1250 5763 1348 5817 H3
1396 5761 1456 5815 Β.
1497 5760 1585 5815 Ἐκ
1616 5763 1823 5831 πρώτης

1929 5684 2157 5747 ἡλικίας.

2005 5757 2116 5827 (67)
2149 5758 2250 5808 Καί
2273 5754 2598 5827 interponit
2633 5757 2702 5811 A.
