4038 6226
538 312 678 369 1143

1862 310 2213 368 EUTHYMII
2249 309 2583 372 ZlGABENI

3732 326 3833 379 HM

538 441 620 497 bit
714 440 859 505 dum,
906 438 1009 511 qui
1063 444 1226 508 regat
1266 440 1550 510 populum
1590 454 1776 496 meum
1830 440 2023 495 Israel
2054 442 2123 508 ³²,
2164 455 2192 494 e

2309 441 2613 511 ἡγούμενος,
2689 444 2834 504 ὅστις
2904 451 3145 514 ποιμανεῖ
3220 447 3304 495 τόν
3360 445 3589 517 Ἰσραήλ’
3661 446 3706 499 ἐκ
3764 455 3838 508 Βη-

534 529 828 586 Bethleem
861 529 1154 583 Christum
1186 528 1573 599 exspectabat
1604 546 1617 585 :
1680 544 1841 583 nunc
1873 532 2072 583 autem
2096 544 2198 583 au-

537 620 703 674 diens
724 633 862 673 eum
890 620 1258 672 Nazarenum
1296 633 1447 682 esse,
1507 618 1781 673 turbatus
1821 617 2197 673 estetadmi-

536 708 803 771 rebatur,
832 722 953 761 non
977 706 1285 761 inveniens
1316 707 1564 778 Philippi
1594 706 1838 762 verbum
1880 707 2195 762 convenire

532 795 874 867 prophetiae,
905 796 1159 867 ideoque
1182 797 1459 867 opinatus
1484 797 1643 852 hunc
1663 797 1823 853 circa
1848 796 2045 852 locum
2066 812 2195 852 esse

530 884 793 957 lapsum,
828 885 1149 955 benignam
1171 886 1340 957 tingit
1362 886 1777 957 objectionem,
1802 886 2059 943 innuens
2075 902 2195 943 non

532 975 616 1032 ita
644 975 848 1046 ipsum
875 975 1183 1031 inventum
1207 992 1354 1043 esse,
1374 976 1479 1032 sed
1510 994 1649 1034 eum
1672 993 1799 1033 esse
1828 993 1863 1032 a
1883 978 2194 1042 Nazareth,

532 1065 676 1136 plan
707 1065 1164 1137 quodammodo
1193 1068 1258 1136 (ι)
1289 1082 1392 1137 per
1427 1067 1675 1123 modum
1716 1067 2196 1137 interrogationis

534 1154 783 1226 repellit,
817 1172 989 1210 suam
1023 1157 1345 1211 ostendens
1386 1158 1542 1211 circa
1584 1158 1918 1228 Scripturas
1942 1156 2191 1228 diligen-

536 1245 701 1310 tiam,
733 1251 787 1301 et
805 1245 1283 1307 infallibilitatem
1303 1247 1629 1315 ﬁgurarum
1655 1247 1783 1317 (γη).

608 1338 702 1389 Est
732 1339 931 1390 autem
959 1335 1149 1391 simile
1192 1353 1260 1391 ac
1294 1337 1341 1392 si
1372 1336 1630 1392 diceret:
1669 1339 1871 1393 Utrum
1904 1337 2027 1392 ﬁeri
2071 1343 2194 1409 pot-

532 1429 638 1488 est,
674 1429 737 1478 ut
767 1440 802 1479 a
833 1425 1117 1480 Nazareth
1149 1424 1299 1480 adeo
1330 1426 1547 1495 exigua
1577 1431 1632 1480 et
1660 1425 1889 1495 abjecta
1923 1427 1995 1479 sit
2026 1426 2195 1499 quip-

535 1514 689 1585 piam
726 1513 901 1569 boni?
922 1517 1066 1568 Nam
1084 1514 1383 1571 Galilaaaa
1420 1515 1641 1571 Judteis
1677 1515 1828 1570 male
1858 1516 2145 1571 audiebat
2179 1540 2189 1571 :

535 1616 713 1672 porro
741 1601 1295 1659 NazarethGalilteae
1323 1605 1532 1660 civitas
1556 1610 1700 1661 erat.
1740 1605 2193 1660 Dicebatautem

534 1689 648 1746 hoc
680 1690 1064 1757 certissimus,
1101 1692 1266 1763 quod
1286 1708 1406 1747 non
1434 1708 1470 1747 a
1492 1693 1790 1758 Nazareth,
1830 1693 1928 1749 sed
1963 1710 1997 1749 a
2031 1693 2192 1750 Beth-

538 1780 690 1839 leem
721 1785 1160 1851 exspectaretur
1190 1781 1479 1837 Christus.

605 1960 765 2015 Vers.
796 1962 883 2015 47.
918 1960 1081 2016 Dixit
1130 1991 1199 2001 —
1228 1961 1375 2017 vide.
1405 1961 1646 2020 Modum
1674 1978 1798 2033 quo
1825 1962 1934 2018 hoc
1965 1963 2193 2018 dixerat

533 2050 842 2118 ignorans,
875 2054 1214 2121 puteusque
1254 2050 1420 2105 illum
1453 2050 1797 2121 simpliciter
1824 2050 2044 2106 civitati
2085 2055 2193 2107 Na-

532 2138 1077 2203 zarethdetrahere,
1097 2139 1259 2199 ducit
1276 2140 1471 2211 ipsum
1492 2139 1570 2195 ad
1584 2139 1882 2195 Christum
1899 2145 2189 2211 tanquam

535 2228 738 2282 statim
769 2228 1150 2294 crediturum,
1170 2229 1217 2283 si
1238 2229 1418 2286 modo
1431 2229 1761 2285 doctrinam
1787 2246 1856 2285 ac
1877 2245 2190 2287 conversa-

536 2318 757 2373 tionem
778 2317 905 2386 ejus
927 2322 1235 2386 gustasset.

606 2409 771 2463 Vers.
833 2408 920 2462 48.
994 2406 1146 2463 Vidit
1185 2438 1253 2449 —
1290 2409 1591 2465 Israelita.
1638 2407 1937 2464 Laudavit
1989 2408 2189 2479 ipsum

533 2494 706 2567 quasi
752 2495 1174 2564 intelligentem
1205 2513 1334 2569 quae
1366 2497 1612 2566 legerat:
1654 2497 1715 2552 id
1744 2498 1902 2553 enim
1934 2505 2027 2552 est
2057 2513 2191 2553 vere

534 2583 813 2639 Israelita.
835 2584 976 2639 Nam
1004 2584 1307 2657 pontiﬁces
1335 2591 1389 2641 et
1416 2585 2022 2659 Scribtequiqueillos
2053 2602 2193 2641 con-

533 2672 861 2743 tingebant,
890 2689 1011 2728 non
1043 2674 1414 2729 attendentes
1448 2691 1519 2730 ea
1545 2692 1677 2747 qum
1709 2674 2006 2745 legebant,
2040 2674 2192 2731 falso

531 2762 777 2818 nomine
797 2762 1076 2818 Israelitae
1115 2762 1488 2819 dicebantur.

606 2853 759 2907 Vers.
792 2855 878 2907 48.
918 2853 983 2908 In
1010 2882 1079 2894 -
1126 2860 1230 2909 est.
1292 2852 1505 2908 Dolum
1529 2858 1722 2917 vocat,
1766 2853 2025 2908 veritatis
2056 2869 2193 2909 con-

532 2941 847 3005 tectionem
878 2942 970 2996 vel
999 2942 1482 2998 obscurationem
1510 2958 1546 2996 a
1588 2942 1835 2997 malitia.

604 3032 765 3087 Vers.
793 3033 882 3087 49.
906 3030 1063 3087 Dicit
1106 3062 1175 3071 -
1216 3030 1462 3086 nostri?
1494 3034 1622 3087 Non
1658 3035 1746 3086 est
1793 3029 2075 3086 laudibus
2113 3030 2193 3085 in-

2310 528 2458 599 θλεὲμ
2510 528 2813 604 προσεδόκα
2865 536 2954 584 τόν
3013 536 3262 605 Χριστόν.
3322 536 3505 586 Μαθὼν
3557 532 3611 587 δὲ
3660 546 3733 588 νῦν
3776 542 3839 591 ὅτι

2308 616 2407 669 ἀπὸ
2454 620 2695 692 Ναζαρέτ
2738 622 2897 687 ἐστιν,
2947 620 3239 695 ἐθορυϐἠῦη
3278 627 3364 674 καὶ
3408 620 3722 697 διηπόρησα,
3756 628 3839 699 οὐχ

2307 709 2558 781 εὑρίσκων
2616 709 2967 782 συμϐαίνοντα
3129 716 3415 784 προφητείᾳ
3474 717 3554 765 τὸν
3600 713 3728 784 λόγον
3768 725 3839 767 τοῦ

2306 798 2580 852 Φιλίππου.
2652 804 2739 852 Διό
2810 804 2901 852 καὶ
2980 799 3318 872 λογισάμενος
3394 800 3632 873 ἐσφάλθαι
3697 812 3839 855 τοῦτον

2304 892 2422 961 περὶ
2454 890 2540 940 τὸν
2588 892 2766 957 τόπον,
2810 888 3008 949 ἐπιεικῆ
3061 897 3277 942 ποιεῖται
3307 895 3631 965 παραίτησιν,
3682 892 3730 944 οὗ
3769 902 3839 945 τοῦ

2305 978 2575 1051 εὑρεθῆναι
2632 978 2803 1044 αὐτόν,
2863 977 2990 1031 ἀλλὰ
3042 986 3133 1031 τοῦ
3183 978 3283 1031 ἀπὸ
3338 980 3569 1053 Ναζαρετ
3611 978 3739 1047 εἶναι,
3771 987 3839 1033 καὶ

2306 1066 2504 1138 ὁμαλῶς
2563 1088 2685 1133 πως,
2736 1067 2784 1119 ἐν
2838 1067 3138 1140 ἐρωτήσεως
3184 1070 3347 1135 τάξει,
3409 1066 3658 1123 διωθεῖται
3698 1080 3835 1140 τοῦτο,

2306 1152 2552 1208 δεικνύων
2579 1162 2636 1209 τό
2667 1162 2783 1231 περὶ
2810 1161 2903 1218 τὰς
2932 1161 3140 1233 Γραφὰς
3170 1157 3373 1231 ἁκριϐες
3395 1159 3568 1227 αὐτοῦ,
3592 1166 3671 1211 καὶ
3696 1165 3743 1211 τό
3765 1171 3839 1211 τὼν

2305 1252 2505 1321 τρόπων
2536 1245 2940 1309 ἀνεξαπάτητον.

2381 1334 2469 1408 [Ὀ
2506 1336 2622 1407 (68)
2654 1332 2712 1389 δὲ
2766 1336 2919 1408 λέγει,
2964 1342 3198 1389 τοιοῦτόν
3247 1336 3405 1393 ἐστιν.
3449 1338 3578 1412 Ἀρα
3611 1338 3659 1390 ἐκ
3702 1340 3840 1399 Ναζας

2304 1429 2389 1499 ρὶετ
2429 1422 2702 1497 ἐνδέχεταί
2738 1446 2789 1477 τι
2845 1424 3037 1496 ἀγαθόν
3082 1423 3229 1496 εἶναι,
3265 1428 3378 1496 (69)
3429 1432 3516 1479 καὶ
3562 1433 3663 1480 τότε
3708 1436 3838 1480 τοιοῦ⁸

2304 1535 2409 1576 τον,
2493 1523 2582 1575 τῆς
2612 1516 2746 1567 οὕτω
2793 1515 2987 1587 φαύλης
3015 1521 3105 1567 καὶ
3138 1515 3551 1590 ἀπεῤῥιμμένηςς
3598 1516 3839 1569 Διεϐάλλετο

2303 1607 2403 1678 γὰρ
2457 1606 2595 1679 παρά
2634 1612 2728 1665 τῆς
2782 1605 2893 1675 (⁸70)
2954 1601 3215 1665 Ἰουδαίας
3263 1607 3293 1663 ἡ
3354 1606 3627 1657 Γαλιλαία·
3674 1615 3751 1667 τῆς
3797 1605 3840 1658 δι

2306 1691 2577 1758 Γαλιλαίας
2626 1693 2732 1745 ἐστὶ
2791 1694 2936 1765 μόλις
2988 1697 3017 1753 ἠ
3050 1696 3313 1767 Ναζαρέτ.
3383 1694 3553 1767 Ἐλεγε
3602 1693 3653 1749 δὲ
3702 1704 3837 1760 τοῦτο,

2229 1780 2272 1833 Β
2304 1781 2821 1856 πεπληροφορημένος
2860 1786 2939 1836 ὅτι
2975 1785 3001 1836 ὁ
3037 1783 3469 1858 προσδοκώμενος
3493 1786 3580 1837 οὐκ
3618 1788 3737 1837 ἔστιν
3762 1784 3840 1835 ἀπὸ

2303 1873 2565 1947 Ναζαρὲτ,
2600 1872 2707 1924 ἀλλ’
2748 1872 2801 1925 ἐκ
2834 1874 3085 1945 Βηθλεέμ.

2377 1966 2527 2033 Λέγει
2582 1995 2647 2002 -
2708 1959 2809 2015 ἴδε.
2867 1964 3089 2034 Ἀγνοῶν
3142 1967 3228 2015 τόν
3299 1968 3506 2035 τρόπον,
3562 1960 3630 2016 δι’
3671 1963 3715 2015 ὃν
3760 1961 3841 2015 εἶπε

2301 2058 2473 2116 τοῦτο,
2538 2057 2627 2103 καὶ
2694 2051 2862 2112 ἁπλῶς
2926 2052 3080 2103 αὑτὸν
3143 2049 3440 2106 διαϐάλλειν
3508 2058 3592 2111 τὴν
3647 2055 3839 2126 Ναζαρὲτ

2301 2141 2515 2207 οἰηθεὶς,
2554 2140 2684 2193 ἕλκει
2719 2148 2895 2194 τοῦτον
2937 2140 3017 2193 ἐπὶ
3048 2144 3133 2192 τόν
3168 2146 3397 2215 Χριστόν
3435 2146 3562 2209 (il),
3608 2146 3668 2203 ὡς
3693 2142 3840 2193 αὐτίκα

2301 2232 2731 2300 πεισθησόοαενον,
2764 2232 2807 2283 εἰ
2836 2235 2988 2303 μόνον
3027 2234 3274 2303 γεύσεται
3312 2240 3403 2292 τῆς
3436 2227 3748 2291 διδασκαλίας
3772 2236 3837 2281 καὶ

2303 2318 2508 2390 ὁμιλίας
2536 2320 2713 2371 αὐτοῦ.

2376 2404 2523 2461 Εἰδεν
2586 2440 2648 2449 -—
2705 2408 3051 2482 Ἰσραηλίτης.
3118 2410 3396 2483 Ἐπῄνεσεν
3443 2411 3607 2475 αὐτόν,
3657 2412 3716 2471 ὡς
3758 2409 3836 2461 ἑπια

2301 2503 2644 2567 γινώσκοντα,
2694 2498 2728 2550 ἃ
2774 2498 3152 2569 ἀναγινώσκεί·
3206 2508 3358 2552 τοῦτο
3405 2502 3504 2575 γὰρ
3553 2508 3635 2553 τοῦ
3681 2498 3837 2557 ἀληθῶς

2303 2586 2653 2660 Ἰσραηλίτου.
2684 2592 2750 2640 Οἱ
2790 2592 2891 2661 γὰρ
2924 2588 3189 2663 ἀρχιερεῖς
3217 2594 3310 2641 καὶ
3341 2592 3389 2642 οἱ
3437 2596 3729 2661 Γραμματεῑς
3770 2594 3836 2637 και

2303 2678 2351 2728 οἱ
2400 2679 2514 2728 κατ’
2566 2676 2806 2740 ἐκείνους,
2888 2678 2947 2730 οὐ
2996 2684 3351 2753 προσέχοντες
3400 2680 3476 2739 οἷς
3540 2678 3834 2748 ἀνεγίνωσκον,

2302 2763 2640 2838 ψευδώνυμοι
2671 2764 2805 2824 ἦσαν
2848 2767 3188 2841 Ἰσραηλῖται.

2375 2856 2456 2905 Ἐν
2512 2887 2578 2894 -
2645 2858 2775 2910 ἔστι.
2833 2855 2984 2908 Δόλον
3053 2856 3187 2927 λέγει
3253 2861 3351 2915 τὴν
3427 2855 3708 2926 ἐπικαλυψιν
3766 2860 3837 2911 τες

2306 2943 2568 3014 ἀληθείας,
2603 2949 2696 3003 τὴν
2727 2950 2999 3019 πονηρίαν.

2375 3038 2529 3104 Λέγει
2588 3064 2654 3074 -
2708 3040 3016 3105 γινώσκεις;
3076 3034 3186 3086 Οὐκ
3239 3033 3517 3107 ἐχαυνώθη
3583 3041 3676 3093 τοῖς
3720 3030 3834 3082 ἐπαί-

530 3119 729 3184 ﬂatus,
771 3119 875 3176 sed
894 3125 1068 3191 rogat
1091 3120 1248 3177 unde
1273 3136 1413 3176 eum
1444 3120 1629 3177 talem
1658 3136 1786 3176 esse
1815 3125 2192 3191 cognosceret

2303 3141 2428 3185 νοις,
2456 3121 2559 3173 ἀλλ’
2583 3121 2807 3183 ἐζήτησε
2828 3124 3008 3194 μαθεῖν
3047 3125 3197 3176 πόθεν
3222 3124 3378 3176 αὐτὸν
3402 3132 3631 3195 γινώσκει
3655 3128 3833 3172 τοιοντον

526 3209 773 3283 qualem
811 3209 1067 3267 dicebat.

601 3300 767 3355 Vers.
796 3300 885 3355 49.
917 3300 1241 3369 Respondit
1280 3331 1347 3341 —
1377 3299 1641 3356 videbam
1678 3306 1749 3355 te.
1801 3298 1899 3354 Ille
1945 3298 2191 3371 quidem

528 3393 819 3461 tanquam
846 3389 1153 3446 hominem
1170 3389 1369 3446 adhuc
1385 3389 1657 3459 rogabat,
1687 3388 1813 3461 ipse
1845 3403 1981 3443 vero
2019 3386 2193 3459 quasi

527 3480 680 3536 Deus
719 3479 801 3535 illi
852 3480 1217 3551 respondet:
1261 3494 1405 3534 nam
1457 3495 1518 3536 se
1574 3477 1793 3534 vidisse
1837 3478 1977 3533 dicit
2026 3476 2192 3549 quod

526 3569 725 3624 nullus
756 3568 918 3625 vidit.
941 3568 1291 3642 Priusquam
1312 3573 1502 3624 autem
1529 3568 1883 3623 occurrisset
1913 3567 1962 3622 ei
1980 3566 2188 3638 Philip-

529 3674 663 3729 pus,
703 3658 894 3713 fuerat
916 3658 1029 3713 sub
1067 3658 1206 3727 ﬁcu,
1238 3657 1401 3714 nullo
1428 3662 1720 3730 prmsente
1747 3664 1850 3713 aut
1880 3657 2078 3728 ipsum
2111 3655 2191 3709 vi-

528 3746 723 3802 dente.
770 3746 934 3802 Dedit
978 3747 1181 3819 itaque
1224 3748 1460 3817 signum
1500 3747 1662 3819 quod
1710 3750 2094 3815 cognosceret
2120 3761 2189 3801 ac

528 3834 751 3891 videret
775 3852 907 3908 quae
930 3835 1273 3891 hominibus
1314 3836 1445 3892 visa
1462 3852 1583 3892 non
1606 3836 1827 3892 forent:
1867 3835 2191 3908 ideoqueet

529 3930 767 3998 tempus
787 3924 934 3980 dixit
958 3930 1012 3980 et
1026 3923 1219 3981 locum
1237 3942 1307 3981 ac
1324 3926 1625 3981 arborem.
1646 3924 2024 3982 Simuletiam
2042 3924 2191 3980 indi-

532 4016 684 4071 cavit
722 4030 783 4071 se
810 4014 1057 4070 omnino
1102 4014 1345 4070 audisse
1399 4031 1534 4086 quas
1566 4015 1809 4070 dixisset
1860 4032 1873 4069 :
1912 4016 2121 4071 Utrum
2154 4030 2190 4071 α

529 4104 835 4162 Nazareth
844 4110 1030 4175 posset
1055 4105 1351 4175 quippiam
1375 4119 1495 4160 esse
1516 4104 1678 4158 boni:
1697 4110 1751 4160 et
1772 4119 1843 4158 ex
1863 4102 1979 4159 hoc
2000 4102 2191 4173 magis

528 4193 809 4250 intellexit
862 4193 1066 4265 ipsum
1126 4210 1253 4249 esse
1292 4194 1610 4250 Christum.
1654 4192 1971 4265 Cogitabat
2029 4194 2190 4249 enim

528 4284 694 4355 quod
720 4283 888 4340 aliter
922 4299 1041 4340 non
1083 4299 1223 4339 eum
1275 4282 1606 4349 laudasset,
1659 4285 1764 4339 sed
1794 4282 1994 4355 potius
2022 4299 2193 4355 repu-

528 4372 709 4431 lisset.

600 4553 888 4608 Craterum
919 4557 976 4609 et
1026 4568 1062 4607 a
1101 4551 1435 4625 prophetia,
1472 4555 1529 4608 et
1564 4567 1599 4607 a
1626 4551 1804 4607 laude
1832 4551 2030 4624 ipsum
2060 4566 2192 4607 esse

530 4641 799 4696 credidit.
823 4642 1129 4714 Prophetia
1159 4658 1297 4698 vero
1314 4657 1431 4696 non
1469 4640 1544 4697 de
1567 4640 1779 4697 futuris
1812 4645 2041 4696 tantum
2081 4644 2189 4706 est,

602 4818 650 4853 ⁸³
683 4818 863 4877 Mich.
904 4835 979 4885 vr,
1008 4823 1061 4875 2.
1096 4820 1291 4883 Matth.
1320 4824 1453 4886 11,6.

2305 3213 2409 3264 οἷον
2436 3211 2590 3283 λέγει.

2378 3301 2655 3373 ’Δπεκρίθη
2727 3333 2775 3341 ο
2859 3298 2997 3353 εἶδόν
3067 3320 3142 3355 σε.
3206 3301 3267 3353 Ὀ
3350 3305 3439 3374 μὲν
3498 3304 3563 3363 ὡς
3624 3301 3831 3370 ἄνθρωπον

2302 3388 2457 3441 αὐτόν
2502 3388 2744 3452 ἐξήταζεν
2775 3392 2848 3443 ἔτι
2873 3406 2883 3417 ⁸
2944 3390 3097 3451 αὐτὸς
3130 3387 3188 3444 δὲ
3218 3392 3287 3452 ὡς
3332 3395 3463 3452 Θεὸς
3516 3391 3641 3460 αὐτῷ
3670 3387 3831 3457 ἀποκρὶ-

2300 3498 2459 3531 νεται.
2505 3484 2657 3551 Λέγει
2693 3482 2794 3554 γὰρ
2839 3477 2968 3533 ἰδεῖν
3022 3479 3047 3531 ὁ
3097 3477 3267 3541 οὐδεὶς
3300 3479 3507 3553 ἑώρακε.
3544 3482 3637 3551 Πρὸ
3682 3484 3755 3529 τοῦ
3777 3472 3829 3525 ἐν·

2300 3576 2482 3639 τυχεῖν
2519 3572 2617 3642 γὰρ
2674 3569 2813 3639 αὐτῴ
2862 3572 2949 3620 τόν
2994 3568 3265 3634 Φίλιππον,
3311 3566 3373 3627 ἧν
3423 3570 3518 3621 ὑπὸ
3563 3571 3646 3625 τὴν
3689 3570 3827 3627 συκῆν,

2300 3655 2507 3718 οὐδενός
2552 3662 2799 3731 παρόντος
2849 3661 2880 3716 ἦ
2936 3659 3157 3731 ὁρῶντος
3207 3658 3381 3714 οὗτόν.
3436 3654 3643 3711 Δέδωκεν
3666 3654 3735 3705 οὖν
3777 3670 3827 3701 τεο

2300 3753 2516 3820 κμήριον
2563 3746 2929 3822 ἀναντίρρητον
2959 3754 3051 3799 τοῦ
3106 3752 3383 3818 γινώσκειν
3430 3747 3593 3813 αὐτὸν,
3629 3749 3702 3794 καὶ
3738 3742 3824 3811 ὀρῷ

2300 3840 2367 3889 τὰ
2403 3844 2512 3898 τοῖς
2567 3835 2851 3911 ἀνθρώποις
2880 3835 3093 3889 ἀθέατα.
3155 3840 3243 3888 Διὸ
3289 3841 3380 3888 καὶ
3431 3841 3515 3889 τόν
3563 3836 3712 3907 καιρόν
3750 3829 3825 3881 εἴτε

2301 3931 2390 3978 καὶ
2425 3930 2507 3978 τόν
2538 3930 2691 3978 τόπον
2730 3928 2901 3979 καὶτὸ
2942 3922 3178 4000 δένδρον,
3212 3930 3305 3978 καὶ
3350 3927 3460 3998 οἶμα
3491 3922 3658 3985 ἔδειξεν
3680 3922 3741 3970 ὁτι
3762 3920 3823 3967 κεί

2302 4020 2496 4075 ἤκουσε
2543 4016 2787 4076 πάντωςὸ
2829 4014 2984 4078 εἶπεν,
3014 4019 3093 4067 ὅτι
3142 4016 3231 4068 Ἐκ
3283 4016 3520 4087 Ναζαρετ
3570 4008 3751 4065 δύναταί
3787 4023 3821 4054 τι

2303 4106 2497 4177 ἀγαθόν
2550 4102 2714 4157 εἶναι’
2776 4109 2864 4156 καὶ
2940 4105 2996 4155 ἐκ
3050 4106 3237 4156 τούτου
3312 4104 3499 4175 μᾶλλον
3550 4108 3731 4157 συνῆκεν
3764 4095 3818 4144 ὅτι

2303 4193 2459 4255 αὑτός
2487 4192 2627 4246 ἐστιν
2673 4196 2698 4245 ό
2731 4199 2981 4267 Χριστός.
3011 4193 3321 4263 Ἐλογίσατο
3353 4196 3453 4267 γὰρ
3485 4195 3575 4255 ὁτι,
3605 4189 3641 4242 εἰ
3678 4190 3732 4259 μὴ
3760 4179 3814 4243 in

2302 4284 2395 4336 οὐκ
2427 4283 2485 4335 ἆν
2509 4282 2748 4356 ἐπῄνεσεν
2775 4282 2951 4348 αὑτὸν,
2982 4282 3088 4334 ἀλλ’
3115 4282 3369 4335 ἀπώσατο
3400 4284 3479 4336 ἄν.
3500 4281 3666 4333 Λοιπὸν
3690 4271 3758 4326 οὔκ
3780 4272 3815 4320 Ex

2302 4392 2354 4425 τε
2382 4381 2473 4435 τῆς
2508 4376 2824 4447 προφητείας
2867 4374 2921 4425 ἔκ
2953 4391 3006 4425 τε
3062 4380 3151 4425 τοῦ
3183 4370 3396 4425 ἐπαίνου
3447 4382 3734 4424 mmo":er
3760 4361 3812 4411 ὁτι

2226 4502 2270 4557 D
2303 4462 2453 4521 αὐτός
2485 4460 2617 4513 ἐστι.

2373 4551 2694 4626 [Προφητεία
2735 4550 2847 4621 (72)
2886 4546 2944 4602 δε
2991 4549 3183 4621 ἑστίη]
3214 4550 3312 4602 οὐκ
3368 4549 3449 4602 ἐπὶ
3485 4556 3575 4600 τῶν
3605 4540 3808 4616 μελλόντων

2302 4646 2475 4713 μόνον,
2512 4639 2641 4692 ἀλλὰ
2694 4644 2784 4691 καὶ
2826 4638 2908 4690 ἐπὶ
2966 4648 3065 4691 τῶν
3123 4638 3497 4712 παρελθόντων,
3553 4634 3657 4695 digit
3696 4633 3807 4680 Σίνιν

1758 4944 1984 5013 Varia
2017 4944 2346 5012 lectiones
2381 4954 2446 5012 et
2487 4952 2688 5011 notae.

632 5145 719 5214 68)
745 5142 1347 5199 Excideruntinclusa
1379 5148 1443 5198 A.

632 5145 719 5214 68)
745 5143 1347 5199 Excideru'ntinclusa
1379 5148 1443 5198 A.

606 5143 721 5288 269)
785 5219 1032 5288 ttat-rer:
1080 5222 1311 5267 τοιοῦτον
1349 5216 1407 5270 in
1447 5212 1933 5288 interpretatione
2000 5212 2195 5281 negle-

533 5285 626 5342 xit
673 5287 1007 5342 Hentenius.
1052 5290 1219 5343 Forte
1269 5290 1468 5341 autem
1501 5285 1920 5353 corrigendum
1972 5288 2077 5339 aut
2105 5288 2193 5336 καὶ
2254 5334 2257 5339 .

534 5364 592 5411 τό
648 5366 877 5411 τοιοῦτον
927 5363 1031 5413 aut
1096 5364 1184 5410 καὶ
1244 5366 1409 5409 ταῦτα
1474 5366 1726 5422 τοιοῦτον,
1788 5356 2013 5412 scilicet
2070 5354 2194 5426 ἀγα-

538 5433 644 5500 θὸν,
703 5429 807 5484 οἷον
839 5432 864 5482 ὁ
915 5435 1135 5492 Μεσίας.
1176 5432 1371 5503 Τρόποι
1410 5433 1611 5485 autem
1652 5445 1768 5483 nou
1802 5432 1938 5484 sunt
1976 5429 2190 5499 ﬁgurae,

605 5609 676 5681 (t)
700 5609 1015 5680 Benignam
1042 5638 1111 5681 τ-
1140 5605 1585 5681 quodam_modo_.
1623 5606 1966 5681 immaniter
2005 5620 2194 5681 remo-

533 5676 667 5757 vet,
693 5696 814 5757 non
838 5676 999 5751 quod
1043 5676 1447 5757 inventus‘sit,
1482 5676 1585 5739 sed
1621 5679 1784 5757 quod
1832 5694 1865 5735 α
1910 5676 2192 5736 Nazareth

536 5752 626 5823 sit,
650 5756 707 5811 et
735 5750 913 5835 plane
938 5750 1415 5832 quodammodo.

2306 5141 2411 5197 sed
2437 5156 2638 5207 mores,
2668 5140 2993 5211 ingenium.
3507 5206 3517 5211 ,
3605 5201 3617 5211 ,
3683 5197 3691 5206 .

2398 5213 2487 5284 70)
2522 5201 2668 5284 Imb,
2709 5201 2816 5274 τοῖς
2844 5206 3583 5284 V'Ioudaimg,utAHentenitts
3605 5201 3719 5284 legit.

2398 5260 2489 5351 έιῦ
2518 5260 2892 5345 titillari
2906 5260 2947 5350 ξ’
2972 5260 3779 5350 *ὡδίηεέίξῑίι-ῖτιῖαθησδμῖνοςδ.

2398 5357 2490 5426 72)
2522 5356 2652 5410 Tria
2682 5354 2810 5410 haec
2837 5353 3135 5409 vocabula
3155 5352 3372 5409 absunt
3402 5357 3465 5406 Α.

2369 5604 2479 5671 (m)
2513 5604 2888 5673 Figurarum.
2920 5604 3085 5658 Forte
3105 5600 3244 5673 legit
3270 5602 3461 5664 τύπων,
3492 5598 3603 5673 loco

2303 5639 3362 5733 εέιίὶἱι¹οὶξῗὰἔ¹ο¹ἔὶίὲιέιὲἱὶί⁹ειέ¹⁵ὀιοωο
3388 5639 3694 5728 ΝιίιὴδβαεΪίε
3713 5660 3769 5702 ιιι·

2302 5748 2499 5818 genio,
2525 5746 2693 5821 quod
2714 5745 2836 5803 falli
2862 5761 2983 5811 non
3010 5744 3217 5820 potuit.

3940 5544 3949 5577 Ε

3938 5619 3949 5653 ’1

3924 5680 3947 5727 a
