4038 6226
175 304 311 361 1145

1247 299 1616 358 COMMENT.
1660 299 1727 356 IN
1765 296 2116 355 JOANNEM.
2165 330 2228 342 σ-
2267 299 2425 357 CAP.
2466 299 2510 357 Ι.

3407 304 3546 360 1146

173 434 298 488 σέως
326 432 448 501 περὶ
487 435 584 489 τῆς
623 431 1004 500 κοσμογενείας·
1058 430 1147 479 καὶ
1196 425 1278 480 ἐπὶ
1331 435 1429 478 τῶν
1459 425 1760 490 ἐνεστώτων1

1888 439 2091 480 verum
2119 424 2299 504 etiam
2322 425 2395 482 de
2423 425 2734 500 prmteritis
2763 441 2777 492 ;
2814 424 2969 482 sicut
2995 426 3188 482 Moses
3221 425 3297 485 de
3331 429 3546 486 mundi

171 521 234 578 ὡς
265 519 387 572 ὅταν
436 518 461 569 6
502 520 733 593 Χριστὸς
760 516 880 590 λέγῃ
922 518 1038 590 (73)
1069 519 1135 570 τὰ
1163 519 1214 568 ἐν
1252 524 1366 580 ταῖς
1392 513 1636 591 καρδίαις
1675 524 1773 567 τῶν

173 606 488 682 ἀνθρώπων.

241 696 530 770 Ἀπεκρίθη
589 727 658 736 -
711 695 945 769 Ἰσραήλ.
991 702 1183 767 Ἐγνως
1235 695 1422 768 ψυχὴν
1475 695 1575 749 ὑπὸ
1631 714 1774 768 περι-

165 792 393 859 χαρείας
479 793 836 860 σκιρτῶσαν,
879 791 970 838 καὶ
1047 789 1535 859 περιπτυσσομένην
1615 784 1770 838 αὐτόν

162 874 272 938 τοῖς
317 877 527 951 ῥήμασι
575 878 796 937 τούτοις·
829 879 895 928 Σὺ
946 871 1010 945 εἷ,
1069 879 1248 948 φησὶν,
1318 874 1475 940 αὐτὸς
1516 874 1701 937 ἐκεῖνος
1744 875 1769 927 6

161 962 623 1038 προσδοκώμενος.

233 1141 379 1194 Αλλὰ
428 1145 563 1203 τίνος
624 1143 782 1196 ἕνεκεν
843 1144 869 1195 6
934 1148 1126 1216 Πέτρος
1181 1145 1293 1216 μεν,
1356 1144 1488 1216 μετὰ
1539 1150 1770 1196 τοσαῦτα

163 1233 413 1303 θαύματα
499 1237 586 1285 καὶ
675 1233 936 1290 τοσαύτην
1013 1229 1365 1286 διδασκαλίαν
1445 1231 1769 1305 ὁμολογήσας

161 1320 321 1372 αὐτόν
347 1323 470 1374 Υίόν
525 1328 617 1374 τοῦ
676 1328 831 1387 Θεοῦ,
892 1320 1218 1396 έμακαρίσθη
1254 1338 1268 1352 ⁸
1313 1323 1341 1374 6
1366 1321 1650 1381 Ναθαναὴλ
1687 1319 1764 1390 δὲ,

159 1414 250 1464 καὶ
280 1413 386 1483 πρὸ
416 1419 517 1463 τῶν
571 1413 850 1484 θαυμάτων
880 1416 970 1465 καὶ
1016 1415 1116 1486 πρὸ
1168 1420 1260 1472 τῆς
1306 1407 1656 1472 διδασκαλίας
1710 1415 1766 1464 τό

158 1499 287 1552 αὑτό
340 1504 588 1570 ποιήσας,
637 1501 730 1553 οὐκ
770 1501 1094 1575 ἐμακαρίσθη
1129 1508 1316 1569 ,Διοτι
1346 1501 1388 1554 εἰ
1418 1505 1503 1554 καὶ
1533 1506 1590 1554 76
1640 1502 1766 1554 αὐτὸ

157 1589 496 1661 ἐφθέγξαντο,
559 1588 665 1642 ἀλλ’
717 1590 776 1642 οὐ
825 1593 954 1663 μετὰ
1010 1599 1105 1653 τῆς
1157 1590 1316 1652 αὐτῆς
1395 1587 1646 1653 διανοίας.
1707 1592 1766 1643 ’0

159 1683 350 1752 Πέτρος
381 1681 473 1750 μὲν
509 1680 610 1755 γαρ
660 1681 813 1752 φύσει
868 1682 987 1733 Υἰόν
1027 1687 1117 1732 τοῦ
1166 1687 1300 1733 Θεοῦ
1339 1688 1519 1733 τοῦτον
1567 1680 1767 1753 ὡμολό-

154 1785 341 1839 γησενο
378 1769 404 1820 6
462 1767 742 1827 Ναθαναὴλ
797 1765 857 1821 δε
890 1771 1008 1822 Υἱόν
1050 1777 1139 1822 τοῦ
1194 1777 1326 1822 Θεοῦ
1387 1771 1518 1822 θέσει
1556 1786 1568 1799 ·

150 1862 243 1930 μὲν
282 1861 418 1911 Θεὸν
480 1863 693 1931 κυρίως,
728 1860 754 1911 6
786 1856 844 1912 δὲ
869 1862 996 1913 Θεὸν
1049 1862 1184 1912 κατὰ
1233 1862 1416 1934 χάριν.
1466 1864 1566 1914 Καὶ
1615 1869 1764 1914 τοῦτο

155 1944 342 2014 δῆλον,
388 1946 489 2002 ἀπὸ
530 1956 622 2001 τοῦ
677 1948 955 2021 έπαγαγείν
1007 1968 1018 1982 ·
1077 1952 1142 2001 Σὺ
1195 1945 1241 2002 εἰ
1295 1951 1320 2001 6
1375 1947 1622 2022 βασιλεὺς
1673 1959 1762 2003 τοῦ

155 2036 397 2108 Ἰσραήλ.
428 2037 489 2089 Ὀ
513 2039 627 2110 (74)
680 2041 781 2111 γὰρ
828 2041 978 2108 φύσει
1010 2040 1131 2101 Υἱὸς
1168 2046 1259 2090 τοῦ
1327 2046 1460 2092 Θεοῦ
1503 2039 1562 2091 οὗ
1609 2045 1762 2112 μόνον

153 2134 255 2178 τὼν
289 2126 652 2198 Ἰσραηλιτῶν,
713 2125 840 2178 ἀλλὰ
889 2129 1089 2180 πάντων
1137 2125 1389 2200 βασιλεύς
1441 2125 1600 2182 ἔστιν.
1652 2127 1763 2180 υῦκ

153 2213 387 2268 ἐντεῦθεν
430 2212 490 2268 δε
536 2220 689 2288 μόνον
736 2224 889 2268 τοῦτο
935 2213 1115 2280 δῆλον,
1175 2214 1302 2269 ἀλλὰ
1369 2221 1458 2270 καὶ
1508 2216 1594 2289 ἀφ’
1639 2219 1761 2270 ὧνό

152 2309 395 2380 Χριστὸς
453 2303 730 2379 ἀπεκρίθη,
772 2308 1012 2377 προάγων
1065 2313 1246 2358 τοῦτον
1308 2304 1390 2358 ἐπὶ
1455 2307 1761 2380 τελειοτέραν

151 2395 435 2466 ὁμολογίαν
473 2400 562 2448 καὶ
605 2391 880 2448 διδάσκων
911 2400 980 2467 μὴ
1036 2396 1102 2456 ὡς
1149 2393 1402 2468 ἀνθρώπῳ
1438 2395 1575 2468 ψιλῷ
1601 2416 1761 2472 1:966-

152 2488 299 2555 ἐχειν

221 2573 514 2648 Ἀπεκρίθη
551 2605 616 2613 -
647 2573 782 2644 ὄψει.
832 2573 944 2626 Ἰνα
971 2578 1060 2626 καὶ
1102 2573 1279 2645 μεῖζον
1307 2577 1614 2648 πιστεύσῃς.
1646 2575 1760 2628 Ἐτι

147 2660 250 2734 γάρ
273 2665 445 2734 μικρὰ
475 2661 720 2732 ἀκούσας,
760 2665 926 2737 μικρὰ
949 2661 1240 2716 ἐπίστευσε.

223 2757 331 2805 Καὶ
360 2751 497 2823 λέγει
554 2782 621 2794 -
680 2751 972 2826 ἀνθρώπου.
1041 2750 1465 2824 [Ἀναϐαίνοντας
1503 2755 1616 2825 (75)
1653 2753 1758 2808 εἷπε

146 2849 383 2913 πρῶτον,
413 2837 585 2898 δηλῶν
613 2845 729 2902 τοὺς
757 2843 893 2915 οἷχρι
923 2845 1104 2894 τούτου
1146 2844 1258 2912 (7b)
1279 2847 1643 2915 συμπαρόντας
1670 2848 1757 2896 καὶ

145 2927 524 2990 διακονοῦντας
553 2930 743 3002 αὐτῷ]

213 3018 302 3080 Ὠς
333 3022 438 3090 γάρ
495 3018 576 3070 έπὶ
637 3025 855 3090 γνήσιον
905 3021 1022 3072 Υἱόν
1067 3027 1160 3072 τοῦ
1191 3027 1346 3089 Θεοῦ,
1380 3018 1638 3074 ἀνέϐαινον
1668 3027 1758 3076 καὶ

139 3107 458 3161 κατέϐαινον
508 3111 557 3161 οἱ
628 3109 840 3181 ἄγγελοι
903 3117 992 3161 τοῦ
1061 3116 1194 3163 Θεοῦ
1268 3107 1348 3162 ἔπ’
1404 3109 1578 3176 αὐτὸν,
1642 3108 1758 3164 δια·-
1794 3141 1836 3198 C

139 3205 418 3258 κονοῦντες
465 3213 478 3226 ·
507 3205 659 3251 τοῦτο
684 3201 774 3270 μὲν
826 3201 968 3272 παρὰ
1028 3201 1115 3251 τὸν
1165 3201 1344 3272 καιρόν
1395 3207 1487 3252 τοῦ
1533 3201 1751 3266 πάθους,

139 3296 302 3341 τοῦτο
338 3284 403 3340 δε
430 3289 574 3362 παρὰ
610 3291 697 3340 τὸν
732 3284 826 3350 τῆς
853 3287 1202 3352 ἀναστάσεως,
1234 3295 1388 3341 τοῦτο
1415 3284 1474 3341 δε
1502 3292 1644 3364 παρὰ
1671 3293 1756 3342 τὸν

138 3386 239 3440 τῆς
272 3375 604 3448 ἀναλήψεως·
632 3375 672 3450 ᾧ
694 3373 752 3430 δε
782 3376 991 3450 ἄγγελοι
1021 3373 1330 3431 διακονοῦσι
1370 3373 1752 3453 δου).οπρεπὼς,

137 3469 298 3530 οὗτος
327 3466 429 3520 οὐκ
462 3468 602 3519 έστιν
668 3466 932 3542 ἄνθρωπος
970 3466 1165 3532 ἁπλῶς,
1199 3465 1326 3520 ἀλλὰ
1364 3472 1454 3520 καὶ
1493 3468 1605 3540 (77)
1640 3472 1758 3531 Θεὸς

136 3561 230 3609 καὶ
265 3559 542 3618 Δεσπότης
568 3555 762 3624 αὐτῶν..
785 3556 970 3627 ’Δμην,
1007 3554 1145 3626 ἀμὴν
1185 3555 1315 3628 λέγω
1353 3559 1475 3630 ὑμῖν
1500 3565 1609 3620 τοῖς
1637 3578 1758 3612 πισ-

135 3652 273 3709 τοῖς,
312 3644 516 3717 ἀπαρτι
546 3645 756 3716 ὄψεσθε,
794 3647 926 3718 μετὰ
950 3649 1007 3698 76
1037 3653 1321 3699 πιστεῦσαι
1349 3652 1598 3718 γνησίως.
1625 3655 1759 3700 Ταῦ-

134 3753 204 3786 τα
228 3731 296 3788 δέ
325 3733 435 3787 εἰσι
464 3738 526 3787 τὰ
550 3735 714 3806 μείζω
766 3740 886 3810 περὶ
935 3735 1003 3786 ὧν
1051 3732 1184 3789 εἶπεν
1219 3738 1300 3789 ὃτι
1362 3737 1538 3799 Μείζω
1568 3740 1758 3790 τούτων

134 3823 284 3895 ἅψει.

207 3913 390 3986 Ὀψιν
409 3909 469 3967 δε
494 3918 682 3972 νόησον
713 3919 801 3967 καὶ
818 3919 912 3974 τὴν
941 3923 1156 3986 γνῶσιν.
1184 3914 1450 3986 ’Ἑγνωσαν
1465 3919 1566 3991 γὰρ
1593 3925 1758 3970 ταῦτα

127 4007 329 4065 πάντες
401 4005 450 4054 οἱ
503 4004 759 4074 μαθηταὶ,
817 4005 866 4055 οἱ
894 4007 986 4076 μεν
1035 4000 1255 4073 ἰδόντες,
1283 4005 1333 4056 οἱ
1363 4001 1423 4058 δε
1449 4002 1757 4068 ἀκούσαντες

121 4096 285 4167 παρὰ
316 4100 423 4144 τῶν
453 4088 688 4147 ἰδόντων.

197 4181 384 4254 Ὀπερ
417 4177 478 4234 δε
529 4184 578 4234 ἐν
615 4180 806 4242 ἄλλοις,
855 4189 1006 4234 τοῦτο
1059 4186 1263 4233 καὶνῠν
1314 4190 1468 4235 ποιεῖ.
1529 4186 1626 4236 Δύο
1653 4185 1754 4256 γὰρ

119 4272 299 4324 εἰπὼν
391 4269 732 4346 προρρησεις,
816 4277 910 4329 τὴν
988 4275 1078 4342 μεν
1161 4270 1595 4344 ὁμολογουμένην,
1677 4275 1756 4325 ὃτι

123 4365 244 4435 Πρὸ
293 4368 395 4413 τοῦ
441 4363 500 4412 σε
554 4360 804 4414 Φίλιππον
874 4369 1134 4431 φωνῆσαι,
1185 4364 1307 4412 ὅντα
1361 4362 1460 4414 ὑπὸ
1508 4367 1601 4420 τὴν
1666 4381 1756 4414 συ-

114 4460 250 4517 κῆν,
288 4446 437 4504 εἶδόν
472 4468 529 4502 σε
581 4470 594 4483 ⁸

113 4541 364 4612 οὐρανὸν
393 4537 654 4609 ἀνεῳγότα
704 4543 794 4590 καὶ
841 4541 906 4590 τὰ
965 4539 1082 4602 ἑξῆς
1117 4556 1132 4571 ⁶
1166 4538 1266 4591 ἀπὸ
1330 4548 1421 4600 τῆς
1469 4540 1756 4612 ὁμολογου-

110 4635 298 4700 μένης
363 4625 574 4699 βεϐαιοῖ
599 4632 691 4686 τὴν
731 4626 845 4699 (78)
901 4626 1202 4700 ἀμφίϐολον.
1249 4633 1336 4681 Διό
1387 4634 1477 4682 καὶ
1508 4634 1756 4701 σεσίγηκε

109 4723 215 4791 μὲν
283 4719 315 4770 ὁ
345 4716 653 4784 Ναθαναὴλ,
683 4720 876 4775 ἔστησε
907 4713 965 4769 δὲ
995 4722 1084 4770 καὶ
1122 4719 1147 4770 6
1182 4722 1406 4792 Χριστὸς
1439 4722 1604 4792 μέχρι
1635 4721 1755 4771 τού-

108 4828 215 4863 του
254 4811 357 4862 τὸν
399 4806 571 4878 λόγον,
607 4808 750 4880 ἀφεὶς
785 4806 942 4860 αὐτόν
996 4806 1111 4858 κατ’
1149 4803 1290 4860 ἰδίαν
1339 4805 1756 4880 ἀναλογίσασθαι

1883 514 2319 581 constitutione,
2338 520 2395 571 et
2423 517 2497 571 de
2520 515 2938 586 praesentibus.
2974 520 3034 571 ut
3064 532 3201 572 cum
3223 517 3544 576 dixitChri-

1885 609 2012 659 stus
2040 619 2171 676 quas
2203 606 2320 661 sint
2357 605 2417 662 in
2456 605 2635 661 corde
2664 605 3005 661 hominum.

1955 695 2114 749 Vers.
2145 694 2235 750 50.
2270 693 2886 765 Respondit—Israel.
2923 693 3096 750 Vides
3126 695 3395 752 animam
3423 713 3541 770 prie

1880 781 2070 838 nimia
2097 781 2295 839 laetitia
2324 783 2742 849 exsultantem,
2757 783 2968 856 hisque
2986 783 3181 839 verbis
3201 785 3395 856 ipsum
3413 802 3539 842 am-

1879 871 2235 944 plectentem
2278 890 2291 928 :
2330 873 2436 939 Tu,
2478 874 2692 946 inquit,
2730 873 2825 930 ille
2877 873 3006 945 ipse
3044 890 3108 929 es
3175 873 3278 946 qui
3332 891 3540 949 exspe-

1879 961 2176 1020 ctabatur.
2619 1027 2626 1031 ,

1951 1050 2059 1106 Sed
2081 1067 2268 1124 quare
2299 1051 2504 1107 Petrus
2535 1051 2638 1124 qui
2673 1056 2806 1124 post
2848 1057 3010 1108 tanta
3063 1051 3353 1110 miracula
3408 1058 3536 1110 tan-

1880 1147 2116 1213 tamque
2163 1141 2495 1198 doctrinam
2526 1141 2840 1198 confessus
2871 1147 2958 1196 est
2995 1140 3194 1213 ipsum
3244 1158 3377 1198 esse
3431 1144 3533 1200 Dei

1879 1229 2107 1296 Filium,
2134 1230 2346 1286 beatus
2376 1232 2570 1287 dictus
2616 1237 2707 1288 est
2739 1248 2752 1286 :
2800 1229 3127 1286 Nathanael
3163 1247 3303 1286 vero
3347 1233 3449 1304 qui
3481 1239 3538 1290 et

1878 1326 2013 1376 ante
2055 1319 2361 1385 miracula,
2389 1326 2444 1375 et
2473 1325 2608 1376 ante
2639 1321 2974 1376 doctrinam
3003 1319 3118 1374 hoc
3157 1319 3354 1392 ipsum
3378 1320 3532 1389 fecit,

1878 1424 1996 1465 non
2013 1415 2100 1464 est
2131 1409 2324 1465 dictus
2347 1409 2757 1476 beatus?0uia
2782 1409 2916 1464 licet
2939 1409 3268 1480 hocipsum
3300 1409 3535 1466 locutus

1876 1504 2119 1563 est,non
2139 1499 2560 1554 tameneadem
2577 1502 2793 1554 mente.
2820 1501 2965 1554 Nam
3020 1500 3218 1554 Petrus
3254 1514 3392 1554 cum
3432 1515 3536 1555 na-

1876 1591 2010 1643 tura
2037 1587 2142 1643 Dei
2168 1587 2371 1644 Filium
2387 1603 2514 1644 esse
2528 1587 2842 1644 confessus
2865 1592 2984 1643 est:
3012 1587 3334 1642 Nathanael
3368 1603 3528 1654 vero,

1876 1676 1977 1732 Dei
2010 1677 2215 1733 Filium
2245 1677 2590 1749 adoptione;
2625 1677 2786 1732 etille
2802 1675 3045 1749 quidem
3065 1676 3293 1748 proprie
3320 1677 3529 1744 Deum,

1620 1778 1709 1822 καί
1739 1772 1764 1822 ό
1795 1787 1836 1842 Β
1875 1766 1967 1822 hic
1997 1772 2198 1823 autem
2223 1782 2330 1840 per
2347 1766 2620 1836 gratiam,
2654 1766 2818 1838 quod
2841 1764 3218 1820 manifestum
3251 1771 3336 1821 est
3358 1781 3430 1821 ex
3459 1782 3532 1822 eo

1873 1858 2038 1929 quod
2068 1854 2373 1911 subditur:
2414 1857 2500 1911 Tu
2526 1871 2583 1912 es
2613 1871 2723 1911 res:
2745 1856 2947 1911 Israel.
2983 1853 3091 1920 Qui
3119 1853 3278 1909 enim
3316 1859 3532 1913 natura

1871 1946 1972 2002 Dei
2003 1944 2185 2001 Filius
2212 1949 2322 2011 est,
2356 1960 2478 2001 non
2513 1943 2913 2000 Israelitarnm
2948 1943 3162 2008 solum,
3191 1943 3296 1997 sed
3326 1947 3382 1998 et
3402 1959 3529 1999 om-

1871 2037 2040 2092 nium
2071 2050 2173 2091 rex
2205 2040 2308 2090 est.
2348 2037 2548 2107 Neque
2587 2034 2726 2089 hinc
2775 2033 2968 2088 solum
3001 2031 3381 2088 manifestum
3414 2036 3522 2099 est,

1871 2141 2075 2180 verum
2105 2123 2284 2179 etiam
2331 2123 2408 2179 ab
2461 2123 2550 2178 his
2583 2139 2719 2194 quae
2770 2121 3076 2194 respondit
3124 2120 3409 2189 Christus,
3447 2121 3524 2178 ad

1873 2213 2277 2288 perfectiorem
2341 2213 2773 2269 confessionem
2817 2213 2974 2268 hunc
3006 2211 3296 2266 inducens
3323 2226 3392 2266 ac
3423 2210 3528 2267 do-

1871 2319 2033 2374 cens,
2064 2319 2138 2359 ne
2168 2303 2280 2358 sibi
2309 2304 2484 2375 quasi
2514 2318 2666 2376 puro
2708 2300 2932 2359 homini
2966 2300 3346 2356 auscultaret.

1941 2480 2104 2536 Vers.
2154 2482 2243 2537 51.
2304 2481 2622 2551 Respondit
2685 2511 2747 2521 --
2803 2480 3042 2537 videbis.
3082 2481 3152 2535 Ut
3210 2477 3532 2550 perfectius

1868 2571 2098 2628 credas.
2133 2573 2280 2627 Nam
2321 2587 2458 2626 cum
2515 2586 2697 2642 parva
2744 2570 2943 2626 adhuc
2990 2569 3272 2634 audisset,
3310 2584 3524 2640 parum

1868 2659 2176 2716 credebat.

1939 2751 2213 2805 Vcrs.5°2.
2245 2751 2320 2804 Et
2345 2750 2498 2806 dixit
2544 2780 2609 2790 -—
2660 2748 2926 2804 hominis.
2981 2750 3022 2818 -ι-
3067 2748 3333 2803 Primum
3386 2746 3530 2804 dixit

1864 2838 2267 2903 Ascendentes.
2309 2839 2652 2910 signiﬁcans
2689 2839 2856 2910 quod
2884 2852 3068 2910 usque
3108 2843 3246 2893 tunc
3284 2852 3423 2892 cum
3455 2851 3526 2893 eo

1866 2932 2191 3002 praesentes
2217 2928 2450 2984 fuerant
2480 2929 2650 3001 eique
2679 2927 3163 2983 ministraverant.

1939 3018 2238 3091 Siquidem
2270 3024 2557 3091 tanquam
2591 3033 2768 3090 super
2805 3017 3132 3086 legitimum
3178 3015 3278 3071 Dei
3308 3014 3520 3073 Filium

1865 3107 2276 3164 ascendebant
2304 3112 2361 3164 et
2388 3106 2835 3164 descendebant
2871 3105 3068 3176 angeli
3123 3105 3220 3160 Dei
3249 3105 3325 3161 ad
3357 3121 3518 3173 eum,

1867 3197 2273 3254 ministrantes
2293 3197 2373 3253 illi
2403 3213 2417 3254 :
2443 3196 2557 3252 hoc
2587 3195 2832 3268 quidem
2857 3194 3015 3252 circa
3028 3199 3266 3266 tempus
3295 3195 3526 3267 passio-

1866 3288 1977 3355 nis,
2002 3286 2144 3343 illud
2197 3291 2397 3344 autem
2428 3291 2695 3358 tempore
2745 3284 3190 3341 resurrectionis
3220 3287 3278 3340 et
3305 3284 3398 3356 (η)
3427 3300 3525 3340 as-

1867 3377 2247 3450 sumptionis.
2276 3375 2380 3432 Cui
2414 3380 2614 3432 autem
2647 3375 2706 3432 in
2734 3376 2980 3431 modum
3012 3389 3318 3430 servorum
3352 3373 3525 3429 mini-

1867 3471 2055 3523 strant
2083 3465 2302 3536 angeli,
2337 3466 2432 3522 hic
2456 3481 2578 3522 non
2611 3464 2958 3538 simpliciter
2994 3464 3180 3520 homo
3207 3468 3316 3530 est,
3337 3462 3442 3520 sed
3467 3467 3523 3520 et

1873 3559 2024 3612 Deus
2039 3572 2108 3613 ac
2126 3556 2423 3613 Dominus.
2439 3558 2649 3622 Amen,
2667 3571 2856 3620 amen,
2883 3554 3010 3610 dico
3027 3553 3201 3609 vobis
3221 3552 3520 3620 ﬁdelibus,

1869 3647 2118 3719 posthac
2148 3647 2443 3711 videbitis,
2473 3647 2941 3719 postingenuam
2973 3660 3297 3716 veramque
3317 3642 3522 3699 ﬁdem.

1868 3739 2004 3794 Haec
2033 3742 2234 3794 autem
2257 3738 2640 3808 suntmajora
2669 3735 2768 3792 illa
2787 3736 2862 3792 de
2889 3733 3104 3808 quibus
3135 3733 3382 3800 dixerat,
3399 3733 3526 3790 Μα-

1857 3829 2004 3898 jora
2030 3827 2114 3882 his
2138 3826 2369 3884 videbis.

1929 3917 2231 3974 Visionem
2265 3932 2403 3972 vero
2435 3916 2694 3987 intellige
2720 3915 2899 3972 etiam
2931 3913 3353 3985 cognitionem.
3393 3914 3526 3969 Haec

1867 4005 2025 4062 enim
2057 4021 2265 4062 omnes
2303 4005 2579 4078 discipuli
2599 4009 3013 4076 cognoverunt
3045 4003 3144 4059 :hi
3167 4001 3412 4074 quidem
3440 4001 3528 4057 vi-

1865 4093 2093 4158 dentes,
2122 4094 2199 4150 illi
2235 4099 2430 4150 antem
2460 4095 2539 4150 ab
2585 4095 2675 4149 his
2722 4094 2827 4166 qui
2860 4093 3130 4148 viderant
3182 4091 3520 4148 audientes.

1935 4181 2107 4250 Quod
2136 4198 2277 4252 ergo
2306 4183 2367 4238 in
2401 4183 2556 4250 aliis,
2589 4183 2698 4239 hoc
2725 4182 2908 4237 etiam
2935 4196 3097 4236 nunc
3123 4180 3274 4236 facit.
3329 4179 3524 4250 Siqui-

1865 4271 2004 4327 dem
2032 4272 2150 4327 duo
2181 4272 2462 4328 vaticinia
2493 4271 2736 4344 protulit
2765 4287 2778 4326 :
2813 4285 3000 4326 unum
3034 4274 3260 4324 certum
3295 4268 3523 4336 dicens,

1864 4362 2216 4432 Priusquam
2241 4361 2620 4430 teP/ziiippus
2648 4367 2903 4426 vocaret,
2937 4373 3068 4414 cum
3084 4371 3228 4412 esses
3257 4355 3359 4410 sub
3386 4357 3520 4424 ﬁcu,

646 4454 741 4508 τὴν
783 4448 843 4502 δὲ
891 4447 1171 4521 ἀμφίϐολον
1205 4467 1218 4480 ⁸
1253 4452 1334 4502 ὃτι
1380 4450 1639 4522 Ὄψονται
1669 4455 1756 4503 τὸν

1883 4450 2414 4517 videbamiemliud
2435 4449 2941 4521 veroambiguum,
2989 4451 3130 4519 puta
3147 4445 3305 4516 quod
3342 4444 3522 4500 visuri

1865 4539 2259 4596 essentccelos
2291 4544 2527 4611 apertos
2557 4545 2613 4595 et
2637 4543 2870 4603 esetera,
2889 4542 2947 4592 et
2971 4539 3184 4592 acerto
3215 4533 3525 4590 conﬁrmat

1866 4630 2236 4699 ambiguum.
2273 4629 2409 4685 Ideo
2446 4629 2612 4685 etiam
2646 4625 2972 4686 Nathanael
3010 4623 3209 4690 tacuit,
3261 4623 3524 4680 Christus

1866 4735 2002 4775 vero
2021 4719 2098 4790 (ο)
2128 4718 2392 4775 substitit
2413 4734 2484 4774 ac
2500 4718 2678 4783 siluit,
2707 4721 3055 4789 exspectans
3086 4713 3336 4769 verbum
3377 4711 3521 4784 ejus,

1865 4807 2068 4865 sinens
2099 4813 2164 4865 ut
2183 4808 2343 4866 dicta
2363 4809 2528 4882 apud
2543 4823 2604 4865 se
2625 4806 2968 4866 revoiveret.
2993 4803 3102 4860 Ubi
3124 4803 3284 4860 enim
3316 4816 3519 4859 semen

1381 5013 1607 5083 Variae
1626 5014 1954 5084 lectiones
1990 5028 2056 5084 et
2096 5025 2299 5086 notae.

207 5210 326 5278 73)
363 5210 520 5278 Λέγει
549 5211 611 5262 Α.

207 5212 292 5268 73
363 5212 520 5278 Λέγει
549 5212 611 5262 Δ.

178 5212 326 5354 1741
361 5279 447 5344 Εἰ,
471 5294 580 5405 pro
605 5279 656 5361 ό,
693 5285 755 5333 Α.
899 5351 910 5362 .

178 5355 338 5405 (75)
373 5353 469 5405 Inc
497 5366 684 5405 usam
722 5365 910 5405 marm

176 5349 338 5426 ('75)
373 5349 604 5407 Inclusa
623 5351 684 5406 in
722 5351 992 5422 margine
1023 5349 1251 5409 habent
1273 5353 1341 5422 Α,
1367 5351 1434 5407 Β.

173 5531 279 5603 (η)
335 5527 466 5603 gae
488 5557 554 5569 -
579 5526 730 5603 iiiud
757 5560 826 5570 —
875 5534 954 5589 et.
1007 5536 1172 5584 Τοῦτο
1313 5537 1562 5603 έ-τοῦτο
1596 5527 1656 5584 δὲ
1683 5563 1752 5572 -

82 5595 279 5659 τοῦτὸ
321 5595 488 5667 δὶ,θι
517 5599 742 5671 quibus
765 5607 1140 5671 postremum
1157 5595 1278 5658 n'on
1309 5601 1539 5658 videtur
1566 5617 1752 5671 agno-

81 5688 288 5734 scere
344 5669 688 5744 ﬂentenius.
734 5669 920 5744 Reddi
951 5673 1270 5740 debebant,
1319 5675 1464 5730 Tum
1495 5669 1751 5742 tempore

80 5743 460 5834 passionis,
494 5749 618 5799 tum
647 5743 1126 5814 resurrectionis,
1158 5751 1284 5806 tum
1318 5746 1754 5829 assumptionis.

1959 5211 2050 5279 76)
2081 5209 2393 5282 Ἀχριῗτότε
2423 5216 2486 5263 Α.

1959 5283 2052 5352 77)
2086 5281 2201 5334 Καὶ
2216 5281 2380 5337 abest
2404 5283 2474 5338 Α.

1959 5353 2048 5424 78)
2080 5356 2172 5420 Τὸ,
2202 5367 2310 5424 pro
2339 5357 2456 5416 τήν,
2484 5359 2547 5406 Δ.

1931 5531 2008 5603 (ο)
2041 5531 2312 5603 Christus
2342 5546 2494 5603 vero,
2522 5534 2632 5600 etc,
2689 5529 2950 5603 Christus
2991 5515 3146 5603 vero
3182 5527 3361 5582 etiam
3398 5541 3515 5582 ser-

1861 5599 2102 5658 monem
2143 5602 2238 5658 hic
2277 5599 2636 5677 terminavit,
2669 5602 3010 5677 relinquens
3056 5599 3135 5666 illi
3181 5614 3386 5666 secum
3424 5613 3512 5655 re-

1859 5680 2070 5748 putare
2094 5690 2230 5763 quae
2259 5673 2415 5747 dicta
2443 5681 2664 5748 essent,
