4038 6226
580 307 720 367 1147
1904 301 2263 364 EUTHYMII
2302 307 2631 365 ZIGABENI
3717 317 3809 375 “£8

579 438 640 494 in
694 444 913 494 terram
944 436 1168 492 bonam
1228 436 1606 502 seminasset,
1664 434 1906 507 reliquit
1968 438 2081 493 :ut
2132 450 2169 505 p

2214 452 2239 489 r
2270 440 2315 493 Α
2346 438 2412 488 τὰ
2439 435 2704 508 λεχθέντα.
2740 435 3054 489 Καταϐαλὼν
3080 439 3180 506 γὰρ
3211 434 3277 495 εἰς
3294 442 3384 506 γῆν
3409 436 3545 494 καλὴν
3564 442 3630 490 τὸν
3658 447 3808 517 σπόρον,

582 532 771 584 otium
800 526 1184 599 postmodum
1231 528 1597 580 nasceretur.

2347 523 2613 579 κατέλιπεν
2644 525 2725 579 ἐπὶ
2753 525 2951 598 σχολῆς
2992 525 3295 599 βλαστῆσαι
3321 524 3493 578 λοιπόν.

970 616 1118 670 CAP.
1148 616 1194 670 Ι.
1234 615 1315 669 De
1330 616 1556 682 nuptiis
1574 614 1637 668 in
1662 616 1845 669 Cana.

2636 622 2781 669 ΚΕΦ.
2817 617 2893 670 AI.
2929 620 3053 688 Περὶ
3091 623 3179 667 τοῦ
3211 617 3256 665 ἐν
3299 620 3426 666 Κανᾶ
3450 617 3611 687 γάμον,

655 708 796 776 Cap.
828 705 891 759 Il.
918 705 1082 759 Vers.
1109 709 1153 759 1.
1182 705 1259 759 Et
1284 704 1571 760 Galilwar.
1603 702 1793 758 Tertio
1816 706 1952 774 post
1974 701 2241 758 Christia

2221 718 2241 758 ι
2422 711 2523 759 Καὶ
2548 736 2611 745 -
2643 705 2935 766 Γαλιλαίας.
2963 713 3036 778 Τῇ
3058 710 3207 780 τρίτῃ
3238 705 3363 775 μετὰ
3389 708 3472 762 τὴν
3491 703 3576 758 ἀπὸ
3595 716 3669 770 τῆς
3686 709 3816 781 igitur;

580 795 808 850 deserto
826 794 1204 849 descensum.

2350 792 2575 847 κάθοδον
2602 802 2694 847 τοῦ
2726 803 2984 869 Χριστοῦ.

651 882 812 938 Vers.
843 884 895 936 1.
927 884 1004 938 Et
1037 915 1103 924 -—
1133 884 1233 938 ibi.
1271 885 1489 938 Vocata
1510 887 1799 954 tanquam
1831 880 2139 937 familiaris
2163 880 2240 936 ab

2227 898 2240 936 ι
2425 888 2523 937 Καὶ
2566 917 2609 924 -
2648 884 2769 937 ἄκεί.
2803 885 3066 942 κληθεῖσα
3094 888 3236 959 παρὰ
3263 893 3359 937 τῶν
3378 884 3613 938 τελούντων
3632 889 3697 939 τὸν
3714 890 3822 959 γάμοι

579 971 673 1027 his
704 972 809 1043 qui
840 973 1078 1042 nuptias
1102 971 1504 1027 celebrabant.

1137 971 1504 1027 elebrabant.
2352 974 2421 1034 ὡς
2449 979 2729 1047 γνώριμος.

651 1063 809 1115 Vers.
833 1061 891 1117 2.
934 1062 1181 1117 Vocatus
1214 1091 1277 1101 -
1312 1062 1571 1130 nuptias.
1607 1063 1672 1115 Et
1721 1060 1825 1131 ipsi
1865 1060 2038 1133 quasi
2072 1059 2243 1115 fami-

2233 1092 2243 1101 -
2423 1064 2646 1122 Ἐκλήθη
2688 1095 2754 1105 —-
2784 1066 2973 1137 γάμον.
3042 1070 3144 1118 Καὶ
3203 1065 3350 1117 αὖτοὶ
3400 1067 3457 1125 ὡς
3504 1069 3724 1139 γνώριμοι.
3762 1074 3828 1120 Καὶ

580 1157 779 1213 liares.
802 1158 1271 1213 Accessitautem
1294 1158 1563 1214 Salvator
1582 1174 1701 1212 non
1726 1158 1932 1212 habito
1968 1173 2172 1228 respec

2228 1171 2243 1211 ι
2354 1151 2577 1211 ἀπῆλθεν
2604 1156 2628 1205 ὁ
2660 1159 2857 1229 Σωτὴρ,
2903 1154 2960 1207 οὗ
3000 1157 3125 1227 πρὸς
3168 1159 3261 1213 τὴν
3306 1155 3475 1207 ἑαυτοῦ
3504 1152 3670 1226 βλέπων
3710 1154 3823 1217 ἀξίαν,

583 1247 661 1303 ad
692 1264 863 1302 suam
894 1246 1264 1316 dignitatern,
1300 1249 1403 1302 sed
1432 1248 1507 1303 ad
1539 1248 1855 1301 hominum
1904 1246 2178 1301 utilitater

2234 1284 2242 1301 ,
2352 1241 2479 1293 ἀλλὰ
2499 1247 2629 1315 πρὸς
2655 1249 2742 1302 τὴν
2781 1253 2881 1296 τῶν
2905 1243 3185 1318 ἀνθρώπων
3223 1244 3473 1316 ὠφέλειαν.
3512 1248 3596 1296 Καὶ
3621 1245 3641 1295 ὁ
3675 1246 3740 1295 τὸν

586 1336 889 1410 Siquidem
920 1335 1023 1408 qui
1056 1337 1297 1408 nuptias
1327 1337 1694 1399 condiderat,
1728 1337 1889 1391 venit
1931 1342 1991 1390 ut
2021 1352 2122 1391 eas
2144 1336 2180 1389 h

2233 1359 2248 1376 -
2353 1352 2446 1403 μον
2478 1335 2829 1403 νομοθετήσας
2856 1334 2980 1392 ἦλθε
3005 1339 3237 1406 τιμήσων
3269 1337 3354 1386 τὸν
3376 1337 3541 1405 γάμον,
3569 1339 3642 1384 καὶ
3666 1332 3828 1403 aqua.»

581 1430 841 1492 noraret,
886 1442 1115 1497 suaque
1170 1427 1486 1496 praesentia
1540 1425 1983 1494 sanctificaret;
2021 1431 2076 1479 et
2106 1440 2176 1479 cu

2239 1449 2245 1479 ι
2353 1423 2509 1473 αὐτὸν
2545 1430 2605 1479 τῆ
2637 1427 2901 1497 παρουσίᾳ
2943 1441 2953 1451 ·
2987 1428 3076 1474 καὶ
3107 1424 3131 1474 ὁ
3171 1428 3370 1495 μορφὴν
3404 1420 3569 1474 δούλου
3615 1421 3746 1474 λαϐὼν
3773 1422 3834 1472 οὐκ

578 1515 725 1573 servi
762 1514 1018 1570 formam
1050 1514 1495 1587 assumpsisset,
1522 1532 1639 1569 non
1674 1515 2030 1584 dedignatur
2046 1531 2173 1569 serv

2240 1536 2245 1543 -
2355 1508 2651 1573 ἀπηξίωσεν
2684 1512 2755 1571 εἰς
2783 1514 2949 1584 γάμον
2980 1512 3096 1583 (79)
3132 1509 3330 1564 δούλων
3360 1514 3704 1586 παραγενέσθαι,
3730 1511 3761 1562 εὶ
3781 1518 3835 1561 ui

578 1622 712 1663 rum
743 1605 1022 1659 interesse
1051 1604 1288 1675 nuptiis,
1326 1604 1455 1659 licet
1501 1604 1601 1675 qui
1662 1621 1798 1659 eum
1858 1620 2173 1658 vocaverat

2356 1604 2447 1657 τὴν
2475 1606 2846 1673 προσήκουσαν
2893 1608 3004 1675 περὶ
3044 1601 3204 1653 αὑτοῦ
3251 1597 3405 1663 δοξαν
3435 1601 3517 1652 οὐκ
3542 1598 3659 1671 εἶχον
3682 1599 3838 1651 οἱκαλέ-

580 1710 702 1751 non
732 1694 1021 1748 haberent
1043 1700 1467 1762 congruentem
1493 1695 1565 1747 de
1594 1710 1662 1746 eo
1696 1693 2057 1763 opinionem.
2100 1694 2175 1749 Si:

2242 1700 2246 1732 ἰ
2358 1709 2556 1751 σαντες.
2584 1690 2667 1751 Ὠς
2712 1694 2813 1764 γὰρ
2846 1690 3021 1753 ἁπλῶς
3048 1697 3330 1763 γνώριμον,
3360 1696 3443 1743 καὶ
3474 1700 3558 1743 τῶν
3594 1689 3749 1743 πολλῶν
3768 1693 3837 1755 ἕνα,

580 1784 807 1855 pliciter
828 1783 986 1837 enim
1007 1788 1296 1854 tanquam
1324 1788 1555 1853 notum,
1582 1798 1892 1854 unumque
1912 1798 1941 1837 e
1966 1782 2175 1855 plurib‘

1239 1800 1296 1837 m
1324 1788 1555 1853 notum,
1582 1798 1892 1854 unumque
1912 1798 1941 1837 e
1966 1782 2239 1855 pluribus
2282 1799 2321 1851 Β
2354 1788 2534 1831 τοῦτον
2564 1780 2829 1832 ἐκάλεσαν.

580 1874 748 1928 illum
776 1880 1159 1928 vocaverunt.

652 1963 812 2017 Vers.
842 1966 893 2017 3.
935 1962 1012 2015 Et
1046 1993 1110 2002 -—
1156 1961 1383 2018 habent.
1429 1963 1576 2016 Cum
1625 1964 1892 2016 carerent
1931 1960 2090 2029 vino,
2128 1961 2242 2015 hoc

2428 1964 2528 2011 Καὶ
2580 1991 2645 1999 -
2702 1962 2939 2029 ἔχουσιν.
3020 1959 3439 2033 ’Υστερήσαντος,
3495 1963 3597 2017 ἤτοι
3644 1954 3844 2014 ἐνδεήσαν-

578 2056 687 2119 est,
721 2068 859 2107 cum
888 2068 1033 2123 Opus
1060 2056 1213 2105 esset
1246 2051 1402 2117 vino,
1433 2051 1556 2105 sive
1585 2051 1866 2122 cumjam
1904 2051 2108 2105 vinum
2140 2050 2173 2105 d

2354 2068 2460 2113 τος,
2523 2048 2866 2119 ἑλλείψαντος.
2938 2052 3097 2101 Οὔπω
3144 2052 3236 2120 μὲν
3287 2045 3373 2101 οὖν
3421 2050 3507 2109 ἕως
3555 2052 3653 2099 τότε
3721 2048 3840 2116 Ozias

580 2143 830 2199 fecisset.
884 2142 1053 2213 (Nam
1105 2142 1283 2196 habet
1331 2142 1532 2196 Graeca
1589 2140 1784 2197 littera
1856 2144 2175 2214 ὑστερήσαντ

2353 2157 2650 2195 πεποιηκεν.
2679 2140 2821 2191 Ἐπεὶ
2870 2134 2929 2190 δὲ
2974 2140 3271 2210 μεμάθηκεν
3305 2140 3333 2197 ἠ
3388 2141 3557 2208 Μήτηρ
3606 2138 3660 2187 τὰ
3682 2133 3849 2185 κατάὶ-

582 2229 766 2303 οἶνον.)
800 2233 998 2302 Neque
1037 2231 1193 2285 enim
1245 2230 1321 2285 ad
1380 2230 1436 2284 id
1483 2245 1676 2301 usque
1720 2229 1999 2300 temporis
2052 2228 2174 2283 ullu

2354 2231 2461 2291 τὸν,
2491 2229 2570 2279 ὅτι
2613 2246 2665 2279 τε
2694 2224 2765 2279 δι’
2798 2227 2947 2279 αὐτὸν
2980 2226 3130 2284 ἦλθεν
3180 2230 3205 2279 ὁ
3265 2228 3498 2288 Ἰωάννης
3528 2231 3607 2278 καὶ
3631 2228 3850 2297 δτιὲλτξωΡ·

580 2323 796 2378 fecerat
834 2322 1215 2375 miraculum.
1251 2322 1399 2374 Cum
1439 2335 1579 2389 ergo
1634 2320 2013 2386 cognovisset
2056 2325 2175 2374 mat

2353 2319 2545 2388 τύρηκε
2593 2322 2709 2389 περὶ
2761 2326 2854 2378 τῆς
2921 2318 3164 2378 θεότητος
3206 2317 3368 2368 αὐτοῦ
3418 2322 3502 2368 καὶ
3550 2316 3711 2367 ama
3743 2314 3851 2383 οὖρα-

580 2426 716 2483 quaa
747 2409 902 2463 circa
932 2410 1127 2481 ipsum
1176 2414 1363 2475 erant,
1398 2409 1680 2480 quodque
1708 2410 1970 2463 Joannes
2001 2414 2175 2478 propt

2353 2409 2493 2457 νὸθεν
2552 2404 2900 2477 ἐμαρτυρήθη,
2950 2406 3060 2477 ἅμα
3112 2402 3171 2457 δὲ
3228 2411 3324 2458 καὶ
3390 2402 3513 2457 εἶδεν
3567 2406 3636 2455 ὄπι
3683 2403 3850 2474 μαθητὰς

580 2516 719 2555 eum
751 2504 1010 2561 venerat,
1058 2514 1128 2553 ac
1168 2498 1240 2552 de
1290 2497 1443 2551 illius
1494 2497 1805 2553 divinitate
1836 2498 2175 2552 testimoniu

2354 2494 2720 2566 προσελάϐετο,
2774 2503 2991 2553 συνῆκεν
3039 2497 3118 2547 ὅτι
3176 2495 3373 2568 ἤρξατο
3444 2495 3604 2546 λοιπὸν
3665 2490 3853 2543 ἀποκιὶύ-

584 2588 815 2652 tulerat,
837 2593 892 2642 et
920 2586 1083 2660 quod
1116 2585 1345 2641 coalitus
1392 2587 1465 2641 de
1498 2602 1567 2641 eo
1613 2585 2024 2640 testimonium
2076 2602 2177 2641 acc

2353 2587 2593 2638 πτεσθαι.
2648 2587 2733 2635 Διὸ
2779 2589 2890 2647 καὶ,
2935 2584 3274 2659 θαῤῥήσασα,
3336 2583 3649 2659 παρεκάλεσεν
3674 2578 3856 2635 «irini;

584 2683 771 2750 perat,
806 2676 980 2731 simul
1020 2676 1197 2730 etiam
1244 2676 1469 2739 videns,
1524 2675 1687 2746 quod
1719 2674 2046 2745 discipulos
2073 2691 2175 2730 acc

2356 2676 2778 2747 θανματουργίαν
2820 2677 2957 2725 οἴνου
3013 2674 3347 2738 ἐλλείποντος,
3391 2673 3650 2745 βουλομένη
3684 2677 3753 2720 καὶ
3787 2674 3857 2724 τοῖς

586 2770 771 2838 perat,
802 2765 1083 2821 intellexit
1131 2764 1293 2836 quod
1340 2764 1585 2818 revelari
1618 2780 1683 2819 ex
1727 2781 1794 2819 eo
1860 2771 2122 2835 tempore
2157 2763 2172 2819 i

2352 2763 2607 2815 καλέσασι
2636 2766 2936 2815 καταθεῖναι
2992 2765 3174 2835 χάριν,
3225 2770 3317 2816 καὶ
3358 2764 3534 2819 ἑαυτὴν
3585 2762 3855 2831 λαμπροτέρκυ

584 2857 823 2928 ciperet.
857 2857 1105 2926 Sumpto
1152 2854 1322 2922 igitur
1370 2853 1592 2909 ﬁducia
1640 2854 1952 2924 deprecata
1985 2860 2071 2908 est
2102 2870 2171 2909 eu

2353 2851 2613 2923 ἀποφῆναι
2641 2849 2734 2903 διὰ
2763 2861 2852 2912 τῆς
2880 2861 2969 2904 τοὺ
3001 2855 3123 2904 Υἱοῡ
3162 2849 3451 2925 δυνάμεως.
3486 2854 3564 2904 ,ὶιό
3598 2854 3675 2901 καὶ
3708 2847 3859 2915 ἐπιτιμᾷ

586 2961 691 3017 pro
718 2944 1040 2999 deﬁcientis
1072 2944 1191 2997 vini
1213 2943 1500 2997 miraculo
1534 2942 1737 2997 :ethis
1769 2943 2181 3014 quivocavera

2353 2942 2481 3014 αὐτῇ
2535 2942 2626 2993 οὐκ
2688 2940 2974 3012 ἀτιμάζων,
3028 2940 3155 2993 αλλὰ
3214 2938 3569 3017 διορθούμενος
3604 2942 3661 3000 ὡς
3700 2936 3862 3006 ἀκαίρως

585 3034 833 3103 gratiam
869 3033 1068 3087 volens
1107 3032 1452 3103 rependere,
1482 3038 1730 3087 etsuam
1761 3031 2007 3100 gloriam
2034 3032 2180 3087 volet

2352 3030 2811 3101 παρακαλέσασαν.
2840 3037 2958 3082 Ὀτι
2987 3032 3087 3104 γὰρ
3132 3028 3344 3106 σφόδρα
3370 3033 3555 3088 ταύτην
3590 3028 3731 3100 ἐτίμα,
3755 3022 3862 3081 δῆλον

584 3139 691 3195 per
706 3121 1164 3194 Filiipotentiam
1196 3121 1623 3176 demonstrare.
1664 3121 1917 3192 Ideoque
1946 3138 2077 3176 eam
2112 3138 2179 3175 co

2276 3154 2317 3209 Ο
2354 3120 2452 3172 ἀπὸ
2482 3141 2533 3172 τε
2570 3120 2767 3172 πολλῶν
2798 3120 2961 3172 ἄλλων
2986 3126 3076 3173 καὶ
3099 3119 3199 3172 ἀπὸ
3232 3129 3326 3173 τοῦ
3357 3121 3619 3193 πληρῶσαι
3641 3121 3717 3173 τὴν
3742 3116 3862 3165 rotari-

584 3213 740 3286 ripit,
761 3228 880 3267 non
910 3211 1081 3284 quasi
1102 3211 1493 3282 vilipendens,
1517 3212 1616 3264 sed
1637 3212 1937 3279 corrigens
1953 3217 2176 3283 tanqua

2283 3202 2317 3209 ν
2352 3229 2444 3267 την
2503 3210 2661 3271 αὐτῆς
2713 3210 3043 3284 παράκλησιν
3100 3230 3111 3241 ·
3183 3210 3464 3284 ἐπετίμησε
3510 3211 3590 3281 μὶν
3633 3208 3716 3279 γὰρ
3757 3202 3863 3271 αὖτέ.

584 3303 1365 3373 intempestiveprecantem.
1388 3303 1531 3354 Nam
1560 3301 1723 3370 quod
1758 3316 1891 3354 eam
1912 3300 2172 3370 plurimu

2352 3297 2614 3351 παιδεύων
2640 3304 2826 3373 μηκέτι
2860 3307 3079 3351 τοιαῦτα
3106 3300 3304 3365 ζητεῖν,
3342 3298 3451 3350 ἀλλ’
3474 3298 3552 3367 ἑᾷν
3595 3298 3651 3347 τὰ
3689 3296 3866 3363 θυώματα

583 3393 921 3458 honoraret,
947 3397 1001 3445 et
1022 3407 1091 3444 ex
1117 3390 1244 3444 aliis
1296 3389 1496 3443 multis
1532 3388 1910 3443 manifestum
1954 3395 2061 3452 est,
2088 3396 2178 3443 Θῐι

2352 3391 2488 3440 κατά
2526 3389 2676 3461 λόγον
2714 3390 2951 3461 γίνεσθαι
2985 3407 2997 3419 °
3052 3388 3317 3447 ἐπήκουσε
3369 3386 3426 3441 δὲ
3459 3391 3627 3449 αὐτῆς,
3676 3388 3803 3455 τιμῶν
3827 3380 3867 3435 ὣς

582 3498 652 3537 eo
679 3480 839 3553 quod
862 3479 1043 3550 ipsius
1075 3478 1392 3548 complevit
1427 3478 1917 3532 exhortationem.
1954 3478 2243 3548 Corripuit
2358 3484 2578 3551 μητέρα.

582 3570 783 3642 itaque
809 3585 942 3623 eam
976 3568 1219 3633 docens,
1254 3568 1520 3621 nondum
1546 3565 1687 3621 talia
1708 3581 1836 3620 esse
1866 3567 2216 3637 quterenda,
2245 3583 2583 3639 quanquam
2626 3568 2917 3624 miracula
2949 3569 3125 3623 verbo
3157 3573 3360 3640 posset
3408 3565 3641 3640 operari.
3672 3555 3870 3617 Obedivit

583 3663 808 3725 autem,
844 3672 975 3711 eam
1007 3660 1294 3726 tanquam
1330 3661 1576 3709 matrem
1611 3656 1936 3710 honorans.

653 3746 814 3800 Vers.
848 3748 899 3799 4.
927 3745 1080 3798 Dicit
1106 3775 1173 3782 —
1208 3744 1424 3798 mulier
1454 3743 1480 3797 ‘?
1502 3744 1653 3811 Quid
1682 3743 1758 3798 ad
1807 3760 1916 3798 nos
1959 3743 2244 3798 attinetid

2428 3749 2581 3817 Λέγει
2608 3778 2677 3787 -··
2697 3749 2851 3817 γύναι
2882 3762 2895 3809 ζ
2917 3752 2981 3799 Τί
3004 3750 3130 3819 ἡμῖν
3184 3754 3490 3817 αναγκαῖον,
3548 3746 3652 3815 περὶ
3678 3739 3729 3791 οὗ
3750 3752 3867 3803 παρα-

583 3849 693 3906 pro
725 3849 846 3904 quo
872 3832 1209 3902 deprecaris
1238 3834 1263 3887 ?
1297 3832 1441 3903 quid
1484 3832 1562 3886 ita
1601 3849 1711 3887 nos
1783 3837 1950 3902 urget
1981 3833 2009 3889 ?
2055 3832 2178 3887 Pote

2354 3833 2525 3895 καλεῖς
2559 3852 2572 3901 ;
2620 3840 2671 3886 τί
2697 3839 2753 3886 τὸ
2784 3843 3088 3905 κατεπεῖγον
3142 3839 3310 3897 οὕτως
3367 3838 3501 3906 ἡμᾶς
3535 3851 3547 3899 ;
3579 3832 3708 3883 Ἐστι
3740 3822 3785 3875 δι
3810 3842 3868 3872 x21

584 3927 868 3995 prieterea
898 3927 954 3975 et
983 3921 1101 3975 alio
1132 3921 1311 3975 modo
1344 3920 1589 3989 intelligi
1670 3922 1818 3985 Quid
1869 3921 2014 3976 mihi
2049 3927 2177 3976 tecu

2356 3922 2535 3995 ἑτέρως
2582 3934 2770 3982 νοῆσαι
2813 3944 2824 3956 ·
2859 3930 2921 3976 Τί
2978 3929 3144 3977 κοινὸν
3188 3924 3305 3996 ἐμοὶ
3333 3930 3422 3976 καὶ
3464 3926 3575 3982 eoi;
3602 3920 3686 3989 ἐγὼ
3711 3916 3864 3987 ξιξδγάἓ

585 4024 907 4067 commune
929 4014 1020 4065 est
1043 4008 1193 4079 iego
1217 4010 1509 4082 siquidem
1534 4016 1735 4081 utpote
1772 4011 1922 4063 Deus
1944 4011 2080 4064 novi
2113 4026 2180 4081 qu

2356 4009 2478 4063 οῖδα
2503 4017 2620 4073 τοὺς
2648 4018 3006 4087 προσήκοντας
3034 4017 3250 4087 καιροὺς
3272 4022 3375 4064 τῶν
3405 4012 3680 4083 θαυμάτων,
3704 4008 3755 4064 ὡς
3780 4008 3865 4056 95”;

587 4106 857 4173 tempora
884 4100 1131 4155 edendis
1181 4100 1480 4155 miraculis
1514 4101 1627 4154 sint
1654 4114 1922 4168 congrua
1958 4115 1969 4155 :
2012 4106 2070 4153 tu
2102 4114 2182 4154 V8]

2358 4107 2421 4153 σὺ
2451 4099 2508 4154 δὲ
2535 4111 2734 4174 αγνοείς
2760 4103 3040 4169 αὑτοὺς,ὼς
3066 4106 3361 4178 ἄνθρωπος.
3396 4104 3503 4155 Οὐκ
3534 4096 3630 4152 εἶπε
3658 4093 3865 4156 δίωκε,

584 4191 685 4248 illa
715 4191 956 4261 ignoras
982 4190 1153 4263 quasi
1188 4189 1390 4244 homo.
1448 4193 1571 4245 Non
1612 4189 1759 4244 dixit
1787 4194 2009 4257 autem,
2046 4193 2179 4245 Mate

1448 4193 1571 4245 Non
1612 4189 1759 4244 dixit
1787 4194 2009 4257 autem,
2046 4193 2240 4255 Mater,
2360 4188 2503 4257 ἀλλὰ,
2539 4196 2713 4256 Γύναι,
2747 4195 2810 4253 ὡς
2843 4198 2990 4254 Θεὸς.

586 4282 711 4348 sed,
740 4280 958 4349 Mulier,
994 4286 1280 4351 tanquam
1317 4283 1491 4334 Deus.

655 4372 816 4426 Vers.
846 4372 898 4423 Ii.
930 4370 1207 4425 Nondum
1227 4400 1291 4409 -—
1314 4385 1462 4425 mea.
1506 4368 1781 4425 Nondum
1810 4368 1977 4423 adest
2010 4374 2243 4439 tempus

2277 4392 2318 4444 D
2427 4366 2588 4420 Οὔπω
2635 4395 2702 4405 -
2755 4384 2875 4436 μου.
2946 4367 3105 4416 Οὔπω
3158 4365 3473 4437 πάρεστινὸ
3527 4364 3628 4437 ὧροι
3650 4354 3866 4432 μυκήτνύ

586 4476 788 4516 meum
805 4460 883 4515 ad
910 4460 1212 4515 edendum
1231 4458 1395 4529 quod
1427 4457 1648 4528 quaeris
1688 4457 2038 4512 miraculum
2068 4464 2181 4512 :tun

2356 4458 2845 4527 θαυματουργῆσαι,
2900 4455 2923 4505 ὃ
2975 4458 3159 4517 ζητεῖς.
3211 4461 3345 4507 Τοτε
3397 4458 3496 4528 ’γὰρ
3546 4454 3770 4523 πάρεστιν,
3809 4444 3863 4490 ἆτε

587 4555 783 4604 autem
819 4549 1029 4612 aderit,
1061 4564 1199 4603 cum
1230 4548 1289 4602 hi
1334 4548 1553 4619 quibus
1603 4560 1757 4617 opus
1812 4554 1903 4601 est
1934 4546 2177 4601 miracul

2357 4547 2402 4596 οἱ
2451 4542 2683 4616 δεόμενοι
2726 4552 2817 4595 τοῦ
2877 4546 3138 4614 θαύματος
3196 4542 3505 4615 ἐπιγνοῦσιν,
3579 4542 3649 4593 ὅτι
3703 4532 3865 4600 δύναμαι

585 4638 977 4705 cognoverint
1007 4638 1170 4707 quod
1204 4636 1341 4691 talia
1366 4635 1592 4707 possim
1625 4637 1876 4707 operari,
1922 4644 1973 4691 et
2005 4636 2117 4707 ipsi
2149 4652 2180 4690 n

2354 4642 2571 4686 τοιαῦτα
2600 4641 2762 4685 ποιεῖν
2791 4634 2921 4701 (80),
2954 4636 3043 4683 καὶ
3090 4632 3239 4683 αὐτοὶ
3268 4652 3337 4704 με
3378 4620 3865 4705 ﬁngamus-ausit“).

584 4726 804 4781 fuerint
843 4725 1164 4797 deprecati.
1228 4729 1388 4781 Nunc
1430 4732 1629 4780 autem
1684 4730 1873 4780 matre
1904 4725 1989 4797 (ρ)
2029 4726 2179 4780 adhc

2354 4730 2462 4775 Νῦν
2494 4720 2552 4775 δὲ
2598 4723 2627 4780 ἠ
2659 4731 2753 4782 τῆς
2782 4724 2977 4794 μητρὸς
3026 4720 3384 4794 παράκλησις,
3421 4722 3479 4773 οὐ
3524 4724 3661 4793 μόνον
3695 4715 3862 4783 ἄκαιρα..

585 4818 741 4869 tante
759 4830 880 4869 non
899 4814 1090 4870 solum
1127 4814 1605 4886 intempestivum
1637 4822 1807 4879 esset,
1834 4831 2040 4869 verum
2065 4816 2179 4869 etia

2358 4812 2482 4863 ἀλλὰ
2547 4817 2635 4863 καὶ
2696 4812 2921 4870 ὕποπτος
2981 4815 3071 4862 καὶ
3101 4817 3205 4869 τοῖς
3230 4810 3605 4883 μιμψιμοίροις
3633 4803 3865 4871 timene

587 4908 946 4975 suspectum,
976 4909 1030 4959 et
1055 4903 1515 4975 querulosorum
1548 4902 1845 4981 facillime.
1875 4909 2101 4975 pateret
2153 4918 2249 4959 ca-
2358 4921 2462 4962 τος.

592 4991 860 5048 Ιιιωηὶω.

1824 5180 2047 5250 Variae
2080 5181 2405 5249 lectiones
2438 5189 2502 5246 et
2533 5190 2735 5246 notze.

660 5393 774 5538 £79)
811 5388 1005 5446 δούλου
1039 5398 1100 5447 Α.

686 5467 777 5538 80)
802 5472 1029 5524 ποιῆσαι
1064 5472 1125 5520 Α.

2435 5385 2550 5460 (81)
2592 5386 2791 5443 Malim
2822 5386 3245 5462 παρακαλέσωσι.

686 5467 777 5540 80)
802 5485 869 5518 πο
879 5472 926 5524 ιῆ
940 5485 1029 5517 σαι
1064 5472 1125 5520 Α.

671 5673 757 5745 (p)
786 5674 996 5738 Matre,
1021 5678 1131 5729 etc.
1163 5671 1359 5729 Matris
1389 5668 1719 5745 admonitio
1760 5688 1889 5745 non
1919 5670 2118 5745 solum
2170 5669 2607 5743 intempestiva,
2668 5668 2773 5726 sed
2811 5672 2870 5726 et
2915 5669 3186 5741 suspecta
3241 5672 3431 5738 atque
3484 5663 3689 5719 illorum
3716 5647 3786 5723 qui
3814 5641 3860 5694 ιδ’

605 5741 808 5801 benter
828 5745 1293 5819 reprehendunt,
1334 5741 1807 5801 cavillationibus
1838 5743 2116 5800 obnoxia.
