4038 6226
120 327 258 384 1149

187 455 260 508 T6
306 449 386 524 δέ,
440 457 600 506 Οὔπω
646 459 761 512 ἥκει
791 457 821 515 ἠ
890 459 1000 531 ὦρα
1045 478 1144 531 μου
1178 459 1307 530 (82),
1349 464 1440 512 καὶ
1487 463 1565 525 1'6,
1611 458 1722 511 Οὐκ
1755 461 1803 516 Α

112 540 383 602 ἠδύναντο
449 543 603 596 αὐτὸν
666 547 880 612 πιάσαι,
955 547 1034 600 ὃτι
1097 551 1241 601 οὔπω
1321 551 1437 610 ἣκει
1506 551 1537 608 ἠ
1613 551 1723 624 ὥρα

111 632 299 695 αὐτοῦ,
354 638 446 686 καὶ
525 636 606 702 τὸ,
692 631 888 697 Οὐδεὶς
957 635 1192 690 ἰπέϐαλεν
1261 636 1338 691 ἐπ’
1410 639 1564 691 αὐτὸν
1629 641 1724 701 τὰς

111 729 328 796 χεῖρας,
383 724 464 775 ὅτι
528 726 671 776 οὔπω
736 723 969 783 ἐληλύθεί
1014 727 1045 784 ἡ
1099 729 1209 800 ὥρα
1260 728 1441 795 αὐτοῦ,
1499 732 1590 781 καὶ
1640 732 1721 795 τὸ,

112 814 311 887 Πάτερ,
366 811 604 870 ἐλήλυθεν
647 814 677 871 ἡ
726 815 855 888 ὥρα,
901 820 990 867 καὶ
1034 818 1100 869 τὰ
1129 824 1366 884 τοιαῦτα,
1415 817 1473 870 ού
1529 816 1722 876 δηλοῦ-

113 920 200 953 σιν
255 903 340 953 ὃτι
387 910 579 975 καιρῶν
640 900 892 974 ἀνάγκαις
945 909 1036 957 καὶ
1097 907 1240 980 ὡρῶν
1296 913 1724 982 παρατηρήσεσιν

110 993 363 1043 ὑπέκειτο
389 1005 403 1020 ⁶
438 999 544 1052 πῶς
585 995 710 1064 γὰρ,
765 994 790 1044 6
841 997 1036 1047 τούτων
1085 1001 1342 1066 ποιητός
1387 995 1514 1049 ἀλλὰ
1559 1005 1725 1050 ταῦτα

108 1086 234 1153 περὶ
296 1089 400 1132 τῶν
447 1077 815 1154 προσηκόντων
866 1093 1059 1158 καιρῶν
1111 1089 1333 1159 εἳρηται,
1396 1086 1718 1160 ἕμφάίνοντα,

111 1171 196 1221 ὅτι
253 1171 426 1221 πάντα
482 1167 588 1222 ἔδει
639 1173 776 1223 κατὰ
847 1171 996 1243 λόγον
1065 1179 1155 1226 καὶ
1238 1175 1384 1238 τάξιν
1463 1178 1719 1248 γίνεσθαι.

110 1259 289 1312 Εἰπὼν
350 1256 457 1324 οὖν,
490 1260 571 1312 ὅτι
619 1264 778 1313 Οὔπω
819 1264 934 1320 ἣκει
963 1263 993 1320 ἡ
1041 1264 1149 1337 ὦρα
1187 1266 1301 1336 (83)
1355 1284 1479 1337 μου,
1513 1264 1724 1324 ἐποίησε

115 1353 178 1401 1'6
241 1351 439 1420 θαῦμα,
497 1358 660 1422 τιμῶν
701 1365 774 1414 τε,
827 1353 896 1410 ὡς
949 1354 1170 1425 εἴρηται,
1211 1357 1305 1412 τὴν
1362 1359 1582 1428 μητέρα,
1634 1360 1724 1406 καὶ

115 1435 372 1492 δεικνύων
427 1440 510 1492 ὅτι
583 1439 642 1492 ού
710 1436 944 1494 δουλεύει
1013 1450 1234 1517 καιροῖς,
1317 1443 1442 1497 ἀλλὰ
1498 1447 1726 1518 κυριεύει

111 1548 208 1580 του
214 1547 318 1580 των
331 1572 347 1586 ,

185 1622 353 1689 Λέγει
396 1649 467 1660 -
508 1624 789 1678 ποιήσατε.
841 1627 1058 1674 Συνεῖσα
1106 1625 1193 1674 τὸν
1239 1630 1332 1674 τοῦ
1390 1622 1545 1694 λόγου
1599 1642 1726 1675 σκο-

109 1709 233 1772 πὸν,
287 1712 381 1760 καὶ
437 1709 547 1778 (84)
609 1710 690 1762 ὅτι
774 1709 868 1762 ούκ
942 1707 1233 1784 ἀδυναμίας
1299 1713 1328 1770 ἡ
1407 1718 1726 1787 παραίτησις

113 1797 281 1867 ἔστιν,
317 1795 427 1849 ἀλλ’
463 1800 542 1850 ἱνα
567 1803 638 1870 μὴ
687 1795 818 1872 δοκῇ
865 1807 974 1862 τοῖς
1021 1802 1282 1873 θαύμασιν
1323 1799 1602 1873 ἐπιπηδᾲν,
1636 1807 1725 1855 καὶ
1765 1831 1806 1884 Β

115 1888 414 1961 θεατρίζειν
447 1887 647 1953 ἑαυτόν,
694 1894 784 1941 καὶ
829 1891 908 1942 ὁτι
956 1891 1014 1942 οὗ
1054 1890 1346 1964 παρόψεται
1393 1897 1487 1950 τὴν
1530 1895 1727 1954 ταύτης

113 1975 475 2050 παράκλησιν,
538 1980 661 2040 τοὺς
719 1975 997 2041 διακόνους
1028 1987 1120 2040 τῆς
1170 1981 1427 2055 τραπέζης
1471 1981 1728 2055 εὐτρεπεῖς

111 2066 259 2136 αὐτῷ
303 2072 560 2138 παριστᾷ,
605 2072 794 2142 τρόπον
821 2069 988 2141 ἕτερον
1018 2075 1106 2122 καὶ
1149 2069 1337 2131 αὐτοὺς
1373 2089 1725 2144 συμπαρακα-

110 2155 353 2215 λοῦντας.

185 2244 364 2297 Ἦσαν
409 2276 472 2286 -
525 2253 681 2320 τρεῖς.
713 2243 922 2321 ’Υδρίαι
963 2250 1053 2319 μεν
1083 2251 1148 2300 τὰ
1179 2251 1336 2307 σκεύη
1368 2257 1460 2300 τοῦ
1507 2246 1722 2313 ὕδατος,

113 2339 378 2408 μετρηταὶ
405 2331 467 2387 δε
495 2337 561 2388 τὰ
585 2338 767 2408 μέτρα.
796 2335 1019 2389 Ἒκειντο
1052 2333 1110 2389 δὲ
1131 2341 1264 2411 πρὸς
1290 2341 1377 2390 τόν
1397 2340 1724 2412 καθαρισμὸν

113 2433 216 2476 τῶν
248 2420 548 2490 Ἰουδαίων,
570 2426 928 2499 ύπηρετοῦσαι
949 2428 1153 2488 τούτοις
1174 2427 1240 2488 εἰς
1258 2431 1344 2479 τόν
1373 2430 1722 2501 καθαρισμὸν,

115 2516 220 2579 ἵνα,
255 2517 302 2567 εἴ
351 2533 475 2567 ποτε
504 2513 790 2588 ἀκάθαρτοι
831 2515 1077 2587 ἐγένοντο,
1127 2522 1198 2589 μή
1240 2517 1415 2592 πόρῥω
1451 2515 1724 2590 βαδίζοιεν

113 2604 185 2665 εἰς
228 2606 401 2675 πηγὰς
429 2608 521 2656 καὶ
551 2610 757 2678 κρήνας.

185 2692 210 2766 [
275 2694 404 2764 (Τοῦ
463 2698 618 2763 αγίου
676 2696 792 2767 (85)
845 2694 1145 2767 Μαξίμου.)
1210 2697 1303 2759 Ἓξ
1379 2694 1569 2771 ὑδρίας
1623 2702 1726 2750 νόει

112 2803 230 2853 μοι,
269 2786 394 2845 τοὺς
442 2782 494 2846 ἔξ
531 2789 756 2858 τρόπους
800 2792 891 2845 τῆς
930 2784 1298 2858 ἐλεημοσύνης,
1351 2790 1437 2838 τὸν
1485 2795 1576 2840 τοῦ
1615 2793 1725 2862 τρέ-

112 2891 229 2944 φειν
281 2875 406 2933 τοὺς
455 2881 745 2939 πεινῶντας,
798 2877 884 2926 τὸν
940 2882 1032 2926 τοῦ
1088 2877 1320 2936 ποτίζειν
1366 2879 1488 2938 τούς
1527 2874 1726 2947 διφῶν-

110 2981 236 3029 τας,
306 2965 397 3013 τόν
440 2970 531 3014 τοῦ
589 2965 829 3034 συνάγειν
880 2967 1000 3027 τοὺς
1052 2964 1238 3033 ξένους,
1297 2969 1382 3018 τὸν
1446 2974 1537 3018 τοῦ
1588 2985 1730 3037 περι-

111 3051 324 3103 ϐάλλειν
393 3055 514 3114 τοὺς
569 3051 812 3124 γυμνούς,
862 3056 948 3104 τὸν
1005 3058 1097 3105 τοῦ
1147 3052 1551 3107 ἕπισκέπτεσθαι
1607 3059 1728 3117 τοὺς

110 3141 494 3207 ἀσθενοῦντας,
543 3144 631 3192 τὸν
680 3148 770 3193 τοῦ
838 3143 1091 3215 ἔρχεσθαι
1147 3147 1275 3216 πρός
1336 3143 1458 3205 τούς
1521 3144 1568 3196 ἐν
1635 3165 1728 3216 φυ-

108 3230 276 3302 λακῇ.
339 3233 541 3290 Ταύτας
617 3226 704 3283 οὖν
751 3233 841 3291 τὰς
917 3227 1125 3304 ὑδρίας,

1763 3192 1806 3250 G

1207 3235 1352 3293 κενὰς
1417 3237 1574 3294 οὔσας
1630 3243 1729 3285 τῶν

109 3320 326 3372 οἰκείων
362 3317 644 3392 ἐνεργειῶν,
677 3316 771 3371 διὰ
799 3323 856 3372 τὸ
886 3320 1122 3392 ψυγῆναι
1149 3327 1243 3380 τὴν
1289 3320 1495 3393 ἀγάπην
1529 3322 1612 3395 ἀφ’
1644 3324 1727 3390 ἧς,

111 3412 186 3470 ὡς
247 3407 355 3460 ἀπὸ
411 3417 608 3478 πηγῆς,
663 3407 995 3482 ἐπληροῦντο,
1048 3417 1458 3484 παραγενόμενος
1516 3414 1541 3464 ὁ
1599 3415 1730 3474 θεῖος

111 3499 270 3570 λόγος
340 3497 454 3568 (86)
522 3507 622 3548 τῶν
685 3497 1024 3570 εύαγγελικῶν
1083 3499 1312 3564 ἐντολῶν,
1373 3509 1574 3575 πρῶτον
1641 3505 1729 3572 μὲν

113 3586 424 3661 ἐπλήρωσεν
458 3583 670 3654 ὕδατος,
713 3586 845 3659 λέγω
889 3587 957 3647 ὀὴ
980 3597 1074 3650 τῆς
1099 3589 1210 3661 (87)
1256 3599 1558 3662 σωματικῆς
1594 3591 1727 3665 ἐνερ-

110 3680 376 3749 γουμένης
447 3677 696 3738 εὐποιίας,
770 3675 880 3730 εἶτα
951 3677 1188 3750 μετέϐαλε
1252 3682 1446 3737 ταύτην
1504 3680 1572 3739 εἰς
1637 3682 1729 3736 τὴν

111 3773 490 3838 πνευματικῶς
564 3764 972 3840 ἐπιτελουμένην,
1033 3771 1098 3828 ὡς
1171 3768 1238 3829 εἰς
1308 3765 1460 3835 οἶνον,
1521 3771 1731 3840 θερμαί-

113 3874 316 3907 νουσαν
360 3859 453 3927 μὲν
511 3860 606 3914 τὴν
650 3855 858 3928 ψυχὴν,
909 3857 1282 3930 εύφραὶνουσαν
1335 3854 1394 3910 δε
1449 3861 1536 3909 τὸν
1589 3866 1727 3923 νοῦν,

113 3944 417 4008 ἑξιστῶσαν
451 3941 510 3997 δὲ
554 3949 671 4006 τοὺς
701 3946 835 3998 οὕτω
867 3947 1301 4020 θεραπευομένους
1341 3955 1435 4008 τῆς
1478 3952 1731 4021 προτέρας

114 4031 436 4095 διαθέσεως.
483 4032 710 4092 Ἐκάστη
767 4031 826 4087 δὲ
879 4032 1041 4108 ὑδρία
1087 4041 1362 4107 χωρητικὴ
1406 4034 1519 4088 ἐστι
1559 4033 1656 4088 δύο
1700 4040 1728 4094 ἦ

116 4131 284 4196 τριῶν
315 4132 606 4194 μετρητῶν,
657 4120 754 4176 δύο
798 4127 908 4196 μεν,
943 4121 1038 4176 διὰ
1067 4144 1123 4177 το
1155 4121 1372 4177 διπλοῦν
1407 4128 1476 4185 ὡς
1507 4128 1730 4199 εἴρηται,

111 4221 220 4273 τῆς
275 4212 396 4264 καθ’
444 4212 663 4264 ἕκαστον
721 4218 910 4286 τρόπον
973 4213 1224 4281 εὐποιίας,
1279 4214 1338 4266 ού
1411 4218 1560 4285 μόνον
1614 4215 1734 4286 (88)

114 4309 465 4373 σωματικῆς,
531 4299 660 4353 ἀλλὰ
737 4306 828 4354 καὶ
897 4312 1246 4374 πνευματικῆς
1318 4302 1728 4375 λαμϐανομένης

1192 333 1549 393 COMMENT.
1592 333 1662 388 IN
1701 332 2046 389 JOANNEM.
2089 363 2156 376 --
2195 334 2351 392 CAP.
2396 337 2459 391 Ιῐ.

3364 335 3505 393 H50

1909 461 2040 514 Haec
2077 466 2274 516 autem
2310 477 2323 516 :
2373 461 2645 517 Nondum
2678 460 2831 517 venit
2863 461 3013 516 hora
3041 475 3173 516 mea
3211 477 3225 517 :
3254 462 3382 518 Non
3412 480 3503 532 po-

1837 555 2076 604 tuerunt
2107 564 2231 606 eum
2265 551 2724 622 apprehendere,
2772 553 2914 622 quia
2941 551 3206 606 nondum
3256 560 3497 608 venerat

1837 638 1987 694 hora
2009 654 2137 708 ejus
2163 657 2176 692 :
2199 640 2420 695 Nullus
2449 640 2654 709 injecit
2677 640 2740 696 in
2771 655 2899 696 eum
2931 654 3164 710 manus,
3195 643 3337 710 quia
3361 658 3502 697 non-

1835 727 1972 784 dum
1987 736 2227 785 venerat
2239 730 2391 785 hora
2407 731 2558 800 ejus:
2578 731 2785 793 Pater,
2804 731 2963 786 venit
2981 730 3152 796 hora,
3177 730 3408 802 aliaque
3425 731 3500 786 si-

1837 817 2017 882 milia,
2052 834 2174 873 non
2213 819 2534 875 ostendunt
2584 820 2748 891 quod
2777 818 3127 874 necessariis
3157 824 3497 891 temporum

1837 907 2238 980 horarumque
2269 908 2790 964 observationibus
2824 907 3138 978 subjaceat
3169 927 3182 967 :
3218 924 3354 963 nam
3382 924 3500 980 quo

1835 996 1894 1052 id
1922 1003 2097 1068 pacto
2136 997 2317 1061 ﬁeret,
2358 1014 2496 1053 cum
2531 998 2750 1053 horum
2789 996 3032 1052 effector
3074 999 3150 1053 sit
3182 997 3210 1052 ?
3241 998 3345 1052 sed
3379 999 3500 1053 haec

1835 1087 1910 1142 de
1948 1087 2426 1157 contingentibus
2477 1087 3028 1160 opportunitatibus
3085 1087 3247 1143 dicta
3298 1093 3438 1143 sunt
3481 1102 3494 1142 :

1835 1177 2310 1233 demonstrantia
2338 1177 2503 1250 quod
2529 1177 2737 1233 omnia
2779 1176 3008 1232 ratione
3030 1192 3099 1232 ac
3130 1177 3339 1232 ordine
3366 1176 3491 1233 ﬁeri

1836 1271 2118 1336 oporteat.
2149 1264 2296 1322 Cum
2339 1282 2482 1336 ergo
2521 1267 2768 1322 dixisset
2807 1283 2820 1320 :
2854 1266 3136 1322 Nondum
3158 1268 3315 1322 venit
3345 1267 3496 1322 hora

1836 1369 1986 1418 mea,
2018 1354 2371 1410 miraculum
2402 1362 2599 1412 tamen
2625 1361 2911 1427 operatus
2943 1359 3059 1410 est:
3091 1360 3417 1410 etmatrem
3437 1360 3498 1410 ut

1837 1441 2057 1498 dictum
2075 1449 2163 1498 est
2185 1444 2508 1503 honorans.
2526 1450 2582 1500 et
2598 1445 2919 1500 ostendens
2936 1443 3102 1516 quod
3120 1444 3496 1516 temporibus

1837 1547 1959 1588 non
1985 1532 2204 1588 serviat
2227 1538 2328 1588 aut
2361 1533 2689 1604 subjaceat,
2737 1533 2840 1590 sed
2871 1533 2957 1590 eis
2987 1533 3352 1589 dominetur.

1912 1623 2072 1677 Vers.
2105 1627 2155 1677 5.
2212 1622 2366 1678 Dicit
2392 1653 2461 1663 —
2495 1624 2697 1693 facite.
2747 1626 2895 1679 Cum
2936 1622 3103 1677 verbi
3145 1639 3387 1693 scopum
3427 1638 3498 1678 ac

1840 1709 2131 1765 rationem
2185 1710 2533 1782 intelligeret
2573 1728 2585 1766 :
2636 1712 2918 1784 quodque
2967 1727 3090 1766 non
3131 1711 3496 1783 impotentiae

1838 1800 2141 1855 excusatio
2168 1805 2310 1863 erat,
2343 1800 2445 1854 sed
2475 1817 2547 1855 ne
2581 1800 2873 1856 videretur
2899 1816 3026 1854 sese
3069 1799 3378 1854 miraculis
3406 1799 3497 1853 in-

1840 1902 2062 1957 gerere,
2103 1896 2159 1944 et
2197 1889 2535 1961 spectaculo
2574 1904 2885 1961 exponere,
2930 1890 3124 1945 Matris
3169 1889 3251 1961 (q)
3295 1894 3496 1943 autem

1839 1977 2314 2034 exhortationem
2362 1994 2483 2033 non
2523 1978 2848 2049 despiceret
2881 1995 2893 2033 :
2941 1993 3162 2033 mensas
3196 1978 3496 2032 ministros

1838 2069 2121 2123 admonet
2145 2068 2332 2123 utsibi
2347 2068 2609 2123 adsintet
2634 2067 3003 2140 ipsiquoque
3021 2067 3133 2122 alio
3155 2067 3338 2122 modo
3358 2083 3498 2122 cum

1838 2173 1908 2213 ea
1933 2157 2340 2228 deprecentur.

1911 2247 2070 2301 Vers.
2130 2250 2182 2300 6.
2250 2248 2435 2302 Erant
2469 2277 2534 2286 —-
2584 2251 2798 2302 ternas.
2854 2245 3088 2317 Hydriae
3155 2261 3302 2300 vasa
3361 2248 3499 2300 sunt

1839 2352 2010 2408 aquae
2038 2353 2050 2391 :
2078 2340 2335 2390 metretas
2361 2336 2845 2391 vero"mensuraa.
2866 2335 3048 2390 Erant
3069 2340 3269 2390 autem
3291 2335 3496 2404 posita)

1840 2424 2174 2480 secundum
2190 2425 2665 2496 purificationem
2682 2425 3048 2488 Iudaeorum,
3065 2423 3121 2478 id
3139 2429 3247 2492 est,
3270 2430 3496 2495 paratae

1838 2514 1916 2570 ad
1949 2530 2156 2570 eorum
2191 2513 2686 2586 puriﬁcationem,
2733 2519 2793 2567 ut
2825 2513 2871 2568 si
2901 2514 3005 2584 qui
3026 2513 3173 2568 forte
3198 2513 3498 2570 immundi

1837 2604 2243 2667 redderentur,
2278 2619 2397 2657 non
2459 2603 2636 2671 longe
2664 2601 2929 2656 eundum
2961 2607 3114 2658 esset
3171 2602 3250 2658 ad
3281 2603 3496 2658 fontes.

1909 2692 2215 2763 H—Sancti
2240 2691 2502 2746 Maximi.
2530 2691 2644 2746 Sex
2676 2690 2919 2761 hydrias
2947 2690 3204 2760 intellige
3230 2691 3372 2746 mihi
3395 2707 3497 2746 sex

1841 2783 2054 2836 modos
2067 2781 2195 2836 illos
2208 2780 2668 2851 eleemosynaa,a
2682 2779 2798 2834 lere
2816 2780 3162 2845 esurientes,
3180 2780 3494 2851 potiunda-

1840 2887 1901 2925 re
1939 2870 2289 2934 sitientibus,
2310 2869 2558 2924 domum
2588 2869 2806 2923 ducere
2830 2868 3115 2940 hospites,
3145 2869 3359 2924 vestire
3385 2885 3499 2923 nu-

1839 2960 1974 3026 dos,
1990 2962 2176 3014 visere
2190 2964 2464 3027 aegrotos,
2483 2958 2684 3012 venire
2698 2958 2774 3012 ad
2791 2973 2892 3012 eos
2905 2957 3006 3028 qui
3025 2964 3163 3012 sunt
3180 2958 3239 3012 in
3253 2957 3499 3013 carceri-

1840 3049 1973 3104 bus.
1988 3049 2105 3103 Has
2120 3047 2362 3120 hydrias
2376 3061 2764 3116 ergo,vacuas
2783 3045 2901 3101 suis
2919 3045 3398 3118 operibus,quod
3411 3062 3498 3101 re-

1841 3137 2099 3200 frixerat,
2121 3152 2292 3192 amor
2308 3153 2343 3192 a
2359 3152 2500 3207 quo,
2523 3141 2811 3208 tanquam
2829 3152 2864 3190 a
2881 3134 3042 3190 fonte
3064 3136 3143 3190 im
3156 3135 3493 3207 plebantur,

1840 3243 2034 3283 sermo
2056 3226 2292 3281 divinus
2321 3230 2752 3298 praeceptorum
2785 3224 3270 3294 evangelicorum
3300 3225 3360 3280 in
3393 3225 3496 3281 ad-

1838 3321 2020 3372 ventu
2049 3331 2160 3371 suo
2185 3315 2377 3386 primo
2401 3314 2641 3385 replevit
2669 3329 2851 3385 aqua,
2878 3313 2938 3368 id
2969 3319 3072 3379 est,
3103 3313 3497 3370 beneﬁcentia

1839 3405 2221 3476 corporaliter
2275 3408 2575 3475 cperante,
2642 3403 2746 3457 sed
2789 3401 3043 3458 mutavit
3084 3417 3217 3456 eam
3259 3403 3318 3458 in
3359 3418 3495 3458 eam

1839 3511 1974 3567 quas
2009 3495 2072 3549 tit
2131 3493 2524 3565 spiritualiter,
2576 3498 2861 3565 tanquam
2897 3493 2958 3546 in
3000 3492 3226 3558 vinum,
3285 3491 3498 3547 calefa-

1840 3585 2090 3640 cientein
2123 3583 2364 3656 quidem
2392 3582 2684 3649 animum,
2718 3582 2974 3636 suaviter
3005 3587 3206 3636 autem
3233 3580 3498 3637 afﬁcien-

1843 3679 1958 3729 tem
1987 3673 2364 3741 intellectum,
2395 3671 2666 3744 atqueita
2697 3675 2933 3726 curatos
2950 3686 3022 3725 ex
3047 3670 3226 3740 priori
3251 3668 3500 3725 transfe-

1841 3770 2063 3819 rentem
2096 3761 2304 3818 habitu
2333 3767 2388 3817 et
2411 3761 2772 3817 conditione.
2807 3759 3096 3825 Quaelibet
3120 3775 3261 3814 vero
3284 3759 3501 3832 hydria

1841 3853 2280 3924 capitduasaut
2309 3857 2425 3907 tres
2458 3856 2756 3914 metretas,
2786 3849 2938 3904 duas
2965 3848 3232 3920 quidem.
3265 3854 3506 3920 propter

1842 3942 2157 4014 duplicem,
2193 3947 2256 3996 ut
2319 3941 2542 3995 dictum
2602 3945 2709 4004 est,
2771 3937 3148 4007 singulorum
3181 3937 3504 3993 modorum

1843 4013 2321 4095 beneficentiam,
2350 4045 2483 4100 quas
2501 4045 2616 4083 non
2645 4026 3031 4098 corporaliter
3058 4030 3313 4095 tantum,
3337 4026 3439 4080 sed
3455 4013 3513 4080 et

1846 4121 2173 4177 secundum
2189 4124 2410 4174 sanctae
2428 4116 2720 4173 Trinitatis
2740 4114 3098 4183 theologiam
3113 4114 3508 4170 beneﬁcentia

1849 4209 2226 4283 spiritualiter
2277 4207 2610 4278 accipitur;
2651 4213 2766 4258 tres
2825 4219 2983 4268 vero,
3031 4203 3172 4273 quia
3203 4201 3504 4257 interdum

1849 4299 2179 4357 exhibetur.
2226 4295 2514 4351 Hauriunt
2560 4299 2758 4349 autem
2791 4292 3012 4346 dictam
3080 4306 3295 4362 aquam
3328 4290 3504 4344 bonas

107 4399 276 4465 τριῶν
340 4388 420 4460 δὲ,
465 4387 558 4444 διὰ
599 4395 657 4444 τὸ
704 4395 840 4444 κατὰ
887 4397 980 4452 τὴν
1019 4401 1110 4453 τῆς
1154 4393 1304 4465 ἁγίας
1346 4389 1572 4466 Τριάδος
1629 4396 1728 4447 Oso-

1849 4389 2251 4460 cogitatiooes,
2285 4401 2419 4458 quae
2450 4382 2661 4440 rationi
2691 4381 2973 4438 serviunt.
3003 4379 3175 4444 Quod
3204 4378 3413 4434 vinum
3443 4384 3505 4435 ut

193 4601 246 4633 ³³
279 4599 448 4653 Joan-
475 4614 570 4664 vn,
599 4598 688 4654 ΞΟ.
768 4599 814 4634 ³⁸
843 4599 1018 4656 Joan.
1055 4613 1157 4666 VII,
1195 4602 1282 4664 30,

1360 4600 1408 4635 ³⁵
1437 4600 1608 4654 Joan.
1652 4615 1793 4667 xvn,
1829 4603 1882 4654 t.

1345 4802 1562 4871 Varias
1601 4802 1929 4870 lectiones
1975 4809 2039 4868 et
2075 4810 2277 4866 notae.

221 5029 318 5100 82)
350 5028 452 5084 Hic
476 5032 590 5084 tres
621 5027 731 5084 loci
762 5026 992 5100 repetiti
1020 5030 1155 5082 sunt
1181 5041 1248 5081 ex
1266 5026 1570 5100 Chrysost.
1589 5029 1736 5082 tom.

105 5097 272 5167 VIII,
298 5097 370 5172 'p.
396 5101 520 5156 125.
544 5102 618 5172 Α.
645 5102 794 5169 Ergo
822 5097 1076 5155 rarietas
1097 5113 1218 5154 non
1254 5097 1542 5168 urgenda.

223 5171 323 5240 83)
363 5179 478 5225 Μου
504 5171 674 5228 abest
704 5178 767 5224 A.

221 5245 321 5316 84)
361 5248 464 5316 Καί
486 5242 795 5316 omittit_A.

191 5310 317 5388 (85)
352 5315 587 5388 Inclusa
608 5313 802 5388 _codex
835 5318 1080 5388 uterque
1118 5311 1396 5388 habet__in
1443 5310 1733 5388 margine.

98 5381 330 5445 Coae:
364 5388 409 5441 Α
432 5385 843 5441 omittitetiam
870 5381 1150 5450 indicem,
1174 5390 1265 5435 τοῦ
1296 5384 1449 5454 οἴγίου
1470 5381 1734 5454 Μαξιμου.

103 5460 464 5518 Hentenius
483 5457 574 5512 his
598 5462 776 5513 caret.

190 5532 315 5604 (80)
348 5527 551 5584 Dubize
568 5532 710 5583 sunt
729 5529 787 5584 in
809 5525 902 5582 his
918 5524 1336 5596 aenigmatibus
1360 5525 1734 5596 conjecturae.

1847 5021 2040 5079 Possit
2077 5025 2278 5076 tamen
2325 5014 2886 5090 aliquisconjicere,
2918 5011 3218 5090 tollendas
3249 5027 3376 5090 esse
3390 5027 3476 5090 yo

1848 5110 1964 5162 ces,
2017 5101 2116 5146 τῶν
2153 5082 2496 5163 εύαγγελικῶν
2546 5082 2773 5163 ἐντολῶν,
2823 5093 2897 5163 ut
2934 5088 3034 5163 ita,
3076 5085 3226 5163 sicut
3253 5083 3331 5163 _iu
3382 5082 3502 5138 ﬁne

1849 5154 2074 5229 scholii,
2109 5164 2178 5218 de
2218 5154 2446 5219 Christo
2486 5157 2981 5230 accipiatur,_Sed
3010 5158 3072 5211 in
3104 5154 3504 5230 scholio_pro-

1846 5238 2009 5292 ximo
2049 5225 2108 5290 in
2140 5236 2257 5291 ﬁne
2302 5249 2504 5288 rursus
2549 5225 2636 5286 est
2681 5228 2973 5293 similiter,
3015 5234 3106 5280 τοῦ
3150 5230 3298 5279 Θείου
3347 5225 3502 5296 λόγου

1847 5316 1938 5360 τοῦ
1962 5305 2295 5378 εύαγγελικοῦ
2325 5325 2390 5363 κη
2395 5306 2494 5378 ρύγ
2500 5321 2681 5375 ματος.

1943 5380 2030 5450 87)
2072 5377 2267 5450 Malim
2301 5377 2650 5450 σωματικῶς.

1943 5381 2030 5450 87)
2072 5381 2267 5433 Malim
2323 5382 2650 5448 σωματικῶς.

1918 5381 2030 5524 (88)
2065 5449 2253 5504 Etiam
2300 5447 2396 5502 hic
2435 5441 2871 5519 praeferendum
2901 5441 3139 5498 videtur
3166 5457 3499 5512 σωματικως.

1847 5529 1904 5578 et
1945 5527 2325 5592 πνευματικῶς.

183 5710 277 5782 (q)
307 5705 548 5782 Matris,
585 5709 708 5782 _elc.
747 5703 1038 5782 Quodque
1087 5703 1557 5782 admonitionem
1593 5717 1766 5782 suam
1821 5715 1942 5782 non
1974 5702 2127 5755 esset
2153 5698 2554 5768 neglecturus,
2584 5710 2809 5750 mensae
2855 5690 3182 5748 ministros.
3225 5686 3380 5743 Loco
3405 5689 3500 5745 τήν

104 5775 290 5840 nam
304 5801 348 5846 ς,
382 5778 711 5848 legendum
741 5775 971 5833 videtur
996 5783 1099 5833 aut
1127 5779 1220 5836 τὴν
1252 5779 1410 5835 αὐτῆς
1441 5779 1546 5832 aut
1569 5778 1666 5833 τὴν
1691 5792 1728 5828 τι

1847 5791 1957 5830 την.
