  <div class='ocr_page' id='page_1' title='image "/cluster/home/n/w/nwhite01/storage/ocr_20150623/129/hvd.32044073502395/600.png"; bbox 0 0 4038 6226; ppageno 0'>
   <div class='ocr_carea' id='block_1_1' title="bbox 110 325 251 385">
    <p class='ocr_par' dir='ltr' id='par_1_1' title="bbox 110 325 251 385">
     <span class='ocr_line' id='line_1_1' title="bbox 110 325 251 385; baseline -0.007 0"><span class='ocrx_word' id='word_1_1' title='bbox 110 325 251 385; x_wconf 76' lang='grc'><strong>1153</strong></span> 
     </span>
    </p>
   </div>
   <div class='ocr_carea' id='block_1_2' title="bbox 1151 320 2446 388">
    <p class='ocr_par' dir='ltr' id='par_1_2' title="bbox 1151 320 2446 388">
     <span class='ocr_line' id='line_1_2' title="bbox 1151 320 2446 388; baseline 0.002 -2"><span class='ocrx_word' id='word_1_2' title='bbox 1151 325 1521 386; x_wconf 87' lang='lat' dir='ltr'><strong>COMMENT.</strong></span> <span class='ocrx_word' id='word_1_3' title='bbox 1565 321 1634 383; x_wconf 84' lang='lat' dir='ltr'><strong>IN</strong></span> <span class='ocrx_word' id='word_1_4' title='bbox 1672 320 2024 385; x_wconf 83' lang='lat' dir='ltr'><strong>JOANNEM.</strong></span> <span class='ocrx_word' id='word_1_5' title='bbox 2072 358 2141 370; x_wconf 87' lang='lat'><strong>-—-</strong></span> <span class='ocrx_word' id='word_1_6' title='bbox 2177 329 2333 388; x_wconf 83' lang='lat' dir='ltr'><strong>CAP.</strong></span> <span class='ocrx_word' id='word_1_7' title='bbox 2376 330 2446 388; x_wconf 90' lang='lat' dir='ltr'><strong>II.</strong></span> 
     </span>
    </p>
   </div>
   <div class='ocr_carea' id='block_1_3' title="bbox 3346 336 3488 399">
    <p class='ocr_par' dir='ltr' id='par_1_3' title="bbox 3346 336 3488 399">
     <span class='ocr_line' id='line_1_3' title="bbox 3346 336 3488 399; baseline -0.014 0"><span class='ocrx_word' id='word_1_8' title='bbox 3346 336 3488 399; x_wconf 72' lang='grc'><strong>1154</strong></span> 
     </span>
    </p>
   </div>
   <div class='ocr_carea' id='block_1_4' title="bbox 105 452 1722 539">
    <p class='ocr_par' dir='ltr' id='par_1_4' title="bbox 105 454 1719 529">
     <span class='ocr_line' id='line_1_4' title="bbox 105 454 1719 529; baseline 0.001 -23"><span class='ocrx_word' id='word_1_9' title='bbox 105 454 244 513; x_wconf 73' lang='grc' dir='ltr'>πλὴν</span> <span class='ocrx_word' id='word_1_10' title='bbox 289 461 497 527; x_wconf 77' lang='grc' dir='ltr'>παρῆκε</span> <span class='ocrx_word' id='word_1_11' title='bbox 540 462 692 507; x_wconf 76' lang='grc' dir='ltr'>τοῦτο</span> <span class='ocrx_word' id='word_1_12' title='bbox 725 457 784 506; x_wconf 82' lang='grc' dir='ltr'><strong>τὸ</strong></span> <span class='ocrx_word' id='word_1_13' title='bbox 827 457 980 529; x_wconf 81' lang='grc' dir='ltr'>μέρος</span> <span class='ocrx_word' id='word_1_14' title='bbox 1028 455 1054 507; x_wconf 99' lang='lat'><strong>6</strong></span> <span class='ocrx_word' id='word_1_15' title='bbox 1094 455 1466 528; x_wconf 73' lang='grc' dir='ltr'>εὐαγγελιστὴς</span> <span class='ocrx_word' id='word_1_16' title='bbox 1514 458 1578 517; x_wconf 84' lang='grc' dir='ltr'>ὡς</span> <span class='ocrx_word' id='word_1_17' title='bbox 1625 456 1719 510; x_wconf 68' lang='grc' dir='ltr'><strong>οὐκ</strong></span> 
     </span>
    </p>
   </div>
   <div class='ocr_carea' id='block_1_5' title="bbox 1842 452 3489 539">
    <p class='ocr_par' dir='ltr' id='par_1_5' title="bbox 1842 456 3489 539">
     <span class='ocr_line' id='line_1_5' title="bbox 1842 456 3489 539; baseline 0.009 -30"><span class='ocrx_word' id='word_1_18' title='bbox 1842 469 1975 510; x_wconf 80' lang='lat' dir='ltr'><strong>nam</strong></span> <span class='ocrx_word' id='word_1_19' title='bbox 2015 459 2105 511; x_wconf 86' lang='lat' dir='ltr'><strong>est</strong></span> <span class='ocrx_word' id='word_1_20' title='bbox 2168 456 2281 514; x_wconf 88' lang='lat' dir='ltr'><strong>hoc</strong></span> <span class='ocrx_word' id='word_1_21' title='bbox 2334 458 2411 531; x_wconf 85' lang='lat' dir='ltr'><strong>(r)</strong></span> <span class='ocrx_word' id='word_1_22' title='bbox 2454 460 2483 516; x_wconf 86' lang='lat'><strong>?</strong></span> <span class='ocrx_word' id='word_1_23' title='bbox 2538 466 2955 520; x_wconf 79' lang='lat' dir='ltr'><strong>verumtamen</strong></span> <span class='ocrx_word' id='word_1_24' title='bbox 3004 464 3065 521; x_wconf 88' lang='lat' dir='ltr'><strong>id</strong></span> <span class='ocrx_word' id='word_1_25' title='bbox 3104 468 3489 539; x_wconf 54' lang='lat' dir='ltr'><strong>praetermisit</strong></span> 
     </span>
    </p>
   </div>
   <div class='ocr_carea' id='block_1_6' title="bbox 106 542 424 614">
    <p class='ocr_par' dir='ltr' id='par_1_6' title="bbox 106 542 424 614">
     <span class='ocr_line' id='line_1_6' title="bbox 106 542 424 614; baseline 0.013 -19"><span class='ocrx_word' id='word_1_26' title='bbox 106 542 400 614; x_wconf 73' lang='grc' dir='ltr'>ἀναγκαῖον</span> <span class='ocrx_word' id='word_1_27' title='bbox 409 586 424 599; x_wconf 91' lang='grc'><strong>.</strong></span> 
     </span>
    </p>
   </div>
   <div class='ocr_carea' id='block_1_7' title="bbox 180 629 1719 712">
    <p class='ocr_par' dir='ltr' id='par_1_7' title="bbox 180 629 1719 712">
     <span class='ocr_line' id='line_1_7' title="bbox 180 629 1719 712; baseline 0.003 -27"><span class='ocrx_word' id='word_1_28' title='bbox 180 637 389 686; x_wconf 85' lang='grc' dir='ltr'>Γένοιτο</span> <span class='ocrx_word' id='word_1_29' title='bbox 422 629 483 686; x_wconf 64' lang='grc' dir='ltr'><strong>δι</strong></span> <span class='ocrx_word' id='word_1_30' title='bbox 510 632 664 707; x_wconf 70' lang='grc' dir='ltr'>κάμὲ,</span> <span class='ocrx_word' id='word_1_31' title='bbox 697 637 783 686; x_wconf 78' lang='grc' dir='ltr'><strong>τὸν</strong></span> <span class='ocrx_word' id='word_1_32' title='bbox 812 633 1045 708; x_wconf 70' lang='grc' dir='ltr'>ψυχρὸν,</span> <span class='ocrx_word' id='word_1_33' title='bbox 1081 640 1171 688; x_wconf 80' lang='grc' dir='ltr'><strong>καὶ</strong></span> <span class='ocrx_word' id='word_1_34' title='bbox 1200 644 1419 708; x_wconf 84' lang='grc' dir='ltr'>χαῦνον,</span> <span class='ocrx_word' id='word_1_35' title='bbox 1452 640 1542 689; x_wconf 76' lang='grc' dir='ltr'><strong>καὶ</strong></span> <span class='ocrx_word' id='word_1_36' title='bbox 1570 634 1606 689; x_wconf 82' lang='grc' dir='ltr'><em>δ</em></span> <span class='ocrx_word' id='word_1_37' title='bbox 1611 637 1719 712; x_wconf 80' lang='grc' dir='ltr'>ιαρ-</span> 
     </span>
    </p>
   </div>
   <div class='ocr_carea' id='block_1_8' title="bbox 102 721 1716 799">
    <p class='ocr_par' dir='ltr' id='par_1_8' title="bbox 102 721 1716 799">
     <span class='ocr_line' id='line_1_8' title="bbox 102 721 1716 799; baseline 0.001 -23"><span class='ocrx_word' id='word_1_38' title='bbox 102 724 311 798; x_wconf 78' lang='grc' dir='ltr'><strong><em>ῥέοντα,</em></strong></span> <span class='ocrx_word' id='word_1_39' title='bbox 373 727 466 775; x_wconf 78' lang='grc' dir='ltr'><strong>καὶ</strong></span> <span class='ocrx_word' id='word_1_40' title='bbox 521 725 657 775; x_wconf 80' lang='grc' dir='ltr'><strong>κατὰ</strong></span> <span class='ocrx_word' id='word_1_41' title='bbox 705 730 857 775; x_wconf 78' lang='grc' dir='ltr'>τοῦτο</span> <span class='ocrx_word' id='word_1_42' title='bbox 910 721 1077 796; x_wconf 67' lang='grc' dir='ltr'>μηδὲν</span> <span class='ocrx_word' id='word_1_43' title='bbox 1130 721 1322 786; x_wconf 72' lang='grc' dir='ltr'>ὕδατος</span> <span class='ocrx_word' id='word_1_44' title='bbox 1384 722 1716 799; x_wconf 75' lang='grc' dir='ltr'>διαφέροντα,</span> 
     </span>
    </p>
   </div>
   <div class='ocr_carea' id='block_1_9' title="bbox 102 810 1721 887">
    <p class='ocr_par' dir='ltr' id='par_1_9' title="bbox 102 810 1721 887">
     <span class='ocr_line' id='line_1_9' title="bbox 102 810 1721 887; baseline 0.001 -23"><span class='ocrx_word' id='word_1_45' title='bbox 102 810 508 884; x_wconf 75' lang='grc' dir='ltr'>μεταϐληθῆναι</span> <span class='ocrx_word' id='word_1_46' title='bbox 556 815 686 885; x_wconf 87' lang='grc' dir='ltr'>πρὸς</span> <span class='ocrx_word' id='word_1_47' title='bbox 748 814 939 887; x_wconf 75' lang='grc' dir='ltr'>θέρμην</span> <span class='ocrx_word' id='word_1_48' title='bbox 998 819 1352 887; x_wconf 77' lang='grc' dir='ltr'>πνευματικήν</span> <span class='ocrx_word' id='word_1_49' title='bbox 1397 820 1489 868; x_wconf 79' lang='grc' dir='ltr'><strong>καὶ</strong></span> <span class='ocrx_word' id='word_1_50' title='bbox 1528 814 1721 886; x_wconf 67' lang='grc' dir='ltr'>στύψιν</span> 
     </span>
    </p>
   </div>
   <div class='ocr_carea' id='block_1_10' title="bbox 104 900 1720 979">
    <p class='ocr_par' dir='ltr' id='par_1_10' title="bbox 104 900 1720 979">
     <span class='ocr_line' id='line_1_10' title="bbox 104 900 1720 979; baseline 0.001 -26"><span class='ocrx_word' id='word_1_51' title='bbox 104 901 349 974; x_wconf 72' lang='grc' dir='ltr'><strong>ἐνάρετον</strong></span> <span class='ocrx_word' id='word_1_52' title='bbox 369 906 462 955; x_wconf 83' lang='grc' dir='ltr'><strong>καὶ</strong></span> <span class='ocrx_word' id='word_1_53' title='bbox 486 900 645 964; x_wconf 78' lang='grc' dir='ltr'>πῆξιν</span> <span class='ocrx_word' id='word_1_54' title='bbox 683 902 843 967; x_wconf 76' lang='grc' dir='ltr'><strong>ἠθῶν,</strong></span> <span class='ocrx_word' id='word_1_55' title='bbox 900 904 1034 957; x_wconf 80' lang='grc' dir='ltr'>ὥστε</span> <span class='ocrx_word' id='word_1_56' title='bbox 1072 909 1162 957; x_wconf 80' lang='grc' dir='ltr'><strong>καὶ</strong></span> <span class='ocrx_word' id='word_1_57' title='bbox 1211 905 1408 979; x_wconf 74' lang='grc' dir='ltr'>ἐτέρους</span> <span class='ocrx_word' id='word_1_58' title='bbox 1435 905 1720 978; x_wconf 71' lang='grc' dir='ltr'><strong>εὐφραίνειν</strong></span> 
     </span>
    </p>
   </div>
   <div class='ocr_carea' id='block_1_11' title="bbox 104 987 403 1044">
    <p class='ocr_par' dir='ltr' id='par_1_11' title="bbox 104 987 403 1044">
     <span class='ocr_line' id='line_1_11' title="bbox 104 987 403 1044; baseline 0 -1"><span class='ocrx_word' id='word_1_59' title='bbox 104 987 403 1044; x_wconf 72' lang='grc' dir='ltr'>δύνασθαι.</span> 
     </span>
    </p>
   </div>
   <div class='ocr_carea' id='block_1_12' title="bbox 172 1080 1719 1158">
    <p class='ocr_par' dir='ltr' id='par_1_12' title="bbox 172 1080 1719 1158">
     <span class='ocr_line' id='line_1_12' title="bbox 172 1080 1719 1158; baseline 0.001 -24"><span class='ocrx_word' id='word_1_60' title='bbox 172 1084 390 1139; x_wconf 77' lang='grc' dir='ltr'><strong>Ταύτην</strong></span> <span class='ocrx_word' id='word_1_61' title='bbox 456 1110 530 1122; x_wconf 92' lang='lat'><strong>—</strong></span> <span class='ocrx_word' id='word_1_62' title='bbox 603 1080 899 1144; x_wconf 75' lang='grc' dir='ltr'>Γαλιλαίας.</span> <span class='ocrx_word' id='word_1_63' title='bbox 971 1082 1047 1135; x_wconf 80' lang='grc' dir='ltr'><strong>Οὖ</strong></span> <span class='ocrx_word' id='word_1_64' title='bbox 1102 1088 1254 1156; x_wconf 82' lang='grc' dir='ltr'>μόνον</span> <span class='ocrx_word' id='word_1_65' title='bbox 1329 1082 1584 1158; x_wconf 71' lang='grc' dir='ltr'>ἀνέγραψε</span> <span class='ocrx_word' id='word_1_66' title='bbox 1660 1087 1719 1136; x_wconf 83' lang='grc' dir='ltr'><strong>τὸ</strong></span> 
     </span>
    </p>
   </div>
   <div class='ocr_carea' id='block_1_13' title="bbox 104 1166 1720 1247">
    <p class='ocr_par' dir='ltr' id='par_1_13' title="bbox 104 1166 1720 1247">
     <span class='ocr_line' id='line_1_13' title="bbox 104 1166 1720 1247; baseline 0.001 -23"><span class='ocrx_word' id='word_1_67' title='bbox 104 1173 307 1244; x_wconf 76' lang='grc' dir='ltr'><strong>θαῦμα,</strong></span> <span class='ocrx_word' id='word_1_68' title='bbox 352 1170 482 1223; x_wconf 73' lang='grc' dir='ltr'>ἀλλὰ</span> <span class='ocrx_word' id='word_1_69' title='bbox 532 1175 623 1223; x_wconf 76' lang='grc' dir='ltr'><strong>καὶ</strong></span> <span class='ocrx_word' id='word_1_70' title='bbox 674 1166 918 1235; x_wconf 78' lang='grc' dir='ltr'><strong>ἐδίδαξεν</strong></span> <span class='ocrx_word' id='word_1_71' title='bbox 970 1174 1047 1225; x_wconf 81' lang='grc' dir='ltr'><strong>ὅτι</strong></span> <span class='ocrx_word' id='word_1_72' title='bbox 1102 1181 1256 1226; x_wconf 77' lang='grc' dir='ltr'>τοῦτο</span> <span class='ocrx_word' id='word_1_73' title='bbox 1314 1170 1374 1232; x_wconf 78' lang='grc' dir='ltr'><strong>ἧν</strong></span> <span class='ocrx_word' id='word_1_74' title='bbox 1425 1172 1569 1247; x_wconf 79' lang='grc' dir='ltr'>ἁρχὴ</span> <span class='ocrx_word' id='word_1_75' title='bbox 1621 1182 1720 1226; x_wconf 78' lang='grc' dir='ltr'>τῶν</span> 
     </span>
    </p>
   </div>
   <div class='ocr_carea' id='block_1_14' title="bbox 106 1260 1721 1334">
    <p class='ocr_par' dir='ltr' id='par_1_14' title="bbox 106 1260 1721 1334">
     <span class='ocr_line' id='line_1_14' title="bbox 106 1260 1721 1334; baseline 0.002 -22"><span class='ocrx_word' id='word_1_76' title='bbox 106 1266 366 1333; x_wconf 73' lang='grc' dir='ltr'>σημείων.</span> <span class='ocrx_word' id='word_1_77' title='bbox 422 1260 563 1313; x_wconf 76' lang='grc' dir='ltr'>Ἐπεὶ</span> <span class='ocrx_word' id='word_1_78' title='bbox 616 1263 719 1333; x_wconf 79' lang='grc' dir='ltr'><strong>γὰρ</strong></span> <span class='ocrx_word' id='word_1_79' title='bbox 770 1261 863 1313; x_wconf 72' lang='grc' dir='ltr'><strong>οὐκ</strong></span> <span class='ocrx_word' id='word_1_80' title='bbox 929 1262 1204 1334; x_wconf 79' lang='grc' dir='ltr'>ἄχρηστον</span> <span class='ocrx_word' id='word_1_81' title='bbox 1271 1260 1331 1322; x_wconf 76' lang='grc' dir='ltr'>ἦν</span> <span class='ocrx_word' id='word_1_82' title='bbox 1391 1260 1583 1316; x_wconf 66' lang='grc' dir='ltr'>εἱδὲναι</span> <span class='ocrx_word' id='word_1_83' title='bbox 1634 1267 1721 1316; x_wconf 83' lang='grc' dir='ltr'><strong>καὶ</strong></span> 
     </span>
    </p>
   </div>
   <div class='ocr_carea' id='block_1_15' title="bbox 104 1349 1721 1423">
    <p class='ocr_par' dir='ltr' id='par_1_15' title="bbox 104 1349 1721 1423">
     <span class='ocr_line' id='line_1_15' title="bbox 104 1349 1721 1423; baseline 0.001 -20"><span class='ocrx_word' id='word_1_84' title='bbox 104 1358 283 1414; x_wconf 80' lang='grc' dir='ltr'>τοῦτο,</span> <span class='ocrx_word' id='word_1_85' title='bbox 333 1349 535 1416; x_wconf 85' lang='grc' dir='ltr'>λοιπον,</span> <span class='ocrx_word' id='word_1_86' title='bbox 594 1352 663 1412; x_wconf 82' lang='grc' dir='ltr'>ὡς</span> <span class='ocrx_word' id='word_1_87' title='bbox 707 1354 1116 1423; x_wconf 67' lang='grc' dir='ltr'>παρασιωπηθὲν</span> <span class='ocrx_word' id='word_1_88' title='bbox 1181 1360 1292 1414; x_wconf 83' lang='grc' dir='ltr'>τοῖς</span> <span class='ocrx_word' id='word_1_89' title='bbox 1321 1352 1508 1420; x_wconf 79' lang='grc' dir='ltr'>ἄλλοις,</span> <span class='ocrx_word' id='word_1_90' title='bbox 1573 1355 1721 1405; x_wconf 82' lang='grc' dir='ltr'>ἱστό-</span> 
     </span>
    </p>
   </div>
   <div class='ocr_carea' id='block_1_16' title="bbox 99 1439 1718 1515">
    <p class='ocr_par' dir='ltr' id='par_1_16' title="bbox 99 1439 1718 1515">
     <span class='ocr_line' id='line_1_16' title="bbox 99 1439 1718 1515; baseline 0.002 -24"><span class='ocrx_word' id='word_1_91' title='bbox 99 1458 264 1512; x_wconf 78' lang='grc' dir='ltr'>ρησεν</span> <span class='ocrx_word' id='word_1_92' title='bbox 328 1439 479 1504; x_wconf 70' lang='grc' dir='ltr'><strong>αὐτὸ,</strong></span> <span class='ocrx_word' id='word_1_93' title='bbox 542 1448 872 1513; x_wconf 81' lang='grc' dir='ltr'>χρησιμεύον</span> <span class='ocrx_word' id='word_1_94' title='bbox 940 1441 1007 1503; x_wconf 85' lang='grc' dir='ltr'><strong>εἰς</strong></span> <span class='ocrx_word' id='word_1_95' title='bbox 1062 1445 1117 1494; x_wconf 85' lang='grc' dir='ltr'><strong>τὸ</strong></span> <span class='ocrx_word' id='word_1_96' title='bbox 1166 1446 1238 1515; x_wconf 78' lang='grc' dir='ltr'>μὴ</span> <span class='ocrx_word' id='word_1_97' title='bbox 1287 1445 1550 1496; x_wconf 75' lang='grc' dir='ltr'><strong>πιστεύειν</strong></span> <span class='ocrx_word' id='word_1_98' title='bbox 1612 1450 1718 1506; x_wconf 87' lang='grc' dir='ltr'>τοῖς</span> 
     </span>
    </p>
   </div>
   <div class='ocr_carea' id='block_1_17' title="bbox 98 1526 1715 1609">
    <p class='ocr_par' dir='ltr' id='par_1_17' title="bbox 98 1526 1715 1609">
     <span class='ocr_line' id='line_1_17' title="bbox 98 1526 1715 1609; baseline 0.004 -29"><span class='ocrx_word' id='word_1_99' title='bbox 98 1528 400 1601; x_wconf 69' lang='grc' dir='ltr'><strong>λεγομένοις</strong></span> <span class='ocrx_word' id='word_1_100' title='bbox 478 1528 591 1600; x_wconf 71' lang='grc'>(92)</span> <span class='ocrx_word' id='word_1_101' title='bbox 656 1526 927 1592; x_wconf 77' lang='grc' dir='ltr'><strong>παιδικοῖς</strong></span> <span class='ocrx_word' id='word_1_102' title='bbox 986 1532 1221 1604; x_wconf 79' lang='grc' dir='ltr'>θαῦμασι</span> <span class='ocrx_word' id='word_1_103' title='bbox 1291 1540 1385 1584; x_wconf 80' lang='grc' dir='ltr'><strong>τοῦ</strong></span> <span class='ocrx_word' id='word_1_104' title='bbox 1459 1540 1715 1609; x_wconf 78' lang='grc' dir='ltr'><strong>Χριστοῦ.</strong></span> 
     </span>
    </p>
   </div>
   <div class='ocr_carea' id='block_1_18' title="bbox 98 1617 1719 1695">
    <p class='ocr_par' dir='ltr' id='par_1_18' title="bbox 98 1617 1719 1695">
     <span class='ocr_line' id='line_1_18' title="bbox 98 1617 1719 1695; baseline 0.003 -25"><span class='ocrx_word' id='word_1_105' title='bbox 98 1626 272 1671; x_wconf 76' lang='grc' dir='ltr'>Τοῦτο</span> <span class='ocrx_word' id='word_1_106' title='bbox 340 1621 445 1693; x_wconf 71' lang='grc' dir='ltr'>γὰρ</span> <span class='ocrx_word' id='word_1_107' title='bbox 502 1618 649 1693; x_wconf 80' lang='grc' dir='ltr'>ἁρχὴ</span> <span class='ocrx_word' id='word_1_108' title='bbox 704 1628 806 1672; x_wconf 84' lang='grc' dir='ltr'><strong>τῶν</strong></span> <span class='ocrx_word' id='word_1_109' title='bbox 861 1624 1089 1694; x_wconf 76' lang='grc' dir='ltr'><strong>σημείων</strong></span> <span class='ocrx_word' id='word_1_110' title='bbox 1115 1637 1128 1651; x_wconf 85' lang='lat'><strong>&#39;</strong></span> <span class='ocrx_word' id='word_1_111' title='bbox 1175 1619 1343 1674; x_wconf 74' lang='grc' dir='ltr'>ἐκεῖνα</span> <span class='ocrx_word' id='word_1_112' title='bbox 1382 1617 1442 1674; x_wconf 70' lang='grc' dir='ltr'><strong>δὲ</strong></span> <span class='ocrx_word' id='word_1_113' title='bbox 1499 1621 1719 1695; x_wconf 76' lang='grc' dir='ltr'>πλάσμα</span> 
     </span>
    </p>
   </div>
   <div class='ocr_carea' id='block_1_19' title="bbox 101 1705 1717 1787">
    <p class='ocr_par' dir='ltr' id='par_1_19' title="bbox 101 1705 1717 1787">
     <span class='ocr_line' id='line_1_19' title="bbox 101 1705 1717 1787; baseline 0.002 -27"><span class='ocrx_word' id='word_1_114' title='bbox 101 1707 250 1760; x_wconf 80' lang='grc' dir='ltr'>ἐστὶν</span> <span class='ocrx_word' id='word_1_115' title='bbox 300 1705 497 1784; x_wconf 76' lang='grc' dir='ltr'>ἀνδρὸς</span> <span class='ocrx_word' id='word_1_116' title='bbox 533 1707 909 1782; x_wconf 70' lang='grc' dir='ltr'><strong>λυμαινομένου</strong></span> <span class='ocrx_word' id='word_1_117' title='bbox 956 1717 1020 1782; x_wconf 75' lang='grc' dir='ltr'><strong>τῇ</strong></span> <span class='ocrx_word' id='word_1_118' title='bbox 1073 1709 1307 1784; x_wconf 79' lang='grc' dir='ltr'>ἀληθείᾳ.</span> <span class='ocrx_word' id='word_1_119' title='bbox 1342 1711 1401 1765; x_wconf 82' lang='grc' dir='ltr'>Εἰ</span> <span class='ocrx_word' id='word_1_120' title='bbox 1444 1714 1547 1787; x_wconf 71' lang='grc' dir='ltr'><strong>γὰρ</strong></span> <span class='ocrx_word' id='word_1_121' title='bbox 1597 1718 1717 1773; x_wconf 84' lang='grc' dir='ltr'>παῖς</span> 
     </span>
    </p>
   </div>
   <div class='ocr_carea' id='block_1_20' title="bbox 1830 544 3054 620">
    <p class='ocr_par' dir='ltr' id='par_1_20' title="bbox 1830 544 3054 620">
     <span class='ocr_line' id='line_1_20' title="bbox 1830 544 3054 620; baseline 0.009 -22"><span class='ocrx_word' id='word_1_122' title='bbox 1830 544 2196 612; x_wconf 81' lang='lat' dir='ltr'><strong>evangelista</strong></span> <span class='ocrx_word' id='word_1_123' title='bbox 2230 552 2432 620; x_wconf 79' lang='lat' dir='ltr'><strong>utpote</strong></span> <span class='ocrx_word' id='word_1_124' title='bbox 2476 566 2595 606; x_wconf 89' lang='lat' dir='ltr'><strong>non</strong></span> <span class='ocrx_word' id='word_1_125' title='bbox 2629 553 3054 609; x_wconf 85' lang='lat' dir='ltr'><strong>necessarium.</strong></span> 
     </span>
    </p>
   </div>
   <div class='ocr_carea' id='block_1_21' title="bbox 1903 633 3486 713">
    <p class='ocr_par' dir='ltr' id='par_1_21' title="bbox 1903 633 3486 713">
     <span class='ocr_line' id='line_1_21' title="bbox 1903 633 3486 713; baseline 0.008 -24"><span class='ocrx_word' id='word_1_126' title='bbox 1903 633 1994 690; x_wconf 92' lang='lat' dir='ltr'><strong>Uli</strong></span> <span class='ocrx_word' id='word_1_127' title='bbox 2016 650 2159 691; x_wconf 89' lang='lat' dir='ltr'><strong>nam</strong></span> <span class='ocrx_word' id='word_1_128' title='bbox 2184 641 2387 695; x_wconf 87' lang='lat' dir='ltr'><strong>autem</strong></span> <span class='ocrx_word' id='word_1_129' title='bbox 2418 642 2476 694; x_wconf 87' lang='lat' dir='ltr'><strong>et</strong></span> <span class='ocrx_word' id='word_1_130' title='bbox 2508 656 2621 710; x_wconf 83' lang='lat' dir='ltr'><strong>ego</strong></span> <span class='ocrx_word' id='word_1_131' title='bbox 2644 641 2750 713; x_wconf 88' lang='lat' dir='ltr'><strong>qui</strong></span> <span class='ocrx_word' id='word_1_132' title='bbox 2788 640 3033 713; x_wconf 80' lang='lat' dir='ltr'><strong>frigidus</strong></span> <span class='ocrx_word' id='word_1_133' title='bbox 3060 660 3213 710; x_wconf 86' lang='lat' dir='ltr'><strong>sum,</strong></span> <span class='ocrx_word' id='word_1_134' title='bbox 3236 644 3409 701; x_wconf 84' lang='lat' dir='ltr'><strong>laxus</strong></span> <span class='ocrx_word' id='word_1_135' title='bbox 3426 650 3486 701; x_wconf 87' lang='lat' dir='ltr'><strong>et</strong></span> 
     </span>
    </p>
   </div>
   <div class='ocr_carea' id='block_1_22' title="bbox 1829 721 3483 802">
    <p class='ocr_par' dir='ltr' id='par_1_22' title="bbox 1829 721 3483 802">
     <span class='ocr_line' id='line_1_22' title="bbox 1829 721 3483 802; baseline 0.007 -24"><span class='ocrx_word' id='word_1_136' title='bbox 1829 721 2074 793; x_wconf 80' lang='lat' dir='ltr'><strong>effusus,</strong></span> <span class='ocrx_word' id='word_1_137' title='bbox 2102 724 2247 780; x_wconf 84' lang='lat' dir='ltr'>nihil</span> <span class='ocrx_word' id='word_1_138' title='bbox 2277 726 2336 782; x_wconf 88' lang='lat' dir='ltr'><strong>in</strong></span> <span class='ocrx_word' id='word_1_139' title='bbox 2372 728 2483 784; x_wconf 92' lang='lat' dir='ltr'><strong>hoc</strong></span> <span class='ocrx_word' id='word_1_140' title='bbox 2518 729 2602 785; x_wconf 76' lang='lat' dir='ltr'><strong>ab</strong></span> <span class='ocrx_word' id='word_1_141' title='bbox 2631 746 2790 802; x_wconf 85' lang='lat' dir='ltr'><strong>aqua</strong></span> <span class='ocrx_word' id='word_1_142' title='bbox 2820 729 3119 798; x_wconf 74' lang='lat' dir='ltr'><strong>differens,</strong></span> <span class='ocrx_word' id='word_1_143' title='bbox 3138 733 3198 788; x_wconf 89' lang='lat' dir='ltr'><strong>in</strong></span> <span class='ocrx_word' id='word_1_144' title='bbox 3221 733 3483 789; x_wconf 87' lang='lat' dir='ltr'><strong>calorem</strong></span> 
     </span>
    </p>
   </div>
   <div class='ocr_carea' id='block_1_23' title="bbox 1830 808 3481 889">
    <p class='ocr_par' dir='ltr' id='par_1_23' title="bbox 1830 808 3481 889">
     <span class='ocr_line' id='line_1_23' title="bbox 1830 808 3481 889; baseline 0.006 -21"><span class='ocrx_word' id='word_1_145' title='bbox 1830 808 2196 871; x_wconf 85' lang='lat' dir='ltr'><strong>converterer</strong></span> <span class='ocrx_word' id='word_1_146' title='bbox 2249 817 2643 889; x_wconf 87' lang='lat' dir='ltr'><strong>spiritualem,</strong></span> <span class='ocrx_word' id='word_1_147' title='bbox 2696 820 2928 876; x_wconf 89' lang='lat' dir='ltr'><strong>virtutis</strong></span> <span class='ocrx_word' id='word_1_148' title='bbox 2974 822 3481 888; x_wconf 89' lang='lat' dir='ltr'><strong>constrictionem,</strong></span> 
     </span>
    </p>
   </div>
   <div class='ocr_carea' id='block_1_24' title="bbox 1829 905 3486 983">
    <p class='ocr_par' dir='ltr' id='par_1_24' title="bbox 1829 905 3486 983">
     <span class='ocr_line' id='line_1_24' title="bbox 1829 905 3486 983; baseline 0.006 -26"><span class='ocrx_word' id='word_1_149' title='bbox 1829 917 1901 958; x_wconf 89' lang='lat' dir='ltr'><strong>ac</strong></span> <span class='ocrx_word' id='word_1_150' title='bbox 1944 918 2179 963; x_wconf 89' lang='lat' dir='ltr'><strong>morum</strong></span> <span class='ocrx_word' id='word_1_151' title='bbox 2232 905 2600 973; x_wconf 83' lang='lat' dir='ltr'><strong>ﬁrmitatem,</strong></span> <span class='ocrx_word' id='word_1_152' title='bbox 2646 911 2713 963; x_wconf 91' lang='lat' dir='ltr'><strong>ut</strong></span> <span class='ocrx_word' id='word_1_153' title='bbox 2759 912 2817 964; x_wconf 87' lang='lat' dir='ltr'><strong>et</strong></span> <span class='ocrx_word' id='word_1_154' title='bbox 2837 907 2980 964; x_wconf 73' lang='lat' dir='ltr'><strong>alios</strong></span> <span class='ocrx_word' id='word_1_155' title='bbox 3011 909 3314 966; x_wconf 69' lang='lat' dir='ltr'><strong>laetiﬁcare</strong></span> <span class='ocrx_word' id='word_1_156' title='bbox 3345 926 3486 983; x_wconf 90' lang='lat' dir='ltr'><strong>pos-</strong></span> 
     </span>
    </p>
   </div>
   <div class='ocr_carea' id='block_1_25' title="bbox 1828 1004 1976 1047">
    <p class='ocr_par' dir='ltr' id='par_1_25' title="bbox 1828 1004 1976 1047">
     <span class='ocr_line' id='line_1_25' title="bbox 1828 1004 1976 1047; baseline 0.027 -4"><span class='ocrx_word' id='word_1_157' title='bbox 1828 1004 1976 1047; x_wconf 77' lang='lat' dir='ltr'><strong>88D].</strong></span> 
     </span>
    </p>
   </div>
   <div class='ocr_carea' id='block_1_26' title="bbox 1901 1082 3482 1158">
    <p class='ocr_par' dir='ltr' id='par_1_26' title="bbox 1901 1082 3482 1158">
     <span class='ocr_line' id='line_1_26' title="bbox 1901 1082 3482 1158; baseline 0.005 -22"><span class='ocrx_word' id='word_1_158' title='bbox 1901 1082 2061 1137; x_wconf 83' lang='lat' dir='ltr'><strong>Vers.</strong></span> <span class='ocrx_word' id='word_1_159' title='bbox 2092 1083 2181 1138; x_wconf 80' lang='grc'><strong>11.</strong></span> <span class='ocrx_word' id='word_1_160' title='bbox 2208 1085 2336 1141; x_wconf 83' lang='lat' dir='ltr'><strong>Hoc</strong></span> <span class='ocrx_word' id='word_1_161' title='bbox 2385 1112 2456 1126; x_wconf 89' lang='lat'><strong><em>—</em></strong></span> <span class='ocrx_word' id='word_1_162' title='bbox 2516 1084 2809 1143; x_wconf 69' lang='lat' dir='ltr'><strong>Galilcete.</strong></span> <span class='ocrx_word' id='word_1_163' title='bbox 2869 1088 2997 1142; x_wconf 87' lang='lat' dir='ltr'><strong>Non</strong></span> <span class='ocrx_word' id='word_1_164' title='bbox 3028 1087 3221 1144; x_wconf 88' lang='lat' dir='ltr'><strong>solum</strong></span> <span class='ocrx_word' id='word_1_165' title='bbox 3262 1088 3482 1158; x_wconf 87' lang='lat' dir='ltr'><strong>scripto</strong></span> 
     </span>
    </p>
   </div>
   <div class='ocr_carea' id='block_1_27' title="bbox 1829 1172 3479 1249">
    <p class='ocr_par' dir='ltr' id='par_1_27' title="bbox 1829 1172 3479 1249">
     <span class='ocr_line' id='line_1_27' title="bbox 1829 1172 3479 1249; baseline 0.004 -24"><span class='ocrx_word' id='word_1_166' title='bbox 1829 1172 2092 1243; x_wconf 78' lang='lat' dir='ltr'><strong>prodidit</strong></span> <span class='ocrx_word' id='word_1_167' title='bbox 2121 1172 2498 1243; x_wconf 86' lang='lat' dir='ltr'><strong>miraculum,</strong></span> <span class='ocrx_word' id='word_1_168' title='bbox 2531 1174 2637 1229; x_wconf 91' lang='lat' dir='ltr'><strong>sed</strong></span> <span class='ocrx_word' id='word_1_169' title='bbox 2666 1174 2850 1231; x_wconf 89' lang='lat' dir='ltr'><strong>etiam</strong></span> <span class='ocrx_word' id='word_1_170' title='bbox 2883 1175 3089 1233; x_wconf 89' lang='lat' dir='ltr'><strong>docuit</strong></span> <span class='ocrx_word' id='word_1_171' title='bbox 3119 1177 3479 1249; x_wconf 87' lang='lat' dir='ltr'><strong>principium</strong></span> 
     </span>
    </p>
   </div>
   <div class='ocr_carea' id='block_1_28' title="bbox 1827 1259 3480 1337">
    <p class='ocr_par' dir='ltr' id='par_1_28' title="bbox 1827 1259 3480 1337">
     <span class='ocr_line' id='line_1_28' title="bbox 1827 1259 3480 1337; baseline 0.003 -22"><span class='ocrx_word' id='word_1_172' title='bbox 1827 1259 1943 1316; x_wconf 90' lang='lat' dir='ltr'><strong>hoc</strong></span> <span class='ocrx_word' id='word_1_173' title='bbox 1971 1261 2156 1318; x_wconf 85' lang='lat' dir='ltr'><strong>fuisse</strong></span> <span class='ocrx_word' id='word_1_174' title='bbox 2186 1264 2518 1334; x_wconf 81' lang='lat' dir='ltr'><strong>signorum.</strong></span> <span class='ocrx_word' id='word_1_175' title='bbox 2575 1265 2727 1320; x_wconf 90' lang='lat' dir='ltr'><strong>Nam</strong></span> <span class='ocrx_word' id='word_1_176' title='bbox 2770 1266 2914 1337; x_wconf 89' lang='lat' dir='ltr'><strong>quia</strong></span> <span class='ocrx_word' id='word_1_177' title='bbox 2952 1265 3013 1321; x_wconf 92' lang='lat' dir='ltr'><strong>id</strong></span> <span class='ocrx_word' id='word_1_178' title='bbox 3054 1264 3203 1321; x_wconf 90' lang='lat' dir='ltr'><strong>scitu</strong></span> <span class='ocrx_word' id='word_1_179' title='bbox 3231 1266 3480 1336; x_wconf 80' lang='lat' dir='ltr'><strong>dignum</strong></span> 
     </span>
    </p>
   </div>
   <div class='ocr_carea' id='block_1_29' title="bbox 1829 1352 3484 1427">
    <p class='ocr_par' dir='ltr' id='par_1_29' title="bbox 1829 1352 3484 1427">
     <span class='ocr_line' id='line_1_29' title="bbox 1829 1352 3484 1427; baseline 0.001 -20"><span class='ocrx_word' id='word_1_180' title='bbox 1829 1354 1976 1421; x_wconf 87' lang='lat' dir='ltr'><strong>erat,</strong></span> <span class='ocrx_word' id='word_1_181' title='bbox 2009 1353 2172 1408; x_wconf 88' lang='lat' dir='ltr'><strong>etab</strong></span> <span class='ocrx_word' id='word_1_182' title='bbox 2216 1352 2348 1409; x_wconf 87' lang='lat' dir='ltr'><strong>aliis</strong></span> <span class='ocrx_word' id='word_1_183' title='bbox 2400 1355 2789 1426; x_wconf 64' lang='lat' dir='ltr'><strong>praeteritum,</strong></span> <span class='ocrx_word' id='word_1_184' title='bbox 2836 1354 3246 1427; x_wconf 87' lang='lat' dir='ltr'><strong>scripsitillud,</strong></span> <span class='ocrx_word' id='word_1_185' title='bbox 3276 1357 3484 1426; x_wconf 83' lang='lat' dir='ltr'><strong>utpote</strong></span> 
     </span>
    </p>
   </div>
   <div class='ocr_carea' id='block_1_30' title="bbox 1827 1439 3486 1514">
    <p class='ocr_par' dir='ltr' id='par_1_30' title="bbox 1827 1439 3486 1514">
     <span class='ocr_line' id='line_1_30' title="bbox 1827 1439 3486 1514; baseline 0.002 -20"><span class='ocrx_word' id='word_1_186' title='bbox 1827 1439 1907 1494; x_wconf 89' lang='lat' dir='ltr'><strong>ad</strong></span> <span class='ocrx_word' id='word_1_187' title='bbox 1934 1439 2051 1496; x_wconf 91' lang='lat' dir='ltr'><strong>hoc</strong></span> <span class='ocrx_word' id='word_1_188' title='bbox 2073 1441 2233 1512; x_wconf 86' lang='lat' dir='ltr'><strong>utile,</strong></span> <span class='ocrx_word' id='word_1_189' title='bbox 2254 1456 2329 1498; x_wconf 90' lang='lat' dir='ltr'><strong>ne</strong></span> <span class='ocrx_word' id='word_1_190' title='bbox 2354 1442 2505 1498; x_wconf 85' lang='lat' dir='ltr'><strong>ﬁdes</strong></span> <span class='ocrx_word' id='word_1_191' title='bbox 2535 1443 2894 1500; x_wconf 82' lang='lat' dir='ltr'><strong>adhibeatur</strong></span> <span class='ocrx_word' id='word_1_192' title='bbox 2921 1443 3015 1499; x_wconf 91' lang='lat' dir='ltr'><strong>his</strong></span> <span class='ocrx_word' id='word_1_193' title='bbox 3040 1459 3177 1514; x_wconf 65' lang='lat' dir='ltr'><strong>qua:</strong></span> <span class='ocrx_word' id='word_1_194' title='bbox 3203 1443 3486 1499; x_wconf 88' lang='lat' dir='ltr'><strong>dicuntur</strong></span> 
     </span>
    </p>
   </div>
   <div class='ocr_carea' id='block_1_31' title="bbox 1827 1528 3486 1602">
    <p class='ocr_par' dir='ltr' id='par_1_31' title="bbox 1827 1528 3486 1602">
     <span class='ocr_line' id='line_1_31' title="bbox 1827 1528 3486 1602; baseline 0.002 -18"><span class='ocrx_word' id='word_1_195' title='bbox 1827 1528 1992 1601; x_wconf 85' lang='lat' dir='ltr'><strong>pueri</strong></span> <span class='ocrx_word' id='word_1_196' title='bbox 2019 1528 2233 1587; x_wconf 87' lang='lat' dir='ltr'><strong>Christi</strong></span> <span class='ocrx_word' id='word_1_197' title='bbox 2261 1531 2585 1602; x_wconf 88' lang='lat' dir='ltr'><strong>miracula;</strong></span> <span class='ocrx_word' id='word_1_198' title='bbox 2618 1533 2733 1590; x_wconf 93' lang='lat' dir='ltr'><strong>hoc</strong></span> <span class='ocrx_word' id='word_1_199' title='bbox 2762 1533 2922 1589; x_wconf 89' lang='lat' dir='ltr'><strong>enim</strong></span> <span class='ocrx_word' id='word_1_200' title='bbox 2973 1532 3085 1589; x_wconf 87' lang='lat' dir='ltr'><strong>fuit</strong></span> <span class='ocrx_word' id='word_1_201' title='bbox 3104 1531 3338 1588; x_wconf 89' lang='lat' dir='ltr'><strong>initium</strong></span> <span class='ocrx_word' id='word_1_202' title='bbox 3369 1532 3486 1601; x_wconf 81' lang='lat' dir='ltr'><strong>sig-</strong></span> 
     </span>
    </p>
   </div>
   <div class='ocr_carea' id='block_1_32' title="bbox 1826 1621 3486 1697">
    <p class='ocr_par' dir='ltr' id='par_1_32' title="bbox 1826 1621 3486 1697">
     <span class='ocr_line' id='line_1_32' title="bbox 1826 1621 3486 1697; baseline 0.001 -23"><span class='ocrx_word' id='word_1_203' title='bbox 1826 1634 2041 1676; x_wconf 91' lang='lat' dir='ltr'><strong>norum</strong></span> <span class='ocrx_word' id='word_1_204' title='bbox 2090 1622 2236 1680; x_wconf 91' lang='lat' dir='ltr'><strong>:illa</strong></span> <span class='ocrx_word' id='word_1_205' title='bbox 2287 1638 2425 1680; x_wconf 89' lang='lat' dir='ltr'><strong>vero</strong></span> <span class='ocrx_word' id='word_1_206' title='bbox 2474 1628 2616 1679; x_wconf 88' lang='lat' dir='ltr'><strong>sunt</strong></span> <span class='ocrx_word' id='word_1_207' title='bbox 2667 1640 2822 1697; x_wconf 90' lang='lat' dir='ltr'><strong>opus</strong></span> <span class='ocrx_word' id='word_1_208' title='bbox 2876 1623 2986 1679; x_wconf 91' lang='lat' dir='ltr'><strong>viri</strong></span> <span class='ocrx_word' id='word_1_209' title='bbox 3039 1623 3205 1696; x_wconf 89' lang='lat' dir='ltr'><strong>quia</strong></span> <span class='ocrx_word' id='word_1_210' title='bbox 3234 1621 3486 1677; x_wconf 85' lang='lat' dir='ltr'><strong>veritate</strong></span> 
     </span>
    </p>
   </div>
   <div class='ocr_carea' id='block_1_33' title="bbox 1825 1706 3483 1785">
    <p class='ocr_par' dir='ltr' id='par_1_33' title="bbox 1825 1706 3483 1785">
     <span class='ocr_line' id='line_1_33' title="bbox 1825 1706 3483 1785; baseline 0.001 -21"><span class='ocrx_word' id='word_1_211' title='bbox 1825 1706 2146 1767; x_wconf 86' lang='lat' dir='ltr'><strong>aberravit.</strong></span> <span class='ocrx_word' id='word_1_212' title='bbox 2180 1711 2329 1769; x_wconf 88' lang='lat' dir='ltr'><strong>Nam</strong></span> <span class='ocrx_word' id='word_1_213' title='bbox 2353 1712 2401 1768; x_wconf 90' lang='lat' dir='ltr'><strong>si</strong></span> <span class='ocrx_word' id='word_1_214' title='bbox 2439 1728 2588 1785; x_wconf 89' lang='lat' dir='ltr'><strong>puer</strong></span> <span class='ocrx_word' id='word_1_215' title='bbox 2619 1712 2917 1769; x_wconf 86' lang='lat' dir='ltr'><strong>mirabilia</strong></span> <span class='ocrx_word' id='word_1_216' title='bbox 2948 1715 3233 1784; x_wconf 88' lang='lat' dir='ltr'><strong>operatus</strong></span> <span class='ocrx_word' id='word_1_217' title='bbox 3256 1710 3483 1776; x_wconf 82' lang='lat' dir='ltr'><strong>fuisset,</strong></span> 
     </span>
    </p>
   </div>
   <div class='ocr_carea' id='block_1_34' title="bbox 100 1794 1722 1875">
    <p class='ocr_par' dir='ltr' id='par_1_34' title="bbox 100 1794 1714 1875">
     <span class='ocr_line' id='line_1_34' title="bbox 100 1794 1714 1875; baseline 0.005 -29"><span class='ocrx_word' id='word_1_218' title='bbox 100 1796 170 1847; x_wconf 76' lang='grc' dir='ltr'><strong><em>ὧν</em></strong></span> <span class='ocrx_word' id='word_1_219' title='bbox 231 1794 672 1870; x_wconf 74' lang='grc' dir='ltr'>ἑθαυματούργει,</span> <span class='ocrx_word' id='word_1_220' title='bbox 730 1804 893 1851; x_wconf 81' lang='grc' dir='ltr'>πᾶσιν</span> <span class='ocrx_word' id='word_1_221' title='bbox 931 1797 993 1851; x_wconf 79' lang='grc' dir='ltr'><strong>ἂν</strong></span> <span class='ocrx_word' id='word_1_222' title='bbox 1046 1798 1239 1872; x_wconf 76' lang='grc' dir='ltr'>ἐγένετο</span> <span class='ocrx_word' id='word_1_223' title='bbox 1297 1806 1557 1875; x_wconf 71' lang='grc' dir='ltr'>γνώριμος</span> <span class='ocrx_word' id='word_1_224' title='bbox 1615 1801 1714 1853; x_wconf 73' lang='grc' dir='ltr'><strong>αὐ-</strong></span> 
     </span>
    </p>
   </div>
   <div class='ocr_carea' id='block_1_35' title="bbox 1842 1794 3484 1875">
    <p class='ocr_par' dir='ltr' id='par_1_35' title="bbox 1845 1798 3484 1875">
     <span class='ocr_line' id='line_1_35' title="bbox 1845 1798 3484 1875; baseline 0.001 -23"><span class='ocrx_word' id='word_1_225' title='bbox 1845 1798 1881 1852; x_wconf 89' lang='lat' dir='ltr'><strong>d</strong></span> <span class='ocrx_word' id='word_1_226' title='bbox 1933 1801 2136 1857; x_wconf 82' lang='lat' dir='ltr'><strong>statim</strong></span> <span class='ocrx_word' id='word_1_227' title='bbox 2188 1803 2475 1860; x_wconf 90' lang='lat' dir='ltr'><strong>omnibus</strong></span> <span class='ocrx_word' id='word_1_228' title='bbox 2527 1804 2904 1868; x_wconf 87' lang='lat' dir='ltr'><strong>innotuisset,</strong></span> <span class='ocrx_word' id='word_1_229' title='bbox 2958 1816 3154 1875; x_wconf 86' lang='lat' dir='ltr'><strong>neque</strong></span> <span class='ocrx_word' id='word_1_230' title='bbox 3214 1798 3484 1856; x_wconf 86' lang='lat' dir='ltr'><strong>lsraelitis</strong></span> 
     </span>
    </p>
   </div>
   <div class='ocr_carea' id='block_1_36' title="bbox 96 1883 1714 1966">
    <p class='ocr_par' dir='ltr' id='par_1_36' title="bbox 96 1883 1714 1966">
     <span class='ocr_line' id='line_1_36' title="bbox 96 1883 1714 1966; baseline 0.005 -30"><span class='ocrx_word' id='word_1_231' title='bbox 96 1889 263 1937; x_wconf 71' lang='grc' dir='ltr'>τίκαο</span> <span class='ocrx_word' id='word_1_232' title='bbox 322 1883 725 1960; x_wconf 80' lang='grc' dir='ltr'>παραδοξότερα</span> <span class='ocrx_word' id='word_1_233' title='bbox 774 1890 877 1960; x_wconf 71' lang='grc' dir='ltr'>γὰρ</span> <span class='ocrx_word' id='word_1_234' title='bbox 939 1891 1005 1942; x_wconf 80' lang='grc' dir='ltr'><strong>τὰ</strong></span> <span class='ocrx_word' id='word_1_235' title='bbox 1054 1892 1200 1963; x_wconf 77' lang='grc' dir='ltr'>παρὰ</span> <span class='ocrx_word' id='word_1_236' title='bbox 1258 1896 1530 1966; x_wconf 73' lang='grc' dir='ltr'>μειροαίου</span> <span class='ocrx_word' id='word_1_237' title='bbox 1586 1893 1714 1944; x_wconf 90' lang='grc' dir='ltr'><strong>θαυ-</strong></span> 
     </span>
    </p>
   </div>
   <div class='ocr_carea' id='block_1_37' title="bbox 97 1974 1714 2054">
    <p class='ocr_par' dir='ltr' id='par_1_37' title="bbox 97 1974 1714 2054">
     <span class='ocr_line' id='line_1_37' title="bbox 97 1974 1714 2054; baseline 0.005 -27"><span class='ocrx_word' id='word_1_238' title='bbox 97 1977 574 2048; x_wconf 70' lang='grc' dir='ltr'>ματουργούμενα·</span> <span class='ocrx_word' id='word_1_239' title='bbox 606 1981 698 2029; x_wconf 82' lang='grc' dir='ltr'><strong>καὶ</strong></span> <span class='ocrx_word' id='word_1_240' title='bbox 749 1978 844 2029; x_wconf 76' lang='grc' dir='ltr'><strong>οὐκ</strong></span> <span class='ocrx_word' id='word_1_241' title='bbox 895 1976 956 2029; x_wconf 76' lang='grc' dir='ltr'>ἂν</span> <span class='ocrx_word' id='word_1_242' title='bbox 1010 1974 1303 2037; x_wconf 77' lang='grc' dir='ltr'><strong>ἐδεήθησαν</strong></span> <span class='ocrx_word' id='word_1_243' title='bbox 1354 1982 1403 2032; x_wconf 80' lang='grc' dir='ltr'><strong>οἱ</strong></span> <span class='ocrx_word' id='word_1_244' title='bbox 1457 1981 1714 2054; x_wconf 80' lang='grc' dir='ltr'>Ἰσραηλῖ-</span> 
     </span>
    </p>
   </div>
   <div class='ocr_carea' id='block_1_38' title="bbox 98 2066 1714 2144">
    <p class='ocr_par' dir='ltr' id='par_1_38' title="bbox 98 2066 1714 2144">
     <span class='ocr_line' id='line_1_38' title="bbox 98 2066 1714 2144; baseline 0.006 -29"><span class='ocrx_word' id='word_1_245' title='bbox 98 2083 190 2116; x_wconf 76' lang='grc' dir='ltr'>ται</span> <span class='ocrx_word' id='word_1_246' title='bbox 254 2070 353 2116; x_wconf 77' lang='grc' dir='ltr'><strong>τοῦ</strong></span> <span class='ocrx_word' id='word_1_247' title='bbox 405 2066 644 2118; x_wconf 69' lang='grc' dir='ltr'><strong>Ἰωάννου</strong></span> <span class='ocrx_word' id='word_1_248' title='bbox 701 2073 1081 2143; x_wconf 75' lang='grc' dir='ltr'>φανερώσαντος</span> <span class='ocrx_word' id='word_1_249' title='bbox 1138 2071 1246 2140; x_wconf 84' lang='lat'><strong>(93)</strong></span> <span class='ocrx_word' id='word_1_250' title='bbox 1296 2069 1468 2124; x_wconf 63' lang='grc' dir='ltr'>αὐτόν.</span> <span class='ocrx_word' id='word_1_251' title='bbox 1530 2074 1714 2144; x_wconf 79' lang='grc' dir='ltr'>Εῗρηκε</span> 
     </span>
    </p>
   </div>
   <div class='ocr_carea' id='block_1_39' title="bbox 96 2154 1714 2233">
    <p class='ocr_par' dir='ltr' id='par_1_39' title="bbox 96 2154 1714 2233">
     <span class='ocr_line' id='line_1_39' title="bbox 96 2154 1714 2233; baseline 0.006 -28"><span class='ocrx_word' id='word_1_252' title='bbox 96 2156 204 2227; x_wconf 72' lang='grc' dir='ltr'><strong>γὰρ</strong></span> <span class='ocrx_word' id='word_1_253' title='bbox 264 2154 423 2216; x_wconf 73' lang='grc' dir='ltr'>αὐτὸς</span> <span class='ocrx_word' id='word_1_254' title='bbox 471 2157 497 2207; x_wconf 92' lang='lat'><strong>6</strong></span> <span class='ocrx_word' id='word_1_255' title='bbox 570 2156 806 2218; x_wconf 76' lang='grc' dir='ltr'><strong>Ἰωάννης</strong></span> <span class='ocrx_word' id='word_1_256' title='bbox 851 2158 930 2210; x_wconf 80' lang='grc' dir='ltr'><strong>ὅτι</strong></span> <span class='ocrx_word' id='word_1_257' title='bbox 976 2156 1087 2211; x_wconf 84' lang='grc' dir='ltr'>Ἵνα</span> <span class='ocrx_word' id='word_1_258' title='bbox 1153 2161 1417 2233; x_wconf 73' lang='grc' dir='ltr'><strong>φανερωθῇ</strong></span> <span class='ocrx_word' id='word_1_259' title='bbox 1484 2168 1556 2232; x_wconf 80' lang='grc' dir='ltr'><strong><em>τῷ</em></strong></span> <span class='ocrx_word' id='word_1_260' title='bbox 1613 2166 1714 2215; x_wconf 82' lang='grc' dir='ltr'>Ἰσ-</span> 
     </span>
    </p>
   </div>
   <div class='ocr_carea' id='block_1_40' title="bbox 97 2239 1714 2323">
    <p class='ocr_par' dir='ltr' id='par_1_40' title="bbox 97 2239 1714 2323">
     <span class='ocr_line' id='line_1_40' title="bbox 97 2239 1714 2323; baseline 0.007 -29"><span class='ocrx_word' id='word_1_261' title='bbox 97 2243 260 2315; x_wconf 79' lang='grc' dir='ltr'>ραὴλ,</span> <span class='ocrx_word' id='word_1_262' title='bbox 321 2239 419 2296; x_wconf 75' lang='grc' dir='ltr'>διὰ</span> <span class='ocrx_word' id='word_1_263' title='bbox 473 2252 626 2298; x_wconf 81' lang='grc' dir='ltr'>τοῦτο</span> <span class='ocrx_word' id='word_1_264' title='bbox 681 2242 837 2304; x_wconf 79' lang='grc' dir='ltr'>ἦλθον</span> <span class='ocrx_word' id='word_1_265' title='bbox 893 2244 991 2319; x_wconf 71' lang='grc' dir='ltr'><strong>ἕγὼ</strong></span> <span class='ocrx_word' id='word_1_266' title='bbox 1062 2245 1110 2300; x_wconf 74' lang='grc' dir='ltr'>ἄν</span> <span class='ocrx_word' id='word_1_267' title='bbox 1168 2256 1240 2319; x_wconf 80' lang='grc' dir='ltr'><strong><em>τῷ</em></strong></span> <span class='ocrx_word' id='word_1_268' title='bbox 1314 2247 1475 2303; x_wconf 74' lang='grc' dir='ltr'>ὕδατι</span> <span class='ocrx_word' id='word_1_269' title='bbox 1525 2250 1714 2323; x_wconf 84' lang='grc' dir='ltr'>βαπτί-</span> 
     </span>
    </p>
   </div>
   <div class='ocr_carea' id='block_1_41' title="bbox 104 2330 1714 2415">
    <p class='ocr_par' dir='ltr' id='par_1_41' title="bbox 104 2330 1714 2415">
     <span class='ocr_line' id='line_1_41' title="bbox 104 2330 1714 2415; baseline 0.005 -31"><span class='ocrx_word' id='word_1_270' title='bbox 104 2334 229 2392; x_wconf 79' lang='grc' dir='ltr'><strong>ζων.</strong></span> <span class='ocrx_word' id='word_1_271' title='bbox 292 2332 522 2396; x_wconf 79' lang='grc' dir='ltr'><strong>Εἰκότως</strong></span> <span class='ocrx_word' id='word_1_272' title='bbox 575 2330 663 2387; x_wconf 81' lang='grc' dir='ltr'>οὖν</span> <span class='ocrx_word' id='word_1_273' title='bbox 717 2333 941 2409; x_wconf 80' lang='grc' dir='ltr'>ἀνέμεινε</span> <span class='ocrx_word' id='word_1_274' title='bbox 996 2341 1088 2395; x_wconf 82' lang='grc' dir='ltr'><strong>τὴν</strong></span> <span class='ocrx_word' id='word_1_275' title='bbox 1136 2335 1362 2410; x_wconf 66' lang='grc' dir='ltr'>ἀνδράσι</span> <span class='ocrx_word' id='word_1_276' title='bbox 1414 2344 1714 2415; x_wconf 78' lang='grc' dir='ltr'>πρέπουσαν</span> 
     </span>
    </p>
   </div>
   <div class='ocr_carea' id='block_1_42' title="bbox 104 2422 1718 2502">
    <p class='ocr_par' dir='ltr' id='par_1_42' title="bbox 104 2422 1718 2502">
     <span class='ocr_line' id='line_1_42' title="bbox 104 2422 1718 2502; baseline 0.007 -30"><span class='ocrx_word' id='word_1_277' title='bbox 104 2422 342 2486; x_wconf 74' lang='grc' dir='ltr'>ἠλικίαν,</span> <span class='ocrx_word' id='word_1_278' title='bbox 395 2422 480 2475; x_wconf 84' lang='grc' dir='ltr'>ἱνα</span> <span class='ocrx_word' id='word_1_279' title='bbox 515 2428 587 2497; x_wconf 80' lang='grc' dir='ltr'>μὴ</span> <span class='ocrx_word' id='word_1_280' title='bbox 634 2429 894 2496; x_wconf 82' lang='grc' dir='ltr'>νομίσωσι</span> <span class='ocrx_word' id='word_1_281' title='bbox 946 2431 1233 2498; x_wconf 79' lang='grc' dir='ltr'><strong>φαντασίαν</strong></span> <span class='ocrx_word' id='word_1_282' title='bbox 1281 2425 1407 2481; x_wconf 80' lang='grc' dir='ltr'>εἶναι</span> <span class='ocrx_word' id='word_1_283' title='bbox 1461 2432 1525 2482; x_wconf 73' lang='grc' dir='ltr'>τὰ</span> <span class='ocrx_word' id='word_1_284' title='bbox 1570 2436 1718 2502; x_wconf 74' lang='grc' dir='ltr'><strong>γινό-</strong></span> 
     </span>
    </p>
   </div>
   <div class='ocr_carea' id='block_1_43' title="bbox 101 2511 1712 2594">
    <p class='ocr_par' dir='ltr' id='par_1_43' title="bbox 101 2511 1712 2594">
     <span class='ocr_line' id='line_1_43' title="bbox 101 2511 1712 2594; baseline 0.006 -31"><span class='ocrx_word' id='word_1_285' title='bbox 101 2531 256 2583; x_wconf 76' lang='grc' dir='ltr'>μενα,</span> <span class='ocrx_word' id='word_1_286' title='bbox 313 2512 377 2564; x_wconf 80' lang='lat' dir='ltr'><strong>Ei</strong></span> <span class='ocrx_word' id='word_1_287' title='bbox 426 2514 550 2586; x_wconf 74' lang='grc' dir='ltr'>γὰρ,</span> <span class='ocrx_word' id='word_1_288' title='bbox 611 2511 659 2564; x_wconf 81' lang='grc' dir='ltr'>ἐν</span> <span class='ocrx_word' id='word_1_289' title='bbox 712 2513 878 2587; x_wconf 77' lang='grc' dir='ltr'>τελείᾳ</span> <span class='ocrx_word' id='word_1_290' title='bbox 938 2514 1115 2589; x_wconf 73' lang='grc' dir='ltr'>ἡλικίᾳ</span> <span class='ocrx_word' id='word_1_291' title='bbox 1172 2519 1712 2594; x_wconf 68' lang='grc' dir='ltr'>θαυματουργούντος,</span> 
     </span>
    </p>
   </div>
   <div class='ocr_carea' id='block_1_44' title="bbox 102 2599 1713 2679">
    <p class='ocr_par' dir='ltr' id='par_1_44' title="bbox 102 2599 1713 2679">
     <span class='ocr_line' id='line_1_44' title="bbox 102 2599 1713 2679; baseline 0.006 -28"><span class='ocrx_word' id='word_1_292' title='bbox 102 2599 292 2653; x_wconf 76' lang='grc' dir='ltr'>πολλοὶ</span> <span class='ocrx_word' id='word_1_293' title='bbox 340 2608 498 2653; x_wconf 74' lang='grc' dir='ltr'>τοῦτο</span> <span class='ocrx_word' id='word_1_294' title='bbox 550 2603 871 2670; x_wconf 72' lang='grc' dir='ltr'>ὑπώπτευον,</span> <span class='ocrx_word' id='word_1_295' title='bbox 934 2603 1102 2676; x_wconf 83' lang='grc' dir='ltr'>πολλῷ</span> <span class='ocrx_word' id='word_1_296' title='bbox 1177 2605 1366 2679; x_wconf 85' lang='grc' dir='ltr'>μᾶλλον</span> <span class='ocrx_word' id='word_1_297' title='bbox 1422 2606 1472 2660; x_wconf 75' lang='grc' dir='ltr'>ἐν</span> <span class='ocrx_word' id='word_1_298' title='bbox 1531 2607 1713 2663; x_wconf 84' lang='grc' dir='ltr'>ἀτελεῖ.</span> 
     </span>
    </p>
   </div>
   <div class='ocr_carea' id='block_1_45' title="bbox 107 2687 1718 2772">
    <p class='ocr_par' dir='ltr' id='par_1_45' title="bbox 107 2687 1718 2772">
     <span class='ocr_line' id='line_1_45' title="bbox 107 2687 1718 2772; baseline 0.004 -29"><span class='ocrx_word' id='word_1_299' title='bbox 107 2695 213 2743; x_wconf 75' lang='grc' dir='ltr'><strong>Καὶ</strong></span> <span class='ocrx_word' id='word_1_300' title='bbox 253 2691 446 2743; x_wconf 72' lang='grc' dir='ltr'>θᾶττον</span> <span class='ocrx_word' id='word_1_301' title='bbox 477 2687 536 2743; x_wconf 75' lang='grc' dir='ltr'>δε</span> <span class='ocrx_word' id='word_1_302' title='bbox 562 2695 648 2744; x_wconf 81' lang='grc' dir='ltr'><strong>καὶ</strong></span> <span class='ocrx_word' id='word_1_303' title='bbox 678 2692 791 2764; x_wconf 64' lang='grc'>(94)</span> <span class='ocrx_word' id='word_1_304' title='bbox 836 2697 938 2768; x_wconf 82' lang='grc' dir='ltr'>πρὸ</span> <span class='ocrx_word' id='word_1_305' title='bbox 981 2701 1073 2746; x_wconf 78' lang='grc' dir='ltr'><strong>τοῦ</strong></span> <span class='ocrx_word' id='word_1_306' title='bbox 1124 2701 1476 2771; x_wconf 79' lang='grc' dir='ltr'>προσήκοντος</span> <span class='ocrx_word' id='word_1_307' title='bbox 1531 2705 1718 2772; x_wconf 80' lang='grc' dir='ltr'>καιροῦ</span> 
     </span>
    </p>
   </div>
   <div class='ocr_carea' id='block_1_46' title="bbox 104 2778 1717 2860">
    <p class='ocr_par' dir='ltr' id='par_1_46' title="bbox 104 2778 1717 2860">
     <span class='ocr_line' id='line_1_46' title="bbox 104 2778 1717 2860; baseline 0.006 -30"><span class='ocrx_word' id='word_1_308' title='bbox 104 2783 373 2852; x_wconf 74' lang='grc' dir='ltr'>ὥρμησαν</span> <span class='ocrx_word' id='word_1_309' title='bbox 414 2778 477 2831; x_wconf 76' lang='grc' dir='ltr'><strong>ἂν</strong></span> <span class='ocrx_word' id='word_1_310' title='bbox 517 2778 599 2833; x_wconf 71' lang='grc' dir='ltr'><strong>ἐπὶ</strong></span> <span class='ocrx_word' id='word_1_311' title='bbox 627 2784 713 2833; x_wconf 85' lang='grc' dir='ltr'><strong>τὸν</strong></span> <span class='ocrx_word' id='word_1_312' title='bbox 768 2786 1014 2858; x_wconf 66' lang='grc' dir='ltr'>πανρόν,</span> <span class='ocrx_word' id='word_1_313' title='bbox 1057 2791 1119 2856; x_wconf 72' lang='grc' dir='ltr'><strong>τῇ</strong></span> <span class='ocrx_word' id='word_1_314' title='bbox 1172 2783 1441 2859; x_wconf 78' lang='grc' dir='ltr'><strong>βασκανίᾳ</strong></span> <span class='ocrx_word' id='word_1_315' title='bbox 1492 2791 1717 2860; x_wconf 80' lang='grc' dir='ltr'><strong>τηκόμε-</strong></span> 
     </span>
    </p>
   </div>
   <div class='ocr_carea' id='block_1_47' title="bbox 99 2868 1715 2946">
    <p class='ocr_par' dir='ltr' id='par_1_47' title="bbox 99 2868 1715 2946">
     <span class='ocr_line' id='line_1_47' title="bbox 99 2868 1715 2946; baseline 0.006 -26"><span class='ocrx_word' id='word_1_316' title='bbox 99 2888 206 2936; x_wconf 86' lang='grc' dir='ltr'>νοι,</span> <span class='ocrx_word' id='word_1_317' title='bbox 264 2874 363 2922; x_wconf 81' lang='grc' dir='ltr'><strong>καὶ</strong></span> <span class='ocrx_word' id='word_1_318' title='bbox 423 2868 604 2922; x_wconf 83' lang='grc' dir='ltr'>λοιπὸν</span> <span class='ocrx_word' id='word_1_319' title='bbox 670 2870 866 2944; x_wconf 77' lang='grc' dir='ltr'>ἔμελλεν</span> <span class='ocrx_word' id='word_1_320' title='bbox 932 2872 991 2926; x_wconf 72' lang='grc' dir='ltr'><strong>οὐ</strong></span> <span class='ocrx_word' id='word_1_321' title='bbox 1053 2878 1207 2946; x_wconf 79' lang='grc' dir='ltr'>μόνον</span> <span class='ocrx_word' id='word_1_322' title='bbox 1267 2873 1625 2936; x_wconf 77' lang='grc' dir='ltr'>ἂπιστηθῆναι</span> <span class='ocrx_word' id='word_1_323' title='bbox 1685 2878 1715 2935; x_wconf 79' lang='grc' dir='ltr'>ἡ</span> 
     </span>
    </p>
   </div>
   <div class='ocr_carea' id='block_1_48' title="bbox 101 2958 1721 3039">
    <p class='ocr_par' dir='ltr' id='par_1_48' title="bbox 101 2958 1721 3039">
     <span class='ocr_line' id='line_1_48' title="bbox 101 2958 1721 3039; baseline 0.007 -30"><span class='ocrx_word' id='word_1_324' title='bbox 101 2959 388 3032; x_wconf 75' lang='grc' dir='ltr'>οἰκονομία</span> <span class='ocrx_word' id='word_1_325' title='bbox 438 2966 536 3022; x_wconf 85' lang='grc' dir='ltr'>τῆς</span> <span class='ocrx_word' id='word_1_326' title='bbox 591 2958 1039 3036; x_wconf 72' lang='grc' dir='ltr'>ἔνανθρωπήσεως,</span> <span class='ocrx_word' id='word_1_327' title='bbox 1074 2961 1202 3016; x_wconf 82' lang='grc' dir='ltr'><strong>ἀλλά</strong></span> <span class='ocrx_word' id='word_1_328' title='bbox 1255 2970 1346 3018; x_wconf 80' lang='grc' dir='ltr'><strong>καὶ</strong></span> <span class='ocrx_word' id='word_1_329' title='bbox 1395 2963 1721 3039; x_wconf 75' lang='grc' dir='ltr'>ἐμποδισθῆ-</span> 
     </span>
    </p>
   </div>
   <div class='ocr_carea' id='block_1_49' title="bbox 101 3048 658 3121">
    <p class='ocr_par' dir='ltr' id='par_1_49' title="bbox 101 3048 658 3121">
     <span class='ocr_line' id='line_1_49' title="bbox 101 3048 658 3121; baseline 0.004 -21"><span class='ocrx_word' id='word_1_330' title='bbox 101 3068 192 3100; x_wconf 82' lang='grc' dir='ltr'><strong>ναι</strong></span> <span class='ocrx_word' id='word_1_331' title='bbox 224 3051 290 3100; x_wconf 75' lang='grc' dir='ltr'><strong>τὸ</strong></span> <span class='ocrx_word' id='word_1_332' title='bbox 320 3048 658 3121; x_wconf 74' lang='grc' dir='ltr'><strong>Εὐαγγέλιον.</strong></span> 
     </span>
    </p>
   </div>
   <div class='ocr_carea' id='block_1_50' title="bbox 1823 1888 3489 1965">
    <p class='ocr_par' dir='ltr' id='par_1_50' title="bbox 1823 1888 3489 1965">
     <span class='ocr_line' id='line_1_50' title="bbox 1823 1888 3489 1965; baseline -0.003 -16"><span class='ocrx_word' id='word_1_333' title='bbox 1823 1888 2035 1949; x_wconf 83' lang='lat' dir='ltr'><strong>fuisset</strong></span> <span class='ocrx_word' id='word_1_334' title='bbox 2063 1909 2210 1965; x_wconf 90' lang='lat' dir='ltr'><strong>opus</strong></span> <span class='ocrx_word' id='word_1_335' title='bbox 2238 1894 2488 1964; x_wconf 84' lang='lat' dir='ltr'><strong>Joanne,</strong></span> <span class='ocrx_word' id='word_1_336' title='bbox 2518 1896 2585 1949; x_wconf 90' lang='lat' dir='ltr'><strong>ut</strong></span> <span class='ocrx_word' id='word_1_337' title='bbox 2627 1908 2767 1948; x_wconf 90' lang='lat' dir='ltr'><strong>eum</strong></span> <span class='ocrx_word' id='word_1_338' title='bbox 2821 1891 3243 1947; x_wconf 86' lang='lat' dir='ltr'><strong>manifestaret.</strong></span> <span class='ocrx_word' id='word_1_339' title='bbox 3299 1889 3489 1962; x_wconf 85' lang='lat' dir='ltr'><strong>Siqui-</strong></span> 
     </span>
    </p>
   </div>
   <div class='ocr_carea' id='block_1_51' title="bbox 1822 1978 3484 2057">
    <p class='ocr_par' dir='ltr' id='par_1_51' title="bbox 1822 1978 3484 2057">
     <span class='ocr_line' id='line_1_51' title="bbox 1822 1978 3484 2057; baseline -0.005 -14"><span class='ocrx_word' id='word_1_340' title='bbox 1822 1986 1961 2043; x_wconf 90' lang='lat' dir='ltr'><strong>dem</strong></span> <span class='ocrx_word' id='word_1_341' title='bbox 1985 1986 2242 2042; x_wconf 85' lang='lat' dir='ltr'><strong>Joannes</strong></span> <span class='ocrx_word' id='word_1_342' title='bbox 2265 1982 2392 2057; x_wconf 89' lang='lat' dir='ltr'><strong>ipse</strong></span> <span class='ocrx_word' id='word_1_343' title='bbox 2413 1982 2556 2039; x_wconf 84' lang='lat' dir='ltr'><strong>dixit</strong></span> <span class='ocrx_word' id='word_1_344' title='bbox 2589 2001 2602 2041; x_wconf 91' lang='lat'>:</span> <span class='ocrx_word' id='word_1_345' title='bbox 2632 1982 2707 2040; x_wconf 81' lang='lat' dir='ltr'><strong>Ut</strong></span> <span class='ocrx_word' id='word_1_346' title='bbox 2724 1981 3218 2052; x_wconf 76' lang='lat' dir='ltr'><strong>manifestarelur</strong></span> <span class='ocrx_word' id='word_1_347' title='bbox 3244 1978 3484 2048; x_wconf 75' lang='lat' dir='ltr'><strong>Israeli,</strong></span> 
     </span>
    </p>
   </div>
   <div class='ocr_carea' id='block_1_52' title="bbox 1821 2068 3487 2148">
    <p class='ocr_par' dir='ltr' id='par_1_52' title="bbox 1821 2068 3487 2148">
     <span class='ocr_line' id='line_1_52' title="bbox 1821 2068 3487 2148; baseline -0.004 -17"><span class='ocrx_word' id='word_1_348' title='bbox 1821 2082 2064 2148; x_wconf 81' lang='lat' dir='ltr'><strong>propter</strong></span> <span class='ocrx_word' id='word_1_349' title='bbox 2101 2074 2205 2131; x_wconf 86' lang='lat' dir='ltr'><strong>hoc</strong></span> <span class='ocrx_word' id='word_1_350' title='bbox 2238 2072 2368 2129; x_wconf 75' lang='lat' dir='ltr'><strong>veni</strong></span> <span class='ocrx_word' id='word_1_351' title='bbox 2412 2088 2509 2145; x_wconf 88' lang='lat' dir='ltr'><strong>ego</strong></span> <span class='ocrx_word' id='word_1_352' title='bbox 2551 2072 2617 2129; x_wconf 80' lang='lat' dir='ltr'><strong>in</strong></span> <span class='ocrx_word' id='word_1_353' title='bbox 2652 2087 2805 2144; x_wconf 82' lang='lat' dir='ltr'><strong>aqua</strong></span> <span class='ocrx_word' id='word_1_354' title='bbox 2857 2069 3165 2140; x_wconf 77' lang='lat' dir='ltr'><strong>baptizans</strong></span> <span class='ocrx_word' id='word_1_355' title='bbox 3192 2070 3262 2125; x_wconf 71' lang='grc'><strong>³⁸.</strong></span> <span class='ocrx_word' id='word_1_356' title='bbox 3286 2068 3487 2126; x_wconf 80' lang='lat' dir='ltr'><strong>Merito</strong></span> 
     </span>
    </p>
   </div>
   <div class='ocr_carea' id='block_1_53' title="bbox 1824 2158 3487 2237">
    <p class='ocr_par' dir='ltr' id='par_1_53' title="bbox 1824 2158 3487 2237">
     <span class='ocr_line' id='line_1_53' title="bbox 1824 2158 3487 2237; baseline -0.004 -16"><span class='ocrx_word' id='word_1_357' title='bbox 1824 2180 1965 2237; x_wconf 79' lang='lat' dir='ltr'><strong>ergo</strong></span> <span class='ocrx_word' id='word_1_358' title='bbox 1986 2162 2351 2237; x_wconf 79' lang='lat' dir='ltr'><strong>exspectavit</strong></span> <span class='ocrx_word' id='word_1_359' title='bbox 2375 2162 2689 2219; x_wconf 89' lang='lat' dir='ltr'><strong>decenteni</strong></span> <span class='ocrx_word' id='word_1_360' title='bbox 2717 2161 2897 2226; x_wconf 88' lang='lat' dir='ltr'><strong>viros,</strong></span> <span class='ocrx_word' id='word_1_361' title='bbox 2924 2164 3159 2217; x_wconf 59' lang='lat' dir='ltr'><strong>atatem</strong></span> <span class='ocrx_word' id='word_1_362' title='bbox 3192 2174 3266 2214; x_wconf 92' lang='lat' dir='ltr'><strong>ne</strong></span> <span class='ocrx_word' id='word_1_363' title='bbox 3294 2158 3487 2231; x_wconf 84' lang='lat' dir='ltr'><strong>phan-</strong></span> 
     </span>
    </p>
   </div>
   <div class='ocr_carea' id='block_1_54' title="bbox 1823 2246 3488 2323">
    <p class='ocr_par' dir='ltr' id='par_1_54' title="bbox 1823 2246 3488 2323">
     <span class='ocr_line' id='line_1_54' title="bbox 1823 2246 3488 2323; baseline -0.005 -12"><span class='ocrx_word' id='word_1_364' title='bbox 1823 2256 2079 2311; x_wconf 86' lang='lat' dir='ltr'><strong>tasmata</strong></span> <span class='ocrx_word' id='word_1_365' title='bbox 2103 2267 2236 2308; x_wconf 88' lang='lat' dir='ltr'><strong>esse</strong></span> <span class='ocrx_word' id='word_1_366' title='bbox 2266 2254 2545 2323; x_wconf 87' lang='lat' dir='ltr'><strong>putarent</strong></span> <span class='ocrx_word' id='word_1_367' title='bbox 2569 2266 2641 2307; x_wconf 92' lang='lat' dir='ltr'><strong>ea</strong></span> <span class='ocrx_word' id='word_1_368' title='bbox 2676 2265 2814 2323; x_wconf 69' lang='lat' dir='ltr'><strong>quae</strong></span> <span class='ocrx_word' id='word_1_369' title='bbox 2844 2248 3073 2304; x_wconf 86' lang='lat' dir='ltr'><strong>ﬁerent.</strong></span> <span class='ocrx_word' id='word_1_370' title='bbox 3098 2250 3247 2303; x_wconf 87' lang='lat' dir='ltr'><strong>Nam</strong></span> <span class='ocrx_word' id='word_1_371' title='bbox 3277 2247 3326 2302; x_wconf 91' lang='lat' dir='ltr'><strong>si</strong></span> <span class='ocrx_word' id='word_1_372' title='bbox 3357 2246 3488 2319; x_wconf 87' lang='lat' dir='ltr'><strong>plu-</strong></span> 
     </span>
    </p>
   </div>
   <div class='ocr_carea' id='block_1_55' title="bbox 1825 2334 3490 2414">
    <p class='ocr_par' dir='ltr' id='par_1_55' title="bbox 1825 2334 3490 2414">
     <span class='ocr_line' id='line_1_55' title="bbox 1825 2334 3490 2414; baseline -0.007 -13"><span class='ocrx_word' id='word_1_373' title='bbox 1825 2343 1962 2401; x_wconf 83' lang='lat' dir='ltr'><strong>rimi</strong></span> <span class='ocrx_word' id='word_1_374' title='bbox 2000 2342 2062 2398; x_wconf 90' lang='lat' dir='ltr'><strong>id</strong></span> <span class='ocrx_word' id='word_1_375' title='bbox 2089 2342 2555 2414; x_wconf 89' lang='lat' dir='ltr'><strong>suspicabantur</strong></span> <span class='ocrx_word' id='word_1_376' title='bbox 2579 2355 2717 2395; x_wconf 91' lang='lat' dir='ltr'><strong>cum</strong></span> <span class='ocrx_word' id='word_1_377' title='bbox 2745 2338 2804 2394; x_wconf 92' lang='lat' dir='ltr'><strong>in</strong></span> <span class='ocrx_word' id='word_1_378' title='bbox 2833 2336 3103 2408; x_wconf 83' lang='lat' dir='ltr'><strong>legitima</strong></span> <span class='ocrx_word' id='word_1_379' title='bbox 3131 2351 3202 2393; x_wconf 90' lang='lat' dir='ltr'><strong>ac</strong></span> <span class='ocrx_word' id='word_1_380' title='bbox 3224 2334 3490 2407; x_wconf 84' lang='lat' dir='ltr'><strong>perfecta</strong></span> 
     </span>
    </p>
   </div>
   <div class='ocr_carea' id='block_1_56' title="bbox 1825 2425 3492 2503">
    <p class='ocr_par' dir='ltr' id='par_1_56' title="bbox 1825 2425 3492 2503">
     <span class='ocr_line' id='line_1_56' title="bbox 1825 2425 3492 2503; baseline -0.007 -13"><span class='ocrx_word' id='word_1_381' title='bbox 1825 2437 1999 2490; x_wconf 61' lang='lat' dir='ltr'><strong>aetate</strong></span> <span class='ocrx_word' id='word_1_382' title='bbox 2028 2431 2323 2488; x_wconf 89' lang='lat' dir='ltr'><strong>mirabilia</strong></span> <span class='ocrx_word' id='word_1_383' title='bbox 2347 2433 2717 2503; x_wconf 85' lang='lat' dir='ltr'><strong>operaretur,</strong></span> <span class='ocrx_word' id='word_1_384' title='bbox 2750 2427 2941 2483; x_wconf 91' lang='lat' dir='ltr'><strong>multo</strong></span> <span class='ocrx_word' id='word_1_385' title='bbox 2968 2426 3162 2499; x_wconf 81' lang='lat' dir='ltr'><strong>magis</strong></span> <span class='ocrx_word' id='word_1_386' title='bbox 3188 2425 3249 2481; x_wconf 90' lang='lat' dir='ltr'><strong>in</strong></span> <span class='ocrx_word' id='word_1_387' title='bbox 3274 2426 3492 2497; x_wconf 88' lang='lat' dir='ltr'><strong>imper-</strong></span> 
     </span>
    </p>
   </div>
   <div class='ocr_carea' id='block_1_57' title="bbox 1827 2513 3488 2594">
    <p class='ocr_par' dir='ltr' id='par_1_57' title="bbox 1827 2513 3488 2594">
     <span class='ocr_line' id='line_1_57' title="bbox 1827 2513 3488 2594; baseline -0.006 -15"><span class='ocrx_word' id='word_1_388' title='bbox 1827 2523 2069 2587; x_wconf 83' lang='lat' dir='ltr'><strong>fecta,et</strong></span> <span class='ocrx_word' id='word_1_389' title='bbox 2096 2522 2454 2594; x_wconf 87' lang='lat' dir='ltr'><strong>priusquam</strong></span> <span class='ocrx_word' id='word_1_390' title='bbox 2486 2526 2724 2591; x_wconf 88' lang='lat' dir='ltr'><strong>tempus</strong></span> <span class='ocrx_word' id='word_1_391' title='bbox 2744 2516 3103 2574; x_wconf 86' lang='lat' dir='ltr'><strong>conveniens</strong></span> <span class='ocrx_word' id='word_1_392' title='bbox 3124 2513 3488 2580; x_wconf 86' lang='lat' dir='ltr'><strong>advenisset,</strong></span> 
     </span>
    </p>
   </div>
   <div class='ocr_carea' id='block_1_58' title="bbox 1828 2604 3494 2673">
    <p class='ocr_par' dir='ltr' id='par_1_58' title="bbox 1828 2604 3494 2673">
     <span class='ocr_line' id='line_1_58' title="bbox 1828 2604 3494 2673; baseline -0.007 -5"><span class='ocrx_word' id='word_1_393' title='bbox 1828 2627 1967 2669; x_wconf 92' lang='lat' dir='ltr'><strong>cum</strong></span> <span class='ocrx_word' id='word_1_394' title='bbox 1997 2610 2227 2666; x_wconf 80' lang='lat' dir='ltr'><strong>invidia</strong></span> <span class='ocrx_word' id='word_1_395' title='bbox 2258 2610 2647 2673; x_wconf 86' lang='lat' dir='ltr'><strong>tabescerent,</strong></span> <span class='ocrx_word' id='word_1_396' title='bbox 2680 2608 2740 2662; x_wconf 95' lang='lat' dir='ltr'><strong>in</strong></span> <span class='ocrx_word' id='word_1_397' title='bbox 2755 2606 3124 2663; x_wconf 68' lang='lat' dir='ltr'><strong>Salvator-em</strong></span> <span class='ocrx_word' id='word_1_398' title='bbox 3142 2604 3494 2660; x_wconf 83' lang='lat' dir='ltr'><strong>insurrexis-</strong></span> 
     </span>
    </p>
   </div>
   <div class='ocr_carea' id='block_1_59' title="bbox 1828 2692 3489 2765">
    <p class='ocr_par' dir='ltr' id='par_1_59' title="bbox 1828 2692 3489 2765">
     <span class='ocr_line' id='line_1_59' title="bbox 1828 2692 3489 2765; baseline -0.005 -8"><span class='ocrx_word' id='word_1_399' title='bbox 1828 2705 1959 2757; x_wconf 88' lang='lat' dir='ltr'><strong>sent</strong></span> <span class='ocrx_word' id='word_1_400' title='bbox 1985 2705 2044 2756; x_wconf 90' lang='lat' dir='ltr'><strong>et</strong></span> <span class='ocrx_word' id='word_1_401' title='bbox 2085 2701 2166 2756; x_wconf 89' lang='lat' dir='ltr'><strong>ita</strong></span> <span class='ocrx_word' id='word_1_402' title='bbox 2204 2715 2325 2755; x_wconf 94' lang='lat' dir='ltr'><strong>non</strong></span> <span class='ocrx_word' id='word_1_403' title='bbox 2356 2698 2552 2753; x_wconf 88' lang='lat' dir='ltr'><strong>solum</strong></span> <span class='ocrx_word' id='word_1_404' title='bbox 2584 2695 2873 2752; x_wconf 89' lang='lat' dir='ltr'><strong>increduli</strong></span> <span class='ocrx_word' id='word_1_405' title='bbox 2907 2694 3158 2750; x_wconf 88' lang='lat' dir='ltr'><strong>fuissent</strong></span> <span class='ocrx_word' id='word_1_406' title='bbox 3183 2692 3489 2765; x_wconf 88' lang='lat' dir='ltr'><strong>dispensa-</strong></span> 
     </span>
    </p>
   </div>
   <div class='ocr_carea' id='block_1_60' title="bbox 1828 2781 3491 2853">
    <p class='ocr_par' dir='ltr' id='par_1_60' title="bbox 1828 2781 3491 2853">
     <span class='ocr_line' id='line_1_60' title="bbox 1828 2781 3491 2853; baseline -0.007 -6"><span class='ocrx_word' id='word_1_407' title='bbox 1828 2789 1977 2847; x_wconf 86' lang='lat' dir='ltr'><strong>tioni</strong></span> <span class='ocrx_word' id='word_1_408' title='bbox 2038 2786 2498 2853; x_wconf 87' lang='lat' dir='ltr'><strong>Incarnationis,</strong></span> <span class='ocrx_word' id='word_1_409' title='bbox 2551 2784 2657 2842; x_wconf 89' lang='lat' dir='ltr'><strong>sed</strong></span> <span class='ocrx_word' id='word_1_410' title='bbox 2712 2785 2885 2841; x_wconf 89' lang='lat' dir='ltr'><strong>etiam</strong></span> <span class='ocrx_word' id='word_1_411' title='bbox 2939 2782 3324 2853; x_wconf 79' lang='lat' dir='ltr'><strong>Evangelium</strong></span> <span class='ocrx_word' id='word_1_412' title='bbox 3381 2781 3491 2835; x_wconf 85' lang='lat' dir='ltr'><strong>im-</strong></span> 
     </span>
    </p>
   </div>
   <div class='ocr_carea' id='block_1_61' title="bbox 1830 2878 2215 2953">
    <p class='ocr_par' dir='ltr' id='par_1_61' title="bbox 1830 2878 2215 2953">
     <span class='ocr_line' id='line_1_61' title="bbox 1830 2878 2215 2953; baseline -0.003 -17"><span class='ocrx_word' id='word_1_413' title='bbox 1830 2878 2215 2953; x_wconf 86' lang='lat' dir='ltr'><strong>pedivissent.</strong></span> 
     </span>
    </p>
   </div>
   <div class='ocr_carea' id='block_1_62' title="bbox 172 3134 1722 3223">
    <p class='ocr_par' dir='ltr' id='par_1_62' title="bbox 172 3134 1721 3217">
     <span class='ocr_line' id='line_1_62' title="bbox 172 3134 1721 3217; baseline 0.006 -29"><span class='ocrx_word' id='word_1_414' title='bbox 172 3142 433 3196; x_wconf 73' lang='grc' dir='ltr'>Ζὴτησον</span> <span class='ocrx_word' id='word_1_415' title='bbox 464 3134 524 3191; x_wconf 67' lang='grc' dir='ltr'>δε</span> <span class='ocrx_word' id='word_1_416' title='bbox 557 3142 648 3192; x_wconf 80' lang='grc' dir='ltr'><strong>καὶ</strong></span> <span class='ocrx_word' id='word_1_417' title='bbox 701 3138 752 3192; x_wconf 76' lang='grc' dir='ltr'><strong><em>ἕν</em></strong></span> <span class='ocrx_word' id='word_1_418' title='bbox 804 3149 877 3212; x_wconf 81' lang='grc' dir='ltr'><strong>τῷ</strong></span> <span class='ocrx_word' id='word_1_419' title='bbox 928 3145 1088 3216; x_wconf 78' lang='grc' dir='ltr'>τρίτῷ</span> <span class='ocrx_word' id='word_1_420' title='bbox 1120 3141 1381 3217; x_wconf 77' lang='grc' dir='ltr'>κεφαλαίῳ</span> <span class='ocrx_word' id='word_1_421' title='bbox 1437 3153 1527 3198; x_wconf 81' lang='grc' dir='ltr'>τοῦ</span> <span class='ocrx_word' id='word_1_422' title='bbox 1585 3148 1721 3199; x_wconf 80' lang='grc' dir='ltr'><strong>κατὰ</strong></span> 
     </span>
    </p>
   </div>
   <div class='ocr_carea' id='block_1_63' title="bbox 1842 3134 3485 3223">
    <p class='ocr_par' dir='ltr' id='par_1_63' title="bbox 1904 3139 3485 3212">
     <span class='ocr_line' id='line_1_63' title="bbox 1904 3139 3485 3212; baseline -0.004 -11"><span class='ocrx_word' id='word_1_423' title='bbox 1904 3147 2113 3212; x_wconf 47' lang='lat' dir='ltr'><strong>Quaere</strong></span> <span class='ocrx_word' id='word_1_424' title='bbox 2184 3142 2365 3200; x_wconf 89' lang='lat' dir='ltr'><strong>etiam</strong></span> <span class='ocrx_word' id='word_1_425' title='bbox 2424 3140 2594 3199; x_wconf 90' lang='lat' dir='ltr'><strong>tertio</strong></span> <span class='ocrx_word' id='word_1_426' title='bbox 2660 3140 2832 3211; x_wconf 85' lang='lat' dir='ltr'><strong>juxta</strong></span> <span class='ocrx_word' id='word_1_427' title='bbox 2885 3139 3228 3196; x_wconf 65' lang='lat' dir='ltr'><strong>Matthmum</strong></span> <span class='ocrx_word' id='word_1_428' title='bbox 3272 3139 3485 3212; x_wconf 89' lang='lat' dir='ltr'><strong>capite,</strong></span> 
     </span>
    </p>
   </div>
   <div class='ocr_carea' id='block_1_64' title="bbox 101 3223 1721 3308">
    <p class='ocr_par' dir='ltr' id='par_1_64' title="bbox 101 3223 1721 3308">
     <span class='ocr_line' id='line_1_64' title="bbox 101 3223 1721 3308; baseline 0.004 -27"><span class='ocrx_word' id='word_1_429' title='bbox 101 3228 409 3297; x_wconf 64' lang='grc' dir='ltr'><strong>Μπθαίον,</strong></span> <span class='ocrx_word' id='word_1_430' title='bbox 472 3223 619 3280; x_wconf 80' lang='grc' dir='ltr'>διατί</span> <span class='ocrx_word' id='word_1_431' title='bbox 673 3233 803 3301; x_wconf 79' lang='grc' dir='ltr'>μετὰ</span> <span class='ocrx_word' id='word_1_432' title='bbox 865 3235 1176 3302; x_wconf 82' lang='grc' dir='ltr'>τριακοστὸν</span> <span class='ocrx_word' id='word_1_433' title='bbox 1228 3236 1341 3296; x_wconf 76' lang='grc' dir='ltr'>ἔτος</span> <span class='ocrx_word' id='word_1_434' title='bbox 1390 3235 1416 3286; x_wconf 88' lang='lat'><strong>6</strong></span> <span class='ocrx_word' id='word_1_435' title='bbox 1488 3239 1721 3308; x_wconf 84' lang='grc' dir='ltr'>Χριστὸς</span> 
     </span>
    </p>
   </div>
   <div class='ocr_carea' id='block_1_65' title="bbox 103 3314 1723 3392">
    <p class='ocr_par' dir='ltr' id='par_1_65' title="bbox 103 3314 1723 3392">
     <span class='ocr_line' id='line_1_65' title="bbox 103 3314 1723 3392; baseline 0.006 -24"><span class='ocrx_word' id='word_1_436' title='bbox 103 3314 266 3374; x_wconf 72' lang='grc' dir='ltr'>ἦλθεν</span> <span class='ocrx_word' id='word_1_437' title='bbox 306 3316 397 3369; x_wconf 78' lang='grc' dir='ltr'><strong>ἐπὶ</strong></span> <span class='ocrx_word' id='word_1_438' title='bbox 424 3320 482 3369; x_wconf 85' lang='grc' dir='ltr'><strong>τὸ</strong></span> <span class='ocrx_word' id='word_1_439' title='bbox 538 3316 839 3392; x_wconf 75' lang='grc' dir='ltr'><strong>βάπτισμα,</strong></span> <span class='ocrx_word' id='word_1_440' title='bbox 873 3319 994 3373; x_wconf 79' lang='grc' dir='ltr'><strong>ἔνθὰ</strong></span> <span class='ocrx_word' id='word_1_441' title='bbox 1043 3328 1211 3375; x_wconf 81' lang='grc' dir='ltr'>κεῖται</span> <span class='ocrx_word' id='word_1_442' title='bbox 1236 3326 1315 3392; x_wconf 81' lang='grc' dir='ltr'><strong>τό,</strong></span> <span class='ocrx_word' id='word_1_443' title='bbox 1378 3322 1458 3376; x_wconf 86' lang='grc' dir='ltr'><strong>Ἐν</strong></span> <span class='ocrx_word' id='word_1_444' title='bbox 1506 3321 1564 3377; x_wconf 68' lang='grc' dir='ltr'><strong>δὲ</strong></span> <span class='ocrx_word' id='word_1_445' title='bbox 1604 3332 1723 3387; x_wconf 86' lang='grc' dir='ltr'>ταῖς</span> 
     </span>
    </p>
   </div>
   <div class='ocr_carea' id='block_1_66' title="bbox 102 3404 1719 3481">
    <p class='ocr_par' dir='ltr' id='par_1_66' title="bbox 102 3404 1719 3481">
     <span class='ocr_line' id='line_1_66' title="bbox 102 3404 1719 3481; baseline 0.006 -23"><span class='ocrx_word' id='word_1_446' title='bbox 102 3408 340 3479; x_wconf 65' lang='grc' dir='ltr'>ἡμέραις</span> <span class='ocrx_word' id='word_1_447' title='bbox 373 3404 589 3469; x_wconf 71' lang='grc' dir='ltr'>εκείναις</span> <span class='ocrx_word' id='word_1_448' title='bbox 646 3414 990 3481; x_wconf 69' lang='grc' dir='ltr'>παραγίνεται</span> <span class='ocrx_word' id='word_1_449' title='bbox 1046 3411 1285 3473; x_wconf 73' lang='grc' dir='ltr'><strong>Ἰωάννης</strong></span> <span class='ocrx_word' id='word_1_450' title='bbox 1323 3414 1349 3466; x_wconf 92' lang='lat'><strong>6</strong></span> <span class='ocrx_word' id='word_1_451' title='bbox 1402 3418 1719 3477; x_wconf 76' lang='grc' dir='ltr'>Βαπτιστὴς,</span> 
     </span>
    </p>
   </div>
   <div class='ocr_carea' id='block_1_67' title="bbox 105 3495 1724 3579">
    <p class='ocr_par' dir='ltr' id='par_1_67' title="bbox 105 3495 1724 3579">
     <span class='ocr_line' id='line_1_67' title="bbox 105 3495 1724 3579; baseline 0.006 -32"><span class='ocrx_word' id='word_1_452' title='bbox 105 3498 410 3571; x_wconf 69' lang='grc' dir='ltr'>κηρύσσων</span> <span class='ocrx_word' id='word_1_453' title='bbox 440 3495 492 3549; x_wconf 74' lang='grc' dir='ltr'><strong>ἐν</strong></span> <span class='ocrx_word' id='word_1_454' title='bbox 535 3505 597 3570; x_wconf 79' lang='grc' dir='ltr'><strong>τῇ</strong></span> <span class='ocrx_word' id='word_1_455' title='bbox 653 3500 822 3573; x_wconf 74' lang='grc' dir='ltr'><strong>ἱρήμῳ</strong></span> <span class='ocrx_word' id='word_1_456' title='bbox 877 3507 973 3561; x_wconf 81' lang='grc' dir='ltr'>τῆς</span> <span class='ocrx_word' id='word_1_457' title='bbox 1006 3498 1292 3571; x_wconf 77' lang='grc' dir='ltr'>Ἶουδαίας,</span> <span class='ocrx_word' id='word_1_458' title='bbox 1348 3508 1436 3557; x_wconf 83' lang='grc' dir='ltr'><strong>καὶ</strong></span> <span class='ocrx_word' id='word_1_459' title='bbox 1485 3504 1724 3579; x_wconf 71' lang='grc' dir='ltr'>εὑρήσεις</span> 
     </span>
    </p>
   </div>
   <div class='ocr_carea' id='block_1_68' title="bbox 108 3585 698 3658">
    <p class='ocr_par' dir='ltr' id='par_1_68' title="bbox 108 3585 698 3658">
     <span class='ocr_line' id='line_1_68' title="bbox 108 3585 698 3658; baseline 0.003 -20"><span class='ocrx_word' id='word_1_460' title='bbox 108 3586 295 3648; x_wconf 75' lang='grc' dir='ltr'>αἰτίας</span> <span class='ocrx_word' id='word_1_461' title='bbox 318 3585 698 3658; x_wconf 69' lang='grc' dir='ltr'><strong>εὐλογωτάτας.</strong></span> 
     </span>
    </p>
   </div>
   <div class='ocr_carea' id='block_1_69' title="bbox 190 3674 1728 3755">
    <p class='ocr_par' dir='ltr' id='par_1_69' title="bbox 190 3674 1728 3755">
     <span class='ocr_line' id='line_1_69' title="bbox 190 3674 1728 3755; baseline 0.006 -27"><span class='ocrx_word' id='word_1_462' title='bbox 190 3680 303 3729; x_wconf 66' lang='grc' dir='ltr'><strong>Καὶ</strong></span> <span class='ocrx_word' id='word_1_463' title='bbox 332 3706 399 3716; x_wconf 92' lang='lat'><em>—</em></span> <span class='ocrx_word' id='word_1_464' title='bbox 426 3676 608 3733; x_wconf 73' lang='grc' dir='ltr'><strong>αὐτοῦ.</strong></span> <span class='ocrx_word' id='word_1_465' title='bbox 635 3681 740 3736; x_wconf 79' lang='grc' dir='ltr'><strong>Τὴν</strong></span> <span class='ocrx_word' id='word_1_466' title='bbox 778 3674 1002 3751; x_wconf 80' lang='grc' dir='ltr'>δύναμιν</span> <span class='ocrx_word' id='word_1_467' title='bbox 1032 3679 1211 3747; x_wconf 70' lang='grc' dir='ltr'>αὐτοῦ,</span> <span class='ocrx_word' id='word_1_468' title='bbox 1244 3684 1302 3733; x_wconf 84' lang='grc' dir='ltr'><strong>τὸ</strong></span> <span class='ocrx_word' id='word_1_469' title='bbox 1331 3682 1597 3755; x_wconf 76' lang='grc' dir='ltr'><strong>μεγαλεῖον</strong></span> <span class='ocrx_word' id='word_1_470' title='bbox 1632 3691 1728 3746; x_wconf 85' lang='grc' dir='ltr'>τῆς</span> 
     </span>
    </p>
   </div>
   <div class='ocr_carea' id='block_1_70' title="bbox 113 3765 588 3826">
    <p class='ocr_par' dir='ltr' id='par_1_70' title="bbox 113 3765 588 3826">
     <span class='ocr_line' id='line_1_70' title="bbox 113 3765 588 3826; baseline 0.004 -9"><span class='ocrx_word' id='word_1_471' title='bbox 113 3767 371 3826; x_wconf 69' lang='grc' dir='ltr'><strong>θεότητος</strong></span> <span class='ocrx_word' id='word_1_472' title='bbox 404 3765 588 3819; x_wconf 77' lang='grc' dir='ltr'><strong>αὐτοῦ.</strong></span> 
     </span>
    </p>
   </div>
   <div class='ocr_carea' id='block_1_71' title="bbox 191 3858 1727 3937">
    <p class='ocr_par' dir='ltr' id='par_1_71' title="bbox 191 3858 1727 3937">
     <span class='ocr_line' id='line_1_71' title="bbox 191 3858 1727 3937; baseline 0.004 -29"><span class='ocrx_word' id='word_1_473' title='bbox 191 3861 318 3917; x_wconf 60' lang='lat' dir='ltr'><strong>ne;</strong></span> <span class='ocrx_word' id='word_1_474' title='bbox 354 3861 446 3908; x_wconf 75' lang='grc' dir='ltr'><strong>καὶ</strong></span> <span class='ocrx_word' id='word_1_475' title='bbox 484 3860 586 3907; x_wconf 85' lang='grc' dir='ltr'>τίνι</span> <span class='ocrx_word' id='word_1_476' title='bbox 642 3858 754 3929; x_wconf 78' lang='grc'>(95)</span> <span class='ocrx_word' id='word_1_477' title='bbox 813 3862 1020 3931; x_wconf 82' lang='grc' dir='ltr'>τρόπῳ;</span> <span class='ocrx_word' id='word_1_478' title='bbox 1055 3858 1221 3931; x_wconf 73' lang='grc' dir='ltr'>ὀλίγοι</span> <span class='ocrx_word' id='word_1_479' title='bbox 1271 3863 1370 3937; x_wconf 74' lang='grc' dir='ltr'><strong>γὰρ</strong></span> <span class='ocrx_word' id='word_1_480' title='bbox 1424 3866 1727 3936; x_wconf 85' lang='grc' dir='ltr'><strong>προσέσχον</strong></span> 
     </span>
    </p>
   </div>
   <div class='ocr_carea' id='block_1_72' title="bbox 111 3947 1727 4029">
    <p class='ocr_par' dir='ltr' id='par_1_72' title="bbox 111 3947 1727 4029">
     <span class='ocr_line' id='line_1_72' title="bbox 111 3947 1727 4029; baseline 0.006 -34"><span class='ocrx_word' id='word_1_481' title='bbox 111 3952 193 4014; x_wconf 70' lang='grc' dir='ltr'><strong><em>τῷ</em></strong></span> <span class='ocrx_word' id='word_1_482' title='bbox 251 3947 576 4017; x_wconf 70' lang='grc' dir='ltr'><strong>γεγενημένῳ</strong></span> <span class='ocrx_word' id='word_1_483' title='bbox 620 3949 766 4017; x_wconf 82' lang='grc' dir='ltr'>μόνοι</span> <span class='ocrx_word' id='word_1_484' title='bbox 799 3949 902 4021; x_wconf 74' lang='grc' dir='ltr'><strong>γὰρ</strong></span> <span class='ocrx_word' id='word_1_485' title='bbox 956 3949 1005 3999; x_wconf 78' lang='grc' dir='ltr'>οἱ</span> <span class='ocrx_word' id='word_1_486' title='bbox 1051 3948 1324 4029; x_wconf 54' lang='grc' dir='ltr'>ὑπηρέταιρ</span> <span class='ocrx_word' id='word_1_487' title='bbox 1380 3952 1521 4003; x_wconf 78' lang='grc' dir='ltr'><strong>καὶὸ</strong></span> <span class='ocrx_word' id='word_1_488' title='bbox 1569 3970 1727 4027; x_wconf 85' lang='grc' dir='ltr'>αρχι-</span> 
     </span>
    </p>
   </div>
   <div class='ocr_carea' id='block_1_73' title="bbox 106 4032 1725 4113">
    <p class='ocr_par' dir='ltr' id='par_1_73' title="bbox 106 4032 1725 4113">
     <span class='ocr_line' id='line_1_73' title="bbox 106 4032 1725 4113; baseline 0.006 -28"><span class='ocrx_word' id='word_1_489' title='bbox 106 4032 404 4105; x_wconf 73' lang='grc' dir='ltr'>τρίκλινος,</span> <span class='ocrx_word' id='word_1_490' title='bbox 432 4037 523 4086; x_wconf 77' lang='grc' dir='ltr'>καὶ</span> <span class='ocrx_word' id='word_1_491' title='bbox 566 4034 592 4086; x_wconf 95' lang='lat'><strong>6</strong></span> <span class='ocrx_word' id='word_1_492' title='bbox 620 4035 857 4109; x_wconf 78' lang='grc' dir='ltr'>νυμφίος,</span> <span class='ocrx_word' id='word_1_493' title='bbox 884 4041 974 4088; x_wconf 77' lang='grc' dir='ltr'><strong>καὶ</strong></span> <span class='ocrx_word' id='word_1_494' title='bbox 1030 4038 1080 4089; x_wconf 81' lang='grc' dir='ltr'>οἱ</span> <span class='ocrx_word' id='word_1_495' title='bbox 1108 4039 1344 4110; x_wconf 80' lang='grc' dir='ltr'><strong>μαθηταὶ</strong></span> <span class='ocrx_word' id='word_1_496' title='bbox 1373 4039 1533 4092; x_wconf 73' lang='grc' dir='ltr'>αὐτοῦ</span> <span class='ocrx_word' id='word_1_497' title='bbox 1592 4041 1725 4113; x_wconf 87' lang='lat'><strong>(96).</strong></span> 
     </span>
    </p>
   </div>
   <div class='ocr_carea' id='block_1_74' title="bbox 107 4121 1730 4202">
    <p class='ocr_par' dir='ltr' id='par_1_74' title="bbox 107 4121 1730 4202">
     <span class='ocr_line' id='line_1_74' title="bbox 107 4121 1730 4202; baseline 0.004 -26"><span class='ocrx_word' id='word_1_498' title='bbox 107 4127 187 4176; x_wconf 80' lang='grc' dir='ltr'><strong>Τὸ</strong></span> <span class='ocrx_word' id='word_1_499' title='bbox 251 4140 315 4193; x_wconf 69' lang='grc' dir='ltr'>γε</span> <span class='ocrx_word' id='word_1_500' title='bbox 371 4121 439 4182; x_wconf 87' lang='grc' dir='ltr'>εἰς</span> <span class='ocrx_word' id='word_1_501' title='bbox 486 4122 642 4175; x_wconf 77' lang='grc' dir='ltr'>αὐτὸν</span> <span class='ocrx_word' id='word_1_502' title='bbox 699 4124 844 4190; x_wconf 77' lang='grc' dir='ltr'>ἧκον,</span> <span class='ocrx_word' id='word_1_503' title='bbox 914 4123 1224 4202; x_wconf 76' lang='grc' dir='ltr'>ἐφανέρωσεν</span> <span class='ocrx_word' id='word_1_504' title='bbox 1281 4127 1445 4187; x_wconf 76' lang='grc' dir='ltr'>αὐτὴν</span> <span class='ocrx_word' id='word_1_505' title='bbox 1498 4125 1593 4181; x_wconf 79' lang='grc' dir='ltr'><strong>διὰ</strong></span> <span class='ocrx_word' id='word_1_506' title='bbox 1637 4138 1730 4182; x_wconf 75' lang='grc' dir='ltr'>τοῦ</span> 
     </span>
    </p>
   </div>
   <div class='ocr_carea' id='block_1_75' title="bbox 108 4213 1731 4293">
    <p class='ocr_par' dir='ltr' id='par_1_75' title="bbox 108 4213 1731 4293">
     <span class='ocr_line' id='line_1_75' title="bbox 108 4213 1731 4293; baseline 0.004 -28"><span class='ocrx_word' id='word_1_507' title='bbox 108 4214 372 4265; x_wconf 75' lang='grc' dir='ltr'>τοιούτου</span> <span class='ocrx_word' id='word_1_508' title='bbox 407 4213 691 4285; x_wconf 79' lang='grc' dir='ltr'>θαύματος.</span> <span class='ocrx_word' id='word_1_509' title='bbox 733 4213 795 4267; x_wconf 85' lang='grc' dir='ltr'>Εἰ</span> <span class='ocrx_word' id='word_1_510' title='bbox 821 4215 923 4288; x_wconf 72' lang='grc' dir='ltr'>γὰρ</span> <span class='ocrx_word' id='word_1_511' title='bbox 947 4220 1037 4268; x_wconf 81' lang='grc' dir='ltr'><strong>καὶ</strong></span> <span class='ocrx_word' id='word_1_512' title='bbox 1074 4219 1145 4288; x_wconf 80' lang='grc' dir='ltr'>μὴ</span> <span class='ocrx_word' id='word_1_513' title='bbox 1170 4219 1287 4269; x_wconf 79' lang='grc' dir='ltr'>τότε</span> <span class='ocrx_word' id='word_1_514' title='bbox 1331 4216 1509 4271; x_wconf 86' lang='grc' dir='ltr'>πολλοὶ</span> <span class='ocrx_word' id='word_1_515' title='bbox 1560 4237 1731 4293; x_wconf 88' lang='grc' dir='ltr'>προσ-</span> 
     </span>
    </p>
   </div>
   <div class='ocr_carea' id='block_1_76' title="bbox 107 4298 1734 4379">
    <p class='ocr_par' dir='ltr' id='par_1_76' title="bbox 107 4298 1734 4379">
     <span class='ocr_line' id='line_1_76' title="bbox 107 4298 1734 4379; baseline 0.003 -25"><span class='ocrx_word' id='word_1_516' title='bbox 107 4306 315 4374; x_wconf 78' lang='grc' dir='ltr'>έσχον,</span> <span class='ocrx_word' id='word_1_517' title='bbox 369 4298 481 4353; x_wconf 76' lang='grc' dir='ltr'>ἀλλ’</span> <span class='ocrx_word' id='word_1_518' title='bbox 514 4302 732 4378; x_wconf 74' lang='grc' dir='ltr'>ὕστερον</span> <span class='ocrx_word' id='word_1_519' title='bbox 767 4300 985 4362; x_wconf 79' lang='grc' dir='ltr'><strong>διεδόθη</strong></span> <span class='ocrx_word' id='word_1_520' title='bbox 1037 4307 1096 4357; x_wconf 84' lang='grc' dir='ltr'><strong>τὸ</strong></span> <span class='ocrx_word' id='word_1_521' title='bbox 1147 4306 1341 4379; x_wconf 80' lang='grc' dir='ltr'>θαῦμα,</span> <span class='ocrx_word' id='word_1_522' title='bbox 1372 4312 1462 4359; x_wconf 73' lang='grc' dir='ltr'><strong>καὶ</strong></span> <span class='ocrx_word' id='word_1_523' title='bbox 1514 4307 1734 4370; x_wconf 82' lang='grc' dir='ltr'>πολλοὺς</span> 
     </span>
    </p>
   </div>
   <div class='ocr_carea' id='block_1_77' title="bbox 110 4387 1733 4470">
    <p class='ocr_par' dir='ltr' id='par_1_77' title="bbox 110 4387 1733 4470">
     <span class='ocr_line' id='line_1_77' title="bbox 110 4387 1733 4470; baseline 0.004 -28"><span class='ocrx_word' id='word_1_524' title='bbox 110 4390 390 4445; x_wconf 76' lang='grc' dir='ltr'>εἵλκυσεν.</span> <span class='ocrx_word' id='word_1_525' title='bbox 412 4389 533 4444; x_wconf 83' lang='grc' dir='ltr'><strong>Ὀτι</strong></span> <span class='ocrx_word' id='word_1_526' title='bbox 562 4387 621 4444; x_wconf 69' lang='grc' dir='ltr'><strong>δὲ</strong></span> <span class='ocrx_word' id='word_1_527' title='bbox 651 4390 700 4444; x_wconf 71' lang='grc' dir='ltr'><strong>ἐν</strong></span> <span class='ocrx_word' id='word_1_528' title='bbox 730 4390 895 4467; x_wconf 74' lang='grc' dir='ltr'>ἐκείνῃ</span> <span class='ocrx_word' id='word_1_529' title='bbox 927 4401 990 4466; x_wconf 70' lang='grc' dir='ltr'><strong>τῇ</strong></span> <span class='ocrx_word' id='word_1_530' title='bbox 1023 4394 1192 4470; x_wconf 79' lang='grc' dir='ltr'>ἡμέρᾳ</span> <span class='ocrx_word' id='word_1_531' title='bbox 1230 4392 1400 4457; x_wconf 72' lang='grc' dir='ltr'><strong>οὐδεὶς</strong></span> <span class='ocrx_word' id='word_1_532' title='bbox 1437 4405 1537 4450; x_wconf 87' lang='grc' dir='ltr'>τῶν</span> <span class='ocrx_word' id='word_1_533' title='bbox 1570 4396 1733 4450; x_wconf 74' lang='grc' dir='ltr'>ἄλλων</span> 
     </span>
    </p>
   </div>
   <div class='ocr_carea' id='block_1_78' title="bbox 108 4475 1492 4562">
    <p class='ocr_par' dir='ltr' id='par_1_78' title="bbox 108 4475 1492 4562">
     <span class='ocr_line' id='line_1_78' title="bbox 108 4475 1492 4562; baseline 0.004 -29"><span class='ocrx_word' id='word_1_534' title='bbox 108 4485 428 4547; x_wconf 78' lang='grc' dir='ltr'>επίστευσε,</span> <span class='ocrx_word' id='word_1_535' title='bbox 464 4475 624 4540; x_wconf 77' lang='grc' dir='ltr'>δῆλον</span> <span class='ocrx_word' id='word_1_536' title='bbox 653 4479 756 4533; x_wconf 85' lang='grc' dir='ltr'>ἀπὸ</span> <span class='ocrx_word' id='word_1_537' title='bbox 785 4490 885 4534; x_wconf 82' lang='grc' dir='ltr'><strong>τῶν</strong></span> <span class='ocrx_word' id='word_1_538' title='bbox 907 4481 1046 4546; x_wconf 77' lang='grc' dir='ltr'><strong>ἑξῆς.</strong></span> <span class='ocrx_word' id='word_1_539' title='bbox 1077 4483 1346 4557; x_wconf 71' lang='grc' dir='ltr'><strong>Ἐπὴγασγε</strong></span> <span class='ocrx_word' id='word_1_540' title='bbox 1367 4486 1492 4562; x_wconf 80' lang='grc' dir='ltr'><strong>γάρ.</strong></span> 
     </span>
    </p>
   </div>
   <div class='ocr_carea' id='block_1_79' title="bbox 190 4658 1734 4737">
    <p class='ocr_par' dir='ltr' id='par_1_79' title="bbox 190 4658 1734 4737">
     <span class='ocr_line' id='line_1_79' title="bbox 190 4658 1734 4737; baseline 0.003 -22"><span class='ocrx_word' id='word_1_541' title='bbox 190 4663 308 4715; x_wconf 71' lang='grc' dir='ltr'><strong>Καὶ</strong></span> <span class='ocrx_word' id='word_1_542' title='bbox 338 4688 413 4700; x_wconf 92' lang='grc'><strong><em>-</em></strong></span> <span class='ocrx_word' id='word_1_543' title='bbox 441 4658 619 4718; x_wconf 74' lang='grc' dir='ltr'>αὐτοῦ,</span> <span class='ocrx_word' id='word_1_544' title='bbox 648 4663 716 4713; x_wconf 79' lang='lat' dir='ltr'><strong>Oi</strong></span> <span class='ocrx_word' id='word_1_545' title='bbox 734 4666 825 4715; x_wconf 73' lang='grc' dir='ltr'><strong>καὶ</strong></span> <span class='ocrx_word' id='word_1_546' title='bbox 848 4664 948 4737; x_wconf 85' lang='grc' dir='ltr'>πρὸ</span> <span class='ocrx_word' id='word_1_547' title='bbox 969 4665 1155 4715; x_wconf 84' lang='grc' dir='ltr'>τούτου</span> <span class='ocrx_word' id='word_1_548' title='bbox 1187 4663 1535 4737; x_wconf 70' lang='grc' dir='ltr'>θαυμάζοντες</span> <span class='ocrx_word' id='word_1_549' title='bbox 1558 4664 1734 4721; x_wconf 73' lang='grc' dir='ltr'><strong>αὐτόν.</strong></span> 
     </span>
    </p>
   </div>
   <div class='ocr_carea' id='block_1_80' title="bbox 100 4751 1738 4830">
    <p class='ocr_par' dir='ltr' id='par_1_80' title="bbox 100 4751 1738 4830">
     <span class='ocr_line' id='line_1_80' title="bbox 100 4751 1738 4830; baseline 0.003 -26"><span class='ocrx_word' id='word_1_550' title='bbox 100 4751 295 4825; x_wconf 81' lang='grc' dir='ltr'>Ὀρᾷς</span> <span class='ocrx_word' id='word_1_551' title='bbox 311 4751 399 4802; x_wconf 78' lang='grc' dir='ltr'><strong>ὅτι</strong></span> <span class='ocrx_word' id='word_1_552' title='bbox 423 4753 541 4803; x_wconf 84' lang='grc' dir='ltr'>τότε</span> <span class='ocrx_word' id='word_1_553' title='bbox 562 4755 674 4825; x_wconf 78' lang='grc' dir='ltr'>χρὴ</span> <span class='ocrx_word' id='word_1_554' title='bbox 698 4752 933 4823; x_wconf 71' lang='grc' dir='ltr'>γίνεσθαι</span> <span class='ocrx_word' id='word_1_555' title='bbox 964 4753 1030 4804; x_wconf 81' lang='grc' dir='ltr'>τὰ</span> <span class='ocrx_word' id='word_1_556' title='bbox 1059 4759 1271 4827; x_wconf 80' lang='grc' dir='ltr'>σημεῖα,</span> <span class='ocrx_word' id='word_1_557' title='bbox 1299 4755 1421 4807; x_wconf 82' lang='grc' dir='ltr'>ὅταν</span> <span class='ocrx_word' id='word_1_558' title='bbox 1451 4756 1499 4806; x_wconf 84' lang='grc' dir='ltr'>οἱ</span> <span class='ocrx_word' id='word_1_559' title='bbox 1524 4755 1738 4830; x_wconf 76' lang='grc' dir='ltr'>ὁρωντες</span> 
     </span>
    </p>
   </div>
   <div class='ocr_carea' id='block_1_81' title="bbox 108 4841 1164 4916">
    <p class='ocr_par' dir='ltr' id='par_1_81' title="bbox 108 4841 1164 4916">
     <span class='ocr_line' id='line_1_81' title="bbox 108 4841 1164 4916; baseline 0.005 -24"><span class='ocrx_word' id='word_1_560' title='bbox 108 4841 478 4915; x_wconf 61' lang='grc' dir='ltr'>εὐγνωμονεῖν</span> <span class='ocrx_word' id='word_1_561' title='bbox 497 4844 587 4893; x_wconf 80' lang='grc' dir='ltr'><strong>καὶ</strong></span> <span class='ocrx_word' id='word_1_562' title='bbox 610 4844 894 4913; x_wconf 78' lang='grc' dir='ltr'>προσέχειν</span> <span class='ocrx_word' id='word_1_563' title='bbox 921 4841 1164 4916; x_wconf 75' lang='grc' dir='ltr'>μελλοιεν.</span> 
     </span>
    </p>
   </div>
   <div class='ocr_carea' id='block_1_82' title="bbox 183 5081 1229 5155">
    <p class='ocr_par' dir='ltr' id='par_1_82' title="bbox 183 5081 1229 5155">
     <span class='ocr_line' id='line_1_82' title="bbox 183 5081 1229 5155; baseline 0.006 -16"><span class='ocrx_word' id='word_1_564' title='bbox 183 5083 248 5120; x_wconf 78' lang='grc'><strong>³⁸</strong></span> <span class='ocrx_word' id='word_1_565' title='bbox 271 5082 454 5139; x_wconf 80' lang='lat' dir='ltr'><strong>Joan.</strong></span> <span class='ocrx_word' id='word_1_566' title='bbox 488 5097 529 5149; x_wconf 86' lang='grc' dir='ltr'><strong>ι,</strong></span> <span class='ocrx_word' id='word_1_567' title='bbox 559 5081 650 5141; x_wconf 79' lang='lat' dir='ltr'><strong>3t.</strong></span> <span class='ocrx_word' id='word_1_568' title='bbox 727 5084 777 5121; x_wconf 75' lang='grc'><strong>³⁷</strong></span> <span class='ocrx_word' id='word_1_569' title='bbox 806 5084 1008 5144; x_wconf 78' lang='lat' dir='ltr'><strong>Matth.</strong></span> <span class='ocrx_word' id='word_1_570' title='bbox 1062 5100 1145 5155; x_wconf 82' lang='grc' dir='ltr'>ιιι,</span> <span class='ocrx_word' id='word_1_571' title='bbox 1176 5085 1229 5146; x_wconf 81' lang='grc'><strong>1.</strong></span> 
     </span>
    </p>
   </div>
   <div class='ocr_carea' id='block_1_83' title="bbox 1830 3229 3492 3309">
    <p class='ocr_par' dir='ltr' id='par_1_83' title="bbox 1830 3229 3492 3309">
     <span class='ocr_line' id='line_1_83' title="bbox 1830 3229 3492 3309; baseline -0.005 -18"><span class='ocrx_word' id='word_1_572' title='bbox 1830 3250 2021 3309; x_wconf 89' lang='lat' dir='ltr'><strong>quam</strong></span> <span class='ocrx_word' id='word_1_573' title='bbox 2051 3233 2130 3290; x_wconf 90' lang='lat' dir='ltr'><strong>ob</strong></span> <span class='ocrx_word' id='word_1_574' title='bbox 2157 3248 2405 3289; x_wconf 86' lang='lat' dir='ltr'><strong>causam</strong></span> <span class='ocrx_word' id='word_1_575' title='bbox 2436 3236 2571 3305; x_wconf 90' lang='lat' dir='ltr'><strong>post</strong></span> <span class='ocrx_word' id='word_1_576' title='bbox 2601 3231 2970 3287; x_wconf 88' lang='lat' dir='ltr'><strong>tricesimum</strong></span> <span class='ocrx_word' id='word_1_577' title='bbox 3010 3245 3238 3286; x_wconf 89' lang='lat' dir='ltr'><strong>annum</strong></span> <span class='ocrx_word' id='word_1_578' title='bbox 3264 3229 3492 3286; x_wconf 85' lang='lat' dir='ltr'><strong>venerit</strong></span> 
     </span>
    </p>
   </div>
   <div class='ocr_carea' id='block_1_84' title="bbox 1833 3317 3491 3393">
    <p class='ocr_par' dir='ltr' id='par_1_84' title="bbox 1833 3317 3491 3393">
     <span class='ocr_line' id='line_1_84' title="bbox 1833 3317 3491 3393; baseline -0.004 -13"><span class='ocrx_word' id='word_1_579' title='bbox 1833 3325 2099 3381; x_wconf 87' lang='lat' dir='ltr'><strong>Christus</strong></span> <span class='ocrx_word' id='word_1_580' title='bbox 2137 3322 2215 3378; x_wconf 92' lang='lat' dir='ltr'><strong>ad</strong></span> <span class='ocrx_word' id='word_1_581' title='bbox 2244 3322 2565 3393; x_wconf 86' lang='lat' dir='ltr'><strong>baptisma,</strong></span> <span class='ocrx_word' id='word_1_582' title='bbox 2595 3320 2701 3377; x_wconf 90' lang='lat' dir='ltr'><strong>ubi</strong></span> <span class='ocrx_word' id='word_1_583' title='bbox 2728 3319 2942 3377; x_wconf 87' lang='lat' dir='ltr'><strong>dicitur</strong></span> <span class='ocrx_word' id='word_1_584' title='bbox 2972 3337 2985 3375; x_wconf 90' lang='lat'><strong>:</strong></span> <span class='ocrx_word' id='word_1_585' title='bbox 3020 3319 3093 3376; x_wconf 85' lang='lat' dir='ltr'><strong>In</strong></span> <span class='ocrx_word' id='word_1_586' title='bbox 3143 3318 3341 3375; x_wconf 84' lang='lat' dir='ltr'><strong>diebus</strong></span> <span class='ocrx_word' id='word_1_587' title='bbox 3369 3317 3491 3374; x_wconf 84' lang='lat' dir='ltr'><strong>illis</strong></span> 
     </span>
    </p>
   </div>
   <div class='ocr_carea' id='block_1_85' title="bbox 1833 3408 3491 3481">
    <p class='ocr_par' dir='ltr' id='par_1_85' title="bbox 1833 3408 3491 3481">
     <span class='ocr_line' id='line_1_85' title="bbox 1833 3408 3491 3481; baseline -0.007 -9"><span class='ocrx_word' id='word_1_588' title='bbox 1833 3414 1998 3472; x_wconf 76' lang='lat' dir='ltr'><strong>venit</strong></span> <span class='ocrx_word' id='word_1_589' title='bbox 2008 3411 2245 3469; x_wconf 81' lang='lat' dir='ltr'><strong>Joannes</strong></span> <span class='ocrx_word' id='word_1_590' title='bbox 2258 3411 2528 3480; x_wconf 76' lang='lat' dir='ltr'><strong>Baptista</strong></span> <span class='ocrx_word' id='word_1_591' title='bbox 2540 3410 2884 3481; x_wconf 66' lang='lat' dir='ltr'><strong>praedicans</strong></span> <span class='ocrx_word' id='word_1_592' title='bbox 2895 3409 2958 3467; x_wconf 79' lang='lat' dir='ltr'><strong>in</strong></span> <span class='ocrx_word' id='word_1_593' title='bbox 2971 3410 3197 3467; x_wconf 81' lang='lat' dir='ltr'><strong>deserto</strong></span> <span class='ocrx_word' id='word_1_594' title='bbox 3209 3408 3491 3475; x_wconf 66' lang='lat' dir='ltr'><strong>ludam&quot;,</strong></span> 
     </span>
    </p>
   </div>
   <div class='ocr_carea' id='block_1_86' title="bbox 1833 3497 3494 3573">
    <p class='ocr_par' dir='ltr' id='par_1_86' title="bbox 1833 3497 3494 3573">
     <span class='ocr_line' id='line_1_86' title="bbox 1833 3497 3494 3573; baseline -0.005 -13"><span class='ocrx_word' id='word_1_595' title='bbox 1833 3508 1892 3560; x_wconf 90' lang='lat' dir='ltr'><strong>et</strong></span> <span class='ocrx_word' id='word_1_596' title='bbox 1928 3518 2145 3559; x_wconf 85' lang='lat' dir='ltr'><strong>causas</strong></span> <span class='ocrx_word' id='word_1_597' title='bbox 2198 3499 2464 3558; x_wconf 85' lang='lat' dir='ltr'><strong>invenies</strong></span> <span class='ocrx_word' id='word_1_598' title='bbox 2494 3499 2839 3573; x_wconf 76' lang='lat' dir='ltr'><strong>aptissimae</strong></span> <span class='ocrx_word' id='word_1_599' title='bbox 2888 3516 2958 3556; x_wconf 90' lang='lat' dir='ltr'><strong>ac</strong></span> <span class='ocrx_word' id='word_1_600' title='bbox 2987 3497 3200 3556; x_wconf 87' lang='lat' dir='ltr'><strong>rationi</strong></span> <span class='ocrx_word' id='word_1_601' title='bbox 3232 3497 3494 3554; x_wconf 86' lang='lat' dir='ltr'><strong>maxime</strong></span> 
     </span>
    </p>
   </div>
   <div class='ocr_carea' id='block_1_87' title="bbox 1836 3607 2162 3650">
    <p class='ocr_par' dir='ltr' id='par_1_87' title="bbox 1836 3607 2162 3650">
     <span class='ocr_line' id='line_1_87' title="bbox 1836 3607 2162 3650; baseline -0.009 0"><span class='ocrx_word' id='word_1_602' title='bbox 1836 3607 2162 3650; x_wconf 86' lang='lat' dir='ltr'><strong>consonas.</strong></span> 
     </span>
    </p>
   </div>
   <div class='ocr_carea' id='block_1_88' title="bbox 1907 3676 3497 3739">
    <p class='ocr_par' dir='ltr' id='par_1_88' title="bbox 1907 3676 3497 3739">
     <span class='ocr_line' id='line_1_88' title="bbox 1907 3676 3497 3739; baseline -0.004 0"><span class='ocrx_word' id='word_1_603' title='bbox 1907 3683 2071 3739; x_wconf 86' lang='lat' dir='ltr'><strong>Vers.</strong></span> <span class='ocrx_word' id='word_1_604' title='bbox 2133 3682 2219 3737; x_wconf 83' lang='lat' dir='ltr'><strong>lt.</strong></span> <span class='ocrx_word' id='word_1_605' title='bbox 2266 3681 2342 3737; x_wconf 83' lang='lat' dir='ltr'><strong>Et</strong></span> <span class='ocrx_word' id='word_1_606' title='bbox 2403 3710 2469 3721; x_wconf 92' lang='lat'><strong>—</strong></span> <span class='ocrx_word' id='word_1_607' title='bbox 2498 3695 2691 3737; x_wconf 86' lang='lat' dir='ltr'><strong>suam.</strong></span> <span class='ocrx_word' id='word_1_608' title='bbox 2724 3679 3051 3736; x_wconf 87' lang='lat' dir='ltr'><strong>Potentiam</strong></span> <span class='ocrx_word' id='word_1_609' title='bbox 3111 3683 3169 3734; x_wconf 91' lang='lat' dir='ltr'><strong>et</strong></span> <span class='ocrx_word' id='word_1_610' title='bbox 3218 3676 3497 3734; x_wconf 85' lang='lat' dir='ltr'><strong>virtutem</strong></span> 
     </span>
    </p>
   </div>
   <div class='ocr_carea' id='block_1_89' title="bbox 1837 3768 3071 3844">
    <p class='ocr_par' dir='ltr' id='par_1_89' title="bbox 1837 3768 3071 3844">
     <span class='ocr_line' id='line_1_89' title="bbox 1837 3768 3071 3844; baseline -0.005 -14"><span class='ocrx_word' id='word_1_611' title='bbox 1837 3789 2035 3838; x_wconf 89' lang='lat' dir='ltr'><strong>suam,</strong></span> <span class='ocrx_word' id='word_1_612' title='bbox 2056 3771 2537 3844; x_wconf 82' lang='lat' dir='ltr'><strong>magnitudinem</strong></span> <span class='ocrx_word' id='word_1_613' title='bbox 2567 3768 2897 3826; x_wconf 85' lang='lat' dir='ltr'><strong>divinitatis</strong></span> <span class='ocrx_word' id='word_1_614' title='bbox 2928 3785 3071 3824; x_wconf 79' lang='lat' dir='ltr'><strong>suae.</strong></span> 
     </span>
    </p>
   </div>
   <div class='ocr_carea' id='block_1_90' title="bbox 1906 3856 3501 3934">
    <p class='ocr_par' dir='ltr' id='par_1_90' title="bbox 1906 3856 3501 3934">
     <span class='ocr_line' id='line_1_90' title="bbox 1906 3856 3501 3934; baseline -0.004 -16"><span class='ocrx_word' id='word_1_615' title='bbox 1906 3864 2116 3919; x_wconf 86' lang='lat' dir='ltr'><strong>Verum</strong></span> <span class='ocrx_word' id='word_1_616' title='bbox 2169 3862 2479 3934; x_wconf 88' lang='lat' dir='ltr'><strong>quomodo</strong></span> <span class='ocrx_word' id='word_1_617' title='bbox 2535 3867 2637 3917; x_wconf 86' lang='lat' dir='ltr'><strong>aut</strong></span> <span class='ocrx_word' id='word_1_618' title='bbox 2690 3876 2813 3933; x_wconf 92' lang='lat' dir='ltr'><strong>quo</strong></span> <span class='ocrx_word' id='word_1_619' title='bbox 2857 3865 3032 3933; x_wconf 90' lang='lat' dir='ltr'><strong>pacto</strong></span> <span class='ocrx_word' id='word_1_620' title='bbox 3071 3858 3186 3915; x_wconf 92' lang='lat' dir='ltr'><strong>hoc</strong></span> <span class='ocrx_word' id='word_1_621' title='bbox 3207 3856 3337 3923; x_wconf 83' lang='lat' dir='ltr'><strong>fuit,</strong></span> <span class='ocrx_word' id='word_1_622' title='bbox 3362 3873 3501 3913; x_wconf 92' lang='lat' dir='ltr'><strong>cum</strong></span> 
     </span>
    </p>
   </div>
   <div class='ocr_carea' id='block_1_91' title="bbox 1839 3946 3502 4025">
    <p class='ocr_par' dir='ltr' id='par_1_91' title="bbox 1839 3946 3502 4025">
     <span class='ocr_line' id='line_1_91' title="bbox 1839 3946 3502 4025; baseline -0.004 -17"><span class='ocrx_word' id='word_1_623' title='bbox 1839 3952 2021 4025; x_wconf 89' lang='lat' dir='ltr'><strong>pauci</strong></span> <span class='ocrx_word' id='word_1_624' title='bbox 2053 3951 2131 4009; x_wconf 91' lang='lat' dir='ltr'><strong>ad</strong></span> <span class='ocrx_word' id='word_1_625' title='bbox 2160 3950 2244 4018; x_wconf 86' lang='lat' dir='ltr'><strong>id,</strong></span> <span class='ocrx_word' id='word_1_626' title='bbox 2272 3951 2677 4023; x_wconf 86' lang='lat' dir='ltr'><strong>quodfactum</strong></span> <span class='ocrx_word' id='word_1_627' title='bbox 2727 3955 2871 4014; x_wconf 88' lang='lat' dir='ltr'><strong>erat,</strong></span> <span class='ocrx_word' id='word_1_628' title='bbox 2922 3948 3336 4013; x_wconf 87' lang='lat' dir='ltr'><strong>advertissent,</strong></span> <span class='ocrx_word' id='word_1_629' title='bbox 3388 3946 3502 4002; x_wconf 88' lang='lat' dir='ltr'><strong>soli</strong></span> 
     </span>
    </p>
   </div>
   <div class='ocr_carea' id='block_1_92' title="bbox 1839 4039 3501 4109">
    <p class='ocr_par' dir='ltr' id='par_1_92' title="bbox 1839 4039 3501 4109">
     <span class='ocr_line' id='line_1_92' title="bbox 1839 4039 3501 4109; baseline -0.004 -13"><span class='ocrx_word' id='word_1_630' title='bbox 1839 4040 2108 4096; x_wconf 89' lang='lat' dir='ltr'><strong>videlicet</strong></span> <span class='ocrx_word' id='word_1_631' title='bbox 2138 4040 2391 4095; x_wconf 90' lang='lat' dir='ltr'><strong>ministri</strong></span> <span class='ocrx_word' id='word_1_632' title='bbox 2419 4047 2475 4095; x_wconf 90' lang='lat' dir='ltr'><strong>et</strong></span> <span class='ocrx_word' id='word_1_633' title='bbox 2499 4039 2937 4095; x_wconf 83' lang='lat' dir='ltr'><strong>architriclinus</strong></span> <span class='ocrx_word' id='word_1_634' title='bbox 2962 4054 3033 4093; x_wconf 87' lang='lat' dir='ltr'><strong>ac</strong></span> <span class='ocrx_word' id='word_1_635' title='bbox 3082 4053 3342 4109; x_wconf 90' lang='lat' dir='ltr'><strong>sponsus</strong></span> <span class='ocrx_word' id='word_1_636' title='bbox 3363 4052 3501 4092; x_wconf 88' lang='lat' dir='ltr'><strong>cum</strong></span> 
     </span>
    </p>
   </div>
   <div class='ocr_carea' id='block_1_93' title="bbox 1839 4125 3502 4201">
    <p class='ocr_par' dir='ltr' id='par_1_93' title="bbox 1839 4125 3502 4201">
     <span class='ocr_line' id='line_1_93' title="bbox 1839 4125 3502 4201; baseline -0.004 -16"><span class='ocrx_word' id='word_1_637' title='bbox 1839 4128 2154 4201; x_wconf 87' lang='lat' dir='ltr'><strong>discipulis</strong></span> <span class='ocrx_word' id='word_1_638' title='bbox 2176 4129 2305 4200; x_wconf 90' lang='lat' dir='ltr'><strong>ejus</strong></span> <span class='ocrx_word' id='word_1_639' title='bbox 2333 4133 2357 4180; x_wconf 86' lang='lat'><strong>?</strong></span> <span class='ocrx_word' id='word_1_640' title='bbox 2379 4128 2550 4194; x_wconf 89' lang='lat' dir='ltr'><strong>Quod</strong></span> <span class='ocrx_word' id='word_1_641' title='bbox 2574 4128 2632 4183; x_wconf 89' lang='lat' dir='ltr'><strong>in</strong></span> <span class='ocrx_word' id='word_1_642' title='bbox 2666 4144 2730 4183; x_wconf 89' lang='lat' dir='ltr'><strong>se</strong></span> <span class='ocrx_word' id='word_1_643' title='bbox 2760 4133 2904 4192; x_wconf 88' lang='lat' dir='ltr'><strong>erat,</strong></span> <span class='ocrx_word' id='word_1_644' title='bbox 2934 4125 3336 4182; x_wconf 79' lang='lat' dir='ltr'><strong>manifestavit</strong></span> <span class='ocrx_word' id='word_1_645' title='bbox 3366 4140 3502 4180; x_wconf 91' lang='lat' dir='ltr'><strong>eam</strong></span> 
     </span>
    </p>
   </div>
   <div class='ocr_carea' id='block_1_94' title="bbox 1840 4213 3504 4293">
    <p class='ocr_par' dir='ltr' id='par_1_94' title="bbox 1840 4213 3504 4293">
     <span class='ocr_line' id='line_1_94' title="bbox 1840 4213 3504 4293; baseline -0.005 -18"><span class='ocrx_word' id='word_1_646' title='bbox 1840 4235 1947 4293; x_wconf 88' lang='lat' dir='ltr'><strong>per</strong></span> <span class='ocrx_word' id='word_1_647' title='bbox 1975 4218 2324 4289; x_wconf 88' lang='lat' dir='ltr'><strong>hujusmodi</strong></span> <span class='ocrx_word' id='word_1_648' title='bbox 2353 4216 2738 4283; x_wconf 89' lang='lat' dir='ltr'><strong>miraculum;</strong></span> <span class='ocrx_word' id='word_1_649' title='bbox 2772 4231 3125 4288; x_wconf 84' lang='lat' dir='ltr'><strong>quanquam</strong></span> <span class='ocrx_word' id='word_1_650' title='bbox 3152 4214 3309 4270; x_wconf 91' lang='lat' dir='ltr'><strong>enim</strong></span> <span class='ocrx_word' id='word_1_651' title='bbox 3325 4213 3504 4284; x_wconf 91' lang='lat' dir='ltr'><strong>pauci</strong></span> 
     </span>
    </p>
   </div>
   <div class='ocr_carea' id='block_1_95' title="bbox 1842 4300 3504 4378">
    <p class='ocr_par' dir='ltr' id='par_1_95' title="bbox 1842 4300 3504 4378">
     <span class='ocr_line' id='line_1_95' title="bbox 1842 4300 3504 4378; baseline -0.005 -14"><span class='ocrx_word' id='word_1_652' title='bbox 1842 4315 1982 4366; x_wconf 88' lang='lat' dir='ltr'><strong>tunc</strong></span> <span class='ocrx_word' id='word_1_653' title='bbox 2012 4302 2420 4373; x_wconf 87' lang='lat' dir='ltr'><strong>advertebant,</strong></span> <span class='ocrx_word' id='word_1_654' title='bbox 2437 4311 2644 4378; x_wconf 89' lang='lat' dir='ltr'><strong>postea</strong></span> <span class='ocrx_word' id='word_1_655' title='bbox 2674 4304 3264 4373; x_wconf 81' lang='lat' dir='ltr'><strong>tamendivulgatum</strong></span> <span class='ocrx_word' id='word_1_656' title='bbox 3291 4306 3380 4357; x_wconf 87' lang='lat' dir='ltr'><strong>est</strong></span> <span class='ocrx_word' id='word_1_657' title='bbox 3399 4300 3504 4356; x_wconf 90' lang='lat' dir='ltr'><strong>mi-</strong></span> 
     </span>
    </p>
   </div>
   <div class='ocr_carea' id='block_1_96' title="bbox 1843 4389 3503 4469">
    <p class='ocr_par' dir='ltr' id='par_1_96' title="bbox 1843 4389 3503 4469">
     <span class='ocr_line' id='line_1_96' title="bbox 1843 4389 3503 4469; baseline -0.006 -14"><span class='ocrx_word' id='word_1_658' title='bbox 1843 4398 2139 4465; x_wconf 89' lang='lat' dir='ltr'><strong>raculum,</strong></span> <span class='ocrx_word' id='word_1_659' title='bbox 2174 4396 2515 4469; x_wconf 88' lang='lat' dir='ltr'><strong>multosque</strong></span> <span class='ocrx_word' id='word_1_660' title='bbox 2545 4396 2798 4451; x_wconf 82' lang='lat' dir='ltr'><strong>attraxit.</strong></span> <span class='ocrx_word' id='word_1_661' title='bbox 2835 4391 3006 4461; x_wconf 85' lang='lat' dir='ltr'><strong>Quod</strong></span> <span class='ocrx_word' id='word_1_662' title='bbox 3044 4398 3242 4448; x_wconf 89' lang='lat' dir='ltr'><strong>autem</strong></span> <span class='ocrx_word' id='word_1_663' title='bbox 3285 4389 3378 4447; x_wconf 93' lang='lat' dir='ltr'><strong>die</strong></span> <span class='ocrx_word' id='word_1_664' title='bbox 3406 4389 3503 4445; x_wconf 89' lang='lat' dir='ltr'><strong>illo</strong></span> 
     </span>
    </p>
   </div>
   <div class='ocr_carea' id='block_1_97' title="bbox 1844 4478 3508 4564">
    <p class='ocr_par' dir='ltr' id='par_1_97' title="bbox 1844 4478 3508 4564">
     <span class='ocr_line' id='line_1_97' title="bbox 1844 4478 3508 4564; baseline -0.004 -21"><span class='ocrx_word' id='word_1_665' title='bbox 1844 4486 2044 4544; x_wconf 90' lang='lat' dir='ltr'><strong>nullus</strong></span> <span class='ocrx_word' id='word_1_666' title='bbox 2068 4481 2321 4543; x_wconf 86' lang='lat' dir='ltr'><strong>aliorum</strong></span> <span class='ocrx_word' id='word_1_667' title='bbox 2351 4485 2684 4564; x_wconf 85' lang='lat' dir='ltr'><strong>crediderit,</strong></span> <span class='ocrx_word' id='word_1_668' title='bbox 2708 4499 2781 4540; x_wconf 84' lang='lat' dir='ltr'><strong>ex</strong></span> <span class='ocrx_word' id='word_1_669' title='bbox 2808 4480 3195 4556; x_wconf 87' lang='lat' dir='ltr'><strong>sequentibus</strong></span> <span class='ocrx_word' id='word_1_670' title='bbox 3217 4478 3508 4536; x_wconf 84' lang='lat' dir='ltr'><strong>manifes-</strong></span> 
     </span>
    </p>
   </div>
   <div class='ocr_carea' id='block_1_98' title="bbox 1847 4573 2696 4647">
    <p class='ocr_par' dir='ltr' id='par_1_98' title="bbox 1847 4573 2696 4647">
     <span class='ocr_line' id='line_1_98' title="bbox 1847 4573 2696 4647; baseline -0.005 -13"><span class='ocrx_word' id='word_1_671' title='bbox 1847 4582 1973 4635; x_wconf 89' lang='lat' dir='ltr'><strong>tum</strong></span> <span class='ocrx_word' id='word_1_672' title='bbox 2003 4581 2092 4633; x_wconf 90' lang='lat' dir='ltr'><strong>est</strong></span> <span class='ocrx_word' id='word_1_673' title='bbox 2124 4591 2139 4644; x_wconf 91' lang='lat'>;</span> <span class='ocrx_word' id='word_1_674' title='bbox 2170 4591 2314 4632; x_wconf 89' lang='lat' dir='ltr'><strong>nam</strong></span> <span class='ocrx_word' id='word_1_675' title='bbox 2341 4573 2650 4647; x_wconf 77' lang='lat' dir='ltr'><strong>subjunxit</strong></span> <span class='ocrx_word' id='word_1_676' title='bbox 2680 4589 2696 4630; x_wconf 91' lang='lat'><strong>:</strong></span> 
     </span>
    </p>
   </div>
   <div class='ocr_carea' id='block_1_99' title="bbox 1864 4657 3508 4733">
    <p class='ocr_par' dir='ltr' id='par_1_99' title="bbox 1864 4657 3508 4733">
     <span class='ocr_line' id='line_1_99' title="bbox 1864 4657 3508 4733; baseline -0.004 -13"><span class='ocrx_word' id='word_1_677' title='bbox 1864 4678 1867 4681; x_wconf 75' lang='lat'><strong><em>&#39;</em></strong></span> <span class='ocrx_word' id='word_1_678' title='bbox 1917 4665 2077 4720; x_wconf 87' lang='lat' dir='ltr'><strong>Vers.</strong></span> <span class='ocrx_word' id='word_1_679' title='bbox 2140 4664 2227 4719; x_wconf 81' lang='lat' dir='ltr'><strong>ll.</strong></span> <span class='ocrx_word' id='word_1_680' title='bbox 2274 4660 2353 4719; x_wconf 88' lang='lat' dir='ltr'><strong>Et</strong></span> <span class='ocrx_word' id='word_1_681' title='bbox 2430 4695 2498 4704; x_wconf 93' lang='lat'><strong>-—</strong></span> <span class='ocrx_word' id='word_1_682' title='bbox 2530 4664 2675 4733; x_wconf 80' lang='lat' dir='ltr'><strong>ejus.</strong></span> <span class='ocrx_word' id='word_1_683' title='bbox 2731 4662 2839 4728; x_wconf 87' lang='lat' dir='ltr'><strong>Qui</strong></span> <span class='ocrx_word' id='word_1_684' title='bbox 2882 4660 3060 4717; x_wconf 88' lang='lat' dir='ltr'><strong>etiam</strong></span> <span class='ocrx_word' id='word_1_685' title='bbox 3107 4663 3283 4716; x_wconf 91' lang='lat' dir='ltr'><strong>antea</strong></span> <span class='ocrx_word' id='word_1_686' title='bbox 3311 4657 3508 4730; x_wconf 88' lang='lat' dir='ltr'><strong>ipsum</strong></span> 
     </span>
    </p>
   </div>
   <div class='ocr_carea' id='block_1_100' title="bbox 1850 4746 3510 4824">
    <p class='ocr_par' dir='ltr' id='par_1_100' title="bbox 1850 4746 3510 4824">
     <span class='ocr_line' id='line_1_100' title="bbox 1850 4746 3510 4824; baseline -0.005 -13"><span class='ocrx_word' id='word_1_687' title='bbox 1850 4753 2328 4811; x_wconf 86' lang='lat' dir='ltr'><strong>admirabantur.</strong></span> <span class='ocrx_word' id='word_1_688' title='bbox 2360 4752 2537 4808; x_wconf 84' lang='lat' dir='ltr'><strong>Vides</strong></span> <span class='ocrx_word' id='word_1_689' title='bbox 2550 4749 2717 4824; x_wconf 90' lang='lat' dir='ltr'><strong>quod</strong></span> <span class='ocrx_word' id='word_1_690' title='bbox 2740 4755 2877 4807; x_wconf 91' lang='lat' dir='ltr'><strong>tunc</strong></span> <span class='ocrx_word' id='word_1_691' title='bbox 2889 4753 3162 4823; x_wconf 89' lang='lat' dir='ltr'><strong>oporteat</strong></span> <span class='ocrx_word' id='word_1_692' title='bbox 3177 4746 3307 4803; x_wconf 78' lang='lat' dir='ltr'><strong>ﬁeri</strong></span> <span class='ocrx_word' id='word_1_693' title='bbox 3334 4746 3510 4818; x_wconf 78' lang='lat' dir='ltr'><strong>signa</strong></span> 
     </span>
    </p>
   </div>
   <div class='ocr_carea' id='block_1_101' title="bbox 1848 4835 3512 4914">
    <p class='ocr_par' dir='ltr' id='par_1_101' title="bbox 1848 4835 3512 4914">
     <span class='ocr_line' id='line_1_101' title="bbox 1848 4835 3512 4914; baseline -0.004 -13"><span class='ocrx_word' id='word_1_694' title='bbox 1848 4859 1990 4901; x_wconf 90' lang='lat' dir='ltr'><strong>cum</strong></span> <span class='ocrx_word' id='word_1_695' title='bbox 2033 4842 2301 4900; x_wconf 77' lang='lat' dir='ltr'><strong>futurum</strong></span> <span class='ocrx_word' id='word_1_696' title='bbox 2355 4848 2445 4899; x_wconf 91' lang='lat' dir='ltr'><strong>est</strong></span> <span class='ocrx_word' id='word_1_697' title='bbox 2485 4848 2549 4898; x_wconf 89' lang='lat' dir='ltr'><strong>ut</strong></span> <span class='ocrx_word' id='word_1_698' title='bbox 2593 4845 2955 4914; x_wconf 87' lang='lat' dir='ltr'><strong>spectatores</strong></span> <span class='ocrx_word' id='word_1_699' title='bbox 2983 4835 3261 4896; x_wconf 89' lang='lat' dir='ltr'><strong>benevoli</strong></span> <span class='ocrx_word' id='word_1_700' title='bbox 3289 4835 3408 4894; x_wconf 90' lang='lat' dir='ltr'><strong>sint</strong></span> <span class='ocrx_word' id='word_1_701' title='bbox 3453 4845 3512 4894; x_wconf 86' lang='lat' dir='ltr'><strong>et</strong></span> 
     </span>
    </p>
   </div>
   <div class='ocr_carea' id='block_1_102' title="bbox 1851 4932 2495 4993">
    <p class='ocr_par' dir='ltr' id='par_1_102' title="bbox 1851 4932 2495 4993">
     <span class='ocr_line' id='line_1_102' title="bbox 1851 4932 2495 4993; baseline -0.006 0"><span class='ocrx_word' id='word_1_702' title='bbox 1851 4933 2128 4993; x_wconf 88' lang='lat' dir='ltr'><strong>animum</strong></span> <span class='ocrx_word' id='word_1_703' title='bbox 2163 4932 2495 4991; x_wconf 85' lang='lat' dir='ltr'><strong>advertant.</strong></span> 
     </span>
    </p>
   </div>
   <div class='ocr_carea' id='block_1_103' title="bbox 1306 5214 2278 5286">
    <p class='ocr_par' dir='ltr' id='par_1_103' title="bbox 1306 5214 2278 5286">
     <span class='ocr_line' id='line_1_103' title="bbox 1306 5214 2278 5286; baseline 0.001 -1"><span class='ocrx_word' id='word_1_704' title='bbox 1306 5258 1307 5261; x_wconf 60' lang='grc' dir='ltr'><strong>η</strong></span> <span class='ocrx_word' id='word_1_705' title='bbox 1366 5214 1596 5285; x_wconf 84' lang='lat' dir='ltr'><strong>Variae</strong></span> <span class='ocrx_word' id='word_1_706' title='bbox 1623 5214 1954 5286; x_wconf 89' lang='lat' dir='ltr'><strong>lectiones</strong></span> <span class='ocrx_word' id='word_1_707' title='bbox 1980 5225 2047 5286; x_wconf 94' lang='lat' dir='ltr'><strong>et</strong></span> <span class='ocrx_word' id='word_1_708' title='bbox 2077 5226 2278 5286; x_wconf 75' lang='lat' dir='ltr'><strong>notae.</strong></span> 
     </span>
    </p>
   </div>
   <div class='ocr_carea' id='block_1_104' title="bbox 186 5403 1738 5485">
    <p class='ocr_par' dir='ltr' id='par_1_104' title="bbox 186 5403 1738 5485">
     <span class='ocr_line' id='line_1_104' title="bbox 186 5403 1738 5485; baseline 0.006 -25"><span class='ocrx_word' id='word_1_709' title='bbox 186 5410 323 5485; x_wconf 65' lang='lat'><strong>(92)</strong></span> <span class='ocrx_word' id='word_1_710' title='bbox 367 5403 546 5462; x_wconf 80' lang='lat' dir='ltr'><strong>Aliter</strong></span> <span class='ocrx_word' id='word_1_711' title='bbox 600 5405 677 5485; x_wconf 83' lang='lat' dir='ltr'><strong>de</strong></span> <span class='ocrx_word' id='word_1_712' title='bbox 714 5406 833 5485; x_wconf 1' lang='lat' dir='ltr'><strong>his,</strong></span> <span class='ocrx_word' id='word_1_713' title='bbox 856 5407 1088 5485; x_wconf 72' lang='lat' dir='ltr'><strong>videtur</strong></span> <span class='ocrx_word' id='word_1_714' title='bbox 1142 5411 1402 5485; x_wconf 78' lang='lat' dir='ltr'><strong>sensisse</strong></span> <span class='ocrx_word' id='word_1_715' title='bbox 1439 5412 1738 5485; x_wconf 78' lang='lat' dir='ltr'><strong>Origenes,</strong></span> 
     </span>
    </p>
   </div>
   <div class='ocr_carea' id='block_1_105' title="bbox 98 5478 1741 5557">
    <p class='ocr_par' dir='ltr' id='par_1_105' title="bbox 98 5478 1741 5557">
     <span class='ocr_line' id='line_1_105' title="bbox 98 5478 1741 5557; baseline 0.006 -25"><span class='ocrx_word' id='word_1_716' title='bbox 98 5482 346 5557; x_wconf 55' lang='lat' dir='ltr'><strong>contra</strong></span> <span class='ocrx_word' id='word_1_717' title='bbox 361 5491 568 5557; x_wconf 72' lang='lat' dir='ltr'><strong>quem,</strong></span> <span class='ocrx_word' id='word_1_718' title='bbox 586 5482 658 5557; x_wconf 68' lang='lat' dir='ltr'><strong>pt</strong></span> <span class='ocrx_word' id='word_1_719' title='bbox 685 5478 965 5557; x_wconf 64' lang='lat' dir='ltr'><strong>arbitrgr,</strong></span> <span class='ocrx_word' id='word_1_720' title='bbox 983 5478 1572 5557; x_wconf 66' lang='lat' dir='ltr'><strong>disputatChrysosC</strong></span> <span class='ocrx_word' id='word_1_721' title='bbox 1593 5478 1741 5543; x_wconf 86' lang='lat' dir='ltr'><strong>tom.</strong></span> 
     </span>
    </p>
   </div>
   <div class='ocr_carea' id='block_1_106' title="bbox 99 5550 1743 5625">
    <p class='ocr_par' dir='ltr' id='par_1_106' title="bbox 99 5550 1743 5625">
     <span class='ocr_line' id='line_1_106' title="bbox 99 5550 1743 5625; baseline 0.004 -17"><span class='ocrx_word' id='word_1_722' title='bbox 99 5553 268 5617; x_wconf 78' lang='lat' dir='ltr'><strong>Vill,</strong></span> <span class='ocrx_word' id='word_1_723' title='bbox 303 5563 374 5622; x_wconf 90' lang='lat' dir='ltr'><strong>p.</strong></span> <span class='ocrx_word' id='word_1_724' title='bbox 416 5551 539 5625; x_wconf 67' lang='lat'><strong>12!.</strong></span> <span class='ocrx_word' id='word_1_725' title='bbox 584 5551 627 5605; x_wconf 90' lang='lat' dir='ltr'><strong>D</strong></span> <span class='ocrx_word' id='word_1_726' title='bbox 648 5564 668 5625; x_wconf 77' lang='lat'><strong>;</strong></span> <span class='ocrx_word' id='word_1_727' title='bbox 722 5550 832 5607; x_wconf 90' lang='lat' dir='ltr'><strong>sed</strong></span> <span class='ocrx_word' id='word_1_728' title='bbox 870 5550 1158 5625; x_wconf 64' lang='lat' dir='ltr'><strong>Qrigen&#39;is-</strong></span> <span class='ocrx_word' id='word_1_729' title='bbox 1191 5554 1271 5612; x_wconf 85' lang='lat' dir='ltr'><strong>ad</strong></span> <span class='ocrx_word' id='word_1_730' title='bbox 1326 5550 1492 5614; x_wconf 76' lang='lat' dir='ltr'><strong>hunc</strong></span> <span class='ocrx_word' id='word_1_731' title='bbox 1541 5556 1743 5614; x_wconf 87' lang='lat' dir='ltr'><strong>locum</strong></span> 
     </span>
    </p>
   </div>
   <div class='ocr_carea' id='block_1_107' title="bbox 46 5620 973 5693">
    <p class='ocr_par' dir='ltr' id='par_1_107' title="bbox 46 5620 973 5693">
     <span class='ocr_line' id='line_1_107' title="bbox 46 5620 973 5693; baseline -0.004 -11"><span class='ocrx_word' id='word_1_732' title='bbox 46 5680 47 5693; x_wconf 18' lang='grc' dir='ltr'><em>ξ</em></span> <span class='ocrx_word' id='word_1_733' title='bbox 100 5620 611 5693; x_wconf 80' lang='lat' dir='ltr'><strong>commentarius</strong></span> <span class='ocrx_word' id='word_1_734' title='bbox 644 5621 973 5680; x_wconf 83' lang='lat' dir='ltr'><strong>intercedit.</strong></span> 
     </span>
    </p>
   </div>
   <div class='ocr_carea' id='block_1_108' title="bbox 189 5692 1744 5776">
    <p class='ocr_par' dir='ltr' id='par_1_108' title="bbox 189 5692 1744 5776">
     <span class='ocr_line' id='line_1_108' title="bbox 189 5692 1744 5776; baseline 0.002 -25"><span class='ocrx_word' id='word_1_735' title='bbox 189 5695 322 5767; x_wconf 81' lang='lat'><strong>(93)</strong></span> <span class='ocrx_word' id='word_1_736' title='bbox 351 5692 564 5776; x_wconf 63' lang='lat' dir='ltr'><strong>Nescio</strong></span> <span class='ocrx_word' id='word_1_737' title='bbox 605 5695 1155 5776; x_wconf 57' lang='lat' dir='ltr'><strong>anppnjnterpres</strong></span> <span class='ocrx_word' id='word_1_738' title='bbox 1193 5696 1400 5771; x_wconf 79' lang='lat' dir='ltr'><strong>legerit</strong></span> <span class='ocrx_word' id='word_1_739' title='bbox 1431 5705 1744 5776; x_wconf 78' lang='grc' dir='ltr'>φανερώσον-</span> 
     </span>
    </p>
   </div>
   <div class='ocr_carea' id='block_1_109' title="bbox 110 5762 1173 5842">
    <p class='ocr_par' dir='ltr' id='par_1_109' title="bbox 110 5762 1173 5842">
     <span class='ocr_line' id='line_1_109' title="bbox 110 5762 1173 5842; baseline 0.008 -22"><span class='ocrx_word' id='word_1_740' title='bbox 110 5762 233 5835; x_wconf 71' lang='grc' dir='ltr'><strong>τοξ,</strong></span> <span class='ocrx_word' id='word_1_741' title='bbox 276 5762 456 5839; x_wconf 60' lang='lat' dir='ltr'><strong>Quod</strong></span> <span class='ocrx_word' id='word_1_742' title='bbox 482 5778 597 5821; x_wconf 88' lang='lat' dir='ltr'><strong>nec</strong></span> <span class='ocrx_word' id='word_1_743' title='bbox 624 5762 774 5822; x_wconf 88' lang='lat' dir='ltr'><strong>mihi</strong></span> <span class='ocrx_word' id='word_1_744' title='bbox 797 5762 1173 5842; x_wconf 78' lang='lat' dir='ltr'><strong>displicebat.</strong></span> 
     </span>
    </p>
   </div>
   <div class='ocr_carea' id='block_1_110' title="bbox 1948 5412 2489 5486">
    <p class='ocr_par' dir='ltr' id='par_1_110' title="bbox 1948 5412 2489 5486">
     <span class='ocr_line' id='line_1_110' title="bbox 1948 5412 2489 5486; baseline -0.006 -16"><span class='ocrx_word' id='word_1_745' title='bbox 1948 5414 2038 5486; x_wconf 73' lang='grc'><strong>94)</strong></span> <span class='ocrx_word' id='word_1_746' title='bbox 2071 5416 2173 5468; x_wconf 80' lang='grc' dir='ltr'><strong>Καί</strong></span> <span class='ocrx_word' id='word_1_747' title='bbox 2223 5412 2390 5469; x_wconf 81' lang='lat' dir='ltr'><strong>abest</strong></span> <span class='ocrx_word' id='word_1_748' title='bbox 2428 5418 2489 5467; x_wconf 81' lang='grc' dir='ltr'><strong>Α.</strong></span> 
     </span>
    </p>
   </div>
   <div class='ocr_carea' id='block_1_111' title="bbox 1902 5486 2749 5573">
    <p class='ocr_par' dir='ltr' id='par_1_111' title="bbox 1902 5486 2749 5573">
     <span class='ocr_line' id='line_1_111' title="bbox 1902 5486 2749 5573; baseline 0 -37"><span class='ocrx_word' id='word_1_749' title='bbox 1902 5486 2046 5573; x_wconf 60' lang='grc'><strong>⁹(95)</strong></span> <span class='ocrx_word' id='word_1_750' title='bbox 2150 5488 2279 5537; x_wconf 88' lang='grc' dir='ltr'>Τίνα</span> <span class='ocrx_word' id='word_1_751' title='bbox 2382 5488 2572 5558; x_wconf 86' lang='grc' dir='ltr'>τρόπον</span> <span class='ocrx_word' id='word_1_752' title='bbox 2683 5487 2749 5539; x_wconf 78' lang='grc' dir='ltr'><strong>Α.</strong></span> 
     </span>
    </p>
   </div>
   <div class='ocr_carea' id='block_1_112' title="bbox 1854 5570 2064 5623">
    <p class='ocr_par' dir='ltr' id='par_1_112' title="bbox 1854 5570 2064 5623">
     <span class='ocr_line' id='line_1_112' title="bbox 1854 5570 2064 5623; baseline 0 -16"><span class='ocrx_word' id='word_1_753' title='bbox 1854 5570 2016 5615; x_wconf 72' lang='grc' dir='ltr'>αυτὴν</span> <span class='ocrx_word' id='word_1_754' title='bbox 2050 5570 2064 5623; x_wconf 88' lang='grc'><strong>;</strong></span> 
     </span>
    </p>
   </div>
   <div class='ocr_carea' id='block_1_113' title="bbox 1925 5621 3506 5754">
    <p class='ocr_par' dir='ltr' id='par_1_113' title="bbox 1925 5621 3506 5754">
     <span class='ocr_line' id='line_1_113' title="bbox 1925 5621 3506 5754; baseline -0.001 -71"><span class='ocrx_word' id='word_1_755' title='bbox 1925 5621 2185 5754; x_wconf 52' lang='lat' dir='ltr'><strong>(96{Aut</strong></span> <span class='ocrx_word' id='word_1_756' title='bbox 2212 5642 2284 5682; x_wconf 85' lang='lat' dir='ltr'><strong>ex</strong></span> <span class='ocrx_word' id='word_1_757' title='bbox 2305 5624 2713 5699; x_wconf 88' lang='lat' dir='ltr'><strong>superioribus</strong></span> <span class='ocrx_word' id='word_1_758' title='bbox 2766 5622 3151 5703; x_wconf 78' lang='lat' dir='ltr'><strong>repetendum</strong></span> <span class='ocrx_word' id='word_1_759' title='bbox 3186 5621 3506 5705; x_wconf 68' lang='grc' dir='ltr'>προσέσχον,</span> 
     </span>
     <span class='ocr_line' id='line_1_114' title="bbox 1925 5693 3506 5754; baseline -0.008 0"><span class='ocrx_word' id='word_1_760' title='bbox 1925 5705 1957 5754; x_wconf 74' lang='lat' dir='ltr'><strong>rt</strong></span> <span class='ocrx_word' id='word_1_761' title='bbox 1986 5697 2149 5754; x_wconf 87' lang='lat' dir='ltr'><strong>aiud</strong></span> <span class='ocrx_word' id='word_1_762' title='bbox 2202 5697 2452 5754; x_wconf 75' lang='lat' dir='ltr'><strong>verbum</strong></span> <span class='ocrx_word' id='word_1_763' title='bbox 2502 5695 2931 5754; x_wconf 80' lang='lat' dir='ltr'><strong>supplendum.</strong></span> <span class='ocrx_word' id='word_1_764' title='bbox 2974 5693 3154 5751; x_wconf 70' lang='lat' dir='ltr'><strong>velut:</strong></span> <span class='ocrx_word' id='word_1_765' title='bbox 3207 5695 3506 5754; x_wconf 71' lang='grc' dir='ltr'>εγίνωσκον,</span> 
     </span>
    </p>
   </div>
   <div class='ocr_carea' id='block_1_114' title="bbox 1854 5693 3509 5771">
    <p class='ocr_par' dir='ltr' id='par_1_114' title="bbox 1854 5693 3509 5771">
     <span class='ocr_line' id='line_1_115' title="bbox 1854 5693 3509 5771; baseline -0.008 -16"><span class='ocrx_word' id='word_1_766' title='bbox 1854 5693 1957 5755; x_wconf 80' lang='lat' dir='ltr'><strong>aut</strong></span> <span class='ocrx_word' id='word_1_767' title='bbox 1986 5693 2149 5755; x_wconf 85' lang='lat' dir='ltr'><strong>aliud</strong></span> <span class='ocrx_word' id='word_1_768' title='bbox 2202 5693 2452 5754; x_wconf 52' lang='lat' dir='ltr'><strong>verbu‘m</strong></span> <span class='ocrx_word' id='word_1_769' title='bbox 2502 5693 2931 5771; x_wconf 79' lang='lat' dir='ltr'><strong>supplendum,</strong></span> <span class='ocrx_word' id='word_1_770' title='bbox 2974 5693 3154 5751; x_wconf 90' lang='lat' dir='ltr'><strong>veluti</strong></span> <span class='ocrx_word' id='word_1_771' title='bbox 3207 5693 3509 5764; x_wconf 74' lang='grc' dir='ltr'>ἐγίνωσκον,</span> 
     </span>
    </p>
   </div>
   <div class='ocr_carea' id='block_1_115' title="bbox 2843 5477 3511 5551">
    <p class='ocr_par' dir='ltr' id='par_1_115' title="bbox 2843 5477 3511 5551">
     <span class='ocr_line' id='line_1_116' title="bbox 2843 5477 3511 5551; baseline -0.015 -14"><span class='ocrx_word' id='word_1_772' title='bbox 2843 5479 3124 5551; x_wconf 82' lang='lat' dir='ltr'><strong>lntellige,</strong></span> <span class='ocrx_word' id='word_1_773' title='bbox 3199 5477 3511 5551; x_wconf 78' lang='grc' dir='ltr'>ἐφανερωσεν</span> 
     </span>
    </p>
   </div>
  </div>
