  <div class='ocr_page' id='page_1' title='image "/cluster/home/n/w/nwhite01/storage/ocr_20150623/129/hvd.32044073502395/601.png"; bbox 0 0 4038 6226; ppageno 0'>
   <div class='ocr_carea' id='block_1_1' title="bbox 642 294 779 350">
    <p class='ocr_par' dir='ltr' id='par_1_1' title="bbox 642 294 779 350">
     <span class='ocr_line' id='line_1_1' title="bbox 642 294 779 350; baseline 0 0"><span class='ocrx_word' id='word_1_1' title='bbox 642 294 779 350; x_wconf 71' lang='grc'>1155</span> 
     </span>
    </p>
   </div>
   <div class='ocr_carea' id='block_1_2' title="bbox 645 504 2310 577">
    <p class='ocr_par' dir='ltr' id='par_1_2' title="bbox 645 504 2310 577">
     <span class='ocr_line' id='line_1_2' title="bbox 645 504 2310 577; baseline -0.002 -12"><span class='ocrx_word' id='word_1_2' title='bbox 645 527 852 571; x_wconf 89' lang='lat' dir='ltr'>nanm,</span> <span class='ocrx_word' id='word_1_3' title='bbox 888 514 946 561; x_wconf 90' lang='lat' dir='ltr'>ut</span> <span class='ocrx_word' id='word_1_4' title='bbox 973 507 1281 577; x_wconf 81' lang='lat' dir='ltr'>quiescere</span> <span class='ocrx_word' id='word_1_5' title='bbox 1317 505 1534 560; x_wconf 81' lang='lat' dir='ltr'>faceret</span> <span class='ocrx_word' id='word_1_6' title='bbox 1558 504 1639 560; x_wconf 86' lang='lat' dir='ltr'>ibi</span> <span class='ocrx_word' id='word_1_7' title='bbox 1675 508 1934 561; x_wconf 78' lang='lat' dir='ltr'>Matrem.</span> <span class='ocrx_word' id='word_1_8' title='bbox 1963 506 2192 560; x_wconf 82' lang='lat' dir='ltr'>Fratres</span> <span class='ocrx_word' id='word_1_9' title='bbox 2218 506 2310 561; x_wconf 91' lang='lat' dir='ltr'>sui</span> 
     </span>
    </p>
   </div>
   <div class='ocr_carea' id='block_1_3' title="bbox 644 594 2308 667">
    <p class='ocr_par' dir='ltr' id='par_1_3' title="bbox 644 594 2308 667">
     <span class='ocr_line' id='line_1_3' title="bbox 644 594 2308 667; baseline -0.003 -13"><span class='ocrx_word' id='word_1_10' title='bbox 644 603 866 661; x_wconf 85' lang='lat' dir='ltr'>autem,</span> <span class='ocrx_word' id='word_1_11' title='bbox 890 596 1039 665; x_wconf 83' lang='lat' dir='ltr'>lege,</span> <span class='ocrx_word' id='word_1_12' title='bbox 1075 611 1193 649; x_wconf 90' lang='lat' dir='ltr'>non</span> <span class='ocrx_word' id='word_1_13' title='bbox 1225 600 1459 661; x_wconf 89' lang='lat' dir='ltr'>natura,</span> <span class='ocrx_word' id='word_1_14' title='bbox 1502 594 1605 649; x_wconf 85' lang='lat' dir='ltr'>ﬁlii</span> <span class='ocrx_word' id='word_1_15' title='bbox 1654 594 1925 650; x_wconf 80' lang='lat' dir='ltr'>videlicet</span> <span class='ocrx_word' id='word_1_16' title='bbox 1953 594 2172 666; x_wconf 86' lang='lat' dir='ltr'>Joseph</span> <span class='ocrx_word' id='word_1_17' title='bbox 2205 594 2308 667; x_wconf 90' lang='lat' dir='ltr'>qui</span> 
     </span>
    </p>
   </div>
   <div class='ocr_carea' id='block_1_4' title="bbox 638 682 1808 756">
    <p class='ocr_par' dir='ltr' id='par_1_4' title="bbox 638 682 1808 756">
     <span class='ocr_line' id='line_1_4' title="bbox 638 682 1808 756; baseline -0.003 -15"><span class='ocrx_word' id='word_1_18' title='bbox 638 687 767 756; x_wconf 83' lang='lat' dir='ltr'>lege</span> <span class='ocrx_word' id='word_1_19' title='bbox 798 691 852 740; x_wconf 91' lang='lat' dir='ltr'>et</span> <span class='ocrx_word' id='word_1_20' title='bbox 884 700 1003 740; x_wconf 91' lang='lat' dir='ltr'>non</span> <span class='ocrx_word' id='word_1_21' title='bbox 1034 689 1245 738; x_wconf 87' lang='lat' dir='ltr'>natura</span> <span class='ocrx_word' id='word_1_22' title='bbox 1285 690 1453 755; x_wconf 84' lang='lat' dir='ltr'>pater</span> <span class='ocrx_word' id='word_1_23' title='bbox 1484 682 1640 739; x_wconf 89' lang='lat' dir='ltr'>illius</span> <span class='ocrx_word' id='word_1_24' title='bbox 1665 690 1808 739; x_wconf 90' lang='lat' dir='ltr'>erat.</span> 
     </span>
    </p>
   </div>
   <div class='ocr_carea' id='block_1_5' title="bbox 1053 772 1966 842">
    <p class='ocr_par' dir='ltr' id='par_1_5' title="bbox 1053 772 1966 842">
     <span class='ocr_line' id='line_1_5' title="bbox 1053 772 1966 842; baseline -0.003 -13"><span class='ocrx_word' id='word_1_25' title='bbox 1053 775 1205 829; x_wconf 81' lang='lat' dir='ltr'>CAP.</span> <span class='ocrx_word' id='word_1_26' title='bbox 1241 772 1314 827; x_wconf 84' lang='lat' dir='ltr'>ll.</span> <span class='ocrx_word' id='word_1_27' title='bbox 1341 774 1416 828; x_wconf 91' lang='lat' dir='ltr'>De</span> <span class='ocrx_word' id='word_1_28' title='bbox 1436 773 1634 842; x_wconf 78' lang='lat' dir='ltr'>ejectis</span> <span class='ocrx_word' id='word_1_29' title='bbox 1673 789 1702 830; x_wconf 92' lang='lat' dir='ltr'>e</span> <span class='ocrx_word' id='word_1_30' title='bbox 1732 774 1966 842; x_wconf 77' lang='lat' dir='ltr'>tempto.</span> 
     </span>
    </p>
   </div>
   <div class='ocr_carea' id='block_1_6' title="bbox 715 872 2307 940">
    <p class='ocr_par' dir='ltr' id='par_1_6' title="bbox 715 872 2307 940">
     <span class='ocr_line' id='line_1_6' title="bbox 715 872 2307 940; baseline 0 -13"><span class='ocrx_word' id='word_1_31' title='bbox 715 874 875 928; x_wconf 84' lang='lat' dir='ltr'>Vers.</span> <span class='ocrx_word' id='word_1_32' title='bbox 912 873 997 927; x_wconf 83' lang='lat' dir='ltr'>l3.</span> <span class='ocrx_word' id='word_1_33' title='bbox 1026 872 1102 927; x_wconf 84' lang='lat' dir='ltr'>Et</span> <span class='ocrx_word' id='word_1_34' title='bbox 1130 888 1317 940; x_wconf 82' lang='lat' dir='ltr'>prope</span> <span class='ocrx_word' id='word_1_35' title='bbox 1356 903 1424 910; x_wconf 95' lang='lat'><strong><em>—</em></strong></span> <span class='ocrx_word' id='word_1_36' title='bbox 1450 872 1611 927; x_wconf 89' lang='lat' dir='ltr'>Vers.</span> <span class='ocrx_word' id='word_1_37' title='bbox 1669 877 1750 926; x_wconf 76' lang='grc'>15.</span> <span class='ocrx_word' id='word_1_38' title='bbox 1784 872 2091 928; x_wconf 62' lang='lat' dir='ltr'>subvertit.</span> <span class='ocrx_word' id='word_1_39' title='bbox 2141 873 2307 929; x_wconf 67' lang='lat' dir='ltr'>Simio</span> 
     </span>
    </p>
   </div>
   <div class='ocr_carea' id='block_1_7' title="bbox 642 946 2308 1035">
    <p class='ocr_par' dir='ltr' id='par_1_7' title="bbox 642 946 2308 1035">
     <span class='ocr_line' id='line_1_7' title="bbox 642 946 2308 1035; baseline -0.001 -18"><span class='ocrx_word' id='word_1_40' title='bbox 642 946 723 1019; x_wconf 89' lang='lat' dir='ltr'>lia</span> <span class='ocrx_word' id='word_1_41' title='bbox 748 979 989 1035; x_wconf 89' lang='lat' dir='ltr'>quoque</span> <span class='ocrx_word' id='word_1_42' title='bbox 1019 964 1250 1034; x_wconf 79' lang='lat' dir='ltr'>scripsit</span> <span class='ocrx_word' id='word_1_43' title='bbox 1282 963 1585 1017; x_wconf 74' lang='lat' dir='ltr'>Matthams</span> <span class='ocrx_word' id='word_1_44' title='bbox 1616 962 1674 1015; x_wconf 89' lang='lat' dir='ltr'>in</span> <span class='ocrx_word' id='word_1_45' title='bbox 1707 963 1823 1017; x_wconf 81' lang='lat' dir='ltr'>ﬁne</span> <span class='ocrx_word' id='word_1_46' title='bbox 1855 962 2308 1033; x_wconf 82' lang='lat' dir='ltr'>quadragesimi</span> 
     </span>
    </p>
   </div>
   <div class='ocr_carea' id='block_1_8' title="bbox 639 1051 2306 1125">
    <p class='ocr_par' dir='ltr' id='par_1_8' title="bbox 639 1051 2306 1125">
     <span class='ocr_line' id='line_1_8' title="bbox 639 1051 2306 1125; baseline 0 -18"><span class='ocrx_word' id='word_1_47' title='bbox 639 1054 829 1125; x_wconf 92' lang='lat' dir='ltr'>quinti</span> <span class='ocrx_word' id='word_1_48' title='bbox 853 1053 1062 1123; x_wconf 77' lang='lat' dir='ltr'>capitis</span> <span class='ocrx_word' id='word_1_49' title='bbox 1080 1054 1127 1086; x_wconf 82' lang='grc'>³⁸</span> <span class='ocrx_word' id='word_1_50' title='bbox 1159 1059 1251 1117; x_wconf 91' lang='lat' dir='ltr'>;et</span> <span class='ocrx_word' id='word_1_51' title='bbox 1275 1052 1505 1106; x_wconf 86' lang='lat' dir='ltr'>illorum</span> <span class='ocrx_word' id='word_1_52' title='bbox 1531 1051 1654 1121; x_wconf 83' lang='lat' dir='ltr'>lege</span> <span class='ocrx_word' id='word_1_53' title='bbox 1682 1054 2141 1119; x_wconf 77' lang='lat' dir='ltr'>enarrationem,</span> <span class='ocrx_word' id='word_1_54' title='bbox 2177 1053 2306 1125; x_wconf 90' lang='lat' dir='ltr'>plu-</span> 
     </span>
    </p>
   </div>
   <div class='ocr_carea' id='block_1_9' title="bbox 640 1142 1584 1199">
    <p class='ocr_par' dir='ltr' id='par_1_9' title="bbox 640 1142 1584 1199">
     <span class='ocr_line' id='line_1_9' title="bbox 640 1142 1584 1199; baseline -0.002 -2"><span class='ocrx_word' id='word_1_55' title='bbox 640 1144 863 1199; x_wconf 89' lang='lat' dir='ltr'>rimum</span> <span class='ocrx_word' id='word_1_56' title='bbox 896 1142 973 1196; x_wconf 90' lang='lat' dir='ltr'>ad</span> <span class='ocrx_word' id='word_1_57' title='bbox 1005 1143 1133 1197; x_wconf 65' lang='lat' dir='ltr'>hrec</span> <span class='ocrx_word' id='word_1_58' title='bbox 1160 1142 1584 1197; x_wconf 83' lang='lat' dir='ltr'>conferentem.</span> 
     </span>
    </p>
   </div>
   <div class='ocr_carea' id='block_1_10' title="bbox 718 1318 2309 1394">
    <p class='ocr_par' dir='ltr' id='par_1_10' title="bbox 718 1318 2309 1394">
     <span class='ocr_line' id='line_1_10' title="bbox 718 1318 2309 1394; baseline 0.002 -21"><span class='ocrx_word' id='word_1_59' title='bbox 718 1324 1074 1394; x_wconf 81' lang='grc' dir='ltr'>Κερματισταὶ</span> <span class='ocrx_word' id='word_1_60' title='bbox 1126 1324 1324 1374; x_wconf 90' lang='lat' dir='ltr'>autem</span> <span class='ocrx_word' id='word_1_61' title='bbox 1356 1319 1595 1390; x_wconf 85' lang='lat' dir='ltr'>prOprie</span> <span class='ocrx_word' id='word_1_62' title='bbox 1634 1318 1914 1375; x_wconf 88' lang='lat' dir='ltr'>dicuntur</span> <span class='ocrx_word' id='word_1_63' title='bbox 1946 1326 2309 1390; x_wconf 88' lang='lat' dir='ltr'>permutato-</span> 
     </span>
    </p>
   </div>
   <div class='ocr_carea' id='block_1_11' title="bbox 641 1407 2305 1480">
    <p class='ocr_par' dir='ltr' id='par_1_11' title="bbox 641 1407 2305 1480">
     <span class='ocr_line' id='line_1_11' title="bbox 641 1407 2305 1480; baseline 0.002 -17"><span class='ocrx_word' id='word_1_64' title='bbox 641 1426 753 1473; x_wconf 90' lang='lat' dir='ltr'>res,</span> <span class='ocrx_word' id='word_1_65' title='bbox 832 1425 985 1480; x_wconf 91' lang='lat' dir='ltr'>quos</span> <span class='ocrx_word' id='word_1_66' title='bbox 1042 1408 1344 1464; x_wconf 74' lang='lat' dir='ltr'>Matthteus</span> <span class='ocrx_word' id='word_1_67' title='bbox 1396 1407 1740 1469; x_wconf 75' lang='grc' dir='ltr'>κολλυϐιστάς</span> <span class='ocrx_word' id='word_1_68' title='bbox 1796 1411 2148 1479; x_wconf 85' lang='lat' dir='ltr'>nominavit,</span> <span class='ocrx_word' id='word_1_69' title='bbox 2191 1411 2305 1466; x_wconf 90' lang='lat' dir='ltr'>hoc</span> 
     </span>
    </p>
   </div>
   <div class='ocr_carea' id='block_1_12' title="bbox 642 1496 2304 1571">
    <p class='ocr_par' dir='ltr' id='par_1_12' title="bbox 642 1496 2304 1571">
     <span class='ocr_line' id='line_1_12' title="bbox 642 1496 2304 1571; baseline 0.001 -18"><span class='ocrx_word' id='word_1_70' title='bbox 642 1503 727 1554; x_wconf 90' lang='lat' dir='ltr'>est</span> <span class='ocrx_word' id='word_1_71' title='bbox 767 1496 1227 1552; x_wconf 86' lang='lat' dir='ltr'>nummularios.</span> <span class='ocrx_word' id='word_1_72' title='bbox 1266 1498 1328 1552; x_wconf 89' lang='lat' dir='ltr'>Et</span> <span class='ocrx_word' id='word_1_73' title='bbox 1362 1498 1510 1552; x_wconf 87' lang='lat' dir='ltr'>sicut</span> <span class='ocrx_word' id='word_1_74' title='bbox 1536 1496 1778 1557; x_wconf 79' lang='grc' dir='ltr'>κολλυϐος</span> <span class='ocrx_word' id='word_1_75' title='bbox 1810 1498 2022 1553; x_wconf 89' lang='lat' dir='ltr'>obolus</span> <span class='ocrx_word' id='word_1_76' title='bbox 2053 1504 2161 1564; x_wconf 91' lang='lat' dir='ltr'>est,</span> <span class='ocrx_word' id='word_1_77' title='bbox 2201 1500 2304 1571; x_wconf 90' lang='lat' dir='ltr'>qui</span> 
     </span>
    </p>
   </div>
   <div class='ocr_carea' id='block_1_13' title="bbox 639 1586 2303 1658">
    <p class='ocr_par' dir='ltr' id='par_1_13' title="bbox 639 1586 2303 1658">
     <span class='ocr_line' id='line_1_13' title="bbox 639 1586 2303 1658; baseline 0.002 -17"><span class='ocrx_word' id='word_1_78' title='bbox 639 1603 749 1658; x_wconf 91' lang='lat' dir='ltr'>pro</span> <span class='ocrx_word' id='word_1_79' title='bbox 795 1587 1233 1657; x_wconf 83' lang='lat' dir='ltr'>permutatione</span> <span class='ocrx_word' id='word_1_80' title='bbox 1263 1594 1512 1641; x_wconf 69' lang='lat' dir='ltr'>monetae</span> <span class='ocrx_word' id='word_1_81' title='bbox 1543 1586 1717 1641; x_wconf 88' lang='lat' dir='ltr'>datur</span> <span class='ocrx_word' id='word_1_82' title='bbox 1757 1588 1814 1640; x_wconf 97' lang='lat' dir='ltr'>id</span> <span class='ocrx_word' id='word_1_83' title='bbox 1856 1593 1945 1643; x_wconf 82' lang='lat' dir='ltr'>est</span> <span class='ocrx_word' id='word_1_84' title='bbox 1998 1589 2085 1657; x_wconf 89' lang='lat' dir='ltr'>(ut</span> <span class='ocrx_word' id='word_1_85' title='bbox 2126 1588 2303 1657; x_wconf 82' lang='lat' dir='ltr'>vulgo</span> 
     </span>
    </p>
   </div>
   <div class='ocr_carea' id='block_1_14' title="bbox 639 1675 2301 1747">
    <p class='ocr_par' dir='ltr' id='par_1_14' title="bbox 639 1675 2301 1747">
     <span class='ocr_line' id='line_1_14' title="bbox 639 1675 2301 1747; baseline 0 -15"><span class='ocrx_word' id='word_1_86' title='bbox 639 1676 872 1745; x_wconf 89' lang='lat' dir='ltr'>dicitur)</span> <span class='ocrx_word' id='word_1_87' title='bbox 906 1675 1202 1731; x_wconf 76' lang='lat' dir='ltr'>cambium</span> <span class='ocrx_word' id='word_1_88' title='bbox 1240 1691 1250 1729; x_wconf 93' lang='lat'>:</span> <span class='ocrx_word' id='word_1_89' title='bbox 1282 1676 1363 1730; x_wconf 90' lang='lat' dir='ltr'>sic</span> <span class='ocrx_word' id='word_1_90' title='bbox 1392 1681 1447 1729; x_wconf 91' lang='lat' dir='ltr'>et</span> <span class='ocrx_word' id='word_1_91' title='bbox 1495 1680 1661 1747; x_wconf 81' lang='grc' dir='ltr'>κέρμα</span> <span class='ocrx_word' id='word_1_92' title='bbox 1701 1677 2005 1745; x_wconf 83' lang='lat' dir='ltr'>congeries</span> <span class='ocrx_word' id='word_1_93' title='bbox 2035 1682 2120 1732; x_wconf 92' lang='lat' dir='ltr'>est</span> <span class='ocrx_word' id='word_1_94' title='bbox 2156 1678 2301 1733; x_wconf 85' lang='lat' dir='ltr'>obo-</span> 
     </span>
    </p>
   </div>
   <div class='ocr_carea' id='block_1_15' title="bbox 1994 290 3857 367">
    <p class='ocr_par' dir='ltr' id='par_1_15' title="bbox 1994 290 3857 367">
     <span class='ocr_line' id='line_1_15' title="bbox 1994 290 3857 367; baseline 0.011 -22"><span class='ocrx_word' id='word_1_95' title='bbox 1994 290 2345 350; x_wconf 85' lang='lat' dir='ltr'>EUTHYMll</span> <span class='ocrx_word' id='word_1_96' title='bbox 2380 291 2708 352; x_wconf 71' lang='lat' dir='ltr'>ZIGABEN!</span> <span class='ocrx_word' id='word_1_97' title='bbox 3766 311 3857 367; x_wconf 68' lang='lat' dir='ltr'>um</span> 
     </span>
    </p>
   </div>
   <div class='ocr_carea' id='block_1_16' title="bbox 714 415 2389 488">
    <p class='ocr_par' dir='ltr' id='par_1_16' title="bbox 714 415 2389 488">
     <span class='ocr_line' id='line_1_16' title="bbox 714 415 2389 488; baseline -0.002 -12"><span class='ocrx_word' id='word_1_98' title='bbox 714 424 872 476; x_wconf 83' lang='lat' dir='ltr'>Vers.</span> <span class='ocrx_word' id='word_1_99' title='bbox 933 421 1021 473; x_wconf 80' lang='lat' dir='ltr'>l2.</span> <span class='ocrx_word' id='word_1_100' title='bbox 1067 417 1330 472; x_wconf 71' lang='lat' dir='ltr'>Posthzee</span> <span class='ocrx_word' id='word_1_101' title='bbox 1363 446 1425 455; x_wconf 90' lang='lat'><strong><em>—</em></strong></span> <span class='ocrx_word' id='word_1_102' title='bbox 1474 415 1694 472; x_wconf 82' lang='lat' dir='ltr'>diebus.</span> <span class='ocrx_word' id='word_1_103' title='bbox 1743 415 2059 472; x_wconf 88' lang='lat' dir='ltr'>Descendit</span> <span class='ocrx_word' id='word_1_104' title='bbox 2097 416 2312 488; x_wconf 86' lang='lat' dir='ltr'>Caper-</span> <span class='ocrx_word' id='word_1_105' title='bbox 2342 418 2389 473; x_wconf 78' lang='grc' dir='ltr'><strong>Α</strong></span> 
     </span>
    </p>
   </div>
   <div class='ocr_carea' id='block_1_17' title="bbox 2492 423 3851 503">
    <p class='ocr_par' dir='ltr' id='par_1_17' title="bbox 2492 423 3851 503">
     <span class='ocr_line' id='line_1_17' title="bbox 2492 423 3851 503; baseline 0.01 -30"><span class='ocrx_word' id='word_1_106' title='bbox 2492 423 2636 473; x_wconf 83' lang='grc' dir='ltr'>Μετὰ</span> <span class='ocrx_word' id='word_1_107' title='bbox 2673 429 2827 473; x_wconf 78' lang='grc' dir='ltr'>τοῦτο</span> <span class='ocrx_word' id='word_1_108' title='bbox 2884 454 2952 463; x_wconf 89' lang='lat'><strong>—</strong></span> <span class='ocrx_word' id='word_1_109' title='bbox 3015 425 3230 496; x_wconf 75' lang='grc' dir='ltr'>ἡμέρας,</span> <span class='ocrx_word' id='word_1_110' title='bbox 3284 425 3470 484; x_wconf 77' lang='grc' dir='ltr'>Κατέϐη</span> <span class='ocrx_word' id='word_1_111' title='bbox 3508 428 3565 489; x_wconf 81' lang='grc' dir='ltr'>εἰς</span> <span class='ocrx_word' id='word_1_112' title='bbox 3608 437 3851 503; x_wconf 63' lang='grc' dir='ltr'>Καπερναοὺα,</span> 
     </span>
    </p>
   </div>
   <div class='ocr_carea' id='block_1_18' title="bbox 2420 498 3856 595">
    <p class='ocr_par' dir='ltr' id='par_1_18' title="bbox 2420 506 3856 595">
     <span class='ocr_line' id='line_1_18' title="bbox 2420 506 3856 595; baseline 0.011 -36"><span class='ocrx_word' id='word_1_113' title='bbox 2420 510 2504 560; x_wconf 84' lang='grc' dir='ltr'>ἱνα</span> <span class='ocrx_word' id='word_1_114' title='bbox 2542 506 2878 584; x_wconf 79' lang='grc' dir='ltr'>διαναπαύση</span> <span class='ocrx_word' id='word_1_115' title='bbox 2918 517 3008 570; x_wconf 81' lang='grc' dir='ltr'>τὴν</span> <span class='ocrx_word' id='word_1_116' title='bbox 3054 517 3285 586; x_wconf 76' lang='grc' dir='ltr'>Μητέρα.</span> <span class='ocrx_word' id='word_1_117' title='bbox 3328 512 3541 588; x_wconf 68' lang='grc' dir='ltr'>Ἀδελοοὶ</span> <span class='ocrx_word' id='word_1_118' title='bbox 3574 516 3619 571; x_wconf 71' lang='grc' dir='ltr'>δὲ</span> <span class='ocrx_word' id='word_1_119' title='bbox 3643 522 3756 573; x_wconf 64' lang='grc' dir='ltr'>αὖτού</span> <span class='ocrx_word' id='word_1_120' title='bbox 3772 532 3856 595; x_wconf 51' lang='grc' dir='ltr'>»ἀμ</span> 
     </span>
    </p>
   </div>
   <div class='ocr_carea' id='block_1_19' title="bbox 2418 599 3858 683">
    <p class='ocr_par' dir='ltr' id='par_1_19' title="bbox 2418 599 3858 683">
     <span class='ocr_line' id='line_1_19' title="bbox 2418 599 3858 683; baseline 0.009 -33"><span class='ocrx_word' id='word_1_121' title='bbox 2418 604 2506 651; x_wconf 81' lang='grc' dir='ltr'>καὶ</span> <span class='ocrx_word' id='word_1_122' title='bbox 2534 599 2591 651; x_wconf 78' lang='grc' dir='ltr'>ού</span> <span class='ocrx_word' id='word_1_123' title='bbox 2642 603 2794 671; x_wconf 79' lang='grc' dir='ltr'>φύσει</span> <span class='ocrx_word' id='word_1_124' title='bbox 2846 605 2895 654; x_wconf 80' lang='grc' dir='ltr'>οἱ</span> <span class='ocrx_word' id='word_1_125' title='bbox 2925 605 3029 654; x_wconf 81' lang='grc' dir='ltr'>υἱοὶ</span> <span class='ocrx_word' id='word_1_126' title='bbox 3079 603 3292 675; x_wconf 63' lang='grc' dir='ltr'>Ἰωσὴφ,</span> <span class='ocrx_word' id='word_1_127' title='bbox 3350 612 3437 657; x_wconf 80' lang='grc' dir='ltr'>τοῦ</span> <span class='ocrx_word' id='word_1_128' title='bbox 3460 611 3577 678; x_wconf 81' lang='grc' dir='ltr'>νόμῳ</span> <span class='ocrx_word' id='word_1_129' title='bbox 3601 615 3669 661; x_wconf 78' lang='grc' dir='ltr'>καὶ</span> <span class='ocrx_word' id='word_1_130' title='bbox 3703 613 3744 661; x_wconf 71' lang='grc' dir='ltr'>οὗ</span> <span class='ocrx_word' id='word_1_131' title='bbox 3766 618 3858 683; x_wconf 65' lang='grc' dir='ltr'>ονειι</span> 
     </span>
    </p>
   </div>
   <div class='ocr_carea' id='block_1_20' title="bbox 2417 691 2824 754">
    <p class='ocr_par' dir='ltr' id='par_1_20' title="bbox 2417 691 2824 754">
     <span class='ocr_line' id='line_1_20' title="bbox 2417 691 2824 754; baseline 0.007 -13"><span class='ocrx_word' id='word_1_132' title='bbox 2417 693 2614 754; x_wconf 83' lang='grc' dir='ltr'>πατρὸς</span> <span class='ocrx_word' id='word_1_133' title='bbox 2643 691 2824 749; x_wconf 73' lang='grc' dir='ltr'>αὐτοῦ.</span> 
     </span>
    </p>
   </div>
   <div class='ocr_carea' id='block_1_21' title="bbox 2564 779 3772 861">
    <p class='ocr_par' dir='ltr' id='par_1_21' title="bbox 2564 779 3772 861">
     <span class='ocr_line' id='line_1_21' title="bbox 2564 779 3772 861; baseline 0.007 -29"><span class='ocrx_word' id='word_1_134' title='bbox 2564 786 2709 835; x_wconf 71' lang='lat' dir='ltr'>[Cl-34&gt;.</span> <span class='ocrx_word' id='word_1_135' title='bbox 2736 779 2799 835; x_wconf 68' lang='lat' dir='ltr'>B&#39;.</span> <span class='ocrx_word' id='word_1_136' title='bbox 2837 786 2961 854; x_wconf 84' lang='grc' dir='ltr'>Περὶ</span> <span class='ocrx_word' id='word_1_137' title='bbox 2996 790 3093 834; x_wconf 83' lang='grc' dir='ltr'>τῶν</span> <span class='ocrx_word' id='word_1_138' title='bbox 3124 781 3458 841; x_wconf 79' lang='grc' dir='ltr'>ἐκϐληθέντων</span> <span class='ocrx_word' id='word_1_139' title='bbox 3482 784 3528 837; x_wconf 74' lang='grc' dir='ltr'>ἐκ</span> <span class='ocrx_word' id='word_1_140' title='bbox 3554 796 3629 838; x_wconf 78' lang='grc' dir='ltr'>τοῦ</span> <span class='ocrx_word' id='word_1_141' title='bbox 3659 790 3772 861; x_wconf 80' lang='grc' dir='ltr'>ἱιρού.</span> 
     </span>
    </p>
   </div>
   <div class='ocr_carea' id='block_1_22' title="bbox 2493 868 3866 949">
    <p class='ocr_par' dir='ltr' id='par_1_22' title="bbox 2493 868 3866 949">
     <span class='ocr_line' id='line_1_22' title="bbox 2493 868 3866 949; baseline 0.007 -28"><span class='ocrx_word' id='word_1_142' title='bbox 2493 874 2592 922; x_wconf 80' lang='grc' dir='ltr'>Καὶ</span> <span class='ocrx_word' id='word_1_143' title='bbox 2680 868 2834 941; x_wconf 81' lang='grc' dir='ltr'>έγγὺς</span> <span class='ocrx_word' id='word_1_144' title='bbox 2918 903 2986 911; x_wconf 96' lang='lat'><strong>—</strong></span> <span class='ocrx_word' id='word_1_145' title='bbox 3070 871 3367 947; x_wconf 77' lang='grc' dir='ltr'>ἀνέστρεψε.</span> <span class='ocrx_word' id='word_1_146' title='bbox 3456 876 3738 949; x_wconf 69' lang='grc' dir='ltr'>Παραπλήσια</span> <span class='ocrx_word' id='word_1_147' title='bbox 3798 884 3866 947; x_wconf 65' lang='lat'>(97)</span> 
     </span>
    </p>
   </div>
   <div class='ocr_carea' id='block_1_23' title="bbox 2417 960 3866 1036">
    <p class='ocr_par' dir='ltr' id='par_1_23' title="bbox 2417 960 3866 1036">
     <span class='ocr_line' id='line_1_23' title="bbox 2417 960 3866 1036; baseline 0.008 -28"><span class='ocrx_word' id='word_1_148' title='bbox 2417 964 2505 1010; x_wconf 84' lang='grc' dir='ltr'>καὶ</span> <span class='ocrx_word' id='word_1_149' title='bbox 2559 960 2583 1010; x_wconf 86' lang='grc' dir='ltr'><strong><em>ὁ</em></strong></span> <span class='ocrx_word' id='word_1_150' title='bbox 2632 962 2900 1022; x_wconf 78' lang='grc' dir='ltr'>Ματθαῖος</span> <span class='ocrx_word' id='word_1_151' title='bbox 2945 963 3217 1036; x_wconf 70' lang='grc' dir='ltr'>ἱστόρησεν</span> <span class='ocrx_word' id='word_1_152' title='bbox 3266 960 3312 1013; x_wconf 82' lang='grc' dir='ltr'>ἐν</span> <span class='ocrx_word' id='word_1_153' title='bbox 3368 972 3434 1033; x_wconf 72' lang='grc' dir='ltr'>τῲ</span> <span class='ocrx_word' id='word_1_154' title='bbox 3468 964 3579 1016; x_wconf 73' lang='grc' dir='ltr'>τελει</span> <span class='ocrx_word' id='word_1_155' title='bbox 3628 975 3699 1017; x_wconf 74' lang='grc' dir='ltr'>τον</span> <span class='ocrx_word' id='word_1_156' title='bbox 3744 986 3866 1019; x_wconf 67' lang='grc' dir='ltr'>τιστι-</span> 
     </span>
    </p>
   </div>
   <div class='ocr_carea' id='block_1_24' title="bbox 2415 1050 3867 1125">
    <p class='ocr_par' dir='ltr' id='par_1_24' title="bbox 2415 1050 3867 1125">
     <span class='ocr_line' id='line_1_24' title="bbox 2415 1050 3867 1125; baseline 0.006 -26"><span class='ocrx_word' id='word_1_157' title='bbox 2415 1058 2678 1120; x_wconf 76' lang='grc' dir='ltr'>ρακοστοὺ</span> <span class='ocrx_word' id='word_1_158' title='bbox 2726 1054 2958 1121; x_wconf 89' lang='grc' dir='ltr'>πέμπτου</span> <span class='ocrx_word' id='word_1_159' title='bbox 3010 1050 3286 1122; x_wconf 64' lang='grc' dir='ltr'>κεφαλαίου</span> <span class='ocrx_word' id='word_1_160' title='bbox 3344 1053 3510 1120; x_wconf 73' lang='grc' dir='ltr'>αὐτοῦ,</span> <span class='ocrx_word' id='word_1_161' title='bbox 3580 1061 3654 1105; x_wconf 84' lang='grc' dir='ltr'>και</span> <span class='ocrx_word' id='word_1_162' title='bbox 3695 1055 3867 1125; x_wconf 62' lang='grc' dir='ltr'>ἀνάγνωθι</span> 
     </span>
    </p>
   </div>
   <div class='ocr_carea' id='block_1_25' title="bbox 2415 1138 3869 1216">
    <p class='ocr_par' dir='ltr' id='par_1_25' title="bbox 2415 1138 3869 1216">
     <span class='ocr_line' id='line_1_25' title="bbox 2415 1138 3869 1216; baseline 0.005 -28"><span class='ocrx_word' id='word_1_163' title='bbox 2415 1142 2506 1195; x_wconf 76' lang='grc' dir='ltr'>τὴν</span> <span class='ocrx_word' id='word_1_164' title='bbox 2558 1138 2756 1191; x_wconf 78' lang='grc' dir='ltr'>ἐκείνων</span> <span class='ocrx_word' id='word_1_165' title='bbox 2811 1138 3079 1211; x_wconf 73' lang='grc' dir='ltr'>ἐξήγησιν,</span> <span class='ocrx_word' id='word_1_166' title='bbox 3111 1141 3311 1212; x_wconf 80' lang='grc' dir='ltr'>μεγαλα</span> <span class='ocrx_word' id='word_1_167' title='bbox 3341 1146 3426 1193; x_wconf 84' lang='grc' dir='ltr'>καὶ</span> <span class='ocrx_word' id='word_1_168' title='bbox 3470 1146 3582 1216; x_wconf 82' lang='grc' dir='ltr'>πρὸς</span> <span class='ocrx_word' id='word_1_169' title='bbox 3630 1152 3755 1195; x_wconf 73' lang='grc' dir='ltr'>ταῦτα</span> <span class='ocrx_word' id='word_1_170' title='bbox 3790 1164 3869 1214; x_wconf 56' lang='grc' dir='ltr'>σομε</span> 
     </span>
    </p>
   </div>
   <div class='ocr_carea' id='block_1_26' title="bbox 2418 1226 2750 1299">
    <p class='ocr_par' dir='ltr' id='par_1_26' title="bbox 2418 1226 2750 1299">
     <span class='ocr_line' id='line_1_26' title="bbox 2418 1226 2750 1299; baseline 0.006 -22"><span class='ocrx_word' id='word_1_171' title='bbox 2418 1226 2448 1277; x_wconf 78' lang='grc' dir='ltr'>ϐ</span> <span class='ocrx_word' id='word_1_172' title='bbox 2453 1226 2570 1279; x_wconf 85' lang='grc' dir='ltr'>αλλο</span> <span class='ocrx_word' id='word_1_173' title='bbox 2575 1232 2729 1299; x_wconf 87' lang='grc' dir='ltr'>μένην</span> <span class='ocrx_word' id='word_1_174' title='bbox 2739 1270 2750 1283; x_wconf 92' lang='grc'><strong><em>.</em></strong></span> 
     </span>
    </p>
   </div>
   <div class='ocr_carea' id='block_1_27' title="bbox 2490 1314 3875 1389">
    <p class='ocr_par' dir='ltr' id='par_1_27' title="bbox 2490 1314 3875 1389">
     <span class='ocr_line' id='line_1_27' title="bbox 2490 1314 3875 1389; baseline 0.003 -20"><span class='ocrx_word' id='word_1_175' title='bbox 2490 1323 2846 1389; x_wconf 65' lang='grc' dir='ltr'>Κερματισταὶ</span> <span class='ocrx_word' id='word_1_176' title='bbox 2893 1314 2950 1369; x_wconf 69' lang='grc' dir='ltr'>δὲ</span> <span class='ocrx_word' id='word_1_177' title='bbox 3002 1320 3051 1370; x_wconf 83' lang='grc' dir='ltr'>οἰ</span> <span class='ocrx_word' id='word_1_178' title='bbox 3100 1319 3465 1383; x_wconf 78' lang='grc' dir='ltr'>καταλλάκται,</span> <span class='ocrx_word' id='word_1_179' title='bbox 3516 1320 3592 1381; x_wconf 80' lang='grc' dir='ltr'>ούς</span> <span class='ocrx_word' id='word_1_180' title='bbox 3632 1322 3653 1372; x_wconf 83' lang='grc' dir='ltr'><strong><em>ὁ</em></strong></span> <span class='ocrx_word' id='word_1_181' title='bbox 3695 1325 3875 1381; x_wconf 72' lang='grc' dir='ltr'>Ματθιῐος</span> 
     </span>
    </p>
   </div>
   <div class='ocr_carea' id='block_1_28' title="bbox 2414 1405 3874 1483">
    <p class='ocr_par' dir='ltr' id='par_1_28' title="bbox 2414 1405 3874 1483">
     <span class='ocr_line' id='line_1_28' title="bbox 2414 1405 3874 1483; baseline 0.003 -26"><span class='ocrx_word' id='word_1_182' title='bbox 2414 1405 2757 1468; x_wconf 82' lang='grc' dir='ltr'>κολλυϐιστὰς</span> <span class='ocrx_word' id='word_1_183' title='bbox 2810 1407 3095 1479; x_wconf 79' lang='grc' dir='ltr'>ὠνόμασεν.</span> <span class='ocrx_word' id='word_1_184' title='bbox 3147 1406 3347 1483; x_wconf 84' lang='grc' dir='ltr'>Ὠσπερ</span> <span class='ocrx_word' id='word_1_185' title='bbox 3396 1405 3451 1462; x_wconf 73' lang='grc' dir='ltr'>δε</span> <span class='ocrx_word' id='word_1_186' title='bbox 3499 1408 3717 1476; x_wconf 81' lang='grc' dir='ltr'>κολλνϐος,</span> <span class='ocrx_word' id='word_1_187' title='bbox 3756 1412 3773 1460; x_wconf 76' lang='grc' dir='ltr'><em>ὁ</em></span> <span class='ocrx_word' id='word_1_188' title='bbox 3806 1410 3874 1461; x_wconf 58' lang='lat' dir='ltr'>c769-</span> 
     </span>
    </p>
   </div>
   <div class='ocr_carea' id='block_1_29' title="bbox 2413 1493 3878 1571">
    <p class='ocr_par' dir='ltr' id='par_1_29' title="bbox 2413 1493 3878 1571">
     <span class='ocr_line' id='line_1_29' title="bbox 2413 1493 3878 1571; baseline 0.003 -25"><span class='ocrx_word' id='word_1_189' title='bbox 2413 1493 2519 1560; x_wconf 84' lang='grc' dir='ltr'>λός,</span> <span class='ocrx_word' id='word_1_190' title='bbox 2572 1496 2703 1547; x_wconf 68' lang='grc' dir='ltr'>οὕτω</span> <span class='ocrx_word' id='word_1_191' title='bbox 2758 1501 2849 1547; x_wconf 85' lang='grc' dir='ltr'>καὶ</span> <span class='ocrx_word' id='word_1_192' title='bbox 2905 1496 3090 1570; x_wconf 78' lang='grc' dir='ltr'>κέρμα,</span> <span class='ocrx_word' id='word_1_193' title='bbox 3129 1498 3158 1555; x_wconf 82' lang='grc' dir='ltr'><strong>ἠ</strong></span> <span class='ocrx_word' id='word_1_194' title='bbox 3212 1502 3404 1571; x_wconf 87' lang='grc' dir='ltr'>σωρεία</span> <span class='ocrx_word' id='word_1_195' title='bbox 3445 1506 3535 1550; x_wconf 82' lang='grc' dir='ltr'>τῶν</span> <span class='ocrx_word' id='word_1_196' title='bbox 3568 1518 3613 1552; x_wconf 82' lang='grc' dir='ltr'>τε</span> <span class='ocrx_word' id='word_1_197' title='bbox 3652 1498 3792 1551; x_wconf 65' lang='grc' dir='ltr'>ὀϐολῶν</span> <span class='ocrx_word' id='word_1_198' title='bbox 3825 1508 3878 1550; x_wconf 71' lang='lat' dir='ltr'>ni</span> 
     </span>
    </p>
   </div>
   <div class='ocr_carea' id='block_1_30' title="bbox 2413 1585 3877 1659">
    <p class='ocr_par' dir='ltr' id='par_1_30' title="bbox 2413 1585 3877 1659">
     <span class='ocr_line' id='line_1_30' title="bbox 2413 1585 3877 1659; baseline 0.002 -23"><span class='ocrx_word' id='word_1_199' title='bbox 2413 1594 2511 1637; x_wconf 85' lang='grc' dir='ltr'>τῶν</span> <span class='ocrx_word' id='word_1_200' title='bbox 2581 1585 3075 1657; x_wconf 83' lang='grc' dir='ltr'>καταλλασσομένων</span> <span class='ocrx_word' id='word_1_201' title='bbox 3140 1586 3357 1641; x_wconf 83' lang='grc' dir='ltr'>λεπτῶν.</span> <span class='ocrx_word' id='word_1_202' title='bbox 3408 1588 3672 1659; x_wconf 70' lang='grc' dir='ltr'>Φραγελλιον</span> <span class='ocrx_word' id='word_1_203' title='bbox 3717 1592 3798 1656; x_wconf 71' lang='grc'>(98)</span> <span class='ocrx_word' id='word_1_204' title='bbox 3843 1585 3877 1639; x_wconf 72' lang='grc' dir='ltr'>δέ</span> 
     </span>
    </p>
   </div>
   <div class='ocr_carea' id='block_1_31' title="bbox 2414 1670 3867 1747">
    <p class='ocr_par' dir='ltr' id='par_1_31' title="bbox 2414 1670 3867 1747">
     <span class='ocr_line' id='line_1_31' title="bbox 2414 1670 3867 1747; baseline 0.002 -23"><span class='ocrx_word' id='word_1_205' title='bbox 2414 1670 2552 1725; x_wconf 81' lang='grc' dir='ltr'>ἐστιν</span> <span class='ocrx_word' id='word_1_206' title='bbox 2596 1670 2733 1734; x_wconf 75' lang='grc' dir='ltr'>εἶδος</span> <span class='ocrx_word' id='word_1_207' title='bbox 2768 1678 3047 1745; x_wconf 73' lang='grc' dir='ltr'>μάστιγος.</span> <span class='ocrx_word' id='word_1_208' title='bbox 3086 1674 3307 1728; x_wconf 86' lang='grc' dir='ltr'>Πλεκτὸν</span> <span class='ocrx_word' id='word_1_209' title='bbox 3341 1673 3398 1727; x_wconf 73' lang='grc' dir='ltr'><em>δὲ</em></span> <span class='ocrx_word' id='word_1_210' title='bbox 3450 1673 3522 1747; x_wconf 76' lang='grc' dir='ltr'>ἦν,</span> <span class='ocrx_word' id='word_1_211' title='bbox 3574 1679 3641 1729; x_wconf 83' lang='grc' dir='ltr'>ὅτι</span> <span class='ocrx_word' id='word_1_212' title='bbox 3682 1678 3788 1733; x_wconf 72' lang='grc' dir='ltr'>καὶὴ</span> <span class='ocrx_word' id='word_1_213' title='bbox 3828 1696 3867 1727; x_wconf 67' lang='grc' dir='ltr'>τι</span> 
     </span>
    </p>
   </div>
   <div class='ocr_carea' id='block_1_32' title="bbox 637 1762 2299 1837">
    <p class='ocr_par' dir='ltr' id='par_1_32' title="bbox 637 1764 2278 1836">
     <span class='ocr_line' id='line_1_32' title="bbox 637 1764 2278 1836; baseline 0 -15"><span class='ocrx_word' id='word_1_214' title='bbox 637 1765 853 1828; x_wconf 91' lang='lat' dir='ltr'>lorum,</span> <span class='ocrx_word' id='word_1_215' title='bbox 889 1769 994 1819; x_wconf 88' lang='lat' dir='ltr'>aut</span> <span class='ocrx_word' id='word_1_216' title='bbox 1022 1764 1389 1818; x_wconf 87' lang='lat' dir='ltr'>minutorum</span> <span class='ocrx_word' id='word_1_217' title='bbox 1408 1781 1796 1819; x_wconf 87' lang='lat' dir='ltr'>nummorum</span> <span class='ocrx_word' id='word_1_218' title='bbox 1834 1765 2050 1836; x_wconf 85' lang='lat' dir='ltr'>quibus</span> <span class='ocrx_word' id='word_1_219' title='bbox 2083 1764 2146 1821; x_wconf 87' lang='lat' dir='ltr'>tit</span> <span class='ocrx_word' id='word_1_220' title='bbox 2178 1783 2278 1836; x_wconf 92' lang='lat' dir='ltr'>per</span> 
     </span>
    </p>
   </div>
   <div class='ocr_carea' id='block_1_33' title="bbox 2407 1762 3883 1837">
    <p class='ocr_par' dir='ltr' id='par_1_33' title="bbox 2413 1762 3883 1837">
     <span class='ocr_line' id='line_1_33' title="bbox 2413 1762 3883 1837; baseline 0 -24"><span class='ocrx_word' id='word_1_221' title='bbox 2413 1762 2575 1814; x_wconf 84' lang='grc' dir='ltr'>λιτεία</span> <span class='ocrx_word' id='word_1_222' title='bbox 2630 1771 2727 1814; x_wconf 83' lang='grc' dir='ltr'>τῶν</span> <span class='ocrx_word' id='word_1_223' title='bbox 2798 1762 3215 1836; x_wconf 74' lang='grc' dir='ltr'>ἀπελαυνομένων</span> <span class='ocrx_word' id='word_1_224' title='bbox 3278 1765 3578 1837; x_wconf 76' lang='grc' dir='ltr'>πεπλεγμένη</span> <span class='ocrx_word' id='word_1_225' title='bbox 3628 1762 3677 1822; x_wconf 74' lang='grc' dir='ltr'>ἦν</span> <span class='ocrx_word' id='word_1_226' title='bbox 3729 1765 3767 1825; x_wconf 71' lang='grc' dir='ltr'>ἐξ</span> <span class='ocrx_word' id='word_1_227' title='bbox 3814 1763 3883 1814; x_wconf 60' lang='grc' dir='ltr'>ἐςτιν</span> 
     </span>
    </p>
   </div>
   <div class='ocr_carea' id='block_1_34' title="bbox 640 1853 2297 1925">
    <p class='ocr_par' dir='ltr' id='par_1_34' title="bbox 640 1853 2297 1925">
     <span class='ocr_line' id='line_1_34' title="bbox 640 1853 2297 1925; baseline -0.001 -15"><span class='ocrx_word' id='word_1_228' title='bbox 640 1856 907 1911; x_wconf 86' lang='lat' dir='ltr'>mutatio.</span> <span class='ocrx_word' id='word_1_229' title='bbox 945 1855 1231 1909; x_wconf 71' lang='lat' dir='ltr'>Praeterea</span> <span class='ocrx_word' id='word_1_230' title='bbox 1291 1853 1593 1925; x_wconf 75' lang='grc' dir='ltr'>φραγέλλιον</span> <span class='ocrx_word' id='word_1_231' title='bbox 1648 1869 1831 1923; x_wconf 88' lang='lat' dir='ltr'>genus</span> <span class='ocrx_word' id='word_1_232' title='bbox 1872 1861 1957 1909; x_wconf 85' lang='lat' dir='ltr'>est</span> <span class='ocrx_word' id='word_1_233' title='bbox 2011 1854 2297 1922; x_wconf 78' lang='lat' dir='ltr'>ﬂagellii;</span> 
     </span>
    </p>
   </div>
   <div class='ocr_carea' id='block_1_35' title="bbox 640 1944 2298 2014">
    <p class='ocr_par' dir='ltr' id='par_1_35' title="bbox 640 1944 2298 2014">
     <span class='ocr_line' id='line_1_35' title="bbox 640 1944 2298 2014; baseline -0.001 -15"><span class='ocrx_word' id='word_1_234' title='bbox 640 1951 765 2001; x_wconf 87' lang='lat' dir='ltr'>erat</span> <span class='ocrx_word' id='word_1_235' title='bbox 795 1951 993 2000; x_wconf 87' lang='lat' dir='ltr'>autem</span> <span class='ocrx_word' id='word_1_236' title='bbox 1052 1947 1395 1997; x_wconf 83' lang='lat' dir='ltr'>contextum</span> <span class='ocrx_word' id='word_1_237' title='bbox 1432 1959 1442 1995; x_wconf 92' lang='lat'><strong>:</strong></span> <span class='ocrx_word' id='word_1_238' title='bbox 1480 1958 1620 1997; x_wconf 84' lang='lat' dir='ltr'>nam</span> <span class='ocrx_word' id='word_1_239' title='bbox 1676 1949 1731 1998; x_wconf 93' lang='lat' dir='ltr'>et</span> <span class='ocrx_word' id='word_1_240' title='bbox 1755 1959 1964 1998; x_wconf 89' lang='lat' dir='ltr'>eorum</span> <span class='ocrx_word' id='word_1_241' title='bbox 1995 1944 2099 2014; x_wconf 91' lang='lat' dir='ltr'>qui</span> <span class='ocrx_word' id='word_1_242' title='bbox 2128 1944 2298 2014; x_wconf 85' lang='lat' dir='ltr'>ejecti</span> 
     </span>
    </p>
   </div>
   <div class='ocr_carea' id='block_1_36' title="bbox 641 2032 2303 2099">
    <p class='ocr_par' dir='ltr' id='par_1_36' title="bbox 641 2032 2303 2099">
     <span class='ocr_line' id='line_1_36' title="bbox 641 2032 2303 2099; baseline 0.001 -11"><span class='ocrx_word' id='word_1_243' title='bbox 641 2039 798 2099; x_wconf 86' lang='lat' dir='ltr'>sunt,</span> <span class='ocrx_word' id='word_1_244' title='bbox 829 2033 1200 2088; x_wconf 84' lang='lat' dir='ltr'>conversatio</span> <span class='ocrx_word' id='word_1_245' title='bbox 1229 2038 1502 2087; x_wconf 83' lang='lat' dir='ltr'>contexta</span> <span class='ocrx_word' id='word_1_246' title='bbox 1529 2037 1653 2087; x_wconf 89' lang='lat' dir='ltr'>erat</span> <span class='ocrx_word' id='word_1_247' title='bbox 1683 2032 1961 2087; x_wconf 85' lang='lat' dir='ltr'>absurdis</span> <span class='ocrx_word' id='word_1_248' title='bbox 2012 2033 2206 2088; x_wconf 88' lang='lat' dir='ltr'>verbis</span> <span class='ocrx_word' id='word_1_249' title='bbox 2234 2050 2303 2089; x_wconf 92' lang='lat' dir='ltr'>ac</span> 
     </span>
    </p>
   </div>
   <div class='ocr_carea' id='block_1_37' title="bbox 640 2120 2301 2193">
    <p class='ocr_par' dir='ltr' id='par_1_37' title="bbox 640 2120 2301 2193">
     <span class='ocr_line' id='line_1_37' title="bbox 640 2120 2301 2193; baseline 0 -16"><span class='ocrx_word' id='word_1_250' title='bbox 640 2122 924 2193; x_wconf 89' lang='lat' dir='ltr'>operibus</span> <span class='ocrx_word' id='word_1_251' title='bbox 958 2138 971 2175; x_wconf 93' lang='lat'>:</span> <span class='ocrx_word' id='word_1_252' title='bbox 1003 2126 1059 2176; x_wconf 91' lang='lat' dir='ltr'>et</span> <span class='ocrx_word' id='word_1_253' title='bbox 1116 2137 1357 2175; x_wconf 86' lang='lat' dir='ltr'>rursum</span> <span class='ocrx_word' id='word_1_254' title='bbox 1413 2120 1698 2190; x_wconf 84' lang='lat' dir='ltr'>ejicieutis</span> <span class='ocrx_word' id='word_1_255' title='bbox 1753 2123 2129 2176; x_wconf 81' lang='lat' dir='ltr'>conversatio</span> <span class='ocrx_word' id='word_1_256' title='bbox 2160 2137 2301 2178; x_wconf 89' lang='lat' dir='ltr'>con-</span> 
     </span>
    </p>
   </div>
   <div class='ocr_carea' id='block_1_38' title="bbox 642 2209 2300 2282">
    <p class='ocr_par' dir='ltr' id='par_1_38' title="bbox 642 2209 2300 2282">
     <span class='ocr_line' id='line_1_38' title="bbox 642 2209 2300 2282; baseline 0.001 -17"><span class='ocrx_word' id='word_1_257' title='bbox 642 2216 799 2265; x_wconf 79' lang='lat' dir='ltr'>texta</span> <span class='ocrx_word' id='word_1_258' title='bbox 830 2216 953 2265; x_wconf 90' lang='lat' dir='ltr'>erat</span> <span class='ocrx_word' id='word_1_259' title='bbox 977 2226 1051 2266; x_wconf 82' lang='lat' dir='ltr'>ex</span> <span class='ocrx_word' id='word_1_260' title='bbox 1091 2209 1641 2281; x_wconf 87' lang='lat' dir='ltr'>supcrnaturalibus</span> <span class='ocrx_word' id='word_1_261' title='bbox 1668 2209 1861 2265; x_wconf 83' lang='lat' dir='ltr'>verbis</span> <span class='ocrx_word' id='word_1_262' title='bbox 1890 2226 1959 2265; x_wconf 92' lang='lat' dir='ltr'>ac</span> <span class='ocrx_word' id='word_1_263' title='bbox 1998 2211 2300 2282; x_wconf 89' lang='lat' dir='ltr'>operibus,</span> 
     </span>
    </p>
   </div>
   <div class='ocr_carea' id='block_1_39' title="bbox 643 2299 2302 2371">
    <p class='ocr_par' dir='ltr' id='par_1_39' title="bbox 643 2299 2302 2371">
     <span class='ocr_line' id='line_1_39' title="bbox 643 2299 2302 2371; baseline 0.002 -18"><span class='ocrx_word' id='word_1_264' title='bbox 643 2300 765 2355; x_wconf 86' lang='lat' dir='ltr'>sive</span> <span class='ocrx_word' id='word_1_265' title='bbox 802 2300 982 2356; x_wconf 86' lang='lat' dir='ltr'>rebus</span> <span class='ocrx_word' id='word_1_266' title='bbox 1012 2300 1231 2353; x_wconf 83' lang='lat' dir='ltr'>divinis</span> <span class='ocrx_word' id='word_1_267' title='bbox 1284 2303 1341 2353; x_wconf 88' lang='lat' dir='ltr'>et</span> <span class='ocrx_word' id='word_1_268' title='bbox 1387 2299 1689 2353; x_wconf 84' lang='lat' dir='ltr'>humanis.</span> <span class='ocrx_word' id='word_1_269' title='bbox 1740 2300 1903 2370; x_wconf 89' lang='lat' dir='ltr'>Opus</span> <span class='ocrx_word' id='word_1_270' title='bbox 1934 2301 2133 2371; x_wconf 85' lang='lat' dir='ltr'>itaque</span> <span class='ocrx_word' id='word_1_271' title='bbox 2170 2317 2302 2371; x_wconf 76' lang='lat' dir='ltr'>ope~</span> 
     </span>
    </p>
   </div>
   <div class='ocr_carea' id='block_1_40' title="bbox 640 2387 2305 2461">
    <p class='ocr_par' dir='ltr' id='par_1_40' title="bbox 640 2387 2305 2461">
     <span class='ocr_line' id='line_1_40' title="bbox 640 2387 2305 2461; baseline 0 -16"><span class='ocrx_word' id='word_1_272' title='bbox 640 2396 803 2445; x_wconf 85' lang='lat' dir='ltr'>ratus</span> <span class='ocrx_word' id='word_1_273' title='bbox 843 2395 930 2443; x_wconf 90' lang='lat' dir='ltr'>est</span> <span class='ocrx_word' id='word_1_274' title='bbox 961 2389 1141 2443; x_wconf 89' lang='lat' dir='ltr'>multa</span> <span class='ocrx_word' id='word_1_275' title='bbox 1173 2387 1408 2458; x_wconf 88' lang='lat' dir='ltr'>plenum</span> <span class='ocrx_word' id='word_1_276' title='bbox 1439 2390 1805 2443; x_wconf 89' lang='lat' dir='ltr'>auctoritate.</span> <span class='ocrx_word' id='word_1_277' title='bbox 1842 2390 2144 2461; x_wconf 81' lang='lat' dir='ltr'>Namqnia</span> <span class='ocrx_word' id='word_1_278' title='bbox 2163 2390 2305 2445; x_wconf 72' lang='lat' dir='ltr'>Sab~</span> 
     </span>
    </p>
   </div>
   <div class='ocr_carea' id='block_1_41' title="bbox 640 2476 2302 2549">
    <p class='ocr_par' dir='ltr' id='par_1_41' title="bbox 640 2476 2302 2549">
     <span class='ocr_line' id='line_1_41' title="bbox 640 2476 2302 2549; baseline -0.001 -15"><span class='ocrx_word' id='word_1_279' title='bbox 640 2476 783 2534; x_wconf 82' lang='lat' dir='ltr'>bato</span> <span class='ocrx_word' id='word_1_280' title='bbox 821 2484 1137 2533; x_wconf 87' lang='lat' dir='ltr'>curaturus</span> <span class='ocrx_word' id='word_1_281' title='bbox 1194 2482 1337 2539; x_wconf 89' lang='lat' dir='ltr'>erat,</span> <span class='ocrx_word' id='word_1_282' title='bbox 1397 2476 1699 2549; x_wconf 87' lang='lat' dir='ltr'>multaque</span> <span class='ocrx_word' id='word_1_283' title='bbox 1760 2478 1977 2534; x_wconf 87' lang='lat' dir='ltr'>similia</span> <span class='ocrx_word' id='word_1_284' title='bbox 2018 2478 2302 2545; x_wconf 82' lang='lat' dir='ltr'>facturus,</span> 
     </span>
    </p>
   </div>
   <div class='ocr_carea' id='block_1_42' title="bbox 640 2564 2305 2638">
    <p class='ocr_par' dir='ltr' id='par_1_42' title="bbox 640 2564 2305 2638">
     <span class='ocr_line' id='line_1_42' title="bbox 640 2564 2305 2638; baseline 0.001 -17"><span class='ocrx_word' id='word_1_285' title='bbox 640 2582 776 2638; x_wconf 68' lang='lat' dir='ltr'>qum</span> <span class='ocrx_word' id='word_1_286' title='bbox 813 2566 1035 2622; x_wconf 80' lang='lat' dir='ltr'>Judteis</span> <span class='ocrx_word' id='word_1_287' title='bbox 1060 2565 1206 2638; x_wconf 80' lang='lat' dir='ltr'>legis</span> <span class='ocrx_word' id='word_1_288' title='bbox 1250 2565 1608 2634; x_wconf 87' lang='lat' dir='ltr'>trangressio</span> <span class='ocrx_word' id='word_1_289' title='bbox 1637 2564 1993 2622; x_wconf 89' lang='lat' dir='ltr'>videbantur</span> <span class='ocrx_word' id='word_1_290' title='bbox 2026 2583 2039 2622; x_wconf 88' lang='lat'><strong>:</strong></span> <span class='ocrx_word' id='word_1_291' title='bbox 2073 2583 2147 2621; x_wconf 92' lang='lat' dir='ltr'>ne</span> <span class='ocrx_word' id='word_1_292' title='bbox 2180 2568 2305 2623; x_wconf 69' lang='lat' dir='ltr'>haec</span> 
     </span>
    </p>
   </div>
   <div class='ocr_carea' id='block_1_43' title="bbox 643 2655 2305 2728">
    <p class='ocr_par' dir='ltr' id='par_1_43' title="bbox 643 2655 2305 2728">
     <span class='ocr_line' id='line_1_43' title="bbox 643 2655 2305 2728; baseline 0.001 -17"><span class='ocrx_word' id='word_1_293' title='bbox 643 2661 931 2728; x_wconf 89' lang='lat' dir='ltr'>tanquam</span> <span class='ocrx_word' id='word_1_294' title='bbox 992 2658 1107 2711; x_wconf 91' lang='lat' dir='ltr'>Deo</span> <span class='ocrx_word' id='word_1_295' title='bbox 1160 2656 1491 2711; x_wconf 87' lang='lat' dir='ltr'>contrarius</span> <span class='ocrx_word' id='word_1_296' title='bbox 1552 2655 1742 2710; x_wconf 85' lang='lat' dir='ltr'>facere</span> <span class='ocrx_word' id='word_1_297' title='bbox 1802 2656 2116 2723; x_wconf 86' lang='lat' dir='ltr'>videretur,</span> <span class='ocrx_word' id='word_1_298' title='bbox 2165 2656 2305 2713; x_wconf 89' lang='lat' dir='ltr'>hinc</span> 
     </span>
    </p>
   </div>
   <div class='ocr_carea' id='block_1_44' title="bbox 642 2744 2303 2817">
    <p class='ocr_par' dir='ltr' id='par_1_44' title="bbox 642 2744 2303 2817">
     <span class='ocr_line' id='line_1_44' title="bbox 642 2744 2303 2817; baseline 0.001 -17"><span class='ocrx_word' id='word_1_299' title='bbox 642 2745 902 2817; x_wconf 87' lang='lat' dir='ltr'>primum</span> <span class='ocrx_word' id='word_1_300' title='bbox 937 2744 1278 2816; x_wconf 87' lang='lat' dir='ltr'>hujnsmodi</span> <span class='ocrx_word' id='word_1_301' title='bbox 1326 2749 1513 2800; x_wconf 83' lang='lat' dir='ltr'>aufert</span> <span class='ocrx_word' id='word_1_302' title='bbox 1543 2745 1967 2817; x_wconf 88' lang='lat' dir='ltr'>suspicionem.</span> <span class='ocrx_word' id='word_1_303' title='bbox 2002 2744 2112 2812; x_wconf 82' lang='lat' dir='ltr'>Qui</span> <span class='ocrx_word' id='word_1_304' title='bbox 2144 2748 2303 2802; x_wconf 91' lang='lat' dir='ltr'>enim</span> 
     </span>
    </p>
   </div>
   <div class='ocr_carea' id='block_1_45' title="bbox 643 2833 2307 2905">
    <p class='ocr_par' dir='ltr' id='par_1_45' title="bbox 643 2833 2307 2905">
     <span class='ocr_line' id='line_1_45' title="bbox 643 2833 2307 2905; baseline 0.002 -15"><span class='ocrx_word' id='word_1_305' title='bbox 643 2839 871 2890; x_wconf 89' lang='lat' dir='ltr'>tantum</span> <span class='ocrx_word' id='word_1_306' title='bbox 902 2835 1094 2889; x_wconf 89' lang='lat' dir='ltr'>zelum</span> <span class='ocrx_word' id='word_1_307' title='bbox 1124 2850 1264 2903; x_wconf 90' lang='lat' dir='ltr'>erga</span> <span class='ocrx_word' id='word_1_308' title='bbox 1290 2833 1541 2887; x_wconf 88' lang='lat' dir='ltr'>domum</span> <span class='ocrx_word' id='word_1_309' title='bbox 1574 2834 1670 2887; x_wconf 90' lang='lat' dir='ltr'>Dei</span> <span class='ocrx_word' id='word_1_310' title='bbox 1698 2834 2149 2905; x_wconf 86' lang='lat' dir='ltr'>demonstravit,</span> <span class='ocrx_word' id='word_1_311' title='bbox 2181 2841 2307 2893; x_wconf 85' lang='lat' dir='ltr'>tan-</span> 
     </span>
    </p>
   </div>
   <div class='ocr_carea' id='block_1_46' title="bbox 643 2922 2303 2997">
    <p class='ocr_par' dir='ltr' id='par_1_46' title="bbox 643 2922 2303 2997">
     <span class='ocr_line' id='line_1_46' title="bbox 643 2922 2303 2997; baseline 0.001 -19"><span class='ocrx_word' id='word_1_312' title='bbox 643 2932 818 2997; x_wconf 90' lang='lat' dir='ltr'>taque</span> <span class='ocrx_word' id='word_1_313' title='bbox 868 2925 1239 2980; x_wconf 85' lang='lat' dir='ltr'>vehementia</span> <span class='ocrx_word' id='word_1_314' title='bbox 1295 2940 1364 2977; x_wconf 91' lang='lat' dir='ltr'>ac</span> <span class='ocrx_word' id='word_1_315' title='bbox 1396 2922 1805 2991; x_wconf 80' lang='lat' dir='ltr'>indignatione</span> <span class='ocrx_word' id='word_1_316' title='bbox 1855 2931 2096 2995; x_wconf 88' lang='lat' dir='ltr'>propter</span> <span class='ocrx_word' id='word_1_317' title='bbox 2148 2924 2303 2979; x_wconf 87' lang='lat' dir='ltr'>hanc</span> 
     </span>
    </p>
   </div>
   <div class='ocr_carea' id='block_1_47' title="bbox 642 3012 2301 3085">
    <p class='ocr_par' dir='ltr' id='par_1_47' title="bbox 642 3012 2301 3085">
     <span class='ocr_line' id='line_1_47' title="bbox 642 3012 2301 3085; baseline -0.001 -16"><span class='ocrx_word' id='word_1_318' title='bbox 642 3030 785 3069; x_wconf 89' lang='lat' dir='ltr'>usus</span> <span class='ocrx_word' id='word_1_319' title='bbox 813 3020 919 3079; x_wconf 91' lang='lat' dir='ltr'>est,</span> <span class='ocrx_word' id='word_1_320' title='bbox 951 3018 1013 3069; x_wconf 87' lang='lat' dir='ltr'>ut</span> <span class='ocrx_word' id='word_1_321' title='bbox 1061 3013 1207 3067; x_wconf 89' lang='lat' dir='ltr'>nulli</span> <span class='ocrx_word' id='word_1_322' title='bbox 1261 3012 1507 3067; x_wconf 89' lang='lat' dir='ltr'>omnino</span> <span class='ocrx_word' id='word_1_323' title='bbox 1549 3018 1836 3084; x_wconf 88' lang='lat' dir='ltr'>parceret,</span> <span class='ocrx_word' id='word_1_324' title='bbox 1878 3013 1982 3067; x_wconf 85' lang='lat' dir='ltr'>sed</span> <span class='ocrx_word' id='word_1_325' title='bbox 2037 3014 2301 3085; x_wconf 89' lang='lat' dir='ltr'>seipsum</span> 
     </span>
    </p>
   </div>
   <div class='ocr_carea' id='block_1_48' title="bbox 638 3102 2376 3191">
    <p class='ocr_par' dir='ltr' id='par_1_48' title="bbox 638 3102 2376 3191">
     <span class='ocr_line' id='line_1_48' title="bbox 638 3102 2376 3191; baseline -0.001 -33"><span class='ocrx_word' id='word_1_326' title='bbox 638 3103 699 3158; x_wconf 93' lang='lat' dir='ltr'>in</span> <span class='ocrx_word' id='word_1_327' title='bbox 743 3103 1070 3174; x_wconf 90' lang='lat' dir='ltr'>periculum</span> <span class='ocrx_word' id='word_1_328' title='bbox 1123 3102 1460 3173; x_wconf 88' lang='lat' dir='ltr'>conjiceret,</span> <span class='ocrx_word' id='word_1_329' title='bbox 1510 3105 1566 3156; x_wconf 90' lang='lat' dir='ltr'>et</span> <span class='ocrx_word' id='word_1_330' title='bbox 1624 3107 1749 3156; x_wconf 92' lang='lat' dir='ltr'>tum</span> <span class='ocrx_word' id='word_1_331' title='bbox 1790 3117 2096 3173; x_wconf 84' lang='lat' dir='ltr'>caupones</span> <span class='ocrx_word' id='word_1_332' title='bbox 2148 3102 2298 3169; x_wconf 91' lang='lat' dir='ltr'>illos,</span> <span class='ocrx_word' id='word_1_333' title='bbox 2336 3135 2376 3191; x_wconf 69' lang='grc' dir='ltr'>ρ</span> 
     </span>
    </p>
   </div>
   <div class='ocr_carea' id='block_1_49' title="bbox 639 3190 2298 3263">
    <p class='ocr_par' dir='ltr' id='par_1_49' title="bbox 639 3190 2298 3263">
     <span class='ocr_line' id='line_1_49' title="bbox 639 3190 2298 3263; baseline 0 -15"><span class='ocrx_word' id='word_1_334' title='bbox 639 3198 765 3248; x_wconf 93' lang='lat' dir='ltr'>tum</span> <span class='ocrx_word' id='word_1_335' title='bbox 810 3192 1046 3248; x_wconf 73' lang='lat' dir='ltr'>Iudaeos</span> <span class='ocrx_word' id='word_1_336' title='bbox 1101 3191 1161 3247; x_wconf 89' lang='lat' dir='ltr'>id</span> <span class='ocrx_word' id='word_1_337' title='bbox 1200 3190 1350 3263; x_wconf 89' lang='lat' dir='ltr'>ipsis</span> <span class='ocrx_word' id='word_1_338' title='bbox 1391 3191 1798 3262; x_wconf 85' lang='lat' dir='ltr'>permittentes</span> <span class='ocrx_word' id='word_1_339' title='bbox 1844 3192 1904 3245; x_wconf 91' lang='lat' dir='ltr'>in</span> <span class='ocrx_word' id='word_1_340' title='bbox 1943 3208 2004 3247; x_wconf 90' lang='lat' dir='ltr'>se</span> <span class='ocrx_word' id='word_1_341' title='bbox 2044 3192 2298 3262; x_wconf 81' lang='lat' dir='ltr'>exacuit,</span> 
     </span>
    </p>
   </div>
   <div class='ocr_carea' id='block_1_50' title="bbox 636 3280 2301 3353">
    <p class='ocr_par' dir='ltr' id='par_1_50' title="bbox 636 3280 2301 3353">
     <span class='ocr_line' id='line_1_50' title="bbox 636 3280 2301 3353; baseline -0.001 -14"><span class='ocrx_word' id='word_1_342' title='bbox 636 3282 842 3339; x_wconf 88' lang='lat' dir='ltr'>omnia</span> <span class='ocrx_word' id='word_1_343' title='bbox 864 3284 1153 3338; x_wconf 89' lang='lat' dir='ltr'>sustinere</span> <span class='ocrx_word' id='word_1_344' title='bbox 1180 3287 1423 3353; x_wconf 90' lang='lat' dir='ltr'>paratus</span> <span class='ocrx_word' id='word_1_345' title='bbox 1440 3296 1546 3352; x_wconf 93' lang='lat' dir='ltr'>pro</span> <span class='ocrx_word' id='word_1_346' title='bbox 1570 3281 1797 3336; x_wconf 90' lang='lat' dir='ltr'>honore</span> <span class='ocrx_word' id='word_1_347' title='bbox 1826 3280 2051 3351; x_wconf 84' lang='lat' dir='ltr'>templi,</span> <span class='ocrx_word' id='word_1_348' title='bbox 2077 3297 2301 3353; x_wconf 85' lang='lat' dir='ltr'>nequa-</span> 
     </span>
    </p>
   </div>
   <div class='ocr_carea' id='block_1_51' title="bbox 635 3370 2164 3443">
    <p class='ocr_par' dir='ltr' id='par_1_51' title="bbox 635 3370 2164 3443">
     <span class='ocr_line' id='line_1_51' title="bbox 635 3370 2164 3443; baseline -0.001 -16"><span class='ocrx_word' id='word_1_349' title='bbox 635 3388 815 3443; x_wconf 88' lang='lat' dir='ltr'>quam</span> <span class='ocrx_word' id='word_1_350' title='bbox 849 3378 1047 3442; x_wconf 88' lang='lat' dir='ltr'>posset</span> <span class='ocrx_word' id='word_1_351' title='bbox 1093 3370 1311 3442; x_wconf 90' lang='lat' dir='ltr'>templi.</span> <span class='ocrx_word' id='word_1_352' title='bbox 1348 3370 1602 3425; x_wconf 81' lang='lat' dir='ltr'>Domino</span> <span class='ocrx_word' id='word_1_353' title='bbox 1644 3385 1773 3424; x_wconf 85' lang='lat' dir='ltr'>esse</span> <span class='ocrx_word' id='word_1_354' title='bbox 1806 3370 2164 3426; x_wconf 88' lang='lat' dir='ltr'>contrarius.</span> 
     </span>
    </p>
   </div>
   <div class='ocr_carea' id='block_1_52' title="bbox 700 3458 2296 3531">
    <p class='ocr_par' dir='ltr' id='par_1_52' title="bbox 700 3458 2296 3531">
     <span class='ocr_line' id='line_1_52' title="bbox 700 3458 2296 3531; baseline 0.001 -16"><span class='ocrx_word' id='word_1_355' title='bbox 700 3461 864 3516; x_wconf 88' lang='lat' dir='ltr'>Vers.</span> <span class='ocrx_word' id='word_1_356' title='bbox 906 3465 987 3515; x_wconf 77' lang='grc' dir='ltr'>ιϐ.</span> <span class='ocrx_word' id='word_1_357' title='bbox 1023 3460 1091 3514; x_wconf 83' lang='lat' dir='ltr'>Et</span> <span class='ocrx_word' id='word_1_358' title='bbox 1132 3491 1199 3499; x_wconf 92' lang='lat'><strong><em>—</em></strong></span> <span class='ocrx_word' id='word_1_359' title='bbox 1230 3458 1667 3529; x_wconf 73' lang='lat' dir='ltr'>negotiationis.</span> <span class='ocrx_word' id='word_1_360' title='bbox 1704 3460 1789 3529; x_wconf 69' lang='grc' dir='ltr'>Ἠ·</span> <span class='ocrx_word' id='word_1_361' title='bbox 1828 3458 2081 3514; x_wconf 89' lang='lat' dir='ltr'>Domum</span> <span class='ocrx_word' id='word_1_362' title='bbox 2116 3476 2296 3531; x_wconf 89' lang='lat' dir='ltr'>nego-</span> 
     </span>
    </p>
   </div>
   <div class='ocr_carea' id='block_1_53' title="bbox 634 3548 2295 3611">
    <p class='ocr_par' dir='ltr' id='par_1_53' title="bbox 634 3548 2295 3611">
     <span class='ocr_line' id='line_1_53' title="bbox 634 3548 2295 3611; baseline 0 -6"><span class='ocrx_word' id='word_1_363' title='bbox 634 3548 893 3605; x_wconf 87' lang='lat' dir='ltr'>tiationis</span> <span class='ocrx_word' id='word_1_364' title='bbox 929 3549 1155 3604; x_wconf 86' lang='lat' dir='ltr'>faciunt</span> <span class='ocrx_word' id='word_1_365' title='bbox 1223 3550 1473 3604; x_wconf 88' lang='lat' dir='ltr'>domum</span> <span class='ocrx_word' id='word_1_366' title='bbox 1526 3548 1644 3611; x_wconf 90' lang='lat' dir='ltr'>Dei,</span> <span class='ocrx_word' id='word_1_367' title='bbox 1700 3554 1756 3602; x_wconf 91' lang='lat' dir='ltr'>et</span> <span class='ocrx_word' id='word_1_368' title='bbox 1786 3548 2101 3605; x_wconf 89' lang='lat' dir='ltr'>columbas</span> <span class='ocrx_word' id='word_1_369' title='bbox 2135 3550 2193 3605; x_wconf 92' lang='lat' dir='ltr'>in</span> <span class='ocrx_word' id='word_1_370' title='bbox 2225 3566 2295 3605; x_wconf 90' lang='lat' dir='ltr'>ea</span> 
     </span>
    </p>
   </div>
   <div class='ocr_carea' id='block_1_54' title="bbox 632 3636 2294 3707">
    <p class='ocr_par' dir='ltr' id='par_1_54' title="bbox 632 3636 2294 3707">
     <span class='ocr_line' id='line_1_54' title="bbox 632 3636 2294 3707; baseline 0.001 -15"><span class='ocrx_word' id='word_1_371' title='bbox 632 3638 895 3693; x_wconf 86' lang='lat' dir='ltr'>vendunt</span> <span class='ocrx_word' id='word_1_372' title='bbox 928 3638 1106 3692; x_wconf 88' lang='lat' dir='ltr'>etiam</span> <span class='ocrx_word' id='word_1_373' title='bbox 1138 3636 1174 3691; x_wconf 92' lang='lat' dir='ltr'>ii</span> <span class='ocrx_word' id='word_1_374' title='bbox 1215 3637 1317 3707; x_wconf 89' lang='lat' dir='ltr'>qui</span> <span class='ocrx_word' id='word_1_375' title='bbox 1369 3636 1700 3692; x_wconf 89' lang='lat' dir='ltr'>sacerdotia</span> <span class='ocrx_word' id='word_1_376' title='bbox 1729 3642 1785 3690; x_wconf 90' lang='lat' dir='ltr'>et</span> <span class='ocrx_word' id='word_1_377' title='bbox 1819 3652 2074 3692; x_wconf 88' lang='lat' dir='ltr'>munera</span> <span class='ocrx_word' id='word_1_378' title='bbox 2114 3638 2294 3693; x_wconf 90' lang='lat' dir='ltr'>eccle-</span> 
     </span>
    </p>
   </div>
   <div class='ocr_carea' id='block_1_55' title="bbox 633 3725 2283 3797">
    <p class='ocr_par' dir='ltr' id='par_1_55' title="bbox 633 3725 2283 3797">
     <span class='ocr_line' id='line_1_55' title="bbox 633 3725 2283 3797; baseline 0.002 -17"><span class='ocrx_word' id='word_1_379' title='bbox 633 3725 868 3781; x_wconf 89' lang='lat' dir='ltr'>siastica</span> <span class='ocrx_word' id='word_1_380' title='bbox 920 3726 1155 3781; x_wconf 84' lang='lat' dir='ltr'>venalia</span> <span class='ocrx_word' id='word_1_381' title='bbox 1204 3733 1508 3795; x_wconf 70' lang='lat' dir='ltr'>eXponnnt</span> <span class='ocrx_word' id='word_1_382' title='bbox 1544 3729 1639 3793; x_wconf 92' lang='lat' dir='ltr'>(ac</span> <span class='ocrx_word' id='word_1_383' title='bbox 1670 3725 1883 3797; x_wconf 85' lang='lat' dir='ltr'>quovis</span> <span class='ocrx_word' id='word_1_384' title='bbox 1924 3726 2132 3796; x_wconf 88' lang='lat' dir='ltr'>pretio,</span> <span class='ocrx_word' id='word_1_385' title='bbox 2162 3728 2283 3783; x_wconf 89' lang='lat' dir='ltr'>imo</span> 
     </span>
    </p>
   </div>
   <div class='ocr_carea' id='block_1_56' title="bbox 636 3814 2287 3886">
    <p class='ocr_par' dir='ltr' id='par_1_56' title="bbox 636 3814 2287 3886">
     <span class='ocr_line' id='line_1_56' title="bbox 636 3814 2287 3886; baseline 0.001 -17"><span class='ocrx_word' id='word_1_386' title='bbox 636 3831 773 3869; x_wconf 88' lang='lat' dir='ltr'>vero</span> <span class='ocrx_word' id='word_1_387' title='bbox 794 3814 1090 3871; x_wconf 85' lang='lat' dir='ltr'>interdum</span> <span class='ocrx_word' id='word_1_388' title='bbox 1124 3814 1303 3869; x_wconf 90' lang='lat' dir='ltr'>etiam</span> <span class='ocrx_word' id='word_1_389' title='bbox 1332 3815 1535 3870; x_wconf 86' lang='lat' dir='ltr'>addita</span> <span class='ocrx_word' id='word_1_390' title='bbox 1566 3832 1625 3869; x_wconf 92' lang='lat' dir='ltr'>re</span> <span class='ocrx_word' id='word_1_391' title='bbox 1656 3814 1877 3869; x_wconf 89' lang='lat' dir='ltr'>nullius</span> <span class='ocrx_word' id='word_1_392' title='bbox 1905 3817 2092 3886; x_wconf 68' lang='lat' dir='ltr'>pretii,</span> <span class='ocrx_word' id='word_1_393' title='bbox 2114 3816 2287 3872; x_wconf 89' lang='lat' dir='ltr'>veluti</span> 
     </span>
    </p>
   </div>
   <div class='ocr_carea' id='block_1_57' title="bbox 631 3903 2288 3974">
    <p class='ocr_par' dir='ltr' id='par_1_57' title="bbox 631 3903 2288 3974">
     <span class='ocr_line' id='line_1_57' title="bbox 631 3903 2288 3974; baseline -0.001 -12"><span class='ocrx_word' id='word_1_394' title='bbox 631 3903 849 3962; x_wconf 87' lang='lat' dir='ltr'>ancilla</span> <span class='ocrx_word' id='word_1_395' title='bbox 913 3908 1013 3959; x_wconf 90' lang='lat' dir='ltr'>ant</span> <span class='ocrx_word' id='word_1_396' title='bbox 1070 3909 1291 3968; x_wconf 90' lang='lat' dir='ltr'>scorto,</span> <span class='ocrx_word' id='word_1_397' title='bbox 1348 3904 1739 3974; x_wconf 78' lang='lat' dir='ltr'>extrudunt);</span> <span class='ocrx_word' id='word_1_398' title='bbox 1793 3903 2097 3960; x_wconf 67' lang='lat' dir='ltr'>Columbae</span> <span class='ocrx_word' id='word_1_399' title='bbox 2131 3906 2288 3961; x_wconf 90' lang='lat' dir='ltr'>enim</span> 
     </span>
    </p>
   </div>
   <div class='ocr_carea' id='block_1_58' title="bbox 634 3992 2293 4067">
    <p class='ocr_par' dir='ltr' id='par_1_58' title="bbox 634 3992 2293 4067">
     <span class='ocr_line' id='line_1_58' title="bbox 634 3992 2293 4067; baseline 0.001 -18"><span class='ocrx_word' id='word_1_400' title='bbox 634 3992 1084 4049; x_wconf 88' lang='lat' dir='ltr'>similitudinem</span> <span class='ocrx_word' id='word_1_401' title='bbox 1135 3992 1315 4048; x_wconf 86' lang='lat' dir='ltr'>habet</span> <span class='ocrx_word' id='word_1_402' title='bbox 1354 3993 1539 4064; x_wconf 75' lang='lat' dir='ltr'>gratia</span> <span class='ocrx_word' id='word_1_403' title='bbox 1619 3994 1867 4064; x_wconf 89' lang='lat' dir='ltr'>Spiritus</span> <span class='ocrx_word' id='word_1_404' title='bbox 1934 3995 2144 4061; x_wconf 89' lang='lat' dir='ltr'>sancti,</span> <span class='ocrx_word' id='word_1_405' title='bbox 2185 3994 2293 4067; x_wconf 91' lang='lat' dir='ltr'>qui</span> 
     </span>
    </p>
   </div>
   <div class='ocr_carea' id='block_1_59' title="bbox 632 4083 2292 4155">
    <p class='ocr_par' dir='ltr' id='par_1_59' title="bbox 632 4083 2292 4155">
     <span class='ocr_line' id='line_1_59' title="bbox 632 4083 2292 4155; baseline -0.001 -15"><span class='ocrx_word' id='word_1_406' title='bbox 632 4084 827 4140; x_wconf 88' lang='lat' dir='ltr'>forma.</span> <span class='ocrx_word' id='word_1_407' title='bbox 856 4083 1151 4139; x_wconf 67' lang='lat' dir='ltr'>columbas</span> <span class='ocrx_word' id='word_1_408' title='bbox 1184 4083 1477 4155; x_wconf 89' lang='lat' dir='ltr'>apparuit.</span> <span class='ocrx_word' id='word_1_409' title='bbox 1512 4083 1695 4137; x_wconf 88' lang='lat' dir='ltr'>Iidem</span> <span class='ocrx_word' id='word_1_410' title='bbox 1721 4084 2052 4139; x_wconf 88' lang='lat' dir='ltr'>suntetiam</span> <span class='ocrx_word' id='word_1_411' title='bbox 2076 4099 2292 4155; x_wconf 86' lang='lat' dir='ltr'>caupo-</span> 
     </span>
    </p>
   </div>
   <div class='ocr_carea' id='block_1_60' title="bbox 632 4173 2291 4245">
    <p class='ocr_par' dir='ltr' id='par_1_60' title="bbox 632 4173 2291 4245">
     <span class='ocr_line' id='line_1_60' title="bbox 632 4173 2291 4245; baseline -0.001 -15"><span class='ocrx_word' id='word_1_412' title='bbox 632 4190 739 4230; x_wconf 88' lang='lat' dir='ltr'>nes</span> <span class='ocrx_word' id='word_1_413' title='bbox 778 4190 975 4230; x_wconf 89' lang='lat' dir='ltr'>rerum</span> <span class='ocrx_word' id='word_1_414' title='bbox 1020 4173 1380 4238; x_wconf 88' lang='lat' dir='ltr'>divinarum,</span> <span class='ocrx_word' id='word_1_415' title='bbox 1424 4178 1836 4245; x_wconf 84' lang='lat' dir='ltr'>cauponantes</span> <span class='ocrx_word' id='word_1_416' title='bbox 1875 4189 1964 4238; x_wconf 91' lang='lat' dir='ltr'>ea,</span> <span class='ocrx_word' id='word_1_417' title='bbox 2022 4190 2156 4243; x_wconf 76' lang='lat' dir='ltr'>quas</span> <span class='ocrx_word' id='word_1_418' title='bbox 2192 4173 2291 4229; x_wconf 93' lang='lat' dir='ltr'>Dei</span> 
     </span>
    </p>
   </div>
   <div class='ocr_carea' id='block_1_61' title="bbox 2413 1852 3882 1927">
    <p class='ocr_par' dir='ltr' id='par_1_61' title="bbox 2413 1852 3882 1927">
     <span class='ocr_line' id='line_1_61' title="bbox 2413 1852 3882 1927; baseline 0 -24"><span class='ocrx_word' id='word_1_419' title='bbox 2413 1872 2519 1903; x_wconf 83' lang='grc' dir='ltr'>πων</span> <span class='ocrx_word' id='word_1_420' title='bbox 2568 1852 2730 1923; x_wconf 77' lang='grc' dir='ltr'>λόγων</span> <span class='ocrx_word' id='word_1_421' title='bbox 2780 1860 2869 1906; x_wconf 82' lang='grc' dir='ltr'>καὶ</span> <span class='ocrx_word' id='word_1_422' title='bbox 2930 1854 3181 1927; x_wconf 78' lang='grc' dir='ltr'>πράξεων,</span> <span class='ocrx_word' id='word_1_423' title='bbox 3239 1861 3328 1907; x_wconf 81' lang='grc' dir='ltr'>καὶ</span> <span class='ocrx_word' id='word_1_424' title='bbox 3385 1857 3413 1913; x_wconf 78' lang='grc' dir='ltr'>η</span> <span class='ocrx_word' id='word_1_425' title='bbox 3454 1854 3657 1907; x_wconf 65' lang='grc' dir='ltr'>πολιτεία</span> <span class='ocrx_word' id='word_1_426' title='bbox 3691 1861 3761 1906; x_wconf 66' lang='grc' dir='ltr'>τοῦ</span> <span class='ocrx_word' id='word_1_427' title='bbox 3808 1852 3882 1903; x_wconf 71' lang='lat' dir='ltr'>Em-</span> 
     </span>
    </p>
   </div>
   <div class='ocr_carea' id='block_1_62' title="bbox 2412 1940 3885 2015">
    <p class='ocr_par' dir='ltr' id='par_1_62' title="bbox 2412 1940 3885 2015">
     <span class='ocr_line' id='line_1_62' title="bbox 2412 1940 3885 2015; baseline 0 -24"><span class='ocrx_word' id='word_1_428' title='bbox 2412 1940 2686 2003; x_wconf 80' lang='grc' dir='ltr'>λαύνοντος</span> <span class='ocrx_word' id='word_1_429' title='bbox 2744 1942 3066 2015; x_wconf 81' lang='grc' dir='ltr'>πεπλεγμένη</span> <span class='ocrx_word' id='word_1_430' title='bbox 3151 1944 3302 1995; x_wconf 80' lang='grc' dir='ltr'>πάλιν</span> <span class='ocrx_word' id='word_1_431' title='bbox 3373 1944 3423 2006; x_wconf 74' lang='grc' dir='ltr'>ἑξ</span> <span class='ocrx_word' id='word_1_432' title='bbox 3504 1946 3729 2015; x_wconf 65' lang='grc' dir='ltr'>ὑπερφυῶν</span> <span class='ocrx_word' id='word_1_433' title='bbox 3780 1942 3885 2010; x_wconf 66' lang='grc' dir='ltr'>λογων</span> 
     </span>
    </p>
   </div>
   <div class='ocr_carea' id='block_1_63' title="bbox 2412 2030 3886 2105">
    <p class='ocr_par' dir='ltr' id='par_1_63' title="bbox 2412 2030 3886 2105">
     <span class='ocr_line' id='line_1_63' title="bbox 2412 2030 3886 2105; baseline 0.003 -24"><span class='ocrx_word' id='word_1_434' title='bbox 2412 2035 2501 2081; x_wconf 82' lang='grc' dir='ltr'>καὶ</span> <span class='ocrx_word' id='word_1_435' title='bbox 2548 2032 2800 2104; x_wconf 74' lang='grc' dir='ltr'>πράξεων,</span> <span class='ocrx_word' id='word_1_436' title='bbox 2834 2037 2923 2084; x_wconf 86' lang='grc' dir='ltr'>καὶ</span> <span class='ocrx_word' id='word_1_437' title='bbox 2962 2030 3015 2084; x_wconf 73' lang='grc' dir='ltr'>ἐκ</span> <span class='ocrx_word' id='word_1_438' title='bbox 3072 2034 3218 2085; x_wconf 84' lang='grc' dir='ltr'>θείων</span> <span class='ocrx_word' id='word_1_439' title='bbox 3262 2039 3354 2085; x_wconf 76' lang='grc' dir='ltr'>καὶ</span> <span class='ocrx_word' id='word_1_440' title='bbox 3382 2033 3695 2105; x_wconf 78' lang='grc' dir='ltr'>ἀνθρωπίνων.</span> <span class='ocrx_word' id='word_1_441' title='bbox 3736 2038 3886 2103; x_wconf 44' lang='lat' dir='ltr'>[lytr/:41</span> 
     </span>
    </p>
   </div>
   <div class='ocr_carea' id='block_1_64' title="bbox 2413 2117 3885 2194">
    <p class='ocr_par' dir='ltr' id='par_1_64' title="bbox 2413 2117 3885 2194">
     <span class='ocr_line' id='line_1_64' title="bbox 2413 2117 3885 2194; baseline 0.001 -25"><span class='ocrx_word' id='word_1_442' title='bbox 2413 2117 2500 2170; x_wconf 80' lang='grc' dir='ltr'>οὖν</span> <span class='ocrx_word' id='word_1_443' title='bbox 2563 2119 2776 2179; x_wconf 79' lang='grc' dir='ltr'>ἐποίησε</span> <span class='ocrx_word' id='word_1_444' title='bbox 2833 2120 3023 2182; x_wconf 81' lang='grc' dir='ltr'>πολλῆς</span> <span class='ocrx_word' id='word_1_445' title='bbox 3072 2122 3347 2183; x_wconf 79' lang='grc' dir='ltr'>αύθεντίας</span> <span class='ocrx_word' id='word_1_446' title='bbox 3410 2126 3572 2194; x_wconf 80' lang='grc' dir='ltr'>γέμον.</span> <span class='ocrx_word' id='word_1_447' title='bbox 3615 2117 3784 2177; x_wconf 71' lang='grc' dir='ltr'>Ἐπειδὴ</span> <span class='ocrx_word' id='word_1_448' title='bbox 3824 2122 3885 2189; x_wconf 56' lang='lat' dir='ltr'>7i;</span> 
     </span>
    </p>
   </div>
   <div class='ocr_carea' id='block_1_65' title="bbox 2415 2208 3891 2283">
    <p class='ocr_par' dir='ltr' id='par_1_65' title="bbox 2415 2208 3891 2283">
     <span class='ocr_line' id='line_1_65' title="bbox 2415 2208 3891 2283; baseline -0.001 -24"><span class='ocrx_word' id='word_1_449' title='bbox 2415 2208 2610 2279; x_wconf 79' lang='grc' dir='ltr'>ίμελλεν</span> <span class='ocrx_word' id='word_1_450' title='bbox 2661 2208 2707 2260; x_wconf 76' lang='grc' dir='ltr'>ἐν</span> <span class='ocrx_word' id='word_1_451' title='bbox 2765 2209 3009 2281; x_wconf 65' lang='grc' dir='ltr'>Σαϐϐάτῳ</span> <span class='ocrx_word' id='word_1_452' title='bbox 3061 2212 3380 2283; x_wconf 79' lang='grc' dir='ltr'>θεραπεύειν,</span> <span class='ocrx_word' id='word_1_453' title='bbox 3439 2216 3522 2263; x_wconf 84' lang='grc' dir='ltr'>καὶ</span> <span class='ocrx_word' id='word_1_454' title='bbox 3568 2210 3705 2262; x_wconf 82' lang='grc' dir='ltr'>πολλὰ</span> <span class='ocrx_word' id='word_1_455' title='bbox 3745 2216 3891 2261; x_wconf 62' lang='lat' dir='ltr'>totam</span> 
     </span>
    </p>
   </div>
   <div class='ocr_carea' id='block_1_66' title="bbox 2414 2296 3888 2373">
    <p class='ocr_par' dir='ltr' id='par_1_66' title="bbox 2414 2296 3888 2373">
     <span class='ocr_line' id='line_1_66' title="bbox 2414 2296 3888 2373; baseline 0.001 -25"><span class='ocrx_word' id='word_1_456' title='bbox 2414 2306 2596 2367; x_wconf 84' lang='grc' dir='ltr'>ποιεῖν,</span> <span class='ocrx_word' id='word_1_457' title='bbox 2632 2299 2757 2373; x_wconf 79' lang='grc' dir='ltr'>οἱπερ</span> <span class='ocrx_word' id='word_1_458' title='bbox 2813 2296 2985 2352; x_wconf 75' lang='grc' dir='ltr'>ἐδόκει</span> <span class='ocrx_word' id='word_1_459' title='bbox 3019 2308 3128 2361; x_wconf 88' lang='grc' dir='ltr'>τοῖς</span> <span class='ocrx_word' id='word_1_460' title='bbox 3160 2298 3445 2361; x_wconf 72' lang='grc' dir='ltr'>Ἰουδαίοις</span> <span class='ocrx_word' id='word_1_461' title='bbox 3481 2305 3629 2371; x_wconf 79' lang='grc' dir='ltr'>νόμων</span> <span class='ocrx_word' id='word_1_462' title='bbox 3665 2298 3888 2371; x_wconf 67' lang='grc' dir='ltr'>παράϐασις.</span> 
     </span>
    </p>
   </div>
   <div class='ocr_carea' id='block_1_67' title="bbox 2416 2384 3888 2462">
    <p class='ocr_par' dir='ltr' id='par_1_67' title="bbox 2416 2384 3888 2462">
     <span class='ocr_line' id='line_1_67' title="bbox 2416 2384 3888 2462; baseline -0.003 -23"><span class='ocrx_word' id='word_1_463' title='bbox 2416 2390 2498 2438; x_wconf 84' lang='grc' dir='ltr'>ἱνα</span> <span class='ocrx_word' id='word_1_464' title='bbox 2543 2393 2613 2458; x_wconf 81' lang='grc' dir='ltr'>μὴ</span> <span class='ocrx_word' id='word_1_465' title='bbox 2674 2384 2803 2461; x_wconf 75' lang='grc' dir='ltr'>δοκῇ</span> <span class='ocrx_word' id='word_1_466' title='bbox 2866 2397 3032 2441; x_wconf 81' lang='grc' dir='ltr'>ταῦτα</span> <span class='ocrx_word' id='word_1_467' title='bbox 3078 2390 3325 2462; x_wconf 79' lang='grc' dir='ltr'>πράττειν</span> <span class='ocrx_word' id='word_1_468' title='bbox 3375 2393 3441 2451; x_wconf 80' lang='grc' dir='ltr'>ὡς</span> <span class='ocrx_word' id='word_1_469' title='bbox 3494 2389 3703 2448; x_wconf 77' lang='grc' dir='ltr'>ἀντίθεος,</span> <span class='ocrx_word' id='word_1_470' title='bbox 3741 2388 3888 2438; x_wconf 65' lang='lat' dir='ltr'>&#39;mriﬁn</span> 
     </span>
    </p>
   </div>
   <div class='ocr_carea' id='block_1_68' title="bbox 2414 2479 3892 2552">
    <p class='ocr_par' dir='ltr' id='par_1_68' title="bbox 2414 2479 3892 2552">
     <span class='ocr_line' id='line_1_68' title="bbox 2414 2479 3892 2552; baseline -0.002 -24"><span class='ocrx_word' id='word_1_471' title='bbox 2414 2485 2717 2550; x_wconf 83' lang='grc' dir='ltr'>προαναιρεῖ</span> <span class='ocrx_word' id='word_1_472' title='bbox 2752 2483 2844 2536; x_wconf 80' lang='grc' dir='ltr'>τὴν</span> <span class='ocrx_word' id='word_1_473' title='bbox 2904 2482 3147 2538; x_wconf 74' lang='grc' dir='ltr'>τοιαύτην</span> <span class='ocrx_word' id='word_1_474' title='bbox 3210 2480 3489 2550; x_wconf 66' lang='grc' dir='ltr'>ὑπόληψιν.</span> <span class='ocrx_word' id='word_1_475' title='bbox 3527 2479 3578 2531; x_wconf 72' lang='grc' dir='ltr'><strong>Ὀ</strong></span> <span class='ocrx_word' id='word_1_476' title='bbox 3601 2482 3685 2552; x_wconf 76' lang='grc' dir='ltr'>γὰρ</span> <span class='ocrx_word' id='word_1_477' title='bbox 3724 2484 3892 2529; x_wconf 61' lang='lat' dir='ltr'>rosam:</span> 
     </span>
    </p>
   </div>
   <div class='ocr_carea' id='block_1_69' title="bbox 2418 2564 3891 2642">
    <p class='ocr_par' dir='ltr' id='par_1_69' title="bbox 2418 2564 3891 2642">
     <span class='ocr_line' id='line_1_69' title="bbox 2418 2564 3891 2642; baseline 0.001 -24"><span class='ocrx_word' id='word_1_478' title='bbox 2418 2566 2569 2628; x_wconf 75' lang='grc' dir='ltr'>ζῆλον</span> <span class='ocrx_word' id='word_1_479' title='bbox 2610 2564 2996 2639; x_wconf 80' lang='grc' dir='ltr'>ἐπιδειξάμενος</span> <span class='ocrx_word' id='word_1_480' title='bbox 3042 2571 3168 2642; x_wconf 74' lang='grc' dir='ltr'>ὑπερ</span> <span class='ocrx_word' id='word_1_481' title='bbox 3219 2577 3311 2621; x_wconf 77' lang='grc' dir='ltr'>τοῦ</span> <span class='ocrx_word' id='word_1_482' title='bbox 3370 2574 3511 2622; x_wconf 82' lang='grc' dir='ltr'>οἴκου</span> <span class='ocrx_word' id='word_1_483' title='bbox 3557 2576 3636 2621; x_wconf 70' lang='grc' dir='ltr'>τοῦ</span> <span class='ocrx_word' id='word_1_484' title='bbox 3685 2574 3800 2629; x_wconf 69' lang='grc' dir='ltr'>Θεοῦ,</span> <span class='ocrx_word' id='word_1_485' title='bbox 3837 2570 3891 2612; x_wconf 62' lang='grc' dir='ltr'>καὶ</span> 
     </span>
    </p>
   </div>
   <div class='ocr_carea' id='block_1_70' title="bbox 2415 2654 3894 2730">
    <p class='ocr_par' dir='ltr' id='par_1_70' title="bbox 2415 2654 3894 2730">
     <span class='ocr_line' id='line_1_70' title="bbox 2415 2654 3894 2730; baseline -0.001 -22"><span class='ocrx_word' id='word_1_486' title='bbox 2415 2660 2644 2729; x_wconf 77' lang='grc' dir='ltr'>τοσαύτη</span> <span class='ocrx_word' id='word_1_487' title='bbox 2680 2654 3001 2729; x_wconf 76' lang='grc' dir='ltr'>σφοδρότητι</span> <span class='ocrx_word' id='word_1_488' title='bbox 3031 2665 3121 2710; x_wconf 84' lang='grc' dir='ltr'>καὶ</span> <span class='ocrx_word' id='word_1_489' title='bbox 3168 2658 3521 2730; x_wconf 67' lang='grc' dir='ltr'>ἀγανακτήσει</span> <span class='ocrx_word' id='word_1_490' title='bbox 3549 2655 3632 2710; x_wconf 73' lang='grc' dir='ltr'>διὰ</span> <span class='ocrx_word' id='word_1_491' title='bbox 3654 2665 3792 2709; x_wconf 69' lang='grc' dir='ltr'>τοῦτον</span> <span class='ocrx_word' id='word_1_492' title='bbox 3820 2656 3894 2719; x_wconf 74' lang='lat'>(99)</span> 
     </span>
    </p>
   </div>
   <div class='ocr_carea' id='block_1_71' title="bbox 2413 2742 3895 2821">
    <p class='ocr_par' dir='ltr' id='par_1_71' title="bbox 2413 2742 3895 2821">
     <span class='ocr_line' id='line_1_71' title="bbox 2413 2742 3895 2821; baseline 0 -23"><span class='ocrx_word' id='word_1_493' title='bbox 2413 2748 2768 2821; x_wconf 78' lang='grc' dir='ltr'>χρησάμενος,</span> <span class='ocrx_word' id='word_1_494' title='bbox 2829 2752 2918 2800; x_wconf 79' lang='grc' dir='ltr'>καὶ</span> <span class='ocrx_word' id='word_1_495' title='bbox 2994 2744 3221 2819; x_wconf 77' lang='grc' dir='ltr'>μηδενὸς</span> <span class='ocrx_word' id='word_1_496' title='bbox 3286 2749 3412 2808; x_wconf 79' lang='grc' dir='ltr'>ὅλως</span> <span class='ocrx_word' id='word_1_497' title='bbox 3490 2749 3762 2819; x_wconf 70' lang='grc' dir='ltr'>φεισάμενος,</span> <span class='ocrx_word' id='word_1_498' title='bbox 3812 2742 3895 2793; x_wconf 62' lang='grc' dir='ltr'>ἀλλά</span> 
     </span>
    </p>
   </div>
   <div class='ocr_carea' id='block_1_72' title="bbox 2414 2832 3899 2900">
    <p class='ocr_par' dir='ltr' id='par_1_72' title="bbox 2414 2832 3899 2900">
     <span class='ocr_line' id='line_1_72' title="bbox 2414 2832 3899 2900; baseline 0.005 -14"><span class='ocrx_word' id='word_1_499' title='bbox 2414 2841 2502 2886; x_wconf 82' lang='grc' dir='ltr'>καὶ</span> <span class='ocrx_word' id='word_1_500' title='bbox 2552 2836 2618 2896; x_wconf 85' lang='grc' dir='ltr'>εἰς</span> <span class='ocrx_word' id='word_1_501' title='bbox 2661 2832 2899 2889; x_wconf 83' lang='grc' dir='ltr'>κίνδυνον</span> <span class='ocrx_word' id='word_1_502' title='bbox 2976 2836 3157 2889; x_wconf 75' lang='grc' dir='ltr'>ἑαυτὸν</span> <span class='ocrx_word' id='word_1_503' title='bbox 3214 2844 3570 2900; x_wconf 66' lang='grc' dir='ltr'>καταστήσας,</span> <span class='ocrx_word' id='word_1_504' title='bbox 3613 2842 3691 2889; x_wconf 78' lang='grc' dir='ltr'>καὶ</span> <span class='ocrx_word' id='word_1_505' title='bbox 3741 2836 3827 2892; x_wconf 69' lang='grc' dir='ltr'>τοὺς</span> <span class='ocrx_word' id='word_1_506' title='bbox 3866 2847 3899 2878; x_wconf 71' lang='grc' dir='ltr'>τί</span> 
     </span>
    </p>
   </div>
   <div class='ocr_carea' id='block_1_73' title="bbox 2412 2917 3896 3001">
    <p class='ocr_par' dir='ltr' id='par_1_73' title="bbox 2412 2917 3896 3001">
     <span class='ocr_line' id='line_1_73' title="bbox 2412 2917 3896 3001; baseline -0.007 -24"><span class='ocrx_word' id='word_1_507' title='bbox 2412 2924 2677 2987; x_wconf 79' lang='grc' dir='ltr'>καπήλους</span> <span class='ocrx_word' id='word_1_508' title='bbox 2732 2924 2972 2994; x_wconf 76' lang='grc' dir='ltr'>ἐκείνους,</span> <span class='ocrx_word' id='word_1_509' title='bbox 3031 2930 3149 2988; x_wconf 81' lang='grc' dir='ltr'>τούς</span> <span class='ocrx_word' id='word_1_510' title='bbox 3192 2947 3244 2981; x_wconf 87' lang='grc' dir='ltr'>τε</span> <span class='ocrx_word' id='word_1_511' title='bbox 3299 2932 3715 3001; x_wconf 75' lang='grc' dir='ltr'>παραχωροῦντας</span> <span class='ocrx_word' id='word_1_512' title='bbox 3838 2917 3896 2967; x_wconf 69' lang='lat' dir='ltr'>ar}-</span> 
     </span>
    </p>
   </div>
   <div class='ocr_carea' id='block_1_74' title="bbox 2412 3011 3902 3091">
    <p class='ocr_par' dir='ltr' id='par_1_74' title="bbox 2412 3011 3902 3091">
     <span class='ocr_line' id='line_1_74' title="bbox 2412 3011 3902 3091; baseline -0.001 -26"><span class='ocrx_word' id='word_1_513' title='bbox 2412 3022 2520 3074; x_wconf 86' lang='grc' dir='ltr'>τοίς</span> <span class='ocrx_word' id='word_1_514' title='bbox 2578 3011 2871 3075; x_wconf 71' lang='grc' dir='ltr'>Ἰουδαίους</span> <span class='ocrx_word' id='word_1_515' title='bbox 2916 3016 3031 3066; x_wconf 84' lang='grc' dir='ltr'>καθ’</span> <span class='ocrx_word' id='word_1_516' title='bbox 3086 3015 3270 3068; x_wconf 74' lang='grc' dir='ltr'>ἑαυτοῦ</span> <span class='ocrx_word' id='word_1_517' title='bbox 3329 3017 3624 3091; x_wconf 78' lang='grc' dir='ltr'>παροξύνας,</span> <span class='ocrx_word' id='word_1_518' title='bbox 3676 3018 3749 3064; x_wconf 73' lang='grc' dir='ltr'>καὶ</span> <span class='ocrx_word' id='word_1_519' title='bbox 3788 3012 3902 3061; x_wconf 69' lang='grc' dir='ltr'>πὲιτι</span> 
     </span>
    </p>
   </div>
   <div class='ocr_carea' id='block_1_75' title="bbox 2413 3096 3899 3178">
    <p class='ocr_par' dir='ltr' id='par_1_75' title="bbox 2413 3096 3899 3178">
     <span class='ocr_line' id='line_1_75' title="bbox 2413 3096 3899 3178; baseline -0.003 -23"><span class='ocrx_word' id='word_1_520' title='bbox 2413 3105 2591 3156; x_wconf 83' lang='grc' dir='ltr'>παθεῖν</span> <span class='ocrx_word' id='word_1_521' title='bbox 2630 3107 2827 3175; x_wconf 78' lang='grc' dir='ltr'>ἕτοιμος</span> <span class='ocrx_word' id='word_1_522' title='bbox 2857 3108 2924 3155; x_wconf 80' lang='grc' dir='ltr'>ὧν</span> <span class='ocrx_word' id='word_1_523' title='bbox 2963 3106 3091 3178; x_wconf 76' lang='grc' dir='ltr'>ὑπὲρ</span> <span class='ocrx_word' id='word_1_524' title='bbox 3121 3114 3214 3167; x_wconf 76' lang='grc' dir='ltr'>τῆς</span> <span class='ocrx_word' id='word_1_525' title='bbox 3254 3106 3532 3178; x_wconf 73' lang='grc' dir='ltr'>εὐκοσμίας</span> <span class='ocrx_word' id='word_1_526' title='bbox 3575 3110 3656 3157; x_wconf 81' lang='grc' dir='ltr'>τοῦ</span> <span class='ocrx_word' id='word_1_527' title='bbox 3692 3104 3813 3173; x_wconf 72' lang='grc' dir='ltr'>ίιρον,</span> <span class='ocrx_word' id='word_1_528' title='bbox 3842 3096 3899 3147; x_wconf 56' lang='grc' dir='ltr'>οὐκ</span> 
     </span>
    </p>
   </div>
   <div class='ocr_carea' id='block_1_76' title="bbox 2411 3192 3509 3268">
    <p class='ocr_par' dir='ltr' id='par_1_76' title="bbox 2411 3192 3509 3268">
     <span class='ocr_line' id='line_1_76' title="bbox 2411 3192 3509 3268; baseline 0.005 -24"><span class='ocrx_word' id='word_1_529' title='bbox 2411 3194 2471 3244; x_wconf 83' lang='grc' dir='ltr'>οἶν</span> <span class='ocrx_word' id='word_1_530' title='bbox 2493 3192 2718 3255; x_wconf 79' lang='grc' dir='ltr'>ἐναντίος</span> <span class='ocrx_word' id='word_1_531' title='bbox 2750 3196 2825 3251; x_wconf 84' lang='grc' dir='ltr'>εἵη</span> <span class='ocrx_word' id='word_1_532' title='bbox 2855 3201 2925 3263; x_wconf 77' lang='grc' dir='ltr'>τῷ</span> <span class='ocrx_word' id='word_1_533' title='bbox 2958 3198 3191 3266; x_wconf 78' lang='grc' dir='ltr'>Δεσπότη</span> <span class='ocrx_word' id='word_1_534' title='bbox 3225 3204 3322 3248; x_wconf 77' lang='grc' dir='ltr'>τοῦ</span> <span class='ocrx_word' id='word_1_535' title='bbox 3357 3198 3509 3268; x_wconf 69' lang='grc' dir='ltr'>ἱεροῦ.</span> 
     </span>
    </p>
   </div>
   <div class='ocr_carea' id='block_1_77' title="bbox 2482 3459 3906 3537">
    <p class='ocr_par' dir='ltr' id='par_1_77' title="bbox 2482 3459 3906 3537">
     <span class='ocr_line' id='line_1_77' title="bbox 2482 3459 3906 3537; baseline -0.008 -24"><span class='ocrx_word' id='word_1_536' title='bbox 2482 3466 2583 3513; x_wconf 79' lang='grc' dir='ltr'>Καὶ</span> <span class='ocrx_word' id='word_1_537' title='bbox 2636 3492 2702 3501; x_wconf 86' lang='lat'>-—</span> <span class='ocrx_word' id='word_1_538' title='bbox 2744 3459 3015 3537; x_wconf 76' lang='grc' dir='ltr'>ἐμπορίου.</span> <span class='ocrx_word' id='word_1_539' title='bbox 3083 3459 3265 3535; x_wconf 87' lang='grc' dir='ltr'>[Οἶκον</span> <span class='ocrx_word' id='word_1_540' title='bbox 3481 3462 3704 3535; x_wconf 80' lang='grc' dir='ltr'>έμπορίον</span> <span class='ocrx_word' id='word_1_541' title='bbox 3758 3462 3906 3507; x_wconf 56' lang='lat' dir='ltr'>setosa:</span> 
     </span>
    </p>
   </div>
   <div class='ocr_carea' id='block_1_78' title="bbox 2405 3542 3901 3627">
    <p class='ocr_par' dir='ltr' id='par_1_78' title="bbox 2405 3542 3901 3627">
     <span class='ocr_line' id='line_1_78' title="bbox 2405 3542 3901 3627; baseline -0.007 -26"><span class='ocrx_word' id='word_1_542' title='bbox 2405 3553 2488 3601; x_wconf 85' lang='grc' dir='ltr'>τὸν</span> <span class='ocrx_word' id='word_1_543' title='bbox 2547 3546 2683 3601; x_wconf 83' lang='grc' dir='ltr'>οἷκον</span> <span class='ocrx_word' id='word_1_544' title='bbox 2724 3558 2815 3602; x_wconf 74' lang='grc' dir='ltr'>τοῦ</span> <span class='ocrx_word' id='word_1_545' title='bbox 2872 3559 3025 3617; x_wconf 78' lang='grc' dir='ltr'>Θεοῦ,</span> <span class='ocrx_word' id='word_1_546' title='bbox 3105 3557 3194 3603; x_wconf 86' lang='grc' dir='ltr'>καὶ</span> <span class='ocrx_word' id='word_1_547' title='bbox 3242 3555 3341 3614; x_wconf 81' lang='grc' dir='ltr'>τὰς</span> <span class='ocrx_word' id='word_1_548' title='bbox 3386 3552 3671 3627; x_wconf 77' lang='grc' dir='ltr'>περιστερὰς</span> <span class='ocrx_word' id='word_1_549' title='bbox 3723 3547 3760 3597; x_wconf 76' lang='grc' dir='ltr'>ἕν</span> <span class='ocrx_word' id='word_1_550' title='bbox 3809 3542 3901 3607; x_wconf 57' lang='grc' dir='ltr'>αὐτῷ</span> 
     </span>
    </p>
   </div>
   <div class='ocr_carea' id='block_1_79' title="bbox 2406 3639 3901 3716">
    <p class='ocr_par' dir='ltr' id='par_1_79' title="bbox 2406 3639 3901 3716">
     <span class='ocr_line' id='line_1_79' title="bbox 2406 3639 3901 3716; baseline -0.003 -26"><span class='ocrx_word' id='word_1_551' title='bbox 2406 3639 2685 3705; x_wconf 64' lang='grc' dir='ltr'>πωλοῦσιν,</span> <span class='ocrx_word' id='word_1_552' title='bbox 2719 3646 2808 3691; x_wconf 80' lang='grc' dir='ltr'>καὶ</span> <span class='ocrx_word' id='word_1_553' title='bbox 2863 3642 2910 3692; x_wconf 83' lang='grc' dir='ltr'>οἱ</span> <span class='ocrx_word' id='word_1_554' title='bbox 2942 3643 3035 3702; x_wconf 78' lang='grc' dir='ltr'>τὰς</span> <span class='ocrx_word' id='word_1_555' title='bbox 3081 3647 3417 3716; x_wconf 80' lang='grc' dir='ltr'>χειροτονίας</span> <span class='ocrx_word' id='word_1_556' title='bbox 3470 3641 3549 3712; x_wconf 85' lang='grc'>(3)</span> <span class='ocrx_word' id='word_1_557' title='bbox 3600 3639 3901 3711; x_wconf 70' lang='grc' dir='ltr'>πιπράσκοντες.</span> 
     </span>
    </p>
   </div>
   <div class='ocr_carea' id='block_1_80' title="bbox 2410 3726 3899 3805">
    <p class='ocr_par' dir='ltr' id='par_1_80' title="bbox 2410 3726 3899 3805">
     <span class='ocr_line' id='line_1_80' title="bbox 2410 3726 3899 3805; baseline -0.007 -25"><span class='ocrx_word' id='word_1_558' title='bbox 2410 3735 2720 3803; x_wconf 82' lang='grc' dir='ltr'>Περιστερᾶς</span> <span class='ocrx_word' id='word_1_559' title='bbox 2748 3732 2849 3802; x_wconf 78' lang='grc' dir='ltr'>γὰρ</span> <span class='ocrx_word' id='word_1_560' title='bbox 2904 3732 3087 3794; x_wconf 75' lang='grc' dir='ltr'>τύπος,</span> <span class='ocrx_word' id='word_1_561' title='bbox 3144 3733 3171 3787; x_wconf 79' lang='grc' dir='ltr'>η</span> <span class='ocrx_word' id='word_1_562' title='bbox 3208 3732 3376 3805; x_wconf 71' lang='grc' dir='ltr'>χάρις</span> <span class='ocrx_word' id='word_1_563' title='bbox 3416 3740 3505 3782; x_wconf 74' lang='grc' dir='ltr'>τοῦ</span> <span class='ocrx_word' id='word_1_564' title='bbox 3557 3729 3687 3799; x_wconf 75' lang='grc' dir='ltr'>ἁγίου</span> <span class='ocrx_word' id='word_1_565' title='bbox 3733 3726 3899 3789; x_wconf 57' lang='grc' dir='ltr'>Πωμε-</span> 
     </span>
    </p>
   </div>
   <div class='ocr_carea' id='block_1_81' title="bbox 2404 3808 3901 3894">
    <p class='ocr_par' dir='ltr' id='par_1_81' title="bbox 2404 3808 3901 3894">
     <span class='ocr_line' id='line_1_81' title="bbox 2404 3808 3901 3894; baseline -0.008 -24"><span class='ocrx_word' id='word_1_566' title='bbox 2404 3837 2509 3887; x_wconf 77' lang='grc' dir='ltr'>τος,</span> <span class='ocrx_word' id='word_1_567' title='bbox 2544 3826 2634 3870; x_wconf 82' lang='grc' dir='ltr'>του</span> <span class='ocrx_word' id='word_1_568' title='bbox 2666 3818 2714 3870; x_wconf 77' lang='grc' dir='ltr'>ἐν</span> <span class='ocrx_word' id='word_1_569' title='bbox 2755 3815 2883 3872; x_wconf 74' lang='grc' dir='ltr'>εῖδει</span> <span class='ocrx_word' id='word_1_570' title='bbox 2927 3827 3231 3894; x_wconf 80' lang='grc' dir='ltr'>περιστερᾶς</span> <span class='ocrx_word' id='word_1_571' title='bbox 3293 3820 3535 3893; x_wconf 73' lang='grc' dir='ltr'>ὀφθέντος</span> <span class='ocrx_word' id='word_1_572' title='bbox 3585 3819 3669 3889; x_wconf 58' lang='grc'>(4).</span> <span class='ocrx_word' id='word_1_573' title='bbox 3697 3817 3749 3868; x_wconf 71' lang='grc' dir='ltr'>οι</span> <span class='ocrx_word' id='word_1_574' title='bbox 3791 3808 3901 3863; x_wconf 52' lang='lat'>6&#39;1;-</span> 
     </span>
    </p>
   </div>
   <div class='ocr_carea' id='block_1_82' title="bbox 2404 3903 3903 3978">
    <p class='ocr_par' dir='ltr' id='par_1_82' title="bbox 2404 3903 3903 3978">
     <span class='ocr_line' id='line_1_82' title="bbox 2404 3903 3903 3978; baseline 0.001 -20"><span class='ocrx_word' id='word_1_575' title='bbox 2404 3914 2479 3959; x_wconf 81' lang='grc' dir='ltr'>τοι</span> <span class='ocrx_word' id='word_1_576' title='bbox 2511 3913 2599 3960; x_wconf 86' lang='grc' dir='ltr'>καὶ</span> <span class='ocrx_word' id='word_1_577' title='bbox 2793 3908 3120 3978; x_wconf 83' lang='grc' dir='ltr'>θεοκάπηλοι,</span> <span class='ocrx_word' id='word_1_578' title='bbox 3178 3912 3245 3961; x_wconf 83' lang='grc' dir='ltr'>τὰ</span> <span class='ocrx_word' id='word_1_579' title='bbox 3302 3918 3399 3961; x_wconf 71' lang='grc' dir='ltr'>τοῦ</span> <span class='ocrx_word' id='word_1_580' title='bbox 3456 3917 3585 3963; x_wconf 70' lang='grc' dir='ltr'>Θεοῦ</span> <span class='ocrx_word' id='word_1_581' title='bbox 3630 3903 3903 3960; x_wconf 52' lang='lat' dir='ltr'>ausim“;</span> 
     </span>
    </p>
   </div>
   <div class='ocr_carea' id='block_1_83' title="bbox 2405 3976 3901 4071">
    <p class='ocr_par' dir='ltr' id='par_1_83' title="bbox 2405 3976 3901 4071">
     <span class='ocr_line' id='line_1_83' title="bbox 2405 3976 3901 4071; baseline -0.001 -23"><span class='ocrx_word' id='word_1_582' title='bbox 2405 3992 2475 4048; x_wconf 78' lang='grc' dir='ltr'>δι’</span> <span class='ocrx_word' id='word_1_583' title='bbox 2533 3976 2994 4071; x_wconf 45' lang='grc' dir='ltr'>αἰσχροκέρῖῖειαν.</span> <span class='ocrx_word' id='word_1_584' title='bbox 3054 3976 3123 4050; x_wconf 78' lang='lat' dir='ltr'><strong>T0</strong></span> <span class='ocrx_word' id='word_1_585' title='bbox 3174 3994 3252 4064; x_wconf 70' lang='grc' dir='ltr'>δι,</span> <span class='ocrx_word' id='word_1_586' title='bbox 3311 3997 3509 4071; x_wconf 74' lang='grc' dir='ltr'>’Δρατε</span> <span class='ocrx_word' id='word_1_587' title='bbox 3552 4006 3698 4050; x_wconf 70' lang='grc' dir='ltr'>ταῦτα</span> <span class='ocrx_word' id='word_1_588' title='bbox 3734 3989 3901 4046; x_wconf 54' lang='lat' dir='ltr'>imitri,</span> 
     </span>
    </p>
   </div>
   <div class='ocr_carea' id='block_1_84' title="bbox 2401 4081 3903 4159">
    <p class='ocr_par' dir='ltr' id='par_1_84' title="bbox 2401 4081 3903 4159">
     <span class='ocr_line' id='line_1_84' title="bbox 2401 4081 3903 4159; baseline -0.005 -22"><span class='ocrx_word' id='word_1_589' title='bbox 2401 4090 2495 4143; x_wconf 70' lang='grc' dir='ltr'>τὴν</span> <span class='ocrx_word' id='word_1_590' title='bbox 2547 4088 2870 4157; x_wconf 82' lang='grc' dir='ltr'>μετάστασιν</span> <span class='ocrx_word' id='word_1_591' title='bbox 2901 4092 2993 4141; x_wconf 83' lang='grc' dir='ltr'>καὶ</span> <span class='ocrx_word' id='word_1_592' title='bbox 3041 4085 3305 4146; x_wconf 78' lang='grc' dir='ltr'>ἀποϐολὴν</span> <span class='ocrx_word' id='word_1_593' title='bbox 3365 4096 3459 4149; x_wconf 77' lang='grc' dir='ltr'>τῆς</span> <span class='ocrx_word' id='word_1_594' title='bbox 3509 4094 3702 4159; x_wconf 74' lang='grc' dir='ltr'>νομικῆς</span> <span class='ocrx_word' id='word_1_595' title='bbox 3743 4081 3903 4148; x_wconf 65' lang='grc' dir='ltr'>λατρείας</span> 
     </span>
    </p>
   </div>
   <div class='ocr_carea' id='block_1_85' title="bbox 2403 4174 2661 4247">
    <p class='ocr_par' dir='ltr' id='par_1_85' title="bbox 2403 4174 2661 4247">
     <span class='ocr_line' id='line_1_85' title="bbox 2403 4174 2661 4247; baseline 0.008 -22"><span class='ocrx_word' id='word_1_596' title='bbox 2403 4174 2661 4247; x_wconf 73' lang='grc' dir='ltr'>ᾐνίξατο.]</span> 
     </span>
    </p>
   </div>
   <div class='ocr_carea' id='block_1_86' title="bbox 634 4256 3899 4337">
    <p class='ocr_par' dir='ltr' id='par_1_86' title="bbox 634 4256 3899 4337">
     <span class='ocr_line' id='line_1_86' title="bbox 634 4256 3899 4337; baseline -0.001 -16"><span class='ocrx_word' id='word_1_597' title='bbox 634 4270 795 4330; x_wconf 89' lang='lat' dir='ltr'>sunt,</span> <span class='ocrx_word' id='word_1_598' title='bbox 838 4262 1023 4337; x_wconf 85' lang='lat' dir='ltr'>turpis</span> <span class='ocrx_word' id='word_1_599' title='bbox 1048 4263 1195 4318; x_wconf 90' lang='lat' dir='ltr'>lucri</span> <span class='ocrx_word' id='word_1_600' title='bbox 1228 4278 1430 4318; x_wconf 88' lang='lat' dir='ltr'>causa.</span> <span class='ocrx_word' id='word_1_601' title='bbox 1481 4266 1594 4319; x_wconf 87' lang='lat' dir='ltr'>Ista</span> <span class='ocrx_word' id='word_1_602' title='bbox 1624 4268 1819 4317; x_wconf 89' lang='lat' dir='ltr'>autem</span> <span class='ocrx_word' id='word_1_603' title='bbox 1875 4278 1888 4318; x_wconf 90' lang='lat'><strong>:</strong></span> <span class='ocrx_word' id='word_1_604' title='bbox 1939 4263 2188 4333; x_wconf 82' lang='lat' dir='ltr'>Auferte</span> <span class='ocrx_word' id='word_1_605' title='bbox 2218 4262 2333 4320; x_wconf 82' lang='lat' dir='ltr'>ista</span> <span class='ocrx_word' id='word_1_606' title='bbox 2365 4264 2526 4330; x_wconf 81' lang='lat' dir='ltr'>hinc,</span> <span class='ocrx_word' id='word_1_607' title='bbox 2561 4264 3014 4322; x_wconf 85' lang='lat' dir='ltr'>translationem</span> <span class='ocrx_word' id='word_1_608' title='bbox 3054 4272 3110 4321; x_wconf 87' lang='lat' dir='ltr'>et</span> <span class='ocrx_word' id='word_1_609' title='bbox 3139 4266 3536 4323; x_wconf 87' lang='lat' dir='ltr'>amissionem</span> <span class='ocrx_word' id='word_1_610' title='bbox 3585 4261 3752 4334; x_wconf 78' lang='lat' dir='ltr'>legalis</span> <span class='ocrx_word' id='word_1_611' title='bbox 3774 4256 3899 4312; x_wconf 58' lang='lat' dir='ltr'>cum</span> 
     </span>
    </p>
   </div>
   <div class='ocr_carea' id='block_1_87' title="bbox 636 4354 994 4426">
    <p class='ocr_par' dir='ltr' id='par_1_87' title="bbox 636 4354 994 4426">
     <span class='ocr_line' id='line_1_87' title="bbox 636 4354 994 4426; baseline -0.011 -14"><span class='ocrx_word' id='word_1_612' title='bbox 636 4354 994 4426; x_wconf 85' lang='lat' dir='ltr'>signiﬁcant.</span> 
     </span>
    </p>
   </div>
   <div class='ocr_carea' id='block_1_88' title="bbox 703 4441 2369 4511">
    <p class='ocr_par' dir='ltr' id='par_1_88' title="bbox 703 4441 2369 4511">
     <span class='ocr_line' id='line_1_88' title="bbox 703 4441 2369 4511; baseline -0.003 -12"><span class='ocrx_word' id='word_1_613' title='bbox 703 4446 831 4502; x_wconf 88' lang='lat' dir='ltr'>Non</span> <span class='ocrx_word' id='word_1_614' title='bbox 870 4443 1035 4501; x_wconf 88' lang='lat' dir='ltr'>factis</span> <span class='ocrx_word' id='word_1_615' title='bbox 1069 4443 1287 4511; x_wconf 87' lang='lat' dir='ltr'>solum,</span> <span class='ocrx_word' id='word_1_616' title='bbox 1328 4442 1432 4499; x_wconf 87' lang='lat' dir='ltr'>sed</span> <span class='ocrx_word' id='word_1_617' title='bbox 1471 4446 1528 4499; x_wconf 89' lang='lat' dir='ltr'>et</span> <span class='ocrx_word' id='word_1_618' title='bbox 1554 4442 1747 4498; x_wconf 87' lang='lat' dir='ltr'>verbis</span> <span class='ocrx_word' id='word_1_619' title='bbox 1775 4441 2037 4499; x_wconf 88' lang='lat' dir='ltr'>ostendit</span> <span class='ocrx_word' id='word_1_620' title='bbox 2080 4445 2196 4499; x_wconf 86' lang='lat' dir='ltr'>Deo</span> <span class='ocrx_word' id='word_1_621' title='bbox 2234 4460 2296 4500; x_wconf 89' lang='lat' dir='ltr'>se</span> <span class='ocrx_word' id='word_1_622' title='bbox 2326 4442 2369 4494; x_wconf 93' lang='lat' dir='ltr'>D</span> 
     </span>
    </p>
   </div>
   <div class='ocr_carea' id='block_1_89' title="bbox 634 4531 2296 4605">
    <p class='ocr_par' dir='ltr' id='par_1_89' title="bbox 634 4531 2296 4605">
     <span class='ocr_line' id='line_1_89' title="bbox 634 4531 2296 4605; baseline -0.001 -15"><span class='ocrx_word' id='word_1_623' title='bbox 634 4551 762 4590; x_wconf 88' lang='lat' dir='ltr'>esse</span> <span class='ocrx_word' id='word_1_624' title='bbox 802 4550 917 4589; x_wconf 88' lang='lat' dir='ltr'>non</span> <span class='ocrx_word' id='word_1_625' title='bbox 959 4534 1347 4589; x_wconf 88' lang='lat' dir='ltr'>contrarium.</span> <span class='ocrx_word' id='word_1_626' title='bbox 1378 4532 1494 4588; x_wconf 91' lang='lat' dir='ltr'>Sed</span> <span class='ocrx_word' id='word_1_627' title='bbox 1532 4532 1653 4605; x_wconf 89' lang='lat' dir='ltr'>ipse</span> <span class='ocrx_word' id='word_1_628' title='bbox 1683 4531 1929 4604; x_wconf 87' lang='lat' dir='ltr'>quidem</span> <span class='ocrx_word' id='word_1_629' title='bbox 1967 4533 2153 4588; x_wconf 90' lang='lat' dir='ltr'>Deum</span> <span class='ocrx_word' id='word_1_630' title='bbox 2192 4548 2296 4589; x_wconf 84' lang='lat' dir='ltr'>na-</span> 
     </span>
    </p>
   </div>
   <div class='ocr_carea' id='block_1_90' title="bbox 634 4620 2292 4689">
    <p class='ocr_par' dir='ltr' id='par_1_90' title="bbox 634 4620 2292 4689">
     <span class='ocr_line' id='line_1_90' title="bbox 634 4620 2292 4689; baseline 0 -12"><span class='ocrx_word' id='word_1_631' title='bbox 634 4629 765 4678; x_wconf 86' lang='lat' dir='ltr'>tura</span> <span class='ocrx_word' id='word_1_632' title='bbox 816 4626 1041 4677; x_wconf 83' lang='lat' dir='ltr'>Patrem</span> <span class='ocrx_word' id='word_1_633' title='bbox 1102 4640 1274 4678; x_wconf 87' lang='lat' dir='ltr'>suum</span> <span class='ocrx_word' id='word_1_634' title='bbox 1338 4622 1610 4689; x_wconf 81' lang='lat' dir='ltr'>vocavit;</span> <span class='ocrx_word' id='word_1_635' title='bbox 1673 4620 1861 4677; x_wconf 77' lang='lat' dir='ltr'>Judaei</span> <span class='ocrx_word' id='word_1_636' title='bbox 1919 4626 2121 4677; x_wconf 88' lang='lat' dir='ltr'>autem</span> <span class='ocrx_word' id='word_1_637' title='bbox 2154 4621 2292 4679; x_wconf 85' lang='lat' dir='ltr'>ado-</span> 
     </span>
    </p>
   </div>
   <div class='ocr_carea' id='block_1_91' title="bbox 635 4711 2296 4782">
    <p class='ocr_par' dir='ltr' id='par_1_91' title="bbox 635 4711 2296 4782">
     <span class='ocr_line' id='line_1_91' title="bbox 635 4711 2296 4782; baseline 0 -17"><span class='ocrx_word' id='word_1_638' title='bbox 635 4711 833 4781; x_wconf 88' lang='lat' dir='ltr'>ptione</span> <span class='ocrx_word' id='word_1_639' title='bbox 868 4712 1094 4766; x_wconf 88' lang='lat' dir='ltr'>Patrem</span> <span class='ocrx_word' id='word_1_640' title='bbox 1113 4712 1310 4782; x_wconf 89' lang='lat' dir='ltr'>ipsum</span> <span class='ocrx_word' id='word_1_641' title='bbox 1336 4712 1679 4766; x_wconf 86' lang='lat' dir='ltr'>nominasse</span> <span class='ocrx_word' id='word_1_642' title='bbox 1712 4714 1990 4781; x_wconf 88' lang='lat' dir='ltr'>putantes</span> <span class='ocrx_word' id='word_1_643' title='bbox 2016 4726 2136 4767; x_wconf 89' lang='lat' dir='ltr'>non</span> <span class='ocrx_word' id='word_1_644' title='bbox 2157 4714 2296 4765; x_wconf 89' lang='lat' dir='ltr'>sunt</span> 
     </span>
    </p>
   </div>
   <div class='ocr_carea' id='block_1_92' title="bbox 636 4798 2293 4872">
    <p class='ocr_par' dir='ltr' id='par_1_92' title="bbox 636 4798 2293 4872">
     <span class='ocr_line' id='line_1_92' title="bbox 636 4798 2293 4872; baseline 0.001 -18"><span class='ocrx_word' id='word_1_645' title='bbox 636 4798 751 4855; x_wconf 84' lang='lat' dir='ltr'>hoc</span> <span class='ocrx_word' id='word_1_646' title='bbox 790 4800 973 4859; x_wconf 90' lang='lat' dir='ltr'>verbo</span> <span class='ocrx_word' id='word_1_647' title='bbox 1007 4800 1242 4857; x_wconf 85' lang='lat' dir='ltr'>turbati.</span> <span class='ocrx_word' id='word_1_648' title='bbox 1278 4800 1391 4857; x_wconf 87' lang='lat' dir='ltr'>Sed</span> <span class='ocrx_word' id='word_1_649' title='bbox 1418 4799 1718 4872; x_wconf 88' lang='lat' dir='ltr'>nequehis</span> <span class='ocrx_word' id='word_1_650' title='bbox 1740 4799 1872 4855; x_wconf 63' lang='lat' dir='ltr'>duce</span> <span class='ocrx_word' id='word_1_651' title='bbox 1893 4799 2293 4872; x_wconf 80' lang='lat' dir='ltr'>fecitexaspe-</span> 
     </span>
    </p>
   </div>
   <div class='ocr_carea' id='block_1_93' title="bbox 712 4977 1287 5041">
    <p class='ocr_par' dir='ltr' id='par_1_93' title="bbox 712 4977 1287 5041">
     <span class='ocr_line' id='line_1_93' title="bbox 712 4977 1287 5041; baseline -0.002 -9"><span class='ocrx_word' id='word_1_652' title='bbox 712 4980 758 5013; x_wconf 77' lang='grc'><strong>³⁸</strong></span> <span class='ocrx_word' id='word_1_653' title='bbox 784 4977 1145 5041; x_wconf 76' lang='lat' dir='ltr'>Matth.xxtv,</span> <span class='ocrx_word' id='word_1_654' title='bbox 1184 4983 1287 5031; x_wconf 76' lang='lat'>12..</span> 
     </span>
    </p>
   </div>
   <div class='ocr_carea' id='block_1_94' title="bbox 2478 4428 3901 4518">
    <p class='ocr_par' dir='ltr' id='par_1_94' title="bbox 2478 4428 3901 4518">
     <span class='ocr_line' id='line_1_94' title="bbox 2478 4428 3901 4518; baseline -0.003 -21"><span class='ocrx_word' id='word_1_655' title='bbox 2478 4443 2553 4497; x_wconf 79' lang='grc' dir='ltr'>Ού</span> <span class='ocrx_word' id='word_1_656' title='bbox 2584 4447 2737 4517; x_wconf 86' lang='grc' dir='ltr'>μόνον</span> <span class='ocrx_word' id='word_1_657' title='bbox 2791 4442 2874 4518; x_wconf 68' lang='grc' dir='ltr'>ἀφ’</span> <span class='ocrx_word' id='word_1_658' title='bbox 2907 4444 2975 4497; x_wconf 83' lang='grc' dir='ltr'>ὧν</span> <span class='ocrx_word' id='word_1_659' title='bbox 3028 4444 3262 4518; x_wconf 76' lang='grc' dir='ltr'>ἔπραξεν,</span> <span class='ocrx_word' id='word_1_660' title='bbox 3328 4444 3462 4498; x_wconf 74' lang='grc' dir='ltr'>ἀλλὰ</span> <span class='ocrx_word' id='word_1_661' title='bbox 3502 4449 3587 4498; x_wconf 76' lang='grc' dir='ltr'>καὶ</span> <span class='ocrx_word' id='word_1_662' title='bbox 3632 4440 3706 4512; x_wconf 63' lang='grc' dir='ltr'>ἀφ’</span> <span class='ocrx_word' id='word_1_663' title='bbox 3745 4428 3901 4493; x_wconf 67' lang='grc' dir='ltr'>ὧνεῖτίν</span> 
     </span>
    </p>
   </div>
   <div class='ocr_carea' id='block_1_95' title="bbox 2406 4526 3895 4595">
    <p class='ocr_par' dir='ltr' id='par_1_95' title="bbox 2406 4526 3895 4595">
     <span class='ocr_line' id='line_1_95' title="bbox 2406 4526 3895 4595; baseline -0.015 -9"><span class='ocrx_word' id='word_1_664' title='bbox 2406 4530 2671 4586; x_wconf 80' lang='grc' dir='ltr'>δείκνυσιν</span> <span class='ocrx_word' id='word_1_665' title='bbox 2722 4536 2804 4586; x_wconf 84' lang='grc' dir='ltr'>ὅτι</span> <span class='ocrx_word' id='word_1_666' title='bbox 2855 4532 2948 4585; x_wconf 78' lang='grc' dir='ltr'>ούκ</span> <span class='ocrx_word' id='word_1_667' title='bbox 3005 4536 3148 4587; x_wconf 80' lang='grc' dir='ltr'>ἔστιν</span> <span class='ocrx_word' id='word_1_668' title='bbox 3206 4532 3463 4595; x_wconf 80' lang='grc' dir='ltr'>ἀντίθεος,</span> <span class='ocrx_word' id='word_1_669' title='bbox 3524 4530 3645 4586; x_wconf 69' lang='grc' dir='ltr'>Ἀλλ’</span> <span class='ocrx_word' id='word_1_670' title='bbox 3700 4526 3813 4581; x_wconf 56' lang='grc' dir='ltr'>αὐτὸς</span> <span class='ocrx_word' id='word_1_671' title='bbox 3842 4536 3895 4587; x_wconf 57' lang='lat' dir='ltr'>an</span> 
     </span>
    </p>
   </div>
   <div class='ocr_carea' id='block_1_96' title="bbox 2406 4611 3895 4697">
    <p class='ocr_par' dir='ltr' id='par_1_96' title="bbox 2406 4611 3895 4697">
     <span class='ocr_line' id='line_1_96' title="bbox 2406 4611 3895 4697; baseline -0.006 -22"><span class='ocrx_word' id='word_1_672' title='bbox 2406 4626 2557 4695; x_wconf 75' lang='grc' dir='ltr'>φύσει</span> <span class='ocrx_word' id='word_1_673' title='bbox 2585 4627 2792 4697; x_wconf 87' lang='grc' dir='ltr'>Πατέρα</span> <span class='ocrx_word' id='word_1_674' title='bbox 2836 4627 2922 4675; x_wconf 87' lang='grc' dir='ltr'>τὸν</span> <span class='ocrx_word' id='word_1_675' title='bbox 2963 4627 3090 4677; x_wconf 82' lang='grc' dir='ltr'>Θεὸν</span> <span class='ocrx_word' id='word_1_676' title='bbox 3119 4623 3359 4676; x_wconf 68' lang='grc' dir='ltr'>ἐκάλεσεν</span> <span class='ocrx_word' id='word_1_677' title='bbox 3386 4643 3398 4656; x_wconf 90' lang='grc'><strong>·</strong></span> <span class='ocrx_word' id='word_1_678' title='bbox 3427 4626 3478 4676; x_wconf 74' lang='grc' dir='ltr'>οἱ</span> <span class='ocrx_word' id='word_1_679' title='bbox 3515 4620 3571 4676; x_wconf 66' lang='grc' dir='ltr'>δι</span> <span class='ocrx_word' id='word_1_680' title='bbox 3622 4614 3827 4674; x_wconf 69' lang='grc' dir='ltr'>Ἰουδαῖοι.</span> <span class='ocrx_word' id='word_1_681' title='bbox 3854 4611 3895 4657; x_wconf 57' lang='grc' dir='ltr'>ξεί</span> 
     </span>
    </p>
   </div>
   <div class='ocr_carea' id='block_1_97' title="bbox 2408 4702 3896 4787">
    <p class='ocr_par' dir='ltr' id='par_1_97' title="bbox 2408 4708 3896 4787">
     <span class='ocr_line' id='line_1_97' title="bbox 2408 4708 3896 4787; baseline 0.001 -22"><span class='ocrx_word' id='word_1_682' title='bbox 2408 4732 2487 4766; x_wconf 90' lang='grc' dir='ltr'>σει</span> <span class='ocrx_word' id='word_1_683' title='bbox 2536 4718 2741 4787; x_wconf 85' lang='grc' dir='ltr'>Πατέρα</span> <span class='ocrx_word' id='word_1_684' title='bbox 2781 4721 2961 4765; x_wconf 63' lang='grc' dir='ltr'>τοῦτον</span> <span class='ocrx_word' id='word_1_685' title='bbox 3011 4712 3269 4785; x_wconf 70' lang='grc' dir='ltr'>ὀνομάσαι</span> <span class='ocrx_word' id='word_1_686' title='bbox 3338 4714 3609 4777; x_wconf 76' lang='grc' dir='ltr'>οἰηθέντες,</span> <span class='ocrx_word' id='word_1_687' title='bbox 3660 4708 3734 4759; x_wconf 71' lang='grc' dir='ltr'>οὐκ</span> <span class='ocrx_word' id='word_1_688' title='bbox 3776 4716 3896 4787; x_wconf 47' lang='grc' dir='ltr'>ιτιθῗ</span> 
     </span>
    </p>
   </div>
   <div class='ocr_carea' id='block_1_98' title="bbox 2403 4784 3898 4878">
    <p class='ocr_par' dir='ltr' id='par_1_98' title="bbox 2403 4790 3898 4878">
     <span class='ocr_line' id='line_1_98' title="bbox 2403 4790 3898 4878; baseline -0.001 -26"><span class='ocrx_word' id='word_1_689' title='bbox 2403 4802 2618 4871; x_wconf 83' lang='grc' dir='ltr'>χθησαν</span> <span class='ocrx_word' id='word_1_690' title='bbox 2660 4804 2747 4853; x_wconf 81' lang='grc' dir='ltr'>ἐπὶ</span> <span class='ocrx_word' id='word_1_691' title='bbox 2803 4811 2874 4873; x_wconf 84' lang='grc' dir='ltr'>τῷ</span> <span class='ocrx_word' id='word_1_692' title='bbox 2934 4807 3151 4877; x_wconf 77' lang='grc' dir='ltr'>τοιούτῳ</span> <span class='ocrx_word' id='word_1_693' title='bbox 3207 4804 3439 4878; x_wconf 73' lang='grc' dir='ltr'>ῥήματι,</span> <span class='ocrx_word' id='word_1_694' title='bbox 3502 4801 3599 4855; x_wconf 70' lang='grc' dir='ltr'>ἀλλ’</span> <span class='ocrx_word' id='word_1_695' title='bbox 3636 4793 3725 4851; x_wconf 69' lang='grc' dir='ltr'>οὐδ’</span> <span class='ocrx_word' id='word_1_696' title='bbox 3764 4790 3815 4863; x_wconf 63' lang='grc' dir='ltr'>ἐφ’</span> <span class='ocrx_word' id='word_1_697' title='bbox 3852 4804 3898 4840; x_wconf 64' lang='grc' dir='ltr'>ἐἰ</span> 
     </span>
    </p>
   </div>
   <div class='ocr_carea' id='block_1_99' title="bbox 1863 5100 2782 5171">
    <p class='ocr_par' dir='ltr' id='par_1_99' title="bbox 1863 5100 2782 5171">
     <span class='ocr_line' id='line_1_99' title="bbox 1863 5100 2782 5171; baseline 0.005 -5"><span class='ocrx_word' id='word_1_698' title='bbox 1863 5100 2079 5167; x_wconf 64' lang='lat' dir='ltr'>Varias</span> <span class='ocrx_word' id='word_1_699' title='bbox 2120 5100 2447 5168; x_wconf 80' lang='lat' dir='ltr'>lectiones</span> <span class='ocrx_word' id='word_1_700' title='bbox 2480 5111 2543 5167; x_wconf 86' lang='lat' dir='ltr'>et</span> <span class='ocrx_word' id='word_1_701' title='bbox 2578 5113 2782 5171; x_wconf 64' lang='lat' dir='ltr'>notae.</span> 
     </span>
    </p>
   </div>
   <div class='ocr_carea' id='block_1_100' title="bbox 708 5297 1710 5371">
    <p class='ocr_par' dir='ltr' id='par_1_100' title="bbox 708 5297 1710 5371">
     <span class='ocr_line' id='line_1_100' title="bbox 708 5297 1710 5371; baseline -0.002 -18"><span class='ocrx_word' id='word_1_702' title='bbox 708 5300 820 5371; x_wconf 80' lang='lat'>(97)</span> <span class='ocrx_word' id='word_1_703' title='bbox 859 5299 935 5351; x_wconf 74' lang='grc' dir='ltr'>Τά</span> <span class='ocrx_word' id='word_1_704' title='bbox 965 5297 1309 5371; x_wconf 69' lang='grc' dir='ltr'>παραπλήσια</span> <span class='ocrx_word' id='word_1_705' title='bbox 1335 5299 1404 5364; x_wconf 86' lang='grc' dir='ltr'>Α,</span> <span class='ocrx_word' id='word_1_706' title='bbox 1448 5303 1509 5354; x_wconf 82' lang='lat' dir='ltr'>ut</span> <span class='ocrx_word' id='word_1_707' title='bbox 1548 5297 1710 5355; x_wconf 83' lang='lat' dir='ltr'>alibi.</span> 
     </span>
    </p>
   </div>
   <div class='ocr_carea' id='block_1_101' title="bbox 709 5370 1265 5444">
    <p class='ocr_par' dir='ltr' id='par_1_101' title="bbox 709 5370 1265 5444">
     <span class='ocr_line' id='line_1_101' title="bbox 709 5370 1265 5444; baseline 0.002 -20"><span class='ocrx_word' id='word_1_708' title='bbox 709 5370 821 5444; x_wconf 79' lang='lat'>(98)</span> <span class='ocrx_word' id='word_1_709' title='bbox 858 5370 1167 5443; x_wconf 71' lang='grc' dir='ltr'>Φραγγελιον</span> <span class='ocrx_word' id='word_1_710' title='bbox 1199 5371 1265 5425; x_wconf 85' lang='grc' dir='ltr'><strong>Α.</strong></span> 
     </span>
    </p>
   </div>
   <div class='ocr_carea' id='block_1_102' title="bbox 630 5444 1126 5511">
    <p class='ocr_par' dir='ltr' id='par_1_102' title="bbox 630 5444 1126 5511">
     <span class='ocr_line' id='line_1_102' title="bbox 630 5444 1126 5511; baseline 0.004 -15"><span class='ocrx_word' id='word_1_711' title='bbox 630 5474 635 5481; x_wconf 87' lang='lat'><strong><em>-</em></strong></span> <span class='ocrx_word' id='word_1_712' title='bbox 711 5444 825 5511; x_wconf 81' lang='lat'>(99)</span> <span class='ocrx_word' id='word_1_713' title='bbox 866 5450 1029 5496; x_wconf 78' lang='grc' dir='ltr'>Τουτο</span> <span class='ocrx_word' id='word_1_714' title='bbox 1060 5444 1126 5498; x_wconf 82' lang='grc' dir='ltr'><strong>Α.</strong></span> 
     </span>
    </p>
   </div>
   <div class='ocr_carea' id='block_1_103' title="bbox 711 5511 2293 5596">
    <p class='ocr_par' dir='ltr' id='par_1_103' title="bbox 711 5511 2293 5596">
     <span class='ocr_line' id='line_1_103' title="bbox 711 5511 2293 5596; baseline -0.002 -26"><span class='ocrx_word' id='word_1_715' title='bbox 711 5511 1090 5596; x_wconf 49' lang='grc' dir='ltr'>(ιλςιηιριιιςὶι</span> <span class='ocrx_word' id='word_1_716' title='bbox 1125 5512 1417 5596; x_wconf 81' lang='lat' dir='ltr'>principes</span> <span class='ocrx_word' id='word_1_717' title='bbox 1450 5511 1811 5576; x_wconf 69' lang='lat' dir='ltr'>Judaeornm,</span> <span class='ocrx_word' id='word_1_718' title='bbox 1836 5511 1932 5583; x_wconf 88' lang='lat' dir='ltr'>qui</span> <span class='ocrx_word' id='word_1_719' title='bbox 1955 5511 2013 5565; x_wconf 89' lang='lat' dir='ltr'>id</span> <span class='ocrx_word' id='word_1_720' title='bbox 2056 5511 2115 5566; x_wconf 90' lang='lat' dir='ltr'>in</span> <span class='ocrx_word' id='word_1_721' title='bbox 2144 5516 2293 5567; x_wconf 87' lang='lat' dir='ltr'>tem-</span> 
     </span>
    </p>
   </div>
   <div class='ocr_carea' id='block_1_104' title="bbox 644 5589 1546 5662">
    <p class='ocr_par' dir='ltr' id='par_1_104' title="bbox 644 5589 1546 5662">
     <span class='ocr_line' id='line_1_104' title="bbox 644 5589 1546 5662; baseline -0.006 -19"><span class='ocrx_word' id='word_1_722' title='bbox 644 5589 742 5662; x_wconf 88' lang='lat' dir='ltr'>plo</span> <span class='ocrx_word' id='word_1_723' title='bbox 784 5589 853 5662; x_wconf 66' lang='lat' dir='ltr'>tie</span> <span class='ocrx_word' id='word_1_724' title='bbox 859 5589 907 5662; x_wconf 84' lang='lat' dir='ltr'>ri</span> <span class='ocrx_word' id='word_1_725' title='bbox 948 5589 1362 5662; x_wconf 85' lang='lat' dir='ltr'>permiserant.</span> <span class='ocrx_word' id='word_1_726' title='bbox 1538 5654 1546 5662; x_wconf 89' lang='lat'>_</span> 
     </span>
    </p>
   </div>
   <div class='ocr_carea' id='block_1_105' title="bbox 719 5654 2294 5731">
    <p class='ocr_par' dir='ltr' id='par_1_105' title="bbox 719 5654 2294 5731">
     <span class='ocr_line' id='line_1_105' title="bbox 719 5654 2294 5731; baseline -0.001 -19"><span class='ocrx_word' id='word_1_727' title='bbox 719 5659 796 5728; x_wconf 79' lang='lat'>(2)</span> <span class='ocrx_word' id='word_1_728' title='bbox 828 5654 966 5715; x_wconf 64' lang='lat' dir='ltr'>Ilaec</span> <span class='ocrx_word' id='word_1_729' title='bbox 996 5665 1240 5731; x_wconf 86' lang='lat' dir='ltr'>uterque</span> <span class='ocrx_word' id='word_1_730' title='bbox 1267 5658 1325 5712; x_wconf 90' lang='lat' dir='ltr'>in</span> <span class='ocrx_word' id='word_1_731' title='bbox 1360 5654 1627 5726; x_wconf 83' lang='lat' dir='ltr'>margine</span> <span class='ocrx_word' id='word_1_732' title='bbox 1660 5654 1854 5712; x_wconf 86' lang='lat' dir='ltr'>habet.</span> <span class='ocrx_word' id='word_1_733' title='bbox 1883 5655 2053 5727; x_wconf 77' lang='lat' dir='ltr'>Apud</span> <span class='ocrx_word' id='word_1_734' title='bbox 2088 5656 2294 5711; x_wconf 80' lang='lat' dir='ltr'>Hente-</span> 
     </span>
    </p>
   </div>
   <div class='ocr_carea' id='block_1_106' title="bbox 644 5729 1392 5801">
    <p class='ocr_par' dir='ltr' id='par_1_106' title="bbox 644 5729 1392 5801">
     <span class='ocr_line' id='line_1_106' title="bbox 644 5729 1392 5801; baseline -0.004 -15"><span class='ocrx_word' id='word_1_735' title='bbox 644 5730 814 5787; x_wconf 87' lang='lat' dir='ltr'>nium</span> <span class='ocrx_word' id='word_1_736' title='bbox 843 5745 964 5786; x_wconf 89' lang='lat' dir='ltr'>non</span> <span class='ocrx_word' id='word_1_737' title='bbox 1002 5729 1392 5801; x_wconf 86' lang='lat' dir='ltr'>reperiuntur.</span> 
     </span>
    </p>
   </div>
   <div class='ocr_carea' id='block_1_107' title="bbox 2479 5286 3879 5374">
    <p class='ocr_par' dir='ltr' id='par_1_107' title="bbox 2479 5286 3879 5374">
     <span class='ocr_line' id='line_1_107' title="bbox 2479 5286 3879 5374; baseline -0.001 -21"><span class='ocrx_word' id='word_1_738' title='bbox 2479 5298 3176 5374; x_wconf 79' lang='lat' dir='ltr'>(3)__Pui_1git_episcopos,</span> <span class='ocrx_word' id='word_1_739' title='bbox 3204 5303 3308 5374; x_wconf 88' lang='lat' dir='ltr'>qui</span> <span class='ocrx_word' id='word_1_740' title='bbox 3346 5302 3663 5359; x_wconf 83' lang='lat' dir='ltr'>sacerdotia</span> <span class='ocrx_word' id='word_1_741' title='bbox 3682 5286 3879 5374; x_wconf 37' lang='lat' dir='ltr'>habet}???</span> 
     </span>
    </p>
   </div>
   <div class='ocr_carea' id='block_1_108' title="bbox 2407 5354 3939 5451">
    <p class='ocr_par' dir='ltr' id='par_1_108' title="bbox 2407 5354 3939 5451">
     <span class='ocr_line' id='line_1_108' title="bbox 2407 5354 3939 5451; baseline 0.001 -29"><span class='ocrx_word' id='word_1_742' title='bbox 2407 5354 2661 5451; x_wconf 59' lang='lat' dir='ltr'>venalia.</span> <span class='ocrx_word' id='word_1_743' title='bbox 2686 5354 3113 5443; x_wconf 48' lang='lat' dir='ltr'>parentage</span> <span class='ocrx_word' id='word_1_744' title='bbox 3130 5354 3370 5433; x_wconf 56' lang='lat' dir='ltr'>sane</span> <span class='ocrx_word' id='word_1_745' title='bbox 3384 5354 3737 5448; x_wconf 35' lang='lat' dir='ltr'>“antiquitates</span> <span class='ocrx_word' id='word_1_746' title='bbox 3767 5354 3879 5416; x_wconf 63' lang='lat' dir='ltr'>eccle-</span> <span class='ocrx_word' id='word_1_747' title='bbox 3938 5370 3939 5381; x_wconf 80' lang='lat'>‘</span> 
     </span>
    </p>
   </div>
   <div class='ocr_carea' id='block_1_109' title="bbox 2408 5446 3002 5650">
    <p class='ocr_par' dir='ltr' id='par_1_109' title="bbox 2408 5446 3002 5650">
     <span class='ocr_line' id='line_1_109' title="bbox 2408 5446 2696 5499; baseline 0.014 -4"><span class='ocrx_word' id='word_1_748' title='bbox 2408 5446 2696 5499; x_wconf 88' lang='lat' dir='ltr'>siasticas.</span> 
     </span>
     <span class='ocr_line' id='line_1_110' title="bbox 2477 5513 3002 5650; baseline 0.004 -84"><span class='ocrx_word' id='word_1_749' title='bbox 2477 5513 2555 5650; x_wconf 41' lang='lat' dir='ltr'>ﬁ)</span> <span class='ocrx_word' id='word_1_750' title='bbox 2591 5514 2908 5586; x_wconf 78' lang='grc' dir='ltr'>Πεμφθέντος</span> <span class='ocrx_word' id='word_1_751' title='bbox 2936 5519 3002 5573; x_wconf 83' lang='grc' dir='ltr'><strong>Δ.</strong></span> 
     </span>
     <span class='ocr_line' id='line_1_111' title="bbox 2504 5582 3002 5650; baseline 0.012 -12"><span class='ocrx_word' id='word_1_752' title='bbox 2504 5582 2554 5650; x_wconf 82' lang='grc' dir='ltr'>ο)</span> <span class='ocrx_word' id='word_1_753' title='bbox 2591 5585 2775 5642; x_wconf 88' lang='lat' dir='ltr'>Habet</span> <span class='ocrx_word' id='word_1_754' title='bbox 2819 5586 2934 5643; x_wconf 90' lang='lat' dir='ltr'>hoc</span> <span class='ocrx_word' id='word_1_755' title='bbox 2965 5589 3002 5644; x_wconf 88' lang='lat' dir='ltr'><strong>G</strong></span> 
     </span>
    </p>
   </div>
   <div class='ocr_carea' id='block_1_110' title="bbox 2406 5580 3883 5712">
    <p class='ocr_par' dir='ltr' id='par_1_110' title="bbox 2406 5580 3883 5712">
     <span class='ocr_line' id='line_1_112' title="bbox 2406 5580 3883 5712; baseline -0.002 -70"><span class='ocrx_word' id='word_1_756' title='bbox 2406 5580 2554 5712; x_wconf 51' lang='lat' dir='ltr'>23g)</span> <span class='ocrx_word' id='word_1_757' title='bbox 2591 5580 2775 5642; x_wconf 75' lang='lat' dir='ltr'>Habet</span> <span class='ocrx_word' id='word_1_758' title='bbox 2819 5586 2934 5643; x_wconf 90' lang='lat' dir='ltr'>hoc</span> <span class='ocrx_word' id='word_1_759' title='bbox 2965 5589 3278 5659; x_wconf 82' lang='lat' dir='ltr'>Gregorius</span> <span class='ocrx_word' id='word_1_760' title='bbox 3309 5592 3582 5660; x_wconf 73' lang='lat' dir='ltr'>Nazianz,</span> <span class='ocrx_word' id='word_1_761' title='bbox 3612 5606 3658 5661; x_wconf 86' lang='lat' dir='ltr'>p.</span> <span class='ocrx_word' id='word_1_762' title='bbox 3687 5585 3752 5638; x_wconf 75' lang='grc'>106</span> <span class='ocrx_word' id='word_1_763' title='bbox 3770 5580 3806 5629; x_wconf 71' lang='grc' dir='ltr'>εί</span> <span class='ocrx_word' id='word_1_764' title='bbox 3838 5583 3883 5637; x_wconf 82' lang='lat' dir='ltr'>P-</span> 
     </span>
    </p>
   </div>
  </div>
