  <div class='ocr_page' id='page_1' title='image "/cluster/home/n/w/nwhite01/storage/ocr_20150623/129/hvd.32044073502395/602.png"; bbox 0 0 4038 6226; ppageno 0'>
   <div class='ocr_carea' id='block_1_1' title="bbox 181 315 296 374">
    <p class='ocr_par' dir='ltr' id='par_1_1' title="bbox 181 315 296 374">
     <span class='ocr_line' id='line_1_1' title="bbox 181 315 296 374; baseline -0.035 0"><span class='ocrx_word' id='word_1_1' title='bbox 181 315 296 374; x_wconf 69' lang='lat' dir='ltr'><strong>HM</strong></span> 
     </span>
    </p>
   </div>
   <div class='ocr_carea' id='block_1_2' title="bbox 1163 301 2459 366">
    <p class='ocr_par' dir='ltr' id='par_1_2' title="bbox 1163 301 2459 366">
     <span class='ocr_line' id='line_1_2' title="bbox 1163 301 2459 366; baseline 0.002 -2"><span class='ocrx_word' id='word_1_2' title='bbox 1163 305 1533 364; x_wconf 85' lang='lat' dir='ltr'><strong>COMMENT.</strong></span> <span class='ocrx_word' id='word_1_3' title='bbox 1576 305 1644 362; x_wconf 85' lang='lat' dir='ltr'><strong>IN</strong></span> <span class='ocrx_word' id='word_1_4' title='bbox 1687 301 2034 362; x_wconf 84' lang='lat' dir='ltr'><strong>JUANNEM.</strong></span> <span class='ocrx_word' id='word_1_5' title='bbox 2079 336 2142 346; x_wconf 93' lang='lat'><em>--</em></span> <span class='ocrx_word' id='word_1_6' title='bbox 2184 307 2344 364; x_wconf 88' lang='lat' dir='ltr'><strong>CAP.</strong></span> <span class='ocrx_word' id='word_1_7' title='bbox 2387 308 2459 366; x_wconf 92' lang='lat' dir='ltr'><strong>II.</strong></span> 
     </span>
    </p>
   </div>
   <div class='ocr_carea' id='block_1_3' title="bbox 3365 317 3505 374">
    <p class='ocr_par' dir='ltr' id='par_1_3' title="bbox 3365 317 3505 374">
     <span class='ocr_line' id='line_1_3' title="bbox 3365 317 3505 374; baseline 0.014 -2"><span class='ocrx_word' id='word_1_8' title='bbox 3365 317 3505 374; x_wconf 76' lang='lat' dir='ltr'><strong>H58</strong></span> 
     </span>
    </p>
   </div>
   <div class='ocr_carea' id='block_1_4' title="bbox 176 432 1737 508">
    <p class='ocr_par' dir='ltr' id='par_1_4' title="bbox 176 433 1731 508">
     <span class='ocr_line' id='line_1_4' title="bbox 176 433 1731 508; baseline -0.006 -14"><span class='ocrx_word' id='word_1_9' title='bbox 176 441 382 498; x_wconf 69' lang='grc' dir='ltr'>ἐποίησιν</span> <span class='ocrx_word' id='word_1_10' title='bbox 427 435 775 506; x_wconf 75' lang='grc' dir='ltr'><strong>ἠγριώθησαν.</strong></span> <span class='ocrx_word' id='word_1_11' title='bbox 833 433 1061 506; x_wconf 80' lang='grc' dir='ltr'>Ἠλεγχε</span> <span class='ocrx_word' id='word_1_12' title='bbox 1089 437 1191 508; x_wconf 82' lang='grc' dir='ltr'><strong>γὰρ</strong></span> <span class='ocrx_word' id='word_1_13' title='bbox 1232 435 1422 497; x_wconf 71' lang='grc' dir='ltr'>αὐτοὺς</span> <span class='ocrx_word' id='word_1_14' title='bbox 1452 439 1508 488; x_wconf 83' lang='grc' dir='ltr'>τὸ</span> <span class='ocrx_word' id='word_1_15' title='bbox 1557 452 1731 486; x_wconf 84' lang='grc' dir='ltr'>συνει-</span> 
     </span>
    </p>
   </div>
   <div class='ocr_carea' id='block_1_5' title="bbox 1860 432 3510 508">
    <p class='ocr_par' dir='ltr' id='par_1_5' title="bbox 1860 432 3510 507">
     <span class='ocr_line' id='line_1_5' title="bbox 1860 432 3510 507; baseline 0.011 -22"><span class='ocrx_word' id='word_1_16' title='bbox 1860 432 1955 487; x_wconf 59' lang='lat' dir='ltr'><strong>rati</strong></span> <span class='ocrx_word' id='word_1_17' title='bbox 1997 437 2137 491; x_wconf 89' lang='lat' dir='ltr'><strong>sunt</strong></span> <span class='ocrx_word' id='word_1_18' title='bbox 2168 450 2181 490; x_wconf 89' lang='lat'><strong>:</strong></span> <span class='ocrx_word' id='word_1_19' title='bbox 2217 435 2508 506; x_wconf 85' lang='lat' dir='ltr'><strong>siquidem</strong></span> <span class='ocrx_word' id='word_1_20' title='bbox 2551 438 2844 507; x_wconf 78' lang='lat' dir='ltr'><strong>arguebat</strong></span> <span class='ocrx_word' id='word_1_21' title='bbox 2873 438 3002 496; x_wconf 89' lang='lat' dir='ltr'><strong>illos</strong></span> <span class='ocrx_word' id='word_1_22' title='bbox 3039 442 3402 502; x_wconf 78' lang='lat' dir='ltr'><strong>conscientia</strong></span> <span class='ocrx_word' id='word_1_23' title='bbox 3437 462 3510 503; x_wconf 88' lang='lat' dir='ltr'><strong>ac</strong></span> 
     </span>
    </p>
   </div>
   <div class='ocr_carea' id='block_1_6' title="bbox 177 523 1734 596">
    <p class='ocr_par' dir='ltr' id='par_1_6' title="bbox 177 523 1734 596">
     <span class='ocr_line' id='line_1_6' title="bbox 177 523 1734 596; baseline -0.004 -14"><span class='ocrx_word' id='word_1_24' title='bbox 177 528 250 589; x_wconf 74' lang='grc' dir='ltr'><strong>δὸς</strong></span> <span class='ocrx_word' id='word_1_25' title='bbox 285 531 364 579; x_wconf 81' lang='grc' dir='ltr'>καὶ</span> <span class='ocrx_word' id='word_1_26' title='bbox 399 528 746 596; x_wconf 70' lang='grc' dir='ltr'>κατῄσχυνεν,</span> <span class='ocrx_word' id='word_1_27' title='bbox 775 526 844 584; x_wconf 77' lang='grc' dir='ltr'>ὡς</span> <span class='ocrx_word' id='word_1_28' title='bbox 871 524 1096 595; x_wconf 78' lang='grc' dir='ltr'>εὐλόγως</span> <span class='ocrx_word' id='word_1_29' title='bbox 1125 523 1316 578; x_wconf 80' lang='grc' dir='ltr'>ἐκείνου</span> <span class='ocrx_word' id='word_1_30' title='bbox 1343 530 1432 578; x_wconf 81' lang='grc' dir='ltr'>καὶ</span> <span class='ocrx_word' id='word_1_31' title='bbox 1461 532 1641 577; x_wconf 78' lang='grc' dir='ltr'>ποιουν</span> <span class='ocrx_word' id='word_1_32' title='bbox 1653 544 1734 585; x_wconf 79' lang='grc' dir='ltr'><strong>τος</strong></span> 
     </span>
    </p>
   </div>
   <div class='ocr_carea' id='block_1_7' title="bbox 175 609 1732 688">
    <p class='ocr_par' dir='ltr' id='par_1_7' title="bbox 175 609 1732 688">
     <span class='ocr_line' id='line_1_7' title="bbox 175 609 1732 688; baseline -0.005 -17"><span class='ocrx_word' id='word_1_33' title='bbox 175 625 250 671; x_wconf 82' lang='grc' dir='ltr'>καὶ</span> <span class='ocrx_word' id='word_1_34' title='bbox 288 617 520 687; x_wconf 73' lang='grc' dir='ltr'>λέγοντος.</span> <span class='ocrx_word' id='word_1_35' title='bbox 568 609 726 666; x_wconf 82' lang='grc' dir='ltr'>Οἶκον</span> <span class='ocrx_word' id='word_1_36' title='bbox 776 609 836 666; x_wconf 72' lang='grc' dir='ltr'>δε</span> <span class='ocrx_word' id='word_1_37' title='bbox 893 613 1167 688; x_wconf 73' lang='grc' dir='ltr'><strong>ἐμπορίου,</strong></span> <span class='ocrx_word' id='word_1_38' title='bbox 1234 613 1341 667; x_wconf 72' lang='grc' dir='ltr'>ἀντὶ</span> <span class='ocrx_word' id='word_1_39' title='bbox 1404 623 1516 679; x_wconf 81' lang='grc' dir='ltr'>του,</span> <span class='ocrx_word' id='word_1_40' title='bbox 1578 611 1732 666; x_wconf 83' lang='grc' dir='ltr'>Οἰκον</span> 
     </span>
    </p>
   </div>
   <div class='ocr_carea' id='block_1_8' title="bbox 171 705 440 764">
    <p class='ocr_par' dir='ltr' id='par_1_8' title="bbox 171 705 440 764">
     <span class='ocr_line' id='line_1_8' title="bbox 171 705 440 764; baseline -0.015 -4"><span class='ocrx_word' id='word_1_41' title='bbox 171 705 440 764; x_wconf 77' lang='grc' dir='ltr'><strong>καπηλείου.</strong></span> 
     </span>
    </p>
   </div>
   <div class='ocr_carea' id='block_1_9' title="bbox 231 791 1731 867">
    <p class='ocr_par' dir='ltr' id='par_1_9' title="bbox 231 791 1731 867">
     <span class='ocr_line' id='line_1_9' title="bbox 231 791 1731 867; baseline -0.001 -21"><span class='ocrx_word' id='word_1_42' title='bbox 231 796 301 850; x_wconf 86' lang='grc' dir='ltr'>Ἐν</span> <span class='ocrx_word' id='word_1_43' title='bbox 353 791 408 846; x_wconf 73' lang='grc' dir='ltr'><strong>δὲ</strong></span> <span class='ocrx_word' id='word_1_44' title='bbox 465 801 535 863; x_wconf 80' lang='grc' dir='ltr'>τῷ</span> <span class='ocrx_word' id='word_1_45' title='bbox 590 792 934 867; x_wconf 78' lang='grc' dir='ltr'>προῤῥηθέντι</span> <span class='ocrx_word' id='word_1_46' title='bbox 982 792 1242 864; x_wconf 79' lang='grc' dir='ltr'>κεφαλαίῳ</span> <span class='ocrx_word' id='word_1_47' title='bbox 1299 801 1391 845; x_wconf 80' lang='grc' dir='ltr'><strong>του</strong></span> <span class='ocrx_word' id='word_1_48' title='bbox 1441 795 1731 857; x_wconf 79' lang='grc' dir='ltr'>Ματθαίου,</span> 
     </span>
    </p>
   </div>
   <div class='ocr_carea' id='block_1_10' title="bbox 170 878 1732 956">
    <p class='ocr_par' dir='ltr' id='par_1_10' title="bbox 170 878 1732 956">
     <span class='ocr_line' id='line_1_10' title="bbox 170 878 1732 956; baseline -0.001 -20"><span class='ocrx_word' id='word_1_49' title='bbox 170 885 392 944; x_wconf 82' lang='grc' dir='ltr'>σπήλαιον</span> <span class='ocrx_word' id='word_1_50' title='bbox 462 881 666 954; x_wconf 78' lang='grc' dir='ltr'>λῃστῶν</span> <span class='ocrx_word' id='word_1_51' title='bbox 721 878 876 950; x_wconf 81' lang='grc' dir='ltr'>εἶπεν,</span> <span class='ocrx_word' id='word_1_52' title='bbox 938 881 987 933; x_wconf 70' lang='grc' dir='ltr'>ἐν</span> <span class='ocrx_word' id='word_1_53' title='bbox 1145 887 1233 934; x_wconf 81' lang='grc' dir='ltr'>καὶ</span> <span class='ocrx_word' id='word_1_54' title='bbox 1298 886 1732 956; x_wconf 72' lang='grc' dir='ltr'>παρεσημειωσάο</span> 
     </span>
    </p>
   </div>
   <div class='ocr_carea' id='block_1_11' title="bbox 168 969 1733 1048">
    <p class='ocr_par' dir='ltr' id='par_1_11' title="bbox 168 969 1733 1048">
     <span class='ocr_line' id='line_1_11' title="bbox 168 969 1733 1048; baseline -0.003 -21"><span class='ocrx_word' id='word_1_55' title='bbox 168 977 280 1048; x_wconf 81' lang='grc' dir='ltr'>μεθα</span> <span class='ocrx_word' id='word_1_56' title='bbox 318 975 391 1025; x_wconf 82' lang='grc' dir='ltr'>ὅτι</span> <span class='ocrx_word' id='word_1_57' title='bbox 437 974 521 1022; x_wconf 87' lang='grc' dir='ltr'><strong>τὸν</strong></span> <span class='ocrx_word' id='word_1_58' title='bbox 572 970 724 1034; x_wconf 85' lang='grc' dir='ltr'>ζῆλον</span> <span class='ocrx_word' id='word_1_59' title='bbox 773 979 954 1023; x_wconf 81' lang='grc' dir='ltr'>τοῦτον</span> <span class='ocrx_word' id='word_1_60' title='bbox 1009 977 1098 1024; x_wconf 85' lang='grc' dir='ltr'>καὶ</span> <span class='ocrx_word' id='word_1_61' title='bbox 1145 976 1238 1029; x_wconf 79' lang='grc' dir='ltr'><strong>την</strong></span> <span class='ocrx_word' id='word_1_62' title='bbox 1293 971 1592 1046; x_wconf 76' lang='grc' dir='ltr'>παρρησίαν</span> <span class='ocrx_word' id='word_1_63' title='bbox 1650 969 1733 1033; x_wconf 69' lang='grc' dir='ltr'><strong>δὶς</strong></span> 
     </span>
    </p>
   </div>
   <div class='ocr_carea' id='block_1_12' title="bbox 165 1059 1734 1132">
    <p class='ocr_par' dir='ltr' id='par_1_12' title="bbox 165 1059 1734 1132">
     <span class='ocr_line' id='line_1_12' title="bbox 165 1059 1734 1132; baseline -0.002 -16"><span class='ocrx_word' id='word_1_64' title='bbox 165 1060 429 1124; x_wconf 69' lang='grc' dir='ltr'>ἐπεδείξατο</span> <span class='ocrx_word' id='word_1_65' title='bbox 479 1064 616 1112; x_wconf 84' lang='grc' dir='ltr'><strong>κατά</strong></span> <span class='ocrx_word' id='word_1_66' title='bbox 669 1068 764 1112; x_wconf 81' lang='grc' dir='ltr'>τῶν</span> <span class='ocrx_word' id='word_1_67' title='bbox 829 1059 877 1112; x_wconf 73' lang='grc' dir='ltr'>ἐν</span> <span class='ocrx_word' id='word_1_68' title='bbox 931 1067 1002 1130; x_wconf 82' lang='grc' dir='ltr'>τῷ</span> <span class='ocrx_word' id='word_1_69' title='bbox 1054 1062 1172 1132; x_wconf 81' lang='grc' dir='ltr'>ἱερῷ</span> <span class='ocrx_word' id='word_1_70' title='bbox 1229 1061 1636 1126; x_wconf 76' lang='grc' dir='ltr'>καπηλευόντων,</span> <span class='ocrx_word' id='word_1_71' title='bbox 1686 1061 1734 1113; x_wconf 81' lang='grc' dir='ltr'>ἐν</span> 
     </span>
    </p>
   </div>
   <div class='ocr_carea' id='block_1_13' title="bbox 167 1149 1736 1224">
    <p class='ocr_par' dir='ltr' id='par_1_13' title="bbox 167 1149 1736 1224">
     <span class='ocr_line' id='line_1_13' title="bbox 167 1149 1736 1224; baseline -0.002 -20"><span class='ocrx_word' id='word_1_72' title='bbox 167 1152 288 1224; x_wconf 75' lang='grc' dir='ltr'>ἀρχῇ</span> <span class='ocrx_word' id='word_1_73' title='bbox 331 1169 383 1203; x_wconf 88' lang='grc' dir='ltr'><strong>τε</strong></span> <span class='ocrx_word' id='word_1_74' title='bbox 423 1169 513 1202; x_wconf 88' lang='grc' dir='ltr'><strong>του</strong></span> <span class='ocrx_word' id='word_1_75' title='bbox 560 1149 876 1222; x_wconf 80' lang='grc' dir='ltr'>Εύαγγελιου</span> <span class='ocrx_word' id='word_1_76' title='bbox 915 1154 1003 1201; x_wconf 80' lang='grc' dir='ltr'>καὶ</span> <span class='ocrx_word' id='word_1_77' title='bbox 1038 1153 1168 1224; x_wconf 87' lang='grc' dir='ltr'>πρὸς</span> <span class='ocrx_word' id='word_1_78' title='bbox 1203 1159 1272 1220; x_wconf 79' lang='grc' dir='ltr'>τῷ</span> <span class='ocrx_word' id='word_1_79' title='bbox 1324 1151 1472 1202; x_wconf 76' lang='grc' dir='ltr'>τέλει.</span> <span class='ocrx_word' id='word_1_80' title='bbox 1525 1155 1623 1202; x_wconf 76' lang='grc' dir='ltr'><strong>Καὶ</strong></span> <span class='ocrx_word' id='word_1_81' title='bbox 1672 1152 1736 1202; x_wconf 80' lang='grc' dir='ltr'>τὰ</span> 
     </span>
    </p>
   </div>
   <div class='ocr_carea' id='block_1_14' title="bbox 165 1236 1734 1314">
    <p class='ocr_par' dir='ltr' id='par_1_14' title="bbox 165 1236 1734 1314">
     <span class='ocr_line' id='line_1_14' title="bbox 165 1236 1734 1314; baseline -0.005 -19"><span class='ocrx_word' id='word_1_82' title='bbox 165 1246 242 1314; x_wconf 67' lang='grc' dir='ltr'><strong>μὲν</strong></span> <span class='ocrx_word' id='word_1_83' title='bbox 267 1241 313 1293; x_wconf 83' lang='grc' dir='ltr'><strong>ἐν</strong></span> <span class='ocrx_word' id='word_1_84' title='bbox 341 1239 478 1313; x_wconf 71' lang='grc' dir='ltr'><strong>ἀρχῇ</strong></span> <span class='ocrx_word' id='word_1_85' title='bbox 513 1246 600 1290; x_wconf 80' lang='grc' dir='ltr'>νῦν</span> <span class='ocrx_word' id='word_1_86' title='bbox 641 1240 666 1291; x_wconf 85' lang='grc' dir='ltr'><strong>ὁ</strong></span> <span class='ocrx_word' id='word_1_87' title='bbox 696 1241 939 1300; x_wconf 76' lang='grc' dir='ltr'><strong>Ἰωάννης</strong></span> <span class='ocrx_word' id='word_1_88' title='bbox 981 1238 1258 1313; x_wconf 69' lang='grc' dir='ltr'>ἀνέγραψε,</span> <span class='ocrx_word' id='word_1_89' title='bbox 1288 1240 1352 1291; x_wconf 74' lang='grc' dir='ltr'><strong>τα</strong></span> <span class='ocrx_word' id='word_1_90' title='bbox 1408 1236 1466 1292; x_wconf 70' lang='grc' dir='ltr'><strong>δὲ</strong></span> <span class='ocrx_word' id='word_1_91' title='bbox 1504 1243 1633 1314; x_wconf 78' lang='grc' dir='ltr'>πρὸς</span> <span class='ocrx_word' id='word_1_92' title='bbox 1663 1248 1734 1309; x_wconf 72' lang='grc' dir='ltr'>τῲ</span> 
     </span>
    </p>
   </div>
   <div class='ocr_carea' id='block_1_15' title="bbox 165 1331 570 1389">
    <p class='ocr_par' dir='ltr' id='par_1_15' title="bbox 165 1331 570 1389">
     <span class='ocr_line' id='line_1_15' title="bbox 165 1331 570 1389; baseline 0 -7"><span class='ocrx_word' id='word_1_93' title='bbox 165 1331 274 1382; x_wconf 74' lang='grc' dir='ltr'>τέλει</span> <span class='ocrx_word' id='word_1_94' title='bbox 293 1331 570 1389; x_wconf 82' lang='grc' dir='ltr'>Ματθαίος.</span> 
     </span>
    </p>
   </div>
   <div class='ocr_carea' id='block_1_16' title="bbox 225 1505 1738 1580">
    <p class='ocr_par' dir='ltr' id='par_1_16' title="bbox 225 1505 1738 1580">
     <span class='ocr_line' id='line_1_16' title="bbox 225 1505 1738 1580; baseline -0.001 -21"><span class='ocrx_word' id='word_1_95' title='bbox 225 1508 575 1578; x_wconf 73' lang='grc' dir='ltr'><strong>Ἐμνήσθησαν</strong></span> <span class='ocrx_word' id='word_1_96' title='bbox 630 1536 697 1546; x_wconf 83' lang='lat'><strong>-—-</strong></span> <span class='ocrx_word' id='word_1_97' title='bbox 743 1525 822 1578; x_wconf 77' lang='grc' dir='ltr'><strong>με.</strong></span> <span class='ocrx_word' id='word_1_98' title='bbox 887 1510 1184 1578; x_wconf 75' lang='grc' dir='ltr'><strong>Γέγραπται</strong></span> <span class='ocrx_word' id='word_1_99' title='bbox 1235 1509 1335 1580; x_wconf 74' lang='grc' dir='ltr'><strong>γὰρ</strong></span> <span class='ocrx_word' id='word_1_100' title='bbox 1405 1505 1452 1558; x_wconf 74' lang='grc' dir='ltr'><strong>ἐν</strong></span> <span class='ocrx_word' id='word_1_101' title='bbox 1517 1515 1578 1579; x_wconf 75' lang='grc' dir='ltr'>τῇ</span> <span class='ocrx_word' id='word_1_102' title='bbox 1647 1505 1738 1578; x_wconf 81' lang='grc' dir='ltr'><strong>βί-</strong></span> 
     </span>
    </p>
   </div>
   <div class='ocr_carea' id='block_1_17' title="bbox 162 1592 1734 1668">
    <p class='ocr_par' dir='ltr' id='par_1_17' title="bbox 162 1592 1734 1668">
     <span class='ocr_line' id='line_1_17' title="bbox 162 1592 1734 1668; baseline -0.002 -19"><span class='ocrx_word' id='word_1_103' title='bbox 162 1596 248 1668; x_wconf 79' lang='grc' dir='ltr'>ϐλῳ</span> <span class='ocrx_word' id='word_1_104' title='bbox 288 1605 378 1649; x_wconf 83' lang='grc' dir='ltr'><strong>τῶν</strong></span> <span class='ocrx_word' id='word_1_105' title='bbox 422 1596 668 1668; x_wconf 80' lang='grc' dir='ltr'><strong>Ψαλμῶν.</strong></span> <span class='ocrx_word' id='word_1_106' title='bbox 723 1594 887 1654; x_wconf 80' lang='grc' dir='ltr'><strong>Ζῆλον</strong></span> <span class='ocrx_word' id='word_1_107' title='bbox 937 1592 996 1648; x_wconf 73' lang='grc' dir='ltr'>δε</span> <span class='ocrx_word' id='word_1_108' title='bbox 1041 1594 1174 1668; x_wconf 79' lang='grc' dir='ltr'>λέγει</span> <span class='ocrx_word' id='word_1_109' title='bbox 1229 1605 1316 1648; x_wconf 80' lang='grc' dir='ltr'><strong>νῦν</strong></span> <span class='ocrx_word' id='word_1_110' title='bbox 1373 1600 1462 1653; x_wconf 75' lang='grc' dir='ltr'><strong>τὴν</strong></span> <span class='ocrx_word' id='word_1_111' title='bbox 1523 1593 1734 1648; x_wconf 75' lang='grc' dir='ltr'>δικαίαν</span> 
     </span>
    </p>
   </div>
   <div class='ocr_carea' id='block_1_18' title="bbox 158 1681 1734 1760">
    <p class='ocr_par' dir='ltr' id='par_1_18' title="bbox 158 1681 1734 1760">
     <span class='ocr_line' id='line_1_18' title="bbox 158 1681 1734 1760; baseline 0 -22"><span class='ocrx_word' id='word_1_112' title='bbox 158 1689 507 1757; x_wconf 60' lang='grc' dir='ltr'>ἀγανάκτησιν</span> <span class='ocrx_word' id='word_1_113' title='bbox 569 1687 938 1758; x_wconf 80' lang='grc' dir='ltr'>Καταφάγεται</span> <span class='ocrx_word' id='word_1_114' title='bbox 984 1682 1063 1750; x_wconf 72' lang='grc' dir='ltr'><strong>δὲ,</strong></span> <span class='ocrx_word' id='word_1_115' title='bbox 1098 1683 1210 1738; x_wconf 82' lang='grc' dir='ltr'>ἀντὶ</span> <span class='ocrx_word' id='word_1_116' title='bbox 1251 1694 1364 1756; x_wconf 78' lang='grc' dir='ltr'>τού,</span> <span class='ocrx_word' id='word_1_117' title='bbox 1407 1681 1616 1760; x_wconf 65' lang='grc' dir='ltr'><strong>Σφόδρα</strong></span> 
     </span>
    </p>
   </div>
   <div class='ocr_carea' id='block_1_19' title="bbox 159 1775 761 1850">
    <p class='ocr_par' dir='ltr' id='par_1_19' title="bbox 159 1775 761 1850">
     <span class='ocr_line' id='line_1_19' title="bbox 159 1775 761 1850; baseline 0.002 -23"><span class='ocrx_word' id='word_1_118' title='bbox 159 1775 379 1850; x_wconf 76' lang='grc' dir='ltr'>περιλάϐῇ</span> <span class='ocrx_word' id='word_1_119' title='bbox 389 1819 404 1841; x_wconf 89' lang='grc'><strong>,</strong></span> <span class='ocrx_word' id='word_1_120' title='bbox 430 1775 761 1848; x_wconf 72' lang='grc' dir='ltr'>καταφλέξει.</span> 
     </span>
    </p>
   </div>
   <div class='ocr_carea' id='block_1_20' title="bbox 216 1861 1736 1938">
    <p class='ocr_par' dir='ltr' id='par_1_20' title="bbox 216 1861 1736 1938">
     <span class='ocr_line' id='line_1_20' title="bbox 216 1861 1736 1938; baseline -0.003 -19"><span class='ocrx_word' id='word_1_121' title='bbox 216 1870 316 1938; x_wconf 81' lang='grc' dir='ltr'><strong>Χρή</strong></span> <span class='ocrx_word' id='word_1_122' title='bbox 355 1861 412 1918; x_wconf 72' lang='grc' dir='ltr'><strong>δὲ</strong></span> <span class='ocrx_word' id='word_1_123' title='bbox 457 1871 739 1937; x_wconf 73' lang='grc' dir='ltr'><strong>γινώσκειν</strong></span> <span class='ocrx_word' id='word_1_124' title='bbox 790 1867 870 1918; x_wconf 83' lang='grc' dir='ltr'>ὅτι</span> <span class='ocrx_word' id='word_1_125' title='bbox 924 1870 1150 1924; x_wconf 76' lang='grc' dir='ltr'>ποιήσας</span> <span class='ocrx_word' id='word_1_126' title='bbox 1200 1867 1258 1916; x_wconf 79' lang='grc' dir='ltr'>τὸ</span> <span class='ocrx_word' id='word_1_127' title='bbox 1312 1863 1610 1938; x_wconf 71' lang='grc' dir='ltr'>φραγέλλιον</span> <span class='ocrx_word' id='word_1_128' title='bbox 1659 1864 1736 1934; x_wconf 71' lang='lat' dir='ltr'><strong>t7)</strong></span> 
     </span>
    </p>
   </div>
   <div class='ocr_carea' id='block_1_21' title="bbox 158 1951 1738 2029">
    <p class='ocr_par' dir='ltr' id='par_1_21' title="bbox 158 1951 1738 2029">
     <span class='ocr_line' id='line_1_21' title="bbox 158 1951 1738 2029; baseline -0.001 -24"><span class='ocrx_word' id='word_1_129' title='bbox 158 1954 209 2006; x_wconf 71' lang='grc' dir='ltr'>οὗ</span> <span class='ocrx_word' id='word_1_130' title='bbox 249 1959 359 2016; x_wconf 81' lang='grc' dir='ltr'>τοὺς</span> <span class='ocrx_word' id='word_1_131' title='bbox 412 1953 720 2029; x_wconf 77' lang='grc' dir='ltr'><strong>ἀνθρώπους</strong></span> <span class='ocrx_word' id='word_1_132' title='bbox 764 1953 966 2024; x_wconf 75' lang='grc' dir='ltr'>ἔτυψεν,</span> <span class='ocrx_word' id='word_1_133' title='bbox 999 1952 1126 2006; x_wconf 80' lang='grc' dir='ltr'><strong>ἀλλὰ</strong></span> <span class='ocrx_word' id='word_1_134' title='bbox 1160 1955 1373 2015; x_wconf 77' lang='grc' dir='ltr'>τούτους</span> <span class='ocrx_word' id='word_1_135' title='bbox 1402 1956 1490 2025; x_wconf 65' lang='grc' dir='ltr'><strong>μὲν</strong></span> <span class='ocrx_word' id='word_1_136' title='bbox 1517 1951 1738 2024; x_wconf 76' lang='grc' dir='ltr'>ἐφόϐησε</span> 
     </span>
    </p>
   </div>
   <div class='ocr_carea' id='block_1_22' title="bbox 153 2040 1738 2118">
    <p class='ocr_par' dir='ltr' id='par_1_22' title="bbox 153 2040 1738 2118">
     <span class='ocr_line' id='line_1_22' title="bbox 153 2040 1738 2118; baseline 0 -23"><span class='ocrx_word' id='word_1_137' title='bbox 153 2049 228 2096; x_wconf 73' lang='grc' dir='ltr'><strong>καί</strong></span> <span class='ocrx_word' id='word_1_138' title='bbox 255 2043 504 2110; x_wconf 73' lang='grc' dir='ltr'>ἀπήλασε,</span> <span class='ocrx_word' id='word_1_139' title='bbox 545 2047 614 2096; x_wconf 83' lang='grc' dir='ltr'>τὰ</span> <span class='ocrx_word' id='word_1_140' title='bbox 659 2040 720 2097; x_wconf 69' lang='grc' dir='ltr'>δε</span> <span class='ocrx_word' id='word_1_141' title='bbox 766 2043 1006 2118; x_wconf 83' lang='grc' dir='ltr'>πρόϐατα</span> <span class='ocrx_word' id='word_1_142' title='bbox 1046 2048 1134 2097; x_wconf 82' lang='grc' dir='ltr'>καὶ</span> <span class='ocrx_word' id='word_1_143' title='bbox 1163 2047 1281 2104; x_wconf 77' lang='grc' dir='ltr'>τοὺς</span> <span class='ocrx_word' id='word_1_144' title='bbox 1312 2041 1445 2116; x_wconf 81' lang='grc' dir='ltr'>βόας</span> <span class='ocrx_word' id='word_1_145' title='bbox 1469 2042 1626 2114; x_wconf 72' lang='grc' dir='ltr'>ἔτυψε</span> <span class='ocrx_word' id='word_1_146' title='bbox 1649 2047 1738 2095; x_wconf 81' lang='grc' dir='ltr'>καὶ</span> 
     </span>
    </p>
   </div>
   <div class='ocr_carea' id='block_1_23' title="bbox 155 2133 374 2195">
    <p class='ocr_par' dir='ltr' id='par_1_23' title="bbox 155 2133 374 2195">
     <span class='ocr_line' id='line_1_23' title="bbox 155 2133 374 2195; baseline 0.014 -10"><span class='ocrx_word' id='word_1_147' title='bbox 155 2133 374 2195; x_wconf 75' lang='grc' dir='ltr'>ἰξίϐαλεν.</span> 
     </span>
    </p>
   </div>
   <div class='ocr_carea' id='block_1_24' title="bbox 213 2222 1738 2298">
    <p class='ocr_par' dir='ltr' id='par_1_24' title="bbox 213 2222 1738 2298">
     <span class='ocr_line' id='line_1_24' title="bbox 213 2222 1738 2298; baseline -0.001 -22"><span class='ocrx_word' id='word_1_148' title='bbox 213 2223 591 2298; x_wconf 75' lang='grc' dir='ltr'><strong>Ἀπεκρίθησαν</strong></span> <span class='ocrx_word' id='word_1_149' title='bbox 632 2255 700 2264; x_wconf 91' lang='lat'><strong><em>—</em></strong></span> <span class='ocrx_word' id='word_1_150' title='bbox 744 2230 943 2290; x_wconf 83' lang='grc' dir='ltr'>ποιεῑς;</span> <span class='ocrx_word' id='word_1_151' title='bbox 1005 2227 1470 2296; x_wconf 82' lang='grc' dir='ltr'>Κατεγνωσμένους</span> <span class='ocrx_word' id='word_1_152' title='bbox 1525 2222 1738 2285; x_wconf 82' lang='grc' dir='ltr'>ἑαυτοὺς</span> 
     </span>
    </p>
   </div>
   <div class='ocr_carea' id='block_1_25' title="bbox 151 2307 1734 2386">
    <p class='ocr_par' dir='ltr' id='par_1_25' title="bbox 151 2307 1734 2386">
     <span class='ocr_line' id='line_1_25' title="bbox 151 2307 1734 2386; baseline 0 -22"><span class='ocrx_word' id='word_1_153' title='bbox 151 2307 342 2381; x_wconf 81' lang='grc' dir='ltr'>εἰδότες,</span> <span class='ocrx_word' id='word_1_154' title='bbox 371 2314 696 2386; x_wconf 71' lang='grc' dir='ltr'><strong>ἐπιτιμῆσαι</strong></span> <span class='ocrx_word' id='word_1_155' title='bbox 737 2316 827 2385; x_wconf 74' lang='grc' dir='ltr'>μεν</span> <span class='ocrx_word' id='word_1_156' title='bbox 856 2313 950 2365; x_wconf 69' lang='grc' dir='ltr'>οὐκ</span> <span class='ocrx_word' id='word_1_157' title='bbox 967 2310 1256 2384; x_wconf 71' lang='grc' dir='ltr'>ἕτὸλριησαν</span> <span class='ocrx_word' id='word_1_158' title='bbox 1289 2309 1450 2378; x_wconf 82' lang='grc' dir='ltr'>εἶπον,</span> <span class='ocrx_word' id='word_1_159' title='bbox 1485 2309 1543 2366; x_wconf 76' lang='grc' dir='ltr'>δε</span> <span class='ocrx_word' id='word_1_160' title='bbox 1574 2312 1734 2382; x_wconf 69' lang='grc' dir='ltr'>αὐτῷ’</span> 
     </span>
    </p>
   </div>
   <div class='ocr_carea' id='block_1_26' title="bbox 153 2399 1734 2473">
    <p class='ocr_par' dir='ltr' id='par_1_26' title="bbox 153 2399 1734 2473">
     <span class='ocr_line' id='line_1_26' title="bbox 153 2399 1734 2473; baseline 0.001 -21"><span class='ocrx_word' id='word_1_161' title='bbox 153 2399 340 2461; x_wconf 67' lang='grc' dir='ltr'><strong>Ἐπειδὴ</strong></span> <span class='ocrx_word' id='word_1_162' title='bbox 369 2411 542 2455; x_wconf 71' lang='grc' dir='ltr'>ταῦτα</span> <span class='ocrx_word' id='word_1_163' title='bbox 580 2410 761 2470; x_wconf 80' lang='grc' dir='ltr'>ποιεῖς,</span> <span class='ocrx_word' id='word_1_164' title='bbox 795 2407 956 2473; x_wconf 77' lang='grc' dir='ltr'>ἤγουν</span> <span class='ocrx_word' id='word_1_165' title='bbox 1005 2399 1185 2460; x_wconf 80' lang='grc' dir='ltr'>ἐπειδὴ</span> <span class='ocrx_word' id='word_1_166' title='bbox 1229 2402 1508 2470; x_wconf 76' lang='grc' dir='ltr'>αὐθεντείς,</span> <span class='ocrx_word' id='word_1_167' title='bbox 1551 2408 1599 2455; x_wconf 80' lang='grc' dir='ltr'><strong>τί</strong></span> <span class='ocrx_word' id='word_1_168' title='bbox 1643 2422 1734 2461; x_wconf 82' lang='grc' dir='ltr'>ση-</span> 
     </span>
    </p>
   </div>
   <div class='ocr_carea' id='block_1_27' title="bbox 148 2489 1275 2565">
    <p class='ocr_par' dir='ltr' id='par_1_27' title="bbox 148 2489 1275 2565">
     <span class='ocr_line' id='line_1_27' title="bbox 148 2489 1275 2565; baseline 0.004 -22"><span class='ocrx_word' id='word_1_169' title='bbox 148 2499 270 2561; x_wconf 69' lang='grc' dir='ltr'>μεῖον</span> <span class='ocrx_word' id='word_1_170' title='bbox 295 2489 547 2553; x_wconf 74' lang='grc' dir='ltr'>δεικνύεις</span> <span class='ocrx_word' id='word_1_171' title='bbox 581 2494 705 2565; x_wconf 76' lang='grc' dir='ltr'>ἡμῖν</span> <span class='ocrx_word' id='word_1_172' title='bbox 741 2500 836 2554; x_wconf 83' lang='grc' dir='ltr'>τῆς</span> <span class='ocrx_word' id='word_1_173' title='bbox 867 2492 1131 2552; x_wconf 76' lang='grc' dir='ltr'>αύθεντίας</span> <span class='ocrx_word' id='word_1_174' title='bbox 1157 2492 1234 2564; x_wconf 88' lang='grc'><strong>(8)</strong></span> <span class='ocrx_word' id='word_1_175' title='bbox 1261 2507 1275 2558; x_wconf 92' lang='grc'>;</span> 
     </span>
    </p>
   </div>
   <div class='ocr_carea' id='block_1_28' title="bbox 206 2667 1738 2744">
    <p class='ocr_par' dir='ltr' id='par_1_28' title="bbox 206 2667 1738 2744">
     <span class='ocr_line' id='line_1_28' title="bbox 206 2667 1738 2744; baseline -0.001 -22"><span class='ocrx_word' id='word_1_176' title='bbox 206 2669 270 2722; x_wconf 85' lang='grc' dir='ltr'><em>Ὠ</em></span> <span class='ocrx_word' id='word_1_177' title='bbox 313 2671 508 2734; x_wconf 81' lang='grc' dir='ltr'>πολλῆς</span> <span class='ocrx_word' id='word_1_178' title='bbox 571 2669 790 2733; x_wconf 69' lang='grc' dir='ltr'>ἀνοίαςῑ</span> <span class='ocrx_word' id='word_1_179' title='bbox 846 2667 960 2723; x_wconf 76' lang='grc' dir='ltr'><strong>δέον</strong></span> <span class='ocrx_word' id='word_1_180' title='bbox 1015 2673 1118 2744; x_wconf 81' lang='grc' dir='ltr'>γὰρ</span> <span class='ocrx_word' id='word_1_181' title='bbox 1187 2669 1598 2742; x_wconf 67' lang='grc' dir='ltr'>εὐγνωμονῆσαι,</span> <span class='ocrx_word' id='word_1_182' title='bbox 1650 2675 1738 2722; x_wconf 84' lang='grc' dir='ltr'>καὶ</span> 
     </span>
    </p>
   </div>
   <div class='ocr_carea' id='block_1_29' title="bbox 148 2757 1738 2830">
    <p class='ocr_par' dir='ltr' id='par_1_29' title="bbox 148 2757 1738 2830">
     <span class='ocr_line' id='line_1_29' title="bbox 148 2757 1738 2830; baseline 0.001 -21"><span class='ocrx_word' id='word_1_183' title='bbox 148 2758 395 2813; x_wconf 68' lang='grc' dir='ltr'>ἐπαινέσαι</span> <span class='ocrx_word' id='word_1_184' title='bbox 443 2761 632 2830; x_wconf 72' lang='grc' dir='ltr'>αὐτὸν,</span> <span class='ocrx_word' id='word_1_185' title='bbox 674 2760 744 2822; x_wconf 83' lang='grc' dir='ltr'>ὧς</span> <span class='ocrx_word' id='word_1_186' title='bbox 793 2759 1158 2823; x_wconf 74' lang='grc' dir='ltr'>ἀπαλλάξαντα</span> <span class='ocrx_word' id='word_1_187' title='bbox 1195 2763 1282 2812; x_wconf 84' lang='grc' dir='ltr'>τὸν</span> <span class='ocrx_word' id='word_1_188' title='bbox 1321 2757 1459 2812; x_wconf 84' lang='grc' dir='ltr'>οἶκον</span> <span class='ocrx_word' id='word_1_189' title='bbox 1485 2770 1576 2812; x_wconf 80' lang='grc' dir='ltr'><strong>τού</strong></span> <span class='ocrx_word' id='word_1_190' title='bbox 1605 2768 1738 2814; x_wconf 79' lang='grc' dir='ltr'>Θεοῦ</span> 
     </span>
    </p>
   </div>
   <div class='ocr_carea' id='block_1_30' title="bbox 145 2845 1738 2921">
    <p class='ocr_par' dir='ltr' id='par_1_30' title="bbox 145 2845 1738 2921">
     <span class='ocr_line' id='line_1_30' title="bbox 145 2845 1738 2921; baseline 0.003 -24"><span class='ocrx_word' id='word_1_191' title='bbox 145 2852 390 2912; x_wconf 74' lang='grc' dir='ltr'>τοσαύτης</span> <span class='ocrx_word' id='word_1_192' title='bbox 449 2850 744 2921; x_wconf 78' lang='grc' dir='ltr'><strong>αἰσχύνης·</strong></span> <span class='ocrx_word' id='word_1_193' title='bbox 801 2850 849 2901; x_wconf 84' lang='grc' dir='ltr'>οἱ</span> <span class='ocrx_word' id='word_1_194' title='bbox 899 2845 957 2901; x_wconf 69' lang='grc' dir='ltr'>δε</span> <span class='ocrx_word' id='word_1_195' title='bbox 1014 2855 1228 2920; x_wconf 77' lang='grc' dir='ltr'>σημεῖον</span> <span class='ocrx_word' id='word_1_196' title='bbox 1287 2847 1598 2908; x_wconf 77' lang='grc' dir='ltr'>ὶπιζητούσι</span> <span class='ocrx_word' id='word_1_197' title='bbox 1647 2857 1738 2909; x_wconf 79' lang='grc' dir='ltr'>τῆς</span> 
     </span>
    </p>
   </div>
   <div class='ocr_carea' id='block_1_31' title="bbox 145 2934 1738 3012">
    <p class='ocr_par' dir='ltr' id='par_1_31' title="bbox 145 2934 1738 3012">
     <span class='ocr_line' id='line_1_31' title="bbox 145 2934 1738 3012; baseline 0.002 -26"><span class='ocrx_word' id='word_1_198' title='bbox 145 2934 381 3003; x_wconf 76' lang='grc' dir='ltr'>ἐξουσίας,</span> <span class='ocrx_word' id='word_1_199' title='bbox 416 2942 594 3012; x_wconf 71' lang='grc' dir='ltr'><strong>φθόνῳ</strong></span> <span class='ocrx_word' id='word_1_200' title='bbox 635 2942 930 3011; x_wconf 76' lang='grc' dir='ltr'>τηκόμενοι,</span> <span class='ocrx_word' id='word_1_201' title='bbox 977 2942 1064 2989; x_wconf 87' lang='grc' dir='ltr'>καὶ</span> <span class='ocrx_word' id='word_1_202' title='bbox 1094 2937 1393 3010; x_wconf 77' lang='grc' dir='ltr'>μελετῶντες</span> <span class='ocrx_word' id='word_1_203' title='bbox 1445 2937 1738 3008; x_wconf 67' lang='grc' dir='ltr'>ἐπισκῆψαι</span> 
     </span>
    </p>
   </div>
   <div class='ocr_carea' id='block_1_32' title="bbox 139 3026 1735 3102">
    <p class='ocr_par' dir='ltr' id='par_1_32' title="bbox 139 3026 1735 3102">
     <span class='ocr_line' id='line_1_32' title="bbox 139 3026 1735 3102; baseline 0.003 -30"><span class='ocrx_word' id='word_1_204' title='bbox 139 3034 202 3096; x_wconf 79' lang='grc' dir='ltr'>τῷ</span> <span class='ocrx_word' id='word_1_205' title='bbox 219 3034 552 3102; x_wconf 68' lang='grc' dir='ltr'>γενησομένῳ</span> <span class='ocrx_word' id='word_1_206' title='bbox 577 3033 799 3100; x_wconf 77' lang='grc' dir='ltr'>σημείῳ.</span> <span class='ocrx_word' id='word_1_207' title='bbox 836 3032 935 3081; x_wconf 78' lang='grc' dir='ltr'><strong>Καὶ</strong></span> <span class='ocrx_word' id='word_1_208' title='bbox 967 3029 1068 3099; x_wconf 66' lang='grc' dir='ltr'>’γὰρ</span> <span class='ocrx_word' id='word_1_209' title='bbox 1107 3031 1197 3078; x_wconf 82' lang='grc' dir='ltr'>καὶ</span> <span class='ocrx_word' id='word_1_210' title='bbox 1224 3026 1404 3079; x_wconf 59' lang='grc' dir='ltr'>οὒλοτε</span> <span class='ocrx_word' id='word_1_211' title='bbox 1433 3027 1619 3097; x_wconf 79' lang='grc' dir='ltr'>ἔλεγον·</span> <span class='ocrx_word' id='word_1_212' title='bbox 1655 3026 1735 3079; x_wconf 79' lang='grc' dir='ltr'><strong>Ἐν</strong></span> 
     </span>
    </p>
   </div>
   <div class='ocr_carea' id='block_1_33' title="bbox 137 3117 924 3192">
    <p class='ocr_par' dir='ltr' id='par_1_33' title="bbox 137 3117 924 3192">
     <span class='ocr_line' id='line_1_33' title="bbox 137 3117 924 3192; baseline 0.005 -27"><span class='ocrx_word' id='word_1_213' title='bbox 137 3120 250 3168; x_wconf 84' lang='grc' dir='ltr'>ποία</span> <span class='ocrx_word' id='word_1_214' title='bbox 277 3117 496 3192; x_wconf 75' lang='grc' dir='ltr'>ἐξουσίᾳ</span> <span class='ocrx_word' id='word_1_215' title='bbox 527 3125 697 3170; x_wconf 83' lang='grc' dir='ltr'>ταῦτα</span> <span class='ocrx_word' id='word_1_216' title='bbox 726 3124 924 3185; x_wconf 87' lang='grc' dir='ltr'>ποιεῖς;</span> 
     </span>
    </p>
   </div>
   <div class='ocr_carea' id='block_1_34' title="bbox 201 3204 1734 3282">
    <p class='ocr_par' dir='ltr' id='par_1_34' title="bbox 201 3204 1734 3282">
     <span class='ocr_line' id='line_1_34' title="bbox 201 3204 1734 3282; baseline 0.001 -25"><span class='ocrx_word' id='word_1_217' title='bbox 201 3204 482 3282; x_wconf 84' lang='grc' dir='ltr'>’Δπεκρίθη</span> <span class='ocrx_word' id='word_1_218' title='bbox 537 3237 608 3248; x_wconf 88' lang='lat'><strong>-—-</strong></span> <span class='ocrx_word' id='word_1_219' title='bbox 667 3207 844 3259; x_wconf 72' lang='grc' dir='ltr'>αὐτὸν.</span> <span class='ocrx_word' id='word_1_220' title='bbox 903 3213 1120 3279; x_wconf 81' lang='grc' dir='ltr'>Σημείον</span> <span class='ocrx_word' id='word_1_221' title='bbox 1178 3214 1273 3268; x_wconf 78' lang='grc' dir='ltr'>τῆς</span> <span class='ocrx_word' id='word_1_222' title='bbox 1339 3205 1610 3266; x_wconf 83' lang='grc' dir='ltr'>αύθεντίας</span> <span class='ocrx_word' id='word_1_223' title='bbox 1657 3204 1734 3275; x_wconf 86' lang='grc'><strong>(9)</strong></span> 
     </span>
    </p>
   </div>
   <div class='ocr_carea' id='block_1_35' title="bbox 135 3290 1733 3372">
    <p class='ocr_par' dir='ltr' id='par_1_35' title="bbox 135 3290 1733 3372">
     <span class='ocr_line' id='line_1_35' title="bbox 135 3290 1733 3372; baseline 0.003 -27"><span class='ocrx_word' id='word_1_224' title='bbox 135 3290 349 3348; x_wconf 72' lang='grc' dir='ltr'>δίδωσιν</span> <span class='ocrx_word' id='word_1_225' title='bbox 419 3297 610 3359; x_wconf 75' lang='grc' dir='ltr'>αὐτοῖς</span> <span class='ocrx_word' id='word_1_226' title='bbox 683 3300 778 3354; x_wconf 79' lang='grc' dir='ltr'>τὴν</span> <span class='ocrx_word' id='word_1_227' title='bbox 852 3301 1124 3372; x_wconf 77' lang='grc' dir='ltr'>τριήμερον</span> <span class='ocrx_word' id='word_1_228' title='bbox 1187 3294 1474 3348; x_wconf 73' lang='grc' dir='ltr'>ἀνάστασιν</span> <span class='ocrx_word' id='word_1_229' title='bbox 1553 3295 1733 3350; x_wconf 68' lang='grc' dir='ltr'>αὐτοῦ.</span> 
     </span>
    </p>
   </div>
   <div class='ocr_carea' id='block_1_36' title="bbox 133 3382 1736 3460">
    <p class='ocr_par' dir='ltr' id='par_1_36' title="bbox 133 3382 1736 3460">
     <span class='ocr_line' id='line_1_36' title="bbox 133 3382 1736 3460; baseline 0 -25"><span class='ocrx_word' id='word_1_230' title='bbox 133 3388 259 3436; x_wconf 75' lang='grc' dir='ltr'><strong>Ναόν</strong></span> <span class='ocrx_word' id='word_1_231' title='bbox 285 3389 390 3460; x_wconf 80' lang='grc' dir='ltr'><strong>γὰρ</strong></span> <span class='ocrx_word' id='word_1_232' title='bbox 456 3390 522 3440; x_wconf 85' lang='grc' dir='ltr'>τὸ</span> <span class='ocrx_word' id='word_1_233' title='bbox 577 3385 762 3439; x_wconf 73' lang='grc' dir='ltr'>ἑαυτοῦ</span> <span class='ocrx_word' id='word_1_234' title='bbox 809 3393 962 3458; x_wconf 83' lang='grc' dir='ltr'>σῶμα</span> <span class='ocrx_word' id='word_1_235' title='bbox 1008 3385 1163 3457; x_wconf 80' lang='grc' dir='ltr'>λέγει·</span> <span class='ocrx_word' id='word_1_236' title='bbox 1222 3388 1341 3446; x_wconf 88' lang='grc' dir='ltr'>ναὸς</span> <span class='ocrx_word' id='word_1_237' title='bbox 1377 3387 1476 3457; x_wconf 77' lang='grc' dir='ltr'><strong>γὰρ</strong></span> <span class='ocrx_word' id='word_1_238' title='bbox 1531 3390 1620 3438; x_wconf 85' lang='grc' dir='ltr'>καὶ</span> <span class='ocrx_word' id='word_1_239' title='bbox 1659 3382 1736 3436; x_wconf 81' lang='grc' dir='ltr'><strong>οἷ-</strong></span> 
     </span>
    </p>
   </div>
   <div class='ocr_carea' id='block_1_37' title="bbox 130 3473 1738 3548">
    <p class='ocr_par' dir='ltr' id='par_1_37' title="bbox 130 3473 1738 3548">
     <span class='ocr_line' id='line_1_37' title="bbox 130 3473 1738 3548; baseline 0.002 -25"><span class='ocrx_word' id='word_1_240' title='bbox 130 3493 208 3535; x_wconf 85' lang='grc' dir='ltr'><strong>κος</strong></span> <span class='ocrx_word' id='word_1_241' title='bbox 254 3482 414 3529; x_wconf 76' lang='grc' dir='ltr'>τοῦτο</span> <span class='ocrx_word' id='word_1_242' title='bbox 476 3475 628 3529; x_wconf 70' lang='grc' dir='ltr'>ἐστιν</span> <span class='ocrx_word' id='word_1_243' title='bbox 676 3475 735 3528; x_wconf 81' lang='grc' dir='ltr'><strong>ού</strong></span> <span class='ocrx_word' id='word_1_244' title='bbox 791 3479 945 3548; x_wconf 80' lang='grc' dir='ltr'>μόνον</span> <span class='ocrx_word' id='word_1_245' title='bbox 993 3483 1084 3536; x_wconf 84' lang='grc' dir='ltr'>τῆς</span> <span class='ocrx_word' id='word_1_246' title='bbox 1121 3475 1327 3547; x_wconf 68' lang='grc' dir='ltr'>ψυχῆς,</span> <span class='ocrx_word' id='word_1_247' title='bbox 1371 3473 1498 3527; x_wconf 74' lang='grc' dir='ltr'>ἀλλὰ</span> <span class='ocrx_word' id='word_1_248' title='bbox 1527 3479 1738 3536; x_wconf 79' lang='grc' dir='ltr'>καὶτῆς</span> 
     </span>
    </p>
   </div>
   <div class='ocr_carea' id='block_1_38' title="bbox 132 3565 382 3629">
    <p class='ocr_par' dir='ltr' id='par_1_38' title="bbox 132 3565 382 3629">
     <span class='ocr_line' id='line_1_38' title="bbox 132 3565 382 3629; baseline 0.02 -15"><span class='ocrx_word' id='word_1_249' title='bbox 132 3565 382 3629; x_wconf 79' lang='grc' dir='ltr'>θεότητος.</span> 
     </span>
    </p>
   </div>
   <div class='ocr_carea' id='block_1_39' title="bbox 192 3652 1736 3728">
    <p class='ocr_par' dir='ltr' id='par_1_39' title="bbox 192 3652 1736 3728">
     <span class='ocr_line' id='line_1_39' title="bbox 192 3652 1736 3728; baseline 0 -22"><span class='ocrx_word' id='word_1_250' title='bbox 192 3659 402 3709; x_wconf 82' lang='grc' dir='ltr'>Λύσατε</span> <span class='ocrx_word' id='word_1_251' title='bbox 453 3652 521 3709; x_wconf 65' lang='grc' dir='ltr'><strong>δὲ</strong></span> <span class='ocrx_word' id='word_1_252' title='bbox 596 3673 751 3722; x_wconf 84' lang='grc' dir='ltr'>ειπεν,</span> <span class='ocrx_word' id='word_1_253' title='bbox 814 3655 872 3707; x_wconf 81' lang='grc' dir='ltr'><strong>ού</strong></span> <span class='ocrx_word' id='word_1_254' title='bbox 927 3657 1223 3728; x_wconf 77' lang='grc' dir='ltr'>προτρέπων</span> <span class='ocrx_word' id='word_1_255' title='bbox 1286 3653 1476 3714; x_wconf 71' lang='grc' dir='ltr'>αὐτοὺς</span> <span class='ocrx_word' id='word_1_256' title='bbox 1532 3654 1598 3714; x_wconf 77' lang='grc' dir='ltr'><strong>εἰς</strong></span> <span class='ocrx_word' id='word_1_257' title='bbox 1653 3656 1736 3707; x_wconf 88' lang='grc' dir='ltr'>τὸν</span> 
     </span>
    </p>
   </div>
   <div class='ocr_carea' id='block_1_40' title="bbox 128 3739 1741 3818">
    <p class='ocr_par' dir='ltr' id='par_1_40' title="bbox 128 3739 1741 3818">
     <span class='ocr_line' id='line_1_40' title="bbox 128 3739 1741 3818; baseline 0.001 -25"><span class='ocrx_word' id='word_1_258' title='bbox 128 3744 453 3798; x_wconf 74' lang='grc' dir='ltr'>καθ’ἑαυτοῠ</span> <span class='ocrx_word' id='word_1_259' title='bbox 499 3749 670 3818; x_wconf 61' lang='grc' dir='ltr'><strong>φόνον5</strong></span> <span class='ocrx_word' id='word_1_260' title='bbox 721 3743 828 3796; x_wconf 76' lang='grc' dir='ltr'>ἀλλ’</span> <span class='ocrx_word' id='word_1_261' title='bbox 881 3745 1002 3816; x_wconf 80' lang='grc' dir='ltr'>ὅπερ</span> <span class='ocrx_word' id='word_1_262' title='bbox 1062 3743 1354 3814; x_wconf 74' lang='grc' dir='ltr'>ἆγίνωσ-ιεεν,</span> <span class='ocrx_word' id='word_1_263' title='bbox 1384 3745 1464 3796; x_wconf 80' lang='grc' dir='ltr'>ὅτι</span> <span class='ocrx_word' id='word_1_264' title='bbox 1513 3739 1741 3818; x_wconf 76' lang='grc' dir='ltr'>δράσου-</span> 
     </span>
    </p>
   </div>
   <div class='ocr_carea' id='block_1_41' title="bbox 126 3831 1740 3904">
    <p class='ocr_par' dir='ltr' id='par_1_41' title="bbox 126 3831 1740 3904">
     <span class='ocr_line' id='line_1_41' title="bbox 126 3831 1740 3904; baseline 0.002 -22"><span class='ocrx_word' id='word_1_265' title='bbox 126 3849 220 3895; x_wconf 80' lang='grc' dir='ltr'>σιν,</span> <span class='ocrx_word' id='word_1_266' title='bbox 254 3835 393 3888; x_wconf 81' lang='grc' dir='ltr'>εἶπεν</span> <span class='ocrx_word' id='word_1_267' title='bbox 427 3837 636 3894; x_wconf 80' lang='grc' dir='ltr'>ἠθικῶς</span> <span class='ocrx_word' id='word_1_268' title='bbox 679 3833 726 3886; x_wconf 83' lang='grc' dir='ltr'>ἐν</span> <span class='ocrx_word' id='word_1_269' title='bbox 762 3838 980 3904; x_wconf 78' lang='grc' dir='ltr'>τοιούτῳ</span> <span class='ocrx_word' id='word_1_270' title='bbox 1022 3839 1261 3904; x_wconf 74' lang='grc' dir='ltr'>σχήματι</span> <span class='ocrx_word' id='word_1_271' title='bbox 1304 3831 1481 3902; x_wconf 84' lang='grc' dir='ltr'>λόγου.</span> <span class='ocrx_word' id='word_1_272' title='bbox 1530 3836 1740 3886; x_wconf 83' lang='grc' dir='ltr'>Λύσατε</span> 
     </span>
    </p>
   </div>
   <div class='ocr_carea' id='block_1_42' title="bbox 127 3915 1738 3997">
    <p class='ocr_par' dir='ltr' id='par_1_42' title="bbox 127 3915 1738 3997">
     <span class='ocr_line' id='line_1_42' title="bbox 127 3915 1738 3997; baseline 0.001 -25"><span class='ocrx_word' id='word_1_273' title='bbox 127 3915 198 3985; x_wconf 71' lang='grc' dir='ltr'>δε,</span> <span class='ocrx_word' id='word_1_274' title='bbox 230 3927 352 3981; x_wconf 81' lang='grc' dir='ltr'>ἤτοι</span> <span class='ocrx_word' id='word_1_275' title='bbox 378 3923 796 3997; x_wconf 75' lang='grc' dir='ltr'>καταστρέψατε</span> <span class='ocrx_word' id='word_1_276' title='bbox 828 3923 899 3984; x_wconf 83' lang='grc' dir='ltr'>εἰς</span> <span class='ocrx_word' id='word_1_277' title='bbox 922 3930 1041 3993; x_wconf 85' lang='grc' dir='ltr'>γῆν,</span> <span class='ocrx_word' id='word_1_278' title='bbox 1079 3917 1383 3983; x_wconf 71' lang='grc' dir='ltr'>διαζεύξατε</span> <span class='ocrx_word' id='word_1_279' title='bbox 1409 3929 1502 3982; x_wconf 84' lang='grc' dir='ltr'>τῆς</span> <span class='ocrx_word' id='word_1_280' title='bbox 1529 3922 1683 3993; x_wconf 67' lang='grc' dir='ltr'>ψυχῆ</span> <span class='ocrx_word' id='word_1_281' title='bbox 1697 3943 1738 3984; x_wconf 86' lang='grc' dir='ltr'><strong>ς,</strong></span> 
     </span>
    </p>
   </div>
   <div class='ocr_carea' id='block_1_43' title="bbox 121 4005 800 4085">
    <p class='ocr_par' dir='ltr' id='par_1_43' title="bbox 121 4005 800 4085">
     <span class='ocr_line' id='line_1_43' title="bbox 121 4005 800 4085; baseline 0.012 -26"><span class='ocrx_word' id='word_1_282' title='bbox 121 4013 303 4066; x_wconf 73' lang='grc' dir='ltr'>λύσατε</span> <span class='ocrx_word' id='word_1_283' title='bbox 333 4005 434 4067; x_wconf 78' lang='grc' dir='ltr'>τοῦ</span> <span class='ocrx_word' id='word_1_284' title='bbox 471 4010 800 4085; x_wconf 73' lang='grc' dir='ltr'><strong>συνδέσμου.</strong></span> 
     </span>
    </p>
   </div>
   <div class='ocr_carea' id='block_1_44' title="bbox 187 4095 1738 4175">
    <p class='ocr_par' dir='ltr' id='par_1_44' title="bbox 187 4095 1738 4175">
     <span class='ocr_line' id='line_1_44' title="bbox 187 4095 1738 4175; baseline -0.001 -22"><span class='ocrx_word' id='word_1_285' title='bbox 187 4100 343 4155; x_wconf 80' lang='grc' dir='ltr'>Εἶπον</span> <span class='ocrx_word' id='word_1_286' title='bbox 402 4135 482 4145; x_wconf 86' lang='lat'><strong>——</strong></span> <span class='ocrx_word' id='word_1_287' title='bbox 549 4103 732 4155; x_wconf 74' lang='grc' dir='ltr'>αὐτοῦ.</span> <span class='ocrx_word' id='word_1_288' title='bbox 797 4101 855 4154; x_wconf 82' lang='grc' dir='ltr'><strong>Ἡ</strong></span> <span class='ocrx_word' id='word_1_289' title='bbox 909 4106 1138 4175; x_wconf 84' lang='grc' dir='ltr'>προτέρα</span> <span class='ocrx_word' id='word_1_290' title='bbox 1207 4104 1298 4173; x_wconf 73' lang='grc' dir='ltr'><strong>μὲν</strong></span> <span class='ocrx_word' id='word_1_291' title='bbox 1351 4095 1606 4171; x_wconf 74' lang='grc' dir='ltr'>οἰκοδομὴ</span> <span class='ocrx_word' id='word_1_292' title='bbox 1666 4096 1738 4152; x_wconf 82' lang='grc' dir='ltr'><strong>δι’</strong></span> 
     </span>
    </p>
   </div>
   <div class='ocr_carea' id='block_1_45' title="bbox 119 4187 1740 4265">
    <p class='ocr_par' dir='ltr' id='par_1_45' title="bbox 119 4187 1740 4265">
     <span class='ocr_line' id='line_1_45' title="bbox 119 4187 1740 4265; baseline 0.001 -26"><span class='ocrx_word' id='word_1_293' title='bbox 119 4187 239 4242; x_wconf 76' lang='grc' dir='ltr'>ἐτῶν</span> <span class='ocrx_word' id='word_1_294' title='bbox 292 4195 472 4246; x_wconf 76' lang='grc' dir='ltr'>εῑκοσι</span> <span class='ocrx_word' id='word_1_295' title='bbox 530 4193 930 4249; x_wconf 71' lang='grc' dir='ltr'>κατεσκευάσθη</span> <span class='ocrx_word' id='word_1_296' title='bbox 995 4193 1139 4265; x_wconf 78' lang='grc' dir='ltr'>παρὰ</span> <span class='ocrx_word' id='word_1_297' title='bbox 1204 4189 1548 4261; x_wconf 75' lang='grc' dir='ltr'>Σολομῶντος·</span> <span class='ocrx_word' id='word_1_298' title='bbox 1604 4189 1634 4247; x_wconf 77' lang='grc' dir='ltr'><strong>ἠ</strong></span> <span class='ocrx_word' id='word_1_299' title='bbox 1685 4191 1740 4240; x_wconf 88' lang='grc' dir='ltr'>ύ-</span> 
     </span>
    </p>
   </div>
   <div class='ocr_carea' id='block_1_46' title="bbox 119 4277 1736 4355">
    <p class='ocr_par' dir='ltr' id='par_1_46' title="bbox 119 4277 1736 4355">
     <span class='ocr_line' id='line_1_46' title="bbox 119 4277 1736 4355; baseline 0.002 -26"><span class='ocrx_word' id='word_1_300' title='bbox 119 4283 269 4355; x_wconf 75' lang='grc' dir='ltr'>στίροι</span> <span class='ocrx_word' id='word_1_301' title='bbox 313 4279 378 4335; x_wconf 66' lang='grc' dir='ltr'><em>δὲ</em></span> <span class='ocrx_word' id='word_1_302' title='bbox 427 4280 536 4335; x_wconf 73' lang='grc' dir='ltr'>διὰ</span> <span class='ocrx_word' id='word_1_303' title='bbox 585 4283 977 4355; x_wconf 65' lang='grc' dir='ltr'>τεσσαράκοντα</span> <span class='ocrx_word' id='word_1_304' title='bbox 1007 4283 1098 4332; x_wconf 80' lang='grc' dir='ltr'>καὶ</span> <span class='ocrx_word' id='word_1_305' title='bbox 1147 4280 1199 4342; x_wconf 83' lang='grc' dir='ltr'><strong>ἓξ</strong></span> <span class='ocrx_word' id='word_1_306' title='bbox 1243 4282 1386 4353; x_wconf 77' lang='grc' dir='ltr'>παρα</span> <span class='ocrx_word' id='word_1_307' title='bbox 1428 4277 1736 4352; x_wconf 80' lang='grc' dir='ltr'>Ζοροϐάϐελ.</span> 
     </span>
    </p>
   </div>
   <div class='ocr_carea' id='block_1_47' title="bbox 116 4367 1737 4446">
    <p class='ocr_par' dir='ltr' id='par_1_47' title="bbox 116 4367 1737 4446">
     <span class='ocr_line' id='line_1_47' title="bbox 116 4367 1737 4446; baseline -0.002 -26"><span class='ocrx_word' id='word_1_308' title='bbox 116 4374 212 4429; x_wconf 71' lang='grc' dir='ltr'><strong>Τῆς</strong></span> <span class='ocrx_word' id='word_1_309' title='bbox 257 4377 532 4446; x_wconf 79' lang='grc' dir='ltr'>προτέρας</span> <span class='ocrx_word' id='word_1_310' title='bbox 595 4374 697 4444; x_wconf 81' lang='grc' dir='ltr'>γὰρ</span> <span class='ocrx_word' id='word_1_311' title='bbox 759 4371 1161 4441; x_wconf 79' lang='grc' dir='ltr'>καθαιρεθείσης</span> <span class='ocrx_word' id='word_1_312' title='bbox 1219 4370 1318 4421; x_wconf 80' lang='grc' dir='ltr'><strong>ὑπό</strong></span> <span class='ocrx_word' id='word_1_313' title='bbox 1387 4367 1737 4432; x_wconf 80' lang='grc' dir='ltr'>Βαϐυλωνίών,</span> 
     </span>
    </p>
   </div>
   <div class='ocr_carea' id='block_1_48' title="bbox 112 4454 1741 4534">
    <p class='ocr_par' dir='ltr' id='par_1_48' title="bbox 112 4454 1741 4534">
     <span class='ocr_line' id='line_1_48' title="bbox 112 4454 1741 4534; baseline -0.005 -19"><span class='ocrx_word' id='word_1_314' title='bbox 112 4460 301 4530; x_wconf 71' lang='grc' dir='ltr'>ἤρξατο</span> <span class='ocrx_word' id='word_1_315' title='bbox 368 4467 402 4520; x_wconf 79' lang='grc' dir='ltr'>ἦ</span> <span class='ocrx_word' id='word_1_316' title='bbox 465 4464 673 4534; x_wconf 73' lang='grc' dir='ltr'>ὑστέρα</span> <span class='ocrx_word' id='word_1_317' title='bbox 727 4461 864 4511; x_wconf 85' lang='grc' dir='ltr'><strong>κατά</strong></span> <span class='ocrx_word' id='word_1_318' title='bbox 908 4463 965 4511; x_wconf 83' lang='grc' dir='ltr'>τὸ</span> <span class='ocrx_word' id='word_1_319' title='bbox 1017 4467 1218 4533; x_wconf 86' lang='grc' dir='ltr'>πρῶτον</span> <span class='ocrx_word' id='word_1_320' title='bbox 1269 4459 1376 4518; x_wconf 75' lang='grc' dir='ltr'>ἔτος</span> <span class='ocrx_word' id='word_1_321' title='bbox 1429 4467 1520 4517; x_wconf 78' lang='grc' dir='ltr'>τῆς</span> <span class='ocrx_word' id='word_1_322' title='bbox 1583 4454 1741 4528; x_wconf 83' lang='grc' dir='ltr'>βασι-</span> 
     </span>
    </p>
   </div>
   <div class='ocr_carea' id='block_1_49' title="bbox 111 4525 1816 4625">
    <p class='ocr_par' dir='ltr' id='par_1_49' title="bbox 111 4525 1816 4625">
     <span class='ocr_line' id='line_1_49' title="bbox 111 4525 1816 4625; baseline -0.002 -25"><span class='ocrx_word' id='word_1_323' title='bbox 111 4547 246 4612; x_wconf 71' lang='grc' dir='ltr'>λείας</span> <span class='ocrx_word' id='word_1_324' title='bbox 293 4554 507 4625; x_wconf 76' lang='grc' dir='ltr'>Κύρου.</span> <span class='ocrx_word' id='word_1_325' title='bbox 573 4547 694 4604; x_wconf 79' lang='grc' dir='ltr'>Εἶτα</span> <span class='ocrx_word' id='word_1_326' title='bbox 737 4552 902 4621; x_wconf 67' lang='grc' dir='ltr'>φθόνῳ</span> <span class='ocrx_word' id='word_1_327' title='bbox 929 4553 1018 4601; x_wconf 81' lang='grc' dir='ltr'><strong>καὶ</strong></span> <span class='ocrx_word' id='word_1_328' title='bbox 1055 4545 1274 4620; x_wconf 75' lang='grc' dir='ltr'>διαϐολῇ</span> <span class='ocrx_word' id='word_1_329' title='bbox 1315 4555 1416 4600; x_wconf 82' lang='grc' dir='ltr'><strong>τῶν</strong></span> <span class='ocrx_word' id='word_1_330' title='bbox 1445 4549 1739 4619; x_wconf 78' lang='grc' dir='ltr'>προσοίκων</span> <span class='ocrx_word' id='word_1_331' title='bbox 1772 4525 1816 4581; x_wconf 83' lang='lat' dir='ltr'><strong>D</strong></span> 
     </span>
    </p>
   </div>
   <div class='ocr_carea' id='block_1_50' title="bbox 106 4635 1742 4714">
    <p class='ocr_par' dir='ltr' id='par_1_50' title="bbox 106 4635 1742 4714">
     <span class='ocr_line' id='line_1_50' title="bbox 106 4635 1742 4714; baseline -0.002 -24"><span class='ocrx_word' id='word_1_332' title='bbox 106 4646 456 4714; x_wconf 71' lang='grc' dir='ltr'>Σαμαρειτῶν</span> <span class='ocrx_word' id='word_1_333' title='bbox 527 4639 892 4712; x_wconf 70' lang='grc' dir='ltr'>ἐπισχεθείσα,</span> <span class='ocrx_word' id='word_1_334' title='bbox 964 4635 1212 4710; x_wconf 71' lang='grc' dir='ltr'>διέμεινεν</span> <span class='ocrx_word' id='word_1_335' title='bbox 1275 4637 1440 4699; x_wconf 77' lang='grc' dir='ltr'>οὕτως</span> <span class='ocrx_word' id='word_1_336' title='bbox 1467 4638 1552 4693; x_wconf 74' lang='grc' dir='ltr'>ἔτη</span> <span class='ocrx_word' id='word_1_337' title='bbox 1625 4653 1742 4688; x_wconf 81' lang='grc' dir='ltr'>τεσο</span> 
     </span>
    </p>
   </div>
   <div class='ocr_carea' id='block_1_51' title="bbox 111 4723 1740 4802">
    <p class='ocr_par' dir='ltr' id='par_1_51' title="bbox 111 4723 1740 4802">
     <span class='ocr_line' id='line_1_51' title="bbox 111 4723 1740 4802; baseline 0 -24"><span class='ocrx_word' id='word_1_338' title='bbox 111 4733 446 4800; x_wconf 84' lang='grc' dir='ltr'>σαράκοντα.</span> <span class='ocrx_word' id='word_1_339' title='bbox 513 4733 658 4783; x_wconf 81' lang='grc' dir='ltr'><strong>Κατὰ</strong></span> <span class='ocrx_word' id='word_1_340' title='bbox 705 4726 763 4781; x_wconf 75' lang='grc' dir='ltr'><strong>δὲ</strong></span> <span class='ocrx_word' id='word_1_341' title='bbox 817 4732 874 4780; x_wconf 84' lang='grc' dir='ltr'>τὸ</span> <span class='ocrx_word' id='word_1_342' title='bbox 921 4724 1160 4802; x_wconf 74' lang='grc' dir='ltr'>δεύτερον</span> <span class='ocrx_word' id='word_1_343' title='bbox 1206 4729 1316 4789; x_wconf 75' lang='grc' dir='ltr'>ἔτος</span> <span class='ocrx_word' id='word_1_344' title='bbox 1346 4734 1438 4786; x_wconf 80' lang='grc' dir='ltr'>τῆς</span> <span class='ocrx_word' id='word_1_345' title='bbox 1467 4723 1740 4798; x_wconf 80' lang='grc' dir='ltr'>βασιλείας</span> 
     </span>
    </p>
   </div>
   <div class='ocr_carea' id='block_1_52' title="bbox 104 4812 1738 4893">
    <p class='ocr_par' dir='ltr' id='par_1_52' title="bbox 104 4812 1738 4893">
     <span class='ocr_line' id='line_1_52' title="bbox 104 4812 1738 4893; baseline -0.003 -22"><span class='ocrx_word' id='word_1_346' title='bbox 104 4826 322 4893; x_wconf 75' lang='grc' dir='ltr'>Δαρείου</span> <span class='ocrx_word' id='word_1_347' title='bbox 374 4828 484 4873; x_wconf 81' lang='grc' dir='ltr'>τοῦ</span> <span class='ocrx_word' id='word_1_348' title='bbox 545 4819 866 4887; x_wconf 77' lang='grc' dir='ltr'>Ὑστάσπου,</span> <span class='ocrx_word' id='word_1_349' title='bbox 926 4815 1214 4891; x_wconf 85' lang='grc' dir='ltr'>Ζοροϐάϐελ</span> <span class='ocrx_word' id='word_1_350' title='bbox 1275 4814 1587 4876; x_wconf 83' lang='grc' dir='ltr'>ἀποσταλεὶς</span> <span class='ocrx_word' id='word_1_351' title='bbox 1640 4812 1738 4866; x_wconf 81' lang='grc' dir='ltr'>ἐτε-</span> 
     </span>
    </p>
   </div>
   <div class='ocr_carea' id='block_1_53' title="bbox 100 4905 1738 4970">
    <p class='ocr_par' dir='ltr' id='par_1_53' title="bbox 100 4905 1738 4970">
     <span class='ocr_line' id='line_1_53' title="bbox 100 4905 1738 4970; baseline -0.002 -11"><span class='ocrx_word' id='word_1_352' title='bbox 100 4907 314 4963; x_wconf 74' lang='grc' dir='ltr'>λείωσεν</span> <span class='ocrx_word' id='word_1_353' title='bbox 360 4910 549 4968; x_wconf 71' lang='grc' dir='ltr'>αὐτὴν</span> <span class='ocrx_word' id='word_1_354' title='bbox 611 4911 660 4961; x_wconf 75' lang='grc' dir='ltr'><strong>ἓν</strong></span> <span class='ocrx_word' id='word_1_355' title='bbox 693 4911 855 4962; x_wconf 77' lang='grc' dir='ltr'>ἔτεσιν</span> <span class='ocrx_word' id='word_1_356' title='bbox 881 4907 954 4970; x_wconf 79' lang='grc' dir='ltr'><strong>ἒξ.</strong></span> <span class='ocrx_word' id='word_1_357' title='bbox 1000 4911 1098 4960; x_wconf 81' lang='grc' dir='ltr'><strong>Καὶ</strong></span> <span class='ocrx_word' id='word_1_358' title='bbox 1129 4906 1294 4968; x_wconf 76' lang='grc' dir='ltr'>οὕτως</span> <span class='ocrx_word' id='word_1_359' title='bbox 1345 4905 1394 4957; x_wconf 83' lang='grc' dir='ltr'><strong>ἓν</strong></span> <span class='ocrx_word' id='word_1_360' title='bbox 1434 4907 1572 4958; x_wconf 76' lang='grc' dir='ltr'>ἔτεσι</span> <span class='ocrx_word' id='word_1_361' title='bbox 1616 4922 1738 4957; x_wconf 82' lang='grc' dir='ltr'>τεσ-</span> 
     </span>
    </p>
   </div>
   <div class='ocr_carea' id='block_1_54' title="bbox 167 5139 1470 5214">
    <p class='ocr_par' dir='ltr' id='par_1_54' title="bbox 167 5139 1470 5214">
     <span class='ocr_line' id='line_1_54' title="bbox 167 5139 1470 5214; baseline 0 -16"><span class='ocrx_word' id='word_1_362' title='bbox 167 5145 216 5177; x_wconf 72' lang='lat'><strong><em>”</em></strong></span> <span class='ocrx_word' id='word_1_363' title='bbox 247 5143 487 5200; x_wconf 86' lang='lat' dir='ltr'><strong>Matth.</strong></span> <span class='ocrx_word' id='word_1_364' title='bbox 531 5160 646 5209; x_wconf 80' lang='lat' dir='ltr'><strong>xxi,</strong></span> <span class='ocrx_word' id='word_1_365' title='bbox 695 5144 774 5198; x_wconf 86' lang='lat' dir='ltr'><strong>l3.</strong></span> <span class='ocrx_word' id='word_1_366' title='bbox 891 5142 938 5175; x_wconf 70' lang='lat'><strong>‘°</strong></span> <span class='ocrx_word' id='word_1_367' title='bbox 967 5139 1124 5200; x_wconf 88' lang='lat' dir='ltr'><strong>Psal.</strong></span> <span class='ocrx_word' id='word_1_368' title='bbox 1150 5155 1346 5214; x_wconf 70' lang='lat' dir='ltr'><strong>vani,</strong></span> <span class='ocrx_word' id='word_1_369' title='bbox 1385 5141 1470 5198; x_wconf 78' lang='grc'><strong>10.</strong></span> 
     </span>
    </p>
   </div>
   <div class='ocr_carea' id='block_1_55' title="bbox 1846 522 3512 599">
    <p class='ocr_par' dir='ltr' id='par_1_55' title="bbox 1846 522 3512 599">
     <span class='ocr_line' id='line_1_55' title="bbox 1846 522 3512 599; baseline 0.01 -24"><span class='ocrx_word' id='word_1_370' title='bbox 1846 522 2272 590; x_wconf 88' lang='lat' dir='ltr'><strong>confundebat,</strong></span> <span class='ocrx_word' id='word_1_371' title='bbox 2305 526 2635 581; x_wconf 87' lang='lat' dir='ltr'><strong>ostendens</strong></span> <span class='ocrx_word' id='word_1_372' title='bbox 2671 527 2836 599; x_wconf 89' lang='lat' dir='ltr'><strong>quod</strong></span> <span class='ocrx_word' id='word_1_373' title='bbox 2862 528 3018 598; x_wconf 89' lang='lat' dir='ltr'><strong>juste</strong></span> <span class='ocrx_word' id='word_1_374' title='bbox 3043 529 3171 585; x_wconf 69' lang='lat' dir='ltr'><strong>haec</strong></span> <span class='ocrx_word' id='word_1_375' title='bbox 3200 538 3255 588; x_wconf 91' lang='lat' dir='ltr'><strong>et</strong></span> <span class='ocrx_word' id='word_1_376' title='bbox 3280 533 3512 592; x_wconf 80' lang='lat' dir='ltr'><strong>fecisset</strong></span> 
     </span>
    </p>
   </div>
   <div class='ocr_carea' id='block_1_56' title="bbox 1846 611 3511 686">
    <p class='ocr_par' dir='ltr' id='par_1_56' title="bbox 1846 611 3511 686">
     <span class='ocr_line' id='line_1_56' title="bbox 1846 611 3511 686; baseline 0.01 -22"><span class='ocrx_word' id='word_1_377' title='bbox 1846 615 1902 664; x_wconf 91' lang='lat' dir='ltr'><strong>et</strong></span> <span class='ocrx_word' id='word_1_378' title='bbox 1931 611 2200 669; x_wconf 83' lang='lat' dir='ltr'><strong>dixisset.</strong></span> <span class='ocrx_word' id='word_1_379' title='bbox 2247 616 2501 671; x_wconf 83' lang='lat' dir='ltr'><strong>Domum</strong></span> <span class='ocrx_word' id='word_1_380' title='bbox 2541 623 2743 675; x_wconf 87' lang='lat' dir='ltr'><strong>autem</strong></span> <span class='ocrx_word' id='word_1_381' title='bbox 2781 619 3222 686; x_wconf 81' lang='lat' dir='ltr'><strong>negotiationis,</strong></span> <span class='ocrx_word' id='word_1_382' title='bbox 3271 621 3381 679; x_wconf 89' lang='lat' dir='ltr'><strong>hoc</strong></span> <span class='ocrx_word' id='word_1_383' title='bbox 3422 629 3511 680; x_wconf 89' lang='lat' dir='ltr'><strong>est</strong></span> 
     </span>
    </p>
   </div>
   <div class='ocr_carea' id='block_1_57' title="bbox 1843 703 2686 773">
    <p class='ocr_par' dir='ltr' id='par_1_57' title="bbox 1843 703 2686 773">
     <span class='ocr_line' id='line_1_57' title="bbox 1843 703 2686 773; baseline 0.006 -18"><span class='ocrx_word' id='word_1_384' title='bbox 1843 716 2178 773; x_wconf 88' lang='lat' dir='ltr'><strong>cauponam</strong></span> <span class='ocrx_word' id='word_1_385' title='bbox 2209 710 2314 759; x_wconf 88' lang='lat' dir='ltr'><strong>aut</strong></span> <span class='ocrx_word' id='word_1_386' title='bbox 2349 703 2686 762; x_wconf 85' lang='lat' dir='ltr'><strong>tabernam.</strong></span> 
     </span>
    </p>
   </div>
   <div class='ocr_carea' id='block_1_58' title="bbox 1917 790 3507 869">
    <p class='ocr_par' dir='ltr' id='par_1_58' title="bbox 1917 790 3507 869">
     <span class='ocr_line' id='line_1_58' title="bbox 1917 790 3507 869; baseline 0.009 -25"><span class='ocrx_word' id='word_1_387' title='bbox 1917 790 2200 847; x_wconf 71' lang='lat' dir='ltr'><strong>Prmdicto</strong></span> <span class='ocrx_word' id='word_1_388' title='bbox 2227 808 2367 849; x_wconf 89' lang='lat' dir='ltr'><strong>vero</strong></span> <span class='ocrx_word' id='word_1_389' title='bbox 2398 794 2665 850; x_wconf 71' lang='lat' dir='ltr'><strong>Matthaei</strong></span> <span class='ocrx_word' id='word_1_390' title='bbox 2693 793 2883 866; x_wconf 84' lang='lat' dir='ltr'><strong>capite</strong></span> <span class='ocrx_word' id='word_1_391' title='bbox 2909 795 3058 852; x_wconf 84' lang='lat' dir='ltr'><strong>dixit</strong></span> <span class='ocrx_word' id='word_1_392' title='bbox 3092 814 3105 853; x_wconf 92' lang='lat'>:</span> <span class='ocrx_word' id='word_1_393' title='bbox 3148 799 3507 869; x_wconf 76' lang='lat' dir='ltr'><strong>Speluncam</strong></span> 
     </span>
    </p>
   </div>
   <div class='ocr_carea' id='block_1_59' title="bbox 1845 879 3507 961">
    <p class='ocr_par' dir='ltr' id='par_1_59' title="bbox 1845 879 3507 961">
     <span class='ocr_line' id='line_1_59' title="bbox 1845 879 3507 961; baseline 0.01 -29"><span class='ocrx_word' id='word_1_394' title='bbox 1845 879 2149 936; x_wconf 79' lang='lat' dir='ltr'><strong>latronum</strong></span> <span class='ocrx_word' id='word_1_395' title='bbox 2194 885 2267 938; x_wconf 75' lang='grc'><strong>³9.</strong></span> <span class='ocrx_word' id='word_1_396' title='bbox 2319 885 2398 937; x_wconf 83' lang='lat' dir='ltr'><strong>Ex</strong></span> <span class='ocrx_word' id='word_1_397' title='bbox 2444 899 2566 954; x_wconf 90' lang='lat' dir='ltr'><strong>quo</strong></span> <span class='ocrx_word' id='word_1_398' title='bbox 2613 883 2902 939; x_wconf 82' lang='lat' dir='ltr'><strong>adnotare</strong></span> <span class='ocrx_word' id='word_1_399' title='bbox 2949 901 3292 956; x_wconf 88' lang='lat' dir='ltr'><strong>possumus,</strong></span> <span class='ocrx_word' id='word_1_400' title='bbox 3343 890 3507 961; x_wconf 88' lang='lat' dir='ltr'><strong>quod</strong></span> 
     </span>
    </p>
   </div>
   <div class='ocr_carea' id='block_1_60' title="bbox 1844 967 3508 1041">
    <p class='ocr_par' dir='ltr' id='par_1_60' title="bbox 1844 967 3508 1041">
     <span class='ocr_line' id='line_1_60' title="bbox 1844 967 3508 1041; baseline 0.01 -19"><span class='ocrx_word' id='word_1_401' title='bbox 1844 967 2036 1024; x_wconf 80' lang='lat' dir='ltr'><strong>zelum</strong></span> <span class='ocrx_word' id='word_1_402' title='bbox 2078 986 2150 1024; x_wconf 92' lang='lat' dir='ltr'><strong>ac</strong></span> <span class='ocrx_word' id='word_1_403' title='bbox 2179 970 2513 1026; x_wconf 83' lang='lat' dir='ltr'><strong>libertatem</strong></span> <span class='ocrx_word' id='word_1_404' title='bbox 2550 972 2836 1041; x_wconf 78' lang='lat' dir='ltr'><strong>arguendi</strong></span> <span class='ocrx_word' id='word_1_405' title='bbox 2875 972 2969 1028; x_wconf 90' lang='lat' dir='ltr'><strong>bis</strong></span> <span class='ocrx_word' id='word_1_406' title='bbox 3009 974 3508 1039; x_wconf 84' lang='lat' dir='ltr'><strong>demonstraverit</strong></span> 
     </span>
    </p>
   </div>
   <div class='ocr_carea' id='block_1_61' title="bbox 1846 1057 3505 1133">
    <p class='ocr_par' dir='ltr' id='par_1_61' title="bbox 1846 1057 3505 1133">
     <span class='ocr_line' id='line_1_61' title="bbox 1846 1057 3505 1133; baseline 0.007 -22"><span class='ocrx_word' id='word_1_407' title='bbox 1846 1057 2126 1114; x_wconf 86' lang='lat' dir='ltr'><strong>adversus</strong></span> <span class='ocrx_word' id='word_1_408' title='bbox 2164 1075 2266 1116; x_wconf 89' lang='lat' dir='ltr'><strong>eos</strong></span> <span class='ocrx_word' id='word_1_409' title='bbox 2304 1060 2408 1132; x_wconf 85' lang='lat' dir='ltr'><strong>qui</strong></span> <span class='ocrx_word' id='word_1_410' title='bbox 2443 1059 2502 1116; x_wconf 94' lang='lat' dir='ltr'><strong>in</strong></span> <span class='ocrx_word' id='word_1_411' title='bbox 2536 1060 2756 1132; x_wconf 90' lang='lat' dir='ltr'><strong>templo</strong></span> <span class='ocrx_word' id='word_1_412' title='bbox 2802 1064 3323 1133; x_wconf 90' lang='lat' dir='ltr'><strong>cauponabantur,</strong></span> <span class='ocrx_word' id='word_1_413' title='bbox 3361 1073 3417 1122; x_wconf 87' lang='lat' dir='ltr'><strong>et</strong></span> <span class='ocrx_word' id='word_1_414' title='bbox 3444 1067 3505 1122; x_wconf 90' lang='lat' dir='ltr'><strong>in</strong></span> 
     </span>
    </p>
   </div>
   <div class='ocr_carea' id='block_1_62' title="bbox 1845 1147 3506 1224">
    <p class='ocr_par' dir='ltr' id='par_1_62' title="bbox 1845 1147 3506 1224">
     <span class='ocr_line' id='line_1_62' title="bbox 1845 1147 3506 1224; baseline 0.007 -23"><span class='ocrx_word' id='word_1_415' title='bbox 1845 1147 2133 1218; x_wconf 86' lang='lat' dir='ltr'><strong>principio</strong></span> <span class='ocrx_word' id='word_1_416' title='bbox 2179 1149 2477 1217; x_wconf 82' lang='lat' dir='ltr'><strong>Evangelii</strong></span> <span class='ocrx_word' id='word_1_417' title='bbox 2527 1155 2583 1205; x_wconf 90' lang='lat' dir='ltr'><strong>et</strong></span> <span class='ocrx_word' id='word_1_418' title='bbox 2626 1149 2782 1206; x_wconf 88' lang='lat' dir='ltr'><strong>circa</strong></span> <span class='ocrx_word' id='word_1_419' title='bbox 2825 1149 3022 1207; x_wconf 83' lang='lat' dir='ltr'><strong>tinem.</strong></span> <span class='ocrx_word' id='word_1_420' title='bbox 3068 1153 3206 1217; x_wconf 70' lang='lat' dir='ltr'><strong>Qua:</strong></span> <span class='ocrx_word' id='word_1_421' title='bbox 3254 1169 3398 1224; x_wconf 89' lang='lat' dir='ltr'><strong>ergo</strong></span> <span class='ocrx_word' id='word_1_422' title='bbox 3442 1154 3506 1212; x_wconf 92' lang='lat' dir='ltr'><strong>in</strong></span> 
     </span>
    </p>
   </div>
   <div class='ocr_carea' id='block_1_63' title="bbox 1847 1235 3507 1308">
    <p class='ocr_par' dir='ltr' id='par_1_63' title="bbox 1847 1235 3507 1308">
     <span class='ocr_line' id='line_1_63' title="bbox 1847 1235 3507 1308; baseline 0.005 -16"><span class='ocrx_word' id='word_1_423' title='bbox 1847 1235 2138 1308; x_wconf 86' lang='lat' dir='ltr'><strong>principio</strong></span> <span class='ocrx_word' id='word_1_424' title='bbox 2224 1237 2528 1306; x_wconf 76' lang='lat' dir='ltr'><strong>Evangelii</strong></span> <span class='ocrx_word' id='word_1_425' title='bbox 2591 1239 2989 1308; x_wconf 90' lang='lat' dir='ltr'><strong>contigerunt,</strong></span> <span class='ocrx_word' id='word_1_426' title='bbox 3058 1243 3318 1298; x_wconf 83' lang='lat' dir='ltr'><strong>Joannes</strong></span> <span class='ocrx_word' id='word_1_427' title='bbox 3390 1243 3507 1301; x_wconf 81' lang='lat' dir='ltr'><strong>hoc</strong></span> 
     </span>
    </p>
   </div>
   <div class='ocr_carea' id='block_1_64' title="bbox 1845 1324 3508 1400">
    <p class='ocr_par' dir='ltr' id='par_1_64' title="bbox 1845 1324 3508 1400">
     <span class='ocr_line' id='line_1_64' title="bbox 1845 1324 3508 1400; baseline 0.006 -20"><span class='ocrx_word' id='word_1_428' title='bbox 1845 1324 1976 1381; x_wconf 92' lang='lat' dir='ltr'><strong>loco</strong></span> <span class='ocrx_word' id='word_1_429' title='bbox 2028 1327 2382 1398; x_wconf 83' lang='lat' dir='ltr'><strong>conscripsit</strong></span> <span class='ocrx_word' id='word_1_430' title='bbox 2423 1341 2436 1382; x_wconf 89' lang='lat'><strong>:</strong></span> <span class='ocrx_word' id='word_1_431' title='bbox 2504 1343 2641 1400; x_wconf 68' lang='lat' dir='ltr'><strong>quae</strong></span> <span class='ocrx_word' id='word_1_432' title='bbox 2691 1344 2832 1385; x_wconf 88' lang='lat' dir='ltr'><strong>vero</strong></span> <span class='ocrx_word' id='word_1_433' title='bbox 2895 1330 3053 1386; x_wconf 89' lang='lat' dir='ltr'><strong>circa</strong></span> <span class='ocrx_word' id='word_1_434' title='bbox 3102 1329 3307 1397; x_wconf 87' lang='lat' dir='ltr'><strong>ﬁnem,</strong></span> <span class='ocrx_word' id='word_1_435' title='bbox 3365 1333 3508 1390; x_wconf 82' lang='lat' dir='ltr'><strong>Mat-</strong></span> 
     </span>
    </p>
   </div>
   <div class='ocr_carea' id='block_1_65' title="bbox 1847 1415 2056 1471">
    <p class='ocr_par' dir='ltr' id='par_1_65' title="bbox 1847 1415 2056 1471">
     <span class='ocr_line' id='line_1_65' title="bbox 1847 1415 2056 1471; baseline -0.005 0"><span class='ocrx_word' id='word_1_436' title='bbox 1847 1415 2056 1471; x_wconf 66' lang='lat' dir='ltr'><strong>thmus.</strong></span> 
     </span>
    </p>
   </div>
   <div class='ocr_carea' id='block_1_66' title="bbox 1916 1503 3510 1581">
    <p class='ocr_par' dir='ltr' id='par_1_66' title="bbox 1916 1503 3510 1581">
     <span class='ocr_line' id='line_1_66' title="bbox 1916 1503 3510 1581; baseline 0.006 -23"><span class='ocrx_word' id='word_1_437' title='bbox 1916 1503 2074 1558; x_wconf 89' lang='lat' dir='ltr'><strong>Vers.</strong></span> <span class='ocrx_word' id='word_1_438' title='bbox 2123 1509 2205 1558; x_wconf 82' lang='lat' dir='ltr'><strong>t7.</strong></span> <span class='ocrx_word' id='word_1_439' title='bbox 2248 1506 2568 1562; x_wconf 78' lang='lat' dir='ltr'><strong>Recordali</strong></span> <span class='ocrx_word' id='word_1_440' title='bbox 2595 1536 2664 1546; x_wconf 94' lang='lat'><strong>—</strong></span> <span class='ocrx_word' id='word_1_441' title='bbox 2686 1523 2793 1563; x_wconf 89' lang='lat' dir='ltr'><strong>me.</strong></span> <span class='ocrx_word' id='word_1_442' title='bbox 2828 1511 2974 1563; x_wconf 87' lang='lat' dir='ltr'><strong>Nam</strong></span> <span class='ocrx_word' id='word_1_443' title='bbox 3007 1508 3067 1564; x_wconf 89' lang='lat' dir='ltr'><strong>id</strong></span> <span class='ocrx_word' id='word_1_444' title='bbox 3091 1509 3378 1581; x_wconf 89' lang='lat' dir='ltr'><strong>scriptum</strong></span> <span class='ocrx_word' id='word_1_445' title='bbox 3417 1515 3510 1570; x_wconf 85' lang='lat' dir='ltr'><strong>est</strong></span> 
     </span>
    </p>
   </div>
   <div class='ocr_carea' id='block_1_67' title="bbox 1846 1592 3507 1657">
    <p class='ocr_par' dir='ltr' id='par_1_67' title="bbox 1846 1592 3507 1657">
     <span class='ocr_line' id='line_1_67' title="bbox 1846 1592 3507 1657; baseline 0.005 -9"><span class='ocrx_word' id='word_1_446' title='bbox 1846 1593 1906 1648; x_wconf 92' lang='lat' dir='ltr'><strong>in</strong></span> <span class='ocrx_word' id='word_1_447' title='bbox 1953 1592 2098 1649; x_wconf 90' lang='lat' dir='ltr'><strong>libro</strong></span> <span class='ocrx_word' id='word_1_448' title='bbox 2143 1594 2519 1652; x_wconf 87' lang='lat' dir='ltr'><strong>Psalmorum</strong></span> <span class='ocrx_word' id='word_1_449' title='bbox 2563 1597 2630 1651; x_wconf 66' lang='grc' dir='ltr'><strong>ιο.</strong></span> <span class='ocrx_word' id='word_1_450' title='bbox 2682 1596 2884 1653; x_wconf 85' lang='lat' dir='ltr'><strong>Zetum</strong></span> <span class='ocrx_word' id='word_1_451' title='bbox 2916 1604 3115 1654; x_wconf 90' lang='lat' dir='ltr'><strong>autem</strong></span> <span class='ocrx_word' id='word_1_452' title='bbox 3157 1598 3297 1656; x_wconf 91' lang='lat' dir='ltr'><strong>dicit</strong></span> <span class='ocrx_word' id='word_1_453' title='bbox 3344 1616 3507 1657; x_wconf 89' lang='lat' dir='ltr'><strong>nunc</strong></span> 
     </span>
    </p>
   </div>
   <div class='ocr_carea' id='block_1_68' title="bbox 1842 1682 3507 1756">
    <p class='ocr_par' dir='ltr' id='par_1_68' title="bbox 1842 1682 3507 1756">
     <span class='ocr_line' id='line_1_68' title="bbox 1842 1682 3507 1756; baseline 0.005 -19"><span class='ocrx_word' id='word_1_454' title='bbox 1842 1682 2065 1752; x_wconf 87' lang='lat' dir='ltr'><strong>justam</strong></span> <span class='ocrx_word' id='word_1_455' title='bbox 2098 1682 2596 1754; x_wconf 81' lang='lat' dir='ltr'><strong>indignationem.</strong></span> <span class='ocrx_word' id='word_1_456' title='bbox 2621 1686 2907 1756; x_wconf 75' lang='lat' dir='ltr'><strong>Comedit,</strong></span> <span class='ocrx_word' id='word_1_457' title='bbox 2925 1686 3039 1743; x_wconf 93' lang='lat' dir='ltr'><strong>hoc</strong></span> <span class='ocrx_word' id='word_1_458' title='bbox 3060 1692 3171 1754; x_wconf 88' lang='lat' dir='ltr'><strong>est,</strong></span> <span class='ocrx_word' id='word_1_459' title='bbox 3190 1688 3360 1745; x_wconf 87' lang='lat' dir='ltr'><strong>valde</strong></span> <span class='ocrx_word' id='word_1_460' title='bbox 3378 1705 3507 1748; x_wconf 87' lang='lat' dir='ltr'><strong>am-</strong></span> 
     </span>
    </p>
   </div>
   <div class='ocr_carea' id='block_1_69' title="bbox 1769 1771 2731 1850">
    <p class='ocr_par' dir='ltr' id='par_1_69' title="bbox 1769 1771 2731 1850">
     <span class='ocr_line' id='line_1_69' title="bbox 1769 1771 2731 1850; baseline 0.005 -25"><span class='ocrx_word' id='word_1_461' title='bbox 1769 1796 1813 1850; x_wconf 78' lang='grc' dir='ltr'>Β</span> <span class='ocrx_word' id='word_1_462' title='bbox 1849 1771 2120 1842; x_wconf 84' lang='lat' dir='ltr'><strong>plectitur</strong></span> <span class='ocrx_word' id='word_1_463' title='bbox 2149 1778 2204 1826; x_wconf 87' lang='lat' dir='ltr'><strong>et</strong></span> <span class='ocrx_word' id='word_1_464' title='bbox 2242 1771 2578 1830; x_wconf 87' lang='lat' dir='ltr'><strong>inﬂammat</strong></span> <span class='ocrx_word' id='word_1_465' title='bbox 2618 1789 2731 1830; x_wconf 89' lang='lat' dir='ltr'><strong>me.</strong></span> 
     </span>
    </p>
   </div>
   <div class='ocr_carea' id='block_1_70' title="bbox 1919 1862 3508 1935">
    <p class='ocr_par' dir='ltr' id='par_1_70' title="bbox 1919 1862 3508 1935">
     <span class='ocr_line' id='line_1_70' title="bbox 1919 1862 3508 1935; baseline 0.005 -19"><span class='ocrx_word' id='word_1_466' title='bbox 1919 1862 2078 1916; x_wconf 87' lang='lat' dir='ltr'><strong>Scire</strong></span> <span class='ocrx_word' id='word_1_467' title='bbox 2120 1867 2320 1917; x_wconf 87' lang='lat' dir='ltr'><strong>autem</strong></span> <span class='ocrx_word' id='word_1_468' title='bbox 2365 1867 2617 1934; x_wconf 87' lang='lat' dir='ltr'><strong>oportet,</strong></span> <span class='ocrx_word' id='word_1_469' title='bbox 2656 1863 2822 1935; x_wconf 89' lang='lat' dir='ltr'><strong>quod</strong></span> <span class='ocrx_word' id='word_1_470' title='bbox 2869 1864 3149 1921; x_wconf 88' lang='lat' dir='ltr'><strong>homines</strong></span> <span class='ocrx_word' id='word_1_471' title='bbox 3197 1865 3354 1924; x_wconf 86' lang='lat' dir='ltr'><strong>facto</strong></span> <span class='ocrx_word' id='word_1_472' title='bbox 3401 1866 3508 1924; x_wconf 86' lang='lat' dir='ltr'><strong>ﬂa-</strong></span> 
     </span>
    </p>
   </div>
   <div class='ocr_carea' id='block_1_71' title="bbox 1848 1949 3507 2027">
    <p class='ocr_par' dir='ltr' id='par_1_71' title="bbox 1848 1949 3507 2027">
     <span class='ocr_line' id='line_1_71' title="bbox 1848 1949 3507 2027; baseline 0.007 -23"><span class='ocrx_word' id='word_1_473' title='bbox 1848 1949 2002 2020; x_wconf 90' lang='lat' dir='ltr'><strong>gello</strong></span> <span class='ocrx_word' id='word_1_474' title='bbox 2054 1966 2176 2007; x_wconf 92' lang='lat' dir='ltr'><strong>non</strong></span> <span class='ocrx_word' id='word_1_475' title='bbox 2230 1952 2576 2018; x_wconf 89' lang='lat' dir='ltr'><strong>verberavit,</strong></span> <span class='ocrx_word' id='word_1_476' title='bbox 2637 1953 2742 2008; x_wconf 88' lang='lat' dir='ltr'><strong>sed</strong></span> <span class='ocrx_word' id='word_1_477' title='bbox 2799 1953 2963 2025; x_wconf 83' lang='lat' dir='ltr'><strong>ipsos</strong></span> <span class='ocrx_word' id='word_1_478' title='bbox 3021 1956 3266 2027; x_wconf 89' lang='lat' dir='ltr'><strong>quidem</strong></span> <span class='ocrx_word' id='word_1_479' title='bbox 3324 1961 3507 2014; x_wconf 84' lang='lat' dir='ltr'><strong>exter-</strong></span> 
     </span>
    </p>
   </div>
   <div class='ocr_carea' id='block_1_72' title="bbox 1846 2039 3506 2112">
    <p class='ocr_par' dir='ltr' id='par_1_72' title="bbox 1846 2039 3506 2112">
     <span class='ocr_line' id='line_1_72' title="bbox 1846 2039 3506 2112; baseline 0.005 -17"><span class='ocrx_word' id='word_1_480' title='bbox 1846 2039 1962 2095; x_wconf 82' lang='lat' dir='ltr'><strong>ruit</strong></span> <span class='ocrx_word' id='word_1_481' title='bbox 2009 2056 2079 2097; x_wconf 86' lang='lat' dir='ltr'><strong>ac</strong></span> <span class='ocrx_word' id='word_1_482' title='bbox 2105 2039 2327 2112; x_wconf 86' lang='lat' dir='ltr'><strong>expulit</strong></span> <span class='ocrx_word' id='word_1_483' title='bbox 2352 2056 2367 2108; x_wconf 88' lang='grc'><strong>;</strong></span> <span class='ocrx_word' id='word_1_484' title='bbox 2397 2057 2542 2098; x_wconf 89' lang='lat' dir='ltr'><strong>oves</strong></span> <span class='ocrx_word' id='word_1_485' title='bbox 2587 2057 2730 2098; x_wconf 91' lang='lat' dir='ltr'><strong>vero</strong></span> <span class='ocrx_word' id='word_1_486' title='bbox 2772 2057 2842 2098; x_wconf 88' lang='lat' dir='ltr'><strong>ac</strong></span> <span class='ocrx_word' id='word_1_487' title='bbox 2873 2042 3054 2100; x_wconf 85' lang='lat' dir='ltr'><strong>boves</strong></span> <span class='ocrx_word' id='word_1_488' title='bbox 3086 2045 3421 2102; x_wconf 85' lang='lat' dir='ltr'><strong>verberavit</strong></span> <span class='ocrx_word' id='word_1_489' title='bbox 3448 2050 3506 2104; x_wconf 91' lang='lat' dir='ltr'><strong>et</strong></span> 
     </span>
    </p>
   </div>
   <div class='ocr_carea' id='block_1_73' title="bbox 1848 2129 2036 2200">
    <p class='ocr_par' dir='ltr' id='par_1_73' title="bbox 1848 2129 2036 2200">
     <span class='ocr_line' id='line_1_73' title="bbox 1848 2129 2036 2200; baseline -0.005 -15"><span class='ocrx_word' id='word_1_490' title='bbox 1848 2129 2036 2200; x_wconf 88' lang='lat' dir='ltr'><strong>ejecit.</strong></span> 
     </span>
    </p>
   </div>
   <div class='ocr_carea' id='block_1_74' title="bbox 1920 2218 3505 2292">
    <p class='ocr_par' dir='ltr' id='par_1_74' title="bbox 1920 2218 3505 2292">
     <span class='ocr_line' id='line_1_74' title="bbox 1920 2218 3505 2292; baseline 0.007 -19"><span class='ocrx_word' id='word_1_491' title='bbox 1920 2218 2083 2274; x_wconf 88' lang='lat' dir='ltr'><strong>Vers.</strong></span> <span class='ocrx_word' id='word_1_492' title='bbox 2118 2222 2198 2274; x_wconf 78' lang='grc'><strong>18.</strong></span> <span class='ocrx_word' id='word_1_493' title='bbox 2237 2221 2688 2289; x_wconf 80' lang='lat' dir='ltr'><strong>Responderunt</strong></span> <span class='ocrx_word' id='word_1_494' title='bbox 2727 2252 2796 2263; x_wconf 89' lang='lat'><strong><em>—</em></strong></span> <span class='ocrx_word' id='word_1_495' title='bbox 2817 2222 3016 2292; x_wconf 77' lang='lat' dir='ltr'><strong>facias</strong></span> <span class='ocrx_word' id='word_1_496' title='bbox 3036 2222 3064 2278; x_wconf 68' lang='lat'><strong>‘2</strong></span> <span class='ocrx_word' id='word_1_497' title='bbox 3085 2222 3349 2281; x_wconf 89' lang='lat' dir='ltr'><strong>Scientes</strong></span> <span class='ocrx_word' id='word_1_498' title='bbox 3379 2241 3505 2285; x_wconf 88' lang='lat' dir='ltr'><strong>sese</strong></span> 
     </span>
    </p>
   </div>
   <div class='ocr_carea' id='block_1_75' title="bbox 1849 2309 3505 2382">
    <p class='ocr_par' dir='ltr' id='par_1_75' title="bbox 1849 2309 3505 2382">
     <span class='ocr_line' id='line_1_75' title="bbox 1849 2309 3505 2382; baseline 0.005 -18"><span class='ocrx_word' id='word_1_499' title='bbox 1849 2309 2300 2374; x_wconf 89' lang='lat' dir='ltr'><strong>condemnatos,</strong></span> <span class='ocrx_word' id='word_1_500' title='bbox 2317 2310 2516 2381; x_wconf 89' lang='lat' dir='ltr'><strong>ipsum</strong></span> <span class='ocrx_word' id='word_1_501' title='bbox 2531 2311 2777 2382; x_wconf 87' lang='lat' dir='ltr'><strong>quidem</strong></span> <span class='ocrx_word' id='word_1_502' title='bbox 2793 2311 3226 2382; x_wconf 87' lang='lat' dir='ltr'><strong>reprehendere</strong></span> <span class='ocrx_word' id='word_1_503' title='bbox 3241 2314 3370 2370; x_wconf 87' lang='lat' dir='ltr'><strong>ausi</strong></span> <span class='ocrx_word' id='word_1_504' title='bbox 3384 2331 3505 2372; x_wconf 92' lang='lat' dir='ltr'><strong>non</strong></span> 
     </span>
    </p>
   </div>
   <div class='ocr_carea' id='block_1_76' title="bbox 1848 2398 3507 2468">
    <p class='ocr_par' dir='ltr' id='par_1_76' title="bbox 1848 2398 3507 2468">
     <span class='ocr_line' id='line_1_76' title="bbox 1848 2398 3507 2468; baseline 0.006 -16"><span class='ocrx_word' id='word_1_505' title='bbox 1848 2405 2006 2463; x_wconf 85' lang='lat' dir='ltr'><strong>sunt,</strong></span> <span class='ocrx_word' id='word_1_506' title='bbox 2041 2398 2146 2453; x_wconf 90' lang='lat' dir='ltr'><strong>sed</strong></span> <span class='ocrx_word' id='word_1_507' title='bbox 2178 2399 2451 2454; x_wconf 77' lang='lat' dir='ltr'><strong>dixerunt</strong></span> <span class='ocrx_word' id='word_1_508' title='bbox 2479 2398 2529 2454; x_wconf 90' lang='lat' dir='ltr'><strong>ei</strong></span> <span class='ocrx_word' id='word_1_509' title='bbox 2570 2415 2583 2454; x_wconf 90' lang='lat'>:</span> <span class='ocrx_word' id='word_1_510' title='bbox 2617 2398 2765 2456; x_wconf 90' lang='lat' dir='ltr'><strong>Cum</strong></span> <span class='ocrx_word' id='word_1_511' title='bbox 2812 2400 2941 2456; x_wconf 69' lang='lat' dir='ltr'><strong>hinc</strong></span> <span class='ocrx_word' id='word_1_512' title='bbox 2970 2399 3173 2468; x_wconf 79' lang='lat' dir='ltr'><strong>facias,</strong></span> <span class='ocrx_word' id='word_1_513' title='bbox 3217 2401 3340 2460; x_wconf 89' lang='lat' dir='ltr'><strong>sive</strong></span> <span class='ocrx_word' id='word_1_514' title='bbox 3366 2419 3507 2462; x_wconf 87' lang='lat' dir='ltr'><strong>cum</strong></span> 
     </span>
    </p>
   </div>
   <div class='ocr_carea' id='block_1_77' title="bbox 1849 2485 3506 2560">
    <p class='ocr_par' dir='ltr' id='par_1_77' title="bbox 1849 2485 3506 2560">
     <span class='ocr_line' id='line_1_77' title="bbox 1849 2485 3506 2560; baseline 0.003 -18"><span class='ocrx_word' id='word_1_515' title='bbox 1849 2485 2178 2543; x_wconf 89' lang='lat' dir='ltr'><strong>dominium</strong></span> <span class='ocrx_word' id='word_1_516' title='bbox 2196 2486 2303 2542; x_wconf 86' lang='lat' dir='ltr'><strong>tibi</strong></span> <span class='ocrx_word' id='word_1_517' title='bbox 2326 2487 2607 2557; x_wconf 88' lang='lat' dir='ltr'><strong>vindices,</strong></span> <span class='ocrx_word' id='word_1_518' title='bbox 2621 2488 2786 2560; x_wconf 90' lang='lat' dir='ltr'><strong>quod</strong></span> <span class='ocrx_word' id='word_1_519' title='bbox 2800 2487 3039 2559; x_wconf 88' lang='lat' dir='ltr'><strong>signum</strong></span> <span class='ocrx_word' id='word_1_520' title='bbox 3053 2490 3316 2547; x_wconf 86' lang='lat' dir='ltr'><strong>ostendis</strong></span> <span class='ocrx_word' id='word_1_521' title='bbox 3330 2489 3506 2548; x_wconf 91' lang='lat' dir='ltr'><strong>nobis</strong></span> 
     </span>
    </p>
   </div>
   <div class='ocr_carea' id='block_1_78' title="bbox 1852 2575 2424 2632">
    <p class='ocr_par' dir='ltr' id='par_1_78' title="bbox 1852 2575 2424 2632">
     <span class='ocr_line' id='line_1_78' title="bbox 1852 2575 2424 2632; baseline 0.002 -2"><span class='ocrx_word' id='word_1_522' title='bbox 1852 2581 1962 2631; x_wconf 69' lang='lat' dir='ltr'><strong>tuae</strong></span> <span class='ocrx_word' id='word_1_523' title='bbox 2006 2575 2378 2631; x_wconf 88' lang='lat' dir='ltr'><strong>auctoritatis</strong></span> <span class='ocrx_word' id='word_1_524' title='bbox 2397 2576 2424 2632; x_wconf 87' lang='lat'><strong>?</strong></span> 
     </span>
    </p>
   </div>
   <div class='ocr_carea' id='block_1_79' title="bbox 1919 2664 3510 2733">
    <p class='ocr_par' dir='ltr' id='par_1_79' title="bbox 1919 2664 3510 2733">
     <span class='ocr_line' id='line_1_79' title="bbox 1919 2664 3510 2733; baseline 0.003 -12"><span class='ocrx_word' id='word_1_525' title='bbox 1919 2669 1963 2722; x_wconf 86' lang='lat'>0</span> <span class='ocrx_word' id='word_1_526' title='bbox 2018 2665 2318 2733; x_wconf 88' lang='lat' dir='ltr'><strong>ingentem</strong></span> <span class='ocrx_word' id='word_1_527' title='bbox 2372 2664 2770 2725; x_wconf 76' lang='lat' dir='ltr'><strong>dementiam!</strong></span> <span class='ocrx_word' id='word_1_528' title='bbox 2821 2681 2958 2722; x_wconf 85' lang='lat' dir='ltr'><strong>cum</strong></span> <span class='ocrx_word' id='word_1_529' title='bbox 3001 2665 3328 2724; x_wconf 89' lang='lat' dir='ltr'><strong>benevolos</strong></span> <span class='ocrx_word' id='word_1_530' title='bbox 3381 2685 3510 2725; x_wconf 89' lang='lat' dir='ltr'><strong>esse</strong></span> 
     </span>
    </p>
   </div>
   <div class='ocr_carea' id='block_1_80' title="bbox 1848 2753 3511 2826">
    <p class='ocr_par' dir='ltr' id='par_1_80' title="bbox 1848 2753 3511 2826">
     <span class='ocr_line' id='line_1_80' title="bbox 1848 2753 3511 2826; baseline 0.002 -17"><span class='ocrx_word' id='word_1_531' title='bbox 1848 2758 2136 2825; x_wconf 86' lang='lat' dir='ltr'><strong>oporteat,</strong></span> <span class='ocrx_word' id='word_1_532' title='bbox 2164 2754 2486 2826; x_wconf 87' lang='lat' dir='ltr'><strong>ipsumque</strong></span> <span class='ocrx_word' id='word_1_533' title='bbox 2504 2753 2771 2820; x_wconf 88' lang='lat' dir='ltr'><strong>laudare,</strong></span> <span class='ocrx_word' id='word_1_534' title='bbox 2807 2755 2908 2826; x_wconf 89' lang='lat' dir='ltr'><strong>qui</strong></span> <span class='ocrx_word' id='word_1_535' title='bbox 2934 2754 3183 2812; x_wconf 88' lang='lat' dir='ltr'><strong>domum</strong></span> <span class='ocrx_word' id='word_1_536' title='bbox 3216 2756 3314 2812; x_wconf 85' lang='lat' dir='ltr'><strong>Dei</strong></span> <span class='ocrx_word' id='word_1_537' title='bbox 3347 2762 3511 2814; x_wconf 88' lang='lat' dir='ltr'><strong>tanta</strong></span> 
     </span>
    </p>
   </div>
   <div class='ocr_carea' id='block_1_81' title="bbox 1849 2843 3505 2917">
    <p class='ocr_par' dir='ltr' id='par_1_81' title="bbox 1849 2843 3505 2917">
     <span class='ocr_line' id='line_1_81' title="bbox 1849 2843 3505 2917; baseline 0.001 -17"><span class='ocrx_word' id='word_1_538' title='bbox 1849 2849 2126 2916; x_wconf 81' lang='lat' dir='ltr'><strong>purgaret</strong></span> <span class='ocrx_word' id='word_1_539' title='bbox 2155 2843 2505 2913; x_wconf 88' lang='lat' dir='ltr'><strong>ignominia,</strong></span> <span class='ocrx_word' id='word_1_540' title='bbox 2543 2843 2908 2900; x_wconf 87' lang='lat' dir='ltr'><strong>auctoritatis</strong></span> <span class='ocrx_word' id='word_1_541' title='bbox 2939 2843 3178 2915; x_wconf 88' lang='lat' dir='ltr'><strong>signum</strong></span> <span class='ocrx_word' id='word_1_542' title='bbox 3208 2850 3505 2917; x_wconf 68' lang='lat' dir='ltr'><strong>quierunt,</strong></span> 
     </span>
    </p>
   </div>
   <div class='ocr_carea' id='block_1_82' title="bbox 1847 2932 3504 3005">
    <p class='ocr_par' dir='ltr' id='par_1_82' title="bbox 1847 2932 3504 3005">
     <span class='ocr_line' id='line_1_82' title="bbox 1847 2932 3504 3005; baseline 0.004 -18"><span class='ocrx_word' id='word_1_543' title='bbox 1847 2932 2070 2988; x_wconf 88' lang='lat' dir='ltr'><strong>invidia</strong></span> <span class='ocrx_word' id='word_1_544' title='bbox 2099 2932 2487 2996; x_wconf 88' lang='lat' dir='ltr'><strong>tabescentes,</strong></span> <span class='ocrx_word' id='word_1_545' title='bbox 2525 2937 2582 2988; x_wconf 90' lang='lat' dir='ltr'><strong>et</strong></span> <span class='ocrx_word' id='word_1_546' title='bbox 2631 2933 2871 3004; x_wconf 90' lang='lat' dir='ltr'><strong>signum</strong></span> <span class='ocrx_word' id='word_1_547' title='bbox 2918 2949 3159 3005; x_wconf 90' lang='lat' dir='ltr'><strong>carpere</strong></span> <span class='ocrx_word' id='word_1_548' title='bbox 3212 2934 3504 2994; x_wconf 86' lang='lat' dir='ltr'><strong>volentes.</strong></span> 
     </span>
    </p>
   </div>
   <div class='ocr_carea' id='block_1_83' title="bbox 1846 3021 3506 3095">
    <p class='ocr_par' dir='ltr' id='par_1_83' title="bbox 1846 3021 3506 3095">
     <span class='ocr_line' id='line_1_83' title="bbox 1846 3021 3506 3095; baseline 0.002 -17"><span class='ocrx_word' id='word_1_549' title='bbox 1846 3026 1990 3078; x_wconf 87' lang='lat' dir='ltr'><strong>Nam</strong></span> <span class='ocrx_word' id='word_1_550' title='bbox 2022 3021 2162 3077; x_wconf 88' lang='lat' dir='ltr'><strong>alibi</strong></span> <span class='ocrx_word' id='word_1_551' title='bbox 2202 3037 2443 3095; x_wconf 86' lang='lat' dir='ltr'><strong>quoque</strong></span> <span class='ocrx_word' id='word_1_552' title='bbox 2469 3021 2746 3082; x_wconf 78' lang='lat' dir='ltr'><strong>dixerunt</strong></span> <span class='ocrx_word' id='word_1_553' title='bbox 2775 3038 2786 3078; x_wconf 92' lang='lat'><strong>:</strong></span> <span class='ocrx_word' id='word_1_554' title='bbox 2820 3022 2890 3077; x_wconf 88' lang='lat' dir='ltr'><strong>In</strong></span> <span class='ocrx_word' id='word_1_555' title='bbox 2912 3038 3032 3095; x_wconf 83' lang='lat' dir='ltr'><strong>qua</strong></span> <span class='ocrx_word' id='word_1_556' title='bbox 3068 3029 3349 3093; x_wconf 75' lang='lat' dir='ltr'><strong>potestate</strong></span> <span class='ocrx_word' id='word_1_557' title='bbox 3379 3024 3506 3081; x_wconf 65' lang='lat' dir='ltr'><strong>haec</strong></span> 
     </span>
    </p>
   </div>
   <div class='ocr_carea' id='block_1_84' title="bbox 1765 3113 2112 3209">
    <p class='ocr_par' dir='ltr' id='par_1_84' title="bbox 1765 3113 2112 3209">
     <span class='ocr_line' id='line_1_84' title="bbox 1765 3113 2112 3209; baseline 0 0"><span class='ocrx_word' id='word_1_558' title='bbox 1765 3151 1807 3209; x_wconf 73' lang='grc' dir='ltr'>ο</span> <span class='ocrx_word' id='word_1_559' title='bbox 1843 3113 1993 3209; x_wconf 59' lang='lat' dir='ltr'><strong>rues</strong></span> <span class='ocrx_word' id='word_1_560' title='bbox 2024 3113 2112 3168; x_wconf 52' lang='grc' dir='ltr'><strong>ηε)</strong></span> 
     </span>
    </p>
   </div>
   <div class='ocr_carea' id='block_1_85' title="bbox 1920 3200 3506 3270">
    <p class='ocr_par' dir='ltr' id='par_1_85' title="bbox 1920 3200 3506 3270">
     <span class='ocr_line' id='line_1_85' title="bbox 1920 3200 3506 3270; baseline 0.002 -14"><span class='ocrx_word' id='word_1_561' title='bbox 1920 3201 2078 3256; x_wconf 85' lang='lat' dir='ltr'><strong>Vers.</strong></span> <span class='ocrx_word' id='word_1_562' title='bbox 2111 3201 2195 3256; x_wconf 82' lang='grc'><strong>19.</strong></span> <span class='ocrx_word' id='word_1_563' title='bbox 2227 3200 2546 3270; x_wconf 74' lang='lat' dir='ltr'><strong>Respondit</strong></span> <span class='ocrx_word' id='word_1_564' title='bbox 2591 3231 2657 3242; x_wconf 92' lang='lat'><strong>-—</strong></span> <span class='ocrx_word' id='word_1_565' title='bbox 2681 3200 2887 3270; x_wconf 80' lang='lat' dir='ltr'><strong>ipsum.</strong></span> <span class='ocrx_word' id='word_1_566' title='bbox 2930 3201 3211 3258; x_wconf 72' lang='lat' dir='ltr'><strong>Potentiaa</strong></span> <span class='ocrx_word' id='word_1_567' title='bbox 3246 3219 3364 3258; x_wconf 71' lang='lat' dir='ltr'><strong>sua:</strong></span> <span class='ocrx_word' id='word_1_568' title='bbox 3401 3218 3506 3260; x_wconf 77' lang='lat' dir='ltr'><strong>au-</strong></span> 
     </span>
    </p>
   </div>
   <div class='ocr_carea' id='block_1_86' title="bbox 1844 3289 3505 3362">
    <p class='ocr_par' dir='ltr' id='par_1_86' title="bbox 1844 3289 3505 3362">
     <span class='ocr_line' id='line_1_86' title="bbox 1844 3289 3505 3362; baseline 0.001 -16"><span class='ocrx_word' id='word_1_569' title='bbox 1844 3290 2128 3346; x_wconf 89' lang='lat' dir='ltr'><strong>ctoritatis</strong></span> <span class='ocrx_word' id='word_1_570' title='bbox 2169 3290 2404 3359; x_wconf 89' lang='lat' dir='ltr'><strong>signum</strong></span> <span class='ocrx_word' id='word_1_571' title='bbox 2442 3289 2547 3345; x_wconf 88' lang='lat' dir='ltr'><strong>dat</strong></span> <span class='ocrx_word' id='word_1_572' title='bbox 2597 3289 2705 3360; x_wconf 89' lang='lat' dir='ltr'><strong>eis,</strong></span> <span class='ocrx_word' id='word_1_573' title='bbox 2750 3295 2894 3362; x_wconf 89' lang='lat' dir='ltr'><strong>puta</strong></span> <span class='ocrx_word' id='word_1_574' title='bbox 2951 3291 3104 3348; x_wconf 89' lang='lat' dir='ltr'><strong>tertii</strong></span> <span class='ocrx_word' id='word_1_575' title='bbox 3151 3291 3268 3348; x_wconf 90' lang='lat' dir='ltr'><strong>diei</strong></span> <span class='ocrx_word' id='word_1_576' title='bbox 3308 3306 3505 3350; x_wconf 82' lang='lat' dir='ltr'><strong>resur—</strong></span> 
     </span>
    </p>
   </div>
   <div class='ocr_carea' id='block_1_87' title="bbox 1843 3378 3498 3453">
    <p class='ocr_par' dir='ltr' id='par_1_87' title="bbox 1843 3378 3498 3453">
     <span class='ocr_line' id='line_1_87' title="bbox 1843 3378 3498 3453; baseline -0.001 -17"><span class='ocrx_word' id='word_1_577' title='bbox 1843 3381 2187 3437; x_wconf 88' lang='lat' dir='ltr'><strong>rectionem.</strong></span> <span class='ocrx_word' id='word_1_578' title='bbox 2212 3382 2358 3436; x_wconf 85' lang='lat' dir='ltr'><strong>Nam</strong></span> <span class='ocrx_word' id='word_1_579' title='bbox 2379 3378 2670 3450; x_wconf 89' lang='lat' dir='ltr'><strong>templum</strong></span> <span class='ocrx_word' id='word_1_580' title='bbox 2686 3379 2825 3436; x_wconf 88' lang='lat' dir='ltr'><strong>dicit</strong></span> <span class='ocrx_word' id='word_1_581' title='bbox 2851 3396 3071 3452; x_wconf 89' lang='lat' dir='ltr'><strong>corpus</strong></span> <span class='ocrx_word' id='word_1_582' title='bbox 3090 3396 3288 3450; x_wconf 89' lang='lat' dir='ltr'><strong>suum,</strong></span> <span class='ocrx_word' id='word_1_583' title='bbox 3307 3381 3498 3453; x_wconf 88' lang='lat' dir='ltr'><strong>ipsum</strong></span> 
     </span>
    </p>
   </div>
   <div class='ocr_carea' id='block_1_88' title="bbox 1844 3469 3504 3541">
    <p class='ocr_par' dir='ltr' id='par_1_88' title="bbox 1844 3469 3504 3541">
     <span class='ocr_line' id='line_1_88' title="bbox 1844 3469 3504 3541; baseline 0.001 -16"><span class='ocrx_word' id='word_1_584' title='bbox 1844 3470 2003 3526; x_wconf 89' lang='lat' dir='ltr'><strong>enim</strong></span> <span class='ocrx_word' id='word_1_585' title='bbox 2024 3470 2242 3526; x_wconf 89' lang='lat' dir='ltr'><strong>domus</strong></span> <span class='ocrx_word' id='word_1_586' title='bbox 2261 3473 2354 3526; x_wconf 88' lang='lat' dir='ltr'><strong>est</strong></span> <span class='ocrx_word' id='word_1_587' title='bbox 2383 3475 2439 3524; x_wconf 89' lang='lat' dir='ltr'><strong>et</strong></span> <span class='ocrx_word' id='word_1_588' title='bbox 2461 3469 2744 3541; x_wconf 90' lang='lat' dir='ltr'><strong>templum</strong></span> <span class='ocrx_word' id='word_1_589' title='bbox 2768 3485 2890 3526; x_wconf 91' lang='lat' dir='ltr'><strong>non</strong></span> <span class='ocrx_word' id='word_1_590' title='bbox 2911 3470 3125 3526; x_wconf 69' lang='lat' dir='ltr'><strong>anima:</strong></span> <span class='ocrx_word' id='word_1_591' title='bbox 3150 3470 3368 3537; x_wconf 89' lang='lat' dir='ltr'><strong>solum,</strong></span> <span class='ocrx_word' id='word_1_592' title='bbox 3403 3486 3504 3528; x_wconf 87' lang='lat' dir='ltr'><strong>ve-</strong></span> 
     </span>
    </p>
   </div>
   <div class='ocr_carea' id='block_1_89' title="bbox 1843 3559 2570 3617">
    <p class='ocr_par' dir='ltr' id='par_1_89' title="bbox 1843 3559 2570 3617">
     <span class='ocr_line' id='line_1_89' title="bbox 1843 3559 2570 3617; baseline -0.003 -1"><span class='ocrx_word' id='word_1_593' title='bbox 1843 3577 1978 3617; x_wconf 88' lang='lat' dir='ltr'><strong>rum</strong></span> <span class='ocrx_word' id='word_1_594' title='bbox 2018 3560 2195 3617; x_wconf 87' lang='lat' dir='ltr'><strong>etiam</strong></span> <span class='ocrx_word' id='word_1_595' title='bbox 2223 3559 2570 3616; x_wconf 87' lang='lat' dir='ltr'><strong>divinitatis.</strong></span> 
     </span>
    </p>
   </div>
   <div class='ocr_carea' id='block_1_90' title="bbox 1915 3648 3505 3716">
    <p class='ocr_par' dir='ltr' id='par_1_90' title="bbox 1915 3648 3505 3716">
     <span class='ocr_line' id='line_1_90' title="bbox 1915 3648 3505 3716; baseline 0 -9"><span class='ocrx_word' id='word_1_596' title='bbox 1915 3649 2142 3707; x_wconf 80' lang='lat' dir='ltr'><strong>Solvite</strong></span> <span class='ocrx_word' id='word_1_597' title='bbox 2171 3654 2372 3706; x_wconf 88' lang='lat' dir='ltr'><strong>autem</strong></span> <span class='ocrx_word' id='word_1_598' title='bbox 2412 3648 2579 3716; x_wconf 81' lang='lat' dir='ltr'><strong>dixit,</strong></span> <span class='ocrx_word' id='word_1_599' title='bbox 2611 3664 2734 3706; x_wconf 91' lang='lat' dir='ltr'><strong>non</strong></span> <span class='ocrx_word' id='word_1_600' title='bbox 2779 3649 3110 3705; x_wconf 88' lang='lat' dir='ltr'><strong>adhortans</strong></span> <span class='ocrx_word' id='word_1_601' title='bbox 3148 3665 3251 3706; x_wconf 90' lang='lat' dir='ltr'><strong>eos</strong></span> <span class='ocrx_word' id='word_1_602' title='bbox 3291 3648 3368 3708; x_wconf 87' lang='lat' dir='ltr'><strong>ad</strong></span> <span class='ocrx_word' id='word_1_603' title='bbox 3409 3649 3505 3707; x_wconf 89' lang='lat' dir='ltr'><strong>sui</strong></span> 
     </span>
    </p>
   </div>
   <div class='ocr_carea' id='block_1_91' title="bbox 1846 3739 3507 3812">
    <p class='ocr_par' dir='ltr' id='par_1_91' title="bbox 1846 3739 3507 3812">
     <span class='ocr_line' id='line_1_91' title="bbox 1846 3739 3507 3812; baseline 0.001 -16"><span class='ocrx_word' id='word_1_604' title='bbox 1846 3739 2332 3802; x_wconf 80' lang='lat' dir='ltr'><strong>interfectionem,</strong></span> <span class='ocrx_word' id='word_1_605' title='bbox 2398 3739 2506 3795; x_wconf 91' lang='lat' dir='ltr'><strong>sed</strong></span> <span class='ocrx_word' id='word_1_606' title='bbox 2561 3739 2706 3812; x_wconf 87' lang='lat' dir='ltr'><strong>quia</strong></span> <span class='ocrx_word' id='word_1_607' title='bbox 2770 3739 3048 3809; x_wconf 90' lang='lat' dir='ltr'><strong>cognovit</strong></span> <span class='ocrx_word' id='word_1_608' title='bbox 3091 3739 3256 3812; x_wconf 90' lang='lat' dir='ltr'><strong>quod</strong></span> <span class='ocrx_word' id='word_1_609' title='bbox 3294 3739 3507 3797; x_wconf 88' lang='lat' dir='ltr'><strong>facturi</strong></span> 
     </span>
    </p>
   </div>
   <div class='ocr_carea' id='block_1_92' title="bbox 1847 3828 3506 3900">
    <p class='ocr_par' dir='ltr' id='par_1_92' title="bbox 1847 3828 3506 3900">
     <span class='ocr_line' id='line_1_92' title="bbox 1847 3828 3506 3900; baseline 0 -16"><span class='ocrx_word' id='word_1_610' title='bbox 1847 3834 2034 3894; x_wconf 88' lang='lat' dir='ltr'><strong>erant,</strong></span> <span class='ocrx_word' id='word_1_611' title='bbox 2067 3829 2379 3898; x_wconf 83' lang='lat' dir='ltr'><strong>ﬁgurativo</strong></span> <span class='ocrx_word' id='word_1_612' title='bbox 2405 3843 2679 3884; x_wconf 90' lang='lat' dir='ltr'><strong>sermone</strong></span> <span class='ocrx_word' id='word_1_613' title='bbox 2723 3829 3023 3900; x_wconf 70' lang='lat' dir='ltr'><strong>praedixit.</strong></span> <span class='ocrx_word' id='word_1_614' title='bbox 3081 3828 3294 3886; x_wconf 78' lang='lat' dir='ltr'><strong>Solvite</strong></span> <span class='ocrx_word' id='word_1_615' title='bbox 3341 3845 3506 3900; x_wconf 91' lang='lat' dir='ltr'><strong>ergo,</strong></span> 
     </span>
    </p>
   </div>
   <div class='ocr_carea' id='block_1_93' title="bbox 1849 3917 3508 3992">
    <p class='ocr_par' dir='ltr' id='par_1_93' title="bbox 1849 3917 3508 3992">
     <span class='ocr_line' id='line_1_93' title="bbox 1849 3917 3508 3992; baseline 0.002 -19"><span class='ocrx_word' id='word_1_616' title='bbox 1849 3920 1986 3982; x_wconf 89' lang='lat' dir='ltr'><strong>sive,</strong></span> <span class='ocrx_word' id='word_1_617' title='bbox 2018 3920 2079 3973; x_wconf 90' lang='lat' dir='ltr'><strong>ln</strong></span> <span class='ocrx_word' id='word_1_618' title='bbox 2119 3924 2338 3974; x_wconf 87' lang='lat' dir='ltr'><strong>terram</strong></span> <span class='ocrx_word' id='word_1_619' title='bbox 2380 3917 2722 3983; x_wconf 86' lang='lat' dir='ltr'><strong>subvertite,</strong></span> <span class='ocrx_word' id='word_1_620' title='bbox 2753 3917 2830 3974; x_wconf 89' lang='lat' dir='ltr'><strong>ab</strong></span> <span class='ocrx_word' id='word_1_621' title='bbox 2871 3917 3078 3974; x_wconf 88' lang='lat' dir='ltr'><strong>anima</strong></span> <span class='ocrx_word' id='word_1_622' title='bbox 3116 3923 3412 3992; x_wconf 88' lang='lat' dir='ltr'><strong>separate,</strong></span> <span class='ocrx_word' id='word_1_623' title='bbox 3448 3923 3508 3976; x_wconf 90' lang='lat' dir='ltr'><strong>et</strong></span> 
     </span>
    </p>
   </div>
   <div class='ocr_carea' id='block_1_94' title="bbox 1848 4006 3291 4077">
    <p class='ocr_par' dir='ltr' id='par_1_94' title="bbox 1848 4006 3291 4077">
     <span class='ocr_line' id='line_1_94' title="bbox 1848 4006 3291 4077; baseline -0.001 -15"><span class='ocrx_word' id='word_1_624' title='bbox 1848 4007 2336 4077; x_wconf 88' lang='lat' dir='ltr'><strong>conjunctionem</strong></span> <span class='ocrx_word' id='word_1_625' title='bbox 2369 4022 2505 4076; x_wconf 73' lang='lat' dir='ltr'><strong>quae</strong></span> <span class='ocrx_word' id='word_1_626' title='bbox 2547 4022 2685 4062; x_wconf 90' lang='lat' dir='ltr'><strong>cum</strong></span> <span class='ocrx_word' id='word_1_627' title='bbox 2717 4006 2815 4062; x_wconf 88' lang='lat' dir='ltr'><strong>illa</strong></span> <span class='ocrx_word' id='word_1_628' title='bbox 2847 4013 2934 4063; x_wconf 90' lang='lat' dir='ltr'><strong>est</strong></span> <span class='ocrx_word' id='word_1_629' title='bbox 2963 4007 3291 4064; x_wconf 87' lang='lat' dir='ltr'><strong>dissolvite.</strong></span> 
     </span>
    </p>
   </div>
   <div class='ocr_carea' id='block_1_95' title="bbox 1918 4094 3509 4168">
    <p class='ocr_par' dir='ltr' id='par_1_95' title="bbox 1918 4094 3509 4168">
     <span class='ocr_line' id='line_1_95' title="bbox 1918 4094 3509 4168; baseline -0.001 -15"><span class='ocrx_word' id='word_1_630' title='bbox 1918 4094 2086 4153; x_wconf 86' lang='lat' dir='ltr'><strong>Vers.</strong></span> <span class='ocrx_word' id='word_1_631' title='bbox 2117 4099 2207 4151; x_wconf 88' lang='lat'><strong>20.</strong></span> <span class='ocrx_word' id='word_1_632' title='bbox 2248 4096 2550 4152; x_wconf 72' lang='lat' dir='ltr'><strong>Dixerunt</strong></span> <span class='ocrx_word' id='word_1_633' title='bbox 2576 4126 2642 4138; x_wconf 86' lang='lat'><strong>-—</strong></span> <span class='ocrx_word' id='word_1_634' title='bbox 2683 4095 2849 4150; x_wconf 86' lang='lat' dir='ltr'><strong>Vers.</strong></span> <span class='ocrx_word' id='word_1_635' title='bbox 2893 4095 2982 4150; x_wconf 80' lang='grc'><strong>21.</strong></span> <span class='ocrx_word' id='word_1_636' title='bbox 3033 4095 3150 4154; x_wconf 83' lang='lat' dir='ltr'><strong>sui.</strong></span> <span class='ocrx_word' id='word_1_637' title='bbox 3191 4097 3351 4152; x_wconf 88' lang='lat' dir='ltr'><strong>Prior</strong></span> <span class='ocrx_word' id='word_1_638' title='bbox 3379 4095 3509 4168; x_wconf 92' lang='lat' dir='ltr'><strong>qui-</strong></span> 
     </span>
    </p>
   </div>
   <div class='ocr_carea' id='block_1_96' title="bbox 1847 4182 3507 4252">
    <p class='ocr_par' dir='ltr' id='par_1_96' title="bbox 1847 4182 3507 4252">
     <span class='ocr_line' id='line_1_96' title="bbox 1847 4182 3507 4252; baseline 0 -12"><span class='ocrx_word' id='word_1_639' title='bbox 1847 4185 1986 4240; x_wconf 91' lang='lat' dir='ltr'><strong>dem</strong></span> <span class='ocrx_word' id='word_1_640' title='bbox 2039 4189 2333 4240; x_wconf 85' lang='lat' dir='ltr'><strong>structura</strong></span> <span class='ocrx_word' id='word_1_641' title='bbox 2379 4183 2587 4252; x_wconf 88' lang='lat' dir='ltr'><strong>viginti</strong></span> <span class='ocrx_word' id='word_1_642' title='bbox 2634 4182 2808 4238; x_wconf 88' lang='lat' dir='ltr'><strong>annis</strong></span> <span class='ocrx_word' id='word_1_643' title='bbox 2859 4184 3178 4240; x_wconf 88' lang='lat' dir='ltr'><strong>Salomone</strong></span> <span class='ocrx_word' id='word_1_644' title='bbox 3233 4183 3507 4240; x_wconf 85' lang='lat' dir='ltr'><strong>absoluta</strong></span> 
     </span>
    </p>
   </div>
   <div class='ocr_carea' id='block_1_97' title="bbox 1849 4269 3503 4344">
    <p class='ocr_par' dir='ltr' id='par_1_97' title="bbox 1849 4269 3503 4344">
     <span class='ocr_line' id='line_1_97' title="bbox 1849 4269 3503 4344; baseline -0.002 -14"><span class='ocrx_word' id='word_1_645' title='bbox 1849 4279 1955 4337; x_wconf 86' lang='lat' dir='ltr'><strong>est,</strong></span> <span class='ocrx_word' id='word_1_646' title='bbox 1985 4271 2171 4329; x_wconf 85' lang='lat' dir='ltr'><strong>altera</strong></span> <span class='ocrx_word' id='word_1_647' title='bbox 2198 4288 2339 4328; x_wconf 90' lang='lat' dir='ltr'><strong>vero</strong></span> <span class='ocrx_word' id='word_1_648' title='bbox 2362 4288 2462 4344; x_wconf 88' lang='lat' dir='ltr'><strong>per</strong></span> <span class='ocrx_word' id='word_1_649' title='bbox 2483 4269 2886 4344; x_wconf 87' lang='lat' dir='ltr'><strong>quadraginta</strong></span> <span class='ocrx_word' id='word_1_650' title='bbox 2908 4276 2965 4326; x_wconf 90' lang='lat' dir='ltr'><strong>et</strong></span> <span class='ocrx_word' id='word_1_651' title='bbox 2980 4287 3083 4327; x_wconf 81' lang='lat' dir='ltr'><strong>sex</strong></span> <span class='ocrx_word' id='word_1_652' title='bbox 3107 4271 3503 4328; x_wconf 89' lang='lat' dir='ltr'><strong>aZorobabel.</strong></span> 
     </span>
    </p>
   </div>
   <div class='ocr_carea' id='block_1_98' title="bbox 1851 4359 3508 4433">
    <p class='ocr_par' dir='ltr' id='par_1_98' title="bbox 1851 4359 3508 4433">
     <span class='ocr_line' id='line_1_98' title="bbox 1851 4359 3508 4433; baseline -0.001 -15"><span class='ocrx_word' id='word_1_653' title='bbox 1851 4363 2034 4420; x_wconf 88' lang='lat' dir='ltr'><strong>Priori</strong></span> <span class='ocrx_word' id='word_1_654' title='bbox 2076 4377 2337 4433; x_wconf 89' lang='lat' dir='ltr'><strong>namque</strong></span> <span class='ocrx_word' id='word_1_655' title='bbox 2368 4377 2404 4416; x_wconf 92' lang='lat' dir='ltr'><strong>a</strong></span> <span class='ocrx_word' id='word_1_656' title='bbox 2431 4360 2771 4432; x_wconf 86' lang='lat' dir='ltr'><strong>Babyloniis</strong></span> <span class='ocrx_word' id='word_1_657' title='bbox 2804 4359 3130 4425; x_wconf 86' lang='lat' dir='ltr'><strong>destructa.</strong></span> <span class='ocrx_word' id='word_1_658' title='bbox 3175 4364 3372 4431; x_wconf 73' lang='lat' dir='ltr'><strong>empta</strong></span> <span class='ocrx_word' id='word_1_659' title='bbox 3419 4364 3508 4416; x_wconf 86' lang='lat' dir='ltr'><strong>est</strong></span> 
     </span>
    </p>
   </div>
   <div class='ocr_carea' id='block_1_99' title="bbox 1851 4447 3508 4527">
    <p class='ocr_par' dir='ltr' id='par_1_99' title="bbox 1851 4447 3508 4527">
     <span class='ocr_line' id='line_1_99' title="bbox 1851 4447 3508 4527; baseline -0.002 -18"><span class='ocrx_word' id='word_1_660' title='bbox 1851 4453 2144 4527; x_wconf 83' lang='lat' dir='ltr'><strong>posterior</strong></span> <span class='ocrx_word' id='word_1_661' title='bbox 2173 4450 2330 4506; x_wconf 87' lang='lat' dir='ltr'><strong>circa</strong></span> <span class='ocrx_word' id='word_1_662' title='bbox 2355 4466 2584 4507; x_wconf 91' lang='lat' dir='ltr'><strong>annum</strong></span> <span class='ocrx_word' id='word_1_663' title='bbox 2615 4449 2873 4521; x_wconf 89' lang='lat' dir='ltr'><strong>primum</strong></span> <span class='ocrx_word' id='word_1_664' title='bbox 2919 4448 3076 4520; x_wconf 89' lang='lat' dir='ltr'><strong>regis</strong></span> <span class='ocrx_word' id='word_1_665' title='bbox 3098 4447 3256 4522; x_wconf 83' lang='lat' dir='ltr'><strong>Cyri:</strong></span> <span class='ocrx_word' id='word_1_666' title='bbox 3290 4447 3508 4506; x_wconf 88' lang='lat' dir='ltr'><strong>deinde</strong></span> 
     </span>
    </p>
   </div>
   <div class='ocr_carea' id='block_1_100' title="bbox 1851 4535 3509 4600">
    <p class='ocr_par' dir='ltr' id='par_1_100' title="bbox 1851 4535 3509 4600">
     <span class='ocr_line' id='line_1_100' title="bbox 1851 4535 3509 4600; baseline -0.003 0"><span class='ocrx_word' id='word_1_667' title='bbox 1851 4541 2078 4600; x_wconf 86' lang='lat' dir='ltr'><strong>invidia</strong></span> <span class='ocrx_word' id='word_1_668' title='bbox 2102 4546 2160 4596; x_wconf 85' lang='lat' dir='ltr'><strong>et</strong></span> <span class='ocrx_word' id='word_1_669' title='bbox 2178 4538 2480 4598; x_wconf 88' lang='lat' dir='ltr'><strong>calumnia</strong></span> <span class='ocrx_word' id='word_1_670' title='bbox 2496 4538 3088 4596; x_wconf 87' lang='lat' dir='ltr'><strong>circummorantium</strong></span> <span class='ocrx_word' id='word_1_671' title='bbox 3106 4535 3509 4596; x_wconf 86' lang='lat' dir='ltr'><strong>Samaritano-</strong></span> 
     </span>
    </p>
   </div>
   <div class='ocr_carea' id='block_1_101' title="bbox 1853 4627 3505 4701">
    <p class='ocr_par' dir='ltr' id='par_1_101' title="bbox 1853 4627 3505 4701">
     <span class='ocr_line' id='line_1_101' title="bbox 1853 4627 3505 4701; baseline -0.002 -13"><span class='ocrx_word' id='word_1_672' title='bbox 1853 4648 1985 4688; x_wconf 90' lang='lat' dir='ltr'><strong>rum</strong></span> <span class='ocrx_word' id='word_1_673' title='bbox 2027 4629 2333 4701; x_wconf 88' lang='lat' dir='ltr'><strong>impedita,</strong></span> <span class='ocrx_word' id='word_1_674' title='bbox 2381 4628 2462 4685; x_wconf 89' lang='lat' dir='ltr'><strong>ita</strong></span> <span class='ocrx_word' id='word_1_675' title='bbox 2502 4627 2900 4700; x_wconf 86' lang='lat' dir='ltr'><strong>quadraginta</strong></span> <span class='ocrx_word' id='word_1_676' title='bbox 2944 4627 3117 4684; x_wconf 87' lang='lat' dir='ltr'><strong>annis</strong></span> <span class='ocrx_word' id='word_1_677' title='bbox 3156 4627 3505 4700; x_wconf 87' lang='lat' dir='ltr'><strong>permansit.</strong></span> 
     </span>
    </p>
   </div>
   <div class='ocr_carea' id='block_1_102' title="bbox 1854 4717 3508 4790">
    <p class='ocr_par' dir='ltr' id='par_1_102' title="bbox 1854 4717 3508 4790">
     <span class='ocr_line' id='line_1_102' title="bbox 1854 4717 3508 4790; baseline -0.002 -13"><span class='ocrx_word' id='word_1_678' title='bbox 1854 4721 2018 4778; x_wconf 86' lang='lat' dir='ltr'><strong>Circa</strong></span> <span class='ocrx_word' id='word_1_679' title='bbox 2041 4721 2371 4776; x_wconf 90' lang='lat' dir='ltr'><strong>secundum</strong></span> <span class='ocrx_word' id='word_1_680' title='bbox 2386 4735 2524 4773; x_wconf 87' lang='lat' dir='ltr'><strong>vero</strong></span> <span class='ocrx_word' id='word_1_681' title='bbox 2547 4733 2774 4773; x_wconf 90' lang='lat' dir='ltr'><strong>annum</strong></span> <span class='ocrx_word' id='word_1_682' title='bbox 2799 4717 2954 4772; x_wconf 89' lang='lat' dir='ltr'><strong>Darii</strong></span> <span class='ocrx_word' id='word_1_683' title='bbox 2969 4717 3277 4790; x_wconf 77' lang='lat' dir='ltr'><strong>Hystaspis</strong></span> <span class='ocrx_word' id='word_1_684' title='bbox 3293 4718 3508 4778; x_wconf 81' lang='lat' dir='ltr'><strong>missus</strong></span> 
     </span>
    </p>
   </div>
   <div class='ocr_carea' id='block_1_103' title="bbox 1853 4805 3507 4878">
    <p class='ocr_par' dir='ltr' id='par_1_103' title="bbox 1853 4805 3507 4878">
     <span class='ocr_line' id='line_1_103' title="bbox 1853 4805 3507 4878; baseline -0.001 -13"><span class='ocrx_word' id='word_1_685' title='bbox 1853 4808 2186 4867; x_wconf 89' lang='lat' dir='ltr'><strong>Zorobabel</strong></span> <span class='ocrx_word' id='word_1_686' title='bbox 2205 4808 2268 4864; x_wconf 89' lang='lat' dir='ltr'><strong>in</strong></span> <span class='ocrx_word' id='word_1_687' title='bbox 2295 4823 2396 4864; x_wconf 83' lang='lat' dir='ltr'><strong>sex</strong></span> <span class='ocrx_word' id='word_1_688' title='bbox 2417 4806 2591 4864; x_wconf 90' lang='lat' dir='ltr'><strong>annis</strong></span> <span class='ocrx_word' id='word_1_689' title='bbox 2616 4807 2815 4878; x_wconf 88' lang='lat' dir='ltr'><strong>ipsam</strong></span> <span class='ocrx_word' id='word_1_690' title='bbox 2838 4805 3117 4878; x_wconf 86' lang='lat' dir='ltr'><strong>perfecit;</strong></span> <span class='ocrx_word' id='word_1_691' title='bbox 3145 4813 3200 4864; x_wconf 90' lang='lat' dir='ltr'><strong>et</strong></span> <span class='ocrx_word' id='word_1_692' title='bbox 3226 4807 3305 4863; x_wconf 89' lang='lat' dir='ltr'><strong>ita</strong></span> <span class='ocrx_word' id='word_1_693' title='bbox 3332 4809 3507 4864; x_wconf 87' lang='lat' dir='ltr'><strong>annis</strong></span> 
     </span>
    </p>
   </div>
   <div class='ocr_carea' id='block_1_104' title="bbox 1851 4895 3508 4975">
    <p class='ocr_par' dir='ltr' id='par_1_104' title="bbox 1851 4895 3508 4975">
     <span class='ocr_line' id='line_1_104' title="bbox 1851 4895 3508 4975; baseline -0.001 -19"><span class='ocrx_word' id='word_1_694' title='bbox 1851 4898 2256 4975; x_wconf 85' lang='lat' dir='ltr'><strong>quadraginta</strong></span> <span class='ocrx_word' id='word_1_695' title='bbox 2271 4901 2440 4954; x_wconf 84' lang='lat' dir='ltr'><strong>etsex</strong></span> <span class='ocrx_word' id='word_1_696' title='bbox 2467 4895 2826 4953; x_wconf 65' lang='lat' dir='ltr'><strong>aediﬁcatum</strong></span> <span class='ocrx_word' id='word_1_697' title='bbox 2839 4901 2929 4953; x_wconf 90' lang='lat' dir='ltr'><strong>est</strong></span> <span class='ocrx_word' id='word_1_698' title='bbox 2954 4896 3244 4970; x_wconf 89' lang='lat' dir='ltr'><strong>templum</strong></span> <span class='ocrx_word' id='word_1_699' title='bbox 3272 4896 3370 4971; x_wconf 91' lang='lat' dir='ltr'><strong>qui</strong></span> <span class='ocrx_word' id='word_1_700' title='bbox 3395 4915 3508 4954; x_wconf 90' lang='lat' dir='ltr'><strong>nu-</strong></span> 
     </span>
    </p>
   </div>
   <div class='ocr_carea' id='block_1_105' title="bbox 1583 5135 2115 5199">
    <p class='ocr_par' dir='ltr' id='par_1_105' title="bbox 1583 5135 2115 5199">
     <span class='ocr_line' id='line_1_105' title="bbox 1583 5135 2115 5199; baseline 0.002 -7"><span class='ocrx_word' id='word_1_701' title='bbox 1583 5138 1627 5173; x_wconf 79' lang='lat'>“</span> <span class='ocrx_word' id='word_1_702' title='bbox 1672 5135 1878 5195; x_wconf 86' lang='lat' dir='ltr'><strong>Matth.</strong></span> <span class='ocrx_word' id='word_1_703' title='bbox 1913 5151 2030 5199; x_wconf 77' lang='lat' dir='ltr'><strong>XXI,</strong></span> <span class='ocrx_word' id='word_1_704' title='bbox 2064 5138 2115 5193; x_wconf 77' lang='lat'><strong>2.</strong></span> 
     </span>
    </p>
   </div>
   <div class='ocr_carea' id='block_1_106' title="bbox 1355 5368 2282 5441">
    <p class='ocr_par' dir='ltr' id='par_1_106' title="bbox 1355 5368 2282 5441">
     <span class='ocr_line' id='line_1_106' title="bbox 1355 5368 2282 5441; baseline -0.011 0"><span class='ocrx_word' id='word_1_705' title='bbox 1355 5371 1585 5441; x_wconf 64' lang='lat' dir='ltr'><strong>Varias</strong></span> <span class='ocrx_word' id='word_1_706' title='bbox 1619 5368 1946 5437; x_wconf 88' lang='lat' dir='ltr'><strong>lectiones</strong></span> <span class='ocrx_word' id='word_1_707' title='bbox 1990 5377 2054 5435; x_wconf 86' lang='lat' dir='ltr'><strong>et</strong></span> <span class='ocrx_word' id='word_1_708' title='bbox 2081 5374 2282 5433; x_wconf 66' lang='lat' dir='ltr'><strong>notae.</strong></span> 
     </span>
    </p>
   </div>
   <div class='ocr_carea' id='block_1_107' title="bbox 155 5602 1747 5689">
    <p class='ocr_par' dir='ltr' id='par_1_107' title="bbox 155 5602 1747 5689">
     <span class='ocr_line' id='line_1_107' title="bbox 155 5602 1747 5689; baseline -0.013 -13"><span class='ocrx_word' id='word_1_709' title='bbox 155 5620 242 5689; x_wconf 88' lang='lat'><strong>(6)</strong></span> <span class='ocrx_word' id='word_1_710' title='bbox 282 5607 1122 5689; x_wconf 45' lang='grc' dir='ltr'>(ἔω-εξδιδ-περιλαϐεἱλΕρᾴοᾳι</span> <span class='ocrx_word' id='word_1_711' title='bbox 1149 5605 1307 5688; x_wconf 77' lang='lat' dir='ltr'><strong>enim</strong></span> <span class='ocrx_word' id='word_1_712' title='bbox 1331 5603 1512 5689; x_wconf 72' lang='lat' dir='ltr'><strong>utitur</strong></span> <span class='ocrx_word' id='word_1_713' title='bbox 1531 5602 1747 5689; x_wconf 59' lang='lat' dir='ltr'><strong>Elutby-</strong></span> 
     </span>
    </p>
   </div>
   <div class='ocr_carea' id='block_1_108' title="bbox 83 5677 1746 5748">
    <p class='ocr_par' dir='ltr' id='par_1_108' title="bbox 83 5677 1746 5748">
     <span class='ocr_line' id='line_1_108' title="bbox 83 5677 1746 5748; baseline -0.011 -1"><span class='ocrx_word' id='word_1_714' title='bbox 83 5677 254 5746; x_wconf 50' lang='lat' dir='ltr'><strong>mi‘u&#39;s</strong></span> <span class='ocrx_word' id='word_1_715' title='bbox 283 5688 377 5745; x_wconf 85' lang='lat' dir='ltr'><strong>ad</strong></span> <span class='ocrx_word' id='word_1_716' title='bbox 408 5677 630 5739; x_wconf 67' lang='lat' dir='ltr'><strong>Matth.</strong></span> <span class='ocrx_word' id='word_1_717' title='bbox 655 5677 810 5748; x_wconf 58' lang='lat' dir='ltr'><strong>ixvn,</strong></span> <span class='ocrx_word' id='word_1_718' title='bbox 841 5685 920 5747; x_wconf 72' lang='grc'><strong>13,</strong></span> <span class='ocrx_word' id='word_1_719' title='bbox 951 5684 1039 5744; x_wconf 82' lang='grc'><strong>32.</strong></span> <span class='ocrx_word' id='word_1_720' title='bbox 1073 5677 1278 5736; x_wconf 85' lang='lat' dir='ltr'><strong>Nescio</strong></span> <span class='ocrx_word' id='word_1_721' title='bbox 1299 5693 1406 5734; x_wconf 88' lang='lat' dir='ltr'><strong>cur</strong></span> <span class='ocrx_word' id='word_1_722' title='bbox 1421 5677 1746 5736; x_wconf 85' lang='lat' dir='ltr'><strong>Hentenius</strong></span> 
     </span>
    </p>
   </div>
   <div class='ocr_carea' id='block_1_109' title="bbox 77 5749 1107 5836">
    <p class='ocr_par' dir='ltr' id='par_1_109' title="bbox 77 5749 1107 5836">
     <span class='ocr_line' id='line_1_109' title="bbox 77 5749 1107 5836; baseline -0.014 -14"><span class='ocrx_word' id='word_1_723' title='bbox 77 5759 445 5836; x_wconf 64' lang='lat' dir='ltr'><strong>praesentia</strong></span> <span class='ocrx_word' id='word_1_724' title='bbox 480 5770 600 5826; x_wconf 88' lang='lat' dir='ltr'><strong>pro</strong></span> <span class='ocrx_word' id='word_1_725' title='bbox 629 5754 836 5811; x_wconf 84' lang='lat' dir='ltr'><strong>futuris</strong></span> <span class='ocrx_word' id='word_1_726' title='bbox 859 5749 1107 5809; x_wconf 86' lang='lat' dir='ltr'><strong>dederit.</strong></span> 
     </span>
    </p>
   </div>
   <div class='ocr_carea' id='block_1_110' title="bbox 1926 5597 2454 5688">
    <p class='ocr_par' dir='ltr' id='par_1_110' title="bbox 1926 5597 2454 5688">
     <span class='ocr_line' id='line_1_110' title="bbox 1926 5597 2454 5688; baseline 0 0"><span class='ocrx_word' id='word_1_727' title='bbox 1926 5600 2004 5688; x_wconf 70' lang='lat'><strong>(.2)</strong></span> <span class='ocrx_word' id='word_1_728' title='bbox 2043 5597 2349 5688; x_wconf 53' lang='grc' dir='ltr'><strong>δι’ξξιγκέὲιον</strong></span> <span class='ocrx_word' id='word_1_729' title='bbox 2371 5598 2454 5688; x_wconf 75' lang='grc' dir='ltr'><strong>,Α-</strong></span> 
     </span>
    </p>
   </div>
   <div class='ocr_carea' id='block_1_111' title="bbox 1945 5673 2422 5730">
    <p class='ocr_par' dir='ltr' id='par_1_111' title="bbox 1945 5673 2422 5730">
     <span class='ocr_line' id='line_1_111' title="bbox 1945 5673 2422 5730; baseline -0.002 -4"><span class='ocrx_word' id='word_1_730' title='bbox 1945 5673 2000 5730; x_wconf 82' lang='lat'><strong>8)</strong></span> <span class='ocrx_word' id='word_1_731' title='bbox 2027 5673 2326 5730; x_wconf 79' lang='grc' dir='ltr'>Αύθεντείας</span> <span class='ocrx_word' id='word_1_732' title='bbox 2354 5673 2422 5728; x_wconf 83' lang='grc' dir='ltr'><strong>Α.</strong></span> 
     </span>
    </p>
   </div>
   <div class='ocr_carea' id='block_1_112' title="bbox 1925 5672 2440 5815">
    <p class='ocr_par' dir='ltr' id='par_1_112' title="bbox 1925 5672 2440 5815">
     <span class='ocr_line' id='line_1_112' title="bbox 1945 5672 2422 5730; baseline -0.002 -4"><span class='ocrx_word' id='word_1_733' title='bbox 1945 5674 1978 5726; x_wconf 93' lang='grc'>8</span> <span class='ocrx_word' id='word_1_734' title='bbox 2027 5672 2326 5730; x_wconf 79' lang='grc' dir='ltr'>Αύθεντείας</span> <span class='ocrx_word' id='word_1_735' title='bbox 2354 5673 2422 5728; x_wconf 83' lang='grc' dir='ltr'><strong>Α.</strong></span> 
     </span>
     <span class='ocr_line' id='line_1_113' title="bbox 1925 5672 2440 5815; baseline -0.008 -15"><span class='ocrx_word' id='word_1_736' title='bbox 1925 5672 2003 5815; x_wconf 49' lang='grc' dir='ltr'><strong>ξθζ</strong></span> <span class='ocrx_word' id='word_1_737' title='bbox 2043 5744 2346 5802; x_wconf 74' lang='grc' dir='ltr'>Αύθεντιίας</span> <span class='ocrx_word' id='word_1_738' title='bbox 2373 5747 2440 5802; x_wconf 85' lang='grc' dir='ltr'>Α,</span> 
     </span>
    </p>
   </div>
  </div>
