4038 6226
602 295 741 355 1159

1920 290 2270 352 EUTHYMII
2310 289 2643 353 ZlGABENl

3720 309 3812 366 {ltiti

598 428 905 481 merantur
935 421 1011 478 ad
1037 420 1204 477 initio
1223 419 1637 478 aadiﬁcationis
1665 438 1852 495 usque
1868 423 1943 479 ad
1972 438 2244 479 consum-

2366 424 2661 499 σαράκοντα
2686 424 2846 490 καίὲξ
2866 418 3186 497 ᾠκοδομήθη
3218 424 3243 478 6
3270 428 3397 489 ναὸς,
3422 426 3817 504 ἀριθμουμένοιςάπὸ

599 514 948 571 mationem.

671 605 831 658 Vers.
861 605 950 655 22.
1000 601 1251 669 Quando
1278 632 1345 641 --
1374 603 1517 671 ejus.
1561 604 1707 658 Cum
1724 607 1927 658 autem
1956 602 2070 658 hoc
2101 602 2255 658 dice-

600 698 702 757 ret,
734 691 1111 755 haesitabant,
1155 690 1447 762 quidnam
1488 692 1725 757 diceret,
1766 707 1873 747 nec
1913 691 2252 747 credebant.

599 781 778 837 Multa
809 797 1047 853 quoque
1088 780 1225 836 talia
1255 780 1535 853 loquitur,
1588 782 1848 852 primum
1880 781 2127 854 quidem
2159 796 2254 836 au-

598 870 899 926 dientibus
926 871 1170 940 incerta,
1202 871 1588 941 postmodum
1627 887 1760 926 vero
1805 870 2139 935 manifesta,
2192 874 2256 925 ut

599 960 950 1017 ostendatur
974 959 1320 1031 praevidisse
1350 976 1483 1032 quae
1510 960 1767 1016 dicebat.

671 1047 739 1102 Et
776 1061 962 1117 quare
1015 1046 1275 1115 aenigma
1326 1061 1443 1100 non
1504 1045 1772 1101 dissolvit
1835 1046 2039 1102 dicens
2089 1044 2254 1117 quod

601 1135 892 1207 templum
924 1135 1273 1204 intelligeret
1318 1150 1533 1205 corpus
1555 1151 1732 1191 suum
1761 1134 1957 1201 ?Quia
2014 1141 2154 1191 tunc
2203 1135 2254 1190 ei

600 1226 748 1280 ﬁdes
769 1224 1052 1281 habenda
1078 1240 1198 1280 non
1232 1230 1375 1279 erat.
1402 1223 1712 1296 Siquidem
1747 1225 1870 1280 duo
1900 1231 2037 1281 tunc
2057 1226 2254 1281 obsta-

600 1313 783 1369 bant:
852 1330 1036 1369 unum
1088 1313 1327 1384 quidem
1378 1314 1825 1369 resurrectionis
1873 1330 2046 1386 opus,
2115 1315 2255 1370 alte-

598 1420 731 1460 rum
764 1420 901 1458 vero
934 1402 1096 1476 quod
1132 1406 1282 1458 Deus
1314 1409 1487 1472 esset,
1509 1404 1607 1474 qui
1636 1403 1748 1459 tale
1780 1404 2255 1475 templuminha-

596 1492 829 1549 bitaret.

671 1582 837 1638 Vers.
888 1586 976 1638 23.
1016 1582 1157 1638 Cum
1184 1614 1248 1623 —-
1277 1582 1548 1653 faciebat.
1596 1582 1981 1638 Crediderunt
2027 1582 2086 1638 in
2117 1599 2253 1639 eum

596 1686 720 1728 non
758 1679 956 1727 tamen
987 1671 1235 1726 ﬁrmiter
1267 1686 1280 1725 :
1330 1688 1470 1727 nam
1522 1671 1601 1727 illi
1646 1672 1879 1728 ﬁrmius
1910 1672 2252 1740 credebant,

596 1760 699 1833 qui
731 1777 844 1815 non
877 1767 1119 1833 propter
1144 1763 1315 1831 signa
1345 1767 1595 1828 tantum,
1651 1778 1854 1817 verum
1914 1763 2089 1817 etiam
2127 1778 2254 1834 pro-

595 1850 1067 1921 pterdoctrinam
1086 1850 1134 1920 ej
1147 1867 1211 1905 us
1224 1851 1470 1906 credeba
1482 1857 1542 1907 nt
1559 1872 1572 1906 :
1589 1868 1661 1906 na
1673 1869 1727 1907 ω
1745 1852 1915 1923 signa
1928 1851 2252 1908 crassiores

596 1939 992 2007 attrahebaut,
1040 1939 1312 1995 doctrina
1370 1956 1513 1996 vero
1571 1957 1640 1996 ac
1687 1941 2016 2013 prophetiae
2058 1948 2253 1998 mente

594 2029 949 2085 subtiliores.
990 2029 1127 2085 Ideo
1178 2045 1421 2101 quoque
1476 2030 1903 2086 constantiores
1957 2037 2096 2087 sunt
2168 2030 2251 2094 hi,

592 2117 813 2190 quibus
854 2118 1029 2174 etiam
1071 2123 1310 2189 aptatur
1348 2118 1409 2173 id
1453 2119 1619 2190 quod
1655 2118 1912 2175 dicitur:
1948 2118 2110 2175 Beati
2149 2119 2254 2191 qui

594 2222 708 2263 non
740 2208 1012 2263 viderunt
1040 2210 1095 2263 et
1121 2207 1499 2263 crediderunt
1539 2209 1609 2260 ι’.

664 2297 823 2353 Vers.
882 2300 969 2352 24.
1016 2296 1149 2365 Ipse
1196 2328 1263 2336 —
1306 2296 1402 2351 eis.
1458 2299 1657 2369 Neque
1701 2297 2000 2367 credebat,
2060 2312 2249 2370 neque

592 2390 882 2458 tanquam
929 2372 1559 2459 legitimisﬂiscipulis
1590 2386 1967 2443 conﬁdebat:
2015 2386 2247 2460 quare?

665 2476 825 2531 Vers.
858 2480 945 2531 24.
980 2477 1056 2531 Eo
1088 2476 1241 2547 quod
1274 2508 1335 2516 -—
1368 2476 1589 2531 omnia.
1637 2478 1888 2533 Omnem
1937 2476 2246 2533 hominem

594 2565 713 2620 sive
739 2572 1017 2621 constans
1039 2570 1209 2631 esset,
1245 2565 1371 2621 sive
1402 2567 1775 2624 inconstans.

666 2654 765 2709 Vel
792 2654 997 2710 omnia
1020 2671 1149 2727 quae
1184 2655 1239 2709 in
1271 2654 1553 2710 omnibus
1585 2661 1745 2710 sunt.

664 2743 829 2798 Vers.
870 2745 958 2798 25.
981 2744 1059 2799 Et
1084 2775 1150 2784 —
1179 2743 1511 2799 homine.De
1542 2744 1947 2817 qualicunque
1978 2744 2241 2799 homine.

664 2833 826 2889 Vers.
860 2836 947 2889 25.
982 2835 1108 2902 Ipse
1135 2865 1199 2873 —
1222 2834 1473 2889 homine.
1506 2836 1568 2888 ln
1587 2849 1950 2907 quocunque
1973 2834 2239 2899 homine,

589 2926 793 2994 utpote
822 2921 1095 2979 cordium
1124 2923 1395 2990 cognitor
1423 2923 1599 2978 Deus.

1011 3014 1167 3069 CAP.
1216 3014 1306 3067 IlI.
1350 3013 1433 3069 De
1477 3011 1808 3069 Nicodemo.

657 3104 799 3174 Cap.
824 3102 916 3157 ΙΙΙ.
938 3103 1001 3158 V.
1024 3105 1073 3157 1.
1090 3103 1236 3159 Erat
1259 3102 1499 3157 —Vers.
1519 3107 1571 3157 2.
1588 3107 1768 3159 nocte.
1791 3102 2064 3159 Timebat
2078 3103 2238 3159 enim
2277 3132 2317 3190 ρ

582 3190 782 3264 palam
796 3192 1078 3248 accedere
1091 3193 1366 3263 propterJ
1377 3192 1687 3248 udazorum
1702 3191 2103 3264 suspicionem
2115 3193 2237 3265 ,qui

580 3281 851 3338 aversuri
880 3286 1050 3337 erant
1088 3280 1440 3337 accedentes
1472 3281 1548 3337 ad
1578 3297 1736 3336 eum.

651 3372 819 3429 Vers.
858 3376 909 3427 2.
942 3373 1020 3426 Et
1084 3404 1149 3413 —
1206 3371 1495 3442 magister.
1555 3370 1808 3427 Putabat
1854 3371 2012 3426 enim
2076 3370 2237 3442 quod

581 3462 873 3533 prOpheta
903 3466 1056 3517 esset
1082 3461 1301 3516 missus
1328 3476 1364 3516 a
1395 3462 1514 3516 Deo
1545 3460 1621 3517 ad
1656 3460 2019 3516 docendum.

653 3551 877 3606 Vers.2.
914 3552 1095 3607 Nemo
1135 3581 1202 3590 —
1233 3566 1316 3606 eo.
1339 3551 1485 3605 Cum
1519 3551 1871 3621 prophetam
1896 3566 2034 3605 eum
2066 3555 2238 3621 puta-

583 3644 687 3705 ret,
720 3641 927 3695 merilo
949 3639 1642 3696 arbitrabaturheeceum
1687 3655 1807 3695 non
1859 3641 2101 3711 propria
2152 3640 2234 3697 fa-

584 3746 714 3785 cere
729 3731 1157 3801 potestate,sed
1191 3746 1320 3786 esse
1353 3746 1388 3785 a
1414 3731 1531 3784 Deo
1564 3730 1839 3800 precibus
1870 3728 2112 3784 obtenta
2138 3729 2231 3801 (s).

654 3819 813 3873 Vers.
846 3822 900 3875 3.
936 3818 1249 3888 Respondit
1275 3850 1344 3858 —
1375 3818 1499 3875 Dei.
1558 3817 1949 3873 Existimabat
1989 3817 2233 3873 Nicode-

584 3924 719 3963 mus
752 3924 813 3962 se
845 3923 1023 3963 nosse
1056 3910 1239 3962 Deum
1262 3908 1361 3980 (1),
1387 3924 1456 3963 ac
1485 3907 1559 3962 de
1585 3922 1656 3962 eo
1678 3911 1832 3961 recte
1864 3906 2098 3961 sentire.
2129 3907 2235 3963 Os-

581 3996 832 4052 tendens
863 4001 1058 4052 autem
1114 3997 1392 4062 Christus,
1446 3996 1607 4068 quod
1661 3995 1838 4065 longe
1903 4010 1939 4051 a
1991 3995 2235 4052 veritate

580 4085 899 4149 aberraret,
930 4087 1042 4142 ait:
1095 4087 1217 4142 Nisi
1262 4086 1398 4157 quis
1456 4092 1832 4154 regeneratus
1897 4083 2075 4141 fuerit
2131 4100 2233 4157 per

578 4177 1088 4246 regenerationem
1106 4174 1293 4231 divini
1326 4173 1723 4246 baptismatis,
1743 4189 1866 4229 non
1888 4175 2235 4247 potestscire

577 4268 692 4322 sive
722 4282 1079 4335 cognoscere
1111 4265 1239 4337 ejus
1267 4263 1617 4333 dignitatem
1650 4278 1720 4319 ac
1736 4263 2231 4333 magnitudinem.

578 4359 741 4412 Nunc
760 4357 920 4412 enim
944 4356 1211 4429 seipsum
1248 4354 1389 4409 dicit
1416 4354 1625 4419 Deum,
1645 4353 1703 4408 id
1728 4358 1927 4409 tamen
1958 4352 2233 4421 obscure,

577 4462 698 4518 quo
728 4446 1113 4502 insolentiam
1143 4443 1382 4499 devitet.
1444 4443 1654 4498 Divina
1689 4442 1985 4515 siquidem
2023 4443 2231 4515 gratia,

577 4548 712 4605 qua:
727 4550 832 4605 per
848 4551 1084 4591 sacrum
1104 4534 1281 4589 datur
1298 4532 1681 4605 baptisma,et
1694 4538 1951 4588 mentem
1970 4532 2235 4596 roborat,

580 4628 634 4677 et
659 4630 815 4679 recte
840 4625 1036 4681 videre
1068 4624 1287 4690 tribuit,
1316 4621 1608 4695 dissipata
1638 4622 2055 4692 imbecillitate,
2099 4638 2235 4694 quae

580 4709 1028 4769 obtenebrabat.

651 4928 696 4962 ⁵³
728 4925 894 4985 Joan.
926 4942 1025 4998 xx,
1059 4926 1148 4983 29.

2363 521 2452 573 τῆς
2478 512 2724 589 ἐνάρξεως
2751 519 2913 588 μέχρι
2944 524 3038 576 τῆς
3070 513 3379 575 τελειώσεως.

2432 602 2555 655 Ὀτι
2585 635 2646 645 -
2679 604 2860 657 αὑτοῦ.
2894 604 3015 656 Ὀτε
3043 600 3101 656 δε
3127 610 3279 656 τούτο
3302 604 3666 683 ἕληεν,ηπόρουν
3682 616 3720 662 τί
3739 632 3819 665 ποτε

2361 692 2517 764 λέγει,
2538 697 2627 745 καὶ
2654 694 2749 746 ούκ
2794 692 3076 750 ἐπίστευον,
3112 692 3278 746 Πολλὰ
3309 690 3362 745 δὲ
3392 704 3573 747 τοιαῦτα
3614 700 3818 769 φθέγγεται,

2362 788 2663 855 παραυτίκα
2686 787 2776 856 μεν
2793 780 2968 841 οἱδηλα
2988 790 3092 843 τοῖς
3110 781 3371 849 ἀκούουσι,
3387 803 3500 855 μετα
3519 794 3639 837 τοῦτο
3656 783 3700 838 δὲ
3716 784 3818 853 δῆλαι,

2365 874 2447 923 ἶνα
2478 868 2670 944 δειχθῇ
2715 869 2973 945 προειδὼς
3000 872 3035 924 ἁ
3059 872 3221 944 ΰεγε.

2414 1055 2537 1103 ⁴Καὶ
2568 1046 2602 1102 δ
2609 1054 2715 1102 ιατί
2758 1050 2851 1102 ούκ
2894 1049 3042 1103 ἔλυσε
3095 1053 3152 1101 τὸ
3185 1052 3409 1122 αἴνιγμα,
3440 1054 3506 1103 ὅτι
3551 1055 3647 1103 ναὸν
3672 1052 3770 1123 λέγει
3788 1058 3825 1104 τὸ

2365 1148 2518 1212 σῶμα
2574 1140 2767 1207 «ﬁrmi;
2828 1144 2963 1193 Διοτι
3016 1140 3111 1191 ούκ
3182 1138 3350 1211 ἔμελλε
3418 1142 3715 1198 πιστευθῆναι.
3763 1144 3824 1192 Δύο

2362 1233 2463 1303 γὰρ
2528 1237 2664 1287 ἦσαν
2719 1231 2784 1281 τὰ
2834 1232 3099 1303 προσιστοί
3157 1248 3242 1282 ενα
3310 1234 3441 1295 τέως,
3489 1229 3529 1281 ἓν
3571 1233 3641 1300 μιν
3693 1235 3734 1281 τι
3770 1238 3827 1287 τίς

2364 1318 2632 1393 ἐγέρσεως,
2684 1321 2851 1391 ἕτερον
2903 1315 2961 1371 δε
3017 1323 3075 1371 τὸ
3103 1321 3232 1372 Θεὸν
3278 1315 3399 1370 εἶναι
3432 1322 3508 1370 τὸν
3544 1317 3827 1385 ἐνοικοῦντατῴ

2363 1412 2581 1480 τοιούτῳ
2620 1415 2747 1479 ναῷ.

2433 1584 2519 1647 Ὠς
2574 1616 2642 1627 -
2676 1583 2900 1639 ἐποίει...
2955 1589 3299 1639 Ἐπίστευσαν
3358 1584 3424 1647 εἰς
3482 1584 3630 1651 οώτόν,
3796 1582 3831 1634 οὐ

2370 1674 2609 1737 ϐεϐαίως.
2663 1680 2876 1729 Ἐκεῖνοι
2927 1679 3028 1750 γὰρ
3091 1674 3447 1747 ἀκριϐέστερον
3496 1674 3594 1744 (1Ο)
3633 1672 3835 1735 ἐπίστευον,

2292 1780 2337 1833 Β
2366 1769 2479 1817 ὅσοι
2508 1770 2579 1837 μὴ
2615 1761 2710 1817 διὰ
2745 1766 2809 1816 τὰ
2832 1772 3024 1837 σημεῖα
3052 1768 3225 1836 μόνον,
3254 1762 3381 1815 ἀλλά
3429 1768 3508 1814 καὶ
3543 1758 3620 1814 διὰ
3642 1765 3713 1818 τήν
3736 1756 3833 1810 διδα-

2367 1854 2583 1907 σκαλιαν
2627 1850 2787 1906 αύτοῦ
2835 1852 3121 1907 ἐπίστευον.
3170 1859 3306 1915 Τοὺς
3348 1856 3431 1925 μὲν
3474 1853 3560 1924 γὰρ
3601 1852 3839 1920 παχυτέρους

2362 1946 2426 1996 τὰ
2460 1951 2652 2015 σημεῖα
2681 1942 2952 2015 ἐφείλκετο·
2986 1942 3109 2003 τούς
3139 1938 3197 1994 δὲ
3225 1941 3541 2015 λεπτοτέρους
3568 1939 3659 2006 (li)
3691 1940 3743 1997 εἰς
3763 1944 3839 1984 ὀὖν

2361 2034 2390 2091 ἠ
2426 2029 2755 2085 διδασκαλία
2780 2038 2871 2085 καὶ
2901 2034 2956 2085 αἱ
2986 2040 3322 2106 προφητεῖαι.
3355 2035 3438 2084 Διὸ
3466 2034 3548 2082 καὶ
3572 2028 3689 2081 οὗτοι
3712 2024 3839 2098 μᾶλλον

2360 2120 2559 2175 ἐκείνων
2610 2120 2963 2196 βεϐαιότερον
3021 2124 3095 2183 οἷς
3124 2122 3345 2196 ἁρμόζει
3381 2124 3464 2173 καί
3496 2123 3563 2189 τὸ,
3594 2118 3792 2185 Μακάριοι
3809 2112 3839 2161 οἱ

2357 2216 2428 2284 μη
2457 2209 2670 2278 ἰδόντες,
2701 2216 2791 2264 καὶ
2820 2214 3213 2271 πιστεύσαντες.

2430 2300 2592 2361 Αὐτὸς
2633 2331 2701 2342 -
2759 2300 2958 2361 αύτοῖς.
2988 2300 3062 2352 Ού
3101 2305 3481 2366 κατεπίστευιν,
3507 2297 3589 2349 ούκ
3614 2292 3768 2365 ἐθάρριι
3800 2292 3842 2348 ὡς

2354 2395 2594 2462 γνησίοις
2623 2391 2899 2463 μαθηταῖς·
2935 2386 3115 2455 διατί;

2427 2483 2521 2533 Διὰ
2548 2483 2606 2532 τὸ
2637 2511 2706 2519 -
2730 2482 2920 2543 πάντα,
2965 2482 3141 2531 Πάντα
3171 2480 3567 2551 (12)οἶνθρωπον,
3594 2476 3675 2526 ait:
3698 2469 3845 2543 βέϐαιός

2355 2570 2516 2641 ἐστιν,
2547 2572 2642 2622 εἴτε
2674 2567 2933 2631 ἀϐέϐαιος.

2423 2656 2491 2710 Ἠ
2512 2660 2682 2710 πάντα
2710 2658 2776 2709 τὰ
2798 2659 3003 2709 πάντων
3017 2702 3029 2713 ,

2425 2752 2525 2800 Καὶ
2554 2778 2619 2788 -
2651 2747 2944 2819 ἀνθρώπου.
2981 2751 3104 2821 Περὶ
3124 2754 3215 2798 τοῦ
3247 2743 3551 2804 οἰουδηποτε
3573 2740 3800 2813 ἀνθρώπου.

2424 2836 2588 2898 Ani-:6;
2634 2867 2704 2876 —
2752 2834 3026 2909 ἀνθρώπῳ.
3083 2835 3163 2887 Ἐν
3216 2842 3290 2905 τῷ
3346 2838 3497 2886 παντὶ
3548 2831 3769 2904 ἀνθρώπῳ,
3811 2826 3851 2879 ὡς

2349 2923 2777 3001 καρδιογνώστης
2811 2930 2912 2979 Θεό
2922 2945 2961 2988 ς.

2764 3021 2908 3069 ΚΕΦ.
2937 3014 3008 3069 Γ’.
3046 3021 3168 3089 Περὶ
3196 3010 3535 3084 Νικοδήμου.

2416 3103 2513 3158 Ἠν
2562 3135 2628 3145 ——
2675 3108 2879 3167 νυκτός,
2937 3104 3180 3176 Εφοϐεῖτο
3232 3107 3340 3178 γὰρ
3396 3102 3545 3154 ἐλθεῖν
3590 3086 3854 3170 ςμαιερῶςδικ

2347 3200 2439 3253 τὴν
2470 3193 2699 3265 ὑποψίαν
2725 3202 2822 3246 τῶν
2853 3190 3127 3246 Ἰουδαίων
3160 3190 3612 3267 ἀποστρεφομένων
3654 3187 3747 3243 τοὺς
3774 3197 3855 3251 ’ἐφ’

2349 3288 2557 3344 σιὸντας
2590 3282 2751 3353 αὐτῷ.

2419 3377 2520 3427 Καὶ
2549 3402 2617 3412 -
2648 3368 2995 3433 διδάσκαλος.
3027 3370 3181 3443 ’ῼετο
3221 3373 3327 3445 γὰρ
3380 3372 3459 3423 ὅτι
3486 3370 3724 3441 προφήτης
3747 3357 3856 3415 ἐστὶν,

2344 3461 2447 3515 ἀπὸ
2480 3467 2606 3515 Θεοῦ
2646 3462 2898 3533 πεμφθεὶς
2927 3459 3001 3522 εἰς
3030 3464 3084 3511 το
3118 3456 3403 3512 διδάσκειν
3432 3458 3626 3517 αὐτοὺς.

2416 3547 2611 3612 Ούδεὶς
2651 3581 2715 3590 --
2748 3549 2925 3602 αὐτοῦ.
2961 3549 3101 3601 Ἐπεὶ
3137 3554 3415 3623 προφήτην
3448 3546 3593 3598 αὐτὸν
3637 3545 3753 3612 ᾤετο,
3780 3532 3860 3583 έαο·

2341 3642 2540 3703 λούθως
2565 3637 2917 3711 ὑπελάμϐανεν
2954 3639 3035 3691 ὅτι
3060 3638 3153 3690 ούκ
3184 3637 3235 3700 ἐξ
3267 3639 3464 3698 οἰκείας
3496 3632 3728 3704 ciu-Idam;
3750 3632 3861 3677 ταῦτ’(

2343 3738 2499 3796 ποιεῖ,
2524 3728 2632 3782 ἀλλ’
2656 3731 2711 3781 ἐκ
2739 3737 2835 3789 τῆς
2863 3736 2953 3781 τού
2988 3736 3142 3794 Θεοῦ,
3172 3724 3417 3800 δεόμενος
3449 3724 3621 3784 αὐτῆς·

2415 3819 2697 3892 Ἀπεκρίθη
2754 3850 2821 3858 -
2870 3825 3024 3871 Θεοῦ.
3082 3817 3354 3889 Ἐνόμισεν
3413 3818 3439 3868 6
3486 3808 3754 3881 Νικόδημος
3778 3822 3863 3873 Τίν’

2342 3928 2427 3960 ναι
2485 3908 2658 3974 αὐτόν,
2719 3911 2808 3959 καὶ
2866 3905 2995 3980 ὀρθὰ
3044 3912 3241 3981 φρονεῖν
3291 3910 3414 3978 περὶ
3463 3908 3633 3955 αυτοῦ.
3684 3906 3859 3949 Atiam“

2345 3995 2405 4051 δε
2456 3999 2481 4049 ὁ
2536 4000 2766 4071 Χριστὸς
2836 3997 2917 4047 ὃτι
2968 3994 3144 4070 πὸῥρω
3211 3993 3475 4047 πλανᾶται
3536 4001 3621 4051 τῆς
3676 3984 3861 4042 ἀληθίίίξε

2345 4086 2501 4158 φησίν
2545 4069 2645 4153 ὅτι,
2699 4086 2815 4139 Ἐὰν
2868 4088 2940 4157 μή
2999 4069 3077 4145 τις
3117 4084 3442 4157 ἀναγεννηθῇ
3500 4078 3588 4134 διὰ
3626 4085 3701 4135 τὶς
3736 4069 3864 4158 tu???

2342 4180 2575 4247 ’γενεσίας
2619 4182 2709 4227 τοῦ
2762 4176 2898 4227 θείου
2959 4172 3353 4246 βαπτίσματος,
3408 4171 3469 4224 οὐ
3527 4166 3722 4223 δύναται
3764 4155 3862 4215 iis?»

2344 4268 2461 4323 ἤτοι
2538 4273 2728 4336 γνῶναι
2789 4267 2883 4322 τὴν
2938 4262 3086 4325 ἀξίαν
3144 4266 3236 4314 καὶ
3304 4261 3677 4334 μεγαλειότητα
3730 4251 3854 4303 αὐτοὺ.

2345 4357 2467 4407 Θεὸν
2505 4356 2607 4427 γὰρ
2639 4354 2818 4407 ἑαυτὸν
2864 4352 2998 4424 λέγει
3044 4360 3151 4403 νῦν·
3189 4356 3519 4425 ἀπμφωδὼς
3572 4344 3646 4411 δε,
3670 4346 3739 4395 ἱνα
3771 4340 3859 4409 3‘37?

2343 4448 2431 4496 τὸν
2482 4447 2700 4516 κόμπον.
2751 4446 2877 4495 Τότε
2925 4444 3026 4515 γὰρ
3060 4443 3090 4499 ἠ
3135 4437 3229 4493 διὰ
3261 4449 3356 4493 τοῦ
3398 4444 3538 4514 ἱεροῦ
3584 4436 3861 4509 βαπτίσματθέ

2347 4528 2598 4605 διδομένη
2660 4533 2771 4585 θεία
2816 4533 2981 4605 χάρις
3036 4531 3247 4604 ῥωννύει
3287 4535 3381 4582 τὸν
3421 4538 3539 4582 νοὺν
3576 4529 3657 4577 καὶ
3695 4522 3787 4592 ὀρᾷδ
3810 4528 3861 4582 9?‘

2346 4623 2443 4682 θῶς
2488 4625 2730 4695 παρέχει,
2781 4628 2877 4681 τῆς
2928 4618 3311 4680 ἐπισκοτούσης
3382 4619 3640 4673 ἀσθενείας
3700 4616 3862 4659 ποθί·

2346 4707 2661 4774 δασθείσης.

1830 5129 2047 5200 Variae
2085 5130 2413 5200 lectiones
2455 5140 2522 5199 et
2559 5138 2763 5200 notae.

643 5362 758 5435 (10)
798 5363 1143 5418 Ἐπίστευσαν

642 5428 755 5507 (Η)
800 5435 1123 5508 Ὀξυτέρους,
1154 5428 1573 5510 ἀκριϐεστέρους.
1616 5500 1645 5510 __
1708 5500 1718 5510 υ

639 5500 758 5580 (12)
800 5500 1029 5563 Etenim
1081 5520 1190 5577 pro
1222 5500 1459 5563 πάντας
1514 5500 1654 5571 legit
1705 5500 1765 5555 in
1819 5504 1975 5556 textu
2032 5500 2218 5553 πάντα.

643 5686 715 5758 (s)
751 5686 868 5767 Sed
891 5702 1000 5741 esse
1022 5683 1364 5767 -—_obtenta.
1388 5679 1747 5767 Sed‘divina,
1782 5696 1959 5751 egens
1992 5694 2080 5735 ea.
2112 5681 2225 5730 Δεό-

571 5750 719 5835 μενοι
748 5759 844 5815 hic
869 5774 986 5815 non
1012 5761 1101 5814 est
1113 5769 1382 5828 precaris,
1418 5750 1524 5808 sed
1554 5765 1738 5823 egens.

2337 5355 2504 5413 Unde
2524 5359 2723 5413 autem
2738 5356 2766 5414 7
2792 5355 2875 5412 Ex
2904 5353 3215 5412 codicibus
3237 5356 3279 5411 N
3294 5395 3309 5409 .
3354 5339 3736 5410 Testamenti?
3756 5337 3843 5392 Nam

2337 5429 2445 5485 sed
2470 5444 2542 5485 ex
2573 5429 2877 5502 Chrysost.
2917 5432 3060 5484 tom.
3092 5428 3225 5494 Vlll,
3258 5441 3323 5497 p.
3362 5430 3465 5481 l3?
3502 5426 3561 5480 C.

2408 5680 2477 5751 (ι)
2507 5677 2695 5737 Nosse
2716 5679 2922 5736 Deum.
2953 5678 3135 5734 Nosse
3165 5690 3328 5732 eum.
