4038 6226
187 209 321 273 1161

264 347 419 413 Λέγει
481 374 539 384 --
593 345 902 414 γεννηθῆναι
990 360 1004 410 ;

184 431 366 484 Ῥαϐϐὶ
419 433 574 485 αὐτὸν
625 433 815 498 καλεῖς,
873 439 962 486 καὶ
1015 431 1116 485 ἀπὸ
1179 442 1312 486 Θεοῦ
1361 433 1658 492 ἐληλυθέναι
1717 434 1800 486 λέ-

186 541 316 592 γεις,
358 528 446 574 καὶ
486 523 544 574 οὗ
592 526 852 584 πιστεύεις
902 525 978 585 οἷς
1019 522 1189 594 λέγει;
1227 522 1389 574 Βαϐαῖ
1433 533 1528 585 τῆς
1575 519 1800 576 Ἰουδαῖ-

189 619 290 673 an};
347 613 692 683 παχύτητοςῑ
729 611 982 664 Ἤκουσεν
1036 610 1400 683 ἁναγέννησιν,
1460 611 1586 664 ἀλλὰ
1642 631 1798 664 πνευ-

188 707 455 773 ματικήν·
506 701 598 753 οὐκ
668 698 906 760 ἠδυνήθη
994 703 1190 759 ταύτην
1258 710 1468 767 νοῆσαι,
1546 707 1634 755 καὶ
1697 708 1800 754 νοεῖ

192 794 490 864 σαρκικήν⁶
567 795 657 842 καὶ
739 791 946 852 εἰκότως
1027 789 1228 866 ἀπορεῖ,
1322 796 1412 843 καὶ
1502 792 1649 852 ζητεί
1715 793 1800 844 τὸν

189 883 385 953 τρόπον
400 923 410 933 .

266 968 550 1040 ’Λπεκρὶθη
612 998 675 1008 —-
740 974 894 1019 Θεοῦ.
960 968 1237 1040 Σαφηνίζει
1311 972 1402 1041 μεν
1449 971 1533 1020 τὸν
1590 973 1799 1041 τρόπον,

186 1057 372 1128 λέγων,
427 1059 506 1110 ὅτι
559 1055 611 1119 ἐξ
666 1053 859 1118 ὕδατος
915 1061 1004 1109 καὶ
1058 1061 1374 1130 Πνεύμοιτος,
1435 1055 1648 1116 δηλαδὴ
1708 1066 1800 1110 τοῦ

189 1148 385 1217 ἁγίου⁸
421 1147 565 1199 οὔπω
616 1143 675 1200 δὲ
724 1147 910 1211 τέλεον,
956 1148 1038 1199 ἱνα
1086 1153 1560 1221 προσεκτικωτερος
1612 1148 1637 1199 6
1683 1145 1806 1220 ἔρω’

190 1246 292 1288 τῶν
375 1241 615 1307 γένηται,
710 1235 970 1298 Πολλάκις
1049 1239 1151 1310 γὰρ
1219 1240 1276 1288 τὸ
1356 1235 1547 1308 rio-api;
1622 1236 1800 1310 ἐγείρει

191 1331 286 1383 την
374 1329 632 1388 οἰάνοιοιν,
713 1329 803 1376 καὶ
873 1329 1260 1400 περιεργότερον
1347 1331 1436 1378 καὶ
1514 1323 1802 1378 σπουδαῖον

194 1413 549 1490 ἂπεργάσεται
603 1418 689 1467 τὸν
745 1412 1026 1488 ἀκροατήν.
1097 1413 1156 1466 Ὀ
1205 1417 1295 1486 μὲν
1354 1411 1442 1466 οὖν
1503 1412 1804 1487 Νικόδημος

190 1500 452 1556 ἀδύνατον
501 1504 640 1576 ἔλεγε
692 1509 785 1563 τὴν
841 1503 1210 1576 ἁναγὲννησινο
1259 1505 1284 1556 6
1335 1500 1394 1556 δὲ
1442 1508 1668 1576 Χριστὸς
1714 1510 1803 1557 καὶ

194 1590 406 1667 σφοδρά
456 1590 705 1662 δυνατὴν,
738 1598 829 1646 καὶ
877 1592 935 1645 οὗ
967 1602 1116 1645 τοῦτο
1161 1597 1332 1665 μόνον,
1368 1591 1494 1644 ἀλλὰ
1523 1597 1612 1646 καὶ
1643 1593 1803 1665 ἀναγ-

1199 215 1569 276 COMMENT.
1613 219 1680 274 IN
1711 208 2050 275 JOANNEM.
2095 249 2156 260 —
2201 209 2356 278 CAP.
2402 223 2490 276 ιιι.

1091 349 1154 396 Τί
1235 351 1407 411 τοῦτο,
1483 341 1796 416 Νικόδημε;

1980 344 2143 402 Vers.
2177 348 2227 400 4.
2277 345 2427 403 Dicit
2471 379 2540 390 -—
2582 351 2798 406 nasci?
2839 352 2986 416 Quid
3024 352 3158 419 hoc,
3198 354 3566 412 Nicodeme?

3419 226 3560 284 H62

1910 433 2100 488 Rabbi
2144 433 2342 506 ipsum
2389 452 2591 502 vocas,
2636 443 2693 494 et
2734 455 2770 495 a
2817 443 2932 496 Deo
2971 442 3204 498 venisse
3240 444 3408 512 dicis,
3454 461 3566 501 nec

1909 527 2107 578 tamen
2145 523 2341 580 credis
2381 541 2513 597 quae
2561 526 2746 582 dicit?
2785 529 2828 584 Ο
2867 529 3179 586 Judaicam
3221 533 3565 589 crassitudi-

1909 612 2080 666 neml
2127 613 2371 670 Audivit
2412 619 2941 685 regenerationem,
2989 620 3093 675 sed
3141 622 3508 692 spiritualem
3546 641 3559 690 ;

1909 716 2031 757 non
2093 703 2284 773 potuit
2337 703 2496 761 hanc
2552 708 2882 779 concipere,
2940 710 3039 764 sed
3113 711 3410 766 carnalem
3481 713 3566 768 in-

1911 789 2136 861 telligit,
2210 797 2266 848 et
2327 795 2536 850 merito
2605 795 2855 862 dubitat,
2925 798 3297 872 modumque
3369 800 3564 856 scisci-

1912 883 2087 936 tatur.

1981 970 2143 1024 Vers.
2178 975 2227 1025 3.
2272 972 2594 1042 Respondit
2645 1005 2713 1014 —
2747 977 2870 1031 Dei.
2931 979 3168 1033 Modum
3222 979 3565 1036 manifestat

1911 1057 2140 1128 dicens,
2177 1059 2344 1132 quod
2375 1077 2444 1116 ex
2471 1077 2631 1134 aqua
2657 1067 2712 1118 et
2743 1064 2982 1135 Spiritu,
3025 1066 3292 1122 videlicet
3317 1073 3562 1135 sancto;

1912 1161 2035 1201 non
2078 1152 2274 1203 tamen
2300 1149 2456 1205 clare
2495 1150 2608 1206 hoc
2645 1150 2803 1216 dicit,
2835 1168 2956 1224 quo
2997 1153 3279 1210 attentius
3323 1155 3567 1214 interro-

1913 1242 2097 1306 garet.
2129 1238 2359 1310 Saepius
2385 1238 2544 1295 enim
2576 1240 2802 1296 occulte
2837 1242 2918 1313 (ιι)
2949 1248 3208 1300 mentem
3233 1245 3466 1311 excitat,
3504 1252 3568 1304 ut

1912 1325 2346 1396 diligentiorem
2389 1343 2460 1383 ac
2515 1327 2903 1386 curiosiorem
2955 1331 3164 1388 reddat
3207 1333 3562 1391 auditorem.

1913 1413 2272 1470 Nicodemns
2295 1415 2590 1488 siquidem
2611 1416 3045 1488 impossibilem
3064 1419 3300 1477 dicebat
3321 1439 3568 1493 regene-

1911 1502 2205 1560 rationem
2246 1521 2260 1560 :
2295 1505 2558 1562 Christus
2592 1521 2732 1562 vero
2757 1507 3000 1564 omnino
3040 1510 3387 1582 possibilem
3419 1531 3431 1564 :
3460 1529 3568 1569 nec

1913 1591 1971 1646 id
2000 1591 2195 1648 solum
2230 1593 2335 1648 sed
2371 1599 2428 1648 et
2457 1595 2896 1666 necessariam;
2939 1598 3091 1655 adeo
3121 1604 3186 1656 ut
3220 1600 3347 1656 sine
3383 1617 3454 1657 ea
3484 1617 3568 1658 re-

191 1688 368 1744 καίοιν,
408 1685 476 1744 ὡς
510 1679 651 1755 μηδὲ
693 1679 955 1735 δύνασθαί
993 1702 1111 1734 τινα
1151 1687 1320 1758 χωρὶς
1361 1681 1520 1741 αὐτῆς
1563 1681 1797 1734 εἰσελθεῖν

1919 1696 2102 1750 gnum
2128 1681 2224 1738 Dei
2249 1681 2450 1738 nullus
2480 1682 2671 1755 possit
2695 1684 2931 1752 intrare,
2965 1687 3077 1743 hoc
3106 1693 3193 1744 cst
3217 1689 3346 1760 ejus
3377 1691 3568 1761 digni-

191 1772 262 1833 εἰς
287 1778 384 1831 τὴν
417 1771 691 1844 βασιλείαν
720 1779 813 1824 τοῦ
847 1779 1001 1825 Θεοῦ.
1055 1773 1146 1839 [Τὸ
1178 1773 1290 1843 (l3)
1333 1768 1391 1823 δὲ
1435 1770 1690 1823 Εἰσελθείν
1735 1771 1803 1832 εἰς

186 1865 285 1920 τὴν
322 1859 598 1933 βασιλιίοιν
641 1869 734 1913 τοῦ
767 1860 947 1932 Θεοῦ,]
987 1861 1017 1919 ἡ
1068 1863 1126 1912 τὸ
1169 1868 1362 1932 γνῶναι
1398 1864 1485 1918 την
1527 1858 1673 1922 ἀξίαν
1717 1864 1805 1912 καὶ

188 1950 574 2023 μεγαλειότητα
603 1950 762 2003 αὐτοῦ
791 1946 948 2009 δηλοῖ
973 1957 1060 2002 νῦν
1088 1953 1118 2008 ἣ
1152 1952 1210 2002 τὸ
1244 1956 1426 2022 τυχεῖν
1455 1957 1546 2009 τῆς
1577 1946 1806 2001 ἀπολαύ-

189 2059 326 2103 σεως
353 2049 415 2100 τῆ
428 2059 449 2100 ς
479 2041 635 2101 Θείας.

261 2129 321 2182 Ὀ
351 2129 501 2200 λόγος
524 2127 583 2182 δί
614 2134 732 2204 περὶ
762 2137 862 2182 τῶν
887 2131 1013 2202 μετὰ
1044 2132 1102 2181 τὸ
1135 2127 1498 2200 βαπτισθῆναι
1523 2131 1608 2181 τὸν
1642 2136 1804 2200 Χρισ-

185 2225 300 2278 τόν,
345 2226 557 2273 Ἐκτοτε
587 2222 689 2294 γὰρ
721 2221 750 2277 ἡ
787 2217 1122 2290 ἀνειγέννησις
1144 2218 1354 2291 ἡρξατο.
1387 2222 1581 2271 Λοιπὸν
1602 2215 1689 2270 οὖν
1719 2221 1805 2270 καὶ

185 2313 238 2363 οἱ
309 2309 596 2361 ἀπόστολοι
667 2307 1095 2380 ἀνεγεννήθησαν,
1158 2304 1230 2359 δι’
1279 2304 1470 2368 ὕδατος
1517 2311 1608 2380 μὲν
1663 2310 1804 2382 παρὰ

184 2399 456 2469 Ἰωάννου,
486 2394 580 2450 διὰ
611 2399 904 2469 [ινεύματος
935 2393 1013 2462 δὲ,
1048 2398 1128 2449 ὅτε
1158 2395 1490 2468 ἐπιφοίτησεν
1537 2396 1715 2459 αὐτοῖς
1753 2395 1802 2448 ἓν

184 2485 324 2542 εἴϐει
358 2492 580 2562 πυρίνων
610 2487 883 2559 γλωσσῶν.

267 2579 538 2652 Γράφουσι
586 2573 646 2630 δέ
701 2595 831 2638 τινες
881 2577 1012 2648 (14),
1089 2575 1375 2647 ἐγγίζοντες
1437 2584 1543 2636 τοῖς
1589 2580 1803 2650 χρόνοις

184 2677 293 2720 τῶν
344 2665 668 2735 ἀποστόλων,
741 2667 817 2718 ὅτι
887 2667 914 2717 6
975 2668 1065 2738 μὲν
1123 2669 1352 2739 Χριστὸς
1412 2664 1659 2718 ἐϐάπτισε
1714 2669 1801 2718 τὸν

186 2761 389 2830 Πέτρον
430 2760 522 2809 καὶ
560 2761 655 2815 τήν
699 2760 974 2820 Θεοτοκον,
1015 2756 1041 2806 6
1083 2750 1142 2808 δε
1200 2759 1392 2828 Πέτρος
1442 2759 1639 2818 πάντας
1685 2759 1800 2834 τους

185 2845 521 2908 ἀποστόλους
531 2885 543 2898 .

263 2935 338 2990 Τὸ
377 2967 438 2975 -
484 2934 642 2988 ἐστιν.
681 2934 756 2987 Οὐ
799 2939 1022 3008 σαρκική
1058 2932 1198 2986 ἐστιν
1238 2934 1268 2992 ἠ
1318 2938 1574 3005 γέννησις,
1619 2938 1797 3006 φησιν,

1919 1775 2097 1827 tatem
2131 1787 2199 1826 ac
2229 1772 2702 1843 magnitudinem
2741 1789 3122 1845 cognoscere,
3159 1783 3263 1834 aut
3301 1778 3570 1836 divinam

1917 1860 2205 1932 attingere
2248 1861 2606 1919 fruitionem.

1986 2129 2332 2201 Intelligitur
2353 2137 2554 2186 autem
2579 2131 2832 2188 verbum
2865 2131 2940 2189 de
2968 2133 3082 2205 his,
3113 2135 3218 2208 qui
3243 2139 3382 2208 post
3411 2137 3572 2194 Chri-

1915 2225 2069 2274 stum
2112 2218 2480 2291 baptizatum
2518 2219 2778 2278 fuerunt.
2818 2221 3130 2295 Reliquum
3157 2230 3248 2280 est
3276 2226 3472 2296 igitur,
3507 2231 3573 2283 nt

1913 2307 2238 2380 etapostoli
2268 2310 2598 2379 regenerati
2631 2309 2750 2366 sint
2772 2327 2880 2384 per
2899 2327 3124 2385 aquam
3150 2329 3293 2370 sane
3318 2332 3352 2370 a
3382 2317 3572 2371 Joan-

1912 2413 2002 2462 ne,
2029 2413 2130 2468 per
2157 2396 2443 2470 Spiritum
2473 2413 2635 2465 vero,
2668 2400 2810 2470 quia
2836 2399 2914 2456 ad
2931 2401 3107 2457 eosin
3137 2403 3333 2474 specie
3359 2402 3573 2474 ignita-

1911 2501 2047 2541 rum
2076 2485 2320 2542 advenit
2348 2486 2716 2557 linguarum.

1983 2575 2264 2631 Scribunt
2289 2580 2483 2631 autem
2497 2576 2746 2647 quidam
2770 2577 3180 2648 apostolorum
3202 2581 3571 2653 temporibus

1913 2664 2192 2736 proximi,
2224 2665 2391 2737 quod
2425 2663 2687 2721 Christus
2727 2665 2957 2721 Petrum
2998 2683 3069 2724 ac
3108 2668 3412 2739 Virginem
3451 2671 3574 2728 Ma-

1916 2760 2062 2811 trem
2104 2754 2504 2826 baptizaverit,
2558 2754 2772 2812 Petrus
2837 2771 2979 2812 vero
3034 2757 3296 2830 reliquos
3359 2775 3572 2816 omnes

1915 2843 2245 2916 apostolos.

1988 2934 2153 2990 Vers.
2185 2935 2238 2988 6.
2265 2933 2434 3001 Quod
2465 2965 2532 2973 —
2562 2938 2666 2990 est.
2704 2936 2831 2989 Non
2862 2935 3136 3000 carnalis,
3171 2936 3362 3010 inquit
3390 2952 3572 3008 gene-

184 3024 325 3077 ἀλλὰ
374 3029 716 3098 πνευματική.
757 3027 826 3076 T6
875 3028 966 3098 μὲν
1027 3025 1129 3098 γὰρ
1187 3027 1548 3096 γεγεννημένον
1603 3021 1656 3074 ἐκ
1711 3030 1797 3083 τῆς

1919 3023 2064 3078 ratio
2085 3029 2190 3088 est,
2225 3022 2326 3078 sed
2348 3022 2666 3095 spiritualis
2689 3039 2703 3090 ;
2726 3038 2866 3079 nam
2881 3026 3038 3096 quod
3062 3041 3134 3081 ex
3155 3041 3333 3083 carne
3358 3033 3568 3084 natum

175 3118 390 3190 σαρκὸς
446 3117 693 3188 σαρκικὸν
739 3112 856 3166 ἐστι
911 3117 1134 3185 γέννημα
1163 3129 1173 3142 ·
1223 3116 1282 3164 τὸ
1333 3109 1391 3164 δὲ
1439 3115 1798 3184 γεγεννημένον

171 3204 236 3257 ἐκ
287 3212 385 3256 τοῦ
444 3205 741 3276 Πνεὺματος
795 3207 1140 3275 πνευματικόν
1197 3201 1309 3254 ἐστι
1373 3206 1620 3274 γέννημα.
1679 3207 1797 3254 Λοι-

170 3297 281 3346 πὸν
321 3289 412 3345 οὖν
461 3294 491 3350 ἡ
539 3295 629 3364 μεν
675 3296 901 3365 σαρκική
942 3295 1204 3362 γέννησις,
1258 3291 1485 3350 αἰσθητή
1541 3293 1703 3358 ἐστιν,
1764 3293 1791 3348 ἡ

173 3380 241 3435 δε
276 3387 600 3454 πνευματική
633 3386 814 3439 νοητή.
855 3385 956 3433 Καὶ
987 3380 1045 3432 οὐ
1087 3388 1196 3456 χρὴ
1243 3379 1508 3440 αἰσθητῶς
1541 3379 1795 3442 ἐξετάζειν

169 3476 237 3526 τὸ
285 3475 491 3536 νοητὸν,
544 3467 666 3523 οὐδὲ
721 3469 1048 3543 ἀνθρωπίνως
1080 3475 1137 3522 τὸ
1191 3471 1322 3522 θεῖον
1367 3475 1605 3544 πρᾶγμα.
1655 3469 1795 3521 Ἐπεὶ

167 3565 284 3636 γὰρ
338 3564 370 3618 η
430 3567 610 3635 πρώτη
668 3564 904 3631 γέννησις
958 3560 1250 3631 ἠχρείώοη,
1311 3556 1531 3630 δευτέρα
1579 3554 1794 3610 δέδοται

170 3653 545 3724 chr/iuvre“,
601 3649 893 3723 ὑψηλοτέρα
930 3668 984 3701 τε
1045 3655 1135 3701 καὶ
1181 3653 1482 3724 τιμιωτέρα.
1543 3656 1675 3701 Θεοῦ
1717 3650 1792 3722 ἕρ-

167 3762 273 3814 γον
305 3743 336 3799 ἠ
383 3758 586 3816 πρωτη·
621 3746 754 3792 Θεοῦ
814 3741 960 3812 ἔργον
990 3744 1080 3791 καὶ
1105 3740 1134 3797 ἡ
1172 3734 1409 3813 δευτέρα·
1443 3740 1567 3799 Θεὸς
1603 3740 1704 3810 γάρ
1735 3741 1792 3789 τὸ

173 3837 424 3901 Πνεῦμα.

247 3918 417 3970 Ὀταν
444 3914 532 3970 οὖν
568 3915 759 3990 ἀκούῃς
805 3918 885 3970 ὅτι
915 3921 972 3969 τὸ
1007 3923 1214 3988 Πνεῦμα
1239 3915 1506 3987 ἀναγεννᾴ,
1538 3921 1609 3988 μή
1645 3917 1792 3976 ζήτει

161 4011 269 4061 τὸν
301 4012 512 4082 τρόπον.
543 4006 600 4060 Εἰ
629 4009 728 4082 γὰρ
762 4005 1123 4066 ἁκατάληπτος
1153 4007 1182 4064 ἡ
1237 4004 1286 4058 ἐν
1335 4013 1396 4077 τῇ
1443 4010 1616 4078 μήτρᾳ
1665 4001 1698 4057 δ
1705 4007 1791 4057 Ld-

163 4095 394 4157 πλοισις,
440 4093 896 4170 ἁκοιταληπτοτὲρα
929 4097 1129 4158 πάντως
1159 4097 1186 4154 ἡ
1217 4093 1264 4147 ἐν
1295 4103 1364 4166 τῷ
1404 4091 1583 4148 ὕδατι.
1616 4099 1716 4147 Καὶ
1748 4094 1792 4146 εὶ

165 4190 301 4259 περὶ
331 4184 530 4248 ἐκείνης
572 4185 668 4238 οὐκ
706 4185 1111 4259 ἀμφιϐάλλομεν,
1159 4193 1219 4258 τῇ
1273 4180 1655 4256 παντοδυνάμῳ
1699 4191 1790 4235 τοῦ

165 4281 319 4329 Θεοῦ
353 4279 512 4348 σοφίᾳ
530 4277 877 4342 πιστεύοντες,
911 4273 1080 4346 πολλῷ
1102 4273 1292 4348 μᾶλλον
1319 4279 1470 4326 τοῦτο
1487 4277 1597 4348 χρὴ
1625 4280 1790 4326 ποιεῖν

161 4367 304 4439 περὶ
330 4366 544 4425 ταύτης.

245 4453 454 4526 ’ίὶσπερ
502 4449 559 4506 δί
603 4451 651 4505 ἐν
697 4451 840 4529 ἀρχῇ
891 4454 1128 4505 ὑπέκειτο
1175 4456 1438 4524 στοιχεῖον
1493 4452 1522 4509 ἡ
1581 4458 1674 4522 γῆ,
1729 4454 1786 4503 τὸ

157 4548 283 4595 πᾶν
332 4538 394 4593 δὲ
435 4549 527 4593 τοῦ
575 4538 976 4603 διαπλάττοντος
1034 4539 1094 4600 ἦν
1125 4561 1137 4574 ο
1187 4542 1322 4593 οὕτω
1374 4545 1463 4592 κοιὶ
1509 4548 1597 4591 νῦν
1656 4541 1785 4592 ὑπο-

155 4649 350 4684 κειται
391 4637 655 4702 στοιχεῖον
685 4633 742 4684 τὸ
792 4627 957 4706 ὖδωρσ
1001 4636 1058 4684 τὸ
1108 4637 1208 4683 πᾶν
1256 4627 1315 4682 δὲ
1353 4637 1442 4682 τοῦ
1489 4632 1785 4702 Πνεύμάτός

155 4721 352 4777 ἐστιν.

246 4903 374 4956 Ἐὰν
414 4899 685 4976 ἐρωτήσῃς
730 4920 812 4976 με,
855 4905 1002 4954 Διατί
1037 4908 1126 4953 νῦν
1171 4902 1231 4953 τὸ
1279 4895 1446 4972 ὕδωρ,
1501 4897 1784 4973 ἁντεπερω-

149 4998 233 5052 τή
249 5010 331 5045 σω
364 5009 443 5061 σε,
475 4996 622 5046 Aturi
651 4995 766 5045 τότε
793 4992 823 5050 ἡ
851 4999 921 5064 γῆ
944 5009 958 5060 ;
994 4996 1095 5046 Καὶ
1122 4992 1224 5064 γὰρ
1252 4986 1483 5050 ἠδύνατο
1523 4993 1612 5042 καὶ
1644 4985 1784 5061 δίχα

1909 3117 2013 3176 est,
2041 3110 2293 3167 carnalis
2324 3117 2416 3168 est
2442 3113 2758 3183 progenies
2786 3132 2798 3171 :
2824 3113 2989 3185 quod
3013 3119 3212 3171 autem
3238 3121 3446 3172 natum
3478 3124 3569 3173 est

1907 3215 1980 3255 ex
2010 3201 2248 3272 Spiritu,
2273 3201 2592 3273 spiritualis
2613 3201 2917 3270 generatio
2938 3209 3042 3259 est.
3079 3205 3340 3259 Carnalis
3364 3205 3566 3278 itaque

1907 3289 2182 3346 nativitas
2207 3296 2295 3346 est
2325 3289 2625 3345 sensibilis
2663 3291 2985 3362 spiritualis
3015 3308 3174 3357 vero,
3206 3293 3566 3351 intellectua-

1905 3377 1995 3433 lis.
2027 3381 2140 3434 Nec
2165 3383 2416 3451 oportet,
2449 3379 2616 3451 quod
2645 3379 3037 3437 intellectuale
3067 3387 3176 3449 est,
3210 3383 3565 3440 sensibiliter

1905 3468 2221 3540 indagare:
2240 3483 2433 3540 neque
2453 3468 2710 3524 humano
2723 3469 2898 3525 modo
2911 3473 3268 3543 opus,quod
3280 3471 3555 3529 divinum

1905 3557 2335 3630 est;siquidem
2363 3574 2435 3613 ex
2452 3573 2572 3630 quo
2603 3559 2765 3630 prior
2797 3561 3098 3629 generatio
3126 3560 3283 3618 facta
3312 3567 3403 3619 est
3432 3562 3560 3618 inu-

1905 3645 2018 3702 tilis
2048 3648 2188 3704 data
2225 3653 2311 3703 est
2349 3647 2612 3703 secunda
2639 3648 3012 3720 regeneratio
3041 3649 3325 3707 excelsior
3361 3657 3418 3708 et
3454 3652 3561 3708 ho-

1903 3737 2248 3792 norabilior.
2285 3737 2383 3793 Dei
2409 3752 2562 3810 opus
2592 3742 2681 3792 est
2719 3737 2917 3809 prior;
2948 3738 3044 3794 Dei
3073 3755 3227 3812 opus
3251 3745 3340 3798 est
3372 3740 3552 3800 etiam

1902 3825 2230 3897 posterior;
2264 3827 2416 3882 Deus
2441 3826 2601 3881 enim
2634 3825 2885 3897 Spiritus
2916 3833 3024 3883 est.

1974 3914 2122 3970 Cum
2154 3915 2332 3986 igitur
2369 3915 2629 3970 audieris
2657 3915 2823 3987 quod
2855 3917 3099 3987 Spiritus
3125 3926 3454 3992 regenerat,
3487 3938 3560 3978 ne

1905 4003 2151 4059 modum
2176 4019 2440 4075 quaeras.
2483 4007 2628 4060 Nam
2657 4005 2704 4059 si
2728 4005 3347 4077 incomprehensibilis
3388 4015 3477 4066 est
3500 4011 3562 4066 in

1901 4097 2061 4148 utero
2087 4092 2382 4158 formatio,
2412 4093 2586 4164 longe
2615 4093 3278 4166 incomprehensibilior
3301 4105 3389 4154 est
3417 4116 3554 4171 quae

1901 4182 1961 4237 in
1994 4197 2153 4254 aqua
2183 4181 2283 4241 ﬁt:
2319 4182 2483 4254 quod
2512 4182 2559 4236 si
2589 4181 2663 4237 de
2684 4182 2781 4238 illa
2813 4199 2932 4238 non
2963 4184 3558 4257 ambigimus,omni-

1900 4269 2553 4344 potentiDeisapientiee
2567 4270 2883 4332 credentes.
2915 4270 2989 4327 de
3017 4272 3124 4327 hac
3148 4273 3334 4330 multo
3364 4275 3558 4344 magis

1901 4359 2139 4417 credere
2167 4364 2420 4432 oportet.

1973 4451 2132 4506 Sicut
2160 4454 2360 4506 autem
2395 4449 2451 4504 in
2487 4448 2678 4519 prima
2722 4448 2980 4504 hominis
3026 4448 3382 4508 formatione
3424 4452 3560 4508 sub-

1903 4538 2137 4596 servivit
2174 4547 2337 4595 terrae
2376 4538 2756 4603 elementum,
2802 4553 2939 4593 cum
2989 4539 3268 4598 universa
3313 4542 3374 4597 in
3433 4558 3558 4598 ma-

1898 4645 1980 4685 nu
2014 4634 2213 4685 essent
2245 4628 2554 4692 Creatoris,
2599 4625 2682 4682 ita
2710 4632 2763 4684 et
2804 4642 2964 4683 nunc
2995 4629 3348 4687 subservivit
3377 4648 3553 4705 aqua;

1896 4718 2278 4783 elementum,
2310 4733 2444 4774 cum
2478 4717 2756 4773 universa
2786 4716 2900 4772 sint
2934 4715 2994 4773 in
3043 4718 3346 4776 voluntate
3382 4721 3558 4794 Spiri-

1902 4814 2018 4864 tus.

1963 4897 2134 4964 Quod
2174 4897 2224 4955 si
2253 4913 2346 4953 me
2380 4896 2721 4968 interroges,
2754 4895 2950 4965 Quare
2983 4914 3141 4954 nunc
3174 4915 3334 4973 aqua
3369 4920 3381 4959 :
3413 4916 3442 4956 e
3474 4900 3556 4956 di-

1891 5003 2066 5044 verso
2109 4992 2162 5044 te
2209 4985 2614 5058 interrogabo,
2657 4987 2850 5053 Quare
2890 4991 3034 5044 tunc
3078 4991 3282 5046 terra?
3325 4991 3558 5050 Poterat

1337 5167 1560 5238 Variae
1598 5165 1927 5234 lectiones
1963 5174 2028 5234 et
2065 5175 2267 5234 notae.

286 5317 379 5382 13)
421 5314 657 5374 Inclusa
675 5313 891 5373 omittit
918 5311 980 5371 Β.

248 5317 387 5457 614)
423 5387 629 5457 Papias
659 5386 927 5452 fortasse,
959 5400 980 5442 ε

285 5379 387 5458 14)
423 5387 629 5460 Papias
659 5386 927 5452 fortasse,
959 5387 1061 5443 aut
1092 5383 1398 5456 Origenes,
1431 5398 1500 5441 ex
1529 5381 1871 5442 narratione
1903 5385 2247 5438 sanctarum
2276 5379 2630 5436 vetularum.

237 5566 334 5640 (ιι)
390 5567 656 5624 Οεσιιιιε.
692 5567 860 5624 Forte
889 5565 1118 5624 occulta
1148 5580 1253 5622 seu
1292 5565 1562 5624 obscura.
1598 5567 1663 5621 Et
1693 5577 1797 5619 mo.

1919 5559 2167 5617 tcitant.

475 5665 696 5722 ΡΛτιιοι.
729 5666 829 5722 Ga.
873 5665 1116 5722 CXXIX.
