4038 6226
224 202 366 263 1165

1312 206 1659 267 COMMENT
1698 206 1768 266 IN
1804 207 2153 269 JOANNEM.
2193 180 2263 254 4
2299 192 2457 271 CAP.
2500 213 2593 270 III.

3396 214 3399 217 ’
3447 216 3588 272 1166

223 332 251 383 6
284 332 397 403 (2i)
428 331 613 404 ἄνεμος
640 333 768 385 ὅπου
802 328 932 386 θέλει
960 335 1091 401 πνεῖ,
1133 337 1400 387 τουτέστιν
1432 336 1559 388 ὅπου
1584 336 1770 407 κινηθῇ
1806 352 1819 366 ⁸

1954 350 2054 403 :us,
2109 336 2209 392 ubi
2250 334 2393 401 vult,
2440 336 2639 409 spirat,
2683 336 2798 393 hoc
2836 341 2929 396 est
2976 334 3078 395 ubi
3121 343 3321 397 motus
3368 338 3583 410 fuerit;

228 420 439 482 θελησις
489 423 591 496 γὰρ
641 419 848 494 ἀνέμου,
898 425 927 482 η
984 426 1189 485 κίνησις
1223 440 1234 452 ·
1266 427 1353 476 καὶ
1402 429 1497 484 την
1542 427 1631 496 μὲν
1656 427 1825 496 φωνὴν

224 510 387 563 αὑτοῦ
418 509 646 580 ἀκούεις,
673 515 793 571 ἤτοι
842 516 930 565 τόν
980 510 1114 585 ἦχον
1160 512 1271 586 [καὶ
1327 514 1440 585 (22)
1465 516 1697 586 πάταγον
1737 513 1827 565 αύ-

222 607 317 650 τοῦ
368 598 391 673 ]
449 599 508 651 ού
558 600 971 674 καταλαμϐάνεις
1021 598 1080 656 δὲ
1121 604 1275 657 πόθεν
1327 605 1542 678 ἔρχεται
1589 607 1680 656 καὶ
1726 609 1826 655 ποῦ

223 688 415 760 ὑπάγει
443 709 457 721 ⁸
488 689 655 752 οὕτως
709 693 858 743 ἔσται
896 697 986 744 καὶ
1030 698 1131 753 πᾶς
1187 693 1213 744 6
1264 696 1627 765 γεγεννημένος
1655 690 1710 743 ἐκ
1736 698 1827 744 τοῦ

226 780 546 851 Πνεύματος,
578 777 941 842 ἀκατάληπτος
967 777 1210 841 δηλονότι
1259 783 1395 835 κατὰ
1435 786 1528 842 τὴν
1582 783 1826 839 τοιαύτην

221 870 376 940 γέννη
384 887 487 922 σιν.

300 957 363 1009 Εἰ
389 960 492 1034 γὰρ
524 966 617 1011 τοῦ
677 958 933 1018 αἰσθητοῦ
976 963 1268 1034 πνεύματος
1303 959 1361 1013 ού
1393 955 1622 1013 δύνασαι
1662 979 1827 1013 κατα-

221 1045 401 1099 λαϐεῖν
438 1051 533 1106 τὴν
555 1052 719 1120 ὄρμὴν
748 1054 838 1105 καὶ
866 1053 958 1108 την
995 1045 1137 1119 ὁδὸν,
1171 1050 1232 1103 οὗ
1260 1054 1349 1109 τὴν
1380 1051 1632 1108 αἴσθησιν
1663 1046 1825 1123 δέχῃ,

223 1139 277 1189 ἓν
306 1155 362 1189 τε
390 1145 463 1207 τῷ
494 1134 698 1190 ἀκούειν
733 1140 819 1190 τὸν
873 1135 1009 1209 ἦχον
1064 1139 1245 1204 αὑτοῦ,
1294 1144 1384 1191 καὶ
1426 1141 1825 1207 καταπνεῖσθαι,

221 1232 314 1279 καὶ
402 1225 697 1298 ψύχεσθαι,
788 1226 956 1299 πολλῷ
1039 1227 1229 1301 μᾶλλον
1291 1235 1381 1281 τοῦ
1450 1236 1636 1288 νοητοῦ
1689 1228 1825 1301 (23).

226 1319 332 1369 Καὶ
376 1314 422 1368 εἰ
472 1320 566 1375 τὴν
619 1314 869 1390 ἐνέργειαν
921 1315 1113 1370 ἐκείνου
1170 1324 1261 1370 τοῦ
1321 1325 1623 1391 σωματικοῦ
1676 1320 1827 1370 πνεύ-

222 1424 391 1477 ματος
434 1409 508 1478 μη
538 1404 968 1478 καταλαμϐάνων,
1022 1408 1157 1480 ὅμως
1179 1407 1272 1459 ούκ
1308 1405 1565 1473 ἀπιστεῖς,
1596 1414 1704 1469 πῶς
1734 1412 1826 1467 την

223 1496 418 1547 τούτου
474 1502 568 1547 τοῦ
628 1493 909 1569 ἀσωμάτου
989 1517 1059 1571 μη
1114 1495 1549 1570 καταλαμϐάνων,
1611 1492 1831 1549 διαπισ-

219 1591 324 1645 τεῖς
358 1602 374 1653 ;

1940 424 2215 483 voluntas
2242 425 2398 484 enim
2421 425 2601 492 venti,
2630 427 2813 483 motio
2834 432 2938 493 est,
2974 432 3031 484 et
3060 444 3268 486 vocem
3308 430 3438 500 ejus
3484 445 3588 487 au-

1938 514 2050 579 dis,
2078 516 2202 571 sive
2220 530 2435 573 sonum
2454 521 2553 572 aut
2570 514 2889 580 stridorem,
2913 531 3034 572 non
3056 518 3365 586 cognoscis
3385 522 3587 575 autem

1938 603 2096 660 unde
2125 604 2283 659 venit
2312 611 2411 661 aut
2439 620 2562 677 quo
2594 604 2717 662 abit
2748 623 2763 660 :
2804 606 2885 661 sic
2928 610 3016 661 est
3057 606 3252 663 omnis
3277 607 3382 681 qui
3408 611 3588 664 natus

1935 699 2023 749 est
2068 709 2140 749 ex
2200 693 2463 764 Spiritu:
2527 693 3146 767 incomprehensibilis
3188 699 3273 753 est
3316 694 3588 753 videlicet

1934 782 2137 854 quoad
2169 782 2509 854 hujusmodi
2536 783 3010 853 generationem.

2009 959 2177 1026 Quod
2207 960 2254 1017 si
2280 960 2573 1017 sensibilis
2597 961 2836 1035 spiritus
2866 962 3159 1036 impetum
3185 978 3254 1020 ac
3286 962 3450 1021 viam
3464 980 3589 1023 non

1937 1055 2106 1122 potes
2136 1050 2665 1122 comprehendere,
2707 1052 2877 1122 cujus
2908 1067 3151 1113 sensum
3184 1053 3420 1126 recipis,
3463 1058 3592 1111 tum

1938 1138 2081 1212 quia
2102 1155 2318 1196 sonum
2341 1139 2470 1211 ejus
2487 1139 2677 1206 audis,
2705 1146 2832 1197 tum
2862 1140 3026 1214 quod
3053 1146 3109 1198 te
3140 1141 3267 1198 cale
3284 1141 3463 1199 faciat
3492 1147 3592 1199 aut

1939 1227 2269 1299 frigefaciat
2292 1251 2305 1282 :
2324 1228 2508 1285 multo
2523 1229 2714 1301 magis
2734 1229 3133 1301 intelligibilis.
3151 1231 3206 1287 Si
3226 1247 3368 1301 ergo
3396 1232 3514 1287 vim
3530 1231 3591 1287 il-

1936 1317 2052 1374 lius
2077 1318 2347 1391 corporei
2377 1318 2618 1391 spiritus
2650 1318 2785 1377 licet
2803 1335 2923 1377 non
2940 1320 3442 1394 comprehendas,
3473 1336 3593 1377 cre-

1938 1406 2027 1463 dis
2046 1415 2243 1465 tamen
2271 1423 2285 1463 :
2320 1406 2628 1480 quomodo
2651 1407 2815 1466 hunc
2835 1408 3253 1483 incorporeum
3281 1414 3595 1483 propterea

1937 1511 2060 1563 non
2091 1494 2302 1563 credis,
2335 1494 2494 1573 quod
2525 1511 2645 1553 non
2674 1498 3154 1571 comprehendas
3174 1499 3202 1555 ‘2

301 1672 591 1745 Ἀπεκρίθη
649 1705 720 1714 ——
769 1676 1008 1746 γενέσθαι
1056 1694 1074 1747 ς
1130 1674 1247 1729 Ἐτι
1303 1675 1328 1727 ό
1386 1670 1688 1747 Νικόδημος
1742 1675 1826 1729 ἐπὶ

2010 1674 2182 1732 Vers.
2240 1677 2291 1730 9.
2324 1674 2650 1744 Respondit
2678 1707 2745 1717 —
2780 1675 2958 1745 ﬁeri?
2995 1676 3207 1733 Adhuc
3236 1678 3595 1735 Nicodemus

224 1770 325 1824 τῆς
354 1759 658 1826 Ἰουδαῐκῆς
703 1766 812 1832 (24)
866 1764 1113 1825 εὐτελείας
1142 1769 1298 1838 μένει,
1358 1760 1524 1837 μηδὲν
1576 1766 1702 1839 ὑπὲρ
1732 1770 1827 1824 τὴν

224 1854 484 1910 αἰσθησιν
536 1851 779 1913 ἐννοῆσαι
815 1850 1118 1929 δυνάμενος,
1172 1859 1346 1907 καίτοι
1403 1849 1831 1927 παραδείγματος

224 1941 367 1995 οὕτω
408 1950 603 2016 σαφοῦς
639 1940 908 2015 λεχθέντος
946 1943 1108 2015 αύτῷ.
1168 1946 1322 2017 Λέγει
1367 1939 1454 1995 οὖν
1484 1959 1496 1972 ·
1533 1949 1645 2003 Πῶς
1677 1938 1833 1994 δύνα-

223 2052 317 2085 ται
392 2040 562 2084 ταῦτα
632 2034 896 2104 γενέσθαι,
976 2035 1044 2085 τὰ
1120 2042 1209 2094 τῆς
1281 2032 1554 2106 εἰρημένης
1625 2029 1831 2102 ἀναγενο

224 2127 469 2190 νήοεως;
500 2122 604 2176 Καὶ
651 2120 832 2175 λοιπόν
877 2124 902 2175 6
932 2125 1162 2196 Χριστὸς
1212 2121 1626 2195 πληκτικώτερον
1693 2119 1833 2191 αύτῷ

227 2208 555 2282 διαλέγεται.

301 2301 590 2375 ’Δπεκρίθη
654 2330 712 2340 -
770 2299 829 2353 ού
880 2305 1208 2373 γινώσκειςς
1270 2296 1524 2373 Ούδαμοῦ
1584 2301 1833 2374 πονηρίαν

228 2390 392 2442 αὐτοῦ
416 2395 820 2460 καταγινώσκει,
874 2388 981 2441 ἀλλ’
1023 2390 1256 2447 εὐήθειαν
1297 2393 1382 2442 καὶ
1445 2388 1671 2463 ἀμαθίαν
1696 2388 1833 2460 (25).

225 2475 377 2534 Ἐδει
429 2480 532 2553 γὰρ
590 2478 743 2532 αὑτὸν
793 2482 917 2531 ὄντα
964 2476 1290 2532 διδάσκαλον
1342 2487 1510 2532 ταῦτα
1560 2483 1835 2551 γινώσκειν

229 2566 334 2629 ἀπὸ
391 2576 490 2619 τῶν
540 2573 772 2643 Γραφςον.
847 2566 1085 2641 Σύμϐολα
1152 2572 1253 2643 γὰρ
1319 2577 1442 2631 ’τῆς
1483 2575 1837 2641 πνευματικῆς

228 2652 614 2727 ἀναγεννησεως
668 2659 722 2711 αἱ
769 2666 868 2711 τῶν
909 2654 1179 2712 Ἰουδαίων
1236 2662 1547 2731 περιέχουσι
1605 2655 1781 2731 βίϐλοι
1816 2672 1831 2688 ⁸

228 2742 337 2799 οἷον
404 2748 470 2798 τὰ
528 2750 662 2800 κατὰ
726 2751 820 2806 τὴν
887 2747 1168 2823 Ἐρυθρὰν,
1229 2745 1276 2799 ἐν
1342 2747 1421 2809 οἷς
1478 2749 1637 2807 τύπος
1702 2742 1763 2804 ἦν
1802 2746 1832 2804 ἡ

229 2833 482 2887 θάλασσα
531 2839 621 2908 μὲν
663 2844 754 2889 τοῦ
793 2832 1005 2901 ὕδατος,
1060 2838 1090 2895 ἡ
1145 2836 1322 2909 νεφέλη
1383 2831 1443 2888 δε
1471 2842 1563 2887 τοῦ
1595 2836 1835 2908 Πνεύμα-

223 2942 309 2985 τος
344 2943 359 2956 ·
403 2930 493 2977 καὶ
517 2927 584 2976 τα
610 2929 741 2978 κατά
786 2929 875 2978 τόν
917 2925 1100 2999 λεπρὸν
1156 2928 1374 2998 Νεεμάν,
1420 2926 1503 2977 ὅτε
1543 2923 1760 2983 ἐλούσθη
1786 2922 1834 2975 ἐν

227 3013 344 3083 (25)
366 3022 443 3085 τῷ
477 3010 738 3090 Ἰορδάνῃ,
790 3020 881 3068 καὶ
933 3013 1241 3090 ἐπέστρεψεν
1280 3017 1310 3073 ἡ
1376 3014 1505 3088 σὰρξ
1537 3013 1697 3065 αὐτοῦ
1754 3011 1835 3065 ἐπ’

226 3102 416 3170 αὐτὸν,
449 3105 517 3167 ὡς
565 3100 854 3179 παιδαρίου
900 3111 1115 3180 μικροῦ,
1168 3108 1258 3158 καὶ
1306 3102 1437 3157 ἄλλα
1466 3102 1628 3156 πολλά
1655 3109 1833 3155 τοιαῦ-

226 3211 314 3248 τα.

294 3286 413 3336 Ναὶ
442 3284 546 3354 μὴν
599 3287 690 3336 καὶ
743 3287 1080 3359 προφητείας.
1136 3278 1262 3337 Εἵπε
1298 3284 1397 3358 γὰρ
1450 3282 1477 3334 6
1520 3277 1704 3335 Δαυίδ·
1737 3286 1839 3339 Καὶ

226 3369 587 3443 ἀναγγελοῦσι
624 3376 718 3431 τὴν
750 3369 1094 3431 δικαιοσύνην
1134 3372 1293 3426 αύτοῦ
1321 3372 1429 3444 λαῷ
1479 3380 1552 3443 τῷ
1577 3373 1841 3445 τεχθησο-

222 3464 387 3532 μένῳ,
433 3460 487 3512 ὃν
531 3459 771 3520 ἐποίησεν
824 3464 849 3514 6
902 3465 1094 3525 Κύοιος
1150 3479 1162 3493 ⁸
1217 3468 1306 3515 καί
1368 3479 1381 3493 ’
1437 3465 1722 3539 Μακάριοι,
1772 3461 1840 3513 ὧν

224 3548 505 3622 ἀφέθησαν
572 3553 629 3603 αἱ
689 3552 897 3626 ἀνομίαι
980 3556 1071 3604 καὶ
1160 3552 1228 3603 ὧν
1294 3550 1722 3625 ἐπικαλύγθησαν
1786 3551 1841 3602 αἱ

224 3637 494 3714 ἁμαρτίαι
564 3658 578 3673 ο
637 3645 727 3693 καί
779 3659 793 3672 ·
846 3642 1378 3699 Ἀνακαινισθήσεται
1463 3643 1533 3703 ὡς
1598 3640 1749 3693 ἀετοῦ
1804 3640 1835 3698 ἡ

221 3733 409 3789 νεότης
469 3746 586 3783 σου.
646 3731 746 3790 Τὰς
791 3737 889 3782 τῶν
936 3729 1101 3783 ἄλλων
1142 3731 1243 3803 γὰρ
1298 3736 1387 3782 νῦν
1442 3728 1613 3782 ἐατέον
1659 3724 1753 3783 διὰ
1779 3730 1838 3781 τό

224 3819 326 3881 πλῆ
337 3822 404 3873 θο
412 3839 453 3881 ς.

296 3911 475 3983 Ἀμὴν
506 3940 574 3950 -
612 3908 889 3980 λαλοῦμεν.
954 3908 1021 3964 Ἦ
1056 3913 1175 3984 περὶ
1228 3909 1417 3963 ἑαυτοῦ
1471 3914 1563 3963 καὶ
1598 3916 1690 3963 τοῦ
1733 3916 1836 3963 [Ια-

221 4003 350 4075 τρός
380 4001 540 4052 τοῦτό
579 4018 759 4072 φησιν,
790 4000 819 4059 ἧ
852 4004 971 4073 περὶ
1001 3999 1186 4053 ἑαυτοῦ
1227 4003 1387 4073 μόνον
1418 4001 1499 4054 ὅτι
1530 4020 1543 4034 ·
1577 3998 1620 4052 εἰ
1648 4003 1737 4051 καὶ
1770 4001 1837 4051 σὺ

220 4085 496 4154 ἀπιστεῖς,
531 4086 636 4140 ἀλλ’
675 4090 827 4163 ἡμεῖς
855 4087 883 4142 ὃ
921 4090 1137 4162 οἴδαμεν
1190 4087 1418 4163 ἀκριϐῶς
1456 4096 1609 4143 τοῦτο
1650 4087 1838 4140 λαλοῦ-

297 4270 412 4321 Καὶ
465 4297 536 4307 -
590 4273 970 4343 μαρτυροῦμεν.
1014 4270 1084 4320 Τὸ
1139 4266 1267 4320 αύτό
1328 4267 1465 4339 λέγει
1512 4264 1838 4340 βεϐαιώσεως

217 4357 418 4421 Ξνεκεν,
478 4357 560 4409 ὅτι
640 4360 741 4410 Καὶ
793 4356 820 4409 ὃ
870 4353 1086 4431 οἴδαμεν
1134 4364 1512 4462 μαρτυροῦμτεν.
1593 4355 1669 4410 Ού
1734 4357 1836 4429 γὰρ
1873 4405 1919 4462 D

215 4445 499 4504 αἰσθητὴν
547 4447 731 4521 ὅρασιν
771 4451 976 4507 νοήσεις
1007 4466 1020 4481 ·
1082 4447 1225 4500 οὔπω
1266 4449 1368 4521 γὰρ
1427 4443 1489 4506 ἧν
1553 4449 1836 4519 γεγενημέ-

213 4555 330 4589 νον.

296 4629 504 4680 Καὶ-ι
558 4623 858 4699 λαμϐάνετε.
917 4632 1082 4678 Τοῦτο
1134 4623 1289 4693 εἶπεν,
1336 4625 1395 4678 ού
1445 4621 1837 4699 δυσχεραίνων,

213 4712 337 4766 ἀλλ’
401 4715 607 4789 ἡμέρως
662 4717 720 4767 τὸ
783 4718 1049 4788 γινόμενον
1102 4714 1455 4788 ἀπαγγέλλων,
1525 4719 1614 4767 καὶ
1665 4715 1839 4786 πράως

211 4807 277 4857 τὸ
313 4802 724 4878 συμϐησόμενον
780 4811 1181 4878 προαναφωνῶν,
1246 4808 1336 4858 καὶ
1383 4805 1488 4857 οἷον
1539 4800 1838 4878 διαμαρτυ-

289 4984 347 5019 ⁴⁵
369 4997 436 5040 iv
463 4983 605 5055 Reg.
632 4998 713 5051 v1,
744 4987 834 5044 14.
953 4983 1003 5020 ⁴⁶
1028 4982 1178 5042 Psal.
1204 4989 1365 5049 xxxi,
1391 4985 1483 5039 34.

1595 4982 1643 5017 ‘7
1660 4981 1796 5037 Psal
1824 4996 1965 5052 xxx,
1996 4985 2046 5035 1.

1941 1763 2001 1821 in
2017 1763 2264 1820 Iudaica
2280 1769 2500 1837 ,manet
2532 1763 2996 1837 imperfectione,
3016 1766 3164 1823 nihil
3186 1767 3391 1824 valens
3412 1783 3598 1841 supra

1942 1868 2191 1909 sensum
2246 1853 2594 1924 intelligere,
2644 1855 2822 1912 etiam
2874 1855 3191 1912 manifesto
3253 1856 3598 1928 hujusmodi

1942 1941 2218 2014 exemplo
2253 1943 2581 2015 proposito.
2614 1943 2759 1999 Dicit
2796 1959 2939 2015 ergo
2980 1961 2993 2000 :
3029 1944 3311 2012 Quomodo
3347 1951 3597 2016 possunt

1940 2033 2067 2090 haec
2093 2033 2247 2102 ﬁeri,
2282 2048 2418 2104 quae
2448 2032 2523 2088 de
2560 2033 2838 2105 praedicta
2870 2035 3319 2105 regeneratione
3347 2035 3596 2092 dixisti?

1943 2122 2111 2179 Unde
2136 2127 2193 2179 et
2243 2120 2507 2179 Christus
2545 2123 2675 2194 jam
2709 2122 3082 2195 objurgantis
3125 2141 3293 2182 more
3340 2140 3479 2183 cum
3524 2139 3597 2181 eo

1942 2211 2199 2269 disserit.

2015 2301 2177 2357 Vers.
2212 2300 2298 2356 10.
2333 2300 2652 2371 Respondit
2678 2333 2738 2343 ——
2756 2300 2993 2372 ignoras
3012 2306 3038 2358 .’
3058 2304 3450 2377 Nequaquam
3472 2318 3600 2360 ma-

1943 2389 2080 2446 litiae
2106 2390 2463 2445 condemnat
2492 2405 2630 2446 eum
2663 2390 2948 2458 Christus,
2982 2392 3086 2448 sed
3112 2392 3366 2464 ignaviae
3396 2408 3467 2449 ac
3503 2408 3599 2449 ru-

1944 2479 2165 2536 ditatis.
2202 2480 2521 2552 Oportebat
2550 2479 2712 2537 enim
2762 2496 2901 2538 eum
2934 2481 3040 2554 qui
3076 2488 3406 2555 praeceptor
3450 2485 3597 2548 erat,

1943 2569 2071 2626 haec
2093 2585 2129 2625 a
2169 2568 2482 2641 Scripturis
2509 2585 2889 2641 cognoscere.
2915 2571 3096 2642 Signa
3124 2570 3601 2644 siquidemrege—

1947 2658 2265 2716 nerationis
2311 2657 2631 2729 spiritualis
2683 2660 2985 2716 continent
3044 2659 3179 2716 libri
3231 2661 3597 2731 Iudaeorum,

1945 2754 2091 2820 puta
2102 2763 2238 2820 quas
2250 2748 2318 2802 de
2331 2747 2532 2803 Rubro
2547 2763 2711 2804 mare
2737 2748 3098 2813 scribuntur,
3114 2748 3174 2804 in
3194 2748 3412 2820 quibus
3424 2764 3599 2820 aquas

1947 2842 2126 2909 typus
2157 2841 2283 2892 erat
2344 2852 2531 2901 mare,
2598 2836 2785 2891 nubes
2834 2852 2976 2893 vero
3030 2834 3317 2909 Spiritus;
3362 2841 3418 2893 et
3464 2853 3601 2909 quas

1946 2926 2020 2981 de
2046 2925 2281 2998 leproso
2310 2926 2603 2990 Naaman,
2637 2925 2882 2997 quando
2920 2927 2978 2981 in
3009 2926 3268 2982 Jordane
3301 2926 3457 2983 lotus
3490 2930 3598 2993 est,

1948 3020 2005 3071 et
2033 3030 2272 3071 reversa
2302 3019 2391 3069 est
2419 3029 2559 3070 caro
2589 3030 2699 3073 sua
2727 3013 2800 3069 ad
2828 3014 3048 3088 ipsum,
3081 3014 3234 3070 sicut
3261 3030 3403 3072 caro
3432 3013 3601 3088 pueri

1950 3103 2184 3176 parvuli
2215 3104 2283 3167 ‘5,
2317 3102 2554 3177 aliaque
2578 3102 2838 3177 plurima
2866 3103 3109 3162 similia.

2023 3279 2332 3337 Habebant
2350 3276 2594 3351 insuper
2608 3281 2664 3334 et
2676 3277 3036 3353 prophetias.
3054 3278 3375 3337 Dixitenim
3389 3280 3598 3341 David:

1950 3371 2025 3425 Et
2041 3368 2487 3427 annuntiabunt
2490 3366 2790 3437 justitiam
2805 3367 2924 3439 ejus
2939 3370 3286 3441 populo,qui
3300 3376 3600 3438 nascetur,

1951 3475 2120 3532 quem
2148 3460 2290 3527 fecit
2330 3459 2611 3514 Dominus
2641 3457 2722 3523 “;
2755 3464 2830 3524 et,
2853 3458 3018 3515 Beati
3055 3475 3304 3531 quorum
3344 3462 3602 3518 remissa:

1949 3554 2085 3606 sunt
2114 3547 2481 3620 iniquitates,
2510 3553 2562 3603 et
2587 3562 2840 3619 quorum
2875 3553 3024 3604 tecta
3053 3555 3187 3605 sunt
3226 3555 3470 3619 peccata
3493 3551 3539 3586 ⁸⁷
3578 3566 3602 3616 ;

1949 3642 2042 3695 et:
2076 3637 2478 3694 Renovabitur
2504 3635 2656 3691 sicut
2686 3638 2907 3707 aquila
2920 3638 3205 3706 juventus
3231 3643 3332 3693 tua
3357 3640 3426 3695 η.
3448 3638 3604 3695 Alio-

1948 3743 2084 3784 rum
2114 3725 2414 3799 siquidem
2444 3724 2768 3798 prophetiaa
2797 3740 2920 3797 prae
2960 3724 3343 3783 multitudine
3375 3726 3437 3784 in
3475 3742 3601 3800 pres

1949 3806 2139 3874 sentia
2162 3815 2600 3888 relinquantur.

2020 3908 2184 3962 Vers.
2210 3910 2291 3959 ll.
2324 3905 2509 3961 Amen
2538 3934 2606 3945 —
2626 3903 2938 3975 loquimur.
2960 3904 3065 3961 Vel
3085 3904 3161 3961 de
3182 3906 3388 3978 seipso
3410 3910 3467 3964 et
3491 3906 3601 3963 Pa-

1948 4000 2032 4053 tre
2056 3995 2171 4051 hoc
2201 3992 2364 4059 dicit,
2386 3991 2480 4049 vel
2505 3992 2574 4048 de
2601 3993 2802 4069 seipso
2825 3992 2975 4048 solo.
3002 3995 3361 4067 Quanquam
3384 4000 3446 4051 tu
3475 4010 3602 4052 non

1948 4084 2174 4147 credas,
2189 4087 2533 4148 nostamen,
2561 4080 2722 4154 quod
2743 4080 2931 4154 probe
2954 4083 3254 4148 novimus,
3280 4084 3396 4140 hoc
3412 4083 3606 4159 loqui-

2055 4188 2103 4228 Γ.

1948 4191 2181 4318 mil/lem.
2220 4266 2304 4319 tt.
2342 4260 2418 4313 Et
2458 4289 2529 4301 —
2567 4261 2874 4315 testamur.
2916 4258 3080 4316 Idem
3127 4259 3603 4316 conﬁrmationis

1949 4367 2132 4409 causa
2151 4351 2357 4422 repetit
2383 4364 2396 4403 :
2431 4347 2599 4416 Quod
2614 4345 2831 4403 scimus
2866 4352 3157 4404 testamur
3182 4365 3197 4404 :
3218 4362 3416 4420 neque
3439 4347 3604 4405 enim

1950 4439 2289 4497 sensibilem
2318 4440 2623 4509 aspectum
2653 4432 2970 4505 intelligas,
3004 4450 3142 4491 cum
3184 4435 3460 4493 nondum
3484 4435 3605 4493 fac-

1951 4536 2078 4586 tum
2108 4530 2285 4586 esset.

2021 4620 2181 4675 Vers.
2230 4621 2312 4673 H.
2339 4615 2416 4672 Et
2444 4645 2513 4654 -
2541 4611 2833 4682 accipitis.
2859 4614 2974 4669 Hoc
2999 4628 3121 4670 non
3142 4613 3386 4687 indigne
3411 4614 3604 4674 ferens

1949 4709 2116 4774 dixit,
2131 4705 2235 4762 sed
2256 4700 2659 4774 leniter,quod
2680 4699 2878 4764 fiebat,
2906 4716 3214 4771 enarrans,
3236 4709 3292 4761 et
3312 4706 3605 4773 modeste,

1950 4797 2113 4873 quod
2140 4795 2406 4852 futurum
2444 4797 2590 4861 erat,
2616 4788 2969 4863 priedicens,
2996 4797 3054 4850 et
3072 4793 3245 4866 quasi
3271 4799 3606 4866 protestan.

2156 4977 2198 5019 ιθ
2229 4976 2356 5033 Psal
2387 4992 2483 5043 cu,
2518 4980 2569 5032 5.

1447 5158 1670 5232 Varia).
1707 5158 2036 5228 lectiones
2076 5166 2140 5225 et
2174 5166 2392 5223 enotm.

317 5367 425 5427 2i)
462 5365 524 5421 Ὀ
551 5366 771 5424 omittit
788 5366 860 5425 Β.
1515 5424 1518 5427 .

319 5437 425 5511 22)
451 5441 601 5495 Loco
632 5439 810 5512 trium
825 5438 1080 5512 istorum
1108 5437 1546 5497 vocabulorum
1575 5437 1837 5512 spatium

202 5509 497 5569 vacuum
535 5514 630 5566 est
661 5509 726 5566 in
750 5510 885 5566 cod.
918 5515 990 5567 A.

299 5582 439 5655 (‘25)
492 5580 779 5656 lntellige,
841 5582 900 5656 ού
965 5579 1170 5656 δυνήσῃ
1219 5580 1544 5656 καταλαϐεῖν.
1595 5582 1844 5656 Rgterat

299 5597 439 5655 (25)
492 5597 680 5639 intem
764 5624 779 5648 ,
841 5597 900 5635 ου
965 5597 1170 5656 συνησῃ
1219 5597 1544 5637 καταλαδειν.
1612 5597 1842 5639 emerat

212 5655 430 5714 etiam
458 5669 569 5726 pro
607 5597 801 5727 pﬁffw
824 5653 1019 5711 dicere
1039 5662 1202 5729 μεῖον.
1227 5655 1341 5712 Sed
1364 5653 1514 5710 intra
1539 5653 1618 5710 ad
1632 5653 1726 5719 VI,
1752 5654 1842 5709 41.

1945 5362 2157 5421 eodem
2188 5359 2368 5417 modo
2392 5358 2677 5432 loquitur.

2017 5434 2131 5508 (24)
2162 5432 2423 5508 Ἀτελείας
2461 5425 2697 5508 videtur
2739 5428 2953 5508 legisse
3004 5426 3316 5508 interpres.
3363 5425 3479 5508 Sed
3520 5425 3608 5482 ni-

1948 5498 2036 5563 hil
2061 5498 2247 5562 muto.
2286 5502 2546 5562 Εύτελείας
2586 5501 2766 5557 habet
2803 5498 2987 5555 ctiam
3029 5498 3331 5568 Chrysost.
3393 5502 3432 5553 t.
3477 5512 3603 5562 viii,

1950 5595 2012 5651 p.
2070 5578 2281 5640 l5l,A.

2025 5650 2138 5722 (25)
2178 5647 2481 5721 ’Δμάθειαν,
2515 5651 2580 5701 Α.
