4038 6226
221 306 247 359 1
261 303 366 360 169

1257 303 1627 361 COMMENT.
1671 305 1739 359 IN
1773 303 2122 361 JOANNEM.
2163 337 2234 350 —
2271 307 2429 364 CAP.
2473 310 2562 364 Ill.

3460 307 3602 367 H70

224 437 392 504 ρανῷ,
461 431 627 482 εἰτουν
690 430 716 481 6
777 429 1034 506 οὐράνιος.
1104 429 1242 506 Ὅρα
1297 428 1356 483 δὲ
1425 439 1554 497 πῶς,
1625 431 1668 484 εὶ
1745 435 1829 484 καὶ

1946 431 2095 488 caelo
2124 436 2228 499 est,
2255 433 2382 488 sive
2414 433 2690 491 caelestis.
2717 435 2862 491 Vide
2886 435 3452 509 autem,quomodo,
3479 437 3588 494 etsi

224 520 424 592 ὑψηλοὶ
483 517 732 572 δοκοῦσιν
778 522 826 572 οἱ
871 519 1038 591 λόγοι,
1097 519 1224 572 ἀλλὰ
1275 525 1363 572 καὶ
1417 524 1581 582 οὕτως
1633 519 1836 583 ἀνάξιοι

224 611 450 672 εἰσι-τῆς
503 609 870 682 μεγαλωσύνης
913 609 1090 663 αὐτοῦ.
1147 614 1248 663 Καὶ
1300 608 1348 661 ἐν
1396 618 1468 680 τῷ
1500 610 1700 682 ούρανῴ
1733 613 1832 682 γὰρ

223 702 319 765 ὠν,
367 699 459 752 οὐκ
518 697 896 770 ἁπελιμπιίνετο
940 707 1035 760 τῆς
1077 708 1196 770 γῆς·
1247 703 1337 751 καὶ
1383 698 1437 751 ἐκ
1476 707 1567 752 τοῦ
1613 700 1834 772 ούρανοῦ

219 787 483 853 καταϐὰς,
531 787 626 840 οὐκ
665 787 922 860 ἀφίστατο
961 796 1053 840 τοῦ
1092 787 1331 862 ούρανοῦ,
1376 788 1503 840 αλλὰ
1557 797 1834 860 πανταχοῦ

221 876 313 938 ἦν.
362 879 779 953 Ἀπερίγραπτος
835 880 934 952 γὰρ
984 879 1012 935 η
1089 879 1280 938 θεότης.
1332 877 1508 949 Ὀμως
1559 883 1834 951 φθέγγεται

220 976 469 1031 τοιαῦτα,
546 963 842 1040 φειδόμενος
907 975 998 1026 τῆς
1058 964 1324 1028 ἀσθενείας
1393 975 1482 1019 τοῦ
1553 967 1830 1043 ἀκροατοῦ,

215 1063 317 1110 καὶ
383 1059 521 1110 κατὰ
593 1059 781 1129 μικρὸν
847 1054 1053 1128 ἀνάγειν
1120 1054 1430 1128 βουλόμενος
1500 1061 1591 1114 τὴν
1675 1057 1834 1110 αὐτοῦ

218 1143 485 1201 διάνοιαν.

300 1240 400 1288 Καὶ
449 1267 514 1276 -
568 1239 792 1288 αἰώνιον.
845 1239 1016 1286 Εἰπὼν
1069 1239 1163 1293 την
1220 1239 1475 1307 μεγίστην
1516 1235 1584 1295 εἰς
1638 1233 1832 1310 ἀνθρώ-

1757 1324 1831 1378 λέ-

212 1433 304 1485 γει
356 1416 468 1485 (33)
522 1419 610 1465 καὶ
680 1413 852 1488 ἑτέραν
923 1413 1013 1465 οὐκ
1088 1413 1350 1478 ἐλάττονα,
1416 1418 1508 1472 την
1572 1411 1666 1466 διὰ
1741 1422 1832 1467 τοῦ

216 1345 355 1386 πους
426 1325 745 1396 εὐεργεσίαν,
807 1328 902 1383 τὴν
974 1321 1068 1376 διὰ
1134 1330 1224 1376 τοῦ
1283 1321 1680 1396 βαπτίσματος,

217 1510 477 1575 σταυροῦ.
528 1505 634 1564 Τὰς
711 1499 808 1555 δύο
869 1505 970 1576 γὰρ
1043 1508 1132 1555 καὶ
1195 1503 1400 1564 Παῦλος
1461 1504 1592 1576 ὁμοῦ
1643 1505 1833 1556 τέθεικε

211 1595 432 1667 γράφων
513 1593 824 1663 Κορινθίοίςο
892 1596 975 1650 Μὴ
1058 1591 1257 1654 Παῦλος
1324 1591 1628 1664 ἐσταυρώθη
1705 1595 1830 1666 ὑπέρ

1757 1685 1834 1735 Τὰ

213 1683 387 1752 ὑμῶν,
441 1682 468 1740 ἦ
534 1681 601 1741 εἰς
667 1684 726 1734 τὸ
795 1684 956 1753 ὄνομα
1031 1680 1236 1733 Παύλου
1292 1679 1689 1753 ἐϐαπτίσθητε;

1946 521 2222 579 sublimia
2254 523 2563 579 videantur
2578 523 2775 592 verba,
2800 539 2922 580 non
2944 529 3137 580 tamen
3152 526 3449 596 majestati
3475 542 3599 582 sua;

1943 611 2275 668 conformia
2288 618 2440 668 sunt.
2459 615 2606 668 Nam
2629 618 2835 670 etcum
2852 613 2912 669 in
2935 613 3086 670 coelo
3107 619 3212 678 est,
3233 617 3451 670 terram
3467 630 3590 671 non

1942 699 2253 773 relinquit;
2279 706 2334 757 et
2353 701 2426 757 de
2454 701 2605 758 caelo
2626 701 3019 771 descendens,
3043 718 3164 758 non
3185 702 3353 758 abest
3373 706 3596 767 acoelo.

1943 788 2048 844 sed
2095 788 2310 861 ubique
2356 794 2459 861 est,
2508 807 2648 846 cum
2698 792 2978 848 divinitas
3025 792 3434 848 circumscribi
3477 808 3599 848 non

1943 878 2151 950 pOSsit.
2178 878 2340 934 Talia
2367 880 2864 950 tamenloquitur,
2897 897 3145 952 parcens
3164 879 3448 937 auditoris
3485 881 3597 937 im-

1942 967 2327 1038 becillitati,et
2340 968 2628 1041 paulatim
2647 969 2832 1042 ipsius
2848 976 3107 1026 mentem
3125 969 3353 1027 elevare
3371 971 3594 1028 volens.

2013 1237 2168 1292 Vers.
2201 1238 2290 1293 14.
2320 1238 2395 1291 Et
2429 1269 2498 1278 —
2539 1236 2699 1292 Vers.
2742 1237 2830 1292 15.
2869 1243 3171 1295 acernam.
3217 1239 3362 1294 Cum
3408 1239 3592 1297 maxi-

1943 1341 2110 1380 mum
2141 1324 2436 1382 retulisset
2465 1325 2845 1396 beneficium,
2879 1327 3046 1398 quod
3083 1326 3452 1394 hominibus,
3490 1345 3598 1401 per

1941 1412 2308 1485 baptismum
2340 1414 2660 1479 confertur,
2691 1420 2896 1471 narrat
2916 1419 2973 1471 et
3017 1415 3180 1471 aliud
3219 1433 3339 1472 non
3374 1418 3596 1488 minus,

1940 1503 2105 1574 quod
2137 1519 2242 1576 per
2267 1519 2504 1559 crucem
2531 1503 2719 1560 datur.
2753 1504 2902 1574 Quae
2945 1504 3066 1560 duo
3099 1505 3318 1560 Paulus
3347 1523 3590 1578 quoque

1943 1591 2120 1646 simul
2139 1592 2335 1664 posuit
2362 1593 2630 1649 scribens
2652 1593 2730 1648 ad
2748 1592 3096 1650 Corinthios.
3125 1595 3284 1650 Num
3306 1611 3412 1663 pro
3435 1595 3592 1651 vobis

1941 1683 2264 1749 cruciﬁxus
2290 1687 2367 1738 est
2396 1683 2763 1747 Paulus,aul
2784 1683 2844 1738 in
2860 1683 3084 1738 nomine
3107 1684 3290 1739 Pauli
3314 1684 3599 1753 baptizari

217 1767 322 1823 δύο
361 1772 462 1842 γὰρ
517 1777 686 1821 ταῦτα
732 1773 819 1828 τὴν
867 1772 1057 1842 ἄφατον
1112 1769 1272 1822 αὐτοῦ
1317 1767 1647 1823 δεικνύουσιν
1708 1770 1829 1844 ἀγοί-

1946 1771 2071 1826 estis
2103 1770 2180 1825 5‘?
2208 1771 2355 1828 Nam
2381 1771 2510 1827 haec
2540 1771 2662 1827 duo
2693 1771 3059 1828 ineffabilem
3103 1771 3234 1842 ejus
3270 1773 3596 1829 ostendunt

214 1880 348 1925 πην,
409 1861 484 1911 ὅτι
533 1864 623 1910 καὶ
671 1857 1006 1930 ἀναγέννησιν
1053 1857 1363 1932 ἐχαρίσατο,
1424 1863 1506 1912 ἱνα
1566 1863 1827 1934 καθαρίσῃ

214 1952 366 2023 ἡμᾶς
409 1948 508 2002 ἀπὸ
563 1958 662 2001 τῶν
701 1949 965 2022 αμαρτιῶν
1014 1951 1182 2022 ἡμῶν,
1225 1955 1315 2002 καὶ
1365 1949 1692 2026 ἐσταυρώθη,
1751 1953 1833 2005 ἵνα

217 2045 466 2112 ζήσωμεν
515 2039 753 2101 αἱωνίας.
798 2046 1133 2112 [Ιροεσημανε
1173 2042 1263 2112 μὲν
1309 2038 1398 2092 οὖν
1459 2047 1547 2100 τὴν
1598 2062 1832 2115 σταυρω-

218 2149 310 2182 σιν
340 2129 524 2193 αὑτοῦ,
555 2125 761 2191 δεικνύς
786 2130 864 2180 ὅτι
897 2135 1242 2200 προγινώσκει
1271 2133 1486 2200 ταύτην,
1519 2135 1609 2182 καὶ
1653 2131 1829 2184 λοίπὸν

216 2218 478 2280 ἑκουσίως
510 2217 591 2269 ἐπὶ
643 2220 838 2275 ταύτην
885 2220 1098 2291 ἔρχεται
1141 2213 1231 2270 δια
1282 2223 1375 2276 τὴν
1431 2225 1695 2293 σωτηρίαν
1731 2229 1828 2273 τῶν

215 2307 528 2380 ἀνθρώπων.
561 2307 667 2359 Ούκ
721 2307 774 2369 ἐξ
819 2306 1019 2369 εύθείας
1066 2303 1122 2360 δε
1168 2313 1284 2380 περὶ
1318 2308 1480 2370 αὐτῆς
1519 2307 1673 2378 εἶπεν,
1704 2308 1830 2362 ἀλλὰ

214 2402 309 2450 τὸν
359 2399 504 2469 παρὰ
545 2399 806 2456 Μωύσέως
850 2396 1120 2467 ύψωθέντα
1152 2402 1262 2468 ὄφιν
1294 2396 1440 2450 ἔλαϐε
1469 2396 1826 2472 παραδειγμα,

215 2481 503 2538 διδάσκων
529 2486 609 2538 ὃτι
633 2494 850 2558 συγγενῆ
879 2487 946 2538 τὰ
969 2485 1169 2538 παλαιὰ
1189 2493 1299 2549 τοῖς
1323 2494 1532 2558 καινοῖς,
1566 2493 1655 2541 καὶ
1678 2491 1828 2542 τύποι

215 2577 419 2628 τούτων
445 2573 634 2632 ἐκεῖνα.

294 2664 454 2716 Ἐστι
486 2660 544 2716 δὲ
573 2666 602 2722 ἡ
636 2666 772 2717 κατὰ
797 2667 884 2717 τὸν
911 2667 1023 2738 ὅφιν
1065 2666 1275 2738 ἱστορία
1297 2669 1510 2724 τοιαύτη
1536 2685 1634 2728 τις·
1667 2667 1746 2720 Ἐν
1764 2675 1824 2740 τῇ

216 2754 398 2826 ἐρήμῳ
456 2753 620 2806 παλαι
691 2750 960 2815 δάκνοντες
1027 2757 1075 2806 οἱ
1127 2756 1266 2828 ὄφεις
1324 2759 1444 2818 τοὺς
1501 2755 1829 2829 Ἰσραηλίτας

217 2843 469 2918 ἀνῄρουν.
519 2843 811 2896 Ἐκέλευσεν
865 2841 951 2896 οὖν
1011 2845 1035 2896 6
1094 2847 1224 2907 Θεὸς
1278 2853 1350 2916 τῷ
1402 2852 1614 2898 Μωυσεῖ
1670 2865 1827 2898 κατα-

218 2935 486 2985 σκεύασαι
512 2932 744 3004 χαλκοῦν
765 2936 896 3005 ὅφιν,
931 2937 1020 2986 καὶ
1053 2933 1266 3004 ὑψῶσαι
1294 2942 1473 2986 τοῦτον
1520 2933 1604 2986 ἐπὶ
1651 2933 1822 3000 ξύλου,

215 3029 313 3074 καὶ
354 3025 474 3084 τούς
529 3017 882 3094 δεδογμένους
935 3020 1182 3083 ἁτενίζειν
1223 3023 1290 3084 εἰς
1321 3023 1496 3088 αὐτὸν,
1528 3028 1617 3074 καὶ
1665 3024 1829 3085 οὕτως

215 3114 266 3164 οἱ
299 3107 590 3183 δηχθέντες
636 3113 784 3172 ἔζων.
823 3116 922 3164 Καὶ
974 3108 1034 3170 ἦν
1086 3115 1246 3174 τύπος
1277 3114 1302 3164 ό
1332 3112 1565 3184 χαλκούς
1596 3131 1706 3184 οφις
1735 3120 1826 3166 τοῦ
1859 3148 1897 3204 C

217 3200 447 3275 στερροῦ
504 3205 594 3252 καὶ
648 3197 924 3254 ἁνενὸοτου
991 3205 1116 3275 πρὸς
1161 3207 1346 3254 κακίαν
1425 3207 1668 3274 σώματος
1733 3210 1825 3254 τοῦ

214 3290 484 3364 Χριστοῦο
525 3292 550 3340 ὁ
586 3295 750 3364 χωρὶς
797 3290 896 3356 ἰοῦ,
931 3298 1022 3342 τού
1067 3296 1229 3364 χωρὶς
1277 3291 1355 3343 ἰού
1405 3300 1495 3352 τῆς
1548 3291 1823 3366 ἁμαρτίας·

213 3384 240 3432 6
278 3380 512 3451 ὑψωθεὶς
555 3378 640 3431 ἐπὶ
698 3379 870 3446 ξύλου,
919 3388 1012 3433 τοῦ
1059 3379 1350 3452 ύψωθέντος
1398 3379 1482 3433 ἐπὶ
1536 3381 1687 3444 ξύλου
1736 3389 1826 3434 τοῦ

217 3476 479 3542 σταυροῦ·
526 3470 550 3520 6
595 3472 842 3541 παρέχων
879 3469 1018 3531 ζωὴν
1048 3477 1154 3531 τοῖς
1197 3467 1540 3544 δεδηγμένοις
1580 3473 1678 3524 ὑπὸ
1727 3479 1827 3524 τῶν

215 3565 383 3632 ὄφεων
416 3563 507 3611 καὶ
537 3557 860 3616 ἀτενίζουσιν
893 3559 978 3630 εἰς,
1007 3559 1161 3612 αὐτὸν
1203 3569 1295 3613 τοῦ
1324 3565 1648 3634 παρέχοντος
1688 3561 1827 3622 ζωὴν

214 3650 434 3702 αἰώνιον
490 3655 600 3711 τοῖς
650 3644 990 3720 δεδηγμένοις
1033 3650 1133 3702 ύπό
1175 3658 1274 3702 τῶν
1303 3659 1496 3710 νοητῶν
1528 3655 1686 3723 ὄφεων
1737 3655 1827 3704 καὶ

215 3738 559 3799 ἁτενίζουσιν
601 3737 667 3798 εἰς
696 3737 850 3791 αὐτὸν
879 3736 926 3790 ἐν
956 3742 1152 3793 πίστει.

293 3829 394 3880 Διὰ
446 3833 600 3879 τοῦτο
649 3831 825 3879 τοίνυν
870 3828 1264 3900 ὁμοιωματικὼς
1328 3827 1463 3882 εἶπεν
1510 3831 1590 3882 ὅτι
1644 3831 1828 3892 Καθὼς

215 3923 465 3978 Μωυσῆς
490 3917 670 3985 ύζιωσε
719 3920 806 3968 τόν
855 3921 989 3990 ὄφιν,
1051 3922 1140 3970 καὶ
1193 3919 1258 3970 τὰ
1314 3917 1450 3981 ἑξῆς.
1499 3916 1628 3971 Εἶτα
1661 3938 1828 3994 προσ-

215 4007 379 4064 έθηκε
419 4011 510 4057 καὶ
534 4010 627 4064 τὴν
676 4005 846 4057 αἰτίαν
885 4015 980 4067 τῆς
1027 4009 1273 4067 τοιαύτης
1316 4006 1587 4077 ύψὼσεωςο
1627 4007 1826 4080 Ὠσπερ

210 4098 326 4169 γὰρ
375 4091 566 4154 ἐκεῖνος
627 4094 805 4166 ύψωσι
859 4098 946 4147 τὸν
1000 4099 1110 4168 ὅφιν
1163 4097 1244 4148 ἵνα
1287 4098 1336 4149 οἱ
1395 4095 1710 4159 ἀτενίζοντες
1763 4096 1831 4156 εἰς

215 4185 381 4236 αὐτὸν
422 4187 592 4256 ἔχωσι
622 4187 736 4256 (34)
784 4185 944 4246 gam-
977 4186 1112 4238 οὕτω
1151 4190 1240 4238 καὶ
1293 4186 1442 4247 οὗτος
1502 4185 1687 4257 ύψωθη
1750 4184 1832 4238 ἵνα

214 4274 268 4326 οἱ
315 4271 634 4334 ἀτενίζοντες
663 4272 731 4333 εἰς
756 4273 932 4338 αὐτὸν,
980 4277 1138 4346 ἤγουν
1174 4276 1222 4326 οἰ
1262 4277 1609 4344 πιστεύοντες,
1661 4277 1832 4346 ἔχωσι

212 4364 366 4424 ζωὴν
423 4361 646 4414 αἰώνιον.
699 4361 834 4416 Ἀλλ’
902 4367 1016 4435 ὄφις
1061 4365 1152 4436 μεν
1227 4362 1332 4416 ἐκεῖ
1400 4361 1495 4416 διὰ
1549 4367 1664 4425 τοὺς
1738 4359 1832 4416 δά-

1117 4449 1176 4505 δέ
1254 4452 1476 4506 ἐνταῦθα
1547 4449 1640 4506 διά

214 4539 574 4613 δακνομένους
607 4541 926 4612 ἀνθρώπους.
963 4546 1064 4594 Καὶ
1115 4541 1219 4594 ἐκεῖ
1269 4545 1378 4613 μὲν,
1413 4541 1521 4594 ἐπεὶ
1567 4538 1640 4594 δι’
1677 4541 1830 4613 ὀφεως

212 4633 246 4690 ἡ
310 4627 513 4702 βλάϐη,
547 4625 620 4682 δι’
674 4633 832 4701 ὄφεως
861 4635 951 4682 καὶ
1000 4631 1028 4688 ἡ
1080 4632 1341 4703 θεραπεία·
1378 4630 1598 4684 ἐνταῦθα
1626 4628 1684 4684 δὲ
1723 4629 1831 4683 ἐπεὶ

213 4716 296 4772 δι’
326 4719 606 4792 ἀνθρώπου
650 4719 676 4770 6
717 4720 933 4781 θάνατος
983 4718 1214 4778 εἰσῆλθεν
1269 4721 1340 4782 εἰς
1381 4723 1465 4772 τόν
1504 4725 1722 4793 κόσμον,
1756 4718 1829 4772 δι’

212 4807 504 4882 ἀνθρώπου
526 4808 660 4865 καὶή
690 4807 795 4868 ζωὴ
831 4812 1150 4882 παρεγένετο’
1184 4817 1364 4883 νεκροῦ
1389 4805 1466 4878 δὲ,
1492 4811 1574 4862 ἵνα
1601 4811 1827 4883 νεκρωθῇ

211 4901 278 4950 τὸ
302 4904 538 4970 νεκροῠν.

210 4471 440 4512 κνοντας
523 4455 681 4524 ὄφεις,
748 4453 1019 4526 ἄνθρωπος
1117 4453 1176 4505 δέ
1254 4453 1476 4506 ἐνταῦθα
1547 4453 1640 4506 διά
1706 4455 1830 4514 τούς

291 4987 468 5040 Εἰπὼν
538 4982 620 5050 δε,
687 4987 768 5040 ὃτι
817 4985 928 5041 Ἵνα
1003 4994 1100 5050 πᾶς
1149 4989 1174 5040 ὁ
1234 4991 1489 5042 πιστεύων
1550 4989 1617 5050 εἰς
1675 4989 1831 5042 αὐτὸν

393 5074 676 5145 ἀπόληται,
755 5073 861 5129 ἀλλ’
953 5079 1052 5152 ἔχῃ
1169 5078 1277 5149 (35)
1377 5079 1516 5140 ζωὴν
1606 5078 1826 5132 αἰώνιον·

208 5082 292 5150 μὴ

296 5257 341 5289 ⁵¹
388 5254 632 5320 ICor.i,
672 5260 754 5311 l3.
868 5257 1254 5313 "Num.xxr.
1286 5261 1337 5326 8,
1371 5262 1422 5314 9.

1945 1859 2342 1927 dilectionem,
2371 1861 2536 1933 quod
2559 1865 2615 1916 et.
2643 1861 3152 1932 regenerationem
3192 1862 3513 1918 contribuit
3533 1866 3598 1918 ut

1941 1949 2256 2005 mundaret
2282 1965 2392 2006 nos
2421 1966 2456 2006 a
2479 1950 2735 2022 peccatis
2757 1950 2998 2016 nostris,
3019 1951 3409 2007 etcruciﬁxus
3425 1955 3514 2007 est
3534 1955 3599 2007 ut

1939 2037 1993 2094 in
2033 2043 2325 2094 aeternum
2365 2039 2661 2095 vivamus.
2699 2038 3116 2112 lnnuititaque
3147 2039 3593 2096 cruciﬁxionem

1938 2141 2132 2196 suam,
2162 2127 2485 2182 ostendens
2534 2126 2696 2198 quod
2740 2143 2873 2183 eam
2913 2127 3403 2200 praecognoverit,
3438 2133 3492 2184 et
3523 2144 3597 2184 ex

1938 2216 2324 2288 consequenti
2359 2215 2693 2272 voluntarie
2725 2215 2802 2270 ad
2841 2232 2976 2272 eam
3016 2222 3256 2288 propter
3287 2217 3598 2273 hominum

1937 2303 2192 2360 salutem
2220 2304 2483 2361 accedat.
2519 2308 2642 2361 Non
2675 2309 2872 2361 tamen
2890 2304 2964 2360 de
3003 2321 3074 2362 ea
3111 2305 3328 2362 directe
3363 2305 3598 2362 locutus

1937 2397 2024 2448 est
2038 2393 2160 2461 sed,
2176 2393 2416 2450 exaltati
2437 2409 2472 2449 a
2489 2393 2647 2450 Mose
2661 2394 2950 2467 serpentis
2965 2394 3221 2467 sumpsit
3233 2395 3594 2467 exemplum,

1937 2481 2161 2539 docens
2189 2483 2356 2556 quod
2384 2487 2586 2539 vetera
2612 2483 2788 2539 novis
2812 2487 3067 2554 cognata
3097 2483 3233 2554 sint,
3266 2499 3597 2558 eorumque

1936 2574 2166 2642 ﬁgurae.

2008 2665 2105 2718 Est
2123 2665 2324 2718 autem
2351 2661 2425 2717 de
2455 2665 2728 2734 serpente
2777 2659 3029 2717 historia
3059 2661 3192 2717 talis
3239 2681 3252 2722 :
3288 2663 3352 2718 In
3394 2677 3596 2718 eremo

1936 2752 2077 2809 olim
2095 2755 2397 2824 serpentes
2411 2766 2618 2807 morsu
2629 2749 2929 2807 necabant
2948 2751 3289 2807 lsraelitas.J
3299 2751 3441 2807 ussit
3453 2767 3595 2823 ergo

1941 2845 2092 2897 Deus
2121 2841 2349 2908 Mosi,ut
2399 2840 2623 2896 factum
2673 2845 3009 2911 serpentem
3041 2854 3275 2895 mneum
3317 2839 3598 2897 exaltaret

1937 2931 2204 3000 inligno;
2231 2929 2302 2986 ad
2329 2945 2509 3001 quem
2533 2929 2928 2996 intenderent,
2962 2928 3068 3001 qui
3094 2929 3264 2984 morsi
3316 2934 3487 2986 erant
3523 2944 3596 2986 ac

1937 3024 2294 3076 sanarentur
2323 3020 2392 3085 ⁵³,
2430 3021 2659 3090 Eraque
2688 3033 2930 3090 serpens
2957 3033 3157 3073 tenens
3187 3016 3374 3075 durus
3405 3018 3596 3089 figura

1937 3109 2204 3182 corporis
2221 3107 2452 3176 Christi,
2479 3106 2613 3162 duri
2659 3123 2730 3164 ac
2779 3108 2963 3164 severi
3011 3111 3218 3164 contra
3252 3112 3591 3180 peccatum:

1940 3200 2036 3257 ille
2065 3198 2298 3270 absque
2313 3212 2560 3260 veneno,
2583 3200 2640 3253 et
2667 3197 2759 3253 hic
2783 3197 2911 3253 sine
2941 3211 3175 3256 veneno
3203 3196 3433 3270 peccati
3464 3196 3594 3254 :ille

1939 3289 1999 3344 in
2022 3287 2183 3358 ligno
2210 3286 2496 3351 elevatus,
2531 3292 2588 3342 et
2616 3286 2712 3342 hic
2737 3286 2798 3342 in
2829 3286 2992 3356 ligno
3030 3285 3226 3342 crucis
3256 3285 3550 3342 exaltatus
3579 3301 3595 3352 ;

1939 3378 2035 3434 ille
2064 3376 2279 3434 morsis
2313 3393 2348 3432 a
2374 3382 2646 3448 serpente
2675 3381 2732 3433 et
2755 3376 2817 3432 in
2850 3392 2912 3432 se
2936 3375 3382 3432 intendentibus
3408 3375 3594 3431 vitam

1941 3467 2235 3540 praebens,
2250 3465 2344 3522 hic
2360 3465 2574 3521 morsis
2588 3481 2622 3521 a
2635 3465 3008 3538 serpentibus
3023 3465 3399 3537 spritualibus
3413 3464 3594 3521 vitam

1940 3557 2208 3614 tribuens
2233 3555 2684 3629 sempiternam,
2705 3554 2757 3610 si
2788 3554 2904 3611 ﬁde
2941 3554 3002 3610 in
3034 3553 3234 3627 ipsum
3266 3553 3594 3611 intendant.

2013 3826 2257 3898 Propter
2277 3825 2391 3882 hoc
2417 3839 2559 3895 ergo
2591 3839 2695 3897 per
2716 3822 3168 3880 similitudinem
3200 3822 3345 3879 dixit
3377 3838 3392 3880 :
3423 3822 3598 3880 Sicut

1939 3915 2116 3972 Moses
2130 3915 2413 3971 exultavit
2431 3918 2776 3983 serpentem,
2791 3918 3092 3970 etcaatera.
3110 3912 3329 3968 Deinde
3342 3928 3595 3968 causam

1940 4003 2110 4059 addit
2159 4002 2289 4058 talis
2345 4002 2737 4058 exaltationis.
2786 4001 2945 4056 Sicut
2991 4001 3147 4056 enim
3205 4001 3454 4057 elevavit
3506 4001 3598 4057 ille

1943 4097 2278 4164 serpentem
2309 4091 2444 4146 utin
2473 4106 2612 4146 eum
2654 4090 3023 4145 intendentes
3063 4089 3246 4144 vitam
3284 4089 3595 4155 haberent,

1941 4181 2022 4236 ita
2053 4180 2223 4236 ethic
2254 4179 2546 4236 exaltatus
2585 4183 2671 4234 est
2710 4183 2772 4232 ut
2803 4177 2861 4232 in
2893 4193 3030 4234 eum
3062 4177 3432 4232 intendentes
3473 4176 3598 4232 sive

1942 4268 2270 4335 credentes,
2288 4268 2471 4324 vitam
2486 4266 2748 4322 habeant
2761 4265 3204 4336 sempiternam.
3228 4264 3341 4321 Sed
3355 4264 3435 4320 ibi
3454 4279 3597 4321 sane

1943 4375 2191 4431 serpens
2241 4363 2471 4432 propter
2515 4359 2816 4428 serpentes
2857 4353 3215 4418 mordentes,
3258 4353 3354 4408 hic
3394 4356 3596 4409 autem

1941 4451 2126 4507 homo
2157 4453 2396 4520 propter
2423 4445 2699 4501 homines
2747 4458 3002 4498 morsos.
3041 4442 3124 4498 lbi
3169 4441 3312 4514 quia
3354 4446 3599 4514 propter

1939 4545 2244 4612 serpentes
2268 4539 2618 4610 provenerat
2639 4537 3087 4603 nocumentum,
3121 4548 3227 4605 per
3257 4539 3598 4605 serpentem

1940 4635 2067 4686 erat
2105 4634 2162 4684 et
2215 4643 2358 4682 cura
2406 4643 2418 4681 :
2473 4625 2563 4680 hic
2607 4639 2767 4687 vero,
2811 4621 3094 4695 quoniam
3141 4637 3246 4695 per
3289 4621 3595 4678 hominem

1939 4719 2178 4777 intravit
2207 4734 2367 4773 mors
2398 4717 2456 4770 in
2484 4714 2804 4779 mundum,
2836 4711 3010 4768 datur
3028 4716 3086 4768 et
3113 4711 3237 4768 vita
3270 4727 3376 4784 per
3411 4712 3600 4767 homi-

1941 4826 2071 4867 nem
2105 4826 2118 4865 :
2144 4822 2398 4880 eumque
2428 4811 2757 4870 mortuum,
2787 4806 2849 4858 ut
2874 4802 2923 4858 is
2953 4801 3055 4874 qui
3080 4805 3334 4858 mortem
3354 4801 3600 4858 induxe-

1942 4903 2053 4964 rat,
2083 4901 2406 4952 moreretur
2419 4939 2431 4951 .

2014 4989 2220 5044 Dicens
2244 4991 2443 5041 autem
2470 5003 2481 5042 :
2508 4983 2579 5040 Ut
2599 4982 2789 5038 omnis
2813 4979 2916 5053 qui
2935 4980 3121 5035 credit
3137 4980 3201 5036 in
3214 4995 3346 5036 eum
3371 4995 3489 5035 non
3503 4994 3599 5050 pe-

1940 5082 2090 5143 reat,
2121 5075 2224 5132 sed
2248 5074 2447 5130 habeat
2474 5072 2647 5128 vitam
2687 5075 2987 5140 wternam,
3031 5067 3279 5124 omnino
3319 5083 3380 5124 se
3408 5066 3598 5122 Deum

1456 5462 1681 5531 Varia;
1708 5461 2038 5530 lectiones
2067 5469 2132 5527 et
2163 5469 2366 5526 notae.

295 5657 413 5729 (33)
445 5656 523 5708 Οὔ
543 5661 640 5734 ’καὶ
679 5657 921 5734 ἑλόιττονα
968 5659 1141 5734 ἑτέραν
1175 5659 1300 5734 (hic
1327 5665 1412 5734 est
1445 5659 1704 5732 spatium
1735 5675 1836 5715 va-

208 5727 410 5786 cuum
452 5728 724 5804 quinque
753 5727 1104 5804 litterarum)
1139 5727 1230 5794 τήν
1270 5727 1362 5784 διά
1387 5737 1444 5785 Α.

2179 5654 2408 5726 Ἔχουσι
2447 5654 2515 5710 Α.

2023 5657 2138 5800 ea
2179 5657 2200 5738 ί

2206 5733 2335 5801 Εχει
2365 5733 2429 5784 Α.

2025 5729 2113 5801 (εδ
