4038 6226
549 322 679 380 1171

1861 316 2207 374 EUTHYMII
2245 316 2574 374 ZIGABENI

3703 47 3792 130 -ο

3745 137 3756 148 ο

3702 325 3800 382 HT!

547 465 678 505 esse
709 447 985 510 ostendit,
1018 445 1189 517 cujus
1218 462 1372 502 mors
1396 448 1637 518 praestat
1660 445 1788 501 aliis
1816 445 2002 501 vitam
2029 449 2187 499 aeter-

2309 442 2535 516 ἰνέφηνεν
2599 448 2680 497 ὃτι
2735 445 2796 498 οὔ
2856 446 2880 497 ὁ
2944 447 3163 506 θάνατος
3209 445 3388 519 ἕτεροις
3453 451 3641 520 παρέχει
3702 454 3802 514 ζωήν

544 554 710 594 nam.
728 537 968 593 Moritur
983 536 1277 608 siquidem
1293 540 1584 606 tanquam
1601 535 1804 604 homo,
1835 538 2074 607 prmstat
2091 549 2201 589 au-

545 632 664 684 tem
695 626 877 682 vitam
900 629 1482 696 aeternamtauquam
1508 627 1658 679 Deus
1686 643 1700 681 :
1731 630 1786 680 et
1811 624 1915 696 qui
1943 623 2194 679 aliorum

545 714 811 787 prohibet
825 714 1376 786 perditionem,ipse
1392 730 1766 786 nequaquam
1784 713 1965 786 perire
1982 716 2192 785 potest.

545 804 700 860 Crux
730 818 869 872 ergo
900 803 1034 858 vitae
1066 809 1299 858 aeternm
1327 803 1460 858 fons
1491 808 1594 858 est.
1624 803 1806 868 Unde,
1835 802 1997 875 quod
2035 801 2193 871 cogi-

542 893 683 949 tatio
699 908 820 947 non
836 891 1004 949 facile
1018 890 1245 964 recipit,
1264 891 1411 947 ﬁdes
1427 890 1650 963 recipit,
1672 908 1803 964 quae
1817 889 2192 961 cogitationis

541 981 927 1039 imbecillitati
957 998 1175 1038 nervos
1208 981 1386 1038 addit.
1435 981 1594 1036 Patet
1622 996 1762 1050 ergo
1795 981 1931 1036 ﬁdei
1954 979 2192 1036 utilitas.

612 1164 778 1218 Vers.
817 1166 902 1217 16.
935 1161 1034 1218 Sic
1082 1191 1148 1202 —
1199 1168 1501 1217 aeternam.
1554 1192 1608 1202 —-
1661 1161 1815 1215 Deus
1865 1159 1948 1216 sic
1997 1159 2197 1214 dilexit

542 1251 862 1315 mundum,
896 1252 1018 1306 sive
1043 1251 1188 1306 adeo
1217 1250 1482 1304 homines
1501 1254 1681 1314 amat,
1707 1254 1766 1304 ut
1807 1265 1915 1322 pro
1944 1248 2198 1304 homini-

540 1341 657 1396 bus
692 1340 898 1396 Filium
927 1356 1103 1394 suum
1135 1338 1488 1394 dilectumin
1524 1337 2110 1406 mortemtradiderit,
2136 1342 2196 1392 ut

542 1431 739 1486 omnis
757 1431 858 1502 qui
880 1429 1135 1485 creditin
1165 1445 1322 1494 eum,
1346 1428 1504 1484 vivat
1521 1427 1858 1501 perenniter
1884 1428 2003 1484 vita
2021 1428 2198 1483 beata

542 1535 678 1591 quae
699 1517 918 1574 sanctis
941 1518 1230 1588 congruit.
1250 1516 1515 1573 Ostendit
1533 1532 1696 1586 ergo,
1725 1515 1888 1588 quod
1907 1517 1979 1572 de
1998 1521 2196 1571 mente

543 1624 653 1664 sua
683 1607 834 1663 sicut
863 1611 918 1664 et
943 1607 1124 1663 Patris
1153 1607 1322 1662 fuerit
1352 1606 1653 1661 cruciﬁxio
1689 1628 1700 1659 :
1739 1621 1861 1662 una
1900 1605 2196 1679 siquidem

542 1697 879 1770 eademque
918 1697 1190 1753 voluntas
1217 1702 1302 1753 est
1333 1696 1531 1755 Patris
1564 1699 1619 1751 et
1668 1696 1794 1750 Filii
1826 1711 1895 1751 ac
1947 1696 2196 1767 Spiritus

2310 533 2532 599 αἰώνιον,
2589 540 2719 598 Θεὸς
2783 535 2895 588 ἔστι
2944 537 3169 597 πάντως·
3229 537 3386 588 θανὼν
3429 541 3508 607 μέν
3559 541 3616 600 ὡς
3658 541 3804 611 ἄνθρω-

2307 642 2416 683 πος,
2455 629 2703 696 παρέχων
2736 623 2795 678 δι
2834 627 2974 686 ζωὴν
3014 627 3218 677 αἰώνιον
3269 628 3336 686 ὡς
3385 631 3516 688 Θεὸς·
3565 632 3638 679 καί
3677 630 3697 679 ὁ
3731 649 3804 680 κω-

2306 710 2438 763 λύων
2470 718 2558 771 τὴν
2582 715 2762 790 ἐτέρων
2795 713 3048 766 ἀπώλειαν
3071 713 3162 767 ούκ
3194 716 3254 767 οἶν
3286 733 3405 767 ποτε
3433 716 3569 777 αὐτὸς
3603 717 3808 770 auehitur

2303 799 2361 851 '0
2429 807 2651 876 σταυρὸς
2723 801 2810 856 οὖν
2873 809 3016 876 πηγή
3082 807 3216 867 ζωὴς
3281 804 3496 871 αἰωνίου,
3549 807 3572 857 ὅ
3618 807 3808 878 λογισμὸς

2305 895 2395 962 μὲν
2423 888 2626 966 ῥᾳδίως
2663 895 2722 945 οὐ
2755 890 3132 968 παραδέχεται,
3180 899 3358 955 πίστις
3401 891 3455 946 δὲ
3499 893 3807 968 παραδέχεται.

2303 990 2560 1055 νευροῦσα
2610 989 2702 1034 τού
2754 983 3011 1056 λογισμοῦ
3065 987 3158 1042 τὴν
3190 981 3462 1038 ἀσθένειαν.
3509 991 3650 1060 Χρεία
3684 991 3807 1037 τοίνυν

2304 1077 2550 1134 πίστεως.

2378 1165 2557 1224 Οὕτως
2613 1193 2681 1200 —
2740 1167 2967 1216 αἰώνιον.
3038 1163 3219 1224 Οὕτως
3249 1163 3506 1234 ἠγάπησεν
3553 1166 3708 1223 ὁΘιὸς
3747 1169 3810 1215 τὸν

2304 1254 2518 1322 κόσμον,
2572 1253 2730 1322 ἤγουν
2788 1255 3036 1304 τοσοῦτον
3069 1250 3179 1303 ἐστι
3230 1252 3585 1324 φιλάνθρωπος,
3615 1256 3723 1305 ὥστε
3752 1258 3811 1304 τὸν

2306 1344 2423 1393 Υίόν
2454 1340 2612 1392 αύτοῦ
2645 1343 2730 1391 τὸν
2771 1339 3039 1412 ἀγαπητὸν
3100 1337 3340 1403 ἐξέδωκεν
3379 1343 3494 1414 ύπερ
3536 1350 3621 1393 τὼν
3665 1340 3813 1414 ἀνθρώ-

2305 1449 2412 1481 πων
2471 1430 2540 1492 εἰς
2596 1431 2830 1497 θάνατον,
2891 1432 2972 1481 ῐνα
3011 1437 3113 1492 πᾶς
3166 1431 3472 1483 ὁπιστεύων
3519 1431 3580 1492 εἰς
3622 1429 3744 1482 αύτὸν
3769 1434 3811 1501 ζῇ

2307 1519 2523 1580 αἰωνίως
2601 1523 2694 1577 τὴν
2741 1526 3004 1594 μακαρίαν
3074 1519 3233 1583 ζωὴν,
3304 1525 3395 1578 τὴν
3440 1525 3700 1593 πρέπουσαν
3744 1527 3819 1578 τοίς

2307 1607 2495 1680 ἁγίοις.
2532 1607 2732 1671 Ἐδειξε
2778 1614 2950 1661 τοίνυν
2982 1611 3062 1661 ὅτι
3101 1615 3186 1662 καὶ
3221 1620 3290 1682 τῷ
3338 1615 3493 1684 Πατρὶ
3520 1612 3635 1660 κατά
3659 1614 3817 1680 γνώμην

2306 1699 2335 1754 ἡ
2375 1701 2688 1770 σταύρωσις.
2720 1697 2806 1751 Ἦν
2849 1702 2949 1771 γὰρ
2977 1703 3066 1751 καὶ
3111 1702 3170 1750 τὸ
3217 1700 3343 1752 αύτὸ
3378 1699 3561 1770 θέλημα
3589 1703 3724 1772 Πατρὶ
3758 1703 3821 1749 καὶ

543 1787 751 1843 sancti.
775 1789 1026 1842 Rursum
1053 1786 1218 1859 quod
1249 1786 1479 1842 additur
1507 1802 1518 1840 :
1561 1785 1853 1849 Utomm's,
1889 1785 2187 1857 quia-redit

2305 1786 2408 1857 Υἰῷ
2455 1792 2543 1839 καὶ
2596 1788 2728 1859 ἁγίῳ
2784 1791 3064 1860 Πνεύματι.
3121 1788 3280 1840 llr/37.1»
3342 1785 3398 1840 δὲ
3440 1792 3510 1851 τὸ,
3560 1793 3652 1839 Ἰνα
3695 1789 3820 1846 πᾱςο

541 1877 604 1931 ίη
627 1892 756 1932 eum
778 1892 895 1932 non
917 1883 1138 1945 pereat,
1161 1877 1262 1932 sed
1281 1875 1492 1931 habeat
1521 1876 1698 1930 vitam
1724 1882 2028 1938 wternam,
2055 1890 2197 1930 con-

540 1965 796 2023 ﬁrmatio
827 1966 992 2022 verbi
1032 1970 1137 2020 est.

613 2055 725 2110 Sed
744 2071 926 2128 quam
945 2055 1023 2111 ob
1037 2069 1284 2109 causam
1303 2053 1505 2109 dilexit
1535 2056 1685 2108 Deus
1701 2053 1994 2108 mundum
2015 2053 2043 2108 τ
2073 2052 2197 2125 pla-

541 2159 617 2200 ne
648 2146 723 2200 ob
749 2144 910 2200 aliud
931 2143 1096 2208 nihil,
1117 2160 1299 2216 quam
1323 2149 1561 2215 propter
1579 2143 1937 2198 immensam
1962 2143 2195 2198 bonita-

541 2237 661 2289 tem
691 2249 884 2288 suam.

614 2321 1052 2376 Erubescamus
1083 2320 1257 2390 igitur
1287 2321 1582 2376 intuentes
1613 2321 1738 2392 ejus
1766 2321 2146 2377 dilectionem
2176 2339 2190 2378 ε

541 2427 684 2468 nam
708 2411 832 2482 ipse
850 2427 1038 2481 neque
1059 2410 1201 2466 Filio
1219 2427 1327 2466 suo
1353 2411 1657 2483 unigenito
1677 2412 1935 2484 pepercit
1953 2417 2196 2484 propter

542 2517 674 2566 nos,
707 2506 766 2556 at
795 2515 905 2554 nos
944 2500 1117 2555 etiam
1150 2499 1414 2572 pecuniis
1446 2501 1762 2572 parcimus,
1792 2517 1865 2556 ne
1911 2518 2015 2557 eas
2057 2518 2193 2573 pro-

546 2596 674 2664 pter
698 2591 886 2662 ipsum
909 2590 1303 2662 expendamus
1337 2610 1348 2648 :
1394 2591 1557 2663 quod
1581 2598 1734 2646 certe
1759 2607 1990 2646 omnem
2027 2607 2190 2646 exce-

542 2681 628 2736 dit
653 2679 1156 2751 ingratltudinem,
1183 2686 1242 2734 ut
1265 2695 1417 2751 opus
1441 2679 1568 2750 ejus
1591 2680 1899 2735 immensae
1929 2686 2002 2736 Sit
2023 2681 2193 2737 boni-

544 2769 693 2834 tatis,
729 2773 998 2824 nostrum
1033 2784 1169 2824 vero
1209 2767 1514 2824 immensae
1545 2768 2008 2838 ingratitudinis.
2045 2774 2194 2844 Erga

542 2857 754 2914 Filium
807 2873 1042 2930 quoque
1095 2857 1268 2913 simili
1331 2859 1552 2912 utimur
1618 2860 1885 2931 perfidia.
1959 2860 2192 2916 Homini

540 2963 788 3020 namque
811 2948 913 3020 qui
937 2963 996 3002 se
1017 2963 1122 3019 pro
1147 2947 1319 3002 nobis
1337 2949 1606 3019 exposuit
1627 2949 1907 3021 periculo,
1927 2958 2191 3021 prompte

541 3051 784 3092 omnem
825 3036 1114 3092 tradimus
1142 3036 1542 3092 substantiam
1577 3057 1588 3097 :
1626 3037 1854 3094 Christo
1901 3055 2040 3094 vero
2087 3041 2190 3112 qui

2305 1879 2560 1928 πιστεύων
2584 1877 2654 1938 εἰς
2683 1877 2836 1929 αύτὸν
2855 1882 2925 1950 μὴ
2954 1876 3230 1945 ἀπὸ).ηται,
3257 1876 3368 1928 ἀλλ’
3394 1881 3486 1950 ἔχῃ
3513 1879 3633 1938 ζωὴν
3652 1877 3822 1938 αἰώνιον,

2305 1964 2377 2026 εἰς
2413 1965 2698 2038 βεϐαίωσιν
2729 1976 2818 2019 τοῦ
2856 1967 3033 2038 λόγου.

2375 2055 2530 2107 Ἀλλὰ
2558 2061 2694 2118 τίνος
2721 2058 2879 2109 ἕνεκεν
2907 2059 2932 2109 ὁ
2956 2060 3083 2118 Θεὸς
3115 2058 3364 2128 ἠγάπησε
3383 2060 3463 2108 τὸν
3487 2061 3660 2127 κόσμον
3685 2074 3695 2121 ;
3723 2057 3826 2107 Πάν-

2304 2164 2404 2208 τως
2445 2142 2516 2198 δι’
2548 2143 2698 2198 οὐδὲν
2732 2147 2897 2219 ἕτερον
2936 2147 2965 2206 ἡ
3012 2143 3084 2198 δι’
3123 2145 3410 2222 ὑπερϐολὴν
3441 2144 3736 2218 ἁγαθοτητος.

2376 2324 2752 2396 Αἰσκυνθώμεν
2795 2321 2882 2377 οὖν
2935 2325 3094 2376 αὑτοῦ
3150 2329 3243 2382 τὴν
3297 2323 3518 2397 ἀγάπην.
3572 2324 3712 2384 Αὐτὸς
3762 2324 3826 2394 μὲν

2301 2417 2402 2487 γὰρ
2435 2411 2558 2466 add“:
2603 2421 2686 2466 τοῦ
2719 2416 2841 2467 Υἱού
2883 2423 2975 2466 τοῦ
3014 2422 3319 2486 μονογενοῦς
3368 2413 3590 2486 ἐφείσατο
3626 2409 3685 2465 δι’
3710 2414 3826 2484 ἡμᾶς’

2303 2505 2447 2566 ἡμεῖς
2511 2501 2570 2555 δὲ
2635 2510 2725 2556 καὶ
2792 2507 3086 2577 χρημάτων
3149 2501 3435 2576 φειδόμεθα
3502 2501 3568 2555 δι’
3619 2502 3760 2563 αὐτὸν,
3813 2501 3829 2549 ὁ

2303 2600 2476 2644 πᾶσαν
2569 2593 2914 2667 ὑπερϐέϐηκεν
2983 2598 3139 2654 ὅντως
3215 2592 3559 2665 ἀχαριστίαν·
3618 2595 3672 2652 ὡς
3739 2587 3832 2642 εἶναι

2303 2687 2359 2733 τὸ
2419 2685 2608 2734 ἐκείνου
2675 2685 2764 2755 μεν
2848 2683 3134 2756 ὑπερϐολὴν
3220 2681 3560 2754 ἁγαθότητος,
3632 2684 3679 2732 τὸ

2304 2791 2446 2845 τερον
2503 2768 2581 2836 δὲ,
2659 2771 2943 2847 ὑπερϐολὴν
3016 2772 3366 2846 ἀχαριστίας,
3432 2772 3574 2823 Ἀλλά
3619 2773 3693 2820 καὶ
3739 2771 3833 2840 πρὸς

2304 2863 2389 2912 τὸν
2453 2863 2570 2912 Υἱὸν
2646 2866 2736 2918 τὴν
2807 2865 2926 2920 ἴσην
3005 2864 3384 2934 ἀγνωμοσύνην
3448 2870 3692 2935 τηροῦμεν.
3750 2858 3834 2909 Ἀν-

2305 2952 2488 3024 Θρὼπῳ
2546 2955 2635 3022 μὲν
2712 2954 2812 3025 γὰρ
2896 2952 3021 3026 ὑπερ
3095 2953 3240 3023 ἡμῶν
3300 2948 3651 3011 κινδυνεύοντι,
3702 2952 3831 2994 πᾶσαι

2300 3041 2574 3112 προθύμως
2627 3037 2951 3112 ἐπιδώσομεν
2999 3040 3059 3092 ἄν
3105 3045 3192 3098 τὴν
3244 3042 3455 3093 ούσίανο
3484 3048 3552 3110 τῷ
3589 3035 3641 3090 δὲ
3673 3043 3834 3107 Χριστῲ

539 3143 649 3201 pro
692 3125 868 3181 nobis
905 3130 1175 3181 mortuus
1207 3131 1312 3194 est,
1344 3143 1536 3198 neque
1575 3127 1731 3182 hanc
1757 3127 2187 3185 benevolentia:

2302 3124 2374 3180 δι’
2431 3130 2568 3200 ἡμᾶς
2639 3127 2971 3198 ἀποθανόντι,
3043 3127 3166 3182 ούδε
3248 3139 3408 3183 τοῦτο
3466 3133 3519 3180 τὸ
3569 3131 3724 3200 μέτρον
3766 3130 3832 3179 τῆς

540 3227 880 3271 ménsuram
904 3215 1252 3270 exhibemus
1288 3235 1299 3271 :
1332 3215 1434 3270 sed
1478 3215 1684 3272 fratres
1734 3217 1861 3288 ejus
1910 3217 2189 3274 minimos

537 3303 901 3377 despicimus
924 3303 1271 3369 esurientes,
1296 3305 1524 3377 aliaque
1546 3305 1804 3377 plurima
1834 3308 2188 3363 sustinentes

537 3395 730 3463 magis
752 3398 946 3449 autem
976 3394 1192 3465 ipsum,
1219 3395 1319 3466 qui
1342 3394 1502 3450 mala
1522 3394 1754 3450 illorum
1787 3412 1891 3467 per
1915 3413 2188 3469 compas-

537 3482 768 3540 sionem
799 3499 908 3556 pro
936 3484 1059 3538 suis
1101 3483 1278 3540 ducit.

606 3661 767 3715 Vers.
802 3664 891 3718 t7.
935 3660 1066 3715 Non
1098 3690 1162 3699 —
1211 3675 1361 3716 eum.
1405 3660 1596 3718 Aliam
1639 3677 1878 3735 quoque
1933 3663 2035 3719 Dei
2087 3682 2188 3721 os-

535 3748 720 3804 tendit
751 3748 1184 3804 humanitatem
1205 3765 1275 3804 ac
1301 3749 1662 3806 ineffabilem
1691 3768 1868 3823 quam
1905 3769 2046 3824 erga
2073 3771 2183 3809 nos

537 3836 680 3906 gerit
708 3852 936 3891 curam.
962 3840 1159 3909 Neque
1185 3839 1342 3893 enim
1366 3838 1558 3894 solum
1587 3839 1750 3895 dedit
1779 3840 1980 3896 Filium
2008 3860 2183 3899 suum

533 3925 926 3995 unigenitum,
963 3926 1064 3980 sed
1105 3932 1160 3982 et
1193 3927 1485 3998 judicium
1525 3929 1743 4001 rejecit,
1788 3946 1856 3985 ac
1892 3930 1946 3986 in
1979 3948 2186 3987 secun-

533 4015 680 4070 dum
713 4015 842 4086 ejus
873 4015 1101 4072 distulit
1137 4016 1479 4073 adventum.

606 4105 732 4161 Duo
764 4105 1057 4178 siquidem
1087 4106 1294 4163 Christi
1321 4113 1458 4162 sunt
1485 4107 1792 4172 adventus,
1824 4110 1924 4181 qui
1947 4110 2074 4181 jam
2103 4110 2184 4166 fa-

533 4199 660 4250 ctus
686 4199 776 4251 est
805 4199 860 4250 et
888 4195 988 4267 qui
1021 4195 1254 4252 futurus
1278 4201 1385 4252 est.
1416 4199 1540 4252 Non
1569 4201 1706 4252 sunt
1735 4204 1932 4254 autem
1968 4200 2028 4254 hi
2061 4199 2182 4256 duo

532 4283 609 4339 ad
641 4283 879 4339 eosdem
908 4285 1053 4339 ﬁnes
1081 4302 1092 4350 ;
1117 4292 1201 4340 est
1228 4285 1386 4339 enim
1423 4286 1653 4356 primus
1687 4303 1807 4342 non
1838 4292 1898 4342 ut
1921 4288 2184 4361 iuquirat

531 4373 636 4428 sed
657 4379 719 4429 ut
737 4375 994 4430 remittat
1021 4391 1155 4446 quae
1178 4374 1254 4430 ab
1275 4375 1620 4430 hominibus
1644 4382 1978 4448 perpetrata
2002 4384 2136 4434 sunt
2165 4395 2176 4434 :

2301 3217 2696 3290 εὐγνωμοσύνης
2779 3218 3115 3291 φυλάττομεν,
3200 3219 3332 3272 ἀλλὰ
3414 3226 3690 3292 παρορῶμεν
3746 3213 3833 3269 τοὺς

2299 3303 2550 3379 ἁδεὶφούς
2626 3308 2805 3375 αύτοῦ,
2854 3313 2971 3370 τούς
3048 3307 3388 3380 ἐλαχίστους,
3466 3316 3709 3364 πεινῶντας
3769 3307 3832 3350 καὶ

2299 3393 2604 3466 διψῶντας,
2729 3403 2818 3449 καὶ
2921 3397 3084 3450 τᾶλλα
3182 3401 3360 3450 πάντα
3452 3396 3832 3449 κακοπαθοῦντας,

2295 3485 2485 3558 μᾶλὶον
2542 3483 2600 3539 δε
2653 3487 2806 3538 αύτὸν
2862 3486 3069 3555 ἐκεῖνον,
3125 3491 3210 3540 τὸν
3250 3491 3321 3540 τα
3373 3487 3566 3540 ἐκείνων
3606 3483 3833 3555 συμπαθῶς

2296 3576 2657 3648 οἰκειούμενον,

2368 3665 2444 3719 Ού
2476 3697 2544 3706 —
2570 3665 2746 3720 αὐτοῦ,
2794 3671 3034 3718 Δείκνυσι
3072 3671 3161 3719 καὶ
3212 3666 3376 3725 ἄλλην
3431 3667 3521 3719 τού
3565 3669 3676 3718 Θεοῦ
3702 3659 3836 3732 9dr»-

2298 3756 2526 3828 θρωπίαν
2584 3759 2672 3806 καὶ
2732 3752 3046 3827 κηδεμονίαν
3095 3757 3313 3827 ἄφατον.
3350 3758 3426 3807 υύ
3481 3760 3623 3828 μόνον
3650 3753 3730 3822 γὰρ
3771 3749 3833 3796 τὸν

2294 3845 2411 3895 Υὶὸν
2453 3844 2612 3895 αύτού
2666 3847 2750 3895 τὸν
2808 3854 3049 3917 μονογενῆ
3095 3842 3308 3910 ἔδωκεν,
3345 3845 3472 3896 ἆ).λά
3517 3849 3599 3895 καὶ
3634 3847 3712 3897 τὶν
3753 3840 3834 3907 πρέ·

2297 3951 2378 3984 σιν
2411 3931 2697 4000 ἀνεϐάλετο,
2730 3939 2818 3986 καὶ
2868 3931 2936 3996 εἷς
2968 3939 3060 3993 τὴν
3094 3932 3346 4010 δευτέραν
3396 3937 3671 4005 παρουσίαν
3712 3927 3832 3980 alti!

2294 4021 2336 4072 ἔτ
2351 4026 2499 4095 αμιεύ
2508 4042 2654 4075 σατο.

2364 4114 2460 4164 Δύο
2506 4115 2607 4187 γὰρ
2641 4115 2694 4165 αἱ
2741 4121 2828 4166 τοῦ
2873 4121 3108 4186 Χριστοῦ
3163 4115 3538 4186 παρουσίαι,ἡ
3594 4107 3684 4168 ἤδη
3721 4121 3830 4177 γεγε-

2291 4208 2478 4274 vanive
2539 4214 2627 4255 καί
2685 4205 2713 4261 ἡ
2767 4203 3044 4274 μέλλουσα.
3080 4204 3190 4255 Ούκ
3222 4204 3308 4257 ἐπὶ
3353 4213 3458 4265 τοῖς
3510 4203 3666 4260 αὐτοῖς
3708 4196 3754 4250 δε
3796 4195 3830 4243 ei

2292 4288 2408 4346 δύο.
2474 4291 2605 4343 Ἀλλ’
2647 4295 2675 4350 ἡ
2724 4299 2902 4366 πρώτη
2957 4295 3044 4365 μὲν
3077 4293 3179 4365 ούχ
3238 4295 3322 4345 ἵνα
3360 4294 3570 4363 ἐξετάσῃ
3603 4293 3659 4342 τὰ
3687 4304 3828 4354 πεπρε-

3093 4379 3200 4432 ἀ).λ’
3297 4384 3384 4435 ἶνα
3462 4382 3581 4444 ἀφῇ.
3665 4375 3830 4444 diutis:

2288 4385 2451 4452 γμενα
2524 4389 2632 4441 τοῖς
2695 4379 3008 4454 ἀνθρώποις,
3093 4379 3200 4432 ἀλλ’
3297 4384 3384 4435 ἶνα
3462 4382 3581 4454 ἀφῇ.

532 4465 830 4517 secundus
874 4481 1010 4519 vero
1055 4480 1172 4518 non
1222 4471 1281 4518 ut
1323 4465 1596 4531 remittat,
1642 4465 1742 4521 sed
1778 4470 1841 4521 ut
1898 4466 2174 4539 inquirat.

2295 4466 2351 4521 δὲ
2381 4470 2484 4541 οὐχ
2514 4473 2594 4522 ἵνα
2625 4468 2749 4543 ἀφῇ,
2786 4470 2892 4521 ἀλλ’
2917 4473 2997 4522 ἵνα
3028 4470 3266 4544 ἐξετάσῃ.
3296 4479 3407 4525 Νῦν
3442 4481 3533 4531 τῆς
3559 4477 3737 4543 πρώττς
3768 4458 3829 4513 ⁹ῧ⁷

533 4550 633 4605 Hic
666 4567 806 4619 ergo
837 4553 909 4606 de
943 4554 1125 4623 primo
1161 4552 1441 4624 loquitur.

600 4641 770 4709 Atqui
793 4641 968 4694 etiam
992 4642 1217 4711 primus
1237 4642 1752 4699 condemnationis
1766 4650 1908 4710 erat,
1940 4646 1985 4699 si
2014 4648 2176 4718 quod

529 4741 739 4781 verum
779 4733 864 4781 est
905 4729 1066 4783 fateri
1123 4731 1432 4796 volumus;
1480 4749 1620 4788 nam
1678 4740 1813 4788 ante
1873 4735 2032 4790 hunc
2086 4736 2173 4792 lex

528 4815 820 4870 naturalis
836 4817 1153 4882 erat,etlex
1181 4819 1394 4891 scripta
1421 4838 1488 4876 ac
1523 4823 1847 4892 prophetia,
1891 4823 2176 4880 doctrinm

529 4910 586 4961 et
615 4905 922 4977 signorum
951 4907 1360 4973 exhibitiones,
1395 4909 1628 4982 aliaque
1659 4911 1847 4966 multa
1877 4928 2009 4984 quae
2045 4915 2174 4970 vitae

526 4995 796 5051 instituta
813 4995 1172 5068 corrigerent
1198 5003 1670 5071 :etconsequens
1687 5006 1880 5056 eratut
1905 5003 2172 5058 omnium

527 5086 1028 5156 transgressiones
1069 5087 1437 5158 punirentur.
1492 5087 1601 5144 Sed
1645 5105 1784 5145 cum
1841 5091 2174 5147 admodum

524 5173 828 5229 humanus
895 5181 1066 5242 esset,
1122 5192 1243 5231 non
1311 5177 1505 5231 statim
1562 5177 1635 5232 de
1694 5177 1864 5232 malis
1921 5178 2176 5250 inquire-

523 5264 648 5329 bat,
684 5265 788 5319 sed
829 5265 1207 5333 ignoscebat;
1261 5282 1403 5321 nam
1454 5266 1499 5321 si
1547 5265 1910 5339 inquisisset,
1963 5285 2175 5324 omnes

525 5353 694 5409 simul
737 5353 964 5424 abrepti
1006 5361 1219 5420 essent,
1277 5371 1486 5411 omnes
1545 5357 1839 5429 siquidem
1895 5372 2178 5429 peccave-

523 5446 659 5499 rant
692 5443 760 5497 ⁵³.
794 5445 960 5498 Nunc
986 5458 1127 5513 ergo
1159 5444 1314 5500 venit
1354 5449 1414 5500 ut
1461 5446 1534 5501 de
1574 5447 1886 5518 praeteritis
1940 5449 2176 5505 veniam

595 5648 642 5683 ⁸³
671 5650 848 5706 Rom.
881 5668 937 5718 ιι,
971 5656 1057 5707 23.

2288 4563 2405 4634 πέρι
2437 4565 2585 4631 φησί.

2361 4655 2541 4701 Καίτοι
2572 4655 2659 4700 καὶ
2708 4651 2736 4706 ἡ
2772 4655 2946 4721 πρώτη
3001 4653 3217 4724 κρίσεως
3255 4647 3319 4707 ἦν
3376 4649 3436 4701 ἂν
3482 4653 3608 4701 κατὰ
3657 4650 3724 4697 τόν
3766 4647 3829 4690 τοῇ

2290 4735 2498 4790 δικαίου
2525 4739 2695 4810 λόγον,
2732 4736 2871 4790 διότι
2925 4742 3020 4812 πρὸ
3063 4744 3255 4814 ταύτης
3314 4746 3407 4791 καὶ
3439 4759 3583 4811 νομος
3625 4734 3674 4795 ἦν
3714 4749 3824 4803 ουσι-

2286 4831 2375 4890 κὸς
2415 4833 2502 4879 καὶ
2532 4834 2680 4900 νόμος
2709 4831 2944 4900 γραπτὸς
2972 4833 3060 4879 καὶ
3109 4837 3374 4900 προφῆται
3423 4835 3512 4880 καὶ
3546 4823 3826 4880 διδασκαλίαι

2286 4922 2373 4968 καὶ
2407 4921 2632 4988 σημείων
2665 4914 2938 4978 ἐπιδείξεις
2984 4922 3072 4968 καὶ
3121 4917 3286 4969 πολλὰ
3333 4923 3400 4970 τα
3446 4915 3725 4991 διορθοῦνται
3760 4911 3825 4965 τὶν

2285 5006 2565 5071 πολιτείαν,
2620 5011 2708 5057 καὶ
2776 5005 3051 5058 ἀκολονϐον
3104 5003 3161 5064 ἦν
3213 5007 3437 5070 εὐθύνας
3487 5009 3671 5059 πάντων
3714 4999 3825 5050 ἆται·

2284 5097 2526 5153 τηθῆναι·
2583 5093 2692 5146 ἀλλ’
2739 5097 2808 5155 ὡς
2845 5096 2974 5166 ἄγαν
3038 5094 3426 5168 φιλάνθρωπος,
3483 5095 3573 5148 ούκ
3622 5091 3742 5147 εᾶθὺς
3785 5083 3818 5135 ἐν

2285 5193 2346 5257 τῇ
2401 5190 2578 5257 πρώτῃ
2648 5184 2929 5242 ἐποιήσατο
2986 5183 3236 5254 ἐξέτασιν,
3315 5185 3447 5238 ἀλλὰ
3510 5189 3811 5254 συγχώρησιν,

2286 5273 2347 5326 Εἰ
2393 5278 2494 5345 γὰρ
2539 5272 2780 5339 ἐξήτασε,
2838 5275 3019 5334 πάντες
3072 5271 3131 5324 ἃν
3202 5271 3401 5347 ἀθρόον
3454 5270 3813 5348 mmem-

2286 5365 2480 5424 Πάντες
2507 5364 2607 5436 γὰρ
2641 5364 2890 5438 ἥμαρτον,
2935 5367 3086 5435 φησί.
3135 5369 3241 5415 Νῦν
3304 5368 3402 5436 μὲν
3444 5365 3531 5416 οὖν
3578 5359 3673 5424 ἧκε,
3731 5371 3816 5419 ση-

2286 5459 2476 5524 χωρῶν
2507 5459 2596 5524 μιν
2649 5453 2714 5504 τὰ
2763 5456 3010 5527 πρότερα,
3048 5451 3473 5525 ἀσφαλιζόμενος
3527 5449 3583 5504 δι
3631 5449 3730 5521 πρὸς
3769 5439 3808 5486 τά
