4038 6226
179 328 324 385 11¹ί3

181 455 466 528 μέλλοντα’
499 457 717 528 ὕστερον
765 453 822 510 δὲ
869 458 980 520 ἣξει
1025 464 1218 530 κρῖναι,
1270 463 1358 509 καὶ
1396 462 1519 518 τοὺς
1564 460 1635 528 μὴ
1687 473 1792 506 πει·
1822 451 1873 505 Α

184 547 403 609 σθέντας
437 545 672 601 εὐθῦναι.
708 546 766 600 Εἰ
795 550 867 618 μὴ
908 542 1079 610 ἦλθον,
1110 550 1228 620 γὰρ,
1260 551 1412 620 φησὶ,
1440 550 1529 598 καὶ
1565 544 1796 602 ἐλάλησα

182 641 383 700 αῦτοίς,
422 633 684 706 ἁμαρτίαν
734 634 827 686 οὐκ
883 633 1068 706 εἶχον·
1121 642 1207 687 νῦν
1271 631 1331 688 δὲ
1387 638 1648 707 πρόφασιν
1701 632 1794 684 οῦκ

178 725 378 796 ἔχουσι
401 728 520 799 περὶ
550 732 648 785 τῆς
678 722 934 800 ἁμαρτίας
964 723 1152 776 αὐτῶν.

252 812 315 864 '0
349 843 414 852 —
445 817 696 885 κρίνεται.
745 811 803 864 Ὀ
833 815 1091 865 πιστεύων
1121 816 1370 885 γνησίως,
1425 816 1588 882 ἤγουν
1637 811 1662 862 6
1707 814 1796 863 καὶ

184 899 458 976 φυλάττῶν
488 904 577 962 τὰς
608 901 814 963 ἐντολὰς
844 901 1022 954 αὐτοῦ.
1057 907 1178 976 Περὶ
1207 903 1308 976 γὰρ
1338 910 1434 954 τῶν
1452 905 1523 973 μὴ
1547 902 1793 953 τοιούτων

185 996 353 1064 φησὶν
384 993 410 1043 ό
451 990 670 1057 Παῦλος,
703 992 783 1043 ὅτι
813 994 940 1043 Θεὸν
971 990 1312 1064 ὁμολογοῦσιν
1345 987 1555 1062 εἰδέναι,
1589 997 1694 1050 τοῖς
1736 985 1796 1042 δὲ

184 1083 364 1154 ἔργοις
395 1078 690 1156 ἀρνοῦνται.

252 1258 316 1312 Ὁ
349 1290 418 1301 —-
457 1266 609 1314 Θεοῦ.
670 1258 869 1333 Ὠσπερ
899 1261 1000 1332 γὰρ
1051 1259 1236 1311 ἐκεῖνον
1268 1261 1298 1316 ἡ
1345 1263 1521 1320 πίστις
1579 1257 1794 1321 ἐξείλετο

179 1357 276 1409 τῆς

183 1436 414 1490 ἀπιστία
475 1442 743 1512 κατέκρινε
811 1441 911 1510 πρὸ
982 1445 1073 1498 τῆς
1145 1443 1521 1513 κατακρίσεως.

339 1352 556 1422 κρίσεως
613 1351 713 1423 πρὸ
768 1357 854 1409 τῆς
906 1352 1147 1421 κρίσεως,
1209 1347 1340 1400 οὕτω
1391 1353 1480 1400 καὶ
1531 1354 1712 1400 τοῦτον
1760 1350 1790 1406 ἡ

1602 1441 1700 1490 Καὶ
1769 1438 1794 1488 ὀ

182 1531 366 1599 φονεὺς
393 1530 516 1599 γὰρ,
566 1531 656 1580 καὶ
686 1532 785 1587 πᾶς
810 1525 1213 1599 πλημμελήσας,
1240 1533 1302 1599 τῇ
1361 1529 1510 1599 φύσει
1561 1528 1650 1598 μεν
1702 1533 1795 1577 τοῦ

182 1617 566 1690 ἁμαρτήματος
605 1616 794 1668 αῦτικα
831 1612 1285 1668 καταδεδίκασται
1311 1633 1323 1645 ⁶
1355 1623 1417 1689 τῇ
1449 1613 1706 1688 ἀποφάσει
1738 1611 1796 1668 δὲ

178 1712 280 1759 τοῦ
314 1707 594 1780 ἄρχοντος,
629 1705 866 1778 ὕστερον.

259 1799 363 1848 Καὶ
425 1794 544 1846 καθ’
615 1794 783 1868 ἕτερον
868 1789 927 1846 δὲ
1009 1798 1219 1869 τρόπον.
1297 1793 1532 1867 Ἐπείπερ
1599 1792 1795 1865 ἔμελλεν
1830 1807 1876 1864 Β

179 1886 212 1942 ἡ
277 1888 479 1958 κρίσις,
534 1887 626 1936 καὶ
689 1883 747 1936 οὐ
777 1891 949 1957 παρῆν
993 1883 1144 1956 ἐγγὺς
1179 1887 1342 1956 ἤγαγε
1389 1887 1474 1936 τόν
1507 1882 1659 1956 φόϐον
1704 1891 1800 1944 τῆς

185 1970 515 2034 καταδίκης.

258 2061 348 2122 Εἰς
377 2064 436 2114 1'6
468 2065 628 2133 ὄνομα
660 2057 739 2126 δὲ,
769 2060 879 2114 ἀντὶ
903 2069 1016 2127 τοῦ,
1043 2061 1128 2123 Εἰς
1149 2061 1320 2115 αὐτόν.
1341 2057 1564 2134 Ἰδίωμα
1587 2063 1689 2134 γὰρ
1711 2066 1801 2114 καὶ

177 2159 339 2204 τοῦτο
370 2159 467 2213 τῆς
509 2148 787 2223 Ἐϐραῖδος
836 2159 1061 2226 γραφῆς,
1102 2150 1185 2204 ἐπὶ
1225 2159 1316 2204 τοῦ
1367 2159 1500 2204 Θεοῦ
1552 2154 1610 2203 τό
1642 2152 1803 2223 ὄνομα

179 2242 350 2294 αὐτοῦ
379 2239 677 2313 λαμϐάνειν,
712 2239 818 2292 ἀντ’
849 2241 1029 2304 αὐτοῦ,
1067 2237 1102 2292 δ
1107 2241 1137 2291 ι’
1175 2239 1459 2293 εὐλάϐειαν.

255 2329 403 2387 Αὕτη
447 2361 514 2369 -
554 2337 678 2402 φῶς.
714 2329 854 2388 Αὕτη
913 2329 1058 2382 ἐστὶν
1104 2332 1133 2388 ἡ
1193 2331 1524 2403 κατάκρισις,
1584 2338 1682 2382 τῶν
1727 2333 1798 2402 μὴ

179 2425 562 2490 πιστευόντων,
620 2415 712 2471 διὰ
753 2427 907 2472 τοῦτο
951 2423 1376 2494 κατακρίνονται,
1439 2421 1518 2472 ὅτι
1572 2419 1804 2480 ἐλθόντος

180 2517 278 2562 τοῦ
311 2511 482 2580 φωτὸς
513 2517 609 2570 τῆς
643 2513 903 2580 γνώσεως,
941 2514 1029 2562 καὶ
1060 2519 1150 2570 τῆς
1197 2507 1441 2571 ἀληθείας
1489 2509 1560 2571 εἰς
1592 2509 1801 2571 αὐτούς·

179 2598 321 2670 λέγει
388 2595 448 2650 δε
505 2605 658 2651 τοῦτο
715 2604 834 2673 περὶ
900 2598 1085 2651 ἑαυτοῦ
1117 2616 1129 2628 ·
1174 2599 1459 2670 ἠγάπησαν
1511 2598 1700 2671 μᾶλλον
1744 2599 1802 2648 τὸ

187 2694 385 2750 σκότος
422 2696 516 2750 τῆς
564 2686 777 2759 ἀγνοίας
822 2693 912 2740 καὶ
959 2696 1050 2740 τοῦ
1100 2686 1330 2758 ψεύδους
1381 2688 1492 2758 (36)
1552 2691 1695 2760 παρὰ
1744 2689 1803 2738 τό

189 2785 321 2849 φῶς.
363 2776 423 2829 Ὀ
471 2780 560 2848 μὲν
617 2779 740 2849 γὰρ,
799 2775 1012 2838 ἀπόντος
1049 2784 1139 2829 τοῦ
1188 2780 1369 2850 φωτός,
1419 2781 1578 2849 μένων
1631 2775 1676 2826 ἐν
1731 2783 1801 2845 τῷ

190 2871 394 2932 σκότει,
471 2864 620 2936 λόγον
676 2869 806 2928 ἴσως
861 2865 962 2928 ἕξει
1032 2867 1169 2930 τινὰ,
1242 2871 1332 2918 καὶ
1391 2866 1502 2939 (37)
1558 2869 1657 2939 γὰρ
1714 2868 1802 2916 καὶ

185 2963 378 3008 τοῦτον
432 2951 540 3007 ἔδει
583 2959 654 3027 μὴ
721 2955 878 3016 οὕτως
928 2958 1090 3028 ἔχειν,
1143 2954 1268 3008 ἀλλὰ
1326 2956 1498 3016 ζητεῖν
1555 2958 1612 3006 τό
1675 2962 1798 3025 φῶςο

188 3047 216 3098 ὁ
251 3041 334 3112 δὲ,
372 3052 465 3096 τοῦ
496 3047 658 3116 φωτός
707 3043 936 3107 ἐλθόντος
992 3044 1062 3106 εἰς
1093 3045 1269 3112 αὐτόν,
1312 3047 1386 3096 ἔτι
1441 3040 1800 3117 προσεδρεύων

185 3142 266 3204 τῷ
325 3137 519 3198 σκότει,
579 3134 756 3194 πάσης
811 3131 1092 3204 ἀπολογίας
1140 3131 1432 3208 ἐστέρηται.
1475 3139 1662 3203 Ψυχῆς
1699 3132 1800 3205 ’γὰρ
1837 3161 1882 3218 C

187 3219 634 3294 διεστραμμένης,
689 3224 837 3295 μύειν
889 3225 1014 3294 πρὸς
1071 3225 1128 3274 τὸ
1187 3231 1287 3294 φῶς
1352 3227 1439 3274 καὶ
1498 3221 1802 3282 ἐθελουσίως

187 3311 563 3379 σκοτίζεσθαι,
626 3314 716 3362 καὶ
766 3314 838 3383 μὴ
893 3314 1044 3383 μόνον
1103 3316 1172 3384 μὴ
1249 3311 1405 3363 αὐτὸν
1460 3311 1618 3362 ἐλθεῖν
1675 3312 1800 3384 πρὸς

183 3404 247 3454 τὸ
281 3409 408 3473 φῶς,
453 3399 579 3452 ἀλλὰ
608 3405 695 3452 καὶ
726 3403 1041 3468 τούναντίον,
1094 3408 1186 3452 τοῦ
1235 3404 1403 3473 φωτὸς
1446 3399 1634 3472 μᾶλλον
1676 3403 1802 3472 πρὸς

183 3491 352 3544 αὐτόν
393 3487 644 3554 ἐλθόντος,
686 3492 886 3562 φεύγειν
910 3494 1000 3541 καὶ
1030 3488 1448 3562 ἀποστρέφεσθαι
1479 3494 1572 3548 τὴν
1616 3485 1801 3542 ἑαυτοῦ

187 3583 484 3654 σωτηρίαν.
518 3577 645 3632 Εἶτα
669 3581 852 3638 τίθησι
880 3584 970 3632 καὶ
995 3584 1087 3638 τὴν
1127 3579 1298 3632 αἰτίαν
1329 3577 1404 3632 δι’
1433 3583 1494 3639 ἦν
1519 3581 1802 3651 ἠγάπησαν

182 3673 251 3723 τό
295 3674 502 3731 σκότος.

262 3759 364 3812 Ἦν
442 3791 507 3800 σ-
591 3761 735 3834 ἔργα.
818 3760 912 3810 Διά
962 3765 1117 3812 τοῦτο
1170 3754 1256 3810 οὖν
1309 3758 1494 3830 ἔφυγον
1554 3759 1610 3810 τὸ
1679 3766 1800 3830 φῶς,

187 3851 278 3902 ἶνα
322 3852 392 3922 μὴ
458 3855 724 3921 φανερώση
785 3849 936 3902 αῦτά.
991 3853 1176 3902 Καίτοι
1231 3847 1326 3900 οὐκ
1391 3845 1538 3906 ἦλθεν
1593 3850 1674 3899 ’ίνα
1721 3845 1802 3910 ἐξ·

186 3940 380 4011 ετάση,
406 3937 512 3988 ἀλλ’
545 3939 627 3990 ἶνα
657 3943 1014 4011 συγχωρὴσῇ.
1045 3941 1132 3990 Διὸ
1158 3942 1247 3988 καὶ
1279 3936 1465 4007 μᾶλλον
1491 3933 1597 3989 ἔδει
1635 3956 1804 4012 προσ-

189 4025 445 4102 δραμεῖν,

269 4124 380 4176 Πᾶς
410 4125 623 4189 -φώς,
656 4115 786 4177 Ἐως
828 4115 888 4167 ἂν
936 4115 1104 4182 φαῦλα
1148 4118 1399 4188 πράσσοι,
1453 4119 1546 4176 ἕως
1597 4116 1803 4174 τούτοις

187 4207 563 4279 ἓγκαταμένοι.

267 4300 371 4349 Καὶ
402 4327 472 4335 -
500 4295 678 4347 αὐτοῦ.
713 4293 1047 4366 Φοϐοῦμενος,
1082 4291 1346 4351 δηλονότι.

263 4386 327 4437 Ὀ
387 4416 450 4425 -
523 4393 642 4457 φῶς.
698 4383 758 4435 '0
814 4385 1054 4458 πράττων
1113 4387 1170 4436 τὸ
1235 4384 1394 4451 εῦθές,
1458 4384 1482 4435 ό
1539 4382 1806 4435 πολιτευό-

186 4495 350 4549 μενος
424 4473 603 4547 ὀρθῶς,
687 4475 899 4547 ἔρχεται
987 4477 1113 4548 πρὸς
1195 4475 1253 4525 τό
1309 4481 1436 4546 φῶς,
1502 4471 1684 4544 ἀγαπᾷ
1747 4475 1885 4573 τόΠ

190 4587 275 4638 φω
285 4586 325 4627 ς.

266 4651 382 4707 Ἵνα
410 4683 474 4691 -
495 4654 640 4726 ἔργα.
672 4651 794 4704 ’Υπό
823 4652 934 4724 (38)
960 4659 1051 4704 τοῦ
1087 4655 1269 4724 φωτός·
1301 4651 1395 4704 οὐκ
1427 4650 1807 4725 ἐπαισχύνεται

185 4746 300 4816 γὰρ
330 4741 484 4795 αὑτά.

267 4838 392 4884 Ὀτι
423 4862 490 4870 -
513 4830 842 4906 εἰργασμένα.
873 4829 990 4884 Ὀτι
1019 4832 1153 4884 κατὰ
1175 4835 1302 4885 Θεὸν
1325 4830 1473 4896 εἰσιν,
1504 4832 1580 4882 ὅτι
1611 4829 1805 4906 ἀρεστὰ

184 4930 269 4994 τῷ
300 4929 442 4992 Θεῷ.

273 5100 322 5136 ⁸³
347 5102 368 5123 ’
387 5101 555 5155 Joan.
581 5115 676 5154 xv.
702 5101 791 5153 22.
835 5097 882 5135 ⁶⁴
905 5097 1013 5154 Tit.
1055 5115 1073 5152 1
1106 5101 1191 5155 16.

1201 329 1577 390 COMMENT.
1625 328 1693 383 IN
1733 321 2084 383 JOANNEM.
2129 359 2195 370 —
2235 329 2394 385 CAP.
2435 331 2530 387 Ill.

3445 330 3589 393 1174

1909 451 2146 518 tribuat,
2176 459 2232 510 et
2251 455 2324 512 de
2357 455 2566 513 futuris
2599 475 2842 514 securos
2893 459 3118 517 reddat.
3164 463 3565 518 Postmodum

1908 547 2095 598 autem
2126 544 2320 601 veniet
2360 551 2419 600 ut
2445 546 2821 612 condemnet,
2852 553 2907 603 et
2936 549 3010 604 de
3037 549 3130 605 his
3161 551 3266 622 qui
3298 567 3418 607 non
3451 567 3574 607 cre-

1905 629 2189 688 diderunt
2218 633 2501 690 ultionem
2528 640 2744 692 sumat.
2777 635 2843 692 Si
2865 653 2983 693 non
3009 638 3310 704 venissem,
3345 639 3560 712 inquit,

1905 727 1959 777 et
1991 721 2313 779 locutuseis
2335 724 2600 792 fuissem,
2615 729 2920 793 peccatum
2948 742 3067 782 non
3082 727 3551 784 haberentmunc

1905 815 2100 867 autem
2129 813 2560 870 excusationem
2590 829 2709 869 non
2739 814 2959 872 habent
2991 815 3064 871 de
3083 823 3328 884 peccato
3353 833 3458 872 suo
3484 817 3554 872 ⁸⁸.

1978 899 2144 954 Vers.
2195 899 2281 956 18.
2346 902 2457 969 Qui
2513 933 2579 942 —-
2632 905 3077 959 condemnatur.
3140 906 3249 970 Qui
3306 905 3556 976 legitime

1906 987 2112 1056 credit,
2167 989 2249 1044 vel
2292 991 2392 1062 qui
2439 995 2634 1046 servat
2669 992 2849 1047 etiam
2890 993 3014 1064 ejus
3055 999 3357 1064 praecepta.
3411 997 3561 1050 Nam

1906 1077 1980 1132 de
2005 1077 2096 1132 his
2125 1078 2230 1150 qui
2255 1079 2398 1134 tales
2437 1095 2557 1134 non
2598 1083 2760 1150 sunt,
2813 1081 2895 1136 ait
2948 1081 3267 1154 Apostolus
3310 1102 3322 1140 :
3366 1083 3562 1151 Conﬁ-

1907 1169 2105 1222 tentur
2143 1182 2204 1223 se
2258 1167 2404 1223 scire
2448 1170 2650 1232 Deum,
2706 1169 2890 1238 factis
2954 1176 3148 1226 autem
3216 1179 3437 1239 negant
3496 1171 3568 1225 ⁵⁸.

1979 1257 2134 1310 Vers.
2191 1257 2277 1311 18.
2336 1257 2449 1323 Qui
2500 1289 2568 1298 —
2623 1258 2746 1314 Dei.
2800 1261 2947 1315 Nam
3005 1259 3157 1314 sicut
3206 1258 3374 1314 illum
3420 1259 3568 1314 ﬁdes

1905 1345 2124 1400 exemit
2148 1345 2656 1416 condemnationi,
2687 1348 2770 1404 ita
2799 1347 2957 1402 hunc
3001 1346 3389 1405 incredulitas
3433 1354 3572 1405 ante

1901 1434 2196 1504 judicium
2226 1434 2648 1491 condemnavit
2675 1453 2688 1491 :
2717 1435 3023 1493 homicida
3038 1439 3198 1493 enim
3226 1441 3281 1493 et
3317 1438 3575 1510 quicun-

1905 1538 2021 1595 que
2059 1523 2367 1596 delinquit,
2402 1539 2470 1579 ex
2500 1529 2714 1582 natura
2745 1526 2973 1598 peccati
3035 1526 3233 1581 statim
3275 1525 3569 1582 condem—

1908 1616 2087 1669 natus
2140 1616 2250 1679 est,
2303 1613 2407 1668 sed
2446 1613 2839 1686 postmodum
2893 1615 3189 1672 sententia
3257 1613 3568 1688 principis.

1981 1791 2109 1848 Alio
2131 1808 2372 1865 quoque
2396 1792 2578 1848 modo
2605 1809 2619 1848 :
2647 1793 2794 1859 Quia
2818 1792 3114 1865 judicium
3140 1807 3263 1849 non
3278 1795 3407 1849 erat
3418 1809 3569 1866 prae-

1911 1897 2048 1936 sens
2069 1881 2174 1936 sed
2205 1879 3032 1951 futurum,condemnationis
3065 1882 3342 1938 timorem
3372 1898 3561 1956 prope

1909 1971 2182 2028 adduxit.

1979 2062 2047 2116 1n
2076 2077 2283 2117 nomen
2307 2065 2527 2127 autem,
2555 2061 2672 2117 hoc
2701 2065 2804 2128 est,
2832 2061 2893 2118 in
2922 2061 3160 2134 ipsum:
3192 2077 3339 2118 nam
3364 2065 3421 2120 et
3449 2062 3567 2119 hoc

1906 2149 2132 2206 idioma
2152 2156 2238 2206 est
2263 2151 2570 2222 scripturae
2601 2151 3032 2219 Hebraicze,ubi
3061 2151 3136 2208 de
3167 2155 3284 2208 Deo
3306 2152 3570 2224 loquun-

1908 2245 2018 2306 tur,
2054 2255 2264 2312 capere
2291 2255 2513 2296 nomen
2541 2240 2670 2311 ejus
2695 2255 2805 2312 pro
2834 2240 2987 2313 ipso,
3022 2240 3324 2311 religionis
3357 2242 3572 2311 gratia.

1980 2331 2144 2384 Vers.
2193 2330 2278 2384 19.
2337 2331 2484 2386 Haec
2541 2361 2610 2368 —
2653 2329 2860 2386 lucem.
2908 2332 3042 2386 Haec
3095 2333 3186 2386 est
3235 2329 3569 2387 infidelium

1909 2416 2332 2473 condemnatio
2388 2435 2401 2473 :
2463 2421 2708 2490 propter
2736 2417 2852 2474 hoc
2896 2418 3396 2485 condemnantur,
3425 2418 3569 2491 quia

1909 2506 2179 2562 veniente
2209 2507 2287 2562 ad
2325 2523 2427 2563 eos
2477 2506 2604 2563 luce
2653 2508 2912 2563 scientiae
2968 2523 3035 2563 ac
3082 2507 3347 2564 veritatis
3403 2507 3569 2581 (dicit

1910 2602 2110 2652 autem
2146 2596 2255 2651 hoc
2304 2597 2378 2651 de
2409 2596 2632 2669 seipso)
2683 2595 3011 2652 dilexerunt
3057 2597 3249 2667 magis
3294 2596 3567 2653 tenebras

1911 2685 2264 2754 ignorantiae
2322 2702 2390 2741 ac
2443 2685 2735 2741 mendacii
2785 2700 2967 2757 quam
3013 2685 3230 2741 lucem.
3275 2689 3424 2741 Nam
3466 2685 3570 2758 qui

1914 2774 2158 2830 absente
2205 2774 2336 2830 luce
2396 2779 2598 2830 manet
2653 2773 2715 2828 in
2773 2773 3048 2843 tenebris,
3117 2774 3565 2830 excusationem

1914 2863 2180 2920 fortassis
2229 2863 2489 2935 aliquam
2538 2863 2779 2919 habebit
2832 2879 2844 2918 :
2903 2879 3257 2936 quanquam
3298 2868 3354 2919 et
3400 2863 3564 2919 hunc

1913 2952 2179 3024 oportuit
2204 2968 2323 3008 non
2356 2953 2438 3008 ita
2478 2969 2540 3007 se
2574 2951 2815 3017 habere,
2869 2953 2974 3008 sed
3013 2951 3207 3008 lucem
3248 2965 3515 3025 quaerere
3549 2969 3562 3008 :

1913 3041 2016 3113 qui
2047 3057 2186 3097 vero
2219 3041 2484 3097 veniente
2533 3041 2610 3097 ad
2660 3057 2724 3097 se
2765 3041 2896 3097 luce
2956 3041 3145 3097 adhuc
3202 3041 3262 3096 in
3312 3040 3566 3096 tenebris

1913 3130 2148 3196 residet,
2182 3131 2342 3186 omni
2375 3130 3034 3202 privaturexcusatione
3062 3149 3074 3186 :
3108 3145 3387 3186 aversum
3407 3129 3568 3186 enim

1913 3219 2182 3275 animum
2205 3218 2280 3274 ad
2313 3220 2506 3276 lucem
2551 3219 2794 3285 claudit,
2836 3223 2890 3274 et
2936 3218 3267 3275 voluntarie
3313 3218 3568 3274 tenebris

1911 3308 2235 3365 offunditur
2275 3323 2427 3364 :nec
2468 3307 2656 3364 solum
2701 3308 2779 3364 ad
2826 3309 3022 3364 lucem
3068 3323 3190 3364 non
3232 3308 3410 3374 venit,
3462 3307 3569 3364 sed

1911 3413 1942 3454 e
1968 3398 2202 3452 diverso
2215 3414 2349 3453 cum
2367 3397 2670 3468 magislux
2686 3397 2759 3453 ad
2779 3413 2840 3452 se
2878 3396 3098 3462 veniat,
3123 3396 3288 3467 fugit,
3320 3401 3426 3453 eta
3453 3411 3568 3452 sua

1912 3487 2191 3545 avertitur
2220 3486 2406 3543 salute
2443 3487 2588 3560 (aa).
2631 3487 2853 3543 Deinde
2901 3486 3081 3543 etiam
3117 3502 3364 3544 causam
3396 3485 3570 3559 ponit

1911 3581 2154 3651 prOpter
2177 3591 2362 3647 quam
2391 3575 2724 3633 dilexerunt
2751 3575 3052 3633 tenebras.

1981 3758 2150 3817 Vers.
2183 3759 2269 3814 19.
2310 3757 2508 3814 Erant
2550 3789 2616 3798 —
2656 3771 2856 3826 opera.
2907 3754 3042 3812 Ideo
3081 3770 3222 3825 ergo
3254 3754 3452 3812 lucem
3484 3753 3574 3810 fu-

1911 3853 2146 3920 gerunt,
2189 3865 2263 3904 ne
2333 3864 2403 3904 ea
2448 3846 2877 3904 manifestaret.
2918 3845 3094 3918 Atqui
3136 3860 3258 3901 non
3288 3844 3450 3901 venit
3505 3849 3570 3900 ut

1913 3939 2191 4010 inquirat,
2236 3937 2342 3992 sed
2377 3936 2962 4008 potiusutignoscat;
3007 3940 3063 3991 et
3092 3934 3228 3990 ideo
3255 3949 3564 3991 accurrere

1916 4028 2109 4097 magis
2136 4027 2476 4098 oportebat.

1988 4115 2150 4171 Vers.
2175 4120 2262 4170 20.
2296 4115 2498 4171 Omnis
2526 4145 2590 4154 —
2633 4114 2842 4170 lucem.
2876 4111 3151 4178 Quandiu
3178 4111 3339 4167 mala
3362 4125 3571 4183 opera-

1915 4211 2007 4260 tus
2035 4203 2223 4270 fuerit,
2246 4203 2520 4277 quandiu
2550 4203 2605 4257 in
2635 4201 2729 4256 his
2763 4199 3184 4272 permanserit.

1984 4293 2146 4348 Vers.
2181 4293 2273 4348 20.
2325 4293 2403 4347 Et
2433 4323 2499 4332 —
2530 4293 2678 4362 eius.
2720 4290 2956 4345 Timens
2995 4287 3281 4344 videlicet.

1986 4384 2144 4438 Vers.
2186 4385 2274 4439 21.
2319 4381 2431 4449 Οιιὶ
2481 4411 2549 4422 —-
2604 4379 2814 4436 lucem.
2875 4377 2986 4443 Qui
3043 4381 3343 4448 operatur,
3404 4375 3568 4448 quod

1914 4477 2140 4528 rectum
2164 4476 2272 4537 est,
2305 4471 2409 4544 qui
2437 4474 2592 4526 recte
2621 4472 3026 4533 conversatur,
3062 4465 3223 4522 venit
3245 4466 3322 4522 ad
3348 4465 3568 4535 lucem,

1917 4565 2080 4620 amat
2109 4561 2326 4617 lucem.

1989 4655 2148 4707 Vers.
2181 4651 2267 4706 21.
2311 4652 2382 4707 Ut
2440 4681 2506 4690 —
2562 4664 2748 4718 opera.
2804 4648 2850 4702 Α
2897 4645 3024 4702 luce
3081 4662 3095 4714 ;
3151 4647 3350 4718 neque
3408 4642 3571 4704 enim

1919 4740 2215 4797 erubescit
2237 4745 2334 4795 aut
2362 4743 2592 4794 veretur
2617 4753 2709 4792 ea.

1987 4831 2148 4884 Vers.
2183 4834 2270 4884 2|.
2306 4828 2473 4896 Quod
2496 4859 2565 4868 —
2590 4827 2784 4896 facta.
2820 4824 2991 4894 Quod
3020 4823 3353 4883 secundum
3388 4825 3578 4882 Deum

1922 4919 2058 4988 sint,
2091 4919 2253 4992 quod
2287 4922 2401 4976 Deo
2424 4916 2740 4990 placentia.

1385 5196 1614 5266 Varias
1660 5194 1991 5266 lectiones
2029 5205 2330 5265 etnotae.

275 5395 398 5540 $36;
428 5398 578 5472 Παρὰ
605 5399 683 5452 τό.

300 5472 372 5526 37
437 5467 643 5525 Malim
673 5469 683 5520 ἑ

300 5465 397 5540 37)
437 5465 643 5525 meum
673 5465 733 5520 ἄν
752 5467 876 5540 γάρ.

275 5646 409 5719 (aa)
441 5647 716 5719 Aversum
742 5678 810 5689 —
851 5649 1064 5705 salute.
1106 5645 1302 5704 Animi
1333 5645 1500 5719 enim
1530 5647 1813 5719 perversi,

187 5717 403 5778 oculis
420 5718 698 5775 claudere
723 5719 842 5774 luci
863 5719 1258 5776 etvoluntarie
1282 5717 1546 5774 tenebris
1566 5717 1816 5784 offundi,

190 5809 278 5851 ac
306 5806 438 5848 non
471 5789 667 5847 solum
709 5789 910 5863 ipsum
937 5807 1062 5849 non
1097 5790 1299 5848 venire
1339 5787 1414 5848 ad
1452 5787 1667 5856 lucem,
1715 5789 1820 5845 sed

1991 5393 2106 5468 (38)
2141 5393 2232 5451 Sic
2261 5391 2511 5461 correxi,
2545 5406 2658 5466 pro
2688 5391 2843 5469 ὑπέρ.

1925 5648 2130 5702 contra
2159 5644 2506 5713 etiam,luce
2532 5644 2724 5716 magis
2756 5644 2836 5702 ad
2865 5658 3004 5700 eum
3032 5639 3577 5716 appropinquante,

1927 5717 2130 5788 fugere
2152 5722 2206 5773 et
2236 5717 2497 5773 aversari
2529 5716 2780 5774 salutem
2802 5728 2998 5772 suam.
