4038 6226
196 281 337 336 H77

479 410 625 460 ΚΕΦ.
658 405 734 462 Δ’.
763 406 992 466 Ζήτήσις
1025 408 1141 479 περὶ
1164 404 1520 477 καθαρισμοῦ.

263 497 502 567 Ἐγίνετο
570 525 636 535 —
708 496 1064 568 καθαρισμοῦ.
1134 493 1361 565 Ἐγένετο
1437 489 1667 556 διάλεξις
1742 493 1799 546 ἐκ

192 594 296 638 τῶν
341 585 590 657 μαθητῶν
641 582 878 637 Ἰωάννου
914 585 1043 658 πρὸς
1099 578 1357 637 Ἰουδαῖον
1398 602 1532 646 τινα,
1573 587 1798 635 Βαπτισ-

194 675 351 728 θέντα
378 675 525 745 παρὰ
547 681 647 725 τῶν
677 674 925 746 μαθητῶν
953 680 1046 726 τοῦ
1078 680 1333 748 Χριστοῦ.
1371 671 1432 725 Ἦ
1473 667 1533 724 δὲ
1573 670 1801 733 ζήτησις

194 760 260 822 ἦν
305 767 426 838 περὶ
474 764 832 837 καθαρισμοῦ,
864 765 984 821 ἦτοι
1013 761 1402 835 βαπτίσματος,
1435 762 1500 822 ὡς
1546 767 1639 813 τοῦ
1676 763 1798 834 παρ’

190 852 377 915 αὐτοῖς
403 850 553 905 πλέον
578 871 630 905 τι
657 859 750 905 τοῦ
781 858 882 904 τῶν
910 852 1156 925 μαθητῶν
1183 851 1295 924 (42)
1323 852 1552 923 ἔχοντος.
1575 848 1801 908 Ζηλοτυ-

188 930 411 1005 ποῦντες
437 944 540 1016 γὰρ
578 943 880 1016 ἑπεχείρουν
906 943 1120 995 πείθειν.

268 1213 467 1263 Καὶ-
515 1207 786 1283 βαπτίζει.
816 1209 900 1269 Μὴ
949 1203 1257 1271 δυνηθέντες
1294 1214 1477 1261 πεῖσαι
1526 1210 1614 1261 τὸν
1673 1207 1800 1261 Ἰου-

189 1295 367 1364 δαῖον,
411 1295 566 1357 ἧλθον
610 1301 739 1372 πρὸς
771 1301 858 1351 τόν
907 1293 1234 1350 διδάσκαλον
1280 1296 1493 1363 ἑαυτῶν,
1525 1301 1617 1350 καὶ
1658 1293 1797 1350 εἷπον

185 1389 273 1441 ὅτι
312 1388 383 1461 ᾯ.
412 1391 476 1441 σύ
509 1390 913 1461 μεμαρτύρηκας
941 1395 1173 1441 τοσαῦτα
1196 1391 1288 1440 καὶ
1312 1393 1554 1457 τοιαῦτα,
1583 1387 1639 1440 ὃν
1701 1383 1798 1440 διὰ

187 1486 291 1541 σῆς
346 1483 636 1552 μαρτυρίας
689 1473 967 1547 ἐδόξασας,
1000 1477 1151 1539 οὗτος
1201 1475 1535 1553 ἁντιπράττει
1574 1495 1679 1541 σοι,
1706 1480 1796 1529 καὶ

185 1567 490 1642 ὑφαρπάζει
518 1571 613 1626 τήν
653 1563 811 1631 δόξαν
851 1586 968 1622 σου.
1002 1564 1115 1620 Ἔτι
1156 1561 1216 1619 δὲ
1262 1565 1600 1642 παρακνίξειν
1639 1565 1794 1618 αὐτὸν

184 1656 464 1727 ἐθέλοντες,
502 1658 868 1732 προστιθέασι·

260 1750 366 1800 Καὶ
396 1777 465 1788 -
495 1746 671 1801 αὐτόν.
705 1747 764 1799 Σὲ
790 1745 1286 1819 καταλιμπάνοντες.

257 1837 545 1912 Ἀπεκρίθη
626 1867 699 1877 -
770 1834 1011 1910 ούρανοῦ.
1088 1835 1164 1888 Ού
1235 1831 1455 1888 δύναται
1524 1836 1795 1909 ἄνθρωπος

180 1924 273 1999 ἀφ’
331 1925 518 1979 ἑαυτοῦ
578 1923 855 1998 λαμϐάνειν
908 1920 1058 1978 ούδεν
1108 1931 1340 1977 τοιοῦτον
1394 1920 1499 1977 οἷον
1555 1924 1792 2001 ούράνιον

176 2020 273 2068 καὶ
325 2016 485 2071 θεῖον,
547 2019 711 2073 Γήίνα
746 2017 848 2089 γὰρ
902 2017 992 2066 καὶ
1041 2011 1339 2089 ἀνθρώπινα
1365 2012 1545 2067 πολλοὶ
1603 2012 1791 2066 πολλά-

177 2126 267 2168 κις
342 2108 436 2158 καὶ
503 2102 588 2177 ἀφ’
657 2103 850 2157 ἑαυτῶν
887 2101 1235 2176 λαμϐάνουσι.
1268 2109 1428 2157 Τοῦτο
1500 2098 1559 2155 δε
1614 2102 1787 2169 εἰπὼν,

177 2199 581 2270 μυστικῶτερον
633 2195 726 2267 μὲν
784 2194 1033 2265 ὑπέφηνε-ι
1089 2194 1171 2245 ὅτι
1245 2191 1341 2245 οῦκ
1393 2193 1533 2245 ἔστιν
1594 2193 1790 2267 ἄνθρω-

174 2304 277 2347 πος
329 2283 525 2351 ἁπλῶς,
559 2281 689 2336 ἀλλὰ
742 2286 832 2336 καὶ
883 2285 1030 2345 Θεὸς·
1088 2286 1429 2356 φανερώτερον
1479 2278 1538 2335 δὲ
1594 2277 1789 2340 ἐδήλω-

180 2393 269 2427 σεν
329 2377 410 2425 ὅτι
454 2372 513 2425 ἐκ
576 2379 711 2426 Θεοῦ
764 2370 909 2424 ἔλαϐε
964 2374 1023 2424 τὸ
1073 2367 1395 2434 δοξάζεσθαι
1446 2375 1535 2423 καὶ
1599 2373 1789 2432 πάντας

176 2463 508 2536 ἐφέλκεσθαι.

252 2638 401 2707 Εἶτα,
434 2639 542 2694 imi.
580 2645 676 2700 τήν
724 2639 883 2693 αὐτοῦ
933 2642 1233 2713 μαρτμρίαν
1276 2637 1619 2711 προεϐάλοντο
1658 2641 1790 2713 πρὸς

177 2729 555 2802 ὑποϐιϐασμον
607 2738 698 2783 τοῦ
762 2736 1019 2806 Χριστοῦ,
1080 2732 1374 2803 περιτρέπει
1426 2730 1621 2786 ταύτην
1671 2728 1787 2781 κατ’

175 2820 376 2883 αὐτῶν,
405 2825 495 2872 καὶ
525 2818 614 2873 ἀπ’
650 2818 810 2881 αὐτῆς
860 2817 1049 2892 μᾶλλον
1099 2814 1365 2871 δείκνυσιν
1414 2814 1599 2871 ἐκεῖνον
1641 2818 1791 2892 ὑπερ-

171 2912 433 2982 κείμενον.
474 2912 626 2979 Λέγει
650 2911 773 2983 γὰρ’

250 2997 419 3050 Αὐτοὶ
485 3029 551 3038 -—
628 2996 841 3052 ἐκείνου.

925 2996 1329 3070 Ἀπεσταλμένος
1413 2996 1519 3068 εἰμὶ
1601 2997 1788 3070 ἔμπρο-

1109 349 1116 357 1
1169 275 1537 334 COMMENT.
1580 276 1648 334 IN
1685 275 2038 334 JOANNEM.
2076 309 2146 321 ——
2184 278 2342 336 CAP.
2387 279 2476 336 IlI.

1830 400 1880 456 A

2266 406 2416 462 CAP.
2494 408 2584 464 ιν.
2620 408 2705 465 De
2736 408 3181 479 puriﬁcatione.

1982 493 2147 550 Vers.
2179 499 2265 552 25.
2308 494 2497 554 Facta
2529 503 2615 554 est
2668 529 2733 539 —
2769 499 3212 569 puriﬁcatione.
3260 503 3437 559 Facta
3471 504 3562 560 est

1909 582 2233 655 disputatio
2275 600 2347 641 ex
2390 585 2697 659 discipulis
2744 588 2992 645 Joannis
3034 590 3320 646 adversus
3364 608 3566 662 quem-

1908 671 2049 729 dam
2070 673 2347 729 Jndmum
2374 690 2411 731 a
2430 674 2641 731 Christi
2664 676 2974 751 discipulis
2988 677 3376 751 baptizatum.
3398 681 3566 746 Quaa-

1910 760 2024 818 stio
2050 767 2251 818 autem
2283 766 2411 820 erat
2433 763 2507 821 de
2540 764 2971 837 puriﬁcatione,
3015 767 3138 825 sive
3178 768 3561 840 baptismate,

1907 856 2193 925 tanquam
2222 852 2520 926 baptisma
2537 869 2743 912 eorum
2767 856 3028 929 amplius
3057 857 3355 931 quiddam
3374 858 3566 916 habe-

1910 949 1994 997 ret
2019 957 2198 1014 super
2254 942 2563 1016 baptisma
2608 944 3048 1018 discipulorum
3097 947 3334 1015 Christi,
3376 964 3567 1005 aemu-

1906 1030 2130 1087 latione
2188 1030 2489 1105 siquidem
2566 1034 2799 1090 accensi
2880 1034 2943 1090 id
3016 1036 3378 1108 persuadere
3437 1036 3568 1110 (dd)

1908 1119 2303 1176 conabantur.

1977 1210 2141 1267 Vers.
2198 1213 2289 1266 26.
2345 1212 2427 1267 Et
2485 1243 2532 1255 --
2614 1212 2898 1283 baptizat.
2954 1215 3101 1271 Cum
3122 1213 3401 1273 Judaeum
3443 1216 3569 1272 vin-

1908 1314 2039 1354 cere
2081 1315 2201 1355 non
2231 1304 2494 1372 possent,
2536 1307 2829 1359 venerunt
2865 1301 2944 1359 ad
2985 1303 3343 1374 magistrum
3392 1322 3568 1363 suum

1906 1403 1977 1445 ac
2027 1388 2304 1445 dixerunt
2358 1406 2373 1445 :
2420 1390 2539 1459 ille,
2598 1390 2673 1447 de
2726 1407 2849 1464 quo
2904 1397 3069 1449 tanta
3111 1409 3181 1449 ac
3222 1393 3365 1452 talia
3406 1394 3566 1452 testi-

1904 1477 2117 1534 ﬁcatus
2154 1494 2238 1546 es,
2284 1494 2468 1552 quem
2516 1484 2622 1537 tuo
2671 1481 3015 1540 testimonio
3060 1482 3423 1555 gloriﬁcasti,
3469 1484 3566 1540 hic

1905 1572 2075 1624 tuum
2127 1584 2350 1625 munus
2405 1573 2614 1626 contra
2666 1573 2720 1627 te
2763 1577 3014 1639 exercet,
3071 1577 3359 1647 tuamque
3411 1572 3568 1645 rapit

1904 1656 2172 1728 gloriam.
2224 1661 2289 1714 Et
2333 1657 2576 1733 insuper
2628 1676 2982 1735 exasperare
3020 1662 3190 1719 illum
3245 1664 3563 1735 cupientes,

1827 1754 1875 1811 B
1904 1746 2264 1804 addiderunt
2298 1764 2313 1804 :

1973 1837 2136 1894 Vers.
2163 1841 2252 1893 26.
2284 1838 2360 1895 Et
2393 1870 2458 1880 —
2489 1855 2642 1896 eum.
2679 1841 2756 1897 Te
2798 1840 3019 1898 relicto.

1973 1929 2117 1984 Vers
2139 1931 2229 1983 27.
2270 1928 2587 1997 Respondit
2634 1960 2700 1971 -——
2754 1931 2914 1988 caelo.
2971 1934 3101 1989 Non
3145 1937 3342 2006 potest
3374 1932 3562 1989 homo

1902 2032 1940 2074 a
1978 2015 2180 2089 seipso
2225 2020 2344 2074 tale
2384 2017 2700 2090 quippiam
2750 2018 3042 2092 accipere,
3080 2024 3282 2093 utpote
3326 2020 3564 2078 caeleste

1900 2120 1970 2162 ac
2008 2105 2278 2162 divinum
2313 2123 2327 2162 :
2356 2122 2497 2163 nam
2540 2112 2839 2165 terrenum
2862 2123 2933 2166 ac
2961 2108 3296 2167 humanum
3338 2109 3562 2183 saepius

1899 2194 2082 2251 etiam
2139 2211 2175 2252 a
2241 2194 2453 2267 seipsis
2506 2196 2825 2271 accipiunt.
2896 2200 3015 2255 Hoc
3065 2204 3268 2256 autem
3334 2198 3562 2266 dicens,

1901 2283 2125 2341 occulte
2181 2284 2421 2358 quidem
2475 2286 2750 2353 ostendit,
2805 2287 3103 2343 Christum
3162 2304 3284 2344 non
3341 2287 3565 2361 simpli-

3297 2392 3312 2432 2
3375 2393 3563 2434 manl-

1899 2463 2043 2519 feste
2107 2480 2245 2519 vero
2298 2463 2748 2531 demonstravit,
2802 2465 2967 2539 quod
3009 2482 3045 2522 a
3076 2468 3197 2522 Deo
3253 2470 3564 2539 acceperat

1830 2612 1837 2619 ,
1898 2557 1963 2608 ιιι
1999 2551 2430 2622 gloriﬁcaretur
2494 2569 2826 2627 omnesque
2881 2555 3221 2612 attraheret.

1971 2640 2193 2697 Deinde
2222 2642 2360 2714 quia
2388 2643 2638 2699 Joannis
2668 2643 3077 2701 testimonium
3108 2643 3189 2701 ad
3210 2642 3423 2701 Christi
3454 2644 3561 2701 im-

1900 2374 2043 2430 citer
2077 2373 2386 2430 hominem
2431 2389 2581 2441 esse,
2640 2375 2743 2432 sed
2807 2376 2986 2433 etiam
3041 2379 3226 2433 Deum

1898 2729 2292 2787 minutionem
2306 2738 2777 2805 assumpserant,
2804 2737 3108 2806 retorquet
3135 2733 3330 2804 ipsum
3352 2738 3558 2790 contra

1898 2836 2020 2885 eos,
2054 2825 2111 2875 et
2132 2819 2217 2877 ab
2242 2837 2310 2877 eo
2343 2821 2537 2892 magis
2554 2821 2990 2879 ostenditillum
3008 2821 3121 2879 sibi
3142 2820 3554 2895 praepositum.

1897 2908 1990 2999 ait
2015 2909 2176 2965 enim
2203 2928 2216 2969 :

1972 3000 2225 3057 Vers.28.
2259 2999 2383 3068 Ipsi
2412 3031 2481 3041 —
2511 3001 2709 3058 illum.
2738 2999 2955 3057 Missus
2999 3016 3134 3057 sum
3175 3003 3313 3058 ante
3363 3000 3554 3069 illum,

173 3089 300 3140 σθεν
363 3085 580 3153 ἐκείνου,
636 3091 753 3146 ἤτοι
815 3082 1058 3148 διάκονος
1103 3090 1194 3138 καὶ
1222 3086 1482 3159 ὑπηρέτης
1513 3084 1694 3141 αὐτοῦ.
1727 3089 1787 3137 Ei

1914 3088 2021 3144 sive
2052 3087 2320 3145 minister
2350 3105 2420 3145 ac
2452 3106 2663 3145 servus
2682 3092 2832 3163 ejus.
2865 3091 2922 3147 Si
2951 3105 3094 3162 ergo
3118 3107 3322 3147 meum
3340 3090 3555 3163 produ-

174 3174 270 3229 οὖν
302 3180 400 3235 τήν
445 3174 572 3249 ίμὴν
623 3177 735 3248 (43)
779 3174 1130 3251 προϐάλλεσθε
1174 3178 1488 3250 μαρτυρίαν,
1515 3177 1647 3233 αὕτη
1677 3178 1787 3248 μεί-

174 3266 311 3327 ζονα
339 3263 531 3318 ἐκεῖνον
556 3263 930 3339 ἐμαρτύρησεν.

248 3355 313 3408 Ὁ
356 3385 428 3395 -—
497 3354 658 3408 ἐστίν.
719 3354 905 3421 Αύτὸς,
969 3354 1080 3428 (44)
1139 3355 1164 3407 ὁ
1213 3356 1353 3427 ἔχων
1410 3357 1505 3413 τὴν
1560 3354 1784 3426 νύμφην,

172 3444 343 3507 αὐτὸς
376 3445 497 3498 ἐστι
542 3448 780 3517 νυμφίος,
841 3448 1004 3516 ἤγουν
1051 3447 1252 3518 κύριος.
1305 3446 1497 3517 Νύμφη
1560 3446 1649 3514 μεν
1698 3438 1787 3495 οὖν

172 3537 202 3588 ὁ
254 3535 381 3596 λαός
431 3543 529 3587 τῶν
600 3543 820 3603 πιστῶν,
871 3536 902 3594 ἡ
964 3534 1249 3594 Ἐκκλησία
1329 3540 1592 3607 μυστικῶς
1663 3552 1789 3586 συν-

171 3629 448 3697 απτομένη
483 3621 577 3677 διὰ
606 3629 846 3685 πίστεως
878 3629 1091 3697 νυμφίος
1123 3621 1183 3677 δὲ
1210 3625 1235 3677 ὁ
1266 3625 1517 3700 Χριστὸς,
1550 3621 1788 3699 ἀρρήτως

175 3716 464 3767 συνάπτων
546 3713 710 3785 ἑαυτῷ
774 3718 857 3766 καὶ
929 3714 1128 3767 οἰκειῶν
1182 3716 1376 3771 ταύτην
1445 3710 1783 3785 ἔπιλεγεῖσανο

172 3804 325 3857 ἐπεὶ
371 3807 466 3856 καὶ
518 3801 753 3876 ἀλλαχοῦ
804 3805 1010 3876 γάμους
1055 3803 1169 3876 (45)
1208 3805 1268 3856 τὸ
1301 3808 1513 3877 πρᾶγμα
1542 3802 1567 3854 ὁ
1607 3801 1784 3877 Σωτῆρ

170 3893 474 3964 ὠνόμασεν.

242 3983 308 4037 Ὀ
362 3979 425 4036 δὲ
499 3981 643 4055 φίλος
700 4014 769 4023 -
832 3987 1078 4056 νυμφίου.
1136 3983 1398 4059 ’Δνωτέρω
1455 3986 1544 4052 μεν
1602 3980 1786 4037 διάκο-

161 4093 255 4125 νον
324 4076 417 4126 καὶ
462 4073 746 4146 ὑπηρέτην,
795 4070 1017 4125 ἓνταῦοα
1073 4068 1133 4126 δὲ
1189 4072 1331 4145 φίλον
1375 4071 1555 4126 ἑαυτὸν
1593 4070 1784 4125 ἐκείνου

164 4161 330 4215 καλεῖ
375 4160 472 4213 οὐκ
511 4159 736 4234 ἐπαίρων
784 4160 984 4224 ἑαυτὸν,
1011 4156 1137 4214 οὐδὲ
1187 4161 1492 4234 κομπάζων,
1524 4159 1651 4213 ἀλλὰ
1693 4165 1785 4219 τὴν

165 4250 260 4304 ἐπὶ
316 4258 392 4321 τῷ
444 4250 558 4322 (46)
609 4252 882 4323 πράγματι
910 4252 1087 4323 χαρὰν
1140 4246 1518 4323 ἐνδεικνύμενος
1566 4245 1658 4302 διὰ
1695 4257 1786 4312 τῆς

163 4348 267 4393 τοῦ
330 4338 478 4412 φίλου
529 4344 911 4415 προσηγορίας.
991 4339 1113 4411 Οὐχ
1178 4342 1313 4391 οὕτω
1379 4341 1482 4413 γὰρ
1540 4340 1588 4391 οἱ
1653 4339 1789 4397 ύπη-

1895 3177 2026 3235 citis
2060 3177 2482 3244 testimonium,
2506 3178 2651 3235 illud
2687 3179 2977 3252 majorem
3006 3180 3167 3237 hunc
3191 3195 3328 3236 esse
3356 3179 3555 3236 testiﬁ-

1895 3272 2099 3324 catum
2122 3272 2229 3324 est.

1966 3360 2128 3414 Vers.
2161 3361 2249 3413 '29.
2282 3357 2397 3425 Qui
2424 3389 2492 3399 —
2521 3363 2622 3415 est.
2670 3361 2819 3430 Ipse,
2861 3357 2965 3431 qui
3014 3373 3306 3431 sponsam
3350 3356 3553 3424 habet,

1895 3463 2155 3521 sponsus
2184 3452 2273 3504 est
2300 3447 2394 3505 vel
2417 3447 2721 3504 dominus.
2748 3449 2980 3520 Sponsa
2993 3447 3278 3520 siquidem
3295 3447 3557 3520 populus

1897 3540 1985 3594 est
2007 3536 2282 3605 ﬁdelium,
2310 3537 2436 3594 sive
2469 3536 2729 3594 Ecclesia
2755 3537 2992 3610 mystice
3019 3552 3124 3609 per
3137 3536 3317 3594 ﬁdem
3333 3536 3554 3594 coadu-

1895 3634 2056 3692 nata;
2080 3643 2341 3699 sponsus
2369 3643 2512 3685 vero
2538 3627 2828 3691 Christus,
2842 3627 2999 3684 hanc
3026 3626 3404 3684 ineﬂ‘abiliter
3436 3624 3553 3683 sibi

1894 3715 2270 3782 coadunans,
2299 3714 2769 3790 etapproprians
2793 3731 2864 3771 ac
2897 3714 3147 3787 eligens.
3178 3715 3341 3773 Unde
3355 3720 3410 3772 et
3436 3713 3556 3773 Sal-

1894 3809 2065 3863 vator
2094 3822 2220 3863 rem
2250 3806 2408 3863 hanc
2436 3805 2680 3879 nuptias
2712 3804 2855 3862 alibi
2892 3803 3241 3878 appellavit.

1966 3982 2126 4038 Vers.
2152 3986 2242 4039 29.
2274 3981 2518 4039 Amicus
2547 3987 2747 4039 autem
2771 4013 2823 4024 -
2858 3982 3078 4050 sponsi.
3124 3981 3404 4054 Superius
3428 3982 3559 4055 qui-

1894 4070 2032 4127 dem
2062 4071 2327 4142 seipsum
2354 4087 2591 4128 servum
2612 4086 2682 4126 ac
2705 4069 3175 4136 ministrum,hic
3188 4074 3388 4126 autem
3404 4071 3552 4125 ami-

1894 4158 2198 4215 cumillius
2230 4164 2431 4215 vocat:
2449 4175 2565 4215 non
2581 4159 2845 4230 seipsum
2870 4157 3156 4214 extollens
3176 4158 3555 4229 autjactans,

1895 4246 1999 4303 sed
2029 4246 2088 4303 in
2105 4247 2221 4304 hoc
2249 4247 2486 4318 negotio
2511 4245 2803 4321 gaudium
2827 4246 3251 4302 demonstrans
3278 4261 3382 4316 per
3405 4244 3555 4299 ami-

1894 4336 1949 4392 ci
1977 4336 2462 4410 appellationem.
2500 4340 2695 4408 Neque
2723 4336 2881 4390 enim
2913 4335 2992 4391 ita
3031 4334 3296 4405 gaudent
3321 4332 3467 4389 servi
3491 4332 3553 4391 in

162 4434 325 4502 ρίται
381 4433 670 4502 χαίρουσιν
717 4431 766 4481 ἐν
814 4435 924 4490 τοῖς
972 4429 1166 4500 γάμοις
1215 4436 1315 4480 τῶν
1364 4432 1578 4503 κυρίων,
1611 4430 1680 4489 ὡς
1735 4430 1785 4481 οἱ

1914 4426 2116 4501 luptiis
2142 4426 2523 4483 dominorum
2555 4425 2706 4482 sicut
2735 4423 2937 4482 amici.

210 4518 341 4570 ἕλοι.

165 4540 341 4592 φυῡι.

240 4607 319 4660 ’0
376 4602 440 4660 δὲ
493 4605 631 4678 λέγει
687 4610 921 4659 τοιοῦτόν
954 4604 1114 4675 ἔστιν,
1145 4607 1228 4658 ὅτι
1263 4605 1483 4668 Ἐκεῖνος
1540 4609 1630 4679 μέν
1676 4603 1785 4659 ἔστι

159 4700 397 4770 νυμφίος
444 4699 536 4748 καὶ
588 4698 797 4769 Κύριος·
855 4694 954 4767 ἐγὼ
1009 4691 1069 4748 δέ
1121 4695 1265 4768 φίλος
1294 4698 1383 4749 καὶ
1412 4697 1781 4768 νυμφαγωγὸς,

161 4788 226 4849 ὃς
314 4786 553 4848 έστηκὼς
606 4782 714 4844 ἤδη
796 4788 867 4849 ὡς
937 4783 1137 4847 ἀνύσας
1208 4788 1303 4844 την
1385 4789 1781 4857 νυμφαγωγίαν,

156 4881 266 4929 καὶ
318 4877 390 4937 ὡς
446 4872 732 4951 πληρώσας
793 4879 850 4929 τό
883 4873 1235 4947 ίντεταλμίνον
1292 4893 1405 4948 μοι,
1460 4878 1553 4927 καὶ
1601 4872 1781 4928 λοιπὸν

157 4966 383 5019 ἁκούων
409 4962 571 5017 αὑτοῦ
598 4961 965 5038 διαλεγομένου
1011 4966 1138 5040 πρὸς
1164 4967 1260 5024 τὴν
1296 4965 1498 5038 νύμφην
1546 4966 1637 5016 καὶ
1692 4963 1782 5039 ῥυ-

1966 4605 2137 4672 Quod
2167 4620 2309 4677 ergo
2332 4603 2497 4671 dicit,
2535 4602 2910 4661 tantumdem
2950 4606 3058 4674 est,
3108 4616 3177 4659 ac
3225 4600 3277 4658 si
3310 4600 3552 4660 diceret.

1892 4694 1990 4751 Ille
2019 4693 2265 4768 quidem
2290 4710 2551 4767 sponsus
2573 4698 2661 4751 est
2689 4708 2759 4749 ac
2787 4692 3090 4759 Dominus;
3108 4706 3219 4763 ego
3240 4707 3383 4748 vero
3409 4692 3560 4749 ami-

1893 4800 1995 4840 cus
2020 4799 2092 4841 ac
2121 4798 2360 4857 sponsa:
2389 4782 2619 4851 ductor,
2648 4781 2751 4856 qui
2785 4786 2950 4839 stans
2973 4782 3098 4854 jam
3128 4784 3186 4839 et
3214 4781 3438 4854 nuptiis
3467 4780 3556 4838 in-

1892 4872 2145 4930 tendens
2188 4872 2587 4946 perﬁciendis,
2645 4870 2933 4945 quodque
2972 4870 3120 4928 mihi
3171 4870 3414 4943 jussum
3466 4876 3560 4928 est

1892 4960 2233 5035 adimplens
2263 4966 2321 5019 et
2362 4960 2573 5019 exinde
2616 4961 2867 5018 audiens
2903 4961 3104 5034 ipsum
3144 4976 3283 5017 cum
3323 4976 3551 5035 sponsa

1409 5140 1630 5212 Variae
1666 5139 1998 5211 lectiones
2043 5146 2113 5210 et
2151 5150 2354 5210 notae.

244 5343 366 5417 (42)
394 5349 654 5417 γξίριστοῦ
698 5340 1140 5417 perspicuitatis
1179 5354 1366 5417 causa
1409 5339 1782 5417 addendum,

143 5410 1052 5543 ggggChrysostomus'etiam
1098 5410 1299 5478 habet,
1340 5415 1498 5469 tome
1545 5411 1688 5478 VIII,
1722 5426 1780 5483 p.

246 5555 368 5630 (43)
405 5554 741 5632 Προϐάλεσθε
773 5562 834 5610 Δ.

243 5730 378 5809 (dd)
403 5730 474 5789 Id
491 5730 875 5809 persuadere,
917 5731 989 5799 Id
1017 5746 1138 5798 non
1175 5734 1265 5800 est
1293 5729 1355 5799 in
1385 5730 1609 5795 Gaaeco.

1970 5339 2083 5411 (44)
2110 5337 2172 5411 ’κο
2202 5338 2419 5411 omittit
2447 5337 2507 5411 Β..

1968 5406 2085 5477 (45)
2115 5408 2301 5464 Veluti
2339 5408 2539 5465 Matth.
2572 5421 2713 5472 χχιι,
2753 5410 2808 5472 2,
2848 5406 2984 5463 coll.
3027 5411 3080 5473 9,
3119 5410 3203 5462 t5.

1967 5480 2079 5554 (46)
2120 5481 2239 5535 Ἐπὶ
2273 5488 2372 5533 τῶν
2400 5478 2716 5555 πραγμάτων
2746 5479 2813 5535 Α.

3428 283 3566 342 H78

3570 3266 3599 3279 Ι
