4038 6226
563 287 703 355 ins

1877 294 2217 352 EUTHYMII
2269 291 2622 351 ZAGABENI

3723 298 3818 360 “80

560 426 1016 498 colloquentem,
1049 421 1334 495 illamque
1365 421 2224 494 componentcmacinstruen-

2340 421 2604 493 θμίζοντος
2634 422 2796 480 αὐτὴν
2817 427 2904 475 καὶ
2926 418 3280 490 παιδεύοντος,
3311 429 3474 497 χαίρω
3501 419 3580 475 διὰ
3603 431 3673 482 τήν
3699 433 3815 496 φωνήν

562 521 703 585 tem,
737 514 975 586 gaudeo
1006 518 1246 584 propter
1283 511 1440 567 hanc
1467 511 1593 582 ejus
1636 526 1866 575 vocem,
1894 525 2031 584 quas
2071 508 2222 565 adeo

564 603 753 661 dulcis
783 608 886 669 est,
925 601 1078 659 adeo
1109 600 1338 669 efﬁcax,
1386 600 1538 657 adeo
1588 599 1888 657 salutaris.

635 783 796 836 Vers.
816 785 904 836 29.
947 781 1076 836 Hoc
1099 811 1157 820 —
1178 780 1485 850 impletum
1513 785 1616 836 est.
1644 779 1788 835 Cum
1821 778 1902 834 illi
1931 793 2222 850 sponsam

567 871 932 937 tradiderim,
957 887 1026 925 ac
1043 871 1436 926 commissum
1455 869 1598 924 mihi
1624 868 2041 933 ministerium,
2066 866 2224 922 utdi-

564 965 723 1016 ctum
737 967 848 1024 est,
868 958 1258 1032 impleverim.
1282 958 1364 1013 Illi
1398 974 1539 1029 ergo
1566 958 1861 1031 putabant
1889 962 2222 1030 praecepto-

562 1066 691 1106 rem
742 1067 922 1106 suum
976 1047 1481 1120 exasperandum,
1533 1055 1590 1103 et
1626 1047 1705 1103 ad
1776 1047 2223 1103 aemulationem

565 1139 924 1194 irritandum
957 1141 1125 1210 :ipse
1158 1154 1314 1202 vero,
1350 1154 1485 1192 cum
1517 1137 1800 1208 pragdicta
1847 1136 2088 1200 diceret,
2132 1150 2223 1190 os-

563 1228 768 1299 tendit,
803 1229 968 1300 quod
1002 1243 1121 1282 non
1155 1227 1347 1282 solum
1377 1243 1494 1281 non
1525 1227 1908 1282 aemularetur
1939 1241 2075 1280 eum
2119 1223 2222 1296 qui

564 1317 751 1387 gloria
779 1322 1104 1388 superaret,
1144 1317 1247 1371 sed
1284 1317 1568 1388 gauderet
1630 1318 1829 1388 potius
1879 1319 1940 1370 ut
1970 1315 2075 1387 qui
2105 1314 2222 1369 hoc

562 1413 962 1480 procurasset.
997 1405 1216 1464 Deinde
1239 1408 1416 1462 etiam
1459 1405 1530 1462 de
1559 1406 1756 1462 futuro
1775 1406 2114 1478 prophetat.

635 1587 798 1641 Vers.
825 1588 912 1641 30.
942 1585 1125 1641 Illum
1147 1617 1204 1625 —
1232 1583 1443 1640 minui.
1471 1584 1639 1640 Minui
1665 1601 1678 1640 :
1709 1583 2223 1657 quemadmodum

566 1673 778 1730 lucifer
812 1680 941 1729 orto
982 1673 1127 1730 sole.

634 1763 810 1820 Vides
839 1780 960 1836 quo
977 1768 1150 1834 pacto
1168 1763 1458 1836 paulatim
1474 1779 1539 1819 ac
1555 1762 1862 1832 ingeniose
1892 1761 2123 1818 illorum
2141 1762 2225 1817 in-
2260 1773 2302 1832 Β

563 1853 791 1909 vidiam
809 1854 1102 1917 cohibeat,
1118 1869 1186 1907 ac
1201 1852 1901 1924 iinpossibiliatentantes
1926 1852 2228 1908 ostendat?

561 1943 702 1999 Ideo
731 1944 890 1998 enim
922 1943 1118 1998 adhuc
1149 1959 1220 1997 eo
1249 1942 1483 1997 vivente
1515 1947 1571 1997 et
1600 1941 1938 2013 baptizante
1968 1941 2228 2014 disposi-

564 2037 692 2088 tum
719 2037 827 2098 est,
858 2037 920 2088 ut
945 2033 1023 2088 ita
1047 2032 1226 2099 fieret,
1254 2048 1370 2104 quo
1401 2031 1600 2102 ipsum
1632 2031 1992 2086 excellentiaa
2014 2031 2225 2088 Christi

563 2127 775 2178 testem
815 2123 1104 2177 haberent
1133 2122 1249 2176 ﬁde
1281 2120 1531 2193 dignum
1565 2121 1699 2176 etin
1730 2121 1893 2176 nullo
1932 2121 2230 2177 contradi-

566 2227 697 2268 cere
727 2215 970 2283 possent
1004 2228 1016 2266 :
1049 2211 1201 2267 unde
1229 2227 1338 2267 nec
1361 2227 1396 2267 a
1422 2210 1619 2282 seipso
1633 2211 1760 2266 haec
1785 2210 1949 2280 dixit,
1979 2211 2081 2267 sed
2110 2211 2224 2266 illis

569 2299 1037 2374 impellentibus.

637 2481 801 2536 Vers.
845 2484 934 2536 3t.
987 2479 1095 2548 Qui
1139 2511 1206 2520 —
1255 2487 1359 2536 est.
1421 2479 1528 2545 Qui
1581 2479 1836 2535 caelestis
1889 2485 1994 2545 est,
2036 2479 2229 2551 major

568 2569 852 2626 omnibus
887 2573 994 2637 est,
1047 2574 1103 2624 et
1161 2568 1295 2624 ideo
1349 2584 1460 2638 ego
1515 2585 1758 2642 quoque
1815 2570 2011 2624 minor
2065 2587 2224 2624 sum.

642 2658 735 2715 Vel
769 2658 937 2714 aliter
968 2658 1105 2725 :Qui
1127 2658 1377 2714 caelestis
1402 2664 1509 2725 est,
1539 2658 1701 2713 nullo
1741 2664 1892 2730 eget,
1943 2659 2093 2716 etita
2124 2675 2229 2714 nec

569 2765 705 2806 meo
736 2753 869 2821 eget
899 2747 1244 2805 testimonio
1276 2749 1401 2820 ipse
1436 2748 1549 2803 sibi
1581 2748 1902 2804 sufﬁciens.

638 2927 782 2982 Vers
813 2932 901 2983 3t.
943 2925 1054 2995 Qui
1083 2958 1151 2966 ——
1179 2935 1280 2982 est.
1317 2926 1484 2986 Sicut
1514 2925 1660 2981 illud
1691 2925 1765 2980 de
1806 2926 1925 2993 illo,
1959 2926 2040 2982 ita
2074 2934 2131 2984 et
2155 2927 2230 2982 is-

567 3015 676 3071 tud
705 3015 810 3088 (ee)
843 3015 1048 3072 deisto
1075 3015 1246 3083 dicit;
1277 3031 1414 3071 nam
1437 3015 1536 3087 qui
1568 3031 1598 3070 e
1635 3021 1787 3070 terra
1805 3015 2224 3088 proiectusest,

2332 510 2510 575 αὐτοῦ,
2543 515 2637 570 τὴν
2680 515 2816 564 οὕτω
2856 511 3118 584 γλυκεῖαν,
3158 515 3255 572 τὴν
3295 513 3450 575 οὕτως
3482 511 3727 585 ἐπέραστον,
3749 519 3811 572 τήν

2331 601 2465 652 οὕτω
2505 606 2761 676 σωτήριον
2773 643 2785 657 .

2403 778 2544 834 Αὕτη
2611 809 2681 818 -
2749 776 3104 851 πεπλήρωται.
3201 773 3514 850 Παραδόντος
3575 775 3714 847 iustae,»
3755 783 3819 835 τήν

2330 869 2556 940 νύμφην,
2612 871 2704 920 καὶ
2763 866 3175 940 πεπληρωκὸτος,
3233 869 3296 926 ὡς
3348 869 3548 941 εἶρηται,
3597 870 3670 924 τὴν
3707 865 3824 937 ἐγχει-

2331 952 2605 1032 ρισθεῖσαν
2652 975 2746 1028 μοι
2795 953 3087 1014 διακονίαν,
3151 958 3365 1010 Ἐκεῖνοι
3436 959 3518 1028 μὲν
3582 953 3654 1007 οὖν
3713 961 3823 1026 ᾤοντο

2331 1046 2668 1120 παρακνίζειν
2718 1049 2806 1099 τὸν
2873 1042 3196 1099 διδάσκαλον
3245 1045 3450 1111 ἑαυτῶν,
3502 1050 3581 1097 καὶ
3622 1044 3678 1107 εἰς
3721 1045 3826 1106 ζηλο-

2332 1139 2518 1187 τυπίαν
2565 1134 2830 1208 ἐρεθίζειν·
2866 1133 3017 1197 αὐτὸς
3072 1131 3151 1202 δὲ,
3191 1137 3258 1187 τὰ
3307 1135 3518 1209 ῥηθέντα
3555 1133 3697 1201 εἰπὼν,
3740 1130 3828 1186 ἔδει·

2335 1224 2410 1286 ξεν
2461 1225 2541 1276 ὅτι
2588 1224 2646 1275 οὐ
2696 1228 2848 1296 μόνον
2907 1223 2966 1276 οὗ
3017 1223 3303 1285 ζηλοτυποῖ
3364 1218 3825 1295 παρευδοκιμούμξνος,

2335 1312 2440 1364 ἀλλ’
2487 1316 2567 1365 ὅτι
2607 1318 2696 1365 καὶ
2743 1313 2928 1376 μᾶλλον
2979 1318 3183 1386 χαίρει,
3234 1318 3323 1365 καὶ
3353 1315 3429 1364 ὅτι
3465 1317 3546 1363 καὶ
3573 1312 3698 1371 αὐτὸς
3722 1319 3831 1363 τοῦτο

2335 1399 2679 1466 ἐσπούδαζεν.
2754 1400 2880 1458 Εἶτα
2933 1406 3247 1476 προφητεύει
3305 1407 3396 1455 καὶ
3463 1406 3570 1474 περὶ
3624 1409 3697 1453 τοῦ
3751 1401 3831 1471 μίλ-

2333 1494 2527 1556 λοντος.

2403 1585 2627 1637 Ἐκεῖνον
2675 1614 2743 1624 -
2802 1583 3162 1636 ἐλαττοῦσθαι.
3214 1581 3575 1636 Ἐλαττοῦσθαι
3622 1581 3691 1646 ὥς,
3733 1579 3835 1637 ἡλίου

2335 1671 2707 1742 ἀνατείλαντος,
2736 1673 3018 1746 ἑωσφόρον.

2407 1760 2557 1825 Εἶδες
2611 1771 2719 1826 πῶς
2776 1763 2947 1836 ἠρέμα
2988 1767 3080 1815 καὶ
3124 1761 3434 1835 εὐμηχάνως
3488 1764 3571 1816 τήν
3621 1758 3840 1832 βασκανίαν

2337 1853 2505 1906 αὐτῶν
2583 1852 2913 1925 ἐσωφρόνισε,
3014 1857 3104 1904 καὶ
3185 1848 3464 1912 ἀδυνάτοις
3535 1848 3844 1923 ἐπιχειροῦντας

2338 1941 2501 2007 ἔδειξε
2533 1960 2545 2011 ;
2581 1946 2674 1996 Διά
2735 1950 2886 1996 τοῦτο
2924 1945 3024 2019 γὰρ
3087 1947 3172 1994 καὶ
3215 1943 3539 2014 ᾠκονομήθη,
3593 1945 3657 1992 ἐτι
3703 1940 3842 1998 ζῶντος

2340 2035 2500 2086 αὐτοῦ
2547 2038 2637 2086 καὶ
2685 2031 3055 2106 βαπτίζοντος,
3103 2040 3270 2084 ταῦτα
3317 2032 3570 2103 γενέσθαι,
3621 2031 3690 2080 ἱνα
3733 2026 3842 2077 αὐτὸν

2341 2124 2642 2186 ἀξιόπιστον
2695 2125 2936 2197 μάρτυρα
2977 2131 3073 2185 τῆς
3125 2124 3399 2195 ὑπεροχῆς
3448 2124 3619 2192 ἔχωσι,
3665 2122 3735 2168 καὶ
3771 2134 3847 2187 μη·

2343 2209 2500 2286 δεμία
2569 2215 2769 2272 τούτοις
2837 2210 3104 2282 ἀντιλογία
3165 2210 3537 2285 περιλιιφθείη.
3607 2202 3722 2259 Οὐδὲ
3775 2206 3844 2274 γὰρ

2341 2301 2424 2374 ἀφ’
2510 2302 2693 2354 ἑαυτοῦ
2766 2308 2933 2355 ταῦτα
2993 2297 3147 2365 εἶπεν,
3219 2298 3326 2352 ἀλλ’
3404 2298 3590 2351 ἐκείνων
3649 2310 3851 2368 παρορμη-

2342 2393 2558 2446 σάντων.

2409 2482 2467 2534 '0
2499 2512 2564 2524 —
2594 2480 2750 2533 ἐστιν.
2785 2480 2845 2532 Ὀ
2877 2479 3174 2554 ἐπουράνιος
3197 2479 3394 2551 μείζων
3439 2479 3626 2530 πάντων
3663 2474 3768 2539 ἐστὶ,
3790 2466 3854 2524 διὰ

2340 2580 2491 2625 τοῦτο
2517 2573 2662 2642 κάγω
2691 2569 2911 2622 θάττων
2939 2569 3120 2625 αὐτοῦ.

2408 2661 2476 2714 Ἦ
2533 2666 2621 2712 καὶ
2671 2660 2871 2734 ἑτέρως·
2904 2660 2962 2713 '0
3003 2659 3307 2732 ἐπουράνιος
3368 2653 3652 2728 ἀπροσδεὴς
3703 2652 3854 2704 πάντων

2341 2751 2472 2817 ἐστὶ,
2515 2746 2607 2803 διὰ
2659 2757 2809 2802 τοῦτο
2857 2746 2982 2802 οὐδε
3025 2757 3114 2809 τῆς
3145 2747 3268 2821 ἐμῆς
3288 2743 3595 2823 προσδεῖται
3615 2744 3852 2816 μαρτυρίας,

2341 2840 2498 2900 αὐτὸς
2519 2839 2683 2910 ἑαυτῷ
2715 2837 2903 2913 ἀρκῶν.

2406 2928 2464 2981 '0
2543 2960 2608 2968 ——
2676 2931 2835 2980 ἐστίν.
2900 2927 3100 3000 Ὠσπερ
3150 2926 3310 2979 ἐκεῖνο
3372 2929 3485 3000 περί
3537 2923 3721 2988 ἐκείνου,
3763 2916 3857 2969 rite

2338 3023 2427 3071 καὶ
2476 3026 2627 3070 τοῦτο
2663 3023 2781 3092 περὶ
2821 3017 2932 3089 (47)
2995 3016 3180 3069 ἑαυτοῦ
3244 3013 3405 3087 λέγει,
3453 3017 3532 3067 ὅτι
3571 3011 3679 3064 όῶν
3723 3007 3765 3059 ἐκ
3791 3009 3858 3062 τῆς

569 3110 838 3162 terrenus
865 3111 972 3173 est,
1007 3104 1126 3160 sive
1157 3104 1398 3160 inferior
1429 3103 1851 3176 illo:siquidem
1885 3105 2101 3160 cmlum
2135 3122 2226 3161 su-

2340 3117 2438 3180 -γῆς
2483 3107 2536 3159 ἐκ
2579 3115 2674 3169 τῆς
2723 3115 2825 3179 γῆς
2873 3105 3036 3176 ἐστιν,
3088 3108 3250 3177 ἤγουν
3301 3107 3542 3157 ὑποκάτω
3589 3098 3860 3152 ἐκείναιᾸώ

3121 3194 3126 3195 ,
3475 3194 3479 3195 ν
3510 3192 3518 3195 .
3568 3192 3580 3195 -
3605 3193 3610 3195 .
3694 3189 3705 3195 Α
3779 3191 3794 3195 -
3828 3177 3850 3195 ι·

565 3212 823 3269 pernum
853 3199 939 3250 est
969 3199 1023 3250 et
1053 3194 1376 3258 excelsum,
1412 3201 1564 3250 terra
1591 3210 1732 3249 vero
1764 3194 1993 3250 inferna
2034 3200 2088 3249 et
2123 3194 2229 3250 hu-

567 3284 747 3342 milis.

639 3375 905 3430 Vers.3l.
937 3374 1008 3428 Et
1026 3374 1274 3429 deterra
1302 3374 1586 3444 loquitur.
1618 3371 2232 3445 Atquidivinaloque-

565 3464 761 3521 batur.
806 3463 920 3519 Sed
955 3463 1466 3536 quemadmodum
1499 3461 1760 3517 Christus
1799 3461 1859 3517 in
1890 3463 2234 3533 praeceden-

566 3553 728 3609 tibus
761 3553 939 3608 dixit:
971 3553 1039 3608 Si
1063 3557 1298 3607 terrena
1337 3551 1468 3607 dixi
1498 3551 1658 3608 vobis
1687 3558 1737 3607 et
1769 3567 1886 3606 non
1921 3551 2229 3617 creditis”,

564 3646 869 3698 terrenum
885 3657 1102 3696 vocans
1115 3641 1381 3695 divinam
1395 3641 2049 3710 regenerationemznon
2067 3641 2234 3713 quod

570 3735 804 3786 terrena
829 3735 1003 3795 esset,
1040 3729 1141 3784 sed
1173 3731 1229 3784 in
1245 3729 1692 3801 comparatione
1723 3735 1953 3785 aeternae
1984 3746 2232 3795 genera-

568 3819 744 3875 tionis
765 3836 906 3883 suaa,
926 3835 1059 3891 quae
1074 3834 1313 3874 omnem
1339 3835 1581 3874 sensum
1623 3835 1986 3891 omnemque
2007 3820 2235 3875 excedit

569 3907 934 3963 intellectum
961 3926 973 3961 :
1000 3907 1070 3962 ita
1096 3914 1151 3962 et
1168 3923 1326 3962 nunc
1339 3909 1600 3962 Joannes
1621 3909 1693 3963 de
1720 3913 1872 3964 terra
1890 3909 2124 3981 seloqui
2148 3909 2234 3964 di-

571 3997 668 4067 cit,
685 3998 742 4052 in
761 3997 1209 4069 comparatione
1232 3997 1769 4068 supernaturalium
1789 3997 2000 4053 Christi
2018 4014 2234 4054 sermo-

570 4102 717 4143 num
751 4103 764 4143 :
799 4086 1116 4143 ostendens
1148 4103 1256 4141 sua
1283 4103 1410 4142 esse
1451 4101 1639 4158 parva
1679 4103 1748 4142 ac
1779 4087 1939 4150 vilia,
1982 4087 2032 4142 si
2063 4088 2132 4142 ad
2163 4103 2235 4144 ea

568 4192 705 4250 quae
733 4176 888 4232 illius
919 4179 1105 4242 erant,
1155 4175 1551 4231 conferantur.
1607 4179 1754 4231 Nam
1797 4177 1948 4231 sicut
1978 4192 2082 4247 per
2113 4192 2235 4231 co:-

567 4266 694 4322 lum
721 4265 1019 4336 signiﬁcat
1049 4266 1372 4334 excelsum,
1409 4265 1488 4320 ita
1514 4281 1618 4337 per
1647 4271 1859 4320 terram
1884 4265 2232 4337 depressum

569 4372 640 4412 ac
679 4356 915 4413 humile.

640 4446 803 4512 Vers,
845 4447 934 4500 31.
962 4444 1070 4512 Qui
1100 4475 1169 4484 —
1206 4450 1299 4498 est.
1344 4443 1505 4498 Idem
1536 4458 1776 4497 rursum
1808 4443 1964 4510 dicit,
2009 4459 2229 4500 sermo-

570 4549 710 4588 nem
751 4535 1142 4590 conﬁrmans.

639 4623 800 4680 Vers.
832 4626 918 4677 32.
944 4624 1015 4677 Et
1049 4655 1116 4663 —
1171 4627 1496 4678 attestatur.
1540 4621 1970 4691 Metaphoricus
2032 4639 2228 4679 sermo

570 4713 659 4764 est
690 4709 767 4764 ab
794 4711 907 4770 his.
936 4711 1038 4782 qui
1071 4727 1138 4765 ea
1176 4727 1311 4783 quae
1341 4709 1746 4775 testiﬁcantur,
1778 4711 1906 4765 visu
1938 4715 1993 4766 et
2023 4711 2226 4768 auditu

567 4805 936 4870 acceperunt.
973 4799 1172 4871 Neque
1195 4801 1350 4854 enim
1376 4800 1482 4870 ipsi
1520 4816 1671 4870 opus
1703 4805 1826 4854 erat
1869 4800 2223 4868 cognitione,

566 4903 702 4958 quae
733 4905 767 4942 a
799 4888 926 4942 visu
967 4888 1054 4944 vel
1085 4889 1292 4944 auditu
1323 4888 1683 4960 procederet,
1722 4905 1858 4943 cum
1883 4896 2093 4946 natura
2117 4889 2228 4946 sci-

567 4980 654 5032 ret
684 4976 907 5045 omnia,
934 4982 1135 5049 utpote
1166 4977 1459 5049 perfectus
1503 4979 1677 5042 Deus,
1727 4978 1832 5050 qui
1872 4979 2038 5033 nullo
2078 4978 2228 5034 indi-

569 5070 665 5136 get
695 5067 799 5120 sed
827 5065 968 5139 quia
997 5065 1258 5138 perfecta
1287 5066 1347 5123 in
1369 5066 1546 5123 nobis
1574 5068 1833 5137 cognitio
1865 5067 1942 5124 ab
1972 5069 2065 5124 his
2095 5084 2228 5141 pro-

567 5154 824 5221 ducitur,
848 5161 1027 5229 atque
1048 5155 1216 5212 illum
1227 5157 1249 5230 j
1263 5156 1499 5212 udicam
1510 5173 1575 5212 us
1593 5155 1710 5211 ﬁde
1723 5155 1995 5226 dignum,
2012 5158 2115 5230 qui
2134 5175 2221 5227 ea,

566 5244 641 5300 de
679 5245 900 5316 quibus
938 5243 1304 5314 testificatur,
1327 5245 1459 5301 visu
1489 5245 1719 5319 accepit
1749 5245 1841 5302 vel
1868 5246 2078 5304 auditu
2107 5264 2121 5304 :
2151 5248 2227 5304 ab

641 5452 691 5488 ⁸⁸
715 5451 882 5508 Joan.
923 5468 980 5518 ι,
1023 5453 1077 5518 8,
1113 5454 1196 5508 l2.

2338 3177 2438 3272 λγὰρ
2495 3201 2582 3248 καὶ
2634 3197 2658 3248 ὁ
2713 3177 2928 3272 οὐρανὸς
2966 3199 3056 3268 μὲν
3112 3194 3281 3248 ὖπάνω
3325 3199 3416 3253 καὶ
3461 3192 3660 3264 ὑψηλὸς,
3688 3189 3711 3245 ἡ
3743 3177 3861 3257 7510'!

2340 3287 2583 3338 ὑποκάτω
2613 3291 2702 3337 καὶ
2729 3291 2958 3344 ταπεινή.

2416 3379 2515 3428 Καὶ
2567 3374 2620 3427 ἐκ
2669 3383 2761 3437 τῆς
2790 3383 2888 3446 γῆς
2931 3374 3088 3428 λαλεῖ.
3144 3377 3245 3427 Καὶ
3295 3378 3400 3446 μὴν
3444 3374 3552 3424 θεῖα
3590 3367 3746 3420 itaita“
3789 3357 3865 3411 ξύλ’

2342 3467 2516 3537 ὥσπερ
2577 3465 2601 3515 ὁ
2653 3468 2888 3538 Χριστὸς
2964 3461 3236 3539 προλαϐὼν
3289 3466 3509 3538 εἴρηκεν·
3573 3458 3625 3511 Ei
3685 3456 3739 3506 τὰ
3785 3449 3868 3502 ἐπὶ·

2342 3573 2460 3625 γιια
2545 3550 2683 3606 εἷπον
2743 3555 2884 3625 ὑμῖν,
2955 3558 3043 3606 καὶ
3105 3552 3163 3604 οὗ
3230 3555 3522 3604 πιστεύετε·
3571 3546 3761 3616 ἐπίγειον
3810 3540 3866 3588 Ai-

2343 3663 2446 3714 γων
2516 3647 2610 3701 τὴν
2677 3645 2813 3695 θείαν
2887 3641 3240 3714 ἀναγέννησιν·
3322 3639 3419 3693 οὐκ
3476 3632 3642 3694 ὶπιιδὴ
3705 3631 3871 3699 ἐπίγειος

2345 3728 2428 3798 ἦν,
2484 3730 2610 3783 ἀ).λά
2650 3735 2780 3807 πρὸς
2834 3734 3112 3807 σύγκρισιν
3173 3738 3266 3792 τῆς
3317 3731 3624 3803 προαιωνίου
3655 3726 3730 3773 καὶ
3776 3719 3866 3784 ὑπὲρ

2343 3827 2459 3872 νοῦν
2511 3825 2600 3872 καὶ
2651 3820 2801 3892 λόγον
2852 3826 3138 3892 ’γεννήσεως
3207 3819 3394 3871 αὐτοῦ·
3450 3817 3581 3870 οὕτω
3631 3815 3707 3864 καὶ
3750 3813 3816 3860 νῦν
3853 3821 3870 3852 ο

2351 3910 2593 3972 Ἰωάννης
2643 3908 2694 3961 ἔκ
2750 3918 2844 3972 τῆς
2873 3918 2968 3982 γῆς
3018 3909 3186 3962 λαὶ-εἰν
3245 3908 3428 3961 ἑαυτὸν
3471 3907 3600 3976 λέγει
3638 3904 3748 3975 πρὸς
3782 3913 3870 3961 6"-‘7‘

2344 4019 2519 4074 κρισιν
2548 4009 2646 4051 τῶν
2668 4001 2937 4074 ὑπερφυῶν
2981 3999 3146 4071 λόγων
3187 4006 3280 4050 τοῦ
3311 4003 3566 4073 Χριστοῦ,
3589 3989 3794 4046 δεικνύων
3816 4000 3869 4035 ῡτι

2345 4092 2409 4141 τὰ
2441 4089 2624 4140 ἑαυτοῦ
2643 4091 2806 4162 μικρὰ
2831 4093 2918 4141 καὶ
2945 4088 3119 4146 εὐτελῆ
3143 4095 3254 4149 τοῖς
3279 4086 3476 4140 ἐκείνου
3498 4079 3864 4158 παραϐαλλόμινι

2348 4181 2589 4252 Καθάπερ
2641 4181 2742 4253 γάρ
2799 4174 2891 4230 διὰ
2929 4185 3019 4230 τοῦ
3073 4177 3294 4250 οὐρανοῦ
3344 4181 3405 4230 τὸ
3457 4173 3645 4247 ὑψηλὸν
3680 4168 3866 4242 ξδ’-φαίη)

2345 4268 2480 4320 οὕτω
2510 4273 2598 4320 καὶ
2627 4264 2720 4320 διὰ
2745 4276 2835 4329 τῆς
2864 4275 2966 4340 γῆς
2995 4269 3053 4320 τὸ
3075 4271 3338 4321 ταπεινὸν.

2413 4446 2472 4498 Ὀ
2520 4477 2588 4486 —
2651 4444 2786 4498 ἔστί.
2843 4448 2912 4498 Τὸ
2970 4445 3096 4498 αὐτὸ
3152 4444 3290 4516 λέγει
3339 4443 3520 4506 πάλιν,
3566 4438 3759 4513 βεϐαιῶν
3810 4431 3867 4480 τὼ

2265 4501 2309 4555 D
2341 4535 2514 4607 λόγον.

2415 4629 2512 4677 Καὶ
2573 4652 2628 4665 -
2691 4631 2960 4698 μαρτυρεῖ.
3017 4626 3375 4697 Μεταφορικός
3423 4624 3450 4674 ὀ
3494 4622 3638 4692 λόγος
3690 4613 3772 4665 ἀπὸ

2339 4714 2454 4785 ὄφει
2509 4717 2596 4765 καὶ
2677 4711 2803 4785 ἀκοῇ
2880 4711 3302 4786 παραλαϐόντων,
3357 4711 3394 4763 ἃ
3437 4712 3774 4784 μαρτυροῦσιν.
3811 4701 3862 4745 θλ

2336 4807 2434 4875 Ἱάρ
2488 4803 2638 4863 αὐτὸς
2696 4799 2859 4854 ἐδεῖτο
2911 4807 3172 4874 γνώσεως,
3220 4810 3316 4862 τῆς
3364 4800 3420 4864 ἐξ
3447 4801 3665 4874 ὁράσεως
3696 4795 3720 4850 ξ
3752 4789 3867 4840 ἐκοῧέ

2338 4891 2681 4964 ἐγγινομένης,
2745 4894 2896 4964 φύσει
2962 4893 3132 4943 πάντα
3189 4887 3366 4954 εἰδώς,
3430 4892 3497 4950 ὡς
3555 4881 3764 4939 ἀνενδεὴς
3806 4890 3865 4922 ιιι

2337 4961 2524 5044 τέλειος
2598 4961 2760 5043 Θεὸς(
2824 4979 2930 5032 ἀλλ’
3025 4975 3304 5052 ἐπειδήπερ
3393 4979 3522 5051 ἡμῖν
3603 4977 3632 5034 ἡ
3706 4961 3864 5038 ἄκριεὲς

2335 5079 2524 5143 γνῶσις
2583 5070 2639 5123 ἐκ
2695 5073 2886 5122 τούτων
2932 5069 3206 5141 ἐγγίνεται,
3265 5074 3358 5120 καὶ
3424 5067 3705 5130 ἀξιόπιστον
3746 5057 3862 5128 κρίκε

2336 5180 2426 5233 μεν
2465 5164 2551 5212 τὸν
2603 5160 2634 5219 ἦ
2677 5158 2792 5230 ὄψει
2827 5159 2855 5218 ἦ
2904 5157 3030 5232 ἀκοῇ
3077 5155 3479 5232 παραλαϐόντα,
3528 5159 3637 5228 περὶ
3663 5149 3716 5202 ὧν
3746 5143 3862 5207 ἐστίν

2334 5249 2521 5323 γεἏλεὶ,
2578 5247 2679 5302 ἀπὸ
2733 5257 2832 5302 τῶν
2885 5249 3007 5324 παρ’
3083 5249 3209 5320 ἡμῖν
3280 5254 3376 5302 καὶ
3438 5249 3506 5300 τὰ
3570 5245 3675 5315 περὶ
3726 5236 3858 5288 éxsim

1793 5581 2015 5650 Variae
2051 5581 2384 5650 lectiones
2423 5590 2489 5650 et
2526 5590 2731 5649 notae.

641 5731 758 5804 (47)
799 5735 924 5808 Περὶ
955 5730 1116 5784 αὐτοῦ
1156 5733 1227 5788 Α.
