4038 6226
154 328 266 384 1181

151 458 408 507 πιστοῦται.
462 446 624 501 Εὶπων
676 443 833 515 οὖν,ὃ
886 446 1077 521 ἑώρακε
1101 451 1191 500 καὶ
1228 447 1254 499 ὃ
1284 450 1501 517 ἤκουσε,
1544 454 1696 499 τοῦτο
1731 446 1778 501 Α

149 546 368 617 μαρτυρεῖ
392 553 406 568 ⁸
432 544 675 598 ταπεινῶς
730 540 819 610 μὲν
873 531 981 589 εἷπε
1039 532 1133 589 διὰ
1160 540 1252 595 τὴν
1297 534 1564 589 ἀσθένειαν
1597 544 1696 589 τῶν

148 632 441 706 ἀκροωμένων
480 642 492 656 ·
523 621 673 679 οὐδὲν
718 622 777 679 δέ
804 627 972 701 ἕτερον
1020 633 1153 679 εἶπεν
1192 626 1222 685 ἢ
1258 627 1339 678 ὅτι
1367 624 1531 685 ἀληθῆ
1566 644 1697 699 μαρ-

146 725 285 795 τυρεῖ.
317 720 407 771 Καὶ
432 717 526 791 γὰρ
561 719 651 767 καὶ
680 714 796 787 (48)
828 716 998 788 ἡμεῖς,
1057 716 1177 767 ὅταν
1216 714 1329 786 (49)
1359 714 1577 787 θέλωμεν
1610 711 1696 786 βε-

148 806 341 860 ϐαιῶσαι
365 809 472 879 περί
495 824 627 866 τινος
658 806 738 857 ὅτι
761 803 925 863 ἀληθῆ
959 804 1113 876 λέγει,
1148 807 1308 878 φαμὲν
1340 805 1418 856 ὅτι
1450 802 1476 856 ὂ
1502 802 1696 877 ἑώρακε

144 901 218 950 καὶ
242 896 343 969 (50)
368 895 571 962 ἢκουσε,
593 900 745 947 τοῦτο
763 901 1039 971 μαρτυρεῖ.

200 1073 373 1127 Λοιπὸν
416 1066 522 1139 οὖν,
604 1071 725 1124 ὅταν
780 1068 975 1146 ἀκούῃς
1026 1076 1114 1126 καὶ
1179 1070 1341 1124 αὐτοῦ
1403 1069 1637 1143 λέγοντος
1678 1087 1692 1103 ·

145 1163 300 1225 Καθὼς
325 1159 502 1232 ἀκούω,
536 1164 695 1236 κρίνω
722 1178 735 1191 ·
761 1165 845 1215 καὶ
886 1160 1038 1215 πάλιν
1066 1179 1079 1192 θ
1111 1160 1170 1214 Ἦ
1218 1159 1312 1235 ἐμὴ
1356 1156 1391 1213 δ
1397 1156 1567 1234 ιδαχὴ
1601 1158 1696 1213 οὐκ

142 1252 257 1303 ἔστιν
283 1247 390 1323 ἕμὴ,
439 1248 568 1302 ἀλλά
614 1256 706 1302 τοῦ
748 1248 1046 1322 πέμψαντός
1097 1269 1161 1323 με
1204 1266 1217 1280 ⁸
1275 1254 1366 1302 καὶ
1410 1246 1562 1311 αὖθις
1594 1255 1692 1304 "A

143 1344 314 1398 ἥκουσα
334 1339 452 1411 παρ’
474 1338 655 1405 αὐτοῦ,
712 1346 878 1392 ταῦτα
913 1338 1044 1412 λέγω
1076 1339 1145 1402 εἰς
1185 1343 1272 1392 τόν
1328 1343 1545 1412 κόσμον,
1605 1342 1696 1391 καὶ

142 1431 224 1482 ὅσα
278 1435 479 1481 τοιαῦτα
512 1445 526 1458 ·
576 1433 802 1500 γίνωσκε
853 1430 934 1481 ὅτι
986 1429 1320 1503 οἰκονομικῶς
1365 1431 1431 1481 τά
1478 1429 1697 1483 τοιαῦτά

142 1536 290 1591 φησιν,
321 1518 397 1569 ἶνα
421 1520 575 1589 μόνον
597 1513 725 1591 δόξῃ
763 1515 928 1576 ἀληθῆ
963 1516 1149 1589 λέγειν,
1191 1514 1286 1570 διὰ
1310 1520 1369 1570 τὸ
1414 1521 1572 1590 μήπω
1601 1522 1695 1577 τὴν

139 1611 467 1680 προσήκουσαν
517 1610 638 1682 περὶ
691 1606 848 1660 αὐτοῦ
904 1601 1063 1669 δόξαν
1116 1609 1257 1680 ἔχειν
1314 1610 1435 1669 τοὺς
1507 1604 1695 1680 ἀκροα-

138 1715 229 1757 τας.

198 1790 282 1838 Και
316 1816 379 1825 -
423 1782 695 1859 λαμϐάνει.
745 1781 939 1848 Οὐδεὶς
988 1793 1087 1837 τῶν
1134 1783 1511 1840 ἀπιστούντων.
1535 1793 1697 1840 Τοῦτο
1734 1804 1777 1864 Β

138 1869 185 1925 ὄε
210 1877 310 1947 περὶ
327 1881 421 1926 τῶν
446 1872 780 1933 ἀναισθήτων
807 1871 1077 1927 Ἰουδαίων
1126 1877 1323 1951 εἴρηκεν
1354 1876 1380 1926 ὁ
1412 1875 1651 1938 Ἰωάννης
1679 1891 1693 1905 ⁸

138 1961 369 2037 ἐξαιρέτως
388 1959 445 2016 δε
468 1967 591 2038 περὶ
628 1971 727 2017 τῶν
759 1962 945 2017 ἑαυτοῦ
973 1966 1243 2037 μαθητῶν,
1283 1973 1383 2019 τῶν
1428 1965 1527 2017 ὑπό
1554 1965 1695 2038 φιλο-

137 2047 286 2114 δοξίας
319 2057 402 2106 καὶ
441 2050 745 2126 βασκανίας
791 2053 1130 2129 παρακνίζειν
1179 2054 1336 2106 αὐτόν
1370 2052 1696 2131 ἐπιχειρούν-

135 2159 231 2193 των.

188 2235 236 2281 '0
260 2228 414 2283 λαϐὼν
442 2262 512 2272 -
544 2229 678 2287 ἔστί.
714 2231 1081 2305 Ἐσφροίγίσεν,
1135 2235 1301 2305 ἤγουν
1365 2230 1691 2305 ὶϐεϐαίωσεν,

133 2313 288 2382 ἔδειξεν
305 2320 424 2373 ὅτιό
454 2324 637 2396 Πατὴρ
674 2319 863 2384 ἀληθής
893 2323 1055 2378 ἐστιν.
1128 2320 1258 2375 Εἶτα
1310 2323 1695 2384 κατασκευάζει

134 2409 178 2458 τὸ
205 2408 359 2482 ῥηθέν.

186 2496 264 2549 Ὃν
280 2500 371 2573 γὰρ
398 2531 464 2541 -
503 2498 676 2557 λαλεῖ.
738 2499 882 2554 Ἐπεὶ
923 2503 1048 2577 γὰρ,
1090 2499 1472 2575 ἀπεσταλμένος
1510 2507 1599 2574 ὧν,
1627 2507 1694 2557 τὰ

130 2585 307 2658 ῥύματα
324 2596 411 2640 τοῦ
441 2596 583 2643 Θεοῦ
607 2588 767 2656 λαλεῖ,
808 2589 986 2643 λοιπόν
1017 2592 1043 2643 ὁ
1082 2594 1172 2664 μὶν
1197 2590 1365 2644 λαϐὼν
1409 2591 1567 2645 αὐτοῦ
1597 2597 1692 2653 τὴν

130 2681 382 2751 μαρτυρίαν
408 2683 499 2731 καὶ
532 2681 797 2732 πιστεύων
838 2678 980 2752 αὐτῷ
1028 2678 1353 2744 ἐϐεϐαίωσεν,
1396 2676 1585 2744 ἔδειξεν
1616 2684 1693 2735 ὅτι

131 2763 284 2827 ὁθεός
325 2763 517 2829 ἀληθής
546 2766 705 2838 ἔστιν,
740 2768 765 2820 ό
793 2765 1100 2830 ἀποστείλας
1141 2768 1316 2833 αὐτόν,
1342 2764 1541 2831 οὗτινός
1592 2770 1693 2824 εἰσι

128 2854 181 2902 τὰ
202 2852 396 2926 ῥήματα
424 2853 458 2908 ἁ
484 2855 639 2909 λοιλεί
664 2873 677 2888 ⁶
713 2859 738 2909 ὁ
775 2854 834 2911 δι
880 2861 953 2931 μὴ
998 2855 1167 2910 λαϐὼν
1198 2857 1376 2925 αὐτὴν,
1405 2864 1494 2912 καὶ
1526 2858 1692 2912 ἀπισ-

127 2948 207 2990 τῶν
228 2942 374 3015 αὐτῷ,
398 2944 700 2998 τούναντίον
726 2953 882 3013 ποιεῖ,
914 2950 1004 3000 καὶ
1029 2942 1180 3000 οὐδὲν
1214 2948 1380 3022 ἕτερον
1421 2947 1449 3007 ἦ
1484 2945 1695 3023 προδή-

125 3029 205 3093 λως
232 3034 491 3106 θεομαχεῖ.

190 3207 309 3286 Ὀρα
346 3221 451 3277 πῶς
505 3214 703 3278 αὐτοὺς
756 3213 980 3269 ἐντεῦθεν
1034 3213 1255 3289 ἐφόϐησε
1278 3215 1694 3281 καὶκατέπληξε,
1728 3164 1769 3221 C

131 3301 358 3370 μαθόντας
420 3305 503 3359 ὅτι
555 3304 583 3357 ὀ
636 3306 944 3381 παρακούων
1021 3306 1181 3358 αὑτοῦ
1259 3306 1543 3377 παρακούει
1607 3313 1698 3358 τοῦ

133 3396 244 3441 Θεοῦ
268 3396 353 3444 τόῦ
402 3391 711 3467 πέμψαντος
767 3394 942 3448 αὐτόν.
992 3392 1170 3457 Δείξας
1217 3399 1384 3447 τοίνυν
1452 3399 1544 3453 τὴν
1621 3392 1701 3448 δι-

132 3473 391 3534 δασκαλίαν
448 3483 613 3537 αὐτοῦ
685 3480 987 3547 ἀξιόπιστον
1036 3482 1137 3536 ἀπὸ
1192 3490 1283 3536 τοῦ
1336 3486 1558 3558 Πατρός,
1593 3479 1697 3537 δεί-

130 3585 283 3621 κνυσιν
310 3570 469 3631 αὐτὴν
536 3570 841 3637 ἀξιόπιστον
889 3576 978 3626 καὶ
1030 3572 1131 3626 ἀπὸ
1161 3580 1252 3626 τοῦ
1282 3571 1438 3647 ἀγίου
1472 3576 1703 3648 Πνεύμα-

128 3674 214 3717 τος.

185 3745 251 3798 Οὐ
284 3779 347 3790 -
377 3756 615 3824 Πνεῦμα.
673 3749 748 3803 Ou'
803 3754 1190 3827 μεμετρημένην
1244 3747 1467 3805 δίδωσιν
1513 3754 1699 3825 αὐτ·ῷό

129 3836 280 3911 Πατήρ
309 3842 399 3898 τήν
428 3847 525 3893 τοῦ
553 3841 848 3913 Πνεύματος
870 3838 1138 3913 ἐνέργειαν,
1172 3841 1345 3916 ὥσπερ
1372 3848 1478 3903 τοῖς
1524 3843 1697 3907 ἄλλοις

127 3918 399 3993 ἀγίοις,ἀλλ’
421 3926 715 4004 ἆμίτρητον
746 3930 859 4002 ἔχει
879 3931 1073 3987 ταύτην
1104 3934 1192 3982 καὶ
1224 3929 1364 3997 ὅλην,
1388 3934 1452 3993 ὡς
1473 3933 1696 4006 ὁμοφυῆ.

124 4016 303 4087 Πνεῦμα
319 4019 419 4092 γὰρ
449 4026 543 4071 νῦν
571 4018 707 4091 λέγει
733 4023 825 4077 τὴν
859 4025 951 4071 τοῦ
986 4021 1275 4093 πνεύματος
1322 4018 1596 4096 ἐνέργειαν.
1623 4026 1693 4074 Τό

127 4106 306 4176 Πνεῦμα
457 4112 569 4183 γὰρ
625 4106 904 4181 ἀμέτρητον
933 4146 947 4160 .
981 4109 1010 4167 ἡ
1044 4107 1270 4182 ἐνέργεια
1327 4105 1386 4162 δε
1421 4109 1580 4161 αὑτοῦ
1609 4128 1697 4182 με·

122 4199 293 4265 τρεῖται
320 4202 409 4251 καὶ
444 4195 754 4271 διανέμεται
808 4196 924 4252 κατ’
974 4196 1122 4262 ἀξιαν
1186 4206 1287 4251 τῶν
1336 4196 1697 4272 λαμϐανόντων

121 4286 277 4340 αὐτὴν,

173 4453 367 4523 Ἐδειξε
418 4458 482 4515 δί
563 4465 659 4520 τὴν
741 4457 1096 4515 διδασκαλίαν
1158 4460 1319 4515 αὐτοῦ
1392 4459 1693 4525 ἀξιόπιστον

119 4542 205 4596 ἀπὸ
256 4556 343 4601 τοῦ
377 4552 588 4626 Πατρός
625 4555 716 4603 καὶ
753 4559 845 4604 του
901 4550 1054 4623 ἀγίου
1116 4555 1429 4625 Πνεύματος,
1482 4551 1586 4623 οὐχ
1632 4553 1696 4613 ὡς

117 4627 336 4707 δεομένου
384 4648 485 4702 τῆς
538 4638 727 4694 ἐκεῖθεν
789 4639 1118 4704 ἀξιοπιστίας
1150 4659 1161 4670 ·
1196 4640 1342 4715 ἀρκεῖ
1385 4644 1488 4715 γὰρ
1541 4641 1698 4703 αὐτὸς
1729 4631 1770 4685 D

116 4734 396 4797 εαυτῷ,τῆς
426 4730 594 4791 αὐτῆς
636 4730 814 4791 αὐτοῖς
865 4731 933 4782 ὢν
975 4733 1175 4803 φύσεως
1227 4736 1317 4783 καὶ
1357 4729 1505 4794 ἀξίας
1538 4750 1550 4763 ο
1587 4730 1696 4782 ἀλλ’

111 4809 272 4876 ἐπειδὴ
318 4822 411 4871 τόν
448 4823 546 4893 μὶν
605 4824 809 4895 Πατέρα
859 4818 1157 4892 ἐγίνωσκον,
1211 4825 1301 4873 καὶ
1346 4822 1424 4873 ὅτι
1485 4822 1693 4892 Πνεῦμα

112 4910 235 4957 ἐστιν
279 4907 598 4979 ἠπίσταντο,
646 4912 733 4963 τόν
786 4912 905 4963 Υἰόν
963 4906 1022 4963 δε
1079 4910 1320 4982 ἠγνόουν,
1354 4908 1443 4963 ἀπ’
1493 4909 1694 4963 ἐκείνων

1145 318 1510 377 COMMENT.
1552 321 1624 377 IN
1660 302 2004 378 JOANNEM.
2043 353 2111 361 -
2141 319 2296 378 CAP.
2340 320 2441 377 III.

3338 308 3481 375 1182

1808 446 1898 502 his
1924 462 2059 520 quas
2088 446 2243 520 apud
2275 462 2385 503 nos
2416 452 2576 512 sunt,
2600 447 2953 519 comprobat
2972 445 3151 502 etiam
3171 460 3309 520 quae
3335 447 3478 500 sunt

1805 534 1981 591 illius.
2014 534 2224 592 Diceus
2261 551 2423 608 ergo,
2484 535 2656 604 Quod
2708 534 2873 602 vidit,
2903 535 3191 608 quodque
3218 532 3471 599 audivit,

1806 624 1920 680 hoc
1946 629 2255 682 attestatur
2272 642 2285 681 :
2302 625 2513 681 humili
2536 626 2719 682 modo
2736 630 2977 698 propter
2997 623 3339 680 auditorum
3363 622 3475 678 im-

1807 713 2180 770 becillitatem
2210 713 2439 773 locutus
2468 718 2580 783 est,
2612 731 2819 770 verum
2879 712 3025 770 nihil
3077 710 3241 769 aliud
3280 710 3473 767 innuit

1803 818 1991 875 quam
2013 803 2061 859 si
2078 804 2320 860 dixisset
2352 821 2365 860 :
2396 805 2545 861 Vera
2564 800 3249 876 testiﬁcatur.Siquidem
3269 799 3470 855 volen-

1806 898 1891 949 tes
1914 892 1989 950 de
2018 893 2220 966 aliquo
2241 893 2554 960 afﬁrmare,
2579 893 2744 967 quod
2764 909 2903 950 vera
2920 893 3097 962 dicat,
3115 890 3470 957 asserimus,

1805 996 1946 1039 eum
1975 980 2037 1039 id
2067 981 2382 1054 testiﬁcari,
2411 982 2578 1056 quod
2606 981 2754 1039 vidit
2779 988 2835 1038 et
2871 982 3115 1038 audivit.

1875 1071 2128 1134 Quando
2160 1071 2334 1141 Igitur
2363 1071 2562 1144 ipsum
2606 1069 2869 1127 audieris
2914 1069 3259 1126 dicentem:
3302 1068 3469 1124 Sicut

1805 1162 1985 1219 audio
1998 1161 2210 1232 Judico
2229 1162 2360 1229 ";et
2376 1160 2780 1217 rursuszea
2791 1158 3068 1216 doctrina
3086 1174 3204 1213 non
3220 1163 3303 1215 est
3319 1170 3469 1222 mea,

1804 1252 1907 1309 sed
1933 1252 2061 1321 ejus
2081 1251 2187 1324 qui
2214 1248 2371 1306 misit
2401 1265 2493 1306 me
2512 1249 2560 1285 ⁸³
2595 1265 2608 1316 ;
2637 1255 2693 1305 et
2722 1250 2935 1304 iterum
2962 1248 3134 1312 :Qua:
3164 1246 3371 1303 audivi
3395 1244 3472 1301 ab

1805 1355 1869 1398 eo
1900 1340 2028 1397 haec
2051 1341 2261 1411 loquor
2287 1338 2351 1396 in
2377 1338 2668 1395 mundum
2709 1336 2782 1405 “,
2824 1341 2881 1393 et
2923 1350 3301 1408 quascunque
3334 1336 3475 1389 sunt

1808 1429 2047 1499 similia,
2081 1429 2230 1484 scito
2270 1428 2409 1485 talia
2438 1426 2871 1499 dispensatorie
2902 1425 3144 1489 dixisse,
3180 1422 3376 1478 solum
3409 1426 3474 1478 ut.

1809 1518 2081 1576 videatur
2109 1533 2247 1574 vera
2261 1516 2564 1583 dicere,eo
2594 1514 2759 1589 quod
2790 1526 3121 1585 congruam
3145 1510 3221 1569 de
3246 1526 3317 1567 eo
3343 1510 3472 1583 opi-

1809 1609 2044 1664 nionem
2077 1607 2351 1664 nondum
2380 1606 2673 1663 haberent
2702 1603 3019 1662 auditores.

1876 1787 2043 1844 Vers.
2063 1791 2149 1844 32.
2175 1787 2248 1842 Et
2275 1818 2344 1829 —
2364 1785 2603 1855 accipit.
2635 1784 2836 1841 Nullus
2856 1781 3214 1839 inﬁdelium.
3244 1780 3363 1836 Hoc
3396 1794 3475 1836 au

1807 1883 1924 1934 tem
1946 1877 2020 1934 de
2049 1876 2363 1932 insensatis
2388 1874 2611 1931 Judmis
2652 1872 2802 1930 dixit
2827 1875 3111 1936 Joannes,
3150 1870 3473 1943 prmsertim

1808 1973 2009 2023 autem
2031 1966 2105 2021 de
2127 1964 2428 2038 discipulis
2448 1964 2592 2029 suis,
2617 1963 2717 2034 qui
2754 1978 2894 2019 eum
2920 1962 2980 2017 in
3006 1959 3389 2017 ambitionem
3416 1963 3473 2014 et

1808 2049 2099 2112 invidiam
2125 2053 2429 2127 impellere
2460 2052 2858 2110 conabantur.

1877 2234 2043 2291 Vers.
2072 2233 2160 2290 33.
2214 2233 2326 2302 Qui
2372 2232 2599 2302 accepit
2649 2262 2718 2272 —
2760 2231 2858 2285 sit.
2907 2227 3276 2297 Obsignavit,
3346 2223 3473 2282 sive

1806 2323 2205 2389 conﬁrmavit,
2247 2320 2703 2387 demonstravit,
2754 2318 2920 2393 quod
2960 2320 3129 2373 Pater
3160 2331 3326 2372 verax
3367 2313 3468 2370 sit.

1805 2412 2027 2469 Deinde
2058 2411 2215 2485 quod
2238 2411 2462 2467 dictum
2490 2415 2596 2477 est,
2633 2408 2867 2482 probat.

1873 2502 2038 2558 Vers.
2068 2505 2157 2558 3i.
2190 2501 2248 2556 Is
2273 2502 2421 2557 enim
2451 2516 2621 2572 quem
2644 2531 2712 2540 —
2739 2498 3025 2570 loquitur.
3051 2491 3472 2568 Siquidem(ee)

1803 2607 1871 2648 ex
1904 2607 2021 2664 quo
2061 2593 2109 2646 is
2155 2592 2255 2663 qui
2289 2589 2505 2645 missus
2532 2595 2640 2653 est,
2667 2588 2848 2643 verba
2884 2588 2983 2642 Dei
3014 2584 3295 2658 loquitur,
3328 2597 3467 2636 con-

1802 2696 2060 2754 sequens
2091 2687 2178 2735 est
2235 2685 2295 2736 ut
2346 2679 2447 2751 qui
2508 2679 2909 2734 testimonium
2966 2677 3095 2746 ejus
3144 2670 3467 2743 sumpserit

1801 2769 1972 2842 eique
2013 2769 2341 2833 crediderit,
2387 2767 2698 2824 conﬁrmet
2745 2782 2816 2821 ac
2865 2765 3257 2829 demonstret,
3299 2759 3467 2832 quod

1802 2860 1957 2915 Deus
1985 2875 2164 2914 verax
2196 2858 2289 2927 sit,
2315 2857 2419 2931 qui
2450 2858 2650 2930 ipsum
2700 2854 2861 2911 misit
2903 2857 2960 2910 et
3015 2852 3187 2924 cujus
3219 2853 3360 2905 sunt
3396 2863 3469 2904 ea

1801 2965 1938 3022 quas
1957 2948 2222 3020 loquitur
2253 2946 2452 3003 verba.
2475 2945 2583 3013 Qui
2611 2948 2815 3001 autem
2861 2959 2983 2999 non
3025 2940 3273 3013 suscipit
3302 2953 3464 3015 eum,

1802 3053 1911 3094 nec
1936 3036 2120 3093 credit
2140 3036 2212 3102 ei,
2237 3034 2603 3093 contrarium
2621 3033 2761 3092 facit
2783 3049 2795 3090 :
2817 3049 2927 3089 nec
2945 3031 3106 3089 aliud
3132 3030 3253 3103 agit
3277 3043 3467 3102 quam

1808 3126 2118 3183 manifeste
2156 3130 2365 3182 contra
2397 3128 2582 3181 Deum
2611 3130 2858 3198 pugnat.

1881 3215 2022 3272 Vide
2060 3213 2371 3288 quomodo
2421 3212 2560 3269 hinc
2587 3229 2691 3270 eos
2736 3215 2966 3278 terreat,
3019 3226 3158 3266 cum
3208 3208 3461 3274 discant,

1808 3304 1971 3380 quod
2001 3305 2103 3377 qui
2128 3303 2208 3359 illi
2239 3301 2592 3359 inobediens
2621 3306 2728 3370 est,
2750 3302 2869 3357 Deo
2890 3299 3243 3356 iuobediens
3257 3302 3345 3353 est
3361 3298 3465 3369 qui

1810 3394 1971 3452 misit
2025 3395 2244 3467 ipsum.
2291 3394 2614 3465 Postquam
2653 3409 2795 3463 ergo
2852 3387 3287 3446 demonstravit
3337 3386 3465 3459 ejus

1809 3485 2144 3542 doctrinam
2175 3498 2305 3539 esse
2328 3482 2445 3538 ﬁde
2466 3480 2928 3552 dignam,idque
2949 3494 2986 3536 a
3005 3479 3191 3543 Patre,
3218 3475 3468 3532 demon-

1810 3578 2131 3632 stratnunc
2161 3572 2321 3629 idem
2360 3575 2417 3628 et
2442 3585 2478 3627 a
2504 3570 2715 3643 Spiritu
2743 3573 2973 3626 sancto.

1878 3752 2042 3808 Vers.
2076 3751 2163 3807 34.
2196 3749 2333 3805 Νοη
2360 3778 2425 3789 -
2446 3746 2753 3815 Spiritum.
2782 3747 2909 3803 Non
2922 3748 3332 3802 mensuratam
3362 3741 3470 3800 dat

1809 3842 1925 3914 ipsi
1954 3842 2112 3898 Pater
2149 3838 2401 3912 Spiritus
2426 3837 2727 3902 virtutem,
2748 3835 2898 3892 sicut
2919 3835 3048 3893 aliis
3066 3834 3285 3891 sanctis
3316 3848 3329 3889 :
3362 3831 3469 3888 sed

1806 3930 1963 3986 hanc
1987 3930 2113 3985 sine
2143 3942 2421 3983 mensura
2458 3926 2634 3981 habet
2665 3942 2735 3981 ac
2768 3930 2973 3991 totam,
3000 3929 3282 3996 tanquam
3316 3921 3468 3992 ejus-

1807 4019 1946 4074 dem
1974 4023 2201 4073 naturee
2233 4017 2346 4087 (In.
2376 4014 2832 4085 Spiritumenim
2850 4027 3009 4069 nunc
3040 4012 3200 4075 dicit,
3215 4010 3468 4082 Spiritus

1806 4105 2134 4162 efﬁcaciam
2167 4120 2237 4160 ac
2270 4103 2567 4158 virtutem.
2628 4101 2937 4175 Siquidem
2983 4098 3312 4156 mensurari
3341 4111 3465 4152 non

1805 4200 2001 4269 potest
2026 4193 2274 4266 Spiritus
2304 4208 2315 4247 :
2350 4191 2534 4247 virtus
2561 4195 2762 4246 autem
2784 4191 2973 4262 ipsius
3005 4191 3465 4243 mensuraturac

1804 4283 2104 4350 dividitur,
2135 4283 2306 4355 juxta
2328 4296 2558 4349 eorum,
2573 4281 2675 4353 qui
2695 4279 2859 4335 illam
2876 4276 3249 4351 participant,
3273 4273 3466 4344 digni-

1802 4376 2007 4431 tatem.

1874 4459 2316 4518 Demonstravit
2368 4474 2510 4531 ergo
2564 4456 2904 4514 doctrinam
2960 4453 3116 4510 illius
3162 4468 3291 4509 esse
3340 4450 3460 4507 ﬁde

1804 4552 2045 4623 dignam
2081 4566 2117 4607 a
2144 4550 2312 4606 Patre
2342 4554 2398 4605 et
2423 4547 2635 4621 Spiritu
2668 4549 2873 4603 sancto
2905 4562 2920 4613 ;
2948 4560 3067 4602 non
3097 4543 3270 4617 quasi
3303 4542 3463 4598 illinc

1806 4647 1976 4712 egeat
2004 4640 2238 4696 testium
2261 4635 2706 4712 approbatione,
2749 4636 2852 4708 qui
2873 4634 2984 4691 soli
3014 4633 3128 4689 sibi
3156 4632 3464 4688 sufﬁciens

1806 4736 1915 4796 est,
1948 4731 2217 4803 ejusdem
2247 4746 2385 4785 cum
2405 4728 2487 4783 eis
2507 4726 2812 4797 dignitatis
2832 4731 2888 4782 et
2914 4728 3163 4790 naturae,
3190 4722 3296 4778 sed
3318 4722 3463 4795 quia

1807 4823 2031 4877 Patrem
2058 4818 2521 4889 cognoscebant,
2552 4820 2611 4872 et
2638 4815 2801 4888 quod
2820 4815 3064 4887 Spiritus
3086 4816 3239 4868 esset
3267 4811 3465 4867 crede-

1805 4909 1972 4975 bant,
1994 4909 2206 4965 Filium
2221 4913 2418 4965 autem
2438 4905 2808 4978 ignorabant,
2822 4904 3166 4977 opinionem
3191 4917 3377 4975 quam
3389 4899 3465 4956 de

169 5083 210 5118 ⁸⁷
238 5086 416 5143 Joan.
458 5104 521 5155 v,
563 5091 631 5144 30
717 5088 766 5123 ⁸⁸
794 5088 966 5144 Joan.
1008 5105 1109 5155 vu,
1143 5088 1229 5144 16.
1308 5089 1355 5124 ⁵⁸)
1394 5088 1567 5145 Joan.
1608 5104 1729 5158 viu,
1758 5091 1851 5145 26.

1319 5240 1539 5309 Variae
1581 5240 1904 5310 lectiones
1937 5248 2004 5307 et
2049 5249 2252 5309 notae.

163 5433 271 5575 εξ)
303 5435 435 5500 Καί,
468 5438 613 5506 post
637 5437 761 5512 γάρ,
804 5434 981 5494 abest
1007 5442 1067 5492 B.

254 5506 278 5575 )
309 5505 545 5575 Θελομεν
569 5514 631 5564 Δ.

254 5506 278 5577 )
309 5505 545 5581 Θελομεν
569 5514 631 5564 Δ.

162 5685 264 5762 (ee)
290 5686 386 5762 Ita
415 5693 472 5744 et
492 5684 680 5762 istud,
703 5684 822 5745 etc.
859 5688 946 5762 ita
972 5686 1164 5762 ethoc
1192 5687 1694 5762 dese.S_iquidem,

98 5756 196 5825 etc,
223 5756 377 5825 Quia
401 5759 595 5831 enim,
633 5775 772 5818 cum
800 5760 1026 5819 missus
1056 5761 1152 5833 sit,
1167 5760 1353 5821 verba
1390 5756 1517 5819 Dei.

1875 5434 1990 5510 (50)
2024 5438 2126 5490 Καὶ
2155 5435 2182 5489 ὅ
2206 5437 2421 5494 ἤκουσε.
2456 5437 2521 5490 Δ.

1879 5686 1970 5761 (π)
1989 5685 2275 5757 Ejusdem
2304 5690 2563 5743 natura.
2596 5685 2777 5748 Forte,
2803 5679 2988 5738 simul
3013 5682 3246 5736 natam.
