  <div class='ocr_page' id='page_1' title='image "/cluster/home/n/w/nwhite01/storage/ocr_20150623/129/hvd.32044073502395/616.png"; bbox 0 0 4038 6226; ppageno 0'>
   <div class='ocr_carea' id='block_1_1' title="bbox 114 186 801 280">
    <p class='ocr_par' dir='ltr' id='par_1_1' title="bbox 114 186 801 280">
     <span class='ocr_line' id='line_1_1' title="bbox 114 186 801 280; baseline 0 0"><span class='ocrx_word' id='word_1_1' title='bbox 114 222 253 280; x_wconf 76' lang='grc'><strong>1185</strong></span> <span class='ocrx_word' id='word_1_2' title='bbox 370 186 379 189; x_wconf 31' lang='grc'><strong><em>⁷</em></strong></span> <span class='ocrx_word' id='word_1_3' title='bbox 774 232 801 241; x_wconf 52' lang='grc' dir='ltr'>δ</span> 
     </span>
    </p>
   </div>
   <div class='ocr_carea' id='block_1_2' title="bbox 1194 180 2498 299">
    <p class='ocr_par' dir='ltr' id='par_1_2' title="bbox 1194 180 2498 299">
     <span class='ocr_line' id='line_1_2' title="bbox 1194 180 2498 299; baseline -0.003 -20"><span class='ocrx_word' id='word_1_4' title='bbox 1194 215 1561 299; x_wconf 73' lang='lat' dir='ltr'><strong>COMMENT.</strong></span> <span class='ocrx_word' id='word_1_5' title='bbox 1603 212 1677 275; x_wconf 89' lang='lat' dir='ltr'><strong>IN</strong></span> <span class='ocrx_word' id='word_1_6' title='bbox 1715 180 2064 275; x_wconf 65' lang='lat' dir='ltr'><strong>JOANNEM.</strong></span> <span class='ocrx_word' id='word_1_7' title='bbox 2106 250 2172 261; x_wconf 83' lang='lat'>—</span> <span class='ocrx_word' id='word_1_8' title='bbox 2213 220 2373 278; x_wconf 90' lang='lat' dir='ltr'><strong>CAP.</strong></span> <span class='ocrx_word' id='word_1_9' title='bbox 2410 218 2498 276; x_wconf 88' lang='lat' dir='ltr'><strong>1v.</strong></span> 
     </span>
    </p>
   </div>
   <div class='ocr_carea' id='block_1_3' title="bbox 3356 225 3496 283">
    <p class='ocr_par' dir='ltr' id='par_1_3' title="bbox 3356 225 3496 283">
     <span class='ocr_line' id='line_1_3' title="bbox 3356 225 3496 283; baseline 0 -1"><span class='ocrx_word' id='word_1_10' title='bbox 3356 225 3496 283; x_wconf 76' lang='lat' dir='ltr'><strong>H86</strong></span> 
     </span>
    </p>
   </div>
   <div class='ocr_carea' id='block_1_4' title="bbox 108 324 1725 421">
    <p class='ocr_par' dir='ltr' id='par_1_4' title="bbox 108 341 1724 421">
     <span class='ocr_line' id='line_1_4' title="bbox 108 341 1724 421; baseline -0.004 -17"><span class='ocrx_word' id='word_1_11' title='bbox 108 352 165 404; x_wconf 84' lang='grc' dir='ltr'><strong>ἐκ</strong></span> <span class='ocrx_word' id='word_1_12' title='bbox 206 347 544 403; x_wconf 68' lang='grc' dir='ltr'>Βαϐυλῶνίων</span> <span class='ocrx_word' id='word_1_13' title='bbox 572 343 630 400; x_wconf 71' lang='grc' dir='ltr'><strong>δὲ</strong></span> <span class='ocrx_word' id='word_1_14' title='bbox 671 352 760 399; x_wconf 79' lang='grc' dir='ltr'><strong>καὶ</strong></span> <span class='ocrx_word' id='word_1_15' title='bbox 791 344 988 406; x_wconf 77' lang='grc' dir='ltr'>Μήδων</span> <span class='ocrx_word' id='word_1_16' title='bbox 1033 354 1123 401; x_wconf 80' lang='grc' dir='ltr'>καὶ</span> <span class='ocrx_word' id='word_1_17' title='bbox 1164 346 1447 403; x_wconf 75' lang='grc' dir='ltr'>Χαλδαίων</span> <span class='ocrx_word' id='word_1_18' title='bbox 1488 341 1724 421; x_wconf 67' lang='grc' dir='ltr'><strong>μιγάδας</strong></span> 
     </span>
    </p>
   </div>
   <div class='ocr_carea' id='block_1_5' title="bbox 1843 324 3492 421">
    <p class='ocr_par' dir='ltr' id='par_1_5' title="bbox 1843 344 3492 417">
     <span class='ocr_line' id='line_1_5' title="bbox 1843 344 3492 417; baseline 0.005 -18"><span class='ocrx_word' id='word_1_19' title='bbox 1843 359 2205 417; x_wconf 63' lang='lat' dir='ltr'><strong>congregans</strong></span> <span class='ocrx_word' id='word_1_20' title='bbox 2262 344 2323 401; x_wconf 91' lang='lat' dir='ltr'><strong>in</strong></span> <span class='ocrx_word' id='word_1_21' title='bbox 2397 361 2468 403; x_wconf 93' lang='lat' dir='ltr'><strong>ea</strong></span> <span class='ocrx_word' id='word_1_22' title='bbox 2507 345 2776 405; x_wconf 79' lang='lat' dir='ltr'><strong>habitare</strong></span> <span class='ocrx_word' id='word_1_23' title='bbox 2823 348 2977 404; x_wconf 86' lang='lat' dir='ltr'><strong>fecit.</strong></span> <span class='ocrx_word' id='word_1_24' title='bbox 3015 348 3228 406; x_wconf 88' lang='lat' dir='ltr'><strong>Volens</strong></span> <span class='ocrx_word' id='word_1_25' title='bbox 3287 354 3492 408; x_wconf 86' lang='lat' dir='ltr'><strong>autem</strong></span> 
     </span>
    </p>
   </div>
   <div class='ocr_carea' id='block_1_6' title="bbox 107 435 1723 514">
    <p class='ocr_par' dir='ltr' id='par_1_6' title="bbox 107 435 1723 514">
     <span class='ocr_line' id='line_1_6' title="bbox 107 435 1723 514; baseline -0.004 -22"><span class='ocrx_word' id='word_1_26' title='bbox 107 442 418 514; x_wconf 76' lang='grc' dir='ltr'><strong>ἀνθρώπους</strong></span> <span class='ocrx_word' id='word_1_27' title='bbox 487 442 796 507; x_wconf 76' lang='grc' dir='ltr'>συναγαγὼν</span> <span class='ocrx_word' id='word_1_28' title='bbox 868 437 970 490; x_wconf 78' lang='grc' dir='ltr'><strong>ἐκεῖ</strong></span> <span class='ocrx_word' id='word_1_29' title='bbox 1031 436 1143 510; x_wconf 71' lang='grc'><strong>(53)</strong></span> <span class='ocrx_word' id='word_1_30' title='bbox 1201 443 1488 509; x_wconf 78' lang='grc' dir='ltr'>κατῴκισε,</span> <span class='ocrx_word' id='word_1_31' title='bbox 1552 435 1723 497; x_wconf 83' lang='grc' dir='ltr'><strong>Δεὶξαι</strong></span> 
     </span>
    </p>
   </div>
   <div class='ocr_carea' id='block_1_7' title="bbox 108 522 1724 602">
    <p class='ocr_par' dir='ltr' id='par_1_7' title="bbox 108 522 1724 602">
     <span class='ocr_line' id='line_1_7' title="bbox 108 522 1724 602; baseline -0.005 -19"><span class='ocrx_word' id='word_1_32' title='bbox 108 526 171 583; x_wconf 66' lang='grc' dir='ltr'><strong>δὲ</strong></span> <span class='ocrx_word' id='word_1_33' title='bbox 215 527 531 602; x_wconf 65' lang='grc' dir='ltr'>βουλόμενος</span> <span class='ocrx_word' id='word_1_34' title='bbox 578 527 604 578; x_wconf 84' lang='grc' dir='ltr'>ὁ</span> <span class='ocrx_word' id='word_1_35' title='bbox 658 529 789 588; x_wconf 77' lang='grc' dir='ltr'>Θεὸς</span> <span class='ocrx_word' id='word_1_36' title='bbox 832 527 911 579; x_wconf 86' lang='grc' dir='ltr'>ὅτι</span> <span class='ocrx_word' id='word_1_37' title='bbox 971 523 1043 579; x_wconf 77' lang='grc' dir='ltr'><strong>δι’</strong></span> <span class='ocrx_word' id='word_1_38' title='bbox 1102 526 1361 600; x_wconf 75' lang='grc' dir='ltr'>ἁμαρτιαν</span> <span class='ocrx_word' id='word_1_39' title='bbox 1406 522 1724 589; x_wconf 70' lang='grc' dir='ltr'><strong>ἐξεδόθησαν</strong></span> 
     </span>
    </p>
   </div>
   <div class='ocr_carea' id='block_1_8' title="bbox 107 604 1724 690">
    <p class='ocr_par' dir='ltr' id='par_1_8' title="bbox 107 604 1724 690">
     <span class='ocr_line' id='line_1_8' title="bbox 107 604 1724 690; baseline -0.005 -19"><span class='ocrx_word' id='word_1_40' title='bbox 107 624 227 680; x_wconf 81' lang='grc' dir='ltr'>τοῖς</span> <span class='ocrx_word' id='word_1_41' title='bbox 300 619 617 690; x_wconf 76' lang='grc' dir='ltr'><strong>Ἀσσυρίοις</strong></span> <span class='ocrx_word' id='word_1_42' title='bbox 670 620 720 668; x_wconf 91' lang='grc' dir='ltr'><strong>οί</strong></span> <span class='ocrx_word' id='word_1_43' title='bbox 760 616 873 687; x_wconf 79' lang='grc'>(56)</span> <span class='ocrx_word' id='word_1_44' title='bbox 976 615 1323 689; x_wconf 71' lang='grc' dir='ltr'><strong>Ἰσραηλῖται,</strong></span> <span class='ocrx_word' id='word_1_45' title='bbox 1401 618 1491 666; x_wconf 81' lang='grc' dir='ltr'><strong>καὶ</strong></span> <span class='ocrx_word' id='word_1_46' title='bbox 1539 612 1596 665; x_wconf 69' lang='grc' dir='ltr'>οὗ</span> <span class='ocrx_word' id='word_1_47' title='bbox 1648 604 1724 664; x_wconf 66' lang='grc' dir='ltr'><strong>δι’</strong></span> 
     </span>
    </p>
   </div>
   <div class='ocr_carea' id='block_1_9' title="bbox 110 703 1196 775">
    <p class='ocr_par' dir='ltr' id='par_1_9' title="bbox 110 703 1196 775">
     <span class='ocr_line' id='line_1_9' title="bbox 110 703 1196 775; baseline 0.001 -19"><span class='ocrx_word' id='word_1_48' title='bbox 110 703 406 771; x_wconf 79' lang='grc' dir='ltr'>ἀσθένειαν,</span> <span class='ocrx_word' id='word_1_49' title='bbox 493 703 694 766; x_wconf 74' lang='grc' dir='ltr'>λέοντας</span> <span class='ocrx_word' id='word_1_50' title='bbox 784 703 1012 775; x_wconf 74' lang='grc' dir='ltr'>ἐπαφῆκε</span> <span class='ocrx_word' id='word_1_51' title='bbox 1090 712 1196 766; x_wconf 72' lang='grc' dir='ltr'>τοῖς</span> 
     </span>
    </p>
   </div>
   <div class='ocr_carea' id='block_1_10' title="bbox 525 792 1719 867">
    <p class='ocr_par' dir='ltr' id='par_1_10' title="bbox 525 792 1719 867">
     <span class='ocr_line' id='line_1_10' title="bbox 525 792 1719 867; baseline -0.003 -22"><span class='ocrx_word' id='word_1_52' title='bbox 525 794 645 865; x_wconf 83' lang='grc' dir='ltr'>ὅπερ</span> <span class='ocrx_word' id='word_1_53' title='bbox 722 795 900 866; x_wconf 79' lang='grc' dir='ltr'>μαθὼν</span> <span class='ocrx_word' id='word_1_54' title='bbox 967 796 992 845; x_wconf 86' lang='grc' dir='ltr'><strong>ό</strong></span> <span class='ocrx_word' id='word_1_55' title='bbox 1055 792 1303 867; x_wconf 78' lang='grc' dir='ltr'>βασιλεὺς</span> <span class='ocrx_word' id='word_1_56' title='bbox 1380 796 1471 844; x_wconf 83' lang='grc' dir='ltr'><strong>καὶ</strong></span> <span class='ocrx_word' id='word_1_57' title='bbox 1536 796 1719 861; x_wconf 84' lang='grc' dir='ltr'>συνεὶς,</span> 
     </span>
    </p>
   </div>
   <div class='ocr_carea' id='block_1_11' title="bbox 976 615 1323 689">
    <p class='ocr_par' dir='ltr' id='par_1_11' title="bbox 976 615 1323 689">
     <span class='ocr_line' id='line_1_11' title="bbox 976 615 1323 689; baseline -0.006 -20"><span class='ocrx_word' id='word_1_58' title='bbox 976 615 1323 689; x_wconf 71' lang='grc' dir='ltr'><strong>Ἰσραηλῖται,</strong></span> 
     </span>
    </p>
   </div>
   <div class='ocr_carea' id='block_1_12' title="bbox 493 702 1725 775">
    <p class='ocr_par' dir='ltr' id='par_1_12' title="bbox 493 702 1725 775">
     <span class='ocr_line' id='line_1_12' title="bbox 493 702 1725 775; baseline -0.002 -20"><span class='ocrx_word' id='word_1_59' title='bbox 493 703 694 766; x_wconf 74' lang='grc' dir='ltr'>λέοντας</span> <span class='ocrx_word' id='word_1_60' title='bbox 784 703 1012 775; x_wconf 74' lang='grc' dir='ltr'>ἐπαφῆκε</span> <span class='ocrx_word' id='word_1_61' title='bbox 1090 712 1196 766; x_wconf 71' lang='grc' dir='ltr'>τοῖς</span> <span class='ocrx_word' id='word_1_62' title='bbox 1281 702 1725 775; x_wconf 74' lang='grc' dir='ltr'>ἐγκατοικισθεῖσι</span> 
     </span>
    </p>
   </div>
   <div class='ocr_carea' id='block_1_13' title="bbox 108 793 427 869">
    <p class='ocr_par' dir='ltr' id='par_1_13' title="bbox 108 793 427 869">
     <span class='ocr_line' id='line_1_13' title="bbox 108 793 427 869; baseline -0.006 -23"><span class='ocrx_word' id='word_1_63' title='bbox 108 793 427 869; x_wconf 65' lang='grc' dir='ltr'>βαρϐάροις,</span> 
     </span>
    </p>
   </div>
   <div class='ocr_carea' id='block_1_14' title="bbox 106 878 1722 959">
    <p class='ocr_par' dir='ltr' id='par_1_14' title="bbox 106 878 1722 959">
     <span class='ocr_line' id='line_1_14' title="bbox 106 878 1722 959; baseline -0.002 -24"><span class='ocrx_word' id='word_1_64' title='bbox 106 888 309 956; x_wconf 75' lang='grc' dir='ltr'>πέμπει</span> <span class='ocrx_word' id='word_1_65' title='bbox 368 885 504 958; x_wconf 78' lang='grc' dir='ltr'>ἱερέα</span> <span class='ocrx_word' id='word_1_66' title='bbox 568 890 669 935; x_wconf 84' lang='grc' dir='ltr'><strong>τῶν</strong></span> <span class='ocrx_word' id='word_1_67' title='bbox 732 882 1093 956; x_wconf 78' lang='grc' dir='ltr'><strong>Ἰσραηλιτῶν,</strong></span> <span class='ocrx_word' id='word_1_68' title='bbox 1178 878 1566 959; x_wconf 77' lang='grc' dir='ltr'>παραδωσοντα</span> <span class='ocrx_word' id='word_1_69' title='bbox 1632 878 1722 932; x_wconf 71' lang='grc' dir='ltr'><strong>κάς</strong></span> 
     </span>
    </p>
   </div>
   <div class='ocr_carea' id='block_1_15' title="bbox 104 969 1723 1045">
    <p class='ocr_par' dir='ltr' id='par_1_15' title="bbox 104 969 1723 1045">
     <span class='ocr_line' id='line_1_15' title="bbox 104 969 1723 1045; baseline -0.002 -21"><span class='ocrx_word' id='word_1_70' title='bbox 104 978 303 1035; x_wconf 75' lang='grc' dir='ltr'><strong>κείνοις</strong></span> <span class='ocrx_word' id='word_1_71' title='bbox 343 976 431 1024; x_wconf 84' lang='grc' dir='ltr'><strong>τόν</strong></span> <span class='ocrx_word' id='word_1_72' title='bbox 475 980 567 1025; x_wconf 83' lang='grc' dir='ltr'>τοῦ</span> <span class='ocrx_word' id='word_1_73' title='bbox 619 979 753 1026; x_wconf 82' lang='grc' dir='ltr'>Θεοῦ</span> <span class='ocrx_word' id='word_1_74' title='bbox 794 978 969 1045; x_wconf 74' lang='grc' dir='ltr'>νόμον,</span> <span class='ocrx_word' id='word_1_75' title='bbox 1036 974 1117 1026; x_wconf 81' lang='grc' dir='ltr'>ἵνα</span> <span class='ocrx_word' id='word_1_76' title='bbox 1162 981 1252 1034; x_wconf 66' lang='grc' dir='ltr'>τῆς</span> <span class='ocrx_word' id='word_1_77' title='bbox 1305 970 1405 1024; x_wconf 79' lang='grc' dir='ltr'>ἀπὸ</span> <span class='ocrx_word' id='word_1_78' title='bbox 1446 978 1544 1023; x_wconf 85' lang='grc' dir='ltr'><strong>τῶν</strong></span> <span class='ocrx_word' id='word_1_79' title='bbox 1591 969 1723 1022; x_wconf 85' lang='grc' dir='ltr'>λεόν-</span> 
     </span>
    </p>
   </div>
   <div class='ocr_carea' id='block_1_16' title="bbox 104 1058 1724 1135">
    <p class='ocr_par' dir='ltr' id='par_1_16' title="bbox 104 1058 1724 1135">
     <span class='ocr_line' id='line_1_16' title="bbox 104 1058 1724 1135; baseline -0.002 -20"><span class='ocrx_word' id='word_1_80' title='bbox 104 1082 214 1115; x_wconf 85' lang='grc' dir='ltr'><strong>των</strong></span> <span class='ocrx_word' id='word_1_81' title='bbox 262 1062 430 1135; x_wconf 66' lang='grc' dir='ltr'>λύμης</span> <span class='ocrx_word' id='word_1_82' title='bbox 474 1060 862 1134; x_wconf 73' lang='grc' dir='ltr'><strong>ἀπαλλαγῶσιν.</strong></span> <span class='ocrx_word' id='word_1_83' title='bbox 916 1061 1001 1125; x_wconf 77' lang='grc' dir='ltr'><strong>Ἐξ</strong></span> <span class='ocrx_word' id='word_1_84' title='bbox 1056 1063 1301 1135; x_wconf 74' lang='grc' dir='ltr'><strong>ἡμισείας</strong></span> <span class='ocrx_word' id='word_1_85' title='bbox 1348 1058 1407 1114; x_wconf 66' lang='grc' dir='ltr'><strong>δὲ</strong></span> <span class='ocrx_word' id='word_1_86' title='bbox 1456 1065 1573 1113; x_wconf 89' lang='grc' dir='ltr'>τότε</span> <span class='ocrx_word' id='word_1_87' title='bbox 1628 1067 1724 1119; x_wconf 79' lang='grc' dir='ltr'>τῆς</span> 
     </span>
    </p>
   </div>
   <div class='ocr_carea' id='block_1_17' title="bbox 106 1141 1725 1221">
    <p class='ocr_par' dir='ltr' id='par_1_17' title="bbox 106 1141 1725 1221">
     <span class='ocr_line' id='line_1_17' title="bbox 106 1141 1725 1221; baseline 0.001 -22"><span class='ocrx_word' id='word_1_88' title='bbox 106 1146 360 1208; x_wconf 71' lang='grc' dir='ltr'>ἀσεϐείας</span> <span class='ocrx_word' id='word_1_89' title='bbox 443 1145 780 1216; x_wconf 71' lang='grc' dir='ltr'><strong>ἀποστάντες,</strong></span> <span class='ocrx_word' id='word_1_90' title='bbox 856 1147 1072 1221; x_wconf 76' lang='grc' dir='ltr'>ὕστερον</span> <span class='ocrx_word' id='word_1_91' title='bbox 1141 1146 1376 1208; x_wconf 79' lang='grc' dir='ltr'>ὁλοτελῶς</span> <span class='ocrx_word' id='word_1_92' title='bbox 1452 1141 1725 1203; x_wconf 76' lang='grc' dir='ltr'>ἀπεπήδη-</span> 
     </span>
    </p>
   </div>
   <div class='ocr_carea' id='block_1_18' title="bbox 109 1232 1726 1311">
    <p class='ocr_par' dir='ltr' id='par_1_18' title="bbox 109 1232 1726 1311">
     <span class='ocr_line' id='line_1_18' title="bbox 109 1232 1726 1311; baseline -0.002 -22"><span class='ocrx_word' id='word_1_93' title='bbox 109 1256 213 1289; x_wconf 85' lang='grc' dir='ltr'><strong>σαν</strong></span> <span class='ocrx_word' id='word_1_94' title='bbox 274 1245 377 1288; x_wconf 84' lang='grc' dir='ltr'><strong>τῶν</strong></span> <span class='ocrx_word' id='word_1_95' title='bbox 437 1232 675 1289; x_wconf 73' lang='grc' dir='ltr'>εἰδώλον”</span> <span class='ocrx_word' id='word_1_96' title='bbox 729 1235 864 1295; x_wconf 80' lang='grc' dir='ltr'>πλὴν</span> <span class='ocrx_word' id='word_1_97' title='bbox 925 1236 984 1288; x_wconf 72' lang='grc' dir='ltr'>οὗ</span> <span class='ocrx_word' id='word_1_98' title='bbox 1034 1238 1225 1311; x_wconf 75' lang='grc' dir='ltr'>μικρὰν</span> <span class='ocrx_word' id='word_1_99' title='bbox 1283 1234 1428 1309; x_wconf 82' lang='grc' dir='ltr'>εἶχον</span> <span class='ocrx_word' id='word_1_100' title='bbox 1479 1238 1551 1287; x_wconf 81' lang='grc' dir='ltr'>ἔτι</span> <span class='ocrx_word' id='word_1_101' title='bbox 1601 1236 1726 1309; x_wconf 85' lang='grc' dir='ltr'>πρός</span> 
     </span>
    </p>
   </div>
   <div class='ocr_carea' id='block_1_19' title="bbox 107 1321 1728 1400">
    <p class='ocr_par' dir='ltr' id='par_1_19' title="bbox 107 1321 1728 1400">
     <span class='ocr_line' id='line_1_19' title="bbox 107 1321 1728 1400; baseline -0.001 -24"><span class='ocrx_word' id='word_1_102' title='bbox 107 1327 239 1387; x_wconf 74' lang='grc' dir='ltr'>τοὺς</span> <span class='ocrx_word' id='word_1_103' title='bbox 277 1321 573 1387; x_wconf 67' lang='grc' dir='ltr'>Ἰουδαίους</span> <span class='ocrx_word' id='word_1_104' title='bbox 611 1322 886 1400; x_wconf 67' lang='grc' dir='ltr'>διαφοράν.</span> <span class='ocrx_word' id='word_1_105' title='bbox 926 1330 1096 1387; x_wconf 89' lang='grc' dir='ltr'>Μόνας</span> <span class='ocrx_word' id='word_1_106' title='bbox 1132 1328 1235 1399; x_wconf 73' lang='grc' dir='ltr'><strong>γὰρ</strong></span> <span class='ocrx_word' id='word_1_107' title='bbox 1288 1328 1383 1388; x_wconf 83' lang='grc' dir='ltr'><strong>τὰς</strong></span> <span class='ocrx_word' id='word_1_108' title='bbox 1439 1325 1728 1385; x_wconf 54' lang='lat' dir='ltr'><strong>Maia-«Eata;</strong></span> 
     </span>
    </p>
   </div>
   <div class='ocr_carea' id='block_1_20' title="bbox 109 1411 1726 1487">
    <p class='ocr_par' dir='ltr' id='par_1_20' title="bbox 109 1411 1726 1487">
     <span class='ocr_line' id='line_1_20' title="bbox 109 1411 1726 1487; baseline -0.001 -22"><span class='ocrx_word' id='word_1_109' title='bbox 109 1411 331 1486; x_wconf 79' lang='grc' dir='ltr'>βίϐλους</span> <span class='ocrx_word' id='word_1_110' title='bbox 400 1411 700 1487; x_wconf 74' lang='grc' dir='ltr'>δεχόμενοι,</span> <span class='ocrx_word' id='word_1_111' title='bbox 760 1424 856 1468; x_wconf 87' lang='grc' dir='ltr'><strong>τῶν</strong></span> <span class='ocrx_word' id='word_1_112' title='bbox 899 1414 1064 1467; x_wconf 78' lang='grc' dir='ltr'>ἄλλων</span> <span class='ocrx_word' id='word_1_113' title='bbox 1113 1414 1172 1467; x_wconf 82' lang='grc' dir='ltr'>οὗ</span> <span class='ocrx_word' id='word_1_114' title='bbox 1210 1414 1404 1474; x_wconf 80' lang='grc' dir='ltr'>πολλὴν</span> <span class='ocrx_word' id='word_1_115' title='bbox 1461 1413 1726 1467; x_wconf 73' lang='grc' dir='ltr'>ἐποιοῦντο</span> 
     </span>
    </p>
   </div>
   <div class='ocr_carea' id='block_1_21' title="bbox 107 1503 285 1576">
    <p class='ocr_par' dir='ltr' id='par_1_21' title="bbox 107 1503 285 1576">
     <span class='ocr_line' id='line_1_21' title="bbox 107 1503 285 1576; baseline 0.011 -21"><span class='ocrx_word' id='word_1_116' title='bbox 107 1503 285 1576; x_wconf 71' lang='grc' dir='ltr'>λόγον.</span> 
     </span>
    </p>
   </div>
   <div class='ocr_carea' id='block_1_22' title="bbox 184 1589 1726 1668">
    <p class='ocr_par' dir='ltr' id='par_1_22' title="bbox 184 1589 1726 1668">
     <span class='ocr_line' id='line_1_22' title="bbox 184 1589 1726 1668; baseline -0.003 -19"><span class='ocrx_word' id='word_1_117' title='bbox 184 1594 305 1664; x_wconf 60' lang='grc' dir='ltr'><strong>’ξ’-ξ’</strong></span> <span class='ocrx_word' id='word_1_118' title='bbox 363 1589 536 1657; x_wconf 73' lang='grc' dir='ltr'>Ἀξιον</span> <span class='ocrx_word' id='word_1_119' title='bbox 584 1593 696 1665; x_wconf 76' lang='grc'><strong>(57)</strong></span> <span class='ocrx_word' id='word_1_120' title='bbox 756 1593 914 1646; x_wconf 76' lang='grc' dir='ltr'>εἰπεῖν</span> <span class='ocrx_word' id='word_1_121' title='bbox 975 1595 1125 1647; x_wconf 71' lang='grc' dir='ltr'>’τόθεν</span> <span class='ocrx_word' id='word_1_122' title='bbox 1175 1596 1226 1646; x_wconf 76' lang='grc' dir='ltr'>οἳ</span> <span class='ocrx_word' id='word_1_123' title='bbox 1267 1600 1581 1668; x_wconf 78' lang='grc' dir='ltr'><strong>Σαμαρεῖται</strong></span> <span class='ocrx_word' id='word_1_124' title='bbox 1633 1596 1726 1651; x_wconf 74' lang='grc' dir='ltr'>τὴν</span> 
     </span>
    </p>
   </div>
   <div class='ocr_carea' id='block_1_23' title="bbox 1829 434 3494 510">
    <p class='ocr_par' dir='ltr' id='par_1_23' title="bbox 1829 434 3494 510">
     <span class='ocr_line' id='line_1_23' title="bbox 1829 434 3494 510; baseline 0.005 -22"><span class='ocrx_word' id='word_1_125' title='bbox 1829 435 1982 489; x_wconf 85' lang='lat' dir='ltr'><strong>Deus</strong></span> <span class='ocrx_word' id='word_1_126' title='bbox 1997 434 2332 501; x_wconf 83' lang='lat' dir='ltr'><strong>ostendere,</strong></span> <span class='ocrx_word' id='word_1_127' title='bbox 2353 435 2515 508; x_wconf 89' lang='lat' dir='ltr'><strong>quod</strong></span> <span class='ocrx_word' id='word_1_128' title='bbox 2539 451 2660 491; x_wconf 91' lang='lat' dir='ltr'><strong>non</strong></span> <span class='ocrx_word' id='word_1_129' title='bbox 2683 437 3369 510; x_wconf 88' lang='lat' dir='ltr'><strong>propterimpotentiam,</strong></span> <span class='ocrx_word' id='word_1_130' title='bbox 3385 439 3494 496; x_wconf 86' lang='lat' dir='ltr'><strong>sed</strong></span> 
     </span>
    </p>
   </div>
   <div class='ocr_carea' id='block_1_24' title="bbox 1828 524 3493 599">
    <p class='ocr_par' dir='ltr' id='par_1_24' title="bbox 1828 524 3493 599">
     <span class='ocr_line' id='line_1_24' title="bbox 1828 524 3493 599; baseline 0.004 -21"><span class='ocrx_word' id='word_1_131' title='bbox 1828 524 2086 597; x_wconf 88' lang='lat' dir='ltr'><strong>peccatis</strong></span> <span class='ocrx_word' id='word_1_132' title='bbox 2097 524 2471 594; x_wconf 81' lang='lat' dir='ltr'><strong>exigentibus</strong></span> <span class='ocrx_word' id='word_1_133' title='bbox 2487 524 2891 581; x_wconf 83' lang='lat' dir='ltr'><strong>traditiessent</strong></span> <span class='ocrx_word' id='word_1_134' title='bbox 2913 525 3269 599; x_wconf 84' lang='lat' dir='ltr'><strong>Babyloniis,</strong></span> <span class='ocrx_word' id='word_1_135' title='bbox 3292 530 3493 586; x_wconf 90' lang='lat' dir='ltr'><strong>leones</strong></span> 
     </span>
    </p>
   </div>
   <div class='ocr_carea' id='block_1_25' title="bbox 1829 611 3493 689">
    <p class='ocr_par' dir='ltr' id='par_1_25' title="bbox 1829 611 3493 689">
     <span class='ocr_line' id='line_1_25' title="bbox 1829 611 3493 689; baseline 0.004 -21"><span class='ocrx_word' id='word_1_136' title='bbox 1829 611 2106 668; x_wconf 87' lang='lat' dir='ltr'><strong>barbaris</strong></span> <span class='ocrx_word' id='word_1_137' title='bbox 2145 628 2280 669; x_wconf 91' lang='lat' dir='ltr'><strong>eam</strong></span> <span class='ocrx_word' id='word_1_138' title='bbox 2320 612 2793 670; x_wconf 79' lang='lat' dir='ltr'><strong>inhabitantibus</strong></span> <span class='ocrx_word' id='word_1_139' title='bbox 2832 615 3079 672; x_wconf 87' lang='lat' dir='ltr'><strong>immisit</strong></span> <span class='ocrx_word' id='word_1_140' title='bbox 3112 633 3126 672; x_wconf 89' lang='lat'><strong>:</strong></span> <span class='ocrx_word' id='word_1_141' title='bbox 3188 618 3343 689; x_wconf 89' lang='lat' dir='ltr'><strong>quod</strong></span> <span class='ocrx_word' id='word_1_142' title='bbox 3390 634 3493 675; x_wconf 83' lang='lat' dir='ltr'><strong>rex</strong></span> 
     </span>
    </p>
   </div>
   <div class='ocr_carea' id='block_1_26' title="bbox 1829 700 3494 773">
    <p class='ocr_par' dir='ltr' id='par_1_26' title="bbox 1829 700 3494 773">
     <span class='ocr_line' id='line_1_26' title="bbox 1829 700 3494 773; baseline 0.004 -17"><span class='ocrx_word' id='word_1_143' title='bbox 1829 700 2082 757; x_wconf 87' lang='lat' dir='ltr'><strong>audiens</strong></span> <span class='ocrx_word' id='word_1_144' title='bbox 2137 706 2195 757; x_wconf 89' lang='lat' dir='ltr'><strong>et</strong></span> <span class='ocrx_word' id='word_1_145' title='bbox 2233 701 2584 773; x_wconf 78' lang='lat' dir='ltr'><strong>intelligens,</strong></span> <span class='ocrx_word' id='word_1_146' title='bbox 2620 701 2793 758; x_wconf 79' lang='lat' dir='ltr'><strong>mittit</strong></span> <span class='ocrx_word' id='word_1_147' title='bbox 2844 702 2923 758; x_wconf 91' lang='lat' dir='ltr'><strong>ad</strong></span> <span class='ocrx_word' id='word_1_148' title='bbox 2972 720 3071 759; x_wconf 91' lang='lat' dir='ltr'><strong>eos</strong></span> <span class='ocrx_word' id='word_1_149' title='bbox 3128 706 3494 761; x_wconf 81' lang='lat' dir='ltr'><strong>sacerdotem</strong></span> 
     </span>
    </p>
   </div>
   <div class='ocr_carea' id='block_1_27' title="bbox 1830 789 3497 864">
    <p class='ocr_par' dir='ltr' id='par_1_27' title="bbox 1830 789 3497 864">
     <span class='ocr_line' id='line_1_27' title="bbox 1830 789 3497 864; baseline 0.004 -19"><span class='ocrx_word' id='word_1_150' title='bbox 1830 789 2255 856; x_wconf 89' lang='lat' dir='ltr'><strong>lsraelitarum,</strong></span> <span class='ocrx_word' id='word_1_151' title='bbox 2283 791 2385 864; x_wconf 87' lang='lat' dir='ltr'><strong>qui</strong></span> <span class='ocrx_word' id='word_1_152' title='bbox 2420 791 2672 847; x_wconf 89' lang='lat' dir='ltr'><strong>traderet</strong></span> <span class='ocrx_word' id='word_1_153' title='bbox 2700 792 2875 847; x_wconf 88' lang='lat' dir='ltr'><strong>etiam</strong></span> <span class='ocrx_word' id='word_1_154' title='bbox 2910 791 3025 846; x_wconf 83' lang='lat' dir='ltr'><strong>illis</strong></span> <span class='ocrx_word' id='word_1_155' title='bbox 3062 794 3160 849; x_wconf 80' lang='lat' dir='ltr'><strong>Dei</strong></span> <span class='ocrx_word' id='word_1_156' title='bbox 3192 793 3407 864; x_wconf 81' lang='lat' dir='ltr'><strong>legem,</strong></span> <span class='ocrx_word' id='word_1_157' title='bbox 3434 800 3497 851; x_wconf 92' lang='lat' dir='ltr'><strong>ut</strong></span> 
     </span>
    </p>
   </div>
   <div class='ocr_carea' id='block_1_28' title="bbox 1829 879 3493 956">
    <p class='ocr_par' dir='ltr' id='par_1_28' title="bbox 1829 879 3493 956">
     <span class='ocr_line' id='line_1_28' title="bbox 1829 879 3493 956; baseline 0.003 -20"><span class='ocrx_word' id='word_1_158' title='bbox 1829 895 1866 936; x_wconf 80' lang='grc' dir='ltr'>ει</span> <span class='ocrx_word' id='word_1_159' title='bbox 1889 885 2052 953; x_wconf 85' lang='lat' dir='ltr'><strong>peste</strong></span> <span class='ocrx_word' id='word_1_160' title='bbox 2081 879 2325 936; x_wconf 88' lang='lat' dir='ltr'><strong>leonum</strong></span> <span class='ocrx_word' id='word_1_161' title='bbox 2372 879 2784 937; x_wconf 83' lang='lat' dir='ltr'><strong>liberarentur.</strong></span> <span class='ocrx_word' id='word_1_162' title='bbox 2822 880 2902 936; x_wconf 83' lang='lat' dir='ltr'><strong>Ex</strong></span> <span class='ocrx_word' id='word_1_163' title='bbox 2928 897 2999 936; x_wconf 91' lang='lat' dir='ltr'><strong>eo</strong></span> <span class='ocrx_word' id='word_1_164' title='bbox 3056 897 3199 953; x_wconf 88' lang='lat' dir='ltr'><strong>ergo</strong></span> <span class='ocrx_word' id='word_1_165' title='bbox 3230 889 3493 956; x_wconf 88' lang='lat' dir='ltr'><strong>tempore</strong></span> 
     </span>
    </p>
   </div>
   <div class='ocr_carea' id='block_1_29' title="bbox 1827 968 3494 1042">
    <p class='ocr_par' dir='ltr' id='par_1_29' title="bbox 1827 968 3494 1042">
     <span class='ocr_line' id='line_1_29' title="bbox 1827 968 3494 1042; baseline 0.003 -17"><span class='ocrx_word' id='word_1_166' title='bbox 1827 969 2046 1042; x_wconf 88' lang='lat' dir='ltr'><strong>partim</strong></span> <span class='ocrx_word' id='word_1_167' title='bbox 2069 968 2148 1025; x_wconf 89' lang='lat' dir='ltr'><strong>ab</strong></span> <span class='ocrx_word' id='word_1_168' title='bbox 2174 969 2478 1041; x_wconf 87' lang='lat' dir='ltr'><strong>impietate</strong></span> <span class='ocrx_word' id='word_1_169' title='bbox 2504 975 2871 1025; x_wconf 88' lang='lat' dir='ltr'><strong>recesserunt</strong></span> <span class='ocrx_word' id='word_1_170' title='bbox 2898 987 2912 1025; x_wconf 88' lang='lat'><strong>:</strong></span> <span class='ocrx_word' id='word_1_171' title='bbox 2939 972 3323 1042; x_wconf 88' lang='lat' dir='ltr'><strong>postmodum</strong></span> <span class='ocrx_word' id='word_1_172' title='bbox 3351 989 3494 1030; x_wconf 86' lang='lat' dir='ltr'><strong>vero</strong></span> 
     </span>
    </p>
   </div>
   <div class='ocr_carea' id='block_1_30' title="bbox 1828 1056 3496 1133">
    <p class='ocr_par' dir='ltr' id='par_1_30' title="bbox 1828 1056 3496 1133">
     <span class='ocr_line' id='line_1_30' title="bbox 1828 1056 3496 1133; baseline 0.002 -20"><span class='ocrx_word' id='word_1_173' title='bbox 1828 1058 2086 1130; x_wconf 82' lang='lat' dir='ltr'><strong>perfecte</strong></span> <span class='ocrx_word' id='word_1_174' title='bbox 2118 1056 2282 1113; x_wconf 88' lang='lat' dir='ltr'><strong>idola</strong></span> <span class='ocrx_word' id='word_1_175' title='bbox 2300 1057 2682 1129; x_wconf 85' lang='lat' dir='ltr'><strong>reliquerunt.</strong></span> <span class='ocrx_word' id='word_1_176' title='bbox 2701 1057 3129 1114; x_wconf 86' lang='lat' dir='ltr'><strong>Verumtamen</strong></span> <span class='ocrx_word' id='word_1_177' title='bbox 3157 1060 3496 1133; x_wconf 86' lang='lat' dir='ltr'><strong>aliquantu-</strong></span> 
     </span>
    </p>
   </div>
   <div class='ocr_carea' id='block_1_31' title="bbox 1828 1146 3496 1219">
    <p class='ocr_par' dir='ltr' id='par_1_31' title="bbox 1828 1146 3496 1219">
     <span class='ocr_line' id='line_1_31' title="bbox 1828 1146 3496 1219; baseline 0.001 -16"><span class='ocrx_word' id='word_1_178' title='bbox 1828 1146 1954 1203; x_wconf 90' lang='lat' dir='ltr'><strong>lum</strong></span> <span class='ocrx_word' id='word_1_179' title='bbox 1986 1147 2183 1203; x_wconf 90' lang='lat' dir='ltr'><strong>adhuc</strong></span> <span class='ocrx_word' id='word_1_180' title='bbox 2204 1152 2329 1203; x_wconf 89' lang='lat' dir='ltr'><strong>erat</strong></span> <span class='ocrx_word' id='word_1_181' title='bbox 2349 1146 2825 1219; x_wconf 89' lang='lat' dir='ltr'><strong>ipsisdiscrimen</strong></span> <span class='ocrx_word' id='word_1_182' title='bbox 2846 1164 2880 1203; x_wconf 88' lang='lat' dir='ltr'><strong>a</strong></span> <span class='ocrx_word' id='word_1_183' title='bbox 2898 1147 3137 1203; x_wconf 73' lang='lat' dir='ltr'><strong>Judzeis.</strong></span> <span class='ocrx_word' id='word_1_184' title='bbox 3172 1150 3323 1205; x_wconf 89' lang='lat' dir='ltr'><strong>Nam</strong></span> <span class='ocrx_word' id='word_1_185' title='bbox 3354 1149 3496 1205; x_wconf 89' lang='lat' dir='ltr'><strong>solis</strong></span> 
     </span>
    </p>
   </div>
   <div class='ocr_carea' id='block_1_32' title="bbox 1832 1235 3494 1308">
    <p class='ocr_par' dir='ltr' id='par_1_32' title="bbox 1832 1235 3494 1308">
     <span class='ocr_line' id='line_1_32' title="bbox 1832 1235 3494 1308; baseline 0.003 -18"><span class='ocrx_word' id='word_1_186' title='bbox 1832 1235 2011 1292; x_wconf 88' lang='lat' dir='ltr'><strong>Mosis</strong></span> <span class='ocrx_word' id='word_1_187' title='bbox 2064 1236 2233 1292; x_wconf 89' lang='lat' dir='ltr'><strong>libris</strong></span> <span class='ocrx_word' id='word_1_188' title='bbox 2294 1236 2609 1307; x_wconf 86' lang='lat' dir='ltr'><strong>susceptis,</strong></span> <span class='ocrx_word' id='word_1_189' title='bbox 2671 1241 3015 1293; x_wconf 61' lang='lat' dir='ltr'><strong>ceterorum</strong></span> <span class='ocrx_word' id='word_1_190' title='bbox 3052 1253 3172 1293; x_wconf 90' lang='lat' dir='ltr'><strong>non</strong></span> <span class='ocrx_word' id='word_1_191' title='bbox 3206 1254 3494 1308; x_wconf 87' lang='lat' dir='ltr'><strong>magnam</strong></span> 
     </span>
    </p>
   </div>
   <div class='ocr_carea' id='block_1_33' title="bbox 1829 1324 2493 1382">
    <p class='ocr_par' dir='ltr' id='par_1_33' title="bbox 1829 1324 2493 1382">
     <span class='ocr_line' id='line_1_33' title="bbox 1829 1324 2493 1382; baseline -0.002 -2"><span class='ocrx_word' id='word_1_192' title='bbox 1829 1324 2138 1382; x_wconf 85' lang='lat' dir='ltr'><strong>habebant</strong></span> <span class='ocrx_word' id='word_1_193' title='bbox 2175 1325 2493 1381; x_wconf 89' lang='lat' dir='ltr'><strong>rationem.</strong></span> 
     </span>
    </p>
   </div>
   <div class='ocr_carea' id='block_1_34' title="bbox 1902 1500 3493 1578">
    <p class='ocr_par' dir='ltr' id='par_1_34' title="bbox 1902 1500 3493 1578">
     <span class='ocr_line' id='line_1_34' title="bbox 1902 1500 3493 1578; baseline 0.002 -20"><span class='ocrx_word' id='word_1_194' title='bbox 1902 1505 1944 1574; x_wconf 70' lang='grc' dir='ltr'><strong>-ί-</strong></span> <span class='ocrx_word' id='word_1_195' title='bbox 1965 1502 2296 1560; x_wconf 89' lang='lat' dir='ltr'><strong>Dicendum</strong></span> <span class='ocrx_word' id='word_1_196' title='bbox 2321 1507 2430 1569; x_wconf 89' lang='lat' dir='ltr'><strong>est,</strong></span> <span class='ocrx_word' id='word_1_197' title='bbox 2466 1503 2625 1561; x_wconf 89' lang='lat' dir='ltr'><strong>unde</strong></span> <span class='ocrx_word' id='word_1_198' title='bbox 2651 1504 3012 1561; x_wconf 87' lang='lat' dir='ltr'><strong>Samaritani</strong></span> <span class='ocrx_word' id='word_1_199' title='bbox 3036 1500 3163 1561; x_wconf 56' lang='lat' dir='ltr'><strong>‘sint</strong></span> <span class='ocrx_word' id='word_1_200' title='bbox 3188 1505 3493 1578; x_wconf 86' lang='lat' dir='ltr'><strong>appellati.</strong></span> 
     </span>
    </p>
   </div>
   <div class='ocr_carea' id='block_1_35' title="bbox 1831 1592 3499 1667">
    <p class='ocr_par' dir='ltr' id='par_1_35' title="bbox 1831 1592 3499 1667">
     <span class='ocr_line' id='line_1_35' title="bbox 1831 1592 3499 1667; baseline 0.001 -20"><span class='ocrx_word' id='word_1_201' title='bbox 1831 1592 2103 1648; x_wconf 87' lang='lat' dir='ltr'><strong>Samaria</strong></span> <span class='ocrx_word' id='word_1_202' title='bbox 2133 1608 2310 1649; x_wconf 88' lang='lat' dir='ltr'><strong>mons</strong></span> <span class='ocrx_word' id='word_1_203' title='bbox 2349 1596 2492 1657; x_wconf 89' lang='lat' dir='ltr'><strong>erat,</strong></span> <span class='ocrx_word' id='word_1_204' title='bbox 2509 1592 2659 1648; x_wconf 91' lang='lat' dir='ltr'><strong>sicut</strong></span> <span class='ocrx_word' id='word_1_205' title='bbox 2687 1593 2864 1649; x_wconf 89' lang='lat' dir='ltr'><strong>etiam</strong></span> <span class='ocrx_word' id='word_1_206' title='bbox 2902 1594 3048 1650; x_wconf 83' lang='lat' dir='ltr'><strong>dixit</strong></span> <span class='ocrx_word' id='word_1_207' title='bbox 3073 1594 3277 1653; x_wconf 85' lang='lat' dir='ltr'><strong>Isaias.</strong></span> <span class='ocrx_word' id='word_1_208' title='bbox 3317 1594 3499 1667; x_wconf 83' lang='lat' dir='ltr'><strong>Caput</strong></span> 
     </span>
    </p>
   </div>
   <div class='ocr_carea' id='block_1_36' title="bbox 111 1679 1725 1758">
    <p class='ocr_par' dir='ltr' id='par_1_36' title="bbox 111 1679 1725 1758">
     <span class='ocr_line' id='line_1_36' title="bbox 111 1679 1725 1758; baseline -0.001 -22"><span class='ocrx_word' id='word_1_209' title='bbox 111 1687 483 1758; x_wconf 73' lang='grc' dir='ltr'><strong>προσηγορίαν</strong></span> <span class='ocrx_word' id='word_1_210' title='bbox 534 1686 731 1742; x_wconf 73' lang='grc' dir='ltr'>ταύτην</span> <span class='ocrx_word' id='word_1_211' title='bbox 788 1680 986 1738; x_wconf 79' lang='grc' dir='ltr'>ἔλαϐον.</span> <span class='ocrx_word' id='word_1_212' title='bbox 1064 1686 1229 1758; x_wconf 76' lang='grc' dir='ltr'>Σομόρ</span> <span class='ocrx_word' id='word_1_213' title='bbox 1290 1686 1402 1758; x_wconf 63' lang='grc' dir='ltr'>ρῇοος</span> <span class='ocrx_word' id='word_1_214' title='bbox 1457 1679 1539 1747; x_wconf 76' lang='grc' dir='ltr'>ἦν,</span> <span class='ocrx_word' id='word_1_215' title='bbox 1588 1684 1725 1735; x_wconf 83' lang='grc' dir='ltr'><strong>καθὰ</strong></span> 
     </span>
    </p>
   </div>
   <div class='ocr_carea' id='block_1_37' title="bbox 1843 1679 3497 1758">
    <p class='ocr_par' dir='ltr' id='par_1_37' title="bbox 1843 1680 3497 1750">
     <span class='ocr_line' id='line_1_37' title="bbox 1843 1680 3497 1750; baseline 0.002 -14"><span class='ocrx_word' id='word_1_216' title='bbox 1843 1680 2126 1750; x_wconf 80' lang='lat' dir='ltr'><strong>Ephraim</strong></span> <span class='ocrx_word' id='word_1_217' title='bbox 2165 1680 2436 1738; x_wconf 83' lang='lat' dir='ltr'><strong>Samaria</strong></span> <span class='ocrx_word' id='word_1_218' title='bbox 2463 1682 2657 1748; x_wconf 72' lang='lat' dir='ltr'><strong>“.Qui</strong></span> <span class='ocrx_word' id='word_1_219' title='bbox 2689 1687 2889 1738; x_wconf 90' lang='lat' dir='ltr'><strong>autem</strong></span> <span class='ocrx_word' id='word_1_220' title='bbox 2910 1682 3345 1750; x_wconf 89' lang='lat' dir='ltr'><strong>inhabitabant,</strong></span> <span class='ocrx_word' id='word_1_221' title='bbox 3376 1700 3497 1740; x_wconf 89' lang='lat' dir='ltr'><strong>non</strong></span> 
     </span>
    </p>
   </div>
   <div class='ocr_carea' id='block_1_38' title="bbox 109 1771 1721 1847">
    <p class='ocr_par' dir='ltr' id='par_1_38' title="bbox 109 1771 1721 1847">
     <span class='ocr_line' id='line_1_38' title="bbox 109 1771 1721 1847; baseline -0.001 -22"><span class='ocrx_word' id='word_1_222' title='bbox 109 1777 205 1825; x_wconf 79' lang='grc' dir='ltr'>καὶ</span> <span class='ocrx_word' id='word_1_223' title='bbox 278 1771 501 1836; x_wconf 75' lang='grc' dir='ltr'>Ἡσαΐας</span> <span class='ocrx_word' id='word_1_224' title='bbox 564 1777 744 1846; x_wconf 76' lang='grc' dir='ltr'>φησὶν,</span> <span class='ocrx_word' id='word_1_225' title='bbox 806 1772 865 1825; x_wconf 76' lang='grc' dir='ltr'><strong><em>Ἠ</em></strong></span> <span class='ocrx_word' id='word_1_226' title='bbox 937 1772 1128 1844; x_wconf 77' lang='grc' dir='ltr'>κεφαλὴ</span> <span class='ocrx_word' id='word_1_227' title='bbox 1187 1777 1422 1846; x_wconf 77' lang='grc' dir='ltr'>Σομόρων</span> <span class='ocrx_word' id='word_1_228' title='bbox 1481 1773 1721 1847; x_wconf 80' lang='grc' dir='ltr'>Ἐφραίμ..</span> 
     </span>
    </p>
   </div>
   <div class='ocr_carea' id='block_1_39' title="bbox 108 1860 1727 1937">
    <p class='ocr_par' dir='ltr' id='par_1_39' title="bbox 108 1860 1727 1937">
     <span class='ocr_line' id='line_1_39' title="bbox 108 1860 1727 1937; baseline -0.002 -21"><span class='ocrx_word' id='word_1_229' title='bbox 108 1861 256 1916; x_wconf 76' lang='grc' dir='ltr'>Ἀλλ’</span> <span class='ocrx_word' id='word_1_230' title='bbox 327 1865 377 1914; x_wconf 85' lang='grc' dir='ltr'>οὶ</span> <span class='ocrx_word' id='word_1_231' title='bbox 423 1870 795 1926; x_wconf 81' lang='grc' dir='ltr'>κατοικοῦντες,</span> <span class='ocrx_word' id='word_1_232' title='bbox 843 1861 902 1914; x_wconf 74' lang='grc' dir='ltr'>οὐ</span> <span class='ocrx_word' id='word_1_233' title='bbox 957 1869 1292 1937; x_wconf 75' lang='grc' dir='ltr'><strong>Σαμαρεῖται,</strong></span> <span class='ocrx_word' id='word_1_234' title='bbox 1353 1860 1460 1914; x_wconf 78' lang='grc' dir='ltr'>ἀλλ’</span> <span class='ocrx_word' id='word_1_235' title='bbox 1518 1862 1727 1935; x_wconf 85' lang='grc' dir='ltr'>Ἰσραη-</span> 
     </span>
    </p>
   </div>
   <div class='ocr_carea' id='block_1_40' title="bbox 107 1947 1725 2028">
    <p class='ocr_par' dir='ltr' id='par_1_40' title="bbox 107 1947 1725 2028">
     <span class='ocr_line' id='line_1_40' title="bbox 107 1947 1725 2028; baseline 0.001 -25"><span class='ocrx_word' id='word_1_236' title='bbox 107 1951 258 2004; x_wconf 80' lang='grc' dir='ltr'>λῖται</span> <span class='ocrx_word' id='word_1_237' title='bbox 307 1949 558 2024; x_wconf 72' lang='grc' dir='ltr'>ἐλέγοντο.</span> <span class='ocrx_word' id='word_1_238' title='bbox 616 1956 816 2025; x_wconf 82' lang='grc' dir='ltr'>Χρόνου</span> <span class='ocrx_word' id='word_1_239' title='bbox 883 1947 943 2004; x_wconf 70' lang='grc' dir='ltr'><strong>δὲ</strong></span> <span class='ocrx_word' id='word_1_240' title='bbox 1007 1956 1275 2023; x_wconf 82' lang='grc' dir='ltr'>προίόντος</span> <span class='ocrx_word' id='word_1_241' title='bbox 1332 1952 1725 2028; x_wconf 77' lang='grc' dir='ltr'>προσέκρουσαν</span> 
     </span>
    </p>
   </div>
   <div class='ocr_carea' id='block_1_41' title="bbox 107 2039 1725 2114">
    <p class='ocr_par' dir='ltr' id='par_1_41' title="bbox 107 2039 1725 2114">
     <span class='ocr_line' id='line_1_41' title="bbox 107 2039 1725 2114; baseline 0.001 -21"><span class='ocrx_word' id='word_1_242' title='bbox 107 2049 185 2111; x_wconf 83' lang='grc' dir='ltr'>τῷ</span> <span class='ocrx_word' id='word_1_243' title='bbox 248 2046 383 2111; x_wconf 84' lang='grc' dir='ltr'>θεῷ,</span> <span class='ocrx_word' id='word_1_244' title='bbox 445 2045 536 2093; x_wconf 80' lang='grc' dir='ltr'>καὶ</span> <span class='ocrx_word' id='word_1_245' title='bbox 593 2039 959 2114; x_wconf 80' lang='grc' dir='ltr'>βασιλεύοντος</span> <span class='ocrx_word' id='word_1_246' title='bbox 1019 2044 1180 2095; x_wconf 65' lang='grc' dir='ltr'>Φαδιεέ</span> <span class='ocrx_word' id='word_1_247' title='bbox 1246 2040 1462 2094; x_wconf 79' lang='grc' dir='ltr'>ἀνελθὼν</span> <span class='ocrx_word' id='word_1_248' title='bbox 1521 2040 1725 2114; x_wconf 71' lang='grc' dir='ltr'>Θεγλὰθ</span> 
     </span>
    </p>
   </div>
   <div class='ocr_carea' id='block_1_42' title="bbox 109 2126 1726 2203">
    <p class='ocr_par' dir='ltr' id='par_1_42' title="bbox 109 2126 1726 2203">
     <span class='ocr_line' id='line_1_42' title="bbox 109 2126 1726 2203; baseline -0.002 -18"><span class='ocrx_word' id='word_1_249' title='bbox 109 2131 368 2203; x_wconf 73' lang='grc' dir='ltr'>Φαλασὰρ</span> <span class='ocrx_word' id='word_1_250' title='bbox 433 2129 606 2192; x_wconf 82' lang='grc' dir='ltr'>πόλεις</span> <span class='ocrx_word' id='word_1_251' title='bbox 680 2149 736 2183; x_wconf 89' lang='grc' dir='ltr'><strong>τε</strong></span> <span class='ocrx_word' id='word_1_252' title='bbox 800 2126 899 2183; x_wconf 71' lang='grc' dir='ltr'>εἷλε</span> <span class='ocrx_word' id='word_1_253' title='bbox 972 2129 1164 2193; x_wconf 76' lang='grc' dir='ltr'>πολλὰς</span> <span class='ocrx_word' id='word_1_254' title='bbox 1230 2134 1320 2183; x_wconf 78' lang='grc' dir='ltr'>καὶ</span> <span class='ocrx_word' id='word_1_255' title='bbox 1384 2128 1590 2183; x_wconf 76' lang='grc' dir='ltr'><strong>ἐπέθετο</strong></span> <span class='ocrx_word' id='word_1_256' title='bbox 1654 2138 1726 2201; x_wconf 84' lang='grc' dir='ltr'>τῷ</span> 
     </span>
    </p>
   </div>
   <div class='ocr_carea' id='block_1_43' title="bbox 108 2216 1728 2293">
    <p class='ocr_par' dir='ltr' id='par_1_43' title="bbox 108 2216 1728 2293">
     <span class='ocr_line' id='line_1_43' title="bbox 108 2216 1728 2293; baseline 0.001 -22"><span class='ocrx_word' id='word_1_257' title='bbox 108 2217 273 2290; x_wconf 81' lang='grc' dir='ltr'>’Βλᾲ,</span> <span class='ocrx_word' id='word_1_258' title='bbox 312 2223 400 2272; x_wconf 72' lang='grc' dir='ltr'>καὶ</span> <span class='ocrx_word' id='word_1_259' title='bbox 452 2216 638 2272; x_wconf 80' lang='grc' dir='ltr'>ἀνελὼν</span> <span class='ocrx_word' id='word_1_260' title='bbox 694 2219 869 2285; x_wconf 75' lang='grc' dir='ltr'>αὐτόν,</span> <span class='ocrx_word' id='word_1_261' title='bbox 924 2221 1085 2278; x_wconf 67' lang='grc' dir='ltr'>Ὠσηὲ</span> <span class='ocrx_word' id='word_1_262' title='bbox 1133 2223 1225 2279; x_wconf 77' lang='grc' dir='ltr'>τὴν</span> <span class='ocrx_word' id='word_1_263' title='bbox 1275 2217 1541 2293; x_wconf 87' lang='grc' dir='ltr'>βασιλείαν</span> <span class='ocrx_word' id='word_1_264' title='bbox 1601 2216 1728 2272; x_wconf 69' lang='grc' dir='ltr'><strong>ἔδω-</strong></span> 
     </span>
    </p>
   </div>
   <div class='ocr_carea' id='block_1_44' title="bbox 110 2307 1729 2385">
    <p class='ocr_par' dir='ltr' id='par_1_44' title="bbox 110 2307 1729 2385">
     <span class='ocr_line' id='line_1_44' title="bbox 110 2307 1729 2385; baseline 0.002 -26"><span class='ocrx_word' id='word_1_265' title='bbox 110 2328 219 2364; x_wconf 84' lang='grc' dir='ltr'>κεν.</span> <span class='ocrx_word' id='word_1_266' title='bbox 282 2310 402 2362; x_wconf 78' lang='grc' dir='ltr'><strong>Ἐπὶ</strong></span> <span class='ocrx_word' id='word_1_267' title='bbox 445 2315 625 2361; x_wconf 77' lang='grc' dir='ltr'>τοῦτον</span> <span class='ocrx_word' id='word_1_268' title='bbox 681 2307 836 2361; x_wconf 80' lang='grc' dir='ltr'>ἐλθὼν</span> <span class='ocrx_word' id='word_1_269' title='bbox 894 2309 920 2361; x_wconf 86' lang='grc' dir='ltr'>ὁ</span> <span class='ocrx_word' id='word_1_270' title='bbox 978 2309 1341 2385; x_wconf 75' lang='grc' dir='ltr'>Σαλμανασαρ,</span> <span class='ocrx_word' id='word_1_271' title='bbox 1415 2309 1515 2362; x_wconf 82' lang='grc' dir='ltr'>εἷλε</span> <span class='ocrx_word' id='word_1_272' title='bbox 1561 2308 1729 2371; x_wconf 85' lang='grc' dir='ltr'>πόλεις</span> 
     </span>
    </p>
   </div>
   <div class='ocr_carea' id='block_1_45' title="bbox 112 2394 1728 2473">
    <p class='ocr_par' dir='ltr' id='par_1_45' title="bbox 112 2394 1728 2473">
     <span class='ocr_line' id='line_1_45' title="bbox 112 2394 1728 2473; baseline 0.001 -23"><span class='ocrx_word' id='word_1_273' title='bbox 112 2398 290 2473; x_wconf 72' lang='grc' dir='ltr'>ἐτέρας</span> <span class='ocrx_word' id='word_1_274' title='bbox 340 2401 431 2450; x_wconf 82' lang='grc' dir='ltr'>καὶ</span> <span class='ocrx_word' id='word_1_275' title='bbox 487 2398 777 2473; x_wconf 61' lang='grc' dir='ltr'>ὑποφόρους</span> <span class='ocrx_word' id='word_1_276' title='bbox 827 2397 1065 2457; x_wconf 79' lang='grc' dir='ltr'>ἐποίησεν</span> <span class='ocrx_word' id='word_1_277' title='bbox 1100 2416 1113 2428; x_wconf 90' lang='grc'><strong>·</strong></span> <span class='ocrx_word' id='word_1_278' title='bbox 1143 2398 1300 2459; x_wconf 77' lang='grc' dir='ltr'>αὐτὸς</span> <span class='ocrx_word' id='word_1_279' title='bbox 1356 2394 1415 2451; x_wconf 64' lang='grc' dir='ltr'><strong>δε</strong></span> <span class='ocrx_word' id='word_1_280' title='bbox 1461 2402 1590 2473; x_wconf 86' lang='grc' dir='ltr'>πρὸς</span> <span class='ocrx_word' id='word_1_281' title='bbox 1634 2403 1728 2458; x_wconf 78' lang='grc' dir='ltr'>τὴν</span> 
     </span>
    </p>
   </div>
   <div class='ocr_carea' id='block_1_46' title="bbox 110 2487 1729 2561">
    <p class='ocr_par' dir='ltr' id='par_1_46' title="bbox 110 2487 1729 2561">
     <span class='ocr_line' id='line_1_46' title="bbox 110 2487 1729 2561; baseline 0.001 -21"><span class='ocrx_word' id='word_1_282' title='bbox 110 2495 217 2540; x_wconf 86' lang='grc' dir='ltr'><strong>τῶν</strong></span> <span class='ocrx_word' id='word_1_283' title='bbox 274 2487 539 2540; x_wconf 81' lang='grc' dir='ltr'>Αἰθιόπων</span> <span class='ocrx_word' id='word_1_284' title='bbox 625 2492 881 2560; x_wconf 74' lang='grc' dir='ltr'><strong>κατέφυγε</strong></span> <span class='ocrx_word' id='word_1_285' title='bbox 944 2492 1277 2561; x_wconf 69' lang='grc' dir='ltr'>συμμαχίαν.</span> <span class='ocrx_word' id='word_1_286' title='bbox 1355 2494 1522 2559; x_wconf 80' lang='grc' dir='ltr'>Ἔγνω</span> <span class='ocrx_word' id='word_1_287' title='bbox 1577 2496 1729 2541; x_wconf 82' lang='grc' dir='ltr'>τοῦτο</span> 
     </span>
    </p>
   </div>
   <div class='ocr_carea' id='block_1_47' title="bbox 113 2574 1724 2652">
    <p class='ocr_par' dir='ltr' id='par_1_47' title="bbox 113 2574 1724 2652">
     <span class='ocr_line' id='line_1_47' title="bbox 113 2574 1724 2652; baseline 0 -24"><span class='ocrx_word' id='word_1_288' title='bbox 113 2578 141 2628; x_wconf 86' lang='lat'><strong>6</strong></span> <span class='ocrx_word' id='word_1_289' title='bbox 184 2575 500 2649; x_wconf 77' lang='grc' dir='ltr'>Ἀσσύριος,</span> <span class='ocrx_word' id='word_1_290' title='bbox 545 2581 634 2628; x_wconf 85' lang='grc' dir='ltr'><strong>καὶ</strong></span> <span class='ocrx_word' id='word_1_291' title='bbox 677 2574 1111 2652; x_wconf 73' lang='grc' dir='ltr'>ἐπιστρατεύσας,</span> <span class='ocrx_word' id='word_1_292' title='bbox 1166 2581 1255 2629; x_wconf 84' lang='grc' dir='ltr'>καὶ</span> <span class='ocrx_word' id='word_1_293' title='bbox 1312 2574 1496 2629; x_wconf 74' lang='grc' dir='ltr'>ἀνελὼν</span> <span class='ocrx_word' id='word_1_294' title='bbox 1553 2577 1724 2644; x_wconf 74' lang='grc' dir='ltr'>αὑτὸν,</span> 
     </span>
    </p>
   </div>
   <div class='ocr_carea' id='block_1_48' title="bbox 113 2663 1731 2739">
    <p class='ocr_par' dir='ltr' id='par_1_48' title="bbox 113 2663 1731 2739">
     <span class='ocr_line' id='line_1_48' title="bbox 113 2663 1731 2739; baseline 0 -20"><span class='ocrx_word' id='word_1_295' title='bbox 113 2666 294 2719; x_wconf 72' lang='grc' dir='ltr'>οὐκέτι</span> <span class='ocrx_word' id='word_1_296' title='bbox 351 2668 409 2718; x_wconf 86' lang='grc' dir='ltr'>τὸ</span> <span class='ocrx_word' id='word_1_297' title='bbox 453 2668 589 2727; x_wconf 82' lang='grc' dir='ltr'>ἔθνος</span> <span class='ocrx_word' id='word_1_298' title='bbox 646 2663 749 2718; x_wconf 82' lang='grc' dir='ltr'><strong>ἐκεῖ</strong></span> <span class='ocrx_word' id='word_1_299' title='bbox 814 2669 979 2738; x_wconf 75' lang='grc' dir='ltr'>μένειν</span> <span class='ocrx_word' id='word_1_300' title='bbox 1034 2664 1252 2739; x_wconf 75' lang='grc' dir='ltr'>ἀφίησιν</span> <span class='ocrx_word' id='word_1_301' title='bbox 1286 2683 1298 2697; x_wconf 90' lang='grc'><strong>·</strong></span> <span class='ocrx_word' id='word_1_302' title='bbox 1341 2665 1467 2718; x_wconf 72' lang='grc' dir='ltr'>ἄλλα</span> <span class='ocrx_word' id='word_1_303' title='bbox 1514 2669 1731 2729; x_wconf 82' lang='grc' dir='ltr'>τούτους</span> 
     </span>
    </p>
   </div>
   <div class='ocr_carea' id='block_1_49' title="bbox 109 2752 1727 2829">
    <p class='ocr_par' dir='ltr' id='par_1_49' title="bbox 109 2752 1727 2829">
     <span class='ocr_line' id='line_1_49' title="bbox 109 2752 1727 2829; baseline 0.001 -22"><span class='ocrx_word' id='word_1_304' title='bbox 109 2759 207 2828; x_wconf 66' lang='grc' dir='ltr'><strong>μὲν</strong></span> <span class='ocrx_word' id='word_1_305' title='bbox 252 2755 322 2816; x_wconf 86' lang='grc' dir='ltr'>εἰς</span> <span class='ocrx_word' id='word_1_306' title='bbox 358 2753 631 2808; x_wconf 79' lang='grc' dir='ltr'>Βαϐυλῶνα</span> <span class='ocrx_word' id='word_1_307' title='bbox 670 2759 884 2827; x_wconf 70' lang='grc' dir='ltr'>ἤγαγεν,</span> <span class='ocrx_word' id='word_1_308' title='bbox 936 2756 1125 2809; x_wconf 79' lang='grc' dir='ltr'>ἐκεῖθεν</span> <span class='ocrx_word' id='word_1_309' title='bbox 1167 2752 1226 2809; x_wconf 69' lang='grc' dir='ltr'>δε</span> <span class='ocrx_word' id='word_1_310' title='bbox 1270 2757 1386 2814; x_wconf 82' lang='grc' dir='ltr'>ἔθνη</span> <span class='ocrx_word' id='word_1_311' title='bbox 1426 2754 1481 2807; x_wconf 75' lang='grc' dir='ltr'><strong>ἐκ</strong></span> <span class='ocrx_word' id='word_1_312' title='bbox 1536 2752 1727 2829; x_wconf 72' lang='grc' dir='ltr'>διαφό-</span> 
     </span>
    </p>
   </div>
   <div class='ocr_carea' id='block_1_50' title="bbox 109 2842 1725 2920">
    <p class='ocr_par' dir='ltr' id='par_1_50' title="bbox 109 2842 1725 2920">
     <span class='ocr_line' id='line_1_50' title="bbox 109 2842 1725 2920; baseline 0.002 -25"><span class='ocrx_word' id='word_1_313' title='bbox 109 2865 220 2920; x_wconf 80' lang='grc' dir='ltr'><strong>ρων</strong></span> <span class='ocrx_word' id='word_1_314' title='bbox 286 2849 460 2897; x_wconf 88' lang='grc' dir='ltr'>τόπων</span> <span class='ocrx_word' id='word_1_315' title='bbox 535 2842 764 2915; x_wconf 78' lang='grc' dir='ltr'>ἀγαγὼν,</span> <span class='ocrx_word' id='word_1_316' title='bbox 847 2865 1136 2917; x_wconf 81' lang='grc' dir='ltr'>κατῳκισεν</span> <span class='ocrx_word' id='word_1_317' title='bbox 1198 2843 1247 2897; x_wconf 76' lang='grc' dir='ltr'>ἓν</span> <span class='ocrx_word' id='word_1_318' title='bbox 1312 2853 1375 2918; x_wconf 78' lang='grc' dir='ltr'>τῇ</span> <span class='ocrx_word' id='word_1_319' title='bbox 1444 2850 1725 2920; x_wconf 75' lang='grc' dir='ltr'>Σαμαρείᾳ,</span> 
     </span>
    </p>
   </div>
   <div class='ocr_carea' id='block_1_51' title="bbox 110 2931 1729 3008">
    <p class='ocr_par' dir='ltr' id='par_1_51' title="bbox 110 2931 1729 3008">
     <span class='ocr_line' id='line_1_51' title="bbox 110 2931 1729 3008; baseline 0.001 -22"><span class='ocrx_word' id='word_1_320' title='bbox 110 2936 253 2986; x_wconf 76' lang='grc' dir='ltr'>ὥστε</span> <span class='ocrx_word' id='word_1_321' title='bbox 300 2932 481 2986; x_wconf 79' lang='grc' dir='ltr'>λοιπόν</span> <span class='ocrx_word' id='word_1_322' title='bbox 526 2931 728 3006; x_wconf 68' lang='grc' dir='ltr'>ἀσφαλῆ</span> <span class='ocrx_word' id='word_1_323' title='bbox 781 2934 921 3006; x_wconf 62' lang='grc' dir='ltr'><strong>αὐτῷ</strong></span> <span class='ocrx_word' id='word_1_324' title='bbox 971 2939 1065 2993; x_wconf 84' lang='grc' dir='ltr'><strong>τήν</strong></span> <span class='ocrx_word' id='word_1_325' title='bbox 1123 2933 1299 3008; x_wconf 75' lang='grc' dir='ltr'>ἀρχὴν</span> <span class='ocrx_word' id='word_1_326' title='bbox 1349 2931 1499 3001; x_wconf 83' lang='grc' dir='ltr'>εἶναι,</span> <span class='ocrx_word' id='word_1_327' title='bbox 1550 2943 1647 2986; x_wconf 87' lang='grc' dir='ltr'><strong>τῶν</strong></span> <span class='ocrx_word' id='word_1_328' title='bbox 1679 2935 1729 2987; x_wconf 89' lang='grc' dir='ltr'>οἰ</span> 
     </span>
    </p>
   </div>
   <div class='ocr_carea' id='block_1_52' title="bbox 1836 1769 3496 1844">
    <p class='ocr_par' dir='ltr' id='par_1_52' title="bbox 1836 1769 3496 1844">
     <span class='ocr_line' id='line_1_52' title="bbox 1836 1769 3496 1844; baseline 0.002 -18"><span class='ocrx_word' id='word_1_329' title='bbox 1836 1769 2211 1838; x_wconf 89' lang='lat' dir='ltr'><strong>Samaritani,</strong></span> <span class='ocrx_word' id='word_1_330' title='bbox 2259 1771 2364 1827; x_wconf 92' lang='lat' dir='ltr'><strong>sed</strong></span> <span class='ocrx_word' id='word_1_331' title='bbox 2417 1770 2692 1827; x_wconf 66' lang='lat' dir='ltr'><strong>lsraelitm</strong></span> <span class='ocrx_word' id='word_1_332' title='bbox 2752 1771 3121 1828; x_wconf 83' lang='lat' dir='ltr'><strong>dicebantur.</strong></span> <span class='ocrx_word' id='word_1_333' title='bbox 3190 1774 3496 1844; x_wconf 88' lang='lat' dir='ltr'><strong>Temporis</strong></span> 
     </span>
    </p>
   </div>
   <div class='ocr_carea' id='block_1_53' title="bbox 1833 1858 3499 1931">
    <p class='ocr_par' dir='ltr' id='par_1_53' title="bbox 1833 1858 3499 1931">
     <span class='ocr_line' id='line_1_53' title="bbox 1833 1858 3499 1931; baseline 0.002 -15"><span class='ocrx_word' id='word_1_334' title='bbox 1833 1865 2035 1916; x_wconf 84' lang='lat' dir='ltr'><strong>autem</strong></span> <span class='ocrx_word' id='word_1_335' title='bbox 2067 1873 2414 1931; x_wconf 86' lang='lat' dir='ltr'><strong>progressu,</strong></span> <span class='ocrx_word' id='word_1_336' title='bbox 2439 1875 2576 1916; x_wconf 90' lang='lat' dir='ltr'><strong>cum</strong></span> <span class='ocrx_word' id='word_1_337' title='bbox 2603 1858 2931 1917; x_wconf 88' lang='lat' dir='ltr'><strong>irritassent</strong></span> <span class='ocrx_word' id='word_1_338' title='bbox 2956 1860 3301 1930; x_wconf 91' lang='lat' dir='ltr'><strong>Dominum,</strong></span> <span class='ocrx_word' id='word_1_339' title='bbox 3324 1866 3383 1918; x_wconf 90' lang='lat' dir='ltr'><strong>et</strong></span> <span class='ocrx_word' id='word_1_340' title='bbox 3409 1878 3499 1919; x_wconf 91' lang='lat' dir='ltr'><strong>re-</strong></span> 
     </span>
    </p>
   </div>
   <div class='ocr_carea' id='block_1_54' title="bbox 1834 1948 3498 2023">
    <p class='ocr_par' dir='ltr' id='par_1_54' title="bbox 1834 1948 3498 2023">
     <span class='ocr_line' id='line_1_54' title="bbox 1834 1948 3498 2023; baseline 0.002 -19"><span class='ocrx_word' id='word_1_341' title='bbox 1834 1954 2044 2019; x_wconf 85' lang='lat' dir='ltr'><strong>gnaret</strong></span> <span class='ocrx_word' id='word_1_342' title='bbox 2071 1949 2310 2019; x_wconf 84' lang='lat' dir='ltr'><strong>Phacee,</strong></span> <span class='ocrx_word' id='word_1_343' title='bbox 2335 1948 2670 2006; x_wconf 88' lang='lat' dir='ltr'><strong>ascendens</strong></span> <span class='ocrx_word' id='word_1_344' title='bbox 2689 1949 3255 2023; x_wconf 84' lang='lat' dir='ltr'><strong>Tbeglat-Phalasar</strong></span> <span class='ocrx_word' id='word_1_345' title='bbox 3277 1952 3498 2008; x_wconf 89' lang='lat' dir='ltr'><strong>multas</strong></span> 
     </span>
    </p>
   </div>
   <div class='ocr_carea' id='block_1_55' title="bbox 1834 2037 3496 2112">
    <p class='ocr_par' dir='ltr' id='par_1_55' title="bbox 1834 2037 3496 2112">
     <span class='ocr_line' id='line_1_55' title="bbox 1834 2037 3496 2112; baseline 0.002 -18"><span class='ocrx_word' id='word_1_346' title='bbox 1834 2037 1964 2094; x_wconf 87' lang='lat' dir='ltr'><strong>tulit</strong></span> <span class='ocrx_word' id='word_1_347' title='bbox 1984 2037 2273 2103; x_wconf 87' lang='lat' dir='ltr'><strong>civitates,</strong></span> <span class='ocrx_word' id='word_1_348' title='bbox 2315 2043 2371 2094; x_wconf 91' lang='lat' dir='ltr'><strong>et</strong></span> <span class='ocrx_word' id='word_1_349' title='bbox 2400 2038 2461 2094; x_wconf 89' lang='lat' dir='ltr'><strong>in</strong></span> <span class='ocrx_word' id='word_1_350' title='bbox 2494 2038 2655 2094; x_wconf 85' lang='lat' dir='ltr'><strong>Elam</strong></span> <span class='ocrx_word' id='word_1_351' title='bbox 2695 2037 2861 2094; x_wconf 90' lang='lat' dir='ltr'><strong>irruit</strong></span> <span class='ocrx_word' id='word_1_352' title='bbox 2890 2039 3138 2112; x_wconf 88' lang='lat' dir='ltr'><strong>ipsoque</strong></span> <span class='ocrx_word' id='word_1_353' title='bbox 3167 2039 3496 2107; x_wconf 80' lang='lat' dir='ltr'><strong>interfecto,</strong></span> 
     </span>
    </p>
   </div>
   <div class='ocr_carea' id='block_1_56' title="bbox 1837 2127 3497 2199">
    <p class='ocr_par' dir='ltr' id='par_1_56' title="bbox 1837 2127 3497 2199">
     <span class='ocr_line' id='line_1_56' title="bbox 1837 2127 3497 2199; baseline 0.001 -13"><span class='ocrx_word' id='word_1_354' title='bbox 1837 2130 1981 2186; x_wconf 91' lang='lat' dir='ltr'><strong>Osee</strong></span> <span class='ocrx_word' id='word_1_355' title='bbox 2007 2143 2259 2199; x_wconf 84' lang='lat' dir='ltr'><strong>regnum</strong></span> <span class='ocrx_word' id='word_1_356' title='bbox 2293 2127 2549 2185; x_wconf 87' lang='lat' dir='ltr'><strong>tradidit.</strong></span> <span class='ocrx_word' id='word_1_357' title='bbox 2585 2129 2971 2185; x_wconf 88' lang='lat' dir='ltr'><strong>Postmodum</strong></span> <span class='ocrx_word' id='word_1_358' title='bbox 2997 2145 3134 2185; x_wconf 86' lang='lat' dir='ltr'><strong>vero</strong></span> <span class='ocrx_word' id='word_1_359' title='bbox 3164 2131 3497 2188; x_wconf 89' lang='lat' dir='ltr'><strong>ascendens</strong></span> 
     </span>
    </p>
   </div>
   <div class='ocr_carea' id='block_1_57' title="bbox 1838 2215 3496 2290">
    <p class='ocr_par' dir='ltr' id='par_1_57' title="bbox 1838 2215 3496 2290">
     <span class='ocr_line' id='line_1_57' title="bbox 1838 2215 3496 2290; baseline -0.001 -16"><span class='ocrx_word' id='word_1_360' title='bbox 1838 2216 2218 2274; x_wconf 87' lang='lat' dir='ltr'><strong>Salmanasar</strong></span> <span class='ocrx_word' id='word_1_361' title='bbox 2247 2215 2501 2290; x_wconf 88' lang='lat' dir='ltr'><strong>reliquas</strong></span> <span class='ocrx_word' id='word_1_362' title='bbox 2530 2215 2664 2272; x_wconf 90' lang='lat' dir='ltr'><strong>tulit</strong></span> <span class='ocrx_word' id='word_1_363' title='bbox 2702 2217 2989 2285; x_wconf 84' lang='lat' dir='ltr'><strong>civitates,</strong></span> <span class='ocrx_word' id='word_1_364' title='bbox 3029 2217 3283 2289; x_wconf 79' lang='lat' dir='ltr'><strong>fecitque</strong></span> <span class='ocrx_word' id='word_1_365' title='bbox 3318 2216 3496 2272; x_wconf 82' lang='lat' dir='ltr'><strong>tribu-</strong></span> 
     </span>
    </p>
   </div>
   <div class='ocr_carea' id='block_1_58' title="bbox 1837 2304 3495 2378">
    <p class='ocr_par' dir='ltr' id='par_1_58' title="bbox 1837 2304 3495 2378">
     <span class='ocr_line' id='line_1_58' title="bbox 1837 2304 3495 2378; baseline -0.001 -16"><span class='ocrx_word' id='word_1_366' title='bbox 1837 2308 2044 2374; x_wconf 88' lang='lat' dir='ltr'><strong>tarias;</strong></span> <span class='ocrx_word' id='word_1_367' title='bbox 2072 2306 2167 2362; x_wconf 90' lang='lat' dir='ltr'><strong>hic</strong></span> <span class='ocrx_word' id='word_1_368' title='bbox 2188 2309 2390 2362; x_wconf 87' lang='lat' dir='ltr'><strong>autem</strong></span> <span class='ocrx_word' id='word_1_369' title='bbox 2408 2305 2485 2361; x_wconf 89' lang='lat' dir='ltr'><strong>ad</strong></span> <span class='ocrx_word' id='word_1_370' title='bbox 2514 2305 2863 2378; x_wconf 57' lang='lat' dir='ltr'><strong>Atthiopum</strong></span> <span class='ocrx_word' id='word_1_371' title='bbox 2884 2304 3149 2375; x_wconf 81' lang='lat' dir='ltr'><strong>confugit</strong></span> <span class='ocrx_word' id='word_1_372' title='bbox 3174 2305 3495 2362; x_wconf 86' lang='lat' dir='ltr'><strong>auxilium:</strong></span> 
     </span>
    </p>
   </div>
   <div class='ocr_carea' id='block_1_59' title="bbox 1837 2393 3502 2471">
    <p class='ocr_par' dir='ltr' id='par_1_59' title="bbox 1837 2393 3502 2471">
     <span class='ocr_line' id='line_1_59' title="bbox 1837 2393 3502 2471; baseline 0.001 -21"><span class='ocrx_word' id='word_1_373' title='bbox 1837 2394 2264 2467; x_wconf 88' lang='lat' dir='ltr'><strong>quodaudiens</strong></span> <span class='ocrx_word' id='word_1_374' title='bbox 2281 2395 2564 2467; x_wconf 83' lang='lat' dir='ltr'><strong>Assyrius</strong></span> <span class='ocrx_word' id='word_1_375' title='bbox 2595 2398 2801 2467; x_wconf 88' lang='lat' dir='ltr'><strong>parato</strong></span> <span class='ocrx_word' id='word_1_376' title='bbox 2818 2395 3076 2471; x_wconf 73' lang='lat' dir='ltr'><strong>exercitu</strong></span> <span class='ocrx_word' id='word_1_377' title='bbox 3105 2395 3303 2467; x_wconf 88' lang='lat' dir='ltr'><strong>ipsum</strong></span> <span class='ocrx_word' id='word_1_378' title='bbox 3327 2393 3502 2451; x_wconf 89' lang='lat' dir='ltr'><strong>inter-</strong></span> 
     </span>
    </p>
   </div>
   <div class='ocr_carea' id='block_1_60' title="bbox 1837 2483 3496 2557">
    <p class='ocr_par' dir='ltr' id='par_1_60' title="bbox 1837 2483 3496 2557">
     <span class='ocr_line' id='line_1_60' title="bbox 1837 2483 3496 2557; baseline -0.001 -17"><span class='ocrx_word' id='word_1_379' title='bbox 1837 2484 2000 2553; x_wconf 89' lang='lat' dir='ltr'><strong>emit,</strong></span> <span class='ocrx_word' id='word_1_380' title='bbox 2041 2500 2236 2557; x_wconf 90' lang='lat' dir='ltr'><strong>neque</strong></span> <span class='ocrx_word' id='word_1_381' title='bbox 2289 2489 2524 2554; x_wconf 81' lang='lat' dir='ltr'><strong>gentem</strong></span> <span class='ocrx_word' id='word_1_382' title='bbox 2555 2483 2774 2539; x_wconf 75' lang='lat' dir='ltr'><strong>diutius</strong></span> <span class='ocrx_word' id='word_1_383' title='bbox 2803 2483 2887 2539; x_wconf 89' lang='lat' dir='ltr'><strong>ibi</strong></span> <span class='ocrx_word' id='word_1_384' title='bbox 2926 2498 3167 2539; x_wconf 91' lang='lat' dir='ltr'><strong>manere</strong></span> <span class='ocrx_word' id='word_1_385' title='bbox 3206 2484 3496 2556; x_wconf 87' lang='lat' dir='ltr'><strong>permisit,</strong></span> 
     </span>
    </p>
   </div>
   <div class='ocr_carea' id='block_1_61' title="bbox 1837 2571 3498 2644">
    <p class='ocr_par' dir='ltr' id='par_1_61' title="bbox 1837 2571 3498 2644">
     <span class='ocr_line' id='line_1_61' title="bbox 1837 2571 3498 2644; baseline -0.001 -17"><span class='ocrx_word' id='word_1_386' title='bbox 1837 2571 1940 2628; x_wconf 90' lang='lat' dir='ltr'><strong>sed</strong></span> <span class='ocrx_word' id='word_1_387' title='bbox 1963 2571 2326 2628; x_wconf 88' lang='lat' dir='ltr'><strong>hosduxitin</strong></span> <span class='ocrx_word' id='word_1_388' title='bbox 2343 2571 2753 2644; x_wconf 87' lang='lat' dir='ltr'><strong>Babyloniam,</strong></span> <span class='ocrx_word' id='word_1_389' title='bbox 2786 2576 2841 2627; x_wconf 89' lang='lat' dir='ltr'><strong>et</strong></span> <span class='ocrx_word' id='word_1_390' title='bbox 2866 2571 3004 2627; x_wconf 89' lang='lat' dir='ltr'><strong>inde</strong></span> <span class='ocrx_word' id='word_1_391' title='bbox 3028 2571 3205 2626; x_wconf 88' lang='lat' dir='ltr'><strong>variis</strong></span> <span class='ocrx_word' id='word_1_392' title='bbox 3221 2572 3498 2641; x_wconf 82' lang='lat' dir='ltr'><strong>gentibus</strong></span> 
     </span>
    </p>
   </div>
   <div class='ocr_carea' id='block_1_62' title="bbox 1837 2658 3503 2733">
    <p class='ocr_par' dir='ltr' id='par_1_62' title="bbox 1837 2658 3503 2733">
     <span class='ocr_line' id='line_1_62' title="bbox 1837 2658 3503 2733; baseline 0 -17"><span class='ocrx_word' id='word_1_393' title='bbox 1837 2659 2066 2716; x_wconf 89' lang='lat' dir='ltr'><strong>eductis</strong></span> <span class='ocrx_word' id='word_1_394' title='bbox 2091 2661 2149 2715; x_wconf 92' lang='lat' dir='ltr'><strong>in</strong></span> <span class='ocrx_word' id='word_1_395' title='bbox 2174 2660 2443 2717; x_wconf 89' lang='lat' dir='ltr'><strong>Samaria</strong></span> <span class='ocrx_word' id='word_1_396' title='bbox 2465 2659 2733 2716; x_wconf 88' lang='lat' dir='ltr'><strong>habitare</strong></span> <span class='ocrx_word' id='word_1_397' title='bbox 2756 2658 2908 2725; x_wconf 86' lang='lat' dir='ltr'><strong>fecit,</strong></span> <span class='ocrx_word' id='word_1_398' title='bbox 2936 2660 3264 2733; x_wconf 87' lang='lat' dir='ltr'><strong>utpropriis</strong></span> <span class='ocrx_word' id='word_1_399' title='bbox 3291 2660 3503 2716; x_wconf 89' lang='lat' dir='ltr'><strong>subdi-</strong></span> 
     </span>
    </p>
   </div>
   <div class='ocr_carea' id='block_1_63' title="bbox 1835 2747 3503 2822">
    <p class='ocr_par' dir='ltr' id='par_1_63' title="bbox 1835 2747 3503 2822">
     <span class='ocr_line' id='line_1_63' title="bbox 1835 2747 3503 2822; baseline 0 -18"><span class='ocrx_word' id='word_1_400' title='bbox 1835 2750 1908 2805; x_wconf 90' lang='lat' dir='ltr'><strong>tis</strong></span> <span class='ocrx_word' id='word_1_401' title='bbox 1936 2749 2138 2805; x_wconf 90' lang='lat' dir='ltr'><strong>locum</strong></span> <span class='ocrx_word' id='word_1_402' title='bbox 2167 2748 2636 2822; x_wconf 90' lang='lat' dir='ltr'><strong>possidentibus,</strong></span> <span class='ocrx_word' id='word_1_403' title='bbox 2679 2748 2922 2804; x_wconf 87' lang='lat' dir='ltr'><strong>ﬁrmum</strong></span> <span class='ocrx_word' id='word_1_404' title='bbox 2976 2747 3088 2804; x_wconf 90' lang='lat' dir='ltr'><strong>sibi</strong></span> <span class='ocrx_word' id='word_1_405' title='bbox 3140 2747 3503 2819; x_wconf 87' lang='lat' dir='ltr'><strong>relinqueret</strong></span> 
     </span>
    </p>
   </div>
   <div class='ocr_carea' id='block_1_64' title="bbox 1836 2837 3499 2912">
    <p class='ocr_par' dir='ltr' id='par_1_64' title="bbox 1836 2837 3499 2912">
     <span class='ocr_line' id='line_1_64' title="bbox 1836 2837 3499 2912; baseline -0.001 -18"><span class='ocrx_word' id='word_1_406' title='bbox 1836 2837 2498 2912; x_wconf 82' lang='lat' dir='ltr'><strong>principatum.Volens</strong></span> <span class='ocrx_word' id='word_1_407' title='bbox 2535 2843 2735 2894; x_wconf 89' lang='lat' dir='ltr'><strong>autem</strong></span> <span class='ocrx_word' id='word_1_408' title='bbox 2783 2837 2936 2892; x_wconf 90' lang='lat' dir='ltr'><strong>Deus</strong></span> <span class='ocrx_word' id='word_1_409' title='bbox 2991 2853 3156 2893; x_wconf 88' lang='lat' dir='ltr'><strong>suam</strong></span> <span class='ocrx_word' id='word_1_410' title='bbox 3188 2837 3499 2893; x_wconf 87' lang='lat' dir='ltr'><strong>ostendere</strong></span> 
     </span>
    </p>
   </div>
   <div class='ocr_carea' id='block_1_65' title="bbox 1836 2924 3502 3001">
    <p class='ocr_par' dir='ltr' id='par_1_65' title="bbox 1836 2924 3502 3001">
     <span class='ocr_line' id='line_1_65' title="bbox 1836 2924 3502 3001; baseline -0.002 -17"><span class='ocrx_word' id='word_1_411' title='bbox 1836 2927 2186 3001; x_wconf 89' lang='lat' dir='ltr'><strong>potentiam,</strong></span> <span class='ocrx_word' id='word_1_412' title='bbox 2210 2926 2485 3001; x_wconf 86' lang='lat' dir='ltr'><strong>quodque</strong></span> <span class='ocrx_word' id='word_1_413' title='bbox 2502 2941 2621 2983; x_wconf 90' lang='lat' dir='ltr'><strong>non</strong></span> <span class='ocrx_word' id='word_1_414' title='bbox 2636 2926 3299 3000; x_wconf 88' lang='lat' dir='ltr'><strong>propterimpotentiam</strong></span> <span class='ocrx_word' id='word_1_415' title='bbox 3324 2924 3502 2982; x_wconf 87' lang='lat' dir='ltr'><strong>tradi-</strong></span> 
     </span>
    </p>
   </div>
   <div class='ocr_carea' id='block_1_66' title="bbox 107 3011 1725 3115">
    <p class='ocr_par' dir='ltr' id='par_1_66' title="bbox 107 3019 1725 3097">
     <span class='ocr_line' id='line_1_66' title="bbox 107 3019 1725 3097; baseline 0.001 -23"><span class='ocrx_word' id='word_1_416' title='bbox 107 3029 264 3076; x_wconf 88' lang='grc' dir='ltr'>κείων</span> <span class='ocrx_word' id='word_1_417' title='bbox 306 3020 535 3094; x_wconf 73' lang='grc' dir='ltr'>ἐχόντων</span> <span class='ocrx_word' id='word_1_418' title='bbox 570 3026 656 3075; x_wconf 87' lang='grc' dir='ltr'><strong>τόν</strong></span> <span class='ocrx_word' id='word_1_419' title='bbox 702 3026 883 3081; x_wconf 86' lang='grc' dir='ltr'>τόπον.</span> <span class='ocrx_word' id='word_1_420' title='bbox 932 3021 1237 3097; x_wconf 80' lang='grc' dir='ltr'>Βουλόμενος</span> <span class='ocrx_word' id='word_1_421' title='bbox 1282 3019 1342 3076; x_wconf 68' lang='grc' dir='ltr'><strong>δὲ</strong></span> <span class='ocrx_word' id='word_1_422' title='bbox 1386 3024 1411 3075; x_wconf 88' lang='grc' dir='ltr'><strong>ό</strong></span> <span class='ocrx_word' id='word_1_423' title='bbox 1454 3027 1574 3084; x_wconf 80' lang='grc' dir='ltr'>Θεὸς</span> <span class='ocrx_word' id='word_1_424' title='bbox 1619 3020 1725 3076; x_wconf 83' lang='grc' dir='ltr'><strong>δεῖ-</strong></span> 
     </span>
    </p>
   </div>
   <div class='ocr_carea' id='block_1_67' title="bbox 1843 3011 3499 3115">
    <p class='ocr_par' dir='ltr' id='par_1_67' title="bbox 1843 3011 3499 3088">
     <span class='ocr_line' id='line_1_67' title="bbox 1843 3011 3499 3088; baseline -0.003 -15"><span class='ocrx_word' id='word_1_425' title='bbox 1843 3017 1985 3073; x_wconf 87' lang='lat' dir='ltr'><strong>derit</strong></span> <span class='ocrx_word' id='word_1_426' title='bbox 2012 3016 2267 3081; x_wconf 70' lang='lat' dir='ltr'><strong>Judaeos,</strong></span> <span class='ocrx_word' id='word_1_427' title='bbox 2304 3015 2409 3071; x_wconf 92' lang='lat' dir='ltr'><strong>sed</strong></span> <span class='ocrx_word' id='word_1_428' title='bbox 2436 3021 2673 3088; x_wconf 88' lang='lat' dir='ltr'><strong>propter</strong></span> <span class='ocrx_word' id='word_1_429' title='bbox 2702 3030 2911 3071; x_wconf 90' lang='lat' dir='ltr'><strong>eorum</strong></span> <span class='ocrx_word' id='word_1_430' title='bbox 2939 3020 3200 3088; x_wconf 90' lang='lat' dir='ltr'><strong>peccata.</strong></span> <span class='ocrx_word' id='word_1_431' title='bbox 3227 3011 3499 3069; x_wconf 88' lang='lat' dir='ltr'><strong>Barbaris</strong></span> 
     </span>
    </p>
   </div>
   <div class='ocr_carea' id='block_1_68' title="bbox 107 3108 1727 3185">
    <p class='ocr_par' dir='ltr' id='par_1_68' title="bbox 107 3108 1727 3185">
     <span class='ocr_line' id='line_1_68' title="bbox 107 3108 1727 3185; baseline 0.001 -21"><span class='ocrx_word' id='word_1_432' title='bbox 107 3113 199 3177; x_wconf 80' lang='grc' dir='ltr'>ξαι</span> <span class='ocrx_word' id='word_1_433' title='bbox 231 3118 330 3171; x_wconf 69' lang='grc' dir='ltr'>τὴν</span> <span class='ocrx_word' id='word_1_434' title='bbox 356 3111 516 3165; x_wconf 70' lang='grc' dir='ltr'>αὐτοῦ</span> <span class='ocrx_word' id='word_1_435' title='bbox 538 3108 783 3185; x_wconf 76' lang='grc' dir='ltr'>δύναμιν,</span> <span class='ocrx_word' id='word_1_436' title='bbox 800 3117 892 3165; x_wconf 82' lang='grc' dir='ltr'>καὶ</span> <span class='ocrx_word' id='word_1_437' title='bbox 917 3114 986 3175; x_wconf 84' lang='grc' dir='ltr'>ὡς</span> <span class='ocrx_word' id='word_1_438' title='bbox 1010 3112 1068 3164; x_wconf 71' lang='grc' dir='ltr'>οὐ</span> <span class='ocrx_word' id='word_1_439' title='bbox 1088 3109 1161 3165; x_wconf 85' lang='grc' dir='ltr'><strong>δι’</strong></span> <span class='ocrx_word' id='word_1_440' title='bbox 1192 3111 1458 3166; x_wconf 81' lang='grc' dir='ltr'>ἀσθένειαν</span> <span class='ocrx_word' id='word_1_441' title='bbox 1486 3109 1727 3175; x_wconf 77' lang='grc' dir='ltr'><strong>ἐξέδωκεν</strong></span> 
     </span>
    </p>
   </div>
   <div class='ocr_carea' id='block_1_69' title="bbox 105 3197 1729 3278">
    <p class='ocr_par' dir='ltr' id='par_1_69' title="bbox 105 3197 1729 3278">
     <span class='ocr_line' id='line_1_69' title="bbox 105 3197 1729 3278; baseline -0.001 -22"><span class='ocrx_word' id='word_1_442' title='bbox 105 3197 437 3264; x_wconf 78' lang='grc' dir='ltr'>Ἰουδαίους,</span> <span class='ocrx_word' id='word_1_443' title='bbox 469 3199 595 3253; x_wconf 80' lang='grc' dir='ltr'><strong>ἆλλὰ</strong></span> <span class='ocrx_word' id='word_1_444' title='bbox 622 3197 698 3253; x_wconf 83' lang='grc' dir='ltr'><strong>δι’</strong></span> <span class='ocrx_word' id='word_1_445' title='bbox 727 3200 989 3278; x_wconf 78' lang='grc' dir='ltr'>ἁμαρτίας</span> <span class='ocrx_word' id='word_1_446' title='bbox 1017 3201 1207 3271; x_wconf 72' lang='grc' dir='ltr'>αὐτῶν,</span> <span class='ocrx_word' id='word_1_447' title='bbox 1238 3200 1491 3275; x_wconf 64' lang='grc' dir='ltr'>ἐπαφίησι</span> <span class='ocrx_word' id='word_1_448' title='bbox 1521 3201 1729 3263; x_wconf 82' lang='grc' dir='ltr'>λέοντας</span> 
     </span>
    </p>
   </div>
   <div class='ocr_carea' id='block_1_70' title="bbox 104 3286 1726 3365">
    <p class='ocr_par' dir='ltr' id='par_1_70' title="bbox 104 3286 1726 3365">
     <span class='ocr_line' id='line_1_70' title="bbox 104 3286 1726 3365; baseline -0.001 -21"><span class='ocrx_word' id='word_1_449' title='bbox 104 3299 224 3353; x_wconf 83' lang='grc' dir='ltr'>τοῖς</span> <span class='ocrx_word' id='word_1_450' title='bbox 257 3288 556 3364; x_wconf 75' lang='grc' dir='ltr'>βαρϐάροις</span> <span class='ocrx_word' id='word_1_451' title='bbox 587 3309 600 3322; x_wconf 77' lang='grc'><strong>’</strong></span> <span class='ocrx_word' id='word_1_452' title='bbox 643 3295 841 3365; x_wconf 83' lang='grc' dir='ltr'>χρόνου</span> <span class='ocrx_word' id='word_1_453' title='bbox 895 3286 955 3343; x_wconf 66' lang='grc' dir='ltr'>δι</span> <span class='ocrx_word' id='word_1_454' title='bbox 1001 3295 1290 3365; x_wconf 74' lang='grc' dir='ltr'>προίόντος,</span> <span class='ocrx_word' id='word_1_455' title='bbox 1350 3298 1451 3343; x_wconf 87' lang='grc' dir='ltr'><strong>τῶν</strong></span> <span class='ocrx_word' id='word_1_456' title='bbox 1501 3286 1726 3344; x_wconf 67' lang='grc' dir='ltr'>εἰδώλων</span> 
     </span>
    </p>
   </div>
   <div class='ocr_carea' id='block_1_71' title="bbox 103 3376 1030 3442">
    <p class='ocr_par' dir='ltr' id='par_1_71' title="bbox 103 3376 1030 3442">
     <span class='ocr_line' id='line_1_71' title="bbox 103 3376 1030 3442; baseline -0.001 -8"><span class='ocrx_word' id='word_1_457' title='bbox 103 3386 200 3434; x_wconf 82' lang='grc' dir='ltr'>καὶ</span> <span class='ocrx_word' id='word_1_458' title='bbox 228 3388 330 3442; x_wconf 83' lang='grc' dir='ltr'>τῆς</span> <span class='ocrx_word' id='word_1_459' title='bbox 358 3376 672 3441; x_wconf 79' lang='grc' dir='ltr'>δυσσεϐείας</span> <span class='ocrx_word' id='word_1_460' title='bbox 702 3378 1030 3438; x_wconf 78' lang='grc' dir='ltr'>ἀπέστησαν.</span> 
     </span>
    </p>
   </div>
   <div class='ocr_carea' id='block_1_72' title="bbox 446 3465 1410 3545">
    <p class='ocr_par' dir='ltr' id='par_1_72' title="bbox 446 3465 1410 3545">
     <span class='ocr_line' id='line_1_72' title="bbox 446 3465 1410 3545; baseline 0.002 -23"><span class='ocrx_word' id='word_1_461' title='bbox 446 3474 595 3524; x_wconf 73' lang='grc' dir='ltr'>ΚΕΦ.</span> <span class='ocrx_word' id='word_1_462' title='bbox 636 3469 713 3524; x_wconf 86' lang='grc' dir='ltr'>Ε’.</span> <span class='ocrx_word' id='word_1_463' title='bbox 744 3474 868 3543; x_wconf 85' lang='grc' dir='ltr'>Περὶ</span> <span class='ocrx_word' id='word_1_464' title='bbox 895 3477 989 3530; x_wconf 81' lang='grc' dir='ltr'>τῆς</span> <span class='ocrx_word' id='word_1_465' title='bbox 1015 3465 1410 3545; x_wconf 74' lang='grc' dir='ltr'>Σαμαρείτιδος.</span> 
     </span>
    </p>
   </div>
   <div class='ocr_carea' id='block_1_73' title="bbox 184 3555 1723 3635">
    <p class='ocr_par' dir='ltr' id='par_1_73' title="bbox 184 3555 1723 3635">
     <span class='ocr_line' id='line_1_73' title="bbox 184 3555 1723 3635; baseline 0 -23"><span class='ocrx_word' id='word_1_466' title='bbox 184 3558 454 3631; x_wconf 73' lang='grc' dir='ltr'>Ἔρχεται</span> <span class='ocrx_word' id='word_1_467' title='bbox 493 3589 557 3599; x_wconf 90' lang='lat'><strong>—</strong></span> <span class='ocrx_word' id='word_1_468' title='bbox 594 3558 773 3612; x_wconf 72' lang='grc' dir='ltr'>αὐτοῦ.</span> <span class='ocrx_word' id='word_1_469' title='bbox 831 3559 1025 3612; x_wconf 83' lang='grc' dir='ltr'>Ἐκεῖνο</span> <span class='ocrx_word' id='word_1_470' title='bbox 1067 3562 1124 3611; x_wconf 89' lang='grc' dir='ltr'><strong>τό</strong></span> <span class='ocrx_word' id='word_1_471' title='bbox 1163 3564 1359 3635; x_wconf 86' lang='grc' dir='ltr'>χωρίον</span> <span class='ocrx_word' id='word_1_472' title='bbox 1392 3555 1451 3617; x_wconf 69' lang='grc' dir='ltr'>ἦν</span> <span class='ocrx_word' id='word_1_473' title='bbox 1515 3563 1572 3611; x_wconf 91' lang='grc' dir='ltr'><strong>τό</strong></span> <span class='ocrx_word' id='word_1_474' title='bbox 1610 3558 1723 3612; x_wconf 80' lang='grc' dir='ltr'>κατ’</span> 
     </span>
    </p>
   </div>
   <div class='ocr_carea' id='block_1_74' title="bbox 108 3643 1450 3722">
    <p class='ocr_par' dir='ltr' id='par_1_74' title="bbox 108 3643 1450 3722">
     <span class='ocr_line' id='line_1_74' title="bbox 108 3643 1450 3722; baseline 0.001 -21"><span class='ocrx_word' id='word_1_475' title='bbox 108 3648 379 3722; x_wconf 72' lang='grc' dir='ltr'>ἐξαίρετον</span> <span class='ocrx_word' id='word_1_476' title='bbox 412 3643 562 3701; x_wconf 74' lang='grc' dir='ltr'>δοθεν</span> <span class='ocrx_word' id='word_1_477' title='bbox 591 3655 663 3719; x_wconf 82' lang='grc' dir='ltr'>τῷ</span> <span class='ocrx_word' id='word_1_478' title='bbox 690 3648 905 3721; x_wconf 75' lang='grc' dir='ltr'>Ἰωσὴφ,</span> <span class='ocrx_word' id='word_1_479' title='bbox 937 3647 1203 3721; x_wconf 72' lang='grc' dir='ltr'>λεγόμενον</span> <span class='ocrx_word' id='word_1_480' title='bbox 1243 3653 1450 3722; x_wconf 74' lang='grc' dir='ltr'>Σίκιμα.</span> 
     </span>
    </p>
   </div>
   <div class='ocr_carea' id='block_1_75' title="bbox 180 3736 1724 3812">
    <p class='ocr_par' dir='ltr' id='par_1_75' title="bbox 180 3736 1724 3812">
     <span class='ocr_line' id='line_1_75' title="bbox 180 3736 1724 3812; baseline 0 -22"><span class='ocrx_word' id='word_1_481' title='bbox 180 3736 282 3790; x_wconf 84' lang='grc' dir='ltr'>Ἦν</span> <span class='ocrx_word' id='word_1_482' title='bbox 311 3767 384 3777; x_wconf 93' lang='lat'><strong><em>—</em></strong></span> <span class='ocrx_word' id='word_1_483' title='bbox 425 3736 626 3791; x_wconf 73' lang='grc' dir='ltr'>Ἰακώϐ.</span> <span class='ocrx_word' id='word_1_484' title='bbox 673 3742 855 3809; x_wconf 71' lang='grc' dir='ltr'>Πησγήν</span> <span class='ocrx_word' id='word_1_485' title='bbox 899 3737 1035 3810; x_wconf 72' lang='grc' dir='ltr'>λέγει</span> <span class='ocrx_word' id='word_1_486' title='bbox 1064 3740 1122 3791; x_wconf 88' lang='grc' dir='ltr'><strong>τό</strong></span> <span class='ocrx_word' id='word_1_487' title='bbox 1162 3741 1341 3812; x_wconf 68' lang='grc' dir='ltr'>φρέαρ,</span> <span class='ocrx_word' id='word_1_488' title='bbox 1380 3739 1445 3799; x_wconf 85' lang='grc' dir='ltr'>ὡς</span> <span class='ocrx_word' id='word_1_489' title='bbox 1487 3742 1724 3810; x_wconf 70' lang='grc' dir='ltr'>πηγάζον</span> 
     </span>
    </p>
   </div>
   <div class='ocr_carea' id='block_1_76' title="bbox 106 3823 1723 3903">
    <p class='ocr_par' dir='ltr' id='par_1_76' title="bbox 106 3823 1723 3903">
     <span class='ocr_line' id='line_1_76' title="bbox 106 3823 1723 3903; baseline 0.001 -25"><span class='ocrx_word' id='word_1_490' title='bbox 106 3829 366 3881; x_wconf 76' lang='grc' dir='ltr'>κάτωθεν.</span> <span class='ocrx_word' id='word_1_491' title='bbox 422 3825 683 3880; x_wconf 80' lang='grc' dir='ltr'>Ἐκαλεῖτο</span> <span class='ocrx_word' id='word_1_492' title='bbox 741 3823 800 3880; x_wconf 65' lang='grc' dir='ltr'><strong>δὲ</strong></span> <span class='ocrx_word' id='word_1_493' title='bbox 859 3834 955 3879; x_wconf 80' lang='grc' dir='ltr'><strong>του</strong></span> <span class='ocrx_word' id='word_1_494' title='bbox 1011 3825 1220 3897; x_wconf 79' lang='grc' dir='ltr'>Ἰακὼϐ,</span> <span class='ocrx_word' id='word_1_495' title='bbox 1277 3829 1347 3888; x_wconf 78' lang='grc' dir='ltr'>ὡς</span> <span class='ocrx_word' id='word_1_496' title='bbox 1394 3828 1517 3903; x_wconf 79' lang='grc' dir='ltr'>παρ’</span> <span class='ocrx_word' id='word_1_497' title='bbox 1563 3828 1723 3880; x_wconf 71' lang='grc' dir='ltr'>αὐτοῦ</span> 
     </span>
    </p>
   </div>
   <div class='ocr_carea' id='block_1_77' title="bbox 107 3916 322 3990">
    <p class='ocr_par' dir='ltr' id='par_1_77' title="bbox 107 3916 322 3990">
     <span class='ocr_line' id='line_1_77' title="bbox 107 3916 322 3990; baseline -0.005 -21"><span class='ocrx_word' id='word_1_498' title='bbox 107 3916 322 3990; x_wconf 69' lang='grc' dir='ltr'>ὄρυγέν.</span> 
     </span>
    </p>
   </div>
   <div class='ocr_carea' id='block_1_78' title="bbox 176 4000 1721 4067">
    <p class='ocr_par' dir='ltr' id='par_1_78' title="bbox 176 4000 1721 4067">
     <span class='ocr_line' id='line_1_78' title="bbox 176 4000 1721 4067; baseline -0.001 -10"><span class='ocrx_word' id='word_1_499' title='bbox 176 4004 243 4057; x_wconf 83' lang='grc' dir='ltr'><strong>Ὀ</strong></span> <span class='ocrx_word' id='word_1_500' title='bbox 300 4000 390 4057; x_wconf 76' lang='grc' dir='ltr'>οὖν</span> <span class='ocrx_word' id='word_1_501' title='bbox 448 4010 657 4066; x_wconf 78' lang='grc' dir='ltr'>Ἰησοῦς</span> <span class='ocrx_word' id='word_1_502' title='bbox 710 4036 775 4045; x_wconf 91' lang='lat'><strong>—-</strong></span> <span class='ocrx_word' id='word_1_503' title='bbox 824 4005 968 4064; x_wconf 80' lang='grc' dir='ltr'>ἕκτη.</span> <span class='ocrx_word' id='word_1_504' title='bbox 1031 4010 1364 4067; x_wconf 81' lang='grc' dir='ltr'>Κεκοπιακῶς</span> <span class='ocrx_word' id='word_1_505' title='bbox 1419 4007 1555 4058; x_wconf 84' lang='grc' dir='ltr'>κατὰ</span> <span class='ocrx_word' id='word_1_506' title='bbox 1627 4010 1721 4064; x_wconf 72' lang='grc' dir='ltr'>τὸν</span> 
     </span>
    </p>
   </div>
   <div class='ocr_carea' id='block_1_79' title="bbox 106 4090 1721 4170">
    <p class='ocr_par' dir='ltr' id='par_1_79' title="bbox 106 4090 1721 4170">
     <span class='ocr_line' id='line_1_79' title="bbox 106 4090 1721 4170; baseline -0.002 -22"><span class='ocrx_word' id='word_1_507' title='bbox 106 4092 365 4153; x_wconf 74' lang='grc' dir='ltr'>ἰδιότητα</span> <span class='ocrx_word' id='word_1_508' title='bbox 432 4103 525 4156; x_wconf 83' lang='grc' dir='ltr'>τῆς</span> <span class='ocrx_word' id='word_1_509' title='bbox 607 4093 1020 4170; x_wconf 79' lang='grc' dir='ltr'>ἁνθρωπότητος.</span> <span class='ocrx_word' id='word_1_510' title='bbox 1088 4095 1225 4169; x_wconf 78' lang='grc' dir='ltr'><strong>Πεζῇ</strong></span> <span class='ocrx_word' id='word_1_511' title='bbox 1310 4096 1410 4169; x_wconf 76' lang='grc' dir='ltr'>γὰρ</span> <span class='ocrx_word' id='word_1_512' title='bbox 1480 4090 1721 4167; x_wconf 82' lang='grc' dir='ltr'>βαδίζων</span> 
     </span>
    </p>
   </div>
   <div class='ocr_carea' id='block_1_80' title="bbox 103 4180 1721 4260">
    <p class='ocr_par' dir='ltr' id='par_1_80' title="bbox 103 4180 1721 4260">
     <span class='ocr_line' id='line_1_80' title="bbox 103 4180 1721 4260; baseline -0.001 -22"><span class='ocrx_word' id='word_1_513' title='bbox 103 4186 252 4238; x_wconf 70' lang='grc' dir='ltr'>οὕτω</span> <span class='ocrx_word' id='word_1_514' title='bbox 311 4186 553 4236; x_wconf 83' lang='grc' dir='ltr'>σύντονον</span> <span class='ocrx_word' id='word_1_515' title='bbox 602 4182 823 4236; x_wconf 72' lang='grc' dir='ltr'>ἔποιείτο</span> <span class='ocrx_word' id='word_1_516' title='bbox 868 4189 961 4243; x_wconf 79' lang='grc' dir='ltr'><strong>τὴν</strong></span> <span class='ocrx_word' id='word_1_517' title='bbox 1017 4180 1322 4260; x_wconf 80' lang='grc' dir='ltr'>ὁδοιπορίαν</span> <span class='ocrx_word' id='word_1_518' title='bbox 1373 4186 1438 4245; x_wconf 82' lang='grc' dir='ltr'>ὡς</span> <span class='ocrx_word' id='word_1_519' title='bbox 1491 4188 1580 4236; x_wconf 82' lang='grc' dir='ltr'>καὶ</span> <span class='ocrx_word' id='word_1_520' title='bbox 1626 4202 1721 4236; x_wconf 83' lang='grc' dir='ltr'>κο-</span> 
     </span>
    </p>
   </div>
   <div class='ocr_carea' id='block_1_81' title="bbox 103 4276 331 4328">
    <p class='ocr_par' dir='ltr' id='par_1_81' title="bbox 103 4276 331 4328">
     <span class='ocr_line' id='line_1_81' title="bbox 103 4276 331 4328; baseline -0.009 0"><span class='ocrx_word' id='word_1_521' title='bbox 103 4276 331 4328; x_wconf 81' lang='grc' dir='ltr'>πιάσαι.</span> 
     </span>
    </p>
   </div>
   <div class='ocr_carea' id='block_1_82' title="bbox 179 4359 1723 4431">
    <p class='ocr_par' dir='ltr' id='par_1_82' title="bbox 179 4359 1723 4431">
     <span class='ocr_line' id='line_1_82' title="bbox 179 4359 1723 4431; baseline -0.001 -15"><span class='ocrx_word' id='word_1_522' title='bbox 179 4368 251 4417; x_wconf 86' lang='grc' dir='ltr'>Τί</span> <span class='ocrx_word' id='word_1_523' title='bbox 318 4359 382 4416; x_wconf 82' lang='grc' dir='ltr'><strong>δέ</strong></span> <span class='ocrx_word' id='word_1_524' title='bbox 438 4360 554 4415; x_wconf 77' lang='grc' dir='ltr'>ἆστι</span> <span class='ocrx_word' id='word_1_525' title='bbox 625 4365 682 4415; x_wconf 85' lang='grc' dir='ltr'><strong>τό</strong></span> <span class='ocrx_word' id='word_1_526' title='bbox 738 4362 1043 4424; x_wconf 77' lang='grc' dir='ltr'>Ἐκαθίζετο</span> <span class='ocrx_word' id='word_1_527' title='bbox 1118 4363 1318 4431; x_wconf 74' lang='grc' dir='ltr'>οὗτως;</span> <span class='ocrx_word' id='word_1_528' title='bbox 1383 4360 1605 4431; x_wconf 75' lang='grc' dir='ltr'>Ἃπλῶς,</span> <span class='ocrx_word' id='word_1_529' title='bbox 1653 4364 1723 4424; x_wconf 82' lang='grc' dir='ltr'>ὡς</span> 
     </span>
    </p>
   </div>
   <div class='ocr_carea' id='block_1_83' title="bbox 1837 3101 3499 3176">
    <p class='ocr_par' dir='ltr' id='par_1_83' title="bbox 1837 3101 3499 3176">
     <span class='ocr_line' id='line_1_83' title="bbox 1837 3101 3499 3176; baseline -0.002 -14"><span class='ocrx_word' id='word_1_530' title='bbox 1837 3105 2039 3162; x_wconf 88' lang='lat' dir='ltr'><strong>leones</strong></span> <span class='ocrx_word' id='word_1_531' title='bbox 2073 3103 2322 3160; x_wconf 89' lang='lat' dir='ltr'><strong>immisit</strong></span> <span class='ocrx_word' id='word_1_532' title='bbox 2353 3119 2367 3159; x_wconf 86' lang='lat'><strong>:</strong></span> <span class='ocrx_word' id='word_1_533' title='bbox 2412 3104 2692 3176; x_wconf 85' lang='lat' dir='ltr'><strong>temporis</strong></span> <span class='ocrx_word' id='word_1_534' title='bbox 2743 3109 2942 3159; x_wconf 89' lang='lat' dir='ltr'><strong>autem</strong></span> <span class='ocrx_word' id='word_1_535' title='bbox 2985 3119 3304 3176; x_wconf 85' lang='lat' dir='ltr'><strong>progressu</strong></span> <span class='ocrx_word' id='word_1_536' title='bbox 3337 3101 3499 3159; x_wconf 83' lang='lat' dir='ltr'><strong>idola</strong></span> 
     </span>
    </p>
   </div>
   <div class='ocr_carea' id='block_1_84' title="bbox 1837 3192 2980 3267">
    <p class='ocr_par' dir='ltr' id='par_1_84' title="bbox 1837 3192 2980 3267">
     <span class='ocr_line' id='line_1_84' title="bbox 1837 3192 2980 3267; baseline -0.003 -16"><span class='ocrx_word' id='word_1_537' title='bbox 1837 3211 1976 3251; x_wconf 89' lang='lat' dir='ltr'><strong>cum</strong></span> <span class='ocrx_word' id='word_1_538' title='bbox 2018 3195 2142 3250; x_wconf 88' lang='lat' dir='ltr'><strong>suis</strong></span> <span class='ocrx_word' id='word_1_539' title='bbox 2169 3192 2575 3267; x_wconf 86' lang='lat' dir='ltr'><strong>impietatibus</strong></span> <span class='ocrx_word' id='word_1_540' title='bbox 2610 3192 2980 3264; x_wconf 87' lang='lat' dir='ltr'><strong>abjecerunt.</strong></span> 
     </span>
    </p>
   </div>
   <div class='ocr_carea' id='block_1_85' title="bbox 2286 3369 3095 3427">
    <p class='ocr_par' dir='ltr' id='par_1_85' title="bbox 2286 3369 3095 3427">
     <span class='ocr_line' id='line_1_85' title="bbox 2286 3369 3095 3427; baseline 0.001 -1"><span class='ocrx_word' id='word_1_541' title='bbox 2286 3372 2437 3427; x_wconf 76' lang='lat' dir='ltr'><strong>CAP.</strong></span> <span class='ocrx_word' id='word_1_542' title='bbox 2471 3371 2533 3425; x_wconf 89' lang='lat' dir='ltr'><strong>V.</strong></span> <span class='ocrx_word' id='word_1_543' title='bbox 2565 3372 2649 3426; x_wconf 86' lang='lat' dir='ltr'><strong>De</strong></span> <span class='ocrx_word' id='word_1_544' title='bbox 2688 3369 3095 3427; x_wconf 79' lang='lat' dir='ltr'><strong>Samaritana.</strong></span> 
     </span>
    </p>
   </div>
   <div class='ocr_carea' id='block_1_86' title="bbox 1907 3458 3498 3531">
    <p class='ocr_par' dir='ltr' id='par_1_86' title="bbox 1907 3458 3498 3531">
     <span class='ocr_line' id='line_1_86' title="bbox 1907 3458 3498 3531; baseline -0.001 -14"><span class='ocrx_word' id='word_1_545' title='bbox 1907 3464 2071 3520; x_wconf 88' lang='lat' dir='ltr'><strong>Vers.</strong></span> <span class='ocrx_word' id='word_1_546' title='bbox 2099 3468 2149 3519; x_wconf 81' lang='lat'><strong>5.</strong></span> <span class='ocrx_word' id='word_1_547' title='bbox 2194 3461 2359 3519; x_wconf 83' lang='lat' dir='ltr'><strong>Venit</strong></span> <span class='ocrx_word' id='word_1_548' title='bbox 2406 3490 2473 3501; x_wconf 92' lang='lat'>—</span> <span class='ocrx_word' id='word_1_549' title='bbox 2503 3477 2624 3516; x_wconf 80' lang='lat' dir='ltr'><strong>suo.</strong></span> <span class='ocrx_word' id='word_1_550' title='bbox 2659 3459 2951 3516; x_wconf 65' lang='lat' dir='ltr'><strong>Praedium</strong></span> <span class='ocrx_word' id='word_1_551' title='bbox 2989 3459 3136 3515; x_wconf 88' lang='lat' dir='ltr'><strong>illud</strong></span> <span class='ocrx_word' id='word_1_552' title='bbox 3168 3463 3314 3525; x_wconf 86' lang='lat' dir='ltr'><strong>erat,</strong></span> <span class='ocrx_word' id='word_1_553' title='bbox 3341 3458 3498 3531; x_wconf 87' lang='lat' dir='ltr'><strong>quod</strong></span> 
     </span>
    </p>
   </div>
   <div class='ocr_carea' id='block_1_87' title="bbox 1833 3548 3496 3622">
    <p class='ocr_par' dir='ltr' id='par_1_87' title="bbox 1833 3548 3496 3622">
     <span class='ocr_line' id='line_1_87' title="bbox 1833 3548 3496 3622; baseline -0.004 -12"><span class='ocrx_word' id='word_1_554' title='bbox 1833 3559 2000 3610; x_wconf 82' lang='lat' dir='ltr'><strong>extra</strong></span> <span class='ocrx_word' id='word_1_555' title='bbox 2057 3557 2278 3609; x_wconf 89' lang='lat' dir='ltr'><strong>sortem</strong></span> <span class='ocrx_word' id='word_1_556' title='bbox 2324 3550 2484 3607; x_wconf 88' lang='lat' dir='ltr'><strong>dedit</strong></span> <span class='ocrx_word' id='word_1_557' title='bbox 2548 3550 2731 3606; x_wconf 86' lang='lat' dir='ltr'><strong>Jacob</strong></span> <span class='ocrx_word' id='word_1_558' title='bbox 2767 3548 3001 3622; x_wconf 83' lang='lat' dir='ltr'><strong>Josepb,</strong></span> <span class='ocrx_word' id='word_1_559' title='bbox 3069 3554 3126 3606; x_wconf 89' lang='lat' dir='ltr'><strong>et</strong></span> <span class='ocrx_word' id='word_1_560' title='bbox 3190 3548 3496 3605; x_wconf 87' lang='lat' dir='ltr'><strong>dicebatur</strong></span> 
     </span>
    </p>
   </div>
   <div class='ocr_carea' id='block_1_88' title="bbox 1836 3642 2082 3700">
    <p class='ocr_par' dir='ltr' id='par_1_88' title="bbox 1836 3642 2082 3700">
     <span class='ocr_line' id='line_1_88' title="bbox 1836 3642 2082 3700; baseline -0.008 0"><span class='ocrx_word' id='word_1_561' title='bbox 1836 3642 2082 3700; x_wconf 85' lang='lat' dir='ltr'><strong>Sikima.</strong></span> 
     </span>
    </p>
   </div>
   <div class='ocr_carea' id='block_1_89' title="bbox 1905 3726 3494 3793">
    <p class='ocr_par' dir='ltr' id='par_1_89' title="bbox 1905 3726 3494 3793">
     <span class='ocr_line' id='line_1_89' title="bbox 1905 3726 3494 3793; baseline -0.004 -5"><span class='ocrx_word' id='word_1_562' title='bbox 1905 3734 2063 3788; x_wconf 89' lang='lat' dir='ltr'><strong>Vers.</strong></span> <span class='ocrx_word' id='word_1_563' title='bbox 2094 3732 2148 3786; x_wconf 93' lang='lat'><em>6.</em></span> <span class='ocrx_word' id='word_1_564' title='bbox 2182 3733 2337 3787; x_wconf 83' lang='lat' dir='ltr'><strong>Erat</strong></span> <span class='ocrx_word' id='word_1_565' title='bbox 2369 3759 2437 3771; x_wconf 91' lang='lat'><strong>--</strong></span> <span class='ocrx_word' id='word_1_566' title='bbox 2466 3729 2661 3785; x_wconf 76' lang='lat' dir='ltr'><strong>Iacob.</strong></span> <span class='ocrx_word' id='word_1_567' title='bbox 2717 3730 2965 3784; x_wconf 90' lang='lat' dir='ltr'><strong>Puteum</strong></span> <span class='ocrx_word' id='word_1_568' title='bbox 2998 3731 3191 3793; x_wconf 88' lang='lat' dir='ltr'><strong>vocat,</strong></span> <span class='ocrx_word' id='word_1_569' title='bbox 3243 3726 3494 3793; x_wconf 90' lang='lat' dir='ltr'><strong>fontem,</strong></span> 
     </span>
    </p>
   </div>
   <div class='ocr_carea' id='block_1_90' title="bbox 1831 3815 3495 3896">
    <p class='ocr_par' dir='ltr' id='par_1_90' title="bbox 1831 3815 3495 3896">
     <span class='ocr_line' id='line_1_90' title="bbox 1831 3815 3495 3896; baseline -0.004 -18"><span class='ocrx_word' id='word_1_570' title='bbox 1831 3822 1976 3896; x_wconf 89' lang='lat' dir='ltr'><strong>quia</strong></span> <span class='ocrx_word' id='word_1_571' title='bbox 2003 3837 2035 3877; x_wconf 92' lang='lat' dir='ltr'><strong>e</strong></span> <span class='ocrx_word' id='word_1_572' title='bbox 2066 3820 2457 3877; x_wconf 88' lang='lat' dir='ltr'><strong>subterraneo</strong></span> <span class='ocrx_word' id='word_1_573' title='bbox 2472 3816 2899 3892; x_wconf 74' lang='lat' dir='ltr'><strong>locomanabat</strong></span> <span class='ocrx_word' id='word_1_574' title='bbox 2924 3833 2936 3872; x_wconf 93' lang='lat'>:</span> <span class='ocrx_word' id='word_1_575' title='bbox 2960 3815 3273 3873; x_wconf 89' lang='lat' dir='ltr'><strong>dicebatur</strong></span> <span class='ocrx_word' id='word_1_576' title='bbox 3290 3821 3495 3872; x_wconf 90' lang='lat' dir='ltr'><strong>autem</strong></span> 
     </span>
    </p>
   </div>
   <div class='ocr_carea' id='block_1_91' title="bbox 1829 3904 3081 3984">
    <p class='ocr_par' dir='ltr' id='par_1_91' title="bbox 1829 3904 3081 3984">
     <span class='ocr_line' id='line_1_91' title="bbox 1829 3904 3081 3984; baseline -0.004 -18"><span class='ocrx_word' id='word_1_577' title='bbox 1829 3911 2021 3984; x_wconf 83' lang='lat' dir='ltr'><strong>ipsius</strong></span> <span class='ocrx_word' id='word_1_578' title='bbox 2059 3909 2261 3974; x_wconf 82' lang='lat' dir='ltr'><strong>Jacob,</strong></span> <span class='ocrx_word' id='word_1_579' title='bbox 2295 3924 2366 3965; x_wconf 91' lang='lat' dir='ltr'><strong>eo</strong></span> <span class='ocrx_word' id='word_1_580' title='bbox 2390 3907 2556 3981; x_wconf 88' lang='lat' dir='ltr'><strong>quod</strong></span> <span class='ocrx_word' id='word_1_581' title='bbox 2585 3907 2784 3979; x_wconf 90' lang='lat' dir='ltr'><strong>ipsum</strong></span> <span class='ocrx_word' id='word_1_582' title='bbox 2815 3904 3081 3962; x_wconf 85' lang='lat' dir='ltr'><strong>fodisset.</strong></span> 
     </span>
    </p>
   </div>
   <div class='ocr_carea' id='block_1_92' title="bbox 1901 3995 3500 4068">
    <p class='ocr_par' dir='ltr' id='par_1_92' title="bbox 1901 3995 3500 4068">
     <span class='ocr_line' id='line_1_92' title="bbox 1901 3995 3500 4068; baseline -0.001 -15"><span class='ocrx_word' id='word_1_583' title='bbox 1901 4001 2062 4055; x_wconf 83' lang='lat' dir='ltr'><strong>Vers.</strong></span> <span class='ocrx_word' id='word_1_584' title='bbox 2113 4000 2168 4052; x_wconf 89' lang='lat'><em>6.</em></span> <span class='ocrx_word' id='word_1_585' title='bbox 2222 3999 2379 4053; x_wconf 74' lang='lat' dir='ltr'><strong>Jews</strong></span> <span class='ocrx_word' id='word_1_586' title='bbox 2427 4012 2561 4068; x_wconf 84' lang='lat' dir='ltr'><strong>ergo</strong></span> <span class='ocrx_word' id='word_1_587' title='bbox 2601 4027 2666 4036; x_wconf 92' lang='grc'><strong>--</strong></span> <span class='ocrx_word' id='word_1_588' title='bbox 2721 4002 2911 4052; x_wconf 71' lang='lat' dir='ltr'><strong>sexta.</strong></span> <span class='ocrx_word' id='word_1_589' title='bbox 2976 3995 3272 4068; x_wconf 84' lang='lat' dir='ltr'><strong>Fatigatus</strong></span> <span class='ocrx_word' id='word_1_590' title='bbox 3326 3996 3500 4066; x_wconf 82' lang='lat' dir='ltr'><strong>juxta</strong></span> 
     </span>
    </p>
   </div>
   <div class='ocr_carea' id='block_1_93' title="bbox 1829 4083 3494 4159">
    <p class='ocr_par' dir='ltr' id='par_1_93' title="bbox 1829 4083 3494 4159">
     <span class='ocr_line' id='line_1_93' title="bbox 1829 4083 3494 4159; baseline -0.004 -15"><span class='ocrx_word' id='word_1_591' title='bbox 1829 4086 2219 4145; x_wconf 87' lang='lat' dir='ltr'><strong>humanitatis</strong></span> <span class='ocrx_word' id='word_1_592' title='bbox 2278 4086 2723 4159; x_wconf 88' lang='lat' dir='ltr'><strong>proprietatem.</strong></span> <span class='ocrx_word' id='word_1_593' title='bbox 2780 4087 2927 4141; x_wconf 90' lang='lat' dir='ltr'><strong>Cum</strong></span> <span class='ocrx_word' id='word_1_594' title='bbox 2966 4083 3128 4139; x_wconf 91' lang='lat' dir='ltr'><strong>enim</strong></span> <span class='ocrx_word' id='word_1_595' title='bbox 3185 4084 3366 4155; x_wconf 90' lang='lat' dir='ltr'><strong>pedes</strong></span> <span class='ocrx_word' id='word_1_596' title='bbox 3406 4084 3494 4138; x_wconf 92' lang='lat' dir='ltr'><strong>in-</strong></span> 
     </span>
    </p>
   </div>
   <div class='ocr_carea' id='block_1_94' title="bbox 1829 4170 3492 4242">
    <p class='ocr_par' dir='ltr' id='par_1_94' title="bbox 1829 4170 3492 4242">
     <span class='ocr_line' id='line_1_94' title="bbox 1829 4170 3492 4242; baseline -0.005 -7"><span class='ocrx_word' id='word_1_597' title='bbox 1829 4178 2080 4242; x_wconf 88' lang='lat' dir='ltr'><strong>cederet,</strong></span> <span class='ocrx_word' id='word_1_598' title='bbox 2126 4177 2280 4232; x_wconf 90' lang='lat' dir='ltr'><strong>adeo</strong></span> <span class='ocrx_word' id='word_1_599' title='bbox 2341 4174 2725 4230; x_wconf 84' lang='lat' dir='ltr'><strong>vehementer</strong></span> <span class='ocrx_word' id='word_1_600' title='bbox 2787 4170 3152 4235; x_wconf 87' lang='lat' dir='ltr'><strong>ambulabat,</strong></span> <span class='ocrx_word' id='word_1_601' title='bbox 3203 4176 3266 4227; x_wconf 88' lang='lat' dir='ltr'><strong>ut</strong></span> <span class='ocrx_word' id='word_1_602' title='bbox 3313 4171 3492 4228; x_wconf 87' lang='lat' dir='ltr'><strong>etiam</strong></span> 
     </span>
    </p>
   </div>
   <div class='ocr_carea' id='block_1_95' title="bbox 1829 4265 2201 4336">
    <p class='ocr_par' dir='ltr' id='par_1_95' title="bbox 1829 4265 2201 4336">
     <span class='ocr_line' id='line_1_95' title="bbox 1829 4265 2201 4336; baseline -0.008 -12"><span class='ocrx_word' id='word_1_603' title='bbox 1829 4265 2201 4336; x_wconf 82' lang='lat' dir='ltr'><strong>fatigaretur.</strong></span> 
     </span>
    </p>
   </div>
   <div class='ocr_carea' id='block_1_96' title="bbox 1902 4347 3490 4423">
    <p class='ocr_par' dir='ltr' id='par_1_96' title="bbox 1902 4347 3490 4423">
     <span class='ocr_line' id='line_1_96' title="bbox 1902 4347 3490 4423; baseline -0.004 -12"><span class='ocrx_word' id='word_1_604' title='bbox 1902 4355 2055 4423; x_wconf 87' lang='lat' dir='ltr'><strong>Quid</strong></span> <span class='ocrx_word' id='word_1_605' title='bbox 2111 4359 2200 4411; x_wconf 89' lang='lat' dir='ltr'><strong>est</strong></span> <span class='ocrx_word' id='word_1_606' title='bbox 2251 4358 2473 4417; x_wconf 88' lang='lat' dir='ltr'><strong>autem,</strong></span> <span class='ocrx_word' id='word_1_607' title='bbox 2526 4350 2693 4423; x_wconf 87' lang='lat' dir='ltr'><strong>quod</strong></span> <span class='ocrx_word' id='word_1_608' title='bbox 2759 4349 3017 4415; x_wconf 89' lang='lat' dir='ltr'><strong>additur,</strong></span> <span class='ocrx_word' id='word_1_609' title='bbox 3069 4347 3307 4405; x_wconf 83' lang='lat' dir='ltr'><strong>Sedebat</strong></span> <span class='ocrx_word' id='word_1_610' title='bbox 3345 4347 3427 4404; x_wconf 78' lang='lat' dir='ltr'><strong>sic</strong></span> <span class='ocrx_word' id='word_1_611' title='bbox 3463 4353 3490 4404; x_wconf 70' lang='grc' dir='ltr'><em>γ</em></span> 
     </span>
    </p>
   </div>
   <div class='ocr_carea' id='block_1_97' title="bbox 102 4419 1725 4526">
    <p class='ocr_par' dir='ltr' id='par_1_97' title="bbox 102 4419 1723 4526">
     <span class='ocr_line' id='line_1_97' title="bbox 102 4419 1723 4526; baseline -0.002 -20"><span class='ocrx_word' id='word_1_612' title='bbox 102 4456 301 4526; x_wconf 80' lang='grc' dir='ltr'>ἔτυχεν</span> <span class='ocrx_word' id='word_1_613' title='bbox 357 4450 435 4517; x_wconf 58' lang='grc' dir='ltr'><strong>ἕπε</strong></span> <span class='ocrx_word' id='word_1_614' title='bbox 497 4447 740 4525; x_wconf 72' lang='grc' dir='ltr'>ἐδάφους.</span> <span class='ocrx_word' id='word_1_615' title='bbox 784 4454 855 4505; x_wconf 86' lang='lat' dir='ltr'><em>T6</em></span> <span class='ocrx_word' id='word_1_616' title='bbox 893 4419 1086 4526; x_wconf 71' lang='grc' dir='ltr'>ἄτυφον</span> <span class='ocrx_word' id='word_1_617' title='bbox 1137 4419 1317 4526; x_wconf 37' lang='grc' dir='ltr'>γὰρ-ό</span> <span class='ocrx_word' id='word_1_618' title='bbox 1346 4450 1498 4524; x_wconf 76' lang='grc' dir='ltr'>λόγος</span> <span class='ocrx_word' id='word_1_619' title='bbox 1529 4419 1723 4504; x_wconf 61' lang='grc' dir='ltr'><strong>ό“ιό¹σίσιἰ</strong></span> 
     </span>
    </p>
   </div>
   <div class='ocr_carea' id='block_1_98' title="bbox 1843 4419 3492 4526">
    <p class='ocr_par' dir='ltr' id='par_1_98' title="bbox 1843 4419 3492 4526">
     <span class='ocr_line' id='line_1_98' title="bbox 1843 4419 3492 4526; baseline -0.007 -23"><span class='ocrx_word' id='word_1_620' title='bbox 1843 4419 2183 4519; x_wconf 78' lang='lat' dir='ltr'><strong>Simpliciter</strong></span> <span class='ocrx_word' id='word_1_621' title='bbox 2232 4442 2520 4508; x_wconf 88' lang='lat' dir='ltr'><strong>videlicet,</strong></span> <span class='ocrx_word' id='word_1_622' title='bbox 2548 4419 2730 4515; x_wconf 79' lang='lat' dir='ltr'><strong>prout</strong></span> <span class='ocrx_word' id='word_1_623' title='bbox 2778 4455 2905 4496; x_wconf 89' lang='lat' dir='ltr'><strong>sese</strong></span> <span class='ocrx_word' id='word_1_624' title='bbox 2946 4438 3115 4495; x_wconf 88' lang='lat' dir='ltr'><strong>locus</strong></span> <span class='ocrx_word' id='word_1_625' title='bbox 3158 4435 3492 4526; x_wconf 73' lang='lat' dir='ltr'><strong>offerebat:</strong></span> 
     </span>
    </p>
   </div>
   <div class='ocr_carea' id='block_1_99' title="bbox 101 4561 211 4596">
    <p class='ocr_par' dir='ltr' id='par_1_99' title="bbox 101 4561 211 4596">
     <span class='ocr_line' id='line_1_99' title="bbox 101 4561 211 4596; baseline -0.009 0"><span class='ocrx_word' id='word_1_626' title='bbox 101 4561 211 4596; x_wconf 74' lang='grc' dir='ltr'>κει.</span> 
     </span>
    </p>
   </div>
   <div class='ocr_carea' id='block_1_100' title="bbox 181 4713 1720 4795">
    <p class='ocr_par' dir='ltr' id='par_1_100' title="bbox 181 4713 1720 4795">
     <span class='ocr_line' id='line_1_100' title="bbox 181 4713 1720 4795; baseline -0.003 -21"><span class='ocrx_word' id='word_1_627' title='bbox 181 4718 497 4780; x_wconf 75' lang='grc' dir='ltr'>ἐκαθίξετο</span> <span class='ocrx_word' id='word_1_628' title='bbox 528 4713 588 4771; x_wconf 73' lang='grc' dir='ltr'>δε</span> <span class='ocrx_word' id='word_1_629' title='bbox 614 4720 674 4771; x_wconf 90' lang='grc' dir='ltr'><strong>τό</strong></span> <span class='ocrx_word' id='word_1_630' title='bbox 724 4726 877 4791; x_wconf 76' lang='grc' dir='ltr'>σῶμα</span> <span class='ocrx_word' id='word_1_631' title='bbox 924 4715 1281 4789; x_wconf 79' lang='grc' dir='ltr'>διαναπαύων,</span> <span class='ocrx_word' id='word_1_632' title='bbox 1324 4738 1415 4771; x_wconf 87' lang='grc' dir='ltr'><strong>και</strong></span> <span class='ocrx_word' id='word_1_633' title='bbox 1457 4723 1575 4795; x_wconf 78' lang='grc' dir='ltr'>περὶ</span> <span class='ocrx_word' id='word_1_634' title='bbox 1626 4722 1720 4777; x_wconf 83' lang='grc' dir='ltr'>τὴν</span> 
     </span>
    </p>
   </div>
   <div class='ocr_carea' id='block_1_101' title="bbox 101 4805 1722 4883">
    <p class='ocr_par' dir='ltr' id='par_1_101' title="bbox 101 4805 1722 4883">
     <span class='ocr_line' id='line_1_101' title="bbox 101 4805 1722 4883; baseline 0 -22"><span class='ocrx_word' id='word_1_635' title='bbox 101 4813 293 4883; x_wconf 66' lang='grc' dir='ltr'>πηγὴν</span> <span class='ocrx_word' id='word_1_636' title='bbox 325 4806 634 4881; x_wconf 76' lang='grc' dir='ltr'>ἀναψύχων.</span> <span class='ocrx_word' id='word_1_637' title='bbox 690 4807 825 4862; x_wconf 70' lang='grc' dir='ltr'><strong>Αὐτὸ</strong></span> <span class='ocrx_word' id='word_1_638' title='bbox 867 4811 969 4883; x_wconf 70' lang='grc' dir='ltr'>γὰρ</span> <span class='ocrx_word' id='word_1_639' title='bbox 1013 4818 1106 4871; x_wconf 87' lang='grc' dir='ltr'>τῆς</span> <span class='ocrx_word' id='word_1_640' title='bbox 1156 4811 1353 4883; x_wconf 76' lang='grc' dir='ltr'>ἡμέρας</span> <span class='ocrx_word' id='word_1_641' title='bbox 1399 4805 1462 4867; x_wconf 79' lang='grc' dir='ltr'><strong>ἧν</strong></span> <span class='ocrx_word' id='word_1_642' title='bbox 1508 4812 1567 4861; x_wconf 90' lang='grc' dir='ltr'><strong>τό</strong></span> <span class='ocrx_word' id='word_1_643' title='bbox 1634 4826 1722 4881; x_wconf 82' lang='grc' dir='ltr'><strong>με·</strong></span> 
     </span>
    </p>
   </div>
   <div class='ocr_carea' id='block_1_102' title="bbox 104 4895 1717 4973">
    <p class='ocr_par' dir='ltr' id='par_1_102' title="bbox 104 4895 1717 4973">
     <span class='ocr_line' id='line_1_102' title="bbox 104 4895 1717 4973; baseline -0.002 -19"><span class='ocrx_word' id='word_1_644' title='bbox 104 4904 389 4970; x_wconf 85' lang='grc' dir='ltr'>σαίτατον,</span> <span class='ocrx_word' id='word_1_645' title='bbox 436 4898 521 4950; x_wconf 85' lang='grc' dir='ltr'>ὅτε</span> <span class='ocrx_word' id='word_1_646' title='bbox 573 4896 751 4950; x_wconf 84' lang='grc' dir='ltr'>λοιπὸν</span> <span class='ocrx_word' id='word_1_647' title='bbox 796 4898 823 4949; x_wconf 89' lang='lat'><strong>6</strong></span> <span class='ocrx_word' id='word_1_648' title='bbox 869 4896 1015 4962; x_wconf 80' lang='grc' dir='ltr'>ἣλιος</span> <span class='ocrx_word' id='word_1_649' title='bbox 1055 4895 1400 4973; x_wconf 70' lang='grc' dir='ltr'>σφοδρότερον</span> <span class='ocrx_word' id='word_1_650' title='bbox 1451 4899 1717 4951; x_wconf 83' lang='grc' dir='ltr'>καθικνεῖ-</span> 
     </span>
    </p>
   </div>
   <div class='ocr_carea' id='block_1_103' title="bbox 188 5135 614 5207">
    <p class='ocr_par' dir='ltr' id='par_1_103' title="bbox 188 5135 614 5207">
     <span class='ocr_line' id='line_1_103' title="bbox 188 5135 614 5207; baseline -0.009 -13"><span class='ocrx_word' id='word_1_651' title='bbox 188 5139 245 5175; x_wconf 72' lang='grc' dir='ltr'><strong>ω</strong></span> <span class='ocrx_word' id='word_1_652' title='bbox 274 5137 394 5194; x_wconf 71' lang='grc' dir='ltr'>[εει.</span> <span class='ocrx_word' id='word_1_653' title='bbox 424 5149 525 5207; x_wconf 86' lang='lat' dir='ltr'><strong>vn,</strong></span> <span class='ocrx_word' id='word_1_654' title='bbox 556 5135 614 5190; x_wconf 83' lang='lat'><strong>9.</strong></span> 
     </span>
    </p>
   </div>
   <div class='ocr_carea' id='block_1_104' title="bbox 1828 4525 3492 4604">
    <p class='ocr_par' dir='ltr' id='par_1_104' title="bbox 1828 4525 3492 4604">
     <span class='ocr_line' id='line_1_104' title="bbox 1828 4525 3492 4604; baseline -0.005 -12"><span class='ocrx_word' id='word_1_655' title='bbox 1828 4535 1942 4604; x_wconf 89' lang='lat' dir='ltr'><strong>vel,</strong></span> <span class='ocrx_word' id='word_1_656' title='bbox 1983 4535 2172 4591; x_wconf 89' lang='lat' dir='ltr'><strong>humi.</strong></span> <span class='ocrx_word' id='word_1_657' title='bbox 2194 4535 2572 4590; x_wconf 88' lang='lat' dir='ltr'><strong>Demonstrat</strong></span> <span class='ocrx_word' id='word_1_658' title='bbox 2600 4529 2882 4604; x_wconf 86' lang='lat' dir='ltr'><strong>siquidem</strong></span> <span class='ocrx_word' id='word_1_659' title='bbox 2914 4542 3112 4583; x_wconf 89' lang='lat' dir='ltr'><strong>sermo</strong></span> <span class='ocrx_word' id='word_1_660' title='bbox 3134 4525 3293 4600; x_wconf 87' lang='lat' dir='ltr'><strong>quod</strong></span> <span class='ocrx_word' id='word_1_661' title='bbox 3318 4527 3492 4583; x_wconf 89' lang='lat' dir='ltr'><strong>omni</strong></span> 
     </span>
    </p>
   </div>
   <div class='ocr_carea' id='block_1_105' title="bbox 1828 4626 2259 4684">
    <p class='ocr_par' dir='ltr' id='par_1_105' title="bbox 1828 4626 2259 4684">
     <span class='ocr_line' id='line_1_105' title="bbox 1828 4626 2259 4684; baseline -0.009 -2"><span class='ocrx_word' id='word_1_662' title='bbox 1828 4626 1987 4684; x_wconf 87' lang='lat' dir='ltr'><strong>fastu</strong></span> <span class='ocrx_word' id='word_1_663' title='bbox 2013 4628 2259 4681; x_wconf 89' lang='lat' dir='ltr'><strong>careret.</strong></span> 
     </span>
    </p>
   </div>
   <div class='ocr_carea' id='block_1_106' title="bbox 1901 4706 3489 4785">
    <p class='ocr_par' dir='ltr' id='par_1_106' title="bbox 1901 4706 3489 4785">
     <span class='ocr_line' id='line_1_106' title="bbox 1901 4706 3489 4785; baseline -0.004 -13"><span class='ocrx_word' id='word_1_664' title='bbox 1901 4714 2156 4773; x_wconf 89' lang='lat' dir='ltr'><strong>Sedebat</strong></span> <span class='ocrx_word' id='word_1_665' title='bbox 2167 4719 2388 4779; x_wconf 89' lang='lat' dir='ltr'><strong>autem,</strong></span> <span class='ocrx_word' id='word_1_666' title='bbox 2410 4728 2626 4785; x_wconf 84' lang='lat' dir='ltr'><strong>corpus</strong></span> <span class='ocrx_word' id='word_1_667' title='bbox 2645 4707 3061 4774; x_wconf 81' lang='lat' dir='ltr'><strong>refocillans,et</strong></span> <span class='ocrx_word' id='word_1_668' title='bbox 3073 4707 3243 4779; x_wconf 84' lang='lat' dir='ltr'><strong>juxta</strong></span> <span class='ocrx_word' id='word_1_669' title='bbox 3262 4706 3489 4765; x_wconf 84' lang='lat' dir='ltr'><strong>fontem</strong></span> 
     </span>
    </p>
   </div>
   <div class='ocr_carea' id='block_1_107' title="bbox 1827 4795 3495 4871">
    <p class='ocr_par' dir='ltr' id='par_1_107' title="bbox 1827 4795 3495 4871">
     <span class='ocr_line' id='line_1_107' title="bbox 1827 4795 3495 4871; baseline -0.006 -9"><span class='ocrx_word' id='word_1_670' title='bbox 1827 4820 2124 4869; x_wconf 88' lang='lat' dir='ltr'><strong>recreans,</strong></span> <span class='ocrx_word' id='word_1_671' title='bbox 2187 4810 2308 4860; x_wconf 89' lang='lat' dir='ltr'><strong>erat</strong></span> <span class='ocrx_word' id='word_1_672' title='bbox 2363 4803 2523 4858; x_wconf 87' lang='lat' dir='ltr'><strong>enim</strong></span> <span class='ocrx_word' id='word_1_673' title='bbox 2572 4799 2868 4864; x_wconf 89' lang='lat' dir='ltr'><strong>meridies,</strong></span> <span class='ocrx_word' id='word_1_674' title='bbox 2915 4797 3158 4871; x_wconf 88' lang='lat' dir='ltr'><strong>quando</strong></span> <span class='ocrx_word' id='word_1_675' title='bbox 3187 4795 3279 4853; x_wconf 91' lang='lat' dir='ltr'><strong>sol</strong></span> <span class='ocrx_word' id='word_1_676' title='bbox 3320 4798 3495 4854; x_wconf 90' lang='lat' dir='ltr'><strong>vehe-</strong></span> 
     </span>
    </p>
   </div>
   <div class='ocr_carea' id='block_1_108' title="bbox 1827 4885 3493 4962">
    <p class='ocr_par' dir='ltr' id='par_1_108' title="bbox 1827 4885 3493 4962">
     <span class='ocr_line' id='line_1_108' title="bbox 1827 4885 3493 4962; baseline -0.005 -9"><span class='ocrx_word' id='word_1_677' title='bbox 1827 4895 2087 4953; x_wconf 89' lang='lat' dir='ltr'><strong>mentius</strong></span> <span class='ocrx_word' id='word_1_678' title='bbox 2135 4894 2405 4951; x_wconf 88' lang='lat' dir='ltr'><strong>humana</strong></span> <span class='ocrx_word' id='word_1_679' title='bbox 2458 4890 2689 4961; x_wconf 88' lang='lat' dir='ltr'><strong>attingit</strong></span> <span class='ocrx_word' id='word_1_680' title='bbox 2740 4903 3013 4962; x_wconf 81' lang='lat' dir='ltr'><strong>corpora.</strong></span> <span class='ocrx_word' id='word_1_681' title='bbox 3061 4885 3255 4943; x_wconf 89' lang='lat' dir='ltr'><strong>Simul</strong></span> <span class='ocrx_word' id='word_1_682' title='bbox 3313 4886 3493 4944; x_wconf 88' lang='lat' dir='ltr'><strong>etiam</strong></span> 
     </span>
    </p>
   </div>
   <div class='ocr_carea' id='block_1_109' title="bbox 1348 5279 2260 5352">
    <p class='ocr_par' dir='ltr' id='par_1_109' title="bbox 1348 5279 2260 5352">
     <span class='ocr_line' id='line_1_109' title="bbox 1348 5279 2260 5352; baseline -0.005 0"><span class='ocrx_word' id='word_1_683' title='bbox 1348 5281 1503 5352; x_wconf 88' lang='lat' dir='ltr'><strong>Vari</strong></span> <span class='ocrx_word' id='word_1_684' title='bbox 1514 5303 1571 5351; x_wconf 77' lang='lat' dir='ltr'><strong>ae</strong></span> <span class='ocrx_word' id='word_1_685' title='bbox 1611 5279 1942 5350; x_wconf 90' lang='lat' dir='ltr'><strong>lectiones</strong></span> <span class='ocrx_word' id='word_1_686' title='bbox 1982 5289 2049 5348; x_wconf 90' lang='lat' dir='ltr'><strong>et</strong></span> <span class='ocrx_word' id='word_1_687' title='bbox 2077 5286 2260 5347; x_wconf 73' lang='lat' dir='ltr'><strong>notas</strong></span> 
     </span>
    </p>
   </div>
   <div class='ocr_carea' id='block_1_110' title="bbox 212 5581 745 5653">
    <p class='ocr_par' dir='ltr' id='par_1_110' title="bbox 212 5581 745 5653">
     <span class='ocr_line' id='line_1_110' title="bbox 212 5581 745 5653; baseline -0.008 -12"><span class='ocrx_word' id='word_1_688' title='bbox 212 5581 309 5653; x_wconf 75' lang='lat'><strong>56)</strong></span> <span class='ocrx_word' id='word_1_689' title='bbox 334 5585 405 5637; x_wconf 81' lang='grc' dir='ltr'><strong>Οἱ</strong></span> <span class='ocrx_word' id='word_1_690' title='bbox 432 5581 653 5639; x_wconf 77' lang='lat' dir='ltr'><strong>Omittit</strong></span> <span class='ocrx_word' id='word_1_691' title='bbox 678 5583 745 5637; x_wconf 90' lang='grc' dir='ltr'>Β.</span> 
     </span>
    </p>
   </div>
   <div class='ocr_carea' id='block_1_111' title="bbox 207 5507 963 5585">
    <p class='ocr_par' dir='ltr' id='par_1_111' title="bbox 207 5507 963 5585">
     <span class='ocr_line' id='line_1_111' title="bbox 207 5507 963 5585; baseline -0.008 -15"><span class='ocrx_word' id='word_1_692' title='bbox 207 5512 304 5585; x_wconf 82' lang='grc'><strong>55)</strong></span> <span class='ocrx_word' id='word_1_693' title='bbox 348 5515 660 5585; x_wconf 68' lang='grc' dir='ltr'>Κατῲκησεν</span> <span class='ocrx_word' id='word_1_694' title='bbox 679 5510 755 5585; x_wconf 85' lang='lat' dir='ltr'><strong>_A,</strong></span> <span class='ocrx_word' id='word_1_695' title='bbox 785 5507 963 5566; x_wconf 89' lang='lat' dir='ltr'><strong>male.</strong></span> 
     </span>
    </p>
   </div>
   <div class='ocr_carea' id='block_1_112' title="bbox 176 5516 1734 5732">
    <p class='ocr_par' dir='ltr' id='par_1_112' title="bbox 176 5516 1734 5732">
     <span class='ocr_line' id='line_1_112' title="bbox 207 5516 963 5585; baseline -0.008 -15"><span class='ocrx_word' id='word_1_696' title='bbox 207 5516 304 5585; x_wconf 82' lang='grc'><strong>55)</strong></span> <span class='ocrx_word' id='word_1_697' title='bbox 348 5516 660 5583; x_wconf 72' lang='grc' dir='ltr'>Κατῲκησιν</span> <span class='ocrx_word' id='word_1_698' title='bbox 688 5516 755 5581; x_wconf 88' lang='lat' dir='ltr'><strong>A,</strong></span> <span class='ocrx_word' id='word_1_699' title='bbox 785 5516 963 5566; x_wconf 85' lang='lat' dir='ltr'><strong>male.</strong></span> 
     </span>
     <span class='ocr_line' id='line_1_113' title="bbox 212 5581 745 5653; baseline -0.008 -12"><span class='ocrx_word' id='word_1_700' title='bbox 212 5588 309 5653; x_wconf 78' lang='lat'><strong>‘56)</strong></span> <span class='ocrx_word' id='word_1_701' title='bbox 334 5585 405 5637; x_wconf 80' lang='lat' dir='ltr'><strong>Oi</strong></span> <span class='ocrx_word' id='word_1_702' title='bbox 432 5581 653 5639; x_wconf 86' lang='lat' dir='ltr'><strong>omittit</strong></span> <span class='ocrx_word' id='word_1_703' title='bbox 678 5583 745 5637; x_wconf 90' lang='grc' dir='ltr'>Β.</span> 
     </span>
     <span class='ocr_line' id='line_1_114' title="bbox 176 5516 1734 5732; baseline -0.005 -18"><span class='ocrx_word' id='word_1_704' title='bbox 176 5516 303 5732; x_wconf 45' lang='grc' dir='ltr'><strong>ξεῖ)</strong></span> <span class='ocrx_word' id='word_1_705' title='bbox 359 5654 496 5711; x_wconf 66' lang='lat' dir='ltr'><strong>Hinc</strong></span> <span class='ocrx_word' id='word_1_706' title='bbox 527 5657 736 5710; x_wconf 82' lang='lat' dir='ltr'><strong>neuter</strong></span> <span class='ocrx_word' id='word_1_707' title='bbox 764 5666 1037 5710; x_wconf 87' lang='lat' dir='ltr'><strong>meorum</strong></span> <span class='ocrx_word' id='word_1_708' title='bbox 1082 5648 1387 5722; x_wconf 80' lang='lat' dir='ltr'><strong>agnoscit.</strong></span> <span class='ocrx_word' id='word_1_709' title='bbox 1446 5650 1734 5723; x_wconf 84' lang='lat' dir='ltr'><strong>Excerpta</strong></span> 
     </span>
    </p>
   </div>
   <div class='ocr_carea' id='block_1_113' title="bbox 1841 5495 3496 5573">
    <p class='ocr_par' dir='ltr' id='par_1_113' title="bbox 1841 5495 3496 5573">
     <span class='ocr_line' id='line_1_115' title="bbox 1841 5495 3496 5573; baseline -0.007 -13"><span class='ocrx_word' id='word_1_710' title='bbox 1841 5507 2041 5560; x_wconf 88' lang='lat' dir='ltr'><strong>autem</strong></span> <span class='ocrx_word' id='word_1_711' title='bbox 2072 5504 2214 5557; x_wconf 89' lang='lat' dir='ltr'><strong>sunt</strong></span> <span class='ocrx_word' id='word_1_712' title='bbox 2234 5498 2570 5573; x_wconf 17' lang='lat' dir='ltr'><strong>partimgex</strong></span> <span class='ocrx_word' id='word_1_713' title='bbox 2613 5496 2988 5573; x_wconf 44' lang='lat' dir='ltr'><strong>ChrysostLt.</strong></span> <span class='ocrx_word' id='word_1_714' title='bbox 3018 5495 3157 5563; x_wconf 78' lang='lat' dir='ltr'><strong>VIII,</strong></span> <span class='ocrx_word' id='word_1_715' title='bbox 3188 5509 3249 5566; x_wconf 91' lang='lat' dir='ltr'><strong>p.</strong></span> <span class='ocrx_word' id='word_1_716' title='bbox 3281 5495 3398 5560; x_wconf 81' lang='lat'><strong>177,</strong></span> <span class='ocrx_word' id='word_1_717' title='bbox 3432 5495 3496 5559; x_wconf 87' lang='lat' dir='ltr'><strong>C,</strong></span> 
     </span>
    </p>
   </div>
   <div class='ocr_carea' id='block_1_114' title="bbox 1840 5569 2967 5648">
    <p class='ocr_par' dir='ltr' id='par_1_114' title="bbox 1840 5569 2967 5648">
     <span class='ocr_line' id='line_1_116' title="bbox 1840 5569 2967 5648; baseline -0.009 -16"><span class='ocrx_word' id='word_1_718' title='bbox 1840 5575 2059 5648; x_wconf 87' lang='lat' dir='ltr'><strong>partim</strong></span> <span class='ocrx_word' id='word_1_719' title='bbox 2089 5589 2160 5629; x_wconf 85' lang='lat' dir='ltr'><strong>ex</strong></span> <span class='ocrx_word' id='word_1_720' title='bbox 2188 5569 2644 5644; x_wconf 82' lang='lat' dir='ltr'><strong>Theophylacto,</strong></span> <span class='ocrx_word' id='word_1_721' title='bbox 2673 5569 2740 5642; x_wconf 36' lang='lat' dir='ltr'><strong>p.’</strong></span> <span class='ocrx_word' id='word_1_722' title='bbox 2764 5571 2869 5625; x_wconf 87' lang='lat'><em>606</em></span> <span class='ocrx_word' id='word_1_723' title='bbox 2903 5569 2967 5623; x_wconf 89' lang='grc' dir='ltr'><strong>Β.</strong></span> 
     </span>
    </p>
   </div>
  </div>
