4038 6226
613 182 752 244 1187

1969 177 2315 238 EUTHYMII
2364 180 2703 242 ZIGABENI

3743 199 3837 257 H88

607 310 934 382 discipulos
965 311 1365 383 exspectabat,
1407 309 1510 383 qui
1543 309 1812 367 abierant
1842 309 2083 364 utcibos
2116 323 2262 362 eme-

2387 329 2472 360 ται
2531 319 2628 361 τῶν
2682 309 3013 383 ἀνθρωπίνων
3075 313 3484 387 σωμάτων·ἆμα
3537 311 3583 369 δε
3636 326 3702 372 καὶ
3761 328 3840 384 tr);

607 408 753 457 rent.
791 401 932 457 Vide
975 406 1173 456 autem
1215 401 1600 469 evangelista:
1632 399 1998 469 diligentiam
2041 413 2274 469 :neque

608 492 768 546 enim
815 491 961 545 dixit
1021 507 1034 545 :
1082 491 1234 545 Hora
1281 495 1408 545 erat
1456 495 1635 554 sexta,
1699 489 1799 543 sed
1843 489 2028 560 ferme
2079 493 2271 552 sexta,

610 579 1004 643 istruensnos,
1027 595 1100 633 ne
1137 580 1314 632 etiam
1343 577 1593 634 minima
1616 577 2148 650 parvipendamus,
2168 575 2273 632 sed

607 670 666 724 in
693 669 933 739 liisquaa
958 684 1085 722 sese
1117 668 1371 723 offerunt.
1406 668 1708 723 veritatem
1740 673 2056 723 sectemur.
2085 665 2273 738 Siqui-

605 756 744 811 dem
778 774 850 810 ne
877 756 1240 812 affirmando
1272 761 1513 823 erraret,
1560 756 1870 811 dictionem
1907 755 2185 821 correxit,
2215 757 2274 808 et

606 846 1084 916 coniecturaliter
1114 846 1345 900 locutus
1378 849 1482 900 est.

678 1027 833 1080 Vers.
865 1033 917 1080 7.
972 1025 1134 1080 Venit
1169 1056 1232 1064 ——
1279 1040 1503 1095 aquam.
1546 1023 1686 1079 Inde
1727 1024 1885 1078 enim
1919 1022 2269 1078 hauriebant

605 1131 828 1188 aquam
850 1131 916 1170 ac
945 1115 1248 1180 bibebant,
1274 1114 1376 1186 qui
1404 1114 1624 1169 dictam
1650 1114 1946 1169 civitatem
1970 1111 2267 1168 inhabita-

604 1203 769 1269 bant,
811 1219 879 1258 eo
919 1204 1083 1276 quod
1117 1203 1290 1275 pauci
1316 1205 1485 1270 juxta
1518 1203 1714 1258 locum
1747 1208 1942 1256 essent
1975 1202 2153 1272 putei.

677 1295 900 1347 Vers.7.
925 1292 1155 1346 Dicit—
1188 1292 1476 1346 utbibam.
1501 1291 2018 1356 Quemadmodum
2047 1291 2104 1346 in
2127 1291 2265 1358 ﬁcu,

603 1399 728 1452 quae
742 1382 972 1437 exaruit
990 1386 1055 1445 ⁸³,
1075 1381 1218 1436 ficus
1235 1382 1573 1452 requirebat
1590 1398 1705 1436 non
1725 1388 1960 1452 propter
1986 1382 2264 1446 esuriem,

603 1470 708 1526 sed
747 1471 1183 1540 dispensatorie
1225 1486 1426 1539 agens.
1487 1476 1546 1524 ut
1575 1477 1819 1541 accepta
1845 1468 2166 1526 occasione
2191 1469 2266 1525 ad

605 1559 956 1617 miraculum
985 1561 1307 1630 perveniret
1338 1577 1348 1614 :
1383 1559 1461 1614 ita
1481 1564 1537 1615 et
1561 1575 1719 1615 nunc
1751 1559 1824 1614 de
1855 1558 2024 1614 fonte
2046 1575 2267 1631 aquam

601 1649 881 1724 postulat,
925 1666 1043 1704 non
1076 1650 1200 1704 sitis
1241 1665 1445 1716 causa,
1481 1648 1585 1702 sed
1643 1648 2096 1718 dispensatorie,
2140 1665 2262 1720 quo

601 1745 810 1796 nactus
875 1740 1252 1794 occasionem
1306 1754 1442 1792 cum
1487 1737 1730 1792 muliere
1787 1737 2264 1809 colloqueretur;

602 1827 1135 1901 praesciebateuim
1168 1827 1357 1897 ipsam
1412 1826 1773 1880 credituram
1823 1826 2267 1898 multorumque

602 1918 736 1973 ﬁdei
768 1933 1014 1974 causam
1045 1915 1301 1972 futuram
1338 1937 1348 1967 :
1385 1915 1633 1986 ideoque
1653 1922 1856 1969 exorta
1871 1913 2265 1970 collocutione

605 2023 828 2080 aquam
860 2005 1124 2078 reliquit.

673 2098 837 2152 Vers.
870 2097 924 2149 8.
958 2093 1244 2163 Discipuli
1268 2125 1332 2134 —
1365 2097 1426 2148 ut
1453 2101 1722 2150 emerent.
1757 2091 2061 2164 Siquidem
2091 2093 2266 2148 viati-

602 2202 738 2241 cum
790 2199 909 2239 non
966 2183 1352 2249 contulerant,
1403 2181 1589 2237 edocti
1631 2187 1897 2237 ventrem
1931 2181 2262 2252 despicere,

601 2291 711 2330 nec
777 2273 992 2329 anxius
1041 2273 1223 2343 ipsius
1276 2287 1477 2341 gerere
1531 2271 1909 2343 obsequium,
1952 2271 2056 2325 sed
2128 2276 2269 2326 tunc

605 2363 799 2419 solum
841 2364 1025 2434 ipsius
1066 2361 1285 2417 habere
1316 2378 1543 2427 curam,
1590 2378 1728 2417 cum
1786 2360 1865 2416 ad
1894 2360 2009 2416 hoc
2055 2366 2269 2416 natura

610 2457 866 2522 cogeret.

685 2544 798 2598 Cur
811 2545 1009 2597 autem
1041 2545 1179 2594 tunc
1194 2540 1550 2595 miraculum
1573 2545 1842 2611 operatus
1863 2554 1982 2593 non
2007 2544 2092 2594 est
2114 2539 2270 2594 circa

611 2631 775 2687 cibos
806 2629 1232 2700 discipulorum
1255 2629 1281 2682 ?
1313 2629 1481 2694 Quia,
1508 2630 1552 2683 si
1581 2628 1784 2684 omnia
1813 2634 2098 2700 tanquam
2116 2629 2270 2683 Deus

612 2720 958 2777 mirabiliter
977 2725 1259 2790 operatus
1285 2717 1508 2782 fuisset,
1532 2733 1915 2789 nequaquam
1935 2717 2117 2772 homo
2142 2733 2270 2771 esse

609 2811 866 2868 creditus
884 2809 1081 2864 fuisset
1104 2824 1116 2873 ;
1136 2807 1652 2880 quemadmodum
1673 2823 1702 2861 e
1720 2806 1971 2870 diverso,
1992 2807 2039 2861 si
2060 2806 2269 2862 omnia

610 2906 888 2973 tanquam
917 2899 1098 2954 homo
1131 2895 1380 2961 iecisset,
1409 2899 1589 2952 Deum
1609 2913 1736 2951 esse
1761 2895 1922 2951 nullo
1953 2895 2134 2950 modo
2148 2911 2269 2949 cre-

610 2990 915 3046 didissent.
978 2988 1114 3042 ldeo
1179 2986 1546 3058 quandoque
1614 2991 1674 3040 ut
1729 2986 1910 3040 homo
1964 2990 2262 3056 operatur,

2378 2991 2646 3062 ἄνθρωπος
2725 2994 2961 3062 πράττει,
3039 2991 3261 3065 βεϐαιῶν

611 3079 951 3144 ostendens,
975 3077 1136 3150 quod
1186 3076 1364 3131 homo
1418 3075 1491 3130 sit
1539 3092 1551 3140 ;
1584 3074 1878 3132 interdum
1904 3091 2061 3144 vero,
2093 3075 2267 3147 quasi

613 3173 764 3226 Deus
797 3168 1090 3224 mirabilia
1129 3171 1428 3238 operatur.

683 3259 852 3316 Solus
886 3263 1084 3312 autem
1119 3255 1363 3310 sedebat
1391 3254 1550 3309 circa
1591 3253 1834 3317 fontem,
1854 3270 1924 3309 ex
1954 3254 2066 3309 hoc
2089 3254 2265 3309 etiam

609 3349 952 3413 ostendens,
983 3347 1147 3420 quod
1187 3350 1342 3401 esset
1372 3361 1406 3398 a
1434 3343 1592 3399 fastu
1622 3343 1873 3399 alienus.

681 3441 840 3494 Vers.
874 3439 926 3492 9.
963 3436 1106 3492 Dicit
1140 3465 1199 3474 —
1228 3432 1633 3490 Samaritanis.
1679 3437 1804 3488 Non
1837 3433 2266 3489 commercium

607 3527 850 3590 habent,
872 3526 992 3580 sive
1025 3541 1142 3580 non
1157 3524 1629 3587 communicant,
1646 3523 1809 3594 ipsos
1823 3521 2262 3588 abominantes,

608 3621 894 3688 tanquam
938 3614 1134 3670 solum
1176 3613 1233 3668 in
1266 3617 1430 3685 parte
1456 3612 1858 3684 judaizantes.

681 3705 794 3761 Sed
825 3703 1272 3760 undeJudaaum
1293 3718 1423 3758 esse
1455 3702 1735 3772 cognovit
1763 3702 1790 3758 ‘I
1817 3701 1904 3756 Ab
1926 3700 2132 3756 habitu
2164 3704 2267 3758 aut

607 3793 788 3850 etiam
842 3808 878 3848 a
923 3791 1174 3863 loquela.
1219 3795 1364 3847 Nam
1396 3789 1660 3846 Christus
1699 3789 1947 3862 quidem
1976 3796 2265 3862 tanquam

606 3899 727 3938 non
752 3882 1067 3952 vulgariter
1091 3880 1353 3944 Judaaus,
1389 3878 1684 3936 sedetiam
1715 3881 1889 3942 Deus,
1920 3884 2267 3950 contempta

607 3970 955 4044 hujusmodi
989 3969 1385 4033 observantia,
1416 3968 1690 4040 captabat
1725 3983 1841 4024 non
1867 3969 2267 4023 Samaritano-

605 4079 739 4120 rum
774 4066 1001 4118 tantum
1042 4057 1648 4128 familiaritatem,sed
1674 4063 1729 4113 et
1759 4064 2109 4113 cunctarum
2140 4057 2265 4113 ubi-

604 4169 720 4227 que
751 4151 1038 4224 gentium.
1105 4148 1480 4208 Samaritana
1527 4163 1668 4204 vero
1729 4147 2076 4202 existimans
2125 4162 2264 4204 eum

608 4257 874 4316 peccare,
905 4238 1278 4311 corripientis
1330 4252 1495 4292 more
1527 4236 1604 4291 ad
1635 4235 1991 4291 memoriam
2035 4233 2266 4292 reducit

603 4332 1098 4389 observationem.

678 4423 838 4478 Vers.
878 4425 958 4477 t0.
996 4417 1301 4490 Respondit
1336 4447 1399 4456 —
1434 4417 1647 4474 vivam.
1670 4417 1825 4474 Hinc
1856 4415 2034 4486 plane
2077 4414 2266 4471 mani-

604 4512 818 4567 festum
850 4515 932 4566 est
960 4505 1123 4579 quod
1155 4505 1310 4561 sitim
1352 4503 1738 4570 simulaverit,
1776 4509 1840 4560 ut
1867 4505 1945 4558 ad
1974 4519 2037 4559 se
2063 4519 2264 4561 erran-

606 4608 718 4656 tem
776 4601 1114 4663 attraheret,
1172 4613 1240 4653 ac
1280 4595 1595 4651 locutionis
1633 4593 1740 4650 reti
1809 4598 2146 4650 venaretur.
2183 4593 2265 4650 Si-

603 4690 786 4746 tiebat
842 4694 1018 4752 certe,
1061 4687 1168 4744 sed
1200 4686 1523 4742 errantium
1570 4683 2040 4749 conversionem,
2081 4699 2262 4755 quam

603 4779 781 4835 etiam
824 4779 880 4834 in
943 4793 1226 4849 processu
1291 4791 1469 4829 suum
1526 4779 1699 4828 vocat
1739 4773 1962 4836 cibum,
2004 4773 2208 4828 dicens
2245 4791 2258 4829 :

602 4868 770 4924 Meus
788 4867 939 4922 cibus
964 4876 1066 4929 est,
1093 4872 1152 4919 ut
1176 4865 1400 4932 faciam
1429 4863 1788 4918 voluntatem
1814 4864 1958 4931 ejus,
1984 4861 2260 4932 quimisit

601 4975 690 5014 me
717 4958 764 4992 ⁸⁸
798 4975 810 5025 ;
845 4971 1005 5010 nunc
1047 4969 1184 5009 vero
1225 4953 1306 5009 ait
1336 4969 1346 5006 :
1390 4952 1450 5005 Si
1473 4952 1651 5007 scires
1683 4951 1899 5006 donum
1931 4951 2052 5016 Dei,
2088 4951 2134 5006 si
2166 4967 2262 5006 co-

600 5041 1247 5119 gnosceres,quidnam
1278 5040 1367 5110 sit,
1401 5039 1566 5112 quod
1599 5039 1784 5095 donat
1807 5040 1979 5095 Deus.
2018 5039 2278 5097 Dicebat'

673 5227 720 5263 ”
747 5224 946 5283 Matth.
977 5239 1095 5288 χχι,
1135 5221 1203 5276 18
1237 5239 1250 5290 ;
1283 5221 1537 5288 Marc.x1,
1567 5219 1654 5273 t2.
1731 5218 1779 5254 ⁶⁴
1807 5219 1979 5274 Joan.
2021 5233 2098 5283 iv,
2131 5220 2219 5285 34,

2310 1668 2349 1722 Β

2295 4384 2342 4440 D

2384 400 2620 469 μαθητὰς
2674 399 2902 472 ἀνέμενεν
2951 399 3262 464 ἀπελθόντας
3340 403 3398 464 εἰς
3476 403 3632 477 ἀγορὰν
3689 422 3837 482 τροφῶν,

2381 487 2518 561 Ὀρα
2585 485 2642 540 δὲ
2695 497 2785 541 τοῦ
2852 490 3215 562 εὐαγγελιστοῦ
3273 497 3361 550 τὴν
3411 491 3667 565 ἀκρίϐειαι·
3701 499 3742 550 οὐ

2384 579 2537 646 εἶπεν,
2565 577 2701 652 Ὦρα
2732 575 2792 637 ἦν
2819 580 2963 643 ἕκτη,
3013 579 3120 631 ἀλλ’
3175 583 3298 633 ὡσεὶ
3347 582 3454 640 ἕκτη
3479 603 3488 614 ’
3520 582 3724 637 παιδεύων
3754 589 3843 658 ἡμᾶς

2380 664 2512 738 μηδ’
2544 665 2627 720 ἐπὶ
2668 676 2778 729 τοῖς
2810 668 3117 740 ἐλαχίστοις
3155 666 3462 744 ἀδιαφορεῐν,
3492 672 3598 724 ἀλλὰ
3623 681 3690 726 καὶ
3719 675 3751 726 ἐν
3775 686 3846 740 τοῖς

2379 765 2637 828 τυχοῦσιν
2662 755 2988 816 ἐπιτηδεύειν
3021 757 3280 817 ἀ)ήθειαν.
3315 759 3416 814 Ἵνα
3452 766 3537 834 γὰρ
3565 768 3623 835 μὴ
3653 763 3845 836 ἀποφαινο-

2379 864 2522 916 μενος
2551 849 2677 909 ἴσως
2699 845 2970 921 ἀποτύχῃ,
3007 847 3215 901 ἐκόλασε
3253 855 3344 908 τὴν
3371 850 3505 915 λέξιν,
3540 857 3614 903 καὶ
3643 872 3845 924 στοχαστι-

2378 943 2477 995 κῶς
2502 935 2680 998 ἔλεξεν.

2453 1023 2704 1097 Ἔρχεται
2734 1058 2802 1066 -
2845 1022 3011 1099 ὕδωρ.
3068 1028 3289 1080 Ἐκεῖθεν
3326 1031 3420 1102 γὰρ
3451 1031 3490 1080 οἱ
3536 1038 3612 1091 τῆς
3658 1031 3848 1105 εἰρημένης

2378 1114 2571 1176 πόλεως
2600 1111 2901 1188 ὑδρεύοντο,
2957 1113 3051 1169 διὰ
3098 1120 3155 1169 τό
3203 1121 3274 1190 μὴ
3310 1122 3472 1189 συχνὰ
3498 1124 3660 1190 φρέατα
3693 1126 3850 1192 ﬂagitii

2378 1209 2533 1256 τόπον
2567 1201 2714 1259 εἶναι.

2451 1299 2602 1364 Λέγει
2652 1326 2717 1334 —
2763 1302 2916 1347 πιεῖν.
2959 1293 3164 1370 Ὠσπερ
3212 1295 3298 1348 ἐπὶ
3346 1305 3432 1358 τῆς
3481 1296 3757 1368 ξηρανθείσης
3799 1316 3854 1348 σοι

2377 1392 2475 1445 κῆς
2535 1383 2592 1435 ού
2655 1393 2838 1436 πεινῶν
2900 1383 3073 1444 ἐζήτει
3133 1393 3290 1452 σῦκα,
3360 1384 3457 1436 ἀλλ’
3517 1386 3757 1458 οἰκονομῶν,
3803 1387 3856 1435 in

2378 1472 2679 1547 εύαφὸρμως
2725 1471 2806 1524 ἐπὶ
2859 1477 2952 1532 τὴν
3009 1475 3426 1548 θαυματουργία-δ
3472 1476 3576 1547 {Aﬁr
3607 1493 3618 1508 ο
3663 1476 3766 1526 οὕτω
3801 1481 3859 1525 ui

2375 1583 2462 1613 ννν
2493 1561 2576 1615 ἐπὶ
2619 1571 2712 1624 τῆς
2740 1571 2916 1634 πηγῆς
2948 1562 3005 1614 ού
3058 1560 3229 1634 διψῶν
3277 1563 3436 1625 ἐζήτει
3481 1562 3623 1637 ὕδωρ,
3662 1564 3744 1614 id)?
3771 1563 3857 1614 ouu-

2375 1660 2562 1722 νομῶν,
2606 1652 2688 1702 ἶνα
2726 1651 3027 1725 εύαφὸρμως
3063 1660 3121 1723 τῇ
3175 1659 3385 1724 γυναικὶ
3427 1650 3672 1725 διαλεχθῇ.
3713 1656 3860 1724 “posti-

2375 1759 2540 1792 νωσκε
2565 1743 2666 1812 γὰρ
2699 1740 2860 1799 αὐτὴν
2884 1744 3274 1794 πιστεύσουσαν
3305 1748 3392 1795 καὶ
3428 1742 3610 1803 πολλοῖς
3633 1741 3765 1793 αἰτίαν
3787 1745 3864 1791 πίσ-

2376 1846 2505 1890 τεως
2542 1834 2890 1901 γενησομένην
2925 1848 2937 1861 ·
2975 1827 3060 1882 διὸ
3092 1836 3202 1898 καὶ,
3251 1840 3346 1894 τῆς
3385 1828 3629 1896 διαὶέξεως
3664 1830 3863 1902 ﬂiam;

2377 1919 2543 1989 ἀφῆκε
2583 1922 2638 1970 τὸ
2816 1915 2982 1993 ὕδωρ.

2451 2099 2514 2148 Οἱ
2540 2099 2640 2170 γὰρ
2672 2099 2907 2170 μαθηταὶ
2936 2129 3002 2138 -
3029 2097 3384 2172 ἀγοράσωσιν.
3413 2099 3516 2151 Ούκ
3535 2099 3774 2170 ἐπεφέροντο
3792 2095 3869 2164 (59)

2375 2189 2476 2260 γὰρ
2512 2183 2715 2258 ἐφόδια,
2750 2184 3113 2250 παιδευθέντες
3144 2197 3475 2262 καταφρονεῖν
3503 2192 3713 2260 γαστρὸς,
3739 2190 3804 2236 καὶ
3824 2187 3868 2254 μὴ

2379 2273 2837 2348 περισπούδαστον
2865 2279 3112 2347 ἡγεῖσθαι
3157 2283 3244 2336 την
3275 2278 3586 2350 ).ειτούργίαν
3615 2277 3761 2339 oriri-6,
3793 2273 3874 2324 {illi

2380 2372 2493 2418 τότε
2522 2371 2673 2437 μόνον
2716 2365 3116 2441 ἐπιστρέφεσθαι
3147 2370 3365 2433 ταύτης,
3395 2370 3474 2421 ὅτε
3515 2367 3668 2419 λοιπὸν
3709 2367 3730 2420 ἡ
3771 2367 3874 2436 οὐςις

2380 2454 2594 2526 ἐπείγοι.

2453 2551 2568 2606 Πῶς
2639 2541 2727 2596 οὖν
2804 2544 2897 2596 ούκ
2978 2545 3449 2620 ἐθανματούργησε
3515 2551 3593 2598 καὶ
3660 2550 3748 2598 τότε
3803 2546 3878 2612 περὶ

2379 2636 2468 2694 τὰς
2507 2636 2695 2707 τροφὰς
2747 2643 2847 2686 τῶν
2888 2635 3172 2706 μαθητών;
3208 2641 3356 2689 Διότι
3401 2636 3478 2688 ἐὰν
3528 2638 3678 2687 πάντα
3713 2637 3763 2693 ὡς
3797 2633 3883 2688 Θεὸς

2380 2721 2756 2796 ὶτερατούργει,
2839 2724 3111 2782 ἠπιστήθη
3190 2724 3248 2776 ἆν
3332 2728 3411 2778 ὅτι
3487 2726 3716 2796 ἄνθρωπός
3775 2720 3881 2780 ἐστιν,

2379 2814 2551 2884 ὧσπερ
2624 2812 2776 2864 πάλιν
2842 2811 2928 2863 ἐὰν
2999 2817 3167 2866 πάντα
3253 2817 3327 2875 ὡς
3394 2817 3643 2890 ἅνθρωπος
3697 2816 3882 2882 ἔπραττε.

2379 2902 2686 2959 ἠπιστήσθη
2717 2899 2774 2951 ἂν
2808 2903 2886 2952 ὅτι
2921 2907 3048 2964 Θεὸς
3089 2903 3224 2955 ἐστι.
3271 2907 3374 2957 Διὰ
3419 2913 3562 2957 τοῦτο
3611 2907 3713 2954 ποτε
3748 2903 3812 2972 μὲν
3845 2915 3886 2954 ’νς

3361 2997 3440 3046 ὃτι
3509 2995 3738 3068 ἄνθρωπος
3796 2986 3881 3037 ἐστι·

2381 3082 2498 3133 ποτε
2548 3075 2606 3132 δε
2644 3084 2706 3140 ὡς
2756 3083 2886 3142 Θεὸς
2936 3090 3290 3156 τερατουργεί,
3345 3085 3661 3156 πιστούμενος
3704 3080 3767 3131 ὃτι
3805 3085 3888 3132 Θεος

2379 3188 2508 3222 εστι.

2449 3263 2610 3320 Μόνος
2642 3255 2700 3312 δε
2730 3257 2995 3320 ἐκαθέζετο
3027 3263 3170 3335 παρὰ
3212 3270 3275 3334 τῇ
3322 3270 3466 3334 πηγῇ
3508 3256 3737 3315 παιδεύων
3766 3261 3830 3307 ut
3856 3251 3889 3303 ἐι

2377 3349 2563 3399 τούτου
2589 3352 2646 3400 τὸ
2677 3349 2890 3420 ἄτυφον.

2453 3440 2602 3508 Λέγει
2647 3468 2716 3476 —
2760 3443 3119 3512 Σαμαρείταις.
3170 3439 3249 3491 Ού
3303 3448 3653 3516 συγχρῶνται,
3697 3441 3820 3505 ἤγουν
3855 3429 3890 3480 ῠῦ

2377 3533 2702 3595 κοινωνοῦσι,
2776 3523 3176 3600 βδελυττόμενοι
3239 3533 3458 3591 τούτους
3509 3533 3569 3590 ὡς
3625 3526 3670 3589 ἐξ
3715 3525 3892 3594 ipim“

2381 3612 2771 3677 ἰουδαίζοντας.
2793 3652 2810 3657 -

2447 3703 2602 3756 Ἀλλὰ
2683 3706 2834 3757 πόθεν
2919 3708 3046 3776 ἔγνυ
3134 3707 3218 3759 ὅτι
3294 3703 3554 3770 Ἰουδαῖός
3633 3698 3890 3766 ἕστινςἋπό

2375 3800 2464 3844 τοῦ
2528 3799 2828 3866 σχήματος,
2884 3798 2914 3853 ἦ
2994 3801 3082 3847 καὶ
3131 3793 3232 3849 ἀπὸ
3285 3805 3378 3858 τῆς
3447 3793 3712 3858 διαλέξεως,
3753 3788 3797 3840 ’0

2377 3879 2463 3933 οὖν
2501 3886 2746 3954 Χριστὸς,
2776 3884 2859 3934 οἶα
2887 3888 2958 3955 μὴ
3009 3883 3179 3945 ἅπλῶς
3225 3882 3506 3950 Ἰουδαῖος,
3547 3883 3662 3935 ἀλλὰ
3685 3887 3757 3931 καὶ
3789 3879 3890 3933 θεὸς,

2377 3968 2593 4047 παρεῖδε
2609 3976 2702 4030 τὴν
2723 3976 2967 4031 τοιαύτην
2985 3980 3386 4049 παρατήρησιν,
3410 3975 3817 4051 προοιμιαζόμενος
3834 3966 3890 4013 τὶν

2377 4061 2652 4128 οἰκείωσιν,
2706 4062 2764 4114 ού
2811 4067 2963 4135 μόνον
3020 4072 3119 4115 τῶν
3170 4073 3526 4140 Σαμαρειτῶν,
3577 4063 3690 4116 ἀ)λά
3732 4063 3799 4109 καὶ
3828 4061 3892 4104 τῶν

2377 4149 2687 4223 ἁπανταχοῦ
2711 4159 2811 4222 γῆς
2838 4150 3010 4206 έθνὼν.
3042 4151 3099 4206 Ἡ
3139 4149 3198 4206 δὲ
3229 4161 3562 4227 Σαμαρεῖτις,
3582 4151 3754 4223 οἰομένη
3768 4150 3890 4197 tot)?”

2375 4239 2708 4312 ἁμαρτάνειν,
2752 4236 3060 4316 διορθοῦται
3118 4238 3277 4301 δῆθεν
3334 4245 3775 4316 ὑπομιμνήσκουσα
3815 4232 3890 4302 περὶ

2373 4336 2434 4388 τῆ
2448 4349 2469 4391 ς
2496 4335 2773 4405 παρατηρὴ
2785 4349 2934 4394 σεως.

2447 4419 2728 4494 ’Δπεκρίθη
2805 4451 2874 4460 -
2946 4421 3073 4480 ζῶν.
3156 4421 3426 4476 Ἐντεῦθεν
3483 4421 3694 4496 μάλιστα
3746 4413 3887 4486 9MP”!

2374 4510 2438 4569 ὡς
2481 4509 2733 4583 ύπεκρίθη
2779 4514 2894 4562 τότε
2933 4513 3026 4568 τὴν
3086 4506 3271 4580 δίψαν,
3319 4513 3406 4562 ἱνα
3459 4510 3604 4582 ἐγγὺς
3829 4501 3884 4550 τὲθ

2373 4595 2724 4669 πλανωμένην,
2757 4603 2846 4650 καὶ
2897 4600 3123 4670 θηρεύση
3171 4607 3241 4669 τῷ
3277 4596 3488 4672 δικτύῳ
3547 4607 3633 4658 τῆς
3677 4589 3886 4650 5:11:55“;-

2373 4681 2570 4756 Ἐδίψα
2652 4689 2740 4758 μεν
2826 4689 2948 4761 γὰρ,
3019 4686 3147 4739 ἀλλὰ
3239 4693 3332 4746 τὴν
3416 4698 3518 4742 τών
3591 4682 3886 4750 amicali“???

2373 4772 2688 4848 ἐπιστροφήν
2721 4795 2734 4808 ο
2785 4775 2892 4829 ἐπεὶ
2942 4780 3034 4829 καὶ
3081 4783 3298 4849 προῖὼν,
3355 4775 3498 4831 ἴδιον
3547 4774 3714 4850 βρῶμα
3755 4783 3886 4822 ττλτῖπ

2371 4863 2538 4934 καλεῖ,
2593 4863 2752 4936 λέγων
2790 4883 2805 4898 ο
2859 4865 3012 4937 Ἐμὸν
3072 4863 3264 4939 βρῶμά
3349 4867 3516 4934 ἐστιν,
3580 4865 3653 4917 ἵνα
3709 4865 3805 4914 ποιῶ

2376 4950 2574 5023 θέλημα
2647 4935 2740 5004 τοῦ
2790 4935 3121 5025 πέμψαντός-
3170 4935 3252 5024 με.
3354 4961 3467 5008 Νῦν
3549 4949 3605 5007 δέ
3661 4957 3800 5023 φησιν·
3849 4935 3887 4990 Εἰ

2373 5036 2522 5113 ᾔδεις
2597 5045 2690 5100 τὴν
2757 5038 2954 5115 δωρεὰν
3006 5048 3099 5095 τοῦ
3153 5049 3312 5096 Θεοῦ’
3391 5045 3439 5097 εἰ
3501 5043 3738 5114 ἐγίνωσκες
3782 5034 3885 5083 tm“

1808 5425 2031 5494 Variae
2080 5424 2417 5493 lectiones
2461 5433 2527 5492 et
2566 5435 2770 5494 notae.

670 5628 785 5698 (58)
824 5633 1067 5680 Τοιοῦτον
1097 5621 1419 5696 interponit
1449 5628 1516 5681 Α.

2443 5623 2557 5698 (59)
2595 5621 2895 5700 Ἐπεφέρετο
2917 5624 2988 5682 Α.
