4038 6226
134 272 282 332 1189

132 398 389 476 δωρεῖται
466 402 492 454 ὁ
560 405 702 464 Θεός.
778 400 930 473 Ελεγε
982 398 1041 455 δε
1110 410 1259 456 τοῦτο
1334 408 1451 478 περὶ
1532 403 1735 473 ἑαυτοῦ,

1856 409 2052 461 autem
2079 405 2192 462 hoc
2223 408 2291 462 de
2330 406 2548 479 seipso,
2581 407 2874 480 paulatim
2905 426 2966 466 se
2992 409 3071 467 illi
3097 412 3509 483 manifestans,

130 494 272 543 κατά
334 494 523 566 μικρὸν
590 490 768 545 ἑαυτὸν
834 491 1212 547 ἀποκαλύπτων
1269 493 1425 565 αὐτῇ,
1495 496 1558 554 ὡς
1622 492 1742 566 ἀξία

129 582 390 644 τοιαύτης
464 576 837 649 διδασκαλίας,
911 576 1005 633 διὰ
1087 584 1141 634 τό
1217 585 1345 655 πρός
1422 579 1741 657 ἐπιστροφὴν

130 666 437 731 ἐπιτήδειον
467 669 650 733 αὐτῆς.

204 755 384 832 ’Υδωρ
416 756 476 812 δι
512 760 614 820 ζῶν
671 760 907 831 ὠνόμασε
954 762 1012 812 τὸ
1065 764 1204 832 νᾶμα
1252 769 1346 823 τῆς
1387 755 1741 822 διδασκαλίας

130 845 337 900 αὐτοῦ’
383 844 528 921 ὓδωρ
586 850 697 921 μὲν,
752 851 833 901 ὅτι
889 844 1045 907 δίκην
1115 846 1306 910 ὕδατος
1356 851 1597 922 καθαίρει
1654 851 1739 901 τὸν

128 937 302 1010 ῥύπον
356 946 452 999 τῆς
504 937 784 1012 ἁμαρτίας,
857 942 948 989 καὶ
996 936 1224 991 σϐεννύει
1274 943 1369 997 τὴν
1424 939 1588 1011 φλόγα
1641 948 1738 991 τῶν

128 1027 340 1092 παθῶν,
372 1031 461 1079 καὶ
494 1028 759 1101 θεραπεύει
790 1031 884 1086 τὴν
933 1035 1030 1089 τῆς
1068 1025 1313 1087 ἀπιστίας
1344 1027 1607 1103 ξηρότητα
1650 1034 1737 1082 καὶ

128 1114 403 1189 ἀκαρπίαν
426 1131 441 1146 ⁸
474 1119 573 1179 ζῶν
604 1112 682 1183 δὲ,
709 1118 773 1177 ὡς
805 1114 1008 1168 ἁένναον
1033 1121 1121 1169 καὶ
1152 1115 1458 1174 ἀεικίνητον.
1491 1123 1606 1176 Ζωὴ
1636 1121 1736 1192 γὰρ

126 1202 333 1268 ὕδατος
361 1208 419 1258 τό
446 1207 584 1259 νάειν
622 1210 713 1261 καὶ
745 1207 1024 1259 κινεῖσθαι.

202 1300 347 1354 Φησὶ
390 1291 506 1349 δέὀ
564 1296 677 1366 (60)
712 1300 1090 1368 Χρυσόστομος
1147 1291 1291 1368 ὕδωρ
1350 1300 1447 1360 ζῶν
1505 1298 1737 1349 νοεῖσθαι

125 1387 224 1443 τήν
264 1385 431 1457 χάριν
473 1390 563 1437 τοῦ
607 1385 748 1437 θείου
783 1386 1095 1456 Πνεύματος.
1143 1390 1306 1437 Τοῦτο
1340 1388 1441 1459 γὰρ
1481 1381 1736 1459 διαφόρως

125 1472 506 1545 ὀνομάζεσθαι,
556 1476 686 1548 πρός
750 1475 840 1535 τὰς
897 1470 1178 1549 διαφόρους
1242 1476 1495 1546 ἐνεργείας
1552 1474 1733 1538 αὐτοῦ,

122 1571 216 1615 νῦν
254 1564 351 1636 μεν
377 1559 543 1637 ὕδωρ⁹
595 1562 775 1615 ἄλλοτε
810 1559 869 1615 δὲ
919 1570 1055 1636 πῦρ·
1106 1559 1383 1635 ἀλλ’ὖδωρ
1437 1566 1546 1636 μὲν,
1598 1561 1735 1616 διότι

122 1653 369 1726 καθάπερ
430 1656 489 1704 τό
544 1648 690 1727 ὕδωρ
745 1649 799 1716 ἕξ
849 1651 1071 1727 οὐρανοῦ
1125 1655 1302 1704 χατιόν
1352 1651 1595 1712 ζωοποιεῖ
1647 1656 1737 1703 καὶ

1171 274 1549 335 COMMENT.
1597 272 1668 333 IN
1705 276 2055 347 JOANNEM.
2100 310 2160 320 —-
2206 279 2368 337 CAP.
2415 282 2513 340 ιν.

2072 27 2101 40 ο

1728 78 1731 79 ν
1808 76 1813 77 γ
1858 64 1863 65 ν
2410 64 2419 75 ι
2508 64 3415 79 ›Ἳ-ηπτν-κνν-ννννκγκνί-τ-ν---η-ν--ε

3375 288 3518 347 1190

1851 498 1917 548 ut
1953 510 2087 567 quae
2115 494 2214 551 tali
2241 495 2512 553 doctrina
2550 496 2736 569 digna
2765 503 2942 568 esset,
2976 516 3045 557 eo
3076 502 3244 574 quod
3273 503 3349 561 ad
3372 521 3513 563 con-

1852 582 2185 643 versionem
2228 588 2373 655 apta
2410 591 2584 642 esset.

1922 766 2154 834 Aquam
2211 764 2411 820 vivam
2454 768 2676 833 autem,
2732 766 3054 839 appellavit
3084 767 3363 830 doctrinae
3387 790 3510 831 suae

1848 847 2075 906 ﬂuenta
2106 867 2121 917 ;
2154 867 2374 923 aquam
2394 852 2661 926 quidem,
2688 854 2901 926 quiain
2919 856 3169 914 modum
3194 876 3368 934 aqua)
3383 877 3513 917 sor-

1849 939 1957 995 des
2005 939 2203 1007 abluit,
2236 942 2635 1017 ﬂammasque
2660 943 3043 1003 aﬂ‘ectionum
3074 950 3419 1022 exstinguit,
3453 955 3510 1008 et

1848 1028 2276 1087 incredulitatis
2293 1032 2614 1090 siccitatem
2643 1049 2712 1089 ac
2744 1033 3279 1095 infructuositatem
3318 1045 3507 1099 curat.

1851 1117 2054 1175 Vivam
2082 1136 2241 1175 vero.
2274 1122 2447 1193 quasi
2491 1137 2819 1193 perennem
2862 1141 3222 1199 semperque
3257 1134 3504 1188 motam.

1845 1206 2030 1278 Aquas
2056 1208 2215 1265 enim
2258 1210 2379 1266 vita
2413 1209 2596 1267 ﬂuere
2628 1219 2713 1267 est
2740 1228 2809 1268 ac
2844 1215 3089 1270 moveri.

1920 1297 2065 1353 Dicit
2111 1304 2313 1354 autem
2345 1297 2805 1372 Chrysostomus
2840 1318 3066 1375 aquam
3098 1303 3292 1362 vivam
3331 1306 3509 1364 divini

1848 1386 2098 1457 Spiritus
2161 1387 2414 1457 gratiam
2480 1411 2493 1441 :
2539 1387 2835 1463 siquidem
2875 1390 3053 1447 variis
3107 1393 3303 1450 modis
3347 1394 3510 1453 hunc

1846 1473 1931 1530 ait
1959 1474 2266 1553 appellari,
2280 1476 2451 1547 juxta
2463 1476 2728 1534 diversas
2744 1478 2931 1552 ipsius
2944 1482 3509 1554 operationes,nunc

1845 1577 2091 1634 aquam,
2125 1578 2284 1618 nunc
2313 1564 2515 1634 ignem
2559 1582 2572 1631 ;
2615 1582 2840 1638 aquam
2870 1567 3139 1638 quidem,
3172 1569 3317 1642 quia
3356 1571 3509 1628 sicut

1845 1667 2004 1723 aqua
2024 1651 2097 1706 de
2128 1651 2277 1708 coelo
2304 1653 2671 1719 descendens
2695 1655 2877 1711 nutrit
2921 1673 2991 1713 ac
3024 1657 3295 1725 viviﬁcat,
3345 1675 3509 1716 cum-

122 1745 323 1814 τρέφει,
372 1745 464 1794 καὶ
528 1737 793 1815 μονοειδὲς
859 1740 912 1793 ὃν
980 1740 1166 1817 ἆνεργεί
1218 1741 1573 1814 πολυτρόπως,
1625 1739 1735 1793 λευ-

1856 1755 1962 1812 que
1997 1739 2169 1796 unius
2208 1741 2278 1794 sit
2319 1736 2557 1813 speciei,
2592 1744 2753 1805 vario
2786 1745 2966 1800 modo
3006 1752 3288 1818 operatur
3316 1746 3507 1805 :deal-

124 1838 308 1883 καῖνον
348 1833 441 1902 μεν
483 1829 532 1882 ἐν
577 1835 757 1905 κρίνῳ,
809 1829 1041 1903 μελαῖνον
1098 1826 1157 1882 δε
1218 1829 1265 1881 ἐν
1316 1830 1429 1901 (61)
1480 1834 1731 1904 ναρκίσῳ,

125 1918 439 1993 ἕρνθραίνον
491 1915 550 1972 δε
607 1917 654 1971 ἕν
704 1915 867 1995 ῥόδῳ,
925 1919 1247 1994 πορφυρίζον
1297 1916 1355 1971 δὲ
1409 1917 1457 1970 ἓν
1512 1923 1592 1991 ἴῳ,
1647 1924 1736 1970 καὶ

123 2009 412 2082 γλυκαῖνον
458 2011 548 2081 μὲν
603 2007 686 2062 ἐπὶ
739 2016 832 2072 τῆς
883 2017 1063 2075 συκῆς,
1096 2016 1365 2082 πιχραίνον
1398 2005 1456 2062 δὲ
1512 2007 1595 2061 ἐπὶ
1645 2017 1736 2072 τῆς

126 2098 401 2170 ἀψινθου’
462 2098 597 2152 οὕτω
650 2101 742 2151 καὶ
796 2101 854 2150 τό
933 2099 1063 2151 θεῖον
1128 2104 1355 2170 Πνευμα,
1418 2096 1470 2161 ἐξ
1516 2097 1735 2171 οὐρανοῦ

124 2191 314 2242 χατιόν
347 2187 596 2250 ζωοποιεῖ
639 2191 730 2239 καὶ
757 2189 926 2260 τρέφει
955 2191 1049 2245 τὴν
1091 2186 1298 2258 ψυχὴν,
1328 2191 1417 2239 καὶ
1460 2185 1508 2239 ἓν
1556 2185 1630 2251 ὃν,
1664 2187 1736 2250 εἰς

124 2275 424 2351 διαφόρους
467 2275 717 2349 ἐνεργείας
747 2271 945 2351 διαιρεῖ
1000 2280 1095 2334 τὴν
1124 2276 1285 2349 χάριν
1341 2280 1431 2329 καὶ
1461 2272 1683 2349 δύναμιν
1717 2292 1730 2305 ⁸

122 2375 233 2442 πῦρ
267 2363 331 2420 δ”ε
358 2363 520 2438 διότι,
561 2367 795 2439 καθάπερ
842 2369 899 2418 τό
925 2372 1028 2440 πῦρ
1059 2361 1318 2439 μονοειδὲς
1373 2365 1425 2418 όν
1469 2362 1734 2441 διαφόρως

122 2455 342 2529 ἐνεργεῖ,
374 2457 667 2529 θερμαῖνον,
687 2455 889 2527 φλέγον,
914 2455 1158 2528 φωτίζον,
1182 2457 1431 2529 καθαῖρον
1456 2471 1468 2484 '
1498 2455 1635 2507 οὕτω
1661 2451 1729 2515 δὴ

119 2550 214 2600 καὶ
247 2549 309 2599 τὸ
344 2546 476 2598 θεῖον
509 2552 737 2618 Πνεῦμα.

196 2639 361 2706 Λέγει
415 2666 480 2676 -
529 2635 669 2702 Crine;
721 2639 804 2693 Μὴ
863 2631 1149 2692 δυνηθεῖσα
1204 2641 1395 2693 νοῆσαι
1442 2637 1500 2687 τὸ
1555 2634 1729 2710 ῥηθὲν,

122 2729 469 2779 ὑπώπτευσεν
517 2725 599 2778 ὅτι
629 2720 773 2798 ὕδωρ
826 2723 927 2786 ζῶν
952 2723 1085 2796 λέγει
1120 2726 1177 2776 τό
1241 2722 1340 2777 ἀπὸ
1367 2731 1459 2776 τοῦ
1518 2728 1732 2798 φρέατος

121 2814 349 2885 ἐκείνου,
397 2817 469 2875 ὡς
519 2812 804 2875 ἀναϐλύςον
856 2818 947 2867 καὶ
994 2813 1284 2886 ἁλλόμενον,
1339 2817 1429 2865 καὶ
1481 2814 1734 2870 ὑπενόησε

121 2906 363 2980 ῥηθῆναι
425 2906 512 2957 τόν
562 2902 734 2975 λόγον,
790 2904 861 2966 ὡς
933 2901 1122 2957 ἐκείνου
1194 2899 1481 2975 δυναμένου
1549 2920 1735 2954 συντο-

124 3000 366 3069 μώτερον
414 2992 777 3066 ἀνιμήσασθαι
842 2988 914 3045 δι’
985 2989 1224 3066 ἀνδρείαν
1283 2993 1399 3063 (62)
1469 2994 1559 3043 καὶ
1621 2989 1732 3042 ἐπι-

125 3080 478 3143 τηδειότητα.

199 3176 349 3234 Τέως
400 3168 461 3226 δε
507 3174 684 3245 κύριον
758 3170 913 3225 αὐτὸν
978 3174 1394 3247 προσηγόρευσε,
1471 3174 1738 3242 νομίσασα

121 3265 298 3334 μέγαν
346 3258 474 3314 εἶναί
515 3280 652 3317 τινα.
698 3265 794 3315 Καὶ
844 3262 946 3335 γὰρ
994 3264 1237 3330 ἤκουσεν,
1300 3259 1410 3332 (63)
1478 3258 1538 3312 Εἰ
1590 3255 1737 3333 ᾔδεις

120 3352 201 3411 τίς
234 3347 380 3402 ἔστιν
410 3351 437 3401 ό
487 3349 645 3423 λέγων
677 3355 781 3417 σοὶ,
843 3354 932 3411 Δός
988 3369 1079 3422 μοι
1138 3356 1289 3413 πιεῖν,
1348 3352 1437 3401 καὶ
1490 3350 1554 3400 τὰ
1583 3347 1732 3410 ἑξῆςο

120 3443 223 3493 καὶ
279 3437 473 3493 αὐτίκα
499 3445 771 3513 τετίμηκεν
818 3438 971 3493 αὐτὸν
1002 3447 1065 3513 τῇ
1104 3440 1318 3511 τοιαύτη
1378 3442 1734 3513 προσηγορίᾳ,

121 3532 225 3582 καὶ
260 3530 394 3601 μετὰ
420 3530 598 3592 πάσης
634 3528 909 3592 ἐπιεικείας
964 3532 1055 3581 καὶ
1110 3530 1176 3581 τὰ
1202 3526 1359 3581 λοιποί
1417 3524 1452 3580 δ
1458 3526 1732 3599 ιαλέγεται.

121 3618 412 3691 ’Δντλημα
450 3615 508 3673 δε
538 3638 672 3692 φησι
700 3623 759 3672 τό
800 3618 1024 3691 ἀγγεῖον.

199 3712 293 3769 Μή
342 3739 411 3749 -—
466 3708 666 3770 αὐτοῦς
720 3714 819 3762 Καὶ
872 3707 921 3767 οἱ
975 3713 1306 3780 Σαμαρεῖται,
1357 3702 1593 3782 πατρίδα
1641 3710 1735 3766 τὴν

124 3800 430 3871 Σαμάρειαν
494 3793 600 3857 ἤδη
656 3799 978 3869 κεκτημένόι,
1036 3800 1233 3868 πατέρα
1304 3795 1481 3849 λοιπον
1539 3795 1737 3857 ἑαυτοῖς

126 3888 485 3961 ἐπεγράφοντο
525 3885 850 3952 τόνἾακὼϐ,
901 3888 971 3947 ὡς
1017 3889 1350 3960 προκατοχον
1403 3890 1492 3937 καὶ
1539 3889 1739 3960 πατέρα

124 3986 230 4041 τῆς
286 3979 532 4039 τοιαύτης
593 3975 762 4029 αὐτῶν
811 3972 1083 4051 πατρίδος,
1151 3973 1422 4029 κάντεῦθεν
1490 3974 1736 4029 εἰσώθουν

126 4068 354 4129 ἑαυτοὺς
375 4066 446 4129 εἰς
475 4070 570 4126 τὴν
602 4061 897 4127 Ἰουδαῐκῄν
928 4064 1201 4136 εὐγένειαν.

205 4248 349 4300 ⁴Φασὶ
391 4239 452 4296 δέ
504 4262 657 4308 τινες,
716 4245 797 4296 ὅτι
838 4245 867 4302 ἡ
927 4248 1234 4317 Σαμαρεῖτις
1290 4241 1421 4299 αὕτη
1454 4244 1604 4312 γυνὴ,
1644 4243 1734 4292 καὶ

123 4335 294 4388 ἄλλοθι
371 4332 549 4388 πολλοὶ
623 4341 722 4385 τῶν
800 4337 894 4391 τὴν
963 4334 1252 4405 Σαμάρειαν
1308 4331 1604 4397 οἰκούντων,
1685 4328 1738 4391 ἑξ

124 4421 327 4479 Ἰακὼϐ
351 4426 439 4496 μὲν
465 4421 630 4476 εἷλκον
654 4426 711 4474 τὸ
748 4425 913 4494 γένος,
936 4420 1462 4494 αἰχμαλωτισθέντων
1497 4415 1531 4475 δ
1535 4422 1556 4471 ὲ
1578 4417 1736 4469 παλαι

118 4523 231 4569 τῶν
259 4516 526 4585 προγόνων
557 4511 745 4578 αὐτῶν,
776 4515 867 4564 καὶ
897 4507 932 4564 δ
936 4509 1288 4564 ουλευσιίντων
1327 4510 1471 4583 παρὰ
1495 4506 1735 4565 Βαϐυλω-

119 4608 280 4672 νίοις,
337 4597 563 4675 μιγάδες
620 4600 765 4654 οὗτοι
812 4608 1046 4661 συνῆσαν
1098 4605 1203 4661 τοῖς
1251 4601 1612 4672 Σαμαρείταις,
1663 4605 1736 4669 τῷ

119 4698 321 4766 μιαρῷ
346 4694 524 4766 χρόνῳ
553 4694 644 4744 καὶ
671 4695 789 4752 ταῖς
816 4686 1160 4766 πολυτρόποις
1190 4693 1481 4765 συμφεραῖς
1507 4689 1637 4763 πρὸς
1671 4689 1739 4739 τὰ

118 4781 340 4837 ἐκείνων
365 4781 468 4840 ἤθη
490 4780 861 4854 μεταστάντες.

200 4869 275 4929 Ἦ
302 4873 506 4945 πατέρα
533 4867 875 4943 ἕπεγροίφοντο
905 4871 991 4922 τόν
1020 4865 1224 4934 Ἰακὼϐ,
1265 4868 1335 4930 ὡς
1375 4863 1431 4919 ἐκ
1461 4860 1734 4923 Χαλδαίων

115 4966 222 5017 καὶ
246 4960 407 5017 αὐτὸν
436 4958 648 5015 ἕλκοντα
674 4962 731 5023 τό
768 4961 933 5032 γένος.

198 5054 362 5123 Λέγει
412 5045 475 5103 δέ
523 5056 611 5101 νῦν
668 5049 698 5107 ἡ
760 5054 1063 5122 Σαμαρεῖτις
1114 5047 1195 5099 ὃτι
1222 5044 1284 5100 Εἰ
1338 5047 1409 5117 μὴ
1464 5048 1582 5119 περὶ
1611 5043 1735 5096 τού-

112 5160 222 5194 του
244 5139 411 5211 λέγεις
448 5144 540 5192 τοῦ
570 5134 786 5204 ὓδατος,
847 5141 919 5210 μὴ
965 5139 1030 5191 σὺ
1068 5138 1262 5210 μείζων
1300 5131 1348 5189 εἷ
1397 5140 1490 5187 τοῦ
1536 5135 1732 5209 πατρὸς

1846 1826 1998 1883 bans
2028 1828 2089 1883 in
2128 1827 2268 1893 lilio,
2326 1830 2650 1902 denigrans
2677 1830 2737 1887 in
2770 1834 3055 1898 narcisso,
3090 1835 3403 1892 rubricans
3443 1835 3506 1893 in

1845 1932 2003 1983 rosa,
2038 1916 2464 1991 purpurissans
2522 1920 2580 1974 in
2631 1919 2808 1986 viola,
2851 1920 3163 1979 dulcerans
3207 1923 3267 1979 in
3300 1923 3505 1993 ficu,a-

1847 2006 2140 2061 maricans
2178 2006 2237 2062 in
2282 2005 2582 2064 absinthio
2615 2030 2628 2062 :
2679 2008 2760 2066 ita
2787 2009 3025 2067 divinus
3053 2028 3296 2087 quoque
3320 2010 3504 2088 Spiri-

1845 2099 1939 2151 tus
1972 2093 2045 2149 de
2068 2094 2213 2150 cmlo
2229 2094 2621 2162 descendens,
2646 2098 2911 2156 nutritae
2925 2098 3183 2157 viviﬁcat
3208 2101 3503 2169 animam,

1844 2199 2104 2257 cumque
2137 2199 2294 2239 unus
2336 2184 2410 2241 sit
2443 2186 2621 2242 Variis
2661 2187 3099 2259 operationibus
3129 2191 3384 2260 gratiam
3413 2192 3506 2248 di-

1842 2272 1992 2329 vidit
2017 2289 2087 2328 ac
2130 2271 2431 2329 virtutem.
2475 2274 2633 2346 Ignis
2662 2292 2903 2350 quoque
2929 2277 3143 2334 dicitur
3182 2277 3326 2353 quia
3353 2283 3506 2343 sicut

1841 2360 2016 2434 ignis,
2052 2378 2186 2427 cum
2221 2362 2395 2418 unius
2417 2363 2490 2418 sit
2528 2364 2767 2437 speciei,
2798 2364 2996 2422 varios
3026 2366 3209 2423 habet
3236 2367 3500 2438 eﬂectus,

1842 2450 2221 2521 calefaciens,
2253 2451 2662 2524 inﬂammans,
2693 2452 3039 2512 illuminans
3071 2460 3128 2512 et
3153 2454 3501 2530 puriﬁcans,

1841 2540 1919 2598 ita
1958 2556 2096 2597 sane
2136 2547 2191 2596 et
2217 2540 2456 2596 divinus
2497 2541 2772 2614 Spiritus.

1912 2631 2074 2686 Vers.
2093 2631 2178 2686 11.
2198 2630 2606 2688 Dicit—vivam
2626 2631 2810 2688 YCum
2825 2632 2902 2699 id,
2921 2634 3086 2706 quod
3110 2632 3335 2693 dictum
3352 2640 3498 2707 erat,

1844 2735 1962 2775 non
1978 2724 2172 2791 posset
2191 2720 2245 2774 in
2260 2718 2983 2792 telligere,suspicabatur,
2999 2724 3163 2795 quod
3178 2740 3402 2798 aquam
3419 2726 3503 2782 vi-

1841 2825 1979 2864 vam
2013 2807 2247 2874 diceret,
2270 2808 2549 2864 haustam
2585 2808 2663 2863 ab
2690 2809 2904 2865 eodem
2931 2810 3250 2884 puteo,qui
3276 2829 3501 2887 aquam

1842 2895 2142 2953 emittebat
2194 2912 2264 2952 ac
2321 2897 2602 2952 scaturire
2660 2896 2912 2953 faciebat
2972 2916 2985 2951 :
3036 2905 3093 2954 et
3119 2899 3499 2972 opinabatur,

1844 2984 2065 3041 dictum
2105 3001 2240 3041 esse
2270 2989 2519 3040 verbum
2544 2984 2708 3051 illud,
2742 2987 2912 3059 quasi
2939 2992 3143 3062 posset
3170 2986 3298 3062 ipse
3328 2989 3502 3046 citius

1775 3108 1817 3165 ε
1845 3073 2105 3140 haurire,
2128 3090 2199 3130 eo
2216 3073 2382 3147 quod
2413 3073 2614 3129 fortior
2637 3081 2794 3131 esset
2814 3077 3124 3148 magisque
3152 3076 3426 3135 idoneus.

1915 3161 2151 3220 Interim
2217 3169 2405 3219 autem
2445 3161 2765 3229 Dominum
2818 3172 2993 3221 vocat
3048 3182 3207 3233 eum,
3255 3172 3501 3241 putans,

1848 3268 2136 3324 magnum
2150 3251 2411 3326 aliquem
2432 3268 2580 3309 esse.
2597 3252 2876 3309 Audierat
2892 3270 3155 3328 namque
3169 3255 3499 3314 dicentem:

1844 3341 1910 3399 Si
1936 3341 2121 3410 scires,
2151 3342 2249 3416 qui
2285 3343 2359 3398 sit
2384 3341 2488 3415 qui
2514 3342 2664 3398 dicit
2679 3341 2805 3410 tibi,
2828 3345 2914 3405 Da
2933 3342 3082 3400 mihi
3108 3351 3168 3399 ut
3200 3343 3415 3414 bibam,
3448 3350 3506 3411 et

1845 3436 2060 3487 castera
2092 3446 2105 3488 :
2139 3430 2273 3487 ideo
2304 3430 2504 3487 statim
2565 3429 2667 3487 tali
2699 3431 2893 3503 ipsum
2934 3431 3191 3490 honorat
3241 3433 3505 3508 appella-

1846 3520 2024 3591 tione,
2064 3524 2284 3577 etcum
2318 3520 2485 3576 omni
2519 3521 2983 3579 mansuetudine
3022 3522 3255 3597 reliqua
3296 3524 3502 3597 prolo-

1847 3609 2064 3684 quitur.

1915 3701 2075 3757 Vers.
2111 3703 2193 3756 l2.
2226 3700 2382 3758 Num
2419 3732 2478 3743 --
2517 3701 2640 3772 eius
2670 3702 2700 3758 ?
2739 3700 3094 3760 Samaritani
3125 3702 3328 3773 etiam,
3365 3718 3508 3763 cum

1839 3788 1967 3862 jam
2001 3788 2331 3847 Samariam
2367 3791 2626 3863 patriam
2640 3791 3033 3865 possiderent,
3058 3793 3244 3849 Jacob
3268 3809 3509 3868 quoque

1844 3883 2076 3953 patrem
2095 3895 2270 3935 suum
2302 3878 2708 3953 appellabant,
2742 3885 3030 3953 tanquam
3052 3879 3179 3953 jam
3206 3881 3351 3941 olim
3374 3898 3511 3957 pos-

1847 3984 2143 4024 sessorem
2162 3983 2232 4024 ac
2253 3973 2484 4041 patrem
2506 3968 2687 4040 hujus
2714 3968 2984 4041 ipsorum
3012 3969 3213 4040 patriae
3244 3988 3259 4024 :
3284 3974 3341 4028 et
3369 3971 3508 4029 hinc

1846 4072 1974 4112 sese
2012 4054 2396 4121 intrudebant
2426 4056 2487 4113 in
2513 4071 2864 4127 generosam
2894 4057 3221 4127 Iudaeorum
3260 4074 3507 4132 genera-

1845 4143 2094 4201 tionem.

1918 4233 2174 4301 Quidam
2203 4236 2405 4291 autem
2424 4233 2651 4306 dicunt,
2680 4234 2833 4291 hanc
2864 4234 3196 4303 mulierem,
3231 4236 3504 4309 aliosque

1846 4321 2138 4395 plurimos
2170 4323 2502 4379 Samariam
2532 4322 2914 4393 incolentium
2975 4340 3012 4397 a
3040 4322 3224 4385 Iacob
3255 4324 3507 4382 descen-

1848 4411 2009 4468 disse
2042 4429 2055 4467 :
2084 4410 2226 4466 olim
2247 4416 2446 4467 autem
2474 4411 2955 4486 progenitoribus
2977 4412 3189 4486 captis,
3220 4429 3290 4470 ac
3318 4412 3509 4485 Baby‘

1769 4468 1816 4524 Β
1844 4501 2070 4557 Ioniam
2106 4500 2166 4557 in
2194 4501 2533 4558 servitutem
2555 4498 2773 4573 ductis,
2802 4501 2912 4558 hos
2932 4500 3319 4559 Samaritanis
3343 4517 3505 4559 com-

1849 4590 2075 4656 mistos,
2108 4595 2162 4646 et
2200 4606 2339 4646 cum
2356 4589 2440 4646 eis
2481 4595 2770 4656 versatos,
2796 4588 2978 4662 longo
3003 4596 3273 4664 tempore
3303 4590 3508 4649 varlis-

1844 4695 1963 4754 que
1988 4678 2424 4737 calamitatibus
2453 4677 2528 4736 ad
2561 4695 2773 4737 eorum
2802 4696 2996 4755 mores
3046 4684 3504 4751 transmutatos,

1916 4862 2027 4916 Aut
2080 4858 2378 4916 vocabant
2414 4862 2642 4932 patrem
2694 4857 2903 4927 Jacob,
2936 4874 3005 4917 eo
3036 4858 3197 4934 quod
3235 4863 3290 4918 et
3340 4860 3436 4918 hic
3469 4877 3505 4918 a

1843 4949 2132 5009 Chaldaeis
2172 4965 2363 5021 genus
2397 4953 2673 5006 traxerat.

1916 5040 2059 5097 Dicit
2110 5055 2252 5111 ergo
2299 5054 2462 5095 nunc
2520 5039 2942 5096 Samaritana:
2996 5038 3164 5102 Quod
3207 5039 3256 5095 si
3288 5040 3361 5097 de
3391 5038 3505 5097 hac

1840 5146 1962 5188 non
1990 5128 2253 5203 loqueris
2275 5144 2467 5203 aqua:
2497 5144 2641 5185 num
2682 5132 2741 5185 tu
2781 5131 2978 5200 major
3004 5144 3063 5187 es
3087 5132 3260 5200 patre
3304 5135 3502 5201 nostra

1372 5308 1597 5382 Vat-im
1618 5308 1948 5380 lectiones
1988 5316 2058 5376 et
2077 5316 2281 5377 notas.

220 5517 316 5591 60)
353 5515 780 5592 Τοιῃηνιιιηρ.
811 5510 924 5592 ’183
950 5513 1017 5571 D.
1130 5582 1163 5592 __
1194 5584 1237 5592 __
1324 5584 1336 5592 _
1424 5580 1438 5592 ε
1587 5579 1622 5592 _.

220 5517 316 5591 60)
353 5516 520 5574 Tom.
552 5515 690 5578 Vill,
719 5526 780 5586 ρ.
824 5516 924 5571 183
950 5513 1017 5571 D.
1611 5579 1622 5592 _

192 5512 329 5719 (ξέέ
358 5588 644 5646 Scribitur
685 5584 924 5642 duobus
956 5601 1047 5654 σσ,
1082 5582 1166 5641 uti
1194 5580 1516 5639 Hentenius
1548 5585 1730 5638 etiam

104 5665 329 5722 habet.

1907 5506 2026 5580 (92)
2051 5501 2396 5580 ξιὶνδρίοινέᾼ.

1911 5576 2023 5651 (93)
2048 5577 2170 5630 Ὀτι
2183 5576 2192 5580 ’
2206 5576 2374 5634 addit
2409 5579 2479 5633 Α.
