4038 6226
179 145 317 220 1193

1205 151 1578 225 COMMENT.
1629 166 1699 222 IN
1735 161 2088 225 JOANNEM.
2116 201 2184 212 —
2214 170 2365 228 CAP.
2401 167 2488 228 1v.

3398 177 3540 240 4194

169 292 260 341 καὶ
291 284 653 361 διορθῶσηται
703 290 918 348 ταύτην.
955 289 1102 343 Θελει
1158 289 1257 363 γὰρ
1297 299 1396 342 τῶν
1434 290 1765 366 προρρήσεων

1884 295 2215 366 corrigeret.
2234 295 2369 352 Vult
2390 297 2550 353 enim
2576 298 2992 358 vaticiniorum
3019 317 3090 358 ac
3111 303 3537 364 miraculorum

169 382 260 430 καὶ
293 386 394 430 τῶν
427 379 702 452 θαυμάτων
745 381 839 442 τὰς
865 381 1100 452 ἀφορμὰς
1124 380 1245 452 παρ’
1285 380 1451 432 αὐτῶν
1494 380 1770 454 λαμϐάνειν

167 475 266 519 τῶν
297 473 636 542 προσιόντων,
665 470 800 521 ὥστε
824 472 912 521 καὶ
955 473 1050 527 τὴν
1088 476 1182 520 τοῦ
1211 464 1496 532 κενοδοξεῖν
1527 472 1770 524 ὑπόνοιαν

169 553 492 628 διαφεύγειν,
514 561 604 609 καὶ
635 557 959 610 οἰκειοῦσθαι
988 557 1178 630 μᾶλλον
1209 557 1418 620 αύτούς.
1455 563 1524 612 Τό
1549 562 1640 632 μὲν
1667 562 1767 636 γὰρ

168 644 328 698 εἰπεῖν
371 650 776 719 προηγουμένως
823 649 903 699 ὅτι
947 645 1256 719 Πολύγαμος
1274 651 1509 718 γέγονας,
1554 653 1644 701 καὶ
1680 657 1768 701 νῦν

165 736 314 805 ἔχεις
345 730 519 809 ἄνδρα
569 737 888 810 παράνομον,
919 737 1134 809 ἄκαιρον
1165 733 1339 789 ἐδόκει
1391 742 1479 790 καὶ
1506 743 1762 811 περιττόν·

163 828 224 876 τό
257 820 294 876 δ
298 828 321 876 '1
348 825 472 898 παρ’
499 823 658 885 αὐτῆς
685 824 911 877 λαϐόντα
936 829 1029 884 τὴν
1069 826 1241 878 αἰτίαν
1297 822 1505 900 σφόδρα
1533 828 1768 902 εὔκαιρον

164 916 258 965 καὶ
290 911 591 969 ἀκόλουθον.

237 1004 522 1078 ’Λπεκρίθη
554 1034 622 1044 -
653 998 844 1078 ἄνδρα.
879 1002 1100 1076 Οἰομένη
1129 1006 1256 1078 πρὸς
1294 1005 1560 1077 ἄνθρωπον
1592 1005 1766 1068 ἁπλως

163 1087 531 1164 διαλέγεσθαι,
555 1090 867 1167 ἐπεχείρησε
890 1092 1082 1161 λαθεῖν,
1115 1098 1426 1166 κρύπτουσα
1457 1098 1515 1147 τό
1537 1095 1766 1171 αἰσχρὸν

160 1189 256 1234 τοῦ
282 1183 604 1256 πράγματος.

238 1274 394 1342 Λέγει
451 1301 521 1311 —
576 1270 806 1344 εἴρηκας.
861 1270 1150 1344 Ἀψάμενος
1209 1274 1467 1346 ἀφορμῆς,
1523 1275 1591 1336 ὡς
1631 1277 1765 1347 εἴρη-

159 1378 272 1424 ται,
309 1363 622 1434 προφητεύει
663 1365 753 1413 καὶ
785 1357 1049 1433 διελέγχει
1093 1364 1310 1431 ταύτην,
1352 1361 1580 1434 ἀκριϐῶς
1633 1364 1766 1434 ἄγαν

161 1452 286 1510 τούς
367 1468 422 1501 τε
497 1453 742 1522 φανερούς
817 1455 907 1502 καὶ
1003 1454 1258 1523 νομίμους
1333 1447 1526 1524 ἄνδρας
1603 1452 1768 1514 αὐτῆς

160 1539 426 1610 ἀριθμῶν,
474 1541 682 1591 καὶτὸν
739 1547 827 1590 νῦν
855 1539 1101 1614 λαθραῖον
1151 1544 1242 1591 καὶ
1295 1543 1592 1614 παράνομον
1643 1540 1766 1593 ἀπο-

159 1627 462 1680 καλύπτων.
528 1632 683 1680 Πέντε
748 1631 836 1699 μεν
913 1631 1015 1700 γὰρ
1089 1625 1288 1702 ἄνδρας
1361 1631 1489 1700 ἴσχε
1545 1640 1766 1705 φανερῶς
1799 1644 1836 1697 Β

157 1718 301 1768 κατὰ
334 1712 605 1786 διαδοχήν
629 1733 642 1747 ’
675 1724 827 1769 τοῦτο
847 1719 948 1790 γὰρ
982 1715 1238 1769 ἀκώλυτον
1278 1713 1338 1774 ἦν
1381 1736 1393 1749 ·
1415 1725 1506 1769 τοῦ
1531 1723 1765 1791 πέμπτου

160 1801 226 1857 δε
280 1803 705 1870 τελευτήσαντος,
756 1805 850 1858 ούιι
904 1807 980 1858 ἔτι
1029 1805 1207 1858 λοιπὸν
1253 1802 1428 1866 οὐδεὶς
1488 1806 1644 1866 αὐτὴν
1675 1829 1768 1880 φα-

156 1902 322 1967 νερῶς
365 1893 436 1956 εἰς
464 1901 690 1966 γυναῖκα
743 1893 917 1946 λαϐεῖν
965 1893 1232 1953 ἠθέλησεν.
1281 1895 1422 1952 Αὕτη
1478 1891 1536 1948 δε
1578 1901 1649 1968 μὴ
1685 1901 1764 1969 φέ-

154 2001 338 2058 ρουσα
381 1989 475 2040 την
516 1981 813 2056 ἐπιθυμίαν,
867 1983 1112 2056 λαθραῖον
1139 1979 1252 2055 εἶχε
1280 1987 1363 2035 τὸν
1403 1983 1531 2055 αύτῇ
1582 2003 1766 2055 συγγι-

152 2077 392 2144 νόμενόν.
421 2074 488 2124 Οἱ
534 2075 681 2124 πέντε
710 2075 801 2146 μιν
849 2068 936 2124 οὖν
967 2068 1150 2146 ἄνδρες
1193 2069 1352 2133 αῦτῆς
1395 2069 1549 2139 ἦσαν,
1584 2070 1678 2126 διὰ
1706 2077 1764 2126 τὸ

156 2165 380 2236 φανερόν
413 2177 426 2192 ⁸
452 2161 477 2213 ὁ
510 2157 569 2214 δι
595 2165 709 2215 τότε
737 2164 1048 2235 μιγνύμενος
1085 2161 1179 2214 οὐκ
1204 2158 1265 2220 ἦν
1297 2161 1424 2236 ἀνὴρ
1456 2165 1640 2231 αὐτῆς,
1672 2158 1766 2215 διὰ

152 2253 220 2302 τὸ
249 2249 520 2323 λαθραῖον.

236 2339 364 2410 [Τοῦ
423 2338 536 2410 (65)
601 2337 753 2409 ἁγίου
803 2339 1046 2411 Μαξίμου
1080 2357 1093 2371 ·
1125 2336 1184 2391 Ὀ
1218 2345 1524 2413 Σαμαρεῖτις
1562 2336 1763 2398 ὑπεδη-

154 2427 252 2480 λου
305 2432 402 2486 τήν
456 2425 780 2503 ἀνθρωπίνην
836 2431 990 2500 φύσιν
1042 2427 1305 2480 λαϐοῦσαν
1352 2434 1498 2481 πέντε
1556 2433 1762 2502 νόμους,

154 2519 229 2578 ὡς
285 2513 508 2590 ἄνδρας,
565 2522 652 2570 τόν
704 2536 758 2570 τε
813 2516 861 2569 έν
917 2526 988 2588 τῷ
1042 2513 1351 2589 παραδείσῳ
1427 2513 1645 2571 δοθέντα
1691 2527 1764 2589 τῷ

157 2603 366 2678 Ἀδὰμ,
393 2611 483 2659 καὶ
508 2609 593 2659 τὸν
621 2605 764 2669 έκτός
808 2613 900 2658 τοῦ
956 2603 1282 2679 παραδείσου
1334 2615 1406 2678 τῷ
1442 2607 1582 2678 αύτῷ
1610 2607 1763 2659 πάλιν

156 2693 410 2765 δοθέντα,
461 2700 549 2748 καὶ
631 2699 718 2748 τὸν
794 2703 885 2748 τοῦ
937 2694 1050 2767 (66)
1098 2702 1213 2748 Νῶε
1270 2698 1405 2748 κατὰ
1461 2698 1548 2748 τὸν
1600 2717 1764 2749 κατα-

153 2785 422 2857 κλυσμὸν,
467 2791 557 2837 καὶ
611 2787 697 2838 τὸν
748 2791 819 2855 τῷ
859 2783 1099 2856 Ἀϐραὰμ
1141 2788 1259 2857 περὶ
1316 2791 1406 2845 τῆς
1461 2795 1762 2860 περιτομῆς,

151 2879 247 2927 καὶ
303 2877 397 2926 τόν
450 2882 520 2945 τῷ
568 2873 708 2944 αύτῷ
733 2873 884 2926 πάλιν
934 2877 1052 2946 περὶ
1107 2881 1199 2932 τῆς
1254 2876 1388 2925 κατὰ
1441 2878 1526 2926 τόν
1583 2875 1765 2929 Ἰσαὰκ

152 2965 398 3024 θυσίας·
429 2961 539 3014 ἀλλ’
601 2961 747 3014 οὗτοι
802 2964 891 3035 μὲν
945 2964 994 3013 οἱ
1045 2964 1191 3014 πέντε
1228 2961 1491 3032 παρῆλθον
1519 2969 1609 3015 καὶ
1659 2965 1764 3016 οἷον

150 3053 273 3122 (67)
338 3050 755 3110 ἀποτεθνήκεσαν
815 3068 826 3080 ·
879 3047 992 3122 εἶχε
1050 3046 1108 3102 δε
1169 3054 1283 3102 τότε
1338 3054 1424 3102 τόν
1462 3057 1761 3105 Μωσαῖκόν·

149 3141 273 3194 Οῦκ
303 3137 371 3198 ἦν
412 3136 472 3192 δὲ
492 3139 636 3200 οὗτος
666 3139 780 3212 (68)
821 3137 950 3214 ἀνὴρ
983 3140 1159 3210 αὐτῆς,
1212 3139 1240 3198 ἡ
1278 3141 1357 3191 ὃτι
1395 3140 1453 3192 ού
1504 3141 1622 3193 καθ’
1652 3140 1769 3193 ὁλό-

145 3229 359 3303 κληρον
422 3227 693 3303 έστέργετό
741 3246 794 3280 τε
831 3232 920 3279 καὶ
979 3225 1318 3299 ἐφυλάσσετο,
1365 3228 1394 3286 ἣ
1455 3230 1536 3280 ὃτι
1587 3229 1645 3281 ού
1676 3227 1768 3282 διὰ

145 3323 380 3382 παντὸς,
436 3317 566 3369 ἀλλὰ
625 3321 790 3392 μέχρι
842 3325 934 3377 τῆς
995 3323 1088 3368 τοῦ
1159 3324 1396 3389 Σωτῆρος
1461 3314 1763 3389 ἐπιδημίας,

148 3405 322 3466 ἐδόθη
373 3415 438 3481 τῇ
500 3409 635 3459 κατὰ
688 3409 805 3467 τοὺς
835 3401 1123 3466 Ἰουδαίους
1149 3408 1300 3478 φύσει
1336 3415 1433 3458 τῶν
1461 3405 1763 3482 ἀνθρώπων.

145 3497 383 3551 Ἐκτοτε
433 3493 491 3549 δὲ
549 3496 642 3548 ούκ
687 3492 746 3554 ἦν
802 3493 927 3568 ἀνὴρ
983 3495 1156 3560 αὐτῆς,
1190 3495 1344 3547 ἄλλον
1386 3499 1580 3555 ταύτην
1608 3495 1765 3571 ὀιρμο⁸

149 3588 388 3660 ξομένου
437 3585 624 3656 ἐαυτῷ,
677 3584 809 3656 λέγω
861 3581 955 3648 δὴ,
1017 3591 1110 3636 τοῦ
1187 3584 1521 3656 εὐαγγελικοῦ
1582 3592 1760 3658 νόμου.

146 3682 329 3751 Φρέαρ
364 3678 455 3748 μεν
507 3671 596 3728 οὖν
641 3682 732 3726 τοῦ
788 3672 972 3727 Ἰακὼϐ
1009 3674 1038 3732 ἡ
1071 3675 1185 3726 θεία
1209 3672 1321 3726 έστὶ
1357 3680 1530 3747 Γραφή
1573 3693 1586 3706 ο
1619 3673 1763 3751 ὕδωρ

146 3762 214 3820 δε
244 3767 441 3818 τούτου
473 3767 502 3822 ἠ
549 3766 740 3823 ταύτης
767 3771 1004 3835 γνῶσις·
1046 3761 1206 3835 βάθος
1255 3759 1312 3815 δὲ
1370 3767 1427 3815 τὸ
1481 3763 1643 3836 βάθος
1667 3775 1765 3818 τῶν

141 3856 441 3928 νοημάτων
481 3868 493 3880 ·
532 3853 770 3926 ἄντλημα
800 3848 860 3904 δε
891 3853 916 3910 η
953 3848 1045 3904 διὰ
1097 3860 1195 3902 τῶν
1249 3854 1568 3926 γραμμάτων
1599 3855 1767 3925 μάθη-

146 3965 240 4007 σις
297 3950 397 3997 τοῦ
451 3945 588 3995 θείου
635 3941 789 4014 λόγου
844 3943 907 4000 ἣν
969 3941 1062 3994 οὐκ
1088 3939 1227 4013 εἶχεν
1255 3943 1281 3993 ό
1314 3943 1521 4016 Κύριος,
1551 3944 1619 4003 ὡς
1641 3941 1767 3994 αύτό

135 4042 314 4087 τοῦτο
337 4037 508 4103 Λόγος
555 4036 646 4083 καὶ
678 4031 987 4102 αύτοσοφία,
1037 4034 1126 4081 καὶ
1173 4030 1232 4081 ού
1278 4035 1365 4088 τὴν
1397 4027 1490 4082 διὰ
1527 4031 1770 4104 γραμμαί-

139 4143 256 4175 των
313 4123 552 4194 μάθησιν
607 4116 797 4180 διδούς
828 4126 938 4180 τοῖς
993 4120 1255 4191 μαθηταῖς
1309 4118 1490 4185 αὐτοῦ,
1527 4117 1653 4170 ἀλλά
1676 4123 1770 4177 τὴν

139 4207 180 4264 δ
187 4215 252 4264 ιὰ
273 4217 638 4283 πνευματικῆς
664 4209 906 4283 χάριτος.
935 4206 957 4281 ]

229 4305 399 4372 Λέγει
428 4330 498 4340 -
531 4297 736 4352 σύ.ούκ
757 4293 1109 4372 ἐδυσχέρανεν
1131 4295 1440 4368 ἐλεγχθεῖσα
1470 4292 1765 4371 προδηλως,

135 4387 272 4443 οὐδ’
261 4409 288 4442 ε
324 4387 479 4463 ὕϐριν
507 4388 748 4459 ἡγήσατο
795 4389 883 4439 τὸν
914 4385 1148 4458 ἔλεγχον,
1182 4384 1310 4437 ἀλλὰ
1335 4385 1651 4457 ἐκπλαγεῖσα
1677 4389 1768 4444 τὴν
1802 4362 1846 4418 D

131 4477 554 4555 ἀκριϐεστάτην
591 4481 886 4551 πρόγνωσιν
913 4475 1092 4541 αὐτοῦ,
1122 4479 1429 4534 κατενόησεν
1485 4477 1563 4527 ὅτι
1614 4479 1770 4537 ὅντως

132 4573 446 4646 προφήτης
478 4565 646 4623 ἐστίν.
677 4570 860 4640 Θεωρῶ
889 4567 1014 4638 γὰρ,
1047 4569 1226 4638 φησὶν,
1255 4568 1373 4623 ἤτοι
1394 4568 1626 4637 Συνίημι,
1647 4561 1771 4618 Εἶτα

131 4656 322 4713 et}ka
361 4654 610 4729 βιωτικὸν
630 4655 788 4708 αῦτόν
817 4654 1002 4731 ἐρωτᾷ,
1169 4649 1578 4730 περὶδογμάτων
1601 4653 1768 4716 εὐθύς.

127 4752 302 4808 Φησὶ
341 4747 449 4819 γὰρ
476 4761 493 4776 ο

213 4927 302 4981 Οἱ
394 4926 612 5000 πατέρες
687 4952 758 4966 -
831 4927 1162 5000 προσκυνεῖν.
1214 4923 1448 4996 Πατίρας
1521 4915 1630 4975 εἶπε
1684 4923 1770 4974 τὸν

1880 382 2225 440 occasiones
2255 384 2334 440 ab
2361 385 2456 441 his
2486 402 2622 458 quae
2655 389 3028 462 contingunt,
3063 393 3350 465 accipere,
3388 401 3452 452 ut
3482 403 3538 454 et

1876 487 2052 529 vanae
2079 473 2280 542 glorias
2305 474 2706 547 suspicionem
2738 479 2969 544 devitet,
3003 488 3058 536 et
3082 497 3184 537 eos
3226 483 3338 540 sibi
3368 485 3539 543 fami-

1876 558 2146 616 liariores
2175 562 2405 618 reddat.
2444 563 2746 636 Siquidem
2780 566 2897 623 alio
2928 569 3112 625 modo
3150 570 3372 629 dicere:
3407 576 3538 632 Fre-

1877 655 2125 720 quenter
2153 656 2340 722 nupta
2371 651 2552 722 fuisti,
2580 659 2636 708 et
2673 669 2834 710 nunc
2864 657 2993 712 viro
3017 657 3229 728 juncta
3261 676 3324 717 es
3354 662 3538 734 illegi-

1878 737 2045 806 timo,
2069 739 2555 812 intempestivum
2581 742 2901 800 videbatur
2918 749 3097 818 atque
3120 748 3494 820 superﬂuum
3521 775 3533 807 :

1876 833 2121 899 accepta
2151 845 2293 885 vero
2320 829 2398 886 ab
2431 845 2498 886 ea
2521 847 2726 897 causa,
2755 836 3174 906 tempestivum
3203 845 3327 895 erat
3355 845 3536 913 atque

1875 932 2272 989 consequens.

1946 1007 2108 1063 Vers.
2137 1012 2217 1062 t7.
2251 1009 2568 1076 Respondit
2595 1040 2662 1051 —
2687 1011 2903 1068 virum.
2938 1014 3157 1070 Putans
3183 1014 3532 1089 simpliciter

1876 1111 2013 1150 cum
2036 1094 2278 1151 homine
2299 1095 2484 1170 loqui,
2511 1098 2796 1156 occultata
2817 1101 2900 1158 rei
2923 1102 3311 1174 turpitudine,
3332 1105 3533 1164 fallere

1876 1198 2013 1238 eum
2055 1185 2410 1240 conabatur.

1948 1272 2104 1326 Vers.
2143 1276 2224 1326 17.
2259 1273 2661 1342 Respondit—
2682 1276 2844 1332 Vers.
2883 1279 2964 1333 l8.
2997 1277 3220 1335 dixisti.
3253 1283 3530 1354 Accepta,

1879 1365 1941 1414 ut
1957 1360 2182 1416 dictum
2210 1368 2316 1426 est,
2341 1362 2655 1418 occasione
2675 1365 3007 1436 praphetat,
3029 1383 3285 1441 eamque
3312 1373 3528 1441 arguit,

1879 1450 2255 1505 adamussim
2289 1451 2538 1506 omnino
2578 1453 2924 1510 manifestos
2963 1471 3033 1512 ac
3070 1455 3369 1526 legitimos
3401 1461 3530 1530 ejus

1876 1538 2035 1593 viros
2065 1554 2447 1605 enumerans,
2488 1546 2545 1596 et
2573 1557 2732 1607 eum,
2765 1544 2869 1614 qui
2911 1559 3074 1600 nunc
3110 1547 3378 1603 occultus
3408 1556 3534 1606 erat

1877 1644 1947 1682 ac
1979 1627 2319 1696 illegitimus
2349 1628 2760 1686 manifestans.
2793 1635 2941 1688 Nam
2962 1634 3231 1706 quinque
3257 1636 3411 1692 viros
3430 1653 3531 1709 pa-

1874 1715 1995 1772 lam
2029 1725 2082 1772 et
2103 1718 2433 1772 successive
2465 1718 2778 1785 habuerat,
2809 1720 3102 1793 siquidem
3136 1723 3250 1780 hoc
3280 1727 3531 1797 permis-

1875 1821 2010 1860 sum
2032 1812 2159 1861 erat
2182 1824 2194 1862 :
2219 1807 2430 1878 quinto
2452 1813 2652 1864 autem
2677 1814 2935 1876 mortuo,
2965 1811 3164 1866 nullus
3185 1829 3318 1869 eam
3345 1816 3532 1872 mani-

1875 1893 2018 1950 feste
2070 1895 2128 1950 in
2180 1911 2429 1950 uxorem
2472 1896 2740 1968 accipere
2779 1898 2966 1955 voluit
3007 1920 3020 1955 :
3061 1901 3196 1973 ipsa
3226 1918 3365 1959 vero
3407 1919 3529 1959 non

1877 1983 2072 2039 ferens
2105 1985 2671 2056 concupiscentiam,
2716 1986 2828 2042 sibi
2867 1988 3099 2044 occulte
3138 1991 3528 2062 conjunctum

1873 2071 2154 2128 habebat.
2203 2073 2476 2145 Quinque
2517 2089 2660 2145 ergo
2705 2074 2814 2130 viri
2853 2075 3088 2134 fuerant
3129 2080 3338 2151 ipsius,
3385 2082 3530 2154 quia

1872 2159 2185 2217 manifeste
2217 2162 2516 2233 conjuncti
2551 2185 2563 2217 :
2597 2164 2646 2218 is
2676 2168 2900 2233 autem,
2927 2167 3021 2221 cui
3051 2182 3212 2224 nunc
3246 2171 3530 2226 commis-

1872 2249 2136 2314 cebatur,
2178 2267 2323 2305 suus
2362 2267 2484 2306 non
2534 2257 2681 2318 erat,
2728 2268 2799 2308 eo
2842 2254 3005 2326 quod
3042 2256 3310 2312 occultus
3353 2263 3526 2315 esset.

1942 2339 1984 2409 σι-
2013 2339 2055 2409 -ὶ-
2087 2340 2282 2395 Sancti
2317 2339 2551 2396 Maximi
2591 2357 2603 2395 :
2646 2340 2846 2397 Mulier
2886 2343 3263 2400 Samaritana
3307 2346 3528 2415 signiﬁ-

1871 2426 2049 2483 cabat
2064 2432 2342 2484 naturam
2363 2429 2718 2494 humanam,
2742 2445 2878 2502 quae
2903 2432 3169 2504 quinque
3190 2433 3350 2506 leges
3366 2450 3531 2491 acce-

1873 2523 2056 2588 perat,
2077 2524 2368 2589 tanquam
2388 2518 2564 2585 viros,
2580 2519 2861 2574 nimirum
2876 2519 3069 2590 legem
3083 2521 3312 2578 Adamo
3324 2523 3528 2582 datam

1872 2604 1931 2659 in
1949 2605 2231 2676 paradiso
2245 2611 2299 2660 et
2315 2610 2473 2661 extra
2495 2605 2850 2678 paradisum
2862 2607 3057 2663 eidem
3074 2625 3283 2666 rursus
3296 2610 3528 2679 datam,

1873 2694 2074 2749 datam
2101 2695 2219 2748 Noe
2241 2699 2502 2764 tempore
2522 2694 2747 2760 diluvii,
2771 2695 3112 2754 Abrahamo
3134 2698 3210 2753 de
3223 2700 3531 2756 circumci-

1873 2783 2039 2838 sione
2056 2787 2113 2837 et
2131 2798 2333 2837 rursus
2349 2783 2541 2838 eidem
2561 2783 2765 2839 datam
2781 2783 2856 2839 de
2869 2784 3075 2840 Isaaco
3093 2786 3490 2844 sacriﬁcando
3513 2805 3526 2844 :

1875 2871 1980 2927 sed
1999 2871 2091 2926 haa
2112 2871 2380 2942 quinque
2393 2872 2865 2944 preterierantet
2879 2874 3052 2945 quasi
3068 2879 3311 2931 mortuae
3323 2882 3492 2933 erant
3511 2895 3525 2934 :

1873 2959 2134 3016 habebat
2163 2964 2364 3016 autem
2405 2967 2544 3016 tunc
2576 2961 2914 3017 Mosaicam.
2958 2963 3070 3018 Sed
3109 2963 3237 3019 hinc
3272 2964 3368 3021 lex
3406 2981 3528 3022 non

1827 3050 1843 3071 ‘
1873 3055 1996 3106 erat
2018 3050 2262 3106 maritus
2291 3051 2446 3122 ejus,
2483 3050 2570 3106 vel
2595 3051 2761 3123 quod
2789 3067 2908 3108 non
2940 3056 3061 3108 tota
3089 3053 3451 3124 diligebatur
3473 3060 3532 3112 et

1873 3139 2246 3202 servabatur,
2287 3139 2396 3204 vel,
2430 3140 2595 3210 quod
2627 3155 2746 3195 non
2780 3140 2858 3196 ad
2901 3156 3081 3196 omne
3116 3147 3373 3214 tempus,
3421 3142 3529 3199 sed

1875 3231 2106 3283 tantum
2147 3243 2335 3300 usque
2366 3227 2441 3282 ad
2480 3227 2803 3283 adventum
2857 3230 3179 3286 Servatoris
3219 3230 3360 3286 data
3405 3237 3531 3287 erat

1873 3315 2138 3372 Judaicaa
2156 3323 2380 3372 naturae
2403 3316 2702 3371 humanas.
2733 3317 2957 3372 Exinde
2977 3333 3114 3373 vero
3145 3334 3266 3374 non
3289 3324 3415 3375 erat
3442 3319 3532 3375 vir

1875 3405 2025 3476 ejus,
2062 3422 2196 3461 cum
2247 3405 2366 3461 alia
2403 3421 2538 3460 eam
2588 3405 2700 3461 sibi
2745 3405 3067 3476 junxisset,
3104 3405 3197 3462 lex
3242 3405 3530 3463 nimirum

1876 3495 2239 3564 evangelica.
2282 3495 2501 3549 Puteus
2535 3495 2711 3564 igitur
2749 3495 2972 3564 Jacobi,
3015 3501 3107 3552 est
3149 3512 3321 3552 sacra
3379 3497 3532 3552 Scri-

1876 3589 2052 3656 ptura
2077 3599 2090 3637 :
2121 3600 2278 3656 aqua
2300 3599 2437 3638 vero
2462 3583 2606 3655 ejus,
2631 3583 2812 3655 hujus
2832 3584 3130 3654 cognitio:
3158 3584 3532 3657 profunditas

1875 3678 2101 3738 autem,
2123 3672 2503 3745 profunditas
2531 3674 2995 3729 sententiarum:
3025 3674 3336 3730 haustrum
3367 3691 3527 3740 vero,

1875 3761 2128 3818 eruditio
2176 3762 2338 3818 verbi
2377 3762 2561 3817 divini
2607 3778 2744 3834 qua
2797 3763 2862 3818 fit
2903 3779 3010 3835 per
3049 3763 3292 3829 litteras,
3344 3780 3531 3836 quam

1877 3850 2168 3905 Dominus
2200 3867 2320 3907 non
2343 3851 2568 3917 habuit,
2597 3868 2736 3906 cum
2761 3851 2887 3924 ipse
2911 3853 3164 3908 Verbum
3193 3853 3267 3909 sit
3296 3869 3366 3909 ac
3392 3869 3531 3910 vera

1877 3940 2198 4010 Sapientia,
2237 3957 2496 4011 cumque
2527 3940 2834 4012 discipulis
2866 3943 2989 3996 suis
3021 3957 3140 3997 non
3175 3957 3280 4013 per
3310 3941 3532 3998 litteras

1875 4028 2102 4083 dederit
2127 4029 2544 4098 eruditionem,
2583 4029 2684 4085 sed
2712 4045 2818 4101 per
2848 4031 3099 4100 gratiam
3135 4029 3526 4102 spiritualem.

1948 4301 2106 4354 Vers.
2151 4297 2233 4352 19.
2265 4296 2412 4351 Dicit
2450 4326 2519 4337 -—
2568 4301 2654 4350 tu.
2705 4297 2832 4351 Non
2872 4293 3116 4367 indigne
3160 4293 3308 4361 tulit,
3366 4293 3530 4367 quod

1877 4386 2190 4443 manifeste
2250 4390 2618 4455 argueretur,
2678 4400 2873 4456 neque
2927 4400 3035 4456 pro
3091 4385 3310 4453 injuria
3361 4384 3534 4439 duxit

1876 4475 2366 4548 increpationem,
2388 4474 2490 4529 sed
2509 4472 2805 4529 admirata
2830 4472 3148 4544 perfectam
3175 4473 3303 4543 ejus
3325 4473 3532 4542 cogni-

1877 4565 2119 4630 tionem,
2154 4579 2290 4619 vere
2330 4563 2686 4634 prophetam
2741 4577 2881 4616 eum
2941 4576 3071 4616 esse
3116 4561 3527 4633 deprehendit.

1888 4653 2076 4720 Video,
2108 4653 2301 4725 inquit
2331 4651 2475 4717 sive,
2518 4650 2802 4719 intelligo.
2838 4652 2902 4705 Et
2930 4649 3143 4706 exinde
3174 4649 3322 4706 nihil
3361 4665 3532 4706 mun-

1877 4743 2104 4799 danum
2137 4747 2240 4798 aut
2278 4740 2608 4812 temporale
2637 4756 2777 4795 eum
2807 4740 3150 4810 interrogat,
3185 4739 3290 4796 sed
3330 4740 3530 4797 statim

1878 4833 1952 4888 de
1979 4831 2381 4901 dogmatibus.
2407 4829 2499 4885 Ait
2527 4829 2689 4884 enim
2728 4845 2742 4885 :

1952 4921 2109 4977 Vers.
2148 4919 2236 4975 20.
2268 4920 2483 4976 Patres
2514 4947 2581 4958 -
2625 4918 2896 4976 adorare.
2943 4917 3144 4975 Patres
3173 4916 3322 4975 dixit
3347 4915 3531 4975 Abra-

1376 5125 1602 5197 Variae
1650 5126 1977 5197 lectiones
2019 5137 2084 5197 et
2124 5137 2326 5196 notae.

203 5351 360 5426 (65)
393 5354 526 5426 Hinc
579 5354 829 5424 uterque
860 5348 1049 5407 codex
1087 5345 1327 5426 exhibet
1370 5350 1428 5406 in
1483 5348 1770 5422 margine.

109 5424 497 5488 He‘ntenius
529 5439 772 5494 prorsus
800 5424 1242 5494 nonagnoscit.

202 5496 360 5574 (ὃὸ)
387 5493 574 5553 Etiam
599 5493 698 5550 hic
721 5502 794 5565 τῷ
835 5493 1240 5549 scribendum.

456 5591 691 5648 PATROL.
723 5588 830 5648 Gn.
871 5587 1124 5659 CXXIX.

1957 5351 2066 5421 (67)
2109 5352 2216 5405 Pro
2248 5341 2701 5409 ἆπετιθνήκιισαν.

1957 5414 2069 5491 (68)
2108 5422 2170 5476 ln
2203 5422 2406 5478 Latino
2437 5422 2563 5478 haec
2595 5422 2768 5481 valde
2800 5414 3157 5487 claudicanl,
3181 5433 3318 5477 cum
3340 5418 3437 5476 lex
3459 5420 3534 5478 sit

1884 5492 2260 5560 femininum.

3218 5588 3288 5647 38
