4038 6226
620 168 758 227 1195

612 388 918 445 Abraham
944 390 1003 444 in
1030 389 1129 444 illo
1157 395 1359 444 monte
1376 388 1660 444 obtulisse
1685 392 1845 444 Isaac
1869 390 1985 445 Deo
2016 388 2077 444 in
2104 390 2265 446 holo-

612 484 908 533 caustum.
943 480 1056 532 Aut
1086 486 1282 549 patres
1317 476 1463 531 dixit
1490 476 1673 531 Jacob
1704 482 1759 532 et
1790 477 1940 531 ﬁlios
1958 478 2106 549 ejus.
2131 478 2263 532 Jam

612 568 789 622 Jacob
820 567 899 620 ibi
930 566 1229 621 constituit
1250 565 1432 620 altare
1450 572 1506 620 et
1536 566 1808 620 adoravit
1837 566 2040 620 Deum.
2068 566 2265 622 Mulier

610 656 809 727 itaque
847 656 1240 727 quaestionem
1290 656 1619 725 proposuit,
1670 662 1890 726 putans
1946 656 2262 711 Samarita-

609 759 825 799 norum
872 744 1092 814 dogma
1129 744 1342 799 melius
1381 760 1508 799 esse
1556 761 1738 817 quam
1790 745 2153 807 Judaeorum,
2206 749 2263 799 et

608 834 1051 889 honoratiorem
1092 833 1288 888 locum
1322 850 1449 887 esse
1483 835 1697 888 montis
1729 833 1905 897 illius,
1929 850 2114 904 quam
2136 833 2262 887 Hie-

608 923 930 994 rosolyma.
967 924 1227 979 Christus
1264 939 1398 977 vero
1434 923 1693 993 primum
1730 922 1918 977 elevat
1952 923 2261 994 utriusque

606 1011 722 1068 loci
761 1012 1134 1081 dignitatem,
1182 1027 1252 1067 eo
1288 1011 1456 1083 quod
1488 1012 1647 1066 brevi
1679 1011 1943 1066 futurum
1984 1017 2163 1074 esset,
2202 1015 2263 1066 ut

607 1102 801 1157 cultus
830 1100 1064 1156 divinus
1093 1102 1152 1156 in
1185 1104 1438 1173 utroque
1463 1105 1757 1164 cessaret;
1785 1100 2001 1155 deinde
2017 1100 2261 1155 Judteos

608 1191 919 1263 praeponit,
952 1196 1008 1247 et
1038 1190 1427 1263 postmodum
1458 1190 1639 1245 divini
1669 1192 1862 1245 cultus
1892 1190 2111 1259 dogma
2135 1205 2262 1246 ma-

606 1278 863 1338 nifestat.

676 1550 837 1603 Vers.
897 1551 985 1604 2t.
1042 1548 1143 1603 Ait
1195 1577 1264 1588 ——
1317 1553 1556 1616 patrem.
1598 1547 1639 1617 -ι-
1686 1547 1727 1615 -ι-
1767 1546 2128 1619 Ξοριιοηὶω;
2186 1549 2257 1604 Et

602 1640 929 1696 adorabunt
958 1653 1084 1694 eum
1115 1636 1355 1708 quilibet
1380 1651 1455 1692 ex
1485 1636 1610 1691 loco
1631 1651 1732 1691 suo
1759 1638 1826 1687 ⁸⁸.

674 1729 753 1783 Ex
779 1727 893 1782 hoc
918 1725 1188 1798 prtedicit
1210 1724 1662 1779 dissolutionem
1701 1723 2032 1779 Samaritici
2076 1725 2254 1781 simul

601 1822 659 1874 et
703 1817 933 1873 Judaici
971 1816 1181 1878 cultus,
1228 1829 1413 1885 quam
1461 1813 1628 1884 passi
1685 1822 1840 1878 sunt,
1880 1815 2252 1871 exterminati

601 1911 739 1979 post
765 1906 975 1961 Christi
998 1904 1338 1977 passionem
1370 1919 1404 1958 a
1426 1902 1728 1957 Romanis.
1752 1905 1855 1958 Per
1880 1902 2091 1959 horam
2116 1919 2253 1959 vero

600 1995 857 2065 intellige
889 1999 1151 2065 tempus.

670 2087 830 2141 Vers.
861 2088 951 2141 22.
1006 2085 1107 2138 Vos
1135 2114 1198 2123 —
1228 2080 1461 2137 scimus.
1491 2079 1846 2151 Quanquam
1898 2080 2059 2136 enim
2089 2096 2253 2136 eum-

598 2174 737 2229 dem
772 2174 955 2228 Deum
986 2172 1269 2228 colebant
1310 2170 1663 2227 Samaritani
1711 2174 1769 2224 et
1806 2168 2017 2233 Judaei,
2051 2174 2252 2225 tamen

597 2262 951 2320 Samaritani
972 2260 1347 2330 ignorabant,
1380 2258 1543 2330 quod
1574 2258 1848 2313 omnium
1872 2259 2134 2329 gentium
2162 2275 2252 2315 es-

597 2357 684 2406 set
712 2351 1001 2406 Dominus
1043 2348 1487 2419 :opinabantur
1526 2347 1843 2418 siquidem,
1900 2348 2065 2419 quod
2107 2348 2250 2404 solis

596 2438 989 2497 Samaritanis
1009 2443 1186 2509 atque
1210 2435 1431 2492 Judaeis
1454 2435 1883 2491 dominaretur.
1904 2437 2090 2492 Judaai
2119 2454 2249 2492 vero

594 2528 1059 2598 cognoscebant,
1092 2525 1257 2598 quod
1282 2525 1552 2580 omnium
1586 2525 1851 2596 gentium
1882 2532 2034 2581 esset
2058 2527 2249 2582 Domi-

591 2634 706 2675 nus
731 2618 1120 2689 omnipotens.
1153 2615 1288 2670 Ideo
1317 2614 1461 2669 dixit
1494 2614 1569 2669 ad
1602 2614 1802 2669 illam:
1845 2616 1951 2670 Vos
1978 2616 2248 2672 adoratis

594 2708 742 2780 quod
760 2706 1013 2771 nescitis,
1037 2706 1152 2760 hoc
1177 2710 1284 2769 est,
1313 2704 1483 2773 cujus
1511 2708 1863 2774 potestatem
1888 2720 2007 2760 non
2028 2721 2249 2776 cogno-

594 2798 795 2864 scitis;
828 2802 884 2852 et
916 2797 1182 2868 seipsum
1220 2792 1436 2848 Judaais
1488 2794 1964 2860 connumeravit,
2000 2793 2242 2849 dicens:

591 2889 707 2945 Nos
761 2886 1076 2942 adoramus
1131 2883 1286 2954 quod
1337 2881 1573 2945 scimus,
1624 2881 1767 2953 quia
1815 2888 1868 2938 et
1918 2898 1989 2937 ex
2028 2883 2243 2939 Iudaeis

1944 165 2293 229 EUTHYMII
2331 169 2663 230 ZIGABENI

608 280 757 356 bam
818 303 874 355 et
928 303 1119 357 Isaac.
1201 300 1377 355 Vetus
1432 297 1729 370 siquidem
1787 299 2035 355 historia
2092 301 2250 356 tradi

2378 300 2617 375 Ἀϐραὰμ
2668 308 2758 355 καὶ
2796 306 2881 355 τόν
2913 303 3113 357 Ἰσαάκ.
3160 310 3260 358 Καὶ
3315 307 3412 378 γὰρ
3453 305 3499 357 ἐν
3536 304 3675 378 ἐκείνῳ
3715 317 3768 377 τῷ
3789 316 3858 383 ὄρει

3767 182 3858 240 1196

2374 390 2521 462 λόγος
2550 389 2774 464 ἀρχαῖος
2831 395 3023 468 ἱστορεῖ
3072 398 3158 446 τόν
3205 393 3443 467 Ἀϐραὰμ
3484 392 3773 467 ἀνενηνοχεναι
3800 406 3856 449 τὸν

2376 480 2555 532 Ἰσαὰκ
2605 481 2675 542 εἰς
2748 484 2934 534 Θυσίαν
2985 491 3054 553 τῷ
3122 490 3255 552 Θεῷ.
3313 482 3379 535 Ἦ
3440 487 3639 556 πατέρας
3680 482 3761 538 εἶπε
3804 492 3859 539 τὸν

2372 568 2561 622 Ἰακὼϐ
2584 574 2671 621 καὶ
2698 574 2819 631 τοὺς
2857 572 2997 631 υἱοὺς
3026 571 3208 623 αὐτου.
3246 577 3343 624 Καὶ
3375 576 3473 644 γὰρ
3522 574 3543 622 ὁ
3586 573 3737 625 Ἰακὼϐ
3758 577 3862 631 ἔστι·

2374 678 2455 711 σεν
2515 658 2618 710 ἐκεῖ
2661 661 3036 732 θυσιαστήριον
3085 665 3174 712 καὶ
3236 665 3576 733 προσεκύνησε
3626 666 3692 713 τὸν
3759 670 3858 715 Θεον.

2368 748 2426 800 Ἠ
2487 752 2575 819 μὲν
2608 744 2695 799 οὖν
2730 754 2860 819 γυνὴ
2920 755 3225 823 προσήγαγε
3277 755 3370 807 τὴν
3422 749 3667 821 ἐρώτησιν,
3719 752 3861 822 oleum

2369 844 2599 906 κρεῖττον
2648 833 2776 888 εἶναι
2802 842 2859 889 τὸ
2901 835 3076 909 δόγμα
3105 848 3203 890 τῶν
3235 846 3548 912 Σαμαρειτῶν
3575 843 3693 912 παρὰ
3714 844 3779 891 τόν
3800 850 3861 891 τῶν

2371 921 2662 990 Ἰουδαίων,
2693 931 2782 978 καὶ
2813 930 2899 978 τόν
2931 934 3084 979 τόπον
3130 947 3433 1001 τιμιωτερον
3462 934 3543 979 τοῦ
3588 932 3713 999 ὄρους
3733 930 3864 980 ἐκείνου

2369 1016 2511 1086 παρά
2565 1017 2649 1066 τόν
2702 1023 2798 1067 τῶν
2852 1015 3218 1091 Ἰεροσολύμων
3253 1034 3265 1045 ·
3310 1019 3336 1068 ό
3390 1014 3448 1068 δὲ
3495 1022 3687 1089 Χριστὸς
3724 1026 3863 1088 πρῶτον

2369 1107 2459 1174 μὲν
2502 1108 2591 1156 καὶ
2644 1102 2943 1179 ἀμφοτερων
2974 1115 3073 1157 τῶν
3125 1111 3294 1158 τόπων
3358 1104 3549 1178 ἀναιρεῖ
3574 1110 3629 1157 τὰ
3666 1107 3864 1177 πρεσϐεῖα,

2371 1188 2466 1244 διὰ
2492 1196 2548 1243 τό
2604 1192 2800 1264 μέλλειν
2850 1196 2970 1246 ὅσον
3020 1198 3163 1247 οὔπω
3229 1196 3492 1253 παυθῆναι
3538 1200 3619 1255 τὰς
3650 1195 3689 1245 ἐν
3721 1195 3866 1252 Enim;

2367 1280 2605 1355 λατρείας
2676 1299 2688 1311 ⁸
2741 1280 2854 1335 εἶτα
2927 1284 3200 1355 ἀποφαίνει
3269 1290 3388 1345 τους
3483 1281 3733 1345 Ἰουδαίους
3788 1283 3867 1355 (δῦ)

2368 1376 2744 1445 συνετωτέρους
2774 1387 2787 1401 ·
2820 1375 2995 1425 ἔπειτα
3038 1378 3335 1446 παρανοίγει
3388 1376 3445 1425 τὸ
3494 1369 3651 1444 δόγμα
3676 1382 3747 1432 τῆς
3768 1372 3869 1423 τότε·

2366 1458 2527 1521 ϐείας.

2676 1299 2688 1311 ⁸
2741 1280 2854 1335 εἶτα
2927 1284 3200 1356 ἀποφαίνει
3269 1290 3388 1345 τους

2436 1553 2590 1620 Λέγει
2622 1582 2681 1590 —
2706 1556 2884 1625 πατρί.
2907 1550 3175 1624 [Σοφονίου
3204 1552 3337 1623 (70).
3366 1556 3467 1605 Καὶ
3504 1556 3870 1624 προσκυνήσουσιν

2290 1649 2331 1702 Β
2365 1638 2505 1708 αὐτῷ
2532 1640 2751 1701 ἕκαστος
2782 1638 2835 1691 ἐκ
2857 1648 2948 1692 τοῦ
2976 1647 3135 1693 τόπου
3168 1641 3347 1693 αὐτοῦ.
3388 1642 3405 1712 ]

2436 1728 2693 1780 Ἐντεῦθεν
2731 1738 3087 1802 προαναφωνεῖ
3124 1735 3214 1787 τὴν
3258 1730 3541 1782 κατάλυσιν
3586 1739 3668 1791 τῆς
3690 1736 3875 1801 Σαμαρειο

2362 1825 2513 1878 τικῆς
2544 1819 2673 1889 ὁμοῦ
2699 1823 2786 1870 καὶ
2816 1816 3116 1880 Ἰουδαίκῆς
3136 1819 3389 1891 λατρείας,
3421 1820 3481 1877 ἢν
3514 1822 3780 1872 πεπόνθασιν
3803 1816 3874 1877 ἑξο-

2362 1905 2712 1980 λοθρευθέντες
2741 1908 2840 1959 ὑπὸ
2895 1908 3161 1980 Ῥωμαίων
3218 1911 3351 1981 μετά
3408 1915 3502 1967 τὴν
3531 1910 3875 1982 χριστοκτονίαν.

2361 1994 2524 2068 Ὠραν
2558 1992 2618 2047 δὲ
2639 2000 2739 2048 νόει
2766 2000 2854 2048 τὸν
2890 2002 3091 2070 καιρόν.
3288 2004 3297 2009 ”

2432 2083 2598 2154 Ὑμεῖς
2660 2116 2728 2123 —
2784 2082 3021 2158 οἴδαμεν.
3077 2086 3136 2139 Εἰ
3190 2088 3288 2161 γὰρ
3349 2093 3443 2139 καὶ
3503 2089 3583 2139 τὸν
3620 2086 3750 2138 οώτον
3788 2086 3878 2135 Θεὸν

2361 2172 2595 2225 ἐσέϐοντο
2654 2181 2968 2246 Σαμαρεῖται
3030 2182 3119 2227 καὶ
3161 2173 3421 2228 Ἰουδαῖοι
3489 2195 3500 2207 ⁸
3581 2175 3692 2227 ἀλλὰ
3760 2181 3878 2243 Σαμα-

2358 2271 2523 2337 ρεῖται
2574 2268 2662 2335 μεν
2733 2265 2949 2336 ἠγνόουν
3036 2266 3113 2317 ὅτι
3192 2268 3394 2317 πάντων
3474 2274 3567 2318 τῶν
3630 2264 3757 2317 ἐθνῶν
3804 2264 3879 2314 Κύ-

2358 2356 2469 2424 ριός
2530 2351 2639 2404 ἐστι
2697 2371 2708 2385 ⁸
2768 2358 2935 2425 μόνων
2991 2358 3091 2426 γὰρ
3148 2362 3475 2429 Σαμαρειτῶν
3542 2358 3624 2406 καὶ
3672 2349 3879 2406 Ἰουδαίων

2360 2438 2637 2501 δεσπόζειν
2686 2441 2840 2494 αὐτὸν
2885 2442 3240 2514 ὑπελάμϐανον
3292 2463 3305 2475 '
3358 2441 3609 2497 Ἰουδαῖοι
3660 2439 3710 2495 δι
3753 2440 3880 2511 ἐγίνω-

2360 2549 2481 2582 σκον
2530 2532 2610 2582 ὅτι
2647 2533 3017 2606 παντοκράτωρ
3066 2535 3202 2587 ἐστί.
3262 2536 3357 2585 Διά
3414 2541 3563 2585 τοῦτο
3613 2536 3726 2605 πρὸς
3769 2531 3883 2583 αὐτὴν

2356 2616 2492 2671 εἶπεν
2546 2622 2624 2672 ὅτι
2689 2620 2861 2692 Ὑμεῖς
2918 2624 3256 2695 προσκυνεῖτε
3286 2622 3311 2673 ὁ
3378 2623 3476 2674 οὐκ
3537 2618 3716 2685 οἴδατε,
3776 2636 3882 2670 τουτ-

2357 2707 2515 2774 ὶστιν,
2562 2709 2623 2761 οὗ
2700 2714 2793 2767 τὴν
2853 2709 3091 2773 ἐξουσίαν
3152 2711 3245 2763 οὐκ
3332 2709 3536 2765 οἴδατε.
3608 2716 3697 2763 Καὶ
3754 2712 3885 2759 inuras

2357 2794 2415 2850 δε
2448 2799 2688 2860 συνέταξε
2717 2806 2827 2857 τοῖς
2858 2796 3156 2862 Ἰουδαίοις.
3214 2801 3393 2871 Ἡμεῖς
3419 2803 3543 2875 γὰρ,
3584 2804 3719 2872 φησὶ,
3764 2814 3886 2870 προσ-

2356 2895 2604 2959 κυνοῦμεν
2636 2888 2661 2939 ὁ
2693 2885 2909 2960 οἴδαμεν
2949 2906 2961 2919 ’
2988 2885 3128 2941 διότι
3155 2894 3243 2941 καὶ
3270 2887 3613 2952 ἐξἸουδαίων
3642 2888 3885 2952 ἐϐλάστησε,

593 2984 716 3034 erat
736 2976 1102 3049 progenitus,
1135 2979 1190 3029 et
1212 2973 1601 3029 Samaritana:
1623 2972 1866 3027 Iudaeus
1912 2973 2242 3029 videbatur.

2356 2981 2441 3028 καὶ
2472 2974 2730 3039 Ἰουδαῖος
2762 2986 2825 3049 τῇ
2866 2976 3204 3052 Σαμαρείτιδι
3235 2976 3433 3042 ἔδοξεν.
3469 2976 3591 3032 Εἶτα
3638 2978 3788 3048 ἐπάγει
3825 2979 3887 3023 καὶ

593 3067 819 3121 Deinde
848 3066 1024 3120 etiam
1051 3064 1295 3127 inducit,
1330 3062 1496 3133 quod
1536 3062 1732 3132 majus
1764 3067 1886 3117 est:

662 3156 824 3212 Vers.
857 3159 945 3210 22.
978 3154 1121 3220 Quia
1171 3183 1233 3193 —
1266 3156 1365 3207 est.
1428 3150 1939 3206 Samaritanorum
1978 3152 2134 3207 salus
2174 3170 2245 3209 ex

587 3245 810 3303 Iudaeis
833 3250 921 3300 est
948 3260 962 3309 ;
987 3259 1127 3299 nam
1169 3241 1245 3297 ab
1284 3240 1394 3295 illis
1432 3239 1767 3295 didicerunt
1805 3240 1989 3295 Deum
2030 3258 2245 3311 cogno-

591 3352 773 3401 scere,
817 3340 873 3389 et
916 3332 1077 3389 idola
1119 3346 1414 3403 respuere.
1462 3331 1575 3383 Aut
1627 3328 1743 3384 alio
1793 3330 2022 3385 modo:
2072 3331 2243 3387 Salus

593 3423 801 3481 mundi
832 3439 899 3478 ex
936 3420 1159 3477 Judaeis
1199 3423 1306 3485 est,
1353 3433 1491 3474 cum
1522 3417 1600 3473 ab
1629 3418 1711 3473 eis
1742 3417 2007 3474 Christus
2057 3419 2130 3476 sit
2158 3420 2243 3475 in-

590 3518 894 3570 carnatus.

662 3604 818 3657 Vers.
850 3604 941 3656 23.
989 3599 1102 3654 Sed
1146 3628 1210 3637 —
1255 3598 1511 3652 veritate.
1559 3595 1664 3652 Ubi
1714 3595 1953 3653 Iudaeos
1985 3598 2244 3653 Samari-

592 3691 745 3747 tanis
775 3687 1214 3760 praeposuisset,
1244 3701 1481 3740 rursum
1512 3700 1673 3739 nunc
1700 3685 1917 3740 Judazis
1950 3687 2245 3758 praeponit

590 3778 978 3843 Christianos,
1010 3780 1075 3830 ut
1104 3773 1443 3847 suspicione
1482 3778 1681 3829 careat
1703 3774 1982 3845 praelatio,
2026 3782 2081 3831 et
2122 3792 2242 3831 non

590 3870 874 3938 appareat
899 3864 1119 3920 Iudaeis
1164 3862 1484 3932 gratiﬁcari
1524 3868 1813 3936 tanquam
1844 3864 2099 3919 Judteus.
2136 3865 2242 3920 Ubi

590 3962 791 4014 autem
813 3956 951 4010 dixit
985 3970 996 4009 :
1043 3953 1201 4009 Venit
1234 3961 1480 4021 tempus,
1509 3968 1582 4007 ne
1626 3958 1878 4025 putaret,
1908 3953 2047 4008 illud
2075 3952 2246 4008 diffe-

596 4043 1199 4114 rendum,subjunxit
1224 4059 1236 4097 :
1258 4042 1331 4097 Et
1353 4057 1512 4098 nunc
1529 4048 1629 4107 est,
1656 4042 1921 4113 sivejam
1950 4043 2242 4107 imminet,

588 4134 787 4191 instat.

669 4227 845 4280 Veros
889 4222 1031 4278 item
1080 4220 1427 4277 adoratores
1457 4219 1599 4275 dicit
1630 4236 1730 4275 eos
1761 4221 1863 4291 qui
1908 4221 1971 4276 in
2024 4238 2082 4276 se
2125 4236 2242 4277 cre-

2354 3068 2413 3116 τὸ
2433 3066 2629 3136 μεῖξον.

2423 3154 2636 3206 Ὀτι-
2667 3153 2827 3207 ἐστίν.
2874 3155 2931 3209 Ἠ
2985 3162 3221 3232 σωτηρία
3265 3166 3367 3210 τῶν
3424 3152 3888 3230 Σαμαρειτώνὲκτών

2356 3240 2625 3296 Ἰουδαίων
2674 3243 2812 3295 ἐστίν
2862 3260 2874 3273 ’
2924 3243 2976 3307 ἐξ
3034 3246 3202 3297 αὐτῶν
3252 3250 3359 3318 γὰρ
3419 3249 3606 3319 ἔμαθον
3644 3240 3809 3297 εἰδέναι
3833 3242 3893 3291 τον

2354 3336 2501 3393 Θεὸν,
2534 3338 2622 3384 καὶ
2652 3339 3063 3404 καταγινώσκειν
3090 3343 3189 3386 τῶν
3216 3331 3466 3389 εἰδώλων.
3515 3342 3581 3387 ’Ἡ
3612 3340 3693 3385 καὶ
3721 3332 3893 3399 ἑτέρως.

2350 3422 2406 3473 'u
2442 3425 2677 3495 σωτηρία
2703 3429 2793 3472 τοῦ
2823 3426 3027 3494 κόσμου
3052 3421 3107 3474 ἐκ
3136 3432 3236 3475 τῶν
3263 3421 3565 3491 Ἰουδαίων,
3590 3423 3637 3487 ἐξ
3659 3422 3801 3475 αὐτῶν
3821 3419 3894 3488 γὰρ

2351 3510 2376 3561 ό
2408 3513 2635 3582 Χριστὸς
2676 3508 3084 3584 ἐνηνθρώπησεν.

2424 3597 2563 3651 Ἀλλ’
2596 3630 2658 3637 -
2694 3597 2925 3656 ἀλήθεια.
2963 3604 3303 3674 Προτιμήσας
3350 3610 3454 3653 τῶν
3488 3606 3785 3673 Σαμαρειτῶν
3808 3597 3897 3650 τοὺς

2350 3683 2661 3752 Ἰουδαίους,
2722 3695 2809 3738 νῦν
2858 3695 3091 3762 προτιμᾴ
3146 3689 3303 3741 πάλιν
3361 3700 3466 3743 τῶν
3524 3686 3770 3745 Ἰουδαίων
3810 3687 3900 3740 τοὺς

2352 3781 2716 3849 Χριστιανοὺς,
2756 3778 2837 3828 ἶνα
2866 3776 3155 3838 ἀνύποπτος
3185 3781 3214 3837 ἡ
3246 3785 3581 3852 προτίμησις
3631 3782 3813 3850 γίνεται
3835 3778 3897 3822 καί

2352 3869 2421 3937 μὴ
2458 3861 2585 3937 δόξῃ
2617 3868 3075 3937 καταχαρίζεσθαι
3101 3876 3208 3929 τοῖς
3250 3865 3565 3934 Ἰουδαίοις,
3592 3872 3652 3929 ὡς
3680 3861 3896 3921 Ἰουδαῖος.

2353 3953 2519 4005 Εἰπὼν
2549 3951 2607 4006 δὲ
2636 3957 2715 4006 ὅτι
2742 3953 2996 4027 Ἔρχεται
3034 3958 3161 4029 ὥρα,
3194 3958 3278 4008 ἵνα
3335 3962 3415 4029 μὴ
3447 3964 3636 4029 νομίσῃ
3680 3949 3897 4027 βραδύνειν

2353 4042 2535 4109 αὐτὴν,
2567 4045 2887 4116 προσέθηκεν
2912 4046 2992 4096 ὅτι
3022 4050 3122 4098 Καὶ
3166 4053 3252 4097 νῦν
3286 4046 3459 4113 ἐστιν,
3516 4053 3668 4119 ἤγουν
3696 4044 3899 4097 bimam

2354 4128 2488 4189 ἤδη.

2427 4220 2730 4283 Ἀληθινοὺς
2784 4218 2842 4274 δὲ
2894 4226 3263 4296 προπυνητὰς
3322 4224 3468 4297 λέγει
3522 4228 3638 4286 τοὺς
3687 4222 3898 4275 πιστεύων

592 4314 762 4381 dunt,
791 4312 896 4385 qui
918 4313 993 4367 de
1023 4309 1280 4365 Ecclesia
1319 4314 1475 4375 sunt,
1505 4314 1794 4381 tanquam
1821 4326 1959 4365 vere
1985 4310 2244 4366 colentes

2356 4312 2447 4371 τάς
2478 4309 2550 4371 εἰς
2604 4310 2780 4375 αὑτὸν,
2847 4314 2964 4373 τοὺς
3021 4320 3113 4372 τῆς
3172 4312 3498 4375 Ἐκκλησίας
3536 4318 3605 4377 ὡς
3649 4310 3897 4368 assam:

591 4402 797 4460 et'non
837 4404 898 4458 in
924 4400 1153 4456 umbris
1184 4397 1525 4467 servientes,
1561 4399 1710 4454 sicut
1734 4399 1924 4455 Judaei
1967 4408 2020 4455 et
2043 4401 2245 4457 Sama-

590 4494 806 4560 ritani;
852 4507 997 4547 nam
1051 4489 1239 4546 omnis
1283 4487 1499 4543 horum
1551 4489 1801 4543 servitus
1856 4489 2073 4545 umbra
2124 4494 2249 4545 erat

594 4586 649 4636 et
692 4581 888 4653 ﬁgura
942 4579 1217 4635 veritatis.
1274 4576 1401 4632 Veri
1448 4592 1590 4648 ergo
1630 4577 1973 4633 adoratores
2032 4578 2247 4635 adora-

592 4670 744 4726 bunt
774 4670 1009 4725 Patrem
1055 4684 1175 4725 nou
1205 4668 1266 4722 in
1298 4682 1564 4737 corpore,
1612 4666 1716 4721 sed
1743 4667 1800 4721 in
1849 4668 2075 4739 spiritu,
2130 4668 2245 4723 hoc

594 4762 704 4824 est,
734 4773 854 4815 non
884 4773 992 4830 per
1020 4755 1355 4829 corporales
1384 4755 1673 4820 victimas,
1708 4756 1815 4811 sed
1845 4772 1951 4828 per
1972 4756 2242 4829 spiritua-

664 4937 712 4972 “
748 4936 1004 5008 Sophon.
1035 4950 1096 5001 ιι,
1141 4938 1223 4990 lt.

2356 4398 2560 4462 ϐοντας,
2596 4403 2686 4452 καὶ
2729 4400 2822 4451 οὐκ
2854 4398 2901 4451 ἐν
2967 4409 3137 4462 σκιαῖς
3197 4401 3553 4476 λατρεύοντας
3599 4406 3663 4465 ὡς
3706 4392 3897 4454 Ἰουδαία

2356 4494 2445 4541 καὶ
2497 4496 2834 4562 Σαμαρεῖται.
2898 4495 3055 4542 Πᾶσα
3102 4494 3203 4564 γὰρ
3252 4494 3281 4550 ἡ
3348 4492 3569 4567 λατρεία
3613 4494 3782 4545 τούτων
3814 4483 3897 4536 σιιά

2358 4574 2418 4637 ἦν
2478 4583 2568 4630 καὶ
2626 4580 2964 4650 προτυπωσις
3031 4588 3127 4641 τῆς
3174 4578 3456 4645 ἀληθείας.
3526 4583 3678 4636 Οὗτοι
3734 4582 3831 4649 γοῦν
3866 4572 3897 4620 ei

2358 4666 2591 4725 ἀληθινοὶ
2646 4673 3008 4740 προσκυνηταὶ
3076 4668 3403 4743 λατρεύουσι
3482 4673 3597 4745 (71)
3655 4677 3721 4739 τῷ
3776 4664 3897 4729 [turpi

2356 4756 2448 4808 οὐκ
2498 4756 2548 4809 ἐν
2602 4762 2805 4829 σώματι
2864 4755 2972 4809 ἀλλ’
3021 4756 3068 4809 ἐν
3117 4762 3409 4833 πνεύματι,
3472 4765 3722 4816 τουτέστιν
3765 4752 3811 4807 οὗ
3834 4745 3896 4802 διὰ

1790 5059 2015 5130 Variae
2052 5059 2383 5129 lectiones
2425 5073 2487 5129 et
2523 5071 2721 5130 notae.

668 5260 782 5333 (69)
834 5264 1205 5332 Συνετωτέρους
1253 5257 1425 5333 abest
1462 5260 1526 5314 A.
1580 5256 1702 5333 Hoc
1750 5256 2040 5333 vocabulo
2081 5258 2248 5333 _v_i_d_e-

597 5329 690 5389 tur
723 5329 985 5388 H'entenii
1016 5329 1195 5388 etiam
1235 5330 1421 5384 codex
1476 5332 1755 5385 caruisse.
1800 5332 1948 5399 Ergo
1996 5329 2249 5384 reddidit

590 5407 861 5476 praafert,
889 5407 1146 5461 Sensum
1186 5418 1325 5472 ergo
1378 5403 1683 5476 expressit,
1739 5418 1856 5476 non
1894 5401 2249 5476 vocabulum

598 5473 886 5550 αποφαίνει.
971 5481 1228 5550 Προτᾷιμᾲ,
1289 5479 1553 5548 προκρίνει
1624 5473 1796 5527 nimis
1872 5473 2157 5529 recedunt
2216 5488 2251 5527 8.

596 5548 869 5604 macrum
898 5548 1074 5602 codd.
1102 5548 1370 5602 lectione.

668 5619 781 5701 (70)
814 5618 946 5676 Haec
975 5624 1220 5695 uterque
1247 5618 1307 5672 in
1337 5615 1628 5695 margine.
1658 5615 1880 5675 Eadem
1907 5617 2089 5673 etiam
2113 5614 2247 5673 cod.

2362 5261 2405 5334 ᾼ
2442 5258 2617 5334 habet
2646 5258 3027 5334 incontextu,
3047 5262 3648 5334 _pOSi_‘o_Tpoaxuw§0'ttt
3672 5268 3731 5329 τῷ
3757 5261 3885 5325 Πιιτμἶ

2366 5332 2428 5384 Et
2454 5330 2696 5400 quidem
2718 5330 2922 5406 litteris
2941 5330 3569 5406 majus_cu1is,quibus
3584 5333 3881 5406 reliquam“

2364 5409 2668 5473 contextus
2694 5402 2915 5473 scripta,
2947 5407 3101 5456 sunt.
3130 5404 3223 5456 Est
3248 5402 3411 5473 ergo
3443 5407 3560 5462 hoc
3592 5402 3880 5473 manifestum

2364 5472 2641 5526 indicium
2673 5470 2973 5543 particula:
3004 5489 3073 5527 ex
3106 5470 3379 5543 margin
3406 5484 3632 5534 textum
3652 5470 3876 5543 translata.

2437 5542 2547 5614 (81)
2582 5532 2747 5616 Forte
2781 5544 3171 5616 λατρεύσουσιν,
3212 5532 3281 5599 αἶ
3314 5532 3811 5607 habétHentenius.
3832 5532 3878 5585 10

2365 5618 2589 5671 textum
2616 5615 2795 5673 etiam
2823 5615 2909 5673 est
2938 5621 3437 5697 προσκυνήσουσιν.
