4038 6226
184 231 322 296 1197

1240 231 1609 299 COMMENT.
1651 239 1722 297 IN
1754 238 2107 298 JOANNEM.
2150 274 2217 285 —
2256 243 2413 301 CAP.
2445 245 2534 302 IV.

3409 252 3544 309 1198

181 369 741 438 σωματικῶν·θυσιῶν
797 367 926 420 ἀλλὰ
973 365 1068 420 διὰ
1118 374 1496 440 πνευματικῶν,
1545 371 1636 419 καὶ
1687 366 1781 418 οὐκ

1928 380 1978 420 es
2003 383 2018 435 ;
2047 380 2155 422 nec
2187 384 2246 424 in
2279 370 2508 426 umbris
2540 374 2595 427 et
2622 369 2850 444 ﬁguris,
2888 371 2994 428 sed
3023 388 3081 429 in
3123 373 3394 443 veritate;
3435 392 3543 433 nec

180 453 231 506 ἕν
266 463 442 518 σκιαῖς
468 461 556 510 καὶ
584 460 768 520 τύποις
796 456 904 510 ἀλλ’
948 457 995 509 ἐν
1028 456 1263 529 ἀληθείᾳ,
1295 461 1383 509 καὶ
1421 455 1480 508 ού
1511 461 1652 526 τόπῳ
1687 460 1782 513 τὴν

181 541 417 617 λατρείαν
457 548 856 620 περιγράφοντες
907 549 976 609 ὡς
1022 543 1274 600 Ἰουδαῖοι
1309 551 1399 598 καὶ
1449 551 1778 619 Σαμαρεῖται,

184 630 291 684 ἀλλ’
336 632 384 684 ἕν
428 641 584 688 παντὶ
623 640 765 708 τόπῳ
794 646 889 700 τῆς
929 633 1242 696 δεσποτείας
1277 635 1436 688 αὐτοῦ
1467 634 1784 705 εὐλογοῦντες

182 725 273 774 τὸν
305 726 506 798 Κύριον.

257 817 384 886 Περὶ
439 821 528 865 τοῦ
570 817 767 888 Πατρός
815 812 875 867 δε
927 818 1085 888 μόνου
1115 821 1202 866 νῦν
1248 822 1472 867 ποιεῖται
1520 817 1606 864 τὸν
1636 811 1783 884 λόγον

184 896 282 952 διὰ
304 905 395 958 τὴν
447 900 713 956 ἀσθένειαν
740 912 828 964 τῆς
855 909 1121 974 γυναικὸς·
1168 903 1260 956 ούκ
1306 900 1412 956 ἔδει
1455 906 1558 978 γὰρ
1599 901 1784 976 ἀθρόον

184 989 317 1062 αύτῇ
357 995 414 1042 τό
455 987 632 1065 δόγμα
661 1001 1032 1068 προσαγαγεῖν.

263 1083 364 1132 Καὶ
418 1084 520 1154 γὰρ
574 1110 639 1125 —-
686 1082 866 1138 αὑτὸν.
928 1081 1144 1155 Ἧγουν,
1213 1082 1271 1134 ού

188 1166 484 1234 ἀληθινούς,
557 1171 615 1223 ού
695 1180 998 1244 σωματικῶς
1067 1174 1282 1233 θύοντας

188 1267 366 1321 τικῶς.
425 1259 594 1312 Εἰπὼν
661 1258 720 1313 δὲ
776 1262 856 1313 ὃτι
908 1268 1084 1330 Ζητεί,

1346 1085 1596 1144 τυπικούς
1678 1079 1782 1132 ἀλλ’

1362 1171 1489 1224 ἀλλὰ
1560 1190 1788 1243 πνευμα-

1162 1260 1391 1333 ἐνέφηνεν
1454 1261 1534 1312 ὂτί
1598 1259 1787 1333 ἀπαρέ-

193 1367 378 1400 σκεται
431 1356 492 1420 τῇ
547 1357 730 1422 νομικξῇ⁹
789 1349 1020 1426 λατρεία,
1068 1355 1159 1402 καὶ
1210 1349 1386 1402 λοιπὸν
1447 1346 1788 1421 συγκαταϐα-

189 1445 347 1499 τικῶς
404 1437 567 1496 αὐτὴν
623 1437 958 1511 ἕνομοθίτησε
1022 1439 1185 1492 πάλαι
1255 1443 1344 1491 καὶ
1421 1444 1788 1510 συνεχώρησεν

191 1525 326 1599 ἄχρι
352 1531 466 1579 τότε
499 1524 591 1580 διὰ
619 1533 712 1586 τὴν
743 1537 842 1580 τῶν
877 1527 1130 1602 Ἐϐραίων
1158 1531 1450 1600 παχύτητα
1498 1531 1589 1579 καὶ
1639 1525 1790 1578 ἀσθέ-

192 1634 352 1669 νειαν.

267 1711 479 1778 Πνεῦμα
548 1737 613 1746 -
696 1713 1004 1780 προσκυνεῖν
1017 1751 1030 1763 .
1167 1713 1395 1778 Πνεῦμα,

193 1793 493 1866 ἀσώματος·
547 1791 632 1848 διὸ
688 1801 778 1847 καὶ
843 1799 964 1857 τούς
1037 1795 1379 1867 λατρεύοντας
1445 1795 1586 1864 αύτῷ
1645 1813 1795 1846 πνευ-

195 1891 430 1954 ματικῶς
498 1888 606 1957 χρὴ
676 1883 956 1959 λατρεύειν,
1011 1887 1102 1935 καὶ
1147 1883 1239 1935 οὐκ
1303 1882 1351 1934 ἐν
1409 1889 1535 1953 σκιᾷ
1591 1881 1696 1934 ἀλλ’
1749 1882 1796 1934 ἕν

197 1970 435 2043 ἀληθείᾳ·
503 1980 655 2025 τοῦτο
705 1975 810 2046 γὰρ
868 1975 1155 2047 θεοπρεπὴς
1215 1977 1304 2024 καὶ
1357 1971 1674 2032 κατάλληλος
1711 1971 1798 2022 λα-

192 2065 360 2132 τρεία.
395 2066 719 2134 Πνευματικὴ
755 2059 813 2114 δὲ
841 2061 1055 2136 λατρεία
1082 2061 1225 2113 ἐστὶν
1265 2063 1295 2119 ὴ
1329 2063 1794 2134 ταπεινοφροσύνηο

199 2153 371 2202 Θυσία
419 2153 539 2223 γὰρ,
601 2156 752 2223 φησὶ,
808 2160 877 2222 τῷ
931 2158 1045 2220 Θεῷ
1098 2157 1300 2222 πνεῦμα
1346 2154 1794 2222 συντετριμμένον·

199 2243 291 2290 καὶ
343 2239 372 2296 ἡ
427 2245 727 2314 προσευχίν
785 2247 960 2293 Θῦσον
998 2241 1122 2314 γὰρ,
1153 2243 1304 2311 φησὶ,
1350 2246 1422 2309 τῷ
1459 2247 1572 2310 Θεῷ
1615 2241 1799 2291 Θῦσίαν

203 2329 464 2390 αἰνέσεωςο
525 2333 614 2380 καὶ
644 2328 814 2389 ἁπλῶς
867 2335 1015 2381 πᾶσα
1067 2331 1387 2401 πνευματικὴ
1437 2326 1614 2401 ἁρετή”
1675 2329 1802 2383 Τότε

198 2419 329 2492 γὰρ,
416 2422 594 2489 φησὶν,
661 2415 961 2479 εύδοκὴσεις
1039 2419 1226 2470 Θυσίαν
1299 2413 1656 2478 δικαιοσύνης·
1729 2417 1802 2469 ἐν·

199 2509 371 2560 ταῦθα
460 2505 806 2569 δικαιοσύνης
891 2511 1165 2579 νοουμένης
1259 2506 1542 2567 καθολικῶς
1624 2509 1802 2568 πάσης

203 2595 395 2669 ἀρετῆς
422 2592 493 2648 δι’
524 2597 581 2657 ἧς
610 2597 636 2648 6
663 2597 931 2668 ἄνθρωπος
961 2593 1284 2650 δικαιοῦται.

276 2690 434 2756 Λέγει
481 2715 547 2727 —-
599 2688 784 2738 πάντα.
866 2685 1150 2757 ’ἰλιγγίασε
1217 2686 1333 2757 (7'2)
1394 2689 1524 2760 πρὸς
1589 2690 1647 2738 τὸ
1707 2695 1805 2739 τῶν

202 2776 463 2849 ῥηθέντων
546 2774 696 2845 ύψος,
764 2781 854 2828 καὶ
899 2775 1077 2827 λοιπὸν
1135 2773 1440 2850 ἀπαγορεύει
1527 2780 1620 2834 τὴν
1687 2781 1805 2850 περὶ

205 2872 308 2916 τῶν
365 2865 608 2916 τοιούτων
663 2863 937 2936 ἀκρόασιν.
1012 2863 1168 2917 Ἀλλά
1248 2865 1400 2916 ποθεν
1463 2869 1809 2939 Σαμαρείταις

205 2949 512 3026 προσδοκία
560 2961 650 3014 τῆς
709 2961 800 3005 τοῦ
868 2960 1101 3024 Χριστοῦ
1159 2949 1469 3025 ἐπιδημίας;
1526 2953 1655 3006 Ἀπὸ
1712 2961 1810 3004 τῶν

209 3048 508 3096 Μωσαῐκῶν
574 3047 806 3116 Γραφῶν.
865 3040 1102 3114 Ἔγραψε
1171 3044 1273 3117 γὰρ
1341 3049 1602 3104 Μωῦσῆς·
1678 3049 1806 3114 Προ·

211 3136 384 3203 φήτην
458 3132 577 3204 ύμῖν
649 3131 934 3190 ἀναστήσει
1011 3134 1198 3204 Κύριος
1279 3133 1304 3182 6
1373 3136 1503 3192 Θεὸς
1582 3130 1637 3182 ἐκ
1715 3139 1816 3182 τῶν

210 3218 452 3292 ἀδελφῶν
483 3222 646 3294 ὑμῶν,
676 3223 745 3283 ὡς
775 3220 880 3293 ἐμέο
909 3221 1066 3273 αύτοῦ
1101 3219 1408 3276 ἀκούσεσθε.

286 3314 445 3382 Λέγει
489 3341 558 3350 --
609 3329 710 3365 σοι.
775 3315 897 3371 Τοῖς
960 3313 1049 3383 μὲν
1127 3307 1407 3372 Ἰουδαίοις
1485 3301 1819 3383 ίπικειβνοις

212 3405 306 3452 καὶ
407 3399 668 3470 λέγουσιν·
779 3399 911 3461 Ἕως
1004 3404 1129 3452 πότε
1220 3405 1312 3458 τὴν
1405 3399 1591 3471 ψυχὴν
1670 3402 1818 3472 ἡμῶν

214 3493 418 3563 αἶρεὶς;
498 3488 604 3541 εἰπε
674 3490 818 3561 ἡμῖν,
915 3489 957 3540 εἰ
1039 3493 1104 3540 σύ
1180 3485 1228 3540 εἶ
1296 3490 1322 3540 6
1398 3493 1648 3562 Χριστός·
1727 3489 1820 3540 ούκ

216 3577 532 3651 ἁπεκρίνατο
577 3585 728 3629 τοῦτο
790 3586 985 3649 σαφῶς.
1049 3580 1224 3649 Ταύτῃ
1281 3573 1340 3629 δὲ
1390 3577 1579 3629 αὐτίκα
1640 3577 1820 3629 ἑαυτὸν

216 3666 553 3739 ἇιρανέρωσεν·
605 3666 1049 3740 εύγνωμονεστέρα
1123 3669 1225 3739 γὰρ
1298 3666 1462 3718 αὐτῶν
1523 3663 1605 3724 ἦν.
1660 3667 1822 3720 Ἐκεῖ-

215 3776 296 3808 νοι
345 3758 436 3826 μὲν
478 3757 602 3828 γὰρ,
649 3754 753 3825 οὐχ
806 3757 887 3806 ἵνα
935 3757 1292 3806 πιστεύσωσιν
1340 3753 1557 3814 ἐζήτουν
1618 3758 1818 3827 μαθεῖν,

216 3844 324 3897 ἀλλ’
356 3847 483 3918 ύπερ
536 3851 627 3896 τοῦ
675 3840 1006 3916 κωμῳδῆσαι
1057 3843 1230 3896 αὐτόν·
1278 3843 1410 3901 αὓτη
1467 3841 1525 3897 δῖ
1579 3847 1826 3916 μαθοῦσα

217 3939 436 3988 επίστευ
446 3951 521 3988 σε.

294 4028 400 4077 Καὶ
455 4053 526 4064 —
599 4021 786 4078 αύτού.
861 4021 974 4076 Ἐπὶ
1031 4025 1216 4095 τούτῳ,
1277 4022 1387 4075 ἀντὶ
1441 4029 1551 4088 τοῦ,
1620 4025 1824 4075 Τούτων

216 4114 340 4185 λεγο
344 4117 508 4184 μένων
516 4154 528 4167 .

297 4207 401 4255 Καὶ
439 4232 506 4242 -
545 4200 731 4258 ἐλάλει.
786 4200 908 4254 Ὀτι
960 4201 1267 4263 τηλικοῦτος
1305 4207 1373 4253 ῶν
1421 4205 1550 4275 μετὰ
1586 4205 1830 4274 γυναικὸς

220 4291 458 4351 εὐτελοῦς
489 4286 765 4362 διελέγετο.

294 4376 489 4440 Οὐδεὶς
546 4411 615 4422 ——
687 4379 889 4445 αὐτῆς
961 4379 1267 4453 Ἐσίγησαν,
1341 4390 1592 4454 τιμῶντες
1651 4382 1827 4435 αύτον.

217 4467 636 4543 Πεπαιδευμένοι
685 4473 786 4546 γὰρ
841 4474 898 4522 τὸ
955 4475 1026 4543 μὴ
1082 4472 1253 4524 πάντα
1300 4473 1367 4523 τὰ
1418 4479 1507 4524 τοῦ
1565 4469 1832 4524 διδασκά-

216 4560 315 4613 λου
381 4559 838 4634 περιεργάζεσθαι.
911 4557 1054 4631 ⁴Ἄριοι
1107 4555 1167 4612 δι
1237 4564 1327 4612 καὶ
1397 4558 1675 4632 ἐγίνωσκον
1752 4560 1832 4613 ὃτι

216 4656 331 4710 τοῖς
413 4649 662 4720 ψυχικοῖς
733 4651 1030 4724 τραύμασιν
1098 4649 1264 4710 αὐτῆς
1329 4650 1602 4724 φάρμακον
1671 4649 1834 4702 ἐπιτί-

222 4742 289 4798 θη
299 4758 409 4792 σιν.

300 4874 346 4910 ‘7
385 4872 537 4930 Psal.
577 4889 622 4938 L,
662 4877 743 4929 t9.
821 4874 867 4911 ⁸⁸
912 4873 1065 4930 Psal.
1119 4889 1274 4943 χιιι,
1319 4873 1401 4928 14.

1481 4875 1529 4909 ⁶⁹
1562 4873 1716 4929 Psal.
1747 4890 1796 4944 L,
1840 4878 1928 4929 2t.

1889 461 2115 518 cultum
2177 459 2310 515 loco
2372 459 2948 526 circumscribentes,
3015 462 3198 518 veluti
3241 465 3426 521 Judaei
3490 470 3545 522 et

1894 549 2271 615 Samaritani,
2302 549 2407 604 sed
2452 549 2510 603 in
2551 549 2716 605 omni
2761 549 2893 607 loco
2935 550 3363 609 dominationis
3410 555 3542 626 ejus

1891 637 2310 695 benedicentes
2356 638 2698 694 Dominum.

1966 817 2045 872 De
2098 817 2226 873 solo
2268 821 2469 873 autem
2519 817 2688 872 Patre
2753 816 2890 874 facit
2950 834 3108 874 nunc
3155 820 3539 887 mentionem,

1895 912 2136 980 propter
2175 906 2436 961 mulieris
2481 905 2944 963 imbecillitatem
2981 923 2994 962 :
3034 923 3226 980 neque
3265 908 3426 965 enim
3462 925 3547 966 re-

1895 995 2206 1068 pentinum
2240 995 2357 1064 (hh)
2389 993 2612 1067 dogma
2647 1012 2982 1068 proponere
3023 997 3074 1053 ei
3104 998 3434 1071 oportebat.

1965 1086 2127 1141 Vers.
2170 1085 2258 1140 23.
2308 1084 2462 1140 Nam
2494 1091 2553 1140 et
2583 1116 2651 1123 ——
2690 1087 2905 1154 ipsum.
2945 1088 3087 1142 Puta
3133 1101 3254 1142 non
3285 1087 3548 1156 ﬁgurati-

1897 1191 2023 1238 vos,
2061 1173 2164 1229 sed
2192 1189 2394 1241 veros;
2437 1189 2558 1229 non
2589 1174 2994 1246 corporaliter,
3029 1175 3134 1231 sed
3169 1175 3550 1248 spiritualiter

1896 1263 2304 1322 immolantes.
2334 1262 2536 1318 Dicens
2558 1268 2757 1320 autem
2788 1280 2800 1318 :
2826 1264 3063 1332 Quaerit,
3085 1264 3363 1330 ostendit,
3383 1266 3550 1338 quod

1897 1352 2046 1423 legis
2087 1352 2418 1407 immolatio
2462 1351 2822 1424 diSpliceret,
2869 1357 2926 1408 et
2961 1369 3104 1410 sane
3147 1353 3290 1410 olim
3337 1355 3576 1410 conde-v

1899 1442 2242 1498 scendendo
2273 1446 2562 1497 statuerat
2588 1441 2772 1507 illam,
2805 1447 2860 1498 et
2887 1459 3075 1514 usque
3101 1442 3178 1499 ad
3209 1444 3270 1498 id
3312 1447 3550 1516 tempus

1900 1531 2280 1596 sustinuerat,
2324 1535 2562 1602 propter
2589 1531 2966 1587 Hebraeorum
2998 1531 3468 1589 imbecillitatem
3493 1537 3553 1590 et

1899 1621 2381 1678 magnitudinem.

1525 1709 1792 1758 τουτέστιν
1827 1723 1870 1777 Β
1971 1711 2132 1766 Vers.
2169 1710 2258 1766 2i.
2299 1709 2649 1778 Spiritus—
2675 1711 2948 1767 adorare.
2988 1711 3261 1782 Spiritus,
3297 1711 3410 1767 hoc
3441 1717 3551 1779 est,

1903 1800 2289 1873 incorporeus
2320 1799 2490 1855 :ideo
2511 1799 2689 1856 etiam
2720 1799 2977 1855 colentes
2998 1816 3134 1855 eum
3169 1800 3556 1872 spiritualiter

1905 1890 2096 1946 colere
2139 1893 2393 1960 oportet,
2442 1903 2564 1943 non
2611 1888 2674 1943 in
2734 1888 2972 1954 umbra,
3024 1889 3128 1945 sed
3162 1890 3222 1944 in
3265 1889 3549 1956 veritate;

1905 1978 2028 2034 haec
2059 1977 2216 2032 enim
2247 1979 2610 2032 conveniens
2649 1982 2754 2042 est,
2803 1992 2872 2032 ac
2915 1977 3101 2032 Deum
3141 1977 3327 2033 decet.
3377 1978 3555 2050 Spiri-

1907 2066 2083 2123 tualis
2129 2073 2327 2121 autem
2369 2065 2582 2131 cultus,
2624 2065 2744 2120 sive
2774 2065 2969 2122 latria.
3003 2070 3093 2121 est
3117 2066 3304 2122 animi
3353 2068 3556 2124 mode-

1909 2156 2022 2211 stia
2054 2171 2066 2208 :
2099 2154 2494 2222 Sacriﬁcium,
2521 2155 2731 2226 inquit,
2761 2156 2878 2210 Deo
2897 2155 3137 2224 spiritus
3166 2156 3443 2212 contritus
3475 2158 3556 2226 ‘7;

1907 2251 1964 2301 et
2018 2244 2200 2300 oratis
2263 2265 2274 2298 :
2327 2243 2636 2311 Sacri/ica,
2697 2243 2796 2309 ait,
2849 2245 2967 2300 Deo
3015 2243 3377 2313 sacriﬁcium
3439 2245 3561 2301 tau-

1908 2335 1999 2390 dis
2030 2333 2076 2369 ⁸⁸
2103 2350 2116 2399 ;
2159 2337 2235 2397 et,
2270 2335 2334 2387 ut
2360 2348 2479 2387 uno
2510 2333 2689 2388 verbo
2722 2332 2943 2402 dicam,
2983 2332 3182 2388 omnis
3214 2335 3401 2388 virtus
3441 2333 3552 2406 spi-

1909 2420 2136 2478 ritualis
2168 2443 2180 2476 :
2216 2421 2376 2475 Tunc
2395 2420 2741 2491 acceptabis,
2770 2421 2981 2493 inquit,
3010 2422 3367 2491 sacriﬁcium
3384 2421 3565 2493 justi-

1911 2513 2010 2567 tia:
2039 2513 2108 2578 ‘9,
2143 2509 2243 2565 ubi
2295 2509 2474 2565 dictio
2511 2510 2780 2580 Iustitiae,
2822 2525 2930 2583 pro
2964 2511 3129 2567 omni
3159 2511 3368 2568 virtute
3409 2512 3567 2568 acci-

1913 2601 2091 2674 pitur,
2124 2615 2228 2672 per
2257 2614 2443 2670 quam
2486 2598 2672 2655 homo
2697 2599 2892 2669 justus
2936 2598 3208 2656 efﬁcitur.

1986 2690 2149 2744 Vers.
2191 2693 2279 2744 25.
2313 2691 2398 2743 .tit
2429 2719 2495 2728 —
2526 2689 2746 2744 omnia.
2778 2688 3050 2745 Inhiabat
3073 2690 3150 2745 ad
3183 2705 3392 2745 eorum
3432 2706 3562 2762 quae

1916 2779 2076 2836 dicta
2106 2784 2262 2847 sunt,
2286 2778 2733 2840 sublimitatem,
2767 2778 2873 2833 sed
2896 2777 3078 2834 modo
3094 2779 3392 2851 desperat,
3431 2796 3571 2850 pos-

1867 2924 1880 2944 ,
1920 2868 2065 2923 sede
2083 2868 2192 2923 illis
2207 2867 2431 2923 audire.
2465 2866 2578 2923 Sed
2599 2867 2753 2922 unde
2777 2868 3166 2924 Samaritanis
3199 2867 3571 2939 exspectatio

1922 2957 2215 3014 adventus
2256 2956 2512 3012 Christi?
2551 2958 2594 3010 Α
2637 2957 2907 3012 Mosaicis
2959 2956 3283 3028 scripturis.
3327 2957 3573 3030 Scripsit

1924 3049 2084 3104 enim
2130 3049 2318 3102 Moses
2353 3064 2365 3102 :
2405 3046 2743 3114 Prophetam
2782 3045 3082 3102 suscitabit
3123 3046 3274 3103 vobis
3315 3046 3467 3102 Deus
3503 3046 3575 3103 de

1923 3137 2223 3207 fratribus
2254 3135 2458 3192 vestris
2486 3151 2497 3189 :
2533 3138 2813 3206 tanquam
2841 3150 2932 3191 me
2961 3136 3130 3192 illum
3149 3136 3400 3192 audietis
3430 3136 3502 3192 ⁷ο.

1997 3314 2158 3368 Vers.
2203 3315 2292 3367 26.
2342 3310 2498 3366 Dicit
2554 3341 2622 3350 —
2666 3316 2876 3366 tecum.
2928 3309 3152 3367 Judaeis
3217 3310 3580 3369 instantibus

1927 3419 1996 3458 ac
2034 3401 2412 3457 dicentibus:
2446 3399 2828 3470 Quoadusque
2873 3400 3126 3456 animam
3172 3407 3441 3458 nostram
3486 3418 3582 3456 su-

1927 3506 2188 3561 spensam
2231 3497 2386 3546 tenes
2419 3491 2446 3545 ‘?
2484 3488 2581 3544 dic
2625 3488 2802 3552 nobis,
2855 3504 2934 3544 an
2983 3494 3043 3544 tu
3082 3489 3158 3544 sis
3201 3489 3470 3546 Christus
3511 3492 3582 3546 τ¹.

1931 3585 2056 3638 Non
2087 3578 2395 3651 respondit
2425 3578 2537 3633 hoc
2584 3577 2895 3633 manifeste
2927 3596 2941 3648 ;
2986 3578 3125 3634 huic
3175 3587 3372 3635 autem
3408 3580 3584 3652 proti-

1930 3687 2046 3726 nus
2088 3687 2148 3724 se
2182 3671 2376 3741 ipsum
2423 3666 2862 3733 manifestavit;
2905 3684 3041 3722 nam
3068 3667 3189 3724 haec
3221 3669 3447 3742 aequior
3473 3669 3585 3724 illis

1932 3765 2073 3815 erat.
2104 3758 2409 3832 Siquidem
2441 3757 2556 3829 ipsi
2590 3773 2708 3812 non
2743 3765 2801 3812 ut
2821 3756 3145 3823 crederent,
3170 3759 3393 3815 discere
3423 3775 3590 3832 quae-

1933 3850 2164 3912 rebant,
2198 3848 2300 3902 sed
2345 3853 2406 3902 ut
2442 3846 2941 3918 reprehenderent
2974 3864 2986 3900 :
3021 3847 3154 3919 ipsa
3203 3863 3343 3904 vero
3386 3847 3588 3904 statim

1935 3943 2255 4010 pOstquam
2301 3936 2528 3999 didicit,
2571 3935 2838 3992 credidit.

2010 4028 2166 4080 Vers.
2208 4025 2295 4079 27.
2321 4025 2396 4078 Et
2433 4055 2502 4066 —
2532 4025 2675 4094 ejus.
2711 4025 2775 4080 In
2808 4025 2940 4096 hoc,
2974 4025 3032 4080 id
3060 4029 3170 4093 est,
3202 4025 3294 4080 his
3325 4025 3516 4082 dictis.

2010 4202 2172 4256 Vers.
2205 4201 2395 4257 27.Ac
2427 4232 2488 4240 —
2526 4202 2857 4272 loqueretur
2883 4199 3051 4266 Quod
3089 4216 3227 4256 cum
3255 4199 3384 4255 talis
3410 4205 3590 4267 esset,

1941 4307 2078 4347 cum
2109 4290 2202 4346 vili
2238 4290 2486 4346 muliere
2524 4288 2880 4361 disputaret.

2015 4379 2178 4436 Vers.
2221 4381 2307 4435 37.
2357 4379 2540 4435 Nemo
2588 4408 2646 4418 —
2699 4377 2806 4434 illa
2838 4379 2866 4432 ἵ
2903 4375 3257 4446 Tacuerunt,
3306 4378 3592 4434 honorem

1941 4471 2053 4542 ipsi
2092 4469 2468 4535 deterentes;
2509 4467 2808 4540 siquidem
2851 4465 3118 4522 instructi
3166 4472 3354 4533 erant,
3400 4466 3488 4539 (ii)
3522 4483 3595 4524 ne

1941 4558 2146 4616 omnia
2186 4557 2453 4628 magistri
2492 4557 2648 4613 facta
2683 4559 2915 4612 curiose
2953 4554 3319 4628 inquirerent
3359 4573 3372 4612 :
3419 4556 3597 4612 simul

1941 4648 2117 4705 etiam
2143 4647 2410 4702 sciebant
2434 4646 2600 4719 quod
2631 4644 3032 4719 spiritualibus
3063 4644 3218 4700 illius
3251 4645 3595 4702 vulneribus

1945 4738 2340 4811 pharmacum
2379 4740 2734 4808 apponeret.

2005 4873 2055 4908 ⁷ο
2085 4873 2251 4928 Deut.
2279 4887 2432 4938 xvm,
2475 4875 2557 4928 t5.
2630 4870 2675 4906 ”¹¹
2704 4870 2873 4926 Joan.
2908 4887 2962 4936 x,
2995 4869 3090 4926 24.

1459 5051 1676 5120 Variae
1708 5051 2031 5120 lectiones
2063 5061 2122 5118 et
2160 5060 2360 5120 notae.

302 5205 424 5275 (τὲ)
443 5209 568 5261 Non
584 5204 736 5277 cepit
759 5205 872 5277 hoc
897 5203 1235 5277 Hentenius.
1259 5206 1356 5259 Est
1373 5202 1531 5277 enim
1560 5204 1837 5277 vertigine

221 5279 470 5350 corripi,
493 5275 669 5350 quod
685 5276 833 5350 solet
852 5276 1120 5350 accidere
1151 5277 1222 5331 iis
1239 5278 1341 5347 qui
1359 5275 1596 5350 excelsa
1611 5276 1838 5350 initien-

220 5356 348 5421 tur,
381 5347 485 5405 aut
511 5347 582 5404 ex
609 5349 737 5405 loco
767 5348 925 5404 edito
951 5348 1224 5404 deorsum
1251 5353 1532 5419 spectant.
1566 5347 1840 5404 Reddidit

307 5545 441 5672 (git)
469 5545 880 5614 Repentinum.
916 5546 1193 5616 Repente.
1225 5541 1320 5598 Est
1346 5541 1506 5599 enim
1529 5539 1714 5616 ἆθροὸν
1737 5541 1840 5598 ad-

307 5636 312 5650 ι
371 5633 522 5672 tum.

233 5633 522 5676 θτεῃυηῃ.

305 5689 402 5767 (in)
432 5686 734 5761 Siquidem
753 5684 1031 5744 instructi
1047 5691 1235 5754 erant,
1264 5689 1375 5744 etc.
1400 5686 1552 5744 Bene
1569 5684 1730 5743 enim
1751 5683 1836 5742 in-

1947 5204 2045 5276 ita,
2082 5220 2150 5258 ac
2183 5201 2229 5258 si
2263 5201 2542 5275 repererit
2574 5203 2783 5274 κέχηνι,
2819 5199 2982 5276 quod
3012 5202 3212 5276 ipsum
3237 5219 3355 5261 non
3384 5203 3605 5262 absur-

1947 5274 2092 5359 dum
2117 5282 2224 5362 est.
2263 5274 2595 5361 quo'seasu
2633 5274 2947 5345 Gregorius
2975 5274 3110 5331 Naz.
3164 5294 3222 5349 p.
3272 5277 3390 5340 159,
3422 5277 3592 5332 dixit:

1949 5353 2086 5421 Πρὸς
2131 5353 2248 5407 τοὺς
2289 5353 2529 5421 ἀστέρας.

1947 5539 2129 5597 stituti
2169 5544 2275 5606 est,
2326 5555 2447 5596 non
2509 5540 2714 5598 omnia
2781 5540 3042 5598 doctoris
3099 5539 3336 5597 curiose
3408 5537 3596 5616 inqui-

1946 5627 2098 5668 rere.
