4038 6226
542 226 681 284 4199
1890 200 2594 275 EUTHYMII‘ZIGABENl
3724 208 3824 275 1:00

614 354 773 408 Vers.
811 352 894 408 28.
931 350 1179 421 Reliquit
1211 348 1448 401 ——Vers.
1470 346 1557 400 29.
1595 346 1863 401 Christus
1891 347 1919 400 i’
1946 346 2195 400 Venerat

2227 346 2270 397 Α
2374 341 2589 414 ’Δφῆκεν
2643 372 2712 382 —
2766 344 3025 415 Χριστός;
3099 339 3281 391 Ἦλθεν
3338 337 3416 391 ἐπὶ
3484 344 3568 398 τὴν
3614 342 3821 401 αἰσθητὴν

544 442 621 497 ad
662 442 1002 497 sensibilem
1054 440 1294 501 tontem,
1342 440 1398 489 et
1429 435 1652 488 invenit
1692 434 2139 489 intellectualem

2303 436 2499 503 πηγὴν,
2552 431 2774 503 εὑροῦσα
2846 426 2904 482 δι
2957 433 3051 486 τὴν
3104 433 3294 487 νοητὴν
3354 427 3507 488 οὓτως
3550 428 3721 501 ἀνήφθη
3771 441 3821 501 τῷ

542 536 723 603 atque
740 545 993 586 accensa
1018 533 1106 583 est
1122 528 1257 598 igne
1277 523 1675 596 spiritualium
1698 522 2018 586 undarum,
2044 522 2137 577 adi

2304 525 2431 594 πυρὶ
2482 528 2582 571 τῶν
2646 527 3004 591 πνευματικῶν
3073 520 3313 589 ναμάτων
3374 520 3433 577 ὡς
3477 523 3558 569 καὶ
3607 523 3656 569 τὸ
3708 520 3827 590 ἄγγος

542 625 607 675 ut
643 627 699 673 et
728 618 1004 690 hydriam
1038 616 1391 686 relinqueret
1416 618 1471 667 et
1518 614 1928 667 necessitatem
1960 617 2137 683 proptr

2306 609 2527 681 ἀφεῖναι,
2596 613 2687 659 καὶ
2760 612 2853 666 τὴν
2928 612 3113 680 χρείαν
3169 603 3241 658 δι’
3295 610 3356 664 ἦν
3422 611 3709 682 παρεγένετο,
3762 615 3827 659 καὶ

542 723 728 778 quam
757 710 1098 767 accesserat,
1133 708 1507 773 curreretque
1548 702 1606 755 in
1638 700 1958 765 civitatem,
1994 717 2062 755 ac
2093 716 2137 772 pi

2308 695 2524 771 δραμεῖν
2557 696 2627 757 εἰς
2672 701 2765 755 τὴν
2818 696 2981 760 πόλιν,
3040 700 3129 747 καὶ
3186 696 3355 748 πάντα
3407 698 3487 746 τὸν
3530 692 3677 767 δῆμον
3717 695 3827 748 ἑλκύ-

543 796 751 866 pulum
784 810 1026 849 omnem
1068 792 1143 848 ad
1174 795 1372 847 Jesum
1416 791 1735 845 attraheret
1769 806 1781 843 :
1817 790 2039 845 docens
2061 804 2138 844 no

2309 806 2399 839 σαι
2451 789 2576 862 πρὸς
2627 789 2714 838 τὸν
2753 788 2980 853 Ἰησοῦν,
3025 782 3353 837 παιδεύουσα
3395 786 3543 856 ἡμᾶς,
3588 785 3692 835 ὃταν
3725 786 3830 835 ἐντύ-

542 901 680 941 cum
713 883 1045 955 spiritualia
1076 881 1235 937 nacti
1261 880 1567 943 fuerimus.
1602 879 1951 951 temporalia
1981 894 2133 934 cunc

2306 895 2483 948 χωμεν
2555 882 2945 947 πνευματικοῖς,
3019 876 3272 950 ὑπερορᾷν
3346 875 3537 926 πάντων
3585 882 3671 925 τῶν
3734 870 3828 944 βιω·

542 973 867 1045 despicere.

2307 972 2490 1017 τιχῶν.

614 1068 674 1117 Et
716 1062 902 1117 videte
949 1059 1213 1116 mulieris
1266 1058 1645 1130 sapientiam.
1701 1060 1827 1113 Non
1869 1058 2058 1113 dixit:
2096 1057 2199 1111 Ve-

2380 1058 2481 1106 Καὶ
2541 1052 2638 1127 ὃρα
2691 1058 2873 1125 σοφίαν
2908 1057 3173 1124 γυναικός.
3227 1052 3336 1105 Οὐχ
3385 1048 3506 1117 εἷπε,
3534 1058 3683 1115 Δεῦτε,
3730 1047 3830 1103 iam

544 1152 682 1216 nite,
727 1150 915 1206 videte
956 1149 1276 1213 Christum,
1328 1164 1453 1203 cum
1496 1152 1699 1202 tamen
1754 1147 2016 1202 crederet
2067 1163 2139 1202 es:

2306 1144 2391 1193 τὸν
2464 1145 2711 1215 Χριστὸν,
2767 1146 2940 1195 καίτοι
3014 1144 3339 1194 πιστεύουσα
3413 1139 3488 1192 ὁτι
3559 1142 3581 1191 ὁ
3646 1145 3828 1211 Χριστός

545 1241 861 1303 Christum,
913 1254 985 1293 ne
1024 1238 1097 1293 de
1138 1235 1480 1308 hujusmodi
1525 1253 1583 1289 re
1616 1252 1649 1291 a
1691 1236 1887 1308 seipsa
1925 1235 2140 1305 judicat

2308 1231 2471 1296 ἐστιν,
2533 1233 2614 1283 ἵνα
2664 1237 2735 1304 μή
2793 1228 2922 1303 δόξῃ
2973 1236 3163 1305 κρίνειν
3217 1230 3300 1303 ἀφ’
3350 1233 3527 1291 ἑαυτῆς
3572 1236 3673 1300 περὶ
3724 1228 3832 1285 τηλι-

546 1327 843 1383 videretur
875 1343 885 1381 :
923 1326 1254 1381 maximum
1299 1324 1459 1379 enim
1495 1322 1806 1379 videbatur
1837 1339 2141 1393 cognosce]

2306 1318 2492 1373 κούτου
2558 1324 2882 1394 πράγματος
2962 1325 3210 1393 μέγιστον
3268 1322 3369 1393 γὰρ
3432 1315 3589 1371 ἐδόκει
3654 1322 3703 1369 τὸ
3756 1318 3834 1369 ἐπι-

544 1432 677 1471 eum
715 1416 815 1487 qui
851 1415 1331 1486 exspectabatur.
1387 1413 1489 1468 sed
1536 1412 1683 1467 alios
1736 1418 1908 1467 vocat
1948 1412 2139 1484 iudice

2305 1418 2498 1481 γνῶναι
2549 1414 2633 1463 τὸν
2687 1406 3138 1483 προσδοκώμενον·
3198 1407 3304 1461 ἀλλ’
3362 1408 3553 1481 ἐτέρους
3596 1406 3718 1458 καλεῖ
3754 1425 3834 1477 κρι-

549 1508 733 1577 thue
756 1505 884 1559 illos
913 1504 1105 1573 magis
1144 1503 1422 1568 attrahat,
1449 1502 1619 1557 offert
1649 1502 1733 1556 eis
1773 1502 1952 1556 veluti
1983 1518 2144 1573 quan

2239 1558 2273 1577 η
2307 1502 2415 1563 τὰς,
2466 1499 2548 1551 ἱνα
2594 1504 2685 1552 καὶ
2722 1498 2909 1570 μᾶλλον
2963 1498 3151 1560 αὐτούς
3203 1497 3576 1556 ἐπισπάσηται.
3631 1502 3834 1567 Προτιίνει

553 1558 579 1561 _
628 1558 725 1577 Γ-
940 1558 967 1559 κ
1004 1558 1050 1573 νυ
1172 1558 1175 1559 ,
1413 1558 1421 1568 ,
2002 1558 2021 1573 ι

543 1592 685 1649 dam
704 1609 925 1660 escam,
952 1608 1193 1647 suorum
1216 1591 1486 1646 videlicet
1514 1596 1889 1663 peccatorum
1920 1590 2138 1644 delecti

2239 1558 2278 1612 Β
2310 1584 2367 1640 δὲ
2428 1591 2646 1651 τούτοις,
2707 1590 2938 1660 καθάπερ
2992 1607 3043 1639 τι
3117 1584 3317 1660 δέλεαρ,
3411 1592 3501 1644 τὴν
3571 1584 3834 1652 ἀποκάλυψιν

542 1698 702 1736 nem.
739 1681 966 1738 Sciebat
996 1680 1355 1751 enim,quod
1393 1680 1438 1734 si
1466 1679 1941 1734 sermonesillius
1978 1679 2064 1733 vel
2097 1696 2137 1731 Si

2308 1685 2407 1728 τῶν
2480 1674 2622 1729 ἰδίων
2682 1678 2972 1751 ἁμαρτιῶν.
3039 1676 3316 1746 Ἐγίνωσκε
3374 1679 3468 1749 γὰρ
3537 1678 3599 1735 ὡς
3648 1674 3684 1726 εἰ
3722 1678 3834 1745 μόνον

541 1770 665 1826 lum
696 1775 1021 1840 gustarent,
1060 1771 1332 1841 protinus
1372 1774 1429 1824 et
1468 1768 1579 1841 ipsi
1622 1769 2004 1823 irretirentur.
2036 1768 2134 1822 Nu

2306 1767 2597 1835 γεύσωνται
2670 1775 2769 1817 τῶν
2816 1766 2981 1837 λόγων
3032 1766 3214 1833 αὐτοῦ,
3275 1767 3720 1836 σαγηνευθησονται
3770 1766 3836 1813 καὶ

544 1860 639 1916 hic
667 1867 741 1917 est
789 1859 1052 1915 Christus
1085 1857 1111 1911 ?
1140 1860 1250 1913 hoc
1290 1867 1391 1922 est,
1428 1860 1576 1914 Num
1608 1856 1877 1911 fortassis
1910 1857 2005 1911 hic
2050 1863 2139 1912 est

2308 1854 2455 1906 αὐτοὶ
2520 1859 2835 1929 παραυτίκα.
2916 1858 2985 1907 Τὸ
3065 1852 3143 1917 δὲ,
3224 1859 3371 1912 Μήτι
3450 1854 3584 1915 οὗτος
3644 1853 3758 1905 ἐστιν
3819 1851 3836 1901 ὁ

542 1952 693 2005 Nam
734 1948 1065 2005 haesitando
1093 1947 1371 2019 loquitur,
1403 1953 1690 2019 tanquam
1723 1946 2112 2009 addubitans,

2307 1947 2574 2016 Χριστός;
2636 1942 2749 1996 ἀντὶ
2821 1952 2935 2007 του,
2997 1950 3211 2000 Μήποτε
3296 1944 3447 2005 οὗτος
3510 1943 3673 2005 inm;
3728 1940 3837 1992 ἰ’ποο

543 2036 616 2091 ab
644 2034 758 2089 illis
789 2033 961 2089 detur
994 2032 1305 2088 sententia.

2306 2037 2535 2107 κρίνεται
2587 2035 2711 2107 γὰρ,
2767 2034 2871 2085 οἷον
2946 2028 3325 2103 ἐπιδιστάζων,
3382 2032 3509 2084 ὥστε
3551 2029 3657 2103 παρ’
3709 2029 3836 2081 αὐτῶν

2305 2123 2544 2191 γενέσθαι
2577 2126 2669 2179 τὴν
2699 2127 2894 2195 κρίσιν.

606 2213 763 2266 Vers.
791 2216 879 2268 30.
918 2210 1232 2267 Exierunt.
1281 2240 1347 2249 —
1380 2210 1539 2263 Vers.
1581 2208 1668 2263 31.
1705 2208 1955 2267 Comede.
1988 2209 2195 2265 Viden-

2375 2208 2617 2272 Ἐξῆλθον
2691 2241 2761 2251 -
2833 2212 2982 2282 φάγε.
3045 2210 3295 2285 Ὀρῶντες
3374 2210 3523 2262 αὐτὸν
3573 2212 3832 2279 κεκμηκότα,

543 2307 626 2354 tes
679 2316 813 2354 eum
862 2301 936 2354 ab
979 2299 1184 2353 itinere
1236 2296 1553 2363 defessum,
1609 2303 1666 2352 et
1718 2297 1792 2353 ab
1846 2298 2132 2353 imminen

2305 2300 2405 2351 ὑπὸ
2448 2318 2501 2350 τε
2550 2306 2638 2359 τῆς
2665 2295 2971 2374 ὁδοιπορίας
3026 2306 3117 2351 καὶ
3174 2309 3267 2360 τῆς
3322 2298 3625 2371 ἐπικειμένης
3670 2296 3836 2354 ἡλιακῆς

540 2389 716 2444 solari
767 2388 1000 2452 ardore,
1042 2387 1336 2457 rogabant
1383 2402 1541 2441 eum.
1590 2389 1738 2443 Nam
1790 2388 1901 2443 hoc
1959 2387 2017 2442 in
2062 2388 2135 2443 loc

2306 2388 2511 2459 φλογὸς,
2546 2389 2760 2463 ἠρώτων
2791 2388 2969 2453 αὐτὸν,
3004 2389 3117 2446 ἢτοι
3148 2389 3471 2462 παρεκάλουν
3500 2394 3676 2459 φαγεῖν
3717 2391 3832 2436 τοῦτο

538 2478 749 2550 ἠρώτων
784 2477 944 2531 idem
990 2476 1310 2544 signiﬁcat,
1365 2476 1529 2547 quod
1575 2477 2079 2544 deprecabantur;
2132 2494 2133 2529 :

1719 2478 2040 2531 'ecabantur
2066 2495 2079 2541 ;
2132 2476 2190 2531 id
2306 2473 2364 2529 δὲ
2394 2477 2760 2549 φιλοστοργίας
2787 2474 2866 2542 ἧν,
2902 2477 2960 2529 οὗ
2987 2482 3314 2550 προπετείας.

537 2573 738 2622 autem
775 2565 1142 2621 vehementis
1170 2571 1255 2619 est
1297 2564 1539 2632 amoris,
1586 2580 1704 2619 non
1746 2567 2115 2621 temeritatis.

2371 2566 2429 2618 Ὁ
2479 2563 2537 2618 δὲ
2588 2596 2650 2606 -—
2709 2574 2920 2637 payeiv;
2975 2567 3141 2628 Αὐτὸς
3192 2570 3282 2639 μεν
3362 2566 3552 2640 βρῶσιν
3603 2564 3717 2635 ἔλεγε
3763 2567 3830 2617 τὴν

608 2657 775 2711 Vers.
806 2658 893 2711 32.
926 2656 1009 2709 At
1038 2654 1142 2710 ille
1170 2684 1239 2694 —
1278 2654 1442 2708 Vers.
1466 2658 1552 2709 33.
1588 2654 1754 2720 Quod
1771 2654 1963 2711 ederet
1995 2655 2022 2709 ‘I
2059 2660 2188 2726 Ipse

2304 2661 2565 2728 σωτηρίαν
2622 2664 2721 2707 τῶν
2780 2654 3079 2729 ἀνθρώπων·
3133 2658 3181 2707 οὶ
3218 2658 3456 2727 μαθηταὶ
3505 2651 3558 2708 δε
3593 2658 3695 2725 περὶ
3727 2649 3827 2722 βρώ-

535 2746 780 2818 quidem
795 2745 994 2800 cibum
1014 2743 1266 2810 dicebat,
1286 2743 1597 2798 hominum
1616 2744 1897 2814 salutem;
1916 2744 2130 2815 discipt

2305 2763 2432 2806 σεως
2487 2745 2746 2805 αἰσθητῆς
2806 2753 3035 2805 νοοῦντες
3098 2744 3361 2817 ἀποροῦσι
3429 2748 3552 2818 πρὸς
3605 2742 3824 2799 ἀλλήλους·

537 2851 673 2890 vero
700 2834 774 2889 de
804 2834 939 2889 cibo
971 2832 1227 2887 sensibili
1273 2831 1686 2900 intelligentes,
1724 2831 2004 2887 haesitant
2039 2834 2132 2888 ἱυιι

2299 2833 2618 2891 ηὐλαϐοῡντο
2643 2836 2744 2908 γὰρ
2776 2833 2961 2887 ἐκεῖνον
2992 2832 3272 2907 ἐρωτῆσαι.
3315 2838 3503 2887 Λοιπὸν
3524 2828 3604 2884 οὖν
3624 2830 3829 2904 ἐρμηνεὸει

539 2940 602 2979 se
640 2940 651 2979 :
687 2938 829 2978 nam
855 2922 1020 2976 illum
1052 2921 1417 2989 interrogare
1444 2920 1817 2975 verebantur.
1854 2924 2015 2976 Tunc
2045 2937 2186 2992 ergo
2228 2914 2269 2968 Ο
2298 2926 2388 2975 τὸν
2412 2923 2583 2994 λόγον.

537 3013 788 3068 verbum
826 3013 1261 3081 interpretatur.

2370 3017 2521 3084 Λέγει
2578 3042 2647 3053 -
2703 3014 2869 3087 ἔργον.
2946 3012 3162 3084 Θέλημα
3215 3009 3311 3064 τοῦ
3378 3010 3649 3085 πέμψαντος
3714 3006 3828 3057 αὐτὸν

610 3100 769 3155 Vers.
813 3103 898 3154 34.
955 3098 1108 3152 Dicit
1152 3128 1219 3137 —
1253 3113 1419 3166 opus.
1472 3097 1755 3153 Voluntas
1813 3098 2023 3165 Patris,
2081 3101 2185 3172 qui

2300 3104 2522 3176 Πατρός,
2566 3106 2655 3154 καὶ
2704 3105 2849 3174 ἔργον
2896 3101 3057 3153 αὐτοῦ
3105 3100 3343 3173 ἐπιταγὲν
3387 3101 3538 3170 αὐτῷ,
3581 3102 3607 3156 ἠ
3644 3098 3828 3167 σωτηρία

537 3191 739 3261 ipsum
773 3190 1033 3251 miserat,
1075 3194 1130 3241 et
1167 3203 1319 3257 opus
1358 3186 1514 3240 illius
1547 3186 1776 3242 Christo
1826 3188 2132 3257 injunctuu

2294 3201 2390 3243 τῶν
2448 3189 2746 3263 ἀνθρώπων.
2823 3193 3031 3248 Ταύτην
3089 3187 3147 3243 δὲ
3223 3188 3429 3265 βρῶσιν
3479 3191 3645 3242 ἑαυτοῦ
3696 3183 3824 3244 καλεῖ,

538 3280 698 3334 salus
760 3283 863 3359 est~
894 3277 1206 3331 hominum
1251 3292 1263 3329 :
1309 3276 1464 3330 hanc
1512 3282 1710 3329 autem
1762 3282 1930 3331 vocat
1983 3278 2133 3332 cibul

2298 3276 2390 3332 διὰ
2444 3288 2539 3340 τῆς
2588 3278 2769 3342 λέξεως
2844 3282 3037 3341 ταύτης
3113 3278 3373 3351 ἐμφαίνων
3452 3286 3539 3336 τήν
3606 3276 3825 3343 ἐπιθυμίαν

539 3386 737 3439 suum,
784 3369 1108 3423 ostendens
1139 3381 1241 3436 per
1298 3367 1454 3421 hanc
1510 3381 1720 3420 vocem
1791 3366 2134 3422 desiderium

2294 3377 2388 3431 τῆς
2440 3373 2702 3440 σωτηρίοις
2753 3376 2851 3420 τῶν
2900 3366 3201 3440 ἀνθρώπων.
3233 3367 3436 3441 ⁸Ωσπερ
3477 3370 3572 3439 γὰρ
3616 3366 3826 3437 ὁτρώγων

535 3458 698 3530 quod
729 3457 802 3511 de
842 3457 1155 3512 hominum
1192 3454 1443 3510 habebat
1480 3455 1689 3509 salute.
1724 3458 1870 3510 Nam
1904 3457 2051 3512 sicut
2080 3474 2130 3529 qi

2294 3457 2534 3529 ἐπιθυμεῖ
2578 3465 2667 3517 τῆς
2726 3455 2992 3530 βρώσεως,
3045 3458 3181 3509 οὕτω
3236 3462 3331 3509 καὶ
3380 3457 3527 3516 αὐτὸς
3575 3463 3653 3513 τῆς
3697 3467 3822 3504 σωτη-

534 3547 675 3612 edit,
709 3546 908 3600 cibum
940 3543 1305 3614 concupiscit
1347 3560 1359 3597 :
1394 3543 1475 3597 ita
1505 3548 1561 3599 et
1585 3544 1709 3615 ipse
1742 3544 2055 3600 hominum
2091 3564 2129 3599 Si

2292 3551 2411 3619 ρίας
2462 3547 2628 3617 ἡμῶν.
2682 3548 2984 3618 [πεμφθῆναι
3028 3542 3086 3598 δε
3146 3548 3293 3620 παρὰ
3347 3553 3439 3597 τοῦ
3473 3546 3651 3615 Πατρός
3688 3556 3821 3610 φησιν,

533 3635 739 3690 lutem.
770 3632 916 3687 Dicit
960 3636 1161 3687 autem
1208 3647 1271 3685 se
1320 3647 1355 3686 a
1396 3632 1561 3685 Patre
1607 3634 1865 3699 missum,
1920 3635 2009 3689 vel
2060 3640 2128 3690 ta:

2292 3636 2359 3695 ὡς
2388 3635 2678 3709 ἅνθρωπος,
2721 3639 2749 3692 ἦ
2792 3640 2879 3686 καὶ
2911 3637 2975 3695 ὡς
3007 3640 3172 3706 Λόγος
3203 3633 3257 3687 ἐκ
3291 3642 3382 3688 τοῦ
3411 3639 3714 3706 γεννήσαντος
3742 3632 3823 3690 νθῧ)

533 3738 717 3794 quam
736 3721 938 3785 homo,
967 3720 1055 3775 vel
1077 3719 1231 3773 sicut
1246 3719 1500 3773 Verbum
1515 3721 1675 3790 quod
1694 3737 1727 3776 a
1744 3724 1905 3778 Patre
1929 3738 2128 3793 genere

1515 3721 1675 3790 quod
1694 3724 1905 3778 aPatre
1929 3738 2181 3793 genera-
2292 3726 2321 3780 ἤ
2348 3728 2436 3775 καὶ
2475 3727 2543 3785 ὡς
2565 3732 2727 3795 τιμῶν
2760 3727 2846 3776 τὸν
2874 3725 3105 3797 Πατέρα.

532 3817 647 3873 tur,
680 3809 767 3864 vel
798 3808 952 3864 Patri
981 3809 1271 3864 honorem
1302 3808 1646 3864 deferendo.

2363 3812 2485 3884 Οὐχ
2537 3843 2601 3854 ·-
2631 3810 2760 3872 ἤδη.
2816 3815 2881 3866 Οἱ
2932 3815 3166 3885 μαθηταὶ
3209 3816 3303 3884 μὲν
3352 3818 3469 3883 περὶ
3510 3818 3590 3864 τοῦ
3625 3807 3821 3863 αἰσθητοῦ

602 3899 764 3953 Vers.
817 3898 905 3952 35.
970 3898 1173 3953 Nonne
1237 3928 1305 3937 —
1362 3898 1510 3966 jam.
1592 3899 1871 3971 Discipuli
1933 3902 2181 3973 quidem

2293 3904 2541 3973 θερισμοῦ
2612 3902 2801 3973 ἔλεγον·
2878 3902 3031 3962 αὐτὸς
3103 3898 3161 3954 δὲ
3231 3910 3324 3953 νῦν
3397 3906 3513 3975 περὶ
3562 3905 3643 3950 τοῦ
3685 3896 3822 3949 νοητοῦ

530 3988 605 4045 de
657 3986 916 4043 sensibili
950 4001 1146 4042 messe
1194 3985 1490 4051 dicebant,
1542 3988 1666 4057 ipse
1699 4004 1837 4045 vero
1875 3989 1949 4045 de
2019 3992 2125 4046 inte

2291 4010 2441 4062 φησι,
2516 3996 2606 4043 καὶ
2685 3988 2923 4043 δείκνυσι
2979 3998 3160 4044 τοῦτον
3229 3990 3504 4044 ἐνεστῶτα·
3552 3992 3708 4060 χώρας
3757 3982 3818 4052 μὲν

529 4076 767 4134 lectuali
814 4092 974 4131 nunc
1020 4075 1302 4146 loquitur,
1353 4081 1408 4129 et
1444 4075 1600 4131 hanc
1632 4078 1891 4133 ostendit
1939 4078 2124 4135 instar

2291 4079 2555 4151 ὀνομάζων
2608 4082 2673 4131 τὰ
2722 4078 2959 4132 δείκνυσι
3012 4088 3190 4132 τοῦτον
3244 4082 3517 4132 ἐνεστῶτα·
3572 4078 3721 4148 χάρις
3757 4072 3820 4138 μέν

531 4167 824 4237 Regiones
870 4163 1180 4237 appellans
1220 4164 1658 4220 multitudinem
1700 4168 2062 4225 venientium
2102 4186 2126 4225 ε

2291 4169 2555 4241 ὀνομάζων
2590 4172 2657 4222 τὰ
2710 4170 2881 4228 πλήθη
2926 4178 3026 4221 τῶν
3069 4168 3365 4244 ἐρχομένων
3419 4164 3519 4227 ἤδη
3570 4159 3816 4240 πρόςιῦτόν

530 4272 591 4311 se
642 4254 1199 4320 Samaritanorum;
1233 4253 1402 4308 albas
1452 4260 1651 4308 autem
1692 4256 1831 4312 dicit
1882 4272 2002 4325 eas,
2049 4265 2125 4313 tai

2223 4268 2259 4323 D
2292 4266 2639 4333 Σαμαρειτῶν
2700 4258 2880 4319 λευκὰς
2938 4255 2996 4310 δι
3061 4258 3224 4318 αὑτὰς
3282 4258 3471 4321 καλῶν,
3530 4258 3589 4315 ὡς
3639 4253 3818 4320 ἑτοίμους

529 4362 715 4417 quam
748 4343 822 4400 ad
850 4343 1033 4398 ﬁdem
1078 4348 1320 4414 paratos
1351 4342 1504 4399 illos.
1556 4344 1717 4399 Nam
1742 4350 1794 4399 et
1826 4344 1977 4400 ﬁdes
2026 4364 2119 4403 me

2290 4352 2414 4422 πρὸς
2464 4353 2660 4401 πίστιν.
2717 4351 2981 4421 Θερισμὸς
3017 4350 3119 4421 γὰρ
3164 4352 3255 4399 καὶ
3309 4349 3565 4409 ἣπίστις,
3597 4340 3814 4411 θερίζονσε

533 4434 614 4489 sis
669 4438 778 4496 est,
828 4449 965 4505 quas
1013 4433 1087 4488 ab
1131 4432 1472 4486 inﬁdelitate
1523 4433 1755 4487 metitur
1807 4436 1893 4488 vel
1942 4452 2128 4507 separ:

2290 4436 2391 4489 ἀπὸ
2421 4445 2514 4499 τῆς
2561 4437 2672 4507 (73)
2723 4435 2992 4503 ἀπιστίας,
3047 4441 3136 4489 καὶ
3183 4437 3583 4508 συγκομίζουσα
3610 4432 3717 4503 πρὸς
3755 4428 3812 4475 τὸν

532 4528 643 4588 tur,
695 4526 753 4575 et
800 4521 1103 4576 confertur
1150 4520 1227 4576 ad
1279 4520 1601 4576 Christum.
1653 4524 2127 4586 Quemadmodu:

2290 4530 2533 4600 Χριστὸν.
2592 4525 2789 4598 ’Ὠσπερ
2838 4530 2938 4601 γὰρ
2992 4528 3057 4578 τὰ
3107 4525 3265 4577 λευκά
3310 4520 3482 4596 γήδια
3525 4523 3681 4591 ἕτοιμα
3722 4515 3810 4583 πρὸς

529 4609 688 4664 enim
730 4608 880 4664 albae
920 4614 1149 4677 segetes
1193 4614 1415 4682 paratas
1459 4614 1599 4664 sunt
1638 4610 1712 4665 ad
1776 4628 2048 4678 messem,
2099 4616 2124 4671 i‘

1920 4630 2048 4678 sem,
2099 4616 2180 4671 ita
2292 4616 2535 4689 θερισμόν
2566 4615 2717 4685 εἰσιν,
2740 4614 2875 4667 οὑτω
2904 4613 3131 4667 κάκεῖνοι
3161 4617 3293 4689 πρὸς
3318 4619 3515 4667 πίστιν.

530 4702 585 4751 et
626 4696 706 4750 illi
755 4695 833 4750 ad
876 4697 1075 4751 ﬁdem.

470 4864 475 4869 ﬁ
598 4783 767 4841 Vers.
830 4784 916 4839 36.
973 4785 1047 4839 Et
1092 4816 1161 4826 ——
1228 4786 1461 4855 accipit.
1524 4790 1585 4842 Et
1640 4790 1741 4860 qui
1797 4790 1940 4846 tales
2014 4810 2065 4847 m

2361 4796 2462 4845 Καὶ
2503 4823 2571 4833 -
2627 4791 2897 4865 λαμϐάνει.
2946 4796 3046 4845 Καὶ
3094 4793 3119 4843 ὁ
3176 4792 3395 4863 θερίζων
3433 4790 3651 4844 τοιαύτας
3673 4782 3805 4851 χώρας

527 4874 819 4944 regiones,
857 4874 1299 4929 retributionem
1355 4893 1389 4931 a
1451 4880 1564 4932 Deo
1597 4879 1822 4938 sumit:
1872 4882 2122 4938 univers;

2291 4882 2511 4954 ἀμοιϐὴν
2542 4884 2596 4934 ἑκ
2628 4864 2760 4936 Θεοῦ
2788 4880 3055 4954 λαμϐάνει.
3089 4880 3507 4950 Καθολιχωτερον
3530 4879 3618 4948 γὰρ
3644 4864 3804 4921 ἐντανθι

524 4964 637 5019 lius
677 4979 936 5034 namque
990 4962 1250 5034 loquitur
1280 4966 1372 5019 hic
1405 4966 1478 5020 de
1534 4969 1818 5023 omnibus
1853 4972 2119 5027 Samarit;

2289 4977 2403 5045 περὶ
2434 4974 2637 5024 πάντων
2666 4975 2797 5044 λέγει
2828 4980 2926 5023 τῶν
2956 4971 3235 5044 μελλόντων
3269 4972 3529 5022 πιστεύειν
3553 4958 3801 5034 Σαμαρειώ

525 5051 619 5109 nis
649 5067 719 5109 ac
749 5052 989 5117 Iudaeis,
1015 5051 1113 5124 qui
1148 5059 1315 5108 erant
1342 5054 1643 5111 credituri.

1088 5051 1113 5106 ιί
1148 5059 1315 5108 erant
1342 5054 1643 5111 credituri.
2291 5067 2378 5113 καὶ
2397 5058 2683 5117 Ἰουδαίων.

602 5144 757 5197 Vers.
814 5141 899 5197 36.
932 5142 999 5196 Et
1046 5172 1115 5183 —-
1153 5148 1457 5199 aeternam.
1510 5145 1617 5209 Qui
1666 5147 2009 5205 sensibilem
2062 5166 2181 5206 me-

2366 5157 2465 5204 Καὶ
2512 5182 2580 5193 -
2625 5151 2850 5207 αἰώνιον.
2880 5148 2938 5203 Ὀ
2986 5152 3075 5223 μεν
3136 5151 3353 5224 θερίζων
3400 5144 3628 5204 αἰσθητὸν
3647 5129 3795 5224 ricini";

526 5230 593 5289 tit
633 5244 865 5301 agrum,
900 5235 1223 5303 congregat
1269 5230 1526 5288 fructum
1567 5233 1644 5290 ad
1680 5234 1858 5292 vitam
1909 5241 2118 5311 tenpor

2294 5242 2504 5311 συνάγει
2544 5243 2743 5314 καρπὸν
2790 5242 2861 5301 εἰς
2909 5239 3047 5302 ζωὴν
3099 5242 3447 5315 πρόσκαιρον·
3502 5234 3633 5292 οὗτος
3672 5222 3717 5279 δί
3748 5216 3795 5276 εἷς

525 5318 664 5389 lem,
694 5320 789 5377 hic
815 5327 1014 5378 autem
1043 5319 1121 5378 ad
1150 5320 1333 5378 vitam
1376 5326 1684 5383 (sternam.

1088 5319 1121 5378 d
1150 5320 1333 5378 vitam
1376 5326 1684 5383 (sternam.
2294 5330 2432 5391 ζωὴν
2460 5329 2683 5385 αἰωνιον.

1726 5513 1948 5588 Variae
1986 5515 2314 5587 lectiones
2365 5527 2431 5586 et
2482 5527 2682 5587 notae.

594 5653 708 5740 (73)
739 5668 842 5727 τῆς
880 5663 1093 5723 omittit
1122 5653 1182 5724 ﬂ.
