4038 6226
267 252 392 310 1201

330 379 436 432 Ἵνα
520 410 587 418 -
659 379 895 452 θερίζων.

260 472 491 522 τοιούτου
518 476 741 540 καρποῦ,
771 473 860 521 καὶ
886 470 912 520 6
944 473 1162 542 σπείρας
1186 470 1316 542 ὁμοῦ
1341 474 1508 543 χαίρῃ
1537 475 1626 522 καὶ
1665 472 1689 521 ό
1718 471 1826 542 θερί
1838 500 1855 510 -

261 579 372 625 σας,
413 557 689 631 βλέποντες
727 559 879 610 αὐτὸν
911 561 1242 630 συναχθέντα
1281 559 1404 624 ἐκεῖ,
1442 564 1532 611 καὶ
1561 564 1679 621 τοὺς
1729 561 1854 632 ύπερ

258 649 416 700 αὐτοῦ
457 649 681 720 μισθοὺς
711 648 842 720 ὁμοῦ
871 648 1226 720 κομιζόμενοι,
1253 649 1279 700 6
1308 651 1398 721 μεν
1442 650 1510 709 ὡς
1546 653 1781 722 σπείρας,
1830 649 1856 700 6

262 735 321 791 δε
350 739 420 798 ὡς
451 738 683 813 θερίσας.

329 920 618 990 Σπείροντες
669 918 759 987 μὲν
825 911 914 968 οὖν
966 915 1096 969 εἰσιν
1152 918 1201 969 οἱ
1275 924 1555 991 προφῆται,
1623 925 1856 980 Μωυσῆς

255 1008 341 1056 καὶ
387 1006 436 1057 οἱ
482 1007 591 1077 μετ’
649 1004 855 1072 ἐκεῖνον,
919 1002 1004 1058 οἶα
1062 1011 1360 1076 σπείραντες
1408 1009 1502 1068 τὰς
1554 1012 1672 1082 περὶ
1729 1015 1856 1082 Χρι-

258 1101 384 1146 στοῦ
441 1093 763 1169 προρρήσεις,
829 1095 1110 1170 θερίζοντες
1163 1093 1221 1148 δὲ
1277 1098 1325 1148 οἱ
1380 1095 1682 1150 ἀπόστολον
1718 1098 1855 1169 θερί-

258 1201 438 1244 σαντες
519 1187 635 1244 τοὺς
700 1183 1002 1259 ἀνθρώπους
1077 1183 1176 1237 ἀπὸ
1245 1195 1340 1248 τῆς
1420 1184 1683 1250 ἀπιστίας,
1769 1190 1858 1238 καὶ

262 1276 669 1343 συγκομίσαντες
753 1273 825 1335 εἰς
906 1276 999 1337 τὰς
1091 1272 1362 1337 ἀποθήκας
1445 1284 1543 1326 τῶν

256 1369 481 1418 σκηνῶν.

323 1449 408 1503 Ἐν
456 1480 524 1490 -
572 1451 806 1524 θερίζων.
857 1458 915 1504 '0
960 1451 1110 1523 λόγος
1147 1453 1173 1504 6
1234 1451 1475 1516 ἀληθινὸς
1527 1462 1618 1514 τῆς
1672 1472 1859 1526 παροι-

252 1544 398 1611 μίας.

1637 1275 1856 1327 αἰωνίων

321 1628 460 1700 Ἐγὼ
515 1660 584 1670 -
648 1631 1010 1684 κεκοπιάκατε.
1097 1631 1184 1691 Εἰς
1236 1632 1262 1684 ὃ
1323 1631 1428 1704 οὐχ
1503 1634 1650 1704 ὑμεῖς
1709 1650 1856 1684 κεκο-

251 1737 498 1774 πιακατε.

319 1806 502 1860 ’Δλλοι
581 1839 651 1848 -
714 1807 1092 1867 εἰσεληλύθατε.
1151 1815 1328 1862 Ταῦτα
1407 1809 1542 1881 λέγει
1609 1807 1855 1862 δεικνύων

251 1898 330 1948 ὅτι
382 1900 445 1948 τὸ
504 1895 834 1971 ἐγχειρισθεν
887 1900 1088 1958 τούτοις
1139 1901 1308 1972 ἔργον,
1363 1896 1549 1972 ῥᾴδιόν
1601 1897 1714 1951 ἐστι
1765 1902 1854 1950 καὶ

249 1985 476 2050 εὔκολον,
551 1991 640 2038 καὶ
694 1989 882 2059 θάρσος
938 1987 1114 2049 αὐτοῖς
1171 1986 1396 2039 ἐντεῦθεν
1450 1987 1732 2056 ἐμϐάλλων,
1791 1991 1856 2048 ὡς

250 2082 338 2126 τοῦ
408 2074 786 2148 έπιπονωτέρου
851 2079 1284 2148 προανυσθέντος.
1341 2079 1410 2131 Τὸ
1475 2082 1701 2149 σπείρειν
1762 2081 1852 2149 μεν

248 2165 344 2238 γὰρ
403 2165 537 2235 μετὰ
589 2168 747 2216 πόνου
802 2169 892 2217 καὶ
950 2161 1191 2239 βραδέως
1241 2169 1462 2236 γίνεται,
1516 2169 1573 2217 τὸ
1634 2166 1852 2239 θερίζειν

249 2250 305 2304 δὲ
333 2255 468 2324 μετὰ
508 2250 725 2315 ἀνέσεως
754 2258 843 2305 καὶ
877 2257 1100 2324 ταχέως·
1143 2257 1232 2305 καὶ
1264 2261 1352 2306 τοῦ
1395 2257 1590 2328 σπόρου
1622 2257 1767 2326 ἔργον
1792 2257 1850 2306 τὸ

250 2342 394 2416 θέρος
407 2386 420 2398 ,

312 2438 604 2504 Τροπικαίς
662 2427 721 2484 δὲ
775 2437 864 2484 καὶ
915 2439 1288 2505 μεταφορικαίς
1353 2435 1613 2504 κέχρηται
1682 2431 1849 2496 λέξεσι

245 2520 518 2591 πολλαχοῦ
569 2528 661 2572 τοῦ
727 2520 1068 2592 Εύαγγελίου,
1128 2529 1286 2574 ποιῶν
1345 2526 1438 2579 τὴν
1493 2517 1848 2574 διδασκαλίαν

245 2607 715 2683 ἰμςοαντικωτέραν,
755 2615 846 2662 καὶ
893 2615 984 2668 τὴν
1024 2615 1232 2683 μνήμην
1279 2619 1380 2662 τῶν
1431 2609 1710 2681 λεγομένων
1759 2630 1850 2682 μο-

239 2701 548 2772 νιμωτέραν,
610 2695 699 2750 διὰ
755 2707 855 2751 τῶν
916 2703 1185 2773 γνωρίμων
1253 2699 1458 2751 εἰκόνων
1536 2704 1626 2751 καὶ
1682 2719 1847 2774 παρα-

240 2783 540 2859 δειγμάτων
593 2795 690 2847 τῆς
736 2787 851 2858 (74)
906 2792 996 2859 μὲν
1041 2784 1294 2860 ἠδύτερον
1341 2784 1682 2861 εἰσδυομένης
1730 2796 1847 2849 ταῖς

238 2875 446 2945 ἀκοαῖς,
514 2883 628 2936 τῆς
691 2876 804 2948 (⁸75)
860 2873 916 2928 δὲ
995 2875 1280 2951 βαθύτερον
1339 2876 1708 2949 ἐντυπουμένης
1780 2886 1840 2950 τῇ

237 2962 460 3040 καρδὶᾳ.
493 2969 592 3018 Καὶ
619 2965 849 3023 αἰσθητὰ
879 2968 966 3037 μὲν
995 2969 1060 3018 τὰ
1083 2967 1311 3041 ῥήματα,
1349 2969 1672 3039 πνευματικὰ
1703 2963 1761 3018 δὲ
1781 2970 1845 3019 τὰ

235 3061 498 3126 νοήματα.

306 3144 397 3198 Ἐκ
431 3175 492 3184 -—
524 3141 766 3201 ἐποίησα.
804 3144 980 3196 Πάντα
1007 3147 1194 3202 νόησον
1225 3147 1290 3196 τὰ
1318 3148 1434 3216 περὶ
1463 3148 1584 3206 τοὺς
1622 3142 1840 3219 ἄνδρας,

234 3239 320 3286 καὶ
349 3237 447 3285 τὸν
476 3232 572 3286 οὐκ
602 3228 790 3308 ἄνδρα.
828 3231 893 3285 Ἤ
923 3237 1014 3285 καὶ
1038 3232 1167 3285 σῦλα
1191 3236 1320 3296 ἴσως
1346 3232 1478 3286 εἶπεν
1505 3235 1634 3306 αὐτῇ
1684 3234 1842 3286 πολλὰ

234 3325 585 3397 κεκρυμμένα.

301 3499 385 3561 Ὠς
428 3531 489 3538 -
514 3499 636 3576 παρ’
668 3500 844 3562 αὐτοῖς
870 3499 1006 3573 (76).
1044 3500 1370 3576 Παρεκάλουν
1395 3501 1573 3560 αὐτόν,

307 3773 411 3822 Καὶ
445 3798 511 3808 --
544 3767 725 3821 αὐτοῦ.
756 3771 854 3820 Τὸν
879 3776 974 3830 τῆς
1003 3763 1375 3830 διδασκαλίας.

301 3953 376 4020 Τῇ
421 3978 484 3986 —
531 3950 783 4018 Χριστός.
831 3946 917 4009 Ἐξ
958 3947 1025 3997 ὧν
1074 3950 1306 4005 ἤκουσαν
1345 3945 1504 3998 αὐτοῦ
1549 3942 1837 3998 διδάσκον-

235 4056 340 4107 τος,
404 4038 636 4107 ἔγνωσαν
693 4037 772 4088 ὅτι
820 4035 965 4096 οὗτός
1019 4034 1160 4088 ἔστιν
1214 4034 1415 4097 ἀληθῶς
1468 4037 1492 4086 6
1529 4039 1703 4107 Σωτὴρ
1747 4043 1840 4086 τοῦ

235 4130 462 4197 κόσμου,
494 4126 520 4177 6
567 4127 816 4197 Χριστὸς,
849 4127 949 4194 ὅτι,
998 4132 1088 4185 τῆς
1141 4125 1444 4196 οἰκουμένης
1494 4123 1836 4191 ἀπολωλυίας,

234 4212 385 4272 ἦλθεν
476 4214 621 4275 οὗτος
697 4222 869 4266 σῶσαι
945 4213 1128 4272 αὐτήν.
1225 4213 1701 4288 Εὐγνωμονέστεροι
1781 4211 1841 4265 δὲ

235 4304 409 4355 πολλῶ
437 4312 536 4355 τῶν
590 4300 860 4356 Ἰουδαίων
919 4306 969 4355 οἰ
1022 4310 1356 4377 Σαμαρεῖται.
1404 4303 1564 4354 Οὗτοι
1608 4307 1696 4375 μὲν
1751 4309 1840 4355 καὶ

235 4393 451 4456 ἐξῆλθον
515 4395 640 4464 πρὸς
709 4392 883 4454 αὑτὸν,
947 4397 1032 4444 καὶ
1084 4391 1405 4465 παρεκάλουν
1457 4392 1611 4444 αὐτόν
1672 4401 1842 4464 μεῖναι

233 4485 358 4557 παρ’
410 4481 608 4544 αὐτοῖς,
657 4484 748 4532 καὶ
786 4477 951 4552 μηδὲν
1011 4489 1222 4554 σημεῖον
1275 4479 1471 4544 ἰδόντες
1529 4480 1840 4534 ἐπίστευσαν

233 4570 305 4632 εἰς
346 4571 526 4623 αὐτόν’
576 4568 757 4622 ἐκεῖνοι
815 4567 876 4622 δὲ
919 4568 1199 4643 ἐρχόμενον
1245 4569 1435 4642 μᾶλλον
1483 4573 1612 4644 πρὸς
1654 4570 1844 4632 αὐτοὺς

233 4656 477 4725 ἐδίωκον,
527 4664 615 4711 καὶ
661 4657 868 4710 θέλοντα
909 4663 1072 4729 μένειν
1120 4657 1242 4731 παρ’
1293 4658 1466 4719 αὐτοῖς
1517 4657 1839 4731 ἐϐαρύνοντο,

230 4755 317 4802 καὶ
365 4747 534 4801 πολλὰ
579 4754 772 4821 σημεῖα
817 4745 1090 4819 βλέποντες
1145 4749 1424 4807 ἠπίστουν.
1469 4755 1586 4809 ιιὼς
1623 4744 1710 4800 οὖν
1769 4750 1842 4800 εἰ-

230 4842 321 4900 κός
415 4839 626 4898 τούτους
708 4832 1093 4912 παραδραμεῖν,
1173 4841 1201 4894 ἤ
1272 4842 1426 4898 ποίας
1483 4833 1839 4903 δικαιοσύνης,

230 4935 343 4990 τοίς
401 4930 492 5000 μεν
547 4932 770 4999 μισοῦσι
811 4923 1201 5000 προσεδρεύειν,
1259 4935 1357 4978 τῶν
1416 4922 1474 4979 δε
1528 4925 1842 4998 ἀγαπώντων

232 5011 521 5087 ἀποπηδᾷν
551 5031 564 5082 ;

1310 252 1683 314 COMMENT.
1725 255 1795 312 IN
1835 256 2194 316 JOANNEM.
2235 289 2300 299 —
2334 258 2496 317 CAP.
2539 260 2626 317 IV.

973 377 1104 448 Ἵνα,
1182 382 1535 452 συναχθέντος
1599 379 1704 434 ἐκεῖ
1766 389 1847 434 τοι]

2047 383 2206 438 Vers.
2246 384 2340 440 36.
2404 384 2474 442 Ut
2519 416 2573 427 -
2643 386 2750 457 qui
2806 390 2987 444 metit.
3019 389 3087 446 Ut
3147 394 3512 461 congregato
3541 390 3625 448 ibi

3488 263 3626 322 4‘202

1972 472 2070 527 tali
2121 472 2332 537 fructu,
2404 477 2462 528 et
2503 474 2599 546 qui
2655 474 2974 533 seminavit
3030 479 3205 535 simul
3257 480 3533 550 gaudeat,
3568 484 3626 537 et

1967 562 2070 633 qui
2106 563 2354 618 messuit
2411 580 2424 619 :
2485 564 2746 620 videntes
2787 565 3026 633 scilicet,
3080 583 3216 624 eum
3257 569 3337 624 ibi
3380 585 3626 640 congre-

1966 656 2186 720 gatum,
2248 668 2318 708 ac
2388 653 2726 708 mercedem
2806 670 2878 710 ex
2934 670 3004 710 eo
3085 656 3403 712 referentes
3475 658 3624 714 :ille

1963 739 2208 812 quidem
2262 746 2548 813 tanquam
2600 743 2706 815 qui
2763 744 3099 810 seminavit,
3143 747 3253 802 istu
3295 762 3437 804 vero
3477 746 3625 802 sicut

1963 830 2067 901 qui
2098 829 2360 885 messuit.

2037 919 2406 975 Seminantes
2430 919 2632 992 itaque
2669 924 2808 976 sunt
2845 921 3174 994 prophetae,
3214 925 3400 979 Moses
3437 928 3492 979 et
3519 924 3623 997 qui

1964 1014 2104 1080 post
2143 1006 2306 1064 illum
2355 1008 2615 1074 fuerunt,
2691 1014 2754 1064 ut
2804 1011 2908 1082 qui
2971 1011 3242 1066 vaticinia
3285 1012 3359 1067 de
3393 1011 3622 1070 Christo

1966 1096 2413 1152 seminaverunt
2438 1115 2451 1153 :
2497 1102 2782 1153 metentes
2808 1102 3006 1154 autem
3037 1100 3315 1171 apostoli,
3343 1101 3445 1172 qui
3474 1117 3625 1156 mes-

1966 1190 2213 1241 suerunt
2259 1185 2533 1242 homines
2565 1187 2644 1243 ab
2677 1186 3044 1254 inﬁdelitate,
3081 1204 3150 1244 ac
3201 1188 3518 1246 retulerunt
3545 1189 3622 1245 ad

1966 1273 2182 1331 horrea
2228 1280 2586 1331 aeternorum
2628 1274 3176 1334 tabernaculorum.

2041 1455 2197 1510 Vers.
2237 1458 2325 1510 37.
2367 1455 2436 1510 In
2465 1485 2531 1495 ——
2557 1455 2662 1528 qui
2698 1457 2882 1513 metit.
2910 1457 3094 1513 Verus
3121 1462 3208 1514 est
3238 1471 3437 1514 sermo
3479 1472 3619 1530 pro-

1967 1543 2176 1600 verbii.

2037 1635 2199 1688 Vers.
2233 1633 2321 1689 38.
2353 1633 2478 1704 Ego
2543 1665 2610 1675 —
2641 1633 2972 1692 laborastis.
3001 1633 3068 1691 Id
3121 1639 3234 1700 est,
3298 1635 3378 1693 ad
3458 1636 3617 1708 quod

1894 1739 1934 1792 Β
1967 1738 2075 1776 vos
2104 1737 2222 1778 non
2253 1721 2588 1779 laborastis.

1873 3088 1914 3144 C

1874 4443 1918 4498 D

2036 1812 2197 1866 Vers.
2245 1815 2332 1868 38.
2388 1812 2510 1868 Alii
2573 1845 2641 1853 —
2689 1812 2988 1870 introistis.
3046 1815 3177 1869 Haec
3230 1813 3390 1877 dicit,
3424 1818 3618 1871 osten-

1964 1899 2137 1968 dens,
2191 1900 2358 1972 quod
2416 1917 2572 1974 opus
2629 1901 2743 1957 illis
2802 1901 3193 1958 commissum
3237 1902 3407 1959 facile
3463 1908 3519 1960 et
3557 1904 3615 1959 in

1966 1993 2247 2061 promptu
2279 1995 2397 2058 est,_
2423 2006 2493 2046 ac
2532 1989 2952 2046 conﬁdentiam
2985 1990 3070 2045 eis
3108 1991 3242 2046 inde
3274 1990 3614 2060 immittens,

1967 2082 2164 2149 utpote
2215 2078 2472 2149 perfecto
2523 2094 2615 2144 eo,
2655 2079 2820 2152 quod
2884 2078 3240 2135 laboriosius
3282 2087 3387 2135 est.
3433 2080 3619 2137 Semi-

1961 2183 2099 2222 nare
2131 2183 2394 2240 namque
2434 2184 2569 2223 cum
2620 2167 2826 2224 labore
2879 2169 2944 2224 tit
2981 2172 3039 2223 et
3068 2168 3362 2235 tarditate,
3397 2176 3616 2226 metere

1962 2273 2101 2312 vero
2141 2272 2278 2312 cum
2311 2255 2514 2329 requie
2555 2263 2610 2313 et
2669 2257 2978 2314 velocitate
3013 2274 3025 2312 :
3087 2262 3143 2314 et
3182 2259 3463 2314 sementis
3499 2259 3616 2315 fru-

1960 2349 2088 2400 ctus
2113 2348 2203 2400 est
2226 2345 2459 2401 messis.

2033 2435 2391 2508 Frequenter
2439 2439 2638 2490 autem
2692 2450 2836 2490 usus
2867 2438 2955 2489 est
3005 2434 3062 2490 in
3121 2434 3438 2506 Evangelio
3464 2434 3616 2505 ﬁgu-

1957 2523 2159 2578 rativis
2217 2541 2284 2580 ac
2323 2522 2744 2594 metaphoricis
2777 2522 3159 2590 dictionibus,
3221 2523 3616 2580 eﬂicaciorem

1955 2613 2211 2670 reddens
2243 2612 2599 2679 doctrinam,
2649 2618 2704 2668 et
2737 2612 3092 2668 memoriam
3117 2628 3325 2668 eorum
3351 2629 3488 2684 quae
3525 2613 3614 2668 di-

1957 2708 2171 2757 cuntur
2258 2700 2648 2767 stabiliorem,
2714 2717 2817 2773 per
2864 2705 3038 2756 notas
3088 2700 3510 2756 similitudines
3561 2709 3616 2755 et

1955 2790 2230 2862 exempla
2265 2807 2276 2844 :
2306 2794 2434 2846 tum
2461 2791 2623 2862 quod
2651 2789 2980 2860 jucundius
3031 2789 3087 2844 id
3123 2790 3180 2844 in
3213 2805 3388 2844 aures
3414 2789 3614 2857 ingre-

1953 2879 2131 2944 ditur.
2185 2886 2308 2934 turn
2363 2878 2526 2951 quod
2582 2878 2938 2950 profundius
2989 2877 3151 2934 cordi
3204 2877 3612 2950 imprimitur;

1953 2973 2011 3024 et
2049 2984 2358 3024 sermones
2411 2967 2658 3040 quidem
2711 2972 2854 3023 sunt
2899 2967 3232 3033 sensibiles,
3285 2967 3614 3023 intellectus

1957 3075 2091 3114 vero
2122 3057 2474 3130 spirituales.

2025 3147 2186 3203 Vers.
2243 3147 2331 3204 39.
2377 3147 2478 3202 Ex
2527 3146 2758 3216 —feci.
2820 3147 3218 3218 Quaecunque,
3249 3145 3509 3216 intelligo
3538 3147 3613 3201 de

1956 3238 2113 3303 viris,
2171 3242 2227 3292 et
2280 3235 2354 3291 de
2437 3251 2508 3290 eo
2578 3235 2680 3307 qui
2743 3249 2864 3290 non
2942 3239 3067 3290 erat
3139 3235 3228 3289 vir
3267 3234 3420 3305 ejus.
3501 3238 3616 3290 Aut

1953 3327 2127 3382 etiam
2179 3325 2297 3381 alia
2349 3323 2615 3380 fortassis
2660 3322 2849 3381 multa
2918 3323 3066 3379 dixit
3141 3323 3216 3394 ei,
3269 3339 3406 3396 quae
3447 3328 3612 3378 erant
3691 3385 3698 3390 μ

1951 3415 2212 3472 occulta.

2027 3505 2188 3560 Vers.
2239 3507 2327 3559 40.
2370 3503 2509 3558 Cum
2570 3533 2639 3542 —
2695 3502 2854 3573 apud
2925 3517 2986 3558 se
3048 3500 3251 3572 ipsius.
3315 3501 3415 3556 Hic
3471 3516 3594 3556 rur-

1952 3611 2085 3650 sum
2147 3594 2378 3668 ἠρώτων,
2471 3592 2629 3649 idem
2713 3590 3024 3662 signiﬁcat.
3089 3591 3253 3664 quod
3356 3589 3612 3647 obsecra-

1953 3685 2184 3828 bac’zrs.
2253 3775 2338 3829 40.
2409 3772 2492 3828 Et
2577 3801 2646 3811 —
2714 3770 2880 3827 Vers.
2952 3769 3040 3825 41.
3099 3769 3316 3839 Ipsius.
3382 3769 3614 3824 Sermo-

1951 3879 2088 3917 nem
2119 3865 2315 3917 autem
2349 3861 2562 3932 ipsius,
2595 3859 2710 3915 hoc
2742 3865 2846 3924 est,
2880 3859 3215 3914 doctrinam
3251 3857 3431 3912 illius.

2023 3952 2180 4004 Vers.
2247 3953 2332 4004 42·
2393 3951 2469 4004 Et
2508 3979 2577 3990 —
2646 3947 2939 4004 Christus.
3009 3950 3089 4002 Ex
3151 3945 3245 4001 his
3303 3962 3434 4018 quae
3472 3961 3611 4000 eum

1950 4038 2263 4093 docentem
2359 4037 2732 4100 audiverant,
2798 4039 3205 4107 cognoverunt
3271 4033 3438 4106 quod
3516 4032 3609 4088 hic

1950 4143 2086 4182 vere
2133 4129 2294 4181 esset
2334 4124 2602 4180 Salvator
2645 4125 2852 4178 mundi
2905 4123 3190 4189 Christus,
3251 4121 3416 4193 quod
3468 4120 3610 4175 orbe

1953 4215 2180 4285 perdito
2231 4213 2492 4268 venisset
2544 4212 2643 4268 hic
2689 4218 2751 4267 ut
2806 4211 3005 4284 ipsum
3037 4209 3314 4265 salvaret.
3352 4201 3612 4265 Fuerunt

1950 4311 2151 4359 autem
2208 4301 2566 4358 Samaritani
2622 4300 2804 4356 multo
2855 4297 3148 4370 aequiores
3201 4296 3470 4361 Judaais;
3523 4295 3610 4353 illi

1950 4393 2110 4448 enim
2187 4392 2497 4447 exiverunt
2553 4390 2632 4445 ad
2683 4405 2820 4444 eum
2874 4394 2931 4444 et
2993 4385 3247 4442 orabant
3321 4385 3488 4440 illum
3549 4388 3613 4438 ut

1951 4481 2176 4536 veniret
2201 4480 2280 4536 ad
2311 4495 2393 4544 se,
2436 4494 2696 4552 cumque
2752 4477 2982 4532 nullum
3024 4474 3306 4530 vidissent
3345 4473 3608 4543 signum,

1950 4569 2334 4626 crediderunt
2389 4569 2446 4624 in
2499 4583 2692 4634 eum;
2746 4565 2936 4621 Judaei
2992 4579 3133 4619 vero
3170 4563 3248 4620 ad
3296 4577 3358 4619 se
3417 4562 3611 4632 magis

1952 4658 2289 4715 venientem
2339 4657 2852 4730 persequebantur
2919 4658 2976 4710 et
3031 4655 3195 4726 apud
3248 4669 3310 4709 se
3369 4667 3610 4707 manere

1952 4749 2275 4819 volentem,
2315 4748 2570 4816 graviter
2599 4745 2887 4812 ferebant,
2923 4757 3179 4815 cumque
3213 4741 3398 4798 multa
3429 4741 3610 4796 vidis-

1957 4841 2088 4892 sent
2113 4837 2306 4905 signa,
2329 4851 2450 4890 non
2473 4834 2812 4890 credebant.
2846 4831 3164 4898 Quomodo
3191 4846 3332 4901 ergo
3365 4846 3610 4902 aequum

1957 4930 2082 4981 erat
2122 4929 2184 4980 ut
2213 4924 2324 4980 hos
2377 4923 2750 4995 praeteriret?
2781 4927 2881 4979 aut
2918 4938 3034 4994 qua
3095 4920 3322 4993 justitia
3347 4919 3472 4975 ﬁeri
3506 4934 3608 4989 po-

1959 5020 2105 5070 terat
2133 5019 2190 5068 ut
2240 5011 2351 5068 illis
2399 5013 2502 5084 qui
2539 5029 2603 5068 se
2654 5011 2793 5067 odio
2863 5009 3187 5074 habebant,
3217 5006 3608 5074 odesset,hos

1955 5108 2177 5170 autem,
2209 5101 2313 5175 qui
2352 5102 2658 5167 amabant,
2691 5100 2987 5157 desereret
3016 5098 3045 5154 ἲ

1465 5369 1686 5438 Varia
1728 5368 2056 5437 lectiones
2085 5379 2149 5436 et
2181 5379 2358 5437 notae

461 5628 567 5683 Τῆς
597 5618 972 5686 διδασκαλίας.

463 5699 564 5756 Τῆς
595 5698 829 5768 μνήμης.

301 5621 426 5765 ξξξς

2018 5619 2128 5691 (76)
2165 5621 2280 5675 Hoc
2300 5622 2356 5674 et
2385 5617 2720 5690 proximum
2750 5614 3044 5672 scholium
3073 5611 3234 5685 apud
3253 5606 3601 5666 Hentenium

1944 5693 2322 5762 conjunctum
2365 5695 2474 5746 est.
