4038 6226
478 276 502 338 1
514 280 619 339 203

477 512 627 563 eum,
662 501 867 568 utpote
898 497 1161 552 amicum
1218 496 1582 564 Iudaeorum,
1626 494 1723 567 qui
1755 494 2042 550 adversus
2068 511 2131 550 se

476 585 818 641 inimicitias
834 586 1209 640 exercebant.
1245 588 1388 640 Nam
1423 586 1535 639 hoc
1566 584 1796 655 scripsit
1824 587 2010 639 Lucas
2036 584 2129 638 tri-

476 674 701 729 cesimo
750 672 1015 727 secundo
1068 673 1261 741 capite
1318 674 1388 727 “¹².
1449 672 1560 727 Sed
1604 671 1687 728 illi
1738 676 1905 726 erant
1936 670 2131 726 aliiab

476 762 625 817 istis.
667 761 749 815 Illi
800 761 1097 833 siquidem
1154 762 1350 817 vicum
1378 761 1697 833 quemdam
1734 760 2017 816 Samarire
2049 760 2133 815 in-

474 849 849 913 habitabant,
894 850 983 903 isti
1006 867 1140 905 vero
1182 851 1501 905 civitatem.

547 940 713 994 Vers.
768 943 853 994 43.
911 940 1042 993 Post
1092 972 1159 979 —
1192 940 1353 996 Vers.
1407 941 1494 994 44.
1532 940 1811 995 Haberet.
1867 942 1980 994 Cur
2008 954 2129 993 non

475 1028 684 1084 abierit
731 1032 871 1083 tunc
923 1033 1079 1083 recta
1124 1030 1511 1099 Capernaum,
1564 1045 1697 1098 quae
1730 1028 1921 1098 patria
1946 1027 2131 1097 ipsius

470 1117 828 1181 habebatur,
861 1132 1108 1172 causam
1142 1117 1335 1172 reddit
1363 1134 1373 1168 :
1426 1118 1569 1188 quia
1600 1118 1873 1171 videlicet
1927 1117 1986 1172 hi
2026 1116 2129 1187 qui

472 1205 526 1259 in
558 1220 630 1260 ea
660 1206 1070 1269 morabantur,
1115 1206 1385 1261 animum
1419 1223 1538 1262 non
1572 1206 1980 1277 applicabant,
2021 1220 2130 1260 nec

473 1294 971 1365 obtemperabant
1026 1294 1104 1350 illi
1147 1300 1349 1367 utpote
1389 1296 1707 1352 familiares
1768 1313 1782 1350 ε
1833 1294 2130 1367 siquidem

472 1381 842 1438 familiaritas
874 1383 1041 1439 facile
1081 1391 1288 1439 causat
1325 1384 1698 1456 despectum.

543 1464 857 1537 Quomodo
887 1478 1083 1529 autem
1142 1478 1394 1529 testatus
1426 1475 1499 1530 sit
1540 1477 1731 1540 Jesus,
1778 1475 1942 1546 quod
2002 1490 2131 1545 pro-

470 1562 650 1633 pheta
676 1561 732 1616 in
765 1562 951 1632 patria
970 1580 1078 1618 sua
1108 1563 1399 1618 honorem
1427 1580 1544 1619 non
1575 1564 1813 1629 habeat,
1847 1580 2048 1633 quirere
2076 1565 2128 1617 in

470 1651 587 1707 fine
627 1651 894 1707 vicesimi
937 1653 1128 1724 quarti
1179 1654 1388 1724 capitis
1440 1648 1743 1721 Evaug‘elii
1783 1654 1954 1723 juxta
1994 1655 2131 1707 Mat-

1812 277 2157 333 EUTHYMII
2198 276 2527 334 ZIGABENI

548 407 673 464 Alio
724 414 924 464 autem
953 410 1223 479 tempore
1252 404 1606 462 Samaritani
1635 419 1751 461 non
1770 408 2131 478 exceperunt
2160 402 2205 456 A

3686 284 3802 344 1204

2308 402 2396 458 Ἐν
2450 402 2601 477 ἑτέρῳ
2647 398 2707 455 δὲ
2758 409 2923 476 καιρῷ
2978 403 3027 455 οἱ
3081 411 3393 477 Σαμαρεῖται
3450 405 3540 458 οὐκ
3598 404 3801 472 ἐδέξαντο

2239 492 2391 545 αὐτόν
2442 495 2506 552 ὡς
2550 492 2691 563 φίλον
2742 488 3012 545 Ἰουδαίων
3066 502 3163 545 τῶν
3207 493 3578 566 ἐχθραινόντων
3631 500 3801 562 αὐτοῖς.

2238 590 2400 634 Τοῦτο
2425 584 2526 655 γὰρ
2557 583 2581 632 ὁ
2617 588 2818 641 Λουκᾶς
2860 584 3136 654 ἱστόρησεν
3180 582 3227 635 ἐν
3272 592 3341 653 τῷ
3382 595 3662 658 τριακοστῷ
3702 585 3806 640 δεν-

2239 675 2368 745 τέρῷ
2404 671 2682 742 κεφαλαίῳ,
2736 670 2872 722 Ἀλλ’
2920 670 3102 723 ἐκεῖνοι
3142 674 3303 747 ἕτεροι
3352 670 3481 731 ἦσαν
3532 681 3665 748 παρά
3706 682 3805 730 τού-

2238 780 2377 820 τους.
2413 759 2628 813 Ἐκεῖνοι
2652 763 2739 831 μὲν
2765 762 2865 835 γὰρ
2897 766 3075 832 κώμην
3102 764 3217 813 τινὰ
3240 771 3332 822 τῆς
3353 770 3625 838 Σαμαρείας
3645 771 3800 837 ᾧκονν.

2239 850 2383 901 οὗτοι
2417 846 2473 901 δὲ
2504 848 2672 903 πόλιν.

2310 942 2454 991 Μετὰ
2508 970 2567 978 -
2601 938 2725 992 ἐκεῖ.
2776 944 2917 991 Διότι
2961 944 3074 991 τότε
3105 940 3197 992 οὐκ
3225 938 3444 998 ἀπῆλθεν
3504 939 3683 1014 ἰδιχῶς
3709 947 3801 1017 (7⁸7)

2239 1027 2305 1086 εἰς
2357 1032 2698 1101 Καπερναοῦμ
2744 1033 2836 1084 τὴν
2878 1025 3138 1080 δοκοῦσαν
3186 1026 3419 1104 πατρίδα
3463 1031 3637 1095 αὐτοῦ,
3682 1036 3804 1091 τίθης

2240 1136 2321 1167 σιν
2352 1117 2521 1169 αἰτίαν
2567 1119 2644 1169 ὅτι
2674 1117 2732 1169 οῦ
2778 1126 3064 1189 προσεῖχον
3104 1119 3244 1188 αὐτῷ
3287 1122 3335 1170 οἱ
3382 1118 3427 1170 ἐν
3478 1122 3626 1192 αὐτῇ,
3667 1142 3805 1174 κατα-

2238 1213 2539 1279 φρονοῦντες
2593 1209 2658 1266 ὡς
2717 1209 2989 1267 συνήθους·
3056 1212 3125 1259 Τό
3186 1210 3400 1268 σύνηθες
3466 1213 3564 1284 γὰρ
3620 1210 3804 1264 εὐκατα-

2239 1300 2509 1367 φρόνητον.

2312 1480 2417 1524 Ποῦ
2467 1468 2525 1525 δε
2576 1474 2601 1525 ό
2647 1473 2853 1536 Ἰησοῦς
2914 1473 3268 1549 ἐμαρτύρησεν
3335 1478 3415 1527 ὅτι
3460 1482 3715 1551 προφήτης
3767 1478 3803 1530 ἐν

2238 1565 2299 1634 τῇ
2354 1559 2466 1633 ἰδίᾳ
2505 1560 2724 1636 πατρίδι
2765 1569 2921 1635 τιμὴν
2976 1564 3067 1616 οὐκ
3125 1568 3274 1635 ἔχεις
3307 1567 3413 1637 (78)
3469 1572 3567 1619 Καὶ
3606 1568 3803 1627 ζήτησον

2240 1649 2286 1702 ἐν
2351 1659 2422 1721 τῷ
2490 1652 2619 1704 τέλει
2675 1660 2766 1704 τοῦ
2825 1652 3061 1705 εἰκοστοῦ
3118 1656 3365 1727 τετάρτου
3416 1655 3683 1727 κεφαλαίου
3731 1666 3804 1709 τοῦ

470 1741 692 1797 ιΙιιΕιιω
724 1746 778 1796 et
824 1741 1167 1800 invenies".
1201 1744 1484 1799 Nazareth
1516 1744 1754 1814 quidem
1787 1744 1980 1814 patria
2000 1744 2128 1813 ejus

2240 1744 2371 1791 κατὰ
2403 1743 2686 1807 Ματθαῖον,
2733 1746 2822 1794 καὶ
2851 1744 3109 1813 εὑρήσεις.
3159 1748 3259 1796 Καὶ
3309 1747 3411 1818 γὰρ
3455 1747 3483 1802 ἡ
3534 1749 3619 1817 μὲν
3658 1747 3806 1805 Ναζα-

470 1835 614 1894 erat,
656 1832 847 1901 patria
900 1832 1173 1888 videlicet
1239 1832 1446 1888 matris
1504 1832 1712 1905 ipsius,
1766 1837 1823 1887 et
1861 1834 1992 1904 ejus
2024 1832 2129 1903 qui

468 1921 789 1989 putabatur
850 1922 1057 1987 patris,
1090 1921 1145 1976 in
1202 1938 1324 1993 qua
1380 1925 1557 1977 etiam
1625 1922 1881 1977 nutritus
1917 1925 2124 1976 fuerat.

469 2012 842 2080 Capernaum
867 2026 1002 2065 vero
1015 2010 1347 2066 habebatur
1366 2013 1557 2083 patria
1582 2011 1755 2075 illius,
1787 2011 1950 2082 quod
1982 2011 2039 2064 in
2059 2026 2129 2065 ea

467 2098 785 2155 habitaret.
847 2100 931 2154 Ait
968 2100 1123 2154 enim
1160 2101 1487 2166 Matthseus,
1520 2101 1682 2172 quod
1715 2101 1917 2155 relicta
1946 2102 2129 2155 Naza-

468 2188 617 2254 reth,
654 2189 897 2244 veniens
937 2189 1221 2244 habitavit
1250 2189 1625 2260 Capernaum
1664 2192 1733 2244 ⁷⁵.

540 2365 704 2421 Vers.
737 2369 823 2421 45.
872 2367 1013 2422 Cum
1046 2398 1111 2406 -
1146 2367 1321 2433 festo.
1375 2367 1679 2423 Galilaeam
1717 2366 1972 2435 intellige
1998 2366 2127 2422 reli-

468 2471 623 2527 quas
674 2455 925 2511 Galilteae
958 2456 1220 2511 civitates
1253 2472 1320 2511 ac
1353 2457 1530 2527 vicos,
1582 2462 1797 2526 prater
1826 2472 1957 2511 eam
1990 2472 2127 2527 quae

470 2544 707 2616 proprie
766 2544 973 2599 civitas
1021 2544 1148 2617 ejus
1181 2546 1511 2601 dicebatur.
1568 2546 1802 2600 Festum
1839 2561 1977 2599 vero
2028 2545 2129 2599 Pa-

471 2633 633 2697 scha,
678 2633 849 2689 veluti
872 2634 1131 2689 secundo
1156 2635 1349 2705 capite
1381 2635 1776 2703 signiﬁcatum
1807 2638 1910 2688 est.

541 2724 701 2779 Vers.
753 2724 845 2779 45.
906 2723 1057 2777 Nam
1097 2729 1147 2777 et
1178 2724 1293 2791 ipsi
1324 2755 1387 2763 —
1424 2724 1660 2790 festum.
1714 2727 1859 2778 Nam
1918 2738 2129 2777 omnes

470 2811 650 2867 simul
681 2811 866 2867 Judaai
901 2812 1373 2884 Hierosolymam
1411 2812 1674 2884 undique
1709 2816 2129 2868 concurrentes

470 2900 686 2957 festum
720 2900 1122 2958 celebrabant.

1054 2992 1207 3048 CAP.
1242 2993 1326 3046 Vl.
1370 2993 1441 3046 De
1458 2994 1632 3062 regio.

542 3081 698 3135 Vers.
732 3084 818 3135 46.
862 3080 1023 3136 Venit
1062 3112 1129 3120 —
1162 3083 1385 3138 vinum.
1443 3085 1505 3136 In
1539 3080 1848 3136 Galilmam
1880 3082 2126 3154 quidem
2166 3090 2206 3143 C

472 3170 628 3225 venit
690 3173 932 3241 propter
973 3185 1179 3225 eorum
1233 3170 1540 3237 invidiam,
1587 3171 1686 3242 qui
1737 3171 2004 3227 Iudaeam
2046 3172 2130 3227 in-

476 3257 828 3314 habitabant
878 3259 979 3313 :in
1024 3259 1268 3330 patriam
1310 3264 1507 3314 autem
1569 3274 1738 3314 suam
1790 3275 1910 3314 non
1963 3261 2126 3325 abiit,

475 3348 613 3420 quia
639 3348 690 3403 ei
724 3363 840 3403 non
868 3347 1306 3414 auscultabant,
1339 3352 1395 3403 et
1426 3364 1500 3403 ne
1531 3348 1722 3418 major
1779 3348 1861 3403 eis
1893 3350 2132 3405 accede-

474 3440 563 3491 ret
592 3437 1032 3491 condemnatio.
1078 3439 1137 3490 ln
1193 3436 1353 3492 Cana
1386 3437 1564 3502 venit,
1603 3438 1859 3509 primum
1889 3438 2127 3509 quidem

475 3525 747 3581 invitatus
796 3526 869 3580 ad
916 3526 1151 3597 nuptias
1204 3542 1216 3587 ;
1274 3540 1432 3580 nunc
1470 3542 1625 3591 vero,
1685 3532 1742 3581 ut
1786 3526 1964 3581 ﬁdem
1994 3544 2127 3599 qua:

477 3628 546 3668 ex
596 3614 745 3668 facto
799 3614 956 3684 prius
1026 3613 1315 3668 miraculo
1394 3620 1737 3679 accesserat,
1820 3630 1929 3671 sua
1986 3632 2127 3684 pra:-

478 3702 667 3756 sentia
734 3701 1167 3756 conﬁrmaret:
1219 3702 1339 3757 imo
1408 3702 1604 3773 potius
1654 3720 1756 3759 eos
1816 3705 2132 3760 attraheret

475 3789 711 3844 veniens
762 3805 883 3845 non
936 3794 1201 3856 vocatus,
1259 3806 1328 3846 ac
1386 3791 1591 3863 patriae
1624 3809 1745 3847 suae
1776 3809 1876 3849 eos
1900 3810 2126 3866 praepo-

477 3894 645 3933 nens.

547 3969 709 4023 Vers.
755 3971 841 4023 46.
868 3968 945 4023 Et
1010 4000 1078 4009 —
1120 3968 1506 4039 Capernaum.
1564 3972 1780 4039 Regius
1823 3973 2131 4028 dicebatur

474 4057 563 4113 vel
594 4057 754 4129 quod
783 4058 946 4127 regio
976 4063 1131 4113 esset
1181 4074 1415 4128 genere,
1459 4059 1549 4115 vel
1576 4060 1733 4131 quod
1779 4061 2129 4127 dignitatem

478 4152 684 4203 nactus
733 4152 878 4211 erat,
934 4163 968 4202 a
999 4163 1117 4218 qua
1166 4149 1381 4217 Regius
1437 4150 1997 4217 cognominabatur,
2040 4150 2131 4205 vel

475 4236 638 4308 quod
683 4236 949 4292 minister
974 4241 1131 4293 esset
1146 4239 1367 4306 regius.
1408 4238 1663 4303 Quidam
1692 4239 1885 4308 itaque
1905 4239 2129 4305 dicunt,

476 4326 629 4381 hunc
661 4326 840 4381 fuisse
872 4326 1303 4390 centurionem,
1338 4326 1410 4380 de
1443 4343 1564 4397 quo
1596 4326 1753 4397 apud
1796 4327 2129 4382 Matthmum

2238 1833 2324 1904 ρετ
2355 1826 2415 1887 ἧν
2445 1834 2628 1903 πατρὶς
2662 1830 2846 1895 αὐτοῦ,
2895 1833 2965 1893 ὡς
3020 1838 3210 1903 πατρὶς
3266 1841 3363 1893 τῆς
3425 1838 3611 1907 μητρός
3652 1834 3801 1899 αὑτοῦ,

2239 1923 2326 1971 καὶ
2388 1927 2478 1971 τοῦ
2532 1916 2809 1981 δοκοῦντος
2859 1923 3057 1993 πατρὸς
3104 1921 3284 1987 αὑτοῦ,
3345 1929 3437 1975 καὶ
3488 1927 3555 1983 ὡς
3608 1923 3650 1974 ἐν
3694 1925 3800 1995 αὐτῇ

2238 2010 2631 2080 τεθραμμένου·
2677 2011 2705 2066 ἡ
2761 2006 2819 2061 δὲ
2878 2014 3221 2082 Καπερναοῦμ
3280 2007 3455 2063 ἐδόκει
3514 2019 3689 2085 πατρὶς
3733 2012 3806 2063 αῦ-

2237 2105 2350 2164 τοῦ,
2395 2101 2462 2159 ὡς
2487 2106 2842 2158 κατοικοῦντος
2873 2099 2943 2160 εἰς
2970 2099 3153 2155 αὐτήν.
3199 2105 3336 2157 Φησὶ
3358 2103 3460 2175 γὰρ
3510 2102 3535 2151 ό
3572 2104 3804 2159 Ματαθῐος

2237 2188 2316 2238 ὅτι
2346 2187 2637 2238 καταλιπὼν
2676 2191 2768 2245 τὴν
2788 2188 3029 2262 Ναζαρὲτ
3059 2187 3213 2240 ἐλθὼν
3227 2194 3530 2259 κατῴκησεν
3559 2189 3800 2263 εἰςΚαπερ-

2235 2279 2425 2348 ναούμ.

2308 2365 2430 2418 Ὀτε
2474 2397 2533 2404 —-
2566 2364 2736 2438 ἑορτῇ.
2774 2365 3046 2417 Γαλιλαίαν
3076 2370 3180 2419 νόει
3226 2370 3320 2429 τὰς
3349 2367 3509 2429 illa;
3548 2368 3703 2427 πόλεις
3732 2372 3803 2418 καὶ

2236 2460 2414 2523 κώμας
2471 2462 2561 2513 τῆς
2610 2453 2881 2514 Γαλιλαίας
2933 2456 3076 2528 παρὰ
3140 2459 3234 2513 τὴν
3292 2453 3615 2511 δηλωθείσαν
3656 2453 3805 2516 idus);

2238 2539 2473 2615 πατρίδα
2514 2543 2693 2594 αὐτοῦ·
2729 2544 2908 2616 ἑορτὴν
2952 2540 3009 2595 δὲ
3053 2546 3147 2601 τὴν
3178 2552 3269 2595 τοῦ
3302 2546 3527 2615 Πάσχα,
3566 2548 3628 2606 ὡς
3672 2544 3714 2595 ὲν
3751 2552 3806 2612 τῷ

2243 2628 2466 2703 δευτέρῳ
2490 2631 2748 2703 κεφαλαίῳ
2778 2629 3092 2690 κεδήλωται.

2313 2726 2411 2773 Καὶ
2442 2721 2590 2773 αὐτοὶ
2618 2723 2718 2793 γὰρ
2753 2721 2867 2793 (79)
2899 2751 2967 2761 -
3006 2721 3206 2795 ἑορτήν.
3238 2721 3406 2793 Ὀμοῦ
3433 2727 3533 2795 γὰρ
3564 2722 3608 2774 ἐν
3629 2722 3808 2795 Ἰεροσο-

2236 2808 2420 2882 λύμοις
2446 2809 2676 2882 Ἑϐραῖοι
2720 2811 2902 2870 πάντες
2932 2812 3256 2881 πανταχόθεν
3302 2811 3425 2883 (80)
3480 2815 3807 2885 συνερχόμενοι

2240 2899 2522 2974 ἑώρταζον.

2608 2994 2756 3044 ΚΕΦ.
2786 2988 2856 3053 ς’.
2883 2993 3007 3063 Περὶ
3034 2996 3125 3041 τοῦ
3162 2988 3466 3061 βασιλικοῦ.

2308 3078 2491 3131 Ἦλθεν
2553 3109 2617 3119 -
2682 3077 2833 3133 οἶνον.
2908 3078 2996 3140 Εἰς
3044 3082 3136 3136 τὴν
3216 3078 3495 3131 Γαλιλαίαν
3554 3082 3635 3150 μεν
3706 3074 3801 3133 ἦλθε

2242 3166 2333 3221 διὰ
2404 3172 2489 3219 τόν
2543 3169 2723 3239 φθόνον
2790 3175 2888 3219 τῶν
2955 3170 3329 3219 κατοικούντων
3408 3172 3499 3226 τήν
3560 3163 3799 3219 Ἰουδαίαν·

2240 3257 2306 3316 εἰς
2355 3261 2447 3314 τὴν
2476 3256 2723 3331 ῥηθεῖσαν
2774 3254 2831 3308 δε
2869 3253 3105 3328 πατρίδα
3148 3256 3310 3308 αὐτοῦ
3370 3257 3464 3309 οὐκ
3512 3255 3729 3318 ἀπῆλθεν,
3754 3257 3803 3312 ὡς

2240 3352 2309 3417 μὴ
2344 3350 2715 3420 προσέχουσαν
2742 3345 2904 3414 αὐτῷ,
2936 3350 3025 3397 καὶ
3057 3346 3138 3397 ἱνα
3164 3350 3234 3417 μὴ
3264 3347 3447 3415 μεῖζον
3475 3345 3599 3417 αὐτῇ
3627 3348 3803 3415 γίνεται

2242 3438 2297 3485 τὸ
2328 3440 2508 3508 κρῖμα.
2542 3433 2623 3493 Εἰς
2653 3439 2746 3491 τὴν
2780 3438 2922 3486 Κανὰ
2949 3430 3007 3485 δὲ
3042 3431 3161 3491 ἦλθε
3188 3442 3394 3506 πρῶτον
3424 3438 3511 3506 μεν
3541 3434 3723 3493 κληθεὶς
3748 3430 3803 3490 εἰς

2240 3526 2324 3575 τόν
2359 3525 2526 3594 γάμον
2558 3539 2568 3550 ·
2600 3530 2685 3573 νῦν
2714 3518 2772 3574 δε
2802 3527 2894 3579 τὴν
2926 3521 3027 3574 ἀπὸ
3065 3531 3156 3574 τοῦ
3181 3528 3553 3596 προ-γεγονότος
3582 3525 3802 3592 θαύματος

2241 3611 2570 3683 ἐγγενομένην
2618 3617 2795 3663 πίστιν
2822 3610 3047 3683 βεϐαιῶν
3187 3618 3478 3685 παρουσίᾳ,
3522 3615 3605 3663 καὶ
3648 3609 3799 3681 μᾶλλον

2242 3701 2424 3761 αὐτοὺς
2446 3699 2785 3772 ἐφελκόμενος,
2806 3704 2872 3762 ὡς
2895 3700 3045 3753 ἐλθὼν
3069 3700 3389 3762 αὐτόκλητος
3408 3706 3496 3753 καὶ
3518 3704 3799 3774 προτιμήσας

2242 3790 2329 3843 αὐτ
2343 3793 2425 3850 οῦς
2455 3797 2544 3849 τῆς
2574 3786 2852 3863 πατρίδος.

2315 3972 2415 4020 Καὶ
2461 3998 2531 4008 —
2586 3968 2947 4039 Καπερναούμ.
3003 3966 3278 4029 Βασιλικός
3333 3966 3529 4038 ἐλέγετο
3582 3970 3608 4023 ἦ
3659 3967 3717 4024 ὡς
3758 3960 3797 4012 ἐκ

2240 4061 2419 4127 γένους
2474 4055 2774 4127 βασιλικοῦ,
2835 4055 2865 4113 ἦ
2926 4057 2995 4116 ὡς
3044 4053 3247 4128 ἀξίωμά
3305 4076 3359 4107 τι
3409 4059 3688 4126 κεκτημένος
3731 4049 3795 4121 ἀφ’

2242 4147 2396 4220 οὗπερ
2443 4145 2667 4197 ἐκαλεῖτο
2718 4144 2992 4205 Βασιλικός
3037 4144 3065 4201 ἡ
3124 4147 3187 4204 ὡς
3241 4147 3508 4217 ὑπηρέτης
3545 4143 3792 4218 βασιλικός.

2242 4240 2385 4295 Τινὲς
2428 4238 2518 4307 μὲν
2544 4234 2630 4286 οὖν
2662 4253 2817 4306 φασιν
2863 4234 2940 4285 ὅτι
2986 4233 3137 4295 οὗτός
3176 4232 3316 4285 ἐστιν
3344 4238 3370 4287 ό
3401 4238 3541 4308 παρά
3586 4241 3648 4301 τῷ
3686 4237 3795 4283 Ματ-

2247 4325 2374 4394 θαίῷ
2423 4329 2511 4376 καὶ
2566 4334 2637 4393 τῷ
2693 4328 2872 4392 Λουκᾷ
2948 4327 3393 4394 μνημονευόμενος
3445 4324 3789 4394 ἑκατόνταρχος·

475 4419 531 4469 et
564 4418 777 4471 Lucam
827 4416 980 4471 facta
1019 4420 1109 4469 est
1142 4416 1359 4469 mentio
1406 4418 1480 4472 τε.
1522 4416 1647 4471 Non
1681 4421 1770 4469 est
1799 4422 1995 4470 autem
2033 4417 2130 4471 ita.

2245 4414 2337 4466 οῦκ
2368 4417 2479 4466 ἔστι
2524 4409 2601 4466 δέ.
2645 4415 2745 4465 Καὶ
2782 4415 2906 4485 γὰρ,
2958 4413 3041 4462 ἱνα
3095 4415 3189 4473 τὰς
3235 4412 3396 4474 ἄλλας
3448 4411 3660 4482 ἐάσωμεν
3696 4405 3792 4459 δια-

476 4502 800 4574 Siquidem,
851 4510 913 4559 ut
944 4504 1092 4559 alias
1142 4520 1347 4559 eorum
1379 4503 1745 4560 differentias
1772 4504 2129 4573 omittamus,

476 4590 573 4646 ille
608 4593 874 4647 centurio
900 4597 1045 4657 erat,
1080 4593 1175 4647 hic
1232 4593 1465 4661 regius;
1500 4593 1652 4646 illius
1695 4609 1903 4648 servus
1944 4610 2135 4659 aegro-

476 4678 662 4741 tabat,
694 4678 877 4751 hujus
935 4682 1088 4735 filius
1116 4698 1128 4746 ;
1176 4686 1233 4735 et
1262 4681 1335 4735 ibi
1371 4681 1615 4736 morbus
1668 4688 1790 4737 erat
1823 4682 2131 4753 paralysis,

477 4766 579 4824 hic
609 4774 806 4823 autem
838 4767 1042 4824 febris.

548 4856 715 4912 Vers.
775 4861 862 4912 47.
924 4858 1037 4913 Hic
1094 4889 1160 4898 —-
1210 4859 1550 4916 moriturus.
1616 4860 1870 4915 Rursum
1930 4860 2127 4934 ἠρώτα»

476 4945 766 5017 signiticat
802 4946 1240 5016 deprecabatur.

544 5129 589 5164 ⁷⁸
616 5128 749 5183 Luc.
780 5141 861 5193 1x,
901 5128 1089 5185 52-53.
1165 5127 1214 5162 ⁷⁸
1234 5126 1436 5183 Matth.
1462 5143 1588 5185 xui.
1621 5132 1709 5183 57.

1786 5128 1834 5162 υ
1875 5126 2084 5183 Matth.
2126 5142 2199 5197 iv,
2236 5128 2323 5183 13.

2247 4506 2406 4575 φορὰς
2462 4502 2648 4566 αὐτῶν,
2711 4502 2891 4561 ἐκεῖνος
2946 4503 3035 4572 μεν
3098 4501 3499 4575 ἑκατόνταρχος,
3569 4499 3697 4557 οὗτος
3748 4490 3791 4545 δὲ

2247 4591 2540 4663 βασιλικός,
2597 4589 2834 4642 κάκείνου
2892 4592 2981 4661 μεν
3039 4585 3223 4648 δοῦλος
3280 4590 3504 4648 ἠσθένει’
3546 4590 3704 4639 τοῦτον
3746 4579 3789 4634 δὲ

2244 4684 2374 4742 υἱος⁶
2422 4684 2509 4732 καὶ
2560 4679 2661 4731 ἐκεῖ
2707 4682 2797 4751 μεν
2850 4680 2878 4736 ἠ
2934 4682 3088 4739 νόσος
3140 4678 3460 4751 παράλυσις,
3513 4675 3703 4728 ἐνταῦθα
3744 4665 3787 4719 δε

2244 4775 2483 4844 πυρετός.

2312 4856 2479 4919 Οὗτος
2562 4889 2627 4896 -—
2716 4855 3080 4913 ἀποθνήσκειν.
3171 4860 3394 4929 Ἥρώτα,
3480 4860 3588 4913 ἤτοι
3661 4855 3779 4919 ﬂagt-

2240 4948 2328 5000 κά)
2340 4967 2401 5002 ει.

2402 5128 2449 5161 75
2489 5125 2690 5183 Matth.
2727 5128 2847 5193 vui,
2891 5128 2921 5181 5
2953 5140 2966 5191 ;
3013 5125 3146 5180 Luc.
3181 5126 3339 5191 vu,2.

1701 5332 1924 5400 Variae
1953 5332 2277 5401 lectiones
2294 5343 2359 5400 et
2389 5341 2591 5400 noue.

564 5506 654 5577 77)
712 5504 953 5560 Καθϐλου
1003 5507 1092 5577 μὶν
1128 5502 1387 5577 γᾷπῆλθενῄ
1432 5504 1503 5565 εἰς
1554 5506 1641 5561 τήν
1668 5502 2023 5577 ..Γαλιλαίανλ
2065 5504 2123 5563 ἧς

471 5578 500 5635 ἡ
538 5572 881 5649 Καπερναούμ
937 5595 948 5607 ·
983 5572 1077 5630 οῦκ
1124 5573 1310 5638 ἰδικῶς
1359 5572 1438 5645 δὲ,
1492 5578 1609 5632 ἤτοι
1656 5574 1940 5649 ἐξαιρέτως,
1978 5572 2124 5632 ἦλθεν

470 5649 535 5709 εἰς
569 5647 935 5722 Κλαπερναοῦμ.

539 5719 656 5792 (78)
716 5717 823 5771 Καὶ
877 5717 1070 5776 ἰώρει
1131 5725 1190 5785 Λ,
1276 5734 1382 5774 nec
1466 5717 1734 5786 agnoscit
1804 5718 2125 5775 Hentenius

2237 5502 2389 5558 Idem
2414 5500 2594 5573 paulo
2616 5503 2770 5564 ante,
2800 5498 2938 5573 loco
2960 5507 3080 5563 ποῦ,
3114 5498 3346 5554 videtur
3370 5494 3576 5573 legisse
3588 5496 3697 5573 πτὶςς-

2308 5567 2428 5641 (79ῐ
2456 5575 2556 5646 Γάρ
2591 5588 2761 5646 ergo,
2787 5571 2943 5646 quod
2977 5587 3130 5646 unus
3161 5585 3430 5625 meorum
3464 5567 3674 5621 omittit,
3697 5568 3759 5608 ct}

2237 5648 2344 5702 dex
2380 5642 2638 5700 [lentenii
2670 5643 2899 5697 videtur
2916 5642 3226 5697 habuisse.

2309 5718 2419 5789 (80)
2449 5715 2754 5789 Ἐρχόμενοι
2779 5720 2837 5767 Α.
