4038 6226
179 336 317 395 1205

1181 337 1550 396 COMMENT.
1595 338 1665 394 IN
1700 336 2057 394 JOANNEM.
2095 371 2166 382 —
2203 341 2358 399 CAP.
2399 340 2467 398 ν.

3408 342 3548 402 1206

247 460 394 518 Εἶπεν
462 494 530 504 -
588 466 923 523 πιστεύσητε.
995 464 1070 517 Οὐ
1144 464 1258 517 κατ’
1325 465 1581 539 ἐρώτησιν
1653 462 1747 516 ἀνα

1955 467 2125 523 Vers.
2181 465 2269 524 48.
2349 466 2449 524 Ait
2495 497 2564 511 —
2617 469 2872 526 credetis.
2949 470 3386 540 lnterrogative,
3438 472 3544 528 sed

167 557 447 624 γνωστέον,
502 552 630 605 ἀλλὰ
674 556 809 606 κατὰ
857 553 1140 626 ἀπόφασιν.
1191 551 1313 608 Eius
1337 556 1436 627 γὰρ
1482 562 1632 606 τοῦτο
1659 573 1772 604 κοι-

167 652 264 704 νῶς
313 647 423 715 μὲν,
473 653 573 695 τῶν
623 651 944 717 Σαμαρειτῶν
994 642 1326 708 ὑποϐιϐοξζων
1369 649 1491 705 τοὺς
1538 640 1770 695 Ἰουδαί-

167 752 274 796 ους,
317 735 381 792 ὡς
429 731 628 784 ἐκείνων
660 733 1050 785 πιστευσάντων
1101 730 1238 804 δίχα
1287 737 1513 804 σημείων
1559 737 1648 784 καὶ
1691 751 1768 784 τε·

166 823 380 895 ράτωνο
434 817 715 895 ἰδιαίτερον
754 818 831 888 δε,
875 830 964 874 τοῦ
1014 823 1290 874 Βασιλικοῡ
1339 825 1768 894 καθαπτόμενος·

169 910 216 962 εἰ
261 913 364 984 γὰρ
408 915 497 963 καὶ
540 916 766 972 πίστεως
817 908 878 969 ἦν
927 915 984 964 τὸ
1040 910 1272 964 ἀπελθεῖν
1311 916 1402 963 καὶ
1453 910 1769 984 παρακαλεῖν

849 1006 939 1053 καὶ
993 1004 1094 1072 γὰρ
1153 1005 1242 1052 καὶ
1304 1001 1330 1052 6
1393 1000 1768 1071 εὖαγγελιστής

1159 1092 1408 1160 Πορεύου,
1445 1091 1470 1140 6
1519 1091 1630 1149 υἱός
1673 1109 1766 1141 σου

166 1006 260 1051 καὶ
314 999 531 1071 ἕπείγειν
585 1001 774 1052 αὐτόν·

167 1109 332 1161 φησιν
371 1091 452 1141 ὅτι
477 1089 706 1151 εἰπόντος
744 1097 836 1142 τοῦ
884 1090 1059 1147 Ἰησοῦ
1090 1107 1101 1118 ·

172 1181 237 1249 ζῇ
266 1196 279 1208 ⁸
315 1178 590 1231 ἐπίστευσε
639 1186 710 1248 τῷ
762 1178 896 1250 λόγῳ
945 1179 1105 1230 αὐτοῦ
1130 1198 1142 1210 ⁸
1194 1177 1299 1229 ἀλλ’
1332 1174 1419 1230 οὖν
1446 1177 1549 1249 οὐχ
1606 1181 1767 1248 ὑγιῶς

165 1265 465 1320 ἐπίστευσε.
523 1273 624 1321 Καὶ
686 1276 838 1320 τοῦτο
897 1264 1054 1326 δῆλον
1113 1267 1214 1319 ἀπὸ
1273 1275 1362 1319 τοῦ
1416 1269 1767 1320 πυνθάνεσθαι

164 1360 291 1408 πότε
335 1355 500 1428 ἀφῆκε
553 1360 640 1409 τὸν
685 1365 935 1410 νοσοῦντα
986 1359 1012 1408 6
1055 1361 1290 1432 πυρετός.
1337 1355 1602 1410 Ἐϐούλετο
1662 1360 1763 1431 γὰρ

157 1447 346 1517 μαθεῖν
377 1449 476 1498 εἴτε
505 1445 808 1518 αὐτομάτως
839 1450 936 1500 εἴτε
979 1447 1094 1498 κατ’
1125 1445 1378 1518 ἐπιταγὴν
1408 1453 1498 1498 τοῦ
1531 1453 1764 1519 Χριστοῦ

156 1542 316 1586 τοῦτο
354 1539 550 1607 γέγονε.

229 1717 388 1783 Λέγει
416 1743 478 1752 -
511 1712 797 1787 ἐπορεύετο.
837 1711 1125 1777 Κατάϐηθι,
1160 1719 1310 1785 φησὶ,
1340 1720 1462 1788 πρὶν
1489 1713 1762 1767 ἀποθανεῖν

1884 555 2236 614 afﬁrmative
2290 557 2628 626 legendum.
2665 561 2810 615 Nam
2859 559 2968 614 hoc
3024 559 3169 616 dixit
3197 561 3546 629 generaliter

1881 645 2128 716 quidem
2192 647 2582 718 deprimendo
2665 648 2896 704 Iudaeos
2944 664 3082 704 cum
3155 650 3542 705 Samaritanis

1880 734 2152 799 collatos,
2183 736 2348 808 quod
2378 736 2453 791 illi
2482 736 2710 808 absque
2741 737 2924 805 signis
2953 742 3007 793 et
3037 737 3325 810 prodigiis
3358 740 3540 794 credi-

1879 822 2123 888 dissent,
2149 825 2560 896 particularius
2584 831 2786 882 autem
2818 826 3068 895 Regium
3116 827 3496 897 objurgando
3522 845 3536 884 :

1878 913 1989 968 etsi
2034 915 2192 968 enim
2225 913 2358 970 fidei
2401 919 2543 980 erat,
2596 915 2762 987 quod
2816 915 3062 970 abiisset
3091 918 3152 974 et
3179 915 3537 988 deprecatus

1878 1007 2050 1068 esset,
2069 1018 2139 1059 ac
2161 1009 2394 1072 urgeret
2410 1020 2570 1060 eum.
2594 1004 2897 1076 Siquidem
2913 1004 3281 1074 evangelista
3302 1023 3540 1078 quoque

1876 1091 1974 1156 ait,
2012 1092 2172 1163 quod
2227 1109 2364 1148 cum
2406 1093 2655 1149 dixisset
2704 1094 2876 1148 Jesus
2920 1108 2934 1149 :
2991 1094 3164 1158 Vade,
3210 1095 3368 1162 ﬁlius
3407 1102 3541 1150 tuus

1876 1181 2021 1237 vivit
2044 1182 2114 1245 ⁷⁸,
2143 1181 2390 1238 credidit
2413 1183 2595 1238 homo
2647 1182 2930 1247 sermoni,
2980 1198 3162 1254 quem
3192 1183 3418 1239 dixerat
3443 1184 3492 1238 ei
3521 1202 3535 1250 ;

1876 1270 2143 1325 nondum
2180 1275 2377 1328 tamen
2403 1276 2558 1328 recte
2583 1271 2863 1328 credebat
2891 1289 2904 1339 ;
2933 1277 2988 1328 et
3013 1273 3128 1328 hoc
3158 1272 3538 1329 manifestum

1875 1363 1979 1430 est,
2049 1375 2122 1416 eo
2197 1361 2361 1433 quod
2431 1362 2880 1434 interrogaverit
2925 1362 3172 1435 quando
3243 1367 3538 1432 aegrotan-

1873 1451 1994 1504 tem
2053 1450 2387 1522 reliquisset
2448 1451 2632 1507 febris
2701 1469 2716 1517 ;
2805 1450 3041 1507 volebat
3109 1467 3374 1525 namque
3449 1451 3534 1507 di-

1874 1553 2056 1603 scere,
2089 1544 2290 1596 utrum
2338 1555 2487 1596 casu
2538 1555 2616 1596 an
2674 1539 2882 1596 Christi
2914 1540 3087 1612 jussu
3135 1541 3247 1596 hoc
3308 1540 3532 1597 factum

1873 1633 2048 1683 esset.

1949 1717 2107 1774 Vers.
2145 1719 2236 1773 49.
2282 1720 2441 1775 Dicit
2471 1748 2539 1761 —
2591 1719 2749 1774 Vers.
2803 1721 2890 1774 50.
2941 1716 3093 1773 Ibat.
3121 1749 3190 1758 —
3214 1719 3527 1786 Descende,

149 1805 211 1854 τὸ
237 1799 456 1854 παιδίον
487 1822 608 1874 μου.
653 1799 961 1876 Προσεδόκα
989 1806 1090 1877 γὰρ
1121 1805 1201 1855 ὅτι
1232 1806 1362 1876 μετὰ
1392 1808 1447 1856 τὸ
1489 1802 1747 1856 ἀποθανεῖ]

1879 1804 2084 1877 inquit,
2097 1807 2436 1878 priusquam
2453 1807 2771 1873 moriatur;
2787 1807 3530 1881 existimabatenim,quod

151 1891 215 1944 οὗ
243 1887 470 1944 δύναται
498 1891 794 1950 ἀναστῆσαι
826 1892 972 1946 αὑτό.

225 1978 374 2038 Ἤδη
399 2013 466 2020 -
487 1985 633 2053 ἔσχε.
663 1981 989 2056 Κομψότερον
1018 1984 1235 2034 ενταῦθα
1261 1982 1394 2054 λέγει
1414 1986 1469 2034 τό
1491 1984 1755 2058 ῥαότερον,

146 2074 211 2123 τό
242 2075 572 2145 κουφότερον,
607 2073 663 2122 τὸ
690 2070 803 2142 (81)
833 2069 1264 2143 ἐλευθεριώτερον.

225 2343 326 2392 Καὶ
382 2369 450 2377 -
479 2356 714 2412 πυρετος.
776 2337 956 2411 Πόῤῥω
987 2339 1090 2410 γὰρ
1143 2346 1238 2398 τῆς
1298 2340 1440 2391 Κανὰ
1486 2340 1515 2395 ἠ
1559 2345 1757 2410 Καπερ-

142 2432 319 2498 ναούμ
353 2424 434 2491 ἦν,
473 2429 604 2478 ὥστε
624 2430 695 2498 μὴ
722 2422 1013 2484 δυνηθῆναι
1037 2426 1228 2487 αὐτοὺς
1259 2425 1306 2477 ὲν
1338 2427 1463 2499 αὐτῇ
1495 2435 1554 2499 τῇ
1589 2429 1758 2499 ἡμέρᾳ

138 2522 375 2588 κομίσαι
400 2519 466 2567 τὰ
505 2514 779 2586 εὐαγγέλια
806 2523 901 2576 τῆς
927 2515 1064 2575 ζωῆς
1089 2524 1180 2567 του
1211 2513 1452 2569 παιδίου.

219 2605 394 2676 Ἔγνω
427 2636 491 2644 —
519 2605 606 2676 ζῇ.
636 2603 756 2656 Ὀτι
787 2603 834 2655 ἐν
874 2603 1031 2676 ἐκείνῃ
1063 2612 1123 2676 τῇ
1154 2606 1262 2679 ὥρᾳ
1295 2601 1532 2662 δηλονότι
1563 2603 1754 2676 ἀφῆκεν

138 2695 310 2746 αὐτόν
342 2696 368 2745 6
397 2697 634 2766 πυρετός.

216 2789 319 2836 Καὶ
353 2814 419 2823 —
469 2783 580 2840 ὅλη.
613 2789 720 2834 Νῦν
751 2785 1053 2835 ἐπίστευσεν
1089 2783 1266 2852 ὑγιῶς,
1313 2785 1441 2853 μετὰ
1498 2785 1555 2833 τὸ
1602 2783 1753 2853 ὑγιᾶ-

134 2893 229 2924 ναι
275 2875 364 2923 τόν
416 2874 528 2923 υἱόν
587 2871 768 2923 αὐτοῦ.
832 2870 1009 2931 Καλῶς
1055 2867 1142 2922 οὖν
1193 2871 1470 2941 καθήψατο
1519 2871 1676 2922 αὑτοῦ
1727 2872 1752 2922 6

131 2968 226 3020 τὴν
305 2957 534 3032 καρδίαν
594 2961 754 3012 αὐτοῦ
824 2966 1092 3031 γινώσκων
1155 2965 1398 3031 Χριστός,
1460 2961 1612 3013 εἰπων
1673 2965 1750 3012 ὅτι

133 3050 259 3104 Ἐὰν
305 3055 377 3122 μὴ
433 3056 624 3122 σημεῖα
681 3054 769 3102 καὶ
820 3053 1009 3124 τέρατα
1065 3045 1237 3114 ῖδητε,
1294 3049 1351 3101 οὗ
1406 3053 1476 3121 μὴ
1537 3052 1749 3101 πιστεύ-

131 3158 291 3196 σητε.

208 3232 427 3301 κυρίως
483 3224 569 3279 οὖν
630 3235 824 3300 σημεῖα
878 3233 967 3301 μέν
1021 3228 1123 3281 εἰσι
1154 3230 1218 3280 τὰ
1268 3231 1400 3280 κατά
1457 3231 1632 3300 φύσιν,
1684 3230 1748 3288 ὡς

122 3322 183 3369 τό
216 3318 467 3388 ὑγιάζειν
496 3325 774 3379 νοσοῦντας
798 3335 810 3348 ⁸
860 3323 1050 3390 τέρατα
1098 3314 1156 3370 δε
1185 3320 1252 3369 τὰ
1282 3319 1408 3392 ὑπὲρ
1461 3320 1635 3388 φύσιν,
1683 3320 1746 3377 ὡς

124 3411 186 3458 τό
219 3408 500 3467 ζωοποιεῖν
553 3410 756 3479 νεκροὺς
802 3412 891 3458 καὶ
949 3406 1210 3478 ὁμματοῡν
1268 3406 1508 3478 τυφλούς.
1578 3412 1744 3459 Κατα-

118 3504 456 3568 χρηστικῶς
487 3491 545 3547 δὲ
574 3495 805 3566 λέγονται
844 3501 933 3547 καὶ
962 3496 1275 3548 τούναντίον.

965 3589 1064 3638 Καὶ
1123 3590 1370 3659 πρότερον
1448 3585 1598 3637 εἰπὼν
1665 3588 1741 3638 ὅτι

1593 3676 1740 3727 1‘00:-

196 3593 375 3638 Τοῦτο
443 3612 508 3625 —
575 3591 611 3636 Γ
615 3585 867 3638 αλιλαίαν.

115 3674 289 3727 Ἦλθε
355 3674 508 3725 πάλιν
573 3675 599 3725 6
667 3673 868 3734 Ἰησοῦς
935 3674 1001 3734 εἰς
1075 3680 1168 3732 τὴν

113 3765 310 3826 λαίας,
350 3765 481 3814 ὅπου
538 3761 748 3819 ἐποίησε
801 3765 857 3814 τό
910 3759 1053 3837 ὕδωρ
1086 3760 1257 3814 οἶνον·
1319 3763 1378 3814 οὗ
1433 3767 1602 3835 μ’ἑτην
1658 3765 1739 3815 ἁν-

1238 3677 1378 3727 Κανὰ
1444 3683 1531 3735 τῆς

111 3858 330 3924 (nunc:
363 3860 457 3903 τοῦ
499 3853 781 3924 θαύματος,
827 3851 933 3903 ἀλλ’
985 3851 1238 3924 ἐμφαίνων
1267 3855 1366 3913 ὅτι,
1417 3858 1504 3904 καὶ
1553 3856 1737 3904 τούτου

108 3947 431 4012 γεγονότος,
489 3940 728 4000 ἐλάττους
769 3941 882 4012 (82)
925 3949 1021 3993 τῶν
1074 3948 1400 4013 Σαμαρειτῶν
1444 3941 1516 4002 εἰς
1559 3947 1736 3992 πίστιν

109 4030 419 4099 ἐφάνησαν.
469 4035 569 4082 Καὶ
611 4038 698 4081 νῦν
746 4026 804 4082 δὲ
865 4030 1020 4101 λέγων
1061 4033 1141 4082 ὅτι
1193 4037 1356 4082 Τοῦτο
1411 4029 1562 4080 πάλιν
1617 4025 1735 4079 δεύ-

105 4139 275 4192 τερον
348 4126 564 4189 σημεῖον
630 4118 870 4176 ἐποίησεν
950 4121 974 4170 ό
1035 4118 1271 4178 Ἰησους·
1359 4120 1548 4188 ὁμοίως
1612 4119 1736 4168 καθ-

104 4212 354 4260 άπτεται
385 4207 574 4270 αὐτῶν,
627 4210 704 4260 ὃτι
733 4213 822 4260 καὶ
854 4204 1092 4280 δεύτερον
1143 4215 1355 4279 σημεῖον
1397 4204 1594 4267 ἰδόντες
1641 4206 1734 4256 οὐκ

99 4294 482 4354 ἠδυνήθησαν
511 4295 778 4368 ἐφικέσθαι
803 4296 916 4367 (83)
947 4305 1039 4348 τοῦ
1063 4301 1249 4371 μέτρου
1275 4305 1364 4356 τῆς
1389 4301 1613 4357 πίστεως
1635 4305 1733 4347 τῶν

95 4385 280 4440 οὐδὲν
314 4386 616 4460 ἑωρακότων
638 4393 985 4460 Σαμαρειτῶν.

180 4480 446 4548 Δεύτερον
493 4478 594 4550 γὰρ
647 4483 799 4527 τοῦτο
858 4472 989 4527 εἶπεν
1047 4475 1151 4546 οὐχ
1205 4478 1268 4535 ὡς
1315 4477 1444 4548 μετὰ
1499 4478 1556 4526 τό
1592 4484 1734 4550 πρῶ-

1871 1899 2009 1967 post
2038 1900 2290 1952 mortem
2315 1913 2452 1952 eum
2481 1897 2830 1952 resuscitare
2860 1911 2980 1952 non
3003 1900 3227 1968 posset.

1941 1985 2098 2040 Vers.
2131 1986 2219 2039 51.
2247 1987 2382 2041 Jam
2414 2017 2480 2026 —
2505 1985 2670 2040 Vers.
2704 1986 2789 2041 52.
2813 1984 3146 2041 Habuisset.
3173 1986 3528 2057 Quanquam

1868 2072 2072 2146 κομψὸς
2101 2073 2338 2129 dicatur
2367 2078 2566 2138 scitus,
2613 2073 2939 2129 industrius
2993 2078 3096 2128 aut
3123 2073 3409 2146 eloquens,
3435 2074 3530 2130 hic

1867 2165 2068 2218 tamen
2093 2162 2570 2234 comparativum
2599 2161 2921 2237 κομψότερον
2944 2161 3242 2232 signiﬁcat
3261 2161 3527 2231 facilius,

1870 2252 2079 2317 levius,
2108 2251 2486 2307 tolerabilius.

1940 2343 2101 2396 Vers.
2131 2341 2222 2396 52.
2270 2341 2347 2396 Et
2386 2371 2455 2382 —
2493 2340 2701 2409 febris.
2731 2343 2878 2396 Nam
2904 2339 3115 2411 procul
3141 2355 3178 2396 a
3207 2339 3373 2396 Cana
3401 2345 3528 2396 erat

1869 2429 2246 2501 Capernaum
2314 2445 2329 2486 :
2385 2431 2584 2504 itaque
2639 2446 2764 2486 non
2823 2434 3140 2501 potuerunt
3191 2429 3406 2486 eodem
3431 2429 3525 2486 die

1868 2519 2126 2590 perferre
2155 2521 2428 2575 nuntium
2460 2519 2536 2574 de
2565 2519 2756 2575 salute
2780 2518 2881 2575 filii
2903 2519 3054 2590 ejus.

1937 2608 2100 2664 Vers.
2135 2608 2222 2664 53.
2266 2609 2538 2680 Cognovit
2586 2639 2652 2649 —
2685 2609 2848 2664 vivit.
2905 2608 3077 2674 Quod
3129 2607 3187 2664 in
3218 2608 3321 2665 illa
3350 2609 3519 2674 hora,

1864 2701 2032 2768 puta,
2063 2697 2386 2769 reliquerat
2409 2713 2543 2752 eum
2573 2697 2769 2752 febris.

1938 2786 2098 2842 Vers.
2131 2787 2220 2842 53.
2298 2787 2374 2841 Et
2404 2817 2473 2826 —
2519 2789 2660 2840 tota.
2719 2787 2884 2840 Nunc
2941 2783 3198 2854 perfecte
3249 2785 3517 2852 credidit,

1864 2874 1967 2929 ubi
1999 2879 2246 2930 sanatus
2275 2878 2361 2929 est
2383 2873 2539 2928 ﬁlius
2566 2873 2770 2945 ipsius.
2807 2873 3003 2929 Merito
3061 2887 3204 2941 ergo
3235 2872 3518 2942 objurga-

1862 2964 2098 3018 viteum
2132 2961 2419 3028 Christus,
2447 2962 2550 3033 qui
2604 2977 2707 3017 cor
2759 2960 2916 3016 illius
2952 2965 3214 3028 noverat,
3272 2961 3516 3017 dicens:

1858 3053 1996 3108 Nisi
2044 3053 2218 3123 signa
2244 3058 2298 3108 et
2321 3051 2584 3122 prodigia
2622 3051 2901 3120 videritis,
2935 3065 3298 3123 nequaquam
3325 3051 3516 3108 crede-

1859 3144 1930 3197 tis
1946 3144 2016 3198 ⁷⁸.

1931 3232 2112 3301 Signa
2138 3230 2380 3304 quidem
2413 3230 2651 3303 proprie
2673 3233 2810 3286 sunt
2833 3245 2968 3301 qum
2996 3229 3326 3285 secundum
3350 3232 3518 3285 natu-

1855 3336 1975 3375 ram
1995 3326 2149 3385 sunt,
2171 3326 2235 3374 ut
2266 3335 2480 3375 sanare
2510 3323 2799 3384 aegrotum
2829 3337 2844 3389 ;
2879 3317 3157 3390 prodigia
3189 3333 3349 3384 vero,
3379 3333 3515 3389 quas

1855 3426 2038 3480 supra
2056 3417 2318 3464 naturam
2336 3414 2399 3464 ut
2414 3408 2714 3464 viviﬁcare
2730 3408 3216 3472 mortuos,visum
3237 3412 3513 3478 praestare

1852 3497 2047 3566 circis,
2064 3513 2439 3570 quamquam
2461 3497 2708 3552 abusive
2725 3496 2907 3551 etiam
2925 3495 3241 3551 dicanture
3255 3495 3508 3551 diverso.

1927 3586 2090 3641 Vers.
2119 3586 2340 3640 54.Hoc
2361 3615 2428 3626 —
2446 3585 2782 3640 Galilaeam.
2813 3586 2878 3638 Et
2898 3583 3062 3654 prius
3087 3599 3226 3639 cum
3267 3583 3513 3638 dixisset

1863 3675 2027 3731 Venit
2048 3691 2283 3730 rursum
2311 3674 2474 3729 Iesus
2500 3676 2557 3728 in
2598 3672 2759 3729 Cana
2802 3673 3119 3741 Galslwam,
3163 3672 3263 3728 ubi
3287 3673 3508 3741 fecerat

1849 3780 1924 3822 ex
1953 3763 2322 3836 aquam‘num
2341 3764 2410 3826 ⁷⁸,
2436 3777 2555 3818 non
2580 3761 2798 3817 frustra
2820 3759 3087 3817 miraculi
3106 3760 3240 3817 fecit
3262 3761 3510 3816 mentio-

1850 3869 2009 3920 nem,
2039 3852 2143 3908 sed
2188 3859 2248 3907 ut
2278 3851 2615 3907 ostenderet
2665 3850 2831 3923 quod
2877 3849 3061 3906 etiam
3109 3849 3265 3905 facto
3307 3850 3404 3905 illo
3435 3850 3510 3904 si-

1848 3958 1967 4008 gno
1991 3941 2381 3997 Samaritanis
2409 3940 2715 3995 inferiores
2747 3940 2804 3995 in
2833 3939 2952 3994 ﬁde
2999 3938 3222 3995 inventi
3251 3945 3405 3994 sunt.
3444 3941 3508 3994 Et

1847 4045 2002 4084 nunc
2035 4045 2274 4100 quoque
2304 4029 2508 4084 dicens
2528 4045 2539 4084 :
2559 4030 2670 4084 Hoc
2694 4030 2900 4084 iterum
2927 4029 3240 4084 secundum
3270 4028 3504 4097 signum

1845 4118 2029 4174 edidit
2057 4118 2240 4181 Iesus,
2273 4116 2541 4172 similiter
2567 4116 2754 4186 carpit
2769 4115 3069 4186 illos,quia
3093 4114 3271 4170 etiam
3296 4129 3506 4170 secun-

1845 4207 1924 4262 do
1947 4207 2120 4276 signo
2148 4206 2298 4272 viso,
2322 4210 2774 4276 nonpotuerunt
2803 4204 2878 4260 ad
2923 4218 3270 4258 mensuram
3300 4218 3501 4274 perve-

1844 4296 1970 4352 nire
2004 4294 2139 4350 ﬁdei
2174 4294 2704 4356 Samaritanorum,
2737 4291 2840 4363 qui
2872 4291 3102 4346 nullum
3136 4289 3424 4346 viderant.

1914 4475 2028 4530 Hoc
2062 4477 2256 4530 autem
2290 4472 2438 4527 dixit
2484 4469 2840 4535 secundum,
2871 4483 2992 4524 non
3024 4467 3186 4540 quod
3228 4471 3362 4540 post
3384 4466 3496 4540 pri-

90 4586 194 4618 τον
449 4561 676 4636 μηδενός
731 4564 904 4637 ἑτέρου
962 4567 1103 4636 παρὰ
1157 4572 1309 4615 τοῦτο
1356 4570 1620 4634 γεγονότος
1682 4564 1729 4615 ἐν

1879 4580 1997 4618 tum
2025 4561 2256 4617 nullum
2283 4560 2446 4616 aliud
2476 4558 2724 4614 ediderit
2761 4559 2820 4613 in
2873 4561 2996 4613 tota
3040 4555 3364 4621 Palaestina,
3394 4555 3499 4612 sed

81 4657 196 4728 61p
236 4662 305 4726 τῇ
356 4652 699 4722 Παλαιστίνῃ,
731 4651 833 4704 ἀλλ’
863 4654 942 4704 ὅτι
985 4656 1114 4724 μετά
1145 4656 1201 4704 τό
1245 4661 1446 4726 πρῶτον
1494 4650 1730 4727 δεύτερον

79 4753 272 4797 τοῦτο
301 4742 352 4794 ἐν
381 4743 525 4794 Κανὰ
545 4746 740 4813 γέγονε.

166 4835 342 4887 Μετὰ
374 4862 440 4871 -
468 4827 761 4886 Ἰουδαίων.
787 4829 849 4884 Ἡ
878 4837 1226 4888 πεντηκοστὴ.

167 4925 297 4976 Καὶ
372 4950 444 4959 -
511 4919 860 4992 Ἰεροσόλυμα.
927 4926 1161 4990 Συνεχὼς
1228 4919 1278 4972 ἐν
1352 4929 1467 4981 ταῖς
1523 4920 1726 4992 ἑορταῖς

68 5011 475 5084 ἐπιχωριάζει
522 5016 583 5079 τῇ
617 5008 760 5059 πόλει
789 5011 977 5081 ταύτῃ,
1026 5015 1178 5060 τοῦτο
1222 5011 1311 5080 μὲν
1366 5011 1723 5082 συνεορτάζων

1195 5186 1242 5220 ⁷⁸
1273 5184 1416 5240 ibid.
1452 5184 1536 5240 46.

154 5193 220 5228 τ’
259 5190 443 5244 Joan.
480 5204 558 5253 iv,
603 5191 689 5243 ΞΟ.
767 5187 812 5222 ⁷⁷
855 5185 999 5242 ibid.
1028 5188 1117 5240 48.

1839 4653 2003 4726 quod
2033 4649 2570 4725 postprimum,hoc
2585 4648 2906 4703 secundum
2921 4646 2978 4701 in
2997 4647 3155 4701 Cana
3169 4645 3390 4702 factum
3403 4646 3493 4701 sit.

1911 4830 2066 4885 CAP.
2098 4829 2162 4883 V.
2195 4844 2339 4884 vers.
2379 4834 2425 4884 l.
2451 4828 2587 4884 Post
2635 4858 2703 4867 —
2730 4826 3097 4882 Judseorum.
3132 4823 3494 4889 Pentecoste,

1909 4922 2070 4975 Vers.
2111 4923 2158 4974 l.
2193 4919 2258 4973 Et
2289 4950 2356 4957 —
2386 4916 2807 4986 Hierosolyma.
2833 4913 3119 4970 Continue
3140 4913 3200 4969 in
3222 4913 3382 4969 festis
3417 4913 3495 4969 ad

1835 5009 1992 5065 hanc
2015 5007 2311 5064 civitatem
2338 5005 2666 5063 ventitabat
2691 5021 2704 5060 :
2738 5005 2952 5077 partim
2977 5001 3322 5075 quidem,ut
3353 5018 3491 5058 cum

1330 5364 1548 5433 Varim
1586 5364 1919 5432 lectiones
1979 5369 2049 5430 et
2085 5371 2287 5429 notas.

138 5563 222 5636 (8
238 5562 304 5632 ι)
332 5561 462 5636 Son
485 5559 1034 5636 estsollicitandum
1054 5559 1173 5636 _h_(_)_c
1196 5558 1581 5636 vocabulum,
1609 5559 1716 5614 etsi

41 5629 206 5699 Bch
221 5629 443 5704 ténius
479 5630 822 5704 reddiderit,
851 5631 1242 5704 tolerabilius.
1263 5633 1409 5704 Nam
1436 5629 1716 5704 ἐλευθέριος

39 5702 477 5776 recentiores
512 5703 690 5776 etiam
719 5708 1009 5776 usurpant
1038 5703 1112 5759 de
1134 5701 1714 5759 convalescentibus.

128 5777 299 5854 (82)
331 5775 398 5827 Οἱ
425 5772 472 5826 ἐν
503 5781 564 5834 τῆ
599 5772 866 5850 Γαλιλαίᾳέ

1897 5559 2012 5630 (83)
2050 5558 2356 5630 Ἀφικίσθαι
2408 5558 2450 5612 Α
2502 5555 2678 5614 male.
2735 5558 2903 5614 Forte
2976 5556 3176 5610 tamen
3214 5551 3294 5608 ita
3324 5563 3487 5621 repe-

1827 5633 1964 5686 rerit
1995 5631 2302 5686 interpres.

1901 5702 2012 5774 (84)
2041 5701 2214 5759 Μηδέν
2249 5701 2308 5755 s.
