4038 6226
545 331 678 390 1907

1839 326 2193 384 EUTHYMH
2234 325 2561 383 ZlGABENI

3728 329 3832 386 4208

542 456 766 515 cmteris
786 457 1001 514 festum
1022 452 1346 512 celebraret
1368 452 1701 510 secundum
1725 452 1918 521 legem
1940 470 1953 509 ζ
1974 450 2192 525 partim

2326 447 2403 507 tta
2456 456 2541 503 τὸν
2598 453 2749 525 νόμον
2807 458 2959 505 τοῦτο
3017 447 3076 505 δε
3133 454 3197 504 τὰ
3253 452 3419 512 πλήθη
3469 461 3561 507 τῶν
3613 449 3830 527 ἀπονὴρων

540 564 702 612 vero,
738 544 1173 618 utsimplicium
1208 544 1649 599 multitudinem
1672 544 2009 599 attraheret.
2049 545 2195 597 Nam

542 638 603 693 in
635 636 792 692 festis
814 652 879 690 ex
909 635 1073 689 omni
1103 634 1271 704 plebe
1299 634 1703 688 conﬂuebant.

616 726 773 779 Vers.
798 728 848 777 ‘2.
874 725 974 779 Est
996 754 1061 764 —
1086 723 1402 778 Bethesda.
1424 726 1514 776 Est
1534 721 1958 793 Hierosolymis
1978 722 2200 791 piscina

541 813 597 868 in
633 813 742 868 loci
771 814 905 877 situ,
934 812 1034 884 qui
1067 812 1280 867 dicitur
1316 813 1609 866 Prob/itea
1663 828 1678 865 :
1725 818 1827 865 aut
1856 811 2202 882 simpliciter

542 902 624 958 ita
645 903 802 957 dicto
826 905 987 971 juxta
1019 909 1280 956 veterum
1304 901 1709 965 traditionem,
1742 906 1841 955 aut
1871 908 1930 954 ut
1950 899 2200 970 quidam

542 991 761 1059 dicunt,
797 992 960 1063 quod
977 1007 1122 1045 oves
1147 993 1301 1061 (quae
1316 989 1533 1045 Grmcis
1551 989 1790 1061 πρόϐατα
1808 989 2199 1060 appellantur)

543 1081 685 1136 olim
714 1080 847 1135 illuc
875 1086 1396 1149 congregarentur,
1428 1096 1560 1149 quia
1601 1081 1658 1132 in
1700 1079 1859 1133 festis
1892 1082 2059 1132 erant
2097 1078 2203 1131 im-

546 1170 860 1234 molandas,
901 1177 955 1224 et
984 1170 1196 1225 barum
1230 1168 1510 1224 intestina
1540 1170 1598 1224 in
1654 1184 1811 1240 aqua
1850 1168 1948 1223 illa
1988 1181 2206 1239 purga-

546 1264 765 1315 rentur.

622 1349 779 1403 Vers.
814 1352 865 1403 2.
925 1348 1186 1419 Quinque
1230 1346 1475 1417 porticus
1525 1346 1762 1403 habens.
1799 1346 2071 1402 Fornices
2105 1348 2208 1399 aut

549 1438 875 1494 testudines
900 1454 911 1493 :
932 1438 1041 1493 has
1065 1442 1264 1493 autem
1285 1437 1340 1491 in
1366 1436 1611 1491 circuitu
1636 1436 1915 1491 habebat.
1941 1436 2101 1491 Sicut
2122 1451 2208 1489 er-

551 1543 626 1599 go
651 1527 855 1583 divina
878 1527 1267 1599 providentia,
1301 1542 1436 1598 quae
1459 1526 1538 1581 ibi
1571 1527 1947 1597 operabatur,
1978 1524 2208 1597 piscina

549 1617 834 1673 fabricata
872 1622 1014 1685 erat,
1052 1616 1131 1671 ita
1162 1621 1219 1672 et
1249 1616 1511 1689 porticus
1544 1621 1784 1687 propter
1833 1621 2203 1685 aagrotantes.

624 1795 785 1850 Vers.
818 1796 869 1851 3.
904 1795 1046 1850 In—
1102 1810 1251 1849 vers.
1306 1796 1358 1848 4.
1408 1794 1627 1849 Morbo.
1677 1793 1785 1848 Per
1825 1797 2207 1848 enumeratos
2243 1816 2286 1871 Β

553 1884 798 1939 morbos
824 1884 921 1940 alii
952 1900 1192 1956 quoque
1220 1883 1539 1953 signiﬁcati
1563 1890 1717 1937 sunt.
1748 1883 1953 1938 Dicens
1970 1887 2168 1937 autem
2193 1898 2204 1935 :

551 1973 777 2029 Slatuto
827 1979 1077 2042 tempore
1146 1972 1528 2041 descendebat,
1622 1972 1838 2037 docuit,
1872 1972 2036 2044 quod
2089 1985 2209 2026 non

552 2079 789 2134 semper
820 2064 999 2118 tiebat
1030 2063 1401 2131 miraculum,
1454 2063 1554 2117 sed
1591 2062 1762 2117 certis
1798 2060 2161 2129 temporibus
2195 2078 2207 2115 :

551 2152 899 2208 hominibus
948 2152 1190 2224 quidem
1236 2151 1571 2221 incognitis,
1616 2168 1819 2206 verum
1852 2150 2208 2221 frequenter.

554 2248 616 2296 ut
644 2246 870 2313 opinor,
906 2241 962 2295 in
984 2258 1143 2297 anno
1174 2258 1184 2295 :
1211 2248 1451 2313 propter
1482 2241 1595 2295 hoc
1618 2240 1912 2313 siquidem
1943 2240 2000 2294 in
2036 2239 2213 2310 porti«

554 2331 720 2386 cibus
746 2330 1141 2386 decumbebat
1177 2330 1493 2385 multitudo
1525 2345 1746 2398 magna
1778 2328 2209 2397 languentium.

626 2419 839 2475 Verum
873 2420 1062 2475 caeteri
1096 2436 1240 2474 sane
1292 2425 1494 2490 utpote
1531 2419 1728 2473 claudi
1760 2425 1812 2473 et
1844 2417 2016 2481 aridi,
2050 2424 2217 2488 pote-

555 2514 686 2564 rant
705 2514 938 2579 tempus
951 2511 1425 2573 ob=ervare;nam
1444 2507 1718 2562 videbant
1735 2506 1954 2562 turbari
1974 2522 2213 2578 aquam:

556 2599 695 2654 caici
726 2606 924 2654 autem
942 2598 1040 2669 (jj)
1062 2598 1370 2669 quomodo
1384 2596 1598 2651 factam
1617 2613 1789 2668 aquae
1819 2596 2212 2651 turbationem

556 2686 1538 2758 cognoscebant‘Hiabebantcerte
1558 2686 1878 2753 ministros,
1911 2684 2090 2757 quiid
2115 2684 2218 2739 ob-

559 2782 880 2833 servarent.

630 2858 733 2913 llla
758 2873 897 2912 vero
929 2856 1157 2928 piscina
1188 2856 1382 2925 ﬁgura
1411 2860 1538 2910 erat
1570 2854 1811 2925 piscinae
1846 2856 1999 2910 sacri
2030 2854 2216 2926 bapti-

560 2947 672 3001 smi
700 2963 712 3001 :
746 2946 1071 3001 sicutenim
1097 2945 1192 3000 illa
1220 2944 1460 2999 morbos
1477 2944 1844 3007 sanabat,ita
1859 2949 1915 2998 et
1940 2944 2077 3001 ista.
2100 2944 2208 2999 Sed

558 3035 660 3092 illa.
688 3034 936 3105 quidem
967 3032 1327 3105 corporales,
1375 3033 1500 3087 haec
1529 3048 1668 3087 vero
1699 3032 2032 3103 spirituales
2063 3050 2075 3091 :
2111 3032 2215 3090 illa

560 3128 780 3179 statuto
806 3128 1093 3194 tempore,
1127 3123 1255 3177 haec
1286 3125 1483 3175 autem
1513 3136 1749 3192 semper
1782 3138 1795 3185 ;
1840 3121 1939 3176 illa
1972 3124 2215 3176 descen-

561 3212 737 3268 dente
767 3212 1002 3280 angelo,
1022 3212 1147 3267 baac
1174 3210 1528 3265 adveniente
1560 3210 1775 3281 Spiritu
1798 3215 2038 3265 sancto:
2074 3226 2212 3265 nam

565 3301 799 3375 majora
827 3306 966 3357 sunt
1004 3317 1164 3357 nova
1194 3300 1512 3355 veteribus.

638 3480 787 3537 CAP.
836 3480 945 3534 VII.
978 3480 1051 3535 De
1081 3496 1158 3543 eo,
1187 3478 1290 3550 qui
1308 3478 1561 3547 triginta
1590 3484 1643 3534 et
1670 3484 1796 3534 octo
1820 3493 2005 3534 annos
2035 3477 2226 3533 morbo

1206 3567 1534 3623 tenebatur.

638 3658 801 3712 Vers.
824 3663 874 3711 5.
903 3658 1054 3713 Erat
1099 3686 1163 3697 --
1191 3656 1409 3711 morbo.
1445 3655 1677 3711 Morbus
1737 3672 1875 3712 vero
1907 3664 2030 3713 erat
2059 3674 2232 3728 para-

568 3747 736 3819 lysis.
757 3747 915 3800 Alius
932 3752 1128 3800 tamen
1149 3751 1269 3800 erat
1290 3745 1383 3799 hic
1411 3762 1445 3800 a
1465 3745 1813 3816 paralytico,
1842 3746 1915 3801 de
1936 3763 2055 3818 quo
2076 3747 2231 3820 apud

570 3835 902 3891 Matthaeum
921 3834 982 3889 tit
998 3834 1232 3898 mentio,
1252 3834 1403 3887 sicut
1420 3836 1475 3887 in
1494 3835 1833 3889 narratione
1848 3834 2064 3891 decimi
2084 3828 2231 3891 tertii

574 3924 784 3997 capitis
797 3924 954 3979 illius
977 3924 1270 3993 Evangelii
1292 3922 1651 3995 apertissime
1668 3924 2060 3993 signiﬁcatum
2076 3928 2236 3981 est".

648 4016 811 4068 Vers.
836 4017 886 4069 6.
910 4012 1056 4069 Cum
1079 4013 1239 4068 hunc
1262 4014 1494 4068 vidisset
1513 4014 1765 4089 —ﬁeri?
1780 4016 1935 4078 Eum,
1952 4014 2051 4086 qui
2092 4015 2243 4070 mul-

575 4107 633 4157 to
661 4107 927 4173 tempore
951 4101 1232 4156 assiduus
1261 4102 1449 4155 fuerat
1485 4106 1555 4155 ac'
1586 4101 2101 4166 tolerantissimus,
2134 4120 2242 4157 caa—

580 4192 713 4246 teris
740 4192 1057 4263 praeponit:
1081 4196 1204 4244 tum
1230 4190 1392 4262 quod
1422 4191 1803 4245 miseratione
1829 4190 2067 4260 dignior
2088 4195 2245 4247 esset

579 4286 703 4336 tum
726 4280 898 4336 etiam
930 4279 1345 4350 docensquod’
1366 4279 1629 4333 intereos
1647 4280 1747 4350 qui
1778 4296 2038 4350 superno
2071 4288 2247 4349 egent

582 4369 999 4433 medicamine,
1035 4368 1215 4421 Deum
1260 4366 1448 4434 magis
1501 4365 1763 4430 ﬂectunt,
1797 4369 1897 4438 qui
1933 4374 2071 4423 sunt
2101 4385 2243 4423 con-

583 4458 960 4514 stantissimi.
1002 4455 1288 4513 Nondixit
1315 4464 1550 4510 autem:
1598 4454 1691 4508 Vis
1714 4462 1839 4510 utte
1860 4458 2244 4530 curem,qnia

586 4552 713 4602 erat
743 4549 815 4602 ab
848 4545 1191 4616 arrogantia
1216 4544 1466 4608 alienus,
1524 4550 1577 4598 et
1624 4546 1767 4616 quia
1817 4544 1863 4599 is
1894 4548 1996 4616 qui
2037 4549 2246 4601 morbo

590 4636 901 4691 tenebatur
947 4636 1144 4706 ipsum
1186 4650 1575 4706 nequaquam
1630 4634 2034 4703 cognoscebat
2072 4680 2084 4701 ,
2116 4637 2247 4692 ideo

590 4725 766 4779 etiam
791 4740 899 4779 nec
936 4724 1119 4779 ﬁdem
1148 4724 1225 4778 ab
1259 4739 1330 4778 eo
1356 4723 1684 4794 requisivit.

662 4816 1221 4882 Interrogatautem,
1242 4828 1357 4869 non
1375 4818 1434 4867 ut
1451 4812 1717 4877 disceret,
1739 4828 2247 4883 supervacaneum

594 4902 751 4957 enim
778 4906 905 4957 erat
932 4901 1005 4957 de
1037 4918 1097 4957 re
1130 4900 1447 4957 manifesta
1473 4901 1700 4956 discere
1752 4921 1763 4959 :
1801 4902 1901 4955 sed
1939 4909 1997 4956 ut
2030 4921 2132 4974 per
2172 4921 2251 4959 re-

598 4992 977 5063 sponsionem
989 4990 1257 5047 omnibus
1269 4989 1750 5061 ostendaturejus
1762 4992 2251 5047 constantia.\'itle

599 5082 777 5147 enim,
808 5080 954 5154 quid
982 5080 1356 5153 respondeat.

674 5261 722 5294 τ’
749 5258 951 5316 Matth.
984 5275 1063 5316 ix.
1097 5262 1148 5313 2.

2286 4523 2325 4574 υ

2309 540 2683 613 ἐπισπώμενος.
2738 540 2817 593 Ἐν
2876 549 2987 603 ταῖς
3063 542 3263 615 ἑορταῖς
3334 546 3431 617 γὰρ
3484 543 3580 595 ἐκεῖ
3622 540 3834 616 πανδημεὶ

2312 630 2601 704 συνέρρεον,

2380 719 2533 773 Ἐστι
2594 751 2661 759 -
2720 716 2980 777 Βηθεσὸά.
3048 727 3224 773 Ἔστιν
3283 723 3333 773 ἓν
3385 720 3730 795 Ἱεροσολυμοις
3773 742 3837 774 κο-

2308 807 2587 880 λυμϐήθρα
2642 808 2725 861 ἐπὶ
2770 818 2830 882 τῇ
2886 811 3168 880 τοποθεσίᾳ
3224 818 3284 881 τῇ
3351 810 3622 883 καλουμένῃ
3677 809 3837 882 Προϐα-

2312 917 2451 954 τικη.
2484 899 2635 949 Οὖτω
2684 895 2741 950 δε
2783 900 2975 956 ταύτην
3032 900 3296 971 ὠνόμαζον
3345 898 3513 961 ἁπλῶς
3551 902 3673 951 κατὰ
3710 902 3841 971 παρά-

2314 982 2465 1037 δοσιν
2498 985 2748 1058 ἀρχαίαν,
2787 988 2841 1053 ἡ,
2875 990 2943 1049 ὧς
2967 1006 3095 1047 τινες
3123 987 3356 1059 λέγουσι,
3398 985 3490 1040 διὰ
3533 993 3585 1039 τό
3615 987 3754 1040 ἐκεῖσε
3795 994 3843 1039 ra

2313 1074 2550 1147 πρόϐατα
2582 1078 2899 1146 συνάγεσθαι
2922 1076 3103 1141 παῗλαι,
3137 1080 3202 1128 τὰ
3228 1076 3471 1148 μελλοντα
3496 1076 3540 1129 ἐν
3560 1085 3663 1138 ταῖς
3686 1077 3843 1147 ἑορταῖς

2318 1166 2685 1228 θυσιάζεσθαι,
2741 1170 2829 1216 καὶ
2877 1167 2944 1217 τὰ
2986 1168 3179 1217 τούτων
3228 1168 3419 1237 ἔγκατα
3460 1165 3508 1228 ἐξ
3567 1165 3733 1217 ἐκείνου
3776 1172 3843 1214 τοῦ

2316 1249 2510 1313 ὕδατος
2541 1252 2946 1307 ἀποπλύνεσθαι.

2389 1346 2542 1394 Πέντε
2587 1362 2740 1404 στοας
2778 1346 3001 1415 ἔχουσα.
3052 1346 3183 1396 Στοά
3227 1343 3366 1396 ἔστιν
3420 1346 3447 1401 η
3494 1344 3607 1417 παρ’
3654 1345 3757 1414 ἡμῖν
3791 1343 3845 1394 λε-

2316 1435 2506 1503 γομένη
2541 1435 2773 1504 καμάρα,
2810 1434 2839 1491 ἦ
2896 1438 2987 1485 καὶ
3017 1433 3131 1503 (85)
3159 1435 3185 1484 ό
3245 1432 3393 1494 θόλος
3416 1450 3427 1461 ·
3481 1432 3639 1504 κύκλῳ
3664 1429 3715 1484 δε
3756 1434 3847 1483 του-

2320 1537 2408 1580 τας
2465 1518 2740 1591 εἶχεν.”Ως
2792 1518 2879 1573 οὖν
2935 1524 3070 1583 θείας
3120 1519 3388 1594 δυνάμεως
3435 1521 3719 1593 ἐνεργούσης
3758 1521 3848 1583 ἐκεῖ,

2318 1608 2658 1683 κολυμϐήθρα
2704 1614 3113 1680 κατεσκεύαστο,
3172 1616 3262 1663 καὶ
3320 1617 3473 1663 στοαί
3523 1608 3609 1663 διὰ
3659 1615 3759 1671 τοὺς
3794 1629 3850 1659 re.

2322 1706 2560 1761 σοῦντας.

2393 1787 2473 1841 Ἐν
2532 1820 2599 1830 -
2669 1795 2950 1861 νοσήματι.
3013 1792 3108 1842 Διά
3164 1794 3254 1861 μεν
3310 1799 3411 1843 τῶν
3480 1789 3852 1861 ἀπηριθμημένων

2321 1881 2410 1927 καὶ
2454 1880 2520 1929 τὰ
2549 1877 2677 1929 ἄλλα
2712 1883 2987 1951 νοσήματα
3012 1875 3331 1937 δεδήλωται.
3380 1879 3542 1932 Εἰπὼν
3568 1875 3641 1939 δε,
3683 1882 3748 1930 ὁτι
3780 1884 3856 1930 Ka-

2321 1968 2387 2017 τά
2447 1971 2626 2041 καιρὸν
2677 1967 2995 2036 κατέϐαινεν,
3056 1965 3295 2030 ἐδίδαξεν
3360 1970 3439 2020 ὅτι
3493 1969 3548 2020 οὐ
3596 1971 3779 2019 πάντοτε
3814 1972 3854 2017 τὸ

2324 2057 2500 2126 θαῦμα
2525 2054 2737 2127 ἐγίνετο,
2790 2056 2915 2108 ἀλλὰ
2960 2060 3095 2109 κατὰ
3145 2060 3326 2128 καιρὸν
3368 2061 3457 2130 μεν
3501 2059 3737 2129 ἄγνωστον
3777 2063 3855 2116 τοῖς

2324 2142 2632 2215 ἀνθρώποις,
2690 2144 2933 2206 πολλάκις
3001 2143 3060 2197 δε
3126 2142 3272 2217 οἶμαι
3338 2154 3433 2198 τοῦ
3507 2145 3735 2198 ἐνιαυτοῦ.
3789 2147 3857 2197 Διὰ

2325 2241 2475 2285 τοῦτο
2500 2237 2600 2305 γὰρ
2624 2240 2712 2285 καὶ
2743 2234 2790 2285 ἐν
2822 2243 2937 2297 ταῖς
2964 2242 3138 2296 στοαῖς
3164 2240 3430 2288 κατέκειτο
3456 2236 3579 2287 πολὺ
3608 2234 3769 2294 πλῆθος
3786 2242 3855 2284 τῶν

2327 2320 2695 2377 ἀσθενούντων.

2399 2411 2529 2465 Ἀλλ’
2579 2415 2626 2463 οὶ
2650 2416 2740 2484 μὲν
2771 2412 2937 2484 χωλοὶ
2979 2418 3069 2465 καὶ
3109 2414 3258 2485 ξηροὶ
3298 2410 3558 2471 ἠδυναντο
3602 2418 3857 2485 παρατηρεῖν

2327 2503 2412 2551 τόν
2469 2504 2668 2575 καιρὸν,
2726 2502 2892 2575 ἐώρων
2943 2504 3041 2573 γὰρ
3091 2506 3484 2575 ταρασσόμενον
3532 2506 3587 2555 τό
3637 2499 3787 2573 ὕδωρ·
3825 2502 3859 2549 οι

2329 2586 2388 2642 δι
2438 2594 2618 2661 τυφλοὶ
2672 2599 2813 2656 πὼς;
2867 2589 2968 2643 ἀπὸ
3015 2599 3105 2643 τοῦ
3156 2596 3429 2663 γινομένου
3498 2590 3698 2665 θορύϐου
3747 2595 3858 2640 τοῦτο

2328 2677 2629 2750 ἐμάνθανον.
2682 2676 2842 2752 Εἶχον
2867 2676 2925 2732 δὲ
2965 2685 3054 2732 καὶ
3097 2682 3359 2753 ὑπηρέτας
3405 2681 3519 2752 (86)
3568 2686 3861 2751 παρατηροῡν·

2327 2786 2439 2829 τας.

2398 2857 2593 2913 Ἐκείνη
2646 2853 2704 2909 δε
2736 2859 2765 2915 ἡ
2801 2856 3141 2931 κολυμϐήθρα
3186 2860 3347 2919 τύπος
3408 2857 3468 2917 ἦν
3522 2867 3607 2919 τῆς
3656 2854 3863 2928 κολυμϐὶ-

2328 2947 2453 3017 θρας
2482 2945 2574 2997 τοῦ
2602 2945 2755 3017 ἁγίου
2789 2944 3159 3019 βαπτίσματος
3178 2964 3191 2977 ⁸
3216 2952 3396 3023 ὥσπερ
3423 2951 3521 3023 γὰρ
3553 2948 3698 3004 ἐκείνη
3726 2951 3863 2999 νόσους

2330 3034 2462 3103 ἰᾶτο,
2517 3034 2651 3086 οὕτω
2702 3040 2792 3087 καὶ
2851 3036 3004 3093 αὕτη.
3060 3036 3195 3089 Ἀλλ’
3252 3036 3424 3097 ἐκείνη
3466 3041 3551 3110 μεν
3606 3036 3863 3109 σωματικὰς.

2329 3125 2459 3180 αὕτη
2497 3120 2553 3176 δὲ
2583 3124 2841 3195 ψυχικάς.
2876 3130 2975 3177 Καὶ
3019 3124 3182 3183 ἐκείνη
3245 3130 3339 3198 μεν
3390 3130 3521 3178 κατὰ
3564 3146 3669 3178 τινα
3709 3128 3861 3195 καιρόν,

2328 3214 2460 3270 αὕτη
2505 3209 2563 3265 δὲ
2595 3211 2689 3266 ἀεί.
2731 3212 2944 3271 Κάκείνη
2978 3218 3067 3286 μεν
3088 3214 3495 3277 καταϐαίνοντος
3526 3214 3739 3286 ἀγγέλου,
3766 3213 3861 3266 (In

2332 3298 2390 3354 δε
2417 3300 2775 3373 ἐπιφοιτῶντος
2796 3309 2887 3353 τοῦ
2913 3302 3066 3374 ἁγίου
3094 3306 3416 3375 Πνεύματος.
3450 3305 3664 3365 Μείζονα
3682 3306 3765 3373 γὰρ
3793 3309 3864 3350 τῶν

2333 3399 2564 3443 παλαιῶν
2590 3394 2657 3442 τὰ
2699 3393 2872 3442 καινά.

2340 3486 2484 3535 ΚΕΦ.
2532 3479 2604 3534 Ζ’.
2660 3485 2779 3553 Περὶ
2832 3489 2923 3532 τοῦ
2974 3484 3249 3555 τριάκοντα
3306 3482 3447 3536 ὀκτὼ
3500 3486 3580 3541 ἔτη
3633 3477 3867 3553 ἓχοντοςὲν

2957 3580 3017 3643 τῇ
3054 3571 3315 3643 ἀσθενείᾳ.

2412 3658 2507 3711 Ἤν
2544 3690 2611 3698 --
2642 3657 2898 3731 ἀσθενείᾳ.
2929 3663 3154 3732 mpm;
3199 3658 3259 3719 ἦν
3286 3665 3318 3721 ἠ
3360 3661 3609 3715 agema
3640 3660 3806 3731 Ἐτερος
3830 3652 3871 3706 δέ

2344 3746 2484 3799 ἐστιν
2534 3748 2679 3809 οὗτος
2731 3752 2874 3821 παρὰ
2917 3752 3003 3800 τόν
3065 3752 3164 3802 ὑπὸ
3216 3754 3491 3803 Ματθαίου
3538 3748 3872 3823 μνημονευθεντα

2346 3836 2719 3912 παραλυτικὸν,
2775 3840 2911 3898 eam
2960 3846 3020 3911 τῇ
3074 3839 3324 3911 ἐξηγήσει
3376 3849 3468 3893 τοῦ
3516 3833 3872 3913 τρισκαιδεκάτου

2351 3925 2624 3997 κεφαλαίου
2656 3925 2818 3978 αὐτοῦ
2850 3932 3150 3999 σαφέστατα
3189 3925 3511 3987 δεδήλωται.

2423 4022 2613 4067 Τοῦτον
2663 4011 2787 4066 ἰδὼν
2836 4046 2903 4055 --
2934 4019 3207 4086 γενέσθαιὲ
3256 4022 3358 4070 Τὸν
3410 4018 3717 4090 πολυλθθνίῳ
3761 4028 3873 4084 ³90⁸⁸

2353 4100 2411 4155 εδ
2416 4110 2506 4177 ρίᾳ
2534 4110 2802 4178 χρώμενον
2833 4105 2945 4175 (87)
2978 4111 3066 4157 καὶ
3106 4114 3551 4181 καρτερικώτατον
3580 4109 3773 4179 προτιμᾷ
3803 4108 3869 4150 τῶν

2354 4194 2537 4261 ἄλλων,
2564 4202 2717 4245 τοῦτο
2737 4198 2825 4265 μεν
2852 4198 2919 4254 ὡς
2941 4194 3285 4267 ἐλεεινότερον,
3306 4204 3467 4249 τοῦτο
3486 4192 3541 4249 δε
3564 4200 3644 4248 καὶ
3664 4190 3866 4246 διδάσκων

2354 4284 2433 4335 ὅτι
2458 4292 2556 4334 τῶν
2588 4279 2838 4354 δεομένων
2861 4291 2953 4344 τῆς
2980 4285 3170 4337 οἰνωθεν
3195 4285 3428 4358 ἰατρείας
3448 4288 3497 4338 οἱ
3516 4295 3867 4356 καρτεραωτκτοι

2354 4371 2541 4443 μᾶλλον
2582 4370 2968 4443 ἐπικάμπτουσι
3017 4376 3103 4424 τόν
3154 4380 3300 4427 Θεόν.
3349 4374 3461 4427 Οὐκ
3507 4371 3607 4427 εἷπε
3635 4370 3699 4441 δὲ,
3746 4368 3869 4423 Θεὶεις

2358 4463 2655 4532 θεραπεύσω
2710 4479 2786 4525 σε,
2855 4457 2947 4512 δ’ιά
2998 4466 3056 4513 τό
3115 4460 3460 4535 ἁκόμπαστον
3527 4468 3609 4514 καὶ
3658 4458 3769 4513 διότι
3806 4454 3866 4504 οὐκ

2358 4549 2600 4623 ἐγνώριζε
2630 4557 2807 4601 τοῦτον
2840 4550 2966 4611 ὅλως
3013 4552 3039 4603 ὁ
3069 4550 3317 4606 ἀσθενῶν.
3367 4555 3465 4605 Διὰ
3496 4560 3635 4605 τοῦτο
3784 4538 3867 4595 σθδί

2358 4643 2537 4689 πίστιν
2564 4638 2719 4689 αὑτὸν
2751 4636 3035 4711 ἀπῄτησεν.

2431 4818 2628 4888 Ἐρωτᾲ
2660 4815 2717 4869 δὲ
2761 4817 2866 4889 οὐχ
2907 4820 2989 4870 ἶνα
3016 4820 3155 4891 μάθῃ
3181 4838 3193 4850 ·
3246 4825 3493 4894 περιττὸν
3525 4824 3617 4892 γὰρ
3658 4820 3749 4888 περὶ
3782 4830 3866 4882 39¢-

2363 4903 2524 4963 δῆλον
2569 4910 2875 4980 πράγματος
2914 4909 3218 4975 μανθάνειν·
3269 4908 3379 4961 ἀλλ’
3431 4912 3513 4962 ἱνα
3547 4906 3630 4962 διὰ
3668 4913 3742 4963 τῆς

2361 5000 2581 5066 κρίσεως
2610 5004 2739 5068 φανῇ
2772 5003 2933 5048 πᾶσιν
2982 4999 3008 5055 ἡ
3058 5002 3305 5072 καρτερία
3365 5000 3544 5053 αὐτοῦ.
3592 4998 3706 5070 Ὀρα
3726 4993 3799 5062 γάρ
3830 5002 3859 5034 τί

2360 5104 2525 5160 αποκρ
2534 5104 2691 5137 ινεται
2700 5128 2710 5139 .

1809 5391 2027 5460 Variae
2064 5392 2390 5462 lectiones
2443 5404 2507 5462 et
2549 5406 2747 5463 notas.

681 5566 795 5633 {85)
826 5564 953 5620 Imo
984 5566 1038 5623 ἡ.
1079 5560 1220 5619 Vide
1250 5558 1513 5616 Eustath.
1568 5559 1642 5614 ad
1706 5560 1877 5616 Hom.
1934 5564 2175 5633 ρ.1390,
2210 5579 2260 5617 v.

604 5641 693 5695 54.
722 5636 861 5691 edit.
898 5637 1066 5691 Rom.

2590 5564 2871 5639 ’Υπηρετοῦ
2902 5585 2995 5628 τας
3022 5573 3077 5620 Β.

2447 5636 2565 5706 (87)
2608 5636 2981 5710 Κατακείμενον
3010 5654 3121 5713 pro
3148 5644 3409 5713 χρὼρενον
3442 5645 3500 5692 Α.

679 5762 776 5835 (jj)
810 5760 957 5817 Caeci
979 5766 1166 5819 autem
1198 5762 1305 5816 etc.
1338 5756 1483 5814 ϐεεσί
1516 5760 1735 5823 autem,
1765 5757 2073 5831 quomodo
2103 5759 2131 5814 ?
2160 5762 2202 5814 A
2235 5760 2501 5833 strepitu,
2528 5761 2633 5835 qui
2658 5762 2857 5834 ﬁebat,
2886 5763 2999 5821 hoc
3029 5764 3357 5823 discebant.
