4038 6226
163 348 292 407 1209

1179 347 1547 405 COMMENT.
1589 345 1660 404 IN
1698 346 2046 405 JOANNEM.
2095 379 2158 389 —
2197 347 2353 405 CAP.
2395 349 2460 404 V.

3375 346 3514 404 1240

227 474 503 543 ’Δπεκρίθη
565 503 633 516 -—
683 471 1002 527 καταϐαίνει.
1059 472 1410 528 ’Υπὼπτευσεν
1480 474 1562 526 ὃτι
1651 469 1746 525 διὰ

1930 473 2094 529 Vers.
2157 479 2209 531 7.
2258 474 2567 546 Respondit
2610 504 2680 516 —
2727 474 3031 532 descendit.
3093 473 3520 548 Suspicabatur

161 573 303 618 τοῦτο
359 563 516 616 αὐτόν
559 563 800 636 ἠρώτησε
851 572 1023 629 τοῦτο,
1071 565 1153 616 ἵνα
1203 563 1378 636 ἐλέγξῃ
1439 560 1534 616 διὰ
1587 563 1746 636 ῥαθυ-

159 660 272 727 μίαν
304 657 603 727 προῐέμενον
634 657 728 711 τήν
783 657 947 718 ἴασιν,
981 655 1010 713 ή
1059 655 1139 706 ὅτι
1187 651 1500 726 βουλόμενος
1539 671 1741 727 χρησι-

160 752 344 817 μεύσαι
374 747 500 818 πρός
521 747 579 794 τό
612 740 787 815 βαλεῖν
827 742 980 795 αὐτόν
1016 743 1087 804 εἰς
1115 747 1207 801 τήν
1236 741 1626 814 κολυμϐήθραν.
1659 743 1744 793 Διό

161 838 241 884 καὶ
270 831 605 902 ἀπολογεῖται
655 834 736 884 ὅτι
786 834 930 905 παρά
967 835 1024 884 τὸ
1049 836 1121 904 μή
1155 835 1295 904 ἔχειν
1325 833 1595 905 ἄνθρωπον
1623 828 1746 882 ἀπο-

161 924 430 992 τυγχάνει.

228 1011 399 1062 Εἰπὼν
452 1006 531 1075 δε,
592 1011 673 1062 ὅτι
725 1009 806 1063 Ἐν
959 1012 1187 1085 ἔρχομαι
1243 1008 1362 1082 ἐγὼ,
1417 1008 1567 1072 ἄλλος
1649 1009 1749 1083 πρὸ

164 1099 278 1173 ἐμοῦ
349 1098 649 1152 καταϐαίνει
718 1116 730 1129 ⁸
814 1096 976 1162 ἔδειξε
1048 1105 1139 1158 τήν
1204 1105 1478 1175 καρτερίαν
1568 1099 1750 1163 αὐτοῦ,

162 1199 262 1249 πῶς
330 1189 380 1241 ἄν
427 1191 700 1250 τοσούτοις
756 1191 921 1241 ἔτεσιν
967 1187 1348 1261 ἀποτυγχάνων
1398 1191 1473 1242 ἔτι
1503 1192 1754 1262 παρέμενε

162 1284 243 1331 καὶ
270 1278 368 1330 οὐκ
413 1277 691 1350 ἀφίστατο,
736 1283 826 1330 καὶ
862 1285 1030 1331 ταῦτα
1089 1278 1148 1330 οὔ
1177 1279 1423 1352 ῥᾳθυμῶν
1465 1277 1592 1330 ἀλλὰ
1621 1296 1753 1351 παρ-

165 1372 565 1440 αγκωνιζόμενός
613 1387 667 1421 τε
721 1373 812 1421 καὶ
860 1366 1268 1441 έπερεαζόμενος
1323 1372 1413 1420 καὶ
1467 1367 1592 1420 οὐδε
1621 1367 1756 1420 οὕτω

163 1466 374 1532 ναρκῶν.

226 1547 399 1620 Ἡμεῖς
430 1543 508 1612 δε,
562 1544 775 1620 βραχύν
823 1565 940 1599 τινα
991 1549 1171 1620 καιρὸν
1224 1543 1660 1621 προσεδρεύοντες
1683 1552 1756 1615 τῷ

165 1641 261 1707 Θεῷ
294 1632 625 1698 σπουδαίως,
665 1633 748 1688 ἰὰν
776 1639 848 1708 μή
878 1638 1141 1708 τύχωμεν,
1192 1636 1434 1707 ὀκνοῦμεν
1463 1636 1640 1688 λοιπὸν
1667 1639 1756 1687 καὶ

167 1724 534 1798 ἁποφοιτῶμεν,
579 1730 668 1778 καὶ
699 1722 1070 1798 ἁναπίπτομεν.
1121 1725 1254 1779 Ἀλλ’
1287 1724 1543 1790 ἐπίπονον,
1574 1729 1753 1798 φησὶν,

1856 562 2020 633 quod
2044 563 2158 619 hoc
2188 570 2501 636 propterea
2536 563 2733 635 ipsum
2761 563 3188 633 interrogabat,
3226 568 3286 618 ut
3310 577 3520 633 argue-

1857 657 1943 706 ret
1959 652 2122 724 quod
2144 669 2264 724 prae
2278 654 2522 722 segnitie
2542 653 3184 709 frustraretursanitate
3209 669 3220 706 :
3239 649 3520 722 autquod

1860 756 1915 793 in
1943 740 2058 796 hoc
2074 743 2352 813 prodesse
2379 742 2489 798 sibi
2522 741 2713 812 vellet,
2742 747 2806 798 ut
2834 759 2973 797 eum
3010 743 3069 797 in
3098 741 3382 813 piscinam
3410 741 3519 795 im-

1859 833 2114 886 mitteret
2137 848 2148 885 :
2170 831 2297 886 ideo
2313 831 2492 887 etiam
2521 831 2858 902 respondet,
2878 830 3045 903 quod
3066 831 3145 886 ob
3168 831 3228 886 id
3260 829 3515 886 salutem

1861 933 1982 973 non
2013 925 2492 991 consequeretur,
2521 919 2665 992 quia
2696 920 3003 974 hominem
3034 935 3155 974 non
3177 918 3443 974 haberet.

1936 1007 2144 1063 Diceus
2173 1014 2373 1064 autem
2405 1029 2417 1064 :
2443 1009 2592 1064 Dum
2632 1009 2793 1065 venio
2837 1024 2956 1078 ego,
2978 1008 3132 1063 alius
3152 1015 3286 1063 ante
3311 1022 3400 1062 me
3423 1006 3518 1062 de-

1863 1097 2104 1162 scendit,
2125 1113 2295 1152 suam
2313 1097 2567 1152 ostendit
2587 1096 3085 1169 perseverantiam
3113 1112 3233 1168 qua
3250 1099 3329 1150 tot
3347 1094 3520 1150 annis

1865 1183 2203 1251 frustratus,
2222 1186 2420 1242 adhuc
2440 1191 2637 1242 tamen
2665 1187 3073 1258 perseverabat
3089 1190 3144 1240 et
3162 1199 3280 1240 non
3312 1184 3520 1255 despe-

1867 1275 2061 1341 rabat,
2088 1275 2267 1348 idque
2295 1291 2416 1331 non
2441 1277 2664 1346 segnis,
2699 1276 2797 1331 sed
2824 1275 3102 1331 detrusus
3133 1278 3186 1330 et
3233 1271 3516 1337 offensus,

1868 1380 1978 1421 nec
2009 1365 2092 1420 sic
2121 1366 2512 1436 negligentior
2536 1365 2922 1422 efﬁciebatur.

1941 1547 2057 1601 Nos
2090 1549 2288 1600 autem
2318 1545 2484 1600 brevi
2516 1544 2716 1617 aliquo
2747 1549 3016 1615 tempore
3051 1542 3364 1615 diligenter
3400 1541 3522 1595 Deo

1869 1639 2152 1699 astantes,
2183 1635 2368 1690 sinon
2395 1634 2782 1707 assequimur
2802 1633 2967 1705 quod
2998 1636 3295 1703 optamus,
3326 1628 3524 1684 statim

1869 1724 2120 1780 omittim
2133 1742 2198 1779 us
2211 1741 2280 1780 ac
2302 1725 2658 1789 recedimus,
2674 1723 3086 1796 pigrioresque
3106 1719 3434 1776 reddimur.
3452 1720 3525 1772 At

165 1817 191 1873 ἡ
221 1812 467 1876 διηνεκὴς
497 1820 771 1886 προσευχή
804 1836 816 1848 ο
846 1819 935 1867 καὶ
975 1818 1100 1867 ποία
1125 1813 1276 1889 ἀρετή
1329 1815 1424 1867 οὐκ
1472 1813 1706 1876 ἐπίπονος
1739 1831 1753 1879 ;

1893 1814 2239 1869 aboriosum
2283 1819 2390 1883 est,
2443 1813 2696 1886 inquies,
2740 1811 3021 1867 continue
3059 1825 3250 1865 orare.
3295 1808 3361 1863 Et
3389 1821 3525 1879 quin

165 1910 298 1957 Διότι
330 1901 392 1957 δέ
423 1903 682 1974 έπίπονος,
713 1901 808 1957 διὰ
835 1912 988 1957 τοῦτο
1019 1908 1108 1957 καὶ
1137 1900 1433 1978 ἕπικερδής.

230 2087 386 2154 Λέγει
435 2113 500 2122 -
537 2083 822 2156 περιπάτει.
874 2082 949 2134 Οὐ
979 2087 1132 2154 μόνον
1162 2081 1458 2150 ἀνίστησιν,
1512 2080 1642 2134 ἀλλὰ
1669 2085 1758 2133 καὶ

167 2176 245 2224 τὸν
269 2170 568 2245 κράϐϐατον
599 2166 723 2244 ἆραι
755 2171 965 2237 κελεύει,
1001 2173 1083 2223 ἶνα
1108 2173 1344 2244 πιστωθῇ
1378 2175 1435 2224 τὸ
1465 2173 1641 2243 θαῦμα
1669 2174 1759 2222 καὶ

167 2267 231 2332 μή
263 2257 396 2333 δόξῃ
433 2265 692 2331 φαντασία
736 2279 836 2321 τις.
893 2261 951 2314 Εἰ
978 2263 1078 2333 γὰρ
1111 2265 1181 2332 μή
1222 2263 1484 2332 συνεπάγη
1541 2263 1607 2312 τὰ
1630 2259 1756 2333 μέλη

169 2348 410 2422 βεϐαίως,
445 2349 542 2401 οὐκ
570 2347 630 2401 ἂν
667 2353 751 2402 τὸν
781 2348 1072 2424 κράϐϐατον
1105 2346 1331 2408 ἠδύνατο
1366 2353 1550 2424 φέρειν.

229 2532 396 2578 Τοῦτο
453 2521 513 2577 δε
569 2523 838 2596 πολλαχοῦ
903 2529 1197 2591 πεποίηκεν,
1249 2524 1600 2598 ἐπιστομίζων
1646 2529 1762 2585 τοὺς

170 2612 536 2685 δτιαισχυντείν
569 2612 933 2685 βουλομένους.
965 2619 1066 2667 Καὶ
1093 2617 1191 2689 γὰρ
1241 2620 1330 2666 καὶ
1369 2613 1452 2667 ἐπὶ
1499 2623 1590 2667 τοῦ
1620 2617 1762 2689 παρά

168 2713 234 2774 τῷ
257 2705 515 2774 Ματθαίῳ
564 2703 864 2777 παραλύτου
917 2705 1108 2776 ὁμοίως
1153 2709 1425 2763 πεποιήκει
1482 2721 1494 2734 ο
1522 2708 1612 2756 καὶ
1681 2703 1764 2756 ἐπὶ

170 2801 262 2843 τῶν
315 2793 490 2867 οἰρτων
559 2788 652 2844 διὰ
703 2799 856 2845 τοῦτο
893 2792 1112 2863 λείψανα
1166 2792 1329 2845 πολλὰ
1379 2795 1765 2866 παρεσκεύασεν

169 2881 541 2953 ὑπολειφθῆναι
566 2900 578 2912 ·
617 2900 705 2948 καῖ
749 2889 820 2951 τῷ
849 2883 1223 2954 καθαρισθὲντι
1269 2882 1436 2956 λεπρῷ
1481 2881 1766 2957 προσέταξε

169 2967 342 3034 δεῖξαι
371 2969 550 3023 ἔαυτόν
594 2977 666 3040 τῷ
715 2973 838 3044 ἱερεῖ
869 2988 883 3001 ⁸
916 2976 1005 3024 καὶ
1031 2975 1088 3024 τὸ
1151 2968 1294 3045 ὔδωρ
1349 2969 1482 3024 οἶνον
1517 2977 1764 3035 ποιήσας,

167 3058 294 3113 εἶπεν
325 3059 585 3119 ἀντλῆσαι
613 3065 703 3113 καὶ
755 3059 970 3131 ἐνεγκεῖν
1009 3069 1080 3131 τῷ
1113 3060 1492 3136 ἀρχιτρικλίνῳ
1536 3078 1548 3090 ⁶
1573 3064 1661 3112 καὶ
1693 3078 1768 3111 νε-

1864 1901 2050 1958 virtus
2064 1918 2183 1957 non
2197 1909 2278 1958 est
2294 1901 2596 1959 laboriosa
2611 1901 2639 1956 ?
2653 1902 2866 1956 Verum
2881 1901 3032 1955 sicut
3044 1898 3309 1955 laborem
3323 1895 3522 1965 habet,

1866 1996 1946 2047 ita
1970 1998 2027 2047 et
2054 1992 2286 2048 lucrum
2339 1990 2527 2047 affert.

1939 2083 2099 2136 Vers.
2128 2081 2182 2134 8.
2214 2081 2317 2135 Ait
2347 2111 2414 2120 —
2438 2079 2700 2136 ambula.
2728 2079 2854 2133 Non
2887 2075 3083 2132 solum
3111 2075 3302 2145 erigit,
3335 2073 3439 2129 sed
3471 2075 3526 2128 et

1867 2169 2224 2239 grabbatum
2247 2169 2445 2224 tollere
2462 2169 2650 2239 jubet,
2683 2174 2746 2224 ut
2777 2166 3136 2222 miraculum
3166 2180 3298 2221 esse
3323 2162 3526 2219 creda-

1870 2267 1980 2326 tur,
2013 2265 2071 2316 et
2109 2275 2228 2314 non
2269 2263 2556 2330 appareat
2587 2256 2904 2330 phantasia
2931 2255 3156 2325 aliqua.
3200 2252 3316 2309 Nisi
3363 2252 3520 2307 enim

1870 2349 2144 2405 membra
2193 2348 2437 2403 ﬁrmiter
2491 2351 2810 2418 compacta
2878 2343 3090 2409 forent,
3145 2355 3526 2413 nequaquam

1870 2439 2226 2510 grabbatum
2248 2437 2397 2494 ferre
2412 2444 2670 2508 possent.

1943 2532 2061 2585 Hoc
2088 2533 2285 2585 autem
2319 2527 2540 2598 pluries
2580 2526 2732 2590 fecit,
2766 2539 2973 2580 eorum
3015 2522 3118 2594 qui
3151 2519 3529 2593 impudentes

1870 2634 2002 2674 esse
2032 2618 2258 2682 vellent,
2287 2633 2393 2673 ora
2421 2616 2756 2671 obstruens.
2803 2614 2955 2668 Nam
2985 2617 3041 2666 et
3091 2612 3150 2666 in
3183 2609 3526 2681 paralytico,

1872 2713 1946 2764 de
1973 2724 2094 2780 quo
2111 2707 2270 2779 apud
2295 2705 2632 2762 Matthaaum
2655 2705 2722 2768 ⁸ο,
2744 2701 3002 2757 similiter
3019 2701 3157 2756 fecit
3175 2717 3189 2766 ;
3208 2703 3265 2754 et
3285 2700 3341 2754 in
3364 2698 3527 2769 pani-

1878 2799 1984 2852 bus
2005 2797 2217 2853 eadem
2237 2797 2310 2852 de
2327 2801 2601 2858 causa,ut
2617 2793 2875 2866 plurima
2894 2791 3223 2859 fragmenta
3242 2787 3527 2858 relinque-

1877 2885 2415 2955 rentur,ordinavit
2439 2887 2482 2921 ⁸¹
2507 2901 2520 2947 ;
2541 2889 2598 2939 et
2626 2884 2676 2938 ei
2700 2881 2800 2954 qui
2827 2881 3044 2951 alepra
3072 2877 3396 2933 mundatus
3418 2881 3527 2940 est,

1874 2978 2068 3048 jussit,
2086 2980 2145 3030 ut
2166 2993 2226 3030 se
2257 2973 2549 3030 sacerdoti
2576 2970 3008 3039 ostenderet”;
3033 2972 3091 3022 et
3111 2982 3246 3022 cum
3275 2981 3346 3021 ex
3365 2979 3528 3037 aqua

1880 3067 2081 3120 vinum
2115 3064 2364 3130 fecisset,
2398 3059 2680 3134 prmcepit
2720 3065 2779 3114 ut
2827 3057 3155 3115 haurirent.
3186 3053 3526 3120 ferrentque

165 3153 283 3221 κρόν
317 3147 644 3214 ἀναστήσας,
685 3147 958 3202 ἐνετείλατο
1011 3147 1196 3204 δοῦναι
1252 3151 1393 3221 αὐτῷ
1435 3157 1612 3223 φαγεῖν
1639 3166 1650 3179 ⁸
1677 3146 1764 3202 διὰ

1889 3152 2338 3209 architriclino”
2355 3167 2367 3216 ;
2385 3157 2440 3205 et
2459 3166 2593 3205 cum
2614 3156 2911 3204 mortuam
2935 3143 3526 3214 suscitasset,prtnce-

166 3247 260 3290 τῶν
289 3241 543 3290 τοιούτων
574 3239 778 3290 πάντων
806 3240 991 3291 πείθων
1019 3242 1135 3300 τοὺς
1179 3238 1429 3300 ἀνοήτους
1458 3240 1539 3290 ὅτι
1569 3238 1662 3290 οὐκ
1689 3241 1769 3290 ἔσ-

165 3347 239 3380 τιν
263 3327 528 3392 ἀπατεὼν,
563 3326 690 3380 ἀλλά
707 3331 880 3401 Σωτήρ
907 3327 1102 3391 ἀληθής
1131 3337 1226 3392 τῆς
1253 3337 1424 3389 κοινῆς
1448 3337 1544 3382 τῶν
1571 3326 1768 3400 ἀνθρώ-

167 3437 268 3468 πων
295 3419 477 3490 φύσεω
486 3435 525 3476 ς.

237 3511 344 3560 Καὶ
377 3536 446 3546 -
505 3507 821 3578 περιεπάτει.
852 3505 995 3579 ’Δμα
1046 3527 1100 3560 τε
1149 3512 1364 3576 ἤκουσε,
1396 3516 1486 3564 καὶ
1523 3512 1633 3584 οἶμα
1681 3519 1771 3571 τῆς

167 3595 347 3666 ὑγείας
379 3595 684 3666 αἰσθόμενος
723 3595 942 3670 ἠγέρθη,
983 3601 1074 3649 καὶ
1103 3597 1281 3651 λοιπὸν
1319 3597 1485 3672 μηδεν
1531 3599 1772 3670 ὑπολογι-

169 3689 392 3756 σάμενος
424 3681 516 3758 ἦρε
542 3687 626 3736 τὸν
649 3683 939 3757 κράϐϐατον
970 3686 1130 3738 αὐτοῦ
1156 3693 1244 3740 καὶ
1274 3690 1590 3762 περιεπάτει.

231 3773 333 3827 Ἦν
384 3804 454 3812 —
479 3775 770 3847 περιπάτει.
810 3779 947 3846 Ὅρα
994 3775 1293 3850 παρρησίαν
1327 3794 1340 3806 ο
1383 3778 1443 3830 οὗ
1474 3783 1626 3850 μόνον
1670 3781 1770 3852 γὰρ

167 3862 258 3914 οὐκ
290 3862 511 3919 ἐπείσθη
535 3864 752 3924 τούτοις,
785 3860 912 3914 ἀλλὰ
941 3869 1028 3916 καὶ
1061 3869 1147 3916 τὸν
1165 3865 1432 3937 εὐεργέτην
1473 3867 1769 3940 ἀνεκήρυξε,

169 3957 254 4004 καὶ
283 3956 663 4025 προτιμότερον
696 3953 900 4003 πάντων
929 3952 1172 4025 ἀπέφηνε,
1196 3953 1352 4026 λέγων
1382 3972 1394 3984 ·
1424 3957 1646 4016 Ἐκεῖνός
1683 3976 1768 4028 μου

169 4038 326 4104 εἶπεν,
395 4038 568 4110 ἐκείνῳ
627 4041 896 4112 πείθομαι.
964 4048 1064 4095 Καὶ
1123 4047 1224 4117 γὰρ
1290 4042 1475 4106 ἐκεῖνός
1529 4065 1590 4118 με
1622 4045 1773 4099 ἰασά-

169 4149 340 4200 μενος,
395 4129 583 4182 έκεῖνον
634 4132 850 4202 μείζονα
898 4132 1102 4184 πάντων
1165 4134 1396 4206 νομίζειν
1453 4139 1773 4209 παρεσκευα-

174 4238 277 4272 σεν.

241 4310 561 4384 Ἠρωτησαν
623 4339 691 4349 -
741 4313 908 4380 τόπῳ.
966 4308 1108 4382 Ἀμα
1190 4319 1261 4382 τῷ
1323 4314 1639 4386 θεραπεῦσαι
1686 4318 1774 4368 τὸν

1881 3245 1961 3316 pit
1982 3247 2046 3298 ut
2065 3243 2276 3298 darent
2305 3240 2380 3296 illi
2409 3240 2571 3313 quod
2595 3239 2795 3294 ederet
2815 3237 2861 3272 “
2887 3252 2898 3290 :
2927 3233 3243 3290 insensatis
3266 3230 3528 3287 suadens

1878 3349 1984 3405 per
1999 3332 2204 3388 omnia
2223 3331 2324 3401 huj
2336 3327 2661 3394 usmodi,se
2685 3341 2804 3382 non
2833 3341 2964 3381 esse
2982 3324 3395 3394 impostorem,
3418 3319 3524 3375 sed

1878 3439 2086 3479 verum
2129 3421 2499 3478 Salvatorem
2547 3416 2888 3473 communis
2925 3413 3240 3469 hominum
3274 3414 3524 3465 natura.

1952 3513 2110 3566 Vers.
2153 3515 2204 3566 9.
2252 3511 2327 3565 Et
2355 3539 2422 3550 ——
2461 3506 2818 3565 ambulabat.
2873 3502 3045 3560 Simul
3083 3507 3140 3556 et
3180 3497 3429 3564 audivit,
3482 3500 3540 3554 et

1881 3601 2191 3656 sanitatem
2225 3599 2484 3654 sentiens
2509 3601 2734 3652 erectus
2762 3599 2888 3649 est:
2922 3593 3119 3664 itaque
3167 3587 3384 3645 nullius
3427 3586 3538 3643 ha-

1880 3692 2003 3746 bita
2044 3691 2290 3753 ratione,
2321 3687 2451 3743 tulit
2478 3685 2696 3741 lectum
2727 3700 2904 3738 suum
2941 3687 2996 3736 et
3020 3677 3390 3737 ambulabat.

1953 3781 2111 3833 Vers.
2141 3783 2191 3834 9.
2230 3779 2379 3834 Erat
2415 3808 2473 3818 -—
2509 3775 2669 3832 Vers.
2714 3777 2791 3829 tO.
2834 3771 3100 3828 ambula.
3131 3767 3270 3824 Vide
3305 3765 3537 3822 liberta-

1881 3873 1999 3922 tem
2036 3885 2046 3924 :
2075 3885 2268 3940 neque
2315 3867 2475 3921 enim
2517 3865 2710 3920 solum
2744 3879 2861 3917 non
2893 3859 3159 3917 obedivit
3186 3858 3317 3920 illis,
3350 3855 3454 3912 sed
3484 3858 3542 3912 et

1883 3957 2154 4012 beneﬁcii
2206 3961 2510 4011 auctorem
2563 3951 2908 4024 praedicavit
2954 3964 3023 4005 ac
3079 3945 3362 4003 omnibus
3390 3960 3540 4015 pra:-

1884 4048 2228 4100 stantiorem
2264 4042 2703 4100 demonstravit
2752 4039 2974 4094 dicens~
3027 4040 3153 4106 Ipse
3207 4034 3352 4090 mihi
3391 4031 3542 4088 dixit

1885 4135 1996 4206 ipsi
2037 4135 2273 4189 obedivi
2308 4150 2320 4188 :
2364 4132 2659 4204 siquidem
2707 4144 2840 4184 eum
2870 4127 2970 4198 qui
3013 4141 3107 4180 me
3152 4139 3368 4178 sanum
3409 4121 3543 4176 fecit

1884 4225 2174 4294 majorem
2221 4223 2446 4277 cunctis
2473 4220 2690 4274 ducere
2715 4215 2970 4271 decrevi.

1961 4317 2116 4368 Vers.
2149 4315 2232 4366 t2.
2265 4311 2870 4379 Intermgaverunt—
2891 4305 3056 4358 Vers.
3088 4302 3251 4355 Loco.
3269 4296 3462 4353 Simul
3480 4301 3542 4351 ut

171 4399 472 4472 ἄνθρωπον,
515 4396 738 4461 ἓξίνευσε
782 4395 876 4450 διὰ
927 4402 1011 4451 τόν
1065 4399 1244 4471 ὄχλον,
1280 4410 1434 4454 τοῦτο
1459 4407 1549 4474 μὲν
1580 4407 1764 4476 φεύγων

1889 4403 2187 4459 hominem
2204 4405 2542 4462 sanaverat,
2561 4395 2920 4450 subduxerat
2932 4409 2992 4447 se
3006 4396 3246 4462 prepter
3267 4386 3538 4442 turbam:

171 4491 257 4540 τὸν
289 4490 442 4562 παρὰ
470 4496 569 4540 τῶν
621 4487 1099 4563 εὐγνωμονεστέρων
1129 4493 1354 4557 ἔπαινόν,
1405 4503 1556 4544 τουτο
1605 4490 1665 4546 δε
1694 4515 1777 4547 πε-

169 4583 442 4648 ρικόπτων
470 4579 554 4628 τὸν
577 4580 717 4649 παρὰ
745 4585 842 4628 τῶν
874 4575 1330 4652 ἁγνωμονεστέρων
1362 4582 1561 4653 φθόνον.
1621 4586 1780 4637 Εἷωθε

169 4669 274 4738 γὰρ
297 4665 549 4726 πολλάκις
573 4665 688 4737 ὄψις
708 4671 862 4739 μόνον
903 4674 993 4720 τοῦ
1011 4669 1353 4740 φθονουμένου
1383 4669 1569 4729 πολλὴν
1598 4669 1781 4724 ἐνιέναι

172 4755 348 4826 φλόγα
357 4794 370 4807 .

245 4844 406 4898 Μετὰ
471 4849 634 4895 ταῦτα
679 4874 749 4884 —-
795 4847 1025 4915 γένηται.
1079 4846 1523 4919 Παρακμάσοίντος
1553 4843 1660 4906 ἤδη
1694 4853 1783 4901 καὶ

171 4942 267 4987 τοῦ
301 4935 572 4995 θαύματος
629 4937 718 4986 καὶ
774 4942 865 4985 τοῦ
917 4935 1084 5006 θυμοῦ
1123 4942 1222 4986 τῶν
1265 4931 1556 5006 Ἰουδαίων,
1609 4935 1783 5008 ἄντυγ-

170 5025 336 5095 χάνει
382 5021 560 5074 λοιπόν
615 5029 688 5092 τῷ
739 5023 1119 5096 θεραπευθέντι,
1154 5021 1308 5076 θέλων
1359 5022 1642 5096 βελτιῶσαι
1693 5032 1781 5079 καὶ

173 5118 272 5171 τὴν
304 5111 500 5183 ψυχήν
555 5111 668 5182 (88)
729 5110 909 5166 αὐτοῦ.
966 5112 1216 5186 Εὐρίσκει
1272 5109 1331 5165 δε
1381 5113 1534 5167 αὐτὸν
1583 5115 1676 5166 οὐκ
1733 5114 1782 5168 ίν

173 5203 354 5256 ἀνέσει
386 5206 477 5252 καὶ
521 5201 777 5276 ῥᾳθυμίᾳ,
835 5199 1017 5252 ἀλλ’ίν
1047 5209 1120 5271 τῷ
1171 5203 1289 5274 ίερῷ
1337 5208 1781 5278 προσευχόμενον,

251 5380 305 5414 ⁸ο
330 5377 528 5435 \latth.
557 5395 636 5446 ix,
668 5382 720 5436 6.
799 5379 842 5416 ⁸¹
873 5377 1065 5435 Matth.
1092 5394 1213 5446 xw,
1261 5380 1348 5433 20.

1426 5380 1474 5416 ⁸³
1503 5381 1699 5437 Matth.
1730 5397 1843 5448 vm,
1871 5382 1925 5436 4.

1888 4494 2097 4566 partim
2129 4490 2372 4563 quidem
2407 4487 2666 4557 fugitans
2698 4482 2930 4538 Iaudem
2962 4494 3274 4566 aequorum
3303 4475 3541 4566 .partim

1890 4564 2026 4638 vero
2065 4579 2349 4652 invidiam
2399 4581 2720 4648 amputans
2765 4572 3131 4642 iniquorum,
3185 4565 3339 4623 Solet
3383 4564 3542 4620 enim

1891 4672 2228 4743 frequenter
2249 4667 2410 4722 solus
2435 4666 2563 4737 ejus
2590 4665 2963 4734 conspectus,
3017 4656 3112 4713 cui
3147 4656 3271 4728 quis
3299 4652 3542 4718 invidet,

1893 4761 2141 4816 multam
2169 4755 2478 4813 infundere
2506 4753 2816 4809 ﬂammam
2847 4750 2967 4804 irin.

1963 4849 2130 4904 Vers.
2172 4850 2252 4901 14.
2282 4844 2540 4901 Posthac
2568 4873 2632 4881 —
2663 4839 2992 4909 contingat.
3026 4835 3170 4891 Cum
3199 4833 3326 4905 jam
3355 4836 3409 4888 et
3440 4831 3548 4887 mi-

1891 4937 2077 4994 raculi
2106 4952 2311 4992 rumor
2348 4931 2656 4989 defecisset
2704 4934 2761 4984 et
2805 4933 3004 4984 tumor
3056 4923 3418 4988 Judaeorum,
3451 4935 3548 4976 oc-

1894 5027 2072 5083 currit
2109 5025 2160 5082 ei
2187 5025 2289 5098 qui
2317 5027 2562 5078 sanatus
2606 5020 2812 5086 fuerat,
2858 5015 3061 5072 volens
3098 5013 3358 5069 animam
3394 5023 3548 5082 quo-

1893 5132 2011 5188 que
2050 5115 2180 5170 illus
2215 5111 2514 5168 meliorem
2556 5108 2819 5173 reddere,
2870 5104 3084 5176 reperit
3138 5117 3275 5158 eum
3318 5113 3439 5156 non
3488 5098 3548 5154 in

1893 5187 2013 5261 otio
2051 5209 2107 5260 et
2137 5204 2399 5273 segnitie,
2450 5199 2554 5255 sed
2615 5200 2675 5254 in
2730 5193 2953 5264 templo
3002 5198 3271 5248 orantem
3334 5194 3398 5245 ut
3424 5187 3549 5260 opi-

2003 5383 2048 5417 ⁸³
2076 5380 2247 5434 Joan.
2279 5395 2335 5443 ιι,
2363 5376 2421 5432 8.
2508 5375 2555 5412 ⁶⁴
2583 5375 2719 5430 Luc.
2746 5390 2862 5438 vm,
2893 5373 2978 5428 55.

1397 5585 1643 5655 'Varite
1671 5586 1997 5656 lectiones
2029 5595 2096 5653 et
2125 5592 2326 5651 notae.

256 5782 386 5854 (88)
410 5781 622 5838 Ἑαυτοῦ
643 5791 680 5838 Β
693 5829 705 5842 .
