4038 6226
541 310 671 370 1211
1853 316 2205 375 EUTHYMII
2243 318 2576 377 ZIGABENI
3739 324 3844 381 litt

540 459 667 510 nor,
682 460 748 499 ac
765 444 885 500 Deo
916 443 1138 514 gratias
1155 446 1433 513 agentem
1464 460 1475 500 :
1509 448 1566 500 et
1590 444 1869 501 admonet
1898 445 2087 513 illum,
2120 462 2135 500 ι

2248 451 2275 505 λ
2307 442 2475 518 οἶμαι,
2529 452 2614 500 καὶ
2676 447 3067 522 εὐχαριστήρια
3119 456 3190 519 τῷ
3239 454 3352 519 Θεῷ
3400 444 3721 502 ἀποδιδόντα.
3769 457 3843 505 Καὶ

540 532 817 605 deinceps
846 537 1071 604 peccet,
1103 533 1441 599 ostendens,
1492 534 1653 607 quod
1684 539 1923 607 propter
1950 551 2134 606 pecca

2304 543 2547 610 παραινεῖ
2601 541 2689 598 μὲν
2772 542 2957 611 μηκέτι
3034 538 3363 611 ἁμαρτάνειν,
3416 534 3649 590 δεικνύων
3697 542 3763 591 ὅτι
3808 541 3844 603 ἐξ

540 622 887 692 aegrotabat.
940 623 1189 679 Minatur
1222 628 1419 679 autem
1457 625 1696 693 gravius
1725 625 2119 695 puniendum,

2306 625 2572 699 ἁμαρτιῶν
2624 627 2789 679 ἐνόσει
2828 647 2839 660 ·
2912 626 3107 680 ἀπειλεί
3156 624 3235 693 δὲ,
3304 628 3347 679 εἰ
3401 627 3549 679 πάλιν
3603 628 3844 702 ἁμαρτήσει

538 714 889 786 peccaverit,
950 713 1169 768 docens
1200 730 1303 769 eos
1354 717 1457 786 qui
1498 720 1633 787 post
1690 732 1935 788 prenam
1968 731 2133 787 pecca

2305 720 2524 787 χείρονα
2550 715 2784 781 κόλασιν,
2848 713 3120 769 διδάσκων
3154 720 3221 777 ὡς
3252 718 3300 767 οἱ
3328 719 3454 788 μετὰ
3498 721 3587 774 τὴν
3624 715 3672 779 ἐξ
3717 718 3845 789 αμαρ-

538 818 745 857 rursus
777 801 1149 875 delinquunt,
1180 804 1454 859 attrocius
1494 805 1851 875 puniendos,
1906 810 2128 877 tanqua

2304 808 2420 864 τίας
2498 810 2751 877 τιμωρίαν
2826 805 2981 857 πάλιν
3060 805 3453 878 ἁμαρτάνοντες,
3539 806 3845 878 χαλεπώτερον

540 890 874 948 insensatos
917 909 986 948 ac
1017 898 1474 964 contemptores,
1514 894 1636 950 sive
1668 895 1726 950 in
1752 896 2027 967 praesenti
2053 894 2135 949 vit

2304 896 2764 966 τιμωρηθήσοντὰι
2822 897 2891 955 ὡς
2943 894 3254 952 ἀναίσθητοι
3332 902 3421 946 καί
3490 902 3844 968 καταφρονηταὶ,

541 982 666 1038 sive
705 982 763 1037 in
795 983 1015 1047 futura,
1051 983 1175 1038 sive
1206 982 1265 1038 in
1300 989 1562 1056 utraque.

2306 984 2405 1033 εἴτε
2435 982 2482 1034 ἐν
2508 991 2569 1056 τῇ
2602 986 2841 1056 παρούσῃ
2877 985 2983 1057 ζωῇ
3014 987 3112 1037 εἴτε
3136 983 3183 1035 ἐν
3322 983 3570 1056 μελλούσῃ
3602 986 3691 1036 εἴτε
3711 990 3785 1035 καὶ
3809 984 3844 1035 ἐν

2308 1069 2643 1147 ἀμφοτέραις.

613 1161 779 1226 Quod
813 1160 861 1215 si
892 1165 1271 1233 peccatorum
1310 1161 1671 1233 supplicium
1719 1161 1950 1218 duravit
1980 1162 2073 1218 hic
2105 1162 2199 1218 tri-

2382 1161 2438 1213 Ei
2495 1158 2554 1215 δὲ
2614 1160 2835 1214 ἐνταῦθα
2898 1162 3108 1223 κόλασις
3163 1163 3427 1236 ἁμαρτιῶν
3502 1164 3740 1234 παρετάθη
3792 1162 3845 1223 εἰς

538 1250 703 1320 ginta
728 1255 783 1305 et
812 1255 943 1305 acto
976 1267 1188 1313 annos,
1222 1251 1515 1323 quidnam
1533 1252 1748 1323 poterit
1775 1251 2079 1324 quispiam
2111 1252 2133 1307 c'

2307 1257 2722 1323 τριακονταοκτὼ
2774 1254 2885 1317 ἔτη,
2937 1256 2987 1304 τί
3043 1253 3103 1303 οἶν
3154 1272 3229 1312 τις
3282 1255 3416 1303 εἴποι
3463 1257 3576 1325 περὶ
3624 1260 3708 1311 τῆς
3769 1250 3848 1303 ἐκεῖ

543 1339 968 1395 ceredefuturo
982 1340 1315 1410 supplicio?
1344 1340 1571 1412 Utique,
1590 1340 1753 1412 quod
1781 1346 2065 1397 aeternum
2094 1357 2138 1396 e1

2307 1340 2563 1401 κολάσεως
2597 1358 2609 1406 ;
2644 1340 2844 1403 Ὄντως
2889 1344 2991 1415 γὰρ
3041 1340 3375 1403 ἁτελεύτητος
3406 1338 3518 1393 ἐστι
3545 1345 3623 1391 καὶ
3662 1340 3842 1401 αἰώνιος.

540 1444 608 1484 ac
637 1428 755 1483 ﬁne
787 1444 1015 1483 carens.
1051 1431 1251 1501 Neque
1284 1435 1479 1484 tamen
1514 1445 1725 1483 omnes
1773 1429 1964 1484 morbi
2005 1446 2041 1485 a
2067 1446 2135 1501 pe

2310 1433 2443 1484 Οὔτε
2474 1431 2531 1485 δὲ
2560 1439 2729 1484 πᾶσαι
2779 1434 2832 1484 αἱ
2874 1437 3017 1484 νόσοι
3049 1430 3099 1494 ἐξ
3147 1432 3412 1503 ἁμαρτιῶν
3451 1436 3711 1495 τίκτοντοι,
3757 1435 3845 1483 οὔτε

538 1518 678 1572 catis
709 1518 1001 1587 oriuntur,
1040 1533 1236 1589 neque
1277 1533 1487 1573 omnes
1516 1523 1857 1591 peccatores
1884 1524 2133 1589 aegrota:

2307 1524 2492 1583 πάντες
2542 1523 2590 1573 οἱ
2635 1520 3010 1593 ἁμαρτάνοντες
3060 1529 3277 1572 νοσονσι
3310 1541 3324 1553 ·
3362 1524 3461 1573 Καὶ
3512 1522 3536 1571 ὁ
3580 1526 3840 1591 μνημονευο-

538 1606 897 1678 Paralyticus
936 1623 1197 1679 quoque,
1242 1608 1316 1663 de
1348 1624 1464 1679 quo
1524 1608 1686 1679 apud
1742 1609 2075 1664 Matthzeum

2306 1630 2454 1683 μενος
2486 1607 2544 1662 δε
2574 1612 2673 1661 ὑπὸ
2698 1611 2968 1663 Ματθαίου
2988 1608 3339 1683 παραλυτικὸς
3360 1607 3413 1671 ἐξ
3440 1608 3687 1681 ἁμαρτιῶν
3699 1611 3840 1673 ἐνόσει,

539 1696 778 1761 mentio,
811 1701 1047 1767 prOpter
1076 1702 1390 1768 peccatum
1417 1700 1764 1766 aegrotabat,
1793 1702 1853 1751 ut
1880 1697 1955 1751 ibi
1989 1698 2125 1754 disti

2305 1702 2477 1761 καθὼς
2505 1698 2607 1753 ἐκεῖ
2633 1696 2935 1755 διείληπται
2969 1716 2980 1727 ·
3030 1696 3115 1751 διὸ
3166 1703 3254 1750 καὶ
3283 1701 3409 1771 πρὸς
3440 1698 3617 1750 ἐκεῖνον
3643 1701 3807 1771 εἴρηκεν
3833 1716 3840 1727 ε

538 1787 735 1856 guitur
768 1805 778 1844 :
813 1786 948 1840 ideo
973 1785 1152 1842 etiam
1180 1786 1329 1843 dixit
1350 1787 1430 1843 illi
1463 1804 1474 1841 :
1507 1789 1753 1844 Remissa
1774 1794 1908 1843 sunt
1932 1788 2039 1843 tibi
2065 1803 2133 1854 pe

2250 1799 2272 1853 ᾖ
2306 1787 2587 1859 Ἀφέωνταί
2650 1808 2733 1840 σοι
2764 1790 2819 1840 αἱ
2850 1788 3102 1860 ἁμαρτίαι
3134 1807 3247 1840 σου.
3289 1790 3385 1839 Διὰ
3433 1795 3529 1838 τῶν
3556 1789 3769 1838 τοιούτων
3802 1783 3845 1838 δι

538 1882 669 1931 cata
700 1883 795 1930 tua
834 1878 901 1930 ⁸⁵.
929 1877 1039 1931 Per
1068 1876 1215 1931 tales
1264 1882 1458 1931 autem
1510 1878 1787 1935 admovet
1830 1893 2060 1941 omnes,
2091 1894 2133 1931 et

2303 1876 2643 1950 παραγγέλλει
2698 1884 2849 1944 πᾶσι,
2898 1884 3006 1937 τοῖς
3034 1880 3122 1947 μὲν
3162 1880 3315 1947 μήπω
3338 1880 3597 1932 νοσήσασι
3624 1873 3843 1946 φοϐεῖσθαι

537 1965 800 2037 quidem,
828 1965 929 2037 qui
964 1964 1232 2020 nondum
1265 1972 1714 2033 tegrotaverunt.
1752 1971 1813 2021 ut
1848 1967 2132 2022 timeant:

2303 1970 2373 2037 μὴ
2397 1971 2689 2029 νοσήσῶσι,
2720 1974 2803 2017 καὶ
2840 1963 3186 2040 διορθοῦσθαι
3220 1981 3232 1993 ⁸
3260 1972 3368 2026 τοῖς
3404 1960 3462 2017 δὲ
3490 1960 3591 2021 ἤδη
3628 1969 3841 2020 νοσήσασι

538 2054 752 2109 morbo
796 2054 1208 2125 corripiantur,
1239 2059 1296 2111 et
1350 2056 1430 2111 ita
1456 2055 1829 2123 corrigantur
1860 2077 1872 2119 ;
1916 2072 2019 2110 eos
2052 2071 2133 2110 vei

2304 2053 2576 2126 φοϐεῖσθαι
2606 2060 2677 2127 μὴ
2705 2060 2979 2113 νοσήσωσι
3027 2062 3207 2127 χεῖρον
3246 2057 3337 2105 καὶ
3369 2052 3728 2126 ἁσφαλίζεσθαι
3746 2073 3843 2126 προς

531 2144 634 2214 qui
651 2143 777 2213 jam
806 2144 1013 2199 morbo
1054 2145 1501 2211 subjacuerunt,
1558 2149 1619 2200 ut
1649 2144 1894 2199 timeant
1933 2160 2005 2200 ne
2036 2144 2192 2200 dete-
2302 2147 2359 2195 τὸ
2390 2143 2586 2215 μέλλον.

531 2232 653 2286 rius
685 2236 992 2297 aegrotent,
1030 2237 1085 2287 et
1110 2232 1385 2303 deinceps
1417 2233 1649 2288 cautius
1680 2234 1902 2289 vivant.

604 2321 867 2392 Quisque
897 2336 1040 2389 ergo
1070 2327 1359 2385 nostrum,
1397 2322 1446 2377 si
1500 2323 1624 2390 jam
1673 2323 2000 2387 mgrotavit,
2031 2322 2190 2379 dicat

2374 2327 2474 2374 Καὶ
2531 2325 2676 2394 ἡμῶν
2717 2319 2803 2375 οὖν
2848 2324 3085 2383 ἕκαστος,
3133 2322 3176 2374 εἰ
3224 2326 3314 2394 μιν
3366 2318 3473 2380 ἤδη
3522 2326 3751 2384 νενόσηκι,
3784 2317 3840 2369 λι-

531 2409 695 2479 apud
723 2424 851 2465 sese
884 2428 896 2465 ε
933 2410 1082 2466 Ecce
1110 2427 1290 2465 sanus
1314 2413 1517 2478 factus
1560 2428 1631 2474 es,
1667 2429 1780 2466 non
1810 2427 2004 2482 pecces
2026 2413 2126 2467 dei:

2298 2415 2431 2481 γέτω
2510 2416 2636 2485 πρὸς
2713 2414 2891 2464 εαυτόν
2954 2430 2965 2441 ·
3022 2408 3133 2465 Ἰδε
3193 2414 3346 2482 ὑγιὴς
3402 2417 3628 2483 γέγονας,
3696 2411 3837 2480 μηκέτι

531 2514 676 2569 ceps,
707 2515 782 2554 ne
801 2499 947 2571 quid
974 2500 1225 2556 deterius
1255 2500 1361 2555 tibi
1379 2503 1699 2569 contingat.
1734 2502 1905 2566 Quod
1956 2502 2001 2555 si
2044 2519 2122 2558 no

2300 2499 2580 2573 ἁμάρτανε,
2654 2505 2737 2553 ἵνα
2811 2505 2880 2573 μὴ
2934 2508 3115 2575 χεῖρον
3188 2506 3237 2551 τί
3292 2520 3383 2553 σοι
3434 2505 3651 2571 γίνηται,
3689 2497 3725 2549 εἰ
3796 2492 3836 2546 δὲ

530 2587 672 2643 dum
702 2587 910 2645 morbo
950 2590 1225 2645 detentus
1279 2596 1384 2653 est,
1428 2590 1824 2660 apostolicum
1876 2590 2123 2646 oraculu

2300 2592 2442 2641 οὔπω
2499 2594 2786 2650 νενόσηκεν,
2839 2587 3073 2662 ὶπᾳὸἐτω
3125 2590 3286 2659 ἐαυτῷ
3352 2592 3411 2641 τὸ
3458 2583 3836 2640 ἁποστολικὸνλο·

531 2677 692 2748 apud
716 2693 777 2732 se
803 2678 1078 2733 decantet
1122 2679 1400 2734 :Bonitas
1446 2682 1551 2736 Dei
1587 2680 1668 2735 ad
1712 2682 2107 2751 paenitentiam

2298 2697 2431 2747 γιον,
2487 2681 2566 2730 ὅτι
2617 2684 2687 2731 Τὸ
2741 2682 2981 2751 χρηστὸν
3036 2688 3127 2730 τον
3193 2685 3329 2731 Θεοῦ
3388 2678 3458 2738 εὶς
3513 2676 3751 2749 μετάνοιάν
3798 2691 3836 2724 σε

529 2766 759 2831 invitat,
785 2768 888 2823 sed
899 2770 1085 2837 juxta
1104 2769 1385 2825 duritiem
1412 2777 1574 2825 tuam
1603 2776 1656 2825 et
1678 2786 1781 2825 cor
1808 2770 2124 2839 impamiten

2301 2768 2435 2837 ἄγει.
2493 2771 2628 2819 κατὰ
2678 2765 2737 2820 δὲ
2783 2773 2875 2825 τὴν
2931 2767 3259 2841 σκληρότητά
3324 2787 3422 2819 σου
3488 2772 3573 2818 καὶ
3646 2767 3838 2835 ἀμετανο-

529 2855 675 2911 iram
707 2857 816 2911 tibi
836 2857 1097 2913 recondis
1145 2858 1212 2909 ⁸⁸.
1262 2860 1385 2913 Non
1433 2857 1626 2912 solum
1670 2863 1863 2913 autem
1921 2874 2124 2930 corpOI

2302 2875 2423 2913 ητον
2450 2853 2673 2927 καρδίαν
2708 2858 3044 2930 θησαυρίζεις
3077 2865 3277 2925 σεαυτῲ
3310 2855 3493 2928 ὀργήν,
3543 2854 3611 2906 0-5
3650 2858 3774 2925 μόνον
3797 2848 3838 2900 δὲ

533 2946 799 3002 membra
827 2946 1163 3008 astringens
1186 2962 1356 3002 suam
1384 2946 1639 3002 ostendit
1662 2946 2058 3012 divinitatem,
2085 2965 2128 3001 sc

2301 2952 2389 3015 τῷ’
2438 2946 2652 3018 σφίγξαι
2711 2950 2767 2997 τὸ
2822 2956 2973 3016 σῶμα
3026 2950 3291 3020 παρέσχεν
3366 2945 3504 3014 αὖτῴ
3555 2952 3643 3003 τῆς
3689 2941 3837 2998 οἰκείας

530 3035 703 3090 etiam
732 3036 937 3090 dicens
971 3053 985 3093 :
1017 3038 1151 3093 Non
1179 3053 1367 3106 pecces
1407 3036 1666 3105 deinceps
1700 3054 1713 3102 ;
1748 3036 2035 3109 siquidem
2068 3054 2125 3093 οι

2304 3036 2544 3095 θεότητος
2574 3032 2861 3097 ἀπόδειξιν,
2893 3034 3019 3086 ἀλλὰ
3048 3041 3136 3087 καὶ
3166 3043 3237 3105 τῷ
3291 3035 3471 3087 εἰπεῖν·
3506 3036 3684 3090 Μηκέτι
3712 3028 3834 3101 ἄμπελοι

529 3123 629 3180 nia
655 3140 716 3179 se
774 3141 954 3182 nosse
1004 3126 1379 3195 signiﬁcavit,
1433 3126 1820 3198 quantumvis
1873 3127 2053 3182 etiam
2104 3143 2124 3181 ε

2241 3178 2263 3197 Ἴ
2301 3142 2435 3178 τανε.
2484 3131 2580 3177 Καὶ
2608 3128 2709 3197 γὰρ
2734 3121 2990 3182 ἐδήλωσεν
3022 3126 3101 3176 ὅτι
3129 3126 3296 3175 πάντα
3318 3120 3409 3176 οἶδ
3413 3143 3452 3189 ε,
3471 3125 3628 3174 καὶτὰ
3654 3118 3836 3191 ἀπορρη-

536 3230 710 3270 cana.

2233 3230 2264 3236 ⁷
2301 3233 2382 3266 τα.

600 3304 764 3360 Vers.
801 3306 885 3360 15.
921 3305 1159 3360 Abiit—
1186 3321 1420 3361 sanum.
1450 3304 1603 3360 Abiit
1625 3308 1679 3359 et
1710 3305 2041 3371 nuntiavit;
2072 3321 2189 3360 non

2373 3302 2625 3362 Ἀπῆλθεν
2680 3334 2743 3344 --
2794 3304 2939 3373 ὑγιῆ.
2999 3301 3229 3359 Ἀπῆλθε
3282 3307 3376 3354 καὶ
3423 3299 3709 3371 ἀνήγγειλεν,
3757 3294 3833 3363 οὐχ

527 3395 1087 3467 tanquaminiquus,
1109 3400 1168 3449 ut
1199 3395 1493 3468 proderet,
1530 3394 1628 3449 sed
1665 3399 1951 3466 tanquam
1987 3400 2116 3466 grai

2301 3394 2366 3453 ὡς
2427 3390 2672 3462 ἀγνώμων
2724 3394 2804 3442 ἵνα
2853 3387 3141 3463 προδώσει,
3202 3389 3312 3440 ἀλλ’
3362 3394 3430 3451 ὡς
3501 3389 3736 3459 εὖγνωμων
3774 3384 3832 3433 ἱνα

527 3488 592 3539 ut
620 3484 1059 3539 benefactorem
1117 3484 1472 3553 divulgaret.
1535 3487 1678 3539 Nam
1732 3483 2089 3539 beneﬁcium

2298 3480 2599 3554 ἀνακηρύξη
2671 3484 2754 3532 τὸν
2812 3480 3095 3552 εὐεργέτην.
3154 3479 3327 3537 Ἰκανή
3385 3482 3483 3550 γὰρ
3534 3482 3616 3529 καὶ
3658 3476 3682 3528 ἡ
3732 3473 3829 3539 εὐερ-

530 3572 707 3627 minte
740 3572 1136 3637 sufﬁciebant,
1166 3583 1228 3628 ut
1249 3590 1384 3628 eum
1439 3572 1497 3628 in
1521 3572 1718 3628 ofﬁcio
1775 3574 2115 3628 contineren

2297 3575 2451 3640 γεσία
2515 3575 2604 3620 καὶ
2661 3571 2689 3626 ἡ
2750 3567 2929 3624 ἀπειλή
2979 3568 3218 3638 ἐπισχεῖν
3276 3568 3455 3619 αὐτόν.
3508 3570 3601 3620 Καὶ
3637 3563 3686 3616 οὐ
3717 3565 3826 3632 μόνον

528 3676 636 3715 nec
666 3661 758 3715 his
785 3666 1014 3716 tantum
1048 3661 1323 3731 alligatus
1354 3667 1498 3727 erat,
1556 3678 1758 3716 verum
1816 3663 1991 3717 etiam
2027 3663 2123 3716 tim

2299 3654 2498 3729 ᾐδέσθη
2528 3657 2606 3723 ἂν,
2643 3656 2769 3708 ἁ).λὰ
2798 3662 2885 3708 καὶ
2933 3655 3158 3728 ἐφοϐήθη
3191 3662 3260 3727 μή
3314 3676 3369 3707 τι
3407 3664 3579 3728 χεῖρον
3607 3654 3825 3722 πάθῃμε·

525 3747 632 3803 bat
669 3763 743 3803 ne
768 3748 912 3819 quid
944 3749 1199 3803 deterius
1229 3755 1549 3820 pateretur.
1583 3750 1906 3805 Praesertim
1942 3750 2101 3821 quod

2295 3752 2483 3817 γίστην
2508 3746 2673 3798 λαϐὼν
2707 3742 2973 3807 ἀπόδειξιν
3026 3754 3116 3805 τῆς
3164 3752 3254 3796 τοῦ
3287 3745 3550 3817 εὐεργέτου
3591 3739 3818 3810 duratam»?-

525 3851 660 3891 eum
676 3838 923 3907 prodere
935 3837 1238 3901 voluisset,
1253 3854 1637 3909 nequaquam
1657 3838 2120 3911 dixissetquodl

2297 3834 2491 3895 ’Ἄλλως
2537 3855 2591 3888 τε
2629 3841 2715 3887 καὶ
2746 3836 2789 3887 εἰ
2818 3831 3106 3906 προδοῦναι
3146 3842 3330 3885 τοῦτον
3387 3834 3623 3898 ἐϐούλετο,
3670 3830 3745 3881 οὐκ
3783 3826 3823 3874 ἆυ

527 3926 1006 3998 susesset,quise
1031 3933 1320 3992 sanasset,
1357 3928 1459 3982 sed
1489 3928 1650 4000 quod
1676 3928 1847 3983 Jesus
1881 3933 2056 3993 esset,
2082 3944 2121 3999 q

2295 3922 2428 3977 εἶπεν
2476 3927 2556 3976 ὃτι
2600 3924 2801 3983 Ἰησοὺς
2841 3922 2980 3975 ἔστιν
3013 3925 3037 3974 ὀ
3073 3928 3298 3982 ποιήσας
3344 3942 3410 3995 με
3444 3925 3557 3993 ὑγιῆ
3591 3940 3601 3951 ·
3641 3917 3727 3968 ἀλλ’
3768 3917 3821 3964 ὁτι

524 4014 789 4080 dixisset,
823 4016 875 4072 ei
917 4033 929 4071 :
967 4018 1123 4072 Tolle
1152 4017 1487 4085 grabbatum
1517 4025 1680 4073 tuum
1724 4026 1773 4072 et
1800 4017 2056 4073 ambula.
2085 4019 2111 4070 J

2293 4010 2495 4073 Ἰησοῦς
2522 4012 2661 4065 ἐστιν
2692 4015 2716 4064 ὁ
2747 4013 2895 4065 εἰπών
2924 4032 3035 4083 μοι,
3068 4011 3224 4083 Ἆρον
3256 4016 3346 4063 τὸν
3379 4010 3654 4086 πράϐϐατον
3672 4026 3744 4058 σον
3760 4006 3820 4052 καὶ

523 4104 629 4159 ὀξεῖ
661 4105 818 4161 enim
841 4105 1191 4177 quaerebant
1219 4107 1441 4163 discere
1472 4122 1590 4161 non
1614 4106 1746 4179 quis
1776 4106 2012 4161 fecisset
2043 4122 2113 4160 eu

2290 4105 2578 4174 περιπάτει.
2605 4105 2669 4154 Oi
2690 4106 2789 4176 γὰρ
2826 4098 3075 4154 Ἰουδαῖοι
3101 4104 3281 4171 μαθεῖν
3302 4099 3518 4161 ἐζήτουν
3539 4099 3591 4149 οὗ
3611 4100 3676 4155 τίς
3694 4095 3816 4143 ἐποὲτα

524 4209 761 4263 sanum,
797 4193 902 4249 sed
931 4194 1065 4266 quis
1080 4194 1317 4250 dixisset
1346 4194 1423 4249 illi
1450 4212 1462 4249 :
1497 4194 1649 4250 Tolle
1671 4195 1990 4263 groblatum
2017 4201 2116 4249 tua

2291 4212 2373 4244 σεν
2405 4192 2557 4244 αὑτὸν
2586 4194 2732 4261 ὑγιῆ,
2777 4191 2902 4242 ἀλλὰ
2933 4195 3009 4252 τίς
3040 4192 3065 4241 ὁ
3086 4191 3237 4242 εἰπὼν
3276 4190 3593 4262 αὗτῴ,Ἀρον
3609 4193 3680 4237 τὸν
3701 4180 3816 4232 κοάξ·

521 4292 573 4339 et
602 4285 863 4340 ambula.
893 4285 1021 4356 Ipse
1052 4299 1213 4353 ergo,
1238 4284 1379 4354 quia
1409 4284 1631 4339 crimen
1662 4283 1960 4338 incurrere
1984 4299 2046 4338 se
2076 4299 2112 4353 p

2287 4280 2440 4332 ϐατὸν
2484 4300 2576 4332 σου
2608 4280 2697 4331 χαί
2728 4283 3019 4352 περιπάτει.
3050 4279 3215 4340 Οὗτος
3263 4275 3322 4331 δὲ
3362 4282 3419 4330 τὸ
3485 4274 3653 4329 δοκονν
3678 4270 3812 4340 57:}:-

520 4371 703 4438 tabat,
728 4373 774 4428 si
819 4374 1109 4437 tacuisset,
1140 4373 1495 4429 beneﬁcium
1545 4373 1904 4443 pra-dicavit.
1966 4374 2115 4427 Grati

2285 4390 2360 4441 μα
2388 4376 2617 4440 σιγήσας
2653 4374 2744 4427 τὴν
2803 4369 3100 4443 εὐεργεσίαν
3162 4364 3560 4440 ἐδημοσίωσεν.
3594 4362 3812 4431 Εὗγνθέθέιων

519 4460 720 4533 itaque
743 4478 811 4517 ac
849 4462 1029 4517 libere
1057 4462 1309 4532 loquens
1341 4460 1679 4515 censendus
1723 4466 1814 4517 est
1849 4460 1943 4516 hic
1968 4459 2109 4514 hom

2215 4500 2251 4553 Β
2286 4454 2372 4510 οὖν
2402 4464 2487 4511 καὶ
2516 4458 3037 4533 πεπαῤῥησιασμένος
3091 4458 3116 4507 ὁ
3148 4458 3419 4529 ἅνθρωπος
3450 4456 3588 4515 οὗτος
3612 4457 3684 4503 καὶ
3720 4451 3810 4515 μέμ·

522 4550 807 4621 omnique
839 4567 1046 4606 carens
1098 4550 1499 4606 accusatione.

1269 4550 1499 4606 :atione.
2210 4547 2244 4553 ”
2284 4547 2423 4618 ψεως
2453 4548 2664 4607 ἁπάσης
2696 4547 2864 4608 ἐκτός.

592 4638 752 4693 Vers.
803 4643 881 4693 16.
914 4640 999 4693 Ae
1026 4671 1093 4679 —-
1130 4638 1403 4695 Sabbalo.
1459 4628 1875 4703 Quantum’ad
1926 4637 1984 4691 id
2012 4636 2175 4709 quod

2357 4637 2461 4690 Καὶ
2489 4666 2553 4676 -
2581 4635 2845 4706 Σαϐϐάτῳ.
2878 4642 2961 4705 Τῷ
2990 4639 3275 4707 φαινομένω
3311 4638 3403 4708 μεν
3435 4629 3524 4686 διὰ
3552 4636 3679 4683 τοῦτο
3717 4638 3729 4653 ⁵
3758 4628 3806 4683 τῷ

519 4724 868 4796 apparebat,
891 4732 1131 4797 propter
1150 4727 1263 4781 hoc
1290 4743 1302 4792 ;
1336 4732 1630 4797 quantum
1650 4742 1785 4781 vero
1818 4725 1895 4780 ad
1927 4725 1985 4780 id
2012 4741 2114 4797 qut

1585 4742 1630 4780 11
1650 4742 1785 4781 vero
1818 4725 1895 4780 ad
1927 4725 1985 4780 id
2012 4724 2173 4797 quod
2286 4729 2617 4798 κεκρυμμένῳ
2646 4722 2703 4777 δὲ
2735 4721 2826 4776 διὰ
2864 4727 2949 4776 τὸν
2974 4726 3180 4795 φθόνον.

519 4812 820 4869 occultum
847 4818 987 4879 erat,
1018 4820 1259 4885 propter
1296 4814 1602 4869 invidiam.
3603 4893 3610 4894 γ
3684 4887 3692 4894 ,
3774 4885 3778 4894 ,

590 4903 751 4959 Vers.
801 4907 880 4958 t7.
911 4904 1073 4959 Jesus
1109 4911 1299 4960 autem
1348 4935 1417 4943 —
1447 4920 1668 4972 operor.
1702 4903 1983 4974 Utrinque
2026 4903 2178 4974 seip-

2357 4907 2414 4951 Ὀ
2446 4896 2503 4953 δέ
2535 4901 2738 4959 Ἰησοὺς
2783 4930 2847 4940 -
2880 4898 3191 4973 ἐγράζομαι.
3254 4894 3483 4959 Ἔδειξεν
3539 4893 3637 4965 (89)
3676 4887 3800 4974 tua?“

518 5008 653 5049 sum
686 4994 803 5048 Deo
831 4992 1125 5065 aequalem
1155 5009 1281 5048 esse
1310 4970 1565 5049 ostendit
1600 5009 1613 5057 ;
1645 4999 1701 5047 et
1743 4970 1947 5046 dicens
1990 4995 2109 5047 Dcu

2291 4988 2399 5042 ἴσον
2432 4998 2502 5059 τῷ
2528 4996 2634 5059 Θεῷ
2657 4987 3093 5062 ἑκατέρωθεν,ἀπο
3123 5007 3177 5041 τε
3207 5007 3298 5039 του
3331 4982 3485 5039 εἰπεῖν
3508 4984 3683 5053 Πατέρα
3706 4970 3798 5025 Etim

516 5085 748 5155 patrem
783 5064 979 5151 suum,
1016 5086 1069 5138 et
1106 5082 1328 5146 dicens,
1376 5098 1437 5137 se
1490 5081 1724 5153 operari
1766 5081 1915 5135 sicut
1953 5080 2111 5136 illum

2283 5080 2370 5130 τὸν
2393 5081 2513 5130 Θεὸν
2557 5082 2648 5129 καὶ
2681 5075 2781 5129 ἀπὸ
2822 5084 2912 5129 τοῦ
2942 5076 3122 5136 εἰπεῖν,
3154 5074 3471 5149 ἐργάζεσθαι
3498 5073 3644 5127 καθὼς
3668 5064 3796 5163 ὰιῖῖσς

516 5150 592 5228 ne
647 5171 929 5244 deinceps
967 5150 1253 5243 tanquam
1303 5186 1452 5242 puro
1495 5150 1721 5226 homini
1774 5168 2106 5225 auscultare

2285 5168 2368 5219 ἶνα
2409 5170 2595 5239 μηκέτι
2624 5169 2694 5227 ὡς
2731 5164 2983 5239 ἀνθρώπῳ
3018 5165 3149 5237 ψιλῷ
3178 5169 3343 5237 τούτῳ
3372 5150 3794 5239 τεροσίχιιιιειίνοἀλλ’ι

514 5260 585 5327 ei,
617 5258 720 5316 sed
753 5241 1039 5333 tanquam
1058 5241 1174 5315 Deo
1203 5241 1451 5331 .ltaque,
1483 5258 1647 5331 quod
1673 5257 1913 5313 dicitur:
1947 5257 2041 5312 Ad
2067 5257 2104 5312 Ιι

2282 5260 2371 5308 καὶ
2402 5259 2471 5317 ὡς
2510 5263 2643 5325 Θεῷ.
2692 5258 2761 5308 Τὸ
2803 5258 2891 5329 μὶν
2923 5250 3009 5307 οὖν
3044 5256 3133 5315 ἕως
3181 5256 3324 5328 ἄρτι,
3371 5255 3431 5305 τὸ
3496 5248 3692 5305 διηνεκές
3730 5241 3790 5290 τίς

513 5350 982 5424 usquetemporis,
1011 5346 1456 5404 continuitatem
1479 5346 1841 5419 operationis
1854 5345 2108 5417 signiﬁca

1135 5346 1456 5404 tinuitatem
1479 5346 1841 5419 operationis
1854 5345 2168 5417 signiﬁcat.
2282 5344 2536 5420 ἐργασίας
2557 5340 2593 5397 δ
2597 5342 2730 5402 ηλοὶ.

587 5477 634 5511 ⁸⁸
661 5473 851 5532 Matth.
892 5489 970 5543 ix,
1001 5478 1055 5529 ‘2.
1133 5475 1180 5508 ⁸⁸
1213 5474 1380 5528 Rom.
1425 5488 1480 5527 ιι.
1516 5474 1569 5537 4,
1590 5472 1643 5526 5.

2226 3178 2265 3236 C

1768 5596 1987 5665 Varias
2034 5595 2359 5665 lectiones
2410 5606 2472 5663 et
2517 5607 2717 5661 notae.

587 5732 701 5805 (89)
747 5733 917 5786 Αὐτὸν
947 5734 1012 5787 Α.
