4038 6226
120 319 264 377 1213
1192 316 1547 374 (ῼΟΜΜΕΝΤ.
1591 314 1661 372 ΙΝ
1700 354 1705 369 .

1820 314 2054 374 .NNEM.
2094 349 2163 359 --
2193 319 2346 374 CAP.
2379 319 2448 377 V.
3347 317 3485 375 1214

194 452 382 507 Διττῆς
429 441 488 498 δι
537 446 814 518 νοουμένης
865 443 951 498 ἐπὶ
1009 451 1142 500 Θεοῦ
1202 452 1297 507 τῆς
1343 443 1625 520 ἓργασίας³
1686 445 1705 500 i

1904 447 2052 504 Cum
2083 453 2283 505 autem
2309 448 2534 521 duplex
2589 447 2952 518 intelligatur
3003 447 3105 504 Dei
3162 449 3432 521 operatio
3466 463 3480 505 :

110 539 208 608 μὲν
250 538 354 612 γὰρ
413 539 655 606 σημαίνει
711 539 804 593 τήν
851 537 962 588 κατ’
1011 534 1182 609 ἀρχὰς
1230 532 1582 610 δημιουργίαν
1621 543 1705 587 rein

1830 553 1951 594 una
1978 539 2276 610 siquidem
2294 538 2590 609 signiﬁcat
2608 544 2958 594 naturarum
2973 538 3050 593 ab
3067 538 3310 594 exordio
3325 554 3486 594 crea-

111 629 346 698 φύσεων,
385 627 414 683 ἡ
479 623 536 677 δι
577 629 671 683 τὴν
720 623 827 688 μετ’
882 625 1078 683 ἐκείνην
1126 626 1419 695 οἰκονομίαν
1461 629 1551 676 καὶ
1593 629 1705 696 πρό-

1829 627 2072 690 tionem,
2102 628 2286 684 altera
2306 635 2506 684 autem
2539 637 2670 700 post
2691 627 2876 693 illam,
2897 627 3389 696 gubernationem
3413 643 3482 682 ac

105 734 261 766 νοιαν
329 719 418 766 καὶ
479 718 800 788 συντήρησιν
859 714 1063 766 αὐτῶν⁶
1097 717 1231 766 κατὰ
1273 717 1362 787 μὲν
1415 717 1472 766 τὸ
1517 723 1705 785 πρῶτοτ

1829 717 2291 788 providentiam,
2324 734 2653 792 earumque
2697 718 3232 774 conservationem.
3284 717 3482 772 Primo

1829 806 2075 878 quidem
2106 807 2453 877 signiﬁcato,
2480 807 2731 864 cessavit
2765 808 2860 864 die
2887 809 3140 879 septimo
3184 804 3263 861 ab
3289 808 3480 861 omni-

1829 895 1943 951 bus
1972 897 2258 967 operibus
2291 897 2414 952 suis
2435 913 2449 963 ;
2470 897 2734 953 secundo
2759 913 2898 952 vero
2914 912 3151 968 semper
3176 899 3478 968 operatur,

1829 991 2156 1042 creaturam
2221 987 2587 1055 gubernans,
2634 986 2954 1059 providens
3005 1002 3073 1041 ac
3115 998 3481 1040 conservans

1828 1073 2004 1129 illam.
2038 1075 2149 1130 Nec
2179 1079 2338 1131 vetat
2377 1075 2498 1132 ulla
2526 1075 2618 1131 lex
2647 1075 3046 1143 legislatorem
3079 1089 3316 1146 semper
3341 1088 3480 1145 ope-

1826 1163 1945 1219 rari
1963 1169 2370 1221 creaturarum
2395 1181 2642 1222 suarum
2664 1164 2939 1220 salutem.

108 808 502 876 σημαινόμενον
547 808 871 856 κατέπαυσεν
936 802 984 854 ἐν
1042 812 1104 876 τῇ
1176 806 1346 877 ἡμέρᾳ
1395 812 1456 862 τῆ
1520 799 1717 875 ἑϐδόμῃ

105 891 215 944 ἀπὸ
284 893 397 965 (90)
447 902 545 944 τῶν
597 895 757 966 ἔργων
815 893 1016 944 αὐτοῦ’
1075 896 1210 946 κατὰ
1263 890 1322 946 δὲ
1369 896 1424 945 τὸ
1483 889 1719 965 δεύτερον

103 979 188 1033 ἀεὶ
265 981 563 1053 ἐργάζεται,
617 981 898 1053 οἰκονομῶν
961 987 1049 1040 τὴν
1107 988 1280 1035 κτίσιν
1336 987 1426 1034 καὶ
1476 984 1722 1054 προνοού-

100 1090 269 1142 μενος
295 1076 385 1123 καὶ
417 1073 651 1142 συνέχων
679 1071 862 1137 αὐτὴν,
891 1075 981 1122 καὶ
1018 1077 1168 1144 νόμος
1198 1069 1372 1133 οὐδεὶς
1401 1071 1581 1123 κωλύει
1634 1074 1719 1122 τὸν

98 1162 398 1231 νομοθέτην
429 1158 744 1235 ἐργάζεσθαι
772 1162 988 1214 πάντοτε
1017 1165 1109 1220 τὴν
1155 1163 1416 1233 σωτηρίαν
1445 1169 1545 1212 τῶν
1571 1179 1719 1212 κτισο

96 1252 292 1321 μάτων
331 1250 507 1304 αὐτοῦ.

175 1345 574 1413 Παρατὴρησον
622 1336 682 1392 δι
730 1340 810 1392 ὅτι
851 1336 1117 1413 διαφόρως
1162 1344 1280 1414 περὶ
1317 1346 1410 1401 τῆς
1457 1346 1549 1392 τοῦ
1589 1338 1714 1391 Σαϐ-

97 1427 276 1480 ϐάτου
349 1429 412 1480 λύ
421 1447 518 1481 σεω
527 1449 548 1490 ς
611 1427 1002 1502 ἐγκαλούμενος,

97 1517 470 1588 ἀπολογεῖται,
499 1519 730 1592 καθάπερ
759 1523 848 1570 καὶ
868 1526 976 1584 νῦν,
1008 1522 1130 1571 ποτε
1159 1514 1218 1571 δὲ
1243 1516 1710 1593 ἁνθρωποπρεπῶς.

94 1606 386 1659 Ἐϐούλετο
413 1610 514 1680 γὰρ
558 1606 823 1680 ἀμφότερα
852 1609 1214 1676 πιστεύεσθαι,
1247 1613 1336 1660 καὶ
1367 1612 1452 1665 τὴν
1495 1609 1714 1664 θεότητα

91 1696 270 1748 αὐτοῦ
292 1702 385 1748 καὶ
413 1702 502 1755 την
523 1695 816 1770 ἐνανθρώπη
827 1717 927 1750 σιν.

1085 1433 1208 1482 ποτε
1271 1432 1360 1501 μὲν
1431 1430 1716 1500 θεοπρεπῶς

1896 1341 2163 1400 Observa
2192 1349 2412 1412 autem,
2433 1343 2595 1417 quod
2618 1343 2692 1399 de
2720 1342 2953 1399 sabbati
2984 1342 3281 1398 solutione
3302 1341 3478 1398 variis

1823 1431 1969 1488 locis
2021 1438 2339 1490 accusatus
2370 1434 2665 1490 interdum
2710 1433 2954 1507 quidem
2999 1437 3290 1504 tanquam
3321 1434 3476 1488 Deus

1822 1522 2160 1592 respondet,
2184 1528 2358 1594 prout
2379 1538 2536 1579 nunc
2561 1540 2574 1579 :
2597 1523 2965 1596 quandoque
2991 1538 3154 1587 vero,
3188 1526 3475 1592 tanquam

1821 1610 2006 1667 homo
2035 1628 2049 1667 :
2078 1612 2315 1668 volebat
2361 1629 2624 1685 namque
2655 1616 2719 1669 ut
2763 1613 3099 1669 crederetur
3131 1616 3474 1683 utrumque,

1822 1706 1964 1774 puta
1993 1708 2050 1757 et
2079 1718 2186 1756 sua
2211 1702 2486 1758 divinitas
2518 1708 2574 1759 et
2612 1703 2965 1758 incarnatio.

164 1784 308 1858 [Τοῦ
355 1785 511 1856 ἁγίου
543 1786 656 1857 (91)
697 1786 977 1859 Μαξίμου*
1027 1790 1154 1848 Τοὺς
1198 1790 1286 1859 μὲν
1327 1792 1564 1861 πρώτους
1613 1795 1705 1837 τῶν

1892 1791 1983 1857 Η
2015 1790 2212 1847 Sancti
2266 1793 2534 1848 Maximi:
2587 1796 2740 1848 Deus
2788 1809 2926 1848 cum
2981 1791 3186 1856 semel,
3223 1790 3303 1846 uti
3343 1789 3472 1861 ipse

85 1879 396 1946 γεγονότων
424 1874 611 1946 λόγους
656 1877 681 1927 ό
712 1879 855 1941 Θεὸς,
907 1882 998 1929 καὶ
1041 1879 1133 1939 τὰς
1163 1879 1384 1929 καθόλου
1415 1885 1511 1928 τῶν
1559 1879 1713 1927 ὄντων

85 1965 311 2030 οὐσίας,
357 1964 519 2030 ἅπαξ,
575 1967 640 2025 ὡς
682 1961 813 2029 οἶδε,
872 1965 1280 2041 συμπληρώσας,
1309 1968 1382 2017 ἔτι
1438 1964 1709 2037 ἐργάζεται

83 2054 146 2106 ού
193 2059 365 2127 μόνον
394 2059 486 2111 τήν
516 2057 709 2106 τούτων
766 2054 933 2107 αύτῶν
977 2060 1108 2128 πρὸς
1155 2059 1214 2107 τὸ
1268 2052 1397 2107 εἶναι
1445 2059 1712 2128 συντήρη-

86 2163 195 2211 σιν,
253 2143 391 2195 ἀλλὰ
446 2149 536 2196 καὶ
583 2148 678 2201 τὴν
735 2143 845 2196 κατ’
899 2143 1151 2219 ἐνέργειαν
1209 2141 1556 2218 δημιουργίαν
1610 2150 1709 2195 τῶν

83 2232 132 2284 ἐν
181 2233 376 2293 αὐτοῖς
408 2229 629 2305 δυνάμει
684 2243 871 2307 μερῶν.
930 2233 1009 2287 Ἐν
1047 2237 1149 2309 γὰρ
1205 2242 1266 2292 τῆ
1325 2233 1420 2306 ὕλη
1471 2236 1710 2285 τουτέστι

82 2331 145 2394 τῇ
186 2322 430 2374 καθόλου
471 2330 570 2374 τῶν
602 2326 756 2374 ὄντων
805 2322 976 2394 οὐσίᾳ,
1025 2320 1245 2396 δυνάμει
1291 2325 1602 2396 ὑπάρχουσι
1644 2323 1710 2372 τὰ

80 2415 225 2464 κατὰ
277 2416 440 2486 μέρος
499 2412 554 2463 έκ
617 2421 710 2472 τῆς
756 2411 883 2472 ὕλης
931 2412 1044 2480 (92)
1093 2417 1337 2485 γινόμενα
1386 2414 1577 2485 μερικά
1640 2411 1707 2461 ὧν

80 2508 178 2558 τὴν
238 2506 453 2572 γένεσιν
510 2499 588 2553 ἀεὶ
641 2502 667 2552 ὁ
717 2504 846 2562 Θεὸς
903 2500 1194 2575 ἐργάζεται.
1245 2501 1356 2555 Ἔτι
1409 2506 1511 2574 μὴν
1550 2501 1706 2574 ἐργά-

82 2591 242 2650 ζεται
300 2594 399 2641 καὶ
429 2593 523 2647 τὴν
580 2591 712 2661 πρὸς
773 2592 839 2642 τὰ
903 2591 1124 2642 καθόλου
1178 2599 1277 2643 τῶν
1329 2598 1552 2664 μερικῶν
1605 2589 1707 2651 ἑξο-

77 2685 346 2750 μοίωσιν,
396 2677 529 2749 λέγω
570 2676 637 2738 δὴ
672 2684 764 2738 τὴν
811 2681 1016 2732 πάντων
1069 2679 1348 2755 ἀνθρώπων
1396 2682 1530 2732 κατὰ
1583 2684 1706 2751 μίαν

75 2777 177 2830 τῆς
235 2775 470 2840 γνώμης
524 2767 606 2821 ἐπὶ
654 2773 716 2821 τὰ
772 2768 904 2821 καλά
957 2773 1181 2837 κίνησιν,
1232 2773 1364 2844 πρὸς
1420 2773 1504 2821 τὸν
1555 2769 1706 2840 λόγον

73 2865 178 2919 τῆς

69 2953 176 3018 μία
205 2952 312 2999 καὶ
355 2948 390 3005 ἡ
424 2946 554 3006 αύτὴ
589 2951 762 3019 φύσις,
796 2946 931 3000 οὕτω
971 2952 1058 3000 καὶ
1107 2953 1287 3021 γνώμη
1335 2951 1452 3018 μία,
1497 2949 1707 3019 σύμφω-

69 3043 160 3098 νός
191 3055 259 3089 τε
311 3039 411 3087 καὶ
443 3040 819 3102 ταυτοκίνητος,
869 3044 982 3107 Θεῷ
1023 3056 1076 3088 τε
1106 3041 1193 3088 καὶ
1246 3034 1480 3096 ἀλλήλοις
1507 3054 1707 3106 συναχ-

269 2861 479 2929 φύσεως
556 2859 735 2911 ἕνωσιν
817 2860 899 2910 ἵνα
976 2863 1188 2930 γένηται
1268 2861 1468 2910 πάντων
1531 2861 1703 2929 ὥσπερ

70 3130 281 3180 θέντων
315 3122 416 3178 διὰ
443 3132 532 3186 τῆς
557 3130 800 3199 προνοίας
834 3125 1035 3196 αὐτοῦ]

144 3218 258 3269 Διὰ
292 3221 456 3266 τοῦτο
485 3245 552 3254 -
599 3221 732 3284 Θεῷ.
783 3219 958 3286 Λέγων
986 3216 1088 3287 γὰρ
1119 3214 1200 3266 ὅτι
1252 3218 1432 3289 Πατήρ
1489 3232 1610 3285 μου,
1643 3216 1701 3264 τὸ

63 3312 308 3376 γνήσιον
349 3302 693 3375 ἐνέφαινε·νό
736 3299 794 3356 δε
819 3309 1031 3375 γνήσιος
1060 3304 1196 3367 υίὸς,
1249 3306 1364 3365 ἶσος
1415 3310 1486 3373 τῷ
1537 3305 1697 3376 πατρὶ

63 3395 186 3447 κατ’
220 3393 429 3446 οὐσίαν
457 3398 547 3445 καὶ
577 3396 752 3466 φύσιν.

140 3574 512 3647 Ἀπεκρίνατο
607 3602 676 3610 -
761 3578 1031 3624 ποιοῦντα.
1119 3568 1433 3648 Ἐπειδηπερ
1522 3573 1700 3643 ὑψηλὰ

63 3668 191 3738 περὶ
248 3662 450 3714 ἑαυτοῦ
492 3659 668 3732 λέγων,
709 3657 970 3730 ἐδιώκετο,
1033 3665 1106 3734 μὴ
1158 3658 1453 3735 δυναμένων
1500 3661 1699 3715 ἐκείνων

61 3753 370 3825 ἐφικέσθαι
412 3757 504 3801 τοῦ
536 3749 698 3819 ὕψους
733 3759 832 3802 τῶν
861 3750 1162 3822 λεγομένων,
1213 3751 1320 3803 ἀλλ’
1353 3754 1420 3813 ὡς
1467 3749 1700 3804 ἀντίθεον

61 3843 239 3893 αὐτὸν
325 3835 648 3904 διωκόντων,
730 3838 1135 3909 συγκαταϐαίνει
1195 3847 1256 3912 τῇ
1315 3838 1552 3911 ἀσθενείᾳ
1611 3850 1700 3900 τῆς

59 3930 337 3991 διανοίας
385 3929 574 3995 αὐτῶν,
621 3934 706 3981 καὶ
768 3933 984 3982 ταπεινὰ
1035 3932 1306 4002 φθέγγεται
1346 3931 1462 3982 κατ’
1509 3933 1702 3982 οἰκονο-

52 4027 193 4094 μίαν
274 4021 362 4070 ἵνα
423 4014 811 4092 εύπαράδεκτος
861 4019 1038 4080 αὐτοῖς
1091 4024 1325 4091 γένηται.
1381 4016 1504 4070 Εἶτα
1549 4019 1700 4071 πάλιν

52 4111 144 4164 ἐπὶ
187 4113 275 4163 τὰ
307 4105 496 4177 ὑψηλὰ
525 4110 611 4159 τὸν
635 4106 788 4177 λόγον
820 4105 996 4178 ἀνάγει
1023 4113 1111 4159 καὶ
1139 4105 1285 4168 αὖθις
1315 4107 1396 4159 ἐπὶ
1427 4110 1490 4159 τὰ
1515 4127 1700 4160 ταπει-

50 4203 120 4251 vi:
187 4204 404 4251 τοῦτον
457 4198 702 4265 κατάγει’
763 4200 852 4247 καὶ
914 4195 1066 4247 πάλιν
1134 4195 1216 4248 ἐπὶ
1265 4201 1322 4248 τὸ
1384 4195 1700 4270 ὑψηλότερον

46 4297 148 4342 καὶ
219 4282 394 4345 αὖθις
438 4283 522 4336 in”:
575 4288 631 4336 τὸ
688 4288 1071 4357 ταπεινότερον·
1133 4289 1218 4336 καὶ
1269 4286 1402 4337 οὕτω
1466 4282 1518 4337 δ’
1565 4285 1702 4356 15.1m-

43 4381 156 4432 λῶν
199 4380 356 4450 ὁμοῦ
412 4380 502 4426 καὶ
540 4382 789 4426 ταπεινῶν
845 4375 1113 4448 ῥημάτων,
1172 4383 1272 4425 τῶν
1334 4377 1423 4447 μὲν
1483 4374 1701 4434 ἰσότητα

41 4469 484 4542 ἐπικραινόντων,
524 4470 622 4514 τῶν
672 4458 732 4515 δε
762 4460 1041 4514 έλάττωσιν
1088 4461 1341 4534 ἐμφαίνειν
1387 4458 1695 4529 δοκούντων,

37 4563 287 4631 ὑιροιίνεε
335 4556 430 4605 τὸν
467 4552 618 4623 λόγον
658 4551 817 4603 αὐτοῦ
847 4556 938 4602 καὶ
989 4551 1246 4623 οἰκονομεί
1273 4559 1455 4603 τοῦτον
1487 4551 1532 4603 ἐν
1579 4552 1698 4623 (93)

32 4653 280 4723 κρίσει,
334 4644 476 4693 ὥστε
528 4643 644 4701 τοὺς
697 4644 786 4713 μὲν
844 4640 1118 4715 ὀξυτέρους
1173 4644 1266 4698 τὴν
1333 4636 1567 4692 διάνοιαν
1611 4647 1700 4694 καὶ

33 4740 440 4808 εὐγνώμονας,
484 4729 584 4783 ἀπὸ
615 4738 714 4782 τῶν
763 4729 994 4800 ὑψηλῶν,
1049 4735 1138 4781 καὶ
1196 4734 1313 4803 περὶ
1370 4737 1470 4781 τῶν
1526 4749 1700 4782 ταπει-

31 4837 145 4879 νῶν
219 4825 335 4878 τήν
405 4824 778 4892 προσήκουσαν
849 4821 1043 4871 ἔννοιαν
1099 4816 1408 4889 λαμϐάνειν’
1466 4822 1583 4880 τούς
1641 4816 1700 4872 δε

25 4915 443 4984 ἀμϐλυτέρους
481 4913 569 4960 καὶ
626 4907 924 4980 ἀγνώμονας
976 4908 1077 4959 ἀπὸ
1142 4917 1240 4958 τῶν
1293 4914 1539 4959 ταπεινῶν
1592 4927 1696 4959 πα-

21 5000 467 5082 ραμυθεῖσθαι,
512 5001 600 5050 και
630 5000 697 5060 ὡς
748 5002 865 5069 περὶ
915 4995 1186 5071 ἀνθρώπου
1236 5003 1400 5049 ταῦτα
1452 5003 1695 5060 νοοῦντας

19 5102 107 5171 μὴ
151 5087 570 5165 ταράττεσθαι.

1824 1881 2006 1946 novit,
2067 1897 2255 1936 rerum
2333 1881 2708 1938 conditarum
2791 1881 3054 1936 rationes
3111 1885 3167 1936 et
3221 1883 3471 1934 naturas

1823 1985 2020 2024 rerum
2047 1971 2105 2025 in
2137 1971 2474 2026 universum
2504 1970 2926 2034 constituisset,
2955 1969 3148 2025 adhuc
3169 1971 3468 2041 operatur,

1820 2074 1939 2112 non
1965 2065 2193 2114 tantum
2229 2060 2475 2116 istarum
2507 2077 2706 2115 rerum
2757 2059 3238 2132 perdurationem
3288 2057 3393 2112 sed
3417 2062 3477 2112 et

1821 2147 2122 2204 efﬁcacem
2157 2149 2516 2204 creationem
2549 2155 2604 2204 et
2637 2149 3133 2220 propagationem
3186 2146 3471 2220 partium,

1819 2253 1954 2306 quae
1985 2238 2095 2293 ista
2126 2238 2372 2310 praedita
2403 2243 2541 2292 sunt
2585 2237 2878 2294 facultate.
2914 2241 2975 2293 ln
3007 2235 3256 2292 materia
3291 2235 3470 2300 enim,

1816 2325 1932 2380 hoc
1961 2331 2046 2382 est
2080 2326 2134 2381 in
2166 2327 2448 2383 universa
2473 2342 2668 2382 rerum
2698 2325 2970 2390 essentia,
3000 2324 3341 2381 facultatem
3373 2323 3476 2378 ha-

1817 2414 1959 2470 bent
1985 2421 2184 2487 partes
2221 2433 2322 2488 per
2352 2421 2548 2486 partes
2579 2432 2651 2472 ex
2683 2417 2796 2471 ista
2826 2414 3074 2471 materia
3102 2413 3294 2477 factm,
3326 2427 3474 2484 qua-

1816 2519 1947 2558 rum
1974 2506 2416 2574 generationem
2433 2509 2584 2560 Deus
2607 2520 2848 2575 semper
2866 2507 3167 2576 operatur.
3187 2502 3474 2557 Praeterea

1817 2593 1991 2648 etiam
2015 2598 2296 2663 operatur
2312 2597 2571 2665 partium
2599 2595 2673 2650 ad
2696 2599 2882 2649 totum
2907 2592 3468 2657 conformationem,

1815 2681 1930 2738 hoc
1959 2689 2064 2749 est,
2094 2683 2577 2754 conjunctionem
2605 2683 2876 2738 omnium
2912 2682 3242 2742 hominum,
3263 2695 3473 2735 secun—

1817 2772 1963 2826 dum
2005 2788 2186 2828 unam
2207 2773 2422 2828 mentis
2437 2773 2510 2827 ad
2541 2772 2766 2827 bonum
2784 2769 3220 2836 motionem,ad
3247 2773 3471 2824 natura:

1814 2861 2132 2931 rationem,
2165 2869 2226 2916 ut
2253 2862 2376 2925 ﬁat,
2416 2862 2562 2916 sicut
2595 2877 2714 2917 una
2755 2865 2810 2916 et
2867 2859 3076 2916 eadem
3126 2863 3361 2925 natura,
3389 2857 3470 2913 ita

1815 2954 1871 3004 et
1898 2965 2016 3004 una
2047 2950 2358 3018 sententia,
2421 2951 2788 3005 consentiens
2841 2953 2897 3004 et
2948 2946 3161 3004 eodem
3218 2945 3465 3012 directa,

1815 3039 2096 3094 omnibus
2125 3045 2181 3094 et
2209 3042 2324 3093 Deo
2371 3044 2426 3094 et
2465 3039 2575 3094 sibi
2627 3039 2879 3094 invicem
2915 3037 3158 3109 junctis,
3191 3051 3296 3110 per
3320 3035 3469 3092 divi-

1742 3148 1782 3205 ρ
1815 3144 1948 3182 nam
1994 3127 2446 3199 providentiam.

1882 3219 2042 3272 Vers.
2070 3220 2153 3274 18.
2184 3217 2429 3285 Propter
2459 3217 2638 3273 hoc—
2663 3217 2798 3271 Deo.
2834 3215 3041 3271 Dicens
3067 3213 3227 3269 enim
3256 3213 3469 3270 :Pater

1814 3322 1990 3371 meus,
2017 3305 2348 3375 legitimum
2382 3322 2443 3360 se
2483 3303 2836 3360 ostendebat
2880 3320 2893 3357 :
2926 3303 3231 3371 legitimus
3264 3306 3465 3358 autem

1808 3395 1964 3450 ﬁlius
1996 3394 2242 3468 aequalis
2275 3399 2358 3450 est
2389 3394 2560 3467 patri,
2604 3393 2805 3467 quoad
2846 3391 3245 3448 substantiam
3281 3395 3338 3447 et
3359 3407 3464 3448 na-

1804 3489 2023 3542 turam.

1878 3575 2044 3629 Vers.
2071 3576 2162 3631 19.
2202 3573 2512 3641 Respondit
2543 3604 2608 3613 —
2643 3572 2968 3641 facientem.
3001 3570 3150 3636 Quia
3183 3569 3464 3626 sublimia

1810 3664 1878 3719 de
1910 3665 2105 3735 seipso
2128 3665 2335 3720 dicens
2384 3661 2858 3734 persecutionem
2909 3658 3258 3725 sustinebat,
3303 3659 3464 3731 quod

1811 3754 1888 3809 illi
1907 3754 1972 3808 ad
1995 3771 2189 3808 eorum
2209 3770 2346 3826 qua!
2365 3751 2725 3817 dicebantur,
2741 3749 3142 3806 celsitudinem
3156 3749 3465 3822 pervenire

1811 3859 1928 3898 non
1958 3848 2222 3915 possent,
2254 3841 2357 3898 sed
2395 3846 2680 3913 tanquam
2745 3843 2861 3895 Deo
2921 3839 3274 3894 contrarium
3325 3854 3464 3895 eum

1811 3935 2323 4003 persequerentur,
2367 3929 2788 3985 condescendit
2835 3927 3216 3984 imbecillitati
3249 3928 3464 3982 mentis

1813 4019 2071 4083 illorum,
2104 4028 2158 4073 et
2198 4019 2447 4074 humilia
2496 4018 2900 4089 dispensative
2969 4017 3042 4070 de
3089 4032 3149 4072 se
3183 4015 3460 4088 loquitur,

1814 4115 1875 4165 ut
1900 4125 2005 4178 per
2028 4109 2156 4164 haec
2181 4107 2347 4162 facile
2388 4107 2831 4177 susciperentur
2866 4124 2878 4156 :
2908 4103 3123 4159 deinde
3156 4119 3360 4158 rursus
3388 4103 3464 4158 ad

1811 4196 2092 4251 sublimia
2146 4210 2485 4249 sermonem
2534 4193 2779 4256 reducit,
2822 4197 2878 4246 et
2934 4192 3144 4246 iterum
3198 4190 3360 4245 hunc
3391 4190 3464 4244 ad

1810 4284 2056 4340 humilia
2075 4283 2324 4339 demittit
2361 4299 2372 4337 :
2398 4297 2757 4353 rursumque
2779 4280 2854 4336 ad
2888 4280 2945 4334 id
2971 4279 3129 4350 quod
3152 4277 3465 4334 sublimius

1810 4379 1916 4440 est,
1945 4374 2144 4428 denuo
2165 4372 2237 4428 ad
2272 4372 2329 4426 id
2361 4370 2522 4443 quod
2551 4369 2842 4426 humilius
2881 4374 2973 4422 :et
3000 4368 3080 4423 ita
3128 4382 3234 4438 per
3276 4365 3463 4421 subli-

1813 4464 1932 4518 mia
1972 4462 2147 4517 simul
2210 4467 2268 4517 et
2326 4459 2578 4516 humilia
2628 4459 2826 4524 verba,
2883 4463 3006 4512 tum
3062 4454 3460 4528 aequalitatem

1811 4552 2299 4614 demonstrantia,
2333 4556 2455 4605 tum
2491 4548 2890 4604 minoritatem
2921 4546 3332 4601 demonstrare
3362 4559 3467 4616 ap-

1810 4641 2100 4714 parentia,
2131 4655 2305 4695 suum
2342 4639 2482 4694 texit
2544 4653 2905 4702 sermonem,
2964 4639 3143 4706 atque
3175 4634 3335 4690 hunc
3369 4633 3464 4704 ju-

1809 4731 1964 4786 dicio
1995 4730 2319 4800 dispensat,
2351 4733 2407 4782 ut
2439 4732 2495 4782 et
2524 4727 2624 4797 qui
2669 4731 2863 4781 mente
2895 4728 3033 4778 sunt
3072 4724 3362 4779 acutiores
3393 4738 3462 4778 ac

1789 4820 2070 4890 rbenigni,
2088 4824 2316 4874 sumant
2336 4834 2368 4871 a
2387 4814 2732 4870 sublimibus
2754 4813 3097 4869 intellectum
3117 4812 3463 4868 convenien~

1811 4913 1923 4963 tom
1956 4909 2131 4963 etiam
2164 4907 2238 4962 de
2273 4904 2600 4962 humilibus
2625 4908 2680 4959 et
2708 4903 2808 4975 qui
2829 4900 3162 4958 obtusiores
3193 4904 3331 4956 sunt
3360 4905 3463 4956 aut

1809 4997 2036 5059 insulsi,
2064 4998 2140 5051 ab
2183 4994 2539 5051 humilibus:
2570 4991 3038 5048 consolationem
3067 4989 3382 5062 accipiant,
3405 4994 3461 5045 et

1802 5088 1973 5160 quasi
2003 5087 2076 5140 de
2099 5085 2341 5142 homine
2362 5083 2493 5140 haec
2522 5081 2932 5151 intelligentes,
2968 5096 3090 5136 non
3125 5079 3455 5136 turbentur.

1322 5307 1546 5376 Variae
1578 5308 1904 5377 lectiones
1934 5319 1999 5375 et
2029 5317 2231 5374 notae.

92 5543 250 5614 (90)
292 5539 519 5614 ,ῌάντων
546 5533 712 5590 addit
738 5534 803 5589 Α.

92 5543 221 5614 (90
297 5543 519 5591 Πάντων
546 5543 712 5590 addit
738 5543 803 5589 A.

89 5543 250 5690 (9ιῖ
283 5613 428 5666 Haec
461 5603 997 5690 uterque‘che‘x‘in
1024 5603 1291 5690 margine
1311 5602 1512 5690 habet.
1544 5605 1692 5687 lien-

1 5675 262 5748 lex‘liué
297 5695 430 5737 non
466 5675 752 5748 agnoscit.
787 5676 1024 5732 Videtur
1054 5682 1252 5748 autem
1278 5675 1454 5748 plura
1485 5675 1690 5747 hujus.

5 5745 226 5824 ixi—odi
252 5745 760 5816 scholia'Maximi
793 5753 1038 5823 propter
1066 5745 1482 5806 difﬁcultatem
1503 5745 1685 5806 et’ob-

1804 5532 2143 5588 scuritatem
2174 5530 2233 5586 in
2262 5527 2748 5602 interpretatione
2781 5522 3254 5600 praetermisisse.

1897 5605 1989 5670 92)
2019 5607 2270 5673 Γενόμενα
2296 5603 2360 5656 Α.

1897 5605 1989 5670 92)
2019 5607 2270 5673 Γενόμενα
2296 5604 2360 5656 Α.

1871 5604 1984 5746 ί93)
2019 5675 2060 5728 Ι.
2079 5690 2128 5729 e.
2147 5672 2383 5744 εὐλόγως,
