4038 6226
136 187 259 254 1317

1223 178 1594 253 COMMEN'l‘.
1634 196 1702 252 1N
1741 193 2098 254 JOANNEM.
2129 225 2196 236 —
2222 191 2378 253 CAP.
2409 193 2474 251 v.
2525 211 2534 218 ·

3354 189 3491 254 1248

133 323 199 383 ὡς
223 321 468 393 μαθητὴς,
501 323 617 373 οὔτε
663 320 688 371 6
722 323 897 394 Πατὴρ
949 316 1214 373 δείκνυσιν
1263 323 1326 381 ὡς
1365 317 1709 382 διδάσκαλοςο

1837 321 1927 376 sed
1979 319 2184 375 divino
2243 324 2300 375 et
2355 319 2814 392 supernaturali.
2862 323 3062 393 Neque
3101 321 3260 378 enim
3309 321 3488 378 Filius

135 408 232 462 ἀλλ’
257 412 282 463 6
468 405 732 462 δείκνυσιν
776 411 840 470 ὡς
869 416 988 471 νοῦς
1030 417 1130 462 τῶν
1181 409 1348 462 αὐτῶν
1397 413 1714 482 πραγμάτων

130 503 240 560 τοὺς
285 501 477 560 τύπους
527 497 977 572 ἐνσημαινόμενος
1021 500 1046 550 6
1091 495 1150 551 δε
1199 497 1378 572 βλέπει
1427 501 1496 560 ὡς
1543 499 1713 570 λόγος,

132 588 350 642 ἕπιτελῶν
374 591 440 641 τὰ
468 588 871 660 ἐνσημανθίντα,
889 593 979 640 καὶ
996 595 1130 641 οῦτω
1152 589 1301 640 κοινὰ
1325 591 1528 650 τούτοις
1551 592 1718 640 πάντα

129 681 190 732 τὰ
212 679 453 753 θεοπρεπῆ
481 680 791 752 πράγματα.

199 948 295 997 Καί
341 973 406 984 -
470 944 796 1017 θαυμάζητε.
850 941 1062 1003 Ἐπειδή
1127 943 1421 1020 παράλυτον
1486 944 1714 1016 εσφιγξε,

127 1038 215 1085 καὶ
244 1031 300 1092 ἧν
325 1037 461 1106 μίγα
507 1036 566 1086 τὸ
591 1037 826 1106 γεγονός,
871 1034 1041 1107 ἔμελλε
1072 1030 1131 1087 δε
1161 1039 1250 1087 καὶ
1279 1038 1454 1108 νεκρόν
1485 1033 1715 1107 ἕγείρεεν,

130 1118 219 1175 διὰ
263 1129 412 1176 τοῦτο
451 1119 586 1176 εἶπεν
634 1123 716 1175 ὃτι
760 1128 850 1175 καὶ
897 1124 1113 1195 μείζονα
1150 1126 1346 1176 τούτων
1389 1119 1548 1186 δείξει
1579 1123 1718 1192 αὐτῷ

127 1213 264 1284 ἔργα,
299 1213 381 1264 ἵνα
407 1213 556 1284 ὑμεῖς
586 1212 890 1284 θαυμάζητε
919 1216 1118 1284 μεῖζον,
1152 1217 1240 1265 καὶ
1275 1212 1433 1274 οὕτως
1461 1211 1720 1283 ἕναχθῆτε

124 1301 237 1371 (97)
264 1305 384 1376 πρὸς
414 1304 474 1354 τὸ
505 1303 790 1355 πιστεύειν.

199 1478 388 1551 Ὠσπερ
443 1508 512 1519 -
570 1481 829 1541 ζωοποιεῖ.

127 1569 206 1620 θεν
255 1564 402 1628 αὖθις
450 1565 534 1619 ἐπὶ
584 1569 648 1619 τὰ
719 1566 914 1638 ὑψηλά.
971 1567 1030 1619 Εἰ
1076 1570 1202 1640 γὰρ,
1264 1569 1436 1642 ὥσπερ
1504 1566 1710 1631 ἐκεῖνος,

905 1475 1031 1530 Ἀπὸ
1080 1486 1180 1530 τῶν
1235 1485 1486 1530 ταπεινῶν
1538 1476 1721 1550 μετῆλ-

1823 409 1980 466 videt
2028 409 2179 465 sicut
2226 408 2580 481 discipulus,
2637 425 2830 482 neque
2889 413 3058 467 Pater
3116 411 3488 468 demonstrat

1830 501 1981 554 sicut
2014 502 2364 571 praeceptor,
2387 497 2490 554 sed
2518 497 2614 554 hic
2643 498 2879 571 quidem
2907 498 3296 566 demonstrat,
3333 500 3490 557 sicut

1827 603 2018 653 mens,
2050 603 2186 660 quas
2209 587 2434 643 formas
2465 587 2806 643 earumdem
2831 603 3031 644 rerum
3064 587 3483 659 intelligendas

1826 677 2052 749 praebet
2080 692 2092 730 :
2126 677 2220 732 ille
2259 683 2459 732 autem
2486 676 2660 744 videt,
2689 676 2838 732 sicut
2868 692 3086 743 sermo,
3120 677 3224 749 qui
3253 694 3325 734 ea
3350 695 3480 751 quae

1827 765 2372 837 adintelligendum
2387 765 2529 822 data
2550 770 2710 830 sunt,
2744 765 2972 838 perﬁcit
3006 781 3018 820 :
3048 771 3104 822 et
3125 766 3206 822 ita
3229 767 3311 822 eis
3329 784 3478 824 com-

1829 870 2043 912 munes
2075 861 2214 910 sunt
2261 869 2472 910 omnes
2503 854 2719 910 divinae
2755 870 2853 909 res
2895 859 2951 910 et
2980 871 3199 910 caussa.

1898 943 2060 998 Vers.
2092 947 2180 998 20.
2210 943 2288 998 Et
2317 973 2385 985 —
2425 942 2833 1000 admiremini.
2879 945 3024 998 Nam
3065 944 3210 1014 quia
3243 945 3489 1017 paraly-

1827 1033 1924 1090 tici
1958 1032 2230 1088 membra
2254 1031 2732 1097 conﬁrmaverat,
2762 1046 3050 1101 magnum
3083 1031 3328 1104 quidem
3362 1038 3491 1091 erat

1827 1121 1994 1195 quod
2021 1120 2244 1178 factum
2272 1126 2425 1185 erat,
2461 1120 2567 1177 sed
2590 1119 2771 1177 etiam
2805 1126 3107 1176 mortuum
3120 1122 3486 1178 excitaturus

1827 1216 1971 1276 erat,
2003 1216 2059 1266 et
2079 1211 2218 1266 ideo
2242 1211 2323 1266 ait
2353 1211 2517 1282 quod
2541 1211 2723 1266 etiam
2749 1210 2981 1280 majora
3002 1209 3094 1266 his
3109 1211 3488 1267 demonstra-

1829 1301 1911 1356 bit
1929 1300 1982 1356 ei
2011 1315 2217 1373 opera,
2253 1304 2314 1356 ut
2333 1315 2436 1356 vos
2465 1299 3143 1372 ampliusadmiremini,
3175 1305 3232 1356 et
3256 1301 3334 1357 ad
3365 1317 3494 1358 cre-

1827 1389 2097 1445 dendum
2146 1388 2264 1444 add
2274 1389 2551 1444 ucamini.

1898 1479 2058 1534 Vers.
2091 1479 2177 1534 2t.
2209 1478 2372 1534 Sicut
2403 1508 2467 1518 —
2495 1477 2775 1546 vivi/teat.
2808 1477 2889 1533 Ab
2915 1478 3248 1534 humilibus
3274 1495 3483 1536 rursus

1830 1566 2103 1623 ascendit
2147 1567 2224 1622 ad
2274 1565 2575 1622 sublimia.
2634 1569 2784 1622 Nam
2823 1567 2971 1622 sicut
3010 1566 3128 1634 ille,
3181 1569 3261 1623 ita
3295 1574 3352 1623 et
3392 1569 3488 1624 hic

125 1657 259 1708 οὕτω
301 1661 390 1708 καὶ
444 1656 595 1718 οὗτος
659 1656 744 1716 οῦς
777 1655 904 1708 θέλει
954 1656 1213 1719 ζωοποιεῖ,
1259 1653 1576 1728 ὶσοδῦναμος
1619 1658 1720 1731 ἄρα

1837 1672 1984 1728 quos
2018 1655 2144 1710 vult
2169 1655 2448 1718 viviﬁcat,
2486 1654 2732 1727 aequalis
2764 1655 2966 1728 utique
3004 1656 3283 1729 potentiae
3310 1657 3487 1714 Filius

125 1747 151 1796 6
182 1747 292 1806 Υἱός
343 1753 414 1816 τῷ
469 1748 654 1818 Πατρί.
705 1748 774 1797 T6
818 1748 907 1817 μεν
958 1741 1044 1797 οὖν
1077 1748 1250 1820 ὧσπερ
1291 1747 1318 1797 6
1365 1751 1546 1819 Πατὴρ
1595 1746 1723 1806 ζωο-

121 1842 282 1888 ποιεῖν
324 1842 421 1895 τῆς
473 1830 742 1906 δυνάμεως
789 1831 1039 1887 διδάσκει
1089 1839 1183 1892 τὴν
1234 1835 1473 1892 ἰσότηταο
1526 1838 1585 1886 τὸ
1639 1831 1718 1913 δὲ,

121 1925 225 1985 Oi;
295 1922 423 1976 θῦει
474 1929 570 1984 τῆς
645 1921 885 1985 ἐξουσίας
960 1928 1056 1981 τὴν
1105 1922 1516 1994 ἀπαραλλαξὶαν.
1579 1923 1720 1979 Ἐπεὶ

118 2011 180 2067 δε
226 2018 314 2064 καὶ
361 2009 581 2064 δύναται
630 2016 719 2064 καὶ
749 2011 988 2074 ίξουσίαν
1038 2015 1174 2084 ἔχει,
1212 2021 1324 2074 πῶς
1348 2012 1406 2065 οῦ
1445 2009 1665 2066 δύναται
1694 2014 1721 2065 6

120 2106 237 2165 Υἱός
268 2108 431 2154 ποιεῖν
480 2099 564 2174 ἀφ’
598 2100 783 2153 ἑαυτοῦ
813 2097 1002 2168 οῦδίνς
1036 2101 1112 2153 Οῦ
1165 2097 1387 2154 δύναται
1425 2098 1513 2154 οὖν
1555 2107 1722 2175 χωρὶς

117 2200 207 2246 τοῦ
234 2195 451 2265 Πατρός,
487 2187 628 2242 διότι
658 2194 756 2264 μία
798 2195 887 2242 καὶ
936 2192 965 2248 ἡ
1021 2190 1149 2249 αῦτὴ
1183 2194 1385 2252 τούτοις
1416 2187 1640 2264 δύναμίς
1669 2210 1722 2244 τε

119 2288 208 2334 καὶ
239 2278 517 2354 βούλησις.

191 2366 330 2422 Οῦδε
398 2399 466 2411 -—
537 2373 758 2444 Πατέρα.
829 2369 959 2423 Ἀπὸ
1032 2378 1132 2421 τῶν
1207 2369 1421 2441 ὑψηλῶν
1495 2374 1718 2442 μετέστη

120 2459 272 2512 πάλιν
326 2457 409 2510 ἐπὶ
461 2461 528 2511 τὰ
578 2461 813 2511 ταπεινοί.
869 2458 1146 2512 Κάνταῦθα
1197 2464 1367 2511 τοίνυν
1425 2463 1482 2512 τό
1522 2456 1723 2512 Δὲδωκε

119 2551 409 2621 θεοπρεπῶς
455 2551 682 2606 νοητέον.
745 2546 831 2600 Τὰ
897 2555 1116 2599 τοιαῦτα
1178 2551 1300 2623 γὰρ,
1361 2551 1530 2609 καθὼς
1584 2549 1722 2623 εἰρή-

116 2656 296 2710 καμεν,
369 2637 703 2709 οἰκονομικῶς
756 2635 909 2708 λέγει,
999 2636 1058 2688 οῦ
1125 2642 1277 2709 μόνον
1351 2637 1578 2690 ἐντεῦθεν
1645 2639 1721 2690 θε-

115 2729 357 2801 ραπεύων
431 2731 526 2784 τὴν
615 2724 881 2778 ἀσθένειαν
933 2734 1034 2778 τῶν
1098 2722 1390 2790 Ἰουδαίων,
1460 2725 1587 2778 ἀλλὰ
1632 2731 1721 2778 καὶ

118 2817 202 2868 ἶνα
247 2819 338 2868 τόν
379 2817 544 2867 αἰτιον
596 2811 814 2886 εἰδῶμεν
859 2819 944 2866 καὶ
995 2819 1067 2887 μὴ
1130 2813 1404 2886 ἀγέννητον
1462 2813 1592 2867 εἶναι
1634 2819 1721 2867 τὸν

115 2908 234 2959 res:
264 2902 623 2976 ὑπολάϐωμεν,
655 2899 788 2975 μηδ’
812 2903 885 2965 εἰς
912 2908 1003 2962 τὴν
1029 2903 1300 2956 Σαϐελλίου
1320 2909 1471 2956 νόσον
1499 2908 1722 2956 καταπί-

1827 1749 1915 1800 est
1974 1760 2111 1800 cum
2167 1747 2351 1800 Patre.
2417 1745 2730 1800 Viviticare
2808 1743 3008 1816 itaque
3081 1746 3230 1802 sicut
3291 1747 3484 1812 Pater,

1829 1835 2110 1906 potentiae
2140 1832 2725 1904 docetaaqualitatem
2755 1849 2768 1889 :
2801 1833 2969 1906 quod
2990 1840 3188 1890 autem
3217 1835 3483 1892 additur:

1830 1923 1973 1989 Quos
2005 1922 2151 1990 vult,
2202 1921 2534 1978 autoritatis
2579 1921 3142 1978 immutabilitatem.
3185 1925 3405 1980 Verum
3438 1925 3487 1980 si

1827 2018 1884 2068 et
1914 2018 2124 2083 potest,
2157 2015 2213 2067 et
2240 2012 2649 2066 auctoritatem
2669 2011 2868 2077 habet,
2896 2015 3207 2084 quomodo
3239 2027 3357 2068 non
3381 2029 3482 2086 po-

1828 2103 1938 2158 test
1967 2100 2148 2155 Filius
2187 2115 2222 2156 a
2242 2116 2304 2156 se
2337 2099 2526 2156 facere
2555 2099 2889 2172 quidquam
2919 2098 2948 2153 ‘i
2982 2115 3102 2156 non
3129 2106 3323 2174 potest
3347 2117 3487 2173 ergo

1829 2190 1954 2246 sine
1974 2189 2161 2256 Patre,
2189 2189 2333 2262 quia
2360 2204 2482 2246 una
2520 2194 2574 2244 et
2611 2188 2823 2245 eadem
2851 2192 2939 2244 est
2970 2188 3113 2261 ipsis
3145 2192 3408 2262 potentia
3431 2195 3487 2248 et

1828 2279 2128 2337 voluntas.

1900 2370 2056 2426 Vers.
2103 2368 2191 2423 2'2.
2238 2368 2436 2440 Neque
2472 2399 2542 2410 —
2585 2367 2751 2424 Vers.
2793 2370 2883 2423 23.
2918 2367 3172 2426 Patrem.
3207 2370 3255 2422 Α
3301 2370 3484 2426 subli-

1830 2459 2030 2514 mibus
2079 2459 2289 2515 iterum
2321 2457 2632 2514 descendit
2681 2457 2757 2513 ad
2795 2457 3066 2514 humilia.
3110 2462 3172 2516 Et
3217 2459 3314 2516 hic
3344 2475 3487 2531 ergo

1829 2548 2082 2603 verbum
2099 2547 2286 2613 Dedit,
2312 2546 2767 2616 intelligendum
2782 2553 3056 2619 estprout
3086 2551 3268 2604 Deum
3285 2553 3484 2606 decet:

1829 2636 1972 2693 talia
2014 2637 2196 2700 enim,
2244 2641 2305 2691 ut
2353 2636 2635 2702 diximus,
2685 2635 3086 2708 dispensative
3131 2637 3314 2705 dicit;
3366 2654 3487 2694 non

1829 2727 2023 2781 solum
2047 2741 2348 2782 curanscx
2371 2725 2963 2781 hocimbecillitatem
2989 2726 3356 2792 Judceorum,
3392 2743 3488 2782 ve-

1830 2831 1962 2872 rum
1986 2815 2164 2870 etiam
2189 2819 2250 2869 ut
2275 2830 2522 2869 causam
2553 2813 2955 2878 videamus,et
2986 2829 3060 2869 ne
3084 2831 3202 2870 non
3220 2817 3486 2884 genitum

1830 2920 1959 2959 esse
1999 2902 2210 2958 Filium
2267 2902 2662 2973 suspicemur,
2704 2917 2899 2974 neque
2935 2901 2994 2956 in
3045 2902 3281 2959 Sabellii
3331 2919 3484 2960 mor-

117 3013 308 3067 σωμεν,
353 2997 438 3046 τὸν
470 2992 623 3045 αὐτόν
664 2996 866 3066 Πατέρα
908 2997 994 3044 καὶ
1029 2995 1146 3045 Υἱόν
1195 2999 1284 3046 καὶ
1313 2993 1461 3065 οἷγιον
1517 3000 1720 3066 Πνεῦμα

1837 2992 1970 3048 bum
2004 2991 2378 3056 decidamus,
2425 2991 2528 3063 qui
2555 2991 2837 3046 eumdem
2882 3006 3010 3047 esse
3050 2990 3282 3048 Patrem
3310 2998 3366 3048 et
3407 2993 3488 3050 Fi-

109 3092 353 3145 νοοῦντος
390 3086 479 3134 καὶ
523 3081 571 3134 ἓν
609 3086 888 3155 πρόσωπον
915 3085 1008 3140 τὴν
1034 3081 1188 3154 ἁγίαν
1222 3078 1430 3156 Τριάδα
1460 3078 1722 3155 δογματί-

111 3174 296 3236 ζοντος
328 3171 586 3232 ἀνοήτως.

182 3268 318 3315 Πότε
353 3259 414 3313 δὲ
442 3265 536 3318 τὴν
564 3265 738 3335 κρίσιν
771 3256 970 3314 δέδωκε
1001 3269 1074 3332 τῷ
1122 3263 1227 3332 Υἱῷ
1252 3277 1266 3326 ;
1294 3260 1443 3333 ’Υπερ
1489 3263 1546 3313 τὸ
1593 3265 1723 3314 Πότε

105 3356 134 3411 ἡ
183 3350 497 3426 ἀπόκρισις.
543 3349 600 3401 Εἰ
654 3345 714 3402 δε
751 3354 861 3423 χρή
905 3369 955 3402 τι
1001 3355 1091 3403 καὶ
1137 3350 1402 3423 τολμηρῶς
1439 3349 1722 3425 ἀποκριθῆ-

100 3461 209 3505 ναι,
274 3441 391 3511 οἶμα
458 3446 531 3509 τῷ
595 3445 776 3490 τοῦτον
845 3441 1201 3511 γεγεννῆσθαι.
1267 3442 1394 3491 Πότε
1467 3435 1527 3491 δε
1573 3438 1724 3499 οὗτος

98 3534 437 3602 γεγέννηται,
472 3528 554 3579 ὅτε
585 3528 611 3578 6
653 3531 832 3600 Πατὴρ
876 3528 936 3580 οῦ
968 3531 1301 3599 γεγέννηται;
1331 3527 1442 3580 Οῦκ
1485 3531 1594 3580 ἔστι
1621 3530 1720 3600 γὰρ

97 3620 196 3672 οῦκ
229 3621 382 3671 ἔστιν
413 3617 576 3688 εὑρεῖν
619 3618 811 3668 ἔννοιάν
837 3635 954 3669 τινα
979 3623 1177 3689 χρόνου
1217 3617 1246 3674 ἦ
1279 3616 1464 3678 αἰῶνος
1493 3617 1612 3669 καθ’
1661 3616 1721 3674 ἢν

93 3707 385 3780 ἐφικέσθαι
413 3708 548 3766 τινὸς
577 3707 741 3780 ἄκρου
772 3702 1138 3779 δυνηθείημεν,
1175 3706 1218 3758 εἰ
1261 3710 1350 3758 καὶ
1381 3708 1461 3759 ὅτι
1491 3705 1724 3779 μάλιστα

94 3795 461 3870 βιαζοίμιθα.

168 4067 286 4122 Τήν
336 4067 515 4137 κρίσιν
575 4059 636 4117 δέ
682 4069 858 4116 πᾶσαν
907 4057 1106 4116 δέδωκε
1169 4069 1242 4133 τῷ
1299 4063 1424 4132 riga,
1490 4061 1573 4112 ἵνα
1627 4057 1721 4113 διὰ

89 4163 263 4208 τοῦτο
321 4152 631 4226 φοϐούμενοι
675 4161 896 4225 τιμῶσιν
954 4152 1129 4217 αὐτόν,
1179 4153 1352 4212 καθὼς
1394 4158 1590 4222 τιμῶσι
1633 4153 1720 4202 τόν

90 4247 342 4319 Πατέρα.
379 4248 560 4296 Πᾶσαν
607 4238 666 4295 δε
709 4242 880 4306 εἰπὼν,
929 4237 1186 4299 ἐδήλωσεν
1237 4241 1348 4312 ἅμα
1402 4244 1494 4298 τὴν
1543 4258 1596 4292 τε
1630 4247 1720 4292 τοῦ

86 4333 354 4396 κολάζειν
393 4336 484 4384 καὶ
546 4336 640 4390 τὴν
681 4338 773 4384 τοῦ
825 4335 981 4403 τιμᾴν
1030 4329 1120 4392 οῦς
1171 4327 1230 4381 ἂν
1279 4328 1443 4402 ἐθέλῃ.
1492 4329 1568 4380 Οῦ
1615 4333 1718 4402 μὴν
1752 4359 1798 4414 D

85 4423 312 4487 ἐξέϐαλε
359 4425 445 4474 τόν
501 4425 706 4495 Πατέρα
756 4427 852 4482 τῆς
909 4419 1149 4482 ἔξουσίας
1222 4426 1314 4471 τοῦ
1370 4422 1580 4492 κρίνειν.
1661 4417 1720 4469 Εἰ

80 4517 200 4585 γὰρ
253 4514 432 4564 πάντα
473 4512 575 4563 ὅσα
630 4513 743 4582 ἔχει
796 4511 822 4561 6
865 4513 1045 4581 Πατὴρ
1101 4515 1194 4561 τοῦ
1226 4510 1349 4561 Υῐοῦ
1398 4506 1530 4571 ἔστι,
1588 4507 1720 4566 πλὴν

79 4602 428 4674 ὰγεννησίας
485 4599 619 4671 (98),
671 4595 933 4674 πρόδηλον
991 4599 1071 4651 ὅτι
1113 4601 1198 4650 καὶ
1245 4599 1417 4649 πάντα
1453 4597 1555 4649 ὅσα
1609 4599 1721 4668 ἔχει

77 4694 110 4744 6
145 4693 279 4750 Υἱός
310 4697 407 4742 τοῦ
441 4694 641 4763 Πατρός
669 4687 799 4754 ἔστι,
849 4688 981 4746 πλὴν
1025 4687 1140 4760 (99)
1190 4691 1492 4759 γεννήσεως.
1551 4692 1723 4760 Κρινεῖ

73 4786 278 4834 τοίνυν
298 4781 327 4831 6
353 4781 442 4831 Υὶό
454 4797 492 4842 ς,
521 4775 859 4838 εὐδοκοῦντος
879 4780 968 4849 μεν
997 4787 1086 4830 τοῦ
1111 4779 1330 4850 Πατρός,
1353 4782 1721 4848 συνεργοῦντος

75 4867 146 4923 δε
195 4876 303 4921 τοῦ
338 4866 494 4939 ἁγίου
525 4870 839 4940 Πνεῦματος,
891 4869 1064 4941 ὥσπερ
1095 4867 1199 4939 ἄρα
1243 4872 1456 4938 νοοῦμεν
1503 4868 1594 4917 καὶ
1636 4862 1720 4917 ἐπὶ

69 4963 314 5014 πάντων
359 4956 521 5010 αὐτοῦ
548 4964 650 5010 τῶν
679 4958 864 5030 ἔργων.

1831 3081 1978 3138 lium
2004 3096 2072 3136 ac
2087 3080 2370 3151 Spiritum
2393 3085 2667 3135 sanctum
2690 3078 2982 3152 intelligit,
3009 3085 3066 3134 et
3086 3081 3324 3138 unicam
3351 3097 3485 3139 esse

1834 3176 2056 3226 sanctae
2093 3167 2388 3223 Trinitatis
2427 3182 2739 3238 personam
2794 3167 3004 3223 insane
3035 3169 3342 3240 praedicat.

1903 3257 2158 3323 Quando
2215 3271 2354 3312 vero
2401 3257 2566 3312 dedit
2611 3255 2901 3328 judicium
2973 3257 3113 3313 Filio
3147 3256 3176 3312 ἲ
3225 3259 3304 3315 De
3351 3259 3484 3325 hoc,

1831 3347 2080 3422 quando
2128 3346 2190 3402 id
2220 3345 2410 3412 fuerit,
2458 3360 2551 3400 res
2593 3351 2682 3400 est
2729 3345 3064 3401 admodum
3111 3347 3390 3404 occulta:
3430 3353 3488 3405 et

1831 3451 2180 3510 quanquam
2239 3434 2390 3506 (mm)
2429 3435 2717 3490 audenter
2780 3433 3142 3506 respondere
3190 3441 3485 3508 oporteat,

1831 3527 1995 3600 quod
2028 3523 2208 3580 simul
2231 3532 2290 3580 ut
2315 3523 2411 3579 hic
2432 3522 2664 3594 genitus
2683 3527 2808 3579 est:
2839 3528 3099 3580 attamen
3119 3525 3366 3598 quando
3390 3526 3487 3583 hic

1831 3617 2065 3686 genitus
2100 3620 2206 3681 est,
2250 3613 2498 3686 quando
2553 3615 2717 3669 Pater
2770 3613 3005 3680 genitus
3045 3630 3164 3670 non
3201 3620 3288 3670 est
3315 3613 3344 3670 ?
3368 3617 3485 3672 Non

1832 3709 2028 3778 potest
2078 3703 2396 3777 siquidem,
2450 3717 2574 3759 non
2626 3707 2845 3774 potest,
2895 3703 3166 3776 inquam,
3234 3705 3486 3761 inveniri

1832 3795 2137 3867 temporis,
2189 3797 2294 3850 aut
2351 3791 2550 3848 saeculi
2597 3791 2848 3863 alicujus
2895 3791 3306 3864 intelligentia,
3364 3809 3488 3866 qua

1831 3883 1910 3939 ad
1938 3889 2272 3938 extremum
2289 3880 2536 3953 aliquod
2563 3881 2864 3952 pervenire
2885 3885 3211 3954 possimus,
3241 3881 3488 3940 etiamsi

1831 3972 2092 4028 maxime
2125 3985 2472 4040 urgeamus.

1898 4059 2194 4115 Judicium
2243 4063 2445 4114 autem
2494 4073 2674 4114 omne
2711 4057 2876 4114 dedit
2907 4058 3070 4125 Filio,
3106 4064 3170 4115 ut
3210 4059 3488 4116 timentes

1830 4153 2074 4220 propter
2090 4147 2219 4209 hoc,
2251 4146 2549 4202 honorent
2568 4161 2728 4212 eum,
2749 4147 2899 4202 sicut
2916 4147 3212 4203 honorant
3228 4154 3488 4220 patrem.

1832 4239 1896 4292 Et
1916 4252 2054 4292 cum
2075 4236 2257 4292 Omne
2273 4233 2442 4302 dixit,
2457 4233 2810 4302 signiﬁcavit
2827 4241 2882 4290 et
2889 4234 3180 4306 judicium
3204 4235 3489 4308 puniendi

1829 4330 1884 4382 et
1907 4325 2198 4397 judicium
2233 4322 2592 4387 honorandi,
2634 4338 2790 4395 quos
2839 4323 3110 4378 voluerit.
3139 4325 3254 4379 Nec
3285 4329 3488 4379 tamen

1829 4416 2063 4472 Patrem
2074 4413 2094 4484 j
2108 4411 2386 4469 udicandi
2400 4411 2746 4467 auctoritate
2767 4410 3044 4483 privavit.
3061 4415 3208 4468 Nam
3226 4413 3272 4466 si
3285 4411 3491 4468 omnia

1827 4520 1964 4578 quae
1987 4502 2167 4558 habet
2190 4503 2360 4557 Pater
2372 4499 2498 4556 Filii
2519 4506 2658 4556 sunt
2670 4506 3069 4572 prteterquam
3085 4501 3350 4570 genitum
3366 4516 3488 4557 non

1829 4609 1960 4651 esse
1987 4590 2373 4648 manifestum
2412 4596 2498 4646 est
2527 4590 2691 4663 quod
2711 4589 2890 4646 etiam
2918 4605 3053 4662 quae
3094 4591 3275 4647 habet
3310 4590 3489 4647 Filius

1832 4682 2024 4739 Patris
2043 4687 2197 4747 sunt,
2217 4685 2613 4753 prreterquam
2645 4695 2772 4736 esse
2795 4679 3082 4750 genitum.
3097 4679 3489 4752 Judicatergo

1830 4772 2026 4837 Filius,
2095 4769 2467 4842 approbante
2537 4767 2780 4841 quidem
2859 4768 3050 4834 Patre,
3125 4774 3489 4842 cooperante

1828 4867 2029 4919 autem
2055 4865 2112 4916 et
2135 4859 2356 4931 Spiritu
2378 4862 2608 4924 sancto,
2629 4856 2811 4914 veluti
2833 4873 2979 4914 sane
3009 4857 3396 4932 intelligimus
3430 4859 3490 4916 in

1829 4950 2113 5008 omnibus
2145 4949 2276 5020 ejus
2304 4947 2609 5020 operibus.

1357 5185 1578 5256 Variae
1601 5184 1927 5254 lectiones
1959 5191 2022 5252 et
2051 5192 2256 5252 notae.

150 5386 296 5458 (97)
336 5385 634 5458 Ἀναχθῆτε
664 5389 744 5458 Α.⁸
768 5384 1095 5458 Utrumque
1124 5382 1399 5457 probum.
1453 5385 1530 5440 Ex
1565 5381 1723 5439 Hen-

59 5455 608 5520 teriio'nihil'licet
639 5455 933 5529 colligere.

1901 5379 2016 5526 #98)
2041 5379 2314 5451 Ἀγίνητος
2341 5378 2501 5461 γὰρρ
2534 5381 2734 5461 Πατήρ.

1925 5454 2015 5523 99)
2045 5453 2289 5513 Γεννητὸς
2315 5454 2416 5524 γὰρ
2445 5469 2470 5502 ο
2501 5454 2639 5512 Υιός,

1925 5454 2015 5523 99)
2045 5453 2289 5513 Γεννητὸς
2315 5454 2416 5524 γὰρ
2445 5453 2470 5502 6
2501 5453 2639 5512 Υἱός.

145 5639 355 5717 (mm)
378 5636 457 5695 Et
484 5651 845 5714 quamquam,
877 5639 988 5696 etc.
1029 5634 1089 5694 Si
1113 5638 1312 5693 autem
1343 5648 1580 5692 necesse
1609 5636 1716 5700 est,
1757 5631 1939 5690 etiam
1967 5630 2254 5690 audacter
2278 5627 2509 5704 aliquid
2539 5627 2932 5706 respondere.
