4038 6226
644 181 782 255 ιειν

641 415 883 479 similes,
916 414 974 468 in
1006 413 1271 467 increata
1301 407 1547 479 quidem
1576 405 1851 460 Trinitate
1890 406 2285 477 aequalitatem

639 503 997 572 signiﬁcant,
1027 500 1085 554 in
1116 498 1327 554 creatis
1348 511 1485 550 vero
1511 495 1653 565 ειερί
1666 512 1730 548 us
1750 494 1927 549 etiam
1958 494 2287 550 similitudi-

640 607 801 653 nem,
854 606 923 644 ac
977 585 1286 660 partialem
1340 598 1717 655 quamquam
1776 581 2285 638 assimilationem.

640 681 832 744 Quare
852 682 1049 732 autem
1082 674 1241 729 dedit
1261 672 1552 742 judicium
1582 672 1719 726 Filio
1749 671 1776 726 ?
1798 672 1947 735 Quia
1979 671 2071 726 hic
2097 671 2286 727 homi-

635 784 773 823 nem
788 765 1081 829 formavit,
1100 764 1280 836 perdit
1295 778 1514 833 umque
1527 760 1869 815 reformavit
1888 778 1903 825 ;
1919 776 1987 815 ac
2003 760 2285 817 salutaria

634 857 1094 929 deditprazcepta
1121 869 1131 906 :
1165 859 1221 908 et
1250 858 1309 908 ut
1333 852 1434 923 qui
1466 852 1645 905 homo
1674 850 1980 914 factusest,
2011 850 2283 905 homines

630 947 925 1018 judicaret
958 966 971 1000 :
1008 959 1127 999 non
1179 942 1372 996 solum
1407 949 1688 1011 tanquam
1743 942 1913 1001 Deus,
1951 940 2053 1010 qui
2082 940 2281 994 homi-

636 1052 781 1091 num
814 1036 977 1089 novit
1009 1038 1302 1100 naturam,
1356 1044 1559 1084 verum
1587 1028 1766 1083 etiam
1795 1028 2071 1093 uthomo,
2103 1029 2279 1100 quiin

638 1139 709 1179 ea
744 1124 932 1178 forma
979 1125 1233 1177 tentatus
1285 1124 1391 1174 est.
1434 1119 1495 1172 Et
1536 1132 1723 1187 quare
1778 1116 1951 1171 Filius
2010 1117 2283 1175 formavit

635 1212 937 1270 hominem
959 1211 987 1267 Ἰ
1016 1210 1160 1271 Quia
1181 1209 1307 1280 ipse
1341 1213 1426 1262 est
1458 1205 1776 1277 Sapientia,
1815 1205 2070 1261 Verbum
2094 1213 2151 1261 et
2177 1207 2279 1263 Po-

630 1304 814 1358 tentia
847 1300 1029 1355 Patris
1056 1301 1123 1353 ".
1162 1301 1223 1352 Et
1248 1313 1429 1369 quare
1472 1295 1650 1350 Filius
1680 1301 1733 1350 et
1784 1311 1903 1351 non
1936 1296 2125 1360 Pater,
2172 1311 2279 1352 nec

629 1391 876 1464 Spiritus
920 1393 1151 1445 sanctus
1196 1387 1627 1442 humanitatem
1672 1386 1996 1454 assumpsit
2044 1385 2072 1438 Ἰ
2129 1386 2279 1450 Quia

628 1479 943 1551 oportebat
975 1484 1034 1533 ut
1063 1477 1164 1549 qui
1204 1476 1260 1530 in
1294 1474 1573 1546 supernis
1607 1473 1779 1527 Filius
1826 1480 1968 1538 erat,
2014 1480 2277 1529 maneret

630 1568 808 1626 etiam
862 1569 917 1622 in
967 1565 1212 1623 infernis
1254 1563 1449 1628 Filius,
1497 1579 1569 1617 ne
1610 1562 1731 1617 duo
1787 1570 1982 1617 essent
2014 1563 2177 1617 Filii:
2221 1568 2277 1618 et

2014 182 2361 249 EU'I'HYMll
2396 178 2725 249 ZlGABENI
3800 206 3887 259 aio

718 328 927 382 Verum
962 323 1110 380 scire
1139 323 1388 392 oportet,
1422 317 1583 390 quod
1614 316 1904 372 dictiones
1930 317 2034 383 sic,
2060 317 2211 373 sicut
2236 324 2291 374 et
2324 318 2371 370 A

2482 324 2589 393 Χρὴ
2640 318 2702 372 ﬂ
2745 326 3018 391 γινώσκειν
3072 324 3153 374 ὅτι
3215 328 3273 375 τὸ
3324 327 3507 398 ὥσπερ,
3554 330 3633 377 καὶ
3682 330 3730 377 τὸ
3778 334 3892 389 καθὼς

2403 413 2492 460 καὶ
2541 411 2605 461 τὰ
2651 418 2871 461 τοιαῦτα
2912 410 2995 464 ἰπὶ
3186 422 3276 473 τῆς
3331 412 3569 467 ἁκτίστον
3617 413 3803 488 Τριάδος
3833 426 3891 473 τήν

2406 497 2623 555 ἰσότητα
2667 495 2941 565 δηλοῦσιν,
2994 503 3077 553 ἐπὶ
3119 498 3180 554 δε
3219 511 3316 554 τῶν
3356 512 3569 555 κτιστών
3611 504 3810 566 πολλάκις
3838 516 3894 560 καὶ

2404 587 2636 639 εἰκασίαν
2678 593 2769 639 καὶ
2815 590 3101 659 ὁμοιότητά
3149 610 3265 643 τινα
3317 597 3544 666 μερικὴν.
3590 598 3717 645 Aturi
3762 590 3804 646 ὢ
3844 600 3891 662 (t)

2403 680 2490 733 τὴν
2531 681 2703 749 κρίσιν
2757 674 2954 730 δέδωκε
2996 688 3068 749 τῷ
3118 682 3221 750 Υίῴ
3251 698 3265 746 ;
3294 686 3431 732 Διοτι
3480 682 3621 744 οὗτος
3650 685 3721 734 τὸν
3764 685 3895 757 abiga-

2402 784 2496 816 πον
2544 766 2750 827 ἔπλασε,
2798 773 2886 818 xui
2936 770 3190 840 φθαρέντα
3242 770 3503 835 ἀνέπλασε,
3557 776 3635 822 καὶ
3670 776 3745 832 τὰς
3780 791 3894 827 ctuti-

2399 859 2547 925 ρίους
2578 854 2779 916 ἐντολὰς
2827 852 3008 924 ἔδωκε,
3057 862 3142 909 xui
3196 860 3276 910 ἱνα
3327 860 3351 910 ὁ
3399 858 3756 929 ἔνανϐρωπήσας
3794 867 3892 931 κρίνῃ

2399 947 2521 1005 τοὺς
2554 942 2853 1018 ἀνθρώπους
2898 950 2969 1016 μὴ
3016 952 3167 1018 μόνον
3206 950 3273 1008 ὡς
3318 952 3461 1017 Θεὸς,
3510 944 3645 1008 εἰδὼς
3681 954 3758 1005 την
3791 953 3896 1019 φύσιν

2398 1040 2497 1082 τῶν
2541 1034 2840 1105 ἀνθρώπων,
2892 1031 3021 1085 ἀλλὰ
3068 1042 3156 1087 καὶ
3215 1039 3284 1098 ὡς
3334 1038 3609 1110 ἅνθρωπος,
3668 1044 3897 1109 πεπειραμέο
3980 1050 3981 1110 t

2397 1140 2483 1181 νος
2508 1121 2695 1183 αὐτῆς.
2749 1128 2847 1175 Καὶ
2879 1120 3026 1175 διατί
3064 1123 3279 1177 ἔπλασεν
3326 1126 3352 1177 ὁ
3402 1129 3516 1187 Υἱός
3565 1130 3643 1178 τὸν
3666 1128 3893 1199 ἀνθρωπσνε

2400 1217 2539 1261 Διοτι
2583 1211 2733 1272 οὗτος
2782 1211 2893 1263 ἐστι
2933 1217 3090 1284 Σοφία
3137 1220 3227 1265 καὶ
3270 1218 3435 1287 Λόγος
3486 1221 3569 1267 xui
3618 1218 3800 1287 Δύναμις
3838 1226 3895 1267 τω

2400 1305 2616 1373 Πατρός.
2670 1306 2769 1353 Καὶ
2817 1298 2963 1353 ὃιατί
2994 1303 3017 1353 ὁ
3051 1305 3170 1364 Υἱὸς
3224 1302 3329 1355 ἀλλ’
3368 1304 3470 1374 οὐχ
3521 1307 3545 1355 ὁ
3604 1310 3756 1377 Πατὴρ
3799 1311 3817 1362 ἑ
3862 1325 3898 1355 τι

2398 1396 2604 1461 Πνεῦμα
2660 1394 2717 1441 τὸ
2768 1390 2912 1461 ἅγιον
2968 1389 3364 1466 ἑνηνθρὼπησες
3398 1401 3533 1445 Διοτι
3577 1390 3671 1445 ἔδει
3719 1398 3785 1444 τὸν
3830 1396 3897 1443 ἆγε

2394 1479 2512 1530 Υἱόν
2542 1484 2707 1549 μένειν
2735 1484 2825 1530 καὶ
2854 1482 2996 1531 κάτω
3028 1483 3165 1545 Υἱόν,
3202 1483 3285 1533 ἱνα
3322 1487 3395 1554 μὴ
3440 1479 3535 1533 δύο
3577 1479 3662 1534 εἶεν
3703 1484 3806 1549 Υἱοὶ,
3842 1489 3899 1532 ui

2394 1562 2534 1617 διοτι
2572 1562 2679 1618 ἔδει
2721 1570 2807 1618 τὸν
2863 1572 3192 1641 Δημιουργὸν
3240 1568 3564 1622 ἀνακαινίσαι
3604 1574 3655 1621 τὸ
3706 1569 3898 1641 σνντριῶ
3980 1578 3981 1635 ξ

628 1658 772 1731 quia
801 1656 1113 1729 oportebat
1137 1655 1311 1709 etiam
1356 1652 1689 1707 Creatorem
1723 1667 2010 1707 renovare
2044 1652 2272 1708 confra-

2389 1655 2550 1706 αὐτοῦ
2596 1651 2995 1729 δημιούργημα,
3041 1663 3130 1709 xui
3170 1654 3309 1711 διότι
3362 1656 3469 1711 ἔδει
3514 1664 3596 1711 τὸν
3636 1659 3805 1729 λογικὸν
3842 1655 3901 1709 διε
3980 1654 3981 1717 ἶ

629 1754 786 1803 ctam
818 1762 989 1801 suam
1019 1750 1382 1805 creaturam;
1410 1746 1464 1795 et
1493 1740 1635 1812 quia
1660 1758 1813 1809 opus
1848 1748 1970 1796 erat
2003 1748 2063 1795 ut
2097 1741 2274 1796 ratio-

629 1836 763 1892 nale
793 1853 893 1908 per
916 1834 1206 1890 rationem
1248 1832 1365 1887 sive
1401 1832 1660 1886 Verbum
1691 1829 2041 1885 liberaretur
2078 1830 2155 1885 ab
2200 1833 2277 1885 ir-

630 1924 1049 1981 rationalitatis
1095 1921 1506 1977 affectionibus
1541 1940 1553 1985 ;
1596 1926 1650 1975 et
1692 1922 1835 1991 quia
1882 1919 2127 1975 decebat
2172 1935 2277 1991 per

629 2015 1052 2069 immutabilem
1087 2012 1268 2067 Patris
1309 2009 1659 2079 imaginem,
1715 2024 1852 2063 eum
1893 2009 1996 2080 qui
2045 2009 2123 2063 ad
2178 2009 2276 2064 Dei

626 2103 953 2172 imaginem
990 2100 1177 2155 factus
1221 2099 1431 2161 fuerat,
1487 2112 1740 2167 eamque
1793 2101 2144 2161 mutaverat,
2198 2098 2274 2152 ad

627 2192 936 2263 pristinam
987 2188 1244 2260 reparari
1275 2188 1646 2257 dignitatem,
1686 2190 1746 2240 ut
1784 2186 1865 2241 ita
1907 2187 2274 2242 convenienti

626 2279 808 2333 modo
837 2278 1043 2333 omnia
1085 2275 1307 2329 ﬁerent.

699 2367 911 2421 Verum
926 2367 1117 2420 sieum
1132 2361 1647 2430 honoraverimus,
1663 2362 1810 2417 sicut
1824 2362 2192 2419 honoramus
2221 2370 2276 2421 et

623 2455 856 2511 Patrem
887 2454 1126 2511 omnino
1151 2454 1319 2509 etiam
1346 2452 1574 2507 Patrem
1606 2452 1765 2506 hunc
1782 2452 2221 2524 appellabimus
2247 2455 2274 2509 ‘I

623 2546 1034 2617 Nequaquam,
1068 2542 1170 2598 sed
1197 2540 1402 2596 Filium
1431 2557 1562 2596 eum
1592 2541 1859 2607 scientes,
1899 2542 2119 2597 Patrem
2153 2559 2273 2598 non

622 2632 1077 2705 appellabimus,
1094 2647 1167 2686 ne
1190 2630 1576 2704 proprietates
1591 2630 1957 2685 confundam
1971 2648 2037 2684 us
2060 2632 2275 2697 ;hono-

620 2720 891 2778 rabimus
905 2728 1124 2789 tamen,
1149 2719 1298 2775 sicut
1314 2719 1560 2774 Patrem:
1587 2735 1729 2774 nam
1744 2719 1816 2773 de
1833 2718 2060 2774 honore
2076 2736 2271 2776 sermo

621 2817 728 2877 est,
763 2826 882 2866 non
913 2811 986 2866 de
1018 2809 1430 2882 appellatione.
1454 2808 1711 2863 Abusive
1743 2825 1881 2864 vero
1908 2814 1961 2863 et
1985 2809 2147 2864 hunc
2179 2813 2273 2865 Pa-

618 2906 766 2955 trem
781 2915 1086 2963 vocamus,
1106 2905 1389 2971 tanquam
1409 2903 1733 2953 creatorem
1752 2904 1809 2953 et
1826 2904 2272 2969 procuratorem

619 3004 689 3045 ac
720 2989 1072 3058 magistrum
1094 2995 1390 3043 nostrum.

692 3078 883 3133 Vidisti
908 3076 1411 3149 sapientissimum
1431 3082 1487 3132 et
1517 3074 1935 3131 admirabilem
1971 3082 2272 3131 contextu-

616 3183 748 3224 rain
782 3166 1125 3222 sublimium
1149 3165 1584 3237 humiliumque
1620 3164 1931 3220 verborum
1962 3182 1975 3231 ;
2014 3170 2073 3220 ut
2111 3172 2166 3221 et
2195 3166 2269 3221 de

615 3258 710 3314 his
742 3273 875 3330 quae
908 3264 1045 3313 tunc
1086 3257 1240 3312 facta
1270 3262 1423 3321 sunt,
1452 3271 1648 3311 sermo
1680 3254 1848 3309 facile
1888 3254 2266 3325 suscipiatur,

617 3351 674 3403 et
702 3346 793 3402 his
819 3346 978 3402 nullo
1009 3345 1124 3401 sint
1154 3344 1582 3416 impedimento
1612 3360 1684 3399 ea
1713 3360 1845 3415 qua:
1879 3343 2266 3415 postmodum

612 3435 777 3490 ﬁent.
810 3435 927 3491 Nisi
982 3436 1140 3489 enim
1194 3450 1324 3489 sese
1355 3433 1666 3488 demittens
1713 3432 1963 3487 humilia
2001 3432 2263 3498 dixisset,

612 3540 801 3597 quare
830 3525 1005 3580 etiam
1038 3523 1316 3578 sublimia
1363 3522 1726 3578 attexuisset.
1762 3525 1906 3577 Nam
1938 3521 2041 3593 qui
2082 3522 2157 3577 de
2204 3539 2264 3577 se

615 3629 837 3683 magna
861 3613 1056 3667 dicere
1076 3612 1270 3676 debet,
1306 3628 1441 3666 cum
1468 3627 1649 3682 parva
1680 3611 1913 3667 locutus
1939 3610 2129 3679 fuerit,
2159 3628 2264 3683 pro

614 3702 995 3756 excusatione
1074 3700 1255 3755 habet
1306 3700 1813 3771 dispensationem
1888 3717 1901 3755 :
1966 3700 2262 3773 siquidem

610 3788 1039 3861 dispensatorie
1072 3788 1181 3843 hoc
1219 3787 1369 3843 facit.
1433 3790 1616 3853 Quem
1643 3805 1785 3844 vero
1842 3806 2028 3859 parva
2068 3790 2262 3846 dicere

612 3876 911 3943 convenit,
936 3894 1121 3951 quam
1148 3878 1227 3932 ob
1267 3894 1509 3932 causam
1539 3893 1762 3946 magna
1802 3878 2066 3951 loquitur
2094 3878 2123 3934 ?
2145 3896 2260 3935 non

612 3968 769 4024 enim
811 3966 1267 4039 dispensationis
1318 3967 1429 4021 hoc
1474 3972 1578 4029 est,
1616 3967 1718 4022 sed
1778 3976 2053 4024 extremae
2103 3986 2261 4025 arro-

613 4056 853 4129 gantiae.
872 4056 1043 4123 Quod
1061 4056 1107 4111 si
1122 4056 1297 4111 etiam
1316 4057 1507 4112 minor
1528 4061 1653 4112 erat
1668 4057 1870 4121 Filius,
1893 4058 2044 4113 sicut
2062 4058 2260 4113 Ariani

609 4146 1013 4217 nugabantur,
1043 4162 1228 4218 quare
1250 4145 1542 4217 aequalem
1576 4146 1737 4204 Patri
1770 4147 2060 4201 honorem
2087 4163 2263 4219 expe-

609 4238 770 4295 tebat
799 4236 828 4292 ‘f
853 4240 967 4293 Nec
998 4242 1227 4292 tantum
1259 4234 1591 4307 expetebat,
1626 4252 1829 4291 verum
1864 4236 2043 4291 etiam
2084 4242 2259 4294 terro-

606 4344 734 4385 rem
764 4326 1107 4389 incutiebat,
1139 4324 1344 4380 dicens
1375 4340 1389 4381 :

681 4417 843 4473 Vers.
884 4420 974 4473 23.
1006 4415 1116 4481 Qui
1141 4446 1209 4454 —-
1234 4415 1432 4471 illum.
1460 4414 1568 4480 Qui
1607 4430 1727 4471 non
1768 4413 2041 4480 honorat,
2078 4416 2258 4472 modo

2386 1752 2478 1795 τοῦ
2522 1749 2694 1815 Λόγου
2747 1744 3147 1819 ἐλευθερωθῆναι
3176 1754 3264 1807 τῆς
3292 1747 3502 1818 ἀλογίας
3529 1757 3621 1798 τῶν
3647 1750 3807 1809 παθών,
3844 1752 3901 1795 ut

2388 1829 2528 1885 διότι
2558 1837 2748 1905 πρέπον
2776 1831 2835 1891 ἧν
2864 1831 2957 1886 διὰ
2989 1843 3084 1897 τῆς
3109 1835 3506 1909 ἁπαραλλάκτον
3527 1837 3791 1897 εἰκόνοςτοῡ
3810 1842 3903 1887 llat-

2383 1926 2470 1997 ρος
2491 1926 2577 1973 τὸν
2608 1923 2723 1975 κατ’
2747 1923 2919 1975 εἰκόνα
2945 1932 3078 1977 Θεοῦ
3106 1931 3450 1997 πεποιημένον
3476 1932 3560 1977 καὶ
3587 1925 3903 1998 παραλλάξαντα

2385 2012 2547 2070 αὐτὴν
2575 2012 2647 2074 εἰς
2687 2016 2744 2065 τὸ
2774 2018 3019 2087 πρότερον
3051 2013 3419 2086 ἐπαναχθῆναι
3457 2015 3663 2088 ἀξίωμα,
3707 2018 3780 2066 καὶ
3808 2014 3899 2066 οὕτω

2383 2100 2711 2162 καταλλήλως
2743 2103 2911 2155 πάντα
2938 2105 3197 2175 γενέσθαι.

2456 2370 2513 2423 Εἰ
2551 2366 2637 2422 οὖν
2690 2375 2990 2445 τιμήσωμεν
3044 2376 3119 2439 (2)
3166 2372 3347 2442 αὐτὸν,
3402 2374 3570 2434 καθὼς
3623 2382 3809 2443 τιμῶμεν
3844 2376 3898 2420 τιν

2385 2464 2606 2533 Πατέρα,
2665 2464 2866 2521 πάντως
2926 2466 3014 2512 καὶ
3070 2466 3273 2535 Πατέρα
3332 2470 3511 2515 τοῦτον
3569 2462 3902 2536 προσαγορεύσει

2381 2568 2470 2620 μεν
2516 2548 2637 2618 (3);
2678 2546 2941 2621 Οὐδαμῶς
2979 2567 2990 2578 ⁸

2381 2640 2470 2709 μὲν
2496 2636 2589 2688 οὐκ
2620 2637 2961 2710 ὀνομάσομεν,
2991 2639 3073 2690 ἶνα
3104 2644 3175 2709 μὴ
3212 2645 3526 2713 σνγχέωμεν
3555 2643 3640 2702 τὰς
3669 2636 3901 2697 ἱδιὸτιταςσ

3030 2548 3135 2601 ἀλλ’
3169 2554 3289 2603 Υἰὸν
3337 2552 3497 2604 αὑτὸν
3544 2549 3714 2611 εἰδότες
3756 2554 3901 2617 Πατέρα

2382 2729 2452 2787 ὡς
2481 2730 2566 2779 τὸν
2614 2732 2818 2800 Πατέρα
2861 2724 2919 2779 δὲ
2965 2734 3253 2801 τιμήσομεν
3460 2736 3572 2803 περὶ
3612 2733 3700 2800 γὰρ
3742 2726 3905 2796 ﬂgiti

2382 2815 2550 2886 λόγος,
2584 2815 2641 2867 οὗ
2690 2820 2806 2888 περὶ
2856 2822 3231 2890 προσηγορίας.
3290 2825 3726 2892 Καταχρηστικώς
3765 2812 3809 2866 δὲ
3847 2832 3906 2863 ni

2385 2908 2590 2977 Πατέρα
2619 2911 2798 2955 τοῦτον
2824 2904 3095 2977 καλοῦμεν,
3130 2908 3199 2967 ὡς
3225 2913 3449 2966 ποιητὴν
3489 2914 3574 2959 καὶ
3598 2903 3820 2977 κηδεμόνα
3846 2922 3905 2951 καί

2383 2988 2708 3043 διδάσκαλον
2732 2994 2898 3065 ἡμῶν.

2452 3078 2602 3143 Εἶὸες
2638 3086 2732 3139 τὴν
2794 3085 3099 3153 σοφωτάτην
3147 3089 3237 3136 καὶ
3288 3087 3588 3157 θαυμασίαν
3636 3084 3798 3140 πλοκὴν
3839 3088 3905 3129 τῶν

2380 3168 2591 3239 ὑψηλῶν
2635 3170 2744 3242 ἅμα
2791 3176 2880 3223 καὶ
2926 3181 3175 3223 ταπεινῶν
3223 3174 3478 3245 ῥημάτων
3512 3191 3523 3203 ·
3561 3176 3685 3225 ὥστε
3722 3176 3792 3222 καὶ
3834 3175 3906 3225 τοῖς

2378 3263 2492 3311 τότε
2534 3261 2770 3329 γίνεσθαι
2808 3264 2895 3312 τὸν
2933 3259 3084 3331 λόγον
3125 3260 3540 3336 εὐπαράδεκτον,
3572 3269 3653 3315 xui
3687 3266 3787 3319 τοὺς
3815 3259 3906 3329 μετὰ

2376 3355 2528 3400 τοῦτο
2559 3353 2629 3419 μὴ
2678 3346 3026 3420 βλάπτεσθαι.
3073 3350 3129 3402 Εἰ
3175 3353 3276 3424 γὰρ
3327 3356 3402 3423 μὴ
3440 3350 3535 3404 διὰ
3590 3347 3905 3422 συγκατάϐαςιν

2375 3440 2440 3489 τὰ
2470 3440 2686 3489 ταπεινὰ
2729 3437 2886 3507 ἔλεγε,
2931 3435 3077 3490 διατί
3124 3445 3215 3490 καὶ
3262 3444 3331 3491 τα
3382 3440 3563 3511 ὑψηλὰ
3607 3437 3905 3514 προσέπλαεη

2374 3524 2431 3577 Ὁ
2487 3528 2577 3597 μὲν
2629 3529 2730 3601 γὰρ
2792 3525 3001 3598 ὀφείλων
3076 3528 3280 3599 μεγαλα
3359 3535 3479 3602 περὶ
3552 3531 3717 3582 ἑαυτοῦ
3775 3526 3902 3593 λέγειν,

2374 3615 2494 3665 ὅταν
2524 3618 2688 3688 μικρὰ
2720 3617 3025 3687 φθέγγηται,
3069 3622 3330 3689 πρόφασιν
3381 3622 3497 3690 ἔχει
3539 3623 3626 3677 τὴν
3663 3617 3902 3685 οἰκονομίαν

2373 3703 2680 3776 οἰκονομικὼ
2737 3709 2837 3777 γὰρ
2869 3714 3020 3757 τοῦτο
3052 3714 3188 3759 ποιεῖ
3215 3725 3227 3736 ·
3260 3708 3287 3759 ὁ
3316 3704 3376 3760 δὲ
3392 3712 3558 3782 μικρά
3584 3708 3727 3778 15",ch
3754 3704 3902 3774 ὀφειὶων

2372 3798 2509 3854 τίνος
2545 3793 2703 3845 ἕνεκεν
2760 3794 2960 3865 μεγάλα
3017 3796 3333 3866 φθέγγεται;
3368 3792 3535 3849 Τοῦτο
3564 3799 3658 3869 γὰρ
3700 3794 3776 3846 οὐκ
3806 3793 3903 3842 ἔστι)

2372 3881 2690 3953 οἰκονομίας,
2726 3880 2831 3933 ἀλλ’
2865 3881 3101 3954 ἐσχάτης
3122 3882 3456 3947 ἀλαζονείας,
3491 3886 3546 3939 Εἰ
3569 3883 3623 3937 δε
3646 3889 3721 3935 xui
3741 3882 3901 3933 ἐλάττων

2373 3968 2433 4029 ἧν
2464 3972 2489 4022 ὁ
2528 3974 2660 4039 Υἱὸς,
2695 3972 2763 4032 ὡς
2808 3973 2855 4022 οἰ
2886 3977 3001 4045 περὶ
3041 3976 3126 4024 τὸν
3156 3972 3367 4047 Ἀρειον
3430 3973 3657 4047 ἐλήρουν,
3686 3968 3802 4023 διατι
3836 3972 3897 4017 τι)

2370 4063 2491 4117 ἴσην
2517 4068 2588 4130 τῷ
2624 4064 2787 4132 Πατρὶ
2826 4066 2983 4133 τιμὴν
3034 4060 3258 4134 ἀπῄτεις
3293 4070 3396 4116 Καὶ
3448 4063 3542 4116 οὐκ
3581 4063 3744 4135 ἀπῄτει
3772 4062 3895 4131 μόνον,

2372 4147 2500 4202 ἀλλὰ
2530 4154 2618 4201 καὶ
2640 4147 2827 4222 ἐφόϐει,
2853 4149 3032 4221 λέγων·

2438 4415 2496 4467 '0
2536 4446 2601 4456 —
2650 4416 2823 4472 αὐτόν.
2880 4417 2939 4471 Ὀ
2988 4424 3059 4493 μὴ
3114 4428 3300 4493 τιμῶν,
3355 4422 3431 4483 ὡς
3488 4422 3646 4494 ἔλεγεν
3702 4418 3887 4487 ἀνωτέρω.

608 4522 726 4578 quo
765 4476 1038 4578 superius
1064 4504 1229 4570 dixit,
1261 4504 1375 4559 hoc
1406 4476 1511 4570 est,
1545 4504 1695 4559 sicut
1724 4504 1973 4558 Patrem.
2021 4476 2260 4562 Addidit

2988 4476 2997 4493 .
3048 4476 3053 4477 γ
3168 4476 3178 4493 ,
3284 4476 3298 4485 ,
3413 4476 3429 4483 -
3572 4476 3586 4494 ,
3825 4476 3831 4487 .

2376 4508 2547 4577 ἤγουν,
2602 4509 2775 4567 καθὼς
2816 4510 2902 4559 τὸν
2952 4514 3177 4583 Πατέρα.
3226 4513 3326 4562 Τὸν
3388 4511 3660 4583 πέμψαντα
3711 4505 3758 4560 δι
3800 4502 3888 4556 εἶπεν

607 4600 807 4650 autem
841 4612 855 4650 :
899 4594 1009 4661 Qui
1031 4594 1183 4649 misit
1214 4593 1410 4658 illum,
1436 4609 1556 4648 non
1588 4593 1677 4647 sui
1708 4591 2167 4649 minorationem
2185 4594 2259 4650 si-

608 4682 919 4752 gniﬁcans,
973 4684 1077 4738 sed
1127 4699 1234 4739 ora
1284 4682 1620 4738 Judaeoriim
1652 4681 1954 4737 obtiirans.
2018 4685 2257 4755 Propter

605 4770 722 4827 hoc
742 4769 919 4827 etiam
946 4772 1225 4827 continue
1264 4773 1338 4828 ad
1370 4772 1596 4827 Patrem
1623 4771 1857 4839 refugit,
1906 4787 2132 4841 ponens
2158 4774 2253 4827 in-

605 4859 775 4916 terim
798 4866 853 4916 et
881 4877 1003 4916 suae
1023 4867 1247 4916 naturm
1270 4860 1660 4916 nobilitatem.
1696 4861 1828 4915 Sive
1856 4860 2013 4915 enim
2046 4861 2253 4917 omnia

606 4950 934 5006 secundum
988 4951 1075 5005 sui
1104 4950 1453 5020 dignitatem
1487 4950 1716 5005 locutus
1750 4949 1976 5013 fuisset,
2037 4966 2251 5022 nequa-

603 5055 781 5114 quam
794 5040 1213 5113 suscepissent,
1237 5041 1645 5095 existimantes
1667 5054 1803 5095 eum
1823 5038 1942 5093 Deo
1962 5056 2093 5093 esse
2117 5055 2255 5095 con-

676 5220 718 5257 ⁸⁷
754 5222 773 5275 I
806 5222 933 5275 Cor.
980 5235 1129 5286 χειν,
1178 5219 1246 5275 30
1280 5234 1292 5284 ;
1331 5217 1499 5273 llebr.
1538 5234 1576 5283 i,
1620 5223 1673 5274 3.

2366 4594 2459 4648 οὐκ
2516 4594 2796 4648 ἐλάττωσιν
2853 4596 3035 4650 ἑαυτοῦ
3093 4598 3411 4671 ἐμφφαίνων,
3460 4600 3583 4653 ἀλλὰ
3635 4601 3691 4652 τὰ
3725 4599 3890 4667 στόματα

2366 4695 2464 4737 τῶν
2516 4682 2783 4739 Ἰουδαίων
2828 4685 3119 4760 ἐμφάττων.
3175 4691 3269 4741 Διά
3316 4698 3476 4743 τοῦτο
3531 4694 3627 4763 γὰρ
3678 4692 3749 4739 καὶ
3790 4699 3888 4735 στει-

2364 4783 2479 4845 χῶς
2515 4773 2595 4826 ἐπὶ
2640 4779 2723 4826 τὸν
2772 4782 2981 4852 Πατέρα
3025 4782 3359 4850 καταφεύγει,
3422 4784 3586 4841 τιθεὶς
3626 4775 3786 4852 μεταξὺ
3823 4775 3884 4827 τεν

2362 4864 2553 4916 οἰκείαν
2611 4864 2881 4935 εὐγένειαν.
2941 4870 3056 4920 Εἴτε
3119 4870 3220 4941 γὰρ
3284 4871 3464 4922 πάντα
3523 4874 3646 4943 πρὸς
3692 4872 3768 4923 τὴν
3806 4864 3884 4914 ἔτι·

2361 4960 2452 5004 τοῦ
2508 4951 2654 5015 ἀξίαν
2715 4953 2898 5025 ἐλάλει,
2964 4957 3059 5008 οὐκ
3128 4955 3187 5008 ἆν
3260 4956 3613 5031 παρεδέξαντο
3669 4954 3880 5029 νομίζοντῖῖ

2365 5040 2611 5108 ἀντίθεον,
2643 5044 2768 5096 ὅπου
2800 5046 2880 5117 (5)
2925 5064 2984 5118 γε
3014 5050 3103 5098 καὶ
3134 5044 3233 5099 ἀπὸ
3284 5045 3539 5123 βραχέων
3581 5049 3781 5102 τοιούτων
3816 5040 3877 5115 ft-

1828 5322 2401 5392 Variaalectiones
2446 5338 2507 5393 et
2548 5336 2745 5396 notae.

674 5474 756 5546 (t)
788 5474 888 5527 Καί
917 5468 1239 5546 interponit
1263 5470 1336 5525 A.

675 5544 754 5617 (2)
786 5549 921 5617 Τιμή
933 5563 1085 5616 σομεν
1110 5544 1179 5617 Β.

674 5616 753 5703 (3)
786 5616 1296 5696 Προσαγορεύσωμεν
1327 5617 1372 5669 Α

2432 5468 2516 5545 (4)
2548 5470 2635 5525 Al.
2661 5476 2795 5545 Τιμὴ
2808 5488 2993 5545 σωμεν.

2432 5542 2508 5613 (ε)
2550 5547 2611 5594 ri
2632 5542 2802 5600 abest
2829 5544 2887 5598 Β.
