4038 6226
260 197 396 262 1225

254 331 460 406 βλέπειν
485 352 499 366 ο
532 331 664 386 οὕτω
689 334 957 388 κάνταῦθα
984 336 1042 388 τὸ
1074 333 1276 388 ἀκούειν
1306 339 1512 395 νοητέον
1537 353 1549 369 ο
1584 335 1842 409 οἰκονομι-

1957 335 2104 393 dum
2131 340 2219 394 est
2243 338 2693 411 «tispensatorie,
2721 343 2778 397 et
2805 345 2867 398 ut
2903 342 3022 399 Deo
3054 343 3388 401 conveniat.
3423 344 3616 418 Siqui-

249 431 354 485 κῶς
380 425 494 496 μὲν,
539 425 826 500 θεοπρεπῶς
875 421 951 479 δέ.
988 426 1063 479 Ού
1106 428 1206 498 γὰρ
1258 422 1432 478 δεῖται
1460 434 1550 479 τοῦ
1605 425 1848 479 ἀκούειν·

253 509 496 575 ἀνενδεὴς
518 515 620 586 γὰρ
648 515 673 565 ό
705 518 855 576 Θεὸς.

327 605 427 653 Καὶ
493 633 563 641 -
621 607 838 676 Πατρός.
891 607 1060 676 Κρίνω
1115 600 1320 670 δίκαια,
1377 609 1529 676 φησὶ,
1599 601 1739 657 διότι
1791 604 1849 657 ού

251 694 412 761 κρίνω
447 693 582 742 κατά
615 695 673 744 τὸ
714 691 910 764 θέλημα
957 693 1070 763 (17)
1115 697 1173 744 τὸ
1224 691 1340 766 ἐμόν
1366 709 1380 724 ⁸
1431 690 1553 746 ούδε
1599 697 1700 768 γὰρ
1742 693 1850 765 έχω

254 778 451 852 θέλημα
494 776 632 832 ἴδιον
657 797 670 810 ο
724 779 849 833 ἀλλὰ
891 784 1026 833 κατὰ
1055 784 1113 834 τό
1147 790 1238 834 τοῦ
1271 787 1493 856 Πατρός.
1543 789 1706 834 Τοῦτο
1747 785 1848 854 γὰρ

253 873 342 921 καὶ
381 867 540 942 ἐμόν’
586 868 635 922 ἓν
683 871 784 946 γάρ
839 874 927 923 καὶ
979 873 1038 922 τό
1092 871 1218 923 αὐτὸ
1275 870 1472 944 θέλημα
1516 875 1719 946 Πατρός
1760 875 1849 922 καὶ

251 961 394 1014 Υἱοῦ.
449 963 551 1012 Καὶ
592 959 788 1025 λοιπὸν,
832 960 875 1013 εἰ
904 960 929 1012 6
975 964 1154 1033 Πατὴρ
1203 965 1389 1032 κριτὴς
1437 957 1658 1030 δίκαιος,
1707 965 1795 1012 καὶ
1823 961 1848 1011 ὁ

251 1047 371 1111 Υἱός
399 1049 502 1123 οῖρα
530 1053 715 1124 κριτὴς
743 1045 966 1110 δίκαιος.

325 1143 433 1212 Χρὴ
481 1143 654 1190 τοίνυν
692 1136 775 1190 ἐπὶ
820 1146 915 1190 τῶν
956 1139 1200 1190 τοιούτων
1263 1136 1732 1210 συγκαταϐατικὼν
1796 1157 1850 1190 τε

248 1233 338 1280 καὶ
409 1227 744 1300 οἰκονομικῶν
813 1227 1059 1302 ῥημάτων
1125 1231 1196 1300 μὴ
1264 1230 1392 1299 πρὸς
1447 1227 1580 1279 αὐτὰ
1645 1225 1849 1299 βλέπειν

245 1320 422 1388 μόνον,
459 1315 586 1368 ἀλλά
636 1321 723 1369 καὶ
754 1320 884 1390 πρὸς
912 1320 1002 1376 τὴν
1057 1315 1228 1368 αἰτίαν
1287 1312 1364 1368 δι’
1421 1314 1480 1373 ἢν
1529 1313 1846 1390 ἐρρήθησαν.

249 1406 405 1460 Δίτία
454 1409 554 1482 γὰρ
587 1405 672 1459 ἐπὶ
717 1409 907 1458 τούτων
954 1408 984 1464 η
1045 1404 1285 1458 ἀσθένεια
1334 1413 1430 1467 τῆς
1469 1401 1706 1466 διανοίας
1749 1411 1850 1456 τῶν

245 1494 557 1566 ἀκουόντων,
599 1500 688 1548 καὶ
719 1498 777 1548 τὸ
822 1499 894 1568 μὴ
930 1491 1101 1548 δοκεῖν
1145 1495 1300 1548 αὐτὸν
1346 1493 1596 1558 ἀντίθεον,
1635 1495 1706 1555 ως
1737 1489 1852 1545 δια-

247 1589 412 1660 φόρως
452 1585 744 1661 εἰρήκαμεν.

1235 198 1603 269 COMMENT.
1648 209 1714 266 IN
1752 203 2106 268 JOANNEM.
2145 243 2212 252 —
2252 202 2410 269 CAP.
2452 207 2517 269 ν.

49 17 2212 54 ᾐκ
2251 23 2396 35 ,ημ-
2737 18 2970 24 ηηνὛ-ν-
3005 18 3010 19 γ
3051 18 3106 22 7r

3481 217 3501 274 1
3514 219 3620 277 226

1957 425 2097 481 dem
2137 441 2330 498 neque
2361 426 2560 484 videre
2596 428 2647 484 ei
2673 445 2828 502 opus
2859 437 2968 498 est,
3002 447 3197 506 neque
3225 432 3452 498 audire,
3479 449 3617 490 cum

1959 512 2113 568 Deus
2151 514 2314 570 nulla
2339 531 2400 570 re
2432 515 2716 587 indigeat.

2029 604 2191 659 Vers.
2233 608 2325 662 30.
2384 605 2458 660 Et
2496 636 2566 648 —
2612 608 2827 664 Patris.
2883 609 3068 677 Juste,
3126 611 3341 684 inquit,
3369 611 3616 683 judicio,

1956 691 2099 764 quia
2128 708 2249 747 non
2259 693 2464 763 judico
2486 695 2822 752 secundum
2845 698 3232 769 voluntatem,
3280 717 3497 768 meam,
3521 717 3621 758 ne-

1955 796 2072 853 que
2103 795 2213 850 ego
2235 783 2542 854 propriam
2564 784 2755 842 habeo
2777 787 3144 844 voluntatem
3158 789 3260 845 sed
3284 790 3620 847 secundum

1957 871 2145 925 Patris
2161 870 2696 938 voluntatem;nam
2713 875 2812 931 illa
2830 876 3010 933 etiam
3032 894 3166 934 mea
3186 884 3421 944 est;una
3441 880 3620 952 siqui-

1955 959 2092 1014 dem
2111 960 2389 1016 eteadem
2411 970 2497 1017 cst
2521 964 2706 1018 Patris
2733 969 2788 1020 et
2816 964 2940 1020 Filii
2963 967 3260 1024 voluntas.
3289 969 3344 1026 Si
3363 985 3500 1040 ergo
3520 984 3620 1041 pa-

1956 1047 2574 1122 terjustusestjudex,
2602 1058 2656 1108 et
2678 1053 2860 1110 Filius
2880 1055 3083 1128 utique
3100 1057 3393 1128 justusest
3409 1058 3616 1130 judex.

2028 1138 2270 1210 Oportet
2299 1139 2501 1213 itaque
2528 1141 2588 1196 in
2619 1140 2966 1213 hujusmodi
2997 1145 3207 1210 verbis,
3241 1162 3372 1218 quae
3402 1147 3621 1203 demis-

1957 1226 2183 1282 sionem
2209 1244 2280 1284 ac
2309 1227 2820 1302 dispensationem
2853 1232 3210 1303 significant,
3241 1251 3359 1291 non
3386 1236 3463 1292 ad
3487 1235 3623 1309 ipsa

1958 1320 2189 1373 tantum
2221 1319 2534 1390 respicere,
2567 1320 2672 1375 sed
2706 1321 2886 1377 etiam
2926 1321 3004 1378 ad
3034 1339 3280 1379 causam
3313 1323 3616 1396 ipsorum;

1957 1404 2017 1460 in
2046 1405 2137 1461 his
2167 1407 2324 1463 enim
2355 1424 2537 1465 causa
2568 1413 2659 1465 est
2715 1409 3088 1468 imbecillitas
3119 1412 3334 1468 mentis
3378 1413 3622 1470 audien-

1960 1493 2127 1561 tium,
2167 1501 2220 1551 et
2262 1512 2335 1551 ne
2379 1496 2499 1552 Deo
2532 1499 2865 1555 contrarius
2899 1499 3214 1566 videretur,
3249 1501 3400 1558 sicut
3439 1501 3620 1558 variis

1958 1583 2016 1638 in
2046 1584 2190 1638 locis
2221 1585 2500 1641 diximus.
3703 1585 3707 1588 ’

317 1673 436 1728 Ἐὰν
511 1706 580 1714 -
634 1672 844 1735 ἀληθής.
922 1678 1036 1750 Χρὴ
1104 1677 1222 1735 τούς
1284 1675 1373 1734 τὰς
1447 1674 1582 1745 ἱερὰς
1640 1673 1842 1747 Γραφὰς

2030 1672 2192 1729 Vers.
2244 1675 2338 1732 3t.
2376 1675 2435 1730 Si
2486 1707 2554 1715 —
2586 1691 2809 1734 verum.
2840 1676 3077 1751 Oportet
3126 1694 3229 1735 eos
3286 1678 3389 1753 qui
3421 1695 3619 1736 sacras

249 1761 698 1835 ἀναγινώσκοντας
739 1768 824 1817 τόν
855 1783 908 1816 τε
948 1765 1140 1816 σκοπόν
1193 1770 1284 1814 τοῦ
1331 1762 1556 1833 λέγοντος
1611 1765 1700 1812 καὶ
1752 1764 1844 1818 τὴν

245 1852 348 1915 ἕξιν
380 1860 474 1905 τοῦ
514 1851 790 1916 ἀκούοντος
828 1851 1102 1918 ἐξετάζειν,
1148 1857 1237 1904 καὶ
1286 1858 1488 1925 καιροῖς
1535 1854 1622 1902 καὶ
1671 1852 1846 1909 τόποις

246 1944 386 1994 ἔστιν
445 1943 526 1995 ὅτε
582 1946 883 2015 προσέχειν,
932 1947 1021 1993 καὶ
1067 1943 1132 1994 τὰ
1183 1937 1449 2013 ἰδιώματα
1500 1944 1842 2012 παρατηρεῖν,

243 2035 335 2083 καὶ
379 2035 450 2104 μὴ
499 2030 672 2093 ἁπλῶς
727 2035 816 2083 καὶ
863 2031 981 2082 καθ’
1032 2031 1117 2083 ἕνα
1161 2033 1348 2104 τρόπον
1406 2027 1600 2080 ἐπιέναι
1650 2029 1840 2095 πάντα,

243 2121 289 2174 εἰ
335 2119 607 2194 βούλοιντο
655 2122 722 2172 τά
761 2123 957 2191 γνήσια
998 2123 1237 2192 νοήματα
1278 2116 1710 2190 καταλαμϐάνειν,
1752 2121 1842 2168 καὶ

240 2215 314 2282 μὴ
374 2209 545 2281 ψιλοῖς
589 2217 698 2271 τοῖς
742 2209 973 2283 ῥήμασιν
1018 2207 1360 2280 ἐναπομένειν,
1412 2212 1501 2259 καὶ
1544 2205 1843 2258 πλανᾶσθαι

240 2299 380 2352 κατά
437 2302 554 2359 τοὺς
605 2300 911 2373 αἱρετικούς.
982 2297 1176 2350 Αὐτίκα
1226 2299 1328 2370 γὰρ
1398 2299 1457 2348 τὸ
1509 2301 1840 2368 προκείμενον

240 2391 442 2462 χωρίον
494 2389 608 2459 ἔχει
659 2390 749 2459 μὲν
819 2385 978 2439 πολὺν
1035 2388 1319 2458 θησαυρόν,
1382 2387 1497 2456 ἔχει
1551 2379 1610 2436 δε
1661 2392 1839 2436 τοῦτον

238 2476 400 2548 πολλῷ⁹
468 2479 936 2548 κατακεχωσμένον
993 2473 1238 2548 ἀσαφειᾳ.
1315 2479 1407 2536 Τίς
1457 2475 1557 2547 γὰρ
1619 2472 1714 2524 οὐκ
1781 2472 1840 2524 ἂν

241 2565 428 2626 εύθέως
483 2564 795 2639 θορυϐηθείη
853 2563 1050 2616 ἀκούων
1121 2571 1212 2616 τοῦ
1268 2569 1504 2636 Χριστοῦ
1560 2561 1836 2633 λέγοντος·

239 2653 360 2708 Ἐὰν
450 2652 550 2726 ἐγὼ
611 2661 860 2729 μαρτυρῶ
916 2658 1033 2728 περὶ
1126 2651 1376 2725 ἐμαυτοῦ,
1466 2653 1495 2710 ἠ
1575 2656 1842 2724 μαρτυρία

238 2763 342 2815 μου
385 2742 478 2796 οῦκ
509 2745 648 2796 ἔστιν
693 2741 929 2810 ἀληθής;
983 2747 1082 2795 Καὶ
1119 2744 1219 2817 γὰρ
1265 2741 1420 2804 αὐτὸς
1464 2740 1626 2812 ἔλεγεν
1652 2760 1664 2773 ο
1710 2741 1841 2811 Ἐγὼ

242 2833 350 2906 εἰμι
379 2835 409 2891 ἡ
444 2831 677 2890 ἀληθεια.
719 2837 816 2885 Καὶ
868 2830 952 2884 ἐὰν
982 2833 1011 2889 ἡ
1040 2829 1254 2890 ἀλήθεια
1297 2831 1390 2884 οὐκ
1445 2829 1666 2903 ἀληθεύῃ
1703 2830 1838 2900 (18),

239 2927 323 2986 τίς
387 2921 702 2988 ἀληθεύσει;
762 2921 879 2974 Ἐἀν
932 2920 966 2972 ἃ
1015 2925 1129 2993 περὶ
1192 2920 1380 2972 ἑαυτοῦ
1447 2922 1841 2995 μεμαρτύρηκεν

241 3015 338 3064 οῦκ
381 3011 511 3064 εἰσιν
542 3009 732 3081 ἀληθῆ,
775 3014 980 3071 πάντως
1021 3013 1229 3082 οῖχεται
1281 3011 1406 3082 ἡμῖν
1462 3013 1522 3061 τό
1569 3008 1842 3082 κεφάλαιον
1875 3056 1916 3109 C

234 3107 329 3153 τοῦ
386 3103 740 3174 κηρύγματος.
806 3097 916 3152 Ἰνα
988 3102 1090 3172 γὰρ
1158 3098 1390 3172 ἐάσωμεν
1463 3097 1623 3150 τᾶλλα
1678 3101 1844 3170 μυρία

231 3193 360 3242 ὅντα
407 3194 496 3242 καὶ
548 3191 828 3242 συνεκτικά
878 3197 974 3250 τῆς
1045 3193 1292 3253 πίστεως,
1372 3195 1472 3239 ποῦ
1529 3189 1754 3259 θήσομεν
1806 3185 1842 3236 ἃ

231 3281 334 3352 πρὸ
377 3277 613 3354 βραχέος
643 3277 969 3354 ἐμαρτύρησε
1021 3281 1138 3353 περὶ
1165 3277 1371 3344 ἑαυτοῦ,
1419 3278 1500 3329 ὅτι
1555 3279 1670 3337 Υἱός
1723 3275 1838 3327 ἐστι

230 3377 325 3421 τοῦ
358 3375 512 3433 Θεοῦ,
548 3371 624 3421 ὅτι
655 3371 773 3430 ἶσος
811 3367 950 3439 αὐτῷ
980 3369 1115 3419 κατά
1137 3369 1292 3439 φύσιν
1340 3370 1430 3418 καὶ
1483 3362 1704 3437 δύναμιν
1746 3367 1836 3415 καὶ

233 3457 467 3522 θελησιν,
498 3459 579 3511 ὅτι
610 3454 958 3534 δημιουργὸς,
993 3458 1074 3510 ὅτι
1114 3457 1382 3528 ζωοποιὸς,
1417 3455 1497 3507 ὅτι
1536 3459 1713 3528 κριτὴς
1745 3457 1834 3505 καὶ

227 3550 332 3602 ὅσα
360 3555 578 3600 τοιαῦτα
601 3563 614 3614 ;

300 3642 367 3691 Τί
413 3633 501 3690 οὖν
557 3639 697 3690 ἔστιν
751 3635 946 3703 εἰπεῖν;
1001 3633 1142 3700 "On,
1209 3630 1391 3692 ἐπειδὴ
1445 3640 1661 3686 τοιαῦτα
1715 3637 1832 3706 περὶ

228 3726 418 3781 ἑαυτοῦ
466 3732 810 3801 μαρτυρήσας
870 3728 998 3797 ἔγνω
1063 3729 1182 3786 τοὺς
1231 3721 1520 3784 Ἰουδαίους
1587 3721 1831 3795 ἐνθυμου-

226 3822 412 3890 μένους
464 3815 742 3869 ἀντιθεῖναι
778 3821 869 3868 καὶ
901 3815 1076 3882 εἰπεῖν,
1111 3815 1192 3866 ὅτι
1245 3814 1352 3886 (19)
1405 3816 1522 3864 Ἐὰν
1583 3816 1648 3864 σύ
1701 3832 1832 3886 μαρα

227 3915 391 3982 τυρῇς
414 3911 530 3980 περὶ
590 3913 808 3958 σεαυτοῦ
840 3904 984 3977 (‘20),
1026 3907 1054 3963 ἡ
1089 3907 1357 3978 μαρτυρία
1403 3921 1496 3954 σου
1543 3902 1636 3954 ούκ
1689 3905 1830 3954 ἔστιν

227 3995 444 4056 ἀληθής.
489 3991 676 4056 Οὐδεὶς
729 3997 831 4070 γὰρ
881 3994 1047 4064 ἐαυτῷ
1102 4000 1379 4068 μαρτυρῶν
1429 3990 1730 4053 ἀξιόπιστος
1783 3990 1830 4042 ἐν

229 4085 524 4159 ἀνθρώποις
576 4080 647 4137 δι’
698 4083 928 4155 ὑποψίαν
985 4083 1290 4154 φιλαυτίαςο
1343 4079 1589 4155 προέλαϐε
1646 4086 1735 4132 καὶ
1762 4078 1830 4133 εἶ-

1285 4170 1487 4243 )ἐγων⁹
1553 4169 1669 4222 Ἐἀν
1733 4168 1831 4240 ἐγὼ

1740 4257 1833 4310 ούκ

227 4195 317 4229 πεν
387 4175 414 4227 ὃ
491 4173 692 4247 ἔμελλον
759 4174 916 4226 εἰπεῖν
1001 4171 1202 4242 ἐκεῖνοι,

225 4273 481 4339 μαρτυρῶ
545 4267 664 4336 περὶ
750 4263 997 4335 ἐμαυτοῦ,
1089 4263 1118 4320 ἠ
1207 4264 1473 4336 μαρτυρία
1535 4278 1635 4332 μου

228 4357 373 4407 ἔστιν
431 4351 646 4416 ἀληθὴς,
702 4352 766 4411 ὡς
821 4352 944 4423 ύμῖν
1000 4347 1176 4402 δοκεῖ’
1233 4355 1323 4402 καὶ
1377 4348 1553 4401 λοιπόν
1609 4349 1835 4421 παράγει
1868 4411 1912 4465 D

281 4445 383 4465 A-__,
417 4461 504 4465 --μ
617 4439 1042 4465 --.-ν----..--ε>--.νμ-,-,
1118 4437 1385 4465 ΔΑΜ-...πλη
1458 4445 1518 4465 ...κ
1599 4436 1834 4465 :._n_..:..

227 4445 526 4518 μάρτυρας,
613 4439 1043 4513 συγκαταϐαίνων
1118 4437 1386 4490 κάνταῦθα
1458 4445 1518 4510 τῇ
1596 4436 1836 4509 ἀσθενείᾳ

231 4533 428 4600 αὐτῶν,
460 4536 550 4584 καὶ
571 4529 626 4582 ἐκ
653 4533 955 4607 περιουσίας
986 4528 1331 4603 ἐπιστομίζων
1353 4527 1563 4590 αύτούς.

303 4841 354 4877 ⁸⁵
383 4839 554 4897 Joan.
585 4852 707 4908 xxv,
740 4841 794 4894 6.

1959 1759 2163 1830 legunt
2196 1762 2546 1833 Scripturas,
2576 1765 2963 1823 intentionem
2995 1767 3288 1839 loquentis
3319 1768 3620 1824 habitum-

1957 1866 2072 1922 que
2112 1851 2401 1907 audientis
2431 1854 2759 1926 exquirere,
2812 1861 3083 1926 tempora
3129 1874 3366 1930 quoque
3395 1874 3464 1914 ac
3488 1859 3619 1915 loca

1958 1939 2283 2006 advertere,
2335 1941 2572 2014 insuper
2624 1943 2916 2001 idiomata
2945 1945 3309 2002 observare:
3353 1963 3460 2003 nec
3479 1947 3620 2004 sim-

1955 2028 2181 2100 pliciter
2218 2035 2274 2085 et
2322 2046 2441 2086 uno
2481 2031 2663 2087 modo
2711 2039 2926 2090 cuncta
2959 2035 3223 2104 aggredi,
3255 2037 3301 2092 si
3323 2036 3620 2107 legitimos

1955 2133 2159 2173 sensus
2206 2118 2383 2174 velint
2425 2119 2892 2193 deprehendere,
2915 2127 2972 2179 et
3017 2139 3138 2180 non
3192 2125 3252 2180 in
3293 2127 3470 2181 nudis
3497 2143 3620 2183 ma-

1952 2222 2092 2262 nere
2133 2208 2326 2263 verbis
2348 2224 2418 2263 ac
2456 2208 2598 2276 falli,
2632 2209 2782 2266 sicut
2816 2211 3090 2268 haeretici.
3134 2213 3440 2286 Siquidem
3487 2231 3621 2286 pro-

1953 2296 2181 2368 positus
2214 2297 2413 2352 statim
2427 2314 2671 2370 campus
2694 2298 2822 2371 (nn)
2841 2300 3181 2358 thesaurum
3207 2302 3390 2358 habet
3420 2303 3622 2376 copio-

1951 2402 2083 2440 sum
2116 2403 2128 2441 :
2164 2387 2342 2442 habet
2382 2391 2579 2441 autem
2607 2386 2768 2442 hunc
2803 2387 2990 2444 multa
3037 2387 3320 2446 obrutum
3350 2389 3621 2447 obscuri-

1953 2479 2084 2530 tate.
2121 2475 2261 2541 Quis
2288 2476 2447 2530 enim
2477 2479 2718 2548 repente
2746 2476 2968 2533 turbari
2992 2493 3113 2533 non
3135 2483 3337 2549 posset
3368 2479 3622 2537 audiens

1954 2563 2244 2619 Christum
2299 2564 2640 2620 dicentem:
2683 2563 2742 2620 Si
2787 2580 2881 2636 ego
2934 2567 3314 2624 testimonium
3353 2568 3622 2639 pcrhibeo

1951 2653 2024 2708 de
2052 2668 2135 2709 me
2160 2655 2308 2722 ipso,
2361 2654 2749 2710 testimonium
2799 2670 2981 2711 meum
3038 2671 3152 2711 non
3192 2663 3277 2712 est
3310 2672 3502 2713 verum
3525 2659 3572 2694 ³⁸
3594 2663 3618 2710 ?

1954 2741 2254 2812 Siquidem
2310 2741 2436 2813 ipse
2478 2742 2628 2798 dixit
2677 2757 2690 2797 :
2745 2743 2861 2813 Ego
2910 2761 3028 2799 sum
3086 2745 3343 2814 veritas;
3381 2746 3619 2818 quodsi

1951 2831 2166 2886 veritas
2190 2847 2395 2886 verum
2432 2847 2554 2886 non
2587 2831 2868 2903 loquitur,
2892 2833 3170 2905 quisnam
3200 2834 3306 2888 erit
3335 2835 3444 2905 qui
3475 2850 3619 2892 vera

1951 2919 2230 2991 loquatur
2260 2920 2287 2975 ‘I
2316 2920 2371 2974 Si
2405 2935 2540 2991 quas
2579 2919 2653 2975 de
2687 2920 2887 2992 seipso
2948 2919 3297 2977 testiﬁcatus
3331 2927 3435 2989 est,
3481 2937 3617 2979 vera

1953 3024 2074 3063 non
2097 3014 2252 3076 sunt,
2282 3008 2455 3064 nobis
2473 3008 2706 3065 omnino
2730 3009 3334 3082 peritpreedicationis
3349 3027 3612 3069 summa.

1954 3100 2190 3164 Nam,ut
2207 3103 2420 3153 caetera
2437 3097 2867 3170 sinamus,quaa
2882 3103 3017 3154 sunt
3036 3099 3352 3157 innumera
3364 3103 3421 3156 et
3433 3100 3614 3156 ﬁdem

1951 3186 2349 3256 contingentia
2381 3203 2394 3240 :
2427 3185 2672 3242 ubinam
2695 3203 2993 3260 ponemus
3020 3204 3092 3245 ea
3109 3205 3245 3262 quae
3261 3189 3443 3260 paulo
3475 3194 3614 3246 ante

1947 3275 2022 3329 de
2044 3275 2246 3346 seipso
2278 3274 2620 3330 testiﬁcatus
2643 3281 2747 3346 est,
2781 3276 2948 3349 quod
2977 3277 3157 3332 Filius
3190 3278 3261 3332 sit
3288 3277 3410 3344 Dei,
3446 3277 3615 3350 quod

1945 3365 2194 3436 {aqualis
2224 3363 2304 3418 illi
2352 3369 2584 3428 natura,
2638 3366 2902 3436 potentia
2933 3369 2988 3421 et
3027 3366 3333 3422 voluntate
3390 3383 3406 3432 ;
3442 3368 3610 3440 quod

1945 3458 2195 3517 creator,
2228 3453 2392 3526 quod
2424 3453 2763 3520 viviﬁcator,
2791 3455 2954 3528 quod
2979 3455 3166 3526 judex
3197 3455 3432 3528 aliaque
3455 3456 3612 3512 simi'

1943 3541 2022 3598 lia
2053 3543 2082 3599 ?

2015 3632 2166 3698 Quid
2199 3647 2337 3705 ergo
2390 3631 2712 3688 dicendum
2764 3632 2904 3688 est?
2935 3632 3105 3699 Quod
3161 3633 3304 3707 quia
3347 3634 3487 3691 talia
3535 3633 3612 3693 de

1944 3724 2144 3792 seipso
2219 3721 2565 3777 testiﬁcatus
2618 3722 2828 3788 fuerat,
2885 3723 3167 3792 cognovit
3220 3723 3458 3780 Judasos
3506 3723 3612 3781 ha-

1939 3811 2079 3868 bere
2104 3812 2158 3866 in
2184 3811 2385 3867 animo
2431 3827 2728 3883 opponere
2760 3828 2821 3866 se
2870 3812 2920 3867 ei
2961 3828 3029 3868 ac
3059 3812 3252 3868 dicere
3287 3830 3299 3868 :
3348 3813 3404 3869 Si
3432 3818 3493 3870 tu
3524 3821 3607 3871 te-

1943 3901 2286 3958 stimonium
2317 3901 2592 3973 perhibes
2632 3901 2706 3956 de
2738 3901 2946 3974 teipso,
3003 3901 3406 3957 testimonium
3439 3907 3608 3960 tuum

1941 4007 2062 4046 non
2087 3995 2174 4044 est
2202 4006 2430 4045 verum.
2465 3990 2652 4044 Nemo
2685 3989 3005 4062 siquidem,
3037 3992 3137 4062 qui
3170 3991 3244 4046 de
3276 3991 3474 4063 seipso
3503 3991 3610 4048 fert

1942 4079 2369 4145 testimonium,
2398 4077 2742 4147 fidedignus
2760 4085 2846 4133 est
2863 4079 3025 4149 apud
3047 4079 3342 4148 homines,
3373 4087 3607 4151 propter

1943 4168 2350 4239 suspicionem
2383 4168 2456 4222 de
2488 4165 2674 4222 nimio
2697 4167 2785 4221 sui
2820 4166 3008 4238 ipsius
3030 4183 3254 4233 amore,
3287 4167 3422 4222 ideo
3455 4184 3606 4238 prin-

1942 4257 2104 4311 venit
2160 4273 2227 4310 ac
2278 4255 2443 4320 dixit,
2495 4255 2651 4327 quod
2715 4254 2797 4309 illi
2845 4254 3056 4309 dicturi
3104 4261 3289 4318 erant,
3330 4254 3536 4309 dicens
3587 4271 3600 4307 ε

1943 4345 2001 4400 Si
2021 4360 2122 4415 ego
2150 4343 2535 4401 testimonium
2557 4342 2915 4411 perhibeode
2941 4356 3026 4398 me
3055 4343 3605 4410 ipso,testimonium

1944 4449 2123 4491 meum
2164 4450 2284 4490 non
2325 4439 2403 4490 est
2435 4447 2656 4495 verum,
2700 4440 2759 4486 ut
2792 4429 2951 4484 vobis
2982 4435 3254 4502 apparet.
3296 4431 3499 4503 Itaque
3530 4438 3606 4486 te-

1946 4529 2064 4580 stes
2091 4523 2349 4588 adducit,
2377 4522 2556 4578 etiam
2588 4522 2645 4576 in
2671 4521 2781 4576 hoc
2805 4535 2868 4574 se
2891 4518 3208 4574 demittens
3238 4519 3316 4574 ad
3338 4519 3603 4575 imbecil-

1944 4613 2170 4670 litatem
2209 4611 2468 4677 illorum,
2509 4615 2563 4666 et
2595 4626 2666 4666 ex
2705 4606 3036 4665 abundanti
3069 4608 3345 4664 cautione
3402 4607 3606 4682 (oo)si-

1944 4702 2196 4761 lentium
2229 4700 2339 4756 illis
2369 4701 2711 4772 imponens.

1431 4921 1656 4992 Variae
1693 4920 2024 4991 lectiones
2064 4926 2130 4988 et
2160 4926 2364 4986 notae.

305 5100 422 5172 (l7)
451 5095 749 5172 Hicﬂddit
771 5100 824 5172 ΑΔ
849 5111 864 5152 ε
890 5097 962 5172 Τὸ
991 5091 1110 5170 ἐμόν
1133 5111 1148 5129 ο
1177 5087 1300 5146 add“:
1327 5091 1429 5168 γάρ
1461 5093 1570 5165 ἔχω
1615 5091 1832 5166 θέλημα.

228 5167 330 5235 Bis
350 5167 495 5242 ergo
524 5169 686 5227 idem
716 5167 972 5241 scripsit.

306 5251 353 5314 μ
367 5241 435 5315 8)
459 5241 727 5300 Ἀληθεύει
755 5247 817 5294 Α.

306 5421 438 5496 (ηπ)
482 5419 761 5489 Campus.
808 5419 1017 5474 Locus.
1049 5415 1263 5496 Xcop£6u_
1303 5412 1537 5496 dicitur,
1569 5411 1838 5496 _ut“l_.ati-

231 5487 386 5549 num
419 5487 606 5560 locus,
630 5487 713 5547 eo
755 5504 973 5560 sensu,
1008 5493 1071 5560 ut
1108 5487 1270 5544 notet
1317 5487 1516 5544 locum
1565 5488 1623 5543 in
1663 5487 1835 5542 libro.

235 5563 466 5622 Eodem
492 5559 675 5620 ωσάο
699 5559 857 5636 ῥῆσις
884 5559 1222 5617 adhibetur.

533 5661 754 5718 Parnm.
788 5660 888 5718 Gn.
931 5657 1176 5728 CXXIX.

2016 5089 2131 5162 (19)
2164 5088 2228 5144 Et
2246 5087 2306 5144 id
2337 5101 2480 5162 sane
2505 5080 2662 5142 infra
2687 5097 2808 5152 vtu,
2843 5083 2928 5150 13,
2955 5081 3010 5141 ei
3030 5086 3359 5156 opponunt.

2025 5159 2135 5236 (20⁷)
2171 5165 2294 5237 Περὶ
2325 5159 2483 5212 αύτοῦ
2513 5163 2580 5212 Α.

2018 5401 2130 5483 (oo)
2151 5407 2249 5483 Ex
2274 5403 2602 5466 abundanti
2625 5408 2912 5483 cautione.
2944 5403 3248 5483 Cautiope,
3280 5417 3398 5483 non
3426 5406 3512 5461 est
3539 5400 3599 5460 in

1951 5475 2172 5540 Graeco.
2210 5482 2306 5548 Ἐκ
2351 5483 2654 5556 περιουσίας
2684 5479 2827 5536 satis
2860 5482 3000 5537 uota
3030 5483 3116 5534 est
3143 5475 3420 5532 formula.

3245 5643 3316 5698 39
