4038 6226
321 265 460 328 i229

315 399 533 471 χάριτος
583 403 674 449 τοῦ
720 397 873 469 ἁγίου
923 399 1236 469 Πνεύματος.
1270 395 1434 470 Οἶμαι
1466 395 1544 465 δὲ,
1590 402 1703 473 περὶ
1732 417 1918 451 τουτου
1951 400 1998 453 Α

314 493 527 559 προεῖπε
558 481 653 538 διὰ
690 493 778 538 τοῦ
819 483 985 540 Δαυὶδ
1019 489 1044 538 6
1085 491 1228 547 Θεὸς⁹
1274 487 1568 559 Ἠτοίμασα
1609 487 1800 559 λύχνον
1846 496 1917 559 τῷ

319 582 531 647 Χριστῷ
562 595 682 647 μου.

384 663 552 736 Ὑμεῖς
634 695 688 705 -
775 663 952 717 αὑτοῦ.
1031 666 1359 717 Καθάπτεται
1420 668 1631 728 τούτων,
1710 669 1772 725 ὡς
1842 671 1911 737 μὴ

317 758 480 824 μέχρι
521 752 696 815 τέλους
736 755 1077 825 τηρησάντων
1117 753 1257 822 αὐτῷ
1299 758 1391 811 τὴν
1441 750 1701 812 σπουδήν.
1763 755 1914 806 Ἤθε-

315 840 510 899 λήσατε
550 844 674 917 γὰρ,
707 847 883 913 φησὶν,
932 840 1345 913 ἀγαλλιασθῆναι
1392 847 1523 915 πρὸς
1574 848 1752 916 καιρόν
1803 863 1917 896 τινα

317 929 364 983 ἕν
394 939 466 1000 τῷ
510 937 640 1003 φωτὶ
670 941 765 993 τῆς
813 928 1169 993 διδασκαλίας
1221 931 1401 996 αὐτοῦ,
1453 933 1533 984 ὅτε
1588 933 1915 1003 πανταχόθεν

316 1021 498 1081 πάντες
541 1023 667 1093 πρὸς
719 1021 873 1073 αὐτόν
924 1024 1258 1095 συνετρέχετε
1290 1039 1302 1052 ·
1361 1019 1470 1074 εἶτα
1525 1020 1912 1094 εψυχράνθητε,

317 1109 361 1162 εἰ
403 1114 492 1162 καὶ
530 1114 693 1182 μέχρι
731 1118 817 1162 νῦν
850 1110 1140 1182 θαυμάζετε
1172 1117 1372 1164 τοῦτον.
1424 1110 1482 1163 Εἰ
1530 1112 1632 1183 γὰρ
1671 1114 1739 1181 μὴ
1789 1108 1918 1179 ἐψυ-

311 1200 603 1273 χράνθητε,
683 1201 890 1260 πάντως
967 1197 1027 1250 ἃν
1108 1198 1449 1252 ἐπιστεύσατε
1519 1207 1578 1270 τῇ
1654 1203 1917 1272 μαρτυρίᾳ

318 1287 478 1340 αὐτοῦ
511 1306 524 1318 ·
582 1288 858 1361 ἐλέγχεσθε
911 1284 997 1340 οὖν
1071 1293 1157 1340 τὸν
1237 1289 1394 1340 αὐτόν
1460 1293 1550 1340 καὶ
1615 1286 1916 1350 ἀξιόπιστον

317 1377 685 1449 ὁμολογοῦντες
763 1383 852 1430 καὶ
939 1382 1009 1450 μὴ
1093 1380 1421 1438 πιστεύοντες
1515 1385 1578 1448 τῇ
1656 1381 1918 1451 μαρτυρίᾳ

317 1466 498 1521 αὐτοῦ.

388 1556 520 1627 Ἐγὼ
576 1587 646 1596 -
708 1553 1016 1610 ἀπέσταλκε.
1079 1559 1184 1614 Τὴν
1237 1559 1327 1628 μὲν
1378 1557 1479 1628 γὰρ
1535 1562 1626 1607 τοῦ
1680 1554 1916 1608 Ἰωάννου

317 1647 612 1720 μαρτυρίαν
666 1640 898 1702 ἠδύνατο
971 1663 1052 1706 τις
1122 1640 1388 1697 διαϐαλεῖν
1441 1646 1509 1704 ὡς
1585 1646 1707 1714 πρός
1757 1643 1918 1715 χάριν

316 1736 680 1806 γεγενημένην,
711 1738 884 1785 καιτοι
914 1729 1038 1785 οὐδε
1077 1741 1226 1785 τοῦτο
1283 1733 1400 1795 ἐξῆν
1455 1731 1610 1784 εἰπεῖν
1659 1731 1775 1784 κατ’
1833 1731 1917 1781 ἀν·
1953 1750 1998 1805 Β

320 1819 446 1895 δρός
520 1825 651 1895 μετὰ
725 1825 903 1886 πάσης
979 1821 1246 1895 ἀκριϐείας
1337 1822 1754 1894 φιλοσοφοῦντος,
1830 1824 1920 1870 καὶ

322 1907 530 1984 σφόδρα
561 1913 945 1984 θαυμασθέντος
981 1911 1176 1972 αὐτοῖς·
1222 1912 1288 1962 τὰ
1318 1907 1376 1963 δὲ
1423 1914 1552 1982 ἔργα
1600 1911 1773 1969 πάσης
1826 1909 1919 1960 ύπ-

318 1999 472 2070 οψίας
538 1998 908 2073 ἀπηλλαγμένα
961 2007 1062 2052 πᾶν
1106 2001 1380 2073 ἐμφράττει
1407 2005 1580 2072 στόμα
1617 1998 1918 2070 φιλόνεικον,

320 2091 478 2159 ἤγουν
541 2089 650 2160 (2'2)
709 2091 738 2146 ἡ
815 2097 906 2141 τοῦ
987 2087 1285 2160 παραλύτου
1347 2087 1646 2159 σύσφιγξις,
1713 2091 1802 2138 καὶ
1857 2088 1923 2137 τὰ

318 2176 476 2229 λοιπὰ
535 2179 779 2250 θαύματα
811 2194 824 2208 ⁸
871 2178 993 2251 παρ’
1050 2177 1228 2239 αὐτοῖς
1287 2181 1442 2228 ὄντων
1497 2173 1564 2234 δὴ
1622 2184 1722 2227 τῶν
1778 2177 1922 2247 θερα-

322 2268 607 2319 πευθέντων
636 2271 726 2319 καὶ
750 2267 1208 2340 πληροφορούντων
1240 2265 1453 2326 αύτούς.
1493 2265 1654 2330 Αύτὰ,
1683 2269 1834 2336 φησὶ,
1857 2266 1923 2315 τὰ

319 2357 468 2429 ἔργα,
499 2354 534 2407 ἃ
562 2353 662 2426 ἐγὼ
682 2364 833 2424 ποιῶ,
873 2363 1146 2430 μαρτυρεῖ,
1177 2359 1294 2430 περὶ
1321 2357 1466 2427 ὁμοῦ,
1500 2354 1578 2406 ὅτι
1601 2355 1626 2405 6
1649 2358 1829 2426 Πατήρ
1861 2371 1923 2424 με

320 2442 663 2497 ἀπέσταλκεν.

393 2533 505 2585 Ούκ
559 2531 669 2586 εἶπε
726 2530 806 2599 δὲ,
860 2534 1130 2608 Μαρτυρεῖ
1175 2534 1256 2585 ὅτι
1293 2536 1409 2593 ἴσος
1455 2532 1559 2604 εἰμὶ
1604 2539 1674 2602 τῲ
1735 2535 1921 2604 ΙΙατρὶ,

321 2621 456 2689 ἀλλ’,
497 2623 580 2675 ὅτι
618 2621 676 2674 Ὀ
727 2626 906 2695 Πατήρ
945 2641 1008 2692 με
1060 2620 1368 2675 ἀπέσταλκε²
1422 2626 1594 2673 καίτοι
1635 2625 1724 2673 καὶ
1772 2627 1924 2673 τοῦτο

321 2710 528 2764 κάκεῖνο
570 2709 888 2785 ἓπαρτύρουν
928 2712 1082 2782 ὅμως,
1134 2711 1176 2762 εἰ
1229 2710 1340 2780 ('23)
1386 2715 1476 2762 καὶ
1524 2713 1699 2782 μεῖζον
1746 2705 1807 2767 ἦν
1864 2711 1923 2761 τὸ

321 2801 666 2859 πιστευθῆναι
727 2801 808 2852 ὅτι
860 2803 975 2862 ἶσος
1033 2798 1144 2852 ἐστὶ
1198 2809 1270 2871 τῷ
1329 2804 1514 2874 Πατρὶ,
1576 2797 1703 2850 ἀλλά
1753 2817 1813 2869 γε
1864 2801 1922 2850 τό

320 2891 475 2948 ἦττον
510 2891 728 2942 τέθεικεν
769 2891 837 2951 ὡς
865 2888 1098 2962 μάλιστα
1151 2895 1438 2946 τηνικαῦτα
1477 2883 1922 2957 σπουδαζόμενον.

323 2976 590 3032 Ἐϐούλετο
613 2979 712 3051 γὰρ
743 2985 942 3052 πρῶτον
966 2979 1313 3036 πιστευθῆναι
1357 2978 1437 3030 ὅτι
1480 2978 1506 3028 6
1536 2981 1657 3038 Θεὸς
1691 2974 1927 3028 ἀπέστει-

319 3067 404 3120 λεν
430 3067 604 3121 αὐτὸν.
629 3069 826 3120 Τούτου
855 3069 956 3140 γὰρ
989 3069 1348 3127 πιστευθέντος
1377 3069 1545 3118 καὶτὸ
1571 3065 1693 3118 ἄλλο
1737 3061 1924 3139 ιον
1959 3106 1998 3161 C

321 3153 408 3215 ἦν.

397 3245 561 3301 Ἀλλά
596 3254 707 3307 πῶς
749 3248 817 3299 τὰ
865 3248 992 3318 ἔργα
1034 3243 1352 3320 ἐμαρτύρουν
1393 3246 1472 3297 ὅτι
1520 3246 1546 3296 6
1597 3246 1722 3304 Θεὸς
1768 3243 1923 3296 αὐτὸν

319 3335 676 3402 ἀπέσταλκενς
729 3333 817 3398 Ὠς
864 3355 1026 3407 μόνης
1082 3337 1208 3406 ἔργα
1266 3336 1404 3395 θείας
1462 3330 1750 3406 δυνάμεως.
1803 3341 1927 3386 Τοι-

318 3433 458 3478 αῦτα
503 3428 604 3498 γὰρ
655 3422 880 3487 ἀντίθεος
918 3431 1081 3477 ποιεῖν
1128 3423 1222 3475 οὐκ
1270 3420 1522 3481 ἠδύνατο.
1572 3423 1632 3475 Εἰ
1677 3425 1778 3496 γὰρ
1836 3428 1926 3475 καὶ

316 3523 433 3577 τοῖς
464 3517 725 3586 θαύμασιν
775 3513 1026 3566 ἀντειπεῖν
1079 3511 1447 3584 ἀναισχύντως
1493 3510 1802 3584 ἐτόλμησαν,
1862 3514 1927 3572 ὡς

316 3603 372 3655 ἒν
400 3611 472 3672 τῷ
504 3603 721 3672 εἰκοστῷ
769 3598 992 3676 δευτέρῳ
1036 3602 1294 3672 κεφαλαίῳ
1342 3609 1432 3652 τοῦ
1482 3603 1615 3652 κατὰ
1661 3603 1927 3653 Ματθαῖον

319 3695 614 3764 ἱστόρηται,
653 3689 900 3760 λέγοντες·
946 3690 1108 3750 Οὗτος
1138 3689 1232 3742 ούκ
1281 3687 1511 3741 ἐκϐάλλει
1559 3692 1622 3741 τὰ
1662 3686 1925 3761 δαιμόνια,

316 3782 466 3853 εἰμὴ
498 3779 546 3832 ἓν
593 3787 665 3850 τῷ
699 3778 1001 3840 Βεελζεϐοῦ).
1043 3780 1264 3851 ἄρχοντι
1313 3787 1411 3830 τῶν
1458 3775 1761 3851 δαιμονίων·
1823 3778 1937 3831 ἀλλ’

318 3866 411 3923 οὖν
431 3872 636 3941 ταχέως
662 3867 1120 3941 ἐπεστομίσθησαν
1146 3867 1248 3920 ἐκεῖ
1274 3872 1364 3919 καὶ
1394 3869 1564 3940 μάτην
1592 3866 1932 3942 φλυαροῦντες

321 3958 692 4031 ἠλέγχθησάν.

401 4141 502 4190 Καὶ
550 4167 618 4177 --
667 4134 819 4208 ἐμοῦ.
875 4141 984 4188 Ποῦ
1023 4136 1389 4209 μεμαρτύρηκε
1445 4138 1563 4209 περὶ
1616 4133 1932 4201 αύτοῦςΔη-

320 4225 483 4278 λώσει
533 4230 727 4300 προῖὼν
788 4225 870 4276 ὅτι
919 4222 968 4275 ἐν
1018 4231 1132 4285 ταῖς
1184 4229 1433 4296 Γραφαῖς.
1515 4227 1613 4276 Καὶ
1670 4227 1774 4295 μὴν
1844 4227 1933 4274 καὶ

324 4313 716 4388 βαπτιζόμενον
817 4315 1182 4387 μεμαρτύρηκε
1275 4317 1394 4384 περὶ
1491 4311 1672 4377 αὐτοῦ,
1752 4310 1929 4382 λέγων’

325 4403 491 4464 Οὗτός
560 4403 697 4455 ἐστιν
751 4403 776 4454 6
826 4404 947 4463 Υἱός
1009 4420 1109 4474 μου
1167 4402 1192 4452 6
1232 4399 1516 4472 ἀγαπητὸς,
1592 4400 1640 4451 ἐν
1696 4400 1735 4451 ὦ
1783 4397 1936 4452 εύδό-

324 4511 474 4552 κησα
521 4492 657 4564 (24).
708 4496 807 4544 Καὶ
861 4486 1013 4550 αὖθις
1057 4494 1566 4564 μεταμορφουμένου.
1619 4487 1780 4543 Ἀλλά
1834 4487 1934 4561 βα-

329 4583 644 4654 πτιζομένου
693 4583 806 4653 μὲν,
861 4580 904 4632 εἰ
932 4584 1022 4631 καὶ
1071 4581 1325 4649 ἤκουσαν,
1373 4576 1730 4651 ἀμφέϐαλλον·
1777 4596 1933 4650 μεταο

327 4673 690 4746 μορφουμένου
728 4665 805 4733 δὲ,
855 4665 978 4721 οὐδὲ
1017 4671 1250 4726 ἤκουσαν
1290 4666 1458 4721 αύτοί.
1521 4668 1616 4718 Διά
1656 4673 1810 4718 τοῦτο
1845 4667 1937 4727 τὰς

329 4762 582 4820 τοιαύτας
633 4761 923 4832 μαρτυρίας
979 4752 1339 4831 παραδραμὼν
1391 4758 1522 4829 πρὸς
1582 4756 1674 4817 τὰς
1733 4757 1936 4828 Γραφὰς

333 4847 521 4908 αύτούς
566 4850 920 4921 παραπέμπει,
977 4847 1071 4906 τὰς
1121 4844 1169 4896 ἐν
1221 4848 1410 4918 χερσὶν
1479 4847 1635 4904 οὔσας
1702 4841 1779 4895 ἀεὶ
1847 4848 1937 4895 καὶ

1967 4457 2012 4512 D

334 4934 753 5011 ὼαντιρῥήτους.
809 4934 966 4989 Ἀλλά
1019 4941 1172 4987 τοῦτο
1223 4937 1314 5006 μὲν
1369 4938 1510 4986 ποιεῖ
1560 4938 1772 5007 προϊών.
1830 4939 1937 4985 Νῦν

337 5023 396 5082 δε
439 5029 526 5080 ἵνα
570 5027 643 5098 μὴ
677 5025 1039 5086 ἀπαιτήσωσιν
1089 5023 1242 5077 αὐτόν
1301 5022 1592 5096 αὐτόφωνον
1644 5027 1733 5076 καὶ
1785 5021 1936 5075 αύτο-

1341 259 1711 328 COMMENT.
1753 269 1824 328 IN
1852 261 2192 330 JOANNEM.
2235 306 2302 319 _
2345 271 2500 333 CAP.
2542 275 2605 332 ν.

2187 0 2692 66 ,πη-ρ
2759 0 3260 20 ,ρπήη
4031 59 4038 86 Ι

3543 275 3565 334 4
3578 282 3683 338 230

2026 398 2230 466 bebat,
2265 401 2445 457 sedex
2473 402 2668 471 gratia
2689 402 2878 458 sancti
2913 403 3183 475 Spiritus.
3214 405 3296 461 De
3333 405 3448 463 hoc
3478 413 3681 463 autem

2028 495 2089 543 ut
2113 491 2349 561 opinor,
2368 489 2756 562 praedixitper
2785 507 2853 546 os
2868 491 3054 548 David
3081 511 3094 548 :
3127 495 3353 551 Paravi
3375 495 3683 554 lucernam

2029 577 2264 632 Christo
2289 594 2411 633 meo
2437 581 2479 632 ³.

2101 665 2259 721 Vers.
2284 671 2370 722 35.
2411 667 2513 723 Vos
2536 698 2596 708 —
2620 669 2756 738 ejus.
2787 667 3074 740 Objurgat
3099 669 3227 735 hos,
3257 671 3421 743 quod
3445 689 3566 730 non
3587 691 3685 730 us—

2024 769 2140 825 que
2167 754 2244 810 ad
2294 755 2474 811 tinem
2535 757 2800 812 studiose
2852 757 3017 812 illum
3059 758 3522 817 observaverint.
3577 764 3685 819 Vo-

2025 841 2233 908 luistis,
2267 844 2477 916 inquit,
2520 845 2790 916 quodam
2823 849 3090 917 tempore
3116 850 3410 906 exsultare
3454 851 3514 906 in
3554 851 3686 908 luce

2025 931 2308 987 doctrinae
2352 933 2534 1000 illius,
2579 934 2828 1006 quando
2879 951 3093 992 omnes
3129 937 3388 1010 undique
3443 940 3513 996 ad
3547 955 3685 996 eum

2025 1021 2489 1087 concurrebatis,
2505 1027 2559 1077 et
2575 1023 2958 1094 postmodum
2983 1024 3308 1092 refrixistis,
3329 1043 3685 1101 quanquam

2025 1111 2312 1166 hactenus
2334 1110 2497 1167 illum
2518 1112 3060 1168 admiraminimisi
3091 1116 3251 1170 enim
3282 1115 3684 1188 refrixissetis,
3769 1129 3772 1132 ’

2027 1199 2364 1255 testimonio
2397 1201 2599 1271 utique
2621 1200 2776 1256 illius
2819 1201 3245 1259 credidissetis.
3277 1204 3451 1275 Digni
3482 1207 3681 1278 igitur,

2025 1289 2186 1351 estis,
2217 1289 2320 1360 qui
2349 1289 2821 1360 redarguamini,
2852 1290 3014 1364 quod
3060 1291 3196 1347 licet
3236 1292 3399 1349 hunc
3450 1295 3567 1350 ﬁde
3608 1296 3690 1352 di-

2027 1391 2212 1445 gnum
2261 1377 2682 1443 confiteamini,
2745 1379 2874 1451 ejus
2907 1385 3104 1436 tamen
3171 1382 3512 1439 testimonio
3565 1399 3688 1440 non

2026 1464 2418 1521 credideritis.

2097 1555 2264 1608 Vers.
2297 1558 2386 1612 36.
2430 1556 2548 1625 Ego
2577 1587 2646 1596 —
2683 1556 2926 1615 miserit.
2983 1557 3290 1631 Siquidem
3335 1561 3582 1617 Joannis
3614 1565 3693 1618 te-

2028 1643 2374 1698 stimonium
2407 1650 2637 1716 poterat
2661 1644 2953 1718 quispiam
2986 1647 3362 1714 calumniari,
3395 1653 3687 1722 tanquam

2030 1731 2103 1786 ad
2130 1733 2381 1801 gratiam
2412 1733 2632 1788 factum
2666 1750 2678 1788 :
2730 1750 3082 1807 quanquam
3114 1735 3228 1792 hoc
3269 1753 3402 1792 vere
3422 1737 3538 1794 dici
3569 1755 3688 1795 non

2033 1825 2263 1891 poterat
2297 1821 2584 1878 adversus
2615 1822 2826 1888 virum,
2868 1824 2972 1896 qui
3024 1825 3190 1880 omni
3223 1841 3360 1882 cum
3389 1826 3694 1897 diligentia

2031 1924 2139 1964 suo
2170 1909 2530 1979 fungebatur
2560 1927 2827 1980 munere,
2851 1918 2907 1967 et
2936 1915 3090 1985 apud
3119 1930 3329 1970 omnes
3354 1917 3690 1972 vehementi

2030 1996 2091 2052 in
2149 1997 2545 2054 admiratione
2591 1999 2969 2056 habebatur:
3022 2018 3227 2058 verum
3284 2019 3468 2074 opera
3525 2004 3690 2060 omni

2031 2087 2372 2156 suspicione
2394 2087 2602 2154 libera,
2621 2093 2972 2145 cunctorum
2993 2106 3099 2146 ora
3121 2096 3486 2150 contentiosa
3522 2093 3693 2149 obtu-

2029 2175 2265 2242 rabant,
2321 2182 2466 2246 puta
2533 2177 2844 2248 paralytici
2913 2181 3309 2246 conﬁrmatio,
3361 2187 3691 2253 caeteraque

2032 2263 2319 2319 miracula
2351 2283 2363 2319 :
2398 2280 2536 2320 cum
2561 2267 2722 2337 apud
2742 2281 2843 2321 eos
2865 2276 3061 2323 essent
3081 2269 3184 2340 qui
3212 2269 3397 2326 curati
3418 2277 3604 2335 erant,
3635 2274 3692 2326 et

2031 2351 2275 2423 plenam
2307 2351 2390 2407 eis
2417 2352 2597 2408 ﬁdem
2618 2352 2936 2410 faciebant.
2971 2356 3187 2424 Opera,
3223 2356 3416 2430 inquit
3434 2373 3561 2430 quas
3591 2374 3692 2430 ego

2027 2441 2210 2510 facio,
2245 2442 2633 2510 testiﬁcantur
2683 2442 2750 2498 de
2795 2458 2905 2509 me,
2936 2444 3087 2515 quod
3107 2446 3292 2502 Pater
3324 2446 3551 2503 miserit
3579 2463 3689 2504 me.

2105 2529 2639 2586 Nondixitautem:
2667 2530 3095 2602 Testiﬁcantur,
3125 2534 3289 2605 quod
3314 2535 3691 2607 eequalissim

2033 2620 2205 2686 Patri,
2261 2619 2386 2684 sed,
2428 2621 2584 2690 quod
2607 2622 2782 2676 Pater
2837 2622 3057 2677 miserit
3106 2639 3216 2680 me.
3247 2624 3422 2696 Atqui
3473 2624 3690 2691 ethoc,

2009 2707 2748 2770 etilludtestiticabantur.
2768 2709 2986 2766 Verum
3006 2712 3112 2765 etsi
3129 2712 3324 2782 majus
3338 2717 3461 2768 erat
3493 2718 3692 2768 utcre-

2005 2796 2270 2873 ,deretur
2308 2798 2556 2869 aequalis
2601 2813 2733 2852 esse
2776 2799 2949 2866 Patri,
2997 2799 3193 2854 minus
3225 2806 3425 2855 tamen
3472 2801 3690 2871 posuit,

2033 2901 2250 2958 nempe
2267 2886 2326 2941 id
2343 2886 2507 2958 quod
2539 2891 2676 2942 tunc
2701 2889 2955 2942 maxime
2985 2887 3428 2945 intendebatur.
3447 2888 3692 2946 Volebat

2032 2990 2299 3047 namque
2360 2976 2548 3046 primo
2600 2975 2781 3042 credi,
2859 2976 3023 3048 quod
3057 2991 3118 3032 se
3161 2979 3312 3032 Deus
3389 2978 3687 3044 misisset;
3753 3003 3760 3010 ί

2033 3063 2149 3120 hoc
2168 3064 2327 3119 enim
2340 3063 2898 3137 credito,reliquum
2927 3064 3157 3121 facilius
3184 3071 3308 3122 erat
3334 3067 3412 3123 ad
3443 3067 3694 3123 creden-

2036 3154 2204 3208 dum.

2109 3241 2220 3296 Sed
2250 3241 2559 3314 quomodo
2597 3256 2780 3313 opera
2824 3241 3300 3299 testiﬁcabantur
3341 3244 3507 3316 quod
3536 3245 3691 3300 Deus

2035 3345 2174 3384 eum
2207 3329 2465 3384 misisset
2492 3330 2520 3385 ?
2548 3330 3041 3386 Testiiicabantur
3066 3331 3147 3400 id,
3189 3337 3480 3404 tanquam
3509 3349 3692 3406 opera

2036 3419 2220 3474 solius
2243 3418 2460 3474 divinae
2492 3419 2742 3476 virtutis.
2773 3419 3100 3492 Siquidem,
3157 3421 3261 3493 qui
3298 3423 3417 3477 Deo
3456 3429 3692 3478 contra-

2036 3510 2162 3563 rius
2201 3513 2376 3573 esset,
2437 3508 2782 3579 bujusmodi
2829 3508 3021 3565 facere
3082 3525 3204 3565 non
3245 3515 3520 3581 poterat:
3551 3527 3694 3568 nam

2037 3597 2170 3653 licet
2185 3597 2484 3653 miraculis
2498 3597 3692 3668 contradicereimpudenterattentabant.

2040 3686 2187 3741 sicut
2238 3686 2516 3740 vicesimo
2565 3687 2828 3742 secundo
2877 3686 3054 3758 juxta
3117 3686 3452 3743 Matthmum
3503 3687 3697 3759 capite

2042 3776 2326 3847 scriptum
2381 3781 2486 3840 est,
2545 3774 2812 3830 dicentes
2845 3792 2858 3831 :
2901 3776 3015 3830 Hic
3043 3791 3161 3831 non
3192 3777 3355 3846 ejicit
3380 3778 3694 3844 dwmonia,

2043 3866 2160 3920 nisi
2178 3879 2290 3933 per
2339 3863 2648 3920 Beelzebui
2679 3864 3003 3935 principem
3045 3865 3472 3922 dcemoniorum
3515 3867 3558 3932 ⁸;
3593 3865 3702 3922 sed

2042 3953 2123 4008 ibi
2152 3953 2321 4008 citius
2351 3968 2418 4008 os
2445 3953 2556 4008 illis
2608 3953 2955 4018 obstruitur,
3000 3959 3054 4009 et
3094 3969 3244 4010 vane
3297 3955 3511 4024 nugari
3563 3971 3702 4012 con-

2043 4043 2384 4096 vincuntur.

2115 4132 2275 4184 Vers.
2325 4129 2414 4183 37.
2446 4130 2524 4184 Et
2560 4160 2627 4170 —-
2677 4145 2788 4186 me.
2844 4129 2950 4185 Ubi
2998 4130 3072 4184 de
3122 4130 3256 4200 ipso
3297 4133 3702 4188 testimonium

2043 4217 2395 4289 perhibuit?
2427 4219 2490 4272 In
2539 4219 2926 4290 sequentibus
2993 4217 3370 4287 signiﬁcabit,
3439 4220 3605 4290 quod
3643 4219 3702 4275 in

2043 4306 2400 4377 Scripturis:
2450 4322 2804 4377 quanquam
2846 4305 3042 4369 etiam,
3091 4305 3237 4360 dum
3285 4307 3702 4378 baptizaretur,

2044 4395 2446 4450 testimonium
2470 4395 2541 4450 de
2564 4409 2634 4449 eo
2666 4392 2982 4466 perhibuit,
3011 4393 3245 4449 dicens:
3277 4395 3384 4448 Hic
3419 4402 3497 4450 est
3520 4394 3706 4449 Filius

2044 4500 2203 4541 meus
2233 4483 2569 4551 dilectus,in
2617 4499 2731 4554 quo
2777 4482 2926 4536 mihi
2975 4483 3384 4551 complacitum
3433 4490 3511 4538 est
3572 4485 3613 4534 ⁸.
3645 4485 3709 4537 Et

2042 4590 2268 4638 rursus,
2310 4589 2447 4628 cum
2480 4575 3020 4627 transiormaretur.
3064 4570 3177 4626 Sed
3218 4588 3349 4626 cum
3383 4571 3710 4645 baptizare-

2045 4668 2158 4727 tur,
2215 4661 2348 4717 licet
2420 4660 2758 4724 audierunt,
2823 4659 3183 4714 dubitabant
3239 4677 3252 4715 :
3311 4677 3450 4715 cum
3514 4666 3708 4716 autem

2045 4749 2588 4816 transformaretur,
2675 4764 2749 4804 ne
2817 4747 3136 4803 audierunt
3246 4748 3492 4822 quidem
3574 4749 3708 4821 ipsi.

2048 4840 2272 4896 Idcirco
2337 4837 2752 4912 praetermissis
2793 4835 3143 4908 bujusmodi
3202 4838 3578 4906 testimoniis,
3633 4837 3712 4893 ad

2047 4931 2378 5004 Scripturas
2418 4945 2517 4985 eos
2551 4927 2915 4993 transmittit,
2949 4942 3100 5000 quas
3156 4943 3391 5001 semper
3440 4927 3500 4983 in
3521 4927 3712 4983 mani-

2017 5022 2161 5098 .bus
2191 5019 2517 5085 habebant,
2551 5034 2660 5075 nec
2691 5017 2780 5074 t‘as
2810 5022 2934 5074 erat
2964 5014 3078 5073 illis
3118 5017 3522 5076 contradicere
3561 5031 3577 5084 ;
3613 5016 3717 5072 sed

405 5235 428 5272 ²
458 5231 612 5291 Psal.
639 5247 833 5302 cxxxr,
867 5230 953 5287 17.
1020 5214 1052 5267 ’³
1085 5229 1285 5289 Matth.
1310 5245 1410 5298 xu,
1444 5229 1532 5287 2i.
1610 5231 1632 5267 ⁴
1662 5230 1862 5288 Matth.
1893 5245 1976 5297 ιιι,
2001 5228 2087 5284 17.

1538 5409 1766 5480 Variae
1805 5404 2132 5478 lectiones
2159 5417 2223 5475 et
2271 5412 2473 5475 notae.

566 5607 765 5666 Malim
792 5607 921 5676 οἷον,
953 5621 1059 5680 pro
1091 5610 1273 5680 ἤγουν.

433 5615 504 5666 22
566 5610 765 5666 Malim
792 5610 921 5676 οἷον,
953 5621 1059 5680 pro
1091 5610 1273 5680 ἤγουν.

410 5610 530 5758 ἱ23ζ
565 5681 627 5736 Εἰ
646 5680 822 5739 abest
849 5683 919 5738 A.
949 5680 1079 5736 Mox
1108 5679 1267 5738 idem
1292 5670 1475 5737 habet
1502 5677 1824 5738 πιστευθέν,’

2133 5603 2246 5678 (24)
2279 5611 2320 5658 Π
2328 5598 2396 5656 ῦδ
2399 5607 2492 5663 όκη
2503 5619 2571 5656 σα
2595 5605 2662 5680 Δ,
