4038 6226
488 186 617 246 1231

1834 168 2182 235 EUTHYMII
2221 168 2558 237 ZIGABENI

3672 184 3777 246 1232

485 316 601 373 hoc
627 316 686 371 in
711 328 1028 387 progressu
1057 310 1236 367 facit:
1272 320 1435 364 nunc
1485 311 1705 375 autem,
1753 321 1828 361 ne
1867 308 2133 378 expetant

2256 324 2535 380 πρόσωπον
2586 311 2874 381 μαρτυρίαν
2925 317 3016 361 τοῦ
3063 316 3218 375 Θεοῦ,
3276 309 3506 382 ὶέγοντες
3559 316 3630 366 ὅτι
3679 318 3785 370 Οὖτε

487 406 584 461 Dei
604 403 1009 461 testimonium
1028 416 1061 456 a
1079 399 1322 473 propria
1340 413 1485 452 voce
1505 403 1558 451 et
1575 413 1610 451 a
1630 395 1869 467 propria
1889 410 2147 467 persona

484 495 748 551 dicentes
781 510 792 547 :
824 494 1023 563 Neque
1070 504 1282 543 vocem
1323 488 1451 557 ejus
1493 485 1824 541 audivimus
1851 500 2142 555 unquam,

484 600 676 655 neque
692 582 949 654 speciem
972 579 1103 650 ejus
1128 577 1381 631 vidimus
1412 573 1945 645 :conﬁtetur,quod
1966 573 2045 628 illi
2064 573 2149 627 di-

484 674 631 729 cturi
662 674 825 725 erant
855 685 868 733 ;
903 667 1239 722 conﬁtendo
1274 681 1415 719 vero
1447 664 1525 719 ad
1552 668 1771 718 rectam
1814 678 1915 717 eos
1936 663 2146 717 doctri-

483 778 626 818 nam
657 759 907 822 reducit,
938 758 1090 812 dans
1116 754 1593 825 intelligendum,
1626 753 1789 825 quod
1820 768 2015 824 neque
2036 767 2144 806 vox

483 852 560 905 sit
615 847 778 922 apud
830 850 1035 910 Deum,
1105 861 1300 917 neque
1340 844 1565 916 species
1616 842 1959 914 :siquidem
2017 841 2144 895 haec

479 956 801 1013 corporum
833 945 989 999 sunt,
1014 938 1167 991 Deus
1188 941 1388 991 autem
1415 934 1779 1004 incorporea;
1803 938 1888 986 est
1914 936 2143 988 naturae

482 1036 585 1087 aut
616 1029 811 1102 potius
872 1042 1056 1097 supra
1103 1040 1319 1095 corpus
1352 1030 1409 1078 et
1439 1038 1619 1093 supra
1659 1028 1961 1077 naturam.

554 1122 716 1175 Vers.
765 1118 854 1172 37.
891 1116 1090 1187 Neque
1124 1145 1187 1155 —
1218 1113 1457 1169 vidistis.
1488 1111 1661 1183 Atqui
1712 1111 1878 1166 multi
1934 1126 2141 1166 vocem

480 1210 611 1282 ejus
639 1210 971 1279 frequenter
1027 1203 1397 1266 audiverunt,
1432 1208 1485 1255 et
1525 1201 1779 1272 speciem
1824 1201 1954 1271 ejus
1982 1200 2141 1255 vide-

479 1304 638 1363 runt,
672 1298 823 1354 sicut
868 1296 930 1350 in
972 1293 1283 1365 Scripturis
1331 1292 1404 1346 de
1436 1291 1688 1347 diversis
1735 1292 2016 1361 scriptum
2051 1298 2142 1347 est

480 1388 663 1444 variis
692 1386 752 1441 in
779 1385 941 1441 locis.
976 1383 1086 1439 Sed
1116 1399 1228 1437 vox
1262 1381 1359 1436 illa
1398 1386 1455 1435 et
1480 1381 1702 1451 species
1748 1379 1874 1442 fuit,
1908 1396 2028 1435 non
2053 1397 2141 1435 se-

482 1478 750 1534 cundum
776 1475 1189 1536 Deinaturam,
1220 1470 1322 1525 sed
1354 1470 1412 1525 in
1437 1470 1698 1525 hominis
1725 1469 2133 1525 similitudine.

553 1569 706 1622 Vers.
737 1566 824 1619 38.
859 1565 937 1618 Et
966 1593 1034 1601 -—
1084 1561 1261 1617 vobis.
1316 1562 1379 1615 Et
1417 1559 1586 1631 quid,
1621 1560 1831 1631 inquit,
1896 1560 2029 1615 dico
2062 1560 2135 1614 de

2259 400 2427 466 φωνὴν
2478 395 2639 447 αὐτοῦ
2693 396 2985 469 ἀκηκόαμεν
3042 404 3265 464 πώποτε,
3327 402 3436 453 οὗτε
3488 399 3613 464 εἶδος
3657 405 3785 457 αὐτοῦ

2258 484 2552 556 ἑωράκαμεν
2586 502 2597 515 ⁸
2636 486 2971 559 συνομολογεί
3021 493 3111 560 μὲν
3162 488 3186 540 ὁ
3240 490 3431 561 ἔμελλον
3480 491 3625 563 λέγειν
3654 513 3665 526 ·
3715 491 3789 547 διὰ

2259 569 2316 625 δὲ
2389 582 2479 626 τοῦ
2540 575 2901 648 συνομολογεῖν
2959 577 3028 638 εἰς
3110 578 3379 651 φιλόσοφον
3421 581 3593 643 αὐτοὺς
3643 582 3787 653 ἀνάγει

2258 658 2453 733 δόγμα,
2506 660 2692 725 διδοὺς
2747 673 2874 718 νοεῖν
2930 668 3009 718 ὅτι
3047 671 3163 719 οὔτε
3202 674 3335 740 φωνὴ
3381 674 3491 743 περὶ
3534 674 3651 723 Θεὸν
3696 676 3788 725 οὔτε

2255 748 2409 811 εἶδος.
2460 759 2640 805 Ταῦτα
2694 758 2784 826 μεν
2838 758 2940 827 γὰρ
3000 760 3252 828 σωμάτων
3310 758 3453 823 εἰσιν,
3515 761 3537 810 ό
3588 757 3639 811 δὲ
3687 766 3789 820 θεὸς

2255 838 2530 914 ἀσώματος
2562 846 2733 915 φύσις,
2780 845 2967 917 μᾶλλον
3016 842 3074 898 δε
3104 848 3504 922 ὑπερασώματος
3546 854 3625 901 καὶ
3663 851 3789 925 ὑπερ-

2252 950 2404 1001 φυης.

2322 1115 2456 1164 Οὔτε
2494 1143 2561 1153 -
2615 1112 2891 1185 ἑωράκατε.
2947 1120 3046 1168 Καὶ
3088 1120 3189 1189 μὴν
3242 1116 3414 1169 πολλοὶ
3460 1117 3678 1179 πολλάκις
3723 1124 3792 1171 καὶ

2251 1205 2420 1271 φωνὴν
2451 1202 2611 1254 αὐτοῦ
2656 1207 2909 1269 ἤκουσαν,
2943 1210 3033 1257 καὶ
3062 1202 3203 1267 εἶδος
3232 1208 3389 1258 αὐτοῦ
3421 1206 3698 1279 ἑωράκασιν,
3739 1210 3792 1267 ὡς

2249 1291 2298 1341 εν
2330 1298 2443 1352 ταῖς
2489 1297 2712 1366 Γραφαῖς
2758 1298 2874 1365 περὶ
2920 1290 3182 1367 διαφόρων
3233 1292 3491 1370 διαφόρως
3542 1299 3791 1368 ἱστόρηται.

2249 1379 2405 1431 Ἀλλὰ
2437 1386 2598 1451 φωνὴν
2629 1387 2718 1434 καὶ
2750 1379 2888 1443 εἶδος
2913 1384 2970 1435 οὐ
2997 1388 3131 1436 κατά
3161 1388 3317 1457 φύσιν
3348 1390 3491 1451 Θεοῦ,
3515 1387 3622 1437 καθ’
3642 1388 3793 1458 ὁμοίω-

2250 1486 2333 1519 σιν
2364 1464 2423 1521 δε
2454 1468 2746 1545 ἀνθρώπου.

2322 1565 2421 1612 Καὶ
2477 1592 2542 1601 -
2597 1563 2737 1633 ὑμῖν,
2790 1568 2891 1614 Καὶ
2950 1567 3003 1614 τί
3079 1562 3230 1634 λέγω,
3300 1570 3449 1636 φησι,
3506 1570 3613 1636 περὶ
3658 1573 3795 1636 φωνῆς

478 1671 641 1721 voce,
681 1670 818 1727 quae
872 1651 1114 1724 propria
1168 1650 1354 1721 ipsius
1413 1664 1525 1704 vox
1576 1654 1747 1715 esset,
1790 1654 1893 1704 aut
1944 1650 2133 1719 specie

2248 1649 2545 1721 αὐτοφὼνου
2576 1656 2664 1703 καὶ
2700 1647 2870 1712 εἴδους
2912 1652 3324 1727 αὑτοπροσώπου
3357 1671 3369 1720 ;
3403 1653 3531 1705 Ἀλλ’
3575 1650 3682 1706 οὐδε
3727 1658 3793 1706 τὸν

477 1744 732 1818 propriae
760 1742 953 1815 ipsius
1010 1755 1304 1813 personae,
1339 1755 1476 1793 cum
1535 1753 1729 1808 neque
1770 1755 2127 1805 sermonem,

474 1837 603 1907 ejus
623 1834 893 1889 habeatis
916 1833 1261 1889 manentem
1293 1828 1351 1883 in
1386 1828 1569 1891 vobis,
1603 1844 1783 1900 quem
1817 1845 1919 1900 per
1940 1829 2131 1897 legem

474 1941 545 1981 ac
577 1924 899 1997 prophetas
927 1922 1161 1976 locutus
1191 1923 1298 1983 est,
1328 1923 1383 1973 et
1415 1920 1652 1989 putatis.
1702 1918 1862 1972 hunc
1894 1934 1999 1973 vos
2034 1918 2135 1973 ha-

477 2016 611 2071 bere
644 2017 989 2068 manentem
1019 2010 1079 2064 in
1126 2008 1319 2075 vobis,
1375 2008 1533 2063 etde
1584 2008 1715 2079 ipso
1771 2008 2130 2079 gloriamini.

480 2102 701 2160 Deinde
728 2100 1060 2163 conﬁrmat,
1094 2097 1261 2170 quod
1315 2096 1479 2163 dixit,
1512 2097 1623 2153 hoc
1655 2098 1839 2153 modo
1865 2097 2011 2153 illud
2044 2114 2136 2153 os-

476 2193 750 2251 tendens.

546 2282 711 2337 Vers.
757 2282 845 2335 38.
903 2278 1073 2342 Quem
1124 2279 1275 2333 enim
1348 2307 1415 2317 —
1468 2276 1728 2332 creditis.
1790 2279 1937 2333 Nam
1995 2294 2134 2334 cum

475 2386 695 2436 sermo,
744 2370 847 2441 qui
903 2383 1009 2439 per
1067 2366 1258 2437 legem
1300 2365 1473 2420 datus
1526 2374 1611 2421 est
1662 2382 1732 2422 ac
1789 2368 2131 2439 prophetas,

473 2460 710 2523 clamet,
742 2456 903 2530 quod
958 2459 1123 2511 Pater
1153 2455 1357 2510 Filium
1386 2472 1560 2509 suum
1596 2457 1817 2511 miserit
1866 2457 1941 2511 ad
1976 2458 2134 2513 salu-

470 2555 588 2607 tem
614 2552 890 2611 vestram,
915 2551 967 2600 et
996 2544 1161 2616 quod
1194 2560 1295 2599 vos
1336 2543 1671 2599 illicredere
1710 2551 1997 2616 oporteat,
2034 2564 2135 2603 vas

472 2644 673 2697 autem
757 2637 915 2706 huic,
1001 2649 1182 2705 quem
1264 2632 1358 2687 ille
1449 2634 1605 2688 misit
1677 2650 1796 2689 non
1877 2636 2133 2704 creditis,

469 2730 709 2788 omnino
740 2741 862 2782 non
908 2723 1222 2780 aucultatis
1258 2723 1541 2795 praedicto
1594 2724 1719 2794 ejus
1796 2730 2053 2783 sermoni
2118 2746 2135 2785 :

470 2837 605 2876 cum
640 2823 838 2874 autem
868 2814 948 2869 illi
982 2829 1096 2869 non
1146 2813 1506 2875 auscultetis,
1558 2830 1677 2869 nou
1708 2814 1941 2871 habetis
1996 2834 2135 2874 eum

471 2912 589 2967 sive
618 2909 847 2964 donum
875 2905 1065 2977 ipsius
1094 2921 1105 2969 ;
1131 2902 1386 2958 avolavit
1416 2903 1574 2958 enim
1604 2920 1637 2960 a
1671 2904 1859 2961 vobis.
1891 2906 2131 2975 Verum,

2244 1738 2393 1809 λόγον
2421 1740 2580 1792 αὑτοῦ
2611 1743 2757 1812 ἔχετε
2789 1747 3002 1813 μένοντα
3032 1741 3079 1793 ἐν
3118 1746 3257 1814 ὑμῖν,
3292 1748 3379 1795 τὸν
3411 1740 3501 1795 διὰ
3539 1750 3679 1815 νόμου
3724 1749 3793 1794 καὶ

2244 1837 2521 1901 προφητῶν
2550 1829 2852 1895 λαληθέντα,
2888 1831 2930 1883 εἰ
2955 1838 3043 1884 καὶ
3067 1834 3235 1885 οἴεσθε
3256 1841 3434 1885 τοῦτον
3460 1836 3591 1905 ἔχειν
3614 1836 3792 1904 μένοντα

2243 1920 2291 1969 ἓν
2322 1920 2462 1990 ὑμῖν,
2491 1924 2580 1971 καὶ
2610 1918 2694 1971 ini
2722 1923 2886 1991 τούτῳ
2922 1924 3248 1992 σεμνύνεσθε.
3284 1919 3408 1976 Εἶτα
3445 1924 3791 1987 κατασκευάζει,

2243 2006 2269 2057 ὃ
2304 2010 2521 2082 εἶρηκεν,
2556 2005 2909 2061 ἀποδεικνύων
2936 2010 3078 2065 αὑτό.

2312 2274 2433 2326 Ὀτι
2462 2274 2517 2326 ὃν
2551 2305 2607 2315 -—
2656 2277 2944 2328 πιστεύετε.
2989 2275 3127 2329 Ἐπεὶ
3164 2280 3262 2351 γὰρ
3322 2279 3348 2330 ὁ
3400 2282 3487 2351 μεν
3532 2274 3618 2330 διὰ
3665 2280 3792 2347 νόμου

2243 2368 2331 2415 καὶ
2380 2372 2653 2436 προφητῶν
2686 2361 2858 2426 δοθεὶς
2899 2365 3009 2436 (25)
3056 2365 3205 2437 λόγος
3258 2365 3386 2439 βοᾷ,
3446 2370 3523 2420 ὃτι
3567 2369 3590 2418 ό
3647 2372 3790 2440 Πατὴρ

2245 2453 2511 2506 ἀπέστειλε
2566 2457 2653 2505 τὸν
2710 2456 2827 2506 Υἱόν
2880 2455 3039 2506 αὐτοῦ
3098 2455 3184 2507 ἐπὶ
3240 2462 3483 2530 σωτηρίᾳ
3533 2458 3677 2529 ὑμῶν,
3725 2462 3792 2507 καὶ

2244 2546 2324 2596 ὅτι
2380 2550 2489 2615 χρὴ
2531 2545 2666 2615 ὑμᾶς
2716 2546 2883 2615 τούτῳ
2915 2548 3197 2596 πιστεύειν
3226 2547 3373 2618 ὑμεῖς
3407 2544 3465 2599 δὲ
3496 2547 3545 2598 ὃν
3590 2546 3790 2598 ἀπέστει-

2242 2632 2320 2684 λεν
2373 2631 2580 2699 ἐκεῖνος,
2634 2636 2799 2704 τούτῳ
2850 2633 2908 2684 οὗ
2961 2637 3247 2686 πιστεύετε·
3313 2639 3511 2697 πάντως
3563 2636 3616 2687 οὐ
3666 2653 3794 2710 προσ-

2245 2726 2391 2793 έχετε
2420 2730 2491 2791 τῷ
2534 2718 2816 2780 δηλωθέντι
2859 2722 2992 2794 λόγῳ
3037 2723 3217 2777 αὐτοῦ.
3268 2730 3359 2783 Μὴ
3394 2731 3708 2798 προσέχοντες
3749 2720 3795 2774 δὲ

2245 2812 2384 2881 αὐτῷ
2420 2811 2513 2863 οὐκ
2544 2814 2688 2883 ἔχετε
2726 2812 2900 2875 αὐτόν,
2957 2816 3118 2882 ἤγουν
3175 2820 3271 2871 τὴν
3308 2818 3467 2889 χάριν
3506 2815 3668 2867 αὑτοῦ*
3715 2812 3793 2864 ἁπ-

2244 2905 2370 2959 ἐπτη
2410 2904 2511 2974 γὰρ
2554 2899 2638 2973 ἀφ’
2670 2902 2830 2973 ὑμῶν,
2877 2900 2987 2955 Ἰνα
3029 2898 3088 2954 δὲ
3119 2908 3189 2974 μὴ
3242 2907 3483 2972 εἴπωσιν,
3535 2907 3608 2956 ὃτι
3650 2909 3723 2954 καὶ
3749 2902 3793 2953 Ei

467 3016 543 3056 ne
585 2998 826 3054 dicant:
866 2992 926 3049 Si
984 3009 1125 3063 ergo
1167 3008 1372 3048 vocem
1425 2993 1554 3063 ejus
1611 3010 1729 3049 non
1765 2996 2128 3064 audivimus,

2244 2993 2313 3061 μὴ
2362 2995 2529 3061 φωνὴν
2574 2990 2733 3042 αὐτοῦ
2791 2990 3105 3064 ἀκηκόαμεν,
3160 3000 3274 3055 πῶς
3325 2992 3639 3069 ἐμαρτύρησέ
3692 3005 3791 3053 σοις

468 3086 777 3162 quomodo
822 3084 914 3139 ille
942 3083 1287 3140 testiﬁcatus
1326 3087 1413 3137 est
1436 3082 1510 3137 de
1543 3088 1597 3137 te
1624 3084 1652 3139 7
1682 3085 1763 3139 ait
1796 3108 1806 3139 :

540 3180 699 3232 Vers.
730 3175 817 3229 39.
842 3173 1203 3228 Scrutamini
1231 3172 1575 3240 Scripturas.
1628 3172 1873 3242 Legnles
1904 3192 1968 3230 ac
1996 3192 2129 3246 pro-

467 3266 752 3341 pheticas,
780 3263 917 3319 inde
957 3263 1112 3317 enim
1151 3266 1238 3317 est
1269 3261 1670 3317 testimonium
1706 3279 1740 3317 a
1766 3264 1949 3319 Patre.
1989 3264 2129 3321 Vide

469 3362 691 3422 autem,
723 3353 888 3427 quod
920 3368 1037 3408 non
1059 3351 1270 3406 dixerit
1299 3352 1545 3423 :Legite,
1580 3353 1704 3418 sed,
1733 3353 2098 3410 Scrutamini
2114 3373 2127 3423 ;

464 3446 549 3515 illi
580 3444 880 3517 siquidem
911 3440 1207 3510 legebant,
1237 3445 1297 3495 at
1336 3456 1456 3495 non
1490 3441 1931 3507 scrutabantur,
1961 3444 2130 3499 idcir-

467 3552 537 3592 co
577 3550 677 3589 eos
710 3530 958 3587 scrutari
1012 3530 1224 3601 jubet:
1262 3545 1401 3584 nam
1435 3546 1572 3585 cum
1627 3546 1697 3586 ea
1752 3548 1885 3603 quae
1936 3533 2010 3587 de
2059 3550 2129 3588 eo

467 3628 624 3687 sunt,
667 3620 921 3677 obscure
954 3618 1174 3689 scripta
1219 3617 1337 3672 sint
1377 3618 1589 3673 utiliter
1620 3624 1675 3674 et
1705 3620 2129 3692 dispensatorie

464 3715 707 3784 pr0pter
732 3706 1203 3763 imbecillitatem
1248 3706 1685 3777 progenitorum
1734 3710 2021 3780 ipsorum,
2057 3726 2130 3765 ne

466 3798 806 3857 exciderent
820 3795 898 3851 ad
913 3795 1162 3850 deorum
1196 3793 1652 3861 multitudinem,
1668 3796 1837 3866 jubet
1858 3815 2015 3853 nunc
2029 3815 2130 3854 eos

467 3878 690 3955 fodere,
721 3891 784 3942 ut
816 3901 887 3941 ea
913 3900 1049 3957 qua:
1080 3883 1193 3939 alte
1238 3883 1295 3937 in
1337 3883 1587 3939 modum
1641 3886 1898 3943 thesauri
1927 3902 2131 3943 recon-

464 3978 590 4035 dita
618 3981 774 4041 sunt,
804 3973 1040 4048 possint
1068 3972 1353 4028 invenire.

537 4068 697 4123 Vers.
727 4069 816 4122 39.
849 4063 995 4133 Quia
1040 4094 1108 4102 —
1140 4062 1364 4118 habere.
1399 4062 1617 4119 Putatis
1648 4064 1885 4133 habere,
1920 4082 2127 4121 verum

461 4153 1025 4225 nonhabetiszquia
1048 4151 1361 4224 superficie
1387 4156 1559 4207 tenus
1585 4152 1779 4207 solum
1809 4170 1911 4209 eas
1932 4155 2126 4224 legen-

465 4261 705 4317 ies,non
736 4243 1200 4301 invenitisillum
1224 4248 1449 4297 certum
1468 4244 1846 4299 vitseaeternte
1878 4244 2123 4310 fontem,

462 4338 561 4409 qui
592 4340 679 4392 est
709 4334 998 4390 Christus.
1064 4332 1213 4398 Quia
1256 4346 1397 4401 ergo
1452 4334 1671 4402 putatis
1721 4333 1778 4387 in
1814 4333 2126 4404 Scripturis

467 4426 649 4481 vitam
676 4430 959 4481 teternam
985 4421 1224 4486 habere,
1254 4424 1311 4475 et
1344 4424 1589 4491 propter
1615 4421 1835 4476 dictum
1878 4438 2125 4477 causam

461 4529 585 4569 non
614 4514 893 4579 habetis;
929 4511 1271 4568 scrutamini
1319 4510 1632 4583 profunde,
1697 4517 1757 4567 ut
1822 4512 2127 4568 inventam

464 4602 756 4657 habeatis.

532 4690 694 4745 Vers.
731 4690 818 4745 39.
861 4691 936 4745 Et
966 4707 1153 4747 —me.
1188 4690 1616 4756 Testiﬁcantur,
1651 4690 1863 4763 inquit,
1906 4691 1977 4745 de
2034 4706 2126 4747 me

463 4780 524 4837 in
548 4793 810 4851 persona
841 4781 1043 4849 Patris,
1072 4786 1273 4852 utpote
1304 4796 1527 4835 arcano
1557 4780 1736 4834 modo
1767 4797 1800 4834 a
1836 4781 2002 4834 Patre
2043 4780 2127 4834 in-
2166 4782 2167 4785 “

465 4868 697 4942 spirata:
741 4867 856 4933 his,
912 4867 1015 4939 qui
1063 4885 1167 4923 eas
1221 4870 1602 4941 scripserunt.
1658 4868 2004 4939 Conjunctio
2050 4876 2127 4934 et,

462 4955 756 5025 abundat,
787 4956 955 5029 quod
985 4956 1045 5011 in
1080 4957 1369 5013 Hebraico
1403 4957 1685 5014 idiomate
1710 4957 1989 5031 frequens
2017 4964 2125 5015 est.

536 5048 706 5108 Vers.
738 5048 827 5103 40.
858 5046 937 5102 Et
990 5076 1059 5088 —
1109 5044 1385 5104 habeatis.
1421 5046 1623 5105 Vitam
1676 5047 1942 5105 videlicet
1978 5064 2128 5104 sem-

2242 3098 2419 3150 φησιν.

2313 3168 2579 3237 Ἐρευνᾱτε
2658 3170 2747 3228 τὰς
2826 3171 3051 3244 Γραφάς.
3110 3172 3215 3231 Τὰς
3272 3175 3490 3243 νομικὰς
3558 3177 3637 3222 καὶ
3696 3188 3795 3243 προ-

2240 3260 2477 3329 φητικάς.
2513 3258 2729 3311 Ἐκεῖθεν
2759 3260 2859 3331 ’γὰρ
2894 3261 2923 3316 ἡ
2972 3263 3115 3331 παρά
3160 3267 3255 3311 τοῦ
3311 3265 3509 3336 Πατρός
3550 3264 3651 3332 (26)
3691 3278 3795 3331 μαρ-

2237 3352 2394 3419 τυρία
2428 3362 2441 3375 ·
2481 3350 2575 3421 ὅρα
2622 3343 2680 3399 δε
2712 3356 2816 3408 πῶς
2846 3348 2940 3399 οὐκ
2989 3346 3124 3401 εἶπεν
3158 3366 3172 3380 ⁸
3227 3350 3644 3422 Ἀναγινώσκετε,
3689 3347 3790 3409 ἀλλ’,

2238 3436 2521 3510 Ἐρευνᾶτε.
2588 3437 2957 3507 Ἀνεσγίνωσκον
3006 3441 3096 3509 μεν
3148 3440 3276 3513 γὰρ,
3335 3439 3430 3491 οὐκ
3482 3441 3683 3513 ἠρεύνων
3731 3432 3789 3489 δέ.

2238 3530 2333 3579 Διὰ
2390 3534 2542 3579 τοῦτο
2593 3525 2783 3579 κελεύει
2840 3526 3065 3602 ἐρευνᾷν.
3128 3527 3272 3580 Ἐπεὶ
3329 3532 3434 3604 γὰρ
3493 3531 3790 3581 συνεσκίαστο

2237 3616 2303 3665 τὰ
2364 3620 2480 3687 περὶ
2541 3617 2701 3668 αὑτοῦ
2758 3621 3090 3691 γεγραμμένα
3142 3623 3511 3691 συμφερόντως
3554 3623 3635 3669 καὶ
3683 3616 3793 3668 οἰκο-

2200 3706 2455 3776 ’νομικώς
2500 3701 2593 3757 διὰ
2635 3709 2729 3763 τὴν
2777 3714 2877 3757 τῶν
2924 3711 3186 3780 προγόνων
3224 3706 3403 3759 αὐτῶν
3434 3707 3693 3772 ἀσθένειαν,
3730 3705 3791 3754 ἵνα

2238 3800 2310 3867 μὴ
2353 3793 2639 3846 ἐκπέσωσιν
2681 3795 2749 3857 εἰς
2780 3794 3075 3863 πολυθεῖαν,
3111 3794 3375 3850 ἐπιτάττει
3425 3805 3510 3849 νῦν
3549 3794 3789 3870 διορύττειν

2241 3885 2322 3935 ἶνα
2352 3886 2417 3935 τὰ
2442 3882 2489 3934 ἐν
2514 3892 2583 3953 τῷ
2616 3882 2769 3956 βάθει
2808 3888 3014 3956 κείμενα
3044 3887 3279 3959 καθάπερ
3315 3907 3398 3949 τις
3436 3889 3678 3957 θησαυρὸς
3704 3879 3788 3951 (27)

2240 3970 2538 4030 δυνηθῶσιν
2567 3973 2749 4047 εὑρεῖν.

2309 4061 2427 4114 Ὀτι
2470 4093 2535 4103 -
2579 4065 2738 4134 ἔχειν.
2786 4067 2989 4115 Δοκεῖτε
3038 4066 3129 4135 μὲν
3184 4066 3353 4136 ἔχειν,
3410 4066 3502 4118 οὐκ
3555 4068 3683 4136 ἱχετε
3729 4057 3785 4119 δε,

3549 4154 3643 4225 οὐχ
3688 4152 3788 4223 εὑρί-

2240 4261 2384 4295 σκετε
2413 4244 2607 4299 ταύτην
2638 4244 2750 4301 ἣτις
2780 4239 2915 4293 ἐστὶν
2963 4243 2989 4293 ὁ
3020 4246 3269 4317 Χριστός,
3320 4246 3350 4302 ἠ
3396 4251 3536 4316 πηγὴ
3580 4252 3658 4302 τῆς
3698 4240 3788 4291 aia-i-

2235 4336 2346 4384 νίου
2403 4332 2555 4392 ζωῆς.
2608 4332 2748 4383 Ἐπεὶ
2793 4327 2880 4382 οὖν
2938 4326 3139 4385 δοκεῖτε
3176 4335 3269 4403 μεν
3336 4331 3438 4384 ἀπὸ
3478 4342 3572 4385 τῶν
3622 4336 3787 4402 Pansa}?

2240 4149 2379 4205 διότι
2428 4152 2734 4212 inmolato);
2784 4156 2976 4214 ταύτας
3027 4150 3473 4224 ἀναγινώσκοντες

2238 4421 2376 4481 ζωὴν
2409 4420 2613 4471 αἰώνιον
2654 4422 2813 4491 ἔχειν,
2866 4418 2958 4471 οὐκ
2998 4421 3143 4490 ἔχετε
3192 4415 3253 4471 δε
3295 4418 3392 4473 διὰ
3448 4426 3534 4479 τὴν
3583 4421 3786 4493 ῥηθεῖσαν

2236 4510 2430 4573 αἰτίαν,
2476 4508 2651 4561 λοιπόν
2696 4507 2927 4583 ἐρευνᾶτε
2953 4510 3143 4570 ταύτας
3173 4508 3240 4569 εἰς
3276 4508 3462 4583 βάθος,
3498 4510 3574 4561 ἶνα
3602 4509 3784 4581 εὑρόντες

2235 4601 2414 4671 ἔχητε.

2310 4693 2409 4741 Καὶ
2439 4719 2506 4727 --
2550 4686 2694 4760 ἐμοῦ.
2751 4690 2815 4739 Ai
2858 4695 3245 4760 μαρτυροῦσαι,
3315 4693 3469 4761 φησὶ,
3520 4692 3626 4762 περὶ
3672 4683 3779 4753 ἐμοῦ,

2239 4784 2501 4850 προσώπῳ
2537 4785 2626 4830 τοῦ
2668 4780 2887 4851 Πατρός,
2928 4778 3014 4829 οἶα
3046 4781 3188 4852 παρὰ
3238 4786 3337 4830 τοῦ
3382 4780 3577 4851 Πατρός
3621 4774 3782 4847 ἔμπνευ-

2243 4870 2449 4919 σθεῑσαι
2480 4866 2785 4942 ἀπορρήτως
2834 4873 2943 4928 τοῖς
2992 4872 3314 4941 γεγραφόσιν
3363 4868 3542 4930 αὐτάς.
3591 4863 3781 4937 Περιττότ

2241 4955 2298 5012 δὲ
2330 4956 2551 5010 ἐνταῦθα
2576 4959 2632 5008 τό
2658 4960 2768 5023 καὶ,
2799 4956 2915 5009 καθ’
2944 4954 3214 5030 Ἐϐραῐκόν
3248 4953 3477 5029 ἰδίωμα.

2312 5052 2410 5100 Καὶ
2447 5079 2513 5088 -
2551 5046 2733 5119 ἔχητε,
2783 5049 2929 5106 Ζωὴν
2971 5046 3194 5117 αἰώνιον,
3246 5042 3517 5105 δηλοόντι.
3562 5041 3684 5114 Εἶτα,
3721 5039 3779 5091 ἵνα

1675 5276 1901 5353 Variae
1928 5277 2253 5348 lectiones
2283 5286 2349 5346 et
2378 5287 2580 5346 notae.

678 5546 871 5615 Νόμος,
903 5558 1012 5615 pro
1032 5528 1201 5613 λόγος,
1242 5534 1303 5593 Α.

529 5614 643 5689 (26)
667 5614 919 5692 Σωτῆρος,
950 5630 1059 5688 pro
1086 5619 1309 5690 Πατρός,
1351 5620 1406 5671 Β.

2308 5528 2419 5609 (27)
2454 5529 2618 5585 Forte
2646 5529 2761 5583 τινὰ
2793 5528 3074 5609 θησαυρόν.
