4038 6226
296 247 430 305 1833

1357 245 1714 306 COMMENT.
1758 246 1828 304 lN
1865 245 2209 305 JOANNEM.
2252 277 2320 290 —
2358 246 2514 306 CAP.
2548 247 2618 304 V.

3519 251 3655 310 1234

289 377 361 449 μὴ
417 370 768 440 ὑπολάϐωσιν,
823 373 905 427 ὅτι
969 368 1255 448 φιλοδοξῶν
1319 372 1454 444 λέγει
1517 393 1584 427 τα
1646 381 1883 439 τοιαῦτα,

2016 372 2310 432 iiternam.
2344 375 2587 444 Deinde,
2617 389 2694 434 ne
2743 376 3195 450 suspicarentur
3239 379 3404 453 quod
3451 395 3655 438 amore

292 486 358 538 φη
368 469 470 517 σίν·

362 554 520 617 Δόξαν
547 586 616 594 -
642 552 912 626 λάμϐάνω.
944 553 1018 607 Ού
1047 551 1195 626 φιλῶ,
1222 551 1305 605 οἵα
1334 557 1405 625 μὴ
1435 554 1654 626 χρῄζων
1689 553 1877 615 αὖε-ἧς’

288 640 413 697 οὐδὲ
437 646 538 718 γὰρ
593 645 619 696 ό
659 643 803 706 ἣλιος
833 639 1003 696 δεῖται
1053 642 1333 714 λυχνιαίου
1374 647 1558 715 φωτός.
1609 649 1709 696 Καὶ
1756 648 1888 704 τίνος

289 735 450 787 ἕνεκεν
480 735 546 786 τὰ
573 741 792 786 τοιαῦτα
821 733 983 805 ἔλεγεν
1025 749 1038 797 ;
1069 730 1180 786 Ἵνα
1206 737 1626 805 παντοιοτρόπως
1668 735 1886 786 ἐπισπά-

292 843 453 882 σηται
495 823 680 883 αὐτοὺς
733 822 803 884 εἰς
846 828 1026 876 πίστιν
1078 819 1150 874 δι’
1207 822 1270 884 ἧς
1320 821 1521 892 ἔμελλον
1561 825 1701 894 ἔχειν
1749 822 1888 883 ζωὴν

288 912 517 966 αἰώνιον.

359 1002 499 1056 Ἀλλ’
525 1032 595 1044 —-
628 1001 847 1064 ἑαυτοῖς.
874 1000 1039 1075 ’Υμεῖς
1064 1005 1173 1074 μεν,
1211 1006 1392 1074 φησὶν,
1436 1004 1505 1063 ὡς
1545 997 1701 1060 δῆθεν
1760 999 1886 1072 ἀγα·

284 1099 480 1153 πῶντες
535 1095 621 1144 τὸν
662 1096 809 1161 Θεὸν,
862 1091 1153 1145 ἆπωθεῖσθί
1199 1111 1280 1162 με,
1341 1093 1422 1144 ὅτι
1479 1099 1610 1143 ποιῶ
1663 1091 1886 1162 ἐμαυτόν

285 1185 402 1234 ἴσον
431 1189 505 1252 τῷ
541 1189 655 1253 θεῷ
696 1199 708 1212 ⁸
743 1181 1021 1254 ἐλέγχεσθε
1067 1179 1125 1234 δε
1163 1177 1477 1253 ψευδόμενοι
1508 1200 1521 1213 ’
1561 1183 1760 1252 ἔγνωκα
1782 1184 1884 1255 γὰρ

287 1272 421 1337 ὑμᾶς
451 1272 532 1323 ὅτι
581 1271 676 1322 οὐκ
725 1269 961 1342 ἀγαπᾶτε
986 1273 1074 1321 τὸν
1112 1274 1255 1323 Θεόν.
1314 1277 1430 1331 Πῶς
1464 1268 1624 1336 ;”Οτι
1666 1276 1786 1343 περὶ
1826 1269 1886 1322 οὔ

288 1358 478 1422 ἕκεῖνος
535 1366 792 1434 μαρτυρεῖ
827 1364 916 1411 καὶ
968 1355 1061 1411 διὰ
1099 1366 1190 1411 τοῦ
1229 1359 1488 1427 Ἰωάννου,
1542 1364 1632 1412 καὶ
1663 1356 1758 1412 διὰ
1787 1367 1887 1411 τῶν

287 1451 470 1522 ἔργων,
504 1453 595 1501 καὶ
625 1445 718 1501 διὰ
737 1457 834 1502 τῶν
868 1455 1098 1521 Γραφῶν,
1127 1455 1308 1500 τοῦτον
1325 1450 1472 1521 ὑμεῖς
1491 1448 1550 1501 ού
1579 1449 1884 1521 προσίεσθε.

285 1537 487 1612 Ὠσπερ
521 1535 608 1590 οὖν
635 1543 880 1613 πρότερον
909 1538 1205 1610 νομίζοντες
1222 1535 1350 1590 εἶναί
1367 1558 1429 1610 με
1449 1537 1698 1604 ἀντίθεον,
1731 1535 1888 1596 ἠλαύ-

285 1647 391 1680 νετε
423 1645 434 1655 ·
473 1627 607 1680 οὗτοι
647 1635 755 1692 νῦν,
806 1629 906 1680 ὑπὸ
955 1635 1055 1679 τῶν
1104 1627 1380 1701 εἰρημένων
1423 1636 1720 1700 μαρτυριῶν
1763 1626 1888 1678 ἀποο

1995 463 2196 535 giorite
2233 464 2373 522 talia
2401 466 2642 536 diceret,
2675 467 2756 523 ait
2788 483 2802 524 :

2066 557 2222 610 Vers.
2255 556 2343 610 41.
2380 556 2639 613 Gloriam
2677 587 2746 598 —
2771 557 3012 626 accipio.
3068 559 3200 616 Non
3247 575 3460 617 amans
3494 575 3650 628 eam,

1995 649 2095 700 aut
2126 660 2190 700 ee
2226 645 2496 714 indigens
2549 666 2563 706 :
2593 661 2781 719 neque
2811 649 2973 704 enim
3015 647 3103 704 sol
3133 648 3388 706 lucernae
3427 650 3652 706 lumine

1993 733 2240 803 indiget.
2277 734 2492 791 Verum
2524 752 2711 808 quam
2741 737 2820 794 ob
2845 753 3092 793 causam
3111 738 3239 794 haec
3268 739 3556 798 dicebat?
3585 740 3654 797 Ut

1993 824 2158 879 omni
2187 823 2369 879 modo
2399 824 2477 880 ad
2508 825 2687 880 ﬁdem
2708 842 2808 881 eos
2841 827 3178 895 attraheret,
3210 843 3315 899 per
3335 843 3518 901 quam
3549 829 3653 887 ha-

1991 911 2174 968 bituri
2197 918 2394 968 essent
2424 914 2604 969 vitam
2630 919 2934 970 aeternam.

2066 1003 2225 1057 Vers.
2272 1006 2361 1057 42.
2407 1001 2523 1058 Sed
2563 1033 2632 1044 —-
2689 1004 2862 1060 vobis.
2923 1004 3059 1075 Vos,
3092 1005 3302 1078 inquit,
3359 1011 3651 1081 tanquam

1993 1089 2175 1145 Deum
2206 1090 2519 1161 diligentes
2553 1108 2646 1148 me
2672 1092 2974 1164 repellitis,
3005 1094 3166 1165 quod
3197 1111 3292 1151 me
3335 1095 3530 1168 ipsum
3567 1097 3652 1154 fa-

1993 1179 2148 1235 ciam
2180 1179 2299 1236 Deo
2323 1180 2615 1251 aaqualem
2640 1199 2654 1248 ;
2683 1182 2786 1237 sed
2820 1183 3117 1239 mendacii
3145 1185 3463 1256 arguimini
3494 1204 3507 1242 :
3539 1202 3650 1257 ego

1993 1269 2151 1324 enim
2183 1268 2324 1324 novi
2343 1285 2466 1336 vos,
2479 1270 2645 1341 quod
2660 1271 2847 1326 Deum
2864 1287 2986 1329 non
2997 1272 3277 1345 diligatis.
3295 1275 3610 1340 Quomodo
3623 1276 3651 1317 9

1995 1357 2145 1430 Quia
2185 1357 2258 1413 de
2296 1373 2418 1429 quo
2465 1357 2560 1414 ille
2587 1359 2988 1416 testimonium
3021 1361 3312 1433 perhibet,
3342 1368 3398 1419 et
3425 1379 3532 1436 per
3555 1365 3650 1420 Jo-

1993 1462 2236 1512 annem,
2277 1452 2461 1519 etper
2491 1462 2694 1519 opera,
2723 1453 2779 1504 et
2804 1464 2912 1520 per
2949 1450 3306 1523 Soripturas,
3347 1453 3508 1509 hunc
3541 1469 3648 1510 vos

1995 1551 2113 1592 non
2135 1535 2413 1607 recipitis.
2443 1537 2967 1601 Quemadmodum
3011 1555 3153 1610 ergo
3190 1541 3448 1612 primum
3491 1541 3648 1598 arbi-

1992 1625 2148 1690 trati,
2187 1625 2355 1697 quod
2405 1640 2599 1681 essem
2639 1627 2756 1682 Deo
2793 1628 3145 1699 contrarius,
3181 1645 3277 1685 me
3327 1630 3650 1702 repelleba-

287 1713 601 1788 δειχθείσης
627 1725 718 1778 τῆς
752 1715 1016 1785 ἀληθείας,
1051 1716 1285 1789 ὠφείλετε
1313 1713 1694 1791 προσδραμεῖν.
1731 1715 1887 1769 Ἀλλὰ

2019 1715 2068 1770 is
2101 1732 2112 1769 :
2147 1715 2228 1771 ita
2253 1729 2436 1780 nunc,
2469 1714 2934 1773 demonstratae
2977 1717 3151 1774 dictis
3208 1719 3458 1776 testibus
3507 1721 3651 1776 veri-

285 1809 458 1878 μάτην
484 1807 780 1878 κομπάζετε
834 1802 906 1858 δι’
937 1805 1146 1877 ἀγάπην
1181 1813 1272 1858 τοῦ
1305 1814 1438 1859 Θεοῦ
1467 1805 1884 1879 ἀποστρέφεσθαί

283 1915 369 1968 με.
404 1897 499 1948 Διά
557 1894 850 1968 βασκανίαν
901 1899 1002 1970 γὰρ
1032 1904 1182 1948 τοῦτο
1239 1903 1522 1961 ποιοῦντες,
1576 1895 1884 1955 συσκιάξειν

284 1987 480 2042 ταύτην
507 1983 841 2057 ἐπιχειρεῖτε.

361 2075 492 2145 Ἐγὼ
523 2103 589 2114 -—
621 2093 704 2145 με.
739 2105 804 2114 --
856 2074 937 2126 Ἐν
985 2082 1057 2144 τῷ
1103 2073 1316 2145 ὀνόματι
1364 2081 1454 2126 τοῦ
1516 2077 1711 2148 Πατρός
1760 2093 1881 2144 μου,

284 2167 450 2234 ἤγουν
482 2161 798 2224 ἀποσταλεὶς
840 2165 980 2236 παρὰ
1018 2171 1107 2215 τοῦ
1158 2167 1358 2236 Πατρός
1395 2183 1514 2236 μου,
1545 2165 1613 2224 ὡς
1643 2162 1800 2222 αὐτός
1832 2179 1886 2213 τε

285 2259 548 2326 μαρτυρεῖ
575 2250 722 2321 κὰγὼ
757 2251 1009 2323 ὁμολογῶ,
1043 2257 1130 2304 καὶ
1157 2252 1214 2304 ού
1249 2249 1473 2324 δέχεσθε
1501 2271 1583 2324 με.

356 2341 480 2394 Ἐὰν
505 2372 578 2382 —
600 2340 850 2412 λήψεσθε.
877 2345 1001 2414 Περὶ
1027 2342 1500 2414 τοῦἈντιχρίστου
1521 2344 1676 2393 τοῦτό
1703 2359 1881 2412 φησιν,

283 2431 341 2493 ὃς
372 2430 632 2484 ἐλεύσεται
663 2429 711 2482 ἐν
733 2438 805 2501 τῷ
836 2429 1048 2502 ὀνόματι
1079 2438 1151 2500 τῷ
1189 2427 1244 2482 ίδ
1250 2436 1329 2502 ίῳ,
1360 2449 1625 2483 τουτεστιν
1661 2429 1748 2503 ἀφ’
1773 2431 1886 2482 ἑαυ-

284 2529 382 2574 τοῦ
408 2524 478 2582 ὡς
504 2516 662 2578 δῆθεν
702 2520 856 2580 αὐτὸς
883 2520 950 2571 ὢν
979 2521 1005 2572 ό
1033 2518 1116 2572 ἐπὶ
1140 2522 1342 2572 πάντων
1373 2524 1518 2581 Θεός.
1555 2522 1887 2573 Καθάπτεται

284 2608 379 2663 οὖν
411 2617 500 2669 τῆς
533 2608 914 2680 ἀναισχυντίας
949 2617 1051 2660 τῶν
1091 2604 1381 2675 Ἰουδαίων,
1409 2611 1473 2669 ὡς
1498 2609 1653 2662 αὐτὸν
1683 2613 1772 2681 μεν
1802 2613 1886 2662 τόν

283 2698 504 2770 λέγοντα
535 2694 726 2750 εἰδέναι
756 2701 842 2750 τὸν
883 2701 1004 2751 Θεὸν
1047 2703 1137 2750 καὶ
1168 2697 1519 2770 ὁμολογοῦντα
1565 2698 1889 2752 ἀπεστάλθαι

290 2789 416 2862 παρ’
443 2787 625 2853 αὐτοῦ,
658 2791 742 2838 καὶ
768 2791 837 2858 μὴ
874 2785 1207 2859 ἰλεγχόμενόν
1235 2786 1462 2839 ἀντίθεον
1490 2786 1884 2860 ἀποσειομένων’

286 2881 380 2928 τὸν
407 2871 467 2928 δε
497 2878 763 2947 φάσκοντα
793 2881 860 2948 μὴ
894 2872 1083 2928 εἰδέναι
1108 2875 1292 2928 ἕκεῖνον
1322 2881 1411 2928 καὶ
1441 2877 1779 2948 κομπάζοντα
1805 2876 1888 2950 ἀφ’

289 2965 479 3019 ἑαυτοῦ
500 2968 529 3024 ἡ
536 2984 654 3037 χειν
674 2970 764 3018 καὶ
780 2961 1150 3039 προδηλότατα
1167 2961 1201 3017 δ
1207 2971 1640 3039 ιαγινωσκόμενον
1663 2965 1888 3019 ἀντίθεον

290 3059 669 3129 προσιεμένων.

370 3140 497 3196 Εἶτα
524 3146 707 3201 τίθησι
736 3148 825 3194 καὶ
867 3147 960 3202 τὴν
992 3147 1163 3195 αἰτίαν
1212 3152 1306 3206 τῆς
1332 3143 1576 3206 ἀπιστίας
1602 3145 1769 3197 αὐτῶν
1789 3147 1892 3210 ,ὅτι

292 3230 394 3287 διὰ
417 3229 714 3305 φιλοδοξίαν
745 3232 804 3284 οὐ
833 3235 1166 3285 πιστεύουσι·
1199 3235 1282 3292 Μὴ
1327 3234 1552 3297 θελόντες
1575 3237 1677 3309 γὰρ
1709 3254 1893 3308 προτι-

292 3325 536 3397 μηθῆναι
561 3324 729 3375 αὐτῶν
750 3324 850 3375 ὑπὸ
883 3323 993 3394 (28)
1017 3330 1108 3374 τοῦ
1134 3322 1366 3385 πλήθους
1390 3328 1474 3376 τὸν
1508 3329 1752 3397 Χριστὸν,
1774 3324 1892 3376 ἐκώ-

292 3433 468 3480 φευον,
524 3418 614 3464 καὶ
645 3414 796 3484 ἔμυον
855 3411 1153 3472 ἐθελουσίως
1211 3416 1339 3486 πρὸς
1377 3418 1468 3471 τὴν
1503 3413 1764 3483 ἀλήθειαν,
1805 3420 1893 3467 καὶ

294 3503 466 3554 πάντα
495 3500 698 3554 ἕποίουν
728 3503 854 3574 ὑπὲρ
886 3509 976 3553 τοῦ
1007 3506 1077 3574 μὴ
1111 3501 1341 3554 ἐκπεσεῖν
1361 3510 1458 3564 τῆς
1479 3499 1640 3566 δόξης
1669 3504 1730 3562 ἣν
1749 3501 1892 3576 εἶχον

292 3593 439 3662 παρὰ
460 3597 552 3643 τοῦ
582 3589 826 3652 πλήθους.

372 3687 483 3740 Πῶς
510 3711 575 3720 -
603 3679 943 3752 λαμϐάνοντες
976 3697 990 3746 ;
1032 3679 1340 3752 Ἐμποδίζει
1367 3684 1468 3756 γὰρ
1495 3682 1653 3740 αὕτη.

373 3863 473 3911 Καὶ
504 3889 571 3898 —
607 3861 807 3922 ζητεῖτε
845 3876 859 3926 ;
892 3857 986 3910 Ἢν
1021 3862 1182 3932 μόνην
1240 3857 1347 3912 ἔδει
1405 3860 1595 3923 ζητεῖν,
1629 3869 1722 3922 τῆς
1753 3862 1896 3934 παρὰ

293 3946 582 4020 ἀνθρώπων
637 3955 1107 4022 καταφρονοῦντας,
1164 3948 1206 4000 εἰ
1259 3952 1349 4000 καὶ
1396 3950 1542 4018 ὑμεῖς
1602 3953 1895 4001 τούναντίον

295 4042 512 4089 ποιεῖτε.
543 4038 880 4108 Πανταχόθεν
939 4042 1109 4088 τοίνυν
1155 4036 1498 4110 ἐπιστομίσας
1544 4037 1746 4102 αὐτοὺς,
1807 4044 1896 4090 καὶ

296 4122 586 4188 ἀποδείξας
615 4127 792 4187 πάσης
827 4132 1138 4197 συγγνώμης
1176 4124 1437 4191 ἀναξίους,
1479 4125 1656 4178 λοιπὸν
1682 4127 1894 4198 ἐφίστη-

299 4233 386 4266 σιν
418 4214 591 4275 αύτοῖς
619 4219 912 4288 κατήγορον
949 4214 1102 4266 αὐτὸν
1142 4217 1228 4266 τὸν
1259 4219 1487 4269 Μωϋσέα
1515 4218 1601 4266 τὸν
1621 4216 1896 4287 νομοθέτην

296 4302 468 4355 αὐτῶν
476 4347 488 4357 .

373 4396 460 4449 Μὴ
488 4423 559 4432 -
585 4395 800 4466 πατέρα.
837 4392 957 4445 Κατ’
987 4391 1241 4464 ἐρώτησιν
1262 4394 1452 4451 ἠθικὴν
1483 4395 1508 4444 ὀ
1533 4392 1696 4464 λόγος,
1741 4394 1820 4444 ὅτι
1843 4392 1900 4444 Εἰ

297 4487 393 4534 καὶ
419 4477 526 4534 ἔδει
551 4500 615 4553 με
639 4488 791 4533 τοῦτο
821 4489 1064 4548 ποιῆσαι,
1098 4479 1204 4532 ἀλλ’
1245 4481 1303 4534 ού
1335 4487 1556 4551 ποιήσω,
1602 4479 1901 4544 ἀνεξικακος

300 4592 392 4626 ων.

376 4743 560 4798 Ἐστιν
600 4773 665 4785 -
697 4750 950 4804 Μωυσῆς.
981 4741 1065 4814 ’ῼς
1115 4741 1470 4796 ἀπιστούντων
1517 4745 1593 4804 οἷς
1633 4749 1749 4817 περὶ
1781 4743 1904 4817 ἐμοῦ

306 4832 524 4905 ἔγραψε,
553 4838 642 4885 καὶ
671 4834 837 4893 οὕτως
864 4831 1211 4884 ἀπειθούντων
1243 4831 1402 4902 αὐτῷ.

380 4923 468 4983 Εἰς
532 4953 602 4962 -
645 4922 915 4982 ἠλπίκατε.
978 4920 1064 4982 Ὠς
1131 4921 1201 4982 εἰς
1251 4917 1566 4993 δημαγωγὸν
1616 4929 1704 4974 καὶ
1782 4943 1906 4996 προ-

312 5016 512 5072 στάτην
549 5015 642 5064 καὶ
696 5016 912 5085 μεσίτην
942 5014 1007 5064 τὰ
1056 5015 1182 5086 πρὸς
1230 5016 1377 5065 Θεόν.
1438 5010 1636 5086 Ὥσπερ
1677 5009 1736 5065 δὲ
1789 5019 1906 5088 περὶ

308 5111 410 5157 τῶν
437 5109 651 5178 Γραφῶν
709 5100 845 5175 ἔλεγε
885 5121 898 5135 ·
926 5107 1126 5154 Δοκεῖτε
1176 5102 1226 5154 ἓν
1273 5099 1453 5162 αὑταῖς
1512 5105 1649 5165 ζωὴν
1699 5102 1904 5156 αἰώνιον

1995 1808 2132 1868 tate,
2190 1803 2552 1859 debuissetis
2581 1819 2913 1862 accurrere.
2974 1807 3084 1863 Sed
3139 1806 3357 1864 frustra
3391 1809 3646 1880 jactatis,

1994 1892 2159 1965 quod
2177 1891 2278 1947 Dei
2303 1891 2426 1948 zelo
2456 1908 2552 1948 me
2599 1895 2980 1950 aversamini.
3006 1895 3155 1952 Nam
3189 1912 3322 1952 cum
3337 1897 3396 1953 id
3425 1898 3650 1954 invidia

1993 1979 2246 2047 faciatis,
2271 1980 2384 2036 hoc
2423 1980 2608 2036 modo
2646 1981 2822 2038 istam
2862 1983 3160 2039 occultare
3195 1985 3472 2042 nitimini.

2066 2070 2227 2124 Vers.
2255 2073 2342 2126 43.
2389 2069 2508 2140 Ego
2542 2100 2608 2112 —
2634 2085 2738 2127 me.
2773 2102 2837 2112 —
2870 2073 3095 2128 Nomine
3149 2073 3344 2130 Patris
3370 2074 3497 2140 mei,
3530 2076 3652 2130 sive

1993 2158 2279 2214 missusa
2317 2158 2488 2214 Patre
2528 2174 2684 2225 meo,
2739 2160 2890 2216 sicut
2953 2162 3084 2234 ipse
3127 2166 3371 2220 testatur
3424 2169 3483 2221 et
3539 2180 3651 2234 ego

1995 2245 2300 2312 conﬁteor,
2331 2251 2389 2302 et
2414 2262 2535 2303 non
2565 2248 2860 2320 suscipitis
2892 2264 3008 2305 me.

2065 2335 2333 2392 Vers.43.
2357 2365 2422 2376 —
2443 2336 2516 2391 Si
2527 2336 2834 2408 mcipietis.
2854 2341 2930 2394 De
2955 2338 3317 2397 Antichristo
3345 2340 3460 2398 hoc
3487 2340 3651 2405 dicit,

1994 2423 2098 2497 qui
2127 2423 2326 2480 veniet
2352 2425 2596 2481 nomine
2611 2427 3013 2498 proprio,sive
3047 2444 3083 2483 a
3104 2445 3166 2485 se
3187 2428 3343 2501 ipso.
3363 2435 3652 2504 tanquam

1994 2517 2122 2586 ipse
2153 2517 2305 2570 Deus
2325 2520 2496 2580 esset,
2529 2515 2631 2587 qui
2663 2531 2846 2588 super
2874 2532 3082 2574 omnes
3135 2524 3243 2575 est.
3291 2522 3473 2575 Taxat
3511 2533 3654 2588 ergo

1995 2603 2422 2675 impudentiam
2465 2603 2836 2670 Iudaeorum,
2885 2606 3045 2676 quod
3092 2623 3232 2663 eum
3278 2608 3653 2679 repellerent,

1997 2709 2137 2750 cum
2163 2709 2225 2749 se
2256 2693 2472 2748 diceret
2500 2708 2682 2748 nosse
2708 2693 2894 2749 Deum
2928 2701 2986 2750 et
3011 2695 3090 2751 ab
3119 2711 3190 2751 eo
3223 2696 3476 2752 missum
3503 2711 3652 2762 esse,

1998 2799 2108 2839 nec
2138 2782 2588 2838 convinceretur
2605 2783 2722 2838 Deo
2744 2784 3220 2840 essecontrarius
3251 2802 3268 2839 :
3298 2785 3461 2840 illum
3495 2801 3656 2853 vero,

1998 2873 2098 2944 qui
2128 2889 2190 2928 se
2227 2872 2444 2927 diceret
2471 2886 2593 2927 non
2619 2887 2800 2928 nosse
2822 2874 3029 2938 Deum,
3079 2880 3136 2927 et
3161 2889 3197 2929 a
3222 2873 3419 2945 seipso
3459 2874 3659 2928 venire

1999 2978 2059 3017 se
2084 2962 2352 3033 jactaret,
2404 2976 2474 3016 ac
2519 2959 3003 3018 manifestissime
3047 2961 3496 3032 dignosceretur
3530 2977 3656 3018 esse

1924 3083 1964 3140 ε
2003 3053 2119 3107 Deo
2141 3050 2496 3117 contrarius,
2527 3049 2875 3121 reciperent.

2072 3139 2290 3196 Deinde
2315 3139 2480 3212 ponit
2507 3143 2564 3195 et
2583 3154 2832 3194 causam
2861 3137 3222 3196 inﬁdelitatis
3249 3139 3660 3214 eorum,quod

1997 3238 2236 3305 propter
2274 3228 2475 3300 gloria;
2519 3243 2787 3284 amorem
2837 3243 2959 3283 non
3008 3229 3356 3290 crederent:
3389 3230 3660 3285 nolentes

2000 3323 2158 3378 enim
2215 3319 2512 3377 Christum
2545 3332 2732 3389 supra
2761 3331 2824 3372 se
2865 3317 3149 3374 honorari
3191 3335 3225 3374 a
3261 3317 3658 3384 multitudine,

2001 3407 2535 3475 obsurdescebant,
2562 3410 2621 3462 et
2650 3421 2825 3463 aures
2855 3405 3007 3463 ultro
3023 3405 3384 3464 claudebant
3403 3407 3481 3462 ad
3512 3407 3661 3462 veri-

2003 3507 2180 3558 tatem
2206 3521 2218 3553 :
2253 3497 2580 3570 omniaque
2613 3494 2927 3562 faciebant,
2954 3511 3029 3552 ne
3062 3511 3098 3552 a
3126 3495 3314 3567 gloria
3343 3511 3529 3568 quam
3560 3495 3662 3554 ha-

2001 3591 2218 3647 bebant
2243 3587 2408 3660 apud
2443 3585 2878 3643 multitudinem
2911 3585 3265 3642 exciderent.

2074 3680 2235 3736 Vere.
2260 3681 2346 3734 ui.
2368 3676 2666 3743 Quomodo
2685 3707 2746 3718 —
2763 3676 3028 3748 accipitis
3048 3676 3077 3733 ?
3089 3679 3234 3734 Nam
3256 3676 3393 3750 ipsa
3410 3675 3491 3732 im
3500 3675 3662 3748 pedi-

2004 3773 2204 3826 mento
2235 3772 2346 3824 est.

2074 3859 2232 3913 Vers.
2262 3861 2348 3913 44.
2379 3858 2455 3911 Et
2479 3887 2548 3896 —
2577 3855 2842 3928 queritis
2870 3857 2899 3912 'I
2943 3857 3136 3921 Quam
3175 3855 3365 3911 solam
3399 3869 3664 3927 querere

2004 3951 2256 4020 oportet,
2290 3961 2361 4001 ea
2395 3962 2527 4016 quae
2553 3953 2639 4001 est
2665 3947 2737 4001 ab
2776 3945 3122 4000 hominibus
3153 3945 3523 4017 posthabita,
3556 3943 3664 3998 etsi

2005 4053 2111 4092 vos
2141 4035 2508 4090 contrarium
2540 4035 2787 4090 faciatis.
2807 4037 3122 4105 Postquam
3150 4049 3292 4103 ergo
3319 4033 3577 4106 undique
3594 4032 3666 4086 si-

2002 4124 2248 4197 lentium
2267 4122 2376 4177 illis
2398 4123 2703 4192 imposuit,
2735 4121 3017 4194 omnique
3042 4124 3220 4178 venia
3241 4122 3514 4191 indignos
3534 4135 3665 4176 esse

2004 4212 2458 4274 demonstravit,
2493 4215 2905 4266 accusatorem
2935 4211 3220 4282 deinceps
3257 4210 3372 4266 illis
3419 4209 3668 4265 adhibet

2005 4307 2152 4373 puta
2179 4300 2378 4370 ipsum
2407 4301 2627 4356 Mosem
2654 4298 3051 4367 legislatorem
3079 4314 3310 4356 eorum.

2078 4389 2240 4444 Vers.
2290 4388 2378 4443 45.
2438 4389 2585 4443 Num
2650 4417 2709 4427 —
2757 4392 3002 4458 patrem.
3061 4388 3238 4442 Juxta
3293 4387 3566 4441 usitatam
3595 4401 3666 4442 ac

2009 4483 2360 4535 consuetam
2385 4476 2502 4549 (pp)
2533 4475 3058 4544 interrogationem
3089 4479 3178 4530 est
3204 4474 3302 4531 hic
3336 4490 3553 4539 sermo,
3597 4491 3667 4531 ac

2011 4569 2058 4624 si
2089 4568 2248 4623 dicat
2284 4585 2301 4622 :
2335 4568 2445 4622 Etsi
2480 4581 2573 4621 me
2624 4564 2684 4620 id
2711 4563 3020 4637 oportebat
3069 4563 3287 4628 facere,
3319 4579 3440 4620 non
3470 4567 3667 4620 tamen

2012 4657 2247 4721 faciam,
2283 4657 2427 4728 quia
2469 4654 2732 4710 clemens
2764 4669 2918 4709 sum.

2086 4745 2251 4802 Vers.
2282 4746 2372 4800 45.
2413 4745 2514 4800 Est
2546 4774 2614 4786 —
2667 4744 2862 4799 Moses.
2920 4745 3128 4814 Utpote
3175 4757 3298 4798 non
3364 4744 3670 4800 credentes

2013 4836 2104 4892 his
2130 4846 2265 4907 Quae
2295 4834 2369 4889 de
2393 4849 2488 4889 me
2519 4833 2752 4905 scripsit
2778 4850 2791 4888 :
2826 4837 2883 4888 et
2911 4832 2988 4888 ita
3017 4848 3126 4889 nec
3162 4831 3240 4888 illi
3268 4832 3597 4888 credentes.

2087 4926 2246 4980 Vers.
2271 4924 2359 4979 45.
2402 4923 2477 4978 In
2516 4952 2583 4964 —
2612 4921 2869 4993 speratis.
2911 4924 3218 4995 Tanquam
3261 4921 3322 4977 in
3363 4921 3670 4977 ductorem

2015 5012 2245 5087 populi,
2306 5017 2559 5069 tutorem
2607 5027 2676 5068 ac
2729 5011 3116 5068 mediatorem
3161 5013 3222 5068 in
3275 5011 3367 5067 his
3410 5025 3546 5083 quas
3594 5011 3672 5064 ad

2019 5107 2205 5160 Deum
2236 5107 2390 5159 sunt.
2437 5101 2598 5159 Sicut
2653 5105 2852 5159 autem
2905 5099 2981 5158 de
3025 5099 3339 5173 Scripturis
3386 5098 3669 5156 dicebat:

1541 5279 1759 5349 Variae
1789 5281 2117 5351 lectiones
2155 5287 2223 5349 et
2254 5290 2430 5350 notae

383 5425 497 5500 (28)
521 5425 828 5498 Προτιθέναι
858 5422 1014 5477 αύτόν
1043 5422 1142 5476 ὑπό
1177 5431 1242 5478 Α.

383 5606 503 5678 (pp)
532 5604 921 5678 ,Usi’tatagm‘ac
975 5605 1324 5661 consuetam.
1369 5604 1673 5660 Moratam.
1738 5604 2122 5675 Interrogatio
2171 5602 2329 5662 ἠθικὴ
2365 5607 2451 5660 est
2497 5619 2586 5670 ea,
2617 5618 2751 5678 quae
2801 5617 2998 5661 mores
3049 5603 3105 5658 et
3148 5597 3458 5670 ingenium
3506 5597 3679 5654 inter-

311 5675 574 5749 rogantis
604 5675 906 5750 exprimit.
