4038 6226
416 170 552 227 1235

1779 172 2129 230 EUTHYMII
2172 172 2503 232 ZIGABENI

3575 180 3593 234 1
3604 181 3687 237 236

410 296 651 353 Putatis
674 295 733 352 in
764 293 894 369 ipsis
924 298 1104 355 vitam
1150 305 1420 355 (uernam
1451 296 1683 362 habere,
1716 298 1799 356 ita
1828 316 2069 372 quoque

2202 304 2321 370 ’χειν
2355 316 2366 329 ·
2392 300 2528 352 οὕτω
2558 302 2642 352 καὶ
2664 302 2781 375 περὶ
2803 303 3065 363 Μωύσέως
3089 304 3243 373 φησίν
3268 315 3281 332 ·
3308 299 3446 364 Εἱςὸν
3469 300 3700 363 ἠλπίκατε.

415 402 572 441 nunc
602 386 676 442 de
708 388 868 442 Mose
896 388 979 442 ait
1012 406 1027 441 :
1056 387 1127 442 In
1155 400 1323 458 quem
1351 403 1444 442 vos
1492 392 1763 457 speratis.
1818 390 1964 445 Nam
1993 389 2070 445 ab

413 475 505 531 his
533 492 667 547 quae
690 476 801 547 ipsi
847 493 958 533 sua
994 476 1314 539 ducebant,
1349 477 1481 531 illos
1519 478 1998 545 aggrediebatur.

486 567 644 620 Vers.
675 565 763 621 46.
796 566 860 620 Si
888 597 955 605 ——
983 565 1238 633 scripsit.
1267 565 1323 621 Si
1370 565 1488 621 fide
1534 566 1774 635 dignum
1799 583 1934 623 eum
1967 570 2075 623 du-

414 653 644 717 ceretis,
697 653 1006 708 crederetis
1048 656 1249 726 utique
1280 653 1424 709 mihi
1470 673 1482 721 ;
1534 656 1699 710 vobis
1728 656 1884 711 enim
1928 672 2073 729 prze~

415 741 675 813 cepitille
709 741 1184 797 utmeaudiretis.

489 832 645 885 Vers.
672 830 762 887 47.
784 830 843 884 Si
869 862 938 873 —
967 832 1212 887 credetis
1256 832 1283 887 ?
1316 832 1368 887 Si
1403 832 1558 886 illius
1606 833 1838 904 scriptis
1886 833 2076 889 incre-

414 918 533 974 duli
564 919 725 985 estis,
769 935 948 991 quem
974 920 1352 976 vehementer
1381 937 1481 975 vos
1529 923 1825 977 honorare
1856 940 1925 977 ac
1957 923 2080 977 lau-

415 1007 559 1063 dare
604 1007 841 1079 jactatis
892 1025 903 1063 :
956 1009 1261 1081 quomodo
1326 1010 1472 1064 meis
1542 1011 1732 1065 verbis
1809 1012 2077 1075 credetis,

414 1113 595 1169 quem
615 1098 995 1153 vehementer
1021 1098 1392 1154 inbonoratis
1423 1110 1477 1154 et
1503 1101 1880 1155 contumeliis
1905 1116 2078 1171 appe-

420 1186 535 1241 titis
564 1188 591 1242 ‘?
623 1188 783 1243 Sicut
812 1203 950 1257 ergo
982 1188 1149 1259 prius
1179 1187 1252 1243 de
1299 1190 1549 1255 Joanne,
1583 1206 1759 1261 quem
1797 1188 2082 1245 admirari

418 1273 795 1343 videbantur,
835 1277 1085 1332 convicti
1115 1282 1271 1341 sunt,
1301 1278 1459 1349 quod
1492 1295 1627 1332 eum
1672 1279 2084 1350 despicerent:

420 1363 501 1419 ita
530 1368 585 1419 et
613 1381 773 1420 nunc
816 1366 891 1421 de
922 1369 1094 1430 Mose,
1126 1366 1215 1420 cui
1272 1367 1508 1421 credere
1565 1368 1674 1422 sibi
1711 1368 2083 1431 videbantur,

420 1453 699 1521 ostendit,
740 1454 906 1525 quod
948 1455 1000 1510 ei
1049 1460 1251 1510 essent
1311 1456 1643 1511 increduli:
1690 1462 1745 1511 et
1794 1458 2087 1529 sagaciter

422 1543 645 1611 simper
681 1544 740 1597 in
774 1549 953 1616 caput
992 1544 1227 1599 illorum
1269 1550 1525 1617 torquet,
1567 1562 1945 1618 quaecunque
1978 1562 2085 1618 pro

2184 387 2283 440 ἀπὸ
2314 397 2413 440 τῶν
2446 385 2644 441 οἷκείων
2676 393 3012 463 χειρούμενος
3044 390 3244 451 αύτούς.

2255 566 2313 619 Εἰ
2352 599 2417 607 -
2447 567 2691 642 ἔγραψεν.
2746 568 2805 620 Εἰ
2848 571 3034 621 πιστὸν
3082 571 3265 621 εκείνον
3304 568 3553 642 ἐνομίζετε,
3589 570 3707 623 ἑπισ-

2184 658 2351 708 τεύετε
2407 655 2466 706 ἂν
2546 655 2678 725 ἐμοί.
2736 657 3045 709 Ἐνετεὶλατο
3092 660 3193 730 γὰρ
3254 660 3367 730 ύμῖν
3428 658 3539 731 ἐμοῦ
3588 660 3709 712 ἀκού·

2187 764 2276 799 ειν.

2258 836 2317 887 Ei
2350 864 2415 877 --
2447 838 2748 887 πιστεύσετε
2777 852 2791 902 ;
2826 835 2883 889 Εἰ
2912 842 3026 898 ταῖς
3059 835 3251 889 ἐκείνου
3292 844 3585 910 συγγραῖαῐς
3612 837 3713 889 ἁπι-

2191 930 2353 975 στείτε
2375 925 2427 975 ὃν
2473 920 2818 996 διαφερόντως
2866 930 3020 995 τιμᾴν
3050 930 3140 977 καὶ
3181 926 3410 998 εὐφημεῖν
3451 928 3714 997 κομπέζετε,

2190 1020 2298 1073 πῶς
2324 1019 2432 1073 τοῖς
2462 1012 2601 1085 ἐμοῖς
2624 1014 2830 1086 ῥήμασι
2861 1018 3185 1076 πιστεύσετε,
3216 1016 3269 1067 ὃν
3297 1013 3605 1088 διαφερόντως
3628 1014 3718 1065 ἀτι-

2191 1101 2381 1171 μάζετε
2434 1107 2524 1153 καὶ
2581 1101 2986 1173 βλασφημεῖτες

2192 1197 2283 1241 τοῦ
2315 1192 2553 1242 Ἰωάννου
2596 1187 2879 1252 δοκοῦντας
2901 1192 3053 1243 αὐτὸν
3095 1194 3372 1264 θαυμάζειν
3401 1194 3563 1264 ἤλεγξε
3596 1212 3724 1243 κατα-

3018 1102 3217 1177 Ὠσπερ
3277 1100 3359 1156 οὖν
3412 1108 3620 1177 πρότερον
3657 1104 3721 1155 ἐπὶ

2195 1287 2504 1353 φρονοῦντας
2546 1299 2559 1311 ο
2586 1281 2719 1332 οὕτω
2744 1285 2833 1332 καὶ
2862 1288 2949 1331 νῦν
2989 1279 3071 1333 ἐπὶ
3097 1288 3186 1333 τού
3214 1285 3463 1343 Μωυσέως
3492 1279 3725 1340 δοκοῦντας

2194 1367 2335 1437 αὐτῷ
2363 1371 2623 1421 πιστεύειν
2646 1365 2838 1431 ἔδειξεν
2858 1368 3198 1431 ἀπιστοῦντας
3221 1390 3231 1401 ·
3258 1376 3343 1422 καὶ
3364 1369 3436 1422 ἀεὶ
3464 1370 3727 1441 εὐμηχάνως

2196 1457 2267 1517 εἰς
2353 1462 2447 1515 τὴν

2541 1458 2763 1530 κεφαλὴν
2858 1458 3027 1510 αύτῶν
3111 1464 3394 1533 περιτρέπει
3474 1461 3623 1510 πάντα
3679 1462 3729 1510 τὰ

2196 1541 2451 1598 δοκοῦντα
2504 1548 2629 1621 ὑπὲρ
2689 1546 2875 1599 αὐτῶν.
2936 1551 3028 1608 Τίς
3093 1544 3178 1600 οὖν
3251 1550 3547 1621 παράνομος,
3596 1549 3731 1599 6w-

421 1632 565 1703 ipsis
596 1632 788 1687 facere
842 1634 1133 1695 videntur.
1195 1635 1336 1699 Quis
1375 1651 1515 1707 ergo
1550 1642 1951 1703 transgressor
1978 1641 2081 1703 est,

2202 1641 2413 1706 νήγορον
2465 1638 2603 1707 ἔχων
2660 1638 2748 1687 τόν
2794 1638 3075 1708 νομοθέτην
3123 1638 3152 1695 ἡ
3209 1640 3261 1689 οὶ
3315 1642 3579 1709 κατήγορον
3608 1636 3731 1688 αὐτὸν

420 1721 549 1776 isne
574 1721 679 1792 qui
702 1721 1074 1777 defensorem
1098 1723 1281 1779 habet
1320 1725 1515 1795 ipsum
1562 1724 1984 1793 legislaturem,
2006 1741 2084 1780 an

423 1807 473 1864 is
510 1811 612 1882 qui
644 1810 806 1865 illum
837 1812 1062 1867 habent
1094 1818 1299 1867 contra
1332 1829 1391 1867 se
1439 1818 1847 1868 accusatorem
1883 1814 1907 1869 ?

497 1901 638 1966 Cap.
688 1900 775 1954 Vl.
825 1902 978 1955 Vers.
1032 1906 1078 1955 t.
1124 1902 1381 1957 Posthaac
1420 1932 1488 1941 —
1544 1902 1875 1957 Tiberiadis.
1933 1906 2085 1958 Mare

426 1987 701 2052 Galiltetr,
744 1990 866 2044 sive
896 1990 1239 2045 Tiberiadis.
1268 1993 1409 2045 Nam
1459 1997 1736 2059 stagnum
1765 1993 2083 2048 Tiberiadis

425 2083 596 2133 vocat
628 2094 791 2133 mare
830 2078 1103 2143 Galileete,
1144 2079 1293 2134 sicut
1322 2080 1377 2133 in
1407 2080 1723 2148 Evangelio
1747 2081 1912 2151 juxta
1944 2083 2085 2137 Mat-

426 2165 649 2221 tbaeum
692 2168 917 2222 dictum
963 2174 1067 2223 est.
1111 2168 1261 2223 Abiit
1302 2174 1498 2223 autem
1544 2169 1701 2231 illuc.
1736 2171 1954 2225 cedens
1994 2172 2083 2225 fu-

428 2255 545 2309 rori
577 2255 915 2328 principum
942 2256 1169 2329 populi,
1195 2273 1449 2313 accenso
1470 2258 1549 2313 ob
1571 2259 1855 2331 praedicta
1878 2260 2078 2315 verba.

502 2433 669 2490 Vers.
717 2438 770 2488 2.
825 2436 889 2489 Et
926 2465 994 2475 —
1028 2436 1132 2506 qui
1168 2435 1635 2503 inﬁrmabantur.
1675 2440 1861 2503 Quare
1915 2439 2087 2510 signa

430 2521 847 2593 particular-ius
877 2539 995 2578 non
1038 2531 1340 2580 enumerat
1370 2524 1399 2578 ‘t
1428 2527 1577 2590 Quia
1604 2527 1697 2582 hic
1725 2528 2088 2597 evangelista

428 2610 583 2666 circa
604 2611 907 2668 doctrinas
927 2619 982 2669 et
1000 2614 1316 2669 conciones
1348 2630 1417 2669 ac
1442 2615 1728 2683 dogmata
1746 2619 1936 2687 magis
1968 2634 2091 2673 ver-

431 2706 616 2756 satur.
652 2702 897 2772 Propter
926 2705 1091 2775 signa
1120 2708 1342 2767 autem,
1372 2720 1491 2759 non
1546 2710 1782 2777 prapter
1807 2708 2090 2776 dogmata

430 2788 605 2846 turba
634 2790 759 2845 haec
774 2792 1157 2861 sequebatur,
1179 2795 1437 2848 crassius
1459 2793 1667 2848 affecta
1700 2795 1825 2849 :illa
1844 2812 2001 2861 vero,
2017 2795 2090 2849 de

426 2895 549 2951 qua
562 2880 723 2951 apud
741 2880 1544 2951 Matthmumﬂbstupescebat
1568 2886 1627 2937 in
1642 2884 1907 2941 doctrina
1921 2886 2086 2956 ejus“.

504 3056 665 3111 Vers.
708 3060 758 3111 3.
794 3058 1071 3115 Ascendit
1101 3088 1168 3098 -—
1200 3060 1336 3114 suis.
1380 3060 1661 3115 Ascendit
1704 3059 1761 3117 in
1802 3067 2087 3126 montem,

430 3143 651 3199 docens
681 3161 792 3202 nos
822 3148 1186 3218 requiescere
1234 3165 1270 3203 a
1314 3148 1566 3203 tumultu
1607 3165 1676 3203 ac
1731 3152 2088 3218 turbatione,

429 3247 565 3303 quae
596 3234 652 3289 in
681 3237 879 3291 medio
902 3237 1109 3309 populi
1129 3240 1233 3292 est.
1255 3239 1404 3293 Nam
1430 3237 1506 3292 ad
1530 3238 1975 3310 phiIOSOphiam
2005 3259 2093 3296 sa—

431 3338 595 3379 cram
613 3331 752 3397 apta
777 3330 865 3381 est
891 3326 1171 3382 solitudo.

502 3413 861 3485 Frequenter
890 3431 1124 3487 quoque
1163 3416 1323 3470 solus
1374 3416 1500 3488 ipse
1532 3422 1793 3473 montem
1848 3420 2012 3487 petit,
2043 3423 2098 3474 et

429 3506 1179 3572 pernoctansorat,docens
1199 3520 1333 3569 nos,
1358 3505 1521 3577 quod
1540 3522 1675 3560 eum
1701 3507 1806 3578 qui
1838 3510 2097 3565 maxime

432 3588 511 3642 ad
563 3592 743 3644 Deum
782 3591 1028 3655 accedit,
1081 3597 1353 3662 oporteat
1387 3593 1463 3647 ab
1492 3593 1651 3648 omni
1684 3594 1939 3650 liberum
1968 3612 2098 3651 esse

434 3678 790 3743 turbatione,
825 3685 881 3733 et
932 3678 1129 3735 locum
1162 3680 1455 3752 inquirere
1489 3682 1745 3737 liberum
1773 3700 1807 3738 a
1841 3684 2098 3740 tumultu

433 3771 491 3820 et
529 3764 884 3822 turbatione.

506 3854 667 3908 Vers.
700 3857 755 3911 4.
782 3856 1050 3911 Instabat
1088 3862 1285 3913 autem
1337 3888 1400 3898 -
1439 3859 1799 3915 Judaeorum.
1850 3864 1914 3916 Et
1955 3879 2102 3935 quo-

437 3942 621 3997 modo
652 3959 767 3998 non
801 3944 1069 3999 ascendit
1098 3951 1154 3999 et
1195 3946 1320 4017 ipse
1371 3947 1449 4001 ad
1479 3947 1636 4003 diem
1705 3949 1940 4013 festum,
1995 3953 2101 4007 sed

435 4047 570 4086 cum
599 4048 809 4087 omnes
841 4034 1246 4105 Hierosolyma
1277 4036 1816 4107 proﬁciscerentur,
1844 4038 1973 4109 ipse
2003 4056 2102 4097 va-

433 4120 518 4177 dit
544 4121 601 4176 in
631 4120 951 4185 Galilaeam,
986 4138 1095 4178 nec
1134 4122 1296 4178 solus
1337 4124 1481 4195 ipse,
1531 4125 1631 4180 sed
1682 4132 1737 4180 et
1773 4126 2100 4199 discipulos

438 4210 719 4267 adducit?
745 4213 892 4277 Quia
913 4212 1291 4280 ﬁgurativam
1323 4212 1514 4282 legem
1549 4214 1719 4269 tacite
1741 4215 1864 4284 jam
1894 4216 2100 4272 dissol-

436 4300 629 4365 vebat,
662 4302 974 4357 occasione
998 4307 1235 4372 sumpta
1273 4301 1350 4357 ab
1378 4303 1599 4357 invidia
1626 4304 1991 4361 Judaeorum.

437 4393 563 4445 Non
585 4396 720 4462 post
739 4390 983 4463 longum
1016 4392 1173 4446 enim
1203 4396 1437 4462 tempus
1465 4392 1642 4446 tinem
1677 4400 1803 4447 erat
1858 4393 2100 4465 imposi-

440 4483 608 4534 turus
680 4480 995 4548 ﬁgurativo
1076 4479 1340 4546 Paschm,
1432 4496 1565 4536 vero
1625 4481 1907 4553 deinceps
1992 4492 2099 4539 tra-

442 4567 580 4622 dito.

620 4657 767 4711 CAP.
801 4658 935 4712 VIII.
969 4660 1048 4713 De
1074 4660 1324 4731 quinque
1341 4659 1583 4728 panibus
1612 4666 1667 4717 et
1706 4660 1923 4716 duobus

1153 4748 1393 4819 piscibus

512 4834 674 4888 Vers.
702 4835 753 4888 5.
816 4835 959 4891 Cum
1005 4836 1332 4892 sustulisset
1358 4853 1494 4908 ergo
1549 4869 1616 4878 —
1658 4839 1754 4893 isti
1796 4839 1823 4893 ?
1874 4840 2098 4894 Dictum

442 4928 529 4980 est
558 4922 633 4978 de
662 4922 754 4977 his
784 4923 839 4977 in
875 4922 990 4979 ﬁne
1022 4925 1288 4980 vicesimi
1332 4926 1519 4997 quinti
1570 4928 1779 4997 capitis
1809 4912 2106 4997 Evangelii

436 5013 609 5084 juxta
641 5011 1000 5079 Mattbaeum,
1055 5012 1157 5069 ubi
1184 4989 1440 5070 habetur
1476 5030 1486 5068 :
1528 4989 1689 5071 Jesus
1729 5023 1917 5072 autem
1961 4989 2112 5073 dixz‘

512 5220 533 5255 ⁸
574 5217 770 5277 Matth.
802 5232 903 5282 vn,
926 5216 1016 5286 28,
1048 5219 1136 5283 22,
1192 5221 1280 5273 33.

2196 1728 2398 1796 ἔχοντες
2431 1742 2443 1790 ;

2267 1905 2408 1954 Μετά
2436 1908 2601 1954 ταῦτα
2632 1933 2698 1941 -
2741 1900 3073 1975 Τιϐεριάδος.
3114 1910 3218 1964 Τῆς
3253 1903 3511 1965 θαλάσσης
3543 1911 3626 1963 τῆς
3662 1908 3738 1954 Γα-

2194 1988 2416 2054 λιλαίας,
2441 1993 2561 2047 ἦτοι
2604 2000 2700 2051 τῆς
2730 1988 3056 2063 Τιϐεριάδος.
3090 1992 3376 2044 Θάλασσαν
3397 1994 3491 2063 γὰρ
3520 2000 3597 2051 τῆς
3620 1990 3737 2043 Γαλι-

2193 2078 2338 2138 λαίας
2365 2083 2457 2135 τὴν
2486 2077 2773 2152 Τιϐεριάδα
2802 2079 2986 2151 λίμνην
3018 2086 3197 2152 φησὶν,
3232 2084 3301 2141 ὡς
3322 2080 3369 2132 ἐν
3394 2090 3460 2150 τῷ
3482 2084 3599 2132 κατὰ
3626 2088 3738 2133 Ματ-

2198 2169 2339 2219 θαῐον
2393 2164 2711 2225 δεδήλωται.
2773 2169 2997 2227 Ἀπῆλθε
3052 2166 3110 2221 δε
3142 2169 3246 2222 ἐκεῖ
3290 2170 3661 2241 ὑπεξιστάμενος
3682 2178 3739 2238 τῷ

2198 2259 2343 2328 θυμῷ
2373 2264 2473 2308 τῶν
2506 2256 2774 2331 ἀρχόντων
2806 2267 2897 2310 τοῦ
2927 2259 3075 2323 λαοῦ,
3111 2258 3212 2311 ἀπὸ
3258 2259 3648 2333 τῶνείρημένων,
3673 2257 3744 2309 λο-

2195 2367 2299 2417 γων
2328 2344 2619 2418 ἀναφθέντι.

2272 2440 2371 2487 Καὶ
2404 2466 2467 2475 -
2496 2434 2867 2489 ἀσθενούντων.
2896 2442 3045 2489 Διατί
3075 2437 3169 2489 ούκ
3198 2436 3503 2509 ἀπαγγέλλει
3519 2436 3618 2490 κατ’
3635 2433 3743 2497 εἶδος

2198 2526 2263 2575 τὰ
2295 2531 2486 2595 σημεῖα
2528 2541 2542 2591 ;
2574 2529 2717 2577 Διότι
2769 2527 2794 2577 ό
2825 2526 3198 2597 εύαοχσγελιστης
3248 2528 3394 2587 οὗτος
3422 2532 3531 2599 περὶ
3564 2530 3641 2586 τὰς
3678 2522 3747 2577 δι-

2200 2609 2489 2673 δασκαλίας
2510 2620 2599 2666 καὶ
2626 2611 2959 2687 δημηγορίας
2986 2621 3075 2667 καὶ
3105 2618 3170 2667 τὰ
3212 2613 3455 2688 δόγματα
3482 2615 3647 2687 μᾶλλον
3672 2633 3747 2665 κα-

2200 2706 2481 2772 ταγίνεται.
2516 2706 2611 2755 Διά
2635 2707 2700 2754 τὰ
2724 2711 2918 2775 σημεῖα
2939 2700 2997 2756 δι
3035 2709 3123 2756 καὶ
3149 2704 3210 2756 ού
3263 2702 3357 2757 διὰ
3394 2708 3480 2764 τὰς
3528 2700 3749 2755 διδασκα-

2199 2790 2310 2851 λίας
2335 2793 2359 2842 ό
2392 2791 2545 2862 ὄχλος
2569 2792 2716 2851 οὗτος
2742 2792 3066 2851 ἠκολούθησε
3098 2795 3235 2864 ('29),
3264 2796 3551 2865 παχύτερον
3580 2791 3747 2843 dumi-

2201 2899 2348 2952 μενος
2376 2897 2388 2910 ·
2422 2882 2447 2931 ό
2481 2877 2538 2933 δὲ
2567 2884 2709 2954 παρὰ
2737 2889 2807 2951 τῷ
2865 2884 3138 2953 Ματθαίῳ,
3182 2882 3553 2945 Ἐξεπλησσετο
3583 2882 3656 2932 ἐπὶ
3700 2887 3747 2949 τῇ

2203 2966 2410 3041 διδαχῇ
2446 2978 2535 3021 τού
2567 2978 2819 3043 Σωτῆρος.

2273 3059 2486 3116 Ἀνῆλθε
2535 3090 2597 3099 -—
2633 3059 2814 3113 αὐτοῦ.
2851 3058 3092 3117 ’Δνῆλθεν
3146 3060 3216 3121 εἰς
3264 3065 3323 3113 τὸ
3378 3065 3503 3135 ὅρος,
3534 3054 3753 3112 παιδεύων

2202 3150 2339 3219 ἡμᾶς
2366 3145 2783 3200 διαναπαύεσθαι
2815 3146 2915 3200 ἀπὸ
2945 3158 3045 3201 τῶν
3076 3149 3310 3222 θορύϐων
3341 3155 3427 3201 καὶ
3470 3157 3553 3208 τῆς
3579 3147 3621 3199 ἓν
3641 3149 3754 3219 piae:

2202 3246 2466 3310 ταραχῆς.
2524 3233 2850 3295 Ἐπιτηδειον
2906 3240 3008 3311 γὰρ
3066 3243 3192 3313 πρὸς
3251 3238 3547 3311 φιλοσοφίαν
3589 3240 3614 3295 η
3663 3235 3758 3309 ἕρη-

2205 3330 2322 3397 μία.

2280 3414 2529 3475 Πολλάκις
2571 3412 2629 3467 δι
2659 3420 2748 3467 καὶ
2798 3421 2948 3487 μόνος
2979 3416 3135 3479 αὐτὸς
3159 3420 3218 3468 τὸ
3250 3422 3365 3492 ὅρος
3403 3413 3755 3487 καταλαμϐάνει,

2207 3508 2296 3555 καὶ
2327 3500 2728 3577 διανυκτερεύει,
2757 3510 2844 3557 καὶ
2875 3509 3106 3577 εὔχεται,
3138 3502 3417 3559 διδάσκων
3447 3508 3573 3578 ἡμᾶς
3600 3506 3667 3556 ὅτι
3695 3497 3759 3553 δεῖ

2208 3596 2293 3645 τὸν
2324 3593 2555 3664 μάλιστα
2592 3601 2704 3663 Θεῷ
2735 3599 3018 3667 προσιόντα
3047 3597 3225 3657 πάσης
3285 3595 3613 3666 ἀπηλλάχθαι
3638 3609 3759 3665 ταρα-

2209 3690 2337 3752 χῆς,
2382 3686 2469 3733 καὶ
2496 3686 2649 3733 τόπον
2694 3681 2954 3745 ἐπιζητεῖν
2989 3685 3219 3758 καθαρόν
3255 3684 3477 3759 θορύϐου
3520 3687 3601 3735 καὶ
3631 3698 3757 3753 rapa-

2210 3778 2333 3842 χῆς-

2281 3858 2377 3911 Ἢν
2427 3856 2487 3911 δι
2540 3858 2695 3931 ἐγγύς
2751 3891 2818 3901 -—
2860 3858 3149 3915 Ἰουδαίων.
3208 3862 3318 3916 Καὶ
3376 3870 3485 3923 πῶς
3526 3861 3611 3913 ούκ
3655 3858 3757 3909 ἁνα-

2213 3949 2374 4001 ϐαίνςι
2440 3953 2528 4001 καὶ
2600 3950 2755 4009 αὐτὸς
2840 3950 2909 4011 εἰς
2961 3956 3055 4007 τὴν
3132 3950 3337 4025 ἑορτὴν,
3601 3948 3761 3999 nim»

2211 4037 2549 4110 ἐπειγομένων
2608 4039 2679 4100 εἰς
2733 4042 2797 4090 τὰ
2843 4040 3200 4113 Ἰεροσόλυμα,
3260 4042 3417 4101 αὐτὸς
3477 4044 3666 4114 ἔρχεται
3710 4034 3761 4093 εἰς

2212 4131 2304 4184 τὴν
2332 4127 2605 4179 Γαλιλαίαν
2640 4145 2652 4193 ;
2690 4133 2788 4181 Καὶ
2833 4128 2926 4180 ούκ
2958 4129 3113 4190 αὐτὸς
3151 4133 3333 4201 μόνος,
3385 4128 3511 4180 ἀλλὰ
3559 4132 3635 4178 καὶ
3669 4127 3762 4181 τοὺς

2210 4218 2450 4287 μαθητὰς
2504 4216 2816 4288 ἐπαγόμενος
2865 4237 2878 4284 ;
2930 4222 3071 4269 Διότι
3124 4220 3297 4290 ἠρέμα
3351 4219 3526 4270 λοιπὸν
3572 4214 3763 4276 ύπεξᾶυι

2211 4308 2297 4356 τόν
2337 4309 2553 4357 τυπικὸν
2583 4312 2756 4377 νόμον,
2817 4305 3051 4379 ἀφορμὴν
3104 4306 3383 4378 λαμϐάνων
3433 4306 3529 4358 ἀπὸ
3566 4311 3646 4356 τού
3670 4303 3763 4372 996-

2211 4414 2298 4445 νου
2325 4403 2421 4446 τῶν
2455 4391 2743 4448 Ἰουδαίων.
2785 4400 2879 4448 Καὶ
2906 4398 3007 4468 γὰρ
3035 4395 3127 4447 οὐκ
3154 4396 3222 4456 εἰς
3252 4398 3462 4470 μακρὰν
3491 4393 3644 4467 ἔμελλε
3666 4410 3764 4443 παν·

2216 4484 2367 4539 θῆναι
2404 4487 2461 4534 τὸ
2488 4487 2704 4534 τυπικόν
2749 4486 2963 4553 Πάσχα,
3020 4480 3455 4557 παραδιδομένων
3502 4484 3659 4535 λοιπὸν
3694 4482 3761 4528 τοῦ

2215 4570 2478 4627 ἀληθινοῦ.

2357 4661 2504 4713 Κὶἰψ.
2556 4658 2628 4713 ll'.
2666 4665 2791 4735 Περὶ
2817 4669 2917 4713 τῶν
2946 4664 3092 4713 πέντε
3130 4662 3303 4734 οῖρτων
3331 4668 3422 4714 καὶ
3448 4669 3544 4713 τῶν
3570 4656 3653 4711 δύο

2910 4750 3129 4821 ἰχθύων.

2287 4840 2515 4911 Ἐπάρας
2567 4834 2653 4890 οὖν
2698 4869 2767 4881 —
2830 4838 3020 4905 ούτοι;
3072 4842 3295 4913 Εἴρηται
3343 4844 3464 4914 περὶ
3511 4841 3677 4889 τούτων
3726 4831 3762 4882 έν

2219 4936 2291 4997 τῷ
2331 4927 2456 4979 τέλει
2490 4935 2581 4979 τού
2639 4928 2875 4981 εἰκοστοῦ
2924 4932 3160 5000 πέμπτον
3207 4928 3491 5001 κεφαλαίου
3538 4933 3618 4979 τού
3660 4921 3763 4974 κατά

2220 5018 2507 5085 Ματθαῖον,
2558 5019 2679 5070 ἔνθα
2733 5024 2896 5070 κεῖται
2948 5022 3028 5083 τὸ,
3076 5016 3133 5069 Ὀ
3186 5014 3247 5070 δε
3296 5019 3504 5078 Ἰησοῦς
3559 5013 3673 5069 εἶπεν
3697 5009 3763 5061 αὖ·

1657 5399 1874 5467 Variae
1908 5399 2236 5467 lectiones
2268 5411 2331 5467 et
2376 5407 2581 5467 notae.

514 5599 625 5667 (29)
654 5598 958 5651 Ἠκολούθει
983 5596 1048 5650 Α.
