4038 6226
154 322 161 325 λ
245 250 379 327 1231
1271 248 1643 309 COMMEM‘.
1686 253 1754 309 1N
1789 226 2143 311 JOANNEM.
2185 285 2256 297 —
2295 252 2454 312 CAP.
2494 228 2590 311 Vl.
3499 255 3638 343 1233

244 385 345 442 τοῖς
381 376 517 451 (30),
551 376 626 432 Οὐ
677 381 869 452 χρείαν
913 380 1132 451 ἔχουσιν
1185 377 1444 432 ἀπελθεῖν·
1486 375 1608 432 δότε
1663 378 1825 433 αὐτοῖς

1954 380 2033 437 eis
2067 399 2081 437 :
2121 378 2256 438 Non
2282 385 2362 438 est
2390 380 2514 437 illis
2543 394 2763 439 necesse
2784 379 2999 452 egredi,
3029 381 3171 439 date
3199 396 3298 443 vos
3324 381 3453 441 illis
3472 385 3635 458 quod

248 468 380 540 ὑμεῖς
418 473 620 539 φαγεῖν.

1953 470 2182 526 edant‘.

307 563 467 609 Τοῦτο
517 586 587 598 -
642 560 694 609 τί
755 556 925 630 ἔμελλε
972 565 1157 613 ποιεῖν.
1214 557 1347 611 Ἐκεῖ
1400 563 1491 611 καὶ
1550 563 1667 631 περὶ
1724 579 1825 613 του-

2022 562 2183 615 Vers.
2240 563 2293 615 6.
2345 560 2475 617 Hoc
2500 590 2571 601 —-
2598 560 2699 634 qui
2740 566 2884 618 esset
2903 561 3204 630 facturus.
3264 563 3353 619 lbi
3383 579 3625 637 quoque

241 664 325 697 του
376 641 787 718 διασεσάφηται.
851 649 920 702 Τό
971 642 1052 710 δὲ,
1101 646 1362 719 πειράζων
1410 647 1589 710 αὐτόν,
1641 646 1825 722 ἀνθρω·

1951 649 2025 705 de
2049 649 2163 705 hoc
2190 649 2561 722 disputatum
2602 657 2709 706 est.
2759 649 2932 716 Quod
2993 656 3194 708 autem
3226 653 3325 718 ait,
3377 660 3622 709 tentans

240 742 503 808 ποπρεπῶς
554 738 644 806 μεν
695 742 889 788 νοεῖται
943 738 1080 787 κατὰ
1124 739 1218 794 τὴν
1271 734 1374 788 ἐκεῖ
1422 736 1673 811 ῥηθεῖσαν
1727 736 1825 799 ἐξὴ-

1949 752 2101 801 eum,
2134 738 2406 795 humano
2453 739 2700 812 quidem
2733 739 2917 797 modo
2954 740 3297 812 intelligitur
3316 743 3485 813 juxta
3514 743 3620 799 da-

240 842 412 895 γησιν,
466 824 759 894 θεοπρεπῶς
809 823 889 894 δὲ,
945 823 1055 877 ἀντὶ
1111 831 1224 890 τοῦ,
1273 825 1339 886 εἰς
1383 823 1601 899 ἀπορίαν
1652 825 1839 899 ἐμϐάλ-

238 910 331 963 λων
356 911 531 978 αὐτόν,
566 912 669 976 ἵνα,
720 917 816 972 τὴν
867 912 1088 987 ἀπορίαν
1120 914 1475 986 ὁμολογήσας,
1526 913 1838 990 ἀκριϐέστε-

239 1020 321 1073 ρον
370 1003 646 1075 καταμάθῃ
704 1009 797 1055 τοῦ
851 1002 1120 1075 μέλλοντος
1175 1006 1415 1075 γενέσθαι
1473 1005 1732 1076 θαύματος
1775 1008 1834 1057 τό

237 1092 467 1162 μέγεθος.
519 1090 580 1143 Εἰ
627 1092 729 1165 γὰρ
775 1091 946 1152 ἁπλῶς
992 1091 1208 1163 ἐγένετο,
1260 1092 1353 1144 οὐκ
1396 1094 1457 1144 ἄν
1489 1091 1644 1165 ἐφανη
1684 1093 1835 1152 τηλι-

237 1186 436 1231 κοῦτον·
474 1182 539 1240 ὡς
569 1183 694 1242 Θεὸς
743 1184 844 1254 γὰρ
875 1179 1142 1254 ἐγίνωσκε,
1176 1186 1229 1234 τί
1266 1180 1465 1254 ἔμελλεν
1503 1184 1529 1234 ὁ
1582 1182 1834 1246 Φίλιππος

238 1267 584 1343 ἀποκριθῆναι
596 1313 610 1327 ,

303 1451 439 1499 Φασὶ
493 1443 554 1500 δέ
614 1466 746 1509 τινες
799 1447 881 1501 ὁτι
930 1448 1133 1521 λέγεται
1176 1450 1202 1501 ὁ
1250 1451 1367 1509 Θεὸς
1400 1451 1661 1521 πειράζειν
1714 1454 1829 1503 τινα

233 1537 363 1587 κατὰ
392 1531 490 1587 δύο
520 1541 762 1610 τρόπους,
797 1542 826 1596 ἦ
884 1536 969 1590 ἱνα
1014 1537 1212 1612 [ἐλέγξῃ
1268 1537 1383 1609 (31)
1422 1543 1514 1596 τὴν
1562 1537 1827 1592 ἀσθένειαν

234 1623 393 1676 αὐτοῦ
444 1627 618 1700 ὥσπερ
667 1634 753 1678 νῦν
808 1626 891 1678 ἐπί
937 1636 1028 1680 τοῦ
1087 1627 1366 1695 Φιλίππου,
1411 1631 1442 1686 ἣ
1496 1627 1632 1701 ἵνα]
1677 1625 1822 1702 δείξῃ

234 1717 323 1771 τὸν
374 1710 616 1788 ἀνδρείαν
674 1716 856 1777 αὐτοῦ,
905 1718 1085 1791 ὥσπερ
1119 1717 1281 1770 πάλαι
1311 1716 1395 1769 ἐπὶ
1440 1724 1530 1770 τοῦ
1565 1717 1823 1791 Ἀϐραάμ.
1856 1717 1900 1772 Β

234 1806 528 1874 Γέγραπται
554 1806 656 1876 γὰρ
702 1803 780 1856 ὃτι
810 1810 899 1858 καὶ
928 1803 1192 1877 ἐπείραζεν
1224 1807 1249 1857 ό
1282 1809 1413 1868 Θεὸς
1451 1810 1536 1859 τόν
1564 1806 1821 1880 Ἀϐρααμ,

231 1894 308 1944 ὅτε
340 1888 551 1951 δηλαδὴ
584 1891 862 1965 ἀνενεγκεῖν
902 1894 1040 1965 αὐτῷ
1070 1899 1156 1947 τὶν
1186 1897 1296 1948 υἱόν
1324 1895 1484 1949 αὐτοῦ
1514 1896 1587 1959 εὶς
1616 1896 1828 1971 ὁλοκαρ-

232 2000 399 2034 πωσιν
426 1981 700 2035 ἐνετέλλετο
731 1983 865 2055 (3‘2).

295 2070 577 2142 Ἀπεκρίθη
646 2104 714 2111 —
777 2070 931 2144 λάϐῃ.
998 2070 1134 2142 Ὀρα
1208 2077 1300 2131 τὴν
1394 2072 1659 2127 ἀσθένειαν
1729 2083 1826 2137 τῆς

231 2156 468 2221 διανοίας
512 2168 604 2212 τοῦ
657 2160 915 2215 Φιλίππου
967 2166 1035 2234 μὴ
1085 2158 1389 2223 δυνηθέντος
1438 2161 1677 2221 ἐννοῆσαι
1730 2169 1824 2223 τὴν

229 2244 451 2321 δύναμιν
480 2258 571 2311 τῆς
602 2251 842 2312 θεότητος
878 2251 1059 2306 αὐτοῦ.

293 2342 453 2410 Λέγει
505 2369 571 2379 —
630 2342 952 2407 τοσούτουςς
996 2341 1082 2393 Ἐν
1136 2347 1208 2410 τῷ
1265 2340 1485 2411 εἰκοστῷ
1544 2341 1674 2412 ἕκτῳ
1738 2360 1825 2393 κε-

226 2426 428 2499 φαλαίῳ
481 2435 572 2479 τοῦ
617 2430 891 2482 Ματθαίου
939 2430 1053 2498 (33)
1103 2434 1192 2481 καὶ
1230 2434 1346 2502 περὶ
1393 2432 1580 2482 τούτου
1630 2426 1824 2488 διείλη-

224 2535 375 2573 πται,
432 2515 778 2591 ’Υψηλοτέραν
826 2520 915 2589 μεν
951 2513 1039 2569 οὖν
1080 2519 1210 2589 ἔσχε
1246 2516 1481 2570 διάνοιαν
1511 2521 1537 2571 ὁ
1577 2515 1824 2594 Ἀνδρέας

223 2608 366 2680 παρὰ
399 2610 486 2657 τόν
545 2605 815 2659 Φίλιππον·
857 2606 951 2658 οὐκ
998 2608 1187 2678 ἔφθασε
1229 2603 1288 2659 δὲ
1335 2611 1466 2681 πρός
1511 2611 1569 2660 τό
1612 2607 1824 2664 τέλειον.

226 2692 467 2766 Ἐνόριισε
552 2697 653 2768 γὰρ
734 2697 814 2747 ὅτι
885 2693 986 2748 ἀπὸ
1069 2698 1161 2768 μὲν
1236 2694 1512 2748 ἐλαττόνων
1583 2696 1827 2750 ἐλάττονα

223 2789 458 2850 ποιήσει,
513 2782 614 2836 ἀπὸ
672 2780 731 2837 δὲ
781 2784 1022 2837 πλειόνων
1077 2784 1290 2838 πλείονα
1337 2787 1475 2857 (34).
1531 2789 1625 2839 Διά
1673 2794 1825 2839 τοῦτο

223 2874 563 2945 προσέθηκεν·
624 2872 780 2925 Ἀλλὰ
835 2880 998 2926 ταῖτα
1052 2878 1103 2925 τί
1172 2872 1311 2927 ἐστιν
1383 2875 1451 2937 είς
1507 2877 1821 2943 τοσούτους;

1950 831 2072 883 tam
2121 825 2203 882 ibi
2255 827 2691 884 enarrationem
2749 847 2762 888 :
2823 828 3030 884 divino
3069 834 3267 885 autem
3311 831 3515 895 modo,
3551 834 3618 887 ut

1947 916 2323 971 tantumdem
2355 917 2450 981 sit,
2470 931 2540 971 ac
2568 917 2614 971 si
2638 916 2874 972 dicatur
2905 935 2917 972 :
2954 919 3015 971 In
3030 917 3507 989 desperationem
3539 918 3614 973 de

1944 1004 2212 1060 remedio
2241 1020 2378 1060 eum
2413 1005 2757 1075 conjiciens,
2801 1010 2869 1061 ut
2897 1006 3377 1077 desperationem
3418 1007 3611 1063 fassus

1943 1092 2286 1162 diligentius
2305 1093 2895 1164 cognosceret,fuisse
2917 1094 3460 1168 miraculum,quod
3479 1097 3609 1163 ipse

1948 1180 2213 1237 facturus
2250 1188 2410 1248 erat;
2444 1198 2584 1239 nam
2614 1182 2662 1237 si
2684 1189 2987 1255 utcunque
3028 1182 3250 1239 factum
3280 1189 3454 1248 esset,
3498 1201 3598 1241 ne-

1941 1286 2247 1342 quaquam
2277 1271 2389 1327 tale
2407 1271 2802 1344 apparuisset.
2825 1271 3129 1344 Siquidem
3146 1278 3428 1345 tanquam
3451 1275 3604 1331 Deus

1938 1365 2210 1430 noverat,
2250 1360 2398 1433 quid
2426 1376 2824 1432 responsurus
2872 1367 3031 1418 esset
3060 1354 3383 1435 Philippus.

1981 1448 2188 1504 .Aiunt
2244 1454 2444 1506 autem
2482 1448 2757 1522 quidam,
2797 1449 2965 1522 quod
2996 1450 3150 1505 Deus
3183 1450 3440 1523 aliquem
3472 1456 3599 1508 ten-

1937 1541 2059 1592 tare
2081 1537 2320 1594 'dicitur
2348 1537 2589 1593 duobus
2648 1538 2843 1594 modis
2871 1554 2884 1592 :
2931 1538 3102 1594 velut
3133 1539 3597 1597 imbecillitatem

1935 1627 2061 1696 ejus
2101 1634 2336 1697 arguat,
2379 1627 2535 1684 sicut
2563 1642 2725 1683 nunc
2755 1627 2814 1683 in
2862 1626 3139 1701 Philippo
3173 1645 3189 1696 ;
3230 1628 3322 1685 vel
3354 1636 3412 1685 ut
3441 1629 3596 1685 illius

1936 1714 2343 1772 fortitudinem
2360 1715 3163 1787 ostendat,quemadmodum
3182 1716 3325 1773 olim
3346 1716 3399 1772 in
3415 1718 3598 1774 Abra-

1937 1803 2420 1876 hamgscriptum
2472 1810 2561 1861 est
2607 1805 2791 1870 enim,
2838 1805 3003 1878 quod
3060 1806 3238 1862 etiam
3292 1806 3598 1862 tentaverit

1940 1897 2092 1949 Deus
2124 1894 2444 1961 Abraham,
2476 1911 2615 1953 cum
2667 1895 2875 1951 offerre
2899 1896 2949 1950 ei
2974 1894 3163 1951 ﬁlium
3207 1912 3367 1952 suum
3393 1897 3455 1952 in
3486 1896 3593 1953 ho-

1935 1982 2271 2039 locaustum
2301 1983 2581 2057 praecepit
2622 1986 2666 2039 ⁷.

2006 2074 2164 2127 Vers.
2192 2077 2245 2126 7.
2279 2073 2588 2145 Respondit
2614 2103 2684 2115 —
2722 2073 3003 2142 accipiat.
3034 2072 3175 2129 Vide
3226 2072 3592 2130 imbecillita-

1936 2166 2054 2216 tem
2083 2161 2295 2217 mentis
2327 2161 2590 2234 Philippi,
2631 2162 2732 2235 qui
2765 2163 3047 2219 virtutem
3084 2160 3411 2219 divinitatis
3462 2160 3602 2237 ejus

1932 2246 2251 2322 intelligere
2294 2266 2416 2305 non
2452 2240 2701 2322 poterat.

1944 2398 1965 2410 υ
2009 2337 2168 2394 Vers.
2218 2342 2271 2394 8.
2323 2339 2481 2395 Dicit
2525 2370 2592 2381 —
2645 2339 2808 2395 Vers.
2864 2343 2914 2394 9.
2977 2340 3194 2395 multo:
3243 2341 3272 2396 Ἰ
3304 2340 3594 2397 Vicesimo

1935 2434 2100 2498 sexto
2138 2427 2333 2500 capite
2387 2427 2683 2498 Evangelii
2720 2429 2891 2499 juxta
2943 2428 3278 2484 Matthaeum
3313 2429 3491 2485 etiam
3520 2431 3595 2487 de

1936 2516 2042 2571 hoc
2071 2516 2440 2587 disputatum
2493 2523 2599 2572 est.
2635 2516 3033 2573 Excelsiorem
3078 2517 3277 2590 itaque
3335 2525 3592 2576 mentem

1935 2606 2191 2663 habebat
2224 2607 2491 2662 Andreas
2520 2621 2709 2678 quam
2760 2605 3065 2677 Philippus
3119 2621 3131 2660 :
3162 2606 3240 2661 ad
3279 2605 3338 2661 id
3371 2613 3590 2676 tamen,

1934 2695 2100 2767 quod
2150 2696 2479 2767 perfectum
2529 2701 2675 2760 erat,
2736 2710 2854 2749 non
2902 2694 3246 2763 attingebat.
3296 2694 3605 2767 Cogitabat

1936 2784 2091 2838 enim
2136 2784 2303 2856 quod
2351 2800 2423 2840 ex
2486 2783 2869 2856 paucioribus
2921 2783 3208 2854 pauciora
3244 2782 3479 2851 faceret,
3531 2801 3599 2840 ex

1937 2871 2210 2944 pluribus
2259 2879 2460 2929 autem
2517 2873 2711 2945 plura.
2777 2871 2916 2926 Ideo
2944 2871 3125 2926 etiam
3162 2872 3459 2928 addebat:
3490 2873 3602 2930 Sed

1942 2960 2074 3025 hac,
2116 2962 2275 3033 quid
2300 2967 2432 3016 sunt
2462 2962 2620 3017 inter
2649 2967 2764 3016 tam
2802 2960 3014 3015 multos
3045 2959 3073 3017 ?

296 3047 424 3103 Εἷπε
450 3082 518 3090 —
556 3050 997 3124 πεντακισχίλιοι.
1030 3052 1114 3104 Ἐν
1145 3060 1215 3123 τῷ
1248 3049 1529 3110 δηλωθέντι
1566 3053 1825 3125 κεφαλαίῳ

2010 3051 2172 3106 Vers.
2208 3052 2290 3107 10.
2324 3050 2485 3107 Dixit
2513 3081 2583 3091 —
2625 3048 2933 3122 quinquies
2980 3047 3157 3106 mille.
3189 3048 3465 3106 Praedicta
3506 3067 3603 3107 ca-

223 3139 544 3213 πλατύτερον
582 3145 700 3213 περί
728 3143 918 3193 τούτων
949 3144 1172 3213 εῖρηται.
1206 3142 1316 3195 Οὐκ
1345 3141 1740 3217 εθορυϐηθησαν
1766 3137 1827 3193 δι

222 3230 268 3281 οἱ
294 3230 556 3301 μαθηταὶ,
604 3228 707 3281 ἀλλ’
758 3229 951 3282 αὐτίκα
995 3236 1202 3301 γνόντες
1242 3232 1322 3284 ὅτι
1354 3232 1825 3304 θαυματουργῆσαι

218 3318 414 3390 μέλλει,
447 3315 783 3382 ἀδιστάκτως
813 3320 1143 3377 ὑπήκουσαν,

283 3494 481 3551 Έλαϐε
530 3526 599 3535 —
652 3495 850 3555 ἤθελον.
919 3496 998 3550 Ἐν
1065 3498 1237 3568 ἐκείνῳ
1282 3501 1372 3549 καὶ
1436 3502 1554 3571 περὶ
1628 3499 1821 3549 τούτων

215 3586 483 3659 εὑρήσεις.

220 3732 229 3737 λ
277 3674 374 3735 Ὠς
428 3702 499 3715 -
554 3671 897 3747 βεϐρωκόσιν.
954 3672 1173 3742 Ὁμοίως
1245 3678 1335 3727 καὶ
1404 3680 1522 3747 περὶ
1600 3678 1814 3731 τούτων.

212 3761 483 3816 Ἐκέλε-υσε
565 3758 624 3816 δε
696 3770 1006 3835 συναγαγεῖν
1084 3765 1148 3814 τὰ
1211 3767 1651 3837 περισσεύσαντα,
1722 3765 1818 3818 οὐκ

211 3848 518 3914 ἐπιδείξεως
564 3852 746 3919 ἕνεκεν,
780 3850 888 3902 ἀλλ’
937 3852 1019 3903 ἱνα
1064 3855 1137 3924 μὴ
1190 3848 1317 3925 δόξῃ
1368 3858 1629 3923 φαντασία
1659 3873 1733 3914 τις
1760 3858 1817 3906 τό

208 3945 497 4012 γενόμενον.
555 3939 639 4003 Ἐξ
704 3941 1041 4007 ὑποκειμένης
1110 3936 1168 3993 δε
1236 3940 1363 4000 ὕλης
1426 3939 1674 3998 ἐπλήθυνε
1728 3948 1816 3995 καὶ

206 4033 320 4090 τοὺς
356 4030 553 4103 ἄρτους
581 4033 671 4082 καὶ
722 4032 842 4091 τοὺς
883 4029 1094 4101 ἰχθύας,
1152 4024 1226 4081 δι’
1266 4028 1392 4081 αὐτό
1438 4048 1491 4081 τε
1520 4038 1691 4099 τοῦτο,
1726 4035 1815 4083 καὶ

207 4119 290 4170 ἵνα
343 4121 585 4191 ἱμφραγῇ
649 4119 715 4170 τὰ
770 4122 1009 4190 στόματα
1068 4125 1168 4170 τῶν
1217 4124 1628 4191 Μαρκιωνιστών
1676 4119 1809 4189 (35).

205 4208 395 4269 οἰτινες
422 4203 458 4260 δ
464 4205 770 4259 ιαϐάλλουσι
799 4211 893 4266 τὴν
921 4212 1116 4271 κτίσιν,
1141 4206 1411 4282 ληροῦντες
1442 4208 1522 4260 ὅτι
1548 4206 1642 4259 οὐκ
1673 4209 1811 4259 ἔστιν

205 4297 339 4355 αὕτη
376 4301 581 4370 ποίημα
610 4303 700 4348 τοῦ
732 4303 885 4350 Θεοῦ.

273 4480 343 4530 Οἱ
386 4507 454 4517 -
509 4479 727 4549 κόσμον.
765 4482 833 4528 Ὤ.
882 4472 1150 4550 προδήλου
1188 4480 1609 4550 γαστριμαργίας
1646 4475 1657 4529 l
1701 4496 1807 4548 μυ·
1843 4427 1886 4480 D

198 4571 293 4640 ρία
338 4569 434 4640 μὲν
493 4570 738 4638 πρότερον
795 4567 1196 4639 θαυμαστότερα
1260 4568 1444 4618 τούτου
1502 4567 1806 4637 θεασάμενοι

200 4652 358 4708 οὐδὲν
387 4662 617 4707 τοιοῦτον
651 4654 1017 4727 ὡμολόγησαν·
1070 4657 1153 4708 ὅτε
1195 4651 1253 4707 δι
1284 4653 1657 4719 ἐνεπλὴθησαν,
1691 4660 1805 4707 τότε

199 4753 390 4798 τοῦτον
420 4740 549 4797 εἶναι
593 4748 679 4797 τόν
705 4750 976 4817 προφήτην
1023 4744 1213 4816 ile-you,
1254 4748 1340 4796 τὸν
1373 4741 1805 4819 προσδοκώμενον

198 4834 386 4894 αὐτοῖς
418 4831 518 4887 ἀπὸ
546 4842 641 4897 τῆς
666 4834 927 4896 Μωΰσέως
967 4832 1288 4905 ἐπαγγελίας.

272 5023 296 5058 ⁸
322 5019 534 5078 Matth.
564 5036 679 5088 xxv,
715 5021 800 5077 16.
875 5022 894 5055 τ
931 5020 1075 5078 Gen.
1112 5036 1245 5085 xm.
1286 5024 1331 5076 t.

1934 3138 2054 3211 pite
2079 3138 2253 3195 latius
2284 3139 2354 3194 de
2384 3139 2477 3195 his
2504 3139 2731 3195 dictum
2753 3143 2858 3194 est.
2892 3140 3021 3193 Non
3060 3145 3198 3194 sunt
3250 3143 3449 3194 autem
3483 3145 3600 3196 tur-

1932 3227 2055 3283 bati
2093 3228 2391 3301 discipuli,
2438 3228 2544 3284 sed
2574 3229 2845 3299 protinus
2877 3226 3120 3297 cognito
3147 3227 3311 3299 quod
3344 3228 3598 3284 miracu-

1934 3315 2058 3372 lum
2089 3324 2442 3389 operaturus
2491 3322 2663 3382 esset,
2695 3317 2926 3388 absque
2958 3314 3078 3372 ulla
3103 3315 3439 3373 haesitantia
3459 3317 3601 3374 obe-

1932 3404 2223 3462 diverunt.

2004 3495 2164 3551 Vers.
2200 3496 2256 3550 tt
2303 3494 2542 3564 Accepit
2581 3523 2648 3534 —
2673 3493 2945 3549 volebant.
2986 3495 3045 3548 In
3080 3507 3151 3549 eo
3182 3493 3376 3566 capite
3415 3495 3594 3552 etiam

1929 3584 2006 3642 de
2034 3585 2126 3641 his
2161 3585 2451 3641 invenies.

2001 3675 2161 3731 Vers.
2194 3678 2277 3730 t2.
2350 3674 2518 3730 Ut—
2582 3671 2749 3729 Vers.
2816 3675 2904 3730 13.
2937 3673 3042 3744 qui
3093 3671 3478 3729 comederunt.
3513 3672 3599 3727 Si-

1927 3763 2143 3820 militer
2172 3770 2227 3820 et
2256 3763 2330 3819 de
2375 3763 2489 3819 his.
2521 3762 2707 3818 Jussit
2731 3767 2931 3819 autem
2982 3761 3175 3829 colligi
3215 3778 3351 3835 quae
3383 3760 3595 3832 super-

1928 3852 2177 3918 fuerant,
2213 3870 2331 3908 non
2364 3851 2780 3908 ostentationis
2811 3851 3020 3921 gratia,
3047 3850 3151 3906 sed
3176 3866 3248 3905 ne
3274 3849 3597 3921 phantasia

1926 3949 2259 4015 appareret,
2288 3942 2452 4015 quod
2508 3941 2730 3997 factum
2782 3947 2928 3996 erat.
2964 3939 3042 3994 Ex
3073 3939 3340 4011 subjecta
3392 3945 3595 3995 autem

1927 4033 2174 4087 materia
2204 4032 2315 4103 (qq)
2338 4037 2392 4086 et
2421 4046 2611 4102 panes
2640 4028 3057 4100 multiplicavit
3106 4035 3162 4082 et
3201 4028 3394 4099 pisces
3427 4044 3438 4080 :
3469 4043 3593 4084 non

1923 4121 2089 4191 quod
2121 4121 2371 4175 materia
2412 4120 2723 4188 indigeret,
2775 4119 2926 4173 sicut
2964 4132 3158 4189 neque
3214 4124 3347 4189 post
3398 4133 3592 4172 resur-

1921 4209 2241 4264 rectionem
2274 4223 2428 4279 Opus
2470 4207 2551 4262 illi
2596 4206 2706 4261 fuit
2747 4205 3012 4272 materia,
3055 4204 3156 4259 sed
3196 4212 3259 4258 ut
3287 4220 3393 4260 ora
3445 4206 3582 4259 Mar-

1921 4296 2309 4352 cionistarum
2334 4294 2687 4356 Obstrueret.
2721 4293 2825 4365 qui
2856 4297 3187 4348 creaturam
3212 4291 3590 4347 calumnian-

1920 4388 2014 4440 tur
2051 4383 2391 4450 delirantes,
2413 4381 2738 4438 asserendo
2758 4396 2881 4437 non
2909 4394 3037 4435 esse
3060 4396 3097 4435 a
3126 4382 3242 4435 Deo
3273 4378 3511 4434 factam.

1991 4474 2157 4530 Vers.
2190 4472 2388 4529 14.Ilti
2412 4469 2801 4526 —mundum.
2836 4471 2879 4526 Ο
2902 4468 3279 4524 manifestam
3303 4466 3586 4538 gulosita-

1921 4563 2086 4633 teml
2141 4579 2276 4619 cum
2330 4562 2639 4617 innumera
2690 4558 2857 4632 prius
2912 4557 3221 4623 vidissent,
3293 4572 3422 4628 quas
3473 4556 3583 4613 hoc

1915 4657 2083 4708 erant
2113 4651 2499 4717 mirabiliora,
2550 4648 2696 4704 nihil
2735 4648 2848 4703 tale
2887 4646 3145 4703 confessi
3199 4651 3335 4701 sunt
3378 4662 3391 4701 :
3443 4662 3581 4702 cum

1914 4746 2116 4797 autem
2145 4739 2372 4813 impleti
2403 4743 2561 4803 sunt,
2594 4744 2735 4792 tunc
2765 4737 2925 4793 hunc
2956 4752 3085 4791 esse
3110 4734 3461 4808 prophetam
3491 4734 3582 4789 di-

1914 4834 2149 4894 xerunt,
2182 4830 2284 4902 qui
2323 4844 2391 4884 ex
2417 4829 2587 4885 Mosie
2612 4824 3012 4899 promissione
3050 4823 3129 4881 ab
3159 4825 3243 4880 eis
3274 4830 3583 4897 exspecta-

1914 4920 2109 4977 batur.

1415 5116 1638 5186 Varim
1676 5116 2004 5186 lectiones
2037 5124 2103 5184 et
2149 5124 2355 5184 notae.

272 5265 394 5333 (30)
427 5263 576 5336 Δότῷ
604 5263 673 5317 Α.
824 5266 825 5269 “
1650 5282 1653 5289 -

264 5335 391 5407 (31)
424 5334 654 5407 Inclusa
677 5332 1025 5390 exciderunt
1052 5335 1115 5390 A.
1148 5334 1275 5390 Mox
1305 5332 1517 5405 legitur
1554 5331 1800 5398 ibidem,

194 5402 453 5480 adhuc}
482 5402 722 5480 ἀνδρίαν.

270 5478 393 5551 (32)
422 5476 735 5532 Ἐντίλλεται
767 5482 828 5531 Α.

2007 5328 2095 5388 34λ
2132 5334 2350 5388 Ποιήσει
2379 5328 2548 5384 addit
2578 5331 2641 5382 Α.

2010 5261 2079 5316 33
2134 5265 2240 5313 Τοῦ
2268 5258 2404 5310 κατὰ
2426 5257 2692 5311 Ματθαῶν
2721 5256 2788 5312 Α.

1986 5260 2101 5402 ἕθιζ
2132 5334 2350 5388 Ποιήσει
2379 5328 2548 5384 addit
2578 5331 2641 5382 Α.

2010 5261 2079 5316 33
2134 5265 2240 5313 Τοῦ
2268 5260 2404 5310 κατὰ
2426 5260 2629 5311 Ματθαὶ

1986 5260 2104 5474 ἕθιξ
2132 5334 2350 5388 Ποιήσει
2379 5328 2548 5384 addit
2578 5331 2620 5382 Α

1986 5406 2076 5474 (35
2132 5407 2533 5475 Μαρκιανιστῶν
2563 5404 2629 5455 Α.

267 5604 395 5676 (qq)
410 5603 547 5659 Non
569 5602 724 5676 quod
746 5633 811 5676 —-_
830 5601 1103 5676 materia.
1131 5599 1579 5675 Etpropterhoc
1602 5600 1929 5673 ipsummet
1966 5601 2030 5653 ut
2069 5611 2253 5653 ora...
2300 5593 2421 5651 Alia
2436 5594 2534 5652 hic
2562 5593 2623 5651 in
2654 5610 2763 5652 suo
2789 5594 3044 5662 codices,
3077 5591 3242 5662 haud
3270 5588 3539 5661 absurda

192 5667 446 5733 videtur
472 5667 768 5732 invenisse
797 5667 1106 5745 interpres.
