4038 6226
453 210 477 272 1
488 212 592 272 239

526 345 689 399 Vers.
728 346 810 400 l5.
841 341 1005 400 Jesus
1027 374 1091 385 —
1113 342 1295 399 solus.
1325 341 1503 414 Papae
1542 340 1554 399 l
1588 346 1812 415 quanta
1834 346 1921 397 est
1970 322 2118 413 gulae
2157 338 2200 393 A

455 431 991 506 tyrannis,quanta
1016 438 1101 487 est
1123 433 1336 487 mentis
1353 432 1600 487 istorum
1620 432 1825 487 levitas
1844 449 1911 486 ac
1934 437 2119 487 muta-

456 524 653 579 bilitas
682 524 710 579 ?
741 524 964 595 repleto
1014 523 1170 577 enim
1229 529 1427 577 ventre
1472 523 1675 577 omnia
1728 521 1842 576 illis
1887 527 2030 585 erat,
2064 526 2121 575 et

456 612 745 686 prOpheta
785 616 838 666 et
890 628 1074 684 regno
1132 611 1375 684 dignus.
1434 610 1697 666 Christus
1758 627 1900 666 vero
1950 611 2114 680 fugit,

456 701 777 759 ostendens
826 700 1134 769 fugiendas
1164 717 1295 755 esse
1345 701 1661 773 dignitates
1693 702 2016 766 humanas,
2053 717 2120 756 ac

457 796 721 845 terrenos
770 790 1049 855 honores,
1108 797 1162 845 et
1212 790 1628 862 despiciendas
1669 806 1795 846 esse
1840 806 1971 863 quae
2024 790 2119 845 hic

457 879 612 935 clara
652 882 810 934 sunt.

528 968 705 1040 Atqui
739 968 1024 1039 prOpheta
1064 969 1210 1024 dixit
1258 987 1269 1024 :
1308 971 1449 1024 Ecce
1506 986 1613 1026 rex
1647 978 1782 1024 tuus
1819 970 1976 1025 venit
2008 970 2122 1025 tibi

456 1064 786 1112 mansuetus
810 1058 850 1111 ⁸.
875 1058 987 1113 Sed
1011 1074 1261 1130 regnum
1294 1059 1441 1113 dixit
1466 1058 1719 1124 caeleste,
1748 1060 1820 1113 de
1848 1075 1968 1131 quo
1995 1058 2120 1130 ipse

457 1162 700 1273 (μιωὲθὲ
738 1145 1004 1203 Christus
1031 1148 1110 1203 ait
1143 1167 1154 1207 :
1186 1148 1429 1220 Regnum
1455 1164 1643 1205 meum
1674 1165 1783 1203 non
1804 1154 1882 1205 est
1912 1164 1986 1204 ex
2016 1148 2121 1204 hoc

457 1235 588 1273 mun
637 1234 665 1271 ο
698 1256 711 1271 .

457 1234 711 1273 ηιαηαον.

746 1395 899 1451 CAP.
929 1397 1015 1449 ιχ.
1062 1396 1137 1450 De
1163 1394 1542 1451 ambulatione
1580 1396 1637 1451 in
1666 1397 1830 1451 mari.

533 1486 698 1538 Vers.
758 1486 839 1539 16.
897 1485 963 1539 At
1019 1483 1116 1538 ubi
1156 1515 1221 1524 —
1254 1484 1418 1539 Vers.
1482 1489 1562 1539 17.
1609 1487 1996 1555 Capernaum.
2042 1488 2117 1541 De

460 1572 818 1628 scenderunt
847 1588 967 1627 non
992 1578 1205 1643 sponte
1243 1589 1373 1637 sua,
1403 1573 1503 1628 sed
1533 1573 1611 1629 ab
1629 1590 1697 1628 eo
1720 1574 1928 1629 coacti.
1966 1574 2119 1629 Dixit

458 1661 615 1716 enim
658 1662 963 1717 Matthaaus
1010 1662 1296 1733 praedicto
1349 1662 1632 1717 vicesimo
1673 1669 1836 1717 sexto
1870 1663 2056 1733 capite
2097 1682 2109 1719 :

458 1751 775 1822 Statimque
816 1752 1094 1819 compulit
1149 1753 1308 1806 Jesus
1338 1750 1657 1821 discipulos,
1697 1759 1758 1806 ut
1793 1754 2116 1807 conscende-

458 1848 585 1897 rent
598 1842 895 1910 navigium
910 1846 960 1894 et
979 1857 1031 1895 se
1046 1841 1427 1911 praecederent
1450 1842 1509 1897 in
1533 1843 1869 1897 ulteriorem
1897 1843 2112 1908 ripam.

460 1929 637 1985 donec
675 1930 973 1984 dimisisset
1015 1931 1214 1984 turbas
1243 1947 1255 1983 :
1290 1946 1525 2002 cumque
1552 1931 1861 1987 dimisisset
1891 1932 2112 1995 turbas,

459 2019 717 2074 ascendit
749 2019 810 2074 in
860 2026 1101 2076 montem
1143 2022 1373 2075 seorsim
1433 2020 1510 2074 ad
1562 2022 1871 2076 orandum.
1939 2019 2113 2077 Facta

458 2115 651 2165 autem
689 2124 931 2178 vespera
971 2110 1125 2165 solus
1165 2116 1289 2165 erat
1331 2110 1456 2166 illic
1486 2111 1551 2161 ¹ο.

531 2289 749 2341 Horum
783 2286 1051 2341 omnium
1088 2302 1303 2342 causas
1334 2287 1414 2342 ibi
1437 2287 1931 2357 signiﬁcavimus,
1972 2295 2026 2346 et
2053 2290 2118 2344 il-

458 2374 546 2429 las
572 2375 721 2445 lege.
754 2374 995 2430 Attende
1014 2392 1150 2431 vero
1172 2376 1337 2447 quod
1367 2386 1685 2448 postquam
1714 2377 1921 2433 turbas
1944 2377 2117 2435 dimi-

458 2463 650 2529 sisset,
684 2480 820 2519 cum
853 2468 1091 2536 stupore
1136 2466 1365 2535 signum
1400 2466 1677 2521 admirati
1711 2473 1866 2531 sunt,
1902 2468 2003 2523 ubi
2036 2469 2111 2525 ad

457 2569 521 2609 se
560 2560 754 2608 mente
784 2553 1119 2619 rediissent,
1170 2560 1225 2609 et
1255 2555 1467 2610 reverti
1502 2556 1893 2613 decreverunt
1923 2574 1991 2613 ac
2022 2575 2111 2614 ra-

456 2658 596 2715 pere
626 2659 784 2712 eum,
815 2646 878 2699 ut
909 2648 1176 2699 crearent
1205 2644 1404 2716 ipsum
1441 2661 1657 2716 regem.

530 2821 690 2877 Vers.
722 2822 806 2877 17.
832 2822 1048 2891 Etjam
1075 2822 1338 2878 tenebra’.
1369 2824 1615 2879 —Vers.
1648 2828 1734 2878 2t.
1772 2825 1954 2880 ibant.
1984 2826 2113 2881 Non

456 2911 794 2967 veneratad
840 2927 951 2977 eos,
987 2912 1098 2966 hoc
1128 2918 1235 2977 est,
1270 2928 1387 2966 non
1430 2920 1790 2985 apparuerat
1816 2914 1921 2980 eis,
1964 2916 2115 2970 sicut

455 2999 843 3070 postmodum
902 3000 1058 3069 fecit,
1113 2999 1216 3055 sed
1284 3002 1550 3068 permisit
1608 2999 1709 3058 eos
1764 3003 1994 3059 tentari.
2048 3005 2110 3059 In

456 3088 573 3143 fine
631 3095 830 3144 autem
894 3090 1334 3162 praememorati
1397 3091 1661 3147 vicesimi
1713 3093 1858 3147 sexti
1902 3093 2110 3165 capitis

457 3176 753 3248 Evangelii
814 3178 1145 3233 secundum
1201 3179 1554 3243 Matthzeum,
1612 3186 1669 3236 et
1700 3182 1983 3237 vicesimo
2028 3199 2114 3237 se-

453 3267 641 3338 ptimo
693 3267 768 3322 de
816 3268 910 3323 his
955 3267 1237 3323 omnibus
1280 3268 1560 3324 invenies.
1620 3271 1757 3335 Quae
1824 3288 1958 3326 vere
2023 3288 2112 3327 se-

452 3363 738 3428 quuntur,
773 3356 1445 3427 praetermisitJoannes,
1478 3364 1675 3429 utpote
1710 3359 1787 3414 ab
1817 3359 1945 3415 aliis
1977 3377 2114 3417 con-

455 3444 692 3516 scripta.
743 3444 945 3517 Itaque
976 3460 1047 3500 ea
1105 3443 1330 3511 scribit,
1372 3461 1505 3518 quae
1564 3446 1635 3501 ab
1695 3446 1823 3502 aliis
1886 3448 2115 3503 omissa

457 3539 643 3589 erant.

526 3622 643 3677 Nos
686 3637 827 3689 ergo
884 3621 1031 3677 alios
1080 3626 1452 3678 enarratores
1494 3624 1699 3692 secuti,
1749 3625 2115 3681 ostendimus

455 3711 612 3765 hanc
659 3710 840 3765 fuisse
896 3711 1443 3767 deambulationem
1503 3729 1681 3785 super
1724 3730 1888 3769 mare
1936 3732 2113 3787 quam

458 3800 763 3856 Matthmus
802 3804 855 3855 et
885 3803 1112 3857 Marcus
1155 3802 1519 3873 scripserunt
1552 3805 1615 3859 ¹¹.

530 3977 979 4050 Chrysostomus
1043 3995 1178 4035 vero
1230 3981 1572 4051 conjectaus
1630 3983 1708 4038 ait
1739 3982 1895 4039 hanc
1936 3983 2114 4040 aliam

460 4068 642 4124 fuisse
663 4068 740 4123 ab
764 4068 861 4124 illa
890 4086 903 4124 :
934 4068 1252 4125 verisimile
1277 4071 1434 4125 enim
1465 4086 1616 4135 esse,
1640 4073 1799 4143 quod
1834 4073 1929 4129 illa
1953 4073 2114 4145 prius

460 4156 648 4213 fuerit.
680 4157 898 4213 Deinde
930 4163 1059 4230 post
1088 4158 1314 4229 aliquot
1344 4159 1472 4214 dies
1504 4160 1689 4215 turbae
1729 4160 2117 4219 decreverunt

461 4246 1206 4319 utraperenteum,veluti
1257 4246 1484 4302 dictum
1521 4253 1609 4304 est
1661 4266 1832 4321 ;quo
1882 4252 2116 4323 cognito

458 4352 663 4391 rursus
695 4335 954 4392 Christus
982 4337 1037 4391 in
1064 4340 1324 4391 montem
1353 4336 1770 4393 discessitcum
1787 4339 2113 4411 discipulis,

459 4425 661 4498 ibique
687 4425 849 4481 solus
882 4426 1137 4491 secessit,
1171 4428 1295 4480 sive
1324 4426 1382 4481 in
1424 4428 1619 4498 quiete
1647 4428 1753 4483 fuit
1796 4446 1808 4483 :
1848 4429 2121 4501 discipuli

465 4530 595 4569 vero
613 4514 751 4569 inde
774 4514 1296 4570 descenderuntad
1316 4531 1500 4578 mare,
1520 4515 1593 4569 de
1606 4516 1717 4571 hoc
1732 4516 1804 4572 ad
1817 4519 2042 4585 moniti,
2068 4525 2121 4575 rt

461 4617 790 4657 conscensa
806 4602 939 4657 navi
956 4608 1241 4658 venerunt
1257 4605 1650 4673 Capernaum,
1672 4610 1959 4673 putantes,
1986 4623 2119 4661 eum

460 4690 720 4763 pedestri
760 4691 957 4746 itinere
990 4697 1307 4746 venturum
1341 4709 1353 4759 ;
1390 4690 1485 4745 sed
1516 4708 1755 4747 rursum
1789 4710 1907 4749 non
1940 4696 2121 4750 multo

462 4784 595 4852 post
624 4779 685 4835 in
716 4780 867 4835 mari
898 4780 973 4835 ad
996 4780 1123 4835 illos
1155 4781 1328 4835 venit.
1375 4780 1441 4834 Et
1471 4786 1712 4851 propter
1744 4783 1876 4848 hoc,
1910 4785 2119 4856 inquit,

461 4868 835 4940 Evangelista
859 4869 939 4923 ait
964 4870 1009 4905 ¹¹
1044 4885 1055 4925 :
1091 4871 1310 4938 Etjam
1343 4868 1587 4924 tenebrw
1606 4877 1791 4934 erant,
1827 4888 1929 4928 nec
1958 4889 2121 4929 vene-

460 4967 552 5015 rat
592 4959 771 5017 adeos
798 4958 973 5024 Iesus,
1008 4974 1076 5014 ac
1099 4957 1382 5030 deinceps
1411 4958 1703 5013 accidisse
1717 4959 1857 5016 dicit
1876 4961 2122 5034 reliqua,

527 5155 548 5191 ⁸
575 5152 816 5211 Zachar.
842 5168 923 5224 ix,
961 5153 1015 5208 9.
1095 5156 1114 5188 ο
1146 5155 1319 5212 Joan.
1345 5167 1511 5221 XVIII,
1545 5160 1633 5212 36.

1808 211 2147 271 EUTHYMII
2187 208 2513 268 ZIGABENI

1715 5156 1759 5192 ¹⁰
1792 5156 1989 5213 Matth.
2043 5174 2160 5227 Juv,
2190 5162 2277 5226 22,
2307 5164 2393 5216 23.

3629 209 3731 270 1240

2302 339 2507 398 Ἰησοῦς
2549 368 2616 377 -—
2676 338 2850 409 μόνος.
2900 332 3067 389 Βαϐαῖ
3112 334 3125 392 l
3163 338 3297 396 πόση
3343 344 3424 399 τῆς
3474 357 3736 414 γαστριμαρ-

2229 432 2347 499 γίας
2394 430 2423 485 ἡ
2478 430 2713 498 τυραννίς
2758 425 2939 485 ῑπόση
2990 434 3086 487 τῆς
3136 432 3340 498 γνώμης
3381 430 3549 478 τούτων
3596 431 3619 486 ἡ
3671 431 3735 481 εὖ·

2232 514 2425 570 κολίαῑ
2482 523 2585 575 Τῆς
2637 518 2865 587 γαστρὸς
2922 517 3023 589 γὰρ
3082 513 3463 588 ἓμπλησθείσης,
3510 519 3651 568 πάντα
3693 516 3737 576 ἦν

2231 606 2406 667 αύτοῖς
2459 604 2591 676 (36),
2650 609 2739 655 καὶ
2790 610 3078 678 προφήτης,
3121 610 3209 656 καὶ
3254 602 3499 676 βασιλείας
3538 605 3738 667 ἅξιος.’0

2232 692 2289 747 δὲ
2330 697 2560 767 Χριστὸς
2608 696 2803 765 φεύγει,
2852 690 3113 745 παιδεύων
3165 697 3357 765 φεύγειν
3404 691 3462 745 τά
3505 692 3743 765 ἀνθρώπινα

2230 781 2503 855 ἀξιώματα
2552 786 2641 833 καὶ
2675 784 2764 842 τὰς
2810 784 3023 853 γηῖνούς
3062 783 3217 853 τιμὰς
3246 786 3331 833 καὶ
3357 790 3647 855 καταφρονεῖν
3668 792 3742 834 τῶν

2230 870 2449 925 ἐνταῦθα
2472 870 2742 945 λαμπρῶν.

2304 963 2404 1017 Καὶ
2460 964 2560 1032 μὴν
2620 961 2644 1010 ὁ
2700 964 2970 1032 προφήτης
3040 955 3194 1012 εἶπεν⁹

2232 1069 2325 1102 σου
2384 1053 2596 1124 ἔρχεταί
2664 1069 2748 1101 σοι
2796 1050 2978 1120 πραῢς.
3035 1047 3193 1101 Ἀ)λὰ
3254 1047 3503 1121 βασιλείαν
3548 1044 3637 1101 εἶπε
3676 1056 3748 1106 τὴν

3276 958 3309 1013 Ἰ
3319 955 3404 1011 δον
3465 959 3487 1011 ὁ
3547 958 3748 1031 βασιλεύς

2228 1139 2485 1212 οὖράνιον,
2544 1144 2658 1211 περὶ
2708 1139 2773 1199 ἧς
2823 1143 2911 1190 καὶ
2965 1137 3119 1200 αύτός
3160 1137 3321 1209 ἔλεγεν
3370 1140 3393 1189 ὁ
3448 1142 3662 1211 Χριστός·
3706 1138 3750 1191 Ἡ

2230 1227 2477 1301 βασιλεία
2547 1230 2576 1286 ἡ
2656 1225 2750 1300 ἐμὴ
2825 1227 2919 1279 οὐκ
2985 1228 3125 1279 ἔστιν
3198 1226 3252 1278 ἐκ
3309 1234 3393 1279 τοῦ
3445 1232 3619 1299 κόσμον
3660 1230 3750 1279 τού-

2228 1337 2341 1374 του.

2410 1408 2559 1461 ΚΕΦ.
2596 1403 2677 1459 ϐ’.
2714 1409 2838 1479 Περὶ
2871 1411 2962 1456 τοῦ
2993 1405 3040 1456 ἐν
3072 1405 3311 1478 θαλάσσῃ
3334 1407 3612 1479 περιπάτου.

2295 1494 2384 1559 Ὣς
2438 1491 2495 1548 δὲ
2543 1526 2611 1535 -—
2658 1498 3021 1569 Καπερναούμ.
3091 1494 3391 1553 Κατέϐησαν
3435 1495 3529 1567 οὐχ
3580 1495 3754 1557 ἑκόντες,

2229 1584 2334 1637 ἀλλ’
2394 1583 2804 1655 ἀναγκασθέντες
2846 1583 2932 1635 ὑπ’
2979 1583 3159 1635 αὐτοῦ.
3206 1587 3391 1658 Εῖρηκε
3437 1586 3529 1657 γὰρ
3580 1585 3601 1635 ὁ
3649 1590 3758 1637 Ματ-

2153 1694 2194 1746 B
2230 1676 2374 1733 θαῐος
2424 1671 2473 1725 ἐν
2518 1680 2588 1742 τῷ
2646 1673 2853 1747 ῥηθέντι
2926 1671 3141 1742 εἰκοστῷ
3220 1674 3346 1743 ἕκτῳ
3409 1672 3654 1745 κεφαλαίῳ,
3700 1675 3760 1724 ὅτι

2230 1766 2329 1813 Καὶ
2395 1760 2581 1824 εὐθέως
2656 1764 2945 1832 ἠνάγκασεν
3017 1764 3041 1812 ὁ
3111 1762 3313 1822 Ἰησοῦς
3392 1766 3503 1823 τοὺς
3568 1764 3762 1833 μαθητὰς

2227 1849 2446 1921 ἐμϐῆναι
2500 1850 2566 1911 εἰς
2616 1855 2674 1902 τὸ
2733 1850 2932 1915 πλοῖον,
2987 1856 3076 1902 καὶ
3129 1853 3373 1925 προάγειν
3421 1851 3560 1902 αὐτὸν
3614 1851 3670 1912 εἰς
3718 1854 3763 1901 τὸ

2227 1943 2405 2011 πέραν,
2469 1940 2561 2010 ἓῳς
2624 1940 2683 1990 οὗ
2756 1938 2991 2011 ἀπολύσῃ
3065 1944 3181 2000 τούς
3260 1939 3460 2011 ὀχλους.
3518 1945 3606 1992 Καὶ
3670 1937 3765 1990 um-

2227 2027 2387 2088 λύσας
2466 2032 2588 2090 τούς
2658 2029 2872 2101 ὄχλους,
2940 2027 3090 2086 ἀνέϐη
3154 2030 3225 2089 εἰς
3298 2034 3354 2080 τὸ
3421 2034 3523 2103 ὅρος
3569 2024 3765 2081 κατιδίαδ

2227 2118 2640 2190 προσεύξασθαι.
2742 2117 2927 2189 Ὀψίας
3024 2114 3083 2171 δὲ
3176 2123 3446 2190 γενομένης
3533 2115 3586 2176 ἦν
3689 2118 3769 2170 έκιί

2226 2210 2395 2279 μόνος.

2296 2298 2502 2348 Τούτων
2558 2291 2617 2348 δὲ
2672 2297 2874 2348 πάντων
2931 2299 3017 2356 τὰς
3085 2295 3257 2358 αἰτίας
3316 2292 3629 2368 ἐδηλώσαμεν
3674 2295 3767 2361 ἐκεῖ,

2226 2389 2315 2436 καὶ
2368 2382 2626 2455 ἀνάγνωθι
2674 2388 2887 2447 ταύτας.
2924 2385 3239 2443 Ἐπίστησον
3306 2382 3365 2438 δὲ
3416 2387 3491 2439 ὅτι
3537 2387 3647 2457 μεθὸ
3690 2383 3768 2435 ὰπ-

2226 2473 2401 2526 ἐλυσεν
2457 2473 2664 2538 αύτούς,
2733 2474 3220 2547 ύπερεξεπλάγησαν
3282 2478 3342 2527 τό
3411 2484 3626 2547 σημεῖον,
3679 2474 3768 2525 καθ’

2227 2561 2441 2624 ἑαυτοὺς
2501 2567 2781 2635 γενόμενοι,
2841 2568 2929 2615 καὶ
2994 2562 3171 2615 λοιπὸν
3247 2562 3601 2617 ἐϐουλεύσαντο
3648 2582 3771 2635 στρα-

2227 2658 2383 2724 φῆναι
2412 2656 2500 2704 καὶ
2541 2650 2775 2725 ἁρπάσαι
2829 2652 3006 2719 αὐτὸν,
3060 2654 3141 2704 ἵνα
3183 2658 3480 2712 ποιήσωσιν
3528 2651 3663 2704 αὐτὸν
3700 2650 3774 2723 βα-

2229 2740 2391 2794 σιλέα.

2299 2834 2397 2882 Καὶ
2455 2834 2636 2882 σκοτία
2692 2826 2798 2888 ἤδη
2873 2861 2939 2870 —
2997 2831 3219 2901 ὑπῆγον.
3299 2863 3358 2871 -
3427 2830 3532 2883 Ούκ
3589 2828 3777 2886 ἐληλύθει

2226 2921 2351 2991 πρὸς
2412 2918 2613 2985 αύτούς,
2674 2918 2786 2971 ἀντὶ
2863 2926 2975 2985 τοῦ,
3048 2919 3158 2972 Ούκ
3221 2918 3444 2992 ἐπεφάνη
3506 2922 3681 2983 αύφοίς,
3725 2921 3777 2975 ὡς

2227 3004 2466 3065 ἐποίησεν
2523 3007 2756 3080 {ia-tepor
2808 3007 2915 3060 ἀλλ’
2974 3007 3163 3080 ἀφῆκεν
3217 3009 3413 3072 αύτούς
3461 3008 3773 3083 πειράζεσθαι.

2227 3096 2306 3148 Ἐν
2360 3104 2430 3167 τῷ
2495 3096 2623 3148 τελει
2693 3094 2750 3149 δε
2822 3105 2912 3149 τοῦ
2977 3101 3518 3172 προμνημονευθέντος
3588 3098 3780 3149 εἰκοστοῦ

2224 3185 2373 3237 ἕκτου
2422 3184 2721 3257 κεφαλαίου,
2780 3190 2869 3237 καὶ
2914 3186 2962 3238 ἐν
3034 3195 3105 3257 τῷ
3174 3186 3397 3257 εἰκοστῷ
3455 3182 3644 3259 ἑϐδόμῳ
3687 3186 3780 3255 περὶ

3085 3278 3162 3327 Τὰ
3220 3276 3345 3339 ἑξῆς
3404 3272 3463 3328 δὲ
3516 3284 3715 3347 παρῆκεν
3762 3274 3782 3323 ὁ

2227 3362 2486 3427 Ἰωάννης,
2542 3366 2607 3425 ὡς
2662 3370 2770 3424 τοῖς
2846 3364 3013 3424 ἄλλοις
3078 3367 3443 3437 ἱστορηθέντα.
3500 3370 3593 3417 Καὶ
3638 3363 3780 3415 λοιπὸν

2228 3454 2423 3527 ἱστορεῖ
2447 3456 2513 3504 τὰ
2537 3451 2749 3515 ἐκείνοις
2781 3456 3063 3523 παρεθέντα
3083 3454 3218 3525 (37).

2224 3276 2427 3326 πάντων
2482 3278 2675 3327 τούτων
2748 3276 3007 3349 εὑρήσεις.

2295 3624 2468 3699 Ἡμεῖς
2529 3630 2619 3699 μὲν
2666 3624 2774 3693 οὖν,
2825 3634 2933 3689 τοῖς
2976 3627 3148 3690 ἄλλοις
3195 3628 3484 3701 ἐξηγηταῖς
3546 3628 3786 3683 ἁκολουθιί·

2228 3735 2420 3783 σαντες,
2468 3713 2809 3789 ἀπεδείξαμεν
2852 3721 2939 3770 τὸν
2987 3718 3142 3769 αὐτὸν
3191 3716 3323 3771 εἶναι
3378 3718 3460 3773 ἐπὶ
3504 3727 3594 3779 τῆς
3632 3717 3785 3769 θαλάσ-

2227 3826 2325 3868 σης
2378 3811 2680 3880 περίπατον,
2742 3806 2794 3858 ὃν
2838 3807 2864 3858 ὁ
2908 3809 3179 3870 Ματθαῖος
3230 3815 3323 3862 καὶ
3378 3810 3404 3861 ὁ
3462 3810 3656 3883 Μάρκος
3704 3803 3787 3856 ὀφέ·

2223 3896 2458 3971 79st“?-

2293 3984 2351 4035 σο
2380 3981 2438 4037 δὲ
2475 3986 2591 4056 (38)
2637 3992 3008 4060 Χρυσοπομος
3060 3988 3452 4059 στοχαζόμενος
3482 4006 3627 4061 φησιν
3655 3986 3785 4058 ἕτερον

2226 4071 2353 4126 εἶναι
2420 4081 2598 4126 τοῦτον
2666 4075 2786 4146 παρ’
2850 4074 3056 4130 ἐκεῖνον.
3102 4076 3256 4138 Εἰκὸς
3295 4080 3401 4151 γὰρ
3462 4076 3635 4129 ἐκεῖνον
3681 4075 3787 4143 γενέ-

2230 4165 2353 4216 σθαι
2401 4168 2665 4236 πρότερον·
2723 4171 2832 4216 εἶτα
2882 4164 2995 4236 μεθ’
3052 4166 3251 4237 ἡμέρας
3300 4170 3449 4229 τινας
3491 4170 3607 4227 τοὺς
3634 4162 3789 4235 ὄχλους

2230 4251 2621 4324 βουλεύσασθαι
2672 4253 2909 4325 ἁρπάσαι
2968 4253 3145 4319 αὐτὸν,
3202 4256 3269 4315 ὡς
3320 4260 3548 4329 εἷρηται,
3592 4260 3671 4305 καὶ
3709 4252 3789 4301 λοι-

2229 4345 2344 4408 πὸν,
2402 4347 2586 4413 γνόντα
2632 4350 2782 4395 τούτο
2836 4347 2920 4394 τὸν
2976 4347 3228 4415 Χριστὸν,
3299 4342 3455 4407 αὖθις
3512 4341 3787 4417 διαπερᾶσαι

2234 4436 2360 4503 πρὸς
2414 4435 2471 4481 τὸ
2518 4433 2633 4501 ὁρος
2681 4434 2811 4503 μετὰ
2869 4440 2967 4483 τῶν
3019 4433 3286 4504 μαθητῶν,
3346 4439 3440 4485 καὶ
3490 4432 3791 4505 ἀναχωρῆσαι

2235 4518 2336 4571 ἐκεῖ
2385 4526 2555 4590 μόνον,
2592 4524 2753 4572 εἷτουν
2783 4522 3067 4592 ἡσυχάσαι
3112 4526 3284 4593 μόνον·
3343 4527 3467 4584 τοὺς
3505 4519 3562 4576 δὲ
3594 4520 3789 4593 μαθητάς

2234 4606 2418 4659 ἐκεῖθεν
2476 4607 2765 4667 καταϐῆναι
2814 4611 2897 4661 ἐπὶ
2940 4614 3033 4667 την
3086 4609 3381 4679 θάλασσαν,
3450 4615 3793 4687 προτραπέντας

2231 4704 2399 4763 τοῦτο,
2454 4702 2541 4748 καὶ
2595 4697 2847 4769 ἐμϐάντας
2885 4698 2949 4758 εἰς
3007 4702 3063 4750 τὸ
3123 4699 3319 4767 πλοῖον,
3394 4701 3642 4775 ἔρχεσθαι
3691 4700 3789 4769 πρὸς

2236 4791 2328 4843 τὴν
2388 4791 2745 4858 Καπερναούμ,
2822 4788 3083 4859 οἰομένους
3150 4789 3303 4840 αὑτὸν
3374 4792 3623 4851 πεζεῦσαι
3672 4786 3792 4840 πεῖλω

2236 4877 2317 4926 ἐπὶ
2366 4883 2457 4936 τῆς
2507 4877 2772 4935 θαλάσσης
2824 4883 2911 4928 καὶ
2965 4876 3123 4928 ἐλθεῖν
3182 4882 3313 4952 πρὸς
3375 4880 3566 4941 αὐτούς
3618 4877 3696 4930 οὐκ
3742 4874 3791 4932 εἰς

2237 4966 2460 5036 μακράν⁸
2509 4961 2602 5016 διὰ
2640 4973 2792 5017 τοῦτο
2830 4968 2929 5038 γὰρ
2976 4972 3065 5018 καὶ
3128 4969 3211 5018 τὸν
3252 4968 3629 5041 εύαγγελιπήν
3672 4971 3792 5019 εἰπεῖν

2474 5162 2515 5198 ’1
2550 5168 2724 5218 Marc.
2754 5177 2832 5230 Vl,
2864 5164 2929 5218 47
2959 5177 3124 5235 seqq.
3204 5163 3250 5199 ¹²
3282 5162 3437 5220 Ibid.
3471 5164 3555 5221 17.

1662 5334 1885 5405 Variae
1929 5335 2260 5408 lectiones
2307 5349 2370 5407 et
2425 5344 2628 5408 notae.

525 5532 639 5603 (36)
678 5530 847 5595 Αὐτός
884 5534 949 5584 Α.

526 5604 639 5676 (37)
670 5605 998 5681 Παρεαθέντα
1027 5606 1089 5657 Α.

2294 5554 2410 5627 (38)
2436 5556 2601 5612 Tom.
2632 5556 2770 5627 vm,
2804 5571 2863 5628 ι).
2899 5556 3001 5610 255
3042 5554 3108 5609 ι).
