4038 6226
213 272 338 331 1241

209 403 289 456 ὅτι
347 405 448 456 Καὶ
509 405 694 456 σκοτία
762 398 870 464 ἤδη
932 400 1170 478 ἕγεγόνει,
1252 409 1340 458 καὶ
1398 404 1492 458 οῦκ
1572 403 1805 464 ἐληλύθει

1921 405 2072 462 sicut
2091 406 2190 471 hic
2221 405 2459 479 scripsit
2489 423 2502 475 ;
2532 411 2590 464 et
2613 407 2674 464 in
2700 407 2796 465 illa
2821 409 3058 483 quidem
3082 407 3570 468 deambulatione

208 496 332 566 πρός
405 491 596 553 αὐτούς
667 494 692 544 6
769 493 991 563 Ἰησοῦς,

207 585 375 643 καθὼς
405 583 555 643 οὗτος
586 582 796 657 ἔγραψε.
852 589 952 636 Καὶ
1004 583 1086 636 ἐπὶ
1142 587 1230 656 μὲν
1280 583 1473 637 ἐκείνου
1525 593 1615 637 τοῦ
1662 604 1804 656 περι-

1068 500 1158 547 καὶ
1224 497 1289 547 τὰ
1353 494 1510 548 λοιπὰ
1564 498 1806 567 γενέσθαι

206 675 372 724 πάτου
411 675 533 733 τους
573 674 814 744 μαθητὰς
861 671 1177 741 φοϐηθέντας
1235 671 1542 748 ἀνακραγεῖν
1567 692 1580 705 ⁶
1615 675 1700 727 ἐπὶ
1748 671 1807 727 δε

206 764 393 813 τούτου
461 760 752 833 φοϐηθῆναι
821 767 996 834 μόνον,
1058 761 1328 825 ἐλάττονος
1393 762 1549 835 φόϐου
1601 769 1805 836 γενομέ-

204 871 292 902 νου
347 848 440 902 διὰ
478 856 571 908 τὴν
612 847 719 910 ἤδη
779 853 1087 910 συνήθειαν⁸
1123 857 1212 904 καὶ
1265 851 1368 905 ἐκεῖ
1422 856 1512 926 μὲν
1557 853 1802 915 εἰπόντος’

208 940 338 1011 Ἐγὼ
404 940 532 1010 εἶμι,
589 945 661 1012 μὴ
723 940 982 1013 φοϐεῖσθε,
1051 945 1194 994 οὔπω
1252 941 1750 1018 ἕπληροφορήθησαν
1789 962 1802 977 ·

205 1026 291 1083 διό
343 1034 434 1082 καὶ
482 1031 506 1081 6
559 1034 750 1103 Πέτρος
802 1030 988 1102 ἔλεγεν,
1042 1034 1217 1104 Κύριε,
1256 1031 1299 1084 εἰ
1351 1036 1414 1084 σὺ
1467 1028 1528 1099 εἷ,
1567 1033 1805 1086 κελευσόν

201 1139 266 1190 με
334 1121 465 1194 πρὸς
541 1122 595 1172 σε
667 1117 825 1173 ἐλθεῖν
899 1119 982 1172 ἐπὶ
1035 1123 1100 1172 τὰ
1180 1117 1388 1174 ὕδατα·
1450 1120 1669 1174 ένταῦθα
1747 1118 1806 1174 δὲ

203 1208 392 1269 εὐθέως
445 1207 966 1282 έπληροφορήθησαν,
1029 1207 1214 1271 ἐθάδες
1268 1209 1446 1262 λοιπόν
1493 1214 1754 1283 γενόμενοι
1788 1226 1801 1242 ⁶

198 1301 292 1350 καὶ
319 1302 434 1350 τότε
467 1300 557 1369 μεν
587 1297 680 1349 οὐκ
711 1296 960 1350 ἐκόπασεν
992 1299 1018 1350 6
1049 1299 1234 1370 ἄνεμος
1260 1299 1420 1373 ἄχρις
1462 1298 1522 1350 ἂν
1572 1299 1803 1359 εἰσῆλθεν

200 1384 270 1446 εἰς
327 1387 385 1438 τό
444 1385 638 1438 πλοῖον·
712 1394 801 1438 νῦν
861 1383 919 1440 δὲ
985 1393 1316 1458 φωνήσαντος
1372 1391 1545 1461 μόνον,
1605 1389 1801 1459 γαλήνη

196 1479 379 1545 γέγονε
409 1487 422 1502 ⁸
460 1479 545 1526 καὶ
575 1471 698 1528 οὐδὲ
719 1476 952 1535 εἰσῆλθεν
983 1476 1050 1537 εἰς
1078 1480 1136 1528 τὸ
1166 1476 1360 1545 πλοῖον,
1409 1476 1537 1530 ἀλλά
1565 1477 1804 1531 θελόντων

196 1563 376 1616 λαϐεῖν
401 1563 576 1631 αὐτόν,
607 1564 733 1617 αὐτό
763 1585 816 1618 τε
858 1566 931 1628 εἰς
975 1571 1068 1625 τὴν
1111 1573 1207 1638 γῆν
1253 1565 1452 1636 έξῆλθε,
1505 1572 1595 1619 καὶ
1653 1567 1804 1630 αὐτὸς

199 1651 376 1705 ὀπίσω
402 1654 580 1708 αὐτοῦ.

269 1750 348 1816 Τῇ
401 1742 642 1819 ἐπαύριον
693 1775 756 1786 -
808 1745 1034 1803 Ἰησοῦν.
1091 1743 1292 1817 Ὀχλον
1341 1745 1597 1804 ἑστηκότα
1643 1751 1802 1820 πέραν
1836 1762 1880 1817 Β

194 1839 292 1893 τῆς
371 1832 637 1894 θαλάσσης
686 1833 821 1905 λέγει
885 1837 1005 1894 τοὺς
1057 1832 1291 1896 ἐλθόντας
1344 1834 1579 1909 ἁρπάσαι
1622 1836 1795 1903 αὐτόν,

197 1923 285 1974 ἱνα
369 1928 664 1979 ποιήσωσιν
734 1923 886 1975 αὐτόν
945 1922 1184 1978 ϐασιλέα.
1262 1926 1343 1982 Μὴ
1409 1926 1631 1998 εὑρόντες
1697 1929 1797 2001 γὰρ

1287 2010 1703 2084 διαλογιζόμενοι
1748 2018 1799 2065 τί

193 2104 398 2172 γέγονε.
465 2105 610 2152 Δοκεῖ
661 2097 747 2152 οὖν
818 2099 1058 2154 έλλείπειν
1133 2103 1158 2152 6
1215 2101 1384 2172 λόγος.

195 2011 379 2081 αὐτόν,
447 2011 654 2063 ἵσταντο
713 2009 763 2063 ἐν
834 2019 905 2082 τῷ
964 2011 1202 2083 αἰγιαλῷ,

1469 2108 1639 2161 Μήπω
1698 2104 1798 2176 γὰρ

194 2187 514 2250 ἀναπαύσας
578 2195 759 2241 τοῦτον
817 2191 842 2241 6
899 2189 1295 2262 εῦαγγελιστὴς,
1356 2187 1509 2252 αὖθις
1562 2191 1799 2266 ἑτέρωθεν

192 2277 418 2351 ἤρξατο,
480 2277 652 2330 εἰπών’
713 2277 837 2331 Ὅτε
892 2275 980 2331 οὖν
1039 2275 1174 2332 εἶδεν
1228 2281 1254 2331 6
1321 2279 1476 2350 ὄχλος
1547 2284 1626 2332 ὅτι
1700 2281 1801 2338 Ἰη-

196 2373 329 2428 σοῦς
362 2367 455 2419 ούκ
486 2369 624 2419 ἔστιν
655 2366 778 2437 ἐκεῖ,
818 2372 908 2421 καὶ
935 2371 998 2420 τὰ
1030 2368 1168 2432 ἑξῆς,
1201 2375 1395 2442 Σχῆμα
1420 2366 1480 2422 δέ
1507 2368 1620 2421 ἔστι
1649 2377 1801 2422 τοῦτο

197 2461 509 2529 συντομίας.

271 2549 344 2597 Τό
405 2542 482 2610 δὲ,
545 2545 706 2598 Ἀλλα
761 2542 820 2599 δὲ
887 2543 1010 2604 ἦλθε
1065 2546 1313 2622 πλοιάρια
1373 2544 1428 2598 έκ
1495 2544 1802 2622 Τιϐεριάδος

197 2632 358 2705 ἔγγὺς
435 2643 527 2687 τοῦ
584 2639 768 2699 τόπου,
836 2636 964 2688 ὅπου
1041 2638 1226 2708 ἔφαγον
1302 2639 1389 2688 τὸν
1467 2637 1644 2709 ἄρτον,
1727 2635 1802 2689 sv)-

196 2727 641 2796 χαριστὴσαντος
693 2731 784 2776 τοῦ
837 2729 1028 2797 Κυρίου
1079 2725 1218 2796 (39),
1267 2724 1616 2797 μεταξυλογία
1669 2724 1805 2778 ἐστὶν

198 2812 276 2874 εἰς
326 2808 560 2870 δήλωσιν
601 2820 693 2865 τοῦ
738 2814 949 2887 ὕστερον
993 2810 1152 2866 έλθεῖν
1212 2814 1361 2869 αῦτά.
1421 2819 1555 2874 Τέως
1611 2810 1662 2866 δ’
1719 2811 1806 2866 οὖν

199 2900 606 2976 ἐξαπορηθέντες
690 2903 1034 2954 ὑπώπτευσαν
1096 2904 1176 2954 ὅτι
1251 2901 1522 2964 ἐπέζευσεν
1583 2901 1665 2954 ἐπὶ
1714 2911 1810 2964 τῆς

201 2989 508 3051 θαλάσσης.
579 2993 673 3043 Διὰ
725 2999 879 3043 τοῦτο
935 2994 1036 3064 γὰρ
1093 2997 1184 3044 καὶ
1246 2989 1400 3050 ἦλθον
1474 2992 1546 3053 εἰς
1600 2998 1806 3064 Καπερ·

195 3083 372 3150 ναοῦμ
410 3082 683 3144 ζητοῦντες
712 3080 866 3133 αὐτόν
899 3100 913 3113 ·
947 3082 1052 3133 ἐκεῖ
1097 3083 1196 3153 γὰρ
1237 3084 1302 3133 τὰ
1329 3079 1492 3133 πολλὰ
1522 3078 1558 3134 δ
1561 3079 1806 3154 ιατρίϐειν
1839 3109 1880 3166 C

196 3168 395 3222 εἰώθει.

274 3262 377 3310 Καὶ
446 3258 676 3332 εὑρόντες
734 3289 799 3298 -
855 3258 1253 3330 γέγονας;οῦκ
1320 3263 1600 3333 ηρώτησαν
1653 3257 1806 3309 αὐτόν

194 3355 304 3408 πῶς
338 3343 511 3410 διέϐη,
548 3349 630 3399 ἶνα
670 3352 728 3400 τό
765 3344 1070 3406 τηλικοῦτον
1113 3354 1327 3420 σημεῖον
1368 3349 1627 3420 μάθωσιν,
1686 3344 1808 3399 οὐδε

192 3441 317 3510 περὶ
375 3443 468 3496 τῆς
537 3434 811 3508 βασιλείας
886 3433 1047 3503 εἶπον,
1119 3435 1248 3488 ἀλλὰ
1319 3444 1488 3488 ταῦτα
1567 3439 1808 3509 παρέντες

193 3525 427 3600 ἤρξαντο
498 3524 811 3593 κολακεύειν,
872 3525 1118 3597 λέγοντες·
1181 3530 1313 3579 Πότε
1378 3522 1468 3578 οὖν
1527 3528 1637 3594 (40)
1704 3520 1806 3576 ὧδε

195 3618 576 3687 παραγέγονας,
687 3614 857 3667 λαθών

199 3720 338 3771 σου;
392 3703 724 3756 Ἐκολάκευον
775 3700 856 3772 δὲ,

194 3795 523 3868 παραθήσει.
595 3792 769 3856 Ἀπαξ
839 3795 941 3865 γὰρ
1016 3791 1411 3864 ἐμπλησθέντες,
1483 3798 1572 3846 καὶ
1629 3791 1807 3844 λοιπόν

194 3882 620 3954 λιχνευσάμενοι,
641 3882 801 3934 τᾶλλα
823 3884 990 3934 πάντα
1005 3879 1221 3956 δεύτερα
1247 3881 1501 3954 ἐνόμιζον.
1527 3883 1603 3934 Οῦ
1623 3885 1807 3942 πάντες

198 3968 246 4024 δ’
240 3991 260 4024 ε
290 3968 427 4030 ἦσαν
459 3969 526 4023 τᾶ
552 3979 768 4024 τοιαῦτα
795 3971 1248 4043 ἐξαμαρτάνοντες.
1299 3976 1464 4045 Πέραν
1500 3967 1560 4023 δε
1606 3971 1806 4042 λέγεται

965 3615 1102 3687 ἡμᾶς

938 3704 1022 3756 ἵνα
1090 3703 1244 3756 πάλιν
1295 3705 1556 3778 τράπεζαν
1636 3703 1809 3763 αὐτοῖς

1197 3618 1320 3676 τοὺς
1401 3613 1807 3688 ἐκκρεμαμένους

199 4061 444 4135 ἑκάτερον
503 4069 603 4113 τῶν
651 4059 728 4113 ἐπ’
774 4060 974 4123 εὐθείας
1028 4059 1382 4133 ἀντικειμένων
1431 4061 1664 4132 περάτων
1712 4068 1807 4120 τῆς

201 4149 496 4216 θαλάσσης,
531 4147 813 4210 δηλοῦντος
856 4157 945 4202 τοῦ
991 4152 1226 4202 τοιούτου
1277 4149 1524 4221 ὀνόματος
1576 4155 1662 4199 νῦν
1715 4151 1804 4220 μεν

198 4248 376 4307 τοῦτο,
404 4247 492 4291 νῦν
524 4236 583 4292 δε
610 4237 792 4294 έκεῖνο.

269 4419 555 4492 Ἀπεκρίθη
630 4446 700 4458 -
771 4415 1152 4491 έχορτάσθητε.

200 4506 394 4580 ὁμαλόν
425 4507 484 4559 οὗ
514 4514 791 4578 πανταχοῦ
829 4511 1124 4581 χρήσιμον,
1177 4504 1287 4557 ἀλλ’
1327 4507 1444 4558 ὅταν
1492 4507 1518 4557 6
1566 4505 1804 4576 μαθητὴς

199 4600 385 4669 παχὺς
428 4599 504 4654 εἴη
537 4601 627 4648 καὶ
656 4598 838 4666 νωθὴς,
890 4601 1005 4649 τότε
1047 4600 1258 4669 κέντρου
1317 4600 1478 4670 χρεία
1530 4602 1600 4665 τῷ
1652 4590 1804 4646 διδα-

204 4687 401 4758 σκάλῳ,
470 4691 559 4739 καὶ
623 4685 778 4757 λόγου
840 4685 1262 4758 πληκτικωτέρου
1334 4689 1460 4757 πρός
1537 4688 1595 4736 τό
1658 4685 1805 4736 καθι-

199 4778 389 4829 κεσθαι
423 4779 512 4827 καὶ
566 4771 818 4847 διεγεῖραι
865 4774 1043 4840 αὐτόν,
1089 4776 1210 4846 ὅπερ
1256 4775 1281 4825 6
1329 4774 1533 4833 Ἰησοῦς
1586 4771 1807 4824 ἐνταῦθα

1235 4417 1308 4470 Τό
1388 4417 1615 4489 προσηνε
1627 4435 1647 4476 ς
1716 4419 1805 4467 καὶ

1837 4463 1881 4516 D

200 4871 499 4929 πεποίηκεν,
568 4865 677 4936 ἅμα
723 4869 812 4937 μὲν
866 4863 1182 4922 ἐπιπλήττων
1236 4864 1412 4925 αὐτοῖς
1467 4866 1536 4924 ὡς
1573 4862 1798 4933 κόλαξιν,

200 4956 314 5027 ἅμα
373 4951 432 5007 δε
483 4959 573 5006 καὶ
631 4959 725 5012 τὴν
781 4960 992 5027 γνώμην
1059 4953 1227 5004 αὐτῶν
1295 4951 1665 5004 ἀνακαλύπτων
1718 4957 1808 5004 καὶ

201 5043 559 5116 ἀμφοτέρωθεν
635 5042 821 5104 αύτούς
881 5039 1270 5118 διορθούμενος.
1332 5046 1488 5113 Λέγει
1545 5044 1670 5116 γὰρ,
1728 5043 1809 5093 ὃτι

275 5225 322 5260 ³³
348 5220 548 5278 Matth.
582 5237 701 5287 xxv,
731 5224 821 5277 27.
902 5220 949 5260 ¹⁴
989 5219 1132 5278 Ibid.
1173 5224 1263 5278 28.

1280 274 1646 335 COMMENT.
1687 276 1761 334 IN
1798 277 2147 338 JOANNEM.
2190 311 2254 323 —
2295 280 2454 338 CAP.
2486 280 2579 336 VI.

49 11 2608 50 ————,——-——-——
2173 27 2340 41 ...ω
2375 26 2496 37 η,
2497 12 2648 64 πη
2755 13 3368 31 ---θὼρη-..ν-.-η

3433 281 3570 339 1242

1917 497 2226 552 exterritos
2267 496 2600 570 discipulos
2631 499 3027 567 exclamasse,
3057 500 3115 555 in
3141 499 3255 556 hac
3292 515 3434 555 vero
3479 515 3571 555 so-

1915 584 2040 640 lum
2078 585 2368 656 timuisse,
2399 587 2563 658 quod
2589 587 2913 659 timorjam
2944 589 3327 644 assuetudine
3374 588 3572 644 minor

1916 673 2108 729 fuerit.
2141 677 2208 730 Et
2240 676 2320 729 ibi
2348 691 2486 731 cum
2518 676 2763 732 dixisset
2796 694 2810 732 :
2843 679 2961 748 Ego
2990 691 3138 742 sum,
3187 678 3361 733 nolite
3410 679 3572 733 time-

1915 777 1980 818 re
2019 764 2088 828 ¹⁸,
2122 763 2391 819 nondum
2431 765 2707 821 certiores
2739 766 2924 823 factos
2956 766 3156 837 fuisse,
3190 767 3448 839 ideoque
3470 769 3568 823 Pe-

1917 859 2039 910 trus
2065 855 2302 911 dicebat
2329 873 2342 911 :
2370 857 2627 920 Domine,
2657 856 2708 912 si
2734 863 2794 911 tu
2823 872 2898 922 es,
2941 857 3088 927 jube
3120 864 3182 912 ut
3213 872 3315 927 ego
3346 858 3566 912 veniam

1915 944 1992 999 ad
2033 951 2088 1002 te
2137 961 2307 1016 super
2347 960 2531 1017 aquas
2587 946 2678 1016 ¹⁴;
2744 945 2838 1000 hic
2882 952 3073 1001 autem
3128 946 3403 1018 protinus
3444 961 3573 1001 cer-

1915 1033 2090 1089 tiores
2145 1032 2330 1090 factos
2387 1049 2540 1100 esse,
2589 1035 2750 1105 quod
2798 1033 2924 1105 jam
2969 1035 3188 1090 assueti
3231 1038 3444 1090 essent.
3505 1036 3572 1090 Et

1915 1129 2055 1177 tunc
2125 1139 2239 1177 non
2296 1122 2524 1196 quievit
2581 1127 2791 1178 ventus
2861 1123 3056 1178 donec
3130 1123 3434 1195 ingressus
3483 1138 3574 1178 es-

1915 1216 2003 1266 set
2043 1211 2104 1266 in
2161 1212 2415 1278 navim;
2471 1227 2634 1267 nunc
2682 1227 2824 1268 vero
2896 1212 2998 1268 ubi
3046 1217 3279 1268 tantum
3335 1211 3570 1267 locutus

1913 1305 2019 1368 est,
2053 1299 2207 1357 facta
2236 1306 2324 1358 est
2354 1301 2773 1374 tranquillitas,
2812 1306 2867 1358 et
2887 1317 2957 1357 ne
2975 1300 3176 1358 navim
3206 1300 3450 1374 quidem
3485 1301 3572 1356 in-

1913 1403 2153 1459 gressus
2181 1396 2284 1455 est,
2331 1390 2437 1446 sed
2467 1406 2604 1447 cum
2645 1390 2858 1446 vellent
2889 1407 3026 1446 eum
3067 1391 3127 1447 in
3181 1389 3378 1448 navim
3420 1388 3571 1446 acci-

1911 1484 2328 1562 pere,repente
2355 1481 2525 1536 navis
2546 1480 2900 1551 pervenitad
2933 1484 3170 1547 terram,
3200 1485 3256 1536 et
3276 1480 3407 1552 ipse
3437 1484 3570 1552 post

1911 1565 2097 1622 lllam.

1982 1747 2138 1800 Vers.
2181 1749 2268 1800 2'2.
2292 1744 2574 1817 Sequenti
2595 1747 2683 1801 die
2721 1777 2787 1787 —-
2819 1747 2980 1802 Vers.
3022 1749 3109 1801 24.
3155 1747 3370 1802 Jesum.
3428 1746 3576 1803 Tur-

1909 1834 2068 1900 bam,
2097 1850 2233 1905 quae
2265 1835 2457 1891 stabat
2488 1835 2565 1890 ad
2600 1851 2779 1904 mare,
2813 1835 2956 1891 dicit
2977 1851 3080 1890 eos
3110 1836 3211 1908 qui
3260 1841 3570 1904 venerant,

1913 1929 1973 1978 ut
2003 1929 2236 1995 raptum
2273 1924 2462 1994 ipsum
2493 1930 2758 1980 crearent
2783 1940 2984 1994 regem
3013 1941 3024 1981 :
3061 1941 3200 1980 nam
3238 1941 3375 1980 cum
3401 1924 3568 1981 illum

1911 2029 2030 2068 non
2061 2012 2448 2078 invenissent,
2475 2013 2716 2070 stabant
2737 2015 2793 2070 in
2823 2015 3014 2070 littore
3035 2015 3387 2084 cogitantes,
3420 2014 3570 2087 quid

1909 2109 2110 2158 actum
2139 2107 2310 2157 esset.
2341 2102 2582 2157 Videtur
2608 2119 2751 2166 ergo
2776 2119 3028 2159 mancus
3058 2120 3186 2159 esse
3216 2103 3308 2159 hic
3335 2119 3566 2168 sermo;

1911 2208 2051 2248 nam
2083 2207 2213 2246 cum
2241 2191 2408 2246 illum
2443 2192 2710 2247 nondum
2740 2193 3048 2265 quiescere
3081 2192 3283 2248 fecerit
3319 2206 3573 2261 evangeo

1909 2279 2062 2341 lista,
2091 2295 2298 2334 rursus
2320 2279 3019 2351 aliundeincepitdicens
3055 2298 3068 2335 :
3117 2279 3224 2336 Ubi
3246 2295 3388 2351 ergo
3424 2279 3568 2337 vidit

1912 2368 2110 2436 turba,
2125 2367 2286 2440 quod
2301 2369 2465 2424 Iesus
2478 2385 2596 2425 non
2613 2375 2755 2426 esset
2783 2369 2887 2435 ibi,
2922 2373 2978 2424 et
2988 2373 3217 2426 caetera.
3248 2369 3344 2424 Est
3372 2376 3568 2424 autem

1911 2457 2104 2514 forma
2141 2457 2266 2512 haec
2296 2457 2782 2514 abbreviationis.

1985 2547 2154 2612 Quod
2198 2553 2396 2604 autem
2424 2548 2691 2620 sequitur
2719 2565 2736 2602 :
2761 2549 2910 2604 Alia:
2949 2563 3086 2605 vero
3113 2553 3572 2616 supervenerant

1914 2637 2200 2693 naviculae
2223 2652 2258 2693 a
2293 2637 2602 2693 Tiber-inde
2616 2640 2806 2708 juxta
2838 2639 3048 2701 locum.
3070 2637 3172 2693 ubi
3193 2638 3570 2695 comederunt

1913 2733 2466 2798 panem,postquam
2508 2730 2741 2795 gratias
2783 2733 2979 2796 egerat
3006 2729 3308 2790 Dominus,
3336 2726 3572 2782 interlo-

1917 2817 2074 2870 cutio
2105 2821 2193 2870 est
2231 2816 2307 2871 ad
2337 2815 2826 2883 signiﬁcandum,
2847 2816 3010 2887 quod
3045 2815 3430 2887 postmodum
3459 2815 3572 2872 illa:

1919 2907 2186 2960 venerint
2209 2923 2221 2958 ε
2256 2904 2499 2960 tandem
2515 2905 2672 2960 enim
2692 2903 3079 2975 desperantes
3103 2905 3392 2975 suspicati
3411 2908 3570 2966 sunt,

1916 2993 2079 3066 quod
2113 2993 2368 3065 pedestri
2403 2994 2609 3049 itinere
2635 2994 2794 3049 circa
2828 3010 2992 3048 mare
3031 2995 3276 3050 abiisset
3308 3010 3321 3058 ;
3349 2993 3484 3049 ideo
3517 2997 3575 3049 et

1918 3081 2026 3154 ipsi
2060 3085 2726 3152 veneruntCapernaum
2746 3088 3075 3154 quaerentes
3103 3099 3240 3138 eum
3277 3097 3457 3138 :nam
3490 3082 3574 3138 ibi

1920 3171 2232 3242 plurimum
2265 3171 2544 3226 diversari
2579 3171 2829 3226 solebat.

1990 3263 2148 3316 Vers.
2176 3260 2264 3316 '25.
2292 3259 2550 3330 Cumque
2566 3260 2922 3317 invenissent
2958 3291 3020 3301 —-
3045 3260 3303 3317 venisti?
3332 3264 3460 3318 Non
3489 3260 3577 3317 in-

1919 3354 2367 3420 terrogaverunt
2409 3365 2546 3404 eum
2594 3350 2897 3422 quomodo
2937 3349 3214 3414 venisset,
3241 3353 3303 3406 ut
3340 3355 3574 3406 tantum

1919 3439 2160 3509 signum
2192 3438 2506 3503 discerent,
2541 3454 2737 3510 neque
2777 3438 2851 3493 de
2903 3454 3089 3508 regno
3129 3438 3425 3503 dixerunt,
3467 3438 3574 3495 sed

1917 3529 2009 3585 his
2056 3530 2269 3585 relictis
2300 3533 2611 3601 coeperunt
2656 3529 2939 3585 assentari
2992 3529 3256 3584 dicentes
3289 3545 3304 3583 :
3338 3527 3576 3595 Quando

1918 3619 2030 3675 huc
2069 3620 2299 3685 venisti,
2319 3633 2624 3687 Ignorans,
2653 3616 2818 3690 quod
2854 3633 2965 3674 nos
2995 3633 3030 3673 a
3061 3623 3116 3674 te
3144 3617 3575 3690 ponderemus?

1917 3708 2383 3765 Assentabantur
2410 3713 2632 3772 autem,
2655 3712 2718 3762 ut
2743 3722 3016 3763 mensam
3043 3708 3255 3763 iterum
3279 3707 3363 3764 eis
3389 3722 3579 3779 appo-

1916 3803 2075 3854 neret
2113 3815 2124 3853 :
2164 3813 2306 3852 nam
2358 3797 2542 3852 semel
2596 3797 2811 3863 satiati,
2849 3803 2904 3851 et
2941 3796 3306 3866 ligurientes,
3351 3795 3578 3853 caeteris

1917 3887 2196 3941 omnibus
2217 3887 2330 3959 (rr)
2346 3886 2472 3956 jam
2501 3887 2898 3957 consumptis,
2929 3886 3004 3941 de
3027 3885 3399 3942 secundariis
3421 3886 3581 3956 cogi-

1917 3976 2123 4030 tabant
2157 3993 2168 4030 :
2203 3991 2551 4047 quanquam
2595 3991 2710 4030 non
2742 3991 2952 4031 omnes
3004 3976 3063 4030 in
3109 3975 3398 4030 similibus
3439 3974 3580 4030 deli-

1914 4070 2190 4135 querant.
2227 4069 2388 4138 Πέραν
2429 4080 2570 4119 vero
2606 4065 2781 4134 (sicut
2820 4070 2876 4119 et
2911 4070 3082 4119 trans
3117 4065 3338 4127 Latine)
3365 4065 3582 4119 dicitur

1914 4151 1988 4204 de
2017 4155 2268 4222 utroque
2297 4153 2684 4206 terminorum
2706 4151 2886 4206 maris
2913 4152 3130 4207 directe
3143 4151 3575 4223 oppositorum,

1915 4239 2288 4307 signiﬁcante
2325 4239 2668 4309 hujusmodi
2711 4238 3000 4294 vocabulo
3037 4255 3196 4295 nunc
3243 4239 3358 4294 hoc
3392 4237 3574 4301 littus,

1914 4343 2070 4382 nunc
2117 4342 2256 4382 vero
2299 4327 2471 4382 illud.

1986 4416 2147 4472 Vers.
2182 4415 2270 4470 26.
2319 4415 2619 4487 Respondit
2653 4447 2719 4456 —
2777 4417 3031 4471 saturati
3059 4415 3208 4472 estis.
3227 4417 3345 4470 Non
3400 4429 3582 4487 expe-

1918 4505 2022 4570 dit,
2058 4504 2273 4576 ubique
2311 4511 2687 4560 mansuetum
2746 4520 2879 4560 esse
2930 4520 2999 4559 ac
3030 4504 3246 4572 lenem,
3300 4502 3406 4558 sed
3441 4518 3581 4558 cum

1916 4593 2244 4665 discipulus
2263 4609 2503 4648 crassus
2520 4609 2590 4648 ac
2619 4593 2816 4662 segnis
2848 4592 3037 4657 fuerit,
3063 4598 3200 4647 tunc
3230 4592 3581 4665 praeceptori

1916 4699 2068 4753 Opus
2095 4688 2183 4738 est
2217 4681 2459 4737 stimulo
2491 4698 2561 4737 ac
2589 4697 2865 4737 sermone
2907 4681 3315 4753 objurgatorio
3346 4681 3423 4738 ad
3453 4686 3580 4737 tan-

1916 4773 2179 4843 gendum
2231 4778 2286 4827 et
2331 4771 2708 4826 excitandum
2752 4770 2928 4832 illum.
2965 4770 3129 4841 quod
3175 4770 3270 4826 hic
3314 4769 3448 4826 fecit
3493 4773 3582 4826 Je-

1916 4879 2015 4916 sus
2047 4880 2058 4920 :
2096 4861 2272 4915 simul
2303 4860 2539 4932 quidem
2574 4860 2893 4932 increpans
2919 4875 3022 4914 eos
3041 4864 3331 4931 tanquam
3379 4874 3584 4915 assen-

1918 4958 2155 5015 tatores,
2211 4950 2387 5005 simul
2443 4950 2622 5005 etiam
2674 4953 2933 5004 mentem
3003 4965 3210 5005 eorum
3275 4949 3580 5019 detegens,

1919 5047 1975 5097 et
2027 5039 2302 5112 utrinque
2357 5039 2482 5095 illos
2525 5037 2844 5109 corrigens.
2904 5038 2992 5094 Ait
3051 5038 3262 5095 enim:
3312 5037 3580 5105 Quaeritis

1405 5335 1631 5406 Variaa
1666 5335 1999 5406 lectiones
2037 5345 2103 5404 et
2157 5345 2356 5404 notae.

277 5534 391 5608 (39)
433 5532 632 5601 Ἰησοῦ,
675 5548 785 5607 pro
817 5536 1036 5607 Κυρίου,
1068 5539 1132 5587 Δ.

1991 5533 2082 5604 40)
2125 5528 2230 5584 Οὖν
2278 5531 2451 5589 abest
2481 5531 2547 5587 Α.

279 5678 392 5749 (rr)
420 5675 691 5735 Crwtm's
719 5674 1008 5733 omnibus.
1044 5677 1108 5731 Et
1147 5673 1375 5748 reliqua
1405 5674 1606 5734 omnia
1645 5674 1926 5742 secunda,
1952 5673 2034 5747 (id
2063 5675 2174 5746 est)
2208 5673 2490 5732 inferiora
2515 5672 2864 5731 censebant.
2889 5674 3003 5729 Nec
3031 5676 3231 5728 tamen
3258 5683 3489 5727 omnes.
