4038 6226
522 164 658 221 124⁸3
1853 176 2203 235 EL'THYMII
2238 179 2252 232 ἑ

2202 180 2203 231 ζ
2238 174 2567 234 ΖΙῦΑΒΕΝῙ
3683 173 3779 229 1244

518 309 635 359 me,
670 309 792 351 non
820 294 987 368 quod
1024 296 1193 366 signa
1230 297 1403 354 vobis
1432 298 1820 366 ostenderim,
1867 302 1971 356 sed
2009 302 2168 373 quod
2205 302 2251 357 A

2205 302 2251 357 A
2286 305 2496 360 Ζητεῖτέ
2523 321 2606 373 με,
2643 300 2747 374 οὐχ
2796 303 2864 363 ὡς
2921 307 3113 373 σημεῖα
3161 294 3396 362 δείξαντα
3445 299 3569 371 ὑμῖν,
3612 299 3694 352 ἀλλ’
3733 308 3782 363 ὼς

518 398 627 437 vos
655 386 920 456 paverim
952 401 1021 441 ac
1060 388 1487 444 saturaverim:
1516 404 1657 454 non,
1693 394 1756 444 ut
1804 389 1943 444 visis
1990 391 2173 460 signis

2287 391 2547 464 Θρέψαντα
2605 396 2695 444 καὶ
2756 392 3099 464 χορτάσαντα
3148 391 3282 461 ὑμᾶς
3315 405 3327 417 ·
3383 388 3477 459 οὐχ
3522 390 3591 441 ἳνα
3640 400 3784 462 σημεῖα

518 473 787 539 credatis,
818 474 922 531 sed
957 480 1017 530 ut
1043 476 1210 531 cibos
1240 476 1481 532 edentes
1501 479 2053 551 saturemini,quod
2086 484 2176 537 est

2286 478 2553 552 βλέποντες
2623 483 2925 548 πιστεύητε,
2984 477 3090 529 ἀλλ’
3158 479 3241 530 ἱνα
3297 476 3533 551 βρώματα
3591 476 3786 541 ἐσθίοντες

519 563 957 634 mancipiorum
982 566 1200 620 ventris
1225 580 1295 620 ac
1321 566 1687 634 gulosorum.
1726 568 1951 624 Leniter
1971 575 2172 625 autem

2282 569 2523 643 χορτάζη
2534 570 2643 633 σθε,
2669 571 2789 643 ὅπερ
2809 572 2919 621 εστὶ
2940 563 3305 620 κοιλιοδούλων
3329 571 3412 617 καὶ
3431 571 3785 641 γαστριμάργου.

519 664 575 707 et
602 667 776 721 parce
806 651 936 707 illos
975 652 1189 723 arguit,
1228 670 1337 709 nec
1378 656 1436 710 in
1470 657 1929 727 reprehensione
1973 659 2170 726 instat,

2284 665 2565 730 Προσηνῶς
2642 654 2700 710 δε
2751 662 2842 710 xui
2895 660 3027 728 μετά
3086 653 3297 728 φειδοῦς
3344 656 3541 726 ἐλέγχει,
3599 662 3673 707 καὶ
3713 656 3789 727 οὐχ

520 740 624 795 sed
677 741 876 796 statim
924 740 1266 798 doctrinam
1316 745 1609 817 adjungit.

2285 749 2497 799 ἵσταται
2545 752 2706 821 μέχρι
2752 754 2850 799 τῶν
2899 745 3148 817 ὶλένγχων,
3210 744 3335 796 ἀλλά
3381 750 3461 797 καὶ
3508 739 3791 796 διδασκαλίαν

2282 840 2655 912 προστίθησιν.

589 920 747 973 Vers.
782 922 871 973 27.
916 919 1641 986 Operemini—ceternam.
1677 923 1895 980 Curam
1935 926 2172 995 habete,

2354 927 2670 1002 Ἐργοὲςεσθε
2727 956 2785 966 -—
2838 925 3067 981 αἰώνιον.
3121 924 3415 998 Φροντὶζετε
3460 928 3523 995 μὴ
3576 931 3656 983 τῆς
3694 922 3793 995 βρώ-

516 1022 637 1062 non
668 1006 782 1062 cibi
804 1009 1226 1080 corruptibilis,
1251 1011 1349 1065 sed
1371 1012 1838 1085 incorruptibilis
1873 1032 1885 1080 ;
1923 1031 2041 1070 non
2067 1015 2171 1087 qui

2286 1036 2411 1078 σεως
2460 1025 2550 1077 τῆς
2606 1017 2961 1089 φθειρομένης,
3014 1012 3141 1065 ἀλλὰ
3193 1022 3282 1073 τῆς
3340 1011 3579 1084 ἀφθάρτου
3636 1016 3694 1083 μὴ
3731 1020 3794 1068 τῆς

518 1112 761 1152 carnem
807 1102 1038 1169 pascat,
1090 1099 1193 1154 sed
1225 1102 1492 1156 animam
1533 1103 1755 1159 nutriat
1791 1123 1803 1161 :
1839 1104 1934 1158 hic
1970 1110 2172 1159 autem

2282 1108 2569 1180 τρεφούσης
2606 1109 2698 1162 τὴν
2732 1107 2922 1175 σάρκα,
2972 1102 3096 1154 ἀλλά
3148 1112 3245 1164 τῆς
3297 1104 3563 1174 τρεφούσης
3608 1105 3684 1157 την
3722 1100 3800 1169 ψν-

518 1191 606 1242 est
631 1186 801 1253 ﬁdes,
828 1192 889 1243 ut
908 1188 968 1242 in
992 1204 1307 1259 progressu
1331 1191 1599 1247 dicturus
1619 1197 1724 1249 est.
1753 1194 2171 1265 Operationem

2281 1200 2409 1267 χήν.
2463 1195 2604 1251 Αὕτη
2664 1190 2723 1245 δε
2765 1193 2960 1251 ἔστινή
3006 1196 3201 1252 πίστις,
3251 1194 3320 1251 ὡς
3372 1196 3547 1264 προιὼν
3590 1189 3798 1261 ἐρεί.Ἐρ-

519 1291 660 1331 vero
696 1278 993 1347 pereuntis
1024 1278 1140 1333 cibi
1168 1278 1282 1334 hoc
1308 1281 1364 1335 in
1385 1281 1517 1336 loco
1558 1281 1823 1353 appellat
1853 1298 2008 1346 eam,
2042 1299 2174 1354 quas

2280 1289 2474 1355 ⁹γασίαν
2525 1286 2624 1355 γάρ
2668 1290 2755 1333 νῦν
2815 1281 2950 1351 λέγει
2996 1281 3054 1332 οὐ
3098 1286 3191 1338 τὴν
3246 1279 3536 1348 ἀναγκαίαν,
3591 1277 3695 1329 ἀλλά
3732 1282 3800 1334 τὴν

518 1365 850 1421 necessaria
872 1382 991 1421 non
1045 1370 1255 1423 estsed
1277 1370 1601 1439 superﬂua,
1656 1372 1777 1427 sive
1815 1388 2169 1442 permanen-

2281 1379 2545 1444 περιττήν,
2602 1376 2719 1430 ἤτοι
2783 1376 2872 1429 τὴν
2929 1374 3145 1443 ἔμμονον
3202 1374 3291 1421 καὶ
3354 1366 3551 1425 διηνεκῆ
3606 1363 3801 1440 φροντίδα

518 1458 635 1509 tem
656 1454 1060 1510 etcontinuam
1083 1457 1536 1514 sollicitudinem
1556 1461 1667 1515 cibi
1687 1461 2015 1527 sensibilis;
2042 1478 2169 1517 nam

2281 1472 2375 1525 τῆς
2409 1462 2652 1535 βρώσεως
2680 1468 2769 1521 τῆς
2799 1462 3063 1520 αἰσθητῆς
3091 1477 3101 1489 ·
3121 1461 3150 1517 η
3182 1458 3438 1528 ἀναγκαία
3461 1460 3552 1529 γὰρ
3582 1455 3802 1515 ἀκώλυτος.

517 1559 652 1615 quae
702 1546 1039 1599 necessaria
1068 1552 1176 1610 est,
1238 1563 1359 1602 non
1404 1549 1772 1620 prohibetur.
1823 1550 1961 1604 Ideo
1992 1552 2169 1606 etiam

2283 1556 2371 1604 Διὸ
2398 1558 2486 1603 xui
2531 1552 2556 1602 ὁ
2584 1548 2783 1611 Παῦλος
2814 1548 3083 1618 πολλαχοὺ
3114 1556 3211 1599 τῶν
3241 1546 3561 1610 Ἐπιστολῶν,
3602 1545 3652 1596 οὐ
3690 1562 3803 1614 μονον

516 1631 781 1703 permisit
817 1633 1071 1704 propriis
1125 1636 1359 1707 Operari
1410 1639 1709 1703 manibus,
1757 1656 1956 1694 verum
1992 1640 2171 1695 etiam
2214 1662 2250 1714 Β

2214 1662 2250 1714 Β
2284 1640 2555 1714 ἐπέτριψεν
2602 1639 2917 1710 ἐργάζεσθαι
2974 1646 3084 1697 ταῖς
3138 1633 3296 1696 ἰδίαις
3357 1640 3552 1707 χερσὶν,
3594 1632 3701 1685 ἀλλὰ
3742 1636 3807 1682 καὶ

517 1722 729 1779 Paulus
756 1722 813 1777 in
847 1724 1045 1779 multis
1061 1726 1442 1796 Epistolarum
1472 1728 1614 1783 locis
1641 1744 1762 1783 non
1799 1729 1993 1784 solum
2028 1746 2172 1801 pre:-

2284 1726 2582 1804 διαρρὴδην
2627 1727 2920 1793 ἑνετειλατο,
2954 1729 3034 1779 ὁτι
3065 1729 3123 1779 Εἴ
3156 1745 3231 1785 τις
3271 1725 3330 1778 οὐ
3373 1724 3496 1777 θέλει
3534 1721 3806 1795 ἐργάζεσθαι,

516 1811 667 1881 cepit
696 1811 900 1867 dicens
930 1812 1023 1868 :Si
1043 1830 1171 1885 quis
1196 1832 1313 1871 non
1348 1816 1464 1871 vult
1479 1819 1725 1887 operari,
1758 1818 1803 1871 is
1830 1834 1929 1874 nec
1954 1819 2084 1874 edat
2104 1820 2170 1870 ιδ.

2284 1817 2422 1893 μηδὲ
2452 1818 2686 1870 ἐσθιέτω.

588 1899 749 1955 Sicut
784 1916 924 1970 ergo
955 1903 1028 1958 de
1059 1905 1278 1960 Martha
1311 1906 1514 1961 dicens
1569 1906 1831 1961 Christus
1872 1908 2172 1971 :Martha,

2354 1908 2554 1980 Ὠσπερ
2608 1907 2696 1959 οὗν
2752 1904 2834 1957 ἐπὶ
2910 1914 3002 1966 τῆς
3058 1905 3275 1976 Μάρθας
3332 1905 3481 1956 εἰπὼν
3533 1903 3557 1953 ὀ
3613 1904 3807 1972 Χριστος

516 1988 778 2055 Martha,
829 1992 1074 2048 sollicita
1114 2010 1169 2049 es
1218 2011 1279 2049 ac
1322 1996 1707 2051 tumuttuaris
1758 1997 1920 2051 circa
1971 1998 2173 2063 multa,

2285 1999 2496 2069 Μάρθα,
2604 1997 2812 2068 Μάρθα,
2906 2000 3156 2067 μεριμνᾷς
3243 1998 3328 2045 xui
3428 1990 3641 2067 τνρϐάζῃ
3727 1992 3812 2055 περὶ

515 2078 683 2149 atqui
696 2096 875 2135 unum
887 2097 941 2135 es
954 2086 1359 2139 (necessarium
1378 2085 1422 2119 ¹⁶
1439 2100 1578 2149 ,non
1597 2085 1896 2156 prohibuit
1917 2086 2177 2157 hospita-

2286 2085 2478 2138 πολλά⁶
2540 2084 2643 2144 ἑνὸς
2709 2081 2768 2137 δε
2820 2082 2934 2135 ἔστι
2984 2086 3160 2156 χρεία·
3217 2083 3313 2134 οὐκ
3371 2080 3581 2133 ἐκώλυσε
3635 2083 3711 2135 τὴν
3756 2098 3815 2147 91-

514 2167 757 2233 litatem,
780 2170 883 2224 sed
907 2172 1229 2242 praeposuit
1250 2174 1591 2228 divinorum
1630 2189 1977 2229 sermonum
2004 2175 2179 2230 audi-

2286 2175 2531 2238 λοξενίαν,
2588 2174 2717 2225 ἀλλὰ
2772 2177 3089 2244 προετίμησε
3142 2176 3235 2229 τὴν
3310 2179 3411 2223 τῶν
3476 2172 3608 2222 θείων
3670 2166 3813 2235 λογίων

518 2258 738 2313 tionem
767 2276 781 2324 ;
810 2261 891 2314 ita
920 2266 975 2315 et
1005 2276 1162 2317 nunc
1193 2262 1401 2317 dicens
1427 2283 1439 2321 :
1474 2265 1813 2331 Operemim'
1836 2281 1946 2320 non
1991 2265 2179 2321 czbum

2289 2262 2540 2337 ἀκρόασιν
2574 2282 2586 2294 ·
2636 2263 2771 2314 οὕτω
2810 2266 2899 2313 xui
2938 2268 3025 2311 νῦν
3076 2260 3247 2313 εἰπὼν·
3298 2258 3599 2333 Ἐργάζεσθε
3641 2260 3699 2326 μὴ
3746 2260 3814 2309 τὴν

514 2347 615 2419 qui
631 2348 805 2416 perit,
832 2350 935 2404 sed
945 2351 1045 2421 qui
1065 2359 1249 2405 manet
1278 2354 1338 2406 in
1362 2352 1542 2408 vitam
1565 2363 1869 2419 zlernam,
1890 2371 2009 2409 non
2034 2370 2178 2425 pra;-

2289 2352 2490 2425 βρῶσιν
2592 2356 2684 2409 τὴν
2771 2350 3143 2421 ἀπολλυμένην,
3234 2348 3368 2400 ἀλλά
3448 2352 3535 2405 τὴν
3614 2348 3814 2414 μένουσαν

514 2436 655 2508 cipit
679 2443 907 2494 tantum
951 2442 1179 2510 operari
1206 2440 1407 2497 cibum
1439 2443 1678 2508 animas,
1722 2459 2074 2515 quanquam
2106 2445 2180 2503 sit

2287 2442 2353 2502 εἰς
2433 2442 2571 2501 ζωὴν
2656 2440 2859 2491 αἰώνιον
2912 2457 2925 2467 ·
2999 2440 3093 2491 οὐκ
3154 2437 3382 2490 ἐκώλυσε
3444 2442 3500 2489 τὸ
3571 2432 3817 2506 ἐργάζεσθαι

517 2525 710 2595 magis
726 2530 1119 2597 necessarius,
1134 2530 1235 2585 sed
1256 2531 1565 2585 admonuit
1586 2533 1953 2602 corporalem
1977 2532 2171 2588 cibum

2286 2535 2378 2589 τὴν
2430 2528 2629 2603 βρῶσιν
2674 2537 2769 2589 τῆς
2824 2534 3017 2601 σαρκός
3048 2543 3061 2556 ’
3096 2527 3365 2597 ἀναγκαία
3412 2528 3529 2597 γάρ’
3585 2523 3693 2574 ἀλλὰ
3724 2538 3817 2591 προ-

515 2615 701 2671 obiter
728 2631 953 2680 curare,
986 2618 1202 2673 animae
1226 2635 1359 2674 vero
1391 2626 1512 2675 toto
1548 2622 1767 2676 studio.
1818 2620 2171 2692 Operemini,

2284 2623 2495 2689 ετίμησε
2526 2622 2583 2670 τὸ
2627 2616 2941 2689 ἐργάζεσθαι
2982 2622 3075 2675 τὴν
3126 2625 3186 2675 τῆ
3205 2637 3226 2678 ς
3251 2617 3441 2687 ψυχῆς
3465 2632 3477 2643 ·
3507 2612 3819 2683 ἀναγκαιοτέρα

514 2702 725 2778 inquit,
760 2710 875 2761 toto
896 2707 1121 2773 animo,
1150 2708 1316 2763 omni
1347 2725 1506 2773 cura,
1539 2710 1818 2765 continue
1852 2727 1864 2762 :
1904 2726 2025 2765 non
2047 2711 2173 2780 jam

2282 2709 2403 2780 γάρ’
2447 2714 2535 2758 καὶ
2585 2711 2867 2780 παρῄνεσεν
2914 2710 3056 2777 ἔχειν
3102 2708 3364 2778 πάρεργον
3420 2708 3505 2775 μεν
3559 2707 3642 2758 τὴν
3689 2716 3819 2766 σωμα-

516 2794 650 2859 hoc,
678 2794 808 2865 jam
854 2795 1021 2864 illud,
1054 2796 1159 2852 sed
1206 2797 1320 2853 hoc
1351 2798 1635 2870 amplius,
1673 2798 1816 2854 illud
1867 2815 2006 2855 vero
2061 2798 2171 2855 mi-

2283 2802 2431 2853 τικὴν
2478 2794 2697 2867 βρῶσιν,
2752 2798 2898 2867 ἔργον
2965 2793 3025 2847 δὲ
3082 2799 3175 2853 τὴν
3221 2793 3488 2865 ψυχικήν.
3541 2787 3817 2863 Ἐργάζισθεν

517 2898 652 2939 nus.
2281 2890 2460 2956 φησὶν,
2542 2884 2834 2955 ὀλοψύχως,
2939 2890 3379 2957 παντοιοτρόπως,
3466 2877 3707 2942 διηνεκῶς,
3766 2880 3816 2943 μὴ

2202 3022 2242 3078 C
2278 2971 2417 3039 τοδε,
2447 2972 2575 3026 ἀλλὰ
2599 2970 2737 3027 τάδε’
2773 2972 2964 3044 μᾶλλον
2994 2977 3083 3044 μὲν
3116 2972 3203 3025 οὖν
3234 2972 3358 3044 (id)
3388 2977 3554 3036 τοῦτο,
3582 2967 3752 3019 ἔλαττον
3778 2957 3820 3012 δέ

2281 3083 2459 3117 εκεινο.

590 3148 731 3206 Vers
794 3155 881 3207 2‘7.
919 3151 1089 3216 Quem
1132 3182 1198 3192 -
1230 3152 1410 3209 dabit.
1455 3154 1643 3218 Quem
1673 3168 1785 3223 ego
1814 3153 1975 3209 dabo
2007 3153 2169 3210 vobis

2348 3161 2528 3206 Ἡν-
2560 3148 2741 3205 δώσει.
2780 3151 2875 3204 Ἢν
2929 3151 3027 3223 ἐγὼ
3070 3148 3227 3204 δωσω
3272 3151 3400 3221 ὑμῖν
3431 3146 3728 3222 ἐργάζεσθαι,
3776 3142 3820 3194 ἣν

515 3238 595 3295 8d
615 3241 1011 3312 operandam,
1038 3258 1217 3313 quem
1240 3242 1369 3313 ipse
1400 3241 1833 3298 demonstrabo
1863 3243 2167 3313 acquiren-

2277 3242 2433 3303 αὐτὸς
2460 3238 2717 3303 ὑποδείξω
2747 3243 2995 3295 κτᾶσθαι.
3048 3240 3159 3293 Ὶνα
3194 3236 3252 3292 δε
3283 3246 3359 3311 μὴ
3398 3236 3520 3310 δοξη
3570 3232 3820 3306 κομπάζειν,

514 3330 671 3385 dum.
706 3332 785 3386 Ne
824 3336 1027 3386 autem
1064 3331 1289 3401 jactare
1347 3348 1409 3387 se
1452 3330 1738 3396 videatur,
1792 3348 2033 3387 rursum
2089 3332 2165 3387 ad

2277 3329 2359 3382 επὶ
2388 3335 2471 3382 τὸν
2507 3335 2707 3403 Πατέρα
2743 3330 2894 3383 πάλιν
2928 3331 3223 3401 ἀνατρέχει,
3267 3328 3451 3400 λέγων’

515 3421 745 3474 Patrem
781 3420 1044 3485 recurrit,
1080 3420 1284 3475 dicens
1330 3436 1343 3474 :

587 3508 738 3563 Vert.
794 3507 881 3561 27.
937 3508 1206 3563 Hunc—
1258 3510 1429 3565 Deus.
1477 3508 1885 3578 Consignavit,
1938 3510 2060 3565 sive
2107 3512 2165 3566 in

2346 3514 2536 3561 Τοῦτον
2620 3539 2687 3547 -
2736 3512 2882 3568 Θεὸς.
2968 3537 3028 3548 -
3092 3508 3462 3578 Ἐσφροίγισεν,
3546 3508 3688 3572 ἤγουν
3728 3513 3821 3567 προ·

516 3596 629 3650 hoc
659 3598 942 3667 apposuit
962 3598 1084 3665 (ss),
1120 3603 1182 3651 ut
1211 3598 1370 3652 hunc
1393 3598 1591 3653 cibum
1616 3599 1782 3654 daret
1814 3599 2004 3654 vobis.
2041 3598 2163 3667 Vel,

2277 3602 2577 3666 εχειρίσατο
2617 3596 2689 3658 εἰς
2721 3604 2893 3659 τοῦτο,
2928 3596 2996 3656 εὶς
3040 3600 3096 3647 τὸ
3141 3591 3361 3647 διδόναι
3390 3597 3578 3649 ταύτην
3618 3590 3737 3660 ὑμῖν.
3771 3584 3819 3634 ’Β

514 3683 957 3747 demonstravit,
984 3701 1211 3755 suoque
1236 3686 1564 3741 testimonio
1580 3688 1993 3744 manifestavit.
2017 3688 2163 3743 Nam

2277 3683 2562 3752 ἀπέδειξεν,
2617 3684 2901 3756 ἐφανέρωσε
2977 3682 3071 3736 διὰ
3127 3692 3221 3744 τῆς
3302 3684 3489 3736 ἑαυτοῦ
3567 3680 3820 3751 μαρτυρίας.

515 3778 573 3827 et
599 3774 910 3828 ostendere
936 3789 1172 3845 quoque
1216 3775 1429 3829 dicitur
1466 3776 1703 3843 signare
1736 3778 1780 3812 1⁷
1823 3793 1893 3831 ac
1928 3777 1973 3830 si
2005 3778 2163 3832 vide-

2277 3775 2581 3847 Σφραγίζειν
2611 3779 2711 3847 γαρ
2749 3774 2952 3844 λέγεται
2983 3778 3071 3825 καὶ
3114 3777 3171 3823 τὸ
3202 3770 3583 3830 ἀποδεικνύειν,
3613 3770 3671 3828 ὡς
3695 3779 3757 3815 το·
3791 3768 3821 3810 Ο

515 3860 647 3917 licet
663 3862 780 3934 (tt),
795 3879 901 3918 suo
915 3862 1249 3918 testimonio
1263 3863 1802 3931 signaveritverum
1817 3882 1947 3921 esse
1964 3866 2160 3921 Deum.

2274 3864 2440 3916 λαϐὼν
2474 3864 2632 3914 αὐτοῦ
2681 3867 2775 3919 τὴν
2830 3865 3117 3936 μαρτυρίαν
3165 3860 3506 3934 ἐσφράγισεν,
3558 3860 3630 3909 ὃτι
3670 3857 3691 3905 ο
3731 3856 3822 3908 Θεὸς

2276 3954 2387 4023 (42)
2422 3951 2620 4012 ἀληθής
2642 3950 2775 4005 ἔστι.

587 4042 748 4096 Vers.
782 4040 870 4098 28.
914 4041 1205 4098 Dixerunt
1247 4072 1315 4081 -—
1345 4043 1455 4098 Dei
1479 4043 1506 4098 ?
1549 4044 1741 4114 Opera
1790 4045 1887 4098 Dei
1932 4050 2162 4109 vocant,

2346 4039 2501 4094 Εἶπον
2567 4072 2630 4083 -
2693 4048 2864 4107 eset);
2904 4046 3073 4113 Ἔργα
3132 4046 3223 4091 τοῦ
3306 4047 3443 4093 Θεοῦ
3500 4036 3697 4088 καλοῦσι
3756 4038 3822 4081 τὸν

514 4146 649 4203 quae
677 4132 794 4187 Deo
834 4136 1080 4203 accepta
1112 4136 1271 4187 sunt.
1313 4132 1676 4200 lnterrogant
1703 4139 1924 4197 autem,
1960 4149 2076 4187 non
2108 4140 2167 4188 ut

2274 4132 2614 4205 εὐαρέστησιν
2656 4139 2745 4182 τον
2796 4136 2949 4182 Θεοῦ.
3002 4129 3263 4201 Ἐρωτῶσι
3317 4124 3398 4191 δὲ,
3445 4126 3547 4196 οὐχ
3600 4128 3670 4175 ἱνα
3714 4120 3821 4191 i974-

515 4236 586 4275 ea
611 4227 948 4293 operentur,
982 4220 1085 4276 sed
1114 4226 1174 4275 ut
1194 4221 1371 4276 etiam
1398 4221 1511 4292 ipsi
1530 4221 1845 4277 videantur
1866 4222 2163 4293 discipuli,

2278 4239 2471 4273 σωνται
2501 4220 2648 4280 αὐτὰ,
2698 4217 2826 4269 ἀλλά
2869 4217 3230 4279 κολακεύοντες
3263 4219 3350 4268 ἱνα
3400 4214 3593 4277 δοξωσι
3637 4210 3821 4283 μαθηταὶ

515 4314 573 4366 et
597 4309 678 4366 ita
717 4310 796 4366 ad
826 4310 943 4367 cibi
984 4310 1525 4383 suppeditationem
1559 4312 1878 4367 attrahant.
2198 4371 2234 4383 ῃ

2202 4371 2234 4383 n
2274 4314 2359 4362 xui
2394 4310 2557 4371 αὐτοὶ,
2594 4313 2682 4360 xui
2712 4309 2875 4368 οὕτως
2905 4306 3305 4358 ἐπισπάσωνται
3331 4306 3447 4377 (43)
3469 4307 3592 4378 πρὸς
3610 4300 3819 4373 χορηγίαν

2196 4371 2239 4425 D
2275 4406 2434 4471 τροφὴ
2448 4418 2492 4459 ς.

588 4488 751 4543 Vers.
783 4488 871 4544 29.
918 4488 1214 4559 Respondit
1244 4520 1309 4529 —
1356 4489 1469 4544 ille.
1504 4492 1649 4544 Nam
1686 4488 1846 4559 prius
1880 4488 2054 4543 variis
2105 4489 2163 4544 in

2343 4488 2628 4560 Ἀπεκρίθη
2660 4516 2729 4525 -
2761 4485 2971 4545 ἔκείνος.
3021 4479 3350 4558 ῐῐροεδίδαξε
3380 4485 3482 4556 γὰρ
3510 4476 3740 4550 διαφόρως
3762 4473 3817 4523 ὅτι

514 4574 659 4631 locis
688 4577 911 4643 docuit,
943 4579 1102 4648 quod
1124 4578 1201 4632 ad
1226 4577 1344 4633 Deo
1373 4578 1587 4632 missus
1610 4585 1780 4633 esset.

2273 4579 2415 4649 παρά
2445 4583 2536 4627 τοῦ
2569 4582 2701 4628 Θεοῦ
2735 4572 3074 4627 ἀπέσταλται.

587 4663 757 4719 Vers.
788 4664 877 4719 30.
924 4665 1205 4722 Dixerunt
1240 4698 1304 4707 —
1342 4668 1592 4736 operaris
1620 4671 1646 4722 ἶ)
1679 4666 2000 4722 Considera
2035 4682 2164 4721 ma-

2346 4661 2500 4717 Εἷπον
2580 4695 2647 4704 —
2726 4662 2919 4737 ἐργάζῃ
2958 4662 3139 4733 ςὈρα
3223 4660 3420 4719 πολλὴν
3492 4660 3672 4711 ἄνοιαν.
3740 4650 3814 4721 Πρὸ

514 4767 699 4823 gnam
724 4752 1087 4809 dementiam
1119 4772 1135 4808 :
1167 4755 1347 4827 paulo
1374 4762 1508 4811 ante
1530 4755 1660 4811 cibo
1692 4756 1979 4811 saturavit
2008 4755 2159 4822 illos,

2273 4753 2502 4827 βραχέος
2541 4752 2825 4827 ἐχόρτασεν
2880 4752 3067 4813 αὐτοὺς
3117 4760 3335 4824 τροῖνῆς,
3392 4756 3481 4803 καὶ
3511 4756 3597 4802 τοῦ
3629 4746 3810 4799 τοιούτου

591 4905 635 4941 ¹³
677 4904 723 4961 Il
748 4904 946 4963 Thess.
990 4921 1068 4973 ιιι,
1115 4910 1196 4963 l0.
1278 4909 1322 4943 ¹⁶
1356 4909 1491 4964 Luc.
1526 4924 1583 4971 x,
1611 4908 1697 4963 41.
1778 4908 1818 4943 ιτ
1852 4909 2021 4963 Joan.
2054 4922 2131 4970 ιιι,
2164 4905 2252 4962 33.

1737 5085 1959 5154 Variae
1996 5085 2325 5155 lectiones
2367 5094 2433 5152 et
2472 5090 2649 5151 notae

612 5286 701 5356 Iit)
729 5280 833 5337 οὖν
867 5284 1039 5341 abest
1070 5288 1135 5340 A.

2351 5282 2461 5355 (43)
2490 5284 2588 5336 Τὸν
2620 5285 2867 5356 Χριστὸν.

612 5286 671 5341 Iit
729 5286 833 5337 Οὗν
867 5286 1039 5341 abest
1070 5288 1135 5340 A.

585 5286 701 5431 £42;
726 5356 783 5410 ’0
810 5362 942 5420 Θεὸς
961 5357 1133 5413 abest
1162 5359 1230 5411 Α.

586 5535 682 5609 (ss)
714 5534 1016 5609 Apposuit.
1050 5535 1195 5609 lmo,
1229 5532 1420 5609 elegit,
1459 5533 1622 5609 dedit
1654 5533 1732 5589 ad
1770 5532 1906 5609 hoc,
1941 5537 2019 5591 ut.
2107 5604 2135 5609 Α
2275 5530 2546 5588 monium
2597 5530 2846 5604 accepit,
2891 5528 3149 5587 ostendit
3204 5522 3629 5597 (conﬁrmavit)
3676 5518 3801 5575 Deum

587 5604 681 5680 (tt)
714 5604 789 5662 At:
810 5604 866 5664 ζςι
918 5606 1190 5676 videlicet,
1222 5604 1341 5663 etc.
1382 5608 1447 5662 Ut
1475 5604 1620 5661 illud
1654 5620 1665 5661 :
1695 5606 1796 5679 qui
1826 5605 1957 5677 ejus
2008 5604 2163 5661 testi—
2273 5619 2402 5661 esse
2428 5616 2718 5659 veracem.
