4038 6226
49 13 2373 63 Τ
996 13 3970 75 .mw"
3290 14 3301 15 ί
3352 14 3357 15 ⁷

169 252 306 319 1245

1090 248 1093 253 ⁴
1192 264 1560 324 COMMENT.
1607 266 1672 323 IN
1715 263 2060 323 JUAN‘NEM.
2108 224 2169 310 -ε
2211 266 2371 326 CAP.
2412 269 2505 326 VI.

3401 271 3536 327 1246

167 390 437 463 θαύματος
510 388 700 443 αὐτίκα
777 389 1135 467 ίπιλαθόμενοι
1206 402 1421 468 σημεῖον
1491 393 1765 456 ὶπιζητοῡ-

1886 402 1931 452 st
1953 394 2223 468 protinus
2262 395 2426 453 obliti
2460 395 2606 454 tanti
2627 397 2900 456 miraculi
2924 397 3168 470 signum
3209 399 3533 473 requirunt,

168 496 285 533 a'w'
341 477 450 533 εἶτα
499 483 585 533 καὶ
650 484 710 533 τὸ
765 478 907 547 εἶδος
956 483 1168 557 λέγουσι
1220 492 1313 538 τοῦ
1354 483 1763 558 ἓπιζητουμένου

168 572 410 641 σημείου.

239 659 308 710 Οἱ
347 662 561 734 πατέρες
611 689 681 701 —
746 668 944 733 φαγεῖν.
1012 666 1308 735 Γέγραπται
1376 660 1425 714 ἰν
1476 669 1537 735 τῇ
1599 659 1767 735 βίϐλῳ

165 753 269 799 τῶν
313 747 558 820 Ψαλμῶν·
638 748 841 802 Πολλῶν
908 747 968 804 δὲ
1035 756 1263 825 σημείων
1330 755 1616 824 γεγονότων
1683 749 1766 804 ini

163 844 267 887 τῶν
313 840 549 912 πατέρων
596 837 782 905 αὐτῶν,
848 842 1037 893 τούτου
1092 840 1328 914 μάλιστα
1382 843 1767 915 μνημονεύουσι

164 921 264 976 διὰ
290 930 384 984 τὴν
428 934 524 988 τῆς
558 931 793 1001 γαστρός
833 927 1140 1003 τυραννίδα,
1184 931 1480 1004 νομίζοντες
1521 928 1766 1006 ἓρεθίζειν

163 1013 324 1067 αὐτόν
381 1014 449 1076 εἰς
502 1019 560 1069 τό
624 1025 849 1078 ποιῆσαι
891 1024 980 1071 καὶ
1032 1020 1188 1073 αὐτόν
1245 1028 1478 1074 τοιοῦτον
1528 1027 1762 1091 σημεῖον,

163 1106 288 1180 ὅπερ
347 1104 543 1177 ἔμελλεν
607 1105 887 1180 ίμπλὴσειν
965 1109 1156 1173 αὐτοὺς
1219 1119 1432 1187 τροφῆς.
1506 1108 1658 1181 Ἀλλ’,
1726 1104 1766 1160 ὦ

161 1191 457 1266 ἀμνήμονες
498 1200 589 1248 καὶ
619 1194 949 1272 ἀχάριστοιε
995 1199 1054 1250 οὐ
1101 1205 1191 1253 καὶ
1238 1199 1387 1253 αὐτοὶ
1429 1202 1525 1273 πρὸ
1574 1204 1767 1273 μικροῦ

161 1282 351 1354 ἄρτους
414 1288 506 1336 καὶ
569 1284 759 1357 ἰχθύας
833 1287 900 1348 εἰς
962 1293 1112 1364 κόρον
1196 1286 1406 1362 ἐφάγετε
1476 1286 1524 1340 ἓν
1590 1286 1766 1363 ὶρήμῳ

161 1390 311 1444 τοπῳ
333 1389 346 1437 ;

239 1467 342 1515 Καὶ
401 1469 690 1539 παρατηρει
741 1484 830 1537 μοι
887 1465 1154 1520 κάνταῦθα
1203 1472 1291 1526 τὴν
1355 1467 1626 1521 κολακείαν
1677 1466 1768 1519 αὗ-

161 1558 287 1619 τῶν,
347 1549 476 1604 ἀλλὰ
522 1559 612 1607 καὶ
664 1560 936 1628 πονηρίαν.
997 1557 1108 1609 Οὐκ
1161 1555 1301 1611 εἶπον
1356 1560 1458 1631 γὰρ
1522 1560 1639 1610 οὔτε
1689 1558 1768 1609 ὅτι

163 1640 192 1691 6
359 1647 596 1704 Μωῡσῆς
634 1641 847 1702 ἕποίησε
886 1647 943 1697 τό
994 1653 1224 1719 σημεῖον,
1282 1647 1507 1720 οἰόμενοι
1558 1644 1769 1709 πλήξειν

1874 485 2087 543 deinde
2108 499 2301 557 genus
2330 486 2512 542 etiam
2546 486 2817 561 requisiti
2846 487 3000 561 signi
3030 488 3282 546 addunt.

1945 663 2113 721 Vers.
2158 666 2246 721 31.
2278 664 2566 721 Patres—
2612 666 2695 722 ad
2736 666 3044 724 edendum.
3095 666 3388 739 Scriptum
3447 671 3534 723 est

1872 752 1935 809 in
1977 752 2130 810 libro
2176 753 2550 810 Psalmorum
2582 755 2651 809 ⁸⁸.
2685 754 2837 812 Cum
2880 752 3083 812 autem
3142 755 3330 811 multa
3360 756 3534 826 signa

1873 857 2073 900 coram
2092 843 2358 916 patribus
2374 843 2642 916 ipsorum
2663 843 2818 900 facta
2831 847 3048 910 essent,
3064 843 3246 916 hujus
3271 844 3533 900 maxime

1874 931 2279 989 meminerunt
2333 936 2578 1005 propter
2633 934 2854 990 ventris
2900 933 3299 1005 tyrannidem,
3339 934 3536 991 existi-

1876 1028 2107 1077 mantes
2138 1020 2262 1078 {ore
2294 1027 2357 1078 ut
2392 1020 2593 1095 ipsum
2641 1037 2886 1095 quoque
2926 1022 3006 1078 ad
3043 1021 3239 1079 simile
3291 1021 3533 1093 signum

1872 1111 2197 1169 faciendum
2249 1110 2561 1177 irritarent,
2601 1117 2749 1185 puta
2782 1116 2843 1168 ut
2891 1115 2951 1168 et
2980 1112 3054 1167 'se
3105 1111 3240 1169 cibo
3271 1112 3530 1169 satiaret.

1875 1201 2010 1268 Sed,
2043 1199 2371 1258 oobliviosi
2389 1201 2685 1270 acingrati
2716 1200 2952 1258 lnonne
2979 1201 3161 1274 paulo
3183 1206 3322 1257 ante
3347 1216 3535 1273 panes

1875 1299 1929 1349 et
1958 1291 2152 1365 pisces
2181 1291 2262 1348 ad
2292 1290 2622 1348 satietatem
2660 1290 2719 1346 in
2746 1290 2880 1347 loco
2908 1289 3144 1347 deserto
3176 1289 3379 1348 edistis
3405 1292 3428 1346 2

1948 1469 2132 1527 Simul
2171 1485 2415 1543 quoque
2446 1468 2591 1525 mihi
2618 1468 2716 1525 hic
2746 1468 3009 1526 observa
3037 1471 3095 1525 et
3119 1467 3534 1526 adulationem

1876 1560 2144 1632 ipsorum
2173 1565 2231 1616 et
2256 1559 2519 1615 invidam
2566 1558 2876 1615 malitiam.
2928 1560 3129 1631 Neque
3172 1557 3333 1613 enim
3372 1557 3535 1614 dixe-

1876 1652 2034 1714 runt,
2065 1647 2229 1713 quod
2282 1650 2468 1705 Moses
2492 1646 2641 1703 illud
2672 1647 2906 1703 fecisset
2935 1646 3202 1717 signum,
3250 1661 3319 1702 ne
3371 1645 3534 1702 hunc

162 1729 346 1793 αὐτόν,
378 1729 423 1783 εἰ
459 1734 548 1783 τόν
593 1738 823 1786 Μωῡσία
860 1737 1026 1808 τούτῳ
1080 1743 1474 1809 συγκρινοῦσιν,
1523 1739 1641 1789 οὔτε
1687 1736 1768 1787 ὅτι

1886 1739 2207 1810 deprimere
2238 1737 2599 1803 viderentur,
2625 1737 2675 1793 si
2712 1736 2938 1793 Mosem
2979 1736 3030 1792 ei
3056 1738 3475 1808 compararent
3514 1751 3528 1790 :

160 1818 190 1870 6
223 1821 355 1882 Θεὸς
385 1819 512 1872 αὐτὸ
563 1808 983 1889 πεποίηκεν,’ίνα
1032 1828 1105 1897 μὴ
1161 1820 1386 1888 δόξωσιν
1416 1824 1620 1888 ίξισοῦν
1676 1822 1767 1875 αὖ·

160 1913 253 1959 τόν
279 1916 353 1980 τῷ
385 1916 519 1981 Θεῷ.
555 1914 652 1963 Διὰ
696 1919 848 1964 τοῦτο
900 1910 1169 1975 ἁπολύτως
1222 1911 1361 1967 εἷπον
1388 1930 1399 1944 ·
1435 1916 1502 1967 Οἱ
1551 1916 1769 1987 πατέρες

160 1998 316 2069 ἡμῶν
361 2004 421 2052 τὸ
471 2003 639 2073 μάννα
695 2004 882 2074 ἔφαγον
942 2004 1055 2075 (45)
1103 2004 1154 2056 έν
1204 2012 1267 2077 τῇ
1323 2007 1510 2079 ὶρὴμῳ.
1564 2007 1628 2057 Τί
1679 1998 1767 2055 οὖν

159 2087 190 2138 6
253 2088 537 2162 οἰκονομῶν
596 2094 719 2154 τοὺς
766 2091 949 2164 λόγους
1021 2092 1179 2146 αὐτοῦ
1258 2092 1306 2146 ἓν
1371 2098 1582 2169 κρίσεις
1657 2092 1768 2144 Οὐκ

159 2175 370 2250 ἰλίγχει
401 2181 628 2251 τούτους,
657 2180 766 2234 ἀλλ’
793 2181 998 2255 ὁμαλῶς
1019 2181 1370 2257 ἀποκρίνεται.
1404 2187 1518 2257 Χρὴ
1549 2185 1675 2257 γὰρ,
1697 2184 1767 2244 ὡς

157 2273 495 2345 προείρηται,
544 2273 669 2324 ποτε
708 2274 799 2344 μεν
842 2270 1095 2345 ἐλέγχειν,
1153 2276 1277 2326 ποτε
1340 2269 1399 2326 6‘s
1451 2272 1766 2337 ἁνεξικακείν

159 2367 521 2428 οικονομικῶς.

234 2444 393 2500 Εἶπεν
450 2479 519 2488 -
571 2448 810 2523 οὐρανοῦ.
866 2449 1008 2504 Ἐπεὶ
1054 2449 1408 2524 ὑπελάμϐανον
1474 2454 1532 2505 τὸ
1601 2454 1767 2526 μάννα

160 2536 325 2610 ἄρτον
363 2534 493 2589 εἶναι
522 2536 578 2590 ἔκ
605 2545 697 2591 τοῦ
725 2543 919 2613 κυρίως
965 2539 1184 2612 οὐρανοῦ
1215 2537 1308 2593 διὰ
1340 2544 1399 2593 τὸ
1436 2544 1726 2617 γεγράφθαι
1750 2558 1763 2571 ·

162 2630 363 2697 ’Ἄρτον
420 2624 475 2678 ἔκ
516 2633 606 2679 τοῦ
658 2627 913 2703 οὐρανοῦ·
971 2625 1257 2705 διορθοῦτα
1305 2634 1398 2689 τὴν
1449 2631 1767 2705 ἐσφαλμένην

159 2713 433 2785 ὑπόληψιν
491 2714 678 2772 αὐτῶν.
733 2716 964 2790 Οὐρανόν
1009 2721 1111 2794 γὰρ
1144 2717 1246 2772 ἐκεῖ
1308 2722 1395 2772 τόν
1466 2718 1591 2794 ἀέρα
1662 2717 1769 2774 εἶπε

156 2813 613 2878 καταχρηστικῶς
656 2807 685 2865 ἡ
735 2811 909 2879 Γραφὴ
939 2824 952 2837 ·
983 2810 1052 2870 ὡς
1101 2814 1191 2861 καὶ
1237 2809 1357 2861 ὅταν
1387 2809 1508 2882 λέγῃ
1560 2811 1625 2862 τὰ
1680 2828 1768 2863 πε-

146 2893 311 2944 λτεινα
357 2901 451 2945 τοῦ
502 2894 749 2969 οὐρανοῦ·
804 2900 893 2948 καὶ
948 2896 1122 2967 πάλιν,
1178 2903 1278 2951 Καὶ
1353 2897 1660 2973 ἐϐρόντησεν
1718 2897 1770 2961 ἐξ

156 2980 390 3057 οὐρανοῦ
420 2983 447 3035 6
476 2984 685 3058 Κύριος.

234 3076 405 3129 Φησὶν
435 3068 543 3138 οὖν,
593 3073 670 3126 ὅτι
702 3072 777 3126 Οὔ
808 3080 1030 3137 Μοὺσῆς
1082 3071 1282 3128 δέδωκε
1335 3080 1449 3130 τότε
1498 3085 1570 3149 τῷ
1634 3080 1766 3148 γένει
1801 3100 1843 3160 C

154 3161 313 3233 ὑμῶν
352 3163 440 3213 τόν
480 3162 636 3236 ἄρτον
683 3161 738 3215 ἔκ
768 3171 861 3216 τοῦ
903 3168 1092 3237 κυρίως
1142 3164 1361 3241 οὐρανοῦ
1389 3165 1506 3238 (46)
1533 3182 1547 3197 ⁸
1607 3164 1713 3218 ἀλλ’
1742 3167 1767 3218 6

158 3254 355 3324 Πατήρ
386 3270 486 3322 μου
517 3258 603 3303 νῦν
629 3252 741 3325 (47)
806 3249 1033 3306 δίδωσιν
1086 3255 1207 3325 ὑμῖν
1249 3257 1336 3307 τόν
1385 3256 1541 3328 ἄρτον
1580 3254 1635 3308 ἔκ
1676 3263 1768 3308 τοῦ

156 3344 368 3412 κυρίως
396 3340 636 3414 οὐρανοῦ.
679 3338 879 3417 Ὠσπερ
910 3345 1012 3417 γὰρ
1054 3343 1081 3395 ὁ
1114 3348 1295 3418 Πατὴρ
1327 3343 1587 3417 οὐράνιός,
1636 3345 1770 3397 οὕτω

155 3434 253 3481 καὶ
292 3429 323 3481 6
349 3430 471 3490 Υἱός
500 3429 759 3505 οὐράνιος,
787 3435 878 3483 καὶ
904 3435 1099 3507 κυρίως
1127 3434 1277 3507 ἄρτος
1319 3431 1415 3506 [ὡς
1441 3434 1556 3504 (48)
1590 3438 1770 3507 στηρί-

159 3518 271 3579 ζων
298 3514 530 3593 καρδίαν
560 3518 854 3595 ἀνθρώπου.

232 3611 340 3661 Τόν
390 3605 651 3666 ἀληθινόν.
714 3610 928 3670 Ἐκεῖνος
976 3612 1073 3685 γὰρ
1120 3612 1146 3661 6
1187 3610 1368 3686 ἄρτος]
1419 3615 1639 3675 τυπικός
1686 3608 1767 3678 ἦν,

160 3704 475 3769 προτυπῶν,
535 3701 710 3769 φησὶν.
768 3695 853 3770 ἔμε
897 3700 983 3750 τὸν
1039 3697 1408 3758 αὐτοαλήθειαν
1461 3703 1570 3771 (49)
1628 3703 1766 3754 ὄντα.

160 3786 421 3858 Καθάπερ
475 3786 578 3860 γὰρ
649 3784 838 3847 ἐκεῖνος
906 3787 1098 3839 ἄνωθεν
1157 3786 1389 3850 καταϐὰς
1453 3791 1624 3863 ἔτρεφε
1682 3794 1771 3841 καὶ

157 3875 420 3952 ἑρῥὼννυε
483 3877 603 3935 τοὺς
652 3874 1158 3948 μεταλαμϐάνοντας,
1212 3878 1347 3929 οὕτω
1402 3876 1564 3949 κάγώ.
1636 3878 1768 3932 Ἀλλ’

158 3961 358 4027 ἕκεῖνος
389 3965 480 4036 μὲν
504 3962 585 4038 [ἑκ
619 3964 731 4036 (50)
762 3972 853 4017 τοῦ
900 3963 1063 4040 ἀέρος,
1092 3964 1193 4037 ἔγὼ
1248 3963 1308 4019 δε
1363 3965 1418 4018 ἐκ
1472 3974 1563 4019 τοῦ
1616 3971 1770 4030 ὅντως

158 4054 414 4127 οὐρανοῦ.
490 4051 736 4116 Κάκεῖνος
798 4052 912 4127 μὶν]
981 4056 1153 4128 ἔτρεφε
1220 4060 1310 4107 καὶ
1376 4053 1621 4130 ἐρῥώννυε
1674 4062 1769 4108 σοι·

154 4162 331 4216 μοιτα³
504 4138 566 4195 δι
614 4141 819 4214 ψυχάς.
854 4147 1056 4215 Προίὼν
1100 4140 1160 4196 δε
1210 4143 1346 4215 λέγει
1392 4149 1481 4196 καὶ
1535 4148 1630 4202 τὴν
1683 4164 1771 4197 κα-

159 4232 517 4305 θολικωτέραν
562 4226 818 4306 διαφορὰν
859 4239 951 4285 τοῦ
980 4251 1036 4285 τε
1078 4240 1298 4285 τυπικοῡ
1343 4233 1504 4307 ἄρτου
1535 4239 1623 4287 καὶ
1680 4242 1772 4286 τοῦ

157 4319 263 4379 ἄλη
273 4322 305 4374 Θ
313 4327 422 4373 ινοῠ
430 4362 442 4375 .

236 4418 285 4464 ο
337 4412 440 4483 γὰρ
478 4411 634 4483 ἄρτος
700 4439 769 4451 -
824 4413 1026 4484 κόσμῳ.
1092 4410 1152 4465 Ὀ
1217 4416 1411 4485 κυρίως
1476 4412 1633 4485 ἄρτος
1682 4419 1771 4479 τοῦ

158 4507 332 4567 Θεοῦ,
388 4503 553 4553 εἶτουν
603 4499 629 4551 6
688 4500 815 4560 θεῖος
875 4500 1031 4574 ἄρτος
1095 4500 1235 4554 ἔστὶν
1274 4502 1300 4553 6
1357 4498 1411 4552 ἐκ
1467 4508 1559 4553 τοῦ
1617 4503 1775 4564 ὅντως

157 4590 395 4664 οὐρανοῦ
448 4586 677 4650 καταϐὰς
706 4593 796 4641 καὶ
829 4592 967 4653 ζωὴν
1014 4589 1219 4642 αἰώνιον
1267 4585 1456 4651 διδοὺς
1481 4597 1554 4661 τῷ
1591 4593 1772 4663 κόσμῳ

155 4688 238 4750 τῷ
300 4680 625 4732 πιστεύοντι.
672 4677 892 4740 Ἐκεῖνος
939 4680 1040 4751 γὰρ
1095 4681 1232 4741 ζωὴν
1285 4682 1606 4752 πρόσκαιρον
1656 4674 1771 4731 ἰδί-

156 4765 290 4834 δου,
353 4772 445 4819 καὶ
496 4765 555 4817 οὗ
584 4774 657 4837 τῷ
699 4770 899 4838 κόσμῳ,
956 4765 1082 4818 ἀλλά
1136 4772 1310 4839 μόνοις
1345 4772 1447 4827 τοῖς
1492 4764 1768 4841 Ἑϐραίοις.

153 4863 323 4916 Ζωήν
348 4853 410 4909 δέ
437 4855 641 4908 αἰώνιον
667 4857 771 4907 νόει
800 4859 870 4926 μὴ
899 4859 993 4912 τὴν
1034 4853 1208 4917 ἁπλῶς
1238 4859 1301 4914 ἦν
1330 4855 1563 4917 ζήσουσι
1589 4864 1774 4918 κοινῶς

150 4950 361 5009 πάντες
382 4946 669 5021 ἄνθρωποι,
701 4941 828 4995 ἀλλὰ
853 4947 947 5002 τὴν
972 4950 1256 5018 μακαρίαν,
1278 4949 1373 5003 τὴν
1404 4945 1452 4997 ίν
1485 4941 1771 4999 ἀπολαύσει

150 5034 424 5096 διηνεκεῖ.

1804 4454 1851 4511 D

1878 1844 2093 1900 neque,
2125 1829 2289 1899 quod
2314 1826 2469 1882 Deus
2511 1825 2713 1899 ipsum
2743 1825 3043 1891 edidisset,
3086 1840 3161 1881 ne
3206 1825 3367 1881 hunc
3410 1825 3533 1881 Deo

1877 1921 2215 1989 aequarent;
2275 1916 2381 1972 sed
2431 1914 2708 1972 absolute
2757 1914 3071 1971 dixerunt:
3108 1914 3307 1971 Patres
3348 1912 3535 1970 nostri

1875 2005 2232 2063 comederunt
2261 2021 2481 2061 manna
2516 2005 2580 2061 in
2621 2005 2863 2061 deserto.
2912 2004 3064 2070 Quid
3110 2018 3251 2072 ergo
3303 2003 3371 2067 is,
3428 2002 3530 2076 qui

1871 2094 2120 2167 disponit
2137 2110 2419 2151 sermones
2434 2110 2570 2151 suos
2584 2094 2643 2149 in
2653 2093 2893 2164 judicio
2910 2094 2958 2129 ¹⁹
2990 2097 3018 2148 ?
3032 2095 3159 2150 Non
3189 2092 3383 2162 arguit
3406 2107 3527 2159 eos,

1874 2185 1976 2241 sed
2008 2183 2231 2241 blande
2282 2183 2623 2255 respondet.
2680 2184 2917 2254 Oportet
2957 2182 3141 2247 enim,
3195 2186 3260 2238 ut
3288 2181 3533 2254 praedic-

1874 2278 2002 2332 tum
2035 2278 2143 2343 est,
2175 2272 2476 2329 interdum
2497 2271 2741 2345 quidem
2763 2286 3035 2341 arguere,
3066 2269 3366 2327 interdum
3391 2284 3533 2326 vero

1874 2363 2276 2435 dispensative
2301 2361 2651 2418 clementem
2684 2375 2834 2416 esse.

1945 2454 2110 2511 Vers.
2139 2453 2230 2510 3'2.
2272 2451 2435 2507 Dixit
2483 2481 2535 2492 —
2582 2450 2739 2508 caelo.
2793 2448 2934 2516 Quia
2956 2446 3273 2521 putabant,
3307 2461 3535 2504 manna

1875 2558 2005 2599 esse
2035 2558 2255 2617 panem
2278 2540 2357 2597 ab
2385 2556 2457 2596 eo
2482 2539 2645 2614 quod
2668 2540 2903 2611 proprie
2933 2537 3145 2595 caelum
3172 2536 3530 2611 appellatur,

1875 2648 1947 2689 eo
1975 2631 2141 2705 quod
2159 2631 2444 2704 scriptum
2460 2636 2645 2686 esset:
2670 2630 2887 2685 Panem
2908 2629 2976 2684 de
2999 2629 3138 2685 cato
3156 2626 3315 2684 dedit
3340 2627 3420 2684 eis
3444 2628 3528 2681 ³ος

1876 2721 2115 2791 corrigit
2134 2736 2446 2777 erroneam
2472 2734 2679 2775 eorum
2705 2717 3063 2788 opinionem.
3097 2719 3237 2773 Nam
3270 2715 3353 2771 ibi
3382 2714 3535 2772 Scri-

1878 2816 2056 2883 ptura
2098 2825 2295 2867 aerem
2327 2807 2648 2880 improprie
2688 2805 2922 2861 vocavit
2952 2805 3168 2862 caelum
3206 2802 3533 2876 :quemad-

1878 2899 2128 2956 modum
2156 2898 2333 2954 etiam
2364 2896 2648 2953 dicuntur
2678 2895 2949 2951 volucres
2980 2892 3136 2950 cceli.
3160 2894 3224 2948 Et
3252 2906 3488 2948 rursum
3515 2906 3529 2945 :

1878 2988 2136 3045 Intonuit
2163 2988 2238 3044 de
2251 2988 2398 3043 calo
2421 2984 2707 3041 Dominus
2732 2986 2800 3040 ²¹.

1948 3077 2042 3133 Ait
2069 3092 2212 3147 ergo
2244 3093 2258 3131 :
2293 3077 2417 3131 Non
2450 3075 2644 3130 Moses
2695 3072 2862 3129 dedit
2890 3078 3034 3129 tunc
3074 3068 3299 3129 nationi
3332 3073 3533 3127 vestras

1878 3183 2091 3240 panem
2134 3166 2235 3239 qui
2269 3164 2507 3237 proprie
2557 3163 2632 3218 de
2659 3161 2810 3219 cmlo
2864 3162 2958 3230 sit,
2999 3161 3104 3217 sed
3155 3164 3323 3217 Pater
3360 3174 3531 3216 meus

1874 3271 2039 3315 nunc
2067 3256 2172 3312 dat
2204 3253 2379 3311 vobis
2410 3268 2628 3326 panem
2647 3251 2726 3308 ab
2749 3267 2819 3308 eo
2848 3251 3013 3323 quod
3043 3250 3283 3323 proprie
3311 3248 3533 3305 caelum

1877 3345 2228 3419 appellatur.
2249 3346 2393 3400 Nam
2414 3344 2566 3398 sicut
2582 3342 2748 3397 Pater
2768 3339 3000 3413 proprie
3017 3338 3234 3396 dicitur
3252 3336 3530 3403 caalestis,

1877 3436 1958 3492 ita
1988 3439 2044 3490 et
2071 3433 2244 3489 Filius
2275 3431 2556 3498 caelestis,
2588 3435 2646 3487 et
2670 3429 2909 3503 proprie
2957 3428 3153 3502 panis,
3200 3430 3401 3500 utpote
3431 3440 3534 3482 cor

1877 3521 2138 3579 hominis
2165 3519 2560 3577 conﬁrmans.

1947 3612 2115 3667 Vers.
2155 3614 2243 3666 32.
2274 3610 2426 3665 Eum
2448 3607 2549 3680 qui
2562 3622 2730 3664 verus
2760 3612 2862 3663 est.
2897 3605 3204 3678 Siquidem
3234 3603 3330 3661 ille
3361 3603 3531 3677 panis

1879 3699 2229 3771 ﬁgurativus
2259 3705 2406 3762 erat,
2440 3714 2550 3759 me.
2588 3696 2800 3771 inquit,
2833 3696 3230 3769 prmﬁgurans
3269 3694 3371 3769 qui
3397 3708 3532 3749 sum

1878 3790 2010 3863 ipsa
2027 3789 2276 3845 Veritas.
2293 3786 2819 3854 Quemadmodum
2847 3785 3005 3841 enim
3032 3784 3127 3841 ille
3151 3785 3411 3856 desuper
3434 3782 3535 3839 de—

1879 3879 2188 3945 scendens,
2222 3893 2326 3933 eos
2356 3877 2459 3951 qui
2498 3875 2952 3948 participabant,
2985 3873 3274 3946 pascebat
3325 3887 3398 3928 ac
3436 3885 3534 3927 ro-

1878 3968 2146 4034 borabat,
2179 3969 2260 4023 ita
2290 3972 2345 4021 et
2366 3983 2498 4038 ego.
2530 3965 2644 4022 Sed
2676 3965 2771 4021 ille
2800 3964 2879 4021 ab
2910 3980 3063 4034 aere,
3103 3978 3216 4033 ego
3266 3966 3465 4018 autem
3498 3976 3535 4016 a

1881 4073 2021 4112 vero
2053 4057 2205 4113 caelo
2234 4073 2246 4112 :
2275 4056 2370 4112 ille
2399 4056 2644 4129 quidem
2675 4070 2928 4127 corpora
2952 4052 3238 4126 pascebat
3266 4066 3337 4106 ac
3362 4049 3537 4106 robo-

1879 4146 2069 4211 rabat,
2113 4160 2225 4213 ego
2282 4160 2418 4200 vero
2466 4143 2725 4199 animas.
2782 4145 2845 4199 ln
2895 4138 3287 4214 sequentibus
3333 4143 3535 4194 autem

1878 4233 2049 4307 ponit
2087 4231 2515 4303 generaliorem
2545 4230 2943 4287 differentiam
2974 4230 3125 4286 inter
3154 4226 3532 4299 ﬁgurativum

1880 4336 2120 4395 panem,
2162 4325 2221 4375 et
2238 4336 2371 4375 eum
2402 4319 2502 4392 qui
2547 4334 2717 4373 verus
2748 4323 2854 4373 est.

1949 4409 2111 4466 Vers.
2129 4413 2214 4465 33.
2246 4408 2424 4464 Panis
2443 4404 3175 4477 enim—mundo.Proprie
3202 4402 3376 4476 panis
3408 4400 3531 4467 Dei,

1881 4500 2004 4555 sive
2042 4498 2281 4553 divinus
2321 4500 2429 4566 est,
2479 4495 2581 4569 qui
2631 4510 2764 4550 vere
2802 4494 2878 4549 de
2921 4492 3068 4549 caelo
3109 4491 3434 4558 descendit,
3480 4494 3535 4545 et

1881 4588 2061 4644 vitam
2087 4593 2372 4643 aeternam
2399 4586 2496 4642 dat
2517 4584 2738 4640 mundo
2762 4583 3018 4640 credenti
3044 4599 3056 4639 :
3078 4579 3325 4638 cumille
3350 4580 3534 4636 vitam

1879 4676 1960 4735 ad
1990 4683 2224 4750 tempus
2254 4675 2442 4740 daret,
2476 4690 2593 4731 non
2626 4672 2876 4740 mundo,
2931 4671 3037 4727 sed
3080 4670 3220 4727 solis
3258 4670 3532 4727 Hebraeis.

1879 4765 2071 4823 Vitam
2124 4771 2322 4821 autem
2368 4770 2645 4820 aeternam
2687 4762 2962 4832 intelligo,
2997 4776 3118 4817 non
3168 4758 3533 4832 simpliciter,

1878 4871 2003 4927 qua
2029 4854 2227 4910 vivent
2252 4853 2652 4910 communiter
2674 4866 2887 4906 omnes
2922 4849 3220 4921 homines,
3255 4848 3365 4905 sed
3393 4847 3537 4906 bea-

1877 4946 2023 5008 tam,
2055 4959 2190 5017 qua:
2219 4943 2325 4998 erit
2356 4943 2416 4999 in
2446 4942 2727 4998 continua
2763 4940 2967 5013 requie
2990 4940 3142 5014 (uu).

233 5163 286 5199 ιι
329 5159 489 5219 Psal.
521 5175 728 5227 Lxxvn,
768 5161 855 5215 24.
938 5160 983 5196 ι’
1001 5157 1148 5216 Psal.
1181 5173 1293 5224 cvx,
1327 5159 1381 5214 5.
1409 5160 1459 5196 ³ο
1486 5156 1640 5214 Psal.
1665 5173 1769 5214 ιιι

1905 5158 1997 5227 24,
2073 5161 2117 5194 ²¹
2144 5156 2299 5215 Psal.
2326 5172 2458 5223 xvu,
2491 5156 2574 5211 Ui.

1403 5278 1632 5350 Variae
1648 5281 1974 5359 lectiones
1995 5291 2061 5350 et
2082 5292 2289 5351 nota.

223 5403 351 5474 (44)
389 5400 451 5474 ἈΟ
483 5399 655 5458 abest
680 5400 751 5457 Α.

228 5471 356 5548 (45)
394 5471 627 5548 ἐφαγον
658 5474 718 5525 τό
747 5472 915 5545 μάννα
942 5475 1004 5527 Α.

225 5543 356 5618 (46)
398 5543 637 5619 ρρρανοῡ
674 5543 866 5619 κυρίως
895 5548 956 5598 Δ.

227 5610 356 5690 (47')
392 5610 501 5673 Οὖν
531 5629 642 5689 pro
665 5610 776 5682 νῦν,
808 5620 864 5670 Β.

1955 5397 2070 5469 (48)
2104 5396 2333 5469 Inclusa
2365 5395 2580 5469 omittit
2601 5397 2667 5451 Α.

1953 5466 2164 5540 (’49)Τόν
2195 5467 2352 5521 αὐτόν
2376 5466 2617 5540 ᾇλήθειαν
2670 5473 2732 5522 Δ.

1953 5538 2067 5613 (50)
2101 5540 2335 5597 Inclusa
2361 5538 2576 5597 absunt
2602 5540 2675 5605 Α.

228 5663 371 5790 (μυ.)
396 5663 640 5787 Εἰθᾳιῑίε.
672 5663 776 5771 δίο
812 5663 929 5770 hic.
970 5710 1126 5770 Infra
1155 5710 1234 5770 ad
1264 5725 1421 5769 vers.
1441 5712 1530 5767 .39
1556 5707 1769 5766 reddid

1886 5708 2132 5764 πόλαυσιν
2159 5706 2508 5780 ﬁnitionem
2534 5707 2652 5765 nisi
2679 5706 2975 5763 ἀνάπαυσιν
3000 5701 3225 5776 legerit.
