  <div class='ocr_page' id='page_1' title='image "/cluster/home/n/w/nwhite01/storage/ocr_20150623/129/hvd.32044073502395/647.png"; bbox 0 0 4038 6226; ppageno 0'>
   <div class='ocr_carea' id='block_1_1' title="bbox 555 180 690 238">
    <p class='ocr_par' dir='ltr' id='par_1_1' title="bbox 555 180 690 238">
     <span class='ocr_line' id='line_1_1' title="bbox 555 180 690 238; baseline 0 -1"><span class='ocrx_word' id='word_1_1' title='bbox 555 180 690 238; x_wconf 70' lang='grc'>1247</span> 
     </span>
    </p>
   </div>
   <div class='ocr_carea' id='block_1_2' title="bbox 547 395 2202 470">
    <p class='ocr_par' dir='ltr' id='par_1_2' title="bbox 547 395 2202 470">
     <span class='ocr_line' id='line_1_2' title="bbox 547 395 2202 470; baseline -0.001 -18"><span class='ocrx_word' id='word_1_2' title='bbox 547 396 938 469; x_wconf 85' lang='lat' dir='ltr'>intelligentes</span> <span class='ocrx_word' id='word_1_3' title='bbox 956 399 1057 469; x_wconf 89' lang='lat' dir='ltr'>huj</span> <span class='ocrx_word' id='word_1_4' title='bbox 1070 398 1303 454; x_wconf 89' lang='lat' dir='ltr'>usmodi</span> <span class='ocrx_word' id='word_1_5' title='bbox 1324 414 1538 470; x_wconf 86' lang='lat' dir='ltr'>panem</span> <span class='ocrx_word' id='word_1_6' title='bbox 1558 413 1680 469; x_wconf 67' lang='lat' dir='ltr'>prie</span> <span class='ocrx_word' id='word_1_7' title='bbox 1696 397 1917 452; x_wconf 80' lang='lat' dir='ltr'>ventris</span> <span class='ocrx_word' id='word_1_8' title='bbox 1940 395 2202 468; x_wconf 82' lang='lat' dir='ltr'>ingluvie</span> 
     </span>
    </p>
   </div>
   <div class='ocr_carea' id='block_1_3' title="bbox 550 486 2201 559">
    <p class='ocr_par' dir='ltr' id='par_1_3' title="bbox 550 486 2201 559">
     <span class='ocr_line' id='line_1_3' title="bbox 550 486 2201 559; baseline -0.002 -16"><span class='ocrx_word' id='word_1_9' title='bbox 550 487 712 543; x_wconf 88' lang='lat' dir='ltr'>hunc</span> <span class='ocrx_word' id='word_1_10' title='bbox 751 487 1044 559; x_wconf 76' lang='lat' dir='ltr'>petebant,</span> <span class='ocrx_word' id='word_1_11' title='bbox 1080 504 1197 543; x_wconf 89' lang='lat' dir='ltr'>non</span> <span class='ocrx_word' id='word_1_12' title='bbox 1234 486 1435 552; x_wconf 87' lang='lat' dir='ltr'>semel,</span> <span class='ocrx_word' id='word_1_13' title='bbox 1481 487 1586 542; x_wconf 87' lang='lat' dir='ltr'>sed</span> <span class='ocrx_word' id='word_1_14' title='bbox 1627 502 1862 559; x_wconf 81' lang='lat' dir='ltr'>semper</span> <span class='ocrx_word' id='word_1_15' title='bbox 1913 486 2201 557; x_wconf 89' lang='lat' dir='ltr'>accipere.</span> 
     </span>
    </p>
   </div>
   <div class='ocr_carea' id='block_1_4' title="bbox 624 574 2206 647">
    <p class='ocr_par' dir='ltr' id='par_1_4' title="bbox 624 574 2206 647">
     <span class='ocr_line' id='line_1_4' title="bbox 624 574 2206 647; baseline -0.001 -16"><span class='ocrx_word' id='word_1_16' title='bbox 624 577 887 633; x_wconf 86' lang='lat' dir='ltr'>Vers.35.</span> <span class='ocrx_word' id='word_1_17' title='bbox 923 577 1113 632; x_wconf 84' lang='lat' dir='ltr'>Ait—</span> <span class='ocrx_word' id='word_1_18' title='bbox 1142 578 1292 634; x_wconf 67' lang='lat' dir='ltr'>vitae.</span> <span class='ocrx_word' id='word_1_19' title='bbox 1326 578 1499 631; x_wconf 77' lang='lat' dir='ltr'>Panis</span> <span class='ocrx_word' id='word_1_20' title='bbox 1531 574 1856 641; x_wconf 83' lang='lat' dir='ltr'>viviﬁcans,</span> <span class='ocrx_word' id='word_1_21' title='bbox 1899 580 1955 631; x_wconf 90' lang='lat' dir='ltr'>et</span> <span class='ocrx_word' id='word_1_22' title='bbox 1984 576 2108 647; x_wconf 88' lang='lat' dir='ltr'>qui,</span> <span class='ocrx_word' id='word_1_23' title='bbox 2140 579 2206 629; x_wconf 87' lang='lat' dir='ltr'>ut</span> 
     </span>
    </p>
   </div>
   <div class='ocr_carea' id='block_1_5' title="bbox 548 663 2205 736">
    <p class='ocr_par' dir='ltr' id='par_1_5' title="bbox 548 663 2205 736">
     <span class='ocr_line' id='line_1_5' title="bbox 548 663 2205 736; baseline -0.001 -16"><span class='ocrx_word' id='word_1_24' title='bbox 548 665 762 721; x_wconf 92' lang='lat' dir='ltr'>dictum</span> <span class='ocrx_word' id='word_1_25' title='bbox 791 670 897 733; x_wconf 87' lang='lat' dir='ltr'>est,</span> <span class='ocrx_word' id='word_1_26' title='bbox 938 665 1040 721; x_wconf 89' lang='lat' dir='ltr'>dat</span> <span class='ocrx_word' id='word_1_27' title='bbox 1090 667 1276 722; x_wconf 90' lang='lat' dir='ltr'>vitam</span> <span class='ocrx_word' id='word_1_28' title='bbox 1316 673 1602 722; x_wconf 71' lang='lat' dir='ltr'>aeternam</span> <span class='ocrx_word' id='word_1_29' title='bbox 1638 684 1650 735; x_wconf 84' lang='lat'>;</span> <span class='ocrx_word' id='word_1_30' title='bbox 1682 682 1823 721; x_wconf 87' lang='lat' dir='ltr'>nam</span> <span class='ocrx_word' id='word_1_31' title='bbox 1858 680 1929 719; x_wconf 87' lang='lat' dir='ltr'>ea</span> <span class='ocrx_word' id='word_1_32' title='bbox 1966 663 2205 736; x_wconf 83' lang='lat' dir='ltr'>proprie</span> 
     </span>
    </p>
   </div>
   <div class='ocr_carea' id='block_1_6' title="bbox 550 754 2205 828">
    <p class='ocr_par' dir='ltr' id='par_1_6' title="bbox 550 754 2205 828">
     <span class='ocr_line' id='line_1_6' title="bbox 550 754 2205 828; baseline -0.001 -19"><span class='ocrx_word' id='word_1_33' title='bbox 550 754 770 809; x_wconf 88' lang='lat' dir='ltr'>dicitur</span> <span class='ocrx_word' id='word_1_34' title='bbox 804 754 941 820; x_wconf 86' lang='lat' dir='ltr'>vita,</span> <span class='ocrx_word' id='word_1_35' title='bbox 974 771 1107 826; x_wconf 70' lang='lat' dir='ltr'>quae</span> <span class='ocrx_word' id='word_1_36' title='bbox 1123 762 1345 812; x_wconf 60' lang='lat' dir='ltr'>aeterna</span> <span class='ocrx_word' id='word_1_37' title='bbox 1374 765 1646 828; x_wconf 70' lang='lat' dir='ltr'>est;quae</span> <span class='ocrx_word' id='word_1_38' title='bbox 1678 754 1839 810; x_wconf 90' lang='lat' dir='ltr'>enim</span> <span class='ocrx_word' id='word_1_39' title='bbox 1865 754 1941 809; x_wconf 88' lang='lat' dir='ltr'>ad</span> <span class='ocrx_word' id='word_1_40' title='bbox 1971 758 2205 825; x_wconf 85' lang='lat' dir='ltr'>tempus</span> 
     </span>
    </p>
   </div>
   <div class='ocr_carea' id='block_1_7' title="bbox 548 842 2202 915">
    <p class='ocr_par' dir='ltr' id='par_1_7' title="bbox 548 842 2202 915">
     <span class='ocr_line' id='line_1_7' title="bbox 548 842 2202 915; baseline -0.001 -18"><span class='ocrx_word' id='word_1_41' title='bbox 548 842 738 911; x_wconf 84' lang='lat' dir='ltr'>durat,</span> <span class='ocrx_word' id='word_1_42' title='bbox 770 860 890 900; x_wconf 87' lang='lat' dir='ltr'>non</span> <span class='ocrx_word' id='word_1_43' title='bbox 923 844 1045 899; x_wconf 87' lang='lat' dir='ltr'>vita</span> <span class='ocrx_word' id='word_1_44' title='bbox 1074 850 1181 909; x_wconf 86' lang='lat' dir='ltr'>est,</span> <span class='ocrx_word' id='word_1_45' title='bbox 1216 845 1318 901; x_wconf 88' lang='lat' dir='ltr'>sed</span> <span class='ocrx_word' id='word_1_46' title='bbox 1348 846 1476 901; x_wconf 64' lang='lat' dir='ltr'>vitae</span> <span class='ocrx_word' id='word_1_47' title='bbox 1508 846 1721 915; x_wconf 83' lang='lat' dir='ltr'>imago.</span> <span class='ocrx_word' id='word_1_48' title='bbox 1751 844 1974 899; x_wconf 88' lang='lat' dir='ltr'>Panem</span> <span class='ocrx_word' id='word_1_49' title='bbox 2000 847 2202 898; x_wconf 84' lang='lat' dir='ltr'>autem</span> 
     </span>
    </p>
   </div>
   <div class='ocr_carea' id='block_1_8' title="bbox 548 933 2204 1007">
    <p class='ocr_par' dir='ltr' id='par_1_8' title="bbox 548 933 2204 1007">
     <span class='ocr_line' id='line_1_8' title="bbox 548 933 2204 1007; baseline -0.001 -19"><span class='ocrx_word' id='word_1_50' title='bbox 548 933 684 989; x_wconf 70' lang='lat' dir='ltr'>vita:</span> <span class='ocrx_word' id='word_1_51' title='bbox 713 949 882 988; x_wconf 86' lang='lat' dir='ltr'>suam</span> <span class='ocrx_word' id='word_1_52' title='bbox 908 940 1081 990; x_wconf 89' lang='lat' dir='ltr'>vocat</span> <span class='ocrx_word' id='word_1_53' title='bbox 1110 935 1481 992; x_wconf 78' lang='lat' dir='ltr'>divinitatem</span> <span class='ocrx_word' id='word_1_54' title='bbox 1511 934 1843 1007; x_wconf 88' lang='lat' dir='ltr'>:siquidem</span> <span class='ocrx_word' id='word_1_55' title='bbox 1874 934 2005 1004; x_wconf 87' lang='lat' dir='ltr'>ipsa.</span> <span class='ocrx_word' id='word_1_56' title='bbox 2033 933 2204 1004; x_wconf 87' lang='lat' dir='ltr'>panis</span> 
     </span>
    </p>
   </div>
   <div class='ocr_carea' id='block_1_9' title="bbox 551 1031 2203 1103">
    <p class='ocr_par' dir='ltr' id='par_1_9' title="bbox 551 1031 2203 1103">
     <span class='ocr_line' id='line_1_9' title="bbox 551 1031 2203 1103; baseline 0.001 -18"><span class='ocrx_word' id='word_1_57' title='bbox 551 1036 662 1098; x_wconf 89' lang='lat' dir='ltr'>est,</span> <span class='ocrx_word' id='word_1_58' title='bbox 694 1031 798 1103; x_wconf 89' lang='lat' dir='ltr'>qui</span> <span class='ocrx_word' id='word_1_59' title='bbox 846 1031 919 1086; x_wconf 90' lang='lat' dir='ltr'>de</span> <span class='ocrx_word' id='word_1_60' title='bbox 962 1032 1112 1088; x_wconf 69' lang='lat' dir='ltr'>caelo</span> <span class='ocrx_word' id='word_1_61' title='bbox 1137 1033 1459 1090; x_wconf 82' lang='lat' dir='ltr'>descendit.</span> <span class='ocrx_word' id='word_1_62' title='bbox 1522 1033 1787 1093; x_wconf 85' lang='lat' dir='ltr'>Tandem</span> <span class='ocrx_word' id='word_1_63' title='bbox 1834 1047 1976 1087; x_wconf 83' lang='lat' dir='ltr'>vero</span> <span class='ocrx_word' id='word_1_64' title='bbox 2027 1032 2203 1088; x_wconf 87' lang='lat' dir='ltr'>etiam</span> 
     </span>
    </p>
   </div>
   <div class='ocr_carea' id='block_1_10' title="bbox 551 1127 1430 1190">
    <p class='ocr_par' dir='ltr' id='par_1_10' title="bbox 551 1127 1430 1190">
     <span class='ocr_line' id='line_1_10' title="bbox 551 1127 1430 1190; baseline 0.005 -19"><span class='ocrx_word' id='word_1_65' title='bbox 551 1131 769 1187; x_wconf 86' lang='lat' dir='ltr'>corpus</span> <span class='ocrx_word' id='word_1_66' title='bbox 795 1133 962 1171; x_wconf 88' lang='lat' dir='ltr'>suum</span> <span class='ocrx_word' id='word_1_67' title='bbox 994 1127 1167 1174; x_wconf 88' lang='lat' dir='ltr'>vocat</span> <span class='ocrx_word' id='word_1_68' title='bbox 1192 1135 1430 1190; x_wconf 87' lang='lat' dir='ltr'>panem.</span> 
     </span>
    </p>
   </div>
   <div class='ocr_carea' id='block_1_11' title="bbox 623 1206 2202 1284">
    <p class='ocr_par' dir='ltr' id='par_1_11' title="bbox 623 1206 2202 1284">
     <span class='ocr_line' id='line_1_11' title="bbox 623 1206 2202 1284; baseline 0.002 -25"><span class='ocrx_word' id='word_1_69' title='bbox 623 1206 783 1260; x_wconf 87' lang='lat' dir='ltr'>Vers.</span> <span class='ocrx_word' id='word_1_70' title='bbox 815 1207 901 1262; x_wconf 84' lang='lat'>35.</span> <span class='ocrx_word' id='word_1_71' title='bbox 924 1206 1035 1274; x_wconf 83' lang='lat' dir='ltr'>Qui</span> <span class='ocrx_word' id='word_1_72' title='bbox 1048 1238 1117 1248; x_wconf 92' lang='lat'><strong>—</strong></span> <span class='ocrx_word' id='word_1_73' title='bbox 1143 1224 1413 1281; x_wconf 84' lang='lat' dir='ltr'>unquam.</span> <span class='ocrx_word' id='word_1_74' title='bbox 1442 1211 1921 1284; x_wconf 85' lang='lat' dir='ltr'>Venitquispiam</span> <span class='ocrx_word' id='word_1_75' title='bbox 1956 1209 2030 1266; x_wconf 88' lang='lat' dir='ltr'>ad</span> <span class='ocrx_word' id='word_1_76' title='bbox 2063 1223 2202 1264; x_wconf 90' lang='lat' dir='ltr'>eum</span> 
     </span>
    </p>
   </div>
   <div class='ocr_carea' id='block_1_12' title="bbox 554 1294 2203 1367">
    <p class='ocr_par' dir='ltr' id='par_1_12' title="bbox 554 1294 2203 1367">
     <span class='ocr_line' id='line_1_12' title="bbox 554 1294 2203 1367; baseline 0.001 -18"><span class='ocrx_word' id='word_1_77' title='bbox 554 1309 660 1365; x_wconf 92' lang='lat' dir='ltr'>per</span> <span class='ocrx_word' id='word_1_78' title='bbox 683 1294 865 1350; x_wconf 85' lang='lat' dir='ltr'>ﬁdem</span> <span class='ocrx_word' id='word_1_79' title='bbox 898 1296 1067 1367; x_wconf 88' lang='lat' dir='ltr'>;ipsa</span> <span class='ocrx_word' id='word_1_80' title='bbox 1088 1297 1245 1353; x_wconf 90' lang='lat' dir='ltr'>enim</span> <span class='ocrx_word' id='word_1_81' title='bbox 1264 1304 1354 1353; x_wconf 89' lang='lat' dir='ltr'>est</span> <span class='ocrx_word' id='word_1_82' title='bbox 1371 1298 1466 1355; x_wconf 85' lang='lat' dir='ltr'>via</span> <span class='ocrx_word' id='word_1_83' title='bbox 1487 1301 1563 1355; x_wconf 86' lang='lat' dir='ltr'>ad</span> <span class='ocrx_word' id='word_1_84' title='bbox 1592 1301 1779 1357; x_wconf 89' lang='lat' dir='ltr'>illum.</span> <span class='ocrx_word' id='word_1_85' title='bbox 1802 1302 1930 1355; x_wconf 88' lang='lat' dir='ltr'>Non</span> <span class='ocrx_word' id='word_1_86' title='bbox 1959 1297 2203 1364; x_wconf 89' lang='lat' dir='ltr'>esuriet,</span> 
     </span>
    </p>
   </div>
   <div class='ocr_carea' id='block_1_13' title="bbox 554 1383 2205 1460">
    <p class='ocr_par' dir='ltr' id='par_1_13' title="bbox 554 1383 2205 1460">
     <span class='ocr_line' id='line_1_13' title="bbox 554 1383 2205 1460; baseline -0.001 -21"><span class='ocrx_word' id='word_1_87' title='bbox 554 1383 765 1455; x_wconf 85' lang='lat' dir='ltr'>inquit,</span> <span class='ocrx_word' id='word_1_88' title='bbox 798 1383 954 1440; x_wconf 86' lang='lat' dir='ltr'>fame</span> <span class='ocrx_word' id='word_1_89' title='bbox 980 1401 1113 1457; x_wconf 79' lang='lat' dir='ltr'>quae</span> <span class='ocrx_word' id='word_1_90' title='bbox 1145 1386 1222 1441; x_wconf 87' lang='lat' dir='ltr'>ab</span> <span class='ocrx_word' id='word_1_91' title='bbox 1262 1388 1603 1445; x_wconf 82' lang='lat' dir='ltr'>inﬁdelitate</span> <span class='ocrx_word' id='word_1_92' title='bbox 1645 1390 1929 1460; x_wconf 80' lang='lat' dir='ltr'>procedit,</span> <span class='ocrx_word' id='word_1_93' title='bbox 1989 1392 2045 1443; x_wconf 88' lang='lat' dir='ltr'>et</span> <span class='ocrx_word' id='word_1_94' title='bbox 2083 1399 2205 1442; x_wconf 89' lang='lat' dir='ltr'>non</span> 
     </span>
    </p>
   </div>
   <div class='ocr_carea' id='block_1_14' title="bbox 558 1472 2204 1548">
    <p class='ocr_par' dir='ltr' id='par_1_14' title="bbox 558 1472 2204 1548">
     <span class='ocr_line' id='line_1_14' title="bbox 558 1472 2204 1548; baseline 0.001 -21"><span class='ocrx_word' id='word_1_95' title='bbox 558 1472 710 1528; x_wconf 84' lang='lat' dir='ltr'>sitiet</span> <span class='ocrx_word' id='word_1_96' title='bbox 740 1488 1010 1545; x_wconf 84' lang='lat' dir='ltr'>unquam</span> <span class='ocrx_word' id='word_1_97' title='bbox 1041 1475 1156 1545; x_wconf 88' lang='lat' dir='ltr'>siti,</span> <span class='ocrx_word' id='word_1_98' title='bbox 1186 1493 1322 1548; x_wconf 60' lang='lat' dir='ltr'>quas</span> <span class='ocrx_word' id='word_1_99' title='bbox 1370 1480 1449 1533; x_wconf 91' lang='lat' dir='ltr'>ab</span> <span class='ocrx_word' id='word_1_100' title='bbox 1478 1479 1885 1536; x_wconf 82' lang='lat' dir='ltr'>incredulitate</span> <span class='ocrx_word' id='word_1_101' title='bbox 1918 1477 2204 1537; x_wconf 85' lang='lat' dir='ltr'>nascitur,</span> 
     </span>
    </p>
   </div>
   <div class='ocr_carea' id='block_1_15' title="bbox 556 1562 2208 1640">
    <p class='ocr_par' dir='ltr' id='par_1_15' title="bbox 556 1562 2208 1640">
     <span class='ocr_line' id='line_1_15' title="bbox 556 1562 2208 1640; baseline 0.001 -24"><span class='ocrx_word' id='word_1_102' title='bbox 556 1562 661 1616; x_wconf 90' lang='lat' dir='ltr'>sed</span> <span class='ocrx_word' id='word_1_103' title='bbox 692 1566 883 1631; x_wconf 82' lang='lat' dir='ltr'>gratia</span> <span class='ocrx_word' id='word_1_104' title='bbox 908 1563 1110 1619; x_wconf 86' lang='lat' dir='ltr'>divina</span> <span class='ocrx_word' id='word_1_105' title='bbox 1140 1567 1417 1637; x_wconf 88' lang='lat' dir='ltr'>repletus,</span> <span class='ocrx_word' id='word_1_106' title='bbox 1442 1572 1497 1624; x_wconf 92' lang='lat' dir='ltr'>et</span> <span class='ocrx_word' id='word_1_107' title='bbox 1518 1569 1643 1640; x_wconf 85' lang='lat' dir='ltr'>ipse</span> <span class='ocrx_word' id='word_1_108' title='bbox 1674 1568 1955 1638; x_wconf 86' lang='lat' dir='ltr'>deinceps</span> <span class='ocrx_word' id='word_1_109' title='bbox 1988 1564 2208 1621; x_wconf 86' lang='lat' dir='ltr'>nullius</span> 
     </span>
    </p>
   </div>
   <div class='ocr_carea' id='block_1_16' title="bbox 1867 177 2585 238">
    <p class='ocr_par' dir='ltr' id='par_1_16' title="bbox 1867 177 2585 238">
     <span class='ocr_line' id='line_1_16' title="bbox 1867 177 2585 238; baseline -0.003 -2"><span class='ocrx_word' id='word_1_110' title='bbox 1867 177 2214 238; x_wconf 82' lang='lat' dir='ltr'>EUTHYMII</span> <span class='ocrx_word' id='word_1_111' title='bbox 2253 177 2585 236; x_wconf 82' lang='lat' dir='ltr'><strong>ZIGABENI</strong></span> 
     </span>
    </p>
   </div>
   <div class='ocr_carea' id='block_1_17' title="bbox 620 306 2275 379">
    <p class='ocr_par' dir='ltr' id='par_1_17' title="bbox 620 306 2275 379">
     <span class='ocr_line' id='line_1_17' title="bbox 620 306 2275 379; baseline -0.001 -15"><span class='ocrx_word' id='word_1_112' title='bbox 620 309 779 365; x_wconf 85' lang='lat' dir='ltr'>Vers.</span> <span class='ocrx_word' id='word_1_113' title='bbox 820 308 909 365; x_wconf 80' lang='grc'>34.</span> <span class='ocrx_word' id='word_1_114' title='bbox 938 309 1228 368; x_wconf 70' lang='lat' dir='ltr'>Dixerunt</span> <span class='ocrx_word' id='word_1_115' title='bbox 1258 340 1327 351; x_wconf 90' lang='lat'><strong><em>—</em></strong></span> <span class='ocrx_word' id='word_1_116' title='bbox 1362 308 1573 379; x_wconf 75' lang='lat' dir='ltr'>ipsum.</span> <span class='ocrx_word' id='word_1_117' title='bbox 1605 306 1816 364; x_wconf 87' lang='lat' dir='ltr'>Adhuc</span> <span class='ocrx_word' id='word_1_118' title='bbox 1856 306 2201 363; x_wconf 89' lang='lat' dir='ltr'>sensibilem</span> <span class='ocrx_word' id='word_1_119' title='bbox 2230 307 2275 362; x_wconf 81' lang='grc' dir='ltr'><strong>Α</strong></span> 
     </span>
    </p>
   </div>
   <div class='ocr_carea' id='block_1_18' title="bbox 3697 180 3795 237">
    <p class='ocr_par' dir='ltr' id='par_1_18' title="bbox 3697 180 3795 237">
     <span class='ocr_line' id='line_1_18' title="bbox 3697 180 3795 237; baseline 0.01 -1"><span class='ocrx_word' id='word_1_120' title='bbox 3697 180 3795 237; x_wconf 67' lang='grc'>1248</span> 
     </span>
    </p>
   </div>
   <div class='ocr_carea' id='block_1_19' title="bbox 2387 300 3799 376">
    <p class='ocr_par' dir='ltr' id='par_1_19' title="bbox 2387 300 3799 376">
     <span class='ocr_line' id='line_1_19' title="bbox 2387 300 3799 376; baseline 0 -16"><span class='ocrx_word' id='word_1_121' title='bbox 2387 303 2540 360; x_wconf 83' lang='grc' dir='ltr'>Εἶπον</span> <span class='ocrx_word' id='word_1_122' title='bbox 2597 336 2667 345; x_wconf 91' lang='grc'><strong><em>-</em></strong></span> <span class='ocrx_word' id='word_1_123' title='bbox 2723 310 2923 358; x_wconf 86' lang='grc' dir='ltr'>τοῦτον.</span> <span class='ocrx_word' id='word_1_124' title='bbox 2987 300 3104 358; x_wconf 83' lang='grc' dir='ltr'>’Ἐτι</span> <span class='ocrx_word' id='word_1_125' title='bbox 3156 302 3390 362; x_wconf 81' lang='grc' dir='ltr'>αἰσθητὸν</span> <span class='ocrx_word' id='word_1_126' title='bbox 3457 302 3698 376; x_wconf 72' lang='grc' dir='ltr'>νομίζοντις</span> <span class='ocrx_word' id='word_1_127' title='bbox 3736 310 3799 361; x_wconf 75' lang='grc' dir='ltr'>τὸν</span> 
     </span>
    </p>
   </div>
   <div class='ocr_carea' id='block_1_20' title="bbox 2314 391 3797 468">
    <p class='ocr_par' dir='ltr' id='par_1_20' title="bbox 2314 391 3797 468">
     <span class='ocr_line' id='line_1_20' title="bbox 2314 391 3797 468; baseline 0.002 -21"><span class='ocrx_word' id='word_1_128' title='bbox 2314 404 2546 448; x_wconf 79' lang='grc' dir='ltr'>τοιοῦτον</span> <span class='ocrx_word' id='word_1_129' title='bbox 2581 396 2733 467; x_wconf 82' lang='grc' dir='ltr'>ἄρτον</span> <span class='ocrx_word' id='word_1_130' title='bbox 2780 394 2915 463; x_wconf 77' lang='grc'><strong>(51),</strong></span> <span class='ocrx_word' id='word_1_131' title='bbox 2949 394 3048 446; x_wconf 75' lang='grc' dir='ltr'>ὑπὸ</span> <span class='ocrx_word' id='word_1_132' title='bbox 3078 392 3377 468; x_wconf 73' lang='grc' dir='ltr'>λαιμαργίας</span> <span class='ocrx_word' id='word_1_133' title='bbox 3420 391 3643 453; x_wconf 69' lang='grc' dir='ltr'>ἐζήτησαν</span> <span class='ocrx_word' id='word_1_134' title='bbox 3674 397 3797 465; x_wconf 54' lang='lat' dir='ltr'>eritis,</span> 
     </span>
    </p>
   </div>
   <div class='ocr_carea' id='block_1_21' title="bbox 2313 482 3231 556">
    <p class='ocr_par' dir='ltr' id='par_1_21' title="bbox 2313 482 3231 556">
     <span class='ocr_line' id='line_1_21' title="bbox 2313 482 3231 556; baseline -0.002 -19"><span class='ocrx_word' id='word_1_135' title='bbox 2313 485 2419 556; x_wconf 68' lang='grc' dir='ltr'>οὐχ</span> <span class='ocrx_word' id='word_1_136' title='bbox 2458 482 2797 548; x_wconf 78' lang='grc' dir='ltr'>ἇπασλαϐεῐν,</span> <span class='ocrx_word' id='word_1_137' title='bbox 2832 482 2959 535; x_wconf 73' lang='grc' dir='ltr'>ἀλλὰ</span> <span class='ocrx_word' id='word_1_138' title='bbox 2992 484 3231 535; x_wconf 73' lang='grc' dir='ltr'>πάντοτε.</span> 
     </span>
    </p>
   </div>
   <div class='ocr_carea' id='block_1_22' title="bbox 2386 569 3801 645">
    <p class='ocr_par' dir='ltr' id='par_1_22' title="bbox 2386 569 3801 645">
     <span class='ocr_line' id='line_1_22' title="bbox 2386 569 3801 645; baseline 0.001 -20"><span class='ocrx_word' id='word_1_139' title='bbox 2386 569 2509 626; x_wconf 82' lang='grc' dir='ltr'>Εἶπε</span> <span class='ocrx_word' id='word_1_140' title='bbox 2542 604 2611 613; x_wconf 90' lang='grc'><strong>-</strong></span> <span class='ocrx_word' id='word_1_141' title='bbox 2660 573 2819 633; x_wconf 77' lang='grc' dir='ltr'>ζωῆς.</span> <span class='ocrx_word' id='word_1_142' title='bbox 2871 571 2931 626; x_wconf 79' lang='grc' dir='ltr'><strong>Ὀ</strong></span> <span class='ocrx_word' id='word_1_143' title='bbox 2979 574 3134 645; x_wconf 79' lang='grc' dir='ltr'>ἄρτος</span> <span class='ocrx_word' id='word_1_144' title='bbox 3189 573 3214 623; x_wconf 96' lang='lat'>6</span> <span class='ocrx_word' id='word_1_145' title='bbox 3267 572 3471 643; x_wconf 75' lang='grc' dir='ltr'>ζωηρὸς,</span> <span class='ocrx_word' id='word_1_146' title='bbox 3511 573 3533 623; x_wconf 83' lang='grc' dir='ltr'><strong>ὁ</strong></span> <span class='ocrx_word' id='word_1_147' title='bbox 3567 576 3677 635; x_wconf 77' lang='grc' dir='ltr'>ζωὴν</span> <span class='ocrx_word' id='word_1_148' title='bbox 3716 574 3801 626; x_wconf 75' lang='grc' dir='ltr'>αἰώ-</span> 
     </span>
    </p>
   </div>
   <div class='ocr_carea' id='block_1_23' title="bbox 2313 658 3801 736">
    <p class='ocr_par' dir='ltr' id='par_1_23' title="bbox 2313 658 3801 736">
     <span class='ocr_line' id='line_1_23' title="bbox 2313 658 3801 736; baseline 0.001 -23"><span class='ocrx_word' id='word_1_149' title='bbox 2313 682 2417 715; x_wconf 86' lang='grc' dir='ltr'>νιον</span> <span class='ocrx_word' id='word_1_150' title='bbox 2450 658 2657 725; x_wconf 73' lang='grc' dir='ltr'>διδοὺς,</span> <span class='ocrx_word' id='word_1_151' title='bbox 2691 665 2757 725; x_wconf 78' lang='grc' dir='ltr'><strong>ὡς</strong></span> <span class='ocrx_word' id='word_1_152' title='bbox 2797 666 3018 736; x_wconf 79' lang='grc' dir='ltr'>εἴρηται.</span> <span class='ocrx_word' id='word_1_153' title='bbox 3052 665 3169 719; x_wconf 78' lang='grc' dir='ltr'>Ζωὴ</span> <span class='ocrx_word' id='word_1_154' title='bbox 3210 663 3305 735; x_wconf 71' lang='grc' dir='ltr'>γὰρ</span> <span class='ocrx_word' id='word_1_155' title='bbox 3337 667 3510 735; x_wconf 81' lang='grc' dir='ltr'>κυρίως</span> <span class='ocrx_word' id='word_1_156' title='bbox 3550 664 3575 720; x_wconf 77' lang='grc' dir='ltr'>ἡ</span> <span class='ocrx_word' id='word_1_157' title='bbox 3621 662 3801 725; x_wconf 71' lang='grc' dir='ltr'>αἰώνιος·</span> 
     </span>
    </p>
   </div>
   <div class='ocr_carea' id='block_1_24' title="bbox 2314 749 3803 825">
    <p class='ocr_par' dir='ltr' id='par_1_24' title="bbox 2314 749 3803 825">
     <span class='ocr_line' id='line_1_24' title="bbox 2314 749 3803 825; baseline 0 -22"><span class='ocrx_word' id='word_1_158' title='bbox 2314 754 2343 810; x_wconf 84' lang='grc' dir='ltr'>ἡ</span> <span class='ocrx_word' id='word_1_159' title='bbox 2372 756 2473 825; x_wconf 75' lang='grc' dir='ltr'>γὰρ</span> <span class='ocrx_word' id='word_1_160' title='bbox 2517 757 2834 825; x_wconf 80' lang='grc' dir='ltr'>πρόσκαιρος</span> <span class='ocrx_word' id='word_1_161' title='bbox 2888 751 2946 803; x_wconf 71' lang='grc' dir='ltr'>οὐ</span> <span class='ocrx_word' id='word_1_162' title='bbox 2978 756 3168 824; x_wconf 78' lang='grc' dir='ltr'>κυρίως</span> <span class='ocrx_word' id='word_1_163' title='bbox 3202 755 3327 817; x_wconf 73' lang='grc' dir='ltr'>ζωή,</span> <span class='ocrx_word' id='word_1_164' title='bbox 3378 749 3474 801; x_wconf 69' lang='grc' dir='ltr'>ἀλλ’</span> <span class='ocrx_word' id='word_1_165' title='bbox 3522 751 3646 803; x_wconf 83' lang='grc' dir='ltr'>εἰκὼν</span> <span class='ocrx_word' id='word_1_166' title='bbox 3688 754 3803 813; x_wconf 73' lang='grc' dir='ltr'><strong>ζωῆς.</strong></span> 
     </span>
    </p>
   </div>
   <div class='ocr_carea' id='block_1_25' title="bbox 2313 838 3802 916">
    <p class='ocr_par' dir='ltr' id='par_1_25' title="bbox 2313 838 3802 916">
     <span class='ocr_line' id='line_1_25' title="bbox 2313 838 3802 916; baseline -0.001 -23"><span class='ocrx_word' id='word_1_167' title='bbox 2313 841 2501 916; x_wconf 80' lang='grc' dir='ltr'>Ἀρτον</span> <span class='ocrx_word' id='word_1_168' title='bbox 2536 838 2594 893; x_wconf 79' lang='grc' dir='ltr'>δὲ</span> <span class='ocrx_word' id='word_1_169' title='bbox 2655 841 2770 911; x_wconf 81' lang='grc'><strong>(52)</strong></span> <span class='ocrx_word' id='word_1_170' title='bbox 2801 842 2936 901; x_wconf 74' lang='grc' dir='ltr'><strong>ζωῆς</strong></span> <span class='ocrx_word' id='word_1_171' title='bbox 2964 844 3056 898; x_wconf 74' lang='grc' dir='ltr'>τὴν</span> <span class='ocrx_word' id='word_1_172' title='bbox 3114 842 3327 896; x_wconf 73' lang='grc' dir='ltr'>θεὸτητα</span> <span class='ocrx_word' id='word_1_173' title='bbox 3380 838 3543 891; x_wconf 72' lang='grc' dir='ltr'>ἑαυτοῦ</span> <span class='ocrx_word' id='word_1_174' title='bbox 3583 839 3802 911; x_wconf 53' lang='grc' dir='ltr'>λέγεινὴ·</span> 
     </span>
    </p>
   </div>
   <div class='ocr_carea' id='block_1_26' title="bbox 2315 926 3810 1005">
    <p class='ocr_par' dir='ltr' id='par_1_26' title="bbox 2315 926 3810 1005">
     <span class='ocr_line' id='line_1_26' title="bbox 2315 926 3810 1005; baseline -0.002 -22"><span class='ocrx_word' id='word_1_175' title='bbox 2315 931 2443 990; x_wconf 70' lang='grc' dir='ltr'>αὕτη</span> <span class='ocrx_word' id='word_1_176' title='bbox 2474 933 2575 1005; x_wconf 71' lang='grc' dir='ltr'>γὰρ</span> <span class='ocrx_word' id='word_1_177' title='bbox 2608 932 2766 1004; x_wconf 79' lang='grc' dir='ltr'>ἄρτος</span> <span class='ocrx_word' id='word_1_178' title='bbox 2795 928 2849 981; x_wconf 75' lang='grc' dir='ltr'><em>ἐκ</em></span> <span class='ocrx_word' id='word_1_179' title='bbox 2878 938 2968 982; x_wconf 81' lang='grc' dir='ltr'>τοῦ</span> <span class='ocrx_word' id='word_1_180' title='bbox 2997 928 3221 1002; x_wconf 66' lang='grc' dir='ltr'>οὐρανοῦ</span> <span class='ocrx_word' id='word_1_181' title='bbox 3242 926 3476 990; x_wconf 75' lang='grc' dir='ltr'>καταϐάς.</span> <span class='ocrx_word' id='word_1_182' title='bbox 3502 932 3619 1002; x_wconf 80' lang='grc' dir='ltr'>Πρὸς</span> <span class='ocrx_word' id='word_1_183' title='bbox 3640 939 3697 999; x_wconf 79' lang='grc' dir='ltr'>τῷ</span> <span class='ocrx_word' id='word_1_184' title='bbox 3720 929 3810 982; x_wconf 73' lang='grc' dir='ltr'>τίλει</span> 
     </span>
    </p>
   </div>
   <div class='ocr_carea' id='block_1_27' title="bbox 2315 1018 3347 1095">
    <p class='ocr_par' dir='ltr' id='par_1_27' title="bbox 2315 1018 3347 1095">
     <span class='ocr_line' id='line_1_27' title="bbox 2315 1018 3347 1095; baseline -0.001 -21"><span class='ocrx_word' id='word_1_185' title='bbox 2315 1019 2375 1074; x_wconf 63' lang='grc' dir='ltr'>δὲ</span> <span class='ocrx_word' id='word_1_186' title='bbox 2399 1026 2487 1074; x_wconf 83' lang='grc' dir='ltr'>καὶ</span> <span class='ocrx_word' id='word_1_187' title='bbox 2517 1024 2575 1073; x_wconf 87' lang='grc' dir='ltr'>τὸ</span> <span class='ocrx_word' id='word_1_188' title='bbox 2608 1020 2793 1073; x_wconf 80' lang='grc' dir='ltr'>ἑαυτοῦ</span> <span class='ocrx_word' id='word_1_189' title='bbox 2822 1028 2975 1092; x_wconf 76' lang='grc' dir='ltr'><em>σῶμα</em></span> <span class='ocrx_word' id='word_1_190' title='bbox 3002 1021 3157 1095; x_wconf 80' lang='grc' dir='ltr'>ἄρτον</span> <span class='ocrx_word' id='word_1_191' title='bbox 3189 1018 3347 1073; x_wconf 79' lang='grc' dir='ltr'>καλεῖ.</span> 
     </span>
    </p>
   </div>
   <div class='ocr_carea' id='block_1_28' title="bbox 2382 1193 3813 1272">
    <p class='ocr_par' dir='ltr' id='par_1_28' title="bbox 2382 1193 3813 1272">
     <span class='ocr_line' id='line_1_28' title="bbox 2382 1193 3813 1272; baseline -0.003 -21"><span class='ocrx_word' id='word_1_192' title='bbox 2382 1197 2441 1252; x_wconf 79' lang='grc' dir='ltr'>Ὀ</span> <span class='ocrx_word' id='word_1_193' title='bbox 2470 1231 2538 1239; x_wconf 92' lang='lat'>—-</span> <span class='ocrx_word' id='word_1_194' title='bbox 2575 1204 2801 1251; x_wconf 79' lang='grc' dir='ltr'><strong>πώποτε.</strong></span> <span class='ocrx_word' id='word_1_195' title='bbox 2856 1198 3112 1272; x_wconf 79' lang='grc' dir='ltr'>Ἕρχεταί</span> <span class='ocrx_word' id='word_1_196' title='bbox 3158 1217 3236 1260; x_wconf 83' lang='grc' dir='ltr'>τις</span> <span class='ocrx_word' id='word_1_197' title='bbox 3288 1200 3405 1271; x_wconf 81' lang='grc' dir='ltr'><strong>πρὸς</strong></span> <span class='ocrx_word' id='word_1_198' title='bbox 3456 1196 3593 1248; x_wconf 69' lang='grc' dir='ltr'>αὐτὸν</span> <span class='ocrx_word' id='word_1_199' title='bbox 3642 1193 3717 1249; x_wconf 76' lang='grc' dir='ltr'>διὰ</span> <span class='ocrx_word' id='word_1_200' title='bbox 3747 1206 3813 1258; x_wconf 71' lang='grc' dir='ltr'>τῆς</span> 
     </span>
    </p>
   </div>
   <div class='ocr_carea' id='block_1_29' title="bbox 2314 1284 3815 1360">
    <p class='ocr_par' dir='ltr' id='par_1_29' title="bbox 2314 1284 3815 1360">
     <span class='ocr_line' id='line_1_29' title="bbox 2314 1284 3815 1360; baseline -0.003 -19"><span class='ocrx_word' id='word_1_201' title='bbox 2314 1292 2538 1351; x_wconf 81' lang='grc' dir='ltr'>πίστεως</span> <span class='ocrx_word' id='word_1_202' title='bbox 2564 1308 2576 1321; x_wconf 91' lang='grc'><strong>·</strong></span> <span class='ocrx_word' id='word_1_203' title='bbox 2634 1288 2763 1347; x_wconf 81' lang='grc' dir='ltr'>αὕτη</span> <span class='ocrx_word' id='word_1_204' title='bbox 2790 1292 2891 1360; x_wconf 74' lang='grc' dir='ltr'>γὰρ</span> <span class='ocrx_word' id='word_1_205' title='bbox 2946 1291 2975 1346; x_wconf 78' lang='grc' dir='ltr'><strong>ἡ</strong></span> <span class='ocrx_word' id='word_1_206' title='bbox 3184 1284 3307 1348; x_wconf 69' lang='grc' dir='ltr'>ὁδὸς</span> <span class='ocrx_word' id='word_1_207' title='bbox 3335 1291 3452 1358; x_wconf 83' lang='grc' dir='ltr'><strong>πρὸς</strong></span> <span class='ocrx_word' id='word_1_208' title='bbox 3487 1286 3638 1339; x_wconf 68' lang='grc' dir='ltr'>αὐτόν.</span> <span class='ocrx_word' id='word_1_209' title='bbox 3662 1286 3722 1338; x_wconf 70' lang='grc' dir='ltr'>Οὐ</span> <span class='ocrx_word' id='word_1_210' title='bbox 3764 1291 3815 1356; x_wconf 68' lang='grc' dir='ltr'>μὴ</span> 
     </span>
    </p>
   </div>
   <div class='ocr_carea' id='block_1_30' title="bbox 2318 1374 3818 1450">
    <p class='ocr_par' dir='ltr' id='par_1_30' title="bbox 2318 1374 3818 1450">
     <span class='ocr_line' id='line_1_30' title="bbox 2318 1374 3818 1450; baseline -0.004 -20"><span class='ocrx_word' id='word_1_211' title='bbox 2318 1381 2557 1450; x_wconf 75' lang='grc' dir='ltr'>πεινάσῃ,</span> <span class='ocrx_word' id='word_1_212' title='bbox 2608 1384 2760 1450; x_wconf 76' lang='grc' dir='ltr'><em>φησι,</em></span> <span class='ocrx_word' id='word_1_213' title='bbox 2793 1383 2885 1436; x_wconf 76' lang='grc' dir='ltr'>τὴν</span> <span class='ocrx_word' id='word_1_214' title='bbox 2920 1376 3018 1430; x_wconf 75' lang='grc' dir='ltr'>ἀπὸ</span> <span class='ocrx_word' id='word_1_215' title='bbox 3064 1386 3158 1439; x_wconf 80' lang='grc' dir='ltr'>τῆς</span> <span class='ocrx_word' id='word_1_216' title='bbox 3199 1375 3439 1438; x_wconf 68' lang='grc' dir='ltr'>ἀπιστίας</span> <span class='ocrx_word' id='word_1_217' title='bbox 3458 1383 3612 1428; x_wconf 80' lang='grc' dir='ltr'>πεῖναν</span> <span class='ocrx_word' id='word_1_218' title='bbox 3637 1392 3647 1403; x_wconf 84' lang='grc'><strong>·</strong></span> <span class='ocrx_word' id='word_1_219' title='bbox 3671 1380 3741 1426; x_wconf 85' lang='grc' dir='ltr'>καὶ</span> <span class='ocrx_word' id='word_1_220' title='bbox 3779 1374 3818 1425; x_wconf 65' lang='grc' dir='ltr'>οὗ</span> 
     </span>
    </p>
   </div>
   <div class='ocr_carea' id='block_1_31' title="bbox 2318 1460 3822 1539">
    <p class='ocr_par' dir='ltr' id='par_1_31' title="bbox 2318 1460 3822 1539">
     <span class='ocr_line' id='line_1_31' title="bbox 2318 1460 3822 1539; baseline -0.003 -20"><span class='ocrx_word' id='word_1_221' title='bbox 2318 1471 2389 1538; x_wconf 81' lang='grc' dir='ltr'>μὴ</span> <span class='ocrx_word' id='word_1_222' title='bbox 2438 1463 2646 1539; x_wconf 69' lang='grc' dir='ltr'>διψήσῃ</span> <span class='ocrx_word' id='word_1_223' title='bbox 2693 1472 2896 1519; x_wconf 85' lang='grc' dir='ltr'><strong>πώποτε</strong></span> <span class='ocrx_word' id='word_1_224' title='bbox 2943 1472 3034 1524; x_wconf 82' lang='grc' dir='ltr'>τὴν</span> <span class='ocrx_word' id='word_1_225' title='bbox 3092 1466 3192 1517; x_wconf 81' lang='grc' dir='ltr'><strong>ἀπὸ</strong></span> <span class='ocrx_word' id='word_1_226' title='bbox 3242 1474 3336 1527; x_wconf 79' lang='grc' dir='ltr'>τῆς</span> <span class='ocrx_word' id='word_1_227' title='bbox 3400 1464 3624 1524; x_wconf 76' lang='grc' dir='ltr'>ἀπιστίας</span> <span class='ocrx_word' id='word_1_228' title='bbox 3672 1460 3822 1533; x_wconf 43' lang='lat' dir='ltr'>arte.</span> 
     </span>
    </p>
   </div>
   <div class='ocr_carea' id='block_1_32' title="bbox 2320 1549 3824 1628">
    <p class='ocr_par' dir='ltr' id='par_1_32' title="bbox 2320 1549 3824 1628">
     <span class='ocr_line' id='line_1_32' title="bbox 2320 1549 3824 1628; baseline -0.003 -21"><span class='ocrx_word' id='word_1_229' title='bbox 2320 1554 2447 1608; x_wconf 74' lang='grc' dir='ltr'>ἀλλά</span> <span class='ocrx_word' id='word_1_230' title='bbox 2482 1558 2735 1618; x_wconf 80' lang='grc' dir='ltr'>πλησθεὶς</span> <span class='ocrx_word' id='word_1_231' title='bbox 2764 1564 2858 1617; x_wconf 82' lang='grc' dir='ltr'>τῆς</span> <span class='ocrx_word' id='word_1_232' title='bbox 2888 1558 3027 1617; x_wconf 81' lang='grc' dir='ltr'>θείας</span> <span class='ocrx_word' id='word_1_233' title='bbox 3068 1558 3295 1628; x_wconf 77' lang='grc' dir='ltr'>χάριτος</span> <span class='ocrx_word' id='word_1_234' title='bbox 3338 1554 3481 1614; x_wconf 76' lang='grc' dir='ltr'>αὐτὸς</span> <span class='ocrx_word' id='word_1_235' title='bbox 3512 1573 3558 1606; x_wconf 81' lang='grc' dir='ltr'>τε</span> <span class='ocrx_word' id='word_1_236' title='bbox 3596 1549 3824 1625; x_wconf 67' lang='grc' dir='ltr'>ἀπροσδεὲς</span> 
     </span>
    </p>
   </div>
   <div class='ocr_carea' id='block_1_33' title="bbox 555 1637 2214 1727">
    <p class='ocr_par' dir='ltr' id='par_1_33' title="bbox 555 1637 2206 1727">
     <span class='ocr_line' id='line_1_33' title="bbox 555 1637 2206 1727; baseline 0.003 -22"><span class='ocrx_word' id='word_1_237' title='bbox 555 1650 863 1721; x_wconf 85' lang='lat' dir='ltr'>indigebit,</span> <span class='ocrx_word' id='word_1_238' title='bbox 895 1653 997 1708; x_wconf 91' lang='lat' dir='ltr'>sed</span> <span class='ocrx_word' id='word_1_239' title='bbox 1020 1654 1146 1710; x_wconf 89' lang='lat' dir='ltr'>aliis</span> <span class='ocrx_word' id='word_1_240' title='bbox 1189 1657 1385 1727; x_wconf 87' lang='lat' dir='ltr'>potius</span> <span class='ocrx_word' id='word_1_241' title='bbox 1414 1637 1749 1714; x_wconf 84' lang='lat' dir='ltr'>necessaria</span> <span class='ocrx_word' id='word_1_242' title='bbox 1790 1637 2206 1712; x_wconf 86' lang='lat' dir='ltr'>subministra-</span> 
     </span>
    </p>
   </div>
   <div class='ocr_carea' id='block_1_34' title="bbox 2328 1637 3825 1727">
    <p class='ocr_par' dir='ltr' id='par_1_34' title="bbox 2328 1637 3825 1718">
     <span class='ocr_line' id='line_1_34' title="bbox 2328 1637 3825 1718; baseline -0.004 -21"><span class='ocrx_word' id='word_1_243' title='bbox 2328 1647 2468 1697; x_wconf 73' lang='grc' dir='ltr'>ἔσται</span> <span class='ocrx_word' id='word_1_244' title='bbox 2495 1644 2693 1707; x_wconf 75' lang='grc' dir='ltr'>λοιπὸν,</span> <span class='ocrx_word' id='word_1_245' title='bbox 2725 1650 2815 1697; x_wconf 82' lang='grc' dir='ltr'><em>καὶ</em></span> <span class='ocrx_word' id='word_1_246' title='bbox 2863 1645 3051 1718; x_wconf 77' lang='grc' dir='ltr'>ἑτέροις</span> <span class='ocrx_word' id='word_1_247' title='bbox 3080 1645 3269 1718; x_wconf 77' lang='grc' dir='ltr'>μᾶλλον</span> <span class='ocrx_word' id='word_1_248' title='bbox 3300 1642 3574 1717; x_wconf 76' lang='grc' dir='ltr'>ἐπαρκέσει,</span> <span class='ocrx_word' id='word_1_249' title='bbox 3613 1637 3825 1694; x_wconf 68' lang='grc' dir='ltr'>διδάσκων</span> 
     </span>
    </p>
   </div>
   <div class='ocr_carea' id='block_1_35' title="bbox 556 1739 1485 1805">
    <p class='ocr_par' dir='ltr' id='par_1_35' title="bbox 556 1739 1485 1805">
     <span class='ocr_line' id='line_1_35' title="bbox 556 1739 1485 1805; baseline 0.006 -10"><span class='ocrx_word' id='word_1_250' title='bbox 556 1739 660 1805; x_wconf 86' lang='lat' dir='ltr'>bit,</span> <span class='ocrx_word' id='word_1_251' title='bbox 684 1740 905 1796; x_wconf 89' lang='lat' dir='ltr'>docens</span> <span class='ocrx_word' id='word_1_252' title='bbox 932 1758 1000 1797; x_wconf 92' lang='lat' dir='ltr'>ac</span> <span class='ocrx_word' id='word_1_253' title='bbox 1031 1744 1307 1800; x_wconf 86' lang='lat' dir='ltr'>erudiens</span> <span class='ocrx_word' id='word_1_254' title='bbox 1336 1746 1485 1802; x_wconf 89' lang='lat' dir='ltr'>illos.</span> 
     </span>
    </p>
   </div>
   <div class='ocr_carea' id='block_1_36' title="bbox 628 1828 2205 1901">
    <p class='ocr_par' dir='ltr' id='par_1_36' title="bbox 628 1828 2205 1901">
     <span class='ocr_line' id='line_1_36' title="bbox 628 1828 2205 1901; baseline 0.002 -17"><span class='ocrx_word' id='word_1_255' title='bbox 628 1828 795 1886; x_wconf 84' lang='lat' dir='ltr'>Vers.</span> <span class='ocrx_word' id='word_1_256' title='bbox 844 1835 931 1886; x_wconf 87' lang='lat'>36.</span> <span class='ocrx_word' id='word_1_257' title='bbox 976 1834 1096 1889; x_wconf 88' lang='lat' dir='ltr'>Sed</span> <span class='ocrx_word' id='word_1_258' title='bbox 1142 1865 1209 1874; x_wconf 85' lang='lat'><strong>-</strong></span> <span class='ocrx_word' id='word_1_259' title='bbox 1248 1836 1595 1891; x_wconf 81' lang='lat' dir='ltr'>credidistis.</span> <span class='ocrx_word' id='word_1_260' title='bbox 1642 1836 1878 1892; x_wconf 87' lang='lat' dir='ltr'>Vidistis</span> <span class='ocrx_word' id='word_1_261' title='bbox 1919 1851 2033 1901; x_wconf 88' lang='lat' dir='ltr'>me,</span> <span class='ocrx_word' id='word_1_262' title='bbox 2081 1832 2205 1889; x_wconf 88' lang='lat' dir='ltr'>sive</span> 
     </span>
    </p>
   </div>
   <div class='ocr_carea' id='block_1_37' title="bbox 559 1921 2205 1993">
    <p class='ocr_par' dir='ltr' id='par_1_37' title="bbox 559 1921 2205 1993">
     <span class='ocr_line' id='line_1_37' title="bbox 559 1921 2205 1993; baseline 0.006 -20"><span class='ocrx_word' id='word_1_263' title='bbox 559 1921 926 1989; x_wconf 83' lang='lat' dir='ltr'>cognovistis</span> <span class='ocrx_word' id='word_1_264' title='bbox 958 1923 1091 1993; x_wconf 88' lang='lat' dir='ltr'>quis</span> <span class='ocrx_word' id='word_1_265' title='bbox 1112 1939 1218 1993; x_wconf 87' lang='lat' dir='ltr'>ego</span> <span class='ocrx_word' id='word_1_266' title='bbox 1250 1926 1382 1993; x_wconf 89' lang='lat' dir='ltr'>sim,</span> <span class='ocrx_word' id='word_1_267' title='bbox 1421 1931 1475 1981; x_wconf 87' lang='lat' dir='ltr'>et</span> <span class='ocrx_word' id='word_1_268' title='bbox 1497 1943 1533 1981; x_wconf 86' lang='lat' dir='ltr'>a</span> <span class='ocrx_word' id='word_1_269' title='bbox 1562 1926 1897 1981; x_wconf 87' lang='lat' dir='ltr'>testimonio</span> <span class='ocrx_word' id='word_1_270' title='bbox 1941 1924 2205 1983; x_wconf 75' lang='lat' dir='ltr'>Joannis.</span> 
     </span>
    </p>
   </div>
   <div class='ocr_carea' id='block_1_38' title="bbox 559 2009 2208 2085">
    <p class='ocr_par' dir='ltr' id='par_1_38' title="bbox 559 2009 2208 2085">
     <span class='ocr_line' id='line_1_38' title="bbox 559 2009 2208 2085; baseline 0.002 -22"><span class='ocrx_word' id='word_1_271' title='bbox 559 2012 617 2063; x_wconf 91' lang='lat' dir='ltr'>et</span> <span class='ocrx_word' id='word_1_272' title='bbox 656 2024 691 2065; x_wconf 88' lang='lat' dir='ltr'>a</span> <span class='ocrx_word' id='word_1_273' title='bbox 723 2009 908 2079; x_wconf 82' lang='lat' dir='ltr'>signis</span> <span class='ocrx_word' id='word_1_274' title='bbox 948 2027 1083 2081; x_wconf 79' lang='lat' dir='ltr'>quae</span> <span class='ocrx_word' id='word_1_275' title='bbox 1110 2014 1281 2079; x_wconf 83' lang='lat' dir='ltr'>edidi,</span> <span class='ocrx_word' id='word_1_276' title='bbox 1323 2020 1381 2069; x_wconf 88' lang='lat' dir='ltr'>et</span> <span class='ocrx_word' id='word_1_277' title='bbox 1406 2030 1441 2071; x_wconf 91' lang='lat' dir='ltr'>a</span> <span class='ocrx_word' id='word_1_278' title='bbox 1491 2016 1825 2071; x_wconf 87' lang='lat' dir='ltr'>testimonio</span> <span class='ocrx_word' id='word_1_279' title='bbox 1883 2015 2208 2085; x_wconf 87' lang='lat' dir='ltr'>Scriptura-</span> 
     </span>
    </p>
   </div>
   <div class='ocr_carea' id='block_1_39' title="bbox 559 2100 2208 2175">
    <p class='ocr_par' dir='ltr' id='par_1_39' title="bbox 559 2100 2208 2175">
     <span class='ocr_line' id='line_1_39' title="bbox 559 2100 2208 2175; baseline 0.003 -23"><span class='ocrx_word' id='word_1_280' title='bbox 559 2113 713 2163; x_wconf 88' lang='lat' dir='ltr'>rum,</span> <span class='ocrx_word' id='word_1_281' title='bbox 747 2114 898 2171; x_wconf 88' lang='lat' dir='ltr'>quas</span> <span class='ocrx_word' id='word_1_282' title='bbox 941 2100 1111 2157; x_wconf 86' lang='lat' dir='ltr'>vobis</span> <span class='ocrx_word' id='word_1_283' title='bbox 1163 2104 1389 2175; x_wconf 89' lang='lat' dir='ltr'>aperui,</span> <span class='ocrx_word' id='word_1_284' title='bbox 1438 2105 1541 2159; x_wconf 92' lang='lat' dir='ltr'>sed</span> <span class='ocrx_word' id='word_1_285' title='bbox 1590 2105 1922 2160; x_wconf 82' lang='lat' dir='ltr'>voluntarie</span> <span class='ocrx_word' id='word_1_286' title='bbox 1984 2102 2208 2158; x_wconf 89' lang='lat' dir='ltr'>malum</span> 
     </span>
    </p>
   </div>
   <div class='ocr_carea' id='block_1_40' title="bbox 558 2191 2209 2259">
    <p class='ocr_par' dir='ltr' id='par_1_40' title="bbox 558 2191 2209 2259">
     <span class='ocr_line' id='line_1_40' title="bbox 558 2191 2209 2259; baseline 0.004 -19"><span class='ocrx_word' id='word_1_287' title='bbox 558 2192 876 2257; x_wconf 87' lang='lat' dir='ltr'>operantes</span> <span class='ocrx_word' id='word_1_288' title='bbox 907 2204 1029 2244; x_wconf 88' lang='lat' dir='ltr'>non</span> <span class='ocrx_word' id='word_1_289' title='bbox 1077 2192 1335 2246; x_wconf 85' lang='lat' dir='ltr'>creditis.</span> <span class='ocrx_word' id='word_1_290' title='bbox 1388 2193 1640 2259; x_wconf 83' lang='lat' dir='ltr'>Quando</span> <span class='ocrx_word' id='word_1_291' title='bbox 1688 2200 1888 2248; x_wconf 89' lang='lat' dir='ltr'>autem</span> <span class='ocrx_word' id='word_1_292' title='bbox 1938 2193 2048 2248; x_wconf 86' lang='lat' dir='ltr'>hoc</span> <span class='ocrx_word' id='word_1_293' title='bbox 2093 2191 2209 2247; x_wconf 82' lang='lat' dir='ltr'>illis</span> 
     </span>
    </p>
   </div>
   <div class='ocr_carea' id='block_1_41' title="bbox 560 2275 2211 2353">
    <p class='ocr_par' dir='ltr' id='par_1_41' title="bbox 560 2275 2211 2353">
     <span class='ocr_line' id='line_1_41' title="bbox 560 2275 2211 2353; baseline 0.002 -22"><span class='ocrx_word' id='word_1_294' title='bbox 560 2275 703 2332; x_wconf 84' lang='lat' dir='ltr'>dixit</span> <span class='ocrx_word' id='word_1_295' title='bbox 740 2276 768 2333; x_wconf 81' lang='lat'><strong><em>?</em></strong></span> <span class='ocrx_word' id='word_1_296' title='bbox 798 2275 1122 2334; x_wconf 87' lang='lat' dir='ltr'>Verisimile</span> <span class='ocrx_word' id='word_1_297' title='bbox 1152 2281 1390 2353; x_wconf 90' lang='lat' dir='ltr'>quidem</span> <span class='ocrx_word' id='word_1_298' title='bbox 1421 2288 1509 2338; x_wconf 91' lang='lat' dir='ltr'>est</span> <span class='ocrx_word' id='word_1_299' title='bbox 1537 2283 1651 2339; x_wconf 88' lang='lat' dir='ltr'>hoc</span> <span class='ocrx_word' id='word_1_300' title='bbox 1679 2283 1901 2338; x_wconf 88' lang='lat' dir='ltr'>dictum</span> <span class='ocrx_word' id='word_1_301' title='bbox 1923 2298 2072 2348; x_wconf 90' lang='lat' dir='ltr'>esse,</span> <span class='ocrx_word' id='word_1_302' title='bbox 2104 2280 2211 2336; x_wconf 83' lang='lat' dir='ltr'>etsi</span> 
     </span>
    </p>
   </div>
   <div class='ocr_carea' id='block_1_42' title="bbox 560 2364 1133 2436">
    <p class='ocr_par' dir='ltr' id='par_1_42' title="bbox 560 2364 1133 2436">
     <span class='ocr_line' id='line_1_42' title="bbox 560 2364 1133 2436; baseline 0.009 -17"><span class='ocrx_word' id='word_1_303' title='bbox 560 2364 845 2436; x_wconf 88' lang='lat' dir='ltr'>scriptum</span> <span class='ocrx_word' id='word_1_304' title='bbox 886 2382 1005 2422; x_wconf 90' lang='lat' dir='ltr'>non</span> <span class='ocrx_word' id='word_1_305' title='bbox 1039 2368 1133 2425; x_wconf 91' lang='lat' dir='ltr'>sit.</span> 
     </span>
    </p>
   </div>
   <div class='ocr_carea' id='block_1_43' title="bbox 632 2455 2216 2517">
    <p class='ocr_par' dir='ltr' id='par_1_43' title="bbox 632 2455 2216 2517">
     <span class='ocr_line' id='line_1_43' title="bbox 632 2455 2216 2517; baseline 0.006 -12"><span class='ocrx_word' id='word_1_306' title='bbox 632 2455 803 2512; x_wconf 88' lang='lat' dir='ltr'>Vers.</span> <span class='ocrx_word' id='word_1_307' title='bbox 866 2460 953 2513; x_wconf 90' lang='lat'>37.</span> <span class='ocrx_word' id='word_1_308' title='bbox 1003 2458 1185 2515; x_wconf 84' lang='lat' dir='ltr'>Omne</span> <span class='ocrx_word' id='word_1_309' title='bbox 1240 2491 1307 2500; x_wconf 92' lang='lat'><strong><em>—</em></strong></span> <span class='ocrx_word' id='word_1_310' title='bbox 1354 2460 1562 2517; x_wconf 78' lang='lat' dir='ltr'>veniet.</span> <span class='ocrx_word' id='word_1_311' title='bbox 1618 2468 1736 2517; x_wconf 81' lang='lat' dir='ltr'>Hoc</span> <span class='ocrx_word' id='word_1_312' title='bbox 1782 2476 2058 2516; x_wconf 84' lang='lat' dir='ltr'>sermone</span> <span class='ocrx_word' id='word_1_313' title='bbox 2116 2459 2216 2515; x_wconf 91' lang='lat' dir='ltr'>de-</span> 
     </span>
    </p>
   </div>
   <div class='ocr_carea' id='block_1_44' title="bbox 564 2548 2213 2620">
    <p class='ocr_par' dir='ltr' id='par_1_44' title="bbox 564 2548 2213 2620">
     <span class='ocr_line' id='line_1_44' title="bbox 564 2548 2213 2620; baseline 0.003 -23"><span class='ocrx_word' id='word_1_314' title='bbox 564 2548 1061 2617; x_wconf 89' lang='lat' dir='ltr'>monstrat,quod</span> <span class='ocrx_word' id='word_1_315' title='bbox 1096 2548 1264 2603; x_wconf 89' lang='lat' dir='ltr'>Pater</span> <span class='ocrx_word' id='word_1_316' title='bbox 1294 2550 1536 2605; x_wconf 79' lang='lat' dir='ltr'>adducit</span> <span class='ocrx_word' id='word_1_317' title='bbox 1561 2552 1611 2606; x_wconf 90' lang='lat' dir='ltr'>ei</span> <span class='ocrx_word' id='word_1_318' title='bbox 1643 2551 1953 2606; x_wconf 87' lang='lat' dir='ltr'>credentes</span> <span class='ocrx_word' id='word_1_319' title='bbox 1980 2566 1993 2605; x_wconf 90' lang='lat'>:</span> <span class='ocrx_word' id='word_1_320' title='bbox 2032 2548 2213 2620; x_wconf 85' lang='lat' dir='ltr'>siqui-</span> 
     </span>
    </p>
   </div>
   <div class='ocr_carea' id='block_1_45' title="bbox 564 2632 2214 2711">
    <p class='ocr_par' dir='ltr' id='par_1_45' title="bbox 564 2632 2214 2711">
     <span class='ocr_line' id='line_1_45' title="bbox 564 2632 2214 2711; baseline 0.004 -25"><span class='ocrx_word' id='word_1_321' title='bbox 564 2632 702 2688; x_wconf 90' lang='lat' dir='ltr'>dem</span> <span class='ocrx_word' id='word_1_322' title='bbox 741 2633 884 2689; x_wconf 87' lang='lat' dir='ltr'>dicit</span> <span class='ocrx_word' id='word_1_323' title='bbox 913 2636 1203 2691; x_wconf 85' lang='lat' dir='ltr'>etPaulus</span> <span class='ocrx_word' id='word_1_324' title='bbox 1239 2660 1251 2691; x_wconf 89' lang='lat'><strong>:</strong></span> <span class='ocrx_word' id='word_1_325' title='bbox 1287 2640 1573 2711; x_wconf 85' lang='lat' dir='ltr'>Perquem</span> <span class='ocrx_word' id='word_1_326' title='bbox 1600 2640 1781 2696; x_wconf 84' lang='lat' dir='ltr'>vocati</span> <span class='ocrx_word' id='word_1_327' title='bbox 1809 2642 1943 2695; x_wconf 83' lang='lat' dir='ltr'>estis</span> <span class='ocrx_word' id='word_1_328' title='bbox 1966 2640 2027 2694; x_wconf 87' lang='lat' dir='ltr'>in</span> <span class='ocrx_word' id='word_1_329' title='bbox 2047 2638 2214 2693; x_wconf 80' lang='lat' dir='ltr'>socie-</span> 
     </span>
    </p>
   </div>
   <div class='ocr_carea' id='block_1_46' title="bbox 564 2724 2214 2798">
    <p class='ocr_par' dir='ltr' id='par_1_46' title="bbox 564 2724 2214 2798">
     <span class='ocr_line' id='line_1_46' title="bbox 564 2724 2214 2798; baseline 0.005 -23"><span class='ocrx_word' id='word_1_330' title='bbox 564 2728 743 2779; x_wconf 90' lang='lat' dir='ltr'>tatem</span> <span class='ocrx_word' id='word_1_331' title='bbox 777 2724 906 2778; x_wconf 81' lang='lat' dir='ltr'>Filii</span> <span class='ocrx_word' id='word_1_332' title='bbox 944 2727 1069 2795; x_wconf 85' lang='lat' dir='ltr'>ejus</span> <span class='ocrx_word' id='word_1_333' title='bbox 1116 2729 1183 2781; x_wconf 76' lang='lat'>&quot;.</span> <span class='ocrx_word' id='word_1_334' title='bbox 1236 2728 1327 2782; x_wconf 82' lang='lat' dir='ltr'>Ait</span> <span class='ocrx_word' id='word_1_335' title='bbox 1362 2744 1536 2798; x_wconf 86' lang='lat' dir='ltr'>ergo:</span> <span class='ocrx_word' id='word_1_336' title='bbox 1584 2729 1758 2785; x_wconf 85' lang='lat' dir='ltr'>Omne</span> <span class='ocrx_word' id='word_1_337' title='bbox 1803 2729 1960 2784; x_wconf 81' lang='lat' dir='ltr'>illud</span> <span class='ocrx_word' id='word_1_338' title='bbox 1993 2729 2073 2783; x_wconf 79' lang='lat' dir='ltr'>ad</span> <span class='ocrx_word' id='word_1_339' title='bbox 2123 2742 2214 2783; x_wconf 90' lang='lat' dir='ltr'>me</span> 
     </span>
    </p>
   </div>
   <div class='ocr_carea' id='block_1_47' title="bbox 562 2812 2213 2888">
    <p class='ocr_par' dir='ltr' id='par_1_47' title="bbox 562 2812 2213 2888">
     <span class='ocr_line' id='line_1_47' title="bbox 562 2812 2213 2888; baseline 0.002 -22"><span class='ocrx_word' id='word_1_340' title='bbox 562 2812 754 2867; x_wconf 78' lang='lat' dir='ltr'>veniet</span> <span class='ocrx_word' id='word_1_341' title='bbox 774 2814 934 2884; x_wconf 87' lang='lat' dir='ltr'>quod</span> <span class='ocrx_word' id='word_1_342' title='bbox 962 2814 1071 2871; x_wconf 83' lang='lat' dir='ltr'>dat</span> <span class='ocrx_word' id='word_1_343' title='bbox 1089 2816 1225 2870; x_wconf 84' lang='lat' dir='ltr'>mihi</span> <span class='ocrx_word' id='word_1_344' title='bbox 1256 2818 1442 2883; x_wconf 83' lang='lat' dir='ltr'>Pater,</span> <span class='ocrx_word' id='word_1_345' title='bbox 1473 2818 1585 2874; x_wconf 86' lang='lat' dir='ltr'>hoc</span> <span class='ocrx_word' id='word_1_346' title='bbox 1606 2824 1712 2882; x_wconf 89' lang='lat' dir='ltr'>est,</span> <span class='ocrx_word' id='word_1_347' title='bbox 1746 2819 1954 2873; x_wconf 91' lang='lat' dir='ltr'>Omnis</span> <span class='ocrx_word' id='word_1_348' title='bbox 1980 2817 2082 2888; x_wconf 90' lang='lat' dir='ltr'>qui</span> <span class='ocrx_word' id='word_1_349' title='bbox 2113 2816 2213 2870; x_wconf 87' lang='lat' dir='ltr'>da-</span> 
     </span>
    </p>
   </div>
   <div class='ocr_carea' id='block_1_48' title="bbox 566 2900 2213 2977">
    <p class='ocr_par' dir='ltr' id='par_1_48' title="bbox 566 2900 2213 2977">
     <span class='ocr_line' id='line_1_48' title="bbox 566 2900 2213 2977; baseline 0.004 -24"><span class='ocrx_word' id='word_1_350' title='bbox 566 2903 659 2953; x_wconf 89' lang='lat' dir='ltr'>tus</span> <span class='ocrx_word' id='word_1_351' title='bbox 703 2900 871 2956; x_wconf 83' lang='lat' dir='ltr'>fuerit</span> <span class='ocrx_word' id='word_1_352' title='bbox 893 2902 1033 2957; x_wconf 89' lang='lat' dir='ltr'>mihi</span> <span class='ocrx_word' id='word_1_353' title='bbox 1078 2921 1113 2960; x_wconf 87' lang='lat' dir='ltr'>a</span> <span class='ocrx_word' id='word_1_354' title='bbox 1144 2905 1329 2975; x_wconf 86' lang='lat' dir='ltr'>Patre,</span> <span class='ocrx_word' id='word_1_355' title='bbox 1364 2907 1560 2962; x_wconf 91' lang='lat' dir='ltr'>omnis</span> <span class='ocrx_word' id='word_1_356' title='bbox 1578 2908 1679 2977; x_wconf 87' lang='lat' dir='ltr'>qui</span> <span class='ocrx_word' id='word_1_357' title='bbox 1711 2907 2003 2961; x_wconf 87' lang='lat' dir='ltr'>deductus</span> <span class='ocrx_word' id='word_1_358' title='bbox 2034 2906 2113 2960; x_wconf 87' lang='lat' dir='ltr'>ab</span> <span class='ocrx_word' id='word_1_359' title='bbox 2142 2919 2213 2960; x_wconf 90' lang='lat' dir='ltr'>eo</span> 
     </span>
    </p>
   </div>
   <div class='ocr_carea' id='block_1_49' title="bbox 566 2986 2283 3079">
    <p class='ocr_par' dir='ltr' id='par_1_49' title="bbox 566 2986 2283 3079">
     <span class='ocr_line' id='line_1_49' title="bbox 566 2986 2283 3079; baseline 0.003 -38"><span class='ocrx_word' id='word_1_360' title='bbox 566 2986 758 3079; x_wconf 74' lang='lat' dir='ltr'>fuerit,</span> <span class='ocrx_word' id='word_1_361' title='bbox 792 2989 887 3045; x_wconf 91' lang='lat' dir='ltr'>hic</span> <span class='ocrx_word' id='word_1_362' title='bbox 918 2992 1111 3047; x_wconf 91' lang='lat' dir='ltr'>veniet</span> <span class='ocrx_word' id='word_1_363' title='bbox 1145 2992 1223 3049; x_wconf 87' lang='lat' dir='ltr'>ad</span> <span class='ocrx_word' id='word_1_364' title='bbox 1254 3010 1371 3059; x_wconf 90' lang='lat' dir='ltr'>me,</span> <span class='ocrx_word' id='word_1_365' title='bbox 1404 2995 1498 3050; x_wconf 90' lang='lat' dir='ltr'>hic</span> <span class='ocrx_word' id='word_1_366' title='bbox 1538 2995 1738 3051; x_wconf 90' lang='lat' dir='ltr'>credet</span> <span class='ocrx_word' id='word_1_367' title='bbox 1774 2996 1832 3050; x_wconf 89' lang='lat' dir='ltr'>in</span> <span class='ocrx_word' id='word_1_368' title='bbox 1862 3011 1976 3059; x_wconf 90' lang='lat' dir='ltr'>me,</span> <span class='ocrx_word' id='word_1_369' title='bbox 2010 3000 2066 3049; x_wconf 92' lang='lat' dir='ltr'>et</span> <span class='ocrx_word' id='word_1_370' title='bbox 2093 3008 2211 3048; x_wconf 89' lang='lat' dir='ltr'>non</span> <span class='ocrx_word' id='word_1_371' title='bbox 2242 3026 2283 3079; x_wconf 70' lang='grc' dir='ltr'><strong>ο</strong></span> 
     </span>
    </p>
   </div>
   <div class='ocr_carea' id='block_1_50' title="bbox 566 3075 2213 3155">
    <p class='ocr_par' dir='ltr' id='par_1_50' title="bbox 566 3075 2213 3155">
     <span class='ocr_line' id='line_1_50' title="bbox 566 3075 2213 3155; baseline 0.004 -25"><span class='ocrx_word' id='word_1_372' title='bbox 566 3075 811 3147; x_wconf 90' lang='lat' dir='ltr'>quilibet</span> <span class='ocrx_word' id='word_1_373' title='bbox 850 3079 1211 3150; x_wconf 88' lang='lat' dir='ltr'>simpliciter.</span> <span class='ocrx_word' id='word_1_374' title='bbox 1262 3082 1402 3138; x_wconf 91' lang='lat' dir='ltr'>Inde</span> <span class='ocrx_word' id='word_1_375' title='bbox 1432 3090 1632 3140; x_wconf 85' lang='lat' dir='ltr'>autem</span> <span class='ocrx_word' id='word_1_376' title='bbox 1664 3084 2000 3148; x_wconf 85' lang='lat' dir='ltr'>conﬁrmat,</span> <span class='ocrx_word' id='word_1_377' title='bbox 2049 3080 2213 3155; x_wconf 89' lang='lat' dir='ltr'>quod</span> 
     </span>
    </p>
   </div>
   <div class='ocr_carea' id='block_1_51' title="bbox 571 3165 2211 3244">
    <p class='ocr_par' dir='ltr' id='par_1_51' title="bbox 571 3165 2211 3244">
     <span class='ocr_line' id='line_1_51' title="bbox 571 3165 2211 3244; baseline 0.004 -27"><span class='ocrx_word' id='word_1_378' title='bbox 571 3165 691 3222; x_wconf 88' lang='lat' dir='ltr'>vult</span> <span class='ocrx_word' id='word_1_379' title='bbox 723 3166 891 3222; x_wconf 86' lang='lat' dir='ltr'>Pater</span> <span class='ocrx_word' id='word_1_380' title='bbox 920 3172 983 3224; x_wconf 83' lang='lat' dir='ltr'>ut</span> <span class='ocrx_word' id='word_1_381' title='bbox 1007 3170 1251 3225; x_wconf 87' lang='lat' dir='ltr'>credant</span> <span class='ocrx_word' id='word_1_382' title='bbox 1272 3171 1330 3226; x_wconf 90' lang='lat' dir='ltr'>in</span> <span class='ocrx_word' id='word_1_383' title='bbox 1364 3188 1525 3227; x_wconf 89' lang='lat' dir='ltr'>eum.</span> <span class='ocrx_word' id='word_1_384' title='bbox 1581 3175 1804 3244; x_wconf 81' lang='lat' dir='ltr'>itaque,</span> <span class='ocrx_word' id='word_1_385' title='bbox 1849 3173 1953 3244; x_wconf 91' lang='lat' dir='ltr'>qui</span> <span class='ocrx_word' id='word_1_386' title='bbox 1983 3174 2045 3227; x_wconf 89' lang='lat' dir='ltr'>in</span> <span class='ocrx_word' id='word_1_387' title='bbox 2076 3186 2211 3225; x_wconf 86' lang='lat' dir='ltr'>eum</span> 
     </span>
    </p>
   </div>
   <div class='ocr_carea' id='block_1_52' title="bbox 569 3256 2217 3324">
    <p class='ocr_par' dir='ltr' id='par_1_52' title="bbox 569 3256 2217 3324">
     <span class='ocr_line' id='line_1_52' title="bbox 569 3256 2217 3324; baseline 0.002 -14"><span class='ocrx_word' id='word_1_388' title='bbox 569 3270 691 3311; x_wconf 90' lang='lat' dir='ltr'>non</span> <span class='ocrx_word' id='word_1_389' title='bbox 721 3256 923 3324; x_wconf 83' lang='lat' dir='ltr'>credit,</span> <span class='ocrx_word' id='word_1_390' title='bbox 958 3258 1306 3316; x_wconf 86' lang='lat' dir='ltr'>adversatur</span> <span class='ocrx_word' id='word_1_391' title='bbox 1337 3262 1433 3317; x_wconf 88' lang='lat' dir='ltr'>Dei</span> <span class='ocrx_word' id='word_1_392' title='bbox 1467 3262 1774 3318; x_wconf 86' lang='lat' dir='ltr'>voluntati.</span> <span class='ocrx_word' id='word_1_393' title='bbox 1809 3265 1911 3318; x_wconf 88' lang='lat' dir='ltr'>Dat</span> <span class='ocrx_word' id='word_1_394' title='bbox 1938 3268 2134 3317; x_wconf 88' lang='lat' dir='ltr'>autem</span> <span class='ocrx_word' id='word_1_395' title='bbox 2160 3264 2217 3314; x_wconf 87' lang='lat' dir='ltr'>et</span> 
     </span>
    </p>
   </div>
   <div class='ocr_carea' id='block_1_53' title="bbox 572 3344 2215 3420">
    <p class='ocr_par' dir='ltr' id='par_1_53' title="bbox 572 3344 2215 3420">
     <span class='ocr_line' id='line_1_53' title="bbox 572 3344 2215 3420; baseline 0.002 -21"><span class='ocrx_word' id='word_1_396' title='bbox 572 3344 745 3400; x_wconf 88' lang='lat' dir='ltr'>Pater</span> <span class='ocrx_word' id='word_1_397' title='bbox 787 3346 947 3416; x_wconf 87' lang='lat' dir='ltr'>Filio,</span> <span class='ocrx_word' id='word_1_398' title='bbox 998 3347 1224 3404; x_wconf 90' lang='lat' dir='ltr'>ducens</span> <span class='ocrx_word' id='word_1_399' title='bbox 1262 3366 1366 3405; x_wconf 91' lang='lat' dir='ltr'>eos</span> <span class='ocrx_word' id='word_1_400' title='bbox 1398 3352 1470 3405; x_wconf 81' lang='lat' dir='ltr'>ad</span> <span class='ocrx_word' id='word_1_401' title='bbox 1504 3351 1686 3407; x_wconf 84' lang='lat' dir='ltr'>ﬁdem</span> <span class='ocrx_word' id='word_1_402' title='bbox 1735 3353 1864 3420; x_wconf 89' lang='lat' dir='ltr'>ejus</span> <span class='ocrx_word' id='word_1_403' title='bbox 1893 3369 1906 3417; x_wconf 92' lang='lat'><strong>;</strong></span> <span class='ocrx_word' id='word_1_404' title='bbox 1935 3356 1992 3407; x_wconf 92' lang='lat' dir='ltr'>et</span> <span class='ocrx_word' id='word_1_405' title='bbox 2041 3349 2215 3407; x_wconf 88' lang='lat' dir='ltr'>Filius</span> 
     </span>
    </p>
   </div>
   <div class='ocr_carea' id='block_1_54' title="bbox 570 3433 1894 3511">
    <p class='ocr_par' dir='ltr' id='par_1_54' title="bbox 570 3433 1894 3511">
     <span class='ocr_line' id='line_1_54' title="bbox 570 3433 1894 3511; baseline 0.005 -24"><span class='ocrx_word' id='word_1_406' title='bbox 570 3433 745 3499; x_wconf 88' lang='lat' dir='ltr'>Patri,</span> <span class='ocrx_word' id='word_1_407' title='bbox 787 3435 1087 3492; x_wconf 86' lang='lat' dir='ltr'>adducens</span> <span class='ocrx_word' id='word_1_408' title='bbox 1118 3452 1219 3492; x_wconf 90' lang='lat' dir='ltr'>eos</span> <span class='ocrx_word' id='word_1_409' title='bbox 1244 3438 1318 3493; x_wconf 88' lang='lat' dir='ltr'>ad</span> <span class='ocrx_word' id='word_1_410' title='bbox 1346 3438 1513 3495; x_wconf 89' lang='lat' dir='ltr'>illum</span> <span class='ocrx_word' id='word_1_411' title='bbox 1554 3455 1659 3511; x_wconf 91' lang='lat' dir='ltr'>per</span> <span class='ocrx_word' id='word_1_412' title='bbox 1692 3440 1894 3496; x_wconf 83' lang='lat' dir='ltr'>ﬁdem.</span> 
     </span>
    </p>
   </div>
   <div class='ocr_carea' id='block_1_55' title="bbox 645 3612 2214 3688">
    <p class='ocr_par' dir='ltr' id='par_1_55' title="bbox 645 3612 2214 3688">
     <span class='ocr_line' id='line_1_55' title="bbox 645 3612 2214 3688; baseline 0.004 -23"><span class='ocrx_word' id='word_1_413' title='bbox 645 3612 884 3678; x_wconf 89' lang='lat' dir='ltr'>Verum,</span> <span class='ocrx_word' id='word_1_414' title='bbox 918 3613 965 3668; x_wconf 91' lang='lat' dir='ltr'>si</span> <span class='ocrx_word' id='word_1_415' title='bbox 997 3615 1156 3670; x_wconf 89' lang='lat' dir='ltr'>venit</span> <span class='ocrx_word' id='word_1_416' title='bbox 1184 3615 1233 3669; x_wconf 88' lang='lat' dir='ltr'>is</span> <span class='ocrx_word' id='word_1_417' title='bbox 1263 3616 1338 3670; x_wconf 90' lang='lat' dir='ltr'>ad</span> <span class='ocrx_word' id='word_1_418' title='bbox 1367 3616 1595 3681; x_wconf 90' lang='lat' dir='ltr'>Filium,</span> <span class='ocrx_word' id='word_1_419' title='bbox 1630 3617 1728 3688; x_wconf 88' lang='lat' dir='ltr'>qui</span> <span class='ocrx_word' id='word_1_420' title='bbox 1767 3618 1944 3673; x_wconf 90' lang='lat' dir='ltr'>datur</span> <span class='ocrx_word' id='word_1_421' title='bbox 1970 3633 2005 3672; x_wconf 91' lang='lat' dir='ltr'>a</span> <span class='ocrx_word' id='word_1_422' title='bbox 2032 3619 2214 3681; x_wconf 87' lang='lat' dir='ltr'>Patre,</span> 
     </span>
    </p>
   </div>
   <div class='ocr_carea' id='block_1_56' title="bbox 572 3700 2218 3775">
    <p class='ocr_par' dir='ltr' id='par_1_56' title="bbox 572 3700 2218 3775">
     <span class='ocr_line' id='line_1_56' title="bbox 572 3700 2218 3775; baseline 0 -18"><span class='ocrx_word' id='word_1_423' title='bbox 572 3700 746 3770; x_wconf 86' lang='lat' dir='ltr'>culpa</span> <span class='ocrx_word' id='word_1_424' title='bbox 772 3717 913 3770; x_wconf 86' lang='lat' dir='ltr'>ergo</span> <span class='ocrx_word' id='word_1_425' title='bbox 938 3703 1180 3769; x_wconf 87' lang='lat' dir='ltr'>carebit,</span> <span class='ocrx_word' id='word_1_426' title='bbox 1208 3703 1309 3775; x_wconf 90' lang='lat' dir='ltr'>qui</span> <span class='ocrx_word' id='word_1_427' title='bbox 1331 3720 1450 3759; x_wconf 92' lang='lat' dir='ltr'>non</span> <span class='ocrx_word' id='word_1_428' title='bbox 1473 3705 1655 3768; x_wconf 89' lang='lat' dir='ltr'>venit,</span> <span class='ocrx_word' id='word_1_429' title='bbox 1672 3711 1875 3775; x_wconf 90' lang='lat' dir='ltr'>utpote</span> <span class='ocrx_word' id='word_1_430' title='bbox 1902 3720 2020 3760; x_wconf 89' lang='lat' dir='ltr'>non</span> <span class='ocrx_word' id='word_1_431' title='bbox 2041 3704 2218 3759; x_wconf 86' lang='lat' dir='ltr'>datus</span> 
     </span>
    </p>
   </div>
   <div class='ocr_carea' id='block_1_57' title="bbox 571 3790 2220 3865">
    <p class='ocr_par' dir='ltr' id='par_1_57' title="bbox 571 3790 2220 3865">
     <span class='ocr_line' id='line_1_57' title="bbox 571 3790 2220 3865; baseline 0.001 -20"><span class='ocrx_word' id='word_1_432' title='bbox 571 3804 607 3845; x_wconf 72' lang='grc' dir='ltr'><strong>α</strong></span> <span class='ocrx_word' id='word_1_433' title='bbox 637 3792 821 3845; x_wconf 87' lang='lat' dir='ltr'>Patre.</span> <span class='ocrx_word' id='word_1_434' title='bbox 866 3790 976 3845; x_wconf 91' lang='lat' dir='ltr'>Sed</span> <span class='ocrx_word' id='word_1_435' title='bbox 1025 3791 1193 3847; x_wconf 88' lang='lat' dir='ltr'>Pater</span> <span class='ocrx_word' id='word_1_436' title='bbox 1223 3792 1351 3847; x_wconf 92' lang='lat' dir='ltr'>illos</span> <span class='ocrx_word' id='word_1_437' title='bbox 1389 3792 1512 3858; x_wconf 87' lang='lat' dir='ltr'>dat,</span> <span class='ocrx_word' id='word_1_438' title='bbox 1558 3794 1615 3847; x_wconf 93' lang='lat' dir='ltr'>in</span> <span class='ocrx_word' id='word_1_439' title='bbox 1666 3794 1884 3865; x_wconf 89' lang='lat' dir='ltr'>quibus</span> <span class='ocrx_word' id='word_1_440' title='bbox 1939 3792 2220 3864; x_wconf 61' lang='lat' dir='ltr'>praecedit</span> 
     </span>
    </p>
   </div>
   <div class='ocr_carea' id='block_1_58' title="bbox 573 3877 2220 3953">
    <p class='ocr_par' dir='ltr' id='par_1_58' title="bbox 573 3877 2220 3953">
     <span class='ocr_line' id='line_1_58' title="bbox 573 3877 2220 3953; baseline 0.001 -20"><span class='ocrx_word' id='word_1_441' title='bbox 573 3877 731 3933; x_wconf 89' lang='lat' dir='ltr'>bona</span> <span class='ocrx_word' id='word_1_442' title='bbox 757 3877 1033 3934; x_wconf 84' lang='lat' dir='ltr'>voluntas</span> <span class='ocrx_word' id='word_1_443' title='bbox 1068 3895 1080 3935; x_wconf 85' lang='lat'>:</span> <span class='ocrx_word' id='word_1_444' title='bbox 1114 3896 1308 3951; x_wconf 89' lang='lat' dir='ltr'>neque</span> <span class='ocrx_word' id='word_1_445' title='bbox 1334 3880 1491 3935; x_wconf 88' lang='lat' dir='ltr'>enim</span> <span class='ocrx_word' id='word_1_446' title='bbox 1522 3882 1648 3937; x_wconf 62' lang='lat' dir='ltr'>haec</span> <span class='ocrx_word' id='word_1_447' title='bbox 1678 3898 1781 3953; x_wconf 89' lang='lat' dir='ltr'>per</span> <span class='ocrx_word' id='word_1_448' title='bbox 1806 3899 1868 3936; x_wconf 91' lang='lat' dir='ltr'>se</span> <span class='ocrx_word' id='word_1_449' title='bbox 1894 3881 2084 3937; x_wconf 81' lang='lat' dir='ltr'>facere</span> <span class='ocrx_word' id='word_1_450' title='bbox 2124 3895 2220 3951; x_wconf 91' lang='lat' dir='ltr'>po-</span> 
     </span>
    </p>
   </div>
   <div class='ocr_carea' id='block_1_59' title="bbox 573 3968 2220 4040">
    <p class='ocr_par' dir='ltr' id='par_1_59' title="bbox 573 3968 2220 4040">
     <span class='ocr_line' id='line_1_59' title="bbox 573 3968 2220 4040; baseline 0 -17"><span class='ocrx_word' id='word_1_451' title='bbox 573 3972 703 4031; x_wconf 87' lang='lat' dir='ltr'>test,</span> <span class='ocrx_word' id='word_1_452' title='bbox 750 3972 814 4022; x_wconf 90' lang='lat' dir='ltr'>ut</span> <span class='ocrx_word' id='word_1_453' title='bbox 843 3968 1107 4033; x_wconf 89' lang='lat' dir='ltr'>credant,</span> <span class='ocrx_word' id='word_1_454' title='bbox 1138 3968 1386 4024; x_wconf 88' lang='lat' dir='ltr'>absente</span> <span class='ocrx_word' id='word_1_455' title='bbox 1434 3971 1533 4025; x_wconf 90' lang='lat' dir='ltr'>Dei</span> <span class='ocrx_word' id='word_1_456' title='bbox 1586 3971 1972 4035; x_wconf 90' lang='lat' dir='ltr'>adminiculo,</span> <span class='ocrx_word' id='word_1_457' title='bbox 2026 3984 2220 4040; x_wconf 91' lang='lat' dir='ltr'>neque</span> 
     </span>
    </p>
   </div>
   <div class='ocr_carea' id='block_1_60' title="bbox 574 4055 2219 4130">
    <p class='ocr_par' dir='ltr' id='par_1_60' title="bbox 574 4055 2219 4130">
     <span class='ocr_line' id='line_1_60' title="bbox 574 4055 2219 4130; baseline 0.001 -19"><span class='ocrx_word' id='word_1_458' title='bbox 574 4055 722 4112; x_wconf 91' lang='lat' dir='ltr'>illud</span> <span class='ocrx_word' id='word_1_459' title='bbox 764 4056 1067 4120; x_wconf 84' lang='lat' dir='ltr'>auxilium,</span> <span class='ocrx_word' id='word_1_460' title='bbox 1104 4058 1212 4113; x_wconf 89' lang='lat' dir='ltr'>nisi</span> <span class='ocrx_word' id='word_1_461' title='bbox 1259 4074 1522 4130; x_wconf 66' lang='lat' dir='ltr'>praesens</span> <span class='ocrx_word' id='word_1_462' title='bbox 1563 4060 1632 4115; x_wconf 88' lang='lat' dir='ltr'>sit</span> <span class='ocrx_word' id='word_1_463' title='bbox 1668 4067 1723 4116; x_wconf 91' lang='lat' dir='ltr'>et</span> <span class='ocrx_word' id='word_1_464' title='bbox 1752 4060 1909 4115; x_wconf 89' lang='lat' dir='ltr'>bona</span> <span class='ocrx_word' id='word_1_465' title='bbox 1926 4060 2219 4115; x_wconf 87' lang='lat' dir='ltr'>voluntas.</span> 
     </span>
    </p>
   </div>
   <div class='ocr_carea' id='block_1_61' title="bbox 648 4235 2224 4310">
    <p class='ocr_par' dir='ltr' id='par_1_61' title="bbox 648 4235 2224 4310">
     <span class='ocr_line' id='line_1_61' title="bbox 648 4235 2224 4310; baseline 0.003 -23"><span class='ocrx_word' id='word_1_466' title='bbox 648 4235 813 4291; x_wconf 84' lang='lat' dir='ltr'>Vers.</span> <span class='ocrx_word' id='word_1_467' title='bbox 838 4236 926 4292; x_wconf 85' lang='lat'>37.</span> <span class='ocrx_word' id='word_1_468' title='bbox 956 4237 1030 4292; x_wconf 87' lang='lat' dir='ltr'>Et</span> <span class='ocrx_word' id='word_1_469' title='bbox 1052 4237 1328 4305; x_wconf 82' lang='lat' dir='ltr'>-—foras.</span> <span class='ocrx_word' id='word_1_470' title='bbox 1363 4240 1562 4310; x_wconf 89' lang='lat' dir='ltr'>Neque</span> <span class='ocrx_word' id='word_1_471' title='bbox 1595 4238 1707 4303; x_wconf 84' lang='lat' dir='ltr'>hic,</span> <span class='ocrx_word' id='word_1_472' title='bbox 1737 4255 1773 4294; x_wconf 90' lang='lat' dir='ltr'>a</span> <span class='ocrx_word' id='word_1_473' title='bbox 1805 4254 1940 4294; x_wconf 88' lang='lat' dir='ltr'>mea</span> <span class='ocrx_word' id='word_1_474' title='bbox 1972 4236 2224 4294; x_wconf 86' lang='lat' dir='ltr'>familia-</span> 
     </span>
    </p>
   </div>
   <div class='ocr_carea' id='block_1_62' title="bbox 577 4323 2225 4397">
    <p class='ocr_par' dir='ltr' id='par_1_62' title="bbox 577 4323 2225 4397">
     <span class='ocr_line' id='line_1_62' title="bbox 577 4323 2225 4397; baseline -0.001 -18"><span class='ocrx_word' id='word_1_475' title='bbox 577 4323 765 4390; x_wconf 79' lang='lat' dir='ltr'>ritate,</span> <span class='ocrx_word' id='word_1_476' title='bbox 798 4339 993 4397; x_wconf 90' lang='lat' dir='ltr'>neque</span> <span class='ocrx_word' id='word_1_477' title='bbox 1023 4323 1124 4388; x_wconf 89' lang='lat' dir='ltr'>ibi,</span> <span class='ocrx_word' id='word_1_478' title='bbox 1148 4341 1183 4381; x_wconf 90' lang='lat' dir='ltr'>a</span> <span class='ocrx_word' id='word_1_479' title='bbox 1213 4340 1397 4396; x_wconf 86' lang='lat' dir='ltr'>regno</span> <span class='ocrx_word' id='word_1_480' title='bbox 1427 4326 1711 4382; x_wconf 68' lang='lat' dir='ltr'>caelorum</span> <span class='ocrx_word' id='word_1_481' title='bbox 1747 4344 1759 4381; x_wconf 90' lang='lat'><strong>:</strong></span> <span class='ocrx_word' id='word_1_482' title='bbox 1788 4341 1949 4389; x_wconf 89' lang='lat' dir='ltr'>eum,</span> <span class='ocrx_word' id='word_1_483' title='bbox 1977 4325 2073 4395; x_wconf 89' lang='lat' dir='ltr'>qui</span> <span class='ocrx_word' id='word_1_484' title='bbox 2106 4338 2225 4379; x_wconf 91' lang='lat' dir='ltr'>non</span> 
     </span>
    </p>
   </div>
   <div class='ocr_carea' id='block_1_63' title="bbox 579 4413 1941 4486">
    <p class='ocr_par' dir='ltr' id='par_1_63' title="bbox 579 4413 1941 4486">
     <span class='ocr_line' id='line_1_63' title="bbox 579 4413 1941 4486; baseline 0.001 -19"><span class='ocrx_word' id='word_1_485' title='bbox 579 4418 905 4486; x_wconf 89' lang='lat' dir='ltr'>utcunque,</span> <span class='ocrx_word' id='word_1_486' title='bbox 953 4413 1057 4469; x_wconf 90' lang='lat' dir='ltr'>sed</span> <span class='ocrx_word' id='word_1_487' title='bbox 1086 4419 1247 4470; x_wconf 88' lang='lat' dir='ltr'>recto</span> <span class='ocrx_word' id='word_1_488' title='bbox 1275 4416 1479 4469; x_wconf 89' lang='lat' dir='ltr'>animo</span> <span class='ocrx_word' id='word_1_489' title='bbox 1519 4416 1596 4471; x_wconf 88' lang='lat' dir='ltr'>ad</span> <span class='ocrx_word' id='word_1_490' title='bbox 1632 4432 1723 4472; x_wconf 91' lang='lat' dir='ltr'>me</span> <span class='ocrx_word' id='word_1_491' title='bbox 1766 4414 1941 4471; x_wconf 89' lang='lat' dir='ltr'>venit.</span> 
     </span>
    </p>
   </div>
   <div class='ocr_carea' id='block_1_64' title="bbox 650 4503 2228 4574">
    <p class='ocr_par' dir='ltr' id='par_1_64' title="bbox 650 4503 2228 4574">
     <span class='ocr_line' id='line_1_64' title="bbox 650 4503 2228 4574; baseline 0 -17"><span class='ocrx_word' id='word_1_492' title='bbox 650 4504 812 4558; x_wconf 89' lang='lat' dir='ltr'>Vers.</span> <span class='ocrx_word' id='word_1_493' title='bbox 846 4507 932 4559; x_wconf 86' lang='lat'>38.</span> <span class='ocrx_word' id='word_1_494' title='bbox 968 4503 1112 4570; x_wconf 84' lang='lat' dir='ltr'>Quia</span> <span class='ocrx_word' id='word_1_495' title='bbox 1138 4535 1199 4543; x_wconf 92' lang='lat'><strong><em>—</em></strong></span> <span class='ocrx_word' id='word_1_496' title='bbox 1231 4520 1338 4559; x_wconf 86' lang='lat' dir='ltr'>me.</span> <span class='ocrx_word' id='word_1_497' title='bbox 1373 4534 1443 4544; x_wconf 85' lang='lat'>—-</span> <span class='ocrx_word' id='word_1_498' title='bbox 1471 4504 1603 4560; x_wconf 88' lang='lat' dir='ltr'>Non</span> <span class='ocrx_word' id='word_1_499' title='bbox 1626 4512 1689 4559; x_wconf 88' lang='lat' dir='ltr'>ut</span> <span class='ocrx_word' id='word_1_500' title='bbox 1716 4505 1942 4574; x_wconf 86' lang='lat' dir='ltr'>faciam</span> <span class='ocrx_word' id='word_1_501' title='bbox 1958 4504 2228 4559; x_wconf 83' lang='lat' dir='ltr'>volunta-</span> 
     </span>
    </p>
   </div>
   <div class='ocr_carea' id='block_1_65' title="bbox 582 4591 2230 4664">
    <p class='ocr_par' dir='ltr' id='par_1_65' title="bbox 582 4591 2230 4664">
     <span class='ocr_line' id='line_1_65' title="bbox 582 4591 2230 4664; baseline 0.001 -19"><span class='ocrx_word' id='word_1_502' title='bbox 582 4596 692 4647; x_wconf 86' lang='lat' dir='ltr'>tem</span> <span class='ocrx_word' id='word_1_503' title='bbox 715 4607 849 4663; x_wconf 72' lang='lat' dir='ltr'>quze</span> <span class='ocrx_word' id='word_1_504' title='bbox 870 4608 1005 4647; x_wconf 90' lang='lat' dir='ltr'>mea</span> <span class='ocrx_word' id='word_1_505' title='bbox 1027 4597 1130 4657; x_wconf 86' lang='lat' dir='ltr'>est,</span> <span class='ocrx_word' id='word_1_506' title='bbox 1149 4593 1272 4648; x_wconf 91' lang='lat' dir='ltr'>sive</span> <span class='ocrx_word' id='word_1_507' title='bbox 1295 4592 1619 4664; x_wconf 85' lang='lat' dir='ltr'>propriam,</span> <span class='ocrx_word' id='word_1_508' title='bbox 1643 4609 1835 4663; x_wconf 85' lang='lat' dir='ltr'>neque</span> <span class='ocrx_word' id='word_1_509' title='bbox 1854 4592 2014 4647; x_wconf 91' lang='lat' dir='ltr'>enim</span> <span class='ocrx_word' id='word_1_510' title='bbox 2038 4591 2230 4647; x_wconf 91' lang='lat' dir='ltr'>habeo</span> 
     </span>
    </p>
   </div>
   <div class='ocr_carea' id='block_1_66' title="bbox 584 4681 2227 4752">
    <p class='ocr_par' dir='ltr' id='par_1_66' title="bbox 584 4681 2227 4752">
     <span class='ocr_line' id='line_1_66' title="bbox 584 4681 2227 4752; baseline -0.001 -17"><span class='ocrx_word' id='word_1_511' title='bbox 584 4681 911 4752; x_wconf 89' lang='lat' dir='ltr'>propriam,</span> <span class='ocrx_word' id='word_1_512' title='bbox 930 4681 1032 4737; x_wconf 83' lang='lat' dir='ltr'>sed</span> <span class='ocrx_word' id='word_1_513' title='bbox 1046 4682 1398 4737; x_wconf 81' lang='lat' dir='ltr'>voluntatem</span> <span class='ocrx_word' id='word_1_514' title='bbox 1419 4684 1545 4750; x_wconf 82' lang='lat' dir='ltr'>ejus</span> <span class='ocrx_word' id='word_1_515' title='bbox 1568 4682 1836 4752; x_wconf 82' lang='lat' dir='ltr'>quimisit</span> <span class='ocrx_word' id='word_1_516' title='bbox 1850 4697 1956 4747; x_wconf 84' lang='lat' dir='ltr'>me,</span> <span class='ocrx_word' id='word_1_517' title='bbox 1984 4682 2094 4735; x_wconf 93' lang='lat' dir='ltr'>hoc</span> <span class='ocrx_word' id='word_1_518' title='bbox 2120 4683 2227 4743; x_wconf 86' lang='lat' dir='ltr'>est,</span> 
     </span>
    </p>
   </div>
   <div class='ocr_carea' id='block_1_67' title="bbox 583 4770 2230 4842">
    <p class='ocr_par' dir='ltr' id='par_1_67' title="bbox 583 4770 2230 4842">
     <span class='ocr_line' id='line_1_67' title="bbox 583 4770 2230 4842; baseline -0.001 -17"><span class='ocrx_word' id='word_1_519' title='bbox 583 4785 990 4835; x_wconf 83' lang='lat' dir='ltr'>communem,</span> <span class='ocrx_word' id='word_1_520' title='bbox 1013 4786 1148 4842; x_wconf 76' lang='lat' dir='ltr'>quae</span> <span class='ocrx_word' id='word_1_521' title='bbox 1175 4778 1227 4825; x_wconf 88' lang='lat' dir='ltr'>et</span> <span class='ocrx_word' id='word_1_522' title='bbox 1256 4787 1387 4826; x_wconf 91' lang='lat' dir='ltr'>mea</span> <span class='ocrx_word' id='word_1_523' title='bbox 1404 4777 1487 4825; x_wconf 81' lang='lat' dir='ltr'>est</span> <span class='ocrx_word' id='word_1_524' title='bbox 1510 4776 1566 4825; x_wconf 90' lang='lat' dir='ltr'>et</span> <span class='ocrx_word' id='word_1_525' title='bbox 1592 4770 1769 4835; x_wconf 88' lang='lat' dir='ltr'>illius,</span> <span class='ocrx_word' id='word_1_526' title='bbox 1799 4786 2054 4842; x_wconf 84' lang='lat' dir='ltr'>quorum</span> <span class='ocrx_word' id='word_1_527' title='bbox 2082 4771 2230 4825; x_wconf 89' lang='lat' dir='ltr'>sicut</span> 
     </span>
    </p>
   </div>
   <div class='ocr_carea' id='block_1_68' title="bbox 584 4859 2229 4927">
    <p class='ocr_par' dir='ltr' id='par_1_68' title="bbox 584 4859 2229 4927">
     <span class='ocr_line' id='line_1_68' title="bbox 584 4859 2229 4927; baseline 0.001 -12"><span class='ocrx_word' id='word_1_528' title='bbox 584 4863 673 4916; x_wconf 88' lang='lat' dir='ltr'>est</span> <span class='ocrx_word' id='word_1_529' title='bbox 700 4874 820 4914; x_wconf 85' lang='lat' dir='ltr'>una</span> <span class='ocrx_word' id='word_1_530' title='bbox 842 4859 1141 4927; x_wconf 88' lang='lat' dir='ltr'>divinitas,</span> <span class='ocrx_word' id='word_1_531' title='bbox 1169 4861 1249 4916; x_wconf 87' lang='lat' dir='ltr'>ita</span> <span class='ocrx_word' id='word_1_532' title='bbox 1278 4865 1367 4916; x_wconf 90' lang='lat' dir='ltr'>est</span> <span class='ocrx_word' id='word_1_533' title='bbox 1396 4866 1451 4915; x_wconf 90' lang='lat' dir='ltr'>et</span> <span class='ocrx_word' id='word_1_534' title='bbox 1484 4876 1601 4914; x_wconf 88' lang='lat' dir='ltr'>una</span> <span class='ocrx_word' id='word_1_535' title='bbox 1644 4860 1947 4916; x_wconf 88' lang='lat' dir='ltr'>voluntas.</span> <span class='ocrx_word' id='word_1_536' title='bbox 1984 4859 2229 4917; x_wconf 84' lang='lat' dir='ltr'>Descen-</span> 
     </span>
    </p>
   </div>
   <div class='ocr_carea' id='block_1_69' title="bbox 584 4944 2013 5003">
    <p class='ocr_par' dir='ltr' id='par_1_69' title="bbox 584 4944 2013 5003">
     <span class='ocr_line' id='line_1_69' title="bbox 584 4944 2013 5003; baseline -0.002 0"><span class='ocrx_word' id='word_1_537' title='bbox 584 4944 668 5003; x_wconf 91' lang='lat' dir='ltr'>dit</span> <span class='ocrx_word' id='word_1_538' title='bbox 700 4948 901 5002; x_wconf 86' lang='lat' dir='ltr'>autem</span> <span class='ocrx_word' id='word_1_539' title='bbox 936 4944 1011 5001; x_wconf 92' lang='lat' dir='ltr'>de</span> <span class='ocrx_word' id='word_1_540' title='bbox 1050 4944 1198 5003; x_wconf 81' lang='lat' dir='ltr'>coelo</span> <span class='ocrx_word' id='word_1_541' title='bbox 1244 4945 1575 5001; x_wconf 88' lang='lat' dir='ltr'>secundum</span> <span class='ocrx_word' id='word_1_542' title='bbox 1624 4944 2013 5001; x_wconf 87' lang='lat' dir='ltr'>divinitatem.</span> 
     </span>
    </p>
   </div>
   <div class='ocr_carea' id='block_1_70' title="bbox 657 5123 1066 5190">
    <p class='ocr_par' dir='ltr' id='par_1_70' title="bbox 657 5123 1066 5190">
     <span class='ocr_line' id='line_1_70' title="bbox 657 5123 1066 5190; baseline 0 -9"><span class='ocrx_word' id='word_1_543' title='bbox 657 5126 706 5161; x_wconf 81' lang='lat'>“</span> <span class='ocrx_word' id='word_1_544' title='bbox 736 5124 754 5181; x_wconf 93' lang='lat' dir='ltr'>l</span> <span class='ocrx_word' id='word_1_545' title='bbox 780 5123 911 5181; x_wconf 89' lang='lat' dir='ltr'>Cor.</span> <span class='ocrx_word' id='word_1_546' title='bbox 943 5139 979 5190; x_wconf 84' lang='grc' dir='ltr'>ι,</span> <span class='ocrx_word' id='word_1_547' title='bbox 1016 5127 1066 5181; x_wconf 82' lang='lat'>9.</span> 
     </span>
    </p>
   </div>
   <div class='ocr_carea' id='block_1_71' title="bbox 2319 1735 2917 1807">
    <p class='ocr_par' dir='ltr' id='par_1_71' title="bbox 2319 1735 2917 1807">
     <span class='ocr_line' id='line_1_71' title="bbox 2319 1735 2917 1807; baseline 0.003 -22"><span class='ocrx_word' id='word_1_548' title='bbox 2319 1740 2402 1787; x_wconf 76' lang='grc' dir='ltr'>καὶ</span> <span class='ocrx_word' id='word_1_549' title='bbox 2431 1743 2681 1807; x_wconf 79' lang='grc' dir='ltr'>κατηχῶν</span> <span class='ocrx_word' id='word_1_550' title='bbox 2708 1735 2917 1795; x_wconf 70' lang='grc' dir='ltr'>αὐτούς.</span> 
     </span>
    </p>
   </div>
   <div class='ocr_carea' id='block_1_72' title="bbox 2392 1818 3829 1895">
    <p class='ocr_par' dir='ltr' id='par_1_72' title="bbox 2392 1818 3829 1895">
     <span class='ocr_line' id='line_1_72' title="bbox 2392 1818 3829 1895; baseline -0.006 -20"><span class='ocrx_word' id='word_1_551' title='bbox 2392 1822 2523 1875; x_wconf 77' lang='grc' dir='ltr'>Ἀλλ’</span> <span class='ocrx_word' id='word_1_552' title='bbox 2554 1855 2624 1863; x_wconf 93' lang='lat'>—</span> <span class='ocrx_word' id='word_1_553' title='bbox 2666 1827 2951 1877; x_wconf 79' lang='grc' dir='ltr'>πιστεύετε,</span> <span class='ocrx_word' id='word_1_554' title='bbox 3001 1822 3296 1895; x_wconf 77' lang='grc' dir='ltr'>Ἑωράκατὲ</span> <span class='ocrx_word' id='word_1_555' title='bbox 3326 1842 3404 1894; x_wconf 73' lang='grc' dir='ltr'>με,</span> <span class='ocrx_word' id='word_1_556' title='bbox 3454 1825 3598 1892; x_wconf 72' lang='grc' dir='ltr'>ἤγουν</span> <span class='ocrx_word' id='word_1_557' title='bbox 3635 1818 3829 1889; x_wconf 69' lang='grc' dir='ltr'>ἐγνώκατε</span> 
     </span>
    </p>
   </div>
   <div class='ocr_carea' id='block_1_73' title="bbox 2317 1907 3829 1986">
    <p class='ocr_par' dir='ltr' id='par_1_73' title="bbox 2317 1907 3829 1986">
     <span class='ocr_line' id='line_1_73' title="bbox 2317 1907 3829 1986; baseline -0.006 -21"><span class='ocrx_word' id='word_1_558' title='bbox 2317 1918 2397 1973; x_wconf 82' lang='grc' dir='ltr'>τίς</span> <span class='ocrx_word' id='word_1_559' title='bbox 2428 1913 2533 1984; x_wconf 82' lang='grc' dir='ltr'>εἰμι</span> <span class='ocrx_word' id='word_1_560' title='bbox 2561 1912 2660 1965; x_wconf 81' lang='grc' dir='ltr'>ἀπὸ</span> <span class='ocrx_word' id='word_1_561' title='bbox 2702 1932 2755 1965; x_wconf 73' lang='grc' dir='ltr'>τε</span> <span class='ocrx_word' id='word_1_562' title='bbox 2804 1920 2897 1974; x_wconf 81' lang='grc' dir='ltr'>τῆς</span> <span class='ocrx_word' id='word_1_563' title='bbox 2930 1917 3223 1986; x_wconf 73' lang='grc' dir='ltr'>μαρτυρίας</span> <span class='ocrx_word' id='word_1_564' title='bbox 3269 1914 3517 1973; x_wconf 72' lang='grc' dir='ltr'>Ἰωάννου,</span> <span class='ocrx_word' id='word_1_565' title='bbox 3551 1907 3636 1961; x_wconf 76' lang='grc' dir='ltr'>ἀπὸ</span> <span class='ocrx_word' id='word_1_566' title='bbox 3683 1927 3725 1958; x_wconf 78' lang='grc' dir='ltr'>τι</span> <span class='ocrx_word' id='word_1_567' title='bbox 3758 1915 3829 1957; x_wconf 74' lang='grc' dir='ltr'>τῶν</span> 
     </span>
    </p>
   </div>
   <div class='ocr_carea' id='block_1_74' title="bbox 2320 2000 3830 2073">
    <p class='ocr_par' dir='ltr' id='par_1_74' title="bbox 2320 2000 3830 2073">
     <span class='ocr_line' id='line_1_74' title="bbox 2320 2000 3830 2073; baseline -0.007 -18"><span class='ocrx_word' id='word_1_568' title='bbox 2320 2006 2546 2073; x_wconf 76' lang='grc' dir='ltr'>σημείων</span> <span class='ocrx_word' id='word_1_569' title='bbox 2580 2002 2647 2052; x_wconf 85' lang='grc' dir='ltr'>ὧν</span> <span class='ocrx_word' id='word_1_570' title='bbox 2678 2000 2920 2071; x_wconf 78' lang='grc' dir='ltr'>ἐποίησα,</span> <span class='ocrx_word' id='word_1_571' title='bbox 2963 2012 3053 2053; x_wconf 81' lang='grc' dir='ltr'><em>και</em></span> <span class='ocrx_word' id='word_1_572' title='bbox 3086 2002 3185 2053; x_wconf 79' lang='grc' dir='ltr'>ἀπὸ</span> <span class='ocrx_word' id='word_1_573' title='bbox 3218 2010 3315 2061; x_wconf 82' lang='grc' dir='ltr'>τῆς</span> <span class='ocrx_word' id='word_1_574' title='bbox 3347 2003 3615 2073; x_wconf 77' lang='grc' dir='ltr'>μαρτυρίας</span> <span class='ocrx_word' id='word_1_575' title='bbox 3635 2004 3714 2048; x_wconf 81' lang='grc' dir='ltr'>τῶν</span> <span class='ocrx_word' id='word_1_576' title='bbox 3739 2000 3830 2065; x_wconf 72' lang='grc' dir='ltr'>Γραο</span> 
     </span>
    </p>
   </div>
   <div class='ocr_carea' id='block_1_75' title="bbox 2319 2085 3833 2164">
    <p class='ocr_par' dir='ltr' id='par_1_75' title="bbox 2319 2085 3833 2164">
     <span class='ocr_line' id='line_1_75' title="bbox 2319 2085 3833 2164; baseline -0.014 -7"><span class='ocrx_word' id='word_1_577' title='bbox 2319 2100 2442 2164; x_wconf 70' lang='grc' dir='ltr'>φῶν,</span> <span class='ocrx_word' id='word_1_578' title='bbox 2484 2091 2540 2151; x_wconf 71' lang='grc' dir='ltr'>ἃς</span> <span class='ocrx_word' id='word_1_579' title='bbox 2571 2092 2691 2163; x_wconf 70' lang='grc' dir='ltr'>ὑμῖν</span> <span class='ocrx_word' id='word_1_580' title='bbox 2724 2089 2981 2153; x_wconf 79' lang='grc' dir='ltr'>ἀνέπτυξα</span> <span class='ocrx_word' id='word_1_581' title='bbox 3004 2109 3015 2120; x_wconf 91' lang='grc'><strong>·</strong></span> <span class='ocrx_word' id='word_1_582' title='bbox 3067 2090 3173 2142; x_wconf 70' lang='grc' dir='ltr'>ἀλλ’</span> <span class='ocrx_word' id='word_1_583' title='bbox 3224 2089 3617 2147; x_wconf 71' lang='grc' dir='ltr'>ἐθελοκακοῠντες</span> <span class='ocrx_word' id='word_1_584' title='bbox 3657 2085 3705 2137; x_wconf 69' lang='grc' dir='ltr'>οὐ</span> <span class='ocrx_word' id='word_1_585' title='bbox 3741 2102 3833 2135; x_wconf 77' lang='grc' dir='ltr'><em>πισ-</em></span> 
     </span>
    </p>
   </div>
   <div class='ocr_carea' id='block_1_76' title="bbox 2320 2175 3833 2250">
    <p class='ocr_par' dir='ltr' id='par_1_76' title="bbox 2320 2175 3833 2250">
     <span class='ocr_line' id='line_1_76' title="bbox 2320 2175 3833 2250; baseline -0.006 -19"><span class='ocrx_word' id='word_1_586' title='bbox 2320 2182 2505 2234; x_wconf 80' lang='grc' dir='ltr'>τεύετε.</span> <span class='ocrx_word' id='word_1_587' title='bbox 2541 2186 2672 2232; x_wconf 78' lang='grc' dir='ltr'>Πότε</span> <span class='ocrx_word' id='word_1_588' title='bbox 2699 2177 2756 2232; x_wconf 73' lang='grc' dir='ltr'>δὲ</span> <span class='ocrx_word' id='word_1_589' title='bbox 2774 2187 2923 2232; x_wconf 71' lang='grc' dir='ltr'>τοῦτο</span> <span class='ocrx_word' id='word_1_590' title='bbox 2950 2178 3085 2231; x_wconf 82' lang='grc' dir='ltr'>εἶπεν</span> <span class='ocrx_word' id='word_1_591' title='bbox 3103 2179 3283 2240; x_wconf 71' lang='grc' dir='ltr'>αὐτοῖς</span> <span class='ocrx_word' id='word_1_592' title='bbox 3310 2197 3324 2245; x_wconf 87' lang='grc'>;</span> <span class='ocrx_word' id='word_1_593' title='bbox 3354 2178 3496 2239; x_wconf 83' lang='grc' dir='ltr'>Εἰκὸς</span> <span class='ocrx_word' id='word_1_594' title='bbox 3516 2185 3650 2229; x_wconf 73' lang='grc' dir='ltr'>τοῦτο</span> <span class='ocrx_word' id='word_1_595' title='bbox 3666 2175 3833 2250; x_wconf 66' lang='grc' dir='ltr'>ῥηθῆναι</span> 
     </span>
    </p>
   </div>
   <div class='ocr_carea' id='block_1_77' title="bbox 2320 2265 2937 2341">
    <p class='ocr_par' dir='ltr' id='par_1_77' title="bbox 2320 2265 2937 2341">
     <span class='ocr_line' id='line_1_77' title="bbox 2320 2265 2937 2341; baseline -0.002 -20"><span class='ocrx_word' id='word_1_596' title='bbox 2320 2272 2430 2340; x_wconf 68' lang='grc' dir='ltr'>μὲν,</span> <span class='ocrx_word' id='word_1_597' title='bbox 2463 2273 2532 2341; x_wconf 77' lang='grc' dir='ltr'>μὴ</span> <span class='ocrx_word' id='word_1_598' title='bbox 2562 2277 2825 2341; x_wconf 73' lang='grc' dir='ltr'>γραφῆναι</span> <span class='ocrx_word' id='word_1_599' title='bbox 2859 2265 2937 2320; x_wconf 76' lang='grc' dir='ltr'>δέ.</span> 
     </span>
    </p>
   </div>
   <div class='ocr_carea' id='block_1_78' title="bbox 2396 2438 3841 2520">
    <p class='ocr_par' dir='ltr' id='par_1_78' title="bbox 2396 2438 3841 2520">
     <span class='ocr_line' id='line_1_78' title="bbox 2396 2438 3841 2520; baseline -0.01 -17"><span class='ocrx_word' id='word_1_600' title='bbox 2396 2452 2501 2498; x_wconf 79' lang='grc' dir='ltr'>Πᾶν</span> <span class='ocrx_word' id='word_1_601' title='bbox 2553 2477 2621 2485; x_wconf 95' lang='lat'><strong>—</strong></span> <span class='ocrx_word' id='word_1_602' title='bbox 2681 2446 2813 2509; x_wconf 75' lang='grc' dir='ltr'>ἣξει.</span> <span class='ocrx_word' id='word_1_603' title='bbox 2873 2453 3034 2499; x_wconf 81' lang='grc' dir='ltr'>Τοῦτο</span> <span class='ocrx_word' id='word_1_604' title='bbox 3086 2450 3413 2520; x_wconf 74' lang='grc' dir='ltr'>παρίστησιν</span> <span class='ocrx_word' id='word_1_605' title='bbox 3466 2444 3490 2496; x_wconf 91' lang='lat'>6</span> <span class='ocrx_word' id='word_1_606' title='bbox 3542 2442 3693 2513; x_wconf 65' lang='grc' dir='ltr'>λόγος,</span> <span class='ocrx_word' id='word_1_607' title='bbox 3736 2438 3841 2492; x_wconf 78' lang='grc' dir='ltr'>ὁτιὸ</span> 
     </span>
    </p>
   </div>
   <div class='ocr_carea' id='block_1_79' title="bbox 2326 2530 3838 2609">
    <p class='ocr_par' dir='ltr' id='par_1_79' title="bbox 2326 2530 3838 2609">
     <span class='ocr_line' id='line_1_79' title="bbox 2326 2530 3838 2609; baseline -0.003 -23"><span class='ocrx_word' id='word_1_608' title='bbox 2326 2539 2503 2607; x_wconf 77' lang='grc' dir='ltr'>Πατὴρ</span> <span class='ocrx_word' id='word_1_609' title='bbox 2564 2537 2819 2609; x_wconf 70' lang='grc' dir='ltr'>προσάγει</span> <span class='ocrx_word' id='word_1_610' title='bbox 2877 2535 3016 2604; x_wconf 73' lang='grc' dir='ltr'>αὐτῷ</span> <span class='ocrx_word' id='word_1_611' title='bbox 3050 2538 3167 2594; x_wconf 74' lang='grc' dir='ltr'>τοὺς</span> <span class='ocrx_word' id='word_1_612' title='bbox 3225 2536 3577 2593; x_wconf 78' lang='grc' dir='ltr'>πιστεύοντας.</span> <span class='ocrx_word' id='word_1_613' title='bbox 3622 2534 3735 2587; x_wconf 70' lang='grc' dir='ltr'>Φησὶ</span> <span class='ocrx_word' id='word_1_614' title='bbox 3768 2530 3838 2596; x_wconf 70' lang='grc' dir='ltr'>γὰρ</span> 
     </span>
    </p>
   </div>
   <div class='ocr_carea' id='block_1_80' title="bbox 2320 2620 3841 2685">
    <p class='ocr_par' dir='ltr' id='par_1_80' title="bbox 2320 2620 3841 2685">
     <span class='ocr_line' id='line_1_80' title="bbox 2320 2620 3841 2685; baseline -0.007 -9"><span class='ocrx_word' id='word_1_615' title='bbox 2320 2629 2409 2676; x_wconf 77' lang='grc' dir='ltr'>καὶ</span> <span class='ocrx_word' id='word_1_616' title='bbox 2442 2624 2673 2684; x_wconf 75' lang='grc' dir='ltr'>Παυλος·</span> <span class='ocrx_word' id='word_1_617' title='bbox 2724 2626 2796 2676; x_wconf 82' lang='grc' dir='ltr'>Δι’</span> <span class='ocrx_word' id='word_1_618' title='bbox 2829 2624 2887 2676; x_wconf 73' lang='grc' dir='ltr'>οὗ</span> <span class='ocrx_word' id='word_1_619' title='bbox 2935 2622 3185 2682; x_wconf 61' lang='grc' dir='ltr'>ἐκλήθητε</span> <span class='ocrx_word' id='word_1_620' title='bbox 3228 2626 3305 2685; x_wconf 82' lang='grc' dir='ltr'><strong>εἰς</strong></span> <span class='ocrx_word' id='word_1_621' title='bbox 3352 2627 3601 2675; x_wconf 75' lang='grc' dir='ltr'>κοινωνίαν</span> <span class='ocrx_word' id='word_1_622' title='bbox 3645 2626 3720 2671; x_wconf 77' lang='grc' dir='ltr'>τοῦ</span> <span class='ocrx_word' id='word_1_623' title='bbox 3754 2620 3841 2670; x_wconf 71' lang='grc' dir='ltr'>γιον</span> 
     </span>
    </p>
   </div>
   <div class='ocr_carea' id='block_1_81' title="bbox 2321 2705 3839 2784">
    <p class='ocr_par' dir='ltr' id='par_1_81' title="bbox 2321 2705 3839 2784">
     <span class='ocr_line' id='line_1_81' title="bbox 2321 2705 3839 2784; baseline 0.001 -19"><span class='ocrx_word' id='word_1_624' title='bbox 2321 2713 2501 2765; x_wconf 71' lang='grc' dir='ltr'>αὐτοῦ.</span> <span class='ocrx_word' id='word_1_625' title='bbox 2539 2718 2691 2784; x_wconf 74' lang='grc' dir='ltr'>Λέγει</span> <span class='ocrx_word' id='word_1_626' title='bbox 2722 2718 2914 2781; x_wconf 77' lang='grc' dir='ltr'>τοίνυν,</span> <span class='ocrx_word' id='word_1_627' title='bbox 2975 2715 3053 2765; x_wconf 85' lang='grc' dir='ltr'>ὅτι</span> <span class='ocrx_word' id='word_1_628' title='bbox 3095 2719 3201 2765; x_wconf 80' lang='grc' dir='ltr'>Πᾶν</span> <span class='ocrx_word' id='word_1_629' title='bbox 3257 2712 3418 2765; x_wconf 82' lang='grc' dir='ltr'>ἐκεῖνο</span> <span class='ocrx_word' id='word_1_630' title='bbox 3460 2715 3577 2778; x_wconf 79' lang='grc' dir='ltr'><strong>πρὸς</strong></span> <span class='ocrx_word' id='word_1_631' title='bbox 3630 2713 3701 2780; x_wconf 65' lang='grc' dir='ltr'>ἐμὲ</span> <span class='ocrx_word' id='word_1_632' title='bbox 3746 2705 3839 2767; x_wconf 65' lang='grc' dir='ltr'>ἥξει,</span> 
     </span>
    </p>
   </div>
   <div class='ocr_carea' id='block_1_82' title="bbox 2321 2794 3847 2875">
    <p class='ocr_par' dir='ltr' id='par_1_82' title="bbox 2321 2794 3847 2875">
     <span class='ocr_line' id='line_1_82' title="bbox 2321 2794 3847 2875; baseline -0.007 -20"><span class='ocrx_word' id='word_1_633' title='bbox 2321 2799 2577 2855; x_wconf 68' lang='grc' dir='ltr'>ὃδίὸωσί</span> <span class='ocrx_word' id='word_1_634' title='bbox 2607 2822 2701 2874; x_wconf 75' lang='grc' dir='ltr'>μοι</span> <span class='ocrx_word' id='word_1_635' title='bbox 2758 2804 2781 2853; x_wconf 88' lang='lat'>6</span> <span class='ocrx_word' id='word_1_636' title='bbox 2829 2808 3031 2875; x_wconf 71' lang='grc' dir='ltr'>Πατὴρ,</span> <span class='ocrx_word' id='word_1_637' title='bbox 3087 2806 3352 2867; x_wconf 76' lang='grc' dir='ltr'>τουτέστι,</span> <span class='ocrx_word' id='word_1_638' title='bbox 3385 2808 3483 2863; x_wconf 79' lang='grc' dir='ltr'><strong>πᾶς</strong></span> <span class='ocrx_word' id='word_1_639' title='bbox 3541 2802 3590 2861; x_wconf 86' lang='grc' dir='ltr'><strong>ὃς</strong></span> <span class='ocrx_word' id='word_1_640' title='bbox 3641 2794 3747 2867; x_wconf 64' lang='grc' dir='ltr'>δοθῇ</span> <span class='ocrx_word' id='word_1_641' title='bbox 3783 2810 3847 2865; x_wconf 73' lang='grc' dir='ltr'>μοι</span> 
     </span>
    </p>
   </div>
   <div class='ocr_carea' id='block_1_83' title="bbox 2321 2888 3841 2963">
    <p class='ocr_par' dir='ltr' id='par_1_83' title="bbox 2321 2888 3841 2963">
     <span class='ocr_line' id='line_1_83' title="bbox 2321 2888 3841 2963; baseline -0.004 -20"><span class='ocrx_word' id='word_1_642' title='bbox 2321 2895 2461 2963; x_wconf 70' lang='grc' dir='ltr'>παρὰ</span> <span class='ocrx_word' id='word_1_643' title='bbox 2497 2900 2586 2943; x_wconf 77' lang='grc' dir='ltr'>τοῦ</span> <span class='ocrx_word' id='word_1_644' title='bbox 2620 2899 2750 2944; x_wconf 79' lang='grc' dir='ltr'>Θεοῦ</span> <span class='ocrx_word' id='word_1_645' title='bbox 2801 2892 2936 2962; x_wconf 70' lang='grc'><strong>(54).</strong></span> <span class='ocrx_word' id='word_1_646' title='bbox 2989 2892 3043 2952; x_wconf 88' lang='lat'><strong><em>6;</em></strong></span> <span class='ocrx_word' id='word_1_647' title='bbox 3101 2888 3347 2962; x_wconf 68' lang='grc' dir='ltr'>ὀνῖηγηθῇ</span> <span class='ocrx_word' id='word_1_648' title='bbox 3406 2888 3521 2963; x_wconf 82' lang='grc' dir='ltr'>παρ’</span> <span class='ocrx_word' id='word_1_649' title='bbox 3558 2890 3697 2941; x_wconf 72' lang='grc' dir='ltr'>αὐτοῦ</span> <span class='ocrx_word' id='word_1_650' title='bbox 3743 2888 3841 2955; x_wconf 76' lang='lat'><strong>(53),</strong></span> 
     </span>
    </p>
   </div>
   <div class='ocr_carea' id='block_1_84' title="bbox 2322 2970 3845 3053">
    <p class='ocr_par' dir='ltr' id='par_1_84' title="bbox 2322 2970 3845 3053">
     <span class='ocr_line' id='line_1_84' title="bbox 2322 2970 3845 3053; baseline -0.007 -20"><span class='ocrx_word' id='word_1_651' title='bbox 2322 2982 2467 3041; x_wconf 76' lang='grc' dir='ltr'>οὗτος</span> <span class='ocrx_word' id='word_1_652' title='bbox 2508 2981 2618 3042; x_wconf 77' lang='grc' dir='ltr'>ἣξει</span> <span class='ocrx_word' id='word_1_653' title='bbox 2664 2986 2793 3053; x_wconf 82' lang='grc' dir='ltr'><strong>πρὸς</strong></span> <span class='ocrx_word' id='word_1_654' title='bbox 2842 3000 2923 3053; x_wconf 79' lang='grc' dir='ltr'>με,</span> <span class='ocrx_word' id='word_1_655' title='bbox 2984 2981 3134 3041; x_wconf 76' lang='grc' dir='ltr'>οὗτος</span> <span class='ocrx_word' id='word_1_656' title='bbox 3185 2983 3461 3032; x_wconf 67' lang='grc' dir='ltr'>πιστεύσει</span> <span class='ocrx_word' id='word_1_657' title='bbox 3511 2997 3608 3051; x_wconf 70' lang='grc' dir='ltr'>μοι,</span> <span class='ocrx_word' id='word_1_658' title='bbox 3660 2980 3733 3025; x_wconf 78' lang='grc' dir='ltr'>καὶ</span> <span class='ocrx_word' id='word_1_659' title='bbox 3772 2970 3845 3038; x_wconf 66' lang='grc' dir='ltr'>οὐχ</span> 
     </span>
    </p>
   </div>
   <div class='ocr_carea' id='block_1_85' title="bbox 2324 3060 3849 3142">
    <p class='ocr_par' dir='ltr' id='par_1_85' title="bbox 2324 3060 3849 3142">
     <span class='ocr_line' id='line_1_85' title="bbox 2324 3060 3849 3142; baseline -0.007 -21"><span class='ocrx_word' id='word_1_660' title='bbox 2324 3069 2495 3132; x_wconf 79' lang='grc' dir='ltr'><strong>ἁπλῶς</strong></span> <span class='ocrx_word' id='word_1_661' title='bbox 2528 3071 2552 3122; x_wconf 91' lang='lat'>6</span> <span class='ocrx_word' id='word_1_662' title='bbox 2583 3076 2781 3142; x_wconf 80' lang='grc' dir='ltr'>τυχών.</span> <span class='ocrx_word' id='word_1_663' title='bbox 2839 3070 3096 3123; x_wconf 73' lang='grc' dir='ltr'>Ἐντεῦθεν</span> <span class='ocrx_word' id='word_1_664' title='bbox 3153 3066 3211 3121; x_wconf 71' lang='grc' dir='ltr'>δὲ</span> <span class='ocrx_word' id='word_1_665' title='bbox 3260 3069 3633 3128; x_wconf 72' lang='grc' dir='ltr'>κατασκευάζει</span> <span class='ocrx_word' id='word_1_666' title='bbox 3657 3066 3720 3116; x_wconf 82' lang='grc' dir='ltr'>ὅτι</span> <span class='ocrx_word' id='word_1_667' title='bbox 3756 3060 3849 3112; x_wconf 60' lang='grc' dir='ltr'>θὼι</span> 
     </span>
    </p>
   </div>
   <div class='ocr_carea' id='block_1_86' title="bbox 2326 3150 3844 3231">
    <p class='ocr_par' dir='ltr' id='par_1_86' title="bbox 2326 3150 3844 3231">
     <span class='ocr_line' id='line_1_86' title="bbox 2326 3150 3844 3231; baseline -0.006 -20"><span class='ocrx_word' id='word_1_668' title='bbox 2326 3161 2350 3211; x_wconf 93' lang='lat'>6</span> <span class='ocrx_word' id='word_1_669' title='bbox 2383 3164 2561 3231; x_wconf 77' lang='grc' dir='ltr'>Πατὴρ</span> <span class='ocrx_word' id='word_1_670' title='bbox 2597 3162 2677 3211; x_wconf 86' lang='grc' dir='ltr'>ἱνα</span> <span class='ocrx_word' id='word_1_671' title='bbox 2718 3162 3074 3211; x_wconf 70' lang='grc' dir='ltr'>πιστεύσωσιν</span> <span class='ocrx_word' id='word_1_672' title='bbox 3119 3158 3194 3220; x_wconf 80' lang='grc' dir='ltr'><strong>εἰς</strong></span> <span class='ocrx_word' id='word_1_673' title='bbox 3230 3158 3413 3221; x_wconf 69' lang='grc' dir='ltr'>αὐτὸν,</span> <span class='ocrx_word' id='word_1_674' title='bbox 3458 3162 3543 3209; x_wconf 76' lang='grc' dir='ltr'>καὶ</span> <span class='ocrx_word' id='word_1_675' title='bbox 3573 3155 3723 3206; x_wconf 82' lang='grc' dir='ltr'>λοιπὸν</span> <span class='ocrx_word' id='word_1_676' title='bbox 3748 3151 3767 3199; x_wconf 84' lang='lat'>6</span> <span class='ocrx_word' id='word_1_677' title='bbox 3796 3150 3844 3217; x_wconf 66' lang='grc' dir='ltr'>μὴ</span> 
     </span>
    </p>
   </div>
   <div class='ocr_carea' id='block_1_87' title="bbox 2325 3242 3851 3317">
    <p class='ocr_par' dir='ltr' id='par_1_87' title="bbox 2325 3242 3851 3317">
     <span class='ocr_line' id='line_1_87' title="bbox 2325 3242 3851 3317; baseline -0.022 1"><span class='ocrx_word' id='word_1_678' title='bbox 2325 3252 2581 3300; x_wconf 54' lang='grc' dir='ltr'>πιστεύων</span> <span class='ocrx_word' id='word_1_679' title='bbox 2646 3248 2716 3309; x_wconf 83' lang='grc' dir='ltr'>εἰς</span> <span class='ocrx_word' id='word_1_680' title='bbox 2773 3249 2927 3300; x_wconf 56' lang='grc' dir='ltr'>αὑτὸν</span> <span class='ocrx_word' id='word_1_681' title='bbox 2994 3247 3319 3300; x_wconf 73' lang='grc' dir='ltr'>ἓνάντιουται</span> <span class='ocrx_word' id='word_1_682' title='bbox 3395 3256 3465 3317; x_wconf 73' lang='grc' dir='ltr'>τῷ</span> <span class='ocrx_word' id='word_1_683' title='bbox 3540 3244 3753 3314; x_wconf 59' lang='grc' dir='ltr'>θελήματι</span> <span class='ocrx_word' id='word_1_684' title='bbox 3788 3242 3851 3287; x_wconf 72' lang='grc' dir='ltr'>τοῦ</span> 
     </span>
    </p>
   </div>
   <div class='ocr_carea' id='block_1_88' title="bbox 2328 3326 3852 3409">
    <p class='ocr_par' dir='ltr' id='par_1_88' title="bbox 2328 3326 3852 3409">
     <span class='ocr_line' id='line_1_88' title="bbox 2328 3326 3852 3409; baseline -0.007 -20"><span class='ocrx_word' id='word_1_685' title='bbox 2328 3345 2477 3391; x_wconf 76' lang='grc' dir='ltr'>Θεοῦ.</span> <span class='ocrx_word' id='word_1_686' title='bbox 2510 3334 2707 3389; x_wconf 71' lang='grc' dir='ltr'><em>Δίὃωσι</em></span> <span class='ocrx_word' id='word_1_687' title='bbox 2740 3334 2798 3389; x_wconf 73' lang='grc' dir='ltr'>δὲ</span> <span class='ocrx_word' id='word_1_688' title='bbox 2828 3342 2916 3389; x_wconf 83' lang='grc' dir='ltr'>καὶ</span> <span class='ocrx_word' id='word_1_689' title='bbox 2944 3339 2968 3389; x_wconf 91' lang='lat'>6</span> <span class='ocrx_word' id='word_1_690' title='bbox 3005 3342 3175 3409; x_wconf 70' lang='grc' dir='ltr'>Πατὴρ</span> <span class='ocrx_word' id='word_1_691' title='bbox 3208 3345 3285 3406; x_wconf 79' lang='grc' dir='ltr'>τῷ</span> <span class='ocrx_word' id='word_1_692' title='bbox 3335 3344 3460 3406; x_wconf 77' lang='grc' dir='ltr'>Υἰῴ,</span> <span class='ocrx_word' id='word_1_693' title='bbox 3493 3331 3678 3403; x_wconf 66' lang='grc' dir='ltr'>ὁδηγῶν</span> <span class='ocrx_word' id='word_1_694' title='bbox 3714 3326 3852 3379; x_wconf 66' lang='grc' dir='ltr'>αὖτοὺς</span> 
     </span>
    </p>
   </div>
   <div class='ocr_carea' id='block_1_89' title="bbox 2326 3419 3852 3497">
    <p class='ocr_par' dir='ltr' id='par_1_89' title="bbox 2326 3419 3852 3497">
     <span class='ocr_line' id='line_1_89' title="bbox 2326 3419 3852 3497; baseline -0.005 -18"><span class='ocrx_word' id='word_1_695' title='bbox 2326 3426 2393 3486; x_wconf 80' lang='grc' dir='ltr'><strong>εἰς</strong></span> <span class='ocrx_word' id='word_1_696' title='bbox 2423 3431 2515 3485; x_wconf 81' lang='grc' dir='ltr'>τὴν</span> <span class='ocrx_word' id='word_1_697' title='bbox 2549 3432 2726 3479; x_wconf 87' lang='grc' dir='ltr'>πίστιν</span> <span class='ocrx_word' id='word_1_698' title='bbox 2759 3426 2919 3478; x_wconf 67' lang='grc' dir='ltr'>αὐτου</span> <span class='ocrx_word' id='word_1_699' title='bbox 2945 3445 2955 3454; x_wconf 92' lang='grc'><strong>·</strong></span> <span class='ocrx_word' id='word_1_700' title='bbox 3002 3431 3091 3477; x_wconf 77' lang='grc' dir='ltr'>καὶ</span> <span class='ocrx_word' id='word_1_701' title='bbox 3123 3427 3148 3476; x_wconf 89' lang='lat'>6</span> <span class='ocrx_word' id='word_1_702' title='bbox 3180 3429 3304 3487; x_wconf 76' lang='grc' dir='ltr'>Υἱὸς</span> <span class='ocrx_word' id='word_1_703' title='bbox 3336 3434 3408 3497; x_wconf 81' lang='grc' dir='ltr'>τῷ</span> <span class='ocrx_word' id='word_1_704' title='bbox 3442 3427 3614 3496; x_wconf 80' lang='grc' dir='ltr'>Πατρὶ,</span> <span class='ocrx_word' id='word_1_705' title='bbox 3641 3419 3852 3492; x_wconf 60' lang='grc' dir='ltr'>προσάγων</span> 
     </span>
    </p>
   </div>
   <div class='ocr_carea' id='block_1_90' title="bbox 2327 3512 3198 3586">
    <p class='ocr_par' dir='ltr' id='par_1_90' title="bbox 2327 3512 3198 3586">
     <span class='ocr_line' id='line_1_90' title="bbox 2327 3512 3198 3586; baseline 0 -19"><span class='ocrx_word' id='word_1_706' title='bbox 2327 3516 2513 3577; x_wconf 68' lang='grc' dir='ltr'>αὐτοὺς</span> <span class='ocrx_word' id='word_1_707' title='bbox 2543 3516 2681 3586; x_wconf 67' lang='grc' dir='ltr'>αὐτῷ</span> <span class='ocrx_word' id='word_1_708' title='bbox 2708 3512 2800 3568; x_wconf 81' lang='grc' dir='ltr'>διὰ</span> <span class='ocrx_word' id='word_1_709' title='bbox 2828 3524 2921 3575; x_wconf 78' lang='grc' dir='ltr'>τῆς</span> <span class='ocrx_word' id='word_1_710' title='bbox 2950 3520 3198 3576; x_wconf 81' lang='grc' dir='ltr'>πίστεως.</span> 
     </span>
    </p>
   </div>
   <div class='ocr_carea' id='block_1_91' title="bbox 2400 3590 3855 3678">
    <p class='ocr_par' dir='ltr' id='par_1_91' title="bbox 2400 3590 3855 3678">
     <span class='ocr_line' id='line_1_91' title="bbox 2400 3590 3855 3678; baseline -0.006 -20"><span class='ocrx_word' id='word_1_711' title='bbox 2400 3605 2531 3658; x_wconf 76' lang='grc' dir='ltr'>Ἀλλ’</span> <span class='ocrx_word' id='word_1_712' title='bbox 2581 3605 2624 3657; x_wconf 78' lang='grc' dir='ltr'>εἰ</span> <span class='ocrx_word' id='word_1_713' title='bbox 2672 3605 2861 3666; x_wconf 81' lang='grc' dir='ltr'>ἐκεῖνος</span> <span class='ocrx_word' id='word_1_714' title='bbox 2906 3607 3118 3678; x_wconf 77' lang='grc' dir='ltr'>ἔρχεται</span> <span class='ocrx_word' id='word_1_715' title='bbox 3163 3606 3293 3677; x_wconf 83' lang='grc' dir='ltr'><strong>πρὸς</strong></span> <span class='ocrx_word' id='word_1_716' title='bbox 3342 3606 3429 3654; x_wconf 86' lang='grc' dir='ltr'>τὸν</span> <span class='ocrx_word' id='word_1_717' title='bbox 3483 3602 3613 3666; x_wconf 82' lang='grc' dir='ltr'>Υἱὸν,</span> <span class='ocrx_word' id='word_1_718' title='bbox 3661 3598 3683 3649; x_wconf 89' lang='lat'>6</span> <span class='ocrx_word' id='word_1_719' title='bbox 3732 3590 3855 3649; x_wconf 71' lang='grc' dir='ltr'>δοθεὶς</span> 
     </span>
    </p>
   </div>
   <div class='ocr_carea' id='block_1_92' title="bbox 2326 3682 3852 3767">
    <p class='ocr_par' dir='ltr' id='par_1_92' title="bbox 2326 3688 3852 3767">
     <span class='ocr_line' id='line_1_92' title="bbox 2326 3688 3852 3767; baseline -0.002 -21"><span class='ocrx_word' id='word_1_720' title='bbox 2326 3697 2469 3767; x_wconf 80' lang='grc' dir='ltr'>παρὰ</span> <span class='ocrx_word' id='word_1_721' title='bbox 2516 3702 2606 3747; x_wconf 78' lang='grc' dir='ltr'>του</span> <span class='ocrx_word' id='word_1_722' title='bbox 2642 3698 2858 3766; x_wconf 79' lang='grc' dir='ltr'>[ἰατρὸς.</span> <span class='ocrx_word' id='word_1_723' title='bbox 2896 3693 3124 3754; x_wconf 76' lang='grc' dir='ltr'>ἀναίτιος</span> <span class='ocrx_word' id='word_1_724' title='bbox 3174 3695 3282 3763; x_wconf 80' lang='grc' dir='ltr'>ἄρα</span> <span class='ocrx_word' id='word_1_725' title='bbox 3328 3694 3354 3744; x_wconf 96' lang='lat'>6</span> <span class='ocrx_word' id='word_1_726' title='bbox 3398 3696 3469 3763; x_wconf 72' lang='grc' dir='ltr'><strong><em>μὴ</em></strong></span> <span class='ocrx_word' id='word_1_727' title='bbox 3520 3688 3679 3749; x_wconf 74' lang='grc' dir='ltr'>ὶλθὼν,</span> <span class='ocrx_word' id='word_1_728' title='bbox 3720 3688 3771 3743; x_wconf 80' lang='grc' dir='ltr'>ὡς</span> 
     </span>
    </p>
   </div>
   <div class='ocr_carea' id='block_1_93' title="bbox 2329 3762 3855 3856">
    <p class='ocr_par' dir='ltr' id='par_1_93' title="bbox 2329 3762 3855 3856">
     <span class='ocr_line' id='line_1_93' title="bbox 2329 3762 3855 3856; baseline -0.004 -20"><span class='ocrx_word' id='word_1_729' title='bbox 2329 3781 2497 3845; x_wconf 74' lang='grc' dir='ltr'>δοθεὶς</span> <span class='ocrx_word' id='word_1_730' title='bbox 2527 3787 2669 3856; x_wconf 74' lang='grc' dir='ltr'>παρὰ</span> <span class='ocrx_word' id='word_1_731' title='bbox 2712 3792 2801 3836; x_wconf 74' lang='grc' dir='ltr'>τού</span> <span class='ocrx_word' id='word_1_732' title='bbox 2845 3787 3072 3853; x_wconf 80' lang='grc' dir='ltr'>Πατρός·</span> <span class='ocrx_word' id='word_1_733' title='bbox 3132 3779 3241 3831; x_wconf 74' lang='grc' dir='ltr'>ἀλλ’</span> <span class='ocrx_word' id='word_1_734' title='bbox 3284 3783 3310 3832; x_wconf 91' lang='lat'>6</span> <span class='ocrx_word' id='word_1_735' title='bbox 3365 3783 3537 3852; x_wconf 67' lang='grc' dir='ltr'>Πατήρ</span> <span class='ocrx_word' id='word_1_736' title='bbox 3586 3774 3766 3830; x_wconf 75' lang='grc' dir='ltr'>ἐκείνους</span> <span class='ocrx_word' id='word_1_737' title='bbox 3798 3762 3855 3818; x_wconf 73' lang='grc' dir='ltr'>δί’</span> 
     </span>
    </p>
   </div>
   <div class='ocr_carea' id='block_1_94' title="bbox 2329 3858 3856 3945">
    <p class='ocr_par' dir='ltr' id='par_1_94' title="bbox 2329 3858 3856 3945">
     <span class='ocr_line' id='line_1_94' title="bbox 2329 3858 3856 3945; baseline -0.003 -20"><span class='ocrx_word' id='word_1_738' title='bbox 2329 3870 2492 3925; x_wconf 68' lang='lat' dir='ltr'>dom-tv</span> <span class='ocrx_word' id='word_1_739' title='bbox 2525 3873 2590 3923; x_wconf 84' lang='grc' dir='ltr'>ὧν</span> <span class='ocrx_word' id='word_1_740' title='bbox 2622 3875 2650 3930; x_wconf 84' lang='grc' dir='ltr'><strong>ἠ</strong></span> <span class='ocrx_word' id='word_1_741' title='bbox 2685 3876 2989 3945; x_wconf 83' lang='grc' dir='ltr'>προαίρεσις</span> <span class='ocrx_word' id='word_1_742' title='bbox 3020 3868 3213 3939; x_wconf 64' lang='grc' dir='ltr'>ἀγαθή,</span> <span class='ocrx_word' id='word_1_743' title='bbox 3252 3871 3392 3920; x_wconf 64' lang='grc' dir='ltr'>Οᾶτε</span> <span class='ocrx_word' id='word_1_744' title='bbox 3421 3871 3520 3938; x_wconf 74' lang='grc' dir='ltr'>γὰρ</span> <span class='ocrx_word' id='word_1_745' title='bbox 3548 3866 3665 3921; x_wconf 69' lang='grc' dir='ltr'>αὕτη</span> <span class='ocrx_word' id='word_1_746' title='bbox 3694 3858 3856 3912; x_wconf 57' lang='grc' dir='ltr'>δύναταί</span> 
     </span>
    </p>
   </div>
   <div class='ocr_carea' id='block_1_95' title="bbox 2329 3959 3855 4033">
    <p class='ocr_par' dir='ltr' id='par_1_95' title="bbox 2329 3959 3855 4033">
     <span class='ocr_line' id='line_1_95' title="bbox 2329 3959 3855 4033; baseline -0.005 -19"><span class='ocrx_word' id='word_1_747' title='bbox 2329 3971 2552 4020; x_wconf 85' lang='grc' dir='ltr'><em>ποιῆσαι</em></span> <span class='ocrx_word' id='word_1_748' title='bbox 2580 3964 2783 4017; x_wconf 85' lang='grc' dir='ltr'>πιστὸν.</span> <span class='ocrx_word' id='word_1_749' title='bbox 2820 3959 3055 4020; x_wconf 72' lang='grc' dir='ltr'><strong>ἀπούσης</strong></span> <span class='ocrx_word' id='word_1_750' title='bbox 3085 3966 3179 4019; x_wconf 73' lang='grc' dir='ltr'>τῆς</span> <span class='ocrx_word' id='word_1_751' title='bbox 3218 3961 3368 4033; x_wconf 74' lang='grc' dir='ltr'><strong>παρὰ</strong></span> <span class='ocrx_word' id='word_1_752' title='bbox 3397 3964 3488 4009; x_wconf 75' lang='grc' dir='ltr'>τοῦ</span> <span class='ocrx_word' id='word_1_753' title='bbox 3519 3961 3641 4008; x_wconf 70' lang='grc' dir='ltr'>Θεοῦ</span> <span class='ocrx_word' id='word_1_754' title='bbox 3662 3965 3855 4023; x_wconf 60' lang='grc' dir='ltr'>χειρηωο</span> 
     </span>
    </p>
   </div>
   <div class='ocr_carea' id='block_1_96' title="bbox 2329 4037 3859 4123">
    <p class='ocr_par' dir='ltr' id='par_1_96' title="bbox 2329 4037 3859 4123">
     <span class='ocr_line' id='line_1_96' title="bbox 2329 4037 3859 4123; baseline -0.002 -20"><span class='ocrx_word' id='word_1_755' title='bbox 2329 4058 2443 4123; x_wconf 73' lang='grc' dir='ltr'><strong>γίας</strong></span> <span class='ocrx_word' id='word_1_756' title='bbox 2468 4069 2479 4080; x_wconf 90' lang='grc'><strong>·</strong></span> <span class='ocrx_word' id='word_1_757' title='bbox 2524 4054 2639 4103; x_wconf 69' lang='grc' dir='ltr'>οὔτε</span> <span class='ocrx_word' id='word_1_758' title='bbox 2670 4055 2770 4123; x_wconf 78' lang='grc' dir='ltr'>μὴν</span> <span class='ocrx_word' id='word_1_759' title='bbox 2803 4048 2965 4108; x_wconf 80' lang='grc' dir='ltr'>ἐκείνη</span> <span class='ocrx_word' id='word_1_760' title='bbox 3018 4055 3271 4120; x_wconf 73' lang='grc' dir='ltr'>συνεργεῖ,</span> <span class='ocrx_word' id='word_1_761' title='bbox 3308 4052 3382 4120; x_wconf 76' lang='grc' dir='ltr'>μὴ</span> <span class='ocrx_word' id='word_1_762' title='bbox 3432 4049 3687 4118; x_wconf 74' lang='grc' dir='ltr'>παρούσης</span> <span class='ocrx_word' id='word_1_763' title='bbox 3713 4037 3859 4108; x_wconf 62' lang='grc' dir='ltr'>αγαθές</span> 
     </span>
    </p>
   </div>
   <div class='ocr_carea' id='block_1_97' title="bbox 2331 4146 2700 4216">
    <p class='ocr_par' dir='ltr' id='par_1_97' title="bbox 2331 4146 2700 4216">
     <span class='ocr_line' id='line_1_97' title="bbox 2331 4146 2700 4216; baseline 0 -23"><span class='ocrx_word' id='word_1_764' title='bbox 2331 4146 2700 4216; x_wconf 78' lang='grc' dir='ltr'>προαιρέσεως.</span> 
     </span>
    </p>
   </div>
   <div class='ocr_carea' id='block_1_98' title="bbox 2412 4221 3856 4297">
    <p class='ocr_par' dir='ltr' id='par_1_98' title="bbox 2412 4221 3856 4297">
     <span class='ocr_line' id='line_1_98' title="bbox 2412 4221 3856 4297; baseline -0.011 -14"><span class='ocrx_word' id='word_1_765' title='bbox 2412 4236 2509 4283; x_wconf 80' lang='grc' dir='ltr'>Καὶ</span> <span class='ocrx_word' id='word_1_766' title='bbox 2537 4262 2598 4271; x_wconf 92' lang='lat'><strong>—</strong></span> <span class='ocrx_word' id='word_1_767' title='bbox 2629 4230 2743 4292; x_wconf 81' lang='grc' dir='ltr'>ἔξω.</span> <span class='ocrx_word' id='word_1_768' title='bbox 2774 4231 2902 4280; x_wconf 77' lang='grc' dir='ltr'>Οὗτ⁹</span> <span class='ocrx_word' id='word_1_769' title='bbox 2933 4228 3173 4295; x_wconf 74' lang='grc' dir='ltr'>ἐνταῦθα,</span> <span class='ocrx_word' id='word_1_770' title='bbox 3205 4227 3305 4289; x_wconf 82' lang='grc' dir='ltr'>ἔξω</span> <span class='ocrx_word' id='word_1_771' title='bbox 3342 4233 3438 4287; x_wconf 77' lang='grc' dir='ltr'>τῆς</span> <span class='ocrx_word' id='word_1_772' title='bbox 3468 4223 3591 4297; x_wconf 72' lang='grc' dir='ltr'>ἐμῆς</span> <span class='ocrx_word' id='word_1_773' title='bbox 3613 4221 3856 4273; x_wconf 51' lang='lat' dir='ltr'>obstitisse-i3.</span> 
     </span>
    </p>
   </div>
   <div class='ocr_carea' id='block_1_99' title="bbox 2336 4308 3858 4389">
    <p class='ocr_par' dir='ltr' id='par_1_99' title="bbox 2336 4308 3858 4389">
     <span class='ocr_line' id='line_1_99' title="bbox 2336 4308 3858 4389; baseline -0.008 -17"><span class='ocrx_word' id='word_1_774' title='bbox 2336 4324 2451 4373; x_wconf 70' lang='grc' dir='ltr'>οὔτε</span> <span class='ocrx_word' id='word_1_775' title='bbox 2477 4323 2598 4383; x_wconf 77' lang='grc' dir='ltr'>ἐκεῖ,</span> <span class='ocrx_word' id='word_1_776' title='bbox 2631 4319 2714 4381; x_wconf 77' lang='grc' dir='ltr'><strong><em>ἔξη</em></strong></span> <span class='ocrx_word' id='word_1_777' title='bbox 2748 4326 2842 4379; x_wconf 81' lang='grc' dir='ltr'>τῆς</span> <span class='ocrx_word' id='word_1_778' title='bbox 2874 4316 3148 4389; x_wconf 63' lang='grc' dir='ltr'>βασιὶιίιις</span> <span class='ocrx_word' id='word_1_779' title='bbox 3176 4324 3278 4366; x_wconf 85' lang='grc' dir='ltr'>τῶν</span> <span class='ocrx_word' id='word_1_780' title='bbox 3309 4315 3559 4389; x_wconf 71' lang='grc' dir='ltr'>οὐρανῶν.</span> <span class='ocrx_word' id='word_1_781' title='bbox 3589 4316 3675 4363; x_wconf 76' lang='grc' dir='ltr'>Τὸν</span> <span class='ocrx_word' id='word_1_782' title='bbox 3696 4308 3858 4379; x_wconf 47' lang='grc' dir='ltr'>ἑρχάμ·</span> 
     </span>
    </p>
   </div>
   <div class='ocr_carea' id='block_1_100' title="bbox 2337 4404 3207 4479">
    <p class='ocr_par' dir='ltr' id='par_1_100' title="bbox 2337 4404 3207 4479">
     <span class='ocr_line' id='line_1_100' title="bbox 2337 4404 3207 4479; baseline -0.005 -19"><span class='ocrx_word' id='word_1_783' title='bbox 2337 4429 2418 4461; x_wconf 90' lang='grc' dir='ltr'>νον</span> <span class='ocrx_word' id='word_1_784' title='bbox 2442 4404 2500 4460; x_wconf 77' lang='grc' dir='ltr'>δε</span> <span class='ocrx_word' id='word_1_785' title='bbox 2526 4407 2630 4479; x_wconf 75' lang='grc' dir='ltr'>οὐχ</span> <span class='ocrx_word' id='word_1_786' title='bbox 2657 4405 2852 4466; x_wconf 73' lang='grc' dir='ltr'><strong>ἅπλῶς.</strong></span> <span class='ocrx_word' id='word_1_787' title='bbox 2886 4405 2991 4456; x_wconf 75' lang='grc' dir='ltr'>ἀλλ’</span> <span class='ocrx_word' id='word_1_788' title='bbox 3023 4404 3207 4478; x_wconf 79' lang='grc' dir='ltr'>ὀρθῶς.</span> 
     </span>
    </p>
   </div>
   <div class='ocr_carea' id='block_1_101' title="bbox 2409 4479 3856 4567">
    <p class='ocr_par' dir='ltr' id='par_1_101' title="bbox 2409 4479 3856 4567">
     <span class='ocr_line' id='line_1_101' title="bbox 2409 4479 3856 4567; baseline -0.011 -17"><span class='ocrx_word' id='word_1_789' title='bbox 2409 4496 2529 4549; x_wconf 74' lang='grc' dir='ltr'>Ὀτι</span> <span class='ocrx_word' id='word_1_790' title='bbox 2556 4529 2613 4536; x_wconf 92' lang='lat'><strong>——</strong></span> <span class='ocrx_word' id='word_1_791' title='bbox 2646 4515 2725 4567; x_wconf 82' lang='grc' dir='ltr'>με.</span> <span class='ocrx_word' id='word_1_792' title='bbox 2771 4526 2837 4534; x_wconf 84' lang='lat'>—-</span> <span class='ocrx_word' id='word_1_793' title='bbox 2869 4494 2991 4566; x_wconf 69' lang='grc' dir='ltr'>Οὐχ</span> <span class='ocrx_word' id='word_1_794' title='bbox 3040 4494 3123 4545; x_wconf 80' lang='grc' dir='ltr'>ἱνα</span> <span class='ocrx_word' id='word_1_795' title='bbox 3177 4501 3312 4545; x_wconf 81' lang='grc' dir='ltr'>ποιῶ</span> <span class='ocrx_word' id='word_1_796' title='bbox 3367 4494 3428 4543; x_wconf 84' lang='grc' dir='ltr'>τὸ</span> <span class='ocrx_word' id='word_1_797' title='bbox 3476 4490 3658 4560; x_wconf 72' lang='grc' dir='ltr'>Θέὶημα</span> <span class='ocrx_word' id='word_1_798' title='bbox 3678 4488 3725 4537; x_wconf 84' lang='grc' dir='ltr'>τό</span> <span class='ocrx_word' id='word_1_799' title='bbox 3763 4479 3856 4541; x_wconf 64' lang='grc' dir='ltr'>ἐξιὸν,</span> 
     </span>
    </p>
   </div>
   <div class='ocr_carea' id='block_1_102' title="bbox 2341 4567 3859 4656">
    <p class='ocr_par' dir='ltr' id='par_1_102' title="bbox 2341 4567 3859 4656">
     <span class='ocr_line' id='line_1_102' title="bbox 2341 4567 3859 4656; baseline -0.014 -16"><span class='ocrx_word' id='word_1_800' title='bbox 2341 4591 2458 4645; x_wconf 74' lang='grc' dir='ltr'>ἢτοι</span> <span class='ocrx_word' id='word_1_801' title='bbox 2487 4590 2542 4638; x_wconf 85' lang='grc' dir='ltr'>τὸ</span> <span class='ocrx_word' id='word_1_802' title='bbox 2581 4580 2716 4637; x_wconf 74' lang='grc' dir='ltr'>ἴδιον</span> <span class='ocrx_word' id='word_1_803' title='bbox 2743 4602 2754 4613; x_wconf 71' lang='grc'><strong>⁸</strong></span> <span class='ocrx_word' id='word_1_804' title='bbox 2804 4580 2926 4636; x_wconf 72' lang='grc' dir='ltr'>οὐδὲ</span> <span class='ocrx_word' id='word_1_805' title='bbox 2955 4588 3055 4656; x_wconf 71' lang='grc' dir='ltr'>γὰρ</span> <span class='ocrx_word' id='word_1_806' title='bbox 3085 4584 3197 4653; x_wconf 80' lang='grc'><strong>(56)</strong></span> <span class='ocrx_word' id='word_1_807' title='bbox 3230 4585 3343 4653; x_wconf 71' lang='grc' dir='ltr'>ἔχω</span> <span class='ocrx_word' id='word_1_808' title='bbox 3374 4577 3515 4633; x_wconf 79' lang='grc' dir='ltr'>ἴδιον</span> <span class='ocrx_word' id='word_1_809' title='bbox 3540 4597 3550 4608; x_wconf 93' lang='grc'><strong>·</strong></span> <span class='ocrx_word' id='word_1_810' title='bbox 3598 4574 3707 4628; x_wconf 59' lang='lat' dir='ltr'>me</span> <span class='ocrx_word' id='word_1_811' title='bbox 3740 4572 3781 4621; x_wconf 76' lang='grc' dir='ltr'>τὸ</span> <span class='ocrx_word' id='word_1_812' title='bbox 3811 4567 3859 4615; x_wconf 67' lang='grc' dir='ltr'>δέ·</span> 
     </span>
    </p>
   </div>
   <div class='ocr_carea' id='block_1_103' title="bbox 2340 4662 3859 4745">
    <p class='ocr_par' dir='ltr' id='par_1_103' title="bbox 2340 4662 3859 4745">
     <span class='ocr_line' id='line_1_103' title="bbox 2340 4662 3859 4745; baseline -0.012 -18"><span class='ocrx_word' id='word_1_813' title='bbox 2340 4675 2483 4745; x_wconf 81' lang='grc' dir='ltr'>λημα</span> <span class='ocrx_word' id='word_1_814' title='bbox 2512 4682 2602 4727; x_wconf 76' lang='grc' dir='ltr'>τοῦ</span> <span class='ocrx_word' id='word_1_815' title='bbox 2644 4672 2939 4744; x_wconf 69' lang='grc' dir='ltr'>πέμψαντός</span> <span class='ocrx_word' id='word_1_816' title='bbox 2985 4691 3067 4743; x_wconf 78' lang='grc' dir='ltr'>με,</span> <span class='ocrx_word' id='word_1_817' title='bbox 3101 4674 3349 4723; x_wconf 81' lang='grc' dir='ltr'>τουτέστι</span> <span class='ocrx_word' id='word_1_818' title='bbox 3380 4674 3441 4722; x_wconf 87' lang='grc' dir='ltr'>τὸ</span> <span class='ocrx_word' id='word_1_819' title='bbox 3467 4670 3627 4720; x_wconf 80' lang='grc' dir='ltr'>κοινὸν</span> <span class='ocrx_word' id='word_1_820' title='bbox 3662 4662 3805 4715; x_wconf 65' lang='grc' dir='ltr'>ἐκείνου</span> <span class='ocrx_word' id='word_1_821' title='bbox 3827 4669 3859 4701; x_wconf 76' lang='grc' dir='ltr'>τε</span> 
     </span>
    </p>
   </div>
   <div class='ocr_carea' id='block_1_104' title="bbox 2341 4752 3860 4835">
    <p class='ocr_par' dir='ltr' id='par_1_104' title="bbox 2341 4752 3860 4835">
     <span class='ocr_line' id='line_1_104' title="bbox 2341 4752 3860 4835; baseline -0.008 -19"><span class='ocrx_word' id='word_1_822' title='bbox 2341 4770 2430 4817; x_wconf 72' lang='grc' dir='ltr'>καὶ</span> <span class='ocrx_word' id='word_1_823' title='bbox 2461 4763 2606 4835; x_wconf 72' lang='grc' dir='ltr'><strong>ἐμοῦ,</strong></span> <span class='ocrx_word' id='word_1_824' title='bbox 2639 4764 2705 4813; x_wconf 83' lang='grc' dir='ltr'>ὧν</span> <span class='ocrx_word' id='word_1_825' title='bbox 2728 4766 2796 4824; x_wconf 84' lang='grc' dir='ltr'><strong>ὡς</strong></span> <span class='ocrx_word' id='word_1_826' title='bbox 2818 4767 2917 4834; x_wconf 82' lang='grc' dir='ltr'>μία</span> <span class='ocrx_word' id='word_1_827' title='bbox 2934 4763 3128 4823; x_wconf 77' lang='grc' dir='ltr'>θεοτης,</span> <span class='ocrx_word' id='word_1_828' title='bbox 3161 4760 3293 4811; x_wconf 73' lang='grc' dir='ltr'>οὕτω</span> <span class='ocrx_word' id='word_1_829' title='bbox 3322 4766 3417 4810; x_wconf 79' lang='grc' dir='ltr'>καὶ</span> <span class='ocrx_word' id='word_1_830' title='bbox 3443 4757 3494 4811; x_wconf 80' lang='grc' dir='ltr'>ἓν</span> <span class='ocrx_word' id='word_1_831' title='bbox 3527 4755 3715 4826; x_wconf 68' lang='grc' dir='ltr'>θέλημα.</span> <span class='ocrx_word' id='word_1_832' title='bbox 3741 4752 3860 4799; x_wconf 65' lang='grc' dir='ltr'>Κατα-</span> 
     </span>
    </p>
   </div>
   <div class='ocr_carea' id='block_1_105' title="bbox 2345 4849 3423 4922">
    <p class='ocr_par' dir='ltr' id='par_1_105' title="bbox 2345 4849 3423 4922">
     <span class='ocr_line' id='line_1_105' title="bbox 2345 4849 3423 4922; baseline -0.006 -16"><span class='ocrx_word' id='word_1_833' title='bbox 2345 4852 2527 4911; x_wconf 74' lang='grc' dir='ltr'>ϐἐϐηκε</span> <span class='ocrx_word' id='word_1_834' title='bbox 2559 4849 2617 4904; x_wconf 71' lang='grc' dir='ltr'>δὲ</span> <span class='ocrx_word' id='word_1_835' title='bbox 2648 4851 2702 4904; x_wconf 79' lang='grc' dir='ltr'>ἐκ</span> <span class='ocrx_word' id='word_1_836' title='bbox 2733 4860 2822 4903; x_wconf 72' lang='grc' dir='ltr'>τοῦ</span> <span class='ocrx_word' id='word_1_837' title='bbox 2853 4851 3073 4922; x_wconf 67' lang='grc' dir='ltr'>οὐρανον</span> <span class='ocrx_word' id='word_1_838' title='bbox 3098 4857 3158 4920; x_wconf 75' lang='grc' dir='ltr'>τῇ</span> <span class='ocrx_word' id='word_1_839' title='bbox 3192 4850 3423 4907; x_wconf 74' lang='grc' dir='ltr'>θεὸτητι.</span> 
     </span>
    </p>
   </div>
   <div class='ocr_carea' id='block_1_106' title="bbox 1763 5272 2718 5346">
    <p class='ocr_par' dir='ltr' id='par_1_106' title="bbox 1763 5272 2718 5346">
     <span class='ocr_line' id='line_1_106' title="bbox 1763 5272 2718 5346; baseline -0.008 0"><span class='ocrx_word' id='word_1_840' title='bbox 1763 5274 1986 5346; x_wconf 79' lang='lat' dir='ltr'>Variae</span> <span class='ocrx_word' id='word_1_841' title='bbox 2034 5272 2362 5345; x_wconf 87' lang='lat' dir='ltr'>lectiones</span> <span class='ocrx_word' id='word_1_842' title='bbox 2417 5280 2718 5343; x_wconf 81' lang='lat' dir='ltr'>etnotae.</span> 
     </span>
    </p>
   </div>
   <div class='ocr_carea' id='block_1_107' title="bbox 806 5546 1201 5605">
    <p class='ocr_par' dir='ltr' id='par_1_107' title="bbox 806 5546 1201 5605">
     <span class='ocr_line' id='line_1_107' title="bbox 806 5546 1201 5605; baseline -0.008 -2"><span class='ocrx_word' id='word_1_843' title='bbox 806 5552 867 5603; x_wconf 81' lang='grc' dir='ltr'><em>Δέ</em></span> <span class='ocrx_word' id='word_1_844' title='bbox 892 5546 1108 5605; x_wconf 90' lang='lat' dir='ltr'>omittit</span> <span class='ocrx_word' id='word_1_845' title='bbox 1134 5546 1201 5602; x_wconf 72' lang='lat' dir='ltr'>A.</span> 
     </span>
    </p>
   </div>
   <div class='ocr_carea' id='block_1_108' title="bbox 662 5474 1412 5549">
    <p class='ocr_par' dir='ltr' id='par_1_108' title="bbox 662 5474 1412 5549">
     <span class='ocr_line' id='line_1_108' title="bbox 662 5474 1412 5549; baseline -0.013 -15"><span class='ocrx_word' id='word_1_846' title='bbox 662 5478 775 5549; x_wconf 79' lang='grc'><strong>(51)</strong></span> <span class='ocrx_word' id='word_1_847' title='bbox 814 5481 1010 5549; x_wconf 75' lang='grc' dir='ltr'>Τοῦτον</span> <span class='ocrx_word' id='word_1_848' title='bbox 1033 5477 1120 5529; x_wconf 87' lang='grc' dir='ltr'>τὸν</span> <span class='ocrx_word' id='word_1_849' title='bbox 1152 5474 1313 5549; x_wconf 11' lang='grc' dir='ltr'>κᾶρτον</span> <span class='ocrx_word' id='word_1_850' title='bbox 1347 5476 1412 5530; x_wconf 80' lang='grc' dir='ltr'>Α.</span> 
     </span>
    </p>
   </div>
   <div class='ocr_carea' id='block_1_109' title="bbox 658 5478 1169 5695">
    <p class='ocr_par' dir='ltr' id='par_1_109' title="bbox 658 5478 1169 5695">
     <span class='ocr_line' id='line_1_109' title="bbox 662 5478 1169 5549; baseline -0.014 -15"><span class='ocrx_word' id='word_1_851' title='bbox 662 5482 744 5549; x_wconf 79' lang='grc'>(51</span> <span class='ocrx_word' id='word_1_852' title='bbox 814 5481 1003 5531; x_wconf 83' lang='grc' dir='ltr'>Τοῦτον</span> <span class='ocrx_word' id='word_1_853' title='bbox 1033 5478 1120 5529; x_wconf 88' lang='grc' dir='ltr'>τὸν</span> <span class='ocrx_word' id='word_1_854' title='bbox 1159 5496 1169 5527; x_wconf 82' lang='grc' dir='ltr'>ι</span> 
     </span>
     <span class='ocr_line' id='line_1_110' title="bbox 686 5546 1169 5605; baseline -0.006 0"><span class='ocrx_word' id='word_1_855' title='bbox 686 5554 752 5605; x_wconf 82' lang='lat'><strong>52</strong></span> <span class='ocrx_word' id='word_1_856' title='bbox 806 5552 867 5603; x_wconf 81' lang='grc' dir='ltr'><em>Δέ</em></span> <span class='ocrx_word' id='word_1_857' title='bbox 892 5546 1108 5605; x_wconf 81' lang='lat' dir='ltr'>omittit</span> <span class='ocrx_word' id='word_1_858' title='bbox 1134 5548 1169 5602; x_wconf 84' lang='lat' dir='ltr'><strong>A</strong></span> 
     </span>
     <span class='ocr_line' id='line_1_111' title="bbox 658 5478 1169 5695; baseline -0.002 -20"><span class='ocrx_word' id='word_1_859' title='bbox 658 5478 776 5695; x_wconf 70' lang='grc'><strong>(53)</strong></span> <span class='ocrx_word' id='word_1_860' title='bbox 805 5624 865 5679; x_wconf 81' lang='grc' dir='ltr'>Ἡ</span> <span class='ocrx_word' id='word_1_861' title='bbox 895 5619 1068 5680; x_wconf 84' lang='lat' dir='ltr'>abest</span> <span class='ocrx_word' id='word_1_862' title='bbox 1100 5620 1169 5676; x_wconf 83' lang='lat' dir='ltr'>A.</span> 
     </span>
    </p>
   </div>
   <div class='ocr_carea' id='block_1_110' title="bbox 2427 5470 3185 5540">
    <p class='ocr_par' dir='ltr' id='par_1_110' title="bbox 2427 5470 3185 5540">
     <span class='ocr_line' id='line_1_112' title="bbox 2427 5470 3185 5540; baseline -0.009 -15"><span class='ocrx_word' id='word_1_863' title='bbox 2427 5470 2538 5540; x_wconf 63' lang='lat'><strong>(54)</strong></span> <span class='ocrx_word' id='word_1_864' title='bbox 2569 5470 2792 5540; x_wconf 77' lang='grc' dir='ltr'>Πατρός,</span> <span class='ocrx_word' id='word_1_865' title='bbox 2821 5481 2931 5540; x_wconf 83' lang='lat' dir='ltr'>pro</span> <span class='ocrx_word' id='word_1_866' title='bbox 2962 5472 3095 5520; x_wconf 80' lang='grc' dir='ltr'>Θεοῦ</span> <span class='ocrx_word' id='word_1_867' title='bbox 3124 5471 3185 5519; x_wconf 80' lang='grc' dir='ltr'>Α.</span> 
     </span>
    </p>
   </div>
   <div class='ocr_carea' id='block_1_111' title="bbox 2426 5541 3159 5613">
    <p class='ocr_par' dir='ltr' id='par_1_111' title="bbox 2426 5541 3159 5613">
     <span class='ocr_line' id='line_1_113' title="bbox 2426 5541 3159 5613; baseline -0.008 -18"><span class='ocrx_word' id='word_1_868' title='bbox 2426 5542 2534 5613; x_wconf 84' lang='grc'><strong>(55)</strong></span> <span class='ocrx_word' id='word_1_869' title='bbox 2564 5543 2713 5613; x_wconf 76' lang='grc' dir='ltr'>Παρὰ</span> <span class='ocrx_word' id='word_1_870' title='bbox 2741 5541 3065 5613; x_wconf 32' lang='grc' dir='ltr'>του-Πατρός</span> <span class='ocrx_word' id='word_1_871' title='bbox 3098 5544 3159 5591; x_wconf 78' lang='grc' dir='ltr'>Δ.</span> 
     </span>
    </p>
   </div>
   <div class='ocr_carea' id='block_1_112' title="bbox 2424 5542 2975 5685">
    <p class='ocr_par' dir='ltr' id='par_1_112' title="bbox 2424 5542 2975 5685">
     <span class='ocr_line' id='line_1_114' title="bbox 2426 5543 2975 5613; baseline -0.015 -16"><span class='ocrx_word' id='word_1_872' title='bbox 2426 5546 2511 5611; x_wconf 85' lang='grc'>(55</span> <span class='ocrx_word' id='word_1_873' title='bbox 2564 5543 2713 5613; x_wconf 76' lang='grc' dir='ltr'>Παρὰ</span> <span class='ocrx_word' id='word_1_874' title='bbox 2741 5546 2833 5592; x_wconf 81' lang='grc' dir='ltr'>τοῦ</span> <span class='ocrx_word' id='word_1_875' title='bbox 2864 5545 2975 5592; x_wconf 66' lang='lat' dir='ltr'>Ila:</span> 
     </span>
     <span class='ocr_line' id='line_1_115' title="bbox 2424 5542 2975 5685; baseline -0.013 -15"><span class='ocrx_word' id='word_1_876' title='bbox 2424 5542 2539 5685; x_wconf 81' lang='grc'><strong>(56)</strong></span> <span class='ocrx_word' id='word_1_877' title='bbox 2564 5613 2695 5684; x_wconf 70' lang='grc' dir='ltr'>Ἐγὼ</span> <span class='ocrx_word' id='word_1_878' title='bbox 2721 5610 2885 5670; x_wconf 83' lang='lat' dir='ltr'>addit</span> <span class='ocrx_word' id='word_1_879' title='bbox 2906 5613 2975 5667; x_wconf 79' lang='grc' dir='ltr'>Α.</span> 
     </span>
    </p>
   </div>
  </div>
