4038 6226
186 228 320 294 1249

249 367 413 416 Τοῦτο
468 388 538 398 -
594 357 782 429 ἡμέρᾳ.
850 361 951 410 Καὶ
1013 361 1118 429 μὴν
1199 359 1395 418 πάντας

184 455 312 520 τότε,
359 453 451 501 καὶ
502 449 622 508 τούς
668 448 926 507 σωθέντας
971 451 1062 498 καὶ
1105 449 1227 506 τούς
1287 443 1634 511 ἀπολωλότας,
1687 450 1776 497 καὶ

181 545 294 601 τοὺς
330 540 552 600 πιστοὺς
587 539 678 588 καὶ
722 539 843 598 τοὺς
897 533 1154 597 ἀπίστους
1187 554 1200 568 ο
1236 534 1342 587 ἀλλ’
1381 533 1668 586 ἀνάστασιν
1699 533 1776 586 ἐν·

180 630 347 683 ταῦθα
372 626 509 698 λέγει
534 629 628 682 τὴν
673 623 759 678 ἐπὶ
798 622 1106 692 ἀπολαύσει,
1161 625 1218 676 οὐ
1272 628 1366 682 τὴν
1433 622 1514 677 ἐπὶ
1543 622 1775 679 κολάσει.

181 717 292 790 Ἀφ’
323 717 391 767 ὧν
445 711 506 768 δέ
555 732 735 786 φησιν,
779 710 1044 766 δείκνυσιν
1091 715 1172 766 ότι
1227 717 1395 766 κοινόν
1453 713 1648 784 θέλημα
1689 717 1776 764 καὶ

178 803 269 860 τοῦ
315 808 522 879 Πατρός
567 809 658 856 καὶ
708 811 800 855 τοῦ
856 805 980 856 Υἱοῦ
1037 807 1093 854 τό
1145 804 1379 860 σωθῆναι
1425 804 1642 863 πάντας.
1686 803 1779 854 Διά

177 903 332 948 τοῦτο
383 896 487 966 γὰρ
519 895 545 945 ό
575 896 664 966 μεν
713 891 1027 957 ἀπέστειλεν,
1066 893 1092 944 6
1142 889 1202 944 δι
1251 896 1556 964 παρεγένετο
1589 906 1603 921 ·
1636 896 1726 942 καὶ
1752 892 1779 942 6

177 987 266 1058 μὲν
323 980 525 1037 δίδωσι
598 986 716 1044 τούς
766 984 1127 1046 πιστεύοντας,
1178 983 1203 1033 6
1258 977 1318 1033 δε
1363 979 1779 1055 παραλαμϐάνων

178 1075 359 1134 σώζει.

249 1161 388 1235 [Ἵνα
587 1165 659 1235 μὴ
717 1159 970 1226 ἀπολέσω,
1019 1163 1304 1230 τουτέστιν,
1331 1160 1414 1211 ἶνα
1441 1163 1512 1232 μὴ
1555 1158 1608 1222 ἐξ
1647 1158 1777 1230 ἐμῆς

172 1256 349 1312 αιτίας
387 1249 642 1309 ἀπόληταί
689 1269 785 1312 τις.
851 1254 949 1303 Καὶ
981 1247 1216 1321 ἀνωτέρω
1249 1251 1349 1324 γάρ
1383 1245 1537 1313 εἶπεν,
1570 1251 1649 1301 ὅτι
1678 1249 1776 1302 Τόν

171 1342 461 1417 ἐρχόμενον
514 1343 641 1415 πρός
670 1359 733 1411 με
781 1338 838 1391 οὐ
869 1343 940 1411 μὴ
975 1337 1173 1390 ἐκϐάλω
1212 1338 1327 1400 ἔξω.
1367 1342 1564 1391 Λοιπὸν
1591 1334 1701 1400 οὖν,
1734 1340 1778 1388 εἳ

170 1451 255 1494 τις
287 1429 350 1482 ἂν
379 1429 627 1489 ἑκουσίως
678 1426 852 1500 ἐξέλθῃ
887 1432 975 1480 καὶ
1009 1428 1261 1489 ἑκουσίως
1305 1425 1584 1488 ἀπόληται,
1631 1427 1777 1499 παρά

169 1523 270 1578 τὴν
291 1518 479 1571 ἑαυτοῦ
521 1518 693 1570 αἰτίαν
742 1525 894 1570 τοῦτο
942 1519 1162 1589 πάσχει.
1223 1513 1428 1569 Οὐδένα
1455 1518 1555 1589 γάρ
1589 1516 1614 1567 6
1652 1518 1776 1576 Θεὸς

170 1610 307 1679 πρὸς
328 1604 559 1680 ἀνάγκην
585 1607 738 1660 ἕλκει.
771 1605 793 1680 ]

1356 219 1728 288 COMMENT.
1770 228 1842 286 IN
1875 229 2229 286 JOANNEM.
2273 263 2337 272 —
2379 231 2534 288 CAP.
2581 229 2671 290 VI.
2739 273 2746 283 .

3402 245 3419 295 l
3433 237 3537 296 250

1489 353 1686 414 ἀναστή
1697 374 1776 408 σει

1959 356 2120 412 Vers.
2150 357 2238 411 39.
2275 355 2412 411 Haec
2439 384 2506 396 —
2527 355 2642 413 die.
2680 356 2857 430 Atqui
2875 372 3088 416 omnes
3120 364 3259 417 tunc
3279 362 3538 419 resusci-

1887 443 2054 509 tabit,
2081 449 2139 499 et
2165 443 2272 515 qui
2301 443 2448 500 salvi
2475 449 2667 511 erunt,
2696 451 2753 502 et
2776 447 2882 519 qui
2916 448 3212 519 peribunt,
3245 453 3366 507 tam
3397 451 3535 508 tide-

1884 532 1970 588 les
1993 548 2176 605 quam
2198 532 2487 589 inﬁdeles.
2514 533 2627 591 Sed
2653 537 3144 593 resurrectionem
3176 539 3289 596 hoc
3317 539 3378 595 in
3403 541 3534 597 loco

1887 621 2191 693 appellant
2217 638 2372 688 eam,
2405 638 2540 694 quas
2568 623 2678 680 erit
2703 624 2782 681 ad
2809 626 3098 698 requiem,
3141 643 3261 685 non
3300 645 3430 702 quae
3455 610 3534 685 ad

1887 711 2268 783 supplicium.
2308 714 2374 767 Et
2414 727 2483 768 ex
2531 712 2624 768 his
2651 713 2927 781 ostendit,
2965 731 3352 774 communem
3407 733 3536 774 esse

1888 800 2072 857 Patris
2113 808 2170 858 et
2204 801 2324 857 Filii
2369 801 2727 859 voluntatem
2783 809 2846 858 ut
2892 820 3104 862 omnes
3156 806 3301 862 salvi
3355 806 3534 871 ﬁant;

1888 891 1967 947 ob
1998 891 2056 947 id
2080 907 2346 964 namque
2371 897 2429 947 et
2453 892 2548 948 ille
2579 893 2758 964 misit,
2792 899 2849 949 et
2875 894 2970 950 hic
3002 895 3243 952 advenit
3269 911 3282 963 ;
3308 894 3402 950 ille
3431 895 3536 952 dat

1889 981 2219 1048 credentes,
2249 987 2304 1038 et
2328 981 2424 1038 hic
2455 985 2654 1038 servat
2681 987 2981 1055 acceptos.

1958 1159 2044 1228 -Η-
2073 1161 2152 1214 Ne
2173 1156 2436 1230 perdam,
2459 1157 2574 1213 hoc
2595 1161 2700 1224 est,
2725 1173 2800 1214 ne
2827 1174 2962 1216 mea
2987 1159 3163 1232 culpa
3195 1160 3411 1234 aliquis
3438 1177 3538 1234 pe-

1885 1253 2030 1303 reat.
2054 1249 2198 1304 Nam
2227 1253 2286 1303 et
2314 1246 2588 1318 superius
2604 1247 2750 1304 dixit
2779 1263 2793 1303 :
2826 1249 3138 1306 Venientem
3172 1251 3249 1306 ad
3275 1265 3368 1308 me
3415 1268 3538 1309 non

1886 1337 2174 1407 expellam
2185 1337 2364 1409 foras.
2378 1336 2750 1410 Relinquitur
2761 1352 2903 1408 ergo
2921 1344 2983 1394 ut
2996 1338 3045 1393 si
3056 1339 3192 1412 quis
3210 1339 3539 1398 voluntarie

1886 1432 2058 1484 exeat
2085 1434 2142 1484 et
2167 1429 2495 1484 voluntarie
2523 1433 2744 1500 pereat,
2777 1444 2890 1485 sua
2911 1428 3089 1502 culpa
3112 1429 3226 1488 hoc
3255 1431 3536 1503 patiatur.

1885 1518 2191 1574 Neminem
2227 1518 2388 1574 enim
2419 1518 2572 1574 Deus
2602 1517 2661 1574 vi
2697 1518 2894 1575 trahit.

245 1702 412 1748 Τοῦτο
461 1725 527 1736 -
575 1697 765 1769 ἡμέρᾳ.
811 1699 910 1748 Τόν
941 1695 1095 1747 αὐτόν
1134 1693 1285 1764 λόγον
1317 1694 1611 1766 σαφηνίζει,
1657 1712 1776 1745 συν-

1957 1697 2115 1750 Vers.
2134 1699 2214 1752 4ο.
2235 1697 2367 1753 Haec
2382 1727 2446 1737 -
2459 1696 2566 1751 die.
2589 1694 2873 1752 Eumdem
2891 1695 3156 1754 declarat
3168 1714 3533 1768 sermonem,

171 1788 454 1858 εχέστερον
486 1783 641 1836 αὐτόν
691 1784 893 1856 ἐνηχῶν
925 1785 1007 1835 ἶνα
1053 1788 1124 1856 μὴ
1159 1782 1414 1840 εὖαπόϐλη
1427 1802 1503 1844 τος
1539 1787 1771 1854 γένηται,

167 1879 265 1925 καὶ
297 1874 380 1926 ἵνα
410 1872 740 1950 βεϐαιότερον
772 1875 1010 1946 μάθωσιν
1050 1874 1128 1924 ὅτι
1182 1871 1464 1932 ἀνάστασίς
1511 1871 1643 1941 ἐστι,
1686 1876 1775 1924 καὶ

166 1970 270 2024 τῆς
297 1963 370 2023 εἰς
395 1963 550 2016 αὐτόν
578 1968 806 2024 πίστεως
837 1961 1052 2034 ἀμοιϐὴ,
1084 1967 1174 2014 καὶ
1225 1970 1324 2014 τῶν
1379 1960 1600 2015 ἐνταῦθα
1628 1981 1776 2014 πνευ-

168 2061 408 2117 ματικῶν
439 2049 648 2124 ἀγώνων
679 2048 1044 2122 ἀνταπόδοσις,
1094 2056 1184 2104 καὶ
1219 2051 1263 2103 εἰ
1291 2054 1363 2123 μὴ
1395 2053 1530 2102 κατά
1557 2054 1644 2102 τὸν
1673 2071 1776 2104 πα-

165 2146 332 2214 ρόντα
360 2139 478 2214 βίον
511 2142 918 2207 ἀπολαύσωσιν,
952 2139 1081 2192 ἀλλά
1107 2159 1167 2212 γε
1200 2143 1336 2192 κατὰ
1362 2143 1450 2192 τόν
1504 2139 1772 2212 μέλλοντα.

169 2236 282 2291 Πᾶς
309 2227 371 2284 δε
396 2233 422 2282 6
455 2233 654 2305 θεωρῶν
683 2235 768 2284 τὸν
799 2233 920 2283 Υἱόν
950 2237 1057 2293 τοῖς
1105 2229 1384 2302 ὀφθαλμοῖς
1436 2237 1522 2290 τῆς
1567 2229 1771 2302 ψυχῆς,

168 2321 194 2373 ὅ
218 2321 388 2385 ἐστιν,
422 2321 449 2372 6
475 2323 730 2374 πιστεύων
759 2321 830 2381 εἰς
862 2319 1038 2374 άύτόν.

247 2409 569 2480 Ἐγόγγυζον
618 2441 686 2450 -
715 2407 1052 2466 καταϐέϐηκα
1096 2425 1110 2476 ;
1153 2407 1277 2461 Ὀτε
1328 2410 1416 2481 μεν
1465 2409 1620 2480 ἄρτον
1651 2402 1778 2458 ἔδω-

165 2516 259 2549 κεν
312 2497 493 2561 αύτόἰς
535 2503 625 2551 καὶ
666 2503 761 2556 τὴν
789 2502 1016 2574 γαστέρα
1055 2497 1315 2563 ἐνέπλησε,
1365 2502 1454 2548 καὶ
1509 2501 1776 2569 προφήτην

169 2586 349 2657 ἷλεγον
382 2584 530 2653 εἶναι,
563 2593 652 2640 καὶ
680 2586 905 2661 βασιλέα
933 2595 1156 2645 ποιῆσαι
1184 2586 1364 2644 ἤθελον
1406 2602 1420 2616 ·
1465 2587 1547 2638 ὅτε
1573 2582 1607 2637 δ
1611 2589 1632 2637 ‘e
1661 2588 1778 2658 περὶ

171 2683 270 2726 τοῦ
331 2676 576 2750 οὐρανίου
630 2678 790 2751 ἄρτου
847 2682 937 2729 καὶ
1011 2677 1124 2748 (58)
1165 2683 1519 2748 πνευματικῆς
1583 2683 1778 2746 τροφῆς

168 2771 264 2816 καὶ
313 2769 461 2828 ςωῆς
506 2767 716 2819 αἰωνίου
771 2763 1046 2838 διελέγετο,
1103 2765 1454 2837 ἐταράσσοντο
1507 2769 1596 2816 καὶ
1632 2763 1776 2827 ἐξηυ-

169 2853 375 2916 τίλιξον
412 2859 469 2908 τὸ
507 2860 653 2928 γένος
711 2855 890 2919 αὐτοῦ,
945 2857 1039 2908 Ὧν
1085 2859 1217 2916 Θεὸς
1270 2857 1300 2913 ἠ
1344 2854 1516 2906 κοιλία
1542 2855 1654 2925 (59)
1687 2874 1777 2906 κα-

168 2942 276 3005 λῶς
329 2940 438 2997 εἷπε
497 2946 715 3007 Παῦλος.
753 2951 850 2999 Καὶ
879 2952 1285 3020 προσεποιοῦντο
1316 2947 1406 3016 μὲν
1447 2943 1772 3014 ἀγανακτεῖν,

171 3029 318 3086 διότι
365 3032 520 3103 εἶπεν,
585 3037 664 3087 ὅτι
716 3035 804 3088 Ἐκ
859 3043 949 3087 τοῦ
994 3035 1213 3108 ούρανοῦ
1259 3032 1595 3091 καταϐέϐηκα
1648 3053 1661 3066 ’

171 3118 235 3175 δὲ
265 3121 457 3185 ἀληθὲς
484 3126 830 3195 ἠγανάκτουν,
875 3122 1017 3177 διότι
1046 3123 1140 3176 ουκ
1175 3123 1356 3197 ἔθρεψε
1386 3122 1538 3174 πάλιν
1564 3122 1772 3188 αὐτούς,

164 3214 235 3274 ὡς
273 3208 634 3286 προσεδόκων.
697 3220 758 3266 Εἰ
806 3215 908 3288 γὰρ
967 3210 1039 3266 δι’
1087 3211 1248 3265 ἐκεῖνο
1297 3211 1604 3284 ἐγόγγυζον,
1642 3213 1776 3284 ἠρώ-

163 3319 340 3361 τησαν
371 3301 450 3367 ἂν,
474 3310 582 3365 πῶς
610 3303 762 3376 ἄρτος
790 3301 922 3368 ἐστὶ,
956 3310 1061 3364 πῶς
1092 3306 1146 3354 ἐκ
1178 3308 1269 3354 τοῦ
1309 3300 1528 3375 ούρανοῦ
1558 3299 1774 3353 καταϐέ-

163 3410 327 3465 ρηκεν
359 3409 373 3458 ;

237 3480 300 3533 ⁸0
323 3477 385 3533 δὲ
421 3484 654 3554 Χριστὸς
690 3481 783 3535 οὐκ
832 3479 985 3548 εἶπεν,
1049 3482 1129 3534 ὅτι
1183 3480 1293 3534 Οὔκ
1355 3479 1462 3552 εἰμὶ
1513 3482 1626 3541 υἱός
1665 3479 1780 3534 Ἰω-

169 3567 455 3643 σὴφ,ο·5δε
493 3567 705 3635 ἐδίδαξέ
757 3591 810 3624 τι
847 3577 966 3646 περὶ
1020 3578 1111 3623 τοῦ
1158 3574 1341 3642 γένους
1385 3569 1566 3634 αὐτοῦ,
1626 3575 1781 3641 γινώ-

169 3678 312 3712 σκων
372 3659 563 3722 αὐτούς
617 3664 761 3713 οὔπω
815 3657 1135 3733 δυναμνους
1185 3658 1412 3712 ἀκοῦσαι
1449 3661 1538 3710 τὸν
1580 3660 1780 3732 Θαυμά-

169 3751 298 3801 στόν
335 3754 488 3802 τόκον
527 3749 708 3815 αὐτοῦ,
760 3755 849 3803 καὶ
879 3749 1049 3822 πολλῷ
1097 3748 1287 3822 μᾶλλον
1324 3753 1418 3807 τὴν
1471 3754 1781 3822 προαιώνιον

170 3837 340 3890 αὐτοῦ
371 3844 636 3910 γέννησιν.
695 3843 1052 3912 Οἶκονομικῶς
1081 3836 1168 3891 οὖν
1198 3834 1504 3913 παρέδραμε
1546 3841 1780 3914 τόν,περὶ

167 3931 364 3981 τούτου
394 3927 570 4002 λόγον,
601 3931 685 3982 ἵνα
713 3934 785 4003 μὴ
837 3930 1005 4004 ἕτερον
1037 3924 1327 3982 σκάνδαλον
1368 3925 1586 4001 ἀνοιρῶν
1615 3930 1779 4004 ἕτερον

171 4017 376 4092 ἐμϐάλῃ
389 4059 401 4070 .

250 4109 538 4180 ’Δπεκρίθη
575 4139 643 4150 —-
673 4107 844 4163 αὐτόν.
902 4105 1140 4161 Ἐλευσιν
1204 4109 1336 4180 πρὸς
1383 4105 1563 4159 ἐαυτὸν
1621 4123 1780 4178 φησιν

173 4197 237 4250 ού
312 4202 408 4256 τὴν
463 4197 637 4260 ἁπλῶς
690 4217 704 4232 ν
770 4196 878 4250 ἐπεὶ
951 4201 1042 4250 καὶ
1095 4196 1244 4249 αὐτοὶ
1305 4199 1395 4248 καὶ
1456 4195 1602 4247 ἄλλοι
1657 4195 1782 4248 πολ·-

171 4288 257 4340 λοὶ
286 4291 519 4359 ἤρχοντο
557 4291 685 4363 πρὸς
733 4287 888 4340 αὐτόν
925 4305 936 4316 ’
968 4285 1096 4338 ἀλλὰ
1122 4290 1214 4344 τὴν
1263 4284 1316 4337 ἐκ
1348 4289 1592 4347 πίστεως.
1623 4283 1690 4337 Ὃ
1719 4281 1778 4338 δὲ

770 4196 878 4250 ἐπεὶ
951 4201 1042 4250 καὶ
1095 4196 1244 4249 αὐτοὶ
1305 4199 1395 4248 καὶ

171 4375 313 4446 λέγει
341 4380 574 4428 τοιοῦτόν
609 4375 722 4430 ἐστι
753 4396 767 4410 ·
802 4376 1032 4438 Εἰκότως
1077 4375 1136 4428 ού
1163 4377 1431 4427 πιστεύετέ
1450 4394 1561 4447 μοι,
1596 4373 1653 4426 ού
1679 4378 1778 4449 γάρ
1815 4411 1859 4466 D

176 4465 492 4524 εἱλκύσθητε
540 4468 685 4540 παρά
707 4473 798 4519 τοῦ
829 4469 1054 4539 Πατρός,
1107 4467 1174 4527 ὡς
1205 4463 1427 4527 ἀνάξιοι.
1462 4460 1649 4525 Οὐδεὶς
1676 4467 1777 4540 γὰρ

178 4551 407 4607 δύναται
456 4553 612 4608 ἃθείν
643 4558 774 4628 πρὸς
805 4554 908 4628 ἔμε,
942 4558 1061 4612 ἦτοι
1102 4561 1388 4606 πιστεῦσαι
1436 4553 1509 4614 εἰς
1561 4556 1664 4626 ἔμε,
1695 4552 1780 4605 ἐὰν

177 4648 252 4716 μὴ
277 4645 302 4695 ό
327 4649 508 4718 Πατὴρ
541 4645 567 4696 6
621 4644 834 4716 πέμψας
878 4663 940 4715 με
978 4643 1166 4715 ὑικύσῃ
1218 4642 1393 4697 αὐτόν.
1455 4646 1641 4715 Εἷρηκε
1676 4646 1778 4716 γὰρ

175 4737 269 4785 καὶ
324 4731 581 4806 ἀνωτέρω,
657 4735 739 4786 ὃτι
814 4739 943 4797 Πᾶν,
1003 4731 1030 4784 ὃ
1079 4727 1280 4784 δίδωσί
1333 4751 1424 4804 μοι
1488 4733 1514 4783 6
1571 4736 1776 4808 Πατὴρ,

175 4825 310 4897 πρὸς
369 4820 454 4894 ἐμὲ
501 4822 612 4885 ἣξει
667 4839 682 4854 ο
737 4827 828 4875 καὶ

173 4919 270 4964 τοῦ
317 4915 414 4969 τήν
469 4910 718 4984 ἐξήγησιν
775 4910 1204 4986 συμϐαλλομένην
1264 4911 1332 4972 είς
1387 4914 1446 4963 τό
1511 4915 1784 4985 προκείμε-

173 5019 263 5056 νον
269 5043 283 5058 ο

913 4821 1172 4893 ἀνάγνωθι
1239 4828 1333 4872 τοῦ
1388 4823 1626 4874 τοιούτου
1689 4822 1780 4896 ῥη-

283 5182 334 5218 ²³
375 5177 664 5254 Philippe.
695 5195 776 5248 iu,
820 5184 906 5238 t9.
1019 5177 1262 5236 "toan.
1290 5194 1368 5246 vi,
1390 5181 1479 5239 37.

1718 3037 1855 3128 r6C

1884 1785 2245 1857 frequentius
2265 1803 2404 1842 eum
2425 1786 2730 1852 inducens,
2754 1802 2829 1842 ne
2857 1785 3026 1843 facile
3047 1788 3368 1858 rejiciatur,
3391 1795 3448 1846 et
3476 1794 3538 1846 ut

1883 1874 2109 1930 firmius
2129 1877 2365 1932 discant
2392 1876 2653 1932 futuram
2684 1891 2815 1931 esse
2845 1879 3342 1935 resurrectionem
3372 1894 3445 1935 ac
3474 1878 3539 1934 ti-

1883 1963 1999 2029 dei,
2013 1979 2149 2036 quae
2167 1965 2222 2019 in
2237 1965 2430 2036 ipsum
2445 1970 2548 2030 est,
2566 1966 3000 2036 repensionem,
3015 1967 3536 2041 spiritualiumque

1882 2053 2294 2120 certaminum,
2319 2070 2456 2126 quas
2478 2054 2574 2110 hic
2598 2053 2921 2111 tolerantur
2938 2055 3540 2130 retributionem,qua

1883 2142 1932 2197 si
1955 2157 2074 2198 non
2105 2149 2242 2200 sunt
2277 2143 2510 2200 fruituri
2549 2143 2609 2200 in
2639 2145 2916 2216 praesenti
2955 2145 3099 2211 vita,
3132 2149 3195 2202 at
3233 2146 3446 2203 saltem
3471 2147 3538 2202 in

1885 2231 2102 2288 futura.
2136 2233 2340 2289 Omnis
2363 2238 2564 2289 autem
2611 2233 2716 2306 qui
2753 2233 2910 2290 videt
2947 2234 3180 2302 Filium,
3217 2235 3407 2292 oculis
3456 2237 3540 2293 vi-

1885 2321 2093 2378 delicet
2121 2321 2282 2391 ﬁdei,
2312 2321 2427 2379 hoc
2457 2325 2570 2392 est,
2599 2324 2697 2396 qui
2729 2323 2914 2379 credit
2939 2322 3002 2379 iu
3032 2339 3196 2380 eum.

1957 2412 2112 2466 Vers.
2136 2411 2226 2466 41.
2254 2412 2713 2467 Murmurabant
2755 2443 2825 2452 —
2871 2411 3037 2469 Vers.
3085 2413 3176 2468 42.
3210 2413 3538 2471 descendi?

1887 2497 2139 2564 Quando
2180 2513 2392 2570 panem
2442 2498 2604 2553 dedit
2630 2499 2712 2554 eis
2753 2499 3131 2572 implevitque
3161 2506 3450 2568 ventrem,
3483 2506 3540 2557 et

1887 2587 2242 2660 prophetam
2259 2604 2387 2643 esse
2403 2588 2767 2653 dicebant,et
2779 2603 2978 2659 regem
2997 2605 3197 2646 creare
3213 2590 3493 2647 volebant
3520 2607 3534 2646 :

1889 2678 1990 2733 ubi
2022 2694 2163 2734 vero
2192 2679 2266 2733 de
2296 2678 2517 2734 cmlesti
2547 2694 2701 2750 pane
2731 2683 2786 2733 et
2811 2679 3100 2751 spirituali
3131 2681 3538 2752 cibo,vitaque

1887 2773 2108 2822 aeterna
2137 2768 2434 2835 disseruit,
2454 2768 2850 2824 turbabantur
2875 2785 2944 2823 ac
2970 2784 3159 2838 genus
3189 2770 3380 2842 ipsius
3396 2777 3540 2826 atte-

1885 2855 2252 2921 nuabant,de
2267 2857 2486 2928 quibus
2507 2858 2659 2912 bene
2684 2856 2830 2912 dixit
2849 2857 3070 2912 Paulus
3089 2876 3102 2923 ;
3123 2858 3378 2924 Quorum
3391 2859 3536 2913 Deus

1887 2951 2086 3001 venter
2105 2950 2187 3000 est
2201 2947 2268 2996 ³³.
2285 2947 2432 3000 Nam
2449 2944 2826 3014 ﬁngebantse
2842 2943 3158 3016 indignari,
3175 2945 3340 3018 quod
3352 2946 3538 3001 dixis-

1886 3040 2005 3089 set:
2057 3035 2132 3090 De
2155 3035 2298 3090 calo
2338 3034 2634 3098 descendi,
2665 3049 2803 3089 cum
2836 3034 3029 3089 verius
3058 3034 3533 3103 indignarentur,

1885 3124 2047 3197 quod
2061 3139 2295 3178 rursum
2313 3138 2416 3177 eos
2438 3138 2558 3177 non
2581 3121 2862 3194 pavisset,
2886 3122 3036 3177 sicut
3060 3129 3458 3194 speraverant.
3478 3123 3538 3179 Si

1886 3213 2049 3268 enim
2091 3212 2171 3268 ob
2207 3211 2354 3267 illud
2402 3210 2698 3280 indignati
2747 3210 3018 3273 fuissent,
3073 3212 3540 3282 interrogassent

1887 3301 2110 3373 utique,
2155 3303 2460 3373 quomodo
2499 3300 2670 3372 panis
2695 3305 2871 3366 esset,
2913 3301 3223 3374 quomodo
3269 3301 3344 3358 de
3387 3301 3537 3358 caelo

1887 3389 2332 3446 descendisset?

1960 3478 2227 3535 Christus
2252 3476 2748 3534 autemnondixit
2775 3494 2788 3534 :
2809 3481 2937 3535 Non
2958 3495 3091 3534 sum
3115 3478 3272 3534 ﬁlius
3295 3477 3536 3550 Ioseph,

1888 3584 2082 3642 neque
2096 3567 2426 3641 quidquam
2445 3566 2518 3623 de
2540 3582 2754 3637 genere
2774 3584 2883 3624 suo
2895 3567 3120 3634 docuit,
3138 3567 3354 3638 sciens,
3371 3567 3542 3641 quod

1889 3658 1973 3716 illi
2003 3659 2276 3714 nondum
2306 3656 2514 3712 audire
2537 3662 2808 3729 poterant
2828 3656 3255 3714 admirandum
3283 3658 3373 3714 sui
3398 3673 3543 3730 par-

1890 3754 2041 3814 tum,
2062 3753 2120 3804 et
2140 3748 2329 3803 multo
2357 3747 2558 3802 minus
2575 3751 2860 3803 aeternam
2881 3747 2972 3802 sui
3003 3749 3443 3816 generationem
3467 3763 3540 3805 ac

1889 3838 2253 3894 nativitatem
2286 3852 2299 3902 ;
2333 3836 2468 3892 ideo
2509 3835 2936 3909 dispensatoris
2979 3836 3053 3891 de
3080 3835 3176 3892 his
3210 3837 3392 3892 rebus
3425 3852 3543 3894 ser-

1891 3943 2122 3982 monem
2138 3926 2529 3998 praetermisit,
2544 3941 2618 3982 ne
2633 3941 2753 3983 uno
2763 3923 3122 3982 oﬂ'endiculo
3137 3925 3369 3984 sublato
3380 3925 3543 3982 aliud

1889 4016 2188 4072 excitaret.

1963 4105 2125 4160 Vers.
2154 4104 2247 4160 43.
2288 4104 2610 4174 Respondit
2638 4105 2883 4162 —Vers.
2906 4103 3001 4160 44.
3032 4119 3190 4161 eum.
3223 4110 3541 4160 Accessum

1888 4193 1964 4249 ad
2003 4211 2066 4249 se
2110 4193 2272 4256 dicit,
2312 4209 2432 4249 non
2460 4193 2966 4266 qualemcunque,
3001 4192 3304 4264 siquidem
3342 4197 3400 4250 et
3434 4192 3537 4258 illi,

1889 4288 1945 4340 et
1966 4283 2133 4339 multi
2169 4282 2267 4338 alii
2299 4283 2377 4337 ad
2405 4283 2604 4354 ipsum
2631 4280 2947 4337 veniebant
2974 4297 2989 4336 :
3019 4280 3124 4336 sed
3146 4295 3302 4347 eum,
3335 4283 3441 4352 qui
3467 4296 3540 4338 ex

1889 4372 2006 4429 ﬁde
2043 4378 2155 4430 est.
2184 4371 2357 4438 Quod
2390 4376 2586 4427 autem
2633 4370 2792 4438 dicit,
2842 4369 2955 4425 hoc
3011 4374 3100 4425 est
3132 4386 3146 4422 :
3196 4370 3393 4426 Merito
3418 4384 3542 4426 non

1889 4461 2125 4518 creditis
2146 4460 2314 4526 mihi,
2343 4475 2538 4532 neque
2561 4458 2722 4514 enim
2752 4458 2982 4514 attracti
3013 4457 3148 4513 estis
3173 4473 3208 4514 a
3235 4460 3420 4528 Patre,
3453 4462 3542 4514 ut-

1887 4557 2026 4625 pote
2055 4550 2288 4620 indigni
2325 4569 2337 4606 :
2361 4551 2542 4606 Nemo
2571 4549 2724 4604 enim
2749 4554 2929 4619 potest
2959 4550 3156 4604 venire
3175 4548 3256 4604 ad
3279 4563 3390 4614 me,
3418 4547 3542 4604 sive

1889 4641 2128 4698 credere
2157 4640 2218 4695 in
2260 4656 2371 4706 me,
2422 4637 2539 4695 nisi
2575 4639 2772 4703 Pater,
2810 4637 2908 4709 qui
2938 4636 3093 4693 misit
3131 4653 3243 4702 me,
3287 4637 3545 4694 traxerit

1887 4746 2039 4789 eum.
2054 4733 2201 4787 Nam
2213 4735 2270 4785 et
2285 4728 2558 4800 superius
2579 4728 2726 4784 dixit
2748 4744 2763 4782 :
2783 4726 2960 4784 Omne
2983 4727 3137 4798 quod
3152 4725 3546 4784 datmihiPa-

1892 4827 1998 4886 ter,
2022 4820 2103 4877 ad
2113 4835 2197 4876 me
2217 4819 2400 4875 veniet
2421 4819 2468 4855 ²⁴
2485 4835 2498 4873 :
2517 4823 2574 4874 et
2592 4817 2754 4874 illius
2773 4815 3055 4888 dictilege
3080 4816 3541 4887 enarrationem,

1890 4927 2030 4968 cum
2056 4910 2229 4968 etiam
2258 4908 2338 4967 ad
2359 4907 2732 4982 propositum
2760 4906 2998 4966 verbum
3031 4905 3315 4966 conferat.

1416 5328 1644 5414 Variae
1668 5328 2003 5402 lectiones
2042 5340 2108 5400 et
2132 5337 2336 5402 notae.

254 5529 369 5602 (57)
413 5528 647 5586 Inclusa
671 5528 849 5602 codex
874 5532 1121 5602 uterque
1146 5526 1206 5584 in
1230 5525 1502 5599 margine
1523 5524 1776 5585 exhibet.

179 5599 305 5659 Heu
315 5599 508 5657 lenius
537 5617 660 5657 non
695 5599 892 5657 habet.

256 5673 376 5751 (58)
397 5679 502 5738 Τῆς
532 5671 902 5740 addendum,
935 5675 1040 5730 aut
1066 5677 1155 5727 τοῦ
1171 5670 1352 5746 paulo
1364 5671 1781 5731 anteomitten-

2110 5599 2299 5666 Forte,
2356 5595 2426 5663 ὡς
2472 5597 2658 5666 καλῶς,
2713 5601 2836 5664 aut,
2898 5597 2966 5650 ὧν
3013 5599 3133 5651 Θεὸν
3184 5598 3279 5657 τὴν
3317 5594 3536 5656 κοιλίαν.
