4038 6226
49 17 3970 71 W

208 200 353 286 1283

1222 203 1599 284 COMMENT.
1649 214 1721 279 1N
1760 198 2112 280 JOA‘N'NEM.
2154 253 2224 264 -
2261 219 2419 278 CAP.
2462 221 2560 280 v1.

3455 223 3590 286 1234

209 360 380 407 ταῦτα
426 355 555 427 περὶ
605 349 791 405 εαυτοῦ
827 348 1085 428 διαφόρως
1137 348 1263 419 εἶπε,
1323 359 1384 423 τῇ
1430 354 1677 423 συνεχείᾳ
1725 348 1812 403 δι-

1946 348 2203 441 inperius
2222 362 2468 441 quoque
2494 348 2651 405 idem
2675 348 2751 406 de
2771 350 2973 441 seipso
2988 351 3166 410 variis
3177 353 3239 411 in
3254 352 3403 411 locis
3417 354 3585 441 dixit,

211 442 455 509 ερεθίζων
508 440 697 503 αὐτοὺς
755 441 826 503 εἰς
882 445 939 494 τὸ
998 440 1257 513 ἐρωτῆσαι
1324 449 1434 502 πῶς
1490 442 1641 512 ἄρτος
1698 436 1811 490 ἔστί

216 532 297 557 μ.
371 535 380 546 -
556 534 567 548 ο
670 538 690 547 ~
792 530 804 545 ι
956 538 972 545 ν
1062 531 1074 545 ν
1220 538 1235 547 ο
1337 527 1635 569 -ρ;ρ...
1712 524 1810 575 ’“)⁹

216 550 429 604 ιλοριηρος,
485 551 579 581 και
618 551 730 592 πως
786 550 835 581 εκ
886 551 974 579 ’του
1021 550 1237 603 τιὶιλβαηζν]
1268 550 1453 580 27.5%):
1477 546 1614 583 “1.451
1706 538 1757 575 α)
1786 563 1793 573 ι

212 622 395 673 ἐκεῖνοι
450 622 583 693 πρὸς
634 625 793 692 μόνην
849 623 1056 692 ὀρνῖιντε,

1114 628 1201 676 τὴν
1246 624 1514 670 (ἀντίπείαν
1571 626 1657 676 τῆς
1719 634 1807 686 γοε-

216 713 389 784 στρὸς,
445 711 611 762 πάντα
658 708 819 761 τᾶλλα
876 712 1085 781 περιττὰ
1147 708 1399 771 ἐνέσειίῗονν
1454 711 1521 768 ὡς
1572 710 1811 779 nocetur}—

214 819 396 870 καμεν.

285 890 404 942 Ἐὰν
441 919 510 927 —
560 894 739 940 αἰῶνα.
771 888 888 939 Ἐὰν
934 907 1005 947 τις
1055 907 1299 959 uerus/vr,
1334 884 1425 948 τῆς
1469 882 1815 945 διδασκαλίας

212 982 394 1032 αὐτοῦ,
432 977 624 1030 Ἐσθίει
672 979 776 1049 γὰρ
808 975 1049 1039 ἐξ¹αὗτοῦ
1097 977 1122 1027 ὁ
1152 974 1556 1048 μεταλαμϐάνων
1600 978 1810 1035 ταύτης·

214 1065 422 1140 βρῶσις
466 1068 566 1138 ’γὰρ
612 1065 703 1117 καί
741 1065 895 1132 αὕτη,
929 1069 1189 1140 τρέφουσα
1216 1069 1309 1122 τὴν
1338 1064 1546 1136 ψυχὴν.
1592 1066 1812 1121 Ζήσεται

213 1152 277 1209 δι
315 1154 389 1218 εἰς
417 1157 504 1207 τόν
527 1154 708 1221 αἰῶνα,
738 1157 904 1208 εἴτουν
935 1152 1035 1215 ἀεὶ,
1086 1156 1152 1215 ὡς
1181 1150 1445 1227 μηδέποτε
1474 1152 1815 1211 ἀποθνήσκων

210 1247 303 1296 τόν
348 1243 585 1317 ψυχικόν
627 1244 865 1299 θάνατον.
920 1247 1159 1316 Ψυχικὸς
1191 1239 1251 1297 δὲ
1282 1243 1496 1304 θάνατος
1522 1244 1547 1295 ό
1589 1241 1689 1294 ἀπό
1725 1250 1816 1294 τοῦ

213 1337 345 1387 θεοῦ
388 1337 685 1408 χωρισμός·
721 1331 894 1408 ὥσπερ
926 1337 1014 1386 καὶ
1064 1336 1359 1406 σωμπικός
1410 1333 1627 1392 θάνατος
1657 1333 1682 1383 ό
1713 1333 1814 1383 ἀπὸ

212 1431 313 1484 τῆς
334 1421 526 1494 ψυχῆς
546 1426 844 1495 χωρισμός.
885 1429 1020 1475 Ζωοῖ
1043 1423 1141 1495 γὰρ
1172 1425 1231 1475 τὸ
1273 1429 1425 1495 σῶμα
1454 1425 1544 1495 μὲν
1573 1423 1600 1480 ἡ
1632 1420 1810 1493 ψυχὴ·

211 1515 312 1570 τὴν
339 1510 523 1584 ψυχὴν
554 1508 613 1565 δι
644 1512 670 1564 ὁ
710 1516 854 1573 Θεὸς,

289 1605 393 1654 Καὶ
440 1604 544 1673 μὴν
595 1600 775 1653 πολλοὶ
821 1600 1097 1671 μετέλαϐον
1162 1608 1256 1664 τῆς
1318 1597 1671 1663 διδασκαλίας
1720 1608 1813 1652 τοῦ

1917 438 2225 493 iteratione
2251 439 2516 494 excitans
2548 453 2670 505 eos,
2698 443 2763 495 ut
2789 439 3244 513 interrogarent,
3274 438 3586 518 quomodo

1920 527 2259 599 essetpanis
2282 528 2453 583 vivus
2473 544 2576 584 seu
2591 528 2919 599 vivificaris,
2950 536 3006 586 et
3021 547 3288 604 quonam
3306 534 3482 591 modo
3512 535 3587 591 de

1923 617 2068 673 coelo
2096 618 2510 674 descendisset.
2540 617 2750 674 Verum
2775 619 2854 675 illi
2893 621 3084 677 solam
3119 624 3335 679 ventris
3379 640 3585 683 curam

1924 711 2275 778 spectantes,
2291 714 2501 763 caetera
2518 710 2721 763 omnia
2735 708 3031 780 superﬂua
3043 709 3366 777 ducebant,
3380 728 3587 787 quem-

1925 795 2252 849 admodum
2295 795 2692 867 praediximus.

1996 886 2155 938 Vers.
2190 888 2276 939 5t.
2310 884 2457 940 Si—
2505 890 2802 941 aeternum.
2832 885 2895 942 Si
2934 888 3070 960 quis
3095 888 3381 946 doctrinas
3431 889 3587 947 illius

1925 974 2222 1045 particeps
2250 973 2438 1029 fuerit.
2464 977 2608 1030 Nam
2636 975 2740 1047 qui
2770 991 2903 1031 eam
2933 977 3264 1050 participat,
3292 993 3364 1035 ex
3398 994 3472 1035 eo
3491 995 3588 1037 co-

1926 1061 2110 1117 medit
2136 1077 2151 1116 :
2180 1061 2480 1134 siquidem
2500 1070 2556 1118 et
2573 1064 2704 1135 ipsa
2726 1064 2893 1119 cibus
2910 1066 3274 1123 estanimam
3297 1067 3583 1124 nutriens.

1936 1151 2007 1206 Vi
2010 1153 2093 1205 oet
2109 1151 2171 1206 in
2188 1152 2625 1216 reternum,sive
2641 1167 2897 1226 semper,
2914 1158 3119 1226 utpote
3138 1170 3449 1228 nunquam
3463 1171 3589 1213 mo-

1925 1240 2145 1295 riturus
2171 1244 2359 1296 morte
2390 1240 2601 1296 anima:
2631 1256 2827 1310 ;mors
2855 1250 3050 1299 autem
3084 1244 3298 1301 animae
3320 1251 3591 1319 estsepa-

1924 1328 2074 1384 ratio
2091 1343 2127 1384 a
2146 1330 2279 1392 Deo,
2297 1330 2818 1402 quemadmodum
2841 1332 3017 1389 etiam
3039 1346 3201 1391 mors
3216 1334 3484 1408 corporis
3503 1339 3592 1393 est

1925 1417 2108 1490 ipsius
2140 1417 2219 1475 ab
2249 1419 2437 1475 anima
2468 1421 2786 1493 separatio.
2820 1424 2965 1478 Nam
2990 1422 3119 1496 ipsa
3141 1424 3344 1481 anima
3369 1439 3589 1498 corpus

1922 1506 2201 1575 viviﬁcat,
2234 1507 2501 1565 animam
2554 1525 2692 1565 vero
2732 1510 2913 1568 Deus.

1992 1597 2168 1669 Atqui
2218 1598 2422 1669 plures
2497 1598 2818 1670 perierunt,
2886 1600 2986 1673 qui
3027 1600 3314 1658 doctrinm
3380 1601 3591 1660 Christi

215 1695 454 1764 Χριστοῦ
501 1694 590 1742 καὶ
637 1689 757 1759 (64)
808 1688 1090 1745 ἀπώλοντο.
1148 1688 1275 1741 ἀλλὰ
1304 1696 1476 1752 κακῶς
1516 1688 1815 1763 ἐχρήσαντο

1950 1692 2161 1742 nerunt
2186 1686 2523 1759 participes,
2557 1688 2660 1743 sed
2703 1687 2780 1743 illi
2812 1688 2909 1745 tali
2941 1689 3387 1763 participatione
3435 1691 3590 1749 male

212 1785 279 1850 τῇ
340 1776 648 1850 μεταλήψει·
707 1784 796 1830 νῦν
855 1774 914 1831 δὲ
962 1781 1079 1850 περὶ
1128 1786 1227 1831 τῶν
1288 1777 1457 1841 καλῶς
1517 1778 1649 1851 αὐτῇ
1703 1776 1815 1849 (63)

212 1870 501 1941 χρωμένων
538 1867 565 1918 ὁ
616 1866 788 1938 λόγος,
822 1867 881 1919 οὐ
928 1872 1171 1941 περὶτῶν
1213 1864 1621 1940 διαφθειράντων
1654 1867 1817 1926 αὐτὴν

213 1954 457 2028 ἐπιμιξίᾳ
509 1952 787 2029 δογμάτων
843 1965 1077 2031 πονηρῶν
1115 1960 1146 2016 ἦ
1207 1956 1494 2029 φαυλότητι
1530 1956 1812 2019 πολιτείας.

212 2041 448 2108 Ἐδειξεν
500 2041 588 2097 οὖν
653 2046 735 2098 ὅτι
792 2050 1060 2120 κρείττονα
1125 2047 1282 2119 ἄρτον
1346 2048 1550 2108 τούτοις
1617 2041 1818 2099 δίδωσι

214 2135 365 2210 παρὰ
392 2136 450 2186 τὸ
480 2136 646 2207 μάννα
666 2135 693 2187 ὃ
718 2137 901 2207 ἔφαγον
931 2136 979 2187 οἱ
1009 2139 1221 2211 πατέρες
1252 2135 1416 2188 αὐτῶν
1448 2133 1495 2187 ἰν
1526 2155 1588 2209 τῃ
1618 2133 1812 2210 ἐρήμῳ.

215 2225 415 2278 Ἐκεῖνο
451 2227 541 2297 μὶν
564 2226 666 2298 γὰρ
704 2226 752 2277 οἱ
785 2229 1021 2296 φαγόντες
1068 2222 1335 2293 ἀπέθανον,
1382 2223 1439 2277 ἐκ
1471 2228 1653 2278 τούτου
1681 2221 1741 2278 δε
1770 2224 1820 2276 οἱ

212 2319 503 2388 τρώγοντες
524 2312 778 2374 ξήσονται
807 2313 875 2374 εἰς
903 2317 989 2366 τὸν
1016 2314 1195 2368 αἰῶνα.

293 2496 398 2545 Καὶ
453 2523 520 2533 —
574 2490 710 2544 ἔστί·
763 2494 910 2545 Κατὰ
967 2488 1067 2544 δύο
1122 2495 1342 2567 τρόπους
1395 2494 1552 2567 ἄρτος
1599 2494 1738 2546 ἐστὶν
1795 2494 1820 2545 ὁ

215 2584 474 2654 Χριστὸς,
529 2582 665 2632 κατά
711 2599 767 2634 τε
815 2585 909 2639 τὴν
970 2582 1191 2639 θεότητα
1252 2587 1342 2634 καὶ
1407 2585 1544 2634 κατὰ
1589 2588 1683 2641 τὴν
1739 2581 1823 2634 ἆν-

220 2671 553 2746 θρωπότητα.
614 2666 840 2733 Διδάξας
892 2670 979 2723 οὖν
1040 2674 1159 2745 περὶ
1210 2679 1302 2723 τοῦ
1367 2674 1500 2723 κατὰ
1546 2677 1641 2729 την
1705 2674 1821 2725 θεό-

214 2777 378 2827 τητα,
432 2765 521 2810 νῦν
561 2754 809 2812 διδάσκει
837 2763 926 2811 καὶ
962 2763 1081 2832 περὶ
1119 2767 1210 2812 τοῦ
1255 2763 1392 2812 κατὰ
1418 2765 1510 2820 τὴν
1555 2758 1825 2835 ἀνθρωπό-

215 2866 380 2906 τητα.

294 2935 407 2988 Οὐκ
438 2932 546 2989 εἶπε
594 2932 671 3002 δέ,
726 2937 808 2989 ὅτι
834 2933 929 2989 Ὀν
960 2932 1184 3009 δίδωμι,
1215 2936 1339 3009 ἀλλ’,
1391 2938 1471 2991 ὅτι
1497 2936 1593 2991 Ὃν
1641 2935 1821 2994 δώσω.

1926 1778 2015 1832 usi
2047 1784 2182 1831 sunt
2230 1793 2243 1843 ;
2299 1792 2460 1832 nunc
2515 1784 2711 1833 autem
2766 1777 2841 1833 de
2887 1777 2981 1832 his
3014 1785 3103 1836 est
3140 1795 3357 1846 sermo,
3386 1782 3489 1854 qui
3520 1797 3592 1838 ea

1926 1868 2077 1922 bene
2108 1867 2199 1922 usi
2221 1872 2378 1932 sunt,
2410 1882 2532 1922 non
2565 1868 2638 1922 de
2669 1866 2783 1921 illis
2806 1866 2912 1939 qui
2938 1883 3065 1923 eam
3082 1883 3404 1941 pravorum
3432 1886 3593 1926 com-

1927 1957 2203 2013 mistione
2250 1957 2623 2028 dogmatum,
2657 1962 2759 2012 aut
2786 1958 3256 2014 conversationis
3301 1960 3591 2030 pravitate

1924 2050 2333 2118 corruperunt.
2367 2046 2631 2102 Ostendit
2682 2060 2842 2116 ergo,
2911 2046 3077 2118 quod
3130 2048 3591 2118 praestantiorem

1926 2134 2043 2191 illis
2059 2134 2262 2191 cibum
2284 2134 2525 2203 tribuat,
2544 2149 2732 2207 quam
2755 2133 2929 2190 fuerit
2950 2135 3379 2208 manna,,quod
3398 2151 3590 2193 come-

1926 2225 2138 2281 derunt
2173 2229 2365 2297 patres
2422 2239 2633 2280 eorum
2694 2222 2756 2279 in
2788 2223 3026 2279 deserto
3075 2241 3091 2278 :
3137 2222 3217 2280 illi
3270 2222 3593 2312 siquidem.

1926 2320 2246 2389 postquam
2297 2313 2699 2380 comederunt,
2757 2312 2973 2370 mortui
3012 2318 3169 2380 sunt,
3211 2312 3319 2386 qui
3347 2328 3490 2371 vero
3520 2329 3594 2371 ex

1928 2404 2043 2461 hoc
2073 2405 2278 2473 edunt,
2307 2403 2504 2460 vivent
2524 2403 2586 2459 in
2613 2408 2919 2459 aeternum.

2005 2496 2162 2550 Vers.
2196 2498 2254 2549 5!
2270 2534 2283 2547 .
2308 2494 2386 2550 Et
2412 2523 2471 2535 «-
2498 2499 2600 2551 est.
2625 2490 2872 2548 Duobus
2893 2490 3083 2547 modis
3104 2490 3365 2549 Christus
3384 2491 3596 2550 dicitur

1929 2588 2056 2639 esse
2088 2584 2278 2657 panis,
2313 2581 2644 2638 secundum
2670 2580 3042 2636 divinitatem
3075 2580 3346 2637 videlicet
3402 2586 3462 2638 et
3488 2580 3597 2638 hu-

1933 2673 2304 2729 manitatem.
2366 2674 2688 2743 Postquam
2731 2683 2875 2739 ergo
2913 2669 3118 2725 docuit
3167 2669 3242 2725 de
3278 2669 3461 2726 modo
3490 2669 3595 2742 qui

1932 2761 2262 2816 secundum
2303 2759 2674 2815 divinitatem
2725 2762 2829 2822 est,
2889 2772 3050 2813 nunc
3114 2757 3293 2814 etiam
3324 2759 3497 2814 docet
3517 2757 3594 2815 de

1934 2850 2112 2905 modo
2134 2849 2237 2922 qui
2266 2854 2357 2904 est
2386 2847 2714 2905 secundum
2743 2845 3200 2902 humanitatem.

2003 2937 2130 2993 Non
2158 2943 2355 2993 autem
2375 2936 2519 2993 dixit
2552 2935 2772 3005 :Quem
2802 2934 2904 3000 do,
2937 2933 3037 2990 sed
3054 2949 3219 3006 quem
3242 2933 3392 2990 dabo
3424 2932 3591 2990 datu-

216 3024 441 3097 Ἔμελλε
489 3028 590 3100 γὰρ
638 3024 793 3078 αὐτόν
846 3022 1036 3079 δώσειν
1084 3025 1133 3078 ἐν
1181 3035 1253 3098 τῷ
1301 3027 1574 3098 τελευταίῳ
1608 3024 1820 3100 δείπνῳ,

1946 3044 2034 3082 rus
2064 3042 2327 3098 namque
2347 3030 2472 3081 erat
2500 3024 2558 3081 in
2585 3024 2791 3080 ultima
2817 3039 3004 3088 ozena,
3033 3023 3597 3096 quandosumptum

218 3116 309 3168 ὅτε
336 3113 505 3167 λαϐὼν
530 3118 619 3167 τὸν
658 3115 809 3190 ἄρτον
839 3120 928 3167 καὶ
958 3115 1354 3189 εὐχαριστήσας
1382 3116 1498 3189 (66)
1524 3116 1707 3170 ἔκλασε
1734 3123 1825 3170 καὶ

214 3200 407 3259 ἐδίδου
455 3211 563 3267 τοῖς
593 3205 848 3277 μαθηταῖς
884 3210 973 3258 καὶ
1003 3202 1132 3258 εἴπεο
1184 3204 1398 3273 Λάϐετε,
1433 3208 1636 3279 φάγετε·
1668 3212 1821 3260 τοῦτό

210 3293 341 3347 ἔστι
367 3295 426 3347 τὸ
450 3294 603 3366 σῶμα
640 3312 767 3367 μου.

290 3387 527 3442 Ζήτησον
566 3390 656 3435 οῦν
692 3385 751 3436 τὸ
806 3382 1086 3447 ἑξηκοστὸν
1138 3388 1379 3460 τέταρτον
1425 3385 1697 3459 κεφάλαιον
1734 3394 1827 3438 τοῦ

209 3475 363 3527 κατὰ
395 3473 685 3540 Ματθαῖον,
733 3478 823 3525 καὶ
878 3472 993 3546 (67)
1039 3474 1160 3527 ἔνθα
1195 3482 1363 3527 κεῖται
1404 3477 1464 3528 τό
1518 3475 1607 3538 Εἰς
1643 3477 1827 3548 ἄφεσιν

210 3563 514 3637 ἁμαρτιῶν,
576 3560 837 3634 ἀνάγνωθι
885 3567 976 3621 τὴν
1033 3561 1283 3635 ἐξήγησιν
1335 3562 1476 3635 ὅλην,
1534 3570 1624 3618 καὶ
1681 3566 1830 3640 εὑρή-

216 3670 342 3712 σεις
364 3659 474 3712 πῶς
505 3651 616 3704 ἐπι
643 3654 702 3704 τὸ
744 3659 897 3725 σῶμα
922 3651 1085 3705 αὑτοῦ
1113 3654 1293 3725 ἄρτος.

291 3739 396 3793 Ἠν
448 3769 515 3779 -
570 3739 726 3800 ζωῆς.
789 3744 969 3806 Δώσω,
1020 3739 1092 3802 εἰς
1144 3742 1382 3795 θάνατον.
1440 3742 1693 3796 Ἐνταῦθα
1728 3744 1829 3817 γὰρ

212 3834 323 3889 τὴν
356 3830 653 3902 σταύρωσιν
701 3827 863 3881 αὐτοῦ
907 3834 1275 3902 προσημαίνει.
1334 3834 1405 3884 Τό
1454 3827 1534 3900 δὲ,
1572 3830 1668 3884 Ἠν
1732 3830 1829 3903 ἇγὼ

215 3916 411 3983 δώσω,
435 3921 494 3970 τὸ
514 3917 753 3970 ἑκούσιον
783 3915 1014 3991 ὖμφαίνει
1042 3925 1135 3971 τοῦ
1160 3921 1398 3973 τοιούτου
1429 3921 1647 3983 πάθους.

295 4096 596 4168 Ἐμάχοντο
652 4126 723 4138 -
800 4104 1016 4171 φαγεῖνς
1091 4097 1465 4172 Ἐταράττοντο
1519 4101 1591 4170 μὴ
1675 4093 1831 4148 δυνά-

214 4203 373 4260 μενοι
420 4188 684 4238 πιστεύειν
725 4194 797 4257 τῷ
844 4186 982 4258 λόγῳ
1035 4183 1129 4240 διὰ
1192 4191 1251 4241 τὸ
1306 4184 1478 4240 δοκεῖν
1550 4184 1828 4241 ἀδύνατον.

217 4277 412 4330 Πάντα
460 4277 560 4347 γὰρ
612 4277 748 4328 κατὰ
795 4278 949 4349 φύσιν
993 4274 1329 4344 ἐξετάζοντες,
1384 4273 1537 4330 οὐδὲν
1583 4278 1833 4352 ὑπερφυὲς

214 4360 588 4439 παρεδέχοντο
611 4363 746 4437 (68).

301 4538 457 4596 Εἶπεν
508 4573 578 4585 —
630 4542 850 4606 ἑαυτοῖς.
920 4541 1136 4597 Ἐκεῖνοι
1195 4546 1285 4617 μὲν
1356 4540 1613 4598 ἀδύνατον
1672 4552 1827 4598 τοῦτο

215 4631 617 4705 ὑπελάμϐανον·
676 4632 830 4694 αὐτὸς
901 4629 962 4686 δι
1027 4629 1292 4686 δείκνυσιν
1355 4633 1478 4686 αὖτό
1548 4638 1635 4686 καὶ
1702 4638 1834 4707 σφό-

216 4719 342 4798 δρα
370 4717 593 4773 δυνατὸν
624 4722 758 4794 (69)*
802 4726 893 4775 καὶ
931 4721 990 4775 οὐ
1027 4730 1176 4776 τοῦτο
1212 4726 1366 4797 μόνον
1397 4721 1525 4776 ἀλλὰ
1552 4728 1643 4775 καὶ
1672 4722 1830 4796 ἀναγ-

210 4818 402 4877 καῖον,
435 4812 558 4885 ὅπερ
595 4815 687 4864 καὶ
723 4809 808 4864 ἰπὶ
835 4819 933 4865 τοῦ
979 4808 1290 4886 Νικοδήμου
1333 4816 1610 4873 πεποίηκε.
1659 4819 1831 4887 Προσ-

304 5008 356 5046 η
386 5005 596 5066 Matth.
635 5024 786 5078 xxvi,
813 5011 926 5068 26..
1041 5012 1089 5048 ³⁸
1111 5008 1257 5069 ibid.
1288 5011 1378 5069 28.

1934 3130 2151 3188 panem
2178 3115 2321 3171 actis
2346 3114 2549 3185 gratiis
2570 3113 2757 3185 fregit,
2782 3112 3058 3186 deditque
3069 3111 3405 3185 discipulis,
3425 3111 3592 3169 etait:

1933 3205 2201 3276 Accipite
2228 3203 2508 3261 comedite
2536 3219 2554 3271 ;
2579 3204 2689 3261 hoc
2709 3210 2790 3260 est
2811 3217 3021 3272 corpus
3047 3203 3305 3259 meum”.

2007 3384 2216 3448 Quaere
2229 3396 2368 3453 ergo
2381 3380 2804 3450 sexagesimum
2819 3386 3082 3455 quartum
3099 3384 3281 3453 caput
3293 3377 3598 3451 Evangelii

1938 3472 2273 3531 secundum
2304 3471 2671 3542 Matthieum;
2702 3474 2759 3526 et
2785 3470 2887 3526 ubi
2912 3470 3289 3544 positumest,
3325 3470 3600 3526 inremis-

1935 3565 2145 3620 sionem
2172 3568 2543 3632 peccatorum
2569 3562 2640 3625 ³⁸,
2672 3560 2801 3631 lege
2833 3563 3012 3616 totam
3041 3557 3504 3625 enarrationem,
3527 3572 3601 3615 ac

1936 3654 2198 3712 invenies
2224 3651 2525 3726 quomodo
2555 3665 2771 3724 corpus
2798 3649 2928 3721 ejus
2960 3650 3037 3705 sit
3060 3647 3253 3722 panis.

2009 3745 2173 3800 Vers.
2214 3742 2303 3798 5L
2361 3740 2545 3809 Quam
2594 3770 2657 3781 —
2692 3740 2842 3796 vita.
2902 3739 3069 3796 Dabo
3100 3737 3160 3794 in
3197 3741 3465 3795 mortem.
3501 3736 3602 3795 Hic

1937 3832 2099 3889 enim
2118 3829 2556 3887 cruciﬁxionem
2578 3845 2749 3885 suam
2762 3829 3110 3902 praesignat.
3134 3826 3344 3883 Dicens
3375 3830 3601 3884 autem:

1941 3922 2128 3991 Quam
2168 3936 2274 3991 ego
2302 3918 2470 3984 dabo,
2505 3918 2842 3975 ultroneam
2872 3916 3055 3974 fuisse
3085 3914 3376 3989 signiﬁcat
3402 3916 3605 3989 hujus-

1941 4010 2095 4065 modi
2136 4009 2499 4082 passionem.

2009 4098 2174 4154 Vers.
2205 4097 2297 4152 52.
2328 4095 2727 4153 Decertabant
2756 4126 2827 4136 —
2862 4095 2945 4152 ad
2970 4095 3391 4152 comedendum
3414 4099 3441 4147 7
3465 4095 3605 4150 Tur-

1939 4186 2259 4251 babantur,
2286 4201 2408 4241 non
2439 4188 2710 4257 potentes
2735 4182 2996 4240 sermoni
3029 4183 3282 4248 credere,
3309 4181 3472 4256 quod
3492 4181 3607 4239 hoc

1940 4273 2302 4347 impossibile
2332 4274 2648 4330 videretur.
2681 4274 2828 4329 Nam
2859 4288 2996 4328 cum
3026 4272 3234 4329 omnia
3272 4270 3605 4327 secundum

1866 4393 1912 4447 Ι)
1944 4371 2219 4421 naturam
2235 4360 2773 4436 inquirerent,nihil
2786 4360 2951 4433 quod
2969 4375 3151 4433 supra
3165 4365 3443 4417 naturam
3456 4363 3603 4431 erat,

1944 4454 2365 4512 admittebant.

2016 4543 2177 4599 Vers.
2216 4543 2308 4599 53.
2341 4541 2509 4599 Dixit
2538 4571 2597 4583 --
2640 4540 2820 4598 vobis.
2854 4537 2940 4595 Illi
2961 4537 3208 4612 quidem
3246 4538 3362 4596 hoc
3384 4537 3606 4611 impos-

1947 4633 2114 4689 sibile
2121 4631 2501 4705 judicabant,
2533 4630 2659 4702 ipse
2688 4644 2830 4686 vero
2842 4632 3091 4684 omnino
3103 4625 3387 4701 possibile
3405 4632 3609 4685 osten-

1946 4722 2059 4789 dit;
2081 4720 2348 4795 nequeid
2371 4725 2622 4783 tantum,
2640 4718 2743 4775 sed
2765 4717 2944 4774 etiam
2974 4720 3414 4776 necessarium:
3447 4716 3609 4791 quod

1945 4812 2123 4871 etiam
2154 4810 2289 4869 fecit
2345 4809 2416 4868 ad
2448 4807 2864 4867 Nicodamum.
2912 4805 3090 4864 Addit
3141 4813 3341 4865 autem
3384 4807 3508 4865 :Et
3535 4806 3609 4867 de

1484 5218 1711 5291 Variae
1747 5215 2076 5290 lectiones
2106 5229 2173 5289 et
2200 5228 2407 5290 notas.

302 5442 424 5516 (64)
456 5438 644 5516 genui.
680 5443 771 5516 μὶν
801 5438 981 5496 anew
1014 5447 1077 5498 Δ.

306 5506 424 5588 (65)
462 5512 634 5571 Forte
680 5506 1068 5589 ’χρησαμένων,
1115 5516 1182 5571 ut
1228 5516 1427 5585 antea,
1475 5517 1532 5571 et
1572 5526 1710 5572 mox
1744 5506 1839 5568 δια

259 5588 575 5643 Gnaei-now.
1585 5634 1590 5639 .

201 5605 575 5668 ?"§5°.‘5"..“f’°

304 5634 443 5739 ig”;
464 5634 696 5715 έῐίῐιίω
721 5656 1123 5734 εὐχαριστήσας
1146 5656 1248 5715 illo
1276 5657 1338 5715 in
1360 5656 1516 5727 loco,
1548 5634 1672 5716 non
1701 5657 1839 5712 εὐλο-

1945 5444 2123 5516 γήσαὲ
2148 5440 2374 5516 habent
2402 5438 2582 5498 codd.
2614 5436 2895 5514 Euthym.
2927 5442 2985 5497 et
3007 5436 3108 5497 alii
3126 5430 3429 5514 permulti.

2020 5512 2134 5581 (67)
2158 5518 2258 5581 Καὶ
2275 5513 2444 5568 abest
2473 5518 2538 5568 A.

1936 5646 1939 5649 λ
2160 5577 2871 5658 ’Υπερφυῷς-παραδίχονται
2898 5586 2964 5639 Α.

2044 5650 2134 5728 69)
2173 5650 2384 5735 Σφόδρα
2409 5650 2758 5714 ἀδύνατονἙ.
