4038 6226
575 98 597 155 1
607 96 711 156 255

1897 88 2252 157 EUTHYMII
2291 88 2620 157 ZIGABENI

3712 116 3803 181 t256

567 227 885 297 sanguine,
932 218 1279 296 signiﬁcans
1316 225 1391 282 de
1424 240 1578 298 pane
1629 240 1700 280 ac
1728 224 1961 294 poculo,
1986 236 2199 298 quae,u1

2330 228 2513 285 τίθησι
2572 225 2632 282 δὲ
2685 236 2785 283 Καὶ
2865 237 2984 305 περὶ
3039 243 3129 288 τοῦ
3188 239 3410 310 αἵματος,
3464 246 3680 313 σημαίνων
3725 249 3803 319 (70)

569 317 797 373 dictum
830 317 1197 379 est,daturus
1228 314 1684 385 eratdiscipulis
1711 315 1768 369 in
1791 314 2001 370 ultima
2023 332 2213 371 omna.

571 410 796 463 Rursus
836 411 1039 463 autem
1087 407 1269 461 vitam
1312 405 1451 460 dicit
1490 410 1776 461 aeternam
1810 406 1930 460 sive
1958 405 2213 461 beatam.

640 675 803 731 Vers.
858 676 942 730 54.
981 676 1090 740 Qui
1114 680 1503 731 -αξίενηαηι⁸
1536 674 1818 729 Contione
1858 674 1916 728 in
1945 688 2218 729 sermone

564 764 639 821 de
660 766 1046 820 sacramentis
1077 764 1454 827 immoratur,
1478 764 1557 818 rei
1590 764 1994 818 necessitatem
2028 766 2220 817 osten-

563 855 728 920 dens,
764 862 903 925 puta
935 854 1100 926 quod
1141 854 1251 908 hoc
1290 854 1537 908 omnino
1578 852 1699 907 fieri
1738 859 2023 924 oporteat.

637 946 793 1000 Vers.
832 946 921 999 5’1.
950 945 1023 999 Et
1056 943 1253 999 —die.
1275 944 1491 998 Crebro
1547 958 1883 998 sermonem
1921 944 1990 996 de
2020 942 2140 998 vita
2164 946 2221 998 et

560 1033 984 1092 resurrectione
998 1034 1226 1104 repetit,
1250 1033 1495 1103 cupiens
1518 1047 1657 1086 eum
1677 1031 1859 1085 menti
1877 1032 2217 1086 auditorum

561 1122 846 1195 imprimi.
880 1124 1021 1189 Quae
1048 1138 1188 1192 ergo
1216 1122 1389 1176 variis
1431 1122 1485 1175 in
1512 1120 1654 1176 locis
1693 1120 2114 1192 praemisimus,
2148 1135 2219 1176 ea

561 1229 721 1268 nunc
752 1212 808 1267 in
842 1227 1143 1267 summam
1176 1209 1510 1280 colligenda
1554 1217 1711 1264 sunt.
1745 1212 1818 1264 Ex
1858 1226 1975 1281 quo
2005 1224 2216 1264 omnes

560 1302 831 1358 homines
880 1300 1270 1356 resuscitandi
1337 1304 1493 1366 sunt,
1543 1315 1871 1370 omnesque
1928 1304 2215 1370 perpetuo

558 1392 787 1456 victuri,
819 1390 1139 1459 intelligere
1172 1389 1451 1445 convenit
1505 1391 1992 1444 resurrectionem
2030 1389 2213 1459 justo-

555 1496 689 1537 rum
703 1480 971 1551 quidem,
992 1496 1125 1535 eam
1142 1495 1278 1550 quae
1292 1479 1395 1534 erit
1428 1478 1485 1533 in
1508 1478 1810 1544 fruitione;
1834 1484 2210 1549 peccatorum

2329 322 2446 389 περὶ
2503 326 2599 370 τοῦ
2668 322 2830 392 ἄρτου
2892 328 2983 375 καὶ
3035 333 3128 377 τοῦ
3194 333 3425 400 ποτηρίου
3476 331 3504 381 οἷ
3556 333 3727 403 ἔμελλεν,
3763 342 3807 399 ὡς

2331 408 2554 479 εἴρηται,
2625 404 2810 462 δοῦναι
2891 420 3003 473 τοῖς
3084 416 3337 486 μαθηταῖς
3397 421 3439 469 εν
3490 428 3550 489 τῷ
3606 421 3808 476 ulmeis

2332 490 2543 566 δείπνῳ,
2596 502 2741 557 Ζωὴν
2783 495 2842 552 δὲ
2898 501 3051 553 πάσαν
3090 503 3223 575 λέγει
3272 510 3357 564 τὴν
3400 507 3591 573 αἰώνιον,
3633 513 3809 571 ἡτοιτῂν

2330 590 2615 657 μακαρίαν.

2397 672 2455 723 Ὀ
2514 705 2575 715 —-
2629 676 2853 730 αἰώνιον.
2920 687 3156 752 Σννεχῶς
3221 687 3411 755 στρέφει
3464 688 3539 737 τὸν
3598 693 3692 761 περὶ
3746 700 3812 742 τῶν

2328 768 2633 837 μυστηρίων
2662 765 2831 838 λόγον,
2867 764 3068 830 denum;
3096 774 3154 822 τὸ
3177 773 3433 843 ἀναγιαῖον
3456 782 3535 826 τοῦ
3556 778 3807 846 πράγματος,

2329 853 2407 902 ὅτι
2433 856 2636 915 πάντως
2666 858 2905 926 γενέσθαι
2930 866 3081 910 τοῦτο
3110 866 3245 934 χρή.

2402 946 2501 995 Καὶ
2539 974 2607 983 ——
2658 947 2845 1021 ἡμέρα.
2889 954 3101 1010 Πυκνώς
3140 949 3317 1003 ﬂictu
3361 952 3464 1023 (71)
3509 956 3586 1004 καὶ
3624 956 3694 1003 τόν
3732 960 3813 1024 περὶ

2330 1038 2423 1092 τῆς
2482 1032 2621 1093 ζωῆς
2677 1040 2765 1087 καὶ
2816 1045 2906 1097 τῆς
2979 1036 3309 1102 ἀναστάσεως
3372 1040 3525 1111 )(r/ov,
3586 1040 3817 1113 βουλόμενος

2329 1120 2483 1172 αὑτὸν
2544 1121 2833 1177 ὶντνπώσαι
2884 1134 2943 1184 τῆ
3008 1124 3216 1200 διανοίᾳ
3267 1138 3358 1180 τῶν
3410 1128 3743 1184 ἁχουὸντων.”Α
3779 1128 3818 1182 ὃς

2329 1205 2589 1285 διαφόρως
2637 1214 3095 1288 προεστειλάριεθα,
3139 1227 3303 1270 ταῦτα
3331 1227 3410 1270 νῦν
3448 1216 3698 1277 συλλήϐδην
3731 1218 3819 1269 ἀνα-

2326 1299 2715 1369 κεφαλαιωτέον*
2777 1305 2880 1369 ὅτι,
2952 1304 3059 1358 ἐπεὶ
3136 1310 3315 1368 πάντες
3377 1310 3611 1381 ἄνθρωποι
3647 1307 3820 1365 ἀναστή-

2328 1408 2523 1457 σονται,
2574 1396 2662 1443 καὶ
2702 1394 2889 1454 πάντες
2924 1394 3171 1453 ξήσονται
3224 1397 3451 1462 αἰωνίως,
3500 1403 3709 1469 προσήκει
3728 1404 3819 1449 νοεῖν

2325 1475 2630 1548 ἀνάστασιν,
2672 1480 2755 1533 ἐπὶ
2806 1490 2906 1533 τῶν
2955 1480 3173 1536 δικαίων
3205 1490 3294 1557 μὲν
3340 1492 3428 1544 τὴν
3478 1485 3550 1538 ἐπὶ
3586 1484 3821 1548 ἀπολαύσει,

554 1585 716 1633 vero,
759 1585 887 1641 quae
916 1570 974 1624 in
1014 1568 1328 1640 supplicio.
1386 1571 1637 1623 Rursum
1698 1568 1879 1623 vitam
1933 1574 2199 1624 mternam

2323 1565 2408 1619 ἐπὶ
2448 1577 2546 1619 τῶν
2590 1569 2906 1642 ἁμαρτωλῶν
2948 1569 3130 1632 δὲτὴν
3174 1572 3257 1627 ἐπὶ
3297 1575 3511 1627 κολάσει*
3541 1581 3617 1626 καὶ
3647 1575 3697 1625 αὖ
3724 1576 3821 1634 ζωὴν

549 1658 866 1729 justorum,
927 1676 1051 1713 eam
1084 1675 1218 1730 quae
1273 1657 1378 1711 crit
1427 1659 1486 1711 in
1532 1658 1778 1729 requie:
1827 1664 2209 1729 peccatorum

554 1753 777 1816 autem,
810 1765 941 1819 quae
974 1748 1031 1803 in
1053 1748 1379 1802 tormentis.
2010 1750 2013 1751 ⁷

625 1839 783 1893 Vers.
819 1842 904 1892 55.
940 1838 1091 1892 Caro
1121 1838 1274 1891 enim
1301 1865 1371 1878 —
1395 1842 1579 1905 potus.
1611 1868 1677 1875 ——
1708 1837 1886 1892 Verus
1917 1842 1999 1892 est
2030 1836 2205 1900 cibus,

551 1927 677 1983 sive
706 1928 1071 1995 aptissimus,
1105 1932 1303 1997 utpote
1324 1925 1609 1989 animam,
1635 1942 1767 1996 quae
1797 1927 2210 1998 propriissima

549 2016 803 2072 hominis
816 2032 954 2087 pars
979 2021 1084 2081 est,
1112 2016 1375 2070 nutriens
1406 2015 1771 2071 :etsimiliter
1801 2015 1875 2070 de
1893 2016 2203 2085 sanguine.

520 2109 659 2179 .Aut
708 2105 823 2160 hoc
870 2104 1016 2159 dixit
1056 2103 1418 2159 conlirmans
1450 2103 1614 2175 quod
1670 2119 1782 2159 non
1815 2104 2203 2175 aenigmatice,

546 2210 739 2266 neque
778 2192 1103 2266 parabolice
1141 2192 1491 2263 lequeretur.

618 2283 787 2340 Vers.
821 2287 907 2337 56.
952 2282 1063 2347 Qui
1116 2312 1183 2320 —
1235 2280 1352 2336 illo.
1403 2312 1470 2321 —
1514 2282 1579 2337 In
1612 2298 1699 2337 me
1746 2289 1965 2348 manet,
2007 2282 2206 2338 unitur

548 2374 693 2431 mihi
710 2390 814 2447 per
832 2373 1591 2444 transsumptionem(xa:)et
1604 2374 2201 2429 communicationem

546 2480 691 2520 mea:
721 2464 916 2519 carnis
970 2462 1203 2534 meique
1266 2462 1591 2532 sanguinis,
1636 2468 1691 2517 et
1754 2478 1939 2517 unum
1988 2479 2203 2534 corpus

544 2569 781 2609 mecum
819 2551 1088 2616 efﬁcitur,
1110 2568 1178 2607 ac
1205 2552 1503 2623 particeps
1539 2551 1666 2606 vita:
1692 2568 1821 2623 qua}
1860 2553 1916 2606 in
1948 2568 2042 2607 me
2072 2558 2200 2619 est;

541 2642 707 2714 quod
735 2643 783 2697 si
812 2641 906 2697 ille
932 2642 990 2696 in
1013 2656 1105 2695 me
1132 2645 1240 2707 est,
1275 2642 1476 2711 utique
1502 2646 1558 2695 et
1586 2656 1699 2707 ego
1741 2641 1799 2695 in
1842 2640 1962 2696 illo.

614 2733 782 2787 Vers.
842 2730 925 2785 57.
968 2730 1136 2786 Sicut
1172 2761 1235 2768 —
1267 2731 1529 2785 Putrem.
1584 2731 1763 2793 Sicut,
1830 2733 1930 2802 qui
1964 2747 2202 2804 semper

540 2820 684 2877 vivit
710 2824 895 2885 Pater,
921 2820 1079 2874 misit
1110 2835 1221 2882 me,
1259 2817 1407 2873 itaet
1427 2834 1537 2888 ego
1566 2818 2015 2875 immutabiliter
2048 2822 2195 2887 vivo,

540 2926 612 2967 eo
643 2910 805 2979 quod
853 2926 887 2965 a
930 2911 1155 2964 vivente
1186 2907 1355 2963 Patre
1409 2914 1586 2963 natus
1614 2925 1766 2963 sum.

610 3000 652 3069 -ι-
684 2999 748 3054 In
778 2998 1180 3069 cognitionem
1207 3012 1317 3052 nos
1349 2996 1592 3066 inducit,
1642 2997 1805 3068 quod
1838 2999 2195 3071 principium

537 3088 778 3154 habeat,
838 3093 895 3143 et
945 3102 1066 3143 non
1099 3087 1175 3141 sit
1204 3086 1431 3157 absque
1482 3087 1774 3157 principio
1828 3088 1977 3143 sicut
2010 3091 2191 3145 Pater.

532 3180 646 3234 Aut
671 3177 847 3232 etiam
870 3175 985 3231 alio
1020 3175 1201 3231 modo
1227 3182 1466 3244 prapter
1494 3176 1750 3239 Patrem,
1784 3176 1843 3230 id
1883 3184 1970 3232 est
1998 3196 2010 3233 :
2047 3179 2195 3243 Quia

531 3268 705 3324 Pater
732 3267 865 3322 vivit
892 3284 909 3337 ς
938 3264 1056 3321 nisi
1095 3263 1368 3320 enimille
1400 3264 1637 3328 viveret,
1673 3281 1865 3337 neque
1905 3281 2016 3335 ego
2046 3268 2195 3322 vive-

528 3372 677 3413 rem.
711 3356 860 3421 Quia
908 3369 1048 3411 vero
1080 3354 1173 3409 ille
1207 3354 1344 3408 vivit
1394 3357 1452 3408 et
1507 3369 1615 3422 ego
1667 3353 1825 3408 vivo.
1872 3357 1935 3409 Et
1961 3355 2073 3410 nisi
2100 3356 2193 3412 ille

526 3446 793 3511 haberet,
830 3458 1206 3516 quaecunque
1234 3443 1433 3507 habet,
1493 3458 1688 3513 neque
1728 3457 1839 3513 ego
1884 3443 2189 3509 haberem,

528 3550 901 3607 quaecunque
955 3533 1167 3588 habeo.
1220 3532 1526 3603 Siquidem
1594 3532 1769 3586 nobis
1815 3536 2018 3589 omnia
2056 3539 2192 3591 sunt

526 3624 759 3688 eadem,
792 3622 1051 3693 exceptis
1082 3621 1500 3693 personalibus
1524 3622 2009 3694 proprietatibus.

596 3712 760 3767 Vers.
791 3715 880 3767 57.
940 3711 1017 3765 Et
1066 3742 1127 3751 ——
1185 3727 1294 3767 me.
1334 3711 1856 3776 Quemadmodum
1888 3727 1999 3781 ego
2034 3714 2186 3781 vivo,

526 3801 671 3874 quia
690 3805 866 3856 natus
893 3816 1029 3855 sum
1054 3816 1087 3855 a
1113 3800 1343 3855 vivente
1372 3801 1563 3869 Patre,
1596 3801 1674 3855 ita
1704 3807 1761 3856 et
1798 3802 1895 3873 qui
1927 3804 2043 3859 edit
2072 3821 2186 3868 me,

521 3907 654 3965 ipse
674 3906 917 3962 quoque
946 3888 1113 3951 vivet,
1130 3904 1201 3943 eo
1228 3889 1391 3961 quod
1410 3906 1501 3946 me
1524 3892 1625 3961 qui
1652 3892 1767 3948 vita
1790 3908 1947 3960 sum,
1981 3893 2186 3958 ederit,

522 3979 835 4051 vitamque
868 3979 1316 4050 participaverit.

594 4070 755 4127 Vers.
788 4070 876 4123 58.
918 4069 1023 4124 Hic
1058 4100 1115 4109 —
1150 4068 1251 4140 qui
1278 4068 1590 4125 descendit.
1628 4070 1746 4137 Hic,
1784 4074 1948 4142 puta,
1977 4071 2082 4143 qui
2112 4072 2189 4127 vi-

523 4164 644 4218 tam
675 4162 922 4233 praestat
951 4158 1399 4229 sempiternam.

596 4251 762 4307 Vers.
803 4250 892 4305 58.
927 4249 1055 4304 Non
1084 4279 1147 4288 —
1181 4247 1391 4303 mortui
1419 4255 1572 4303 sunt.
1599 4247 1725 4304 Non
1758 4250 1976 4304 mortui
2026 4255 2181 4316 sunt,

517 4342 621 4413 qui
666 4340 838 4395 illum
887 4339 1159 4402 ederunt,
1217 4337 1500 4392 videlicet.
1553 4338 1713 4393 Sicut
1760 4345 1963 4407 patres
2008 4346 2187 4412 vestr,-

518 4432 897 4488 comederunt
938 4444 1154 4483 manna
1184 4435 1239 4483 et
1264 4429 1672 4493 mortuisunt;
1701 4444 1902 4483 verum
1918 4430 2068 4484 sicut
2095 4430 2175 4495 hi,

515 4520 617 4592 qui
647 4534 873 4574 manna
920 4517 1062 4573 illud
1097 4515 1505 4579 comederunt,
1540 4532 1720 4571 carne
1764 4522 1979 4572 mortui
2020 4528 2175 4584 sunt,

516 4609 597 4663 ita
623 4608 791 4678 etqui
821 4622 1037 4677 panem
1069 4606 1229 4661 hunc
1250 4605 1451 4669 edunt,
1487 4621 1665 4660 carne
1690 4606 2039 4663 moriuntur.
2064 4608 2172 4665 Sed

515 4694 579 4752 hi
610 4694 737 4761 soli,
791 4711 929 4751 cum
982 4696 1040 4750 in
1084 4712 1184 4767 spe
1216 4694 1348 4750 vitae
1415 4699 1648 4750 aeternae
1682 4696 2024 4765 moriuntur,
2052 4712 2174 4754 non

518 4783 797 4843 videntur
827 4784 998 4851 mori,
1040 4784 1145 4841 sed
1175 4784 1537 4841 obdormire.

2319 1660 2409 1728 μὶν
2440 1658 2643 1710 αἰώνιον
2675 1658 2759 1712 ἐπὶ
2788 1670 2885 1713 τῶν
2928 1659 3146 1715 δικαίων
3176 1669 3269 1722 τὴν
3299 1664 3346 1717 ἐν
3377 1663 3652 1732 ἀπολαύσει,
3678 1663 3743 1715 ἐπὶ
3785 1660 3825 1715 δὲ

2320 1755 2417 1798 τῶν
2439 1746 2755 1821 ἁμαρτωλῶν
2781 1756 2876 1809 τὴν
2902 1751 2948 1803 ἐν
2980 1753 3210 1807 κολάσει.

2388 1835 2442 1889 ’Π
2505 1841 2604 1912 γὰρ
2666 1839 2797 1914 σὰρξ
2861 1872 2929 1880 -
2978 1847 3151 1903 πόσις.
3211 1875 3281 1883 —
3333 1842 3544 1903 Ἀληθής
3600 1843 3698 1912 (7‘2)
3747 1838 3829 1892 ἐστι

2320 1923 2542 1997 βρῶσις,
2610 1931 2728 1986 ἦτοι
2792 1934 3112 2005 κυριωτάτη,
3173 1936 3239 1994 ὡς
3298 1937 3353 1985 τὸ
3408 1939 3685 2005 κυριώτατον
3715 1934 3829 2001 μέρος

2317 2022 2408 2066 τοῦ
2468 2014 2739 2091 ἀνθρώπου
2793 2023 3053 2092 τρέφουσα
3090 2026 3177 2078 τὴν
3222 2022 3421 2094 ψυχή-νο
3462 2027 3545 2073 καὶ
3580 2024 3629 2073 τὸ
3656 2020 3760 2091 αἱμα
3788 2014 3829 2069 δὲ

2317 2104 2525 2175 ὁμοίως.
2567 2104 2635 2159 Ἦ
2677 2116 2842 2160 ταῦτα
2872 2106 2977 2162 εἷπε
3019 2108 3243 2183 βεϐαιῶν
3278 2114 3355 2163 ὅτι
3386 2112 3476 2164 οὐκ
3503 2114 3695 2181 αἴνιγμα
3734 2107 3829 2177 ὶειμι

2316 2190 2438 2246 οὐδὲ
2476 2195 2799 2270 παραϐολήν,

2383 2283 2440 2335 Ὀ
2473 2316 2540 2325 -
2580 2286 2740 2355 αὐτῷ.
2773 2319 2840 2326 -
2871 2287 2949 2340 Ἐν
2976 2287 3088 2360 ἐμοὶ
3125 2294 3289 2361 μένει,
3340 2290 3530 2342 ἐνοῦταί
3556 2309 3634 2361 μοι
3676 2284 3748 2339 διὰ
3768 2295 3831 2344 τῆς

2312 2373 2642 2445 μεταλήψεως
2690 2380 2773 2427 καὶ
2825 2383 3089 2439 κοινωνίας
3142 2386 3232 2439 τῆς
3286 2378 3413 2452 ἐμῆς
3462 2382 3638 2452 σαρκὸς
3670 2380 3743 2427 καί
3768 2380 3830 2425 τοῦ

2312 2462 2435 2533 ἐμοῦ
2487 2466 2725 2535 αἵματος,
2767 2470 2854 2517 καὶ
2886 2469 3170 2539 σύσσωμὸς
3199 2487 3295 2540 μοι
3323 2473 3519 2539 γίνεται
3560 2473 3639 2519 καὶ
3671 2472 3836 2537 μέτοχος

2311 2561 2400 2613 τῆς
2456 2552 2502 2604 ἐν
2544 2552 2657 2625 ἐμοὶ
2689 2556 2849 2617 ζωῆς
2914 2556 2956 2607 εἰ
2988 2553 3037 2607 δ’
3070 2554 3261 2618 ἐκεῖνος
3293 2557 3341 2609 ἐν
3373 2556 3501 2630 ἐμοὶ,
3528 2560 3707 2615 πάντως
3730 2554 3833 2622 κάγὼ

2313 2639 2358 2692 ἐν
2389 2641 2551 2711 αὐτῷ.

2385 2733 2567 2791 Καθὼς
2612 2763 2676 2771 -
2720 2737 2943 2807 Πατέρα·
3000 2736 3183 2797 Καθὼς
3215 2738 3321 2797 ζῶν
3354 2732 3607 2786 ἀπέστειλέ
3628 2750 3682 2803 με
3713 2730 3837 2799 ὁ(“ῖ3)

2310 2819 2411 2879 ζῶν
2444 2825 2644 2893 Πατὴρ,
2674 2822 2808 2873 οὕτω
2846 2826 2990 2894 κάγὼ
3029 2824 3101 2884 ζῶ
3132 2823 3545 2898 ἀπαραλλάκτως
3588 2818 3671 2875 διὰ
3696 2824 3744 2873 τὸ
3767 2837 3843 2889 71v-

2266 2936 2277 2986 :
2307 2911 2526 2967 νηοῆναι
2548 2911 2605 2962 ἐκ
2637 2911 2824 2971 ζῶντος
2858 2918 3079 2986 Πατρός.

2377 2997 2596 3070 [Γνώσιν
2641 3000 2757 3071 (ῖ4)
2810 3002 2932 3073 ἡμῖν
2977 3004 3089 3073 (ἷό)
3144 3002 3354 3074 εἰσάγει
3400 3010 3491 3055 τοῦ
3531 3004 3657 3073 ἔχειν
3691 3000 3840 3071 ampli".

2305 3092 2391 3139 καὶ
2453 3092 2523 3159 μὴ
2559 3085 2687 3140 εἶναι
2735 3090 2969 3164 ἄναρχος
3007 3092 3179 3163 ὥσπερ
3242 3094 3270 3143 ὁ
3320 3098 3517 3166 Πατήρ,
3551 3097 3611 3143 Ἦ
3652 3094 3727 3139 καὶ
3768 3087 3844 3137 ἐτέ-

2302 3196 2424 3249 ρως.
2477 3180 2571 3229 Διὰ
2625 3180 2682 3230 τὸ
2724 3180 2819 3250 ζῇν
2863 3183 2949 3231 τὸν
2992 3186 3196 3253 Πατέρα
3228 3183 3375 3253 (76).
3404 3182 3464 3235 Εἰ
3493 3185 3559 3253 μὴ
3588 3182 3679 3252 γὰρ
3706 3175 3845 3232 ἐκεῖνος

2304 3265 2412 3331 ἔξη,
2470 3263 2592 3319 οὐδὲ
2635 3266 2732 3338 ἐγὼ
2790 3269 2937 3329 ἔζωνο
2996 3268 3104 3322 ἐπεὶ
3156 3266 3213 3322 δὲ
3258 3270 3455 3332 ἐκεῖνος
3499 3272 3580 3333 ζῆ,
3612 3270 3675 3329 ζῶ
3720 3266 3843 3334 κᾶνω.

2306 3362 2405 3407 Καὶ
2436 3356 2479 3408 εἰ
2525 3361 2595 3427 μὴ
2639 3356 2824 3419 ἐκεῖνος
2858 3356 2995 3429 εἶχεν
3036 3361 3136 3410 ὅσα
3168 3362 3309 3430 ἔχει,
3345 3356 3471 3412 οὐδὲ
3501 3358 3593 3431 ἐγὼ
3624 3354 3745 3428 εἶχον
3774 3356 3848 3404 ὅσα

2302 3446 2431 3515 ἔχω.
2468 3444 2588 3498 Ἰσα
2634 3449 2735 3519 γὰρ
2773 3450 2892 3520 ἡμῖν
2944 3450 3131 3515 πάντα,
3183 3455 3364 3523 χωρὶς
3414 3458 3513 3502 τῶν
3562 3450 3847 3523 προσωπικών

2305 3532 2601 3593 ἰδιοτήτων.
2635 3535 2656 3608 ]

2376 3718 2474 3767 Καὶ
2544 3746 2595 3755 -
2657 3715 2761 3787 ἐμέ.
2806 3713 3003 3790 Ὠσπερ
3061 3714 3159 3787 ἐγὼ
3206 3720 3314 3780 ζῶν
3360 3714 3458 3770 διὰ
3508 3720 3563 3769 τὸ
3600 3714 3846 3787 γεινηθῆνιι

2301 3802 2356 3854 ἐκ
2390 3803 2580 3865 ζῶντος
2629 3808 2853 3877 Πατρός,
2902 3805 3036 3857 οὓτω
3079 3810 3166 3857 καὶ
3205 3808 3231 3859 ὁ
3286 3814 3508 3880 τρώγων
3551 3826 3631 3879 με,
3671 3805 3851 3859 me»;

2302 3896 2541 3957 ζήσεται,
2588 3889 2679 3945 διὰ
2708 3898 2764 3945 τὸ
2791 3899 3003 3968 τρώγειν
3033 3893 3119 3967 ἐμὲ
3145 3900 3241 3953 τὴν
3276 3896 3419 3957 ζωὴν
3458 3901 3544 3948 καὶ
3571 3890 3847 3968 μεταλαμϐά-

2296 4002 2397 4035 νειν
2427 3992 2522 4045 τῆς
2546 3986 2647 4047 ζωῆ
2661 4004 2699 4046 ς.

2370 4073 2531 4134 Οὗτος
2580 4103 2645 4113 -
2692 4072 2940 4135 καταϐάς.
2996 4074 3177 4142 Οὗτος,
3233 4077 3259 4127 ὁ
3314 4077 3462 4137 ζωὴν
3509 4077 3696 4129 αἰώνιον
3725 4090 3848 4144 χορε-

2296 4171 2420 4233 γῶν,

2368 4252 2443 4304 0'3
2484 4284 2550 4292 —
2609 4249 2877 4307 ἀπέθανον.
2930 4253 3040 4305 Οὔκ
3090 4252 3492 4309 ἀποθανοῦνται
3540 4258 3588 4309 οἱ
3627 4260 3847 4327 τρώγοντες

2295 4341 2449 4393 αὑτὸν
2508 4337 2767 4399 (inimum.
2830 4343 3014 4403 Καθὼς
3074 4345 3263 4416 ἔφαγον
3351 4348 3404 4398 οὶ
3484 4349 3688 4420 πατέρες
3744 4340 3845 4411 ἱμῶν

2293 4434 2351 4483 τὸ
2404 4432 2571 4503 μάννα
2629 4436 2717 4483 καὶ
2790 4429 3063 4489 ἀπέθανον.
3122 4439 3222 4485 Καὶ
3285 4441 3422 4506 μὴν,
3502 4438 3668 4507 ὥσπερ
3726 4430 3764 4480 οἰ
3807 4428 3845 4474 τό

2288 4522 2453 4583 μάννα
2512 4519 2668 4572 ἐκεῖνο
2740 4525 2983 4591 φαγόντες
3038 4520 3297 4575 ἀπέθανον
3365 4534 3433 4598 τῇ
3522 4527 3695 4598 σαρκὶ,
3750 4515 3845 4569 οὕτω

2286 4615 2374 4661 καὶ
2420 4610 2470 4661 οἱ
2519 4612 2605 4661 τὸν
2663 4610 2819 4682 ἄρτον
2875 4618 3055 4663 τοῦτον
3125 4618 3433 4683 τρώγοντες
3510 4614 3846 4668 ἀποθνήσκοντι

2286 4706 2346 4771 τῇ
2412 4703 2589 4773 σαρκί·
2650 4696 2755 4750 ἀλλ’
2813 4698 2957 4751 οὗτοι
3008 4704 3156 4772 μόνοι
3209 4702 3292 4754 ἐπ’
3343 4700 3529 4756 ἐλπίδι
3586 4704 3712 4764 ζωῆς
3760 4695 3846 4747 τίν’

2284 4797 2391 4840 νέου
2456 4786 2887 4860 ἀποθνήσκοντες,
2956 4788 3016 4841 οὗ
3090 4785 3353 4845 δοκοῦσιν
3434 4792 3715 4857 ἀποθανεῖν,
3769 4782 3847 4837 ἀλλ’

2285 4879 2497 4931 ὑπνοῦν.

1712 5027 1937 5096 Variae
1992 5028 2320 5099 lectiones
2376 5038 2441 5098 et
2480 5038 2679 5098 notae.

606 5236 695 5306 71)
721 5235 1075 5307 Plerumque
1097 5235 1312 5306 Spiritu

508 5306 606 5364 hic
639 5314 903 5364 uterque.

579 5380 693 5451 (72)
724 5375 952 5439 Ἀληθής
981 5378 1149 5451 enim,
1179 5392 1298 5451 non
1330 5375 1530 5451 ἁληθῷς
1564 5376 1717 5445 legit.

582 5380 669 5451 (72
724 5380 952 5439 Ἀληθής
981 5380 1149 5442 enirn,
1179 5392 1298 5431 non
1330 5380 1530 5438 ἀληθῶς
1564 5380 1717 5445 legit.

582 5380 697 5523 (73;
728 5454 837 5503 Ζῶν
869 5450 1083 5506 omittit
1103 5455 1167 5505 A.
1187 5448 1382 5505 Malim
1413 5448 1609 5505 tollere
1640 5453 1797 5521 prius
1832 5451 1953 5512 ζῶν,

584 5160 699 5308 ἕἹΟ)
736 5160 927 5219 Malim
954 5179 1132 5236 προσμ
1178 5163 1348 5215 αίνων.
1676 5180 1681 5189 “·

606 5235 1075 5307 71)Ριθι“υω‹]υθ
1102 5234 1312 5306 spiritu
1361 5231 1477 5288 leni
1521 5231 1681 5288 scrib

1361 5231 1477 5288 leni
1521 5231 1784 5289 scribunt
1818 5232 2078 5302 Codices,
2113 5243 2171 5293 ut

2352 5164 2463 5308 £74)
2496 5164 2628 5220 Haec
2660 5164 2719 5220 in
2755 5164 3023 5233 margine
3051 5164 3283 5222 habent
3326 5170 3604 5227 codices.

2376 5238 2465 5307 75)
2500 5238 2816 5292 Hentenius
2857 5237 3131 5304 reddidit,
3166 5254 3232 5294 ac
3269 5240 3329 5295 si
3363 5241 3584 5308 legerit

2376 5238 2465 5313 7A5)
2500 5238 2816 5313 Hentenius
2857 5237 3131 5304 reddidit,
3166 5254 3232 5294 ac
3269 5240 3329 5295 si
3363 5241 3618 5313 legerit:
3648 5240 3725 5299 Εἰς
3752 5240 3842 5306 γνὼ-

2282 5327 2363 5361 σιν
2390 5310 2527 5380 ἡμᾶς
2558 5308 2775 5379 εἰσάγει.

2350 5379 2467 5452 (76)
2500 5380 2785 5451 Intellige,
2821 5380 2893 5442 ζῶ
2918 5379 3083 5453 κάγώ.

582 5548 715 5630 (τίς)
746 5548 1351 5622 Transmmptionem.
1375 5546 1461 5604 Ad
1500 5549 1771 5620 verbum,
1806 5548 2199 5624 participatiov

2299 5565 2337 5607 ι.
2377 5548 2799 5625 Μεταλαμϐάνειν
2829 5553 2921 5607 est
2940 5548 3292 5637 participem
3329 5568 3471 5613 esse
3517 5555 3748 5629 alicujus
3769 5546 3833 5603 rei.
