4038 6226
154 283 296 356 iis?

225 421 283 474 Ὀ
333 456 395 466 ο-
452 426 635 482 αἰῶνα.
681 427 883 494 Ἱκανῶς
956 430 1246 510 ἕνδιέτριψε
1329 448 1403 509 τῷ
1485 447 1606 515 περὶ
1659 447 1751 492 τοῦ

1939 444 2093 497 Vers.
2129 442 2215 496 58.
2247 441 2359 508 Qui
2409 473 2478 482 —
2523 447 2834 499 (Liternum.
2894 440 3099 500 Merito
3153 446 3420 504 sermoni
3447 446 3523 503 de

155 513 318 602 α’ρτου
357 521 442 602 καὶ
489 523 606 593 περὶ
661 528 755 583 τῆς
799 523 932 584 ζωῆς
981 524 1138 597 λόγῳ,
1195 533 1462 598 γινώσκων
1519 513 1602 583 τόν
1664 534 1752 602 μὲν

155 599 456 674 ἀναγκαῖον,
493 612 587 666 τὴν
645 606 704 662 δὲ
738 611 978 681 γλυκεῖαν
1010 623 1120 677 τοῖς
1170 615 1456 692 ἀνθρώποις
1508 639 1518 652 ·
1550 625 1634 672 τόν
1665 624 1753 691 μὲν

157 699 457 764 σωματικόν
509 698 661 769 ἀρτον
707 706 816 761 τοῖς
867 713 1196 776 σωματικοῖς,
1272 710 1355 758 τὸν
1420 705 1478 761 δὲ
1527 729 1755 782 πνευμα-

154 785 301 832 τικόν
340 791 448 846 τοῖς
508 797 921 859 πνευματικοῖς·
954 798 1044 844 καὶ
1121 799 1214 852 τὴν
1289 800 1378 868 μὲν
1451 803 1754 870 σωματικὴν

156 871 296 930 ζωὴν
324 880 430 934 τοῖς
460 886 796 947 σωματικοῖς,
824 884 915 937 τὴν
939 878 996 934 δὲ
1022 890 1373 957 πνευματικὴν
1402 893 1504 947 τοῖς
1532 906 1754 959 πνευμσ·

151 967 339 1020 τικοῖς,

226 1051 407 1103 Ταῦτα
436 1084 503 1093 -
538 1059 740 1108 ακούειν
765 1074 779 1123 ;
811 1089 879 1098 -
907 1059 1125 1133 Σκληρός
1157 1061 1313 1131 ἐστιν,
1339 1067 1456 1122 ἤτοι
1480 1061 1753 1137 δυσπαρά-

151 1132 342 1200 δεχτος
371 1141 522 1205 οὗτος
551 1146 576 1195 ό
603 1143 751 1217 λόγος
777 1148 802 1198 6
832 1155 924 1200 τοῦ
949 1159 1162 1224 τρωγειν
1189 1152 1344 1204 αὐτόν
1370 1170 1382 1183 ⁸
1415 1159 1507 1214 Τίς
1537 1150 1757 1206 δύναται

147 1226 312 1278 αὐτόν
352 1229 757 1305 παραδέχεσθαι
807 1253 820 1303 ;
869 1237 935 1290 Οἱ
991 1247 1143 1292 τοῦτο
1175 1237 1232 1292 δὲ
1263 1241 1484 1303 εἰπόντες
1523 1245 1758 1314 μαθηταὶ

148 1318 246 1385 μεν
279 1317 443 1370 αὐτοῦ
491 1318 646 1387 ἦσαν,
707 1324 801 1377 οὐκ
849 1325 903 1378 ἐκ
939 1336 1039 1379 τῶν
1088 1325 1297 1382 δώδεκα
1329 1327 1410 1399 δι,
1443 1329 1550 1384 ἀλλ’
1574 1330 1628 1384 ἐκ
1659 1341 1757 1384 τῶν

150 1402 210 1454 εϐ
214 1401 252 1456 δ
256 1424 281 1456 ο
284 1413 356 1476 μή
365 1427 537 1464 κοντα.

224 1499 372 1558 Τινὲς
427 1498 486 1551 ὸὲ
535 1521 689 1572 φασιν
744 1504 825 1555 ὃτι
856 1503 907 1555 ἐκ
956 1515 1056 1558 τῶν
1089 1506 1248 1568 άλλως
1305 1510 1416 1580 (77)
1473 1513 1758 1582 μαθητευθ-

149 1588 317 1653 μένων
359 1586 516 1658 αύτῷ.
556 1591 736 1644 Πολλοὶ
787 1596 888 1666 γὰρ
934 1601 1023 1648 καὶ
1063 1598 1226 1670 ἕτεροι
1273 1598 1588 1656 ἠκολούθουν
1619 1602 1757 1670 αύτῷ

149 1671 421 1736 πολλάκις.
471 1678 741 1741 Μέλλοντες
781 1679 866 1733 οὖν
919 1682 1202 1756 ἀποπηὸᾁν
1250 1688 1759 1760 ύπεραπολογούνται

1211 303 1580 369 COMMENT.
1626 305 1693 369 IN
1731 303 2081 371 JOANNEM.
2126 347 2192 356 —
2230 307 2388 372 CAP.
2413 308 2505 372 VI.

1999 27 2027 42 ο
3141 16 3210 20 ,__,

363 65 392 82 ὅ
4012 75 4033 86 ,ι

3369 317 3515 375 1258

1868 546 2023 602 pane
2049 546 2118 586 ac
2131 530 2204 585 de
2221 530 2704 587 vitaimmoratus
2738 537 2844 598 est,
2880 531 3256 590 sciensillum
3277 534 3522 606 quidem

1868 619 2462 688 necessarium,hanc
2477 619 2864 676 verodulcem
2880 619 3226 677 hominibus
3257 639 3272 679 :
3303 639 3524 695 panem

1867 723 2067 763 sanem
2081 708 2454 780 corporalem
2479 708 2909 781 corporalibus,
2926 709 3296 782 spiritualem
3324 718 3525 768 autem

1867 796 2304 867 spiritualibus:
2332 796 2596 852 similiter
2624 803 2680 853 et
2709 798 2886 854 vitam
2919 799 3290 870 corporalem
3323 816 3526 871 corpo-

1865 885 2113 954 ralibus,
2141 886 2501 958 spiritualem
2528 903 2668 944 vero
2696 887 3130 959 spiritualibus.

1939 1065 2101 1120 Vers.
2131 1065 2220 1119 59.
2256 1066 2402 1121 Haec
2464 1097 2531 1104 —
2580 1067 2736 1120 Vers.
2796 1067 2885 1121 60.
2932 1067 3140 1122 audire
3179 1067 3206 1120 ?
3237 1098 3305 1107 —
3332 1067 3526 1123 Durus

1867 1159 1971 1218 est,
2004 1153 2119 1208 hoc
2145 1159 2250 1218 est,
2283 1169 2440 1223 aegre
2478 1153 2709 1210 admitti
2741 1159 2950 1226 potest,
2978 1155 3074 1210 hic
3103 1171 3312 1218 sermo,
3355 1161 3522 1226 puta,

1867 1241 1941 1296 de
1966 1241 2102 1313 ipso
2128 1244 2501 1298 comedendo
2536 1243 2704 1314 ;quis
2735 1244 2908 1299 illum
2949 1251 3135 1313 potest
3161 1244 3474 1301 admittere
3497 1243 3526 1300 ?

1868 1329 1977 1394 Qui
2029 1345 2171 1384 vero
2209 1329 2324 1384 hoc
2349 1329 2649 1396 dicebant,
2703 1346 2734 1386 e
2765 1329 3071 1403 discipulis
3119 1330 3366 1404 quidem
3396 1332 3526 1403 ejus

1867 1424 2053 1483 erant,
2081 1433 2205 1474 non
2237 1424 2436 1474 tamen
2468 1436 2497 1473 e
2525 1418 2863 1486 duodecim,
2897 1419 3000 1474 sed
3033 1435 3063 1475 e
3089 1420 3487 1492 septuaginta.

1937 1507 2190 1570 Quidam
2225 1523 2364 1563 vero
2390 1523 2461 1562 ex
2483 1507 2574 1562 his
2603 1507 2784 1563 fuisse
2816 1508 3000 1574 aiunt,
3035 1510 3132 1581 qui
3168 1509 3316 1565 alias
3347 1509 3426 1566 ab
3456 1524 3527 1566 eo

1867 1596 2059 1652 edocti
2091 1601 2258 1653 erant
2299 1614 2314 1649 :
2342 1612 2484 1651 nam
2518 1603 2573 1651 et
2620 1596 2718 1652 alii
2762 1597 2930 1652 multi
2960 1597 3293 1668 frequenter
3319 1613 3525 1668 seque-

1869 1687 2085 1741 bantur
2114 1686 2304 1742 illum.
2331 1687 2435 1750 Qui
2461 1677 2599 1755 ergo
2626 1686 2942 1742 discessuri
2979 1687 3292 1751 erant,sibi
3307 1685 3529 1743 scilicet

152 1757 314 1818 δῆθεν
349 1764 558 1821 ἑαυτῶν,
625 1767 771 1822 "ﬁdat
816 1768 875 1824 δὲ
914 1773 1099 1834 αύτούς
1157 1774 1421 1847 ἀναμεῖναι
1477 1781 1563 1829 τὸν
1599 1798 1754 1851 προσ-

1876 1776 2417 1845 patrocinabantur,
2440 1793 2574 1830 cum
2607 1775 2802 1846 potius
2846 1776 3216 1831 convenienti
3261 1780 3528 1847 tempore

148 1855 346 1906 ἡκοντα
374 1859 571 1928 καιρόν,
595 1863 683 1910 καὶ
712 1862 968 1913 πυθέσθαι
997 1869 1113 1935 περὶ
1146 1872 1236 1916 τοῦ
1264 1861 1540 1927 δοκοῦντος
1562 1863 1760 1938 δυσχε-

145 1949 273 2014 ρούς
301 1949 391 1994 καὶ
424 1948 496 2012 μὴ
531 1945 867 2019 ἀπαγορεύειν
913 1967 926 1979 ⁸
962 1951 1096 2003 οὕτω
1127 1956 1223 2025 γὰρ
1266 1956 1314 2005 οἱ
1352 1950 1562 2006 δώδεκα
1592 1959 1760 2027 μαθη-

147 2036 240 2082 ταὶ
272 2037 612 2090 πεποιήκασι.
648 2039 898 2094 Μαθητοῡ
936 2042 1038 2112 γάρ
1087 2042 1403 2114 εὐγνώμονος
1443 2042 1758 2120 ἀπεριέργως

146 2121 323 2171 πάντα
356 2117 614 2192 δέχεσθαι
635 2128 697 2176 τά
719 2144 807 2177 του
830 2123 1182 2193 διδασκάλου,
1215 2136 1299 2182 καὶ
1325 2139 1508 2206 καιροῦ
1539 2117 1758 2184 καλοῦν-

145 2227 262 2270 τος,
295 2208 517 2272 εὐλαϐῶς
547 2213 738 2287 ἐρωτᾷν
769 2221 887 2290 περὶ
909 2225 1007 2268 τῶν
1037 2217 1444 2294 ὑπερϐαινόντων
1473 2226 1564 2280 τὴν
1595 2223 1755 2274 αὐτοῦ

144 2293 412 2354 διάνοιαν.

221 2384 393 2448 Εἰδὼς
427 2421 480 2430 -
533 2388 872 2454 σκανδαλίζει
904 2411 917 2460 ;
957 2400 1057 2448 Καὶ
1089 2399 1190 2471 γὰρ
1248 2404 1512 2454 καὶτοῦτο
1545 2410 1637 2462 τῆς
1663 2403 1755 2454 αύ-

143 2484 238 2527 τοῡ
269 2478 512 2541 θεότητος
555 2478 837 2550 ἀποδειξις,
880 2487 936 2535 τὸ
968 2488 1035 2538 τὰ
1088 2483 1358 2561 ἀπόρρητα
1387 2489 1560 2550 αὐτοῖς
1592 2495 1754 2564 φέρειν

145 2565 222 2624 εἰς
281 2571 464 2638 μέσον.
529 2571 654 2622 Καθ’
732 2570 948 2635 ἑαυτούς
999 2576 1102 2648 γὰρ
1179 2574 1484 2651 ἀπορῥήτως
1539 2578 1756 2651 ἐγόγγυ-

148 2653 266 2713 ζον.

222 2743 344 2796 Ἐὰν
376 2775 444 2784 -
492 2751 737 2820 πρότερον
764 2766 777 2816 ;
807 2755 988 2803 Λείπει
1026 2754 1102 2816 τὸ,
1152 2757 1216 2804 Τί
1263 2751 1420 2825 ἐρεῖτε
1448 2771 1461 2821 ;
1494 2755 1667 2827 Ἔλεγε
1699 2753 1758 2810 δε

144 2837 269 2905 περὶ
323 2842 420 2895 τῆς
479 2833 523 2895 ἐς
574 2837 789 2906 ὕστερον
839 2840 911 2900 εἰς
967 2841 1180 2914 ούρανόν
1217 2840 1518 2913 ἀναλήψεως
1574 2845 1753 2900 αὑτοῦ.

147 2920 550 2992 Ἀναϐαίνοντα,
581 2933 641 2997 τῇ
683 2926 1066 3000 ἀνθρωπότητι.
1099 2929 1267 2982 Ὀπου
1297 2927 1357 2990 ἦν
1389 2936 1447 2983 τό
1494 2937 1758 3006 πρότερον,

143 3019 207 3082 τῇ
242 3013 473 3070 θεοῖ-οτι.
490 3013 549 3066 Ὀ
569 3017 669 3090 γὰρ
696 3013 980 3090 δυνάμενος
1001 3023 1094 3077 τὴν
1119 3021 1291 3094 σάρκα
1313 3023 1505 3078 ταύτην
1527 3021 1761 3095 οὐράνιον

142 3115 425 3174 ποιῆσαιν,
456 3107 679 3164 δύναται
709 3115 911 3174 πάντως
935 3115 1094 3173 αὐτὴν
1139 3121 1228 3168 καὶ
1259 3121 1449 3189 τροφὴν
1483 3116 1759 3191 ἀνθρωπων

139 3199 580 3270 ἀπεργάσασθαι.

1870 1866 2230 1920 remansisse
2264 1865 2380 1936 (yy)
2405 1865 2727 1937 oportuerit
2747 1881 2818 1920 ac
2847 1863 3124 1920 obedisse
3152 1865 3212 1919 in
3243 1881 3332 1929 eo,
3364 1863 3528 1935 quod

1869 1951 2107 2007 difﬁcile
2140 1954 2451 2010 videbatur
2477 1962 2532 2008 et
2562 1969 2682 2008 non
2713 1953 3098 2024 desperasse:
3118 1969 3256 2009 nam
3282 1953 3361 2008 ita
3382 1954 3529 2009 duo-
3618 1987 3619 1990 η

1869 2041 2062 2097 decim
2091 2041 2170 2096 illi
2195 2042 2474 2097 fecerunt.
2502 2043 2750 2099 Candidi
2778 2042 3076 2114 siquidem
3107 2041 3385 2114 discipuli
3417 2047 3525 2108 est,

1867 2131 2070 2186 omnia
2083 2147 2218 2202 quae
2225 2130 2724 2202 jubetpraaceptor
2753 2130 2984 2202 absque
3012 2131 3346 2187 curiositate
3376 2130 3530 2186 exci-

1866 2235 2024 2291 pere,
2053 2226 2108 2273 et
2141 2219 2234 2274 ubi
2267 2235 2391 2273 sese
2423 2219 2593 2274 oti‘ert
2622 2220 3061 2292 opportunitas,
3091 2220 3420 2275 verecunde
3452 2219 3526 2276 de

1864 2307 1959 2362 bis
1985 2308 2366 2376 interrogare,
2395 2323 2527 2378 qum
2545 2307 2672 2378 ejus
2700 2307 2994 2362 excedunt
3017 2307 3488 2376 intelligentiam.

1936 2398 2098 2451 Vers.
2133 2398 2220 2453 61.
2269 2396 2455 2452 Sciens
2506 2427 2570 2436 —
2619 2397 2977 2465 o/I‘endicuto
3025 2395 3054 2450 ‘i
3106 2398 3249 2452 Sane
3307 2401 3363 2452 et
3412 2395 3528 2452 hoc

1863 2484 2230 2540 divinitatem
2245 2485 2376 2555 ejus
2398 2485 2868 2550 demonstrabat,
2887 2490 3035 2557 puta
3054 2501 3190 2557 qua:
3214 2484 3379 2558 apud
3394 2483 3528 2540 illos

1865 2573 2435 2630 occultaerantferre
2461 2574 2520 2630 in
2549 2573 2815 2630 medium
2859 2597 2870 2629 :
2906 2590 3050 2630 nam
3098 2573 3333 2630 occulta
3361 2570 3526 2646 apud

1865 2678 1927 2716 se
1951 2668 2492 2720 murmuraverant.

1939 2751 2107 2806 Vers.
2164 2756 2250 2806 62.
2297 2751 2355 2806 Si
2385 2783 2451 2792 —
2509 2759 2636 2808 erat
2695 2756 2722 2806 ?
2771 2751 2998 2817 Deficit,
3057 2750 3213 2817 Quid
3257 2749 3525 2806 dicetis?

1870 2840 2152 2911 Loquitur
2165 2848 2359 2895 autem
2385 2841 2457 2896 de
2473 2839 2669 2896 futura
2684 2840 2772 2894 sui
2790 2841 2845 2894 iu
2859 2839 3071 2895 caelum
3118 2838 3523 2909 assumptione

1867 2930 2310 2993 Ascendentem,
2331 2929 2532 3002 quoad
2560 2930 2996 2985 humanitatem
3020 2946 3032 2983 :
3057 2927 3158 2983 ubi
3174 2929 3342 2996 prius
3369 2934 3519 2994 erat,

1869 3020 2070 3090 quoad
2101 3018 2496 3074 divinitatem.
2538 3018 2648 3084 Qui
2687 3019 2835 3072 enim
2878 3023 3067 3089 potest
3093 3017 3249 3072 banc
3277 3031 3522 3072 carnem

1870 3109 2118 3164 reddere
2149 3107 2471 3173 caelestem,
2519 3113 2711 3179 potest
2751 3105 2956 3179 utique
2996 3112 3052 3162 et
3089 3106 3286 3178 ipsam
3317 3105 3521 3161 cibum

1867 3198 2183 3254 hominum
2211 3195 2459 3251 efﬁcere.

213 3290 289 3339 T6
336 3296 539 3360 πνεῦμα
578 3320 644 3330 —
676 3287 847 3345 οὐδέν.
910 3299 1118 3366 Πνεῦμα
1164 3293 1298 3365 λέγει
1347 3302 1434 3346 νῦν
1493 3298 1550 3346 τὸ
1607 3315 1753 3348 πνευ-

1939 3289 2100 3343 Vers.
2158 3286 2244 3342 63.
2273 3285 2527 3354 Spiritus
2574 3315 2642 3325 —-
2665 3285 3007 3356 quidquam.
3049 3282 3334 3355 Spiritum
3361 3297 3523 3338 nunc

141 3385 387 3437 ματικῶς
472 3386 602 3430 νοεῖν
657 3383 722 3432 τά
785 3381 1027 3454 ῥηθέντα.
1095 3382 1319 3454 Ὁμοίως
1377 3380 1436 3436 δὲ
1462 3391 1550 3436 και
1583 3386 1755 3459 σάρκα

137 3468 198 3516 τό
234 3475 501 3538 σαρκικῶς
551 3475 678 3520 νοεῖν
733 3469 901 3521 αὖτά³
931 3471 991 3522 ού
1057 3475 1158 3544 γάρ
1191 3477 1308 3546 περὶ
1357 3481 1446 3544 τῇς
1495 3473 1752 3533 ζωοποιοῡ

141 3557 348 3626 σαρκὸς
402 3555 563 3607 αὐτοῦ
613 3564 701 3608 νῦν
759 3559 784 3610 6
832 3558 995 3630 λόγος.
1058 3567 1194 3619 Φησί
1241 3566 1414 3613 τοίνυν
1459 3564 1538 3614 ὅτι
1569 3566 1625 3614 τό
1661 3565 1751 3633 μὲν

136 3653 514 3713 πνευματικῶς
539 3653 668 3697 νοεῖν
716 3655 882 3699 ταῦτα
918 3649 1057 3708 ζωὴν
1105 3655 1327 3723 παρέχει
1379 3656 1466 3708 τὴν
1516 3649 1750 3723 ἀνωτέρω

136 3730 431 3802 λεχθεῖσαν
482 3749 493 3761 ·

139 3819 242 3872 λεῖ.

551 3737 610 3785 τό
659 3730 719 3787 δι
773 3746 1037 3808 σαρκικῶς
1091 3745 1220 3790 νοεῖν
1273 3739 1405 3790 αύτά
1449 3737 1598 3792 οὐδὲν
1625 3741 1749 3812 ὠφε-

212 3912 298 3961 Τά
339 3909 553 3982 ῥήματα
596 3943 664 3951 -—
721 3911 855 3971 ἔστι.
916 3919 1246 3988 [Ινευματικά
1277 3916 1389 3969 ἔστι
1437 3923 1526 3969 καὶ
1568 3919 1748 3991 ζωηρά

136 3999 262 4051 ἐστι
290 4016 302 4028 '
340 3996 425 4051 διο
454 4005 565 4074 χρὴ
612 4006 682 4072 μή
713 4002 885 4065 ἁπλῶς
926 4003 992 4064 εἰς
1023 4005 1158 4056 αύτά
1187 4004 1393 4073 βλέπειν
1428 4023 1438 4034 ·
1473 4015 1625 4058 τούτο
1645 4010 1746 4080 γάρ

134 4087 264 4140 ἐστι
293 4091 352 4140 τό
403 4099 661 4162 σαρκικῶς
706 4100 834 4144 νοεῖν
869 4107 882 4122 ⁸
927 4092 1033 4144 ἀλλ’
1071 4094 1389 4168 ὑψηλότερον
1445 4115 1497 4146 τι
1562 4098 1749 4166 φαντά-

135 4177 359 4244 ζεσθαι,
413 4184 501 4230 καὶ
553 4187 664 4240 τοῖς
711 4177 857 4234 ἔνδον
905 4181 1187 4255 ὀφθαλμοῖς
1235 4183 1371 4236 αὐτὰ
1417 4187 1748 4236 κατοπτεύειν

133 4269 214 4328 ὡς
283 4273 558 4341 μυστήρια
619 4284 634 4298 ⁸
688 4277 840 4323 τοῦτο
919 4273 1018 4343 γάρ
1072 4271 1185 4324 ἐστι
1254 4276 1312 4326 τὸ
1393 4281 1750 4345 πνευματικῶς

129 4376 300 4409 νοειν.

214 4445 359 4499 Ἀλλ’
395 4476 455 4485 -
485 4446 659 4502 αὐτὸν.
688 4452 765 4500 Οὔ
800 4454 952 4522 μόνον
979 4455 1067 4509 τὴν
1092 4455 1406 4522 πρόγνωσιν,
1437 4449 1564 4503 ἀλλά
1589 4454 1751 4503 καὶτὸ

1866 3376 2406 3432 vocatintellectum
2425 3373 2796 3445 spiritualem
2811 3389 3012 3429 eorum
3029 3387 3164 3445 quae
3180 3371 3334 3428 dicta
3348 3377 3518 3438 sunt;

1864 3466 2131 3521 similiter
2161 3471 2216 3520 et
2245 3481 2508 3527 carnem,
2539 3463 2864 3532 intelligere
2897 3480 2966 3518 ea
3005 3461 3318 3517 carnaliter
3351 3476 3363 3514 :
3398 3475 3522 3516 non

1860 3555 2020 3610 enim
2052 3555 2126 3610 de
2149 3570 2325 3610 carne
2343 3553 2702 3625 ipsius,qu&3
2723 3552 2996 3617 viviﬁcat,
3016 3566 3173 3606 nunc
3203 3566 3398 3606 sermo
3411 3553 3518 3604 est.

1858 3645 1950 3700 Ait
2007 3660 2148 3714 ergo
2200 3661 2211 3698 :
2275 3644 2407 3697 Haec
2483 3641 2864 3712 spiritualiter
2915 3639 3259 3710 intelligere,
3338 3637 3520 3694 vitam

1859 3734 2100 3806 praebet,
2133 3748 2311 3804 quam
2346 3748 2529 3803 supra
2547 3731 2668 3786 dixi
2704 3753 2714 3783 :
2742 3729 3052 3786 carnaliter
3085 3745 3222 3784 vero
3255 3743 3328 3784 ea
3352 3727 3523 3782 intel-

1857 3825 2036 3893 ligere
2059 3839 2177 3878 non
2207 3821 2450 3894 prodest
2490 3820 2850 3892 quidquam.

1930 3913 2087 3968 Vers.
2121 3913 2208 3966 63.
2257 3911 2439 3966 Verba
2483 3941 2549 3949 —
2596 3916 2752 3964 sunt.
2799 3907 3136 3980 Spiritualia
3184 3911 3240 3962 et
3285 3905 3524 3962 vivifica

1859 4007 1994 4055 sunt
2027 4017 2039 4054 :
2073 4004 2304 4070 Oportet
2334 4014 2592 4069 namque
2652 4014 2772 4053 non
2805 3995 3150 4068 simpliciter
3180 4011 3250 4050 ea
3285 3995 3520 4060 intueri,

1858 4090 1913 4158 id
1943 4089 2096 4142 enim
2146 4093 2235 4141 est
2262 4087 2573 4141 carnaliter
2614 4086 2957 4154 intelligere,
3007 4085 3110 4138 sed
3143 4083 3304 4138 aliud
3352 4083 3512 4154 quid

1860 4175 2439 4247 piamimaginari,et
2465 4174 2850 4228 interioribus
2881 4172 3069 4228 oculis
3122 4188 3191 4226 ca
3228 4172 3519 4242 aspicere,

1861 4273 2144 4336 tanquam
2189 4263 2490 4335 mysteria,
2544 4279 2683 4316 nam
2735 4262 2847 4316 hoc
2882 4266 2972 4316 est
3024 4259 3408 4332 spiritualiter
3439 4260 3524 4314 in-

1862 4352 2136 4408 tellinere.

1884 4368 2136 4423 etugere.

1934 4442 2099 4498 Vers.
2130 4441 2217 4496 64.
2235 4441 2351 4498 Sed
2370 4471 2437 4480 —-
2463 4439 2666 4511 ipsum.
2694 4441 2816 4494 Non
2841 4437 3038 4492 solum
3064 4433 3521 4508 priescienliam,

131 4534 456 4598 ἀνεξίκακον
487 4535 647 4589 αὐτοῦ
680 4533 962 4605 δείκνυσιν,
996 4541 1076 4592 ὅτι
1106 4539 1200 4592 ούκ
1227 4538 1326 4592 ἀπὸ
1353 4547 1444 4592 τοῦ
1469 4541 1752 4610 γογγύσαι,

1876 4532 1970 4588 sed
2017 4537 2074 4588 et
2121 4531 2499 4586 clementiam
2562 4544 2736 4583 suam
2789 4525 3047 4582 ostendit
3105 4544 3122 4578 :
3154 4523 3298 4606 quia
3341 4539 3460 4578 non
3489 4540 3525 4580 a

141 4623 257 4640 ’κῆν

130 4623 257 4677 ἀλλ’
290 4622 345 4685 ἐξ
376 4621 551 4697 ἀρχῆς
576 4644 665 4678 και
694 4627 884 4680 ἄνωθεν
914 4626 1177 4700 ἐγίνωσκε,
1221 4633 1310 4680 καὶ
1341 4631 1460 4690 τοὺς
1491 4631 1752 4680 πιστεύον⁸

129 4733 241 4774 τας
286 4716 380 4764 καὶ
427 4716 547 4774 τοὺς
583 4719 654 4787 μή
687 4719 1042 4786 πιστεύοντας,
1070 4722 1160 4770 καὶ
1191 4719 1328 4790 ὅμως
1358 4725 1536 4779 κοινῶς
1564 4719 1757 4778 πάντας

125 4796 430 4857 ἐδίδασκε.

216 4895 327 4944 Καὶ
360 4922 428 4931 -
455 4910 575 4963 μου.
609 4895 705 4945 Διά
747 4902 921 4961 τοῦτο,
982 4902 1128 4948 ποῖον
1191 4913 1204 4962 ;
1238 4898 1334 4949 Διά
1360 4898 1418 4948 τὸ
1455 4893 1583 4948 εἷναί
1614 4915 1758 4957 τινας

127 4980 187 5034 οἱ
232 4980 298 5032 ού
329 4984 662 5037 πιστεύουσι.
697 4991 930 5056 Συνεχῶς
979 4982 1038 5037 δὲ
1062 4989 1270 5059 Πατέρα
1295 4985 1479 5037 ἑαυτοῦ
1510 4988 1594 5036 τὸν
1628 4993 1756 5037 Θεον

125 5069 419 5142 ὀνομάζει,
461 5066 736 5125 διδάσκων
767 5075 847 5125 ὅτι
893 5073 988 5126 ούκ
1011 5076 1152 5128 ἐστιν
1179 5077 1288 5135 υἱὸς
1325 5082 1418 5126 τοῦ
1445 5076 1660 5146 Ἰωσὴφ,
1694 5076 1758 5134 ὡς

121 5158 331 5212 habet
361 5161 544 5230 ᾤοντο.

1863 4628 2133 4694 tempore
2159 4637 2276 4693 quo
2311 4634 2684 4675 murmurare
2731 4619 3056 4687 coeperunt,
3109 4604 3314 4668 verum
3347 4613 3526 4669 etiam

1866 4712 1944 4768 ab
1971 4711 2134 4766 initio
2190 4708 2595 4779 cognoscebat
2649 4706 2956 4762 credentes
3001 4711 3056 4760 et
3087 4708 3285 4760 tamen
3319 4718 3528 4759 omnes

1865 4802 2084 4875 pariter
2110 4799 2385 4855 docebat.

1937 4891 2100 4946 Vers.
2131 4891 2216 4945 65.
2251 4890 2323 4943 Et
2371 4919 2439 4929 —
2486 4901 2633 4944 meo.
2662 4886 3001 4956 Propterea,
3065 4883 3208 4956 quia
3269 4883 3532 4938 videlicet

1867 4987 2004 5037 sunt
2041 4979 2313 5050 quidam,
2354 4978 2452 5051 qui
2495 4992 2614 5032 uon
2667 4974 2929 5032 credunt.
2987 4973 3276 5028 Continue
3330 4977 3531 5027 autem

1871 5074 2054 5126 Deum
2090 5072 2322 5124 Patrem
2357 5083 2534 5122 suum
2578 5066 2866 5132 nominat,
2909 5065 3156 5129 docens,
3204 5061 3371 5134 quod
3412 5076 3531 5116 non

1873 5160 1947 5215 sit
1967 5159 2121 5214 ﬁlius
2145 5158 2387 5230 Joseph,
2423 5157 2577 5212 sicut
2606 5154 2688 5210 illi
2721 5153 3034 5226 putabant.

1374 5340 1595 5411 Variae
1635 5339 1962 5411 lectiones
1995 5348 2060 5407 et
2089 5347 2294 5406 notae.

200 5500 323 5576 (77)
350 5498 526 5558 Extra
553 5516 873 5560 numerum
919 5501 1238 5560 duodecim
1261 5507 1315 5559 et
1346 5500 1754 5576 septuaginta,

1876 5521 1906 5553 ν
1938 5500 2223 5572 τάξειμαθη
2238 5505 2338 5551 τῶν
2376 5495 2746 5556 ἠκολούθησαν
2779 5496 2946 5566 αὐτῷ.

217 5681 354 5755 (yy)
392 5681 773 5738 Convenienti
803 5689 1056 5754 tempore
1082 5683 1440 5741 remansisse.
1473 5682 1848 5740 Conveniens
1897 5686 2125 5753 tempus
2158 5681 2526 5751 exspectare.

447 5779 663 5835 ΡΑτῆοι
697 5783 795 5836 Gn.
841 5782 1088 5840 CXXIX.

2947 5767 3016 5840 46
