4038 6226
176 254 294 318 ίεὶϐί

1105 241 1108 244 ’
1163 248 1531 316 COMMENT.
1578 247 2040 328 ιΝξλοΑΝΝΕλιι.
2083 289 2150 297 -
2191 255 2342 312 CAP.
2393 251 2505 313 vn.

3391 254 3534 315 4962

173 391 266 463 γὰρ
313 389 584 460 οῐνθρωπος
632 386 966 440 ὑπεστέλλετο
1012 393 1122 454 νῦν,
1171 384 1229 438 ού
1269 387 1462 457 φεύγων
1501 386 1585 436 τὸν
1619 385 1768 436 θάνα-

1919 382 2284 452 vangelista:
2329 399 2471 440 nam
2503 381 2656 439 sicut
2682 380 2860 438 homo
2895 395 3056 440 nunc
3085 364 3382 457 formidat,
3412 399 3536 442 non

176 497 270 542 τον,
309 477 434 529 ἀλλά
465 473 767 550 φειδόμενος
795 485 894 529 τῶν
934 479 1140 548 φονέων,
1171 479 1256 526 καὶ
1290 476 1369 526 ὅτι
1404 477 1546 526 οὔπω
1589 478 1770 547 καιρὸς

180 564 235 624 ἧν
265 575 352 620 τού
381 568 581 627 πάθους
603 566 782 619 αὐτοῦ.
810 561 958 617 Ἔδει
985 566 1086 636 γὰρ
1117 563 1272 615 αὐτὸν
1297 566 1420 614 ποτε
1450 567 1538 636 μὲν
1561 565 1628 626 ὡς
1650 567 1770 616 Θεὸν

179 661 336 728 μένειν
362 655 670 730 ἀχείρωτον,
695 658 817 707 ποτε
839 651 898 707 δὲ
929 656 997 716 ὡς
1029 655 1294 727 ἄνθρωπον
1325 654 1618 724 ὑποχωρεῖν
1639 652 1774 704 οἰκο-

179 753 406 818 νομικῶς.

244 921 337 974 Ἤν
388 952 446 961 --
509 925 862 993 Σχηνοπηγία.
916 921 1056 979 Αὕτη
1115 920 1393 994 ἐωρτάζετο
1450 919 1518 982 εἰς
1568 923 1774 990 μνήμην

606 1011 723 1064 καθ’
803 1010 862 1068 ἣν
947 1012 972 1062 ὁ
1041 1017 1274 1070 Μωύσῆς
1341 1007 1493 1070 ἔπηξε
1578 1016 1777 1080 πρῶτον

1143 1107 1234 1150 τού
1319 1096 1557 1154 Βεσελεὴλ
1642 1098 1778 1148 Θείαν

180 1020 268 1071 τῆς
318 1013 531 1084 ἡμέρας,

177 1106 265 1158 τὴν
347 1102 864 1153 κατασκευασθεῖσαν
949 1101 1049 1152 ύπὸ

180 1194 386 1247 σκηνήν.

248 1274 398 1331 Εἶπον
427 1309 486 1318 --
517 1277 699 1332 αύτού.
726 1280 793 1330 Οἱ
814 1284 906 1330 τοῦ
934 1278 1130 1348 Ἰωσὴφ
1155 1279 1281 1341 υἱοὶ,
1306 1283 1395 1328 τοῦ
1422 1277 1559 1328 θέσει
1589 1278 1782 1348 πατρὸς

185 1367 358 1420 αὐτοῦ.

250 1454 517 1514 Μετάϐηθι
561 1486 628 1496 -
673 1463 858 1516 ποιεῖς.
911 1461 1326 1529 ιίροσποιοῦνται
1359 1455 1449 1526 μὲν
1493 1452 1569 1505 ἐπ’
1602 1451 1782 1525 ἀγαθῷ

190 1544 568 1618 συμϐουλεύειν,
624 1546 691 1606 ὡς
746 1551 1007 1615 συγγενεῖς
1075 1540 1234 1601 δῆθεν
1295 1549 1383 1594 καὶ
1452 1542 1777 1594 οἰκειότατοι·

187 1638 372 1696 σγοπὸς
404 1630 462 1685 δὲ
504 1634 677 1693 αὐτοῖς
725 1637 969 1706 πονηρὸς,
1005 1631 1059 1684 ἐκ
1093 1635 1280 1703 φθόνου
1311 1634 1536 1702 τεχθεὶς.
1589 1638 1784 1704 Πειρνίι-

1881 477 2134 527 mortem
2168 471 2418 544 fugiens,
2466 472 2570 527 sed
2613 470 2933 527 homicidis
2985 488 3253 543 parcens,
3306 477 3363 528 et.
3391 473 3540 546 quia

1883 567 2117 632 tempus
2137 578 2256 616 sua:
2277 561 2569 633 passionis
2584 561 2850 616 nondum
2874 561 3215 618 advenerat.
3241 564 3537 636 Siquidem

1881 650 2335 722 oportebateum
2350 650 2644 706 interdum
2662 649 2898 722 quidem
2918 661 3154 706 manere
3172 651 3542 723 inexpugna-

1883 739 2075 806 bilem,
2111 742 2312 809 utpote
2339 739 2544 804 Deum,
2572 739 2939 812 quandoque
2961 755 3102 796 vero
3127 745 3412 813 tanquam
3436 742 3541 798 ho-

1887 829 2111 883 minem
2143 828 2584 899 dispensatorie
2615 827 2842 884 cedere.

1956 918 2122 972 Vers.
2155 920 2214 972 2.
2241 918 2391 973 Erat
2412 916 2856 988 —Scenopegia.
2894 919 3027 972 Hzec
3049 917 3458 974 celebrabatur
3479 919 3539 975 in

1888 1006 2240 1062 memoriam
2285 1006 2423 1074 diei,
2456 1023 2573 1078 quo
2604 1007 2864 1077 primum
2906 1006 3096 1062 Moses
3122 1007 3392 1064 divinum
3418 1009 3543 1064 ﬁxit

1890 1095 2236 1164 tentorium,
2269 1095 2432 1168 quod
2465 1113 2500 1152 a
2532 1095 2785 1150 Beseleel
2823 1095 3185 1152 fabricatum
3220 1101 3324 1152 est.

1964 1275 2126 1331 Vers.
2184 1274 2236 1329 3.
2288 1274 2585 1331 Dixerunt
2624 1304 2692 1312 -—
2743 1275 2892 1344 ejus.
2959 1273 3082 1329 Filii
3137 1273 3379 1347 Joseph,
3435 1272 3541 1347 qui

1891 1363 2211 1434 adoptione
2250 1369 2419 1434 pater
2448 1363 2576 1433 ejus
2603 1367 2749 1418 erat.

1963 1450 2126 1505 Vers.
2161 1455 2210 1506 3.
2255 1451 2458 1507 Transi
2487 1482 2553 1490 —
2571 1450 2741 1519 facis.
2771 1451 3024 1520 Fingunt
3060 1450 3298 1521 quidem
3327 1451 3543 1506 utiliter

1893 1540 2146 1595 suadere
2171 1545 2454 1611 tanquam
2479 1540 2713 1610 cognati
2749 1545 2803 1594 et
2832 1538 3007 1595 amici
3039 1539 3382 1603 familiares,
3407 1539 3541 1595 ﬁnis

1895 1645 2033 1684 vero
2078 1645 2283 1684 eorum
2332 1645 2548 1700 pravus
2580 1635 2720 1692 erat,
2770 1627 2847 1683 ab
2901 1627 3126 1684 invidia
3163 1628 3484 1700 procedens
3525 1645 3538 1686 :

183 1743 322 1796 μενοι
346 1725 442 1797 γὰρ
466 1729 777 1794 μεταγαγεῖν
803 1730 980 1773 τοῦτον
1011 1722 1074 1781 εἰς
1104 1724 1196 1778 τὴν
1228 1717 1492 1773 Ἰουδαίαν
1525 1722 1606 1772 ἵνα
1639 1719 1782 1771 ἀναι-

1913 1720 2262 1775 sonabantur
2311 1717 2606 1788 siquidem
2660 1717 2824 1772 illum
2855 1717 2912 1772 in
2944 1717 3213 1772 Judaaam
3245 1716 3539 1788 pellicere,

181 1814 300 1884 ρεθῇ
333 1814 472 1886 παρὰ
496 1820 594 1863 τῶν
620 1812 910 1872 ζητούντων
939 1809 1236 1862 ἀποκτεῖναι
1269 1809 1444 1874 αὐτὸν,
1473 1809 1784 1882 προϐάλλον-

183 1921 265 1954 ται
295 1904 350 1953 τὸ
383 1897 488 1952 δεῖν
521 1904 610 1952 καὶ
650 1903 770 1961 τούς
801 1898 964 1951 ἐκεῖσε
1004 1903 1153 1958 ὄντας
1182 1901 1420 1970 μαθητὰς
1467 1899 1639 1959 αὑτοῦ,
1670 1903 1786 1957 ἦτοι

182 1994 300 2051 τούς
349 1988 557 2061 ὄχλους,
605 1991 722 2048 τοὺς
770 1987 818 2039 ἐν
873 1985 1110 2060 Ἰουδαίᾳ
1165 1989 1551 2062 παρεπομένους
1623 1988 1784 2059 αύτῷ,

184 2081 382 2154 θεωρεῖν
421 2081 485 2130 τὰ
517 2085 712 2150 σημεῖα
743 2076 776 2128 ἃ
806 2085 964 2130 ποιεῖ.

253 2253 439 2316 Οὐδεὶς
485 2285 548 2295 -
601 2252 748 2311 εἶναι.
801 2258 944 2308 Κατὰ
991 2257 1080 2327 μὲν
1129 2257 1186 2306 τὸ
1232 2259 1527 2328 προχείρως
1569 2256 1783 2326 νοούμε-

182 2366 262 2398 νον
297 2342 517 2397 δοκοῡσι
545 2345 883 2416 παρακνίζειν
914 2343 1068 2395 αὐτὸν
1097 2344 1176 2394 ἱνα
1205 2342 1401 2416 μεταϐῇ
1434 2361 1446 2373 ’
1475 2347 1610 2395 κατὰ
1641 2341 1700 2396 δι
1728 2347 1784 2396 τὸ

188 2434 472 2508 βαθύτερον
527 2433 984 2497 ἀποσκώπτουσιν,
1035 2435 1098 2492 ὡς
1144 2429 1308 2484 δειλὸν
1348 2433 1457 2504 οἶμα
1503 2438 1591 2484 καὶ
1643 2433 1787 2505 φιλό-

186 2521 354 2585 δοξον.
387 2526 457 2575 Τὸ
488 2525 576 2595 μὲν
605 2524 708 2595 γὰρ
758 2520 805 2573 ἐν
836 2529 1048 2594 ⁴ιιηουπτῷ
1092 2541 1142 2572 τι
1191 2529 1353 2573 ποιεῖν
1399 2519 1592 2587 δειλοῦ,
1638 2526 1695 2574 τὸ
1729 2519 1787 2575 δὲ

188 2613 358 2673 ζητεῖν
392 2610 440 2662 ἐν
485 2610 757 2685 παρρησίᾳ
803 2607 949 2680 εἶναι,
999 2614 1116 2668 ἤτοι
1160 2614 1390 2685 φανερὸν,
1447 2609 1784 2676 nmmos,

187 2697 479 2773 φιλοδόξου.

263 2879 321 2932 Εἰ
349 2909 416 2918 -
445 2882 646 2950 κὸσμῷ.
678 2876 736 2928 Εἰ
765 2884 930 2928 ταῦτα
961 2877 1026 2928 τὰ
1049 2883 1237 2949 σημεῖα
1264 2884 1442 2938 ποιεῖς,
1474 2882 1562 2929 καὶ
1588 2877 1644 2928 ού
1668 2898 1792 2949 φαν-

183 2969 378 3030 τάζεις,
418 2971 708 3039 φανέρωσον
736 2969 952 3018 σεαυτὸν
970 2971 1129 3018 πᾶσιν
1154 2962 1448 3026 Ἰουδαίοις.
1471 2965 1790 3019 ’Υπωπτευον

184 3059 286 3132 γὰρ
319 3061 408 3108 καὶ
440 3055 550 3126 (81)
584 3057 649 3107 τὰ
680 3063 872 3127 σημεῖα
901 3056 969 3117 ὡς
997 3059 1303 3126 φαντασίαν,

251 3233 410 3293 Δῆλον
459 3229 546 3285 οὖν
599 3234 827 3284 ἐντεῦθεν
886 3234 962 3284 ὅτι
1013 3239 1206 3304 σημεῖα
1263 3233 1478 3291 ἐποίησε
1534 3234 1701 3294 κάκεῖ,
1760 3234 1794 3286 ἂ

177 3325 349 3376 πάντα
378 3317 707 3394 παρέδραμεν
751 3322 776 3373 ὁ
822 3322 1081 3386 Ἰωάννης,
1117 3324 1288 3395 ὥσπερ
1323 3329 1411 3376 καὶ
1442 3323 1569 3375 ἄλλα
1609 3325 1789 3379 πολλὰ,

180 3407 423 3462 σπεύδων
455 3409 643 3480 μᾶλλον
694 3407 776 3461 ἐπὶ
815 3413 881 3461 τὰ
910 3414 1125 3483 φέροντα
1163 3411 1306 3474 ξένην
1353 3417 1466 3464 τινὰ
1518 3409 1791 3484 διήγησιν,

181 3504 272 3551 καὶ
305 3499 373 3549 ὧν
410 3499 458 3550 οἱ
487 3498 632 3550 ἄλλοι
679 3497 773 3550 οὐκ
814 3497 1234 3569 ἕπεμνὰσθησαν.
1288 3498 1412 3554 Εἶτα
1455 3501 1589 3574 λέγει
1619 3508 1704 3554 καὶ
1738 3507 1794 3555 τὸ

188 3593 354 3640 αἱίον
385 3596 480 3649 τῆς
509 3590 750 3648 τοιαύτης
780 3589 1027 3658 ὑποψίας.

254 3763 398 3820 Οᾶδε
447 3797 508 3806 ——-
549 3765 720 3817 αὑτὸν.
777 3763 910 3818 Οὐδ’
970 3765 1115 3818 αὐτοὶ
1175 3769 1443 3820 ἐπίστευον
1498 3770 1566 3831 εἰς
1623 3772 1791 3837 αὖτὸν,

187 3859 257 3916 ως
297 3856 367 3917 εἰς
415 3861 564 3909 Θεὸν.
597 3855 732 3909 Ἀλλ’
775 3857 912 3928 ὅμως
956 3858 1004 3908 οἱ
1050 3863 1136 3907 νύν
1182 3865 1407 3909 τοιοῦτοι
1449 3859 1664 3929 μεγάλοι
1705 3880 1795 3930 γε-

181 3950 400 4015 γόνασιν
429 3945 667 4016 ύττερον,
708 3949 797 3995 καὶ
839 3943 1000 3996 πολλὰ
1029 3947 1170 4017 παρὰ
1219 3945 1411 3998 πολλῶν
1463 3948 1587 4020 ὑπὲρ
1637 3949 1796 4000 αὑτοῦ

184 4034 530 4098 πεπόνθασιν,
565 4031 804 4094 Ἰάκωϐος
850 4039 938 4084 καὶ
971 4030 1193 4094 Ἰούδας.
1235 4039 1295 4087 Τί
1334 4031 1420 4086 οὖν
1462 4037 1486 4086 ὁ
1530 4038 1622 4096 τὰς
1670 4057 1791 4109 καρο

177 4119 308 4184 δίας
366 4121 534 4172 αὐτῶν
581 4117 766 4187 εἰδώς
799 4123 909 4174 Ούκ
950 4123 1152 4195 ἤλεγξεν
1194 4124 1381 4185 αὐτούς
1422 4129 1678 4199 πονηρούς
1707 4131 1795 4178 καὶ

179 4208 514 4277 ἐπιϐούλους,
570 4207 695 4261 ἀλλα
747 4213 1096 4286 μακροθύμως
1149 4211 1481 4287 ἀποκρίνεται
1527 4217 1656 4289 πρὸς
1709 4219 1794 4266 τὸν

181 4303 388 4351 σκοπὸν
417 4298 608 4355 αὐτῶν,

251 4391 414 4457 Λέγει
443 4418 510 4428 -
537 4389 807 4462 πάρεστιν.
836 4388 896 4441 Ὀ
921 4393 1098 4465 καιρὸς
1136 4392 1161 4442 ὁ
1202 4389 1334 4463 ἐμὸς,
1369 4393 1394 4442 ὁ
1435 4400 1524 4444 τού
1561 4392 1794 4446 ἀπελθεῖν

170 4496 242 4550 με
283 4477 362 4538 εἰς
398 4480 492 4534 τὴν
527 4473 790 4529 Ἰουδαίαν
829 4477 1311 4554 ἀναιρεθησὸμενον,
1350 4484 1412 4542 ὡς
1444 4479 1790 4551 σπουδάζετε,

172 4569 332 4619 οὔπω
375 4567 600 4639 πάρεστι
633 4583 644 4595 '
680 4571 730 4618 τί
779 4585 842 4639 με
888 4574 1210 4641 κατεπείγετε
1258 4574 1357 4644 πρὸ
1409 4578 1498 4623 τοῦ
1555 4575 1792 4625 τοιούτου

169 4661 376 4730 καιροῦ
398 4669 411 4719 ;

245 4741 312 4794 ⁸0
383 4738 442 4794 cf“:
487 4746 669 4819 καιρὸς
719 4775 788 4787 -
838 4747 1059 4820 ἕτοιμος.
1119 4754 1178 4800 Ὁ
1237 4753 1417 4824 καιρὸς
1470 4751 1494 4801 ὁ
1552 4752 1792 4826 ὑμέτερος

166 4831 198 4882 ὁ
229 4837 336 4883 τοῦ
371 4829 605 4884 ἀπελθεῖν
647 4835 783 4906 ὑμᾶς
830 4835 903 4898 εἰς
941 4841 1035 4896 τὴν
1073 4834 1340 4890 Ἰουδαίαν
1391 4841 1608 4891 πάντοτέ
1655 4839 1794 4892 ἐστιν

163 4918 437 4993 εὐχερής.
499 4919 646 4994 Ἐμοὶ
701 4926 792 4995 μὲν
846 4928 947 5000 γὰρ
1001 4923 1275 5000 ἐμποδίζει
1341 4931 1398 4980 τὸ
1448 4934 1606 5000 μήπω
1663 4949 1794 5003 παρ-

161 5014 306 5061 εῖναι
345 5007 502 5062 αὐτόν
534 5025 550 5041 ⁶
582 5012 704 5084 ύμῖν
753 5009 814 5066 δε
859 5011 1031 5082 ούδεν,
1091 5025 1476 5091 συμφρονοῦσιν
1524 5015 1632 5077 ἤδη
1687 5026 1792 5080 τοῖς

160 5092 493 5162 Ἰουδαίοις.

1897 1813 1956 1864 ut
1985 1808 2062 1863 ab
2102 1807 2212 1862 illis
2243 1806 2628 1872 occideretur,
2663 1806 2765 1878 qui
2789 1823 2924 1860 eum
2958 1806 3301 1878 quaarebant
3331 1804 3546 1861 interﬁ-

1895 1913 2045 1953 cere.
2086 1898 2338 1952 Causam
2359 1901 2558 1951 autem
2593 1894 3015 1968 praetexebant,
3053 1895 3216 1966 quod
3247 1899 3547 1966 oporteret

1893 1985 2218 2058 discipulos
2248 2000 2491 2057 quoque
2523 1985 2671 2055 ejus,
2701 1985 2802 2056 qui
2834 1984 2913 2038 ibi
2942 1991 3128 2050 erant,
3165 1984 3288 2039 sive
3321 1985 3543 2050 turbas,

1892 2091 2028 2147 quae
2064 2073 2224 2129 illum
2276 2075 2335 2128 in
2380 2073 2589 2128 Judtea
2628 2073 3053 2145 sequebantur,
3104 2073 3319 2129 intueri
3351 2074 3542 2144 signa,

1891 2180 2025 2235 quae
2055 2162 2180 2234 ipse
2207 2161 2424 2217 ederet.

1963 2252 2127 2307 Vers.
2176 2253 2229 2305 4.
2264 2251 2438 2306 Nemo
2479 2281 2546 2294 -
2589 2265 2724 2306 esse.
2767 2251 2946 2304 Juxta
2992 2249 3320 2306 faciliorem
3382 2248 3546 2305 intel-

1893 2341 2112 2397 lectum
2147 2344 2200 2394 et
2229 2339 2332 2411 qui
2360 2339 2418 2394 in
2449 2345 2731 2410 promptu
2759 2343 2864 2404 est,
2887 2338 3165 2394 videntur
3194 2337 3362 2393 illum
3409 2338 3551 2393 inci-

1894 2435 2017 2486 tare
2044 2435 2101 2483 ut
2143 2433 2399 2484 transeat
2429 2444 2442 2493 ;
2467 2427 2637 2498 juxta
2680 2427 3124 2498 profundiorem
3153 2443 3312 2493 vero,
3349 2443 3553 2482 scom-

1897 2522 2058 2571 mata
2087 2517 2146 2570 in
2179 2517 2652 2585 eumjaciebant,
2678 2522 2966 2587 tanquam
2999 2515 3053 2570 in
3075 2515 3346 2571 timidum
3375 2514 3553 2570 simul

1895 2611 1949 2660 et
1979 2605 2177 2675 gloriae
2209 2605 2516 2676 cupidum.
2571 2605 2877 2676 Siquidem
2929 2605 2989 2658 in
3030 2605 3261 2660 occulto
3309 2605 3553 2676 quidem

1897 2695 2200 2766 quidpiam
2225 2694 2434 2759 facere,
2456 2694 2643 2748 timidi
2677 2699 2762 2749 est
2791 2710 2802 2746 :
2841 2710 3104 2764 quaerere
3134 2699 3332 2750 autem
3362 2695 3553 2764 palam

1897 2801 2048 2854 esse,
2066 2785 2184 2838 sive
2197 2783 2469 2838 manifest
2482 2799 2576 2836 um
2594 2787 2648 2837 et
2662 2781 3012 2851 gloriosum,
3029 2781 3226 2851 gloriae
3239 2782 3554 2853 cupidiest.

1969 2873 2132 2928 Vers.
2188 2874 2240 2924 4.
2295 2872 2360 2927 Si
2406 2903 2473 2910 —
2517 2872 2754 2926 mundo.
2800 2870 2853 2925 Si
2909 2871 3036 2925 haec
3091 2871 3263 2941 signa
3308 2885 3445 2925 vere
3501 2875 3558 2926 et

1901 2978 2020 3018 non
2059 2966 2411 3034 apparenter
2439 2959 2600 3026 facis,
2635 2959 2949 3014 manifesta
2981 2959 3238 3032 teipsum
3274 2959 3557 3015 omnibus

1831 3060 1870 3115 (ζ
1900 3051 2144 3107 Judaeis.
2177 3051 2647 3122 Suspicabantur
2667 3065 2929 3122 namque
2951 3049 3124 3121 signa
3153 3049 3282 3105 haec
3307 3049 3560 3122 phanta-

1903 3140 2041 3196 stice
2069 3140 2213 3195 ﬁeri.

1974 3231 2116 3285 Hinc
2137 3246 2279 3298 ergo
2313 3228 2686 3284 manifestum
2728 3233 2833 3294 est,
2862 3228 3024 3300 quod
3056 3229 3233 3284 etiam
3270 3227 3349 3283 ibi
3381 3227 3559 3283 mira-

1905 3323 2040 3375 cula
2098 3318 2365 3382 ediderit,
2421 3335 2554 3389 quae
2609 3319 2812 3373 omnia
2851 3317 3245 3389 praetercurrit
3273 3318 3557 3383 Joannes,

1904 3407 2417 3481 quemadmodum
2451 3408 2567 3463 alia
2595 3406 2790 3476 multa,
2825 3406 3110 3461 festinans
3160 3405 3350 3477 magis
3380 3405 3456 3460 ad
3488 3421 3560 3462 ea

1906 3514 2035 3572 qua:
2093 3513 2313 3553 novam
2347 3495 2608 3567 aliquam
2665 3495 2988 3551 afferebant
3045 3495 3470 3562 narrationem,
3504 3501 3560 3549 et

1905 3603 2162 3659 quorum
2202 3585 2297 3641 alii
2343 3585 2566 3640 nullam
2610 3584 2870 3640 fecerant
2925 3585 3304 3640 mentionem.
3341 3583 3560 3640 Deinde

1908 3693 2150 3732 causam
2177 3675 2354 3730 etiam
2394 3674 2535 3729 dicit
2565 3675 2695 3730 talis
2727 3675 3094 3747 suspicionis.

1979 3765 2139 3820 Vers.
2191 3766 2242 3819 5.
2276 3766 2465 3836 Neque
2489 3798 2554 3806 —
2598 3781 2743 3820 eum.
2777 3767 2974 3835 Neque
3006 3763 3115 3836 ipsi
3146 3763 3470 3819 credebant
3497 3762 3562 3818 in

1907 3871 2066 3923 eum,
2101 3860 2388 3926 tanquam
2423 3856 2478 3909 in
2514 3858 2717 3910 Deum.
2757 3857 3030 3910 Attamen
3059 3854 3393 3926 biquitunc
3419 3852 3561 3910 tales

1907 3951 2092 4009 erant,
2122 3944 2325 4012 magni
2358 3944 2748 4013 postmodum
2781 3943 2970 3997 eﬂecti
3004 3948 3160 4010 sunt,
3191 3943 3498 4014 multaque
3530 3960 3562 3996 a

1907 4033 2108 4087 multis
2134 4048 2241 4102 pro
2261 4031 2356 4085 illo
2379 4033 2538 4101 passi
2559 4039 2714 4092 sunt.
2733 4031 3335 4086 Jacobusvidelicetet
3352 4031 3557 4086 Judas.

1906 4121 2052 4187 Quid
2089 4137 2229 4189 ergo
2255 4122 2322 4187 is,
2362 4121 2464 4191 qui
2494 4137 2702 4175 eorum
2747 4120 2931 4174 corda
2973 4121 3270 4174 noverat?
3299 4120 3425 4173 Non
3473 4134 3559 4173 re-

1905 4209 2214 4282 prehendit
2246 4209 2394 4279 illos,
2421 4215 2708 4280 tanquam
2738 4208 2927 4262 malos
2947 4214 3001 4262 et
3032 4208 3428 4270 insidiatores,
3455 4207 3558 4261 sed

1906 4300 2195 4370 patienter
2222 4298 2546 4369 respondet
2591 4298 2667 4352 ad
2699 4297 3087 4352 intentionem
3122 4296 3412 4367 ipsorum.

1977 4391 2133 4442 Vers.
2165 4393 2216 4441 6.
2247 4387 2350 4442 Αίι
2381 4418 2444 4428 -
2477 4387 2651 4442 adest.
2685 4389 2959 4456 Tempus,
3014 4400 3133 4456 quo
3165 4383 3457 4445 convenit,
3499 4389 3559 4439 ut

1904 4494 2014 4548 ego
2033 4478 2090 4532 in
2105 4478 2372 4532 Judaeum
2390 4478 2605 4530 vadam
2627 4475 2910 4530 occidend
2926 4473 3089 4538 us,ad
3105 4474 3263 4545 quod
3281 4489 3382 4528 vos
3398 4473 3560 4528 labo-

1902 4567 2068 4630 ratis,
2102 4568 2372 4621 nondum
2395 4566 2562 4620 adest
2597 4582 2608 4620 :
2645 4564 2787 4636 quid
2827 4580 2917 4617 me
2953 4563 3170 4632 urgetis
3194 4569 3330 4618 ante
3358 4563 3561 4633 hujus-

1905 4656 2071 4713 modi
2101 4662 2340 4727 tempus
2372 4654 2400 4708 ’ἲ

1973 4749 2134 4802 Vers.
2159 4747 2213 4799 6.
2255 4746 2498 4813 Tempus
2521 4751 2711 4800 autem
2732 4774 2799 4783 -
2818 4748 3124 4811 paralum.
3159 4745 3414 4813 Tempus
3438 4757 3560 4813 quo

1904 4852 2006 4892 vos
2045 4837 2104 4890 in
2147 4835 2419 4889 Iudaeam
2463 4833 2708 4896 abeatis,
2761 4848 3001 4904 semper
3028 4832 3083 4886 in
3133 4837 3416 4902 promptu
3453 4835 3561 4894 est,

1906 4925 2050 4982 mihi
2066 4924 2497 4996 impedimento
2516 4928 2603 4977 est
2621 4928 2876 4993 tempus,
2891 4921 3056 4994 quod
3075 4921 3347 4976 nondum
3361 4921 3559 4977 adest:

1903 5015 2074 5072 vobis
2098 5017 2299 5072 autem
2332 5013 2476 5069 nihil
2518 5017 2605 5068 est
2630 5011 3081 5084 impedimento,
3113 5027 3253 5066 cum
3279 5010 3408 5082 jam
3443 5025 3564 5067 una

1906 5122 2035 5164 cum
2063 5105 2283 5162 Judteis
2313 5103 2598 5162 sentiatis.

1428 5285 1651 5355 Variae
1678 5286 2011 5356 lectiones
2044 5296 2332 5354 etnotae.

161 5488 459 5574 pudiayit
470 5490 964 5574 Theophylactus.
980 5495 1229 5574 Flumen
1238 5499 1526 5574 orationis
1541 5501 1634 5557 hic
1647 5503 1802 5559 abri-

158 5562 315 5693 ﬁuit
334 5562 854 5648 Cbrysostdmum,
871 5567 1189 5642 deceptum
1205 5570 1454 5653 fortasse
1467 5572 1602 5656 loco
1621 5575 1800 5657 simili

232 5649 366 5694 arc.
405 5651 484 5694 v1.
514 5635 570 5690 5.
602 5634 847 5694 Larmor
893 5646 1048 5694 certe
1079 5646 1205 5694 erat
1244 5642 1479 5694 dicandl
1533 5653 1796 5694 materia-

353 5677 366 5692 .
405 5651 484 5706 v1,
514 5642 570 5690 5.
602 5642 847 5712 Largior
893 5646 1048 5700 certe
1079 5646 1205 5700 erat
1244 5642 1480 5702 dicendi
1531 5646 1798 5717 materia,

1911 5500 2282 5574 explicandis
2339 5499 2472 5566 illis,
2505 5499 2598 5554 ούκ
2629 5496 2769 5574 εἶχεν
2803 5499 3066 5566 ἐξουσίαν.

2007 5575 2094 5649 81)
2129 5579 2227 5630 Καὶ
2257 5575 2356 5649 γάρ
2387 5579 2443 5631 Β.
