4038 6226
547 241 685 298 1233

1874 234 2221 295 EUTHYMII
2265 232 2586 296 ZIGABENI

3721 230 3824 301 496$

621 372 779 425 Vers.
806 373 857 425 7.
886 368 1020 425 Non
1046 395 1116 407 —
1154 380 1273 421 vos.
1305 365 1513 434 Utpote
1551 362 1783 418 amicos
1816 381 1954 420 suos
1994 372 2051 421 et
2080 383 2194 422 una

2386 366 2463 421 Οὐ
2514 397 2578 407 -
2633 369 2786 439 ὑμᾶς.
2819 367 2901 429 Ὠς
2941 368 3113 440 φίλους
3143 369 3303 420 αὐτοῦ
3332 372 3416 419 καὶ
3463 369 3727 441 ὁμόφρονας.
3764 378 3827 423 Διὸ

549 474 754 515 secum
779 458 1099 513 sentientes
1127 452 1299 523 :quia
1321 468 1425 506 vos
1451 452 1523 505 ad
1550 467 1687 506 eum
1713 454 2019 508 acceditis.
2045 457 2203 510 Mun-

546 548 692 603 dum
724 551 922 603 autem
955 545 1114 608 dicit,
1141 542 1378 598 Judaeos
1403 541 1711 595 mundana
1738 542 2058 613 sapientes.

620 638 783 692 Vers.
830 641 886 691 7.
941 634 1030 689 Me
1073 664 1141 671 —
1172 632 1308 685 sint.
1344 630 1474 685 Mihi
1506 636 1707 684 autem
1762 632 2041 687 inimicus
2093 639 2198 697 est,

546 725 687 798 quia
714 740 824 794 ego
859 722 1110 779 ostendo
1146 718 1307 792 quod
1333 734 1515 790 Opera
1540 718 1669 789 ejus
1695 720 1851 773 mala
1876 721 1994 775 sint
2026 739 2037 776 :
2070 722 2202 777 ideo

545 828 657 883 ego
686 828 847 867 nunc
884 827 1007 866 non
1056 807 1277 865 accedo
1310 809 1385 862 ad
1441 809 1639 878 ipsum
1681 807 2064 877 occidendus,
2098 810 2200 865 sed

544 918 681 957 cum
713 907 947 972 tempus
981 898 1303 955 advenerit.
1340 896 1609 952 Ostendit
1638 912 1798 968 ergo,
1835 898 1998 968 quod
2031 898 2111 953 ob
2142 898 2200 952 id

545 992 743 1063 potius
772 989 1024 1046 oderant
1062 989 1257 1059 ipsum
1292 985 1505 1052 Judmi,
1538 985 1701 1056 quod
1744 985 1871 1040 illos
1907 992 2198 1055 argueret,

544 1095 892 1152 quanquam
918 1078 1032 1150 ipsi
1060 1076 1323 1132 dicerent
1346 1091 1407 1129 se
1439 1090 1574 1129 eum
1608 1074 1831 1139 odisse,
1865 1076 2027 1147 quod
2054 1076 2201 1145 legis

545 1172 949 1239 transgressor
990 1171 1162 1229 esset,
1216 1165 1452 1235 Deoque
1502 1163 1887 1230 contrarius;
1936 1170 1991 1220 et
2037 1165 2200 1237 quod

545 1273 667 1313 non
688 1257 881 1313 solum
902 1255 1232 1311 Sabbatum
1260 1253 1531 1316 solveret,
1556 1252 1659 1306 sed
1681 1258 1736 1307 et
1764 1254 1994 1308 Patrem
2022 1270 2197 1307 suum

545 1346 765 1402 diceret
792 1349 996 1410 Deum,
1031 1342 1321 1415 aequalem
1362 1358 1491 1395 sese
1541 1342 1767 1396 faciens
1795 1343 1911 1397 Deo
1944 1344 2013 1395 εί.

615 1438 697 1490 Tu
736 1451 867 1489 vero
901 1432 1040 1488 mihi
1085 1431 1409 1500 considera,
1445 1446 1629 1501 quam
1668 1440 1973 1485 mansuete
2008 1432 2201 1486 tulerit

542 1523 791 1580 fratrum
819 1522 1154 1586 consilium,
1192 1537 1313 1592 quo
1344 1519 1571 1574 insidiis
1626 1522 2035 1591 appetebatur.
2086 1524 2201 1576 Nos

542 1630 684 1669 vero
718 1629 834 1668 non
867 1612 966 1675 ita,
1010 1611 1113 1665 sed
1154 1610 1353 1665 statim
1398 1609 1786 1679 indignamur
1835 1626 1903 1663 ac
1951 1610 2200 1665 moleste

2312 457 2457 515 ὑμεῖς
2489 457 2709 527 ὑπάγετε
2737 457 2803 516 εὶς
2830 458 3002 511 αὐτόν.
3033 463 3239 530 Κόσμον
3260 459 3360 530 ’γὰρ
3389 456 3831 530 λέγειτουςκοσμικιι

2314 552 2621 615 φρονοῦντας
2653 542 2961 606 Ἰουδαίους.

2386 633 2503 703 Ἐμὲ
2560 666 2625 672 -
2698 633 2857 689 ἐστιν.
2917 636 3059 706 Ἐμοὶ
3118 632 3176 687 δε
3249 634 3523 708 ἐχθραίνει,
3580 632 3699 686 διότι
3760 637 3831 706 ἐγὼ

2313 719 2637 773 ἀποδεικνύω
2695 726 2773 774 ὁτι
2831 726 2895 774 τὰ
2975 728 3100 795 ἔργα
3163 724 3321 775 αὐτοῦ
3380 726 3567 796 πονηρά
3613 722 3724 775 ἐστι.
3772 730 3834 776 Διὸ

2312 809 2410 881 ἐγὼ
2451 811 2553 882 οὐχ
2605 812 2789 882 ὑπάγω
2835 813 2899 873 εἰς
2945 814 3055 883 (8'3)
3111 813 3264 864 αὐτὸν
3318 815 3451 887 ἄρτι,
3504 811 3835 884 ἀναιρεθησομ-

2311 918 2409 968 νος,
2463 898 2551 950 ἀλλ
2617 903 2695 952 ὅτε
2750 902 2988 973 ὁκαιρὸς
3033 903 3245 973 ἐπιστῇ.
3294 898 3513 963 Ἕδειξεν
3555 897 3633 951 οὖν
3676 902 3741 951 ὁτι
3771 898 3837 951 διὰ

2310 992 2368 1039 τὸ
2418 987 2647 1059 ἐλέγχειν
2697 994 2812 1050 τοὺς
2857 988 3150 1050 Ἰουδαίους
3196 989 3385 1061 μᾶλλον
3426 989 3654 1061 ἐμισεῖτο,
3701 990 3737 1039 εἰ
3772 994 3836 1039 καὶ

2311 1075 2492 1128 ἐκεῖνοι
2539 1078 2705 1149 ὒεγον
2749 1088 2920 1151 μισεῖν
2968 1080 3123 1131 αὐτὸν
3174 1083 3242 1139 ως
3286 1082 3570 1150 παράνομον
3617 1082 3695 1129 καὶ
3738 1076 3835 1130 ἀντί

2313 1167 2442 1228 θεον,
2502 1168 2580 1218 ὅτι
2637 1168 2695 1219 οὐ
2750 1174 2900 1239 μόνον
2955 1169 3067 1220 ἔλυε
3141 1173 3199 1219 τὸ
3274 1167 3547 1227 Σάϐϐατον,
3608 1166 3719 1218 ἀλλὰ
3774 1172 3839 1217 καὶ

2312 1260 2516 1329 Πατέρα
2554 1252 2689 1307 ἴδιον
2740 1256 2875 1327 ἔλεγε
2928 1261 3013 1309 τὸν
3069 1262 3216 1322 Θεὸν,
3265 1255 3374 1308 ἴσον
3425 1257 3594 1308 ἑαυτὸν
3622 1263 3753 1307 ποιῶν
3788 1262 3839 1323 τῷ

2311 1352 2445 1413 Θεῷ.

2383 1437 2447 1485 Σὺ
2482 1430 2541 1485 δέ
2577 1454 2667 1505 μοι
2700 1440 2882 1487 σκόπει
2914 1444 3018 1495 πῶς
3063 1438 3239 1508 πράως
3285 1438 3463 1505 ἤνεγκε
3508 1439 3594 1491 τὴν
3631 1432 3841 1484 ἐπίϐουλοι

2313 1521 2611 1593 συμϐουλήν
2654 1532 2753 1573 τῶν
2784 1520 3036 1594 ἀδεὶφὼν.
3088 1524 3223 1575 Ἀλλ’
3263 1523 3368 1594 οὐχ
3400 1525 3545 1594 ἡμεῖς
3573 1524 3729 1584 οὕτως,

2310 1611 2490 1671 ευθέως
2522 1610 2909 1682 ἀγανακτοῦμεν
2953 1618 3043 1663 καὶ
3076 1611 3453 1683 σχετλιάζομεν
3483 1617 3567 1661 καὶ
3613 1616 3724 1660 πᾶσι
3756 1628 3845 1681 τρο-

542 1702 813 1770 ferimus,
836 1701 1237 1770 omnibusque
1260 1699 1454 1754 modis
1491 1698 1634 1752 tales
1667 1699 2044 1753 ulciscimur:
2080 1715 2194 1769 quo

2312 1719 2425 1761 ποις
2459 1698 2759 1772 ἀμυνόμεθα
2776 1705 2891 1760 τοὺς
2922 1704 3217 1760 τοιούτους·
3249 1710 3355 1762 πῶς
3385 1696 3471 1752 οὖν
3503 1699 3705 1770 ἐσόμεθα
3720 1700 3845 1769 μαθη-

542 1806 684 1860 ergo
716 1794 887 1861 pacto
914 1786 1190 1858 discipuli
1227 1786 1355 1856 ejus
1397 1786 1618 1839 erimus
1649 1785 1675 1838 ‘i

616 1881 776 1934 Vers.
804 1878 857 1932 8.
901 1879 1008 1933 Vos
1048 1905 1115 1917 -—-
1138 1875 1339 1932 istum.
1367 1875 1485 1930 lloc
1508 1881 1596 1929 est
1628 1874 1998 1948 praadictum,
2028 1879 2196 1945 puta,

543 1968 1073 2040 Scenopegiorum.
1126 1964 1244 2020 Vos
1297 1965 1399 2036 qui
1445 1965 1621 2019 amici
1669 1964 1811 2019 estis
1852 1964 2198 2019 Judeeorum

541 2058 644 2130 qui
692 2055 1019 2129 periculum
1069 2053 1300 2108 nullum
1335 2053 1561 2107 timetis.

612 2146 775 2201 Vers.
806 2148 857 2199 8.
885 2146 1013 2215 Ego
1040 2174 1100 2185 —
1122 2144 1322 2197 istum.
1351 2144 1471 2196 Non
1491 2141 1637 2197 dixit
1668 2160 1677 2197 :
1710 2142 1835 2197 Non
1855 2140 2195 2204 ascendam,

541 2235 667 2301 sed,
702 2234 980 2290 Nondum
1008 2231 1333 2295 ascendam,
1357 2231 1471 2285 hoc
1502 2240 1611 2294 est,
1648 2234 1773 2285 Non
1805 2246 1963 2285 nunc
1997 2245 2200 2284 ascen-

541 2324 706 2388 dam,
741 2338 810 2378 eo
841 2320 999 2393 quod
1021 2336 1180 2375 nunc
1202 2321 1364 2375 vivat
1388 2335 1452 2375 ac
1485 2320 1676 2389 vigeat
1705 2318 2201 2374 excandescentia

541 2412 908 2468 Iudaeorum.
925 2408 1287 2464 lrrationalis
1304 2424 1569 2479 namque
1588 2408 1930 2463 temeritatis
1949 2413 2055 2471 est,
2072 2422 2198 2461 sese

540 2501 600 2557 in
631 2499 1014 2556 manifestum
1048 2497 1339 2568 conjicere
1364 2497 1716 2568 periculum.

611 2593 773 2646 Vers.
807 2594 858 2644 8.
889 2588 1039 2655 Quia
1062 2618 1121 2626 —-
1144 2588 1449 2655 impletum
1473 2593 1576 2642 est.
1604 2588 1858 2657 Tempus
1880 2586 2009 2641 vitae
2029 2600 2193 2649 meae,

540 2695 668 2752 qua
699 2680 757 2734 in
790 2682 945 2734 terra
976 2678 1134 2733 vivo.
1177 2678 1525 2747 Quanquam
1553 2676 1711 2729 enim
1748 2676 1901 2730 circa
1932 2674 2195 2729 futurum

538 2769 770 2824 Pascha
790 2765 1232 2836 crucifigendus
1263 2770 1405 2829 erat,
1432 2764 1632 2818 adhuc
1667 2768 1863 2819 tamen
1883 2762 2201 2833 Oportebat

542 2856 830 2913 miracula
860 2855 1093 2928 operari
1126 2871 1195 2909 ac
1235 2854 1470 2921 docere,
1517 2852 1858 2923 multosque
1890 2852 1965 2905 ad
2018 2851 2196 2905 ﬁdem

539 2947 854 3002 attrahere.
889 2946 1017 2999 Non
1039 2949 1128 2998 est
1159 2959 1299 3013 ergo
1330 2958 1528 2996 sermo
1555 2942 1801 3003 timoris,
1829 2940 1929 2995 sed
1960 2940 2201 3011 dispen-

540 3034 823 3105 sationis;
857 3050 998 3089 nam
1028 3033 1075 3086 si
1108 3038 1243 3087 tunc
1267 3031 1323 3085 in
1350 3030 1616 3085 ludaeam
1646 3030 1909 3094 abiisset,
1950 3028 2198 3083 omnino
2238 3064 2278 3117 (Β

538 3125 740 3197 ipsum
760 3124 1025 3180 occidere
1048 3126 1363 3178 tentassent
1392 3138 1404 3174 :
1430 3119 1593 3191 quod
1618 3120 1660 3173 si
1682 3125 2193 3190 captustanquam

538 3213 723 3270 homo
736 3213 969 3269 occisus
991 3213 1211 3279 fuisset,
1233 3211 1437 3265 datum
1462 3209 1671 3263 fuisset
1704 3207 2193 3277 impedimentum

535 3308 627 3364 his
641 3325 771 3381 quae
788 3308 1051 3363 dicturus
1069 3308 1171 3360 aut
1185 3304 1447 3359 facturus
1466 3309 1590 3357 erat
1610 3319 1623 3369 ;
1643 3301 1689 3355 si
1708 3318 1838 3356 vero
1855 3300 2196 3355 non'fuisset

538 3404 765 3470 captus,
785 3396 888 3452 sed
926 3402 1215 3467 tanquam
1262 3396 1414 3447 Deus
1457 3391 1754 3456 evasisset,
1798 3390 2193 3445 ineat-nationi

540 3487 669 3557 ejus
694 3500 815 3541 non
836 3484 1045 3539 fuisset
1066 3481 1271 3537 habita
1289 3481 1458 3535 ﬁdes.
1478 3482 1733 3549 Tempus
1768 3481 1968 3549 itaque
1996 3477 2193 3533 debito

542 3575 724 3631 modo
757 3573 1042 3645 disponit.

611 3664 768 3718 Vers.
810 3664 863 3718 9.
894 3661 1026 3717 Haec
1057 3692 1123 3701 —
1172 3659 1331 3715 Vers.
1368 3660 1452 3713 lO.
1478 3659 1717 3728 festum.
1755 3659 1899 3711 Cum
1935 3657 2014 3710 eis
2072 3671 2190 3710 non

540 3752 824 3815 ascendit,
856 3755 1097 3821 propter
1127 3749 1625 3819 dictamjcausam,
1658 3752 1713 3801 et
1746 3762 1817 3801 ne
1848 3746 2191 3800 manifesta-

538 3839 1047 3898 renteumludaeis
1070 3854 1080 3891 :
1107 3837 1483 3908 postmodum
1507 3843 1705 3891 autem
1730 3834 2016 3899 ascendit,
2052 3852 2188 3889 cum

533 3932 662 4003 jam
710 3929 873 3985 furor
912 3928 1139 3984 illorum
1188 3926 1427 3998 reprimi
1478 3926 1776 3997 inciperet,
1844 3930 1905 3978 ut
1952 3924 2185 3989 scirent,

538 4017 1071 4093 quitimoremejus
1095 4015 1446 4084 arguebant,
1471 4014 1634 4086 quod
1664 4014 1904 4068 timidus
1946 4029 2064 4067 non
2098 4029 2186 4067 es-

539 4115 646 4175 set,
680 4108 783 4164 sed
810 4121 1077 4175 congrua
1107 4104 1553 4175 dispensatione
1585 4110 1863 4158 uteretur.

611 4199 877 4253 Vers.“).
912 4196 1043 4252 Non
1071 4225 1138 4234 ——
1169 4193 1416 4249 occulto.
1470 4192 1910 4256 Quasilatcnter
1946 4207 1957 4243 :
1991 4190 2188 4245 adhuc

538 4290 694 4343 enim
724 4286 1056 4350 verebatur,
1100 4288 1447 4352 exspectans
1478 4282 1668 4335 donec
1717 4280 1971 4351 perfecte
2003 4278 2190 4333 defer-

2309 1795 2393 1839 ταί
2417 1789 2576 1839 αὐτοῦ
2602 1806 2615 1854 ;

2380 1877 2549 1949 Ὑμεῖς
2577 1910 2640 1918 —
2672 1881 2885 1936 ταύτην.
2919 1884 3017 1935 Τὴν
3043 1882 3441 1953 προειρημένην,
3477 1882 3565 1934 τὴν
3594 1884 3679 1928 τῶν
3708 1883 3851 1931 Extra-

2309 1971 2531 2038 πηγίων.
2560 1966 2726 2038 Ὑμεῖς
2757 1970 2805 2019 οἰ
2837 1966 2973 2038 φίλοι
3000 1976 3098 2018 τῶν
3128 1964 3402 2020 Ἰουδαίων
3434 1968 3481 2018 οἱ
3506 1962 3691 2037 μηδένα
3714 1961 3852 2015 κίνδυ-

2308 2076 2389 2107 νον
2420 2058 2805 2115 ὑποπτεύοντες.

2382 2146 2511 2215 Ἐγὼ
2540 2176 2604 2184 —
2635 2148 2847 2203 ταύτην.
2885 2145 2995 2197 Οὐκ
3022 2142 3173 2213 εἶπεν,
3207 2144 3315 2196 Οὐκ
3343 2144 3459 2215 (83)
3496 2142 3746 2209 ἀναϐαίνω,

2310 2237 2468 2285 Οὔπω
2501 2233 2776 2299 ἀναϐαίνω,
2827 2238 3092 2286 τουτέστιν
3139 2234 3212 2285 Οὐ
3260 2242 3350 2285 νῦν
3404 2232 3649 2284 ἀναϐαίνω
3694 2228 3771 2282 διὰ
3810 2234 3849 2279 το

2312 2324 2439 2383 ζέειν
2462 2329 2551 2374 καὶ
2578 2323 2828 2395 ἀκμάζειν
2855 2332 2940 2373 νῦν
2967 2326 3049 2374 τὸν
3070 2325 3230 2395 Θυμὸν
3257 2331 3358 2373 τὼν
3386 2319 3667 2376 Ἰουδαίων,
3694 2324 3852 2390 Θρασᾲ-

2307 2432 2460 2473 τγπτος
2485 2415 2585 2483 γὰρ
2617 2411 2897 2483 ἀλογίστου
2932 2416 2987 2463 τὸ
3017 2411 3331 2485 ἐπιρριπτέιν
3360 2411 3539 2463 ἑαυτὸν
3561 2411 3624 2470 εἰς
3646 2406 3851 2484 xpetitis:

2309 2498 2565 2555 κίνδυνον.

2378 2590 2494 2641 Ὀτι
2568 2621 2636 2629 —
2720 2590 3076 2663 πεπλήρωται.
3148 2589 3203 2640 Ὀ
3275 2594 3465 2663 καιρός
3530 2597 3618 2649 τῆς
3670 2588 3776 2658 ἐμῆς
3819 2586 3852 2633 ἐι

2308 2686 2366 2749 τῇ
2415 2686 2480 2749 γῇ
2544 2679 2700 2738 ζωῆς.
2755 2680 2812 2731 Εἰ
2867 2682 2966 2749 γὰρ
3029 2684 3118 2729 καὶ
3170 2681 3303 2729 κατά
3372 2682 3430 2729 τὸ
3486 2678 3653 2749 μέλλον
3704 2678 3857 2744 Πάσχα

2312 2769 2667 2836 σταυροῦσθαι
2700 2766 2915 2838 ἔμελλεν,
2949 2766 3054 2817 ἀλλ’
3099 2764 3202 2818 ἔδει
3244 2767 3405 2817 αὐτὸν
3457 2770 3529 2818 ἔτι
3575 2770 3655 2816 καὶ
3697 2766 3855 2832 θαυμα-

2309 2865 2498 2929 τουργῆ
2512 2875 2600 2907 σαι
2631 2861 2719 2906 καὶ
2742 2852 2982 2919 διδάξαι,
3017 2861 3105 2907 καὶ
3138 2854 3351 2914 πολλοὺς
3386 2855 3459 2915 εἰς
3488 2860 3656 2906 πίστιν
3682 2852 3855 2904 ἐπισπά-

2311 2948 2525 2997 σασθαι.
2575 2946 2649 2996 Οὐ
2688 2942 2886 3005 δειὶίας
2935 2949 3101 2995 τοίνυν
3154 2946 3179 2994 ὁ
3216 2944 3392 3014 λόγος,
3444 2943 3548 2994 ἀ)λ’
3596 2943 3852 3010 οἰκονομίας·

2311 3034 2352 3085 εἰ
2408 3036 2505 3106 γὰρ
2563 3032 2759 3091 ἀπῇ).οε
2800 3038 2913 3085 τοτε
2969 3034 3039 3094 εἰς
3093 3037 3185 3090 τὴν
3250 3031 3543 3096 Ἰουδαίαν,
3596 3033 3769 3089 πάντως
3816 3029 3857 3077 ἐν

2310 3122 2659 3195 ἐπεχείρησαν
2736 3122 2924 3174 ius)st
3002 3122 3195 3174 αὐτον·
3255 3128 3351 3173 καὶ
3408 3123 3453 3174 εἰ
3507 3125 3592 3193 μὲν
3641 3120 3853 3193 χειρωθεὶς

2308 3214 2374 3271 ὡς
2401 3214 2663 3285 ἄνθρωπος
2692 3214 2803 3281 (84)
2850 3209 3093 3282 ἀνῃρέθη,
3127 3206 3547 3267 ἐνεποδίσθησαν
3587 3208 3641 3260 ἀν
3680 3207 3853 3275 ἀλέγειν

2305 3305 2394 3352 καὶ
2424 3308 2584 3352 ποιεῖν
2617 3300 2810 3371 ἔμελλεν
2831 3317 2843 3329 ·
2876 3300 2917 3351 εἰ
2945 3296 3004 3351 δὲ
3028 3304 3099 3369 μὴ
3128 3301 3428 3371 χειρωθεὶς,
3454 3303 3516 3359 ως
3546 3303 3663 3357 Θεὸς
3689 3292 3852 3367 διέδρα

2308 3390 2575 3447 ἠπιστήθη
2608 3391 2667 3440 οἷν
2698 3391 2726 3446 ἠ
2763 3388 3150 3463 ἐνανθρὼπησις
3187 3388 3382 3444 αὑτοῦ,
3441 3392 3627 3440 Λοιπὸν
3655 3381 3729 3436 οὖν
3755 3383 3855 3434 οἰκο-

2304 3486 2448 3549 νομεῖ
2624 3482 2710 3530 τὸν
2741 3484 2941 3551 καιρόν.

2372 3662 2548 3707 Ταῦτα
2600 3688 2654 3694 -
2686 3655 2880 3729 ἑορτήν.
2918 3658 3009 3706 Σὺν
3052 3654 3224 3716 αὐτοῖς
3276 3656 3372 3725 μὲν
3401 3655 3496 3706 οὐκ
3538 3651 3675 3709 ἀνέϐη
3706 3647 3780 3701 διά
3815 3665 3853 3696 τε

2301 3750 2392 3802 τὴν
2423 3746 2672 3818 ῥηθεῖσαν
2704 3745 2872 3795 αἰτίαν
2899 3750 2987 3796 καὶ
3016 3745 3098 3795 ἱνα
3118 3749 3188 3815 μὴ
3225 3750 3596 3817 φανερωσωσιν
3619 3742 3751 3793 αὑτὸν
3774 3742 3852 3791 τοῖς

2302 3830 2582 3895 Ἰουδαίοις
2613 3851 2623 3862 '
2656 3835 2869 3906 ὕστερον
2904 3830 2962 3885 δὲ
2994 3833 3223 3897 ἀνῆλθεν,
3274 3830 3569 3906 ἀρξαμένου
3605 3831 3763 3882 λοιπον
3786 3830 3851 3876 τον

2304 3924 2466 3994 ουμου
2496 3924 2662 3974 αὐτῶν
2692 3921 3149 3986 καταστέλλεσθαι,
3184 3926 3273 3972 καὶ
3306 3923 3395 3973 ἵνα
3420 3932 3610 3991 γνῶσιν
3637 3920 3678 3970 οἱ
3702 3914 3849 3967 δειλία»

2301 4012 2459 4063 αὐτοῦ
2488 4018 2958 4083 καταγινώσκοντες
2990 4013 3069 4063 ὅτι
3099 4011 3191 4062 οὐκ
3212 4013 3329 4061 ἔστι
3359 4008 3552 4072 δειλὸς,
3586 4008 3679 4060 ἀλλ’
3706 4006 3850 4058 οἰκονο-

2299 4106 2470 4173 μικός.

2372 4190 2447 4242 Ου
2481 4222 2545 4229 ——
2594 4198 2830 4262 κρυπτῷ.
2869 4188 2957 4250 Ὡς
2990 4193 3217 4260 κρυφίως
3250 4207 3261 4218 °
3297 4190 3375 4239 ἔτι
3428 4190 3529 4262 γὰρ
3574 4180 3847 4238 amasium

2300 4283 2579 4353 περιμένων
2610 4280 2952 4349 χαυνωθῆναι
2981 4276 3143 4328 τεἿεον
3176 4280 3261 4328 τὸν
3305 4278 3499 4348 θυμὸν,
3528 4281 3613 4327 καὶ
3642 4277 3713 4325 ἱνα
3732 4278 3846 4342 μήπω

537 4373 1051 4432 buissetferocitas
1073 4371 1330 4434 illorum,
1348 4376 1403 4425 et
1429 4385 1499 4425 ne
1527 4374 1985 4438 cognosceretur
2010 4366 2185 4423 etiam

2306 4370 2506 4440 γνωσθῇ
2550 4364 2689 4439 μηδὲ
2725 4374 2833 4428 τοῖς
2864 4363 3103 4438 ἁδὺφοῖς
3134 4366 3316 4419 αὐτου.

537 4484 573 4523 a
604 4465 882 4522 fratribus
914 4462 1057 4517 suis.

609 4555 770 4609 Vers.
802 4555 889 4609 11.
929 4550 1121 4606 Judaei
1150 4564 1289 4619 ergo
1316 4580 1382 4587 —
1409 4549 1579 4617 festo.
1614 4548 1864 4604 Pulchra
1893 4563 2033 4602 sane
2068 4547 2189 4603 illo—

535 4660 666 4699 rum
690 4659 873 4714 opera
895 4643 950 4695 in
976 4639 1187 4695 diebus
1211 4641 1388 4703 festis,
1415 4654 1548 4691 cum
1567 4638 1695 4691 illos
1727 4638 1905 4691 caedis
1932 4639 2191 4692 facerent

535 4732 935 4788 occasionem.
966 4731 1107 4785 Cum
1143 4728 1301 4781 enim
1330 4728 1387 4781 in
1417 4726 1561 4781 festo
1589 4726 1856 4781 occidere
1888 4742 2022 4780 eum
2059 4741 2190 4796 pro-

536 4821 900 4896 posuissent,
930 4821 1132 4889 utpote
1159 4824 1296 4872 tunc
1320 4818 1498 4871 etiam
1523 4816 1921 4871 adventurum
1950 4820 2189 4887 propter

606 4947 649 4983 δι
676 4947 843 5001 Joan.
879 4960 938 5011 v,
964 4942 1050 4998 18.

2372 4548 2436 4598 Οἱ
2478 4542 2564 4598 οὖν
2614 4541 2866 4598 Ἰουδαῖοι
2911 4575 2978 4583 -
3024 4542 3197 4618 ἑορτῇ.
3252 4544 3403 4596 Καλα
3456 4563 3516 4614 γε
3576 4542 3678 4615 (86)
3722 4537 3841 4589 αᾶτεὲο

2300 4639 2365 4687 τὰ
2427 4635 2472 4687 ἐν
2526 4644 2635 4695 ταῖς
2709 4635 2903 4708 ἑορταῖς
2964 4635 3373 4706 κατορθώματα,
3453 4633 3677 4705 ἀφορμὴν
3734 4632 3841 4697 φονον

2299 4729 2621 4797 ποιουμένοις
2660 4725 2772 4795 (87)
2818 4724 3000 4784 αὐτάς.
3055 4722 3543 4794 Προμελετήσαντες
3587 4726 3676 4793 γὰρ
3721 4716 3758 4765 ἐν
3798 4717 3838 4779 τξ

2300 4814 2447 4889 ἑορτῇ
2494 4822 2672 4867 τοῦτον
2705 4812 2914 4882 ἀνελεῖν,
2946 4814 3009 4871 ὡς
3058 4818 3346 4869 τηνικαῦτα
3394 4808 3491 4863 διὰ
3538 4816 3627 4867 τὴν
3670 4808 3843 4872 πανὺ-[ν’

1751 5064 1967 5133 Variae
1988 5062 2317 5133 lectiones
2348 5073 2409 5131 et
2445 5071 2647 5130 notae.

606 5243 716 5315 (Βὲ)
751 5241 831 5303 Εἰς
871 5240 1031 5315 αὐτήν

602 5306 715 5441 (83)
748 5312 1107 5386 Repudiavit
1134 5325 1275 5381 ergo
1293 5309 1699 5391 Chrysostomi
1723 5307 2056 5369 lectionem,
2078 5306 2180 5378 qui

602 5407 645 5441 ιι.
719 5402 825 5441 oco
878 5388 1019 5437 οὔπω
1099 5383 1300 5437 habet.
1362 5382 1502 5435 Vide
1561 5382 1864 5441 ChrysOst.
1929 5380 2064 5433 Vlll.
2124 5397 2179 5441 ιι.

530 5380 645 5452 οὐκ,
696 5380 1019 5441 Ιοοοὀ-5πω
1099 5383 1300 5437 habet.
1362 5380 1502 5435 Vide
1561 5382 1864 5452 ChrysOst.
1929 5380 2064 5433 Vlll.
2124 5397 2179 5443 ιι.

528 5461 633 5515 285
665 5461 722 5513 Ε.
767 5456 1017 5529 Cyrillus
1070 5455 1249 5509 habet
1281 5455 1455 5509 etiam
1490 5452 1602 5519 οὒκ,
1661 5458 1806 5508 tom.
1867 5453 1952 5515 ιν,
1990 5467 2045 5523 p.
2080 5454 2172 5506 401

529 5531 573 5587 Β
609 5546 677 5585 ac
708 5530 1005 5598 deinceps.

624 5602 715 5675 84)
747 5600 977 5675 αφνρέθη
1001 5598 1067 5675 β·

624 5602 693 5655 84
747 5621 779 5655 α
819 5602 977 5675 ῃρίθη
1001 5602 1067 5653 Β.

600 5602 715 5755 (85)
744 5623 813 5731 15
836 5676 946 5739 est,
973 5670 1317 5745 οἰκονομικῶς
1341 5674 1508 5746 τηρεῖ,

2366 5234 2475 5306 (86)
2561 5230 2843 5306 Καταλέγει
2908 5229 3252 5306 αὐτῶν.--Α.
3328 5227 3834 5306 Lectionemm'recf'

2293 5290 2471 5376 ptam'
2494 5290 2843 5375 comprobat
2872 5302 3051 5358 etiam
3103 5299 3420 5371 Chrysost.
3476 5304 3616 5355 tom.
3658 5290 3829 5355 Vlll,p»

2294 5378 2496 5519 28:38:?
2519 5446 2719 5519 Malim
2741 5447 3078 5517 ποιουμένων.
3114 5442 3309 5519 Potest
3341 5444 3565 5519 tamen
3582 5443 3634 5494 et
3656 5428 3826 5519 hoc

2296 5508 2477 5577 fendi'.
2509 5521 2589 5573 Ex
2621 5508 3063 5586 Chrysost'omo,
3101 5513 3205 5586 qui
3243 5511 3345 5569 hic
3398 5508 3820 5569 constructionem

2296 5591 2567 5658 mutavit,
2600 5588 2749 5646 nihil
2765 5588 3049 5646 efﬁcitur.
