4038 6226
175 401 314 459 1265
1174 400 1551 459 COMMENT.
1600 401 1669 457 IN
1707 401 1770 459 αἰ(

1937 403 2062 459 ΕΜ.
2105 435 2168 445 -
2214 404 2374 461 CAP.
2424 405 2548 466 VII.
3392 396 3532 462 1266

169 548 251 601 ριν
282 533 368 582 xui
416 527 574 582 αὐτὸν
611 531 1089 605 ωμπαρεσὸμενον,
1118 528 1455 602 ἠστόχησαν,
1491 534 1562 603 μὴ
1596 529 1764 602 εὑρισ-

1937 529 2178 588 ὼΙὶοιιω
2225 536 2610 597 conventum,
2664 547 2736 589 eo
2787 546 2906 589 non
2934 531 3191 601 invento,
3224 530 3365 591 hinc
3393 533 3532 591 inde

169 623 380 691 κομένου
393 661 406 674 .
1309 632 1324 653 ‘

1309 632 1324 653 ε
1877 620 2162 677 errabant
2194 621 2212 687 <
2216 622 2301 693 zz)
2346 663 2359 677 .

242 712 338 762 Καὶ
383 739 455 748 -
498 706 686 768 ἐκεῖνος
719 725 731 775 ;
765 703 896 760 Οὐδ’
955 707 1207 781 ὀνομαστὶ
1256 715 1435 761 τοῦτον
1495 706 1768 781 βούλονται

1951 710 2116 766 Vers.
2180 712 2264 765 11.
2299 712 2374 766 Et
2425 741 2493 751 —
2546 712 2649 768 ille
2701 713 2729 769 ?
2758 715 2957 785 Neque
2983 727 3122 768 eum
3152 727 3263 767 suo
3287 710 3534 769 nomine

168 795 336 849 xu).st
370 793 464 848 διά
491 798 551 848 τὸ
593 803 745 869 μῖσος
773 814 784 827 ο
812 799 950 868 ὅμως
980 798 1005 849 ὀ
1034 796 1186 869 λόγος
1216 796 1446 870 ἐμφαίνει
1495 799 1763 869 χαύνωσίν

1939 798 2156 855 ιιθὺωιῐ
2180 798 2477 872 appellare
2505 808 2744 872 propter
2768 800 2977 857 odium
3010 799 3301 857 :ostendit
3334 803 3534 857 tamen

169 904 283 938 τινα
300 893 389 938 τοῦ
420 887 606 959 θυμοῦ.

1877 902 2074 944 sermo
2112 889 2442 961 quemdam
2467 889 2569 945 iraa
2600 895 2897 946 tumorem
2929 891 3032 962 (a).

244 980 341 1028 Kui
370 1006 435 1014 —
459 974 659 1046 ὄχλοις.
688 977 957 1049 Τάραχος,
987 974 1273 1047 ἀντιλογία.

1947 978 2112 1036 Vers.
2146 980 2233 1034 «12.
2271 979 2350 1033 Et
2392 1008 2460 1019 —
2490 978 2701 1035 turbis.
2730 978 3009 1036 Turbatio
3038 983 3095 1035 et
3123 977 3532 1036 contradictio.

242 1066 307 1117 Οἱ
337 1095 401 1104 -
431 1062 591 1118 ἔστιν.
623 1066 691 1117 Οἱ
711 1060 1023 1140 ἀδιάφθοροι
1042 1068 1129 1117 τὸν
1153 1072 1290 1119 νούν.

1949 1068 2111 1124 Vers.
2140 1067 2489 1136 42.0uidam
2515 1098 2584 1110 -—-
2620 1077 2719 1125 est.
2755 1069 2866 1135 Qui
2896 1067 3160 1125 videlicet
3189 1071 3382 1124 mente
3407 1081 3531 1124 cor-

1873 1157 2035 1228 rupti
2065 1171 2187 1214 non
2218 1162 2408 1214 erant.

238 1241 420 1296 ’Δλλοι
448 1273 514 1284 -
554 1247 769 1315 κόσμον.
805 1246 871 1296 0i
901 1239 1284 1316 διεγῢαρμένοι.
1324 1246 1527 1316 Κόσμον
1568 1246 1684 1315 (88)
1707 1240 1767 1298 δὲ

1948 1248 2108 1303 Vers.
2141 1248 2224 1303 I2.
2247 1247 2379 1303 Atii
2406 1277 2475 1287 —
2505 1246 2813 1304 mundum.
2860 1247 2969 1313 Qui
3031 1248 3231 1303 mente
3274 1245 3533 1319 corrupti

167 1331 378 1403 λέγουσι
405 1334 464 1383 τὸ
499 1331 716 1392 πλῆθος.

1873 1341 2060 1392 erant.
2089 1336 2374 1393 Mundum
2408 1339 2611 1393 autem
2637 1336 2783 1395 dicit
2807 1336 3270 1393 multitudinem.

241 1417 433 1482 Οὐδεὶς
455 1451 524 1460 -
556 1417 843 1475 Ἰουδαίων.
879 1418 1066 1482 Οὐδεὶς
1097 1430 1196 1473 τῶν
1220 1421 1464 1493 λεγόντων
1496 1423 1576 1474 ὅτι
1605 1424 1767 1493 Ἀγα-

1944 1427 2109 1481 Vers.
2165 1431 2247 1483 l3.
2290 1426 2506 1482 Nullus
2544 1456 2615 1465 —
2641 1426 3000 1482 Iudaeorum.
3041 1424 3246 1482 Nullus
3298 1438 3531 1489 eorum,

171 1510 256 1570 θός
285 1508 416 1578 ἔστι,
457 1507 727 1584 παρρησίᾳ
754 1508 918 1562 ἐλάλει
964 1514 1081 1582 περὶ
1134 1509 1315 1574 αὐτοῦ,
1347 1513 1507 1581 ἤγουν
1547 1510 1619 1573 εἰς
1644 1508 1765 1569 ἐπή-

1934 1516 1978 1572 1i
2009 1515 2283 1571 dicebant
2316 1533 2329 1569 :
2362 1517 2563 1571 Bonus
2588 1518 2698 1585 est,
2725 1515 3087 1588 loquebatur
3108 1513 3185 1570 de
3210 1529 3278 1571 eo
3307 1513 3529 1585 palam,

170 1618 287 1650 κοον
316 1607 412 1650 τῶν
438 1598 729 1674 ἀρχόντων,
762 1595 855 1652 διὰ
883 1602 969 1651 τὸν
1000 1598 1150 1671 φόϐον
1183 1602 1368 1653 αὐτῶν.

1937 1621 1998 1660 ve
2028 1604 2408 1662 audientibus
2463 1603 2913 1675 magistratibus
2970 1607 3212 1676 propter
3254 1603 3532 1660 timorem

1870 1693 2130 1752 illorum.

242 1773 382 1834 Ἤδη
415 1772 475 1829 δε
493 1808 562 1816 -
585 1778 736 1849 ἱερόν.
767 1776 879 1848 (89)
902 1776 1081 1835 Ἀνέϐη
1104 1780 1195 1850 μὲν
1219 1778 1302 1830 ὅτε
1327 1780 1452 1849 ἔγνω
1484 1778 1765 1833 σϐεσθέντα

1945 1785 2105 1841 Vers.
2138 1784 2225 1840 14.
2261 1786 2409 1841 Cum
2430 1790 2627 1841 autem
2645 1783 2849 1855 jam—
2877 1783 3160 1853 templum
3194 1785 3248 1839 et
3269 1781 3528 1839 docebat.

171 1870 258 1918 τὸν
287 1868 446 1938 θυμὸν
475 1869 645 1917 αὐτῶν
676 1884 689 1897 ·
737 1861 991 1919 ἐδίδασκε
1021 1862 1080 1918 δε
1138 1862 1383 1919 δεικνύων
1414 1871 1473 1920 τὸ
1504 1866 1763 1926 ἀπτόητον

1936 1872 2153 1930 scendit
2181 1872 2440 1945 quidem,
2461 1888 2598 1929 cum
2616 1871 2993 1943 cognovisset
3019 1871 3374 1928 exstinctam
3398 1885 3531 1927 esse

172 1955 686 2016 ἱαυτοῦ.Μεσούο-ης
736 1951 794 2007 δὲ
853 1962 945 2016 τῆς
1001 1954 1182 2030 ἑορτῆς
1217 1964 1315 2008 τῶν
1373 1961 1760 2028 Σκηνοπηγίων,

1936 1978 2104 2019 orum
2136 1962 2521 2018 ferocitatem.
2556 1963 2814 2020 Docebat
2838 1965 3060 2027 autem,
3089 1959 3412 2016 ostendens
3438 1958 3531 2016 sui

170 2048 328 2114 ἤγουν
354 2052 416 2116 τῇ
449 2044 668 2117 τετάρτῃ
698 2045 868 2117 ἡμέρᾳ
898 2064 910 2076 ·
955 2044 1081 2097 ἑπτὰ
1134 2047 1232 2118 γὰρ
1287 2046 1479 2118 ἡμέρας
1508 2046 1762 2120 ἑώρταζον

1936 2052 2311 2108 [mirationem
2328 2051 2748 2124 (b).Postquam
2762 2048 3217 2106 dimidiumfesti
3229 2052 3531 2121 peractum

172 2136 352 2192 αὐτὴν.
1873 2144 2016 2207 erat,
2049 2145 2263 2213 quarto
2294 2139 2565 2195 videlicet
2584 2139 2679 2196 die
2709 2137 3215 2211 Scenopegiorum
3245 2150 3424 2206 ;nam
3445 2152 3535 2194 se-

1872 2234 2035 2302 ptem
2055 2228 2266 2285 diebus
2288 2228 2392 2285 illa
2415 2228 2816 2286 celebrabant.

244 2315 342 2364 Kui
371 2315 442 2383 μὴ
475 2342 535 2350 -
554 2312 869 2383 μεμαθηκώς
896 2328 909 2378 ;
931 2312 1255 2385 Ἐθαύμαζον
1272 2312 1377 2385 οὔχ
1399 2312 1434 2365 ἃ
1459 2309 1762 2377 ἐδίδασκεν,

1944 2320 2113 2375 Vers.
2140 2320 2311 2375 15E:
2326 2350 2395 2358 —
2412 2334 2542 2374 cum
2565 2333 2687 2373 non
2708 2315 3024 2373 didicerit?
3042 2315 3526 2385 Admirabantur,

170 2398 298 2451 ἁ).λὰ
324 2408 433 2462 πῶς
463 2401 752 2473 ογράμματα
808 2397 920 2453 οἶδε
967 2406 1038 2474 μὴ
1094 2404 1423 2475 μεμαθηκώς.
1486 2408 1764 2455 Κατενόουν

1934 2425 1994 2464 )n
2026 2425 2089 2463 ea
2118 2424 2253 2481 quae
2284 2407 2561 2472 docebat,
2590 2406 2696 2462 sed
2721 2407 3033 2479 quomodo
3062 2405 3285 2461 litteras
3305 2408 3529 2472 nosset,

168 2485 620 2561 γὰρᾶἐδίδασκε,
651 2491 831 2550 πάσης
881 2492 995 2559 (90)
1048 2494 1217 2562 μεστὰ
1267 2496 1470 2563 σοφίας,
1536 2497 1625 2544 καὶ
1673 2496 1763 2544 οὐκ

1938 2515 2012 2553 ιω
2063 2512 2184 2553 non
2214 2497 2536 2553 didicisset.
2576 2494 3049 2552 Considerabant
3077 2495 3241 2551 enim
3286 2508 3361 2552 ea
3396 2507 3533 2567 qum

170 2580 288 2629 ἄνευ
314 2573 566 2638 εἰδήσεως
590 2580 911 2651 γραμμάτων
941 2587 1149 2632 τοιαῦτ-ο
1181 2577 1441 2633 δύνασθαι
1490 2577 1765 2635 διδάσκειν

1938 2586 2129 2644 >cebat
2156 2587 2322 2643 omni
2354 2586 2647 2660 sapientia
2676 2601 2808 2641 esse
2837 2584 3047 2657 plena:
3081 2599 3191 2641 nec
3220 2583 3364 2642 talia
3392 2598 3533 2640 eum

171 2665 542 2739 ὑπελάμϐανον.
574 2663 723 2721 Ἔδει
777 2664 836 2720 δὲ
866 2669 1055 2729 αὐτοὺς
1083 2667 1352 2722 κάντεῦθεν
1404 2666 1632 2722 συνιδεῖν
1685 2671 1766 2722 ὅτι

1937 2692 2053 2733 )Sse
2078 2676 2292 2732 docere
2321 2674 2742 2731 existimabant
2766 2674 2997 2747 absque
3021 2673 3358 2743 cognitione
3379 2671 3532 2729 litte-

171 2763 300 2816 Θεὸς
330 2754 467 2808 ἐστιν
500 2755 611 2828 (9i)
643 2759 949 2829 αὖτοσοφὶα,
999 2757 1157 2819 αὐτὸς
1200 2757 1412 2831 ἐξευρὼν
1436 2764 1611 2811 πᾶσαν
1642 2756 1764 2811 ὁδὸν

1935 2767 2149 2821 .rum.0
2160 2764 2369 2836 portuit
2386 2769 2587 2821 autem
2604 2777 2987 2833 cognoscere,
3002 2761 3168 2834 quod
3183 2761 3338 2817 Deus
3352 2764 3530 2827 esset,

171 2844 433 2917 ἐπιστήμη
444 2864 485 2905 ς.

1938 2871 2003 2911 sa
2040 2852 2348 2926 sapientia,
2389 2859 2447 2908 et
2500 2850 2605 2925 qui
2635 2866 2880 2908 omnem
2931 2850 3320 2906 adinvenerat
3370 2850 3533 2906 viam

1876 2942 2201 3015 prudentia;
2218 2941 2287 2996 ³¹.

240 3022 520 3099 ’Δπεκρίθη
584 3055 653 3063 -
707 3043 788 3096 με.
848 3027 917 3077 Τὸ
977 3032 1065 3097 μεν
1121 3025 1249 3097 Ἐμὴ
1315 3023 1521 3094 ἀληθὲς,
1584 3028 1641 3077 τὸ
1706 3020 1765 3077 δε

1947 3032 2111 3087 Vers.
2148 3033 2231 3086 16.
2263 3029 2587 3099 Respondit
2614 3059 2677 3071 -
2704 3042 2812 3085 me.
2855 3027 3026 3094 Quod
3054 3026 3197 3084 dicit
3218 3025 3368 3092 Mea,
3393 3024 3537 3083 veri-

168 3111 280 3165 Οὖκ
307 3112 406 3184 ἐμὴ
437 3112 759 3185 οἰκονομικόν
802 3133 814 3145 ·
870 3113 938 3174 εἰς
985 3118 1140 3187 τιμὴν
1199 3110 1258 3166 δὲ
1313 3121 1405 3166 τοῦ
1438 3118 1640 3189 Πατρός
1678 3118 1763 3167 καὶ

1939 3124 2055 3175 tem
2069 3118 2330 3175 ostendit
2349 3135 2363 3185 ;
2381 3116 2547 3191 quod
2560 3119 2762 3173 autem
2780 3115 2862 3173 ait
2879 3136 2891 3175 :
2915 3116 3040 3172 Non
3052 3131 3202 3181 mea,
3217 3114 3534 3188 dispensa-

167 3208 321 3267 Θεοῦ,
363 3207 453 3253 xui
506 3201 577 3262 εἰς
638 3199 907 3264 ἀπόδειξιν
954 3205 1418 3276 μετριοφροσύνης,
1472 3208 1561 3255 xui
1592 3203 1658 3264 εἰς
1705 3206 1762 3254 τό

1940 3223 2102 3264 mem
2114 3207 2191 3264 ad
2204 3205 2628 3263 honorandum
2645 3208 2870 3261 Patrem
2884 3220 2953 3261 ac
2969 3206 3150 3261 Deum
3161 3207 3235 3268 ,et
3248 3203 3327 3260 ad
3339 3207 3535 3261 osten-

161 3291 405 3361 γενέσθαι
455 3290 617 3348 αὐτὴν
675 3287 1204 3365 εὐπαραδεκτοτέραν.
1282 3296 1393 3344 Οὐκ
1450 3288 1628 3351 ἐπειδὴ
1707 3290 1756 3345 δι

1938 3298 2135 3354 ξιιάδω
2153 3295 2439 3352 modestia
2451 3311 2533 3360 m,
2557 3298 2739 3366 utque
2763 3292 2991 3349 facilius
3013 3292 3146 3363 ipsa
3160 3291 3533 3362 reciperetur.

164 3379 511 3451 οἰκονομικὸν,
557 3375 650 3431 διὰ
704 3387 858 3433 τοῦτο
931 3386 1021 3432 xui
1082 3377 1276 3451 ψευδές
1329 3400 1341 3415 ⁸
1405 3384 1469 3434 τὰ
1519 3385 1621 3456 γὰρ
1675 3388 1759 3433 τοι]

1939 3402 2069 3459 eque
2097 3390 2294 3442 tamen
2315 3384 2391 3440 ob
2407 3383 2468 3438 id
2488 3382 2709 3439 falsum
2732 3386 2836 3447 est,
2853 3381 2997 3455 quia
3009 3380 3534 3453 dispensatorium;

161 3471 285 3521 Υἰοῡ
337 3469 541 3530 πάντως
603 3473 692 3520 καὶ
744 3475 837 3520 τοῦ
906 3473 1128 3544 Πατρός,
1184 3472 1356 3544 ὥσπερ
1423 3475 1513 3523 καὶ
1560 3473 1625 3523 τὰ
1675 3478 1756 3522 τοί

1944 3492 2018 3533 ιω
2047 3490 2184 3548 quea
2214 3473 2339 3529 Filii
2386 3476 2544 3540 sunt,
2584 3471 2833 3527 omnino
2890 3474 3029 3527 sunt
3056 3474 3113 3526 et
3144 3469 3352 3533 Patris,
3386 3468 3539 3526 sicut

164 3560 370 3630 Πατρός
397 3558 600 3619 πάντως
630 3562 720 3610 καὶ
747 3564 837 3610 τοῦ
891 3559 1017 3610 Υἱοῦ
1070 3574 1083 3588 ·
1136 3561 1284 3610 κοινὰ
1333 3562 1432 3633 γὰρ
1466 3558 1674 3633 ἀμφοῖν,
1704 3563 1759 3621 ὡς

1943 3567 2053 3621 iam
2079 3580 2213 3636 quae
2265 3563 2473 3629 Patris,
2496 3560 2745 3618 omnino
2795 3562 2930 3616 sunt
2967 3563 3023 3616 et
3059 3558 3179 3615 Filii
3221 3574 3235 3615 :
3284 3562 3538 3630 utraque

160 3647 319 3707 ἴσοις.
1874 3654 2034 3711 enim
2072 3657 2210 3709 sunt
2236 3651 2537 3708 ambobus
2565 3648 2932 3713 communia,
2958 3651 3160 3720 utpote
3178 3645 3537 3719 aequalibus.

233 3739 329 3787 Καὶ
362 3735 481 3787 καθ’
510 3735 677 3809 ἕτερον
710 3732 769 3788 δὲ
806 3740 992 3811 τρόπον
1021 3735 1326 3809 βαθύτερον.
1378 3737 1434 3790 Ἦ
1489 3743 1763 3811 φαινομένη

1945 3743 2072 3799 Alio
2111 3757 2347 3814 quoque
2402 3737 2790 3812 profundiore
2842 3736 3186 3793 intellectu:
3220 3734 3360 3804 Quae
3402 3750 3539 3792 mea

160 3821 255 3894 ἐμὴ
286 3818 501 3895 διδαχή
530 3824 623 3875 οὐκ
654 3827 793 3877 ἔστιν
825 3823 918 3896 ἐμὴ
957 3822 1097 3886 ἰδίως
1130 3845 1142 3857 ·
1167 3822 1291 3878 οὐδὲ
1316 3829 1413 3901 γὰρ
1441 3830 1550 3898 ἔχω
1581 3825 1721 3880 ἰδίαν
1749 3846 1755 3858 ·

1943 3839 2123 3903 »ρατθι
2150 3847 2277 3887 esse
2303 3828 2595 3897 doctrina,
2628 3842 2743 3884 non
2768 3829 2859 3882 est
2885 3841 3022 3883 mea
3055 3825 3312 3899 propria,
3345 3839 3538 3897 neque

160 3910 289 3963 me
325 3919 420 3963 τοῦ
457 3917 655 3987 Πατρός
686 3916 846 3979 iam»,
874 3916 942 3976 ως
965 3913 1088 3986 ἐμοῦ
1117 3917 1181 3966 τὰ
1210 3914 1345 3966 αὐτὰ
1373 3913 1544 3986 ἐκείνῳ
1575 3913 1755 3969 διδάσ·

1943 3922 2033 3977 :im
2057 3920 2240 3977 ullam
2265 3919 2460 3976 habeo
2483 3916 2784 3989 propriam
2808 3934 2822 3984 ;
2848 3914 2956 3972 sed
2987 3915 3175 3971 Patris
3197 3917 3310 3980 est,
3332 3918 3538 3987 utpote

156 4019 339 4061 κοντος
370 3996 485 4066 διὰ,
515 4005 573 4053 τὸ
610 4001 795 4054 ταύτὸν
825 4010 920 4063 τῆς
951 4006 1152 4075 φύσεως
1199 4008 1287 4055 καὶ
1340 4003 1453 4074 (92)
1491 4004 1751 4068 θελήσεως

1941 4026 1971 4065 ο
2031 4009 2244 4065 eadem
2298 4024 2404 4079 per
2434 4022 2528 4063 me
2583 4006 2854 4072 docente,
2902 4008 3145 4077 propter
3183 4007 3412 4060 natura:
3463 4017 3536 4059 ac

156 4094 247 4140 xui
280 4087 377 4141 διὰ
405 4094 464 4141 τὸ
495 4088 624 4142 εἶναί
650 4110 713 4162 με
740 4090 890 4163 λόγον
919 4091 1079 4144 αὐτοῦ
1114 4108 1126 4121 ·
1160 4092 1203 4144 εἰ
1239 4095 1338 4166 γὰρ
1370 4097 1458 4144 καὶ
1488 4092 1614 4149 ἄλλη
1643 4094 1751 4145 ὑποι

1936 4096 2194 4153 >luntatis
2220 4095 2613 4165 identitatem,
2642 4098 2699 4147 et
2725 4092 2869 4165 quia
2897 4092 3161 4148 Verbum
3186 4091 3343 4147 illius
3374 4105 3531 4157 sum;

158 4196 349 4239 στασις
389 4177 511 4250 ἐγὼ,
544 4177 651 4231 ἀλλ’
670 4180 804 4232 οὕτω
834 4180 964 4251 λέγώ
993 4185 1083 4233 καὶ
1108 4181 1321 4253 πράττω
1353 4184 1421 4241 ὡς
1456 4181 1753 4253 νομίζεσθαι

1938 4199 2227 4256 tanquam
2258 4184 2418 4238 enim
2444 4196 2553 4251 ego
2574 4180 2692 4235 alia
2708 4180 2818 4234 sim
2843 4179 3211 4252 hypostasis,
3231 4179 3312 4233 ita
3331 4182 3533 4233 tamen

156 4268 300 4339 ἡμᾶς
328 4268 401 4319 ἓν·
1873 4275 2007 4329 dico
2039 4288 2108 4328 ac
2139 4270 2291 4328 facio
2321 4269 2528 4325 omnia
2558 4272 2622 4323 ut
2650 4283 2761 4323 nos
2792 4282 2981 4322 unum
3008 4281 3137 4322 esse
3166 4264 3530 4337 intelligatis.

229 4355 349 4408 'I-‘xkv
399 4386 453 4395 -
482 4355 639 4408 λαλῶ.
674 4355 889 4429 Θέλημα
938 4364 1030 4410 τοῦ
1070 4366 1205 4412 Θεοῦ
1234 4358 1370 4429 λέγει
1401 4366 1489 4409 νῦν
1517 4362 1575 4410 τὸ
1614 4357 1765 4432 ἐργά-
1792 4342 1824 4399 Ε

1943 4362 2109 4416 Vers.
2148 4359 2229 4415 17.
2263 4358 2324 4416 Si
2379 4387 2444 4398 —
2484 4357 2720 4428 loquar.
2772 4354 3155 4413 Voluntatem
3209 4352 3310 4409 Dei
3360 4356 3535 4410 vocat

154 4444 348 4505 ζεσθαι
376 4448 470 4503 τὴν
502 4444 688 4520 ἀρετὴν
726 4452 813 4499 καὶ
849 4451 1130 4520 προσέχειν
1167 4454 1282 4509 ταῖς
1310 4453 1425 4521 περὶ
1454 4448 1611 4501 αὐτοῦ
1639 4468 1749 4523 προ·

1939 4465 2055 4519 Inc,
2087 4446 2322 4520 operari
2349 4448 2647 4509 virtutem,
2673 4448 2729 4500 et
2756 4442 3100 4516 prophetiis,
3133 4456 3267 4515 qua)
3296 4442 3372 4497 de
3398 4440 3534 4514 ipso

154 4538 416 4606 φητείαις.
446 4534 506 4587 Ἦ
534 4534 690 4606 ἁρετὴ
717 4539 807 4607 μὲν
828 4537 930 4611 γὰρ
962 4538 1200 4609 καθαίρει
1230 4541 1318 4589 τὸν
1359 4544 1476 4590 νοῦν
1511 4555 1522 4567 ·
1552 4540 1607 4589 αἱ
1637 4557 1749 4612 προ·

1937 4545 2030 4605 lnt,
2076 4536 2381 4596 attendere
2412 4551 2427 4602 ;
2461 4534 2642 4590 virtus
2672 4531 2961 4606 siquidem
2999 4535 3216 4603 purgat
3244 4534 3532 4599 mentem,

154 4630 368 4694 φητεῖαι
408 4619 467 4677 δὲ
497 4619 856 4676 διδάσκουσιν
893 4624 1049 4677 αὐτὸν
1088 4625 1380 4697 τηλαυγῶς.
1427 4626 1538 4698 ἠδ’
1577 4626 1749 4679 ἐαυτοί

1931 4628 2199 4701 rophetiae
2220 4641 2354 4682 vero
2369 4624 2569 4698 ipsam
2583 4621 2777 4678 lucide
2793 4621 3083 4677 docent.A
3100 4619 3300 4692 selpso
3319 4624 3526 4679 autem

152 4708 216 4765 δὲ
243 4712 390 4765 λαλεῖ
419 4714 445 4765 ὁ
478 4715 544 4765 τὰ
571 4721 663 4766 τοῦ
690 4709 832 4766 ἰδίου
893 4713 1173 4787 θελήματος
1201 4714 1387 4772 λαλῶν.
1420 4712 1547 4769 Εἶτα
1582 4714 1747 4788 ἐπάγει

1935 4718 2153 4791 quitur,
2178 4715 2285 4789 qui
2313 4731 2385 4771 ea
2413 4727 2547 4787 quat
2572 4728 2689 4768 suae
2711 4714 2854 4767 sunt
2874 4709 3216 4775 voluntatis,
3243 4708 3530 4782 loquitur.

148 4806 247 4854 xui
273 4801 625 4875 συλλογισμὸν
663 4801 1051 4878 ἀναντίρρητον.

1937 4805 2092 4863 ainde
2120 4805 2298 4862 etiam
2336 4801 2748 4875 syllogismum
2773 4798 3021 4866 inducit,
3063 4799 3161 4856 cui
3190 4798 3532 4858 nullatenus

1874 4895 2056 4969 possit
2084 4892 2424 4952 contradici.

1370 5017 1597 5086 Variae
1630 5018 1955 5089 lcctiones
1998 5027 2064 5087 et
2094 5028 2296 5086 notae.

222 5159 272 5194 ³¹
327 5202 341 5214 .
388 5160 723 5228 Bar.III,37.

221 5254 347 5331 (8_8_)
381 5254 629 5331 Scilicet,
674 5257 805 5315 loco
834 5257 1014 5331 ὄχλον,
1046 5255 1183 5328 legit
1210 5259 1429 5331 κόσμον.
1455 5257 1764 5331 Negligen-

557 5264 629 5321 et,
674 5257 805 5315 loco
834 5257 1014 5331 ὄχλον,
1046 5255 1183 5328 legit
1210 5259 1429 5331 κόσμον.
1455 5257 1764 5331 Negligen-
1875 5256 2149 5314 ἐδίδασκε.

144 5325 244 5384 tia
263 5325 333 5382 id
354 5327 590 5402 accidit.
623 5331 769 5385 Nam
810 5325 1195 5402 et'Cbrysost.
1226 5325 1739 5401 vulgatum'babet

1158 5334 1195 5384 t.
1226 5325 1760 5401 vulgatum'babet,
1945 5333 2060 5397 (90)
2090 5331 2232 5386 Μετὰ
2261 5330 2439 5402 πάσης
2480 5330 2664 5402 σοφίας
2691 5330 2753 5383 Α.

142 5404 311 5471 tom.
354 5397 495 5469 VIII,
533 5417 592 5471 p.
627 5404 729 5457 288
756 5404 813 5456 et
840 5404 963 5457 289.
1005 5397 1021 5402 '
1334 5397 1357 5401 '
1480 5470 1483 5471 ί

1334 5397 1357 5401 v
1480 5470 1483 5471 ν
1944 5403 2060 5469 (91)
2088 5401 2280 5456 Malim
2317 5399 2477 5467 ἔστιν,
2510 5397 2885 5471 ἡαύτοσόφία.

223 5469 349 5544 (89)
400 5469 612 5528 Neuter
664 5488 934 5528 meorum
1000 5471 1271 5543 agnoscit
1320 5470 1619 5529 vocabula
1674 5478 1764 5526 xui

1256 5473 1271 5527 t
1320 5470 1619 5529 vocabula
1674 5478 1764 5526 xui
1945 5475 2060 5545 (92)
2090 5477 2189 5525 Kui
2223 5472 2497 5534 θελήσεως.
2535 5469 2851 5527 Αὺειωῑᾉ.

137 5648 337 5733 m(zz)
370 5649 461 5732 Eo
485 5665 607 5706 non
630 5680 715 5733 _-—
752 5648 1055 5706 errabant.
1106 5646 1467 5705 Exciderunt
1518 5654 1759 5718 conatu,
1871 5650 2122 5733 missam
2153 5664 2284 5733 esse
2313 5647 2494 5733 Paullo
2525 5651 2662 5704 ante
2693 5650 2781 5733 est
2809 5646 3169 5733 χαυνωθῆναι.
3293 5710 3349 5733 Α.

136 5718 252 5776 illo
290 5718 415 5794 non
442 5721 707 5794 invento.
1151 5791 1169 5794 _
1460 5790 1475 5794 _
1526 5791 1537 5794 _
1942 5722 2021 5794 (b)
2069 5721 2176 5778 Sui
2213 5719 2671 5776 admirationem.
2727 5718 3192 5791 Imperterritum
3253 5718 3527 5771 animum

218 5794 309 5866 (α)
345 5793 627 5859 Quadam
665 5792 771 5848 ira:
813 5797 1116 5850 tumorem.
1149 5791 1306 5849 Iram
1335 5790 1652 5864 paululum
1675 5808 1762 5850 re-
1870 5790 2069 5852 suum.
2112 5830 2121 5857 θ
