4038 6226
529 300 666 361 1267
1855 307 2202 365 EUTHYMII
2241 305 2577 365 ZIGABENI
3713 313 3814 370 ms

597 430 766 488 Vers.
813 431 899 488 18.
962 430 1074 502 Qui
1102 465 1170 474 —
1208 440 1308 491 est.
1371 433 1630 492 Gloriam
1683 435 2092 508 intelligithoc
2122 438 2165 493 ir

2365 437 2423 489 Ὀ
2455 469 2523 477 —
2549 435 2708 490 ἔστιν.
2738 437 2896 501 Δόξαν
2929 436 3146 492 ἐνταῦθα
3177 443 3270 498 τὴν
3319 443 3466 511 τιμήν
3503 459 3636 512 φησι.
3666 447 3819 494 Παντι-

526 520 658 578 Ιοοο
688 522 976 578 honorem
1013 542 1026 580 :
1062 538 1206 578 nam
1240 525 1462 596 ubique
1488 525 1714 596 Patrem.
1731 542 1800 581 ac
1830 529 2012 581 Deum
2033 543 2165 598 pra:-

2309 534 2398 597 ζοῦ
2429 529 2528 598 γὰρ
2558 531 2642 578 τὸν
2677 531 2882 601 Πατέρα
2910 533 3000 580 καὶ
3017 532 3136 581 Θεὸν
3163 530 3433 601 προετίθει,
3457 534 3672 599 καὶαὺτῷ
3692 534 3820 581 πάντα

525 611 809 687 ponebat,
838 612 979 666 etad
1003 610 1169 667 illum
1191 615 1394 670 omnia
1416 615 1725 674 referebat,
1747 617 1922 671 etiam
1943 616 2165 687 propria

2309 614 2530 680 Ξινετίθει,
2565 621 2653 668 καὶ
2684 623 2750 668 τα
2789 616 2973 669 ἑαυτοῦ
3015 620 3411 690 κατορθώματα.
3447 624 3525 676 Μὴ
3574 619 3717 678 ζητῶν
3759 616 3820 669 οὖν

526 715 709 772 opera
736 718 748 754 :
777 700 879 771 qui
901 716 1011 768 ego
1034 700 1284 770 gloriam
1313 720 1485 758 suam
1509 720 1629 759 non
1647 705 1971 776 quaerebat,
1996 722 2165 778 quan

2309 701 2454 768 ἳοξαν
2497 701 2660 771 ἰδίαν,
2695 710 2836 767 τίνος
2863 706 3025 758 ἕνεκεν
3055 706 3250 778 ἔμελλεν
3278 708 3422 780 ἔτερα
3447 704 3696 760 διδάσκειν
3724 713 3821 774 ;Μὴ

525 788 604 844 ob
631 804 878 844 causam
909 788 1103 845 aliena
1121 790 1405 847 docturus
1437 793 1606 849 erat?
1629 793 1731 865 qui
1765 798 1965 849 autem
1992 793 2165 850 alien:

2309 790 2570 846 ἲιδασκων
2603 790 2660 846 δὲ
2685 796 2851 869 ἔτερα,
2879 793 3004 847 ἀλλά
3041 797 3107 847 τὰ
3134 803 3221 848 τοῦ
3251 795 3538 867 πέμψαντος
3565 795 3714 862 αὐτὸν,
3733 794 3824 851 ἁλη-

523 892 644 954 non
675 877 867 942 docet,
899 877 1003 933 sed
1025 895 1160 950 quae
1191 880 1346 936 illius
1395 887 1553 951 sunt,
1605 882 1710 955 qui
1765 883 1925 938 misit
1963 884 2160 955 ipsum

2309 885 2390 944 9ης
2422 882 2536 935 ἐστι
2557 886 2776 946 παντως.

526 966 769 1022 omnino
799 981 976 1023 verax
1008 974 1122 1026 est.

599 1057 672 1112 Et
692 1055 824 1111 vide
836 1057 1140 1128 quomodo
1161 1075 1370 1115 omnes
1390 1060 1467 1115 ad
1487 1059 1900 1133 ﬁdem,qua3in
1918 1077 1979 1116 se
1993 1064 2165 1126 est,at

2373 1066 2472 1114 Καὶ
2507 1070 2608 1121 πῶς
2635 1061 2748 1133 (93)
2779 1063 2977 1122 πάντας
3019 1061 3152 1114 εἷλκε
3193 1065 3319 1136 πρὸς
3344 1066 3434 1120 τὴν
3466 1061 3533 1123 εἰς
3560 1062 3715 1115 ἑαυτὸν
3742 1066 3830 1115 πίσ-

525 1144 819 1211 trahebat,
843 1162 913 1202 ac
934 1147 1170 1203 dicebat
1190 1164 1201 1201 :
1221 1149 1453 1214 Quinon
1471 1151 1715 1206 honorat
1735 1151 1952 1206 Filium
1969 1167 2080 1205 non
2096 1151 2163 1204 ho

2309 1170 2394 1214 rw,
2450 1155 2537 1202 καὶ
2580 1149 2761 1222 ἔλεγεν,
2821 1150 2877 1202 Ὀ
2936 1155 3007 1222 μὴ
3065 1160 3224 1222 τιμῶν
3278 1156 3364 1203 τὸν
3412 1153 3524 1204 Υίὸν
3553 1152 3606 1202 οὗ
3638 1157 3747 1222 τιμᾷ
3768 1154 3829 1200 τὸν

525 1242 701 1290 norat
728 1236 991 1308 Patrem,
1022 1237 1124 1309 qui
1152 1241 1306 1294 misit
1334 1240 1504 1294 illum
1531 1245 1576 1274 ³³
1606 1257 1618 1305 ;
1645 1239 1944 1312 siquidem
1974 1257 2045 1295 ex
2076 1241 2165 1296 hOt

2309 1244 2507 1312 Πατέρα
2540 1243 2624 1291 τὸν
2663 1239 2941 1310 πέμψαντα
2972 1244 3124 1292 αὐτὸν
3159 1258 3172 1307 ;
3207 1238 3352 1294 δοκεῖ
3375 1243 3469 1313 γὰρ
3497 1239 3692 1292 ἐντεῦθεν
3712 1237 3831 1301 δοξαν

525 1325 827 1398 propriam
858 1324 1109 1394 gloriam
1137 1343 1403 1399 quaerere
1434 1329 1771 1384 videbatur.
1807 1333 1931 1384 Non
1968 1334 2160 1384 tamen

2309 1325 2442 1380 ἰδίαν
2494 1332 2686 1390 ζητεῖν.
2721 1329 2855 1382 Ἀλλ’
2903 1333 3007 1400 οὔχ
3059 1332 3124 1390 ὡς
3174 1326 3333 1392 δόξης
3373 1326 3512 1390 ἰδίας
3559 1328 3670 1402 ἐρῶν
3709 1337 3835 1380 ταντα

526 1413 698 1494 quasi
720 1414 972 1485 prOpriae
992 1421 1224 1471 amator
1246 1417 1464 1488 gloriae,
1488 1418 1614 1473 haec
1639 1418 1876 1472 dicebat
1897 1425 1997 1473 aut
2017 1417 2165 1474 facie

2309 1415 2459 1468 ἐποίει
2489 1423 2577 1469 καὶ
2629 1417 2814 1488 ἔλεγεν,
2870 1417 2976 1468 ἀλλ’
3027 1421 3095 1479 ὡς
3142 1417 3292 1470 Θέλων
3351 1424 3445 1476 τὴν
3503 1422 3731 1491 σωτηρίαν
3761 1425 3834 1467 τὼν

525 1503 648 1567 bat,
694 1503 798 1558 sed
828 1505 996 1574 quasi
1033 1505 1344 1562 hominum
1402 1507 1648 1578 cupiens
1689 1508 1940 1562 salutem
1999 1525 2009 1562 :
2048 1523 2165 1562 nan

2309 1503 2580 1577 ανθρώπων
2611 1524 2622 1535 ·
2662 1507 2794 1564 αὕτη
2849 1511 2949 1581 γὰρ
2988 1504 3081 1560 διὰ
3133 1515 3226 1568 τῆς
3251 1507 3318 1567 εἰς
3351 1511 3503 1558 αὐτὸν
3533 1513 3745 1572 πίστεως,
3771 1512 3836 1556 καὶ

526 1591 679 1647 hanc
704 1607 812 1662 per
831 1592 1028 1656 ﬁdem,
1058 1609 1191 1664 quae
1217 1595 1273 1648 in
1295 1594 1490 1666 ipsum
1514 1601 1659 1660 erat,
1683 1612 2004 1667 procurare
2019 1612 2165 1668 opor

2309 1595 2405 1665 οὐχ
2437 1594 2636 1667 ἑτέρως,
2697 1595 2867 1667 ἔμελλε
2914 1599 3174 1666 γίνεσθαι.
3227 1602 3417 1654 Εἰοηκε
3467 1599 3562 1669 γὰρ
3605 1598 3836 1666 ὸηατιξρ·

526 1681 704 1759 tebat.
733 1680 903 1736 Pater
933 1697 1193 1755 namque
1208 1684 1354 1738 dixit
1383 1702 1395 1737 :
1422 1684 1527 1740 Hic
1543 1692 1625 1740 est
1651 1686 1840 1740 Filius
1863 1701 2019 1740 meus
2048 1685 2165 1740 dile

2309 1683 2468 1743 Οὗτος
2495 1683 2631 1735 ἐστιν
2663 1685 2687 1736 ὁ
2720 1687 2838 1745 Υἱός
2865 1705 2967 1756 μου
2999 1687 3024 1736 ο
3056 1684 3340 1755 ἀγαπητὸς,
3376 1688 3423 1736 ἓν
3537 1684 3640 1754 (94)
3668 1680 3841 1739 εὐδοκη-

527 1775 667 1840 ctus,
700 1769 762 1825 in
801 1785 914 1841 quo
944 1772 1086 1827 mihi
1111 1773 1529 1840 complacitum
1563 1781 1667 1841 est,
1699 1775 1888 1842 ipsum
1919 1774 2165 1830 audite38

2309 1792 2372 1824 σα
2400 1792 2411 1803 ·
2448 1777 2608 1824 αὐτοῦ
2657 1771 2885 1841 ἀκούετε,
2920 1779 3009 1826 καὶ
3049 1773 3181 1824 ἄλλα
3218 1773 3384 1826 πολλὰ
3417 1781 3624 1826 τοιαῦτα
3668 1770 3746 1824 διὰ
3769 1780 3842 1822 τῶν

527 1858 764 1931 aliaque
795 1861 982 1916 multa
1021 1861 1369 1931 hujusmodi
1414 1878 1519 1934 per
1557 1863 1902 1935 prophetas.

2309 1871 2600 1936 προφητῶν.

599 1949 762 2003 Vers.
801 1949 883 2004 18.
911 1951 1016 2004 Est
1042 1982 1109 1989 -—
1129 1955 1229 2006 est.
1265 1953 1464 2022 Neque
1495 1952 1649 2008 enim
1681 1952 1934 2021 injustus
1955 1957 2059 2018 est,
2085 1968 2165 2023 qu

2375 1956 2474 2003 Καὶ
2506 1982 2572 1990 -
2612 1953 2772 2005 ἔστιν.
2809 1954 2916 2002 Οὐκ
2947 1947 3135 2013 ἄδικος
3181 1954 3280 2024 γὰρ
3317 1953 3343 2002 ὁ
3400 1952 3566 2012 ζητῶν
3615 1955 3695 2007 τὴν
3723 1945 3844 2010 δόξαν

527 2037 658 2108 ejus
689 2039 895 2110 quazrit
921 2038 1194 2108 gloriam,
1227 2040 1330 2112 qui
1374 2041 1531 2096 misit
1563 2040 1748 2095 illum.
1806 2041 2058 2104 Quidam
2087 2056 2161 2096 au

2309 2047 2390 2090 τοῦ
2422 2040 2718 2111 πέμψαντος
2749 2040 2922 2094 αὐτόν.
2974 2043 3118 2102 Τινὲς
3167 2037 3225 2092 δὲ
3257 2037 3471 2093 ἀδικίαν
3519 2043 3594 2091 ἐπὶ
3631 2046 3710 2090 τοῦ
3745 2057 3844 2110 nup-

529 2131 646 2183 tem
675 2127 1026 2198 injustitiam
1060 2129 1169 2184 hoc
1214 2129 1273 2184 in
1303 2130 1434 2186 loco
1479 2130 1862 2186 mendacium
1895 2130 2165 2186 intellexe

2309 2133 2441 2188 ὀντος
2488 2133 2545 2180 τὸ
2616 2125 2812 2199 ψεῦδος
2888 2128 3124 2187 ἐνόησαν.
3203 2137 3306 2182 Τοῦ
3385 2133 3474 2201 μὲν
3553 2125 3632 2180 οὖν
3679 2130 3848 2178 ταπεινὰ

526 2220 686 2272 runt.
718 2215 992 2272 Plurimae
1036 2217 1234 2290 itaque
1283 2223 1449 2274 erant
1503 2235 1721 2284 causae,
1779 2236 1883 2274 cur
1940 2219 2165 2274 humilia

2309 2219 2619 2289 φθέγγεσθαι
2650 2221 2737 2270 τὸν
2780 2222 3007 2292 Χριστὸν
3061 2218 3225 2270 πολλὰ
3268 2221 3333 2270 τὰ
3388 2222 3548 2282 αἴτια,
3602 2222 3652 2269 τὸ
3699 2221 3757 2288 μή
3791 2234 3850 2265 νο⁸

528 2301 791 2359 Christus
817 2305 1149 2377 loqueretur
1179 2325 1190 2362 :
1219 2311 1342 2362 tum
1367 2324 1438 2364 ne
1467 2308 1770 2378 ingenitus
1799 2325 1927 2364 esse
1954 2314 2162 2380 putare

2309 2308 2555 2364 αισθῆναι
2609 2305 2904 2377 ἀγέννητον,
2953 2311 3009 2358 τὸ
3062 2312 3133 2378 μὴ
3179 2304 3330 2369 δοξαι
3381 2305 3621 2374 ἀντίθεον,
3646 2310 3694 2356 τὸ
3738 2303 3851 2355 ἀσθε-

531 2397 643 2457 tur,
685 2398 785 2448 aut
817 2394 933 2449 Deo
972 2396 1304 2450 contrarius
1335 2396 1672 2452 crederetur
1712 2416 1724 2464 ;
1759 2397 1835 2452 ad
1877 2397 2024 2465 haec,
2059 2413 2165 2468 pro

2309 2398 2374 2455 νες
2427 2404 2526 2447 τῶν
2585 2398 2896 2460 ἀκουόντων,
2979 2400 3035 2448 τὸ
3093 2393 3374 2448 διδάσκειν
3447 2399 3559 2454 τοὺς
3608 2395 3851 2467 ἀνθρώπως

529 2486 660 2554 pter
683 2482 1023 2538 auditorum
1053 2483 1511 2542 imbecillitatem
1537 2502 1551 2551 ;
1583 2491 1884 2556 praeterea,
1916 2493 1978 2540 ut
1999 2487 2163 2542 homi

2309 2492 2684 2558 μετριοφρονείν
2743 2491 2829 2538 καὶ
2897 2482 3061 2556 μηδεν
3120 2490 3255 2557 μέγα
3309 2485 3477 2554 λέγειν
3530 2491 3640 2554 περί
3685 2484 3850 2540 ἑαυτῶν,

531 2587 637 2626 nes
658 2569 896 2627 doceret
918 2573 1217 2630 modestos
1250 2589 1404 2642 esse,
1431 2580 1486 2630 et
1504 2575 1648 2630 nihil
1667 2575 1740 2630 de
1763 2592 1822 2629 se
1855 2574 2002 2646 ipsis
2031 2591 2165 2646 mag

2309 2577 2361 2624 τὸ
2413 2576 2482 2635 ὡς
2533 2575 2800 2648 ἄνθρωπον
2848 2574 3035 2644 λέγειν,
3094 2579 3182 2625 καὶ
3234 2573 3364 2625 ἀλλὰ
3416 2573 3623 2625 τοιαῦτὰ
3657 2592 3669 2603 ·
3718 2578 3791 2622 τοῦ
3813 2567 3853 2621 οἷς

531 2658 777 2714 niﬁcum
794 2659 989 2716 dicere
1018 2677 1030 2725 ;
1062 2660 1330 2726 demum,
1368 2669 1428 2717 ut
1458 2667 1747 2734 tanquam
1779 2663 1962 2718 homo
1996 2661 2165 2736 loque

2309 2661 2480 2731 ὑψηλά
2515 2665 2626 2733 (95)
2660 2665 2976 2734 φθέγγεσθαι
3005 2668 3104 2735 μία
3151 2663 3314 2729 αἰτία,
3351 2667 3411 2714 τὸ
3438 2661 3566 2733 ὕψος
3596 2671 3678 2720 τῆς
3719 2662 3852 2715 ϐιοτη-

531 2737 710 2814 retur,
735 2764 805 2804 ac
823 2754 1058 2821 propter
1083 2749 1200 2806 alia
1229 2750 1586 2822 hujusmodi.
1619 2753 1800 2808 Unica
1825 2758 2023 2808 autem
2053 2769 2191 2808 cau-
2303 2769 2411 2812 τος.

533 2855 600 2894 sa
626 2841 751 2893 erat
771 2854 876 2893 cur
905 2838 1182 2895 sublimia
1211 2838 1573 2912 loqueretur,
1608 2840 1897 2897 celsitudo
1919 2840 2194 2898 videlicet

531 2926 880 2992 divinitatis.

603 3015 754 3082 Quia
794 3031 932 3072 vero
980 3015 1042 3072 hi
1065 3017 1251 3072 Judaei
1301 3017 1423 3074 duo
1453 3018 1704 3074 crimina
1747 3019 1862 3091 ipsi
1901 3019 2165 3091 impinge

2375 3020 2515 3071 Ἐπεὶ
2547 3015 2604 3072 δὲ
2636 3020 2684 3071 οἱ
2717 3015 2964 3072 Ἰουδαῖοι
2993 3019 3138 3072 οὗτοι
3169 3019 3279 3090 (96)
3333 3017 3436 3072 δύο
3464 3014 3857 3090 ἐγκλήματα

530 3105 698 3173 bant,
731 3109 872 3176 puta
891 3105 1032 3175 legis
1059 3107 1618 3177 transgressionem,
1642 3112 1698 3163 et
1719 3109 1880 3181 quod
1905 3111 2020 3164 Deo
2039 3126 2165 3165 esse

2309 3127 2392 3178 γον
2446 3107 2606 3178 αὐτῷ,
2657 3114 2981 3182 παρανομίαν
3021 3113 3109 3160 καὶ
3155 3106 3442 3176 ἁντιθείαν,
3504 3111 3583 3160 ὁτι
3619 3125 3665 3159 τε
3698 3106 3789 3157 ἔλυε
3816 3108 3856 3153 τὸ

532 3195 884 3260 contrarius,
908 3195 1066 3267 quod
1096 3196 1426 3252 Sabbatum
1454 3199 1722 3262 solveret,
1741 3215 1811 3253 ac
1838 3202 2066 3254 Patrem
2095 3216 2162 3254 su

2309 3195 2564 3248 Σάϐϐατον
2595 3202 2684 3248 καὶ
2713 3199 2790 3248 ὁτι
2825 3201 3028 3269 Πατέρα
3081 3197 3218 3248 ἴδιον
3265 3197 3413 3268 ἔλεγε
3470 3200 3554 3248 τὸν
3599 3199 3732 3257 Θεὸν,
3775 3190 3858 3243 ἶσον

531 3300 633 3339 um
661 3283 881 3339 diceret
918 3300 1049 3340 esse
1083 3288 1286 3354 Deum,
1316 3286 1607 3358 aequalem
1636 3303 1766 3342 sese
1798 3287 2022 3343 faciens
2056 3291 2165 3343 Deo

2309 3286 2480 3339 ἑαυτὸν
2511 3294 2669 3337 ποιῶν
2717 3295 2788 3355 τῲ
2821 3293 2955 3355 Θεῷ,
3005 3287 3174 3346 καθὼς
3205 3285 3252 3338 ἐν
3278 3294 3358 3355 τῷ
3416 3283 3616 3356 ἑϐδόμῳ
3652 3282 3859 3354 κεφαλαίῳ

530 3372 709 3430 veluti
726 3373 978 3446 septimo
1000 3375 1192 3447 capite
1216 3376 1564 3446 praedictum
1593 3384 1680 3433 est
1710 3378 1756 3412 ³⁸
1781 3394 1794 3432 :
1820 3379 1894 3431 de
1923 3393 2042 3432 uno
2072 3378 2165 3449 qui

2309 3380 2608 3450 προείρηται
2632 3389 2644 3406 ⁸
2680 3381 2798 3450 περὶ
2818 3379 2908 3447 μὶν
2931 3383 3022 3426 τοὺ
3036 3375 3138 3436 ἐνὸς
3169 3374 3272 3428 ἐκεῖ
3299 3378 3505 3436 τούτοις
3527 3373 3853 3442 ἀπελογήσατο,

531 3461 669 3518 dem
689 3461 770 3518 ibi
793 3463 1102 3535 respondit
1123 3464 1228 3532 eis,
1253 3470 1512 3530 ostenso,
1537 3466 1700 3536 quod
1727 3469 1844 3522 Deo
1859 3466 2160 3522 contrariu

2309 3461 2474 3527 δείξας
2514 3467 2593 3516 ὅτι
2624 3464 2717 3516 οὐκ
2752 3467 2890 3516 ἔστιν
2941 3462 3170 3525 ἀντίθεος
3199 3481 3210 3493 °
3242 3470 3366 3535 περὶ
3407 3461 3467 3517 δὲ
3497 3473 3586 3516 τοῦ
3625 3463 3773 3532 ἕτερον
3794 3467 3858 3509 vin

532 3566 652 3624 non
674 3555 828 3606 esset
863 3567 875 3606 :
909 3551 984 3607 de
1009 3551 1192 3608 altero
1225 3558 1422 3608 autem
1457 3568 1614 3609 nunc
1635 3557 1970 3626 respondet,
2002 3562 2057 3611 et
2097 3571 2165 3610 os.

2309 3553 2634 3625 ἀπολογεῖται
2665 3558 2753 3605 καὶ
2785 3549 3050 3606 δείκνυσιν
3082 3555 3161 3605 ὅτι
3214 3552 3372 3606 αὐτοὶ
3415 3554 3529 3624 (97)
3577 3549 3745 3624 μᾶλλον
3781 3548 3858 3599 εἱσι

533 3638 741 3703 tendit,
771 3638 906 3714 illos
937 3641 1128 3711 potius
1151 3657 1279 3696 esse
1303 3641 1451 3712 legis
1482 3649 1974 3714 transgressores.
2301 3646 2616 3717 παράνομοι.

604 3817 766 3870 Vers.
797 3820 880 3872 19.
909 3817 1114 3874 Nonne
1143 3849 1212 3860 —
1244 3820 1416 3891 legem
1446 3823 1474 3875 7
1517 3823 1727 3891 Legem
1787 3822 2160 3879 universalite

2373 3821 2541 3873 0')—
2571 3825 2722 3892 νόμον
2781 3837 2793 3886 ;
2858 3819 3162 3881 Καθολικῶς
3200 3819 3340 3890 λέγει
3405 3824 3560 3892 νόμον
3623 3821 3706 3879 τὰς
3750 3833 3858 3884 ’ψ’

532 3903 813 3976 appellat,
838 3904 1054 3976 legalia
1085 3915 1550 3982 praeceptaquae
1581 3910 1742 3966 dedit
1776 3913 1980 3976 Moses,
2000 3928 2165 3968 cum:

2309 3913 2398 3973 ηας
2433 3910 2636 3970 ἐντοὶὰς
2664 3909 2725 3970 ἃς
2753 3906 2952 3962 δέδωκε
2988 3907 3107 3980 (98)
3144 3916 3379 3970 Μωῦσῆς
3411 3909 3467 3961 ἐκ
3515 3917 3603 3960 του
3648 3913 3762 3960 Θεοῦ
3797 3921 3858 3952 ιθ-

531 3995 652 4050 Deo
677 3993 803 4066 ipsa
829 3993 1146 4065 detulisset,
1176 4003 1232 4053 et
1253 4013 1322 4053 ea
1349 3998 1462 4053 illis
1495 3999 1845 4071 scripsisset.
1872 4000 2165 4070 Interroga

2309 4006 2466 4071 μέσας
2497 4000 2659 4061 αὑτὰς
2713 4003 2799 4050 καὶ
2829 3997 3039 4072 γράψας
3078 4001 3272 4058 ταύτας
3321 3999 3526 4058 αὐτοῖς.
3557 3997 3737 4070 Ἐρωτᾲ
3755 3987 3852 4044 οὖν·

530 4098 671 4153 ergo
699 4083 941 4140 :Nonne
959 4085 1140 4142 Moses
1153 4086 1316 4142 dedit
1339 4088 1497 4142 vobis
1523 4089 1716 4158 legem,
1743 4105 1922 4160 quem
1944 4090 2165 4146 honora

2309 4094 2383 4141 0-3
2459 4091 2687 4148 Μωυσῆς
2751 4083 2938 4139 ἔδωκεν
2995 4086 3105 4156 (99)
3158 4088 3278 4157 ὑμῖν
3349 4091 3442 4138 τὸν
3495 4086 3719 4157 νόμον,ὁ
3767 4079 3854 4145 παρ’

531 4172 619 4239 tis,
651 4177 710 4228 et.
739 4189 848 4246 pro
877 4190 998 4246 quo
1035 4174 1414 4244 belligeratis,
1444 4178 1547 4247 qui
1588 4176 1823 4232 locutus
1873 4185 1962 4233 est
1992 4183 2139 4234 Deus
2170 4180 2198 4236 ?
2236 4221 2275 4282 ι)

603 4263 760 4318 Vere.
799 4262 881 4318 19.
917 4263 991 4318 Et
1023 4295 1089 4304 —
1125 4266 1326 4335 legem,
1359 4297 1411 4306 —
1444 4266 1632 4331 Facit,
1667 4265 1810 4332 sive,
1843 4270 2064 4324 Servat.
2097 4269 2165 4322 De

2385 4273 2480 4320 Καὶ
2514 4298 2572 4306 -—
2623 4272 2796 4337 νόμον.
2828 4295 2890 4304 —
2929 4271 3090 4329 Ποιεί,
3119 4268 3278 4333 ἤγουν
3302 4271 3492 4336 Τηρεῖ.
3537 4261 3658 4319 Εἶτα
3698 4261 3858 4329 «poeti-

530 4351 668 4407 inde
718 4353 898 4408 etiam
956 4352 1143 4422 addit,
1195 4356 1500 4426 quomodo
1558 4370 1677 4410 non
1711 4368 1949 4411 servent
1983 4357 2165 4426 legem

2313 4359 2439 4414 Θησι
2463 4360 2551 4408 καὶ
2574 4365 2682 4417 πώς
2703 4355 2759 4406 οὐ
2783 4362 3006 4425 τηροῦσι
3035 4355 3122 4404 τὸν
3151 4360 3326 4424 νόμον.

604 4443 864 4500 Vers.19.
896 4442 1043 4509 Quid
1067 4473 1134 4483 —
1153 4443 1473 4501 interﬁcere
1499 4442 1526 4497 7
1546 4443 1690 4498 Cum
1722 4443 1812 4499 lex
1837 4444 1994 4500 dicat
2025 4462 2034 4498 :
2065 4447 2165 4502 No;

2381 4450 2442 4497 Τί
2470 4477 2537 4484 -
2564 4443 2858 4496 ἀποκτεῖναι
2892 4449 3031 4506 τ,Τοὺ
3059 4447 3216 4512 νόμου
3241 4441 3509 4511 λέγοντος,
3544 4441 3616 4493 0'3
3639 4443 3855 4510 φονεύσεις,

528 4529 771 4595 occides,
787 4531 933 4601 quid
952 4548 1046 4586 me
1068 4532 1334 4588 occidere
1354 4531 1630 4596 nitimini,
1646 4549 1833 4604 neque
1851 4533 2046 4603 legem
2075 4551 2165 4591 ser

2311 4540 2360 4586 τί
2395 4553 2456 4605 με
2484 4529 2809 4592 σπουδάζετε
2836 4537 3100 4601 φονεῦσαι,
3151 4535 3284 4601 μήτε
3314 4532 3400 4600 (1)
3431 4530 3586 4582 αὐτὸν
3627 4531 3852 4598 τηρονντες,

533 4621 762 4694 vantes,
792 4633 977 4690 neque
992 4623 1186 4677 Mosen
1209 4621 1394 4686 veriti,
1416 4621 1518 4692 qui
1542 4637 1674 4678 eam
1705 4623 1876 4677 vobis
1905 4624 2144 4680 tradidit

2311 4629 2442 4695 μήτε
2473 4627 2556 4674 τὸν
2601 4625 2825 4674 Μωυσέα
2855 4615 3175 4690 αἰδούμενοι,
3231 4624 3316 4671 τὸν
3373 4616 3646 4672 δεδωκότα
3671 4618 3768 4685 ὑμῖν
3792 4629 3854 4658 κν-

536 4703 915 4777 impudentite
945 4709 1242 4782 siquidem
1269 4715 1374 4777 est,
1397 4710 1544 4780 legis
1580 4727 1866 4766 accusare
1893 4715 1970 4782 (ρ)
2013 4717 2165 4768 trans

2309 4719 2393 4764 τόν
2435 4727 2447 4775 ;
2482 4707 2689 4772 ἀναιδὲς
2730 4711 2830 4783 γὰρ
2868 4711 2982 4767 τοὺς
3014 4712 3345 4780 παρανόμους
3374 4707 3605 4780 ἐγκαὶεῐν
3637 4705 3761 4773 ἑτέρῳ
3784 4716 3836 4747 πι

537 4809 836 4866 gressores
875 4797 993 4856 alia
1028 4799 1176 4870 legis
1205 4799 1698 4871 transgressione.

2309 4807 2577 4877 ρανομίαν.

2309 4180 2429 4250 ὑμῖν
2467 4183 2745 4249 τιμώμενος
2790 4180 2878 4227 καὶ
2919 4171 3304 4246 ἕκδικούμενος,
3343 4175 3670 4246 ᾧλελάὶηκεν
3698 4172 3848 4224 ὀΘεο;.

607 4948 652 4981 ³³
689 4947 837 5004 Joan
867 4964 923 5015 ν,
952 4955 1041 5007 23.
1121 4953 1165 4986 ³³
1193 4953 1346 5008 Matt.
1372 4968 1508 5016 xvu,
1538 4953 1590 5006 5.
1673 4954 1718 4988 ³⁴
1758 4954 1926 5009 Joan.
1965 4971 2016 5020 v,
2053 4956 2137 5011 t8.

1772 5105 1992 5174 Variae
2023 5107 2343 5175 lectiones
2385 5114 2450 5175 et
2481 5115 2680 5172 notae.

614 5271 726 5346 (93)
769 5275 1085 5332 Hentenius
1137 5279 1273 5336 ante
1315 5281 1405 5338 πός
1456 5276 1777 5350 interponit
1807 5277 1919 5352 ὅρα,
1955 5294 2070 5350 quo
2119 5282 2165 5335 ta

2530 5277 2691 5352 Aﬁrpi
2719 5279 2887 5334 abest
2921 5283 2986 5334 Α.

543 5356 679 5422 men
711 5352 949 5422 nonest
983 5364 1161 5420 opus.
1610 5347 1628 5350 ⁷
1833 5347 1842 5352 ’
1974 5347 1986 5350 ⁷

2382 5347 2492 5422 (98)
2524 5347 2758 5422 Λιέδωκσ
2792 5357 2849 5405 Α.

616 5419 732 5489 (94)
759 5416 1050 5478 Ηῦδόκησᾶ
1083 5430 1143 5474 Α.
2380 5416 2493 5489 (99)
2517 5418 2742 5474 Δέδωκεν
2774 5426 2840 5475 Α.

616 5487 727 5559 (95)
750 5491 972 5560 ’Υφηλόν
2383 5487 2581 5564 (trra
2614 5497 2789 5564 νόμον.

626 5564 736 5635 (96)
769 5564 930 5615 Οὗτοι
968 5563 1136 5619 abest
1173 5563 1239 5616 Α.

619 5716 786 5787 Legis
807 5728 1104 5781 accusare,
1135 5716 1239 5771 etc.
1273 5715 1399 5781 Eos,
1428 5713 1532 5787 qui
1557 5712 1716 5786 leges
1752 5714 1992 5782 violant,
2027 5716 2208 5774 alium
2246 5729 2550 5780 accusare,
2587 5718 2648 5771 ut
2678 5713 2782 5786 qui
2822 5713 2981 5784 leges
3005 5712 3257 5770 violarit.
