4038 6226
552 263 680 325 1271

548 485 793 557 quidem
817 483 1011 538 solum
1040 481 1309 538 Hebraeis
1351 482 1589 551 signum
1613 489 1735 537 erat
1768 498 1780 535 :
1811 480 1976 553 quod
2002 486 2203 536 autem

549 589 586 629 θ.
612 591 705 630 me
720 574 940 628 factum
956 576 1060 635 est,
1092 572 1322 639 integra
1349 570 1455 625 fuit
1485 571 1704 626 sanitas
1737 587 1803 625 ac
1829 571 2040 626 veritas
2057 571 2201 641 ejus,

548 662 714 735 quod
743 659 1261 729 significabantur.

620 752 780 806 Vers.
804 753 893 804 25.
924 748 1209 804 Dicebant
1241 780 1307 788 —
1338 748 1501 806 Vers.
1527 750 1613 803 26.
1644 748 1870 805 dicunt.
1905 748 2205 821 siquidem

547 839 847 895 silentium
881 837 994 893 illis
1036 837 1424 908 imposuerat.

620 929 779 984 Vers.
811 932 901 983 26.
936 928 1087 983 Num
1132 958 1200 965 —
1232 928 1501 983 Christus
1541 928 1568 985 ?
1599 930 1757 983 Tunc
1783 928 1943 983 enim
1966 933 2022 983 et
2051 928 2209 999 prin-

547 1019 709 1089 cipes
740 1018 795 1073 in
830 1016 1002 1072 turba
1057 1020 1245 1071 erant.

618 1108 780 1163 Vers.
812 1107 901 1162 27.
928 1106 1036 1162 Sed
1068 1138 1133 1145 ——
1172 1106 1303 1161 erit.
1357 1105 1529 1177 Atqui
1582 1106 1880 1177 principes
1911 1106 2090 1162 vestri
2121 1107 2206 1161 in-

545 1197 824 1265 terrogati
855 1196 931 1251 ab
961 1195 1205 1260 Herode,
1238 1194 1336 1249 ubi
1370 1194 1706 1250 nasciturus
1738 1202 1891 1250 esset
1922 1196 2205 1260 Christus,

547 1287 815 1342 dixerunt
849 1286 897 1340 ei
953 1305 963 1342 :
997 1285 1071 1339 In
1106 1284 1399 1339 Bethleem
1447 1284 1659 1338 Jutltere
1689 1287 1735 1319 ³⁵
1768 1301 1777 1337 :
1809 1285 1955 1356 quin
1989 1291 2044 1340 et
2070 1302 2209 1357 pro-

546 1375 831 1447 phetiam,
862 1390 997 1446 qua:
1046 1374 1159 1428 hoc
1208 1373 1581 1443 significaret,
1620 1374 1972 1429 addiderunt
2013 1391 2025 1429 :
2062 1392 2206 1447 quo-

546 1464 729 1520 modo
760 1478 900 1532 ergo
932 1463 1259 1532 nugamini,
1289 1462 1554 1517 dicentes
1587 1464 1751 1533 quod
1780 1464 2055 1519 Christus
2074 1480 2203 1519 cum

544 1552 783 1622 venerit,
806 1568 970 1609 nemo
993 1552 1279 1622 cognoscit
1312 1552 1465 1607 unde
1480 1553 1630 1606 erit?
1648 1552 1950 1617 Prmterea,
1977 1554 2023 1607 si
2049 1554 2205 1608 hunc

543 1643 729 1698 nostis
757 1642 914 1697 unde
946 1641 1035 1707 sit,
1066 1640 1372 1713 quomodo
1400 1640 1645 1712 quidam
1670 1657 1737 1695 ex
1772 1641 1939 1695 vobis
1963 1642 2200 1697 dicunt:

1894 264 2236 321 lCUTllYMll
2277 265 2597 321 ZIGABENI
3726 282 3822 336 me

547 399 761 462 tantes,
790 392 892 449 sed
907 391 983 449 ad
1013 408 1108 448 res
1136 391 1316 463 ipsas.
1345 391 1488 447 Item
1517 395 1573 447 et
1597 392 1765 448 aliter
1793 390 2201 448 :Circumcisio

2321 393 2409 463 μὲν
2471 396 2723 465 περιτομὴ
2782 402 2995 466 σημεῖον
3057 392 3117 454 ἦν
3169 401 3321 468 μόνον
3382 397 3603 473 Ἐϐραίου

3649 408 3745 455 ’τὸ
3786 404 3827 459 ὄσ

2320 483 2441 553 παρ’
2498 481 2621 554 ἐμοῦ
2670 482 2921 555 ἐργασθὲν
2991 485 3266 559 ὁλόκληρος
3322 490 3467 560 irino.
3514 498 3596 543 τοῦ
3640 511 3827 567 cinna.

2324 574 2533 641 σμένου.

2392 748 2598 821 Ἔλεγον
2653 783 2720 791 —
2764 750 2995 823 λέγουσι.
3061 759 3157 807 Καὶ
3230 756 3329 829 γὰρ
3410 756 3710 831 ἐπεστόμισεν
3770 763 3831 814 ai-

2319 858 2460 900 τους.

2390 929 2601 987 Μήποτε
2640 960 2708 970 -
2742 936 3000 1003 Χριστός
3049 932 3128 986 Ἐν
3172 942 3242 1005 τῷ
3296 934 3435 1007 ὄχλῳ
3476 939 3569 1011 γὰρ
3606 940 3648 989 οί
3686 940 3835 1010 ἄρχον-

2319 1036 2401 1079 τες
2432 1014 2565 1074 ἦσαν
2599 1023 2732 1073 τότε.

2392 1106 2545 1158 Ἀλλά
2602 1138 2671 1149 --
2718 1107 2847 1163 ἐστί.
2904 1116 3004 1162 Καὶ
3067 1117 3170 1183 μὴν
3232 1113 3279 1163 οἱ
3334 1114 3573 1187 ἄρχοντες
3608 1116 3726 1187 ὑμὼν
3750 1115 3836 1187 ἔρω-

2318 1197 2550 1256 τηθέντες
2620 1200 2760 1271 παρὰ
2822 1196 3081 1270 Ἡρώδου,
3133 1208 3231 1252 ποῦ
3286 1204 3311 1253 ὁ
3380 1208 3593 1277 Χριστὸς
3635 1212 3836 1275 γεννᾶται,

2318 1290 2456 1335 εἷπον
2509 1288 2667 1357 αὐτῷ·
2721 1288 2803 1340 Ἐν
2850 1288 3075 1360 Βηθλεὲμ
3130 1299 3220 1349 τῆς
3268 1288 3523 1353 Ἰουδαίας
3553 1309 3566 1322 ’
3611 1298 3688 1345 καὶ
3724 1314 3841 1367 προσ-

2318 1375 2508 1430 έθηκαν
2566 1380 2654 1427 καὶ
2721 1381 2813 1434 τὴν
2871 1386 3022 1429 τουτο
3084 1374 3349 1436 δηλοῦσαν
3397 1388 3723 1454 προφητείαν·
3768 1392 3841 1441 πῶς

2319 1459 2405 1513 οὖν
2456 1462 2722 1537 φλυαρεῖτε
2774 1468 2852 1517 ὅτι
2908 1466 2967 1518 Ὁ
3042 1472 3289 1539 Χριστὸς,
3350 1473 3469 1521 ὅταν
3522 1474 3735 1545 ἔρχηται,
3782 1473 3842 1523 οὐ·

2320 1548 2429 1611 ὁίὶς
2485 1558 2731 1621 γινώσκει
2780 1556 2932 1606 πόθεν
2986 1554 3163 1627 ictu;
3228 1557 3384 1610 Ἀλλὰ
3423 1562 3506 1610 καὶ
3544 1560 3583 1611 εὶ
3616 1568 3765 1612 τοῦτον
3790 1564 3843 1629 (3)

2319 1636 2498 1692 οἴδατε
2545 1643 2698 1693 ποθεν
2744 1642 2877 1708 ἐστὶ,
2920 1653 3024 1704 πῶς
3080 1645 3131 1707 ἐξ
3177 1647 3316 1717 ὑμῶν
3368 1647 3508 1699 οὒ.)οι
3549 1648 3755 1719 λέγουσιν
3790 1651 3846 1700 ὅτι

544 1734 724 1787 Hunc
744 1748 861 1787 non
887 1732 1151 1787 novimus
1188 1731 1345 1785 unde
1366 1730 1441 1784 sit
1472 1731 1518 1763 ³⁸
1551 1731 1579 1787 ἳ
1623 1730 1739 1785 Hoc
1772 1731 1950 1786 modo
1981 1732 2203 1787 malitia

2321 1736 2510 1781 Τοῦτον
2542 1730 2634 1782 οὐκ
2675 1728 2890 1803 οἴδαμεν
2920 1736 3072 1786 ποθεν
3112 1738 3261 1801 ἓστις
3307 1743 3546 1788 Τοιοῦτον
3584 1740 3610 1795 ἡ
3654 1744 3845 1809 πονηρία,

544 1836 667 1877 non
698 1819 984 1891 intelligit,
1013 1820 1173 1891 quod
1205 1819 1316 1873 sibi
1352 1818 1462 1889 ipsi
1510 1819 1872 1874 contradicat
1914 1836 1983 1875 ac
2024 1821 2202 1891 plane

544 1912 867 1966 mentiatur
895 1926 907 1963 :
932 1925 1073 1964 nam
1106 1912 1197 1963 est
1225 1907 1508 1977 quiedam
1531 1908 1748 1963 animae
1780 1908 2057 1964 ebrietas.

619 2000 789 2064 Quod
810 1998 855 2052 si
883 1997 1017 2070 quis
1045 1997 1266 2053 dictum
1300 1996 1445 2051 illud
1475 2016 1487 2055 :
1531 1997 1687 2053 Unde
1710 1998 1806 2062 sit,
1838 2013 1957 2052 non
1990 1998 2205 2054 deloco

546 2092 603 2144 et
626 2088 834 2158 patria.
860 2087 963 2141 sed
995 2086 1067 2141 de
1090 2102 1304 2158 genere
1335 2091 1390 2141 et
1416 2090 1580 2157 patre
1611 2086 1980 2151 intellexerit,
2014 2088 2207 2144 dicere

546 2178 771 2249 poterit,
788 2192 890 2232 eos
915 2175 1132 2230 dixisse
1159 2176 1373 2245 :Hujus
1405 2174 1650 2246 quidem
1680 2190 1868 2243 genus
1899 2182 1950 2230 et
1975 2183 2204 2247 patrem

546 2265 838 2329 novimus,
882 2270 1021 2335 puta
1049 2264 1268 2334 Ioseph
1301 2263 1728 2318 utcredebatur
1756 2281 1767 2317 :
1805 2264 2013 2319 Christi
2049 2282 2205 2330 vero,

548 2369 737 2424 genus
755 2358 809 2409 et
839 2355 1072 2409 Patrem
1103 2368 1281 2407 nemo
1314 2352 1634 2421 cognoscit,
1658 2368 1727 2407 eo
1751 2354 1913 2425 quod
1946 2370 2065 2410 non
2095 2357 2210 2410 sint

548 2440 675 2498 haec
704 2441 908 2498 litteris
936 2440 1192 2513 prodita,
1242 2445 1304 2496 ut
1328 2440 1443 2495 dici
1471 2440 1716 2512 possint.

622 2619 891 2677 Vers.28.
911 2619 1299 2676 Clamabat—
1327 2620 1457 2675 sim.
1493 2618 1813 2690 Clamabat,
1844 2621 2210 2677 confundens

550 2726 673 2777 eos,
702 2710 847 2765 dum
882 2710 963 2764 illi
1019 2709 1087 2765 de
1148 2708 1443 2764 industria
1496 2708 1649 2763 male
1692 2716 1933 2778 agerent
1980 2728 1992 2765 :
2030 2711 2208 2766 simul

550 2801 727 2856 etiam
755 2800 1038 2855 omnibus
1072 2797 1479 2862 manifestans,
1514 2814 1649 2869 quas
1681 2798 1759 2851 ab
1789 2798 1936 2869 ipsis
1980 2799 2209 2855 occulte

551 2889 917 2945 dicebantur.
963 2888 1105 2944 Dicit
1135 2893 1334 2943 autem
1386 2904 1399 2942 :
1450 2888 1528 2941 Et
1558 2902 1649 2942 me
1697 2889 1895 2952 nostis,
1925 2890 2046 2958 quis
2075 2890 2208 2957 sim,

550 2979 688 3051 quia
725 2978 877 3032 Deus
908 2994 931 3047 ,'
950 2985 1005 3033 et
1033 2979 1209 3032 nostis
1250 2976 1402 3032 unde
1431 2976 1558 3041 sim,
1593 2976 1735 3047 quia
1780 2995 1807 3027 η
1851 2982 2009 3032 Patre
2043 2979 2159 3033 Deo
2194 2999 2205 3037 :

551 3082 903 3139 quanquam
937 3082 1040 3121 vos
1071 3066 1219 3120 scire
1246 3064 1509 3133 tingatis,
1559 3065 1722 3137 quod
1768 3081 1802 3119 a
1840 3065 2066 3137 Joseph
2098 3067 2207 3121 sim
2252 3109 2289 3160 η

552 3156 916 3229 progenitus.
950 3155 1191 3210 Dicebat
1220 3160 1430 3219 autem,
1487 3154 1650 3226 quod
1682 3154 1760 3208 illi
1796 3155 1995 3225 ipsum
2032 3172 2214 3211 nove-

548 3250 683 3301 rant
734 3261 770 3301 a
817 3245 1147 3300 testimonio
1192 3244 1452 3308 Joannis,
1506 3242 1579 3297 de
1635 3259 1756 3314 quo
1790 3243 1936 3298 dixit
1990 3246 2209 3302 :Alius

551 3340 653 3401 est,
695 3333 800 3406 qui
826 3334 1209 3389 testimonium
1252 3332 1515 3401 perhibet
1562 3332 1635 3387 de
1682 3347 1772 3387 me
1798 3333 1841 3366 ³⁷
1875 3349 1887 3395 ;
1919 3331 1996 3387 ab
2023 3333 2209 3403 operi-

549 3424 662 3480 bus
690 3424 832 3488 suis,
866 3423 939 3479 de
971 3422 1192 3495 quibus
1221 3422 1335 3477 ait:
1370 3422 1507 3491 Ipsa
1536 3437 1732 3491 opera,
1758 3436 1886 3491 quae
1918 3437 2021 3492 ego
2043 3423 2211 3491 facio

552 3513 941 3569 testimonium
970 3511 1274 3581 perhibent
1307 3512 1377 3567 de
1429 3526 1518 3566 me
1549 3512 1595 3545 ³⁸
1658 3526 1668 3576 ;
1704 3514 1759 3565 et
1803 3526 1838 3564 a
1874 3511 2208 3581 Scripturis,

548 3602 622 3657 de
654 3601 868 3673 quibus
898 3600 1168 3656 similiter
1214 3600 1293 3655 ait
1325 3620 1336 3658 :
1368 3600 1491 3655 [tlte
1512 3604 1647 3655 sunt
1672 3614 1798 3670 qum
1820 3602 2208 3655 testimonium

546 3690 851 3759 perhibent
877 3690 950 3745 de
977 3698 1079 3745 me'
1103 3691 1171 3741 ³9.

622 3781 686 3833 Et
716 3777 1024 3850 quomodo
1055 3776 1204 3832 dixit
1244 3776 1529 3831 vicesimo
1556 3777 1728 3846 juxta
1758 3778 2093 3833 Matthteum
2114 3794 2210 3833 ca-

550 3866 669 3939 pite
697 3888 708 3920 :
740 3868 922 3923 Nemo
951 3866 1111 3921 novit
1155 3866 1342 3936 ﬁlium
1372 3865 1487 3921 nisi
1506 3867 1686 3921 Pater
1730 3866 1777 3900 ⁴⁰
1833 3867 1854 3919 Ρ
1886 3868 2031 3930 Quia
2065 3866 2210 3921 illud

550 3956 625 4011 de
656 3960 871 4013 natura
900 3955 1227 4011 divinitatis
1258 3972 1377 4009 suae
1400 3954 1566 4021 dixit,
1599 3955 1711 4010 hoc
1752 3960 1949 4010 autem
1985 3956 2211 4028 simpli-

550 4046 687 4102 citer
715 4044 790 4101 de
818 4044 1044 4109 notitia,
1070 4044 1232 4117 quod
1268 4045 1419 4098 Deus
1463 4044 1535 4099 sit
1582 4045 1796 4115 Deique
1832 4045 2026 4099 Filius.

620 4137 778 4190 Vers.
807 4136 893 4189 28.
926 4134 1003 4189 Et
1040 4164 1098 4173 —
1132 4136 1274 4190 veni.
1341 4134 1525 4189 Etiam
1576 4133 1710 4196 hoc,
1742 4134 1953 4204 inquit,
1982 4133 2207 4200 nostis;

548 4240 692 4282 nam
733 4229 788 4280 et
808 4223 870 4279 id
903 4223 1179 4295 praadicta
1210 4223 1421 4277 docent
1458 4222 1814 4289 testimonia,
1848 4229 1900 4277 et
1928 4224 2206 4291 maxime,

548 4315 692 4387 quia
718 4314 985 4370 Gloriam
1013 4313 1320 4382 prapriam
1362 4327 1481 4367 non
1535 4326 1756 4383 quaero,
1804 4312 1907 4366 sed
1952 4312 2207 4381 gloriam

550 4406 693 4474 ejus,
723 4402 825 4474 qui
853 4402 1009 4458 misit
1057 4416 1147 4457 me
1177 4402 1244 4453 ιι.

618 4465 783 4547 Vers.
814 4494 902 4547 ‘28.
926 4490 1045 4547 Sed
1075 4521 1139 4530 —
1172 4505 1277 4545 me.
1305 4487 1475 4543 Pater
1511 4504 1579 4544 ac
1614 4490 1781 4552 Deus,
1816 4487 1914 4559 qui
1943 4488 2209 4543 videlicet
2240 4465 2281 4517 ί)

552 4580 713 4655 misit
740 4596 853 4644 me,
887 4580 1038 4635 sicut
1082 4580 1435 4650 promiserat
1487 4594 1591 4649 per
1630 4578 1952 4649 prophetas
1999 4577 2206 4649 :quod

552 4668 599 4721 si
623 4684 798 4723 verax
830 4672 934 4734 est,
1011 4669 1112 4740 qui
1164 4668 1338 4733 misit,
1383 4667 1585 4737 utique
1643 4671 1699 4720 et
1760 4682 1936 4721 verax
1990 4666 2205 4737 estqui

551 4756 766 4812 missus
792 4762 897 4820 est,
932 4772 1068 4812 cum
1095 4756 1362 4828 ejusdem
1416 4755 1534 4809 sint
1565 4760 1812 4810 naturis.

623 4846 787 4900 Vers.
846 4845 933 4899 28.
981 4846 1155 4909 Quem
1211 4878 1278 4885 —
1330 4844 1593 4899 novistis.
1658 4846 1863 4915 Utpole
1926 4849 2206 4913 negantes

551 4935 719 4991 illum
750 4934 1046 5007 operibus.
1079 4935 1172 4989 Ait
1196 4936 1354 4990 enim
1387 4939 1443 4989 et
1466 4934 1770 5005 apostolus
1800 4950 1809 4986 :
1844 4935 2208 5001 Conﬁtentur

549 5034 604 5080 Se
632 5039 793 5080 nosse
822 5025 1027 5088 Deum,
1065 5024 1244 5093 factis
1274 5026 1462 5078 autem
1494 5030 1709 5092 negant
1745 5024 1809 5072 η.

623 5206 670 5240 ³⁵
718 5204 917 5261 Matth.
986 5220 1043 5270 ιι,
1104 5205 1156 5260 5.

624 5277 668 5313 ⁴¹
696 5276 864 5333 Joan.
888 5292 987 5344 vu,
1020 5277 1107 5332 18.

1236 5205 1283 5239 ³⁸
1326 5205 1495 5259 Joan.
1555 5218 1628 5273 ιχ,
1680 5203 1769 5257 29.

1186 5277 1232 5312 ⁴²
1264 5275 1368 5332 Tit.
1390 5293 1427 5340 1,
1462 5278 1547 5331 16.

1848 5203 1889 5236 ³⁷
1937 5204 2107 5258 Joan.
2166 5219 2219 5266 ν,
2254 5205 2341 5258 3'2.

2321 1817 2745 1890 ἕναντιο).ογοῦσα
2787 1826 2875 1873 καὶ
2922 1820 3216 1894 ψευδομένη
3248 1835 3531 1899 προφανῶς,
3562 1827 3616 1877 οὐ
3665 1833 3848 1883 συνίησι.

2322 1909 2465 1964 Μέθη
2506 1911 2606 1982 γὰρ
2639 1914 2728 1961 καὶ
2756 1911 2885 1968 αὕτη
2917 1910 3119 1982 ψυχῆς.

2394 1996 2452 2049 Εἰ
2510 1995 2569 2049 δέ
2624 2017 2704 2058 τις
2751 2002 2809 2050 τὸ
2861 2002 3018 2052 Πόθεν
3071 2001 3129 2052 οὗ
3178 2006 3293 2075 περὶ
3328 2008 3488 2055 τόπου
3521 2010 3602 2055 χαι
3631 2001 3848 2076 πατρίδος,

2325 2084 2451 2136 ἀλλὰ
2494 2092 2610 2161 περὶ
2657 2092 2836 2158 γένους
2877 2094 2965 2140 καὶ
3016 2094 3211 2161 πατρὸς
3256 2098 3446 2165 νοήσῃ,
3480 2097 3607 2145 εἰποι
3634 2092 3686 2144 ἂν
3710 2094 3854 2152 αὐτοὺς

2322 2173 2483 2244 λέγειν
2510 2177 2588 2226 ὄτι
2618 2180 2813 2229 Τούτου
2844 2182 2933 2249 μὲν
2963 2176 3177 2251 οἴδαμεν
3204 2185 3259 2231 τὸ
3286 2185 3431 2252 γένος
3463 2187 3546 2234 καὶ
3583 2187 3659 2233 τὸν
3686 2186 3851 2253 πατέρα,

2322 2260 2557 2335 [δηλαδὴ
2587 2269 2670 2316 τὸν
2702 2267 2779 2336 (4)
2820 2266 3034 2339 Ἰωσὴφ,
3068 2271 3131 2327 ὡς
3162 2265 3351 2321 ἐδόκευ
3378 2279 3468 2321 τοῦ
3509 2268 3565 2323 δὲ
3592 2279 3792 2343 Χριστοῦ
3815 2278 3855 2321 το

2321 2356 2465 2422 γένος
2512 2358 2601 2405 καὶ
2658 2358 2744 2405 τὸν
2806 2356 3032 2430 Πατέρα]
3093 2354 3270 2419 οὐδεὶς
3310 2366 3572 2429 γινώσκει,
3602 2356 3685 2412 διὰ
3724 2362 3770 2410 τὸ
3800 2362 3851 2428 μή

2318 2442 2490 2514 ῥητῶς
2522 2440 2932 2517 ἀναγεγράφθαι.

2392 2528 2639 2602 Ἔκραξεν
2705 2563 2774 2573 —
2850 2533 2975 2605 εἰμί.
3054 2534 3322 2609 Ἔκραξεν,
3405 2537 3641 2609 ἐντρέπων
3716 2537 3857 2593 αὖτοὺς

2322 2621 2390 2677 ὡς
2454 2618 2900 2686 ἐθελοκακοῦντας,
2952 2624 3062 2695 ἅμα
3125 2621 3183 2677 δὲ
3246 2631 3336 2678 καὶ
3396 2632 3529 2679 πᾶσι
3577 2634 3770 2699 φανερῶν
3810 2626 3857 2674 τὰ

2322 2713 2549 2779 κρυφίως
2604 2711 2725 2782 παρ’
2783 2710 2951 2763 αὐτῶν
3004 2712 3268 2785 λεγόμενα.
3324 2720 3481 2786 Λέγει
3529 2712 3584 2767 o‘l
3632 2717 3701 2767 ὅτι
3751 2713 3857 2783 Kay};

2322 2793 2499 2849 οἴδατε
2549 2803 2628 2859 τίς
2684 2799 2809 2869 εἰμι,
2869 2802 2950 2852 ὃτι
2998 2808 3123 2862 Θεὸς
3158 2820 3171 2832 ·

3405 2537 3641 2611 ἐντρέπων

3231 2808 3327 2856 Kal
3379 2802 3556 2857 οἴδατε
3596 2807 3729 2856 ποθεν
3763 2803 3855 2873 εἰμὶ,

2322 2888 2401 2937 ὅτι
2459 2886 2513 2937 ἐκ
2565 2892 2761 2961 Πατρός
2817 2898 2971 2954 θεοῦ,
3021 2891 3064 2943 εἰ
3112 2893 3189 2963 (5)
3228 2899 3317 2945 καὶ
3370 2892 3427 2945 ἐκ
3482 2894 3554 2965 (6)
3600 2894 3857 2960 τοῦΊωσὲφ

2324 2972 2514 3027 εἰδέναι
2574 2996 2636 3047 με
2692 2982 3083 3049 προσποιεῖσθε.
3155 2978 3362 3034 Εἰδέναι
3421 2980 3479 3035 δὲ
3524 2984 3665 3034 αὐτὸν
3712 2982 3859 3039 αὐτοὺς

2325 3064 2487 3135 ἔλεγεν
2568 3065 2667 3117 ἀπὸ
2742 3075 2837 3128 τῆς
2951 3075 3243 3144 μαρτυρίας
3331 3072 3589 3135 Ἰωάννου,
3660 3077 3759 3146 περὶ
3818 3070 3860 3120 οὗ

2326 3157 2526 3224 εἷφηκεν
2584 3155 2664 3206 ὃτι
2721 3155 2906 3208 Ἀλλοε
2962 3156 3101 3209 ἐστιν
3167 3160 3190 3210 ὁ
3255 3170 3537 3233 μαρτυρῶν
3590 3165 3693 3233 περὶ
3750 3158 3859 3227 ἔρον

2325 3243 2424 3292 ἀπο
2456 3261 2510 3293 τε
2547 3251 2646 3295 τῶν
2678 3246 2836 3317 ἔργων
2868 3246 3048 3313 αὐτοῦ,
3080 3252 3197 3319 περὶ
3248 3250 3314 3298 ὧν
3350 3247 3488 3301 εἶπεν
3540 3251 3615 3301 ὅτι
3660 3248 3781 3302 Αὒτάι
3819 3250 3864 3296 τὰ

2322 3333 2450 3402 ἔργα
2488 3330 2521 3382 ἆ
2568 3330 2667 3403 ἐγὼ
2708 3342 2859 3397 ποιῶ,
2907 3344 3160 3409 μαρτυρεῖ
3211 3343 3326 3409 περὶ
3386 3339 3533 3410 ἐμοῦ·
3572 3344 3653 3389 καὶ
3680 3337 3762 3388 ἀπὸ
3787 3345 3861 3386 τῶν

2326 3425 2678 3496 Γραφων,περὶ
2710 3423 2775 3473 ὧν
2804 3425 2992 3494 ὁμοίως
3019 3427 3108 3496 ἔφη
3151 3428 3226 3479 ὅτι
3276 3428 3503 3481 Ἐκείναί
3534 3429 3654 3481 εἰσιν
3694 3430 3737 3478 αἱ
3768 3444 3865 3497 μαρ-

2322 3517 2575 3581 τυροῦσαι
2597 3517 2712 3584 περὶ
2743 3515 2883 3583 ὶμοῦ.

2397 3690 2495 3737 Kal
2534 3694 2643 3748 πῶς
2696 3686 2744 3738 ἐν
2789 3696 2859 3757 τῷ
2909 3690 3126 3759 εἰκοστῷ
3172 3691 3437 3762 κεφαλαίῳ
3477 3700 3567 3744 τοῦ
3611 3694 3725 3742 κατὰ
3757 3696 3862 3741 Maro

2325 3775 2467 3825 Οαῖον
2504 3779 2702 3848 εἴρηκεν
2729 3778 2807 3828 ὅτι
2840 3775 3031 3839 Οὐδεὶς
3062 3778 3396 3851 ἐπιγινωσκεε
3430 3786 3516 3833 τὸν
3547 3784 3674 3843 Υἱὸν,
3703 3780 3739 3831 cl
3761 3783 3815 3850 μή
3841 3778 3858 3825 ό

2326 3869 2531 3936 Πατήρ;
2560 3864 2678 3918 Ὀτι
2702 3865 2858 3918 ἐκεῖνο
2888 3870 2977 3937 μὲν
3010 3866 3116 3920 εἷπε
3142 3874 3257 3939 περὶ
3280 3877 3374 3930 τῆς
3407 3874 3602 3942 φύσεως
3628 3879 3709 3930 τῆς
3729 3871 3859 3920 Θεοπ-

2321 3972 2404 4014 τος
2437 3953 2615 4005 αὑτοῦ·
2644 3962 2792 4006 τοῦτο
2825 3952 2884 4007 δὲ
2914 3962 3026 4029 περὶ
3088 3966 3177 4010 τοῦ
3221 3954 3422 4011 εἰδέναι
3468 3960 3635 4019 ἁπλῶς
3665 3960 3730 4010 ὄτι
3776 3954 3857 4006 ἐστὶ

2324 4046 2452 4102 Θεὸς
2481 4048 2568 4094 καὶ
2596 4046 2707 4103 Υἱὸς
2739 4049 2885 4097 Θεοῦ.

2397 4132 2495 4184 Καὶ
2523 4164 2590 4171 -
2622 4132 2859 4190 ἐλήλυθα.
2896 4130 3090 4187 Οἴδατε
3142 4142 3431 4205 καὶτοῦτο,
3462 4143 3592 4209 φησί
3620 4156 3630 4167 ·
3657 4140 3856 4186 καὶτοῦτο

2318 4224 2419 4292 γὰρ
2452 4224 2505 4272 αἱ
2532 4218 2849 4278 δηλωθείσαι
2891 4229 3176 4297 μαρτυρίαι
3221 4222 3601 4291 διδάσκουσιν,
3638 4225 3775 4283 ἄλλως
3806 4239 3856 4274 τε.

2319 4314 2406 4359 καὶ
2434 4310 2593 4380 (ηὸτι
2641 4310 2717 4362 0'5
2762 4316 2853 4367 τὴν
2904 4308 3063 4373 δόξαν
3112 4318 3203 4371 τὴν
3246 4310 3392 4366 ἰδίαν
3436 4316 3598 4379 ζητῶ,
3648 4314 3755 4365 ἀλλὰ
3796 4314 3853 4365 τὲ)

2321 4396 2476 4461 δόξαν
2506 4406 2597 4450 τοῦ
2636 4399 2935 4470 πέμψαντος
2966 4419 3045 4472 με.

2392 4486 2505 4538 Αλ).’
2563 4518 2626 4528 -
2678 4506 2757 4559 με.
2811 4487 2868 4539 Ὀ
2904 4494 3081 4562 Πατὴρ
3135 4496 3225 4543 καὶ
3272 4497 3427 4557 Θεὸς,
3464 4497 3532 4555 ὡς
3581 4492 3757 4560 πέμψας
3792 4504 3850 4558 με,

2317 4578 2488 4638 καθὼς
2519 4573 2611 4628 διὰ
2632 4585 2729 4627 τῶν
2770 4588 3042 4651 προφητῶν
3084 4578 3432 4651 ἐπηγγείὶοιτο
3466 4601 3477 4611 '
3516 4584 3558 4635 εἰ
3588 4580 3641 4635 δὲ
3668 4580 3851 4636 auem;

2318 4666 2342 4715 ὁ
2385 4665 2612 4737 πέμψας,
2647 4664 2882 4726 ἀληθινὸς
2915 4669 3014 4739 αἴρει
3057 4674 3144 4719 καὶ
3171 4671 3197 4720 ὁ
3224 4673 3481 4742 πεμφθεὶς
3507 4680 3611 4734 τῆς,
3647 4672 3712 4740 (8)
3734 4670 3849 4717 αὐτοῦ

2319 4758 2514 4826 φύσεως
2545 4759 2631 4805 ὧν.

2384 4842 2477 4893 "Ov
2540 4874 2602 4881 —
2656 4839 2851 4897 οἴδατε.
2885 4843 2967 4904 Ὠς
3013 4852 3123 4907 τοῖς
3169 4849 3336 4920 ἔργοις
3398 4847 3686 4921 ἀρνούμενοι
3719 4844 3845 4895 αὐτον.

2318 4938 2389 4989 ψη
2399 4936 2451 4983 σὶ
2468 4934 2567 5004 γὰρ
2594 4937 2683 4984 καί
2701 4934 2725 4983 ὁ
2752 4933 2808 4985 Ἀ
2818 4932 3068 4996 ποστολος
3091 4937 3171 4987 ὅτι
3190 4940 3317 4989 Θεὸν
3334 4938 3671 5010 ὁμολογοῦσιν
3692 4930 3846 4993 εἰδέναι,

2316 5030 2420 5082 τοῖς
2448 5018 2506 5073 δὲ
2531 5024 2701 5094 ἔργοις
2731 5020 3023 5095 ἀρνοῦνται.

2422 5203 2468 5237 ³⁸
2501 5200 2646 5257 ibid.
2709 5200 2797 5255 36.
2876 5202 2923 5236 ³⁹
2954 5199 3100 5257 ibid.
3146 5205 3232 5257 39.
3315 5204 3361 5238 ‘°
3432 5204 3626 5261 Matth.
3683 5195 3843 5266 x1572

1813 5396 2035 5466 Variae
2065 5398 2396 5487 lectiones
2430 5408 2495 5466 et
2516 5408 2694 5465 note

741 5617 974 5673 Inclusa
1022 5615 1370 5673 exciderunt
1422 5617 1488 5669 A.

651 5689 705 5764 5)
738 5693 799 5744 Ai
827 5689 960 5750 loco
992 5694 1101 5761 καί,
1139 5688 1202 5745 B.

625 5546 700 5683 (3;
733 5552 895 5599 Τοῦτο
926 5546 988 5601 Β.

622 5620 676 5687 (4
741 5617 974 5673 Inclusa

627 5692 643 5763 (

2390 5545 2466 5616 (6)
2491 5539 2711 5618 -Εἰδέναι
2750 5562 2813 5615 με
2843 5542 2897 5618 ἐκ
2919 5550 3009 5595 τοῦ
3044 5543 3234 5616 Ἰωσὴφ
3265 5544 3639 5618 προσποιεῖσθε
3669 5548 3719 5595 Α.

2389 5614 2461 5684 (τ)
2490 5614 2609 5666 Ὀτι
2650 5614 2817 5670 abest
2846 5616 2913 5669 Α.
3209 5614 3218 5616 ‘
3292 5658 3297 5659 ν

2384 5678 2460 5760 (Si
2491 5693 2597 5750 Τῆς
2629 5686 2790 5749 αὐτῆς
2830 5693 2890 5759 Α,
2926 5687 3090 5760 quod
3136 5688 3457 5745 Hentenius
3506 5687 3676 5744 etiam
3700 5678 3829 5738 habet
