  <div class='ocr_page' id='page_1' title='image "/cluster/home/n/w/nwhite01/storage/ocr_20150623/129/hvd.32044073502395/660.png"; bbox 0 0 4038 6226; ppageno 0'>
   <div class='ocr_carea' id='block_1_1' title="bbox 169 356 312 415">
    <p class='ocr_par' dir='ltr' id='par_1_1' title="bbox 169 356 312 415">
     <span class='ocr_line' id='line_1_1' title="bbox 169 356 312 415; baseline -0.014 0"><span class='ocrx_word' id='word_1_1' title='bbox 169 356 312 415; x_wconf 70' lang='grc' dir='ltr'>12Ἶ3</span> 
     </span>
    </p>
   </div>
   <div class='ocr_carea' id='block_1_2' title="bbox 1152 350 2500 412">
    <p class='ocr_par' dir='ltr' id='par_1_2' title="bbox 1152 350 2500 412">
     <span class='ocr_line' id='line_1_2' title="bbox 1152 350 2500 412; baseline -0.001 -1"><span class='ocrx_word' id='word_1_2' title='bbox 1152 353 1523 411; x_wconf 83' lang='lat' dir='ltr'>COMMENT.</span> <span class='ocrx_word' id='word_1_3' title='bbox 1565 353 1639 409; x_wconf 89' lang='lat' dir='ltr'><strong>IN</strong></span> <span class='ocrx_word' id='word_1_4' title='bbox 1675 350 2032 408; x_wconf 84' lang='lat' dir='ltr'>JOANNEM.</span> <span class='ocrx_word' id='word_1_5' title='bbox 2076 384 2145 394; x_wconf 97' lang='lat'><strong>—</strong></span> <span class='ocrx_word' id='word_1_6' title='bbox 2184 355 2336 411; x_wconf 86' lang='lat' dir='ltr'>CAP.</span> <span class='ocrx_word' id='word_1_7' title='bbox 2384 357 2500 412; x_wconf 69' lang='grc' dir='ltr'>νη.</span> 
     </span>
    </p>
   </div>
   <div class='ocr_carea' id='block_1_3' title="bbox 3395 353 3534 413">
    <p class='ocr_par' dir='ltr' id='par_1_3' title="bbox 3395 353 3534 413">
     <span class='ocr_line' id='line_1_3' title="bbox 3395 353 3534 413; baseline 0 -1"><span class='ocrx_word' id='word_1_8' title='bbox 3395 353 3534 413; x_wconf 68' lang='grc'>1274</span> 
     </span>
    </p>
   </div>
   <div class='ocr_carea' id='block_1_4' title="bbox 244 479 1775 555">
    <p class='ocr_par' dir='ltr' id='par_1_4' title="bbox 244 479 1775 555">
     <span class='ocr_line' id='line_1_4' title="bbox 244 479 1775 555; baseline -0.004 -18"><span class='ocrx_word' id='word_1_9' title='bbox 244 484 374 555; x_wconf 75' lang='grc' dir='ltr'>Ἐγὼ</span> <span class='ocrx_word' id='word_1_10' title='bbox 405 513 475 523; x_wconf 94' lang='lat'><strong>—</strong></span> <span class='ocrx_word' id='word_1_11' title='bbox 504 481 612 555; x_wconf 84' lang='grc' dir='ltr'>εἰμί</span> <span class='ocrx_word' id='word_1_12' title='bbox 623 527 635 538; x_wconf 91' lang='grc'>.</span> <span class='ocrx_word' id='word_1_13' title='bbox 677 485 818 536; x_wconf 87' lang='grc' dir='ltr'>Διότι</span> <span class='ocrx_word' id='word_1_14' title='bbox 844 480 897 545; x_wconf 82' lang='grc' dir='ltr'>ἐξ</span> <span class='ocrx_word' id='word_1_15' title='bbox 926 480 1086 534; x_wconf 77' lang='grc' dir='ltr'>αὐτοῦ</span> <span class='ocrx_word' id='word_1_16' title='bbox 1118 481 1240 554; x_wconf 84' lang='grc' dir='ltr'>εἰμι,</span> <span class='ocrx_word' id='word_1_17' title='bbox 1276 479 1327 544; x_wconf 73' lang='grc' dir='ltr'>ἐξ</span> <span class='ocrx_word' id='word_1_18' title='bbox 1355 479 1516 533; x_wconf 72' lang='grc' dir='ltr'>αὑτοῦ</span> <span class='ocrx_word' id='word_1_19' title='bbox 1539 482 1775 552; x_wconf 72' lang='grc' dir='ltr'>γεγέννη-</span> 
     </span>
    </p>
   </div>
   <div class='ocr_carea' id='block_1_5' title="bbox 1909 479 3534 555">
    <p class='ocr_par' dir='ltr' id='par_1_5' title="bbox 1960 481 3534 555">
     <span class='ocr_line' id='line_1_5' title="bbox 1960 481 3534 555; baseline 0.004 -24"><span class='ocrx_word' id='word_1_20' title='bbox 1960 481 2121 534; x_wconf 89' lang='lat' dir='ltr'>Vers.</span> <span class='ocrx_word' id='word_1_21' title='bbox 2168 485 2255 538; x_wconf 88' lang='lat'>29.</span> <span class='ocrx_word' id='word_1_22' title='bbox 2310 483 2436 554; x_wconf 85' lang='lat' dir='ltr'>Ego</span> <span class='ocrx_word' id='word_1_23' title='bbox 2474 514 2542 523; x_wconf 89' lang='lat'><strong><em>—</em></strong></span> <span class='ocrx_word' id='word_1_24' title='bbox 2583 483 2713 538; x_wconf 86' lang='lat' dir='ltr'>sim.</span> <span class='ocrx_word' id='word_1_25' title='bbox 2762 481 2909 547; x_wconf 81' lang='lat' dir='ltr'>Quia</span> <span class='ocrx_word' id='word_1_26' title='bbox 2965 497 3036 537; x_wconf 88' lang='lat' dir='ltr'>ex</span> <span class='ocrx_word' id='word_1_27' title='bbox 3081 481 3210 555; x_wconf 89' lang='lat' dir='ltr'>ipso</span> <span class='ocrx_word' id='word_1_28' title='bbox 3255 499 3412 550; x_wconf 86' lang='lat' dir='ltr'>sum,</span> <span class='ocrx_word' id='word_1_29' title='bbox 3460 497 3534 538; x_wconf 84' lang='lat' dir='ltr'>ex</span> 
     </span>
    </p>
   </div>
   <div class='ocr_carea' id='block_1_6' title="bbox 171 568 1776 646">
    <p class='ocr_par' dir='ltr' id='par_1_6' title="bbox 171 568 1776 646">
     <span class='ocr_line' id='line_1_6' title="bbox 171 568 1776 646; baseline -0.003 -22"><span class='ocrx_word' id='word_1_30' title='bbox 171 593 289 646; x_wconf 80' lang='grc' dir='ltr'>μαι.</span> <span class='ocrx_word' id='word_1_31' title='bbox 327 577 426 625; x_wconf 81' lang='grc' dir='ltr'>Καὶ</span> <span class='ocrx_word' id='word_1_32' title='bbox 458 571 631 623; x_wconf 84' lang='grc' dir='ltr'>ὀπίσω</span> <span class='ocrx_word' id='word_1_33' title='bbox 671 568 731 625; x_wconf 74' lang='grc' dir='ltr'>δὲ</span> <span class='ocrx_word' id='word_1_34' title='bbox 760 575 979 644; x_wconf 78' lang='grc' dir='ltr'>εἴρηκεν,</span> <span class='ocrx_word' id='word_1_35' title='bbox 1027 570 1148 642; x_wconf 70' lang='grc' dir='ltr'>Οὐχ</span> <span class='ocrx_word' id='word_1_36' title='bbox 1178 572 1254 623; x_wconf 85' lang='grc' dir='ltr'>ὅτι</span> <span class='ocrx_word' id='word_1_37' title='bbox 1304 573 1392 623; x_wconf 86' lang='grc' dir='ltr'>τὸν</span> <span class='ocrx_word' id='word_1_38' title='bbox 1448 573 1652 643; x_wconf 78' lang='grc' dir='ltr'>Πατέρα</span> <span class='ocrx_word' id='word_1_39' title='bbox 1697 589 1776 630; x_wconf 89' lang='grc' dir='ltr'>τις</span> 
     </span>
    </p>
   </div>
   <div class='ocr_carea' id='block_1_7' title="bbox 171 661 1224 736">
    <p class='ocr_par' dir='ltr' id='par_1_7' title="bbox 171 661 1224 736">
     <span class='ocr_line' id='line_1_7' title="bbox 171 661 1224 736; baseline -0.004 -21"><span class='ocrx_word' id='word_1_40' title='bbox 171 661 414 736; x_wconf 80' lang='grc' dir='ltr'>ἑώρακεν,</span> <span class='ocrx_word' id='word_1_41' title='bbox 443 671 486 714; x_wconf 80' lang='grc' dir='ltr'>ει</span> <span class='ocrx_word' id='word_1_42' title='bbox 515 665 587 732; x_wconf 79' lang='grc' dir='ltr'>μὴ</span> <span class='ocrx_word' id='word_1_43' title='bbox 629 662 655 713; x_wconf 83' lang='grc' dir='ltr'><strong><em>ὁ</em></strong></span> <span class='ocrx_word' id='word_1_44' title='bbox 685 665 752 712; x_wconf 83' lang='grc' dir='ltr'>ὤν</span> <span class='ocrx_word' id='word_1_45' title='bbox 782 663 925 735; x_wconf 83' lang='grc' dir='ltr'>παρὰ</span> <span class='ocrx_word' id='word_1_46' title='bbox 954 666 1045 712; x_wconf 78' lang='grc' dir='ltr'>τοῦ</span> <span class='ocrx_word' id='word_1_47' title='bbox 1073 667 1224 714; x_wconf 84' lang='grc' dir='ltr'>Θεοῦ.</span> 
     </span>
    </p>
   </div>
   <div class='ocr_carea' id='block_1_8' title="bbox 249 833 1774 909">
    <p class='ocr_par' dir='ltr' id='par_1_8' title="bbox 249 833 1774 909">
     <span class='ocr_line' id='line_1_8' title="bbox 249 833 1774 909; baseline -0.003 -19"><span class='ocrx_word' id='word_1_48' title='bbox 249 836 493 898; x_wconf 77' lang='grc' dir='ltr'>Κάκεῖνος</span> <span class='ocrx_word' id='word_1_49' title='bbox 528 855 591 909; x_wconf 85' lang='grc' dir='ltr'>με</span> <span class='ocrx_word' id='word_1_50' title='bbox 621 834 901 889; x_wconf 79' lang='grc' dir='ltr'>ἀπέστειλε.</span> <span class='ocrx_word' id='word_1_51' title='bbox 932 843 1168 906; x_wconf 85' lang='grc' dir='ltr'>Συνεχῶς</span> <span class='ocrx_word' id='word_1_52' title='bbox 1182 834 1317 906; x_wconf 71' lang='grc' dir='ltr'>λέγει</span> <span class='ocrx_word' id='word_1_53' title='bbox 1345 839 1584 907; x_wconf 75' lang='grc' dir='ltr'>περὶτῆς</span> <span class='ocrx_word' id='word_1_54' title='bbox 1613 833 1774 886; x_wconf 80' lang='grc' dir='ltr'>ἀποσ-</span> 
     </span>
    </p>
   </div>
   <div class='ocr_carea' id='block_1_9' title="bbox 169 922 1770 1000">
    <p class='ocr_par' dir='ltr' id='par_1_9' title="bbox 169 922 1770 1000">
     <span class='ocr_line' id='line_1_9' title="bbox 169 922 1770 1000; baseline -0.003 -21"><span class='ocrx_word' id='word_1_55' title='bbox 169 927 295 985; x_wconf 78' lang='grc' dir='ltr'>τολῆ</span> <span class='ocrx_word' id='word_1_56' title='bbox 308 947 348 993; x_wconf 67' lang='grc' dir='ltr'>ς,</span> <span class='ocrx_word' id='word_1_57' title='bbox 382 925 696 1000; x_wconf 78' lang='grc' dir='ltr'>βουλόμενος</span> <span class='ocrx_word' id='word_1_58' title='bbox 725 933 906 978; x_wconf 84' lang='grc' dir='ltr'>πεῖσαι</span> <span class='ocrx_word' id='word_1_59' title='bbox 945 924 1130 985; x_wconf 67' lang='grc' dir='ltr'>αὐτοὺς</span> <span class='ocrx_word' id='word_1_60' title='bbox 1159 926 1237 976; x_wconf 84' lang='grc' dir='ltr'>ὅτι</span> <span class='ocrx_word' id='word_1_61' title='bbox 1269 926 1325 976; x_wconf 79' lang='grc' dir='ltr'>ἐκ</span> <span class='ocrx_word' id='word_1_62' title='bbox 1354 932 1444 976; x_wconf 77' lang='grc' dir='ltr'>τοῦ</span> <span class='ocrx_word' id='word_1_63' title='bbox 1473 931 1606 977; x_wconf 79' lang='grc' dir='ltr'>Θεοῦ</span> <span class='ocrx_word' id='word_1_64' title='bbox 1653 922 1770 975; x_wconf 67' lang='lat' dir='ltr'>6mi-</span> 
     </span>
    </p>
   </div>
   <div class='ocr_carea' id='block_1_10' title="bbox 174 1012 1776 1088">
    <p class='ocr_par' dir='ltr' id='par_1_10' title="bbox 174 1012 1776 1088">
     <span class='ocr_line' id='line_1_10' title="bbox 174 1012 1776 1088; baseline -0.002 -20"><span class='ocrx_word' id='word_1_65' title='bbox 174 1017 414 1079; x_wconf 83' lang='grc' dir='ltr'>σταλται,</span> <span class='ocrx_word' id='word_1_66' title='bbox 447 1020 537 1068; x_wconf 82' lang='grc' dir='ltr'>καὶ</span> <span class='ocrx_word' id='word_1_67' title='bbox 566 1014 659 1067; x_wconf 69' lang='grc' dir='ltr'>οὐκ</span> <span class='ocrx_word' id='word_1_68' title='bbox 685 1016 826 1067; x_wconf 85' lang='grc' dir='ltr'>ἔστιν</span> <span class='ocrx_word' id='word_1_69' title='bbox 853 1013 1076 1074; x_wconf 76' lang='grc' dir='ltr'>ἀντίθεος</span> <span class='ocrx_word' id='word_1_70' title='bbox 1112 1015 1175 1074; x_wconf 82' lang='grc' dir='ltr'>ὡς</span> <span class='ocrx_word' id='word_1_71' title='bbox 1200 1012 1537 1086; x_wconf 79' lang='grc' dir='ltr'>προλαϐόντες</span> <span class='ocrx_word' id='word_1_72' title='bbox 1563 1013 1776 1088; x_wconf 78' lang='grc' dir='ltr'>εἰρήκα-</span> 
     </span>
    </p>
   </div>
   <div class='ocr_carea' id='block_1_11' title="bbox 170 1101 1774 1176">
    <p class='ocr_par' dir='ltr' id='par_1_11' title="bbox 170 1101 1774 1176">
     <span class='ocr_line' id='line_1_11' title="bbox 170 1101 1774 1176; baseline -0.002 -18"><span class='ocrx_word' id='word_1_73' title='bbox 170 1125 285 1176; x_wconf 83' lang='grc' dir='ltr'>μεν.</span> <span class='ocrx_word' id='word_1_74' title='bbox 322 1105 467 1158; x_wconf 77' lang='grc' dir='ltr'>Ἀαα</span> <span class='ocrx_word' id='word_1_75' title='bbox 513 1101 573 1156; x_wconf 70' lang='grc' dir='ltr'>δὲ</span> <span class='ocrx_word' id='word_1_76' title='bbox 618 1109 708 1156; x_wconf 80' lang='grc' dir='ltr'>καὶ</span> <span class='ocrx_word' id='word_1_77' title='bbox 766 1102 836 1166; x_wconf 84' lang='grc' dir='ltr'>εἰς</span> <span class='ocrx_word' id='word_1_78' title='bbox 882 1104 1152 1175; x_wconf 85' lang='grc' dir='ltr'>θεραπείαν</span> <span class='ocrx_word' id='word_1_79' title='bbox 1208 1111 1306 1154; x_wconf 86' lang='grc' dir='ltr'>τῶν</span> <span class='ocrx_word' id='word_1_80' title='bbox 1344 1107 1774 1176; x_wconf 85' lang='grc' dir='ltr'>προσισταμένων</span> 
     </span>
    </p>
   </div>
   <div class='ocr_carea' id='block_1_12' title="bbox 169 1191 1774 1268">
    <p class='ocr_par' dir='ltr' id='par_1_12' title="bbox 169 1191 1774 1268">
     <span class='ocr_line' id='line_1_12' title="bbox 169 1191 1774 1268; baseline -0.001 -22"><span class='ocrx_word' id='word_1_81' title='bbox 169 1196 351 1256; x_wconf 75' lang='grc' dir='ltr'>αὐτοῖς</span> <span class='ocrx_word' id='word_1_82' title='bbox 382 1196 670 1268; x_wconf 81' lang='grc' dir='ltr'>θεοπρεπῶν</span> <span class='ocrx_word' id='word_1_83' title='bbox 693 1193 939 1267; x_wconf 82' lang='grc' dir='ltr'>ῥημάτων</span> <span class='ocrx_word' id='word_1_84' title='bbox 966 1191 1001 1243; x_wconf 86' lang='grc' dir='ltr'><strong><em>ἂ</em></strong></span> <span class='ocrx_word' id='word_1_85' title='bbox 1036 1197 1354 1267; x_wconf 73' lang='grc' dir='ltr'>παρεμίγνυε</span> <span class='ocrx_word' id='word_1_86' title='bbox 1381 1192 1628 1255; x_wconf 68' lang='grc' dir='ltr'>πολλάκις</span> <span class='ocrx_word' id='word_1_87' title='bbox 1666 1200 1774 1255; x_wconf 88' lang='grc' dir='ltr'>τοῖς</span> 
     </span>
    </p>
   </div>
   <div class='ocr_carea' id='block_1_13' title="bbox 171 1281 872 1358">
    <p class='ocr_par' dir='ltr' id='par_1_13' title="bbox 171 1281 872 1358">
     <span class='ocr_line' id='line_1_13' title="bbox 171 1281 872 1358; baseline -0.003 -22"><span class='ocrx_word' id='word_1_88' title='bbox 171 1285 666 1358; x_wconf 75' lang='grc' dir='ltr'>ἀνθρωποπρεπὲσιν</span> <span class='ocrx_word' id='word_1_89' title='bbox 692 1281 872 1334; x_wconf 74' lang='grc' dir='ltr'>αὐτοῦ.</span> 
     </span>
    </p>
   </div>
   <div class='ocr_carea' id='block_1_14' title="bbox 244 1369 1775 1446">
    <p class='ocr_par' dir='ltr' id='par_1_14' title="bbox 244 1369 1775 1446">
     <span class='ocr_line' id='line_1_14' title="bbox 244 1369 1775 1446; baseline 0 -22"><span class='ocrx_word' id='word_1_90' title='bbox 244 1373 499 1433; x_wconf 81' lang='grc' dir='ltr'>Ἐζήτουν</span> <span class='ocrx_word' id='word_1_91' title='bbox 528 1402 596 1412; x_wconf 93' lang='lat'><strong><em>—</em></strong></span> <span class='ocrx_word' id='word_1_92' title='bbox 628 1373 840 1425; x_wconf 75' lang='grc' dir='ltr'>πιάσαι.</span> <span class='ocrx_word' id='word_1_93' title='bbox 868 1369 1198 1442; x_wconf 70' lang='grc' dir='ltr'>Ἐπλήσγησαν</span> <span class='ocrx_word' id='word_1_94' title='bbox 1217 1373 1318 1446; x_wconf 71' lang='grc' dir='ltr'>γὰρ</span> <span class='ocrx_word' id='word_1_95' title='bbox 1353 1369 1665 1434; x_wconf 83' lang='grc' dir='ltr'>ἀκούσαντες</span> <span class='ocrx_word' id='word_1_96' title='bbox 1695 1373 1775 1424; x_wconf 85' lang='grc' dir='ltr'>ὅτι</span> 
     </span>
    </p>
   </div>
   <div class='ocr_carea' id='block_1_15' title="bbox 167 1457 784 1534">
    <p class='ocr_par' dir='ltr' id='par_1_15' title="bbox 167 1457 784 1534">
     <span class='ocr_line' id='line_1_15' title="bbox 167 1457 784 1534; baseline -0.005 -19"><span class='ocrx_word' id='word_1_97' title='bbox 167 1462 267 1515; x_wconf 74' lang='grc' dir='ltr'>⁸³ον</span> <span class='ocrx_word' id='word_1_98' title='bbox 296 1463 436 1534; x_wconf 71' lang='grc' dir='ltr'>ὑμεῖς</span> <span class='ocrx_word' id='word_1_99' title='bbox 461 1460 555 1514; x_wconf 74' lang='grc' dir='ltr'>οὐκ</span> <span class='ocrx_word' id='word_1_100' title='bbox 585 1457 784 1512; x_wconf 83' lang='grc' dir='ltr'>οἴδατε.</span> 
     </span>
    </p>
   </div>
   <div class='ocr_carea' id='block_1_16' title="bbox 249 1637 1773 1713">
    <p class='ocr_par' dir='ltr' id='par_1_16' title="bbox 249 1637 1773 1713">
     <span class='ocr_line' id='line_1_16' title="bbox 249 1637 1773 1713; baseline -0.002 -20"><span class='ocrx_word' id='word_1_101' title='bbox 249 1643 351 1694; x_wconf 78' lang='grc' dir='ltr'>Καὶ</span> <span class='ocrx_word' id='word_1_102' title='bbox 390 1670 460 1679; x_wconf 93' lang='lat'>—</span> <span class='ocrx_word' id='word_1_103' title='bbox 501 1637 707 1713; x_wconf 81' lang='grc' dir='ltr'>χεῖρα.]</span> <span class='ocrx_word' id='word_1_104' title='bbox 748 1637 1050 1710; x_wconf 81' lang='grc' dir='ltr'>Ἐπείχοντο</span> <span class='ocrx_word' id='word_1_105' title='bbox 1097 1641 1198 1711; x_wconf 72' lang='grc' dir='ltr'>γὰρ</span> <span class='ocrx_word' id='word_1_106' title='bbox 1249 1637 1479 1711; x_wconf 74' lang='grc' dir='ltr'>ἀοράτως</span> <span class='ocrx_word' id='word_1_107' title='bbox 1531 1640 1626 1690; x_wconf 65' lang='grc' dir='ltr'>ὑπὸ</span> <span class='ocrx_word' id='word_1_108' title='bbox 1679 1647 1773 1701; x_wconf 86' lang='grc' dir='ltr'>τῆς</span> 
     </span>
    </p>
   </div>
   <div class='ocr_carea' id='block_1_17' title="bbox 170 1725 1150 1800">
    <p class='ocr_par' dir='ltr' id='par_1_17' title="bbox 170 1725 1150 1800">
     <span class='ocr_line' id='line_1_17' title="bbox 170 1725 1150 1800; baseline 0 -20"><span class='ocrx_word' id='word_1_109' title='bbox 170 1729 394 1791; x_wconf 78' lang='grc' dir='ltr'>ἐνούσης</span> <span class='ocrx_word' id='word_1_110' title='bbox 431 1728 508 1800; x_wconf 65' lang='grc'>(9)</span> <span class='ocrx_word' id='word_1_111' title='bbox 540 1728 680 1798; x_wconf 69' lang='grc' dir='ltr'>αὐτῷ</span> <span class='ocrx_word' id='word_1_112' title='bbox 703 1729 837 1788; x_wconf 85' lang='grc' dir='ltr'>θείας</span> <span class='ocrx_word' id='word_1_113' title='bbox 863 1725 1150 1800; x_wconf 75' lang='grc' dir='ltr'>δυνάμεως.</span> 
     </span>
    </p>
   </div>
   <div class='ocr_carea' id='block_1_18' title="bbox 243 1816 1849 1890">
    <p class='ocr_par' dir='ltr' id='par_1_18' title="bbox 243 1816 1849 1890">
     <span class='ocr_line' id='line_1_18' title="bbox 243 1816 1849 1890; baseline 0 -20"><span class='ocrx_word' id='word_1_114' title='bbox 243 1817 366 1870; x_wconf 79' lang='grc' dir='ltr'>Ὀτι</span> <span class='ocrx_word' id='word_1_115' title='bbox 414 1849 482 1859; x_wconf 89' lang='grc'><strong><em>-</em></strong></span> <span class='ocrx_word' id='word_1_116' title='bbox 542 1817 720 1871; x_wconf 74' lang='grc' dir='ltr'>αὐτοῦ.</span> <span class='ocrx_word' id='word_1_117' title='bbox 775 1817 833 1869; x_wconf 84' lang='grc' dir='ltr'>Ἠ</span> <span class='ocrx_word' id='word_1_118' title='bbox 884 1824 976 1869; x_wconf 83' lang='grc' dir='ltr'>τοῦ</span> <span class='ocrx_word' id='word_1_119' title='bbox 1035 1816 1392 1890; x_wconf 68' lang='grc' dir='ltr'>συλληφθῆναι</span> <span class='ocrx_word' id='word_1_120' title='bbox 1448 1823 1537 1870; x_wconf 79' lang='grc' dir='ltr'>καὶ</span> <span class='ocrx_word' id='word_1_121' title='bbox 1591 1820 1770 1872; x_wconf 84' lang='grc' dir='ltr'>παθιὶν</span> <span class='ocrx_word' id='word_1_122' title='bbox 1804 1827 1849 1882; x_wconf 85' lang='grc' dir='ltr'>Β</span> 
     </span>
    </p>
   </div>
   <div class='ocr_carea' id='block_1_19' title="bbox 166 1909 351 1962">
    <p class='ocr_par' dir='ltr' id='par_1_19' title="bbox 166 1909 351 1962">
     <span class='ocr_line' id='line_1_19' title="bbox 166 1909 351 1962; baseline 0.011 -2"><span class='ocrx_word' id='word_1_123' title='bbox 166 1909 351 1962; x_wconf 75' lang='grc' dir='ltr'>αὐτόν.</span> 
     </span>
    </p>
   </div>
   <div class='ocr_carea' id='block_1_20' title="bbox 246 1995 1770 2071">
    <p class='ocr_par' dir='ltr' id='par_1_20' title="bbox 246 1995 1770 2071">
     <span class='ocr_line' id='line_1_20' title="bbox 246 1995 1770 2071; baseline -0.003 -21"><span class='ocrx_word' id='word_1_124' title='bbox 246 1997 434 2050; x_wconf 82' lang='grc' dir='ltr'>Πολλοὶ</span> <span class='ocrx_word' id='word_1_125' title='bbox 462 2027 530 2038; x_wconf 93' lang='lat'><strong>—</strong></span> <span class='ocrx_word' id='word_1_126' title='bbox 560 1996 734 2052; x_wconf 75' lang='grc' dir='ltr'>αὐτόν.</span> <span class='ocrx_word' id='word_1_127' title='bbox 766 1995 889 2048; x_wconf 81' lang='grc' dir='ltr'><strong><em>Ὑπὸ</em></strong></span> <span class='ocrx_word' id='word_1_128' title='bbox 920 2015 972 2049; x_wconf 85' lang='grc' dir='ltr'>τε</span> <span class='ocrx_word' id='word_1_129' title='bbox 999 2005 1098 2048; x_wconf 85' lang='grc' dir='ltr'>τῶν</span> <span class='ocrx_word' id='word_1_130' title='bbox 1126 1996 1484 2071; x_wconf 77' lang='grc' dir='ltr'>προλαϐόντων</span> <span class='ocrx_word' id='word_1_131' title='bbox 1523 2002 1770 2069; x_wconf 63' lang='grc' dir='ltr'>σημείων,</span> 
     </span>
    </p>
   </div>
   <div class='ocr_carea' id='block_1_21' title="bbox 169 2085 1421 2161">
    <p class='ocr_par' dir='ltr' id='par_1_21' title="bbox 169 2085 1421 2161">
     <span class='ocr_line' id='line_1_21' title="bbox 169 2085 1421 2161; baseline 0.001 -23"><span class='ocrx_word' id='word_1_132' title='bbox 169 2089 276 2140; x_wconf 76' lang='grc' dir='ltr'>ὑπὸ</span> <span class='ocrx_word' id='word_1_133' title='bbox 307 2106 361 2139; x_wconf 86' lang='grc' dir='ltr'>τε</span> <span class='ocrx_word' id='word_1_134' title='bbox 386 2096 485 2139; x_wconf 88' lang='grc' dir='ltr'>τῶν</span> <span class='ocrx_word' id='word_1_135' title='bbox 505 2088 627 2159; x_wconf 79' lang='grc' dir='ltr'>ἄρτι</span> <span class='ocrx_word' id='word_1_136' title='bbox 649 2087 905 2161; x_wconf 77' lang='grc' dir='ltr'>ῥηθέντων</span> <span class='ocrx_word' id='word_1_137' title='bbox 935 2085 1096 2157; x_wconf 79' lang='grc' dir='ltr'>λόγων</span> <span class='ocrx_word' id='word_1_138' title='bbox 1129 2085 1421 2148; x_wconf 78' lang='grc' dir='ltr'>ἑαλωκοτες.</span> 
     </span>
    </p>
   </div>
   <div class='ocr_carea' id='block_1_22' title="bbox 248 2173 1770 2246">
    <p class='ocr_par' dir='ltr' id='par_1_22' title="bbox 248 2173 1770 2246">
     <span class='ocr_line' id='line_1_22' title="bbox 248 2173 1770 2246; baseline -0.001 -17"><span class='ocrx_word' id='word_1_139' title='bbox 248 2180 350 2229; x_wconf 81' lang='grc' dir='ltr'>Καὶ</span> <span class='ocrx_word' id='word_1_140' title='bbox 381 2207 448 2216; x_wconf 93' lang='grc'><strong><em>-</em></strong></span> <span class='ocrx_word' id='word_1_141' title='bbox 479 2174 718 2233; x_wconf 72' lang='grc' dir='ltr'>εποίησεν</span> <span class='ocrx_word' id='word_1_142' title='bbox 745 2193 758 2243; x_wconf 89' lang='grc'>;</span> <span class='ocrx_word' id='word_1_143' title='bbox 789 2175 847 2228; x_wconf 79' lang='grc' dir='ltr'>Εἰ</span> <span class='ocrx_word' id='word_1_144' title='bbox 863 2181 952 2227; x_wconf 83' lang='grc' dir='ltr'>καὶ</span> <span class='ocrx_word' id='word_1_145' title='bbox 975 2174 1308 2239; x_wconf 79' lang='grc' dir='ltr'>ἐπίστευσαν,</span> <span class='ocrx_word' id='word_1_146' title='bbox 1329 2173 1557 2246; x_wconf 69' lang='grc' dir='ltr'>ἀλλὀὐχ</span> <span class='ocrx_word' id='word_1_147' title='bbox 1587 2176 1770 2245; x_wconf 66' lang='grc' dir='ltr'>ὑἹιῶς.</span> 
     </span>
    </p>
   </div>
   <div class='ocr_carea' id='block_1_23' title="bbox 169 2261 1773 2340">
    <p class='ocr_par' dir='ltr' id='par_1_23' title="bbox 169 2261 1773 2340">
     <span class='ocr_line' id='line_1_23' title="bbox 169 2261 1773 2340; baseline -0.003 -21"><span class='ocrx_word' id='word_1_148' title='bbox 169 2266 409 2326; x_wconf 77' lang='grc' dir='ltr'>Εἰπόντες</span> <span class='ocrx_word' id='word_1_149' title='bbox 432 2268 533 2340; x_wconf 70' lang='grc' dir='ltr'>γὰρ</span> <span class='ocrx_word' id='word_1_150' title='bbox 565 2266 646 2317; x_wconf 80' lang='grc' dir='ltr'>ὅτι</span> <span class='ocrx_word' id='word_1_151' title='bbox 668 2264 726 2317; x_wconf 76' lang='grc' dir='ltr'>Ὀ</span> <span class='ocrx_word' id='word_1_152' title='bbox 760 2269 985 2340; x_wconf 85' lang='grc' dir='ltr'>Χριστὸς</span> <span class='ocrx_word' id='word_1_153' title='bbox 1029 2267 1149 2318; x_wconf 86' lang='grc' dir='ltr'>ὃταν</span> <span class='ocrx_word' id='word_1_154' title='bbox 1177 2265 1319 2338; x_wconf 69' lang='grc' dir='ltr'>ἔλθῃ,</span> <span class='ocrx_word' id='word_1_155' title='bbox 1351 2261 1550 2327; x_wconf 77' lang='grc' dir='ltr'>ἔδειξαν</span> <span class='ocrx_word' id='word_1_156' title='bbox 1579 2266 1658 2316; x_wconf 83' lang='grc' dir='ltr'>ὅτι</span> <span class='ocrx_word' id='word_1_157' title='bbox 1679 2264 1773 2315; x_wconf 72' lang='grc' dir='ltr'>οὐκ</span> 
     </span>
    </p>
   </div>
   <div class='ocr_carea' id='block_1_24' title="bbox 166 2351 1771 2429">
    <p class='ocr_par' dir='ltr' id='par_1_24' title="bbox 166 2351 1771 2429">
     <span class='ocr_line' id='line_1_24' title="bbox 166 2351 1771 2429; baseline -0.001 -21"><span class='ocrx_word' id='word_1_158' title='bbox 166 2357 491 2408; x_wconf 75' lang='grc' dir='ltr'>ἐπίστευσαν</span> <span class='ocrx_word' id='word_1_159' title='bbox 539 2353 764 2428; x_wconf 76' lang='grc' dir='ltr'>βεϐαίως</span> <span class='ocrx_word' id='word_1_160' title='bbox 823 2354 976 2406; x_wconf 69' lang='grc' dir='ltr'>αὐτὸν</span> <span class='ocrx_word' id='word_1_161' title='bbox 1026 2351 1154 2406; x_wconf 84' lang='grc' dir='ltr'>εἶναι</span> <span class='ocrx_word' id='word_1_162' title='bbox 1208 2358 1291 2406; x_wconf 86' lang='grc' dir='ltr'>τὸν</span> <span class='ocrx_word' id='word_1_163' title='bbox 1342 2358 1590 2429; x_wconf 83' lang='grc' dir='ltr'>Χριστὸν,</span> <span class='ocrx_word' id='word_1_164' title='bbox 1665 2353 1771 2406; x_wconf 79' lang='grc' dir='ltr'>ἀλλ’</span> 
     </span>
    </p>
   </div>
   <div class='ocr_carea' id='block_1_25' title="bbox 167 2442 1182 2518">
    <p class='ocr_par' dir='ltr' id='par_1_25' title="bbox 167 2442 1182 2518">
     <span class='ocr_line' id='line_1_25' title="bbox 167 2442 1182 2518; baseline 0.001 -22"><span class='ocrx_word' id='word_1_165' title='bbox 167 2443 495 2518; x_wconf 72' lang='grc' dir='ltr'>ἀμφιϐόλως,</span> <span class='ocrx_word' id='word_1_166' title='bbox 518 2447 582 2504; x_wconf 82' lang='grc' dir='ltr'>ὡς</span> <span class='ocrx_word' id='word_1_167' title='bbox 608 2442 836 2514; x_wconf 74' lang='grc' dir='ltr'>ἀγελαῖοι</span> <span class='ocrx_word' id='word_1_168' title='bbox 861 2449 950 2496; x_wconf 84' lang='grc' dir='ltr'>καὶ</span> <span class='ocrx_word' id='word_1_169' title='bbox 980 2452 1182 2516; x_wconf 74' lang='grc' dir='ltr'>κοῦφοι.</span> 
     </span>
    </p>
   </div>
   <div class='ocr_carea' id='block_1_26' title="bbox 241 2619 1772 2698">
    <p class='ocr_par' dir='ltr' id='par_1_26' title="bbox 241 2619 1772 2698">
     <span class='ocr_line' id='line_1_26' title="bbox 241 2619 1772 2698; baseline -0.001 -22"><span class='ocrx_word' id='word_1_170' title='bbox 241 2623 313 2676; x_wconf 80' lang='grc' dir='ltr'><strong>Ἦ</strong></span> <span class='ocrx_word' id='word_1_171' title='bbox 349 2628 442 2675; x_wconf 81' lang='grc' dir='ltr'>καὶ</span> <span class='ocrx_word' id='word_1_172' title='bbox 469 2622 586 2675; x_wconf 84' lang='grc' dir='ltr'>καθ’</span> <span class='ocrx_word' id='word_1_173' title='bbox 625 2623 872 2676; x_wconf 73' lang='grc' dir='ltr'>ὑπόθεσιν</span> <span class='ocrx_word' id='word_1_174' title='bbox 893 2630 1046 2675; x_wconf 79' lang='grc' dir='ltr'>τοῦτο</span> <span class='ocrx_word' id='word_1_175' title='bbox 1076 2619 1236 2687; x_wconf 82' lang='grc' dir='ltr'>εἷπον,</span> <span class='ocrx_word' id='word_1_176' title='bbox 1272 2624 1352 2674; x_wconf 86' lang='grc' dir='ltr'>ὅτι</span> <span class='ocrx_word' id='word_1_177' title='bbox 1386 2627 1583 2695; x_wconf 84' lang='grc' dir='ltr'>Θῶμεν,</span> <span class='ocrx_word' id='word_1_178' title='bbox 1607 2624 1772 2698; x_wconf 82' lang='grc' dir='ltr'>ἕτερον</span> 
     </span>
    </p>
   </div>
   <div class='ocr_carea' id='block_1_27' title="bbox 169 2711 1774 2786">
    <p class='ocr_par' dir='ltr' id='par_1_27' title="bbox 169 2711 1774 2786">
     <span class='ocr_line' id='line_1_27' title="bbox 169 2711 1774 2786; baseline -0.001 -20"><span class='ocrx_word' id='word_1_179' title='bbox 169 2711 304 2766; x_wconf 84' lang='grc' dir='ltr'>εἶναι</span> <span class='ocrx_word' id='word_1_180' title='bbox 330 2715 417 2765; x_wconf 85' lang='grc' dir='ltr'>τὸν</span> <span class='ocrx_word' id='word_1_181' title='bbox 442 2715 694 2786; x_wconf 85' lang='grc' dir='ltr'>Χριστὸν,</span> <span class='ocrx_word' id='word_1_182' title='bbox 725 2715 793 2773; x_wconf 84' lang='grc' dir='ltr'>ὡς</span> <span class='ocrx_word' id='word_1_183' title='bbox 819 2714 868 2764; x_wconf 82' lang='grc' dir='ltr'>οἱ</span> <span class='ocrx_word' id='word_1_184' title='bbox 897 2713 1152 2784; x_wconf 79' lang='grc' dir='ltr'>ἄρχοντες</span> <span class='ocrx_word' id='word_1_185' title='bbox 1183 2711 1422 2782; x_wconf 73' lang='grc' dir='ltr'>λέγουσιν</span> <span class='ocrx_word' id='word_1_186' title='bbox 1448 2732 1460 2743; x_wconf 91' lang='grc'><strong>·</strong></span> <span class='ocrx_word' id='word_1_187' title='bbox 1490 2713 1515 2763; x_wconf 87' lang='grc' dir='ltr'><strong><em>ὁ</em></strong></span> <span class='ocrx_word' id='word_1_188' title='bbox 1543 2716 1774 2786; x_wconf 85' lang='grc' dir='ltr'>Χριστὸς</span> 
     </span>
    </p>
   </div>
   <div class='ocr_carea' id='block_1_28' title="bbox 165 2797 1774 2874">
    <p class='ocr_par' dir='ltr' id='par_1_28' title="bbox 165 2797 1774 2874">
     <span class='ocr_line' id='line_1_28' title="bbox 165 2797 1774 2874; baseline -0.001 -19"><span class='ocrx_word' id='word_1_189' title='bbox 165 2803 226 2855; x_wconf 84' lang='grc' dir='ltr'>ὃν</span> <span class='ocrx_word' id='word_1_190' title='bbox 274 2803 423 2854; x_wconf 68' lang='grc' dir='ltr'>αὐτοί</span> <span class='ocrx_word' id='word_1_191' title='bbox 451 2821 630 2874; x_wconf 77' lang='grc' dir='ltr'>φασιν,</span> <span class='ocrx_word' id='word_1_192' title='bbox 672 2803 790 2854; x_wconf 86' lang='grc' dir='ltr'>ὅταν</span> <span class='ocrx_word' id='word_1_193' title='bbox 828 2801 972 2865; x_wconf 64' lang='grc' dir='ltr'>ὓθὴ,</span> <span class='ocrx_word' id='word_1_194' title='bbox 1008 2807 1079 2873; x_wconf 77' lang='grc' dir='ltr'>μή</span> <span class='ocrx_word' id='word_1_195' title='bbox 1126 2820 1177 2853; x_wconf 88' lang='grc' dir='ltr'>τι</span> <span class='ocrx_word' id='word_1_196' title='bbox 1225 2797 1578 2874; x_wconf 77' lang='grc' dir='ltr'>δυνατώτερος</span> <span class='ocrx_word' id='word_1_197' title='bbox 1625 2804 1774 2853; x_wconf 80' lang='grc' dir='ltr'>ἔσται</span> 
     </span>
    </p>
   </div>
   <div class='ocr_carea' id='block_1_29' title="bbox 167 2891 581 2963">
    <p class='ocr_par' dir='ltr' id='par_1_29' title="bbox 167 2891 581 2963">
     <span class='ocr_line' id='line_1_29' title="bbox 167 2891 581 2963; baseline 0.002 -19"><span class='ocrx_word' id='word_1_198' title='bbox 167 2896 360 2944; x_wconf 73' lang='grc' dir='ltr'>τούτου</span> <span class='ocrx_word' id='word_1_199' title='bbox 389 2909 405 2958; x_wconf 88' lang='lat'><strong>;</strong></span> <span class='ocrx_word' id='word_1_200' title='bbox 432 2891 581 2963; x_wconf 77' lang='grc' dir='ltr'>οὐχί.</span> 
     </span>
    </p>
   </div>
   <div class='ocr_carea' id='block_1_30' title="bbox 239 3069 1772 3146">
    <p class='ocr_par' dir='ltr' id='par_1_30' title="bbox 239 3069 1772 3146">
     <span class='ocr_line' id='line_1_30' title="bbox 239 3069 1772 3146; baseline -0.001 -23"><span class='ocrx_word' id='word_1_201' title='bbox 239 3077 512 3124; x_wconf 81' lang='grc' dir='ltr'>Ἤκουσαν</span> <span class='ocrx_word' id='word_1_202' title='bbox 537 3102 607 3110; x_wconf 89' lang='grc'><strong><em>-</em></strong></span> <span class='ocrx_word' id='word_1_203' title='bbox 634 3078 819 3124; x_wconf 76' lang='grc' dir='ltr'>ταῦτα.</span> <span class='ocrx_word' id='word_1_204' title='bbox 861 3069 1128 3124; x_wconf 79' lang='grc' dir='ltr'>Ἤκουσαν</span> <span class='ocrx_word' id='word_1_205' title='bbox 1161 3070 1208 3123; x_wconf 79' lang='grc' dir='ltr'>ἐν</span> <span class='ocrx_word' id='word_1_206' title='bbox 1239 3073 1385 3143; x_wconf 76' lang='grc' dir='ltr'>ἑτέρᾳ</span> <span class='ocrx_word' id='word_1_207' title='bbox 1414 3073 1583 3146; x_wconf 79' lang='grc' dir='ltr'>ἡμέρᾳ</span> <span class='ocrx_word' id='word_1_208' title='bbox 1618 3070 1652 3124; x_wconf 86' lang='grc' dir='ltr'>δ</span> <span class='ocrx_word' id='word_1_209' title='bbox 1657 3071 1772 3130; x_wconf 83' lang='grc' dir='ltr'>ηλο-</span> 
     </span>
    </p>
   </div>
   <div class='ocr_carea' id='block_1_31' title="bbox 1888 568 3528 642">
    <p class='ocr_par' dir='ltr' id='par_1_31' title="bbox 1888 568 3528 642">
     <span class='ocr_line' id='line_1_31' title="bbox 1888 568 3528 642; baseline 0.004 -20"><span class='ocrx_word' id='word_1_210' title='bbox 1888 568 2019 635; x_wconf 85' lang='lat' dir='ltr'>ipso</span> <span class='ocrx_word' id='word_1_211' title='bbox 2066 575 2243 627; x_wconf 89' lang='lat' dir='ltr'>natus</span> <span class='ocrx_word' id='word_1_212' title='bbox 2294 590 2451 629; x_wconf 91' lang='lat' dir='ltr'>sum.</span> <span class='ocrx_word' id='word_1_213' title='bbox 2492 575 2639 628; x_wconf 87' lang='lat' dir='ltr'>Nam</span> <span class='ocrx_word' id='word_1_214' title='bbox 2680 576 2736 628; x_wconf 92' lang='lat' dir='ltr'>et</span> <span class='ocrx_word' id='word_1_215' title='bbox 2783 571 2843 626; x_wconf 90' lang='lat' dir='ltr'>in</span> <span class='ocrx_word' id='word_1_216' title='bbox 2892 572 3298 642; x_wconf 79' lang='lat' dir='ltr'>superioribus</span> <span class='ocrx_word' id='word_1_217' title='bbox 3342 572 3528 628; x_wconf 82' lang='lat' dir='ltr'>dixit:</span> 
     </span>
    </p>
   </div>
   <div class='ocr_carea' id='block_1_32' title="bbox 1885 658 3532 734">
    <p class='ocr_par' dir='ltr' id='par_1_32' title="bbox 1885 658 3532 734">
     <span class='ocr_line' id='line_1_32' title="bbox 1885 658 3532 734; baseline 0.003 -21"><span class='ocrx_word' id='word_1_218' title='bbox 1885 658 2018 714; x_wconf 85' lang='lat' dir='ltr'>Non</span> <span class='ocrx_word' id='word_1_219' title='bbox 2071 662 2229 732; x_wconf 86' lang='lat' dir='ltr'>quod</span> <span class='ocrx_word' id='word_1_220' title='bbox 2259 663 2497 718; x_wconf 80' lang='lat' dir='ltr'>Patrem</span> <span class='ocrx_word' id='word_1_221' title='bbox 2530 661 2826 734; x_wconf 77' lang='lat' dir='ltr'>quispiam</span> <span class='ocrx_word' id='word_1_222' title='bbox 2868 661 3101 727; x_wconf 70' lang='lat' dir='ltr'>viderit,</span> <span class='ocrx_word' id='word_1_223' title='bbox 3136 662 3256 716; x_wconf 82' lang='lat' dir='ltr'>nisi</span> <span class='ocrx_word' id='word_1_224' title='bbox 3292 664 3340 717; x_wconf 84' lang='lat' dir='ltr'>is</span> <span class='ocrx_word' id='word_1_225' title='bbox 3371 662 3468 734; x_wconf 85' lang='lat' dir='ltr'>qui</span> <span class='ocrx_word' id='word_1_226' title='bbox 3496 678 3532 718; x_wconf 89' lang='lat' dir='ltr'>a</span> 
     </span>
    </p>
   </div>
   <div class='ocr_carea' id='block_1_33' title="bbox 1883 749 2204 805">
    <p class='ocr_par' dir='ltr' id='par_1_33' title="bbox 1883 749 2204 805">
     <span class='ocr_line' id='line_1_33' title="bbox 1883 749 2204 805; baseline 0.009 -3"><span class='ocrx_word' id='word_1_227' title='bbox 1883 749 2002 803; x_wconf 86' lang='lat' dir='ltr'>Deo</span> <span class='ocrx_word' id='word_1_228' title='bbox 2023 755 2106 805; x_wconf 85' lang='lat' dir='ltr'>est</span> <span class='ocrx_word' id='word_1_229' title='bbox 2135 751 2204 804; x_wconf 81' lang='grc'>⁴⁸.</span> 
     </span>
    </p>
   </div>
   <div class='ocr_carea' id='block_1_34' title="bbox 1957 839 3534 898">
    <p class='ocr_par' dir='ltr' id='par_1_34' title="bbox 1957 839 3534 898">
     <span class='ocr_line' id='line_1_34' title="bbox 1957 839 3534 898; baseline 0.002 -5"><span class='ocrx_word' id='word_1_230' title='bbox 1957 839 2119 894; x_wconf 90' lang='lat' dir='ltr'>Vers.</span> <span class='ocrx_word' id='word_1_231' title='bbox 2155 842 2242 896; x_wconf 81' lang='lat'>29.</span> <span class='ocrx_word' id='word_1_232' title='bbox 2272 843 2336 896; x_wconf 79' lang='lat' dir='ltr'>Et</span> <span class='ocrx_word' id='word_1_233' title='bbox 2368 843 2472 898; x_wconf 80' lang='lat' dir='ltr'>ille</span> <span class='ocrx_word' id='word_1_234' title='bbox 2507 857 2600 898; x_wconf 88' lang='lat' dir='ltr'>me</span> <span class='ocrx_word' id='word_1_235' title='bbox 2623 841 2800 897; x_wconf 82' lang='lat' dir='ltr'>misit.</span> <span class='ocrx_word' id='word_1_236' title='bbox 2834 840 3118 896; x_wconf 89' lang='lat' dir='ltr'>Continue</span> <span class='ocrx_word' id='word_1_237' title='bbox 3148 841 3221 896; x_wconf 93' lang='lat' dir='ltr'>de</span> <span class='ocrx_word' id='word_1_238' title='bbox 3250 841 3534 896; x_wconf 86' lang='lat' dir='ltr'>missione</span> 
     </span>
    </p>
   </div>
   <div class='ocr_carea' id='block_1_35' title="bbox 1884 926 3534 1002">
    <p class='ocr_par' dir='ltr' id='par_1_35' title="bbox 1884 926 3534 1002">
     <span class='ocr_line' id='line_1_35' title="bbox 1884 926 3534 1002; baseline 0.001 -20"><span class='ocrx_word' id='word_1_239' title='bbox 1884 926 2162 1001; x_wconf 76' lang='lat' dir='ltr'>loquitur,</span> <span class='ocrx_word' id='word_1_240' title='bbox 2227 931 2430 986; x_wconf 91' lang='lat' dir='ltr'>volens</span> <span class='ocrx_word' id='word_1_241' title='bbox 2485 931 2594 986; x_wconf 87' lang='lat' dir='ltr'>illis</span> <span class='ocrx_word' id='word_1_242' title='bbox 2659 931 3040 1002; x_wconf 83' lang='lat' dir='ltr'>persuadere,</span> <span class='ocrx_word' id='word_1_243' title='bbox 3103 931 3269 1002; x_wconf 90' lang='lat' dir='ltr'>quod</span> <span class='ocrx_word' id='word_1_244' title='bbox 3322 946 3358 986; x_wconf 90' lang='lat' dir='ltr'>a</span> <span class='ocrx_word' id='word_1_245' title='bbox 3415 932 3534 985; x_wconf 90' lang='lat' dir='ltr'>Deo</span> 
     </span>
    </p>
   </div>
   <div class='ocr_carea' id='block_1_36' title="bbox 1885 1018 3533 1084">
    <p class='ocr_par' dir='ltr' id='par_1_36' title="bbox 1885 1018 3533 1084">
     <span class='ocr_line' id='line_1_36' title="bbox 1885 1018 3533 1084; baseline 0.001 -12"><span class='ocrx_word' id='word_1_246' title='bbox 1885 1018 2098 1072; x_wconf 86' lang='lat' dir='ltr'>missus</span> <span class='ocrx_word' id='word_1_247' title='bbox 2128 1023 2303 1083; x_wconf 86' lang='lat' dir='ltr'>esset,</span> <span class='ocrx_word' id='word_1_248' title='bbox 2329 1035 2437 1075; x_wconf 91' lang='lat' dir='ltr'>nec</span> <span class='ocrx_word' id='word_1_249' title='bbox 2472 1023 2586 1075; x_wconf 90' lang='lat' dir='ltr'>Deo</span> <span class='ocrx_word' id='word_1_250' title='bbox 2616 1019 2947 1075; x_wconf 86' lang='lat' dir='ltr'>contrarius</span> <span class='ocrx_word' id='word_1_251' title='bbox 2972 1023 3145 1084; x_wconf 81' lang='lat' dir='ltr'><strong>esset,</strong></span> <span class='ocrx_word' id='word_1_252' title='bbox 3178 1018 3330 1075; x_wconf 80' lang='lat' dir='ltr'>sicut</span> <span class='ocrx_word' id='word_1_253' title='bbox 3359 1023 3533 1074; x_wconf 85' lang='lat' dir='ltr'>antea</span> 
     </span>
    </p>
   </div>
   <div class='ocr_carea' id='block_1_37' title="bbox 1883 1106 3533 1173">
    <p class='ocr_par' dir='ltr' id='par_1_37' title="bbox 1883 1106 3533 1173">
     <span class='ocr_line' id='line_1_37' title="bbox 1883 1106 3533 1173; baseline -0.001 -11"><span class='ocrx_word' id='word_1_254' title='bbox 1883 1107 2178 1173; x_wconf 88' lang='lat' dir='ltr'>diximus;</span> <span class='ocrx_word' id='word_1_255' title='bbox 2202 1108 2379 1164; x_wconf 89' lang='lat' dir='ltr'>simul</span> <span class='ocrx_word' id='word_1_256' title='bbox 2409 1109 2586 1165; x_wconf 88' lang='lat' dir='ltr'>etiam</span> <span class='ocrx_word' id='word_1_257' title='bbox 2612 1109 2688 1165; x_wconf 90' lang='lat' dir='ltr'>ad</span> <span class='ocrx_word' id='word_1_258' title='bbox 2720 1108 3083 1163; x_wconf 90' lang='lat' dir='ltr'>medendum</span> <span class='ocrx_word' id='word_1_259' title='bbox 3103 1108 3319 1163; x_wconf 88' lang='lat' dir='ltr'>divinis</span> <span class='ocrx_word' id='word_1_260' title='bbox 3334 1106 3533 1161; x_wconf 82' lang='lat' dir='ltr'><strong>verbis</strong></span> 
     </span>
    </p>
   </div>
   <div class='ocr_carea' id='block_1_38' title="bbox 1883 1196 3535 1270">
    <p class='ocr_par' dir='ltr' id='par_1_38' title="bbox 1883 1196 3535 1270">
     <span class='ocr_line' id='line_1_38' title="bbox 1883 1196 3535 1270; baseline -0.001 -18"><span class='ocrx_word' id='word_1_261' title='bbox 1883 1196 2107 1270; x_wconf 88' lang='lat' dir='ltr'>quibus</span> <span class='ocrx_word' id='word_1_262' title='bbox 2135 1197 2260 1252; x_wconf 91' lang='lat' dir='ltr'>illos</span> <span class='ocrx_word' id='word_1_263' title='bbox 2290 1197 2639 1266; x_wconf 71' lang='lat' dir='ltr'>offenderat,</span> <span class='ocrx_word' id='word_1_264' title='bbox 2672 1213 2806 1269; x_wconf 64' lang='lat' dir='ltr'>quae</span> <span class='ocrx_word' id='word_1_265' title='bbox 2841 1196 3178 1267; x_wconf 85' lang='lat' dir='ltr'>frequenter</span> <span class='ocrx_word' id='word_1_266' title='bbox 3209 1196 3402 1252; x_wconf 88' lang='lat' dir='ltr'>verbis</span> <span class='ocrx_word' id='word_1_267' title='bbox 3428 1197 3535 1250; x_wconf 85' lang='lat' dir='ltr'>hu-</span> 
     </span>
    </p>
   </div>
   <div class='ocr_carea' id='block_1_39' title="bbox 1887 1287 2924 1358">
    <p class='ocr_par' dir='ltr' id='par_1_39' title="bbox 1887 1287 2924 1358">
     <span class='ocr_line' id='line_1_39' title="bbox 1887 1287 2924 1358; baseline -0.002 -17"><span class='ocrx_word' id='word_1_268' title='bbox 1887 1302 2066 1342; x_wconf 91' lang='lat' dir='ltr'>mano</span> <span class='ocrx_word' id='word_1_269' title='bbox 2106 1302 2269 1342; x_wconf 88' lang='lat' dir='ltr'>more</span> <span class='ocrx_word' id='word_1_270' title='bbox 2299 1287 2472 1342; x_wconf 87' lang='lat' dir='ltr'>dictis</span> <span class='ocrx_word' id='word_1_271' title='bbox 2505 1287 2924 1358; x_wconf 88' lang='lat' dir='ltr'>permiscebat.</span> 
     </span>
    </p>
   </div>
   <div class='ocr_carea' id='block_1_40' title="bbox 1960 1374 3533 1446">
    <p class='ocr_par' dir='ltr' id='par_1_40' title="bbox 1960 1374 3533 1446">
     <span class='ocr_line' id='line_1_40' title="bbox 1960 1374 3533 1446; baseline 0 -16"><span class='ocrx_word' id='word_1_272' title='bbox 1960 1377 2115 1431; x_wconf 88' lang='lat' dir='ltr'>Vers.</span> <span class='ocrx_word' id='word_1_273' title='bbox 2171 1380 2258 1432; x_wconf 91' lang='lat'>30.</span> <span class='ocrx_word' id='word_1_274' title='bbox 2317 1377 2675 1445; x_wconf 65' lang='lat' dir='ltr'>Quaerebam</span> <span class='ocrx_word' id='word_1_275' title='bbox 2739 1407 2806 1418; x_wconf 87' lang='lat'>-—</span> <span class='ocrx_word' id='word_1_276' title='bbox 2869 1374 3323 1446; x_wconf 78' lang='lat' dir='ltr'>apprehendere.</span> <span class='ocrx_word' id='word_1_277' title='bbox 3385 1376 3533 1430; x_wconf 87' lang='lat' dir='ltr'>Nam</span> 
     </span>
    </p>
   </div>
   <div class='ocr_carea' id='block_1_41' title="bbox 1883 1464 3536 1534">
    <p class='ocr_par' dir='ltr' id='par_1_41' title="bbox 1883 1464 3536 1534">
     <span class='ocr_line' id='line_1_41' title="bbox 1883 1464 3536 1534; baseline 0.001 -14"><span class='ocrx_word' id='word_1_278' title='bbox 1883 1480 2040 1534; x_wconf 67' lang='lat' dir='ltr'>aegre</span> <span class='ocrx_word' id='word_1_279' title='bbox 2089 1465 2402 1521; x_wconf 74' lang='lat' dir='ltr'>audierant</span> <span class='ocrx_word' id='word_1_280' title='bbox 2453 1465 2748 1522; x_wconf 78' lang='lat' dir='ltr'>dicentem</span> <span class='ocrx_word' id='word_1_281' title='bbox 2803 1481 2814 1520; x_wconf 91' lang='lat'><strong>:</strong></span> <span class='ocrx_word' id='word_1_282' title='bbox 2870 1464 3049 1531; x_wconf 86' lang='lat' dir='ltr'>Quem</span> <span class='ocrx_word' id='word_1_283' title='bbox 3120 1479 3217 1520; x_wconf 88' lang='lat' dir='ltr'>vos</span> <span class='ocrx_word' id='word_1_284' title='bbox 3261 1480 3382 1520; x_wconf 84' lang='lat' dir='ltr'>non</span> <span class='ocrx_word' id='word_1_285' title='bbox 3433 1480 3536 1521; x_wconf 87' lang='lat' dir='ltr'>no-</span> 
     </span>
    </p>
   </div>
   <div class='ocr_carea' id='block_1_42' title="bbox 1884 1554 2066 1610">
    <p class='ocr_par' dir='ltr' id='par_1_42' title="bbox 1884 1554 2066 1610">
     <span class='ocr_line' id='line_1_42' title="bbox 1884 1554 2066 1610; baseline -0.011 0"><span class='ocrx_word' id='word_1_286' title='bbox 1884 1554 2066 1610; x_wconf 85' lang='lat' dir='ltr'>vistis.</span> 
     </span>
    </p>
   </div>
   <div class='ocr_carea' id='block_1_43' title="bbox 1954 1641 3534 1714">
    <p class='ocr_par' dir='ltr' id='par_1_43' title="bbox 1954 1641 3534 1714">
     <span class='ocr_line' id='line_1_43' title="bbox 1954 1641 3534 1714; baseline 0.001 -17"><span class='ocrx_word' id='word_1_287' title='bbox 1954 1644 2117 1699; x_wconf 88' lang='lat' dir='ltr'>Vers.</span> <span class='ocrx_word' id='word_1_288' title='bbox 2150 1645 2237 1700; x_wconf 90' lang='lat'>30.</span> <span class='ocrx_word' id='word_1_289' title='bbox 2269 1645 2341 1699; x_wconf 83' lang='lat' dir='ltr'>Et</span> <span class='ocrx_word' id='word_1_290' title='bbox 2371 1675 2434 1683; x_wconf 92' lang='lat'>—</span> <span class='ocrx_word' id='word_1_291' title='bbox 2460 1658 2718 1700; x_wconf 84' lang='lat' dir='ltr'>manum.</span> <span class='ocrx_word' id='word_1_292' title='bbox 2738 1643 3112 1699; x_wconf 85' lang='lat' dir='ltr'>Tenebantur</span> <span class='ocrx_word' id='word_1_293' title='bbox 3137 1641 3431 1714; x_wconf 88' lang='lat' dir='ltr'>siquidem</span> <span class='ocrx_word' id='word_1_294' title='bbox 3455 1642 3534 1699; x_wconf 86' lang='lat' dir='ltr'>ab</span> 
     </span>
    </p>
   </div>
   <div class='ocr_carea' id='block_1_44' title="bbox 1884 1731 2694 1804">
    <p class='ocr_par' dir='ltr' id='par_1_44' title="bbox 1884 1731 2694 1804">
     <span class='ocr_line' id='line_1_44' title="bbox 1884 1731 2694 1804; baseline 0 -18"><span class='ocrx_word' id='word_1_295' title='bbox 1884 1733 2047 1788; x_wconf 87' lang='lat' dir='ltr'>unita</span> <span class='ocrx_word' id='word_1_296' title='bbox 2075 1731 2188 1804; x_wconf 90' lang='lat' dir='ltr'>ipsi</span> <span class='ocrx_word' id='word_1_297' title='bbox 2226 1733 2429 1789; x_wconf 89' lang='lat' dir='ltr'>divina</span> <span class='ocrx_word' id='word_1_298' title='bbox 2465 1732 2694 1788; x_wconf 90' lang='lat' dir='ltr'>virtute.</span> 
     </span>
    </p>
   </div>
   <div class='ocr_carea' id='block_1_45' title="bbox 1956 1821 3532 1894">
    <p class='ocr_par' dir='ltr' id='par_1_45' title="bbox 1956 1821 3532 1894">
     <span class='ocr_line' id='line_1_45' title="bbox 1956 1821 3532 1894; baseline 0.003 -22"><span class='ocrx_word' id='word_1_299' title='bbox 1956 1822 2122 1878; x_wconf 82' lang='lat' dir='ltr'>Vers.</span> <span class='ocrx_word' id='word_1_300' title='bbox 2175 1826 2268 1880; x_wconf 88' lang='lat'>30.</span> <span class='ocrx_word' id='word_1_301' title='bbox 2329 1823 2477 1891; x_wconf 82' lang='lat' dir='ltr'>Quia</span> <span class='ocrx_word' id='word_1_302' title='bbox 2529 1854 2597 1863; x_wconf 95' lang='lat'><strong>—</strong></span> <span class='ocrx_word' id='word_1_303' title='bbox 2655 1824 2805 1893; x_wconf 84' lang='lat' dir='ltr'>ejus.</span> <span class='ocrx_word' id='word_1_304' title='bbox 2876 1823 3005 1889; x_wconf 88' lang='lat' dir='ltr'>Qua</span> <span class='ocrx_word' id='word_1_305' title='bbox 3060 1821 3242 1877; x_wconf 80' lang='lat' dir='ltr'>teneri</span> <span class='ocrx_word' id='word_1_306' title='bbox 3296 1837 3365 1878; x_wconf 87' lang='lat' dir='ltr'>ac</span> <span class='ocrx_word' id='word_1_307' title='bbox 3410 1821 3532 1894; x_wconf 90' lang='lat' dir='ltr'>pati</span> 
     </span>
    </p>
   </div>
   <div class='ocr_carea' id='block_1_46' title="bbox 1883 1910 2244 1967">
    <p class='ocr_par' dir='ltr' id='par_1_46' title="bbox 1883 1910 2244 1967">
     <span class='ocr_line' id='line_1_46' title="bbox 1883 1910 2244 1967; baseline -0.006 -2"><span class='ocrx_word' id='word_1_308' title='bbox 1883 1910 2244 1967; x_wconf 83' lang='lat' dir='ltr'>decreverat.</span> 
     </span>
    </p>
   </div>
   <div class='ocr_carea' id='block_1_47' title="bbox 1956 1999 3532 2072">
    <p class='ocr_par' dir='ltr' id='par_1_47' title="bbox 1956 1999 3532 2072">
     <span class='ocr_line' id='line_1_47' title="bbox 1956 1999 3532 2072; baseline -0.002 -16"><span class='ocrx_word' id='word_1_309' title='bbox 1956 2001 2115 2056; x_wconf 88' lang='lat' dir='ltr'>Vers.</span> <span class='ocrx_word' id='word_1_310' title='bbox 2149 2001 2238 2057; x_wconf 84' lang='lat' dir='ltr'>3t.</span> <span class='ocrx_word' id='word_1_311' title='bbox 2267 2002 2447 2058; x_wconf 81' lang='lat' dir='ltr'>Multi</span> <span class='ocrx_word' id='word_1_312' title='bbox 2483 2034 2552 2042; x_wconf 93' lang='lat'>—-</span> <span class='ocrx_word' id='word_1_313' title='bbox 2587 2003 2780 2058; x_wconf 84' lang='lat' dir='ltr'>illum.</span> <span class='ocrx_word' id='word_1_314' title='bbox 2814 2005 2858 2056; x_wconf 83' lang='lat' dir='ltr'><strong>A</strong></span> <span class='ocrx_word' id='word_1_315' title='bbox 2903 1999 3200 2072; x_wconf 61' lang='lat' dir='ltr'>praedictis</span> <span class='ocrx_word' id='word_1_316' title='bbox 3235 1999 3444 2070; x_wconf 80' lang='lat' dir='ltr'>signis,</span> <span class='ocrx_word' id='word_1_317' title='bbox 3477 2005 3532 2056; x_wconf 89' lang='lat' dir='ltr'>et</span> 
     </span>
    </p>
   </div>
   <div class='ocr_carea' id='block_1_48' title="bbox 1882 2089 2962 2161">
    <p class='ocr_par' dir='ltr' id='par_1_48' title="bbox 1882 2089 2962 2161">
     <span class='ocr_line' id='line_1_48' title="bbox 1882 2089 2962 2161; baseline -0.001 -16"><span class='ocrx_word' id='word_1_318' title='bbox 1882 2105 1917 2145; x_wconf 90' lang='lat' dir='ltr'>a</span> <span class='ocrx_word' id='word_1_319' title='bbox 1958 2090 2339 2146; x_wconf 84' lang='lat' dir='ltr'>sermonibus</span> <span class='ocrx_word' id='word_1_320' title='bbox 2371 2092 2553 2146; x_wconf 92' lang='lat' dir='ltr'>modo</span> <span class='ocrx_word' id='word_1_321' title='bbox 2582 2091 2754 2146; x_wconf 89' lang='lat' dir='ltr'>dictis</span> <span class='ocrx_word' id='word_1_322' title='bbox 2781 2089 2962 2161; x_wconf 90' lang='lat' dir='ltr'>capti.</span> 
     </span>
    </p>
   </div>
   <div class='ocr_carea' id='block_1_49' title="bbox 1955 2177 3531 2249">
    <p class='ocr_par' dir='ltr' id='par_1_49' title="bbox 1955 2177 3531 2249">
     <span class='ocr_line' id='line_1_49' title="bbox 1955 2177 3531 2249; baseline -0.001 -15"><span class='ocrx_word' id='word_1_323' title='bbox 1955 2178 2116 2234; x_wconf 90' lang='lat' dir='ltr'>Vers.</span> <span class='ocrx_word' id='word_1_324' title='bbox 2149 2179 2234 2236; x_wconf 75' lang='lat' dir='ltr'>3t.</span> <span class='ocrx_word' id='word_1_325' title='bbox 2267 2181 2345 2234; x_wconf 82' lang='grc' dir='ltr'>Ει</span> <span class='ocrx_word' id='word_1_326' title='bbox 2374 2211 2441 2221; x_wconf 89' lang='grc'><strong>-</strong></span> <span class='ocrx_word' id='word_1_327' title='bbox 2473 2180 2614 2249; x_wconf 79' lang='lat' dir='ltr'>fecit</span> <span class='ocrx_word' id='word_1_328' title='bbox 2635 2181 2664 2234; x_wconf 72' lang='grc'><em>9</em></span> <span class='ocrx_word' id='word_1_329' title='bbox 2693 2178 3082 2235; x_wconf 86' lang='lat' dir='ltr'>Crediderunt</span> <span class='ocrx_word' id='word_1_330' title='bbox 3110 2177 3376 2248; x_wconf 88' lang='lat' dir='ltr'>quidem,</span> <span class='ocrx_word' id='word_1_331' title='bbox 3411 2191 3531 2233; x_wconf 88' lang='lat' dir='ltr'>non</span> 
     </span>
    </p>
   </div>
   <div class='ocr_carea' id='block_1_50' title="bbox 1883 2267 3532 2340">
    <p class='ocr_par' dir='ltr' id='par_1_50' title="bbox 1883 2267 3532 2340">
     <span class='ocr_line' id='line_1_50' title="bbox 1883 2267 3532 2340; baseline 0 -18"><span class='ocrx_word' id='word_1_332' title='bbox 1883 2273 2082 2323; x_wconf 90' lang='lat' dir='ltr'>tamen</span> <span class='ocrx_word' id='word_1_333' title='bbox 2142 2269 2396 2340; x_wconf 80' lang='lat' dir='ltr'>perfecte</span> <span class='ocrx_word' id='word_1_334' title='bbox 2438 2287 2451 2324; x_wconf 92' lang='lat'>:</span> <span class='ocrx_word' id='word_1_335' title='bbox 2486 2285 2627 2324; x_wconf 89' lang='lat' dir='ltr'>nam</span> <span class='ocrx_word' id='word_1_336' title='bbox 2682 2268 2947 2324; x_wconf 88' lang='lat' dir='ltr'>dicentes</span> <span class='ocrx_word' id='word_1_337' title='bbox 2993 2284 3006 2322; x_wconf 90' lang='lat'>:</span> <span class='ocrx_word' id='word_1_338' title='bbox 3068 2267 3333 2322; x_wconf 80' lang='lat' dir='ltr'>Christus</span> <span class='ocrx_word' id='word_1_339' title='bbox 3397 2282 3532 2322; x_wconf 86' lang='lat' dir='ltr'>cum</span> 
     </span>
    </p>
   </div>
   <div class='ocr_carea' id='block_1_51' title="bbox 1883 2354 3530 2423">
    <p class='ocr_par' dir='ltr' id='par_1_51' title="bbox 1883 2354 3530 2423">
     <span class='ocr_line' id='line_1_51' title="bbox 1883 2354 3530 2423; baseline -0.001 -12"><span class='ocrx_word' id='word_1_340' title='bbox 1883 2356 2128 2423; x_wconf 81' lang='lat' dir='ltr'>venerit,</span> <span class='ocrx_word' id='word_1_341' title='bbox 2169 2357 2571 2413; x_wconf 84' lang='lat' dir='ltr'>ostendebant</span> <span class='ocrx_word' id='word_1_342' title='bbox 2610 2373 2671 2412; x_wconf 92' lang='lat' dir='ltr'>se</span> <span class='ocrx_word' id='word_1_343' title='bbox 2722 2373 2843 2412; x_wconf 90' lang='lat' dir='ltr'>non</span> <span class='ocrx_word' id='word_1_344' title='bbox 2890 2355 3137 2410; x_wconf 88' lang='lat' dir='ltr'>ﬁrmiter</span> <span class='ocrx_word' id='word_1_345' title='bbox 3183 2354 3530 2421; x_wconf 85' lang='lat' dir='ltr'>credidisse,</span> 
     </span>
    </p>
   </div>
   <div class='ocr_carea' id='block_1_52' title="bbox 1882 2443 3532 2516">
    <p class='ocr_par' dir='ltr' id='par_1_52' title="bbox 1882 2443 3532 2516">
     <span class='ocr_line' id='line_1_52' title="bbox 1882 2443 3532 2516; baseline 0.001 -16"><span class='ocrx_word' id='word_1_346' title='bbox 1882 2460 2021 2502; x_wconf 90' lang='lat' dir='ltr'>eum</span> <span class='ocrx_word' id='word_1_347' title='bbox 2059 2461 2195 2502; x_wconf 88' lang='lat' dir='ltr'>esse</span> <span class='ocrx_word' id='word_1_348' title='bbox 2227 2447 2541 2512; x_wconf 88' lang='lat' dir='ltr'>Christum,</span> <span class='ocrx_word' id='word_1_349' title='bbox 2577 2447 2684 2502; x_wconf 90' lang='lat' dir='ltr'>sed</span> <span class='ocrx_word' id='word_1_350' title='bbox 2715 2446 2901 2502; x_wconf 90' lang='lat' dir='ltr'>dubio</span> <span class='ocrx_word' id='word_1_351' title='bbox 2933 2445 3138 2512; x_wconf 90' lang='lat' dir='ltr'>modo,</span> <span class='ocrx_word' id='word_1_352' title='bbox 3172 2448 3374 2516; x_wconf 87' lang='lat' dir='ltr'>utpote</span> <span class='ocrx_word' id='word_1_353' title='bbox 3427 2443 3532 2501; x_wconf 87' lang='lat' dir='ltr'>ab-</span> 
     </span>
    </p>
   </div>
   <div class='ocr_carea' id='block_1_53' title="bbox 1877 2534 2305 2606">
    <p class='ocr_par' dir='ltr' id='par_1_53' title="bbox 1877 2534 2305 2606">
     <span class='ocr_line' id='line_1_53' title="bbox 1877 2534 2305 2606; baseline 0.005 -16"><span class='ocrx_word' id='word_1_354' title='bbox 1877 2534 2015 2606; x_wconf 90' lang='lat' dir='ltr'>jecti</span> <span class='ocrx_word' id='word_1_355' title='bbox 2043 2540 2100 2592; x_wconf 88' lang='lat' dir='ltr'>et</span> <span class='ocrx_word' id='word_1_356' title='bbox 2126 2536 2305 2592; x_wconf 87' lang='lat' dir='ltr'>leves.</span> 
     </span>
    </p>
   </div>
   <div class='ocr_carea' id='block_1_54' title="bbox 1955 2624 3533 2698">
    <p class='ocr_par' dir='ltr' id='par_1_54' title="bbox 1955 2624 3533 2698">
     <span class='ocr_line' id='line_1_54' title="bbox 1955 2624 3533 2698; baseline -0.001 -18"><span class='ocrx_word' id='word_1_357' title='bbox 1955 2630 2068 2680; x_wconf 81' lang='lat' dir='ltr'>Aut</span> <span class='ocrx_word' id='word_1_358' title='bbox 2125 2625 2186 2681; x_wconf 93' lang='lat' dir='ltr'>id</span> <span class='ocrx_word' id='word_1_359' title='bbox 2244 2642 2317 2682; x_wconf 89' lang='lat' dir='ltr'>ex</span> <span class='ocrx_word' id='word_1_360' title='bbox 2385 2624 2792 2698; x_wconf 88' lang='lat' dir='ltr'>suppositione</span> <span class='ocrx_word' id='word_1_361' title='bbox 2840 2625 3118 2680; x_wconf 84' lang='lat' dir='ltr'>dixerunt</span> <span class='ocrx_word' id='word_1_362' title='bbox 3165 2640 3177 2678; x_wconf 92' lang='lat'>:</span> <span class='ocrx_word' id='word_1_363' title='bbox 3231 2624 3533 2679; x_wconf 88' lang='lat' dir='ltr'>Ponamus</span> 
     </span>
    </p>
   </div>
   <div class='ocr_carea' id='block_1_55' title="bbox 1882 2712 3536 2788">
    <p class='ocr_par' dir='ltr' id='par_1_55' title="bbox 1882 2712 3536 2788">
     <span class='ocr_line' id='line_1_55' title="bbox 1882 2712 3536 2788; baseline -0.002 -16"><span class='ocrx_word' id='word_1_364' title='bbox 1882 2715 2268 2788; x_wconf 87' lang='lat' dir='ltr'>postmodum</span> <span class='ocrx_word' id='word_1_365' title='bbox 2297 2720 2608 2770; x_wconf 89' lang='lat' dir='ltr'>venturum</span> <span class='ocrx_word' id='word_1_366' title='bbox 2631 2730 2759 2770; x_wconf 91' lang='lat' dir='ltr'>esse</span> <span class='ocrx_word' id='word_1_367' title='bbox 2778 2714 3099 2777; x_wconf 84' lang='lat' dir='ltr'>Christum,</span> <span class='ocrx_word' id='word_1_368' title='bbox 3117 2712 3296 2768; x_wconf 88' lang='lat' dir='ltr'>veluti</span> <span class='ocrx_word' id='word_1_369' title='bbox 3327 2713 3536 2768; x_wconf 86' lang='lat' dir='ltr'>dicunt</span> 
     </span>
    </p>
   </div>
   <div class='ocr_carea' id='block_1_56' title="bbox 1883 2799 3532 2876">
    <p class='ocr_par' dir='ltr' id='par_1_56' title="bbox 1883 2799 3532 2876">
     <span class='ocr_line' id='line_1_56' title="bbox 1883 2799 3532 2876; baseline -0.002 -16"><span class='ocrx_word' id='word_1_370' title='bbox 1883 2804 2179 2876; x_wconf 82' lang='lat' dir='ltr'>principes</span> <span class='ocrx_word' id='word_1_371' title='bbox 2220 2804 2599 2860; x_wconf 87' lang='lat' dir='ltr'>sacerdotum</span> <span class='ocrx_word' id='word_1_372' title='bbox 2646 2802 2946 2858; x_wconf 88' lang='lat' dir='ltr'>:Christus</span> <span class='ocrx_word' id='word_1_373' title='bbox 3004 2801 3116 2867; x_wconf 88' lang='lat' dir='ltr'>ille,</span> <span class='ocrx_word' id='word_1_374' title='bbox 3185 2816 3362 2873; x_wconf 90' lang='lat' dir='ltr'>quem</span> <span class='ocrx_word' id='word_1_375' title='bbox 3419 2799 3532 2872; x_wconf 86' lang='lat' dir='ltr'>ipsi</span> 
     </span>
    </p>
   </div>
   <div class='ocr_carea' id='block_1_57' title="bbox 1881 2889 3531 2962">
    <p class='ocr_par' dir='ltr' id='par_1_57' title="bbox 1881 2889 3531 2962">
     <span class='ocr_line' id='line_1_57' title="bbox 1881 2889 3531 2962; baseline -0.003 -14"><span class='ocrx_word' id='word_1_376' title='bbox 1881 2893 2107 2957; x_wconf 89' lang='lat' dir='ltr'>dicunt,</span> <span class='ocrx_word' id='word_1_377' title='bbox 2148 2909 2283 2948; x_wconf 91' lang='lat' dir='ltr'>cum</span> <span class='ocrx_word' id='word_1_378' title='bbox 2326 2892 2564 2959; x_wconf 86' lang='lat' dir='ltr'>venerit,</span> <span class='ocrx_word' id='word_1_379' title='bbox 2598 2907 2744 2946; x_wconf 89' lang='lat' dir='ltr'>num</span> <span class='ocrx_word' id='word_1_380' title='bbox 2775 2891 2890 2946; x_wconf 94' lang='lat' dir='ltr'>hoc</span> <span class='ocrx_word' id='word_1_381' title='bbox 2921 2891 3112 2962; x_wconf 81' lang='lat' dir='ltr'>magis</span> <span class='ocrx_word' id='word_1_382' title='bbox 3138 2889 3531 2945; x_wconf 87' lang='lat' dir='ltr'>admirandus</span> 
     </span>
    </p>
   </div>
   <div class='ocr_carea' id='block_1_58' title="bbox 1882 2982 2478 3054">
    <p class='ocr_par' dir='ltr' id='par_1_58' title="bbox 1882 2982 2478 3054">
     <span class='ocr_line' id='line_1_58' title="bbox 1882 2982 2478 3054; baseline -0.007 -16"><span class='ocrx_word' id='word_1_383' title='bbox 1882 2982 2041 3038; x_wconf 86' lang='lat' dir='ltr'>erit?</span> <span class='ocrx_word' id='word_1_384' title='bbox 2072 2997 2478 3054; x_wconf 83' lang='lat' dir='ltr'>nequaquam.</span> 
     </span>
    </p>
   </div>
   <div class='ocr_carea' id='block_1_59' title="bbox 1955 3066 3532 3140">
    <p class='ocr_par' dir='ltr' id='par_1_59' title="bbox 1955 3066 3532 3140">
     <span class='ocr_line' id='line_1_59' title="bbox 1955 3066 3532 3140; baseline -0.004 -12"><span class='ocrx_word' id='word_1_385' title='bbox 1955 3073 2114 3128; x_wconf 90' lang='lat' dir='ltr'>Vers.</span> <span class='ocrx_word' id='word_1_386' title='bbox 2137 3077 2223 3127; x_wconf 76' lang='lat'>32.</span> <span class='ocrx_word' id='word_1_387' title='bbox 2247 3071 2590 3127; x_wconf 76' lang='lat' dir='ltr'>Audierant</span> <span class='ocrx_word' id='word_1_388' title='bbox 2619 3101 2688 3112; x_wconf 93' lang='lat'><strong>—</strong></span> <span class='ocrx_word' id='word_1_389' title='bbox 2719 3070 2869 3126; x_wconf 64' lang='lat' dir='ltr'>haec.</span> <span class='ocrx_word' id='word_1_390' title='bbox 2907 3067 3232 3124; x_wconf 78' lang='lat' dir='ltr'>Audierant</span> <span class='ocrx_word' id='word_1_391' title='bbox 3263 3066 3532 3140; x_wconf 89' lang='lat' dir='ltr'>sequenti</span> 
     </span>
    </p>
   </div>
   <div class='ocr_carea' id='block_1_60' title="bbox 159 3157 1775 3236">
    <p class='ocr_par' dir='ltr' id='par_1_60' title="bbox 159 3157 1773 3233">
     <span class='ocr_line' id='line_1_60' title="bbox 159 3157 1773 3233; baseline 0.002 -22"><span class='ocrx_word' id='word_1_392' title='bbox 159 3166 302 3213; x_wconf 80' lang='grc' dir='ltr'>νοτι.</span> <span class='ocrx_word' id='word_1_393' title='bbox 337 3161 690 3232; x_wconf 71' lang='grc' dir='ltr'>Γογγύζοντος</span> <span class='ocrx_word' id='word_1_394' title='bbox 720 3157 798 3225; x_wconf 73' lang='grc' dir='ltr'>δὲ,</span> <span class='ocrx_word' id='word_1_395' title='bbox 845 3164 1006 3231; x_wconf 80' lang='grc' dir='ltr'>ἤγουν</span> <span class='ocrx_word' id='word_1_396' title='bbox 1050 3164 1142 3213; x_wconf 85' lang='grc' dir='ltr'>σὺν</span> <span class='ocrx_word' id='word_1_397' title='bbox 1184 3180 1474 3233; x_wconf 73' lang='grc' dir='ltr'>γογγυσμῳ</span> <span class='ocrx_word' id='word_1_398' title='bbox 1523 3170 1594 3213; x_wconf 86' lang='grc' dir='ltr'>τῶ</span> <span class='ocrx_word' id='word_1_399' title='bbox 1638 3164 1773 3214; x_wconf 85' lang='grc' dir='ltr'>κατὰ</span> 
     </span>
    </p>
   </div>
   <div class='ocr_carea' id='block_1_61' title="bbox 1909 3157 3535 3236">
    <p class='ocr_par' dir='ltr' id='par_1_61' title="bbox 1909 3157 3535 3225">
     <span class='ocr_line' id='line_1_61' title="bbox 1909 3157 3535 3225; baseline -0.003 -8"><span class='ocrx_word' id='word_1_400' title='bbox 1909 3161 2155 3218; x_wconf 56' lang='lat' dir='ltr'>Videlicet</span> <span class='ocrx_word' id='word_1_401' title='bbox 2197 3161 2314 3218; x_wconf 90' lang='lat' dir='ltr'>die.</span> <span class='ocrx_word' id='word_1_402' title='bbox 2350 3163 2807 3216; x_wconf 84' lang='lat' dir='ltr'>Murmurantem</span> <span class='ocrx_word' id='word_1_403' title='bbox 2842 3174 3003 3225; x_wconf 88' lang='lat' dir='ltr'>vero,</span> <span class='ocrx_word' id='word_1_404' title='bbox 3046 3157 3172 3212; x_wconf 88' lang='lat' dir='ltr'>sive</span> <span class='ocrx_word' id='word_1_405' title='bbox 3202 3174 3338 3213; x_wconf 89' lang='lat' dir='ltr'>cum</span> <span class='ocrx_word' id='word_1_406' title='bbox 3371 3172 3535 3212; x_wconf 89' lang='lat' dir='ltr'>mur-</span> 
     </span>
    </p>
   </div>
   <div class='ocr_carea' id='block_1_62' title="bbox 155 3247 833 3324">
    <p class='ocr_par' dir='ltr' id='par_1_62' title="bbox 155 3247 833 3324">
     <span class='ocr_line' id='line_1_62' title="bbox 155 3247 833 3324; baseline 0.001 -22"><span class='ocrx_word' id='word_1_407' title='bbox 155 3259 266 3302; x_wconf 80' lang='grc' dir='ltr'>τῶν</span> <span class='ocrx_word' id='word_1_408' title='bbox 292 3247 551 3324; x_wconf 81' lang='grc' dir='ltr'>ἀρκοντων</span> <span class='ocrx_word' id='word_1_409' title='bbox 581 3248 808 3320; x_wconf 78' lang='grc' dir='ltr'>λέγοντος</span> <span class='ocrx_word' id='word_1_410' title='bbox 821 3293 833 3304; x_wconf 95' lang='grc'>.</span> 
     </span>
    </p>
   </div>
   <div class='ocr_carea' id='block_1_63' title="bbox 244 3336 1771 3408">
    <p class='ocr_par' dir='ltr' id='par_1_63' title="bbox 244 3336 1771 3408">
     <span class='ocr_line' id='line_1_63' title="bbox 244 3336 1771 3408; baseline 0.001 -17"><span class='ocrx_word' id='word_1_411' title='bbox 244 3343 349 3391; x_wconf 79' lang='grc' dir='ltr'>Καὶ</span> <span class='ocrx_word' id='word_1_412' title='bbox 381 3369 449 3377; x_wconf 93' lang='grc'><strong><em>-</em></strong></span> <span class='ocrx_word' id='word_1_413' title='bbox 497 3337 673 3393; x_wconf 69' lang='grc' dir='ltr'>αὑτὸν.</span> <span class='ocrx_word' id='word_1_414' title='bbox 724 3337 812 3399; x_wconf 74' lang='grc' dir='ltr'>Ὠς</span> <span class='ocrx_word' id='word_1_415' title='bbox 857 3336 1222 3408; x_wconf 79' lang='grc' dir='ltr'>ἁποσχίζοντα</span> <span class='ocrx_word' id='word_1_416' title='bbox 1263 3342 1348 3389; x_wconf 81' lang='grc' dir='ltr'>τὸν</span> <span class='ocrx_word' id='word_1_417' title='bbox 1385 3338 1526 3390; x_wconf 78' lang='grc' dir='ltr'>λαὸν.</span> <span class='ocrx_word' id='word_1_418' title='bbox 1578 3339 1649 3392; x_wconf 77' lang='grc' dir='ltr'>’Ὠ</span> <span class='ocrx_word' id='word_1_419' title='bbox 1679 3349 1771 3402; x_wconf 83' lang='grc' dir='ltr'>τῆς</span> 
     </span>
    </p>
   </div>
   <div class='ocr_carea' id='block_1_64' title="bbox 155 3422 1772 3500">
    <p class='ocr_par' dir='ltr' id='par_1_64' title="bbox 155 3422 1772 3500">
     <span class='ocr_line' id='line_1_64' title="bbox 155 3422 1772 3500; baseline 0.001 -20"><span class='ocrx_word' id='word_1_420' title='bbox 155 3432 382 3500; x_wconf 84' lang='grc' dir='ltr'>μανίας,</span> <span class='ocrx_word' id='word_1_421' title='bbox 417 3425 606 3498; x_wconf 79' lang='grc' dir='ltr'>μᾶλλον</span> <span class='ocrx_word' id='word_1_422' title='bbox 634 3422 693 3479; x_wconf 73' lang='grc' dir='ltr'>δὲ</span> <span class='ocrx_word' id='word_1_423' title='bbox 736 3434 830 3487; x_wconf 82' lang='grc' dir='ltr'>τῆς</span> <span class='ocrx_word' id='word_1_424' title='bbox 871 3424 1078 3486; x_wconf 69' lang='grc' dir='ltr'>ἁνοίαςὲ</span> <span class='ocrx_word' id='word_1_425' title='bbox 1116 3427 1269 3479; x_wconf 72' lang='grc' dir='ltr'>Αὐτοὶ</span> <span class='ocrx_word' id='word_1_426' title='bbox 1300 3426 1545 3490; x_wconf 78' lang='grc' dir='ltr'>πολλάκις</span> <span class='ocrx_word' id='word_1_427' title='bbox 1575 3428 1772 3500; x_wconf 80' lang='grc' dir='ltr'>ἐπιχειο</span> 
     </span>
    </p>
   </div>
   <div class='ocr_carea' id='block_1_65' title="bbox 156 3515 1776 3592">
    <p class='ocr_par' dir='ltr' id='par_1_65' title="bbox 156 3515 1776 3592">
     <span class='ocr_line' id='line_1_65' title="bbox 156 3515 1776 3592; baseline 0.014 -26"><span class='ocrx_word' id='word_1_428' title='bbox 156 3523 430 3592; x_wconf 79' lang='grc' dir='ltr'>ρήσαντες</span> <span class='ocrx_word' id='word_1_429' title='bbox 459 3521 550 3567; x_wconf 77' lang='grc' dir='ltr'>καὶ</span> <span class='ocrx_word' id='word_1_430' title='bbox 575 3515 668 3567; x_wconf 71' lang='grc' dir='ltr'>οὐκ</span> <span class='ocrx_word' id='word_1_431' title='bbox 701 3516 1015 3587; x_wconf 62' lang='grc' dir='ltr'>ἰσχύσαντες</span> <span class='ocrx_word' id='word_1_432' title='bbox 1031 3524 1140 3577; x_wconf 83' lang='grc' dir='ltr'>τοῖς</span> <span class='ocrx_word' id='word_1_433' title='bbox 1169 3518 1448 3590; x_wconf 73' lang='grc' dir='ltr'>ὑπηρέταις</span> <span class='ocrx_word' id='word_1_434' title='bbox 1473 3521 1530 3568; x_wconf 69' lang='grc' dir='ltr'>τὸ</span> <span class='ocrx_word' id='word_1_435' title='bbox 1556 3524 1776 3591; x_wconf 75' lang='grc' dir='ltr'>πρᾶγμα</span> 
     </span>
    </p>
   </div>
   <div class='ocr_carea' id='block_1_66' title="bbox 158 3606 1773 3679">
    <p class='ocr_par' dir='ltr' id='par_1_66' title="bbox 158 3606 1773 3679">
     <span class='ocr_line' id='line_1_66' title="bbox 158 3606 1773 3679; baseline -0.001 -21"><span class='ocrx_word' id='word_1_436' title='bbox 158 3606 478 3679; x_wconf 62' lang='grc' dir='ltr'>ἐπέτρεψαν,</span> <span class='ocrx_word' id='word_1_437' title='bbox 529 3611 614 3657; x_wconf 83' lang='grc' dir='ltr'>τὸν</span> <span class='ocrx_word' id='word_1_438' title='bbox 665 3625 719 3657; x_wconf 83' lang='grc' dir='ltr'>τε</span> <span class='ocrx_word' id='word_1_439' title='bbox 784 3607 944 3677; x_wconf 79' lang='grc' dir='ltr'>θυμὸν</span> <span class='ocrx_word' id='word_1_440' title='bbox 992 3608 1470 3679; x_wconf 75' lang='grc' dir='ltr'>παραμυθούμενοι,</span> <span class='ocrx_word' id='word_1_441' title='bbox 1523 3611 1614 3659; x_wconf 83' lang='grc' dir='ltr'>καὶ</span> <span class='ocrx_word' id='word_1_442' title='bbox 1681 3611 1773 3665; x_wconf 83' lang='grc' dir='ltr'>τὴν</span> 
     </span>
    </p>
   </div>
   <div class='ocr_carea' id='block_1_67' title="bbox 158 3694 1168 3767">
    <p class='ocr_par' dir='ltr' id='par_1_67' title="bbox 158 3694 1168 3767">
     <span class='ocr_line' id='line_1_67' title="bbox 158 3694 1168 3767; baseline 0.003 -19"><span class='ocrx_word' id='word_1_443' title='bbox 158 3695 444 3748; x_wconf 73' lang='grc' dir='ltr'>ἀσθένειαν</span> <span class='ocrx_word' id='word_1_444' title='bbox 470 3694 660 3747; x_wconf 79' lang='grc' dir='ltr'>ἑαυτῶν</span> <span class='ocrx_word' id='word_1_445' title='bbox 702 3694 1168 3767; x_wconf 73' lang='grc' dir='ltr'>συγκαλύπτοντες.</span> 
     </span>
    </p>
   </div>
   <div class='ocr_carea' id='block_1_68' title="bbox 235 3871 1774 3948">
    <p class='ocr_par' dir='ltr' id='par_1_68' title="bbox 235 3871 1774 3948">
     <span class='ocr_line' id='line_1_68' title="bbox 235 3871 1774 3948; baseline -0.001 -20"><span class='ocrx_word' id='word_1_446' title='bbox 235 3871 400 3928; x_wconf 77' lang='grc' dir='ltr'>Εἶπεν</span> <span class='ocrx_word' id='word_1_447' title='bbox 449 3905 515 3913; x_wconf 93' lang='grc'><strong><em>-</em></strong></span> <span class='ocrx_word' id='word_1_448' title='bbox 565 3874 688 3946; x_wconf 85' lang='grc' dir='ltr'>εἰμι.</span> <span class='ocrx_word' id='word_1_449' title='bbox 737 3873 910 3945; x_wconf 76' lang='grc' dir='ltr'>Ἔλεγε</span> <span class='ocrx_word' id='word_1_450' title='bbox 957 3875 1046 3947; x_wconf 77' lang='grc' dir='ltr'>μεν</span> <span class='ocrx_word' id='word_1_451' title='bbox 1099 3877 1227 3948; x_wconf 82' lang='grc' dir='ltr'>πρὸς</span> <span class='ocrx_word' id='word_1_452' title='bbox 1270 3879 1327 3926; x_wconf 87' lang='grc' dir='ltr'>τὸ</span> <span class='ocrx_word' id='word_1_453' title='bbox 1381 3873 1592 3938; x_wconf 84' lang='grc' dir='ltr'>πλῆθος,</span> <span class='ocrx_word' id='word_1_454' title='bbox 1649 3874 1774 3927; x_wconf 82' lang='grc' dir='ltr'>ἀπε-</span> 
     </span>
    </p>
   </div>
   <div class='ocr_carea' id='block_1_69' title="bbox 155 3959 1770 4038">
    <p class='ocr_par' dir='ltr' id='par_1_69' title="bbox 155 3959 1770 4038">
     <span class='ocr_line' id='line_1_69' title="bbox 155 3959 1770 4038; baseline 0 -22"><span class='ocrx_word' id='word_1_455' title='bbox 155 3969 361 4017; x_wconf 79' lang='grc' dir='ltr'>τείνετο</span> <span class='ocrx_word' id='word_1_456' title='bbox 436 3959 496 4015; x_wconf 67' lang='grc' dir='ltr'><strong>δί</strong></span> <span class='ocrx_word' id='word_1_457' title='bbox 547 3967 672 4038; x_wconf 79' lang='grc' dir='ltr'>πρὸς</span> <span class='ocrx_word' id='word_1_458' title='bbox 748 3967 863 4024; x_wconf 73' lang='grc' dir='ltr'>τοὺς</span> <span class='ocrx_word' id='word_1_459' title='bbox 930 3962 1332 4023; x_wconf 80' lang='grc' dir='ltr'>ἀποστείλαντας</span> <span class='ocrx_word' id='word_1_460' title='bbox 1401 3967 1514 4023; x_wconf 75' lang='grc' dir='ltr'>τοὺς</span> <span class='ocrx_word' id='word_1_461' title='bbox 1582 3965 1770 4037; x_wconf 75' lang='grc' dir='ltr'>ὑπηρέ-</span> 
     </span>
    </p>
   </div>
   <div class='ocr_carea' id='block_1_70' title="bbox 155 4049 1774 4126">
    <p class='ocr_par' dir='ltr' id='par_1_70' title="bbox 155 4049 1774 4126">
     <span class='ocr_line' id='line_1_70' title="bbox 155 4049 1774 4126; baseline -0.001 -21"><span class='ocrx_word' id='word_1_462' title='bbox 155 4073 283 4115; x_wconf 81' lang='grc' dir='ltr'>τας.</span> <span class='ocrx_word' id='word_1_463' title='bbox 319 4056 698 4110; x_wconf 78' lang='grc' dir='ltr'>Δυσωπητικὸν</span> <span class='ocrx_word' id='word_1_464' title='bbox 731 4049 789 4104; x_wconf 66' lang='grc' dir='ltr'>δε</span> <span class='ocrx_word' id='word_1_465' title='bbox 826 4055 884 4104; x_wconf 89' lang='grc' dir='ltr'>τὸ</span> <span class='ocrx_word' id='word_1_466' title='bbox 931 4053 1078 4126; x_wconf 82' lang='grc' dir='ltr'>ῥῆμα</span> <span class='ocrx_word' id='word_1_467' title='bbox 1118 4057 1246 4126; x_wconf 83' lang='grc' dir='ltr'>πρὸς</span> <span class='ocrx_word' id='word_1_468' title='bbox 1300 4052 1626 4110; x_wconf 84' lang='grc' dir='ltr'>καταστολὴν</span> <span class='ocrx_word' id='word_1_469' title='bbox 1680 4060 1774 4114; x_wconf 79' lang='grc' dir='ltr'>τῆς</span> 
     </span>
    </p>
   </div>
   <div class='ocr_carea' id='block_1_71' title="bbox 155 4141 1774 4215">
    <p class='ocr_par' dir='ltr' id='par_1_71' title="bbox 155 4141 1774 4215">
     <span class='ocr_line' id='line_1_71' title="bbox 155 4141 1774 4215; baseline -0.001 -21"><span class='ocrx_word' id='word_1_470' title='bbox 155 4146 364 4214; x_wconf 74' lang='grc' dir='ltr'>μανίας</span> <span class='ocrx_word' id='word_1_471' title='bbox 444 4141 658 4193; x_wconf 68' lang='grc' dir='ltr'>αὐτῶν·</span> <span class='ocrx_word' id='word_1_472' title='bbox 705 4141 814 4193; x_wconf 83' lang='grc' dir='ltr'>Ἐτι</span> <span class='ocrx_word' id='word_1_473' title='bbox 903 4145 1088 4214; x_wconf 81' lang='grc' dir='ltr'>μικρὸν</span> <span class='ocrx_word' id='word_1_474' title='bbox 1166 4146 1356 4215; x_wconf 80' lang='grc' dir='ltr'>χρόνον</span> <span class='ocrx_word' id='word_1_475' title='bbox 1434 4142 1547 4214; x_wconf 85' lang='grc' dir='ltr'>μεθ’</span> <span class='ocrx_word' id='word_1_476' title='bbox 1632 4143 1774 4212; x_wconf 78' lang='grc' dir='ltr'>ὑμῶν</span> 
     </span>
    </p>
   </div>
   <div class='ocr_carea' id='block_1_72' title="bbox 155 4227 1772 4304">
    <p class='ocr_par' dir='ltr' id='par_1_72' title="bbox 155 4227 1772 4304">
     <span class='ocr_line' id='line_1_72' title="bbox 155 4227 1772 4304; baseline -0.002 -21"><span class='ocrx_word' id='word_1_477' title='bbox 155 4231 298 4304; x_wconf 79' lang='grc' dir='ltr'>εἰμὶ,</span> <span class='ocrx_word' id='word_1_478' title='bbox 344 4235 432 4282; x_wconf 80' lang='grc' dir='ltr'>τὸν</span> <span class='ocrx_word' id='word_1_479' title='bbox 463 4232 598 4303; x_wconf 80' lang='grc' dir='ltr'>ἄχρι</span> <span class='ocrx_word' id='word_1_480' title='bbox 620 4237 708 4283; x_wconf 80' lang='grc' dir='ltr'>τοῦ</span> <span class='ocrx_word' id='word_1_481' title='bbox 747 4235 945 4302; x_wconf 79' lang='grc' dir='ltr'>Πάσχα</span> <span class='ocrx_word' id='word_1_482' title='bbox 977 4227 1147 4288; x_wconf 81' lang='grc' dir='ltr'>δηλῶν</span> <span class='ocrx_word' id='word_1_483' title='bbox 1181 4249 1192 4260; x_wconf 84' lang='grc'><em>’</em></span> <span class='ocrx_word' id='word_1_484' title='bbox 1223 4238 1402 4283; x_wconf 77' lang='grc' dir='ltr'>τοῦτον</span> <span class='ocrx_word' id='word_1_485' title='bbox 1450 4236 1602 4303; x_wconf 85' lang='grc' dir='ltr'>μόνον</span> <span class='ocrx_word' id='word_1_486' title='bbox 1652 4229 1772 4281; x_wconf 77' lang='grc' dir='ltr'>ἀνα-</span> 
     </span>
    </p>
   </div>
   <div class='ocr_carea' id='block_1_73' title="bbox 153 4325 400 4393">
    <p class='ocr_par' dir='ltr' id='par_1_73' title="bbox 153 4325 400 4393">
     <span class='ocr_line' id='line_1_73' title="bbox 153 4325 400 4393; baseline -0.004 -20"><span class='ocrx_word' id='word_1_487' title='bbox 153 4325 400 4393; x_wconf 75' lang='grc' dir='ltr'>μείνατε.</span> 
     </span>
    </p>
   </div>
   <div class='ocr_carea' id='block_1_74' title="bbox 241 4407 1499 4483">
    <p class='ocr_par' dir='ltr' id='par_1_74' title="bbox 241 4407 1499 4483">
     <span class='ocr_line' id='line_1_74' title="bbox 241 4407 1499 4483; baseline 0.002 -20"><span class='ocrx_word' id='word_1_488' title='bbox 241 4414 350 4464; x_wconf 75' lang='grc' dir='ltr'>Καὶ</span> <span class='ocrx_word' id='word_1_489' title='bbox 382 4439 448 4451; x_wconf 92' lang='grc'><strong><em>-</em></strong></span> <span class='ocrx_word' id='word_1_490' title='bbox 473 4428 556 4483; x_wconf 84' lang='grc' dir='ltr'>με.</span> <span class='ocrx_word' id='word_1_491' title='bbox 588 4409 710 4462; x_wconf 86' lang='grc' dir='ltr'>Ὀτε</span> <span class='ocrx_word' id='word_1_492' title='bbox 735 4407 1011 4482; x_wconf 72' lang='grc' dir='ltr'>ἀναληφθῶ</span> <span class='ocrx_word' id='word_1_493' title='bbox 1050 4409 1120 4472; x_wconf 81' lang='grc' dir='ltr'>εἰς</span> <span class='ocrx_word' id='word_1_494' title='bbox 1149 4413 1236 4462; x_wconf 81' lang='grc' dir='ltr'>τὸν</span> <span class='ocrx_word' id='word_1_495' title='bbox 1267 4410 1499 4482; x_wconf 76' lang='grc' dir='ltr'>οὐρανόν.</span> 
     </span>
    </p>
   </div>
   <div class='ocr_carea' id='block_1_75' title="bbox 1883 3249 3104 3321">
    <p class='ocr_par' dir='ltr' id='par_1_75' title="bbox 1883 3249 3104 3321">
     <span class='ocr_line' id='line_1_75' title="bbox 1883 3249 3104 3321; baseline -0.006 -13"><span class='ocrx_word' id='word_1_496' title='bbox 1883 3267 2050 3308; x_wconf 89' lang='lat' dir='ltr'>mure</span> <span class='ocrx_word' id='word_1_497' title='bbox 2084 3252 2373 3307; x_wconf 86' lang='lat' dir='ltr'>adversus</span> <span class='ocrx_word' id='word_1_498' title='bbox 2406 3249 2698 3321; x_wconf 88' lang='lat' dir='ltr'>principes</span> <span class='ocrx_word' id='word_1_499' title='bbox 2738 3249 3104 3320; x_wconf 89' lang='lat' dir='ltr'>loquentem.</span> 
     </span>
    </p>
   </div>
   <div class='ocr_carea' id='block_1_76' title="bbox 1955 3338 3530 3409">
    <p class='ocr_par' dir='ltr' id='par_1_76' title="bbox 1955 3338 3530 3409">
     <span class='ocr_line' id='line_1_76' title="bbox 1955 3338 3530 3409; baseline -0.003 -14"><span class='ocrx_word' id='word_1_500' title='bbox 1955 3341 2117 3396; x_wconf 89' lang='lat' dir='ltr'>Vers.</span> <span class='ocrx_word' id='word_1_501' title='bbox 2145 3343 2233 3395; x_wconf 78' lang='grc'><strong>32.</strong></span> <span class='ocrx_word' id='word_1_502' title='bbox 2263 3341 2340 3395; x_wconf 85' lang='lat' dir='ltr'>Et</span> <span class='ocrx_word' id='word_1_503' title='bbox 2392 3371 2456 3379; x_wconf 91' lang='lat'>-—</span> <span class='ocrx_word' id='word_1_504' title='bbox 2498 3355 2648 3394; x_wconf 88' lang='lat' dir='ltr'>eum.</span> <span class='ocrx_word' id='word_1_505' title='bbox 2695 3340 3004 3409; x_wconf 87' lang='lat' dir='ltr'>Tanquam</span> <span class='ocrx_word' id='word_1_506' title='bbox 3049 3338 3530 3392; x_wconf 85' lang='lat' dir='ltr'>commoventem</span> 
     </span>
    </p>
   </div>
   <div class='ocr_carea' id='block_1_77' title="bbox 1885 3425 3535 3502">
    <p class='ocr_par' dir='ltr' id='par_1_77' title="bbox 1885 3425 3535 3502">
     <span class='ocr_line' id='line_1_77' title="bbox 1885 3425 3535 3502; baseline -0.003 -18"><span class='ocrx_word' id='word_1_507' title='bbox 1885 3430 2168 3502; x_wconf 90' lang='lat' dir='ltr'>populum</span> <span class='ocrx_word' id='word_1_508' title='bbox 2197 3429 2272 3485; x_wconf 88' lang='lat' dir='ltr'>ad</span> <span class='ocrx_word' id='word_1_509' title='bbox 2314 3429 2687 3485; x_wconf 90' lang='lat' dir='ltr'>seditionem.</span> <span class='ocrx_word' id='word_1_510' title='bbox 2718 3429 2761 3484; x_wconf 96' lang='grc' dir='ltr'><strong>Ο</strong></span> <span class='ocrx_word' id='word_1_511' title='bbox 2786 3426 3174 3490; x_wconf 88' lang='lat' dir='ltr'>dementiam,</span> <span class='ocrx_word' id='word_1_512' title='bbox 3207 3425 3402 3494; x_wconf 81' lang='lat' dir='ltr'>magis</span> <span class='ocrx_word' id='word_1_513' title='bbox 3426 3441 3535 3480; x_wconf 88' lang='lat' dir='ltr'>au-</span> 
     </span>
    </p>
   </div>
   <div class='ocr_carea' id='block_1_78' title="bbox 1885 3515 3533 3589">
    <p class='ocr_par' dir='ltr' id='par_1_78' title="bbox 1885 3515 3533 3589">
     <span class='ocr_line' id='line_1_78' title="bbox 1885 3515 3533 3589; baseline -0.004 -13"><span class='ocrx_word' id='word_1_514' title='bbox 1885 3525 1998 3576; x_wconf 86' lang='lat' dir='ltr'>tem</span> <span class='ocrx_word' id='word_1_515' title='bbox 2033 3520 2322 3575; x_wconf 87' lang='lat' dir='ltr'>insaniam</span> <span class='ocrx_word' id='word_1_516' title='bbox 2355 3519 2367 3574; x_wconf 82' lang='grc' dir='ltr'>ι</span> <span class='ocrx_word' id='word_1_517' title='bbox 2395 3520 2538 3574; x_wconf 90' lang='lat' dir='ltr'>Cum</span> <span class='ocrx_word' id='word_1_518' title='bbox 2559 3517 2669 3583; x_wconf 92' lang='lat' dir='ltr'>ipsi</span> <span class='ocrx_word' id='word_1_519' title='bbox 2697 3515 3033 3589; x_wconf 82' lang='lat' dir='ltr'>frequenter</span> <span class='ocrx_word' id='word_1_520' title='bbox 3057 3520 3394 3583; x_wconf 88' lang='lat' dir='ltr'>tentassent,</span> <span class='ocrx_word' id='word_1_521' title='bbox 3423 3529 3533 3570; x_wconf 91' lang='lat' dir='ltr'>nec</span> 
     </span>
    </p>
   </div>
   <div class='ocr_carea' id='block_1_79' title="bbox 1883 3603 3531 3680">
    <p class='ocr_par' dir='ltr' id='par_1_79' title="bbox 1883 3603 3531 3680">
     <span class='ocr_line' id='line_1_79' title="bbox 1883 3603 3531 3680; baseline -0.002 -16"><span class='ocrx_word' id='word_1_522' title='bbox 1883 3609 2238 3680; x_wconf 88' lang='lat' dir='ltr'>potuissent,</span> <span class='ocrx_word' id='word_1_523' title='bbox 2296 3607 2581 3664; x_wconf 85' lang='lat' dir='ltr'>ministris</span> <span class='ocrx_word' id='word_1_524' title='bbox 2632 3622 2757 3662; x_wconf 92' lang='lat' dir='ltr'>rem</span> <span class='ocrx_word' id='word_1_525' title='bbox 2815 3604 3292 3660; x_wconf 88' lang='lat' dir='ltr'>commiserunt:</span> <span class='ocrx_word' id='word_1_526' title='bbox 3329 3607 3392 3659; x_wconf 90' lang='lat' dir='ltr'>ut</span> <span class='ocrx_word' id='word_1_527' title='bbox 3455 3603 3531 3660; x_wconf 92' lang='lat' dir='ltr'>de</span> 
     </span>
    </p>
   </div>
   <div class='ocr_carea' id='block_1_80' title="bbox 1884 3693 3538 3768">
    <p class='ocr_par' dir='ltr' id='par_1_80' title="bbox 1884 3693 3538 3768">
     <span class='ocr_line' id='line_1_80' title="bbox 1884 3693 3538 3768; baseline -0.004 -14"><span class='ocrx_word' id='word_1_528' title='bbox 1884 3699 2080 3754; x_wconf 86' lang='lat' dir='ltr'>furore</span> <span class='ocrx_word' id='word_1_529' title='bbox 2109 3697 2575 3754; x_wconf 87' lang='lat' dir='ltr'>consolationem</span> <span class='ocrx_word' id='word_1_530' title='bbox 2610 3696 2963 3768; x_wconf 86' lang='lat' dir='ltr'>acciperent,</span> <span class='ocrx_word' id='word_1_531' title='bbox 2987 3710 3158 3750; x_wconf 88' lang='lat' dir='ltr'>suam</span> <span class='ocrx_word' id='word_1_532' title='bbox 3198 3698 3393 3750; x_wconf 87' lang='lat' dir='ltr'>autem</span> <span class='ocrx_word' id='word_1_533' title='bbox 3425 3693 3538 3749; x_wconf 86' lang='lat' dir='ltr'>im-</span> 
     </span>
    </p>
   </div>
   <div class='ocr_carea' id='block_1_81' title="bbox 1883 3787 2662 3844">
    <p class='ocr_par' dir='ltr' id='par_1_81' title="bbox 1883 3787 2662 3844">
     <span class='ocr_line' id='line_1_81' title="bbox 1883 3787 2662 3844; baseline -0.004 0"><span class='ocrx_word' id='word_1_534' title='bbox 1883 3787 2255 3844; x_wconf 88' lang='lat' dir='ltr'>becillitatem</span> <span class='ocrx_word' id='word_1_535' title='bbox 2282 3787 2662 3843; x_wconf 85' lang='lat' dir='ltr'>occultarent.</span> 
     </span>
    </p>
   </div>
   <div class='ocr_carea' id='block_1_82' title="bbox 1954 3873 3534 3946">
    <p class='ocr_par' dir='ltr' id='par_1_82' title="bbox 1954 3873 3534 3946">
     <span class='ocr_line' id='line_1_82' title="bbox 1954 3873 3534 3946; baseline -0.003 -14"><span class='ocrx_word' id='word_1_536' title='bbox 1954 3879 2115 3934; x_wconf 89' lang='lat' dir='ltr'>Vers.</span> <span class='ocrx_word' id='word_1_537' title='bbox 2140 3878 2228 3934; x_wconf 89' lang='lat'>33.</span> <span class='ocrx_word' id='word_1_538' title='bbox 2281 3877 2451 3934; x_wconf 73' lang='lat' dir='ltr'>Dixit</span> <span class='ocrx_word' id='word_1_539' title='bbox 2481 3907 2543 3917; x_wconf 84' lang='lat'><strong>—</strong></span> <span class='ocrx_word' id='word_1_540' title='bbox 2578 3892 2728 3932; x_wconf 89' lang='lat' dir='ltr'>sum.</span> <span class='ocrx_word' id='word_1_541' title='bbox 2787 3874 3139 3930; x_wconf 89' lang='lat' dir='ltr'>Multitudini</span> <span class='ocrx_word' id='word_1_542' title='bbox 3166 3873 3412 3946; x_wconf 88' lang='lat' dir='ltr'>quidem</span> <span class='ocrx_word' id='word_1_543' title='bbox 3451 3873 3534 3929; x_wconf 83' lang='lat' dir='ltr'>lo-</span> 
     </span>
    </p>
   </div>
   <div class='ocr_carea' id='block_1_83' title="bbox 1883 3961 3534 4039">
    <p class='ocr_par' dir='ltr' id='par_1_83' title="bbox 1883 3961 3534 4039">
     <span class='ocr_line' id='line_1_83' title="bbox 1883 3961 3534 4039; baseline -0.002 -19"><span class='ocrx_word' id='word_1_544' title='bbox 1883 3967 2178 4039; x_wconf 87' lang='lat' dir='ltr'>quebatur</span> <span class='ocrx_word' id='word_1_545' title='bbox 2233 3983 2246 4022; x_wconf 86' lang='lat'><strong>:</strong></span> <span class='ocrx_word' id='word_1_546' title='bbox 2289 3965 2639 4022; x_wconf 84' lang='lat' dir='ltr'>intendebat</span> <span class='ocrx_word' id='word_1_547' title='bbox 2702 3967 2898 4020; x_wconf 83' lang='lat' dir='ltr'>autem</span> <span class='ocrx_word' id='word_1_548' title='bbox 2961 3963 3037 4018; x_wconf 87' lang='lat' dir='ltr'>ad</span> <span class='ocrx_word' id='word_1_549' title='bbox 3069 3963 3394 4027; x_wconf 89' lang='lat' dir='ltr'>ministros,</span> <span class='ocrx_word' id='word_1_550' title='bbox 3429 3961 3534 4034; x_wconf 88' lang='lat' dir='ltr'>qui</span> 
     </span>
    </p>
   </div>
   <div class='ocr_carea' id='block_1_84' title="bbox 1886 4051 3536 4125">
    <p class='ocr_par' dir='ltr' id='par_1_84' title="bbox 1886 4051 3536 4125">
     <span class='ocr_line' id='line_1_84' title="bbox 1886 4051 3536 4125; baseline -0.003 -15"><span class='ocrx_word' id='word_1_551' title='bbox 1886 4056 2046 4110; x_wconf 88' lang='lat' dir='ltr'>missi</span> <span class='ocrx_word' id='word_1_552' title='bbox 2077 4060 2243 4110; x_wconf 90' lang='lat' dir='ltr'>erant</span> <span class='ocrx_word' id='word_1_553' title='bbox 2275 4060 2402 4110; x_wconf 85' lang='lat' dir='ltr'>:est</span> <span class='ocrx_word' id='word_1_554' title='bbox 2422 4055 2579 4110; x_wconf 89' lang='lat' dir='ltr'>enim</span> <span class='ocrx_word' id='word_1_555' title='bbox 2634 4052 2982 4125; x_wconf 87' lang='lat' dir='ltr'>placationis</span> <span class='ocrx_word' id='word_1_556' title='bbox 3034 4052 3279 4106; x_wconf 87' lang='lat' dir='ltr'>verbum</span> <span class='ocrx_word' id='word_1_557' title='bbox 3311 4051 3389 4106; x_wconf 92' lang='lat' dir='ltr'>ad</span> <span class='ocrx_word' id='word_1_558' title='bbox 3411 4067 3536 4107; x_wconf 90' lang='lat' dir='ltr'>cor-</span> 
     </span>
    </p>
   </div>
   <div class='ocr_carea' id='block_1_85' title="bbox 1883 4139 3532 4214">
    <p class='ocr_par' dir='ltr' id='par_1_85' title="bbox 1883 4139 3532 4214">
     <span class='ocr_line' id='line_1_85' title="bbox 1883 4139 3532 4214; baseline -0.002 -16"><span class='ocrx_word' id='word_1_559' title='bbox 1883 4143 2218 4214; x_wconf 89' lang='lat' dir='ltr'>ruptionem</span> <span class='ocrx_word' id='word_1_560' title='bbox 2249 4143 2495 4198; x_wconf 70' lang='lat' dir='ltr'>insanias</span> <span class='ocrx_word' id='word_1_561' title='bbox 2513 4142 2738 4197; x_wconf 90' lang='lat' dir='ltr'>illorum</span> <span class='ocrx_word' id='word_1_562' title='bbox 2761 4157 2773 4195; x_wconf 93' lang='lat'>:</span> <span class='ocrx_word' id='word_1_563' title='bbox 2800 4141 3010 4196; x_wconf 83' lang='lat' dir='ltr'>Adhuc</span> <span class='ocrx_word' id='word_1_564' title='bbox 3030 4139 3254 4196; x_wconf 84' lang='lat' dir='ltr'>modico</span> <span class='ocrx_word' id='word_1_565' title='bbox 3277 4147 3532 4206; x_wconf 80' lang='lat' dir='ltr'>tempore</span> 
     </span>
    </p>
   </div>
   <div class='ocr_carea' id='block_1_86' title="bbox 1884 4227 3531 4300">
    <p class='ocr_par' dir='ltr' id='par_1_86' title="bbox 1884 4227 3531 4300">
     <span class='ocr_line' id='line_1_86' title="bbox 1884 4227 3531 4300; baseline -0.004 -12"><span class='ocrx_word' id='word_1_566' title='bbox 1884 4232 2175 4288; x_wconf 76' lang='lat' dir='ltr'>vobiscum</span> <span class='ocrx_word' id='word_1_567' title='bbox 2216 4247 2364 4295; x_wconf 88' lang='lat' dir='ltr'>sum,</span> <span class='ocrx_word' id='word_1_568' title='bbox 2426 4230 2766 4299; x_wconf 76' lang='lat' dir='ltr'>significans</span> <span class='ocrx_word' id='word_1_569' title='bbox 2824 4234 3058 4300; x_wconf 91' lang='lat' dir='ltr'>tempus</span> <span class='ocrx_word' id='word_1_570' title='bbox 3111 4244 3297 4299; x_wconf 91' lang='lat' dir='ltr'>usque</span> <span class='ocrx_word' id='word_1_571' title='bbox 3329 4227 3398 4282; x_wconf 85' lang='lat' dir='ltr'>ad</span> <span class='ocrx_word' id='word_1_572' title='bbox 3425 4227 3531 4282; x_wconf 85' lang='lat' dir='ltr'>Pa-</span> 
     </span>
    </p>
   </div>
   <div class='ocr_carea' id='block_1_87' title="bbox 1885 4318 3018 4388">
    <p class='ocr_par' dir='ltr' id='par_1_87' title="bbox 1885 4318 3018 4388">
     <span class='ocr_line' id='line_1_87' title="bbox 1885 4318 3018 4388; baseline -0.005 -13"><span class='ocrx_word' id='word_1_573' title='bbox 1885 4321 2032 4377; x_wconf 88' lang='lat' dir='ltr'>scha</span> <span class='ocrx_word' id='word_1_574' title='bbox 2061 4337 2073 4374; x_wconf 88' lang='lat'><strong>:</strong></span> <span class='ocrx_word' id='word_1_575' title='bbox 2117 4319 2232 4375; x_wconf 89' lang='lat' dir='ltr'>hoc</span> <span class='ocrx_word' id='word_1_576' title='bbox 2271 4335 2410 4388; x_wconf 82' lang='lat' dir='ltr'>ergo</span> <span class='ocrx_word' id='word_1_577' title='bbox 2438 4318 2633 4373; x_wconf 90' lang='lat' dir='ltr'>solum</span> <span class='ocrx_word' id='word_1_578' title='bbox 2665 4321 3018 4388; x_wconf 87' lang='lat' dir='ltr'>exspectate.</span> 
     </span>
    </p>
   </div>
   <div class='ocr_carea' id='block_1_88' title="bbox 1955 4403 3532 4466">
    <p class='ocr_par' dir='ltr' id='par_1_88' title="bbox 1955 4403 3532 4466">
     <span class='ocr_line' id='line_1_88' title="bbox 1955 4403 3532 4466; baseline -0.003 -1"><span class='ocrx_word' id='word_1_579' title='bbox 1955 4411 2115 4466; x_wconf 85' lang='lat' dir='ltr'>Vers.</span> <span class='ocrx_word' id='word_1_580' title='bbox 2177 4411 2265 4466; x_wconf 87' lang='lat'>33.</span> <span class='ocrx_word' id='word_1_581' title='bbox 2315 4408 2393 4463; x_wconf 82' lang='lat' dir='ltr'>Et</span> <span class='ocrx_word' id='word_1_582' title='bbox 2443 4437 2507 4450; x_wconf 73' lang='grc' dir='ltr'>ο·-</span> <span class='ocrx_word' id='word_1_583' title='bbox 2562 4421 2670 4463; x_wconf 90' lang='lat' dir='ltr'>me.</span> <span class='ocrx_word' id='word_1_584' title='bbox 2733 4407 2878 4462; x_wconf 87' lang='lat' dir='ltr'>Cum</span> <span class='ocrx_word' id='word_1_585' title='bbox 2955 4419 3234 4460; x_wconf 88' lang='lat' dir='ltr'>assumar</span> <span class='ocrx_word' id='word_1_586' title='bbox 3291 4403 3350 4459; x_wconf 90' lang='lat' dir='ltr'>in</span> <span class='ocrx_word' id='word_1_587' title='bbox 3417 4419 3532 4460; x_wconf 72' lang='lat' dir='ltr'>caa-</span> 
     </span>
    </p>
   </div>
   <div class='ocr_carea' id='block_1_89' title="bbox 1884 4500 2032 4557">
    <p class='ocr_par' dir='ltr' id='par_1_89' title="bbox 1884 4500 2032 4557">
     <span class='ocr_line' id='line_1_89' title="bbox 1884 4500 2032 4557; baseline -0.02 0"><span class='ocrx_word' id='word_1_588' title='bbox 1884 4500 2032 4557; x_wconf 90' lang='lat' dir='ltr'>lum.</span> 
     </span>
    </p>
   </div>
   <div class='ocr_carea' id='block_1_90' title="bbox 235 4580 1775 4664">
    <p class='ocr_par' dir='ltr' id='par_1_90' title="bbox 235 4588 1772 4664">
     <span class='ocr_line' id='line_1_90' title="bbox 235 4588 1772 4664; baseline -0.001 -22"><span class='ocrx_word' id='word_1_589' title='bbox 235 4591 509 4646; x_wconf 78' lang='grc' dir='ltr'>Ζητήσετέ</span> <span class='ocrx_word' id='word_1_590' title='bbox 535 4619 604 4628; x_wconf 93' lang='grc'><strong>-</strong></span> <span class='ocrx_word' id='word_1_591' title='bbox 639 4589 899 4662; x_wconf 81' lang='grc' dir='ltr'>εὑρήσετε.</span> <span class='ocrx_word' id='word_1_592' title='bbox 934 4588 1080 4649; x_wconf 81' lang='grc' dir='ltr'>Εἰκὸς</span> <span class='ocrx_word' id='word_1_593' title='bbox 1121 4592 1221 4664; x_wconf 78' lang='grc' dir='ltr'>γὰρ</span> <span class='ocrx_word' id='word_1_594' title='bbox 1254 4589 1467 4652; x_wconf 81' lang='grc' dir='ltr'>πολλοὺς</span> <span class='ocrx_word' id='word_1_595' title='bbox 1513 4589 1565 4652; x_wconf 77' lang='grc' dir='ltr'>ἐξ</span> <span class='ocrx_word' id='word_1_596' title='bbox 1607 4589 1772 4642; x_wconf 69' lang='grc' dir='ltr'>αὐτῶν</span> 
     </span>
    </p>
   </div>
   <div class='ocr_carea' id='block_1_91' title="bbox 1909 4580 3535 4664">
    <p class='ocr_par' dir='ltr' id='par_1_91' title="bbox 1954 4580 3535 4654">
     <span class='ocr_line' id='line_1_91' title="bbox 1954 4580 3535 4654; baseline -0.005 -10"><span class='ocrx_word' id='word_1_597' title='bbox 1954 4590 2114 4645; x_wconf 89' lang='lat' dir='ltr'>Vers.</span> <span class='ocrx_word' id='word_1_598' title='bbox 2149 4588 2243 4645; x_wconf 73' lang='lat'>34.</span> <span class='ocrx_word' id='word_1_599' title='bbox 2281 4585 2566 4654; x_wconf 74' lang='lat' dir='ltr'>Quwretis</span> <span class='ocrx_word' id='word_1_600' title='bbox 2593 4615 2657 4623; x_wconf 92' lang='lat'><strong>—</strong></span> <span class='ocrx_word' id='word_1_601' title='bbox 2685 4581 3014 4640; x_wconf 71' lang='lat' dir='ltr'>invenietis.</span> <span class='ocrx_word' id='word_1_602' title='bbox 3047 4580 3350 4653; x_wconf 91' lang='lat' dir='ltr'>Siquidem</span> <span class='ocrx_word' id='word_1_603' title='bbox 3387 4581 3535 4636; x_wconf 90' lang='lat' dir='ltr'>veri-</span> 
     </span>
    </p>
   </div>
   <div class='ocr_carea' id='block_1_92' title="bbox 146 4676 1773 4752">
    <p class='ocr_par' dir='ltr' id='par_1_92' title="bbox 146 4676 1773 4752">
     <span class='ocr_line' id='line_1_92' title="bbox 146 4676 1773 4752; baseline 0 -22"><span class='ocrx_word' id='word_1_604' title='bbox 146 4680 510 4752; x_wconf 63' lang='grc' dir='ltr'>μνημονεύειν</span> <span class='ocrx_word' id='word_1_605' title='bbox 540 4676 719 4742; x_wconf 68' lang='grc' dir='ltr'>αὐτοῦ,</span> <span class='ocrx_word' id='word_1_606' title='bbox 743 4683 832 4730; x_wconf 82' lang='grc' dir='ltr'>καὶ</span> <span class='ocrx_word' id='word_1_607' title='bbox 854 4678 1027 4738; x_wconf 80' lang='grc' dir='ltr'>ζητεῖν</span> <span class='ocrx_word' id='word_1_608' title='bbox 1050 4678 1204 4730; x_wconf 68' lang='grc' dir='ltr'>αὐτὸν</span> <span class='ocrx_word' id='word_1_609' title='bbox 1221 4677 1438 4751; x_wconf 77' lang='grc' dir='ltr'>βοηθὸν,</span> <span class='ocrx_word' id='word_1_610' title='bbox 1467 4685 1555 4732; x_wconf 81' lang='grc' dir='ltr'>καὶ</span> <span class='ocrx_word' id='word_1_611' title='bbox 1585 4679 1773 4752; x_wconf 78' lang='grc' dir='ltr'>μᾶλλον</span> 
     </span>
    </p>
   </div>
   <div class='ocr_carea' id='block_1_93' title="bbox 147 4766 1068 4841">
    <p class='ocr_par' dir='ltr' id='par_1_93' title="bbox 147 4766 1068 4841">
     <span class='ocr_line' id='line_1_93' title="bbox 147 4766 1068 4841; baseline 0.001 -20"><span class='ocrx_word' id='word_1_612' title='bbox 147 4770 525 4840; x_wconf 65' lang='grc' dir='ltr'>ἁλισκομένων</span> <span class='ocrx_word' id='word_1_613' title='bbox 555 4775 652 4819; x_wconf 87' lang='grc' dir='ltr'>τῶν</span> <span class='ocrx_word' id='word_1_614' title='bbox 681 4766 1068 4841; x_wconf 81' lang='grc' dir='ltr'>Ἰεροσολύμων.</span> 
     </span>
    </p>
   </div>
   <div class='ocr_carea' id='block_1_94' title="bbox 237 4943 1772 5010">
    <p class='ocr_par' dir='ltr' id='par_1_94' title="bbox 237 4943 1772 5010">
     <span class='ocr_line' id='line_1_94' title="bbox 237 4943 1772 5010; baseline 0.003 -14"><span class='ocrx_word' id='word_1_615' title='bbox 237 4950 349 5000; x_wconf 77' lang='grc' dir='ltr'>Καὶ</span> <span class='ocrx_word' id='word_1_616' title='bbox 386 4975 445 4984; x_wconf 78' lang='lat'><strong>-</strong></span> <span class='ocrx_word' id='word_1_617' title='bbox 477 4943 656 4997; x_wconf 82' lang='grc' dir='ltr'>ἐλθεῖν.</span> <span class='ocrx_word' id='word_1_618' title='bbox 679 4943 846 4998; x_wconf 80' lang='grc' dir='ltr'>Ὀτι-ου</span> <span class='ocrx_word' id='word_1_619' title='bbox 874 4946 976 5010; x_wconf 82' lang='grc' dir='ltr'>εἰμὶ</span> <span class='ocrx_word' id='word_1_620' title='bbox 1003 4950 1134 5001; x_wconf 78' lang='grc' dir='ltr'>τότε.</span> <span class='ocrx_word' id='word_1_621' title='bbox 1169 4945 1325 5005; x_wconf 81' lang='grc' dir='ltr'>Δηλοί</span> <span class='ocrx_word' id='word_1_622' title='bbox 1361 4943 1415 4999; x_wconf 58' lang='lat' dir='ltr'>3&#39;s</span> <span class='ocrx_word' id='word_1_623' title='bbox 1440 4952 1532 5004; x_wconf 82' lang='grc' dir='ltr'>τὴν</span> <span class='ocrx_word' id='word_1_624' title='bbox 1565 4946 1646 5000; x_wconf 70' lang='grc' dir='ltr'>ἐπὶ</span> <span class='ocrx_word' id='word_1_625' title='bbox 1681 4957 1772 5001; x_wconf 81' lang='grc' dir='ltr'>τοῦ</span> 
     </span>
    </p>
   </div>
   <div class='ocr_carea' id='block_1_95' title="bbox 140 5030 1313 5111">
    <p class='ocr_par' dir='ltr' id='par_1_95' title="bbox 140 5030 1313 5111">
     <span class='ocr_line' id='line_1_95' title="bbox 140 5030 1313 5111; baseline -0.001 -21"><span class='ocrx_word' id='word_1_626' title='bbox 140 5037 397 5109; x_wconf 72' lang='grc' dir='ltr'>οὐρανοῦ</span> <span class='ocrx_word' id='word_1_627' title='bbox 429 5033 476 5085; x_wconf 85' lang='grc' dir='ltr'>ἒν</span> <span class='ocrx_word' id='word_1_628' title='bbox 509 5030 659 5106; x_wconf 81' lang='grc' dir='ltr'>δεξιᾷ</span> <span class='ocrx_word' id='word_1_629' title='bbox 680 5043 769 5088; x_wconf 78' lang='grc' dir='ltr'>τοῦ</span> <span class='ocrx_word' id='word_1_630' title='bbox 804 5040 1007 5110; x_wconf 80' lang='grc' dir='ltr'>[ἰατρὸς</span> <span class='ocrx_word' id='word_1_631' title='bbox 1035 5031 1313 5111; x_wconf 78' lang='grc' dir='ltr'>καθέδραν.</span> 
     </span>
    </p>
   </div>
   <div class='ocr_carea' id='block_1_96' title="bbox 230 5121 1771 5199">
    <p class='ocr_par' dir='ltr' id='par_1_96' title="bbox 230 5121 1771 5199">
     <span class='ocr_line' id='line_1_96' title="bbox 230 5121 1771 5199; baseline 0.001 -21"><span class='ocrx_word' id='word_1_632' title='bbox 230 5121 405 5178; x_wconf 81' lang='grc' dir='ltr'>Εἶπον</span> <span class='ocrx_word' id='word_1_633' title='bbox 463 5153 532 5163; x_wconf 91' lang='grc'><strong><em>-</em></strong></span> <span class='ocrx_word' id='word_1_634' title='bbox 605 5124 797 5195; x_wconf 79' lang='grc' dir='ltr'>ἐλθείν;</span> <span class='ocrx_word' id='word_1_635' title='bbox 829 5123 1059 5177; x_wconf 80' lang='grc' dir='ltr'>Ἐπαθὸν</span> <span class='ocrx_word' id='word_1_636' title='bbox 1115 5145 1166 5178; x_wconf 88' lang='grc' dir='ltr'>τι</span> <span class='ocrx_word' id='word_1_637' title='bbox 1224 5129 1350 5199; x_wconf 89' lang='grc' dir='ltr'>πρὸς</span> <span class='ocrx_word' id='word_1_638' title='bbox 1406 5129 1522 5188; x_wconf 83' lang='grc' dir='ltr'>τοὺς</span> <span class='ocrx_word' id='word_1_639' title='bbox 1587 5126 1771 5199; x_wconf 68' lang='grc' dir='ltr'>λόγους</span> 
     </span>
    </p>
   </div>
   <div class='ocr_carea' id='block_1_97' title="bbox 134 5209 1772 5291">
    <p class='ocr_par' dir='ltr' id='par_1_97' title="bbox 134 5209 1772 5291">
     <span class='ocr_line' id='line_1_97' title="bbox 134 5209 1772 5291; baseline 0.001 -22"><span class='ocrx_word' id='word_1_640' title='bbox 134 5214 356 5280; x_wconf 73' lang='grc' dir='ltr'>αὐτοῦ,</span> <span class='ocrx_word' id='word_1_641' title='bbox 434 5209 829 5277; x_wconf 75' lang='grc' dir='ltr'>δυσωπηθέντες</span> <span class='ocrx_word' id='word_1_642' title='bbox 904 5214 1114 5283; x_wconf 78' lang='grc' dir='ltr'>αὐτοὺς,</span> <span class='ocrx_word' id='word_1_643' title='bbox 1193 5219 1280 5267; x_wconf 82' lang='grc' dir='ltr'>καὶ</span> <span class='ocrx_word' id='word_1_644' title='bbox 1353 5215 1577 5277; x_wconf 76' lang='grc' dir='ltr'>ζητοῦσι</span> <span class='ocrx_word' id='word_1_645' title='bbox 1641 5221 1772 5291; x_wconf 85' lang='grc' dir='ltr'>πρὸς</span> 
     </span>
    </p>
   </div>
   <div class='ocr_carea' id='block_1_98' title="bbox 224 5391 759 5460">
    <p class='ocr_par' dir='ltr' id='par_1_98' title="bbox 224 5391 759 5460">
     <span class='ocr_line' id='line_1_98' title="bbox 224 5391 759 5460; baseline 0.004 -12"><span class='ocrx_word' id='word_1_646' title='bbox 224 5394 288 5431; x_wconf 64' lang='grc'>⁸⁸</span> <span class='ocrx_word' id='word_1_647' title='bbox 327 5393 502 5450; x_wconf 85' lang='lat' dir='ltr'>Joan.</span> <span class='ocrx_word' id='word_1_648' title='bbox 541 5407 622 5460; x_wconf 78' lang='lat' dir='ltr'>vx,</span> <span class='ocrx_word' id='word_1_649' title='bbox 661 5391 759 5450; x_wconf 77' lang='grc'><strong>46.</strong></span> 
     </span>
    </p>
   </div>
   <div class='ocr_carea' id='block_1_99' title="bbox 1885 4670 3536 4747">
    <p class='ocr_par' dir='ltr' id='par_1_99' title="bbox 1885 4670 3536 4747">
     <span class='ocr_line' id='line_1_99' title="bbox 1885 4670 3536 4747; baseline -0.004 -15"><span class='ocrx_word' id='word_1_650' title='bbox 1885 4677 2066 4734; x_wconf 89' lang='lat' dir='ltr'>simile</span> <span class='ocrx_word' id='word_1_651' title='bbox 2111 4683 2216 4744; x_wconf 91' lang='lat' dir='ltr'>est,</span> <span class='ocrx_word' id='word_1_652' title='bbox 2274 4675 2439 4747; x_wconf 91' lang='lat' dir='ltr'>quod</span> <span class='ocrx_word' id='word_1_653' title='bbox 2504 4672 2673 4729; x_wconf 87' lang='lat' dir='ltr'>multi</span> <span class='ocrx_word' id='word_1_654' title='bbox 2726 4687 2933 4727; x_wconf 91' lang='lat' dir='ltr'>eorum</span> <span class='ocrx_word' id='word_1_655' title='bbox 2989 4670 3281 4728; x_wconf 89' lang='lat' dir='ltr'>recordati</span> <span class='ocrx_word' id='word_1_656' title='bbox 3342 4670 3536 4742; x_wconf 87' lang='lat' dir='ltr'>ipsius</span> 
     </span>
    </p>
   </div>
   <div class='ocr_carea' id='block_1_100' title="bbox 1884 4759 3532 4841">
    <p class='ocr_par' dir='ltr' id='par_1_100' title="bbox 1884 4759 3532 4841">
     <span class='ocr_line' id='line_1_100' title="bbox 1884 4759 3532 4841; baseline -0.004 -17"><span class='ocrx_word' id='word_1_657' title='bbox 1884 4767 2248 4841; x_wconf 70' lang='lat' dir='ltr'>quaesierunt</span> <span class='ocrx_word' id='word_1_658' title='bbox 2307 4781 2444 4821; x_wconf 89' lang='lat' dir='ltr'>eum</span> <span class='ocrx_word' id='word_1_659' title='bbox 2499 4761 2928 4828; x_wconf 81' lang='lat' dir='ltr'>auxiliatorem,</span> <span class='ocrx_word' id='word_1_660' title='bbox 2965 4766 3020 4819; x_wconf 92' lang='lat' dir='ltr'>et</span> <span class='ocrx_word' id='word_1_661' title='bbox 3078 4759 3330 4817; x_wconf 84' lang='lat' dir='ltr'>maxime</span> <span class='ocrx_word' id='word_1_662' title='bbox 3388 4761 3532 4817; x_wconf 91' lang='lat' dir='ltr'>dum</span> 
     </span>
    </p>
   </div>
   <div class='ocr_carea' id='block_1_101' title="bbox 1888 4857 2693 4928">
    <p class='ocr_par' dir='ltr' id='par_1_101' title="bbox 1888 4857 2693 4928">
     <span class='ocr_line' id='line_1_101' title="bbox 1888 4857 2693 4928; baseline -0.007 -16"><span class='ocrx_word' id='word_1_663' title='bbox 1888 4857 2294 4928; x_wconf 84' lang='lat' dir='ltr'>Hierosolyma</span> <span class='ocrx_word' id='word_1_664' title='bbox 2320 4857 2693 4926; x_wconf 86' lang='lat' dir='ltr'>caperentur.</span> 
     </span>
    </p>
   </div>
   <div class='ocr_carea' id='block_1_102' title="bbox 1990 4939 3536 5010">
    <p class='ocr_par' dir='ltr' id='par_1_102' title="bbox 1990 4939 3536 5010">
     <span class='ocr_line' id='line_1_102' title="bbox 1990 4939 3536 5010; baseline -0.005 -9"><span class='ocrx_word' id='word_1_665' title='bbox 1990 4947 2154 5001; x_wconf 85' lang='lat' dir='ltr'>Vers.</span> <span class='ocrx_word' id='word_1_666' title='bbox 2189 4947 2281 5002; x_wconf 76' lang='grc'><strong>34.</strong></span> <span class='ocrx_word' id='word_1_667' title='bbox 2323 4945 2396 4999; x_wconf 80' lang='lat' dir='ltr'>Et</span> <span class='ocrx_word' id='word_1_668' title='bbox 2441 4975 2491 4984; x_wconf 90' lang='lat'>—-</span> <span class='ocrx_word' id='word_1_669' title='bbox 2523 4942 2736 4998; x_wconf 84' lang='lat' dir='ltr'>venire.</span> <span class='ocrx_word' id='word_1_670' title='bbox 2773 4940 2878 4996; x_wconf 86' lang='lat' dir='ltr'>Ubi</span> <span class='ocrx_word' id='word_1_671' title='bbox 2914 4947 3054 4996; x_wconf 89' lang='lat' dir='ltr'>tunc</span> <span class='ocrx_word' id='word_1_672' title='bbox 3080 4956 3199 4995; x_wconf 92' lang='lat' dir='ltr'>ero.</span> <span class='ocrx_word' id='word_1_673' title='bbox 3231 4939 3536 5010; x_wconf 80' lang='lat' dir='ltr'>Signiﬁcat</span> 
     </span>
    </p>
   </div>
   <div class='ocr_carea' id='block_1_103' title="bbox 1885 5031 3131 5092">
    <p class='ocr_par' dir='ltr' id='par_1_103' title="bbox 1885 5031 3131 5092">
     <span class='ocr_line' id='line_1_103' title="bbox 1885 5031 3131 5092; baseline -0.006 0"><span class='ocrx_word' id='word_1_674' title='bbox 1885 5044 2080 5092; x_wconf 86' lang='lat' dir='ltr'>autem</span> <span class='ocrx_word' id='word_1_675' title='bbox 2119 5035 2444 5090; x_wconf 84' lang='lat' dir='ltr'>sessionem</span> <span class='ocrx_word' id='word_1_676' title='bbox 2478 5031 2553 5087; x_wconf 89' lang='lat' dir='ltr'>ad</span> <span class='ocrx_word' id='word_1_677' title='bbox 2585 5031 2887 5086; x_wconf 82' lang='lat' dir='ltr'>dexteram</span> <span class='ocrx_word' id='word_1_678' title='bbox 2921 5031 3131 5087; x_wconf 88' lang='lat' dir='ltr'>Patris.</span> 
     </span>
    </p>
   </div>
   <div class='ocr_carea' id='block_1_104' title="bbox 1954 5116 3536 5182">
    <p class='ocr_par' dir='ltr' id='par_1_104' title="bbox 1954 5116 3536 5182">
     <span class='ocr_line' id='line_1_104' title="bbox 1954 5116 3536 5182; baseline -0.007 0"><span class='ocrx_word' id='word_1_679' title='bbox 1954 5129 2114 5182; x_wconf 88' lang='lat' dir='ltr'>Vers.</span> <span class='ocrx_word' id='word_1_680' title='bbox 2159 5126 2253 5181; x_wconf 82' lang='grc'>35.</span> <span class='ocrx_word' id='word_1_681' title='bbox 2313 5123 2606 5179; x_wconf 75' lang='lat' dir='ltr'>Dixerunt</span> <span class='ocrx_word' id='word_1_682' title='bbox 2664 5150 2731 5160; x_wconf 92' lang='lat'>-—</span> <span class='ocrx_word' id='word_1_683' title='bbox 2788 5120 2949 5174; x_wconf 87' lang='lat' dir='ltr'>Vers.</span> <span class='ocrx_word' id='word_1_684' title='bbox 2980 5121 3096 5175; x_wconf 90' lang='lat'>36.</span> <span class='ocrx_word' id='word_1_685' title='bbox 3160 5119 3362 5176; x_wconf 82' lang='lat' dir='ltr'>venire</span> <span class='ocrx_word' id='word_1_686' title='bbox 3395 5116 3536 5172; x_wconf 81' lang='lat' dir='ltr'><strong>?Af-</strong></span> 
     </span>
    </p>
   </div>
   <div class='ocr_carea' id='block_1_105' title="bbox 1880 5206 3535 5289">
    <p class='ocr_par' dir='ltr' id='par_1_105' title="bbox 1880 5206 3535 5289">
     <span class='ocr_line' id='line_1_105' title="bbox 1880 5206 3535 5289; baseline -0.008 -15"><span class='ocrx_word' id='word_1_687' title='bbox 1880 5217 2015 5274; x_wconf 85' lang='lat' dir='ltr'>fecti</span> <span class='ocrx_word' id='word_1_688' title='bbox 2045 5211 2499 5289; x_wconf 87' lang='lat' dir='ltr'>quodammodo</span> <span class='ocrx_word' id='word_1_689' title='bbox 2534 5214 2671 5266; x_wconf 92' lang='lat' dir='ltr'>sunt</span> <span class='ocrx_word' id='word_1_690' title='bbox 2696 5208 2772 5264; x_wconf 88' lang='lat' dir='ltr'>ad</span> <span class='ocrx_word' id='word_1_691' title='bbox 2801 5224 3107 5265; x_wconf 90' lang='lat' dir='ltr'>sermones</span> <span class='ocrx_word' id='word_1_692' title='bbox 3139 5209 3287 5280; x_wconf 90' lang='lat' dir='ltr'>ejus,</span> <span class='ocrx_word' id='word_1_693' title='bbox 3317 5206 3535 5280; x_wconf 89' lang='lat' dir='ltr'>quibus</span> 
     </span>
    </p>
   </div>
   <div class='ocr_carea' id='block_1_106' title="bbox 1450 5517 2345 5589">
    <p class='ocr_par' dir='ltr' id='par_1_106' title="bbox 1450 5517 2345 5589">
     <span class='ocr_line' id='line_1_106' title="bbox 1450 5517 2345 5589; baseline -0.006 -1"><span class='ocrx_word' id='word_1_694' title='bbox 1450 5518 1670 5589; x_wconf 75' lang='lat' dir='ltr'>Variae</span> <span class='ocrx_word' id='word_1_695' title='bbox 1695 5517 2022 5588; x_wconf 86' lang='lat' dir='ltr'>lectiones</span> <span class='ocrx_word' id='word_1_696' title='bbox 2055 5527 2114 5585; x_wconf 90' lang='lat' dir='ltr'>et</span> <span class='ocrx_word' id='word_1_697' title='bbox 2143 5525 2345 5585; x_wconf 76' lang='lat' dir='ltr'>notae.</span> 
     </span>
    </p>
   </div>
   <div class='ocr_carea' id='block_1_107' title="bbox 203 5709 1775 5795">
    <p class='ocr_par' dir='ltr' id='par_1_107' title="bbox 203 5713 1745 5795">
     <span class='ocr_line' id='line_1_107' title="bbox 203 5713 1745 5795; baseline 0 -21"><span class='ocrx_word' id='word_1_698' title='bbox 203 5720 306 5795; x_wconf 85' lang='lat'>(9)</span> <span class='ocrx_word' id='word_1_699' title='bbox 341 5716 601 5778; x_wconf 82' lang='grc' dir='ltr'>Ἐνούσης</span> <span class='ocrx_word' id='word_1_700' title='bbox 622 5715 687 5770; x_wconf 88' lang='grc' dir='ltr'><strong>Α.</strong></span> <span class='ocrx_word' id='word_1_701' title='bbox 725 5713 860 5773; x_wconf 86' lang='lat' dir='ltr'>Tale</span> <span class='ocrx_word' id='word_1_702' title='bbox 890 5714 1038 5789; x_wconf 92' lang='lat' dir='ltr'>quid</span> <span class='ocrx_word' id='word_1_703' title='bbox 1065 5715 1352 5789; x_wconf 85' lang='lat' dir='ltr'>reperisse</span> <span class='ocrx_word' id='word_1_704' title='bbox 1385 5714 1745 5774; x_wconf 88' lang='lat' dir='ltr'>Hentenius.</span> 
     </span>
    </p>
   </div>
   <div class='ocr_carea' id='block_1_108' title="bbox 1909 5709 2977 5795">
    <p class='ocr_par' dir='ltr' id='par_1_108' title="bbox 1927 5709 2977 5784">
     <span class='ocr_line' id='line_1_108' title="bbox 1927 5709 2977 5784; baseline -0.009 -16"><span class='ocrx_word' id='word_1_705' title='bbox 1927 5713 2008 5770; x_wconf 89' lang='lat' dir='ltr'>ita</span> <span class='ocrx_word' id='word_1_706' title='bbox 2039 5710 2460 5784; x_wconf 83' lang='lat' dir='ltr'>corrigendum</span> <span class='ocrx_word' id='word_1_707' title='bbox 2492 5713 2649 5767; x_wconf 89' lang='lat' dir='ltr'>esset</span> <span class='ocrx_word' id='word_1_708' title='bbox 2685 5709 2977 5767; x_wconf 81' lang='grc' dir='ltr'>ἐνωθείσης.</span> 
     </span>
    </p>
   </div>
  </div>
