4038 6226
182 384 331 446 1277

1224 386 1586 445 COMMENT.
1629 386 1702 444 IN
1739 386 2087 455 JOANNEM.
2129 418 2198 429 -
2240 342 2401 446 CAP.
2427 385 2547 443 v11.

3418 388 3559 447 1278

184 519 423 585 σταυροῦ
451 529 463 542 ·
504 509 662 577 δόξαν
699 516 801 588 γὰρ
854 514 999 570 καλεί
1026 518 1110 569 τὸν
1145 520 1392 591 σταυρόν.
1423 522 1539 577 Τοῖς
1568 518 1658 588 μεν
1687 518 1770 590 7a,

1904 512 2269 585 gloriﬁcatus
2308 519 2434 571 erat
2463 530 2569 586 per
2606 530 2839 571 crucem
2870 531 2883 581 ;
2919 530 3061 573 nam
3102 531 3337 573 crucem
3386 520 3560 576 vocat

180 600 361 664 ῶλοις
391 600 584 655 ἅπασιν
617 601 811 666 ὄνειδος
841 602 922 670 ἧν,
954 608 1022 667 ὡς
1047 604 1281 677 μεγάλων
1306 603 1641 678 ἐγκλημάτων
1682 604 1784 657 ἐπι-

180 695 354 762 τίμιον
387 708 401 721 °
432 695 571 763 μόνῳ
602 688 661 747 δὲ
682 701 754 764 τῷ
785 702 999 769 Χριστῷ
1029 692 1161 757 δοξοι
1187 699 1410 766 γέγονεν,
1446 695 1515 756 ὡς
1558 693 1789 765 μεγάλης

180 778 394 850 ἀγάπης
419 789 513 842 τῆς
541 784 672 855 πρὸς
726 783 868 856 ἡμᾶς
922 783 1201 856 ἕπιτίμιον.
1250 787 1290 840 Τ
1295 789 1337 845 ἰς
1361 786 1463 857 γὰρ
1496 784 1788 856 εὐγνώμονα

176 864 367 939 ψυχὴν
398 871 555 939 ἔχων,
578 868 779 924 ἁκούων
804 876 889 925 τόν
911 871 1141 926 ἐπέκεινα
1159 875 1338 935 πάσης
1362 880 1520 945 τιμῆς
1544 872 1788 931 τηλικαύ-

174 974 275 1012 την
302 954 513 1029 ἀτιμίαν
529 960 830 1014 ὑποστάντα
851 958 945 1015 διὰ
963 967 1058 1021 τὴν
1085 965 1345 1037 σωτηρίαν
1365 971 1462 1015 τῶν
1481 961 1782 1035 ἁνθρωπων,

175 1044 241 1097 οὗ
269 1042 485 1109 δοξάσει
507 1056 720 1117 τοῦτον;

257 1139 366 1210 Πρὸ
396 1139 487 1208 μεν
542 1134 629 1190 οὖν
693 1146 786 1192 τοῦ
842 1148 1073 1215 σταυροῦ
1111 1140 1170 1194 οὐ
1222 1147 1430 1214 Πνεῦμα
1475 1141 1621 1213 ἅγιον
1672 1142 1784 1213 (15)

177 1219 350 1277 ἲδωκε
380 1232 491 1289 τοῖς
541 1229 826 1299 μαθηταῖς,
879 1228 986 1283 ἀλλ’
1042 1229 1282 1294 ἐξουσίαν
1328 1233 1629 1303 πνευμάτων
1659 1229 1786 1283 ἀκα-

179 1314 405 1386 θάρτων,
463 1317 598 1369 ὥστε
653 1315 912 1371 ἐκϐάλλειν
971 1322 1106 1372 αὐτὰ
1175 1326 1265 1372 καὶ
1320 1322 1613 1393 θεραπεύειν
1686 1326 1785 1373 πᾶ-

179 1421 281 1454 σαν
322 1407 471 1457 νόσον
497 1410 586 1458 καὶ
627 1412 802 1460 πᾶσαν
858 1408 1115 1481 μαλακίαν
1150 1430 1162 1443 ν
1198 1412 1329 1483 μετά
1387 1406 1446 1463 δε
1487 1414 1573 1463 τὸν
1625 1429 1783 1462 σταυ-

176 1496 270 1564 ρὸν
348 1500 558 1565 Πνεῦμα
636 1495 801 1567 ἅγιον.
872 1500 1010 1552 Ἐπεὶ
1080 1502 1181 1572 γάρ
1265 1502 1618 1573 ὁμαρτηκότες
1689 1504 1781 1551 καὶ

172 1587 657 1657 προσκεκρουκότες
686 1584 870 1662 ἐχθροὶ
919 1584 1044 1660 ἦμεν
1092 1596 1180 1641 το)
1214 1597 1347 1643 Θεοῦ
1382 1608 1395 1621 ο
1448 1590 1477 1647 ἠ
1513 1586 1573 1642 δε
1618 1591 1783 1663 χάρις

170 1678 271 1723 τοῦ
320 1671 473 1743 ἁγίου
529 1675 824 1747 ῐΙνεύματος
864 1673 1035 1752 δωρεά
1065 1679 1207 1730 ἐστιν
1242 1698 1253 1710 ’
1290 1680 1317 1736 ἡ
1362 1675 1421 1731 δε
1454 1675 1626 1752 δωρεὰ
1676 1685 1781 1740 τοῖς

174 1759 349 1831 φίλοις
394 1757 606 1814 δίδοται
663 1782 676 1795 ⁸
734 1761 840 1817 ἔδει
913 1771 1156 1840 πρότερον
1223 1769 1641 1841 προσενεχθῆναι
1686 1772 1779 1827 τὴν

173 1850 307 1924 ῦπὶρ
341 1852 486 1922 ἡμῶν
538 1852 749 1917 θυσίαν,
795 1859 884 1906 καὶ
942 1857 1053 1925 (16)
1083 1856 1409 1926 καταλλαγὴν
1440 1862 1529 1909 καὶ
1558 1856 1780 1910 χατάλυ-
1812 1867 1850 1920 Β

175 1957 264 1990 σιν
294 1946 391 2001 τῆς
440 1941 653 2011 ἔχθρας,
713 1943 829 2004 ἣτις
866 1943 927 2001 ἧν
976 1944 1089 2014 (Π)
1148 1947 1177 2003 ἠ
1221 1950 1396 2017 σφαγὴ
1430 1953 1521 1999 τοῦ
1570 1945 1779 2018 λογικοῦ

174 2028 393 2099 ’Δμνοῦ,
431 2029 458 2080 ὀ
482 2030 698 2091 θάνατος
725 2038 815 2084 τοῦ
855 2039 1093 2107 Χριστοῦ
1126 2050 1138 2063 ·
1171 2039 1259 2087 καὶ
1285 2040 1399 2088 τότε
1421 2032 1643 2095 δοθῆναι
1686 2041 1778 2095 τὴν

171 2111 402 2188 δωρεάν.

249 2204 437 2258 Ιιολλοὶ
468 2236 534 2247 ——
570 2213 856 2282 προφήτης.
894 2215 1016 2285 Περὶ
1065 2208 1125 2265 οὗ
1154 2220 1387 2274 Μωυσῆς
1417 2212 1659 2287 ἔγραψεν,
1709 2217 1777 2278 ὡς

167 2292 428 2355 πολλάκις
455 2295 729 2370 εἰρήκαμεν
764 2317 775 2330 ·
810 2303 898 2351 καὶ
929 2299 1132 2364 ἀληθῶς
1158 2302 1303 2364 οὗτος
1344 2300 1403 2362 ἦν
1428 2323 1440 2336 ·
1479 2302 1585 2355 ἀλλ’
1632 2304 1777 2357 αὐτοὶ

166 2387 448 2455 προφήτην
466 2384 622 2436 αὐτὸν
637 2385 806 2448 ἁπλῶς
826 2384 955 2441 εἶναι
973 2390 1327 2464 ὑπελάμϐανον
1344 2396 1407 2454 ὡς
1420 2397 1507 2446 τόν
1524 2398 1771 2457 Μωῦσέα,

165 2477 261 2524 καὶ
288 2472 420 2545 οὐχὶ
446 2478 537 2526 καὶ
566 2478 707 2528 Θεὸν.

240 2560 422 2616 Ἀλλοι
462 2593 515 2602 -
556 2569 791 2637 Χριστός.
846 2573 945 2621 Kai
972 2566 1173 2633 ἀληθῶς
1214 2572 1363 2632 οὗτος
1394 2569 1454 2630 ἦν
1489 2588 1501 2602 σ
1528 2571 1654 2624 ἀλλὰ
1682 2577 1768 2625 καὶ

164 2650 323 2703 αὐτοὶ
351 2650 505 2723 ψιλὸν
534 2654 801 2728 ἄνθρωπον
828 2656 981 2709 αὐτὸν
1015 2658 1267 2731 ἐνόμιζον.

238 2739 423 2794 Ἄλλοι
448 2772 514 2784 -
544 2744 759 2816 ἔρχεται
805 2761 819 2813 ;
851 2751 950 2799 Kai
980 2752 1083 2820 μὴν
1120 2746 1244 2803 οὐδε
1269 2752 1420 2814 οὗτος
1442 2750 1489 2803 ἐν
1523 2760 1585 2825 τῇ
1620 2750 1774 2804 Γαλι-

162 2829 295 2903 λαίᾳ
318 2835 641 2902 γεγέννηται.

240 2920 388 2991 Οὐχὶ
419 2951 486 2962 -
534 2924 788 2994 ἔρχεται;
825 2930 924 2978 Kai
954 2931 1058 2997 μὴν
1114 2934 1204 2982 καὶ
1260 2930 1411 2992 οὗτος
1465 2932 1653 2984 ἐκεῖθεν
1684 2927 1767 3001 ἦν,

162 3006 281 3059 ἀλλ’
321 3008 630 3072 ἑθελοκάκως
680 3010 915 3086 πατρίδα
939 3017 1102 3089 τούτῳ
1131 3019 1509 3091 ἕπιφημίςονσι
1538 3024 1631 3079 τὴν
1665 3027 1768 3073 Να-

160 3097 347 3171 ζαρετ,
378 3099 490 3151 ὅθεν
515 3096 575 3158 ἦν
622 3103 653 3159 ἡ
686 3107 861 3176 μήτηρ
901 3109 986 3157 καὶ
1010 3106 1036 3158 ὀ
1064 3107 1179 3178 (18)
1211 3108 1546 3181 νομιζόμενος
1592 3115 1764 3185 πατὴρ

156 3184 351 3250 αὐτοῦ,
385 3187 482 3279 ἵναΔ
520 3193 592 3260 μή
644 3192 700 3243 εκ
754 3192 979 3266 Βηθλεὲμ
1029 3194 1300 3268 λεγόμενος
1327 3199 1353 3249 ὁ
1383 3201 1611 3272 Χριστὸς
1638 3184 1766 3253 εἶναι
1796 3222 1837 3279 C

152 3276 421 3347 πιστευθῇ
451 3271 545 3328 διὰ
571 3283 661 3337 τὴν
689 3288 1024 3356 προφητείαν.

231 3368 457 3436 Σχίσμα
512 3396 580 3407 -
628 3372 803 3422 αὐτόν.
858 3370 1110 3425 Ἑκάστου
1180 3379 1370 3449 μέρους
1428 3376 1765 3449 φιλονεικοῦν-

148 3471 267 3515 τος.

222 3544 379 3604 Τίνες
410 3574 479 3584 -
505 3544 678 3600 αὐτόν.
713 3546 795 3609 Ὠς
825 3548 1010 3602 πλάνον
1039 3548 1215 3611 δῆθεν.

225 3716 371 3771 Ἀλλ’
402 3750 473 3760 -
496 3728 705 3796 χεῖρας.
739 3723 1090 3800 Ἐπεχομίνας
1132 3729 1387 3803 ἀοράτως,
1427 3735 1492 3794 ὡς
1520 3737 1610 3787 καὶ
1633 3731 1766 3786 ἀνω-

148 3812 289 3880 τίρῳ
331 3804 651 3867 δεδήλωται.

222 3896 426 3950 ’Βλθον
472 3899 763 3975 ἄνθρωπος.
797 3902 1051 3963 Ἀπῆλθον
1107 3910 1198 3980 μεν
1257 3905 1509 3971 δήσοντες
1573 3912 1727 3964 αὐτόν
1747 3924 1759 3936 ⁶

146 3985 447 4045 ἐπανῆλθον
478 3984 538 4040 δε
580 3985 811 4053 δεθέντες
865 3993 1013 4048 αὐτοὶ
1072 4003 1145 4066 τῷ
1187 3998 1416 4069 θαύματι
1467 4001 1484 4071 [
1522 4008 1621 4052 τῶν
1650 4002 1761 4072 (19)

141 4074 322 4146 λόγων
351 4075 535 4132 αὐτοῦ.
574 4083 673 4131 Kai
703 4081 752 4132 oi
898 4082 1214 4154 πέμψαντες,
1254 4087 1451 4140 πολλῶν
1480 4088 1643 4159 λόγων
1675 4089 1764 4141 αῦ-

139 4172 240 4217 τοῦ
294 4162 611 4228 ἀκούσαντες
657 4173 747 4221 καὶ
799 4169 962 4224 πολλὰ
1011 4174 1296 4250 θαύματα]
1329 4179 1635 4249 θεασάμενοι
1674 4185 1763 4232 καὶ

138 4256 240 4315 τὰς
270 4259 397 4327 περὶ
443 4255 606 4308 αὐτοῦ
642 4265 958 4333 προφητείας
1001 4261 1451 4335 ἀναγινώσκοντες,
1491 4275 1580 4321 καὶ
1613 4275 1762 4342 σοφοὶ

135 4338 431 4405 δοκοῦντες
486 4341 639 4399 οὐδὲν
698 4345 965 4403 ἁπώναντο

130 4436 352 4484 ναντίον
433 4434 571 4486 οἶπαν
650 4434 751 4489 ἀπὸ
831 4447 957 4511 μιᾶς
1042 4438 1377 4516 δημηγορίας
1511 4448 1759 4504 ἑάλωσανο

132 4517 445 4575 ἀδέκαστον
495 4527 597 4599 γὰρ
657 4522 892 4579 διάνοιαν
959 4526 1105 4602 εἶχον
1136 4572 1147 4584 .
1175 4534 1249 4585 Ou’
1303 4541 1474 4587 τοίνυν
1496 4544 1587 4596 τὴν
1643 4545 1767 4594 σῦν-

128 4628 252 4663 εσιν
330 4610 501 4663 αὐτῶν
560 4617 715 4685 μόνον
769 4617 882 4668 ἔστι
961 4619 1251 4691 θαυμάσαι,
1335 4622 1464 4676 ἀλλά
1530 4632 1617 4680 καὶ
1672 4635 1765 4688 τὴν

126 4699 474 4775 παῤῥησίαν.
525 4701 601 4754 Οὐ
630 4705 733 4777 γὰρ
765 4703 1004 4785 λέγουσιν
1031 4710 1110 4760 ὅτι
1160 4713 1255 4763 Διά
1305 4716 1363 4764 τὸ
1397 4719 1468 4786 μὴ
1521 4709 1767 4787 γενέσθα’⁵

126 4799 230 4843 τοῦ
263 4788 402 4841 λαοῦ
433 4793 620 4843 στάσιν
652 4790 920 4867 ἀφήκαμεν
949 4795 1123 4866 αὐτὸν,
1154 4798 1278 4853 οὔδε
1312 4801 1626 4857 πλάττονταί
1647 4826 1761 4861 τινα

122 4884 433 4955 πρόφασιν,
467 4878 575 4933 ἀλλ’
606 4881 769 4942 αὐτὴν
803 4883 1012 4955 λέγουσι
1039 4891 1134 4947 τὴν
1158 4887 1422 4958 ἀλήθειαν,
1460 4898 1548 4945 καὶ
1588 4900 1760 4971 κηρύ-

126 4985 348 5023 σσουσι
380 4972 477 5028 τήν
505 4968 669 5025 αὐτοῦ
693 4976 903 5045 σοφίαν.

202 5168 262 5204 ⁸⁸
292 5164 500 5224 Matth.
529 5181 586 5234 ι,
613 5168 676 5227 1.

1903 604 2179 675 gloriam,
2208 603 2502 677 siquidem
2535 620 2673 660 cum
2700 604 2924 661 ρωποι-ῖς
2957 604 3241 661 omnibus
3270 612 3425 665 esset
3453 624 3559 681 op-

1901 693 2445 765 probrium,utpote
2465 709 2818 763 magnorum
2835 694 3155 751 criminum
3171 696 3553 767 supplicium,

1901 782 2010 838 soli
2042 782 2272 839 Christo
2302 782 2492 854 gloria
2529 783 2687 841 facta
2713 788 2839 851 est;
2873 783 3015 840 ultio
3048 784 3320 840 videlicet
3348 787 3556 855 magni

1899 871 2140 940 amoris,
2161 888 2283 945 quo
2313 887 2424 929 nos
2448 872 2670 928 dilexit.
2696 874 2838 939 Quis
2859 889 3144 946 namque.
3174 874 3357 930 modo
3383 879 3553 945 grato

1897 960 1974 1017 sit
2012 962 2237 1026 animo,
2270 961 2497 1029 audito,
2545 961 2711 1034 quod
2740 963 2791 1018 is
2819 962 2924 1035 qui
2956 979 3197 1019 omnem
3230 964 3555 1020 excedebat

1896 1047 2210 1114 honorem,
2234 1054 2459 1106 tantam
2491 1060 2734 1122 propter
2752 1051 3071 1108 hominum
3087 1050 3343 1108 salutem
3373 1051 3555 1108 susti-

1898 1137 2027 1195 nuit
2050 1137 2470 1209 ignominiam,
2504 1154 2625 1196 non
2661 1138 3012 1210 gloriﬁcabit
3030 1156 3170 1197 eum
3190 1142 3219 1197 7

1965 1230 2113 1283 Ante
2145 1243 2383 1285 crucem
2409 1229 2611 1301 itaque
2627 1228 2937 1301 discipulis
2957 1244 3073 1285 non
3089 1229 3244 1286 dedit
3268 1229 3551 1300 Spiritum

1896 1321 2193 1382 sanctum,
2226 1317 2324 1372 sed
2351 1321 2702 1389 potestatem
2737 1320 3048 1390 spirituum
3074 1319 3548 1387 immundorum,

1897 1412 1959 1461 ut
1986 1405 2116 1461 illos
2141 1406 2418 1477 ejicerent
2441 1412 2498 1464 et
2519 1413 2798 1465 curarent
2834 1424 3075 1464 omnem
3105 1407 3386 1465 morbum
3417 1423 3552 1464 om-

1893 1509 2154 1568 nemque
2173 1495 2528 1567 languorem
2542 1498 2620 1565 ης
2654 1502 2788 1569 post
2808 1513 3045 1553 crucem
3069 1512 3209 1554 vero
3236 1497 3399 1554 dedit
3423 1498 3552 1569 Spi-

1892 1583 2068 1639 ritum
2113 1590 2411 1641 sanctum.
2464 1584 2613 1642 Cum
2658 1586 2814 1643 enim
2860 1602 3282 1657 peccassemus
3320 1602 3392 1642 ac
3430 1589 3547 1643 Deo

1892 1673 2185 1729 adversati
2242 1673 2584 1743 fuissemus,
2620 1674 2844 1731 inimici
2872 1676 3000 1747 ejus
3026 1691 3268 1731 eramus
3314 1676 3548 1745 :gratia

1892 1778 2033 1819 vero
2079 1763 2330 1836 Spiritus
2371 1764 2582 1834 sancti,
2634 1764 2863 1820 donum
2922 1769 3028 1830 est,
3086 1764 3543 1823 donumautem

1890 1852 2099 1907 amicis
2124 1852 2301 1909 datur
2333 1872 2346 1919 ;
2375 1853 2691 1925 oportebat
2719 1870 2860 1926 ergo
2902 1854 3160 1926 primum
3195 1853 3394 1910 offerri
3438 1871 3545 1927 pro

1888 1941 2062 1997 nobis
2084 1941 2417 2009 victimam,
2438 1942 2685 2016 ﬁerique
2701 1943 3243 1999 reconciliationem
3266 1960 3337 2000 ac
3353 1943 3547 1999 inimi-

1887 2030 2036 2086 citias
2077 2030 2458 2103 solutionem,
2503 2047 2638 2104 quas
2668 2037 2795 2088 erat
2819 2030 3017 2087 caedes
3049 2034 3191 2103 agni
3236 2032 3541 2089 rationalis

1886 2135 1957 2176 ac
1978 2136 2141 2176 mors
2173 2119 2386 2176 Christi
2420 2139 2433 2175 :
2459 2125 2515 2177 et
2538 2126 2677 2176 tunc
2702 2120 2931 2178 donum
2958 2120 3109 2177 dari.

1957 2210 2122 2265 Vers.
2156 2213 2244 2266 40.
2278 2209 2458 2266 Multi
2510 2241 2580 2250 —
2623 2211 2939 2280 propheta.
3000 2212 3077 2266 De
3129 2226 3251 2283 quo
3301 2211 3539 2283 scripsit

1883 2298 2096 2366 Moses,
2128 2305 2189 2356 ut
2219 2315 2381 2372 smpe
2412 2298 2695 2355 diximus.
2728 2302 2792 2356 Et
2820 2316 2953 2355 vere
2983 2299 3078 2355 hic
3108 2304 3252 2368 erat,
3286 2300 3391 2356 sed
3420 2300 3536 2372 ipsi

1885 2388 2234 2460 simpliciter
2262 2404 2397 2445 eum
2426 2388 2777 2461 prophetam
2799 2404 2929 2444 esse
2942 2388 3359 2461 opinabantur,
3387 2390 3537 2446 sicut

1883 2478 2130 2545 Mosem,
2164 2483 2220 2536 et
2251 2495 2366 2535 non
2400 2484 2691 2551 tanquam
2713 2479 2928 2536 Deum.

1954 2567 2122 2623 Vers.
2148 2569 2237 2623 41.
2270 2568 2394 2624 Alii
2418 2599 2478 2609 —
2517 2567 2802 2624 Christus.
2838 2569 2908 2623 Et
2930 2582 3068 2624 vere
3098 2567 3193 2624 hic
3221 2571 3351 2625 erat
3382 2585 3394 2625 :
3430 2568 3534 2626 sed

1882 2657 1939 2709 et
1961 2653 2020 2709 hi
2046 2655 2279 2711 nudum
2307 2656 2613 2712 hominem
2648 2670 2777 2711 esse
2802 2654 3247 2711 existimabant.

1956 2744 2115 2799 Vers.
2150 2746 2236 2800 41.
2270 2745 2384 2800 Atii
2411 2773 2478 2787 ——
2511 2745 2718 2802 venit?
2743 2744 2923 2816 Atqui
2951 2759 3144 2817 neque
3173 2744 3268 2801 hic
3294 2744 3356 2801 in
3387 2745 3535 2803 Gali-

1880 2831 1987 2889 lma
2010 2837 2181 2888 natus
2220 2837 2327 2889 est.

1950 2921 2116 2977 Vers.
2145 2921 2231 2976 42.
2260 2922 2555 2979 Nonne—
2578 2919 2783 2977 venit?
2813 2921 2991 2993 Atqui
3018 2926 3074 2977 et
3100 2920 3191 2978 hic
3212 2920 3350 2978 inde
3375 2925 3530 2989 erat;

1876 3010 1981 3067 sed
2004 3010 2117 3083 ipsi
2166 3010 2503 3067 voluntaria
2529 3009 2756 3067 malitia
2794 3010 3054 3080 patriam
3095 3009 3233 3067 huic
3262 3010 3534 3080 divulga-

1875 3098 2167 3156 bantesse
2192 3099 2499 3165 Nazareth,
2526 3099 2682 3155 unde
2708 3104 2834 3155 erat
2851 3103 3059 3163 mater,
3080 3105 3137 3155 et
3154 3099 3259 3171 qui
3278 3098 3529 3171 putaba-

1876 3193 1972 3245 tur
1990 3193 2157 3260 pater
2172 3188 2221 3260 ej
2234 3204 2402 3254 us,ne
2420 3189 2465 3243 si
2484 3204 2556 3244 ex
2572 3187 2860 3245 Bethleem
2877 3204 3005 3243 esse
3020 3187 3333 3253 diceretur,
3354 3204 3531 3262 prop-

1877 3283 1961 3334 ter
2009 3277 2381 3350 prophetiam
2414 3277 2681 3336 Christus
2712 3293 2844 3333 esse
2875 3278 3233 3334 crederetur.

1946 3368 2114 3424 Vers.
2152 3367 2247 3425 43.
2284 3367 2481 3424 Sedito
2524 3398 2593 3409 —
2636 3382 2778 3424 eum.
2816 3369 3186 3440 Unaquaque
3212 3370 3380 3439 parte
3419 3381 3528 3440 pro

1875 3471 1985 3512 sua
2014 3456 2290 3528 Opinione
2323 3457 2571 3513 rixante.

1945 3546 2117 3601 Vers.
2144 3546 2231 3602 44.
2262 3546 2514 3614 Quidam
2538 3576 2603 3585 —
2632 3562 2777 3603 eum.
2820 3549 3132 3620 Tanquam
3159 3546 3528 3602 seductorem

1876 3633 2166 3692 videlicet.

1943 3725 2107 3781 Vers.
2132 3725 2219 3780 lit.
2246 3724 2367 3782 Sed
2394 3757 2462 3767 —
2486 3740 2712 3783 manus.
2743 3727 2952 3798 Utpote
2976 3723 3346 3782 invisibiliter
3372 3723 3528 3781 cohi-

1873 3812 2050 3881 bitas,
2076 3814 2255 3871 veluti
2282 3814 2553 3886 superius
2583 3818 2887 3871 ostensum
2919 3817 3027 3872 est.

1945 3903 2110 3959 Vers.
2142 3904 2230 3959 45.
2276 3904 2561 3961 Venerunt
2591 3934 2661 3945 —
2708 3904 2872 3961 Vers.
2912 3903 3001 3960 46.
3033 3903 3215 3961 homo.
3243 3901 3530 3960 Abierunt

1872 3991 2119 4064 quidem
2151 4006 2289 4047 eum
2316 3991 2545 4063 ligaturi
2577 3994 2834 4049 :reversi
2872 3997 3011 4048 sunt
3040 3998 3242 4049 autem
3267 3992 3530 4049 admira-

1873 4079 2029 4135 tione
2047 4095 2390 4135 sermonum
2415 4082 2542 4151 ejus
2564 4081 2806 4152 alligati.
2829 4080 2909 4136 Illi
2932 4096 3075 4151 ergo
3092 4080 3196 4153 qui
3218 4081 3522 4146 miserant,

1872 4184 2009 4222 cum
2069 4166 2289 4223 multos
2329 4170 2459 4240 ejus
2510 4169 2818 4226 audissent
2857 4184 3184 4238 sermones,
3228 4168 3525 4241 multaque

1872 4256 2166 4312 vidissent
2196 4256 2499 4324 miracula,
2532 4273 2604 4313 ac
2635 4258 2980 4329 prophetias
3009 4258 3085 4313 de
3115 4274 3187 4313 eo
3217 4258 3522 4327 legissent,

1016 4370 1029 4384 ·
1069 4355 1119 4405 οἱ
1176 4351 1235 4407 δε
1290 4359 1597 4429 πεμφθέντες
1646 4357 1760 4411 τοῦ.

1900 4346 2207 4401 udicantes
2252 4361 2379 4401 sese
2409 4345 2727 4417 sapientes,
2769 4345 2913 4402 nihil
2953 4346 3328 4417 profecerunt
3361 4365 3373 4404 :
3421 4345 3523 4416 qui

1872 4451 2014 4491 vero
2033 4435 2194 4491 missi
2215 4439 2404 4500 erant,
2419 4434 2962 4491 omninoediverso
2985 4434 3063 4490 ab
3091 4450 3212 4491 una
3236 4433 3522 4490 concione

1873 4525 2033 4597 capti
2059 4530 2193 4580 sunt
2220 4541 2234 4591 ;
2262 4540 2405 4581 nam
2436 4529 2699 4581 mentem
2742 4523 3049 4580 habebant
3086 4523 3519 4596 incorruptam.

1875 4615 2003 4669 Non
2036 4628 2178 4683 ergo
2211 4618 2472 4670 mentem
2517 4612 2711 4669 solum
2761 4628 2832 4669 ac
2877 4611 3261 4685 prudentiam
3309 4627 3519 4668 eorum

1876 4701 2159 4758 admirari
2184 4702 2434 4774 dignum
2470 4707 2577 4767 est,
2609 4702 2714 4759 sed
2744 4707 2800 4758 et
2828 4701 3112 4774 loquendi
3164 4699 3515 4757 libertatem.

1874 4793 2074 4863 Neque
2111 4794 2272 4849 enim
2304 4792 2541 4848 dicunt:
2601 4791 2945 4847 Dimisimus
2999 4790 3189 4857 illum,
3238 4805 3313 4845 ne
3355 4789 3523 4846 ﬁeret

1872 4880 2159 4936 dissensio
2181 4881 2239 4936 in
2256 4882 2500 4954 populo,
2520 4897 2714 4954 neque
2736 4881 2916 4938 aliam
2932 4881 3169 4951 ﬁngunt
3189 4880 3519 4937 excusatio-

1867 4985 2030 5040 nem,
2049 4972 2149 5026 sed
2166 4972 2362 5044 ipsam
2378 4971 2582 5029 dicunt
2602 4970 2932 5037 veritatem,
2946 4987 3017 5028 ac
3030 4970 3182 5027 illius
3194 4970 3520 5043 pradicant

1867 5059 2243 5132 sapientiam.

1376 5304 1603 5373 Variae
1629 5306 1961 5376 lectiones
1992 5315 2058 5379 et
2090 5318 2270 5378 notae
2358 5305 2362 5313 ’

191 5458 253 5525 (1
271 5454 330 5526 5)
360 5452 545 5526 ᾌγιον
574 5455 750 5514 abest
780 5464 845 5517 Δ.

191 5530 251 5656 φ
265 5525 328 5597 6)
371 5524 505 5582 Hinc
531 5527 699 5585 nullo
728 5530 912 5585 modo
939 5530 1193 5612 pendere
1221 5543 1469 5603 possunt
1490 5550 1556 5617 ex
1579 5550 1751 5591 voca-

105 5601 199 5657 bu
231 5616 278 5655 ο
312 5600 753 5674 προσενεχθῆναι.
786 5601 1102 5657 Hentenlus
1158 5603 1359 5669 habet,
1408 5607 1558 5674 ﬁeri.
1602 5607 1747 5663 Puto

105 5686 279 5750 ergo
328 5669 694 5750 legendum"
723 5687 885 5750 esse_
910 5676 1323 5750 οιαὶ-γενέσθαι-
1351 5669 1679 5750 καταλλαγὴν
1730 5722 1742 5734 .

104 5744 446 5828 ςιιῃεορι.
475 5747 519 5828 ι.
567 5742 715 5828 VIII,
746 5758 810 5817 p.
863 5742 1077 5828 391_t3'
1097 5744 1179 5804 ita
1224 5745 1410 5828 habet
1442 5767 1466 5828 εΔ
1510 5742 1611 5828 [ίαὶ
1651 5754 1745 5809 τὴν

105 5814 334 5892 ἔχθραν
360 5814 412 5865 ἓν
459 5821 519 5887 νῇ
564 5820 721 5889 σαρκὶ
749 5814 1150 5883 *καταλυθῆναῃ
1209 5823 1299 5872 καὶ
1351 5822 1595 5891 γενέσθαι
1651 5830 1744 5874 τοῦ

1863 5474 1997 5522 Θεοῦ
2027 5466 2225 5539 φίλους,
2257 5475 2346 5539 θεαὶ
2365 5472 2482 5523 τότε
2510 5468 2681 5525 λαϐεῖν
2707 5475 2801 5530 τὴν
2824 5465 3043 5539 δωρεάν.

1932 5537 2045 5611 (17)
2082 5538 2233 5603 Ἠτις
2261 5537 2323 5599 ἦν
2362 5541 2576 5597 durum
2624 5542 2872 5598 videtur.
2902 5537 3012 5599 Sed
3041 5542 3122 5597 ita
3147 5541 3326 5596 etiam
3356 5539 3516 5598 Hen-

1862 5611 2083 5685 tonius._
2105 5613 2281 5685 Νυοο
2300 5612 2504 5669 malim
2535 5619 2669 5685 post
2695 5616 2903 5681 θυσίαν,
2935 5613 3069 5670 loco
3098 5616 3208 5678 καὶ,
3242 5611 3333 5673 εἰς.

1927 5682 2041 5825 ξ18)
2070 5680 2480 5756 Ὀνομαζόμενος
2503 5680 2568 5740 Χ.

1957 5754 2042 5823 19)
2070 5753 2302 5812 Inclusa
2325 5755 2568 5814 excider‘

1957 5754 2042 5823 19)
2070 5753 2302 5812 Inclusa
2325 5753 2673 5814 exciderunt
2702 5758 2769 5812 Α.
