4038 6226
613 283 752 348 1279

610 504 850 563 invidiae
868 509 1250 567 dementiam.
1273 517 1418 571 Nam
1439 521 1949 593 cuminterrogare
1970 531 2262 599 oportuis-

613 602 718 662 set,
752 613 820 650 ac
851 597 1074 653 discere
1096 602 1237 671 quid
1261 603 1494 662 locutus
1526 616 1695 676 esset,
1731 613 1845 685 ipsi
1869 597 2025 672 nihil
2044 619 2258 676 horum

609 684 1044 753 praestolamur,
1079 690 1182 744 sed
1234 697 1430 750 statim
1456 698 1538 752 eis
1570 684 1907 770 adulantur,
1952 714 2260 778 parcentes

607 771 782 826 etiam
815 778 870 828 et
918 790 1038 831 non
1083 783 1328 836 austeris
1386 786 1578 841 verbis
1643 796 1914 858 utentes;
1952 771 2261 854 -timebant

606 860 765 915 enim
794 877 866 916 ne
895 865 1148 935 perfecte
1167 869 1243 924 illi
1273 872 1663 934 adliaererent.

680 947 838 1006 Vers.
866 956 974 1043 r48.
1013 957 1169 1013 Num
1224 962 1351 1032 quis
1383 995 1450 1004 —
1505 967 1670 1023 Vers.
1703 973 1796 1026 49.
1855 974 2054 1043 legem.
2113 977 2258 1042 Quin

604 1036 733 1093 haec
755 1042 949 1111 major
974 1049 1249 1103 estvestri
1264 1057 1584 1123 accusatio,
1609 1060 1764 1129 quod
1797 1036 1970 1119 turba
1989 1036 2257 1134 credidit,

605 1143 711 1182 vos
743 1136 941 1186 autem
977 1149 1096 1189 non
1125 1139 1472 1198 credidistis.
1510 1148 1723 1216 Legem
1742 1165 1882 1206 vero
1916 1152 2261 1225 simpliciter

607 1217 929 1287 appellant,
966 1226 1150 1278 totam
1182 1242 1406 1284 sacram
1441 1233 1828 1304 Scripturam.

677 1306 834 1360 Vers.
867 1311 954 1364 49.
988 1311 1359 1373 Exsecrandi
1382 1329 1537 1376 sunt.
1571 1326 1747 1396 Atqui
1791 1327 1880 1383 lex
1915 1329 2048 1386 illos
2096 1348 2258 1389 exse-

605 1400 820 1461 cratur,
836 1399 936 1468 qui
952 1398 1141 1468 legem
1159 1411 1553 1465 contemnunt
1574 1430 1710 1478 ;vos
1727 1431 1867 1487 ergo
1885 1423 2252 1486 exsecrandi,

601 1481 703 1552 qui
747 1483 941 1554 legem
997 1495 1420 1565 contemnitis;
1463 1499 1540 1555 illi
1582 1518 1720 1559 vero
1761 1506 1952 1575 legem
1993 1519 2250 1579 servant,

602 1571 906 1630 credentes
953 1577 1009 1632 in
1053 1595 1180 1634 eum
1241 1600 1254 1649 ;
1291 1585 1458 1656 jubet
1487 1605 1748 1664 namque
1779 1595 1868 1651 lex
1925 1599 2163 1656 credere
2193 1602 2252 1657 in

602 1660 785 1716 Deum
801 1707 815 1720 .

1931 310 2250 370 EUTHYMI

2351 316 2649 379 IIGABENI
3743 335 3831 394 λιιι)

685 417 848 473 Vers.
897 420 986 474 47.
1041 422 1479 491 Responderunt
1535 460 1600 470 α
1637 433 1860 491 seducti
1905 437 2083 495 estis?
2115 441 2259 498 Vide
2296 443 2342 498 A

2447 449 2834 523 Ἀπεκρίθησαν
2859 484 2927 492 -
2957 453 3285 514 πεπλάνησθε
3317 454 3475 528 ;Ὀρα
3499 459 3649 529 φθόνου
3693 467 3832 532 μανίαν.

2373 540 2489 588 Δέον
2513 541 2614 611 γὰρ
2664 544 2922 612 ἐρωτῆσαι
2951 550 3040 596 καὶ
3087 547 3265 615 μαθεῖν
3294 550 3346 597 τί
3384 545 3609 614 ἐλάλησεν,
3651 552 3689 601 οἱ
3712 547 3754 603 δι
3775 552 3835 603 οὐκ

2371 631 2640 698 νέσχοντο,
2699 629 2804 682 ἀλλ’
2845 633 2996 693 εύθύς
3026 633 3391 686 κολακεύουσιν
3421 636 3579 696 αὐτούς
3618 640 3678 689 ἔτι
3719 637 3835 710 φειδό-

2371 733 2530 785 μενοι,
2565 723 2651 770 καὶ
2676 719 2766 770 οὐκ
2799 721 3059 795 αύστηρίᾳ
3087 731 3344 794 χρῶνται,
3377 720 3630 786 δεδοικότες
3651 732 3705 798 μὴ
3731 727 3841 780 tilia-1

2372 804 2510 875 αύτῷ
2548 811 2898 878 προστεθώσι.

2441 989 2525 1042 Μή
2562 1004 2640 1046 τις
2680 1017 2747 1026 -
2776 991 2949 1059 νόμον.
2981 992 3120 1047 Αὕτη
3161 988 3348 1060 μᾶλλον
3381 990 3409 1047 ἠ
3445 990 3609 1060 μείζων
3635 999 3845 1064 κατηγορία

2369 1072 2529 1143 ὑμῶν,
2565 1075 2644 1125 ὅτι
2669 1076 2694 1126 6
2721 1079 2811 1147 μὲν
2863 1076 3020 1148 ὄχλος
3054 1076 3376 1144 ἐπίστευσεν,
3415 1080 3544 1151 ὑμεῖς
3601 1077 3650 1132 δε
3688 1081 3847 1139 ἠπιστή-

2368 1181 2509 1215 κατε.
2564 1167 2732 1235 Νόμον
2784 1161 2842 1218 δὲ
2896 1168 3118 1220 ἐνταῦθα
3180 1166 3392 1239 λέγουσι
3428 1173 3507 1226 τὴν
3573 1168 3672 1225 ὃλην
3703 1175 3847 1242 Γραφήν

2369 1249 2512 1302 ἀπλώ
2522 1273 2560 1313 ς.

2440 1339 2842 1416 Ἐπιιιατάρατοί
2876 1344 3002 1401 εἰσι,
3049 1350 3147 1398 Καὶ
3171 1351 3272 1418 μὴν
3299 1348 3324 1397 ό
3343 1351 3489 1418 νόμος
3524 1346 3851 1420 ἑπικατηράσατο

2366 1435 2472 1490 τοῖς
2517 1432 2760 1484 άθετούσι
2789 1436 2876 1484 τόν
2907 1438 3058 1506 νόμον
3093 1453 3104 1463 °
3151 1436 3298 1506 ὑμεῖς
3357 1432 3444 1488 οὖν
3486 1435 3787 1510 ἐπικατάρατοι
3821 1439 3852 1488 οἱ

2364 1515 2658 1580 ἀθετοῦντες
2685 1524 2772 1572 τὸν
2829 1527 2982 1592 νόμον
3035 1544 3047 1556 ·
3078 1523 3257 1576 ἐκεῖνοι
3311 1521 3371 1576 δε
3420 1535 3617 1598 τηρουσι
3649 1532 3718 1577 τόν
3752 1531 3855 1595 νόμον

2364 1610 2691 1670 πιστεύοντες
2729 1610 2801 1671 εἰς
2845 1611 2998 1663 αὐτόν
3034 1629 3045 1641 ·
3079 1612 3269 1665 κελεύει
3309 1615 3463 1686 γὰρό
3513 1618 3647 1685 νόμος
3670 1617 3855 1666 πιστεύειν

2363 1696 2435 1757 εἰς
2457 1701 2542 1748 τόν
2569 1703 2718 1754 Θεόν.

676 1752 837 1863 Xers.
869 1759 956 1810 50.
998 1759 1098 1813 Ait
1125 1791 1191 1802 --
1222 1765 1384 1822 Vers.
1429 1773 1512 1823 51.
1541 1772 1735 1840 faciat
1761 1775 1788 1830 7
1809 1776 2050 1834 Addidit
2069 1794 2250 1836 evan-

2435 1791 2587 1858 Λέγει
2636 1819 2703 1828 -
2769 1797 2902 1842 ποιεῖ
2958 1807 2971 1857 ;
3026 1795 3095 1842 Τό
3127 1791 3210 1851 Εἷς
3255 1792 3322 1842 ὧν
3380 1791 3433 1854 ἐξ
3479 1791 3626 1843 αὐτῶν
3672 1793 3861 1863 προσέθη·

604 1839 832 1909 gelista,
859 1846 1005 1900 Cum
1031 1856 1185 1904 esset
1216 1869 1366 1908 unus
1415 1858 1488 1914 de
1521 1876 1772 1919 numero
1803 1882 2030 1932 eorum,
2060 1875 2250 1926 osten-

603 1929 774 2025 dens,
794 1933 953 2025 quod
973 1937 1148 1994 etiam
1167 1943 1408 2012 quidam
1425 1964 1455 2003 e
1476 1951 1842 2023 principibus
1859 1929 2249 2025 crediderant,

600 2018 733 2075 licet
760 2022 867 2093 ipsi
895 2024 1176 2096 dicerent,
1204 2033 1431 2091 nullum
1459 2018 1528 2093 ex
1544 2018 1913 2114 principibus
1931 2018 2252 2104 credidisse

601 2107 661 2164 in
692 2111 902 2178 ipsum.
956 2121 1162 2190 Arguit
1193 2138 1332 2194 ergo
1363 2143 1464 2183 eos
1505 2107 1882 2190 N'icodemus.
1915 2137 2079 2207 quod
2106 2138 2252 2208 legis

605 2213 801 2261 essent
835 2214 1314 2282 transgressores,
1345 2217 1571 2274 occulte
1601 2225 1794 2277 tamen
1823 2231 1879 2278 et
1902 2227 2108 2296 paucis
2132 2243 2255 2282 ver-

603 2291 698 2347 bis
724 2313 736 2348 :
761 2299 1028 2356 nondum
1065 2304 1220 2359 enim
1253 2308 1704 2364 convenientem
1731 2313 1980 2384 adeptus
2021 2322 2143 2371 erat
2165 2317 2250 2372 lo-

604 2387 824 2452 quendi
839 2387 1194 2447 libertatem.
1211 2397 1354 2450 Nam
1373 2396 1421 2450 si
1444 2413 1561 2452 non
1582 2402 1944 2458 condemnat
1959 2403 2048 2459 lex
2063 2408 2249 2476 prius-

601 2486 785 2542 quam
816 2478 1084 2535 audiatet
1107 2493 1446 2551 cognoscat,
1476 2487 1588 2557 ipsi
1607 2504 1737 2543 vero
1764 2492 2252 2551 condemnabant

601 2575 738 2616 eum
779 2573 1102 2639 antequam
1151 2572 1452 2631 audissent
1497 2581 1552 2631 et
1582 2579 2020 2648 cognovissent,
2060 2583 2248 2654 legem

601 2650 792 2721 utique
824 2657 1426 2726 transgrediebantur.

671 2739 837 2797 Vers.
865 2748 949 2800 5?.
981 2748 1424 2816 Responderunt
1465 2784 1528 2794 —
1557 2770 1614 2811 es
1644 2755 1672 2811 ?
1728 2759 1871 2813 Num
1913 2758 2047 2815 ideo
2079 2760 2160 2816 illi
2184 2777 2247 2817 es

599 2830 839 2898 auxilio,
869 2835 1032 2905 quod
1059 2838 1331 2909 ejusdem
1357 2841 1435 2896 sis
1457 2843 1712 2912 regionis
1733 2852 1787 2901 et
1811 2849 2014 2917 patrias
2037 2849 2064 2904 ?
2085 2851 2241 2915 Vide,

599 2933 778 2989 quam
803 2938 1010 2994 aspere
1043 2943 1112 2981 ac
1141 2927 1408 2985 ferociter
1440 2938 1842 3004 respondeant
1872 2937 1900 2991 ?

673 3008 832 3067 Vers.
867 3017 950 3068 52.
978 3016 1260 3074 Scrutare
1282 3051 1342 3058 —
1363 3014 1721 3080 surrexerit.
1751 3027 1901 3081 Sane
1924 3026 2087 3083 illum
2119 3029 2246 3086 sine

596 3095 965 3158 discussione
996 3107 1396 3164 condemnare
1452 3126 1571 3166 non
1624 3116 1956 3184 oportebat,
2004 3117 2081 3172 illi
2110 3136 2246 3174 vero

598 3184 882 3256 injuriose
912 3192 1117 3250 dicunt
1158 3211 1170 3248 :
1208 3197 1509 3268 Interroga
1539 3205 1593 3256 et
1631 3202 1811 3268 disce,
1867 3221 2056 3277 neque
2089 3209 2244 3263 enim

598 3279 752 3333 nosti
785 3281 1135 3353 Scripturas.
1187 3287 1405 3343 Verum
1455 3291 1502 3344 si
1551 3305 1653 3346 eas
1705 3309 1824 3348 non
1871 3295 2054 3360 novit,
2106 3313 2249 3369 quo-

599 3369 782 3425 modo
816 3386 920 3425 vos
947 3371 1020 3426 de
1048 3372 1195 3443 legis
1218 3379 1651 3448 trangressione
1683 3384 1928 3452 arguit?

671 3547 826 3603 Scire
861 3554 1048 3605 autem
1081 3557 1326 3624 oportet,
1354 3557 1517 3627 quod
1545 3573 1616 3614 ea
1662 3575 1798 3631 quae
1842 3561 1918 3616 ab
1970 3562 2084 3618 hoc
2115 3565 2248 3622 loco

595 3635 895 3691 habentur
927 3655 1112 3710 usque
1135 3643 1210 3696 ad
1233 3658 1392 3708 eum,
1423 3661 1545 3717 quo
1571 3646 1784 3703 dicitur
1815 3668 1829 3702 :
1855 3651 2074 3707 Iterum
2109 3671 2248 3724 ergo

598 3724 823 3778 locutus
840 3733 921 3780 est
936 3729 1058 3783 illis
1080 3729 1482 3790 Jesusdicens:
1507 3737 1633 3806 Ego
1651 3753 1780 3794 sum
1805 3741 1914 3796 tua:
1937 3743 2146 3798 mundi
2160 3745 2204 3779 ιτ
2232 3763 2244 3801 :

594 3813 654 3866 in
678 3813 1066 3871 exactioribus
1087 3821 1549 3892 exemplaribus,
1578 3831 1679 3882 aut
1706 3843 1825 3883 non
1844 3829 2245 3898 inveniuntur,

595 3907 698 3956 aut
724 3902 896 3957 obelo
922 3906 1192 3963 confossa
1219 3918 1368 3976 sunt,
1387 3930 1456 3969 eo
1485 3916 1647 3986 quod
1674 3917 1993 3987 illegitima
2013 3921 2247 3979 videan-

596 3994 690 4045 tur
712 3997 765 4047 et
787 3992 1010 4050 addita.
1037 3997 1096 4052 Et
1118 3996 1294 4069 hujus
1320 4011 1738 4070 argumentum
1753 4012 1836 4062 est
1857 4009 2019 4079 quod
2039 4025 2242 4065 eorum

595 4079 1056 4152 Chrysostomus
1076 4086 1302 4143 nullam
1329 4093 1720 4150 omninofecit
1740 4097 2099 4154 mentionem
2120 4101 2198 4171 (f)
2225 4117 2238 4152 :

594 4171 763 4227 nobis
794 4176 994 4229 tamen
1023 4177 1102 4249 (g)
1140 4178 1378 4234 animus
1427 4191 1512 4236 est
1545 4185 1722 4240 etiam
1755 4186 1884 4243 haec
1916 4188 2239 4256 declarare,

595 4262 757 4332 quod
776 4262 1020 4319 utilitate
1052 4283 1172 4322 non
1204 4277 1466 4336 careant,
1497 4278 1646 4328 stcut
1683 4281 1739 4331 et
1783 4284 1962 4350 caput
1993 4281 2067 4334 de
2117 4297 2244 4336 mu-

595 4349 731 4406 liere
788 4352 846 4407 in
899 4354 1186 4413 adulterio
1242 4359 1634 4435 deprehensa,
1697 4366 1857 4437 quod
1918 4369 2069 4424 inter
2118 4369 2244 4427 haec

594 4441 857 4514 ponitur.

666 4569 708 4603 ‘7
738 4568 910 4626 Joan.
945 4587 1060 4638 Vlll,
1091 4573 1177 4629 12.

2363 1877 2496 1927 κενό
2543 1877 2932 1949 εύαγγελιστὴς,
2990 1875 3196 1941 δεικνὺς
3255 1880 3335 1932 ὅτι
3383 1885 3471 1932 καί
3522 1900 3634 1941 τινες
3680 1889 3758 1931 τῶν
3801 1880 3863 1952 ὀιο-

2363 1969 2564 2035 χόντων
2615 1965 2946 2032 ἐπίστευσαν,
3008 1969 3050 2020 εἰ
3105 1975 3194 2022 καὶ
3251 1969 3404 2022 αὐτοὶ
3474 1968 3597 2022 εἷπον
3643 1972 3707 2021 ὅτι
3741 1965 3862 2026 οὐδεὶς

2364 2064 2462 2105 τῶν
2516 2054 2783 2127 ἀρχόντων
2845 2061 3144 2111 ἐπίστευσεν
3194 2058 3265 2118 εἰς
3331 2059 3501 2112 αὐτόν.
3563 2058 3760 2129 Ἐλέγχει
3806 2053 3864 2107 οὖν

2365 2144 2601 2204 αύτούςό
2633 2142 2936 2219 Νικόδημος
2987 2147 3292 2222 παραϐάτας
3350 2156 3444 2201 τοῦ
3491 2154 3652 2218 νόμον,
3693 2147 3794 2203 πλὴν
3815 2146 3865 2196 1s-

2363 2233 2596 2296 ληθότως
2629 2241 2719 2289 καὶ
2757 2238 2886 2307 μετὰ
2942 2233 3153 2307 φειδοῦς
3185 2257 3197 2268 ·
3230 2240 3377 2288 οὔπω
3425 2240 3521 2308 γὰρ
3578 2241 3663 2294 τὴν
3713 2241 3866 2309 seomi-

2363 2343 2556 2375 κουσοιν
2598 2321 2710 2395 εἶχε
2769 2324 3083 2398 παρρησίαν.
3121 2326 3177 2378 Εἰ
3210 2329 3311 2397 γὰρ
3355 2327 3384 2378 6
3422 2333 3565 2397 νόμος
3601 2326 3652 2376 οὐ
3678 2327 3867 2396 κατακρί-

2362 2431 2433 2463 νει
2455 2417 2554 2484 πρὸ
2604 2421 2692 2465 τοῦ
2725 2412 2948 2465 ἀκοῦσαι
2978 2420 3066 2466 καὶ
3101 2423 3310 2486 γνῶναι,
3349 2415 3495 2466 αὐτοὶ
3553 2411 3605 2466 δε
3638 2416 3866 2484 κατέκρινιῠ

2363 2501 2516 2553 αὐτόν
2544 2506 2642 2574 πρὸ
2691 2502 2844 2573 λόγου
2875 2508 2963 2556 καὶ
3019 2499 3367 2575 διαγνώσεως,
3403 2503 3679 2576 παρέϐησαν
3711 2503 3792 2575 ἄρα
3815 2519 3870 2551 τον

2359 2595 2529 2662 νόμον.

2431 2763 2814 2838 Ἀπεκρίθησαν
2841 2798 2908 2805 -
2934 2763 2980 2819 εἰ
3009 2784 3024 2834 ;
3056 2773 3273 2832 Μὴ,τῆς
3298 2768 3462 2828 αὐτῆς
3491 2768 3621 2837 αύτῷ
3647 2772 3796 2839 χώρας
3816 2783 3871 2813 κατ

2357 2852 2607 2927 πατρίδος
2651 2857 2738 2921 ὢν,
2782 2852 2874 2908 διὰ
2921 2864 3072 2908 τοῦτο
3130 2855 3340 2929 βοηθεῖς
3401 2858 3582 2928 αύτῲς
3636 2856 3763 2909 Βλέπε
3799 2862 3874 2912 πῶς

2277 2947 2317 3002 C
2357 2945 2718 3017 ἀγροικότερον
2739 2949 2828 2996 καὶ
2860 2946 3206 3019 θυμικώτερον
3229 2945 3613 3020 ἀποκρίνονται.

2428 3034 2732 3108 Ἐρεύνησον
2756 3065 2822 3073 -
2847 3032 3141 3109 ἐγήγερται,
3171 3040 3266 3088 Καὶ
3297 3041 3400 3108 μὴν
3431 3036 3524 3088 οὐκ
3563 3031 3681 3087 εἶπεν
3703 3035 3768 3085 ότι
3788 3049 3873 3103 προ-

2357 3127 2522 3194 φήτης
2555 3125 2712 3187 ἐστὶν,
2748 3121 2854 3173 ἀλλ’
2887 3125 2966 3175 ὅτι
2995 3127 3380 3196 κατακριθῆναι
3421 3124 3570 3177 αὐτόν
3609 3122 3877 3184 ἀνεξετάστως

2358 3210 2415 3261 ού
2447 3216 2553 3283 χρή
2593 3229 2604 3240 ⁸
2636 3213 2684 3263 οὶ
2715 3209 2773 3264 δὲ
2825 3211 3143 3285 ὑϐριστικῶς
3192 3213 3437 3284 λέγουσιν
3483 3235 3496 3247 ·
3528 3216 3780 3286 Ἐρώτησοί
3799 3209 3878 3278 (10)

2357 3305 2446 3351 καὶ
2489 3302 2620 3372 μάθε
2681 3319 2692 3330 ·
2740 3300 2798 3353 ού
2850 3304 2951 3376 γὰρ
2994 3298 3146 3364 οἶδας
3189 3305 3284 3364 τὰς
3340 3307 3561 3377 Γραφοίς.
3621 3306 3708 3354 Καὶ
3751 3299 3786 3350 εἰ
3820 3315 3884 3348 ουκ

2359 3387 2497 3443 οἶδεν
2556 3391 2731 3457 αὐτὰς,
2787 3401 2895 3453 πῶς
2955 3393 3086 3464 ὑμᾶς
3151 3392 3332 3464 ἤλεγξε
3408 3393 3783 3466 παραϐαίνοντας
3825 3390 3884 3437 τάν

2357 3484 2529 3552 νόμον.

2431 3573 2543 3644 Χρὴ
2602 3566 2662 3621 δε
2693 3569 2804 3641 (21)
2834 3576 3111 3640 γινώσκειν
3156 3572 3235 3622 ὅτι
3287 3573 3358 3623 τὰ
3402 3571 3620 3624 ἐντεῦθεν
3665 3572 3775 3640 ἄχρι
3810 3572 3887 3629 τοῦ,

2361 3658 2520 3710 Πάλιν
2552 3654 2638 3710 οὖν
2667 3658 2909 3716 ἐλάλησεν
2941 3659 3118 3720 αὐτοῖς
3148 3662 3172 3711 ὁ
3199 3661 3416 3723 Ἰησοῦς
3445 3661 3598 3732 λέγων
3651 3677 3663 3690 ·
3687 3660 3796 3728 Ἐγὼ
3819 3675 3891 3724 ειμι

2358 3751 2415 3799 τὸ
2439 3757 2541 3820 φῶς
2566 3756 2656 3798 τοῦ
2677 3753 2878 3819 κόσμου
2913 3767 2923 3778 ’
2960 3752 3104 3822 παρὰ
3139 3749 3248 3818 ('22)
3281 3758 3398 3812 τοῖς
3429 3748 3682 3823 ἀκριϐέσιν
3709 3747 3887 3817 60:179-2-

2287 3877 2325 3929 υ
2360 3857 2472 3908 φοις
2504 3837 2531 3894 ὴ
2597 3837 2701 3907 οὐχ
2732 3837 2945 3909 εὕρηται
2971 3837 3000 3894 ἦ
3042 3835 3343 3892 ωϐέλισται.
3405 3843 3495 3890 Δίό
3533 3843 3769 3911 φαίνονται
3817 3853 3890 3883 πει-

2357 3933 2658 4000 ρέγγραπτα
2695 3931 2783 3977 καὶ
2832 3928 3107 3998 προσθήκη
3145 3946 3157 3957 ·
3189 3931 3279 3979 καὶ
3336 3930 3530 3980 τούτου
3582 3931 3812 3996 τεκμήριον
3851 3939 3886 3969 f5

2357 4010 2496 4086 μηδὲ
2542 4018 2628 4066 τόν
2687 4019 3061 4087 Χρυσόστομον
3112 4016 3225 4086 ('23)
3279 4015 3412 4076 ὢως
3469 4017 3790 4088 μνημονεῦσαί
3828 4030 3888 4060 σν

2356 4113 2452 4155 τῶν
2479 4104 2612 4175 (24).
2647 4107 2914 4178 Πειρατέον
2947 4101 3004 4156 δε
3035 4105 3174 4175 ὅμως
3203 4106 3327 4176 ἡμῖν
3385 4111 3479 4158 καὶ
3508 4113 3666 4156 ταῦτα
3687 4100 3884 4169 Judaei

2361 4211 2450 4243 σαι
2483 4209 2495 4222 °
2525 4192 2618 4243 ούκ
2647 4193 2861 4264 οῖμοιρον
2890 4196 2990 4266 γὰρ
3019 4193 3260 4265 ὠφελείας
3291 4190 3424 4246 οὐδὲ
3454 4197 3514 4246 τὸ
3569 4193 3615 4245 ἐν
3634 4193 3800 4248 τούτοις
3828 4203 3886 4237 κε·

2358 4279 2571 4351 φοίλαιον
2598 4284 2654 4332 τό
2681 4285 2799 4354 περὶ
2838 4291 2928 4342 τῆς
2959 4280 3041 4334 ἐπὶ
3075 4287 3293 4354 μοιχείᾳ
3334 4283 3730 4355 κατειλημμένης
3762 4294 3888 4348 γένει·

2357 4375 2416 4422 κό
2428 4392 2466 4433 ς.

1817 4709 2039 4778 Varia:
2081 4710 2406 4779 lectiones
2430 4721 2493 4779 et
2524 4719 2727 4778 notas.

661 4878 776 4951 (20)
805 4878 916 4936 Hic
939 4878 1446 4952 interpretationis
1468 4885 1658 4940 locum
1689 4886 1909 4944 obtinet
1930 4889 2041 4944 hoc
2068 4907 2240 4947 voca-

591 4950 824 5023 bulum.
843 4950 954 5023 Sed
971 4950 1352 5023 Chrysostom
1363 4971 1429 5009 us
1447 4956 1747 5012 multoties
1765 4959 1820 5013 id
1842 4960 2040 5016 tribuit
2055 4965 2239 5020 Evan—

591 5021 1183 5098 gelist_tn._Vide_tom.
1223 5039 1347 5098 vui,
1389 5043 1446 5098 p.
1477 5027 1594 5083 305
1626 5031 1684 5094 E,
1718 5031 1822 5084 306
1852 5035 1916 5085 A.

660 5094 773 5164 (2t)
813 5093 977 5148 Hunc
1010 5094 1207 5150 locum
1237 5093 1444 5154 laudat
1473 5099 1798 5154 Biclmi-«lus
1828 5103 2125 5158 Simouius
2181 5105 2236 5159 in

594 5165 836 5243 Historia
858 5166 1058 5243 critica
1100 5174 1290 5243 tezttus
1331 5171 1397 5223 N.
1430 5173 1488 5225 Τ.
1522 5186 1579 5243 p.
1624 5172 1737 5226 145.

663 5235 776 5305 (22)
815 5236 927 5288 Ἐπί
969 5237 1278 5294 Simonius.

657 5309 770 5378 (23)
799 5307 966 5378 Ὀλως
995 5309 1203 5365 omittit
1236 5311 1416 5369 idem.

663 5377 778 5452 (24)
829 5377 1044 5453 Ἀκριϐῆ
1111 5380 1399 5456 ἀντίγραφα
1460 5400 1619 5442 nunc
1673 5386 1954 5459 appellat,
2005 5389 2240 5446 codices

665 5574 731 5656 (f)
774 5575 853 5630 Ac
874 5575 1138 5656 profecto
1161 5579 1221 5656 in
1245 5579 1526 5656 omnibus
1543 5582 1682 5656 ejus
1704 5585 1980 5656 operibus
2007 5585 2239 5643 nullum

588 5646 690 5709 hui
705 5663 770 5699 us
793 5646 1148 5704 narrationis
1181 5651 1378 5708 inveni
1407 5646 1738 5717 vestigium.

664 5717 738 5788 (g)
767 5718 1173 5778 Nobistamen.
1195 5730 1305 5778 etc.
1327 5725 1660 5781 Periculum
1686 5728 2238 5788 tamenfaciendum

2349 4889 2776 4976 Curvsostomi,
2811 4905 3060 4976 "eosque
3093 4891 3234 4976 lﬁovi
3265 4894 3651 4976 Testamenti,
3675 4889 3878 4976 σαίρειν

2349 4957 2588 5018 scholiis
2619 4965 2775 5017 sunt.
2807 4957 2982 5018 Crisis
3011 4963 3306 5036 Euthymii
3346 4966 3621 5036 arguitur
3639 4957 3880 5036 ‘vécabul‘i‘s

2349 5038 2437 5086 καὶ
2464 5036 2644 5086 τούτου
2677 5039 2970 5106 τεκμήριον.
3007 5029 3225 5090 Eadem
3252 5035 3327 5090 de
3355 5029 3554 5092 cavusa
3595 5049 3757 5106 supra
3776 5029 3881 5085 solli

2349 5106 2540 5160 citavit
2571 5108 2736 5160 Luca“:
2767 5105 2851 5170 ix,
2899 5105 2987 5178 55.
3041 5106 3400 5178 Euthymius
3463 5105 3708 5163 debebat
3743 5113 3878 5178 nosse2

2350 5168 2835 5265 ChrysOstqinum
2865 5168 3406 5265 exc‘l-usis‘se'etiam
3429 5181 3642 5265 .matth.
3660 5249 3672 5265 ι
3690 5168 3883 5265 9111315

2352 5244 2477 5303 -23
2507 5254 2563 5303 et
2609 5248 2722 5303 alia
2753 5249 3067 5319 permulta.
3104 5248 3355 5320 C0piose
3406 5251 3486 5306 de
3520 5251 3630 5306 hoc
3658 5249 3768 5304 loco
3803 5244 3885 5296 dis-

2352 5319 2552 5367 nntavi
2585 5319 2638 5367 in
2698 5335 2833 5367 mea
2873 5323 2934 5367 Ν-
2981 5322 3128 5367 Tant.
3181 5320 3474 5367 editione-
3522 5325 3678 5367 Nunc
3719 5319 3882 5367 tantum

2350 5320 2556 5390 putavi
2585 5320 2642 5374 in
2697 5335 2833 5375 mea
2872 5323 2934 5375 Ν.
2981 5322 3141 5400 Testa
3181 5320 3678 5404 editione-Nunc
3719 5320 3878 5374 tantum

2351 5391 2528 5456 addo,
2566 5390 2679 5463 legi
2709 5390 2872 5446 illum
2898 5390 3094 5447 locum
3128 5407 3184 5446 in
3219 5393 3636 5463 Evangeliario
3663 5387 3878 5447 GothaDO.

2349 5463 2466 5518 bris
2497 5455 2596 5518 die
2627 5455 2684 5529 ‘8,
2720 5463 2801 5518 uti
2829 5464 2956 5535 jam
2991 5467 3294 5520 notaverat
3321 5455 3701 5521 W‘étstenius.

2350 5587 2526 5642 etiam
2563 5585 2689 5658 haec
2710 5585 3021 5658 explicare.
3059 5589 3171 5642 Nec
3218 5585 3384 5643 enim
3450 5587 3711 5658 utilitatis
3735 5588 3874 5658 ωριτε

2351 5663 2436 5716 est
2461 5657 2626 5731 quod
2651 5658 2745 5714 hic
2769 5655 2922 5716 inest
2942 5663 3138 5731 caput,
3172 5658 3245 5716 de
3273 5659 3532 5716 muliere
3561 5661 3620 5715 in
3648 5655 3873 5714 adulterio-

2350 5729 2802 5803 com—prehensa.
