4038 6226
121 260 244 327 ml
1171 249 1546 323 COMMENT.
1594 259 1666 319 IN
1705 240 2058 321 iOANNEM.
2086 228 2165 307 -ί
2183 258 2335 326 CAP.
2370 260 2514 326 vni.
3337 252 3479 336 4232

191 398 292 450 Kal
311 425 379 438 --
402 392 586 449 αὐτοῦ.
615 392 969 467 Ὀργισθέντες
995 390 1078 444 ἰπὶ
1103 397 1175 462 τῷ
1198 391 1337 463 λόγῳ
1355 386 1445 444 τοῦ
1485 387 1723 448 Νικοδή-

1910 390 2068 447 Vers.
2102 395 2191 450 53.
2241 395 2308 449 Et
2354 425 2424 434 —
2470 411 2653 453 suam.
2695 398 2993 472 Indignati
3029 401 3109 459 ob
3139 419 3480 462 sermonem

125 505 243 559 μου,
276 490 368 537 καὶ
411 482 718 557 φοϐηθέντες
761 486 962 555 μήποτε
1008 486 1098 533 καὶ
1129 480 1274 542 ἄλλος
1308 490 1407 533 τῶν
1453 479 1720 556 ἀρχόντων

126 578 256 628 εἴποι
283 581 518 627 τοιαῦτα.

197 668 297 717 Καὶ
351 663 553 723 Ἰησοῦς
607 662 719 734 (25)
760 693 830 705 —
883 661 1116 717 Ἐλαιῶν.
1159 659 1433 714 Ἐκκλίνων
1480 664 1574 718 τὴν
1629 654 1722 711 διὰ

125 756 307 815 νυκτὸς
337 752 634 810 ἐπιϐουλήν,

193 841 422 915 Ὀρθρου
484 872 553 882 -
605 840 813 903 αὐτούς.
848 843 988 894 Λαόν
1038 838 1255 892 ἐνταῦθοὶ
1306 857 1436 911 φησι
1485 840 1602 898 τοὺς
1646 835 1721 889 λέ-

125 950 310 1004 γοντας
390 933 472 983 ὅτι
554 931 723 993 Οὗτός
819 928 958 984 ἔστιν
1040 928 1240 989 ἀληθῶς
1313 930 1338 980 ὀ
1410 940 1673 1003 προφήτης
1704 940 1719 958 ⁸

123 1025 212 1073 καὶ
267 1023 390 1081 τοὺς
456 1023 691 1089 λέγοντας
748 1015 901 1081 αὖθις
948 1019 1026 1071 ὅτι
1080 1018 1243 1079 Οὗτός
1302 1014 1443 1070 ἐστιν
1506 1017 1532 1068 ὁ
1592 1023 1723 1088 Χρι-

127 1113 248 1172 στός
280 1125 295 1140 ·
345 1110 466 1181 ὅπερ
511 1108 607 1161 οὐκ
665 1106 941 1179 ἐνεγκόντες
1004 1108 1054 1160 οἱ
1106 1102 1378 1173 Ἰουδαῖοι,
1434 1108 1619 1158 σκόπει
1669 1109 1722 1156 τί

123 1200 517 1271 πονηρεύονται.

196 1286 454 1360 Ἄγουσιν
502 1318 571 1327 -
620 1290 1022 1359 μοιχευομένην.
1058 1286 1165 1340 Ἐπ’
1206 1285 1485 1358 αὐτοφώρῳ
1519 1283 1723 1355 λέγεται

125 1381 181 1431 τὸ
208 1376 575 1448 mit-deprime,
608 1375 926 1448 αὐτοφανῶς,
967 1372 1264 1451 προδήλως.

196 1553 280 1607 Ἐν
311 1586 377 1595 -
407 1554 587 1608 αὐτοῦ,
623 1559 965 1615 Γινώσκοντες
989 1554 1104 1629 ξγὰρ
1137 1553 1291 1606 αὐτὸν
1345 1552 1591 1625 ἐλεήμονα
1633 1556 1722 1605 καὶ

130 1646 404 1716 συμπαθῆ,
437 1640 770 1717 προσεδόκων
796 1646 874 1696 ὅτι
921 1648 1153 1716 φείσεται
1197 1644 1378 1709 αὐτῆς,
1410 1649 1500 1696 καὶ
1546 1643 1724 1696 λοιπὸν

1824 478 2156 547 Νίοοάθωὶ,
2189 498 2258 538 ac
2308 483 2580 540 timentes
2630 502 2704 543 ne
2754 488 2900 544 forte
2947 490 3125 547 etiam
3176 493 3479 565 quispiam

1834 567 1987 624 alius
2019 570 2231 627 similia
2256 570 2494 629 diceret.

1906 656 2059 713 CAP.
2090 659 2212 715 VIII
2264 660 2889 724 Vers.t.Jesusaulem
2933 699 2987 709 —
3028 669 3350 730 Olivarum.
3380 675 3483 729 De-

1833 745 2063 803 clinans
2088 754 2407 807 nocturnas
2437 752 2699 809 insidias.

1905 835 2067 892 Vers.
2110 841 2160 893 2.
2191 838 2430 898 Summo
2471 842 2712 901 —illos.
2753 845 3046 918 Populum
3086 848 3183 904 hic
3228 850 3485 922 appellat

1834 938 1937 979 eos
1966 928 2070 997 qui
2099 927 2379 986 dicebant
2411 946 2423 986 :
2454 932 2567 987 Hie
2588 940 2670 989 est
2698 949 2832 990 vere
2880 936 3198 1008 propheta:
3222 939 3485 1010 itemque

1833 1028 1960 1079 eos,
1992 1014 2097 1085 qui
2128 1016 2409 1075 dicebant
2443 1035 2456 1075 :
2505 1020 2617 1077 Hic
2665 1027 2741 1077 est
2797 1023 3118 1097 Christus;
3157 1027 3321 1097 quod
3362 1043 3484 1084 non

1833 1100 2088 1159 ferentes
2108 1105 2316 1173 Judaei,
2358 1107 2493 1165 vide
2525 1110 2671 1181 quid
2701 1111 3104 1182 malignentur
3136 1114 3164 1170 ?

1906 1281 2069 1337 Vers.
2089 1284 2476 1343 3.Adducunt
2497 1319 2565 1329 —
2588 1290 2813 1347 γενεαὶ.
2861 1291 3243 1349 Adulterium
3284 1308 3490 1363 perpe-

1834 1374 2107 1428 trantem.
2147 1374 2263 1427 Ἐπ’
2302 1375 2605 1451 αὐτοφώρῳ,
2634 1377 2752 1434 hoc
2804 1386 2908 1445 est,
2950 1382 3266 1447 manifeste
3303 1390 3358 1439 et
3392 1383 3489 1441 de-

1828 1460 2140 1533 prehense,
2168 1462 2251 1519 ita
2276 1468 2340 1520 ut
2367 1466 2567 1536 negari
2589 1482 2708 1523 non
2743 1469 2949 1540 possit.

1906 1550 2069 1606 Vers.
2098 1553 2152 1606 5.
2177 1552 2244 1608 In
2266 1554 2512 1611 —Vers.
2542 1556 2592 1610 6.
2623 1557 2819 1613 illum.
2845 1557 3286 1629 Cognoscentes
3302 1562 3487 1628 enim,

1838 1656 1973 1696 eum
2005 1641 2448 1698 misericordem
2480 1659 2608 1701 esse
2638 1661 2709 1701 ac
2755 1648 3238 1719 compatientem.
3269 1650 3495 1720 cogita-

127 1733 302 1796 ἕξουσι
332 1738 652 1808 κατηγορίαν
682 1734 793 1785 κατ’
822 1735 1003 1796 αὐτοῦ,
1036 1735 1101 1793 ὡς
1139 1737 1447 1808 παρανόμως
1486 1730 1724 1806 φειδομέο

1858 1734 1983 1786 )ant
2031 1730 2189 1804 quod
2261 1738 2419 1789 esset
2473 1733 2553 1789 illi
2604 1735 2958 1806 parciturus,
2991 1743 3043 1792 et
3102 1737 3183 1795 ita
3231 1738 3491 1795 habituri

124 1843 211 1876 νου
231 1831 331 1885 τῆς
357 1822 458 1875 ἀπὸ
486 1829 580 1875 τοῦ
598 1827 758 1895 νόμον
781 1821 1141 1895 λιθαζομένης.

189 2090 253 2145 Ὀ
303 2088 364 2145 δὲ
429 2090 639 2152 Ἰησοῦς
687 2120 753 2130 -
810 2098 927 2162 ⁸γῆν.
979 2088 1141 2165 ’Ὁπερ
1200 2090 1417 2143 εἰώθασι
1482 2090 1728 2154 πολλάκις

119 2189 291 2235 ποιεῖν
330 2183 382 2234 οἱ
430 2185 502 2254 μὴ
551 2181 774 2242 θεἿοντες
821 2177 1193 2252 ἀποκρίνεσθαι
1249 2179 1363 2251 (‘26)
1412 2183 1543 2253 πρὸς
1606 2184 1727 2241 τοὺς

122 2269 423 2342 ἐρωτῶντας
470 2270 666 2344 ἄκαιρα
715 2273 806 2321 καὶ
881 2266 1065 2331 ἀνάξια
1096 2286 1109 2297 ο
1164 2271 1316 2340 γνοὺς
1398 2271 1500 2344 γὰρ
1558 2269 1726 2321 αὐτῶν

121 2363 217 2417 τήν
275 2363 525 2431 μηχανὴν
576 2364 937 2433 προσεποιεῖτο
995 2360 1209 2430 ’γράφειν
1259 2357 1326 2419 εἰς
1350 2361 1443 2416 τὴν
1482 2362 1602 2429 γὴν,
1635 2362 1725 2410 καὶ

126 2453 197 2520 μὴ
230 2451 520 2521 προσέχειν
546 2443 623 2508 οἷς
653 2446 840 2518 ἔλεγον.

195 2536 292 2599 Ὠς
328 2568 398 2577 -
446 2536 629 2595 αὐτὴν.
682 2535 822 2609 Ὀρα
865 2539 1047 2608 σοφίαν
1073 2544 1163 2597 τῆς
1214 2535 1525 2608 αὐτοσοφίας
1572 2556 1731 2589 κατα-

128 2629 482 2700 σοφιζομένην
535 2625 849 2697 εὐμηχάνως
901 2628 995 2687 τὰς
1051 2627 1299 2697 μηχανὰς
1355 2625 1541 2680 αὐτῶν.
1595 2624 1732 2699 Ὀρα

125 2725 239 2779 πῶς
291 2717 406 2789 ἅμα
458 2719 549 2768 καὶ
605 2719 692 2768 τὸν
738 2724 892 2787 νόμον
939 2714 1181 2788 ἐτήρησε,
1213 2719 1302 2766 καὶ
1349 2723 1445 2776 τῆς
1487 2719 1731 2786 γυναικὸς

122 2804 393 2878 ἐφείσατο.
443 2803 720 2879 Ἐπέτρεψε
765 2807 866 2880 γὰρ
914 2809 1002 2857 τὸν
1059 2802 1422 2877 ἀναμάρτητον
1469 2804 1524 2867 ἐξ
1562 2805 1731 2857 αὐτῶν

120 2894 396 2967 ἄρξασθαι
445 2900 536 2946 τοῦ
590 2891 871 2946 λιθοϐολεῖν
935 2893 1121 2959 αὐτὴν,
1190 2890 1346 2956 εἰδὼς
1412 2896 1607 2955 πάντας
1680 2893 1728 2946 ἐν

115 2983 266 3059 ἁμαρ
276 2988 431 3045 τίσιες.

1835 1825 2030 1877 essent
2059 1820 2345 1877 adversus
2387 1838 2526 1879 eum
2576 1825 3037 1895 accusationem,
3087 1833 3291 1900 utpote
3336 1828 3489 1898 legis

1834 1910 2311 1980 transgressione
2330 1910 2409 1966 illi
2428 1919 2788 1983 parcentem,
2807 1930 2939 1986 quae
2953 1916 3280 1972 secundum
3294 1916 3489 1987 legem

1834 1996 2161 2070 lapidanda
2190 2005 2335 2057 erat.

1906 2089 2068 2144 Vers.
2101 2092 2150 2144 6.
2179 2088 2342 2145 Iesus
2382 2118 2454 2131 —
2497 2094 2677 2148 terra.
2725 2093 2890 2158 Quod
2930 2091 3266 2167 frequenter
3294 2093 3490 2152 facere

1835 2177 2045 2243 solent,
2076 2179 2179 2250 qui
2217 2178 2580 2250 respondere
2613 2180 2821 2237 nolunt
2848 2182 3196 2254 importuna
3224 2184 3494 2256 indigna-

1834 2282 1952 2339 que
1997 2268 2348 2337 rogantibus
2387 2286 2401 2323 :
2445 2269 2683 2342 cognita
2713 2272 2871 2326 enim
2912 2272 3147 2328 illorum
3188 2274 3493 2331 machina-

1836 2354 2017 2423 tione,
2049 2356 2312 2426 ﬁngebat
2351 2374 2412 2412 se
2442 2358 2501 2413 in
2545 2360 2704 2416 terra
2743 2360 3016 2426 scribere,
3048 2377 3157 2418 nec
3187 2361 3280 2418 bis
3307 2368 3495 2419 atten-

1836 2443 1999 2515 dere,
2038 2461 2175 2518 quaa
2196 2445 2492 2503 dicebant.

1908 2534 2069 2589 Vers.
2105 2553 2156 2605 7.
2206 2535 2353 2591 Cum
2395 2566 2463 2576 —
2502 2536 2696 2592 illam.
2744 2536 2886 2594 Vide
2929 2539 3285 2610 sapientiam
3340 2541 3489 2612 ejus,

1837 2623 1942 2696 qui
2006 2624 2139 2695 ipsa
2187 2630 2275 2679 est
2343 2625 2660 2697 Sapientia.
2714 2629 2862 2682 Nam
2912 2628 3203 2698 sagaciter
3254 2629 3491 2686 illorum

1839 2712 2065 2783 decepit
2106 2712 2580 2769 machinationes
2611 2730 2625 2770 :
2659 2715 2835 2770 simul
2864 2720 2921 2770 et
2961 2718 3259 2773 servando
3298 2719 3489 2787 legem

1839 2806 1896 2858 et
1920 2802 2220 2874 parcendo
2245 2801 2491 2857 mulieri.
2516 2803 2822 2875 Siquidem
2837 2805 2884 2858 ei
2908 2805 3009 2876 qui
3031 2822 3102 2860 ex
3128 2806 3271 2877 ipsis
3300 2823 3334 2861 a
3360 2821 3495 2878 pec-

1838 2896 1970 2948 cato
2026 2890 2316 2947 immunis
2372 2895 2546 2958 esset,
2608 2892 2874 2963 permisit
2938 2899 3000 2948 ut
3047 2910 3180 2949 eam
3228 2893 3493 2967 lapidare

1838 2979 2154 3052 inciperet:
2198 2980 2393 3036 sciens
2414 2996 2624 3037 omnes
2651 2981 2911 3054 peccatis
2942 2998 3072 3039 esse
3103 2984 3419 3039 obnoxios.

192 3077 304 3126 ιίοεὶ
356 3072 509 3125 πάλιν
566 3103 630 3112 --
686 3080 807 3143 γῆν.
860 3070 971 3125 Ἵνα
997 3075 1070 3144 μὴ
1115 3069 1394 3144 βλέποντος
1438 3072 1509 3134 εἰς
1541 3072 1731 3133 αὐτοὺς

1909 3069 2073 3125 Vers.
2107 3074 2157 3125 8.
2190 3070 2557 3142 Rursumque
2579 3102 2649 3111 —
2671 3077 2852 3128 terra.
2882 3072 2954 3128 Ut
2978 3071 3117 3128 dum
3145 3072 3273 3145 ipse
3302 3073 3361 3129 in
3392 3089 3493 3129 eos

112 3162 491 3234 αἰσχύνωνται
540 3162 664 3237 ῥᾷον
725 3162 890 3223 οὕτως
918 3160 1264 3232 ἐλεγχθέντες,
1327 3166 1416 3213 καὶ
1488 3162 1589 3227 ἵνα,
1661 3164 1730 3224 ὡς

111 3252 291 3305 αὐτοῦ
349 3247 506 3309 δῆθεν
555 3249 948 3322 ἀσχολουμένου
1002 3255 1071 3311 εἰς
1123 3253 1181 3302 τὸ
1233 3250 1468 3324 γράφειν,
1502 3248 1586 3323 ἐξῇ
1638 3251 1726 3303 a13-

108 3349 224 3404 τοῖς
280 3342 709 3412 ὑπαναχωρῆσαι
762 3342 862 3413 πρὸ
911 3343 1263 3413 φανερωτέρας
1331 3345 1726 3411 καταγνώσεως·

110 3437 206 3484 καὶ
274 3430 447 3483 αὐτῶν
499 3432 601 3505 γὰρ
677 3425 905 3502 ἐφείδετο
977 3424 1052 3481 δι’
1130 3427 1413 3503 ὑπερϐολὴν
1502 3448 1731 3504 χρηστο-

110 3539 246 3580 raro
255 3539 306 3582 ς.

189 3612 267 3663 Οἱ
315 3605 381 3662 δέ
428 3640 498 3648 -
531 3606 792 3681 ἔσχάτων.
832 3603 1024 3671 Οὐδεὶς
1050 3610 1152 3681 γὰρ
1185 3606 1545 3684 ἀναμάρτητον
1577 3609 1733 3663 εἰπεῖν

110 3699 307 3753 ἑαυτὸν
338 3694 596 3759 ἠδύνατο.

187 3795 301 3843 Καὶ
357 3819 430 3830 -
470 3792 810 3860 κατέκρινεν;
863 3789 1328 3863 Ἀναχωρήσαντες
1368 3790 1469 3862 γὰρ
1530 3787 1732 3860 ἀφῆκαν

108 3879 290 3938 αὐτὴν
316 3880 518 3930 ἄνετον·
562 3875 669 3930 ἐπεὶ
715 3872 774 3929 δὲ
803 3878 998 3944 ἄνετον,
1039 3879 1240 3937 πάντως
1265 3882 1353 3929 καὶ
1386 3876 1731 3950 ἀκατάκριτον

101 3972 166 4021 τὸ
199 3967 288 4021 ἐπ’
323 3966 536 4027 αὐτοῖς·
574 3962 604 4025 ἦ
631 3969 732 4042 γὰρ
764 3965 824 4018 ἂν
857 3971 1120 4040 συνέσχον
1157 3966 1336 4026 αὐτήν.

172 4147 241 4201 ’Β
272 4177 349 4187 --
391 4150 703 4220 κατακρίνω.
740 4145 801 4199 Εἰ
833 4148 933 4219 γὰρ
983 4144 1160 4198 ἐκεῖνοι
1205 4146 1468 4218 ἄνθρωποι
1498 4148 1632 4206 ὄντες
1671 4144 1730 4198 οὐ
1810 4160 1811 4163 ‘

95 4236 434 4310 κατέκριναν
475 4253 551 4301 σε,
580 4234 750 4307 πολλῳ
778 4235 966 4308 μᾶλλον
1011 4232 1135 4288 οὐδὲ
1185 4233 1284 4307 ἐγώ
1313 4253 1370 4288 σε
1414 4239 1730 4308 κατακρίνω,

94 4331 247 4391 Θεὸς
276 4327 354 4379 ὧν
387 4329 478 4378 καὶ
506 4332 597 4377 τοῦ
621 4329 778 4398 νόμον
815 4328 1018 4399 Κύριος.

178 4506 436 4579 Πορεύου
491 4533 559 4543 --
630 4501 912 4575 ἁμάρτανε.
989 4502 1292 4577 Ἀρκοϋντος
1355 4511 1447 4556 τοῦ
1492 4503 1735 4562 τηλικού-

93 4615 199 4648 του
265 4590 560 4666 θριάμϐου,
589 4597 679 4644 καὶ
731 4599 826 4653 τῆς
879 4590 1090 4645 ἐνώπιον
1144 4595 1405 4645 τοσούτων
1469 4593 1734 4667 αἰσχύνης

92 4686 169 4747 εἰς
234 4687 534 4757 τιμωρίαν’
604 4684 732 4753 ἔγνω
792 4684 895 4756 γὰρ
967 4681 1129 4741 αὐτὴν
1186 4687 1275 4735 καὶ
1335 4689 1736 4756 μετανοήσασαν

87 4768 478 4847 ὀλοκαρδίως.

169 4862 371 4918 Πάλιν
447 4890 519 4902 —
580 4864 805 4933 κόσμου.
877 4859 964 4922 Ὠς
1033 4861 1268 4933 φωτίζων
1318 4865 1404 4915 τὸν
1460 4870 1578 4917 νοῦν
1633 4873 1735 4917 τῶν

78 4954 437 5029 ἀνθρώπων,
484 4954 574 5003 καὶ
604 4945 812 5022 ὁδηγῶν
840 4948 941 5002 ἀπὸ
997 4958 1093 5012 τῆς
1139 4950 1338 5014 πλάνης
1381 4952 1452 5014 εἰς
1483 4957 1577 5013 τὴν
1610 4952 1735 5013 ἀλή-

76 5048 248 5098 θειαν
317 5044 417 5093 καὶ
462 5037 564 5092 ἀπὸ
603 5045 693 5100 τῆς
749 5040 1009 5113 ἄμαρτίας
1062 5039 1132 5102 εἰς
1168 5044 1263 5099 τὴν
1311 5039 1520 5115 ἀρετὴν,
1552 5048 1639 5095 καὶ
1668 5045 1735 5107 ὡς

68 5133 484 5205 καταλάμπων
538 5133 629 5182 καὶ
686 5125 983 5202 φαιδρύνων
1032 5132 1091 5182 τὸ
1165 5132 1474 5204 ἡγεμονικὸν
1542 5132 1731 5198 αὐτῶν,

66 5226 274 5284 καθὼς
349 5222 445 5272 καὶ
498 5216 546 5270 ἓν
596 5223 891 5293 προοιμίοις
957 5226 1048 5272 τοῦ
1103 5224 1358 5295 παρόντος
1419 5221 1732 5294 Εὗαγγελίου

1839 3174 1960 3215 non
1988 3160 2326 3232 respiceret,
2360 3162 2772 3217 erubescerent
2797 3161 2989 3217 lenius
3015 3162 3317 3232 redarguti
3349 3180 3362 3219 :
3388 3164 3500 3218 uti-

1840 3264 1958 3321 que
2015 3248 2096 3304 ita
2143 3248 2242 3304 illo
2286 3250 2345 3304 in
2400 3249 2715 3306 scribendo
2766 3257 3080 3323 occupato,
3133 3250 3351 3318 liceret,
3406 3252 3494 3307 eis

1841 3337 2060 3393 sensim
2091 3337 2428 3405 abscedere,
2465 3344 2789 3412 antequam
2818 3338 3192 3395 manifestius
3213 3340 3499 3396 condem-

1840 3432 2127 3483 narentur
2158 3442 2338 3483 :nam
2368 3443 2479 3484 sua
2500 3444 2742 3484 summa
2790 3427 3157 3501 benignitate
3186 3428 3371 3485 etiam
3395 3429 3491 3502 ip-

1843 3517 1925 3573 sis
1954 3517 2258 3590 parcebat.

1914 3606 2072 3664 Vers.
2125 3611 2179 3664 9.
2227 3611 2307 3663 At
2332 3608 2429 3664 illi
2455 3639 2523 3648 —
2547 3614 2889 3678 postremos.
2933 3606 3137 3664 Nullus
3186 3608 3346 3665 enim
3387 3610 3494 3667 sei-

1842 3712 2020 3770 psum
2060 3713 2096 3754 a
2133 3702 2380 3769 peccato
2407 3698 2736 3754 immunem
2758 3697 2956 3754 dicere
2997 3702 3247 3770 poterat.

1913 3786 2074 3841 Vers.
2117 3790 2169 3843 9.
2201 3786 2367 3843 Et—
2391 3788 2556 3843 Vers.
2592 3791 2680 3845 to.
2711 3786 3120 3844 condemnavit
3149 3787 3177 3843 ?
3204 3788 3500 3845 Receden-

1841 3880 1927 3934 tes
1959 3892 2226 3950 namque
2250 3877 2598 3934 dimiserant
2631 3892 2757 3932 eam
2785 3877 3090 3945 intactam,
3123 3877 3328 3950 utique
3375 3895 3498 3936 non

1840 3968 2328 4033 condemnatam,
2364 3965 2528 4038 quod
2559 3966 2637 4022 ad
2665 3982 2729 4022 se
2760 3965 3109 4039 pertinebat,
3143 3967 3366 4041 alioqui
3393 3984 3496 4040 op-

1840 4057 2194 4130 pressissent
2207 4071 2360 4111 eam.

1914 4147 2073 4201 Vers.
2107 4145 2196 4200 tt.
2245 4143 2363 4210 Que
2408 4174 2479 4185 —
2530 4144 2862 4202 condemno.
2921 4149 3068 4201 Nam
3110 4144 3155 4201 si
3208 4145 3309 4210 illi,
3358 4162 3497 4201 cum

1839 4233 2109 4290 homines
2154 4232 2285 4300 sint,
2323 4238 2375 4288 te
2395 4247 2517 4288 non
2542 4232 3122 4298 condemnaverunt,
3155 4233 3341 4289 multo
3375 4249 3501 4288 ma-

1840 4323 1932 4394 gis
1967 4338 2098 4393 ego,
2122 4321 2226 4394 qui
2258 4322 2410 4377 Deus
2438 4338 2597 4390 sum,
2633 4321 2900 4396 legisque
2932 4321 3250 4393 Dominus,
3280 4326 3335 4377 te
3373 4336 3500 4378 non

1843 4406 2191 4464 condemno.

1914 4497 2079 4554 Vers.
2115 4498 2201 4551 tt.
2229 4494 2346 4552 Abi
2372 4524 2441 4536 --
2458 4496 2819 4567 peccaveris.
2850 4495 3000 4552 Satis
3027 4492 3189 4551 enim
3218 4498 3343 4552 erat
3363 4493 3501 4552 talis

1766 4584 1812 4640 D
1846 4585 2192 4659 divulgatio,
2226 4591 2283 4643 et
2324 4602 2527 4643 coram
2568 4590 2650 4642 tot
2690 4584 3047 4642 adversariis
3085 4584 3503 4643 erubescentia

1848 4689 1956 4748 pro
1987 4675 2284 4749 supplicio
2319 4692 2332 4732 :
2367 4675 2631 4733 maxime
2648 4692 2788 4732 cum
2804 4674 2978 4731 sciret
2997 4673 3159 4748 quod
3181 4674 3344 4733 illam
3375 4678 3503 4733 toto

1846 4766 2020 4824 corde
2048 4767 2378 4839 paeniteret.

1916 4859 2072 4914 Vers.
2103 4857 2194 4914 12.
2233 4858 2449 4914 Iterum
2476 4886 2547 4898 —
2568 4855 2797 4913 mundi.
2830 4858 3041 4929 Utpote
3088 4859 3339 4913 mentem
3393 4856 3505 4913 ho-

1844 4946 2079 5004 minum
2097 4945 2442 5003 illuminans
2462 4945 2606 5003 etab
2619 4961 2815 5003 errore
2828 4944 3057 5002 ducens
3076 4945 3154 5003 ad
3172 4948 3499 5016 veritatem,

1844 5053 1882 5093 a
1913 5041 2163 5110 peccato
2193 5036 2269 5093 ad
2313 5037 2587 5093 virtutem
2629 5052 2643 5092 :
2690 5040 2749 5092 et
2779 5041 3071 5107 tanquam
3097 5035 3404 5092 illustrans
3433 5050 3502 5091 ac

1844 5127 2185 5183 exhilarans
2256 5126 2491 5182 animas
2548 5140 2779 5193 eorum,
2859 5123 3379 5197 quemadmodum
3436 5122 3503 5180 in

1847 5215 2144 5273 Prommio
2169 5215 2475 5289 praesentis
2506 5213 2808 5285 Evangelii
2838 5213 3253 5283 disseruimus,
3284 5210 3389 5271 ubi
3418 5211 3506 5270 di-

1298 5399 1523 5470 Variae
1576 5401 1907 5472 lectiones
1956 5410 2022 5471 et
2084 5409 2290 5469 notae.

155 5584 476 5669 (g5).Pro
499 5584 749 5669 vulgari.
774 5583 1190 5669 {esusaul'em
1211 5584 1384 5669 quod
1413 5583 1741 5647 Hentenlus

65 5655 391 5730 addidit,
418 5655 667 5733 uterque
694 5657 898 5730 habet,
925 5662 1028 5713 Καὶ
1054 5655 1280 5721 Ἰησοῠξ.

1923 5588 2040 5663 (26)
2070 5585 2468 5664 Αποκρίνασθαι
2497 5586 2565 5644 Α.
