  <div class='ocr_page' id='page_1' title='image "/cluster/home/n/w/nwhite01/storage/ocr_20150623/129/hvd.32044073502395/666.png"; bbox 0 0 4038 6226; ppageno 0'>
   <div class='ocr_carea' id='block_1_1' title="bbox 49 19 3982 59">
    <p class='ocr_par' dir='ltr' id='par_1_1' title="bbox 49 19 3982 59">
     <span class='ocr_line' id='line_1_1' title="bbox 49 19 3982 59; baseline 0.002 -2"><span class='ocrx_word' id='word_1_1' title='bbox 49 19 3982 59; x_wconf 68' lang='lat' dir='ltr'>m</span> 
     </span>
    </p>
   </div>
   <div class='ocr_carea' id='block_1_2' title="bbox 151 244 1746 366">
    <p class='ocr_par' dir='ltr' id='par_1_2' title="bbox 151 285 1746 366">
     <span class='ocr_line' id='line_1_2' title="bbox 151 285 1746 366; baseline -0.006 0"><span class='ocrx_word' id='word_1_2' title='bbox 151 296 288 366; x_wconf 62' lang='lat'>£288</span> <span class='ocrx_word' id='word_1_3' title='bbox 1070 286 1437 361; x_wconf 57' lang='lat' dir='ltr'>militum.</span> <span class='ocrx_word' id='word_1_4' title='bbox 1484 302 1547 357; x_wconf 87' lang='lat' dir='ltr'><strong>[N</strong></span> <span class='ocrx_word' id='word_1_5' title='bbox 1586 285 1746 357; x_wconf 76' lang='lat' dir='ltr'>JOAr</span> 
     </span>
    </p>
   </div>
   <div class='ocr_carea' id='block_1_3' title="bbox 1923 244 3518 366">
    <p class='ocr_par' dir='ltr' id='par_1_3' title="bbox 1924 252 3518 361">
     <span class='ocr_line' id='line_1_3' title="bbox 1924 252 3518 361; baseline 0.003 -5"><span class='ocrx_word' id='word_1_6' title='bbox 1924 341 1942 356; x_wconf 92' lang='lat'>.</span> <span class='ocrx_word' id='word_1_7' title='bbox 1978 330 2049 340; x_wconf 86' lang='lat'>—</span> <span class='ocrx_word' id='word_1_8' title='bbox 2086 290 2244 354; x_wconf 75' lang='lat' dir='ltr'>CAP.</span> <span class='ocrx_word' id='word_1_9' title='bbox 2287 252 2438 356; x_wconf 63' lang='lat' dir='ltr'>Vm.</span> <span class='ocrx_word' id='word_1_10' title='bbox 2605 318 2608 331; x_wconf 68' lang='grc' dir='ltr'><strong>ο</strong></span> <span class='ocrx_word' id='word_1_11' title='bbox 2700 268 2711 279; x_wconf 65' lang='grc'><strong>“</strong></span> <span class='ocrx_word' id='word_1_12' title='bbox 3379 288 3518 361; x_wconf 73' lang='grc'>1286</span> 
     </span>
    </p>
   </div>
   <div class='ocr_carea' id='block_1_4' title="bbox 151 423 1746 506">
    <p class='ocr_par' dir='ltr' id='par_1_4' title="bbox 151 428 1746 506">
     <span class='ocr_line' id='line_1_4' title="bbox 151 428 1746 506; baseline -0.005 -19"><span class='ocrx_word' id='word_1_13' title='bbox 151 442 255 506; x_wconf 81' lang='grc' dir='ltr'>χοῦ</span> <span class='ocrx_word' id='word_1_14' title='bbox 283 434 417 506; x_wconf 71' lang='grc' dir='ltr'>λέγει</span> <span class='ocrx_word' id='word_1_15' title='bbox 447 429 544 486; x_wconf 81' lang='grc' dir='ltr'>διὰ</span> <span class='ocrx_word' id='word_1_16' title='bbox 568 434 661 491; x_wconf 72' lang='grc' dir='ltr'>τὴν</span> <span class='ocrx_word' id='word_1_17' title='bbox 693 429 955 485; x_wconf 75' lang='grc' dir='ltr'>ἀσθένειαν</span> <span class='ocrx_word' id='word_1_18' title='bbox 988 428 1176 494; x_wconf 73' lang='grc' dir='ltr'>αὐτῶν,</span> <span class='ocrx_word' id='word_1_19' title='bbox 1209 431 1292 481; x_wconf 85' lang='grc' dir='ltr'>ἱνα</span> <span class='ocrx_word' id='word_1_20' title='bbox 1321 428 1529 489; x_wconf 75' lang='grc' dir='ltr'>ἐκείνοις</span> <span class='ocrx_word' id='word_1_21' title='bbox 1552 429 1641 500; x_wconf 67' lang='grc' dir='ltr'>μὶν</span> <span class='ocrx_word' id='word_1_22' title='bbox 1668 429 1746 485; x_wconf 80' lang='grc' dir='ltr'>εἴη</span> 
     </span>
    </p>
   </div>
   <div class='ocr_carea' id='block_1_5' title="bbox 1925 423 3520 506">
    <p class='ocr_par' dir='ltr' id='par_1_5' title="bbox 1925 423 3520 503">
     <span class='ocr_line' id='line_1_5' title="bbox 1925 423 3520 503; baseline 0.003 -22"><span class='ocrx_word' id='word_1_23' title='bbox 1925 427 2063 503; x_wconf 77' lang='lat' dir='ltr'>titur</span> <span class='ocrx_word' id='word_1_24' title='bbox 2092 426 2334 497; x_wconf 76' lang='lat' dir='ltr'>propter</span> <span class='ocrx_word' id='word_1_25' title='bbox 2372 437 2577 480; x_wconf 90' lang='lat' dir='ltr'>eorum</span> <span class='ocrx_word' id='word_1_26' title='bbox 2625 423 3111 494; x_wconf 77' lang='lat' dir='ltr'>imbecillitatem,</span> <span class='ocrx_word' id='word_1_27' title='bbox 3148 432 3214 485; x_wconf 87' lang='lat' dir='ltr'>ut</span> <span class='ocrx_word' id='word_1_28' title='bbox 3250 428 3365 485; x_wconf 87' lang='lat' dir='ltr'>illis</span> <span class='ocrx_word' id='word_1_29' title='bbox 3389 430 3520 503; x_wconf 85' lang='lat' dir='ltr'>qui-</span> 
     </span>
    </p>
   </div>
   <div class='ocr_carea' id='block_1_6' title="bbox 153 511 1748 595">
    <p class='ocr_par' dir='ltr' id='par_1_6' title="bbox 153 515 1748 595">
     <span class='ocr_line' id='line_1_6' title="bbox 153 515 1748 595; baseline -0.005 -20"><span class='ocrx_word' id='word_1_30' title='bbox 153 524 457 595; x_wconf 70' lang='grc' dir='ltr'>ἁσυμφανῆ,</span> <span class='ocrx_word' id='word_1_31' title='bbox 488 528 599 583; x_wconf 87' lang='grc' dir='ltr'>τοῖς</span> <span class='ocrx_word' id='word_1_32' title='bbox 630 516 1010 595; x_wconf 74' lang='grc' dir='ltr'>δυνατωτέροις</span> <span class='ocrx_word' id='word_1_33' title='bbox 1053 515 1110 570; x_wconf 74' lang='grc' dir='ltr'>δε</span> <span class='ocrx_word' id='word_1_34' title='bbox 1158 524 1490 591; x_wconf 84' lang='grc' dir='ltr'>Χριστιανοῖς</span> <span class='ocrx_word' id='word_1_35' title='bbox 1530 519 1748 589; x_wconf 74' lang='grc' dir='ltr'>ἐμφανῇ.</span> 
     </span>
    </p>
   </div>
   <div class='ocr_carea' id='block_1_7' title="bbox 1924 511 3519 595">
    <p class='ocr_par' dir='ltr' id='par_1_7' title="bbox 1924 511 3519 577">
     <span class='ocr_line' id='line_1_7' title="bbox 1924 511 3519 577; baseline 0.004 -8"><span class='ocrx_word' id='word_1_36' title='bbox 1924 529 2001 569; x_wconf 70' lang='lat' dir='ltr'>2m</span> <span class='ocrx_word' id='word_1_37' title='bbox 2027 511 2262 569; x_wconf 88' lang='lat' dir='ltr'>occulta</span> <span class='ocrx_word' id='word_1_38' title='bbox 2280 511 2862 577; x_wconf 87' lang='lat' dir='ltr'>sint,robustioribus</span> <span class='ocrx_word' id='word_1_39' title='bbox 2886 532 3018 572; x_wconf 84' lang='lat' dir='ltr'>vero</span> <span class='ocrx_word' id='word_1_40' title='bbox 3038 516 3380 575; x_wconf 77' lang='lat' dir='ltr'>Christianis</span> <span class='ocrx_word' id='word_1_41' title='bbox 3395 536 3519 577; x_wconf 89' lang='lat' dir='ltr'>ma-</span> 
     </span>
    </p>
   </div>
   <div class='ocr_carea' id='block_1_8' title="bbox 149 600 1744 677">
    <p class='ocr_par' dir='ltr' id='par_1_8' title="bbox 149 606 1744 677">
     <span class='ocr_line' id='line_1_8' title="bbox 149 606 1744 677; baseline -0.005 -11"><span class='ocrx_word' id='word_1_42' title='bbox 149 617 248 667; x_wconf 71' lang='grc' dir='ltr'>Επὶ</span> <span class='ocrx_word' id='word_1_43' title='bbox 299 614 505 664; x_wconf 85' lang='grc' dir='ltr'>πάντων</span> <span class='ocrx_word' id='word_1_44' title='bbox 549 606 637 663; x_wconf 84' lang='grc' dir='ltr'>οὖν</span> <span class='ocrx_word' id='word_1_45' title='bbox 687 617 786 662; x_wconf 88' lang='grc' dir='ltr'>τῶν</span> <span class='ocrx_word' id='word_1_46' title='bbox 840 610 1085 661; x_wconf 81' lang='grc' dir='ltr'>τοιούτων</span> <span class='ocrx_word' id='word_1_47' title='bbox 1142 610 1338 665; x_wconf 86' lang='grc' dir='ltr'>ταύτην</span> <span class='ocrx_word' id='word_1_48' title='bbox 1385 610 1611 677; x_wconf 72' lang='grc' dir='ltr'>’γίνωσκε</span> <span class='ocrx_word' id='word_1_49' title='bbox 1657 610 1744 664; x_wconf 78' lang='grc' dir='ltr'>τὴν</span> 
     </span>
    </p>
   </div>
   <div class='ocr_carea' id='block_1_9' title="bbox 1925 600 3520 677">
    <p class='ocr_par' dir='ltr' id='par_1_9' title="bbox 1927 600 3520 673">
     <span class='ocr_line' id='line_1_9' title="bbox 1927 600 3520 673; baseline 0.006 -16"><span class='ocrx_word' id='word_1_50' title='bbox 1927 601 2096 657; x_wconf 85' lang='lat' dir='ltr'>festa.</span> <span class='ocrx_word' id='word_1_51' title='bbox 2127 604 2189 656; x_wconf 85' lang='lat' dir='ltr'>In</span> <span class='ocrx_word' id='word_1_52' title='bbox 2221 600 2505 657; x_wconf 89' lang='lat' dir='ltr'>omnibus</span> <span class='ocrx_word' id='word_1_53' title='bbox 2533 616 2676 673; x_wconf 90' lang='lat' dir='ltr'>ergo</span> <span class='ocrx_word' id='word_1_54' title='bbox 2723 603 3021 661; x_wconf 84' lang='lat' dir='ltr'>similibus</span> <span class='ocrx_word' id='word_1_55' title='bbox 3070 622 3315 665; x_wconf 81' lang='lat' dir='ltr'>causam</span> <span class='ocrx_word' id='word_1_56' title='bbox 3364 609 3520 666; x_wconf 92' lang='lat' dir='ltr'>hanc</span> 
     </span>
    </p>
   </div>
   <div class='ocr_carea' id='block_1_10' title="bbox 150 689 2194 761">
    <p class='ocr_par' dir='ltr' id='par_1_10' title="bbox 150 689 2194 761">
     <span class='ocr_line' id='line_1_10' title="bbox 150 689 2194 761; baseline -0.005 -7"><span class='ocrx_word' id='word_1_57' title='bbox 150 696 343 755; x_wconf 79' lang='grc' dir='ltr'>αἰτίαν.</span> <span class='ocrx_word' id='word_1_58' title='bbox 1861 689 2194 761; x_wconf 87' lang='lat' dir='ltr'>agnoscito.</span> 
     </span>
    </p>
   </div>
   <div class='ocr_carea' id='block_1_11' title="bbox 224 779 1819 862">
    <p class='ocr_par' dir='ltr' id='par_1_11' title="bbox 224 785 1752 862">
     <span class='ocr_line' id='line_1_11' title="bbox 224 785 1752 862; baseline -0.007 -17"><span class='ocrx_word' id='word_1_59' title='bbox 224 791 356 862; x_wconf 80' lang='grc' dir='ltr'>Ἐγώ</span> <span class='ocrx_word' id='word_1_60' title='bbox 403 819 470 829; x_wconf 92' lang='lat'>-—</span> <span class='ocrx_word' id='word_1_61' title='bbox 523 786 770 860; x_wconf 83' lang='grc' dir='ltr'>ἐμαυτοῦ.</span> <span class='ocrx_word' id='word_1_62' title='bbox 819 785 978 840; x_wconf 87' lang='grc' dir='ltr'>Πάλιν</span> <span class='ocrx_word' id='word_1_63' title='bbox 1023 789 1153 859; x_wconf 85' lang='grc' dir='ltr'>πρὸς</span> <span class='ocrx_word' id='word_1_64' title='bbox 1193 791 1250 839; x_wconf 87' lang='grc' dir='ltr'>τό</span> <span class='ocrx_word' id='word_1_65' title='bbox 1284 802 1295 813; x_wconf 89' lang='grc'><strong>·</strong></span> <span class='ocrx_word' id='word_1_66' title='bbox 1327 790 1393 837; x_wconf 80' lang='grc' dir='ltr'>Σὺ</span> <span class='ocrx_word' id='word_1_67' title='bbox 1437 787 1555 858; x_wconf 80' lang='grc' dir='ltr'>περὶ</span> <span class='ocrx_word' id='word_1_68' title='bbox 1603 802 1752 835; x_wconf 88' lang='grc' dir='ltr'>σεαυ-</span> 
     </span>
    </p>
   </div>
   <div class='ocr_carea' id='block_1_12' title="bbox 1929 779 3524 862">
    <p class='ocr_par' dir='ltr' id='par_1_12' title="bbox 1932 779 3524 860">
     <span class='ocr_line' id='line_1_12' title="bbox 1932 779 3524 860; baseline 0.009 -28"><span class='ocrx_word' id='word_1_69' title='bbox 1932 779 2098 836; x_wconf 87' lang='lat' dir='ltr'>Vers.</span> <span class='ocrx_word' id='word_1_70' title='bbox 2136 782 2218 835; x_wconf 88' lang='grc'>18.</span> <span class='ocrx_word' id='word_1_71' title='bbox 2246 779 2373 849; x_wconf 89' lang='lat' dir='ltr'>Ego</span> <span class='ocrx_word' id='word_1_72' title='bbox 2400 810 2463 821; x_wconf 92' lang='lat'><strong>-</strong></span> <span class='ocrx_word' id='word_1_73' title='bbox 2485 779 2727 850; x_wconf 81' lang='lat' dir='ltr'>meipso,</span> <span class='ocrx_word' id='word_1_74' title='bbox 2754 784 3009 840; x_wconf 84' lang='lat' dir='ltr'>Rursum</span> <span class='ocrx_word' id='word_1_75' title='bbox 3037 785 3115 841; x_wconf 87' lang='lat' dir='ltr'>ad</span> <span class='ocrx_word' id='word_1_76' title='bbox 3138 787 3213 853; x_wconf 86' lang='lat' dir='ltr'>id,</span> <span class='ocrx_word' id='word_1_77' title='bbox 3243 789 3409 860; x_wconf 89' lang='lat' dir='ltr'>quod</span> <span class='ocrx_word' id='word_1_78' title='bbox 3434 790 3524 846; x_wconf 89' lang='lat' dir='ltr'>di-</span> 
     </span>
    </p>
   </div>
   <div class='ocr_carea' id='block_1_13' title="bbox 148 868 1743 953">
    <p class='ocr_par' dir='ltr' id='par_1_13' title="bbox 148 872 1743 953">
     <span class='ocr_line' id='line_1_13' title="bbox 148 872 1743 953; baseline -0.007 -21"><span class='ocrx_word' id='word_1_79' title='bbox 148 886 241 933; x_wconf 84' lang='grc' dir='ltr'>τοῦ</span> <span class='ocrx_word' id='word_1_80' title='bbox 272 884 569 953; x_wconf 73' lang='grc' dir='ltr'>μαρτυρεῖς,</span> <span class='ocrx_word' id='word_1_81' title='bbox 613 882 841 929; x_wconf 86' lang='grc' dir='ltr'>ποιεῖται</span> <span class='ocrx_word' id='word_1_82' title='bbox 883 877 969 927; x_wconf 85' lang='grc' dir='ltr'>τὸν</span> <span class='ocrx_word' id='word_1_83' title='bbox 1011 874 1182 947; x_wconf 76' lang='grc' dir='ltr'>λόγον,</span> <span class='ocrx_word' id='word_1_84' title='bbox 1239 874 1371 945; x_wconf 79' lang='grc' dir='ltr'>Ἐγὼ</span> <span class='ocrx_word' id='word_1_85' title='bbox 1401 873 1528 945; x_wconf 74' lang='grc' dir='ltr'>εἰμι,</span> <span class='ocrx_word' id='word_1_86' title='bbox 1567 872 1743 943; x_wconf 77' lang='grc' dir='ltr'>λέγων,</span> 
     </span>
    </p>
   </div>
   <div class='ocr_carea' id='block_1_14' title="bbox 1927 868 3522 953">
    <p class='ocr_par' dir='ltr' id='par_1_14' title="bbox 1927 868 3522 946">
     <span class='ocr_line' id='line_1_14' title="bbox 1927 868 3522 946; baseline 0.01 -26"><span class='ocrx_word' id='word_1_87' title='bbox 1927 874 2106 925; x_wconf 76' lang='lat' dir='ltr'>rant:</span> <span class='ocrx_word' id='word_1_88' title='bbox 2144 869 2232 926; x_wconf 89' lang='lat' dir='ltr'>Tu</span> <span class='ocrx_word' id='word_1_89' title='bbox 2270 868 2658 925; x_wconf 86' lang='lat' dir='ltr'>testimonium</span> <span class='ocrx_word' id='word_1_90' title='bbox 2707 871 2981 940; x_wconf 79' lang='lat' dir='ltr'>perhibes</span> <span class='ocrx_word' id='word_1_91' title='bbox 3032 875 3106 931; x_wconf 87' lang='lat' dir='ltr'>de</span> <span class='ocrx_word' id='word_1_92' title='bbox 3134 877 3318 946; x_wconf 83' lang='lat' dir='ltr'>teipse</span> <span class='ocrx_word' id='word_1_93' title='bbox 3361 879 3522 936; x_wconf 89' lang='lat' dir='ltr'>hunc</span> 
     </span>
    </p>
   </div>
   <div class='ocr_carea' id='block_1_15' title="bbox 149 957 1744 1041">
    <p class='ocr_par' dir='ltr' id='par_1_15' title="bbox 149 959 1744 1041">
     <span class='ocr_line' id='line_1_15' title="bbox 149 959 1744 1041; baseline -0.006 -20"><span class='ocrx_word' id='word_1_94' title='bbox 149 971 175 1021; x_wconf 93' lang='lat'>6</span> <span class='ocrx_word' id='word_1_95' title='bbox 218 974 495 1041; x_wconf 85' lang='grc' dir='ltr'>μαρτυρῶν</span> <span class='ocrx_word' id='word_1_96' title='bbox 549 970 667 1040; x_wconf 84' lang='grc' dir='ltr'>περὶ</span> <span class='ocrx_word' id='word_1_97' title='bbox 714 964 958 1037; x_wconf 74' lang='grc' dir='ltr'>ἐμαυτοῦ,</span> <span class='ocrx_word' id='word_1_98' title='bbox 1010 964 1054 1018; x_wconf 86' lang='grc' dir='ltr'>εἰ</span> <span class='ocrx_word' id='word_1_99' title='bbox 1106 969 1196 1017; x_wconf 87' lang='grc' dir='ltr'>καὶ</span> <span class='ocrx_word' id='word_1_100' title='bbox 1248 959 1425 1024; x_wconf 73' lang='grc' dir='ltr'>οὐδεὶς</span> <span class='ocrx_word' id='word_1_101' title='bbox 1500 968 1744 1035; x_wconf 75' lang='grc' dir='ltr'>μαρτυρεῖ</span> 
     </span>
    </p>
   </div>
   <div class='ocr_carea' id='block_1_16' title="bbox 1928 957 3523 1041">
    <p class='ocr_par' dir='ltr' id='par_1_16' title="bbox 1928 957 3523 1037">
     <span class='ocr_line' id='line_1_16' title="bbox 1928 957 3523 1037; baseline 0.007 -23"><span class='ocrx_word' id='word_1_102' title='bbox 1928 957 2001 1014; x_wconf 85' lang='lat' dir='ltr'>cit</span> <span class='ocrx_word' id='word_1_103' title='bbox 2027 973 2365 1014; x_wconf 81' lang='lat' dir='ltr'>sermonem</span> <span class='ocrx_word' id='word_1_104' title='bbox 2408 958 2615 1014; x_wconf 91' lang='lat' dir='ltr'>dicens</span> <span class='ocrx_word' id='word_1_105' title='bbox 2672 961 2844 1031; x_wconf 85' lang='lat' dir='ltr'>:Ego</span> <span class='ocrx_word' id='word_1_106' title='bbox 2883 963 3271 1023; x_wconf 79' lang='lat' dir='ltr'>testimonium</span> <span class='ocrx_word' id='word_1_107' title='bbox 3323 969 3523 1037; x_wconf 80' lang='lat' dir='ltr'>perhi-</span> 
     </span>
    </p>
   </div>
   <div class='ocr_carea' id='block_1_17' title="bbox 150 1046 1745 1133">
    <p class='ocr_par' dir='ltr' id='par_1_17' title="bbox 150 1046 1745 1131">
     <span class='ocr_line' id='line_1_17' title="bbox 150 1046 1745 1131; baseline -0.004 -22"><span class='ocrx_word' id='word_1_108' title='bbox 150 1060 272 1131; x_wconf 83' lang='grc' dir='ltr'>περὶ</span> <span class='ocrx_word' id='word_1_109' title='bbox 320 1055 543 1108; x_wconf 80' lang='grc' dir='ltr'>ἑαυτοῦ·</span> <span class='ocrx_word' id='word_1_110' title='bbox 578 1055 675 1126; x_wconf 67' lang='grc' dir='ltr'>ἐγὼ</span> <span class='ocrx_word' id='word_1_111' title='bbox 722 1056 812 1125; x_wconf 63' lang='grc' dir='ltr'>μὲν</span> <span class='ocrx_word' id='word_1_112' title='bbox 862 1055 963 1125; x_wconf 70' lang='grc' dir='ltr'>γὰρ</span> <span class='ocrx_word' id='word_1_113' title='bbox 1016 1055 1087 1115; x_wconf 80' lang='grc' dir='ltr'>ὡς</span> <span class='ocrx_word' id='word_1_114' title='bbox 1148 1055 1297 1122; x_wconf 82' lang='grc' dir='ltr'>Θεὸς,</span> <span class='ocrx_word' id='word_1_115' title='bbox 1347 1048 1519 1112; x_wconf 70' lang='grc' dir='ltr'>οὐδεὶς</span> <span class='ocrx_word' id='word_1_116' title='bbox 1582 1046 1641 1103; x_wconf 78' lang='grc' dir='ltr'>δε</span> <span class='ocrx_word' id='word_1_117' title='bbox 1689 1052 1745 1109; x_wconf 78' lang='grc' dir='ltr'>ὡς</span> 
     </span>
    </p>
   </div>
   <div class='ocr_carea' id='block_1_18' title="bbox 1924 1046 3519 1133">
    <p class='ocr_par' dir='ltr' id='par_1_18' title="bbox 1924 1047 3519 1133">
     <span class='ocr_line' id='line_1_18' title="bbox 1924 1047 3519 1133; baseline 0.011 -36"><span class='ocrx_word' id='word_1_118' title='bbox 1924 1062 1962 1103; x_wconf 68' lang='lat' dir='ltr'>ro</span> <span class='ocrx_word' id='word_1_119' title='bbox 1987 1047 2054 1103; x_wconf 88' lang='lat' dir='ltr'>de</span> <span class='ocrx_word' id='word_1_120' title='bbox 2083 1048 2314 1118; x_wconf 83' lang='lat' dir='ltr'>meipso.</span> <span class='ocrx_word' id='word_1_121' title='bbox 2346 1047 2581 1104; x_wconf 89' lang='lat' dir='ltr'>etiamsi</span> <span class='ocrx_word' id='word_1_122' title='bbox 2623 1065 2799 1107; x_wconf 91' lang='lat' dir='ltr'>nemo</span> <span class='ocrx_word' id='word_1_123' title='bbox 2844 1051 3152 1121; x_wconf 89' lang='lat' dir='ltr'>perhibeat</span> <span class='ocrx_word' id='word_1_124' title='bbox 3180 1055 3255 1111; x_wconf 91' lang='lat' dir='ltr'>de</span> <span class='ocrx_word' id='word_1_125' title='bbox 3282 1057 3482 1131; x_wconf 89' lang='lat' dir='ltr'>seipso</span> <span class='ocrx_word' id='word_1_126' title='bbox 3502 1077 3519 1133; x_wconf 81' lang='lat'>;</span> 
     </span>
    </p>
   </div>
   <div class='ocr_carea' id='block_1_19' title="bbox 149 1136 3523 1219">
    <p class='ocr_par' dir='ltr' id='par_1_19' title="bbox 149 1136 3523 1219">
     <span class='ocr_line' id='line_1_19' title="bbox 149 1136 3523 1219; baseline 0.011 -52"><span class='ocrx_word' id='word_1_127' title='bbox 149 1146 446 1218; x_wconf 43' lang='grc' dir='ltr'>ἄνθρωπος.</span> <span class='ocrx_word' id='word_1_128' title='bbox 1860 1150 1973 1205; x_wconf 91' lang='lat' dir='ltr'>ego</span> <span class='ocrx_word' id='word_1_129' title='bbox 1999 1136 2298 1208; x_wconf 86' lang='lat' dir='ltr'>siquidem</span> <span class='ocrx_word' id='word_1_130' title='bbox 2314 1139 2605 1207; x_wconf 90' lang='lat' dir='ltr'>tanquam</span> <span class='ocrx_word' id='word_1_131' title='bbox 2622 1136 2799 1204; x_wconf 89' lang='lat' dir='ltr'>Deus,</span> <span class='ocrx_word' id='word_1_132' title='bbox 2817 1154 2996 1195; x_wconf 90' lang='lat' dir='ltr'>nemo</span> <span class='ocrx_word' id='word_1_133' title='bbox 3015 1148 3215 1199; x_wconf 88' lang='lat' dir='ltr'>autem</span> <span class='ocrx_word' id='word_1_134' title='bbox 3235 1148 3523 1219; x_wconf 83' lang='lat' dir='ltr'>tanquam</span> 
     </span>
    </p>
   </div>
   <div class='ocr_carea' id='block_1_20' title="bbox 1861 1224 2066 1281">
    <p class='ocr_par' dir='ltr' id='par_1_20' title="bbox 1861 1224 2066 1281">
     <span class='ocr_line' id='line_1_20' title="bbox 1861 1224 2066 1281; baseline -0.005 0"><span class='ocrx_word' id='word_1_135' title='bbox 1861 1224 2066 1281; x_wconf 93' lang='lat' dir='ltr'>homo.</span> 
     </span>
    </p>
   </div>
   <div class='ocr_carea' id='block_1_21' title="bbox 223 1315 1818 1394">
    <p class='ocr_par' dir='ltr' id='par_1_21' title="bbox 223 1315 1751 1394">
     <span class='ocr_line' id='line_1_21' title="bbox 223 1315 1751 1394; baseline -0.003 -18"><span class='ocrx_word' id='word_1_136' title='bbox 223 1327 327 1376; x_wconf 74' lang='grc' dir='ltr'>Καὶ</span> <span class='ocrx_word' id='word_1_137' title='bbox 363 1353 427 1362; x_wconf 91' lang='grc'><strong><em>-</em></strong></span> <span class='ocrx_word' id='word_1_138' title='bbox 469 1326 672 1394; x_wconf 76' lang='grc' dir='ltr'>Πατὴρ.</span> <span class='ocrx_word' id='word_1_139' title='bbox 718 1319 780 1372; x_wconf 87' lang='grc' dir='ltr'>Εἰ</span> <span class='ocrx_word' id='word_1_140' title='bbox 809 1323 881 1393; x_wconf 81' lang='grc' dir='ltr'>μὴ</span> <span class='ocrx_word' id='word_1_141' title='bbox 927 1318 1025 1391; x_wconf 71' lang='grc' dir='ltr'>ἐγὼ</span> <span class='ocrx_word' id='word_1_142' title='bbox 1075 1315 1215 1372; x_wconf 84' lang='grc' dir='ltr'>δοκῶ</span> <span class='ocrx_word' id='word_1_143' title='bbox 1256 1320 1378 1392; x_wconf 81' lang='grc' dir='ltr'>ύμῖν</span> <span class='ocrx_word' id='word_1_144' title='bbox 1430 1318 1751 1382; x_wconf 76' lang='grc' dir='ltr'>ἀξιόπιστος.</span> 
     </span>
    </p>
   </div>
   <div class='ocr_carea' id='block_1_22' title="bbox 1929 1315 3524 1394">
    <p class='ocr_par' dir='ltr' id='par_1_22' title="bbox 1932 1315 3524 1394">
     <span class='ocr_line' id='line_1_22' title="bbox 1932 1315 3524 1394; baseline 0.008 -25"><span class='ocrx_word' id='word_1_145' title='bbox 1932 1315 2093 1370; x_wconf 89' lang='lat' dir='ltr'>Vers.</span> <span class='ocrx_word' id='word_1_146' title='bbox 2128 1317 2211 1370; x_wconf 88' lang='grc'>18.</span> <span class='ocrx_word' id='word_1_147' title='bbox 2246 1315 2321 1371; x_wconf 82' lang='lat' dir='ltr'>Et</span> <span class='ocrx_word' id='word_1_148' title='bbox 2348 1346 2417 1355; x_wconf 94' lang='lat'><strong>—</strong></span> <span class='ocrx_word' id='word_1_149' title='bbox 2445 1315 2650 1372; x_wconf 86' lang='lat' dir='ltr'>Pater.</span> <span class='ocrx_word' id='word_1_150' title='bbox 2682 1315 2737 1373; x_wconf 90' lang='lat' dir='ltr'>Si</span> <span class='ocrx_word' id='word_1_151' title='bbox 2790 1332 2900 1390; x_wconf 88' lang='lat' dir='ltr'>ego</span> <span class='ocrx_word' id='word_1_152' title='bbox 2961 1319 3133 1376; x_wconf 86' lang='lat' dir='ltr'><strong>vobis</strong></span> <span class='ocrx_word' id='word_1_153' title='bbox 3159 1321 3278 1378; x_wconf 88' lang='lat' dir='ltr'>ﬁde</span> <span class='ocrx_word' id='word_1_154' title='bbox 3309 1324 3524 1394; x_wconf 87' lang='lat' dir='ltr'>dignus</span> 
     </span>
    </p>
   </div>
   <div class='ocr_carea' id='block_1_23' title="bbox 146 1396 1741 1486">
    <p class='ocr_par' dir='ltr' id='par_1_23' title="bbox 146 1396 1741 1486">
     <span class='ocr_line' id='line_1_23' title="bbox 146 1396 1741 1486; baseline -0.004 -22"><span class='ocrx_word' id='word_1_155' title='bbox 146 1416 420 1486; x_wconf 76' lang='grc' dir='ltr'>Μαρτυρεῖ</span> <span class='ocrx_word' id='word_1_156' title='bbox 469 1413 568 1484; x_wconf 71' lang='grc' dir='ltr'>γὰρ</span> <span class='ocrx_word' id='word_1_157' title='bbox 624 1405 719 1463; x_wconf 80' lang='grc' dir='ltr'>διὰ</span> <span class='ocrx_word' id='word_1_158' title='bbox 771 1396 861 1462; x_wconf 81' lang='grc' dir='ltr'>του</span> <span class='ocrx_word' id='word_1_159' title='bbox 922 1409 1190 1481; x_wconf 67' lang='grc' dir='ltr'>προφήτου</span> <span class='ocrx_word' id='word_1_160' title='bbox 1249 1412 1423 1480; x_wconf 74' lang='grc' dir='ltr'>λέγων·</span> <span class='ocrx_word' id='word_1_161' title='bbox 1485 1404 1627 1461; x_wconf 87' lang='grc' dir='ltr'>Ἰδού</span> <span class='ocrx_word' id='word_1_162' title='bbox 1675 1410 1741 1458; x_wconf 79' lang='grc' dir='ltr'>τέ-</span> 
     </span>
    </p>
   </div>
   <div class='ocr_carea' id='block_1_24' title="bbox 1930 1396 3525 1486">
    <p class='ocr_par' dir='ltr' id='par_1_24' title="bbox 1930 1402 3525 1486">
     <span class='ocr_line' id='line_1_24' title="bbox 1930 1402 3525 1486; baseline 0.009 -30"><span class='ocrx_word' id='word_1_163' title='bbox 1930 1417 1984 1456; x_wconf 74' lang='grc' dir='ltr'>ιιι</span> <span class='ocrx_word' id='word_1_164' title='bbox 2030 1403 2259 1463; x_wconf 87' lang='lat' dir='ltr'>videor.</span> <span class='ocrx_word' id='word_1_165' title='bbox 2311 1402 2440 1460; x_wconf 86' lang='lat' dir='ltr'>Fert</span> <span class='ocrx_word' id='word_1_166' title='bbox 2470 1410 2672 1460; x_wconf 90' lang='lat' dir='ltr'>autem</span> <span class='ocrx_word' id='word_1_167' title='bbox 2715 1408 3117 1465; x_wconf 89' lang='lat' dir='ltr'>testimonium</span> <span class='ocrx_word' id='word_1_168' title='bbox 3166 1411 3374 1468; x_wconf 89' lang='lat' dir='ltr'>dicens</span> <span class='ocrx_word' id='word_1_169' title='bbox 3420 1431 3525 1486; x_wconf 88' lang='lat' dir='ltr'>per</span> 
     </span>
    </p>
   </div>
   <div class='ocr_carea' id='block_1_25' title="bbox 148 1491 1743 1571">
    <p class='ocr_par' dir='ltr' id='par_1_25' title="bbox 148 1494 1743 1571">
     <span class='ocr_line' id='line_1_25' title="bbox 148 1494 1743 1571; baseline -0.003 -19"><span class='ocrx_word' id='word_1_170' title='bbox 148 1502 301 1553; x_wconf 79' lang='grc' dir='ltr'>θεικὰ</span> <span class='ocrx_word' id='word_1_171' title='bbox 347 1519 404 1552; x_wconf 83' lang='grc' dir='ltr'>σε</span> <span class='ocrx_word' id='word_1_172' title='bbox 452 1499 522 1560; x_wconf 81' lang='grc' dir='ltr'>εἰς</span> <span class='ocrx_word' id='word_1_173' title='bbox 556 1507 661 1571; x_wconf 78' lang='grc' dir='ltr'>φὼς</span> <span class='ocrx_word' id='word_1_174' title='bbox 686 1497 859 1561; x_wconf 77' lang='grc' dir='ltr'>ἕθνῶν,</span> <span class='ocrx_word' id='word_1_175' title='bbox 900 1499 1086 1569; x_wconf 72' lang='grc' dir='ltr'>[ἤγουν</span> <span class='ocrx_word' id='word_1_176' title='bbox 1127 1498 1238 1570; x_wconf 83' lang='grc'>(33)</span> <span class='ocrx_word' id='word_1_177' title='bbox 1279 1498 1350 1559; x_wconf 88' lang='grc' dir='ltr'>εἰς</span> <span class='ocrx_word' id='word_1_178' title='bbox 1378 1500 1435 1550; x_wconf 87' lang='grc' dir='ltr'>τὸ</span> <span class='ocrx_word' id='word_1_179' title='bbox 1482 1494 1609 1550; x_wconf 86' lang='grc' dir='ltr'>εἶναι</span> <span class='ocrx_word' id='word_1_180' title='bbox 1649 1504 1743 1568; x_wconf 76' lang='grc' dir='ltr'>φῶς</span> 
     </span>
    </p>
   </div>
   <div class='ocr_carea' id='block_1_26' title="bbox 1932 1491 3527 1571">
    <p class='ocr_par' dir='ltr' id='par_1_26' title="bbox 1932 1491 3527 1566">
     <span class='ocr_line' id='line_1_26' title="bbox 1932 1491 3527 1566; baseline 0.008 -20"><span class='ocrx_word' id='word_1_181' title='bbox 1932 1492 2216 1563; x_wconf 48' lang='grc' dir='ltr'>κοριιθιιιω</span> <span class='ocrx_word' id='word_1_182' title='bbox 2246 1508 2259 1546; x_wconf 93' lang='lat'><strong>:</strong></span> <span class='ocrx_word' id='word_1_183' title='bbox 2284 1491 2466 1547; x_wconf 77' lang='grc' dir='ltr'>Ροεηὶ</span> <span class='ocrx_word' id='word_1_184' title='bbox 2502 1498 2556 1549; x_wconf 92' lang='lat' dir='ltr'>te</span> <span class='ocrx_word' id='word_1_185' title='bbox 2583 1492 2647 1549; x_wconf 83' lang='lat' dir='ltr'>in</span> <span class='ocrx_word' id='word_1_186' title='bbox 2694 1494 2882 1551; x_wconf 80' lang='lat' dir='ltr'>lucem</span> <span class='ocrx_word' id='word_1_187' title='bbox 2913 1497 3181 1566; x_wconf 86' lang='lat' dir='ltr'>gentium</span> <span class='ocrx_word' id='word_1_188' title='bbox 3205 1500 3273 1566; x_wconf 77' lang='grc'>⁵³,</span> <span class='ocrx_word' id='word_1_189' title='bbox 3321 1501 3446 1558; x_wconf 88' lang='lat' dir='ltr'>sive</span> <span class='ocrx_word' id='word_1_190' title='bbox 3466 1508 3527 1560; x_wconf 93' lang='lat' dir='ltr'>ut</span> 
     </span>
    </p>
   </div>
   <div class='ocr_carea' id='block_1_27' title="bbox 145 1579 1740 1663">
    <p class='ocr_par' dir='ltr' id='par_1_27' title="bbox 145 1583 1740 1663">
     <span class='ocr_line' id='line_1_27' title="bbox 145 1583 1740 1663; baseline -0.003 -21"><span class='ocrx_word' id='word_1_191' title='bbox 145 1587 354 1662; x_wconf 59' lang='grc' dir='ltr'>ἐθνῶν]</span> <span class='ocrx_word' id='word_1_192' title='bbox 403 1592 718 1663; x_wconf 83' lang='grc' dir='ltr'>Προείρηται</span> <span class='ocrx_word' id='word_1_193' title='bbox 762 1584 821 1640; x_wconf 74' lang='grc' dir='ltr'>δὲ</span> <span class='ocrx_word' id='word_1_194' title='bbox 868 1591 958 1639; x_wconf 85' lang='grc' dir='ltr'>καὶ</span> <span class='ocrx_word' id='word_1_195' title='bbox 1010 1585 1058 1639; x_wconf 74' lang='grc' dir='ltr'>ἐν</span> <span class='ocrx_word' id='word_1_196' title='bbox 1107 1595 1177 1657; x_wconf 86' lang='grc' dir='ltr'>τῷ</span> <span class='ocrx_word' id='word_1_197' title='bbox 1231 1583 1438 1659; x_wconf 76' lang='grc' dir='ltr'>ἑϐδόμῳ</span> <span class='ocrx_word' id='word_1_198' title='bbox 1494 1585 1740 1659; x_wconf 50' lang='grc' dir='ltr'>κεφαλαίῳ</span> 
     </span>
    </p>
   </div>
   <div class='ocr_carea' id='block_1_28' title="bbox 1930 1579 3525 1663">
    <p class='ocr_par' dir='ltr' id='par_1_28' title="bbox 1930 1580 3525 1662">
     <span class='ocr_line' id='line_1_28' title="bbox 1930 1580 3525 1662; baseline 0.008 -26"><span class='ocrx_word' id='word_1_199' title='bbox 1930 1581 2073 1637; x_wconf 84' lang='lat' dir='ltr'>xsis</span> <span class='ocrx_word' id='word_1_200' title='bbox 2120 1580 2406 1654; x_wconf 89' lang='lat' dir='ltr'>gentium.</span> <span class='ocrx_word' id='word_1_201' title='bbox 2463 1581 2816 1639; x_wconf 66' lang='lat' dir='ltr'>Praedictum</span> <span class='ocrx_word' id='word_1_202' title='bbox 2871 1589 2957 1641; x_wconf 89' lang='lat' dir='ltr'>est</span> <span class='ocrx_word' id='word_1_203' title='bbox 3013 1595 3213 1643; x_wconf 89' lang='lat' dir='ltr'>autem</span> <span class='ocrx_word' id='word_1_204' title='bbox 3274 1591 3525 1662; x_wconf 90' lang='lat' dir='ltr'>septimo</span> 
     </span>
    </p>
   </div>
   <div class='ocr_carea' id='block_1_29' title="bbox 144 1668 1739 1751">
    <p class='ocr_par' dir='ltr' id='par_1_29' title="bbox 144 1676 1739 1751">
     <span class='ocr_line' id='line_1_29' title="bbox 144 1676 1739 1751; baseline -0.002 -21"><span class='ocrx_word' id='word_1_205' title='bbox 144 1686 258 1740; x_wconf 85' lang='grc' dir='ltr'>πῶς</span> <span class='ocrx_word' id='word_1_206' title='bbox 298 1679 324 1729; x_wconf 98' lang='lat'>6</span> <span class='ocrx_word' id='word_1_207' title='bbox 370 1681 548 1751; x_wconf 79' lang='grc' dir='ltr'>Πατὴρ</span> <span class='ocrx_word' id='word_1_208' title='bbox 581 1683 836 1750; x_wconf 81' lang='grc' dir='ltr'>μαρτυρεῖ</span> <span class='ocrx_word' id='word_1_209' title='bbox 880 1681 998 1750; x_wconf 83' lang='grc' dir='ltr'>περὶ</span> <span class='ocrx_word' id='word_1_210' title='bbox 1049 1676 1228 1746; x_wconf 70' lang='grc' dir='ltr'>αὐτοῦ,</span> <span class='ocrx_word' id='word_1_211' title='bbox 1287 1678 1407 1728; x_wconf 79' lang='grc' dir='ltr'>ἔνθα</span> <span class='ocrx_word' id='word_1_212' title='bbox 1454 1683 1622 1728; x_wconf 84' lang='grc' dir='ltr'>κεῖται</span> <span class='ocrx_word' id='word_1_213' title='bbox 1671 1678 1739 1740; x_wconf 69' lang='grc' dir='ltr'>τὸ,</span> 
     </span>
    </p>
   </div>
   <div class='ocr_carea' id='block_1_30' title="bbox 1927 1668 3522 1751">
    <p class='ocr_par' dir='ltr' id='par_1_30' title="bbox 1927 1668 3522 1746">
     <span class='ocr_line' id='line_1_30' title="bbox 1927 1668 3522 1746; baseline 0.008 -21"><span class='ocrx_word' id='word_1_214' title='bbox 1927 1668 2040 1726; x_wconf 89' lang='lat' dir='ltr'>iam</span> <span class='ocrx_word' id='word_1_215' title='bbox 2068 1669 2279 1741; x_wconf 81' lang='lat' dir='ltr'>capite,</span> <span class='ocrx_word' id='word_1_216' title='bbox 2301 1671 2611 1744; x_wconf 91' lang='lat' dir='ltr'>quomodo</span> <span class='ocrx_word' id='word_1_217' title='bbox 2630 1671 2800 1728; x_wconf 85' lang='lat' dir='ltr'>Pater</span> <span class='ocrx_word' id='word_1_218' title='bbox 2824 1672 2898 1728; x_wconf 92' lang='lat' dir='ltr'>de</span> <span class='ocrx_word' id='word_1_219' title='bbox 2915 1673 3049 1746; x_wconf 90' lang='lat' dir='ltr'>ipso</span> <span class='ocrx_word' id='word_1_220' title='bbox 3080 1675 3227 1734; x_wconf 84' lang='lat' dir='ltr'>ferat</span> <span class='ocrx_word' id='word_1_221' title='bbox 3256 1679 3522 1738; x_wconf 88' lang='lat' dir='ltr'>testimo-</span> 
     </span>
    </p>
   </div>
   <div class='ocr_carea' id='block_1_31' title="bbox 149 1758 1744 1841">
    <p class='ocr_par' dir='ltr' id='par_1_31' title="bbox 149 1764 1744 1841">
     <span class='ocr_line' id='line_1_31' title="bbox 149 1764 1744 1841; baseline -0.003 -21"><span class='ocrx_word' id='word_1_222' title='bbox 149 1771 249 1820; x_wconf 76' lang='grc' dir='ltr'>Καὶ</span> <span class='ocrx_word' id='word_1_223' title='bbox 292 1769 319 1818; x_wconf 88' lang='lat'>6</span> <span class='ocrx_word' id='word_1_224' title='bbox 343 1765 556 1839; x_wconf 73' lang='grc' dir='ltr'>πέμψας</span> <span class='ocrx_word' id='word_1_225' title='bbox 578 1785 642 1839; x_wconf 81' lang='grc' dir='ltr'>με</span> <span class='ocrx_word' id='word_1_226' title='bbox 672 1769 849 1839; x_wconf 84' lang='grc' dir='ltr'>Πατὴρ</span> <span class='ocrx_word' id='word_1_227' title='bbox 882 1765 1019 1837; x_wconf 74' lang='grc'>(34),</span> <span class='ocrx_word' id='word_1_228' title='bbox 1053 1764 1210 1827; x_wconf 69' lang='grc' dir='ltr'>αὐτὸς</span> <span class='ocrx_word' id='word_1_229' title='bbox 1243 1768 1609 1841; x_wconf 70' lang='grc' dir='ltr'>μεμαρτύρηκε</span> <span class='ocrx_word' id='word_1_230' title='bbox 1637 1783 1744 1839; x_wconf 82' lang='grc' dir='ltr'>περι</span> 
     </span>
    </p>
   </div>
   <div class='ocr_carea' id='block_1_32' title="bbox 1934 1758 3529 1841">
    <p class='ocr_par' dir='ltr' id='par_1_32' title="bbox 1934 1758 3529 1840">
     <span class='ocr_line' id='line_1_32' title="bbox 1934 1758 3529 1840; baseline 0.008 -25"><span class='ocrx_word' id='word_1_231' title='bbox 1934 1775 2056 1829; x_wconf 88' lang='lat' dir='ltr'>um,</span> <span class='ocrx_word' id='word_1_232' title='bbox 2085 1758 2185 1814; x_wconf 90' lang='lat' dir='ltr'>ubi</span> <span class='ocrx_word' id='word_1_233' title='bbox 2218 1759 2471 1815; x_wconf 87' lang='lat' dir='ltr'>dicitur:</span> <span class='ocrx_word' id='word_1_234' title='bbox 2524 1761 2601 1816; x_wconf 85' lang='lat' dir='ltr'>Et</span> <span class='ocrx_word' id='word_1_235' title='bbox 2658 1761 2757 1833; x_wconf 83' lang='lat' dir='ltr'>qui</span> <span class='ocrx_word' id='word_1_236' title='bbox 2810 1763 2969 1819; x_wconf 86' lang='lat' dir='ltr'>misit</span> <span class='ocrx_word' id='word_1_237' title='bbox 3020 1781 3108 1821; x_wconf 77' lang='lat' dir='ltr'>me</span> <span class='ocrx_word' id='word_1_238' title='bbox 3165 1768 3372 1835; x_wconf 83' lang='lat' dir='ltr'>Pater,</span> <span class='ocrx_word' id='word_1_239' title='bbox 3402 1770 3529 1840; x_wconf 82' lang='lat' dir='ltr'>ipse</span> 
     </span>
    </p>
   </div>
   <div class='ocr_carea' id='block_1_33' title="bbox 148 1848 1743 1928">
    <p class='ocr_par' dir='ltr' id='par_1_33' title="bbox 148 1854 299 1928">
     <span class='ocr_line' id='line_1_33' title="bbox 148 1854 299 1928; baseline 0.02 -21"><span class='ocrx_word' id='word_1_240' title='bbox 148 1854 299 1928; x_wconf 75' lang='grc' dir='ltr'>ἐμοῦ.</span> 
     </span>
    </p>
   </div>
   <div class='ocr_carea' id='block_1_34' title="bbox 1324 1848 2919 1928">
    <p class='ocr_par' dir='ltr' id='par_1_34' title="bbox 1863 1848 2919 1919">
     <span class='ocr_line' id='line_1_34' title="bbox 1863 1848 2919 1919; baseline 0.004 -14"><span class='ocrx_word' id='word_1_241' title='bbox 1863 1848 2257 1905; x_wconf 85' lang='lat' dir='ltr'>testimonium</span> <span class='ocrx_word' id='word_1_242' title='bbox 2306 1849 2601 1919; x_wconf 82' lang='lat' dir='ltr'>perhibuit</span> <span class='ocrx_word' id='word_1_243' title='bbox 2635 1851 2700 1908; x_wconf 88' lang='lat' dir='ltr'>de</span> <span class='ocrx_word' id='word_1_244' title='bbox 2732 1868 2823 1909; x_wconf 90' lang='lat' dir='ltr'>me</span> <span class='ocrx_word' id='word_1_245' title='bbox 2851 1853 2919 1908; x_wconf 78' lang='grc'>⁵³.</span> 
     </span>
    </p>
   </div>
   <div class='ocr_carea' id='block_1_35' title="bbox 216 1936 1811 2019">
    <p class='ocr_par' dir='ltr' id='par_1_35' title="bbox 216 1940 1750 2019">
     <span class='ocr_line' id='line_1_35' title="bbox 216 1940 1750 2019; baseline -0.003 -21"><span class='ocrx_word' id='word_1_246' title='bbox 216 1943 427 2016; x_wconf 71' lang='grc' dir='ltr'>Ἔλεγον</span> <span class='ocrx_word' id='word_1_247' title='bbox 450 1974 517 1984; x_wconf 89' lang='lat'><strong><em>—</em></strong></span> <span class='ocrx_word' id='word_1_248' title='bbox 540 1951 635 1997; x_wconf 83' lang='grc' dir='ltr'>σοῦ</span> <span class='ocrx_word' id='word_1_249' title='bbox 660 1962 674 2008; x_wconf 79' lang='grc' dir='ltr'>ς</span> <span class='ocrx_word' id='word_1_250' title='bbox 700 1940 904 2017; x_wconf 73' lang='grc' dir='ltr'>Ἔλεγον</span> <span class='ocrx_word' id='word_1_251' title='bbox 924 1950 1074 1996; x_wconf 78' lang='grc' dir='ltr'>τοῦτο</span> <span class='ocrx_word' id='word_1_252' title='bbox 1095 1946 1531 2019; x_wconf 78' lang='grc' dir='ltr'>προσποιούμενοι</span> <span class='ocrx_word' id='word_1_253' title='bbox 1551 1942 1750 2016; x_wconf 72' lang='grc' dir='ltr'>ἀγνοεῖν</span> 
     </span>
    </p>
   </div>
   <div class='ocr_carea' id='block_1_36' title="bbox 1930 1936 3525 2019">
    <p class='ocr_par' dir='ltr' id='par_1_36' title="bbox 1933 1936 3525 2006">
     <span class='ocr_line' id='line_1_36' title="bbox 1933 1936 3525 2006; baseline 0.009 -14"><span class='ocrx_word' id='word_1_254' title='bbox 1933 1940 2092 1993; x_wconf 82' lang='lat' dir='ltr'>Vers.</span> <span class='ocrx_word' id='word_1_255' title='bbox 2144 1936 2228 1995; x_wconf 88' lang='grc'><strong>19.</strong></span> <span class='ocrx_word' id='word_1_256' title='bbox 2260 1939 2559 1996; x_wconf 74' lang='lat' dir='ltr'>Dixerunt</span> <span class='ocrx_word' id='word_1_257' title='bbox 2607 1972 2676 1980; x_wconf 96' lang='lat'><strong><em>—</em></strong></span> <span class='ocrx_word' id='word_1_258' title='bbox 2703 1947 2839 1997; x_wconf 84' lang='lat' dir='ltr'>tuus</span> <span class='ocrx_word' id='word_1_259' title='bbox 2881 1942 2908 1996; x_wconf 86' lang='lat'><strong>?</strong></span> <span class='ocrx_word' id='word_1_260' title='bbox 2938 1943 3225 2002; x_wconf 86' lang='lat' dir='ltr'>Dicebant</span> <span class='ocrx_word' id='word_1_261' title='bbox 3273 1947 3388 2006; x_wconf 91' lang='lat' dir='ltr'>hoc</span> <span class='ocrx_word' id='word_1_262' title='bbox 3412 1950 3525 2006; x_wconf 89' lang='lat' dir='ltr'>ﬁn-</span> 
     </span>
    </p>
   </div>
   <div class='ocr_carea' id='block_1_37' title="bbox 144 2027 1739 2117">
    <p class='ocr_par' dir='ltr' id='par_1_37' title="bbox 144 2034 1179 2109">
     <span class='ocr_line' id='line_1_37' title="bbox 144 2034 1179 2109; baseline 0 -23"><span class='ocrx_word' id='word_1_263' title='bbox 144 2038 271 2086; x_wconf 86' lang='grc' dir='ltr'>τίνα</span> <span class='ocrx_word' id='word_1_264' title='bbox 295 2034 431 2106; x_wconf 68' lang='grc' dir='ltr'>λέγει</span> <span class='ocrx_word' id='word_1_265' title='bbox 458 2036 684 2109; x_wconf 78' lang='grc' dir='ltr'>Πατέρα,</span> <span class='ocrx_word' id='word_1_266' title='bbox 711 2037 802 2086; x_wconf 84' lang='grc' dir='ltr'>καὶ</span> <span class='ocrx_word' id='word_1_267' title='bbox 830 2034 1179 2109; x_wconf 75' lang='grc' dir='ltr'>πειράζοντες.</span> 
     </span>
    </p>
   </div>
   <div class='ocr_carea' id='block_1_38' title="bbox 1935 2027 3530 2117">
    <p class='ocr_par' dir='ltr' id='par_1_38' title="bbox 1938 2027 3530 2117">
     <span class='ocr_line' id='line_1_38' title="bbox 1938 2027 3530 2117; baseline 0.009 -35"><span class='ocrx_word' id='word_1_268' title='bbox 1938 2031 2087 2093; x_wconf 90' lang='lat' dir='ltr'>ntes,</span> <span class='ocrx_word' id='word_1_269' title='bbox 2123 2043 2187 2084; x_wconf 87' lang='lat' dir='ltr'>se</span> <span class='ocrx_word' id='word_1_270' title='bbox 2234 2027 2511 2098; x_wconf 88' lang='lat' dir='ltr'>ignorare</span> <span class='ocrx_word' id='word_1_271' title='bbox 2552 2045 2880 2102; x_wconf 85' lang='lat' dir='ltr'>quemnam</span> <span class='ocrx_word' id='word_1_272' title='bbox 2921 2031 3140 2092; x_wconf 83' lang='lat' dir='ltr'>diceret</span> <span class='ocrx_word' id='word_1_273' title='bbox 3172 2039 3424 2105; x_wconf 81' lang='lat' dir='ltr'>Patrem,</span> <span class='ocrx_word' id='word_1_274' title='bbox 3454 2056 3530 2117; x_wconf 37' lang='lat' dir='ltr'>acl</span> 
     </span>
    </p>
   </div>
   <div class='ocr_carea' id='block_1_39' title="bbox 1862 2121 2175 2174">
    <p class='ocr_par' dir='ltr' id='par_1_39' title="bbox 1862 2121 2175 2174">
     <span class='ocr_line' id='line_1_39' title="bbox 1862 2121 2175 2174; baseline -0.013 -1"><span class='ocrx_word' id='word_1_275' title='bbox 1862 2121 2175 2174; x_wconf 87' lang='lat' dir='ltr'>tentantes.</span> 
     </span>
    </p>
   </div>
   <div class='ocr_carea' id='block_1_40' title="bbox 219 2206 1814 2287">
    <p class='ocr_par' dir='ltr' id='par_1_40' title="bbox 219 2210 1747 2287">
     <span class='ocr_line' id='line_1_40' title="bbox 219 2210 1747 2287; baseline -0.001 -21"><span class='ocrx_word' id='word_1_276' title='bbox 219 2212 503 2286; x_wconf 79' lang='grc' dir='ltr'>’Δπεκρίθη</span> <span class='ocrx_word' id='word_1_277' title='bbox 603 2242 673 2252; x_wconf 93' lang='lat'><strong><em>—</em></strong></span> <span class='ocrx_word' id='word_1_278' title='bbox 754 2231 875 2284; x_wconf 82' lang='grc' dir='ltr'>μου.</span> <span class='ocrx_word' id='word_1_279' title='bbox 1150 2211 1263 2284; x_wconf 78' lang='grc'>(35)</span> <span class='ocrx_word' id='word_1_280' title='bbox 1339 2213 1747 2287; x_wconf 83' lang='grc' dir='ltr'>προσποιεισθε·</span> 
     </span>
    </p>
   </div>
   <div class='ocr_carea' id='block_1_41' title="bbox 1927 2206 3522 2287">
    <p class='ocr_par' dir='ltr' id='par_1_41' title="bbox 1933 2206 3522 2278">
     <span class='ocr_line' id='line_1_41' title="bbox 1933 2206 3522 2278; baseline 0.011 -20"><span class='ocrx_word' id='word_1_281' title='bbox 1933 2206 2077 2262; x_wconf 88' lang='lat' dir='ltr'>Vers</span> <span class='ocrx_word' id='word_1_282' title='bbox 2135 2209 2215 2261; x_wconf 90' lang='lat' dir='ltr'>l9.</span> <span class='ocrx_word' id='word_1_283' title='bbox 2252 2207 2576 2276; x_wconf 82' lang='lat' dir='ltr'>Respondit</span> <span class='ocrx_word' id='word_1_284' title='bbox 2624 2238 2694 2250; x_wconf 94' lang='lat'><strong><em>—</em></strong></span> <span class='ocrx_word' id='word_1_285' title='bbox 2735 2225 2944 2268; x_wconf 88' lang='lat' dir='ltr'>meum.</span> <span class='ocrx_word' id='word_1_286' title='bbox 3001 2213 3522 2278; x_wconf 88' lang='lat' dir='ltr'>Quemadmodum</span> 
     </span>
    </p>
   </div>
   <div class='ocr_carea' id='block_1_42' title="bbox 140 2292 1735 2376">
    <p class='ocr_par' dir='ltr' id='par_1_42' title="bbox 140 2297 1735 2376">
     <span class='ocr_line' id='line_1_42' title="bbox 140 2297 1735 2376; baseline -0.001 -23"><span class='ocrx_word' id='word_1_287' title='bbox 140 2308 204 2374; x_wconf 76' lang='grc' dir='ltr'>τῇ</span> <span class='ocrx_word' id='word_1_288' title='bbox 259 2299 475 2373; x_wconf 77' lang='grc' dir='ltr'>ἀληθείᾳ</span> <span class='ocrx_word' id='word_1_289' title='bbox 498 2303 601 2376; x_wconf 71' lang='grc' dir='ltr'>γὰρ</span> <span class='ocrx_word' id='word_1_290' title='bbox 654 2297 853 2366; x_wconf 81' lang='grc' dir='ltr'>οἴδατε,</span> <span class='ocrx_word' id='word_1_291' title='bbox 887 2303 1057 2362; x_wconf 82' lang='grc' dir='ltr'>καθὼς</span> <span class='ocrx_word' id='word_1_292' title='bbox 1100 2307 1188 2353; x_wconf 81' lang='grc' dir='ltr'>καὶ</span> <span class='ocrx_word' id='word_1_293' title='bbox 1236 2300 1470 2375; x_wconf 73' lang='grc' dir='ltr'>ἀνωτέρω</span> <span class='ocrx_word' id='word_1_294' title='bbox 1515 2297 1735 2359; x_wconf 80' lang='grc' dir='ltr'>δεδηλω-</span> 
     </span>
    </p>
   </div>
   <div class='ocr_carea' id='block_1_43' title="bbox 1928 2292 3523 2376">
    <p class='ocr_par' dir='ltr' id='par_1_43' title="bbox 1928 2292 3523 2373">
     <span class='ocr_line' id='line_1_43' title="bbox 1928 2292 3523 2373; baseline 0.01 -25"><span class='ocrx_word' id='word_1_295' title='bbox 1928 2292 2184 2349; x_wconf 70' lang='lat' dir='ltr'>nulatis:</span> <span class='ocrx_word' id='word_1_296' title='bbox 2216 2309 2360 2349; x_wconf 91' lang='lat' dir='ltr'>nam</span> <span class='ocrx_word' id='word_1_297' title='bbox 2409 2295 2469 2350; x_wconf 88' lang='lat' dir='ltr'>in</span> <span class='ocrx_word' id='word_1_298' title='bbox 2502 2295 2744 2352; x_wconf 87' lang='lat' dir='ltr'>veritate</span> <span class='ocrx_word' id='word_1_299' title='bbox 2772 2300 2980 2366; x_wconf 85' lang='lat' dir='ltr'>nostis,</span> <span class='ocrx_word' id='word_1_300' title='bbox 3004 2304 3523 2373; x_wconf 84' lang='lat' dir='ltr'>quemadmodum</span> 
     </span>
    </p>
   </div>
   <div class='ocr_carea' id='block_1_44' title="bbox 143 2381 3528 2464">
    <p class='ocr_par' dir='ltr' id='par_1_44' title="bbox 143 2381 3528 2464">
     <span class='ocr_line' id='line_1_44' title="bbox 143 2381 3528 2464; baseline 0.005 -23"><span class='ocrx_word' id='word_1_301' title='bbox 143 2409 252 2445; x_wconf 86' lang='grc' dir='ltr'>ται.</span> <span class='ocrx_word' id='word_1_302' title='bbox 306 2388 377 2442; x_wconf 81' lang='grc' dir='ltr'><em>Ἢ</em></span> <span class='ocrx_word' id='word_1_303' title='bbox 425 2397 579 2443; x_wconf 81' lang='grc' dir='ltr'>τοῦτο</span> <span class='ocrx_word' id='word_1_304' title='bbox 636 2387 764 2456; x_wconf 82' lang='grc' dir='ltr'>εἶπε,</span> <span class='ocrx_word' id='word_1_305' title='bbox 820 2386 958 2443; x_wconf 85' lang='grc' dir='ltr'>διότι</span> <span class='ocrx_word' id='word_1_306' title='bbox 1022 2398 1425 2462; x_wconf 71' lang='grc' dir='ltr'>προσεποιοῦντο</span> <span class='ocrx_word' id='word_1_307' title='bbox 1478 2409 1751 2462; x_wconf 76' lang='grc' dir='ltr'>⁴γινωσκειν</span> <span class='ocrx_word' id='word_1_308' title='bbox 1863 2381 2141 2454; x_wconf 79' lang='lat' dir='ltr'>superius</span> <span class='ocrx_word' id='word_1_309' title='bbox 2172 2388 2480 2438; x_wconf 73' lang='grc' dir='ltr'>οεῐθοδυω</span> <span class='ocrx_word' id='word_1_310' title='bbox 2531 2391 2636 2439; x_wconf 64' lang='grc' dir='ltr'>θεῖ·</span> <span class='ocrx_word' id='word_1_311' title='bbox 2693 2386 2809 2442; x_wconf 62' lang='lat' dir='ltr'><strong>Ant</strong></span> <span class='ocrx_word' id='word_1_312' title='bbox 2835 2385 2948 2444; x_wconf 71' lang='grc' dir='ltr'>Ῑιοθ</span> <span class='ocrx_word' id='word_1_313' title='bbox 2973 2387 3313 2464; x_wconf 65' lang='grc' dir='ltr'>ἀίιίίνίίυίδ</span> <span class='ocrx_word' id='word_1_314' title='bbox 3345 2394 3528 2449; x_wconf 70' lang='lat' dir='ltr'>Simu-</span> 
     </span>
    </p>
   </div>
   <div class='ocr_carea' id='block_1_45' title="bbox 140 2469 1735 2554">
    <p class='ocr_par' dir='ltr' id='par_1_45' title="bbox 140 2477 1735 2553">
     <span class='ocr_line' id='line_1_45' title="bbox 140 2477 1735 2553; baseline -0.001 -22"><span class='ocrx_word' id='word_1_315' title='bbox 140 2478 305 2531; x_wconf 71' lang='grc' dir='ltr'>αὐτὸν</span> <span class='ocrx_word' id='word_1_316' title='bbox 357 2482 470 2530; x_wconf 72' lang='grc' dir='ltr'>υἱὸν</span> <span class='ocrx_word' id='word_1_317' title='bbox 519 2487 613 2532; x_wconf 78' lang='grc' dir='ltr'>τοῦ</span> <span class='ocrx_word' id='word_1_318' title='bbox 651 2479 869 2553; x_wconf 73' lang='grc' dir='ltr'>Ἰωσὴφ,</span> <span class='ocrx_word' id='word_1_319' title='bbox 901 2479 1059 2551; x_wconf 78' lang='grc' dir='ltr'>λέγων</span> <span class='ocrx_word' id='word_1_320' title='bbox 1093 2498 1104 2509; x_wconf 90' lang='grc'>·</span> <span class='ocrx_word' id='word_1_321' title='bbox 1140 2480 1200 2533; x_wconf 84' lang='grc' dir='ltr'>Εἰ</span> <span class='ocrx_word' id='word_1_322' title='bbox 1242 2481 1406 2541; x_wconf 73' lang='grc' dir='ltr'>οὕτως</span> <span class='ocrx_word' id='word_1_323' title='bbox 1444 2477 1642 2546; x_wconf 82' lang='grc' dir='ltr'>οῖδατε,</span> <span class='ocrx_word' id='word_1_324' title='bbox 1684 2484 1735 2532; x_wconf 66' lang='grc' dir='ltr'>ὼε</span> 
     </span>
    </p>
   </div>
   <div class='ocr_carea' id='block_1_46' title="bbox 1928 2469 3523 2554">
    <p class='ocr_par' dir='ltr' id='par_1_46' title="bbox 1928 2469 3523 2554">
     <span class='ocr_line' id='line_1_46' title="bbox 1928 2469 3523 2554; baseline 0.009 -29"><span class='ocrx_word' id='word_1_325' title='bbox 1928 2469 2067 2526; x_wconf 90' lang='lat' dir='ltr'>bant</span> <span class='ocrx_word' id='word_1_326' title='bbox 2093 2486 2155 2525; x_wconf 88' lang='lat' dir='ltr'>se</span> <span class='ocrx_word' id='word_1_327' title='bbox 2174 2471 2322 2526; x_wconf 87' lang='lat' dir='ltr'>scire</span> <span class='ocrx_word' id='word_1_328' title='bbox 2348 2471 2513 2542; x_wconf 91' lang='lat' dir='ltr'>quod</span> <span class='ocrx_word' id='word_1_329' title='bbox 2537 2472 2692 2528; x_wconf 92' lang='lat' dir='ltr'>ﬁlius</span> <span class='ocrx_word' id='word_1_330' title='bbox 2718 2480 2873 2530; x_wconf 88' lang='lat' dir='ltr'>esset</span> <span class='ocrx_word' id='word_1_331' title='bbox 2899 2477 3140 2550; x_wconf 84' lang='lat' dir='ltr'>Joseph.</span> <span class='ocrx_word' id='word_1_332' title='bbox 3172 2480 3317 2538; x_wconf 88' lang='lat' dir='ltr'>Dicit</span> <span class='ocrx_word' id='word_1_333' title='bbox 3340 2498 3523 2554; x_wconf 87' lang='lat' dir='ltr'>ergo:</span> 
     </span>
    </p>
   </div>
   <div class='ocr_carea' id='block_1_47' title="bbox 140 2558 1735 2644">
    <p class='ocr_par' dir='ltr' id='par_1_47' title="bbox 140 2566 1735 2644">
     <span class='ocr_line' id='line_1_47' title="bbox 140 2566 1735 2644; baseline 0.001 -23"><span class='ocrx_word' id='word_1_334' title='bbox 140 2569 545 2643; x_wconf 75' lang='grc' dir='ltr'>προσποιεῖσθε,</span> <span class='ocrx_word' id='word_1_335' title='bbox 589 2568 723 2621; x_wconf 77' lang='grc' dir='ltr'>Οὔτε</span> <span class='ocrx_word' id='word_1_336' title='bbox 760 2567 848 2641; x_wconf 62' lang='grc' dir='ltr'>ἐμὲ</span> <span class='ocrx_word' id='word_1_337' title='bbox 901 2566 1080 2623; x_wconf 80' lang='grc' dir='ltr'>οἴδατε</span> <span class='ocrx_word' id='word_1_338' title='bbox 1102 2587 1115 2600; x_wconf 86' lang='grc'><strong>·</strong></span> <span class='ocrx_word' id='word_1_339' title='bbox 1146 2569 1208 2621; x_wconf 87' lang='grc' dir='ltr'>ού</span> <span class='ocrx_word' id='word_1_340' title='bbox 1237 2572 1335 2644; x_wconf 75' lang='grc' dir='ltr'>γὰρ</span> <span class='ocrx_word' id='word_1_341' title='bbox 1377 2571 1472 2641; x_wconf 77' lang='grc' dir='ltr'>ἐγὼ</span> <span class='ocrx_word' id='word_1_342' title='bbox 1503 2572 1615 2632; x_wconf 80' lang='grc' dir='ltr'>υἱὸς</span> <span class='ocrx_word' id='word_1_343' title='bbox 1660 2577 1735 2622; x_wconf 66' lang='grc' dir='ltr'>τοι</span> 
     </span>
    </p>
   </div>
   <div class='ocr_carea' id='block_1_48' title="bbox 1926 2558 3521 2644">
    <p class='ocr_par' dir='ltr' id='par_1_48' title="bbox 1952 2559 3521 2639">
     <span class='ocr_line' id='line_1_48' title="bbox 1952 2559 3521 2639; baseline 0.008 -25"><span class='ocrx_word' id='word_1_344' title='bbox 1952 2575 2046 2615; x_wconf 91' lang='lat' dir='ltr'>me</span> <span class='ocrx_word' id='word_1_345' title='bbox 2078 2559 2161 2615; x_wconf 89' lang='lat' dir='ltr'>ita</span> <span class='ocrx_word' id='word_1_346' title='bbox 2185 2560 2567 2630; x_wconf 83' lang='lat' dir='ltr'>cognoscitis,</span> <span class='ocrx_word' id='word_1_347' title='bbox 2599 2566 2663 2618; x_wconf 89' lang='lat' dir='ltr'>ut</span> <span class='ocrx_word' id='word_1_348' title='bbox 2690 2563 2933 2633; x_wconf 84' lang='lat' dir='ltr'>ﬁngitis,</span> <span class='ocrx_word' id='word_1_349' title='bbox 2974 2581 3159 2639; x_wconf 84' lang='lat' dir='ltr'>neque</span> <span class='ocrx_word' id='word_1_350' title='bbox 3186 2585 3276 2625; x_wconf 80' lang='lat' dir='ltr'>me</span> <span class='ocrx_word' id='word_1_351' title='bbox 3290 2576 3475 2628; x_wconf 83' lang='lat' dir='ltr'>nostis</span> <span class='ocrx_word' id='word_1_352' title='bbox 3508 2590 3521 2639; x_wconf 91' lang='lat'>;</span> 
     </span>
    </p>
   </div>
   <div class='ocr_carea' id='block_1_49' title="bbox 141 2649 1736 2734">
    <p class='ocr_par' dir='ltr' id='par_1_49' title="bbox 141 2658 1736 2734">
     <span class='ocr_line' id='line_1_49' title="bbox 141 2658 1736 2734; baseline 0 -24"><span class='ocrx_word' id='word_1_353' title='bbox 141 2659 347 2729; x_wconf 73' lang='grc' dir='ltr'>Ἰωσήφ</span> <span class='ocrx_word' id='word_1_354' title='bbox 379 2675 391 2687; x_wconf 79' lang='grc'><em>”</em></span> <span class='ocrx_word' id='word_1_355' title='bbox 425 2659 543 2709; x_wconf 79' lang='grc' dir='ltr'>οὔτε</span> <span class='ocrx_word' id='word_1_356' title='bbox 576 2661 662 2709; x_wconf 87' lang='grc' dir='ltr'>τὸν</span> <span class='ocrx_word' id='word_1_357' title='bbox 693 2660 899 2733; x_wconf 77' lang='grc' dir='ltr'>Πατέρα</span> <span class='ocrx_word' id='word_1_358' title='bbox 926 2677 1027 2731; x_wconf 77' lang='grc' dir='ltr'>μου</span> <span class='ocrx_word' id='word_1_359' title='bbox 1054 2678 1065 2689; x_wconf 93' lang='grc'><strong>·</strong></span> <span class='ocrx_word' id='word_1_360' title='bbox 1098 2658 1209 2730; x_wconf 84' lang='grc'>(36)</span> <span class='ocrx_word' id='word_1_361' title='bbox 1255 2658 1313 2710; x_wconf 77' lang='grc' dir='ltr'>ού</span> <span class='ocrx_word' id='word_1_362' title='bbox 1352 2664 1453 2734; x_wconf 76' lang='grc' dir='ltr'>γὰρ</span> <span class='ocrx_word' id='word_1_363' title='bbox 1499 2660 1525 2710; x_wconf 90' lang='lat'>6</span> <span class='ocrx_word' id='word_1_364' title='bbox 1557 2660 1736 2731; x_wconf 69' lang='grc' dir='ltr'>Ἰωσής</span> 
     </span>
    </p>
   </div>
   <div class='ocr_carea' id='block_1_50' title="bbox 1927 2649 3522 2734">
    <p class='ocr_par' dir='ltr' id='par_1_50' title="bbox 1927 2649 3522 2730">
     <span class='ocr_line' id='line_1_50' title="bbox 1927 2649 3522 2730; baseline 0.01 -28"><span class='ocrx_word' id='word_1_365' title='bbox 1927 2664 1982 2702; x_wconf 86' lang='lat' dir='ltr'>m</span> <span class='ocrx_word' id='word_1_366' title='bbox 2004 2665 2137 2703; x_wconf 90' lang='lat' dir='ltr'>sum</span> <span class='ocrx_word' id='word_1_367' title='bbox 2164 2649 2320 2704; x_wconf 88' lang='lat' dir='ltr'>enim</span> <span class='ocrx_word' id='word_1_368' title='bbox 2343 2649 2494 2705; x_wconf 85' lang='lat' dir='ltr'>ﬁlius</span> <span class='ocrx_word' id='word_1_369' title='bbox 2512 2651 2732 2724; x_wconf 71' lang='lat' dir='ltr'>Ioseph</span> <span class='ocrx_word' id='word_1_370' title='bbox 2765 2672 2777 2711; x_wconf 91' lang='lat'><strong>:</strong></span> <span class='ocrx_word' id='word_1_371' title='bbox 2802 2669 2997 2727; x_wconf 91' lang='lat' dir='ltr'>neque</span> <span class='ocrx_word' id='word_1_372' title='bbox 3031 2660 3255 2714; x_wconf 81' lang='lat' dir='ltr'>Patrem</span> <span class='ocrx_word' id='word_1_373' title='bbox 3291 2676 3482 2717; x_wconf 86' lang='lat' dir='ltr'>meum</span> <span class='ocrx_word' id='word_1_374' title='bbox 3509 2680 3522 2730; x_wconf 90' lang='lat'><strong>;</strong></span> 
     </span>
    </p>
   </div>
   <div class='ocr_carea' id='block_1_51' title="bbox 139 2738 1734 2820">
    <p class='ocr_par' dir='ltr' id='par_1_51' title="bbox 139 2750 478 2820">
     <span class='ocr_line' id='line_1_51' title="bbox 139 2750 478 2820; baseline 0.006 -21"><span class='ocrx_word' id='word_1_375' title='bbox 139 2750 323 2820; x_wconf 75' lang='grc' dir='ltr'>πατήρ</span> <span class='ocrx_word' id='word_1_376' title='bbox 355 2765 478 2818; x_wconf 79' lang='grc' dir='ltr'>μου.</span> 
     </span>
    </p>
   </div>
   <div class='ocr_carea' id='block_1_52' title="bbox 1356 2738 2951 2820">
    <p class='ocr_par' dir='ltr' id='par_1_52' title="bbox 1861 2738 2951 2809">
     <span class='ocr_line' id='line_1_52' title="bbox 1861 2738 2951 2809; baseline 0.005 -16"><span class='ocrx_word' id='word_1_377' title='bbox 1861 2753 2007 2794; x_wconf 90' lang='lat' dir='ltr'>nam</span> <span class='ocrx_word' id='word_1_378' title='bbox 2040 2738 2261 2809; x_wconf 85' lang='lat' dir='ltr'>Joseph</span> <span class='ocrx_word' id='word_1_379' title='bbox 2294 2754 2415 2794; x_wconf 91' lang='lat' dir='ltr'>non</span> <span class='ocrx_word' id='word_1_380' title='bbox 2442 2744 2532 2794; x_wconf 90' lang='lat' dir='ltr'>est</span> <span class='ocrx_word' id='word_1_381' title='bbox 2559 2740 2730 2795; x_wconf 88' lang='lat' dir='ltr'>Pater</span> <span class='ocrx_word' id='word_1_382' title='bbox 2761 2758 2951 2798; x_wconf 88' lang='lat' dir='ltr'>meus.</span> 
     </span>
    </p>
   </div>
   <div class='ocr_carea' id='block_1_53' title="bbox 214 2826 1809 2911">
    <p class='ocr_par' dir='ltr' id='par_1_53' title="bbox 214 2832 1753 2911">
     <span class='ocr_line' id='line_1_53' title="bbox 214 2832 1753 2911; baseline 0 -23"><span class='ocrx_word' id='word_1_383' title='bbox 214 2834 281 2888; x_wconf 75' lang='grc' dir='ltr'>Εἰ</span> <span class='ocrx_word' id='word_1_384' title='bbox 308 2866 380 2875; x_wconf 90' lang='lat'><strong><em>—</em></strong></span> <span class='ocrx_word' id='word_1_385' title='bbox 406 2832 584 2908; x_wconf 76' lang='grc' dir='ltr'>ᾔδειτε</span> <span class='ocrx_word' id='word_1_386' title='bbox 611 2836 701 2892; x_wconf 87' lang='grc' dir='ltr'>οἶν.</span> <span class='ocrx_word' id='word_1_387' title='bbox 747 2842 888 2898; x_wconf 82' lang='grc' dir='ltr'>Μιᾶς</span> <span class='ocrx_word' id='word_1_388' title='bbox 928 2838 1026 2911; x_wconf 75' lang='grc' dir='ltr'>γὰρ</span> <span class='ocrx_word' id='word_1_389' title='bbox 1077 2834 1354 2911; x_wconf 68' lang='grc' dir='ltr'>ἀμφότεροι</span> <span class='ocrx_word' id='word_1_390' title='bbox 1398 2840 1618 2909; x_wconf 75' lang='grc' dir='ltr'>φύσεως.</span> <span class='ocrx_word' id='word_1_391' title='bbox 1658 2840 1753 2889; x_wconf 83' lang='grc' dir='ltr'>Καὶ</span> 
     </span>
    </p>
   </div>
   <div class='ocr_carea' id='block_1_54' title="bbox 1928 2826 3523 2911">
    <p class='ocr_par' dir='ltr' id='par_1_54' title="bbox 1936 2826 3523 2900">
     <span class='ocr_line' id='line_1_54' title="bbox 1936 2826 3523 2900; baseline 0.009 -19"><span class='ocrx_word' id='word_1_392' title='bbox 1936 2828 2092 2882; x_wconf 85' lang='lat' dir='ltr'>Vers.</span> <span class='ocrx_word' id='word_1_393' title='bbox 2131 2831 2210 2882; x_wconf 88' lang='grc'><strong>19.</strong></span> <span class='ocrx_word' id='word_1_394' title='bbox 2245 2826 2314 2883; x_wconf 85' lang='lat' dir='ltr'>Si</span> <span class='ocrx_word' id='word_1_395' title='bbox 2341 2858 2410 2868; x_wconf 90' lang='lat'>—</span> <span class='ocrx_word' id='word_1_396' title='bbox 2441 2828 2641 2899; x_wconf 80' lang='lat' dir='ltr'>utique</span> <span class='ocrx_word' id='word_1_397' title='bbox 2687 2833 3120 2900; x_wconf 73' lang='lat' dir='ltr'>cognovissetis.</span> <span class='ocrx_word' id='word_1_398' title='bbox 3156 2840 3302 2893; x_wconf 89' lang='lat' dir='ltr'>Nam</span> <span class='ocrx_word' id='word_1_399' title='bbox 3352 2839 3523 2895; x_wconf 90' lang='lat' dir='ltr'>unius</span> 
     </span>
    </p>
   </div>
   <div class='ocr_carea' id='block_1_55' title="bbox 142 2914 1737 3001">
    <p class='ocr_par' dir='ltr' id='par_1_55' title="bbox 142 2920 1737 3001">
     <span class='ocr_line' id='line_1_55' title="bbox 142 2920 1737 3001; baseline 0.001 -25"><span class='ocrx_word' id='word_1_400' title='bbox 142 2923 195 2976; x_wconf 74' lang='grc' dir='ltr'>ἐν</span> <span class='ocrx_word' id='word_1_401' title='bbox 236 2931 310 2992; x_wconf 83' lang='grc' dir='ltr'>τῷ</span> <span class='ocrx_word' id='word_1_402' title='bbox 359 2920 713 2995; x_wconf 72' lang='grc' dir='ltr'>ἑκκαιδεκάτῳ</span> <span class='ocrx_word' id='word_1_403' title='bbox 767 2920 826 2977; x_wconf 73' lang='grc' dir='ltr'>δε</span> <span class='ocrx_word' id='word_1_404' title='bbox 873 2925 1129 2997; x_wconf 77' lang='grc' dir='ltr'>κεφαλαίῳ</span> <span class='ocrx_word' id='word_1_405' title='bbox 1184 2930 1310 3001; x_wconf 85' lang='grc' dir='ltr'>πρὸς</span> <span class='ocrx_word' id='word_1_406' title='bbox 1372 2929 1459 2978; x_wconf 87' lang='grc' dir='ltr'>τὸν</span> <span class='ocrx_word' id='word_1_407' title='bbox 1504 2925 1737 2979; x_wconf 67' lang='grc' dir='ltr'>Φίλιπποι</span> 
     </span>
    </p>
   </div>
   <div class='ocr_carea' id='block_1_56' title="bbox 1930 2914 3525 3001">
    <p class='ocr_par' dir='ltr' id='par_1_56' title="bbox 1930 2914 3525 2999">
     <span class='ocr_line' id='line_1_56' title="bbox 1930 2914 3525 2999; baseline 0.01 -30"><span class='ocrx_word' id='word_1_408' title='bbox 1930 2931 2073 2970; x_wconf 88' lang='lat' dir='ltr'>mus</span> <span class='ocrx_word' id='word_1_409' title='bbox 2104 2914 2288 2971; x_wconf 92' lang='lat' dir='ltr'>ambo</span> <span class='ocrx_word' id='word_1_410' title='bbox 2312 2921 2556 2972; x_wconf 72' lang='lat' dir='ltr'>naturae.</span> <span class='ocrx_word' id='word_1_411' title='bbox 2585 2919 2649 2972; x_wconf 90' lang='lat' dir='ltr'>ln</span> <span class='ocrx_word' id='word_1_412' title='bbox 2676 2917 2911 2975; x_wconf 90' lang='lat' dir='ltr'>decimo</span> <span class='ocrx_word' id='word_1_413' title='bbox 2940 2928 3101 2977; x_wconf 80' lang='lat' dir='ltr'>sexto</span> <span class='ocrx_word' id='word_1_414' title='bbox 3128 2924 3307 2982; x_wconf 88' lang='lat' dir='ltr'>etiam</span> <span class='ocrx_word' id='word_1_415' title='bbox 3330 2934 3525 2999; x_wconf 83' lang='lat' dir='ltr'>capite</span> 
     </span>
    </p>
   </div>
   <div class='ocr_carea' id='block_1_57' title="bbox 138 3002 1733 3088">
    <p class='ocr_par' dir='ltr' id='par_1_57' title="bbox 138 3011 1730 3088">
     <span class='ocr_line' id='line_1_57' title="bbox 138 3011 1730 3088; baseline 0.001 -23"><span class='ocrx_word' id='word_1_416' title='bbox 138 3016 352 3086; x_wconf 75' lang='grc' dir='ltr'>εἴρηκεν</span> <span class='ocrx_word' id='word_1_417' title='bbox 386 3031 399 3044; x_wconf 88' lang='grc'><strong>·</strong></span> <span class='ocrx_word' id='word_1_418' title='bbox 475 3011 534 3065; x_wconf 80' lang='grc' dir='ltr'>Ὀ</span> <span class='ocrx_word' id='word_1_419' title='bbox 592 3012 830 3085; x_wconf 79' lang='grc' dir='ltr'>ἑωρακὼς</span> <span class='ocrx_word' id='word_1_420' title='bbox 897 3012 1003 3086; x_wconf 75' lang='grc' dir='ltr'>ἔμε,</span> <span class='ocrx_word' id='word_1_421' title='bbox 1093 3013 1283 3088; x_wconf 79' lang='grc' dir='ltr'>ἑώρακε</span> <span class='ocrx_word' id='word_1_422' title='bbox 1360 3019 1447 3069; x_wconf 82' lang='grc' dir='ltr'>τὸν</span> <span class='ocrx_word' id='word_1_423' title='bbox 1531 3019 1730 3088; x_wconf 80' lang='grc' dir='ltr'>Πατέρα</span> 
     </span>
    </p>
   </div>
   <div class='ocr_carea' id='block_1_58' title="bbox 1926 3002 3521 3088">
    <p class='ocr_par' dir='ltr' id='par_1_58' title="bbox 1930 3002 3521 3087">
     <span class='ocr_line' id='line_1_58' title="bbox 1930 3002 3521 3087; baseline 0.009 -29"><span class='ocrx_word' id='word_1_424' title='bbox 1930 3003 2007 3058; x_wconf 83' lang='lat' dir='ltr'>xit</span> <span class='ocrx_word' id='word_1_425' title='bbox 2032 3004 2107 3060; x_wconf 89' lang='lat' dir='ltr'>ad</span> <span class='ocrx_word' id='word_1_426' title='bbox 2122 3002 2457 3076; x_wconf 87' lang='lat' dir='ltr'>Philippum</span> <span class='ocrx_word' id='word_1_427' title='bbox 2474 3022 2486 3059; x_wconf 91' lang='lat'>:</span> <span class='ocrx_word' id='word_1_428' title='bbox 2506 3006 2619 3072; x_wconf 86' lang='lat' dir='ltr'>Qui</span> <span class='ocrx_word' id='word_1_429' title='bbox 2644 3007 2790 3063; x_wconf 83' lang='lat' dir='ltr'>vidit</span> <span class='ocrx_word' id='word_1_430' title='bbox 2808 3024 2920 3076; x_wconf 91' lang='lat' dir='ltr'>me,</span> <span class='ocrx_word' id='word_1_431' title='bbox 2952 3012 3092 3067; x_wconf 83' lang='lat' dir='ltr'>vidit</span> <span class='ocrx_word' id='word_1_432' title='bbox 3111 3020 3162 3069; x_wconf 86' lang='lat' dir='ltr'>et</span> <span class='ocrx_word' id='word_1_433' title='bbox 3186 3017 3424 3074; x_wconf 78' lang='lat' dir='ltr'>Patrem</span> <span class='ocrx_word' id='word_1_434' title='bbox 3453 3020 3521 3087; x_wconf 72' lang='grc'>⁸⁸,</span> 
     </span>
    </p>
   </div>
   <div class='ocr_carea' id='block_1_59' title="bbox 140 3093 1735 3180">
    <p class='ocr_par' dir='ltr' id='par_1_59' title="bbox 140 3100 1735 3179">
     <span class='ocr_line' id='line_1_59' title="bbox 140 3100 1735 3179; baseline 0 -24"><span class='ocrx_word' id='word_1_435' title='bbox 140 3105 312 3174; x_wconf 69' lang='grc' dir='ltr'>ἤγουν</span> <span class='ocrx_word' id='word_1_436' title='bbox 344 3102 371 3153; x_wconf 93' lang='lat'>6</span> <span class='ocrx_word' id='word_1_437' title='bbox 415 3106 686 3167; x_wconf 72' lang='grc' dir='ltr'>νενοηκὼς,</span> <span class='ocrx_word' id='word_1_438' title='bbox 735 3103 760 3154; x_wconf 92' lang='lat'>6</span> <span class='ocrx_word' id='word_1_439' title='bbox 802 3106 972 3174; x_wconf 79' lang='grc' dir='ltr'>γνούς.</span> <span class='ocrx_word' id='word_1_440' title='bbox 1025 3100 1249 3161; x_wconf 84' lang='grc' dir='ltr'>Εῖδησιν</span> <span class='ocrx_word' id='word_1_441' title='bbox 1289 3108 1389 3178; x_wconf 72' lang='grc' dir='ltr'>γὰρ</span> <span class='ocrx_word' id='word_1_442' title='bbox 1442 3109 1531 3157; x_wconf 86' lang='grc' dir='ltr'>καὶ</span> <span class='ocrx_word' id='word_1_443' title='bbox 1569 3106 1735 3179; x_wconf 70' lang='grc' dir='ltr'>ὅρασιι</span> 
     </span>
    </p>
   </div>
   <div class='ocr_carea' id='block_1_60' title="bbox 1928 3093 3523 3180">
    <p class='ocr_par' dir='ltr' id='par_1_60' title="bbox 1928 3094 3523 3179">
     <span class='ocr_line' id='line_1_60' title="bbox 1928 3094 3523 3179; baseline 0.01 -31"><span class='ocrx_word' id='word_1_444' title='bbox 1928 3108 1991 3148; x_wconf 93' lang='lat' dir='ltr'>ve</span> <span class='ocrx_word' id='word_1_445' title='bbox 2043 3094 2340 3165; x_wconf 83' lang='lat' dir='ltr'>cognovit,</span> <span class='ocrx_word' id='word_1_446' title='bbox 2373 3094 2673 3151; x_wconf 86' lang='lat' dir='ltr'>intellexit.</span> <span class='ocrx_word' id='word_1_447' title='bbox 2722 3100 2868 3153; x_wconf 88' lang='lat' dir='ltr'>Nam</span> <span class='ocrx_word' id='word_1_448' title='bbox 2909 3099 3200 3158; x_wconf 88' lang='lat' dir='ltr'>visionem</span> <span class='ocrx_word' id='word_1_449' title='bbox 3231 3110 3287 3160; x_wconf 91' lang='lat' dir='ltr'>et</span> <span class='ocrx_word' id='word_1_450' title='bbox 3323 3108 3523 3179; x_wconf 87' lang='lat' dir='ltr'>cogni-</span> 
     </span>
    </p>
   </div>
   <div class='ocr_carea' id='block_1_61' title="bbox 136 3181 1731 3266">
    <p class='ocr_par' dir='ltr' id='par_1_61' title="bbox 136 3188 1730 3266">
     <span class='ocr_line' id='line_1_61' title="bbox 136 3188 1730 3266; baseline 0.003 -24"><span class='ocrx_word' id='word_1_451' title='bbox 136 3190 241 3243; x_wconf 72' lang='grc' dir='ltr'>οὐκ</span> <span class='ocrx_word' id='word_1_452' title='bbox 288 3190 548 3248; x_wconf 59' lang='grc' dir='ltr'>αἰσῦητήν</span> <span class='ocrx_word' id='word_1_453' title='bbox 583 3209 759 3262; x_wconf 77' lang='grc' dir='ltr'>φησιν,</span> <span class='ocrx_word' id='word_1_454' title='bbox 794 3188 922 3243; x_wconf 77' lang='grc' dir='ltr'>ἀλλὰ</span> <span class='ocrx_word' id='word_1_455' title='bbox 950 3196 1158 3251; x_wconf 79' lang='grc' dir='ltr'>νοητήν,</span> <span class='ocrx_word' id='word_1_456' title='bbox 1190 3191 1327 3245; x_wconf 79' lang='grc' dir='ltr'>Ἐπεὶ</span> <span class='ocrx_word' id='word_1_457' title='bbox 1360 3190 1418 3245; x_wconf 74' lang='grc' dir='ltr'>δε</span> <span class='ocrx_word' id='word_1_458' title='bbox 1464 3192 1549 3265; x_wconf 69' lang='grc' dir='ltr'>ἐμὲ</span> <span class='ocrx_word' id='word_1_459' title='bbox 1592 3213 1730 3266; x_wconf 84' lang='grc' dir='ltr'>προσ</span> 
     </span>
    </p>
   </div>
   <div class='ocr_carea' id='block_1_62' title="bbox 1928 3181 3523 3266">
    <p class='ocr_par' dir='ltr' id='par_1_62' title="bbox 1928 3182 3523 3262">
     <span class='ocr_line' id='line_1_62' title="bbox 1928 3182 3523 3262; baseline 0.011 -24"><span class='ocrx_word' id='word_1_460' title='bbox 1928 3182 2243 3239; x_wconf 76' lang='lat' dir='ltr'>)nemdicit</span> <span class='ocrx_word' id='word_1_461' title='bbox 2262 3199 2384 3240; x_wconf 85' lang='lat' dir='ltr'>non</span> <span class='ocrx_word' id='word_1_462' title='bbox 2404 3184 2762 3251; x_wconf 91' lang='lat' dir='ltr'>sensibilem,</span> <span class='ocrx_word' id='word_1_463' title='bbox 2793 3186 2898 3243; x_wconf 89' lang='lat' dir='ltr'>sed</span> <span class='ocrx_word' id='word_1_464' title='bbox 2927 3189 3378 3262; x_wconf 89' lang='lat' dir='ltr'>intelligihilem.</span> <span class='ocrx_word' id='word_1_465' title='bbox 3409 3198 3523 3255; x_wconf 93' lang='lat' dir='ltr'>Sed</span> 
     </span>
    </p>
   </div>
   <div class='ocr_carea' id='block_1_63' title="bbox 136 3270 1731 3356">
    <p class='ocr_par' dir='ltr' id='par_1_63' title="bbox 136 3275 1731 3356">
     <span class='ocr_line' id='line_1_63' title="bbox 136 3275 1731 3356; baseline 0.001 -25"><span class='ocrx_word' id='word_1_466' title='bbox 136 3280 387 3331; x_wconf 79' lang='grc' dir='ltr'>ποιεῖσθε</span> <span class='ocrx_word' id='word_1_467' title='bbox 432 3283 503 3350; x_wconf 80' lang='grc' dir='ltr'><strong><em>μὴ</em></strong></span> <span class='ocrx_word' id='word_1_468' title='bbox 553 3275 766 3348; x_wconf 80' lang='grc' dir='ltr'>εἰδέναι,</span> <span class='ocrx_word' id='word_1_469' title='bbox 811 3278 1102 3342; x_wconf 74' lang='grc' dir='ltr'>ἰαολούθως</span> <span class='ocrx_word' id='word_1_470' title='bbox 1144 3286 1234 3333; x_wconf 85' lang='grc' dir='ltr'>καὶ</span> <span class='ocrx_word' id='word_1_471' title='bbox 1282 3285 1367 3334; x_wconf 87' lang='grc' dir='ltr'>τὸν</span> <span class='ocrx_word' id='word_1_472' title='bbox 1414 3287 1617 3356; x_wconf 82' lang='grc' dir='ltr'>Πατέρα</span> <span class='ocrx_word' id='word_1_473' title='bbox 1651 3303 1731 3356; x_wconf 70' lang='grc' dir='ltr'>μοτ</span> 
     </span>
    </p>
   </div>
   <div class='ocr_carea' id='block_1_64' title="bbox 1929 3270 3524 3356">
    <p class='ocr_par' dir='ltr' id='par_1_64' title="bbox 1929 3270 3524 3353">
     <span class='ocr_line' id='line_1_64' title="bbox 1929 3270 3524 3353; baseline 0.011 -28"><span class='ocrx_word' id='word_1_474' title='bbox 1929 3270 2007 3327; x_wconf 77' lang='lat' dir='ltr'>iia</span> <span class='ocrx_word' id='word_1_475' title='bbox 2021 3287 2249 3327; x_wconf 91' lang='lat' dir='ltr'>menon</span> <span class='ocrx_word' id='word_1_476' title='bbox 2265 3288 2432 3327; x_wconf 90' lang='lat' dir='ltr'>nosse</span> <span class='ocrx_word' id='word_1_477' title='bbox 2462 3288 2569 3328; x_wconf 86' lang='lat' dir='ltr'>vos</span> <span class='ocrx_word' id='word_1_478' title='bbox 2600 3272 2912 3342; x_wconf 83' lang='lat' dir='ltr'>simulatis,</span> <span class='ocrx_word' id='word_1_479' title='bbox 2937 3294 3316 3353; x_wconf 88' lang='lat' dir='ltr'>consequens</span> <span class='ocrx_word' id='word_1_480' title='bbox 3345 3286 3524 3343; x_wconf 90' lang='lat' dir='ltr'>etiam</span> 
     </span>
    </p>
   </div>
   <div class='ocr_carea' id='block_1_65' title="bbox 134 3361 1729 3443">
    <p class='ocr_par' dir='ltr' id='par_1_65' title="bbox 134 3364 863 3443">
     <span class='ocr_line' id='line_1_65' title="bbox 134 3364 863 3443; baseline 0 -22"><span class='ocrx_word' id='word_1_481' title='bbox 134 3368 525 3443; x_wconf 80' lang='grc' dir='ltr'>προσποιεῖσθε</span> <span class='ocrx_word' id='word_1_482' title='bbox 544 3372 617 3439; x_wconf 82' lang='grc' dir='ltr'><em>μὴ</em></span> <span class='ocrx_word' id='word_1_483' title='bbox 652 3364 863 3421; x_wconf 79' lang='grc' dir='ltr'>εἰδέναι.</span> 
     </span>
    </p>
   </div>
   <div class='ocr_carea' id='block_1_66' title="bbox 1819 3361 3414 3443">
    <p class='ocr_par' dir='ltr' id='par_1_66' title="bbox 1864 3361 3414 3441">
     <span class='ocr_line' id='line_1_66' title="bbox 1864 3361 3414 3441; baseline 0.007 -26"><span class='ocrx_word' id='word_1_484' title='bbox 1864 3364 1952 3416; x_wconf 89' lang='lat' dir='ltr'>est</span> <span class='ocrx_word' id='word_1_485' title='bbox 1982 3365 2044 3416; x_wconf 91' lang='lat' dir='ltr'>ut</span> <span class='ocrx_word' id='word_1_486' title='bbox 2068 3366 2123 3417; x_wconf 92' lang='lat' dir='ltr'>et</span> <span class='ocrx_word' id='word_1_487' title='bbox 2154 3361 2385 3417; x_wconf 87' lang='lat' dir='ltr'>Patrem</span> <span class='ocrx_word' id='word_1_488' title='bbox 2423 3378 2625 3418; x_wconf 91' lang='lat' dir='ltr'>meum</span> <span class='ocrx_word' id='word_1_489' title='bbox 2656 3380 2764 3420; x_wconf 83' lang='lat' dir='ltr'>vos</span> <span class='ocrx_word' id='word_1_490' title='bbox 2796 3380 2917 3422; x_wconf 91' lang='lat' dir='ltr'>non</span> <span class='ocrx_word' id='word_1_491' title='bbox 2950 3382 3125 3424; x_wconf 89' lang='lat' dir='ltr'>nosse</span> <span class='ocrx_word' id='word_1_492' title='bbox 3155 3370 3414 3441; x_wconf 87' lang='lat' dir='ltr'>ﬁngatis.</span> 
     </span>
    </p>
   </div>
   <div class='ocr_carea' id='block_1_67' title="bbox 209 3449 1804 3534">
    <p class='ocr_par' dir='ltr' id='par_1_67' title="bbox 209 3457 1751 3534">
     <span class='ocr_line' id='line_1_67' title="bbox 209 3457 1751 3534; baseline 0.002 -24"><span class='ocrx_word' id='word_1_493' title='bbox 209 3464 402 3510; x_wconf 79' lang='grc' dir='ltr'>Ταῦτα</span> <span class='ocrx_word' id='word_1_494' title='bbox 443 3486 512 3497; x_wconf 92' lang='grc'><strong>-</strong></span> <span class='ocrx_word' id='word_1_495' title='bbox 555 3457 945 3530; x_wconf 68' lang='grc' dir='ltr'>γαζοφυλακίῳ.</span> <span class='ocrx_word' id='word_1_496' title='bbox 987 3465 1165 3511; x_wconf 79' lang='grc' dir='ltr'>Ταῦτα</span> <span class='ocrx_word' id='word_1_497' title='bbox 1210 3462 1275 3511; x_wconf 81' lang='grc' dir='ltr'>τὰ</span> <span class='ocrx_word' id='word_1_498' title='bbox 1303 3458 1751 3534; x_wconf 77' lang='grc' dir='ltr'>παρῤησιαστικά.</span> 
     </span>
    </p>
   </div>
   <div class='ocr_carea' id='block_1_68' title="bbox 1927 3449 3522 3534">
    <p class='ocr_par' dir='ltr' id='par_1_68' title="bbox 1934 3449 3522 3525">
     <span class='ocr_line' id='line_1_68' title="bbox 1934 3449 3522 3525; baseline 0.011 -21"><span class='ocrx_word' id='word_1_499' title='bbox 1934 3449 2096 3506; x_wconf 88' lang='lat' dir='ltr'>Vers.</span> <span class='ocrx_word' id='word_1_500' title='bbox 2128 3449 2216 3504; x_wconf 79' lang='grc'>20.</span> <span class='ocrx_word' id='word_1_501' title='bbox 2265 3450 2411 3507; x_wconf 58' lang='lat' dir='ltr'>Haec</span> <span class='ocrx_word' id='word_1_502' title='bbox 2440 3482 2509 3492; x_wconf 90' lang='lat'>—</span> <span class='ocrx_word' id='word_1_503' title='bbox 2551 3453 2985 3525; x_wconf 80' lang='lat' dir='ltr'>gazophylacio.</span> <span class='ocrx_word' id='word_1_504' title='bbox 3015 3456 3146 3515; x_wconf 84' lang='lat' dir='ltr'>Haec</span> <span class='ocrx_word' id='word_1_505' title='bbox 3172 3460 3356 3518; x_wconf 89' lang='lat' dir='ltr'>verba</span> <span class='ocrx_word' id='word_1_506' title='bbox 3376 3463 3522 3521; x_wconf 87' lang='lat' dir='ltr'>libe-</span> 
     </span>
    </p>
   </div>
   <div class='ocr_carea' id='block_1_69' title="bbox 134 3537 1729 3625">
    <p class='ocr_par' dir='ltr' id='par_1_69' title="bbox 134 3545 1729 3625">
     <span class='ocr_line' id='line_1_69' title="bbox 134 3545 1729 3625; baseline 0.002 -25"><span class='ocrx_word' id='word_1_507' title='bbox 134 3550 534 3617; x_wconf 76' lang='grc' dir='ltr'>Επεσημήνατο</span> <span class='ocrx_word' id='word_1_508' title='bbox 572 3549 674 3620; x_wconf 73' lang='grc' dir='ltr'>γὰρ</span> <span class='ocrx_word' id='word_1_509' title='bbox 704 3548 790 3599; x_wconf 83' lang='grc' dir='ltr'>τὸν</span> <span class='ocrx_word' id='word_1_510' title='bbox 821 3551 996 3615; x_wconf 87' lang='grc' dir='ltr'>τόπον,</span> <span class='ocrx_word' id='word_1_511' title='bbox 1031 3545 1278 3601; x_wconf 78' lang='grc' dir='ltr'>δεικνύων</span> <span class='ocrx_word' id='word_1_512' title='bbox 1317 3552 1410 3608; x_wconf 76' lang='grc' dir='ltr'>τὴν</span> <span class='ocrx_word' id='word_1_513' title='bbox 1453 3549 1729 3625; x_wconf 73' lang='grc' dir='ltr'>παρρησία</span> 
     </span>
    </p>
   </div>
   <div class='ocr_carea' id='block_1_70' title="bbox 1929 3537 3524 3625">
    <p class='ocr_par' dir='ltr' id='par_1_70' title="bbox 1955 3537 3524 3612">
     <span class='ocr_line' id='line_1_70' title="bbox 1955 3537 3524 3612; baseline 0.01 -19"><span class='ocrx_word' id='word_1_514' title='bbox 1955 3537 2136 3594; x_wconf 86' lang='lat' dir='ltr'>dicta.</span> <span class='ocrx_word' id='word_1_515' title='bbox 2198 3539 2566 3610; x_wconf 88' lang='lat' dir='ltr'>Signiﬁcavit</span> <span class='ocrx_word' id='word_1_516' title='bbox 2625 3547 2826 3599; x_wconf 90' lang='lat' dir='ltr'>autem</span> <span class='ocrx_word' id='word_1_517' title='bbox 2886 3543 3108 3612; x_wconf 87' lang='lat' dir='ltr'>locum,</span> <span class='ocrx_word' id='word_1_518' title='bbox 3200 3552 3524 3609; x_wconf 84' lang='lat' dir='ltr'>ostendens</span> 
     </span>
    </p>
   </div>
   <div class='ocr_carea' id='block_1_71' title="bbox 132 3627 1727 3715">
    <p class='ocr_par' dir='ltr' id='par_1_71' title="bbox 132 3632 1727 3712">
     <span class='ocr_line' id='line_1_71' title="bbox 132 3632 1727 3712; baseline 0.002 -24"><span class='ocrx_word' id='word_1_519' title='bbox 132 3643 235 3688; x_wconf 73' lang='grc' dir='ltr'>τοῦ</span> <span class='ocrx_word' id='word_1_520' title='bbox 266 3632 623 3689; x_wconf 69' lang='grc' dir='ltr'>διδασκάλου.</span> <span class='ocrx_word' id='word_1_521' title='bbox 650 3635 1039 3708; x_wconf 61' lang='grc' dir='ltr'>Γαζοᾳυλάκιον</span> <span class='ocrx_word' id='word_1_522' title='bbox 1061 3633 1095 3690; x_wconf 88' lang='grc' dir='ltr'>δ</span> <span class='ocrx_word' id='word_1_523' title='bbox 1099 3641 1140 3701; x_wconf 81' lang='lat' dir='ltr'>&#39;s,</span> <span class='ocrx_word' id='word_1_524' title='bbox 1164 3640 1221 3690; x_wconf 87' lang='grc' dir='ltr'>τὸ</span> <span class='ocrx_word' id='word_1_525' title='bbox 1245 3639 1727 3712; x_wconf 77' lang='grc' dir='ltr'>θησαυροφυλάκιον</span> 
     </span>
    </p>
   </div>
   <div class='ocr_carea' id='block_1_72' title="bbox 1930 3627 3525 3715">
    <p class='ocr_par' dir='ltr' id='par_1_72' title="bbox 1930 3627 3525 3715">
     <span class='ocr_line' id='line_1_72' title="bbox 1930 3627 3525 3715; baseline 0.009 -31"><span class='ocrx_word' id='word_1_526' title='bbox 1930 3627 2101 3684; x_wconf 90' lang='lat' dir='ltr'>cendi</span> <span class='ocrx_word' id='word_1_527' title='bbox 2184 3628 2518 3686; x_wconf 86' lang='lat' dir='ltr'>libertatem</span> <span class='ocrx_word' id='word_1_528' title='bbox 2601 3630 2790 3703; x_wconf 90' lang='lat' dir='ltr'>ipsius</span> <span class='ocrx_word' id='word_1_529' title='bbox 2854 3634 3139 3692; x_wconf 90' lang='lat' dir='ltr'>doctoris.</span> <span class='ocrx_word' id='word_1_530' title='bbox 3219 3638 3525 3715; x_wconf 81' lang='lat' dir='ltr'>Gazophy-</span> 
     </span>
    </p>
   </div>
   <div class='ocr_carea' id='block_1_73' title="bbox 133 3716 1728 3804">
    <p class='ocr_par' dir='ltr' id='par_1_73' title="bbox 133 3723 1728 3803">
     <span class='ocr_line' id='line_1_73' title="bbox 133 3723 1728 3803; baseline 0.003 -26"><span class='ocrx_word' id='word_1_531' title='bbox 133 3729 264 3798; x_wconf 82' lang='grc' dir='ltr'>περὶ</span> <span class='ocrx_word' id='word_1_532' title='bbox 299 3723 359 3776; x_wconf 81' lang='grc' dir='ltr'>οὗ</span> <span class='ocrx_word' id='word_1_533' title='bbox 390 3723 709 3797; x_wconf 83' lang='grc' dir='ltr'>πλατύτερον</span> <span class='ocrx_word' id='word_1_534' title='bbox 753 3723 801 3777; x_wconf 80' lang='grc' dir='ltr'>ἐν</span> <span class='ocrx_word' id='word_1_535' title='bbox 844 3734 917 3796; x_wconf 82' lang='grc' dir='ltr'>τῷ</span> <span class='ocrx_word' id='word_1_536' title='bbox 947 3735 1355 3800; x_wconf 79' lang='grc' dir='ltr'>τεσσαρακοστῷ</span> <span class='ocrx_word' id='word_1_537' title='bbox 1386 3734 1573 3803; x_wconf 86' lang='grc' dir='ltr'>πρώτῳ</span> <span class='ocrx_word' id='word_1_538' title='bbox 1602 3749 1728 3803; x_wconf 75' lang='grc' dir='ltr'>κεφα</span> 
     </span>
    </p>
   </div>
   <div class='ocr_carea' id='block_1_74' title="bbox 1928 3716 3523 3804">
    <p class='ocr_par' dir='ltr' id='par_1_74' title="bbox 1928 3717 3523 3804">
     <span class='ocr_line' id='line_1_74' title="bbox 1928 3717 3523 3804; baseline 0.01 -31"><span class='ocrx_word' id='word_1_539' title='bbox 1928 3717 2083 3774; x_wconf 87' lang='lat' dir='ltr'>cium</span> <span class='ocrx_word' id='word_1_540' title='bbox 2109 3733 2246 3775; x_wconf 90' lang='lat' dir='ltr'>vero</span> <span class='ocrx_word' id='word_1_541' title='bbox 2296 3717 2555 3776; x_wconf 90' lang='lat' dir='ltr'>thesauri</span> <span class='ocrx_word' id='word_1_542' title='bbox 2605 3723 3025 3794; x_wconf 88' lang='lat' dir='ltr'>repositorium</span> <span class='ocrx_word' id='word_1_543' title='bbox 3072 3732 3218 3797; x_wconf 89' lang='lat' dir='ltr'>erat,</span> <span class='ocrx_word' id='word_1_544' title='bbox 3268 3730 3346 3786; x_wconf 91' lang='lat' dir='ltr'>de</span> <span class='ocrx_word' id='word_1_545' title='bbox 3401 3747 3523 3804; x_wconf 91' lang='lat' dir='ltr'>quo</span> 
     </span>
    </p>
   </div>
   <div class='ocr_carea' id='block_1_75' title="bbox 134 3806 1729 3890">
    <p class='ocr_par' dir='ltr' id='par_1_75' title="bbox 134 3813 1124 3890">
     <span class='ocr_line' id='line_1_75' title="bbox 134 3813 1124 3890; baseline 0.002 -25"><span class='ocrx_word' id='word_1_546' title='bbox 134 3813 280 3886; x_wconf 80' lang='grc' dir='ltr'>λαίῳ</span> <span class='ocrx_word' id='word_1_547' title='bbox 312 3819 406 3866; x_wconf 79' lang='grc' dir='ltr'>τοῦ</span> <span class='ocrx_word' id='word_1_548' title='bbox 435 3814 568 3866; x_wconf 84' lang='grc' dir='ltr'>κατά</span> <span class='ocrx_word' id='word_1_549' title='bbox 588 3814 799 3886; x_wconf 88' lang='grc' dir='ltr'>Μάρκον</span> <span class='ocrx_word' id='word_1_550' title='bbox 827 3814 1124 3890; x_wconf 74' lang='grc' dir='ltr'>εἰρήκαμεν.</span> 
     </span>
    </p>
   </div>
   <div class='ocr_carea' id='block_1_76' title="bbox 1932 3806 3527 3890">
    <p class='ocr_par' dir='ltr' id='par_1_76' title="bbox 1932 3807 3527 3889">
     <span class='ocr_line' id='line_1_76' title="bbox 1932 3807 3527 3889; baseline 0.011 -27"><span class='ocrx_word' id='word_1_551' title='bbox 1932 3808 2039 3863; x_wconf 91' lang='lat' dir='ltr'>tius</span> <span class='ocrx_word' id='word_1_552' title='bbox 2056 3807 2319 3864; x_wconf 83' lang='lat' dir='ltr'>diximus</span> <span class='ocrx_word' id='word_1_553' title='bbox 2346 3809 2814 3881; x_wconf 86' lang='lat' dir='ltr'>quadragesimo</span> <span class='ocrx_word' id='word_1_554' title='bbox 2841 3815 3039 3887; x_wconf 88' lang='lat' dir='ltr'>primo</span> <span class='ocrx_word' id='word_1_555' title='bbox 3061 3816 3233 3889; x_wconf 84' lang='lat' dir='ltr'>juxta</span> <span class='ocrx_word' id='word_1_556' title='bbox 3262 3822 3527 3879; x_wconf 76' lang='lat' dir='ltr'>Marcum</span> 
     </span>
    </p>
   </div>
   <div class='ocr_carea' id='block_1_77' title="bbox 1864 3897 2073 3954">
    <p class='ocr_par' dir='ltr' id='par_1_77' title="bbox 1864 3897 2073 3954">
     <span class='ocr_line' id='line_1_77' title="bbox 1864 3897 2073 3954; baseline -0.014 -1"><span class='ocrx_word' id='word_1_557' title='bbox 1864 3897 2073 3954; x_wconf 73' lang='lat' dir='ltr'>capite.</span> 
     </span>
    </p>
   </div>
   <div class='ocr_carea' id='block_1_78' title="bbox 216 3913 1811 4070">
    <p class='ocr_par' dir='ltr' id='par_1_78' title="bbox 216 3986 1755 4070">
     <span class='ocr_line' id='line_1_78' title="bbox 216 3986 1755 4070; baseline 0.003 -27"><span class='ocrx_word' id='word_1_558' title='bbox 216 3986 504 4043; x_wconf 84' lang='grc' dir='ltr'>Διδάσκων</span> <span class='ocrx_word' id='word_1_559' title='bbox 533 3989 583 4042; x_wconf 75' lang='grc' dir='ltr'>ἓν</span> <span class='ocrx_word' id='word_1_560' title='bbox 606 3997 676 4061; x_wconf 83' lang='grc' dir='ltr'>τῷ</span> <span class='ocrx_word' id='word_1_561' title='bbox 707 3992 846 4065; x_wconf 82' lang='grc' dir='ltr'>ἱερῷ.</span> <span class='ocrx_word' id='word_1_562' title='bbox 872 3997 1111 4067; x_wconf 80' lang='grc' dir='ltr'>Δημοσίᾳ</span> <span class='ocrx_word' id='word_1_563' title='bbox 1135 4011 1148 4025; x_wconf 73' lang='grc'><strong><em>⁸</em></strong></span> <span class='ocrx_word' id='word_1_564' title='bbox 1177 3992 1225 4046; x_wconf 80' lang='grc' dir='ltr'>ἓν</span> <span class='ocrx_word' id='word_1_565' title='bbox 1255 3996 1420 4066; x_wconf 83' lang='grc' dir='ltr'>τούτῳ</span> <span class='ocrx_word' id='word_1_566' title='bbox 1450 3996 1551 4070; x_wconf 74' lang='grc' dir='ltr'>γὰρ</span> <span class='ocrx_word' id='word_1_567' title='bbox 1584 3992 1645 4054; x_wconf 75' lang='grc' dir='ltr'>ἦν</span> <span class='ocrx_word' id='word_1_568' title='bbox 1665 4000 1755 4049; x_wconf 78' lang='grc' dir='ltr'>καὶ</span> 
     </span>
    </p>
   </div>
   <div class='ocr_carea' id='block_1_79' title="bbox 1931 3913 3526 4070">
    <p class='ocr_par' dir='ltr' id='par_1_79' title="bbox 1932 3913 3526 4065">
     <span class='ocr_line' id='line_1_79' title="bbox 1975 3913 2073 3953; baseline -0.01 -1"><span class='ocrx_word' id='word_1_569' title='bbox 1975 3913 2073 3953; x_wconf 81' lang='lat' dir='ltr'>1e.</span> 
     </span>
     <span class='ocr_line' id='line_1_80' title="bbox 1932 3913 3526 4065; baseline 0.012 -25"><span class='ocrx_word' id='word_1_570' title='bbox 1932 3913 2210 4042; x_wconf 47' lang='grc' dir='ltr'>Ξέτεθο.</span> <span class='ocrx_word' id='word_1_571' title='bbox 2262 3987 2481 4045; x_wconf 79' lang='lat' dir='ltr'>Docens</span> <span class='ocrx_word' id='word_1_572' title='bbox 2542 3990 2605 4046; x_wconf 84' lang='lat' dir='ltr'>in</span> <span class='ocrx_word' id='word_1_573' title='bbox 2666 3994 2901 4063; x_wconf 76' lang='lat' dir='ltr'>templo.</span> <span class='ocrx_word' id='word_1_574' title='bbox 2950 3994 3188 4054; x_wconf 83' lang='lat' dir='ltr'>Publice</span> <span class='ocrx_word' id='word_1_575' title='bbox 3246 4015 3443 4065; x_wconf 91' lang='lat' dir='ltr'>;uam</span> <span class='ocrx_word' id='word_1_576' title='bbox 3465 4002 3526 4059; x_wconf 92' lang='lat' dir='ltr'>in</span> 
     </span>
    </p>
   </div>
   <div class='ocr_carea' id='block_1_80' title="bbox 132 4075 1727 4153">
    <p class='ocr_par' dir='ltr' id='par_1_80' title="bbox 132 4078 650 4153">
     <span class='ocr_line' id='line_1_81' title="bbox 132 4078 650 4153; baseline -0.006 -20"><span class='ocrx_word' id='word_1_577' title='bbox 132 4084 203 4133; x_wconf 82' lang='grc' dir='ltr'>τὸ</span> <span class='ocrx_word' id='word_1_578' title='bbox 233 4078 650 4153; x_wconf 68' lang='grc' dir='ltr'>γαζοφυλάκιον.</span> 
     </span>
    </p>
   </div>
   <div class='ocr_carea' id='block_1_81' title="bbox 1418 4075 3013 4153">
    <p class='ocr_par' dir='ltr' id='par_1_81' title="bbox 1862 4075 3013 4153">
     <span class='ocr_line' id='line_1_82' title="bbox 1862 4075 3013 4153; baseline 0.007 -21"><span class='ocrx_word' id='word_1_579' title='bbox 1862 4075 2087 4147; x_wconf 85' lang='lat' dir='ltr'>templo</span> <span class='ocrx_word' id='word_1_580' title='bbox 2116 4075 2296 4132; x_wconf 88' lang='lat' dir='ltr'>etiam</span> <span class='ocrx_word' id='word_1_581' title='bbox 2336 4083 2462 4134; x_wconf 90' lang='lat' dir='ltr'>erat</span> <span class='ocrx_word' id='word_1_582' title='bbox 2494 4081 3013 4153; x_wconf 84' lang='lat' dir='ltr'>gazophylacium.</span> 
     </span>
    </p>
   </div>
   <div class='ocr_carea' id='block_1_82' title="bbox 218 4165 1813 4251">
    <p class='ocr_par' dir='ltr' id='par_1_82' title="bbox 218 4167 1347 4247">
     <span class='ocr_line' id='line_1_83' title="bbox 218 4167 1347 4247; baseline 0.003 -24"><span class='ocrx_word' id='word_1_583' title='bbox 218 4173 327 4223; x_wconf 73' lang='grc' dir='ltr'>Καὶ</span> <span class='ocrx_word' id='word_1_584' title='bbox 352 4198 423 4212; x_wconf 90' lang='lat'>—-</span> <span class='ocrx_word' id='word_1_585' title='bbox 453 4167 626 4227; x_wconf 76' lang='grc' dir='ltr'>αὐτόν.</span> <span class='ocrx_word' id='word_1_586' title='bbox 661 4174 810 4224; x_wconf 72' lang='grc' dir='ltr'>Οὕτω</span> <span class='ocrx_word' id='word_1_587' title='bbox 839 4170 1347 4247; x_wconf 74' lang='grc' dir='ltr'>παρρησιαζόμενον.</span> 
     </span>
    </p>
   </div>
   <div class='ocr_carea' id='block_1_83' title="bbox 1932 4165 3527 4251">
    <p class='ocr_par' dir='ltr' id='par_1_83' title="bbox 1936 4165 3527 4251">
     <span class='ocr_line' id='line_1_84' title="bbox 1936 4165 3527 4251; baseline 0.011 -33"><span class='ocrx_word' id='word_1_588' title='bbox 1936 4165 2096 4219; x_wconf 82' lang='lat' dir='ltr'>Vers.</span> <span class='ocrx_word' id='word_1_589' title='bbox 2148 4167 2235 4220; x_wconf 81' lang='lat'>20.</span> <span class='ocrx_word' id='word_1_590' title='bbox 2284 4166 2361 4220; x_wconf 84' lang='lat' dir='ltr'>Et</span> <span class='ocrx_word' id='word_1_591' title='bbox 2390 4196 2456 4207; x_wconf 92' lang='lat'><strong><em>—</em></strong></span> <span class='ocrx_word' id='word_1_592' title='bbox 2506 4183 2661 4226; x_wconf 87' lang='lat' dir='ltr'>eum.</span> <span class='ocrx_word' id='word_1_593' title='bbox 2717 4170 2865 4226; x_wconf 91' lang='lat' dir='ltr'>Cum</span> <span class='ocrx_word' id='word_1_594' title='bbox 2922 4172 3003 4230; x_wconf 89' lang='lat' dir='ltr'>ita</span> <span class='ocrx_word' id='word_1_595' title='bbox 3027 4172 3209 4233; x_wconf 90' lang='lat' dir='ltr'>libere</span> <span class='ocrx_word' id='word_1_596' title='bbox 3256 4176 3527 4251; x_wconf 84' lang='lat' dir='ltr'>loquere-</span> 
     </span>
    </p>
   </div>
   <div class='ocr_carea' id='block_1_84' title="bbox 1863 4255 1977 4309">
    <p class='ocr_par' dir='ltr' id='par_1_84' title="bbox 1863 4255 1977 4309">
     <span class='ocr_line' id='line_1_85' title="bbox 1863 4255 1977 4309; baseline -0.018 0"><span class='ocrx_word' id='word_1_597' title='bbox 1863 4255 1977 4309; x_wconf 91' lang='lat' dir='ltr'>tur.</span> 
     </span>
    </p>
   </div>
   <div class='ocr_carea' id='block_1_85' title="bbox 214 4338 1809 4429">
    <p class='ocr_par' dir='ltr' id='par_1_85' title="bbox 214 4345 1756 4429">
     <span class='ocr_line' id='line_1_86' title="bbox 214 4345 1756 4429; baseline 0.006 -31"><span class='ocrx_word' id='word_1_598' title='bbox 214 4345 343 4399; x_wconf 73' lang='grc' dir='ltr'>Ὀτι</span> <span class='ocrx_word' id='word_1_599' title='bbox 376 4377 444 4387; x_wconf 93' lang='grc'><strong>-</strong></span> <span class='ocrx_word' id='word_1_600' title='bbox 491 4347 671 4403; x_wconf 69' lang='grc' dir='ltr'>αὐτοῦ.</span> <span class='ocrx_word' id='word_1_601' title='bbox 704 4347 760 4401; x_wconf 85' lang='grc' dir='ltr'>Ἡ</span> <span class='ocrx_word' id='word_1_602' title='bbox 812 4357 903 4402; x_wconf 77' lang='grc' dir='ltr'>τοῦ</span> <span class='ocrx_word' id='word_1_603' title='bbox 950 4349 1303 4423; x_wconf 71' lang='grc' dir='ltr'>συλληφθῆναι</span> <span class='ocrx_word' id='word_1_604' title='bbox 1358 4357 1447 4406; x_wconf 86' lang='grc' dir='ltr'>καὶ</span> <span class='ocrx_word' id='word_1_605' title='bbox 1484 4352 1756 4429; x_wconf 77' lang='grc' dir='ltr'>ἀναιρεθῆ-</span> 
     </span>
    </p>
   </div>
   <div class='ocr_carea' id='block_1_86' title="bbox 1927 4338 3522 4429">
    <p class='ocr_par' dir='ltr' id='par_1_86' title="bbox 1937 4338 3522 4428">
     <span class='ocr_line' id='line_1_87' title="bbox 1937 4338 3522 4428; baseline 0.009 -32"><span class='ocrx_word' id='word_1_606' title='bbox 1937 4338 2099 4396; x_wconf 91' lang='lat' dir='ltr'>Vers.</span> <span class='ocrx_word' id='word_1_607' title='bbox 2126 4340 2215 4395; x_wconf 81' lang='lat'>20.</span> <span class='ocrx_word' id='word_1_608' title='bbox 2250 4340 2394 4407; x_wconf 84' lang='lat' dir='ltr'>Quia</span> <span class='ocrx_word' id='word_1_609' title='bbox 2423 4372 2492 4382; x_wconf 90' lang='lat'>—</span> <span class='ocrx_word' id='word_1_610' title='bbox 2519 4346 2664 4412; x_wconf 80' lang='lat' dir='ltr'>ejus.</span> <span class='ocrx_word' id='word_1_611' title='bbox 2698 4347 2827 4412; x_wconf 89' lang='lat' dir='ltr'>Qua</span> <span class='ocrx_word' id='word_1_612' title='bbox 2848 4351 3278 4421; x_wconf 85' lang='lat' dir='ltr'>comprehendi</span> <span class='ocrx_word' id='word_1_613' title='bbox 3309 4358 3366 4410; x_wconf 88' lang='lat' dir='ltr'>et</span> <span class='ocrx_word' id='word_1_614' title='bbox 3390 4356 3522 4428; x_wconf 90' lang='lat' dir='ltr'>capi</span> 
     </span>
    </p>
   </div>
   <div class='ocr_carea' id='block_1_87' title="bbox 126 4430 1721 4537">
    <p class='ocr_par' dir='ltr' id='par_1_87' title="bbox 126 4434 1721 4537">
     <span class='ocr_line' id='line_1_88' title="bbox 126 4434 1721 4518; baseline 0.007 -31"><span class='ocrx_word' id='word_1_615' title='bbox 126 4456 229 4488; x_wconf 78' lang='grc' dir='ltr'>ναι</span> <span class='ocrx_word' id='word_1_616' title='bbox 272 4435 448 4490; x_wconf 71' lang='grc' dir='ltr'>αὐτόν.</span> <span class='ocrx_word' id='word_1_617' title='bbox 497 4434 644 4491; x_wconf 78' lang='grc' dir='ltr'>Ἐδει</span> <span class='ocrx_word' id='word_1_618' title='bbox 671 4440 773 4514; x_wconf 73' lang='grc' dir='ltr'>γὰρ</span> <span class='ocrx_word' id='word_1_619' title='bbox 816 4447 996 4492; x_wconf 82' lang='grc' dir='ltr'>τοῦτον</span> <span class='ocrx_word' id='word_1_620' title='bbox 1038 4443 1112 4492; x_wconf 78' lang='grc' dir='ltr'>ἔτι</span> <span class='ocrx_word' id='word_1_621' title='bbox 1160 4443 1627 4518; x_wconf 50' lang='grc' dir='ltr'>θαυιαατουργῆσαι</span> <span class='ocrx_word' id='word_1_622' title='bbox 1666 4465 1721 4497; x_wconf 83' lang='grc' dir='ltr'>κο</span> 
     </span>
     <span class='ocr_line' id='line_1_89' title="bbox 145 4520 1577 4537; baseline 0 0"><span class='ocrx_word' id='word_1_623' title='bbox 145 4521 175 4537; x_wconf 76' lang='grc'>-</span> <span class='ocrx_word' id='word_1_624' title='bbox 220 4520 244 4537; x_wconf 60' lang='grc' dir='ltr'>ι</span> <span class='ocrx_word' id='word_1_625' title='bbox 271 4524 318 4537; x_wconf 87' lang='grc'>...</span> <span class='ocrx_word' id='word_1_626' title='bbox 477 4529 487 4537; x_wconf 93' lang='grc'>.</span> <span class='ocrx_word' id='word_1_627' title='bbox 584 4525 630 4537; x_wconf 63' lang='grc' dir='ltr'>η</span> <span class='ocrx_word' id='word_1_628' title='bbox 685 4530 695 4537; x_wconf 92' lang='grc'>.</span> <span class='ocrx_word' id='word_1_629' title='bbox 794 4527 806 4536; x_wconf 88' lang='grc'>.</span> <span class='ocrx_word' id='word_1_630' title='bbox 926 4532 936 4537; x_wconf 85' lang='grc'>-</span> <span class='ocrx_word' id='word_1_631' title='bbox 1110 4527 1123 4537; x_wconf 89' lang='grc'>.</span> <span class='ocrx_word' id='word_1_632' title='bbox 1291 4534 1298 4537; x_wconf 88' lang='grc'><strong>.</strong></span> <span class='ocrx_word' id='word_1_633' title='bbox 1425 4534 1436 4537; x_wconf 90' lang='lat'><em>_</em></span> <span class='ocrx_word' id='word_1_634' title='bbox 1568 4535 1577 4537; x_wconf 74' lang='lat'><strong><em>_</em></strong></span> 
     </span>
    </p>
   </div>
   <div class='ocr_carea' id='block_1_88' title="bbox 1931 4430 3526 4537">
    <p class='ocr_par' dir='ltr' id='par_1_88' title="bbox 1931 4430 3526 4537">
     <span class='ocr_line' id='line_1_90' title="bbox 1931 4430 3526 4537; baseline 0.01 -53"><span class='ocrx_word' id='word_1_635' title='bbox 1931 4433 2087 4485; x_wconf 68' lang='lat' dir='ltr'>isset.</span> <span class='ocrx_word' id='word_1_636' title='bbox 2120 4430 2331 4537; x_wconf 40' lang='lat' dir='ltr'>adhuc</span> <span class='ocrx_word' id='word_1_637' title='bbox 2358 4430 2520 4488; x_wconf 89' lang='lat' dir='ltr'>enim</span> <span class='ocrx_word' id='word_1_638' title='bbox 2549 4434 2863 4504; x_wconf 90' lang='lat' dir='ltr'>oportebat</span> <span class='ocrx_word' id='word_1_639' title='bbox 2887 4451 3025 4494; x_wconf 92' lang='lat' dir='ltr'>eum</span> <span class='ocrx_word' id='word_1_640' title='bbox 3062 4440 3348 4498; x_wconf 89' lang='lat' dir='ltr'>miracula</span> <span class='ocrx_word' id='word_1_641' title='bbox 3393 4459 3526 4516; x_wconf 84' lang='lat' dir='ltr'>ope-</span> 
     </span>
    </p>
   </div>
   <div class='ocr_carea' id='block_1_89' title="bbox 128 4517 1723 4601">
    <p class='ocr_par' dir='ltr' id='par_1_89' title="bbox 128 4520 1723 4601">
     <span class='ocr_line' id='line_1_91' title="bbox 128 4520 1723 4601; baseline 0.006 -24"><span class='ocrx_word' id='word_1_642' title='bbox 128 4520 375 4586; x_wconf 77' lang='grc' dir='ltr'>διδάξαι</span> <span class='ocrx_word' id='word_1_643' title='bbox 407 4529 491 4576; x_wconf 77' lang='grc' dir='ltr'>καὶ</span> <span class='ocrx_word' id='word_1_644' title='bbox 518 4525 733 4589; x_wconf 73' lang='grc' dir='ltr'>πολλοὺς</span> <span class='ocrx_word' id='word_1_645' title='bbox 764 4527 834 4589; x_wconf 76' lang='grc' dir='ltr'>εἰς</span> <span class='ocrx_word' id='word_1_646' title='bbox 876 4532 1053 4580; x_wconf 81' lang='grc' dir='ltr'>πίστιν</span> <span class='ocrx_word' id='word_1_647' title='bbox 1103 4527 1522 4601; x_wconf 69' lang='grc' dir='ltr'>ἐπισπάσασθαι,</span> <span class='ocrx_word' id='word_1_648' title='bbox 1552 4535 1617 4594; x_wconf 84' lang='grc' dir='ltr'>ὡς</span> <span class='ocrx_word' id='word_1_649' title='bbox 1667 4554 1723 4586; x_wconf 84' lang='grc' dir='ltr'>κο</span> 
     </span>
    </p>
   </div>
   <div class='ocr_carea' id='block_1_90' title="bbox 1929 4517 3524 4601">
    <p class='ocr_par' dir='ltr' id='par_1_90' title="bbox 1929 4517 3524 4599">
     <span class='ocr_line' id='line_1_92' title="bbox 1929 4517 3524 4599; baseline 0.011 -26"><span class='ocrx_word' id='word_1_650' title='bbox 1929 4518 1981 4574; x_wconf 91' lang='lat' dir='ltr'>.ri</span> <span class='ocrx_word' id='word_1_651' title='bbox 2011 4534 2081 4575; x_wconf 88' lang='lat' dir='ltr'>ac</span> <span class='ocrx_word' id='word_1_652' title='bbox 2111 4517 2347 4584; x_wconf 90' lang='lat' dir='ltr'>docere,</span> <span class='ocrx_word' id='word_1_653' title='bbox 2382 4520 2721 4596; x_wconf 89' lang='lat' dir='ltr'>multosque</span> <span class='ocrx_word' id='word_1_654' title='bbox 2765 4524 2843 4581; x_wconf 92' lang='lat' dir='ltr'>ad</span> <span class='ocrx_word' id='word_1_655' title='bbox 2881 4526 3064 4583; x_wconf 91' lang='lat' dir='ltr'>ﬁdem</span> <span class='ocrx_word' id='word_1_656' title='bbox 3097 4531 3411 4599; x_wconf 84' lang='lat' dir='ltr'>attrahere,</span> <span class='ocrx_word' id='word_1_657' title='bbox 3453 4534 3524 4589; x_wconf 86' lang='lat' dir='ltr'>si-</span> 
     </span>
    </p>
   </div>
   <div class='ocr_carea' id='block_1_91' title="bbox 124 4608 1719 4691">
    <p class='ocr_par' dir='ltr' id='par_1_91' title="bbox 124 4613 1719 4691">
     <span class='ocr_line' id='line_1_93' title="bbox 124 4613 1719 4691; baseline 0.006 -26"><span class='ocrx_word' id='word_1_658' title='bbox 124 4614 496 4688; x_wconf 76' lang='grc' dir='ltr'>προλαϐοντες</span> <span class='ocrx_word' id='word_1_659' title='bbox 518 4614 813 4689; x_wconf 70' lang='grc' dir='ltr'>εἰρήκαμεν.</span> <span class='ocrx_word' id='word_1_660' title='bbox 848 4623 1082 4688; x_wconf 83' lang='grc' dir='ltr'>Συνεχώς</span> <span class='ocrx_word' id='word_1_661' title='bbox 1107 4613 1166 4670; x_wconf 75' lang='grc' dir='ltr'>δὲ</span> <span class='ocrx_word' id='word_1_662' title='bbox 1190 4627 1342 4672; x_wconf 72' lang='grc' dir='ltr'>τοῦτο</span> <span class='ocrx_word' id='word_1_663' title='bbox 1364 4619 1517 4691; x_wconf 67' lang='grc' dir='ltr'>λέγει,</span> <span class='ocrx_word' id='word_1_664' title='bbox 1552 4618 1719 4674; x_wconf 80' lang='grc' dir='ltr'>δεικνῦ</span> 
     </span>
    </p>
   </div>
   <div class='ocr_carea' id='block_1_92' title="bbox 1926 4608 3521 4691">
    <p class='ocr_par' dir='ltr' id='par_1_92' title="bbox 1926 4608 3521 4680">
     <span class='ocr_line' id='line_1_94' title="bbox 1926 4608 3521 4680; baseline 0.011 -17"><span class='ocrx_word' id='word_1_665' title='bbox 1926 4612 1968 4663; x_wconf 86' lang='lat' dir='ltr'>it</span> <span class='ocrx_word' id='word_1_666' title='bbox 2024 4608 2087 4663; x_wconf 91' lang='lat' dir='ltr'>in</span> <span class='ocrx_word' id='word_1_667' title='bbox 2128 4609 2604 4680; x_wconf 69' lang='lat' dir='ltr'>praecedentibus</span> <span class='ocrx_word' id='word_1_668' title='bbox 2660 4612 2939 4671; x_wconf 83' lang='lat' dir='ltr'>diximus.</span> <span class='ocrx_word' id='word_1_669' title='bbox 2988 4615 3273 4675; x_wconf 83' lang='lat' dir='ltr'>Continuo</span> <span class='ocrx_word' id='word_1_670' title='bbox 3331 4626 3521 4679; x_wconf 87' lang='lat' dir='ltr'>autem</span> 
     </span>
    </p>
   </div>
   <div class='ocr_carea' id='block_1_93' title="bbox 124 4696 1719 4779">
    <p class='ocr_par' dir='ltr' id='par_1_93' title="bbox 124 4701 1719 4779">
     <span class='ocr_line' id='line_1_95' title="bbox 124 4701 1719 4779; baseline 0.005 -24"><span class='ocrx_word' id='word_1_671' title='bbox 124 4705 227 4755; x_wconf 79' lang='grc' dir='ltr'>ὅτι</span> <span class='ocrx_word' id='word_1_672' title='bbox 279 4701 535 4765; x_wconf 79' lang='grc' dir='ltr'>πολλάκις</span> <span class='ocrx_word' id='word_1_673' title='bbox 603 4703 1030 4778; x_wconf 78' lang='grc' dir='ltr'>ἐπιχειρήσαντες</span> <span class='ocrx_word' id='word_1_674' title='bbox 1097 4706 1191 4759; x_wconf 83' lang='grc' dir='ltr'>ούκ</span> <span class='ocrx_word' id='word_1_675' title='bbox 1239 4704 1603 4779; x_wconf 78' lang='grc' dir='ltr'>ἠδυνήθησαν,</span> <span class='ocrx_word' id='word_1_676' title='bbox 1670 4730 1719 4763; x_wconf 80' lang='grc' dir='ltr'>κι</span> 
     </span>
    </p>
   </div>
   <div class='ocr_carea' id='block_1_94' title="bbox 1931 4696 3526 4779">
    <p class='ocr_par' dir='ltr' id='par_1_94' title="bbox 1931 4696 3526 4777">
     <span class='ocr_line' id='line_1_96' title="bbox 1931 4696 3526 4777; baseline 0.009 -25"><span class='ocrx_word' id='word_1_677' title='bbox 1931 4712 1985 4753; x_wconf 81' lang='lat' dir='ltr'>&gt;c</span> <span class='ocrx_word' id='word_1_678' title='bbox 2015 4696 2177 4765; x_wconf 90' lang='lat' dir='ltr'>dicit,</span> <span class='ocrx_word' id='word_1_679' title='bbox 2223 4701 2544 4756; x_wconf 90' lang='lat' dir='ltr'>ostendens</span> <span class='ocrx_word' id='word_1_680' title='bbox 2568 4702 2736 4775; x_wconf 91' lang='lat' dir='ltr'>quod</span> <span class='ocrx_word' id='word_1_681' title='bbox 2764 4703 3105 4777; x_wconf 86' lang='lat' dir='ltr'>frequenter</span> <span class='ocrx_word' id='word_1_682' title='bbox 3142 4708 3201 4765; x_wconf 91' lang='lat' dir='ltr'>id</span> <span class='ocrx_word' id='word_1_683' title='bbox 3233 4714 3526 4770; x_wconf 86' lang='lat' dir='ltr'>tentantes</span> 
     </span>
    </p>
   </div>
   <div class='ocr_carea' id='block_1_95' title="bbox 121 4786 1716 4871">
    <p class='ocr_par' dir='ltr' id='par_1_95' title="bbox 121 4786 1716 4870">
     <span class='ocr_line' id='line_1_97' title="bbox 121 4786 1716 4870; baseline 0.004 -25"><span class='ocrx_word' id='word_1_684' title='bbox 121 4794 226 4845; x_wconf 86' lang='grc' dir='ltr'>ὃτι</span> <span class='ocrx_word' id='word_1_685' title='bbox 255 4786 383 4844; x_wconf 73' lang='grc' dir='ltr'>οὐδ’</span> <span class='ocrx_word' id='word_1_686' title='bbox 408 4791 624 4868; x_wconf 82' lang='grc' dir='ltr'>ὕστερον</span> <span class='ocrx_word' id='word_1_687' title='bbox 652 4795 941 4866; x_wconf 73' lang='grc' dir='ltr'>ἐκράτησαν</span> <span class='ocrx_word' id='word_1_688' title='bbox 966 4795 1028 4847; x_wconf 81' lang='grc' dir='ltr'>οἶν</span> <span class='ocrx_word' id='word_1_689' title='bbox 1054 4794 1230 4866; x_wconf 75' lang='grc' dir='ltr'>αὐτὸν,</span> <span class='ocrx_word' id='word_1_690' title='bbox 1263 4796 1307 4849; x_wconf 87' lang='grc' dir='ltr'>εἰ</span> <span class='ocrx_word' id='word_1_691' title='bbox 1338 4802 1410 4870; x_wconf 76' lang='grc' dir='ltr'><strong><em>μὴ</em></strong></span> <span class='ocrx_word' id='word_1_692' title='bbox 1444 4797 1554 4870; x_wconf 84' lang='grc'>(37)</span> <span class='ocrx_word' id='word_1_693' title='bbox 1601 4799 1716 4852; x_wconf 75' lang='grc' dir='ltr'>αὐτὶ</span> 
     </span>
    </p>
   </div>
   <div class='ocr_carea' id='block_1_96' title="bbox 1931 4786 3526 4871">
    <p class='ocr_par' dir='ltr' id='par_1_96' title="bbox 1931 4790 3526 4871">
     <span class='ocr_line' id='line_1_98' title="bbox 1931 4790 3526 4871; baseline 0.011 -31"><span class='ocrx_word' id='word_1_694' title='bbox 1931 4800 1990 4841; x_wconf 66' lang='lat' dir='ltr'>in</span> <span class='ocrx_word' id='word_1_695' title='bbox 2062 4790 2406 4858; x_wconf 89' lang='lat' dir='ltr'>potuerunt,</span> <span class='ocrx_word' id='word_1_696' title='bbox 2456 4794 2514 4846; x_wconf 93' lang='lat' dir='ltr'>et</span> <span class='ocrx_word' id='word_1_697' title='bbox 2564 4791 2731 4864; x_wconf 89' lang='lat' dir='ltr'>quod</span> <span class='ocrx_word' id='word_1_698' title='bbox 2780 4808 3095 4867; x_wconf 88' lang='lat' dir='ltr'>nunquam</span> <span class='ocrx_word' id='word_1_699' title='bbox 3166 4801 3526 4871; x_wconf 88' lang='lat' dir='ltr'>potentiores</span> 
     </span>
    </p>
   </div>
   <div class='ocr_carea' id='block_1_97' title="bbox 120 4873 3524 4962">
    <p class='ocr_par' dir='ltr' id='par_1_97' title="bbox 120 4873 3524 4962">
     <span class='ocr_line' id='line_1_99' title="bbox 120 4873 3524 4962; baseline 0.015 -64"><span class='ocrx_word' id='word_1_700' title='bbox 120 4880 427 4941; x_wconf 43' lang='grc' dir='ltr'>ἠθθηση.</span> <span class='ocrx_word' id='word_1_701' title='bbox 1863 4873 1943 4962; x_wconf 85' lang='lat' dir='ltr'>ad</span> <span class='ocrx_word' id='word_1_702' title='bbox 1980 4890 2121 4932; x_wconf 90' lang='lat' dir='ltr'>eum</span> <span class='ocrx_word' id='word_1_703' title='bbox 2150 4877 2730 4949; x_wconf 85' lang='lat' dir='ltr'>apprehendendum</span> <span class='ocrx_word' id='word_1_704' title='bbox 2777 4880 3056 4953; x_wconf 88' lang='lat' dir='ltr'>fuissent,</span> <span class='ocrx_word' id='word_1_705' title='bbox 3106 4886 3222 4945; x_wconf 89' lang='lat' dir='ltr'>nisi</span> <span class='ocrx_word' id='word_1_706' title='bbox 3260 4887 3391 4962; x_wconf 88' lang='lat' dir='ltr'>ipse</span> <span class='ocrx_word' id='word_1_707' title='bbox 3425 4905 3524 4949; x_wconf 85' lang='lat' dir='ltr'>vo-</span> 
     </span>
    </p>
   </div>
   <div class='ocr_carea' id='block_1_98' title="bbox 1862 4961 2089 5020">
    <p class='ocr_par' dir='ltr' id='par_1_98' title="bbox 1862 4961 2089 5020">
     <span class='ocr_line' id='line_1_100' title="bbox 1862 4961 2089 5020; baseline 0.013 -3"><span class='ocrx_word' id='word_1_708' title='bbox 1862 4961 2089 5020; x_wconf 90' lang='lat' dir='ltr'>luisset.</span> 
     </span>
    </p>
   </div>
   <div class='ocr_carea' id='block_1_99' title="bbox 217 5131 1794 5211">
    <p class='ocr_par' dir='ltr' id='par_1_99' title="bbox 217 5131 1794 5211">
     <span class='ocr_line' id='line_1_101' title="bbox 217 5131 1794 5211; baseline 0.005 -26"><span class='ocrx_word' id='word_1_709' title='bbox 217 5133 271 5169; x_wconf 76' lang='lat'><strong>&quot;</strong></span> <span class='ocrx_word' id='word_1_710' title='bbox 309 5131 428 5187; x_wconf 84' lang='lat' dir='ltr'>lsa.</span> <span class='ocrx_word' id='word_1_711' title='bbox 462 5145 618 5202; x_wconf 73' lang='lat' dir='ltr'>nix,</span> <span class='ocrx_word' id='word_1_712' title='bbox 643 5131 696 5188; x_wconf 91' lang='lat'>6.</span> <span class='ocrx_word' id='word_1_713' title='bbox 773 5132 821 5169; x_wconf 80' lang='grc'>⁵³</span> <span class='ocrx_word' id='word_1_714' title='bbox 846 5133 1018 5201; x_wconf 84' lang='lat' dir='ltr'>Joan,</span> <span class='ocrx_word' id='word_1_715' title='bbox 1057 5149 1114 5201; x_wconf 88' lang='lat' dir='ltr'>v,</span> <span class='ocrx_word' id='word_1_716' title='bbox 1151 5134 1239 5191; x_wconf 87' lang='lat'>37.</span> <span class='ocrx_word' id='word_1_717' title='bbox 1319 5137 1367 5172; x_wconf 63' lang='grc'>⁸⁸</span> <span class='ocrx_word' id='word_1_718' title='bbox 1392 5138 1559 5194; x_wconf 85' lang='lat' dir='ltr'>Joan.</span> <span class='ocrx_word' id='word_1_719' title='bbox 1591 5153 1710 5211; x_wconf 83' lang='lat' dir='ltr'>xw,</span> <span class='ocrx_word' id='word_1_720' title='bbox 1742 5142 1794 5195; x_wconf 88' lang='lat'>9.</span> 
     </span>
    </p>
   </div>
   <div class='ocr_carea' id='block_1_100' title="bbox 1374 5314 2282 5393">
    <p class='ocr_par' dir='ltr' id='par_1_100' title="bbox 1374 5314 2282 5393">
     <span class='ocr_line' id='line_1_102' title="bbox 1374 5314 2282 5393; baseline 0.008 -7"><span class='ocrx_word' id='word_1_721' title='bbox 1374 5314 1588 5386; x_wconf 68' lang='lat' dir='ltr'>Variae</span> <span class='ocrx_word' id='word_1_722' title='bbox 1608 5316 1945 5390; x_wconf 90' lang='lat' dir='ltr'>lectiones</span> <span class='ocrx_word' id='word_1_723' title='bbox 1987 5331 2053 5389; x_wconf 91' lang='lat' dir='ltr'>et</span> <span class='ocrx_word' id='word_1_724' title='bbox 2084 5332 2282 5393; x_wconf 75' lang='lat' dir='ltr'>notae.</span> 
     </span>
    </p>
   </div>
   <div class='ocr_carea' id='block_1_101' title="bbox 206 5503 1801 5725">
    <p class='ocr_par' dir='ltr' id='par_1_101' title="bbox 206 5503 1076 5725">
     <span class='ocr_line' id='line_1_103' title="bbox 206 5503 1076 5575; baseline 0.002 -11"><span class='ocrx_word' id='word_1_725' title='bbox 206 5506 315 5575; x_wconf 84' lang='lat'>(33</span> <span class='ocrx_word' id='word_1_726' title='bbox 383 5503 617 5564; x_wconf 89' lang='lat' dir='ltr'>Inclusa</span> <span class='ocrx_word' id='word_1_727' title='bbox 643 5507 991 5568; x_wconf 85' lang='lat' dir='ltr'>exciderunt</span> <span class='ocrx_word' id='word_1_728' title='bbox 1008 5511 1076 5566; x_wconf 85' lang='lat' dir='ltr'>A.</span> 
     </span>
     <span class='ocr_line' id='line_1_104' title="bbox 237 5577 1053 5642; baseline 0.012 -11"><span class='ocrx_word' id='word_1_729' title='bbox 237 5579 312 5635; x_wconf 70' lang='grc'>34</span> <span class='ocrx_word' id='word_1_730' title='bbox 379 5577 546 5642; x_wconf 72' lang='grc' dir='ltr'>Αὐτὸς</span> <span class='ocrx_word' id='word_1_731' title='bbox 573 5579 792 5637; x_wconf 89' lang='lat' dir='ltr'>omittit</span> <span class='ocrx_word' id='word_1_732' title='bbox 814 5578 877 5638; x_wconf 89' lang='lat' dir='ltr'>B.</span> <span class='ocrx_word' id='word_1_733' title='bbox 1048 5626 1053 5633; x_wconf 85' lang='lat'>.</span> 
     </span>
     <span class='ocr_line' id='line_1_105' title="bbox 206 5509 945 5725; baseline 0.001 -17"><span class='ocrx_word' id='word_1_734' title='bbox 206 5509 342 5725; x_wconf 50' lang='lat' dir='ltr'>{ssi</span> <span class='ocrx_word' id='word_1_735' title='bbox 379 5649 614 5710; x_wconf 81' lang='lat' dir='ltr'>Inclusa</span> <span class='ocrx_word' id='word_1_736' title='bbox 636 5650 859 5710; x_wconf 83' lang='lat' dir='ltr'>absunt</span> <span class='ocrx_word' id='word_1_737' title='bbox 878 5652 945 5709; x_wconf 85' lang='lat' dir='ltr'>A.</span> 
     </span>
    </p>
   </div>
   <div class='ocr_carea' id='block_1_102' title="bbox 1535 5503 3130 5725">
    <p class='ocr_par' dir='ltr' id='par_1_102' title="bbox 1933 5517 3130 5670">
     <span class='ocr_line' id='line_1_106' title="bbox 1933 5517 3130 5664; baseline 0.014 -92"><span class='ocrx_word' id='word_1_738' title='bbox 1933 5518 2049 5664; x_wconf 50' lang='lat'>€36;</span> <span class='ocrx_word' id='word_1_739' title='bbox 2077 5517 2395 5603; x_wconf 55' lang='lat' dir='ltr'>Moufﬁcm</span> <span class='ocrx_word' id='word_1_740' title='bbox 2432 5521 2512 5606; x_wconf 63' lang='grc' dir='ltr'>ἂν,</span> <span class='ocrx_word' id='word_1_741' title='bbox 2547 5525 2767 5584; x_wconf 63' lang='lat' dir='ltr'>caeteris</span> <span class='ocrx_word' id='word_1_742' title='bbox 2789 5528 3036 5588; x_wconf 86' lang='lat' dir='ltr'>omissis</span> <span class='ocrx_word' id='word_1_743' title='bbox 3061 5531 3130 5590; x_wconf 81' lang='grc' dir='ltr'>Α.</span> 
     </span>
     <span class='ocr_line' id='line_1_107' title="bbox 1957 5592 2629 5670; baseline 0.015 -25"><span class='ocrx_word' id='word_1_744' title='bbox 1957 5592 2021 5646; x_wconf 83' lang='grc'>37</span> <span class='ocrx_word' id='word_1_745' title='bbox 2075 5596 2178 5646; x_wconf 79' lang='grc' dir='ltr'>Καί</span> <span class='ocrx_word' id='word_1_746' title='bbox 2205 5598 2529 5670; x_wconf 78' lang='lat' dir='ltr'>interponit</span> <span class='ocrx_word' id='word_1_747' title='bbox 2557 5598 2629 5655; x_wconf 83' lang='grc' dir='ltr'>Δ.</span> 
     </span>
    </p>
   </div>
   <div class='ocr_carea' id='block_1_103' title="bbox 237 5577 1832 5670">
    <p class='ocr_par' dir='ltr' id='par_1_103' title="bbox 237 5577 1053 5670">
     <span class='ocr_line' id='line_1_108' title="bbox 237 5577 1053 5670; baseline 0 0"><span class='ocrx_word' id='word_1_748' title='bbox 237 5577 337 5670; x_wconf 57' lang='lat' dir='ltr'>iii</span> <span class='ocrx_word' id='word_1_749' title='bbox 379 5577 910 5670; x_wconf 57' lang='grc' dir='ltr'>ὲῦῗὲεέφὲίέξὲἒέο.</span> <span class='ocrx_word' id='word_1_750' title='bbox 1048 5626 1053 5633; x_wconf 66' lang='grc' dir='ltr'>ο</span> 
     </span>
    </p>
   </div>
   <div class='ocr_carea' id='block_1_104' title="bbox 1033 5577 2628 5670">
    <p class='ocr_par' dir='ltr' id='par_1_104' title="bbox 1048 5577 2628 5670">
     <span class='ocr_line' id='line_1_109' title="bbox 1048 5577 2628 5670; baseline 0.014 -37"><span class='ocrx_word' id='word_1_751' title='bbox 1048 5626 1053 5633; x_wconf 91' lang='grc'><strong>.</strong></span> <span class='ocrx_word' id='word_1_752' title='bbox 1933 5577 2049 5664; x_wconf 69' lang='lat'>(37)</span> <span class='ocrx_word' id='word_1_753' title='bbox 2075 5596 2178 5646; x_wconf 79' lang='grc' dir='ltr'>Καί</span> <span class='ocrx_word' id='word_1_754' title='bbox 2205 5577 2529 5670; x_wconf 69' lang='lat' dir='ltr'>interponit</span> <span class='ocrx_word' id='word_1_755' title='bbox 2554 5577 2628 5655; x_wconf 53' lang='grc' dir='ltr'>λ.</span> 
     </span>
    </p>
   </div>
   <div class='ocr_carea' id='block_1_105' title="bbox 239 5649 945 5710">
    <p class='ocr_par' dir='ltr' id='par_1_105' title="bbox 239 5649 945 5710">
     <span class='ocr_line' id='line_1_110' title="bbox 239 5649 945 5710; baseline 0.001 -2"><span class='ocrx_word' id='word_1_756' title='bbox 239 5649 339 5710; x_wconf 75' lang='lat'>35)</span> <span class='ocrx_word' id='word_1_757' title='bbox 379 5649 614 5710; x_wconf 86' lang='lat' dir='ltr'>Inclusa</span> <span class='ocrx_word' id='word_1_758' title='bbox 636 5650 859 5710; x_wconf 83' lang='lat' dir='ltr'>absunt</span> <span class='ocrx_word' id='word_1_759' title='bbox 878 5652 945 5709; x_wconf 85' lang='lat' dir='ltr'>A.</span> 
     </span>
    </p>
   </div>
  </div>
