4038 6226
589 228 723 307 1287
1923 234 2260 307 timui/itu
2307 228 2464 307 ZIGA
2477 236 2626 307 nm
3755 242 3853 309 eis

670 378 828 431 Vers.
858 382 945 430 2t.
988 375 1155 431 Dixit
1192 405 1249 415 —
1284 376 1451 431 vado.
1479 380 1737 433 Transeo
1774 394 1808 433 a
1838 384 2071 433 terrena
2103 378 2240 433 vita.

2275 380 2321 433 Α
2431 376 2579 432 Εἶπεν
2645 411 2697 420 -
2754 381 2956 452 ὑπάγω.
3021 374 3321 435 Μεταϐαίνω
3375 374 3469 429 ἇπό
3542 385 3626 439 τῆς
3686 375 3852 447 ἐπιγείου

662 469 820 520 Vers.
853 468 941 519 2t.
987 466 1061 519 Et
1109 466 1363 535 quaeritis
1403 483 1506 521 me.
1562 468 1746 522 Etiam
1802 469 2077 540 superius
2130 468 2243 525 hoc
2356 469 2514 531 ζωῆς.

590 554 753 620 dixit,
787 559 843 610 et
865 553 945 609 ibi
976 554 1342 610 declaratum
1388 563 1499 612 est.

2428 564 2527 611 Καὶ
2557 563 2811 620 ζητήσετέ
2840 577 2920 630 με.
2960 563 3057 611 Καὶ
3088 560 3317 629 ἀνωτέρω
3343 562 3484 608 τοῦτο
3506 553 3621 619 εἶπε,
3644 560 3717 607 καὶ
3735 559 3854 630 ἡρμη-

2353 650 2505 705 νεύθη
2537 647 2657 703 ἐκεῖ.

660 732 820 787 Vers.
850 736 937 787 2t.
963 733 1026 786 Et
1058 763 1126 772 —
1178 732 1529 789 moriemini.
1569 737 1685 804 Ego
1719 736 1872 803 veni,
1929 742 1989 791 ut
2041 751 2147 791 vos
2180 735 2243 789 li-

2428 742 2527 789 Καὶ
2587 769 2652 777 —
2716 735 3076 788 ἀποθανεῖσθε.
3150 734 3337 787 Ἦλθον
3401 733 3715 806 ἐλευθερώσων
3778 736 3854 803 (38)

588 821 863 877 berarem
897 820 973 877 ab
1021 823 1185 876 omni
1232 828 1475 893 peccato
1515 830 1714 879 vestro
1757 825 1936 897 :quia
1974 840 2115 881 vero
2140 841 2175 880 n

2354 828 2489 898 ὑμᾶς
2530 824 2628 878 ἀπὸ
2679 829 2850 886 πάσης
2903 826 3162 897 ἁμαρτίας
3208 827 3347 896 ὑμῶν
3379 843 3391 855 ’
3424 822 3526 875 ἐπεὶ
3561 820 3615 874 δὲ
3656 823 3733 874 οὐκ
3773 825 3856 879 ἠθε-

590 909 798 979 luistis,
839 910 967 979 jam
1024 909 1196 978 abeo,
1257 916 1313 965 et
1341 910 1623 983 deinceps
1673 914 1733 967 in
1786 914 1949 968 omni
1998 928 2179 985 pecca

2352 914 2569 983 λήσατε,
2632 914 2955 988 ἀπέρχομαι,
3018 919 3104 966 καὶ
3162 913 3338 965 λοιπὸν
3403 911 3449 963 ἐν
3508 914 3637 983 πάσῃ
3690 912 3859 984 ἁμαρτίᾳ

588 1004 781 1053 vestro
804 998 1159 1065 moriemini,
1187 1001 1352 1070 quod
1384 1000 1456 1056 ab
1480 1017 1549 1057 eo
1577 1000 1815 1056 liberari
1846 1001 2166 1057 nolueritis.

2353 1007 2494 1077 ὑμῶν
2585 1003 2926 1057 ἀποθανεῖσθε
3031 1008 3101 1074 μή
3205 1002 3503 1063 θελήσαντες
3578 999 3858 1069 ἀπαλλαγῆναι

2353 1094 2531 1153 αὐτῆς.

660 1178 972 1233 Peccatum
1004 1184 1205 1233 autem
1249 1179 1507 1250 intellige
1542 1181 1725 1236 etiam
1757 1178 1817 1235 id
1843 1180 2007 1253 quod
2037 1182 2244 1237 adver-

2421 1182 2706 1257 Ἀμαρτίαν
2762 1178 2820 1234 δὲ
2871 1184 3057 1239 νόησον
3114 1185 3202 1232 καὶ
3271 1185 3364 1238 τὴν
3428 1179 3491 1239 εἰς
3560 1177 3711 1239 αὑτὸν,
3764 1174 3860 1228 διότι

591 1284 691 1322 sus
730 1268 927 1338 ipsum
969 1273 1113 1333 erat,
1138 1271 1281 1338 quia
1324 1269 1680 1325 interfecturi
1709 1271 1905 1342 ipsum
1954 1276 2140 1336 erant,
2181 1275 2186 1326 1‘

2353 1271 2553 1345 ἔμελλον
2598 1270 2784 1323 ἀνελεῖν
2838 1271 3010 1336 αὑτὸν,
3062 1268 3109 1321 ἐν
3262 1269 3525 1334 ἀπέθανον,
3567 1272 3670 1325 ἦτοι
3721 1262 3779 1317 δι’
3822 1268 3861 1322 ἰν

590 1372 711 1428 quo
744 1357 956 1411 mortui
992 1362 1153 1420 sunt,
1198 1373 1411 1428 nempe
1460 1364 1707 1430 propter
1751 1359 1896 1414 illud
1932 1360 2185 1430 jugulati

2354 1362 2758 1433 κατεσφάγησαν
2795 1360 2895 1411 ὑπό
2943 1368 3042 1411 τῶν
3078 1359 3364 1430 Ῥωμαίων,
3415 1356 3769 1409 Οὐεσπασιανού
3802 1374 3861 1405 και

588 1444 892 1514 Romanis,
923 1444 1288 1516 Vespasiano
1324 1454 1377 1503 et
1421 1448 1564 1503 Tito.
2351 1454 2528 1504 Τίτου.

658 1536 819 1590 Vers.
853 1539 938 1591 2t.
975 1535 1093 1599 Quo
1145 1568 1211 1575 —
1262 1539 1474 1592 venire.
1539 1541 1670 1593 Haec
1722 1539 2058 1612 frequenter
2082 1541 2239 1609 dicit,

2422 1538 2590 1590 ’Ὸπου
2632 1570 2699 1578 -—
2746 1537 2923 1593 ἐλθεῖν.
2972 1546 3209 1610 Συνεχῶς
3246 1544 3411 1589 ταῦτα
3460 1535 3601 1606 λέγει,
3645 1538 3862 1585 κατασείων

589 1625 823 1681 animas
856 1624 1089 1680 illorum
1117 1626 1461 1681 concutiens
1491 1633 1545 1681 et
1567 1634 1885 1684 exterrens.

1657 1644 1885 1684 ,errens.
2355 1629 2521 1680 αὐτῶν
2553 1631 2645 1690 τὰς
2668 1628 2853 1700 ψυχὰς
2892 1634 2980 1681 καὶ
3012 1627 3252 1699 ἐκφοϐῶν.

659 1714 820 1769 Vers.
854 1716 941 1766 22.
980 1715 1265 1770 Dicebant
1297 1746 1363 1755 —
1404 1718 1622 1772 venerit
1661 1718 1687 1770 ‘t
1718 1720 1886 1782 Quod
1930 1719 2240 1791 optabant,

2281 1732 2322 1786 Β
2426 1718 2633 1789 Ἔλεγον
2693 1750 2756 1757 -
2811 1717 2989 1774 ἐλθεῖν.
3044 1724 3107 1769 Ὀ
3164 1716 3431 1769 ἐϐούλοντο
3478 1723 3622 1767 τοῦτο
3672 1720 3744 1764 καὶ
3785 1714 3866 1763 ὑπί-

586 1804 701 1859 hoc
748 1804 922 1858 etiam
979 1805 1462 1874 suspicabantur.
1524 1806 1673 1873 Quid
1727 1824 1868 1877 ergo
1918 1809 2181 1865 Christus

2354 1808 2530 1865 λαϐον,
2580 1814 2642 1860 Τί
2672 1806 2759 1860 οὖν
2786 1811 2810 1860 6
2862 1814 3089 1883 Χριστός
3118 1825 3129 1874 ;
3158 1809 3390 1881 Ἀναιρεῐ
3416 1811 3505 1863 τήν
3546 1806 3756 1859 τοιαύτην
3778 1803 3867 1851 ὑπό-

587 1892 754 1949 Tollit
783 1893 1127 1963 hujusmodi
1184 1894 1600 1963 suspicionem,
1670 1897 2049 1970 ostenditque
2078 1915 2182 1970 quc

2353 1898 2532 1969 ληψιν,
2566 1903 2655 1949 καὶ
2688 1895 2951 1951 δείκνυσιν
2992 1900 3071 1949 ὅτι
3096 1897 3327 1969 ἁμαρτία
3368 1895 3481 1947 ἐστὶ
3524 1897 3577 1945 τὸ
3605 1891 3762 1943 ἀνελεῖν
3794 1910 3869 1941 εαυ-

588 1988 897 2053 peccatum
937 1981 1008 2035 sit
1040 1998 1099 2036 se
1128 1981 1323 2053 ipsum
1354 1984 1709 2043 interimere.
2356 1993 2463 2042 τόν.

658 2073 822 2127 Vers.
850 2071 937 2125 23.
965 2072 1030 2125 Et
1069 2101 1136 2111 —
1182 2075 1311 2126 estis
1339 2103 1403 2111 —
1430 2074 1529 2129 Ex
1559 2081 1743 2142 terra,
1777 2091 1899 2131 non
1926 2076 2089 2148 quod
2123 2095 2249 2134 cor-

2437 2083 2537 2130 Καὶ
2566 2110 2633 2117 —
2664 2076 2796 2130 ἐστέ.
2819 2108 2883 2117 -
2910 2077 3000 2128 Ἐκ
3028 2084 3124 2137 τῆς
3150 2084 3216 2146 γῆ
3232 2096 3270 2137 ς,
3295 2074 3406 2146 οὐχ
3435 2074 3512 2125 ὅτι
3529 2075 3580 2124 τὸ
3601 2079 3732 2142 σῶμα
3755 2066 3871 2120 ritis

586 2175 701 2230 pus
731 2175 938 2214 eorum
989 2164 1286 2215 terrenum
1340 2168 1511 2224 esset,
1556 2162 1659 2218 sed
1716 2164 1859 2236 quia
1930 2167 2181 2237 prudent

2359 2166 2413 2218 ἐκ
2435 2175 2522 2227 τῆς
2542 2175 2605 2238 ’γῆ
2617 2186 2655 2230 ς,
2682 2165 2788 2217 ἀλλ’
2812 2168 2891 2217 ὅτι
2912 2168 2969 2216 τὸ
2993 2169 3229 2237 φρόνημα
3252 2162 3423 2214 αὐτῶν
3444 2168 3612 2232 γήίνον
3630 2163 3706 2209 καὶ
3719 2156 3870 2228 φαύλου.

587 2247 823 2303 illorum
861 2255 1016 2302 esset
1045 2254 1279 2304 terrena
1304 2256 1361 2304 et
1399 2266 1605 2320 prava.
1656 2256 1805 2308 Nam
1838 2259 1892 2309 et
1920 2255 2134 2311 Paulus
2166 2274 2182 2310 ι

2361 2262 2460 2309 Καὶ
2491 2259 2515 2308 6
2548 2255 2748 2316 Παῦλος
2775 2258 2899 2329 γὰρ,
2938 2253 3096 2324 λέγων
3130 2270 3142 2283 ⁸
3169 2252 3279 2305 Οὐκ
3314 2250 3435 2303 ἐστὶ
3464 2249 3510 2302 ἐν
3542 2251 3715 2323 σαρκί·
3752 2246 3874 2317 σάρκα

587 2352 729 2391 cens
766 2337 931 2391 :Non
958 2336 1116 2392 estis.
1147 2352 1218 2392 ea:
1264 2354 1437 2393 carne
1467 2341 1514 2374 ⁵⁵
1547 2356 1788 2397 carnem
1814 2343 2071 2415 appellat
2110 2362 2179 2417 pr

1547 2356 1788 2397 carnem
1814 2343 2071 2415 appellat
2110 2362 2244 2417 pru-
2356 2350 2410 2398 τὸ
2444 2349 2690 2417 σαρκικόν
2717 2348 2953 2417 φρόνημα
2975 2343 3126 2414 λέγει.

586 2424 855 2480 dentiam
890 2425 1211 2480 carnalem.

660 2513 824 2569 Vers.
852 2516 939 2570 23.
964 2515 1073 2585 Ego
1101 2546 1167 2555 —
1199 2531 1349 2571 sum.
1394 2518 1481 2572 De
1527 2520 1659 2585 calo
1696 2539 1707 2587 ;
1765 2536 1884 2576 non
1918 2523 2079 2594 quod
2120 2524 2245 2596 ipse

2428 2522 2561 2595 ἰίγὼ
2594 2555 2650 2562 ⁸-
2686 2523 2813 2594 εἰμί.
2846 2553 2913 2561 -
2943 2525 3028 2574 Ἐκ
3072 2527 3162 2572 τοῦ
3212 2517 3456 2592 οὐρανοῦ,
3503 2515 3602 2587 οὐχ
3644 2515 3711 2565 ὅτι
3751 2510 3872 2561 Exte;

587 2603 661 2659 de
687 2603 837 2659 caelo
870 2605 1147 2669 venisset,
1182 2606 1281 2660 sed
1310 2607 1454 2678 quia
1486 2609 1798 2679 prudentia
1829 2612 1958 2682 ejus
1992 2612 2182 2668 ccelesl

2357 2613 2574 2684 οὖρανού
2605 2613 2746 2677 ἧκεν,
2781 2610 2887 2662 ἀλλ’
2918 2612 2998 2662 ὅτι
3026 2614 3083 2661 τὸ
3123 2614 3368 2682 φρόνημα
3412 2606 3564 2658 αὐτοῦ
3587 2603 3785 2675 οὐράνιον
3814 2601 3874 2647 καὶ

586 2700 821 2748 essetac
849 2693 1067 2747 divina.
1099 2694 1318 2750 Deinde
1350 2711 1673 2751 sermonem
1724 2716 1898 2754 suum
1941 2702 2181 2774 explan:

1724 2716 1898 2754 suum
1941 2702 2241 2774 explanat.
2358 2706 2509 2755 θεῖον.
2549 2698 2675 2756 Εἶτα
2704 2702 2976 2773 σαφηνίζει
3007 2703 3091 2750 τὸν
3116 2698 3287 2768 λόγον·

658 2781 823 2837 Vers.
865 2786 954 2837 ‘23.
996 2783 1099 2837 Vos
1131 2814 1195 2821 —
1225 2783 1351 2839 hoc.
1388 2786 1673 2841 Mundum
1706 2787 1797 2843 hic
1828 2789 1965 2843 dicit
1994 2791 2245 2847 munda-

2424 2792 2587 2863 Ὑμεῖς
2664 2823 2727 2831 -
2799 2794 3003 2843 τούτου,
3080 2794 3285 2859 Κόσμον
3365 2785 3580 2837 ἐνταῦθα
3660 2780 3773 2849 λέγει
3838 2791 3874 2821 το

587 2885 748 2935 nam,
779 2887 1028 2942 pravam
1056 2888 1122 2926 ac
1177 2876 1468 2928 terrenam
1510 2875 1912 2946 prudentiam.
1957 2881 2177 2945 Quema

2355 2885 2606 2953 κοσμικόν
2655 2886 2744 2931 καὶ
2806 2878 2994 2951 φαῦλον
3048 2882 3137 2929 καὶ
3194 2881 3380 2946 γήινον
3444 2879 3684 2947 φρόνημα.
3732 2866 3876 2953 Ὠσπερ

587 2959 838 3015 modum
870 2961 1027 3015 enim
1062 2960 1302 3033 spiritus
1333 2962 1568 3031 dicitur,
1602 2966 1921 3036 spiritualis
1952 2970 2182 3040 sapient

2354 2974 2454 3044 γὰρ
2486 2978 2686 3042 πνεῦμα
2709 2968 2909 3040 λέγεται
2939 2971 2995 3019 τό
3031 2968 3380 3036 πνευματικὸν
3421 2968 3663 3037 φρόνημα,
3690 2958 3761 3007 καὶ
3788 2966 3877 3046 στος

588 3055 644 3103 et
673 3065 832 3113 caro,
866 3050 1121 3104 carnalis
1155 3051 1270 3105 :ita
1298 3055 1355 3105 et
1397 3058 1548 3107 terra
1594 3071 1663 3108 ac
1703 3056 1987 3123 mundus,
2012 3063 2183 3114 terret

2285 3082 2316 3138 ε
2353 3065 2407 3112 τό
2444 3065 2690 3132 σαρκικόν
2726 3080 2736 3091 ·
2767 3058 2901 3109 οὕτω
2930 3060 3018 3107 καὶ
3048 3063 3114 3127 ’γῆ
3149 3060 3237 3105 καὶ
3269 3059 3474 3124 κόσμος
3516 3053 3571 3103 τὸ
3618 3052 3787 3119 γήινον.
3820 3057 3880 3089 usu

587 3152 654 3191 ac
688 3138 1014 3193 mundana.
1050 3138 1141 3194 Ait
1197 3154 1337 3209 ergo
1371 3164 1382 3194 :
1419 3144 1535 3213 Ego
1567 3159 1688 3198 non
1721 3146 1871 3200 sicut
1901 3163 2009 3202 vos
2051 3148 2180 3220 sapi

2354 3153 2623 3222 κοσμικόν.
2656 3152 2820 3205 Φησὶν
2850 3143 2936 3198 οὖν
2964 3147 3043 3197 ὅτι
3068 3146 3199 3215 Ἐγὼ
3231 3143 3341 3213 οὐχ
3369 3144 3437 3203 ὡς
3467 3142 3601 3211 ὑμεῖς
3644 3152 3795 3207 γρονω,
3826 3145 3880 3177 ινα

554 3258 559 3265 ~
588 3232 651 3282 ut
678 3244 770 3281 me
802 3228 1003 3299 ipsum
1050 3230 1423 3287 interﬁciam.

1312 3247 1398 3284 am
1412 3273 1423 3287 .
2356 3238 2638 3291 ἀποκτείνω
2665 3236 2880 3309 ἐμαυτόν
2901 3283 2907 3290 .

660 3317 819 3371 Vers.
853 3320 937 3371 2t.
973 3317 1107 3373 Dixi
1130 3350 1197 3357 —
1230 3324 1371 3375 vesti
1391 3321 1455 3374 is.
1490 3322 1699 3378 Adhuc
1731 3339 1831 3379 eos
1871 3331 2121 3382 exterret
2152 3344 2245 3383 vo-

2426 3324 2583 3381 Εἶπον
2642 3357 2710 3366 -
2763 3327 2926 3398 ὑμῶν.
2976 3322 3095 3377 Ἔτι
3141 3320 3348 3394 ἐκφοϐεῖ
3407 3319 3593 3377 αὐτοὺς
3642 3311 3880 3386 βουλόμενος

586 3406 716 3461 lens
742 3408 1121 3477 persuadere.

954 3408 1121 3463 .dere.
2350 3424 2549 3471 πεῖσαι.

657 3496 817 3550 Vers.
847 3495 933 3551 24.
970 3497 1031 3551 Si
1085 3498 1238 3554 enim
1281 3530 1349 3539 -—
1407 3501 1632 3567 vestris,
1686 3502 1756 3559 Si
1786 3520 1901 3559 non
1927 3506 2240 3561 credideri-

2425 3508 2530 3559 Κᾶν
2559 3506 2671 3576 (39)
2700 3535 2766 3545 ——
2797 3505 2957 3575 ὑμῶν.
2989 3500 3108 3553 Ἐὰν
3138 3503 3209 3573 μὴ
3243 3501 3566 3554 πιστεύσητε
3589 3495 3661 3545 ὄτι
3684 3484 3874 3576 ἐγὼεζνξι

588 3585 676 3652 tis,
703 3585 856 3654 quod
903 3600 1005 3656 ego
1054 3587 1179 3651 sim,
1257 3588 1526 3644 videlicet
1554 3590 1815 3646 Christus
1888 3592 2067 3649 Filius
2117 3595 2183 3649 De

2355 3575 2621 3653 δηλαδὴό
2672 3595 2901 3665 Χριστός
2940 3592 2966 3642 6
3014 3590 3135 3651 Υἱὸς
3175 3595 3265 3640 τοῦ
3317 3592 3471 3651 Θεοῦ,
3522 3575 3876 3665 ἀποθανεῖσθερ

581 3673 915 3729 moriemini
938 3676 998 3729 in
1019 3677 1266 3745 peccatis
1295 3681 1518 3748 vestris,
1556 3680 1777 3735 detenti
1824 3686 1901 3737 ab
1946 3684 2047 3737 eis.
2092 3683 2176 3740 Na

2350 3693 2467 3745 ταῖς
2496 3684 2777 3756 ἁμαρτίαις
2806 3683 2968 3753 ὑμῶν,
3014 3682 3360 3749 συνεχόμενοι
3408 3675 3607 3732 αὐταῖς.
3634 3670 3685 3720 Ὀ
3721 3683 3799 3735 γαρ
3828 3678 3875 3729 με

583 3762 681 3831 qui
722 3777 843 3816 non
862 3763 1193 3827 crediderit,
1216 3773 1268 3821 et
1298 3783 1404 3837 per
1432 3768 1803 3838 baptismum
1838 3786 1874 3826 a
1906 3773 2081 3827 sorde
2112 3790 2178 3845 pe

2350 3776 2653 3843 πιστεύσας,
2704 3777 2793 3822 καὶ
2851 3767 2943 3822 διὰ
2993 3767 3365 3841 βαπτίσματος
3407 3760 3784 3828 ἀπολουσάμενος
3822 3765 3877 3845 τθῖ

585 3849 698 3905 cati
739 3865 860 3905 non
900 3851 1140 3907 ablutus
1172 3854 1366 3919 fuerit,
1401 3858 1647 3913 omnino
1679 3858 1738 3914 in
1787 3859 1886 3916 illa
1937 3863 2180 3918 morietu

2349 3864 2511 3938 ῥύπον
2550 3870 2649 3913 τῶν
2676 3861 2961 3933 ἁμαρτιῶν,
2994 3856 3041 3909 ἐν
3072 3856 3210 3925 αὐτῷ
3236 3857 3451 3915 πάντως
3482 3852 3797 3904 ἀποθανεῖται,
3819 3856 3878 3888 καί

584 3942 639 3994 et
668 3955 805 3994 cum
832 3955 903 3995 ea
942 3956 1260 4012 resurgens
1313 3944 1482 3999 dabit
1514 3962 1741 4017 pcenas.

2351 3953 2461 4025 μετ’
2492 3952 2652 4003 αὐτοῦ
2684 3948 2911 4009 ἀναστὰς
2937 3944 3095 4004 δίκην
3128 3942 3309 3997 δώσει.
3856 4016 3858 4019 Ι

654 4029 822 4083 Vers.
854 4031 945 4086 24.
1002 4031 1295 4087 Dixerunt
1359 4064 1425 4073 —
1464 4052 1520 4090 es
1563 4034 1591 4090 ‘t
1625 4037 2073 4095 Subsannantes
2130 4042 2242 4098 hoc

2423 4042 2634 4113 Ἔλεγον
2665 4071 2732 4079 —
2758 4036 2803 4092 εἶ
2834 4058 2846 4105 ;
2881 4036 3211 4096 Φαυλίζοντες
3254 4041 3417 4086 τοῦτο
3448 4032 3630 4101 ἔλεγον,
3656 4026 3729 4076 καὶ
3754 4034 3879 4089 πει9²⁶

582 4117 857 4175 dicebant
898 4136 967 4176 ac
1001 4124 1317 4177 tentantes.

946 4136 967 4175 ο
1001 4124 1317 4177 tentantes.
2355 4136 2541 4194 ζοντες.

656 4208 818 4264 Vers.
848 4210 935 4264 25.
961 4210 1037 4265 Et
1076 4241 1146 4251 —
1174 4212 1345 4267 vobis.
1380 4212 1710 4270 Defectivus
1737 4222 1822 4271 est
1850 4234 2046 4275 sermo
2072 4220 2243 4291 juxta

2367 4192 2378 4194 ~
2510 4192 2515 4193 γ
3782 4192 3799 4209 ν

2427 4226 2525 4274 Καὶ
2584 4252 2650 4261 --
2710 4220 2850 4291 ὑμῖν.
2908 4216 3255 4269 Ἐλλειπτικὸν
3318 4216 3380 4265 τὸ
3438 4212 3582 4285 ῥῆμα
3636 4202 3731 4256 κατ’
3780 4196 3874 4291 v.69?

585 4304 937 4353 consuetum
972 4299 1253 4370 loquendi
1286 4302 1533 4357 modum
1568 4304 1677 4374 (h).
1709 4305 1842 4362 Tale
1896 4314 1981 4362 est
2018 4286 2180 4365 auter

2350 4312 2415 4364 ⁸0
2449 4307 2506 4364 δὲ
2543 4310 2677 4381 λέγει
2707 4311 2937 4361 τοιοῦτόν
2987 4305 3118 4358 ἐστι.
3168 4302 3343 4362 ’Ὀλως
3392 4303 3474 4384 ὅτι
3524 4301 3607 4349 καὶ
3646 4291 3757 4384 λαλῶ
3796 4300 3873 4376 νῆιν

586 4404 655 4444 ac
684 4388 731 4442 si
758 4387 977 4444 diceret
1011 4390 1301 4445 :Omnino
1333 4391 1701 4464 superﬂuum
1733 4396 2039 4463 estetiam,
2077 4415 2181 4470 quc

2278 4426 2320 4481 D
2356 4404 2587 4474 περιττόν
2636 4402 2773 4451 ἐστιν
2804 4415 2815 4427 ·
2864 4395 3062 4459 ἁνοίξιοι
3104 4395 3206 4467 γὰρ
3259 4392 3382 4444 ἐστε
3430 4389 3615 4445 παντὸς
3658 4396 3799 4450 λογον,
3834 4389 3873 4423 ν’

585 4478 759 4534 vobis
790 4477 1002 4549 loquar
1034 4496 1047 4545 ;
1082 4496 1221 4535 nam
1268 4482 1432 4537 omni
1490 4498 1767 4540 sermone
1822 4485 2053 4557 indigni
2081 4488 2180 4545 esti

1082 4496 1221 4535 nam
1268 4482 1432 4537 omni
1490 4498 1767 4540 sermone
1822 4485 2053 4557 indigni
2081 4488 2239 4558 estis,
2274 4477 2308 4481 —
2353 4494 2658 4565 πειρασταί.

592 4569 789 4637 utpote
832 4572 1169 4623 tentatores.
1562 4614 1572 4621 .

662 4654 823 4709 Vers.
867 4661 954 4712 26.
1010 4658 1197 4716 Multa
1236 4691 1303 4699 —
1332 4661 1619 4733 judicare.
1652 4664 1824 4720 Multa
1876 4665 1949 4722 de
2000 4668 2244 4724 vobisin

2430 4668 2599 4723 Πολλὰ
2656 4698 2720 4706 —
2792 4670 3001 4741 κρίνειν.
3085 4659 3255 4714 Πολλὰ
3320 4656 3559 4730 δύναμαι
3624 4652 3722 4723 περὶ
3777 4656 3867 4709 υὲιω

590 4744 1033 4801 accusationem
1073 4748 1266 4805 dicere
1320 4766 1579 4822 possem,
1614 4758 1666 4807 et
1713 4754 1981 4823 judicare
2032 4757 2105 4813 ad
2137 4774 2185 4830 p‘

2357 4759 2523 4812 λαλεῖν
2564 4758 2633 4819 εἰς
2675 4758 3011 4827 κατηγορίαν,
3062 4756 3149 4803 καὶ
3202 4753 3398 4820 κρίνειν
3451 4747 3518 4806 εἰς
3570 4745 3621 4794 τό
3675 4741 3866 4830 uti?“

592 4830 875 4888 niendum
898 4848 911 4900 ;
936 4835 1038 4889 sed
1060 4851 1221 4892 nunc
1244 4838 1396 4909 nolo,
1424 4842 1565 4912 quia
1588 4858 1693 4898 nec
1722 4845 1887 4900 Pater
1913 4861 2083 4901 meus
2107 4865 2176 4901 vu

2361 4849 2464 4902 ἀλλ’
2494 4848 2551 4900 οὗ
2587 4846 2843 4920 βούλομαι
2873 4851 2980 4908 νῦν,
3032 4838 3170 4893 διότι
3201 4835 3326 4890 οὐδὲ
3350 4838 3376 4887 ὀ
3426 4837 3602 4907 Πατήρ
3643 4847 3725 4920 μογ
3750 4819 3869 4920 isti)“.

593 4921 863 4978 Prasdixit
890 4923 1071 4992 enim,
1096 4926 1255 4997 quod
1283 4944 1401 4984 non
1433 4930 1653 4987 miserit
1679 4934 1828 4987 Deus
1848 4933 2054 4990 Filium
2070 4953 2181 4992 suu

2361 4957 2468 4993 ται.
2548 4939 2831 5010 Προείρηκε
2895 4933 2996 5005 γὰρ
3069 4931 3149 4981 ὅτι
3198 4927 3291 4979 οὐκ
3349 4921 3640 4977 ἀπέστειλεν
3699 4933 3720 4964 ο
3773 4914 3868 4959 9";-

662 5100 708 5134 ⁵⁵
742 5098 908 5154 Rom.
942 5115 1057 5166 Vill,
1088 5104 1140 5155 9.

1797 5261 2014 5331 Variae
2058 5264 2393 5336 lectiones
2448 5276 2513 5334 et
2551 5275 2753 5334 nota.

662 5422 753 5493 (38
801 5422 1175 5496 Ἐλευθερῶσαι
1200 5424 1267 5478 Α.

662 5424 775 5569 (39ς
806 5496 949 5553 Vide
980 5497 1267 5554 variantes

659 5495 775 5569 (39)
806 5496 949 5553 Vide
980 5495 1273 5554 variantes
1318 5496 1599 5554 lectiones
1629 5500 1805 5558 codd.
1839 5502 2141 5578 Euthymii
2171 5508 2229 5563 in
2267 5509 2462 5581 operis
2488 5505 2784 5581 principio
2816 5508 3067 5563 notatas.

663 5645 746 5716 (ἡ)
766 5647 950 5703 Just-ta
984 5676 1046 5685 —
1079 5643 1336 5700 modum.
1364 5644 1428 5697 Et
1458 5648 1742 5712 moratus,
1772 5664 1894 5714 seu,
1950 5651 2050 5721 qui
2085 5667 2282 5708 mores
2311 5650 2607 5725 exprimit.
2636 5652 2927 5723 Interpres
2956 5650 3037 5706 ita
3072 5663 3141 5704 ac
3168 5646 3213 5703 si
3244 5644 3457 5717 legerit
3475 5643 3605 5697 κατα
3626 5633 3785 5692 τὸὲθθς.
