4038 6226
213 271 238 328 1
249 271 347 327 289

1245 259 1613 329 COMMENT.
1661 273 1726 330 1N
1765 260 2114 333 JOANNEM.
2159 309 2224 317 —
2265 265 2420 334 CAP.
2469 269 2607 334 vni.

3439 284 3576 341 1290

212 398 294 447 τὸν
321 397 437 448 Υἰόν
467 393 629 446 αὐτοῦ
668 394 739 457 εἰς
767 397 853 448 τόν
883 398 1077 468 κόσμον
1109 398 1192 450 ἶνα
1245 402 1390 472 κρίνῃ
1441 402 1528 450 τόν
1579 402 1795 471 κόσμον,

1932 417 1970 456 n
2002 402 2317 466 mundum,
2377 405 2439 457 ut
2463 402 2691 473 judicet
2733 405 3050 474 mundum,
3081 407 3184 464 sed
3214 412 3276 466 ut
3315 409 3573 467 salvetur

211 482 318 536 ἀλλ’
348 485 430 535 ἶνα
462 485 604 556 σωθῇ
639 485 664 535 6
687 488 880 556 κόσμος
910 481 944 537 δ
949 486 982 536 ι’
1008 485 1188 540 αὐτοῦ.

280 571 412 626 Ἀλλ’
443 603 513 612 -
543 570 673 627 ἐστι.
709 603 773 614 -
821 573 1033 647 Πέμψας
1075 594 1157 646 με,
1192 580 1263 648 μὴ
1305 584 1477 649 κρῖναι
1516 584 1624 642 νῦν,
1671 576 1801 629 ἀλλὰ

213 669 396 715 σῶσαι.
428 660 493 713 Ἠ
522 659 721 722 ἀληθής
751 663 913 729 ἐστιν,
948 663 1204 736 ὀνομάσας
1229 684 1291 738 με
1318 673 1421 736 φῶς
1450 673 1540 716 τοῦ
1571 669 1794 737 κόσμου,

210 748 345 804 ’ἰδοῦ
380 753 506 824 γὰρ,
537 756 687 823 φησὶ,
715 753 916 804 τέθεικά
941 771 997 805 σε
1035 753 1103 813 εἰς
1133 761 1235 825 φῶς
1267 751 1439 821 ἐθνῶν,
1473 756 1543 815 ὡς
1565 753 1799 827 ἀνωτέρω

211 837 244 893 δ
247 837 304 893 εδ
309 840 518 897 ὀλωται.

280 929 434 1001 Kac/oi
498 961 566 970 —
630 933 846 1003 κόσμον.
912 930 1155 984 Ἤκουσα
1213 932 1336 1006 παρ’
1392 931 1552 984 αὐτοῦ
1609 934 1674 985 τά
1746 951 1800 984 τε

208 1017 352 1083 ἄλλα,
384 1022 473 1070 καὶ
499 1018 578 1069 ὅτι
599 1017 700 1090 εἰμὶ
730 1027 836 1090 φῶς
866 1020 1044 1070 ἑθνῶν·
1091 1024 1180 1071 καὶ
1213 1017 1350 1072 εἷπον
1376 1022 1440 1072 τά
1465 1039 1519 1072 τε
1559 1019 1686 1072 ἄλλα
1711 1026 1800 1072 καὶ

207 1110 282 1160 ότι
311 1105 410 1179 ἐγώ
452 1107 558 1180 εἰμι
588 1111 646 1159 τό
676 1116 780 1180 φῶς
809 1115 902 1162 τοῦ
930 1113 1154 1182 κόσμου.
1188 1109 1253 1164 Ὀ
1278 1105 1365 1161 οὖν
1391 1113 1615 1175 ἤκουσα,
1647 1117 1798 1162 τοῦτο

209 1195 344 1249 εἶπον
354 1239 365 1251 .

275 1286 386 1338 Οὐκ
417 1318 484 1326 --
513 1285 702 1357 ἔλεγεν.
748 1286 859 1339 Οὐκ
901 1288 1130 1358 ἔγνωσαν
1175 1289 1254 1339 ὅτι
1295 1292 1410 1362 περὶ
1460 1295 1552 1339 τοῦ
1598 1290 1800 1362 [ἰατρός

207 1375 378 1436 αὐτοῖς
424 1375 581 1446 ἔλεγε,
657 1383 748 1427 τοῦ
802 1378 951 1447 φύσει
1007 1379 1211 1450 Πατρός
1261 1376 1439 1430 αὐτοῦ.
1496 1377 1647 1437 Εἰκὸς
1696 1378 1798 1449 γὰρ

209 1465 393 1526 αὐτοῦς
433 1462 701 1534 διαπορεῖν
731 1468 861 1536 πρὸς
908 1462 1180 1531 ἀλλήλους,
1221 1465 1481 1537 λέγοντας,
1523 1470 1614 1526 Τίς
1659 1464 1798 1518 ἐστιν

206 1556 230 1607 6
283 1553 495 1626 πέμψας
539 1553 694 1606 αὐτόν
723 1571 736 1620 ;
769 1559 943 1605 καίτοι
990 1553 1231 1615 πολλάκις
1295 1554 1472 1614 αὐτοῖς
1524 1551 1795 1627 διειλέχθη

205 1649 318 1715 περὶ
372 1643 581 1696 ἐκείνου.
635 1650 896 1695 Τοσοῦτον
965 1651 1254 1716 προσεῖχον
1312 1650 1420 1704 τοῖς
1476 1642 1653 1714 λόγοις
1710 1644 1799 1695 αῦο

1910 493 2171 546 mundus
2201 507 2307 562 per
2336 507 2474 547 eum
2505 493 2573 546 ⁸⁸.

1983 582 2138 635 Vers.
2173 583 2259 634 26.
2292 579 2407 636 Sed
2435 611 2499 620 —
2521 587 2620 636 est.
2646 613 2710 622 —
2738 582 2851 651 Qui
2871 586 3027 640 misit
3052 601 3162 650 me,
3185 602 3307 643 non
3334 596 3572 645 utnunc

1903 667 2188 739 judicem,
2237 668 2340 722 sed
2395 675 2457 723 ut
2496 669 2741 726 salvem.
2783 673 2894 727 Aut
2925 687 3112 730 verax
3140 681 3246 740 est,
3305 691 3442 730 cum
3475 692 3572 732 me

1909 757 2094 813 lucem
2141 757 2353 812 mundi
2389 756 2741 815 nominavit.
2781 761 2953 828 Ecce,
2994 761 3206 834 inquit.
3235 763 3400 833 posui
3431 769 3484 820 te
3507 765 3569 821 in

1910 847 2096 902 lucem
2128 847 2397 914 gentium
2431 847 2500 912 ⁵⁷,
2534 847 2706 902 veluti
2727 847 2999 920 superius
3031 851 3426 919 significatum
3457 859 3565 907 est-

1980 936 2144 990 Vers.
2177 937 2264 988 26.
2318 934 2390 988 Et
2420 949 2518 1005 ego
2564 967 2622 976 —
2663 937 2897 992 mundo.
2940 937 3152 993 Audivi
3184 939 3262 994 ab
3301 955 3368 994 eo
3401 941 3570 997 etiam

1909 1023 2022 1079 hoc
2062 1022 2212 1078 inter
2261 1022 2396 1088 alia,
2439 1023 2604 1094 quod
2646 1039 2756 1094 ego
2787 1025 2900 1081 sim
2958 1026 3061 1082 lux
3119 1029 3385 1097 gentium
3443 1047 3456 1096 ;
3515 1035 3572 1086 et

1909 1115 2058 1167 inter
2083 1112 2200 1167 alia
2220 1111 2397 1166 etiam
2424 1111 2537 1166 hoc
2567 1113 2709 1178 dixi,
2734 1115 2900 1185 quod
2926 1129 3037 1184 ego
3064 1115 3178 1171 sim
3199 1116 3301 1172 lux
3334 1118 3564 1173 mundi.

1911 1202 2076 1267 Quod
2102 1214 2244 1270 ergo
2280 1199 2505 1265 audivi,
2539 1201 2654 1257 hoc
2692 1200 2837 1257 dixi.

1981 1290 2141 1346 Vers.
2185 1290 2278 1345 27.
2342 1288 2465 1344 Non
2518 1320 2586 1330 —
2634 1290 2887 1347 dicebat.
2948 1295 3075 1349 Non
3133 1299 3564 1366 cognoverunt,

1909 1379 2071 1452 quod
2111 1377 2185 1432 de
2234 1377 2403 1431 Patre
2456 1377 2536 1432 eis
2566 1377 2820 1445 dicebat,
2857 1379 2959 1452 qui
2995 1380 3108 1436 sibi
3164 1387 3372 1438 natura
3405 1386 3571 1438 Pater

1910 1473 2080 1524 esset.
2136 1464 2470 1522 Verisimile
2498 1468 2656 1523 enim
2697 1473 2802 1532 est,
2844 1468 3012 1541 quod
3049 1469 3392 1525 dubitantes
3421 1470 3572 1527 inter

1909 1573 1970 1612 se
2009 1554 2304 1627 rogabant
2331 1571 2342 1608 :
2373 1553 2516 1622 Quis
2555 1563 2662 1622 est,
2694 1557 2797 1627 qui
2830 1557 2987 1613 misit
3008 1557 3174 1613 illum
3200 1557 3228 1612 ?
3254 1560 3430 1632 Atqui
3461 1560 3572 1615 fre-

1907 1654 2158 1718 quenter
2205 1649 2288 1704 eis
2339 1648 2414 1703 de
2459 1647 2558 1702 illo
2606 1645 2986 1701 disseruerat.
3041 1647 3210 1716 Vide,
3260 1649 3570 1719 quomodo

203 1741 308 1797 τοῦ,
370 1731 558 1802 μᾶλλον
609 1728 689 1798 δὲ,
746 1739 994 1784 τοσοῦτον
1057 1728 1192 1789 ἦσαν
1245 1730 1615 1806 φρενοϐλαϐεῖς.
1653 1733 1798 1786 Εἰκό-

1925 1737 2288 1792 sermonibus
2304 1739 2434 1807 ejus
2451 1734 2858 1800 attendebant,
2875 1735 2996 1790 i'no
3019 1734 3237 1806 potius,
3261 1738 3570 1807 quomodo

204 1840 300 1882 τως
379 1817 466 1872 οὖν
519 1817 654 1873 εἶπεν
710 1821 906 1883 αὐτοῖς’
965 1822 1071 1879 Τὴν
1128 1819 1324 1894 ἀρχὴν,
1385 1823 1464 1874 ὅτι
1517 1827 1607 1874 καὶ
1665 1821 1799 1874 λαλῶ

204 1911 342 1981 ὑμῖν,

272 1996 428 2051 Εἶπεν
475 2029 542 2039 -
582 1998 708 2071 εἰμι.
760 1997 922 2052 Ὀταν
960 2001 1259 2071 κρεμάσητέ
1306 2018 1367 2072 με
1418 2001 1488 2061 ὡς
1533 2001 1800 2073 ἄνθρωπον

203 2086 282 2139 ἐπὶ
315 2096 570 2161 σταυροῦ,
610 2093 722 2140 τότε
773 2090 1037 2159 γνώσεσθε
1066 2090 1146 2140 ὅτι
1195 2087 1294 2159 ἐγώ
1339 2088 1465 2161 εἰμι,
1507 2085 1747 2146 δηλονότι
1777 2091 1801 2140 6

204 2179 321 2239 Υἱός
363 2184 456 2229 τοῦ
506 2184 637 2230 Θεοῦ
685 2182 775 2228 καὶ
824 2181 968 2238 Θεός.
1020 2177 1109 2240 Ὡς
1165 2180 1289 2237 Θεός
1339 2181 1438 2252 γὰρ
1495 2181 1664 2252 εῖρηκε
1719 2181 1800 2248 τὸ,

203 2265 332 2337 Ἐγώ
423 2266 548 2338 εἰμι.
608 2268 876 2318 Γνῶσεσθε
928 2262 987 2318 δι
1046 2275 1200 2319 τοῦτο
1251 2265 1354 2319 ἀπό
1416 2285 1470 2319 τε
1537 2275 1636 2320 τῶν
1713 2287 1776 2325 τη

202 2363 425 2407 νικαῦτα
601 2359 954 2428 γενησομένων
1005 2353 1382 2430 ἁναντιῤῥήτων
1434 2361 1682 2427 σημείων,
1713 2361 1802 2409 καὶ

206 2442 302 2496 ἀπὸ
360 2452 458 2506 τῆς
513 2443 564 2496 ἐκ
621 2452 810 2518 νεκρῶν
872 2442 1201 2504 ἁναστοὶσεώς
1257 2463 1380 2516 μου,
1430 2449 1514 2496 ναὶ
1565 2448 1667 2516 μὴν
1714 2450 1804 2498 καὶ

206 2531 302 2585 ἀπό
347 2541 447 2594 τῆς
500 2535 671 2585 ἔκτοτε
713 2531 1144 2606 καταληψομένης
1207 2536 1266 2585 τό
1318 2537 1461 2604 γένος
1511 2542 1610 2585 τῶν
1667 2534 1804 2586 ’1ου-

207 2619 369 2674 δαίων
423 2623 714 2694 θεομηνίας.
759 2624 904 2675 Μετὰ
944 2625 1043 2695 γὰρ
1097 2625 1154 2674 τό
1205 2625 1571 2696 σταυρωθῆναι
1626 2623 1800 2687 αὐτόν,

204 2717 289 2762 καὶ
326 2712 575 2782 γενέσθαι
622 2713 687 2762 τὰ
726 2709 916 2782 φοϐερὰ
954 2709 1120 2762 ἐκεῖνα
1174 2718 1384 2783 σημεῖα,
1434 2715 1621 2784 γράφει
1675 2718 1804 2765 Λουο

204 2808 294 2862 κάς
346 2803 430 2852 ὅτι
473 2805 564 2851 καὶ
611 2802 791 2860 πάντες
847 2802 896 2852 οἱ
941 2805 1453 2874 συμπαραγενόμενοι
1518 2799 1670 2871 ὄχλοι
1723 2798 1806 2851 ἐπὶ

207 2897 297 2944 τήν
405 2891 619 2964 θεωρίαν
708 2892 924 2954 ταύτην,
1019 2891 1323 2962 θεωροῦντες
1404 2891 1470 2941 τὰ
1540 2893 1803 2962 γενόμενα,

205 2983 482 3040 τύπτοντες
538 2977 730 3031 ἑαυτῶν
786 2981 852 3030 τὰ
911 2981 1078 3036 στήθη
1138 2981 1470 3052 ὑπέστρεφον.
1539 2978 1808 3051 Ἐγνωσαν

1909 1831 2107 1880 mente
2135 1827 2292 1898 capti
2324 1831 2517 1882 erant.
2558 1824 2754 1880 Merito
2783 1839 2927 1894 ergo
2973 1823 3121 1880 dixit
3151 1823 3261 1879 illis
3304 1841 3316 1879 :
3352 1827 3422 1880 In
3449 1827 3571 1896 pri-

1909 1915 2018 1970 mis
2039 1917 2192 1985 quod
2220 1917 2396 1971 etiam
2432 1915 2648 1984 toquar
2674 1912 2832 1968 vobis
2860 1914 2928 1966 ⁸⁸.

1980 2004 2142 2058 Vers.
2203 2004 2289 2058 28.
2340 2003 2497 2059 Dixit
2553 2032 2623 2042 —
2660 2003 2789 2057 sim.
2821 2002 2963 2056 Cum
3017 2001 3446 2073 suspenderitis
3475 2019 3570 2059 me

1910 2093 2082 2165 quasi
2118 2092 2424 2148 hominem
2457 2091 2514 2146 in
2549 2107 2742 2155 cruce,
2777 2096 2918 2145 tunc
2949 2090 3348 2162 cognoscetis,
3400 2093 3567 2162 quod

1911 2196 2043 2250 ego,
2073 2182 2206 2246 sim,
2250 2180 2519 2236 videlicet
2552 2179 2727 2236 Filius
2777 2178 2872 2234 Dei
2927 2184 2984 2234 et
3032 2178 3208 2234 Ueus.
3265 2182 3412 2235 Nam
3441 2185 3570 2236 tan-

1911 2287 2094 2342 quam
2121 2273 2270 2326 Deus
2299 2269 2444 2326 dixit
2477 2292 2488 2324 :
2514 2270 2632 2340 Ego
2661 2269 2792 2323 sim.
2825 2269 3204 2336 Cognoscetis
3231 2275 3433 2323 autem
3457 2268 3572 2324 hoc

1912 2375 1949 2416 a
1999 2359 2205 2430 signis,
2238 2375 2374 2432 qum
2424 2363 2564 2414 tunc
2608 2357 2770 2422 ﬁent,
2803 2357 3015 2427 quibus
3067 2356 3390 2411 contradici
3450 2372 3572 2412 non

1913 2450 2141 2520 poterit,
2195 2456 2250 2503 et
2295 2464 2331 2503 a
2384 2445 2807 2503 resurrectione
2840 2460 2974 2500 mea
3003 2461 3038 2500 a
3082 2445 3372 2500 mortuis:
3408 2445 3576 2500 insu-

1910 2554 2018 2611 per
2047 2537 2225 2594 etiam
2265 2535 2343 2592 ab
2373 2536 2462 2592 ira
2491 2535 2716 2598 divina,
2756 2549 2889 2604 qua:
2917 2539 3056 2588 tunc
3087 2549 3275 2603 genus
3308 2549 3575 2605 compre-

1912 2626 2134 2682 hendet
2157 2625 2523 2680 Judaaorum.
2553 2622 2862 2694 Siquidem
2884 2627 3208 2693 postquam
3229 2621 3398 2676 illum
3431 2638 3571 2676 cru-

1915 2715 2226 2770 ciﬁxerunt
2255 2719 2312 2769 et
2342 2712 2638 2784 stupenda
2664 2711 2762 2766 illa
2793 2711 2969 2780 signa
3001 2709 3159 2766 facta
3189 2716 3340 2776 sunt,
3375 2710 3577 2765 scribit

1917 2804 2188 2868 Lucas",
2211 2801 2375 2874 quod
2405 2816 2616 2855 omnes
2635 2799 2836 2861 turbm,
2853 2813 2988 2869 quae
3003 2797 3178 2852 simul
3199 2803 3576 2854 accesserant

1915 2891 1994 2948 ad
2047 2889 2446 2962 spectaculum
2477 2887 2655 2947 istud.
2690 2893 2744 2942 et
2792 2886 3094 2951 videbant,
3137 2900 3274 2957 qua),
3325 2885 3572 2951 ﬂebant,

1917 2978 2312 3051 percutientes
2345 2981 2584 3050 pectora
2611 2991 2722 3030 sua
2748 2974 3214 3030 revertebantur.
3247 2973 3578 3044 Cognosce-

206 3072 292 3140 μιν
349 3070 455 3141 ⁴γὰρ
509 3069 587 3119 ότι
649 3069 777 3127 θεῖος
830 3069 1097 3141 ἄνθρωπος
1156 3071 1307 3129 ὅντως
1361 3064 1442 3133 ἦν,
1519 3073 1608 3120 καὶ
1679 3087 1806 3139 συμ-

1925 3067 2268 3130 bantenim,
2320 3064 2485 3138 quod
2533 3079 2665 3118 vere
2713 3063 2951 3118 divinus
2981 3063 3166 3117 homo
3197 3068 3372 3131 esset,
3397 3067 3453 3118 et
3494 3061 3576 3118 illi

205 3160 415 3228 πάσχει
455 3156 593 3226 αὐτῷ
641 3157 670 3213 ἠ
704 3161 893 3222 κτίσις,
948 3161 1019 3228 μὴ
1053 3160 1283 3230 φέρουσα
1319 3160 1376 3208 τό
1422 3158 1581 3217 πάθος
1630 3156 1804 3208 αὐτοῦ’

205 3251 272 3318 μὴ
323 3245 608 3316 τολμῶντες
653 3241 711 3297 δι
759 3243 926 3297 λαλεῖν
983 3241 1078 3297 διὰ
1127 3249 1216 3298 τόν
1265 3243 1417 3316 φόϐον
1473 3254 1572 3297 τῶν
1621 3243 1812 3319 ἀρχόν-

206 3353 324 3399 των,
363 3336 582 3386 ἔτυπτον
620 3335 685 3386 re
716 3335 879 3392 στήθη
928 3333 1114 3405 αὐτῶν,
1161 3338 1492 3406 σημαίνοντες
1537 3339 1632 3393 τὴν
1671 3333 1813 3396 ἐντός

205 3419 425 3480 ὀδύνην.
494 3421 818 3474 ’Υπὼπτευον
873 3424 970 3494 ’γὰρ
1037 3423 1118 3474 ὅτι
1170 3426 1328 3474 κακόν
1397 3421 1678 3480 ἀνήκεστον
1751 3425 1810 3474 τό

202 3516 348 3584 γένος
402 3511 538 3563 ἅπαν
576 3513 809 3564 πείσεται
851 3507 924 3563 δι’
964 3511 1139 3565 αὐτόν.
1195 3516 1293 3564 Καὶ
1339 3514 1440 3584 γὰρ
1485 3517 1572 3564 καὶ
1625 3513 1651 3563 6
1698 3511 1811 3564 ἑκα-

202 3605 502 3674 τόνταρχος
556 3604 646 3652 καὶ
684 3602 732 3652 οἰ
775 3601 885 3673 μετ’
925 3599 1085 3652 αὐτοῦ
1121 3608 1390 3673 τηροῦντες
1443 3605 1527 3654 τόν
1585 3601 1808 3667 Ἰησοῦν,

203 3692 267 3750 ὦς
325 3707 468 3761 φησι
523 3689 812 3755 Ματθαίος,
874 3685 1071 3750 ἰδόντες
1123 3689 1237 3760 (41)
1295 3691 1362 3741 τὰ
1404 3694 1650 3762 γενόμενα
1702 3688 1812 3762 ἐφο-

205 3777 454 3837 ϐήθησαν
509 3773 736 3851 σφόδρα,
791 3777 1036 3849 λέγοντες
1102 3777 1328 3838 Ἀληθῶς
1381 3786 1513 3831 Θεοῦ
1571 3781 1693 3840 Υἱός
1752 3775 1813 3836 ἦν

203 3867 380 3929 οὗτος.

275 3956 443 4010 ’Λλλά
493 3959 582 4007 καὶ
613 3954 762 4007 αὐτοὶ
806 3957 855 4008 οἱ
901 3955 1157 4030 ἄρχοντες
1203 3964 1302 4008 τῶν
1334 3951 1604 4009 Ἰουδαίων
1654 3959 1814 4028 ἔγνω-

208 4065 303 4099 σαν
331 4051 455 4099 τότε
500 4046 576 4097 ὃτι
624 4052 758 4098 Θεοῦ
807 4047 927 4106 Υἱός
971 4041 1053 4113 ἦν,
1086 4050 1178 4098 καὶ
1227 4049 1377 4113 Θεὸς,
1419 4045 1462 4097 εἰ
1519 4050 1608 4097 καὶ
1654 4064 1814 4097 πεπα-

204 4142 413 4192 τήκασι
443 4139 538 4191 τὴν
585 4130 891 4192 συνείδησιν
932 4133 1126 4186 ἑαυτῶν
1177 4130 1250 4186 δι’
1291 4133 1579 4208 ὑπερϐολὴν
1629 4135 1812 4206 φθόνον

204 4230 294 4276 καὶ
359 4226 574 4297 μανίας.
654 4226 810 4294 Λέγει
877 4225 978 4295 γὰρ
1052 4223 1206 4275 πάλιν
1263 4225 1289 4275 6
1358 4225 1626 4285 Ματθαίος
1660 4237 1672 4250 °
1736 4223 1815 4274 ότι

205 4311 353 4367 Ἰδού

205 4403 382 4473 πόλιν,
515 4403 838 4472 ἀπήγγειλαν
961 4407 1072 4462 τοῖς

515 4401 838 4472 ἀπήγγειλαν
961 4407 1072 4462 τοῖς
1165 4401 1500 4476 ἀρχιερεῦσιν

202 4495 271 4544 τὰ
298 4496 575 4563 γενόμενα.
625 4496 725 4543 Καὶ
757 4491 1104 4562 συναχθέντες
1131 4493 1264 4563 μετὰ
1303 4499 1400 4543 τῶν
1443 4489 1816 4565 πρεσϐυτέρων,

207 4577 537 4653 συμϐούλιόν
612 4597 667 4630 τε
724 4577 985 4645 λαϐόντες,

202 4676 314 4729 τοῖς
354 4673 724 4742 στρατιώταις,
775 4666 1020 4739 λέγοντες·
1076 4670 1286 4735 Εἴπατε,
1340 4669 1419 4721 ὅτι
1468 4669 1536 4724 Οἱ
1587 4670 1820 4740 μαθηταὶ

202 4759 378 4810 αὑτοῦ
401 4759 587 4818 νυκτός
613 4754 860 4820 ἐλθόντες,
882 4755 1098 4828 ἔκλεψαν
1119 4757 1275 4810 αὐτὸν
1302 4758 1331 4815 ἠ
1339 4765 1447 4829 μῶν
1468 4760 1819 4829 κοιμώμένων,

202 4852 296 4901 καὶ
331 4848 409 4899 τὰ
435 4845 521 4909 ἐξῆ
532 4865 575 4908 ς.

278 5001 333 5036 ⁸⁸
359 4999 537 5056 Joan.
565 5013 645 5068 ιιι,
670 4997 754 5055 t7.

201 5087 422 5137 xxvm,
468 5071 650 5128 ll-l3.

831 5000 878 5036 ⁵⁷
905 4998 1022 5058 lsa.
1050 5015 1204 5068 χιιι,
1228 5001 1283 5058 6.

1849 4271 1896 4326 D

455 4331 584 4372 τινες
657 4319 752 4374 τῆς
831 4307 1160 4375 κουστωδίας
1244 4311 1470 4375 ἐλθόντες
1568 4313 1637 4375 εἰς
1724 4317 1816 4370 τὴν

1614 4402 1818 4454 ἅπαντα

1069 4577 1298 4652 ἀργύρια
1390 4581 1540 4631 ἱκανά
1618 4575 1819 4631 ἔδωκαν

1361 5000 1408 5037 ⁸⁸
1447 4999 1618 5058 Joan.
1644 5000 1865 5065 vm,25.

1919 3161 2356 3228 compateretur
2381 3160 2650 3208 creatura
2678 3169 2689 3207 :
2730 3169 2866 3208 cum
2899 3158 3096 3206 autem
3125 3151 3286 3224 loqui
3321 3167 3442 3206 non
3473 3167 3578 3206 au-

1920 3247 2125 3301 derent
2177 3250 2414 3316 propter
2455 3242 2716 3297 timorem
2777 3239 3123 3312 principum,
3165 3239 3580 3312 percutiebant

1922 3339 2158 3406 pectora
2182 3348 2308 3401 sua,
2336 3331 2739 3401 signiﬁcantes
2769 3328 3040 3383 dolorem
3071 3328 3432 3383 interiorem.
3466 3327 3576 3381 Su-

1921 3421 2306 3494 spicabantur
2339 3433 2595 3490 namque
2634 3418 2902 3472 futurum
2941 3432 3089 3484 esse,
3124 3420 3187 3470 ut
3220 3414 3444 3470 malum
3473 3414 3581 3470 a11-

1919 3512 2083 3584 quod
2097 3508 2524 3566 irremediabile
2541 3512 2780 3579 propter
2793 3505 2944 3561 illum
2959 3520 3129 3560 omne
3144 3520 3334 3575 genus
3348 3503 3377 3558 J
3388 3505 3585 3560 udeeo-

1919 3617 2054 3657 rum
2109 3603 2468 3656 concuteret.
2515 3597 2661 3652 Nam
2696 3600 2751 3652 et
2793 3596 3079 3662 centurio,
3113 3601 3170 3650 et
3197 3593 3294 3666 qui
3326 3610 3465 3649 cum
3510 3609 3582 3649 eo

1919 3693 2108 3755 erant,
2131 3690 2670 3755 servantesJesum,
2691 3690 2752 3740 ut
2773 3684 2852 3741 ait
2877 3683 3202 3749 Mattheus,
3233 3699 3373 3738 cum
3402 3681 3582 3737 vidis-

1922 3784 2050 3834 sent
2071 3794 2206 3848 quaa
2228 3778 2470 3844 ﬂebant,
2493 3776 2869 3832 vehementer
2889 3772 3065 3830 territi
3093 3778 3249 3838 sunt,
3274 3772 3538 3828 dicentes
3567 3790 3580 3828 :

1929 3867 2070 3925 Vere
2098 3868 2290 3923 Filius
2331 3867 2430 3922 Dei
2456 3871 2576 3921 erat
2615 3865 2724 3920 iste
2762 3865 2830 3917 ⁸ο.

1997 3957 2105 4012 Sed
2163 3963 2220 4010 et
2266 3955 2376 4025 ipsi
2419 3952 2717 4025 principes
2773 3951 3116 4006 Iudaeorum
3167 3953 3589 4018 cognoverunt

1925 4048 2063 4098 tunc
2092 4041 2255 4114 quod
2288 4042 2382 4096 Dei
2427 4041 2600 4094 Filius
2632 4043 2834 4093 eratet
2863 4039 3038 4100 Deus,
3064 4053 3413 4109 quanquam
3444 4051 3580 4107 pro-

1926 4134 2118 4205 priam
2149 4129 2652 4186 conculcaverunt
2679 4127 3128 4188 conscientiam,
3161 4125 3591 4180 nimiainvidia

1925 4237 1996 4276 ac
2021 4220 2265 4275 insania.
2300 4219 2392 4272 Ait
2417 4217 2578 4272 enim
2609 4231 2839 4270 rursum
2872 4215 3178 4270 Matthmus
3233 4228 3245 4268 :
3282 4213 3436 4267 Ecce
3464 4211 3590 4281 qui-

1925 4310 2063 4366 dam
2080 4308 2146 4363 de
2163 4306 2500 4364 custodibus
2520 4308 2805 4360 venerunt
2821 4302 2881 4356 in
2899 4303 3194 4357 civitatem
3211 4306 3262 4355 et
3283 4301 3591 4355 renuntia-

1930 4403 2131 4455 verunt
2151 4394 2525 4466 principibus
2549 4391 2922 4448 sacerdotum
2948 4389 3216 4444 universa
3232 4402 3360 4457 quae
3382 4387 3594 4443 accide-

1927 4492 2063 4544 rant
2087 4501 2098 4540 :
2119 4464 2528 4554 etcongregriti
2548 4497 2679 4536 cum
2710 4477 3034 4535 senioribus
3054 4476 3299 4544 accepto
3332 4474 3588 4542 consitio,

1923 4575 2203 4648 pecunias
2236 4574 2452 4628 muttas
2471 4571 2760 4626 dederunt
2786 4561 3066 4621 militibus
3093 4566 3350 4620 dicentes
3382 4565 3596 4620 :Dicite

1929 4664 2210 4736 Discipuli
2227 4665 2350 4731 ejus
2372 4667 2535 4716 nocte
2557 4660 2863 4720 venerunt,
2889 4658 2943 4710 et
2963 4654 3162 4724 furati
3178 4660 3315 4709 sunt
3338 4669 3469 4710 eum
3492 4668 3595 4710 no-

1932 4754 2012 4810 bis
2046 4751 2468 4809 dormientibus
2510 4750 2576 4814 σί,
2610 4753 2668 4802 et
2697 4750 2932 4801 caetera.

1941 4998 1988 5035 ⁸ο
2017 4997 2156 5053 Luc.
2196 5009 2359 5062 χχιιι,
2399 4991 2490 5049 48.
2591 4993 2638 5028 ⁸ο
2661 4988 2867 5048 Matth.
2903 4987 3226 5055 xxxvn,54.
3305 4989 3350 5024 ⁶¹
3379 4985 3587 5044 Matth.

1452 5195 1674 5266 Variae
1704 5193 2029 5263 lectiones
2079 5201 2145 5261 et
2182 5201 2384 5260 notae.

281 5311 411 5454 ρο)
452 5309 754 5384 Γωόμένων,
786 5315 842 5367 Β.

308 5385 407 5451 41)
442 5385 542 5436 Τόν
586 5385 819 5454 σεισμόν

308 5381 407 5463 μ)
442 5385 542 5463 Τόν
562 5381 819 5463 λσεισμόν
869 5385 960 5463 καί
1010 5381 1192 5463 iidem
1241 5383 1480 5463 codices
1527 5381 1827 5463 Euthymii

201 5453 506 5514 omittunt
523 5453 699 5527 etiam
717 5453 776 5527 in
795 5459 1074 5511 contextu
1093 5455 1253 5527 apud
1273 5457 1629 5512 Matthaaum.
1650 5453 1830 5527 Chry-

205 5533 532 5597 sostomus
550 5525 713 5580 hunc
729 5524 928 5597 locum
952 5524 1455 5597 negligentissime
1475 5533 1701 5591 tractat,
1719 5524 1830 5597 Lu-

204 5615 357 5658 cam
388 5596 611 5670 potius,
643 5611 830 5668 quam
858 5596 1177 5654 Mathaéum
1207 5598 1629 5671 interpretans.
1660 5596 1829 5653 Vide-

554 5693 796 5750 Ριιιιτοι.
841 5693 924 5750 Cm
937 5737 951 5754 .
1001 5694 1246 5754 CXXIX.

1941 5314 2085 5366 tom.
2117 5310 2230 5372 VII,
2261 5325 2319 5379 p.
2353 5309 2459 5364 826
2495 5308 2570 5379 Ε.
2616 5302 2819 5379 Ceteri
2846 5300 3090 5379 codices
3123 5300 3186 5379 ri.
3229 5292 3600 5379 festamenti

1938 5397 2075 5436 cum
2109 5366 2367 5445 scholiis,
2411 5376 2748 5450 cujusmodi
2788 5373 2865 5450 ad
2897 5389 3116 5450 manus
3144 5366 3599 5450 habuitljluthy-

1937 5453 2116 5519 mins,
2145 5453 2259 5506 ista
2285 5438 2546 5505 servan't.
2590 5449 2652 5503 Id
2683 5444 3024 5519 intelligitur
3054 5458 3125 5519 ex
3155 5456 3289 5519 mea
3313 5438 3593 5519 editione.

1939 5526 2088 5594 Ergo
2103 5511 2422 5594 'Euthymii
2452 5519 2776 5577 auctoritas
2804 5511 3004 5581 valere
3059 5513 3174 5569 hoc
3207 5511 3340 5568 loco
3370 5511 3594 5579 nequit.

3277 5677 3342 5736 41
