4038 6226
278 307 386 373 1293
1227 300 1596 376 COMMENT.
1640 315 1710 375 IN
1748 299 2098 379 JOANNBM.
2147 352 2215 364 -
2252 306 2408 381 CAP.
2448 308 2597 382 Vni.
2739 317 2742 320 ’
3457 272 3599 386 429i

272 445 442 514 ταχέως
461 439 811 503 ἀπεπήδησαν
841 447 932 497 καὶ
959 446 1091 519 πρὸς
1116 443 1289 517 ὕϐρεις
1319 444 1511 518 μᾶλλον
1540 444 1827 520 ἐξετράπη-

1978 451 2070 504 cet
2107 447 2219 521 ipsi
2249 449 2420 506 citius
2461 450 2540 505 ab
2569 465 2641 507 eo
2688 452 3071 520 recedebant,
3124 457 3179 511 et
3218 454 3297 512 ad
3344 454 3597 527 injurias

276 550 371 588 σαν.
1937 536 2134 606 magis
2160 535 2579 595 deﬂectebant.

335 619 510 693 Ἔλεγεν
540 652 609 662 -
633 616 941 684 Ἰουδαίους.
972 625 1108 696 ῐῐρός
1122 626 1237 685 τοὺς
1257 627 1670 686 πεπιστευκότας
1698 629 1830 693 τότε,

274 710 336 772 ὡς
362 712 566 785 εἴρηται,

1984 715 2165 770 ictum
2192 719 2294 781 est,
2328 714 2721 773 crediderant.

337 798 432 853 Ἐὰν
456 830 518 842 --
549 798 687 857 ἐστί.
733 799 853 854 Ἐὰν
901 802 1050 875 ύμείς
1085 801 1379 875 ἐμμείνητε,
1410 803 1476 864 ὡς
1528 810 1630 856 τῶν
1670 802 1834 856 ἄλλων

2014 802 2177 859 Vers.
2201 803 2290 858 3t.
2324 803 2408 859 Sit
2428 804 2695 861 —-eritis.
2729 806 2787 861 Si
2812 822 2914 864 vos
2939 809 3413 880 permanseritis,
3448 809 3602 866 sicut

273 893 337 961 μὴ
362 886 710 962 ἐμμεινοίντων,
763 895 892 963 περὶ
929 892 998 943 ὧν
1054 888 1191 945 εἶπεν
1248 893 1274 945 ὁ
1322 890 1661 964 εὐαγγελιστὴ
1674 913 1714 957 ς,
1755 893 1837 945 ὅτι

1982 891 2042 947 1ἰὶ
2074 908 2195 948 non
2249 900 2727 963 permanserunt,
2768 893 2843 951 de
2873 895 3097 967 quibus
3145 896 3299 952 dixit
3346 912 3601 967 evange-

276 978 433 1031 Πολλοὶ
460 977 687 1038 ἀπῆλθον
717 987 817 1032 τῶν
843 981 1092 1052 μαθητῶν
1118 981 1295 1045 αὐτοῦ,
1328 981 1401 1044 εἰς
1423 982 1488 1033 τὰ
1530 979 1718 1047 ὀπίσω,
1747 986 1836 1034 καὶ

1978 987 2077 1037 ista
2097 998 2110 1037 :
2131 981 2311 1037 Mulli
2329 982 2715 1051 exdisciputis
2728 985 2856 1054 ejus
2881 985 3158 1041 abierunt
3185 993 3530 1049 retrorsum,
3545 992 3599 1043 et

272 1067 355 1119 οὐκ
374 1070 439 1120 in
466 1066 573 1140 μετ’
600 1067 759 1121 αὐτοῦ
808 1071 1172 1143 περιεπάτουν.
1226 1069 1344 1122 Ἐὰν
1370 1071 1512 1142 ὑμεῖς
1542 1069 1834 1142 ἐμμείνητε,

1978 1086 2069 1127 am
2108 1086 2228 1125 non
2266 1085 2395 1127 cum
2434 1087 2495 1127 eo
2520 1072 2913 1129 ambulabant
2940 1074 3009 1126 “.
3047 1103 3113 1114 —-
3139 1073 3201 1130 Si
3231 1089 3351 1139 vos,
3383 1076 3597 1147 inquit,

271 1162 401 1228 φησὶ,
429 1166 499 1228 τῷ
524 1156 662 1230 λόγῳ
684 1165 757 1229 τῷ
795 1156 924 1230 ἐμῷ,
954 1164 1117 1230 ἤγουν
1167 1167 1231 1232 τῇ
1281 1155 1612 1232 διδασκαλίᾳ
1648 1177 1747 1231 μου
1777 1158 1838 1216 ἣν

1978 1160 2452 1216 verseveraveritis
2478 1160 2542 1215 in
2584 1176 2837 1217 sermone
2877 1176 3021 1227 meo,
3057 1163 3183 1218 sive
3238 1163 3299 1218 in
3330 1161 3602 1219 doctrina

269 1242 449 1309 διδάξω
476 1252 630 1319 ὑμᾶς,
662 1252 779 1300 τότε
831 1246 1037 1312 ἀληθῶς
1072 1250 1307 1321 μαθηταί
1358 1250 1459 1321 μού
1511 1246 1650 1305 ἐστε.
1678 1251 1837 1300 Οὔπω

1978 1263 2304 1321 nea,quam
2326 1263 2440 1320 ego
2461 1248 2687 1306 docebo
2706 1266 2832 1315 vos,
2856 1256 2994 1310 tunc
3020 1266 3149 1309 vere
3179 1251 3468 1322 discipuli
3490 1252 3604 1308 mei

266 1336 359 1407 γάρ
377 1333 499 1388 ἐστε.

1978 1337 2112 1393 ritis
2141 1340 2230 1404 δας
2258 1338 2526 1395 nondum
2553 1338 2715 1395 enim
2746 1340 2910 1398 estis.

337 1429 419 1477 Καὶ
452 1426 714 1494 γνώσεσθε
742 1430 837 1485 τὴν
876 1423 1140 1484 ἀλήθειαν.
1164 1426 1306 1498 Ἐμέ.
1338 1426 1475 1497 Ἐγὼ
1503 1426 1625 1499 γὰρ,
1656 1427 1831 1498 φησὶν,

2025 1426 2182 1483 Vers.
2212 1429 2302 1484 32.
2341 1428 2419 1483 Et
2443 1429 2797 1500 cognoscetis
2827 1429 3152 1487 veritatem.
3187 1430 3309 1485 Hoc
3338 1433 3429 1485 est
3461 1443 3557 1485 me
3583 1442 3600 1485 :

267 1509 409 1584 εἰμὶή
436 1510 525 1571 uti:
537 1514 672 1569 θεια.
706 1517 821 1584 (45)
848 1516 1116 1567 Γνώσεσθε
1140 1517 1234 1573 τὴν
1266 1514 1507 1573 ἀλήθειαν
1534 1515 1658 1588 παρ’
1689 1513 1833 1587 ἐμοῦ.

1978 1517 2080 1587 Ego
2111 1516 2291 1582 enim,
2324 1516 2426 1587 ait,
2452 1532 2577 1573 sum
2607 1518 2837 1575 veritas.
2872 1517 3260 1587 Cognoscetis
3285 1531 3425 1573 ame
3459 1516 3605 1573 veri-

265 1602 339 1652 Τὰ
360 1603 451 1675 γὰρ
476 1605 665 1674 νομικὰ
704 1605 877 1656 πάντα
908 1606 1067 1664 τύπος
1112 1609 1205 1657 καὶ
1235 1605 1362 1657 σκιὰ
1410 1608 1502 1657 καὶ
1549 1603 1698 1657 εἰκὼν
1745 1611 1841 1665 τῆς

1978 1611 2149 1661 atem.
2181 1608 2326 1661 Nam
2358 1605 2565 1663 omnia
2594 1606 2810 1677 legalia
2828 1605 3043 1678 ﬁgura,
3076 1607 3289 1663 umbra
3317 1614 3373 1664 et
3399 1607 3604 1678 imago

266 1686 491 1753 ἀληθείας
519 1691 643 1745 εἰσί.

1982 1699 2085 1749 unt
2112 1695 2387 1750 veritatis.

1873 1803 1913 1857 Β
2024 1783 2186 1841 Vers.
2214 1783 2299 1841 32.
2324 1784 2400 1839 Et
2429 1815 2497 1826 —
2527 1799 2643 1841 vos.
2686 1786 2731 1840 Α
2765 1785 3041 1857 peccatis.

2022 1873 2186 1928 Vers.
2229 1877 2315 1928 33.
2349 1874 2781 1946 Responderunt
2801 1906 2870 1915 —
2894 1874 3232 1945 efﬁciemini
3262 1876 3291 1930 ?
3324 1873 3607 1930 Omitten-

1949 1968 2040 2018 tes
2062 1963 2276 2028 dicere,
2306 1962 2458 2029 Quid
2487 1978 2631 2033 ergo
2662 1965 2691 2021 7
2722 1964 2889 2021 Falsa
2929 1970 3018 2020 est
3046 1964 3136 2020 lex
3184 1964 3212 2019 ?
3250 1963 3478 2019 falsane
3517 1964 3609 2019 est

1950 2052 2290 2108 Judseorum
2318 2051 2564 2109 scientia
2591 2053 2618 2109 ?
2649 2053 2770 2109 Hoc
2791 2053 3037 2126 quidem
3068 2068 3191 2109 non
3221 2053 3431 2109 dicunt
3463 2067 3478 2118 ;
3512 2068 3611 2106 ne-

1950 2156 2069 2213 que
2098 2140 2259 2196 enim
2305 2141 2432 2196 haec
2480 2140 2592 2197 illis
2636 2156 2789 2198 cura;
2820 2142 3077 2207 fuerunt,
3112 2141 3219 2197 sed
3266 2141 3341 2197 de
3387 2140 3610 2213 injuria

1953 2229 2277 2302 corporalis
2325 2230 2738 2300 generositatis
2769 2230 3174 2300 indignantur,
3210 2230 3608 2302 suspicantes,

1952 2319 2116 2392 quod
2142 2324 2428 2391 tanquam
2452 2318 2633 2374 servis
2650 2318 2901 2390 alicujus
2931 2318 3189 2374 hominis
3207 2317 3414 2374 dixerit
3444 2316 3610 2388 ipsis,

1957 2406 2250 2462 Liberabit
2281 2422 2398 2463 vos.
2432 2407 2632 2462 Merito
2661 2421 2800 2477 ergo
2830 2406 3068 2463 dicebat
3094 2409 3349 2462 Joannes
3378 2422 3393 2461 :
3427 2406 3517 2462 Ne
3532 2403 3614 2462 vi-

1956 2495 2212 2553 deamini
2220 2496 2415 2553 dicere
2424 2496 2583 2553 intra
2599 2498 2953 2563 vos,Patrem
2968 2493 3612 2553 habemusAbraham".

1966 2585 2382 2656 Hujuacemodi
2430 2601 2574 2640 sane
2620 2590 2790 2641 erant
2826 2584 3166 2640 Judseorum
3212 2582 3612 2653 gloriationes.

2013 624 2171 681 Vers.
2201 629 2289 682 3t.
2322 626 2487 682 Dixit
2513 657 2577 668 -
2611 627 2865 685 Iudaeos.
2899 629 2988 685 Ad
3019 646 3144 701 eos,
3171 630 3276 704 qui
3320 636 3483 702 tunc,
3536 636 3597 689 ut

337 1783 422 1831 Καὶ
452 1811 511 1822 -ο
538 1781 693 1853 ὑμᾶς.
724 1780 852 1835 Ἀπὸ
884 1790 984 1834 τῶν
1005 1779 1297 1857 ἁμαρτιῶν,

332 1867 700 1943 Ἀπεκρίθησαν
782 1901 851 1911 -—
930 1872 1211 1943 γενήσεσθε
1276 1886 1290 1937 ;
1355 1871 1585 1943 ’Λφέντες
1661 1870 1838 1936 εἰπεῖν,

260 1962 321 2009 Τί
363 1953 441 2009 οὖν
474 1976 486 2025 ;
514 1955 709 2029 ψευδος
758 1960 784 2011 ὁ
832 1963 986 2032 νόμος
1015 1976 1029 2026 ;
1062 1956 1269 2031 ψευδὴς
1312 1958 1428 2030 (46)
1481 1960 1511 2017 ἡ
1559 1966 1660 2011 τῶν
1708 1959 1839 2011 ’1ου-

262 2043 414 2098 δαίων
436 2054 630 2118 γνῶσις
664 2064 679 2115 ;
710 2056 865 2101 τοῦτο
911 2050 1004 2122 μὶν
1058 2048 1117 2102 ού
1149 2047 1362 2119 λέγουσι
1400 2065 1413 2078 ⁸
1447 2055 1548 2100 τῶν
1593 2049 1841 2101 τόιούτων

255 2137 355 2209 γάρ
387 2135 474 2188 ούκ
501 2135 671 2210 ἔμελεν
701 2137 874 2198 αὐτοῖς
914 2153 932 2172 ο
969 2137 1054 2191 ἰπὶ
1097 2145 1160 2211 τῇ
1219 2135 1364 2212 ὕϐρει
1417 2132 1478 2190 δε
1531 2145 1627 2200 τῆς
1667 2155 1842 2209 σωμα-

253 2232 393 2285 τικῆς
462 2224 705 2298 εὐγενείας
789 2224 1195 2299 ἀγανακτοῦσιν,
1276 2226 1696 2287 ὑποπτεύσαντες
1773 2228 1844 2286 ὡς

255 2308 451 2376 δούλοις
500 2313 771 2389 ἀνθρώπου
825 2319 967 2378 τινός
1020 2315 1177 2368 εἰπεῖν
1233 2314 1412 2378 αὐτοῖς
1478 2314 1561 2367 ὅτι
1619 2314 1842 2367 Ἐλευθεο

252 2407 408 2475 ρώσει
474 2404 628 2475 ὑμᾶς.
681 2404 908 2466 Εἱκοτως
953 2401 1040 2457 οὖν
1096 2405 1124 2457 ὁ
1179 2404 1420 2466 Ἰωάννης
1488 2403 1602 2475 (47)
1654 2402 1795 2475 ἢεγε
1825 2433 1841 2452 ο

255 2496 337 2550 Μὴ
392 2488 575 2556 δόξητε
636 2492 801 2567 λέγειν
896 2492 945 2546 ἐν
1027 2492 1226 2555 ἑαυτοῖς
1280 2509 1295 2524 θ
1370 2497 1577 2569 Πατέρα
1655 2495 1845 2566 ἔχομεν

260 2587 348 2634 τόν
398 2582 655 2659 Ἁϐραάμ.
715 2590 947 2637 Τοιαῦτα
996 2585 1099 2657 γὰρ
1146 2586 1213 2636 τὰ
1276 2591 1376 2635 τῶν
1435 2578 1706 2636 Ἰουδαίων
1758 2581 1846 2634 αύ-

256 2676 479 2744 χήματα
542 2674 676 2745 (48).
705 2677 790 2733 Μὴ
849 2675 1059 2745 ἔχοντες
1114 2674 1216 2746 γὰρ
1259 2672 1477 2735 οἰκείαις
1536 2669 1743 2747 ἀρεταῖς
1773 2670 1846 2724 ἐν·

260 2763 618 2834 σεμνύνεσθαι,
686 2767 782 2821 τὴν
847 2771 949 2815 τῶν
1025 2766 1292 2835 προγόνων
1376 2760 1631 2833 εύγίνειαν
1695 2779 1846 2835 etpos-

258 2849 515 2905 ϐάλλοντο,
544 2856 608 2905 Τί
636 2848 725 2904 οὖν
754 2853 779 2905 ὁ
811 2855 1044 2925 Χριστός
1073 2869 1087 2920 ;
1119 2851 1231 2903 Ούκ
1260 2849 1465 2922 ἤλεγξεν
1506 2849 1697 2912 αύτούς
1722 2848 1852 2902 πολ-

255 2941 407 3003 λάκις
460 2938 839 3003 δουλεύσαντας
898 2942 1198 3013 Αἰγυπτίοις
1262 2946 1349 2994 καὶ
1403 2938 1740 3001 Βαϐυλωνίοις
1761 2944 1852 2992 καὶ

258 3027 525 3105 διαφόροις
550 3031 725 3092 ἄλλοις
766 3033 960 3084 ἔθνεσιν
995 3048 1009 3060 ·
1044 3030 1172 3083 ἀλλὰ
1209 3032 1404 3088 ταύτην
1451 3032 1541 3101 μεν
1579 3033 1673 3088 τὴν
1723 3025 1854 3082 δον-

255 3119 395 3172 λείαν
430 3116 761 3196 παρέδραμεν
797 3123 861 3181 ὡς
911 3115 1063 3173 ούδεν
1094 3118 1435 3192 βλάπτουσαν
1478 3122 1572 3178 τὴν
1607 3117 1852 3190 ψυχικὴν

253 3209 531 3281 εὐγένειαν.
565 3214 682 3285 περὶ
732 3205 793 3262 δε
842 3217 939 3272 τῆς
989 3207 1250 3284 ἁμαρτίας
1307 3213 1488 3281 φησὶν,
1521 3210 1633 3268 ἣτις
1688 3207 1851 3267 αὐτὴν

254 3298 485 3372 βλάπτει
511 3294 938 3366 καταδουλοῦσα,
970 3294 1030 3360 ἧς
1054 3299 1085 3357 ἠ
1121 3293 1337 3351 δουλεία
1362 3296 1735 3369 χαλεπωτάτη,
1767 3294 1854 3369 ἀφ’

249 3389 309 3449 ἧς
345 3387 602 3464 ἐλευθεροί
622 3387 730 3460 οὐχ
750 3388 931 3462 ἔτερος,
962 3386 1069 3441 ἀλλ’
1112 3387 1141 3447 ἣ
1183 3392 1337 3460 μόνος
1380 3388 1407 3440 ὁ
1452 3389 1682 3459 Χριστὸς
1705 3390 1797 3438 καὶ
1823 3387 1855 3444 ἠ

1963 2676 2112 2731 Nam
2142 2691 2280 2730 cum
2307 2676 2383 2729 de
2422 2674 2678 2746 propriis
2713 2673 3029 2729 virtutibus
3055 2672 3295 2743 gloriari
3334 2687 3453 2727 non
3486 2685 3616 2741 pos-

1959 2770 2107 2829 sent,
2133 2764 2578 2836 progenitorum
2609 2762 2975 2818 nobilitatem
3024 2760 3428 2833 apponebant.
3463 2756 3617 2825 Quid

1961 2868 2103 2923 ergo
2128 2853 2393 2910 Christus
2414 2852 2441 2908 ί
2468 2855 2596 2908 Non
2624 2851 2879 2907 convicit
2904 2865 3027 2915 eos,
3053 2849 3220 2922 quod
3254 2848 3471 2920 saepius
3501 2860 3619 2902 ser-

1960 2941 2184 2997 vissent
2229 2941 2514 3012 Egyptiis
2564 2946 2620 2996 et
2658 2938 3031 3011 Babyloniis,
3079 2936 3326 3007 aliisque
3367 2931 3618 2989 diversis

1963 3029 2260 3099 gentibus,
2279 3029 2383 3084 scd
2408 3029 2564 3085 hanc
2585 3028 2831 3102 quidem
2860 3023 3617 3099 prietermisitservitutem,

1967 3124 2030 3173 ut
2066 3134 2200 3191 quas
2234 3118 2379 3174 nihil
2409 3117 2626 3175 animas
2671 3114 3047 3189 generositati
3075 3112 3293 3170 ofﬁciat
3320 3130 3335 3179 ;
3366 3112 3441 3168 de
3484 3126 3622 3183 pec-

1966 3213 2100 3264 cato
2130 3223 2270 3264 vero
2301 3208 2401 3274 ait,
2429 3207 2595 3281 quod
2629 3206 2710 3262 illi
2739 3210 2930 3276 nocet,
2963 3203 3229 3260 servituti
3268 3217 3403 3257 eam
3440 3199 3624 3270 subji-

1967 3296 2148 3362 ciens,
2196 3297 2368 3368 cujus
2415 3302 2501 3352 est
2548 3296 2880 3351 miserrima
2920 3293 3197 3360 servitus,
3258 3306 3294 3348 a
3337 3304 3460 3363 qua
3501 3303 3624 3344 non

1969 3386 2427 3456 aliusliberabit,
2446 3393 2659 3459 praeter
2675 3385 2960 3443 Christum
2991 3399 3060 3439 ac
3077 3381 3418 3439 doctrinam
3444 3378 3622 3434 illius.

1891 3165 1933 3220 C

252 3474 592 3532 διδασκαλία
615 3477 801 3535 αὐτοῦ.

325 3567 617 3642 ’Δπεκρίθη
674 3596 744 3611 -ο
798 3565 1078 3641 ἁμαρτίας.
1141 3570 1409 3620 Δείκνυσιν
1472 3566 1554 3618 ὃτι
1619 3562 1860 3618 δουλείαν

252 3657 492 3731 ἐνέφηνεν
538 3654 775 3728 ἀνωτέρω
802 3660 897 3715 τὴν
945 3653 1000 3718 ἐξ
1028 3655 1308 3730 ἁμαρτίας,
1344 3654 1404 3707 ού
1455 3659 1549 3712 τὴν
1597 3656 1655 3707 ἐκ
1709 3650 1866 3707 δυνα-

255 3751 441 3809 στείας
470 3744 764 3820 ἀνθρώπου.
811 3741 923 3798 Ἵνα
952 3741 1011 3797 δε
1040 3748 1113 3815 μὴ
1164 3746 1400 3808 εἶπωσιν,
1433 3743 1510 3796 ὅτι
1537 3742 1596 3795 Ὀ
1630 3750 1864 3806 Μωυσῆς

250 3837 284 3894 ἠ
292 3841 401 3909 μᾶς
424 3834 755 3910 ἐλευθερώσει
786 3834 1003 3900 ταύτης,
1046 3829 1284 3886 δείκνυσι
1314 3828 1348 3884 δ
1355 3834 1407 3883 ιὰ
1457 3830 1760 3902 παραϐολῆς
1786 3834 1868 3885 ότι

251 3926 357 3978 ούκ
398 3927 515 3997 ἔχει
562 3921 751 3986 ἐκεῖνος
797 3921 1053 3989 ἐξουσίαν,
1096 3917 1282 3984 δοῦλος
1328 3921 1416 3991 ὢν,
1463 3918 1572 3972 ἀλλ’
1621 3920 1778 3983 αὐτὸς
1803 3924 1868 3982 ὡς

251 4018 351 4071 Υἱό
362 4035 407 4078 ς.

326 4103 394 4156 Ὁ
435 4098 498 4156 δε
527 4098 715 4165 δοῦλος
758 4132 830 4144 --
868 4100 1049 4154 αἰῶνα.
1100 4097 1160 4151 '0
1212 4095 1395 4160 δουλος
1459 4097 1518 4151 ού
1562 4097 1871 4171 κληρονομεῖ

243 4198 348 4251 τὴν
384 4193 555 4245 οἰκίαν
594 4200 686 4245 τοῦ
714 4210 901 4264 κυριου
948 4189 1107 4243 αύτοῦ
1138 4206 1151 4218 ·
1191 4187 1218 4241 ό
1267 4190 1382 4249 υἱός
1435 4186 1735 4260 κληρονομεῖ
1781 4185 1871 4237 αύ-

244 4288 380 4342 τήν.
434 4285 632 4337 Λοιπὸν
682 4281 869 4343 ἐκεῖνος
913 4280 1024 4352 (49)
1057 4277 1151 4331 ούκ
1198 4280 1313 4349 ἔχει
1381 4276 1621 4340 ἐξουσίαν
1677 4274 1871 4327 ἐλευθεο

239 4379 410 4449 potin,
455 4368 642 4434 δοῦλος
703 4374 774 4423 ὧν
837 4388 851 4403 ο
889 4367 991 4441 ἐγὼ
1052 4370 1162 4440 ἔχω
1228 4366 1466 4429 ἐξουσίαν
1548 4362 1867 4438 ἐλευθεροῦν,

2046 3565 2208 3623 Vers.
2238 3565 2325 3621 34.
2355 3564 2669 3635 Respondit
2725 3591 2792 3609 --
2818 3567 3066 3634 peccati.
3118 3558 3409 3623 Ostendit,
3461 3555 3629 3630 quod

1977 3654 2253 3728 superius
2313 3653 2731 3725 signiﬁcaverit
2770 3651 2990 3708 animm
3021 3652 3363 3707 servitutem
3402 3662 3471 3704 ac
3497 3659 3631 3718 pec-

1976 3746 2112 3812 cati,
2149 3760 2269 3801 non
2298 3760 2429 3801 eam
2456 3760 2587 3817 quas
2621 3743 2674 3799 vi
2696 3741 2965 3798 humana
2990 3739 3387 3809 contingebat.
3420 3740 3499 3793 Ne
3530 3748 3634 3791 au-

1978 3841 2096 3891 tem
2122 3834 2385 3890 dicerent
2405 3850 2417 3888 :
2434 3837 2620 3890 Moses
2635 3847 2746 3888 nos
2771 3831 2848 3887 ab
2868 3828 3270 3886 hacliberabit
3304 3843 3317 3892 ;
3345 3841 3449 3899 per
3476 3824 3626 3880 simi-

1976 3923 2288 3979 litudinem
2310 3922 2585 3992 ostendit,
2613 3920 2781 3994 quod
2811 3935 2950 3976 cum
2973 3917 3047 3974 sit
3079 3917 3173 3972 ille
3204 3931 3435 3981 servus,
3456 3912 3635 3969 talem

1978 4027 2098 4067 non
2131 4010 2353 4066 habeat
2405 4015 2781 4082 potestatem,
2814 4007 2918 4064 sed
2951 4007 3077 4078 ipse
3131 4009 3331 4077 utpote
3361 4002 3561 4058 Filius.

2049 4098 2211 4155 Vers.
2245 4103 2331 4155 35.
2364 4098 2578 4155 Servus
2603 4104 2796 4154 autem
2819 4126 2888 4138 —
2917 4102 3228 4152 mternum.
3272 4094 3487 4148 Servus
3516 4103 3636 4144 non

1980 4187 2270 4259 accipitin
2283 4186 2693 4242 haereditatem
2712 4184 2965 4240 domum
2986 4182 3216 4237 domini
3239 4178 3352 4244 sui,
3368 4178 3526 4233 ﬁlius
3545 4191 3638 4232 ac-

1980 4276 2123 4349 cipit
2173 4275 2235 4331 in
2286 4273 2717 4331 hiereditatein.
2751 4273 2953 4344 Itaque
3000 4286 3122 4326 non
3179 4268 3357 4325 habet
3387 4266 3483 4322 ille
3529 4279 3639 4338 po-

1981 4370 2250 4422 testatem
2268 4362 2581 4429 liberandi,
2615 4378 2752 4418 cum
2786 4361 2860 4417 sit
2884 4376 3093 4415 servus
3129 4375 3142 4415 :
3179 4373 3292 4428 ego
3315 4355 3511 4412 habeo
3539 4369 3642 4426 po-

243 4465 387 4524 Υἱὸς
440 4460 512 4513 ὧν
557 4465 647 4514 καὶ
690 4463 852 4533 μένων
909 4456 957 4510 ἐν
1027 4464 1089 4529 τῇ
1163 4456 1307 4528 οἰκίᾳ
1358 4462 1449 4508 τοῦ
1507 4458 1707 4528 Πατρός
1762 4472 1856 4526 μου

1982 4458 2251 4511 testatem
2274 4452 2589 4516 liberandi,
2627 4467 2766 4506 cum
2788 4449 2904 4504 sim
2936 4446 3144 4514 Filius,
3177 4451 3233 4503 et
3270 4459 3550 4501 maneam
3583 4442 3642 4497 in

245 4549 339 4604 ἀεὶ
372 4554 471 4603 καὶ
500 4532 828 4625 κληρονομῶν
877 4550 970 4606 τὴν
999 4543 1239 4608 ἐξουσίαν
1279 4543 1459 4598 αὐτοῦ.
1507 4541 1634 4597 Εἶπε
1653 4544 1755 4615 γὰρ
1781 4547 1856 4595 καῖ

1979 4543 2165 4599 domo
2226 4542 2415 4598 Patris
2491 4540 2605 4596 mei
2679 4540 2740 4595 in
2800 4545 3114 4607 aeternum,
3188 4540 3245 4592 et
3304 4532 3646 4590 haereditate

246 4640 448 4694 ὀπίσω
475 4639 557 4692 ὅτι
600 4620 729 4698 Τὴν
756 4640 937 4712 κρίσιν
995 4640 1170 4688 πᾶσαν
1216 4629 1416 4687 δέδωκε
1446 4641 1517 4705 τῷ
1572 4634 1678 4703 Υὶῷ
1737 4649 1752 4663 ·
1785 4651 1853 4684 κα

1982 4633 2211 4705 accipio
2248 4635 2606 4704 potestatem
2657 4627 2876 4700 ipsius.
2941 4627 3092 4684 Nam
3149 4630 3207 4682 et
3256 4623 3530 4696 superius
3559 4620 3643 4676 di-

243 4729 431 4784 πάλιν
490 4745 504 4759 ⁸
552 4732 653 4783 Καὶ
724 4725 965 4791 ἐξουσίαν

245 4824 470 4875 ποιεῖν.

332 4907 471 4962 Ἐὰν
524 4936 594 4951 --
643 4906 843 4960 ἔσεσθε.
902 4908 1011 4958 Νῦν
1182 4903 1283 4976 γὰρ
1333 4901 1429 4955 ούκ
1495 4899 1701 4963 ἀληθῶς
1748 4899 1880 4953 ἐλεύ-

1050 4719 1238 4778 ἐδωκεν
1311 4722 1453 4795 αύτῷ
1531 4726 1624 4775 καὶ
1706 4725 1876 4796 κρίσιν

1986 4722 2093 4787 xit,
2125 4720 2290 4794 quod
2314 4719 2617 4775 Iudicium
2633 4733 2793 4774 omne
2810 4716 2967 4771 dedit
2992 4715 3155 4771 Filio
3176 4714 3245 4768 ³⁸.
3266 4714 3347 4768 Ac
3370 4727 3606 4767 rursum
3630 4730 3645 4766 :

1987 4812 2065 4868 Et
2090 4814 2436 4881 potestatem
2463 4807 2623 4864 dedit
2644 4806 2694 4861 ei
2717 4806 2891 4862 etiam
2931 4803 3231 4873 judicium
3282 4799 3550 4872 faciendi
3577 4798 3647 4853 “.

2065 4900 2224 4957 Vers.
2264 4901 2351 4955 36.
2381 4897 2442 4954 Si
2477 4926 2538 4938 —-
2569 4895 2755 4954 erilis.
2789 4897 2949 4951 Nunc
2968 4893 3127 4949 enim
3157 4907 3279 4948 non
3311 4905 3447 4946 vere
3480 4886 3650 4945 liberi

242 5001 420 5076 θεροί
458 4998 596 5067 ἐστε,
653 4992 1033 5070 δεδουλωμένοι
1061 4999 1124 5066 τῇ
1174 4992 1409 5069 ἁμαρτίᾳ
1452 5005 1467 5023 ’
1501 4992 1585 5047 ὅτε
1610 4987 1671 5043 δὲ
1713 4991 1740 5042 ό
1766 4991 1855 5044 Υίὸ

1989 4989 2151 5055 estis,
2194 5003 2334 5045 cum
2373 4985 2529 5044 servi
2556 4984 2696 5042 facti
2723 4984 2851 5040 sitis
2891 4987 3138 5057 peccato
3170 4998 3182 5039 :
3224 4978 3469 5055 quando
3519 4990 3654 5033 vero

321 5202 391 5239 ⁵⁵
421 5198 602 5260 Joan.
630 5215 710 5268 vi,
743 5203 832 5258 66.
909 5198 957 5236 “
981 5196 1154 5256 Joan.
1186 5211 1296 5264 xiv,
1324 5198 1378 5254 6.
1454 5196 1498 5232 ⁸⁷
1532 5194 1736 5253 Matth.
1776 5210 1856 5261 ιιι,

2020 5194 2069 5231 ⁸⁸
2094 5192 2263 5252 Joan.
2299 5209 2354 5261 v,
2381 5195 2493 5271 22._
2549 5193 2596 5229 ’θ
2629 5188 2784 5250 ibid.
2818 5190 2910 5249 27.

1522 5390 1743 5463 Varias
1773 5389 2102 5461 lectiones
2135 5398 2204 5458 et
2229 5398 2432 5458 notio.

333 5592 475 5675 μᾷ)
497 5586 577 5675 ίἨ
633 5589 1131 5675 interponendum
1158 5582 1407 5675 videtur.
1442 5588 1543 5649 Est
1575 5589 1733 5651 enim
1762 5587 1892 5648 haec

227 5660 403 5725 aliis.
421 5660 857 5737 interpretatio,
878 5660 1117 5722 diversa
1145 5678 1182 5721 a
1208 5662 1408 5736 priori.

334 5735 479 5811 (46)
510 5733 653 5791 Ψεῧδ
655 5754 712 5800 ος
737 5742 797 5792 Α.

2095 5660 2186 5731 48)
2213 5663 2473 5731 Σχήματα
2504 5660 2570 5731 4..-

2096 5588 2188 5732 47;
2216 5582 2485 5659 Baptista
2516 5582 2830 5641 nimirum.

2096 5661 2163 5715 48
2213 5663 2473 5731 Σχήματα
2504 5660 2570 5732 4..-
2654 5731 2658 5732 ,
2764 5729 2771 5732 .

2096 5588 2188 5732 47;
2216 5587 2485 5659 Baptista
2516 5587 2830 5641 nimirum.
3049 5645 3056 5652 _

2095 5661 2163 5715 4-8
2213 5663 2473 5731 Σχήματα
2504 5660 2570 5711 Α.

2070 5587 2187 5807 ξω)
2219 5733 2404 5787 Moses
2438 5728 2685 5795 scilicet,
2715 5729 2781 5784 ut
2810 5720 2994 5785 modo
3032 5719 3201 5780 dixit.
