4038 6226
559 282 695 347 1295

557 433 660 472 vos
694 416 865 472 Fiiius
894 414 1247 479 liberaverit,
1298 429 1474 469 nemo
1494 414 1599 487 qui
1631 413 2021 469 contradicat.
2058 415 2205 469 Deus

2327 418 2457 483 υμᾶς
2506 411 2857 483 ἐλευθερώσει,

555 507 978 575 quijustiﬁcat,
1000 505 1127 574 quis
1147 512 1224 559 est
1247 505 1353 575 qui
1369 506 1699 560 condemnet
1721 505 1769 539 ⁷ο
1800 503 2212 573 ?corporaleiu

554 593 1195 664 siquidemlibertatem
1227 593 1326 647 (lat
1362 595 1537 647 etiam
1586 594 1789 657 homo,
1839 592 2212 663 spiritualein

556 698 691 736 vero
714 682 876 736 solus
900 681 1401 753 Filius,tanquam
1430 682 1666 753 proprie
1702 684 1991 737 Dominus
2031 696 2042 734 :
2073 680 2215 752 quia

559 769 797 841 proprie
815 771 993 825 etiam
1025 771 1149 825 haec
1178 776 1265 826 est
1303 771 1567 826 libertas.
1611 770 1836 825 Deinde
1862 770 2074 826 relictis
2106 786 2214 824 caa-

555 858 691 914 teris
724 874 928 914 eorum
960 860 1231 931 peccatis,
1261 862 1700 929 cogitationem,
1742 876 1926 932 quam
1958 859 2122 930 apud
2153 876 2214 913 se

552 948 910 1013 tractabant,
944 949 1001 1003 in
1035 950 1301 1004 medium
1330 950 1571 1005 adducit
1596 967 1608 1015 ;
1634 957 1879 1006 noverat
1903 950 2060 1005 enim
2085 950 2212 1019 jam

552 1051 650 1091 eos
681 1036 956 1092 resiliisse
987 1042 1043 1093 et
1073 1038 1293 1093 blande
1325 1038 1465 1093 dicit
1493 1059 1507 1094 :

622 1125 787 1183 Vers.
821 1126 907 1179 37.
942 1127 1095 1182 Novi
1141 1128 1581 1198 --ίηιιεητίῐοενιε⁸
1627 1125 1925 1184 Manifeste
1971 1126 2211 1197 quidem

552 1231 677 1271 non
706 1215 850 1270 dixit
884 1232 895 1270 :
951 1218 1075 1271 Non
1107 1221 1265 1284 estis,
1309 1217 1505 1271 adhuc
1536 1217 1619 1271 eis
1665 1231 1944 1288 parcens,
2001 1231 2210 1270 verum

548 1304 794 1360 latenter
828 1304 940 1359 hoc
972 1304 1357 1373 signiﬁcavit.
1402 1308 1549 1361 Nam
1595 1306 1737 1377 quia
1782 1321 1874 1360 me
1941 1304 2210 1359 occidere

546 1393 830 1465 quaeritis,
865 1410 983 1448 non
1017 1395 1175 1449 estis.
1204 1393 1302 1449 Ille
1332 1394 1633 1466 siquidem
1658 1394 1958 1449 neminem
1994 1393 2209 1463 injuste

548 1481 812 1553 peremit.
862 1482 1017 1537 Sicut
1056 1483 1213 1537 enim
1258 1482 1501 1537 libertas
1525 1483 1603 1538 ab
1634 1482 1939 1554 operibus,
1964 1498 2097 1554 quae
2130 1482 2205 1536 li-

548 1570 753 1625 berum
802 1571 1031 1635 decent,
1090 1572 1440 1641 ostenditur,
1476 1572 1557 1627 ita
1610 1577 1663 1627 et
1695 1571 1991 1641 cognatio.
2040 1571 2211 1625 Ponit

547 1663 746 1714 autem
778 1664 833 1714 et
862 1660 1042 1714 credis
1074 1676 1347 1716 causam.

617 1748 781 1802 Vers.
826 1752 912 1803 37.
952 1748 1190 1814 Quia—
1225 1748 1395 1805 vobis.
1445 1750 1651 1805 Sermo
1710 1765 1855 1803 meae
1906 1748 2204 1813 doctrinae,
2239 1759 2282 1813 Β

547 1854 685 1893 cum
718 1838 789 1892 sit
817 1838 1111 1905 sublimis,
1146 1854 1267 1893 non
1311 1838 1492 1893 habet
1543 1838 1737 1893 locum
1779 1838 1837 1891 in
1880 1837 2071 1902 vobis,
2102 1837 2204 1909 qui

547 1933 804 1982 mentem
819 1926 1056 1982 habetis
1081 1943 1115 1981 a
1134 1927 1423 1998 pravitate
1445 1934 1805 1982 coarctatam
1832 1943 1902 1981 ac
1922 1926 2091 1981 humi
2110 1926 2209 1981 de-

547 2021 815 2071 tractam.
849 2018 991 2070 Ecce
1022 2016 1180 2071 enim
1210 2015 1529 2086 repulistis,
1558 2032 1689 2087 qua:
1718 2016 1902 2087 paulo
1955 2022 2090 2072 ante
2112 2032 2209 2071 ex-

546 2106 854 2177 ceperatis,
900 2105 1027 2160 hinc
1067 2105 1215 2160 ferre
1267 2120 1386 2161 non
1439 2111 1734 2176 potentes.
1769 2109 1848 2162 Ne
1883 2111 2082 2161 autem
2123 2104 2208 2160 di-

544 2199 683 2251 cant
715 2211 725 2249 :
759 2199 815 2252 A
862 2195 1049 2265 teipso
1083 2195 1210 2250 haec
1236 2194 1517 2267 loqueris,
1556 2196 1871 2266 subjungit
1906 2214 1917 2250 :

614 2284 775 2338 Vers.
809 2287 898 2339 38.
955 2284 1081 2353 Egi)
1135 2314 1204 2325 —
1237 2283 1459 2355 loquor.
1514 2284 1683 2349 Quod
1728 2284 1982 2356 cognovi
2046 2283 2204 2357 apud

547 2376 778 2428 Patrem
811 2389 1037 2439 meum,
1069 2372 1235 2445 quod
1267 2373 1344 2428 ab
1376 2388 1446 2427 eo
1475 2372 1679 2428 didici.

618 2462 780 2517 Vers.
810 2466 896 2516 38.
932 2463 1008 2516 Et
1038 2492 1107 2502 —
1148 2463 1380 2531 facitis.
1440 2462 1840 2517 Homicidium
1887 2463 2155 2520 videlicet
2188 2484 2200 2531 ;

536 2567 683 2606 nam
726 2556 957 2623 patrem
1011 2551 1250 2606 illorum
1319 2552 1616 2622 signiﬁcat
1665 2568 1824 2607 nunc
1874 2552 2199 2607 diabolum.

544 2640 1055 2706 Quemadmodum
1087 2642 1245 2696 enim
1275 2658 1307 2695 θ.
1332 2642 1691 2712 paternitate
1714 2641 1967 2696 Abrahae
1990 2642 2203 2713 repulit

543 2745 910 2801 eosoperum
934 2729 1386 2795 dissimilitudo,
1420 2730 1503 2785 ita
1534 2730 1609 2785 ad
1642 2730 1867 2786 diaboli
1886 2731 2202 2802 paternita-

545 2824 653 2873 tem
680 2818 888 2874 asserit
915 2818 1043 2873 illos
1078 2834 1329 2890 operum
1384 2818 1712 2874 similitudo
1746 2836 1759 2873 :
1823 2819 2116 2891 siquidem
2146 2826 2202 2876 et

544 2907 638 2963 ille
685 2906 987 2963 homicida
1016 2912 1103 2963 est
1142 2907 1216 2963 de
1243 2923 1366 2981 quo
1409 2907 1781 2963 manifestius
1828 2907 1984 2963 dicet
2010 2908 2067 2962 in
2116 2924 2201 2963 se-

544 2995 883 3067 quentibus.

614 3084 779 3140 Vers.
821 3086 907 3140 39.
944 3085 1388 3154 Responderunt
1412 3118 1479 3125 —
1505 3092 1609 3142 est.
1644 3086 1773 3142 Non
1790 3086 2195 3159 intelligentes,
2240 3111 2279 3168 ρ

544 3189 727 3245 quem
749 3174 970 3229 diceret
999 3180 1230 3245 patrem
1252 3174 1546 3246 ipsorum,
1578 3190 1821 3231 rursum
1846 3175 1921 3230 ad
1953 3175 2197 3231 abrahm

543 3265 963 3334 cognationem
1009 3263 1381 3334 confugiunt.
1417 3264 1684 3320 Christus
1720 3264 1916 3337 itaque
1951 3265 2196 3321 manife-

545 3354 687 3409 stius
710 3368 814 3408 eos
838 3352 1140 3423 objurgat.

614 3444 770 3497 Vers.
811 3442 899 3496 39.
935 3442 1033 3497 Att
1067 3472 1138 3482 —
1182 3441 1480 3511 faceretis.
1514 3441 1839 3498 Justitiam.

612 3531 774 3586 Vers.
803 3533 891 3586 40.
937 3530 1112 3587 Nunc
1134 3553 1201 3562 —
1225 3532 1579 3601 interﬁcere.
1613 3532 2043 3603 Cogitationem
2075 3531 2193 3587 illo-

541 3634 675 3674 rum
706 3618 1043 3690 frequenter
1095 3620 1304 3691 arguit,
1356 3620 1732 3676 confundens
1764 3636 1889 3687 eos,
1927 3625 1989 3676 ut
2019 3621 2195 3676 corri-

542 3712 778 3777 gantur.

612 3794 771 3851 Vers.
808 3799 897 3851 40.
950 3797 1253 3854 Hominem
1284 3828 1354 3841 —
1390 3803 1581 3869 patre.
1614 3799 1799 3854 Verba
1852 3798 1996 3863 haec,
2040 3800 2189 3865 Vidi,

540 3888 599 3940 et
628 3884 864 3951 Audivi,
892 3885 1323 3959 dispensatorie
1353 3887 1705 3961 accipienda
1724 3894 1780 3943 et
1810 3888 2193 3960 intelligenda

541 3979 698 4030 sunt

610 4066 768 4121 Vers.
815 4067 903 4121 40.
945 4066 1065 4122 Hoc
1133 4096 1199 4107 —
1244 4066 1407 4136 fecit.
1466 4065 1537 4122 Ut
1594 4071 1877 4138 quiereret
1929 4067 2194 4124 occidere

536 4152 868 4222 hominem,
901 4156 999 4227 qui
1031 4155 1335 4212 veritatem
1382 4156 1614 4212 locutus
1654 4156 1865 4212 fuisset
1896 4172 1965 4212 ac
2024 4157 2196 4213 inno-

538 4248 790 4301 centem.

608 4333 769 4389 Vers.
812 4336 901 4390 41.
946 4334 1054 4390 Vos
1087 4363 1154 4376 —
1193 4334 1389 4391 vestri.
1429 4334 1829 4391 Homicidium
1858 4339 1914 4393 et
1947 4335 1995 4392 si
2028 4337 2194 4409 quod

538 4421 707 4478 aliud
734 4428 822 4477 est
865 4422 1112 4478 malum.

610 4509 769 4565 Vers.
794 4515 883 4566 41.
933 4512 1223 4569 Dixerunt
1256 4541 1325 4553 —
1356 4512 1557 4567 Deum.
1590 4511 1730 4577 Quia
1771 4512 1931 4583 justa
1971 4514 2194 4570 ratione

534 4600 789 4655 ostendit
819 4616 918 4655 eos
958 4600 1237 4670 indignos
1280 4616 1410 4656 esse
1451 4602 1801 4673 palernitate
1827 4602 2100 4670 Abrahae,
2135 4605 2193 4659 in

532 4701 652 4757 qua
677 4687 992 4759 plurimum
1012 4689 1447 4761 gloriabantur,
1472 4689 1811 4761 insipienter
1829 4691 2099 4764 deinceps
2118 4693 2194 4749 ad

532 4774 631 4830 Dei
688 4777 1105 4849 paternitatem
1143 4783 1489 4834 recurrunt:
1539 4795 1609 4835 eo
1641 4781 1798 4851 quod
1848 4779 2010 4836 dicat
2047 4782 2194 4836 Scri-

531 4870 723 4937 ptura,
766 4866 954 4922 Filius
994 4883 1151 4922 meus
1181 4867 1601 4938 primogenitus
1632 4869 1818 4925 Israel
1867 4871 1937 4924 τί.
1982 4872 2048 4925 Et
2079 4871 2193 4926 hoc

531 4960 731 5012 autem
781 4955 1008 5011 honore
1047 4957 1225 5025 justis
1256 4973 1358 5013 eos
1390 4957 1588 5029 dejicit
1632 4959 2023 5028 argumentis.
2083 4961 2194 5016 Sed

530 5060 799 5119 quonam
824 5044 1006 5102 modo
1036 5045 1151 5118 ipsi
1175 5050 1391 5102 temere
1431 5046 1496 5118 (ί)
1530 5049 1716 5104 Deum
1748 5047 1981 5105 Patrem
2014 5065 2190 5105 suum

602 5198 651 5234 7°
672 5198 842 5255 Rom.
874 5213 993 5263 vui,
1018 5198 1110 5257 34.
1186 5198 1445 5259 “Exod.
1478 5216 1552 5267 iv,
1582 5202 1670 5258 22.

2228 4470 2272 4525 D
2306 4428 2413 4498 ρόν.

1898 280 2242 343 EU'I‘HYMII
2282 274 2605 342 ZIGABENI
3713 291 3809 346 uas

2937 414 3046 462 τότε
3123 405 3299 471 οὐδεὶς
3345 412 3369 461 6
3427 409 3667 483 ἀντιλέγων.
3726 419 3810 475 Θιὸς

2327 497 2616 563 όὸικαιών,
2676 505 2751 560 τίς
2800 500 3223 573 ὁκατακρίνων;
3264 504 3367 556 Τὴν
3426 502 3505 571 μὲν
3551 504 3632 572 γὰρ
3688 522 3812 573 σωμα-

2326 595 2475 647 τικὴν
2520 589 2806 663 ἐλευθερίαν
2853 594 2941 641 καὶ
2969 591 3237 662 ἅνθρωπος
3289 585 3494 653 δίδωσι,
3542 594 3617 645 τὴν
3653 586 3698 640 δὲ
3743 590 3812 659 ψυ-

2325 683 2489 749 χικὴν
2546 683 2695 749 μόνος
2744 679 2768 728 ό
2814 680 2935 739 Υἱός
2992 680 3054 738 ὡς
3107 682 3300 749 κυρίως
3353 679 3529 750 Κύριος
3576 700 3587 710 ο
3636 676 3722 730 ἐπεὶ
3755 685 3815 730 καὶ

2326 772 2513 841 κυρίως
2560 768 2691 825 αὕτη
2731 766 3009 841 ἐλευθερία.
3064 763 3191 819 Εἶτα
3242 768 3381 838 ἀφεὶς
3427 769 3509 828 τὰς
3542 766 3666 826 ἄλλας
3701 768 3816 817 αὐτῶν

2327 855 2585 931 ἁμαρτίας
2648 856 2715 918 εἰς
2793 860 2951 928 μέσον
3032 858 3147 927 ἄγει
3209 861 3297 912 τὴν
3348 854 3651 928 μελετωμένην
3703 859 3811 925 (50)’

2324 948 2452 1017 ἔγνω
2495 949 2595 1017 γὰρ
2642 945 2829 1006 αὐτοὺς
2888 942 2993 1003 ἤδη
3052 941 3514 1009 ἀποπηδήσαντας,
3560 948 3634 996 καὶ
3673 944 3820 1014 ὁμαλῶς

2325 1054 2482 1106 φησιν
2518 1051 2529 1063 ⁹

2396 1121 2537 1176 Οἶδα
2566 1155 2630 1163 -
2660 1122 2978 1176 ἀποκτεῖναι.
3013 1130 3245 1197 Φανερῶς
3271 1126 3360 1195 μεν
3390 1122 3477 1175 οὐκ
3506 1120 3639 1189 εἶπεν,
3663 1123 3725 1173 ὅτι
3747 1122 3821 1173 Οὔκ

2323 1214 2461 1277 ἐστὲ,
2495 1209 2794 1286 φειδόμενος
2825 1213 2990 1265 αὐτῶν
3021 1213 3092 1266 ἐτι
3142 1233 3153 1245 υ
3182 1212 3463 1273 λεληθότως
3484 1209 3535 1264 δὲ
3560 1220 3681 1263 τοῦτο
3704 1206 3821 1265 δεδή-

2321 1302 2497 1357 λωκεν.
2532 1302 2674 1354 Ἐπεὶ
2701 1305 2804 1375 γὰρ
2829 1303 3030 1362 ζητείτέ
3060 1320 3121 1373 με
3156 1299 3469 1370 ἀποκτεῖναι,
3500 1300 3579 1352 οὐκ
3616 1300 3723 1351 ἐστὶ.
3750 1298 3826 1349 0‘}-

2323 1387 2446 1443 δένα
2474 1394 2575 1464 γὰρ
2604 1390 2791 1452 ἐκεῖνος
2820 1391 3106 1443 ἁπέντεινεν
3134 1386 3347 1449 ἀδίκως,
3376 1389 3560 1463 Ὠσπερ
3586 1392 3670 1459 γὰρ
3696 1390 3717 1443 ἡ
3745 1387 3825 1454 (51)

2322 1479 2582 1552 ἐλευθερία
2621 1478 2721 1531 ἀπό
2777 1490 2875 1532 τῶν
2929 1483 3090 1555 ἔργων
3148 1475 3417 1531 δείκνυται
3462 1487 3551 1530 τῶν
3608 1478 3828 1550 πρεπόντων

2321 1567 2585 1641 ἐλευθέρῳ.
2618 1569 2752 1621 οὕτω
2778 1575 2868 1621 καὶ
2901 1571 2931 1626 ἡ
2961 1572 3255 1639 συγγένεια.
3288 1570 3479 1625 Τὶθησι
3502 1564 3555 1619 δὲ
3581 1570 3656 1617 καὶ
3683 1568 3755 1619 τὴν
3778 1561 3830 1610 ιιι

2320 1662 2435 1709 τίαν
2462 1666 2551 1709 τοῦ
2581 1663 2753 1729 φόνου.

2390 1746 2508 1798 Ὀτι
2542 1779 2600 1787 -
2645 1749 2785 1819 ὑμῖν.
2832 1746 2891 1798 Ὀ
2914 1746 3059 1817 λόγος
3088 1767 3188 1818 μου
3215 1748 3240 1798 ὁ
3288 1742 3660 1809 διδασκαλικὸς,
3686 1746 3833 1815 ὑψηλός

2320 1837 2408 1901 ὡν,
2442 1836 2499 1887 οὐ
2526 1844 2694 1909 χωρεῖ
2715 1835 2760 1888 ἐν
2788 1837 2908 1908 ὑμῖν
2940 1844 3051 1897 τοῖς
3085 1839 3275 1907 ἔχουσι
3301 1835 3421 1887 νοῦν
3451 1834 3738 1905 ἐστενωμένον
3760 1836 3832 1884 ὑπὸ

2320 1926 2635 1997 φαυλότητος
2658 1930 2746 1977 καὶ
2769 1930 2945 1997 χαμαὶ
2981 1931 3281 1999 συρόμενον.
3314 1922 3455 1977 Ἰδοὺ
3496 1928 3589 1994 γὰρ
3618 1923 3836 1974 ἀπώσασθε

2317 2020 2407 2066 καὶ
2434 2014 2467 2065 ἆ
2496 2019 2595 2090 πρὸ
2628 2023 2819 2088 μικροῦ
2850 2012 3228 2089 παρεδέξασθε,
3264 2019 3463 2085 στέγειν
3492 2014 3610 2065 αὐτὰ
3634 2018 3695 2083 μὴ
3722 2009 3835 2063 δυνά-

2318 2124 2477 2175 μενοι.
2507 2103 2617 2157 Ἰνα
2658 2101 2716 2156 δι
2738 2109 2809 2176 μὴ
2844 2107 3082 2172 εῖπωσιν,
3117 2103 3246 2157 Ἀπό
3281 2110 3501 2155 σεαυτοῦ
3523 2110 3669 2154 ταῦτα
3693 2101 3837 2168 λαὶεῑς,

2318 2192 2579 2264 ἐπήγαγεν
2617 2210 2629 2222 ’

2389 2284 2519 2353 Ἐγὼ
2551 2315 2617 2322 -
2647 2282 2804 2335 λαλῶ.
2838 2282 2903 2335 ΑΟ
2931 2286 3087 2356 ἔγνων
3117 2284 3261 2358 παρὰ
3288 2291 3360 2353 τῷ
3388 2285 3546 2357 Πατρὶ
3576 2301 3683 2354 μου,
3709 2279 3844 2350 ὃέμα-

2321 2374 2407 2425 θον
2440 2372 2527 2424 ἀπ’
2561 2373 2741 2426 αὐτοῦ.

2393 2466 2491 2514 Καὶ
2548 2493 2616 2502 -
2674 2470 2885 2515 ποιεῖτε.
2937 2466 3006 2513 Τὸ
3062 2460 3535 2534 ἀνθρωποκτονεῖν¹
3579 2462 3748 2532 πατέρα
3772 2458 3844 2527 ’γὰρ

2316 2551 2484 2603 αὐτῶν
2576 2550 2808 2622 ἐμφαίνει
2887 2559 2975 2602 νῦν
3053 2554 3140 2603 τόν
3223 2546 3489 2604 διάϐολον.
3541 2549 3716 2619 Ὠσπερ
3773 2548 3846 2615 γὰρ

2312 2648 2408 2701 τῆς
2438 2645 2762 2713 πατρότητος
2819 2648 2909 2692 τοῦ
2962 2638 3203 2714 Ἀϐραὰμ
3251 2638 3487 2691 ἐκϐάλλει
3518 2638 3691 2699 αὐτοὺς
3722 2637 3844 2692 ἡτῶν

2313 2732 2472 2803 ἔργων
2504 2728 2813 2801 ἀνομόιότης
2848 2750 2859 2761 ·
2896 2731 3057 2789 οὕτως
3095 2731 3199 2801 ἄρα
3244 2737 3305 2800 τῇ
3358 2735 3635 2803 πατρότητι
3664 2728 3756 2793 (52)
3782 2730 3847 2774 τοῦ

2315 2815 2561 2871 διαϐόλου
2594 2819 2813 2870 εἰσποιεῖ
2843 2818 3033 2881 αὐτοὺς
3090 2820 3119 2875 ἡ
3153 2827 3251 2870 τῶν
3294 2821 3459 2892 ἔργων
3490 2820 3713 2889 ὁμοιότης
3741 2830 3751 2842 ⁸
3777 2810 3847 2862 ιά-

2312 2915 2474 2970 κεῖνος
2501 2910 2602 2981 γάρ
2631 2906 3073 2981 ἀνθρωποκτόνος,
3102 2913 3219 2980 περὶ
3246 2907 3306 2958 οὗ
3336 2915 3529 2980 προῖὼν
3561 2907 3654 2978 ἐρεῖ
3680 2908 3850 2975 φανερώ-

2310 3017 2471 3072 τερον.

2386 3086 2767 3161 Ἀπεκρίθησαν
2794 3117 2860 3127 --
2910 3085 3044 3139 ἐστι.
3073 3090 3157 3144 Μὴ
3186 3090 3465 3146 νοήσαντες
3494 3086 3603 3157 (53)
3631 3088 3730 3135 τίνα
3752 3083 3853 3149 ἔλεγε

2309 3181 2508 3249 πατέρα
2555 3176 2724 3227 αὐτῶν
2756 3175 2911 3227 πάλιν
2942 3175 3025 3228 ἐπὶ
3053 3180 3146 3233 τὴν
3197 3182 3288 3227 τοῦ
3324 3174 3567 3249 Ἀϐραὰμ
3608 3175 3850 3243 συγγένειαι

2308 3267 2716 3337 καταφεύγουσι.
2766 3268 2964 3317 Λοιπὸν
2994 3261 3081 3316 οὖν
3112 3265 3137 3316 ό
3171 3268 3407 3339 Χριστὸς
3449 3268 3764 3337 φανερώτερον
3788 3256 3855 3308 αὐ-

2307 3362 2406 3405 τῶν
2442 3355 2787 3406 καθάπτεται.

2378 3448 2530 3513 Λέγει
2566 3475 2629 3484 σ-
2660 3441 2874 3495 ὶποιείτε
2896 3443 2977 3494 ἄν.
3008 3446 3114 3499 Τὴν
3147 3438 3519 3501 δικαιοσύνην.

2376 3538 2483 3583 Νῦν
2503 3563 2569 3571 -
2602 3529 2918 3585 ἀποκτεῖναι.
2949 3538 3188 3602 Συνεχῶς
3208 3529 3419 3603 ἐλέγχει
3450 3536 3538 3589 τὴν
3566 3529 3757 3602 μελέτην
3782 3523 3857 3575 αὖ·

2304 3628 2418 3688 τῶν,
2457 3620 2705 3695 ἐντρέπων
2736 3622 2926 3682 αὐτοὺς
2953 3622 3093 3682 ὅπως
3127 3616 3522 3693 διορθωθῶσιν.

2374 3798 2677 3874 ’Ἄνθρωπον
2709 3830 2776 3839 -
2802 3803 3013 3873 πατρός.
3062 3800 3130 3854 Τὸ
3153 3798 3365 3872 ἑώρακα
3405 3802 3574 3852 καὶτὸ
3618 3793 3860 3855 ianuas;

2305 3889 2605 3961 οἰκονομικὰ
2637 3884 2841 3941 δεκτέον
2871 3893 2960 3940 καὶ
3000 3893 3225 3946 νοητέόν.

2375 4073 2537 4118 Τοῦτο
2590 4099 2658 4107 -
2688 4067 2948 4124 ἐποίησεν.
2981 4070 3049 4120 T6
3097 4068 3270 4128 ζητεῖν
3300 4065 3613 4121 ἀποκτεῖναι
3645 4065 3862 4136 ᾶνθρωπω

2306 4155 2547 4214 ἀλήθειαν
2573 4156 2886 4215 λελαληκότα
2915 4162 3003 4209 καὶ
3037 4154 3223 4211 ἀθῶον.

2374 4334 2542 4407 Ὑμεῖς
2584 4365 2649 4378 -—
2697 4337 2861 4407 ὑμῶν.
2886 4338 2955 4388 Τὸ
3009 4333 3462 4411 ἀνθρωποκτονεῖν
3508 4340 3599 4387 καὶ
3617 4336 3659 4386 εἴ
3683 4340 3858 4383 riam-

2378 4511 2533 4567 Εἶπον
2589 4544 2657 4556 -
2713 4517 2862 4568 Θεόν.
2923 4512 3063 4567 Ἐπεὶ
3112 4513 3341 4585 εὐλόγως
3389 4510 3658 4575 ἀπέδειξεν
3718 4508 3863 4560 αὐτοὺς

2306 4602 2547 4665 ἀναξίους
2598 4612 2692 4663 τῆς
2741 4607 3067 4678 πατρότητος
3123 4610 3215 4655 τοῦ
3270 4602 3555 4675 ’Δϐραὰμ,
3607 4598 3730 4673 ὶᾷᾖ
3766 4598 3866 4669 ρέγκ

2305 4692 2622 4765 ἐκόμπαζον,
2689 4692 2867 4745 λοιπὸν
2942 4690 3173 4753 ἀνοήτως
3236 4691 3641 4765 ἀνατρέχουσιν
3796 4686 3861 4736 τήν

2304 4787 2606 4856 πατρότητα
2636 4790 2725 4834 τοῦ
2768 4788 2919 4845 Θεοῦ,
2958 4778 3051 4833 διὰ
3076 4784 3133 4834 τό
3171 4780 3336 4851 λέγειν
3366 4787 3469 4841 τὴν
3505 4785 3708 4854 Γραφήν
3737 4795 3749 4807 ·
3774 4773 3863 4827 Υἱός

2303 4875 2631 4946 πρωτότοκος
2675 4890 2775 4943 μου
2826 4870 3061 4946 Ἰσραήλ.
3112 4868 3388 4924 Ἐκϐαλλει
3442 4868 3507 4924 δε
3576 4873 3664 4922 καὶ
3712 4866 3862 4917 rem;

2305 4961 2492 5022 αὐτοὺς
2552 4968 2645 5023 τῆς
2716 4968 2895 5032 τιμῆς,
2972 4958 3199 5031 εὐλόγοις
3275 4960 3486 5032 ὁμοίως
3568 4952 3859 5016 ἀποδείξεσιν.

2305 5049 2458 5102 Ἀλλά
2508 5047 2614 5112 πῶς
2671 5049 2816 5103 αὐτοὶ
2847 5046 2937 5123 μέν
2966 5044 3134 5111 ἀδεῶς
3180 5052 3393 5124 πατέρα
3450 5050 3646 5103 ἑαυτῶν
3698 5044 3860 5114 λήθυσι

1768 5345 1988 5416 Variae
2012 5346 2337 5416 lectiones
2363 5355 2429 5414 et
2462 5356 2665 5416 notae.

622 5512 711 5585 50)
741 5516 839 5568 Τὸν
866 5513 979 5566 κατ’
1012 5512 1171 5568 αὐτοῦ

622 5588 710 5659 51)
741 5585 798 5639 'H
838 5586 1007 5643 abest
1046 5591 1110 5643 A.

595 5708 663 5789 (ι’)
704 5710 957 5770 Temere.
993 5710 1275 5791 Licenter,
1308 5710 1613 5771 audacter.

1201 5519 1369 5589 φόνον.

2367 5518 2481 5585 (52)
2521 5524 2623 5579 Τῆς
2663 5517 2984 5591 πατρότητος

2359 5591 2471 5662 (53)
2497 5595 2582 5650 Μὴ
2616 5585 2895 5653 νοήσαντες
2933 5585 3150 5646 omittit
3185 5588 3243 5644 Β.
