4038 6226
249 245 391 304 1297

1232 239 1602 307 COMMENT.
1644 235 1718 306 tN
1755 247 2106 306 JOANNEM.
2149 282 2218 292 -
2255 251 2405 308 car.
2449 253 2590 308 vm.

3471 262 3494 315 1
3505 259 3610 318 298

242 377 327 426 τὸν
381 377 530 440 Θεὸν,
584 381 656 445 τῷ
715 369 775 428 δὲ
827 382 1040 451 Χριστῷ
1072 380 1278 452 Πατίρα
1324 372 1460 428 ἴδιον
1509 374 1706 448 λέγοντι
1756 379 1835 428 τὸν

1963 375 2275 449 appellant,
2301 394 2440 434 cum
2472 378 2698 436 Christo
2725 379 2943 437 dicenti
2989 380 3220 440 Patrem
3261 399 3439 442 suum
3479 401 3608 442 esse

244 467 372 518 Θεὸν
445 462 787 536 ἐχαλέπαινον
811 482 824 531 ;

243 552 427 605 ἑαυτοῦ
470 552 634 624 ἔλεγεν
685 552 860 608 αὐτόν.
912 558 981 606 Τὸ
1037 551 1117 623 δὲ,
1172 553 1345 626 Ἡμεῖς
1396 553 1450 606 ἐκ
1498 559 1734 629 πορνείας
1783 553 1841 606 ού

917 469 1057 517 Διότι
1145 464 1329 527 ἐκεῖνος
1412 468 1563 537 φύσει
1637 468 1844 538 Πατέρα

243 644 584 714 γεγεννήμεθα
641 642 755 714 (54)
815 651 1007 696 νοεῖται
1063 647 1152 715 μεν
1207 641 1302 697 διὰ
1371 646 1436 696 τὰ
1509 644 1564 707 ἐξ
1621 643 1844 716 Ἰσμαὴλ

240 735 572 802 καταγόμενα
620 733 760 799 ἔθνη,
825 734 875 792 ὅς
929 734 984 784 ἐκ
1038 729 1287 796 δουλικῆς
1347 733 1652 798 συμπλοκῆς
1706 733 1841 804 ἐγεν-

240 821 374 878 νήθη
423 828 496 890 τῷ
539 820 796 894 Ἀϐραὰμ,
837 821 914 890 [ἐξ
945 823 1056 893 (55)
1114 821 1283 893 Ἀγαρ
1328 830 1418 883 τῆς
1473 819 1692 882 δούλης·
1754 822 1843 874 οἷτε

243 909 412 961 αὐτῶν
467 908 521 972 ἐξ
581 908 762 962 Ἰσαὰκ
813 915 1194 984 καταγομένων,
1248 912 1300 972 ὃς
1355 912 1408 975 ἐξ
1463 911 1696 982 εὐγενοῦς
1744 912 1840 982 γά-

239 1018 342 1070 μου
373 997 615 1070 ἑγεννόθη
669 1007 740 1071 τῷ
767 998 1052 1073 Ἀϐραὰμ]
1087 999 1140 1052 ἐκ
1162 999 1360 1075 Σάρῥας
1397 1009 1492 1062 τῆς
1532 1005 1714 1075 κυρίας
1751 1007 1842 1060 τῆς

242 1086 435 1163 Ἅγαρ.

317 1181 543 1250 Λέγουσι
584 1177 697 1249 (56)
738 1174 799 1231 δέ
841 1198 973 1241 τινες
1016 1181 1096 1231 ὅτι
1139 1183 1264 1252 πρὸς
1305 1179 1453 1254 ὕϐριν
1482 1179 1642 1232 αὐτοῦ
1689 1186 1842 1231 τοῦτο

241 1264 382 1319 εἶπον
425 1269 474 1318 οἱ
531 1266 741 1338 ἐναγεῖς,
777 1264 870 1320 διὰ
899 1272 954 1320 τὸ
985 1267 1225 1340 λέγεσθαι
1283 1269 1437 1322 αὐτόν
1473 1275 1544 1342 μὴ
1593 1265 1720 1321 εἶναι
1751 1270 1842 1340 φύ-

241 1375 325 1408 σει
357 1359 465 1408 υἱόν
511 1364 604 1408 τοῦ
653 1357 869 1429 Ἰωσήφ.
917 1356 1040 1410 "Ore
1073 1355 1132 1410 δε
1167 1357 1479 1421 ἐξευτελίσαι
1537 1366 1712 1410 τοῦτον
1761 1359 1839 1409 θέ-

235 1445 410 1513 λουσι,
452 1450 567 1498 τότε
595 1446 749 1498 αύτὸν
803 1449 912 1498 υἱόν
951 1454 1042 1499 τοῦ
1093 1447 1288 1519 Ἰωσὴφ
1333 1447 1671 1520 ὀνομάζουσι,
1716 1449 1841 1498 ποτε

233 1539 328 1607 μὲν
378 1543 549 1600 τοῦτο,
606 1538 730 1588 ποτε
775 1532 834 1588 δε
886 1535 1043 1588 έκεῖνο
1076 1536 1417 1611 φλυαροῦντες
1458 1542 1546 1589 καὶ
1595 1533 1842 1588 οὐδέποτε

232 1635 296 1698 τῇ
369 1624 583 1697 ἀληθείᾳ
635 1626 1007 1696 συντιθέμενοι.
1084 1631 1184 1678 Καὶ
1250 1630 1354 1698 μὴν
1428 1625 1605 1679 πολλοὶ
1672 1625 1838 1677 αὐτῶν

1953 465 2139 521 Deum
2175 466 2627 535 indignarentur
2655 468 2682 524 ?
2715 470 2862 535 Quia
2894 469 2990 526 ille
3016 480 3228 528 natura
3272 491 3450 530 suum
3477 490 3608 531 esse

1951 554 2182 610 Patrem
2215 557 2460 612 dicebat.
2491 557 2664 623 Quod
2697 564 2893 615 autem
2924 560 3130 617 dicunt
3163 579 3176 617 :
3203 563 3328 618 Nos
3356 571 3607 633 estupro

1949 647 2082 699 nati
2105 661 2216 700 non
2247 661 2462 717 smnus,
2505 647 2851 718 intelligitur
2872 656 3113 721 propter
3144 659 3351 720 gentes
3377 670 3506 723 quia
3529 654 3606 710 ab

1953 734 2162 790 lsmael
2213 735 2685 803 descendebant,
2741 739 2846 809 qui
2904 754 2976 794 ex
3032 740 3226 794 servili
3280 757 3608 811 congressu

1949 823 2223 893 Abrahae,
2257 841 2328 880 ex
2358 832 2514 895 Agar
2547 826 2818 884 videlicet
2847 828 3066 884 ancilla
3095 835 3270 885 natus
3297 837 3440 895 erat,
3469 846 3606 886 cum

1949 911 2060 984 ipsi
2093 913 2169 967 ab
2190 914 2352 970 Isaac
2376 914 2828 983 descenderent,
2853 918 2957 988 qui
2979 933 3049 972 ex
3067 917 3332 988 legitimo
3357 919 3607 975 Abrahae

1948 1000 2358 1067 matrimonio,
2380 1019 2451 1059 ex
2477 1004 2653 1061 Sarra
2673 1005 2922 1062 domina
2948 1007 3136 1079 ipsius
3162 1014 3317 1078 Agar
3334 1015 3459 1065 erat
3476 1023 3608 1080 pro-

1950 1091 2204 1158 genitus.

2020 1179 2230 1234 Dicunt
2269 1185 2469 1236 autem
2511 1181 2715 1255 aliqui,
2759 1183 2925 1256 quod
2969 1185 3046 1240 ad
3087 1183 3452 1241 inferendam
3495 1184 3608 1260 ipsi

1947 1265 2232 1337 injuriam
2263 1269 2378 1326 hoc
2413 1271 2672 1328 dixerint
2724 1273 3119 1328 exsecrabiles
3159 1273 3261 1339 illi,
3318 1290 3390 1329 eo
3441 1274 3605 1346 quod

1948 1356 2206 1413 dicerent
2269 1375 2388 1415 non
2446 1377 2578 1417 esse
2634 1378 2774 1418 eum
2831 1367 3046 1419 natura
3113 1362 3304 1418 ﬁlium
3362 1364 3604 1436 Joseph.

1949 1446 2200 1510 Quando
2263 1455 2464 1504 autem
2545 1455 2851 1507 attenuare
2929 1467 3068 1507 eum
3149 1452 3376 1518 volunt,
3472 1458 3609 1508 tunc

1949 1533 2135 1590 tilium
2161 1537 2382 1609 Joseph
2414 1539 2617 1611 ipsum
2648 1540 2984 1611 appellant,
3030 1541 3330 1596 interdum
3361 1542 3606 1614 quidem

1948 1621 2082 1686 hoc.
2117 1625 2417 1682 interdum
2447 1645 2585 1684 vero
2619 1629 2762 1684 illud
2810 1634 3128 1700 nugantes,
3189 1637 3245 1686 et
3288 1646 3606 1702 nunquam

235 1713 292 1766 ἐκ
337 1719 572 1788 πορνείας
643 1713 1025 1785 ἐγεννήθησαν·
1081 1714 1302 1777 πολλούς
1347 1718 1449 1789 γὰρ
1510 1719 1835 1788 παρανόμους

1963 1713 2173 1769 veritati
2217 1715 2609 1773 adhaerentes.
2669 1718 2844 1791 Atqui
2906 1719 3072 1774 multi
3113 1735 3371 1774 eorume
3401 1725 3606 1791 stupro

232 1805 443 1875 γάμους
476 1799 727 1856 ⁸ἰουδαῖοι
757 1802 981 1858 ἄποίουν.
1043 1803 1202 1857 Ἀλλὰ
1241 1809 1330 1857 καὶ
1360 1813 1513 1857 τοῦτο
1547 1811 1674 1876 σιγᾴ
1711 1809 1840 1879 πρὸς

235 1896 297 1945 τό
326 1893 503 1966 μεῖζον
534 1891 877 1966 ἐπειγόμενος.

314 2072 462 2126 Εἶπεν
498 2104 564 2114 -
601 2071 826 2136 ἐξῆλθον.
857 2073 1185 2144 Ἐγεννήθην,
1212 2077 1243 2132 ἦ
1279 2072 1592 2133 ἀπεστάλην.

315 2167 414 2216 Καὶ
446 2165 577 2221 ἥκω.
613 2166 744 2234 Πρὸς
774 2163 950 2234 ὑμᾶς(

309 2249 451 2304 Ούὸε
479 2282 541 2292 -
575 2250 809 2309 ἐλήλυθα.
838 2249 966 2303 Ἀπὸ
995 2247 1133 2304 ἰδίου
1167 2251 1447 2324 θελήματος
1472 2268 1482 2278 ·
1517 2251 1575 2304 ού
1605 2253 1705 2324 γὰρ
1729 2254 1838 2323 ἔχω

232 2339 294 2395 ἐδ
303 2361 377 2393 ιον
406 2341 622 2414 θελημα,
656 2342 720 2401 ὡς
749 2339 994 2401 πολλάκις
1025 2343 1249 2414 εἴρηται.

308 2520 446 2575 Ἀλλ’
505 2553 572 2561 -
635 2519 950 2573 ἀπέστειλεν.
1019 2519 1101 2582 Ὠς
1163 2523 1336 2596 πατὴρ
1400 2522 1530 2586 υἱόν,
1590 2522 1659 2580 ὡς
1718 2526 1837 2581 νοῦς

232 2607 408 2678 λόγον.

308 2700 454 2747 Διάτί
484 2726 547 2734 -
569 2699 882 2765 γινώσκετε;
915 2699 1058 2747 Arari
1080 2697 1147 2746 τὰ
1165 2694 1412 2767 λεγόμενα
1433 2693 1555 2766 παρ’
1579 2692 1701 2766 ἐμοῦ
1727 2693 1833 2764 (57)

233 2785 294 2837 οὐ
321 2793 509 2847 νοεῖτες
545 2781 671 2836 Εἶτα
697 2785 1019 2858 προστίθησι
1047 2788 1136 2836 καὶ
1163 2788 1258 2841 τὴν
1289 2783 1460 2835 αἰτιαν
1483 2790 1572 2835 τοῦ
1603 2787 1672 2855 μὴ
1706 2790 1835 2834 νοεῖν

235 2875 424 2933 αύτούς
449 2873 602 2926 αύτά.

307 2963 428 3015 Ὀτι
472 2993 540 3002 -
578 2961 720 3034 ἐμόν.
764 2965 856 3028 T6,
913 2962 989 3014 Ού
1044 2958 1293 3026 δύνασθε,
1342 2964 1398 3013 τὸ
1451 2959 1526 3013 Ού
1586 2958 1836 3032 βούλεσθε

236 3057 484 3124 σημαίνει
510 3059 616 3118 νῦν,
649 3053 730 3104 ὃτι
779 3051 835 3104 ού
869 3049 1120 3124 βούλεσθε
1152 3054 1382 3102 συνιέναι
1433 3053 1518 3102 τόν
1564 3048 1714 3120 λόγον
1749 3052 1835 3100 τὸν

229 3140 372 3212 ἐμὸν,
407 3144 494 3192 τόν
525 3145 642 3212 περὶ
675 3137 970 3212 δογμάτων,
1005 3137 1099 3192 διὰ
1127 3139 1427 3212 φαυλότητα
1455 3137 1638 3209 ψυχῆς
1658 3142 1835 3208 χαμαὶ

229 3234 522 3301 συρομένης
573 3235 663 3282 καὶ
730 3226 896 3302 μηδὲν
945 3229 1144 3300 ὑψηλὸν
1221 3232 1628 3301 φανταζομένης.
1694 3228 1835 3279 Ἐπεὶ

230 3316 289 3372 δὲ
345 3319 636 3391 ἐτόλμησαν
705 3319 860 3371 εἶπεῖν
917 3323 1116 3393 πατέρα
1185 3318 1378 3370 ἑαυτῶν
1441 3320 1529 3368 τὸν
1602 3319 1724 3369 Θεὸν
1785 3317 1833 3367 οἱ

228 3408 428 3471 ἀνάξιοι
491 3414 579 3459 καὶ
644 3416 740 3468 τῆς
792 3416 880 3460 τοῦ
944 3407 1183 3480 Ἀϐραὰμ
1253 3410 1568 3477 συγγενείας,
1636 3404 1834 3479 παρῤη⁶

229 3498 471 3558 σιάζεται
519 3501 609 3548 καὶ
665 3495 848 3568 ἐπάγει
897 3499 1118 3561 τούτοις,
1180 3499 1248 3558 ὡς
1315 3494 1558 3558 ἀνιάτοις,
1610 3513 1832 3567 φανερω-

225 3592 378 3660 τέραν
409 3586 629 3657 πληγὴν,
671 3584 980 3660 ἀντίῤῥοπον
1012 3585 1124 3656 (⁵58)
1173 3594 1266 3646 τῆς
1326 3583 1709 3656 ἀναισχυντίας
1744 3583 1832 3634 αὖ·

225 3683 350 3736 τῶν,
418 3673 776 3727 καταστελλων
834 3677 891 3725 τό
947 3677 1168 3746 φύσημα
1219 3679 1308 3725 καὶ
1349 3677 1434 3726 τὸν
1486 3678 1682 3745 κόμπον
1735 3681 1831 3724 τῶν

226 3763 514 3827 ἀλαζόνων.

298 3853 466 3925 Ὑμεῖς
541 3883 607 3892 —
674 3850 805 3906 ἐστέ.
876 3851 1041 3924 Ὑμεῖς
1102 3850 1159 3903 ἐκ
1220 3858 1312 3903 τοῦ
1376 3852 1573 3924 πὰτρὸς
1639 3848 1830 3902 ἐκείνου

225 3940 346 3994 ἕστε
412 3947 503 3994 τοῦ
575 3937 858 3993 διαϐόλου³
911 3941 1052 4012 ὑμῶν
1121 3943 1290 4010 πατὴρ
1364 3937 1548 3998 ἐκεῖνός
1618 3937 1757 3989 ἔστιν
1806 3939 1831 3988 ό

226 4026 496 4092 διάϐολος.

303 4124 504 4172 Καὶ-
536 4125 717 4171 ποιεῖν.
773 4125 876 4170 Τοῦ
926 4120 1127 4190 πατρὸς
1175 4118 1316 4189 ὑμῶν
1348 4114 1562 4168 ἐκεινου.
1625 4114 1829 4167 Ἐπιθυο

223 4213 346 4280 μίαι
379 4213 490 4275 (59)
523 4203 581 4260 δὲ
624 4206 784 4259 αὐτοῦ
823 4209 880 4258 τὸ
914 4205 1352 4280 ἁνθρωποκτονείν
1395 4208 1484 4256 καὶ
1514 4207 1571 4255 τὸ
1615 4199 1828 4275 ψεῦδος,

225 4301 394 4349 εἰτουν
449 4299 474 4348 ό
534 4294 740 4358 σκολιός
795 4300 882 4347 καὶ
928 4291 1303 4368 διεφθαρμένος
1350 4291 1487 4366 βίος,
1534 4295 1604 4354 ὡς
1655 4290 1832 4364 ἐφεξῆς

224 4385 352 4460 ἐρεῖ.

222 4585 335 4633 νας,
401 4567 485 4616 τόν
557 4560 767 4635 Ἀδάμ’
839 4563 995 4624 αὐτὸς
1061 4564 1161 4635 γὰρ
1247 4560 1384 4630 αύτῷ
1465 4562 1550 4611 τὸν
1617 4561 1832 4611 θάνατον

222 4653 561 4728 προεξένησεν
587 4672 599 4684 ο
635 4649 746 4704 εἶτα
775 4657 864 4704 καὶ
893 4655 979 4704 τόν
1009 4653 1118 4702 υἱόν
1145 4650 1307 4702 αὐτοῦ
1329 4653 1416 4702 τόν
1439 4647 1595 4702 Ἅϐελ
1627 4646 1831 4703 ἀνελών.

223 4743 398 4804 Αὐτὸς
436 4745 537 4815 γὰρ
585 4746 675 4794 καὶ
727 4741 868 4813 αύτῷ
927 4744 1014 4793 τόν
1073 4735 1291 4811 ἀδελφόν
1345 4740 1471 4792 Κάῑν
1521 4736 1834 4796 ἐπανέστησε

221 4837 342 4890 κινη
355 4851 450 4894 σας
483 4839 554 4902 τῷ
582 4832 776 4903 φθόνῳ.

302 4926 404 4974 Καὶ
453 4951 520 4960 —
578 4920 813 4977 ἔστηκεν.
866 4917 976 4970 Ούκ
1033 4916 1256 4991 ἐμμένει,
1313 4919 1602 4980 τουτέστιν,
1658 4913 1706 4966 ἐν
1761 4924 1832 4986 τῷ

221 5011 368 5084 ὀρθῷ
415 5008 516 5082 βίῳ
546 5007 641 5062 οὐκ
689 5007 1028 5079 ἀναπαύεται,
1083 5005 1211 5060 ἀλλὰ
1256 5013 1406 5079 μισεῖ
1453 5009 1547 5063 τὴν
1586 5007 1833 5063 τοιαύτην

222 5098 513 5153 πολιτείαν.

1950 1801 2258 1860 natierant
2291 1805 2523 1871 gmultis
2551 1822 2810 1878 namque
2834 1806 3151 1879 illegitimis
3166 1809 3387 1880 nuptiis
3417 1809 3602 1864 Judaei

1950 1891 2396 1962 copulabantur
2425 1913 2438 1962 ;
2489 1911 2698 1951 verum
2726 1896 2856 1953 silet
2887 1896 3068 1954 etiam
3109 1897 3242 1963 hoc,
3270 1913 3603 1970 properans

1950 1981 2023 2036 ad
2048 1981 2109 2037 id
2141 1983 2307 2055 quod
2341 1987 2537 2055 majus
2569 1990 2676 2041 est.

2021 2088 2173 2128 vers.
2197 2073 2290 2128 42.
2330 2075 2429 2128 Ait
2454 2105 2523 2114 —
2548 2075 2728 2131 exivi.
2790 2075 2996 2141 Natus,
3029 2075 3120 2132 vel
3161 2077 3384 2132 missus
3443 2091 3602 2134 sum.

2022 2159 2190 2216 Vers.
2231 2161 2317 2217 42.
2359 2163 2437 2218 Ει
2470 2163 2618 2219 veni.
2648 2164 2731 2219 Ad
2764 2180 2890 2220 vos.

2018 2252 2180 2305 Vers.
2215 2250 2304 2304 42.
2344 2252 2540 2322 Neque
2590 2283 2658 2292 —
2705 2254 2923 2309 veni.A
2971 2253 3211 2326 propria
3267 2253 3598 2319 voluntate,

1947 2355 2084 2395 cum
2113 2339 2416 2413 propriam
2447 2355 2564 2396 non
2590 2340 2850 2397 habeam
2875 2341 3261 2407 voluntatem,
3289 2347 3350 2398 ut
3381 2343 3602 2414 saepius

1946 2428 2171 2484 dictum
2203 2433 2309 2484 est.

2020 2519 2177 2572 Vers.
2211 2517 2298 2573 42.
2326 2517 2436 2574 Sed
2476 2547 2544 2558 —
2571 2518 2745 2574 misit.
2780 2520 2845 2574 Ut
2897 2523 3065 2591 pater
3094 2519 3309 2586 ﬁlium,
3345 2524 3402 2574 ut
3431 2535 3603 2576 mens

1949 2606 2220 2663 verbum.

2024 2696 2178 2752 Vers.
2218 2701 2305 2754 43.
2353 2697 2542 2764 Quare
2572 2727 2638 2737 —
2677 2697 2995 2768 agnoscitis
3016 2701 3042 2751 γ
3071 2700 3259 2763 Quare
3289 2713 3360 2754 ea
3388 2713 3526 2769 qua:
3566 2713 3602 2754 a

1949 2800 2044 2840 me
2061 2785 2362 2854 dicuntur,
2387 2801 2501 2841 non
2536 2785 2856 2855 intelligitis
2886 2787 2914 2842 ?
2945 2785 3160 2841 Deinde
3190 2785 3355 2841 addit
3387 2792 3442 2842 et
3468 2802 3601 2842 cau-

1947 2889 2098 2942 sam,
2130 2889 2235 2928 cur
2265 2874 2376 2945 ipsi
2405 2889 2525 2928 non
2555 2873 2948 2943 intelligerent
2970 2873 3088 2929 illa.

2018 2963 2186 3017 Vers.
2215 2963 2304 3017 43.
2341 2963 2483 3030 Quia
2513 2993 2580 3002 -
2612 2977 2822 3018 meum.
2859 2993 2923 3001 —
2946 2963 3078 3019 Non
3102 2962 3364 3033 potestis,
3423 2961 3600 3032 signi-

1872 3091 1913 3145 Ο
1948 3051 2085 3106 ficat
2112 3068 2288 3117 nunc,
2322 3051 2444 3106 Non
2473 3051 2670 3106 vultis.
2708 3051 2858 3117 Quia
2883 3067 3003 3106 non
3032 3049 3223 3114 vultis,
3262 3051 3475 3124 inquit,
3508 3051 3601 3106 in-

1947 3139 2201 3210 telligere
2229 3156 2564 3196 sermonem
2584 3156 2806 3204 meum,
2839 3141 3027 3213 quide
3059 3139 3297 3196 sublimi
3327 3140 3600 3197 doctrina

1944 3234 2048 3293 est,
2085 3229 2552 3301 prOpteranimae
2577 3233 2784 3284 vestrae
2801 3229 3147 3300 pravitatem
3163 3245 3295 3302 quia
3309 3229 3476 3284 humi
3499 3229 3598 3284 de-

1944 3321 2130 3373 tracta
2157 3324 2268 3386 est,
2302 3325 2356 3372 et
2389 3317 2534 3372 nihil
2573 3318 2829 3373 sublime
2860 3318 3246 3387 imaginatur.
3279 3317 3428 3385 Quia
3458 3333 3597 3372 vero

1942 3406 2136 3462 dicere
2169 3408 2291 3462 ausi
2327 3407 2580 3471 fuerant,
2603 3413 2834 3478 patrem
2859 3423 3034 3462 suum
3067 3422 3193 3461 esse
3220 3407 3427 3471 Deum,
3458 3422 3599 3463 cum

1942 3495 2194 3552 Abrahze
2223 3496 2578 3565 cognatione
2611 3495 2841 3567 indigni
2865 3499 3084 3561 essent,
3107 3494 3289 3551 libere
3317 3495 3594 3566 loquitur,

1942 3592 1997 3642 et
2027 3585 2084 3640 in
2114 3602 2216 3640 eos
2243 3584 3024 3657 tanquamimmedicabiles
3043 3583 3421 3640 manifestius
3449 3583 3600 3639 inﬂi-

1941 3676 2022 3745 git
2053 3675 2286 3740 vulnus,
2323 3675 2485 3744 quod
2517 3675 2782 3746 ipsorum
2807 3673 3191 3747 impudentia;
3220 3673 3596 3745 respondeat,

1941 3764 2301 3819 inﬂationem
2334 3779 2398 3818 ac
2427 3763 2747 3818 elationem
2793 3763 3201 3833 arrogantium
3233 3761 3589 3835 reprimens.

2016 3853 2175 3908 Vers.
2210 3853 2297 3910 44.
2339 3855 2445 3908 Vos
2474 3884 2542 3893 —
2589 3855 2740 3908 estis.
2775 3853 2895 3906 Vos
2936 3868 3006 3908 ex
3063 3857 3228 3924 patre
3275 3851 3374 3907 illo
3431 3851 3597 3919 estis,

1943 3957 2158 4012 nempe
2194 3941 2428 3996 diabolo
2460 3960 2472 4009 ;
2507 3947 2697 3996 vester
2728 3940 2820 3996 ille
2853 3946 3020 4011 pater
3058 3944 3166 4006 est,
3208 3939 3486 3996 diabolus
3518 3939 3601 3995 vi-

1941 4028 2170 4082 delicrt.

2015 4119 2170 4171 Vers.
2217 4120 2304 4172 44.
2347 4118 2422 4170 Et
2451 4148 2519 4155 —
2551 4118 2807 4186 explere.
2851 4115 3040 4169 Patris
3071 4115 3225 4170 illius
3256 4115 3426 4171 vestri
3457 4137 3467 4179 ;
3502 4115 3600 4169 de-

1942 4203 2155 4258 sideria
2171 4210 2365 4260 autem
2383 4205 2538 4258 illius
2563 4212 2702 4258 sunt
2719 4203 3098 4258 homicidium
3119 4209 3174 4256 et
3193 4203 3596 4266 mendacium,

1943 4294 2064 4348 sive
2091 4292 2336 4364 obliqua
2375 4298 2432 4347 et
2477 4297 2758 4364 corrupta
2788 4293 2925 4353 vita,
2957 4291 3136 4345 veluti
3167 4295 3601 4363 consequenter

1942 4383 2118 4437 dicet.

298 4476 516 4534 Ἐκεῖνος
574 4506 638 4514 -
685 4472 880 4545 ἀρχῆς.
954 4475 1052 4526 Τόν
1105 4480 1310 4545 πρῶτον
1379 4472 1647 4543 ἄνθρωπον
1701 4469 1832 4521 κτεί-

2012 4471 2176 4525 Vers.
2209 4470 2299 4525 44.
2339 4470 2444 4526 Ille
2475 4501 2540 4509 —
2571 4469 2753 4525 initio.
2789 4469 3100 4525 Interfecto
3130 4467 3326 4540 primo
3359 4467 3598 4524 homine

1943 4561 2128 4615 Adam
2168 4579 2178 4618 :
2212 4575 2352 4614 nam
2382 4559 2509 4630 ipse
2553 4562 2803 4614 mortem
2848 4558 2927 4613 illi
2979 4555 3310 4629 propinavit
3340 4573 3353 4611 :
3383 4555 3601 4613 deinde

1942 4650 2118 4705 etiam
2152 4649 2350 4703 occiso
2374 4647 2496 4702 ﬁlio
2545 4646 2698 4702 illius
2749 4646 2912 4714 Abel,
2960 4646 3257 4718 siquidem
3303 4645 3430 4718 ipse
3466 4644 3604 4703 fecit

1942 4739 2180 4793 fratrem
2204 4737 2332 4808 ejus
2363 4737 2502 4793 Cain
2538 4737 2595 4790 in
2627 4752 2764 4792 eum
2798 4736 3125 4806 insurgere,
3151 4751 3291 4792 cum
3326 4736 3491 4809 prius
3523 4735 3601 4791 ad

1943 4826 2228 4882 invidiam
2269 4824 2434 4881 illum
2470 4824 2774 4880 movisset.

2015 4914 2183 4969 Vers.
2218 4916 2302 4969 44.
2339 4911 2698 4968 Et—stelit.
2747 4915 2870 4968 Non
2925 4912 3274 4985 permansit,
3332 4913 3442 4968 hoc
3488 4916 3595 4980 est,

1945 5003 2003 5060 in
2037 5009 2194 5059 recta
2217 5002 2317 5058 via
2357 5018 2476 5058 non
2509 5000 2778 5074 quiescit,
2813 5001 2918 5058 sed
2946 5001 3071 5058 odit
3095 5001 3433 5074 hujusmodi
3462 5016 3601 5056 con-

1951 5094 2368 5148 versationem.

1443 5271 1664 5338 Variae
1712 5271 2040 5339 lectiones
2087 5282 2153 5339 et
2192 5279 2396 5338 notae.

326 5473 414 5541 54)
456 5472 779 5543 Γεγενημεθα
813 5477 871 5543 Α.

324 5547 417 5614 55)
454 5542 688 5598 Inclusa
713 5542 1154 5614 exciderunt},

326 5611 416 5681 56)
460 5617 541 5670 Ita
567 5613 848 5684 Origenes
881 5617 1025 5670 tom.
1069 5613 1158 5676 IV,
1193 5627 1250 5684 p.
1283 5615 1384 5666 3'27
1417 5611 1478 5667 Β.

325 5686 418 5758 57)
452 5686 581 5760 Παρ⁹
609 5683 754 5760 ἐμοῦ,
787 5691 926 5758 post
951 5685 1009 5738 ού
1035 5683 1212 5739 νοεῖτε.
1245 5690 1280 5735 Β

2015 5467 2128 5537 (58)
2164 5467 2381 5542 ηληγὴν
2438 5465 3160 5542 ἀνωτίρῥητονμΑμωοιθ.
3205 5462 3352 5518 Illud
3419 5460 3603 5516 habet

1945 5539 2122 5611 etiam
2147 5540 2451 5610 Chrysost.
2487 5547 2526 5594 t.
2561 5539 2680 5603 vin,
2714 5556 2775 5611 p.
2802 5539 2908 5593 318
2945 5539 3009 5594 Ε.

2017 5609 2130 5681 (59)
2176 5609 2488 5683 Ἐπιθυμίας
2518 5611 2584 5667 Α.
