4038 6226
473 192 613 252 ηερ
1795 187 2147 246 EUTHYMII
2179 186 2514 250 ZIGABENI
3654 200 3759 257 1300

547 322 710 377 Vers.
741 321 832 377 44.
861 317 1008 385 Quia
1036 347 1105 359 —
1124 332 1203 373 eo.
1239 313 1358 373 Sed
1388 331 1420 373 e
1440 313 1675 372 diverso
1718 317 2125 374 mendacium.

1868 317 2125 374 dacium.
2159 317 2207 370 A
2311 315 2433 370 Ὀτι
2463 349 2528 359 -
2567 318 2727 391 αὐτῷ.
2749 318 2909 374 Ἀ)λὰ
2942 322 3233 375 τούναντίον
3260 317 3463 393 ψεῦδος.

549 414 705 467 Vers.
738 411 832 467 44.
871 411 1019 465 Cum
1044 439 1112 448 -
1154 406 1435 478 loquitur.
1471 437 1538 446 —
1564 406 1816 477 PrOpria
1845 407 2126 479 loquitur.

2314 407 2474 461 Ὀταν
2504 440 2572 449 —-
2603 409 2762 464 λαλεῖ.
2795 442 2865 452 -
2911 414 2987 464 Τά
3013 407 3128 464 ἴδια
3154 411 3309 467 λαλεῖ,
3361 411 3441 466 Ἰδ
3447 434 3512 465 ιον
3564 417 3649 488 γὰρ
3691 418 3761 469 αὖ·

480 506 626 559 Nam
647 500 958 573 proprium
981 499 1105 568 ejus
1121 502 1209 552 est
1237 496 1619 552 mendacium
1646 514 1658 552 :
1687 497 1984 570 siquidem
2004 498 2075 570 ip:

2241 505 2333 550 τοῦ
2386 503 2443 550 τὸ
2491 497 2703 569 ψεῦδος.
2782 500 2947 562 Αὐτὸς
3021 504 3121 575 γὰρ
3189 511 3379 575 πρῶτος
3429 502 3625 576 [ἐξεῦρεν
3677 512 3762 573 (60)

478 594 709 665 primus
732 589 1030 645 adinvenit
1058 587 1225 655 illud,
1278 591 1335 641 et
1381 588 1609 659 primus
1662 588 1761 643 illo
1814 605 1964 643 usus
2022 605 2073 644 es

2242 588 2388 657 αὐτὸ,
2430 594 2520 640 καὶ
2568 590 2790 662 πρῶτος]
2836 590 3107 663 ἐχρήσατο
3155 591 3289 662 αὐτῷ
3336 592 3625 663 ψευσάμενος
3665 601 3765 667 πρὸς

480 681 725 754 quando
752 680 825 733 ad
875 680 1059 733 Evam
1085 677 1363 731 mentitus
1394 682 1497 742 est,
1533 677 1741 733 dicens
1770 678 1849 733 illi
1880 695 1986 750 per
2016 695 2075 733 se

2242 681 2335 735 τὴν
2370 681 2501 729 Εὔαν
2533 681 2615 730 ore
2631 678 2796 749 ἔλεγεν
2828 679 2957 751 αὐτῇ
2987 676 3081 731 διὰ
3105 688 3196 732 τοῦ
3221 685 3390 751 ὄφεως,
3421 682 3495 733 ὅτι
3522 683 3589 735 Οὐ
3607 686 3765 756 θανάτῳ

478 775 718 843 pentem
741 786 753 823 :
777 771 899 823 Non
914 772 1098 822 morte
1122 766 1476 832 moriemini;
1494 772 1547 822 et
1569 768 1785 822 :Eritis
1801 769 1949 824 sicut
1967 769 2047 824 dii
2061 770 2073 803 τ

1776 769 1949 824 tsicut
1967 769 2130 824 dii".
2244 764 2607 835 ἀποθανεῖσθε,
2643 773 2752 833 καὶ,
2787 770 2868 820 ὁτι
2894 768 3114 821 ’Ἐσεσθε
3145 772 3214 831 ὡς
3253 772 3371 822 θεοί.

550 860 713 913 Vers.
742 859 830 913 44.
876 858 1026 925 Quia
1067 856 1319 913 mendax
1347 865 1445 912 est.
1480 859 1558 912 Ex
1590 873 1661 913 eo
1690 862 1959 930 tempore,
1989 863 2043 914 et
2073 858 2134 913 in

2312 854 2432 908 Ὀτι
2490 857 2725 927 ψεύστης
2783 856 2943 912 ἐστίν.
3026 857 3238 911 Ἐκτοτε
3295 865 3381 912 καὶ
3439 860 3501 920 εἰς
3575 864 3623 913 τό
3678 862 3766 924 ἑξῆς

480 954 780 1022 posterum
823 949 1136 1003 mentiens.

980 949 1136 1002 iens.
2242 943 2575 1018 ψευδόμενος.

555 1038 717 1093 Vers.
757 1042 843 1094 44.
878 1040 951 1093 Et
988 1042 1163 1107 pater
1194 1036 1399 1103 ipsius.
1430 1036 1737 1103 Mendacii,
1773 1041 1836 1093 ut
1874 1039 1976 1111 qui
2017 1039 2134 1111 pri-

2319 1042 2416 1088 Καὶ
2451 1037 2476 1089 ὁ
2506 1040 2679 1110 πατὴρ
2714 1036 2892 1091 αὐτοῦ.
2945 1042 3041 1090 Καὶ
3066 1038 3091 1089 ὁ
3148 1043 3319 1111 πατὴρ
3351 1037 3519 1104 αὑτοῦ,
3561 1043 3661 1097 ἦτοι
3699 1048 3766 1091 τοῦ

483 1143 619 1184 mus
650 1127 792 1184 illud
823 1126 1143 1191 adinvenit,
1170 1126 1321 1181 sicut
1347 1126 1570 1181 dictum
1600 1132 1703 1181 est.

2244 1122 2493 1196 ψεύδους,
2523 1126 2675 1187 αὐτός
2706 1125 2845 1179 ἔστιν
2890 1130 2955 1188 ὡς
2985 1133 3187 1201 πρώτος
3226 1127 3434 1200 ἐξευρὼν
3463 1128 3594 1195 αὐτὸ,
3634 1131 3768 1191 καθὼς

2248 1218 2445 1290 εἴρηται
2456 1258 2469 1273 ,

555 1307 833 1363 Vers.45.
872 1307 999 1376 Ego
1031 1337 1095 1345 —
1136 1304 1301 1360 mihi.
1353 1307 1497 1360 Nam
1535 1305 1582 1360 si
1624 1306 2007 1362 mendacium
2053 1306 2137 1362 di-

2321 1305 2449 1375 Ἐγὼ
2513 1335 2570 1345 -
2602 1324 2709 1370 μοι.
2765 1304 2823 1358 Εἰ
2878 1308 2967 1377 μὲν
3020 1305 3185 1377 ἔλεγον
3236 1303 3447 1377 ψεῦδος,
3493 1305 3770 1359 ἐπιστεύσατέ

487 1412 700 1459 cerem,
736 1396 1051 1451 crederetis
1079 1394 1279 1466 utique
1310 1395 1476 1459 mihi,
1505 1399 1793 1465 tanquam
1817 1397 1873 1450 id
1899 1397 2082 1452 dicent

2247 1412 2337 1464 μοι
2364 1393 2425 1445 ἂν
2482 1397 2551 1454 ὡς
2580 1398 2638 1446 τό
2690 1392 2827 1447 ἴδιον
2875 1402 2967 1447 τοῦ
3008 1400 3201 1469 πατρὸς
3246 1398 3386 1468 ὑμῶν
3435 1395 3613 1467 λέγοντι
3657 1397 3767 1466 (61)·

486 1488 644 1559 quod
678 1486 983 1558 proprium
1009 1490 1097 1540 est
1118 1485 1299 1556 patris
1322 1484 1530 1550 vestri;
1564 1486 1703 1555 quia
1728 1492 1924 1541 autem
1950 1486 2081 1541 doce

2249 1480 2388 1535 διότι
2429 1480 2488 1536 δὲ
2535 1488 2628 1541 τὴν
2660 1482 2901 1541 ἀλήθειαν
2939 1482 3205 1552 διδάσκω,
3246 1485 3305 1537 οὐ
3351 1488 3598 1538 πιστεύετέ
3622 1506 3696 1556 μοι
3724 1488 3774 1547 ὡς

486 1576 814 1639 veritatem,
837 1592 956 1631 non
980 1575 1212 1630 creditis
1237 1576 1400 1639 mihi,
1437 1579 1638 1647 utpote
1671 1576 1929 1631 alienum
1959 1576 2037 1631 ab
2067 1592 2081 1631 ι

2249 1576 2305 1624 τὸ
2359 1572 2627 1647 ἁλὶότριον
2681 1574 2841 1625 αὑτοῦ
2890 1570 3216 1628 διδάσκοντι.
3272 1574 3529 1631 Ἀλήθειαν
3572 1571 3623 1626 δὲ
3667 1574 3774 1626 κοιλεὶ

487 1665 740 1721 docenti.
759 1665 1075 1720 Veritatem
1101 1668 1299 1719 autem
1320 1670 1633 1720 vocatcum
1650 1664 1796 1721 alias
1815 1665 2082 1721 doctrina

2182 1677 2212 1730 Β
2250 1664 2343 1723 τοὶς
2374 1682 2426 1714 τε
2451 1662 2603 1722 ἄλλας
2634 1663 2790 1715 αὐτοῦ
2820 1658 3174 1725 διδασκαλίας
3219 1668 3310 1715 καὶ
3352 1668 3440 1721 τὴν
3465 1665 3537 1715 ὅτι
3562 1666 3659 1724 Υἱός
3694 1663 3777 1715 ἐστι

488 1760 615 1811 tum
646 1755 809 1827 quod
842 1755 1017 1809 Filius
1042 1754 1171 1826 ipse
1203 1753 1276 1808 sit
1300 1753 1423 1808 Dei.

930 1755 1017 1809 ius
1042 1754 1171 1826 ipse
1203 1753 1276 1808 sit
1300 1753 1423 1808 Dei.
2250 1759 2341 1803 τοῦ
2373 1758 2525 1804 Θεοῦ.

559 1847 725 1903 Vers.
760 1849 846 1900 46.
882 1844 1017 1910 Quis
1046 1875 1115 1885 —
1141 1849 1383 1914 peccato
1413 1844 1440 1899 ?
1468 1844 1524 1899 Si
1563 1844 1642 1899 ita
1682 1860 1801 1899 non
1835 1849 1945 1910 est,
1974 1843 2139 1917 quod

2319 1845 2408 1901 Τίς
2440 1871 2506 1880 —-
2543 1839 2840 1914 ἁμαρτίας;
2877 1842 2936 1893 Εἰ
2984 1845 3079 1913 μὴ,
3115 1837 3259 1893 διότι
3298 1846 3388 1901 τὴν
3420 1840 3637 1899 ἀληθειαν
3660 1841 3776 1912 λέγω,

489 1936 631 2007 quia
663 1935 967 1990 veritatem
1001 1934 1154 1997 dico,
1186 1949 1307 1988 non
1331 1933 1563 1989 creditis
1578 1934 1741 1998 mihi,
1770 1934 1966 1999 dicite,
2003 1936 2084 2001 Qu

2252 1927 2515 1981 ἀπιστεῖτε
2565 1951 2672 2002 μοι,
2725 1933 2915 1995 εἴπατε,
2965 1935 3058 1992 Τίς
3100 1931 3153 1993 ἐξ
3199 1932 3342 2003 ὑμῶν
3382 1930 3567 2001 ἐλέγχει
3610 1950 3661 1999 με
3690 1934 3778 2000 περὶ

491 2031 745 2081 vestrum
773 2025 973 2093 arguit
1008 2038 1097 2079 me
1127 2024 1198 2079 de
1234 2030 1493 2092 peccato,
1533 2023 1687 2092 quod
1726 2040 1761 2079 a
1803 2040 1897 2078 me
1924 2024 2042 2089 ﬁat,
2080 2040 2086 2075 ι

2250 2019 2529 2092 ἁμαρτίας,
2565 2021 2671 2091 [ὑπ’
2716 2019 2839 2092 ἐμοῦ
2898 2020 3016 2089 (62)
3055 2023 3352 2091 γενομένης,
3403 2020 3482 2071 ἶνα
3521 2015 3681 2082 δόξητε
3727 2015 3779 2070 δι’

490 2116 734 2184 prepter
761 2111 900 2165 illud
935 2110 1255 2166 videamini
1288 2127 1405 2166 non
1431 2111 1668 2166 credere
1688 2113 1714 2167 ?

1158 2110 1255 2165 lini
1288 2127 1405 2166 non
1431 2111 1668 2166 credere
1688 2113 1714 2167 ?
2251 2108 2446 2165 ἐκείνην
2479 2108 2713 2161 ἀπιστεῖν
2741 2127 2753 2175 ;

562 2202 723 2255 Vers.
752 2204 841 2257 46.
866 2201 1051 2255 Porro
1066 2200 1188 2255 si—
1205 2200 1397 2255 mihi?
1425 2200 1478 2256 Si
1496 2217 1688 2272 neque
1708 2200 1863 2265 ideo,
1883 2201 2025 2273 quia
2046 2218 2141 2256 ve-

2324 2197 2383 2249 Ei
2415 2194 2475 2250 δε
2520 2229 2582 2238 -
2627 2215 2753 2269 μοι;
2806 2198 2865 2251 Εἰ
2916 2201 3033 2251 οὔτε
3087 2195 3226 2250 διότι
3278 2203 3372 2257 τὴν
3423 2196 3642 2257 ἀλήθειαν
3683 2196 3781 2267 Ἀσίω

489 2290 724 2345 ritatem
739 2289 891 2352 dico,
911 2304 1027 2343 non
1045 2288 1273 2343 creditis
1304 2289 1467 2356 mihi,
1486 2306 1676 2361 neque
1706 2290 2023 2362 quisquam
2051 2308 2083 2343 v

2254 2286 2521 2339 ἀπιστεῖτέ
2572 2307 2681 2359 μοι,
2740 2292 2857 2340 οὔτε
2911 2307 2991 2349 τις
3045 2286 3098 2349 ἐξ
3158 2289 3305 2360 ὑμῶν
3364 2286 3557 2359 Dis/zu
3605 2306 3658 2358 με
3698 2292 3782 2357 περὶ

494 2384 674 2434 strum
705 2378 897 2447 arguit
928 2393 1022 2432 me
1060 2377 1135 2431 de
1175 2383 1437 2448 peccato,
1473 2395 1616 2433 sane
1648 2378 1947 2435 veritatem
1986 2379 2089 2433 dici

2255 2376 2554 2450 ἁμαρτίας],
2600 2378 2702 2451 ἄρα
2731 2376 2972 2435 ἀληθειαν
3004 2379 3131 2448 λέγω
3152 2396 3164 2408 ·
3212 2382 3304 2429 καὶ
3336 2377 3379 2428 εἰ
3408 2375 3629 2434 ἀλήθειαν
3668 2374 3781 2445 λέγω,

494 2470 563 2525 Si
571 2473 764 2523 autem
784 2467 1086 2523 veritatem
1102 2468 1254 2535 dico,
1269 2482 1451 2537 quare
1464 2484 1561 2523 vos
1574 2484 1691 2523 non
1708 2469 1945 2525 creditis
1960 2469 2089 2524 mih'

2258 2463 2403 2518 διατί
2450 2468 2592 2537 ὑμεῖς
2622 2466 2680 2518 οὐ
2710 2469 2979 2519 πιστεύετέ
3007 2472 3137 2538 μόι;
3183 2468 3364 2527 Οὕτως
3414 2466 3604 2538 ἐλέγξας
3644 2464 3785 2525 αὖτοὺς

495 2557 821 2629 Postquam
862 2557 943 2613 ita
973 2557 1228 2612 convicit
1290 2573 1390 2611 eos
1416 2557 1491 2613 de
1538 2557 1832 2614 industria
1882 2575 2090 2631 peccar

1538 2557 1832 2614 industria
1882 2575 2143 2631 peccare,
2258 2552 2586 2616 ἐθελοκάχους
2616 2558 2687 2607 ἔτι
2720 2555 3100 2628 συλλογίζεται.

495 2646 736 2701 ulterius
752 2645 1151 2701 ratiocinatur.

568 2736 728 2789 Vers.
768 2736 855 2787 47.
887 2735 1000 2801 Qui
1023 2765 1091 2774 —
1116 2736 1269 2789 estis.
1303 2736 1409 2800 Qui
1452 2750 1519 2789 ex
1549 2736 1665 2789 Deo
1698 2740 1802 2801 est,
1833 2737 2012 2792 verba
2042 2736 2148 2794 Dei

2328 2729 2386 2782 Ὀ
2415 2760 2481 2770 -
2517 2728 2650 2782 ἐστέ.
2702 2728 2762 2783 Ὁ
2790 2730 2857 2781 ὡν
2900 2729 2953 2782 ἐκ
3010 2737 3101 2782 τοῦ
3169 2737 3308 2783 Θεοῦ
3374 2732 3438 2782 τὰ
3496 2731 3681 2803 ῥήματα
3722 2735 3788 2779 τοῦ

494 2823 723 2896 recipit,
770 2823 973 2895 eisque
1030 2830 1197 2895 paret
1233 2840 1374 2889 ;vos
1427 2841 1543 2880 non
1602 2826 1887 2897 recipitis,
1932 2843 1998 2882 ex
2034 2828 2089 2880 Οι

2261 2826 2393 2871 Θεοῦ
2439 2815 2677 2890 δέχεται,
2710 2823 2799 2870 καὶ
2846 2821 3110 2872 πείθεται·
3158 2822 3304 2891 ὑμεῖς
3349 2820 3406 2871 οὐ
3457 2816 3686 2890 ὄέχεσθι’
3723 2817 3790 2869 οὐκ

495 2913 673 2981 igitur
716 2928 833 2967 non
866 2912 1008 2966 estis
1038 2931 1050 2968 :
1085 2918 1141 2967 et
1170 2928 1240 2967 ex
1274 2915 1659 2985 consequenti
1697 2916 2028 2970 mentimini
2065 2916 2090 2969 ό

2260 2910 2363 2979 ἄρα
2392 2906 2444 2959 ἐκ
2487 2916 2579 2959 τοῦ
2620 2914 2755 2961 Θεοῦ
2786 2907 2918 2962 ἐστε.
2971 2913 3068 2961 Καὶ
3103 2907 3285 2960 λοιπόν
3333 2905 3579 2980 ψεύδεσθε
3614 2907 3790 2977 λέγοντες

496 3007 691 3057 centes
722 3008 948 3074 patrem
987 3019 1091 3058 vos
1118 3002 1337 3057 habere
1380 3006 1582 3069 Deum,
1627 3009 1681 3059 et
1725 3021 1793 3059 ex
1838 3006 1957 3060 Deo
1997 3022 2088 3061 ess

2196 3030 2221 3085 3
2260 3002 2456 3068 πατέρα
2495 2999 2635 3068 ἔχειν
2680 3001 2765 3049 τόν
2797 3000 2926 3051 Θεὸν
2978 3003 3068 3049 καὶ
3116 2997 3169 3049 ἐκ
3214 3006 3310 3050 τοῦ
3350 3007 3479 3052 Θεοῦ
3524 2994 3649 3049 εἶναι.
3684 2998 3791 3049 Κατὰ

497 3090 1036 3163 Loquendoitaque
1053 3091 1125 3146 de
1156 3092 1474 3157 creatione,
1500 3108 1709 3147 omnes
1732 3110 1798 3147 ex
1832 3094 1951 3149 Deo
1982 3111 2092 3149 sun

2195 3082 2219 3085 —
2260 3089 2349 3157 μὲν
2377 3082 2463 3137 οὖν
2487 3090 2573 3137 τόν
2600 3085 2752 3157 λόγον
2777 3094 2863 3147 τῆς
2904 3083 3258 3159 δημιουργίας
3287 3089 3471 3148 πάντες
3500 3085 3551 3137 ἐκ
3588 3092 3666 3137 τοῦ
3691 3092 3790 3136 Θεον

493 3179 664 3250 juxta
696 3179 945 3234 modum
972 3195 1113 3234 vero
1140 3181 1569 3244 familiaritatis,
1603 3181 1711 3236 soli
1738 3180 1813 3236 illi
1840 3183 1941 3254 qui
1970 3182 2088 3237 ver]

2262 3175 2363 3228 εἰσι
2389 3191 2406 3208 ⁸
2437 3177 2571 3227 κατά
2602 3173 2662 3229 δὲ
2691 3180 2777 3228 τόν
2808 3185 2903 3237 τῆς
2934 3176 3255 3239 οἰκειότητος
3286 3181 3430 3249 μόνοι
3474 3176 3521 3228 οἱ
3548 3176 3605 3227 τὰ
3627 3174 3793 3249 ῥήματα

502 3264 602 3319 Dei
638 3263 902 3329 audiunt,
936 3264 1138 3335 eisque
1169 3265 1476 3330 obedinnt,
1502 3271 1557 3321 et
1592 3281 1627 3321 a
1663 3266 1954 3326 moribus.
1988 3284 2097 3340 quc

2262 3263 2422 3315 αὑτοῦ
2454 3261 2732 3336 δεχόμενοι
2761 3270 2851 3318 καὶ
2875 3268 3168 3338 πειθόμενοι
3198 3271 3291 3319 καὶ
3319 3265 3419 3319 ἀπὸ
3444 3273 3530 3317 τοῦ
3569 3269 3728 3336 τρόπον
3751 3264 3790 3311 τὸ

500 3352 785 3407 rationale
812 3358 916 3415 est,
960 3353 1298 3408 ostendunt.

1247 3374 1250 3406 ι
1263 3357 1298 3408 ι.
2261 3357 2355 3425 γνὴ
2368 3372 2477 3405 σιον
2506 3350 2842 3417 δεικνύοντες.

572 3442 733 3496 Vers.
767 3444 853 3496 48.
886 3442 1327 3510 Responderunt
1358 3474 1425 3481 —
1452 3442 1625 3497 habes
1646 3442 1673 3497 i’
1704 3446 1806 3499 Per
1833 3444 2158 3516 interroga-

2337 3443 2720 3514 Ἀπεκρίθησαν
2767 3475 2836 3482 -
2894 3446 3071 3515 ἔχειςς
3132 3444 3261 3497 Κατ’
3329 3444 3573 3519 ἐρώτησιν
3618 3440 3796 3512 ἀναγνω-

502 3528 724 3584 tionem
768 3529 1086 3593 legendum
1109 3536 1213 3584 est.
1232 3531 1531 3585 Vocabant
1561 3537 1761 3585 autem
1782 3548 1919 3587 eum
1947 3534 2097 3589 Sam;

2267 3536 2432 3585 στέον.
2501 3536 2823 3605 Σαμαρείτην
2870 3535 2961 3605 μὲν
3023 3529 3111 3585 οὖν
3194 3532 3357 3586 αὑτὸν
3425 3532 3583 3603 ἔλεγον
3643 3533 3699 3592 ὡς

499 3618 786 3683 ritanum,
823 3623 1017 3688 utpote
1050 3633 1166 3672 non
1198 3626 1400 3673 exacte
1435 3626 1761 3674 servantem
1793 3620 2005 3689 legem,
2040 3623 2089 3677 si

2266 3619 2495 3693 ἀκριϐῶς
2552 3629 2812 3693 τηροῦντα
2880 3625 2967 3673 τὸν
3032 3625 3207 3694 νόμον,
3287 3626 3356 3685 ὡς
3436 3623 3601 3682 αὐτοῖς
3655 3616 3798 3679 ἐδόκει,

503 3714 566 3761 ut
612 3707 724 3761 illis
758 3707 1089 3772 videbatur,
1134 3723 1327 3777 neque
1385 3708 1734 3763 traditiones
1778 3710 2079 3766 seniorum

2265 3706 2403 3781 μηδὲ
2456 3712 2547 3772 τάς
2612 3708 2931 3783 παραδόσεις
3003 3720 3101 3763 τῶν
3168 3712 3559 3785 πρεσϐυτέρων·
3628 3714 3800 3759 τοιοῦτοι

501 3796 650 3851 tales
678 3796 974 3867 siquidem
1016 3802 1183 3851 erant
1213 3796 1585 3851 Samaritani.
1624 3799 1990 3854 Daemonium
2024 3816 2090 3855 ve

2265 3802 2365 3873 γὰρ
2426 3802 2474 3851 οἱ
2530 3807 2884 3874 Σαμαρεῖται·
2948 3796 3219 3873 δαιμόνιον
3286 3798 3347 3854 δε
3397 3804 3595 3873 ἔχοντα,
3643 3801 3700 3857 ὡς

500 3884 841 3948 habentem,
879 3890 1161 3955 tanquam
1201 3884 1295 3939 Dei
1352 3884 1641 3940 honorem
1683 3885 1740 3940 in
1771 3888 2031 3959 seipsum
2059 3890 2095 3944 d

2266 3897 2359 3940 τοῦ
2392 3896 2525 3942 Θεοῦ
2548 3894 2705 3961 τιμὴν
2745 3889 2815 3951 εἰς
2855 3889 3032 3942 ἑαυτὸν
3080 3889 3331 3943 ἔ).κοντα’
3386 3896 3598 3943 τοιοῦτοι
3647 3888 3728 3957 γὰρ
3768 3884 3799 3933 οἱ

501 3975 833 4035 rivantem;
898 3990 1038 4029 nam
1093 3974 1241 4029 tales
1296 3980 1433 4029 sunt
1491 3974 1844 4030 dwmones:
1904 3978 2007 4033 sed
2061 3978 2096 4034 h

2270 3974 2537 4049 δαίμονες.
2566 3977 2759 4031 Ἀλλίὃ
2804 3980 2895 4051 μὲν
2938 3980 3003 4038 ὡς
3051 3977 3099 4029 ἐν
3158 3977 3372 4051 ἀληθείᾳ
3420 3981 3555 4044 Θεὸς,
3600 3971 3716 4029 aid”:
3756 3974 3800 4029 in:

504 4068 790 4135 tanquam
821 4062 867 4117 is
889 4061 991 4134 qui
1015 4063 1070 4117 in
1101 4063 1346 4119 veritate
1370 4065 1519 4118 Deus
1538 4069 1683 4130 erat,
1712 4064 1791 4119 illi
1816 4081 1956 4122 vero
1983 4068 2157 4140 quasi
2266 4064 2573 4129 ἀπατεῶνεςο

503 4152 607 4208 sed
617 4157 866 4207 uctores.

576 4241 735 4297 Vers.
769 4241 854 4297 49.
906 4242 1229 4310 Respondit
1262 4272 1327 4281 —-
1361 4241 1563 4299 habeo.
1594 4244 1777 4299 Deum
1811 4260 1932 4299 non
1975 4245 2156 4302 deho-

2339 4246 2621 4321 'A7rax.pi6n
2690 4276 2759 4285 —
2810 4248 2937 4317 Exn.
3004 4245 3080 4298 Οὔ
3126 4248 3225 4321 γὰρ
3278 4245 3516 4319 ἀτιμάζοι
3570 4246 3643 4297 τὸν
3686 4243 3793 4299 Θεὸνε

503 4337 692 4396 nesto,
719 4330 871 4386 sicut
909 4330 1232 4399 daemones,
1266 4347 1373 4387 nec
1406 4332 1607 4403 ipsum
1634 4333 1857 4389 honore
1910 4352 2019 4390 suo
2060 4336 2094 4390 d

2200 4336 2332 4437 Diis;
2402 4337 2449 4387 οἱ
2512 4334 2771 4407 δαίμονες,
2836 4331 2959 4387 οὐδὲ
3021 4343 3115 4398 τῆς
3184 4345 3343 4408 τιμῆς
3414 4336 3565 4389 αὐτοῦ
3625 4327 3795 4386 ἐχϐὢλν

500 4424 660 4492 jicio.

2193 4424 2233 4437 ”’
2269 4424 2332 4475 αὖ
2347 4429 2439 4477 τόν.

576 4511 737 4565 Vers.
762 4513 849 4565 49.
880 4511 989 4567 Sed
1010 4510 1233 4567 honoro
1266 4511 1521 4567 Patrem.
1554 4514 1863 4568 IIonorans
1894 4528 2158 4585 namque

2342 4512 2496 4565 Ἀλλὰ
2550 4521 2685 4586 τιμῶ
2763 4516 2850 4565 τὸν
2918 4516 3143 4586 Πατέρα.
3203 4521 3381 4587 Τιμῶν
3457 4515 3553 4586 γὰρ
3608 4512 3682 4562 τόν
3725 4511 3795 4558 [Ias

506 4598 741 4653 Patrem
768 4600 1040 4665 ostendo,
1078 4616 1181 4656 vos
1230 4617 1348 4656 non
1397 4600 1618 4656 habere
1680 4603 1863 4656 Deum
1901 4608 2101 4673 patreu

2267 4607 2389 4675 τέρα
2437 4601 2703 4673 ἀποφαίνω
2765 4603 2898 4675 ὑμᾶς
2946 4606 3018 4673 μὴ
3080 4605 3302 4674 ἔχοντας
3352 4606 3549 4674 πατέρα
3594 4603 3665 4651 τόν
3709 4596 3794 4646 Θεὲν

505 4702 702 4758 neque
730 4703 795 4741 ex
837 4689 952 4744 Deo
997 4705 1146 4746 esse.
1190 4690 1494 4762 Siquidem
1539 4691 1857 4761 ignominia
1888 4697 1975 4745 est
2005 4693 2097 4762 eju

2270 4688 2420 4763 [μηδ’
2453 4690 2507 4743 ἐκ
2540 4692 2651 4763 (63)
2695 4700 2783 4743 τοῦ
2839 4699 2974 4744 Θεοῦ
3000 4696 3168 4755 ὄντας.
3215 4694 3431 4764 Ἀτιμία
3479 4695 3573 4763 γὰρ
3624 4694 3698 4740 τοῦ
3740 4700 3794 4753 τι·

505 4775 609 4847 qui
633 4776 906 4832 homines
925 4777 1338 4833 benevolentia
1358 4778 1749 4850 persequitur,
1774 4786 2000 4851 patrem
2027 4797 2100 4833 es:

1952 4796 2000 4833 In
2027 4797 2155 4835 esse
2266 4780 2567 4855 λανθρὼποτν
2596 4784 2793 4855 πατέρα
2818 4777 2945 4833 εἶναι
2972 4789 3069 4833 τῶν
3098 4780 3547 4856 ἀνθρωποκτόνων.

506 4864 945 4921 homicidarum.

577 4954 740 5010 Vers.
782 4958 871 5011 49.
926 4957 993 5011 Et
1047 4987 1115 4995 —
1168 4970 1275 5011 me.
1336 4956 1773 5012 Samaritanum
1831 4972 1898 5012 ac
1938 4955 2158 5013 dieme-

2344 4965 2442 5013 Καὶ
2509 4991 2579 4999 —
2637 4979 2719 5033 με.
2789 4961 3110 5033 Σαμαρὲιτην
3176 4964 3263 5013 καὶ
3333 4956 3593 5031 δαιμόνιον
3653 4956 3788 5025 ἔχοντα

504 5044 747 5101 niacum
815 5044 1198 5118 appellantes.
1284 5048 1484 5118 Itaque
1555 5045 1788 5103 Patrem
1850 5046 2099 5103 honorat

2268 5047 2623 5121 ὀνομάσαντες,
2702 5045 2841 5103 διότι
2907 5056 3069 5122 τιμῶν
3156 5052 3240 5102 τόν
3334 5051 3538 5122 Πατέρα
3614 5042 3788 5112 ἀπέφηνα

614 5223 662 5257 ⁷³
695 5222 836 5279 Gen.
879 5238 959 5287 ιιι,
1004 5222 1056 5290 4,
1084 5223 1133 5281 5.

1692 5377 1917 5448 Varias
1964 5377 2287 5446 lectiones
2322 5385 2389 5445 et
2430 5388 2632 5447 notae.

576 5554 688 5629 (60)
724 5554 955 5613 Inclusa
978 5558 1196 5614 absunt
1236 5556 1299 5612 A.
2339 5558 2448 5629 (62)
2491 5556 2729 5616 Inclusa
2759 5557 2979 5616 absunt
3002 5565 3065 5615 Α.

577 5626 628 5696 (6
642 5628 688 5696 ί)
734 5631 983 5699 Λέγοντος
1022 5634 1085 5685 Α.

2338 5626 2450 5703 (63)
2492 5630 2726 5689 Inclusa
2755 5630 2974 5689 absunt
3006 5633 3072 5687 Α.
