4038 6226
196 335 326 393 I301

1166 331 1540 392 COMMENT.
1588 328 1660 388 IN
1696 327 2049 386 JOANNEM.
2093 360 2159 372 -—
2200 327 2358 387 CAP.
2407 328 2543 387 VIII.

3422 334 3566 394 1302

188 462 330 535 ὑμᾶς
386 464 459 535 μὴ
511 462 727 535 ἴχοντας
772 464 972 537 πατέρα
1023 465 1110 515 τὸν
1162 461 1365 533 Θεόν.]
1421 461 1752 534 Ἀτιμοίσαντι

1906 455 2161 524 ostendi,
2189 471 2294 512 vos
2314 457 2497 511 Deum
2521 468 2640 511 non
2667 452 2892 513 habere
2924 463 3155 528 patrem
3189 474 3202 515 :
3227 474 3334 516 vos
3354 464 3558 519 autem

187 548 252 605 δέ
305 554 392 605 τὸν
454 551 595 614 Υἰόν,
662 552 954 624 ἠτιμάσατε
1028 555 1115 604 τὸν
1186 556 1409 626 Πατέρα.
1480 555 1795 626 Προείρηται

183 644 287 715 γὰρ
314 643 392 694 ὅτι
434 642 460 693 6
506 646 577 714 μὴ
610 650 772 715 τιμῶν
802 645 890 694 τόν
915 643 1034 695 Υἱὸν
1066 641 1125 694 οὗ
1156 646 1286 714 τιμᾲ
1324 644 1411 694 τόν
1456 645 1661 715 Πατέρα
1706 644 1793 694 τὸν

181 730 330 805 uia-ia
338 750 467 783 αντα
494 730 669 784 αὐτόν.

257 906 387 979 Ἐγὼ
417 936 485 947 -
511 925 634 981 μου.
661 910 771 965 Τὴν
793 902 1067 965 ἇκδίκησιν
1095 914 1187 968 τῆς
1215 903 1425 978 ἀτιμίας
1451 923 1571 978 μου.

253 1079 435 1135 Ἔστιν
477 1114 533 1126 ς-
578 1086 787 1155 κρίνων.
818 1082 876 1136 Ὀ
923 1088 1103 1156 Πατὴρ
1153 1078 1226 1136 δι’
1258 1082 1313 1136 ὃν
1363 1083 1659 1155 ἠτιμάσατε
1698 1101 1781 1156 με,

172 1174 268 1222 καὶ
298 1174 424 1246 πρὸς
451 1171 507 1224 ὃν
532 1173 563 1231 ἡ
597 1171 780 1247 ἀτιμία
808 1181 901 1226 τοῦ
931 1174 1054 1227 Υὶοῦ
1083 1169 1374 1226 διαϐαίνειν
1403 1168 1563 1227 οἶδεν.
1592 1173 1654 1226 Εἰ
1678 1176 1782 1247 γὰρ

171 1263 268 1311 καὶ
310 1264 407 1317 τὴν
448 1264 623 1333 κρίσιν
658 1264 833 1314 πᾶσαν
882 1257 1083 1315 δέδωκε
1125 1270 1197 1332 τῷ
1235 1268 1361 1331 Υιῷ,
1409 1259 1516 1313 ἀλλ’
1564 1260 1669 1334 οὐχ
1713 1265 1781 1325 ὡς

171 1345 405 1400 ἐκϐαλὼν
435 1349 611 1403 ἑαυτὸν
631 1359 724 1403 τοὺ
748 1355 957 1426 κρίνειν,
986 1350 1113 1403 ἀλλὰ
1142 1347 1281 1403 διότι
1321 1355 1492 1423 Λόγος
1520 1359 1610 1402 του
1640 1358 1776 1404 [latro

167 1441 261 1510 ρός
286 1439 313 1489 6
344 1440 490 1501 Υἱός.

242 1526 380 1602 Ὀρά
424 1524 483 1581 δε
527 1536 657 1595 πῶς,
712 1530 795 1582 ὅτε
980 1525 1118 1582 εἶπον
1164 1532 1364 1602 πατέρα
1437 1529 1630 1583 ἑαυτῶν
1686 1534 1775 1583 τόν

168 1618 318 1684 Θεὸν,
372 1617 776 1694 ἐπαρῥησιάσθη
833 1623 924 1672 καὶ
981 1616 1219 1692 σφοδρῶς
1248 1618 1417 1671 αὐτῶν
1473 1619 1768 1691 καθήψατο.

166 1706 253 1759 ὅτε
319 1704 381 1761 δε
442 1708 596 1760 αὐτὸν
652 1709 939 1780 ἠτίμασαν,
1003 1705 1239 1770 ἐπιεικῶς
1306 1706 1615 1782 ἁπεκρίνατο
1680 1714 1770 1763 καί

1904 544 2117 601 Filium
2147 543 2476 617 ignominia
2533 543 2878 614 efﬁcientes,
2930 545 3158 605 honore
3193 550 3471 622 privastis
3500 554 3557 609 et

1904 633 2143 689 Patrem.
2226 633 2567 690 Praidictum
2637 633 2796 689 enim
2875 641 2985 701 est,
3073 638 3385 711 quod,qui
3432 656 3556 698 non

1899 721 2157 780 honorat
2183 712 2407 789 Filium,
2441 737 2563 779 non
2622 722 2875 779 honorat
2929 724 3187 792 Patrem,
3240 728 3346 800 qui
3395 728 3557 785 misit

1898 811 2058 867 illum
2087 815 2159 867 ⁷³.

1970 902 2140 961 Vers.
2164 904 2252 959 50.
2284 904 2414 973 Ego
2443 931 2510 943 —
2539 916 2742 957 meam.
2785 901 3121 961 Vindictam
3170 906 3547 964 contumeliae

1898 1007 2068 1048 meas.

1968 1084 2128 1139 Vers.
2166 1083 2254 1138 50.
2289 1084 2382 1139 Est
2412 1111 2481 1122 —
2523 1080 2781 1150 judicet.
2829 1083 3014 1148 Pater,
3064 1090 3309 1157 propter
3361 1102 3543 1159 quem

1892 1170 2120 1227 honore
2150 1186 2246 1227 me
2274 1169 2568 1243 privastis,
2619 1174 2677 1224 et
2723 1168 2803 1224 ad
2827 1186 3012 1242 quem
3045 1172 3164 1230 Filii
3207 1174 3544 1243 ignominia

1892 1261 2141 1317 transire
2162 1262 2437 1317 cernitur.
2471 1261 2619 1316 Nam
2672 1258 2785 1315 etsi
2814 1275 2995 1316 omne
3035 1261 3329 1333 judicium
3377 1263 3541 1322 dedit

1888 1349 2055 1417 Filio,
2080 1365 2201 1407 non
2233 1356 2453 1415 tamen,
2486 1353 2652 1425 quod
2686 1363 2750 1409 se
2781 1350 3008 1407 honore
3055 1350 3393 1423 privaverit,
3431 1353 3541 1409 sed

1885 1439 2051 1511 quod
2082 1439 2343 1496 Verbum
2372 1441 2554 1498 Patris
2583 1444 2655 1500 sit
2680 1443 2874 1499 Filius.

1956 1528 2102 1585 Vide
2132 1535 2349 1595 autem,
2381 1531 2541 1603 quod
2567 1532 2816 1605 quando
2844 1535 3077 1605 patrem
3103 1530 3215 1588 sibi
3257 1530 3534 1589 dixerunt

1881 1632 2014 1673 esse
2041 1619 2247 1684 Deum,
2274 1618 2457 1675 libere
2502 1621 2809 1695 respondit
2858 1625 2916 1677 et
2962 1621 3222 1692 graviter
3269 1636 3373 1678 eos
3426 1621 3532 1677 ob-

1873 1707 2134 1778 jurgavit
2186 1727 2199 1765 :
2254 1709 2503 1781 quando
2546 1727 2690 1767 vero
2733 1709 3095 1767 contumelia
3142 1725 3276 1765 eum
3319 1709 3531 1766 affece-

164 1800 367 1871 πράως.
402 1798 628 1851 Ἐτεῠθιν
656 1801 756 1870 γὰρ
806 1794 1115 1851 ἔπαίδευσεν
1154 1799 1291 1869 ἡμᾶς
1339 1800 1407 1849 τὰ
1435 1800 1525 1869 μὶν
1574 1798 1642 1859 εἰς
1680 1803 1752 1852 τόη

1880 1802 2034 1865 runt,
2068 1797 2336 1853 modeste
2368 1798 2676 1870 respondit
2717 1814 2789 1856 ac
2835 1803 3164 1854 mansuete.
3204 1797 3347 1855 Hinc
3375 1799 3526 1855 enim

162 1891 297 1939 Θεὸν
337 1884 581 1953 ἐκδικεῖν,
614 1889 676 1939 τὰ
704 1883 763 1940 δε
792 1887 865 1948 εἰς
884 1889 1023 1959 ἡμᾶς
1049 1892 1302 1961 παρορᾷν.
1340 1891 1440 1940 Καὶ
1486 1886 1644 1949 αὐτός
1666 1891 1765 1964 γὰρ

159 1972 528 2049 παραδραμὼν
558 1980 645 2034 τὴν
679 1976 750 2038 εἰς
783 1975 961 2029 ἑαυτὸν
1005 1974 1154 2051 ὕϐριν
1204 1975 1287 2029 ἰπὶ
1318 1976 1621 2048 παραίνεσιν
1653 1982 1762 2052 τρέ-

155 2084 335 2120 πεται.

229 2247 410 2317 Ἀμήν
439 2276 507 2285 -—-
556 2244 734 2298 αἰῶνα.
792 2248 1032 2303 Ζήτησον
1071 2242 1119 2296 ἄν
1176 2252 1248 2316 τῷ
1292 2242 1452 2315 ἐνάτῳ
1503 2242 1762 2315 κεφαλαίῳ

153 2339 235 2394 τό.
309 2336 429 2387 Ἐάν
466 2353 541 2395 τις
595 2335 735 2407 φάγῃ
798 2332 852 2385 ἐκ
909 2336 1095 2386 τούτου
1148 2340 1239 2386 τοῦ
1299 2334 1480 2407 ἄρτου,
1537 2332 1760 2394 ζήσεται

152 2424 223 2484 εἰς
279 2426 371 2476 τόν
427 2423 590 2475 αἰῶνα
623 2440 635 2453 ·
695 2428 787 2475 καὶ
841 2421 1099 2495 ἀνάγνωθι
1134 2428 1229 2481 την
1280 2421 1533 2494 ἐξήγησιν
1573 2422 1753 2474 αὐτοῦ.

150 2520 383 2574 Novio-rt;
431 2516 532 2585 γὰρ
589 2514 776 2565 ἐκεῖθεν
826 2517 944 2588 περὶ
993 2516 1146 2564 ποίου
1210 2513 1431 2565 θανάτου
1465 2512 1599 2583 λέγει
1644 2519 1753 2567 νῦν.

152 2608 283 2676 Περὶ
336 2602 399 2654 οὗ
456 2607 529 2676 μὴ
594 2606 872 2664 νοήσαντες
945 2600 1125 2655 ἇκεῖνοι
1181 2601 1332 2653 πάλιν
1406 2599 1757 2675 ἀτιμάζουσιν

150 2692 331 2745 αὐτόν.

229 2778 389 2835 Εἶπον
424 2811 485 2821 —
532 2783 694 2850 ἔχεις.
736 2787 843 2832 Νῦν
881 2778 1090 2852 μᾶλλον.
1142 2777 1298 2833 Εἶπον
1347 2776 1407 2833 δὲ
1457 2788 1628 2847 τοῦτο,
1684 2783 1754 2843 ὡς

148 2868 344 2922 ἐκείνου
372 2865 531 2929 δῆθεν
559 2876 831 2930 ποιοῦντος
860 2870 1040 2922 ἑαυτὸν
1068 2870 1284 2941 μείζονα
1307 2877 1400 2922 τοῦ
1427 2877 1583 2925 Θεοῦ.

221 3046 470 3121 Ἀϐραὰμ
510 3079 573 3089 -
599 3057 885 3121 προφῆται.
920 3050 987 3101 Οἱ
1014 3053 1333 3124 τηρήσαντες
1361 3051 1448 3101 τὸν
1487 3049 1633 3122 λόγον
1660 3058 1751 3103 τοῦ

142 3145 306 3192 Θεοῦ.

222 3231 325 3280 Καὶ
382 3258 451 3267 -
524 3234 683 3288 ποιεῖς
717 3244 730 3295 ;
765 3226 1069 3282 Ἀκόλουθεν
1116 3230 1207 3295 μὶν
1279 3225 1340 3286 ἦν
1396 3230 1508 3298 (64)
1570 3229 1746 3282 εἰπεῖν·

140 3319 233 3373 Μὴ
283 3319 352 3368 σὺ
400 3317 591 3387 μείζων
631 3313 679 3369 εἰ
713 3324 805 3369 τοῦ
836 3324 971 3369 Θεοῦ
1000 3337 1014 3385 ;
1047 3316 1185 3368 Ἀλλ’
1225 3316 1284 3369 οὗ
1323 3317 1536 3389 λέγουσι
1574 3327 1746 3385 τοῦτο,

140 3407 228 3456 ἱνα
253 3409 331 3477 μὴ
366 3410 728 3480 συγκρίναντες
749 3406 904 3459 αὐτόν
928 3415 998 3477 τῷ
1025 3409 1134 3478 Θεῷ
1156 3402 1354 3469 δόξωσι
1379 3407 1568 3479 μᾶλλον
1593 3415 1748 3479 τιμᾷν

138 3495 322 3549 αὐτον.
360 3494 633 3547 Βούλονται
660 3492 720 3548 δε
762 3495 916 3547 αὐτόν
957 3496 1196 3548 ἐλάττονα
1242 3500 1332 3548 καὶ
1370 3504 1459 3548 τοῦ
1512 3496 1747 3571 Ἀϐραὰμ

135 3580 437 3655 ἀποφῆναι.
490 3589 588 3637 Καὶ
629 3585 723 3637 οὐκ
754 3580 892 3637 εἷπον
923 3593 1014 3637 τοῦ
1049 3583 1289 3658 Ἀϐραὰμ
1330 3586 1465 3657 (65).
1499 3584 1626 3638 ἀλλὰ
1654 3596 1745 3639 τοῦ

134 3676 344 3746 πατρὸς
393 3674 560 3745 ἡμῶν,
611 3674 963 3746 κομπάζοντες
1008 3673 1185 3739 πάλιν,
1226 3680 1315 3726 καὶ
1357 3683 1420 3748 τῇ
1475 3683 1746 3749 συγγενείᾳ

135 3769 234 3814 τοῦ
270 3763 323 3813 Ἀ
336 3760 514 3836 ϐραὰμ
543 3762 1010 3836 ὶπισεμνυνόμειοι.

208 3941 499 4014 ’Δπεκρίθη
532 3971 600 3982 -
646 3940 806 3997 ἐστιν.
856 3937 1024 3995 Οὐδέν
1067 3940 1227 4005 ἐστιν,
1282 3943 1353 4002 ὡς
1405 3942 1550 4014 ὑμεῖς
1608 3944 1741 3995 ὑπο-

129 4029 445 4105 λαμϐάνετε.
483 4033 616 4104 Πρὸς
637 4036 730 4089 τὴν
760 4029 962 4084 ἕκείνων
990 4033 1092 4106 γὰρ
1119 4033 1362 4083 ὑπόνοιαν
1399 4039 1553 4083 τοῦτο
1583 4029 1735 4103 εἶπεν,

131 4123 254 4173 ῖσον
304 4119 467 4190 λέγων
507 4127 602 4190 τῷ,
660 4119 777 4173 Ἐὰν
816 4120 916 4192 ἐγὼ
965 4127 1210 4193 μαρτυρῶ
1258 4126 1374 4193 περὶ
1424 4118 1668 4191 ἐμαυτοῦ,
1705 4122 1735 4178 ἠ

127 4214 407 4284 μαρτυρία
435 4229 535 4282 μου
561 4208 655 4261 οὐκ
680 4211 819 4262 ἔστιν
852 4207 1047 4272 ἀληθής
1080 4229 1093 4242 ο
1137 4210 1259 4283 ὅπερ
1308 4215 1477 4262 κεῖται
1511 4219 1628 4283 περὶ
1675 4211 1742 4261 τὰ

125 4304 274 4373 μέσα
295 4306 391 4351 τον
422 4295 648 4371 ἑϐδόμου
676 4298 955 4371 κεφαλαίου
980 4319 993 4331 ·
1026 4303 1116 4351 καὶ
1146 4296 1403 4369 ἀνάγνωθι
1440 4303 1529 4356 τὴν
1555 4295 1741 4370 ἐξήγη-

126 4409 217 4442 σιν
249 4388 412 4440 αὗτοῡ
422 4428 435 4440 .
722 4404 731 4409 ’

200 4564 392 4621 Ἔστιν
446 4595 513 4606 —
566 4584 648 4637 με.
706 4592 770 4605 -
854 4562 971 4617 Ἐὰν
1036 4563 1134 4635 ἐγὼ
1204 4564 1490 4636 μεγαλύνει),
1553 4569 1731 4637 φησὶν,

121 4655 378 4729 ἐμαυτόν,
462 4651 602 4707 δοκῶ
669 4656 787 4726 ὑμῖν
859 4650 1165 4725 ψεύδεσθαι.
1240 4653 1419 4707 Ἔστιν
1497 4655 1523 4706 6
1576 4673 1731 4727 μεγα-

116 4747 290 4797 λύνων
347 4762 429 4815 με,
492 4745 519 4796 6
580 4749 755 4815 Πατήρ
821 4762 942 4815 μου.
1001 4748 1100 4795 Καὶ
1156 4742 1203 4795 ἐν
1255 4751 1326 4813 τῷ
1380 4744 1590 4819 ῥηθέντι
1627 4747 1728 4814 γὰρ

114 4834 392 4907 κεφαλαίῳ
434 4833 624 4906 ὁμοίως
671 4834 825 4895 εἶπεν,
884 4832 963 4884 ὅτι
1012 4837 1110 4885 Καὶ
1166 4834 1191 4884 6
1249 4832 1459 4905 πέμψας
1513 4852 1577 4906 με
1627 4840 1730 4885 Πα-

110 4930 242 4999 τὴρ,
336 4922 485 4983 αὐτὸς
569 4924 936 4997 μεμαρτύρηκε
1016 4927 1133 4997 περὶ
1227 4920 1352 4993 ἐμοῦ
1460 4924 1725 4994 Προθερας

114 5015 269 5067 πεύςι
330 5007 391 5064 δὲ
451 5012 476 5064 6
525 5010 693 5083 μέλλει
744 5009 893 5085 ἐρεῖν,
955 5012 1037 5063 ἶνα
1098 5015 1170 5084 μὴ
1230 5007 1357 5084 δέξῃ
1417 5011 1723 5083 κομπάζειν.

1329 5208 1375 5243 ⁷⁵
1398 5207 1543 5263 ibid.
1572 5207 1663 5264 3t.

188 5211 245 5246 ⁷³
273 5209 449 5266 Joan.
478 5224 532 5277 ν,
556 5212 643 5266 23.
746 5208 797 5245 τι
823 5209 998 5265 loan.
1031 5223 1110 5277 vi,
1139 5208 1225 5263 51.

1876 1901 1989 1942 nos
2017 1885 2234 1957 docuit,
2272 1892 2332 1942 ut
2360 1887 2629 1944 admissa
2683 1888 2738 1944 in
2772 1889 2958 1944 Deum
3014 1886 3409 1956 vindicemus,
3461 1886 3524 1943 in

1874 1990 1988 2031 nos
2019 1980 2219 2030 autem
2248 1975 2645 2046 negligemus.
2690 1980 2837 2033 Nam
2886 1982 2941 2032 et
2996 1976 3127 2048 ipse
3186 1974 3407 2033 factam
3462 1976 3522 2031 in

1876 2078 1941 2119 se
1995 2062 2278 2134 injuriam
2366 2065 2839 2136 prtetermittens,
2890 2064 2971 2121 ad
3052 2062 3521 2122 admonitionem

1871 2152 2252 2209 convertitur.

1944 2244 2107 2299 Vers.
2144 2243 2229 2297 51.
2282 2241 2468 2299 Amen
2533 2272 2603 2283 —
2662 2250 2965 2300 aternum.
3032 2243 3235 2308 Quaare
3294 2242 3353 2299 in
3403 2243 3521 2301 hoc

1870 2344 2031 2387 nono
2056 2332 2270 2404 capite,
2306 2330 2408 2386 ubi
2460 2331 2717 2388 dicitur:
2775 2331 2840 2388 Si
2886 2331 3006 2403 quis
3072 2330 3380 2388 comederit
3444 2347 3515 2390 ea

1869 2420 1974 2477 hoc
1996 2435 2166 2491 pane,
2198 2422 2349 2477 vivet
2380 2421 2442 2476 in
2474 2427 2746 2477 aeternum
2796 2421 2867 2488 τι,
2907 2424 2966 2475 et
3007 2418 3163 2475 illius
3192 2419 3327 2490 lege
3350 2435 3520 2477 enar-

1866 2512 2179 2567 rationem.
2225 2514 2374 2568 Nam
2417 2526 2487 2566 ex
2535 2510 2652 2567 hoc
2702 2510 3018 2581 intelliges,
3059 2510 3136 2567 de
3180 2525 3306 2584 qua
3356 2526 3518 2567 nunc

1866 2606 2054 2656 morte
2081 2600 2377 2672 loquatur;
2406 2599 2481 2655 de
2507 2615 2631 2673 qua
2654 2615 2792 2655 cum
2813 2599 2895 2655 illi
2922 2614 3045 2655 non
3065 2599 3513 2667 intellexissent,

1864 2704 2075 2745 rursus
2095 2704 2236 2745 eum
2266 2689 2629 2745 contumelia
2661 2688 2951 2745 afﬁciunt.

1934 2788 2102 2843 Vers.
2143 2791 2229 2842 52.
2285 2786 2562 2843 Dixerunt
2633 2817 2688 2827 —
2757 2785 2992 2843 habeas.
3054 2788 3219 2841 Nunc
3289 2786 3507 2855 magis.

1864 2876 2147 2933 Dixerunt
2172 2881 2370 2933 autem
2400 2876 2538 2940 hoc,
2572 2874 2748 2948 quasi
2804 2875 2924 2930 Deo
2976 2889 3038 2931 se
3094 2872 3330 2931 fecisset
3379 2875 3509 2948 ipse

1863 2966 2181 3037 majorem.

1933 3056 2095 3113 Vers.
2121 3056 2210 3110 52.
2246 3053 2548 3111 Abraham
2574 3084 2641 3096 -—
2696 3054 3010 3125 prophetae.
3069 3052 3179 3120 Qui
3238 3053 3334 3110 Dei
3391 3068 3514 3110 ser-

1864 3160 2094 3201 monem
2134 3149 2534 3200 servaverunt.

1935 3234 2092 3289 Vers.
2121 3238 2214 3290 52.
2249 3233 2322 3289 Et
2359 3259 2417 3270 -
2467 3233 2626 3289 Vers.
2683 3236 2770 3290 53.
2821 3232 2975 3303 facis
3039 3230 3070 3287 τ
3125 3230 3511 3305 Consequens

1860 3338 2005 3379 sane
2044 3328 2190 3389 erat,
2233 3328 2298 3377 ut
2335 3322 2593 3377 dicerent
2633 3338 2646 3377 :
2694 3324 2847 3378 Num
2904 3324 2967 3377 tu
3006 3320 3193 3392 major
3221 3337 3285 3375 es
3326 3324 3442 3377 Deo
3480 3320 3515 3376 ?

1857 3427 2062 3467 verum
2086 3427 2207 3467 non
2234 3412 2346 3467 hoc
2368 3411 2593 3477 dicunt,
2611 3425 2684 3466 ne
2708 3411 3043 3483 Deoipsum
3065 3416 3506 3480 comparantes,

1858 3501 2353 3558 viderentureum
2414 3500 2615 3572 potius
2683 3499 2997 3555 honorare.
3056 3497 3271 3554 Volunt
3307 3505 3504 3555 autem

1855 3592 1987 3663 ipso
2013 3592 2189 3646 etiam
2215 3589 2513 3645 Abraham
2535 3588 2826 3645 minorem
2844 3587 3011 3643 illum
3030 3587 3363 3644 ostendere.
3392 3590 3508 3645 Nec

1855 3681 2131 3735 dixerunt
2155 3676 2495 3751 simpliciter
2526 3676 2848 3743 Abraham,
2911 3676 3016 3732 sed
3073 3682 3240 3749 patre
3299 3682 3506 3733 nostro

1854 3768 2176 3834 Abraham,
2211 3782 2453 3822 rursum
2522 3766 2868 3837 gloriantes,
2932 3770 2990 3822 et
3024 3766 3101 3820 de
3150 3765 3506 3835 cognatione

1853 3857 2155 3913 Abraham
2198 3872 2326 3911 sese
2352 3856 2669 3925 jactantes.

1922 3947 2082 4000 Vers.
2125 3948 2213 4000 54.
2308 3943 2612 4013 Respondit
2687 3973 2754 3985 --
2811 3950 2914 3999 est.
2985 3943 3134 3999 Nihil
3189 3947 3297 4009 est,
3334 3943 3505 3999 sicuti

1851 4050 1955 4087 vos
2007 4034 2445 4101 suspicamini;
2517 4049 2657 4089 nam
2716 4033 2827 4089 hoc
2880 4032 2957 4087 ad
2987 4032 3218 4088 illorum
3278 4032 3505 4103 cogita-

1852 4125 2069 4177 tionem
2123 4122 2356 4177 locutus
2403 4127 2514 4185 est,
2574 4121 2766 4176 simile
2818 4121 2897 4176 illi
2954 4120 3213 4176 dicens:
3282 4120 3341 4175 Si
3404 4136 3499 4192 ego

1850 4211 2247 4267 testimonium
2293 4209 2566 4277 perhibeo
2623 4210 2695 4265 de
2757 4224 2847 4265 me
2902 4212 3044 4277 ipso,
3105 4210 3497 4264 testimonium

1849 4313 2039 4356 meum
2073 4313 2189 4354 non
2219 4305 2304 4354 est
2370 4312 2565 4353 verum
2629 4299 2701 4363 ⁷⁵,
2761 4296 2921 4368 quod
2990 4298 3165 4367 juxta
3225 4295 3500 4351 medium

1848 4386 2085 4459 septimi
2149 4386 2359 4458 capitis
2415 4385 2667 4456 positum
2714 4389 2826 4449 est,
2881 4388 2939 4439 et
2996 4385 3125 4455 ejus
3174 4383 3301 4454 lege
3332 4398 3496 4439 enar-

1775 4504 1814 4558 υ
1847 4478 2159 4533 rationem.

1916 4565 2085 4622 Vers.
2122 4565 2212 4620 54.
2240 4563 2349 4619 Est
2379 4592 2448 4603 —
2478 4579 2580 4618 nte.
2622 4562 2690 4620 Si
2727 4575 2856 4633 ego,
2905 4561 3117 4634 inquit,
3174 4559 3497 4633 magniﬁco

1843 4672 1925 4710 me
1961 4655 2173 4723 ipsum,
2207 4653 2414 4708 videor
2450 4651 2622 4708 vobis
2662 4650 2933 4707 mentiri:
2968 4651 3073 4707 Est
3120 4660 3286 4723 pater
3312 4665 3495 4721 meus,

1843 4746 1944 4817 qui
1969 4744 2312 4814 magniﬁcat
2351 4756 2461 4797 me.
2498 4745 2642 4797 Nam
2680 4740 2966 4812 prtedicto
3008 4756 3250 4813 quoque
3302 4741 3498 4811 capite

1840 4833 2106 4889 similiter
2130 4833 2276 4888 dixit
2308 4848 2321 4888 :
2352 4832 2425 4887 Et
2451 4830 2555 4902 qui
2583 4830 2740 4886 misit
2787 4844 2875 4886 me
2923 4832 3122 4895 Pater,
3176 4831 3302 4900 ipse
3332 4831 3498 4887 testi-

1835 4922 2099 4979 monium
2126 4920 2424 4991 perhibuit
2455 4919 2522 4976 de
2572 4934 2664 4975 me
2688 4920 2755 4974 ⁷ο.
2790 4918 3050 4975 Primum
3080 4924 3271 4976 autem
3331 4919 3495 4975 viam

1839 5009 2139 5083 praestruit
2165 5010 2259 5066 bis
2291 5025 2427 5083 quas
2481 5009 2746 5064 dicturus
2805 5015 2913 5076 est,
2939 5024 3011 5065 ne
3042 5007 3285 5080 gloriari
3330 5006 3497 5062 vide-

1760 5207 1807 5243 ⁷⁸
1834 5205 1979 5263 ibid.
2012 5207 2102 5261 37.

1320 5410 1542 5480 Variae
1585 5410 1914 5480 lectiones
1968 5420 2031 5477 et
2073 5417 2276 5478 notae.

211 5687 284 5739 65

208 5611 282 5667 δί
350 5609 501 5681 Αὐτῷ
531 5608 708 5667 Addit
730 5611 797 5665 A.

181 5612 310 5755 i653
354 5682 474 5755 Hoc
496 5697 615 5737 non
634 5681 797 5755 exclu

98 5752 368 5830 utérque
414 5753 474 5810 in
517 5760 676 5810 textu
712 5752 910 5819 habet,
945 5752 1047 5808 sed
1079 5756 1245 5823 urget
1294 5753 1353 5804 τὸ
1382 5752 1490 5803 τοι)
1523 5754 1717 5823 πατρὸς

1832 5608 1996 5680 ἡμῶν.
2038 5606 2384 5680 Accuratius
2405 5606 2669 5672 dixisset,
2712 5609 2802 5659 καὶ
2830 5604 2937 5677 οὐχ
2963 5604 3134 5664 ἁπλῶς
3164 5597 3327 5667 εἶπον,
3363 5600 3490 5654 ἀλλὰ

354 5677 482 5738 Hoc
496 5697 615 5737 non
634 5680 887 5753 exclusit
905 5678 1263 5753 vocabulum
1283 5677 1545 5753 Ἀϐραὰμ,
1559 5678 1722 5749 quod

1880 5680 1965 5731 ιτὰ
1993 5679 2322 5751 προσθήκης.
