4038 6226
543 252 682 313 i303

1868 246 2223 308 EUTHYMII
2276 244 2603 304 ZIGABENI

3711 250 3814 312 {30$

546 388 701 439 atur.
729 381 867 439 Vult
892 380 1047 437 enim
1076 382 1362 446 astruere,
1406 374 1573 449 quod
1629 375 1825 445 major
1865 376 1960 441 sit,
2009 390 2197 447 quam

2314 372 2663 448 Βούλεταιγάρ
2677 374 3075 425 κατασκευάσαι
3095 374 3175 425 ὅτι
3194 372 3381 445 μείζων
3396 374 3499 426 ἑστὶ
3513 382 3590 427 τοῦ
3615 375 3813 450 ’πρίαμ

546 473 845 529 Abraham
884 487 896 537 ;
930 486 1070 526 nam
1102 469 1217 524 hoc
1266 467 1325 521 in
1371 465 1643 537 pmsenti
1685 480 1806 521 non
1858 464 2029 532 dixit,
2071 480 2201 536 pro-

546 568 675 634 pter
701 561 965 631 ipsorum
999 556 1460 629 impudentiam.

617 650 904 704 Vers.54.
967 648 1147 714 Quem
1215 677 1281 684 —-
1341 645 1499 698 Vers.
1577 645 1666 700 55.
1730 658 1874 699 eum.
1944 674 2000 683 —
2070 643 2199 698 Non

546 738 886 808 cognovistis
926 752 1071 798 eum,
1111 738 1311 804 utpote
1349 731 1631 804 operibus
1686 732 1851 787 illum
1887 737 2197 800 negantes.

548 826 699 882 Dicit
749 826 909 880 enim
966 829 1022 878 et
1074 822 1395 893 Apostolus
1441 838 1454 876 :
1512 822 1873 889 Conﬁtentur
1935 836 1994 876 se
2046 836 2201 876 nosse

548 917 755 978 Deum,
797 914 969 983 factis
1000 917 1194 968 autem
1226 918 1441 980 negant
1472 912 1542 967 ⁷⁷.
1571 910 1671 964 Vel
1708 910 1887 964 etiam
1935 924 2005 963 eo
2036 908 2201 980 quod

547 1019 667 1058 non
698 1002 1038 1070 agnoscatis
1063 1000 1265 1055 Filium
1321 1001 1475 1070 ejus.
1538 998 1763 1053 Dictum
1817 1002 1904 1052 est
1965 996 2123 1052 enim
2184 1016 2197 1052 :

546 1094 611 1148 Si
646 1108 737 1147 me
764 1090 1198 1161 cognosceretis,
1232 1089 1289 1145 et
1324 1090 1562 1144 Patrem
1614 1103 1799 1141 meum
1852 1086 2054 1157 utique
2110 1101 2203 1143 co-

547 1182 903 1251 gnosceretis
958 1181 1027 1233 ⁷⁸.
1064 1179 1161 1233 Vel
1216 1194 1285 1233 eo
1344 1180 1509 1249 quod
1568 1192 1687 1230 non
1752 1175 1995 1230 servetis
2068 1175 2199 1246 ejus

550 1284 854 1324 sermones
884 1287 901 1339 ;
935 1283 1077 1323 nam
1133 1267 1180 1321 si
1211 1266 1639 1337 cognosceretis
1670 1281 1827 1329 eum,
1861 1280 2200 1320 sermonem

550 1359 678 1430 ejus
708 1358 1036 1413 servaretis.

623 1447 781 1502 Vers.
815 1447 903 1501 55.
956 1447 1080 1516 Ego
1133 1449 1319 1501 autem
1378 1446 1521 1499 novi
1576 1459 1726 1499 eum.
1791 1446 1917 1498 Non
1976 1442 2197 1506 solum,

552 1552 687 1593 cum
719 1551 789 1590 ex
822 1535 952 1606 ipso
980 1536 1115 1599 sim,
1162 1542 1217 1589 et
1244 1533 1512 1603 ejusdem
1555 1532 1923 1595 substantiae,
1970 1538 2201 1586 natura:

552 1630 607 1681 et
636 1625 915 1689 scientia),
951 1626 1051 1678 sed
1100 1622 1275 1678 etiam
1329 1628 1618 1693 tanquam
1674 1636 2013 1675 sermonem
2072 1620 2200 1689 ejus

552 1728 815 1771 servans.
843 1716 988 1768 Nam
1019 1717 1075 1767 et
1106 1710 1379 1783 superius
1426 1710 1573 1765 dixit
1626 1726 1637 1763 :
1694 1711 1800 1765 Est
1854 1725 2049 1773 verax,
2099 1709 2203 1779 qui

551 1804 706 1859 misit
743 1817 848 1867 me,
878 1817 1049 1872 quem
1079 1816 1173 1855 vos
1204 1815 1322 1855 non
1348 1799 1563 1854 nostis:
1603 1814 1705 1868 ego
1735 1812 1868 1853 vero
1892 1798 2031 1853 novi
2050 1813 2200 1865 eum,

553 1892 695 1964 quia
721 1893 795 1947 ab
822 1907 885 1947 eo
914 1907 1042 1946 sum
1064 1892 1135 1943 πθ.

622 1981 763 2036 Vers
818 1986 905 2037 55.
964 1982 1028 2035 Et
1087 2008 1156 2021 —-
1204 1978 1478 2034 mendax.
1514 1977 1631 2033 Vos
1663 1978 1822 2032 enim
1872 1976 2205 2031 mentimini

552 2071 819 2126 dicentes
858 2070 1045 2124 Deum
1097 2073 1362 2123 vestrum
1412 2083 1564 2133 esse,
1620 2083 1755 2121 cum
1812 2081 1932 2121 non
1984 2082 2206 2135 cogno-

555 2160 733 2215 scatis
772 2176 929 2219 eum,
976 2164 1037 2213 ut
1094 2156 1445 2227 praedictum
1505 2162 1609 2210 est.
1667 2154 1939 2211 Notitiam
2000 2159 2203 2209 autem

554 2254 610 2303 et
638 2248 1038 2316 cognitionem
1072 2246 1231 2309 dicit,
1274 2261 1449 2299 nosse
1476 2244 1842 2315 simpliciter,
1887 2250 1943 2299 et
1985 2259 2203 2315 cogno-

555 2351 716 2391 scere
768 2334 931 2407 quod
990 2335 1059 2389 sit
1121 2334 1275 2387 Deus
1327 2339 1383 2387 et
1437 2332 1621 2395 Pater,
1679 2348 1796 2386 non
1885 2333 2032 2387 scire
2105 2336 2202 2387 Dei

553 2430 849 2480 naturam.
883 2426 1027 2479 Nam
1054 2424 1187 2493 ipsa
1223 2438 1342 2475 non
1384 2422 1582 2475 solum
1645 2422 1925 2489 cognosci
1981 2422 2198 2492 nequit,

554 2530 757 2569 verum
788 2513 962 2568 etiam
994 2511 1239 2567 omnino
1297 2509 1742 2579 inintelligibilis
1791 2516 1878 2565 est
1929 2518 1983 2564 et
2037 2512 2203 2566 inac-

554 2602 863 2669 cessibilis,
892 2617 1000 2656 nec
1041 2606 1256 2655 tantum
1288 2598 1655 2666 hominibus,
1717 2600 1822 2654 sed
1872 2605 1928 2655 et
1956 2600 2205 2656 ccnlesti-

554 2692 664 2747 bus
704 2690 1035 2745 virtutibus.

626 2779 791 2835 Vers.
826 2780 911 2835 56.
973 2778 1083 2835 Sed
1136 2810 1202 2819 -
1256 2794 1445 2834 servo.
1503 2777 1699 2843 Vides,
1733 2777 1894 2849 quod
1954 2778 2053 2833 Dei
2086 2794 2202 2833 ser-

553 2885 795 2924 monem
856 2884 1111 2932 servare,
1165 2868 1403 2937 signum
1459 2868 1527 2922 sit
1582 2868 1746 2939 quod
1809 2868 1945 2938 quis
2016 2870 2201 2923 Deum

554 2964 893 3027 cognoscat.
928 2958 1271 3012 Timeamus
1302 2956 1499 3024 igitur,
1549 2956 1713 3028 quod
1744 2957 1839 3011 Dei
1907 2964 2204 3027 praecepta

553 3062 673 3102 non
706 3063 1030 3112 servamus,
1087 3052 1373 3117 tanquam
1404 3062 1542 3100 cum
1599 3046 1683 3100 eis
1740 3046 2063 3115 constituti,
2097 3045 2202 3117 qui

556 3136 742 3191 Deum
775 3137 1069 3206 ignorant.
1103 3135 1324 3191 Deinde
1368 3135 1596 3206 probat,
1647 3134 1811 3206 quod
1856 3136 2051 3206 major
2105 3134 2199 3201 sit,

553 3241 738 3297 quam
766 3226 1090 3282 Abraham.

626 3315 786 3371 Vers.
868 3319 951 3370 56.
994 3314 1300 3370 Abraham
1357 3344 1425 3353 —
1478 3328 1689 3369 meum.
1747 3342 1818 3357 —
1868 3314 2203 3371 Exsultavit

554 3404 680 3459 sive
733 3402 1092 3474 concupivit.
1126 3402 1286 3459 Diem
1328 3405 1519 3458 autem
1586 3416 1764 3456 suum
1844 3402 1988 3458 dicit
2040 3401 2203 3459 diem

552 3508 871 3565 passwnis.

624 3582 786 3637 Vers.
847 3585 932 3636 56.
986 3581 1061 3634 Et
1118 3580 1288 3646 vidit,
1349 3586 1403 3635 et
1470 3580 1709 3650 gavisus
1779 3585 1883 3636 est.
1943 3578 2201 3635 Gavisus

554 3674 641 3724 est
665 3674 899 3740 propter
953 3668 1198 3723 salutem
1255 3667 1482 3723 mundi.
1554 3667 1966 3736 Prtecognovit
2034 3684 2203 3724 nam-

553 3773 670 3829 que
711 3757 1061 3829 mysterium
1104 3758 1503 3812 crucitixionis
1549 3758 1781 3812 Christi.
1839 3758 2203 3814 Desideravit

553 3846 753 3900 videre
793 3845 949 3899 diem
1015 3846 1202 3916 ipsius
1240 3854 1293 3900 et
1337 3847 1478 3900 vidit
1526 3846 1690 3901 illum
1744 3846 2199 3917 praeﬁguratum

553 3934 1077 3998 etadumbratum,
1130 3936 1187 3989 in
1238 3935 1331 3989 die
1386 3951 1507 4005 quo
1556 3935 1741 3990 ﬁlium
1795 3953 1970 3990 suum
2033 3936 2201 3993 Isaac

552 4024 763 4080 obtulit
802 4024 859 4079 in
886 4024 1323 4079 holocaustum.
1372 4025 1573 4078 Didicit
1616 4026 1794 4088 enim,
1842 4026 1999 4095 quod
2053 4027 2202 4081 sicut

552 4114 682 4185 ipse
732 4130 849 4167 non
922 4114 1184 4185 pepercit
1231 4130 1340 4168 suo
1401 4114 1615 4167 dilecto
1688 4122 1929 4185 propter
1986 4115 2198 4181 Deum,

2312 469 2546 533 Φανερῶς
2601 466 2698 537 γὰρ
2728 470 2815 514 νῦν
2848 461 2941 515 οὐκ
2974 458 3078 515 εἶπε
3109 471 3260 515 τοῦτο
3288 459 3376 515 διὰ
3402 467 3481 521 τὴν
3515 461 3816 537 ἀναισχυντίαν

2314 552 2480 604 αὐτῶν
2490 592 2502 605 .

2380 640 2474 693 "Ov
2535 672 2603 683 —
2659 641 2835 693 αὐτόν.
2898 673 2965 681 -
3006 641 3117 693 Οὐκ
3174 640 3417 713 ἐγνώκατε
3468 642 3623 707 αὑτὸν,
3659 647 3712 705 ὡς
3742 654 3819 706 τοῖς

2311 735 2478 806 ἔργοις
2525 729 2825 803 ἀρνούμενοι
2871 730 3043 783 αὐτόν.
3100 736 3235 789 Φησὶ
3291 734 3389 803 γὰρ
3437 735 3518 781 καὶ
3567 733 3820 785 ὁἊποστο-

2308 820 2390 879 λος
2473 821 2552 871 ὅτι
2599 824 2727 872 Θεὸν
2784 819 3125 891 ὁμολογοῦσιν
3183 817 3395 887 εἰδέναι,
3444 827 3541 881 τοῖς
3596 817 3645 873 δε
3698 825 3824 894 ἔργοις

2313 905 2607 977 ἀρνοῦνται.
2672 908 2740 961 ’Ἡ
2798 914 2883 961 καὶ
2943 913 3008 969 ὡς
3058 914 3129 981 μὴ
3185 908 3449 980 ἐγνωκότες
3495 914 3573 961 τὸν
3622 913 3719 963 Υἱὸν
3757 914 3825 963 α)-

2312 1004 2423 1050 τοῦ.
2479 1003 2761 1070 Προείρηκε
2825 1001 2927 1073 γὰρ
2991 1001 3070 1050 ὅτι
3128 999 3187 1051 Εἰ
3261 997 3346 1070 ἐμὲ
3422 995 3599 1069 ᾔδειτε,
3648 1006 3721 1051 καὶ
3762 1008 3823 1051 τον

2314 1090 2520 1157 Πατέρα
2580 1106 2681 1157 μου
2739 1084 2914 1159 ᾔδειτε
2970 1088 3050 1139 οἶν.
3114 1087 3177 1140 Ἦ
3240 1090 3304 1147 ὡς
3359 1092 3429 1159 μὴ
3490 1095 3725 1157 τηροῦντες
3766 1096 3826 1141 τὸν

2311 1173 2461 1244 λόγον
2486 1176 2666 1228 αὐτοῦ·
2701 1176 2745 1229 εἰ
2765 1180 2867 1249 γὰρ
2901 1174 3075 1249 ᾔδειτε
3107 1177 3281 1241 αὐτὸν,
3305 1175 3520 1250 ἐτηρείτε
3546 1176 3599 1227 οἷν
3621 1180 3691 1228 τὸν
3717 1178 3825 1249 λόγον

2313 1263 2495 1317 αὐτοῦ.

2387 1441 2519 1513 Ἐγώ
2552 1438 2610 1495 δε
2642 1438 2767 1495 οῖδα
2805 1442 2979 1497 αὐτόν.
3027 1446 3102 1496 Οῦ
3132 1448 3284 1516 μόνον
3328 1446 3393 1504 ὡς
3423 1443 3470 1507 ἐξ
3498 1443 3638 1495 αὐτοῦ
3662 1450 3735 1496 καὶ
3763 1452 3831 1503 τῆς

2312 1531 2471 1592 αὐτῆς
2502 1532 2689 1593 οὐσίας
2716 1536 2804 1583 καὶ
2832 1536 3032 1605 φύσεως
3059 1538 3148 1585 καὶ
3175 1540 3414 1604 γνώσεως
3441 1537 3523 1597 ὧν,
3552 1532 3664 1584 ἀλλὰ
3698 1539 3766 1584 καὶ
3784 1536 3834 1592 ὡς

2311 1620 2566 1691 τὸνλόγον
2593 1620 2754 1673 αὐτοῦ
2781 1631 2969 1693 τηρῶν.
3007 1627 3107 1675 Καὶ
3138 1622 3307 1675 ὀπίσω
3339 1620 3397 1675 δι
3428 1619 3569 1687 εἶπεν,
3607 1625 3673 1673 ὁτι
3699 1624 3834 1673 Ἔστιν

2313 1710 2511 1770 ἀληθής
2541 1710 2655 1780 (66)
2686 1712 2710 1761 6
2734 1710 2941 1782 πέμψας
2979 1730 3060 1782 με,
3093 1712 3147 1763 ὃν
3192 1714 3337 1783 ὑμεῖς
3371 1712 3461 1764 οῦκ
3483 1708 3661 1779 οἴδατε,
3696 1711 3771 1782 ἐγὼ
3793 1708 3836 1762 δ”ε

2314 1795 2437 1851 οἶδα
2468 1798 2644 1869 αὐτὸν,
2680 1802 2756 1852 ὅτι
2788 1800 2912 1875 παρ’
2945 1801 3105 1853 αὑτοῦ
3136 1801 3268 1874 εἰμι,

2390 1982 2489 2029 Καὶ
2545 2008 2612 2018 -
2668 1977 2919 2047 ψεύστης.
2977 1975 3240 2032 Ψεύδεσθε
3298 1982 3405 2051 γὰρ
3473 1979 3605 2051 ὑμεῖς
3665 1978 3840 2047 λέγοντες

2316 2066 2395 2117 ὅτι
2421 2066 2537 2136 (67)
2591 2070 2716 2127 Θεὸς
2765 2068 2908 2139 ὑμῶν
2962 2066 3121 2129 ἐστιν,
3166 2068 3223 2119 οῦ
3275 2070 3380 2140 γὰρ
3443 2066 3670 2138 ἱγνὼκατε
3708 2067 3839 2131 αὐτὸν,

2316 2160 2385 2217 ὡς
2440 2161 2765 2231 προείρηται.
2825 2154 3047 2215 Εῖδησιν
3122 2155 3181 2211 δε
3245 2165 3337 2211 καὶ
3407 2164 3588 2230 γνῶσίν
3646 2176 3753 2229 φησι
3800 2162 3841 2207 τὸ

2316 2243 2507 2299 εἰδέναι
2532 2252 2620 2299 καὶ
2650 2253 2925 2318 γινώσκειν
2955 2246 3124 2307 απλώς
3154 2249 3234 2299 ὅτι
3262 2247 3381 2301 ἐστὶ
3423 2252 3539 2309 Θεὸς
3571 2252 3649 2299 καὶ
3689 2250 3842 2317 Πατὴρ,

2315 2334 2373 2387 οῦ
2413 2339 2515 2406 μὴν
2555 2339 2648 2392 τὴν
2683 2336 2793 2406 (68)
2825 2344 2919 2396 τῆς
2950 2338 3150 2407 φύσεως
3197 2344 3289 2388 τοῦ
3341 2344 3492 2390 Θεοῦ.
3537 2337 3661 2393 Δῦτη
3802 2335 3843 2385 οὔ

2315 2428 2466 2496 μόνον
2515 2425 2796 2495 ἄγνωστος,
2853 2422 2979 2476 ἀλλά
3030 2430 3119 2476 καὶ
3171 2425 3434 2489 παντελῶς
3484 2424 3739 2484 ἀνεννόητος
3780 2428 3844 2474 καὶ

2317 2511 2737 2585 ἀνεπιχείρητος,
2769 2518 2859 2565 καὶ
2890 2512 2947 2565 οῦ
2978 2518 3131 2586 μόνον
3162 2512 3474 2587 ἀνθρώποις,
3517 2514 3633 2566 ἀλλὰ
3656 2519 3729 2565 καὶ
3762 2520 3845 2571 ταῖς

2316 2602 2577 2674 οὐρανίαις
2617 2599 2921 2675 δυνάμεσιν.

2389 2779 2527 2833 Ἀλλ’
2551 2811 2619 2820 -
2648 2788 2810 2854 τηρῶ.
2834 2785 2985 2851 Ὀρᾲς
3002 2782 3083 2832 ὃτι
3103 2783 3160 2832 τὸ
3189 2783 3273 2833 τὸν
3294 2780 3449 2853 λόγον
3476 2788 3560 2833 τοῦ
3586 2788 3701 2834 Θεοῦ
3719 2787 3848 2854 τηρεῖν

2320 2874 2531 2941 σημεῖόν
2560 2868 2675 2920 ίοτι
2698 2877 2788 2921 τοῦ
2817 2866 3008 2921 εἰδέναι
3036 2868 3209 2921 αὐτόν.
3230 2870 3378 2927 Φαϐη
3390 2873 3547 2943 θῶμεν
3572 2876 3719 2922 τοίνυν
3738 2871 3851 2925 cita;

2317 2958 2516 3018 ἐντολὰς
2545 2963 2634 3009 τοῦ
2672 2962 2798 3011 Θεοῦ
2829 2961 2901 3029 μὴ
2951 2957 3306 3029 φυλάττοντες,
3346 2961 3417 3019 ὡς
3448 2964 3719 3029 ταττόμενοι
3756 2959 3851 3027 μετά

2316 3055 2415 3099 τῶν
2448 3045 2765 3119 ἀγνοούντων
2810 3049 2896 3097 τὸν
2938 3050 3084 3101 Θεὸν.
3128 3044 3255 3100 Εἶτα
3290 3048 3663 3109 κατασκευάζει
3695 3051 3767 3098 καὶ
3798 3047 3854 3097 ὁτι

2315 3136 2505 3208 μείζων
2538 3134 2651 3188 ἐστὶ
2680 3143 2771 3187 τοῦ
2805 3134 3063 3209 Ἀϐρααμ.

2389 3224 2626 3299 Ἀϐραὰμ
2683 3255 2751 3264 -
2808 3223 2949 3296 ἐμήν.
3015 3256 3082 3264 —
3144 3225 3549 3295 Ἠγαλλιάσατο,
3596 3230 3733 3297 ἤγουν
3775 3222 3854 3274 ἐπει

2316 3316 2565 3386 θύμησεν.
2644 3313 2889 3387 [Ἡμέραν
2960 3314 3072 3385 (69)
3128 3311 3185 3367 δε
3258 3315 3424 3368 αὐτοῦ
3483 3315 3609 3386 λέγει
3669 3318 3745 3371 τὴν
3788 3320 3853 3362 τοῦ

2317 3411 2567 3477 σταυροῦ.

2388 3586 2486 3635 Καὶ
2544 3578 2671 3645 εἶδε,
2721 3586 2807 3633 καὶ
2862 3580 3053 3656 ἐχάρη.
3115 3581 3317 3655 Ἐχάρη
3374 3579 3469 3635 διὰ
3514 3586 3603 3641 τὴν
3647 3583 3851 3653 σωτηρίαν

2312 3678 2403 3723 τοῦ
2451 3674 2673 3742 κόσμου.
2724 3674 2982 3743 Προγνοῦς
3023 3673 3123 3743 γὰρ
3176 3674 3234 3723 τὸ
3291 3678 3586 3745 μυστήριον
3636 3679 3712 3730 τῆς
3737 3688 3854 3721 aratu-

2312 3766 2520 3833 ρώσεως
2561 3767 2653 3810 τοῦ
2716 3767 2951 3831 Χριστοῦ
3002 3758 3353 3833 ἐπεθύμησεν]
3413 3758 3540 3813 ἰδεῖν
3590 3765 3673 3817 την
3704 3760 3851 3828 ἡμέραν

2312 3849 2493 3915 αὑτοῦ,
2556 3854 2645 3900 καὶ
2694 3844 2826 3900 εἶδεν
2876 3848 3031 3905 αὐτὴν
3091 3847 3113 3921 [
3164 3852 3733 3923 προσκιαγραφηθεῐσαν
3771 3850 3852 3915 σο)

2310 3937 2423 4009 καὶ]
2454 3934 2875 3989 διατυπωθεῑσαν
2907 3934 2953 3987 ἓν
2996 3944 3057 4009 τῇ
3105 3939 3274 4009 ἡμέρᾳ
3304 3940 3429 3990 καθ’
3462 3942 3521 3997 ἢν
3552 3937 3762 4007 ἀνήνεγκε
3794 3936 3853 3983 τόν

2314 4030 2423 4079 υἱὸν
2463 4026 2621 4078 αὐτοῦ
2671 4044 2756 4076 τον
2786 4027 2971 4078 Ἰσαὰκ
3024 4026 3096 4085 εἱς
3148 4025 3535 4099 ὀλοκοὲρπωσιν.
3580 4027 3749 4097 Ἐμαόε
3783 4024 3853 4092 γὰρ

2314 4119 2414 4182 ὅτι,
2464 4117 2636 4184 ὡσπερ
2686 4114 2837 4175 αὐτὸς
2887 4114 2980 4166 οῦκ
3020 4117 3256 4185 ἑφείσατς
3315 4124 3413 4168 τοῦ
3464 4118 3577 4168 υἱοῦ
3627 4116 3759 4165 αὑτοῦ
3792 4116 3853 4161 τού

552 4203 631 4259 ita
670 4219 864 4275 neque
904 4202 1053 4257 Deus
1096 4204 1427 4274 parciturus
1482 4208 1637 4257 esset
1701 4202 1840 4257 Filio
1896 4220 2004 4258 suo
2056 4204 2201 4259 dile-

2316 4204 2589 4276 ἀγαπητοῦ
2627 4198 2719 4255 διὰ
2757 4206 2843 4255 τὸν
2884 4206 3032 4269 Θεὸν,
3084 4203 3243 4263 οὕτως
3286 4202 3418 4257 οὐδε
3472 4206 3496 4256 ὁ
3536 4206 3646 4264 Θεὸς
3679 4206 3855 4274 φείσεται

553 4300 646 4349 cto
678 4300 917 4364 propter
942 4292 1268 4348 hominem.
1306 4295 1369 4345 Et
1395 4291 1912 4362 quemadmodum
1945 4293 2042 4347 ille
2070 4309 2201 4363 por-

552 4384 694 4438 tavit
733 4382 890 4454 ligna
924 4380 1250 4436 holocausli
1318 4380 1426 4448 sui,
1494 4381 1572 4435 ita
1624 4387 1679 4435 et
1708 4382 1832 4451 ipse
1865 4388 2203 4451 portaturus

554 4476 705 4526 esset
742 4472 973 4541 lignum
1014 4470 1217 4525 mortis
1257 4484 1398 4523 sum.
1445 4470 1882 4535 Verumtamen,
1918 4471 2067 4525 sicut
2106 4471 2203 4526 illo

554 4574 671 4612 non
713 4576 893 4629 passo
926 4558 1267 4631 suppositus
1299 4564 1383 4613 est
1423 4557 1575 4613 aries
1614 4574 1625 4612 :
1661 4557 1741 4613 ita
1799 4564 1855 4613 et
1907 4558 2021 4613 hoc
2073 4577 2204 4615 ma-

554 4652 730 4701 nente
760 4647 1134 4719 impassibili,
1167 4646 1513 4702 humanitas
1539 4649 1667 4717 ejus
1692 4646 1888 4701 occisa
1908 4649 2203 4714 est.Quod

558 4733 607 4786 si
634 4732 788 4788 diem
822 4736 948 4804 ejus
980 4736 1178 4791 videre
1210 4734 1583 4799 desideravit,
1628 4734 1832 4807 utique
1880 4735 1992 4791 hoc
2056 4742 2199 4807 erat,

556 4827 847 4895 tanquam
887 4824 1153 4895 majoris.

626 5039 971 5108 "Tit.l,16.
1073 5038 1581 5108 "Joan.vui,‘l9.
1660 5041 2017 5106 "Joan.vn,
2047 5045 2134 5096 26.

2314 4302 2404 4345 τοῦ
2436 4294 2559 4345 Υἱοῦ
2590 4292 2749 4343 αὑτοῦ
2788 4298 2878 4343 τοῦ
2909 4290 3183 4361 ἀγαπητοῦ
3225 4289 3321 4344 διὰ
3350 4297 3439 4345 τὸν
3484 4295 3745 4365 ἄνθρωπον.
3783 4290 3850 4339 Καὶ

2316 4387 2488 4453 ὥσπερ
2565 4381 2713 4441 οὗτος
2762 4378 3019 4432 ἐϐάστασε
3069 4383 3134 4432 τὰ
3179 4380 3306 4443 ξύλα
3364 4392 3467 4444 τῆς
3521 4381 3851 4453 ὀλοκαρπὼσενς

2319 4472 2495 4535 αὑτοῦ,
2539 4470 2673 4522 οὕτω
2699 4468 2932 4529 κάκεῖνος
2980 4467 3239 4541 βαστάσει
3269 4475 3327 4522 τὸ
3357 4470 3509 4534 ξύλον
3551 4477 3635 4522 τοῦ
3685 4468 3849 4520 Otum?

2314 4561 2491 4613 αὐτοῦ.
2548 4559 2684 4616 Πλὴν
2737 4559 2969 4629 καθάπερ
3031 4562 3217 4610 τούτου
3282 4564 3551 4630 μείναντος
3605 4552 3847 4613 ἀπαθοὺςὸ

2312 4652 2457 4721 κριὸς
2509 4646 2685 4711 ἐτύθη,
2754 4648 2888 4699 οὕτω
2940 4645 3175 4699 κάκείνου
3248 4651 3494 4719 μένοντος
3560 4647 3761 4703 ἀπαθοῦς
3810 4644 3847 4690 τὸ

2314 4737 2629 4811 ἀνθρώπινον
2696 4736 2855 4788 αὐτοῦ
2924 4726 3418 4807 σφηεασθὴσεται.
3499 4736 3559 4790 Εἰ
3626 4732 3678 4788 δὲ
3722 4731 3847 4784 isti}-

2312 4844 2476 4898 μησεν
2527 4821 2654 4877 ἰδεῖν
2707 4829 2799 4882 την
2858 4826 3053 4897 ἡμέραν
3116 4823 3295 4896 αὐτοῦ,
3364 4829 3438 4889 ὡς
3487 4826 3705 4899 μείζονος
3757 4822 3849 4872 πείν-

2313 4935 2432 4976 τως.

1778 5217 1991 5285 Varias
2029 5217 2360 5287 lectiones
2404 5227 2468 5285 et
2508 5225 2708 5285 notas.

624 5380 735 5452 (66)
772 5380 834 5436 In
878 5383 1177 5444 contextu,
1206 5378 1303 5452 illo
1350 5377 1410 5433 in
1446 5377 1575 5452 loco
1617 5378 1800 5452 codd.
1854 5379 2202 5452 Euthymiius

553 5449 778 5508 habent
831 5452 1142 5520 vulgatum
1198 5449 1458 5511 ἀληθινός.
1521 5450 1633 5521 Sed
1685 5449 2203 5521 Chrysostfrefert

555 5522 934 5586 ἀληθήςτοω.
968 5522 1108 5588 Vl”,
1139 5538 1198 5593 p.
1232 5522 1354 5592 294,
1380 5521 1505 5588 295,
1537 5520 1867 5593 aliquoties.

622 5597 736 5663 (67)
760 5592 819 5646 Ὀ
849 5592 1168 5665 interponit
1196 5598 1261 5649 Α.

622 5661 735 5737 (68)
803 5671 908 5723 Τήν
989 5661 1158 5722 abest
1232 5670 1296 5722 Α.
1388 5662 1655 5720 Refertur
1721 5663 1792 5720 ad
1859 5661 2064 5724 εἴδησιν
2112 5670 2200 5718 καὶ

2313 5388 2525 5451 γνῶσιν.

2409 5452 2497 5520 69)
2537 5448 2767 5503 Inclusa
2791 5447 3012 5520 absunt
3038 5448 3103 5501 Α.

2410 5507 2496 5585 70')
2538 5521 2775 5577 Inclusa
2806 5519 3029 5576 absunt
3067 5522 3132 5575 A.
3166 5519 3389 5577 Ibidem
3424 5521 3649 5593 legitur,
3685 5507 3837 5593 προδει-

2316 5594 2662 5646 θυπωθεῖσαν.
