4038 6226
205 207 346 264 1305

1290 209 1636 269 COMMENT
1676 212 1745 268 IN
1782 212 2132 270 JOANNEM.
2175 245 2242 256 —
2279 215 2436 270 CAP.
2481 212 2577 272 IX.

3431 217 3570 278 1306

278 339 379 388 Καὶ
409 367 478 376 -
505 334 733 408 ἑώρακας
760 352 773 403 ;
800 334 986 409 ’.ῼοντο
1012 337 1115 409 γὰρ
1147 335 1299 389 αὐτὸν
1329 336 1484 408 ἐγγὺς
1513 335 1641 391 ιῖναι
1679 358 1784 392 πεν·

1982 340 2146 395 Vers.
2180 341 2267 395 57.
2296 340 2467 394 Et—
2518 339 2718 396 vidisti
2769 338 2798 395 ?
2852 340 3148 399 Putabant
3211 343 3368 399 enim
3427 361 3567 401 eum

199 429 429 482 τήκοντα
480 423 601 477 ἐτῶν
651 422 745 477 διὰ
794 430 888 482 τὴν
944 425 1280 498 πολυπειρίαν
1336 427 1516 480 αὐτοῦ.
1563 429 1691 480 Τινά
1739 423 1800 480 δὲ

198 523 302 566 τῶν
355 515 468 586 (7t)
522 513 846 590 ἀντιγράφων
885 518 1278 588 τεσσαράκοντα
1319 518 1630 590 γράφουσιν,
1675 519 1797 589 ὅπερ

200 599 350 656 δοκεῖ
377 603 756 677 ἀκριϐέστερον.

275 777 425 834 Εἶπεν
478 813 545 822 -
599 782 724 846 εἰμι.
775 783 863 845 Ὠς
928 787 1077 846 Θεὸς.
1135 788 1233 837 Καὶ
1291 783 1384 836 οὐκ
1443 780 1601 851 εἶπεν,
1664 782 1798 854 Ἐγὼ

196 874 362 942 ἤμην,
441 869 545 922 ἀλλ’
607 871 737 942 Ἐγώ
789 872 897 944 εἰμι
939 874 964 924 ό
1025 871 1103 925 ἀεὶ
1165 877 1252 924 ὤν.
1285 876 1354 925 Τὸ
1379 875 1470 939 μεν
1517 869 1606 924 οὖν
1663 876 1799 944 γενέ-

198 961 329 1011 σθαι
390 964 740 1012 κτιστοῡ·τό
833 958 892 1014 ὃὶ
958 961 1078 1033 Εἰμὶ
1157 960 1407 1014 ἀκτίστου
1457 962 1475 1033 [
1530 967 1620 1014 καὶ
1681 963 1797 1033 (72)

193 1053 418 1101 κτίστου

273 1137 438 1212 Ἦραν
476 1167 531 1178 —-
580 1138 756 1191 αὑτὸν.
815 1141 880 1192 Οἱ
914 1147 1098 1211 ταχεῖς
1138 1142 1265 1214 πρὸς
1293 1143 1440 1211 φόνον
1472 1161 1484 1174 ·
1515 1139 1795 1214 Ἠγρίαναν

193 1229 302 1299 γὰρ
351 1223 595 1290 δόξαντες
645 1227 962 1299 ὑϐρισθῆναι
1003 1233 1090 1281 τὸν
1149 1228 1386 1304 Ἀϐραὰμ
1430 1247 1441 1259 ⁸
1476 1229 1586 1302 οἶμα
1616 1227 1673 1282 δὲ
1705 1235 1795 1282 καὶ

192 1321 404 1387 γνόντες
433 1318 514 1369 ὅτι
543 1313 822 1375 ἀιδιότητα
860 1325 992 1371 Θεοῦ
1017 1320 1346 1391 περιτίθησιν
1373 1318 1554 1388 ἑαυτῷ.

271 1494 480 1556 Ἰησοῦς
536 1491 596 1548 δε
643 1495 858 1569 ἐκρύϐη.
905 1498 1154 1570 Ἀὁρατος
1211 1496 1390 1559 αὐτοῖς
1449 1502 1672 1556 κατέστη
1727 1506 1788 1570 τῇ

195 1584 414 1656 ἐξουσίᾳ
442 1593 534 1646 τῆς
575 1587 832 1647 θεότητος.

273 1679 374 1727 Καὶ
407 1677 566 1749 ἱεροῦ.
591 1681 702 1729 Ἵνα
729 1673 1033 1734 χατασταλῆ
1067 1677 1092 1728 ὁ
1127 1677 1290 1748 θυμὸς
1317 1676 1506 1730 αὐτῶν.

267 1851 485 1905 Διελθὼν
516 1884 583 1892 —
611 1853 800 1906 αὐτῶν.
855 1859 941 1913 Μὴ
987 1853 1285 1925 ἰσχυόντων
1317 1850 1446 1906 ἰδεῖν
1486 1855 1658 1911 αὐτόν.
1696 1862 1793 1912 Καὶ

190 1939 346 1995 διατί
397 1943 491 1994 οὐκ
548 1941 779 2005 ἇξῦωσεν
810 1943 976 1995 αὐτῶν
1016 1947 1109 2002 τὴν
1159 1939 1380 2015 δύναμιν
1425 1949 1513 1997 καὶ
1572 1953 1798 2017 φανερῶς

188 2030 534 2104 ἀνεχώρησα
569 2036 710 2084 Διὸτι
727 2033 835 2085 οὔθ’
858 2033 1017 2094 οὕτως
1039 2031 1242 2104 ἔμελλον
1271 2036 1553 2088 πιστεύειν.
1577 2037 1674 2087 Καὶ
1687 2037 1789 2108 γὰρ

188 2122 238 2174 ἐν
268 2130 340 2192 τῷ
369 2129 537 2194 καιρῷ
569 2129 660 2173 τοῦ
720 2124 924 2183 Πάθους
969 2124 1182 2184 ὑπτίους
1213 2123 1326 2192 (73)
1379 2123 1562 2183 αὐτοὺς
1591 2122 1786 2197 ῆόῥιψε,

186 2217 280 2263 καὶ
311 2214 407 2263 τὰς
428 2210 569 2281 ὄψεις
600 2211 767 2263 αὐτῶν
789 2209 1050 2274 ἓσχότισε,
1091 2217 1180 2264 καὶ
1211 2212 1303 2264 οὐκ
1333 2210 1664 2266 ἐπίστευσαν.
1687 2213 1787 2264 OL}-

189 2295 279 2351 δὲν
308 2301 410 2371 γὰρ
442 2306 621 2370 χεῖρον
651 2297 839 2370 ψυχῆς
871 2298 1248 2370 ἁπεγνωκυίας.
1307 2299 1412 2353 Κᾶν
1459 2303 1560 2374 γὰρ
1595 2309 1788 2372 σημεῖα

185 2384 308 2460 ἴδῃ,
336 2387 432 2439 κᾶν
464 2393 673 2463 τέρατα,
702 2393 839 2460 μένει
869 2394 962 2448 τὴν
989 2389 1150 2449 αὐτὴν
1194 2393 1398 2462 ἔχουσα
1427 2390 1578 2442 πάλιν
1607 2389 1787 2442 ἀναισ-

185 2483 434 2549 χυντίαν.

265 2571 366 2620 Καὶ
397 2574 628 2640 παρῆγεν
649 2567 833 2630 οὕτως.
864 2567 1135 2631 Ἐϐάδιζεν
1175 2569 1351 2635 οὕτως,
1385 2574 1456 2642 μὴ
1492 2574 1786 2643 φαινόμενος

185 2655 390 2717 αὐτοῖς.

443 2750 589 2798 ΚΕΦ.
632 2743 686 2800 1’.
714 2749 836 2819 Περὶ
863 2754 955 2799 τοῦ
994 2746 1050 2800 ἐκ
1086 2757 1291 2820 γενετῆς
1321 2747 1534 2820 τυφλοῦ.

262 2838 364 2887 Καὶ
395 2865 464 2874 —
491 2843 716 2905 γενετῆς.
741 2834 964 2888 Βεϐαιῶν
993 2836 1028 2890 ἃ
1057 2833 1185 2903 εἶπε,
1216 2842 1305 2890 καὶ
1333 2840 1672 2910 πιστούμενος
1705 2840 1784 2890 ὃτι

183 2928 314 2984 Θεὸς
363 2922 525 2990 ἔστιν,
583 2924 732 2985 εὐθὺς
762 2927 975 2999 ἔρχεται
1023 2925 1106 2980 ἐπὶ
1161 2928 1336 2998 θαῦμα
1386 2931 1655 2999 μέγιστον,
1695 2931 1783 2978 καὶ

1911 2931 1991 2995 in,
2041 2931 2205 3004 quod
2269 2931 2518 2995 dixerat,
2574 2930 2876 3001 ﬁdemque
2908 2928 3151 2994 faciens,
3191 2929 3356 3000 quod
3401 2929 3556 2984 Deus
3645 2934 3647 2936 ’

181 3019 346 3081 μήπω
430 3017 593 3086 μέχρι
642 3018 758 3066 τότε
811 3019 1097 3087 γενόμενον.
1156 3013 1350 3088 Τυφλοὶ
1397 3019 1486 3089 μεν
1537 3019 1639 3090 γὰρ
1695 3020 1782 3068 καὶ

181 3100 335 3153 ἄλλοι
394 3100 671 3172 ἀνέϐλεψαν
715 3118 727 3131 ·
770 3101 958 3174 τυφλὸς
1012 3100 1071 3157 δε
1128 3103 1176 3156 ἓν
1223 3114 1430 3176 γενετῆς
1461 3107 1570 3175 (74)
1610 3101 1782 3167 οὐδεὶς

178 3192 321 3262 ἄχρι
341 3198 476 3244 τότε.
515 3194 603 3244 Διὸ
631 3195 721 3244 καὶ
747 3189 1034 3263 ἀναϐλέψας
1065 3192 1230 3265 ἔλεγεν
1281 3213 1294 3226 ο
1331 3194 1417 3247 Ἐκ
1447 3202 1538 3246 τοῦ
1595 3195 1783 3255 αἰῶνος

176 3280 275 3332 οὐκ
306 3281 547 3338 ἠκούσθη
571 3282 652 3332 ὅτι
698 3281 868 3344 ἤνοιξέ
892 3301 968 3342 τις
1005 3281 1297 3354 ὀφθαλμοὺς
1325 3284 1518 3355 τυφλοῦ
1547 3302 1782 3354 γεγεννη-

176 3373 361 3442 μένου.

254 3642 358 3690 Καὶ
418 3667 486 3678 --
535 3639 755 3711 γεννηθῇ
788 3638 1113 3713 ;Ἑρωτώσιν
1180 3639 1284 3712 οὐχ
1337 3642 1407 3702 ὡς
1455 3649 1608 3694 τοῦτο
1657 3643 1782 3694 πάν-

175 3745 280 3786 τως
335 3727 366 3785 ἣ
429 3729 588 3778 ἐκεῖνο
653 3726 1117 3800 ὑπολαμϐάνοντες,
1173 3731 1404 3803 καθάπερ
1459 3733 1507 3782 οἱ
1573 3729 1782 3789 ἀνόητοι

175 3811 439 3870 Ἰουδαῖοι
467 3831 482 3845 '
508 3820 564 3869 τὸ
593 3819 686 3887 μὶν
734 3819 836 3890 γὰρ
895 3817 1141 3890 ἁμαρτεῖν
1192 3822 1291 3891 πρὸ
1352 3825 1443 3870 τοῦ
1472 3821 1782 3890 γεννηθῆναι

177 3902 466 3972 ἀδύνατον,
499 3909 555 3957 τὸ
586 3902 646 3958 δε
671 3907 797 3980 ὑπὲρ
830 3914 930 3958 τῶν
957 3911 1144 3977 γονέων
1189 3906 1505 3967 κολάζεσθαι
1555 3905 1741 3960 ἄδικον
1766 3926 1778 3938 ·

176 3991 292 4045 ἀλλ’
323 3996 468 4046 ἔστιν
501 3995 526 4046 ὁ
554 3998 749 4056 σκοπὸς
796 4002 889 4047 τοῦ
917 3995 1074 4066 λόγου
1098 4003 1352 4056 τοιοῦτος.
1408 3996 1466 4048 '0
1491 3999 1580 4068 μὲν
1612 3999 1783 4070 παρά-

172 4081 333 4143 λυτος
367 4078 459 4134 διὰ
501 4085 593 4144 τὰς
638 4082 894 4156 ἁμαρτίας
946 4086 1106 4136 αὐτοῦ
1160 4085 1385 4152 ἠσθένει,
1445 4087 1617 4146 καθὼς
1681 4083 1785 4138 ἐκεῖ

171 4173 556 4244 μεμαθήκαμεν
607 4190 622 4206 ο
673 4177 789 4245 περὶ
840 4175 1020 4225 τούτου
1061 4169 1120 4226 δὲ
1175 4174 1286 4241 (‘75l
1326 4178 1379 4225 τί
1431 4173 1592 4245 λέγεις
1634 4189 1647 4240 ;
1699 4179 1782 4234 Τίς

1909 426 2092 483 ferme
2149 444 2281 484 esse
2331 429 2938 502 quinquagenarium,
3018 437 3260 504 propter
3312 433 3564 490 multam

1908 517 2041 588 ejus
2084 518 2357 589 peritiam
2407 523 2463 574 et
2507 520 2954 591 experientiam.
3025 521 3308 586 Quaedam
3364 531 3562 579 autem

1909 607 2274 677 exemplaria
2344 606 2583 673 habent,
2633 609 3063 680 quadraginta,
3108 611 3285 683 gquod
3333 612 3566 668 videtur

1908 710 2035 750 esse
2066 695 2278 751 verius.

1980 784 2140 839 Vers.
2220 788 2304 841 58.
2360 786 2532 842 Dixit
2596 817 2665 826 -—
2729 790 3223 859 sum.Tanquam
3270 789 3443 844 Deus.
3501 791 3565 844 Et

1906 887 2024 928 non
2075 873 2243 939 dixit,
2305 877 2426 943 Ego
2467 890 2632 930 eram
2675 875 2852 946 ;sed,
2902 877 3028 946 Ego
3052 893 3200 945 sum,
3258 879 3356 948 qui
3411 894 3567 934 sem-

1905 978 2011 1033 per
2042 979 2199 1018 sum.
2231 965 2369 1020 Fieri
2399 963 2689 1035 siquidem
2720 965 2803 1019 rei
2835 971 3046 1022 creatae
3075 970 3195 1034 est;
3224 968 3369 1023 Sum
3401 983 3562 1031 vero,

1904 1050 2180 1108 increatae
2241 1057 2298 1108 et
2324 1058 2556 1108 creatae.

1977 1143 2137 1197 Vers.
2174 1142 2257 1197 59.
2301 1143 2592 1198 Tulerunt
2628 1175 2691 1184 —
2724 1158 2872 1200 eum.
2899 1144 3143 1201 Veloces
3208 1145 3285 1201 ad
3316 1145 3560 1202 caedem.

1907 1231 2244 1302 Exasperati
2277 1236 2415 1288 sunt
2467 1233 2626 1288 enim
2676 1239 2954 1302 putantes
3001 1234 3219 1303 injuria
3283 1233 3560 1290 affectum

1905 1335 2036 1375 esse
2094 1320 2396 1378 Abraham
2450 1340 2464 1376 :
2507 1322 2681 1378 simul
2730 1323 2926 1388 etiam,
2986 1323 3086 1379 ubi
3141 1324 3564 1394 cognovissent

1904 1409 2069 1482 quod
2099 1411 2196 1465 Dei
2228 1411 2609 1466 aeternitatem
2644 1411 2756 1466 sibi
2788 1412 3133 1468 vindicaret.

1977 1499 2141 1555 Vers.
2172 1501 2262 1557 59.
2294 1502 2454 1555 Jews
2492 1508 2686 1557 autem
2710 1503 3039 1558 occultatus
3080 1509 3181 1558 est.
3212 1503 3321 1558 Per
3350 1503 3562 1559 divini-

1905 1590 2037 1645 tatis
2063 1590 2391 1662 potentiam
2421 1590 2729 1647 invisibilis
2781 1592 2867 1647 eis
2901 1591 3167 1648 effectus.

1827 1699 1870 1754 Β
1977 1680 2140 1734 Vers.
2167 1680 2256 1734 59.
2301 1681 2379 1736 Et
2409 1711 2475 1721 —
2523 1679 2750 1750 templo.
2810 1683 2878 1736 Ut
2933 1681 3169 1737 illorum
3203 1682 3437 1738 sedaret
3469 1682 3557 1738 fu-

1905 1783 2098 1824 rorem
2109 1808 2121 1820 .

1976 1858 2140 1914 Vers.
2167 1863 2252 1914 59.
2288 1860 2686 1916 Pertransims
2733 1890 2797 1900 —
2825 1860 3088 1916 illorum.
3123 1862 3264 1916 Cum
3298 1860 3378 1916 illi
3419 1877 3556 1916 eum

1903 1947 2101 2004 videre
2144 1964 2263 2004 non
2310 1953 2578 2020 possent.
2643 1951 2708 2003 Et
2748 1965 2934 2020 quare
2966 1965 3089 2004 non
3147 1951 3412 2006 dissolvit
3441 1949 3561 2006 illo-

1900 2052 2035 2092 rum
2066 2037 2364 2101 virtutem,
2397 2043 2455 2093 et
2515 2037 2830 2093 manifeste
2904 2038 3146 2094 recessit
3190 2037 3218 2092 ‘P
3263 2040 3408 2104 Quia
3451 2055 3560 2094 nec

1902 2125 1986 2181 sic
2035 2126 2312 2181 credituri
2384 2131 2573 2181 erant.
2651 2125 2875 2181 Etenim
2925 2132 3194 2197 tempore
3252 2128 3558 2198 passionis

1899 2216 2148 2288 supinos
2180 2215 2312 2271 illos
2341 2216 2573 2285 dejecit,
2623 2231 2954 2286 eorumque
3017 2221 3290 2286 aspectus
3345 2216 3559 2272 obscu-

1895 2306 2067 2371 ravit,
2114 2312 2168 2362 et
2215 2321 2337 2360 non
2388 2304 2785 2360 crediderunt.
2841 2307 2987 2360 Nam
3044 2305 3247 2360 anima
3297 2306 3559 2377 reproba

1897 2394 2045 2450 nihil
2073 2401 2159 2451 est
2188 2395 2361 2468 pejus
2391 2411 2404 2449 ε
2438 2393 2570 2450 licet
2599 2393 2756 2450 enim
2799 2394 2974 2464 signa
3017 2395 3216 2451 videat
3254 2411 3325 2451 ac
3357 2395 3557 2466 prodi-

1896 2484 2011 2554 gia,
2041 2501 2208 2540 suam
2242 2489 2436 2540 tamen
2471 2499 2710 2555 semper
2739 2483 2950 2538 retinet
2979 2483 3446 2555 impudentiam.

1967 2575 2129 2630 Vers.
2167 2575 2235 2630 59
2277 2575 2354 2630 Et
2385 2575 2471 2630 ita
2497 2573 2857 2644 praeteribat.
2901 2573 3269 2630 Ambulabat
3303 2574 3402 2640 ita,
3436 2589 3558 2630 non

1896 2679 2190 2735 apparens
2226 2663 2361 2718 illis.

2251 2753 2404 2809 CAP.
2435 2753 2499 2807 X.
2534 2753 2613 2806 De
2639 2768 2774 2806 cwco
2803 2768 2842 2806 a
2867 2751 3194 2807 nativitate.

1965 2843 2104 2914 Cap.
2154 2843 2251 2898 IX.
2307 2843 2449 2897 Vers
2487 2847 2532 2896 l.
2585 2842 2660 2896 Et
2705 2870 2773 2880 —-
2804 2841 3134 2895 nativitate.
3186 2837 3559 2896 Conﬁrman-

1892 3025 2050 3076 esset
2089 3021 2287 3077 statim
2362 3020 2522 3076 venit
2573 3019 2648 3074 ad
2697 3016 3053 3074 miraculum
3108 3019 3464 3083 maximum,
3498 3023 3556 3074 et

1893 3126 2082 3182 usque
2113 3111 2186 3166 ad
2219 3110 2276 3165 id
2305 3109 2590 3181 temporis
2621 3123 2936 3179 nunquam
2970 3106 3210 3164 factum.
3245 3107 3553 3180 Siquidem

1891 3204 1948 3254 et
1993 3199 2090 3254 alii
2131 3199 2272 3254 eieci
2315 3199 2508 3254 visum
2564 3201 2930 3266 receperunt,
2974 3211 3179 3251 verum
3213 3197 3317 3268 qui
3367 3213 3400 3252 a
3449 3211 3555 3252 na-

1891 3287 2112 3344 tivitate
2165 3304 2358 3344 caecus
2411 3287 2636 3354 fuisset,
2689 3285 2888 3340 nullus
2957 3299 3145 3356 usque
3177 3284 3252 3340 ad
3299 3284 3357 3339 id
3413 3287 3557 3338 tem-

1891 3393 2024 3451 pus.
2059 3377 2197 3433 ldeo
2246 3376 2447 3442 etiam,
2506 3376 2610 3447 qui
2641 3374 2837 3429 visum
2897 3374 2966 3445 (j)
2997 3373 3234 3444 recepit,
3267 3372 3506 3428 dicebat
3537 3373 3552 3415 ε

1890 3468 1938 3522 Α
1973 3467 2186 3522 saculo
2224 3481 2339 3520 non
2402 3470 2482 3520 est
2523 3464 2817 3527 auditum,
2872 3462 3027 3534 quod
3077 3460 3373 3531 aperuerit
3404 3461 3556 3534 quis-

1888 3556 2049 3626 piam
2083 3556 2274 3611 oculos
2297 3555 2430 3610 caeci
2482 3553 2614 3608 nati
2661 3554 2728 3606 ⁸ο.

1966 3647 2130 3700 Vers.
2205 3647 2256 3698 2.
2316 3644 2394 3700 Et
2443 3649 2768 3698 nasceretur
2815 3641 2843 3698 7
2908 3639 3376 3710 Interrogabant,
3431 3655 3553 3696 non

1892 3734 2056 3806 quod
2109 3733 2220 3789 hoc
2250 3737 2354 3788 aut
2382 3732 2530 3788 illud
2557 3730 2806 3787 omnino
2829 3729 3294 3802 suspicarentur,
3354 3745 3556 3801 quem-

1891 3821 2223 3877 admodum
2291 3821 2638 3892 insipientes
2711 3819 2948 3884 Judaei;
2999 3834 3142 3874 nam
3203 3818 3365 3874 hunc
3422 3834 3557 3889 pec-

1893 3925 2080 3974 casse,
2154 3913 2480 3981 antequam
2539 3914 2717 3964 natus
2787 3912 2958 3972 esset,
3011 3906 3384 3977 impossibile
3432 3912 3556 3962 erat

1893 4014 2072 4070 porro
2097 4013 2204 4069 pro
2249 3997 2600 4066 parentibus
2667 3996 2866 4068 puniri
2900 3996 3187 4064 injustum
3229 4011 3243 4059 ;
3287 3994 3388 4049 sed
3421 3994 3554 4050 ﬁnis

1893 4087 2188 4141 sermonis
2242 4085 2370 4141 talis
2428 4091 2535 4140 est.
2589 4084 2953 4154 Paralyticus
3011 4083 3253 4154 quidem
3313 4088 3555 4154 propter

1892 4179 2140 4245 peccata
2179 4190 2287 4229 sua
2335 4173 2688 4242 aegrotabat,
2748 4172 2898 4226 sicut
2936 4171 3017 4225 ibi
3062 4169 3382 4224 didicimus
3421 4185 3433 4224 :
3479 4169 3552 4223 de

174 4262 434 4333 ἦμαρτεν,
490 4259 635 4320 οὗτος
673 4259 702 4317 ἣ
755 4261 803 4311 οἱ
847 4268 1015 4331 γονεῖς
1082 4261 1240 4312 αὐτοῦ
1297 4263 1488 4332 ςὴμείς
1519 4263 1619 4334 γὰρ
1668 4262 1784 4314 οὕτε

1911 4280 2007 4318 ioc
2039 4269 2259 4322 autem.
2331 4262 2474 4320 quid
2535 4261 2683 4315 dicis
2732 4259 2760 4315 ?
2806 4261 2942 4327 Quis
2987 4258 3269 4324 peccavit,
3328 4255 3444 4320 hic.
3477 4271 3549 4312 an

170 4354 337 4399 τοῦτο
359 4350 475 4399 όῦτε
504 4345 662 4400 έκεῖνο
693 4343 963 4420 δυνάμεθα
1000 4347 1181 4420 λέγειν,
1219 4348 1469 4410 παντελῶς
1500 4347 1784 4423 ἐξαπορού-

168 4455 347 4510 μενοι.

248 4622 303 4658 ⁸ο
323 4621 499 4680 Joan.
528 4638 607 4692 Ix,
640 4623 726 4680 32.

1890 4358 2158 4422 parentes
2190 4353 2316 4421 ejus
2355 4349 2383 4404 ?
2432 4365 2543 4406 nos
2575 4349 2735 4404 enim
2764 4362 2957 4418 neque
2997 4345 3128 4408 hoc.
3183 4359 3377 4416 neque
3407 4343 3552 4400 illud

1893 4440 2085 4496 dicere
2139 4455 2484 4513 possumus,
2535 4438 2784 4494 omnino
2814 4433 3144 4492 conturbati
3175 4432 3550 4507 consilioque

1893 4529 2174 4586 destituti.

1388 4724 1610 4794 Variae
1641 4726 1968 4794 lectiones
2003 4738 2068 4795 et
2109 4733 2311 4795 notae.

242 4865 366 4940 (71)
388 4864 619 4940 Scilicet
647 4865 1078 4940 Chrysostomi,
1103 4867 1205 4940 qui
1228 4867 1512 4940 audacter
1539 4869 1619 4925 ita
1648 4884 1771 4925 cor-

163 4938 347 5010 rexit.
399 4936 541 4992 Vide
581 4942 724 4993 tom.
756 4936 897 5010 Vlilrl,
930 4954 1069 5010 pag.
1107 4936 1237 4995 324.
1279 4939 1774 5010 Chrysostomum

158 5008 448 5081 sequitur
475 5024 629 5064 unus
645 5024 718 5065 ex
733 5008 1041 5081 codicibus
1067 5008 1523 5081 Mosquensibus
1545 5011 1773 5067 N.Test.

158 5097 222 5147 κ.
251 5077 362 5154 ῂυί
397 5084 484 5134 est
507 5096 638 5154 cum
683 5080 946 5136 scholiis.
990 5077 1292 5147 Origenes,
1347 5082 1451 5154 qui
1481 5088 1629 5137 tom.
1673 5084 1773 5147 XX,

155 5154 221 5208 in
251 5151 551 5206 Joannem
585 5151 713 5207 haec
742 5153 884 5208 data
919 5168 1102 5225 opera
1155 5151 1591 5223 interpretatur,
1615 5153 1777 5210 hunc

155 5238 420 5294 versum
478 5229 669 5278 totum
732 5225 1131 5294 praetermisit.
1179 5229 1504 5282 Πεντήκοντα
1537 5231 1776 5280 servant

155 5293 379 5366 Cyritl.
412 5299 451 5348 t.
475 5294 599 5368 iV,
628 5309 684 5365 p.
720 5293 822 5351 585
849 5295 908 5348 C.
945 5296 1417 5368 ;4Theophy|act.
1455 5313 1512 5368 p.
1554 5297 1659 5368 690
1695 5299 1730 5352 E
1762 5313 1774 5361 ;

203 5365 433 5421 everus
471 5365 530 5420 in
562 5367 786 5422 Catena
838 5366 1118 5434 Corderii,
1158 5365 1354 5440 p.243
1405 5386 1419 5435 ;
1455 5365 1511 5424 et
1540 5367 1774 5423 codices

155 5383 553 5495 grobatiores
582 5451 810 5493 omnes.

204 5435 553 5493 robatiores
582 5451 810 5493 omnes.

239 5614 326 5686 (j)
361 5614 472 5684 Qui
501 5614 710 5672 visum.
745 5616 911 5674 Forte
941 5616 1106 5688 legit,
1137 5611 1222 5670 διὸ
1261 5619 1349 5672 καὶ
1377 5617 1402 5669 ὁ
1457 5614 1768 5692 ἀναϐλέψας.

1951 4872 2065 4942 (72)
2100 4869 2333 4926 Inclusa
2364 4868 2609 4942 absunt
2640 4869 2706 4922 Α.
2743 4868 2996 4928 Κτίστης,
3028 4861 3338 4936 quomodo
3369 4863 3548 4942 etiam

1887 4938 2228 5016 Eustathius
2264 4940 2478 5016 scribit,
2510 4940 2614 5012 qui
2673 4955 2811 4994 cum
2842 4941 3056 5016 astra;
3082 4938 3414 5006 comparat.
3437 4949 3549 5016 pro

1887 5013 2250 5069 substantivo
2285 5010 2547 5085 accipio;
2591 5026 2728 5076 non,
2795 5014 2855 5065 ut
2906 5010 3215 5079 interpres,
3249 5021 3358 5077 pro
3387 5010 3550 5062 adie-

1888 5089 2070 5227 οῃὲῖὲᾗ
2090 5157 2173 5211 Ita
2202 5154 2550 5227 plerumque
2566 5153 3026 5224 Chrysostomus
3043 5154 3298 5213 oratorie
3317 5152 3545 5217 laudat,

1884 5227 2056 5280 Joan.
2091 5244 2249 5282 xrm.
2282 5231 2334 5290 6,
2358 5230 2542 5280 ἔπεσον
2573 5232 2770 5299 χαμαί.

1955 5299 2290 5364 (74)Γεννητῆ
2302 5319 2344 5360 ς.

1929 5368 2072 5439 ,(75)
2096 5372 2156 5420 Δὶ
2185 5370 2356 5425 abest
2395 5377 2461 5424 Α.
