4038 6226
560 225 690 279 1307

554 443 699 497 catis
724 443 834 498 hos
891 445 1030 500 dicit
1081 461 1210 502 esse
1263 447 1587 511 immunes,
1645 448 1749 502 sed
1809 452 2108 520 quantum
2135 448 2212 503 ad

555 529 634 596 id,
670 536 734 587 ut
762 548 954 588 caecus
984 533 1170 599 ﬁeret,
1229 540 1284 591 et
1312 535 1443 591 illos
1473 542 1529 593 et
1581 537 1740 592 hunc
1799 538 1928 592 sine
1967 542 2213 608 peccato

552 635 683 675 esse
711 621 942 678 asserit.

627 710 765 765 Hinc
799 710 996 784 itaque
1027 712 1336 779 discimus,
1384 717 1549 788 quod
1583 731 1693 788 pro
1732 715 2079 788 parentibus
2107 715 2212 787 qui

550 806 949 868 peccaverunt
970 818 1090 858 non
1113 805 1443 877 puniuntur
1489 806 1614 862 ﬁlii.
1643 808 2000 878 Quanquam
2049 806 2210 862 enim

550 887 610 943 in
666 888 814 944 libro
869 892 1052 947 Exodi
1097 894 1170 949 de
1228 895 1346 949 Deo
1394 897 1684 967 scriptum
1729 901 1820 951 est
1874 914 1886 951 :
1949 897 2210 952 Reddens

546 986 1041 1048 peccatapatrum
1072 983 1135 1038 in
1161 985 1333 1051 ﬁlios,
1366 986 1428 1041 in
1469 987 1704 1043 tertiam
1732 993 1785 1042 et
1814 991 2091 1057 quartam
2116 1001 2210 1055 ge-

551 1069 913 1126 nerationem
946 1073 1015 1140 ⁸³,
1065 1076 1266 1129 tamen
1317 1081 1559 1147 propter
1598 1075 1759 1131 solos
1803 1076 1934 1132 illos
1982 1076 2207 1131 dictum

551 1161 658 1223 est,
704 1158 808 1229 qui
861 1159 939 1214 ab
987 1162 1264 1218 lsraelitis
1312 1165 1625 1235 progeniti,
1659 1171 1856 1220 essent
1899 1164 2072 1219 idolis
2105 1164 2210 1219 im-

551 1245 850 1302 molaturi.
886 1251 1032 1305 Nam
1081 1254 1223 1323 quia
1272 1254 1482 1309 imitati
1545 1253 1786 1310 fuerunt
1841 1253 2206 1326 impietatem

549 1340 870 1406 parentum
917 1355 1186 1402 suorum,
1229 1343 1416 1414 quiin
1453 1343 1677 1414 Egypto
1733 1344 2054 1400 idololatria
2085 1344 2210 1399 fue-

549 1430 703 1487 rant,
734 1427 941 1483 merito
981 1431 1339 1502 supplicium
1381 1433 1618 1489 illorum
1673 1435 1931 1490 reddidit
1974 1435 2058 1489 eis
2088 1451 2098 1488 :
2134 1435 2209 1490 si-

549 1515 792 1587 quidem
847 1533 1105 1588 quorum
1158 1521 1413 1592 zequalia
1461 1523 1622 1578 fuere
1694 1524 1925 1589 delicta,
1987 1525 2205 1580 horum

545 1604 805 1676 aequalia
841 1622 1084 1680 quoque
1120 1617 1257 1666 sunt
1294 1611 1608 1684 supplicia.
1660 1614 2042 1669 Postmodum
2065 1630 2206 1670 vero

549 1693 738 1765 legem
767 1701 1056 1765 statuens,
1110 1701 1190 1754 ait
1252 1717 1358 1771 per
1409 1703 1604 1758 Mosen
1640 1724 1654 1759 :
1684 1705 1819 1759 Non
1875 1706 2207 1761 morientur
2248 1721 2288 1774 Β
2318 1705 2400 1752 σίν
2453 1720 2465 1732 ο

545 1784 662 1851 ﬁlii
689 1800 799 1853 pro
853 1787 1148 1856 patribus,
1201 1805 1389 1861 neque
1433 1799 1634 1858 patres
1675 1808 1786 1860 pro
1847 1794 1989 1861 ﬁliis
2036 1796 2104 1846 ⁸³.
2141 1797 2205 1850 Et

547 1888 755 1928 rursus
778 1890 878 1946 per
902 1877 1161 1932 Ezechiel
1192 1879 1333 1935 dicit
1361 1896 1372 1934 :
1405 1881 1538 1946 Quae
1577 1882 1734 1937 vobis
1779 1889 1861 1938 est
1906 1883 2204 1950 parabola

549 1963 672 2019 haec
709 1963 773 2018 in
817 1971 980 2021 terra
1027 1968 1237 2032 Israel,
1293 1975 1358 2025 ut
1406 1971 1639 2032 dicatis,
1694 1973 1906 2029 Patres
1954 1975 2202 2029 comede-

545 2057 689 2108 runt
720 2069 887 2109 uvam
932 2062 1229 2123 acerbam,
1281 2064 1334 2114 et
1363 2062 1565 2116 dentes
1593 2061 1851 2132 ﬁliorum
1894 2063 2203 2131 obstupue-

547 2148 730 2197 runt?
783 2145 920 2199 Vivo
946 2161 1069 2215 ego,
1095 2146 1238 2202 dicit
1271 2151 1574 2214 Dominus,
1599 2152 1651 2206 si
1675 2152 1787 2207 erit
1807 2152 2082 2221 deinceps
2099 2169 2205 2221 pa-

545 2231 757 2287 rabola
790 2232 934 2297 haec,
964 2235 1064 2290 sed
1093 2251 1294 2292 eorum
1325 2239 1430 2309 qui
1449 2241 1807 2296 comederint
1841 2257 2014 2298 uvam
2043 2257 2206 2298 acer-

547 2320 674 2374 bam
701 2320 900 2378 dentes
925 2323 1331 2394 obstupescent
1370 2330 1438 2380 ⁸³.

616 2410 779 2466 Vers.
813 2415 864 2466 3.
895 2411 1100 2468 Sed—
1154 2415 1298 2483 ipso.
1357 2418 1550 2488 Opera
1605 2419 1702 2474 Dei
1758 2424 1934 2475 vocat
1985 2419 2204 2476 forma-

544 2499 764 2556 tionem
793 2501 1106 2558 oculorum
1133 2504 1266 2559 Cthi
1289 2505 1363 2560 de
1417 2506 1678 2578 pulvere.
1733 2509 1883 2573 Quia
1931 2510 2091 2565 enim
2143 2510 2202 2565 in

545 2591 815 2647 confesso
840 2596 966 2647 erat
992 2608 1147 2664 opus
1202 2593 1386 2650 fuisse
1448 2595 1547 2651 Dei
1605 2597 2026 2654 formationem
2071 2614 2203 2654 cor-

543 2682 705 2754 poris
737 2681 929 2737 Adam
961 2683 1035 2737 de
1090 2685 1331 2754 pulvere
1363 2701 1380 2742 :
1424 2686 1518 2740 hic
1569 2687 1747 2742 etiam
1805 2687 2006 2744 oculos
2036 2688 2197 2751 caeci,

546 2769 1004 2842 pulcherrimam
1045 2775 1311 2845 corporis
1365 2783 1616 2846 partem,
1666 2775 1882 2832 format
1905 2777 1978 2832 de
2006 2777 2202 2849 pulve-

543 2873 649 2914 re:
683 2860 1172 2918 uthincindubie
1212 2864 1363 2919 Deus
1408 2871 1719 2936 appareat,
1781 2871 1980 2937 utpote
2028 2882 2199 2938 aeque

545 2953 772 3018 potens,
804 2955 862 3004 ut
894 2951 1046 3005 Deus
1087 2970 1099 3007 :
1134 2968 1276 3007 nam
1307 2955 1407 3025 qui
1467 2953 1933 3026 pulcherrimam
1968 2961 2196 3028 partem

544 3037 622 3093 ita
653 3037 942 3108 formavit,
975 3047 1176 3112 posset
1215 3048 1270 3098 et
1304 3048 1491 3100 totum
1526 3043 1838 3100 formasse.

611 3218 726 3273 Aut
761 3233 940 3290 opera
1000 3219 1098 3274 Dei
1147 3219 1288 3276 dicit
1343 3221 1634 3277 occultam
1693 3221 2018 3278 divinitatis
2075 3239 2199 3278 sure

542 3307 883 3377 potentiam,
939 3325 1071 3381 quae
1118 3313 1259 3365 tunc
1313 3311 1506 3380 magis
1544 3311 1841 3383 apparuit.
1899 3311 2050 3378 Quid
2109 3327 2203 3367 er-

541 3396 815 3468 go?nisi
872 3397 967 3453 hic
1043 3399 1264 3455 damno
1339 3400 1586 3455 atfectus
1645 3399 1872 3465 fuisset,
1925 3416 2041 3456 non
2099 3416 2201 3473 po.-

541 3491 731 3543 terant
791 3487 960 3542 aliter
1025 3487 1390 3544 manifestari
1439 3489 1535 3545 Dei
1602 3505 1786 3563 opera
1850 3489 1878 3545 ?
1934 3491 2201 3550 Poterant

541 3575 807 3648 quidem,
841 3576 949 3632 sed
1002 3593 1196 3650 neque
1249 3578 1346 3635 hic
1391 3578 1617 3634 damno
1667 3579 1914 3635 affectus
1939 3586 2046 3645 est,
2077 3580 2199 3636 imo

543 3665 738 3736 potius
769 3664 1116 3721 beneficium
1169 3669 1395 3739 accepit
1447 3685 1460 3724 :
1519 3684 1625 3740 per
1675 3669 1998 3724 caecitatem
2059 3685 2198 3725 ocu-

542 3752 738 3808 lorum
770 3755 1034 3824 corporis
1067 3760 1240 3826 aptos
1269 3756 1496 3812 habens
1541 3758 1752 3813 anima;
1789 3758 2014 3813 oculos.
2051 3761 2198 3814 Nam

541 3856 678 3914 quae
738 3842 969 3898 illorum
1034 3850 1121 3899 est
1177 3845 1416 3913 utilitas,
1470 3847 1519 3901 si
1568 3848 1624 3902 hi
1679 3847 1864 3903 clausi
1914 3847 2198 3903 ειηιῖιὶ-

541 3931 721 3987 citum
784 3933 981 4005 itaque
1030 3933 1136 3989 fuit
1195 3937 1445 3991 Creatori
1486 3953 1713 3992 cmcum
1754 3937 1916 3992 hunc
1971 3953 2192 4002 creare,

540 4037 660 4077 non
689 4021 1013 4094 puniendo,
1051 4023 1158 4078 sed
1205 4023 1642 4096 dispensatorio
1675 4026 1877 4094 modo,
1921 4031 1983 4081 ut
2011 4041 2196 4097 opera

541 4112 643 4169 Dei
681 4112 1226 4180 manifestarentur,
1259 4119 1315 4170 et
1343 4115 1438 4171 hic
1485 4131 1556 4170 ex
1613 4131 1684 4171 eo
1741 4120 1980 4187 apertos
2021 4115 2195 4170 habe-

540 4205 627 4258 ret
655 4202 873 4259 animae
901 4203 1124 4259 oculos.

611 4291 867 4359 Quidam
898 4308 1040 4349 vero
1083 4293 1400 4350 dictionem
1439 4299 1514 4362 ut,
1568 4310 1686 4350 non
1736 4293 2036 4350 causalem
2065 4308 2192 4348 esse

537 4381 757 4448 dicunt,
780 4383 886 4439 sed
912 4383 1041 4454 ejus
1085 4384 1249 4456 quod
1275 4383 1532 4441 futurum
1561 4389 1685 4440 erat
1713 4383 2191 4452 signiﬁcativam,

539 4476 684 4542 puta
713 4474 877 4545 quod
908 4489 1087 4545 opera
1129 4474 1227 4530 Dei
1271 4473 1710 4529 manifestanda
1754 4479 1920 4529 erant
1952 4473 2009 4528 in
2039 4472 2192 4545 ipso.

542 4560 608 4614 Et
653 4561 841 4617 simile
889 4579 1017 4618 esse
1067 4563 1211 4628 aiut,
1264 4563 1425 4636 quod
1474 4564 1689 4618 dicitur
1744 4579 1756 4616 :
1810 4565 1876 4618 In
1897 4563 2194 4633 judicium

538 4664 638 4718 ego
663 4649 726 4705 in
756 4651 1044 4707 mundum
1094 4654 1244 4717 veni,
1279 4661 1340 4708 ut
1375 4655 1477 4725 qui
1523 4671 1640 4708 non
1687 4653 1884 4708 vident
1938 4654 2194 4720 videant,

539 4743 594 4794 et
623 4738 938 4810 quivident
973 4741 1109 4796 caeci
1135 4744 1286 4808 ﬁant
1328 4744 1372 4777 ⁸⁸
1409 4759 1421 4808 ;
1456 4743 1622 4799 aiunt
1647 4743 1806 4796 enim
1836 4741 2198 4812 signiﬁcare,

537 4827 704 4900 quod
735 4827 838 4898 qui
868 4843 987 4884 non
1021 4829 1225 4887 vident
1254 4832 1562 4897 videbunt,
1591 4831 1758 4904 etqui
1789 4831 1985 4887 vident
2011 4847 2204 4887 excie-

609 5007 652 5043 ³¹
688 5005 866 5063 Exod.
892 5023 990 5075 xx,
1145 5011 1190 5044 δ’
1209 5010 1374 5064 Deut.
1399 5026 1536 5075 xxv,
1566 5009 1645 5064 16.

1876 229 2225 286 EUTHYMII
2267 230 2597 287 ZIGABEN!

623 351 784 408 Vers.
813 352 864 408 3.
897 354 1218 424 Respondit
1257 387 1326 398 —
1355 358 1504 426 ejus.
1541 356 1669 412 Non
1718 357 1968 413 omnino
2014 373 2050 413 a
2072 372 2216 430 pec-
2248 361 2295 414 Α

1725 5010 1768 5044 ⁸³
1791 5007 1992 5064 Ezech.
2011 5025 2165 5071 xvui,
2189 5010 2301 5064 2-4.

3735 239 3834 296 1368

2399 356 2682 432 Ἀπεκρίθη
2715 391 2779 400 -
2809 359 2989 413 αὐτοῦ.
3017 359 3092 413 Οὐ
3118 358 3372 424 παντελῶς
3397 359 3754 434 ἀναμαρτήτους
3775 367 3839 418 εὖ.

2323 449 2440 508 τούς
2470 467 2650 520 φησιν,
2695 447 2805 501 ἀλλ’
2852 453 2971 503 ὅσον
3001 450 3073 513 εἰς
3116 454 3174 501 τὸ
3203 449 3523 522 τυφλωθῆναι
3551 471 3726 517 τοῦτον,
3752 453 3840 507 ἀνα·

2322 541 2621 609 μαρτὴτους
2651 537 2920 602 κάκείνους
2953 544 3044 592 καὶ
3072 547 3253 592 τοῦτον
3283 542 3415 612 ('76).

2393 715 2648 768 Ἐντεῦθεν
2717 717 2893 770 λοιπὸν
3138 720 3454 790 μανθάνομεν
3541 722 3611 770 ὅτι
3663 725 3838 793 πατέρων

2322 802 2718 879 ἁμαρτανόντων
2783 807 2842 859 οῦ
2900 807 3204 869 κολάζονται
3257 805 3460 868 παῖδες.
3516 809 3571 862 Εἰ
3595 811 3686 883 γὰρ
3715 811 3838 861 καὶᾶ

2319 901 2380 966 τῇ
2428 892 2624 968 Ἐξόδῳ
2682 902 2799 969 περὶ
2849 904 2940 949 τοῦ
2984 906 3116 951 Θεοῦ
3176 902 3461 971 γέγραπται
3522 899 3599 950 ὅτι
3667 895 3841 952 Ἀποδι-

2321 978 2449 1046 dat);
2495 984 2751 1058 ἁμαρτίας
2814 991 3045 1058 πατέρων
3107 985 3190 1039 ἐπὶ
3249 991 3401 1039 τέκνα
3447 985 3524 1038 ἐπὶ
3587 992 3743 1058 τρίτην
3777 993 3842 1038 καὶ

2318 1075 2567 1147 τετάρτην
2623 1077 2798 1146 γενεάν
2831 1094 2844 1106 ·
2877 1075 3006 1128 ἀλλὰ
3067 1072 3141 1128 δι’
3193 1075 3414 1136 ἐκείνους
3463 1080 3634 1148 μόνους
3689 1079 3843 1150 sipara:

2319 1166 2441 1225 τοὺς
2485 1164 2758 1236 μέλλοντας
2809 1164 2864 1217 ἐκ
2904 1174 3002 1218 τῶν
3056 1164 3396 1237 Ἰσραηλιτῶν
3443 1162 3838 1236 εἰδωλολατρῆσαι.

2320 1251 2459 1305 Ἐπεὶ
2511 1256 2611 1329 γὰρ
2657 1253 2924 1315 ἐζήλωσαν
2979 1259 3072 1312 τὴν
3113 1253 3349 1306 ἀσέϐειαν
3415 1261 3513 1306 τῶν
3558 1254 3605 1305 ἐν
3645 1254 3842 1324 Arrian,»

2319 1338 2869 1418 εἰδωλολατρησοξντων
2933 1347 3122 1414 γὸνέων
3213 1343 3402 1408 αὐτῶν,
3490 1339 3726 1395 ἀπέδωκεν
3778 1341 3843 1392 αὖα

2319 1439 2427 1491 τοῖς
2479 1435 2572 1489 τὴν
2623 1436 2877 1505 τιμωρίαν
2922 1431 3122 1484 ἐκείνων
3198 1432 3428 1493 εἰκότως.
3489 1438 3582 1483 Ὧν
3623 1432 3710 1502 γὰρ
3759 1433 3843 1481 ἶσαι

2318 1522 2372 1572 αἱ
2403 1519 2656 1595 ἁμαρτίαι
2712 1521 2847 1592 (78),
2898 1525 3098 1582 τούτοις
3137 1525 3250 1574 ἶσαι
3304 1523 3504 1580 πάντως
3550 1526 3629 1571 καὶ
3666 1518 3844 1570 αἱκολά-

2319 1629 2440 1671 σεις.
2499 1609 2742 1680 Ὕστερον
2807 1613 2910 1683 γὰρ
2989 1613 3275 1682 νομοθετῶν
3329 1607 3426 1662 διὰ
3485 1612 3729 1672 Μωῦσὲως,
3774 1627 3844 1679 el:-

2533 1700 2641 1753 Οὐκ
2735 1700 3117 1755 ἀποθανοῦνται
3193 1697 3381 1760 παῖδας
3459 1701 3579 1772 ὑπὲρ
3648 1702 3842 1769 πατέρων.

2315 1785 2438 1842 οὐδὲ
2516 1796 2727 1863 πατέρες
2809 1792 2935 1862 ὑπὲρ
2995 1786 3198 1842 παίδων
3283 1806 3296 1818 °
3368 1794 3457 1840 καὶ
3521 1783 3609 1839 διὰ
3651 1783 3844 1845 Ἰεζεκιῇ

2313 1878 2468 1936 πηλιν
2515 1879 2688 1950 λέγει·
2741 1884 2805 1932 Τί
2854 1881 2974 1952 ὑμῖν
3002 1882 3030 1936 η
3088 1877 3361 1952 παραϐολὴ
3425 1878 3577 1942 αῦτη,
3627 1874 3842 1946 bibims,

2315 1971 2382 2020 Οἱ
2402 1974 2612 2041 πατέρες
2627 1971 2814 2042 ἔφαγον
2835 1973 3158 2041 ὅμφακα,καὶ
3178 1970 3227 2020 οἱ
3253 1965 3466 2027 ὀδόντες
3482 1974 3576 2018 τῶν
3599 1966 3846 2027 tineam!)

2314 2055 2620 2130 ῶμοὸίασαν
2656 2076 2670 2124 ;
2702 2066 2783 2111 Ζῶ
2833 2059 2954 2130 ἐγὼ,
2986 2060 3122 2130 λέγει
3180 2061 3389 2132 Κύριος,
3431 2057 3476 2108 εἰ
3501 2059 3640 2108 ἔσται
3671 2057 3694 2111 ἡ
3723 2072 3846 2124 παραυ

2809 1792 2935 1862 ὑπὲρ
2995 1786 3128 1842 παίὸ
3133 1810 3198 1840 ων

2315 2146 2438 2206 ϐολὴ
2467 2148 2598 2207 αὕτη
2655 2163 2669 2178 ⁶
2705 2148 2832 2200 ἀλλὰ
2856 2157 2955 2200 τῶν
2987 2152 3251 2221 φαγόντων
3305 2150 3395 2198 τὸν
3428 2151 3628 2218 ὄμφακα
3666 2138 3843 2215 ὼροδιε-

2315 2257 2410 2290 σου
2419 2257 2498 2290 σιν
2528 2241 2577 2290 οἱ
2617 2234 2840 2299 ὀδόντες.

2388 2415 2503 2469 Αλλ⁹
2557 2447 2626 2458 -
2689 2437 2856 2489 αυτῳ.
2931 2416 3098 2489 ’Ἑρ-γα
3149 2423 3238 2468 τοῦ
3289 2423 3427 2468 Θεου
3479 2413 3608 2486 λέγει
3665 2416 3742 2470 τήν

2313 2509 2445 2576 χοὸς
2499 2506 2689 2558 πλάσιν
2743 2515 2842 2558 τῶν
2895 2506 3172 2578 ὀφθαλμῶν
3228 2512 3323 2556 τοῦ
3380 2503 3584 2575 τυφλοῦ.
3629 2504 3746 2554 Ἐπεὶ
3771 2501 3846 2568 γὰρ

2313 2595 2718 2668 ὁμολογούμενον
2762 2599 2910 2668 ἔργον
2969 2602 3102 2649 Θεοῦ
3169 2591 3230 2653 ἦν
3286 2597 3314 2652 ἡ
3377 2593 3479 2646 ἀπὸ
3534 2595 3654 2664 χοὸς
3704 2588 3846 2647 πλείοις

2311 2692 2403 2737 τοῦ
2435 2692 2670 2758 σώματος
2694 2693 2786 2737 τοῦ
2816 2681 3012 2757 Ἀδὰμ,
3069 2683 3170 2736 ἀπὸ
3227 2687 3363 2754 χοὸς
3406 2687 3494 2734 καὶ
3519 2682 3657 2740 αὐτὸς
3683 2678 3847 2731 πλάττει

2310 2778 2431 2836 τοὺς
2457 2774 2749 2846 ὀφθαλμοὺς
2802 2781 2893 2826 τοῦ
2946 2773 3158 2846 τυφλοῦ,
3208 2775 3265 2825 τὸ
3310 2772 3583 2824 κάλλιστον
3627 2771 3844 2840 μροςτοῦ

2314 2871 2573 2936 σώματος,
2627 2866 2710 2916 ἱνα
2747 2862 2968 2916 ἐντεῦθεν
3021 2867 3198 2934 φανείη
3254 2863 3372 2933 (8ο)
3452 2863 3578 2921 θεὸς
3613 2855 3846 2928 ἀναμφιεά.

2309 2952 2428 3020 λως,
2461 2950 2547 3005 οἶα
2597 2956 2664 3005 τὰ
2689 2957 2782 3006 ἶσα
2809 2961 2881 3024 τῷ
2911 2961 3026 3023 Θεῷ
3067 2948 3376 3023 δυνάμενος.
3428 2949 3486 3002 Ὀ
3519 2951 3614 3020 γὰρ
3665 2951 3714 2997 τὸ
3752 2944 3844 2994 καὶ

2238 3042 2485 3124 ρλιστον
2540 3047 2694 3117 μέρος
2747 3043 2882 3094 οὕτω
2952 3041 3177 3105 πλάσας,
3233 3036 3460 3102 δυνατὸς
3512 3044 3594 3090 καὶ
3646 3039 3695 3088 τὸ
3761 3033 3845 3085 ὅλον

2309 3131 2528 3189 πλάσαι,

2380 3221 2446 3286 "H
2479 3224 2606 3294 ἔργα
2643 3228 2735 3273 τοῦ
2789 3227 2923 3273 Θεοῦ
2975 3237 3106 3292 φησι
3137 3223 3230 3276 τὴν
3284 3220 3636 3291 κεκρυμμένην
3671 3209 3846 3281 δύναμιν

2311 3318 2400 3371 τῆς
2460 3313 2700 3372 θεότητος
2747 3310 2924 3376 αὐτοῦ,
2995 3313 3112 3368 ἣτις
3173 3312 3291 3359 τὸτε
3342 3306 3531 3378 μᾶλλον
3593 3303 3746 3374 ἐφάνη.
3801 3299 3846 3349 Τί

2311 3396 2436 3466 οὖν;
2471 3400 2512 3453 εἰ
2559 3405 2631 3470 μὴ
2667 3399 2921 3455 ἐκολάσθη
2982 3397 3152 3461 οὗτος,
3211 3395 3305 3448 οὐκ
3368 3395 3483 3454 ἐνῆν
3533 3393 3695 3467 ἑτέρως
3736 3405 3848 3461 φανε-

2309 3491 2540 3562 ρωθῆναι
2589 3493 2654 3542 τὰ
2710 3491 2832 3560 ἔργα
2883 3495 2972 3539 τοῦ
3027 3494 3161 3539 Θεοῦ
3211 3503 3225 3551 ;
3279 3487 3433 3543 Ἐνῆν
3483 3487 3569 3555 μὲν
3619 3485 3736 3551 (8|),

2310 3576 2433 3632 οὐδὲ
2463 3580 2607 3640 οὗτος
2646 3577 2927 3645 ἐκολάσθη,
2976 3576 3165 3648 μᾶλλον
3209 3577 3300 3647 μεν
3353 3570 3440 3626 οὖν
3479 3571 3755 3644 εὐηργετήθη
3779 3561 3846 3616 διὰ

2308 3677 2403 3729 τῆς
2432 3673 2709 3742 πηρώσεως
2739 3676 2837 3718 τῶν
2879 3673 2970 3717 τοῦ
3005 3671 3240 3735 σώματος
3271 3661 3570 3734 ὀφθαλμῶν)
3617 3655 3845 3722 ὡδώθη

2307 3762 2422 3818 τοὺς
2452 3765 2547 3819 τῆς
2574 3757 2779 3828 ψυχῆς.
2816 3759 2880 3808 Τί
2899 3758 2998 3826 γὰρ
3029 3753 3204 3825 ὄφελος
3258 3750 3464 3804 ἐκείνων
3517 3752 3629 3802 ὅταν
3657 3747 3773 3799 οὗτοι
3791 3747 3841 3812 μὴ

2308 3845 2570 3920 βλέπωσιν
2602 3864 2614 3912 ;
2649 3845 2798 3908 Ἐξῆν
2831 3841 2918 3896 οὖν
2945 3853 3016 3913 τῷ
3062 3848 3257 3914 κτίστῃ
3296 3840 3485 3913 τυφλὸν
3525 3839 3667 3889 αὐτὸν
3690 3839 3839 3890 κτίσαι,

2305 3937 2362 3988 οὐ
2393 3935 2736 3996 κολαστικῶς,
2771 3933 2878 3985 ἀλλ’
2919 3933 3272 4002 οἰκονομικῶς,
3309 3931 3396 3981 ἶνα
3437 3947 3490 3981 τε
3536 3931 3598 3978 τὰ
3643 3928 3749 3997 ἔργα
3779 3938 3842 3969 τον

2305 4034 2438 4078 Θεοῦ
2475 4025 2736 4097 φανερωθῇ
2776 4038 2789 4050 ·
2838 4026 2928 4074 καὶ
2976 4021 3134 4083 αὐτὸς
3186 4015 3418 4071 ἐντεῦθεν
3485 4012 3721 4082 ἀναϐλέψῃ
3777 4012 3842 4061 τὴν

2301 4115 2506 4187 ψυχήν.

2373 4295 2517 4354 Τινὲς
2567 4288 2625 4344 δὲ
2690 4294 2745 4342 τὸ
2801 4291 2884 4342 ἶνα
2961 4288 3056 4340 οὐκ
3129 4285 3480 4359 αἰτιολογικὸν
3533 4283 3746 4354 λέγουσιν
3791 4292 3840 4322 τ’·

2303 4385 2494 4446 ταῦθα,
2568 4380 2694 4433 ἀλλὰ
2749 4376 3038 4436 δηλωτικὸν
3126 4383 3217 4429 τοῦ
3268 4375 3544 4448 μέλλοντος
3571 4372 3645 4424 ὃτι
3670 4381 3841 4440 φανερω-

2309 4477 2556 4532 θήσονται
2631 4471 2697 4522 τὰ
2752 4471 2878 4543 ἔργα
2918 4475 3009 4519 τοῦ
3083 4472 3218 4519 Θεοῦ
3300 4464 3350 4516 ἐν
3419 4463 3578 4531 αὐτῷ.
3650 4460 3837 4510 Τοιαῦται

2309 4561 2367 4615 δὲ
2415 4563 2526 4631 (83)
2572 4557 2701 4612 εἶναι
2725 4563 2897 4609 καὶτὸ
2935 4575 2946 4588 ·
2984 4556 3067 4616 Εἰς
3118 4560 3284 4628 κρίμα
3344 4552 3446 4625 ἐγὼ
3480 4552 3549 4613 εὶς
3574 4551 3650 4602 τὸν
3693 4555 3837 4610 κοσμοῖ

2310 4659 2488 4704 τοῦτον
2570 4645 2744 4710 ἦλθον,
2846 4647 2928 4697 ἵνα
3013 4647 3062 4697 οἱ
3162 4649 3234 4716 μὴ
3315 4642 3591 4716 βλέποντες
3638 4633 3834 4708 βλέπωσιν

2311 4744 2401 4792 καὶ
2452 4740 2500 4791 οἱ
2549 4736 2823 4808 βλέποντες
2876 4733 3082 4807 [τυφλοὶ
3129 4733 3244 4804 (8,3)
3305 4736 3576 4802 γένωνται,
3625 4722 3833 4815 inpiati”

2312 4831 2414 4902 γὰρ
2481 4829 2560 4879 ὅτι
2602 4828 2651 4879 οἱ
2703 4830 2772 4897 μὴ
2848 4822 3120 4897 βλέποντες
3180 4821 3467 4895 βλέψουσι,
3529 4822 3613 4868 καὶ
3663 4815 3704 4864 οἱ
3753 4804 3819 4876 βδί

2383 5007 2615 5062 “Joan.
2644 5019 2724 5071 ιε,
2748 5003 2837 5059 39.

1739 5185 1964 5255 Variae
1983 5183 2313 5253 lectiones
2344 5191 2411 5252 et
2450 5191 2653 5251 notae.

606 5384 726 5458 (76)
750 5386 933 5443 Credo
987 5383 1332 5442 addendum
1365 5398 1499 5440 esse
1551 5383 1707 5455 λέγει,
1759 5387 1864 5440 aut
1913 5380 2189 5454 ἀποφαίνει

534 5457 766 5515 auttale
785 5459 944 5530 quid.

605 5530 717 5602 (77)
749 5529 1097 5602 Μανθάνωριεν
1125 5529 1189 5584 Α.

603 5599 716 5670 (78)
747 5603 950 5654 Τούτων
975 5599 1036 5656 Α.

602 5668 719 5744 (⁵19)
743 5671 826 5729 Ita
842 5671 1241 5732 etiamlaudat
1264 5671 1562 5745 Chrysost.
1593 5674 1732 5727 tom.
1765 5668 1905 5733 VIll,
1925 5683 1984 5742 p.
2007 5668 2108 5724 327
2127 5669 2185 5722 Β.

2371 5380 2483 5450 (80)
2517 5385 2653 5450 Φανῇ
2686 5383 2750 5432 Α.

2394 5445 2483 5521 81)
2507 5445 2653 5508 Ἐνῆν
2684 5451 2773 5521 μεν
2799 5445 3021 5503 absunt
3049 5447 3120 5504 A.

2393 5516 2484 5577 82l
2505 5516 2696 5574 Τοῦτον
2725 5516 2784 5572 δέ
2814 5525 2870 5572 Β.

2395 5524 2460 5577 82
2505 5528 2696 5574 Τοῦτον
2725 5523 2784 5572 δέ
2814 5525 2870 5572 Β.

2395 5523 2487 5666 83ζ
2513 5591 2749 5649 Inclusa
2781 5587 3126 5647 exciderunt
3151 5590 3216 5643 A.
