4038 6226
122 262 264 321 1309

1142 252 1513 328 COMMENT.
1564 267 1634 325 IN
1670 266 2016 337 JOANNEM.
2055 301 2123 312 -
2161 268 2321 328 CAP.
2373 266 2464 327 ιιι.

3362 275 3493 333 1310

120 388 323 463 ποντες]
385 388 852 463 τυφλωοήσονται’
907 391 966 447 ού
1022 393 1122 470 γὰρ
1185 390 1281 448 διὰ
1347 402 1500 448 τοῦτο
1551 393 1721 461 ἦλθεν,

1843 394 2154 461 eabuntur,
2208 395 2507 469 siquidem
2538 411 2662 454 non
2703 402 3016 472 propterea
3054 401 3238 470 venit,
3270 408 3336 460 ut
3387 405 3490 478 qui

120 479 209 532 ενα
256 481 306 531 οἱ
350 477 623 552 βλέποντες
663 481 845 554 τυφλοὶ
890 486 1160 554 γένωνται.
1212 489 1313 537 Καὶ
1351 485 1378 536 6
1428 484 1627 546 Παῦλος
1666 482 1726 538 δέ

119 589 285 641 φησιν
303 584 317 599 '
337 575 507 643 Νόμος
527 570 894 646 παρεισῆλθεν,
914 574 998 624 ἵνα
1017 571 1273 647 πλεονάσῃ
1291 577 1350 625 τὸ
1366 576 1720 647 παράπτωμα.

116 656 225 731 [οῦ
254 660 369 731 (83)
401 663 499 734 γὰρ
545 657 639 713 διὰ
681 668 834 713 τοῦτο
863 661 1228 736 παρεισῆλθεν,
1273 662 1380 714 ἀλλ’
1429 663 1509 715 ὅτι
1555 662 1724 735 με’λλει

116 747 408 802 πλεονάσαι
439 749 495 801 τὸ
525 748 904 825 παράπτωμα,]
942 755 1032 804 καὶ
1062 751 1227 804 πολλὰ
1251 759 1486 806 τοιαῦτα.
1520 748 1724 826 Ιδίωμα

117 839 220 911 γὰρ
247 842 339 890 καὶ
362 845 513 892 τοῦτο
539 848 632 902 τῆς
661 845 889 913 Γραφῆς.

190 1015 317 1087 Ἐμὶ
369 1047 438 1058 --
493 1036 576 1089 με.
627 1016 748 1089 Ἐμὶ
799 1014 880 1071 δεῖ
935 1017 1252 1091 ἐργάζεσθαι
1306 1020 1372 1072 τὰ
1422 1022 1550 1094 ἧογα
1607 1019 1721 1092 (85)

116 1106 185 1156 τὰ
214 1100 525 1159 δεικνύοντα
553 1125 617 1178 με
646 1109 765 1160 Υὶόν
797 1115 884 1159 τοῦ
918 1112 1140 1183 Πατρὸς,
1183 1113 1273 1161 καὶ
1312 1112 1425 1162 ἴσον
1468 1118 1541 1181 τῷ
1584 1117 1717 1180 Θεῷ.

114 1191 237 1266 Ἐμὲ
292 1199 404 1269 χρὴ
463 1204 709 1271 φανεροῦν
748 1197 991 1269 ἐμαυτὸν,
1051 1199 1121 1260 ὡς
1171 1197 1549 1272 φιλάνθρωπον,
1617 1199 1719 1267 ἵνα,

117 1278 214 1336 διὰ
262 1292 366 1336 τῶν
416 1287 662 1337 τοιούτων
701 1288 861 1362 ἔργων
907 1290 1392 1361 χειραγωγούμενοι
1449 1291 1578 1362 πρὸς
1628 1292 1722 1346 τὴν

116 1372 192 1434 εἰς
218 1372 315 1446 ἔμε
344 1378 524 1427 πίστιν
555 1377 605 1427 οἱ
630 1376 913 1450 ἄνθρωποι,
955 1381 1025 1448 μὴ
1073 1375 1385 1430 ἀπόλωνται.
1420 1378 1576 1449 Ἐμοῦ
1618 1381 1719 1453 γὰρ

117 1461 613 1534 ἇνανθρωπήσαντος
643 1460 898 1518 ἀδύνατον
927 1467 1162 1524 σωθῆναί
1183 1485 1301 1519 τινα
1329 1466 1530 1542 ἑτέρως,
1576 1467 1619 1520 εὶ
1646 1472 1718 1541 μὴ

118 1546 215 1604 διὰ
244 1559 344 1614 τῆς
373 1551 446 1616 εἰς
475 1551 562 1626 ἐμὲ
591 1557 829 1616 πίστεως.

1832 484 2038 539 vident
2075 484 2213 540 circi
2240 484 2406 541 ﬁant.
2441 486 2727 544 Praeterea
2763 494 2817 545 et
2873 489 3088 547 Paulus
3139 493 3283 550 dicit
3323 512 3336 553 :
3370 496 3493 551 Lex

1828 573 2225 638 subintroivit,
2250 582 2312 630 ut
2336 575 2659 632 abundaret
2679 578 2959 636 delictum
2978 580 3063 648 83;
3097 596 3293 654 neque
3325 585 3484 640 enim

1830 668 2070 734 prOpter
2094 662 2208 719 hoc
2240 664 2638 735 subintroivit,
2671 666 2777 724 sed
2800 667 3059 742 aitquod
3097 669 3483 728 subsecutum

1830 756 1936 816 est,
1965 760 2029 806 ut
2064 752 2385 810 abundaret
2423 754 2718 823 delictum,
2773 762 2830 813 et
2878 758 3067 815 multa
3115 759 3485 831 hujusmodi.

1832 838 2138 912 Siquidem
2161 845 2217 897 et
2237 842 2352 899 hoc
2375 843 2694 916 Scripturaa
2718 845 2944 903 idioma
2958 852 3068 914 est,
3084 847 3489 923 loquendique

1827 930 2178 999 proprietas.

1903 1018 2061 1074 Vers.
2117 1022 2170 1074 4.
2207 1018 2302 1077 He
2341 1050 2411 1061 —
2458 1036 2570 1078 me.
2603 1022 2694 1078 Me
2741 1028 2976 1096 oportet
2999 1027 3234 1099 operari
3282 1043 3485 1100 opera,

1829 1122 1958 1176 quae
1990 1122 2086 1162 me
2118 1108 2298 1164 Patris
2322 1125 2458 1167 esse
2487 1110 2700 1168 Filium
2735 1114 3057 1170 ostendant
3095 1120 3151 1171 et
3194 1117 3489 1188 aequalem

1832 1196 1972 1262 Deo;
1997 1212 2091 1252 me
2108 1202 2343 1270 oportet
2365 1199 2748 1258 manifestare
2770 1203 3270 1277 meipsum,quod
3300 1205 3491 1263 homi-

1830 1299 1975 1341 num
1994 1285 2105 1342 sim
2134 1294 2387 1353 amator,
2422 1288 2771 1347 uthomines
2795 1307 2898 1363 per
2919 1293 3271 1365 hujusmodi
3304 1311 3490 1366 opera

1830 1373 1907 1429 ad
1937 1373 2142 1441 ﬁdem,
2176 1393 2306 1448 quae
2347 1377 2409 1433 in
2459 1394 2554 1435 me
2584 1385 2691 1445 est,
2743 1382 2993 1448 attracti,
3039 1399 3159 1439 non
3217 1390 3489 1455 pereant.

1830 1464 2331 1537 Quandoquidem
2350 1468 2510 1523 enim
2526 1484 2768 1525 carnem
2785 1472 3102 1542 assumpsi,
3116 1472 3491 1545 impossibile

1829 1555 1921 1607 est
1949 1568 2052 1607 eos
2083 1553 2250 1610 aliter
2288 1554 2489 1613 salvos
2528 1556 2669 1619 ﬁeri,
2713 1558 2826 1615 nisi
2857 1575 2965 1632 per
2994 1560 3199 1629 tidem,
3241 1564 3384 1634 quia
3428 1562 3486 1617 in

1832 1657 1929 1697 me
1952 1641 2211 1699 credent.

187 1729 328 1792 Ἕως
364 1733 536 1805 ἡμέρα
584 1730 743 1787 ἔστιν.
797 1731 925 1795 Ἐως
976 1734 1003 1787 6
1031 1740 1210 1808 παρὼν
1262 1733 1388 1787 αἰών
1419 1734 1579 1802 ἐστιν,
1635 1738 1724 1798 ἕως

1905 1731 2066 1787 Vers.
2112 1736 2163 1788 4.
2216 1733 2406 1791 Donec
2441 1735 2562 1792 dies
2603 1744 2707 1793 est.
2770 1738 2962 1795 Donec
3012 1754 3270 1810 praesens
3312 1740 3488 1797 durat

114 1820 142 1870 6
344 1820 493 1881 οὗτος
536 1826 872 1893 συνέστηκεν,
920 1823 1008 1885 ἕως
1067 1823 1237 1887 ἔξεστι
1283 1831 1389 1886 τοῖς
1438 1824 1727 1900 ἀνθρώποις

114 1907 462 1980 ἐργάζεσθαι.
1118 1918 1121 1920 ’

186 1997 455 2072 ⁵ἰἰρχεται
528 2030 598 2039 -
681 1999 1016 2073 ἐργάζεσθαι.
1102 2000 1358 2078 Ἔρχεται
1433 2005 1460 2056 6
1535 2005 1726 2077 μελλων

111 2087 271 2157 αἰὼν,
304 2089 391 2141 ὅτε
441 2083 615 2151 οὐδεὶς
646 2084 867 2142 δύναται
921 2089 1237 2163 ἐργάζεσθαι
1264 2095 1321 2145 τὸ
1351 2095 1609 2147 πιστεύειν
1660 2094 1728 2156 εἰς

282 2178 573 2250 Ἐργασίας
626 2180 726 2252 γὰρ
763 2179 791 2231 6
842 2184 1021 2252 παρὼν
1078 2185 1256 2255 καιρός
1290 2201 1302 2214 ·
1355 2182 1382 2234 6
1426 2178 1486 2236 δὲ
1534 2182 1728 2256 μέλλων

114 2262 548 2330 ἀνταποδόσεως.
597 2265 720 2319 Ὀτι
772 2264 832 2321 δε
901 2266 1151 2341 ἐργασίαν
1220 2268 1442 2324 ἐνταῦθα
1491 2276 1586 2330 τὴν
1636 2280 1728 2325 τοῦ

112 2357 391 2408 πιστεύειν
417 2353 573 2427 λέγει,
608 2351 768 2415 δῆλον
793 2354 895 2409 ἀπὸ
920 2363 1012 2409 τοῦ
1042 2357 1202 2411 εἰπεῖν
1231 2357 1422 2429 ὀπίσω,
1455 2361 1535 2412 ὃτι
1563 2367 1728 2414 Τοῦτό

113 2443 228 2497 ἔστι
252 2448 315 2497 τὸ
346 2446 499 2517 ἔργον
523 2452 617 2498 τοῦ
640 2452 795 2509 Θεοῦ,
816 2447 901 2498 ῖνα
923 2450 1243 2507 πιστεύσητε
1267 2449 1339 2511 εἰς
1362 2448 1415 2501 ὃν
1434 2447 1728 2503 ἀπέστειλεν

114 2532 311 2597 Enim;
320 2576 335 2588 .

181 2622 247 2677 ὀ
278 2626 377 2696 μὲν
414 2621 504 2677 οὖν
542 2626 771 2697 Χριστὸς
824 2626 1020 2701 ἡμέραν
1069 2628 1159 2699 μὲν
1203 2625 1411 2681 ἐκάλεσε
1462 2631 1550 2681 τὸν
1597 2648 1725 2704 παρ·

111 2716 240 2766 οντα
310 2712 483 2765 αἰῶνα
545 2709 641 2767 διὰ
702 2716 761 2766 τὸ
826 2712 1026 2787 ἄνεργον
1050 2732 1064 2745 ’
1134 2715 1248 2788 (86)
1308 2718 1471 2769 νύκτα
1523 2713 1583 2770 δὲ
1643 2720 1729 2770 τὸν

114 2801 382 2874 pmori-et
418 2798 515 2856 διὰ
550 2806 609 2856 τὸ
637 2801 858 2878 ἀεργὸν·
913 2805 940 2856 6
990 2800 1050 2857 δε
1093 2804 1207 2878 (87)
1255 2805 1457 2868 Παῦλος
1512 2806 1729 2859 τούναν-

111 2896 226 2945 τίον
288 2894 457 2947 νύκτα
610 2896 699 2945 τὸν
741 2896 974 2966 παρόντα
1020 2894 1182 2946 αἰῶνα
1235 2890 1329 2947 διὰ
1387 2899 1480 2954 τὴν
1531 2894 1730 2954 πλάνην

106 2984 204 3034 καὶ
260 2986 363 3040 τὴν
402 2982 615 3052 ἄγνοιαν
661 2986 751 3034 καὶ
806 2986 864 3035 τὸ
914 2986 1101 3045 σκότος
1146 2991 1246 3035 τῶν
1293 2985 1493 3050 παθῶν,
1532 2986 1728 3058 ἡμέραν

1838 1820 2355 1888 saeculum,donec
2394 1826 2512 1881 vita
2535 1825 2660 1882 haec
2704 1826 3194 1895 consistit,donec
3228 1829 3489 1885 homini-

1837 1908 1951 1965 bus
1982 1915 2216 1982 operari
2242 1913 2605 1970 conceditur.

1908 2001 2065 2054 Vers.
2097 2003 2151 2056 4.
2183 2001 2340 2057 Venit
2363 2033 2432 2045 -—
2465 2006 2714 2076 operari.
2743 2005 2913 2062 Venit
2946 2006 3212 2063 futurum
3240 2007 3489 2064 retribu-

1837 2087 2012 2144 tionis
2049 2090 2360 2146 saeculum.
2421 2094 2591 2159 Quod
2637 2098 2839 2150 autem
2879 2097 3288 2167 operationem
3329 2096 3490 2153 dicat

1836 2175 1954 2240 hic,
1985 2193 2107 2249 qua
2137 2179 2198 2233 in
2246 2180 2443 2252 ipsum
2497 2182 2851 2249 crederetur,
2884 2200 2957 2240 ex
3005 2201 3077 2241 eo
3107 2185 3487 2241 manifestum

1837 2267 2113 2338 estquod
2150 2270 2647 2341 superiusdixerit
2682 2288 2695 2327 :
2723 2272 2847 2330 Hoc
2877 2280 3105 2346 estapus
3129 2274 3253 2339 Dei.
3281 2281 3345 2330 ut
3368 2290 3490 2332 cre—

1836 2354 1983 2413 datis
2019 2356 2083 2413 in
2103 2372 2230 2415 eum
2260 2374 2421 2431 quem
2442 2360 2546 2417 ille
2564 2361 2720 2417 misit
2752 2361 2821 2417 ⁸⁸.

1908 2623 2172 2680 Christus
2188 2641 2451 2701 namque
2469 2643 2729 2699 praesens
2743 2628 3031 2685 saeculum
3051 2629 3280 2686 vocavit
3304 2630 3487 2699 diem,

1837 2727 1909 2769 eo
1930 2713 2096 2785 quod
2134 2718 2468 2788 operationi
2508 2721 2719 2790 aptum
2750 2723 2841 2775 est
2879 2737 2891 2777 :
2919 2718 3184 2775 futurum
3218 2734 3360 2775 vero
3390 2735 3491 2776 no-

1838 2807 2013 2866 ctem,
2040 2803 2186 2874 quia
2211 2805 2269 2860 in
2310 2820 2381 2862 eo
2420 2822 2540 2862 non
2581 2807 2722 2862 ﬁent
2757 2822 2960 2879 opera.
3023 2805 3243 2862 Paulus
3286 2810 3488 2862 autem

1836 2906 1867 2946 e
1900 2890 2133 2948 diverso
2176 2900 2413 2950 noctem
2456 2894 2603 2950 dixit
2645 2911 2907 2967 prmsens
2937 2894 3223 2951 saeculum
3255 2899 3490 2967 propter

1836 2996 2097 3037 errorem
2142 2988 2198 3038 et
2228 2982 2627 3054 ignorantiam
2669 3000 2741 3040 ac
2780 2984 3052 3039 tenebras
3089 2974 3513 3057 perturbatio-1

109 3066 172 3123 δί
203 3074 299 3124 τὸν
326 3069 582 3143 μελλοντα
612 3068 708 3124 διὰ
735 3073 795 3123 τὸ
812 3067 979 3144 μηδὲν
1005 3074 1146 3143 ἔχειν
1176 3075 1370 3125 τούτων
1396 3091 1408 3103 '
1433 3079 1565 3146 φησί
1583 3077 1685 3150 γὰρ
1709 3089 1723 3104 ⁵

1843 3085 1983 3126 num
2014 3070 2239 3139 animi;
2279 3072 2441 3129 diem
2482 3089 2635 3144 vero,
2687 3072 2976 3139 futurum,
3008 3089 3081 3129 eo
3127 3072 3289 3146 quod
3343 3072 3488 3129 nihil

104 3161 164 3213 ’Β
193 3160 296 3223 νὺξ
326 3159 639 3235 προέκοψεν,
671 3161 702 3219 ἠ
733 3156 791 3214 δὲ
818 3162 988 3237 ἡμέρα
1015 3165 1253 3234 ἤγγικεν.

175 3336 353 3391 Ὅταν
418 3367 487 3377 —
540 3339 764 3409 κόσμου.
823 3341 922 3391 Καὶ
980 3341 1091 3411 χρὴ
1146 3340 1262 3399 τοὺς
1327 3340 1726 3411 ἑσκοτισμένους

103 3426 445 3497 φωτίζεσθαι
493 3422 589 3479 διὰ
627 3430 868 3492 πίστεως,
918 3430 1018 3498 πρὸ
1047 3434 1137 3479 τοῦ
1182 3426 1472 3500 μεταϐῆναι
1519 3447 1582 3500 με
1625 3427 1726 3481 ἀπὸ

103 3523 199 3568 τοῦ
237 3520 475 3587 κόσμοῦ.
509 3520 609 3568 Καὶ
652 3513 701 3567 έν
747 3523 820 3586 τῷ
866 3512 1312 3588 πεντεκαιδεκάτῳ
1361 3513 1421 3569 δὲ
1466 3516 1725 3589 κεφαλαίῳ

101 3604 441 3676 πλατύτερον
470 3608 589 3679 περὶ
616 3606 802 3658 τούτου
828 3604 980 3676 λέγει.
1036 3610 1099 3659 Ti
1155 3602 1243 3657 οὖν
1268 3622 1281 3672 ;
1332 3604 1382 3658 ἕν
1425 3614 1494 3677 τῷ
1525 3606 1725 3681 οὐρανῷ

99 3694 170 3747 ὧν
200 3694 306 3747 οὐκ
339 3695 459 3745 ἔστι
504 3701 605 3765 φῶς
643 3701 734 3746 τοῦ
764 3697 1005 3765 κόσμους
1053 3692 1233 3748 Ἐστιν
1258 3711 1270 3724 ’
1306 3693 1436 3747 ἀλλὰ
1475 3702 1563 3747 νῦν
1607 3702 1725 3769 περὶ

99 3792 196 3845 τῆς
239 3783 293 3834 ἐν
341 3788 411 3854 τῇ
447 3781 561 3853 (88)
608 3789 674 3854 γῇ
726 3777 1006 3855 διατριϐῆς
1047 3783 1207 3836 αὐτοῦ
1256 3803 1434 3856 φησιν,
1492 3783 1602 3856 ἅμα
1633 3788 1723 3857 μὲν

96 3873 527 3946 προτρεπόμενος
579 3867 653 3931 εἰς
723 3873 903 3922 πίστιν
977 3868 1089 3942 οἶμα
1140 3866 1201 3923 δὲ
1251 3874 1338 3924 τὸν
1389 3872 1510 3923 ὅσον
1581 3874 1724 3924 οὔπω

97 3962 337 4013 Θάνατον
371 3957 533 4012 αὐτοῦ
561 3954 899 4032 παραδηλῶν.

168 4055 371 4102 Ταῦτα
427 4047 581 4100 εἰπὼν
636 4078 707 4089 -
760 4047 973 4121 τυφλοῦ.
1033 4052 1182 4101 Διατί
1246 4052 1319 4122 μὴ
1370 4056 1504 4121 χοῦν
1568 4052 1722 4122 μόνον

90 4136 280 4191 λακὼν
336 4135 622 4209 ἕπέχρίσε;
676 4141 821 4192 Διὸτι
890 4138 918 4191 6
964 4144 1100 4209 χοῦς
1156 4139 1275 4191 ἄνευ
1347 4137 1511 4211 ύγροῦ
1584 4157 1723 4200 τινος

90 4227 196 4280 οὐκ
226 4227 565 4299 ἐπιχρίεται.
608 4231 708 4281 Καὶ
735 4223 884 4280 διατι
912 4226 1019 4298 οὐχ
1047 4224 1226 4299 ὕδατι,
1274 4226 1404 4280 ἀλλὰ
1449 4229 1723 4301 πτύσματι

87 4316 272 4377 πηλὸν
302 4314 592 4384 incinat»;
630 4313 742 4369 Ἰνα
763 4323 835 4387 τῷ
889 4319 1159 4390 πτύσματι
1204 4314 1462 4392 ἐπιγραφῇ
1520 4317 1636 4390 (89)
1663 4321 1722 4371 τὸ

86 4410 309 4481 θαῦμα.

166 4500 283 4551 Καὶ
350 4524 427 4536 —
477 4493 701 4567 Σιλωάμ.
761 4492 1041 4565 Νίψασθαι
1096 4497 1186 4568 μεν
1241 4493 1456 4565 κελεύει,
1515 4491 1722 4556 δεικνύς

78 4590 171 4640 ὅτι
217 4585 286 4640 ού
332 4588 527 4657 χρείαν
566 4579 680 4657 εἶχε
734 4590 825 4636 τοῦ
881 4588 1044 4655 χοός·
1102 4582 1208 4637 ἀλλ’
1253 4583 1520 4658 ἐχρήσατο
1550 4587 1719 4657 τούτῳ

76 4679 231 4751 πρὸς
258 4676 325 4727 τὸ
370 4668 594 4736 διδάξαι
620 4676 794 4745 μόνον,
841 4675 922 4725 ὅτι
952 4672 1110 4735 αύτός
1152 4671 1292 4726 ἐστιν
1322 4674 1349 4725 6
1400 4671 1516 4725 κατ’
1548 4671 1719 4747 ἀρχὰς

77 4768 137 4821 ἐκ
171 4768 330 4840 χοὸς
359 4761 565 4823 πλάσας
595 4765 651 4815 τὸ
701 4770 856 4835 σῶμα
899 4768 991 4814 τοῦ
1037 4758 1232 4834 Ἀδάμ.
1282 4760 1613 4816 ’Δποστελλει
1658 4758 1718 4814 δε

75 4858 260 4912 αὐτὸν
320 4852 403 4915 εἰς
452 4856 547 4911 τὴν
591 4849 959 4927 κολυμϐήθραν
1011 4858 1102 4903 τοῦ
1151 4850 1354 4925 Σιλωὰμ
1405 4850 1581 4927 πόρῥω
1633 4847 1716 4903 οὗ·

74 4967 213 5015 σαν,
283 4944 378 4996 ἵνα
426 4948 555 5014 φανῇ
610 4942 641 5000 ἡ
695 4945 874 5002 πίστις
923 4943 1014 4992 καὶ
1066 4939 1324 4993 εὐπείθεια
1368 4948 1460 4993 τοῦ
1500 4939 1713 5010 τυφλοῦ.

73 5031 245 5090 Ο-ἇδὶ
278 5034 394 5107 γὰρ
442 5029 646 5105 ὑποψία
686 5048 762 5092 τις
813 5025 894 5098 ἦν,
952 5030 1033 5083 ὅτι
1086 5030 1116 5089 ἡ
1178 5027 1517 5104 κολυμϐήθρα
1562 5030 1713 5102 θερα-

152 5216 213 5251 ⁸δ
256 5215 441 5270 Rom.
469 5226 524 5280 v,
559 5212 647 5267 20.
724 5210 772 5247 “
805 5211 974 5268 Joan.
1007 5224 1087 5277 γι,
1118 5211 1206 5266 29.
1286 5209 1332 5244 ⁸⁷
1366 5210 1533 5265 Rom.
1563 5225 1681 5280 xui,
1719 5212 1802 5265 1'2.

1836 3159 2052 3216 horum
2080 3161 2339 3218 habebit.
2370 3162 2464 3217 Ait
2483 3162 2633 3218 enim
2666 3179 2679 3218 ε
2721 3164 2862 3221 Nox
2892 3163 3206 3235 praecessit,
3238 3163 3363 3219 dies
3383 3178 3488 3219 au-

1837 3254 1951 3305 tem
1977 3252 2465 3324 appropinquavit
2490 3252 2559 3307 ⁸⁷.

1906 3338 2070 3394 Vers.
2097 3340 2153 3395 5.
2189 3340 2470 3408 Quandiu
2494 3371 2564 3380 -
2591 3341 2808 3397 mundi.
2853 3341 2917 3397 Et
2945 3355 3069 3405 eos,
3114 3340 3219 3414 qui
3247 3339 3489 3397 obtene—

1834 3424 1989 3482 brati
2010 3432 2167 3498 sunt,
2186 3432 2417 3500 oportet
2437 3427 2757 3484 illuminari
2796 3428 3116 3501 perﬁdem,
3135 3429 3486 3502 priusquam

1836 3530 1872 3570 ει
1902 3516 2132 3572 mundo
2170 3523 2494 3573 transeam.
2528 3517 2774 3574 Decimo
2815 3518 3020 3590 quinto
3066 3523 3264 3575 autem
3298 3517 3486 3590 capite

1834 3602 2010 3661 latius
2040 3607 2110 3662 de
2142 3606 2256 3664 hoc
2280 3607 2563 3680 loquitur.
2598 3606 2752 3673 Quid
2767 3623 3087 3678 ergo,cum
3115 3606 3175 3662 in
3201 3606 3352 3663 caelo
3377 3609 3484 3670 est,

1835 3709 1955 3750 non
1977 3702 2064 3751 est
2081 3696 2181 3752 lux
2199 3695 2456 3752 mundi?
2478 3699 2575 3753 Est
2591 3698 2817 3770 utique,
2841 3697 2946 3752 sed
2966 3712 3125 3753 nunc
3144 3696 3219 3752 de
3239 3711 3485 3752 conver-

1833 3783 2062 3839 satione
2093 3785 2279 3841 suain
2304 3790 2459 3842 terra
2489 3785 2650 3855 dicit,
2678 3785 2856 3841 simul
2882 3790 2939 3843 et
2960 3786 3038 3842 ad
3059 3785 3244 3841 tidem
3273 3784 3490 3841 adhor-

1836 3877 1988 3942 tans,
2005 3880 2062 3929 et
2078 3875 2483 3948 propinquam
2500 3890 2631 3931 esse
2657 3880 2910 3932 mortem
2926 3891 3101 3931 suam
3116 3873 3484 3946 signiﬁcans.

1903 4051 2061 4105 Vers.
2088 4052 2145 4105 6.
2187 4051 2290 4106 His
2328 4051 2505 4109 dictis
2531 4081 2597 4092 —
2620 4052 2766 4108 casei.
2808 4052 3014 4117 Quare
3050 4050 3247 4107 solum
3285 4049 3485 4122 pulve-

1830 4153 1956 4194 rem
1999 4144 2298 4211 sumptum
2329 4154 2449 4196 non
2479 4139 2662 4196 illevit
2689 4140 2717 4196 ‘2
2747 4139 2896 4205 Quia
2933 4138 3098 4194 solus
3142 4137 3335 4210 pulvis
3360 4138 3486 4194 sine

1831 4225 2034 4299 aliquo
2076 4227 2329 4284 humore
2376 4243 2497 4283 non
2526 4226 2746 4283 linitur.
2800 4229 2865 4282 Et
2896 4242 3083 4299 quam
3113 4226 3188 4282 ob
3234 4240 3483 4281 causam

1831 4321 2007 4388 sputo
2029 4321 2085 4372 et
2110 4331 2231 4371 non
2253 4332 2413 4388 aqua
2446 4315 2637 4371 lutum
2666 4314 2801 4371 fecit
2822 4316 2849 4371 τι)
2882 4317 2949 4371 Ut
2987 4319 3163 4388 sputo
3187 4312 3484 4370 adscribe-

1830 4410 1992 4462 retur
2020 4404 2400 4461 miraculum.

1906 4496 2063 4551 Vers.
2117 4494 2173 4549 7.
2230 4495 2398 4551 Ει-
2429 4493 2588 4551 siloe.
2647 4493 2853 4550 Lavari
2896 4491 3091 4565 jubet,
3160 4489 3483 4548 ostendens

1828 4584 1992 4657 quod
2014 4583 2178 4639 nulla
2210 4582 2284 4639 sit
2315 4583 2574 4656 pulveris
2594 4583 2920 4639 necessitas
2952 4599 2966 4637 :
3001 4581 3109 4637 sed
3134 4597 3207 4640 eo
3228 4595 3374 4635 usus
3392 4583 3485 4636 est

1827 4675 2044 4739 solum,
2078 4679 2141 4729 ut
2182 4673 2457 4729 ostendat
2487 4689 2547 4729 se
2588 4687 2735 4738 esse,
2791 4671 2893 4743 qui
2938 4672 3011 4727 ab
3050 4670 3217 4727 initio
3264 4684 3486 4741 corpus

1826 4763 2018 4819 Adam
2050 4762 2126 4819 de
2192 4763 2431 4834 pulvere
2462 4760 2758 4817 formavit.
2801 4760 2967 4817 Mittit
2995 4766 3196 4817 autem
3237 4775 3374 4815 eum
3405 4760 3482 4815 ad

1827 4852 2123 4925 piscinam
2161 4851 2333 4919 Siloe,
2368 4867 2502 4923 quae
2532 4849 2706 4919 longe
2732 4848 3011 4916 distabat,
3057 4854 3118 4905 ut
3172 4853 3485 4922 appareret

1825 4939 1976 4994 ﬁdes
2005 4956 2075 4996 ac
2106 4945 2386 5014 prompta
2406 4936 2893 4995 casciobedientia
2916 4956 2929 5006 ;
2954 4952 3146 5009 neque
3168 4936 3327 4993 enim
3364 4934 3483 4992 ulla

1826 5034 1953 5085 erat
1990 5029 2356 5103 apparentia,
2380 5026 2547 5102 quod
2562 5024 2795 5100 piscina
2821 5024 2989 5082 illum
3011 5029 3477 5083 essetcuratura.

1188 5413 1410 5487 Variae
1455 5413 1785 5484 lectiones
1822 5423 1885 5482 et
1915 5419 2118 5482 notae.

139 5566 290 5639 (84)
330 5556 570 5639 Inclusa
591 5558 1039 5639 exciderunt}...

178 5628 296 5703 85)
337 5636 447 5685 Τοῦ
470 5629 773 5704 πέμψαντός
808 5648 872 5703 με
901 5628 1067 5687 addit
1096 5629 1163 5688 A.

178 5639 296 5703 85)
337 5639 447 5685 Τοῦ
470 5639 689 5704 πέμψαν

143 5639 295 5783 ἱεϐ)
336 5705 413 5758 Τό
444 5704 597 5778 ἔργον
626 5708 689 5759 Α.

1922 5626 2011 5700 88)
2038 5634 2113 5700 Τῇ
2146 5627 2312 5685 abest
2340 5630 2407 5684 Α.

1920 5557 2012 5615 87)
2036 5558 2128 5610 Διὰ
2146 5558 2243 5615 τὴν
2276 5550 2649 5610 ἀνταπόδοσιν.
2678 5551 2738 5606 Ὀ
2766 5549 2825 5607 6's
2852 5557 2916 5611 Α.

1920 5557 1985 5611 87
2036 5558 2128 5610 Διὰ
2146 5558 2243 5615 τὴν
2276 5556 2413 5608 ἁντατ

1894 5556 2012 5774 ἕω)
2036 5634 2113 5718 ςΓῇ
2146 5627 2312 5685 abest
2340 5630 2407 5684 Α.

1921 5699 1988 5756 89
2054 5705 2321 5774 Επιτραφῇ
2356 5704 2413 5752 Β.
