4038 6226
636 237 765 292 1311

636 366 816 418 πεύσει
876 364 1048 420 αὐτόν.
1118 364 1321 420 Πολλῶν
1404 368 1502 441 γὰρ
1566 367 1896 425 χαθεχάστην
1985 365 2089 421 ἐκεῖ
2145 371 2235 420 καὶ

640 474 735 508 σου
764 460 903 518 τινὸς
927 458 1037 527 (90)
1061 455 1382 527 ἀπαλλαγήν.

708 546 869 599 Vers.
904 548 955 599 7.
978 546 1145 612 Quod
1172 576 1232 586 -
1264 548 1491 601 missus.
1523 546 1693 612 Quod
1734 546 2101 602 vocabulum
2128 546 2286 603 Siloe
2317 548 2361 601 Α

636 634 923 699 videlicet,
943 634 1104 705 quod
1121 640 1207 690 est
1223 636 1583 699 Hebraicum,
1610 637 2095 708 interpretatione
2115 641 2288 693 sonat

635 724 879 777 missus:
911 723 1060 792 ideo,
1096 730 1157 779 ut
1178 725 1411 795 opinor,
1433 726 1591 797 quod
1614 733 1751 781 tunc
1777 742 1966 780 caecus
1991 726 2089 781 illo
2116 725 2289 781 fuerit

635 810 856 865 missus
884 813 1325 883 ;praasignabat
1343 830 1605 886 namque
1628 814 1867 886 piscinae
1892 814 2286 887 appellatioid

632 900 798 971 quod
828 900 1084 956 futurum
1121 909 1263 958 erat.

704 990 867 1045 Vers.
894 991 948 1044 7.
972 992 1133 1047 Abiit
1154 1023 1218 1033 —-
1241 993 1462 1048 videns.
1491 992 1644 1048 Abiit
1666 993 1807 1048 nihil
1844 993 2151 1059 haesitans,
2183 993 2288 1048 sed

636 1080 945 1135 confestim
1018 1081 1326 1136 obediens.
1384 1082 1559 1153 Atqui
1617 1082 2017 1137 verisimiliter
2092 1083 2288 1138 dicere

636 1173 863 1241 poterat
894 1170 1075 1235 :Quid
1111 1170 1222 1225 hoc
1245 1171 1357 1226 sibi
1379 1172 1496 1227 vult
1522 1171 1549 1225 ?
1581 1187 1699 1226 non
1724 1172 1913 1243 potuit
1941 1188 2035 1227 me
2056 1173 2288 1228 curare?

632 1273 779 1313 num
832 1257 1099 1315 fortassis
1142 1260 1333 1315 illudit
1364 1277 1479 1327 me,
1528 1261 1861 1332 frustraque
1895 1262 2111 1317 mittit?
2143 1278 2285 1316 nam

633 1348 968 1420 frequenter
997 1348 1077 1403 ibi
1125 1349 1297 1413 lotus,
1333 1350 1474 1405 nihil
1510 1350 1712 1421 accepi
1744 1350 2031 1405 utilitatis.
2066 1354 2209 1405 Item
2234 1358 2288 1406 et

636 1437 802 1492 aliter
834 1453 845 1490 :
894 1437 949 1493 Si
980 1438 1245 1493 futurum
1300 1443 1405 1507 est,
1442 1444 1503 1494 ut
1550 1440 1741 1495 lutum
1792 1456 1885 1494 me
1916 1444 2104 1509 sanet,
2142 1440 2284 1512 quid

636 1541 786 1597 opus
827 1530 931 1590 est,
960 1530 1022 1580 ut
1044 1527 1102 1582 in
1136 1529 1289 1583 dicta
1315 1528 1543 1599 piscina
1580 1528 1742 1583 laver
1770 1528 1798 1584 ?
1826 1529 1876 1582 si
1906 1544 2048 1583 vero
2074 1528 2173 1584 illa
2200 1545 2286 1583 me

636 1619 913 1670 curatura
944 1621 1052 1679 est,
1085 1633 1219 1688 quas
1260 1616 1365 1673 fuit
1396 1617 1499 1672 luti
1550 1618 1873 1672 necessitas
1903 1618 1930 1673 ?
1972 1618 2085 1673 Sed
2141 1617 2287 1673 nihil

632 1703 975 1775 hujusmodi
1000 1712 1103 1760 aut
1132 1706 1296 1773 dixit,
1325 1712 1427 1761 aut
1457 1708 1735 1776 cogitavit
1768 1724 1779 1760 :
1812 1707 1915 1761 sed
1940 1706 2288 1779 simpliciter

633 1794 900 1858 credens,
916 1795 1079 1866 quod
1094 1811 1164 1850 ea
1181 1812 1310 1867 quae.
1325 1796 1401 1850 ad
1420 1796 1671 1851 salutem
1689 1812 1859 1851 suam
1878 1797 2283 1863 convenirent,

2324 371 2636 441 νιπτομένων

1985 237 2332 294 EUTHYMII
2380 238 2718 298 ZIGABENI
3758 252 3852 307 13B

2730 372 2818 421 καὶ
2897 367 3204 443 λουομένων,
3289 366 3446 433 οὐδεὶς
3508 373 3605 445 εὗρέ
3673 394 3764 428 ποτε
3803 399 3853 429 νου

2466 546 2531 600 Ὀ
2592 578 2660 588 —-
2707 546 3105 621 ἀπεσταλμένος.
3174 549 3328 623 Ὀπερ
3402 554 3560 623 ὄνομα,
3618 558 3665 605 τὸ
3718 555 3854 625 Edwin

2399 633 2659 700 δηλονότι,
2717 636 2987 711 Ἐϐραῐκόν
3063 643 3135 703 ἄν,
3194 639 3497 713 ἑρμηνεύεται
3560 640 3853 713 inmanium;
3942 694 3945 701 λ

2398 724 2562 799 Οἶμαι
2593 724 2686 779 διὰ
2728 731 2815 780 τὸν
2860 727 3239 801 ἀπεσταλμένον
3270 728 3368 781 ἐκεῖ
3412 734 3515 781 τότε
3556 731 3723 801 τυφλόν.
3757 740 3856 803 Προι-

2399 813 2561 875 δήλου
2590 820 2691 890 γὰρ
2728 819 2757 875 ἠ
2793 826 2888 879 τῆς
2912 817 3144 891 κολυμϐἠ
3156 820 3274 893 θρας
3297 818 3467 881 κλῆσις
3490 824 3538 870 τὸ
3561 819 3722 891 μέλλον.

2467 994 2720 1053 Ἀπῆλθεν
2804 1026 2867 1036 --
2931 994 3152 1068 βλέπων.
3237 996 3447 1055 Ἀπῆλθε
3523 1018 3585 1069 μη
3657 995 3859 1069 διακριθεὶς

2396 1083 2519 1144 ὅλως
2567 1082 2677 1135 ἀλλ’
2723 1084 2903 1145 εὐθέως
2955 1087 3281 1155 ὑπακούσας,
3325 1092 3484 1138 καίτοι
3509 1088 3626 1149 εἰκὸς
3668 1085 3713 1145 ἒν
3744 1089 3861 1141 εἰπεῖν.

2395 1178 2458 1225 Τί
2485 1181 2639 1225 τουτο
2690 1172 2959 1245 βούλεται,
3000 1176 3094 1227 οὐχ
3151 1172 3374 1233 ἠδύνατο
3428 1176 3561 1236 αὐτὸς
3604 1178 3859 1249 θεραπεύσεις

2396 1268 2597 1333 μήποτε
2678 1263 2846 1333 πλανᾷ
2920 1283 2985 1337 με
3044 1270 3133 1317 καὶ
3216 1268 3379 1336 μάτην
3442 1270 3636 1336 πέμπει·
3700 1265 3864 1323 πολλάκις

2396 1355 2496 1425 γὰρ
2538 1351 2641 1404 ἐκεῖ
2682 1352 2957 1425 νιψάμενος
2999 1350 3151 1406 ούδὶν
3197 1353 3486 1426 ἀπωνάμην,
3532 1359 3617 1407 Καὶ
3646 1354 3782 1425 ἑτέρως
3814 1350 3862 1413 δι,

2396 1441 2456 1493 Εἰ
2500 1443 2525 1492 ὁ
2580 1441 2737 1502 πηλὸς
2788 1444 3111 1515 θεραπεύσει,
3159 1449 3240 1504 τίς
3291 1446 3319 1502 ἠ
3381 1448 3527 1515 χρεία
3572 1451 3649 1495 τοῦ
3689 1442 3866 1513 νίψασθει

2398 1531 2469 1593 εἰς
2517 1536 2609 1589 τὴν
2660 1531 2930 1606 εἰρημένην
2989 1531 3469 1606 χολυμϐἠθρανςΕἰ
3508 1529 3561 1585 δὲ
3602 1531 3732 1588 ἐκείνη
3774 1534 3867 1603 θερε-

2400 1622 2597 1685 πεύσει,
2640 1626 2719 1683 τίς
2750 1622 2779 1679 ἡ
2824 1626 2984 1692 χρεία
3025 1630 3117 1673 τοῦ
3148 1622 3351 1686 malai);
3394 1621 3515 1674 Ἀλλ’
3547 1617 3672 1673 οὐδὲν
3710 1626 3865 1671 τοιοῦτον

2397 1711 2426 1768 ἦ
2485 1707 2618 1762 εἶπεν
2678 1712 2706 1769 ἡ
2763 1708 3069 1781 ἐλογίσατο·
3129 1712 3299 1772 ἁπλῶς
3329 1708 3386 1765 δὲ
3435 1714 3701 1773 πιστεύσας,
3739 1711 3796 1760 ὃτι
3830 1712 3869 1757 τὰ

2396 1802 2526 1871 πρὸς
2583 1801 2724 1851 ἴασιν
2795 1800 2955 1852 αὐτοῦ
3020 1805 3111 1852 καὶ
3189 1806 3428 1858 πεποίηκε
3495 1804 3571 1851 καὶ
3630 1796 3866 1870 προσέταξεν,

633 1886 689 1938 et
727 1882 957 1940 fecisset
1009 1890 1062 1938 et
1097 1885 1387 1955 jussisset,
1440 1885 1700 1940 obedivit
1750 1891 1806 1940 et
1848 1886 2012 1951 abiit,
2073 1892 2126 1940 et
2184 1901 2288 1957 per

2399 1885 2613 1944 ἐπείσθη
2669 1893 2757 1940 καὶ
2812 1887 3031 1953 ἀπῆλθε,
3086 1895 3175 1940 καὶ
3226 1899 3321 1949 τῆς
3374 1892 3599 1949 τοιαύτης
3630 1892 3801 1945 πίστεως
3836 1883 3869 1934 οὗ

636 1970 813 2027 talem
846 1972 1027 2028 ﬁdem
1060 1990 1179 2029 non
1236 1979 1321 2029 est
1374 1991 1484 2031 sua
1517 1991 1623 2045 spe
1660 1975 1997 2030 frustratus.

706 2061 868 2115 Vers.
904 2062 955 2116 8.
1002 2064 1197 2119 Vicini
1240 2064 1458 2135 itaque.
1509 2063 1669 2119 Vers.
1714 2066 1801 2117 11.
1835 2064 2018 2119 visum
2069 2065 2280 2132 recepi.

633 2150 783 2215 Quid
814 2150 903 2205 ais
923 2151 949 2203 ἱ)
978 2153 1163 2206 Homo
1192 2152 1326 2208 talia
1348 2152 1537 2207 facere
1556 2158 1741 2225 potest
1768 2153 1795 2206 ‘t
1826 2153 2096 2208 nondum
2130 2154 2291 2208 enim

635 2242 1039 2309 cognoscebat
1078 2258 1215 2296 eum
1253 2242 1431 2296 etiam
1452 2259 1583 2297 esse
1618 2246 1822 2297 Deum.
1864 2244 1989 2297 Non
2030 2243 2294 2299 dixitau-

634 2332 749 2382 tem
776 2343 787 2379 :
817 2326 1124 2399 Exspuitin
1156 2335 1390 2393 terram,
1417 2346 1556 2385 nam
1585 2335 1723 2385 tunc
1749 2346 1871 2385 non
1894 2332 2141 2397 viderat;
2166 2334 2290 2397 sed,

635 2418 850 2471 Lutum
886 2419 1031 2487 fecit
1064 2423 1117 2473 et
1145 2420 1386 2475 inunxit
1411 2421 1611 2475 oculos
1652 2436 1846 2486 meos;
1880 2420 1995 2476 hoc
2026 2437 2292 2494 namque

638 2510 907 2561 senserat
944 2523 1013 2563 ac
1043 2523 1218 2563 sensu
1251 2512 1443 2563 tactus
1477 2515 1861 2577 cognoverat.

704 2595 815 2649 Sed
848 2596 1009 2652 unde
1048 2597 1273 2665 didicit,
1298 2598 1455 2669 quod
1477 2601 1645 2653 Jesus
1676 2598 1972 2655 diceretur
1999 2599 2027 2653 ‘t
2052 2601 2295 2656 Interro-

635 2684 797 2754 gavit
827 2686 1034 2756 procul
1082 2686 1267 2742 dubio
1306 2703 1409 2743 eos
1440 2688 1542 2758 qui
1572 2693 1708 2741 tunc
1741 2694 2065 2759 praesentes
2096 2694 2288 2745 erant.

635 2773 963 2830 Verisimile
984 2776 1140 2831 enim
1164 2781 1273 2838 est,
1294 2777 1457 2848 quod
1486 2778 1664 2831 etiam
1695 2777 1861 2848 prius
1881 2777 1955 2832 de
1980 2779 2283 2835 miraculis

639 2861 795 2939 illius
825 2864 1076 2919 audierit
1110 2881 1123 2931 ;
1156 2865 1289 2920 ideo
1313 2866 1491 2921 etiam
1524 2866 1932 2921 incunctanter
1962 2867 2041 2922 illi
2071 2869 2290 2939 paruit,

628 2935 718 3007 ίιιι
746 2951 968 3007 dictum
998 2956 1101 3007 est.

709 3041 869 3096 Vers.
905 3042 992 3096 12.
1044 3042 1340 3098 Dixerunt
1400 3073 1466 3083 —
1518 3043 1671 3098 itte?
1718 3043 1869 3097 Nam
1910 3044 2297 3115 requirebant

634 3129 1244 3203 llum,quiinsaniam
1266 3131 1537 3203 ipsorum
1560 3132 1904 3201 aufugerat;
1933 3138 1987 3187 et
2004 3134 2181 3206 quasi
2206 3135 2293 3207 (ιι)

633 3220 828 3276 solum
857 3218 913 3274 id
948 3219 1274 3286 audissent,
1310 3220 1666 3289 investigant
1700 3236 1862 3277 eum.

704 3308 870 3365 Vers.
905 3310 989 3364 12.
1018 3310 1139 3372 Ait,
1166 3310 1388 3366 Nescio.
1420 3310 1565 3365 Nam
1596 3326 1728 3365 cum
1752 3311 2101 3378 inunxisset,
2135 3318 2190 3369 et
2214 3313 2291 3369 ad

631 3400 925 3472 piscinam
994 3399 1155 3455 abire
1232 3400 1522 3470 iussisset,
1575 3400 1860 3457 continuo
1930 3402 2292 3459 discesserat

634 3488 871 3557 fugiens
889 3488 1169 3560 plausum
1202 3488 1276 3543 de
1306 3489 1614 3545 miraculo.

706 3578 867 3632 Vers.
903 3578 990 3633 13.
1041 3578 1372 3633 Adducunt
1421 3609 1487 3618 —
1527 3580 1689 3633 Vers.
1738 3581 1823 3634 14.
1861 3580 2083 3637 oculos.
2140 3580 2289 3636 Cum

636 3665 803 3720 illum
829 3681 949 3720 non
982 3666 1334 3733 invenirent,
1376 3668 1536 3723 hunc
1576 3668 1887 3724 adducunt
1933 3674 1993 3725 ut
2022 3669 2290 3725 demons-

639 3758 792 3809 trent
820 3755 982 3826 quod
1008 3755 1337 3811 Sabbatum
1361 3756 1619 3812 solverit.

711 3842 874 3898 Vers.
900 3844 986 3898 15.
1020 3846 1279 3900 Rursum
1315 3878 1363 3885 ο
1398 3846 1585 3903 video.
1616 3848 2285 3918 Noninterrogaverunt,

643 3932 956 3998 Quomodo
987 3933 1180 3988 visum
1232 3936 1527 4007 recepisti,
1583 3937 1686 3992 sed
1715 3938 2008 4005 Quomodo
2052 3938 2289 4007 aperuit

640 4023 841 4078 oculos
864 4028 993 4078 tuos
1014 4025 1042 4078 ?
1069 4023 1275 4079 dantes
1296 4026 1671 4081 occasionem
1706 4026 2119 4081 calumniandi
2148 4042 2287 4081 eum

640 4111 713 4166 de
758 4128 933 4184 opere
959 4112 1253 4185 prohibito
1295 4114 1515 4170 scilicet
1554 4116 1609 4169 in
1645 4115 1912 4170 Sabbato
1946 4132 1956 4168 :
1993 4117 2118 4187 ipse
2153 4132 2291 4170 vero

639 4201 815 4273 quasi
844 4202 918 4257 ad
947 4218 1049 4257 eos
1082 4203 1357 4276 loquens,
1380 4205 1481 4277 qui
1507 4205 1635 4277 jam
1670 4205 2044 4270 audiverant,
2073 4220 2295 4260 sermo-

636 4307 775 4347 nem
813 4292 1133 4347 abbreviat.

704 4382 867 4436 Vers.
912 4382 997 4435 16.
1026 4381 1307 4439 Dicebant
1339 4414 1403 4423 —
1430 4383 1720 4439 observat.
1741 4414 1809 4423 —
1835 4384 1957 4438 Non
1986 4388 2069 4439 est
2090 4398 2127 4439 a
2150 4386 2283 4449 Deo,

634 4469 852 4525 missus
882 4470 1172 4534 videlicet,
1208 4470 1316 4533 vel,
1342 4474 1467 4527 Non
1508 4477 1593 4525 est
1626 4487 1695 4527 ex
1731 4472 1869 4527 Deo.

707 4561 863 4614 Vers.
898 4560 985 4615 16.
1031 4560 1156 4615 Atii
1181 4592 1246 4601 —
1285 4576 1396 4618 eos.
1432 4564 1577 4617 Nam
1626 4561 1723 4632 qni
1749 4576 1821 4616 ex
1854 4562 1970 4616 Deo
2011 4576 2131 4617 non
2174 4567 2280 4626 est,

636 4660 707 4701 ex
743 4647 987 4704 diabolo
1018 4654 1122 4714 est,
1159 4654 1215 4705 et
1252 4650 1498 4705 omnino
1537 4655 1813 4722 peccator
1849 4655 1954 4705 est.
1983 4650 2283 4705 Dissensio

2393 4658 2483 4703 τοῦ
2540 4648 2788 4703 διαϐόλου
2852 4654 2985 4715 ἐστὶ,
3056 4655 3148 4701 καὶ
3206 4652 3413 4711 πάντως
3483 4641 3735 4721 ἁμαρτωλός

2401 1973 2708 2051 διήμαρτεν.

2474 2068 2539 2117 Oi
2588 2062 2675 2117 οὖν
2730 2070 2954 2137 γείτονες
3015 2097 3084 2106 -
3138 2064 3406 2136 ἀνέϐλεψα.
3476 2070 3533 2118 Τί
3594 2064 3756 2134 λέγειςς
3799 2059 3871 2113 ’Δνο

2404 2157 2603 2229 θρωπος
2646 2164 2863 2207 τοιαῦτα
2910 2153 3171 2223 δύναται;
3224 2159 3384 2207 Οὔπω
3433 2158 3525 2226 γὰρ
3566 2152 3779 2223 ὶγίνωσιιῠ
3816 2150 3874 2198 ατ)-

2403 2248 2489 2295 τὸν
2514 2250 2602 2296 καὶ
2634 2250 2780 2298 Θεὸν.
2830 2245 2940 2296 Οὐχ
2985 2241 3092 2297 εἶπε
3152 2242 3229 2311 δὲ,
3289 2247 3368 2296 ὅτι
3392 2244 3600 2297 Ἐπτνσε
3635 2245 3783 2312 χαμαὶ,
3810 2239 3876 2304 οὐχ

2404 2332 2537 2406 ἐώρα
2563 2336 2664 2407 γὰρ
2691 2339 2822 2398 τότε,
2866 2333 2996 2399 ἀλλ’,
3030 2336 3108 2386 ὅτι
3142 2334 3313 2391 Πηλὸν
3363 2333 3578 2399 ἐποίησε,
3612 2334 3685 2381 καὶ
3709 2328 3875 2398 hilum

2404 2442 2503 2495 μου
2528 2428 2643 2483 τοὺς
2669 2423 2983 2496 ὀφθαλμούς.
3017 2422 3247 2497 ᾞσθετο
3267 2426 3367 2497 γὰρ
3390 2427 3475 2474 καὶ
3498 2425 3610 2493 ἔγνω
3628 2426 3748 2472 τοῦτο
3770 2415 3876 2471 hri;

2405 2512 2558 2584 ἁφῆς.

2476 2601 2637 2655 Ἀλλὰ
2688 2604 2844 2654 πόθεν
2892 2604 3075 2673 ἔμαθεν
3132 2603 3211 2653 ὅτι
3273 2601 3473 2661 Ἰησοῦς
3522 2599 3721 2669 λέγεταις
3770 2593 3876 2664 Ἐρώ-

2405 2709 2532 2748 τησε
2562 2696 2676 2743 τότε
2704 2692 2817 2761 (91)
2867 2692 3070 2751 πάντως
3112 2694 3237 2751 τοὺς
3281 2695 3543 2763 παρόντας.
3574 2687 3699 2745 Εἰκὸς
3720 2686 3793 2753 γὰρ
3824 2686 3877 2728 καὶ

2406 2782 2649 2852 πρότερον
2713 2776 2916 2830 ἀκούειν
2982 2783 3100 2851 περὶ
3164 2786 3269 2829 τῶν
3320 2779 3576 2849 θαυμάτων
3637 2772 3776 2823 αὐτοῦ.
3824 2776 3876 2817 tu

2406 2873 2495 2919 καὶ
2528 2866 2838 2942 ἀπεριέργως
2868 2868 3162 2925 ὑπήκουσεν
3196 2867 3380 2931 αὑτοῦ,
3413 2868 3570 2926 καθὼς
3594 2867 3772 2936 εἴρηται.

2478 3041 2631 3098 Εἶπον
2693 3076 2753 3084 -
2810 3044 3029 3112 ἐκεῖνος
3109 3046 3363 3105 Ἐζήτουν
3418 3046 3512 3116 γὰρ
3563 3041 3708 3108 αὐτὸν,
3754 3031 3879 3102 δυεῖν·

2403 3138 2563 3203 γοντα
2610 3138 2703 3192 τὴν
2747 3140 2934 3206 μανίαν
2998 3134 3187 3200 αὐτῶν,
3254 3139 3344 3186 καὶ
3413 3136 3474 3193 ὡς
3532 3135 3663 3203 μόνον
3704 3130 3877 3183 ἤκουσα

2407 3222 2778 3295 ἰχνηλοιτούσιν
2801 3223 2973 3277 αὐτόν.

2480 3317 2627 3383 Λέγει
2661 3330 2671 3341 ·
2704 3313 2813 3365 Οὐκ
2854 3310 2993 3367 οἶδα.
3043 3313 3366 3387 Ἐπιχρίσας
3391 3314 3488 3385 γὰρ
3522 3314 3600 3360 καὶ
3635 3302 3880 3371 Exsilium;

2404 3400 2635 3454 ἀπελθεῖν
2692 3401 2760 3462 εἰς
2814 3406 2907 3459 τὴν
2965 3400 3357 3473 κολυμϐήθραν,
3414 3398 3704 3471 ἀνεχώρησεν
3756 3389 3881 3441 (ltili

2402 3494 2599 3563 φεύγων
2623 3492 2706 3542 τὸν
2732 3489 2833 3542 ἀπὸ
2866 3498 2959 3542 τοῦ
2987 3492 3255 3562 θαύματος
3283 3495 3480 3563 κρότον.

2469 3579 2723 3651 Ἄγουσιν
2793 3610 2862 3619 —
2947 3579 3269 3651 ὀφθαλμούς,
3342 3585 3423 3636 Μὴ
3494 3578 3690 3650 εὖρόντις
3742 3568 3880 3621 inim,

2400 3669 2591 3738 ἁγουσι
2658 3676 2837 3721 τοῦτον
2901 3669 2969 3730 εἰς
3024 3666 3297 3731 ἀπόδειξιν
3340 3678 3431 3729 τῆς
3476 3667 3646 3723 λύσεως
3690 3670 3758 3711 τον
3798 3652 3881 3706 Σαε-

2402 3757 2580 3811 ϐάτου.

2475 3846 2633 3899 Πάλιν
2664 3878 2715 3887 -ο
2751 3844 2944 3919 βλέπω.
2994 3846 3105 3898 Ούκ
3132 3847 3434 3919 ἠρώτησαν,
3468 3852 3574 3903 Πῶς
3615 3840 3707 3911 (92)
3750 3832 3881 3931 ανέθξ·

2401 3936 2526 4007 ψας,
2588 3934 2732 3998 ἀλλὰ,
2793 3942 2907 3995 Uri»;
2969 3934 3152 4007 ἁνέῳξέ
3204 3954 3302 3986 σου
3359 3938 3477 3995 τοὺς
3526 3929 3791 4003 ὀφθαλμούς
3832 3929 3880 3968 δί’

2404 4022 2574 4085 δόντες
2628 4023 2869 4100 ἀφορμὴν
2940 4031 3032 4075 τοῦ
3086 4020 3356 4076 διαϐαλεῖν
3404 4023 3551 4074 αὐτὸν
3612 4021 3681 4071 ἐπὶ
3736 4013 3879 4082 έργῖτδ

2402 4113 2723 4187 κεκωλυμένῃ
2786 4112 2941 4172 δῆθεν
2997 4116 3045 4165 ἓν
3098 4121 3172 4184 τῷ
3225 4112 3489 4183 Σαϐϐάτῳ.
3520 4111 3573 4162 Ὀ
3613 4106 3676 4171 δὲ,
3724 4107 3878 4165 ὧςπὲδῖ

2406 4202 2698 4278 ἀκηκροτας
2738 4199 2843 4261 ἤδη
2896 4205 2960 4254 τὰ
2998 4201 3112 4254 κατ’
3172 4202 3331 4255 αὐτὸν
3384 4201 3558 4273 λέγων,
3601 4196 3795 4263 ἐπιτέμνει
3828 4202 3877 4234 τω

2403 4293 2571 4365 λόγον.
3806 4364 3815 4373 ἢ
3858 4366 3859 4369 η

2466 4382 2672 4453 Ἔλεγον
2712 4413 2774 4423 --
2812 4388 2976 4457 τηρεῖ.
3014 4381 3123 4434 Οὐκ
3161 4384 3276 4433 ἔστὶ
3307 4382 3453 4454 παρὰ
3476 4384 3617 4444 Θεοῦ,
3657 4372 3873 4433 imam}?

2394 4491 2477 4533 νος
2506 4468 2767 4539 δηλονότι,
2789 4472 2819 4531 ἦ
2851 4472 2940 4523 ούκ
2973 4474 3111 4523 ἔστιν
3151 4469 3205 4523 ἐκ
3237 4475 3387 4525 Θεοῦ.

2466 4560 2643 4614 Ἀλλοι
2686 4592 2748 4601 —
2783 4561 2978 4621 αὐτοῖς.
3035 4559 3093 4612 Ὀ
3123 4562 3225 4633 γὰρ
3281 4564 3354 4632 μὴ
3412 4560 3477 4611 ὦν
3524 4556 3573 4610 ἐκ
3600 4560 3676 4607 τοῦ
3720 4550 3812 4637 Θεοξ
3844 4556 3871 4588 ει

3788 4645 3869 4681 ιττι.

1879 4853 2104 4923 Variae
2136 4854 2465 4923 lectiones
2500 4864 2565 4922 et
2607 4864 2807 4922 note.

706 5049 820 5117 (90)
850 5052 995 5109 Tuo;
1034 5053 1096 5103 A.

705 5120 820 5189 (91)
864 5126 992 5173 Ποτέ
1023 5125 1087 5174 Α.

702 5192 817 5261 (92)
856 5193 1331 5263 Chrysostomus,
1383 5199 1443 5248 ut
1489 5195 1656 5259 solet,
1712 5210 1953 5249 versum
2012 5196 2073 5249 15
2117 5201 2171 5249 et
2219 5196 2288 5248 26

634 5263 920 5346 confudit.
946 5266 1093 5346 _Yide
1116 5270 1269 5346 Itom.
1300 5266 1461 5346 mt’llt,
1495 5282 1556 5346 ι).
1743 5268 1806 5319 Α.
1843 5268 2001 5346 llunc
2035 5281 2291 5346 ergogse-

633 5334 1205 5407 quiturEuthymius
1224 5345 1277 5391 et
1300 5337 1798 5407 Theophylactus.
1831 5339 2007 5392 etiam
2038 5339 2093 5392 in
2119 5334 2291 5392 inter-

633 5406 965 5479 pretatione
1010 5406 1067 5477 p.
1122 5408 1223 5461 697
1257 5409 1343 5479 γε.
1408 5406 1623 5463 Similis
1667 5408 1933 5463 confusio
1991 5414 2080 5463 est
2134 5408 2290 5463 infra

634 5478 774 5542 XVII,
816 5484 868 5543 7,
900 5480 953 5545 8,
989 5484 1042 5534 et
1070 5479 1127 5533 in
1160 5478 1301 5533 locis
1329 5485 1567 5535 centum
1610 5480 1756 5535 aliis.
1799 5480 1912 5535 Sed
1940 5480 2126 5536 altero
2161 5480 2289 5537 loco

708 5653 792 5725 (u)
823 5654 897 5710 Et
928 5657 1116 5728 quasi,
1152 5658 1260 5712 etc.
1293 5658 1355 5712 Et
1386 5660 1448 5713 ut
1479 5657 1656 5714 modo
1694 5656 2063 5714 audiverant.

2396 5051 2632 5107 codices
2664 5051 2842 5107 etiam
2874 5050 3041 5119 ﬁngit
3068 5054 3125 5106 et
3145 5048 3391 5123 confuse
3414 5062 3513 5123 eos
3541 5027 3870 5123 laudat.

2398 5096 2698 5187 tussiendi
2722 5096 3097 5195 interprgtes,
3117 5122 3424 5191 Origenes,
3451 5096 3870 5242 Chrfsostomui:

2399 5194 2495 5242 alii
2536 5194 2764 5242 dicunt-
2817 5193 3191 5242 Evangelista
3222 5196 3327 5242 aut
3355 5192 3563 5242 anosto
3586 5202 3643 5240 us
3686 5191 3802 5242 ποη,
3848 5204 3867 5215 λ’

2399 5194 2497 5249 alii
2536 5194 2765 5261 dicunt,
2816 5191 3191 5264 Evangelista
3222 5196 3327 5247 aut
3355 5191 3643 5262 apostolus
3686 5191 3769 5233 non
3792 5191 3867 5221 ω’

2403 5267 2501 5293 -..Α
2530 5266 2688 5293 :11...)
2727 5266 2877 5293 .1;....°.
2907 5285 2917 5293 .
2949 5280 3066 5293 νυ...
3110 5264 3268 5293 ut...)
3324 5262 3427 5293 amt
3482 5260 3578 5293 Im.-
3605 5239 3865 5293 nmhandum

2399 5267 2501 5352 sed
2530 5266 2688 5352 il'lttd
2711 5250 2877 5352 dixit
2903 5285 2918 5352 ε
2949 5250 3077 5352 οἱοὶ
3110 5264 3288 5352 illud,
3314 5250 3437 5352 sea
3449 5250 3868 5352 303320333333

2569 5319 2851 5430 Idaliam
2901 5319 3016 5430 i193
3064 5319 3195 5392 loco
3245 5319 3509 5414 fecerunt
3552 5319 3867 5430 Ειῖιξξῇωξῃῖξ

2398 5408 2897 5480 Theophylactus.
2952 5410 3201 5478 Uterque
3238 5404 3399 5461 enim
3439 5403 3498 5458 in
3542 5398 3761 5456 contextu
3790 5396 3836 5430 νη

2400 5478 2604 5550 gatam
2646 5478 2842 5535 Servat
2866 5478 3201 5535 lectionem.
