4038 6226
153 285 292 347 1313

1181 274 1559 342 (,ΣΟΜΜΕΝΤ.
1609 277 1676 338 IN
1715 276 2064 340 JOANNEM.
2111 317 2169 324 —
2217 285 2376 342 CAP.
2429 277 2529 346 ιΧ.

3388 289 3527 346 1314

146 419 372 488 Σχίσμα
389 417 478 486 μεν
494 412 582 467 οὖν
605 418 693 466 καὶ
714 418 829 466 τότε
857 416 945 464 καὶ
964 415 1208 484 πρότερον
1229 409 1441 482 ἐγένετο·
1472 410 1583 463 Οὐκ
1600 407 1754 468 ἦλθον

1893 417 2065 482 taque
2104 416 2160 467 et
2209 416 2347 468 tunc
2378 412 2622 485 etprius
2663 413 2815 472 facta
2853 420 2942 473 est
2989 433 3004 484 ;
3037 419 3357 493 siquidem,
3388 424 3523 483 Non

144 507 276 577 γὰρ,
307 509 458 576 φησὶ,
491 501 669 576 βαλεῖν
695 503 900 576 εἰρήνην
932 500 1014 554 ἐπὶ
1039 505 1130 559 τὴν
1151 509 1271 572 γῆν,
1302 499 1429 552 ἀλλὰ
1458 503 1750 574 μάχαιρανο

145 592 261 645 ἀλλ’
293 593 387 645 ούκ
416 591 666 665 ἐπέμεινεν
697 593 833 664 (93).
875 590 1176 648 Ἠνώθησαν
1206 592 1307 660 γὰρ
1348 585 1512 655 αὖθις,
1563 590 1756 642 ἐπικει-

147 687 318 755 μένων
347 691 448 735 τῶν
478 681 771 755 ἀρχόντων.

224 776 456 842 Λέγουσι
482 803 549 811 —
579 771 908 844 ὀφθαλμούς;
953 773 1180 840 Λέγουσι
1207 775 1358 821 τοῦτο
1389 767 1494 840 οὐχ
1524 771 1573 820 οἰ
1594 768 1758 820 εἰπόν-

145 879 253 925 τες,
295 861 376 912 ὅτι
405 861 514 912 Οὐκ
544 863 656 913 ἔστι
708 863 847 934 παρὰ
884 865 1031 926 Θεοῦ,
1085 857 1189 910 ἀλλ’
1236 860 1284 910 οἱ
1331 860 1637 929 σχισθέντες
1669 856 1756 910 ἀπ’

147 950 345 1006 αὐτῶν.
394 950 502 1004 Ἵνα
564 953 666 1022 γὰρ
721 955 792 1023 μὴ
855 946 1052 1012 δόξωσι
1096 955 1401 1020 συνηγορεῖν
1439 947 1600 1018 αὐτῷ,
1671 951 1757 1000 τόν

146 1039 381 1093 λαϐόντα
423 1047 600 1113 πεῖραν
639 1047 733 1102 τῆς
782 1036 1046 1112 δυνάμεως
1090 1037 1245 1090 αὐτοῦ
1276 1044 1538 1090 ποιοῦνται
1574 1041 1757 1110 κριτὴν

148 1138 246 1192 τῆς
276 1128 602 1203 ἀμφιϐολίας,

223 1308 285 1361 Ὀ
338 1339 406 1349 -
477 1307 608 1362 ἐστί.
660 1312 936 1383 Προφήτας
985 1305 1197 1359 ἐκάλουν
1254 1309 1374 1367 τοὺς
1443 1307 1608 1367 θείους
1674 1307 1758 1357 άν-

151 1395 311 1471 δρας.
343 1397 624 1472 Ἀντικρυς
669 1394 757 1450 οὖν
788 1416 946 1470 φησιν
995 1398 1076 1448 ὅτι
1119 1399 1262 1468 παρὰ
1310 1403 1444 1448 Θεοῦ
1497 1394 1628 1461 ἐστι,
1669 1400 1760 1447 καὶ

151 1488 253 1540 οὐκ
318 1486 544 1559 ἐφοϐήθη
595 1491 681 1540 τὸν
732 1489 892 1560 θυμὸν
939 1494 1037 1538 τῶν
1089 1484 1336 1556 λεγόντων
1386 1487 1466 1536 ὅτι
1504 1484 1597 1536 ούκ
1647 1487 1760 1536 ἔστι

150 1579 302 1649 παρὰ
349 1583 502 1630 Θεοῦ.
557 1575 765 1651 Στεῤῥός
806 1578 908 1648 γὰρ
957 1571 1018 1633 ἦν
1066 1579 1154 1626 καὶ
1209 1572 1490 1646 φιλαλήθης
1539 1578 1628 1625 καὶ
1677 1573 1762 1626 εῦ-

151 1670 373 1737 γνὼμων
385 1709 400 1721 .

1873 499 2021 563 veni,
2057 499 2269 572 inquit,
2320 507 2380 556 ut
2408 503 2642 559 mittam
2680 519 2886 572 pacem
2915 505 2978 561 in
3011 514 3256 579 terram,
3281 513 3378 568 sed
3395 515 3526 584 gla-

1867 587 2026 643 dium
2042 589 2231 644 “.Sed
2244 605 2364 645 non
2383 594 3051 660 persevcravit.Rursum
3065 598 3214 652 enim
3231 600 3374 657 uniti
3389 607 3527 660 sunt

1868 675 2224 733 instantibus
2251 678 2556 735 Pharisaeis
2587 681 2678 752 (ι).

1939 766 2099 821 Vers.
2132 767 2223 823 17.
2276 767 2463 824 Aiunt
2497 800 2569 811 —
2623 772 2864 828 oculos?
2904 776 3020 829 Hoc
3048 776 3212 833 aiunt
3251 793 3374 833 non
3420 778 3522 846 illi,

1866 854 1972 925 qui
2002 854 2296 922 dixerant,
2338 857 2468 912 Non
2510 865 2590 914 est
2617 874 2654 915 a
2692 861 2826 930 Deo,
2853 861 2958 917 sed
2997 863 3100 936 qui
3128 864 3206 920 ab
3232 865 3325 920 his
3354 866 3526 922 divisi

1868 949 2033 999 erant
2057 961 2074 1010 ;
2116 960 2188 1000 ne
2219 946 2377 1001 enim
2406 946 2485 1001 illi
2515 949 2872 1019 patrocinari
2897 953 3399 1021 viderentur,eum
3420 956 3524 1027 qui

1870 1032 2100 1089 virtutis
2125 1037 2249 1104 ejus
2291 1035 2760 1106 experimentum
2795 1046 3154 1113 sumpserat,
3208 1044 3526 1102 constituat

1869 1123 2279 1193 ambiguitatis
2311 1125 2599 1196 judicem.

1943 1302 2102 1358 Vers.
2131 1305 2218 1360 17.
2252 1303 2327 1360 At
2357 1337 2426 1345 —
2455 1310 2557 1362 est.
2601 1307 2926 1379 Prophetas
2957 1309 3253 1367 vocabant
3291 1310 3526 1369 divinos

1869 1391 2042 1448 viros.
2073 1393 2286 1464 Aperte
2313 1411 2455 1466 ergo
2476 1395 2617 1452 dicit
2646 1398 2812 1468 quod
2838 1414 2873 1454 a
2892 1401 3007 1455 Deo
3025 1405 3200 1465 esset,
3236 1417 3344 1456 nec
3375 1403 3527 1459 iram

1873 1481 2060 1536 timuit
2095 1482 2420 1540 dicentium
2461 1485 2626 1557 quod
2657 1502 2777 1542 non
2817 1493 2973 1545 esset
3027 1504 3064 1546 a
3120 1492 3259 1546 Deo.
3293 1491 3527 1548 Firmus

1871 1569 2030 1624 enim
2065 1576 2210 1637 erat,
2239 1579 2295 1628 et
2325 1573 2582 1630 veritatis
2613 1589 2740 1631 ama
2761 1581 2846 1632 tor
2865 1592 2937 1633 ac
2961 1593 3171 1650 aequus
3197 1579 3291 1652 (m)
3319 1580 3525 1637 homo.

230 1753 342 1805 Οὐκ
381 1785 449 1794 -
481 1751 767 1824 ἀνέϐλεψεν.
803 1754 868 1805 Οἱ
899 1752 1137 1820 εἰπόντες,
1184 1754 1264 1804 ὅτι
1313 1753 1424 1804 Οὐκ
1467 1754 1580 1804 ἔστι
1618 1753 1761 1824 παρὰ

1944 1746 2107 1803 Vers.
2146 1752 2227 1803 18.
2257 1749 2390 1805 Νοη
2430 1780 2484 1792 -
2511 1751 2693 1808 visum
2715 1755 3038 1824 recepisset.
3083 1756 3192 1822 Qui
3231 1756 3526 1828 dixerant,

152 1848 306 1898 Θεοῦ.
338 1842 494 1908 ’Δλλ’,
545 1840 584 1894 ὧ
623 1841 868 1900 ἀνόητοιί
899 1841 944 1894 εἰ
987 1842 1116 1914 οὐχὶ
1163 1841 1350 1914 τυφλός
1383 1847 1450 1893 ὤν
1499 1840 1757 1913 ἀνέϐλεψε,

148 1941 263 1992 πῶς
304 1928 606 1985 διαϐάλλετε
631 1935 718 1984 τὸν
750 1933 984 2006 Χριστὸν
1013 1932 1079 1992 ὡς
1117 1930 1165 1983 έν
1205 1929 1454 2002 Σαϐϐάτῳ
1486 1930 1762 2003 ἰασάμενον

154 2021 316 2074 αὐτόν
341 2037 355 2088 ;

225 2199 362 2262 Ἕως
449 2230 518 2241 -—-
593 2196 1049 2272 ἕγεννήθη;”ορα
1107 2202 1373 2273 πονηρίαν,
1483 2197 1763 2272 Αύστηρῶς

153 2290 412 2363 έρωτῶσι,
471 2285 864 2362 προσδοκῶντες
921 2287 1149 2360 ἐκφοϐεῖν
1222 2287 1427 2350 αὐτούς,
1477 2289 1580 2352 ἱνα,
1648 2289 1763 2338 τού-

152 2400 255 2432 των
288 2377 682 2452 ἀρνησαμένων,
733 2377 1051 2448 ἐπισκιασθῇ
1085 2381 1144 2429 τὸ
1187 2379 1382 2450 θαῦμα.
1434 2381 1536 2430 Καί
1584 2392 1757 2448 φασινο

151 2469 248 2521 Ὀν
319 2469 464 2540 ὑμεῖς
535 2467 727 2538 λέγετε,
808 2467 892 2519 ὅτι
973 2466 1162 2539 τυφλὸς
1233 2465 1494 2538 έγεννήθη,
1572 2461 1765 2537 ψευδο.

154 2575 299 2630 μενοι
329 2552 542 2614 δηλαδή
575 2560 665 2608 καὶ
703 2563 1131 2629 κακουργοῦντες,
1164 2559 1252 2607 καὶ
1291 2564 1362 2626 τῷ
1399 2555 1574 2613 Ἰησοῦ
1607 2551 1764 2616 δόξαν

152 2649 579 2720 περιποιούμενοι
590 2690 602 2702 ,

223 2743 341 2798 ῐιῶς
383 2767 437 2774 -
477 2733 695 2808 βλέπεις
726 2733 785 2788 Εἰ
817 2733 1002 2806 τυφλός
1031 2733 1300 2806 ἐγεννήθη.

223 2825 620 2897 Ἀπεκρίθησαν
650 2854 717 2866 -
751 2823 846 2876 οῦκ
874 2820 1112 2897 οἴδαμεν.
1157 2829 1289 2898 Τρία
1330 2822 1681 2897 έρωτηθέντες,
1721 2822 1765 2874 εἰ

146 2914 302 2975 οὗτός
334 2913 476 2967 ἑστιν
503 2916 528 2966 ὁ
554 2916 662 2974 υἱὸς
701 2914 889 2980 αὐτῶν,
933 2914 976 2966 εἰ
1005 2914 1194 2986 τυφλὸς
1223 2915 1490 2984 ἐγεννήθη,
1537 2917 1626 2964 καὶ
1662 2921 1764 2972 πῶς

142 3005 276 3077 ἄρτι
316 3001 534 3076 βλέπει·
580 3007 646 3056 τὰ
697 3006 787 3076 μὲν
838 2999 934 3055 δύο
977 3003 1329 3075 ὁμολογοῦσιο
1381 3011 1490 3064 πῶς
1537 2999 1597 3054 δὲ
1643 3003 1764 3075 ἄρτι

1870 1837 2000 1893 Non
2051 1842 2136 1893 est
2165 1853 2201 1894 a
2235 1839 2378 1896 Deo.
2430 1841 2559 1904 Sed,
2589 1859 2620 1897 ο
2666 1840 2977 1911 insensati,
3036 1845 3084 1901 si
3124 1861 3244 1901 non
3299 1847 3378 1903 ita
3415 1853 3524 1913 est,

1869 1926 2034 1997 quod
2086 1943 2224 1983 cum
2252 1944 2440 1984 caecus
2492 1935 2650 1986 esset
2699 1931 2896 1988 visum
2942 1935 3180 2007 recepit,
3213 1937 3524 2008 quomodo

1870 2015 2162 2072 Christum
2249 2017 2720 2086 calumniamini,
2804 2021 2970 2094 quod
3042 2022 3209 2080 illum
3262 2025 3523 2084 Sabbato

1869 2106 2166 2161 sanaverit
2193 2107 2222 2161 ‘I

1939 2195 2097 2250 Vers.
2156 2194 2244 2250 18.
2277 2197 2463 2254 Donec
2519 2230 2588 2238 —
2626 2199 2790 2255 Vers.
2837 2205 2920 2256 19.
2969 2207 3148 2258 natus
3195 2211 3275 2260 est
3311 2202 3340 2259 ‘i
3379 2204 3521 2261 Vide

1871 2283 2182 2340 malitiam.
2215 2285 2418 2356 Rigida
2449 2287 2836 2356 interrogant,
2872 2294 3152 2361 putantes
3177 2292 3309 2348 illos
3343 2298 3528 2350 exter-

1868 2388 2015 2437 rere,
2061 2378 2121 2429 ut
2151 2374 2298 2430 dum
2351 2374 2411 2430 bi
2454 2383 2796 2447 negassent,
2840 2379 3094 2435 tenebris
3123 2380 3530 2438 offunderetur

1871 2461 2228 2518 miraculum
2245 2465 2483 2521 etaiuut
2509 2467 2621 2522 :De
2640 2483 2754 2538 quo
2790 2483 2888 2523 vos
2917 2469 3131 2534 dicitis,
3164 2472 3323 2543 quod
3353 2487 3530 2528 caecus

1871 2558 1976 2608 nat
1985 2569 2049 2608 us
2065 2560 2147 2609 est
2166 2554 2196 2607 ?
2211 2554 2560 2611 mentientes
2574 2556 2844 2613 videlicet
2859 2563 2915 2613 et
2930 2559 3135 2616 dolose
3153 2559 3526 2627 simulantes,

1873 2646 1934 2697 ut
1974 2640 2091 2712 ipsi
2131 2642 2272 2698 Jesu
2293 2644 2540 2712 gloriam
2573 2649 2872 2719 quaeratis.

1943 2731 2104 2786 Vers.
2141 2733 2229 2786 19.
2266 2735 2553 2799 Quomodo
2579 2767 2647 2776 —
2676 2735 2826 2792 videt
2857 2735 2885 2790 ‘P
2912 2735 2967 2793 Si
2990 2753 3184 2793 caecus
3205 2742 3378 2794 natus
3417 2743 3524 2796 est.

1947 2819 2107 2875 Vers.
2139 2822 2228 2876 20.
2273 2822 2724 2890 Responderunt
2777 2855 2846 2864 ——
2875 2824 3038 2881 Vers.
3096 2830 3184 2881 2t.
3223 2829 3528 2884 nescimus.

1872 2908 2020 2964 Cum
2069 2908 2144 2964 de
2201 2910 2388 2966 tribus
2443 2912 2785 2982 interrogati
2839 2913 3090 2971 fuissent
3131 2931 3143 2971 :
3180 2921 3378 2971 utrum
3435 2916 3531 2972 hic

1876 3003 2033 3052 esset
2083 2997 2240 3054 ﬁlius
2279 3015 2508 3070 eorum,
2541 3007 2734 3059 utrum
2793 3019 2988 3059 caecus
3039 3009 3214 3060 natus
3267 3010 3440 3070 esset,
3479 3009 3535 3062 et

142 3091 338 3164 βλέπει
366 3091 564 3164 ἀγνοεῖν
601 3091 833 3164 λέγουσι,
864 3091 1170 3164 φοϐούμενοι
1199 3095 1317 3154 τοὺς
1343 3088 1649 3156 Ἰουδαίους,
1696 3093 1763 3151 ὡς

1892 3087 2186 3158 quomodo
2217 3104 2378 3144 nunc
2421 3089 2650 3146 videret
2702 3108 2716 3158 ;
2751 3091 2825 3148 de
2863 3092 3103 3149 duobus
3151 3095 3529 3151 conﬁtentur.

142 3183 272 3246 ἑξῆς
304 3177 695 3241 δηλωθήσεται.
769 3211 796 3238 ο

219 3357 398 3419 Δύτὸς
472 3388 540 3399 —
608 3356 844 3415 λαλήσει.
924 3355 1060 3420 ’Ἑξω
1118 3353 1363 3409 κινδύνου
1417 3358 1764 3418 καθιστῶντες

141 3449 394 3510 ἑαυτοὺς,
447 3445 530 3500 ἐπὶ
578 3450 666 3499 τὸν
717 3449 1144 3520 τεθεραπευμένον
1198 3451 1610 3523 παραπέμπουσι
1672 3451 1764 3506 τὴν

142 3538 440 3612 ἐρώτησιν,
508 3539 574 3598 ὡς
635 3535 1054 3610 ἀξιοπιστότερον
1108 3535 1275 3589 αὐτῶν
1324 3536 1373 3588 έν
1423 3545 1494 3607 τῷ
1547 3539 1763 3608 τοιούτῳ

146 3631 449 3699 ζητήματι.

218 3721 412 3768 Ταῦτα
443 3745 498 3755 -
527 3712 937 3786 ἀποσυνάγωγος
961 3733 1195 3786 γενηται.
1229 3715 1594 3780 Συνετέθειντο,
1649 3717 1766 3773 ἦτοι

148 3810 553 3878 συνεφώνησαν.
612 3803 1053 3875 Ἀποσυνάγωγος
1097 3799 1155 3856 δε
1203 3805 1228 3855 ό
1283 3801 1646 3875 ἐκϐεϐλημένος
1676 3813 1766 3864 τῆς

148 3901 494 3966 συναγωγῆς.

224 3987 330 4037 Διὰ
365 4015 425 4024 —-
459 3981 771 4057 ἐρωτήσατε.
805 3987 875 4036 Τὸ
907 3983 1030 4035 αὐτὸ
1061 3981 1212 4036 πάλιν
1233 3982 1367 4055 λέγει
1398 3983 1536 4054 (94),
1580 3979 1768 4035 διασύ-

143 4096 259 4150 ρων
292 4073 486 4134 αὐτούς
514 4074 629 4143 (95)
660 4075 728 4135 ὡς
769 4069 970 4134 δειλούς
1000 4077 1088 4124 καὶ
1121 4069 1215 4125 διὰ
1237 4076 1296 4124 τὸ
1327 4077 1400 4144 μη
1428 4072 1770 4142 ἀποσυναγώ-

141 4184 287 4237 γους
309 4165 556 4235 γενέσθαι
583 4166 1058 4237 προσποιουμένους
1092 4165 1181 4234 μὲν
1212 4161 1432 4234 ἀγνοεῖν,
1465 4169 1538 4232 τῷ
1581 4163 1678 4232 υἱῷ
1711 4157 1769 4213 δι

142 4259 245 4308 τόν
281 4261 461 4325 αγῶνα
490 4252 604 4306 ὅλον
631 4251 1078 4328 ἐπιφορτίζοντας.

228 4433 538 4505 Ἐφώνησαν
571 4463 624 4474 -
665 4438 800 4502 Θεῷ.
829 4431 1055 4494 Δόξασον
1077 4434 1162 4484 τόν
1185 4433 1334 4501 Θεὸν,
1363 4433 1431 4492 ὡς
1459 4429 1583 4504 παρ’
1610 4429 1770 4483 αύτοῦ

146 4526 353 4586 ἰαθεὶς,
386 4527 475 4574 καὶ
512 4527 582 4594 μὴ
614 4523 758 4596 παρὰ
782 4528 872 4574 τοῦ
905 4521 1100 4580 Ἰησοῦ.

221 4613 410 4684 Ἠμείς
463 4643 531 4652 -
587 4609 749 4665 ἐστιν.
806 4611 1048 4671 Ἀπόντος
1105 4618 1258 4664 τοῦτο
1311 4610 1500 4681 λέγετε,
1569 4614 1765 4682 μιαροί.

143 4707 433 4777 Παρόντος
477 4704 600 4774 γὰρ,
659 4706 749 4754 καὶ
797 4701 1152 4774 έρωτήσαντος
1212 4703 1344 4774 ὑμᾶς
1394 4703 1630 4772 ἔναγχος,
1687 4705 1771 4760 Τίς

142 4796 208 4859 ἐξ
258 4794 409 4866 ὑμῶν
455 4790 658 4864 έλέγχει
687 4810 750 4865 με
792 4796 906 4868 περὶ
954 4790 1214 4866 ἁμαρτίας
1252 4806 1266 4820 ·
1329 4790 1423 4843 ούκ
1471 4786 1770 4848 ἠδυνήθητε

227 5001 286 5036 ⁸⁸
304 4997 512 5056 Matth.
551 5013 610 5065 x,
638 5001 729 5055 34.

1876 3173 2194 3242 Quomodo
2234 3184 2432 3233 autem
2473 3194 2628 3235 nunc
2677 3181 2896 3246 videat,
2922 3181 3198 3251 ignorare
3220 3199 3280 3238 se
3309 3183 3532 3247 dicunt,

1875 3266 2148 3320 timentes
2178 3267 2433 3332 Judaaos,
2463 3267 2613 3323 sicut
2650 3269 2709 3324 in
2742 3286 3064 3341 progressu
3096 3272 3532 3340 manifestatur,

1945 3354 2107 3409 Vers.
2139 3357 2231 3412 2t.
2271 3355 2400 3425 Ipse
2419 3389 2482 3398 —
2509 3358 2804 3429 loquetur.
2839 3361 2980 3416 Sese
3010 3367 3175 3417 extra
3204 3360 3534 3432 periculum

1872 3443 2320 3512 constituentes,
2342 3445 2421 3502 ad
2444 3462 2578 3502 eum
2595 3449 2699 3520 qui
2721 3454 2960 3505 curatus
2975 3455 3101 3505 erat
3131 3450 3538 3522 interrogatio-

1873 3547 2011 3587 nem
2051 3534 2376 3601 remittunt,
2415 3540 2476 3593 ut
2503 3537 2608 3608 qui
2648 3537 2708 3592 in
2737 3538 3033 3608 ejusmodi
3059 3539 3392 3612 quastione
3423 3538 3536 3597 fide

1872 3622 2110 3693 dignior
2139 3623 2224 3678 eis
2253 3629 2434 3680 esset.

1946 3713 2110 3769 Vers.
2142 3714 2232 3769 22.
2266 3715 2410 3771 Haec
2449 3745 2517 3756 -—
2563 3722 2740 3773 extra
2788 3733 3158 3789 synagogam
3197 3719 3534 3791 ejiceretur.

1876 3800 2400 3875 Conspiraverant,
2443 3809 2689 3878 pactum
2722 3805 3000 3864 fecerant.

1957 3983 2114 4038 Vers.
2157 3984 2244 4036 23.
2279 3982 2538 4052 Propter
2582 4014 2652 4025 —
2677 3985 3068 4055 interrogate.
3128 3987 3352 4041 Rursus
3377 3984 3540 4043 idem

1879 4074 2036 4144 dicit,
2072 4072 2479 4144 perstringens
2527 4072 2657 4127 illos
2711 4076 3000 4144 tanquam
3058 4073 3321 4139 timidos,
3354 4078 3409 4130 et
3433 4075 3536 4146 qui

1877 4163 2155 4232 ignorare
2169 4177 2232 4217 se
2259 4161 2700 4225 simulaverant,
2718 4176 2790 4216 ne
2804 4167 2970 4216 extra
2988 4175 3382 4231 synagogam,
3415 4162 3540 4218 sive

1878 4250 2403 4320 congregationem
2430 4249 2812 4320 ejicerentur:
2845 4248 2966 4304 ﬁlio
2993 4253 3195 4304 autem
3219 4249 3396 4304 totius
3421 4263 3542 4305 cer-

1877 4339 2120 4396 taminis
2150 4355 2300 4394 onus
2331 4339 2763 4410 imposuerant.

1948 4429 2115 4485 Vers.
2170 4428 2257 4483 24.
2322 4429 2694 4484 Vocaverunt
2743 4457 2808 4469 —
2847 4427 2985 4482 Deo.
3020 4425 3294 4482 Gloriﬁca
3333 4428 3538 4493 Deum,

1801 4501 1846 4555 D
1881 4523 2077 4590 utpote
2109 4517 2186 4574 ab
2217 4534 2288 4574 eo
2325 4523 2592 4581 sanatus,
2621 4521 2677 4573 et
2707 4532 2828 4572 non
2860 4532 2896 4571 a
2925 4517 3085 4570 Jesu.

1949 4609 2113 4666 Vers.
2166 4607 2253 4662 24.
2313 4608 2434 4663 Nos
2469 4638 2539 4647 —
2585 4613 2687 4662 est.
2733 4607 2990 4661 Absente
3019 4605 3118 4661 illo
3157 4606 3272 4662 hoc
3323 4605 3541 4672 dicitis,

1881 4697 2107 4754 scelesti
2138 4713 2314 4763 ;nam
2345 4713 2484 4752 cum
2515 4695 2607 4751 ille
2640 4711 2908 4767 praesens
2938 4700 3109 4760 esset,
3135 4702 3191 4751 et
3235 4712 3340 4752 vos
3363 4695 3544 4768 paulo

1883 4788 2440 4857 anteinterrogaret,
2467 4786 2606 4853 Quis
2636 4801 2709 4842 ea:
2736 4784 2895 4842 vobis
2919 4786 3123 4857 arguit
3141 4801 3232 4844 me
3256 4786 3328 4844 de
3345 4801 3548 4856 pecca-

1375 5201 1604 5272 Variae
1659 5201 1990 5273 lectiones
2026 5211 2098 5273 et
2135 5211 2340 5272 notas.

230 5400 364 5473 (93)
402 5401 471 5473 Τὸ
513 5402 746 5473 exisse“,-

233 5469 362 5545 (94)
405 5469 688 5542 Intellige,
718 5472 744 5524 ὁ
784 5469 1173 5545 εύαγγελιστής.

235 5651 313 5796 ξι)
354 5648 695 5709 Ρήανίειείε.
730 5648 974 5709 Videtur
1013 5666 1155 5724 ergo
1186 5657 1490 5728 Φαρισαιων
1534 5651 1777 5725 legisse.

269 5722 356 5796 m)
396 5722 674 5795 [Equum
704 5720 936 5780 Gratus.

269 5720 356 5796 in)
396 5722 674 5795 [Equum
704 5720 936 5780 Gratus.

1966 5401 2077 5475 (95)
2099 5404 2233 5464 Τοὺς
2264 5407 2431 5474 γονεῖς
2459 5406 2552 5454 τοῦ
2580 5419 2704 5455 ποτε
2741 5400 2960 5476 τυφλοῦ,
