4038 6226
632 244 767 305 i315
1958 234 2297 303 eorum”
2341 235 2668 304 ZlGABENI
3780 258 3874 315 ista

626 378 736 434 to”
757 377 785 433 εἶ
799 391 870 432 ne
886 368 1353 446 mutirequidem
1372 370 1666 444 potuistis,
1686 385 1839 429 oraa
1857 373 2099 430 veritate
2122 374 2221 430 obt

2277 402 2297 412 -
2330 375 2373 427 A
2406 370 2530 427 οὐδε
2552 374 2743 448 γρύξαι
2768 378 2942 447 μόνον,
2974 374 3326 450 ἐμφραγίντων
3364 378 3475 451 ὑμῖν
3513 379 3613 451 (96)
3634 390 3715 433 τῶν
3739 389 3872 455 sror-id.

624 473 755 523 rata
790 465 1104 522 habentes.

2405 484 2503 516 των
2534 465 2634 516 ὑπὸ
2664 473 2756 526 τῆς
2785 463 3044 528 ἀληθείας.

698 555 861 611 Vers.
893 557 980 608 25.
1010 552 1327 621 Respondit
1360 583 1427 591 —
1458 552 1644 608 video.
1673 555 1797 608 Non
1828 552 1976 609 dixit
2016 552 2293 609 dubitan-

2279 592 2295 602 .
2478 553 2761 626 Ἀπεκρίθη
2796 587 2860 595 -
2892 554 3086 627 βλέπω.
3133 559 3223 623 Τό,
3267 557 3325 608 Εἰ
3368 556 3637 630 ἁμαρτωλός
3672 558 3793 629 ἐστιν,
3816 564 3874 613 r32

625 646 725 710 do,
758 646 848 699 An
888 648 1157 711 peccator
1185 643 1259 696 sit
1288 644 1499 710 nescio,
1559 642 1662 696 sed
1711 658 1905 712 nugas
1946 643 2220 713 hujusmo

2403 639 2491 695 οἶδ
2496 663 2544 707 α,
2589 644 2647 695 οὐ
2676 641 2943 705 διστάζων
2974 646 3109 698 εἶπεν
3142 644 3247 697 ἀλλ’
3277 645 3322 697 ἐν
3355 653 3578 719 σχήματι
3604 644 3874 713 διστάζοντος,

626 749 791 789 more
829 731 1157 787 dubitantis
1197 730 1507 802 repellens.
1538 731 1688 786 Nam
1716 732 1775 785 in
1807 747 2133 802 progressu
2166 749 2219 786 m

2402 738 2869 807 παραπεμπόμενος
2918 738 3006 786 τὸν
3050 743 3277 787 τοιοῦτον
3330 735 3584 809 φλήναφον.
3629 745 3785 810 Προῑών
3813 747 3874 815 γὰρ

623 821 903 878 nifestius
923 821 1037 876 hoc
1067 820 1348 888 ostendit,
1379 820 1584 876 dicens
1612 838 1627 874 :
1654 821 1880 877 Scimus
1907 822 2062 892 quod
2085 836 2218 891 pecc

2403 827 2745 897 φανερώτερον
2777 822 3111 895 ἀποφαίνεται
3139 824 3313 896 λέγων·
3343 822 3556 898 Οἴδαμεν
3591 823 3641 878 δί
3674 829 3738 879 ὅτι
3770 812 3877 901 ἀμαι-

625 918 778 969 tores
808 913 959 967 Deus
998 926 1117 966 non
1149 910 1357 965 audiat
1399 912 1468 960 9°.

2399 911 2572 963 πολῶν
2603 916 2634 963 ὅ
2660 915 2790 975 Θεὸς
2829 914 2923 965 οὐκ
2951 912 3145 968 ἀκούει.

696 1003 855 1057 Vers.
882 1004 967 1056 26.
989 1000 1285 1055 Dixerunt
1307 1000 1582 1054 —oculos
1614 999 1638 1053 i
1666 1001 1808 1055 Cum
1831 1000 1908 1055 ab
1930 1000 2093 1054 omni
2120 1004 2286 1072 parte

2279 1020 2286 1054 ξ
2472 999 2625 1054 Εἶπον
2702 1032 2773 1043 -
2846 1002 3177 1075 ὀφθαλμούς;
3229 1005 3546 1074 Πανταχόθεν
3594 1003 3874 1079 ἀποκρουσθὲν

623 1089 846 1162 repulsi
877 1094 1093 1154 essent,
1128 1104 1235 1145 nec
1275 1089 1611 1160 quidquam
1658 1104 1883 1153 eorum,
1922 1104 2057 1160 quae
2088 1089 2218 1145 volu

2279 1129 2290 1139 .
2398 1109 2494 1154 τες,
2550 1096 2639 1143 καὶ
2695 1088 2861 1164 μηδὲν
2917 1093 2985 1144 ὧν
3060 1092 3343 1161 ἐϐούλοντο,
3401 1091 3673 1155 δυνηθέντες
3733 1094 3874 1157 ἁνύσαι,

625 1185 774 1246 rant,
810 1179 1143 1234 effecissent
1195 1194 1206 1232 :
1254 1194 1489 1232 rursum
1531 1178 1608 1233 ad
1665 1179 1927 1250 primum
1976 1179 2218 1249 quaesitu

2281 1201 2287 1233 t
2398 1180 2550 1233 πάλιν
2592 1180 2674 1235 ἐπὶ
2722 1186 2780 1234 τὸ
2811 1187 3055 1258 πρότερον
3107 1182 3350 1259 ἐρώτημα
3404 1188 3690 1258 στρέφονται.
3731 1188 3794 1236 Διὸ
3821 1190 3876 1234 ui

625 1272 999 1326 revertuntur
1030 1285 1043 1322 :
1074 1268 1206 1322 ideo
1239 1266 1412 1321 etiam
1444 1266 1495 1321 is
1525 1268 1627 1339 qui
1655 1272 1891 1323 curatus
1942 1268 2137 1323 fuerat
2193 1284 2220 1323 ε

2283 1300 2289 1311 ι
2397 1275 2684 1342 καταγνοὺς
2716 1272 2883 1323 αὐτῶν
2914 1274 2938 1323 ό
2968 1274 3413 1345 τεθεραπευμένος,
3455 1272 3542 1324 οὐκ
3568 1276 3631 1325 ἔτι
3655 1274 3742 1346 μεθ’
3773 1274 3878 1325 ὕποσ-

625 1376 813 1431 guens
843 1357 993 1422 illos,
1024 1373 1144 1413 non
1170 1358 1297 1426 jam
1325 1356 1541 1421 timide,
1573 1357 1676 1411 sed
1707 1357 1951 1412 liberius
1982 1357 2220 1430 loquem

2079 1359 2285 1430 uendo
2396 1359 2517 1418 τολῆ
2530 1381 2569 1427 ς,
2595 1359 2720 1413 ἀλλὰ
2750 1360 3333 1438 παρῥησιαστικὼτερον
3359 1360 3674 1437 ἀποκρίνεται.

623 1447 963 1520 respondet.

698 1540 853 1592 Vers.
888 1537 975 1591 27.
1038 1536 1353 1604 Respondit
1386 1565 1450 1575 —
1480 1535 1753 1590 audistis.
1785 1538 1897 1590 Nec
1929 1534 2282 1590 credidistis.

2070 1534 2282 1590 idistis.
2468 1539 2754 1614 Ἀπεκρίθη
2794 1570 2849 1581 -—
2885 1540 3163 1599 ἠκούσατε.
3199 1541 3311 1594 Οὐκ
3331 1540 3660 1597 ἑπιστευσατε.

696 1625 860 1681 Vers.
888 1628 976 1679 27.
1014 1625 1162 1693 Quid
1200 1657 1253 1665 —
1289 1626 1522 1681 audire.
1555 1626 1746 1689 Quam
1780 1624 1858 1680 ob
1883 1640 2133 1679 causam
2157 1639 2288 1679 rur-

2281 1652 2288 1664 ’
2466 1634 2529 1682 Τί
2625 1659 2694 1670 -
2786 1628 3024 1698 ἁκούεινς
3079 1634 3229 1692 Τίνος
3315 1631 3466 1684 ἕνεκεν
3542 1629 3675 1682 πάλιν
3743 1632 3876 1691 ζητεῖτε

624 1732 726 1771 sus
758 1715 965 1770 audire
997 1715 1258 1786 quaeritis
1289 1714 1316 1769 ?

1052 1715 1258 1770 uaeritis
1289 1714 1316 1769 ?
2319 1731 2363 1787 Β
2398 1717 2605 1770 ἀκούειν
2636 1737 2647 1787 ;

696 1806 858 1860 Vers.
890 1808 979 1861 27.
1019 1805 1177 1861 Num
1207 1835 1275 1844 —
1303 1805 1455 1872 ﬁeri.
1506 1804 1741 1869 Dicens,
1774 1806 1933 1859 Num
1961 1808 2015 1860 et
2056 1817 2174 1871 vos,
2196 1818 2289 1857 os-

2470 1812 2554 1866 Μὴ
2634 1839 2701 1848 -
2776 1809 3254 1880 γενέσθαι;Εἰπὼν
3330 1810 3408 1862 ὅτι
3487 1813 3566 1866 Μὴ
3636 1812 3709 1859 καὶ
3767 1808 3876 1878 ὑμεῖς,

624 1895 831 1960 tendit,
871 1895 1036 1966 quod
1060 1893 1187 1965 ipse
1210 1893 1389 1966 paulo
1420 1900 1557 1949 ante
1588 1895 1778 1949 factus
1826 1898 1997 1957 esset,
2028 1899 2083 1949 et
2108 1909 2219 1948 con

2284 1924 2286 1932 π
2400 1894 2587 1960 ἔδειξεν
2637 1900 2714 1950 ὅτι
2768 1899 2920 1959 αὐτὸς
2982 1903 3109 1961 τέως
3169 1898 3304 1965 ἐστὶ,
3371 1904 3458 1950 καὶ
3514 1897 3758 1971 θαῤῥαλέως
3794 1899 3879 1959 ὠμω-

626 1984 898 2040 denterid
914 1984 1357 2049 fatebatur,non
1386 1990 1659 2038 metuens
1693 1984 1925 2038 illorum
1959 1982 2221 2038 insaniat

2282 2030 2283 2039 η
2396 1987 2586 2058 λόγησε
2670 1992 2741 2059 μὴ
2825 1983 3093 2049 δειλιάσας
3158 1992 3253 2045 τὴν
3328 1991 3508 2058 μανίαν
3560 1986 3717 2038 αὐτῶν.
3766 1985 3877 2042 03m;

624 2074 776 2130 adeo
806 2073 972 2128 fortis
998 2078 1085 2128 est
1109 2074 1343 2139 veritas,
1389 2078 1449 2127 ut
1480 2088 1581 2127 eos
1613 2073 1877 2128 libertate
1909 2071 2152 2143 repleat,
2183 2088 2219 2143 q

2284 2119 2286 2125 μ
2401 2077 2625 2149 ἰσχυρόν
2696 2078 2725 2133 ἡ
2812 2075 3045 2143 ἀλήθεια,
3118 2076 3420 2150 παῤῥησίας
3499 2074 3761 2148 ἑμπιπλὼσα
3813 2075 3879 2127 τώς

623 2164 821 2233 ipsam
854 2162 1162 2230 elegerint:
1212 2160 1597 2216 mendacium
1646 2177 1783 2216 vero
1813 2162 1961 2216 adeo
1996 2159 2218 2215 imbeci

2398 2166 2663 2238 ἑλομένους
2694 2165 2879 2234 αὐτὴν,
2911 2170 3001 2217 καὶ
3044 2165 3088 2217 εἰ
3118 2174 3214 2217 τῶν
3248 2164 3615 2240 ἀπερῥιμμένων
3648 2159 3723 2215 εἷεν
3746 2181 3756 2195 ·
3787 2164 3825 2210 τὸ
3847 2157 3882 2209 δε

623 2258 689 2308 ut
717 2268 817 2308 eos
846 2267 1107 2324 quoque,
1132 2252 1235 2323 qui
1260 2251 1441 2306 fortes
1476 2256 1633 2320 sunt,
1662 2250 1876 2306 reddat
1906 2250 2177 2306 timidos.

2396 2251 2589 2326 ψεῦδος
2622 2256 2916 2307 τούναντίον
2949 2253 3176 2319 ἀσθενὲς,
3208 2251 3413 2316 δειλοὺς
3457 2253 3799 2327 ἀπεργαζόμενον
3828 2256 3883 2300 καὶ

2396 2348 2512 2405 τοὺς
2537 2344 2815 2417 ἰσχυρούς.

698 2429 859 2483 Vers.
880 2427 969 2483 28.
994 2426 1325 2484 Conviciati
1344 2457 1413 2468 —
1434 2427 1736 2497 discipuli.
1760 2459 1827 2468 —
1842 2429 2049 2499 Neque
2066 2426 2240 2483 Mosis
2266 2444 2280 2493 ;

2470 2431 2846 2509 Ἐλοιδόρησαν
2890 2465 2953 2474 —-
2997 2435 3253 2505 μαθηταὶ.
3290 2465 3358 2474 —
3400 2429 3533 2486 Οὑδέ
3565 2438 3644 2484 τοῦ
3686 2431 3881 2486 Messi»;

624 2534 770 2575 nam
822 2517 872 2571 si
898 2518 1073 2571 Mosis
1102 2517 1334 2582 essetis,
1389 2518 1591 2587 utique
1631 2523 1684 2572 et
1711 2517 1919 2573 Christi
1972 2518 2197 2572 essetis.

2287 2563 2288 2567 η
2398 2522 2457 2575 Εἰ
2484 2526 2584 2597 ’γὰρ
2630 2530 2721 2575 τοῦ
2775 2526 3037 2584 Μωῦσέως
3080 2519 3189 2587 ἦτε,
3234 2528 3327 2575 καὶ
3370 2530 3457 2575 τοῦ
3504 2518 3772 2596 Χριστοῦἆι
3812 2513 3882 2571 ἧτί.

625 2609 956 2672 crederetis,
999 2607 1205 2678 inquit,
1251 2606 1417 2671 Mosi,
1443 2608 1763 2664 crederetis
1806 2609 2004 2679 utique
2028 2607 2177 2663 mihi
2216 2614 2220 2642 ῖ

2400 2612 2459 2663 Εἰ
2525 2614 2648 2685 γὰρ,
2722 2610 3033 2675 ἐπιστεύετε,
3094 2615 3244 2683 φησι,
3310 2616 3536 2675 Marini,
3584 2608 3813 2661 ἐπιστεύετε
3848 2606 3883 2653 ἄν

2398 2700 2534 2773 ἐμοὶ.

698 2787 855 2841 Vers.
889 2789 977 2841 29.
1001 2786 1119 2841 Nos
1138 2816 1205 2826 —
1231 2786 1330 2840 sit.
1353 2784 1515 2841 Unde
1538 2785 1760 2840 missus
1796 2786 1889 2841 sit.
1913 2784 2084 2858 Atqui
2104 2785 2284 2841 variis

2468 2791 2638 2861 Ἡμεῖς
2689 2819 2757 2830 -
2805 2788 2935 2844 ἐστί.
2992 2791 3152 2842 Πόθεν
3206 2788 3492 2846 ἀπεστάλη.
3564 2791 3652 2840 Καὶ
3690 2790 3770 2856 μὴν
3812 2778 3886 2833 διι-

623 2875 685 2931 in
717 2873 862 2930 locis
890 2874 1233 2941 docuitvos,
1268 2874 1371 2946 qui
1402 2874 1516 2929 sint
1548 2874 1799 2930 ferentes
1821 2875 1894 2929 de
1926 2890 1987 2929 se
2028 2875 2218 2930 testim

2399 2884 2563 2952 φόρως
2610 2874 2851 2941 ἑδίδαξεν
2903 2881 3057 2951 ὑμᾶς,
3102 2884 3236 2941 τίνες
3285 2886 3597 2951 παρτυροῦσι
3638 2881 3732 2949 περὶ
3766 2873 3882 2927 rhea.

624 2965 824 3020 nium:
855 2971 1001 3035 puta
1015 2966 1296 3031 Joannes,
1315 2979 1497 3035 opera
1516 2980 1649 3036 quae
1667 2964 1804 3019 facit
1830 2974 1885 3019 et
1909 2967 2095 3030 Pater,
2111 2963 2212 3035 qui

2288 3008 2289 3011 η
2398 2973 2478 3022 ὅτι
2536 2970 2560 3020 ό
2606 2970 2866 3033 Ἰωάννης,
2919 2970 2999 3020 ὅτι
3037 2972 3100 3021 τὰ
3148 2971 3275 3041 ἔργα
3327 2969 3362 3020 ἃ
3406 2974 3552 3032 ποιεῖ,
3602 2968 3671 3017 ότι
3712 2965 3733 3014 ό
3768 2965 3883 3014 lisfuit

629 3054 806 3109 Deus.
861 3057 931 3108 At
1020 3060 1175 3109 certe
1247 3053 1320 3108 de
1388 3053 1543 3108 Mose
1610 3054 1848 3119 auditis,
1902 3068 2023 3108 non
2084 3057 2220 3108 aute

2318 3088 2358 3145 C
2398 3063 2487 3110 καὶ
2558 3062 2707 3119 Θεός⁸
2787 3056 2914 3108 ἀλλὰ
2986 3062 3103 3131 περὶ
3168 3062 3434 3119 Μωῠσέως
3502 3061 3584 3128 μὲν
3637 3053 3812 3111 ἀκούετε,
3853 3046 3885 3097 οὗ

626 3142 839 3199 videtis
882 3158 894 3196 :
950 3142 1130 3215 hujus
1184 3158 1322 3197 vero
1369 3158 1550 3213 opera
1595 3158 1715 3197 non
1783 3142 1997 3197 auditis
2065 3141 2221 3197 solut

2325 3139 2358 3145 τ
2398 3153 2501 3222 μὴν
2530 3146 2741 3220 βλέπετε
2774 3165 2785 3178 ·
2835 3148 2901 3198 τὰ
2938 3148 3067 3219 ἔργα
3115 3142 3173 3198 δὲ
3223 3149 3410 3198 τούτου
3453 3145 3509 3197 οὐ
3560 3148 3690 3216 μόνον
3733 3139 3885 3199 ἀκούετε,

627 3248 835 3288 verum
857 3232 1033 3287 etiam
1058 3232 1289 3298 videtis,
1319 3235 1375 3287 et
1399 3232 1601 3293 nostis,
1636 3230 1802 3303 quod
1834 3230 1989 3287 oculi
2033 3231 2148 3286 sint
2187 3246 2222 3286 a

2399 3235 2526 3289 ἀλλὰ
2577 3240 2666 3287 καὶ
2722 3233 2954 3307 βλέπετε,
3000 3239 3091 3286 καὶ
3140 3230 3345 3303 οἴδατε,
3405 3236 3481 3287 ὅτι
3542 3231 3756 3306 ὀφθαλμοὶ
3794 3230 3886 3277 ὤτων

626 3322 793 3377 ribus
820 3321 939 3376 ﬁde
960 3320 1287 3391 digniores.

1118 3320 1287 3376 iores.
2398 3330 2713 3396 πιστότεροι.

700 3411 861 3467 Vers.
894 3415 981 3467 30.
1013 3410 1337 3480 Respondit
1378 3440 1447 3451 —
1494 3411 1712 3465 oculos.
1751 3409 1920 3475 Quod
1947 3425 2085 3464 cum
2116 3407 2287 3465 vobis

2471 3416 2749 3486 Ἀπεκρίθη
2846 3444 2913 3453 —
3015 3412 3339 3485 ὀφθαλμούς,
3420 3413 3534 3465 Ὀτι
3585 3412 3689 3482 ὑμῖν
3753 3408 3886 3473 iam

626 3501 867 3571 ignotus
892 3500 982 3565 sit,
1016 3506 1072 3555 et
1102 3499 1410 3571 inglorius,
1448 3516 1612 3554 meos
1632 3498 1864 3571 aperuit
1894 3497 2122 3569 oculos,
2154 3499 2221 3554 tal

2290 3530 2292 3537 ν
2398 3509 2488 3556 καὶ
2544 3500 2735 3565 ἄδοξος
2783 3502 2870 3574 ὢν,
2926 3502 3109 3574 ἀνέῳξέ
3174 3522 3278 3575 μου
3346 3506 3464 3563 τοὺς
3543 3498 3796 3572 (Speciem-3;,
3831 3500 3885 3541 ut

629 3606 738 3661 que
765 3589 940 3644 edidit
972 3588 1347 3644 miraculum.
1400 3591 1545 3643 Nam
1598 3588 1643 3642 si
1679 3588 1751 3643 de
1776 3586 2112 3657 insignibus
2144 3603 2224 3643 ess

2291 3629 2294 3642 ι
2398 3597 2648 3650 πεποίηκε
2688 3592 2989 3649 τηλικοῦτον
3047 3593 3245 3665 θαῦμα.
3301 3592 3361 3645 Εἰ
3405 3594 3499 3664 γὰρ
3553 3586 3607 3647 ἦν
3656 3595 3734 3639 τῶν
3768 3582 3886 3635 ἐπισή-

630 3684 686 3733 et
716 3677 1007 3748 gloriosis,
1041 3693 1424 3749 nequaquam
1459 3684 1688 3732 tantum
1722 3683 1877 3733 esset
1917 3677 2225 3733 miracului

2399 3704 2507 3755 μων
2571 3686 2661 3734 καὶ
2710 3678 2949 3744 ἐνδόξων,
3020 3680 3111 3732 οὐκ
3170 3679 3231 3731 ἆν
3272 3688 3517 3733 τοσοῦτον
3560 3675 3614 3737 ἦν
3658 3677 3886 3745 Gemitu?”-

631 3766 836 3837 Itaque
877 3782 1134 3835 magnus
1172 3764 1478 3837 quispiam
1512 3773 1620 3832 est,
1654 3782 2006 3838 quanquam
2044 3782 2154 3822 vos
2183 3782 2220 3822 n

2398 3771 2559 3823 Ὠστε
2585 3774 2746 3843 μέγας
2777 3776 2853 3831 τίς
2885 3768 3044 3838 ἐστιν,
3078 3769 3120 3822 εἰ
3162 3769 3255 3822 καί
3297 3772 3440 3843 ὑμεῖς
3484 3768 3571 3821 οὐχ
3613 3760 3758 3818 οἴδατε
3790 3758 3886 3811 πόθει

635 3855 834 3911 sciatis
874 3855 1033 3909 unde
1068 3855 1162 3910 sit.

965 3855 1033 3909 de
1068 3855 1162 3910 sit.
2402 3861 2560 3915 ἐστίν.

706 3945 874 4000 Vers.
909 3946 995 4000 3t.
1026 3944 1253 4000 Scimus
1276 3975 1343 3986 —
1375 3945 1564 4001 audit.
1597 3945 1738 4000 Vide
1756 3949 2170 4001 contexturam
2201 3946 2288 4016 (η)

2473 3946 2705 4022 Οἴδαμεν
2760 3978 2827 3988 —
2899 3946 3092 4003 ἀκούει.
3177 3947 3337 4000 Βλέπε
3418 3950 3626 4008 σύνεσιν,
3685 3947 3770 3998 πῶς
3810 3936 3886 3986 9⁵0⁸

637 4035 1010 4108 etquomodo
1039 4034 1382 4089 mirabiliter
1400 4042 1841 4106 argumentatur
1866 4050 1936 4089 ac
1958 4049 2227 4089 sermone

2403 4043 2603 4112 μασὶως
2672 4035 3056 4109 σνλλογίξεται,
3120 4043 3207 4089 καὶ
3280 4037 3424 4100 αὔξει
3473 4040 3555 4087 τόν
3603 4034 3742 4103 λόγον.
3783 4026 3883 4093 Ἐφυ·

637 4132 871 4197 augeat.
907 4124 1050 4180 Vere
1075 4125 1231 4179 enim
1274 4139 1395 4178 non
1422 4123 1809 4178 exterioribus
1838 4130 2068 4178 tantum
2108 4122 2232 4178 ocul

2285 4141 2296 4177 ι
2402 4130 2561 4185 men
2615 4129 2717 4197 γὰρ
2787 4130 2939 4186 ὄντως
3018 4126 3077 4178 οὐ
3152 4131 3277 4188 τοὺς
3329 4126 3423 4189 ἔξω
3477 4129 3616 4197 μόνον
3671 4114 3880 4189 ὀφθαλμούς,

633 4214 1001 4271 illuminatus
1022 4220 1124 4278 est,
1143 4213 1247 4267 sed
1264 4219 1317 4267 et
1335 4212 1731 4267 interioribus.
1751 4215 1895 4267 Nam
1910 4212 2052 4283 quia
2071 4213 2127 4266 in
2144 4229 2228 4283 pri

2282 4242 2290 4251 -
2405 4216 2532 4269 ἀλλὰ
2571 4221 2661 4267 καὶ
2702 4220 2822 4275 τοὺς
2875 4212 3039 4270 ἔνδον.
3084 4216 3225 4268 Ἐπεὶ
3272 4218 3377 4289 γὰρ
3450 4209 3743 4288 προλαϐόντες
3781 4200 3877 4289 εἶπεν.

633 4305 980 4361 cedentibus
1015 4302 1286 4357 dixerant
1331 4317 1342 4355 :
1374 4302 1497 4357 Nos
1527 4303 1762 4365 scimus,
1795 4302 1955 4372 quod
1997 4302 2093 4357 hic
2125 4301 2228 4355 lion

2284 4320 2291 4349 ν
2402 4306 2573 4378 Ἡμεῖς
2625 4301 2839 4377 οἴδαμεν
2902 4306 2983 4356 ὅτι
3048 4306 3073 4356 ό
3145 4306 3419 4379 ἅνθρωπος
3482 4302 3615 4360 οὗτος
3680 4296 3879 4366 ἁμαρτωθς

632 4401 911 4464 peccator
927 4394 1061 4449 est”
1081 4412 1096 4459 ;
1117 4398 1255 4447 tunc
1281 4391 1519 4462 quidem
1547 4406 1710 4445 more
1728 4389 2051 4445 dubitantis
2068 4405 2224 4444 serm

2281 4418 2295 4429 -
2405 4394 2535 4446 ictu
2580 4398 2692 4445 τότε
2749 4396 2839 4465 μὲν
2888 4392 2936 4444 ἐν
3009 4398 3250 4464 σχήματι
3310 4389 3639 4451 διστάζοντος
3692 4394 3876 4453 sapite?”

633 4498 774 4540 nem
804 4482 1034 4555 repulit,
1079 4497 1239 4536 nunc
1272 4496 1409 4536 vero
1439 4485 1726 4551 tanquam
1758 4480 2027 4535 libertate
2058 4478 2228 4551 plenu

2283 4520 2291 4542 ,
2329 4550 2360 4556 _
2407 4503 2534 4536 σατο
2572 4486 2659 4534 τὸν
2710 4482 2859 4553 λόγον
2892 4503 2907 4519 ο
2948 4490 3034 4533 νῦν
3084 4478 3145 4535 δὲ
3190 4481 3491 4556 παῤῥησὶας
3526 4480 3587 4529 ὢν
3633 4474 3777 4548 μεστός
3806 4480 3878 4513 m‘

635 4573 887 4628 Ostendit
925 4572 1085 4627 hunc
1143 4586 1265 4625 non
1318 4585 1447 4625 esse
1496 4550 1895 4639 peiccatorem,
1936 4550 2230 4639 sedipotii

2281 4550 2368 4621 BD
2406 4570 2629 4625 δεικνύει
2701 4579 2882 4623 τοῦτον
2932 4576 3004 4643 μὴ
3065 4574 3186 4623 ὄντα
3262 4568 3576 4643 ἁμαρτωλὸν,
3631 4564 3668 4616 εἰ
3722 4562 3775 4632 μή
3828 4569 3876 4601 κίί

635 4659 739 4714 Dei
804 4660 1087 4715 cultorem
1146 4675 1215 4714 ac
1264 4658 1362 4713 Dei
1413 4658 1781 4713 voluntatem
1836 4656 2230 4728 adimplenter

2277 4698 2289 4711 ο
2404 4661 2591 4734 μᾶλλον
2638 4659 2875 4727 θεοσεϐῆ,
2929 4664 3017 4713 καὶ
3069 4663 3127 4711 τὸ
3174 4660 3374 4733 θέλημα
3429 4666 3516 4710 τοῦ
3545 4660 3655 4708 Θεοῦ
3700 4650 3872 4701 ποιοῦντι.

638 4747 942 4821 Siquidem
973 4748 1171 4804 adhuc
1192 4763 1330 4803 eum
1356 4747 1657 4802 hominem
1690 4763 1820 4803 esse
1853 4745 2233 4817 suspicabatu

2278 4786 2289 4813 ,
2403 4750 2520 4804 Ἐτι
2542 4752 2644 4823 γὰρ
2684 4750 2950 4824 ἄνθρωπον
2980 4756 3159 4802 τοῦτον
3190 4747 3557 4822 ὑπελάμϐανεν,
3600 4745 3655 4801 ὡς
3679 4738 3873 4809 εἰρὲιίθιιτι

636 4842 702 4893 ut
726 4837 1007 4893 diximus.
1041 4839 1382 4893 Peccatores
1429 4842 1625 4893 autem
1668 4837 1824 4893 Deus
1863 4851 1980 4891 non
2011 4835 2199 4901 audit,
2230 4883 2231 4887 η

2277 4851 2292 4889 ι
2401 4838 2741 4914 Ἀμαρτωλὼν
2765 4834 2799 4890 δ
2802 4843 2823 4891 's
2848 4839 2873 4891 ό
2896 4841 3028 4902 Θεὸς
3059 4838 3152 4891 οὐκ
3170 4836 3365 4901 ἀκούει,
3391 4837 3474 4890 ἐπὶ
3492 4834 3707 4888 τοιούτοις
3727 4827 3872 4889 εει-λειω

635 4929 991 5002 hujusmodi
1026 4928 1289 4984 videlicet
1324 4928 1651 4984 miraculis.

2406 4926 2440 4982 δ
2446 4928 2669 4987 ηλονότι.
3844 4996 3848 5003 ,

708 5019 873 5076 Vers.
902 5022 989 5076 32.
1020 5020 1069 5075 A
1109 5049 1177 5059 —
1225 5018 1388 5076 Vers.
1449 5022 1537 5074 33.
1578 5017 1925 5091 quidquam.
1955 5016 2293 5090 Quidquam

2274 5034 2293 5074 ι
2476 5018 2563 5071 Ἐκ
2617 5048 2684 5057 -
2733 5014 2905 5071 οὐδέν.
2952 5010 3119 5070 Οὐδὲν
3178 5024 3426 5071 τοιοῦτον.
3484 5010 3665 5084 Τνφλοῡ
3704 5005 3769 5077 μὲν
3814 5008 3869 5062 ῖίέ

710 5200 757 5237 ⁸⁸
795 5198 966 5259 Joan.
1004 5215 1124 5267 vni,
1160 5201 1251 5255 46.
1327 5199 1375 5235 ⁸ο
1402 5196 1577 5255 Joan.
1606 5214 1687 5264 ix,
1719 5198 1809 5253 31.
1888 5196 1932 5234 ⁹¹
1960 5197 2130 5253 Joan.
2171 5213 2221 5262 γ,
2249 5196 2305 5253 4ε

1327 5199 1375 5235 ⁸ο
1402 5196 1577 5255 Joan.
1606 5214 1687 5264 ix,
1719 5198 1809 5253 31.
1888 5196 1932 5234 ⁹¹
1960 5197 2130 5253 Joan.
2171 5213 2221 5262 γ,
2249 5196 2340 5253 46.
2431 5197 2479 5232 ⁸³
2509 5196 2679 5254 Joan.
2712 5210 2789 5266 ix,
2820 5195 2909 5253 24.

1889 5374 2115 5446 Variae
2144 5375 2473 5445 lectiones
2505 5383 2570 5444 et
2600 5384 2802 5443 notae.

710 5499 823 5574 (96)
861 5494 1025 5553 ’Υιιῶν
1067 5498 1104 5550 Α
1115 5536 1127 5553 .

713 5678 796 5753 (η)
825 5679 1279 5737 Contexturam.
1309 5672 1707 5733 Prudentiam.
1742 5675 1906 5749 Forte
1934 5669 2223 5749 interpres
2246 5670 2471 5731 invenit
2503 5669 2740 5727 σύνθεσιν
2767 5676 2872 5730 aut
2902 5666 3063 5730 aliud
3094 5668 3240 5747 quid
3262 5668 3471 5729 simile.
