4038 6226
133 239 259 303 ιειιτ
1163 225 1526 295 Continui.
1572 227 1639 292 IN
1677 225 2019 302 JUANNEM.
2061 267 2126 275 —
2157 229 2312 290 CAP.
2356 229 2457 288 ιχ.
3358 238 3494 301 43,8

133 369 327 433 ἤνοιξαν
370 373 460 421 καὶ
505 367 648 421 ἄλλοι
678 367 972 441 ὀφθαλμούς
1007 365 1121 437 (97)
1156 385 1168 397 ο
1216 363 1408 436 τυφλοῦ
1440 360 1500 416 δὲ
1549 361 1603 415 ἐκ
1638 381 1721 434 γε-

1895 360 2048 416 mile.
2085 359 2227 416 Caeci
2251 375 2513 432 namque
2543 361 2746 418 oculos
2776 361 2872 420 alii
2899 365 3077 423 etiam
3099 378 3485 441 aperuerunt,

133 468 267 521 νετῆς
312 460 427 527 (98)
471 455 661 519 οὐδείς.
714 460 910 512 Λοιπὸν
957 460 1125 509 τοίνυν
1169 458 1227 508 τὸ
1267 453 1582 529 ὑπερϐάλλον
1631 461 1722 505 τοῦ

1897 449 1972 505 eci
2021 465 2160 505 vero
2211 465 2248 505 a
2292 450 2596 506 nativitate
2639 451 2858 508 nullus.
2903 456 3244 527 Magnitudo
3291 460 3492 534 itaque

135 553 388 622 θαύματος
420 551 551 601 θεῖόν
582 567 698 600 τινα
723 544 948 600 δεικνύει
975 550 1062 598 τόν
1085 544 1303 619 ἐργάτην
1329 543 1506 597 αὐτοῦ.
1540 543 1596 595 Ὀ
1623 546 1723 616 γὰρ

1902 537 2105 594 iraculi
2136 537 2404 594 divinum
2440 541 2790 612 quempiam
2813 557 2942 599 esse
2985 545 3118 615 ejus
3151 546 3490 606 effectorem

134 643 303 713 μεῖζον
330 640 532 691 πάντων
559 647 656 690 τῶν
684 635 1014 710 ἀνθρωπίνων
1043 637 1318 708 θαυμάτων
1346 643 1504 687 ποιῶν
1536 634 1725 705 μείζων

1897 628 2112 683 uendit.
2147 630 2293 684 Nam
2321 631 2421 700 qui
2454 629 2652 700 majus
2674 632 2922 704 aliquod
2947 633 3068 688 edit
3121 636 3492 704 miraculum,

134 732 237 804 ἄρα
261 731 460 782 πάντων
483 735 583 780 τῶν
613 725 881 802 ἀνθρώνων
915 724 1074 780 ἐστίν.

1903 734 2022 773 iam
2040 718 2154 772 sint
2177 718 2450 772 universa
2469 717 2737 776 humana
2760 722 3066 789 miracula,
3086 725 3289 796 utique
3306 729 3498 797 major

1840 812 1927 862 est
1951 807 2176 862 cunctis
2197 807 2568 864 hominibus.

210 906 589 977 ’Δπεκρίθησαν
721 932 791 946 -
871 904 1042 975 ἡμᾶς;
1137 901 1250 953 Οὐκ
1343 905 1560 972 ἤνεγκαν
1643 903 1728 952 τὸν

1911 897 2070 951 Vers.
2121 896 2208 952 34.
2252 896 2702 966 Responderunt
2749 930 2813 941 -—
2858 918 2956 956 nos
2992 903 3019 956 ?
3060 906 3186 959 Non
3239 903 3499 962 tulerunt

137 995 366 1069 λαμπρόν
435 993 649 1065 ἔλεγχον
707 996 794 1044 καὶ
868 996 961 1050 τὴν
1027 999 1275 1063 περιφανῆ
1331 995 1516 1048 νίκην·
1589 1009 1727 1062 περι-

1907 985 2216 1041 anit‘estam
2237 986 2712 1056 redargutionem
2725 1005 2795 1045 ac
2812 990 3148 1062 praeclaram
3163 994 3464 1051 victoriam
3483 1013 3497 1050 :

137 1088 420 1158 τραπείσης
467 1078 528 1134 δὲ
583 1089 677 1144 τῆς
730 1085 984 1153 πονηρίας
1039 1082 1174 1132 κατά
1246 1087 1340 1141 τῆς
1398 1079 1591 1132 ἑαυτῶν
1654 1098 1732 1132 κε-

1898 1089 2131 1130 >nversa
2159 1081 2360 1130 autem
2401 1073 2622 1131 malitia
2651 1077 2710 1132 in
2765 1094 2943 1134 suum
2988 1081 3258 1152 ipsorum
3293 1090 3493 1155 caput,

139 1172 317 1244 γαλῆς,
388 1171 715 1245 ὀργισθέντες
779 1168 992 1245 ὕϐριζον
1060 1168 1172 1239 (99)
1245 1168 1416 1234 αὐτόν,
1481 1168 1729 1238 λέγοντες·

1909 1161 2135 1234 dignati
2163 1168 2304 1218 sunt
2323 1163 2401 1220 illi
2433 1163 2726 1222 dicentes:
2755 1166 3038 1225 Peccator
3064 1172 3302 1227 omnino
3324 1176 3502 1229 natus

140 1260 446 1334 Αμαρτωλός
527 1263 590 1312 σὺ
663 1258 938 1330 ἐγεννήθης
1019 1257 1162 1319 ὅλως,
1231 1261 1393 1328 ἤγουν
1476 1262 1564 1315 τὴν
1641 1257 1735 1331 ἀρ-

1907 1293 1921 1318 ,
1956 1255 2079 1308 sive
2109 1252 2384 1320 abinitio,
2411 1269 2446 1309 a
2476 1255 2671 1326 prima
2702 1256 2899 1313 statim
2925 1263 3113 1315 aetate.
3145 1261 3497 1332 Insipienter

135 1356 263 1423 χὴν,
323 1350 380 1402 ἐκ
443 1354 651 1422 πρώτης
707 1348 928 1408 ἡλικίας.
987 1345 1363 1419 ’Υπελοὶμϐανον
1419 1349 1520 1420 γὰρ
1578 1345 1730 1398 αὐτόν

1908 1358 2108 1415 imque
2138 1342 2558 1413 opinabantur,
2591 1351 2832 1417 propter
2862 1352 3106 1418 peccata
3144 1349 3345 1423 aliqua
3374 1367 3503 1408 esse

139 1439 362 1501 ἀνοήτως
429 1435 500 1490 δι’
560 1436 818 1512 ἁμαρτίας
867 1439 1005 1496 τινας
1060 1435 1247 1508 τυφλὸν
1303 1438 1613 1508 γεννηθῆναι
1666 1437 1734 1499 εἰς

1904 1438 2053 1486 itum
2070 1447 2316 1496 caecum,
2339 1438 2398 1489 ut
2416 1434 2944 1492 ostenderenteum
2969 1453 3098 1494 esse
3122 1447 3499 1510 peccatorem.

138 1525 403 1591 ἀπόδειξιν
461 1534 552 1580 τοῦ
615 1524 744 1579 εἶναι
805 1526 962 1578 αὐτόν
1025 1525 1346 1598 ἁμαρτωλὸν.
1408 1529 1590 1578 Καίτοι
1646 1531 1733 1577 καὶ

1910 1520 2026 1593 :qui
2055 1521 2288 1578 etiamsi
2310 1528 2585 1593 peccator
2604 1530 2748 1594 erat,
2778 1541 3082 1582 sermones
3099 1528 3227 1599 ejus
3250 1530 3505 1601 probare

138 1617 438 1694 ἁμαρτωλός
464 1616 549 1669 ἐὰν
581 1613 663 1682 ἦν,
697 1619 816 1678 τοὺς
844 1615 1028 1687 λόγους
1067 1612 1173 1667 ἔδει
1202 1617 1387 1668 τούτου
1421 1611 1733 1688 δοκιμάσαι,

1914 1611 2124 1675 iortuit,
2158 1610 2211 1666 si
2234 1612 2351 1667 veri
2377 1617 2598 1668 essent:
2626 1614 2772 1685 quid
2795 1615 2954 1671 enim
2982 1617 3231 1673 absurdi
3257 1619 3509 1676 dixerat?

141 1708 184 1761 εἰ
209 1707 414 1767 ἀληθεῖς
444 1705 547 1758 εἰσι
581 1723 592 1735 ·
624 1709 674 1758 τί
697 1707 798 1777 γὰρ
828 1706 1020 1757 οἶτοπον
1051 1701 1185 1757 εἶπεν
1210 1721 1223 1770 ;

1923 1703 2079 1757 Vers.
2113 1699 2201 1756 34.
2230 1701 2306 1756 Et
2332 1732 2396 1740 —
2426 1703 2608 1772 foras.
2639 1702 2728 1758 Ab
2758 1704 3006 1762 ecclesia
3033 1712 3090 1762 et
3115 1709 3397 1766 concione
3421 1725 3509 1766 re-

215 1801 313 1851 Καὶ
359 1827 427 1838 ——
475 1795 589 1858 ἔξω.
667 1794 1103 1866 Ἀποσυνάγωοιόν
1173 1793 1423 1853 ἐποίησαν
1496 1797 1581 1848 τόν
1647 1801 1741 1854 κή-

1914 1787 2134 1846 1lerunt
2174 1806 2516 1862 praeconem
2545 1792 2828 1859 veritatis,
2862 1799 3149 1868 tanquam
3181 1798 3391 1854 Christi
3421 1799 3509 1855 di-

138 1907 275 1962 ρυκα
333 1895 428 1947 τῆς
489 1884 751 1951 ἀληθείας,
809 1888 877 1948 ὡς
941 1887 1179 1957 μαθητὴν
1252 1881 1407 1944 δῆθεν
1461 1892 1554 1937 τοῦ
1611 1892 1733 1958 Χρι-

1911 1879 2170 1952 ιίρυιυω.
2202 1879 2347 1935 Cum
2375 1881 2533 1936 enim
2582 1881 2943 1940 miraculum
2990 1885 3346 1944 calumniari
3383 1905 3506 1946 non

143 1984 292 2030 στοῦ.
344 1980 430 2033 Μὴ
483 1971 784 2034 δυνηθέντες
838 1976 937 2047 γὰρ
995 1975 1282 2047 ἐπηρεάσαι
1357 1981 1429 2044 τῷ
1493 1976 1738 2047 θαύματι,

1915 1969 2205 2035 )tuissent,
2241 1970 2364 2026 imo
2395 1971 2592 2042 potius
2617 1987 2650 2027 θ
2698 1973 2933 2030 diverso
2976 1975 3204 2032 celebre
3255 1978 3390 2034 illud
3419 1995 3510 2035 ve-

145 2066 441 2119 τούναντίον
492 2060 551 2117 δὲ
598 2063 787 2134 μᾶλλον
831 2062 1138 2138 περιϐόητον
1186 2063 1310 2115 αὐτὸ
1365 2059 1460 2115 διὰ
1500 2071 1593 2124 τῆς
1649 2082 1740 2115 πο-

1914 2059 2115 2115 :meuti
2171 2074 2242 2114 ac
2297 2060 2535 2116 curiosa
2595 2061 3044 2134 investigatione
3095 2065 3509 2139 reddidissent,

139 2155 603 2230 λυπραιγμοσύνης,
629 2157 961 2220 ποιήσαντες,
985 2160 1194 2206 κενοῦσι
1214 2153 1294 2224 (1)
1316 2155 1402 2205 τὸν
1427 2154 1586 2225 θυμόν
1612 2155 1734 2206 κατὸ

1917 2165 2031 2204 ium
2056 2146 2376 2205 effundunt
2391 2148 2652 2206 furorem
2677 2151 2966 2208 adversus
2988 2169 3128 2210 eum
3150 2155 3249 2225 qui
3269 2163 3512 2214 curatus

145 2252 236 2298 τοῦ
265 2245 684 2316 θεραπευθέντος.

476 2245 684 2304 νθέντος.
1855 2239 2071 2294 fuerat.

211 2336 475 2391 ’Ἤκουσεν
547 2367 614 2377 -
671 2340 836 2406 Osci);
908 2334 1161 2406 Ἔρχεται
1230 2335 1406 2406 μεῖζον
1492 2333 1748 2408 εὖεργετὴι

1933 2327 2102 2383 Vers.
2134 2327 2224 2382 35.
2264 2327 2510 2384 Audiuit
2561 2361 2629 2372 —
2661 2329 2809 2386 Dei?
2850 2333 3017 2389 Venit
3045 2337 3110 2389 ut
3157 2335 3350 2406 majus
3380 2351 3519 2392 con-

141 2447 248 2480 σοιν
277 2429 363 2478 τὸν
406 2423 714 2482 ἐκϐληθέντα
759 2420 831 2476 δι’
878 2424 1053 2489 αὐτόν,
1104 2427 1194 2475 καὶ
1239 2419 1438 2476 δίδωσι
1480 2427 1538 2475 τὸ
1591 2425 1736 2496 κεφά-

1925 2423 2032 2472 rret
2063 2417 2538 2488 beneﬁciumilli,
2573 2420 2675 2490 qui
2698 2426 2937 2493 propter
2958 2439 3020 2478 se
3049 2422 3242 2480 fuerat
3267 2424 3520 2496 ejectus,

138 2516 282 2568 ὶαιον
363 2523 465 2566 τῶν
539 2513 768 2586 ἀγαθῶν,
847 2513 1114 2588 ’γνωρίζων
1188 2512 1368 2565 ἑαυτὸν
1439 2513 1602 2583 αὐτῷ,
1661 2519 1733 2565 κα

1926 2507 2146 2578 iodque
2171 2507 2471 2563 bonorum
2504 2514 2686 2580 caput
2728 2517 2821 2566 est
2846 2510 3066 2582 tribuit,
3101 2529 3226 2568 sese
3250 2513 3329 2570 illi
3365 2531 3521 2587 pras-

139 2607 378 2678 μαθητὴν
413 2602 582 2675 ἀγαθὴ
615 2610 776 2656 ποιῶν
800 2619 814 2633 ⁶
843 2605 899 2655 τὸ
928 2599 986 2654 δὲ
1019 2605 1083 2654 σὺ
1121 2597 1192 2654 δι’
1225 2600 1450 2664 ἐκείνους
1493 2600 1629 2655 εἶπεν

1921 2612 2012 2651 ins
2025 2596 2532 2666 cognoscendum,
2549 2613 2620 2653 ac
2633 2614 2840 2654 verum
2853 2601 3112 2657 efﬁciens
3129 2602 3516 2675 discipulum.

143 2695 512 2754 ἀπιστοῦντας.
1863 2685 2034 2753 Quod
2064 2692 2263 2742 autem
2293 2686 2410 2742 ait:
2449 2687 2553 2751 Tu,
2586 2694 2829 2759 propter
2861 2689 2994 2746 illos
3044 2691 3209 2757 dixit,
3244 2693 3349 2764 qui
3397 2709 3520 2750 non

1863 2773 2198 2831 credebant.

222 2871 510 2947 Ἀπεκρίθη
570 2902 638 2913 -
691 2869 884 2937 αὐτόνς
928 2869 1280 2943 Ἀνεπτερὼθη
1345 2879 1416 2941 τῷ
1476 2870 1632 2942 λόγῳ,
1691 2873 1756 2932 ὣς

1937 2865 2101 2921 Vers.
2135 2869 2222 2921 36.
2256 2866 2582 2936 Respondit
2623 2899 2694 2908 —
2719 2883 2849 2925 eum
2877 2869 2906 2923 Ῠ
2953 2872 3064 2941 Spe
3111 2871 3274 2928 bona
3319 2873 3398 2945 (ο)
3444 2873 3522 2930 ad

151 2966 362 3035 ἕτοιμος
407 2961 478 3024 εἰς
506 2965 565 3013 τὸ
597 2969 901 3024 πιστεῦσαι,
933 2964 1025 3012 καὶ
1059 2961 1207 3021 ζητεῖ
1252 2963 1434 3033 μαθεῖν
1463 2965 1542 3022 τίς
1593 2959 1746 3012 ἐστιν⁴

1928 2970 2206 3010 rmonem
2238 2961 2468 3011 erectus
2500 2961 2608 3025 est,
2663 2963 2952 3030 tanquam
2985 2967 3232 3031 paratus
3270 2961 3349 3018 ad
3403 2977 3523 3019 cre-

154 3053 215 3105 οὗ
241 3054 346 3126 γὰρ
380 3051 640 3110 ἠπίστατο
666 3056 747 3113 τίς
775 3049 937 3104 ἐστιν.

1929 3044 2135 3098 indum
2167 3061 2179 3098 :
2222 3050 2274 3099 et
2306 3044 2530 3100 discere
2568 3049 2798 3118 quaerit,
2836 3049 3114 3120 quisnam
3157 3050 3274 3121 sit;
3332 3068 3524 3125 neque

1870 3133 2032 3188 enim
2067 3133 2310 3200 sciebat,
2351 3134 2488 3206 quis
2508 3141 2676 3190 esset.

228 3226 360 3281 Εἷπε
419 3260 471 3269 -
506 3225 666 3282 ἐστίν.
722 3259 784 3269 -—
841 3227 1096 3301 Ἑώρακας
1148 3226 1324 3291 αὐτὸν,
1381 3227 1439 3278 οὗ
1489 3231 1758 3301 πρότερον,

1945 3223 2105 3278 Vers.
2134 3223 2222 3277 37.
2256 3224 2415 3279 Dixit
2457 3255 2521 3264 —
2554 3231 2653 3301 est.
2721 3225 2929 3282 Vidi.in
2964 3243 3093 3284 eum
3129 3244 3142 3283 :
3178 3245 3293 3285 non
3335 3229 3525 3302 prius,

152 3317 292 3370 ἀλλὰ
333 3329 445 3372 νυν.
495 3322 597 3371 Καὶ
637 3317 731 3369 οὐκ
767 3317 923 3384 εἶπεν,
971 3322 1102 3388 Ἐγὼ
1179 3315 1285 3387 εἰμι
1337 3316 1363 3367 ό
1411 3315 1613 3378 ἀνοίξας
1642 3320 1747 3368 rant

1930 3313 1984 3369 id
2015 3328 2188 3368 nunc.
2222 3314 2348 3368 Non
2376 3312 2542 3380 dixit,
2593 3317 2711 3385 Ego
2739 3333 2897 3381 sum,
2930 3320 3033 3389 qui
3067 3318 3274 3390 aperui
3317 3320 3525 3378 oculos

155 3407 464 3480 ὀφθαλμούς
517 3425 632 3461 σου.
682 3405 924 3460 Βούλεται
972 3408 1070 3478 γὰρ
1130 3401 1299 3467 δεῖξαι
1349 3408 1405 3457 τό
1465 3403 1750 3478 ἀπερίεργοι

1932 3418 2035 3458 IOS.
2079 3401 2212 3457 Vult
2240 3401 2400 3458 enim
2431 3403 2873 3475 simplicitatem
2902 3422 2973 3462 ac
3026 3407 3527 3480 praeparationem

151 3505 256 3558 τῆς
320 3501 553 3557 πίστεως
599 3495 757 3548 αὐτοῦ
829 3498 959 3568 πρὸς
1011 3493 1251 3567 ὠφέλειαν
1309 3503 1409 3545 τῶν
1479 3502 1746 3552 τηνικαῡτι

1936 3493 1964 3564 ι)
1995 3491 2135 3548 tidei
2177 3491 2332 3547 illius
2389 3493 2719 3561 ostendere,
2761 3495 2836 3550 ad
2870 3511 3067 3550 eorum
3112 3497 3218 3568 qui
3274 3513 3531 3569 praesen-

152 3590 457 3658 παρόντων,
519 3589 609 3637 καὶ
662 3583 909 3657 ἐντροπὴν
958 3592 1057 3636 τῶν
1119 3588 1206 3635 καὶ
1252 3582 1418 3636 πολλὰ
1475 3580 1747 3656 διδαχθέν·

1943 3600 1970 3636 s
2015 3586 2184 3638 erant
2213 3582 2542 3649 utilitatem,
2578 3599 2648 3638 ac
2678 3584 3092 3641 confusionem
3139 3602 3372 3656 eorum,
3426 3588 3534 3660 qui

153 3696 289 3738 των,
368 3677 454 3725 καὶ
511 3673 672 3726 πολλά
732 3680 925 3739 σημεῖα
986 3675 1330 3744 θεασαμένων,
1382 3677 1470 3724 καὶ
1541 3679 1612 3745 μὴ
1691 3694 1748 3726 πι

1942 3689 2012 3726 im
2032 3671 2211 3726 multa
2233 3671 2423 3728 edocti
2439 3673 2978 3746 essent,multaque
2999 3675 3174 3744 signa
3190 3678 3537 3749 conspexis-

157 3765 500 3816 στευσοίντων
556 3765 649 3817 ἔτι.
701 3769 866 3815 Μόνον
913 3765 1013 3834 γὰρ
1079 3759 1306 3822 ἀκούσας
1362 3764 1442 3814 ὅτι
1496 3761 1554 3813 ⁸0
1610 3762 1752 3814 λαλῶ

1941 3767 2030 3825 :nt,
2065 3776 2184 3816 non
2214 3765 2416 3816 tamen
2447 3762 2642 3818 adhuc
2674 3764 3012 3819 credebant.
3062 3764 3210 3821 Nam
3241 3765 3353 3822 hoc
3407 3765 3536 3823 solo

154 3854 300 3926 μετά
340 3849 354 3862 ⁸
405 3858 500 3903 σοῦ
609 3851 796 3913 ἐκεῖνός
916 3849 1080 3915 ἐστιν,
1185 3850 1335 3913 εὐθὺς
1451 3853 1749 3903 ἐπίστευσεν

1944 3851 2091 3905 idito
2125 3865 2136 3904 :
2169 3850 2364 3922 thui
2385 3851 2654 3922 loquitur
2683 3859 2871 3909 tecum
2904 3855 3026 3922 ipse
3041 3860 3140 3920 est,
3165 3855 3363 3911 statim
3417 3870 3539 3911 cre-

152 3941 382 4013 Ἦψατο
410 3943 510 4013 γὰρ
543 3942 568 3992 ό
609 3940 757 4012 λόγος
798 3939 987 3992 αὐτίκα
1031 3949 1122 4000 τῆς
1169 3940 1330 3992 αὐτοῦ
1357 3939 1564 4011 ψυχῆς,
1618 3941 1746 4011 εὑρὼ

1951 3939 2077 4004 dit;
2120 3953 2316 3994 sermo
2349 3957 2610 4012 namque
2641 3942 2905 3997 animam
2931 3942 3084 3998 illius
3124 3950 3368 4014 repente
3413 3945 3542 4000 teti-

158 4032 338 4088 αὐτὴν
366 4031 591 4102 ἀγαθὴν,
623 4034 711 4082 καὶ
737 4027 1060 4102 κατεὶαμψεν
1088 4029 1249 4088 αὐτὴν
1281 4028 1347 4090 εἰς
1385 4029 1662 4101 ἐπίγνωσιν
1687 4048 1753 4080 κα

1953 4034 1991 4090 t,
2024 4043 2278 4099 cumque
2306 4028 2532 4083 bonam
2560 4029 2720 4084 illam
2751 4031 3095 4097 invenisset,
3155 4032 3224 4086 ad
3252 4032 3542 4101 cognitio-

157 4126 357 4175 πίστιν
371 4165 385 4177 .
413 4119 550 4194 Ὀρα
571 4121 695 4192 γάρ.

1889 4132 2028 4172 nem
2060 4133 2130 4171 ac
2161 4116 2341 4171 tidem
2383 4133 2520 4172 eam
2558 4118 2931 4175 illuminavit.
2974 4121 3115 4174 Vide
3144 4121 3324 4175 enim.

238 4209 303 4262 Ὀ
379 4205 439 4262 δε
484 4240 552 4249 -
596 4207 762 4280 αὐτῷ.
823 4209 1206 4282 Προσεκύνησε,
1263 4204 1487 4279 βεϐαιῶν
1540 4209 1621 4259 ὅτι
1673 4206 1780 4259 ἐπί-

1963 4205 2128 4260 Vers.
2162 4209 2246 4262 38.
2267 4207 2346 4260 At
2369 4208 2474 4262 ille
2501 4239 2570 4248 —
2595 4223 2733 4264 eum.
2767 4208 3061 4275 Adoravit,
3089 4209 3451 4265 conﬁrmans
3483 4226 3544 4266 se

160 4319 391 4354 στευσε.

1893 4295 2151 4351 credere.

250 4393 357 4442 Καὶ
416 4419 484 4428 -
530 4391 798 4460 γένωνται.
884 4390 984 4440 Καὶ
1035 4389 1138 4458 μὴν
1181 4389 1353 4438 όπίσω
1406 4387 1602 4458 εἴρηκεν
1636 4402 1649 4416 ·
1704 4386 1785 4437 ὅτι
1818 4426 1845 4478 Ι

1967 4387 2126 4439 Vers.
2159 4383 2247 4440 39.
2278 4384 2357 4439 Et
2386 4415 2454 4424 —
2481 4386 2653 4454 ﬁant.
2685 4385 2862 4458 Atqui
2892 4386 3163 4457 superius
3185 4386 3334 4443 dixit
3372 4388 3546 4445 :Non

158 4479 290 4532 Οὐκ
372 4476 668 4530 ἀπέστειλεν
732 4477 758 4528 ὁ
831 4479 955 4537 Θεὸς
1005 4478 1093 4528 τόν
1161 4475 1280 4528 Υίόν
1334 4474 1494 4527 αὐτοῦ
1556 4475 1622 4535 εἰς
1699 4479 1753 4527 τό

1957 4475 2049 4529 isit
2067 4474 2220 4530 Deus
2241 4474 2463 4530 Filium
2481 4491 2650 4530 suum
2662 4475 2725 4530 in
2744 4475 3052 4541 mundum,
3073 4482 3139 4532 ut
3155 4476 3551 4547 judicetmun-

155 4577 406 4641 κόσμον,
483 4569 566 4618 ἶνα
610 4571 760 4640 κρίνῃ
832 4569 920 4618 τὸν
975 4570 1192 4637 κόσμον.
1271 4563 1428 4617 ’Λλλά
1483 4571 1647 4636 κρῖμα
1698 4572 1750 4615 vi]

1956 4581 2036 4619 im
2054 4565 2123 4629 ⁸³,
2144 4563 2248 4618 sed
2260 4562 2554 4634 judicium
2573 4568 2743 4620 vocat
2760 4565 2854 4619 hic
2867 4564 3448 4622 condemnationem.
3462 4567 3551 4624 Ad

153 4663 228 4712 τὸ
291 4657 596 4731 κατάκριμα
647 4656 802 4728 λέγει,
862 4656 942 4708 ὅτι
994 4654 1083 4715 Εἰς
1129 4655 1432 4727 κατάκριμα
1501 4653 1599 4726 ἐγὼ
1651 4653 1748 4712 ἐνηι

1960 4653 2487 4717 ιιιάεωιιειιιοῑιθω,
2503 4653 2713 4725 inquit,
2729 4654 3134 4726 quorumdam
3155 4670 3266 4725 ego
3282 4655 3555 4714 incarna-

160 4749 450 4824 Θρώπησοί
531 4765 700 4801 τινων.
780 4743 1142 4820 Ἐφερμηεύων
1226 4745 1328 4818 γὰρ
1425 4746 1512 4795 τὸν
1615 4742 1755 4815 λόγον

1963 4760 1990 4798 s
2022 4758 2157 4798 sum
2192 4757 2368 4799 :nam
2401 4743 2798 4816 interpretans
2839 4759 3176 4802 sermonem
3219 4745 3432 4805 addit:
3479 4747 3554 4806 Ut

251 4927 308 4962 ’³
335 4925 508 4981 Joan.
550 4939 628 4990 ιιι,
669 4929 748 4980 l7.

1437 5046 1655 5116 Varia
1699 5045 2030 5116 lectiones
2057 5057 2122 5115 et
2147 5054 2352 5116 notae.

288 5195 387 5334 97;
423 5191 754 5266 Ὀφθαλμούς
774 5191 990 5251 omittit
1019 5191 1081 5248 Β.

290 5271 363 5324 98
423 5272 673 5328 Γεννητῆς
704 5273 765 5321 Α.

802 5191 990 5250 »ωίῐίὶῑ
1019 5191 1081 5248 Β.
2008 5190 2060 5260 1)
2091 5196 2307 5244 Κινοῦσι
2335 5196 2397 5246 Α.

1982 5191 2059 5334 ἔρ.)
2097 5267 2230 5326 Τοὺς
2267 5262 2397 5320 vide

290 5261 387 5331 98)
423 5261 673 5328 Privati;
704 5273 765 5321 A.

1982 5261 2059 5331 (2)
2097 5267 2230 5326 Τοὺς
2267 5262 2501 5320 videtur
2537 5261 2906 5322 addendum.

288 5199 356 5253 97
423 5195 776 5266 Ὀφθαλμούςι

290 5271 363 5324 98
423 5272 673 5328 Γεννητῆς
704 5273 765 5321 Α.

255 5195 387 5414 ἓθθξ
424 5336 776 5414 ’Υϐρίξουσιν.

262 5535 358 5610 (ο)
398 5533 514 5604 Spe
544 5535 714 5603 bona,
746 5536 856 5590 etc.
913 5529 1183 5588 Elevatus
1226 5533 1313 5588 est
1361 5545 1636 5587 sermone
1665 5529 1798 5596 hoc,

1974 5527 2536 5613 r‘ptiwpardtionent,
2579 5532 2724 5613 μασι
2759 5525 3146 5613 τὸεᾲπερίεργον
3196 5537 3290 5594 τῆς
3342 5533 3569 5613 πίστεως

145 5599 519 5682 “induam.
699 5599 709 5603 ’
1125 5674 1188 5684 ___
1314 5673 1326 5684 ‘
1639 5678 1648 5684 _
1769 5677 1779 5684 .
1917 5605 2005 5684 est
2038 5599 2170 5684 ejus
2194 5599 2300 5684 qui
2349 5599 3205 5684 simpliciterlcredit,qu'i'sine
3230 5604 3398 5684 omni
3451 5605 3571 5684 liae-

266 5671 361 5758 (ᾖ)
402 5677 870 5750 Simplicitatem,
941 5678 1050 5733 etc.
1125 5674 1226 5731 Hic
1275 5673 1480 5732 abesse
1553 5677 1803 5749 poterat,
1918 5671 2229 5739 sitatione,‘
2258 5671 2626 5731 dubitatione
2661 5678 2716 5730 et
2755 5671 2946 5732 nimia
2966 5671 3307 5733 curiositate
3360 5678 3569 5738 credit.
