4038 6226
617 244 753 303 1319

1923 238 2266 305 ΕυΤΗΥΜΙΙ

2380 235 2667 305 lGABENl
3758 238 3855 299 i320

614 376 719 447 qui
738 390 858 431 non
879 374 1101 439 vident,
1135 373 1248 429 hoc
1274 378 1381 437 est,
1410 374 1506 444 qui
1525 372 1870 443 judicantur
1901 373 2041 428 caeci
2069 375 2267 427 mente

2380 376 2560 444 φησιν,
2631 370 2741 424 Ἰνα
2787 372 2837 423 οἱ
2900 375 2973 443 μὴ
3045 369 3327 443 βλέποντες,
3397 373 3540 441 ἣγουν
3606 370 3648 420 οἱ
3708 364 3857 420 δοκοῦν-

617 463 1305 536 propterScripturarum
1340 462 1758 531 ignorantiam,
1789 463 1884 518 hic
1916 462 2158 517 videant
2182 462 2269 517 lu-

618 568 758 608 men
788 552 1053 608 veritatis
1086 552 1305 621 apertis
1335 552 1546 606 animae
1588 568 1795 608 eorum
1843 550 2050 617 oculis,
2080 551 2157 606 ab
2197 566 2269 606 ea

617 658 751 712 quae
778 641 838 695 in
864 657 955 694 me
986 644 1075 693 est
1105 639 1239 693 ﬁde.
1277 640 1384 705 Qui
1411 647 1611 695 autem
1662 640 2032 711 perspicaces
2064 639 2267 694 viden-

618 736 711 784 tur
751 734 990 800 propter
1022 728 1461 799 Scripturarum
1496 729 1787 795 notitiam,
1822 729 1881 783 hi
1910 728 2107 800 potius
2156 743 2268 782 non

618 817 872 883 videant,
902 817 1123 873 clausis
1157 834 1363 873 eorum
1394 818 1769 874 interioribus
1801 818 1989 873 oculis
2018 818 2097 874 ab
2138 816 2269 872 inﬁ-

617 906 871 963 delitate.

687 996 1014 1054 Dictionem
1046 1012 1185 1051 vero
1226 1002 1304 1062 ut,
1344 1012 1538 1069 neque
1563 997 1659 1051 hic
1689 1001 1921 1068 oportet
1949 995 2269 1066 intelligere

616 1085 950 1149 causaliter;
973 1101 1093 1141 non
1110 1086 1269 1140 enim
1288 1086 1659 1157 propterboc
1676 1086 1855 1151 venit,
1877 1090 1935 1139 ut
1951 1085 2054 1156 qui
2070 1085 2270 1140 vident

617 1177 758 1232 caeci
794 1177 965 1244 ﬁant,
1013 1175 1529 1245 quemadmodum
1566 1175 1745 1231 etiam
1768 1174 1842 1229 de
1878 1175 2029 1237 ut,in
2053 1190 2273 1244 praece-

616 1265 889 1321 dentibus
913 1264 1404 1334 signiﬁcavimus,
1432 1266 1537 1319 sed
1556 1266 1716 1337 quod
1740 1264 1919 1319 futuri
1950 1265 2021 1317 sit
2046 1262 2272 1331 signiﬁ-

617 1356 829 1419 cativa;
881 1354 1161 1419 futurum,
1186 1354 1396 1424 inquit,
1432 1362 1535 1419 est,
1576 1362 1639 1409 ut
1671 1354 1773 1424 qui
1796 1369 1917 1408 non
1950 1352 2149 1407 vident
2194 1352 2272 1407 vi-

617 1443 816 1509 deant,
851 1446 903 1497 et
923 1442 1027 1512 qui
1052 1442 1243 1497 vident
1274 1442 1406 1497 caeci
1446 1444 1618 1511 ﬁant.

688 1534 818 1597 Aut,
846 1533 910 1586 In
926 1531 1226 1601 judicium
1248 1546 1351 1601 ego
1370 1534 1431 1586 in
1460 1532 1742 1586 mundum
1760 1531 1911 1597 veni,
1942 1532 2051 1584 hoc
2077 1528 2268 1599 est,ad

616 1621 1101 1685 discernendum,
1135 1622 1208 1676 ad
1235 1623 1673 1692 separationem
1694 1621 1908 1674 horum
1938 1618 2017 1673 ab
2047 1617 2184 1682 illis,
2206 1623 2270 1672 ut

2378 480 2459 522 τες
2510 460 2691 533 τυφλοὶ
2744 464 2832 512 τὸν
2886 468 3004 511 νοῦν
3062 466 3125 531 τῇ
3205 458 3375 531 ἀγνοίᾳ
3431 466 3519 509 τῶν
3570 462 3757 529 Γραφῶν,
3799 456 3859 507 οὗ.

2378 569 2455 602 τοι
2491 549 2729 622 βλέπωσι
2781 553 2840 601 τὸ
2882 558 2987 621 φῶς
3027 557 3117 609 τῆς
3165 547 3417 612 ἀληθείας,
3465 543 3766 616 διανοιγέντων
3803 546 3862 595 ω.)-

2380 646 2487 701 τοῖς
2517 648 2616 691 τῶν
2644 638 2893 710 ψυχικῶν
2926 638 3197 710 ὀφθαλμῶν
3225 639 3319 689 ὑπὸ
3347 647 3434 696 τῆς
3464 636 3527 696 εἰς
3568 634 3642 706 ἔμε
3675 639 3858 693 πίστεως·

2379 729 2528 781 αύτοὶ
2557 725 2614 781 δὲ
2636 731 2683 780 οἱ
2702 725 2971 789 δοκοῦντες
3002 724 3297 802 ὀξυδερκεῖς
3320 734 3377 799 τῇ
3401 731 3572 796 γνώσει
3593 733 3676 776 τῶν
3695 729 3861 793 Γραγὼν,

2378 818 2521 870 οὗτοι
2550 817 2735 890 μᾶλλοι
2764 821 2834 889 μὴ
2872 815 3124 889 βλέπωσι,
3168 817 3433 888 μυσάντων
3460 813 3613 872 αὐτοῖς
3651 820 3730 862 τῶν
3764 807 3861 861 ἔνδον

2379 907 2653 979 ὀφθαλμῶν
2683 908 2784 979 ῦμό
2818 906 3088 968 ἀπιστίας.

2452 995 2731 1049 Κάνταῦθα
2784 993 2843 1049 δὲ
2881 1000 2940 1048 τὸ
2995 998 3078 1047 ἶνα
3143 995 3201 1047 ού
3248 999 3356 1067 χρὴ
3407 1000 3525 1045 νοεῖν
3577 990 3859 1059 αἰτιολογικον,

2380 1086 2455 1138 Ou’
2504 1090 2602 1157 γὰρ
2655 1082 2749 1138 διὰ
2818 1093 2969 1138 τοῦτο
3011 1082 3176 1149 ἦλθεν,
3237 1087 3318 1135 ἵνα
3367 1086 3413 1135 οἱ
3466 1081 3703 1154 βλέποντες
3745 1079 3867 1148 τυφλοῖ

2377 1181 2645 1247 γένωνται,
2705 1173 2833 1227 ἀλλὰ
2890 1174 3181 1232 δηλωτικὸν
3228 1182 3319 1225 τοῦ
3378 1172 3639 1245 μέλλοντος,
3687 1170 3750 1219 ὅτι
3788 1168 3867 1237 μελε

2378 1264 2556 1317 λουσιν
2614 1266 2663 1316 οἱ
2714 1269 2785 1336 μὴ
2852 1262 3121 1335 βλέποντες
3175 1262 3397 1335 βλέπειν,
3452 1264 3529 1312 καὶ
3575 1261 3619 1311 οἱ
3672 1256 3871 1329 βλέποντες

2378 1355 2720 1427 τυφλοῦσθαι,
2767 1356 2831 1413 ὡς
2882 1359 2970 1405 καὶ
3012 1352 3350 1428 προλαϐόντες
3396 1355 3507 1424 περὶ
3549 1356 3629 1401 τοῦ
3678 1350 3743 1399 ἱνα
3784 1364 3871 1416 παρ-

2379 1444 2834 1517 εσημειωσάμεθα.

2450 1533 2540 1601 ’⁷Η,
2594 1533 2676 1593 Εἰς
2726 1540 2892 1606 κρῖμα
2952 1530 3050 1602 ἐγὼ
3123 1530 3193 1593 εἰς
3263 1534 3349 1582 τὸν
3426 1533 3606 1600 κόσμον
3657 1534 3797 1577 τοῦτον
3820 1523 3871 1589 (3)

2380 1619 2554 1692 ἦλθον,
2615 1622 2724 1675 ἀντὶ
2781 1629 2894 1682 τοῦ,
2958 1623 3029 1682 εἱς
3093 1617 3363 1691 διάκρισιν
3443 1623 3526 1669 καὶ
3590 1614 3871 1687 διαχωρισμὸν

616 1717 905 1784 appareat
927 1712 1010 1782 (q)
1033 1711 1088 1765 in
1115 1713 1206 1767 his
1227 1710 1459 1781 quidem
1481 1714 1825 1780 prospectus
1851 1707 2051 1763 liberae
2070 1706 2269 1762 volun-

2380 1716 2571 1764 τούτων
2602 1731 2655 1764 τι
2696 1709 2964 1775 κάκείνων,
3012 1712 3095 1761 ἶνα
3133 1717 3265 1781 φανῇ
3320 1716 3417 1760 τῶν
3459 1711 3543 1779 μὲν
3590 1707 3615 1763 ἡ
3654 1704 3695 1766 ἐξ
3737 1702 3876 1771 (ﬁdit

618 1805 776 1873 tatis,
809 1819 939 1876 qua;
960 1820 995 1857 a
1020 1802 1285 1857 bonitate
1305 1799 1603 1871 procedit;
1640 1800 1698 1852 in
1720 1797 1847 1852 aliis
1879 1812 2020 1852 vero
2054 1795 2269 1851 mentis

619 1896 955 1959 excaacatio,
990 1907 1125 1964 quae
1156 1907 1190 1945 a
1218 1889 1447 1945 malitia
1474 1887 1798 1957 egreditur.

690 1986 850 2042 Vers.
876 1985 964 2038 40.
998 1985 1149 2037 Et—
1179 1996 1259 2035 eo.
1286 1980 1391 2044 Qui
1416 1976 1717 2049 quondam
1749 1974 1981 2032 fuerant
2009 1990 2147 2029 cum
2179 1990 2265 2039 eo,

615 2075 992 2150 postmodum
1012 2078 1210 2127 autem
1227 2066 1479 2139 separati
1499 2069 1793 2129 erant,aut
1811 2062 1913 2135 qui
1930 2070 2068 2117 tunc
2086 2067 2268 2117 erant.

619 2171 765 2224 Nam
792 2164 1041 2236 quidam
1062 2158 1338 2215 Pharismi
1367 2153 1792 2226 sequebantur,
1837 2156 1897 2207 ut
1928 2150 2195 2207 viderent
2215 2156 2273 2206 et

618 2257 908 2323 audirent,
938 2251 1084 2323 quid
1113 2249 1332 2304 faceret
1361 2262 1431 2299 ac
1484 2245 1839 2313 loqueretur.

689 2345 852 2399 Vers.
879 2342 967 2396 40.
1000 2341 1065 2394 Et
1093 2368 1159 2379 —
1184 2349 1381 2392 sumus
1413 2333 1439 2389 φ
1465 2335 1609 2388 Nam
1629 2332 1782 2384 sicut
1810 2328 1948 2383 alibi
1969 2327 2269 2391 dicebant,

617 2434 840 2493 Nemini
862 2430 1208 2488 seruiuimus
1234 2439 1512 2496 unquam,
1548 2426 1604 2476 et
1628 2436 1640 2474 :
1669 2420 1723 2475 E
1761 2426 1970 2487 stupro
1992 2417 2123 2473 nali
2152 2432 2269 2471 non

618 2541 818 2582 sumus
840 2524 909 2589 9’t;
938 2523 1017 2576 ita
1039 2524 1270 2574 etnunc
1293 2514 1367 2568 ad
1390 2509 1692 2567 seusibilia
1713 2514 1943 2563 tantum
1968 2504 2272 2562 inhiabant

618 2623 674 2672 et
698 2616 771 2670 de
796 2608 1091 2683 corporali
1105 2605 1299 2661 solum
1349 2602 1611 2657 caecitate
1641 2598 1773 2652 illos
1802 2596 2105 2668 pudebat:
2135 2594 2269 2649 ideo

617 2707 693 2762 de
711 2705 826 2759 hac
846 2700 1232 2767 interrogant,
1252 2694 1702 2762 cognoscentes,
1724 2685 1887 2759 quod
1911 2689 2151 2757 propter
2167 2698 2268 2738 eos

618 2796 812 2851 dictus
839 2794 993 2846 esset
1017 2802 1235 2842 sermo.

687 2884 851 2939 Vers.
886 2880 973 2934 41.
996 2878 1099 2932 Ait
1128 2904 1195 2915 —
1216 2877 1545 2943 peccatum.
1579 2869 1654 2921 De
1686 2862 2031 2921 inﬁdelitate
2062 2861 2267 2917 videli-

620 2978 709 3030 cet
750 2988 763 3028 :
799 2985 939 3026 nam
969 2962 1332 3036 respondere
1374 2956 1628 3031 possetis
1670 2974 1682 3010 :
1739 2954 1869 3008 Non
1904 2952 2164 3007 vidimus
2197 2950 2268 3006 si-

619 3078 760 3135 gna.

690 3152 835 3206 Vers
876 3152 963 3203 41.
1003 3146 1173 3202 Nunc
1202 3172 1268 3182 —
1296 3139 1575 3195 videmus.
1610 3134 1726 3190 Vos
1753 3132 1867 3189 hoc
1890 3131 2123 3195 dicitis;
2158 3144 2269 3199 ego

620 3246 819 3299 autem
838 3235 1044 3293 non.Si
1060 3232 1220 3288 enim
1236 3228 1513 3291 videritis,
1530 3222 1846 3279 crederetis
1859 3236 2005 3276 sane
2022 3219 2267 3274 miracu-

617 3334 691 3389 lis
708 3343 963 3404 quteego
976 3339 1177 3380 coram
1191 3320 1361 3375 vobis
1383 3330 1616 3387 operor.
1639 3311 1750 3369 Sed
1764 3319 2060 3383 quantum
2075 3308 2151 3364 ad
2166 3324 2271 3378 ap-

618 3400 965 3495 parentiam,
1025 3413 1273 3474 videtis;
1303 3412 1598 3481 quantum
1654 3418 1785 3458 vero
1817 3402 1895 3456 ad
1938 3400 2266 3465 veritatem,

618 3492 740 3568 non
824 3506 1051 3573 videtis,
1143 3505 1335 3556 mente
1419 3492 1715 3550 excreeati.
1792 3492 1966 3546 Juxta
2032 3502 2270 3559 prover-

618 3600 789 3657 bium
820 3608 1084 3665 namque
1117 3605 1287 3645 mens
1318 3586 1496 3647 videt,
1539 3590 1593 3638 et
1626 3598 1794 3637 mens
1833 3577 2021 3642 audit,
2056 3583 2268 3632 cratera

619 3690 819 3740 autem
851 3680 1055 3735 omnia
1084 3690 1243 3730 caaca
1281 3674 1421 3725 sunt
1444 3676 1500 3724 et
1529 3667 1731 3721 surda.

695 3772 855 3827 Vers.
886 3772 973 3822 41.
1005 3768 1319 3821 Peccatum
1341 3775 1478 3829 ergo
1502 3764 1757 3813 vestrum
1805 3759 2024 3810 manet.
2085 3752 2269 3805 Manet

621 3863 850 3932 absque
875 3857 1060 3919 venia;
1079 3852 1221 3925 quia
1242 3851 1500 3905 dicentes
1523 3863 1628 3901 vos
1644 3844 1838 3899 videre
1863 3858 1969 3897 nec
1986 3838 2266 3902 videntes,

620 3931 946 4008 voluntarie
968 3940 1342 4000 excaecamini
1361 3938 1438 3993 ab
1460 3935 1677 3991 invidia
1703 3941 1760 3989 et
1790 3931 2030 3987 malitia.
2065 3931 2268 3985 Osten-

618 4042 706 4099 dit
733 4054 894 4109 ergo,
928 4034 1093 4108 quod
1120 4028 1437 4102 corporalis
1461 4026 1645 4089 visus,
1677 4024 1751 4078 de
1777 4038 1898 4094 quo
1922 4020 2265 4089 gloriantur,

616 4132 727 4188 hos
780 4107 1162 4184 condemnat.
1214 4117 1396 4176 Simul
1451 4129 1690 4187 quoque
1720 4127 1882 4178 eum,
1932 4107 2039 4180 qui
2091 4111 2269 4162 antea

619 4236 812 4277 caecus
834 4218 1044 4278 fuerat,
1065 4212 1204 4267 hinc
1225 4205 1582 4269 consolatur,
1608 4219 1677 4258 ac
1708 4200 2035 4255 ﬁrmiorem
2058 4196 2118 4251 in
2150 4193 2267 4248 ﬁde

618 4310 1000 4457 regiltutem
1024 4392 1245 4448 dicant:
1275 4390 1400 4443 Non
1430 4382 1650 4439 idcirco
1678 4378 1785 4434 tibi
1813 4393 1929 4432 non
1968 4373 2270 4432 credimus

619 4446 783 4563 quod
804 4446 1285 4543 Βῦῌῆάεέεωυε,
1318 4474 1418 4531 sed
1448 4474 1591 4545 quia
1612 4478 1670 4526 tu
1697 4467 1987 4541 populum
2014 4464 2267 4563 seducis,
2305 4446 2344 4500 ί)

621 4550 877 4636 δειθηιὶὶι
899 4590 1003 4647 per
1020 4568 1389 4643 parabolam,
1415 4561 1577 4634 quod
1606 4575 1722 4614 non
1746 4557 2023 4647 seductor
2045 4554 2150 4647 sit,
2164 4550 2271 4607 sed

622 4641 1187 4740 pastor.Et'priinum
1216 4654 1457 4729 quidem
1482 4652 1652 4718 signa
1665 4648 1832 4719 ponit
1858 4641 2185 4701 seductoris
2203 4657 2272 4740 ac

623 4730 983 4825 corruptoris
1012 4767 1026 4805 :
1071 4746 1287 4804 deinde
1330 4744 1761 4811 consequenter
1790 4733 2040 4806 pastoris
2072 4738 2127 4787 et
2155 4730 2273 4785 Sal-

624 4820 861 4906 vatoris,
899 4847 961 4896 ut
984 4855 1056 4895 ex
1082 4837 1175 4893 his
1214 4838 1607 4905 cognoscatur
1639 4833 1829 4883 utrum
1872 4824 2147 4880 seductor
2177 4820 2269 4885 sit,

623 4951 702 4996 an
725 4936 951 5008 pastor.

694 5079 746 5120 ⁹⁴
786 5079 963 5136 Joan.
1010 5088 1125 5140 vin,
1162 5074 1251 5130 33.

696 5382 751 5452 χ3
778 5379 971 5433 Τοῦτον
1028 5367 1197 5429 abest
1254 5367 1322 5421 A.

697 5379 775 5525 (lt;
816 5454 895 5506 De
923 5448 1037 5503 hoc
1067 5440 1322 5515 proverb

2381 1804 2730 1875 προαιρέσεως
2757 1798 3055 1871 ἀνάϐλεψις,
3103 1806 3203 1850 τῶν
3236 1794 3297 1850 δε
3326 1800 3356 1855 ἡ
3399 1796 3453 1848 ἐκ
3494 1800 3691 1866 πονηρᾶς
3726 1795 3877 1861 γνώμης

2384 1889 2767 1962 ἀποτύφλωσις.

2456 1984 2555 2032 Καὶ
2609 2008 2680 2020 -
2738 1978 2919 2030 αὑτοῦ.
2980 1979 3047 2031 Οἶ
3077 1996 3201 2029 ποτε
3250 1980 3385 2035 ὄντες
3431 1974 3537 2046 μετ’
3584 1972 3736 2032 αὐτοῦ,
3777 1970 3879 2020 ὑστι-

2381 2089 2468 2145 ρον
2523 2066 2581 2121 δι
2640 2067 2974 2138 ἀποστάντες,
3049 2071 3080 2125 ἣ
3146 2068 3194 2118 οἱ
3273 2070 3409 2127 ὄντες
3478 2068 3745 2120 τηνικαῦτα.
3789 2065 3882 2117 Τινὲς

2381 2161 2483 2230 γὰρ
2527 2164 2805 2232 Φαρισαῖοι
2850 2160 3163 2230 παρείποντο
3208 2153 3479 2226 βλέποντες
3518 2155 3599 2203 και
3623 2148 3832 2206 ἀκούοντες
3851 2154 3883 2197 τί

2382 2246 2521 2291 ποιεῖ
2548 2243 2635 2289 καὶ
2661 2237 2822 2291 λαλεῖ.

2459 2333 2557 2380 Καὶ
2608 2358 2677 2367 --
2728 2326 2881 2398 ἐσμεν
2908 2347 2919 2388 ;
2951 2324 3149 2399 Ὠσπερ
3235 2323 3473 2394 ἀλλαχοῦ
3527 2320 3703 2389 ἔλεγον·
3752 2312 3885 2367 Οὐδινὶ

2384 2413 2796 2488 δεδουλεύκαμεν
2868 2421 3074 2467 πώποτε
3107 2432 3118 2444 ’
3175 2417 3291 2480 καὶ,
3340 2412 3431 2463 Ἐκ
3485 2412 3698 2483 πορνείας
3746 2404 3791 2456 ού
3829 2422 3884 2473 για

2378 2506 2866 2578 ’γενώμεθα-οὔτω
2936 2509 3025 2556 καὶ
3077 2511 3165 2554 νῦν
3244 2505 3374 2575 πρὸς
3452 2504 3515 2552 τὰ
3579 2497 3773 2552 αἰσθοτὰ
3832 2512 3885 2543 κε·

2378 2602 2581 2669 χῄνασι
2633 2600 2805 2668 μόνον,
2865 2600 2954 2646 καὶ
3012 2598 3104 2652 τήν
3160 2595 3467 2663 σωματικὴν
3511 2587 3736 2659 τύφλωσιν
3786 2581 3884 2633 ἔπαι-

2383 2690 2684 2757 σχύνονται.
2720 2687 2808 2737 Διό
2828 2688 2946 2757 περὶ
2976 2685 3171 2743 ταύτης
3192 2680 3429 2754 ἐρωτῶσι
3452 2682 3640 2750 γνόντες
3663 2677 3729 2727 ὃτι
3752 2676 3818 2723 καὶ
3838 2667 3887 2721 δι’

2380 2775 2567 2837 αύτούς
2595 2778 2797 2847 εἰρηται
2826 2775 2852 2824 ὀ
2882 2773 3047 2843 λόγος.

2453 2853 2601 2908 Εἶπεν
2631 2886 2699 2893 -
2730 2854 3008 2925 ἁμαρτίαν,
3040 2881 3108 2893 -
3134 2850 3244 2903 Ούκ
3273 2848 3334 2901 ἂν
3366 2852 3528 2921 εἴχετε
3564 2845 3798 2920 ἁμαρτίαν,
3834 2837 3887 2889 ἐπὶ

2380 2952 2441 3016 τῇ
2482 2943 2704 3015 ἀπιστίᾳ
2734 2939 2975 2999 δηλονότι
2999 2957 3010 2969 ·
3044 2940 3135 2991 καί
3163 2943 3268 3013 γὰρ
3314 2935 3577 2996 ἠδύνασθε
3605 2929 3886 3001 ἀπολογεῖσθαι
3974 2968 3975 2977 ξ

2382 3036 2458 3086 ὅτι
2491 3032 2600 3084 Οὐκ
2633 3032 2926 3106 ἑωράκαμεν
2957 3033 3023 3082 τὰ
3058 3035 3274 3099 σημεῖα.

2450 3129 2558 3176 Νῦν
2616 3152 2679 3163 -—-
2730 3118 3006 3193 βλέπομεν.
3063 3117 3233 3189 Ὑμεῖς
3288 3124 3443 3168 τοῦτο
3497 3114 3669 3183 λέγετε,
3734 3106 3811 3177 ἐγὼ
3853 3100 3888 3155 δὲ

2380 3214 2465 3268 οῦ.
2502 3211 2560 3263 Εἰ
2600 3214 2701 3283 γὰρ
2761 3208 3008 3276 ἐϐλέπετε,
3069 3210 3388 3269 ἐπιστεύετε,
3448 3203 3506 3255 ἃν
3558 3203 3627 3263 οἷς
3678 3196 3890 3270 ἐργάζομαι

2383 3303 2645 3372 θαύμασιν
2693 3297 2904 3351 ἐνώπιον
2957 3299 3120 3369 ύμών.
3181 3295 3342 3349 Ἀλλὰ
3394 3303 3465 3364 τῷ
3516 3289 3671 3345 δοκεῖν
3704 3291 3774 3359 uti
3815 3282 3891 3354 βὶέο

2380 3409 2516 3454 πετε,
2547 3397 2607 3460 τῇ
2642 3384 2700 3441 δὲ
2729 3387 2947 3458 ἀληθείᾳ
2969 3385 3028 3438 ού
3062 3384 3278 3457 βλέπετε
3310 3381 3667 3455 τετυφλωμένοι
3704 3378 3771 3427 τόν
3794 3377 3889 3422 wh.

2381 3482 2524 3531 Κατὰ
2552 3481 2651 3550 γὰρ
2679 3482 2771 3535 τὴν
2801 3480 3080 3549 παροιμίαν
3124 3482 3245 3535 νοῦς
3282 3473 3363 3545 (4)
3396 3474 3493 3546 6ρᾴ
3520 3474 3603 3522 καὶ
3630 3475 3728 3527 νοῦς
3752 3464 3889 3515 ἀκούει·

2378 3569 2445 3619 τὰ
2465 3564 2515 3619 δ’
2543 3566 2670 3619 ἄλλα
2697 3568 2865 3619 πάντα
2890 3563 3058 3636 τυφλὰ
3085 3568 3174 3615 καὶ
3205 3564 3375 3637 κωρά.

2448 3744 2506 3797 Ἠ
2587 3742 2675 3798 οὖν
2750 3744 2982 3818 ἁμαρτία
3048 3742 3190 3814 ὑμῶν
3260 3759 3425 3813 μενει.
3501 3740 3642 3792 Μίνιι
3700 3732 3892 3799 ira-67,1»

2382 3854 2519 3902 στος,
2566 3832 2728 3905 διότι,
2781 3833 3010 3905 λέγοντες
3069 3829 3301 3903 βλέπειν,
3354 3829 3415 3882 ού
3477 3826 3692 3900 βλέπετε,
3733 3818 3893 3873 Etiam-

2380 3925 2686 3998 φλωττοντες
2743 3926 2842 3976 ύπό
2896 3924 3082 3994 φθόνου
3134 3925 3225 3972 καὶ
3284 3923 3557 3992 πονηρίας.
3620 3909 3785 3971 Ἐδειξε
3824 3924 3892 3956 τωο

2378 4035 2465 4067 νυν
2510 4017 2590 4067 ὅτι
2638 4016 2667 4072 ἡ
2724 4015 2996 4083 σωματική
3058 4010 3261 4082 ὅρασις,
3316 4007 3394 4081 ἐφ’
3446 4007 3476 4079 ᾖ
3535 4001 3891 4077 μηαλαυχούσα.

2380 4105 2510 4162 αύτή
2562 4106 2777 4163 τούτους
2830 4095 3199 4158 καταδικάζει.
3250 4096 3399 4168 Ἀμα
3459 4093 3517 4147 δι
3583 4096 3663 4144 καί
3707 4095 3773 4139 τόν
3816 4099 3891 4153 προ
3974 4128 3975 4163 ἶ

2377 4192 2563 4263 τυφλὸν
2589 4190 2810 4243 ἐντεῦθεν
2840 4189 3271 4261 παρεμυθήσατο,
3300 4190 3395 4237 καὶ
3427 4182 3727 4258 βεϐαιότερον
3752 4173 3805 4233 εἰς
3833 4172 3890 4222 τῇ

2378 4287 2559 4334 πίστιν
2592 4281 2968 4354 ἀπειργάσατο.

2448 4375 2558 4422 Ἵνα
2624 4365 2681 4421 δι
2738 4372 2808 4440 μὴ
2860 4370 3074 4419 εἴπωσιν
3148 4366 3230 4416 ὃτι
3284 4363 3401 4416 Ούκ
3454 4364 3521 4423 ὡς
3584 4357 3637 4411 ού
3700 4352 3887 4427 βλέποντες

2380 4459 2719 4530 ἀπιστοῦμεν,
2760 4454 2864 4507 ἀλλ’
2916 4458 2985 4517 ὡς
3022 4454 3315 4514 πλανῶντός
3376 4472 3472 4505 σου
3529 4454 3610 4502 τὸν
3656 4447 3769 4506 λαὸν,
3811 4453 3888 4487 εἶθ’

2383 4546 2606 4602 δεικνύει
2684 4542 2778 4598 διὰ
2834 4542 3137 4619 παραϐολῆς
3190 4545 3271 4595 ὃτι
3323 4542 3421 4593 ούκ
3472 4543 3580 4592 ἔστι
3624 4535 3775 4589 πλάνος
3808 4538 3885 4574 πω

2381 4642 2596 4711 ποιμήν.
2660 4640 2760 4689 Καὶ
2818 4644 3019 4707 πρῶτον
3100 4635 3189 4705 μὲν
3262 4634 3460 4688 τίθησι
3529 4631 3592 4681 τὰ
3644 4624 3887 4695 γνωρίσματα

2386 4736 2474 4780 τοῦ
2513 4726 2705 4779 πλάνου
2740 4730 2829 4777 καὶ
2869 4724 3146 4796 λυμεῶνος,
3179 4722 3295 4774 εἶτα
3345 4719 3565 4780 καθεξῆς
3618 4717 3674 4765 τὰ
3717 4715 3783 4761 τοῦ
3816 4718 3885 4749 ποθί·

2381 4822 2530 4892 μένος
2553 4820 2643 4868 καὶ
2671 4823 2921 4888 Σωτῆρος,
2965 4814 3049 4865 ἶνα
3076 4811 3164 4865 ἀπ’
3209 4810 3385 4863 αὐτῶν
3436 4808 3639 4881 γνῶσθῇ
3670 4805 3747 4855 εἴτε
3771 4806 3886 4847 κλακὶ

2383 4906 2523 4960 ἐστὶν
2549 4909 2648 4959 εἶτε
2673 4908 2896 4977 ποιμήν,

1843 5157 2067 5227 Variae
2107 5155 2429 5225 lectiones
2455 5161 2522 5220 et
2542 5158 2742 5220 notae.

816 5418 1383 5515 ﬁehiiocuproverbio
1415 5433 1552 5492 vide
1583 5430 1922 5488 Fischerum
1951 5426 2025 5483 ad
2061 5426 2291 5481 Platon.
2314 5420 2597 5479 Phaedon.
2632 5435 2695 5492 p.
2735 5418 2861 5473 269.

696 5631 777 5701 (q)
822 5624 1237 5701 Utappareat,
1291 5623 1401 5673 etc.
1450 5612 1518 5672 Ut
1549 5598 2441 5701 appareathaliorumuquidem
2481 5614 2552 5657 ex
2584 5611 2885 5673 propensa
2922 5588 3000 5652 ad
3056 5589 3280 5649 bonum
3336 5588 3639 5646 voluntate
3679 5573 3877 5637 restitui“!

624 5678 1103 5771 fisu's,'aliorum
1129 5678 1331 5752 autem
1359 5704 1431 5747 ex
1458 5678 1675 5746 mentis
1706 5684 1994 5760 pravitate
2025 5678 2282 5740 caecitas.
