4038 6226
665 378 828 452 λῃστὴ
839 399 880 441 ς.

165 481 374 546 νοοῦμεν
448 469 670 523 ἐνταῦθα
739 472 858 530 τοὺς
922 471 1132 541 νόμους,
1186 472 1304 527 ἦτοι
1378 470 1471 528 τὰς
1537 469 1763 540 Γραφὰς,

167 560 262 616 διὰ
307 565 364 614 τό
412 559 639 630 εἰσάγειν
683 560 756 621 εἰς
805 559 1133 629 θεογνωσίαν,
1191 563 1282 610 καὶ
1328 555 1612 609 ἀτοκλείείν
1660 564 1766 609 πά-

169 670 265 703 σαν
310 651 447 701 κατὰ
473 656 568 709 τῆς
616 645 878 708 εὐσεϐείας
926 643 1157 721 πάροδον
1204 643 1313 708 τοῖς
1361 642 1641 720 αἱρετικοῖς
1679 651 1768 698 καὶ

167 747 273 800 τοῖς
329 737 567 801 Ἕλλησι,
643 741 734 788 καὶ
805 736 1078 809 φυλάττειν
1157 739 1237 788 τόν
1310 735 1431 787 λαόν
1502 733 1768 787 ἀνεπιϐού-

163 828 341 881 λευτον
391 834 498 888 τοίς
546 821 814 898 δαίμοσιν·
869 825 1030 884 αὐλὴν
1080 821 1140 877 δε
1176 829 1269 884 τὴν
1331 823 1620 896 ἐπιμέλειαν
1676 829 1767 876 καὶ

163 922 562 991 πρόνοιαν-τῶν
613 913 872 990 προϐάτον
912 931 926 946 ο
983 913 1222 990 πρόϐατα
1271 909 1330 966 δὲ
1387 917 1503 974 τοῦς
1565 913 1768 986 Ἰσραηο

165 1006 337 1068 λίτας,
409 1009 496 1057 τόν
547 1011 637 1056 τοῦ
711 1011 844 1056 Θεοῦ
889 1003 1030 1058 λαόν.
1092 1003 1264 1074 Ἡμεῖς
1311 999 1389 1068 δέ,
1449 1006 1601 1074 φησὶ,
1647 1002 1771 1062 λαὸς

168 1096 352 1160 αὐτοῦ,
421 1098 511 1146 καὶ
581 1091 820 1167 πρόϐατα
886 1100 1043 1165 νομῆς
1119 1092 1295 1146 αὐτοῦ.
1353 1090 1412 1143 Ὀ
1471 1095 1639 1144 τοίνυν
1695 1096 1765 1161 μὴ

169 1181 266 1238 διὰ
295 1192 394 1236 τῶν
426 1188 636 1257 Γραφῶν
663 1181 735 1242 εἰς
763 1185 852 1239 τὴν
901 1179 1190 1253 ἐπιμέλειαν
1235 1188 1326 1232 τοῦ
1364 1179 1492 1232 λαοῦ
1519 1188 1610 1232 τοῦ
1637 1187 1770 1233 Θεοῦ

173 1273 562 1348 εἰσερχόμενος,
617 1273 684 1332 ὡς
737 1274 807 1342 μὴ
887 1275 1158 1344 χρώμενος
1213 1269 1417 1339 αὐταῖς,
1463 1265 1600 1341 μηδὲ
1656 1268 1770 1320 κατ’

168 1363 334 1424 αὐτὰς
402 1361 816 1432 πολιτευόμενος,
904 1357 1033 1410 ἀλλὰ
1111 1357 1396 1410 ἀναϐαίνων
1463 1356 1770 1428 ἀλλαχόθεν,

167 1454 244 1513 ὡς
302 1445 619 1523 ὑπερπηδῶν
675 1451 767 1521 μὲν
832 1452 926 1506 τὴν
997 1449 1178 1522 θύραν,
1231 1451 1423 1519 τέμνων
1482 1443 1542 1499 δὲ
1600 1447 1773 1520 ἑτέραν

176 1537 409 1606 εἴσοδον,
470 1540 658 1600 ἐκεῖνος
713 1537 772 1590 οὐ
820 1540 1036 1610 ποιμὴν,
1087 1535 1214 1588 ἀλλὰ
1255 1535 1472 1596 κλέπτης
1519 1534 1632 1588 ἐστὶ
1685 1538 1776 1586 καὶ

166 1631 390 1704 λῃστής
460 1628 679 1687 κλέπτης
735 1630 825 1699 μὲν
873 1629 941 1687 ὡς
997 1623 1306 1698 βουλόμενος
1361 1627 1424 1676 τὰ
1480 1628 1550 1696 μὴ
1611 1643 1775 1699 προσο

167 1726 364 1778 ἠκοντα
407 1723 477 1780 εἱς
540 1717 720 1770 ἑαυτὸν
801 1715 1224 1768 ἐπισπάσασθαι’
1305 1713 1498 1788 λῃστὴς
1583 1709 1641 1766 δὲ
1712 1715 1777 1774 ὡς
1811 1715 1856 1770 Β

165 1809 368 1880 λυμεὼν
377 1849 390 1862 .

241 1901 483 1950 Τοιοῦτοί
538 1895 640 1948 εἰσι
856 1896 956 1966 πρό
1024 1893 1183 1946 αὐτοῦ
1257 1896 1345 1965 μεν
1423 1889 1624 1953 Ἰούδας
1689 1897 1779 1945 καὶ

169 1983 402 2050 Θευδᾶς,
459 1984 567 2058 μετ’
626 1984 781 2037 αὐτόν
839 1979 898 2036 δὲ
927 1984 976 2035 οἱ
1001 1979 1391 2056 ψευδόχριστοι
1420 1987 1510 2034 καὶ
1556 1983 1582 2034 ό
1614 1981 1780 2035 Ἀντίο

165 2095 400 2153 χριστός
447 2079 537 2127 καὶ
601 2077 646 2126 εἰ
691 2093 824 2135 τινες
870 2074 1032 2140 ἕτεροι
1088 2073 1290 2126 πλάνοι.
1342 2073 1676 2144 Παράπτεται
1701 2069 1781 2141 (6)

168 2163 232 2219 δε
279 2170 372 2216 καὶ
423 2172 525 2216 τῶν
587 2165 934 2238 Γραμματέων
985 2166 1075 2213 καὶ
1149 2165 1466 2234 Φαρισαίων,
1522 2169 1624 2213 τῶν
1701 2157 1782 2211 δι-

168 2253 481 2308 δασκόντων
552 2249 928 2319 διδασκαλίας,
988 2249 1281 2323 ἐντάλματα
1334 2249 1638 2324 ἀνθρώπων,
1691 2254 1781 2301 καὶ

167 2348 258 2397 τόν
289 2347 446 2414 νόμον
475 2340 918 2415 παραϐαινόντων.
954 2336 1102 2401 Εἶδες
1124 2347 1228 2399 πῶς
1265 2339 1532 2413 ὑπέγραψε
1554 2341 1640 2390 τόν
1666 2337 1780 2391 κλέ-

167 2453 306 2490 πτην
357 2436 449 2484 καὶ
505 2436 593 2483 καὶ
647 2429 849 2503 λῃστὴν
900 2433 987 2481 καὶ
1038 2428 1268 2494 πλάνον;
1322 2431 1507 2480 Σκόπει
1563 2432 1652 2480 καὶ
1693 2434 1781 2480 τοῦ

166 2526 412 2594 ποιμένος
447 2524 513 2572 τὰ
539 2525 902 2595 γνωρίσματα.

241 2611 302 2662 Ὀ
333 2641 396 2651 ——
431 2607 721 2682 προϐάτων.
761 2608 961 2682 Ὥσπερ
995 2607 1071 2678 (7)
1113 2611 1202 2659 καὶ
1254 2606 1427 2675 αὐτὸς,
1467 2607 1553 2658 οἷα
1577 2612 1786 2682 χρώμε-

167 2720 257 2761 νος
337 2707 456 2760 ταῖς
511 2703 761 2771 Γραφαίς,
814 2702 904 2749 καὶ
954 2695 1066 2748 κατ’
1137 2695 1297 2756 αὐτὰς
1371 2695 1783 2768 πολιτευόμενος.

171 2790 235 2842 Εἰ
285 2793 391 2863 γὰρ
441 2793 530 2840 καὶ
580 2785 628 2838 ἐν
681 2784 936 2857 Σαϐϐάτῳ
982 2785 1266 2858 εἰργάζετο,
1301 2783 1428 2837 ἀλλὰ
1482 2787 1594 2837 θεῖα
1623 2787 1781 2856 ἔργα·

171 2882 197 2931 ό
243 2880 351 2952 γὰρ
403 2881 558 2949 νόμος
604 2879 668 2928 τὰ
713 2874 1009 2949 ἀνθρώπινα
1055 2873 1329 2943 ἐκώλυσεν,
1379 2879 1495 2933 ἦτοι
1547 2877 1613 2927 τὰ
1658 2873 1786 2947 βιω-

173 2970 321 3021 τικά.

1183 245 1552 311 COMMENT.
1597 252 1663 308 IN
1694 239 2035 312 mmmam.
2080 285 2142 298 -
2187 253 2341 311 CAP.
2385 255 2454 312 x.

974 383 1338 451 Ἀναγωγικῶς
1427 381 1587 452 θύραν
1676 381 1766 452 μεν

1946 379 2092 452 Cap.
2147 381 2204 435 Χ.
2248 383 2405 438 Vers.
2441 385 2488 437 1.
2521 383 2706 439 Amen
2738 415 2805 424 —
2846 385 3016 441 latro.
3061 385 3398 457 Anagogice
3437 386 3532 442 hic

3396 260 3531 316 1322

1877 483 1977 538 per
2001 467 2220 524 ostium
2253 469 2636 539 intelligimus
2664 471 2846 540 leges,
2877 473 3002 527 sive
3050 473 3402 545 Scripturas,
3459 490 3530 530 eo

1877 556 2033 628 quod
2070 557 2146 612 ad
2179 558 2280 612 Dei
2319 559 2720 628 cognitionem
2748 561 3057 627 inducant,
3097 567 3152 618 et
3215 565 3531 620 transitum

1878 661 2139 716 omnem,
2173 646 2277 718 qui
2309 647 2592 702 adversus
2618 649 2878 704 divinum
2912 650 3135 706 cultum
3166 656 3270 716 est,
3313 651 3535 708 haereti-

1878 737 1960 789 cis
1978 750 2046 790 ac
2060 735 2338 803 gentibus
2356 737 3114 812 excludant,populumque
3133 757 3167 795 a
3181 740 3532 796 daemonum

1878 821 2106 877 insidiis
2136 824 2496 893 custodiant;
2537 826 2743 882 caulas
2799 843 2956 894 vero,
2991 844 3198 884 curam
3230 843 3299 884 ac
3338 830 3534 900 provi-

1880 912 2144 967 dentiam
2161 913 2379 979 ovium;
2397 929 2535 969 oves
2549 921 2746 970 autem
2769 916 3082 987 Israelitas,
3101 917 3530 989 populumDei.

1879 1002 1998 1056 Nos
2014 1002 2712 1073 aulem,inquit,p0pulus
2730 1007 2856 1074 ejus
2872 1012 2928 1061 et
2940 1021 3310 1074 oveszaascus.v
3321 1010 3445 1076 ejus
3460 1009 3530 1061 ⁸⁵.

1881 1089 1989 1154 Qui
2019 1103 2161 1158 ergo
2193 1105 2306 1145 non
2348 1105 2454 1162 per
2484 1092 2815 1164 Scripturas
2837 1093 2913 1148 ad
2932 1110 3136 1150 curam
3167 1095 3368 1166 populi
3409 1096 3529 1166 Dei,

1880 1176 2228 1246 ingreditur,
2265 1185 2465 1250 utpote
2495 1195 2616 1236 non
2643 1185 2812 1236 utens
2832 1181 3062 1247 eis,nec
3071 1182 3244 1254 juxta
3269 1182 3398 1238 illas
3430 1199 3537 1251 gu-

1880 1265 2164 1330 bernans,
2187 1267 2290 1322 sed
2309 1269 2643 1324 ascendens
2664 1269 2924 1336 aliunde,
2940 1272 3112 1342 quasi
3135 1272 3355 1326 ostium
3381 1278 3536 1327 tran-

1883 1353 2102 1423 siliens,
2130 1362 2233 1411 aut
2255 1371 2358 1427 per
2373 1357 2559 1413 alium
2583 1358 2917 1430 irrumpens
2937 1359 3265 1425 introitum,
3294 1359 3389 1415 ille
3410 1377 3534 1418 non

1885 1450 2107 1515 pastor,
2138 1445 2242 1500 sed
2273 1445 2366 1500 fur
2406 1452 2492 1501 est
2517 1452 2573 1503 et
2609 1447 2754 1503 latro
2783 1463 2796 1501 :
2825 1447 2919 1504 fur
2948 1449 3219 1522 quidem,
3247 1455 3535 1522 tanquam

1882 1531 2091 1588 volens
2114 1549 2186 1589 ea
2215 1535 2292 1588 ad
2329 1551 2390 1590 se
2419 1535 2706 1603 derivare,
2739 1553 2873 1610 qua:
2895 1553 3016 1593 non
3047 1554 3158 1594 sua
3175 1543 3311 1594 sunt
3335 1560 3347 1592 :
3384 1539 3536 1596 latro

1887 1625 2106 1685 autem,
2140 1625 2432 1693 tanquam
2463 1623 2810 1681 devastans.

1960 1890 2314 1963 Hujusmodi
2340 1891 2580 1948 fuerunt
2601 1895 2737 1948 ante
2764 1908 2902 1949 eum
2931 1893 3113 1949 ludas
3153 1898 3209 1950 et
3241 1893 3538 1962 Theudas;

1889 1987 2021 2052 post
2035 1997 2172 2037 eum
2187 1997 2327 2037 vero
2341 1982 2771 2054 pseudochristi
2788 1987 2844 2038 et
2861 1983 3274 2051 Antichristus,
3296 1988 3351 2040 et
3369 1984 3418 2039 si
3436 1987 3542 2058 qui

1891 2075 2033 2126 sunt
2068 2069 2168 2126 alii
2213 2070 2582 2127 seductores.
2614 2072 2861 2142 Attingit
2907 2087 3150 2145 quoque
3190 2073 3420 2130 Scribas
3470 2090 3543 2130 ac

1890 2159 2242 2224 Pharismos,
2271 2159 2370 2230 qui
2388 2159 2677 2216 docebant
2693 2161 3020 2226 doctrinas,
3039 2168 3338 2231 praecepta
3360 2163 3544 2219 homi-

1892 2265 2034 2304 num
2047 2250 2117 2313 θσ,
2131 2247 2316 2319 legem
2333 2253 2531 2304 autem
2548 2250 3162 2318 transgrediebantur.
3181 2251 3384 2307 Vidisti
3399 2268 3547 2324 quo-

1892 2338 2074 2393 modo
2089 2336 2304 2402 furem,
2327 2337 2619 2394 latronem
2637 2354 2707 2394 ac
2735 2338 3115 2395 seductorem
3137 2339 3547 2413 descripserit?

1892 2426 2204 2484 considera
2225 2427 2404 2483 etiam
2419 2427 2676 2499 pastoris
2703 2427 2982 2499 insignia,
3010 2429 3230 2502 quibus
3268 2428 3547 2500 dignosci

1891 2515 2109 2590 possit.

1966 2606 2126 2661 Vers.
2157 2608 2211 2660 2.
2243 2604 2356 2673 Qui
2392 2637 2457 2648 —
2486 2605 2703 2662 ovium.
2738 2605 2937 2671 Qualis
2988 2606 3118 2678 ipse
3162 2611 3310 2673 erat,
3342 2612 3546 2680 utpote

1897 2693 2210 2766 Scripturis
2229 2700 2420 2760 utens,
2437 2699 2493 2749 et
2507 2694 2839 2750 secundum
2854 2710 2958 2750 eas
2969 2695 3310 2764 gubernans
3331 2710 3549 2767 :quan-

1895 2799 2079 2856 quam
2103 2783 2260 2838 enim
2286 2784 2464 2838 etiam
2485 2783 2545 2838 in
2576 2782 2834 2839 Sabbato
2853 2788 3221 2855 operaretur,
3253 2800 3324 2840 ea
3345 2791 3548 2840 tamen

1895 2871 2093 2928 divina
2117 2875 2286 2927 erant
2316 2886 2515 2942 opera,
2567 2887 2699 2926 cum
2728 2871 2822 2927 lex
2871 2871 3211 2944 prohiberet
3255 2872 3548 2941 humana,

1897 2961 2019 3017 sive
2050 2960 2402 3032 temporalia
2431 2977 2499 3017 ac
2529 2959 2864 3018 saecularia.

247 3058 431 3126 Τούτῳ
479 3055 504 3106 ό
564 3056 796 3127 θυρωρός
862 3051 1076 3124 ἀνοίγει.
1145 3055 1398 3126 Θυρωρός
1467 3055 1604 3105 κατὰ
1668 3051 1783 3105 ἀνα-

1970 3049 2131 3106 Vers.
2165 3050 2218 3106 3.
2257 3050 2417 3106 Huic
2445 3050 2723 3106 ostiarius
2765 3051 2974 3119 aperit.
3031 3051 3319 3107 Ostiarius
3381 3051 3554 3123 juxta

169 3151 358 3218 γωγὴν
431 3146 458 3196 ὁ
533 3150 783 3208 Μωυσῆς,
853 3143 921 3204 ὡς
996 3141 1152 3203 αὐτὸς
1241 3140 1604 3214 ἓμπιστευθεὶς
1675 3146 1789 3203 τοὺς

169 3243 372 3308 νόμους
404 3239 495 3285 τοῦ
531 3239 686 3285 Θεοῦ.
732 3238 816 3301 Τῷ
855 3234 1074 3302 τοιούτῳ
1103 3226 1191 3283 οὖν
1243 3231 1267 3282 ὁ
1313 3238 1547 3293 Μωῦσῆς
1597 3230 1790 3304 ἀνοίγει

171 3328 246 3388 ὡς
287 3326 516 3395 ποιμένι,
550 3327 638 3373 καὶ
685 3316 989 3391 εἰσδέχεται
1037 3320 1192 3371 αὐτόν
1238 3319 1309 3381 εἰς
1357 3325 1450 3378 τὴν
1501 3321 1790 3392 ἐπιμέλειαν

169 3423 280 3467 τῶν
307 3410 582 3485 προϐάτων
626 3413 692 3472 ὡς
729 3410 994 3484 γνωρίζων
1024 3409 1198 3465 αὐτόν.
1248 3414 1348 3462 Καὶ
1401 3412 1502 3484 γάρ
1569 3410 1790 3485 ἔγραψεν

172 3507 264 3557 ὅτι
289 3501 468 3554 Αὐτοῦ
490 3498 720 3552 ἀκούετε.

251 3597 357 3646 Καὶ
414 3619 484 3632 -
529 3590 727 3642 ἀκούει.
775 3588 1146 3654 Ὑπακοῦουσι,
1196 3588 1464 3640 πείθονται
1520 3593 1608 3641 καὶ
1674 3587 1792 3642 ἀκο-

168 3682 482 3735 λουθοῦσιν·
537 3677 948 3749 ἕπιγινὼσκουσι
997 3679 1099 3748 γὰρ
1177 3677 1360 3734 αὐτὴν.
1420 3679 1498 3729 Τὰ
1554 3676 1794 3752 πρόϐατα

173 3767 238 3824 δὲ
269 3766 429 3838 εἶπεν,
464 3771 582 3826 ἤτοι
628 3769 694 3818 τὰ
752 3765 957 3826 ἀληθῶς
1006 3764 1263 3840 πρόϐατα,
1295 3769 1361 3817 τὰ
1406 3766 1530 3828 ἄξια
1585 3771 1793 3839 ποιμαί-

171 3860 387 3912 νεσθαι.
418 3855 617 3928 Ὠσπερ
676 3856 779 3928 γὰρ
838 3856 864 3906 ὁ
912 3855 1276 3928 εἰσερχόμενος
1315 3851 1410 3907 διὰ
1461 3862 1553 3914 τῆς
1611 3857 1790 3928 θύρας,

171 3947 334 4008 οὗτος
388 3950 584 4018 ποιμήν
632 3944 764 3998 ἐστι·
825 3944 960 3996 οὕτω
1013 3949 1102 3996 καὶ
1152 3946 1201 3995 οἱ
1252 3953 1343 4005 τῆς
1408 3952 1579 4015 φωνῆς
1633 3943 1794 3996 αὐτοῦ

176 4035 482 4099 ἀκούοντες,
538 4037 606 4096 ὡς
659 4037 878 4105 εἴρηται,
939 4033 1083 4084 οὗτοι
1139 4031 1378 4107 πρόϐατά
1428 4033 1579 4084 εἰσιν·
1634 4034 1682 4084 οἱ
1736 4029 1795 4084 δὲ

172 4130 252 4199 μὴ
301 4125 470 4186 οὕτως
517 4126 725 4196 ἔχοντες
775 4129 870 4184 τῆς
906 4130 1006 4174 τῶν
1055 4120 1328 4194 προϐάτων
1385 4122 1576 4185 ταξεως
1635 4119 1795 4195 ἁπερ-

172 4216 326 4292 ῥάγη
337 4233 456 4267 σαν.

265 4307 370 4356 Καὶ
432 4332 499 4342 -
574 4301 688 4354 κατ’
751 4303 928 4373 ὄνομα.
993 4303 1092 4353 Καὶ
1153 4306 1306 4352 τοῦτο
1369 4302 1470 4374 γὰρ
1523 4305 1800 4375 γνώρισμα

1899 3154 2215 3210 anagogen
2245 3140 2432 3195 Moses
2462 3145 2606 3202 erat,
2640 3145 2704 3194 ut
2732 3140 2825 3193 cui
2856 3139 3212 3196 concreditae
3268 3145 3409 3197 sunt
3467 3141 3554 3198 di-

1899 3229 2052 3286 vinae
2073 3229 2254 3298 leges.
2283 3228 2402 3284 Tali
2420 3243 2562 3299 ergo
2587 3231 2775 3285 Moses
2795 3229 3002 3296 aperit,
3032 3235 3087 3285 et
3107 3230 3186 3284 ad
3211 3231 3416 3287 ovium
3449 3247 3553 3286 cu-

1898 3334 2027 3375 ram
2069 3318 2344 3384 admittit,
2379 3322 2582 3387 utpote
2612 3333 2980 3388 cognoscens
3011 3334 3168 3374 eum.
3222 3318 3468 3393 Scripsit
3504 3320 3552 3356 ⁸⁷

1899 3409 2081 3474 enim,
2125 3412 2188 3464 ut
2217 3423 2356 3463 eum
2401 3407 2675 3463 audirent
2713 3406 2813 3479 (r).

1971 3585 2131 3641 Vers.
2163 3589 2214 3641 3.
2242 3585 2317 3640 Et
2355 3616 2426 3625 —
2453 3585 2728 3642 audiunt.
2762 3585 3072 3651 Obediunt,
3105 3591 3333 3659 parent,
3370 3602 3441 3643 ac
3471 3603 3558 3644 se-

1898 3681 2166 3747 quuntur
2192 3688 2205 3730 :
2235 3679 2573 3744 agnoscunt
2602 3674 2762 3730 enim
2794 3675 2976 3730 illam.
3031 3676 3179 3730 Oves
3221 3681 3419 3731 autem
3473 3677 3560 3732 di-

1901 3764 1994 3829 xit,
2027 3779 2130 3819 eos
2178 3763 2467 3828 videlicet,
2517 3763 2618 3836 qui
2672 3779 2808 3819 vere
2861 3780 3005 3820 oves
3069 3769 3226 3830 sunt,
3291 3765 3456 3835 digni
3496 3772 3560 3821 ut

1901 3860 2245 3925 pascantur.
2275 3857 2425 3909 Nam
2457 3855 2605 3909 sicut
2632 3854 2735 3926 qui
2791 3869 2898 3926 per
2944 3857 3165 3909 ostium
3216 3854 3416 3923 intrat,
3461 3854 3558 3910 hic

1903 3947 2108 4012 pastor
2135 3947 2240 4007 est,
2274 3943 2355 3997 ita
2406 3948 2462 3997 et
2491 3943 2594 4014 qui
2623 3957 2826 3997 vocem
2883 3941 3011 4011 ejus
3070 3942 3342 4006 audiunt,
3376 3948 3440 3996 ut
3477 3943 3560 3997 di-

1904 4037 2065 4084 ctum
2096 4036 2205 4095 est,
2239 4030 2296 4084 hi
2325 4047 2466 4086 oves
2490 4035 2647 4095 sunt;
2671 4031 2773 4102 qui
2802 4046 2942 4085 vero
2965 4045 3085 4085 non
3113 4031 3197 4086 ita
3225 4046 3288 4085 se
3314 4029 3557 4097 habent,

1905 4119 1984 4174 ab
2023 4119 2228 4174 ovium
2258 4119 2469 4175 ordine
2499 4118 2689 4175 avulsi
2733 4123 2891 4172 sunt.

1978 4296 2126 4352 Vers
2158 4299 2209 4351 3.
2243 4296 2308 4350 Et
2339 4325 2408 4335 —
2447 4295 2824 4351 nominatim.
2886 4293 3076 4349 Etiam
3147 4293 3262 4349 hoc
3308 4293 3563 4364 pastoris

177 4396 455 4465 ποιμένος,
516 4397 610 4448 τὴν
682 4389 755 4452 εἰς
817 4391 1033 4443 ἕκαστον
1083 4387 1342 4464 πρόϐατον
1433 4389 1595 4462 ἄκραν
1653 4409 1783 4463 φρονι

1911 4386 2150 4456 signum
2171 4390 2279 4452 est,
2309 4387 2596 4456 cujusque
2618 4387 2690 4452 (ε)
2716 4384 2845 4438 ovis
2874 4383 3218 4454 diligentem
3252 4381 3563 4437 ostendere

173 4478 285 4535 τίδ
290 4501 324 4533 α
353 4477 568 4538 δηλοῦν.
601 4478 676 4531 Οὐ
717 4481 820 4552 γὰρ
860 4475 920 4530 ἂν
949 4477 1086 4531 αὐτα
1128 4475 1339 4530 καλέσοι
1367 4479 1481 4530 κατ’
1514 4482 1691 4550 ὄνομα,
1727 4484 1796 4550 μὴ

172 4571 462 4643 ⁴γνωρίζων
501 4569 718 4620 ἕκαστον
746 4566 993 4641 ἀκριϐῶς,
1056 4565 1110 4619 ἐκ
1161 4575 1252 4628 τῆς
1283 4567 1350 4628 εἰς
1379 4567 1596 4620 ἕκαστον
1642 4569 1803 4640 ἄκρας

177 4653 498 4733 φροντίδος.

265 4784 318 4819 εδ
352 4781 508 4839 Psal.
539 4797 690 4848 χειν,
721 4786 780 4841 7.
910 4783 958 4818 οι
991 4781 1194 4838 Matth.
1225 4798 1320 4849 xv.
1353 4784 1412 4838 9.

1912 4490 2146 4531 curam:
2172 4489 2366 4547 neque
2384 4473 2543 4528 enim
2563 4473 2693 4529 illas
2715 4477 2890 4528 vocat
2913 4471 3292 4536 nominatim,
3312 4470 3416 4543 qui
3451 4471 3566 4526 sin-

1914 4565 2086 4637 gulas
2115 4563 2423 4635 diligenter
2453 4578 2574 4618 non
2592 4561 2884 4633 agnoscit,
2909 4561 2989 4616 ob
3011 4576 3310 4617 summam
3331 4560 3405 4616 de
3423 4576 3565 4616 una-

1913 4669 2155 4728 quaque
2181 4668 2410 4709 curam.

1552 4782 1594 4815 ⁶⁷
1629 4781 1798 4837 Deut.
1830 4797 1996 4851 xvm,
2033 4782 2116 4835 l5.

1409 4956 1632 5027 Variae
1679 4957 2008 5027 lectiones
2062 4965 2127 5026 et
2159 4965 2361 5024 notae.

264 5166 287 5232 (
299 5162 352 5235 5)
384 5161 484 5235 Hic
506 5160 737 5235 semina
751 5161 1116 5235 sparguntur
1130 5157 1539 5235 corruptionis
1566 5173 1736 5213 versu
1757 5158 1810 5213 8.

174 5240 236 5304 ο
249 5228 501 5292 ύοήἱειω
517 5233 675 5289 enim
700 5228 1024 5304 Patresboc
1043 5228 1425 5304 explicabunt
1438 5228 1512 5304 de
1525 5228 1814 5304 imposta-

165 5300 398 5378 fibus,
431 5305 534 5378 qui
565 5311 701 5362 ante
730 5303 1028 5378 Christum
1057 5306 1360 5370 venerant,
1392 5300 1530 5358 ideo
1569 5300 1743 5357 versu
1780 5301 1815 5355 8

164 5373 603 5443 inculcarunt,
635 5379 736 5451 πρὸ
762 5373 908 5449 ἐμοῦ.

271 5503 356 5576 (r)
397 5501 469 5576 Ut
498 5517 650 5567 eum,
681 5505 793 5560 etc.
834 5499 985 5576 Eum
1025 5499 1245 5576 audite.

1999 5158 2076 5228 (6)
2117 5155 2450 5228 Καθάπτεται
2482 5152 2834 5228 plerumque
2858 5150 3060 5228 Adicere
3091 5149 3256 5228 solet.
3287 5148 3401 5228 Sed
3455 5148 3572 5228 hoc

1999 5168 2076 5228 (6)
2119 5168 2450 5211 Καϐαπτεται
2482 5168 2711 5227 plerum
2764 5169 2834 5208 ue
2865 5168 3060 5208 dicere
3091 5168 3256 5206 sonet.
3287 5168 3401 5205 beo
3455 5168 3572 5228 [ιᾳο

1925 5244 2161 5300 quoque
2191 5227 2326 5300 ferri
2361 5168 2935 5300 potestﬁapufluaeuz
2964 5227 3054 5278 est
3074 5222 3238 5295 apud
3289 5220 3574 5276 Galenum

1926 5296 1984 5356 ih
2019 5299 2236 5354 Glossis
2270 5314 2329 5368 p.
2363 5301 2450 5365 88,
2485 5297 2618 5352 edit.
2655 5296 2855 5368 Steph.

2000 5372 2078 5442 (7)
2117 5365 2436 5425 Henténius
2468 5368 2693 5424 videtur
2724 5365 2955 5438 legisse,
2989 5365 3109 5427 οἷος.

273 5565 356 5647 (si
399 5565 721 5644 Cujusque,
754 5577 862 5628 etc.
905 5570 1280 5642 Singularem
1314 5569 1373 5626 in
1406 5569 1668 5642 singulas
1697 5585 1836 5628 oves
1865 5565 2188 5626 ostendens
2220 5579 2447 5628 curam,

494 5670 729 5727 PATROL.
761 5668 868 5726 Gn.
911 5663 1158 5743 CXXIX.
