4022 6232
568 248 703 304 1323

1923 222 2266 294 EUTHYMII
2310 230 2638 296 ZIGABENI
3726 248 3817 302 1324

637 372 801 427 Vers.
835 370 866 424 3
889 370 960 425 Et
986 366 1179 425 educit
1200 381 1315 422 eas.
1347 364 1433 419 Ad
1462 378 1681 436 pascua
1714 382 1726 418 :
1763 378 1983 434 pascua
2019 371 2193 419 auten

2404 369 2503 417 Καὶ
2535 363 2705 434 ἐξάγει
2736 364 2889 420 αύτοὶ.
2939 366 3055 419 Ἐπὶ
3079 372 3259 439 νομήνο
3289 374 3408 440 νομὴ
3459 366 3511 421 δε
3546 380 3630 421 τῶν
3665 371 3825 442 λογικῶν

564 461 943 519 rationalium
974 458 1201 521 ovium,
1235 456 1500 510 doctrina
1528 461 1613 509 est
1634 453 1969 508 divinorum
1997 470 2219 509 sermo-

563 566 732 614 num,
764 565 901 619 quas
930 547 1196 600 animam
1229 544 1409 599 nutrit
1436 560 1503 598 ac
1546 544 1752 614 pascit.

635 640 795 693 Vers.
829 640 881 691 4.
906 637 981 689 Et
1006 665 1068 675 —
1095 633 1274 689 vadit.
1308 636 1481 688 Recto
1509 648 1608 685 eas
1638 631 1868 687 tramite
1890 630 2214 696 deducens,

562 734 612 782 et
640 743 747 797 pro
779 727 861 780 eis
890 739 1187 796 pugnans.
1216 723 1387 794 Atqui
1416 727 1683 793 pastores
1712 722 2011 775 contrario
2036 722 2217 776 modo

562 816 806 882 faciunt,
832 819 1146 885 sequentes
1168 828 1310 866 oves
1334 826 1591 882 quarum
1619 809 2081 865 habentcuram.
2114 810 2217 864 Vc-

559 920 691 960 rum
708 901 986 975 pascendi
1001 916 1096 956 ars
1110 900 1292 971 hujus
1310 899 1560 971 pastoris
1576 898 1835 953 maxime
1858 897 2216 953 admiranda

559 998 643 1057 est
672 1010 684 1049 :
721 1008 860 1048 nam
894 997 949 1045 et
973 1006 1115 1045 oves
1148 996 1280 1044 sunt
1304 987 1645 1044 rationales.
1673 987 1977 1057 Siquidem
2010 988 2209 1057 etiam,

558 1082 806 1155 quando
820 1079 1144 1150 discipulos
1160 1076 1728 1141 emittebat,dicebat
1745 1077 1917 1131 :Ecce
1928 1091 2032 1145 ego
2048 1077 2213 1132 mitto

561 1187 679 1231 vos.
696 1177 976 1241 tanquam
990 1184 1119 1223 oves
1138 1168 1199 1222 in
1214 1167 1401 1221 medio
1418 1166 1692 1234 luporum
1714 1165 1781 1219 θδε
1805 1172 2060 1235 pastores
2076 1182 2212 1221 vero

559 1258 915 1329 extralupos
939 1258 1176 1311 mittunt
1200 1272 1365 1310 oves.
1396 1254 1567 1309 Vadit
1593 1260 1795 1309 autem
1836 1260 1973 1309 ante
2005 1270 2127 1317 eas,
2156 1260 2211 1310 et

557 1353 845 1419 tanquam
876 1346 923 1401 is
950 1345 1051 1416 qui
1078 1346 1302 1416 primus
1330 1345 1804 1399 conversationis
1828 1343 1985 1398 viam
2024 1343 2209 1398 calca-

554 1437 719 1503 vit,et
758 1438 909 1492 sicut
940 1435 1040 1506 qui
1074 1451 1145 1490 ea
1186 1434 1337 1503 fecit,
1370 1450 1500 1505 quae
1534 1434 1720 1488 docet.

625 1613 791 1667 Vers.
823 1615 874 1665 4.
908 1613 979 1666 Et
1011 1642 1063 1651 --
1096 1616 1448 1682 sequuntur.
1478 1611 1581 1665 Per
1621 1610 1875 1678 vestigia
1929 1626 2068 1665 eum
2120 1626 2206 1665 se-

2327 452 2598 527 προϐάτων
2631 456 2659 513 ἠ
2698 450 3026 508 διδασκαλία
3046 465 3143 509 τῶν
3174 460 3315 510 θείων
3334 457 3506 529 λόγων,
3527 465 3743 532 τρέφουσα
3763 468 3827 514 καὶ

2329 548 2612 596 πιαίνουσα
2636 549 2729 601 τὴν
2759 544 2964 616 ψυχὴν.

2402 639 2497 687 Καὶ
2542 666 2607 674 -
2642 638 2931 707 πορεύιται.
2966 632 3206 707 Ὀδηγών
3260 637 3387 689 αὐτὰ
3429 638 3491 698 εἰς
3541 638 3723 699 εὐθεῖαν,
3765 646 3828 691 καὶ

2326 726 2664 795 προασπίζων
2715 722 2901 778 αύτὼν.
2973 730 3072 776 Καὶ
3128 729 3231 796 μὴν
3296 728 3343 777 οἱ
3400 732 3607 798 ποιμένες
3669 727 3830 779 τούναν-

2324 816 2431 862 τίον
2488 818 2753 879 ποιοῦσιν,
2810 814 3023 864 ὄπισθεν
3080 822 3177 865 τῶν
3256 814 3505 887 προϐάτων
3566 815 3830 867 ἀκολουθοῦν

2324 918 2448 960 τες·
2486 898 2592 952 ἀλλ’
2644 902 2672 958 ὴ
2726 906 3035 972 ποιμαντικὴ
3086 911 3177 954 τού
3226 908 3455 975 ποιμένος
3502 908 3662 957 τούτου
3707 925 3833 979 παρα-

2325 984 2603 1050 δοξοτάτηο
2658 985 2798 1041 ὃιότι
2850 996 2938 1042 καὶ
3005 992 3070 1041 τὰ
3120 990 3353 1063 πρόϐατα
3401 992 3590 1063 λογικά.
3636 1000 3716 1045 Καὶ
3759 1000 3830 1063 γάρ

2325 1082 2412 1128 καὶ
2473 1080 2553 1130 ὅτε
2594 1081 2713 1137 τοὺς
2771 1080 3013 1150 μαθητὰς
3065 1077 3363 1133 ἀπέστελλεν
3409 1081 3503 1151 (8),
3546 1080 3702 1152 ἔλεγεν·
3730 1078 3832 1134 ’1ὄού

2322 1164 2619 1219 ἀποστελλω
2688 1168 2847 1238 ὑμῆς,
2924 1169 2992 1227 ὡς
3068 1168 3306 1242 πρόϐατα
3378 1172 3425 1222 ἐν
3509 1175 3634 1241 μέσῳ
3692 1171 3829 1221 λύκων

2320 1258 2369 1306 όί
2401 1252 2459 1307 δὲ
2508 1260 2744 1327 ποιμένες
2794 1257 2888 1319 ἔξω
2938 1256 3105 1309 λύκων
3149 1257 3517 1311 ἀποστέλλουσι
3540 1266 3598 1311 τὰ
3638 1258 3831 1333 πρόϐατε.

2322 1347 2598 1417 Πορεύεςαι
2670 1342 2729 1397 δε
2795 1348 3087 1419 ἔμπροσθεν
3160 1347 3341 1415 αὐτῶν,
3405 1354 3489 1400 καὶ
3560 1352 3615 1408 ὡς
3688 1358 3833 1421 πρῶτος

2318 1438 2482 1505 τεμὼν
2533 1440 2626 1492 τὴν
2682 1431 2805 1486 ὁδὸν
2860 1443 2952 1497 τῆς
3010 1436 3291 1503 πολιτείας,
3344 1443 3431 1489 καὶ
3466 1442 3665 1497 ποιήσας
3700 1437 3729 1488 ἁ
3764 1434 3830 1488 δι-

552 1705 840 1773 quuntur,
875 1701 1085 1756 eadem
1111 1700 1452 1755 incedentes
1484 1698 1599 1763 via,
1630 1699 1939 1771 ipsiusque
1972 1699 2193 1770 legibus

2316 1700 2474 1761 ζοντα
2542 1706 2636 1758 τήν
2710 1703 2872 1760 αὐτὴν
2951 1699 3074 1755 όδόν
3151 1712 3259 1765 τοῖς
3342 1708 3511 1775 νόμοις
3561 1704 3696 1756 αὐτοῦ
3755 1723 3834 1755 πει-

554 1796 850 1861 parentes.

586 1879 784 1936 AVers.
819 1884 871 1935 4.
927 1880 1079 1948 Quia
1112 1911 1179 1919 —-
1208 1881 1351 1949 eius.
1414 1880 1555 1943 Qua:
1608 1882 1699 1933 est
1740 1893 1809 1933 ex
1864 1877 2199 1948 Scripturis,

550 1969 771 2041 quibus
804 1976 1056 2025 assuetie
1090 1974 1245 2033 sunt,
1280 1985 1348 2023 ex
1381 1968 1632 2037 cognitis
1664 1967 1933 2022 vocibus.

622 2058 789 2113 Vers.
832 2063 881 2113 5.
933 2061 1211 2114 Alienum
1259 2088 1325 2098 —
1380 2073 1595 2113 vocem.
1646 2056 1832 2111 Alieni
1892 2063 2048 2121 sunt,
2102 2058 2201 2129 qui

549 2162 669 2205 non
690 2147 908 2203 intrant
932 2163 1036 2219 per
1052 2148 1295 2203 ostium.
1318 2149 1441 2201 Non
1457 2152 1748 2201 noverunt
1768 2152 1962 2199 autem
1997 2162 2196 2199 vocem

546 2236 780 2291 illorum
808 2252 970 2303 oves,
998 2242 1058 2289 ut
1086 2252 1219 2306 quae
1254 2250 1372 2290 non
1406 2235 1480 2288 sit
1519 2252 1553 2287 a
1604 2235 1938 2304 Scripturis,
1980 2236 2201 2306 quibus

547 2329 796 2379 assuetae
825 2330 981 2387 sunt,
1014 2329 1073 2378 ut
1104 2323 1325 2377 dictum
1358 2327 1463 2385 est,
1493 2322 1595 2376 sed
1620 2338 1654 2377 a
1684 2328 1882 2377 ventre
1908 2323 2196 2394 ipsorum.

616 2413 844 2468 Vers.6.
876 2414 986 2468 Hoc
1017 2443 1083 2453 —
1122 2412 1308 2468 Jesus.
1344 2410 1507 2466 Hanc
1541 2411 1916 2481 parabolam.

620 2500 777 2556 Vers.
806 2506 858 2555 6.
894 2502 998 2557 [lli
1026 2532 1088 2541 —
1121 2502 1280 2569 ipsis.
1317 2500 1579 2556 Obscure
1606 2502 1765 2555 enim
1817 2500 2194 2573 loquebatur.

543 2590 883 2646 attentiores
907 2606 1009 2646 eos
1027 2589 1303 2645 reddens.
1339 2590 1553 2645 Deinde
1578 2589 1693 2645 alio
1723 2591 1900 2645 modo
1925 2592 2004 2646 sei
2016 2607 2193 2661 psum

542 2684 599 2736 et
624 2680 874 2750 januam
908 2685 1078 2735 vocat
1107 2685 1163 2735 et
1188 2685 1514 2749 pastorem.

616 2772 776 2828 Vers.
802 2776 855 2825 7.
884 2771 1048 2827 Dixit
1081 2802 1142 2811 —
1172 2770 1384 2826 ovium.
1418 2771 1521 2825 Per
1550 2770 1714 2842 quod
1758 2771 2191 2839 ingrediuntur,

542 2875 685 2915 oves
708 2859 785 2914 ad
813 2876 1138 2931 supernam
1176 2859 1574 2915 mansionem.
1596 2863 1795 2931 Neque
1835 2861 1993 2915 enim
2026 2862 2195 2932 quis-

540 2964 726 3021 quam
749 2948 916 3005 aliter
937 2949 1287 3018 ingreditur,
1308 2949 1418 3003 nisi
1441 2966 1542 3019 per
1560 2949 1781 3020 ipsum,
1806 2954 1859 3004 et
1885 2966 1987 3021 per
2008 2950 2191 3007 ﬁdem

540 3053 676 3110 qua:
703 3037 763 3091 in
789 3038 981 3109 ipsum
1009 3043 1114 3103 est,
1144 3054 1211 3093 ac
1245 3054 1348 3109 per
1379 3039 1506 3108 ejus
1533 3038 1888 3095 doctrinam.

612 3128 775 3181 Vers.
806 3127 857 3182 8.
896 3128 1103 3183 Omnes
1136 3158 1202 3167 —
1233 3129 1513 3183 latrones.
1546 3129 1843 3199 Quotquot
1896 3144 1931 3183 a
1980 3127 2189 3200 seipsis

536 3222 842 3287 venerunt,
875 3222 1169 3289 quotquot
1202 3222 1510 3283 venerunt,
1554 3233 1670 3272 non
1705 3234 1806 3288 per
1836 3218 2188 3289 praedictum

535 3305 776 3370 ostium,
808 3305 1074 3361 utJudas
1093 3304 1462 3371 etTheudas,
1506 3311 1561 3361 et
1610 3306 1660 3361 si
1713 3306 1849 3377 quis
1904 3306 2051 3361 alius
2084 3308 2189 3361 hu-

530 3394 796 3466 jusmodi
823 3412 835 3450 :
862 3395 1153 3466 prophetae
1172 3410 1433 3467 namque
1456 3410 1575 3449 non
1593 3411 1629 3451 a
1649 3395 1860 3466 seipsis
1881 3402 2186 3465 venerunt,

538 3484 641 3538 sed
670 3500 705 3539 a
741 3487 855 3539 Deo
882 3484 1045 3539 missi
1069 3488 1205 3540 sunt
1232 3500 1244 3539 ;
1276 3500 1384 3540 nec
1405 3484 1666 3551 aliunde,
1692 3486 1787 3539 sed
1830 3501 1936 3557 per
1965 3485 2185 3541 ostium

536 3572 926 3627 intraverunt.

612 3660 769 3716 Scire
809 3661 967 3716 enim
999 3666 1250 3732 oportet,
1288 3662 1452 3734 quod
1484 3663 1824 3734 frequenter
1861 3664 2181 3734 Scriptura,

535 3748 931 3804 universalem
966 3756 1395 3821 repraesentans
1449 3753 1719 3815 formam,
1766 3752 2185 3824 particularem

535 3836 801 3893 insinuat
822 3837 1277 3909 intelligentiam.
1298 3843 1430 3896 Nam
1454 3841 1612 3913 quod
1629 3858 1788 3897 nunc
1805 3842 1966 3907 dicit,
1988 3842 2183 3898 Omnes

534 3942 657 3981 non
686 3926 1025 3997 simpliciter
1056 3928 1351 3998 signiﬁcat
1380 3946 1590 3985 omnes
1629 3931 1731 4002 qui
1790 3930 1988 4002 ipsum
2035 3947 2180 4001 pra:-

534 4022 860 4071 cesserunt.
893 4016 1090 4071 Simile
1135 4018 1312 4073 etiam
1342 4025 1448 4085 est,
1478 4020 1639 4091 quod
1666 4020 1745 4074 ait
1774 4019 1955 4074 David
2008 4036 2020 4073 :
2053 4020 2183 4076 Om-

532 4120 627 4162 nes
658 4106 1131 4171 declinaverunt,
1158 4110 1332 4165 simul
1352 4110 1589 4165 inutiles
1605 4110 1912 4179 factisunt
1930 4113 1976 4145 ⁹⁹
2003 4127 2015 4165 :
2039 4110 2181 4166 tales

530 4194 826 4266 siquidem
854 4211 970 4251 non
986 4205 1172 4262 erant,
1197 4197 1299 4268 qui
1318 4198 1497 4253 etiam
1516 4204 1652 4253 tunc
1672 4199 1858 4253 Deum
1880 4199 2177 4265 colebant;

530 4287 584 4340 et
610 4283 752 4339 illud
783 4284 1115 4341 Salomonis
1148 4303 1160 4341 :
1194 4286 1401 4343 Omnia
1440 4292 1577 4343 sunt
1637 4287 1868 4344 vanitas
1900 4290 1915 4323 ¹
1953 4304 2179 4361 :neque

528 4373 685 4428 enim
715 4373 848 4429 talis
876 4380 960 4431 est
989 4374 1190 4430 virtus.

604 4465 697 4517 Est
712 4470 913 4519 autem
932 4464 1026 4519 ubi
1047 4465 1246 4520 Omnis
1265 4465 1422 4521 idem
1440 4465 1751 4535 signiﬁcat,
1768 4466 1931 4537 quod
1948 4466 2174 4531 Nullus,

528 4556 591 4604 ut
622 4552 679 4604 in
706 4552 862 4608 dicto
885 4554 983 4608 illo
1016 4554 1339 4610 Salvatoris
1371 4571 1383 4609 :
1414 4557 1486 4610 Et
1518 4555 1634 4611 nisi
1656 4555 1904 4610 breviati
1926 4557 2176 4625 fuissent

526 4638 653 4693 dies
682 4639 791 4704 illi,
823 4658 939 4696 non
965 4644 1125 4710 fieret
1156 4646 1327 4699 salva
1357 4646 1536 4699 omnis
1553 4660 1693 4699 caro
1722 4646 1763 4708 ³,
1793 4645 1847 4698 id
1880 4650 1986 4711 est,
2016 4644 2179 4701 nulla

527 4741 688 4781 caro.
723 4728 782 4781 In
816 4730 914 4784 illo
945 4747 1181 4801 quoque
1210 4733 1491 4788 Davidico
1521 4749 1695 4788 versu
1725 4756 1735 4787 :
1761 4734 1829 4787 Et
1858 4750 1971 4788 non
1990 4734 2172 4789 domi-

523 4821 702 4871 netur
730 4818 876 4873 mihi
906 4820 1085 4875 omnis
1112 4820 1407 4891 injustitia
1431 4824 1473 4886 ³,
1500 4822 1613 4878 hoc
1640 4830 1747 4888 est,
1777 4822 1957 4878 nulla.
1996 4823 2176 4878 Multa

524 4921 766 4977 quoque
800 4911 939 4961 sunt
969 4908 1204 4965 similia.

598 4994 755 5051 Vers.
788 4999 837 5052 8.
868 4998 1077 5054 Sed—
1115 5014 1265 5056 oves.
1328 5002 1437 5067 Qui
1484 5017 1621 5057 vere
1670 5005 1837 5058 erant
1891 5016 2054 5057 oves.
2107 5001 2172 5058 Et

1773 5206 1791 5243 ¹
1821 5205 2005 5264 Eccle.
2036 5222 2071 5272 ι,
2107 5210 2159 5262 2.

591 5202 638 5239 os
680 5202 878 5263 Matth.
910 5220 970 5277 x,
1003 5205 1090 5263 16.
1216 5209 1264 5245 ³9
1296 5205 1454 5267 Psal.
1494 5223 1592 5274 xu,
1624 5206 1677 5263 3.

2260 5208 2281 5242 ²
2309 5205 2503 5264 Matth.
2531 5221 2687 5273 xxxv,
2715 5206 2804 5263 22.

2319 1518 2525 1578 δάσκει.

2390 1616 2490 1664 Καὶ
2534 1644 2602 1653 -
2648 1611 2935 1667 ἀκολουθεῖ.
2994 1613 3118 1666 Κατ’
3179 1618 3331 1685 ἰχνος
3362 1614 3496 1684 αὐτῷ
3524 1611 3833 1685 ἓπεται,βιιδι-

2316 1790 2523 1860 θόμενα.

2382 1878 2500 1931 Ὀτι
2539 1911 2593 1919 -
2646 1881 2829 1936 αὐτοῦ.
2890 1878 3069 1934 Ούσαν
3118 1880 3172 1933 ἐκ
3202 1889 3302 1935 τῶν
3332 1884 3555 1940 συνήθων
3584 1888 3775 1955 Γραγὼν,
3799 1882 3837 1932 ἐι

2312 1976 2408 2020 τῶν
2438 1988 2579 2041 γρωρ
2588 1973 2714 2041 ίμων
2755 1978 2951 2041 φωνῶν.

2383 2056 2659 2129 Ἀλλοτρίῳ
2705 2089 2771 2096 —
2812 2064 3003 2129 φωνήν.
3034 2058 3327 2133 Ἀλλότριοι
3354 2063 3441 2130 μὲν
3472 2062 3518 2112 οἱ
3545 2064 3609 2131 μὴ
3651 2058 3835 2131 εἰσερχό-

2309 2164 2451 2215 μενοι
2480 2142 2571 2197 διὰ
2600 2155 2695 2207 τῆς
2746 2149 2922 2220 θύρας⁸
2953 2148 3044 2199 ούκ
3085 2144 3271 2201 οἴδασι
3326 2145 3385 2201 δι
3412 2150 3567 2200 αύτὼν
3601 2153 3681 2205 τὴν
3714 2154 3837 2219 φωνήν

2308 2237 2374 2285 τὰ
2399 2234 2652 2308 πρόϐατα,
2687 2239 2750 2296 ὡς
2774 2241 2846 2306 μὴ
2887 2236 2987 2289 ἀπὸ
3016 2245 3114 2289 τῶν
3149 2240 3385 2296 συνήθων
3418 2244 3631 2312 Γραφών,
3653 2239 3708 2298 ὡς
3734 2240 3835 2310 εἰρε-

2307 2342 2414 2387 ται,
2445 2320 2632 2388 οὖσαν,
2660 2324 2766 2375 ἀλλ’
2810 2324 2911 2377 ἀπὸ
2943 2326 3145 2387 κοιλίας
3169 2327 3362 2381 αὐτῶν.

2376 2416 2580 2472 Ταύτην
2609 2446 2676 2453 -
2713 2417 2936 2476 Ἰησοὺς.
2965 2419 3069 2473 Τὴν
3092 2416 3413 2490 παραϐολήν.

2374 2501 2586 2555 Ἐκεῖνοι
2616 2535 2682 2543 -
2698 2506 2893 2564 αὐτοῖς.
2912 2504 3145 2576 Ἀοαφῶς
3165 2509 3268 2578 γὰρ
3299 2504 3475 2569 ἐλάλει,
3502 2508 3833 2580 προσεκτικωτέ-

2303 2611 2426 2663 ρους
2463 2601 2621 2645 ποιῶν
2644 2593 2851 2655 αὐτούς.
2886 2590 3010 2646 Εἶτα
3041 2600 3228 2666 τρόπον
3259 2597 3430 2669 ἓτερον
3464 2595 3627 2647 ἑαυτὸν
3649 2594 3831 2664 ὀνομάζει

2305 2686 2393 2733 καὶ
2418 2684 2573 2755 θύραν
2591 2688 2679 2735 καὶ
2707 2686 2944 2754 ποιμένα.

2374 2777 2523 2823 Εἶπεν
2568 2802 2637 2811 -
2694 2771 2987 2844 προϐάτων.
3049 2776 3121 2824 Δι’
3176 2774 3238 2834 ἧς
3296 2773 3614 2845 εἰσέρχονται
3655 2773 3709 2821 τὰ
3745 2771 3833 2839 πρὸ·

2303 2857 2435 2913 ϐατα
2463 2860 2533 2922 εἰς
2564 2864 2651 2917 τὴν
2681 2862 2784 2911 οἰνω
2824 2857 3082 2935 μάνδραν.
3110 2861 3331 2934 Ἑτέρως
3358 2865 3458 2934 γὰρ
3484 2861 3573 2913 ούκ
3600 2860 3835 2931 εἰσέρχεται

2301 2967 2401 3016 τις,
2434 2948 2477 3000 εὶ
2534 2953 2605 3019 μὴ
2640 2945 2713 3000 δι’
2757 2949 2918 3001 αὑτοῦ
2947 2957 3036 3001 καὶ
3067 2958 3159 3012 τῆς
3218 2950 3292 3012 εἰς
3351 2951 3501 3003 αὐτὸν
3539 2955 3733 3007 πίστεως
3770 2950 3832 2996 καὶ

2301 3046 2393 3099 τῆς
2433 3038 2593 3089 αὐτοῦ
2624 3034 2998 3101 διδασκαλίας.

2376 3128 2561 3187 Πάντες
2648 3159 2715 3167 -
2786 3127 2998 3199 λῃσταί.
3065 3126 3223 3181 Ὀσοι
3311 3126 3464 3187 ἦλθον
3534 3128 3611 3199 ἀφ’
3673 3126 3831 3185 ἑαυτῶν,

2301 3217 2416 3267 ὅσοι
2470 3212 2622 3273 ἦλθον
2706 3220 2778 3287 μὴ
2854 3214 2947 3269 διὰ
3012 3224 3104 3278 τῆς
3170 3222 3544 3291 προειρημένης
3598 3217 3749 3287 Θύρας,
3787 3213 3835 3269 ὡς

2301 3300 2504 3364 Ἰούδας
2554 3310 2641 3355 καὶ
2676 3300 2873 3365 Θευδᾶς
2912 3310 3000 3357 καὶ
3059 3308 3185 3366 εἴτις
3242 3313 3498 3366 τοιοῦτος.
3528 3306 3587 3356 Οἱ
3629 3310 3833 3376 προφῆται

2298 3396 2398 3467 γὰρ
2449 3393 2542 3445 ούκ
2596 3390 2748 3451 ἦλθον
2823 3394 2907 3466 ἀφ’
2958 3394 3173 3458 ἑαυτῶν,
3232 3393 3343 3446 ἀλλ’
3405 3393 3739 3448 ἀπεστάλησαν
3795 3387 3833 3437 ἐι

2300 3490 2389 3533 τοῦ
2418 3490 2571 3549 θεοῦ»
2604 3488 2692 3535 καὶ
2718 3483 2800 3555 (9)
2847 3482 2939 3534 οὐκ
2995 3482 3232 3542 εἰσῆλθον
3286 3480 3724 3555 ἀλλαχόθεν,
3766 3473 3833 3528 διὰ

2298 3578 2392 3632 τῆς
2425 3573 2602 3644 θύρας.

2368 3665 2482 3734 Χρή
2547 3656 2605 3712 δὲ
2656 3665 2928 3731 γινώσκειν
2970 3662 3045 3712 ὅτι
3083 3660 3335 3723 πολλάκις
3384 3663 3413 3720 ἡ
3469 3664 3631 3733 Γραφὴ
3678 3654 3832 3709 καθολι-

2295 3752 2383 3801 κὸν
2436 3752 2594 3801 τύπον
2655 3750 3077 3821 σχηματίζούσα
3127 3755 3352 3821 μερικὴν
3406 3754 3589 3802 ἔννοιαν
3634 3743 3828 3798 eam»

2294 3857 2399 3890 ται.
2440 3842 2509 3890 Τό
2537 3841 2639 3911 γὰρ
2676 3842 2863 3901 Πάντες
2890 3847 2976 3890 νύν
3008 3839 3065 3891 ού
3110 3842 3311 3899 πάντας
3357 3839 3529 3901 ἁπλῶς
3575 3834 3705 3895 δηλοὶ
3744 3836 3831 3889 τοὺς

2293 3931 2391 3997 πρὸ
2428 3927 2607 3981 αύτον.
2662 3934 2904 3980 Τοιοῦτόν
2953 3927 3067 3980 ἐστι
3117 3931 3205 3979 καὶ
3248 3932 3307 3980 τὸ
3371 3932 3645 3981 Δαυίτικόν·
3687 3924 3830 3977 Πάντες

2293 4015 2564 4081 ἐξέκλιναν,
2598 4017 2706 4088 ἅμα
2746 4018 3138 4089 ἠχρεώθησαν
3170 4018 3229 4069 ού
3257 4019 3363 4092 γὰρ
3404 4019 3567 4070 κοιὶοὶ
3609 4015 3829 4071 nimi?“

2294 4106 2555 4177 θεοφιλεῖς
2583 4112 2671 4157 καὶ
2702 4110 2757 4158 τό
2804 4106 3193 4179 Σολομὼντειον·
3246 4109 3430 4159 Πάντα
3478 4110 3747 4179 ματαιότηῖ
3787 4096 3826 4147 εὖ

2288 4196 2389 4269 γὰρ
2422 4199 2511 4246 καὶ
2544 4197 2571 4252 ἠ
2602 4195 2780 4269 ἀρετή.

2359 4460 2510 4515 Ἔστι
2559 4458 2616 4515 δι
2670 4463 2752 4515 ὅτε
2803 4464 2860 4514 τὸ
2901 4468 3005 4522 Πᾶς
3043 4464 3101 4515 τὸ
3155 4458 3352 4525 Οὐδείς
3411 4464 3657 4533 σημαίνει,
3699 4456 3750 4512 ὥς
3783 4452 3821 4501 τὸ

2288 4559 2379 4604 τοῦ
2441 4559 2689 4625 Σωτῆρος·
2768 4555 2867 4603 Καὶ
2928 4550 3088 4623 εἰμὴ
3162 4550 3559 4608 ἐκολοϐώθησαν
3620 4548 3666 4596 αἱ
3726 4544 3819 4611 ἑμ-

2284 4660 2374 4714 ραι
2416 4640 2622 4706 ἐκεῖναι,
2669 4640 2762 4692 ούκ
2819 4638 2877 4690 ἆν
2936 4638 3106 4697 ἐσώθη
3175 4645 3326 4692 πᾶσα
3388 4638 3536 4712 σὰρξ,
3594 4642 3727 4706 ἤγουν
3761 4626 3818 4681 οὖο

2288 4730 2443 4803 δεμία
2489 4730 2645 4803 σάρξ·
2694 4734 2781 4781 καὶ
2819 4731 2878 4780 τὸ
2931 4732 3223 4781 Δαυῑτικόν·
3265 4735 3366 4781 Καὶ
3416 4732 3487 4801 μὴ
3550 4736 3815 4795 κατακυρωθ-

2288 4825 2429 4873 σάτω
2480 4840 2579 4892 μου
2638 4826 2786 4871 πᾶσα
2858 4816 3065 4890 ἀνομία,
3124 4822 3387 4889 τουτέστι,
3461 4812 3695 4890 μηδεμία.
3745 4810 3813 4860 Καὶ

2284 4910 2446 4963 πολλὰ
2476 4916 2715 4965 τοιαῦτα.

2354 4998 2485 5052 Ἀλλ’
2532 5028 2600 5040 -
2645 4996 2901 5071 πρόϐατα·
2952 5000 3028 5050 Τὰ
3080 4994 3285 5057 ἀληθῶς
3346 4994 3597 5070 πρόϐατα.
3647 4986 3812 5044 Κέτιττὲο

2906 5207 2924 5239 ³
2948 5201 3102 5262 Psal.
3136 5217 3288 5269 cvm,
3330 5201 3451 5260 £33.

1766 5410 1990 5483 Variae
2020 5409 2347 5481 lectiones
2389 5417 2667 5477 etnotae.

583 5636 659 5731 (8)
697 5655 998 5713 Δπέστειλεν
1027 5634 1084 5713 ﬁ.

2344 5634 2420 5723 ιθ)
2448 5636 2543 5689 Καὶ
2574 5630 2740 5691 abest
2776 5632 2846 5693 Α.
