4022 6232
161 277 290 354 1325‘
1163 278 1540 351 COMMENT.
1591 293 1660 349 IN
1699 293 2052 350 JOANNEM.
2095 325 2164 336 —
2202 277 2361 350 CAP.
2405 295 2474 352 Χ.
3073 299 3076 302 ‘
3392 300 3522 360 1326

168 423 241 476 θεν
268 417 353 473 οὗν
381 415 540 477 δῆλον
578 419 655 471 ὅτι
685 416 745 471 ού
785 417 1162 494 συμπεριέλαϐε
1181 424 1271 473 καὶ
1300 423 1418 481 τοὺς
1447 424 1750 493 προφήτας⁴

1908 419 2004 476 inc
2043 418 2430 476 manifestum
2461 423 2565 486 est,
2598 423 2764 496 quod
2817 439 2940 482 non
2994 427 3529 501 comprehenderat

168 512 343 564 τούτων
371 511 473 582 γὰρ
498 511 628 568 ἡκου
635 526 752 562 σαν.

233 601 358 670 Ἐγώ
388 597 496 670 εἰμι
519 599 548 656 ἡ
585 599 825 672 θύρα.Τῷ
852 593 1232 672 διπλασιασμῷ
1249 606 1340 651 τού
1369 599 1530 674 ῥητού
1551 596 1760 672 βεϐαιοῖ

171 692 246 742 τόν
273 686 440 759 λόγον.

234 777 306 829 Δι’
354 807 423 817 —
477 777 793 834 σωθήσεται.
850 778 944 829 Διὰ
984 786 1082 830 τῶν
1131 780 1263 850 ἱμῶν
1295 776 1506 830 ἐντολῶν
1567 777 1652 830 έάν
1678 797 1758 840 τις

173 864 379 938 όδεύση,
437 867 758 936 σωθήσεται,
811 868 1159 941 ἀνερχόμενος
1209 867 1280 928 εἰς
1331 872 1425 925 τὴν
1464 868 1568 922 οἷνω
1632 869 1758 938 μάν-

173 954 313 1029 δραν.

238 1049 334 1100 Καὶ
359 1077 425 1084 -
465 1042 803 1107 ἐξελεύσεται.
831 1044 919 1107 Εἰς
935 1046 1104 1098 πάντα
1129 1048 1286 1099 τόπον
1317 1054 1412 1108 τῆς
1433 1045 1757 1118 οἰκουμένης,

172 1137 284 1207 ὅπερ
315 1137 400 1186 ἐπὶ
431 1141 528 1186 τῶν
559 1132 856 1187 ἀποστόλων
885 1138 1083 1206 γέγονε.

235 1229 333 1278 Καὶ
363 1227 524 1295 νομὴν
551 1224 778 1298 εὑρήσει.
813 1223 889 1276 Ou’
919 1223 1162 1296 ψυχικὴν
1201 1229 1356 1296 μόνον
1395 1223 1524 1276 ἀλλὰ
1547 1229 1634 1276 καὶ
1663 1243 1759 1276 σω·

167 1317 381 1386 ματικην
417 1329 430 1342 ·
463 1315 632 1364 πάντα
654 1314 754 1385 γὰρ
787 1315 852 1364 τὰ
890 1320 989 1364 τῶν
1021 1319 1368 1366 πιστευόντων
1426 1313 1608 1374 αὐτοῖς
1638 1331 1762 1385 προ-

170 1406 318 1453 ἐκιίτο
350 1401 482 1472 (ιο).

233 1489 289 1544 Ὀ
342 1489 566 1551 πλέπτης
623 1521 692 1529 —-
749 1489 1003 1564 ἀπολέσῃ.
1065 1490 1176 1543 Ούκ
1234 1494 1444 1566 ἔρχεται
1505 1488 1598 1544 διὰ
1660 1510 1762 1543 σω-

171 1583 346 1652 τηρίαν
375 1588 476 1631 τῶν
525 1578 818 1653 προϐάτων⁹
865 1582 907 1632 εἰ
962 1585 1034 1653 μὴ
1069 1577 1163 1633 διὰ
1215 1584 1272 1633 τό
1323 1579 1510 1652 κλέψαι
1548 1586 1638 1634 καὶ
1671 1583 1766 1634 θύ-

175 1688 256 1721 σαι
305 1674 396 1722 καὶ
445 1669 728 1724 απολάσαι.
788 1675 888 1724 Καὶ
941 1674 1043 1744 γὰρ
1100 1675 1190 1723 καὶ
1249 1671 1300 1723 οὶ
1354 1670 1624 1732 κλαπέντες
1663 1669 1762 1723 ύπὸ

175 1755 350 1812 Θευδά
387 1764 478 1812 καὶ
513 1757 694 1812 Ἰούδα
745 1757 1075 1832 ἐσφάγησαν,
1134 1764 1224 1813 καὶ
1268 1757 1530 1812 ἀπώλοντο
1567 1779 1766 1834 παραυ·
1805 1778 1843 1832 Β

171 1866 298 1904 τικα.

236 1935 326 2010 [”0
389 1933 631 2000 διάϐολος
669 1938 876 1990 κλέπτει
926 1937 1039 2010 (Η)
1086 1941 1198 2010 μὲν,
1241 1957 1324 1991 οτε
1378 1937 1626 2011 λαμϐάνει
1671 1941 1766 1995 τὴν

175 2025 354 2097 ψυχὴν
383 2031 472 2079 καὶ
500 2029 725 2100 μεθιστᾴ
774 2030 900 2101 πρὸς
946 2025 1126 2079 έαυτόν
1182 2031 1272 2079 καὶ
1303 2031 1433 2100 πρὸς
1487 2029 1552 2080 τὰ
1581 2027 1766 2079 ἑαυτοῦ

177 2114 434 2188 θελήματα
468 2133 482 2149 ⁶
531 2119 640 2170 θύει
675 2113 754 2185 δὲ,
805 2117 888 2169 ὅτε
945 2116 1134 2187 σφάζει
1190 2120 1284 2174 τὴν
1330 2121 1636 2192 προαίρεσιν
1671 2113 1766 2167 αὐ·-

174 2211 276 2274 τῆς,
333 2210 427 2258 καὶ
482 2213 653 2281 νεκροῖ
691 2210 816 2280 πρὸς
858 2209 945 2264 τὴν
985 2203 1216 2280 ἐνάρετον
1259 2208 1395 2268 ζωήν

179 2288 250 2362 δε,
279 2294 368 2346 ὅτε
427 2299 515 2348 καὶ
554 2300 646 2353 τὴν
676 2297 812 2348 κατά
865 2297 993 2348 Θεὸν
1049 2299 1258 2366 μνήμην
1306 2294 1468 2357 αὐτῆς
1508 2293 1764 2366 ἀφανίζει,

176 2382 298 2434 ὥστε
351 2387 426 2456 μὴ
470 2379 730 2437 δύνασθαι
771 2385 1107 2457 μνημονεύειν
1160 2391 1254 2444 τῆς
1310 2383 1598 2456 μελλούσης
1658 2387 1768 2457 κρί-

179 2471 349 2545 σεως.]

1463 2222 1476 2236 ⁶
1512 2204 1705 2258 ἀπολλυ
1713 2224 1768 2256 σι

251 2561 391 2635 Ἐγὼ
415 2595 478 2603 -
511 2565 698 2635 ἔχωσι.
730 2594 797 2603 -
821 2566 967 2621 Ζωὴν
999 2563 1219 2616 ἐνταῦθα
1238 2565 1329 2636 μὶν
1351 2566 1444 2621 τὴν
1461 2565 1594 2614 κατὰ
1617 2565 1767 2632 Θεὸν,

176 2658 232 2718 ἧς
262 2657 638 2730 περισσότερον
669 2654 697 2710 η
734 2649 980 2726 βασιλεία
1009 2660 1108 2704 τῶν
1140 2652 1366 2726 οὐρανῶν
1401 2668 1412 2680 ·
1447 2650 1550 2704 ὶκεί
1575 2647 1634 2704 δε
1677 2656 1770 2709 τὴν

174 2749 458 2817 μακαρίαν,
509 2743 569 2803 ἧς
600 2746 967 2816 περισσότερον
1009 2740 1071 2795 ’Ἄ
1105 2740 1366 2814 ὀφθαλμός
1399 2741 1490 2793 οὐκ
1523 2737 1648 2808 εἶδε,
1681 2746 1771 2794 καὶ

173 2833 256 2896 οὖς
301 2833 404 2886 οὐκ
448 2835 662 2894 ἤκουσε,
741 2835 830 2882 καὶ
907 2828 990 2882 ἐπὶ
1060 2827 1284 2905 καρδίαν
1355 2828 1626 2904 ἀνθρώπου
1680 2829 1774 2882 οὐκ

173 2922 339 2991 ἀνέϐη,
406 2922 436 2981 ἣ
477 2925 566 2972 καὶ
613 2922 642 2978 η
704 2919 873 2972 τελεία
926 2917 1208 2991 ἐπίγνωσις
1256 2927 1350 2982 τῆς
1403 2919 1555 2992 ἁγίας
1608 2921 1774 2994 Τριά-

177 3010 276 3074 δος.

239 3104 375 3173 Ἐγὼ
420 3131 480 3141 -
531 3097 705 3158 καλός.
756 3129 824 3138 -
861 3096 920 3150 Ὀ
968 3096 1186 3160 ἀληθής.
1218 3103 1357 3151 Ἀνω
1411 3099 1501 3170 μὲν
1555 3095 1642 3150 οὖν
1692 3099 1776 3150 θύ-
1807 3130 1848 3188 C

174 3211 260 3262 ραν
321 3191 510 3244 ἑαυτὸν
563 3188 801 3260 ὠνόμασε
841 3183 937 3239 διὰ
984 3191 1076 3246 την
1129 3186 1233 3240 ἐκεῖ
1283 3188 1532 3262 ῥηθεῖσαν
1581 3187 1773 3253 αἰτίαν,

177 3279 392 3332 ἐνταῦθα
443 3273 506 3330 δι
552 3280 773 3349 ποιμένα
835 3277 902 3338 ὡς
947 3279 1014 3328 τὰ
1067 3284 1155 3328 τοῦ
1203 3279 1444 3347 ποιμένος
1507 3284 1775 3344 ποιοῦντα,

177 3368 664 3444 ἆπαρατρέχοντες
723 3365 775 3416 οἱ
827 3367 1058 3437 ποιμένες
1109 3373 1206 3416 τῶν
1263 3362 1531 3419 Ἰουδαίων
1586 3362 1780 3418 ὀνειδι-

180 3463 349 3520 {avrai
403 3453 504 3510 διὰ
553 3463 646 3508 τού
693 3457 962 3529 προφήτου
1020 3454 1289 3520 Ἰεζεκιηλ,
1347 3459 1465 3529 περὶ
1517 3455 1583 3505 ὧν
1629 3453 1776 3527 ἐροῦ-

177 3566 260 3619 μεν
290 3547 387 3600 οὐκ
431 3544 509 3605 εἰς
556 3545 760 3616 μακράν
797 3544 912 3594 ’ἔτι
943 3538 1003 3595 δέ
1054 3547 1144 3595 καὶ
1195 3546 1262 3606 ὡς
1315 3547 1442 3618 πρὸς
1492 3548 1586 3602 την
1644 3543 1779 3596 ἐκεῖ-

181 3639 255 3690 θεν
303 3631 554 3710 μάνδραν
612 3635 920 3704 συνάγοντα,
961 3630 1134 3704 λόγοις
1164 3641 1506 3706 ποιμαντικῆς
1567 3632 1781 3691 ἐπιστή-

176 3746 294 3798 ys;-

242 3816 325 3869 Ἐν
355 3813 541 3874 ἄλλοις
565 3807 623 3864 δε
653 3815 761 3864 καί.
797 3809 1062 3886 Πρόϐατον
1091 3809 1323 3864 καλεῖται
1352 3816 1440 3863 καὶ
1469 3814 1656 3884 Ἀμνὸς
1692 3817 1783 3866 καὶ

176 3906 398 3977 Σφάγιον
433 3906 531 3955 καὶ
577 3899 898 3973 Ἀρχιερεύς,
927 3906 1014 3953 καὶ
1043 3906 1207 3975 μυρία
1248 3901 1395 3975 ἕτερα
1432 3905 1555 3976 πρὸς
1579 3905 1671 3963 τὰς
1697 3921 1786 3954 πο-

175 3994 469 4070 λυτρόπους
500 3991 799 4062 οἰκονομίας
827 3989 1010 4044 αὐτοῦ.

244 4083 302 4136 ’0
342 4085 545 4155 ποιμὴν
573 4109 640 4120 -
670 4077 961 4151 προϐάτων.
1001 4078 1158 4131 Παλιν
1174 4078 1304 4150 λέγει
1331 4081 1396 4131 τὰ
1415 4097 1786 4154 χαρακτηρισ-

179 4175 296 4224 τικὰ
316 4179 414 4225 τοῦ
447 4187 508 4223 τε
537 4171 780 4240 ποιμένος
806 4171 896 4219 καὶ
933 4174 1024 4219 τοῦ
1055 4169 1344 4239 μισθωτοῦ.

244 4261 303 4314 ’0
338 4262 716 4335 μισθωτός-
751 4255 1010 4329 πρόϐατα.
1042 4255 1360 4330 Ἠρμηνευσε
1390 4261 1470 4318 τίς
1495 4255 1633 4309 ἐστιν
1668 4276 1790 4329 μισ-

177 4351 364 4422 θωτὸς,
404 4351 495 4402 ὅτι
524 4346 585 4399 οὗ
611 4346 704 4399 ούκ
735 4345 836 4398 είσὶ
857 4348 925 4398 τὰ
951 4343 1189 4420 πρόϐατα
1218 4341 1348 4401 ἰδία.
1380 4348 1550 4407 Λύκος
1581 4342 1640 4397 δε
1670 4344 1787 4396 ἀνα.

177 4447 422 4509 γωγικώς
453 4438 482 4489 ὁ
509 4434 709 4508 λυμεὼν
757 4438 845 4486 καὶ
877 4431 1162 4498 κακόδοξος
1203 4439 1293 4486 καὶ
1325 4436 1350 4485 ό
1385 4431 1620 4494 διάϐολος
1647 4435 1792 4494 ὅστις

174 4535 263 4578 καὶ
293 4526 424 4579 λέων
483 4523 688 4594 λέγεται
743 4526 834 4574 καὶ
887 4519 1094 4598 δράκων
1145 4528 1235 4575 καὶ
1266 4526 1374 4595 ὄφις
1415 4529 1503 4576 καὶ
1544 4527 1793 4598 σκορπίος

174 4625 264 4667 και
303 4613 475 4676 ἀσπὶς
507 4616 597 4664 καὶ
637 4609 949 4684 βασιλίσκος
991 4617 1080 4664 καὶ
1116 4611 1278 4664 πολλὰ
1333 4612 1482 4687 ἔτερα
1529 4614 1656 4685 πρὸς
1702 4615 1792 4674 τὰς

174 4705 600 4779 κακομηχανίας
631 4699 792 4752 αὐτοῦ
815 4699 948 4772 (12),

241 4881 304 4938 ’0
378 4879 444 4936 δὲ
515 4880 776 4954 μισθωτὸς
839 4907 909 4920 —
971 4876 1264 4952 προϐάτων.
1346 4885 1629 4950 Πανταχοῦ
1693 4882 1794 4954 γὰρ

168 4979 265 5034 τὴν
329 4969 490 5026 ἰδέειν
546 4972 808 5045 σωτηρίαν
857 4968 1022 5039 ζητεῖ,
1063 4976 1162 5020 τῶν
1191 4967 1354 5021 ἄλλων
1402 4967 1602 5040 οἱμελῶν
1635 4984 1648 4996 ·
1678 4969 1704 5018 ό
1735 4963 1795 5020 δέ

263 5126 288 5162 ⁴
319 5125 343 5181 l
375 5121 522 5180 Cor.
543 5135 605 5189 ιι,
634 5122 686 5177 9.

1865 511 2045 566 etiam
2073 509 2390 581 prephetas
2419 528 2432 578 ;
2463 525 2605 566 nam
2635 512 2746 569 hos
2797 513 3133 572 audierunt.

1937 599 2098 653 Vers.
2125 599 2180 655 9.
2236 599 2353 668 Ego
2381 614 2511 655 sum
2569 601 2801 658 ostium.
2840 604 3002 660 Verbi
3033 605 3380 677 repetitione
3413 621 3531 663 ser-

1868 701 2107 743 monem
2141 687 2474 743 confirmat.

1940 775 2104 832 Vers.
2127 777 2179 832 9.
2225 778 2342 834 Per
2388 808 2456 818 —-
2501 779 2854 836 salvebitur.
2889 781 2997 837 Per
3037 797 3172 839 mea
3211 787 3527 856 praecepta,

1869 865 1915 922 si
1931 865 2066 938 quis
2088 865 2501 933 ambulaverit,
2536 868 2860 926 salvabitur
2878 871 3210 928 ascendens
3245 871 3305 929 in
3325 887 3528 944 super-

1869 971 2012 1011 nam
2041 971 2438 1012 manatonem.

1945 1043 2106 1100 Vers.
2170 1046 2221 1098 9.
2278 1045 2353 1099 Et
2391 1048 2844 1117 —egredietur.
2902 1048 2989 1105 Ad
3018 1065 3263 1106 omnem
3320 1049 3530 1106 mundi

1870 1133 2066 1189 locum
2102 1131 2298 1205 ;quod
2320 1133 2394 1188 de
2420 1135 2703 1207 apostolis
2733 1136 2957 1194 factum
2992 1144 3103 1196 est.

1946 1220 2104 1277 Vers.
2164 1225 2215 1278 9.
2265 1223 2343 1278 Et
2407 1238 2632 1292 pascua
2687 1227 2959 1283 inveniet.
3019 1230 3144 1283 Non
3203 1227 3533 1300 spiritualia

1871 1311 2089 1375 solum,
2131 1311 2238 1366 sed
2264 1315 2321 1367 et
2352 1313 2698 1384 temporalia
2731 1332 2743 1370 :
2802 1331 2942 1372 nam
2988 1317 3194 1373 omnia
3230 1333 3367 1389 quae
3395 1321 3534 1372 sunt

1870 1400 2248 1465 credentium,
2285 1401 2368 1456 eis
2401 1401 2543 1460 data
2582 1407 2743 1460 sunt.

1947 1489 2106 1543 Vers.
2163 1491 2250 1544 lO.
2299 1489 2428 1544 Fur
2488 1522 2549 1530 —
2605 1493 2838 1559 perdat.
2883 1497 3011 1550 Non
3063 1495 3228 1550 venit
3285 1500 3532 1567 propter

1873 1578 2129 1634 salutem
2150 1580 2376 1645 ovium,
2405 1580 2504 1634 sed
2533 1585 2761 1637 tantum
2788 1583 2865 1638 ad
2887 1583 3234 1650 furandum,
3267 1590 3532 1640 mactan-

1873 1669 2036 1734 dum,
2078 1684 2143 1723 ac
2175 1668 2558 1740 perdendum.
2609 1673 2757 1726 Nam
2797 1678 2853 1728 et
2899 1673 2938 1727 ii
2993 1672 3096 1746 qui
3157 1673 3305 1729 furto
3347 1672 3530 1730 ablati

1875 1764 2014 1814 sunt
2050 1774 2086 1814 a
2113 1757 2357 1816 Theuda
2392 1762 2450 1814 et
2493 1757 2664 1825 Juda,
2690 1759 2948 1830 jugulati
2974 1767 3112 1817 sunt
3151 1766 3207 1818 et
3245 1762 3530 1818 continuo

1875 1848 2198 1921 perierunt.

1946 1936 2366 2009 {nt-Diabolus
2417 1936 2647 1994 furatur
2701 1937 2970 2011 quidem,
3024 1955 3164 1998 cum
3215 1940 3531 2012 prehendit

1875 2027 2142 2084 animum
2175 2031 2230 2083 et
2249 2027 2523 2082 transfert
2551 2026 2631 2083 ad
2661 2043 2721 2082 se
2751 2034 2808 2083 et
2835 2029 2916 2083 ad
2946 2028 3313 2085 voluntatem
3333 2045 3528 2084 suam.

1878 2119 2090 2173 Mactat
2125 2123 2347 2182 autem,
2388 2113 2635 2187 quando
2694 2116 2967 2174 interﬁcit
2999 2117 3265 2174 studium
3302 2119 3432 2188 ejus
3476 2121 3533 2174 et

1879 2205 2195 2261 mortiﬁcat
2219 2209 2486 2275 respectu
2527 2203 2682 2268 vitm,
2711 2221 2848 2276 quas
2878 2210 2968 2262 est
2991 2206 3322 2262 secundum
3357 2205 3533 2260 virtu-

1877 2298 1994 2350 tem
2025 2309 2039 2359 ;
2084 2292 2274 2365 perdit
2302 2308 2458 2357 vero,
2495 2292 2742 2364 quando
2773 2295 3116 2350 memoriam
3137 2295 3236 2350 Dei
3263 2292 3430 2360 tollit,
3459 2307 3534 2350 ne

1877 2383 2170 2440 recordari
2202 2382 2393 2455 possit
2415 2381 2627 2453 judicii
2661 2381 2854 2438 futuri.

1950 2559 2700 2630 Vers.10.Ego—habeant.
2713 2591 2774 2601 -
2791 2559 3108 2628 Vitam;hic
3136 2560 3380 2633 quidem
3397 2575 3534 2616 eam

1881 2665 2017 2722 qum
2049 2649 2377 2704 secundum
2411 2651 2596 2704 Deum
2623 2653 2729 2713 est,
2765 2649 2933 2721 cujus
2976 2649 3536 2722 superabundantia

1882 2746 2238 2807 cstregnum
2258 2737 2579 2805 caelorum;
2603 2737 2686 2794 ibi
2709 2753 2842 2794 vero
2865 2737 3303 2808 beatam,cujus
3327 2753 3538 2809 super-

1882 2827 2258 2886 abundantia
2303 2832 2458 2893 sunt,
2492 2842 2630 2898 quae
2670 2825 2882 2882 oculus
2908 2841 3032 2882 non
3071 2825 3237 2896 vidit,
3269 2831 3326 2882 et
3371 2825 3536 2884 auris

1884 2932 2004 2973 non
2026 2915 2278 2982 audivit,
2304 2922 2360 2972 et
2389 2916 2450 2972 in
2489 2931 2592 2972 cor
2616 2915 2878 2972 hominis
2910 2931 3030 2972 non
3065 2915 3463 2972 ascenderunt
3492 2917 3535 2983 ι,

1883 3011 1988 3063 aut
2027 3005 2202 3062 etiam
2245 3004 2507 3078 perfecta
2547 3010 2768 3061 sanctae
2798 3005 3094 3061 Trinitatis
3127 3005 3408 3076 cognitio.

1959 3097 2118 3150 Vers.
2169 3096 2253 3149 lt.
2323 3095 2452 3165 Ego
2503 3125 2571 3133 -
2613 3093 2815 3149 bonus.
2880 3124 2948 3134 ——
3013 3095 3212 3150 Verus.
3262 3094 3542 3167 Superius

1886 3199 2148 3256 namque
2173 3183 2392 3240 ostium
2451 3183 2772 3256 appellavit
2800 3183 3075 3254 seipsum,
3119 3189 3362 3256 propter
3406 3200 3543 3241 cau-

1886 3289 2016 3329 sam
2047 3272 2125 3328 ibi
2169 3272 2390 3328 dictam
2423 3287 2437 3338 ;
2467 3272 2563 3328 hic
2620 3277 2819 3334 autem
2871 3274 3193 3336 Pastorem,
3255 3278 3545 3344 tanquam

1886 3378 1958 3419 ea
1982 3378 2117 3435 quae
2146 3361 2398 3434 pastoris
2427 3365 2564 3416 sunt
2591 3365 2989 3432 praestantem,
3024 3377 3160 3432 qua;
3201 3362 3545 3432 praatermit-

1889 3457 2074 3508 tentes
2095 3457 2365 3524 pastores
2381 3449 2720 3505 Judaeorum
2745 3450 3258 3521 reprehenduntur
3283 3467 3387 3523 per
3411 3467 3546 3522 pro-

1889 3543 2130 3616 phetam
2172 3540 2437 3598 Ezechiel
2470 3556 2484 3594 :
2515 3540 2590 3595 de
2627 3539 2849 3613 quibus
2891 3542 3072 3612 paulo
3114 3541 3545 3613 postdicemus.

1890 3631 2178 3688 Praeterea
2194 3629 2374 3686 etiam
2388 3635 2673 3700 tanquam
2687 3629 3064 3685 sermonibus
3076 3629 3217 3685 artis
3242 3628 3549 3701 pascendi,

1891 3721 1970 3778 ad
2000 3734 2325 3791 supernam
2378 3732 2754 3788 congregans
2773 3718 3191 3778 mansionem.

1963 3811 2028 3863 In
2058 3807 2188 3863 aliis
2213 3823 2456 3880 quoque
2509 3805 2659 3862 locis
2704 3806 2838 3862 Oris
2897 3813 3162 3872 vocatur,
3218 3810 3274 3863 et
3323 3807 3550 3878 Agnus,

1895 3915 1966 3955 ac
2008 3897 2254 3954 Victima
2283 3902 2341 3952 et
2368 3896 2667 3965 Pontifex,
2712 3895 2966 3968 aliisque
2999 3896 3155 3952 mille
3183 3896 3549 3965 nominibus,

1890 3989 2062 4058 juxta
2088 3987 2280 4041 varios
2321 3984 2704 4056 dispensandi
2748 3985 2983 4044 modos.

1967 4075 2130 4130 Vers.
2171 4075 2257 4129 ll.
2317 4074 2536 4129 Pastor
2595 4105 2648 4114 ——
2705 4073 2928 4129 ovibus.
2973 4075 3230 4128 Rursum
3260 4089 3331 4128 ea
3388 4074 3556 4145 ponit

1895 4180 2030 4237 quae
2065 4173 2186 4220 tum
2223 4167 2546 4234 pastorem,
2574 4167 2697 4216 tum
2715 4163 3150 4217 mercenarium
3183 4161 3518 4231 designent.

1973 4255 2126 4308 Vers.
2191 4252 2277 4306 t2.
2337 4250 2735 4306 Mercenarius
2800 4279 2866 4288 —-
2923 4264 3071 4304 oves.
3132 4252 3555 4319 Interpretatur

1898 4341 2032 4414 quis
2056 4340 2290 4396 dicatur
2343 4337 2763 4401 mercenarius,
2818 4337 2867 4392 is
2908 4336 3196 4399 videlicet,
3230 4337 3402 4406 cujus
3432 4352 3554 4391 non

1901 4437 2038 4486 sunt
2067 4445 2209 4485 oves
2267 4427 2543 4499 propriae.
2570 4429 2767 4498 Lupus
2818 4441 2960 4480 vero
2986 4425 3314 4496 anagogice
3367 4423 3417 4478 is
3449 4430 3555 4490 est,

1899 4519 2002 4594 qui
2029 4518 2236 4591 perdit,
2264 4523 2321 4573 et
2344 4516 2533 4589 quide
2566 4515 2722 4572 malo
2742 4515 3022 4584 gloriatur
3047 4515 3211 4586 (t),ac
3248 4513 3549 4585 diabolus,

1901 4609 2207 4682 quietiam
2254 4606 2341 4662 leo
2400 4605 2624 4672 dicitur,
2680 4603 2884 4666 draco,
2941 4619 3203 4675 serpens,
3263 4603 3558 4675 scorpius,

1902 4697 2062 4770 aspis
2125 4712 2195 4752 ac
2253 4694 2583 4763 basiliscus,
2629 4692 2952 4764 multisque
3013 4693 3142 4748 aliis
3191 4692 3562 4758 nominibus,

1897 4789 2062 4862 juxta
2088 4785 2240 4841 illius
2275 4785 2464 4839 varias
2503 4783 2739 4838 malitiae
2785 4781 3102 4837 versutias.

1976 4876 2137 4932 Vers.
2171 4877 2257 4931 t3.
2292 4873 2690 4930 Mercenaiius
2757 4887 2891 4929 vero
2922 4902 2988 4914 —
3016 4889 3196 4928 curre.
3255 4875 3404 4929 Nam
3439 4870 3566 4927 ubi-

1903 4983 2021 5040 que
2039 4965 2342 5039 propriam
2375 4967 2583 5036 queerit
2609 4962 2886 5030 salutem,
2925 4961 3176 5018 aliorum
3209 4961 3520 5032 negligens
3550 4977 3564 5016 :

1403 5243 1625 5314 Variae
1658 5242 1984 5313 lectiones
2017 5251 2081 5311 et
2113 5251 2316 5311 notae.

239 5447 365 5520 (10)
396 5446 688 5520 ρόκειται
719 5447 773 5496 Β.

239 5448 338 5520 (10
396 5448 688 5520 Πρὸκειται
719 5448 773 5496 Β.

236 5528 287 5591 (t
301 5448 365 5594 ιζ
381 5519 532 5574 Haec
556 5515 618 5572 in
639 5511 912 5585 margine
932 5510 1114 5570 habet
1138 5511 1327 5571 codex
1355 5512 1802 5587 uterque.Caret

1913 5439 1984 5497 iis
2020 5439 2364 5496 Hentenius.

1985 5512 2103 5585 (~12)
2137 5515 2274 5586 Πρὸς
2303 5513 2392 5572 τὰς
2417 5506 2652 5569 ποικίλας
2675 5506 2920 5581 μηχανὰς
2959 5502 3121 5558 αὑτοῦ
3147 5505 3212 5559 Α.

237 5702 308 5777 (ι)
336 5699 412 5756 Et
443 5692 557 5770 qui
581 5693 654 5752 de
676 5691 838 5752 malo
859 5690 1171 5767 gloriatur.
1202 5687 1502 5758 Κακόδοξος
1527 5691 1588 5748 h.
1613 5690 1653 5747 l.
1688 5706 1778 5767 op]

1906 5691 2014 5748 itur
2043 5699 2115 5743 τῶ
2143 5682 2423 5767 όρθοδόξῳ.
2474 5688 2568 5744 Est
2593 5702 2733 5762 ergo
2763 5683 3088 5756 haereticus,
