  <div class='ocr_page' id='page_1' title='image "/cluster/home/n/w/nwhite01/storage/ocr_20150623/129/hvd.32044073502395/687.png"; bbox 0 0 4022 6232; ppageno 0'>
   <div class='ocr_carea' id='block_1_1' title="bbox 577 237 3818 316">
    <p class='ocr_par' dir='ltr' id='par_1_1' title="bbox 577 237 3818 316">
     <span class='ocr_line' id='line_1_1' title="bbox 577 237 3818 316; baseline 0.002 -9"><span class='ocrx_word' id='word_1_1' title='bbox 577 243 714 307; x_wconf 74' lang='grc'>1327</span> <span class='ocrx_word' id='word_1_2' title='bbox 1919 237 2270 306; x_wconf 83' lang='lat' dir='ltr'>EUTHYMII</span> <span class='ocrx_word' id='word_1_3' title='bbox 2310 240 2634 304; x_wconf 75' lang='lat' dir='ltr'>ZlGABENl</span> <span class='ocrx_word' id='word_1_4' title='bbox 3733 261 3818 316; x_wconf 74' lang='lat'>1328</span> 
     </span>
    </p>
   </div>
   <div class='ocr_carea' id='block_1_2' title="bbox 575 371 2163 454">
    <p class='ocr_par' dir='ltr' id='par_1_2' title="bbox 575 371 2163 450">
     <span class='ocr_line' id='line_1_2' title="bbox 575 371 2163 450; baseline -0.003 -17"><span class='ocrx_word' id='word_1_5' title='bbox 575 377 678 450; x_wconf 89' lang='lat' dir='ltr'>qui</span> <span class='ocrx_word' id='word_1_6' title='bbox 706 382 899 432; x_wconf 87' lang='lat' dir='ltr'>autem</span> <span class='ocrx_word' id='word_1_7' title='bbox 941 390 1074 430; x_wconf 89' lang='lat' dir='ltr'>vere</span> <span class='ocrx_word' id='word_1_8' title='bbox 1104 378 1304 445; x_wconf 79' lang='lat' dir='ltr'>pastor</span> <span class='ocrx_word' id='word_1_9' title='bbox 1353 376 1462 440; x_wconf 90' lang='lat' dir='ltr'>est,</span> <span class='ocrx_word' id='word_1_10' title='bbox 1495 371 1861 428; x_wconf 83' lang='lat' dir='ltr'>contrarium</span> <span class='ocrx_word' id='word_1_11' title='bbox 1887 371 2028 427; x_wconf 81' lang='lat' dir='ltr'>facit</span> <span class='ocrx_word' id='word_1_12' title='bbox 2062 390 2074 427; x_wconf 91' lang='lat'><strong>:</strong></span> <span class='ocrx_word' id='word_1_13' title='bbox 2103 389 2163 445; x_wconf 83' lang='lat' dir='ltr'>pi</span> 
     </span>
    </p>
   </div>
   <div class='ocr_carea' id='block_1_3' title="bbox 2234 371 3822 454">
    <p class='ocr_par' dir='ltr' id='par_1_3' title="bbox 2234 372 3822 454">
     <span class='ocr_line' id='line_1_3' title="bbox 2234 372 3822 454; baseline 0.006 -33"><span class='ocrx_word' id='word_1_14' title='bbox 2234 406 2240 415; x_wconf 80' lang='grc'><strong>-</strong></span> <span class='ocrx_word' id='word_1_15' title='bbox 2273 375 2318 428; x_wconf 78' lang='grc' dir='ltr'><strong>Α</strong></span> <span class='ocrx_word' id='word_1_16' title='bbox 2351 372 2551 433; x_wconf 81' lang='grc' dir='ltr'>ἀληθὴς</span> <span class='ocrx_word' id='word_1_17' title='bbox 2580 377 2774 445; x_wconf 78' lang='grc' dir='ltr'>ποιμὴν</span> <span class='ocrx_word' id='word_1_18' title='bbox 2819 373 3110 427; x_wconf 74' lang='grc' dir='ltr'>τούναντίον</span> <span class='ocrx_word' id='word_1_19' title='bbox 3149 382 3307 444; x_wconf 82' lang='grc' dir='ltr'>ποιεῖ,</span> <span class='ocrx_word' id='word_1_20' title='bbox 3363 387 3452 441; x_wconf 80' lang='grc' dir='ltr'>τῆς</span> <span class='ocrx_word' id='word_1_21' title='bbox 3498 380 3649 432; x_wconf 78' lang='grc' dir='ltr'>ἑαυτοῦ</span> <span class='ocrx_word' id='word_1_22' title='bbox 3690 381 3822 454; x_wconf 68' lang='grc' dir='ltr'>ἀμελῶν</span> 
     </span>
    </p>
   </div>
   <div class='ocr_carea' id='block_1_4' title="bbox 577 461 2165 543">
    <p class='ocr_par' dir='ltr' id='par_1_4' title="bbox 577 461 2165 537">
     <span class='ocr_line' id='line_1_4' title="bbox 577 461 2165 537; baseline -0.004 -17"><span class='ocrx_word' id='word_1_23' title='bbox 577 468 753 537; x_wconf 90' lang='lat' dir='ltr'>priam</span> <span class='ocrx_word' id='word_1_24' title='bbox 777 463 1106 533; x_wconf 79' lang='lat' dir='ltr'>negligens,</span> <span class='ocrx_word' id='word_1_25' title='bbox 1139 463 1341 517; x_wconf 90' lang='lat' dir='ltr'>ovium</span> <span class='ocrx_word' id='word_1_26' title='bbox 1375 462 1591 534; x_wconf 70' lang='lat' dir='ltr'>quaerit</span> <span class='ocrx_word' id='word_1_27' title='bbox 1620 461 1896 515; x_wconf 86' lang='lat' dir='ltr'>salutem.</span> <span class='ocrx_word' id='word_1_28' title='bbox 1947 463 2102 516; x_wconf 91' lang='lat' dir='ltr'>Duos</span> <span class='ocrx_word' id='word_1_29' title='bbox 2134 463 2165 516; x_wconf 79' lang='lat' dir='ltr'>it</span> 
     </span>
    </p>
   </div>
   <div class='ocr_carea' id='block_1_5' title="bbox 2233 461 3821 543">
    <p class='ocr_par' dir='ltr' id='par_1_5' title="bbox 2233 461 3821 543">
     <span class='ocr_line' id='line_1_5' title="bbox 2233 461 3821 543; baseline 0.006 -30"><span class='ocrx_word' id='word_1_30' title='bbox 2233 494 2240 502; x_wconf 89' lang='lat'><strong>-</strong></span> <span class='ocrx_word' id='word_1_31' title='bbox 2348 468 2440 521; x_wconf 75' lang='grc' dir='ltr'>τὴν</span> <span class='ocrx_word' id='word_1_32' title='bbox 2491 472 2589 514; x_wconf 78' lang='grc' dir='ltr'>τῶν</span> <span class='ocrx_word' id='word_1_33' title='bbox 2634 461 2906 536; x_wconf 78' lang='grc' dir='ltr'>προϐάτων</span> <span class='ocrx_word' id='word_1_34' title='bbox 2958 464 3124 524; x_wconf 80' lang='grc' dir='ltr'>ζητεῖ.</span> <span class='ocrx_word' id='word_1_35' title='bbox 3184 469 3282 519; x_wconf 79' lang='grc' dir='ltr'>Δύο</span> <span class='ocrx_word' id='word_1_36' title='bbox 3339 464 3422 519; x_wconf 80' lang='grc' dir='ltr'>οὖν</span> <span class='ocrx_word' id='word_1_37' title='bbox 3468 469 3594 527; x_wconf 77' lang='grc' dir='ltr'>ἔθηκε</span> <span class='ocrx_word' id='word_1_38' title='bbox 3623 470 3821 543; x_wconf 51' lang='lat' dir='ltr'>lapsum,</span> 
     </span>
    </p>
   </div>
   <div class='ocr_carea' id='block_1_6' title="bbox 575 551 2163 632">
    <p class='ocr_par' dir='ltr' id='par_1_6' title="bbox 575 551 2162 626">
     <span class='ocr_line' id='line_1_6' title="bbox 575 551 2162 626; baseline -0.004 -16"><span class='ocrx_word' id='word_1_39' title='bbox 575 571 692 626; x_wconf 92' lang='lat' dir='ltr'>que</span> <span class='ocrx_word' id='word_1_40' title='bbox 724 553 919 625; x_wconf 90' lang='lat' dir='ltr'>posuit</span> <span class='ocrx_word' id='word_1_41' title='bbox 947 557 1324 622; x_wconf 81' lang='lat' dir='ltr'>corruptores</span> <span class='ocrx_word' id='word_1_42' title='bbox 1366 567 1468 606; x_wconf 86' lang='lat' dir='ltr'>seu</span> <span class='ocrx_word' id='word_1_43' title='bbox 1505 555 1829 606; x_wconf 83' lang='lat' dir='ltr'>vastatores</span> <span class='ocrx_word' id='word_1_44' title='bbox 1867 568 1879 605; x_wconf 90' lang='lat'><strong>:</strong></span> <span class='ocrx_word' id='word_1_45' title='bbox 1914 566 2048 605; x_wconf 87' lang='lat' dir='ltr'>eum</span> <span class='ocrx_word' id='word_1_46' title='bbox 2080 551 2162 605; x_wconf 61' lang='lat' dir='ltr'>vir</span> 
     </span>
    </p>
   </div>
   <div class='ocr_carea' id='block_1_7' title="bbox 2235 551 3823 632">
    <p class='ocr_par' dir='ltr' id='par_1_7' title="bbox 2235 551 3823 632">
     <span class='ocr_line' id='line_1_7' title="bbox 2235 551 3823 632; baseline 0.007 -30"><span class='ocrx_word' id='word_1_47' title='bbox 2235 587 2239 596; x_wconf 76' lang='lat'>.</span> <span class='ocrx_word' id='word_1_48' title='bbox 2345 555 2433 603; x_wconf 81' lang='grc' dir='ltr'>τὸν</span> <span class='ocrx_word' id='word_1_49' title='bbox 2490 551 2769 626; x_wconf 74' lang='grc' dir='ltr'>ἐρχόμενον</span> <span class='ocrx_word' id='word_1_50' title='bbox 2845 553 2926 604; x_wconf 90' lang='grc' dir='ltr'>ῖνα</span> <span class='ocrx_word' id='word_1_51' title='bbox 2991 553 3151 626; x_wconf 70' lang='grc' dir='ltr'>κλέψῃ</span> <span class='ocrx_word' id='word_1_52' title='bbox 3219 560 3304 607; x_wconf 77' lang='grc' dir='ltr'>καὶ</span> <span class='ocrx_word' id='word_1_53' title='bbox 3363 559 3485 630; x_wconf 65' lang='grc' dir='ltr'>θύσῃ</span> <span class='ocrx_word' id='word_1_54' title='bbox 3527 564 3601 610; x_wconf 79' lang='grc' dir='ltr'>καὶ</span> <span class='ocrx_word' id='word_1_55' title='bbox 3647 558 3823 632; x_wconf 57' lang='grc' dir='ltr'>ἀπολέσῃ,</span> 
     </span>
    </p>
   </div>
   <div class='ocr_carea' id='block_1_8' title="bbox 574 639 2162 720">
    <p class='ocr_par' dir='ltr' id='par_1_8' title="bbox 574 639 2162 712">
     <span class='ocr_line' id='line_1_8' title="bbox 574 639 2162 712; baseline -0.002 -15"><span class='ocrx_word' id='word_1_56' title='bbox 574 645 726 709; x_wconf 89' lang='lat' dir='ltr'>licet,</span> <span class='ocrx_word' id='word_1_57' title='bbox 755 641 852 712; x_wconf 88' lang='lat' dir='ltr'>qui</span> <span class='ocrx_word' id='word_1_58' title='bbox 886 639 1040 696; x_wconf 88' lang='lat' dir='ltr'>venit</span> <span class='ocrx_word' id='word_1_59' title='bbox 1069 646 1132 694; x_wconf 92' lang='lat' dir='ltr'>ut</span> <span class='ocrx_word' id='word_1_60' title='bbox 1187 639 1431 707; x_wconf 87' lang='lat' dir='ltr'>furetur,</span> <span class='ocrx_word' id='word_1_61' title='bbox 1475 645 1531 695; x_wconf 93' lang='lat' dir='ltr'>et</span> <span class='ocrx_word' id='word_1_62' title='bbox 1583 645 1820 710; x_wconf 86' lang='lat' dir='ltr'>mactet,</span> <span class='ocrx_word' id='word_1_63' title='bbox 1861 657 1932 696; x_wconf 90' lang='lat' dir='ltr'>ac</span> <span class='ocrx_word' id='word_1_64' title='bbox 1976 640 2162 712; x_wconf 86' lang='lat' dir='ltr'>perda</span> 
     </span>
    </p>
   </div>
   <div class='ocr_carea' id='block_1_9' title="bbox 2236 639 3824 720">
    <p class='ocr_par' dir='ltr' id='par_1_9' title="bbox 2344 642 3824 720">
     <span class='ocr_line' id='line_1_9' title="bbox 2344 642 3824 720; baseline 0.006 -29"><span class='ocrx_word' id='word_1_65' title='bbox 2344 644 2428 692; x_wconf 74' lang='grc' dir='ltr'>καὶ</span> <span class='ocrx_word' id='word_1_66' title='bbox 2476 645 2564 692; x_wconf 86' lang='grc' dir='ltr'>τὸν</span> <span class='ocrx_word' id='word_1_67' title='bbox 2627 643 2918 715; x_wconf 77' lang='grc' dir='ltr'>θεωροῦντα</span> <span class='ocrx_word' id='word_1_68' title='bbox 2966 645 3050 694; x_wconf 85' lang='grc' dir='ltr'>τόν</span> <span class='ocrx_word' id='word_1_69' title='bbox 3081 642 3233 695; x_wconf 79' lang='grc' dir='ltr'>λύκον</span> <span class='ocrx_word' id='word_1_70' title='bbox 3294 643 3549 719; x_wconf 72' lang='grc' dir='ltr'>ἐρχόμενον</span> <span class='ocrx_word' id='word_1_71' title='bbox 3583 648 3824 720; x_wconf 47' lang='lat' dir='ltr'>meeum.</span> 
     </span>
    </p>
   </div>
   <div class='ocr_carea' id='block_1_10' title="bbox 571 717 2159 812">
    <p class='ocr_par' dir='ltr' id='par_1_10' title="bbox 571 728 2159 800">
     <span class='ocr_line' id='line_1_10' title="bbox 571 728 2159 800; baseline -0.003 -14"><span class='ocrx_word' id='word_1_72' title='bbox 571 731 823 787; x_wconf 87' lang='lat' dir='ltr'>alterum</span> <span class='ocrx_word' id='word_1_73' title='bbox 846 745 1006 794; x_wconf 84' lang='lat' dir='ltr'>vero,</span> <span class='ocrx_word' id='word_1_74' title='bbox 1049 729 1151 800; x_wconf 86' lang='lat' dir='ltr'>qui</span> <span class='ocrx_word' id='word_1_75' title='bbox 1183 728 1344 784; x_wconf 86' lang='lat' dir='ltr'>videt</span> <span class='ocrx_word' id='word_1_76' title='bbox 1392 728 1602 800; x_wconf 90' lang='lat' dir='ltr'>lupum</span> <span class='ocrx_word' id='word_1_77' title='bbox 1629 728 1959 784; x_wconf 85' lang='lat' dir='ltr'>venientem</span> <span class='ocrx_word' id='word_1_78' title='bbox 1990 733 2046 784; x_wconf 89' lang='lat' dir='ltr'>et</span> <span class='ocrx_word' id='word_1_79' title='bbox 2074 728 2159 783; x_wconf 70' lang='lat' dir='ltr'>de:</span> 
     </span>
    </p>
   </div>
   <div class='ocr_carea' id='block_1_11' title="bbox 2366 717 3954 812">
    <p class='ocr_par' dir='ltr' id='par_1_11' title="bbox 2366 728 3826 808">
     <span class='ocr_line' id='line_1_11' title="bbox 2366 728 3826 808; baseline 0.007 -28"><span class='ocrx_word' id='word_1_80' title='bbox 2366 732 2409 780; x_wconf 82' lang='grc' dir='ltr'>’ὰ</span> <span class='ocrx_word' id='word_1_81' title='bbox 2441 728 2679 802; x_wconf 85' lang='grc' dir='ltr'>πρόϐατα</span> <span class='ocrx_word' id='word_1_82' title='bbox 2733 734 2820 782; x_wconf 76' lang='grc' dir='ltr'>καὶ</span> <span class='ocrx_word' id='word_1_83' title='bbox 2872 734 3128 803; x_wconf 75' lang='grc' dir='ltr'>φεύγοντα</span> <span class='ocrx_word' id='word_1_84' title='bbox 3178 751 3190 762; x_wconf 86' lang='grc'><em>’</em></span> <span class='ocrx_word' id='word_1_85' title='bbox 3222 731 3315 785; x_wconf 77' lang='grc' dir='ltr'>διὰ</span> <span class='ocrx_word' id='word_1_86' title='bbox 3360 737 3445 806; x_wconf 75' lang='grc' dir='ltr'>μεν</span> <span class='ocrx_word' id='word_1_87' title='bbox 3486 744 3563 788; x_wconf 76' lang='grc' dir='ltr'>τοῦ</span> <span class='ocrx_word' id='word_1_88' title='bbox 3584 745 3745 808; x_wconf 73' lang='grc' dir='ltr'>πρῶτον</span> <span class='ocrx_word' id='word_1_89' title='bbox 3771 744 3826 790; x_wconf 69' lang='grc' dir='ltr'>τὸν</span> 
     </span>
    </p>
   </div>
   <div class='ocr_carea' id='block_1_12' title="bbox 569 816 2157 894">
    <p class='ocr_par' dir='ltr' id='par_1_12' title="bbox 569 818 2157 890">
     <span class='ocr_line' id='line_1_12' title="bbox 569 818 2157 890; baseline -0.001 -14"><span class='ocrx_word' id='word_1_90' title='bbox 569 822 642 876; x_wconf 86' lang='lat' dir='ltr'>rit</span> <span class='ocrx_word' id='word_1_91' title='bbox 669 835 806 875; x_wconf 91' lang='lat' dir='ltr'>oves</span> <span class='ocrx_word' id='word_1_92' title='bbox 839 835 906 874; x_wconf 92' lang='lat' dir='ltr'>ac</span> <span class='ocrx_word' id='word_1_93' title='bbox 932 819 1081 886; x_wconf 78' lang='lat' dir='ltr'>fugit</span> <span class='ocrx_word' id='word_1_94' title='bbox 1124 835 1136 872; x_wconf 89' lang='lat'><strong>:</strong></span> <span class='ocrx_word' id='word_1_95' title='bbox 1171 834 1275 890; x_wconf 91' lang='lat' dir='ltr'>per</span> <span class='ocrx_word' id='word_1_96' title='bbox 1320 819 1582 890; x_wconf 90' lang='lat' dir='ltr'>primum</span> <span class='ocrx_word' id='word_1_97' title='bbox 1638 819 1883 890; x_wconf 85' lang='lat' dir='ltr'>quidem</span> <span class='ocrx_word' id='word_1_98' title='bbox 1925 818 2157 874; x_wconf 87' lang='lat' dir='ltr'>&#39;l‘heuda</span> 
     </span>
    </p>
   </div>
   <div class='ocr_carea' id='block_1_13' title="bbox 2239 816 3827 894">
    <p class='ocr_par' dir='ltr' id='par_1_13' title="bbox 2344 816 3827 894">
     <span class='ocr_line' id='line_1_13' title="bbox 2344 816 3827 894; baseline 0.005 -24"><span class='ocrx_word' id='word_1_99' title='bbox 2344 816 2552 871; x_wconf 68' lang='grc' dir='ltr'>Θευδᾶν</span> <span class='ocrx_word' id='word_1_100' title='bbox 2602 824 2692 871; x_wconf 86' lang='grc' dir='ltr'>καὶ</span> <span class='ocrx_word' id='word_1_101' title='bbox 2745 817 2948 873; x_wconf 76' lang='grc' dir='ltr'>Ἰούδαν</span> <span class='ocrx_word' id='word_1_102' title='bbox 2999 821 3360 894; x_wconf 77' lang='grc' dir='ltr'>αἰνιττόμενος,</span> <span class='ocrx_word' id='word_1_103' title='bbox 3403 821 3486 877; x_wconf 72' lang='grc' dir='ltr'>διὰ</span> <span class='ocrx_word' id='word_1_104' title='bbox 3531 823 3582 878; x_wconf 71' lang='grc' dir='ltr'><em>δὲ</em></span> <span class='ocrx_word' id='word_1_105' title='bbox 3605 835 3677 877; x_wconf 75' lang='grc' dir='ltr'>τοῦ</span> <span class='ocrx_word' id='word_1_106' title='bbox 3709 824 3827 878; x_wconf 73' lang='grc' dir='ltr'>δευτε-</span> 
     </span>
    </p>
   </div>
   <div class='ocr_carea' id='block_1_14' title="bbox 568 905 2156 987">
    <p class='ocr_par' dir='ltr' id='par_1_14' title="bbox 568 907 2156 978">
     <span class='ocr_line' id='line_1_14' title="bbox 568 907 2156 978; baseline -0.001 -15"><span class='ocrx_word' id='word_1_107' title='bbox 568 926 633 964; x_wconf 86' lang='lat' dir='ltr'>ac</span> <span class='ocrx_word' id='word_1_108' title='bbox 672 908 890 964; x_wconf 89' lang='lat' dir='ltr'>Judam</span> <span class='ocrx_word' id='word_1_109' title='bbox 916 907 1232 962; x_wconf 85' lang='lat' dir='ltr'>insinuans</span> <span class='ocrx_word' id='word_1_110' title='bbox 1266 923 1402 978; x_wconf 91' lang='lat' dir='ltr'>;per</span> <span class='ocrx_word' id='word_1_111' title='bbox 1428 907 1754 962; x_wconf 90' lang='lat' dir='ltr'>secundum</span> <span class='ocrx_word' id='word_1_112' title='bbox 1773 915 1972 963; x_wconf 90' lang='lat' dir='ltr'>autem</span> <span class='ocrx_word' id='word_1_113' title='bbox 2002 907 2156 962; x_wconf 74' lang='lat' dir='ltr'>Juda</span> 
     </span>
    </p>
   </div>
   <div class='ocr_carea' id='block_1_15' title="bbox 2240 905 3828 987">
    <p class='ocr_par' dir='ltr' id='par_1_15' title="bbox 2341 905 3828 987">
     <span class='ocr_line' id='line_1_15' title="bbox 2341 905 3828 987; baseline 0.005 -28"><span class='ocrx_word' id='word_1_114' title='bbox 2341 927 2434 979; x_wconf 85' lang='grc' dir='ltr'>ρου</span> <span class='ocrx_word' id='word_1_115' title='bbox 2461 913 2580 970; x_wconf 70' lang='grc' dir='ltr'>τοὺς</span> <span class='ocrx_word' id='word_1_116' title='bbox 2627 905 2896 962; x_wconf 80' lang='grc' dir='ltr'>Ἰουδαίων</span> <span class='ocrx_word' id='word_1_117' title='bbox 2937 907 3298 973; x_wconf 72' lang='grc' dir='ltr'>διδασκάλους</span> <span class='ocrx_word' id='word_1_118' title='bbox 3345 913 3742 987; x_wconf 56' lang='grc' dir='ltr'>ἀφροντιστοῦντες</span> <span class='ocrx_word' id='word_1_119' title='bbox 3763 926 3828 966; x_wconf 68' lang='grc' dir='ltr'>τῶν</span> 
     </span>
    </p>
   </div>
   <div class='ocr_carea' id='block_1_16' title="bbox 570 995 2158 1077">
    <p class='ocr_par' dir='ltr' id='par_1_16' title="bbox 570 997 2158 1068">
     <span class='ocr_line' id='line_1_16' title="bbox 570 997 2158 1068; baseline -0.002 -14"><span class='ocrx_word' id='word_1_120' title='bbox 570 1015 701 1054; x_wconf 92' lang='lat' dir='ltr'>rum</span> <span class='ocrx_word' id='word_1_121' title='bbox 745 998 1087 1068; x_wconf 82' lang='lat' dir='ltr'>magistros,</span> <span class='ocrx_word' id='word_1_122' title='bbox 1116 1012 1314 1052; x_wconf 88' lang='lat' dir='ltr'>eorum</span> <span class='ocrx_word' id='word_1_123' title='bbox 1365 1012 1572 1051; x_wconf 91' lang='lat' dir='ltr'>curam</span> <span class='ocrx_word' id='word_1_124' title='bbox 1621 1012 1741 1053; x_wconf 88' lang='lat' dir='ltr'>non</span> <span class='ocrx_word' id='word_1_125' title='bbox 1788 997 2098 1064; x_wconf 84' lang='lat' dir='ltr'>habentes,</span> <span class='ocrx_word' id='word_1_126' title='bbox 2131 1013 2158 1068; x_wconf 88' lang='lat' dir='ltr'>q</span> 
     </span>
    </p>
   </div>
   <div class='ocr_carea' id='block_1_17' title="bbox 2238 995 3826 1077">
    <p class='ocr_par' dir='ltr' id='par_1_17' title="bbox 2342 997 3826 1077">
     <span class='ocr_line' id='line_1_17' title="bbox 2342 997 3826 1077; baseline 0.006 -30"><span class='ocrx_word' id='word_1_127' title='bbox 2342 999 2838 1070; x_wconf 70' lang='grc' dir='ltr'>ἐμπεπιστευμένων,</span> <span class='ocrx_word' id='word_1_128' title='bbox 2875 1003 2964 1050; x_wconf 86' lang='grc' dir='ltr'>καὶ</span> <span class='ocrx_word' id='word_1_129' title='bbox 3014 997 3364 1074; x_wconf 77' lang='grc' dir='ltr'>προδιδόντας</span> <span class='ocrx_word' id='word_1_130' title='bbox 3413 1007 3464 1054; x_wconf 77' lang='grc' dir='ltr'>τὸ</span> <span class='ocrx_word' id='word_1_131' title='bbox 3511 1009 3721 1075; x_wconf 78' lang='grc' dir='ltr'>ποίμνιον,</span> <span class='ocrx_word' id='word_1_132' title='bbox 3745 1007 3826 1077; x_wconf 67' lang='grc' dir='ltr'>ὅπερ</span> 
     </span>
    </p>
   </div>
   <div class='ocr_carea' id='block_1_18' title="bbox 570 1083 2158 1164">
    <p class='ocr_par' dir='ltr' id='par_1_18' title="bbox 570 1086 2158 1158">
     <span class='ocr_line' id='line_1_18' title="bbox 570 1086 2158 1158; baseline -0.001 -16"><span class='ocrx_word' id='word_1_133' title='bbox 570 1088 682 1143; x_wconf 89' lang='lat' dir='ltr'>sibi</span> <span class='ocrx_word' id='word_1_134' title='bbox 709 1086 1037 1142; x_wconf 87' lang='lat' dir='ltr'>concrediti</span> <span class='ocrx_word' id='word_1_135' title='bbox 1087 1093 1276 1152; x_wconf 87' lang='lat' dir='ltr'>erant,</span> <span class='ocrx_word' id='word_1_136' title='bbox 1323 1087 1443 1141; x_wconf 92' lang='lat' dir='ltr'>imo</span> <span class='ocrx_word' id='word_1_137' title='bbox 1470 1102 1710 1158; x_wconf 81' lang='lat' dir='ltr'>gregem</span> <span class='ocrx_word' id='word_1_138' title='bbox 1744 1087 1941 1158; x_wconf 86' lang='lat' dir='ltr'>potius</span> <span class='ocrx_word' id='word_1_139' title='bbox 1973 1086 2158 1158; x_wconf 83' lang='lat' dir='ltr'>prode</span> 
     </span>
    </p>
   </div>
   <div class='ocr_carea' id='block_1_19' title="bbox 2241 1083 3829 1164">
    <p class='ocr_par' dir='ltr' id='par_1_19' title="bbox 2340 1083 3829 1164">
     <span class='ocr_line' id='line_1_19' title="bbox 2340 1083 3829 1164; baseline 0.005 -28"><span class='ocrx_word' id='word_1_140' title='bbox 2340 1091 2430 1137; x_wconf 75' lang='grc' dir='ltr'>καὶ</span> <span class='ocrx_word' id='word_1_141' title='bbox 2454 1083 2546 1138; x_wconf 60' lang='lat' dir='ltr'>diu</span> <span class='ocrx_word' id='word_1_142' title='bbox 2575 1094 2664 1138; x_wconf 79' lang='grc' dir='ltr'>τοῦ</span> <span class='ocrx_word' id='word_1_143' title='bbox 2704 1093 2966 1160; x_wconf 68' lang='grc' dir='ltr'>προφήτου</span> <span class='ocrx_word' id='word_1_144' title='bbox 3002 1089 3264 1152; x_wconf 74' lang='grc' dir='ltr'>Ὶεζεκιὴλ,</span> <span class='ocrx_word' id='word_1_145' title='bbox 3294 1094 3362 1152; x_wconf 82' lang='grc' dir='ltr'>ὡς</span> <span class='ocrx_word' id='word_1_146' title='bbox 3393 1095 3591 1164; x_wconf 76' lang='grc' dir='ltr'>εἴρηται,</span> <span class='ocrx_word' id='word_1_147' title='bbox 3626 1089 3829 1154; x_wconf 54' lang='lat' dir='ltr'>antiit-w-</span> 
     </span>
    </p>
   </div>
   <div class='ocr_carea' id='block_1_20' title="bbox 568 1175 2156 1253">
    <p class='ocr_par' dir='ltr' id='par_1_20' title="bbox 568 1175 2156 1246">
     <span class='ocr_line' id='line_1_20' title="bbox 568 1175 2156 1246; baseline -0.003 -12"><span class='ocrx_word' id='word_1_148' title='bbox 568 1184 674 1234; x_wconf 89' lang='lat' dir='ltr'>tes.</span> <span class='ocrx_word' id='word_1_149' title='bbox 697 1178 866 1244; x_wconf 87' lang='lat' dir='ltr'>Quod</span> <span class='ocrx_word' id='word_1_150' title='bbox 893 1175 1070 1232; x_wconf 87' lang='lat' dir='ltr'>etiam</span> <span class='ocrx_word' id='word_1_151' title='bbox 1092 1175 1204 1230; x_wconf 86' lang='lat' dir='ltr'>illis</span> <span class='ocrx_word' id='word_1_152' title='bbox 1235 1176 1647 1246; x_wconf 78' lang='lat' dir='ltr'>exprobratur,</span> <span class='ocrx_word' id='word_1_153' title='bbox 1671 1181 1730 1230; x_wconf 90' lang='lat' dir='ltr'>ut</span> <span class='ocrx_word' id='word_1_154' title='bbox 1755 1175 1982 1230; x_wconf 89' lang='lat' dir='ltr'>dictum</span> <span class='ocrx_word' id='word_1_155' title='bbox 2001 1181 2105 1239; x_wconf 87' lang='lat' dir='ltr'>est,</span> <span class='ocrx_word' id='word_1_156' title='bbox 2131 1192 2156 1245; x_wconf 62' lang='grc' dir='ltr'><em>ῃ</em></span> 
     </span>
    </p>
   </div>
   <div class='ocr_carea' id='block_1_21' title="bbox 2241 1175 3829 1253">
    <p class='ocr_par' dir='ltr' id='par_1_21' title="bbox 2339 1175 3829 1253">
     <span class='ocr_line' id='line_1_21' title="bbox 2339 1175 3829 1253; baseline 0.005 -27"><span class='ocrx_word' id='word_1_157' title='bbox 2339 1194 2425 1226; x_wconf 89' lang='grc' dir='ltr'>ται</span> <span class='ocrx_word' id='word_1_158' title='bbox 2455 1175 2685 1246; x_wconf 84' lang='grc' dir='ltr'>λέγοντος</span> <span class='ocrx_word' id='word_1_159' title='bbox 2718 1195 2729 1206; x_wconf 89' lang='grc'>·</span> <span class='ocrx_word' id='word_1_160' title='bbox 2761 1176 2832 1228; x_wconf 77' lang='grc' dir='ltr'>Ὦ</span> <span class='ocrx_word' id='word_1_161' title='bbox 2883 1179 2932 1228; x_wconf 86' lang='grc' dir='ltr'>οἱ</span> <span class='ocrx_word' id='word_1_162' title='bbox 2962 1184 3194 1250; x_wconf 76' lang='grc' dir='ltr'>ποιμένες</span> <span class='ocrx_word' id='word_1_163' title='bbox 3253 1180 3475 1253; x_wconf 71' lang='grc' dir='ltr'>Ἰσραὴλ,</span> <span class='ocrx_word' id='word_1_164' title='bbox 3521 1186 3583 1253; x_wconf 80' lang='grc' dir='ltr'>μὴ</span> <span class='ocrx_word' id='word_1_165' title='bbox 3617 1180 3829 1253; x_wconf 67' lang='grc' dir='ltr'>βόσκουσα</span> 
     </span>
    </p>
   </div>
   <div class='ocr_carea' id='block_1_22' title="bbox 567 1263 2155 1344">
    <p class='ocr_par' dir='ltr' id='par_1_22' title="bbox 567 1264 2155 1340">
     <span class='ocr_line' id='line_1_22' title="bbox 567 1264 2155 1340; baseline -0.006 -16"><span class='ocrx_word' id='word_1_166' title='bbox 567 1269 919 1340; x_wconf 83' lang='lat' dir='ltr'>prophetam</span> <span class='ocrx_word' id='word_1_167' title='bbox 967 1264 1226 1320; x_wconf 82' lang='lat' dir='ltr'>Ezechiel</span> <span class='ocrx_word' id='word_1_168' title='bbox 1255 1265 1550 1319; x_wconf 88' lang='lat' dir='ltr'>dicentem</span> <span class='ocrx_word' id='word_1_169' title='bbox 1601 1279 1614 1317; x_wconf 88' lang='lat'><strong>:</strong></span> <span class='ocrx_word' id='word_1_170' title='bbox 1646 1264 1688 1319; x_wconf 92' lang='lat'><em>0</em></span> <span class='ocrx_word' id='word_1_171' title='bbox 1726 1273 1990 1334; x_wconf 80' lang='lat' dir='ltr'>pastores</span> <span class='ocrx_word' id='word_1_172' title='bbox 2023 1265 2155 1319; x_wconf 80' lang='lat' dir='ltr'>Isra.</span> 
     </span>
    </p>
   </div>
   <div class='ocr_carea' id='block_1_23' title="bbox 2241 1263 3829 1344">
    <p class='ocr_par' dir='ltr' id='par_1_23' title="bbox 2341 1263 3829 1344">
     <span class='ocr_line' id='line_1_23' title="bbox 2341 1263 3829 1344; baseline 0.005 -29"><span class='ocrx_word' id='word_1_173' title='bbox 2341 1263 2555 1326; x_wconf 76' lang='grc' dir='ltr'>ἑαυτοὺς</span> <span class='ocrx_word' id='word_1_174' title='bbox 2591 1267 2640 1317; x_wconf 80' lang='grc' dir='ltr'>οἱ</span> <span class='ocrx_word' id='word_1_175' title='bbox 2665 1269 2902 1339; x_wconf 77' lang='grc' dir='ltr'>ποιμένες</span> <span class='ocrx_word' id='word_1_176' title='bbox 2960 1285 2974 1334; x_wconf 86' lang='lat'><strong>;</strong></span> <span class='ocrx_word' id='word_1_177' title='bbox 3008 1267 3135 1338; x_wconf 71' lang='grc' dir='ltr'>οὗχὶ</span> <span class='ocrx_word' id='word_1_178' title='bbox 3187 1272 3251 1320; x_wconf 74' lang='grc' dir='ltr'>τὰ</span> <span class='ocrx_word' id='word_1_179' title='bbox 3297 1268 3520 1344; x_wconf 86' lang='grc' dir='ltr'>πρόϐατα</span> <span class='ocrx_word' id='word_1_180' title='bbox 3555 1269 3781 1342; x_wconf 81' lang='grc' dir='ltr'>βοσκουσιν</span> <span class='ocrx_word' id='word_1_181' title='bbox 3799 1274 3829 1322; x_wconf 74' lang='grc' dir='ltr'>οἱ</span> 
     </span>
    </p>
   </div>
   <div class='ocr_carea' id='block_1_24' title="bbox 567 1352 2155 1426">
    <p class='ocr_par' dir='ltr' id='par_1_24' title="bbox 567 1352 2155 1426">
     <span class='ocr_line' id='line_1_24' title="bbox 567 1352 2155 1426; baseline -0.003 -14"><span class='ocrx_word' id='word_1_182' title='bbox 567 1374 706 1413; x_wconf 87' lang='lat' dir='ltr'>num</span> <span class='ocrx_word' id='word_1_183' title='bbox 749 1363 1016 1426; x_wconf 82' lang='lat' dir='ltr'>pastores</span> <span class='ocrx_word' id='word_1_184' title='bbox 1063 1355 1272 1424; x_wconf 85' lang='lat' dir='ltr'>seipsos</span> <span class='ocrx_word' id='word_1_185' title='bbox 1332 1361 1577 1425; x_wconf 83' lang='lat' dir='ltr'>pascunt</span> <span class='ocrx_word' id='word_1_186' title='bbox 1605 1352 1634 1407; x_wconf 78' lang='lat'><strong><em>?</em></strong></span> <span class='ocrx_word' id='word_1_187' title='bbox 1661 1369 1858 1410; x_wconf 85' lang='lat' dir='ltr'>nonne</span> <span class='ocrx_word' id='word_1_188' title='bbox 1895 1370 2022 1411; x_wconf 91' lang='lat' dir='ltr'>oves</span> <span class='ocrx_word' id='word_1_189' title='bbox 2069 1353 2155 1423; x_wconf 87' lang='lat' dir='ltr'>ips</span> 
     </span>
    </p>
   </div>
   <div class='ocr_carea' id='block_1_25' title="bbox 1025 1352 2613 1426">
    <p class='ocr_par' dir='ltr' id='par_1_25' title="bbox 1063 1352 2613 1425">
     <span class='ocr_line' id='line_1_25' title="bbox 1063 1352 2613 1425; baseline -0.001 -17"><span class='ocrx_word' id='word_1_190' title='bbox 1063 1355 1272 1424; x_wconf 85' lang='lat' dir='ltr'>seipsos</span> <span class='ocrx_word' id='word_1_191' title='bbox 1332 1361 1577 1425; x_wconf 83' lang='lat' dir='ltr'>pascunt</span> <span class='ocrx_word' id='word_1_192' title='bbox 1605 1352 1634 1407; x_wconf 78' lang='lat'><strong><em>?</em></strong></span> <span class='ocrx_word' id='word_1_193' title='bbox 1661 1369 1858 1410; x_wconf 85' lang='lat' dir='ltr'>nonne</span> <span class='ocrx_word' id='word_1_194' title='bbox 1895 1370 2022 1411; x_wconf 91' lang='lat' dir='ltr'>oves</span> <span class='ocrx_word' id='word_1_195' title='bbox 2069 1353 2230 1423; x_wconf 89' lang='lat' dir='ltr'>ipsas</span> <span class='ocrx_word' id='word_1_196' title='bbox 2337 1357 2571 1425; x_wconf 79' lang='grc' dir='ltr'>ποιμένες</span> <span class='ocrx_word' id='word_1_197' title='bbox 2601 1371 2613 1420; x_wconf 91' lang='grc'><strong>;</strong></span> 
     </span>
    </p>
   </div>
   <div class='ocr_carea' id='block_1_26' title="bbox 564 1441 1234 1516">
    <p class='ocr_par' dir='ltr' id='par_1_26' title="bbox 564 1441 1234 1516">
     <span class='ocr_line' id='line_1_26' title="bbox 564 1441 1234 1516; baseline -0.01 -12"><span class='ocrx_word' id='word_1_198' title='bbox 564 1451 820 1516; x_wconf 88' lang='lat' dir='ltr'>pascunt</span> <span class='ocrx_word' id='word_1_199' title='bbox 850 1451 1120 1514; x_wconf 81' lang='lat' dir='ltr'>pastores</span> <span class='ocrx_word' id='word_1_200' title='bbox 1152 1444 1172 1478; x_wconf 79' lang='grc'><strong><em>⁵</em></strong></span> <span class='ocrx_word' id='word_1_201' title='bbox 1206 1441 1234 1497; x_wconf 81' lang='lat'><strong>?</strong></span> 
     </span>
    </p>
   </div>
   <div class='ocr_carea' id='block_1_27' title="bbox 640 1529 2228 1611">
    <p class='ocr_par' dir='ltr' id='par_1_27' title="bbox 640 1532 2227 1604">
     <span class='ocr_line' id='line_1_27' title="bbox 640 1532 2227 1604; baseline -0.003 -15"><span class='ocrx_word' id='word_1_202' title='bbox 640 1534 861 1589; x_wconf 90' lang='lat' dir='ltr'>Deinde</span> <span class='ocrx_word' id='word_1_203' title='bbox 909 1549 1093 1604; x_wconf 85' lang='lat' dir='ltr'>opera</span> <span class='ocrx_word' id='word_1_204' title='bbox 1143 1548 1387 1604; x_wconf 88' lang='lat' dir='ltr'>quoque</span> <span class='ocrx_word' id='word_1_205' title='bbox 1432 1532 1686 1602; x_wconf 87' lang='lat' dir='ltr'>pastoris</span> <span class='ocrx_word' id='word_1_206' title='bbox 1757 1535 2045 1599; x_wconf 86' lang='lat' dir='ltr'>recenset,</span> <span class='ocrx_word' id='word_1_207' title='bbox 2096 1547 2227 1602; x_wconf 65' lang='lat' dir='ltr'>quae.</span> 
     </span>
    </p>
   </div>
   <div class='ocr_carea' id='block_1_28' title="bbox 2245 1529 3833 1611">
    <p class='ocr_par' dir='ltr' id='par_1_28' title="bbox 2411 1529 3833 1611">
     <span class='ocr_line' id='line_1_28' title="bbox 2411 1529 3833 1611; baseline 0.005 -28"><span class='ocrx_word' id='word_1_208' title='bbox 2411 1529 2536 1584; x_wconf 81' lang='grc' dir='ltr'>Εἶτα</span> <span class='ocrx_word' id='word_1_209' title='bbox 2586 1534 2855 1606; x_wconf 72' lang='grc' dir='ltr'>καταλέγει</span> <span class='ocrx_word' id='word_1_210' title='bbox 2884 1539 2972 1587; x_wconf 84' lang='grc' dir='ltr'>καὶ</span> <span class='ocrx_word' id='word_1_211' title='bbox 3005 1537 3069 1588; x_wconf 84' lang='grc' dir='ltr'>τὰ</span> <span class='ocrx_word' id='word_1_212' title='bbox 3119 1538 3246 1610; x_wconf 80' lang='grc' dir='ltr'>ἔργα</span> <span class='ocrx_word' id='word_1_213' title='bbox 3289 1545 3383 1589; x_wconf 84' lang='grc' dir='ltr'>τοῦ</span> <span class='ocrx_word' id='word_1_214' title='bbox 3437 1542 3662 1611; x_wconf 54' lang='grc' dir='ltr'>ποιμένος9</span> <span class='ocrx_word' id='word_1_215' title='bbox 3704 1538 3730 1589; x_wconf 81' lang='grc' dir='ltr'><em>ἃ</em></span> <span class='ocrx_word' id='word_1_216' title='bbox 3768 1559 3833 1590; x_wconf 78' lang='grc' dir='ltr'>πα-</span> 
     </span>
    </p>
   </div>
   <div class='ocr_carea' id='block_1_29' title="bbox 567 1621 2155 1700">
    <p class='ocr_par' dir='ltr' id='par_1_29' title="bbox 567 1621 2155 1698">
     <span class='ocr_line' id='line_1_29' title="bbox 567 1621 2155 1698; baseline -0.004 -18"><span class='ocrx_word' id='word_1_217' title='bbox 567 1622 1095 1698; x_wconf 68' lang='lat' dir='ltr'>praetermittebant</span> <span class='ocrx_word' id='word_1_218' title='bbox 1124 1637 1136 1675; x_wconf 95' lang='lat'>:</span> <span class='ocrx_word' id='word_1_219' title='bbox 1170 1621 1311 1694; x_wconf 89' lang='lat' dir='ltr'>quia</span> <span class='ocrx_word' id='word_1_220' title='bbox 1361 1637 1550 1693; x_wconf 88' lang='lat' dir='ltr'>neque</span> <span class='ocrx_word' id='word_1_221' title='bbox 1607 1627 1898 1677; x_wconf 81' lang='lat' dir='ltr'>errantem</span> <span class='ocrx_word' id='word_1_222' title='bbox 1935 1637 2106 1676; x_wconf 87' lang='lat' dir='ltr'>ovem</span> <span class='ocrx_word' id='word_1_223' title='bbox 2141 1636 2155 1674; x_wconf 86' lang='grc' dir='ltr'>ι</span> 
     </span>
    </p>
   </div>
   <div class='ocr_carea' id='block_1_30' title="bbox 2243 1621 3831 1700">
    <p class='ocr_par' dir='ltr' id='par_1_30' title="bbox 2333 1624 3831 1700">
     <span class='ocr_line' id='line_1_30' title="bbox 2333 1624 3831 1700; baseline 0.004 -28"><span class='ocrx_word' id='word_1_224' title='bbox 2333 1626 2598 1694; x_wconf 79' lang='grc' dir='ltr'>ρέτρεχον,</span> <span class='ocrx_word' id='word_1_225' title='bbox 2629 1624 2709 1674; x_wconf 84' lang='grc' dir='ltr'>ὅτι</span> <span class='ocrx_word' id='word_1_226' title='bbox 2739 1626 2855 1675; x_wconf 72' lang='grc' dir='ltr'>οὔτε</span> <span class='ocrx_word' id='word_1_227' title='bbox 2885 1627 2944 1675; x_wconf 89' lang='grc' dir='ltr'>τὸ</span> <span class='ocrx_word' id='word_1_228' title='bbox 2969 1624 3352 1697; x_wconf 77' lang='grc' dir='ltr'>πεπλανημένον</span> <span class='ocrx_word' id='word_1_229' title='bbox 3384 1625 3672 1700; x_wconf 66' lang='grc' dir='ltr'>ἐπέστρεφον,</span> <span class='ocrx_word' id='word_1_230' title='bbox 3695 1629 3831 1678; x_wconf 62' lang='lat' dir='ltr'>citari</span> 
     </span>
    </p>
   </div>
   <div class='ocr_carea' id='block_1_31' title="bbox 566 1710 2154 1788">
    <p class='ocr_par' dir='ltr' id='par_1_31' title="bbox 566 1710 2146 1783">
     <span class='ocr_line' id='line_1_31' title="bbox 566 1710 2146 1783; baseline -0.003 -15"><span class='ocrx_word' id='word_1_231' title='bbox 566 1713 888 1779; x_wconf 86' lang='lat' dir='ltr'>ducebant,</span> <span class='ocrx_word' id='word_1_232' title='bbox 942 1727 1130 1783; x_wconf 90' lang='lat' dir='ltr'>neque</span> <span class='ocrx_word' id='word_1_233' title='bbox 1209 1710 1506 1783; x_wconf 90' lang='lat' dir='ltr'>perditam</span> <span class='ocrx_word' id='word_1_234' title='bbox 1575 1711 1974 1782; x_wconf 88' lang='lat' dir='ltr'>requirebant,</span> <span class='ocrx_word' id='word_1_235' title='bbox 2030 1725 2146 1781; x_wconf 85' lang='lat' dir='ltr'>neq</span> 
     </span>
    </p>
   </div>
   <div class='ocr_carea' id='block_1_32' title="bbox 2245 1710 3833 1788">
    <p class='ocr_par' dir='ltr' id='par_1_32' title="bbox 2257 1710 3833 1788">
     <span class='ocr_line' id='line_1_32' title="bbox 2257 1710 3833 1788; baseline 0.003 -26"><span class='ocrx_word' id='word_1_236' title='bbox 2257 1719 2301 1774; x_wconf 86' lang='grc' dir='ltr'>Β</span> <span class='ocrx_word' id='word_1_237' title='bbox 2335 1710 2599 1773; x_wconf 81' lang='grc' dir='ltr'>ἀπολωλός</span> <span class='ocrx_word' id='word_1_238' title='bbox 2628 1711 2914 1778; x_wconf 74' lang='grc' dir='ltr'>ἐξεζήτουν,</span> <span class='ocrx_word' id='word_1_239' title='bbox 2948 1718 3064 1766; x_wconf 71' lang='grc' dir='ltr'>οὔτε</span> <span class='ocrx_word' id='word_1_240' title='bbox 3100 1717 3158 1765; x_wconf 86' lang='grc' dir='ltr'>τό</span> <span class='ocrx_word' id='word_1_241' title='bbox 3200 1720 3608 1788; x_wconf 80' lang='grc' dir='ltr'>συντετριμμένον</span> <span class='ocrx_word' id='word_1_242' title='bbox 3633 1713 3833 1787; x_wconf 76' lang='grc' dir='ltr'>ἑδέσμονν,</span> 
     </span>
    </p>
   </div>
   <div class='ocr_carea' id='block_1_33' title="bbox 567 1799 2155 1877">
    <p class='ocr_par' dir='ltr' id='par_1_33' title="bbox 567 1799 2147 1872">
     <span class='ocr_line' id='line_1_33' title="bbox 567 1799 2147 1872; baseline -0.003 -13"><span class='ocrx_word' id='word_1_243' title='bbox 567 1803 880 1859; x_wconf 85' lang='lat' dir='ltr'>contritam</span> <span class='ocrx_word' id='word_1_244' title='bbox 909 1801 1240 1871; x_wconf 83' lang='lat' dir='ltr'>alligabant</span> <span class='ocrx_word' id='word_1_245' title='bbox 1264 1801 1368 1872; x_wconf 80' lang='grc' dir='ltr'>(ιι),</span> <span class='ocrx_word' id='word_1_246' title='bbox 1395 1816 1591 1872; x_wconf 89' lang='lat' dir='ltr'>neque</span> <span class='ocrx_word' id='word_1_247' title='bbox 1613 1800 1869 1856; x_wconf 87' lang='lat' dir='ltr'>debilem</span> <span class='ocrx_word' id='word_1_248' title='bbox 1885 1799 2147 1856; x_wconf 85' lang='lat' dir='ltr'>curaban</span> 
     </span>
    </p>
   </div>
   <div class='ocr_carea' id='block_1_34' title="bbox 2247 1799 3835 1877">
    <p class='ocr_par' dir='ltr' id='par_1_34' title="bbox 2334 1799 3835 1877">
     <span class='ocr_line' id='line_1_34' title="bbox 2334 1799 3835 1877; baseline 0.002 -26"><span class='ocrx_word' id='word_1_249' title='bbox 2334 1802 2449 1852; x_wconf 73' lang='grc' dir='ltr'>οὔτε</span> <span class='ocrx_word' id='word_1_250' title='bbox 2479 1804 2535 1852; x_wconf 86' lang='grc' dir='ltr'>τὸ</span> <span class='ocrx_word' id='word_1_251' title='bbox 2564 1799 2863 1875; x_wconf 73' lang='grc' dir='ltr'>ἁρῥωστοὺν</span> <span class='ocrx_word' id='word_1_252' title='bbox 2894 1803 3220 1877; x_wconf 71' lang='grc' dir='ltr'>ἐθεράπευον,</span> <span class='ocrx_word' id='word_1_253' title='bbox 3255 1801 3434 1862; x_wconf 76' lang='grc' dir='ltr'>ἐπειδὴ</span> <span class='ocrx_word' id='word_1_254' title='bbox 3473 1804 3678 1869; x_wconf 71' lang='grc' dir='ltr'>ἑαυτοὺς,</span> <span class='ocrx_word' id='word_1_255' title='bbox 3704 1809 3770 1856; x_wconf 77' lang='grc' dir='ltr'>καὶ</span> <span class='ocrx_word' id='word_1_256' title='bbox 3800 1806 3835 1854; x_wconf 63' lang='grc' dir='ltr'><em>οὐ</em></span> 
     </span>
    </p>
   </div>
   <div class='ocr_carea' id='block_1_35' title="bbox 566 1889 2154 1966">
    <p class='ocr_par' dir='ltr' id='par_1_35' title="bbox 566 1889 1688 1966">
     <span class='ocr_line' id='line_1_35' title="bbox 566 1889 1688 1966; baseline -0.004 -17"><span class='ocrx_word' id='word_1_257' title='bbox 566 1894 709 1966; x_wconf 84' lang='lat' dir='ltr'>quia</span> <span class='ocrx_word' id='word_1_258' title='bbox 741 1894 987 1963; x_wconf 88' lang='lat' dir='ltr'>seipsos,</span> <span class='ocrx_word' id='word_1_259' title='bbox 1023 1907 1143 1946; x_wconf 92' lang='lat' dir='ltr'>non</span> <span class='ocrx_word' id='word_1_260' title='bbox 1174 1906 1317 1945; x_wconf 91' lang='lat' dir='ltr'>oves</span> <span class='ocrx_word' id='word_1_261' title='bbox 1340 1889 1688 1961; x_wconf 86' lang='lat' dir='ltr'>pascebant.</span> 
     </span>
    </p>
   </div>
   <div class='ocr_carea' id='block_1_36' title="bbox 1336 1889 2924 1966">
    <p class='ocr_par' dir='ltr' id='par_1_36' title="bbox 1340 1889 2924 1962">
     <span class='ocr_line' id='line_1_36' title="bbox 1340 1889 2924 1962; baseline -0.001 -17"><span class='ocrx_word' id='word_1_262' title='bbox 1340 1889 1688 1961; x_wconf 85' lang='lat' dir='ltr'>pascebant.</span> <span class='ocrx_word' id='word_1_263' title='bbox 2333 1892 2399 1942; x_wconf 82' lang='grc' dir='ltr'>τὰ</span> <span class='ocrx_word' id='word_1_264' title='bbox 2429 1889 2666 1962; x_wconf 81' lang='grc' dir='ltr'>πρόϐατα</span> <span class='ocrx_word' id='word_1_265' title='bbox 2691 1889 2924 1944; x_wconf 81' lang='grc' dir='ltr'>ἔϐοσκον.</span> 
     </span>
    </p>
   </div>
   <div class='ocr_carea' id='block_1_37' title="bbox 639 1975 2227 2055">
    <p class='ocr_par' dir='ltr' id='par_1_37' title="bbox 639 1977 2222 2052">
     <span class='ocr_line' id='line_1_37' title="bbox 639 1977 2222 2052; baseline -0.001 -16"><span class='ocrx_word' id='word_1_266' title='bbox 639 1982 717 2036; x_wconf 91' lang='lat' dir='ltr'>De</span> <span class='ocrx_word' id='word_1_267' title='bbox 748 1982 1005 2052; x_wconf 89' lang='lat' dir='ltr'>utrisque</span> <span class='ocrx_word' id='word_1_268' title='bbox 1036 1994 1177 2048; x_wconf 80' lang='lat' dir='ltr'>ergo</span> <span class='ocrx_word' id='word_1_269' title='bbox 1225 1994 1361 2050; x_wconf 67' lang='lat' dir='ltr'>quae</span> <span class='ocrx_word' id='word_1_270' title='bbox 1418 1978 1582 2042; x_wconf 83' lang='lat' dir='ltr'>dixit,</span> <span class='ocrx_word' id='word_1_271' title='bbox 1620 1979 1882 2050; x_wconf 91' lang='lat' dir='ltr'>seipsum</span> <span class='ocrx_word' id='word_1_272' title='bbox 1915 1977 1973 2032; x_wconf 90' lang='lat' dir='ltr'>in</span> <span class='ocrx_word' id='word_1_273' title='bbox 2026 1993 2222 2034; x_wconf 66' lang='lat' dir='ltr'>exemo</span> 
     </span>
    </p>
   </div>
   <div class='ocr_carea' id='block_1_38' title="bbox 2250 1975 3838 2055">
    <p class='ocr_par' dir='ltr' id='par_1_38' title="bbox 2405 1975 3838 2055">
     <span class='ocr_line' id='line_1_38' title="bbox 2405 1975 3838 2055; baseline 0.001 -24"><span class='ocrx_word' id='word_1_274' title='bbox 2405 1979 2486 2031; x_wconf 82' lang='grc' dir='ltr'>Ἐν</span> <span class='ocrx_word' id='word_1_275' title='bbox 2521 1980 2598 2039; x_wconf 80' lang='grc' dir='ltr'>οἷς</span> <span class='ocrx_word' id='word_1_276' title='bbox 2623 1975 2710 2030; x_wconf 81' lang='grc' dir='ltr'>οὖν</span> <span class='ocrx_word' id='word_1_277' title='bbox 2752 1977 2886 2032; x_wconf 85' lang='grc' dir='ltr'>εἶπεν</span> <span class='ocrx_word' id='word_1_278' title='bbox 2936 1980 3234 2055; x_wconf 72' lang='grc' dir='ltr'>ἀμφοτέρων</span> <span class='ocrx_word' id='word_1_279' title='bbox 3263 1979 3534 2040; x_wconf 74' lang='grc' dir='ltr'>διέστησεν</span> <span class='ocrx_word' id='word_1_280' title='bbox 3557 1983 3838 2053; x_wconf 73' lang='grc' dir='ltr'>(13)ἑαντόν’</span> 
     </span>
    </p>
   </div>
   <div class='ocr_carea' id='block_1_39' title="bbox 566 2067 2154 2144">
    <p class='ocr_par' dir='ltr' id='par_1_39' title="bbox 566 2067 2133 2144">
     <span class='ocr_line' id='line_1_39' title="bbox 566 2067 2133 2144; baseline -0.003 -17"><span class='ocrx_word' id='word_1_281' title='bbox 566 2072 733 2144; x_wconf 91' lang='lat' dir='ltr'>plum</span> <span class='ocrx_word' id='word_1_282' title='bbox 760 2070 1081 2127; x_wconf 88' lang='lat' dir='ltr'>constituit.</span> <span class='ocrx_word' id='word_1_283' title='bbox 1120 2071 1195 2124; x_wconf 92' lang='lat' dir='ltr'>De</span> <span class='ocrx_word' id='word_1_284' title='bbox 1223 2069 1427 2140; x_wconf 90' lang='lat' dir='ltr'>primis</span> <span class='ocrx_word' id='word_1_285' title='bbox 1457 2067 1693 2139; x_wconf 87' lang='lat' dir='ltr'>quidem</span> <span class='ocrx_word' id='word_1_286' title='bbox 1719 2068 1778 2122; x_wconf 89' lang='lat' dir='ltr'>in</span> <span class='ocrx_word' id='word_1_287' title='bbox 1822 2083 1915 2134; x_wconf 92' lang='lat' dir='ltr'>eo,</span> <span class='ocrx_word' id='word_1_288' title='bbox 1970 2069 2133 2140; x_wconf 91' lang='lat' dir='ltr'>quod</span> 
     </span>
    </p>
   </div>
   <div class='ocr_carea' id='block_1_40' title="bbox 2253 2067 3841 2144">
    <p class='ocr_par' dir='ltr' id='par_1_40' title="bbox 2330 2067 3841 2142">
     <span class='ocr_line' id='line_1_40' title="bbox 2330 2067 3841 2142; baseline 0.003 -24"><span class='ocrx_word' id='word_1_289' title='bbox 2330 2073 2428 2118; x_wconf 82' lang='grc' dir='ltr'>τῶν</span> <span class='ocrx_word' id='word_1_290' title='bbox 2459 2072 2674 2138; x_wconf 81' lang='grc' dir='ltr'>πρώτων</span> <span class='ocrx_word' id='word_1_291' title='bbox 2702 2071 2792 2140; x_wconf 73' lang='grc' dir='ltr'>μὲν</span> <span class='ocrx_word' id='word_1_292' title='bbox 2819 2067 2866 2120; x_wconf 83' lang='grc' dir='ltr'>ἐν</span> <span class='ocrx_word' id='word_1_293' title='bbox 2906 2079 2978 2140; x_wconf 77' lang='grc' dir='ltr'>τῷ</span> <span class='ocrx_word' id='word_1_294' title='bbox 3009 2068 3187 2131; x_wconf 80' lang='grc' dir='ltr'>ἐλθεῖν,</span> <span class='ocrx_word' id='word_1_295' title='bbox 3220 2072 3302 2122; x_wconf 82' lang='grc' dir='ltr'>ἵνα</span> <span class='ocrx_word' id='word_1_296' title='bbox 3347 2072 3604 2142; x_wconf 62' lang='grc' dir='ltr'>ζωήνῌίι)</span> <span class='ocrx_word' id='word_1_297' title='bbox 3630 2074 3766 2142; x_wconf 80' lang='grc' dir='ltr'>ἔχωσι</span> <span class='ocrx_word' id='word_1_298' title='bbox 3783 2079 3841 2123; x_wconf 72' lang='grc' dir='ltr'>καὶ</span> 
     </span>
    </p>
   </div>
   <div class='ocr_carea' id='block_1_41' title="bbox 565 2154 2153 2231">
    <p class='ocr_par' dir='ltr' id='par_1_41' title="bbox 565 2157 2152 2225">
     <span class='ocr_line' id='line_1_41' title="bbox 565 2157 2152 2225; baseline -0.001 -10"><span class='ocrx_word' id='word_1_299' title='bbox 565 2161 647 2216; x_wconf 90' lang='lat' dir='ltr'>ait</span> <span class='ocrx_word' id='word_1_300' title='bbox 677 2161 925 2222; x_wconf 79' lang='lat' dir='ltr'>venisse,</span> <span class='ocrx_word' id='word_1_301' title='bbox 965 2166 1026 2213; x_wconf 91' lang='lat' dir='ltr'>ut</span> <span class='ocrx_word' id='word_1_302' title='bbox 1059 2162 1239 2214; x_wconf 86' lang='lat' dir='ltr'>vitam</span> <span class='ocrx_word' id='word_1_303' title='bbox 1287 2157 1563 2225; x_wconf 80' lang='lat' dir='ltr'>habeant,</span> <span class='ocrx_word' id='word_1_304' title='bbox 1595 2164 1645 2212; x_wconf 89' lang='lat' dir='ltr'>el</span> <span class='ocrx_word' id='word_1_305' title='bbox 1681 2157 2085 2212; x_wconf 80' lang='lat' dir='ltr'>abundantius</span> <span class='ocrx_word' id='word_1_306' title='bbox 2114 2158 2152 2214; x_wconf 89' lang='lat' dir='ltr'>h</span> 
     </span>
    </p>
   </div>
   <div class='ocr_carea' id='block_1_42' title="bbox 2251 2154 3839 2231">
    <p class='ocr_par' dir='ltr' id='par_1_42' title="bbox 2330 2154 3839 2231">
     <span class='ocr_line' id='line_1_42' title="bbox 2330 2154 3839 2231; baseline -0.009 -24"><span class='ocrx_word' id='word_1_307' title='bbox 2330 2160 2580 2227; x_wconf 87' lang='grc' dir='ltr'>περισσόν</span> <span class='ocrx_word' id='word_1_308' title='bbox 2612 2159 2782 2228; x_wconf 85' lang='grc' dir='ltr'>ἔχωσι</span> <span class='ocrx_word' id='word_1_309' title='bbox 2825 2177 2835 2186; x_wconf 66' lang='grc' dir='ltr'>ι</span> <span class='ocrx_word' id='word_1_310' title='bbox 2879 2167 2978 2209; x_wconf 83' lang='grc' dir='ltr'>τῶν</span> <span class='ocrx_word' id='word_1_311' title='bbox 3010 2154 3263 2231; x_wconf 80' lang='grc' dir='ltr'>δευτέρων</span> <span class='ocrx_word' id='word_1_312' title='bbox 3321 2157 3384 2212; x_wconf 66' lang='grc' dir='ltr'>δὲ</span> <span class='ocrx_word' id='word_1_313' title='bbox 3419 2164 3465 2212; x_wconf 82' lang='grc' dir='ltr'>ἐν</span> <span class='ocrx_word' id='word_1_314' title='bbox 3502 2171 3566 2231; x_wconf 75' lang='grc' dir='ltr'>τῷ</span> <span class='ocrx_word' id='word_1_315' title='bbox 3612 2160 3839 2230; x_wconf 34' lang='lat' dir='ltr'>gmw”,</span> 
     </span>
    </p>
   </div>
   <div class='ocr_carea' id='block_1_43' title="bbox 571 2244 2159 2321">
    <p class='ocr_par' dir='ltr' id='par_1_43' title="bbox 571 2245 2155 2317">
     <span class='ocr_line' id='line_1_43' title="bbox 571 2245 2155 2317; baseline -0.003 -13"><span class='ocrx_word' id='word_1_316' title='bbox 571 2249 744 2304; x_wconf 85' lang='lat' dir='ltr'>beant</span> <span class='ocrx_word' id='word_1_317' title='bbox 775 2248 883 2314; x_wconf 91' lang='lat' dir='ltr'>;de</span> <span class='ocrx_word' id='word_1_318' title='bbox 913 2248 1193 2301; x_wconf 90' lang='lat' dir='ltr'>secundis</span> <span class='ocrx_word' id='word_1_319' title='bbox 1224 2246 1438 2301; x_wconf 89' lang='lat' dir='ltr'>veroin</span> <span class='ocrx_word' id='word_1_320' title='bbox 1470 2261 1540 2300; x_wconf 93' lang='lat' dir='ltr'>eo</span> <span class='ocrx_word' id='word_1_321' title='bbox 1566 2245 1718 2317; x_wconf 87' lang='lat' dir='ltr'>quod</span> <span class='ocrx_word' id='word_1_322' title='bbox 1751 2245 2018 2301; x_wconf 91' lang='lat' dir='ltr'>animam</span> <span class='ocrx_word' id='word_1_323' title='bbox 2047 2263 2155 2301; x_wconf 88' lang='lat' dir='ltr'>sua</span> 
     </span>
    </p>
   </div>
   <div class='ocr_carea' id='block_1_44' title="bbox 2250 2244 3838 2321">
    <p class='ocr_par' dir='ltr' id='par_1_44' title="bbox 2331 2244 3838 2321">
     <span class='ocr_line' id='line_1_44' title="bbox 2331 2244 3838 2321; baseline 0.001 -25"><span class='ocrx_word' id='word_1_324' title='bbox 2331 2244 2491 2296; x_wconf 67' lang='grc' dir='ltr'>αὐτοῦ</span> <span class='ocrx_word' id='word_1_325' title='bbox 2524 2247 2685 2298; x_wconf 90' lang='grc' dir='ltr'>θεῖναι</span> <span class='ocrx_word' id='word_1_326' title='bbox 2711 2247 2838 2318; x_wconf 73' lang='grc' dir='ltr'>ὑπὲρ</span> <span class='ocrx_word' id='word_1_327' title='bbox 2887 2247 2988 2298; x_wconf 84' lang='grc' dir='ltr'>τῶν</span> <span class='ocrx_word' id='word_1_328' title='bbox 3016 2247 3312 2321; x_wconf 76' lang='grc' dir='ltr'>προϐάτων.</span> <span class='ocrx_word' id='word_1_329' title='bbox 3388 2249 3509 2304; x_wconf 83' lang='grc' dir='ltr'>Ἀπὸ</span> <span class='ocrx_word' id='word_1_330' title='bbox 3551 2258 3659 2321; x_wconf 79' lang='grc' dir='ltr'>γοῦν</span> <span class='ocrx_word' id='word_1_331' title='bbox 3683 2257 3754 2301; x_wconf 81' lang='grc' dir='ltr'>τοῦ</span> <span class='ocrx_word' id='word_1_332' title='bbox 3776 2253 3838 2306; x_wconf 70' lang='grc' dir='ltr'>τήν</span> 
     </span>
    </p>
   </div>
   <div class='ocr_carea' id='block_1_45' title="bbox 565 2333 2153 2413">
    <p class='ocr_par' dir='ltr' id='par_1_45' title="bbox 565 2333 2152 2407">
     <span class='ocr_line' id='line_1_45' title="bbox 565 2333 2152 2407; baseline -0.001 -16"><span class='ocrx_word' id='word_1_333' title='bbox 565 2343 748 2407; x_wconf 89' lang='lat' dir='ltr'>ponat</span> <span class='ocrx_word' id='word_1_334' title='bbox 779 2351 887 2407; x_wconf 90' lang='lat' dir='ltr'>pro</span> <span class='ocrx_word' id='word_1_335' title='bbox 917 2335 1147 2390; x_wconf 86' lang='lat' dir='ltr'>ovibus.</span> <span class='ocrx_word' id='word_1_336' title='bbox 1184 2333 1489 2406; x_wconf 89' lang='lat' dir='ltr'>Siquidem</span> <span class='ocrx_word' id='word_1_337' title='bbox 1524 2351 1593 2389; x_wconf 83' lang='lat' dir='ltr'>ex</span> <span class='ocrx_word' id='word_1_338' title='bbox 1625 2334 1739 2389; x_wconf 90' lang='lat' dir='ltr'>hoc</span> <span class='ocrx_word' id='word_1_339' title='bbox 1755 2335 1917 2406; x_wconf 90' lang='lat' dir='ltr'>quod</span> <span class='ocrx_word' id='word_1_340' title='bbox 1952 2335 2152 2390; x_wconf 86' lang='lat' dir='ltr'>anima</span> 
     </span>
    </p>
   </div>
   <div class='ocr_carea' id='block_1_46' title="bbox 2251 2333 3839 2413">
    <p class='ocr_par' dir='ltr' id='par_1_46' title="bbox 2327 2333 3839 2413">
     <span class='ocr_line' id='line_1_46' title="bbox 2327 2333 3839 2413; baseline 0.003 -29"><span class='ocrx_word' id='word_1_341' title='bbox 2327 2333 2513 2405; x_wconf 73' lang='grc' dir='ltr'>ψυχὴν</span> <span class='ocrx_word' id='word_1_342' title='bbox 2544 2334 2703 2386; x_wconf 67' lang='grc' dir='ltr'>αὑτοῦ</span> <span class='ocrx_word' id='word_1_343' title='bbox 2758 2337 2918 2387; x_wconf 88' lang='grc' dir='ltr'>θεῖναι</span> <span class='ocrx_word' id='word_1_344' title='bbox 2976 2337 3101 2408; x_wconf 75' lang='grc' dir='ltr'>ὑπὲρ</span> <span class='ocrx_word' id='word_1_345' title='bbox 3155 2346 3256 2388; x_wconf 85' lang='grc' dir='ltr'>τῶν</span> <span class='ocrx_word' id='word_1_346' title='bbox 3308 2337 3572 2413; x_wconf 80' lang='grc' dir='ltr'>προϐάτων</span> <span class='ocrx_word' id='word_1_347' title='bbox 3633 2337 3839 2390; x_wconf 71' lang='grc' dir='ltr'>ἐϐεϐαίωσε</span> 
     </span>
    </p>
   </div>
   <div class='ocr_carea' id='block_1_47' title="bbox 566 2423 2154 2499">
    <p class='ocr_par' dir='ltr' id='par_1_47' title="bbox 566 2423 2154 2496">
     <span class='ocr_line' id='line_1_47' title="bbox 566 2423 2154 2496; baseline -0.001 -16"><span class='ocrx_word' id='word_1_348' title='bbox 566 2441 738 2481; x_wconf 84' lang='lat' dir='ltr'>suam</span> <span class='ocrx_word' id='word_1_349' title='bbox 769 2430 951 2496; x_wconf 89' lang='lat' dir='ltr'>ponat</span> <span class='ocrx_word' id='word_1_350' title='bbox 1001 2439 1108 2496; x_wconf 92' lang='lat' dir='ltr'>pro</span> <span class='ocrx_word' id='word_1_351' title='bbox 1160 2423 1396 2489; x_wconf 89' lang='lat' dir='ltr'>ovibus,</span> <span class='ocrx_word' id='word_1_352' title='bbox 1452 2423 1768 2478; x_wconf 87' lang='lat' dir='ltr'>conﬁrmat</span> <span class='ocrx_word' id='word_1_353' title='bbox 1796 2423 1998 2490; x_wconf 90' lang='lat' dir='ltr'>etiam,</span> <span class='ocrx_word' id='word_1_354' title='bbox 2052 2440 2154 2495; x_wconf 63' lang='lat' dir='ltr'>qui</span> 
     </span>
    </p>
   </div>
   <div class='ocr_carea' id='block_1_48' title="bbox 2249 2423 3837 2499">
    <p class='ocr_par' dir='ltr' id='par_1_48' title="bbox 2327 2424 3837 2499">
     <span class='ocr_line' id='line_1_48' title="bbox 2327 2424 3837 2499; baseline 0.002 -26"><span class='ocrx_word' id='word_1_355' title='bbox 2327 2429 2415 2474; x_wconf 85' lang='grc' dir='ltr'>καὶ</span> <span class='ocrx_word' id='word_1_356' title='bbox 2514 2427 2570 2475; x_wconf 87' lang='grc' dir='ltr'>τὸ</span> <span class='ocrx_word' id='word_1_357' title='bbox 2637 2424 2817 2492; x_wconf 82' lang='grc' dir='ltr'>ἐλθεῖν,</span> <span class='ocrx_word' id='word_1_358' title='bbox 2907 2426 2990 2476; x_wconf 78' lang='grc' dir='ltr'>ἕνα</span> <span class='ocrx_word' id='word_1_359' title='bbox 3068 2429 3204 2488; x_wconf 78' lang='grc' dir='ltr'>ζωὴν</span> <span class='ocrx_word' id='word_1_360' title='bbox 3270 2429 3462 2497; x_wconf 78' lang='grc' dir='ltr'>ἔχωσι,</span> <span class='ocrx_word' id='word_1_361' title='bbox 3519 2432 3597 2479; x_wconf 75' lang='grc' dir='ltr'>καὶ</span> <span class='ocrx_word' id='word_1_362' title='bbox 3653 2431 3837 2499; x_wconf 68' lang='grc' dir='ltr'>περισσόν</span> 
     </span>
    </p>
   </div>
   <div class='ocr_carea' id='block_1_49' title="bbox 567 2507 2539 2584">
    <p class='ocr_par' dir='ltr' id='par_1_49' title="bbox 567 2507 2539 2584">
     <span class='ocr_line' id='line_1_49' title="bbox 567 2507 2539 2584; baseline -0.004 -14"><span class='ocrx_word' id='word_1_363' title='bbox 567 2515 889 2578; x_wconf 87' lang='lat' dir='ltr'>venerit,ut</span> <span class='ocrx_word' id='word_1_364' title='bbox 919 2517 1098 2570; x_wconf 87' lang='lat' dir='ltr'>vitam</span> <span class='ocrx_word' id='word_1_365' title='bbox 1122 2513 1394 2577; x_wconf 87' lang='lat' dir='ltr'>habeant,</span> <span class='ocrx_word' id='word_1_366' title='bbox 1421 2520 1475 2568; x_wconf 92' lang='lat' dir='ltr'>et</span> <span class='ocrx_word' id='word_1_367' title='bbox 1500 2512 1905 2568; x_wconf 82' lang='lat' dir='ltr'>abundantius</span> <span class='ocrx_word' id='word_1_368' title='bbox 1936 2512 2214 2570; x_wconf 84' lang='lat' dir='ltr'>habeant.</span> <span class='ocrx_word' id='word_1_369' title='bbox 2326 2507 2539 2584; x_wconf 81' lang='grc' dir='ltr'>ἔχωσι.“</span> 
     </span>
    </p>
   </div>
   <div class='ocr_carea' id='block_1_50' title="bbox 635 2599 2223 2677">
    <p class='ocr_par' dir='ltr' id='par_1_50' title="bbox 635 2601 2210 2666">
     <span class='ocr_line' id='line_1_50' title="bbox 635 2601 2210 2666; baseline -0.002 -7"><span class='ocrx_word' id='word_1_370' title='bbox 635 2604 958 2660; x_wconf 90' lang='lat' dir='ltr'>Dicitenim</span> <span class='ocrx_word' id='word_1_371' title='bbox 1010 2609 1064 2659; x_wconf 92' lang='lat' dir='ltr'>et</span> <span class='ocrx_word' id='word_1_372' title='bbox 1112 2601 1330 2659; x_wconf 87' lang='lat' dir='ltr'>Paulus</span> <span class='ocrx_word' id='word_1_373' title='bbox 1378 2602 1485 2658; x_wconf 84' lang='lat' dir='ltr'>:Si</span> <span class='ocrx_word' id='word_1_374' title='bbox 1512 2619 1644 2658; x_wconf 87' lang='lat' dir='ltr'>cum</span> <span class='ocrx_word' id='word_1_375' title='bbox 1674 2602 1904 2658; x_wconf 86' lang='lat' dir='ltr'>inimici</span> <span class='ocrx_word' id='word_1_376' title='bbox 1944 2617 2210 2666; x_wconf 87' lang='lat' dir='ltr'>essemus,</span> 
     </span>
    </p>
   </div>
   <div class='ocr_carea' id='block_1_51' title="bbox 2253 2599 3841 2677">
    <p class='ocr_par' dir='ltr' id='par_1_51' title="bbox 2397 2599 3841 2677">
     <span class='ocr_line' id='line_1_51' title="bbox 2397 2599 3841 2677; baseline 0.001 -23"><span class='ocrx_word' id='word_1_377' title='bbox 2397 2608 2534 2659; x_wconf 77' lang='grc' dir='ltr'>φησὶ</span> <span class='ocrx_word' id='word_1_378' title='bbox 2566 2599 2624 2654; x_wconf 72' lang='grc' dir='ltr'>δὲ</span> <span class='ocrx_word' id='word_1_379' title='bbox 2652 2607 2741 2654; x_wconf 82' lang='grc' dir='ltr'>καὶ</span> <span class='ocrx_word' id='word_1_380' title='bbox 2781 2601 2978 2664; x_wconf 79' lang='grc' dir='ltr'>Παῦλος</span> <span class='ocrx_word' id='word_1_381' title='bbox 3003 2619 3015 2631; x_wconf 93' lang='grc'><strong>·</strong></span> <span class='ocrx_word' id='word_1_382' title='bbox 3045 2604 3105 2658; x_wconf 81' lang='grc' dir='ltr'>Εἰ</span> <span class='ocrx_word' id='word_1_383' title='bbox 3131 2603 3320 2677; x_wconf 78' lang='grc' dir='ltr'>ἐχθροὶ</span> <span class='ocrx_word' id='word_1_384' title='bbox 3377 2611 3505 2667; x_wconf 80' lang='grc' dir='ltr'>ὄντες</span> <span class='ocrx_word' id='word_1_385' title='bbox 3527 2605 3841 2676; x_wconf 64' lang='grc' dir='ltr'>κατηλλάγημεν</span> 
     </span>
    </p>
   </div>
   <div class='ocr_carea' id='block_1_52' title="bbox 565 2687 2153 2763">
    <p class='ocr_par' dir='ltr' id='par_1_52' title="bbox 565 2691 2153 2760">
     <span class='ocr_line' id='line_1_52' title="bbox 565 2691 2153 2760; baseline -0.004 -9"><span class='ocrx_word' id='word_1_386' title='bbox 565 2693 940 2751; x_wconf 78' lang='lat' dir='ltr'>reconciliati</span> <span class='ocrx_word' id='word_1_387' title='bbox 975 2707 1178 2748; x_wconf 88' lang='lat' dir='ltr'>sumus</span> <span class='ocrx_word' id='word_1_388' title='bbox 1230 2693 1350 2748; x_wconf 90' lang='lat' dir='ltr'>Deo</span> <span class='ocrx_word' id='word_1_389' title='bbox 1401 2707 1510 2760; x_wconf 79' lang='lat' dir='ltr'>per</span> <span class='ocrx_word' id='word_1_390' title='bbox 1574 2697 1822 2748; x_wconf 86' lang='lat' dir='ltr'>mortem</span> <span class='ocrx_word' id='word_1_391' title='bbox 1877 2691 2021 2746; x_wconf 88' lang='lat' dir='ltr'>Filii</span> <span class='ocrx_word' id='word_1_392' title='bbox 2069 2693 2153 2759; x_wconf 69' lang='lat' dir='ltr'>eju</span> 
     </span>
    </p>
   </div>
   <div class='ocr_carea' id='block_1_53' title="bbox 2255 2687 3843 2763">
    <p class='ocr_par' dir='ltr' id='par_1_53' title="bbox 2324 2687 3843 2763">
     <span class='ocr_line' id='line_1_53' title="bbox 2324 2687 3843 2763; baseline 0.001 -20"><span class='ocrx_word' id='word_1_393' title='bbox 2324 2699 2395 2762; x_wconf 85' lang='grc' dir='ltr'>τῷ</span> <span class='ocrx_word' id='word_1_394' title='bbox 2428 2699 2542 2762; x_wconf 83' lang='grc' dir='ltr'>Θεῷ</span> <span class='ocrx_word' id='word_1_395' title='bbox 2574 2687 2667 2744; x_wconf 82' lang='grc' dir='ltr'>διὰ</span> <span class='ocrx_word' id='word_1_396' title='bbox 2695 2700 2786 2744; x_wconf 81' lang='grc' dir='ltr'>του</span> <span class='ocrx_word' id='word_1_397' title='bbox 2816 2695 3038 2744; x_wconf 75' lang='grc' dir='ltr'>θανάτου</span> <span class='ocrx_word' id='word_1_398' title='bbox 3064 2701 3156 2745; x_wconf 78' lang='grc' dir='ltr'>τοῦ</span> <span class='ocrx_word' id='word_1_399' title='bbox 3182 2701 3308 2746; x_wconf 69' lang='lat' dir='ltr'>Tim}</span> <span class='ocrx_word' id='word_1_400' title='bbox 3337 2697 3514 2760; x_wconf 70' lang='grc' dir='ltr'>αυτοῦ,</span> <span class='ocrx_word' id='word_1_401' title='bbox 3545 2695 3692 2763; x_wconf 83' lang='grc' dir='ltr'>πολλῷ</span> <span class='ocrx_word' id='word_1_402' title='bbox 3706 2694 3843 2757; x_wconf 69' lang='grc' dir='ltr'>μᾶλλον</span> 
     </span>
    </p>
   </div>
   <div class='ocr_carea' id='block_1_54' title="bbox 563 2779 2151 2855">
    <p class='ocr_par' dir='ltr' id='par_1_54' title="bbox 563 2780 2151 2854">
     <span class='ocr_line' id='line_1_54' title="bbox 563 2780 2151 2854; baseline -0.003 -15"><span class='ocrx_word' id='word_1_403' title='bbox 563 2785 752 2839; x_wconf 90' lang='lat' dir='ltr'>multo</span> <span class='ocrx_word' id='word_1_404' title='bbox 774 2783 961 2854; x_wconf 86' lang='lat' dir='ltr'>magis</span> <span class='ocrx_word' id='word_1_405' title='bbox 990 2782 1362 2838; x_wconf 80' lang='lat' dir='ltr'>reconciliati</span> <span class='ocrx_word' id='word_1_406' title='bbox 1381 2780 1538 2836; x_wconf 88' lang='lat' dir='ltr'>salvi</span> <span class='ocrx_word' id='word_1_407' title='bbox 1551 2781 1769 2837; x_wconf 82' lang='lat' dir='ltr'>erimus</span> <span class='ocrx_word' id='word_1_408' title='bbox 1787 2784 1808 2815; x_wconf 85' lang='grc'>⁶</span> <span class='ocrx_word' id='word_1_409' title='bbox 1831 2797 1844 2847; x_wconf 90' lang='grc'><strong>;</strong></span> <span class='ocrx_word' id='word_1_410' title='bbox 1863 2786 1920 2835; x_wconf 90' lang='lat' dir='ltr'>et</span> <span class='ocrx_word' id='word_1_411' title='bbox 1941 2797 2151 2835; x_wconf 87' lang='lat' dir='ltr'>rursuu</span> 
     </span>
    </p>
   </div>
   <div class='ocr_carea' id='block_1_55' title="bbox 2254 2779 3842 2855">
    <p class='ocr_par' dir='ltr' id='par_1_55' title="bbox 2323 2779 3842 2855">
     <span class='ocr_line' id='line_1_55' title="bbox 2323 2779 3842 2855; baseline -0.001 -22"><span class='ocrx_word' id='word_1_412' title='bbox 2323 2781 2720 2852; x_wconf 76' lang='grc' dir='ltr'>καταλλαγέντες</span> <span class='ocrx_word' id='word_1_413' title='bbox 2761 2784 3128 2854; x_wconf 80' lang='grc' dir='ltr'>σωθησόμεθα.</span> <span class='ocrx_word' id='word_1_414' title='bbox 3160 2789 3256 2837; x_wconf 78' lang='grc' dir='ltr'>Καὶ</span> <span class='ocrx_word' id='word_1_415' title='bbox 3284 2785 3554 2846; x_wconf 69' lang='grc' dir='ltr'>πάλινῖος</span> <span class='ocrx_word' id='word_1_416' title='bbox 3576 2803 3629 2855; x_wconf 87' lang='grc' dir='ltr'>γε</span> <span class='ocrx_word' id='word_1_417' title='bbox 3655 2779 3842 2836; x_wconf 73' lang='grc' dir='ltr'>τοῡίδίον</span> 
     </span>
    </p>
   </div>
   <div class='ocr_carea' id='block_1_56' title="bbox 563 2869 2151 2945">
    <p class='ocr_par' dir='ltr' id='par_1_56' title="bbox 563 2869 2151 2943">
     <span class='ocr_line' id='line_1_56' title="bbox 563 2869 2151 2943; baseline -0.003 -15"><span class='ocrx_word' id='word_1_418' title='bbox 563 2873 674 2939; x_wconf 84' lang='lat' dir='ltr'>Qui</span> <span class='ocrx_word' id='word_1_419' title='bbox 696 2873 941 2943; x_wconf 86' lang='lat' dir='ltr'>proprio</span> <span class='ocrx_word' id='word_1_420' title='bbox 953 2872 1110 2927; x_wconf 83' lang='lat' dir='ltr'>Filio</span> <span class='ocrx_word' id='word_1_421' title='bbox 1127 2887 1244 2926; x_wconf 83' lang='lat' dir='ltr'>non</span> <span class='ocrx_word' id='word_1_422' title='bbox 1256 2869 1641 2940; x_wconf 84' lang='lat' dir='ltr'>pepercit,sed</span> <span class='ocrx_word' id='word_1_423' title='bbox 1660 2885 1770 2938; x_wconf 83' lang='lat' dir='ltr'>pro</span> <span class='ocrx_word' id='word_1_424' title='bbox 1783 2869 1950 2925; x_wconf 88' lang='lat' dir='ltr'>nobis</span> <span class='ocrx_word' id='word_1_425' title='bbox 1964 2869 2151 2925; x_wconf 72' lang='lat' dir='ltr'>traditi</span> 
     </span>
    </p>
   </div>
   <div class='ocr_carea' id='block_1_57' title="bbox 2259 2869 3847 2945">
    <p class='ocr_par' dir='ltr' id='par_1_57' title="bbox 2326 2869 3847 2945">
     <span class='ocr_line' id='line_1_57' title="bbox 2326 2869 3847 2945; baseline 0.001 -25"><span class='ocrx_word' id='word_1_426' title='bbox 2326 2871 2446 2921; x_wconf 79' lang='grc' dir='ltr'>Υἱοῦ</span> <span class='ocrx_word' id='word_1_427' title='bbox 2475 2870 2568 2921; x_wconf 70' lang='grc' dir='ltr'>οὐκ</span> <span class='ocrx_word' id='word_1_428' title='bbox 2598 2871 2859 2942; x_wconf 73' lang='grc' dir='ltr'>ἐφείσατο,</span> <span class='ocrx_word' id='word_1_429' title='bbox 2891 2869 2997 2922; x_wconf 75' lang='grc' dir='ltr'>ἀλλ’</span> <span class='ocrx_word' id='word_1_430' title='bbox 3045 2873 3170 2944; x_wconf 73' lang='grc' dir='ltr'>ὑπὲρ</span> <span class='ocrx_word' id='word_1_431' title='bbox 3225 2875 3378 2944; x_wconf 78' lang='grc' dir='ltr'>ἡμῶν</span> <span class='ocrx_word' id='word_1_432' title='bbox 3404 2876 3593 2926; x_wconf 67' lang='grc' dir='ltr'>πάντων</span> <span class='ocrx_word' id='word_1_433' title='bbox 3617 2869 3847 2945; x_wconf 75' lang='grc' dir='ltr'>παρέδωκεν</span> 
     </span>
    </p>
   </div>
   <div class='ocr_carea' id='block_1_58' title="bbox 558 2958 2146 3036">
    <p class='ocr_par' dir='ltr' id='par_1_58' title="bbox 558 2958 2146 3033">
     <span class='ocr_line' id='line_1_58' title="bbox 558 2958 2146 3033; baseline -0.003 -17"><span class='ocrx_word' id='word_1_434' title='bbox 558 2962 752 3028; x_wconf 86' lang='lat' dir='ltr'>illum,</span> <span class='ocrx_word' id='word_1_435' title='bbox 770 2961 1060 3033; x_wconf 85' lang='lat' dir='ltr'>quomodo</span> <span class='ocrx_word' id='word_1_436' title='bbox 1075 2975 1191 3017; x_wconf 87' lang='lat' dir='ltr'>non</span> <span class='ocrx_word' id='word_1_437' title='bbox 1206 2975 1340 3016; x_wconf 88' lang='lat' dir='ltr'>cum</span> <span class='ocrx_word' id='word_1_438' title='bbox 1354 2960 1463 3015; x_wconf 89' lang='lat' dir='ltr'>illo</span> <span class='ocrx_word' id='word_1_439' title='bbox 1485 2958 1684 3016; x_wconf 86' lang='lat' dir='ltr'>omnia</span> <span class='ocrx_word' id='word_1_440' title='bbox 1699 2960 1861 3015; x_wconf 84' lang='lat' dir='ltr'>nobis</span> <span class='ocrx_word' id='word_1_441' title='bbox 1877 2960 2033 3014; x_wconf 85' lang='lat' dir='ltr'>dona</span> <span class='ocrx_word' id='word_1_442' title='bbox 2043 2959 2121 3014; x_wconf 82' lang='lat' dir='ltr'>bit</span> <span class='ocrx_word' id='word_1_443' title='bbox 2141 2960 2146 2973; x_wconf 93' lang='lat'>&#39;</span> 
     </span>
    </p>
   </div>
   <div class='ocr_carea' id='block_1_59' title="bbox 2259 2958 3847 3036">
    <p class='ocr_par' dir='ltr' id='par_1_59' title="bbox 2323 2959 3847 3036">
     <span class='ocr_line' id='line_1_59' title="bbox 2323 2959 3847 3036; baseline -0.001 -26"><span class='ocrx_word' id='word_1_444' title='bbox 2323 2959 2498 3028; x_wconf 68' lang='grc' dir='ltr'>αὐτὸν,</span> <span class='ocrx_word' id='word_1_445' title='bbox 2517 2968 2622 3019; x_wconf 85' lang='grc' dir='ltr'>πῶς</span> <span class='ocrx_word' id='word_1_446' title='bbox 2653 2959 2780 3031; x_wconf 70' lang='grc' dir='ltr'>οὐχὶ</span> <span class='ocrx_word' id='word_1_447' title='bbox 2812 2963 2905 3012; x_wconf 80' lang='grc' dir='ltr'>σὺν</span> <span class='ocrx_word' id='word_1_448' title='bbox 2947 2961 3088 3030; x_wconf 71' lang='grc' dir='ltr'>αὐτῷ</span> <span class='ocrx_word' id='word_1_449' title='bbox 3123 2963 3188 3012; x_wconf 78' lang='grc' dir='ltr'>τὰ</span> <span class='ocrx_word' id='word_1_450' title='bbox 3229 2964 3401 3015; x_wconf 74' lang='grc' dir='ltr'>πάντα</span> <span class='ocrx_word' id='word_1_451' title='bbox 3429 2966 3548 3036; x_wconf 75' lang='grc' dir='ltr'>ἡμῖν</span> <span class='ocrx_word' id='word_1_452' title='bbox 3574 2964 3676 3032; x_wconf 65' lang='grc' dir='ltr'>(1ῧρ</span> <span class='ocrx_word' id='word_1_453' title='bbox 3697 2967 3847 3034; x_wconf 76' lang='grc' dir='ltr'>χαριεῖ-</span> 
     </span>
    </p>
   </div>
   <div class='ocr_carea' id='block_1_60' title="bbox 2249 3065 2448 3124">
    <p class='ocr_par' dir='ltr' id='par_1_60' title="bbox 2249 3065 2448 3124">
     <span class='ocr_line' id='line_1_60' title="bbox 2249 3065 2448 3124; baseline -0.01 -24"><span class='ocrx_word' id='word_1_454' title='bbox 2249 3065 2448 3124; x_wconf 75' lang='lat' dir='ltr'>Crat;</span> 
     </span>
    </p>
   </div>
   <div class='ocr_carea' id='block_1_61' title="bbox 629 3124 2217 3210">
    <p class='ocr_par' dir='ltr' id='par_1_61' title="bbox 629 3134 2206 3208">
     <span class='ocr_line' id='line_1_61' title="bbox 629 3134 2206 3208; baseline -0.001 -14"><span class='ocrx_word' id='word_1_455' title='bbox 629 3142 790 3196; x_wconf 89' lang='lat' dir='ltr'>Vers.</span> <span class='ocrx_word' id='word_1_456' title='bbox 821 3139 901 3194; x_wconf 74' lang='grc'>14.</span> <span class='ocrx_word' id='word_1_457' title='bbox 937 3137 1065 3208; x_wconf 83' lang='lat' dir='ltr'>Ego</span> <span class='ocrx_word' id='word_1_458' title='bbox 1104 3168 1162 3180; x_wconf 93' lang='lat'><strong><em>—</em></strong></span> <span class='ocrx_word' id='word_1_459' title='bbox 1213 3138 1416 3193; x_wconf 89' lang='lat' dir='ltr'>bonus.</span> <span class='ocrx_word' id='word_1_460' title='bbox 1451 3140 1516 3192; x_wconf 88' lang='lat' dir='ltr'>Et</span> <span class='ocrx_word' id='word_1_461' title='bbox 1550 3135 1859 3208; x_wconf 92' lang='lat' dir='ltr'>quomodo</span> <span class='ocrx_word' id='word_1_462' title='bbox 1889 3151 2009 3191; x_wconf 88' lang='lat' dir='ltr'>non</span> <span class='ocrx_word' id='word_1_463' title='bbox 2042 3134 2206 3192; x_wconf 84' lang='lat' dir='ltr'>dixe-</span> 
     </span>
    </p>
   </div>
   <div class='ocr_carea' id='block_1_62' title="bbox 2259 3124 3847 3210">
    <p class='ocr_par' dir='ltr' id='par_1_62' title="bbox 2392 3124 3847 3210">
     <span class='ocr_line' id='line_1_62' title="bbox 2392 3124 3847 3210; baseline 0 -23"><span class='ocrx_word' id='word_1_464' title='bbox 2392 3136 2530 3207; x_wconf 85' lang='grc' dir='ltr'>Ἐγὼ</span> <span class='ocrx_word' id='word_1_465' title='bbox 2563 3169 2622 3177; x_wconf 85' lang='grc'><strong>-</strong></span> <span class='ocrx_word' id='word_1_466' title='bbox 2655 3135 2830 3199; x_wconf 80' lang='grc' dir='ltr'>καλός.</span> <span class='ocrx_word' id='word_1_467' title='bbox 2867 3124 2968 3190; x_wconf 60' lang='grc' dir='ltr'>Καὶ</span> <span class='ocrx_word' id='word_1_468' title='bbox 2999 3145 3107 3200; x_wconf 83' lang='grc' dir='ltr'>πῶς</span> <span class='ocrx_word' id='word_1_469' title='bbox 3136 3138 3229 3191; x_wconf 69' lang='grc' dir='ltr'>οὐκ</span> <span class='ocrx_word' id='word_1_470' title='bbox 3269 3136 3415 3192; x_wconf 86' lang='grc' dir='ltr'>εἶπον</span> <span class='ocrx_word' id='word_1_471' title='bbox 3445 3141 3577 3210; x_wconf 72' lang='grc' dir='ltr'>αὑτῴ</span> <span class='ocrx_word' id='word_1_472' title='bbox 3612 3141 3730 3190; x_wconf 80' lang='grc' dir='ltr'>ὁκαὶ</span> <span class='ocrx_word' id='word_1_473' title='bbox 3753 3142 3847 3208; x_wconf 66' lang='grc' dir='ltr'>πρό-</span> 
     </span>
    </p>
   </div>
   <div class='ocr_carea' id='block_1_63' title="bbox 554 3226 2142 3304">
    <p class='ocr_par' dir='ltr' id='par_1_63' title="bbox 554 3226 2142 3301">
     <span class='ocr_line' id='line_1_63' title="bbox 554 3226 2142 3301; baseline -0.004 -15"><span class='ocrx_word' id='word_1_474' title='bbox 554 3235 696 3286; x_wconf 90' lang='lat' dir='ltr'>runt</span> <span class='ocrx_word' id='word_1_475' title='bbox 720 3229 822 3297; x_wconf 92' lang='lat' dir='ltr'>illi,</span> <span class='ocrx_word' id='word_1_476' title='bbox 854 3229 1020 3301; x_wconf 91' lang='lat' dir='ltr'>quod</span> <span class='ocrx_word' id='word_1_477' title='bbox 1051 3233 1108 3284; x_wconf 92' lang='lat' dir='ltr'>et</span> <span class='ocrx_word' id='word_1_478' title='bbox 1131 3226 1295 3300; x_wconf 80' lang='lat' dir='ltr'>prius</span> <span class='ocrx_word' id='word_1_479' title='bbox 1324 3242 1337 3282; x_wconf 91' lang='lat'><strong>:</strong></span> <span class='ocrx_word' id='word_1_480' title='bbox 1378 3229 1464 3282; x_wconf 86' lang='lat' dir='ltr'>Tu</span> <span class='ocrx_word' id='word_1_481' title='bbox 1493 3227 1566 3282; x_wconf 89' lang='lat' dir='ltr'>de</span> <span class='ocrx_word' id='word_1_482' title='bbox 1595 3226 1773 3296; x_wconf 85' lang='lat' dir='ltr'>leipso</span> <span class='ocrx_word' id='word_1_483' title='bbox 1815 3226 2142 3281; x_wconf 86' lang='lat' dir='ltr'>testimoniu</span> 
     </span>
    </p>
   </div>
   <div class='ocr_carea' id='block_1_64' title="bbox 2260 3226 3848 3304">
    <p class='ocr_par' dir='ltr' id='par_1_64' title="bbox 2318 3227 3848 3304">
     <span class='ocr_line' id='line_1_64' title="bbox 2318 3227 3848 3304; baseline 0.001 -27"><span class='ocrx_word' id='word_1_484' title='bbox 2318 3244 2480 3299; x_wconf 85' lang='grc' dir='ltr'>τερον,</span> <span class='ocrx_word' id='word_1_485' title='bbox 2510 3227 2589 3277; x_wconf 84' lang='grc' dir='ltr'>ὅτι</span> <span class='ocrx_word' id='word_1_486' title='bbox 2644 3229 2709 3277; x_wconf 84' lang='grc' dir='ltr'><strong>Σὺ</strong></span> <span class='ocrx_word' id='word_1_487' title='bbox 2741 3230 2857 3297; x_wconf 90' lang='grc' dir='ltr'>περὶ</span> <span class='ocrx_word' id='word_1_488' title='bbox 2889 3234 3108 3279; x_wconf 79' lang='grc' dir='ltr'>σεαυτοῦ</span> <span class='ocrx_word' id='word_1_489' title='bbox 3153 3237 3444 3304; x_wconf 83' lang='grc' dir='ltr'>μαρτυρεῖς</span> <span class='ocrx_word' id='word_1_490' title='bbox 3472 3245 3485 3291; x_wconf 90' lang='grc'>;</span> <span class='ocrx_word' id='word_1_491' title='bbox 3518 3233 3647 3281; x_wconf 87' lang='grc' dir='ltr'>Διότι</span> <span class='ocrx_word' id='word_1_492' title='bbox 3671 3232 3763 3278; x_wconf 82' lang='grc' dir='ltr'>τότε</span> <span class='ocrx_word' id='word_1_493' title='bbox 3783 3229 3848 3279; x_wconf 70' lang='grc' dir='ltr'>τὶν</span> 
     </span>
    </p>
   </div>
   <div class='ocr_carea' id='block_1_65' title="bbox 549 3312 2137 3390">
    <p class='ocr_par' dir='ltr' id='par_1_65' title="bbox 549 3315 2137 3390">
     <span class='ocr_line' id='line_1_65' title="bbox 549 3315 2137 3390; baseline -0.004 -14"><span class='ocrx_word' id='word_1_494' title='bbox 549 3318 822 3390; x_wconf 86' lang='lat' dir='ltr'>perhibes</span> <span class='ocrx_word' id='word_1_495' title='bbox 854 3320 875 3354; x_wconf 78' lang='grc'>⁸</span> <span class='ocrx_word' id='word_1_496' title='bbox 901 3316 929 3372; x_wconf 82' lang='lat'><strong>?</strong></span> <span class='ocrx_word' id='word_1_497' title='bbox 959 3316 1108 3384; x_wconf 89' lang='lat' dir='ltr'>Quia</span> <span class='ocrx_word' id='word_1_498' title='bbox 1136 3321 1278 3371; x_wconf 87' lang='lat' dir='ltr'>tunc</span> <span class='ocrx_word' id='word_1_499' title='bbox 1333 3315 1788 3388; x_wconf 89' lang='lat' dir='ltr'>responsionem</span> <span class='ocrx_word' id='word_1_500' title='bbox 1833 3329 2137 3386; x_wconf 85' lang='lat' dir='ltr'>acceperai</span> 
     </span>
    </p>
   </div>
   <div class='ocr_carea' id='block_1_66' title="bbox 2259 3312 3847 3390">
    <p class='ocr_par' dir='ltr' id='par_1_66' title="bbox 2319 3312 3847 3389">
     <span class='ocr_line' id='line_1_66' title="bbox 2319 3312 3847 3389; baseline 0.001 -24"><span class='ocrx_word' id='word_1_501' title='bbox 2319 3312 2596 3386; x_wconf 84' lang='grc' dir='ltr'>ἀπόκρισιν</span> <span class='ocrx_word' id='word_1_502' title='bbox 2645 3314 2824 3367; x_wconf 80' lang='grc' dir='ltr'>ἔλαϐον</span> <span class='ocrx_word' id='word_1_503' title='bbox 2882 3314 3337 3389; x_wconf 77' lang='grc' dir='ltr'>ἓπιστομίζουσαν</span> <span class='ocrx_word' id='word_1_504' title='bbox 3391 3317 3572 3378; x_wconf 68' lang='grc' dir='ltr'>αὐτοὺς</span> <span class='ocrx_word' id='word_1_505' title='bbox 3606 3321 3684 3368; x_wconf 80' lang='grc' dir='ltr'>καὶ</span> <span class='ocrx_word' id='word_1_506' title='bbox 3715 3316 3769 3376; x_wconf 85' lang='grc' dir='ltr'>εἰς</span> <span class='ocrx_word' id='word_1_507' title='bbox 3811 3319 3847 3363; x_wconf 70' lang='grc' dir='ltr'>τό</span> 
     </span>
    </p>
   </div>
   <div class='ocr_carea' id='block_1_67' title="bbox 555 3402 2456 3481">
    <p class='ocr_par' dir='ltr' id='par_1_67' title="bbox 555 3402 2456 3481">
     <span class='ocr_line' id='line_1_67' title="bbox 555 3402 2456 3481; baseline -0.003 -17"><span class='ocrx_word' id='word_1_508' title='bbox 555 3423 691 3481; x_wconf 63' lang='lat' dir='ltr'>qua:</span> <span class='ocrx_word' id='word_1_509' title='bbox 721 3410 986 3481; x_wconf 86' lang='lat' dir='ltr'>ipsorum</span> <span class='ocrx_word' id='word_1_510' title='bbox 1009 3421 1115 3462; x_wconf 87' lang='lat' dir='ltr'>ora</span> <span class='ocrx_word' id='word_1_511' title='bbox 1145 3405 1326 3462; x_wconf 86' lang='lat' dir='ltr'>etiam</span> <span class='ocrx_word' id='word_1_512' title='bbox 1356 3403 1635 3475; x_wconf 90' lang='lat' dir='ltr'>deinceps</span> <span class='ocrx_word' id='word_1_513' title='bbox 1661 3402 1986 3459; x_wconf 90' lang='lat' dir='ltr'>obturaret.</span> <span class='ocrx_word' id='word_1_514' title='bbox 2319 3403 2405 3465; x_wconf 82' lang='grc' dir='ltr'>ἐξῆ</span> <span class='ocrx_word' id='word_1_515' title='bbox 2420 3425 2456 3465; x_wconf 85' lang='grc' dir='ltr'>ς.</span> 
     </span>
    </p>
   </div>
   <div class='ocr_carea' id='block_1_68' title="bbox 628 3491 2216 3568">
    <p class='ocr_par' dir='ltr' id='par_1_68' title="bbox 628 3491 2204 3562">
     <span class='ocr_line' id='line_1_68' title="bbox 628 3491 2204 3562; baseline -0.002 -11"><span class='ocrx_word' id='word_1_516' title='bbox 628 3500 787 3554; x_wconf 90' lang='lat' dir='ltr'>Vers.</span> <span class='ocrx_word' id='word_1_517' title='bbox 824 3497 907 3552; x_wconf 78' lang='grc'>14.</span> <span class='ocrx_word' id='word_1_518' title='bbox 958 3497 1036 3551; x_wconf 84' lang='grc' dir='ltr'>Ει</span> <span class='ocrx_word' id='word_1_519' title='bbox 1064 3526 1134 3535; x_wconf 92' lang='grc'><strong><em>-</em></strong></span> <span class='ocrx_word' id='word_1_520' title='bbox 1185 3509 1363 3550; x_wconf 88' lang='lat' dir='ltr'>meas.</span> <span class='ocrx_word' id='word_1_521' title='bbox 1426 3496 1530 3548; x_wconf 88' lang='lat' dir='ltr'>Per</span> <span class='ocrx_word' id='word_1_522' title='bbox 1575 3491 2030 3562; x_wconf 63' lang='lat' dir='ltr'>prescientiam,</span> <span class='ocrx_word' id='word_1_523' title='bbox 2077 3498 2204 3549; x_wconf 89' lang='lat' dir='ltr'>tan-</span> 
     </span>
    </p>
   </div>
   <div class='ocr_carea' id='block_1_69' title="bbox 2257 3491 3845 3568">
    <p class='ocr_par' dir='ltr' id='par_1_69' title="bbox 2391 3491 3845 3568">
     <span class='ocr_line' id='line_1_69' title="bbox 2391 3491 3845 3568; baseline -0.001 -24"><span class='ocrx_word' id='word_1_524' title='bbox 2391 3497 2489 3545; x_wconf 80' lang='grc' dir='ltr'>Καὶ</span> <span class='ocrx_word' id='word_1_525' title='bbox 2517 3523 2578 3533; x_wconf 89' lang='lat'>—-</span> <span class='ocrx_word' id='word_1_526' title='bbox 2609 3491 2726 3564; x_wconf 81' lang='grc' dir='ltr'>ἐμὰ.</span> <span class='ocrx_word' id='word_1_527' title='bbox 2762 3495 2908 3546; x_wconf 76' lang='grc' dir='ltr'>Κατά</span> <span class='ocrx_word' id='word_1_528' title='bbox 2949 3499 3266 3568; x_wconf 72' lang='grc' dir='ltr'>πρόγνωσιν,</span> <span class='ocrx_word' id='word_1_529' title='bbox 3313 3499 3386 3559; x_wconf 81' lang='grc' dir='ltr'>ὡς</span> <span class='ocrx_word' id='word_1_530' title='bbox 3439 3499 3582 3557; x_wconf 83' lang='grc' dir='ltr'>Θεὸς.</span> <span class='ocrx_word' id='word_1_531' title='bbox 3633 3499 3745 3551; x_wconf 64' lang='grc' dir='ltr'>Φησὶ</span> <span class='ocrx_word' id='word_1_532' title='bbox 3774 3497 3845 3562; x_wconf 68' lang='grc' dir='ltr'>γὰρ</span> 
     </span>
    </p>
   </div>
   <div class='ocr_carea' id='block_1_70' title="bbox 551 3581 2139 3659">
    <p class='ocr_par' dir='ltr' id='par_1_70' title="bbox 551 3581 2134 3659">
     <span class='ocr_line' id='line_1_70' title="bbox 551 3581 2134 3659; baseline -0.003 -18"><span class='ocrx_word' id='word_1_533' title='bbox 551 3601 736 3659; x_wconf 91' lang='lat' dir='ltr'>quam</span> <span class='ocrx_word' id='word_1_534' title='bbox 769 3586 947 3641; x_wconf 90' lang='lat' dir='ltr'>Deus.</span> <span class='ocrx_word' id='word_1_535' title='bbox 988 3585 1078 3639; x_wconf 81' lang='lat' dir='ltr'>Ait</span> <span class='ocrx_word' id='word_1_536' title='bbox 1109 3584 1266 3638; x_wconf 90' lang='lat' dir='ltr'>enim</span> <span class='ocrx_word' id='word_1_537' title='bbox 1297 3584 1478 3637; x_wconf 84' lang='lat' dir='ltr'>Moses</span> <span class='ocrx_word' id='word_1_538' title='bbox 1513 3603 1525 3636; x_wconf 90' lang='lat'><strong>:</strong></span> <span class='ocrx_word' id='word_1_539' title='bbox 1556 3581 1736 3638; x_wconf 88' lang='lat' dir='ltr'>Novit</span> <span class='ocrx_word' id='word_1_540' title='bbox 1769 3583 2065 3647; x_wconf 80' lang='lat' dir='ltr'>Dominus,</span> <span class='ocrx_word' id='word_1_541' title='bbox 2100 3599 2134 3653; x_wconf 90' lang='lat' dir='ltr'>q</span> 
     </span>
    </p>
   </div>
   <div class='ocr_carea' id='block_1_71' title="bbox 2256 3581 3844 3659">
    <p class='ocr_par' dir='ltr' id='par_1_71' title="bbox 2314 3581 3844 3656">
     <span class='ocr_line' id='line_1_71' title="bbox 2314 3581 3844 3656; baseline -0.003 -21"><span class='ocrx_word' id='word_1_542' title='bbox 2314 3589 2547 3642; x_wconf 76' lang='grc' dir='ltr'>Μωυσῆς</span> <span class='ocrx_word' id='word_1_543' title='bbox 2580 3600 2592 3612; x_wconf 90' lang='grc'>·</span> <span class='ocrx_word' id='word_1_544' title='bbox 2627 3581 2796 3653; x_wconf 76' lang='grc' dir='ltr'>Ἔγνω</span> <span class='ocrx_word' id='word_1_545' title='bbox 2823 3585 3010 3656; x_wconf 78' lang='grc' dir='ltr'>Κύριος</span> <span class='ocrx_word' id='word_1_546' title='bbox 3036 3588 3157 3645; x_wconf 84' lang='grc' dir='ltr'>τοὺς</span> <span class='ocrx_word' id='word_1_547' title='bbox 3179 3588 3334 3647; x_wconf 82' lang='grc' dir='ltr'>ὄντας</span> <span class='ocrx_word' id='word_1_548' title='bbox 3363 3586 3523 3637; x_wconf 68' lang='grc' dir='ltr'>αὐτοῦ</span> <span class='ocrx_word' id='word_1_549' title='bbox 3550 3599 3563 3613; x_wconf 88' lang='lat'><strong>&#39;</strong></span> <span class='ocrx_word' id='word_1_550' title='bbox 3595 3587 3673 3634; x_wconf 74' lang='lat' dir='ltr'>xui</span> <span class='ocrx_word' id='word_1_551' title='bbox 3697 3584 3718 3633; x_wconf 82' lang='grc' dir='ltr'><strong><em>ὁ</em></strong></span> <span class='ocrx_word' id='word_1_552' title='bbox 3745 3587 3844 3633; x_wconf 66' lang='lat' dir='ltr'>[lai-</span> 
     </span>
    </p>
   </div>
   <div class='ocr_carea' id='block_1_72' title="bbox 547 3670 2135 3744">
    <p class='ocr_par' dir='ltr' id='par_1_72' title="bbox 547 3671 2135 3744">
     <span class='ocr_line' id='line_1_72' title="bbox 547 3671 2135 3744; baseline -0.001 -15"><span class='ocrx_word' id='word_1_553' title='bbox 547 3675 665 3730; x_wconf 84' lang='lat' dir='ltr'>sint</span> <span class='ocrx_word' id='word_1_554' title='bbox 696 3676 822 3744; x_wconf 88' lang='lat' dir='ltr'>ejus</span> <span class='ocrx_word' id='word_1_555' title='bbox 851 3675 870 3708; x_wconf 78' lang='lat'><strong>9</strong></span> <span class='ocrx_word' id='word_1_556' title='bbox 907 3688 920 3728; x_wconf 88' lang='lat'><strong>:</strong></span> <span class='ocrx_word' id='word_1_557' title='bbox 948 3677 1004 3728; x_wconf 91' lang='lat' dir='ltr'>et</span> <span class='ocrx_word' id='word_1_558' title='bbox 1056 3672 1277 3728; x_wconf 88' lang='lat' dir='ltr'>Paulus</span> <span class='ocrx_word' id='word_1_559' title='bbox 1309 3686 1328 3727; x_wconf 90' lang='lat'><strong><em>:</em></strong></span> <span class='ocrx_word' id='word_1_560' title='bbox 1356 3672 1492 3727; x_wconf 92' lang='lat' dir='ltr'>Non</span> <span class='ocrx_word' id='word_1_561' title='bbox 1520 3672 1738 3741; x_wconf 87' lang='lat' dir='ltr'>repulit</span> <span class='ocrx_word' id='word_1_562' title='bbox 1770 3671 2056 3727; x_wconf 88' lang='lat' dir='ltr'>Dominus</span> <span class='ocrx_word' id='word_1_563' title='bbox 2099 3687 2135 3741; x_wconf 85' lang='lat' dir='ltr'>p</span> 
     </span>
    </p>
   </div>
   <div class='ocr_carea' id='block_1_73' title="bbox 2259 3670 3847 3744">
    <p class='ocr_par' dir='ltr' id='par_1_73' title="bbox 2311 3670 3847 3743">
     <span class='ocr_line' id='line_1_73' title="bbox 2311 3670 3847 3743; baseline -0.003 -20"><span class='ocrx_word' id='word_1_564' title='bbox 2311 3671 2396 3732; x_wconf 89' lang='grc' dir='ltr'>λος</span> <span class='ocrx_word' id='word_1_565' title='bbox 2440 3715 2450 3727; x_wconf 95' lang='grc'><strong><em>.</em></strong></span> <span class='ocrx_word' id='word_1_566' title='bbox 2496 3671 2607 3723; x_wconf 71' lang='grc' dir='ltr'>Οὐκ</span> <span class='ocrx_word' id='word_1_567' title='bbox 2640 3670 2886 3724; x_wconf 78' lang='grc' dir='ltr'>ἀπώσατο</span> <span class='ocrx_word' id='word_1_568' title='bbox 2915 3673 2940 3724; x_wconf 86' lang='grc' dir='ltr'><strong><em>ὁ</em></strong></span> <span class='ocrx_word' id='word_1_569' title='bbox 2998 3676 3124 3733; x_wconf 87' lang='grc' dir='ltr'>Θεὸς</span> <span class='ocrx_word' id='word_1_570' title='bbox 3161 3675 3248 3725; x_wconf 81' lang='grc' dir='ltr'>τὸν</span> <span class='ocrx_word' id='word_1_571' title='bbox 3299 3673 3426 3726; x_wconf 84' lang='grc' dir='ltr'>λαὸν</span> <span class='ocrx_word' id='word_1_572' title='bbox 3473 3673 3643 3736; x_wconf 73' lang='grc' dir='ltr'>αὐτοῦ,</span> <span class='ocrx_word' id='word_1_573' title='bbox 3679 3671 3724 3723; x_wconf 81' lang='grc' dir='ltr'>ὃν</span> <span class='ocrx_word' id='word_1_574' title='bbox 3758 3688 3847 3743; x_wconf 49' lang='grc' dir='ltr'>προ.</span> 
     </span>
    </p>
   </div>
   <div class='ocr_carea' id='block_1_74' title="bbox 541 3761 2457 3836">
    <p class='ocr_par' dir='ltr' id='par_1_74' title="bbox 541 3761 2457 3836">
     <span class='ocr_line' id='line_1_74' title="bbox 541 3761 2457 3836; baseline -0.002 -18"><span class='ocrx_word' id='word_1_575' title='bbox 541 3765 755 3836; x_wconf 84' lang='lat' dir='ltr'>pulum</span> <span class='ocrx_word' id='word_1_576' title='bbox 776 3779 968 3832; x_wconf 88' lang='lat' dir='ltr'>suum,</span> <span class='ocrx_word' id='word_1_577' title='bbox 996 3776 1166 3834; x_wconf 88' lang='lat' dir='ltr'>quem</span> <span class='ocrx_word' id='word_1_578' title='bbox 1185 3762 1484 3831; x_wconf 73' lang='lat' dir='ltr'>praesciuit</span> <span class='ocrx_word' id='word_1_579' title='bbox 1523 3761 1592 3816; x_wconf 62' lang='lat'>1°.</span> <span class='ocrx_word' id='word_1_580' title='bbox 2309 3765 2457 3832; x_wconf 69' lang='grc' dir='ltr'>ἔγνω.</span> 
     </span>
    </p>
   </div>
   <div class='ocr_carea' id='block_1_75' title="bbox 615 3849 2203 3924">
    <p class='ocr_par' dir='ltr' id='par_1_75' title="bbox 615 3849 2197 3920">
     <span class='ocr_line' id='line_1_75' title="bbox 615 3849 2197 3920; baseline -0.002 -11"><span class='ocrx_word' id='word_1_581' title='bbox 615 3854 776 3909; x_wconf 91' lang='lat' dir='ltr'>Vers.</span> <span class='ocrx_word' id='word_1_582' title='bbox 833 3855 918 3908; x_wconf 81' lang='grc'><strong>14.</strong></span> <span class='ocrx_word' id='word_1_583' title='bbox 972 3852 1050 3907; x_wconf 83' lang='grc' dir='ltr'>Ει</span> <span class='ocrx_word' id='word_1_584' title='bbox 1106 3883 1173 3892; x_wconf 86' lang='grc'><strong>-</strong></span> <span class='ocrx_word' id='word_1_585' title='bbox 1223 3851 1388 3907; x_wconf 90' lang='lat' dir='ltr'>meis.</span> <span class='ocrx_word' id='word_1_586' title='bbox 1446 3849 1554 3905; x_wconf 87' lang='lat' dir='ltr'>Per</span> <span class='ocrx_word' id='word_1_587' title='bbox 1601 3849 2026 3920; x_wconf 81' lang='lat' dir='ltr'>cognitionem,</span> <span class='ocrx_word' id='word_1_588' title='bbox 2076 3855 2197 3906; x_wconf 89' lang='lat' dir='ltr'>tan-</span> 
     </span>
    </p>
   </div>
   <div class='ocr_carea' id='block_1_76' title="bbox 2258 3849 3846 3924">
    <p class='ocr_par' dir='ltr' id='par_1_76' title="bbox 2383 3849 3846 3924">
     <span class='ocr_line' id='line_1_76' title="bbox 2383 3849 3846 3924; baseline -0.001 -21"><span class='ocrx_word' id='word_1_589' title='bbox 2383 3855 2483 3903; x_wconf 81' lang='grc' dir='ltr'>Καὶ</span> <span class='ocrx_word' id='word_1_590' title='bbox 2514 3881 2582 3891; x_wconf 93' lang='lat'>-—</span> <span class='ocrx_word' id='word_1_591' title='bbox 2613 3849 2764 3923; x_wconf 73' lang='grc' dir='ltr'>ἐμῶν.</span> <span class='ocrx_word' id='word_1_592' title='bbox 2811 3851 2937 3904; x_wconf 78' lang='grc' dir='ltr'>Κατ’</span> <span class='ocrx_word' id='word_1_593' title='bbox 2999 3850 3301 3924; x_wconf 75' lang='grc' dir='ltr'>ἐπίγνωσιν,</span> <span class='ocrx_word' id='word_1_594' title='bbox 3367 3857 3438 3916; x_wconf 83' lang='grc' dir='ltr'>ὡς</span> <span class='ocrx_word' id='word_1_595' title='bbox 3497 3862 3713 3908; x_wconf 80' lang='grc' dir='ltr'>συνετῶν.</span> <span class='ocrx_word' id='word_1_596' title='bbox 3739 3851 3846 3904; x_wconf 74' lang='grc' dir='ltr'>Ἐπέ-</span> 
     </span>
    </p>
   </div>
   <div class='ocr_carea' id='block_1_77' title="bbox 544 3939 2132 4018">
    <p class='ocr_par' dir='ltr' id='par_1_77' title="bbox 544 3941 2132 4018">
     <span class='ocr_line' id='line_1_77' title="bbox 544 3941 2132 4018; baseline -0.003 -19"><span class='ocrx_word' id='word_1_597' title='bbox 544 3959 729 4018; x_wconf 90' lang='lat' dir='ltr'>quam</span> <span class='ocrx_word' id='word_1_598' title='bbox 755 3942 832 3999; x_wconf 91' lang='lat' dir='ltr'>ab</span> <span class='ocrx_word' id='word_1_599' title='bbox 859 3941 1334 4012; x_wconf 85' lang='lat' dir='ltr'>intelligentibus.</span> <span class='ocrx_word' id='word_1_600' title='bbox 1390 3942 1535 3996; x_wconf 87' lang='lat' dir='ltr'>Nam</span> <span class='ocrx_word' id='word_1_601' title='bbox 1569 3955 1698 3996; x_wconf 90' lang='lat' dir='ltr'>eum</span> <span class='ocrx_word' id='word_1_602' title='bbox 1730 3945 2132 4010; x_wconf 83' lang='lat' dir='ltr'>cognoverunt</span> 
     </span>
    </p>
   </div>
   <div class='ocr_carea' id='block_1_78' title="bbox 2257 3939 3845 4018">
    <p class='ocr_par' dir='ltr' id='par_1_78' title="bbox 2307 3939 3845 4018">
     <span class='ocr_line' id='line_1_78' title="bbox 2307 3939 3845 4018; baseline 0.003 -38"><span class='ocrx_word' id='word_1_603' title='bbox 2307 3959 2514 4011; x_wconf 60' lang='grc' dir='ltr'>ογνωσαν</span> <span class='ocrx_word' id='word_1_604' title='bbox 2543 3941 2645 4012; x_wconf 81' lang='grc' dir='ltr'>γὰρ</span> <span class='ocrx_word' id='word_1_605' title='bbox 2705 3940 2860 3992; x_wconf 65' lang='grc' dir='ltr'>αὐτόν</span> <span class='ocrx_word' id='word_1_606' title='bbox 2893 3939 2992 3992; x_wconf 71' lang='grc' dir='ltr'>ἀπό</span> <span class='ocrx_word' id='word_1_607' title='bbox 3041 3960 3094 3992; x_wconf 85' lang='grc' dir='ltr'>τε</span> <span class='ocrx_word' id='word_1_608' title='bbox 3156 3951 3251 4002; x_wconf 79' lang='grc' dir='ltr'>τῆς</span> <span class='ocrx_word' id='word_1_609' title='bbox 3319 3950 3609 4018; x_wconf 84' lang='grc' dir='ltr'>μαρτυρίας</span> <span class='ocrx_word' id='word_1_610' title='bbox 3667 3941 3845 3994; x_wconf 68' lang='grc' dir='ltr'>Ἰωάνννυ</span> 
     </span>
    </p>
   </div>
   <div class='ocr_carea' id='block_1_79' title="bbox 546 4027 2134 4108">
    <p class='ocr_par' dir='ltr' id='par_1_79' title="bbox 546 4028 2128 4102">
     <span class='ocr_line' id='line_1_79' title="bbox 546 4028 2128 4102; baseline -0.006 -10"><span class='ocrx_word' id='word_1_611' title='bbox 546 4032 883 4092; x_wconf 84' lang='lat' dir='ltr'>testimonio</span> <span class='ocrx_word' id='word_1_612' title='bbox 911 4031 1176 4098; x_wconf 86' lang='lat' dir='ltr'>Joannis,</span> <span class='ocrx_word' id='word_1_613' title='bbox 1210 4029 1289 4086; x_wconf 86' lang='lat' dir='ltr'>ab</span> <span class='ocrx_word' id='word_1_614' title='bbox 1336 4028 1616 4102; x_wconf 84' lang='lat' dir='ltr'>operibus</span> <span class='ocrx_word' id='word_1_615' title='bbox 1646 4028 1854 4100; x_wconf 90' lang='lat' dir='ltr'>ipsius,</span> <span class='ocrx_word' id='word_1_616' title='bbox 1889 4033 1944 4083; x_wconf 90' lang='lat' dir='ltr'>et</span> <span class='ocrx_word' id='word_1_617' title='bbox 1975 4044 2012 4085; x_wconf 90' lang='lat' dir='ltr'>a</span> <span class='ocrx_word' id='word_1_618' title='bbox 2041 4033 2128 4084; x_wconf 90' lang='lat' dir='ltr'>tes</span> 
     </span>
    </p>
   </div>
   <div class='ocr_carea' id='block_1_80' title="bbox 2259 4027 3847 4108">
    <p class='ocr_par' dir='ltr' id='par_1_80' title="bbox 2309 4029 3847 4108">
     <span class='ocr_line' id='line_1_80' title="bbox 2309 4029 3847 4108; baseline 0 -28"><span class='ocrx_word' id='word_1_619' title='bbox 2309 4033 2395 4080; x_wconf 80' lang='grc' dir='ltr'>καὶ</span> <span class='ocrx_word' id='word_1_620' title='bbox 2453 4036 2552 4080; x_wconf 85' lang='grc' dir='ltr'>τῶν</span> <span class='ocrx_word' id='word_1_621' title='bbox 2617 4031 2775 4101; x_wconf 79' lang='grc' dir='ltr'>ἔργων</span> <span class='ocrx_word' id='word_1_622' title='bbox 2838 4029 2997 4080; x_wconf 74' lang='grc' dir='ltr'>αὐτοῦ</span> <span class='ocrx_word' id='word_1_623' title='bbox 3036 4033 3261 4092; x_wconf 75' lang='grc' dir='ltr'>καὶτῆς</span> <span class='ocrx_word' id='word_1_624' title='bbox 3322 4040 3419 4084; x_wconf 82' lang='grc' dir='ltr'>τοῦ</span> <span class='ocrx_word' id='word_1_625' title='bbox 3466 4036 3656 4108; x_wconf 81' lang='grc' dir='ltr'>Πατρός</span> <span class='ocrx_word' id='word_1_626' title='bbox 3697 4045 3847 4101; x_wconf 52' lang='lat' dir='ltr'>uapu-</span> 
     </span>
    </p>
   </div>
   <div class='ocr_carea' id='block_1_81' title="bbox 541 4115 2129 4196">
    <p class='ocr_par' dir='ltr' id='par_1_81' title="bbox 541 4116 2129 4192">
     <span class='ocr_line' id='line_1_81' title="bbox 541 4116 2129 4192; baseline -0.005 -12"><span class='ocrx_word' id='word_1_627' title='bbox 541 4121 969 4184; x_wconf 87' lang='lat' dir='ltr'>monioPatris,</span> <span class='ocrx_word' id='word_1_628' title='bbox 1001 4121 1075 4176; x_wconf 90' lang='lat' dir='ltr'>de</span> <span class='ocrx_word' id='word_1_629' title='bbox 1101 4119 1316 4192; x_wconf 89' lang='lat' dir='ltr'>quibus</span> <span class='ocrx_word' id='word_1_630' title='bbox 1346 4118 1602 4191; x_wconf 87' lang='lat' dir='ltr'>septimo</span> <span class='ocrx_word' id='word_1_631' title='bbox 1631 4116 1818 4189; x_wconf 88' lang='lat' dir='ltr'>capite</span> <span class='ocrx_word' id='word_1_632' title='bbox 1845 4117 2129 4189; x_wconf 70' lang='lat' dir='ltr'>praedictu</span> 
     </span>
    </p>
   </div>
   <div class='ocr_carea' id='block_1_82' title="bbox 2254 4115 3842 4196">
    <p class='ocr_par' dir='ltr' id='par_1_82' title="bbox 2309 4115 3842 4196">
     <span class='ocr_line' id='line_1_82' title="bbox 2309 4115 3842 4196; baseline 0.005 -28"><span class='ocrx_word' id='word_1_633' title='bbox 2309 4122 2444 4190; x_wconf 83' lang='grc' dir='ltr'>ρίας,</span> <span class='ocrx_word' id='word_1_634' title='bbox 2506 4122 2622 4192; x_wconf 85' lang='grc' dir='ltr'>περὶ</span> <span class='ocrx_word' id='word_1_635' title='bbox 2680 4118 2747 4168; x_wconf 85' lang='grc' dir='ltr'>ὧν</span> <span class='ocrx_word' id='word_1_636' title='bbox 2806 4117 2853 4170; x_wconf 84' lang='grc' dir='ltr'>ἐν</span> <span class='ocrx_word' id='word_1_637' title='bbox 2884 4126 2952 4189; x_wconf 80' lang='grc' dir='ltr'>τῷ</span> <span class='ocrx_word' id='word_1_638' title='bbox 3010 4115 3215 4191; x_wconf 76' lang='grc' dir='ltr'>ἑϐδόμῳ</span> <span class='ocrx_word' id='word_1_639' title='bbox 3269 4122 3534 4194; x_wconf 69' lang='grc' dir='ltr'>κεφαλαίῳ</span> <span class='ocrx_word' id='word_1_640' title='bbox 3583 4126 3842 4196; x_wconf 45' lang='lat' dir='ltr'>nauticum.</span> 
     </span>
    </p>
   </div>
   <div class='ocr_carea' id='block_1_83' title="bbox 545 4264 2133 4406">
    <p class='ocr_par' dir='ltr' id='par_1_83' title="bbox 545 4270 2133 4406">
     <span class='ocr_line' id='line_1_83' title="bbox 615 4270 2133 4344; baseline -0.008 -10"><span class='ocrx_word' id='word_1_641' title='bbox 615 4275 822 4334; x_wconf 88' lang='lat' dir='ltr'>Ezech.</span> <span class='ocrx_word' id='word_1_642' title='bbox 851 4290 1043 4344; x_wconf 79' lang='lat' dir='ltr'>xxxxv,</span> <span class='ocrx_word' id='word_1_643' title='bbox 1075 4276 1128 4330; x_wconf 82' lang='lat'>2.</span> <span class='ocrx_word' id='word_1_644' title='bbox 1206 4274 1227 4308; x_wconf 77' lang='grc'>⁸</span> <span class='ocrx_word' id='word_1_645' title='bbox 1259 4273 1426 4328; x_wconf 92' lang='lat' dir='ltr'>Rom.</span> <span class='ocrx_word' id='word_1_646' title='bbox 1480 4286 1540 4338; x_wconf 69' lang='grc' dir='ltr'>ν,</span> <span class='ocrx_word' id='word_1_647' title='bbox 1584 4271 1672 4327; x_wconf 88' lang='grc'>10.</span> <span class='ocrx_word' id='word_1_648' title='bbox 1749 4270 1767 4304; x_wconf 78' lang='grc'>⁷</span> <span class='ocrx_word' id='word_1_649' title='bbox 1803 4270 1972 4324; x_wconf 92' lang='lat' dir='ltr'>Rom.</span> <span class='ocrx_word' id='word_1_650' title='bbox 2025 4285 2133 4334; x_wconf 78' lang='lat' dir='ltr'>vni,</span> 
     </span>
     <span class='ocr_line' id='line_1_84' title="bbox 545 4350 980 4406; baseline -0.018 1"><span class='ocrx_word' id='word_1_651' title='bbox 545 4350 592 4386; x_wconf 81' lang='grc'>¹⁰</span> <span class='ocrx_word' id='word_1_652' title='bbox 619 4352 788 4406; x_wconf 87' lang='lat' dir='ltr'>Rom.</span> <span class='ocrx_word' id='word_1_653' title='bbox 817 4365 894 4406; x_wconf 81' lang='lat' dir='ltr'>XI.</span> <span class='ocrx_word' id='word_1_654' title='bbox 927 4350 980 4402; x_wconf 87' lang='lat'>2.</span> 
     </span>
    </p>
   </div>
   <div class='ocr_carea' id='block_1_84' title="bbox 2255 4264 3843 4406">
    <p class='ocr_par' dir='ltr' id='par_1_84' title="bbox 2255 4264 3843 4341">
     <span class='ocr_line' id='line_1_85' title="bbox 2255 4264 3843 4341; baseline -0.004 -20"><span class='ocrx_word' id='word_1_655' title='bbox 2255 4307 2261 4321; x_wconf 90' lang='lat'>.</span> <span class='ocrx_word' id='word_1_656' title='bbox 2340 4268 2557 4324; x_wconf 66' lang='lat' dir='ltr'>8Joau.</span> <span class='ocrx_word' id='word_1_657' title='bbox 2590 4284 2704 4334; x_wconf 77' lang='lat' dir='ltr'>Vili,</span> <span class='ocrx_word' id='word_1_658' title='bbox 2766 4272 2848 4324; x_wconf 84' lang='lat' dir='ltr'>l3.</span> <span class='ocrx_word' id='word_1_659' title='bbox 2928 4270 2948 4303; x_wconf 86' lang='grc'><strong><em>⁹</em></strong></span> <span class='ocrx_word' id='word_1_660' title='bbox 2995 4270 3172 4326; x_wconf 85' lang='lat' dir='ltr'>Num.</span> <span class='ocrx_word' id='word_1_661' title='bbox 3201 4286 3318 4341; x_wconf 82' lang='lat' dir='ltr'>xvi,</span> <span class='ocrx_word' id='word_1_662' title='bbox 3363 4277 3394 4327; x_wconf 91' lang='lat'><strong>5</strong></span> <span class='ocrx_word' id='word_1_663' title='bbox 3445 4272 3542 4339; x_wconf 90' lang='lat' dir='ltr'>;Il</span> <span class='ocrx_word' id='word_1_664' title='bbox 3572 4272 3699 4329; x_wconf 87' lang='lat' dir='ltr'>Tim.</span> <span class='ocrx_word' id='word_1_665' title='bbox 3722 4287 3766 4332; x_wconf 86' lang='lat' dir='ltr'>ii,</span> <span class='ocrx_word' id='word_1_666' title='bbox 3787 4264 3843 4319; x_wconf 81' lang='grc'>19.</span> 
     </span>
    </p>
   </div>
   <div class='ocr_carea' id='block_1_85' title="bbox 667 4365 980 4416">
    <p class='ocr_par' dir='ltr' id='par_1_85' title="bbox 667 4365 980 4416">
     <span class='ocr_line' id='line_1_86' title="bbox 667 4365 980 4416; baseline -0.019 -10"><span class='ocrx_word' id='word_1_667' title='bbox 667 4366 788 4406; x_wconf 90' lang='lat' dir='ltr'>om.</span> <span class='ocrx_word' id='word_1_668' title='bbox 817 4365 894 4416; x_wconf 80' lang='grc' dir='ltr'>χι,</span> <span class='ocrx_word' id='word_1_669' title='bbox 927 4365 980 4402; x_wconf 85' lang='lat' dir='ltr'>z.</span> 
     </span>
    </p>
   </div>
   <div class='ocr_carea' id='block_1_86' title="bbox 1761 4491 2662 4562">
    <p class='ocr_par' dir='ltr' id='par_1_86' title="bbox 1761 4491 2662 4562">
     <span class='ocr_line' id='line_1_87' title="bbox 1761 4491 2662 4562; baseline -0.002 0"><span class='ocrx_word' id='word_1_670' title='bbox 1761 4492 1978 4562; x_wconf 78' lang='lat' dir='ltr'>Variae</span> <span class='ocrx_word' id='word_1_671' title='bbox 2004 4491 2334 4561; x_wconf 88' lang='lat' dir='ltr'>lectiones</span> <span class='ocrx_word' id='word_1_672' title='bbox 2367 4502 2432 4561; x_wconf 89' lang='lat' dir='ltr'>et</span> <span class='ocrx_word' id='word_1_673' title='bbox 2463 4502 2662 4562; x_wconf 65' lang='lat' dir='ltr'>notae.</span> 
     </span>
    </p>
   </div>
   <div class='ocr_carea' id='block_1_87' title="bbox 614 4685 3833 4770">
    <p class='ocr_par' dir='ltr' id='par_1_87' title="bbox 614 4685 3833 4770">
     <span class='ocr_line' id='line_1_88' title="bbox 614 4685 3833 4770; baseline -0.004 -18"><span class='ocrx_word' id='word_1_674' title='bbox 614 4696 725 4770; x_wconf 79' lang='lat'>(13)</span> <span class='ocrx_word' id='word_1_675' title='bbox 752 4693 947 4752; x_wconf 82' lang='lat' dir='ltr'>Redde</span> <span class='ocrx_word' id='word_1_676' title='bbox 979 4715 991 4756; x_wconf 92' lang='lat'>:</span> <span class='ocrx_word' id='word_1_677' title='bbox 1026 4696 1116 4770; x_wconf 80' lang='lat' dir='ltr'>his</span> <span class='ocrx_word' id='word_1_678' title='bbox 1147 4690 1688 4770; x_wconf 80' lang='lat' dir='ltr'>sermonibus_ergo</span> <span class='ocrx_word' id='word_1_679' title='bbox 1732 4688 1807 4770; x_wconf 76' lang='lat' dir='ltr'>ab</span> <span class='ocrx_word' id='word_1_680' title='bbox 1835 4690 2102 4770; x_wconf 76' lang='lat' dir='ltr'>utrisque</span> <span class='ocrx_word' id='word_1_681' title='bbox 2139 4704 2197 4746; x_wconf 89' lang='lat' dir='ltr'>se</span> <span class='ocrx_word' id='word_1_682' title='bbox 2230 4688 2276 4742; x_wconf 92' lang='lat' dir='ltr'><strong>D</strong></span> <span class='ocrx_word' id='word_1_683' title='bbox 2310 4688 2496 4770; x_wconf 71' lang='lat' dir='ltr'>multa</span> <span class='ocrx_word' id='word_1_684' title='bbox 2522 4690 2974 4770; x_wconf 71' lang='lat' dir='ltr'>Qhrysostomus</span> <span class='ocrx_word' id='word_1_685' title='bbox 2996 4705 3131 4770; x_wconf 86' lang='lat' dir='ltr'>cum</span> <span class='ocrx_word' id='word_1_686' title='bbox 3155 4690 3624 4770; x_wconf 81' lang='lat' dir='ltr'>Ori_g_ene,multa</span> <span class='ocrx_word' id='word_1_687' title='bbox 3647 4685 3833 4770; x_wconf 60' lang='lat' dir='ltr'>Cyl-illus</span> 
     </span>
    </p>
   </div>
   <div class='ocr_carea' id='block_1_88' title="bbox 539 4761 3832 4840">
    <p class='ocr_par' dir='ltr' id='par_1_88' title="bbox 539 4761 3832 4840">
     <span class='ocr_line' id='line_1_89' title="bbox 539 4761 3832 4840; baseline -0.006 -12"><span class='ocrx_word' id='word_1_688' title='bbox 539 4761 856 4840; x_wconf 78' lang='lat' dir='ltr'>separavit.</span> <span class='ocrx_word' id='word_1_689' title='bbox 901 4767 1126 4831; x_wconf 84' lang='lat' dir='ltr'>Nescio,</span> <span class='ocrx_word' id='word_1_690' title='bbox 1175 4769 1317 4839; x_wconf 91' lang='lat' dir='ltr'>quid</span> <span class='ocrx_word' id='word_1_691' title='bbox 1341 4766 1477 4840; x_wconf 83' lang='lat' dir='ltr'>loco</span> <span class='ocrx_word' id='word_1_692' title='bbox 1510 4761 1756 4840; x_wconf 65' lang='grc' dir='ltr'>διεστῃσε</span> <span class='ocrx_word' id='word_1_693' title='bbox 1790 4761 2198 4840; x_wconf 61' lang='grc' dir='ltr'>Ιθεζειιὶιὶυῐθτο</span> <span class='ocrx_word' id='word_1_694' title='bbox 2308 4761 3306 4840; x_wconf 46' lang='lat' dir='ltr'>cumOrigeneetChrzsostomodd</span> <span class='ocrx_word' id='word_1_695' title='bbox 3330 4764 3516 4840; x_wconf 79' lang='lat' dir='ltr'>etiam</span> <span class='ocrx_word' id='word_1_696' title='bbox 3540 4761 3832 4819; x_wconf 82' lang='lat' dir='ltr'>manifestum</span> 
     </span>
    </p>
   </div>
   <div class='ocr_carea' id='block_1_89' title="bbox 540 4833 3832 4915">
    <p class='ocr_par' dir='ltr' id='par_1_89' title="bbox 540 4833 3832 4915">
     <span class='ocr_line' id='line_1_90' title="bbox 540 4833 3832 4915; baseline -0.003 -19"><span class='ocrx_word' id='word_1_697' title='bbox 540 4833 699 4915; x_wconf 65' lang='lat' dir='ltr'>pres.</span> <span class='ocrx_word' id='word_1_698' title='bbox 741 4842 906 4915; x_wconf 70' lang='lat' dir='ltr'>lj‘orte</span> <span class='ocrx_word' id='word_1_699' title='bbox 954 4833 1271 4913; x_wconf 64' lang='lat' dir='ltr'>napharn&#39;cs.</span> <span class='ocrx_word' id='word_1_700' title='bbox 1331 4836 1441 4894; x_wconf 90' lang='lat' dir='ltr'>Sed</span> <span class='ocrx_word' id='word_1_701' title='bbox 1486 4851 1594 4891; x_wconf 91' lang='lat' dir='ltr'>nec</span> <span class='ocrx_word' id='word_1_702' title='bbox 1668 4835 1782 4890; x_wconf 91' lang='lat' dir='ltr'>hoc</span> <span class='ocrx_word' id='word_1_703' title='bbox 1832 4833 2196 4890; x_wconf 86' lang='lat' dir='ltr'>constructio</span> <span class='ocrx_word' id='word_1_704' title='bbox 2308 4833 2369 4887; x_wconf 80' lang='lat' dir='ltr'>ﬁt</span> <span class='ocrx_word' id='word_1_705' title='bbox 2399 4849 2469 4915; x_wconf 56' lang='lat' dir='ltr'>es</span> <span class='ocrx_word' id='word_1_706' title='bbox 2509 4833 2817 4915; x_wconf 81' lang='lat' dir='ltr'>codicibus</span> <span class='ocrx_word' id='word_1_707' title='bbox 2837 4833 3430 4915; x_wconf 51' lang='lat' dir='ltr'>N.&#39;l:estamenti,_qui</span> <span class='ocrx_word' id='word_1_708' title='bbox 3457 4843 3832 4915; x_wconf 61' lang='lat' dir='ltr'>catenas,_c_ont-</span> 
     </span>
    </p>
   </div>
   <div class='ocr_carea' id='block_1_90' title="bbox 539 4901 3833 4978">
    <p class='ocr_par' dir='ltr' id='par_1_90' title="bbox 539 4901 3833 4978">
     <span class='ocr_line' id='line_1_91' title="bbox 539 4901 3833 4978; baseline -0.005 -9"><span class='ocrx_word' id='word_1_709' title='bbox 539 4901 816 4970; x_wconf 65' lang='lat' dir='ltr'>admittit.</span> <span class='ocrx_word' id='word_1_710' title='bbox 1029 4901 1039 4913; x_wconf 88' lang='grc'><em>’</em></span> <span class='ocrx_word' id='word_1_711' title='bbox 2308 4905 2655 4978; x_wconf 86' lang='lat' dir='ltr'>mentarios,</span> <span class='ocrx_word' id='word_1_712' title='bbox 2679 4910 2730 4961; x_wconf 86' lang='lat' dir='ltr'>et</span> <span class='ocrx_word' id='word_1_713' title='bbox 2770 4904 3000 4978; x_wconf 85' lang='lat' dir='ltr'>scholia</span> <span class='ocrx_word' id='word_1_714' title='bbox 3029 4905 3268 4978; x_wconf 79' lang='lat' dir='ltr'>habent.</span> <span class='ocrx_word' id='word_1_715' title='bbox 3293 4901 3363 4959; x_wconf 80' lang='lat' dir='ltr'>lii</span> <span class='ocrx_word' id='word_1_716' title='bbox 3387 4903 3715 4978; x_wconf 73' lang='lat' dir='ltr'>hujusinodi</span> <span class='ocrx_word' id='word_1_717' title='bbox 3734 4901 3833 4978; x_wconf 51' lang='lat' dir='ltr'>locis</span> 
     </span>
    </p>
   </div>
   <div class='ocr_carea' id='block_1_91' title="bbox 611 4969 3830 5054">
    <p class='ocr_par' dir='ltr' id='par_1_91' title="bbox 611 4969 3830 5054">
     <span class='ocr_line' id='line_1_92' title="bbox 611 4969 3830 5054; baseline -0.004 -17"><span class='ocrx_word' id='word_1_718' title='bbox 611 4984 724 5054; x_wconf 82' lang='grc'>(14)</span> <span class='ocrx_word' id='word_1_719' title='bbox 749 4981 984 5054; x_wconf 34' lang='grc' dir='ltr'>Αἰὼνιο-ν,</span> <span class='ocrx_word' id='word_1_720' title='bbox 1016 4979 1181 5035; x_wconf 88' lang='lat' dir='ltr'>addit</span> <span class='ocrx_word' id='word_1_721' title='bbox 1204 4982 1270 5035; x_wconf 82' lang='grc' dir='ltr'>Α.</span> <span class='ocrx_word' id='word_1_722' title='bbox 1734 5052 1747 5054; x_wconf 90' lang='lat'><em>_</em></span> <span class='ocrx_word' id='word_1_723' title='bbox 1895 5050 1921 5054; x_wconf 87' lang='lat'><em>_</em></span> <span class='ocrx_word' id='word_1_724' title='bbox 2307 4977 2588 5054; x_wconf 56' lang='lat' dir='ltr'>standum</span> <span class='ocrx_word' id='word_1_725' title='bbox 2612 4977 2912 5054; x_wconf 67' lang='lat' dir='ltr'>esteritico</span> <span class='ocrx_word' id='word_1_726' title='bbox 2925 4975 3271 5054; x_wconf 70' lang='lat' dir='ltr'>prudentiet</span> <span class='ocrx_word' id='word_1_727' title='bbox 3289 4969 3510 5033; x_wconf 75' lang='lat' dir='ltr'>sedulo</span> <span class='ocrx_word' id='word_1_728' title='bbox 3531 4969 3830 5052; x_wconf 68' lang='lat' dir='ltr'>codicibus-N-</span> 
     </span>
    </p>
   </div>
   <div class='ocr_carea' id='block_1_92' title="bbox 610 5044 3834 5126">
    <p class='ocr_par' dir='ltr' id='par_1_92' title="bbox 610 5044 3834 5126">
     <span class='ocr_line' id='line_1_93' title="bbox 610 5044 3834 5126; baseline -0.004 -17"><span class='ocrx_word' id='word_1_729' title='bbox 610 5044 723 5126; x_wconf 72' lang='grc' dir='ltr'>(ιδ)</span> <span class='ocrx_word' id='word_1_730' title='bbox 786 5057 860 5107; x_wconf 81' lang='lat' dir='ltr'>Ex</span> <span class='ocrx_word' id='word_1_731' title='bbox 877 5044 1234 5126; x_wconf 79' lang='lat' dir='ltr'>_Chry_sost._</span> <span class='ocrx_word' id='word_1_732' title='bbox 1279 5056 1416 5126; x_wconf 86' lang='lat' dir='ltr'>tom.</span> <span class='ocrx_word' id='word_1_733' title='bbox 1442 5050 1602 5126; x_wconf 65' lang='lat' dir='ltr'><strong>VII[,_</strong></span> <span class='ocrx_word' id='word_1_734' title='bbox 1637 5065 1696 5120; x_wconf 91' lang='lat' dir='ltr'>p.</span> <span class='ocrx_word' id='word_1_735' title='bbox 1729 5049 1850 5126; x_wconf 62' lang='lat'>352,</span> <span class='ocrx_word' id='word_1_736' title='bbox 1885 5050 1944 5113; x_wconf 88' lang='lat' dir='ltr'>C,</span> <span class='ocrx_word' id='word_1_737' title='bbox 1969 5062 2102 5126; x_wconf 82' lang='lat' dir='ltr'>non</span> <span class='ocrx_word' id='word_1_738' title='bbox 2126 5061 2196 5101; x_wconf 80' lang='lat' dir='ltr'>ex</span> <span class='ocrx_word' id='word_1_739' title='bbox 2307 5046 2827 5126; x_wconf 78' lang='lat' dir='ltr'>Testa_menti._Qui</span> <span class='ocrx_word' id='word_1_740' title='bbox 2859 5044 3016 5126; x_wconf 81' lang='lat' dir='ltr'>enim</span> <span class='ocrx_word' id='word_1_741' title='bbox 3045 5047 3240 5126; x_wconf 68' lang='lat' dir='ltr'>Patres</span> <span class='ocrx_word' id='word_1_742' title='bbox 3292 5055 3554 5126; x_wconf 54' lang='lat' dir='ltr'>propter</span> <span class='ocrx_word' id='word_1_743' title='bbox 3594 5044 3834 5126; x_wconf 47' lang='lat' dir='ltr'>Opinione}:</span> 
     </span>
    </p>
   </div>
   <div class='ocr_carea' id='block_1_93' title="bbox 539 5116 3833 5190">
    <p class='ocr_par' dir='ltr' id='par_1_93' title="bbox 539 5116 3833 5190">
     <span class='ocr_line' id='line_1_94' title="bbox 539 5116 3833 5190; baseline -0.003 -9"><span class='ocrx_word' id='word_1_744' title='bbox 539 5116 715 5182; x_wconf 67' lang='lat' dir='ltr'>codd.</span> <span class='ocrx_word' id='word_1_745' title='bbox 747 5126 812 5180; x_wconf 89' lang='lat' dir='ltr'>N.</span> <span class='ocrx_word' id='word_1_746' title='bbox 874 5116 1194 5179; x_wconf 44' lang='lat' dir='ltr'>TestIhaec</span> <span class='ocrx_word' id='word_1_747' title='bbox 1226 5122 1512 5178; x_wconf 88' lang='lat' dir='ltr'>laudavit.</span> <span class='ocrx_word' id='word_1_748' title='bbox 1545 5116 1650 5176; x_wconf 57' lang='lat' dir='ltr'>Hic&#39;</span> <span class='ocrx_word' id='word_1_749' title='bbox 1671 5122 1828 5175; x_wconf 91' lang='lat' dir='ltr'>enim</span> <span class='ocrx_word' id='word_1_750' title='bbox 1863 5135 1992 5174; x_wconf 91' lang='lat' dir='ltr'>mos</span> <span class='ocrx_word' id='word_1_751' title='bbox 2023 5120 2198 5173; x_wconf 90' lang='lat' dir='ltr'>inter-</span> <span class='ocrx_word' id='word_1_752' title='bbox 2307 5118 2836 5190; x_wconf 77' lang='lat' dir='ltr'>suasdogmaticas</span> <span class='ocrx_word' id='word_1_753' title='bbox 2854 5124 3061 5190; x_wconf 83' lang='lat' dir='ltr'>contra</span> <span class='ocrx_word' id='word_1_754' title='bbox 3084 5116 3320 5190; x_wconf 79' lang='lat' dir='ltr'>codices</span> <span class='ocrx_word' id='word_1_755' title='bbox 3353 5116 3562 5174; x_wconf 72' lang='grc' dir='ltr'>Νζτεεῐ</span> <span class='ocrx_word' id='word_1_756' title='bbox 3591 5116 3833 5190; x_wconf 54' lang='lat' dir='ltr'>probant.“</span> 
     </span>
    </p>
   </div>
   <div class='ocr_carea' id='block_1_94' title="bbox 541 5185 3834 5270">
    <p class='ocr_par' dir='ltr' id='par_1_94' title="bbox 541 5185 3834 5270">
     <span class='ocr_line' id='line_1_95' title="bbox 541 5185 3834 5270; baseline -0.005 -16"><span class='ocrx_word' id='word_1_757' title='bbox 541 5196 1154 5270; x_wconf 57' lang='lat' dir='ltr'>pretumGraicorum,</span> <span class='ocrx_word' id='word_1_758' title='bbox 1177 5201 1239 5249; x_wconf 90' lang='lat' dir='ltr'>ut</span> <span class='ocrx_word' id='word_1_759' title='bbox 1266 5210 1386 5270; x_wconf 87' lang='lat' dir='ltr'>no_n_</span> <span class='ocrx_word' id='word_1_760' title='bbox 1409 5192 1601 5270; x_wconf 82' lang='lat' dir='ltr'>solum</span> <span class='ocrx_word' id='word_1_761' title='bbox 1625 5192 1995 5263; x_wconf 89' lang='lat' dir='ltr'>superiorum</span> <span class='ocrx_word' id='word_1_762' title='bbox 2018 5192 2200 5245; x_wconf 89' lang='lat' dir='ltr'>inter-</span> <span class='ocrx_word' id='word_1_763' title='bbox 2307 5189 2434 5244; x_wconf 89' lang='lat' dir='ltr'>sine</span> <span class='ocrx_word' id='word_1_764' title='bbox 2463 5185 2780 5270; x_wconf 43' lang='lat' dir='ltr'>ullo‘dubio</span> <span class='ocrx_word' id='word_1_765' title='bbox 2811 5196 2862 5270; x_wconf 88' lang='lat' dir='ltr'>et</span> <span class='ocrx_word' id='word_1_766' title='bbox 2873 5189 3062 5270; x_wconf 58' lang='lat' dir='ltr'>ﬁdem</span> <span class='ocrx_word' id='word_1_767' title='bbox 3077 5189 3337 5245; x_wconf 84' lang='lat' dir='ltr'>criticam</span> <span class='ocrx_word' id='word_1_768' title='bbox 3365 5185 3834 5270; x_wconf 52' lang='lat' dir='ltr'>etﬁdem_ChrisUtf</span> 
     </span>
    </p>
   </div>
   <div class='ocr_carea' id='block_1_95' title="bbox 540 5253 3833 5342">
    <p class='ocr_par' dir='ltr' id='par_1_95' title="bbox 540 5253 3833 5342">
     <span class='ocr_line' id='line_1_96' title="bbox 540 5253 3833 5342; baseline -0.005 -15"><span class='ocrx_word' id='word_1_769' title='bbox 540 5253 773 5342; x_wconf 63' lang='lat' dir='ltr'>prelum</span> <span class='ocrx_word' id='word_1_770' title='bbox 787 5253 1230 5342; x_wconf 79' lang='lat' dir='ltr'>explicationes,</span> <span class='ocrx_word' id='word_1_771' title='bbox 1256 5265 1504 5320; x_wconf 88' lang='lat' dir='ltr'>sedloca</span> <span class='ocrx_word' id='word_1_772' title='bbox 1529 5253 1873 5342; x_wconf 59' lang='lat' dir='ltr'>Litterarum</span> <span class='ocrx_word' id='word_1_773' title='bbox 1892 5277 2194 5342; x_wconf 78' lang='lat' dir='ltr'>sacrarum</span> <span class='ocrx_word' id='word_1_774' title='bbox 2306 5277 2439 5342; x_wconf 84' lang='lat' dir='ltr'>nam</span> <span class='ocrx_word' id='word_1_775' title='bbox 2457 5260 3162 5342; x_wconf 73' lang='lat' dir='ltr'>prodiderunt.Perﬁdum</span> <span class='ocrx_word' id='word_1_776' title='bbox 3179 5277 3316 5342; x_wconf 76' lang='lat' dir='ltr'>vero</span> <span class='ocrx_word' id='word_1_777' title='bbox 3341 5253 3833 5342; x_wconf 51' lang='lat' dir='ltr'>etiametabsurdufn</span> 
     </span>
    </p>
   </div>
   <div class='ocr_carea' id='block_1_96' title="bbox 539 5328 3829 5408">
    <p class='ocr_par' dir='ltr' id='par_1_96' title="bbox 539 5328 3829 5408">
     <span class='ocr_line' id='line_1_97' title="bbox 539 5328 3829 5408; baseline -0.006 -10"><span class='ocrx_word' id='word_1_778' title='bbox 539 5328 716 5399; x_wconf 71' lang='lat' dir='ltr'>étiam</span> <span class='ocrx_word' id='word_1_779' title='bbox 748 5328 879 5406; x_wconf 65' lang='lat' dir='ltr'>ita,&#39;</span> <span class='ocrx_word' id='word_1_780' title='bbox 903 5346 963 5394; x_wconf 92' lang='lat' dir='ltr'>ut</span> <span class='ocrx_word' id='word_1_781' title='bbox 1008 5328 1362 5408; x_wconf 85' lang='lat' dir='ltr'>superiores,</span> <span class='ocrx_word' id='word_1_782' title='bbox 1421 5341 1711 5408; x_wconf 88' lang='lat' dir='ltr'>repetant.</span> <span class='ocrx_word' id='word_1_783' title='bbox 1743 5336 1892 5403; x_wconf 83' lang='lat' dir='ltr'>Ergo</span> <span class='ocrx_word' id='word_1_784' title='bbox 1918 5332 2107 5408; x_wconf 76' lang='lat' dir='ltr'>multa</span> <span class='ocrx_word' id='word_1_785' title='bbox 2127 5335 2199 5388; x_wconf 87' lang='lat' dir='ltr'>si-</span> <span class='ocrx_word' id='word_1_786' title='bbox 2305 5328 3477 5406; x_wconf 56' lang='lat' dir='ltr'>est,u&#39;niejusmoditestimonioplurium</span> <span class='ocrx_word' id='word_1_787' title='bbox 3491 5334 3608 5389; x_wconf 85' lang='lat' dir='ltr'>vim</span> <span class='ocrx_word' id='word_1_788' title='bbox 3622 5328 3829 5387; x_wconf 65' lang='lat' dir='ltr'>tribuam.</span> 
     </span>
    </p>
   </div>
   <div class='ocr_carea' id='block_1_97' title="bbox 538 5405 2195 5479">
    <p class='ocr_par' dir='ltr' id='par_1_97' title="bbox 538 5405 2195 5479">
     <span class='ocr_line' id='line_1_98' title="bbox 538 5405 2195 5479; baseline -0.008 -6"><span class='ocrx_word' id='word_1_789' title='bbox 538 5415 705 5473; x_wconf 89' lang='lat' dir='ltr'>milia</span> <span class='ocrx_word' id='word_1_790' title='bbox 729 5405 906 5470; x_wconf 80' lang='lat' dir='ltr'>habet</span> <span class='ocrx_word' id='word_1_791' title='bbox 946 5405 1227 5479; x_wconf 79' lang='lat' dir='ltr'>Origenes</span> <span class='ocrx_word' id='word_1_792' title='bbox 1267 5423 1404 5463; x_wconf 90' lang='lat' dir='ltr'>cum</span> <span class='ocrx_word' id='word_1_793' title='bbox 1438 5405 1731 5462; x_wconf 85' lang='lat' dir='ltr'>Clemente</span> <span class='ocrx_word' id='word_1_794' title='bbox 1778 5405 2195 5473; x_wconf 84' lang='lat' dir='ltr'>Alexandrino,</span> 
     </span>
    </p>
   </div>
   <div class='ocr_carea' id='block_1_98' title="bbox 602 5556 2190 5706">
    <p class='ocr_par' dir='ltr' id='par_1_98' title="bbox 602 5565 2190 5706">
     <span class='ocr_line' id='line_1_99' title="bbox 602 5565 2190 5650; baseline -0.006 -18"><span class='ocrx_word' id='word_1_795' title='bbox 602 5576 684 5650; x_wconf 81' lang='grc' dir='ltr'>(ιι)</span> <span class='ocrx_word' id='word_1_796' title='bbox 713 5573 1046 5631; x_wconf 80' lang='lat' dir='ltr'>Contritam</span> <span class='ocrx_word' id='word_1_797' title='bbox 1078 5567 1434 5642; x_wconf 87' lang='lat' dir='ltr'>alligabant.</span> <span class='ocrx_word' id='word_1_798' title='bbox 1481 5567 1701 5624; x_wconf 81' lang='lat' dir='ltr'>Laesam</span> <span class='ocrx_word' id='word_1_799' title='bbox 1733 5565 2045 5624; x_wconf 87' lang='lat' dir='ltr'>curabant.</span> <span class='ocrx_word' id='word_1_800' title='bbox 2100 5567 2190 5623; x_wconf 85' lang='lat' dir='ltr'>Na</span> 
     </span>
     <span class='ocr_line' id='line_1_100' title="bbox 602 5646 1046 5706; baseline -0.009 0"><span class='ocrx_word' id='word_1_801' title='bbox 602 5646 795 5706; x_wconf 77' lang='lat' dir='ltr'>embra</span> <span class='ocrx_word' id='word_1_802' title='bbox 821 5659 1046 5706; x_wconf 75' lang='lat' dir='ltr'>pressa.</span> 
     </span>
    </p>
   </div>
   <div class='ocr_carea' id='block_1_99' title="bbox 2230 5556 3818 5706">
    <p class='ocr_par' dir='ltr' id='par_1_99' title="bbox 2230 5556 3818 5644">
     <span class='ocr_line' id='line_1_101' title="bbox 2230 5556 3818 5644; baseline 0.01 -28"><span class='ocrx_word' id='word_1_803' title='bbox 2230 5580 2248 5621; x_wconf 82' lang='grc' dir='ltr'>ι</span> <span class='ocrx_word' id='word_1_804' title='bbox 2308 5563 2595 5644; x_wconf 77' lang='grc' dir='ltr'>συντρίϐειν</span> <span class='ocrx_word' id='word_1_805' title='bbox 2648 5568 2735 5621; x_wconf 89' lang='lat' dir='ltr'>est</span> <span class='ocrx_word' id='word_1_806' title='bbox 2751 5579 3021 5638; x_wconf 83' lang='lat' dir='ltr'>premere</span> <span class='ocrx_word' id='word_1_807' title='bbox 3065 5559 3326 5640; x_wconf 78' lang='grc' dir='ltr'>ςδεσμεῖν</span> <span class='ocrx_word' id='word_1_808' title='bbox 3384 5579 3529 5624; x_wconf 88' lang='lat' dir='ltr'>vero</span> <span class='ocrx_word' id='word_1_809' title='bbox 3565 5566 3648 5623; x_wconf 72' lang='grc' dir='ltr'>Θεί</span> <span class='ocrx_word' id='word_1_810' title='bbox 3693 5556 3818 5631; x_wconf 50' lang='grc' dir='ltr'>λίθων</span> 
     </span>
    </p>
   </div>
   <div class='ocr_carea' id='block_1_100' title="bbox 527 5659 2938 5734">
    <p class='ocr_par' dir='ltr' id='par_1_100' title="bbox 527 5659 2938 5734">
     <span class='ocr_line' id='line_1_102' title="bbox 527 5659 2938 5734; baseline -0.011 -21"><span class='ocrx_word' id='word_1_811' title='bbox 527 5659 795 5734; x_wconf 70' lang='lat' dir='ltr'>[nemora</span> <span class='ocrx_word' id='word_1_812' title='bbox 816 5659 1046 5723; x_wconf 86' lang='lat' dir='ltr'>pressa.</span> <span class='ocrx_word' id='word_1_813' title='bbox 2935 5678 2938 5686; x_wconf 92' lang='lat'>.</span> 
     </span>
    </p>
   </div>
  </div>
