4022 6232
214 276 372 339 .1329
896 328 903 337 .
1261 276 1632 336 COMMENT.
1674 276 1744 334 IN
1778 276 1802 335 J

2008 277 2127 336 EM.
2168 307 2239 321 -
2277 277 2434 336 CAP.
2474 275 2544 333 x.
3457 276 3596 365 4330

230 404 482 460 Διικνύων
533 399 593 458 δί
650 407 745 463 τήν
797 403 979 457 ἑαυτοῦ
1033 410 1228 476 γνῶσιν
1277 399 1661 479 διαφορωτέραν
1712 402 1818 456 πολι

2008 407 2047 460 ι.
2082 402 2409 461 Ostendens
2456 408 2650 461 autem
2706 403 3111 476 cognitionem
3152 421 3326 462 suam
3363 404 3444 463 ab
3468 406 3594 464 illo-

229 494 302 566 λῷ
342 501 432 556 τῆς
470 495 694 564 ἐκείνων,
727 496 916 547 ’ίσωσιν
960 493 1121 552 αὐτὴν
1165 500 1228 566 τῇ
1266 498 1359 545 τοῦ
1397 495 1601 568 Πατρός
1649 492 1817 564 λέγων·

2007 508 2075 549 .m
2114 492 2450 563 cognitione
2473 493 2650 566 longe
2680 492 3074 563 differentem,
3115 511 3288 553 suam
3328 497 3595 569 aequavit

1939 582 2263 651 cognitioni
2291 583 2476 638 Patris
2513 582 2721 639 dicens
2746 600 2760 637 :

306 673 491 734 Καθὼς
539 701 611 712 —
660 674 886 745 Πατέρα,
938 677 1134 725 Γνῶσιν
1179 670 1315 744 λέγει
1344 675 1437 730 τὴν
1484 671 1617 724 κατὰ
1650 671 1825 744 φύσιν,

2013 671 2174 727 Vers.
2226 672 2314 727 15.
2358 672 2532 730 Sicut
2572 704 2641 713 —
2687 671 2947 731 Patrem.
2994 673 3407 743 Cognitionem
3450 674 3594 733 dicit

228 765 344 836 περὶ
393 761 454 822 ἧς
498 764 588 813 καὶ
643 759 691 813 ἓν
769 769 842 831 τῷ
912 760 1131 832 εἰκοστῷ
1162 790 1163 793 η
1196 760 1454 834 κεφαλαίῳ
1525 768 1616 813 τοῦ
1694 761 1816 812 κατό

2003 776 2092 825 .m,
2119 764 2257 833 quae
2276 761 2609 817 secundum
2638 767 3035 827 naturamest,
3066 762 3135 818 de
3161 779 3285 835 qua
3302 764 3483 821 etiam
3508 765 3591 820 vi-

227 852 496 905 Ματθαῖον
545 847 699 903 εἶπεν·
783 846 959 913 οὐδεὶς
1026 848 1357 921 ἐπιγινώσκει
1430 852 1515 902 τὸν
1592 852 1709 903 Υἰόν
1784 850 1815 902 ιι

2006 849 2160 905 simo
2182 849 2354 922 juxta
2373 850 2708 907 Mattheeum
2733 853 2921 923 capite
2939 851 3087 909 dixit
3115 869 3129 907 :
3160 853 3348 909 Nemo
3377 869 3591 923 cogno-

224 945 298 1012 μὴ
329 941 357 992 ό
388 943 589 1012 Πατὴρ·
623 936 747 993 οὖδὶ
783 943 873 993 τὸν
914 942 1120 1014 Πατέρα
1162 959 1236 1000 τις
1261 938 1595 1011 ἐπιγινώσκει
1620 938 1663 992 εἰ
1692 943 1762 1011 μὴ
1800 958 1812 989 ι

2001 938 2041 993 it
2079 939 2301 996 Filium
2320 940 2434 996 nisi
2462 942 2663 1006 Pater,
2687 956 2870 1013 neque
2898 944 3140 999 Patrem
3168 944 3482 1015 quisquam
3502 960 3589 1001 co-

222 1032 363 1091 Υἱός.

1931 1028 2181 1099 gnoscit,
2208 1029 2326 1085 nisi
2354 1028 2541 1086 Filius
2564 1030 2630 1083 ¹¹.

302 1123 403 1173 Καὶ
432 1150 502 1159 -
545 1117 836 1195 προϐάτων.
867 1124 973 1179 Τὴν
1002 1118 1187 1190 ψυχήν
1221 1138 1321 1191 μου
1366 1119 1572 1191 τίθημι,
1609 1117 1820 1191 ἀφίημι,

2005 1117 2173 1174 Vers.
2204 1122 2286 1173 t5.
2316 1119 2398 1173 Et
2428 1148 2493 1158 —
2519 1117 2745 1175 ovibus.
2782 1147 2849 1160 —
2880 1117 3157 1176 Animam
3189 1134 3376 1177 meam
3406 1136 3583 1191 pono,

224 1206 544 1268 ἀποθνήσκω
580 1208 707 1283 ὑπὲρ
745 1217 847 1261 τῶν
885 1208 1157 1283 προϐάτων
1207 1209 1276 1270 ὡς
1322 1207 1478 1260 ὄντων
1524 1204 1671 1260 ἰδίων
1699 1224 1812 1280 μου¹

2032 1206 2227 1279 inquo,
2258 1206 2477 1262 morior
2505 1222 2615 1278 pro
2640 1206 2877 1273 ovibus,
2912 1212 3113 1279 utpote
3139 1224 3248 1280 pro
3281 1209 3428 1265 meis
3459 1226 3470 1263 :
3501 1224 3589 1266 se-
3618 1258 3620 1271 ε

222 1298 251 1349 6
291 1293 353 1350 di
388 1295 576 1358 πλάνος
605 1297 698 1350 οὐκ
727 1298 788 1350 οἷν
817 1296 981 1351 ﬂauo
1028 1294 1300 1350 ἀποθανεῖν
1332 1297 1458 1371 ὑπὶρ
1500 1304 1598 1350 τῶν
1627 1295 1810 1349 πλανωι

1999 1298 2146 1353 ictor
2172 1312 2312 1352 vero
2342 1311 2728 1369 nequaquam
2756 1296 2903 1353 mori
2944 1297 3107 1368 eligit
3144 1313 3252 1371 pro
3290 1298 3405 1365 his,
3425 1298 3587 1372 quia

220 1390 388 1460 μένων
416 1387 542 1459 παρ’
569 1386 749 1443 αὐτοῦ.
970 1416 971 1419 π

970 1416 971 1419 η
1932 1399 1996 1440 se
2020 1383 2410 1441 seducuntur.

301 1479 404 1528 Καὶ
436 1478 741 1549 -ταύτης,
782 1482 886 1537 Τῆς
921 1482 1014 1528 τοῦ
1044 1481 1331 1529 Μωσαῑκοῠ
1360 1478 1540 1547 νόμου.
1575 1477 1729 1546 Λέγει
1766 1470 1825 1527 δὲ

2006 1472 2165 1529 Vers.
2214 1473 2295 1529 t6.
2324 1475 2401 1531 Et
2446 1504 2513 1516 —
2546 1475 2676 1532 hoc.
2709 1474 2858 1532 Ovili
2888 1475 3155 1533 Mosaicae
3192 1476 3379 1549 legis:
3444 1476 3589 1535 dicit

222 1568 346 1638 περὶ
369 1572 467 1617 τῶν
492 1562 545 1627 ἐξ
574 1562 746 1619 ἐθνῶν.

1932 1570 2130 1621 autem
2152 1565 2227 1620 de
2258 1564 2554 1635 gentibus.

300 1649 524 1705 Κάκεῖνά
570 1671 633 1725 μι
682 1648 763 1706 διί
809 1650 1040 1725 ἀγαγεῖν.
1092 1659 1403 1725 Συναγαγιῖν
1433 1653 1533 1705 ὑπὸ
1573 1657 1667 1711 τὴν
1697 1650 1823 1725 ἐμὴν

2005 1654 2171 1709 Vers.
2229 1658 2313 1709 16.
2374 1653 2519 1711 Illas
2559 1669 2792 1727 quoque
2844 1662 3072 1725 oportet
3130 1670 3222 1712 me
3271 1655 3583 1716 adducere.

220 1746 592 1814 ποιμαντικήν.

1860 1751 1901 1807 Β
1933 1740 2310 1815 Congregare
2339 1741 2454 1798 sub
2486 1758 2684 1799 meam
2705 1743 2989 1816 pascendi
3015 1745 3368 1801 doctrinam.

296 1835 400 1884 Καὶ
506 1861 572 1874 —-
672 1829 1008 1885 ἀκούσουσιν.
1110 1830 1519 1898 ’ὶ⁴πακούσουσι,
1603 1833 1823 1891 πεισθή-

2003 1831 2169 1888 Vers.
2210 1833 2291 1887 16.
2335 1831 2411 1888 Et
2433 1863 2503 1872 —
2530 1831 2798 1891 audient.
2839 1832 3148 1900 Obedient,
3182 1833 3505 1907 parebunt.

222 1939 428 1973 σονται.

296 2013 399 2062 Καὶ
432 2040 493 2049 -
521 2014 736 2082 ποίμνη.
778 2008 873 2062 Ἕκ
903 2028 956 2063 τι
981 2018 1081 2063 τῶν
1112 2005 1384 2064 Ἰουδαίων
1413 2014 1503 2064 καὶ
1528 2018 1627 2063 τῶν
1669 2009 1822 2065 ἐθνῶν

2004 2011 2164 2067 Vers.
2221 2011 2307 2066 16.
2356 2011 2437 2067 Et
2487 2041 2556 2051 —
2590 2025 2763 2082 grex.
2805 2013 2889 2068 Ex
2924 2010 3153 2069 Judaeis
3200 2017 3257 2069 et
3306 2011 3585 2083 gentibus

222 2099 568 2170 συναφθεῖσα.

1932 2104 2355 2172 congregatus.

292 2183 379 2249 Εἷς
416 2192 631 2261 ποιμήν.
661 2190 864 2242 Τούτων
889 2208 943 2242 τε
972 2187 1218 2242 κάκείνων
1249 2189 1275 2241 ὀ
1309 2192 1562 2263 Χριστός.

2002 2191 2164 2247 Vers.
2206 2190 2291 2246 16.
2330 2190 2493 2247 Unus
2527 2196 2758 2260 pastor.
2800 2190 3024 2246 Horum
3064 2195 3121 2247 et
3144 2189 3383 2249 illorum
3421 2190 3587 2249 Chri-

1931 2284 2079 2337 stus.

292 2369 389 2419 Διά
410 2372 562 2421 τοῦτο
602 2398 664 2407 -
697 2387 817 2440 μου.
844 2366 965 2420 Ὀτι
995 2366 1312 2427 ἀποθνήσκω
1339 2369 1466 2443 ὑπὲρ
1497 2376 1596 2420 τῶν
1628 2367 1821 2444 προϐά-

2005 2369 2166 2425 Vers.
2208 2372 2290 2424 17.
2337 2370 2655 2437 Propterea
2681 2400 2750 2408 —
2776 2383 2988 2425 meam.
3030 2369 3179 2433 Quia
3218 2368 3445 2425 morior
3474 2384 3584 2442 pro

214 2475 318 2507 των
348 2463 448 2507 τῶν
477 2456 631 2528 ἐμῶν,
661 2460 824 2509 εῖτουν
859 2465 954 2509 τῶν
985 2458 1164 2510 αὐτου·
1209 2459 1289 2510 ὃτι
1329 2458 1434 2529 εἰμί
1465 2457 1802 2531 φιλάνθρωποι

1997 2458 2145 2514 ribus
2159 2458 2327 2524 meis,
2350 2474 2488 2530 qum
2507 2458 2685 2514 etiam
2712 2458 2904 2529 ipsius
2926 2463 3084 2524 sunt,
3100 2458 3242 2531 quia
3273 2459 3585 2515 hominum

214 2548 282 2604 ως
311 2544 491 2607 αὑτός.
524 2545 865 2619 Οἰκονομικὸς
887 2549 978 2620 μὶν
1000 2542 1088 2599 οὖν
1112 2548 1138 2598 ό
1157 2546 1327 2619 λόγος·
1353 2545 1583 2620 ἐμφαίνει
1602 2543 1660 2600 δὲ
1682 2548 1802 2620 ὅμω‹

1996 2553 2164 2604 nator
2201 2563 2358 2613 sum,
2401 2545 2555 2602 sicut
2590 2552 2646 2603 et
2674 2547 2824 2619 ipse.
2860 2547 3348 2619 Dispensatorius
3383 2546 3584 2621 itaque

214 2638 274 2686 τὸ
310 2630 422 2686 ἴσον
447 2633 635 2707 ἀμφοῖν
646 2674 657 2687 .

1998 2652 2127 2692 rmo
2166 2639 2272 2701 est,
2314 2635 2420 2708 qui
2451 2634 2836 2691 nihilominus
2862 2633 3184 2692 amborum
3215 2634 3584 2693 demonstrat

1928 2723 2355 2796 aequalitatem.

286 2813 352 2862 Τί
406 2804 532 2875 οὖν;
574 2811 817 2881 πρότερον
876 2805 970 2859 οὐκ
1026 2808 1311 2879 ἠγαπᾶτο;
1367 2811 1508 2862 Πάνυ
1565 2812 1655 2881 μὲν
1707 2806 1815 2879 οὖν,

1999 2812 2147 2879 Quid
2162 2828 2303 2881 ergo
2317 2811 2344 2866 ‘I
2362 2811 2527 2884 prius
2541 2826 2662 2866 non
2676 2810 3076 2884 diligebatur?
3091 2811 3297 2882 Utique
3310 2811 3580 2876 omnino.

210 2896 322 2952 ἐπεὶ
361 2902 452 2950 καὶ
494 2897 633 2963 Υἱὸς,
694 2900 779 2947 καὶ
826 2894 1114 2968 ἀγαπητὸς,
1163 2902 1253 2949 καὶ
1308 2907 1466 2951 ποιῶν
1509 2901 1567 2951 τὸ
1623 2899 1798 2971 θέλημι

1989 2901 2071 2957 iia
2083 2901 2261 2957 Filius
2274 2900 2610 2965 etdilectus,
2628 2898 2971 2973 faciensque
2986 2899 3173 2956 Patris
3189 2900 3577 2957 voluntatem.

210 2996 305 3040 τοῦ
361 2991 581 3062 Πατρός.
634 2990 758 3060 Πιρὶ
810 2985 969 3038 αὐτοῦ
1019 2989 1118 3061 γὰρ
1169 2982 1302 3040 εἶπεν
1354 2988 1379 3040 ό
1414 2992 1609 3061 Πατήρ·
1654 2988 1788 3041 Οὗτὸ

1987 3006 2074 3046 am
2107 2990 2180 3045 de
2201 3006 2271 3045 eo
2284 2989 2607 3045 dixitPater
2630 3004 2642 3043 :
2670 2989 2784 3044 Dic
2809 2995 2893 3046 est
2916 2989 3110 3045 Filius
3135 3005 3296 3046 meus
3313 2989 3575 3057 dilectus,

210 3076 355 3129 ἐστιν
408 3078 434 3128 ό
497 3078 610 3136 Υἱός
666 3094 765 3147 μου
824 3076 849 3127 ὁ
926 3072 1211 3146 ἀγαπητὸς,
1297 3075 1345 3129 ἓν
1526 3074 1794 3136 εὐδόκησα

2001 3096 2117 3152 quo
2131 3079 2281 3137 mihi
2292 3081 2714 3148 complacitum
2732 3085 2817 3137 est
2830 3081 2908 3143 ¹²;
2926 3079 3026 3135 sed
3043 3079 3157 3135 hoc
3169 3086 3457 3152 tauquam
3476 3095 3578 3136 no-

208 3165 371 3218 ⁹Αλλὰ
436 3174 588 3218 τοῦτο
638 3167 728 3237 μὲν
782 3165 852 3226 ὡς
927 3169 1184 3238 γνώριμον
1252 3173 1470 3238 παρῆκε·
1553 3163 1787 3240 διαφόρω

1994 3185 2051 3224 m
2080 3169 2477 3240 prtetermisit,
2506 3184 2648 3224 nam
2672 3168 2852 3224 variis
2872 3168 2930 3224 in
2955 3168 3100 3224 locis
3126 3168 3200 3224 de
3222 3169 3335 3223 hoc
3356 3168 3575 3232 docuit,

204 3259 312 3329 γὰρ
376 3261 493 3329 περὶ
544 3257 732 3307 τούτου
785 3250 1023 3317 ἐδίδαξεν
1078 3252 1125 3305 ἐν
1181 3252 1353 3314 ἀλλοις
1405 3273 1459 3307 τι
1505 3260 1593 3306 καὶ
1638 3254 1690 3307 ἓν
1739 3256 1792 3309 οἵ

1993 3275 2050 3312 m
2064 3257 2210 3313 alibi
2228 3262 2345 3313 tum
2361 3258 2539 3313 etiam
2558 3256 2653 3313 ubi
2668 3257 2816 3314 dixit
2831 3274 2843 3313 :
2860 3258 3043 3315 Pater
3057 3257 3247 3327 diligit
3268 3258 3493 3314 Filium
3506 3259 3573 3310 ¹³.

204 3345 397 3416 ἔλεγεν,
439 3346 520 3397 ὅτι
563 3343 623 3396 '0
671 3348 850 3414 Πατὴρ
904 3342 1037 3415 φιλεῖ
1091 3346 1177 3394 τὸν
1226 3344 1343 3395 Υἰόν
1430 3347 1547 3416 περὶ
1606 3339 1664 3397 δὲ
1720 3353 1782 3404 τῆ

1990 3362 2089 3402 inc
2120 3362 2254 3402 vero
2293 3345 2362 3403 de
2401 3362 2473 3402 ea
2524 3346 2854 3402 dilectionis
2894 3361 3075 3403 causa
3102 3345 3387 3419 loquitur,
3414 3346 3578 3419 quod

205 3431 307 3488 διὰ
363 3437 449 3486 τὸν
504 3435 628 3507 ὑπὲρ
687 3440 784 3485 τῶν
834 3430 1114 3506 ἀνθρώπων
1167 3433 1384 3484 θάνατον
1434 3430 1639 3503 ἀγάπης
1683 3452 1792 3504 φησ

1169 3433 1384 3484 θάνατον
1434 3430 1639 3503 ἀγάπης
1683 3437 1814 3504 φησί
1921 3452 2031 3509 pro
2060 3435 2408 3493 hominibus
2454 3434 2757 3493 moriatur.

201 3531 318 3576 νῦν.
1868 3526 1879 3541 “

276 3612 391 3668 Ἱνα
448 3611 601 3665 πάλιν
664 3609 805 3663 λάϐω
866 3609 1049 3667 αὐτὴν.
1118 3609 1396 3664 Κάνταῦθα
1452 3614 1509 3663 τὸ
1571 3611 1655 3664 ἶνα
1718 3613 1812 3665 οὐκ

1993 3615 2274 3672 Vers.17.
2330 3616 2405 3673 Ut
2458 3614 2673 3671 iterum
2721 3630 2940 3671 sumam
2985 3628 3130 3671 eam.
3182 3614 3248 3669 In
3287 3614 3401 3671 hoc
3425 3629 3571 3688 quo-

202 3706 349 3755 ἔστιν
387 3700 754 3771 αἰτιολογικὸν,
800 3699 928 3752 ἀλλὰ
975 3695 1261 3759 δηλωτικὸν
1315 3708 1406 3752 τοῦ
1447 3701 1651 3762 πάντως
1690 3702 1790 3755 ἐσο·

1984 3719 2036 3759 ιθ
2059 3703 2188 3759 loco
2216 3704 2285 3761 Ut
2340 3720 2460 3760 non
2487 3709 2571 3759 est
2608 3701 2892 3771 causalis,
2920 3702 3024 3759 sed
3053 3701 3415 3759 declarativa
3444 3702 3572 3774 ejus

199 3796 381 3865 μένου.
436 3790 512 3844 Οὐ
569 3792 670 3862 γὰρ
720 3785 813 3841 διὰ
865 3796 1019 3842 τοῦτο
1071 3791 1281 3847 τίθησιν
1340 3791 1422 3841 ἵνα
1473 3788 1626 3841 πάλιν
1673 3790 1787 3864 λάϐι

1984 3792 2074 3848 [οι]
2100 3792 2350 3848 omnino
2371 3793 2638 3848 futurum
2661 3796 2766 3848 est.
2787 3794 2986 3866 Neque
3012 3791 3173 3848 enim
3196 3797 3439 3864 propter
3457 3790 3572 3849 hoc

197 3882 390 3939 αὐτὴν·
425 3878 553 3932 ἀλλὰ
581 3880 764 3936 τίθησι
802 3881 891 3950 μὶν
920 3879 1046 3951 ὑπὲρ
1076 3885 1165 3930 τοῦ
1193 3883 1415 3949 κόσμου,
1455 3876 1703 3949 λαμϐάνει
1749 3878 1783 3933 δ

1982 3884 2177 3950 ιιιὶωιί
2198 3883 2411 3938 iterum
2444 3885 2647 3937 sumat
2665 3881 2848 3945 illam,
2877 3883 2981 3937 sed
3001 3882 3166 3953 ponit
3185 3880 3430 3953 quidem
3462 3896 3570 3954 pro

196 3970 369 4029 αὐτὴν
398 3970 525 4043 Grip
555 3974 645 4020 τοῦ
675 3974 893 4039 φανῆναι
922 3968 999 4018 ὄτι
1022 3969 1152 4029 Θεὸς
1180 3965 1339 4020 ἐστιν.

1915 3970 2145 4025 mundo
2188 3986 2202 4035 ;
2231 3970 2653 4036 sumitautem,
2690 3975 2752 4024 ut
2781 3986 2843 4025 se
2877 3969 3061 4025 Deum
3095 3970 3457 4029 manifestet.

274 4055 471 4120 Οὐδεὶς
506 4089 554 4099 —
598 4056 744 4128 ἐμοῦ.
784 4054 1054 4120 Ἂκοντος,
1084 4056 1246 4127 ἦγουν
1285 4052 1461 4117 οὐδεὶς
1503 4074 1567 4128 με
1596 4056 1809 4108 θανατοῖ

1984 4060 2145 4112 Vers.
2202 4057 2283 4112 18.
2342 4059 2524 4114 Nemo
2577 4088 2646 4100 —
2697 4072 2807 4115 me.
2866 4059 3067 4127 Invito,
3103 4059 3217 4114 hoc
3246 4062 3356 4123 est,
3388 4073 3567 4114 nemo

192 4152 272 4223 μὴ
304 4144 636 4221 βουλόμενον.

1915 4162 2008 4201 me
2043 4145 2217 4200 morti
2251 4145 2423 4201 tradit
2461 4146 2781 4202 nolentem.

272 4236 409 4288 Ἀλλ’
440 4267 499 4276 -
542 4233 692 4308 ἐμοῦ,
730 4233 1032 4298 Ἑκουσίως,
1072 4236 1141 4297 ὡς
1170 4233 1546 4309 φιλάνθρωπος.
1594 4230 1803 4287 Ἐνδια-

1983 4235 2149 4292 Vers.
2180 4239 2260 4290 18.
2289 4235 2400 4290 Sed
2422 4265 2486 4275 -
2511 4235 2752 4304 meipso.
2779 4235 3111 4299 Ultroneus,
3141 4239 3431 4305 tanquam
3461 4234 3566 4291 ho-

191 4324 366 4399 τρίϐει
413 4320 472 4377 δὲ
515 4332 586 4394 τῷ
634 4322 790 4395 λόγῳ,
840 4319 1010 4381 δηλῶν
1042 4327 1128 4376 τόν
1178 4319 1273 4376 διὰ
1312 4331 1543 4398 σταυροῦ
1586 4325 1779 4376 θάνατσ

1976 4322 2142 4378 inum
2169 4328 2419 4378 amator.
2451 4323 2716 4380 Sermoni
2742 4329 2942 4379 autem
2976 4321 3352 4388 immoratur,
3387 4321 3564 4394 signi-

192 4414 361 4467 αὒτοὺ
389 4419 476 4466 καὶ
507 4419 598 4472 τὴν
630 4411 683 4465 ἐκ
713 4420 899 4487 νεκρῶν
927 4410 1236 4468 ἀνάστασιν.

1978 4428 2098 4468 :ans
2116 4421 2369 4467 mortem
2389 4428 2585 4481 suam,
2602 4428 2738 4484 quae
2770 4427 2873 4483 per
2894 4426 3132 4467 crucem
3153 4410 3353 4467 futura
3376 4416 3483 4481 est,
3510 4416 3566 4469 et

1908 4501 2399 4558 resurrectionem
2442 4518 2513 4558 ex
2541 4501 2816 4558 mortuis.
3322 4578 3325 4579 ν

271 4588 543 4652 Ἐξουσίαν
592 4620 655 4629 -
688 4587 869 4647 αὐτήν.
919 4587 1186 4651 Ἐξουσίαν
1217 4590 1326 4659 ἔχω
1355 4591 1420 4649 ὡς
1451 4590 1576 4649 Θεὸς
1618 4608 1797 4641 παντε-

1978 4589 2140 4646 Vers.
2175 4590 2243 4646 18
2317 4592 2759 4648 Potestatem-
2811 4604 3011 4647 meam.
3062 4590 3421 4646 Potestatem
3459 4589 3561 4647 ha-

187 4679 408 4742 ξούσιος
434 4682 523 4729 καὶ
553 4673 965 4746 παντοδύναμος.
1001 4680 1196 4730 Λοιπὸν
1229 4677 1316 4728 οὖν
1339 4678 1557 4749 μάταιος
1587 4678 1612 4729 6
1644 4682 1769 4730 πόνο

1976 4695 2020 4735 το
2046 4685 2333 4751 tanquam
2355 4680 2510 4736 Deus
2528 4679 2929 4750 omnipotens,
2948 4693 3314 4752 omnemque
3332 4677 3564 4734 habens

185 4776 306 4829 τοῖς
342 4765 785 4831 ἐπιϐουλεύουσιν,
837 4764 960 4838 ἐμοῦ
991 4770 1061 4838 μὴ
1100 4766 1345 4826 θελόντος,
1392 4766 1435 4818 εἰ
1464 4771 1551 4818 καὶ
1583 4767 1768 4841 ﬁat-apo

1975 4772 2203 4825 rtutem.
2230 4768 2397 4824 Vane
2417 4769 2597 4839 igitur
2626 4785 2695 4826 ac
2726 4770 2940 4823 frustra
2960 4767 3236 4825 laborant
3260 4766 3563 4825 insidiato-

181 4860 243 4909 οἵ
273 4854 518 4908 ἁσύνετοι
543 4851 878 4917 ὅνςιδίζοντςς
906 4854 1095 4927 ἔλεγον
1130 4853 1349 4917 Ἀλλους
1374 4856 1585 4923 ἔσωσεν,
1618 4855 1767 4909 ἑαυτὸ

1973 4876 2018 4923 s,
2049 4873 2141 4912 me
2173 4856 2408 4913 nolente
2430 4874 2442 4913 :
2466 4872 2820 4931 quanquam
2847 4856 3231 4929 postmodum
3254 4856 3561 4913 dementes

182 4946 251 5000 οὐ
285 4942 511 4997 δύναται
539 4953 729 4997 σῶσαι.

1973 4946 2317 5018 ηριεοὺιεειιιάο
2351 4945 2627 5003 dicebant
2667 4964 2680 5002 :
2714 4947 2869 5004 Alios
2914 4946 3102 5005 salvos
3126 4946 3290 5018 fecit,
3314 4946 3561 5018 seipsum

1906 5050 2025 5091 non
2054 5041 2241 5104 potest
2264 5038 2500 5094 salvum
2530 5036 2731 5102 facere
2752 5037 2821 5091 ιδ.

256 5124 471 5181 Ταύτην
502 5152 568 5163 —-
593 5141 715 5194 μου.
755 5124 825 5175 Τὸ
858 5124 1019 5175 θεῖναι
1048 5126 1143 5180 τὴν
1172 5121 1358 5193 ψυχήν
1391 5141 1492 5193 μου
1542 5123 1666 5196 ὑπὲρ
1698 5132 1796 5174 τῶν

1977 5126 2145 5198 Vers.
2184 5126 2272 5183 18.
2313 5127 2441 5182 Hoc
2469 5154 2538 5167 --
2584 5139 2731 5182 meo.
2762 5126 2831 5181 Ut
2858 5139 3086 5197 ponam
3126 5124 3391 5180 animam
3446 5138 3558 5197 pro

173 5212 487 5290 προϐάτων,
520 5216 577 5264 τὸ
608 5210 880 5265 ἀποθανεῖν
910 5213 1037 5285 υπὶρ
1087 5218 1178 5264 τοῦ
1224 5215 1448 5283 κόσμου.
1506 5213 1601 5263 Διά
1645 5217 1761 5263 τοῦ*

1970 5212 2139 5279 ribus,
2154 5219 2219 5269 ut
2242 5214 2463 5269 moriar
2476 5228 2583 5286 pro
2602 5213 2850 5270 mundo.
2869 5214 3023 5270 Nam
3042 5219 3361 5287 propterea
3392 5212 3558 5270 illum

170 5307 286 5378 γὰρ
332 5300 528 5355 ἀνεῖλον
583 5301 758 5366 αὐτόν,
812 5297 954 5354 διότι
1000 5297 1255 5354 ἇδίδασκε
1302 5304 1422 5362 τοὺς
1473 5298 1758 5375 ἀνθρώπους

1974 5301 2271 5368 :ciderunt,
2295 5304 2457 5375 quod
2482 5302 2764 5359 homines
2786 5303 3061 5371 docebat,
3094 5310 3152 5362 et
3182 5303 3312 5360 illos
3340 5318 3373 5359 ο
3405 5308 3562 5358 tene-

170 5398 275 5448 καὶ
325 5390 505 5462 ἐξῆγεν
534 5391 719 5452 αὐτοὺς
762 5388 862 5445 ἀπὸ
894 5394 1110 5451 σκότους
1145 5389 1216 5452 εἰς
1256 5396 1375 5461 φῶς,
1405 5388 1506 5443 ἀπὸ
1538 5388 1758 5464 ἁμαρτία

1975 5392 2029 5446 is
2058 5390 2354 5447 educebat
2382 5391 2458 5447 ad
2486 5391 2702 5461 lucem,
2753 5409 2789 5447 a
2818 5398 3057 5465 peccato
3082 5391 3158 5450 ad
3196 5391 3494 5457 virtutem,
3526 5406 3563 5448 a

171 5483 261 5546 εἰς
284 5480 499 5554 ἀρετὴν,
528 5479 629 5533 ἀπὸ
671 5481 892 5534 θανάτου
914 5479 983 5540 εἰς
1009 5479 1167 5541 ζωήν,

845 5499 892 5533 tu
914 5479 983 5540 εἰς
1009 5479 1167 5541 ζωήν.
1908 5487 2097 5535 morte
2126 5479 2200 5536 ad
2231 5483 2433 5536 vitam.

256 5608 304 5645 ¹¹
334 5605 544 5665 Matth.
584 5622 663 5685 xi,
702 5606 790 5662 27.
906 5607 947 5642 ¹²
977 5604 1173 5664 Matth.
1204 5619 1286 5669 ιιι,
1317 5605 1403 5662 tl.
1517 5604 1562 5640 ¹³
1588 5606 1757 5663 Joan.
1792 5605 1844 5670 ν.

1113 5604 1173 5663 h.
1204 5619 1286 5669 ιιι,
1317 5605 1403 5662 tl.
1517 5604 1562 5640 ¹³
1588 5606 1757 5663 Joan.
1792 5605 1857 5672 V,
1885 5608 1976 5664 20.
2093 5607 2138 5642 “
2165 5605 2365 5665 Matth.
2406 5623 2579 5676 xxvu,
2612 5610 2699 5667 42.
