4022 6232
526 257 653 317 1331

1841 250 2186 309 EUTHYMII
2229 250 2562 308 ZlGABENI

3692 263 3791 323 i332

520 382 668 441 Cum
708 396 851 453 ergo
882 380 1151 453 superius
1183 380 1429 439 dixisset
1461 399 1474 439 :
1514 384 1837 454 Propterea
1866 381 2056 454 diligit
2087 396 2178 439 me

2356 381 2619 456 Ἀνωτέρω
2689 380 2781 453 μὶν
2842 375 2930 433 ὀῦν
3003 378 3181 435 εἰπών·
3251 382 3338 436 Διὰ
3400 392 3533 438 τοῦτο
3585 386 3606 439 6
3658 394 3792 464 Πατίρ

523 476 722 538 Pater,
765 473 906 544 quia
933 487 1088 541 pono
1127 472 1386 529 animam
1440 488 1627 530 meam
1670 474 1737 541 κν,
1781 472 2174 537 voluntatem,

523 580 699 636 quam
727 562 801 617 ad
822 567 1060 615 mortem
1084 561 1345 616 habebat
1385 562 1739 632 signiﬁcavit
1766 577 1778 627 ;
1812 561 1908 617 hic
1937 576 2073 616 vero
2097 561 2177 615 di-

523 668 663 708 cens
702 669 715 706 :
747 652 871 706 Hoc
898 656 1253 719 praceptum
1282 653 1527 723 acoepia
1546 655 1727 708 Patre
1756 666 1900 717 meo,
1922 650 2179 706 ostendit

522 741 704 797 Patris
723 739 1261 795 condemnationen
1285 742 1385 811 (v),
1408 748 1467 795 ut
1486 743 1605 811 ipse
1629 746 1977 797 moreretUr.
2003 740 2057 794 Si
2078 756 2180 795 au-

523 834 637 886 tem
660 834 955 899 praecepto
974 844 1125 898 opus
1142 830 1266 893 fuit,
1285 830 1592 901 quomodo
1609 831 1845 885 dicebat
1864 831 2181 901 :Egopono

520 921 689 976 illam
706 935 740 975 a
757 919 974 987 meipso
987 918 1013 971 ἱ)
1031 920 1466 987 et,Potestatem
1488 920 1669 975 habeo
1680 920 1935 990 ponendi
1951 936 2077 975 eam
2093 921 2139 955 ¹⁶
2153 920 2180 976 ?

523 1015 577 1065 et
610 1015 743 1065 ante
766 1008 900 1075 ista,
917 1010 1041 1077 Ego
1058 1025 1183 1062 sum
1204 1016 1403 1077 pastor
1420 1010 1603 1065 bonus
1622 1012 1667 1045 1⁷
1683 1008 1710 1063 ?
1726 1026 1862 1064 nam
1889 1009 2019 1064 talis
2037 1025 2182 1080 pree-

523 1105 693 1169 cepto
724 1114 844 1153 non
871 1097 1113 1168 indiget.
1146 1096 1294 1154 Nihil
1335 1113 1476 1167 ergo
1509 1098 1671 1153 aliud
1702 1098 1959 1153 Ostendit
1991 1098 2178 1154 Patris

521 1192 909 1260 praeceptum,
955 1202 1139 1258 quam
1196 1186 1383 1242 solam
1433 1187 1910 1243 conformitatem
1964 1186 2048 1259 (λ’)
2104 1188 2180 1242 ad

522 1276 749 1332 Patrem
786 1273 1174 1343 :hujusmodi
1231 1274 1527 1346 siquidem
1562 1275 2001 1347 dispensatoria
2042 1280 2181 1331 sunt

522 1370 765 1437 propter
790 1364 1133 1419 auditorum
1188 1364 1667 1433 imbecillitatem,
1700 1364 1876 1419 veluti
1909 1364 2181 1437 frequen-

525 1459 611 1512 ter
650 1454 931 1510 diximus.

596 1545 757 1598 Vers.
800 1548 877 1598 19.
908 1543 1197 1599 Dissensio
1226 1574 1296 1585 —
1328 1546 1490 1599 Vers.
1533 1544 1619 1599 20.
1654 1543 1873 1599 auditis
1902 1542 1929 1598 Τ
1954 1544 2180 1599 Daemo-

523 1632 763 1688 niacum
799 1646 868 1686 ac
898 1631 1180 1688 insanum
1216 1649 1351 1688 eum
1391 1633 1686 1701 dicebant,
1739 1633 1913 1704 quasi
1949 1634 2181 1703 majora

520 1721 764 1778 homine
818 1722 1178 1793 loquentem,
1228 1738 1362 1777 cum
1405 1721 1542 1777 hinc
1583 1722 1779 1795 potius
1823 1737 2178 1792 cognoscere
2216 1740 2259 1797 Β
2288 1742 2455 1795 μενον,

522 1814 905 1885 oportuisset,
940 1812 1104 1884 quod
1133 1815 1285 1868 Deus
1315 1817 1487 1869 esset.

597 1904 756 1958 Vers.
791 1903 877 1957 21.
924 1902 1050 1958 Atii
1072 1932 1135 1941 —-
1181 1902 1416 1971 aperire
1447 1902 1474 1956 ‘?
1504 1903 1636 1957 Haac
1694 1900 2028 1970 arguebant
2059 1918 2179 1957 non

527 2008 657 2047 esse
683 1990 1058 2057 daemoniaci,
1093 2007 1124 2047 a
1151 1991 1578 2062 supernaturali
1605 1990 2021 2046 miraculorum
2042 2007 2180 2063 ope-

527 2082 776 2137 ratione.
799 2082 1062 2137 Christus
1078 2098 1214 2137 vero
1236 2098 1354 2137 non
1384 2082 1652 2150 coarguit
1669 2097 1769 2135 eos
1790 2080 1889 2151 qui
1914 2080 2022 2135 sibi
2045 2098 2180 2136 con-

530 2172 835 2226 tumeliam
887 2170 1219 2225 inferebant
1254 2187 1267 2235 ;
1302 2186 1441 2226 nam
1482 2169 1757 2241 SUperius
1788 2170 2028 2225 abunde
2069 2172 2179 2228 illis

531 2260 860 2331 respondit,
894 2260 1135 2331 quando
1166 2259 1439 2315 dixerunt
1472 2278 1483 2314 :
1514 2261 1722 2316 Nonne
1755 2258 1896 2313 bene
1932 2259 2184 2317 dicimus

532 2364 656 2417 nos,
735 2348 892 2419 quod
963 2348 1382 2404 Samaritanus
1465 2365 1521 2405 es
1591 2357 1673 2414 tu,
1734 2358 1788 2408 et
1843 2351 2183 2406 dwmonium

534 2437 709 2494 habes
732 2440 777 2473 ³³
802 2436 831 2491 ‘i

604 2530 885 2583 Prmterea
936 2527 1403 2583 contumeliosus
1478 2528 1816 2602 hujusmodi
1879 2547 2187 2587 sermones

533 2632 656 2673 non
693 2632 763 2672 ex
791 2616 1013 2671 directo
1066 2616 1123 2671 in
1162 2616 1328 2672 illum
1377 2618 1783 2686 etl'undebant,
1818 2621 1922 2676 sed
1949 2621 2097 2676 inter
2125 2634 2188 2675 se

535 2705 632 2761 tali
659 2704 837 2760 modo
867 2704 1270 2774 nugabantur.
1327 2709 1549 2763 'l‘acens
1594 2709 1794 2781 itaque
1826 2710 2027 2765 docuit
2058 2725 2186 2772 nos,

536 2809 610 2851 ne
642 2793 719 2849 ad
762 2792 1007 2864 injurias
1047 2798 1485 2863 convertamur,
1519 2814 1654 2869 quae
1699 2814 1818 2854 non
1860 2799 2080 2855 directe
2129 2799 2189 2855 in

534 2898 649 2940 nos
673 2882 1097 2939 effunduntur:
1130 2900 1251 2940 non
1278 2884 1473 2941 solum
1527 2887 1687 2942 enim
1722 2892 1917 2944 motus
1948 2904 2070 2944 non
2107 2893 2192 2944 est

539 2972 616 3028 ad
648 2970 995 3042 hujusmodi
1027 2988 1353 3039 sermones,
1412 2973 1515 3029 sed
1548 2990 1743 3047 neque
1767 2975 2058 3032 malorum
2090 2976 2192 3031 ad-

2286 465 2348 545 με
2427 469 2627 543 ἀγαπᾷ,
2704 471 2784 523 ὅτι
2864 469 2960 542 ἐγὼ
3052 471 3235 544 τίθημι
3322 476 3411 532 τήν
3479 474 3642 547 ψυχὴν
3707 498 3796 550 μου,

2286 565 2343 613 τό
2390 561 2625 613 ἑκούσιον
2673 568 2765 611 τοῦ
2812 562 3034 613 θανάτου
3087 557 3394 619 δεδήλωκεν·
3443 561 3637 617 ἐνταῦθα
3672 564 3719 619 δι
3746 569 3799 619 εἰ·

2286 655 2479 723 ρηκὼς,
2537 650 2617 701 ότι
2669 648 2878 707 Ταύτην
2942 655 3036 708 τὴν
3102 650 3301 709 ἐντολὴν
3362 650 3525 704 ἔλαϐον
3574 658 3695 727 πο.ρά
3735 665 3797 709 τοὺ

2289 744 2494 811 Πατρός
2538 758 2658 811 μου,
2715 742 2773 791 τό
2832 741 2967 791 κατὰ
3018 745 3226 812 γνώμην
3271 748 3356 793 τοῦ
3406 746 3586 815 Πατρός
3635 743 3800 802 ἁποθνή·

2290 848 2429 881 σκιιν
2478 827 2752 900 ἐσήμανεν.
2815 828 2874 881 Εἰ
2920 831 3022 903 γὰρ
3072 827 3278 891 ἐντολῆς
3326 826 3497 900 έδέῖτο,
3546 840 3638 893 πῶς
3678 833 3799 903 ἔλεγεν

2289 919 2368 970 ὅτι
2442 918 2571 988 Ἐγὼ
2653 919 2839 988 τίθημι
2916 918 3077 976 αὐτὴν
3146 916 3235 970 ἀπ’

2291 1007 2559 1069 Ἐξουσίαν
2616 1008 2726 1077 ἔχω
2785 1008 2947 1058 θεῖναι
3000 1006 3181 1065 αὐτὴν·
3238 1012 3325 1060 καὶ
3379 1012 3471 1081 πρὸ
3522 1011 3704 1077 τούτων,
3744 1011 3800 1061 ὅτι

3312 917 3540 991 ignoto?
3606 928 3681 974 καὶ
3743 926 3799 975 ὅτι

2288 1096 2421 1168 Ἐγώ
2474 1096 2578 1167 εἰμι
2636 1096 2661 1147 ὁ
2708 1100 2903 1167 ποιμὴν
2969 1097 2995 1147 6
3050 1096 3241 1164 καλός;
3297 1098 3322 1149 6
3375 1104 3588 1160 τοιοῦτος
3634 1101 3716 1171 γὰρ
3747 1098 3802 1150 ἐδ-

2288 1184 2439 1245 τολῆς
2490 1184 2548 1237 οὐ
2594 1180 2783 1239 δεῖται,
2832 1180 2999 1237 Οὐδὲν
3034 1182 3120 1237 οὖν
3150 1186 3314 1260 ἕτερον
3345 1188 3373 1243 ἡ
3427 1186 3582 1245 ἐντολή
3626 1195 3698 1238 τοῦ
3725 1194 3804 1239 Πα-

2286 1277 2406 1349 τρός
2472 1270 2736 1326 δείκνυσιν
2812 1276 2842 1332 ἦ
2928 1280 3081 1346 μόνον
3147 1278 3241 1333 τὴν
3316 1278 3439 1348 πρὸς
3509 1278 3585 1327 τόν
3652 1279 3805 1348 Πατέρα

2288 1365 2547 1436 ὁμόνοιαν.
2605 1364 2924 1436 Οἰκονομικά
2976 1360 3035 1417 δὲ
3092 1366 3157 1416 τὰ
3215 1371 3427 1416 τοιαῦτα
3487 1362 3573 1417 διὰ
3616 1370 3694 1422 τὴν
3736 1373 3805 1415 τῶν

2291 1452 2576 1506 ἀκουόντων
2611 1451 2898 1523 ἀσθένειαν,
2932 1454 2999 1515 ὡς
3026 1452 3267 1515 πολλάκις
3298 1455 3575 1526 εἰρήκαμεν.

2367 1548 2584 1614 Σχίσμα
2639 1573 2709 1583 --
2761 1541 2990 1597 ἀκούετε.
3049 1550 3377 1615 Δαιμονῶντα
3439 1548 3522 1595 καὶ
3571 1548 3807 1615 μαινόμενον

2289 1633 2445 1685 αὐτὸν
2491 1631 2675 1703 ﬁer/av,
2734 1633 2799 1692 ὡς
2827 1635 3041 1703 μείζονα
3088 1635 3117 1690 ἤ
3170 1634 3305 1685 κατὰ
3364 1634 3609 1708 ἄνθρωπον
3647 1634 3809 1705 #5776-

2554 1719 2668 1774 δέον
2743 1721 2967 1774 ἐντεῦθεν
3051 1720 3240 1794 μᾶλλον

3327 1731 3508 1795 γνῶναι
3580 1724 3649 1775 ότι
3716 1726 3809 1781 Θεὸς

2290 1832 2448 1867 εστιν.

2360 1989 2540 2043 ’Ἄλλοι
2581 2021 2646 2030 -
2698 1989 2918 2061 ἀνοίγειν
2947 2010 2960 2057 ;
2994 1990 3395 2062 Συνελογίσαντο
3432 1996 3581 2042 ταῦτα
3618 1994 3676 2062 μὴ
3721 1985 3815 2041 εἶναι

2293 2078 2725 2153 δαιμονιζομένου
2783 2079 2881 2133 ἀπὸ
2930 2078 3020 2141 τῆς
3084 2083 3379 2156 ὑπερφυοῦς
3440 2083 3813 2153 θαυματουργίας.

2288 2176 2347 2221 '0
2402 2166 2461 2222 δὲ
2506 2174 2735 2243 Χριστός
2774 2178 2862 2222 νῦν
2915 2170 3009 2222 οὐκ
3056 2168 3260 2242 ἐλέγχει
3292 2174 3412 2232 τοὺς
3455 2168 3720 2245 ὑϐρίζοντας
3752 2167 3815 2219 αὖ-

2292 2264 2397 2311 τόν·
2441 2259 2711 2331 προλαϐὼν
2752 2264 2852 2336 γὰρ
2906 2264 3087 2321 ἱκανῶς
3118 2260 3475 2332 ἀπελογήσατο
3511 2264 3624 2333 πρός
3662 2258 3813 2319 αὐτοὺς,

2295 2350 2377 2402 ὅτε
2408 2347 2565 2402 εἷπον·
2602 2350 2677 2403 Οὐ
2704 2350 2873 2412 καλῶς
2912 2348 3143 2423 ἰλὲγομεν
3182 2352 3353 2423 ἡμεῖς,
3396 2352 3471 2404 ὅτι
3506 2344 3817 2422 Σαμαρεῖτιςςεί

2300 2442 2386 2505 σύ,
2416 2444 2505 2491 καὶ
2540 2436 2810 2512 δαιμόνιον
2841 2442 3021 2511 ἔχεις;

2370 2528 2567 2591 ’Ἄλλως
2600 2548 2653 2582 τε
2699 2533 2789 2581 καὶ
2837 2528 2930 2581 οὐκ
2974 2526 3027 2591 ἐξ
3065 2528 3220 2602 ὀρθοῦ
3274 2531 3407 2603 πρὸς
3446 2528 3582 2580 αὐτὸν
3625 2527 3816 2580 ἐκένωσεν

2298 2623 2414 2680 τοὺς
2469 2621 2732 2679 τοιούτους
2775 2617 3107 2690 ὑϐριστικοὺς
3161 2618 3371 2689 λόγους,
3423 2617 3543 2671 ἀλλά
3585 2616 3685 2669 καθ’
3731 2614 3820 2667 ἰαν-

2300 2712 2421 2769 τούς
2477 2706 2757 2781 ἔφλυοξρουν
2810 2708 2964 2760 οὕτω.
3026 2710 3113 2759 Διό
3174 2712 3265 2760 καὶ
3322 2713 3539 2777 σιγήσας
3582 2701 3820 2758 iniciam

2300 2800 2440 2870 ἡμᾶς
2488 2802 2559 2870 μὴ
2614 2796 3015 2873 ἐπιστρέφεσθαι
3062 2804 3161 2848 τῶν
3209 2802 3283 2869 μὴ
3340 2796 3394 2860 ἐξ
3422 2799 3567 2871 ὀρθοῦ
3593 2794 3823 2869 πρόςῆμᾶς

2299 2890 2558 2960 χεομένων
2616 2885 2829 2959 ὕϐρεων⁸
2877 2885 2935 2938 οὐ
2979 2890 3132 2959 μόνον
3184 2888 3286 2960 γὰρ
3339 2887 3430 2938 οὐκ
3476 2887 3727 2958 ἐπεστράφη
3753 2889 3824 2932 τῶν

2300 2978 2547 3028 τοιούτων
2594 2974 2774 3047 λόγων,
2829 2972 2935 3026 ἀλλ’
2980 2971 3097 3028 οὐδ’
3138 2973 3550 3049 ἐμνησικάκησεν
3577 2973 3742 3037 αὖτοῖς,
3779 2970 3824 3027 ὡς

542 3078 748 3117 versus
776 3078 876 3117 eos
919 3062 1205 3129 meminit,
1242 3064 1395 3118 sicut
1427 3080 1496 3119 ex
1535 3064 1915 3136 sequentibus
1949 3066 2189 3122 manife-

2304 3064 2403 3118 ἀπό
2434 3072 2532 3116 τῶν
2569 3063 2713 3137 ἔφεξῆ
2726 3085 2746 3124 ς
2765 3060 2923 3122 δῆλον
2937 3109 2949 3121 .

544 3154 701 3207 stum
726 3154 833 3206 est.

618 3240 743 3296 Alio
771 3241 907 3296 item
944 3242 1165 3297 modo:
1215 3241 1416 3298 Tacuit
1456 3240 1664 3299 videns
1705 3242 1833 3299 illos
1864 3245 1961 3316 qui
1993 3244 2069 3299 ab
2100 3243 2194 3299 his

548 3329 925 3387 dissidebant
965 3347 1074 3402 pro
1107 3347 1169 3386 se
1216 3331 1687 3404 respondentes:
1740 3338 1795 3388 et
1852 3333 1995 3405 quia
2035 3333 2198 3389 hine

549 3435 822 3475 sermone
848 3420 1094 3492 quidem
1126 3426 1293 3476 erant
1319 3420 1499 3490 digni,
1530 3421 1634 3493 qui
1674 3426 1838 3477 tanto
1869 3421 1993 3477 viso
2021 3423 2197 3479 mira-

549 3509 682 3564 culo
708 3508 790 3564 ita
828 3508 1357 3564 calumniabantur.

622 3596 781 3652 Vers.
799 3602 883 3652 22.
910 3598 1099 3654 Facta
1118 3604 1255 3653 sunt
1278 3630 1345 3637 —
1363 3598 1808 3671 Hierosolymis.
1834 3600 2201 3657 Dedicatoria

553 3685 798 3756 templi;
883 3686 1181 3756 siquidem
1261 3688 1582 3759 quotannis
1656 3688 1997 3745 solemniter
2042 3690 2200 3745 diem

552 3772 718 3827 illum
753 3772 1042 3840 colebant,
1085 3790 1207 3845 quo
1257 3775 1467 3831 iterum
1525 3776 1635 3831 sub
1692 3778 2015 3835 Zorobabel
2065 3779 2203 3835 aedi-

552 3860 816 3932 ﬁcatum,
867 3866 997 3933 post
1054 3863 1295 3918 reditum
1358 3878 1432 3920 ex
1488 3866 1825 3938 captivitate
1874 3868 2202 3939 perfectum

553 3955 662 4006 est.

624 4042 781 4097 Vers.
813 4043 901 4095 22.
948 4041 1024 4096 Et
1078 4040 1260 4098 hiems
1307 4050 1457 4099 erat.
1515 4047 1639 4100 Non
1696 4044 1892 4101 solum
1941 4047 2011 4101 ob
2051 4047 2203 4102 acris

551 4127 980 4203 intemperiem,
1014 4129 1119 4185 sed
1149 4130 1328 4187 etiam
1368 4132 1446 4188 ob
1484 4132 1911 4189 inﬁdelitatem.
1943 4135 2202 4206 Tempus

551 4224 747 4275 autem
798 4218 991 4274 innuit
1023 4223 1266 4292 propter
1304 4221 1742 4278 dedicationem
1792 4223 1999 4295 primae
2067 4223 2202 4279 mdi-

550 4308 844 4365 ﬁcationis
897 4307 1144 4381 templi;
1207 4324 1347 4365 nam
1401 4310 1501 4367 illa
1566 4310 1791 4367 circiter
1845 4318 2200 4369 autumnum

550 4398 981 4455 celebrabatur.

620 4489 783 4543 Vers.
847 4486 935 4543 23.
994 4486 1531 4546 Et—Soiomonis.
1560 4492 1707 4546 Nam
1757 4496 1812 4547 et
1870 4490 1995 4563 ipse
2052 4490 2201 4546 festo

550 4577 775 4633 aderat.

623 4666 781 4721 Vers.
814 4665 904 4723 24.
944 4666 1474 4725 Circumdederunt
1501 4701 1567 4709 —
1595 4669 1810 4726 Judaei.
1866 4671 2197 4741 Sperantes,

550 4754 627 4811 ab
654 4756 779 4824 ejus
811 4756 1185 4811 sermonibus
1216 4756 1479 4829 aliquam
1513 4773 1573 4813 se
1628 4764 1981 4831 accepturos
2037 4775 2199 4814 com-

549 4842 957 4916 prehendendi
995 4844 1395 4915 occasionem,
1437 4846 1758 4919 siquidem,
1791 4865 1925 4903 cum
1962 4848 2033 4903 de
2062 4864 2199 4919 ope-

547 4932 715 4990 ribus
756 4930 903 4989 nihil
930 4947 1066 4989 eum
1108 4938 1358 5005 possent
1408 4951 1732 5008 arguere,a
1796 4938 1992 4993 verbis
2044 4953 2199 5009 prae-

621 5140 665 5177 ³⁵
689 5140 852 5199 Joan.
886 5157 940 5206 ι,
978 5140 1058 5196 17.
1173 5141 1218 5177 ¹⁶
1248 5138 1387 5196 ibid.
1424 5140 1621 5205 17,18.
1737 5138 1950 5196 “ibid.
1988 5143 2078 5197 tl.

2379 3246 2479 3295 Καὶ
2530 3243 2646 3294 καθ’
2699 3240 2861 3315 ἓτερον
2917 3237 2976 3294 δὲ
3026 3245 3216 3317 τρόπον
3278 3239 3537 3313 ἐσίγησεν,
3591 3241 3699 3313 ὀρῶν
3740 3239 3825 3293 τοὺς

2310 3333 2620 3403 σχισθέντας
2696 3328 2783 3382 ἀπ’
2852 3329 3021 3382 αὐτῶν
3092 3330 3644 3404 ὑπεραπολογονγένους
3688 3326 3821 3380 αὐτοῦ,

2305 3426 2396 3474 καὶ
2445 3422 2525 3473 ὅτι
2567 3416 2689 3472 οὐδὲ
2718 3419 2869 3491 λόγου
2919 3415 3051 3477 ἦσαν
3084 3419 3267 3472 ἐκεῖνοι
3290 3420 3450 3485 ἄξιοι,
3482 3420 3601 3492 μετὰ
3641 3414 3826 3473 τηλικοῦ·

2306 3529 2392 3562 τον
2422 3512 2596 3583 θαῦμα
2626 3509 2788 3570 οὕτως
2817 3508 3129 3582 ὑϐρίζοντες.

2380 3604 2603 3671 Ἐγένετο
2643 3632 2701 3640 -
2729 3598 3122 3673 Ἱεροσολύμοις.
3173 3602 3250 3653 Τὰ
3296 3607 3387 3652 τοῦ
3434 3605 3569 3652 ναοῦ.
3598 3594 3826 3671 Ἔὼρταζον

2308 3692 2408 3761 γὰρ
2436 3688 2679 3761 λαμπρῶς
2712 3687 2807 3740 ἆνὰ
2834 3694 2937 3740 πᾶν
2963 3692 3070 3751 ἔτος
3101 3693 3195 3748 τὴν
3228 3690 3428 3762 ἡμέραν
3460 3687 3568 3740 καθ’
3587 3691 3640 3745 ἣν
3662 3688 3707 3737 τό
3733 3679 3824 3735 δεύ-

2310 3797 2449 3850 τερον
2480 3779 2579 3830 ὑπό
2608 3776 2895 3850 Ζοροϐάϐελ
2924 3774 3296 3851 οἰκοδομηθεὶς
3325 3778 3613 3852 ἀπηρτίσθη
3637 3774 3741 3848 μετὰ
3762 3774 3826 3825 τὴν

2312 3865 2365 3919 ἐκ
2397 3875 2491 3928 τῆς
2523 3866 2895 3939 αἰχμαλωσίας
2919 3862 3189 3922 ἐπάνοδον,

2384 4048 2481 4098 Καὶ
2528 4049 2726 4117 χειμὼν
2767 4041 2847 4103 ἧν.
2908 4044 2983 4097 Οὐ
3040 4049 3191 4117 μόνον
3242 4043 3297 4108 ἐξ
3346 4044 3505 4120 ἀέρος,
3554 4041 3663 4095 ἀλλὰ
3702 4036 3828 4096 καίἱξ

2311 4132 2571 4195 ἀπιστίας.
2639 4139 3114 4208 Παρεσημειώσατο
3172 4130 3231 4186 δὲ
3308 4138 3395 4187 τόν
3455 4136 3622 4207 καιρόν
3670 4127 3743 4181 διὰ
3782 4128 3825 4175 τὰ

2309 4226 2544 4296 ἐγκαίνια
2574 4233 2668 4286 τῆς
2715 4230 2926 4297 πρώτης
2961 4219 3249 4296 οἰκοδομῆς
3292 4231 3385 4276 τοῦ
3415 4231 3558 4276 ναοῦ·
3601 4220 3735 4274 ἐκεῖνα
3755 4218 3823 4287 γὰρ

2309 4317 2442 4367 κατὰ
2462 4317 2518 4366 τό
2548 4318 2843 4387 μετόπωρον
2874 4312 3211 4388 ἐωρτοὲζοντο.

2382 4494 2482 4542 Καὶ
2537 4517 2606 4528 -
2661 4486 2968 4560 Σολομῶνος.
3048 4493 3227 4559 Παρῆν
3293 4489 3399 4564 γὰρ
3467 4494 3526 4559 τῇ
3590 4483 3711 4556 ἑορτῇ
3766 4482 3824 4528 ut

2311 4578 2478 4639 αὐτὸς.

2378 4668 2708 4722 Ἐκύκλωσαν
2809 4698 2877 4707 —
2953 4662 3224 4719 Ἰουδαῖοι.
3319 4660 3694 4739 Προσδοκῶντῑς
3756 4654 3821 4705 ἀπὸ

2309 4767 2406 4809 τῶν
2445 4758 2607 4830 λόγων
2666 4760 2823 4809 αὐτοῦ
2865 4752 3164 4829 δράξασθαι
3216 4775 3355 4818 τινος
3412 4754 3627 4827 ἀφορμῆς
3667 4746 3717 4805 εἰς
3754 4742 3823 4793 ἐπί·

2313 4849 2471 4903 θεσιν.
2518 4854 2633 4907 Τοῖς
2678 4848 2841 4921 ἔργοις
2895 4847 2994 4920 γὰρ
3046 4845 3203 4897 αὐτοῦ
3268 4842 3437 4917 μηδὲν
3480 4841 3681 4915 ἐγκαλεῖν
3718 4830 3821 4886 δυνέ-

2310 4956 2449 5009 μενοι
2480 4938 2767 5009 ἐπεθύμουν
2829 4936 2929 4988 ἀπὸ
2983 4942 3081 4987 τῶν
3130 4935 3378 5008 ῥημάτων
3425 4934 3577 5008 εὖρεῖν
3626 4944 3718 4980 τινα
3738 4936 3818 4989 xp’r

2196 5140 2242 5176 1⁸
2274 5140 2449 5197 Joan.
2483 5154 2602 5203 vui,
2632 5141 2719 5196 48.

1711 5319 1929 5388 Variae
1960 5318 2287 5388 lectiones
2322 5325 2387 5385 et
2418 5326 2617 5386 notae.

618 5518 696 5588 (v)
746 5516 941 5589 Patris
991 5514 1545 5589 condemnationem.
1582 5517 1842 5589 Videtur
1872 5520 2195 5589 κατάγνωσιν

543 5590 777 5717 legisse,
822 5588 953 5644 loco
996 5588 1131 5640 κατὰ
1181 5594 1411 5664 γνώμην.
1473 5588 1693 5653 Redde,
1749 5589 1941 5647 Patris
1992 5590 2197 5647 volun-

569 5676 605 5719 a
635 5675 744 5717 em.

2379 5516 2470 5583 (αι’)
2513 5514 2705 5570 Solam
2764 5514 3242 5584 conformitatem.
3294 5514 3509 5569 Saltem
3560 5500 3809 5566 addendum

2306 5587 2621 5643 voluntatis
2652 5607 2663 5651 ;
2699 5602 2819 5643 uno
2844 5584 3048 5652 verbo,
3092 5600 3451 5644 consensum.
