4022 6232
218 275 356 335 1333
1283 279 1638 340 COMMENT.
1682 281 1752 339 ΙΝ
1789 281 2143 343 JOANNEM.
2185 316 2253 327 —
2283 285 2437 342 CAP.
2471 285 2542 344 X.
3444 286 3584 348 i334

210 417 392 477 φασιν
447 406 568 458 οὔτε
632 404 733 478 γὰρ
806 404 954 461 αὐτοὶ
1008 414 1105 472 τῆς
1178 413 1363 472 κακίαις
1431 408 1635 483 ἔληγον,
1705 412 1798 463 οὔτ

1989 415 2153 468 stum
2183 410 2449 486 aliquem
2473 412 2737 470 invenire
2779 412 3103 487 cupiebant
3130 432 3144 485 ;
3168 430 3365 490 neque
3415 416 3577 475 enim

214 492 371 557 αὐτὸς
407 501 499 555 τῆς
533 492 883 558 ἀνεξικακίας.

1989 500 2035 556 si
2065 517 2102 557 a
2153 500 2379 559 malitia
2408 501 2743 567 cessabant,
2798 518 2994 577 neque
3039 504 3167 577 ipse
3195 521 3232 563 a
3261 505 3577 565 clementia

1919 589 2292 663 quiescebat.

291 676 390 726 Καὶ
419 671 589 745 ἔλεγον
622 673 781 747 αύτῷ.
802 672 1060 738 ’Υπούλως
1088 681 1178 731 καὶ
1207 673 1450 752 δολερῶς.

1990 680 2153 736 Vers.
2201 680 2293 735 24.
2356 681 2431 737 Et
2476 681 2757 739 dixerunt
2802 681 2871 737 ei.
2925 683 3349 742 Fraudulenter
3376 689 3434 744 et
3474 686 3573 744 do-

1914 767 2065 825 lose.

284 850 418 913 Ἐως
502 883 572 895 -—-
666 857 872 930 αῖρειςς
958 855 1189 931 Αἰωρεῖς,
1287 854 1533 933 ἀναρτᾷς,
1614 856 1807 930 μεταξύ

1989 859 2150 915 Vers.
2223 859 2312 916 24.
2401 861 2710 934 Quousque
2763 893 2835 905 -
2902 863 3259 934 suspendis?
3313 865 3571 937 Suspen-

206 945 438 1004 πίστεως
470 942 515 1014 (Ι
528 942 582 1015 6)
603 948 694 996 καὶ
718 942 989 1007 ἀπιστίας.

1982 963 2045 1003 ω
2095 964 2165 1004 ac
2201 949 2453 1006 dubiam
2499 956 2662 1006 tenes
2715 951 2866 1009 inter
2918 951 3097 1009 ﬁdem
3149 958 3207 1009 et
3260 953 3570 1011 inﬁdelita-

1913 1039 2054 1094 tem.

287 1121 346 1173 Εἰ
400 1152 466 1163 -
513 1120 809 1198 παρρησίᾳ.
862 1129 1112 1198 ψανερῶς,
1174 1124 1644 1199 ἀπαρακαλύπτως.
1681 1131 1803 1180 Καί·

1986 1127 2150 1184 Vers.
2198 1131 2286 1184 24.
2330 1128 2396 1185 Si
2445 1159 2511 1171 —
2568 1129 2766 1187 libere.
2819 1130 3144 1198 Manifeste,
3193 1131 3396 1189 verbis
3445 1146 3568 1189 non

202 1228 291 1262 τοι
335 1218 508 1284 σαφῶς
540 1213 818 1282 ἐγίνωσκον
852 1214 933 1267 ὅτι
968 1221 1121 1266 τοῦτο
1164 1214 1318 1287 λέγει·
1357 1219 1444 1269 Διό
1485 1220 1574 1268 καὶ
1612 1215 1790 1291 προλα-

1974 1217 2180 1274 )ιθοιίε.
2223 1219 2397 1291 Atqui
2427 1218 2598 1291 plane
2620 1220 2905 1291 sciebant,
2940 1222 3107 1295 quod
3132 1221 3246 1279 hoc
3277 1222 3524 1279 dixisset
3549 1237 3562 1277 :

203 1298 383 1361 εόντες
457 1307 843 1374 συνεφώνησαν,
924 1301 1053 1369 Ἵνα,
1134 1302 1217 1356 ίάν
1291 1323 1371 1365 τις
1445 1304 1601 1357 αὐτὸν
1680 1306 1791 1377 ὁμο-

1979 1322 2050 1362 eo
2105 1308 2283 1364 etiam
2338 1308 2397 1364 in
2460 1309 2877 1381 superioribus
2929 1311 3230 1367 decretum
3285 1310 3563 1377 fecerant,

201 1387 413 1462 λογήση
509 1394 757 1464 Χριστὸν,
858 1389 1264 1465 ἀποσυνάγωγος
1341 1397 1575 1465 γίνηται.
1649 1393 1789 1447 Ἀλλά

1980 1404 1992 1451 t
2030 1397 2083 1452 si
2109 1397 2241 1469 quis
2282 1399 2663 1467 conﬁteretur
2707 1413 2834 1455 eum
2885 1413 3006 1457 esse
3035 1401 3363 1471 Christum,
3392 1406 3568 1458 extra

201 1485 297 1529 νῦν
338 1484 499 1550 σκαιᾲ
539 1485 719 1553 γνώμη
775 1488 928 1534 τοῦτο
984 1480 1233 1554 ἐρωτῶσι,
1267 1480 1573 1555 βουλόμενοι
1619 1501 1789 1558 προσε·

1979 1501 2275 1557 ἠαειοθαηι
2292 1486 2602 1556 ejiceretur
2637 1488 2707 1556 ι’,
2736 1487 2846 1544 sed
2892 1503 3051 1544 nunc
3081 1489 3322 1544 sinistra
3370 1494 3567 1545 mente

200 1574 449 1641 ρωτῆσαι
503 1570 655 1621 πόθεν
704 1576 856 1622 τοῦτο
905 1569 1061 1642 λέγει,
1096 1572 1196 1637 ἶνα,
1226 1569 1614 1645 προϐαινούσης
1669 1573 1788 1626 οὗτοι

1979 1590 2028 1629 »ο
2050 1575 2436 1646 interrogant,
2464 1576 2666 1633 audire
2685 1577 2948 1633 volentes
2973 1577 3087 1649 (y),
3118 1578 3430 1650 quomodo
3454 1579 3567 1633 hoc

200 1664 305 1719 τῆς
367 1657 726 1726 συζητησεως,
779 1658 1064 1731 φθέγξηταί
1141 1679 1191 1713 τι
1260 1665 1395 1733 μέγα
1473 1661 1626 1713 πάλιν
1688 1668 1788 1734 περῖ

1980 1669 2153 1732 ceret,
2178 1669 2258 1733 ut,
2272 1664 2669 1737 disputatione
2691 1667 2769 1722 ita
2787 1666 3145 1739 procedente
3163 1668 3391 1738 magni,
3409 1667 3568 1741 quip-

200 1746 413 1810 ἑαυτοῦ,
454 1751 545 1799 καὶ
589 1746 819 1799 λάϐωσιν
865 1747 1124 1823 ἀφορμὴν,
1158 1752 1228 1812 ὡς
1268 1754 1490 1822 εἴρηται·
1532 1750 1688 1813 αὐτὸς
1722 1747 1782 1803 δε

1979 1769 2077 1809 am
2102 1769 2340 1810 rursum
2371 1754 2445 1810 de
2465 1755 2657 1827 seipso
2682 1756 3044 1829 loqueretur,
3076 1761 3132 1813 et
3161 1756 3562 1824 occasionem,

195 1841 476 1905 γινώσκων
532 1840 626 1894 τὴν
685 1840 930 1895 τοιαύτην
988 1843 1257 1910 μηχανὴν,
1308 1835 1433 1892 ούδὶ
1460 1847 1549 1891 νῦν
1600 1838 1783 1911 ἇλίγχε

1976 1842 2224 1899 ,dictum
2272 1848 2377 1909 est,
2407 1844 2575 1900 illum
2627 1845 3179 1918 comprehendendi
3212 1845 3564 1919 acciperent.

196 1927 420 1986 τούτους
466 1925 825 1997 πειράζοντας,
869 1922 1130 1979 παιδεύων
1177 1932 1249 2000 μὴ
1299 1931 1468 1981 πάντα
1522 1932 1642 1991 τοὺς
1698 1928 1784 1982 ἔπι

1983 1948 2047 2003 se
2069 1948 2228 1998 vero,
2260 1933 2613 2005 hujusmodi
2643 1935 2885 2005 cognita
2900 1934 3157 2002 vairitie,
3186 1950 3383 2009 neque
3413 1950 3568 1991 nunc

196 2011 539 2075 ϐουλεύοντας
607 2013 859 2087 ἐλέγχειν,
920 2014 1046 2068 ἀλλά
1106 2019 1455 2093 μακροθύμως
1520 2022 1685 2095 φέρειν
1740 2022 1784 2071 τι

1979 2039 2023 2077 ιε
2055 2027 2345 2079 tentantes
2371 2025 2566 2094 arguit
2595 2042 2610 2081 :
2642 2024 2885 2092 docens,
2918 2040 3040 2081 non
3062 2025 3141 2082 ad
3162 2026 3369 2083 omnia
3397 2041 3567 2084 coar-

193 2101 389 2157 πολὶά.
1913 2113 2187 2182 guendos
2215 2128 2346 2169 esse
2378 2118 2715 2182 tentatores,
2746 2115 2851 2171 sed
2882 2115 3071 2172 multa
3116 2115 3411 2187 patienter
3438 2130 3569 2173 esse

1970 2202 2178 2257 renda.

278 2286 373 2335 Καὶ
418 2283 512 2335 ούκ
562 2280 687 2337 εἷπε·
747 2290 859 2346 Πῶς
913 2287 982 2344 ὡς
1034 2286 1147 2355 (17)
1202 2283 1506 2348 ἀξιόπιστον
1564 2284 1799 2362 ἐρωτᾶτε,

1982 2202 2185 2364 ἓξὲξρ
2205 2290 2351 2348 dixit
2380 2307 2393 2347 :
2420 2291 2734 2358 Quomodo
2756 2307 2851 2349 me
2868 2296 3162 2366 tanquam
3184 2292 3302 2349 ﬁde
3320 2293 3570 2366 dignum

191 2373 259 2426 οἱ
314 2377 410 2431 τὴν
464 2378 756 2448 μαρτυρίαν
805 2370 1234 2447 ἀπεδοκιμάσατε
1266 2375 1489 2446 λέγοντες
1530 2392 1542 2406 ·
1590 2380 1656 2428 Σὺ
1691 2395 1779 2451 περ

1977 2380 2306 2453 terrogatis,
2327 2382 2499 2453 cujus
2512 2382 2923 2437 testimonium
2950 2381 3248 2454 repulistis
3277 2382 3564 2439 dicentes:

192 2469 427 2515 σεαυτοῦ
496 2469 778 2537 μαρτυρεῖς
845 2479 863 2498 ο
918 2466 949 2522 ἠ
1017 2469 1283 2538 μαρτυρία
1344 2483 1438 2517 σου
1501 2464 1596 2517 ούκ
1643 2468 1780 2518 ’ἔστιν

1982 2488 2006 2525 ν
2048 2470 2122 2527 de
2168 2470 2351 2539 teipse
2390 2469 2788 2527 testimonium
2836 2471 3125 2541 perhibes,
3176 2472 3570 2529 testimonium

193 2551 401 2614 ἀληθής
429 2568 443 2582 ⁸
495 2552 549 2603 ὃν
584 2550 861 2605 ἐκαλέσατε
915 2555 1212 2627 παράνομον
1276 2558 1367 2606 καὶ
1427 2552 1647 2607 ἀντίθεον
1714 2574 1781 2607 κα

1982 2576 2081 2616 um
2112 2575 2230 2616 non
2258 2566 2345 2616 est
2358 2575 2560 2618 verum
2583 2562 2850 2632 “;quem
2880 2559 3031 2631 legis
3064 2564 3569 2631 transgressorem

193 2641 394 2693 πλάνον
432 2645 524 2693 καὶ
567 2640 892 2715 ἁμαρτωλὸν,
946 2649 1037 2695 καὶ
1084 2647 1426 2717 Σαμαρείτην,
1477 2648 1568 2697 καὶ
1615 2641 1779 2717 δαιμο

1973 2649 2281 2721 )pellastis,
2322 2650 2440 2706 Deo
2486 2649 2852 2706 contrarium
2884 2664 2956 2705 ac
2987 2649 3381 2721 seductorem,
3428 2665 3561 2721 pec-

190 2740 369 2783 νὼντα
441 2735 532 2783 καὶ
603 2736 926 2803 μαινόμενον,
976 2738 1067 2785 καὶ
1116 2732 1281 2785 πολλὰ
1331 2741 1569 2798 τοιαῦτα,
1623 2733 1677 2787 ὃν
1728 2734 1778 2787 λι

1976 2743 2193 2802 torem,
2223 2738 2674 2803 Samaritanum,
2698 2738 3140 2794 dmmoniacum
3165 2756 3235 2795 ac
3260 2740 3564 2806 insanum,

192 2821 387 2880 θάζετε
445 2824 535 2872 καὶ
607 2817 824 2874 διώκετε
886 2827 976 2875 καὶ
1051 2821 1238 2875 ἀνελεῖν
1307 2822 1611 2894 ἐπείγεσθε;
1663 2824 1780 2878 Ἀλλ

1981 2826 2248 2899 libusque
2271 2827 2472 2883 multis
2490 2826 2863 2893 nominibus,
2884 2842 3050 2897 quem
3068 2826 3370 2898 lapidibus
3389 2841 3569 2900 appe-

188 2905 354 2962 ούδὶν
401 2917 632 2962 τοιοῦτον
686 2907 841 2976 εἶπεν,
898 2907 1014 2963 οὐδ’
1056 2910 1470 2985 ἐμνησικάκησε,
1526 2910 1776 2966 διδάσκω

1983 2916 2030 2969 is
2060 2919 2113 2970 ei
2134 2915 2573 2987 persequimini,
2594 2931 2665 2972 ac
2682 2915 2953 2972 occidere
2984 2916 3274 2971 festinatis
3297 2916 3327 2972 Ῥ
3354 2917 3566 2972 Verum

190 2997 495 3069 ἀμνηστίαν
563 3006 664 3051 τῶν
734 3001 1036 3072 φθασάντων
1100 3000 1584 3073 καταψηφίζεσθαι·
1642 3007 1776 3077 πραό

1980 3003 2056 3060 hil
2085 3004 2232 3060 dixit
2261 3004 2623 3077 hujusmodi,
2653 3020 2762 3061 nec
2794 3004 3093 3061 malorum
3133 3004 3421 3070 meminit,
3462 3004 3568 3061 do-

184 3105 330 3141 τατα
369 3084 429 3140 δε
456 3092 585 3163 πρὸς
617 3093 706 3147 τὴν
738 3088 988 3161 ἐρώτησιν
1026 3091 1377 3165 ἀποκρίνεται.

1983 3109 2053 3149 ns
2082 3092 2431 3166 injuriarum
2462 3094 2821 3150 oblivionem
2850 3109 2993 3166 erga
3019 3109 3122 3150 eos
3151 3094 3252 3167 qui
3284 3093 3567 3151 condem-

1912 3198 2056 3239 nare
2068 3188 2458 3255 properarent
2476 3183 2575 3254 (z),
2593 3183 2700 3239 sed
2722 3183 3201 3240 mansuetissime
3224 3183 3302 3240 ad
3318 3182 3565 3241 interro-

1914 3272 2214 3341 gationem
2248 3271 2591 3343 respondet.

262 3360 333 3408 Σύ
366 3351 428 3408 δέ
483 3374 573 3428 μοι
617 3359 801 3409 σκόπει
837 3360 895 3409 τό
936 3352 1344 3430 διεστραμμένον
1387 3363 1476 3411 καὶ
1509 3358 1792 3431 φιλόνεικον

1980 3363 2061 3416 Tu
2093 3376 2228 3416 vero
2273 3359 2415 3416 mihi
2445 3360 2759 3416 considera
2809 3373 3154 3432 perversam
3205 3377 3273 3417 ac
3324 3367 3567 3418 conten-

179 3455 292 3498 τῶν
325 3441 621 3498 Ἰουδαίων.
665 3443 827 3497 Ὀταν
853 3449 944 3519 μὶν
973 3448 1072 3521 γὰρ
1120 3444 1397 3521 δημηγορῇ
1431 3453 1521 3500 καὶ
1570 3444 1663 3501 διὰ
1703 3448 1767 3501 λό

1978 3465 2125 3505 isam
2147 3450 2492 3505 Judaeorum
2515 3454 2798 3505 mentem.
2821 3449 3126 3522 Siquidem
3152 3449 3401 3522 quando
3426 3464 3566 3505 con-

176 3556 296 3605 γων
351 3532 616 3606 διδάσκῃ,
665 3534 894 3607 λέγουσι.
930 3540 994 3589 Τί
1050 3544 1261 3609 σημεῖον
1316 3534 1568 3600 δεικνύεις
1619 3541 1744 3610 ἡμῖν

1978 3544 2185 3594 matur
2229 3553 2301 3594 ac
2355 3537 2740 3594 sermonibus
2806 3537 2999 3603 docet,
3058 3538 3263 3595 dicunt
3319 3553 3332 3593 :
3399 3538 3566 3608 Quod

177 3626 313 3677 ὅταν
347 3619 410 3677 δέ
437 3625 809 3698 θαυματουργῇ
842 3629 931 3676 καὶ
980 3620 1014 3676 δ
1020 3628 1074 3677 ιὰ
1113 3633 1213 3677 τῶν
1256 3628 1416 3699 ξογων
1460 3631 1668 3701 παρέχη
1702 3630 1765 3679 τὰ

1975 3643 2144 3698 mum
2168 3627 2425 3685 ostendis
2445 3627 2599 3683 nobis
2626 3629 2669 3665 ²¹
2704 3628 2735 3683 γ
2760 3627 3009 3701 quando
3033 3643 3173 3685 vero
3204 3627 3563 3685 miraculum

177 3709 511 3778 ἀποδείξεις,
542 3711 781 3784 λέγουσιν
816 3730 828 3744 ⁶
860 3713 917 3767 Εἰ
964 3717 1030 3766 σύ
1068 3710 1117 3766 εἶ
1140 3716 1166 3766 ὁ
1215 3719 1466 3788 Χριστὸς,
1520 3716 1627 3769 εἰπε
1665 3718 1765 3789 ἠμῖ

1974 3722 2204 3785 ieratur,
2264 3732 2334 3773 ac
2375 3716 2919 3774 demonstrationes
2969 3716 3255 3789 operibus
3305 3717 3562 3787 exhibet,

174 3801 490 3877 παρῥησία.
534 3808 645 3854 Τῶν
691 3801 855 3873 λόγων
909 3798 1293 3869 διδασκόντων,
1338 3807 1464 3878 ἔργα
1519 3808 1741 3867 ζητοῦσι

1977 3811 2120 3862 cunt
2148 3824 2161 3862 :
2192 3807 2257 3863 Si
2299 3813 2364 3861 tu
2407 3822 2464 3863 es
2498 3806 2793 3871 Christus,
2838 3807 2935 3864 die
2961 3806 3123 3863 nobis
3154 3807 3352 3872 libere.
3413 3806 3561 3864 Cum

173 3901 292 3945 τῶν
342 3894 506 3965 ἔργων
566 3889 825 3963 βοωντων,
856 3891 1039 3963 λόγους
1088 3892 1318 3955 αἰτοῦσι,
1366 3897 1496 3967 πρὸς
1538 3897 1592 3945 τὸ
1656 3893 1761 3946 ἐναν

1977 3911 2215 3951 rmones
2243 3895 2480 3964 docent,
2519 3910 2704 3968 opera
2750 3897 3101 3969 requirunt;
3134 3895 3421 3968 operibus
3450 3895 3565 3953 cla-

171 3987 297 4035 τίον
351 3979 433 4033 ἀεὶ
476 3981 747 4041 κακοήθως
792 3982 1178 4054 μεθιστάμενοι.
1208 3983 1350 4035 Ἐπεὶ
1385 3978 1472 4034 οὖν
1513 3980 1684 4043 ἀνοίας
1705 3980 1759 4040 ἧν

1977 3984 2234 4048 antibus,
2256 3999 2564 4039 sermones
2583 3990 2805 4056 petunt,
2827 3986 2897 4039 ad
2928 3984 3294 4041 contrarium
3327 3999 3564 4057 semper

169 4081 291 4124 τῶν
358 4071 522 4141 ἔργων
574 4068 1026 4145 ἀνακηρυττόντων
1077 4071 1251 4141 αὑτὸν,
1322 4071 1494 4132 ζητεῖν
1537 4076 1630 4130 τὴν
1688 4070 1757 4124 ἀπ

1976 4072 2171 4141 aligne
2214 4072 2611 4127 transmutati.
2668 4072 2816 4137 Quia
2854 4088 2993 4143 ergo
3052 4072 3370 4128 dementia
3414 4077 3557 4138 erat,

170 4169 292 4214 τῶν
341 4157 509 4230 λόγων
560 4164 849 4233 μαρτυρίαν
877 4173 892 4189 ⁸
924 4162 1020 4233 ὅρα
1074 4168 1186 4222 πῶς
1230 4159 1607 4233 ἀποκρίνεταις
1660 4163 1756 4234 ὁμο

1973 4160 2184 4215 ιετὶὺιιε
2209 4176 2346 4214 eum
2391 4159 2876 4231 praedicantibus,
2908 4176 2944 4216 a
2974 4159 3353 4216 sermonibus
3400 4176 3561 4232 quaa-

171 4253 280 4322 μὲν
334 4247 591 4320 ipsum.»
647 4250 728 4301 ὅτι
778 4248 883 4320 οὐχ
933 4249 1079 4302 ἕνεκα
1133 4256 1225 4302 τοῦ
1270 4252 1453 4322 μαθεῖν
1484 4248 1742 4324 ἓρωτῶσιν

1973 4264 2035 4305 re
2073 4247 2502 4314 testimonium,
2530 4248 2661 4303 vide
2685 4263 2808 4321 quo
2844 4254 3020 4321 pacto
3051 4248 3435 4320 respondeat,
3487 4248 3561 4303 si-

168 4338 239 4392 οὖ
294 4339 402 4410 γὰρ
433 4340 768 4390 πιστεύουσιν
801 4355 814 4368 ·
866 4340 995 4410 ὁμοῦ
1027 4334 1087 4391 δὲ
1117 4335 1289 4397 δηλῶν
1335 4340 1414 4391 ὅτι
1443 4341 1508 4391 τὰ
1547 4341 1673 4412 ἔργα
1700 4340 1756 4392 αὖ

1974 4338 2034 4394 ul
2093 4337 2333 4411 quidem
2411 4336 2797 4394 manifestans
2852 4336 3019 4410 quod
3099 4351 3222 4392 non
3289 4335 3558 4392 discendi

169 4435 282 4481 τοῦ
312 4427 494 4498 μεῖξον
522 4435 621 4478 τῶν
658 4426 821 4498 λόγων
850 4430 1183 4501 κεκράγασιν.

1967 4444 2088 4483 ιαεει
2150 4428 2604 4498 interrogarent,
2682 4425 2859 4482 simul
2943 4425 3122 4482 etiam
3174 4423 3555 4497 signiﬁcans,

1826 4494 1873 4551 D
1902 4533 2087 4590 opera
2107 4532 2218 4574 sua
2242 4494 2499 4589 amplius
2520 4530 2591 4572 ac
2613 4514 3022 4571 vehementius
3063 4494 3323 4570 clamare
3369 4529 3557 4586 quam

1901 4607 2104 4664 verba.

257 4695 551 4767 Ἀπεκρίθη
626 4725 696 4736 —
756 4698 1046 4751 πιστεύετε.
1122 4692 1276 4749 Εἶπον
1342 4697 1463 4769 ὑμῖν
1537 4702 1654 4769 περὶ
1731 4697 1791 4750 οὗ

1972 4697 2141 4753 Vers.
2174 4699 2263 4753 25.
2315 4695 2629 4765 Respondit
2653 4725 2721 4735 —
2764 4693 3025 4751 creditis.
3078 4692 3209 4749 Dixi
3256 4692 3426 4751 vobis
3482 4694 3555 4752 de

167 4788 438 4861 ἐρωτᾶτε,
494 4784 553 4836 ού
604 4788 757 4857 μόνον
810 4780 845 4836 δ
851 4786 905 4837 ιὰ
943 4784 1128 4857 λόγων,
1188 4784 1318 4838 ἀλλὰ
1363 4790 1453 4838 καὶ
1495 4781 1568 4838 δι’
1606 4788 1755 4860 ἔργων

1962 4802 2024 4843 10
2051 4785 2446 4856 interrogatis,
2496 4799 2619 4841 non
2651 4783 2844 4840 verbis
2875 4783 3091 4849 solum,
3124 4798 3333 4840 verum
3371 4783 3550 4841 etiam

167 4935 223 4969 η
261 4931 442 4986 Joan.
483 4943 562 4996 ιχ,
593 4928 683 4984 22.
762 4927 809 4964 ²⁰
831 4928 1002 4985 Joan.
1048 4944 1167 4997 mi,
1201 4930 1287 4986 i3.
1369 4930 1411 4965 ²¹
1444 4930 1611 4985 Joan.
1655 4944 1714 4995 ιι,
1757 4927 1845 4985 18.

1440 5106 2004 5176 Varizelectiones
2017 5118 2080 5176 et
2107 5116 2307 5176 notae.

247 5306 373 5377 (16)
416 5306 555 5359 Μετὰ
583 5309 809 5366 πίστεως
840 5311 894 5357 Β.

1970 5305 2082 5377 (i7)
2114 5304 2204 5367 Ὠς
2229 5303 2397 5362 abest
2426 5306 2491 5360 Α.
2536 5301 2758 5359 ibidem
2791 5317 2930 5359 mox
2953 5301 3035 5369 ού,
3067 5318 3178 5376 pro
3218 5302 3298 5359 οὗ.

241 5487 336 5561 (ῃ)
366 5481 598 5561 έᾳςίίιςε
622 5482 899 5538 volentes.
920 5480 1786 5561 Volentesinterrogareetiam.
1900 5486 2238 5561 cesserant;
2264 5480 2755 5561 ’καταψηφίζεσθαι
2797 5495 2931 5536 vero
2965 5495 3103 5561 non
3150 5484 3241 5561 est
3280 5479 3555 5561 condem-

252 5548 333 5629 (Ξ)
370 5554 722 5634 Obtipionem
754 5569 889 5634 erga
917 5568 1031 5617 eos,
1057 5554 1159 5625 qui
1178 5548 1565 5634 condemnare
1588 5570 1793 5634 prape-
1900 5568 2067 5634 nare,
2098 5554 2196 5607 sed
2221 5548 2572 5634 simpliciter
2598 5553 2936 5634 decernere.
2965 5552 3177 5634 Dicitur
3205 5550 3320 5634 hoc
3375 5548 3454 5634 de
3481 5551 3552 5634 iis

156 5622 419 5690 rarent.
448 5622 1162 5706 Oblivionem’decernere
1180 5632 1386 5706 contra
1404 5640 1474 5681 ea
1494 5622 1631 5693 quin
1655 5622 1792 5706 ante
1901 5625 1997 5697 qui
2024 5639 2288 5706 magno.
2311 5622 2514 5706 animo
2543 5627 2823 5706 acceptas
2855 5622 3105 5706 injurias
3153 5622 3462 5694 negligant
3497 5627 3555 5679 et

159 5706 360 5777 gesta
404 5702 558 5754 sunt.
590 5699 667 5752 Τὰ
697 5698 988 5771 φθάσαντα,
1021 5702 1157 5752 sunt
1184 5696 1439 5769 injuriae,
1468 5712 1601 5770 qum
1630 5704 1791 5754 ante-
1901 5696 2313 5753 contemnunt.
2343 5696 2695 5769 Oppositum
2721 5700 2826 5763 est,
2862 5696 3088 5752 ulcisci.
