4022 6232
534 231 557 287 1
569 229 674 289 335

1867 224 2214 286 EUTHYMII
2256 225 2581 285 ZlGABENI
3687 236 3780 294 {336

530 356 815 431 operibus
844 372 858 413 :
905 356 1014 413 sed
1039 370 1159 413 non
1190 353 1430 411 creditis
1464 372 1477 409 :
1511 368 1666 412 vane
1695 370 1837 425 ergo
1871 362 1927 411 et
1951 356 2186 412 curiose

2300 352 2408 407 ἀλλ’
2486 351 2547 405 οὐ
2627 350 2917 406 πιστεύετε.
2973 349 3155 409 Μάτην
3230 349 3315 403 οὖν
3386 349 3575 427 ἔρωτᾶτε
3622 363 3692 412 καὶ
3731 381 3789 415 κι-

528 448 935 517 interrogatis.

602 542 759 594 Vers.
802 538 889 591 23.
922 536 1132 603 Opera.
1170 567 1236 574 —
1264 536 1423 591 Vers.
1449 534 1537 589 26.
1595 535 1667 591 de
1692 550 1792 590 me.
1847 535 2185 592 Testiﬁcan-

529 635 623 684 tur
642 626 807 699 quod
846 640 959 695 ego
1007 625 1137 678 sim.
1172 627 1394 680 Rursus
1439 628 1642 679 autem
1695 625 1860 681 addit
1901 625 2188 682 :Nomine

528 718 733 772 Patris
755 714 884 779 mei,
920 729 992 768 ne
1020 715 1138 768 Deo
1171 713 1505 768 contrarius
1537 713 1825 769 videatur.

599 803 826 858 Nomen
867 817 1000 857 vero
1032 803 1145 857 hoc
1177 803 1234 857 in
1264 802 1394 857 loco
1448 802 1697 873 quidam
1733 802 2011 858 dixerunt
2040 803 2187 858 divi-

528 895 774 950 nitatem
808 909 821 958 ;
855 892 1098 964 quidam
1125 896 1344 955 autem,
1382 891 1787 946 fortitudinem
1820 910 1833 958 ;
1871 892 1968 947 alii
2021 908 2183 955 vero.

528 984 878 1056 potentiam.
910 982 1255 1036 Nomiuatur
1280 981 1438 1036 enim
1481 988 1533 1035 et
1568 982 1747 1045 Dens,
1793 986 1848 1036 et
1896 981 2083 1037 Fortis
2132 987 2189 1037 et

533 1076 767 1138 Potens,
796 1070 1049 1142 aliisque
1091 1070 1276 1125 modis
1312 1069 1629 1124 similibus.
1694 1070 1752 1124 Si
1785 1070 1929 1142 quid
1985 1076 2185 1125 autem

534 1159 722 1218 Patris
771 1164 878 1226 est,
932 1158 1092 1214 idem
1133 1164 1220 1214 est
1277 1164 1330 1215 et
1382 1158 1527 1214 Filii.
1577 1158 1727 1224 Quia
1779 1174 1920 1227 ergo
1974 1176 2008 1214 a
2056 1159 2187 1215 solo

534 1248 714 1305 verbo
747 1264 808 1303 se
843 1248 1168 1302 credituros
1192 1263 1323 1302 esse
1344 1246 1731 1312 simulabant,
1767 1247 1971 1303 leniter
1987 1254 2191 1303 osten-

537 1338 625 1393 dit
653 1341 817 1409 quod
835 1336 1040 1392 dolose
1055 1342 1321 1405 agerent,
1346 1352 1414 1390 ac
1446 1338 1493 1390 si
1521 1336 1738 1392 diceret
1772 1354 1783 1390 :
1820 1337 1875 1392 Si
1906 1336 2190 1408 operibus

538 1442 661 1484 non
692 1425 947 1493 creditis,
990 1426 1293 1497 quomodo
1324 1425 1516 1480 verbis
1544 1425 1791 1481 credetis
1818 1425 1847 1482 ?

614 1518 769 1571 Vers.
797 1519 885 1569 26.
925 1516 1073 1582 Quia
1121 1530 1233 1569 non
1262 1546 1328 1554 —
1371 1515 1531 1570 meis.
1569 1518 1687 1586 Ego
1734 1514 2034 1585 siquidem
2069 1515 2192 1569 uni-

541 1620 726 1670 versa,
757 1619 891 1675 quas
930 1603 1073 1658 boni
1118 1603 1370 1675 pastoris
1422 1609 1575 1668 sunt,
1610 1603 1853 1675 ραδειὶιί
1886 1620 1895 1656 :
1957 1619 2060 1657 vos
2090 1619 2191 1658 au-

2297 448 2537 518 ριέργωςο
3304 514 3309 517 ,

2367 536 2444 586 Τὰ
2473 535 2597 604 ἔργα
2618 561 2689 571 -
2730 532 2991 583 πιστεύετε
3040 530 3175 602 (18).
3207 537 3459 605 Μαρτυρεῖ
3498 536 3569 587 ὅτι
3602 538 3681 609 ἐγὼ
3704 540 3788 611 εἰμι,

2299 622 2458 677 Πάλιν
2508 618 2566 674 δὲ
2618 623 2697 684 τό,
2726 618 2775 671 ἐν
2821 628 2890 690 τῷ
2922 618 3136 692 ὀνόματι
3186 628 3275 673 τοῦ
3325 628 3511 695 Πατρός
3533 644 3635 698 μου,
3660 630 3721 681 ἶνα
3742 638 3787 702 με

2298 709 2427 784 δόξῃ
2460 709 2709 771 ἀντίθεος.

2366 801 2571 872 ’Ὁνομα
2626 795 2685 851 δὲ
2741 805 2830 850 νῦν
2885 800 3018 860 τινες
3047 802 3136 870 μὲν
3190 803 3282 858 τὴν
3322 803 3523 859 θεότητα
3552 802 3795 872 εἷπον,τινὲς

2298 889 2356 943 δὲ
2407 894 2498 947 τὴν
2559 889 2739 959 ἰσχὺν,
2789 887 2932 940 ἄλλοι
2989 884 3048 940 δὲ
3095 893 3189 947 τὴν
3237 887 3479 951 ἐξουσίαν.
3532 894 3799 966 Ὀνομάζιτιι

2294 982 2395 1053 γὰρ
2458 983 2548 1030 καὶ
2618 980 2746 1039 Θεὸς
2797 982 2887 1029 καὶ
2936 976 3187 1050 ’ἰσχυρὸς
3243 984 3331 1031 καὶ
3377 979 3705 1045 Ἐξουσιαστής
3737 992 3797 1037 καὶ

2296 1070 2363 1120 τὰ
2413 1074 2649 1121 τοιαῦτα.
2705 1069 2764 1119 Εἰ
2813 1086 2865 1118 τι
2920 1062 2978 1118 δὲ
3042 1073 3134 1118 τοῦ
3190 1070 3403 1141 Πατρός,
3459 1078 3596 1123 τοῦτο
3634 1078 3706 1125 καὶ
3739 1083 3801 1127 τοὺ

2299 1159 2449 1212 Υἱοῡ.
2504 1155 2645 1208 Ἐπεὶ
2694 1151 2780 1207 οὖν
2825 1163 3229 1229 προσεποιοῦντο
3271 1160 3532 1215 πεισθῆναι
3578 1159 3663 1213 ἀπὸ
3693 1162 3802 1231 ψιλοῦ

2297 1246 2548 1320 ῥήματος,
2591 1241 2858 1297 δείκνυσιν
2894 1242 3099 1316 ὁμαλῶς
3141 1246 3223 1296 ὅτι
3260 1255 3631 1319 κακουργοῦσιν,
3669 1253 3805 1304 eam

2298 1334 2456 1405 λέγων
2507 1352 2520 1366 ·
2576 1333 2640 1385 Εἰ
2694 1339 2803 1395 τοῖς
2880 1336 3051 1407 ἔργοις
3124 1333 3184 1385 οὐ
3258 1338 3526 1402 πιστεύετε,
3588 1348 3677 1399 πῶς
3733 1348 3806 1399 τοῖς

2299 1423 2469 1495 λόγοις
2505 1424 2810 1475 πιστεύσετε
2840 1439 2852 1489 ;

2374 1511 2449 1565 Οὐ
2502 1514 2604 1584 γὰρ
2637 1542 2704 1552 -
2736 1511 2887 1583 ἐμῶν.
2916 1511 3052 1583 Ἐγώ
3108 1516 3198 1583 μὲν
3250 1516 3351 1587 γὰρ
3397 1514 3455 1575 ὡς
3490 1520 3657 1587 ποιμὴν
3696 1518 3807 1577 καλὸς

2301 1605 2472 1655 πάντα
2528 1604 2595 1653 τὰ
2646 1608 2737 1653 τοῦ
2794 1599 2953 1653 καλοῦ
3009 1606 3244 1674 ποιμένος
3315 1599 3616 1673 ἐνεδειξάμην
3650 1623 3661 1637 ο
3706 1607 3807 1674 Qui;

542 1702 659 1751 tem
690 1711 725 1749 a
755 1692 1109 1761 cognatione
1135 1692 1341 1748 ovium
1375 1709 1641 1748 mearum
1684 1708 1790 1747 vos
1826 1692 1988 1763 ipsos
2023 1709 2189 1764 sepa-

2304 1688 2362 1744 δε
2434 1689 2754 1765 ἀπερρἠξατε
2822 1689 3036 1751 ἑαυτοὺς
3101 1699 3195 1753 τῆς
3272 1700 3368 1745 τῶν
3434 1692 3672 1765 προϐάτων
3725 1713 3812 1764 ενι·

540 1784 735 1841 rasﬁs.

616 1873 779 1929 Vers.
822 1873 912 1927 56.
948 1873 1113 1929 Sicut
1139 1902 1196 1913 -—
1240 1873 1401 1927 Vers.
1435 1874 1524 1927 27.
1558 1887 1666 1929 me.
1698 1875 1777 1928 De
1804 1871 1891 1927 his
1922 1872 2194 1944 superius

543 1962 768 2020 dictum
798 1965 910 2020 est.

618 2054 774 2107 Vers.
808 2051 894 2106 28.
954 2052 1018 2105 Et
1062 2066 1166 2120 ego
1197 2082 1263 2091 —
1315 2057 1621 2107 aeternum.
1674 2052 1737 2105 Et
1794 2051 1870 2106 de
1926 2051 2038 2106 hac
2079 2050 2197 2106 vita

543 2140 876 2213 frequenter
905 2140 1125 2194 dictum
1158 2145 1245 2195 est
1276 2145 1331 2193 et
1357 2142 1491 2195 data
1514 2140 1945 2211 interpretatio.

615 2230 774 2285 Vers.
814 2232 903 2283 28.
933 2230 1040 2284 Nec
1074 2244 1311 2285 —mea.
1349 2229 1671 2300 Quisquam
1700 2246 1769 2283 ex
1807 2230 1918 2295 his,
1951 2229 2054 2300 qui
2084 2229 2196 2285 illis

543 2316 923 2372 insidiantur.
949 2316 1192 2370 Manum
1218 2332 1355 2372 vero
1383 2316 1527 2372 dicit
1554 2318 1826 2373 virtutem
1844 2334 1910 2373 ac
1942 2324 2197 2389 potesta—

544 2410 664 2461 tem
697 2421 891 2461 suam.
925 2406 1045 2459 Hoc
1075 2409 1274 2460 autem
1290 2405 1449 2475 dixit,
1475 2407 1615 2478 quia
1633 2411 1959 2463 statuerant
1985 2407 2195 2478 judaai,

543 2500 607 2551 ut
636 2496 687 2550 si
735 2496 867 2566 quis
896 2496 1278 2551 confiteretur
1327 2512 1455 2551 eum
1504 2511 1624 2551 esse
1656 2496 1967 2563 Christum,
2024 2501 2195 2553 extra

540 2599 905 2656 synagogam
959 2586 1377 2654 ejiceretur";
1424 2584 1742 2642 conﬁrmat
1793 2585 1975 2650 enim,
2030 2585 2194 2658 quod

541 2673 762 2729 frustra
791 2673 1085 2729 laborent.

610 2764 697 2833 -Η-
726 2765 947 2835 Rapere
960 2761 1205 2834 quidem
1223 2778 1294 2817 ex
1320 2762 1535 2818 invicta
1557 2762 1764 2819 dextra
1781 2780 1918 2820 eum
1949 2764 2049 2835 qui
2070 2779 2191 2820 non

551 2851 697 2917 vult,
715 2866 893 2906 nemo
912 2850 1102 2907 hostis
1122 2857 1333 2923 potest;
1356 2858 1548 2923 potest
1565 2857 1764 2907 tamen
1779 2852 2112 2924 deceptum,
2138 2857 2194 2908 et

541 2955 678 2996 eum
711 2943 808 3011 qui
848 2957 911 2995 se
949 2940 1150 3011 ipsum
1179 2940 1377 3012 prodit
1415 2940 1470 2995 in
1504 2957 1761 2997 errorem
1808 2941 2046 2998 ducere.
2074 2945 2190 2998 Hoc

2301 1800 2519 1853 γενειας.

2380 1872 2559 1932 Καθὼς
2576 1901 2644 1910 -
2663 1889 2773 1944 μοι.
2811 1873 3028 1944 Εῖρηται
3050 1876 3166 1945 περὶ
3188 1872 3379 1925 τούτων
3401 1870 3627 1945 ἀνωτέρω.

2380 2048 2536 2119 Κάγὼ
2584 2080 2653 2089 -
2698 2048 2879 2105 αἰῶνα.
2932 2053 3032 2102 Καὶ
3075 2053 3192 2121 περὶ
3239 2059 3336 2111 τῆς
3390 2053 3516 2111 ζωῆς
3551 2054 3711 2111 ταύτης
3735 2049 3818 2103 πολ-

2304 2138 2449 2198 λάκις
2480 2141 2683 2210 εἴρηται
2713 2142 2801 2189 καὶ
2830 2140 3173 2212 ἡρμήνευται.

2382 2232 2481 2280 Καὶ
2536 2227 2640 2298 οὐχ
2673 2256 2737 2266 —-
2781 2246 2903 2298 μου.
2952 2232 3040 2287 Ti;
3082 2235 3178 2279 τῶν
3222 2227 3625 2282 ἐπιϐουὶευόντων
3671 2228 3819 2290 αὐτοῖς.

2308 2324 2472 2391 Χεῖρα
2534 2312 2592 2368 δὲ
2662 2316 2796 2387 λέγει
2852 2320 2944 2374 τὴν
2995 2313 3216 2388 δύναμιν
3273 2322 3361 2369 καὶ
3403 2318 3622 2381 ἐξουσίαν
3669 2318 3817 2370 αὐτοῦ·

2308 2414 2459 2458 τοῦτο
2518 2402 2576 2457 δὲ
2650 2402 2777 2469 εἷπε,
2849 2401 2990 2457 διότι
3046 2411 3412 2476 συνεφώνησαν
3459 2402 3698 2471 Ἰουδαῖοι,
3747 2406 3818 2469 ἵνα,

2307 2494 2390 2547 ἐάν
2496 2513 2571 2554 τις
2669 2493 2824 2546 αὐτόν
2920 2493 3220 2566 ὁμολογήσῃ
3297 2499 3539 2568 Χριστόν,
3626 2495 3823 2547 ἀποσυνά-

2304 2601 2475 2653 γωγος
2526 2586 2777 2653 γένηται·
2832 2582 3039 2655 βεϐαιοῖ
3093 2586 3196 2655 ’γὰρ
3254 2586 3339 2636 ὃτι
3417 2584 3485 2646 εἰς
3534 2588 3649 2636 me:
3706 2603 3823 2636 στου-

2308 2667 2585 2734 δείξουσιν.

2669 2493 2824 2546 αὐτόν

2375 2759 2665 2833 [Ἀρποξσαι
2715 2762 2821 2831 (19)
2861 2764 2951 2834 μὲν
2998 2760 3054 2814 ἐκ
3082 2769 3177 2823 τῆς
3208 2760 3465 2821 ἀηττήτου
3494 2759 3649 2825 δεξιᾶς
3679 2766 3747 2814 τὸν
3771 2768 3820 2831 μὴ

2305 2848 2615 2923 βουλόμενον
2664 2846 2838 2911 οὐδεὶς
2889 2849 3081 2924 ἐχθρός
3128 2847 3355 2904 δύναται
3388 2870 3400 2881 ·
3427 2851 3749 2910 ἁποπλανῆσαι
3784 2848 3827 2902 δι

2300 2942 2385 2991 τόν
2421 2937 2749 3011 ἀπατώμενον
2790 2944 2879 2991 καὶ
2927 2936 3256 3013 προδιδόντα
3299 2941 3477 2994 ἑαυτὸν
3506 2938 3695 2993 δύναται
3723 2956 3734 2970 ·
3762 2946 3825 2991 καὶ

540 3034 765 3093 autem,
797 3045 917 3084 non
951 3045 1055 3100 per
1081 3030 1367 3085 invictam
1394 3030 1685 3096 dextram,
1718 3031 1816 3085 sed
1845 3048 1946 3102 per
1986 3031 2189 3088 volun-

2300 3036 2451 3081 τοῦτο
2535 3029 2593 3081 οὐ
2652 3030 2794 3101 παρὰ
2860 3033 2954 3087 τὴν
3018 3030 3231 3101 ἄμαχον
3298 3027 3489 3093 δεξιὰν,
3548 3030 3659 3083 ἀλλὰ
3725 3032 3827 3104 παρὰ

540 3117 752 3175 tariam
783 3116 1077 3174 levitatem
1107 3118 1236 3189 ejus
1273 3118 1377 3190 qui
1402 3118 1642 3174 recedit.

608 3296 777 3353 Vers.
817 3298 903 3353 29.
928 3297 1195 3353 Pater—
1217 3303 1319 3353 est.
1354 3297 1540 3367 Major
1572 3297 1854 3353 omnibus
1889 3298 2193 3354 insidiato-

534 3384 716 3452 ribus,
754 3389 816 3440 ut
846 3385 1073 3441 dictum
1106 3388 1212 3439 est.
1247 3384 1471 3440 Rursus
1510 3401 1672 3456 ergo,
1713 3386 1870 3458 quod
1902 3385 2000 3458 ait,
2027 3388 2191 3443 Dedit

533 3475 700 3539 mihi,
732 3474 1239 3546 dispensatorium
1267 3480 1372 3529 est.

604 3564 769 3618 Vers.
839 3568 925 3618 29.
1010 3564 1087 3617 Et
1166 3595 1235 3602 —
1284 3563 1415 3619 mei.
1481 3567 1561 3619 Ne
1609 3568 1833 3634 autem,
1903 3569 2191 3638 tanquam

532 3650 855 3722 impotens,
888 3650 1467 3721 videatuﬁauxilium
1499 3668 1534 3709 a
1562 3654 1727 3709 Patre
1759 3669 2027 3726 poscere,
2059 3655 2190 3710 sub-

533 3738 730 3795 intulit
761 3753 776 3794 :

604 3829 764 3884 Vers.
790 3829 877 3885 39.
895 3828 1014 3899 Ego
1038 3859 1105 3870 —
1127 3845 1346 3885 sumus.
1374 3833 1569 3887 Unum
1595 3833 1873 3904 potentia,
1902 3834 2023 3889 sive
2037 3834 2188 3905 ejus-

533 3918 672 3975 dem
692 3918 967 3990 potentite
989 3934 1000 3971 :
1022 3920 1184 3990 quod
1225 3919 1272 3974 si
1298 3936 1483 3976 unum
1531 3922 1817 3993 potentia,
1836 3939 2021 3978 unum
2047 3940 2189 3980 sane

534 4007 902 4064 etdiviuitate
916 4012 970 4062 et
988 4008 1325 4073 essentia,et
1344 4016 1573 4066 natura.
1598 4011 1805 4066 Dicens
1826 4012 2025 4084 itaque
2042 4014 2189 4082 :Ego

533 4102 589 4154 et
615 4096 1156 4161 Paler,dualitatem
1172 4097 2191 4170 signiﬁcavitpersonarum,diversi-

534 4189 717 4242 tatem
737 4185 1131 4256 hypostaseon
1163 4202 1176 4250 ;
1205 4186 1470 4242 subdens
1499 4192 1720 4254 autem,
1754 4189 1945 4245 Unum
1965 4205 2186 4255 sumus,

534 4274 858 4331 divinitatis
895 4273 1200 4342 unitatem,
1236 4275 1600 4333 identitatem
1631 4278 1917 4343 essentiae,
1963 4284 2188 4335 natura:

535 4369 592 4421 et
618 4366 919 4437 potentias.

605 4542 874 4599 Vers.’3t.
894 4542 1285 4601 Sustulerunt
1309 4574 1374 4584 —
1396 4558 1541 4600 eum.
1568 4542 1720 4612 Quia
1746 4548 1956 4601 natura
1980 4545 2187 4602 Filium

532 4631 635 4686 Dei
693 4648 755 4686 se
823 4632 1101 4699 dicebat;
1183 4649 1327 4690 nam
1382 4632 1498 4689 hoc
1592 4632 1905 4706 significat,
1994 4635 2185 4691 Unum

534 4734 755 4777 sumus.

611 4808 754 4864 Vide
793 4823 952 4879 ergo,
1006 4810 1317 4881 quomodo
1366 4811 1616 4867 convicti
1659 4812 1791 4877 sint,
1848 4812 2012 4884 quod
2063 4827 2183 4867 non

534 4896 803 4952 discendi
829 4912 1010 4953 causa
1040 4898 1489 4972 interrogarent,
1519 4900 1623 4957 sed
1645 4901 1975 4956 occasionis
2012 4902 2186 4957 alicu-

530 4987 631 5059 jus
685 4986 1059 5059 arripiendae,
1116 5004 1238 5059 qua
1290 5006 1429 5046 eum
1478 4990 2069 5063 comprehenderent,
2125 4997 2185 5046 ut

534 5076 820 5133 diximus.

609 5206 649 5241 ἰ
685 5205 851 5269 toan,
878 5218 957 5272 ix,
1000 5204 1089 5262 22.

2300 3122 2393 3176 τὴν
2469 3117 2797 3180 αὐτεξούσιον
2876 3117 3142 3191 εὐχέρειαν
3212 3126 3312 3171 τοῦ
3380 3119 3614 3181 ἑκουσίως
3666 3118 3827 3190 ἀποφοι-

2300 3212 2361 3263 τὴ
2376 3206 2603 3279 σαντος.]

2375 3295 2433 3347 Ὀ
2487 3299 2666 3369 Πατὴρ
2702 3325 2770 3335 —
2827 3293 2959 3351 ἐστί.
3014 3299 3221 3358 mare»
3276 3301 3479 3349 πάντων
3546 3306 3634 3348 τῶν
3674 3292 3828 3346 ἐπιϐου-

2299 3384 2566 3450 λευόντων,
2623 3386 2693 3447 ὡς
2748 3387 2966 3458 εἴρηται.
3022 3385 3181 3439 Πάλιν
3262 3382 3355 3439 οὐν
3426 3390 3480 3439 τό
3528 3381 3703 3439 δέδωκέ
3746 3399 3827 3453 μοι,

2300 3474 2645 3546 οἰκονομικόν.

2374 3567 2475 3614 Καὶ
2502 3583 2717 3635 -μου,
2770 3563 2881 3617 Ἵνα
2910 3559 2968 3616 δε
2999 3568 3068 3636 μὴ
3121 3560 3247 3638 δόξῃ
3289 3568 3362 3626 ὡς
3418 3562 3626 3625 ἀσθενὴς
3672 3560 3827 3634 βοηθεῖ·

2302 3652 2427 3703 σθαι
2455 3655 2597 3726 παρά
2627 3660 2716 3705 τοῦ
2744 3654 2856 3725 (20)
2890 3656 3111 3725 Πατρός,
3144 3652 3409 3725 ἐπήγαγεν
3438 3670 3451 3685 ⁸

2370 3830 2502 3902 Ἐγὼ
2560 3862 2628 3871 --
2680 3830 2850 3903 ἐσμέν.
2916 3837 3001 3884 Ἓν
3074 3834 3210 3884 κατὰ
3282 3838 3380 3892 τὴν
3445 3829 3667 3904 δύναμιν,
3712 3834 3830 3897 ἤγουν

2297 3916 2687 3992 ταυτοδύναμοι
2722 3938 2732 3950 ·
2769 3920 2811 3973 εἰ
2860 3916 2919 3973 δε
2970 3920 3017 3972 ἓν
3056 3924 3193 3973 κατὰ
3243 3927 3342 3980 τὴν
3402 3918 3630 3993 δύναμιν,
3681 3918 3720 3970 ἓν
3757 3917 3830 3985 ἄρα

2297 4015 2387 4062 καὶ
2434 4012 2568 4061 κατά
2605 4014 2698 4067 τὴν
2744 4011 2964 4067 θεότητα
3008 4015 3097 4062 καὶ
3140 4011 3329 4064 οὐσίαν
3361 4016 3451 4064 καὶ
3482 4014 3643 4083 φύσιν.
3672 4008 3747 4060 Διὰ

2298 4095 2385 4151 οὖν
2437 4098 2564 4169 (20⁸)
2608 4106 2699 4150 τοῦ
2757 4100 2912 4151 εἰπεῖν
2947 4116 2959 4129 ’
2991 4099 3122 4171 Ἐγὼ
3156 4105 3245 4151 καὶ
3293 4102 3319 4152 ὁ
3356 4105 3557 4172 Πατήρ,
3590 4100 3672 4154 τὴν
3697 4089 3829 4147 δυάδι

2298 4185 2530 4247 ἐδήλωσε
2581 4196 2681 4239 τῶν
2730 4194 3041 4259 προσώπων,
3088 4192 3146 4241 τό
3213 4185 3470 4264 διάφορον
3518 4197 3607 4240 τῶν
3651 4182 3829 4239 ὑποστά-

2300 4296 2425 4330 σεων
2459 4295 2470 4307 ’
2504 4273 2597 4329 διὰ
2636 4273 2694 4328 δὲ
2732 4284 2843 4342 τοῦ,
2896 4276 2983 4329 Ἐν
3034 4275 3208 4349 ἐσμεν,
3260 4284 3361 4336 τὴν
3405 4274 3603 4351 μονάδα
3636 4284 3714 4335 τῆς
3752 4273 3829 4322 θεν·

2298 4386 2473 4429 τητος,
2526 4369 2584 4418 τό
2642 4369 2828 4418 ταυτὸν
2878 4374 2973 4428 τῆς
3012 4366 3194 4429 οὐσίας
3249 4372 3345 4421 καὶ
3410 4369 3597 4441 φύσεως
3641 4368 3717 4417 καὶ
3765 4355 3829 4412 δν·

2298 4458 2515 4526 νάμεως.

2372 4544 2678 4597 Εϐάστασαν
2728 4574 2796 4583 -
2835 4544 3007 4596 αὐτόν.
3068 4549 3211 4597 Διότι
3281 4548 3403 4598 res»
3456 4551 3545 4597 τοῦ
3602 4546 3715 4597 Θεοῦ
3760 4538 3825 4608 9‘3-

2300 4653 2380 4685 σει
2456 4632 2587 4686 εἶπεν
2658 4633 2837 4686 ἑαυτόν
2892 4649 2907 4663 ·
2970 4640 3122 4687 τοῦτο
3197 4636 3300 4710 γὰρ
3377 4634 3601 4706 ἕμφαίνιι
3666 4633 3713 4682 τὸ
3767 4624 3826 4675 Ἐν

2298 4723 2469 4793 ἐσμεν.

2365 4810 2501 4884 Ὅρα
2540 4808 2597 4863 δὲ
2654 4820 2757 4872 πῶς
2804 4811 3164 4883 ἠλέγχθησαν,
3229 4812 3339 4884 οὐχ
3396 4814 3522 4886 ὑπὲρ
3573 4816 3655 4862 τοῦ
3696 4806 3825 4879 μαθεῖν

2297 4900 2599 4974 ἐρωτῶντες,
2655 4898 2762 4952 ἀλλ’
2803 4902 2927 4973 ὑπὲρ
2979 4897 3067 4953 τοῦ
3123 4897 3431 4973 δράξασθαί
3479 4920 3609 4961 τινος
3650 4897 3827 4968 ἀφορμὴ

2297 5008 2362 5049 εις
2394 4988 2639 5055 ἐπίθεσιν,
2672 4993 2739 5051 ὡς
2760 4995 3070 5064 προέφημεν.

1732 5324 1921 5395 Vriae
1962 5322 2289 5392 lectiones
2329 5331 2394 5390 et
2434 5332 2645 5391 notae.

747 5485 1067 5559 Hentenius
1113 5484 1355 5559 omisit;
1391 5484 1531 5559 Ἀλλ’
1560 5487 1701 5559 ὑμεῖς
1732 5487 1791 5539 οὐ
1822 5489 2110 5541 πιστεύετε.

606 5556 627 5625 (
640 5557 723 5629 l9)
762 5559 893 5613 Haec
924 5557 985 5613 in
1028 5556 1296 5628 margine
1320 5557 1546 5615 habent
1573 5556 1744 5616 codd.
1774 5563 1839 5624 A,
1896 5562 1953 5615 Β.
1988 5562 2191 5616 liente-

534 5627 668 5685 nius
696 5627 817 5684 non
843 5629 1046 5687 habet.

2370 5487 2479 5550 (20)
2518 5483 2642 5537 ’Υπό
2673 5490 2762 5536 τοῦ
2794 5484 2862 5537 Α.

2369 5558 2502 5631 (30')
2536 5552 2641 5607 Οὖν
2672 5554 2842 5612 abest
2868 5558 2939 5611 Α.
