4022 6232
161 287 300 346 i337

1220 282 1590 341 COMMENT.
1635 281 1704 337 ΙΝ
1738 279 2093 338 JOANNEM.
2135 313 2202 320 —
2243 279 2397 336 CAP.
2443 277 2517 336 X.

3392 274 3531 334 1338

233 415 334 470 Καὶ
366 409 514 466 διατι
545 406 772 466 δέδωκεν
822 407 1000 471 αὐτοῖς
1043 407 1278 485 ἀφορμήν
1310 424 1325 476 ;
1353 412 1496 462 Διότι
1522 405 1757 461 ὶϐούλετο

1940 407 2007 461 Ει
2034 420 2220 478 quare
2245 405 2408 461 dedit
2423 403 2510 460 eis
2537 401 2912 461 occasionem
2935 403 2964 460 ?
2991 403 3140 471 Quia
3157 399 3395 460 volebat
3421 418 3525 459 eos

154 510 244 555 νῦν
297 501 488 564 αὐτοὺς
534 500 617 574 ὑφ’
677 500 866 554 έαυτῶν
921 499 1236 572 ἐλεγχθῆναι
1283 501 1621 572 πειράζοντας
1670 503 1759 550 καὶ

153 599 599 666 κακουργοῦντας.
651 590 846 653 Ἀλλως
894 609 948 642 τε
1001 586 1060 643 δὲ
1109 589 1204 642 οὐκ
1279 586 1387 642 ἔδει
1443 591 1613 641 πάντα
1677 586 1758 639 οἰ-

154 691 448 754 κονομικῶς
497 680 682 752 λέγειν,
734 678 861 731 ἀλλὰ
926 686 1014 732 καὶ
1071 686 1300 752 γυμνοῦν
1363 678 1412 731 ἐν
1468 680 1610 751 μέρει
1667 679 1761 735 τὴν

156 771 426 830 ἀλήθειαν.

226 861 516 934 ’Δπεκρίθη

155 956 352 1025 Πατρὶ.

227 1043 327 1092 Διά
355 1071 423 1079 -
453 1057 516 1110 με
547 1055 560 1104 ;
595 1040 688 1091 Διά
711 1044 858 1089 ποῖον
889 1039 1057 1108 ἔργον,
1085 1041 1156 1109 μὴ
1195 1032 1230 1088 δ
1235 1037 1427 1089 εικνύον
1451 1055 1520 1109 με
1551 1035 1663 1089 ἶσον
1693 1042 1764 1105 τῷ

154 1137 326 1203 Πατρι
350 1147 364 1196 ;
394 1130 472 1181 Τὰ
501 1131 627 1199 ἔργα
651 1122 738 1180 οὖν
772 1122 884 1179 ἶσόν
913 1145 978 1199 με
1002 1134 1073 1198 τῷ
1106 1129 1272 1201 Πατρὶ
1301 1127 1644 1198 κηρύττουσι,
1670 1123 1766 1176 κᾶν

153 1218 256 1290 ἐγώ
293 1221 553 1276 σιωπήσω
579 1217 715 1288 (21).

613 890 680 900 -
776 878 898 932 μου.
976 858 1279 912 Δεικνύοντοί
1373 876 1436 930 με
1510 853 1621 909 ἶσον
1693 863 1764 926 τῷ

233 1397 606 1470 Δπεκρίθησαν
665 1426 735 1437 -
788 1398 938 1448 Θεὸν.
972 1395 1068 1446 Διὰ
1116 1393 1270 1446 καλὸν
1316 1395 1462 1469 ἔργον
1515 1392 1574 1445 ού
1624 1393 1767 1446 λιθά-

159 1487 317 1560 ζομέν
369 1504 448 1552 σε,
514 1483 645 1538 ἀλλὰ
693 1480 790 1537 διὰ
825 1483 1190 1556 βλασφημίαν.
1245 1487 1378 1543 Τέως
1433 1479 1520 1535 οὖν
1574 1481 1768 1555 ὡμολό-

155 1595 334 1648 γησαν
387 1573 523 1626 καλοὶ
573 1576 639 1626 τὰ
695 1577 821 1646 ἔργα
867 1573 1049 1625 αὐτοῦ·
1109 1572 1153 1625 εἰ
1183 1569 1242 1625 δὲ
1270 1572 1403 1624 καλὰ
1439 1575 1503 1628 τὰ
1527 1573 1655 1645 ἔργα
1681 1571 1770 1623 αύ-

156 1673 271 1732 τοῡ,
324 1664 458 1718 αύτὰ
511 1671 676 1717 ταῦτα
714 1671 1072 1739 μαρτυροῦσιν
1125 1663 1206 1715 ὅτι
1239 1662 1298 1715 ού
1334 1661 1654 1736 βλασφημεῖ,
1683 1661 1767 1714 λέ-

1867 511 1905 551 a
1953 495 2163 566 seipsis
2232 495 2525 560 convinci,
2595 495 2759 567 quod
2807 499 3118 557 tentarent,
3179 494 3526 564 malumque

1869 584 2375 641 machinarentur.
2402 585 2691 639 Praterea
2727 599 2844 640 non
2885 583 3150 656 oportuit
3178 583 3383 638 omnia
3411 581 3529 637 dis-

1870 675 2209 746 pensatorie
2230 674 2416 747 loqui,
2451 673 2557 729 sed
2580 673 2754 730 etiam
2786 673 3092 730 denudare
3130 673 3188 728 in
3231 677 3400 745 parte
3435 689 3530 726 ve-

1869 763 2126 822 uuam.

1944 855 2111 910 Vers.
2156 858 2242 910 32.
2291 855 2608 924 Respondit
2682 884 2741 893 ——
2815 868 2959 910 meo.
3005 855 3146 918 Qua
3227 868 3320 908 me
3374 851 3528 906 Patri

1873 944 2167 1015 aqualem
2199 943 2539 999 ostendunt.

1945 1032 2112 1089 Vers.
2158 1035 2245 1087 32.
2298 1034 2552 1100 Propter
2598 1061 2664 1070 —
2713 1046 2823 1087 me.
2875 1033 3116 1102 Propter
3162 1029 3328 1102 quod
3353 1044 3528 1100 opus,

1873 1121 2040 1194 quod
2065 1138 2156 1176 me
2183 1137 2305 1177 non
2325 1120 2601 1177 ostendat
2629 1121 2782 1176 Patri
2813 1136 2940 1176 esse
2971 1119 3254 1192 aqualem
3286 1118 3314 1173 ?
3342 1119 3535 1190 Opera

1875 1226 2018 1280 ergo
2064 1227 2158 1267 me
2202 1212 2356 1268 Patri
2403 1210 2693 1284 aqualem
2734 1225 2866 1266 esse
2911 1209 3262 1282 pradicant,
3290 1208 3395 1264 etsi
3423 1223 3535 1278 ego

1875 1304 2136 1357 tacuero.

1948 1390 2110 1447 Vers.
2154 1395 2240 1448 33.
2264 1390 2708 1461 Responderunt
2739 1421 2805 1431 —
2857 1389 3056 1447 Deum.
3106 1388 3342 1444 Interim
3390 1403 3532 1457 ergo

1875 1479 2039 1538 bona
2067 1496 2200 1536 esse
2244 1480 2374 1551 ejus
2434 1495 2616 1552 opera
2666 1478 3006 1536 fatebantur
3038 1495 3049 1532 :
3086 1477 3240 1549 quod
3275 1477 3326 1531 si
3373 1478 3531 1533 bona

1882 1575 2021 1625 sunt
2047 1570 2175 1639 ejus
2196 1569 2552 1640 opera,hac
2595 1568 2808 1624 eadem
2855 1572 3162 1634 testantur,
3215 1566 3376 1638 quod
3409 1581 3532 1621 non

1880 1658 2490 1732 blasphemet,dicens
2522 1674 2652 1714 sese
2681 1660 2863 1714 Deum
2890 1673 3019 1714 esse
3049 1676 3066 1729 ;
3093 1662 3228 1713 sunt
3247 1656 3405 1712 enim
3432 1655 3532 1710 Dei

157 1773 264 1826 γων
283 1754 473 1807 ἑαυτὸν
505 1759 656 1807 Θεὸν·
686 1755 814 1827 ἔργα
827 1754 930 1825 γὰρ
961 1751 1067 1805 εἱσι
1088 1759 1245 1818 Θεοῦ,
1277 1756 1366 1804 καὶ
1387 1751 1482 1804 οὐκ
1498 1749 1766 1825 ἀνθρώπου

1893 1765 2082 1823 apera,
2115 1755 2170 1805 et
2193 1764 2314 1806 non
2343 1748 2475 1821 puri
2505 1747 2784 1804 hominis.

153 1843 197 1915 ψ
206 1842 318 1897 ιλοῦ
327 1886 342 1901 .

233 1932 519 2008 Ἀπεκρίθη
581 1963 650 1973 —
724 1931 898 2000 ἐστέ;
965 1935 1139 2004 Νόμον
1197 1929 1280 1985 ἐπὶ
1356 1937 1448 1984 τοῦ
1517 1935 1770 2007 παρόντος

155 2025 255 2079 τὴν
287 2019 468 2094 βίϐλον
496 2030 598 2074 τῶν
652 2021 874 2094 Ψαλμῶν
934 2037 1113 2094 φησιν·
1162 2019 1211 2072 ἒν
1251 2019 1414 2094 ἐκείνῃ
1457 2023 1558 2095 γὰρ
1617 2028 1770 2073 τοῦτο

150 2114 471 2185 γέγραπται·
515 2111 627 2164 ἐπεὶ
663 2115 754 2164 καὶ
796 2109 929 2168 αὕτη
962 2113 1135 2182 νόμος,
1172 2106 1267 2163 διὰ
1321 2129 1376 2162 τε
1427 2112 1493 2162 τὰ
1540 2111 1588 2162 έν
1633 2109 1765 2182 αὐτῇ

154 2202 478 2254 θεόπνευστα
503 2199 676 2272 λόγια,
708 2205 799 2254 καὶ
851 2196 944 2252 διὰ
999 2203 1058 2252 τὸ
1108 2195 1466 2272 παιδαγωγεῖν
1510 2205 1600 2252 καὶ
1637 2200 1768 2275 ῥυθ-

151 2289 331 2363 μίζειν
351 2293 473 2352 τοὺς
515 2288 836 2364 ἀνθρώπους.

230 2379 291 2433 Εἰ
323 2410 390 2419 —
435 2379 583 2450 εἰμες
647 2380 908 2445 Λυθῆναι,
941 2378 1055 2432 ἀντὶ
1104 2386 1217 2446 τοῦ,
1267 2385 1462 2443 πεσεῖν,
1513 2378 1770 2438 ἁθετηθῆ-

151 2488 262 2522 ναι.
310 2468 528 2540 Ἠγίασε
588 2464 648 2521 δέ
698 2468 812 2520 ἀντὶ
869 2475 983 2532 τοῦ,
1038 2466 1316 2540 ἀφώρισεν,
1375 2467 1654 2532 ἒξελέξατο.
1705 2469 1770 2521 ⁸0

155 2560 218 2611 δέ
291 2557 429 2628 λέγει
502 2561 734 2610 τοιοῦτόν
783 2555 951 2610 ἐστιν·
1007 2557 1066 2610 Εἰ
1143 2555 1362 2618 ἐκείνους
1437 2555 1545 2610 εἷπε
1627 2560 1768 2618 θεοὺς

152 2649 180 2699 6
245 2650 394 2712 Θεὸς,
490 2644 788 2719 ἀνθρώπους
861 2650 1031 2709 ὄντας,
1088 2645 1174 2719 ἔμε
1247 2647 1397 2718 ὑμεῖς
1453 2646 1626 2718 λέγετε
1692 2649 1770 2699 ὅτι

151 2737 504 2809 Βλασφημεῖς,
573 2732 710 2789 διότι
771 2734 932 2788 εἶπον·
977 2738 1097 2797 Υἱός
1146 2742 1240 2787 τοῦ
1293 2741 1427 2788 Θεοῦ
1477 2735 1604 2807 εἰμι,
1660 2735 1765 2808 ἐμὲ,

152 2829 212 2880 6v
258 2829 285 2879 6
318 2830 495 2898 Πατήρ
539 2823 816 2900 ἀφώρισεν,
852 2823 1113 2888 ἐξελέξατο
1139 2829 1230 2877 καὶ
1261 2822 1554 2877 ἀπέστειλεν
1586 2825 1659 2887 εἰς
1684 2829 1769 2878 τὸν

148 2919 357 2987 κόσμον
389 2931 405 2982 ;

229 3002 698 3076 Σνγκαταϐατικῶς
782 2999 842 3056 δὲ
919 3005 1086 3056 ταῦτά
1153 3023 1306 3076 φησι.
1393 3010 1600 3076 Πρῶτον
1665 3005 1766 3075 γὰρ

151 3093 294 3166 γαλᾴ
314 3099 403 3147 καὶ
423 3095 712 3165 καθυφίησι
736 3101 808 3164 τῷ
827 3092 985 3164 λόγῳ,
1010 3097 1100 3145 καὶ
1117 3098 1450 3166 ταπεινότερα
1461 3095 1760 3165 φθέγγεται,
1807 3123 1848 3180 C

149 3185 620 3258 παραμυθούμενος
663 3185 750 3235 τόν
804 3184 967 3256 θυμὸν
1019 3182 1210 3236 αὐτῶνθ
1257 3185 1436 3236 ἔπειτα
1487 3182 1668 3254 ἐπάγει
1706 3186 1770 3235 τὰ

150 3274 470 3346 ὑψηλότερα.

228 3363 394 3418 Εἰ-
433 3364 767 3417 πιστεύσατε.
821 3362 952 3418 Ἀπὸ
1003 3371 1100 3425 τῆς
1155 3370 1253 3415 τῶν
1301 3364 1462 3437 ἔργων
1529 3363 1769 3423 ἰσότητος

148 3458 243 3507 καὶ
268 3456 592 3513 ταυτότητος
626 3456 718 3512 τήν
746 3455 880 3525 πρὸς
925 3455 1016 3505 τὸν
1049 3455 1255 3523 Πατέρα
1282 3451 1500 3510 ἰσότητα
1527 3456 1616 3504 καὶ
1643 3471 1766 3504 ταυ-

149 3547 354 3600 τότητα
383 3537 626 3594 δεικνύει.

222 3632 339 3686 Ἰνα
373 3663 443 3671 -
480 3631 641 3701 αύτῷ.
709 3629 827 3684 Ὀτι
883 3630 932 3683 έν
985 3629 1100 3704 ἐμοὶ
1168 3631 1434 3706 θεωρεῖται
1486 3631 1512 3683 6
1563 3637 1766 3706 Πατήρ.

146 3717 326 3774 Ούδὶν
358 3722 460 3793 γὰρ
500 3720 623 3774 ἄλλο
649 3719 749 3792 ἐγὼ
788 3722 817 3781 ἣ
867 3719 989 3796 ὅπερ
1021 3723 1047 3772 ὁ
1084 3703 1285 3795 Πατὴρ,
1315 3724 1478 3793 μένων
1509 3723 1644 3782 Υἱός
1679 3703 1770 3774 κοιἱ

145 3805 306 3863 οὐδὲν
331 3808 501 3862 ἄλλοὸ
530 3814 708 3882 Πατὴρ
751 3811 780 3869 ἦ
828 3810 952 3886 ὅπερ
995 3809 1115 3882 ἐγὼ,
1153 3814 1314 3884 μένων
1345 3815 1538 3883 Πατήρ.
1574 3808 1633 3862 Ὀ
1679 3806 1767 3862 οὖν

145 3902 238 3951 τόν
287 3901 404 3951 Υἱόν
449 3902 603 3969 γνοὺς
628 3903 716 3951 τόν
748 3904 952 3973 Πατέρα
981 3902 1110 3972 ἔγνω
1154 3917 1166 3930 '
1208 3903 1299 3951 καὶ
1351 3900 1376 3950 6
1429 3901 1515 3951 τόν
1561 3904 1766 3975 Πατέρα

143 3989 334 4061 μαθὼν
355 3990 441 4040 τὸν
473 3990 592 4041 Υἰὸν
620 3990 800 4062 ἔμαθε.

225 4172 327 4220 Καὶ
360 4165 536 4240 ἑτέρως
584 4163 674 4220 δε·
738 4167 797 4220 Ὀ
836 4169 926 4239 μὲν
970 4169 1090 4229 Υἱὸς
1139 4167 1186 4220 έν
1231 4174 1303 4237 τῷ
1354 4171 1539 4239 Πατρὶ,
1591 4169 1660 4227 ὡς
1706 4169 1764 4218 τὸ

141 4265 246 4316 τῆς
277 4255 474 4316 εἰκόνος
496 4255 677 4317 κάλλος
719 4255 789 4328 [ἐν
821 4264 893 4327 τῷ
926 4257 1040 4328 (22)
1065 4255 1347 4331 ἀρχετύπῳ
1381 4273 1392 4286 '
1429 4258 1454 4308 6
1492 4252 1550 4308 δὲ
1582 4259 1763 4330 Πατὴρ

140 4345 196 4398 ἓν
227 4353 303 4416 τῷ
336 4347 460 4416 Υἱῷ,
485 4348 550 4408 ὡς
579 4350 637 4398 1'6
676 4354 768 4399 τοῦ
798 4349 1142 4421 πρωτοτύπου
1173 4345 1355 4408 κάλλος
1384 4345 1456 4418 ἐν]
1496 4353 1556 4417 τῇ
1587 4344 1762 4400 εἰκόνι.

1949 1930 2110 1986 Vers.
2141 1934 2228 1987 34.
2269 1927 2590 1998 Respondit
2617 1959 2684 1968 —-
2709 1927 2846 1985 estis
2881 1926 2909 1981 ‘i’
2949 1930 3066 1983 Hoc
3092 1926 3148 1981 in
3181 1925 3313 1981 loco
3342 1924 3535 1994 legem

1879 2019 2137 2092 appellat
2160 2019 2380 2075 librum
2431 2017 2788 2074 Psalmorum
2838 2032 3027 2083 ;nam
3055 2015 3113 2071 id
3170 2016 3229 2070 in
3274 2014 3371 2070 illo
3399 2013 3537 2069 scri-

1881 2115 2048 2180 ptum
2071 2114 2177 2166 est.
2239 2112 2352 2165 Lex
2383 2113 2581 2164 autem
2631 2107 2847 2162 dicitur
2914 2106 3062 2162 liber
3116 2105 3246 2172 iste,
3305 2104 3443 2175 quia
3469 2119 3540 2159 ea

1879 2216 2008 2270 qua
2039 2200 2096 2254 in
2133 2214 2203 2254 eo
2246 2198 2543 2254 habentur
2571 2196 2836 2261 oracula,
2862 2200 3000 2251 sunt
3029 2211 3065 2251 a
3098 2194 3214 2250 Deo
3241 2193 3541 2263 afﬂata,et

1878 2289 2022 2362 quia
2058 2289 2336 2344 homines
2366 2289 2669 2344 instruunt
2698 2291 2751 2340 et
2783 2285 3109 2355 corrigunt.

1953 2381 2108 2434 Vers.
2161 2378 2248 2434 35.
2297 2378 2364 2433 Si
2408 2410 2453 2418 ο
2492 2377 2656 2432 Vers.
2713 2375 2800 2430 36.
2856 2391 2985 2430 sum
3015 2374 3043 2428 ‘2
3093 2373 3274 2438 Solvi,
3308 2372 3420 2426 hoc
3453 2374 3542 2427 est

1879 2468 2168 2532 excidere,
2191 2468 2396 2538 rejicit.
2422 2465 2837 2534 Sanctiﬁcavit
2859 2469 3084 2523 autem,
3112 2464 3225 2518 hoc
3239 2467 3345 2522 est,
3369 2476 3540 2532 sepa-

1881 2558 2049 2622 ravit,
2085 2558 2276 2628 elegit.
2313 2557 2482 2624 Quod
2518 2561 2719 2611 autem
2751 2555 2894 2610 dicit
2923 2553 3081 2610 idem
3125 2557 3231 2618 est,
3265 2567 3334 2608 ac
3375 2551 3422 2606 si
3453 2550 3539 2606 di-

1879 2653 2075 2703 ceret:
2107 2647 2163 2702 Si
2194 2648 2344 2701 Deus
2390 2646 2524 2701 illos
2563 2645 2709 2701 dixit
2749 2645 2914 2708 deos,
2947 2659 3079 2698 cum
3129 2641 3407 2697 homines
3451 2657 3538 2695 es-

1879 2740 2028 2802 sent,
2055 2735 2130 2790 de
2163 2752 2255 2790 me
2277 2735 2468 2790 dicitis
2497 2754 2510 2793 :
2546 2733 2956 2803 Btasphemas,
2983 2733 3122 2804 quia
3153 2731 3303 2796 dixi,
3344 2729 3534 2785 Filius

1878 2825 1986 2882 Dei
2013 2841 2138 2881 sum
2171 2826 2199 2882 ?
2232 2824 2306 2880 de
2348 2839 2463 2890 me,
2500 2825 2773 2896 inquam,
2803 2837 2984 2895 quem
3017 2821 3189 2876 Pater
3219 2818 3534 2891 separavit,

1879 2915 2053 2983 elegit
2076 2930 2146 2970 ac
2175 2913 2333 2970 misit
2358 2914 2416 2970 in
2440 2913 2738 2970 mundum
2764 2912 2794 2964 ?

1949 3003 2237 3058 Humilius
2259 3009 2455 3058 autem
2488 3003 2598 3057 ista
2645 3001 2924 3073 loquitur.
2971 2997 3228 3054 Primum
3272 3011 3540 3069 namque

1879 3094 2153 3166 deprimit
2195 3097 2254 3148 et
2284 3093 2610 3149 concedere
2660 3091 2892 3146 videtur
2936 3105 3288 3153 sermonem,
3317 3102 3386 3142 ac
3431 3087 3540 3142 hu.

1881 3183 2426 3254 mitioraloquitur,
2485 3198 2608 3254 quo
2645 3182 2906 3240 furorem
2958 3176 3542 3234 illorumconsoletur

1879 3290 1945 3329 ac
1978 3273 2204 3343 mitiget
2237 3289 2250 3328 :
2283 3271 2497 3327 deinde
2529 3271 2726 3326 subdit
2777 3271 2950 3326 etiam
2984 3267 3354 3323 sublimoria.

1950 3361 2112 3417 Vers.
2155 3363 2242 3418 37.
2283 3363 2355 3418 Si
2382 3393 2451 3401 —
2497 3361 2657 3417 Vers.
2705 3361 2794 3415 38.
2843 3358 3085 3414 credite.
3140 3357 3229 3412 Ab
3285 3369 3538 3427 operum

1877 3450 2214 3523 aqualitate
2245 3449 2639 3523 aqualitatem
2663 3465 2732 3506 ac
2790 3447 3153 3504 identitatem
3201 3461 3338 3501 cum
3372 3444 3536 3499 Patre

1877 3539 2160 3597 ostendit.

1951 3633 2115 3686 Vers.
2177 3633 2260 3686 58.
2312 3631 2379 3688 Ut
2411 3661 2477 3670 -—
2524 3644 2607 3685 eo.
2645 3633 2705 3684 In
2756 3643 2850 3684 me
2901 3627 3073 3682 Pater
3121 3623 3528 3696 conspicitur;

1878 3720 2022 3776 nihil
2052 3720 2210 3776 enim
2245 3719 2398 3775 aliud
2441 3735 2578 3774 sum
2631 3733 2764 3788 ego,
2810 3732 2996 3790 quam
3028 3715 3191 3788 quod
3226 3715 3395 3768 Pater
3421 3716 3532 3774 est,

1879 3825 2238 3881 permanens
2267 3814 2462 3865 tamen
2496 3808 2694 3872 Filius,
2733 3827 2744 3866 :
2774 3811 2830 3863 et
2859 3806 2999 3862 nihil
3031 3804 3192 3860 aliud
3225 3804 3394 3859 Pater
3424 3805 3530 3865 est,

1875 3915 2062 3970 quam
2107 3899 2270 3970 quod
2306 3898 2503 3963 Filius,
2552 3912 2907 3969 permanens
2949 3901 3148 3951 tamen
3193 3893 3382 3947 Pater.
3427 3890 3534 3956 Qui

1876 4003 2018 4056 ergo
2049 3989 2253 4043 Filium
2274 3989 2454 4052 novit,
2489 3993 2540 4042 et
2575 3987 2809 4042 Patrem
2841 3986 3006 4040 novit
3050 4007 3061 4049 ;
3095 3989 3151 4039 et
3175 3983 3278 4054 qui
3314 3981 3534 4036 Patrem

1875 4077 2174 4146 cognovit,
2225 4077 2426 4132 Filium
2455 4076 2753 4144 cognovit.

1948 4165 2044 4219 Vel
2076 4164 2245 4219 aliter
2275 4182 2287 4220 :
2313 4165 2492 4220 Filius
2522 4169 2608 4219 est
2634 4164 2692 4218 in
2728 4166 2914 4226 Patre,
2949 4166 3232 4232 tanquam
3261 4156 3538 4226 imaginis

1876 4253 2250 4326 pulchritudo
2302 4254 2360 4307 in
2412 4252 2741 4324 archetypo
2800 4268 2814 4309 :
2870 4251 3038 4305 Pater
3095 4263 3233 4303 vero
3261 4247 3317 4301 in
3370 4243 3536 4309 Filio,

1878 4348 2162 4414 tanquam
2179 4340 2536 4413 exemplaris
2567 4337 2948 4413 pulchritudo
2970 4339 3027 4392 in
3057 4334 3350 4404 imagine;
3393 4332 3542 4387 ima-

139 4434 341 4488 Εἱκόνα
365 4431 426 4488 δὲ
464 4443 555 4488 τοῦ
578 4439 783 4509 Πατρός
808 4439 896 4488 τὸν
918 4435 1032 4507 γίὀν
1057 4435 1266 4506 λέγομεν
1289 4439 1396 4506 οὐχ
1428 4434 1619 4501 ἁπλῶς,
1655 4433 1761 4487 ἀλλ’

1893 4433 2076 4503 ginem
2110 4436 2307 4488 autem
2337 4431 2525 4486 Patris
2575 4429 2831 4484 dicimus
2858 4427 3086 4496 Filium,
3119 4440 3240 4480 non
3271 4421 3538 4495 qualem-

138 4523 544 4598 ἀπαράλλακτον
555 4567 567 4581 .

222 4613 469 4674 Ἐζήτουν
521 4645 590 4654 —-
643 4613 765 4668 ἐκεῖ.
836 4613 999 4667 Ὀταν
1073 4617 1164 4686 μὲν
1250 4616 1386 4686 μέγα
1442 4633 1493 4665 τι
1553 4618 1770 4686 σημεῖον

135 4707 375 4775 ποιήσῃ,
435 4706 610 4776 φεύγει
677 4699 772 4756 διὰ
835 4707 923 4756 τὸν
981 4707 1170 4776 κρότον
1237 4707 1326 4754 καὶ
1373 4707 1468 4761 τὴν
1512 4702 1768 4775 εὐφημίαν

136 4800 239 4845 τοῦ
268 4792 434 4864 ὄχλου
466 4810 478 4821 '
509 4795 627 4845 ὅταν
673 4789 732 4845 δε
762 4797 899 4865 μέγα
951 4813 1004 4844 τι
1050 4798 1170 4866 περὶ
1220 4792 1402 4844 ἑαυτοῦ
1457 4792 1763 4864 φθέγξηται,

138 4879 423 4954 ἀναχωρεῖ
493 4878 587 4933 διὰ
647 4884 734 4934 τὸν
811 4885 972 4953 θυμὸν
1021 4890 1118 4933 τῶν
1196 4883 1468 4953 φθονερῶν,
1528 4878 1767 4942 ἐνδιδοὺς

134 4970 292 5040 αὐτῷ
340 4971 580 5042 λωφῆσαι
636 4976 724 5024 καὶ
752 4971 908 5034 λῆξαι
947 4979 1008 5030 τῆ
1058 4969 1288 5044 ἀπουσίᾳ
1323 4971 1502 5024 αὐτοῦ.
1539 4970 1765 5029 Ἀπῆλθε

134 5058 206 5114 δὲ
261 5060 333 5120 εἰς
379 5064 467 5112 τὸν
512 5065 666 5113 τόπον
707 5063 834 5114 ὅπου
894 5062 920 5112 ό
980 5061 1222 5122 Ἰωάννης
1272 5063 1330 5112 1'6
1361 5064 1604 5134 πρότερον
1648 5058 1763 5112 ἐϐά-

131 5149 350 5216 πτιζεν,
380 5150 462 5202 ἶνα
492 5147 896 5224 ἀναμνησθῶσιν
945 5153 995 5203 οἱ
1043 5154 1292 5226 παρόντες
1348 5157 1441 5202 τοῦ
1491 5153 1762 5221 γεγονότος

130 5243 226 5294 ὅτε
285 5237 578 5298 ἐϐαπτίσθη
640 5244 881 5314 σημείου,
941 5243 1031 5294 καὶ
1094 5248 1189 5303 τῆς
1244 5239 1482 5294 Ἰωάννου
1549 5259 1758 5313 μαρτυ-

1880 4537 2134 4594 cunque,
2165 4522 2266 4576 sei
2306 4536 2411 4591 per
2448 4519 2655 4576 omnia
2686 4517 2958 4573 similem.

1953 4613 2109 4667 Vers.
2149 4611 2237 4666 39.
2292 4609 2646 4677 Quaerebam
2679 4639 2746 4647 —
2790 4607 2948 4662 Vers.
2983 4608 3070 4660 40.
3103 4605 3205 4660 ibi.
3263 4604 3365 4660 Ubi
3410 4621 3534 4663 ma-

1879 4715 2060 4768 gnum
2091 4699 2332 4770 aliquod
2375 4699 2618 4768 signum
2673 4696 2922 4759 fecisset,
2976 4695 3234 4764 fugiebat
3289 4700 3533 4768 propter

1877 4789 2082 4863 populi
2115 4789 2395 4860 plausum
2429 4805 2497 4842 ac
2539 4786 2800 4842 laudem.
2841 4785 2948 4842 Ubi
3008 4785 3185 4840 etiam
3237 4799 3527 4854 magnum

1875 4880 2185 4951 quippiam
2200 4879 2273 4932 de
2288 4879 2483 4949 seipse
2515 4877 2748 4932 locutus
2763 4881 2933 4936 esset.
2958 4874 3269 4931 secedebat
3291 4879 3532 4948 propter

1873 4970 2099 5024 rabiem
2142 4967 2480 5023 invidorum
2553 4983 2568 5019 :
2603 4965 2682 5020 illi
2715 4965 3069 5030 concedens,
3118 4970 3177 5019 ut
3222 4979 3327 5035 per
3357 4981 3530 5020 suam

1872 5058 2205 5114 absentiam
2253 5063 2513 5113 cessaret
2581 5071 2651 5111 ac
2697 5054 3044 5127 quiesceret.
3119 5053 3274 5109 Abiit
3332 5057 3532 5109 autem

1872 5147 1930 5202 in
2002 5147 2198 5204 locum
2258 5146 2357 5202 ubi
2455 5147 2714 5202 Joannes
2780 5142 3145 5216 baptizabat,
3252 5147 3317 5200 ut
3394 5159 3531 5215 pra-

1872 5238 2131 5294 sentium
2162 5234 2465 5293 memoria
2519 5239 2932 5305 suggereretur
2971 5233 3209 5304 signum
3259 5231 3426 5306 quod
3450 5231 3534 5289 fa-

1387 5417 1617 5487 Varia
1646 5416 1974 5486 lectiones
2013 5422 2080 5484 et
2109 5423 2310 5482 nota.

211 5614 332 5688 (2i)
361 5613 494 5688 Ἐγὼ
525 5617 735 5686 σιγήσω
766 5620 826 5668 Δ.

1936 5609 2052 5683 (22)
2091 5607 2326 5666 Inclusa
2342 5607 2691 5667 exciderunt
2712 5610 2777 5668 A.
