4022 6232
155 287 296 346 1341
1167 279 1537 337 COMMENT.
1581 283 1651 339 IN
1687 282 1743 339 ι(

1942 283 2040 340 ΞΜ.
2086 318 2150 326 -
2191 287 2344 343 CAP.
2391 287 2486 346 XI.
3391 290 3530 347 1342

229 415 339 470 Ἰνα
366 444 434 455 -
462 411 646 474 αὐτῆς.
685 409 820 475 Δόξα
872 411 974 485 γὰρ
1028 414 1121 461 τοῦ
1176 409 1381 484 Πατρός
1432 409 1458 467 ὁ
1512 404 1644 472 δόξα
1668 413 1817 467 τοῦΛ

1943 411 2109 468 Vers.
2142 414 2194 467 4.
2231 413 2304 471 Ut
2330 443 2398 456 ——
2443 429 2594 471 eum.
2626 417 2773 473 Nam
2832 413 3021 486 gloria
3072 415 3284 482 Patris,
3337 416 3528 488 gloria

155 507 302 560 Υὶοῦ.
338 501 617 557 Κάνταῦθα
639 497 698 554 δὲ
727 503 785 553 τὸ
807 501 934 572 ὑπὲρ
965 502 1055 550 καὶ
1083 500 1140 550 τὸ
1167 498 1251 550 ἶνα
1279 496 1372 549 ούκ
1413 496 1741 569 αἰτιολογικά

1943 500 1995 556 lii
2024 507 2131 558 est.
2167 503 2310 559 ltem
2345 509 2401 560 et
2426 504 2522 560 hic
2553 505 2835 561 dictiones
2875 521 2987 574 pro
3017 509 3072 562 et
3110 512 3196 571 ιιι,
3229 521 3350 562 non
3394 524 3531 563 cau-

156 594 288 648 ἀλλά
318 590 588 652 δηλωτικά
618 598 708 643 τοῦ
750 588 1120 660 ἕκϐησομένου,
1139 588 1218 640 ὃτι
1240 585 1408 659 μέλλει
1437 583 1740 650 δοξασθῆνα

1941 591 2027 647 les
2059 598 2218 660 sunt,
2261 594 2364 649 sed
2397 596 2798 667 significativae
2824 597 2952 667 ejus
2983 597 3142 669 quod
3175 603 3527 653 eventurum

151 685 180 738 6
211 687 392 756 Πατὴρ
415 686 506 735 καὶ
536 683 561 733 6
587 682 706 743 Υἱός
748 675 820 732 δι’
849 677 1028 737 αὐτῆς.

1941 687 2018 739 at.
2069 685 2207 739 Nam
2256 684 2429 741 Pater
2459 692 2517 742 et
2562 684 2736 742 Filius
2789 684 3161 757 gloriﬁcandi
3201 691 3369 742 erant
3425 703 3529 758 per

1869 785 2033 827 eum.

226 864 374 924 Τινὲς
427 860 539 933 ('25)
571 856 631 913 δι
688 855 847 922 δόξαν
898 860 985 909 τὸν
1037 857 1262 929 σταυρόν
1309 863 1561 922 νοοῦντες,
1604 856 1761 931 ὅρμη-

1943 861 2199 927 Quidam
2240 878 2378 918 vero
2425 878 2532 936 per
2557 863 2802 934 gloriam
2867 863 3203 934 intelligunt
3263 879 3525 930 crucem,

151 955 394 1007 νεύουσιν
445 952 522 1003 ὃτι
579 951 706 1022 ὑπὲρ
765 956 861 1009 τῆς
915 951 1262 1020 σταυρώσεως
1329 953 1422 998 τοῦ
1472 953 1626 1013 Θεοῦ,
1679 949 1739 1000 iw

1939 967 1984 1006 vc
2024 958 2130 1016 est,
2155 967 2262 1024 pro
2289 954 2671 1010 crucifixione
2697 955 2817 1018 Dei,
2848 959 2909 1010 ut
2937 955 3318 1020 crucifigatur
3351 954 3527 1010 Filius

154 1042 436 1115 σταυρωθῇ
471 1041 497 1092 6
527 1042 648 1100 Υἱὸς
697 1038 790 1090 τόῦ
845 1043 977 1090 Θεοῦ
1035 1030 1108 1087 δι’
1163 1035 1350 1097 αύτῆς.
1388 1034 1632 1108 ’Ἐμελλον
1655 1041 1742 1112 γάε

1940 1041 1972 1095 3i
1992 1056 2098 1113 per
2127 1057 2286 1097 enim.
2323 1042 2573 1113 Cognita
2599 1059 2863 1116 namque
2903 1060 2937 1099 a
2967 1045 3185 1099 Judaeis
3218 1044 3410 1100 Lazari
3441 1060 3528 1100 re-

153 1135 203 1185 οἱ
232 1128 508 1199 Ἰουδαῖοι,
531 1132 619 1186 τὴν
651 1125 938 1178 ἀνάστασιν
967 1132 1059 1176 τοῦ
1107 1126 1353 1200 Λαζάρου
1401 1128 1664 1198 μαθόντες,
1692 1134 1741 1184 τὶ

1938 1130 2278 1197 scitatione,
2313 1132 2672 1204 hujusmodi
2715 1133 3121 1205 magnitudine
3156 1133 3426 1188 miraculi
3451 1133 3526 1189 ad

155 1220 416 1297 ὑπερϐολῇ
451 1227 542 1272 τοῦ
587 1220 823 1271 τοιούτου
857 1218 1120 1287 θαύματος
1150 1214 1430 1288 ἐξαφθῆναι
1460 1219 1584 1290 πρὸς
1625 1215 1743 1269 ἀκά-

1940 1218 2262 1276 sanabilem
2287 1228 2634 1278 exarserunt
2666 1222 2985 1282 insaniam:
3019 1228 3073 1279 et
3101 1219 3292 1278 festini
3329 1238 3528 1278 exsur-

155 1313 336 1364 θεκτον
373 1312 583 1382 μανίαν,
616 1311 706 1359 καὶ
736 1302 1086 1364 διαναστῆναι
1118 1301 1422 1369 σπουδαίως
1452 1305 1524 1368 εἰς
1543 1309 1601 1358 τό
1634 1306 1743 1359 ἀπο·

1224 1301 1422 1369 υὸαίως
1452 1305 1524 1368 εἰς
1543 1309 1601 1358 τό
1634 1306 1759 1359 ἀπο·
1866 1313 2147 1365 rexerunt
2173 1316 2234 1367 ut
2264 1310 2425 1366 illum
2454 1311 2812 1368 occiderent.

150 1407 352 1453 κτεῖναι
383 1397 557 1452 αὐτόν.

221 1489 442 1560 Ἥγοξπα
474 1518 535 1528 --
575 1485 840 1558 Λάζαρον.
875 1484 950 1537 Ού
983 1487 1134 1546 μόνον
1185 1480 1280 1536 δ’ιὰ
1336 1487 1431 1544 τὴν
1461 1489 1640 1538 πίστιν
1667 1485 1758 1538 αύ-

1939 1489 2099 1545 Vers.
2155 1494 2206 1545 5.
2254 1488 2554 1560 Diligebat
2614 1519 2682 1530 -
2727 1490 3040 1547 Lazarum.
3105 1491 3234 1546 Non
3295 1492 3524 1545 tantum

147 1587 270 1646 τῶν,
305 1577 436 1630 ἀλλά
463 1581 553 1630 καὶ
581 1572 675 1629 διὰ
701 1577 796 1636 τὰς
829 1572 986 1635 ἄλλας
1013 1575 1206 1626 τούτων
1247 1572 1450 1647 ἀρετάς.

1938 1585 2107 1652 opter
2136 1578 2318 1634 ﬁdem
2365 1594 2594 1646 earum,
2632 1594 2838 1636 verum
2884 1580 3065 1635 etiam
3106 1582 3350 1651 propter
3380 1578 3525 1634 alias

1862 1668 2129 1742 ipsarum
2161 1669 2426 1724 virtutes.

215 1757 307 1821 Ὠς
360 1789 430 1797 -
477 1757 691 1830 ἡμέρας,
735 1758 840 1813 Τὴν
890 1756 978 1826 μὲν
1031 1753 1415 1828 ποορῥηθεῖσαν
1476 1753 1803 1829 ἀπόκρισιν]

1935 1759 2094 1814 Vers.
2129 1762 2180 1814 6.
2211 1759 2278 1816 Ut
2313 1789 2373 1798 -
2405 1758 2627 1814 diebus.
2688 1757 3036 1814 Przedictam
3067 1757 3224 1813 misit
3275 1771 3519 1828 respon-

143 1847 348 1921 ἔπεμψε
400 1853 712 1921 παρηγορῶν
763 1843 923 1906 αὐτάς
984 1860 998 1874 ⁶
1055 1843 1214 1905 αὐτὸς
1298 1840 1357 1897 δὲ
1414 1846 1602 1917 ἔμεινεν
1656 1848 1729 1898 ἔτι

1933 1863 2108 1912 mem,
2155 1863 2276 1920 qua
2306 1864 2404 1903 eas
2457 1847 2915 1904 consolaretur:
2968 1863 3097 1919 ipse
3127 1862 3264 1902 vero
3323 1845 3521 1902 adhuc

145 1941 436 2011 περιμένων
479 1936 564 1988 ἵνα
625 1932 922 2007 ἀποπνεύσῃ
981 1935 1072 1986 καὶ
1145 1939 1302 2006 ταφῇ,
1361 1935 1495 1986 ὥστε
1550 1931 1733 2006 μηδένι

1934 1937 2182 1993 rmansit
2211 1942 2560 2010 exspectans
2591 1939 2782 1994 donec
2813 1937 3082 1993 animam
3117 1937 3413 1992 exhalaret
3453 1951 3522 1991 ac

145 2024 416 2080 δύνασθαι
465 2024 628 2097 λέγειν
682 2025 762 2076 ὅτι
810 2023 904 2075 ούκ
962 2021 1287 2075 ἀποθανόντα
1342 2022 1498 2075 αὐτόν
1542 2022 1726 2082 ἀνέστη

1931 2027 2224 2098 peliretur,
2253 2032 2508 2084 utnemo
2529 2028 2725 2084 dicere
2754 2026 3130 2100 possetquod
3149 2029 3343 2098 ipsum
3373 2039 3519 2080 non-

146 2135 258 2180 σεν,
293 2114 423 2167 οἵ)λά
464 2115 778 2188 καρωθέντα,
821 2112 850 2171 ἣ
885 2110 1177 2183 ἐκλυθέντα,
1206 2111 1235 2170 ἦ
1269 2113 1498 2184 κάτοχον
1545 2118 1734 2186 ytaeus

1934 2133 2007 2172 ιω
2044 2122 2344 2172 mortuum
2379 2118 2714 2182 excitasset,
2749 2117 2851 2172 sed
2885 2117 3117 2172 ebrium
3149 2120 3252 2171 aut
3296 2113 3522 2170 viribus

137 2224 251 2260 νον.
1859 2205 2178 2272 defectum,
2207 2223 2311 2262 seu
2343 2207 2595 2262 numine
2623 2206 2919 2262 afﬂatum.

214 2293 435 2348 Ἔπειτα
481 2323 547 2332 -
579 2292 754 2349 πάλιν.
815 2289 1060 2365 Προλέγει
1103 2297 1256 2343 τοῦτο
1315 2291 1398 2343 ἵνα
1463 2310 1518 2344 τε
1567 2290 1742 2365 ὶλέγξῃ

1934 2298 2071 2351 Vers
2103 2299 2152 2351 7.
2189 2299 2416 2354 Deinde
2463 2329 2527 2338 —
2594 2298 2830 2354 iterum.
2894 2296 3171 2355 Predinit
3220 2296 3354 2362 hoc,
3400 2309 3522 2368 quo

138 2387 237 2444 τὴν
278 2382 332 2446 ἐξ
376 2382 624 2443 ἀπιστίας
671 2378 867 2434 δειλίαν
933 2380 1124 2443 αὐτῶν,
1173 2385 1263 2433 καὶ
1326 2381 1408 2432 ἵνα
1452 2384 1722 2454 προμαθόν

1935 2391 2070 2458 guat
2092 2386 2325 2442 illorum
2353 2387 2724 2443 timiditatem
2757 2387 2836 2443 ab
2862 2385 3207 2442 inﬁdelitate
3239 2399 3523 2440 emanan-

137 2491 225 2535 τες
277 2475 350 2545 μὴ
413 2472 754 2544 ταραχθῶσιν
813 2469 1000 2544 ἀθρόον
1058 2474 1172 2522 τότε
1220 2478 1291 2541 τῷ
1360 2467 1725 2544 ἀπροσδοκήτς

1933 2491 1996 2542 n,
2029 2481 2083 2533 et
2115 2481 2179 2531 ut
2207 2477 2319 2533 hoc
2351 2478 2722 2550 praecognita
2746 2491 2865 2531 non
2915 2475 3296 2532 turbarentur
3325 2475 3521 2530 subito

142 2569 237 2615 τοῦ
285 2564 711 2635 προστάγματος.
769 2558 852 2612 Ἐν
907 2566 968 2632 τῇ
1023 2555 1259 2632 Ἰουδαίᾳ
1309 2561 1410 2635 γὰρ
1467 2556 1528 2618 ἦν
1586 2562 1616 2619 ἠ
1651 2568 1730 2620 Βη·

1715 2581 1745 2619 ι·
1853 2565 2254 2636 l‘einsperata.
2286 2569 2416 2623 Erat
2450 2571 2648 2622 autem
2683 2566 2965 2622 Bethania
2993 2564 3050 2620 in
3073 2565 3303 2621 Judiea.

146 2653 323 2704 θανία.

221 2744 475 2814 Λέγουσιν
517 2769 585 2779 —
617 2735 722 2792 ἐκεῖ
749 2755 762 2804 ;
790 2745 898 2792 Νῦν
929 2736 1043 2791 ἀντὶ
1073 2745 1163 2790 τοῦ
1195 2741 1294 2812 πρὸ
1324 2745 1538 2811 μικροῦ.
1575 2736 1748 2793 Ἐδει-

1929 2747 2092 2802 Vers.
2121 2746 2174 2798 8.
2212 2745 2428 2803 Dicunt
2476 2777 2537 2788 -—
2575 2747 2776 2802 illuc?
2814 2745 3013 2813 Nune,
3073 2744 3128 2799 id
3171 2749 3278 2811 est,
3337 2745 3517 2816 paulo

143 2830 269 2883 λίων
413 2831 514 2903 γὰρ
544 2832 634 2881 καὶ
663 2829 790 2901 ὑπὲρ
836 2827 1016 2897 αὐτοῦ,
1072 2831 1129 2881 τὸ
1163 2824 1222 2882 δὲ
1273 2827 1422 2882 πλέον
1475 2831 1600 2904 ὑπὲρ
1635 2830 1722 2883 ἑαν

1926 2839 2013 2891 Ite.
2039 2836 2189 2890 Nam
2223 2839 2277 2892 et
2326 2850 2430 2905 pro
2489 2835 2591 2891 illo
2641 2833 3002 2903 metuebant,
3054 2840 3110 2888 et
3159 2833 3354 2904 magis
3404 2849 3514 2905 pro

147 2928 274 2977 τῶν.

1859 2924 1936 2980 sei
1946 2924 2087 2996 psis.

217 3008 506 3082 Ἀπεκρίθη
574 3036 643 3047 -
697 3009 856 3078 αύτῷ.
917 3008 1012 3060 Διά
1069 3004 1502 3081 παραδείγματος
1583 3028 1749 3085 παρα-

1930 3014 2087 3068 Vers.
2109 3019 2160 3070 9.
2189 3014 2502 3081 Respondit
2526 3043 2583 3053 -—
2604 3013 2768 3069 Vers.
2802 3015 2882 3068 t0.
2903 3027 2982 3069 eo.
3009 3011 3285 3084 Exemplo
3316 3028 3412 3069 e0s
3425 3028 3517 3068 ex-

146 3094 391 3172 θαῤῥύνει
417 3096 605 3159 αύτούς
629 3097 730 3165 ὅτι,
756 3097 928 3169 ὥσπερ
961 3097 1044 3149 id»
1068 3115 1142 3157 τις
1185 3106 1444 3171 περιπατῇ
1469 3105 1530 3171 τῇ
1556 3100 1725 3173 ἡμέρᾳ

1928 3106 2125 3158 »Γίᾶΐυΐ
2150 3103 2334 3174 quod,
2359 3102 2867 3176 quemadmodum
2897 3102 2949 3157 si
2965 3101 3096 3173 quis
3123 3101 3516 3158 ambulaverit

140 3189 309 3259 ἤγουν
365 3184 415 3238 έν
467 3185 658 3260 ἑκάστῃ
719 3194 817 3238 τῶν
859 3181 1071 3238 δώδεκα
1127 3189 1270 3261 ὡρῶν
1319 3195 1413 3249 τῆς
1441 3190 1655 3260 ἡμέρας,
1688 3209 1728 3241 οι

1946 3192 2060 3257 die,
2086 3191 2359 3248 videlicet
2387 3193 2444 3247 in
2480 3192 2812 3264 unaquavis
2853 3191 3172 3247 duodecim
3197 3191 3310 3246 diei
3341 3191 3517 3247 hora-

139 3279 487 3350 προσκόπτει,
517 3281 606 3328 καὶ
637 3279 705 3328 τά
752 3275 872 3339 ἑξῆς
910 3293 922 3305 ·
955 3275 1089 3328 οὕτω
1121 3280 1211 3328 καὶ
1267 3275 1349 3328 ἐάν
1380 3296 1456 3338 τις
1485 3277 1727 3351 περιπατῂ

1934 3299 2010 3346 ω,
2029 3298 2146 3337 non
2165 3283 2429 3353 offendit,
2452 3287 2723 3338 etcaetera
2751 3298 2762 3336 :
2785 3281 2861 3337 ita
2877 3282 3079 3348 etiam,
3097 3281 3142 3336 si
3158 3281 3358 3353 quisin
3384 3280 3513 3337 luce

139 3365 192 3418 ἐν
221 3373 295 3417 τῶ
327 3369 456 3438 φωτὶ
487 3373 582 3426 τῆς
631 3367 838 3439 ἀρετῆς,
889 3365 947 3418 ού
999 3370 1320 3438 προσκόπτει
1351 3366 1422 3429 εἰς
1483 3364 1724 3420 κίνδυνον

1927 3372 2084 3427 rtutis
2115 3372 2404 3442 ambulat,
2435 3387 2551 3427 non
2572 3371 2838 3439 offendit,
2880 3370 3152 3426 incidens
3183 3371 3240 3424 in
3267 3369 3515 3444 aliquod

139 3456 224 3506 ὅτι
304 3457 364 3505 τό
433 3460 536 3526 φῶς
595 3463 691 3516 τῆς
777 3453 965 3528 ἀρετῆς
1035 3453 1217 3528 βλέπει
1291 3460 1380 3508 καὶ
1449 3453 1724 3528 ὁδηγεῖται

1926 3460 2205 3527 :riculum,
2259 3462 2399 3534 quia
2447 3461 2640 3516 lucem
2677 3459 2906 3516 virtutis
2949 3459 3123 3525 videt,
3169 3465 3224 3514 et
3273 3459 3380 3514 vim
3413 3459 3514 3514 du-

142 3543 264 3597 Ὲάν
325 3539 386 3595 δέ
435 3561 512 3603 τις
576 3550 833 3616 περιπατῇ
899 3542 948 3595 ἓν
1019 3552 1090 3615 τῷ
1149 3548 1323 3597 σκότει
1381 3553 1475 3608 τῆς
1534 3551 1730 3609 κακίας.

1928 3565 1984 3604 m
2016 3549 2214 3605 habet.
2247 3549 2312 3606 Si
2349 3551 2477 3623 quis
2530 3556 2722 3607 autem
2758 3548 3149 3606 ambulaverit
3176 3549 3240 3603 in
3268 3547 3515 3605 tenebris

138 3635 487 3705 προσκόπτει,
541 3633 622 3684 ὅτι
659 3635 718 3684 τό
759 3641 864 3704 φῶς
908 3632 1001 3685 ούκ
1033 3636 1171 3685 ἔστιν
1226 3632 1272 3685 ἐν
1332 3635 1492 3707 αύτῷ,
1551 3640 1726 3690 Λοιπότ

1925 3637 2116 3708 alitiee,
2143 3640 2408 3710 offendit,
2437 3641 2579 3712 quia
2599 3641 2704 3696 lux
2727 3655 2844 3695 non
2865 3645 2948 3695 est
2973 3639 3034 3694 in
3064 3653 3146 3695 eo.
3172 3639 3288 3693 Vos
3315 3638 3513 3711 itaque

137 3717 230 3774 οὖν
287 3721 436 3792 ὑμεῖς
476 3723 524 3773 ἓν
562 3728 634 3792 τῷ
690 3725 820 3793 φωτὶ
849 3729 1267 3794 περιπατοῦντες,
1304 3724 1362 3776 ού
1402 3725 1724 3798 προσιόψετε

1949 3729 2080 3786 luce
2141 3730 2520 3787 ambulantes
2578 3746 2700 3786 non
2754 3729 3088 3786 offendetis.
3124 3730 3295 3802 Atqui
3333 3727 3509 3784 etiam

140 3815 246 3865 Καὶ
273 3814 378 3880 μὴν
425 3814 515 3862 καὶ
561 3809 709 3862 αύτοὶ
740 3809 1090 3883 προσέκοψαν,
1150 3815 1312 3864 ε’ίτουν
1356 3811 1728 3870 ἐκινδύνευσαν

1924 3821 1966 3874 si
2022 3819 2422 3885 offenderunt,
2486 3836 2588 3875 seu
2625 3818 2957 3892 periculum
3008 3819 3171 3890 passi
3213 3821 3370 3879 sunt.
3408 3816 3512 3873 sed

134 3897 248 3950 ἀλλ’
285 3899 346 3952 ού
377 3903 509 3954 τότε.
547 3897 1029 3972 Συλλαμϐανὸμενος
1046 3902 1146 3975 γὰρ
1177 3897 1310 3953 εἶπεν
1341 3919 1352 3929 '
1382 3901 1438 3954 Εἰ
1460 3900 1544 3974 ἐμὲ
1577 3904 1722 3964 ζητεί

1920 3923 1974 3962 )ῐι
2019 3912 2179 3964 tunc.
2243 3912 2393 3964 Dum
2451 3909 2610 3964 enim
2661 3907 3267 3980 comprehenderetur
3313 3906 3508 3962 dixit:

135 4006 214 4054 τε,
248 3989 401 4061 ἄφετε
428 3993 645 4050 τούτους
682 3989 901 4062 ὑπάγειν
950 4005 962 4018 ⁸
998 3994 1115 4064 περὶ
1155 3989 1347 4042 ἐκείνου
1377 3993 1477 4066 γὰρ
1506 4000 1597 4044 τοῦ
1627 4013 1716 4045 και

1933 4012 2020 4053 me
2039 3999 2328 4069 quaeritis,
2355 3998 2529 4054 sinite
2555 3998 2658 4054 hos
2688 3998 2942 4054 abire”:
2973 4013 3112 4052 nam
3138 3996 3209 4051 de
3240 3995 3337 4051 illo
3369 4000 3513 4052 tem-

133 4084 234 4155 ροῦ
263 4086 352 4129 νῦν
383 4079 410 4129 6
434 4077 606 4149 λόγος.

1854 4100 1999 4157 pore
2031 4101 2186 4140 nunc
2211 4103 2406 4142 sermo
2429 4092 2533 4140 est.

210 4173 424 4220 Νοείται
457 4163 516 4220 δι
554 4171 643 4220 καὶ
676 4166 880 4240 ἑτέρως,
914 4168 995 4220 ὅτι
1040 4167 1156 4222 Ἐάν
1188 4188 1267 4231 τις
1296 4177 1554 4244 περιπατῇ
1590 4169 1638 4222 ἐν
1679 4178 1738 4243 τῇ

1930 4173 2275 4243 lntelligitur
2323 4179 2521 4229 autem
2563 4179 2618 4230 et
2677 4174 2795 4230 alio
2852 4173 3054 4230 modo.
3100 4173 3164 4229 Si
3210 4172 3339 4244 quis
3382 4187 3507 4228 am-

136 4257 331 4331 ημέρᾳ,
365 4255 424 4308 ού
453 4259 793 4328 προσκόπτει,
825 4262 914 4310 καὶ
941 4259 1004 4309 τὰ
1036 4257 1118 4321 ἐξῆ
1132 4278 1170 4320 ς.
1206 4264 1327 4324 Καὶ,
1347 4259 1465 4312 Ἐάν
1494 4279 1576 4321 τις
1605 4278 1720 4334 περι

1923 4263 2150 4318 ﬂaverit
2219 4261 2282 4318 in
2328 4262 2436 4328 die,
2491 4279 2606 4319 non
2658 4264 2922 4334 offendit,
2993 4269 3047 4318 et
3112 4267 3336 4324 caetera,
3396 4260 3511 4317 hoc

134 4352 279 4402 πατῆ
317 4342 364 4396 ἐν
391 4343 527 4416 ἐμοὶ,
569 4347 735 4398 εἶτουν
766 4345 877 4418 μετ’
919 4345 1067 4419 ἐμοῦ,
1123 4347 1181 4398 ού
1229 4352 1569 4422 προσκόπτει,
1603 4350 1722 4401 ὅτιι

1922 4357 1959 4416 t,
1991 4351 2047 4410 Si
2078 4351 2213 4422 quis
2271 4351 2670 4408 ambulaverit
2717 4353 2776 4408 in
2827 4368 2923 4407 me
2972 4355 3076 4406 aut
3120 4365 3376 4415 mecum,
3410 4350 3509 4422 qui

135 4430 362 4506 δύναμίς
395 4453 496 4506 μου
527 4430 715 4507 ὁδηγεῖ
736 4435 910 4490 αὐτόν.

1922 4457 1991 4496 ω
2023 4440 2118 4496 lux
2143 4445 2196 4497 et
2227 4440 2354 4496 dies
2397 4459 2410 4498 :
2456 4457 2593 4497 nam
2642 4441 2927 4514 quandiu,
2963 4439 3174 4512 inquit,
3198 4439 3260 4494 in
3292 4439 3510 4495 mundo

127 4539 288 4589 sum,
346 4524 456 4581 tua:
502 4540 631 4581 sum
687 4526 945 4582 mundi:
997 4541 1121 4582 non
1166 4526 1414 4584 offendit
1465 4528 1540 4584 ad
1588 4529 1771 4586 ullum
1822 4531 2174 4604 periculum,
2240 4532 2505 4604 potentia
2548 4531 2838 4604 siquidem
2883 4547 2953 4586 ac
2999 4530 3182 4586 virtus
3227 4543 3363 4584 mea
3415 4528 3514 4584 de-

133 4613 309 4669 ducit
339 4612 528 4669 illum.

202 4709 385 4756 Ταῦτα
419 4734 484 4743 -
528 4702 683 4776 λέγει.
718 4704 731 4725 ’
762 4710 961 4766 Εκείνος
1012 4707 1101 4778 μὲν
1143 4703 1298 4775 εἶπεν,
1351 4708 1431 4759 ὅτι
1492 4706 1552 4757 ’0
1604 4707 1743 4780 φίλος

1925 4711 2084 4766 Vers.
2154 4715 2236 4766 tt.
2293 4713 2436 4768 Haec
2490 4743 2556 4752 —
2604 4710 2766 4766 Vers.
2814 4710 2896 4765 t3.
2955 4707 3189 4766 diceret.
3240 4708 3369 4780 Ipse
3418 4707 3510 4764 di-

124 4794 301 4866 ἠμῶν,
373 4791 630 4865 ἒμφαινων
693 4793 980 4867 ἀναγκαίαν
1045 4799 1134 4854 τὴν
1197 4795 1265 4858 εἰς
1320 4795 1471 4848 αὑτὸν
1519 4797 1692 4869 ἄφιξιν

1924 4799 2037 4866 bat,
2073 4802 2309 4856 Amicus
2346 4807 2563 4864 noster,
2596 4801 2914 4856 ostendens
2947 4798 3352 4854 necessariam
3383 4813 3512 4853 esse

120 4882 282 4936 αὐτοὶ
368 4878 428 4935 δι
506 4881 643 4936 εἶπον
716 4884 795 4937 ὅτι
881 4886 1202 4958 Σωθήσεται,
1283 4889 1444 4958 ἤγουν
1520 4887 1708 4959 ὑγιανεῖ

1923 4890 1929 4943 ι
1985 4905 2123 4944 eum
2184 4888 2635 4961 profectionem.
2692 4887 2774 4944 Illi
2815 4902 2956 4944 vero
3008 4886 3287 4944 dicebant
3340 4885 3511 4943 :Sal-

238 5007 288 5043 ³⁵
315 5007 485 5065 Joau.
516 5024 681 5080 xvm,
701 5011 756 5079 7,
791 5011 846 5066 8.

1448 5134 1673 5203 Variae
1708 5135 2032 5204 lectiones
2049 5143 2115 5204 et
2143 5146 2344 5204 nota.

201 5330 625 5406 (25)_Orjgenis
654 5333 732 5390 ad
762 5333 923 5390 hunc
952 5333 1153 5406 locum
1208 5333 1613 5406 interpretatio
1654 5334 1738 5389 in-

1947 5333 2142 5406 Cyrill.
2183 5333 2220 5388 Ι.
2253 5331 2292 5388 l.
2324 5350 2386 5406 p.
2420 5335 2542 5397 676,
2580 5336 2638 5399 E,
2671 5333 2747 5390 ad
2793 5351 2805 5389 :
2842 5337 2982 5392 Αὕτη
3021 5336 3050 5392 ἡ
3085 5333 3346 5406 ἀσθένεια,
3378 5353 3426 5387 κ.
3459 5353 3505 5385 τ.

201 5348 326 5457 (incf
357 5348 625 5460 urlgents
654 5348 732 5390 aa
762 5348 923 5390 nunc
952 5348 1153 5390 locum
1208 5348 1613 5406 interpretatio
1654 5348 1707 5389 ιιι

119 5403 290 5487 terci
328 5403 389 5487 it._
502 5410 880 5487 rysostomus
904 5405 1202 5487 multoties
1243 5401 1410 5487 δόξαν.
1445 5405 1548 5487 εἰειΔ
1563 5421 1707 5487 ιιι-ιλιι,

1947 5348 2142 5406 uyrtu.
2183 5348 2220 5388 Ι.
2255 5348 2292 5388 l.
2324 5350 2386 5406 p.
2420 5348 2542 5397 0'16,
2580 5348 2638 5399 Ε,
2671 5348 2747 5390 ad
2793 5351 2805 5389 :
2842 5348 2982 5392 Αῦτη
3021 5353 3050 5392 η
3085 5348 3346 5400 ασθενεια,
3378 5353 3426 5387 κ.
3459 5353 3506 5385 τ.

1922 5411 2081 5487 ῥίγει
2123 5409 2297 5487 μέντοι
2340 5414 2507 5487 ταῦτα
2549 5407 2573 5457 6
2606 5408 2812 5487 Κύριος,
2835 5409 2966 5487 ,οςὺχ
2989 5409 3090 5487 ,ἵνα
3122 5404 3422 5487 ἀπελθόνὲες
3463 5407 3510 5457 οἱ

121 5473 1085 5568 59993961#3293199???,
1106 5483 1236 5568 399}
1251 5477 1441 5568 £1.15.
1458 5476 1709 5568 9369,25

1918 5473 2133 5568 θρώποί
2173 5476 2532 5548 ἀπαγγείλωσι
2590 5473 2705 5538 ταῖς
2787 5473 3030 5548 ἀδελῲοιῐς
3086 5483 3177 5528 τοῦ
3238 5476 3506 5568 Λαζξὶρρυ,

1918 5549 1930 5568 .,
2024 5551 2034 5563 .
2126 5551 2214 5568 Α.
2661 5555 2667 5565 .
2736 5548 2810 5565 ,,
3048 5551 3113 5568 ...η
3401 5553 3406 5559 .

121 5544 500 5624 bii_reperio.
529 5548 918 5624 NecCyrillus
951 5544 1239 5624 talequid
1263 5547 1442 5604 habet
1462 5544 1709 5624 tom.__l__V

1919 5544 1955 5601 λ’
2011 5551 2075 5624 ἁις
2123 5551 2253 5610 Θεὸς
2289 5544 2579 5624 προλέγων-
2619 5555 2675 5601 τό
2729 5544 3003 5624 ἐσόριενονζ
3039 5551 3119 5600 ὅτι
3166 5551 3296 5621 πρός
3349 5544 3507 5624 δόξαν

120 5636 190 5691 p.
360 5619 558 5696 A,_q_ui
586 5617 843 5696 ἱὺξίύπὲρ
885 5628 980 5696 τῆς
1010 5617 1170 5696 δόξης
1199 5627 1289 5696 τοῦ
1321 5626 1467 5696 Θεοῦ,
1498 5620 1572 5675 de
1597 5619 1735 5696 Filio
1847 5627 1979 5674 Θεοῦ
2029 5620 2162 5694 ἑώρα
2213 5624 2270 5673 τό
2330 5617 2420 5674 τοῦ
2462 5617 2776 5696 πράγματος
2819 5617 3177 5692 ἀποτέλεσμα,
3206 5617 3286 5677 ’κ.
3336 5639 3383 5675 τ.
3457 5619 3504 5676 λ.

119 5689 412 5764 explicat.
441 5689 725 5748 Dissentit
751 5689 891 5762 ergo
916 5693 988 5747 ab
1015 5691 1557 5765 Euthymio.0biter
1573 5691 1734 5748 addo
