4022 6232
576 218 715 274 1343
1903 218 1987 275 EU
2009 219 2164 274 l‘llYll

2234 219 2245 273 l
2288 217 2621 275 ZlGABENI
3726 228 3822 287 1344

582 361 687 403 vus
743 348 873 414 erit,
955 347 1072 404 sive
1129 348 1455 419 sanabitur,
1532 347 1797 403 volentes
1858 347 1985 419 ejus
2038 363 2170 404 cons

2267 349 2309 402 A
2346 345 2653 419 βουλόμενοι
2679 346 2903 419 ίγκόψαι
2930 351 3023 407 τὴν
3054 349 3220 422 ὁρμὴν
3272 347 3420 401 αὐτοῦ
3441 365 3454 379 ⁸
3486 353 3610 402 οὔπω
3641 352 3721 426 γὰρ
3745 352 3826 407 ἐστι.

564 435 659 493 .lio
689 438 927 493 obstare
959 456 971 490 :
1002 437 1271 492 nondum
1287 437 1444 492 enim
1469 442 1693 492 metum
1725 437 2085 509 abjecerant.
2344 435 2557 490 ϐάλοντο
2589 440 2675 489 τὸν
2706 436 2889 510 φοϐον.

654 527 821 591 Quod
882 532 1079 582 autem
1134 525 1321 582 dicit:
1384 527 1454 583 Ul
1486 544 1519 581 a
1553 543 1751 583 somno
1782 528 2026 583 excitem
2077 542 2227 592 eum,

579 614 910 670 facilitatem
980 616 1427 671 resurrectionis
1489 617 1766 672 ostendit.
1833 616 1976 672 Hinc
2030 616 2167 688 itaqu

2410 619 2479 667 Τὸ
2513 612 2592 679 δὲ,
2622 614 2733 669 Ἰνα
2771 616 3031 678 ἐξυπνίσω
3062 615 3239 679 αὐτὸν,
3279 616 3335 667 τὸ
3374 612 3545 688 ῥᾴδιον
3568 625 3646 677 τῆς
3670 621 3832 671 marsi-

577 703 709 757 illos
755 703 1072 772 intelligere
1121 706 1399 777 oportuit,
1462 705 1626 778 quod
1656 706 1729 760 de
1785 710 1973 761 morte
2020 711 2075 761 et
2139 721 2165 760 r

2342 724 2470 767 σεως
2497 706 2793 777 ὑποφαίνει.
2836 702 2932 758 "Ea"
2938 725 2980 757 ει
3012 701 3069 758 δὲ
3101 705 3285 766 αὐτοὺς
3308 703 3519 757 ἐντεῦθεν
3536 714 3644 777 γοῦν
3671 715 3832 760 συνιέναι

576 794 938 848 surrectione
995 794 1124 864 ejus
1169 794 1407 849 diceret.
1462 793 1772 859 Quomodo
1828 795 1986 850 enim
2031 794 2164 866 prof

2338 795 2419 847 ὃτι
2446 800 2563 867 περὶ
2592 803 2678 847 τοῦ
2712 797 2929 848 θανάτού
2961 799 3050 847 καὶ
3102 802 3196 855 τῆς
3238 792 3551 855 ἀναστάσεως
3577 795 3710 846 αὐτον
3731 816 3833 866 οισι,

573 886 774 937 cturus
802 888 926 938 erat
976 883 1169 940 stadia
1220 884 1587 955 quindecim,
1642 890 1703 940 ut
1741 900 1876 940 eum
1937 902 1972 941 a
2013 901 2161 941 soml

2337 883 2480 956 [Πῶς
2514 884 2625 955 (26)
2657 887 2758 958 γὰρ
2795 884 2853 936 ἂν
2908 884 3077 957 ἔμελλε
3117 885 3421 958 πορεύεσθαι
3450 880 3625 936 στάδια
3646 894 3837 937 amour

571 972 851 1027 excitaret
879 973 906 1028 ?
938 972 1042 1028 sed
1064 973 1488 1045 opinabantur,
1509 974 1768 1044 aenigma
1791 974 2036 1046 aliquod
2073 991 2159 1029 ess

2339 970 2485 1043 δεκα,
2512 976 2647 1026 ὥστε
2676 972 2950 1037 ἐξυπνίσαι
2982 973 3136 1025 αὐτόν
3167 992 3180 1041 ;
3224 973 3353 1027 Ἀλλ’
3379 978 3599 1045 ενόμισαν
3620 977 3787 1046 αἴνιγμά
3806 995 3837 1027 τι

570 1060 763 1133 qualia
806 1061 992 1117 multa
1016 1062 1272 1118 dicebat.

2340 1058 2488 1129 εἶναι,
2519 1064 2603 1115 οἷα
2628 1063 2791 1117 πολλὰ
2818 1061 3008 1135 θωνα]

640 1152 804 1205 Vers.
837 1154 913 1205 14.
954 1151 1114 1207 Tunc
1152 1183 1207 1191 ——
1232 1152 1563 1222 manifeste.
1598 1154 1683 1223 -Η-
1711 1154 1942 1225 Aperte.

1780 1160 1942 1209 )erte.
2409 1156 2532 1205 Τότε
2561 1184 2625 1192 -
2656 1152 2948 1227 παρρησίᾳ.
2980 1158 3209 1226 Φανερῶς
3235 1152 3368 1222 ('27).

643 1239 802 1293 Vers.
874 1242 951 1294 14.
1009 1242 1262 1296 Lazarus
1316 1272 1380 1281 —
1441 1244 1600 1299 Vers.
1662 1244 1745 1297 l5.
1805 1242 1898 1297 ibi.
1961 1242 2228 1311 Gaudeo,

2414 1241 2656 1315 Λάζαρος
2711 1273 2775 1282 -
2807 1247 2930 1297 ἐκεῖ.
2986 1248 3086 1295 Καὶ
3132 1246 3308 1314 χαίρω
3362 1242 3437 1292 ὅτι
3493 1240 3578 1292 οὐκ
3622 1246 3732 1312 ἤμην
3757 1239 3838 1294 ἐκεῖ.

570 1328 737 1400 quod
792 1344 911 1384 non
965 1328 1181 1385 fuerim
1237 1329 1317 1385 ibi
1376 1348 1389 1396 ;
1450 1331 1686 1401 gaudeo
1742 1338 1942 1388 autem
1996 1337 2158 1404 propt

2343 1336 2523 1403 Χαίρω
2556 1328 2614 1383 δὲ
2641 1328 2718 1384 δι’
2746 1332 2897 1403 ὑμᾶς,
2954 1332 3038 1383 ἶνα
3080 1333 3397 1387 πιστεύσητε
3444 1327 3842 1394 π).ἐον,ὃτανῖδττε

572 1434 694 1486 vos,
756 1424 820 1474 ut
906 1418 1136 1491 plenius
1211 1422 1485 1487 credatis,
1558 1438 1691 1477 cum
1762 1422 2024 1478 videritis
2092 1440 2160 1478 eu

2342 1421 2497 1473 αὐτὸν
2525 1420 2878 1493 ἀνιστάμενον.
2906 1420 2964 1473 Εἰ
2984 1424 3085 1494 ’γὰρ
3110 1416 3170 1479 ἦν
3195 1419 3316 1484 ἐκεῖ,
3349 1419 3377 1478 ἡ
3406 1418 3560 1470 οὐκᾶν
3587 1419 3797 1481 ἀπέθανεν,
3821 1418 3839 1474 ἡ

570 1515 998 1579 resurgentem.
1056 1514 1203 1567 Nam
1245 1511 1289 1566 si
1326 1512 1407 1567 ibi
1458 1512 1727 1577 fuissem,
1781 1513 1872 1568 vel
1922 1530 2044 1569 non
2093 1514 2155 1570 fu

2344 1510 2438 1563 οὐκ
2469 1509 2528 1561 ἂν
2574 1510 2876 1567 τηλικοῦτον
2936 1511 3091 1581 ἐφάνη
3126 1513 3183 1561 τὸ
3217 1510 3408 1580 θαῦμα,
3452 1508 3479 1565 ἡ
3509 1512 3588 1560 καὶ
3610 1508 3841 1561 ὑπωπτεύθη

572 1602 659 1653 set
717 1607 1011 1665 mortuus,
1072 1600 1167 1655 vel
1237 1617 1355 1655 non
1412 1606 1639 1656 tantum
1702 1603 2077 1673 apparuisset
2131 1621 2160 1659 n

1412 1606 1639 1656 tantum
1702 1603 2077 1673 apparuisset
2131 1605 2234 1659 mi-
2346 1602 2521 1673 ἆν,ὼς
2550 1607 2950 1677 προειρήκαμεν.

571 1686 863 1755 raculum,
936 1687 1019 1744 vel
1079 1690 1403 1762 suspicioni
1478 1689 1683 1746 fuisset
1744 1691 2105 1763 subjectum,
2171 1698 2234 1749 ut
2272 1711 2312 1765 Β

570 1776 970 1849 praediximus.

640 1868 803 1923 Vers.
868 1870 953 1924 15.
1012 1870 1130 1926 Sed
1191 1902 1255 1910 —
1314 1886 1463 1926 eum.
1533 1874 1613 1927 Ne
1661 1871 1933 1927 malevoli
1988 1888 2131 1943 erga
2173 1891 2228 1929 a-

2420 1869 2555 1923 Ἀλλ’
2581 1900 2647 1909 -
2675 1869 2847 1922 αὐτόν.
2875 1868 2984 1923 Ἵνα
3016 1873 3086 1940 μη
3123 1864 3354 1939 δόξωμεν
3385 1865 3793 1941 ἀφιλόστοργοι.Τὸ
3811 1860 3847 1915 δε

568 1957 758 2013 micos
825 1958 1154 2017 videamur.
1216 1962 1339 2016 Haec
1392 1967 1616 2027 autem,
1698 1962 1830 2017 Non
1890 1977 2055 2018 eram
2132 1964 2154 2018 i

2351 1960 2460 2012 Οὐκ
2490 1963 2650 2030 ἤμην,
2675 1964 2763 2010 καὶ
2794 1962 2851 2010 τὸ
2888 1964 3147 2029 Ἄγωμεν,
3181 1963 3274 2010 καὶ
3303 1960 3366 2008 τὰ
3391 1962 3604 2022 τοιαῦτα,
3639 1958 3694 2015 ὡς
3713 1954 3848 2024 ἅνθρω-

566 2050 642 2111 et,
672 2048 906 2112 Eamus,
941 2064 1009 2104 ac
1038 2049 1280 2115 similia,
1320 2056 1608 2123 tanquam
1640 2051 1823 2107 homo
1854 2051 2016 2106 dicit.

1040 2049 1280 2115 similia,
1320 2056 1608 2123 tanquam
1640 2051 1823 2107 homo
1854 2051 2016 2106 dicit.
2347 2068 2444 2109 πος
2472 2048 2628 2119 λέγει.

637 2139 796 2191 Vers.
856 2143 934 2193 16.
1002 2139 1163 2194 Dixit
1217 2171 1286 2180 —
1336 2156 1422 2196 eo.
1478 2145 1744 2212 Apparet
1794 2140 2044 2213 quidem
2105 2159 2225 2197 ma-

2420 2134 2570 2190 Εἶπεν
2600 2167 2665 2176 -
2697 2137 2877 2191 αὐτοῦ.
2938 2142 3084 2188 Δοκεῖ
3112 2140 3202 2208 μὲν
3241 2133 3505 2206 εὐτολμίας
3550 2134 3572 2185 ὁ
3618 2132 3850 2203 λόγος,ἓστί

564 2240 695 2295 gnaa
747 2242 944 2281 sermo
986 2227 1278 2294 audaciae,
1333 2245 1540 2283 verum
1604 2230 1802 2299 potius
1866 2235 1958 2285 est
2017 2230 2152 2285 timii

2352 2222 2410 2280 δὲ
2449 2226 2636 2297 μᾶλλον
2683 2223 2877 2288 δειλίας
2909 2230 2997 2276 καὶ
3028 2224 3301 2286 ἀπιστίας.
3354 2224 3576 2276 Ἠπίστει
3598 2224 3680 2295 γὰρ
3720 2222 3779 2272 ὅτι
3812 2219 3849 2269 οὐ

566 2314 701 2369 tatis
755 2331 823 2370 ac
890 2316 1295 2385 inﬁdelitatis;
1366 2317 1673 2374 difﬁdebat
1744 2335 2018 2392 namque
2072 2336 2154 2392 qu

2348 2315 2765 2388 προσκοψουσιν,
2827 2319 2895 2377 ὡς
2942 2322 3172 2382 προεῖπε,
3220 2320 3315 2367 καὶ
3341 2311 3432 2366 διὰ
3456 2321 3593 2364 τοῦτο
3629 2304 3849 2381 προσεδόκα

566 2418 689 2459 non
759 2404 1149 2471 offenderent,
1230 2413 1291 2463 ut
1361 2408 1741 2478 priedixerat,
1827 2416 1882 2464 et
1932 2416 2154 2481 proptel

2353 2406 2784 2479 συναναιρεθηναι
2808 2408 3005 2465 πάντας
3033 2412 3103 2473 τῷ
3131 2400 3445 2474 διδασκαλῳ
3492 2418 3503 2429 ·
3538 2400 3622 2453 οὐκ
3647 2398 3850 2469 ἐπετίμησε

568 2492 973 2563 opinabantur
1010 2511 1219 2551 omnes
1266 2496 1443 2551 simul
1493 2514 1632 2552 cum
1664 2503 2036 2570 przeceptore
2085 2515 2155 2554 oc

2353 2491 2412 2547 δὲ
2433 2495 2572 2564 αὐτῷ
2597 2497 2622 2547 ὁ
2655 2497 2907 2567 Χριστὸς,
2936 2491 3313 2555 ὃιαϐαστάζων
3340 2495 3413 2545 ἔτι
3440 2496 3524 2549 τὴν
3553 2490 3769 2542 ἀσθένειαν
3788 2485 3850 2536 ar}-

569 2580 801 2637 dendos
832 2599 980 2638 esse.
1038 2587 1162 2640 Non
1223 2591 1420 2641 tamen
1484 2586 1803 2658 increpavit
1865 2603 2004 2642 eum
2078 2588 2157 2643 Ch

2351 2592 2462 2636 τοῡ.
2498 2581 2725 2656 Δίδυμος
2751 2581 2808 2636 ὁε
2840 2582 3035 2653 ile/sto
3064 2579 3156 2635 διὰ
3186 2586 3245 2634 τὸ
3296 2584 3495 2655 συνάμα
3521 2575 3695 2651 ἀδελφῷ
3731 2593 3852 2648 7m:-

573 2676 716 2741 stus,
782 2671 1037 2728 tolerans
1088 2674 1282 2730 adhuc
1341 2675 1467 2746 ejus
1515 2675 2003 2732 imbecillitatem.
2063 2677 2243 2749 Didy_
2356 2675 2526 2732 θῆναι.

574 2776 707 2815 mus
741 2778 880 2817 vero
934 2764 1103 2835 quasi
1157 2763 1434 2833 geminus
1480 2764 1813 2832 dicebatur,
1859 2766 2019 2838 quod
2063 2767 2237 2835 simu]

572 2865 705 2905 cum
737 2850 915 2906 fratre
940 2858 1113 2906 natus
1136 2858 1310 2908 esset.

643 2940 809 2995 Vers.
846 2942 932 2995 17.
968 2941 1113 2996 Cum
1143 2942 1332 3012 igitur
1356 2943 1608 2999 venisset
1640 2974 1708 2983 —-
1753 2945 2067 3013 sepultum.
2112 2947 2231 3016 Ipse

2422 2942 2607 2996 Ἐλθὼν
2648 2938 2734 2994 οὖν
2800 2972 2859 2981 -
2906 2939 2953 2993 ἐν
2986 2948 3057 3010 τῷ
3104 2944 3367 3011 μνημείῷ.
3405 2939 3557 2999 Αὐτὸς
3583 2940 3659 3009 μὲν
3682 2934 3850 2991 ἀπέθανε,

574 3029 818 3100 quidem
876 3035 1150 3085 mortuus
1232 3030 1445 3101 fuerat,
1507 3038 1827 3104 postquam
1877 3049 2111 3089 sorores
2160 3073 2162 3083 ι

2270 3064 2310 3121 C
2348 3033 2472 3103 μεθο
2526 3030 2828 3083 ἀπέστειλαν
2874 3032 2927 3080 αἱ
2968 3025 3187 3100 ἀδελφαὶ
3244 3034 3376 3101 πρὸς
3428 3031 3508 3080 τὸν
3547 3027 3753 3099 Χριστὸν,
3775 3020 3852 3071 κατ’

572 3117 868 3174 Christum
931 3119 1236 3184 miserant,
1287 3120 1497 3175 eodem
1545 3136 1688 3176 sane
1744 3121 1838 3176 die
1883 3139 1895 3177 :
1958 3123 2054 3178 hic
2098 3138 2160 3178 ve

2273 3105 2310 3121 ν
2349 3124 2512 3179 αὐτὴν
2544 3123 2646 3195 ἄρα
2671 3126 2762 3179 την
2802 3123 2997 3195 ἡμέραν
3046 3137 3057 3147 ·
3093 3120 3243 3179 οὗτος
3276 3118 3390 3187 (‘28)
3421 3114 3477 3170 δὲ
3524 3120 3685 3189 ἔμεινεν
3706 3116 3742 3164 ἓν
3764 3110 3791 3179 ᾧ
3816 3105 3852 3163 ἒν

572 3208 782 3263 mansit
837 3207 894 3263 in
950 3208 1083 3264 loco
1142 3209 1243 3265 ubi
1294 3217 1419 3265 erat
1497 3209 1739 3265 duobus
1817 3210 2054 3276 diebus,
2139 3212 2157 3268 i

2348 3217 2487 3284 τόπῳ
2519 3208 2615 3263 δύο
2645 3212 2860 3283 ἡμέρας,
2912 3209 3075 3266 αὑτήν
3106 3227 3159 3260 τε
3201 3213 3297 3261 καὶ
3328 3208 3493 3283 ἑτέραν
3533 3224 3543 3235 ·
3570 3206 3683 3257 κατὰ
3714 3198 3758 3253 δὲ
3791 3204 3851 3254 τήν

570 3296 841 3353 videlicet
889 3314 958 3353 ac
1015 3304 1329 3369 sequenti;
1387 3299 1557 3354 tertio
1602 3304 1802 3354 autem
1855 3299 2009 3355 dixit
2069 3300 2158 3354 dis

2349 3306 2531 3372 τρίτην
2566 3298 2672 3351 εἷπε
2703 3307 2813 3359 τοίς
2863 3300 3127 3370 μαθηταῖς
3166 3299 3251 3349 ὅτι
3285 3298 3522 3370 Λάζαρος
3555 3297 3579 3346 ὁ
3622 3292 3850 3365 φᾶοςὴμῶν

571 3385 749 3456 pulis,
791 3388 1043 3443 Lazarus
1080 3386 1303 3442 amicus
1340 3393 1534 3443 noster
1568 3388 1803 3454 dormit,
1867 3395 1922 3444 et
1974 3393 2159 3444 caeteri

2350 3394 2678 3462 κεκοίμηται,
2708 3392 2797 3439 καὶ
2830 3390 2895 3439 τὰ
2938 3385 3052 3449 ἑξῆς
3100 3403 3111 3415 ·
3147 3386 3195 3437 ἐν
3238 3383 3303 3439 δε
3363 3393 3422 3458 τῇ
3462 3385 3653 3454 τετάρτη
3699 3375 3848 3436 ἀπῆλθε,

570 3474 629 3530 in
669 3482 885 3548 quarto
915 3476 1079 3542 abiit,
1135 3492 1273 3533 cum
1325 3482 1746 3548 exspectasset,
1784 3477 1979 3532 donec
2032 3477 2156 3533 oler

2349 3484 2646 3553 περιμείνας
2696 3480 2779 3529 ἱνα
2860 3477 3015 3548 ὁζέσῃ
3074 3477 3209 3528 ὥστε
3268 3476 3415 3529 πλέον
3468 3481 3662 3546 φανῆναι
3717 3471 3760 3519 τὸ
3796 3482 3851 3535 με·

571 3570 636 3621 ut
662 3566 855 3636 magis
888 3566 1367 3622 manifestaretur
1390 3584 1509 3622 suae
1537 3567 1884 3636 magnitudo
1922 3567 2159 3637 potenti:

2348 3569 2550 3641 γαλείον
2586 3576 2682 3629 τῆς
2741 3567 2899 3619 αὐτοῦ
2931 3562 3219 3637 δυνάμεως.
3270 3566 3439 3619 Adfui
3490 3560 3545 3616 δὲ
3571 3561 3714 3614 οὐκέτι
3742 3556 3850 3605 «πέσ-

574 3654 815 3709 Sorores
856 3661 1054 3710 autem
1100 3671 1223 3710 non
1274 3656 1532 3728 amplius
1588 3655 1665 3712 ad
1724 3672 1862 3712 eum
1921 3656 2162 3712 miserui

2349 3659 2516 3711 τειλαν
2550 3660 2679 3730 πρὸς
2728 3656 2897 3720 αὐτὸν,
2950 3656 3279 3726 ἀπογνοῦσαι
3331 3654 3501 3707 λοιπὸν
3537 3656 3619 3709 τὴν
3659 3650 3765 3709 ζωὴν
3792 3650 3851 3693 τοι)

573 3741 648 3797 de
675 3741 868 3797 fratris
892 3743 1010 3798 vita
1038 3743 1164 3813 jam
1195 3744 1603 3816 desperantes.

1006 3789 1010 3798 .
1038 3743 1164 3813 jam
1195 3744 1603 3816 desperantes.
2350 3744 2594 3818 ἀδελφοῦ.

647 3834 804 3885 Vers.
868 3833 946 3886 t8.
1008 3833 1160 3890 Erat
1196 3865 1259 3873 —
1322 3834 1489 3889 Vers.
1554 3839 1634 3890 t9.
1682 3849 1809 3890 suo.
1864 3834 2063 3890 Graece
2112 3835 2235 3907 qui-

2420 3836 2515 3888 Ἦν
2543 3868 2609 3875 -—
2640 3834 2826 3887 αὐτῶν.
2885 3865 2950 3874 —
2983 3836 3121 3907 Πρὸς
3171 3834 3265 3894 τὰς
3306 3837 3424 3907 περὶ
3453 3831 3648 3904 Μάρθαν
3691 3828 3757 3875 καὶ
3779 3827 3850 3873 M1-

574 3919 711 3976 dem
774 3921 1009 3988 dicitur,
1090 3926 1226 3996 Πρὸς
1295 3927 1389 3986 τὰς
1474 3930 1590 3998 περὶ
1661 3925 1881 3998 Μάρθαν
1956 3928 2045 3976 καὶ
2114 3932 2236 3977 Μα-
2348 3930 2482 4000 ρίαν,
2542 3928 2776 3976 τουτέστι
2812 3926 2939 3997 πρὸς
2978 3925 3195 3997 Μάρθαν
3241 3928 3335 3974 καὶ
3372 3925 3585 3993 Μαρίαν.
3641 3916 3849 4000 Καὶτοῖᾶτε

571 4015 731 4083 ρίαν;
812 4016 901 4067 est
979 4017 1179 4068 autem
1253 3997 1570 4069 GraecaniCi
1640 3997 1933 4067 sermonis
1994 4014 2159 4069 idiou

2347 4017 2448 4087 γὰρ
2484 4011 2681 4086 ἰδιωμα
2699 4013 2872 4083 λόγου.
2898 4011 3055 4065 Ἀλλὰ
3081 4020 3185 4071 πῶς
3207 4012 3375 4072 αὐτὰς
3390 3997 3849 4082 παρεμυθοῦντορίὶις

571 4100 731 4157 idem
765 4102 1129 4171 signiﬁcans,
1194 4103 1359 4174 quod
1414 4102 1490 4157 ad
1550 4102 1840 4157 Martbam
1881 4107 1937 4158 et
1976 4103 2159 4159 Maria:

2350 4108 2513 4165 οὔσας
2537 4112 2627 4155 τοῦ
2659 4101 2837 4159 Ἰησοὺ
2879 4117 2893 4167 ;
2930 4102 3141 4160 Πάντως
3173 4100 3201 4158 ἦ
3234 4096 3334 4151 διὰ
3362 4104 3453 4156 τὴν
3484 4097 3699 4167 εὐγένειαν
3720 4088 3845 4139 αὐτῶν.

577 4192 817 4261 Verum,
847 4208 967 4264 quo
1018 4197 1194 4263 pacto
1248 4192 1716 4248 consolabantur
1775 4191 1925 4256 illas,
1977 4208 2112 4246 cum
2157 4192 2165 4246 i

2349 4194 2378 4251 ᾖ
2411 4189 2502 4245 διὰ
2532 4194 2626 4254 τὰς
2655 4190 2812 4250 ἄλλοις
2860 4188 3062 4264 ἀρετὰς,
3103 4191 3131 4247 ἦ
3186 4186 3284 4241 διὰ
3334 4192 3391 4240 τὸ
3434 4187 3627 4260 μέγεθος
3668 4189 3844 4242 τίςσυβ·

572 4281 752 4339 dubie
801 4286 1071 4338 amarent
1112 4283 1363 4337 Jesum?
1410 4288 1525 4337 Aut
1582 4286 1820 4354 propter
1872 4281 2236 4337 nobilitatem
2351 4288 2525 4355 φοράς.

570 4371 830 4438 illarum,
892 4377 994 4427 aut
1057 4376 1299 4445 propter
1376 4371 1522 4427 altas
1604 4372 1870 4435 virtutes,
1943 4376 2046 4426 aut
2102 4387 2236 4443 pro-
2279 4419 2320 4472 D

575 4467 705 4534 pter
727 4462 1079 4517 calamitatis
1106 4461 1605 4531 magnitudinem.

650 4552 937 4607 Prmterea
1018 4568 1135 4607 non
1197 4556 1363 4606 erant
1426 4549 1487 4604 hi
1567 4565 1637 4604 ex
1701 4548 1784 4603 eis
1837 4548 1940 4621 qui
1994 4550 2238 4605 omnino

2423 4549 2619 4609 Ἄλλως
2648 4567 2721 4615 τε,
2746 4544 2858 4599 οὐδ’
2882 4543 3016 4605 ἦσαν
3049 4547 3189 4598 οὗτοι
3222 4554 3323 4598 τῶν
3348 4546 3506 4601 πάντη
3549 4544 3840 4613 πονηρῶνίαι

577 4639 720 4694 mali
751 4645 940 4707 erant,
975 4639 1137 4711 quod
1167 4657 1237 4695 ex
1273 4655 1340 4694 eo
1362 4637 1741 4693 manifestum
1772 4643 1877 4704 est,
1903 4640 2047 4711 quia
2074 4657 2165 4695 mu

2108 4624 2241 4695 aulti
2352 4646 2505 4691 τοῦτο
2544 4634 2701 4696 δῆλον
2725 4641 2823 4689 ἀπὸ
2864 4643 2954 4689 τοῦ
2994 4643 3280 4688 πιστεῦσαι
3306 4634 3514 4693 πολλοὺς
3540 4630 3696 4682 αὐτῶν.

577 4728 957 4784 crediderunt
986 4729 1044 4783 in
1075 4745 1233 4783 eum.

647 4819 814 4872 Vers.
866 4817 952 4873 20.
984 4819 1230 4873 Martha
1262 4833 1400 4887 ergo
1437 4848 1496 4856 —
1527 4816 1784 4872 sedebat.
1833 4817 1965 4888 Ipsa
1998 4817 2147 4881 sola,
2183 4824 2235 4874 ul

2424 4816 2481 4869 Ἠ
2537 4812 2623 4868 οὖν
2681 4816 2871 4888 Μάρθα
2922 4845 2975 4856 -
3042 4814 3333 4874 ἐκαθέζετο.
3398 4811 3533 4869 Αὐτὴ
3592 4803 3837 4888 advertite

585 4907 696 4963 hoc
752 4907 995 4963 audivit.
1052 4911 1178 4963 Non
1230 4906 1697 4962 communicavit
1763 4912 1960 4960 autem
2034 4923 2170 4963 soro

2358 4904 2652 4969 ἀκούσασα,
2714 4904 2805 4955 οὐκ
2864 4903 3173 4956 ἐκοινώσατο
3228 4907 3320 4954 καὶ
3380 4904 3501 4973 πρὸς
3548 4902 3630 4955 τὴν
3673 4886 3834 4957 am?“

575 5012 649 5052 ne
699 4996 798 5052 illa
848 5012 1089 5070 quoque
1146 5000 1423 5061 exeunte,
1484 4994 1809 5050 tumultum
1859 4996 2163 5052 concitare;

2359 4999 2440 5046 ἱνα
2469 5000 2562 5066 μὴ,
2595 4993 2830 5052 κάκείνης
2856 4992 3183 5056 ἐξελθούσης,
3237 4990 3587 5064 Θορυϐηθὼσιν
3614 4986 3654 5037 οἱ
3676 4993 3835 5051 sapa?"

576 5087 676 5159 qui
709 5086 787 5142 ad
818 5085 1257 5142 consolandum
1286 5087 1595 5139 venerant.

1032 5085 1257 5141 andum
1286 5087 1595 5139 venerant.
2361 5087 2617 5155 θούμινοι.

1808 5262 2029 5333 Varia:
2066 5262 2394 5332 lectiones
2429 5272 2493 5332 et
2526 5272 2727 5331 notae.

651 5465 764 5537 (26)
796 5464 1027 5521 Inclusa
1053 5463 1273 5537 absunt
1299 5466 1363 5518 A.
1540 5533 1555 5537 Α
1628 5533 1637 5537 _
2114 5533 2125 5537 _
2349 5458 2795 5537 xitlﬂente‘nius.

655 5529 773 5609 (27')
800 5540 917 5594 Hoc
948 5533 1353 5612 praetermisso
1384 5533 1705 5603 vocabulo,
1739 5536 1966 5591 textum
1993 5533 2243 5607 conjun-

1574 5533 1705 5603 tlllO,
1739 5536 1966 5591 textum
1993 5533 2245 5607 conjun-
2426 5532 2536 5606 (28)
2569 5531 2737 5593 Αὐτός
2765 5545 2869 5603 pro
2901 5529 3069 5596 οὗτος,
3101 5531 3162 5586 Α.
