4022 6232
162 255 302 319 4345

1230 248 1591 317 quMENT.
1635 247 1707 316 IN
1745 246 2090 318 JOANNEM.
2131 295 2199 306 —
2241 254 2401 324 CAP.
2442 256 2534 323 x1.

3377 284 3518 341 1346

227 382 379 442 Εἶπεν
408 416 477 426 -
535 390 682 447 Θεὸς.
734 417 802 427 --
841 383 902 438 Ei
935 382 993 447 ἧς
1027 382 1150 453 ὦδε,
1201 386 1227 439 6
1268 383 1487 459 ἀδελφός
1528 407 1630 460 μου
1660 386 1743 440 οῦν

1936 389 2103 444 Vers.
2129 388 2218 443 21.
2252 391 2417 448 Dixit
2448 423 2516 434 —
2543 392 2707 451 Vers.
2760 400 2847 452 22.
2871 399 3014 475 Deus
3062 402 3122 460 Si
3162 404 3374 476 fuisses
3397 409 3516 479 hic,

158 477 220 529 ἄν
271 474 548 534 ἕτιθνήκιιο
603 473 817 533 Ἠτήσω
858 477 960 551 γὰρ
1018 477 1080 527 ἄν
1126 478 1213 529 τὸν
1274 480 1396 530 Θεὸν
1454 478 1579 550 ὑπὲρ
1639 477 1751 548 ('29)

154 572 249 618 τοῦ
273 568 346 639 μὴ
376 562 650 617 ἀποθανεῖν
677 562 852 631 αὐτὸν,
884 570 975 618 καὶ
1005 564 1359 627 εἰσηκούσθης
1398 567 1459 617 οἶν
1487 568 1554 628 ὡς
1586 568 1751 638 θεοφι-

153 653 267 717 λής.
304 657 465 707 οὔπω
489 656 590 728 γὰρ
614 652 889 725 ἕγίνωσκεν
914 656 991 707 ὅτι
1015 655 1058 707 εἰ
1085 659 1174 707 καὶ
1198 657 1263 717 ὡς
1292 656 1563 728 ἄνθρωπος
1593 652 1749 721 ἀπῆν,

153 741 266 796 ἀλλ’
286 745 351 804 ὡς
380 745 501 804 Θεὸς
529 751 718 817 παρῆν.

227 925 384 993 Λέγει
431 950 495 962 -
546 921 731 995 ἡμέρᾳ.
791 918 954 973 Ὠστε
994 925 1084 975 καὶ
1120 926 1176 975 τὸ
1222 918 1363 975 Οἶδα
1409 924 1489 975 ὅτι
1545 924 1644 976 ὃσα
1688 924 1750 976 ἄν

149 1010 347 1084 αἰτήσῃ
406 1012 494 1062 τὸν
541 1012 690 1080 Θεὸν,
753 1006 914 1063 δώσει
969 1029 1052 1063 σοι
1105 1012 1129 1063 6
1184 1014 1334 1077 Θεὸς,
1388 1012 1447 1064 οὗ
1498 1017 1607 1087 περὶ
1658 1019 1749 1066 τοῦ

150 1098 444 1160 ἀναστῆναι
510 1098 621 1170 (30)
682 1098 838 1151 αὐτὸν
878 1095 1035 1169 εἶπεν,
1113 1098 1241 1153 ἁ).λὰ
1305 1107 1421 1175 περί
1491 1110 1582 1155 τοῦ
1673 1109 1744 1178 μὴ

150 1186 499 1263 ἁποῄὁιφῆναι
557 1187 712 1240 αὐτὸν
763 1196 856 1241 τοῦ
911 1196 1064 1244 Θεοῦ.
1120 1192 1280 1242 Οὔπω
1326 1192 1425 1267 γὰρ
1473 1188 1585 1264 εἶχε
1631 1200 1747 1268 περὶ

147 1284 241 1330 τοῦ
300 1284 534 1348 Χριστοῦ
590 1280 684 1336 τὴν
737 1283 1114 1352 προσήκουσαν
1168 1279 1446 1351 ὑπόληψιν·
1502 1287 1592 1334 καὶ
1644 1285 1745 1356 γὰρ

144 1363 263 1419 οὐδ’
288 1367 339 1419 οἱ
368 1368 621 1439 μαθηταὶ,
663 1371 836 1419 καίτοι
880 1374 1111 1420 τοσαῦτα
1147 1373 1238 1420 καὶ
1267 1377 1484 1423 τοιαῦτα
1512 1376 1603 1424 καὶ
1634 1372 1746 1445 (31)

144 1453 462 1518 ἀκούσαντες
491 1460 581 1508 καὶ
609 1452 663 1508 ίδ
668 1460 825 1518 ὀντες.

212 1551 369 1598 Εἶπεν
422 1576 487 1586 -
537 1545 669 1606 ζωή.
715 1544 774 1598 Ἠ
831 1541 1058 1620 δύναμις
1084 1553 1180 1610 τῆς
1227 1546 1561 1612 ἀναστάσεως
1591 1555 1680 1603 καὶ
1710 1552 1741 1610 ἡ

141 1638 287 1706 πηγή
346 1641 444 1695 τῆς
481 1634 638 1701 ζωῆς,
683 1636 710 1686 6
759 1633 982 1687 ἀνιστῶν
1034 1640 1123 1689 καὶ
1179 1638 1205 1689 6
1259 1636 1425 1702 ζωῶν,
1483 1641 1548 1701 ὡς
1596 1644 1738 1703 Θεὸς.

1860 479 2057 549 frater
2084 496 2244 537 meus
2278 498 2395 538 non
2421 483 2632 553 fuisset
2663 494 2922 545 mortuus
2952 506 2968 557 ;
3011 495 3326 564 petivisses
3352 516 3519 558 nam-

1863 583 1980 639 que
2010 587 2045 625 a
2078 572 2214 637 Deo,
2248 588 2322 628 ne
2355 572 2479 644 ipse
2530 584 2874 644 moreretur,
2912 585 2968 637 et
2991 583 3235 642 indubie
3278 589 3521 647 auditus

1863 656 2096 723 fuisses,
2146 666 2348 733 utpote
2382 662 2481 718 Dei
2528 664 2780 722 amicus.
2840 669 3119 728 Nondum
3174 676 3330 732 enim
3382 695 3522 751 cog-

1862 747 2161 820 noscebat,
2213 750 2401 821 quod,
2433 751 2566 809 licet
2615 759 2673 811 ut
2710 756 2896 813 homo
2929 758 3151 827 aberat,
3211 768 3409 823 tamen
3462 747 3523 827 ut

1862 836 2014 890 Deus
2039 852 2301 909 prtesens
2341 845 2485 896 erat.

1929 924 2096 1014 Vers.
2130 930 2212 983 23.
2252 928 2350 983 Ait
2385 961 2450 970 —
2483 929 2650 988 Vers.
2690 936 2780 992 24.
2813 936 2925 993 die.
2969 939 3139 1005 Quod
3169 959 3309 1014 ergo
3351 945 3521 1004 dixe-

1858 1017 1947 1068 rat
1979 1030 1992 1069 :
2023 1013 2156 1071 Scio
2181 1017 2343 1087 quod
2377 1034 2737 1093 quaecunque
2789 1031 3125 1095 poposceris
3151 1048 3189 1088 α
3226 1013 3368 1100 Deo,
3407 1038 3519 1095 da-

1859 1102 1938 1157 bit
1969 1103 2078 1158 tibi
2105 1103 2276 1167 Deus,
2311 1121 2431 1163 non
2461 1107 2627 1175 dixit,
2667 1113 2828 1184 quod
2869 1131 3007 1172 eum
3055 1124 3515 1183 resuscitaturus

1856 1196 2028 1256 esset,
2060 1193 2162 1248 sed
2203 1210 2278 1250 ne
2328 1213 2364 1252 a
2411 1196 2529 1255 Deo
2582 1198 2939 1271 abjiceretur
2976 1223 2990 1261 :
3037 1207 3329 1281 siquidem
3362 1230 3513 1271 non-

1855 1281 2001 1336 dum
2059 1285 2509 1374 convenientem
2565 1289 2638 1346 de
2693 1290 2920 1349 Christo
2970 1295 3232 1357 habebat
3282 1303 3512 1374 opinio-

1854 1385 2014 1439 nem,
2049 1372 2202 1428 sicut
2245 1388 2353 1431 nec
2390 1376 2685 1449 discipuli,
2724 1381 2828 1454 qui
2874 1389 3068 1442 tamen
3122 1394 3203 1445 tot
3250 1372 3515 1453 astante

1853 1463 1910 1515 et
1933 1459 2248 1518 audierant
2269 1467 2325 1519 et
2361 1464 2653 1523 viderant.

1926 1550 2084 1604 Vers.
2118 1554 2206 1606 25.
2233 1552 2399 1609 Dixit
2445 1585 2515 1595 —
2562 1556 2702 1614 vita.
2751 1559 2951 1618 Virtus
2995 1569 3438 1628 resurrectionis
3460 1578 3517 1631 et

1851 1637 1986 1734 {ous
2018 1639 2173 1711 vitae,
2194 1641 2299 1714 qui
2320 1643 2616 1703 exsuscito
2643 1647 2947 1724 vitamque
2979 1654 3191 1726 tribuo,
3224 1664 3515 1734 tanquam

139 1728 354 1796 Πρῶτον
407 1726 498 1797 μὲν
573 1720 662 1776 οὖν
728 1729 949 1800 μετρίως
1021 1726 1180 1796 εἶπεν,
1250 1728 1637 1787 Ἀναστήσεται
1717 1730 1742 1782 6

1866 1726 2023 1783 Deus.
2081 1728 2340 1786 Primum
2389 1733 2592 1806 itaque
2663 1720 2933 1797 modeste
3002 1720 3236 1804 locutus
3289 1720 3379 1806 est
3427 1720 3516 1808 di?

139 1808 365 1885 ἀδελφός
417 1830 531 1865 σου·
600 1812 799 1876 ἐκείνης
870 1810 929 1867 δε
1016 1818 1089 1888 μὴ
1151 1820 1414 1878 συνιείσης
1480 1816 1743 1871 ἀποκαλύ-

136 1920 256 1955 πτει
312 1901 491 1955 ὶοιπὸν
549 1906 642 1961 τὴν
705 1907 1061 1978 κεκρυμμένην
1118 1903 1359 1969 ἐξουσίαν
1411 1906 1591 1974 αὐτοῦ,
1651 1913 1742 1962 καὶ

134 1988 319 2063 ἀνοίγει
347 1993 433 2043 τὸν
460 1998 578 2044 νοῦν
604 1990 789 2054 αὐτῆς.

204 2078 268 2133 Ὀ
322 2111 394 2121 -
457 2081 637 2135 αἰῶνα.
699 2082 809 2135 Κᾶν
877 2080 1109 2158 ἀποθάνῃ
1183 2080 1290 2143 ἤδη
1368 2089 1454 2138 τὸν
1520 2084 1741 2139 ενταῦθα

135 2171 381 2238 θάνατον,
433 2172 653 2234 ζήσεται
681 2176 776 2230 τὴν
822 2171 934 2244 (3?)
979 2174 1083 2225 ἕκιὶ
1132 2174 1273 2234 ζωὴν
1319 2178 1411 2233 τὴν
1451 2180 1735 2251 μακαρίαν.

137 2264 242 2313 Καὶ
294 2260 323 2312 6
380 2259 484 2321 ζῶν
521 2262 598 2313 ἔτι
652 2263 747 2319 τὴν
803 2260 1021 2314 ἐνταῦθα
1081 2262 1220 2323 ζωὴν
1278 2263 1336 2315 οῦ
1383 2269 1455 2337 μὴ
1501 2264 1735 2340 ἀποθάνῃ

132 2351 220 2401 τὸν
280 2347 389 2401 ἕκιί
423 2350 657 2420 θάνατον,
713 2352 801 2403 τὸν
856 2349 1055 2407 ἄθλιον.
1111 2358 1289 2405 Ταῦτα
1340 2354 1494 2406 εἰπὼν
1550 2351 1740 2418 ἔδειξεν

134 2440 217 2490 ὅτι
272 2437 446 2491 ἐκεῖνά
491 2438 606 2509 (33)
659 2438 790 2492 εἰσιν
830 2437 1026 2501 ἀληθὴς
1069 2440 1175 2501 ζωὴ
1208 2445 1299 2494 καὶ
1346 2442 1542 2506 ἀληθὴς
1589 2445 1741 2496 θάναο

136 2546 251 2592 τος,
291 2530 362 2589 ὡς
416 2526 729 2581 ἀναλλοίωτα
766 2533 856 2581 καὶ
896 2525 1194 2603 ἀδιοίδοχα,
1233 2528 1480 2584 κάκείνων
1510 2532 1743 2606 μάλιστα

128 2620 485 2693 φροντιστέον.

214 2798 491 2859 Πιστεῦεις
518 2804 670 2850 τοῦτο
691 2813 706 2866 ;
728 2800 798 2852 Τὸ
828 2796 914 2871 ἐμὲ
943 2794 1072 2851 εἶναι
1103 2802 1195 2858 τὴν
1222 2797 1507 2853 ἀναστασιν
1532 2806 1622 2854 καὶ
1648 2806 1740 2862 τὴν

127 2886 299 2949 ζωὴν,
332 2891 423 2940 καὶ
451 2889 518 2939 τὰ
546 2886 678 2950 ἐξῆς.

199 2978 364 3047 Λέγει
437 3006 509 3018 --
608 2974 902 3052 ίρχόμενος.
986 2975 1107 3030 Ὀτι
1183 2980 1274 3050 μεν
1344 2979 1544 3053 μεγάλα
1623 2985 1739 3056 περὶ

1851 1832 1991 1872 cens
2041 1834 2054 1874 :
2104 1819 2388 1892 Resurget
2407 1823 2611 1893 frater
2659 1833 2795 1884 tuus
2845 1834 2972 1902 ;at,
3026 1833 3129 1891 illa
3159 1838 3516 1897 nonintelli-

1849 1907 2310 1997 gentehdetegit
2347 1910 2477 1981 jam
2544 1916 2840 1973 occultam
2901 1935 3075 1978 suam
3134 1931 3513 1997 potestatem,

1849 2000 1905 2051 et
1932 1995 2128 2054 attolit
2159 2003 2421 2055 mentem
2471 2002 2619 2072 ejus.

1921 2083 2083 2140 Vers.
2132 2088 2223 2187 25..
2280 2088 2484 2156 Qui—
2537 2092 2696 2187 Vers.
2746 2097 2834 2152 26.
2898 2104 3210 2160 teternum.
3265 2106 3516 2187 Etiamsi

1850 2189 2010 2272 nunc
2058 2176 2345 2272 moriatur
2396 2182 2677 2272 praseuti
2734 2190 2943 2251 morte,
3002 2190 3151 2249 vivet
3195 2194 3336 2266 vita,
3390 2176 3512 2272 qua

1849 2261 1907 2355 in
1938 2263 2203 2355 futurum
2235 2266 2467 2355 vivitur,
2515 2268 2630 2326 hoc
2682 2277 2789 2339 est,
2830 2274 3032 2334 beata.
3062 2282 3127 2335 Et
3174 2284 3278 2355 qui
3312 2261 3512 2345 adbuc

1849 2350 1982 2408 vivit
2014 2354 2291 2423 presenti
2343 2355 2477 2423 vita,
2539 2374 2924 2434 nequaquam
2979 2350 3263 2428 morietur
3310 2374 3515 2434 futura

1852 2447 2060 2508 morte,
2089 2443 2204 2499 hoc
2261 2449 2369 2515 est,
2421 2447 2656 2506 misera.
2716 2450 2851 2508 Haec
2907 2454 3111 2513 dicens
3161 2464 3424 2521 ostendit
3454 2466 3515 2522 il—

1849 2528 1969 2585 lam
2003 2546 2131 2587 esse
2157 2548 2359 2589 veram
2393 2535 2587 2603 vitam,
2640 2555 2966 2616 veramque
3006 2555 3281 2617 mortem,
3316 2558 3516 2626 utpote

1848 2618 2246 2687 invariabiles,
2275 2628 2332 2680 et
2377 2628 2542 2682 omni
2595 2627 2748 2686 inter
2771 2646 2837 2687 se
2881 2636 3253 2695 successione
3310 2618 3515 2701 caren-

1850 2715 1959 2775 tes,
1992 2714 2049 2766 et
2077 2710 2151 2766 de
2182 2711 2296 2769 illis
2337 2715 2599 2773 maxime
2642 2720 2977 2780 curandum
3007 2741 3158 2784 esse.

1920 2799 2087 2854 Vers.
2137 2804 2223 2857 26.
2279 2802 2480 2860 Credis
2522 2837 2588 2847 —
2641 2807 2807 2866 hoc?
2864 2812 2953 2868 Me
3023 2830 3156 2871 esse
3213 2820 3519 2878 resurrec-

1850 2887 2060 2958 tionem
2082 2905 2152 2945 ac
2170 2889 2372 2959 vitam,
2403 2901 2457 2949 et
2489 2901 2721 2952 cetera.

1924 2978 2078 3033 Vers.
2107 2981 2219 3071 27.»
2258 2980 2358 3071 Ait
2390 3011 2459 3023 -
2514 2992 2800 3043 venturus
2859 2996 3007 3047 erat.
3068 2994 3239 3060 Quod
3290 3012 3525 3071 magna

126 3063 323 3117 ἑαυτοῦ
387 3065 500 3136 (34)
549 3062 703 3132 εἶπεν,
785 3069 933 3137 ἔγνω
1018 3074 1123 3127 πῶς
1199 3063 1259 3120 δὲ
1340 3076 1505 3121 ταῦτα
1581 3065 1734 3136 εἶπεν,

1866 3066 1922 3122 ie
1946 3068 2143 3140 seipso
2165 3068 2394 3138 dixerit,
2450 3076 2732 3143 cognovit
2791 3093 2803 3143 ;
2836 3084 3149 3152 quomodo
3183 3062 3516 3148 autemvea

125 3153 386 3225 ἠγνόησε.
431 3156 525 3206 Διὰ
565 3162 717 3207 τοῦτο
760 3156 928 3229 ἕτερον
985 3153 1328 3229 ἐρωτηθεῖσα,
1388 3158 1554 3232 ἕτερον
1614 3157 1739 3212 ἀπο-

124 3247 386 3316 κρίνεται.
440 3241 595 3295 Ἀλλὰ
637 3245 791 3296 πόθεν
841 3243 1116 3315 ἐγίνωσκεν
1179 3246 1206 3298 ὃ
1261 3247 1555 3321 ἀπεκρίθης
1608 3248 1738 3302 Ἀπὸ

122 3339 232 3383 τῶν
284 3335 631 3384 πιστευόντων
674 3331 744 3394 εἰς
798 3332 974 3387 αὐτόν.
1031 3338 1130 3386 Καὶ
1168 3336 1269 3409 γὰρ
1299 3339 1389 3387 καὶ
1440 3336 1562 3409 ὅπερ
1602 3334 1739 3388 ἀνω-

126 3424 268 3494 τέρω
310 3417 437 3491 εἶπε,
505 3422 583 3481 τὸ,
643 3417 785 3474 Οἶδα
846 3422 926 3474 ὅτι
985 3420 1341 3481 ἀναστήσεται
1398 3423 1446 3476 ἐν
1500 3432 1564 3497 τῇ
1620 3424 1740 3478 ἁνα-

127 3511 326 3562 στοξσει
393 3508 441 3560 ἐν
498 3517 561 3582 τῇ
630 3508 833 3584 ἐσχάτη
890 3512 1078 3584 ἡμέρᾳ,
1138 3511 1226 3565 ὑπ’
1287 3513 1402 3586 (35)
1470 3513 1630 3567 αὐτοῦ
1686 3533 1741 3569 τε

123 3605 223 3651 τοῦ
277 3605 516 3671 Χριστοῦ
548 3594 893 3661 διδάσκοντος
945 3603 1118 3673 ἔμαθε,
1160 3607 1249 3654 καὶ
1301 3600 1402 3655 ἀπὸ
1442 3611 1541 3656 τῶν
1573 3607 1741 3677 μαθη-

125 3696 234 3740 τῶν
289 3687 474 3740 αὐτοῦ.
541 3686 790 3750 Πολλάκις
839 3691 941 3764 γὰρ
1000 3689 1123 3765 παρ’
1182 3690 1366 3754 αὐταῖς
1410 3692 1522 3765 μετ’
1572 3694 1740 3746 αὐτῶν

123 3774 517 3850 ίξενοδοχείτο.

200 3871 311 3921 Καὶ
339 3898 409 3906 -
435 3873 590 3939 φωνεί
615 3885 692 3924 σε.
724 3863 1158 3942 Προσδοκήσασοί
1184 3889 1237 3922 τι
1278 3866 1471 3940 ἀγαθὸν
1500 3868 1601 3924 ἀπὸ
1639 3880 1741 3924 τῶν

118 3957 298 4030 λόγων
331 3956 513 4025 αὐτοῦ,
546 3960 724 4029 τρέχει
752 3961 842 4010 καὶ
871 3956 1019 4010 καλεῖ
1041 3963 1133 4017 τὴν
1166 3955 1391 4032 ἀδελφὴν
1424 3958 1610 4036 λάθρα,
1659 3962 1743 4013 ἶνα

117 4051 194 4120 μὴ
232 4048 286 4098 οἱ
316 4049 565 4120 παρόντες
598 4042 853 4099 Ἰουδαῖοι
881 4054 1034 4099 τοῦτο
1063 4055 1251 4119 γνῶσι,
1283 4053 1375 4101 καὶ
1406 4051 1538 4112 ἴσως
1572 4069 1739 4102 κατα-

114 4136 443 4208 μηνύσωσιν
496 4133 653 4187 αὐτὸν
716 4142 820 4197 τοῖς
868 4133 1307 4191 ίπιεουλεῦουσιν.
1368 4135 1490 4193 Eine
1534 4134 1611 4210 δὲ,
1661 4140 1741 4192 ὃτι

116 4230 297 4279 Φωνεί
326 4242 405 4290 σε,
441 4224 524 4276 ἵνα
564 4225 747 4277 θᾶττον
777 4223 1076 4298 ἀπαντήσῃ.

196 4406 396 4463 Εκείνη
431 4432 496 4444 -
526 4401 703 4457 αὐτόν.
735 4401 857 4457 Ὑπὸ
906 4402 1105 4468 πολλῆς
1137 4403 1277 4478 μάλα
1301 4410 1396 4467 τῆς
1423 4407 1554 4481 πρὸς
1584 4406 1739 4461 αὐτὸν
1771 4442 1818 4497 D

113 4500 320 4555 τιμῆς.

175 4547 375 4635 ,δάπτω
424 4613 487 4622 —
541 4583 754 4658 Μάρθα.
802 4581 899 4636 Ἦν
928 4582 1005 4636 ἔτι
1052 4582 1156 4636 ἐκεῖ
1193 4578 1467 4637 διδάσκων
1496 4588 1614 4648 τοὺς
1645 4590 1738 4639 σὺν

110 4672 301 4743 αὐτῷ,
342 4682 435 4723 καί
460 4674 718 4747 προφάσει
765 4679 856 4725 τοῦ
909 4668 1189 4726 διδάσκειν
1237 4678 1516 4747 περιμένων
1555 4674 1734 4747 αὐτὰς,

112 4765 210 4815 ἶνα
244 4764 323 4834 μὴ
378 4756 506 4833 δόξῃ
558 4757 820 4833 ἔπιπηδᾷν
862 4763 931 4823 ὡς
978 4758 1246 4834 φιλόδοξος
1276 4770 1348 4834 τῷ
1390 4766 1636 4837 θαύματι,
1668 4763 1738 4819 Ἠ

106 4858 286 4904 τοῦτο
317 4845 454 4902 εἶπεν
484 4850 509 4901 6
531 4849 900 4923 εῦαγγελιστής
921 4850 1173 4924 ἔμφαίνων
1200 4852 1279 4903 ὅτι
1299 4855 1389 4904 καὶ
1406 4854 1433 4911 ἡ
1450 4852 1737 4925 καλέσασα,

104 4945 211 4993 καὶ
250 4940 285 4997 ἠ
318 4937 574 4997 κληθεῖσα
601 4947 849 4993 τοσοῦτον
891 4939 1043 5003 ὀξέως
1072 4937 1320 5016 ἔδραμον,
1348 4943 1418 5004 ὡς
1439 4944 1740 5017 προφθᾶσαι

102 5030 291 5083 αὐτόν
318 5026 443 5082 ἐκεῖ.

1848 3156 2077 3224 dixerit,
2140 3158 2456 3230 ignoravit,
2528 3168 2583 3220 et
2653 3173 2968 3238 propterea
3027 3188 3213 3231 unum
3268 3177 3517 3236 interro-

1849 3252 2007 3336 gata,
2071 3246 2232 3303 aliud
2315 3252 2656 3321 respondet.
2735 3256 2848 3313 Sed
2928 3260 3087 3317 unde
3137 3263 3196 3319 id
3265 3267 3511 3336 sciebat,

1848 3334 2009 3406 quod
2041 3336 2409 3409 respondit?
2464 3340 2549 3396 Ab
2598 3342 2689 3399 his
2737 3346 2836 3419 qui
2877 3347 2934 3404 in
2978 3365 3115 3407 eum
3172 3334 3510 3415 credebant.

1851 3425 1999 3480 Nam
2028 3431 2083 3480 et
2110 3426 2273 3518 quod
2302 3429 2574 3499 superius
2617 3432 2849 3492 dixerat
2883 3436 3043 3494 :Seio
3062 3443 3222 3512 quod
3252 3454 3515 3518 resurget

1850 3514 1911 3569 in
1943 3516 2375 3575 resurrectione
2394 3518 2457 3574 in
2486 3523 2801 3580 novissimo
2850 3526 2964 3597 die,
2997 3528 3076 3586 ab
3104 3532 3233 3605 ipso
3283 3514 3516 3595 Christo

1849 3602 2159 3697 didicerat,
2190 3612 2246 3662 et
2276 3622 2331 3697 a7
2359 3606 2668 3682 discipulis
2722 3613 2929 3685 ipsius.
2982 3602 3142 3677 Nam
3181 3619 3519 3697 frequenter

1850 3708 1985 3750 cum
2012 3694 2127 3751 illis
2174 3696 2339 3769 apud
2365 3713 2467 3755 eas
2497 3699 2938 3775 hospitabatur.

1922 3872 2090 3966 Vers.
2114 3876 2205 3966 28.
2246 3875 2326 3933 Et
2368 3908 2437 3918 —
2488 3889 2657 3937 vocat
2690 3887 2759 3937 te.
2814 3884 3175 3960 Exspectans
3228 3908 3515 3966 magnam

1852 3961 2095 4035 aliquod
2123 3964 2347 4021 bonum
2379 3982 2415 4022 a
2444 3971 2822 4028 sermonibus
2854 3974 3005 4044 ejus.
3040 3979 3221 4035 currit
3256 3988 3313 4037 et
3333 3961 3517 4043 vocat

1851 4050 2190 4107 clanculum
2223 4069 2513 4124 sororem,
2536 4072 2610 4113 ne
2636 4060 2738 4130 qui
2772 4070 3090 4130 praesentes
3124 4076 3294 4126 erant
3322 4072 3513 4130 Judaei

1850 4145 2296 4208 cognoscerent,
2329 4158 2400 4198 ac
2420 4143 2869 4203 insidiatoribus
2910 4150 3180 4209 fortassis
3211 4172 3347 4213 eum
3378 4175 3513 4232 pro-

1848 4228 2076 4284 derent.
2107 4227 2254 4285 Dixit
2280 4234 2499 4299 autem,
2545 4233 2723 4291 Vocat
2750 4244 2824 4303 te,
2876 4244 2939 4295 ut
2963 4238 3063 4298 illa
3101 4243 3274 4300 citius
3307 4227 3511 4306 occur-

1848 4322 2020 4374 reret.

1918 4408 2080 4462 Vers.
2146 4409 2234 4464 29.
2294 4408 2416 4500 [tta
2478 4439 2555 4500 -—_
2592 4425 2745 4469 eum.
2793 4413 2920 4472 Prae
2968 4418 3325 4492 vehementi,
3382 4441 3506 4500 quo

1847 4510 1987 4552 eum
2019 4496 2507 4570 persequebatur,
2539 4498 2788 4559 honore.
2884 4516 2901 4523 ’

1916 4583 2081 4640 Vers.
2120 4584 2211 4641 30.
2268 4587 2550 4645 Nondum
2595 4621 2665 4631 —
2693 4591 2958 4651 Martha.
3016 4599 3149 4656 Erat
3172 4600 3371 4661 adhuc
3401 4603 3504 4675 ibi,

1847 4672 2074 4730 docens
2102 4689 2206 4731 eos
2234 4674 2338 4748 qui
2370 4692 2572 4734 secum
2601 4686 2791 4748 erant,
2836 4688 2893 4739 et
2938 4684 3192 4746 docendi
3216 4672 3507 4764 prietextu

1847 4763 2232 4835 exspectabat
2262 4764 2415 4831 illas,
2446 4783 2518 4822 ne
2565 4771 2849 4827 accedere
2884 4772 3197 4851 videretur,
3220 4763 3507 4855 tanquam

1849 4852 2101 4924 gloriam
2128 4868 2164 4909 a
2194 4853 2479 4943 miraculo
2499 4862 2769 4928 captans.
2799 4862 2911 4917 Aut
2931 4862 3045 4921 hoc
3074 4865 3225 4923 dixit
3251 4852 3508 4943 evange-

1846 4941 2006 5011 lista,
2042 4942 2384 5011 ostendens,
2418 4945 2582 5017 quod
2613 4952 2670 5002 et
2711 4964 2846 5021 quae
2876 4954 3129 5024 vocavit,
3175 4964 3229 5012 et
3252 4972 3387 5030 quae
3410 4941 3506 5018 vo-

1848 5036 1982 5088 cata
2012 5036 2121 5096 est,
2156 5032 2310 5089 adeo
2339 5033 2621 5092 velociter
2647 5049 3051 5111 cucurrerunt,
3106 5049 3168 5101 ut
3193 5062 3332 5104 eum
3364 5047 3502 5107 illuc

1847 5121 2235 5194 prtevenerint

1361 5260 1588 5342 Varia
1613 5272 1939 5343 lectiones
1970 5283 2037 5342 et
2069 5283 2269 5342 notae.

216 5442 324 5516 '29)
343 5436 493 5516 ’ττι-ἐρ
526 5440 701 5516 ἃὶὶθεῑΔ

214 5510 323 5586 30)
350 5510 678 5573 Ἀνοὶστῆσαε
694 5512 937 5570 ‘videtur
960 5510 1180 5587 legisse
1202 5514 1542 5574 Henteuius.

218 5586 325 5643 31)
361 5589 462 5638 Καὶ
491 5587 663 5642 abest
690 5588 760 5640 Α.

219 5590 325 5734 3ίῖ
361 5590 462 5638 Καὶ
491 5590 663 5642 abest
690 5590 760 5640 A.

219 5660 298 5717 32
355 5660 462 5718 Τὴν
492 5656 665 5715 abest
692 5657 761 5717 Α.

1921 5442 2038 5586 ξ33ζ
2067 5442 2188 5496 Ὀτι
2207 5441 2420 5499 κάκεῖνα
2444 5450 2509 5500 Δ.

1945 5518 2011 5570 34
2068 5515 2236 5569 Αὐτοῦ
2269 5520 2331 5571 Α.

1945 5515 2033 5571 343
2068 5515 2236 5569 Αὐτοῦ
2269 5520 2331 5571 Α.

1922 5591 2033 5659 (335)
2068 5586 2180 5640 Ἀπ’
2231 5592 2293 5643 Α.
