4022 6232
597 185 733 248 1347

1925 186 2273 252 ΕυΤΗΥΜΙι
2315 185 2649 252 ZIGABENI

3745 211 3840 275 1348

667 318 831 376 Vers.
865 319 954 375 3t.
989 319 1178 376 Judzi
1223 333 1362 388 ergo
1395 343 1460 358 -ι
1504 311 1602 375 ibi.
1649 317 1847 375 Secuti
1911 325 2049 376 sunt
2092 337 2226 378 eam

2336 368 2339 376 .
2445 324 2512 375 Οἱ
2577 322 2666 374 οὖν
2738 310 2988 379 Ἰουδαῖοι
3055 349 3126 370 ε·-
3198 325 3314 380 έκεῖ.
3382 324 3712 392 Ἦκολούθησσν
3762 343 3837 413 μὶν,

596 408 781 475 veriti,
800 425 872 464 ne
888 409 1032 481 quid
1062 407 1330 464 fortassis
1347 414 1550 464 contra
1575 409 1833 480 seipsam
1875 415 2256 482 perpetraret.

595 499 754 554 Facti
803 503 942 553 sunt
1011 503 1211 552 autem
1293 501 1467 552 testes
1531 496 1828 564 miraculi,
1899 500 2078 554 etiam
2135 516 2256 557 non

594 587 760 642 asciti
801 588 930 658 (cc).

663 677 824 732 Vers.
856 677 945 730 32.
977 675 1167 746 Igitur
1196 676 1395 732 Maria
1426 708 1488 717 —
1536 677 1748 746 frater.
1773 680 2131 750 Quanquam
2164 696 2255 737 so-

588 783 720 822 rore
751 765 1069 821 ferventior
1107 772 1230 821 erat
1280 783 1418 836 erga
1451 767 1657 822 Christi
1700 768 2012 836 honorem,
2069 770 2253 842 siqui-

587 856 717 912 dem
747 848 882 929 ipsa
909 855 1162 928 procidit
1193 856 1266 912 ad
1300 857 1478 928 pedes
1508 858 1636 928 ejus
1672 858 1916 920 ;eadem
1948 863 2150 916 tamen
2175 861 2255 916 dl-

585 947 682 1014 cit,
715 947 993 1003 eamdem
1042 947 1115 1002 de
1147 946 1243 1002 illo
1291 946 1516 1002 habens
1561 947 1929 1020 opinionem,

659 1129 817 1182 Vers.
853 1128 940 1182 33.
975 1127 1144 1183 Jesus
1194 1157 1260 1164 —
1292 1125 1526 1196 spiritu,
1559 1132 1612 1181 et
1659 1127 1923 1183 turbavit
1973 1129 2247 1198 seipsum.

584 1221 710 1274 Non
743 1232 814 1272 ea
863 1215 1010 1270 dixit
1053 1216 1131 1271 ad
1167 1215 1350 1286 illam,
1401 1231 1530 1287 quas
1591 1218 1780 1271 sorori
1828 1216 2091 1274 dixerat:
2127 1224 2250 1275 tum

585 1311 830 1379 propter
855 1321 957 1360 eos
983 1305 1279 1376 quisimul
1303 1304 1694 1371 advenerant,
1727 1312 1857 1362 tum
1885 1308 2058 1362 etiam
2087 1307 2252 1381 quod

584 1395 757 1450 sciret
784 1394 1048 1449 futurum
1079 1409 1205 1448 esse
1237 1398 1298 1448 ut
1332 1409 1440 1464 per
1464 1394 1650 1450 otium
1683 1394 1891 1451 eadem
1927 1397 2005 1452 ab
2038 1397 2137 1453 illa
2166 1397 2251 1452 di-

582 1491 786 1541 sceret.
819 1486 948 1538 .lam
981 1488 1182 1539 autem
1233 1490 1538 1538 commota
1569 1483 1625 1537 in
1669 1484 1798 1555 ipso
1839 1486 2108 1542 humana
2149 1503 2251 1543 na-

580 1590 714 1650 tura
743 1573 816 1629 ad
835 1571 1314 1643 compassionem
1331 1573 1546 1643 (solent
1565 1589 1826 1646 namque
1846 1576 1948 1647 qui
1974 1575 2246 1644 humani,

2368 411 2670 474 καθέξοντες
2721 416 2766 465 εἴ
2823 417 2922 467 πού
2999 435 3051 467 τι
3111 415 3279 489 fama:
3342 419 3450 471 καθ’
3489 419 3649 484 ἑαυτῆς
3685 411 3841 502 iussi.

2370 501 2582 563 ξασθαι.
2643 507 2895 575 Γεγόνασι
2948 501 3009 558 δὲ
3059 507 3313 581 μάρτυρες
3364 516 3450 562 τοῦ
3501 511 3716 583 θαύματος
3753 516 3843 570 ἐκα-

2366 593 2681 664 ράγραπτοι.

2436 679 2493 732 Ἠ
2544 677 2630 732 οὖν
2681 687 2863 755 Μαρία
2913 714 2983 724 —
3036 680 3270 756 ἀδελφός.
3327 685 3383 738 Εἰ
3422 693 3504 740 καὶ
3547 691 3772 767 θερμοτέρα
3804 692 3842 752 ἦν

2365 777 2459 832 τῆς
2515 767 2743 843 ἀδελφῆς
2797 775 2929 845 πρὸς
2995 779 3089 833 τὴν
3161 774 3229 835 εἰς
3283 775 3427 828 αὐτὸν
3474 786 3626 850 τιμήν·
3672 790 3742 834 καὶ
3777 789 3842 857 γὰρ

2366 859 2491 916 αὐτὴ
2542 860 2653 931 (36)
2686 862 2860 914 ἔπεσεν
2910 862 2979 924 εἰς
3032 865 3147 924 τούς
3177 859 3336 926 πόδας
3393 865 3553 920 αὐτοῦ·
3591 866 3696 922 ἄλλοι
3729 891 3772 941 7:
3803 877 3845 924 τὰ

2366 947 2494 1001 αὖτά
2521 948 2678 1022 λέγει,
2719 955 2812 1009 τὸν
2852 951 3014 1011 αὐτὴν
3053 952 3143 1006 καί
3172 953 3300 1013 αὐτὴ
3337 959 3446 1030 περὶ
3481 955 3618 1009 αὐτοῦ
3655 959 3843 1031 ought"

2365 1036 2587 1109 ἐχουσα.

2436 1127 2638 1190 Ἰησοῦς
2699 1161 2759 1169 -
2822 1132 3077 1203 πνεύματι
3135 1134 3244 1203 (37)
3295 1133 3399 1186 Ούκ
3451 1142 3546 1188 εἰπε
3595 1140 3696 1209 πρὸς
3737 1144 3845 1196 uitta

2362 1215 2396 1267 οἶ
2433 1221 2522 1268 καὶ
2568 1221 2699 1292 πρὸς
2736 1223 2828 1278 τὴν
2868 1216 3095 1294 ἀδελφὴν
3151 1217 3246 1275 διὰ
3290 1225 3406 1284 τοὺς
3443 1224 3735 1286 συνελθόντας·
3774 1228 3848 1300 ἀρε

2364 1301 2422 1358 δε
2473 1311 2562 1358 καὶ
2611 1305 2882 1379 ἐγίνωσκεν
2921 1311 3002 1361 ὃτι
3049 1312 3343 1382 μαθήσεται
3393 1321 3545 1364 ταῦτα
3578 1315 3678 1386 παρ’
3717 1315 3848 1378 initia;

2361 1397 2497 1447 κατὰ
2545 1396 2765 1467 σχολήν·
2813 1401 3120 1460 κινηθείσης
3173 1397 3233 1453 δὲ
3280 1397 3383 1459 ἤδη
3434 1410 3516 1462 τῆς
3565 1401 3606 1454 ἐν
3651 1403 3758 1473 αὐτῷ
3791 1405 3849 1455 ἁν-

2363 1485 2622 1556 θρωπίνης
2697 1489 2901 1559 φύσεως
2972 1489 3046 1551 εἰς
3111 1492 3449 1560 συμπάθειαν·
3525 1495 3575 1544 τὸ
3639 1495 3718 1566 γὰρ
3768 1495 3848 1566 ὀρῷ

2360 1572 2557 1648 ἐτέρους
2603 1572 2922 1650 δακρύοντας
2971 1577 3220 1654 ἕρεθίζειν
3272 1578 3380 1634 οἶδε
3428 1585 3547 1656 πρὸς
3596 1578 3733 1634 οἶκτον
3771 1588 3848 1645 τοὺς

581 1668 738 1728 sunt,
775 1663 923 1720 alios
951 1661 1206 1718 videndo
1240 1662 1662 1734 lacrymantes,
1690 1665 1929 1720 excitari
1960 1665 2036 1722 ad
2065 1665 2235 1722 mise-

2360 1662 2774 1738 φιλανθρώπους.

579 1753 927 1823 ricordiam)

648 1842 963 1914 Infremuit
1011 1843 1251 1911 spiritu,
1287 1841 1401 1898 hoc
1457 1847 1563 1908 est,
1621 1843 1900 1899 atfectum
1954 1843 2242 1915 cohibuit,

579 1933 780 2007 ipsum
807 1933 1137 2005 reprimens
1173 1949 1186 1997 ;
1216 1938 1379 1987 torve
1406 1948 1474 1987 ac
1507 1937 1740 1988 anstere
1768 1950 1886 2005 prie
1904 1934 2244 1992 turbatione

577 2023 824 2080 intuitus
853 2026 965 2092 est,
995 2038 1069 2078 ne
1092 2037 1229 2077 cum
1261 2021 1546 2092 lacrymis
1583 2021 1990 2094 interrogaret.

648 2205 793 2258 Nam
809 2201 1048 2273 spiritus
1075 2199 1399 2256 dicitnrhic
1424 2200 1780 2256 turbationis
1802 2200 2068 2258 aﬁ‘eclus.
2095 2206 2239 2261 Cum

575 2297 774 2348 autem
817 2289 1236 2354 infremuisset,
1259 2289 1516 2346 turbavit
1547 2290 1809 2362 seipsum
1841 2293 1962 2348 sive
1993 2309 2242 2349 concus-

575 2380 650 2437 sit
700 2397 711 2436 :
751 2381 1030 2450 contingit
1089 2379 1270 2446 enim,
1343 2386 1400 2433 ut
1444 2379 1860 2436 concutiantur
1906 2381 2240 2453 superiores

573 2469 838 2543 corporis
867 2476 1063 2543 partes
1089 2485 1295 2524 eorum
1339 2470 1441 2541 qui
1496 2470 1578 2525 ita
1607 2470 1948 2528 infremunt.

648 2559 899 2625 Quidam
937 2575 1076 2615 vero
1108 2558 1382 2630 spiritum
1431 2559 1822 2630 intelligentes
1865 2561 2236 2618 divinitatem

575 2649 724 2720 ejus,
757 2649 1238 2720 interpretantur,
1266 2646 1430 2720 quod
1466 2649 1676 2704 acriter
1703 2650 1982 2707 humana:
2009 2657 2235 2708 naturae

574 2738 978 2794 comminatus
1008 2742 1093 2793 est
1117 2753 1214 2808 per
1243 2737 1616 2794 divinitatem
1652 2747 1742 2794 :et
1772 2741 2072 2796 concussit
2099 2755 2234 2796 eam

576 2827 1044 2883 comminatione
1062 2827 1444 2898 perterritam.

645 2917 807 2972 Vers.
833 2918 917 2972 3i.
945 2915 1096 2971 Et—
1122 2919 1280 2971 Vers.
1307 2920 1394 2972 35.
1421 2919 1609 2973 Iesus.
1643 2917 1955 2989 Tanquam
1972 2916 2158 2974 homo
2179 2922 2233 2975 et

571 3007 899 3075 interrogat
946 3009 1002 3060 et
1031 3004 1419 3075 lacrymatur,
1460 3005 1699 3077 aliaque
1748 3005 1908 3073 facit,
1941 3023 2232 3080 quaecum-

570 3110 688 3167 que
719 3109 851 3151 esse
883 3094 1190 3149 hominem
1246 3095 1444 3166 ipsum
1498 3095 1859 3151 conﬁrmant
1891 3118 1903 3151 :
1939 3103 2228 3170 tanquam

570 3184 726 3239 Deus
761 3199 901 3240 vero
921 3183 1383 3255 quatriduanum
1424 3199 1493 3239 ac
1514 3183 1732 3239 olidum
1759 3185 1887 3254 jam
1927 3193 2229 3241 mortuum

570 3273 833 3342 suscitat,
854 3280 1186 3345 cmteraque
1211 3280 1507 3343 Operatur,
1541 3289 1914 3347 quascunque
1942 3281 2231 3331 testantur

569 3378 704 3420 eum
737 3378 863 3420 esse
893 3365 1099 3420 Deum.
1126 3362 1261 3418 Vult
1289 3362 1447 3417 enim
1492 3370 1808 3436 utramque
1831 3364 1923 3419 sui
1955 3372 2229 3420 naturam

570 3454 834 3523 agnosci,
864 3458 920 3508 et
947 3454 1081 3508 ideo
1105 3468 1266 3508 nunc
1295 3453 1540 3525 quidem
1559 3453 1822 3509 humano
1843 3470 2028 3520 more,
2070 3470 2230 3511 nunc

565 3558 709 3601 vero
740 3542 966 3608 divino,
1009 3543 1170 3596 varia
1200 3542 1587 3598 demonstrat.

638 3632 800 3687 Vers.
851 3635 938 3686 36.
997 3631 1286 3688 Dicebant
1341 3661 1404 3673 -
1456 3646 1608 3688 eum.
1642 3631 1920 3689 Videntes
1959 3649 2098 3689 eum
2146 3632 2230 3691 la-

568 3725 968 3792 crymantem.

641 3810 797 3864 Vers.
830 3808 917 3863 37.
953 3807 1202 3874 Quidum
1244 3839 1293 3848 —
1322 3817 1669 3866 moreretur.
1721 3813 2143 3884 lmpotentiam
2174 3813 2226 3869 ei

568 3897 917 3970 exprobant,
944 3905 1001 3954 et
1023 3898 1244 3953 ironice
1274 3898 1481 3955 dicunt
1509 3916 1522 3954 :
1561 3901 1672 3968 Qui
1698 3902 1832 3958 caeci
1854 3903 2054 3958 oculos
2091 3918 2228 3973 ape-

567 3990 710 4056 ruit,
735 4004 805 4044 eo
834 3988 1000 4061 quod
1045 3988 1196 4043 istud
1229 4004 1350 4044 non
1394 3990 1616 4056 fecerit,
1672 4007 1780 4047 nec
1830 3992 1976 4047 illud
2020 3993 2225 4048 fecisse

564 4077 940 4137 arbitrantes.
964 4078 1328 4148 lgnorabant
1353 4079 1644 4150 siquidem
1666 4081 1750 4150 id,
1784 4082 1942 4153 quod
1963 4081 2225 4138 facturus

566 4172 672 4237 est,
705 4167 802 4224 illo
836 4168 1033 4239 majus
1063 4183 1192 4224 esse
1223 4184 1235 4222 :
1269 4185 1412 4225 nam
1443 4170 1642 4240 majus
1668 4176 1754 4224 est
1789 4176 2062 4234 mortem,
2088 4188 2223 4244 quas

560 4257 691 4329 jam
725 4257 1033 4314 advenerit
1098 4274 1168 4314 ac
1207 4257 1514 4315 dominata
1570 4260 1661 4326 sit,
1695 4260 1990 4332 repellere,
2037 4277 2223 4334 quam

565 4347 949 4406 accedentem
962 4347 1297 4420 prohibere.

638 4440 795 4494 Vers.
846 4437 935 4494 38.
981 4437 1147 4494 Iesus
1192 4468 1264 4478 ——
1323 4445 1780 4496 monumentum.
1841 4441 2224 4511 Lacrymatus

565 4527 800 4600 quidem
823 4533 926 4596 est,
962 4528 1164 4584 sinens
1197 4534 1498 4592 naturam,
1536 4546 1668 4598 quae
1695 4545 1804 4586 sua
1844 4535 1999 4596 sunt,
2029 4539 2223 4588 osten-

565 4615 705 4672 dere
739 4631 752 4670 :
787 4617 1088 4674 modicam
1119 4617 1497 4690 lacrymandi
1543 4635 1724 4690 super
1753 4627 2020 4677 mortuos
2060 4637 2222 4677 men-

565 4721 770 4762 suram
799 4706 1039 4762 tradens
1067 4707 1258 4762 nobis.
1303 4707 1526 4763 Deinde
1575 4725 1814 4764 rursum
1858 4709 2125 4776 infremit,
2151 4727 2221 4768 ac

562 4793 844 4851 affectum
885 4795 1140 4864 cohibet,
1202 4802 1412 4853 vetans
1459 4812 1534 4852 ne
1600 4797 1752 4854 ultra
1804 4799 2056 4855 modum
2087 4815 2222 4872 pro-

562 4885 887 4956 grediatur.

636 4975 805 5032 Vers.
846 4979 933 5032 39.
961 4975 1115 5032 Erat
1145 5006 1209 5017 —
1250 4976 1529 5048 lapidem.
1591 4979 1783 5044 Quare
1820 4995 1944 5037 non
1973 4981 2218 5038 suscita-

2427 1839 2836 1916 Ἐνεϐριμήσατο
2889 1851 2962 1914 τῷ
3018 1848 3295 1918 πνεύματι,
3350 1851 3592 1900 τουτέστιν
3649 1850 3851 1921 ἐπετίμησε

2352 1937 2424 2000 τῷ
2467 1931 2642 1996 πάθει,
2681 1929 3040 2004 ἁναχαιτίζων
3096 1935 3242 1988 αὐτῶ
3280 1932 3436 2011 δριμύ
3476 1956 3518 1989 τι
3559 1943 3635 1989 καὶ
3661 1939 3850 2008 mmsis

2352 2014 2580 2090 ἐνέϐλεψε
2607 2027 2670 2091 τῇ
2719 2025 3008 2094 συγχύσει,
3042 2025 3124 2076 ἱνα
3161 2029 3234 2097 μὴ
3274 2028 3403 2098 μετὰ
3449 2022 3661 2099 δακρύων
3693 2031 3852 2085 ποιήσε-

2349 2125 2436 2158 ται
2467 2112 2562 2166 τὴν
2593 2107 2757 2185 ἐρώτη
2767 2130 2870 2167 σιν,

2422 2203 2628 2270 Πνεῦμα
2673 2202 2771 2273 γὰρ
2805 2199 3025 2255 ἐνταῦθα
3051 2211 3246 2257 νοεῖται
3298 2207 3356 2256 τὸ
3395 2207 3547 2266 πάθος
3585 2213 3664 2268 τῆς
3707 2206 3853 2275 συγχύ-

2352 2305 2493 2347 σεως.
2549 2287 3034 2362 Ἐριϐριμησάμενος
3091 2289 3152 2346 δὲ
3213 2292 3452 2368 ἐτάραξεν
3503 2294 3676 2365 ἑαυτὸν,
3743 2299 3853 2362 ξγῡυν

2350 2371 2594 2429 διέσεισε·
2632 2377 2906 2451 συμϐαίνει
2935 2384 3037 2454 γὰρ
3077 2384 3425 2437 τινάσσεσθαι
3467 2385 3529 2435 τὰ
3551 2381 3745 2456 ἀνωτέρω
3761 2387 3849 2454 μέρη

2348 2473 2446 2516 τῶν
2487 2466 2650 2530 οὕτως
2673 2466 3096 2543 ἐμϐριμωμένων.

2416 2557 2554 2616 Τινὲς
2628 2553 2688 2608 δὲ
2758 2567 2958 2631 πνεῦμα
3028 2564 3119 2618 τὴν
3183 2563 3406 2620 θεὸτητα
3483 2561 3625 2614 αὐτοῦ
3692 2567 3854 2616 νοοῦντες

2346 2641 2712 2716 ἑρμηνεύουσιν
2753 2648 2834 2697 ὅτι
2896 2646 3280 2722 ἐνεϐριμήσατο
3462 2648 3715 2725 ἀνθρωπίνῃ
3751 2650 3856 2718 sint

2346 2730 2392 2782 έν
2441 2739 2502 2805 τῇ
2564 2734 2791 2802 eumn,
2839 2740 2928 2788 καὶ
2968 2741 3239 2797 ἐκλόνησεν
3283 2739 3444 2799 αὐτὴν
3491 2737 3755 2811 φοϐηθεῖσαν
3793 2739 3853 2790 τὴν

2343 2819 2682 2894 ὶμϐρίμησιν.

2415 2915 2513 2964 Καὶ
2568 2943 2634 2951 —-—
2670 2913 2894 2977 Ἰησοῦς.
2939 2915 3022 2977 Ὠς
3064 2917 3342 2991 ἄνθρωπος
3514 2923 3593 2970 καὶ
3627 2915 3758 2988 ἐρωτᾷ
3795 2919 3853 2964 ui

2342 2995 2557 3074 δακρύει
2608 3006 2698 3054 καὶ
2754 3002 2916 3055 τοῖλλα
2964 3012 3104 3058 ποιεῖ
3139 3006 3241 3058 ὅσα
3285 3005 3575 3079 βεϐαιοῦσα
3609 3007 3677 3057 ὅτι
3718 3002 3856 3076 ἀνθρω-

2340 3093 2436 3148 πός
2495 3087 2654 3141 ἐστιν·
2705 3093 2772 3153 ὡς
2827 3089 2886 3144 δι
2942 3097 3070 3156 Θεὸς
3123 3092 3320 3167 ἁνιστᾷ
3374 3100 3458 3148 τὸν
3507 3099 3755 3167 τεταρταῖον
3793 3095 3854 3141 κει

2341 3173 2586 3230 ὀδωδότα
2613 3184 2811 3255 νεκρὸν,
2850 3186 2939 3234 καὶ
2986 3185 3054 3234 τὰ
3098 3181 3262 3236 λοιπὰ
3305 3183 3489 3261 ἐνεργεί
3516 3186 3605 3236 ὅσα
3630 3185 3855 3257 μαρτυρού-

2343 3283 2426 3317 σιν
2473 3269 2552 3320 ὅτι
2602 3276 2732 3331 Θεος
2784 3269 2940 3326 ἔστιν.
3005 3273 3249 3325 Βούλεται
3298 3278 3398 3348 γὰρ
3455 3274 3712 3347 ἀμφοτέρας
3740 3271 3854 3322 αὐτοῦ

2339 3359 2427 3416 τὰς
2489 3360 2670 3429 φύσεις
2719 3355 3190 3432 διαγινώσκεσθαι,
3243 3368 3337 3416 καὶ
3386 3360 3476 3416 διὰ
3524 3371 3655 3415 τοῦτο
3699 3361 3749 3412 τὰ

2339 3443 2803 3523 ἁνθρωποπρεπώς,
2831 3451 2898 3502 τὰ
2923 3445 2982 3502 δε
3015 3451 3314 3526 θεοπρεπῶς
3339 3449 3682 3506 ἐπιδείκνυται.

2409 3622 2613 3697 Ἔλεγον
2645 3657 2714 3668 -
2755 3626 2929 3681 αὐτόν.
2966 3625 3187 3693 Ἰδόντες
3217 3631 3378 3684 αὑτὸν
3427 3627 3746 3707 δακρύσαντα.

2406 3806 2550 3866 Τινὲς
2580 3835 2646 3845 -
2698 3803 2956 3880 ἀποθάνῃ.
3009 3803 3343 3882 Ἀδυναμίαν
3394 3806 3712 3872 ὀνειδίζουσνν
3738 3803 3851 3871 αᾶτῷ.

2334 3897 2423 3945 καὶ
2474 3893 2852 3967 εἰρωνευόμενοι
2900 3896 3158 3964 λέγουσιν·
3217 3897 3281 3951 Ὀ
3335 3899 3535 3961 ἀνοίξας
3577 3901 3681 3957 τοὺς
3723 3890 3852 3964 67513-

2332 3983 2460 4052 μούς
2503 3988 2592 4032 τοῦ
2649 3982 2864 4055 τυφλοῦ·
2928 3982 3028 4036 ἀπὸ
3085 3993 3176 4038 τοῦ
3234 3991 3311 4058 μὴ
3359 3994 3571 4045 ποιῆσαι
3609 3990 3750 4046 τοῦτο,
3787 3976 3853 4030 κᾶτ’

2332 4077 2467 4121 κεῖνο
2521 4067 2713 4141 ψευδὲς
2771 4072 3011 4145 οἰόμενοι.
3087 4076 3371 4146 ’Δγνοοῡσι
3439 4072 3497 4130 δὲ
3540 4078 3611 4128 ὃτι
3667 4076 3688 4124 ὃ
3733 4067 3850 4143 uilia

2331 4166 2556 4217 ποιῆσαι
2601 4162 2778 4232 μεῖζον
2843 4160 2974 4216 ἐστι.
3036 4170 3140 4216 Τοῦ
3191 4167 3299 4240 γὰρ
3344 4164 3569 4218 κωλύσαι
3607 4161 3774 4215 ἐπιόντι
3797 4157 3852 4206 τὸν

2336 4249 2550 4300 θάνατον
2602 4251 2781 4321 μεῖζον
2837 4255 2895 4302 τὸ
2963 4259 3383 4327 παραγενόμενον
3439 4251 3541 4312 ἤδη
3595 4257 3670 4303 καὶ
3712 4247 3852 4319 κυρεῖ)-

2335 4355 2498 4389 σαντα
2524 4336 2787 4392 ἀπελάσαι
2823 4340 2996 4394 αὐτόν.

2404 4428 2613 4488 Ἰησοῦς
2685 4459 2749 4468 —
2813 4437 3087 4502 μνημεῖον.
3157 4427 3454 4506 Ἐδάκρυσε
3504 4435 3586 4503 μὲν
3640 4428 3756 4500 ἀνεὶς
3794 4425 3848 4478 τέ’

2333 4518 2488 4588 φύσιν
2532 4513 2859 4580 ἐνδείξασθαι
2912 4522 2979 4572 τὰ
3034 4519 3242 4592 ἑαυτῆς,
3306 4521 3476 4593 ὀλίγον
3519 4517 3574 4573 δε
3619 4521 3753 4591 μέτρα
3783 4519 3847 4561 τέ’

2333 4604 2416 4657 ἰπὶ
2469 4614 2666 4680 νεκροῖς
2717 4603 2962 4681 δακρύων
3018 4607 3362 4685 παραδιδοὺς
3413 4612 3551 4683 ἡμῖν.
3601 4604 3707 4662 Εἶτα
3746 4599 3845 4654 πάλη

2331 4692 2647 4770 ἐμϐριμᾶται
2693 4705 2768 4768 τῷ
2809 4699 2981 4768 πάθει,
3036 4699 3247 4753 κωλύων
3283 4698 3513 4754 ἐκπεσεῖν
3553 4697 3614 4759 εἰς
3651 4693 3841 4766 ἀμετρία

2398 4981 2494 5036 Ἦν
2552 5014 2620 5024 -
2673 4983 2841 5044 λίθον.
2887 4989 3034 5040 Διατί
3084 4984 3179 5039 οὐκ
3211 4985 3493 5047 ἀνέστησεν
3537 4982 3671 5040 αὐτὸν
3709 4977 3840 5032 im”?

1797 5158 2004 5229 Variae
2042 5159 2367 5230 lectiones
2409 5170 2475 5230 et
2513 5170 2718 5233 notae.

653 5354 744 5427 36)
764 5353 928 5414 Forte
955 5351 1085 5415 αὕτη
1097 5396 1108 5409 .

653 5356 744 5427 36)
764 5356 928 5414 Forte
955 5356 1108 5415 αὕτη.

630 5356 745 5504 ί37)
779 5433 879 5484 Καὶ
902 5427 1138 5506 ἐτάραξεν
1169 5425 1369 5498 ἑαυτὸν,
1417 5427 1584 5503 quod
1627 5425 1742 5485 mel
1790 5429 2088 5498 omittunt,
2125 5430 2219 5487 in-

2329 5363 2551 5432 terpres
2603 5359 2912 5432 expressit.
2965 5357 3340 5420 Vocabulum
3391 5357 3660 5430 ἂλὸνησεν,
3687 5347 3831 5412 infit!e

2328 5431 2556 5499 scholii,
2591 5431 2822 5490 videtur
2851 5433 3030 5491 etiam
3071 5434 3216 5491 tueri
3244 5433 3392 5491 haec.

630 5608 740 5700 (cc)
765 5610 964 5670 Etiam
988 5624 1105 5670 non
1130 5606 1317 5669 asciti.
1345 5606 1588 5666 Minime
1643 5607 1906 5680 fallaces,
1941 5608 2186 5667 minime
2218 5606 2495 5686 suspecti.
