4022 6232
149 233 276 296 4349

1188 219 1564 286 COMMENT.
1607 228 1673 282 IN
1715 214 2073 283 JOANNEM.
2117 257 2178 265 —
2213 216 2375 282 CAP.
2420 217 2509 282 XI.

3375 224 3512 287 {330

147 369 294 439 μένου
331 369 424 415 τοῦ
477 353 782 413 λίθου.”Ινα
833 356 881 409 οἱ
929 355 1041 427 (38)
1100 357 1186 407 τὸν
1235 354 1376 408 λίθον
1408 355 1617 427 ἄραντες
1647 357 1736 404 καὶ

1879 351 1935 407 rit
1952 367 2089 405 cum
2108 349 2388 422 imposito
2403 349 2596 422 lapide
2611 351 2639 408 ?
2660 353 2725 408 Ut
2737 353 2843 424 qui
2855 351 3114 425 lapidem
3129 355 3509 423 sustilissent,

147 463 338 528 πρῶτοι
382 458 477 512 τῆς
526 451 698 522 ὀσμῆς
736 445 1107 520 ὄσφρανθέντες
1157 444 1306 497 αύτοὶ
1357 448 1738 518 μαρτυρήσωσι

145 544 374 617 μάλιστα
427 547 499 610 τῷ
559 540 802 609 θαύματι.
837 538 932 588 Διά
974 543 1127 587 τοῦτο
1182 537 1282 608 γὰρ
1332 539 1422 585 καὶ
1474 533 1567 585 οὐκ
1598 531 1739 584 ἀπὼν

146 632 423 689 ἀνέστησεν
494 628 671 694 αὑτὸν,
742 630 832 678 καὶ
897 628 1024 698 μετὰ
1086 623 1283 677 πολλῶν
1351 620 1498 681 ἦλθεν
1568 621 1634 682 εἰς
1683 625 1740 673 τὸ

144 729 410 795 μνημεῖον,
460 722 549 770 καὶ
600 714 871 788 δεδεμένον
914 719 1131 788 κειρίαις
1185 714 1296 785 (39)
1339 717 1426 764 καὶ
1472 708 1741 783 σουδαρίῳ

145 814 348 884 ἤγειρεν
404 807 581 865 αὐτόν,
635 809 725 856 καὶ
794 802 1079 878 προσέταξε
1152 802 1310 854 λῦσαι
1381 800 1558 867 αὑτὸν,
1613 803 1741 872 πρὸς

142 897 508 973 ἀναντίρρητον
563 890 830 956 ἀπόδειξιν
887 900 974 945 τοῦ
1035 895 1318 965 θαύματος,
1353 892 1435 942 ἱνα
1479 887 1575 942 διὰ
1617 893 1742 941 παν-

140 1010 235 1043 των
269 990 466 1041 τούτων
515 987 544 1043 ἠ
594 983 811 1042 ἀλήθεια
856 984 1193 1055 μαρτυρηθῇ,
1245 985 1334 1034 καὶ
1373 985 1443 1052 μὴ
1480 979 1632 1032 πάλιν
1677 980 1742 1038 ὡς

143 1078 225 1132 ἐπὶ
257 1085 350 1130 τοῦ
381 1074 571 1148 τυφλοῦ
605 1076 821 1145 γένηταί
846 1091 927 1134 τις
959 1069 1260 1144 ἀμφιϐολία.

212 1261 370 1328 Λέγει
417 1286 480 1295 -—
528 1253 688 1308 ἐστιν.
751 1247 895 1309 Ἤδη
931 1251 1056 1323 ὄζει,
1112 1255 1201 1302 καὶ
1243 1249 1437 1317 λοιπόν,
1489 1247 1743 1302 ἀδύνατον

144 1347 435 1407 ἀναστῆναι
504 1343 659 1396 αὐτὸν
737 1338 1068 1416 διεφθορότα.
1126 1344 1442 1414 Προείρηται
1507 1342 1607 1412 γὰρ
1665 1341 1746 1392 ὅτι

146 1439 289 1488 οὔπω
335 1439 456 1508 περὶ
508 1433 668 1486 αὐτοῦ
713 1435 804 1490 τήν
857 1434 1228 1503 προσήκουσαν
1273 1427 1532 1499 ὑπόληψιν
1583 1429 1746 1500 εἶχεν,

149 1521 274 1578 οὐδὲ
299 1524 334 1577 ἃ
369 1527 502 1576 εἷπεν
527 1522 682 1594 αὐτῇ,
713 1524 936 1578 νενόηκε.

1855 447 1910 495 et
1946 439 2113 512 primi
2155 454 2400 509 gravem
2446 441 2775 496 sensissent
2820 441 3084 508 odorem,
3126 444 3506 516 potissimum

1858 528 2144 584 miraculo
2170 528 2574 584 testimonium
2595 531 2944 588 exhiberent
2971 549 2984 586 :
3009 533 3309 605 siquidem
3327 535 3507 591 etiam

1855 625 2096 690 propter
2127 619 2242 674 hoc
2310 634 2426 673 non
2482 620 2848 676 resuscitavit
2896 637 3036 677 eum
3105 622 3346 689 absens,
3408 624 3511 680 sed

1855 724 1981 762 cum
2036 707 2236 762 multis
2280 707 2440 762 venit
2471 708 2548 764 ad
2575 716 3057 778 monumentum,
3090 717 3147 768 et
3180 715 3510 768 revinctum

1857 798 2057 852 fasciis
2105 797 2533 868 sepulcralibus
2593 815 2664 854 ac
2708 799 2950 856 sudario
3011 802 3302 872 excitavit,
3350 803 3512 874 jusit-

1853 902 1990 956 que,
2028 891 2088 941 ut
2137 885 2439 941 solverent
2487 901 2646 952 eum,
2700 887 2777 942 ad
2820 888 3195 946 infallibilem
3249 891 3512 948 miraculi

1853 975 2444 1042 demonstrationem,
2461 979 2520 1030 ut
2536 975 2613 1031 ab
2626 975 2718 1031 his
2731 977 3005 1033 omnibus
3021 979 3236 1036 veritas
3253 982 3513 1038 testimo-

1855 1064 2022 1119 nium
2051 1063 2345 1136 acciperet
2379 1085 2391 1116 :
2420 1068 2476 1119 et
2499 1078 2573 1120 ne
2605 1081 2858 1130 rursum,
2898 1068 3409 1137 quemadmodum
3439 1071 3512 1127 de

1855 1167 2042 1217 caeo,
2077 1151 2198 1207 ulla
2232 1167 2541 1207 remanere
2569 1159 2764 1224 posset
2792 1154 3180 1225 ambiguitas.

1928 1241 2344 1296 Vers.39.Dicit
2365 1272 2427 1280 —
2442 1248 2544 1296 est.
2557 1272 2620 1282 —
2634 1242 2767 1299 Jam
2785 1245 3126 1309 olet,etideo
3141 1245 3514 1318 impossibile

1856 1335 1942 1386 est
1983 1345 2123 1386 eum
2173 1330 2523 1386 resuscitare
2563 1331 2690 1402 jam
2736 1340 3103 1406 corruptum.
3163 1339 3312 1392 Nam
3362 1354 3514 1410 prae-

1858 1419 2083 1476 dictum
2115 1424 2221 1485 est,
2273 1421 2437 1490 quod
2489 1422 2750 1476 nondum
2805 1423 2879 1479 de
2933 1440 3003 1479 eo
3061 1427 3514 1485 convenientem

1859 1509 2116 1565 habebat
2146 1509 2509 1582 Opinionem,
2542 1526 2648 1566 nec
2673 1528 2740 1567 ea
2775 1527 2916 1585 qum
2949 1513 3060 1569 sibi
3114 1515 3210 1571 ille
3262 1517 3516 1589 dixerat,

1861 1598 2166 1654 intellexit.

219 1708 378 1775 Λέγει
433 1733 501 1744 --
549 1707 683 1755 Θεοῦ
712 1716 725 1768 ;
757 1699 902 1761 Εἰκὸς
949 1701 1050 1774 γὰρ
1095 1702 1184 1752 καὶ
1213 1705 1364 1751 raise
1405 1698 1561 1752 εἰπεῖν
1593 1697 1747 1771 αὐτῇ·

1932 1688 2102 1745 Vers.
2135 1690 2223 1744 40.
2254 1688 2350 1744 Ait
2378 1719 2443 1730 —
2469 1689 2578 1746 Dei
2603 1691 2632 1745 Υ
2665 1691 2981 1749 Verisimile
3035 1698 3123 1750 est
3169 1695 3349 1763 enim,
3403 1697 3518 1755 hoc

149 1796 176 1854 ἡ
209 1801 364 1848 τοῦτο
393 1798 581 1852 νοῆσαι
608 1787 818 1843 ἐδίδουν
843 1790 975 1860 (40),
1009 1785 1044 1841 ἃ
1075 1784 1210 1841 εἶπεν
1239 1787 1394 1861 αύτῇ.

217 1971 386 2044 ’Βραν
437 1998 504 2012 —
558 1971 808 2042 κείμενος.
875 1964 1041 2038 Ἦραν
1099 1963 1254 2017 αὐτόν
1310 1964 1413 2016 ἀπὸ
1459 1970 1550 2016 τοῦ
1590 1967 1750 2016 τόπου

147 2063 280 2114 ὅπου
311 2056 374 2117 ἦν
397 2061 646 2130 κείμενος.

218 2157 265 2202 0
306 2144 366 2202 δε
422 2147 630 2207 Ἰησοῦς
681 2175 750 2187 —
801 2163 923 2216 μου.
970 2142 1101 2218 Ὀρᾴ
1154 2142 1269 2214 (41)
1319 2141 1477 2212 "Aw,
1529 2147 1620 2195 καὶ
1650 2142 1754 2196 Εὐ·-

145 2243 422 2313 χαριστεῖ,
466 2236 548 2287 ἵνα
577 2235 831 2305 πιστευθῇ
874 2236 954 2285 ότι
983 2235 1126 2306 παρὰ
1172 2239 1262 2285 τοῦ
1293 2237 1418 2286 Θεοῦ
1463 2231 1749 2290 ἀπεστάλη.

147 2329 318 2388 Δῦτός
366 2330 470 2397 γὰρ
523 2328 715 2399 προῖὼν
761 2319 1014 2375 διδάσκει
1057 2324 1251 2380 ταύτην
1278 2319 1406 2374 εἶναι
1436 2327 1529 2380 τὴν
1561 2322 1750 2376 αἰτίαν.

146 2417 362 2487 Ἔλεγον
403 2417 506 2485 γὰρ
558 2415 608 2465 οἱ
647 2408 920 2480 Ἰουδαῖοι,
953 2413 1032 2463 ὅτι
1077 2411 1186 2463 Ούκ
1243 2414 1384 2464 ἔστιν
1437 2411 1538 2464 ἀπὸ
1597 2417 1752 2468 Θεοῦ,

147 2505 309 2560 Ἀλλὰ
351 2513 464 2564 πῶς
510 2499 664 2568 εἶπεν,
695 2499 816 2552 Ὀτι
856 2503 1092 2561 ἤκουσάς
1124 2518 1257 2573 you;
1293 2501 1350 2552 ού
1399 2504 1498 2574 γὰρ
1538 2500 1750 2564 ηὔξατο.

149 2595 264 2648 Ούκ
305 2593 503 2655 ηὔξατο
555 2593 644 2664 μὲν
697 2589 954 2662 ἐμφαίνων
985 2590 1064 2641 ὅτι
1121 2589 1178 2640 ού
1242 2586 1414 2642 δεῖται
1457 2590 1708 2652 εὔξασθαι
1740 2610 1752 2623 ·

147 2681 259 2737 εἶπε
312 2679 394 2750 δε,
444 2680 563 2733 Ὀτι
593 2681 824 2740 ἤκουσάς
853 2698 973 2752 μου,
1023 2675 1298 2737 ύποδηλὼν
1341 2683 1399 2732 τό
1452 2683 1636 2732 ταυτὸν
1665 2687 1756 2732 τοῦ

148 2774 464 2846 θελήματος.
493 2769 810 2844 Εύχαριστῶ
841 2787 946 2834 σοι,
980 2770 1058 2820 ὃτι
1089 2767 1348 2831 ἠθέλησας
1376 2768 1401 2822 ὃ
1428 2769 1580 2826 eam.

221 2951 364 3023 Ἐγὼ
412 2982 480 2990 -
528 2948 747 3010 ἀκούεις.
794 2950 1020 3002 Πάντοτε
1067 2948 1220 3009 θέλεις
1264 2947 1298 2999 ἂ
1335 2948 1479 3003 θέλω.
1524 2953 1593 3001 Τὸ
1631 2949 1757 3001 αύτο

140 3044 252 3115 γὰρ
301 3039 610 3113 ἀμφοτέροις
669 3038 883 3110 θελημα,
934 3040 963 3097 ὴ
1021 3037 1148 3096 αύτὴ
1182 3045 1384 3110 γνώμη.
1433 3035 1561 3090 Εἶτα
1597 3058 1757 3111 προσ·
1800 3065 1839 3117 C

141 3133 336 3188 τίθησι
403 3134 493 3182 καὶ
547 3133 637 3187 τὴν
694 3129 866 3180 αἰτίαν
928 3135 1019 3188 τῆς
1086 3131 1333 3190 τοιαύτης
1390 3127 1756 3204 εὐχαριστίας,

139 3225 236 3274 καὶ
266 3228 370 3271 τῶν
399 3226 647 3271 ταπεινῶν
671 3217 938 3292 ῥημάτων.

211 3308 385 3362 Ἀλλὰ
421 3339 482 3349 «-
518 3304 676 3360 εἶπον.
735 3310 825 3371 Τό,
879 3306 1196 3380 Εύχαριστῶ
1265 3326 1349 3359 σοι
1392 3309 1468 3360 ὅτι
1523 3309 1758 3370 ἤκουσάς

137 3419 274 3472 μου,
311 3395 410 3451 διὰ
437 3402 526 3455 τὴν
557 3395 823 3449 ἀσθένειαν
844 3403 942 3448 τῶν
965 3403 1336 3468 περιεστώτων.

212 3575 337 3630 ἰνα
392 3606 458 3614 —
507 3572 824 3634 ἀπέστειλας.
893 3580 1057 3628 Τοῦτο
1112 3577 1210 3649 γὰρ
1279 3572 1340 3634 ἦν
1406 3575 1761 3650 ἀναγκαιότα-

139 3685 258 3720 τον.
293 3665 354 3717 Ὁ
403 3665 502 3736 γὰρ
549 3665 830 3724 πιστεύσας
882 3665 963 3714 ὃτι
1018 3664 1043 3714 ὁ
1086 3667 1210 3725 Θεὸς
1263 3665 1416 3717 αὐτόν
1472 3666 1756 3739 ἀπέστειλε,

137 3757 430 3809 πιστεύσει
486 3754 684 3812 πάντως
721 3757 813 3804 καὶ
863 3759 975 3814 τοῖς
1021 3751 1196 3824 λόγοις
1241 3754 1418 3821 αὐτοῦ,
1447 3763 1552 3816 τοῖς
1591 3775 1644 3809 τε
1673 3757 1761 3808 οἳλ-

134 3845 260 3907 λοις
312 3848 406 3896 καὶ
461 3848 569 3902 τοῖς
616 3846 733 3914 περὶ
785 3849 876 3895 τοῦ
931 3838 1059 3895 εἶναι
1105 3843 1260 3895 αύτόν
1300 3846 1416 3896 Υἱόν
1466 3853 1556 3895 τοῦ
1611 3851 1756 3899 Θεοῦ.

128 3935 196 3987 Ὀ
267 3931 331 3986 δὲ
376 3935 450 4004 μὴ
509 3933 799 3992 πιστεύσας
844 3933 925 3983 ὅτι
969 3933 995 3982 ὁ
1061 3935 1186 3993 Θεὸς
1234 3932 1388 3984 αὐτόν
1441 3931 1758 4002 ἀπέστειλεν,

132 4021 278 4077 ούδέ
310 4027 432 4082 τούς
465 4019 649 4090 λόγους
678 4020 838 4072 αύτοῦ
865 4016 1234 4095 παραδέξεται.

219 4116 333 4165 Καὶ
397 4141 467 4150 —
531 4108 648 4171 ἔξω.
697 4139 766 4150 -
825 4115 966 4181 Φωνῇ
1019 4108 1212 4182 μεγάλῃ
1283 4111 1622 4185 ἐκραύγασεν,
1681 4111 1763 4163 ἐν-

131 4199 492 4271 δεικνύμενος
544 4200 622 4251 ὄτι
651 4197 791 4251 καλεί
822 4203 916 4257 τὴν
967 4197 1152 4270 ψυχὴν
1201 4198 1260 4250 ού
1306 4207 1596 4274 παροῦσαν,
1653 4199 1760 4252 ἀλλ’

129 4290 400 4343 ἀποῦσαν
454 4287 650 4361 πόρρω,
696 4291 785 4340 καὶ
844 4288 927 4339 ἱνα
985 4291 1168 4348 πάντες
1219 4289 1266 4340 οἱ
1330 4294 1581 4361 παρόντες
1642 4292 1762 4361 (42)

127 4380 432 4432 ἀκούσωσι
463 4380 522 4428 τὸ
575 4376 970 4438 ἑξουσιαστικόν
1008 4383 1161 4429 τοῦτο
1205 4376 1480 4450 κέλευσμα,
1509 4384 1598 4431 καὶ
1644 4380 1762 4432 ὅταν

129 4467 350 4522 ἰδωσιν
409 4466 477 4527 εἰς
539 4468 686 4539 ἔργον
753 4463 927 4533 ἐκϐὰν,
987 4464 1185 4536 ὑψηλόν
1237 4486 1287 4519 τι
1335 4471 1424 4520 καὶ
1493 4469 1765 4543 Θεοπρεπὲς

123 4564 272 4632 περὶ
303 4556 468 4608 αὐτοῦ
509 4554 644 4613 ἐννοή
657 4573 839 4609 σωσιν.

215 4646 347 4700 Ούκ
403 4641 510 4698 εἷπε
544 4641 625 4713 δι,
658 4643 964 4710 Ἀνάστηθι,
1017 4642 1163 4708 ἀλλὰ,
1198 4651 1353 4719 Δεῦρο
1395 4646 1508 4715 ἔξω,
1543 4649 1611 4710 ὡς
1645 4651 1768 4710 ζῶν.

117 4758 184 4789 τι
243 4742 331 4805 τῷ
379 4735 650 4790 τεθντκότι
716 4728 1100 4804 διαλεγόμενος.
1171 4737 1318 4807 Παρὰ
1372 4737 1473 4807 γὰρ
1530 4744 1602 4806 τῷ
1653 4744 1767 4806 Θεῷ

119 4832 236 4879 καὶ
287 4825 342 4876 οἱ
395 4827 566 4896 νεκροὶ
618 4822 774 4882 ζῶσι.
835 4828 998 4874 Τοῦτο
1051 4819 1139 4873 οὖν
1179 4821 1384 4876 ἐστινὸ
1435 4824 1598 4897 ἔλεγεν
1633 4843 1646 4856 ·
1689 4828 1769 4879 ὅτι

109 4913 597 4990 Ἐρχεται.ὧρα,
656 4915 744 4962 καὶ
791 4918 880 4962 νῦν
939 4912 1102 4977 ἔστιν,
1156 4913 1240 4964 ὅτε
1292 4915 1342 4964 οἱ
1396 4918 1565 4988 νεκροὶ
1615 4912 1768 4968 ἁκού-

114 5021 348 5060 σονται
399 5008 495 5061 τῆς
549 5006 720 5071 φωνῆς
767 5006 858 5051 τοῦ
912 5002 1034 5052 Υὶοῦ
1083 5007 1174 5052 τοῦ
1230 5007 1384 5069 Θεοῦ,
1417 5007 1507 5055 καὶ
1539 5005 1587 5056 οἱ
1619 5002 1769 5057 ἀκού-

108 5107 348 5152 σαντες
380 5088 654 5149 ζήσανται.
680 5093 816 5162 Ὅρα
843 5090 967 5163 γάρ.

198 5220 271 5257 ³⁸
321 5214 478 5271 Joan
531 5217 704 5280 v,25.

1863 1778 2039 1834 etiam
2067 1794 2204 1834 eum
2228 1779 2453 1835 dixisse
2479 1779 2560 1836 illi
2586 1797 2601 1847 ;
2638 1786 2739 1839 aut
2763 1782 2876 1838 hoc
2904 1782 3011 1839 sibi
3058 1784 3356 1854 volebant,
3381 1803 3516 1860 quas

1861 1867 1940 1924 illi
1966 1868 2222 1925 dixerat.

1932 1957 2093 2012 Vers.
2131 1961 2219 2013 41.
2259 1957 2646 2016 Sustulerunt
2686 1992 2753 2002 —
2790 1969 3082 2021 mortuus.
3141 1965 3518 2022 Sustulerunt

1862 2063 2001 2102 eum
2033 2061 2070 2102 a
2093 2046 2226 2103 loco
2255 2047 2313 2102 in
2343 2063 2464 2120 quo
2490 2049 2750 2120 jacebat.

1938 2137 2099 2191 Vers.
2148 2140 2238 2192 41.
2296 2137 2461 2194 Iesus
2511 2145 2726 2196 autem.
2762 2172 2830 2181 -—
2861 2158 2966 2199 me.
3011 2143 3155 2200 Vide
3208 2144 3518 2202 dictiones-

1866 2225 2130 2294 Sursum,
2163 2229 2221 2280 et
2249 2227 2487 2284 Gratias
2513 2243 2627 2298 ago
2656 2245 2669 2283 :
2707 2234 2824 2286 uta
2848 2233 2962 2287 Deo
2998 2232 3214 2288 missus
3241 2249 3372 2290 esse
3399 2251 3518 2291 creo

1864 2315 2058 2370 datur.
2094 2315 2227 2387 Ipse
2260 2316 2556 2388 siquidem
2590 2320 2649 2373 in
2673 2334 2994 2390 progressu
3018 2322 3367 2379 docethanc
3392 2340 3521 2380 esse

1865 2420 2133 2460 causam.
2171 2405 2459 2461 Dicebant
2485 2408 2644 2462 enim
2672 2407 2848 2478 judsei
2882 2425 2893 2461 :
2920 2412 3046 2466 Non
3077 2418 3168 2467 est
3198 2411 3293 2468 hic
3324 2414 3521 2470 aDeo.

1869 2493 1978 2550 Sed
2008 2493 2319 2566 quomodo
2340 2494 2517 2550 dixit:
2540 2495 2689 2563 Quia
2709 2498 2930 2554 audisti
2956 2515 3062 2565 me,
3087 2517 3224 2556 eum
3249 2507 3525 2574 precatus

1867 2598 1987 2638 non
2021 2581 2149 2638 sit?
2172 2587 2298 2639 Non
2326 2589 2414 2640 est
2454 2591 2741 2655 precatus,
2780 2587 3100 2645 ostendens
3128 2593 3292 2662 quod
3327 2609 3527 2664 preca-

1869 2672 2026 2727 tione
2054 2687 2203 2744 opus
2229 2672 2307 2728 illi
2337 2688 2457 2729 non
2474 2681 2644 2729 esset.
2676 2675 2829 2731 Dixit
2851 2683 3052 2733 autem
3078 2695 3094 2732 :
3123 2679 3275 2746 Quia
3304 2681 3528 2737 audisti

1868 2776 1978 2828 me,
2059 2761 2372 2816 insinuans
2447 2762 2768 2819 voluntatis
2847 2765 3236 2824 identitatem.
3295 2770 3526 2827 Gratias

1871 2849 1980 2904 tibi
2009 2864 2141 2919 agn,
2171 2866 2315 2921 quia
2338 2848 2572 2906 voluisti
2600 2853 2764 2924 quod
2795 2869 2908 2923 ego
2940 2855 3094 2911 volo.

1943 2938 2112 2995 Vers.
2155 2940 2240 2994 42.
2275 2940 2402 3010 Ego
2441 2971 2509 2980 —-
2549 2943 2742 2998 audis.
2786 2945 3032 3016 Semper
3065 2946 3151 3001 vis
3192 2964 3328 3020 quas
3371 2947 3522 3015 volo;

1871 3043 2013 3082 nam
2067 3027 2280 3083 eadem
2337 3029 2562 3101 utrique
2615 3032 2888 3089 voluntas
2937 3040 3029 3090 est
3081 3051 3150 3092 ac
3199 3054 3370 3094 mens
3429 3055 3526 3096 ea-

1869 3115 2029 3172 dem.
2052 3117 2272 3172 Deinde
2290 3118 2452 3173 addit
2480 3125 2794 3176 etcausam
2823 3123 3173 3193 hujusmodi
3196 3128 3524 3195 gratiarum

1873 3205 2124 3261 actionis
2155 3207 2596 3281 humiliumque
2622 3211 2961 3268 verborum.

1943 3295 2108 3351 Vers.
2155 3297 2243 3351 42.
2303 3297 2414 3354 Sed
2455 3329 2506 3338 —
2561 3299 2706 3356 diri.
2771 3302 2921 3366 Dixi,
2962 3304 3198 3362 Gratias
3249 3307 3358 3362 tibi
3393 3322 3520 3379 ago,

1871 3383 2016 3455 quia
2063 3385 2287 3440 audisti
2334 3401 2444 3457 me,
2481 3392 2725 3461 propter
2758 3389 3224 3450 imbecillitatem
3272 3396 3522 3454 circum-

1871 3472 2178 3530 stantium.

1941 3565 2106 3618 Vers.
2140 3567 2226 3620 42.
2295 3565 2364 3621 Ut
2389 3564 2463 3606 ‘-
2495 3567 2745 3623 miseris.
2793 3571 2940 3626 Nam
2991 3569 3107 3627 hoc
3138 3574 3394 3631 maxime
3425 3590 3526 3632 ne-

1869 3654 2192 3709 cessarium
2221 3660 2366 3709 erat.
2402 3655 2511 3720 Qui
2546 3655 2707 3712 enim
2754 3658 2939 3714 credit
2984 3661 3151 3732 quod
3205 3665 3358 3720 Deus
3394 3681 3527 3722 eum

1870 3741 2116 3810 miserit,
2149 3742 2278 3813 ejus
2305 3743 2484 3799 etiam
2510 3746 2708 3802 credet
2750 3749 3146 3818 sermonibus,
3193 3768 3331 3810 cum
3375 3753 3528 3825 aliis,

1872 3835 1996 3885 tum
2025 3830 2114 3885 his
2138 3831 2354 3903 quibus
2385 3849 2449 3888 se
2498 3834 2599 3889 Dei
2639 3850 2768 3892 esse
2815 3837 3022 3894 Filium
3065 3841 3328 3898 ostendit
3369 3858 3384 3908 ;
3423 3843 3528 3916 qui

1871 3926 2071 3974 autem
2091 3935 2212 3974 non
2239 3921 2603 3992 creditquod
2629 3924 2782 3980 Deus
2812 3943 2948 3982 cum
2978 3929 3224 3995 miserit,
3259 3931 3308 3986 is
3331 3947 3528 4004 neque

1871 4018 1998 4085 ejus
2040 4033 2346 4072 sermones
2385 4021 2681 4090 suscipiet.

1942 4113 2104 4168 Vers.
2135 4117 2222 4168 43.
2258 4116 2334 4170 Et
2365 4145 2420 4154 -
2445 4117 2637 4186 foras.
2679 4149 2747 4159 —-
2789 4121 2934 4176 Voce
2974 4138 3189 4194 magna
3215 4126 3522 4195 clamavit,

1871 4201 2214 4265 ostendens,
2234 4203 2398 4275 quod
2413 4205 2678 4262 animam
2699 4214 2865 4263 vocet
2883 4225 3001 4264 non
3023 4219 3394 4282 prmsentem,
3422 4216 3529 4271 sed

1873 4290 2081 4363 procul
2134 4290 2492 4347 absentem:
2561 4300 2743 4366 utque
2783 4312 2994 4353 omnes
3058 4299 3159 4371 qui
3207 4308 3528 4371 praesentes

1873 4387 2062 4445 erant,
2090 4379 2974 4441 audirenthancauctoritativae
2998 4390 3306 4458 potestatis
3312 4391 3528 4461 jussio-

1878 4485 2012 4525 nem
2037 4485 2048 4523 :
2067 4475 2122 4526 et
2137 4485 2274 4525 cum
2289 4470 2346 4525 in
2367 4487 2520 4542 opus
2533 4471 2853 4530 deductam
2879 4474 3176 4533 viderent:
3198 4479 3531 4539 sublimiter

1876 4559 1950 4615 de
1976 4575 2066 4624 eo,
2110 4563 2403 4631 tanquam
2441 4560 2516 4617 de
2557 4563 2693 4627 Deo,
2737 4564 3037 4621 sentirent.

1947 4651 2074 4705 Non
2097 4647 2244 4703 dixit
2269 4655 2492 4714 autem,
2517 4649 2803 4722 Resurge,
2833 4653 2957 4719 sed,
3003 4655 3145 4712 Veni
3166 4657 3358 4727 foras,
3393 4676 3531 4718 cum

1877 4752 1968 4805 eo,
1998 4737 2100 4809 qui
2135 4742 2405 4792 mortuus
2437 4737 2648 4809 fuerat,
2684 4745 2970 4813 tanquam
3004 4760 3139 4800 cum
3161 4749 3392 4805 vivente
3417 4752 3536 4808 col-

1876 4826 2146 4897 loquens.
2188 4825 2496 4896 Siquidem
2538 4829 2702 4900 apud
2744 4833 2929 4886 Deum
2971 4834 3151 4891 etiam
3193 4837 3409 4894 mortui
3455 4842 3537 4897 vi-

1877 4922 2038 4971 vunt.
2065 4916 2183 4970 Hoc
2209 4931 2352 4985 ergo
2382 4923 2492 4980 est,
2527 4918 2690 4989 quod
2735 4919 2974 4978 dicebat
3005 4941 3018 4977 :
3057 4924 3227 4981 Venit
3283 4933 3532 5000 tempus,

1878 5009 1932 5062 et
1956 5022 2113 5061 nunc
2143 5012 2246 5070 est,
2280 5006 2521 5077 quando
2541 5009 2758 5064 mortui
2777 5013 3016 5068 audient
3040 5030 3224 5072 vocem
3241 5017 3391 5072 Filii
3409 5019 3530 5087 Dei,

1881 5101 1935 5152 et
1949 5095 2053 5168 qui
2068 5095 2377 5168 audierint,
2399 5097 2590 5154 vivent
2614 5099 2680 5155 ιθ.
2707 5099 2848 5157 Vide
2863 5102 3043 5171 enim,
3063 5104 3210 5176 quid
3226 5112 3512 5178 sequatur

1394 5313 1617 5386 Varia:
1655 5315 1982 5388 lectiones
2013 5329 2077 5387 et
2115 5330 2317 5389 notae.

234 5483 358 5545 38)
400 5481 466 5536 Oi
502 5479 673 5539 abest
702 5481 770 5536 Α..

230 5553 357 5618 39)
397 5558 624 5618 Κορέαις
646 5553 706 5609 B-

234 5486 334 5545 38
400 5483 466 5536 Oi
502 5483 673 5539 abest
702 5483 770 5536 Α..

230 5560 331 5617 39
397 5560 476 5614 Κη
519 5558 624 5618 ίαις
646 5553 706 5609 Β.

194 5483 358 5716 Ξᾶθξ
395 5573 614 5684 Ἐδξδου
644 5625 710 5681 Β.
748 5625 789 5683 F
791 5626 916 5686 orte
945 5620 1130 5690 ἂδίδωο

2106 5487 2431 5575 lienten'ius
2460 5488 2618 5575 legit,
2650 5493 2754 5575 ὅραΔ
2775 5500 2830 5552 et
2873 5492 3194 5575 εὐχαριστῶ.

1954 5561 2070 5640 (42)
2113 5564 2179 5616 Οἱ
2209 5568 2460 5645 παρόντες
2489 5561 2704 5626 desunt
2726 5568 2793 5628 Α.
