4022 6232
599 228 728 287 13ὃ1

1929 207 2275 281 EUTHYMU
2325 214 2663 282 ZIGABENI

3739 235 3834 296 1352

667 357 828 411 Vers.
855 356 943 410 44.
970 354 1042 409 Et
1057 384 1122 394 —
1141 343 1348 421 fasciis
1366 345 1823 420 sepulcralibus.
1841 348 2102 406 Vinculis
2121 351 2224 421 qui

2435 355 2536 404 Καὶ
2587 381 2655 390 -
2705 355 2942 424 κειρίαις.
3001 357 3217 424 Δεσμοίς
3273 356 3659 426 νεκροστολικοίς.
3691 360 3744 413 Ὠ
3778 383 3839 433 μευ

595 445 711 502 bus
736 445 945 501 mortui
961 441 1246 498 obvinciri
1272 441 1482 495 solent.
1501 441 1544 496 Ο
1566 441 1896 494 maximum
1913 455 1981 494 ac
1995 438 2249 509 duplum

597 535 956 592 miraculum
986 532 997 586 !
1019 533 1146 585 Non
1171 530 1386 595 solum,
1411 528 1654 601 quijam
1674 528 2244 596 olebat,resurrexit,

593 625 694 680 sed
725 624 924 685 etiam,
944 621 1046 692 qui
1075 619 1386 674 obvinctus
1408 625 1552 684 erat,
1577 618 1750 673 exivit
1771 635 1800 672 e
1831 623 2242 673 monumento.

591 711 786 783 Itaque
823 711 1149 778 gratiarum
1192 709 1362 771 actio,
1397 706 1855 778 dispensationis
1878 714 2020 771 erat,
2053 707 2245 776 jussio

587 817 658 857 ac
683 817 856 871 Opus,
883 799 1243 854 auctoritatis
1275 813 1286 850 :
1314 797 1409 852 illa
1440 804 1678 868 propter
1714 800 2097 868 praesentium
2137 796 2243 850 im-

586 889 966 945 becillitatem
1010 888 1164 943 facta
1194 892 1304 950 est,
1338 886 1456 941 haec
1493 891 1691 940 autem
1717 893 1958 957 propter
1988 885 2116 954 ejus
2141 901 2244 956 po-

585 979 824 1035 tentiam
878 986 940 1033 et
990 978 1261 1032 virtutem
1298 975 1527 1031 accidit.
1559 976 1883 1047 Propterea
1920 976 1978 1029 in
2023 989 2241 1044 praece-

583 1067 862 1124 dentibus
901 1066 1135 1122 dicebat
1164 1082 1174 1119 :
1205 1065 1264 1120 Si
1288 1082 1406 1120 non
1445 1066 1600 1134 facio
1639 1080 1811 1132 opera
1855 1064 2053 1119 Patris
2103 1064 2234 1132 mei,

580 1158 765 1213 nolite
792 1157 1024 1213 credere
1053 1155 1202 1211 mihi
1231 1169 1252 1224 ;
1277 1157 1327 1209 si
1348 1160 1536 1210 autem
1578 1154 1757 1221 facio,
1798 1155 1908 1209 etsi
1939 1153 2079 1208 mihi
2116 1170 2235 1210 non

579 1248 761 1304 vultis
787 1246 1046 1308 credere,
1081 1245 1348 1316 operibus
1374 1244 1594 1300 credite
1613 1245 1681 1297 *7.

653 1338 808 1391 Vers.
835 1339 923 1390 44.
955 1337 1026 1391 Et
1060 1365 1120 1373 ——
1151 1337 1271 1388 erat
1295 1334 1584 1388 oovincta.
1611 1333 1799 1388 Parva
1829 1332 2092 1398 fasciola,
2121 1349 2235 1403 qua

581 1425 658 1482 ad
697 1425 812 1480 hoc
841 1440 1030 1496 usque
1073 1429 1306 1494 tempus
1343 1427 1584 1478 utuntur
1625 1421 1850 1477 Hebraei
1887 1422 1965 1476 ad
1998 1429 2234 1492 tegmen

581 1512 823 1584 capitis.

651 1604 814 1658 Vers.
875 1605 962 1657 44.
997 1601 1392 1656 Ait—abire.
1458 1602 1569 1655 Vos
1628 1616 1759 1655 eum
1785 1599 2007 1664 solvite,
2066 1606 2129 1656 ut
2180 1605 2236 1656 et

580 1697 772 1750 tactus
800 1692 947 1748 ferat
975 1692 1400 1756 testimonium,
1458 1689 1618 1761 quod
1684 1705 1804 1744 non
1849 1689 2230 1760 phantasma,

582 1782 689 1838 sed
715 1782 843 1853 ipse
877 1796 1007 1837 vere
1036 1780 1128 1836 sit.
1154 1780 1230 1834 Et
1258 1779 1434 1835 sinite
1457 1779 1641 1842 abire,
1677 1793 1750 1833 ne
1777 1795 1911 1832 cum
1935 1794 2005 1833 eo
2023 1778 2232 1834 ambu-

579 1871 711 1928 lans
743 1871 940 1926 laudis
969 1887 1038 1926 ac
1065 1870 1313 1941 plausus
1342 1885 1526 1924 causa
1541 1869 1663 1934 fiat,
1697 1876 1878 1941 utque
1900 1884 2006 1940 per
2043 1869 2232 1924 otium

577 1961 895 2034 perfectius
921 1965 1252 2016 scrutentur
1273 1975 1410 2014 eum
1433 1959 1537 2030 qui
1568 1959 1885 2014 voluerint.

646 2140 876 2197 Utinam
911 2144 1108 2194 autem
1143 2143 1199 2192 et
1231 2154 1398 2192 mens
1434 2153 1566 2192 mea
1597 2137 1655 2192 in
1683 2136 2070 2192 atfectionum
2107 2155 2231 2193 mo-

572 2237 862 2284 numento
894 2227 1146 2298 sepulta,
1173 2242 1497 2297 earumque
1523 2227 1720 2280 fasciis
1753 2225 2016 2294 alligata,
2047 2243 2116 2281 ac
2145 2231 2230 2282 iu-

574 2315 976 2372 sensibilitatis
1000 2315 1260 2384 lapidem
1294 2316 1732 2385 superpositum
1757 2314 2005 2380 habens,
2031 2315 2228 2385 etjam

573 2404 730 2462 olida
756 2403 917 2473 gravi
951 2408 1332 2474 peccatorum
1361 2402 1564 2467 odore,
1607 2403 1780 2457 Verbi
1817 2419 2092 2458 sermone
2143 2420 2229 2459 re-

577 2499 846 2564 surgeret
869 2493 881 2547 ι

643 2582 808 2637 Vers.
837 2585 922 2638 45.
941 2581 1137 2636 Multi.
1168 2610 1236 2620 —
1261 2581 1424 2637 Vers.
1447 2579 1535 2636 46.
1569 2581 1756 2636 Jesus.
1779 2583 1904 2636 Non
1934 2584 2226 2653 tanquam

575 2673 961 2739 admirantes,
990 2673 1095 2727 sed
1117 2672 1294 2745 quasi
1323 2671 1397 2726 de
1426 2671 1846 2742 praestigiatore
1861 2671 2225 2728 calumnian-

576 2769 662 2820 tes
691 2781 704 2831 ;
732 2763 792 2818 hi
819 2771 1019 2818 autem
1048 2768 1207 2829 sunt,
1240 2763 1341 2834 qui
1366 2762 1642 2817 dicebant
1673 2777 1684 2816 :
1713 2763 1848 2817 Non
1880 2764 2071 2832 potuit
2107 2763 2221 2828 hic,

575 2871 675 2928 qui
711 2855 852 2911 σῶοί
879 2854 1073 2908 oculos
1104 2853 1356 2924 aperuit,
1381 2853 1603 2922 facere,
1629 2867 1702 2908 ne
1734 2852 1830 2909 hic
1854 2859 2178 2909 moreretur
2200 2855 2227 2910 ?

648 2945 804 2999 Vers.
833 2941 923 2997 47.
962 2943 1517 3011 Congregaverunt.
1557 2973 1625 2980 —
1661 2940 1817 2996 Vers.
1851 2942 1940 2997 48.
1979 2945 2220 3012 gentem.

573 3031 813 3098 Tollent,
844 3031 988 3099 sive,
1022 3032 1289 3102 perdent.
1339 3029 1686 3101 Speciosum
1727 3035 1924 3085 autem
1983 3039 2224 3102 praetex-
2261 3012 2302 3068 Ο

572 3126 699 3176 tum
753 3122 1061 3192 imponere
1133 3119 1390 3174 volentes
1438 3117 1669 3174 insidiis
1716 3135 1871 3190 quas
1928 3120 2223 3175 adversus

572 3208 939 3266 Salvatorem
980 3208 1307 3272 struebant,
1350 3223 1418 3262 ac
1481 3205 1768 3278 populum
1836 3214 2046 3262 contra
2084 3223 2222 3263 eum

570 3314 810 3356 movere
873 3297 1204 3362 molientes,
1262 3297 1531 3352 timorem
1574 3295 1976 3350 causabantur
2017 3298 2224 3351 Roma-

569 3404 808 3453 norum,
841 3388 997 3459 quia,
1031 3389 1078 3442 si
1109 3402 1314 3441 omnes
1346 3384 1696 3439 crediderint
1740 3385 1795 3438 in
1828 3401 1988 3451 eum,
2031 3385 2223 3440 existi-

570 3478 855 3542 mabitnr,
916 3476 1285 3548 tyrannidem
1337 3475 1607 3530 meditari
1651 3491 1663 3530 :
1719 3475 2074 3546 venientque
2120 3477 2220 3531 Ro-

570 3567 752 3626 mani,
789 3583 859 3621 ac
894 3565 1143 3637 perdent
1175 3565 1506 3634 universos,
1549 3571 1832 3636 tanquam
1889 3564 2222 3636 tyrannidis

571 3671 641 3711 ac
671 3654 1018 3710 defectionis
1052 3653 1388 3725 participes.

641 3743 821 3814 Atqui
852 3743 976 3812 ipse
998 3741 1386 3797 defectionem
1420 3757 1540 3797 non
1580 3743 1800 3810 docuit,
1841 3742 1986 3815 quin
2021 3743 2220 3814 potius

571 3847 819 3888 censum
874 3829 1086 3886 Caesari
1113 3830 1334 3885 exsolvi
1373 3831 1639 3902 permisit
1677 3850 1689 3884 :
1723 3847 1982 3904 cumque
2013 3833 2220 3906 populi

569 3937 768 3992 regem
795 3921 1005 3977 vellent
1052 3937 1189 3976 eum
1217 3922 1593 3986 constituere,
1627 3921 1876 3993 aufugit,
1919 3930 1975 3977 et
2024 3923 2220 3992 fruga-

568 4009 700 4067 liter
729 4010 1067 4074 oberrabat,
1122 4027 1192 4064 ac
1239 4010 1421 4065 vitam
1454 4010 1873 4082 probissimam
1933 4013 2219 4067 omnibus

569 4101 946 4174 proponebat
979 4119 991 4159 :
1016 4116 1150 4173 quae
1171 4099 1362 4170 magis
1387 4106 1474 4155 est
1500 4100 1833 4172 tyrannidis
1860 4101 2126 4156 interitus
2148 4103 2220 4158 At

567 4192 1078 4265 ipsi,quanquam
1102 4205 1219 4245 non
1260 4189 1700 4262 exspectabant,
1751 4205 1860 4245 nec
1905 4190 2214 4254 timebant,

570 4282 675 4339 sed
696 4298 819 4355 prae
846 4280 1065 4336 invidia
1098 4278 1488 4350 perditionem
1521 4278 1934 4335 Romanorum
1965 4280 2022 4334 in
2073 4295 2220 4352 prae-

2358 444 2547 512 γίστου
2585 445 2674 492 καὶ
2711 435 2902 493 διπλοῦ
2945 442 3202 513 θαύματος
3231 441 3243 497 !
3277 444 3349 496 Οὐ
3387 449 3525 517 μόνον
3573 454 3767 512 σεσηπὼς
3797 453 3840 502 ὧν

2360 527 2568 595 ἀνέστη,
2615 527 2742 581 ἀλλά
2800 534 2889 581 xui
2923 526 3191 603 δεδεμένος
3239 533 3300 583 ὢν
3349 533 3512 596 ἐξῆλθε
3537 544 3617 588 τοῦ
3640 545 3838 609 μνημείου,

2356 616 2413 670 Ἠ
2468 622 2557 691 μὲν
2623 615 2711 670 οὖν
2767 625 3090 692 ευχαριστία
3145 631 3239 684 τῆς
3287 623 3573 696 οἰκονομίας,
3622 630 3670 677 τὸ
3713 624 3756 678 δὲ
3789 635 3840 680 xi-

2354 706 2555 779 λευσμα
2602 712 2693 760 καὶ
2743 712 2802 760 τὸ
2851 711 2998 782 ἔργον
3045 717 3137 770 τῆς
3180 710 3411 772 ἐξουσίας
3441 729 3453 743 ⁸
3497 712 3638 772 ἐκείνη
3679 712 3750 767 διὰ
3781 723 3843 774 τὶν

2353 793 2552 847 ἐκείνων
2593 794 2878 861 ἀσθένειαν,
2931 805 3097 850 ταῦτα
3132 795 3168 852 δ
3171 805 3191 852 ‘e
3237 797 3326 852 διὰ
3355 807 3440 859 τὴν
3467 807 3630 854 τούτου
3664 800 3839 877 δύναμιν,

2353 887 2447 936 Διά
2497 893 2665 938 ταῦτα
2718 886 2990 960 προλαϐὼν
3035 888 3200 959 ἔλεγεν
3242 906 3255 918 ⁶
3310 890 3367 942 Εἰ
3416 891 3470 942 οὐ
3515 901 3630 944 ποιῶ
3663 896 3716 945 τὰ
3755 899 3844 965 ἔργα

3567 981 3604 1033 εἰ
3647 979 3695 1034 δε
3736 1002 3839 1045 ante,

2349 1061 2442 1113 κᾶν
2465 1061 2578 1136 ἐμοὶ
2602 1068 2674 1136 μὴ
2710 1068 3008 1131 πιστεύητε,
3041 1072 3146 1126 τοῖς
3170 1069 3334 1139 ἔργοις
3360 1072 3658 1122 πιστεύσατε.

2349 981 2440 1026 τοῦ
2495 980 2697 1048 Πατρός
2754 995 2876 1048 μου,
2931 981 3003 1048 μὴ
3051 981 3316 1031 πιστεύετέ
3360 998 3445 1052 μοι
3501 996 3513 1009 ·

2421 1335 2520 1383 Καὶ
2567 1362 2635 1371 —
2683 1329 3032 1402 περιεδέδετο.
3100 1333 3354 1406 Φακιολιῳ
3404 1343 3561 1409 μικρῷ
3609 1338 3685 1407 οἵῳ
3725 1345 3847 1410 χρῶνα

2345 1438 2432 1471 ται
2459 1424 2625 1494 μέχρι
2653 1426 2744 1473 xui
2776 1430 2863 1473 νῦν
2892 1421 3123 1496 Ἑϐραῖοι
3161 1423 3456 1496 καλύμματι
3481 1424 3690 1496 κεφαλῆς.

2419 1602 2571 1671 Λέγει
2623 1630 2690 1641 -
2744 1602 2979 1673 ὑπάγειν.
3027 1600 3197 1675 Ὑμεῖς
3248 1602 3401 1656 αὐτὸν
3447 1603 3636 1667 λύσατε,
3685 1604 3748 1655 ἱνα
3787 1611 3847 1656 καὶ

2345 1689 2373 1746 ἡ
2437 1688 2539 1761 ἁφὴ
2573 1695 2888 1764 μαρτυρήσῃ
2942 1692 3021 1743 ὅτι
3065 1691 3124 1744 οὐ
3168 1693 3371 1765 φάσμα,
3417 1691 3514 1744 ἀλλ’
3553 1691 3708 1754 ἐκεῖνος
3745 1698 3848 1752 ὅπως

2345 1775 2505 1846 ἐστὶν,
2554 1783 2645 1830 xui
2692 1778 2880 1851 ’Ἄφετε
2910 1781 3146 1852 ὑπάγειν,
3197 1782 3281 1833 ἶνα
3326 1786 3396 1854 μὴ
3437 1786 3537 1854 μετ’
3581 1781 3715 1834 αὐτου
3749 1801 3847 1852 περι·

2341 1875 2517 1918 πατῶν
2569 1867 2826 1940 εὐφημίας
2877 1869 3018 1939 αὐτῷ
3087 1875 3176 1922 xui
3233 1875 3420 1945 κρότου
3471 1875 3658 1943 γίνηται
3716 1873 3847 1933 αἴτιος,

2343 1960 2433 2006 καὶ
2492 1957 2573 2007 ἶνα
2638 1959 2774 2009 κατά
2853 1957 3055 2029 σχολὴν
3131 1958 3426 2034 τελεώτερον
3506 1959 3643 2012 αὐτὸν
3709 1978 3850 2031 περιερ-

2339 2046 2608 2114 γάζωνται
2635 2047 2766 2118 (4-3),
2797 2049 2846 2098 οἱ
2878 2045 3205 2119 βουλόμενοι.

2412 2137 2505 2191 Εῖη
2558 2131 2617 2187 δὲ
2673 2140 2762 2187 καὶ
2812 2139 2898 2187 τὸν
2950 2134 3068 2208 ἕμόν
3123 2145 3264 2204 νοῦν,
3314 2136 3654 2210 ἕντεθαμμίνον
3680 2141 3851 2209 μνημείῳ

2340 2231 2438 2274 τῶν
2492 2226 2689 2290 παθῶν,
2722 2230 2811 2276 καὶ
2865 2221 3136 2297 δεδεμένον
3194 2231 3417 2300 κειρίαις
3453 2227 3626 2288 αὐτῶν,
3653 2230 3726 2278 xui
3754 2225 3851 2277 λίθον

2342 2310 2692 2375 ἀναισθησίας
2745 2316 3060 2386 ἐπικείμενον
3099 2317 3314 2386 ἔχοντα,
3347 2321 3434 2367 xui
3479 2316 3646 2376 ὄζοντα
3673 2312 3852 2382 δυσωὸίᾳ

2339 2409 2438 2452 τῶν
2466 2399 2730 2477 ἁμαρτιῶν
2761 2410 2833 2473 τῷ
2863 2401 3001 2474 λόγῳ
3026 2410 3118 2456 τοῦ
3143 2407 3322 2476 Λόγου
3348 2402 3680 2466 ἐξαναστῆναι.

2412 2580 2595 2634 Πολλοὶ
2651 2613 2717 2621 -
2785 2588 2992 2643 Ιησοῦς.
3052 2583 3174 2654 Οὐχ
3249 2585 3324 2646 ὡς
3375 2584 3709 2654 θαυμάζοντες,
3766 2581 3854 2632 me

2339 2667 2703 2732 διαϐάλλοντες
2749 2671 2816 2732 ὡς
2869 2675 3060 2741 γόητα.
3109 2669 3274 2724 Οὗτοι
3329 2668 3390 2726 δέ
3437 2673 3559 2725 εἰσιν
3591 2675 3634 2724 οἱ
3657 2672 3853 2728 εἰπόντες·

2338 2759 2450 2810 Οὐκ
2516 2755 2748 2818 ἠδύνατο
2827 2761 2997 2827 οὗτος,
3069 2762 3094 2812 ὁ
3167 2760 3379 2825 ἀνοίξας
3459 2766 3574 2823 τοὺς
3637 2760 3855 2832 ὀφθαλμὸς

2335 2856 2426 2900 τοῦ
2457 2848 2688 2915 τυφλοῦς
2727 2853 2815 2901 xui
2852 2852 2914 2901 τὰ
2955 2850 3096 2912 ἑξῆς.

2406 2943 2698 3009 Συνήγαγον
2772 2969 2841 2978 —-
2923 2940 3085 3000 ἔθνος.
3159 2940 3430 3014 Ἀροῦσιν,
3510 2943 3653 3009 ἤγουν
3717 2935 3853 2988 ἀπολί-

2337 3045 2540 3079 σουσιν.
2599 3026 2948 3099 Εὐπρὸσωπον
3004 3023 3064 3079 δὲ
3122 3027 3365 3102 ἀφορμήν
3409 3023 3639 3081 ἐπιθεῖναι
3685 3034 3736 3098 τῇ
3762 3027 3856 3076 κατὰ

2335 3123 2425 3166 τοῦ
2484 3122 2719 3189 Σωτῆρος
2767 3114 3010 3188 ἐπιϐουλῇ
3074 3116 3327 3184 θέλοντες,
3379 3123 3467 3170 xui
3511 3121 3590 3168 τὸν
3623 3116 3724 3168 λαὸν
3747 3120 3854 3168 xm?-

2335 3223 2426 3256 σαι
2506 3205 2622 3256 κατ’
2694 3204 2853 3256 αὑτοῦ
2921 3211 3299 3277 μηχανώμενοι
3368 3209 3741 3279 προφασίζονται
3795 3204 3854 3252 τὸν

2333 3292 2487 3364 φοϐον
2535 3302 2633 3345 τῶν
2687 3293 2972 3365 Ῥωμαίων,
3019 3296 3100 3346 ὅτι
3148 3293 3232 3346 ἐὰν
3271 3297 3458 3357 πάντες
3484 3299 3789 3346 πιστεύσωσιν
3811 3291 3855 3346 εἰς

2332 3382 2507 3447 αὐτὸν,
2563 3383 3018 3440 ὑποπτευθήσεται
3055 3381 3349 3455 τυραννίδα
3399 3383 3614 3456 μελετᾲν,
3658 3387 3730 3432 xui
3763 3378 3856 3431 ἐ).τᾶ-

2333 3489 2513 3522 σοιται
2567 3473 2615 3523 oi
2643 3471 2908 3543 Ῥωμαῖοι,
2958 3476 3049 3524 καὶ
3103 3471 3426 3526 ἀπολέσουσι
3477 3475 3658 3533 πάντας
3699 3474 3752 3530 ὡς
3782 3487 3856 3518 κοι-

2329 3563 2519 3621 νωνοὺς
2548 3567 2638 3620 τῆς
2668 3557 2973 3634 τυραννίδος
2997 3564 3089 3613 xui
3122 3560 3472 3622 ἆποστασίας.

2404 3742 2502 3790 Καὶ
2553 3741 2656 3810 μὴν
2710 3738 2864 3801 αὐτὸς
2935 3742 3026 3811 μὲν
3087 3737 3420 3793 ἀποστασίαν
3487 3739 3575 3792 οὐκ
3650 3733 3849 3795 ἐδίδαξεν.

2329 3826 2456 3879 ἀλλά
2485 3833 2574 3879 xui
2618 3827 2808 3898 μᾶλλον
2848 3826 3093 3902 ἐπέτρεψε
3120 3837 3318 3887 κῆνσον
3362 3826 3635 3882 ἀποδουναι
3667 3831 3850 3895 Καίσαρι,

2327 3919 2416 3966 xui
2473 3914 2799 3988 βουλομένων
2857 3925 2954 3968 τῶν
3003 3917 3176 3988 ὄχλων
3229 3928 3456 3978 ποιῆσαι
3501 3919 3642 3970 αὑτὸν
3670 3912 3851 3987 βασιλέα,

2328 4005 2501 4076 ἔφυγε,
2549 4009 2637 4056 xui
2717 4004 2925 4066 εὐτελῶς
2987 4012 3334 4080 περιήρχετο,
3395 4011 3484 4060 xui
3548 4004 3653 4078 βίον
3697 4005 3852 4076 ἀρίστω

2327 4094 2615 4160 ὑπετίθετο,
2681 4093 2808 4166 οἷπερ
2871 4092 3136 4167 ἀναίρεσίς
3183 4095 3301 4148 ἐστι
3349 4096 3535 4169 μᾶλλον
3597 4085 3849 4167 τυραννίδοςι

2327 4180 2510 4253 [Αὐτοὶ
2541 4182 2655 4253 (si)
2687 4179 2765 4248 δι,
2800 4183 2843 4234 εἰ
2896 4187 2986 4235 xui
3016 4188 3088 4256 μὴ
3141 4181 3557 4258 προσδοκῶντες,
3581 4181 3674 4234 ἀλλ’
3701 4179 3742 4231 ἐκ
3770 4176 3851 4247 ir‘

2326 4289 2414 4321 νου
2461 4276 2878 4345 προεφασίσαντο
2948 4277 3042 4330 τὴν
3110 4271 3381 4345 Ῥωμαίων
3447 4271 3697 4333 ἀπώλειαν,
3753 4268 3848 4336 δμως

575 4376 797 4428 textum
821 4367 1248 4427 assumebant:
1273 4384 1343 4422 ea
1365 4373 1563 4425 tamen
1581 4368 1745 4440 passi
1769 4373 1921 4434 sunt,
1937 4385 2068 4441 quae
2082 4384 2219 4425 cau-

2330 4360 2641 4411 πεπόνθασιν
2697 4359 2733 4410 ἂ
2777 4365 3237 4434 προεφασίσαντο·
3287 4362 3349 4414 οὗ
3381 4359 3520 4415 διότι
3569 4357 3848 4418 ἓπείθοντοτῷ

575 4460 888 4528 sabantur,
945 4474 1069 4515 non
1118 4459 1262 4531 quia
1292 4459 1518 4514 Christo
1568 4457 1835 4513 obsecuti
1892 4464 2048 4522 sunt,
2110 4458 2217 4514 sed

570 4550 717 4620 quia
749 4549 798 4603 ei
830 4565 950 4605 non
985 4552 1331 4621 paruerunt.
1361 4550 1504 4602 Nam
1553 4553 1792 4618 propter
1821 4546 1984 4602 illum
2017 4547 2217 4602 traditi

572 4643 731 4702 sunt,
758 4638 1022 4692 utetiam
1058 4643 1299 4692 testatur
1341 4637 1650 4709 Josephus.
1712 4638 1774 4692 Et
1805 4638 1915 4708 ipsi
1970 4637 2216 4710 quidem

569 4732 921 4798 praetextum
954 4732 1341 4796 sumpserunt
1368 4725 1677 4781 occidendi
1708 4726 1897 4795 illum,
1931 4742 2003 4781 ne
2043 4743 2078 4781 a
2108 4727 2216 4782 Ro-

569 4813 1169 4870 manisinternecioui
1196 4815 1566 4870 traderentur
1595 4835 1606 4874 :
1641 4816 1783 4887 quia
1817 4832 1955 4871 vero
1987 4816 2214 4870 occide-

567 4910 728 4969 runt,
761 4903 1142 4958 internecioni
1174 4903 1361 4959 traditi
1393 4911 1550 4974 sunt,
1582 4909 1638 4960 et
1666 4921 1802 4976 quae
1841 4903 2120 4969 fecerunt,
2155 4909 2219 4960 ut

574 4991 921 5064 eﬂugerent,
949 5008 1020 5048 ea
1040 4992 1183 5063 quia
1218 4991 1502 5058 fecerunt,
1533 5009 1653 5050 non
1687 4993 2040 5063 effugerunt.

638 5081 907 5139 Vers.49.
942 5082 1102 5139 Unus
1128 5113 1189 5123 —
1223 5081 1545 5153 Caiaphas.
1584 5084 1670 5154 -Η-
1715 5082 2076 5156 Appellatus,
2138 5083 2218 5140 ni-

565 5171 809 5230 mirum.

634 5263 680 5300 ³⁷
721 5264 893 5320 Joan.
924 5278 983 5329 x,
1010 5262 1100 5317 37.

2329 4455 2564 4522 Χριστῷ,
2617 4447 2743 4500 ἀλλὰ
2791 4445 2930 4502 διότι
2981 4450 3076 4501 οὐκ
3137 4449 3424 4506 ἕπείθοντο.
3470 4451 3545 4504 Δι’
3586 4449 3743 4501 ἐκεῖνον
3783 4444 3847 4512 γὰρ

2327 4533 2712 4609 προεδόθησαν,
2769 4540 2832 4598 ὡς
2884 4543 2974 4591 xui
3030 4539 3286 4601 Ἰώσηπος
3335 4541 3450 4610 (45)
3503 4542 3739 4613 μαρτυρεῖ.
3783 4533 3846 4582 κεί

2328 4623 2477 4676 αὐτοὶ
2515 4628 2605 4697 μὲν
2653 4627 3067 4699 προεφασιζοντο
3107 4625 3296 4681 ἀνελεῖν
3347 4629 3522 4694 αὐτὸν,
3576 4629 3650 4679 ἱνα
3683 4627 3741 4696 μὲ
3779 4617 3846 4678 ἔθ’

2326 4711 2672 4787 λοθρευθῶσιν
2757 4716 2858 4767 ὑπὸ
2941 4715 3206 4788 Ῥωμαίων
3268 4731 3282 4746 ⁸
3373 4716 3480 4770 ἐπεὶ
3577 4712 3631 4767 δε
3692 4707 3842 4762 ἀνεῖλεν.

2327 4799 2776 4877 ἐξωλοθρεύθησαν
2810 4821 2822 4832 ·
2854 4809 2944 4857 καὶ
2999 4806 3151 4879 οἷπερ,
3205 4807 3275 4868 ὡς
3331 4802 3702 4878 διαφευξομενοι
3741 4800 3844 4869 ἔπρα-

2329 4889 2440 4959 ξαν,
2470 4899 2654 4959 ταῦτα,
2682 4889 2862 4952 ἐπειδὴ
2887 4893 3130 4968 ἔπραξαν,
3161 4893 3220 4946 όὺ
3252 4890 3288 4947 δ
3292 4892 3548 4967 εέφυγον.]

2397 5085 2484 5149 Εἷς
2515 5120 2569 5128 -
2599 5089 2854 5163 Καῐοίφας.
2881 5090 3315 5166 Ὀνομαζόμενος,
3349 5087 3588 5150 δηλονότι

1770 5335 1991 5406 Variae
2022 5336 2349 5406 lectiones
2384 5349 2449 5406 et
2479 5348 2684 5407 notae.

658 5541 748 5599 44)
781 5541 1016 5599 Inclusa
1046 5541 1266 5598 absunt
1291 5542 1358 5595 A.

781 5471 1234 5548 [Ἱεριεργοίσωνται
1252 5474 1329 5548 _A_.

662 5471 751 5612 «l3;
781 5471 1234 5548 Περιεργοίσωνται
1261 5474 1329 5527 Α.

658 5545 726 5597 44
781 5543 1016 5599 Inclusa
1046 5541 1266 5598 absunt
1291 5542 1358 5595 A.

636 5471 750 5704 Ξιὸ)
784 5615 925 5674 Vide
951 5630 1133 5690 supra
1163 5613 1241 5672 ad
1271 5627 1404 5687 cap.
1436 5611 1581 5681 VIII,
1614 5629 1766 5674 vers.
1800 5611 1888 5671 28.

2390 5473 2505 5547 (46)
2529 5473 2777 5530 Omissis
2794 5473 2886 5530 his
2912 5473 3154 5532 duobus
3178 5474 3511 5547 vocabulis,
3536 5476 3835 5547 textumcopg-

2315 5539 2516 5615 junxit
2539 5547 2880 5602 Hentenius.
2915 5548 3131 5603 Eorum
3163 5547 3290 5603 loco
3321 5539 3528 5607 autem
3557 5539 3831 5604 income!tu

2321 5622 2456 5690 post
2485 5616 2807 5694 Caiaphas,
2841 5616 3074 5676 addidit
3093 5617 3352 5678 nomine.
