  <div class='ocr_page' id='page_1' title='image "/cluster/home/n/w/nwhite01/storage/ocr_20150623/129/hvd.32044073502395/700.png"; bbox 0 0 4022 6232; ppageno 0'>
   <div class='ocr_carea' id='block_1_1' title="bbox 169 221 305 284">
    <p class='ocr_par' dir='ltr' id='par_1_1' title="bbox 169 221 305 284">
     <span class='ocr_line' id='line_1_1' title="bbox 169 221 305 284; baseline -0.007 0"><span class='ocrx_word' id='word_1_1' title='bbox 169 221 305 284; x_wconf 81' lang='grc'>1353</span> 
     </span>
    </p>
   </div>
   <div class='ocr_carea' id='block_1_2' title="bbox 237 349 1458 428">
    <p class='ocr_par' dir='ltr' id='par_1_2' title="bbox 237 349 1458 428">
     <span class='ocr_line' id='line_1_2' title="bbox 237 349 1458 428; baseline 0.002 -24"><span class='ocrx_word' id='word_1_2' title='bbox 237 353 544 428; x_wconf 80' lang='grc' dir='ltr'>Ἀρχιερεύς</span> <span class='ocrx_word' id='word_1_3' title='bbox 627 349 695 403; x_wconf 83' lang='grc' dir='ltr'>ὢν</span> <span class='ocrx_word' id='word_1_4' title='bbox 757 358 847 405; x_wconf 82' lang='grc' dir='ltr'>τοῦ</span> <span class='ocrx_word' id='word_1_5' title='bbox 923 352 1159 405; x_wconf 72' lang='grc' dir='ltr'>ενιαυτοῦ</span> <span class='ocrx_word' id='word_1_6' title='bbox 1245 352 1458 406; x_wconf 83' lang='grc' dir='ltr'>ἐκείνου.</span> 
     </span>
    </p>
   </div>
   <div class='ocr_carea' id='block_1_3' title="bbox 162 439 1760 516">
    <p class='ocr_par' dir='ltr' id='par_1_3' title="bbox 162 439 1760 516">
     <span class='ocr_line' id='line_1_3' title="bbox 162 439 1760 516; baseline 0.001 -22"><span class='ocrx_word' id='word_1_7' title='bbox 162 442 356 495; x_wconf 76' lang='grc' dir='ltr'>λάντων</span> <span class='ocrx_word' id='word_1_8' title='bbox 393 445 494 516; x_wconf 76' lang='grc' dir='ltr'>γὰρ</span> <span class='ocrx_word' id='word_1_9' title='bbox 547 443 618 503; x_wconf 81' lang='grc' dir='ltr'>εἰς</span> <span class='ocrx_word' id='word_1_10' title='bbox 661 447 1002 516; x_wconf 77' lang='grc' dir='ltr'>παρανομίας,</span> <span class='ocrx_word' id='word_1_11' title='bbox 1035 445 1059 494; x_wconf 89' lang='lat'>6</span> <span class='ocrx_word' id='word_1_12' title='bbox 1110 439 1391 516; x_wconf 65' lang='grc' dir='ltr'>δυνάμενος</span> <span class='ocrx_word' id='word_1_13' title='bbox 1437 443 1760 496; x_wconf 87' lang='grc' dir='ltr'>ἐνιαυσιαίαν</span> 
     </span>
    </p>
   </div>
   <div class='ocr_carea' id='block_1_4' title="bbox 164 529 1763 605">
    <p class='ocr_par' dir='ltr' id='par_1_4' title="bbox 164 529 1763 605">
     <span class='ocr_line' id='line_1_4' title="bbox 164 529 1763 605; baseline 0.002 -22"><span class='ocrx_word' id='word_1_14' title='bbox 164 533 340 584; x_wconf 82' lang='grc' dir='ltr'>ὠνεῖτο</span> <span class='ocrx_word' id='word_1_15' title='bbox 387 535 480 590; x_wconf 77' lang='grc' dir='ltr'>τὴν</span> <span class='ocrx_word' id='word_1_16' title='bbox 537 529 934 605; x_wconf 76' lang='grc' dir='ltr'>ἀρχιερωσύνην</span> <span class='ocrx_word' id='word_1_17' title='bbox 998 530 1098 584; x_wconf 87' lang='grc' dir='ltr'>ἀπὸ</span> <span class='ocrx_word' id='word_1_18' title='bbox 1168 541 1268 584; x_wconf 80' lang='grc' dir='ltr'>τῶν</span> <span class='ocrx_word' id='word_1_19' title='bbox 1340 532 1622 605; x_wconf 79' lang='grc' dir='ltr'>Ῥωμαίων,</span> <span class='ocrx_word' id='word_1_20' title='bbox 1673 540 1763 586; x_wconf 86' lang='grc' dir='ltr'>καὶ</span> 
     </span>
    </p>
   </div>
   <div class='ocr_carea' id='block_1_5' title="bbox 163 615 1763 694">
    <p class='ocr_par' dir='ltr' id='par_1_5' title="bbox 163 615 1763 694">
     <span class='ocr_line' id='line_1_5' title="bbox 163 615 1763 694; baseline 0.001 -21"><span class='ocrx_word' id='word_1_21' title='bbox 163 621 322 683; x_wconf 70' lang='grc' dir='ltr'>αὐτὸς</span> <span class='ocrx_word' id='word_1_22' title='bbox 359 624 448 693; x_wconf 76' lang='grc' dir='ltr'>μεν</span> <span class='ocrx_word' id='word_1_23' title='bbox 497 617 659 694; x_wconf 72' lang='grc' dir='ltr'>ἦρχεν</span> <span class='ocrx_word' id='word_1_24' title='bbox 716 619 763 672; x_wconf 74' lang='grc' dir='ltr'>ἐν</span> <span class='ocrx_word' id='word_1_25' title='bbox 809 629 881 691; x_wconf 80' lang='grc' dir='ltr'>τῷ</span> <span class='ocrx_word' id='word_1_26' title='bbox 913 620 1126 692; x_wconf 80' lang='grc' dir='ltr'>ἐνιαυτῷ</span> <span class='ocrx_word' id='word_1_27' title='bbox 1158 615 1339 686; x_wconf 67' lang='grc' dir='ltr'>αὐτοῦ’,</span> <span class='ocrx_word' id='word_1_28' title='bbox 1379 624 1428 674; x_wconf 91' lang='grc' dir='ltr'>οἱ</span> <span class='ocrx_word' id='word_1_29' title='bbox 1474 626 1570 694; x_wconf 87' lang='lat'><em>1:96</em></span> <span class='ocrx_word' id='word_1_30' title='bbox 1603 623 1763 675; x_wconf 67' lang='grc' dir='ltr'>αὐτοῦ</span> 
     </span>
    </p>
   </div>
   <div class='ocr_carea' id='block_1_6' title="bbox 161 706 1763 784">
    <p class='ocr_par' dir='ltr' id='par_1_6' title="bbox 161 706 1763 784">
     <span class='ocr_line' id='line_1_6' title="bbox 161 706 1763 784; baseline -0.001 -22"><span class='ocrx_word' id='word_1_31' title='bbox 161 707 224 762; x_wconf 62' lang='grc' dir='ltr'>δὲ</span> <span class='ocrx_word' id='word_1_32' title='bbox 275 706 591 784; x_wconf 74' lang='grc' dir='ltr'>συνήδρευον</span> <span class='ocrx_word' id='word_1_33' title='bbox 641 714 729 761; x_wconf 86' lang='grc' dir='ltr'>καὶ</span> <span class='ocrx_word' id='word_1_34' title='bbox 784 709 894 782; x_wconf 77' lang='grc'>(47)</span> <span class='ocrx_word' id='word_1_35' title='bbox 949 709 1308 762; x_wconf 73' lang='grc' dir='ltr'>συνεϐούλευον</span> <span class='ocrx_word' id='word_1_36' title='bbox 1362 709 1520 781; x_wconf 67' lang='grc' dir='ltr'>αὐτῷ,</span> <span class='ocrx_word' id='word_1_37' title='bbox 1578 711 1763 763; x_wconf 81' lang='grc' dir='ltr'>καλού-</span> 
     </span>
    </p>
   </div>
   <div class='ocr_carea' id='block_1_7' title="bbox 158 798 1764 873">
    <p class='ocr_par' dir='ltr' id='par_1_7' title="bbox 158 798 1764 873">
     <span class='ocr_line' id='line_1_7' title="bbox 158 798 1764 873; baseline 0 -22"><span class='ocrx_word' id='word_1_38' title='bbox 158 818 305 871; x_wconf 84' lang='grc' dir='ltr'>μενοι</span> <span class='ocrx_word' id='word_1_39' title='bbox 333 804 422 851; x_wconf 83' lang='grc' dir='ltr'>καὶ</span> <span class='ocrx_word' id='word_1_40' title='bbox 451 798 599 850; x_wconf 81' lang='grc' dir='ltr'>αύτοὶ</span> <span class='ocrx_word' id='word_1_41' title='bbox 625 801 908 873; x_wconf 79' lang='grc' dir='ltr'>ἀρχιερεῖς,</span> <span class='ocrx_word' id='word_1_42' title='bbox 938 802 1005 859; x_wconf 82' lang='grc' dir='ltr'>ὡς</span> <span class='ocrx_word' id='word_1_43' title='bbox 1035 803 1125 850; x_wconf 85' lang='grc' dir='ltr'>καὶ</span> <span class='ocrx_word' id='word_1_44' title='bbox 1153 798 1302 850; x_wconf 69' lang='grc' dir='ltr'>αὐτοὶ</span> <span class='ocrx_word' id='word_1_45' title='bbox 1323 798 1764 872; x_wconf 76' lang='grc' dir='ltr'>ἀρχιερατεύσαν-</span> 
     </span>
    </p>
   </div>
   <div class='ocr_carea' id='block_1_8' title="bbox 157 885 1762 960">
    <p class='ocr_par' dir='ltr' id='par_1_8' title="bbox 157 885 1762 960">
     <span class='ocr_line' id='line_1_8' title="bbox 157 885 1762 960; baseline 0 -20"><span class='ocrx_word' id='word_1_46' title='bbox 157 908 258 948; x_wconf 84' lang='grc' dir='ltr'>τες.</span> <span class='ocrx_word' id='word_1_47' title='bbox 288 886 438 960; x_wconf 84' lang='grc' dir='ltr'>[Περὶ</span> <span class='ocrx_word' id='word_1_48' title='bbox 469 887 584 956; x_wconf 69' lang='grc'>(48)</span> <span class='ocrx_word' id='word_1_49' title='bbox 615 887 682 937; x_wconf 84' lang='grc' dir='ltr'>ὧν</span> <span class='ocrx_word' id='word_1_50' title='bbox 712 891 802 938; x_wconf 82' lang='grc' dir='ltr'>καὶ</span> <span class='ocrx_word' id='word_1_51' title='bbox 838 885 886 938; x_wconf 87' lang='grc' dir='ltr'>ἐν</span> <span class='ocrx_word' id='word_1_52' title='bbox 917 895 988 958; x_wconf 81' lang='grc' dir='ltr'>τῷ</span> <span class='ocrx_word' id='word_1_53' title='bbox 1015 891 1145 940; x_wconf 83' lang='grc' dir='ltr'>κατά</span> <span class='ocrx_word' id='word_1_54' title='bbox 1172 890 1438 941; x_wconf 83' lang='grc' dir='ltr'>Ματθαίον</span> <span class='ocrx_word' id='word_1_55' title='bbox 1468 888 1762 959; x_wconf 79' lang='grc' dir='ltr'>Εύαγγε).ίῳ</span> 
     </span>
    </p>
   </div>
   <div class='ocr_carea' id='block_1_9' title="bbox 156 974 587 1048">
    <p class='ocr_par' dir='ltr' id='par_1_9' title="bbox 156 974 587 1048">
     <span class='ocr_line' id='line_1_9' title="bbox 156 974 587 1048; baseline 0.005 -18"><span class='ocrx_word' id='word_1_56' title='bbox 156 974 531 1048; x_wconf 75' lang='grc' dir='ltr'>δεδηλώκαμεν</span> 
     </span>
    </p>
   </div>
   <div class='ocr_carea' id='block_1_10' title="bbox 226 1149 1758 1229">
    <p class='ocr_par' dir='ltr' id='par_1_10' title="bbox 226 1149 1758 1229">
     <span class='ocr_line' id='line_1_10' title="bbox 226 1149 1758 1229; baseline 0 -22"><span class='ocrx_word' id='word_1_57' title='bbox 226 1152 378 1208; x_wconf 79' lang='grc' dir='ltr'>Εἶπεν</span> <span class='ocrx_word' id='word_1_58' title='bbox 403 1185 472 1194; x_wconf 92' lang='lat'>—</span> <span class='ocrx_word' id='word_1_59' title='bbox 509 1149 679 1206; x_wconf 68' lang='grc' dir='ltr'>οὐδέν.</span> <span class='ocrx_word' id='word_1_60' title='bbox 729 1150 894 1207; x_wconf 67' lang='grc' dir='ltr'>Οὐδέν</span> <span class='ocrx_word' id='word_1_61' title='bbox 935 1158 1214 1229; x_wconf 66' lang='grc' dir='ltr'>συμφέρον,</span> <span class='ocrx_word' id='word_1_62' title='bbox 1259 1153 1411 1208; x_wconf 67' lang='grc' dir='ltr'>οὗδεν</span> <span class='ocrx_word' id='word_1_63' title='bbox 1466 1160 1758 1228; x_wconf 83' lang='grc' dir='ltr'>χρήσιμον,</span> 
     </span>
    </p>
   </div>
   <div class='ocr_carea' id='block_1_11' title="bbox 154 1240 943 1318">
    <p class='ocr_par' dir='ltr' id='par_1_11' title="bbox 154 1240 943 1318">
     <span class='ocr_line' id='line_1_11' title="bbox 154 1240 943 1318; baseline 0.001 -21"><span class='ocrx_word' id='word_1_64' title='bbox 154 1245 295 1297; x_wconf 70' lang='grc' dir='ltr'>οὕτω</span> <span class='ocrx_word' id='word_1_65' title='bbox 333 1245 581 1318; x_wconf 76' lang='grc' dir='ltr'>ῥᾳθύμως</span> <span class='ocrx_word' id='word_1_66' title='bbox 609 1240 943 1316; x_wconf 87' lang='grc' dir='ltr'>διακείμενοι.</span> 
     </span>
    </p>
   </div>
   <div class='ocr_carea' id='block_1_12' title="bbox 228 1329 1764 1410">
    <p class='ocr_par' dir='ltr' id='par_1_12' title="bbox 228 1329 1764 1410">
     <span class='ocr_line' id='line_1_12' title="bbox 228 1329 1764 1410; baseline 0.002 -26"><span class='ocrx_word' id='word_1_67' title='bbox 228 1329 372 1385; x_wconf 74' lang='grc' dir='ltr'>Ούδε</span> <span class='ocrx_word' id='word_1_68' title='bbox 408 1363 462 1371; x_wconf 92' lang='grc'><strong>-</strong></span> <span class='ocrx_word' id='word_1_69' title='bbox 500 1330 627 1389; x_wconf 86' lang='grc' dir='ltr'>εἰπε.</span> <span class='ocrx_word' id='word_1_70' title='bbox 659 1338 844 1400; x_wconf 80' lang='grc' dir='ltr'>Τοῦτο,</span> <span class='ocrx_word' id='word_1_71' title='bbox 895 1341 1042 1386; x_wconf 83' lang='grc' dir='ltr'>ποῖον</span> <span class='ocrx_word' id='word_1_72' title='bbox 1079 1350 1092 1402; x_wconf 89' lang='grc'><strong>;</strong></span> <span class='ocrx_word' id='word_1_73' title='bbox 1138 1336 1207 1386; x_wconf 88' lang='lat' dir='ltr'><em>T6</em></span> <span class='ocrx_word' id='word_1_74' title='bbox 1236 1333 1348 1387; x_wconf 85' lang='grc' dir='ltr'>Ἰνα</span> <span class='ocrx_word' id='word_1_75' title='bbox 1382 1330 1453 1395; x_wconf 83' lang='grc' dir='ltr'>εἷς</span> <span class='ocrx_word' id='word_1_76' title='bbox 1493 1335 1764 1410; x_wconf 79' lang='grc' dir='ltr'>ἄνθρωπος</span> 
     </span>
    </p>
   </div>
   <div class='ocr_carea' id='block_1_13' title="bbox 156 1420 855 1494">
    <p class='ocr_par' dir='ltr' id='par_1_13' title="bbox 156 1420 855 1494">
     <span class='ocr_line' id='line_1_13' title="bbox 156 1420 855 1494; baseline 0.004 -21"><span class='ocrx_word' id='word_1_77' title='bbox 156 1420 394 1494; x_wconf 76' lang='grc' dir='ltr'>ἀποθάνῃ</span> <span class='ocrx_word' id='word_1_78' title='bbox 421 1421 546 1494; x_wconf 72' lang='grc' dir='ltr'>ὑπὲρ</span> <span class='ocrx_word' id='word_1_79' title='bbox 586 1429 678 1474; x_wconf 80' lang='grc' dir='ltr'>τοῦ</span> <span class='ocrx_word' id='word_1_80' title='bbox 708 1421 855 1476; x_wconf 77' lang='grc' dir='ltr'>λαοῦ.</span> 
     </span>
    </p>
   </div>
   <div class='ocr_carea' id='block_1_14' title="bbox 237 1511 1762 1585">
    <p class='ocr_par' dir='ltr' id='par_1_14' title="bbox 237 1511 1762 1585">
     <span class='ocr_line' id='line_1_14' title="bbox 237 1511 1762 1585; baseline 0.001 -22"><span class='ocrx_word' id='word_1_81' title='bbox 237 1511 374 1566; x_wconf 80' lang='grc' dir='ltr'>Ἀλλ’</span> <span class='ocrx_word' id='word_1_82' title='bbox 430 1539 494 1554; x_wconf 78' lang='grc'>--</span> <span class='ocrx_word' id='word_1_83' title='bbox 540 1513 732 1572; x_wconf 84' lang='grc' dir='ltr'>ἔθνους.</span> <span class='ocrx_word' id='word_1_84' title='bbox 764 1511 884 1584; x_wconf 77' lang='grc' dir='ltr'>Ούχ</span> <span class='ocrx_word' id='word_1_85' title='bbox 941 1514 1010 1574; x_wconf 84' lang='grc' dir='ltr'>ὡς</span> <span class='ocrx_word' id='word_1_86' title='bbox 1039 1512 1179 1575; x_wconf 84' lang='grc' dir='ltr'>ἄξιος</span> <span class='ocrx_word' id='word_1_87' title='bbox 1227 1517 1622 1585; x_wconf 75' lang='grc' dir='ltr'>προεφήτευσεν·</span> <span class='ocrx_word' id='word_1_88' title='bbox 1655 1512 1762 1564; x_wconf 75' lang='grc' dir='ltr'>ἀλλ’</span> 
     </span>
    </p>
   </div>
   <div class='ocr_carea' id='block_1_15' title="bbox 159 1599 1763 1676">
    <p class='ocr_par' dir='ltr' id='par_1_15' title="bbox 159 1599 1763 1676">
     <span class='ocr_line' id='line_1_15' title="bbox 159 1599 1763 1676; baseline 0.001 -25"><span class='ocrx_word' id='word_1_89' title='bbox 159 1602 231 1663; x_wconf 85' lang='grc' dir='ltr'>ὡς</span> <span class='ocrx_word' id='word_1_90' title='bbox 273 1599 551 1676; x_wconf 83' lang='grc' dir='ltr'>ἀρχιερεύς</span> <span class='ocrx_word' id='word_1_91' title='bbox 581 1601 647 1651; x_wconf 85' lang='grc' dir='ltr'>ὢν</span> <span class='ocrx_word' id='word_1_92' title='bbox 673 1608 764 1653; x_wconf 82' lang='grc' dir='ltr'>τού</span> <span class='ocrx_word' id='word_1_93' title='bbox 794 1600 1029 1653; x_wconf 78' lang='grc' dir='ltr'>ἐνιαυτοῦ</span> <span class='ocrx_word' id='word_1_94' title='bbox 1080 1601 1270 1654; x_wconf 79' lang='grc' dir='ltr'>ἐκείνου</span> <span class='ocrx_word' id='word_1_95' title='bbox 1297 1622 1309 1634; x_wconf 78' lang='grc' dir='ltr'><strong><em>ο</em></strong></span> <span class='ocrx_word' id='word_1_96' title='bbox 1364 1602 1420 1653; x_wconf 83' lang='grc' dir='ltr'>ού</span> <span class='ocrx_word' id='word_1_97' title='bbox 1451 1599 1522 1654; x_wconf 87' lang='grc' dir='ltr'>δι’</span> <span class='ocrx_word' id='word_1_98' title='bbox 1572 1602 1763 1655; x_wconf 81' lang='grc' dir='ltr'>οἰκείαν</span> 
     </span>
    </p>
   </div>
   <div class='ocr_carea' id='block_1_16' title="bbox 1130 217 2443 290">
    <p class='ocr_par' dir='ltr' id='par_1_16' title="bbox 1130 217 2443 290">
     <span class='ocr_line' id='line_1_16' title="bbox 1130 217 2443 290; baseline 0.002 -6"><span class='ocrx_word' id='word_1_99' title='bbox 1130 217 1499 285; x_wconf 77' lang='lat' dir='ltr'>COMMENT.</span> <span class='ocrx_word' id='word_1_100' title='bbox 1545 223 1611 284; x_wconf 83' lang='lat' dir='ltr'>IN</span> <span class='ocrx_word' id='word_1_101' title='bbox 1649 219 2002 288; x_wconf 78' lang='lat' dir='ltr'>JOANNEM.</span> <span class='ocrx_word' id='word_1_102' title='bbox 2042 266 2110 274; x_wconf 91' lang='lat'><strong>—</strong></span> <span class='ocrx_word' id='word_1_103' title='bbox 2149 227 2306 290; x_wconf 84' lang='lat' dir='ltr'>CAP.</span> <span class='ocrx_word' id='word_1_104' title='bbox 2348 224 2443 290; x_wconf 78' lang='lat' dir='ltr'>XI.</span> 
     </span>
    </p>
   </div>
   <div class='ocr_carea' id='block_1_17' title="bbox 3393 234 3528 297">
    <p class='ocr_par' dir='ltr' id='par_1_17' title="bbox 3393 234 3528 297">
     <span class='ocr_line' id='line_1_17' title="bbox 3393 234 3528 297; baseline 0.007 -1"><span class='ocrx_word' id='word_1_105' title='bbox 3393 234 3528 297; x_wconf 72' lang='grc'>4354</span> 
     </span>
    </p>
   </div>
   <div class='ocr_carea' id='block_1_18' title="bbox 1539 355 1769 432">
    <p class='ocr_par' dir='ltr' id='par_1_18' title="bbox 1539 355 1752 417">
     <span class='ocr_line' id='line_1_18' title="bbox 1539 355 1752 417; baseline -0.005 -9"><span class='ocrx_word' id='word_1_106' title='bbox 1539 355 1752 417; x_wconf 80' lang='grc' dir='ltr'>Ἐξοκει-</span> 
     </span>
    </p>
   </div>
   <div class='ocr_carea' id='block_1_19' title="bbox 1894 355 3528 432">
    <p class='ocr_par' dir='ltr' id='par_1_19' title="bbox 1943 359 3528 432">
     <span class='ocr_line' id='line_1_19' title="bbox 1943 359 3528 432; baseline 0.006 -20"><span class='ocrx_word' id='word_1_107' title='bbox 1943 359 2105 415; x_wconf 91' lang='lat' dir='ltr'>Vers.</span> <span class='ocrx_word' id='word_1_108' title='bbox 2139 363 2227 415; x_wconf 72' lang='grc'>49.</span> <span class='ocrx_word' id='word_1_109' title='bbox 2262 360 2410 416; x_wconf 87' lang='lat' dir='ltr'>Cum</span> <span class='ocrx_word' id='word_1_110' title='bbox 2431 366 2573 417; x_wconf 80' lang='lat' dir='ltr'>esset</span> <span class='ocrx_word' id='word_1_111' title='bbox 2594 361 2882 432; x_wconf 74' lang='lat' dir='ltr'>Pontifex</span> <span class='ocrx_word' id='word_1_112' title='bbox 2901 362 3051 420; x_wconf 83' lang='lat' dir='ltr'>anni</span> <span class='ocrx_word' id='word_1_113' title='bbox 3073 364 3262 421; x_wconf 81' lang='lat' dir='ltr'>illius.</span> <span class='ocrx_word' id='word_1_114' title='bbox 3295 365 3442 420; x_wconf 90' lang='lat' dir='ltr'>Cum</span> <span class='ocrx_word' id='word_1_115' title='bbox 3468 366 3528 421; x_wconf 89' lang='lat' dir='ltr'>in</span> 
     </span>
    </p>
   </div>
   <div class='ocr_carea' id='block_1_20' title="bbox 1870 447 3529 526">
    <p class='ocr_par' dir='ltr' id='par_1_20' title="bbox 1870 447 3529 526">
     <span class='ocr_line' id='line_1_20' title="bbox 1870 447 3529 526; baseline 0.005 -25"><span class='ocrx_word' id='word_1_116' title='bbox 1870 447 2018 517; x_wconf 85' lang='lat' dir='ltr'>legis</span> <span class='ocrx_word' id='word_1_117' title='bbox 2044 450 2581 518; x_wconf 73' lang='lat' dir='ltr'>transgressionem</span> <span class='ocrx_word' id='word_1_118' title='bbox 2613 451 3001 522; x_wconf 86' lang='lat' dir='ltr'>impegissent</span> <span class='ocrx_word' id='word_1_119' title='bbox 3041 453 3182 525; x_wconf 90' lang='lat' dir='ltr'>(dd),</span> <span class='ocrx_word' id='word_1_120' title='bbox 3215 456 3265 509; x_wconf 89' lang='lat' dir='ltr'>is</span> <span class='ocrx_word' id='word_1_121' title='bbox 3294 455 3398 526; x_wconf 84' lang='lat' dir='ltr'>qui</span> <span class='ocrx_word' id='word_1_122' title='bbox 3426 471 3529 526; x_wconf 90' lang='lat' dir='ltr'>po-</span> 
     </span>
    </p>
   </div>
   <div class='ocr_carea' id='block_1_21' title="bbox 1873 539 3526 611">
    <p class='ocr_par' dir='ltr' id='par_1_21' title="bbox 1873 539 3526 611">
     <span class='ocr_line' id='line_1_21' title="bbox 1873 539 3526 611; baseline 0.002 -20"><span class='ocrx_word' id='word_1_123' title='bbox 1873 542 2158 598; x_wconf 83' lang='lat' dir='ltr'>tenserat.</span> <span class='ocrx_word' id='word_1_124' title='bbox 2175 553 2208 592; x_wconf 89' lang='lat' dir='ltr'>a</span> <span class='ocrx_word' id='word_1_125' title='bbox 2225 539 2507 594; x_wconf 84' lang='lat' dir='ltr'>Romanis</span> <span class='ocrx_word' id='word_1_126' title='bbox 2524 540 2924 611; x_wconf 84' lang='lat' dir='ltr'>pontiﬁcatum</span> <span class='ocrx_word' id='word_1_127' title='bbox 2941 541 3000 597; x_wconf 88' lang='lat' dir='ltr'>in</span> <span class='ocrx_word' id='word_1_128' title='bbox 3015 559 3239 598; x_wconf 88' lang='lat' dir='ltr'>annum</span> <span class='ocrx_word' id='word_1_129' title='bbox 3260 542 3526 598; x_wconf 78' lang='lat' dir='ltr'>emebat:</span> 
     </span>
    </p>
   </div>
   <div class='ocr_carea' id='block_1_22' title="bbox 1872 626 3526 700">
    <p class='ocr_par' dir='ltr' id='par_1_22' title="bbox 1872 626 3526 700">
     <span class='ocr_line' id='line_1_22' title="bbox 1872 626 3526 700; baseline 0.004 -21"><span class='ocrx_word' id='word_1_130' title='bbox 1872 629 1930 679; x_wconf 87' lang='lat' dir='ltr'>et</span> <span class='ocrx_word' id='word_1_131' title='bbox 1955 626 2085 698; x_wconf 90' lang='lat' dir='ltr'>ipse</span> <span class='ocrx_word' id='word_1_132' title='bbox 2119 626 2366 698; x_wconf 86' lang='lat' dir='ltr'>quidem</span> <span class='ocrx_word' id='word_1_133' title='bbox 2399 627 2802 700; x_wconf 77' lang='lat' dir='ltr'>principatum</span> <span class='ocrx_word' id='word_1_134' title='bbox 2839 647 2947 686; x_wconf 91' lang='lat' dir='ltr'>suo</span> <span class='ocrx_word' id='word_1_135' title='bbox 2977 647 3137 686; x_wconf 90' lang='lat' dir='ltr'>anno</span> <span class='ocrx_word' id='word_1_136' title='bbox 3175 631 3482 688; x_wconf 74' lang='lat' dir='ltr'>obtinebat</span> <span class='ocrx_word' id='word_1_137' title='bbox 3514 646 3526 686; x_wconf 91' lang='lat'>:</span> 
     </span>
    </p>
   </div>
   <div class='ocr_carea' id='block_1_23' title="bbox 1871 715 3530 785">
    <p class='ocr_par' dir='ltr' id='par_1_23' title="bbox 1871 715 3530 785">
     <span class='ocr_line' id='line_1_23' title="bbox 1871 715 3530 785; baseline 0.003 -16"><span class='ocrx_word' id='word_1_138' title='bbox 1871 715 1975 785; x_wconf 88' lang='lat' dir='ltr'>qui</span> <span class='ocrx_word' id='word_1_139' title='bbox 2002 731 2142 770; x_wconf 90' lang='lat' dir='ltr'>vero</span> <span class='ocrx_word' id='word_1_140' title='bbox 2173 721 2311 770; x_wconf 84' lang='lat' dir='ltr'>ante</span> <span class='ocrx_word' id='word_1_141' title='bbox 2341 731 2480 772; x_wconf 90' lang='lat' dir='ltr'>eum</span> <span class='ocrx_word' id='word_1_142' title='bbox 2539 721 2868 785; x_wconf 82' lang='lat' dir='ltr'>tenuerant,</span> <span class='ocrx_word' id='word_1_143' title='bbox 2913 719 3256 775; x_wconf 88' lang='lat' dir='ltr'>assidebant</span> <span class='ocrx_word' id='word_1_144' title='bbox 3313 720 3415 784; x_wconf 88' lang='lat' dir='ltr'>illi,</span> <span class='ocrx_word' id='word_1_145' title='bbox 3460 719 3530 774; x_wconf 88' lang='lat' dir='ltr'>si-</span> 
     </span>
    </p>
   </div>
   <div class='ocr_carea' id='block_1_24' title="bbox 1873 804 3530 880">
    <p class='ocr_par' dir='ltr' id='par_1_24' title="bbox 1873 804 3530 880">
     <span class='ocr_line' id='line_1_24' title="bbox 1873 804 3530 880; baseline 0.003 -22"><span class='ocrx_word' id='word_1_146' title='bbox 1873 804 2118 876; x_wconf 91' lang='lat' dir='ltr'>mulque</span> <span class='ocrx_word' id='word_1_147' title='bbox 2141 821 2277 860; x_wconf 89' lang='lat' dir='ltr'>cum</span> <span class='ocrx_word' id='word_1_148' title='bbox 2304 821 2374 860; x_wconf 91' lang='lat' dir='ltr'>eo</span> <span class='ocrx_word' id='word_1_149' title='bbox 2419 806 2859 871; x_wconf 86' lang='lat' dir='ltr'>consultabant,</span> <span class='ocrx_word' id='word_1_150' title='bbox 2908 809 3044 864; x_wconf 90' lang='lat' dir='ltr'>dicti</span> <span class='ocrx_word' id='word_1_151' title='bbox 3065 814 3117 864; x_wconf 88' lang='lat' dir='ltr'>et</span> <span class='ocrx_word' id='word_1_152' title='bbox 3151 810 3265 880; x_wconf 86' lang='lat' dir='ltr'>ipsi</span> <span class='ocrx_word' id='word_1_153' title='bbox 3292 808 3530 880; x_wconf 87' lang='lat' dir='ltr'>pontiﬁ-</span> 
     </span>
    </p>
   </div>
   <div class='ocr_carea' id='block_1_25' title="bbox 1874 893 3531 968">
    <p class='ocr_par' dir='ltr' id='par_1_25' title="bbox 1874 893 3531 968">
     <span class='ocr_line' id='line_1_25' title="bbox 1874 893 3531 968; baseline 0.004 -21"><span class='ocrx_word' id='word_1_154' title='bbox 1874 908 1992 961; x_wconf 90' lang='lat' dir='ltr'>ces,</span> <span class='ocrx_word' id='word_1_155' title='bbox 2024 893 2188 966; x_wconf 92' lang='lat' dir='ltr'>quod</span> <span class='ocrx_word' id='word_1_156' title='bbox 2232 894 2409 950; x_wconf 90' lang='lat' dir='ltr'>etiam</span> <span class='ocrx_word' id='word_1_157' title='bbox 2461 894 2576 967; x_wconf 85' lang='lat' dir='ltr'>ipsi</span> <span class='ocrx_word' id='word_1_158' title='bbox 2624 896 3026 968; x_wconf 87' lang='lat' dir='ltr'>principatum</span> <span class='ocrx_word' id='word_1_159' title='bbox 3082 898 3428 966; x_wconf 85' lang='lat' dir='ltr'>tenuissent,</span> <span class='ocrx_word' id='word_1_160' title='bbox 3461 899 3531 953; x_wconf 86' lang='lat' dir='ltr'>de</span> 
     </span>
    </p>
   </div>
   <div class='ocr_carea' id='block_1_26' title="bbox 1872 982 3536 1058">
    <p class='ocr_par' dir='ltr' id='par_1_26' title="bbox 1872 982 3536 1058">
     <span class='ocr_line' id='line_1_26' title="bbox 1872 982 3536 1058; baseline 0.004 -23"><span class='ocrx_word' id='word_1_161' title='bbox 1872 982 2095 1052; x_wconf 88' lang='lat' dir='ltr'>quibus</span> <span class='ocrx_word' id='word_1_162' title='bbox 2112 983 2293 1038; x_wconf 88' lang='lat' dir='ltr'>etiam</span> <span class='ocrx_word' id='word_1_163' title='bbox 2324 984 2383 1038; x_wconf 89' lang='lat' dir='ltr'>in</span> <span class='ocrx_word' id='word_1_164' title='bbox 2407 983 2722 1055; x_wconf 89' lang='lat' dir='ltr'>Evangelio</span> <span class='ocrx_word' id='word_1_165' title='bbox 2749 985 2922 1055; x_wconf 83' lang='lat' dir='ltr'>juxta</span> <span class='ocrx_word' id='word_1_166' title='bbox 2948 985 3285 1042; x_wconf 66' lang='lat' dir='ltr'>Matthaeum</span> <span class='ocrx_word' id='word_1_167' title='bbox 3313 985 3536 1058; x_wconf 84' lang='lat' dir='ltr'>signiﬁ-</span> 
     </span>
    </p>
   </div>
   <div class='ocr_carea' id='block_1_27' title="bbox 1873 1071 2250 1128">
    <p class='ocr_par' dir='ltr' id='par_1_27' title="bbox 1873 1071 2250 1128">
     <span class='ocr_line' id='line_1_27' title="bbox 1873 1071 2250 1128; baseline 0.008 -3"><span class='ocrx_word' id='word_1_168' title='bbox 1873 1071 2145 1127; x_wconf 88' lang='lat' dir='ltr'>cavimus</span> <span class='ocrx_word' id='word_1_169' title='bbox 2175 1073 2250 1128; x_wconf 74' lang='grc'>³⁸.</span> 
     </span>
    </p>
   </div>
   <div class='ocr_carea' id='block_1_28' title="bbox 1948 1160 3529 1235">
    <p class='ocr_par' dir='ltr' id='par_1_28' title="bbox 1948 1160 3529 1235">
     <span class='ocr_line' id='line_1_28' title="bbox 1948 1160 3529 1235; baseline 0.003 -20"><span class='ocrx_word' id='word_1_170' title='bbox 1948 1160 2104 1216; x_wconf 89' lang='lat' dir='ltr'>Vers.</span> <span class='ocrx_word' id='word_1_171' title='bbox 2153 1164 2241 1216; x_wconf 84' lang='grc'><strong>49.</strong></span> <span class='ocrx_word' id='word_1_172' title='bbox 2291 1161 2458 1218; x_wconf 76' lang='lat' dir='ltr'>Dixit</span> <span class='ocrx_word' id='word_1_173' title='bbox 2508 1193 2574 1203; x_wconf 96' lang='lat'><em>—</em></span> <span class='ocrx_word' id='word_1_174' title='bbox 2629 1162 2982 1235; x_wconf 81' lang='lat' dir='ltr'>quidquam.</span> <span class='ocrx_word' id='word_1_175' title='bbox 3047 1163 3219 1228; x_wconf 88' lang='lat' dir='ltr'>Quod</span> <span class='ocrx_word' id='word_1_176' title='bbox 3265 1162 3403 1220; x_wconf 89' lang='lat' dir='ltr'>utile</span> <span class='ocrx_word' id='word_1_177' title='bbox 3436 1163 3529 1230; x_wconf 87' lang='lat' dir='ltr'>sit,</span> 
     </span>
    </p>
   </div>
   <div class='ocr_carea' id='block_1_29' title="bbox 1871 1248 3086 1323">
    <p class='ocr_par' dir='ltr' id='par_1_29' title="bbox 1871 1248 3086 1323">
     <span class='ocr_line' id='line_1_29' title="bbox 1871 1248 3086 1323; baseline 0.004 -20"><span class='ocrx_word' id='word_1_178' title='bbox 1871 1248 2032 1320; x_wconf 89' lang='lat' dir='ltr'>quod</span> <span class='ocrx_word' id='word_1_179' title='bbox 2063 1250 2360 1321; x_wconf 88' lang='lat' dir='ltr'>expediat,</span> <span class='ocrx_word' id='word_1_180' title='bbox 2402 1250 2555 1306; x_wconf 88' lang='lat' dir='ltr'>adeo</span> <span class='ocrx_word' id='word_1_181' title='bbox 2581 1252 2839 1323; x_wconf 84' lang='lat' dir='ltr'>segniter</span> <span class='ocrx_word' id='word_1_182' title='bbox 2877 1251 3086 1308; x_wconf 77' lang='lat' dir='ltr'>affecti.</span> 
     </span>
    </p>
   </div>
   <div class='ocr_carea' id='block_1_30' title="bbox 1942 1337 3534 1414">
    <p class='ocr_par' dir='ltr' id='par_1_30' title="bbox 1942 1337 3534 1414">
     <span class='ocr_line' id='line_1_30' title="bbox 1942 1337 3534 1414; baseline 0.003 -22"><span class='ocrx_word' id='word_1_183' title='bbox 1942 1337 2108 1393; x_wconf 91' lang='lat' dir='ltr'>Vers.</span> <span class='ocrx_word' id='word_1_184' title='bbox 2155 1339 2244 1394; x_wconf 83' lang='lat'>50.</span> <span class='ocrx_word' id='word_1_185' title='bbox 2289 1339 2414 1395; x_wconf 90' lang='lat' dir='ltr'>Nec</span> <span class='ocrx_word' id='word_1_186' title='bbox 2447 1370 2513 1379; x_wconf 95' lang='lat'>—</span> <span class='ocrx_word' id='word_1_187' title='bbox 2565 1339 2726 1395; x_wconf 86' lang='lat' dir='ltr'>Vers.</span> <span class='ocrx_word' id='word_1_188' title='bbox 2789 1345 2875 1396; x_wconf 80' lang='grc'>51.</span> <span class='ocrx_word' id='word_1_189' title='bbox 2927 1342 3105 1399; x_wconf 75' lang='lat' dir='ltr'>dixit.</span> <span class='ocrx_word' id='word_1_190' title='bbox 3163 1343 3302 1408; x_wconf 85' lang='lat' dir='ltr'>Hoc,</span> <span class='ocrx_word' id='word_1_191' title='bbox 3359 1341 3534 1414; x_wconf 89' lang='lat' dir='ltr'>quid-</span> 
     </span>
    </p>
   </div>
   <div class='ocr_carea' id='block_1_31' title="bbox 1872 1428 3280 1502">
    <p class='ocr_par' dir='ltr' id='par_1_31' title="bbox 1872 1428 3280 1502">
     <span class='ocr_line' id='line_1_31' title="bbox 1872 1428 3280 1502; baseline 0.004 -21"><span class='ocrx_word' id='word_1_192' title='bbox 1872 1441 2014 1482; x_wconf 88' lang='lat' dir='ltr'>nam</span> <span class='ocrx_word' id='word_1_193' title='bbox 2040 1429 2067 1483; x_wconf 87' lang='lat'><strong>?</strong></span> <span class='ocrx_word' id='word_1_194' title='bbox 2098 1428 2168 1484; x_wconf 89' lang='lat' dir='ltr'>Ut</span> <span class='ocrx_word' id='word_1_195' title='bbox 2201 1444 2350 1484; x_wconf 84' lang='lat' dir='ltr'>unus</span> <span class='ocrx_word' id='word_1_196' title='bbox 2382 1429 2552 1485; x_wconf 80' lang='lat' dir='ltr'>homo</span> <span class='ocrx_word' id='word_1_197' title='bbox 2591 1431 2884 1486; x_wconf 73' lang='lat' dir='ltr'>moriatur</span> <span class='ocrx_word' id='word_1_198' title='bbox 2907 1447 3016 1500; x_wconf 78' lang='lat' dir='ltr'>pro</span> <span class='ocrx_word' id='word_1_199' title='bbox 3040 1432 3280 1502; x_wconf 85' lang='lat' dir='ltr'>populo.</span> 
     </span>
    </p>
   </div>
   <div class='ocr_carea' id='block_1_32' title="bbox 1946 1516 3535 1591">
    <p class='ocr_par' dir='ltr' id='par_1_32' title="bbox 1946 1516 3535 1591">
     <span class='ocr_line' id='line_1_32' title="bbox 1946 1516 3535 1591; baseline 0.004 -23"><span class='ocrx_word' id='word_1_200' title='bbox 1946 1516 2110 1570; x_wconf 88' lang='lat' dir='ltr'>Vers.</span> <span class='ocrx_word' id='word_1_201' title='bbox 2141 1519 2226 1571; x_wconf 79' lang='grc'>51.</span> <span class='ocrx_word' id='word_1_202' title='bbox 2250 1517 2366 1572; x_wconf 87' lang='lat' dir='ltr'>Sed</span> <span class='ocrx_word' id='word_1_203' title='bbox 2393 1549 2462 1558; x_wconf 96' lang='lat'><em>—</em></span> <span class='ocrx_word' id='word_1_204' title='bbox 2494 1519 2753 1575; x_wconf 84' lang='lat' dir='ltr'>natione.</span> <span class='ocrx_word' id='word_1_205' title='bbox 2807 1523 2932 1575; x_wconf 89' lang='lat' dir='ltr'>Non</span> <span class='ocrx_word' id='word_1_206' title='bbox 2965 1519 3130 1591; x_wconf 91' lang='lat' dir='ltr'>quod</span> <span class='ocrx_word' id='word_1_207' title='bbox 3183 1520 3398 1591; x_wconf 87' lang='lat' dir='ltr'>dignus</span> <span class='ocrx_word' id='word_1_208' title='bbox 3447 1536 3535 1576; x_wconf 80' lang='lat' dir='ltr'>es-</span> 
     </span>
    </p>
   </div>
   <div class='ocr_carea' id='block_1_33' title="bbox 1874 1605 3534 1680">
    <p class='ocr_par' dir='ltr' id='par_1_33' title="bbox 1874 1605 3534 1680">
     <span class='ocr_line' id='line_1_33' title="bbox 1874 1605 3534 1680; baseline 0.005 -23"><span class='ocrx_word' id='word_1_209' title='bbox 1874 1607 1978 1666; x_wconf 89' lang='lat' dir='ltr'>set,</span> <span class='ocrx_word' id='word_1_210' title='bbox 2013 1605 2367 1661; x_wconf 87' lang='lat' dir='ltr'>vaticinatus</span> <span class='ocrx_word' id='word_1_211' title='bbox 2399 1612 2504 1673; x_wconf 90' lang='lat' dir='ltr'>est,</span> <span class='ocrx_word' id='word_1_212' title='bbox 2531 1607 2636 1663; x_wconf 89' lang='lat' dir='ltr'>sed</span> <span class='ocrx_word' id='word_1_213' title='bbox 2679 1608 2842 1679; x_wconf 88' lang='lat' dir='ltr'>quod</span> <span class='ocrx_word' id='word_1_214' title='bbox 2887 1608 3147 1680; x_wconf 82' lang='lat' dir='ltr'>pontifex</span> <span class='ocrx_word' id='word_1_215' title='bbox 3188 1613 3343 1664; x_wconf 89' lang='lat' dir='ltr'>esset</span> <span class='ocrx_word' id='word_1_216' title='bbox 3391 1610 3534 1666; x_wconf 87' lang='lat' dir='ltr'>anni</span> 
     </span>
    </p>
   </div>
   <div class='ocr_carea' id='block_1_34' title="bbox 159 1686 1769 1770">
    <p class='ocr_par' dir='ltr' id='par_1_34' title="bbox 159 1686 1759 1765">
     <span class='ocr_line' id='line_1_34' title="bbox 159 1686 1759 1765; baseline 0.001 -24"><span class='ocrx_word' id='word_1_217' title='bbox 159 1688 366 1762; x_wconf 74' lang='grc' dir='ltr'>ἀρετὴν,</span> <span class='ocrx_word' id='word_1_218' title='bbox 401 1688 529 1742; x_wconf 77' lang='grc' dir='ltr'>ἀλλὰ</span> <span class='ocrx_word' id='word_1_219' title='bbox 553 1686 647 1742; x_wconf 80' lang='grc' dir='ltr'>διὰ</span> <span class='ocrx_word' id='word_1_220' title='bbox 675 1694 732 1742; x_wconf 85' lang='lat'>:6</span> <span class='ocrx_word' id='word_1_221' title='bbox 765 1689 1136 1765; x_wconf 88' lang='grc' dir='ltr'>ἀρχιερατικον</span> <span class='ocrx_word' id='word_1_222' title='bbox 1178 1690 1401 1763; x_wconf 85' lang='grc' dir='ltr'>ἀξίωμα.</span> <span class='ocrx_word' id='word_1_223' title='bbox 1431 1689 1548 1744; x_wconf 81' lang='grc' dir='ltr'>Ἔτι</span> <span class='ocrx_word' id='word_1_224' title='bbox 1590 1694 1688 1764; x_wconf 76' lang='grc' dir='ltr'>γὰρ</span> <span class='ocrx_word' id='word_1_225' title='bbox 1731 1693 1759 1750; x_wconf 81' lang='grc' dir='ltr'><strong>ἠ</strong></span> 
     </span>
    </p>
   </div>
   <div class='ocr_carea' id='block_1_35' title="bbox 1894 1686 3536 1770">
    <p class='ocr_par' dir='ltr' id='par_1_35' title="bbox 1895 1693 3536 1770">
     <span class='ocr_line' id='line_1_35' title="bbox 1895 1693 3536 1770; baseline 0.004 -22"><span class='ocrx_word' id='word_1_226' title='bbox 1895 1693 2029 1748; x_wconf 90' lang='lat' dir='ltr'>llius</span> <span class='ocrx_word' id='word_1_227' title='bbox 2054 1710 2067 1760; x_wconf 87' lang='lat'>;</span> <span class='ocrx_word' id='word_1_228' title='bbox 2101 1710 2222 1750; x_wconf 90' lang='lat' dir='ltr'>non</span> <span class='ocrx_word' id='word_1_229' title='bbox 2246 1703 2487 1767; x_wconf 81' lang='lat' dir='ltr'>propter</span> <span class='ocrx_word' id='word_1_230' title='bbox 2514 1698 2818 1768; x_wconf 87' lang='lat' dir='ltr'>propriam</span> <span class='ocrx_word' id='word_1_231' title='bbox 2847 1698 3144 1764; x_wconf 86' lang='lat' dir='ltr'>virtutem,</span> <span class='ocrx_word' id='word_1_232' title='bbox 3171 1699 3277 1753; x_wconf 90' lang='lat' dir='ltr'>sed</span> <span class='ocrx_word' id='word_1_233' title='bbox 3295 1705 3536 1770; x_wconf 90' lang='lat' dir='ltr'>propter</span> 
     </span>
    </p>
   </div>
   <div class='ocr_carea' id='block_1_36' title="bbox 161 1780 1764 1853">
    <p class='ocr_par' dir='ltr' id='par_1_36' title="bbox 161 1780 1764 1853">
     <span class='ocr_line' id='line_1_36' title="bbox 161 1780 1764 1853; baseline 0 -21"><span class='ocrx_word' id='word_1_234' title='bbox 161 1782 282 1832; x_wconf 83' lang='grc' dir='ltr'>θεία</span> <span class='ocrx_word' id='word_1_235' title='bbox 333 1780 494 1851; x_wconf 80' lang='grc' dir='ltr'>χάρις</span> <span class='ocrx_word' id='word_1_236' title='bbox 548 1784 796 1853; x_wconf 80' lang='grc' dir='ltr'>παρέμενε</span> <span class='ocrx_word' id='word_1_237' title='bbox 825 1788 898 1850; x_wconf 84' lang='grc' dir='ltr'>τῷ</span> <span class='ocrx_word' id='word_1_238' title='bbox 943 1788 1068 1850; x_wconf 84' lang='grc' dir='ltr'>ναῷ,</span> <span class='ocrx_word' id='word_1_239' title='bbox 1103 1781 1221 1840; x_wconf 78' lang='grc' dir='ltr'>ἠτίς</span> <span class='ocrx_word' id='word_1_240' title='bbox 1249 1788 1321 1851; x_wconf 81' lang='grc' dir='ltr'>τῷ</span> <span class='ocrx_word' id='word_1_241' title='bbox 1353 1785 1574 1852; x_wconf 84' lang='grc' dir='ltr'>στόματι</span> <span class='ocrx_word' id='word_1_242' title='bbox 1606 1781 1764 1832; x_wconf 71' lang='grc' dir='ltr'>αὑτοῦ</span> 
     </span>
    </p>
   </div>
   <div class='ocr_carea' id='block_1_37' title="bbox 155 1865 1226 1944">
    <p class='ocr_par' dir='ltr' id='par_1_37' title="bbox 155 1865 1226 1944">
     <span class='ocr_line' id='line_1_37' title="bbox 155 1865 1226 1944; baseline 0.001 -23"><span class='ocrx_word' id='word_1_243' title='bbox 155 1873 500 1943; x_wconf 73' lang='grc' dir='ltr'>χρησαμένη,</span> <span class='ocrx_word' id='word_1_244' title='bbox 531 1865 622 1930; x_wconf 76' lang='grc' dir='ltr'>τῆς</span> <span class='ocrx_word' id='word_1_245' title='bbox 649 1865 871 1944; x_wconf 75' lang='grc' dir='ltr'>καρδίας</span> <span class='ocrx_word' id='word_1_246' title='bbox 900 1867 1004 1940; x_wconf 73' lang='grc' dir='ltr'>οὐχ</span> <span class='ocrx_word' id='word_1_247' title='bbox 1035 1867 1226 1939; x_wconf 70' lang='grc' dir='ltr'>ἥψατο.</span> 
     </span>
    </p>
   </div>
   <div class='ocr_carea' id='block_1_38' title="bbox 235 2043 1766 2123">
    <p class='ocr_par' dir='ltr' id='par_1_38' title="bbox 235 2043 1766 2123">
     <span class='ocr_line' id='line_1_38' title="bbox 235 2043 1766 2123; baseline -0.001 -23"><span class='ocrx_word' id='word_1_248' title='bbox 235 2051 596 2123; x_wconf 59' lang='grc' dir='ltr'>Προεφήτευσε</span> <span class='ocrx_word' id='word_1_249' title='bbox 643 2043 701 2099; x_wconf 74' lang='grc' dir='ltr'>δε</span> <span class='ocrx_word' id='word_1_250' title='bbox 763 2049 842 2100; x_wconf 83' lang='grc' dir='ltr'>ὁτι</span> <span class='ocrx_word' id='word_1_251' title='bbox 904 2047 1100 2118; x_wconf 76' lang='grc' dir='ltr'>ἔμελλεν</span> <span class='ocrx_word' id='word_1_252' title='bbox 1172 2049 1197 2099; x_wconf 88' lang='lat'>6</span> <span class='ocrx_word' id='word_1_253' title='bbox 1266 2047 1473 2109; x_wconf 80' lang='grc' dir='ltr'>Ἰησοῦς</span> <span class='ocrx_word' id='word_1_254' title='bbox 1546 2046 1766 2104; x_wconf 72' lang='grc' dir='ltr'>ἀποθνὴο</span> 
     </span>
    </p>
   </div>
   <div class='ocr_carea' id='block_1_39' title="bbox 158 2133 1765 2210">
    <p class='ocr_par' dir='ltr' id='par_1_39' title="bbox 158 2133 1765 2210">
     <span class='ocr_line' id='line_1_39' title="bbox 158 2133 1765 2210; baseline -0.001 -22"><span class='ocrx_word' id='word_1_255' title='bbox 158 2155 306 2189; x_wconf 79' lang='grc' dir='ltr'>σχειν</span> <span class='ocrx_word' id='word_1_256' title='bbox 367 2138 492 2210; x_wconf 67' lang='grc' dir='ltr'>ὑπὲρ</span> <span class='ocrx_word' id='word_1_257' title='bbox 548 2143 636 2188; x_wconf 79' lang='grc' dir='ltr'>τοῦ</span> <span class='ocrx_word' id='word_1_258' title='bbox 684 2139 860 2198; x_wconf 83' lang='grc' dir='ltr'>ἔθνους</span> <span class='ocrx_word' id='word_1_259' title='bbox 919 2145 1018 2189; x_wconf 89' lang='grc' dir='ltr'>τῶν</span> <span class='ocrx_word' id='word_1_260' title='bbox 1055 2133 1345 2191; x_wconf 76' lang='grc' dir='ltr'>Ἰουδαίων.</span> <span class='ocrx_word' id='word_1_261' title='bbox 1393 2136 1542 2208; x_wconf 71' lang='grc' dir='ltr'>’Υπὲρ</span> <span class='ocrx_word' id='word_1_262' title='bbox 1597 2136 1765 2189; x_wconf 69' lang='grc' dir='ltr'>αὐτῶν</span> 
     </span>
    </p>
   </div>
   <div class='ocr_carea' id='block_1_40' title="bbox 151 2223 1762 2300">
    <p class='ocr_par' dir='ltr' id='par_1_40' title="bbox 151 2223 1762 2300">
     <span class='ocr_line' id='line_1_40' title="bbox 151 2223 1762 2300; baseline -0.001 -23"><span class='ocrx_word' id='word_1_263' title='bbox 151 2230 263 2300; x_wconf 76' lang='grc' dir='ltr'>γὰρ</span> <span class='ocrx_word' id='word_1_264' title='bbox 315 2224 534 2278; x_wconf 73' lang='grc' dir='ltr'>ἀπέθανε</span> <span class='ocrx_word' id='word_1_265' title='bbox 576 2223 891 2287; x_wconf 77' lang='grc' dir='ltr'>σπουδάζων</span> <span class='ocrx_word' id='word_1_266' title='bbox 951 2235 1122 2278; x_wconf 88' lang='grc' dir='ltr'>σῶσαι</span> <span class='ocrx_word' id='word_1_267' title='bbox 1160 2226 1346 2288; x_wconf 78' lang='grc' dir='ltr'>αύτούς</span> <span class='ocrx_word' id='word_1_268' title='bbox 1380 2243 1391 2255; x_wconf 90' lang='grc'><strong>·</strong></span> <span class='ocrx_word' id='word_1_269' title='bbox 1439 2225 1576 2298; x_wconf 77' lang='grc' dir='ltr'>ἔλεγε</span> <span class='ocrx_word' id='word_1_270' title='bbox 1614 2229 1716 2298; x_wconf 80' lang='grc' dir='ltr'>γὰρ</span> <span class='ocrx_word' id='word_1_271' title='bbox 1748 2240 1762 2256; x_wconf 87' lang='lat'><strong>&#39;</strong></span> 
     </span>
    </p>
   </div>
   <div class='ocr_carea' id='block_1_41' title="bbox 155 2313 1766 2387">
    <p class='ocr_par' dir='ltr' id='par_1_41' title="bbox 155 2313 1766 2387">
     <span class='ocr_line' id='line_1_41' title="bbox 155 2313 1766 2387; baseline -0.001 -20"><span class='ocrx_word' id='word_1_272' title='bbox 155 2315 276 2368; x_wconf 68' lang='grc' dir='ltr'>Οὐκ</span> <span class='ocrx_word' id='word_1_273' title='bbox 329 2313 624 2372; x_wconf 78' lang='grc' dir='ltr'>ἀπεστάλην</span> <span class='ocrx_word' id='word_1_274' title='bbox 680 2315 722 2367; x_wconf 83' lang='grc' dir='ltr'>εἰ</span> <span class='ocrx_word' id='word_1_275' title='bbox 772 2320 843 2387; x_wconf 77' lang='grc' dir='ltr'>μὴ</span> <span class='ocrx_word' id='word_1_276' title='bbox 914 2315 983 2377; x_wconf 87' lang='grc' dir='ltr'>εἰς</span> <span class='ocrx_word' id='word_1_277' title='bbox 1049 2317 1114 2367; x_wconf 77' lang='grc' dir='ltr'>τὰ</span> <span class='ocrx_word' id='word_1_278' title='bbox 1156 2313 1394 2387; x_wconf 79' lang='grc' dir='ltr'>πρόϐατα</span> <span class='ocrx_word' id='word_1_279' title='bbox 1450 2317 1515 2366; x_wconf 83' lang='grc' dir='ltr'>τὰ</span> <span class='ocrx_word' id='word_1_280' title='bbox 1560 2313 1766 2367; x_wconf 82' lang='grc' dir='ltr'>ἀπολω-</span> 
     </span>
    </p>
   </div>
   <div class='ocr_carea' id='block_1_42' title="bbox 153 2403 1767 2478">
    <p class='ocr_par' dir='ltr' id='par_1_42' title="bbox 153 2403 1767 2478">
     <span class='ocr_line' id='line_1_42' title="bbox 153 2403 1767 2478; baseline 0.002 -24"><span class='ocrx_word' id='word_1_281' title='bbox 153 2403 289 2455; x_wconf 71' lang='grc' dir='ltr'>λότα</span> <span class='ocrx_word' id='word_1_282' title='bbox 331 2405 477 2455; x_wconf 84' lang='grc' dir='ltr'>οἱκου</span> <span class='ocrx_word' id='word_1_283' title='bbox 545 2404 778 2478; x_wconf 83' lang='grc' dir='ltr'>Ἰσραὴλ.</span> <span class='ocrx_word' id='word_1_284' title='bbox 815 2404 944 2476; x_wconf 69' lang='grc' dir='ltr'>[Καὶ</span> <span class='ocrx_word' id='word_1_285' title='bbox 1005 2404 1116 2475; x_wconf 74' lang='grc'>(49)</span> <span class='ocrx_word' id='word_1_286' title='bbox 1197 2403 1349 2456; x_wconf 81' lang='grc' dir='ltr'>πάλιν</span> <span class='ocrx_word' id='word_1_287' title='bbox 1410 2404 1546 2475; x_wconf 72' lang='grc' dir='ltr'>ἔλεγε</span> <span class='ocrx_word' id='word_1_288' title='bbox 1585 2418 1597 2431; x_wconf 85' lang='grc'><strong>⁸</strong></span> <span class='ocrx_word' id='word_1_289' title='bbox 1669 2409 1767 2457; x_wconf 82' lang='grc' dir='ltr'>Καὶ</span> 
     </span>
    </p>
   </div>
   <div class='ocr_carea' id='block_1_43' title="bbox 153 2491 1770 2568">
    <p class='ocr_par' dir='ltr' id='par_1_43' title="bbox 153 2491 1770 2568">
     <span class='ocr_line' id='line_1_43' title="bbox 153 2491 1770 2568; baseline 0.001 -24"><span class='ocrx_word' id='word_1_290' title='bbox 153 2498 255 2551; x_wconf 78' lang='grc' dir='ltr'>τήν</span> <span class='ocrx_word' id='word_1_291' title='bbox 308 2493 490 2564; x_wconf 69' lang='grc' dir='ltr'>ψυχήν</span> <span class='ocrx_word' id='word_1_292' title='bbox 556 2512 656 2565; x_wconf 90' lang='grc' dir='ltr'>μου</span> <span class='ocrx_word' id='word_1_293' title='bbox 723 2495 910 2566; x_wconf 88' lang='grc' dir='ltr'>τίθημι</span> <span class='ocrx_word' id='word_1_294' title='bbox 960 2494 1086 2568; x_wconf 75' lang='grc' dir='ltr'>ὑπὲρ</span> <span class='ocrx_word' id='word_1_295' title='bbox 1143 2502 1241 2545; x_wconf 80' lang='grc' dir='ltr'>τῶν</span> <span class='ocrx_word' id='word_1_296' title='bbox 1315 2491 1604 2566; x_wconf 77' lang='grc' dir='ltr'>προϐάτωνο</span> <span class='ocrx_word' id='word_1_297' title='bbox 1659 2492 1770 2547; x_wconf 82' lang='grc' dir='ltr'>Ἰνα</span> 
     </span>
    </p>
   </div>
   <div class='ocr_carea' id='block_1_44' title="bbox 157 2578 1768 2655">
    <p class='ocr_par' dir='ltr' id='par_1_44' title="bbox 157 2578 1768 2655">
     <span class='ocr_line' id='line_1_44' title="bbox 157 2578 1768 2655; baseline -0.001 -20"><span class='ocrx_word' id='word_1_298' title='bbox 157 2578 221 2635; x_wconf 69' lang='grc' dir='ltr'>δε</span> <span class='ocrx_word' id='word_1_299' title='bbox 283 2587 356 2654; x_wconf 79' lang='grc' dir='ltr'>μὴ</span> <span class='ocrx_word' id='word_1_300' title='bbox 418 2578 545 2654; x_wconf 79' lang='grc' dir='ltr'>δόξῃ</span> <span class='ocrx_word' id='word_1_301' title='bbox 606 2583 733 2655; x_wconf 73' lang='grc' dir='ltr'>ὑπὲρ</span> <span class='ocrx_word' id='word_1_302' title='bbox 764 2582 932 2634; x_wconf 74' lang='grc' dir='ltr'>αὐτῶν</span> <span class='ocrx_word' id='word_1_303' title='bbox 984 2585 1149 2653; x_wconf 91' lang='grc' dir='ltr'>μόνων</span> <span class='ocrx_word' id='word_1_304' title='bbox 1207 2580 1500 2653; x_wconf 81' lang='grc' dir='ltr'>ἀποθανεῖν,</span> <span class='ocrx_word' id='word_1_305' title='bbox 1554 2586 1768 2655; x_wconf 87' lang='grc' dir='ltr'>προστί-</span> 
     </span>
    </p>
   </div>
   <div class='ocr_carea' id='block_1_45' title="bbox 158 2669 343 2743">
    <p class='ocr_par' dir='ltr' id='par_1_45' title="bbox 158 2669 343 2743">
     <span class='ocr_line' id='line_1_45' title="bbox 158 2669 343 2743; baseline -0.005 -19"><span class='ocrx_word' id='word_1_306' title='bbox 158 2674 226 2730; x_wconf 89' lang='grc' dir='ltr'>θη</span> <span class='ocrx_word' id='word_1_307' title='bbox 238 2669 343 2743; x_wconf 81' lang='grc' dir='ltr'>σι’]</span> 
     </span>
    </p>
   </div>
   <div class='ocr_carea' id='block_1_46' title="bbox 235 2758 1766 2836">
    <p class='ocr_par' dir='ltr' id='par_1_46' title="bbox 235 2758 1766 2836">
     <span class='ocr_line' id='line_1_46' title="bbox 235 2758 1766 2836; baseline 0 -22"><span class='ocrx_word' id='word_1_308' title='bbox 235 2766 340 2814; x_wconf 78' lang='grc' dir='ltr'>Καὶ</span> <span class='ocrx_word' id='word_1_309' title='bbox 389 2791 460 2801; x_wconf 88' lang='grc'><strong>-</strong></span> <span class='ocrx_word' id='word_1_310' title='bbox 520 2763 590 2815; x_wconf 86' lang='grc' dir='ltr'>ἓν.</span> <span class='ocrx_word' id='word_1_311' title='bbox 640 2759 840 2834; x_wconf 79' lang='grc' dir='ltr'>Ὠσπερ</span> <span class='ocrx_word' id='word_1_312' title='bbox 895 2762 995 2835; x_wconf 79' lang='grc' dir='ltr'>γὰρ</span> <span class='ocrx_word' id='word_1_313' title='bbox 1046 2758 1438 2835; x_wconf 77' lang='grc' dir='ltr'>ἔνηνθρώπησεν</span> <span class='ocrx_word' id='word_1_314' title='bbox 1487 2761 1592 2833; x_wconf 66' lang='grc' dir='ltr'>οὐχ</span> <span class='ocrx_word' id='word_1_315' title='bbox 1640 2762 1766 2836; x_wconf 71' lang='grc' dir='ltr'>ὑπὲρ</span> 
     </span>
    </p>
   </div>
   <div class='ocr_carea' id='block_1_47' title="bbox 155 2845 1768 2924">
    <p class='ocr_par' dir='ltr' id='par_1_47' title="bbox 155 2845 1768 2924">
     <span class='ocr_line' id='line_1_47' title="bbox 155 2845 1768 2924; baseline -0.001 -21"><span class='ocrx_word' id='word_1_316' title='bbox 155 2859 264 2903; x_wconf 83' lang='grc' dir='ltr'>τῶν</span> <span class='ocrx_word' id='word_1_317' title='bbox 315 2845 590 2903; x_wconf 83' lang='grc' dir='ltr'>Ἰουδαίων</span> <span class='ocrx_word' id='word_1_318' title='bbox 656 2854 841 2922; x_wconf 86' lang='grc' dir='ltr'>μόνων,</span> <span class='ocrx_word' id='word_1_319' title='bbox 903 2849 1031 2902; x_wconf 65' lang='grc' dir='ltr'>ἀλλὰ</span> <span class='ocrx_word' id='word_1_320' title='bbox 1093 2855 1183 2902; x_wconf 82' lang='grc' dir='ltr'>καὶ</span> <span class='ocrx_word' id='word_1_321' title='bbox 1234 2851 1360 2924; x_wconf 75' lang='grc' dir='ltr'>ὑπὲρ</span> <span class='ocrx_word' id='word_1_322' title='bbox 1440 2858 1540 2902; x_wconf 87' lang='grc' dir='ltr'>τῶν</span> <span class='ocrx_word' id='word_1_323' title='bbox 1606 2851 1768 2902; x_wconf 75' lang='grc' dir='ltr'>ἄλλων</span> 
     </span>
    </p>
   </div>
   <div class='ocr_carea' id='block_1_48' title="bbox 155 2937 1768 3012">
    <p class='ocr_par' dir='ltr' id='par_1_48' title="bbox 155 2937 1768 3012">
     <span class='ocr_line' id='line_1_48' title="bbox 155 2937 1768 3012; baseline -0.001 -20"><span class='ocrx_word' id='word_1_324' title='bbox 155 2940 340 2992; x_wconf 71' lang='grc' dir='ltr'>ἐθνῶνο</span> <span class='ocrx_word' id='word_1_325' title='bbox 393 2939 555 3000; x_wconf 69' lang='grc' dir='ltr'>οὕτως</span> <span class='ocrx_word' id='word_1_326' title='bbox 607 2940 711 3012; x_wconf 75' lang='grc' dir='ltr'>ἄρα</span> <span class='ocrx_word' id='word_1_327' title='bbox 767 2944 855 2992; x_wconf 81' lang='grc' dir='ltr'>καὶ</span> <span class='ocrx_word' id='word_1_328' title='bbox 910 2937 1157 2992; x_wconf 78' lang='grc' dir='ltr'>ἀπέθανεν</span> <span class='ocrx_word' id='word_1_329' title='bbox 1215 2938 1320 3010; x_wconf 72' lang='grc' dir='ltr'>οὐχ</span> <span class='ocrx_word' id='word_1_330' title='bbox 1371 2940 1498 3012; x_wconf 72' lang='grc' dir='ltr'>ὑπὲρ</span> <span class='ocrx_word' id='word_1_331' title='bbox 1570 2938 1768 2992; x_wconf 82' lang='grc' dir='ltr'>ἐκείνων</span> 
     </span>
    </p>
   </div>
   <div class='ocr_carea' id='block_1_49' title="bbox 1874 1783 3537 1858">
    <p class='ocr_par' dir='ltr' id='par_1_49' title="bbox 1874 1783 3537 1858">
     <span class='ocr_line' id='line_1_49' title="bbox 1874 1783 3537 1858; baseline 0.004 -21"><span class='ocrx_word' id='word_1_332' title='bbox 1874 1783 2279 1853; x_wconf 84' lang='lat' dir='ltr'>pontiﬁcalem</span> <span class='ocrx_word' id='word_1_333' title='bbox 2304 1785 2679 1856; x_wconf 85' lang='lat' dir='ltr'>dignitatem.</span> <span class='ocrx_word' id='word_1_334' title='bbox 2707 1787 2923 1844; x_wconf 86' lang='lat' dir='ltr'>Adhuc</span> <span class='ocrx_word' id='word_1_335' title='bbox 2950 1788 3108 1843; x_wconf 89' lang='lat' dir='ltr'>enim</span> <span class='ocrx_word' id='word_1_336' title='bbox 3127 1787 3326 1842; x_wconf 87' lang='lat' dir='ltr'>divina</span> <span class='ocrx_word' id='word_1_337' title='bbox 3344 1789 3537 1858; x_wconf 90' lang='lat' dir='ltr'>gratia</span> 
     </span>
    </p>
   </div>
   <div class='ocr_carea' id='block_1_50' title="bbox 1874 1871 3538 1948">
    <p class='ocr_par' dir='ltr' id='par_1_50' title="bbox 1874 1871 3538 1948">
     <span class='ocr_line' id='line_1_50' title="bbox 1874 1871 3538 1948; baseline 0.004 -22"><span class='ocrx_word' id='word_1_338' title='bbox 1874 1871 1935 1926; x_wconf 91' lang='lat' dir='ltr'>in</span> <span class='ocrx_word' id='word_1_339' title='bbox 1964 1872 2188 1944; x_wconf 89' lang='lat' dir='ltr'>templo</span> <span class='ocrx_word' id='word_1_340' title='bbox 2210 1874 2625 1945; x_wconf 88' lang='lat' dir='ltr'>permanebat,</span> <span class='ocrx_word' id='word_1_341' title='bbox 2658 1891 2792 1948; x_wconf 83' lang='lat' dir='ltr'>quae</span> <span class='ocrx_word' id='word_1_342' title='bbox 2859 1891 2959 1932; x_wconf 90' lang='lat' dir='ltr'>ore</span> <span class='ocrx_word' id='word_1_343' title='bbox 2999 1875 3155 1931; x_wconf 89' lang='lat' dir='ltr'>illius</span> <span class='ocrx_word' id='word_1_344' title='bbox 3206 1883 3400 1946; x_wconf 90' lang='lat' dir='ltr'>utens,</span> <span class='ocrx_word' id='word_1_345' title='bbox 3433 1891 3538 1932; x_wconf 91' lang='lat' dir='ltr'>cor</span> 
     </span>
    </p>
   </div>
   <div class='ocr_carea' id='block_1_51' title="bbox 1873 1962 2237 2032">
    <p class='ocr_par' dir='ltr' id='par_1_51' title="bbox 1873 1962 2237 2032">
     <span class='ocr_line' id='line_1_51' title="bbox 1873 1962 2237 2032; baseline 0.003 -15"><span class='ocrx_word' id='word_1_346' title='bbox 1873 1976 1996 2017; x_wconf 89' lang='lat' dir='ltr'>non</span> <span class='ocrx_word' id='word_1_347' title='bbox 2029 1962 2237 2032; x_wconf 77' lang='lat' dir='ltr'>tetigit.</span> 
     </span>
    </p>
   </div>
   <div class='ocr_carea' id='block_1_52' title="bbox 1947 2051 3537 2125">
    <p class='ocr_par' dir='ltr' id='par_1_52' title="bbox 1947 2051 3537 2125">
     <span class='ocr_line' id='line_1_52' title="bbox 1947 2051 3537 2125; baseline 0.001 -19"><span class='ocrx_word' id='word_1_348' title='bbox 1947 2051 2322 2124; x_wconf 87' lang='lat' dir='ltr'>Prophetavit</span> <span class='ocrx_word' id='word_1_349' title='bbox 2351 2056 2552 2108; x_wconf 89' lang='lat' dir='ltr'>autem</span> <span class='ocrx_word' id='word_1_350' title='bbox 2578 2052 2744 2125; x_wconf 88' lang='lat' dir='ltr'>quod</span> <span class='ocrx_word' id='word_1_351' title='bbox 2772 2053 3037 2109; x_wconf 89' lang='lat' dir='ltr'>futurum</span> <span class='ocrx_word' id='word_1_352' title='bbox 3063 2057 3240 2118; x_wconf 86' lang='lat' dir='ltr'>esset,</span> <span class='ocrx_word' id='word_1_353' title='bbox 3271 2057 3335 2109; x_wconf 91' lang='lat' dir='ltr'>ut</span> <span class='ocrx_word' id='word_1_354' title='bbox 3363 2055 3537 2109; x_wconf 91' lang='lat' dir='ltr'>Jesus</span> 
     </span>
    </p>
   </div>
   <div class='ocr_carea' id='block_1_53' title="bbox 1877 2139 3537 2215">
    <p class='ocr_par' dir='ltr' id='par_1_53' title="bbox 1877 2139 3537 2215">
     <span class='ocr_line' id='line_1_53' title="bbox 1877 2139 3537 2215; baseline 0.002 -21"><span class='ocrx_word' id='word_1_355' title='bbox 1877 2147 2208 2195; x_wconf 89' lang='lat' dir='ltr'>moreretur</span> <span class='ocrx_word' id='word_1_356' title='bbox 2237 2157 2342 2213; x_wconf 82' lang='lat' dir='ltr'>pro</span> <span class='ocrx_word' id='word_1_357' title='bbox 2371 2142 2614 2196; x_wconf 87' lang='lat' dir='ltr'>natione</span> <span class='ocrx_word' id='word_1_358' title='bbox 2645 2139 3010 2196; x_wconf 67' lang='lat' dir='ltr'>Iudaeorum.</span> <span class='ocrx_word' id='word_1_359' title='bbox 3046 2141 3158 2198; x_wconf 88' lang='lat' dir='ltr'>Pro</span> <span class='ocrx_word' id='word_1_360' title='bbox 3199 2141 3343 2215; x_wconf 88' lang='lat' dir='ltr'>ipsis</span> <span class='ocrx_word' id='word_1_361' title='bbox 3371 2158 3537 2198; x_wconf 87' lang='lat' dir='ltr'>nam-</span> 
     </span>
    </p>
   </div>
   <div class='ocr_carea' id='block_1_54' title="bbox 1876 2229 3539 2301">
    <p class='ocr_par' dir='ltr' id='par_1_54' title="bbox 1876 2229 3539 2301">
     <span class='ocr_line' id='line_1_54' title="bbox 1876 2229 3539 2301; baseline 0.002 -18"><span class='ocrx_word' id='word_1_362' title='bbox 1876 2244 1993 2301; x_wconf 88' lang='lat' dir='ltr'>que</span> <span class='ocrx_word' id='word_1_363' title='bbox 2044 2234 2314 2284; x_wconf 88' lang='lat' dir='ltr'>mortuus</span> <span class='ocrx_word' id='word_1_364' title='bbox 2364 2234 2474 2296; x_wconf 90' lang='lat' dir='ltr'>est,</span> <span class='ocrx_word' id='word_1_365' title='bbox 2509 2234 2572 2285; x_wconf 89' lang='lat' dir='ltr'>ut</span> <span class='ocrx_word' id='word_1_366' title='bbox 2601 2245 2703 2285; x_wconf 90' lang='lat' dir='ltr'>eos</span> <span class='ocrx_word' id='word_1_367' title='bbox 2736 2229 2931 2284; x_wconf 86' lang='lat' dir='ltr'>salvos</span> <span class='ocrx_word' id='word_1_368' title='bbox 2981 2229 3195 2285; x_wconf 86' lang='lat' dir='ltr'>faceret</span> <span class='ocrx_word' id='word_1_369' title='bbox 3251 2246 3264 2296; x_wconf 91' lang='lat'><strong>;</strong></span> <span class='ocrx_word' id='word_1_370' title='bbox 3298 2229 3539 2287; x_wconf 88' lang='lat' dir='ltr'>dicebat</span> 
     </span>
    </p>
   </div>
   <div class='ocr_carea' id='block_1_55' title="bbox 1877 2317 3540 2388">
    <p class='ocr_par' dir='ltr' id='par_1_55' title="bbox 1877 2317 3540 2388">
     <span class='ocr_line' id='line_1_55' title="bbox 1877 2317 3540 2388; baseline 0.002 -16"><span class='ocrx_word' id='word_1_371' title='bbox 1877 2317 2035 2372; x_wconf 87' lang='lat' dir='ltr'>enim</span> <span class='ocrx_word' id='word_1_372' title='bbox 2071 2337 2082 2376; x_wconf 93' lang='lat'>:</span> <span class='ocrx_word' id='word_1_373' title='bbox 2108 2319 2245 2374; x_wconf 87' lang='lat' dir='ltr'>Non</span> <span class='ocrx_word' id='word_1_374' title='bbox 2268 2320 2641 2382; x_wconf 81' lang='lat' dir='ltr'>summissus,</span> <span class='ocrx_word' id='word_1_375' title='bbox 2671 2318 2786 2372; x_wconf 78' lang='lat' dir='ltr'>nisi</span> <span class='ocrx_word' id='word_1_376' title='bbox 2796 2319 2876 2374; x_wconf 85' lang='lat' dir='ltr'>ad</span> <span class='ocrx_word' id='word_1_377' title='bbox 2897 2334 3027 2375; x_wconf 90' lang='lat' dir='ltr'>oves</span> <span class='ocrx_word' id='word_1_378' title='bbox 3040 2319 3308 2388; x_wconf 77' lang='lat' dir='ltr'>perditas</span> <span class='ocrx_word' id='word_1_379' title='bbox 3329 2320 3540 2376; x_wconf 84' lang='lat' dir='ltr'>domus</span> 
     </span>
    </p>
   </div>
   <div class='ocr_carea' id='block_1_56' title="bbox 1879 2407 3538 2479">
    <p class='ocr_par' dir='ltr' id='par_1_56' title="bbox 1879 2407 3538 2479">
     <span class='ocr_line' id='line_1_56' title="bbox 1879 2407 3538 2479; baseline 0.002 -18"><span class='ocrx_word' id='word_1_380' title='bbox 1879 2407 2064 2463; x_wconf 80' lang='lat' dir='ltr'>Israel</span> <span class='ocrx_word' id='word_1_381' title='bbox 2093 2409 2161 2460; x_wconf 74' lang='grc'>³³.</span> <span class='ocrx_word' id='word_1_382' title='bbox 2198 2409 2263 2463; x_wconf 88' lang='lat' dir='ltr'>Et</span> <span class='ocrx_word' id='word_1_383' title='bbox 2293 2424 2537 2463; x_wconf 82' lang='lat' dir='ltr'>rursum</span> <span class='ocrx_word' id='word_1_384' title='bbox 2573 2424 2584 2461; x_wconf 90' lang='lat'>:</span> <span class='ocrx_word' id='word_1_385' title='bbox 2619 2408 2697 2463; x_wconf 85' lang='lat' dir='ltr'>Et</span> <span class='ocrx_word' id='word_1_386' title='bbox 2744 2407 2999 2464; x_wconf 85' lang='lat' dir='ltr'>animam</span> <span class='ocrx_word' id='word_1_387' title='bbox 3031 2423 3220 2466; x_wconf 85' lang='lat' dir='ltr'>meam</span> <span class='ocrx_word' id='word_1_388' title='bbox 3242 2423 3397 2479; x_wconf 84' lang='lat' dir='ltr'>pono</span> <span class='ocrx_word' id='word_1_389' title='bbox 3424 2423 3538 2478; x_wconf 81' lang='lat' dir='ltr'>pro</span> 
     </span>
    </p>
   </div>
   <div class='ocr_carea' id='block_1_57' title="bbox 1877 2496 3536 2570">
    <p class='ocr_par' dir='ltr' id='par_1_57' title="bbox 1877 2496 3536 2570">
     <span class='ocr_line' id='line_1_57' title="bbox 1877 2496 3536 2570; baseline 0.001 -18"><span class='ocrx_word' id='word_1_390' title='bbox 1877 2496 2072 2552; x_wconf 83' lang='lat' dir='ltr'>ovibus</span> <span class='ocrx_word' id='word_1_391' title='bbox 2096 2498 2166 2551; x_wconf 84' lang='grc' dir='ltr'>³ο.</span> <span class='ocrx_word' id='word_1_392' title='bbox 2196 2500 2274 2554; x_wconf 89' lang='lat' dir='ltr'>Ne</span> <span class='ocrx_word' id='word_1_393' title='bbox 2301 2503 2504 2554; x_wconf 88' lang='lat' dir='ltr'>autem</span> <span class='ocrx_word' id='word_1_394' title='bbox 2561 2512 2670 2570; x_wconf 90' lang='lat' dir='ltr'>pro</span> <span class='ocrx_word' id='word_1_395' title='bbox 2710 2496 2853 2570; x_wconf 88' lang='lat' dir='ltr'>ipsis</span> <span class='ocrx_word' id='word_1_396' title='bbox 2902 2497 3043 2554; x_wconf 88' lang='lat' dir='ltr'>solis</span> <span class='ocrx_word' id='word_1_397' title='bbox 3089 2497 3241 2555; x_wconf 90' lang='lat' dir='ltr'>mori</span> <span class='ocrx_word' id='word_1_398' title='bbox 3274 2503 3536 2570; x_wconf 89' lang='lat' dir='ltr'>putetur,</span> 
     </span>
    </p>
   </div>
   <div class='ocr_carea' id='block_1_58' title="bbox 1877 2585 2483 2658">
    <p class='ocr_par' dir='ltr' id='par_1_58' title="bbox 1877 2585 2483 2658">
     <span class='ocr_line' id='line_1_58' title="bbox 1877 2585 2483 2658; baseline 0.002 -17"><span class='ocrx_word' id='word_1_399' title='bbox 1877 2585 2044 2642; x_wconf 89' lang='lat' dir='ltr'>addit</span> <span class='ocrx_word' id='word_1_400' title='bbox 2071 2585 2444 2658; x_wconf 85' lang='lat' dir='ltr'>Evangelista</span> <span class='ocrx_word' id='word_1_401' title='bbox 2470 2604 2483 2642; x_wconf 90' lang='lat'>:</span> 
     </span>
    </p>
   </div>
   <div class='ocr_carea' id='block_1_59' title="bbox 1949 2761 3538 2835">
    <p class='ocr_par' dir='ltr' id='par_1_59' title="bbox 1949 2761 3538 2835">
     <span class='ocr_line' id='line_1_59' title="bbox 1949 2761 3538 2835; baseline 0.001 -18"><span class='ocrx_word' id='word_1_402' title='bbox 1949 2765 2107 2818; x_wconf 91' lang='lat' dir='ltr'>Vers.</span> <span class='ocrx_word' id='word_1_403' title='bbox 2138 2767 2222 2818; x_wconf 84' lang='lat'>52.</span> <span class='ocrx_word' id='word_1_404' title='bbox 2247 2764 2372 2820; x_wconf 87' lang='lat' dir='ltr'>Nec</span> <span class='ocrx_word' id='word_1_405' title='bbox 2401 2794 2468 2806; x_wconf 93' lang='lat'>—</span> <span class='ocrx_word' id='word_1_406' title='bbox 2495 2780 2696 2820; x_wconf 84' lang='lat' dir='ltr'>unum.</span> <span class='ocrx_word' id='word_1_407' title='bbox 2731 2761 2892 2821; x_wconf 87' lang='lat' dir='ltr'>Sicut</span> <span class='ocrx_word' id='word_1_408' title='bbox 2929 2763 3088 2820; x_wconf 91' lang='lat' dir='ltr'>enim</span> <span class='ocrx_word' id='word_1_409' title='bbox 3113 2780 3232 2820; x_wconf 92' lang='lat' dir='ltr'>non</span> <span class='ocrx_word' id='word_1_410' title='bbox 3253 2780 3362 2835; x_wconf 89' lang='lat' dir='ltr'>pro</span> <span class='ocrx_word' id='word_1_411' title='bbox 3395 2764 3538 2820; x_wconf 89' lang='lat' dir='ltr'>solis</span> 
     </span>
    </p>
   </div>
   <div class='ocr_carea' id='block_1_60' title="bbox 1877 2853 3534 2926">
    <p class='ocr_par' dir='ltr' id='par_1_60' title="bbox 1877 2853 3534 2926">
     <span class='ocr_line' id='line_1_60' title="bbox 1877 2853 3534 2926; baseline 0.003 -18"><span class='ocrx_word' id='word_1_412' title='bbox 1877 2853 2100 2908; x_wconf 71' lang='lat' dir='ltr'>Judmis</span> <span class='ocrx_word' id='word_1_413' title='bbox 2130 2855 2470 2909; x_wconf 88' lang='lat' dir='ltr'>incarnatus</span> <span class='ocrx_word' id='word_1_414' title='bbox 2500 2859 2604 2919; x_wconf 91' lang='lat' dir='ltr'>est,</span> <span class='ocrx_word' id='word_1_415' title='bbox 2671 2870 2877 2910; x_wconf 89' lang='lat' dir='ltr'>verum</span> <span class='ocrx_word' id='word_1_416' title='bbox 2903 2854 3083 2910; x_wconf 89' lang='lat' dir='ltr'>etiam</span> <span class='ocrx_word' id='word_1_417' title='bbox 3130 2870 3237 2926; x_wconf 89' lang='lat' dir='ltr'>pro</span> <span class='ocrx_word' id='word_1_418' title='bbox 3264 2855 3486 2910; x_wconf 56' lang='lat' dir='ltr'>creteris</span> <span class='ocrx_word' id='word_1_419' title='bbox 3519 2870 3534 2913; x_wconf 89' lang='lat'><strong>:</strong></span> 
     </span>
    </p>
   </div>
   <div class='ocr_carea' id='block_1_61' title="bbox 1877 2941 3541 3014">
    <p class='ocr_par' dir='ltr' id='par_1_61' title="bbox 1877 2941 3541 3014">
     <span class='ocr_line' id='line_1_61' title="bbox 1877 2941 3541 3014; baseline 0.001 -18"><span class='ocrx_word' id='word_1_420' title='bbox 1877 2941 1958 2998; x_wconf 90' lang='lat' dir='ltr'>ita</span> <span class='ocrx_word' id='word_1_421' title='bbox 1985 2957 2129 2998; x_wconf 87' lang='lat' dir='ltr'>sane</span> <span class='ocrx_word' id='word_1_422' title='bbox 2156 2947 2211 2998; x_wconf 89' lang='lat' dir='ltr'>et</span> <span class='ocrx_word' id='word_1_423' title='bbox 2244 2951 2514 2998; x_wconf 86' lang='lat' dir='ltr'>mortuus</span> <span class='ocrx_word' id='word_1_424' title='bbox 2545 2949 2782 2998; x_wconf 88' lang='lat' dir='ltr'>estnon</span> <span class='ocrx_word' id='word_1_425' title='bbox 2829 2957 2937 3014; x_wconf 93' lang='lat' dir='ltr'>pro</span> <span class='ocrx_word' id='word_1_426' title='bbox 2978 2943 3120 2998; x_wconf 90' lang='lat' dir='ltr'>solis</span> <span class='ocrx_word' id='word_1_427' title='bbox 3174 2943 3306 3006; x_wconf 87' lang='lat' dir='ltr'>illis,</span> <span class='ocrx_word' id='word_1_428' title='bbox 3340 2943 3445 2999; x_wconf 91' lang='lat' dir='ltr'>sed</span> <span class='ocrx_word' id='word_1_429' title='bbox 3484 2946 3541 2998; x_wconf 88' lang='lat' dir='ltr'>et</span> 
     </span>
    </p>
   </div>
   <div class='ocr_carea' id='block_1_62' title="bbox 153 3025 1769 3105">
    <p class='ocr_par' dir='ltr' id='par_1_62' title="bbox 153 3025 1769 3102">
     <span class='ocr_line' id='line_1_62' title="bbox 153 3025 1769 3102; baseline 0 -21"><span class='ocrx_word' id='word_1_430' title='bbox 153 3036 351 3102; x_wconf 73' lang='grc' dir='ltr'>μόνων,</span> <span class='ocrx_word' id='word_1_431' title='bbox 406 3027 534 3080; x_wconf 80' lang='grc' dir='ltr'>ἀλλά</span> <span class='ocrx_word' id='word_1_432' title='bbox 583 3034 669 3081; x_wconf 68' lang='grc' dir='ltr'>καὶ</span> <span class='ocrx_word' id='word_1_433' title='bbox 712 3030 838 3102; x_wconf 69' lang='grc' dir='ltr'>ὑπὲρ</span> <span class='ocrx_word' id='word_1_434' title='bbox 888 3029 1106 3086; x_wconf 85' lang='grc' dir='ltr'>τόύτων.</span> <span class='ocrx_word' id='word_1_435' title='bbox 1135 3028 1198 3081; x_wconf 79' lang='grc' dir='ltr'><strong>Ἀ</strong></span> <span class='ocrx_word' id='word_1_436' title='bbox 1229 3031 1329 3100; x_wconf 80' lang='grc' dir='ltr'>γὰρ</span> <span class='ocrx_word' id='word_1_437' title='bbox 1380 3025 1633 3081; x_wconf 81' lang='grc' dir='ltr'>ἐδίδασκε</span> <span class='ocrx_word' id='word_1_438' title='bbox 1680 3035 1769 3082; x_wconf 86' lang='grc' dir='ltr'>καὶ</span> 
     </span>
    </p>
   </div>
   <div class='ocr_carea' id='block_1_63' title="bbox 1894 3025 3538 3105">
    <p class='ocr_par' dir='ltr' id='par_1_63' title="bbox 1894 3031 3538 3105">
     <span class='ocr_line' id='line_1_63' title="bbox 1894 3031 3538 3105; baseline 0.001 -20"><span class='ocrx_word' id='word_1_439' title='bbox 1894 3047 1990 3103; x_wconf 76' lang='lat' dir='ltr'>pro</span> <span class='ocrx_word' id='word_1_440' title='bbox 2023 3032 2131 3087; x_wconf 90' lang='lat' dir='ltr'>his.</span> <span class='ocrx_word' id='word_1_441' title='bbox 2167 3035 2335 3097; x_wconf 88' lang='lat' dir='ltr'>Nam,</span> <span class='ocrx_word' id='word_1_442' title='bbox 2368 3048 2504 3104; x_wconf 66' lang='lat' dir='ltr'>quas</span> <span class='ocrx_word' id='word_1_443' title='bbox 2535 3031 2788 3088; x_wconf 89' lang='lat' dir='ltr'>docebat</span> <span class='ocrx_word' id='word_1_444' title='bbox 2817 3037 2874 3087; x_wconf 90' lang='lat' dir='ltr'>et</span> <span class='ocrx_word' id='word_1_445' title='bbox 2911 3031 3186 3097; x_wconf 84' lang='lat' dir='ltr'>faciebat,</span> <span class='ocrx_word' id='word_1_446' title='bbox 3219 3033 3396 3089; x_wconf 89' lang='lat' dir='ltr'>etiam</span> <span class='ocrx_word' id='word_1_447' title='bbox 3427 3047 3538 3105; x_wconf 91' lang='lat' dir='ltr'>pro</span> 
     </span>
    </p>
   </div>
   <div class='ocr_carea' id='block_1_64' title="bbox 155 3114 1770 3192">
    <p class='ocr_par' dir='ltr' id='par_1_64' title="bbox 155 3114 1770 3192">
     <span class='ocr_line' id='line_1_64' title="bbox 155 3114 1770 3192; baseline -0.002 -21"><span class='ocrx_word' id='word_1_448' title='bbox 155 3117 346 3184; x_wconf 73' lang='grc' dir='ltr'>ἐποίει,</span> <span class='ocrx_word' id='word_1_449' title='bbox 401 3122 492 3170; x_wconf 84' lang='grc' dir='ltr'>καὶ</span> <span class='ocrx_word' id='word_1_450' title='bbox 545 3118 672 3192; x_wconf 74' lang='grc' dir='ltr'>ὑπὲρ</span> <span class='ocrx_word' id='word_1_451' title='bbox 729 3121 920 3170; x_wconf 76' lang='grc' dir='ltr'>τούτων</span> <span class='ocrx_word' id='word_1_452' title='bbox 987 3114 1142 3183; x_wconf 75' lang='grc' dir='ltr'>ἦσαν,</span> <span class='ocrx_word' id='word_1_453' title='bbox 1219 3119 1300 3168; x_wconf 85' lang='grc' dir='ltr'>ἱνα</span> <span class='ocrx_word' id='word_1_454' title='bbox 1369 3122 1770 3190; x_wconf 72' lang='grc' dir='ltr'>προηγουμένως</span> 
     </span>
    </p>
   </div>
   <div class='ocr_carea' id='block_1_65' title="bbox 154 3205 1769 3280">
    <p class='ocr_par' dir='ltr' id='par_1_65' title="bbox 154 3205 1769 3280">
     <span class='ocr_line' id='line_1_65' title="bbox 154 3205 1769 3280; baseline -0.001 -21"><span class='ocrx_word' id='word_1_455' title='bbox 154 3205 348 3260; x_wconf 75' lang='grc' dir='ltr'>ἐκεῖνοι</span> <span class='ocrx_word' id='word_1_456' title='bbox 403 3207 653 3279; x_wconf 82' lang='grc' dir='ltr'>μαθόντες</span> <span class='ocrx_word' id='word_1_457' title='bbox 709 3209 777 3266; x_wconf 83' lang='grc' dir='ltr'>ὡς</span> <span class='ocrx_word' id='word_1_458' title='bbox 824 3210 912 3258; x_wconf 87' lang='grc' dir='ltr'>καὶ</span> <span class='ocrx_word' id='word_1_459' title='bbox 981 3214 1179 3280; x_wconf 83' lang='grc' dir='ltr'>πρῶτοι</span> <span class='ocrx_word' id='word_1_460' title='bbox 1243 3207 1404 3258; x_wconf 76' lang='grc' dir='ltr'>πάλαι</span> <span class='ocrx_word' id='word_1_461' title='bbox 1483 3211 1568 3258; x_wconf 84' lang='grc' dir='ltr'>τόν</span> <span class='ocrx_word' id='word_1_462' title='bbox 1641 3211 1769 3259; x_wconf 84' lang='grc' dir='ltr'>Θεὸν</span> 
     </span>
    </p>
   </div>
   <div class='ocr_carea' id='block_1_66' title="bbox 153 3291 1770 3368">
    <p class='ocr_par' dir='ltr' id='par_1_66' title="bbox 153 3291 1770 3368">
     <span class='ocr_line' id='line_1_66' title="bbox 153 3291 1770 3368; baseline -0.001 -20"><span class='ocrx_word' id='word_1_463' title='bbox 153 3300 472 3367; x_wconf 76' lang='grc' dir='ltr'>ἐπιγνόντες,</span> <span class='ocrx_word' id='word_1_464' title='bbox 517 3297 693 3347; x_wconf 83' lang='grc' dir='ltr'>ἔπειτα</span> <span class='ocrx_word' id='word_1_465' title='bbox 740 3300 827 3348; x_wconf 86' lang='grc' dir='ltr'>καὶ</span> <span class='ocrx_word' id='word_1_466' title='bbox 884 3297 1097 3354; x_wconf 79' lang='grc' dir='ltr'>τούτους</span> <span class='ocrx_word' id='word_1_467' title='bbox 1150 3291 1434 3357; x_wconf 81' lang='grc' dir='ltr'>διδάξωσι.</span> <span class='ocrx_word' id='word_1_468' title='bbox 1475 3301 1639 3348; x_wconf 76' lang='grc' dir='ltr'>Τέκνα</span> <span class='ocrx_word' id='word_1_469' title='bbox 1682 3299 1770 3368; x_wconf 76' lang='grc' dir='ltr'>μεν</span> 
     </span>
    </p>
   </div>
   <div class='ocr_carea' id='block_1_67' title="bbox 154 3382 1775 3457">
    <p class='ocr_par' dir='ltr' id='par_1_67' title="bbox 154 3382 1775 3457">
     <span class='ocr_line' id='line_1_67' title="bbox 154 3382 1775 3457; baseline -0.001 -19"><span class='ocrx_word' id='word_1_470' title='bbox 154 3382 252 3438; x_wconf 71' lang='grc' dir='ltr'>οὖν</span> <span class='ocrx_word' id='word_1_471' title='bbox 328 3392 422 3437; x_wconf 82' lang='grc' dir='ltr'>τοῦ</span> <span class='ocrx_word' id='word_1_472' title='bbox 487 3391 621 3438; x_wconf 72' lang='grc' dir='ltr'>Θεοῦ</span> <span class='ocrx_word' id='word_1_473' title='bbox 693 3387 758 3436; x_wconf 84' lang='grc' dir='ltr'>τά</span> <span class='ocrx_word' id='word_1_474' title='bbox 831 3385 946 3441; x_wconf 82' lang='grc' dir='ltr'>ἔθνη</span> <span class='ocrx_word' id='word_1_475' title='bbox 1025 3384 1307 3456; x_wconf 76' lang='grc' dir='ltr'>ὠνόμασεν,</span> <span class='ocrx_word' id='word_1_476' title='bbox 1386 3386 1454 3444; x_wconf 83' lang='grc' dir='ltr'>ὡς</span> <span class='ocrx_word' id='word_1_477' title='bbox 1527 3385 1775 3457; x_wconf 73' lang='grc' dir='ltr'>μέλλοντα</span> 
     </span>
    </p>
   </div>
   <div class='ocr_carea' id='block_1_68' title="bbox 153 3475 427 3546">
    <p class='ocr_par' dir='ltr' id='par_1_68' title="bbox 153 3475 427 3546">
     <span class='ocr_line' id='line_1_68' title="bbox 153 3475 427 3546; baseline -0.004 -19"><span class='ocrx_word' id='word_1_478' title='bbox 153 3475 427 3546; x_wconf 79' lang='grc' dir='ltr'>γενέσθαι.</span> 
     </span>
    </p>
   </div>
   <div class='ocr_carea' id='block_1_69' title="bbox 239 3561 1775 3637">
    <p class='ocr_par' dir='ltr' id='par_1_69' title="bbox 239 3561 1775 3637">
     <span class='ocr_line' id='line_1_69' title="bbox 239 3561 1775 3637; baseline 0 -21"><span class='ocrx_word' id='word_1_479' title='bbox 239 3568 344 3616; x_wconf 77' lang='grc' dir='ltr'>Καὶ</span> <span class='ocrx_word' id='word_1_480' title='bbox 373 3565 473 3636; x_wconf 79' lang='grc' dir='ltr'>γὰρ</span> <span class='ocrx_word' id='word_1_481' title='bbox 502 3566 592 3614; x_wconf 83' lang='grc' dir='ltr'>καὶ</span> <span class='ocrx_word' id='word_1_482' title='bbox 619 3564 644 3614; x_wconf 89' lang='lat'>6</span> <span class='ocrx_word' id='word_1_483' title='bbox 675 3565 905 3637; x_wconf 83' lang='grc' dir='ltr'>Χριστός</span> <span class='ocrx_word' id='word_1_484' title='bbox 943 3561 1181 3637; x_wconf 78' lang='grc' dir='ltr'>πρόϐατα</span> <span class='ocrx_word' id='word_1_485' title='bbox 1218 3562 1378 3615; x_wconf 73' lang='grc' dir='ltr'>αὐτοῦ</span> <span class='ocrx_word' id='word_1_486' title='bbox 1410 3571 1574 3616; x_wconf 79' lang='grc' dir='ltr'>ταῦτα</span> <span class='ocrx_word' id='word_1_487' title='bbox 1612 3583 1775 3636; x_wconf 80' lang='grc' dir='ltr'>προσ-</span> 
     </span>
    </p>
   </div>
   <div class='ocr_carea' id='block_1_70' title="bbox 155 3649 1774 3727">
    <p class='ocr_par' dir='ltr' id='par_1_70' title="bbox 155 3649 1774 3727">
     <span class='ocr_line' id='line_1_70' title="bbox 155 3649 1774 3727; baseline 0.001 -22"><span class='ocrx_word' id='word_1_488' title='bbox 155 3656 452 3727; x_wconf 79' lang='grc' dir='ltr'>ηγόρευσεν</span> <span class='ocrx_word' id='word_1_489' title='bbox 518 3649 618 3704; x_wconf 86' lang='grc' dir='ltr'>ἀπὸ</span> <span class='ocrx_word' id='word_1_490' title='bbox 693 3658 785 3703; x_wconf 82' lang='grc' dir='ltr'>τοῦ</span> <span class='ocrx_word' id='word_1_491' title='bbox 849 3650 1132 3724; x_wconf 83' lang='grc' dir='ltr'>μέλλοντος.</span> <span class='ocrx_word' id='word_1_492' title='bbox 1194 3657 1641 3727; x_wconf 79' lang='grc' dir='ltr'>Διεσκορπισμένα</span> <span class='ocrx_word' id='word_1_493' title='bbox 1716 3650 1774 3706; x_wconf 74' lang='grc' dir='ltr'>δὲ</span> 
     </span>
    </p>
   </div>
   <div class='ocr_carea' id='block_1_71' title="bbox 153 3738 1770 3815">
    <p class='ocr_par' dir='ltr' id='par_1_71' title="bbox 153 3738 1770 3815">
     <span class='ocr_line' id='line_1_71' title="bbox 153 3738 1770 3815; baseline -0.001 -19"><span class='ocrx_word' id='word_1_494' title='bbox 153 3750 274 3804; x_wconf 83' lang='grc' dir='ltr'>τοῖς</span> <span class='ocrx_word' id='word_1_495' title='bbox 351 3739 625 3814; x_wconf 76' lang='grc' dir='ltr'>διαφόροις</span> <span class='ocrx_word' id='word_1_496' title='bbox 690 3747 808 3814; x_wconf 86' lang='grc' dir='ltr'>περὶ</span> <span class='ocrx_word' id='word_1_497' title='bbox 859 3749 992 3795; x_wconf 76' lang='grc' dir='ltr'>Θεοῦ</span> <span class='ocrx_word' id='word_1_498' title='bbox 1043 3738 1296 3815; x_wconf 75' lang='grc' dir='ltr'>δόγμασι,</span> <span class='ocrx_word' id='word_1_499' title='bbox 1356 3745 1502 3815; x_wconf 85' lang='grc' dir='ltr'>παρά</span> <span class='ocrx_word' id='word_1_500' title='bbox 1578 3747 1636 3795; x_wconf 86' lang='grc' dir='ltr'>τό</span> <span class='ocrx_word' id='word_1_501' title='bbox 1698 3746 1770 3815; x_wconf 81' lang='grc' dir='ltr'>μὴ</span> 
     </span>
    </p>
   </div>
   <div class='ocr_carea' id='block_1_72' title="bbox 153 3827 1772 3904">
    <p class='ocr_par' dir='ltr' id='par_1_72' title="bbox 153 3827 1772 3904">
     <span class='ocr_line' id='line_1_72' title="bbox 153 3827 1772 3904; baseline -0.002 -20"><span class='ocrx_word' id='word_1_502' title='bbox 153 3835 308 3904; x_wconf 77' lang='grc' dir='ltr'>ἔχειν</span> <span class='ocrx_word' id='word_1_503' title='bbox 339 3834 560 3901; x_wconf 81' lang='grc' dir='ltr'>ποιμένα</span> <span class='ocrx_word' id='word_1_504' title='bbox 614 3829 766 3882; x_wconf 79' lang='grc' dir='ltr'>καλὸν</span> <span class='ocrx_word' id='word_1_505' title='bbox 801 3847 814 3859; x_wconf 81' lang='lat'><strong><em>°</em></strong></span> <span class='ocrx_word' id='word_1_506' title='bbox 875 3831 1141 3903; x_wconf 68' lang='grc' dir='ltr'>συναγάγῃ</span> <span class='ocrx_word' id='word_1_507' title='bbox 1192 3827 1250 3882; x_wconf 75' lang='grc' dir='ltr'>δὲ</span> <span class='ocrx_word' id='word_1_508' title='bbox 1294 3830 1364 3890; x_wconf 81' lang='grc' dir='ltr'>εἰς</span> <span class='ocrx_word' id='word_1_509' title='bbox 1410 3830 1458 3882; x_wconf 84' lang='grc' dir='ltr'>ἓν</span> <span class='ocrx_word' id='word_1_510' title='bbox 1516 3835 1772 3902; x_wconf 87' lang='grc' dir='ltr'>ποίμνιον,</span> 
     </span>
    </p>
   </div>
   <div class='ocr_carea' id='block_1_73' title="bbox 154 3915 1775 3992">
    <p class='ocr_par' dir='ltr' id='par_1_73' title="bbox 154 3915 1775 3992">
     <span class='ocr_line' id='line_1_73' title="bbox 154 3915 1775 3992; baseline -0.001 -20"><span class='ocrx_word' id='word_1_511' title='bbox 154 3921 238 3983; x_wconf 85' lang='grc' dir='ltr'>εἰς</span> <span class='ocrx_word' id='word_1_512' title='bbox 297 3923 424 3991; x_wconf 86' lang='grc' dir='ltr'>μίαν</span> <span class='ocrx_word' id='word_1_513' title='bbox 474 3924 677 3973; x_wconf 89' lang='grc' dir='ltr'>πίστιν.</span> <span class='ocrx_word' id='word_1_514' title='bbox 713 3920 778 3971; x_wconf 83' lang='grc' dir='ltr'>Οἱ</span> <span class='ocrx_word' id='word_1_515' title='bbox 832 3915 892 3971; x_wconf 77' lang='grc' dir='ltr'>δε</span> <span class='ocrx_word' id='word_1_516' title='bbox 944 3918 1118 3972; x_wconf 78' lang='grc' dir='ltr'>λοιποὶ</span> <span class='ocrx_word' id='word_1_517' title='bbox 1178 3921 1283 3990; x_wconf 81' lang='grc' dir='ltr'>ούχ</span> <span class='ocrx_word' id='word_1_518' title='bbox 1341 3921 1404 3978; x_wconf 88' lang='grc' dir='ltr'>ὡς</span> <span class='ocrx_word' id='word_1_519' title='bbox 1459 3924 1775 3992; x_wconf 72' lang='grc' dir='ltr'>προφητείαν</span> 
     </span>
    </p>
   </div>
   <div class='ocr_carea' id='block_1_74' title="bbox 155 4005 1776 4082">
    <p class='ocr_par' dir='ltr' id='par_1_74' title="bbox 155 4005 1776 4082">
     <span class='ocr_line' id='line_1_74' title="bbox 155 4005 1776 4082; baseline -0.001 -22"><span class='ocrx_word' id='word_1_520' title='bbox 155 4009 276 4061; x_wconf 77' lang='grc' dir='ltr'>ἀλλ’</span> <span class='ocrx_word' id='word_1_521' title='bbox 334 4011 400 4068; x_wconf 82' lang='grc' dir='ltr'>ὡς</span> <span class='ocrx_word' id='word_1_522' title='bbox 457 4006 754 4081; x_wconf 72' lang='grc' dir='ltr'>συμϐουλὴν</span> <span class='ocrx_word' id='word_1_523' title='bbox 817 4010 904 4060; x_wconf 86' lang='grc' dir='ltr'>τὸν</span> <span class='ocrx_word' id='word_1_524' title='bbox 971 4007 1122 4080; x_wconf 80' lang='grc' dir='ltr'>λόγον</span> <span class='ocrx_word' id='word_1_525' title='bbox 1200 4005 1470 4080; x_wconf 74' lang='grc' dir='ltr'>δεξάμενοι</span> <span class='ocrx_word' id='word_1_526' title='bbox 1529 4013 1776 4082; x_wconf 77' lang='grc' dir='ltr'>κυροῦσιν</span> 
     </span>
    </p>
   </div>
   <div class='ocr_carea' id='block_1_75' title="bbox 155 4097 350 4150">
    <p class='ocr_par' dir='ltr' id='par_1_75' title="bbox 155 4097 350 4150">
     <span class='ocr_line' id='line_1_75' title="bbox 155 4097 350 4150; baseline 0 0"><span class='ocrx_word' id='word_1_527' title='bbox 155 4097 328 4150; x_wconf 70' lang='grc' dir='ltr'>αὐτόν</span> <span class='ocrx_word' id='word_1_528' title='bbox 337 4138 350 4150; x_wconf 93' lang='grc'><strong>.</strong></span> 
     </span>
    </p>
   </div>
   <div class='ocr_carea' id='block_1_76' title="bbox 245 4184 1776 4261">
    <p class='ocr_par' dir='ltr' id='par_1_76' title="bbox 245 4184 1776 4261">
     <span class='ocr_line' id='line_1_76' title="bbox 245 4184 1776 4261; baseline -0.001 -23"><span class='ocrx_word' id='word_1_529' title='bbox 245 4185 365 4238; x_wconf 80' lang='grc' dir='ltr'>Ἀπ’</span> <span class='ocrx_word' id='word_1_530' title='bbox 398 4217 464 4226; x_wconf 91' lang='grc'><strong>-</strong></span> <span class='ocrx_word' id='word_1_531' title='bbox 496 4186 671 4240; x_wconf 68' lang='grc' dir='ltr'>αὐτόν.</span> <span class='ocrx_word' id='word_1_532' title='bbox 708 4190 808 4240; x_wconf 81' lang='grc' dir='ltr'>Καὶ</span> <span class='ocrx_word' id='word_1_533' title='bbox 838 4190 940 4258; x_wconf 83' lang='grc' dir='ltr'>μὴν</span> <span class='ocrx_word' id='word_1_534' title='bbox 984 4191 1074 4238; x_wconf 81' lang='grc' dir='ltr'>καὶ</span> <span class='ocrx_word' id='word_1_535' title='bbox 1103 4189 1344 4261; x_wconf 86' lang='grc' dir='ltr'>πρότερον</span> <span class='ocrx_word' id='word_1_536' title='bbox 1376 4184 1591 4247; x_wconf 77' lang='grc' dir='ltr'>ἐζήτουν</span> <span class='ocrx_word' id='word_1_537' title='bbox 1623 4185 1776 4238; x_wconf 65' lang='grc' dir='ltr'>αὑτὸν</span> 
     </span>
    </p>
   </div>
   <div class='ocr_carea' id='block_1_77' title="bbox 155 4274 1778 4351">
    <p class='ocr_par' dir='ltr' id='par_1_77' title="bbox 155 4274 1778 4351">
     <span class='ocr_line' id='line_1_77' title="bbox 155 4274 1778 4351; baseline -0.002 -21"><span class='ocrx_word' id='word_1_538' title='bbox 155 4276 499 4344; x_wconf 78' lang='grc' dir='ltr'>ἀποκτεῖναι,</span> <span class='ocrx_word' id='word_1_539' title='bbox 537 4278 607 4338; x_wconf 81' lang='grc' dir='ltr'>ὡς</span> <span class='ocrx_word' id='word_1_540' title='bbox 658 4279 985 4351; x_wconf 79' lang='grc' dir='ltr'>προείρηται·</span> <span class='ocrx_word' id='word_1_541' title='bbox 1030 4275 1158 4328; x_wconf 82' lang='grc' dir='ltr'>ἀλλὰ</span> <span class='ocrx_word' id='word_1_542' title='bbox 1186 4283 1273 4328; x_wconf 82' lang='grc' dir='ltr'>νῦν</span> <span class='ocrx_word' id='word_1_543' title='bbox 1325 4279 1454 4348; x_wconf 82' lang='grc' dir='ltr'>μετά</span> <span class='ocrx_word' id='word_1_544' title='bbox 1485 4274 1778 4348; x_wconf 79' lang='grc' dir='ltr'>συμϐουλῆς</span> 
     </span>
    </p>
   </div>
   <div class='ocr_carea' id='block_1_78' title="bbox 1881 3120 3539 3192">
    <p class='ocr_par' dir='ltr' id='par_1_78' title="bbox 1881 3120 3539 3192">
     <span class='ocr_line' id='line_1_78' title="bbox 1881 3120 3539 3192; baseline -0.001 -16"><span class='ocrx_word' id='word_1_545' title='bbox 1881 3121 1974 3176; x_wconf 88' lang='lat' dir='ltr'>his</span> <span class='ocrx_word' id='word_1_546' title='bbox 2002 3126 2189 3184; x_wconf 89' lang='lat' dir='ltr'>erant,</span> <span class='ocrx_word' id='word_1_547' title='bbox 2225 3127 2284 3176; x_wconf 92' lang='lat' dir='ltr'>ut</span> <span class='ocrx_word' id='word_1_548' title='bbox 2315 3137 2453 3176; x_wconf 89' lang='lat' dir='ltr'>cum</span> <span class='ocrx_word' id='word_1_549' title='bbox 2481 3120 2561 3176; x_wconf 90' lang='lat' dir='ltr'>illi</span> <span class='ocrx_word' id='word_1_550' title='bbox 2592 3122 2651 3176; x_wconf 91' lang='lat' dir='ltr'>in</span> <span class='ocrx_word' id='word_1_551' title='bbox 2701 3121 2904 3192; x_wconf 90' lang='lat' dir='ltr'>primis</span> <span class='ocrx_word' id='word_1_552' title='bbox 2963 3121 3332 3189; x_wconf 87' lang='lat' dir='ltr'>didicissent,</span> <span class='ocrx_word' id='word_1_553' title='bbox 3365 3121 3539 3177; x_wconf 88' lang='lat' dir='ltr'>veluti</span> 
     </span>
    </p>
   </div>
   <div class='ocr_carea' id='block_1_79' title="bbox 1883 3209 3543 3282">
    <p class='ocr_par' dir='ltr' id='par_1_79' title="bbox 1883 3209 3543 3282">
     <span class='ocr_line' id='line_1_79' title="bbox 1883 3209 3543 3282; baseline 0.002 -20"><span class='ocrx_word' id='word_1_554' title='bbox 1883 3210 1985 3282; x_wconf 87' lang='lat' dir='ltr'>qui</span> <span class='ocrx_word' id='word_1_555' title='bbox 2012 3211 2190 3265; x_wconf 89' lang='lat' dir='ltr'>etiam</span> <span class='ocrx_word' id='word_1_556' title='bbox 2216 3209 2391 3281; x_wconf 91' lang='lat' dir='ltr'>primi</span> <span class='ocrx_word' id='word_1_557' title='bbox 2417 3211 2598 3264; x_wconf 90' lang='lat' dir='ltr'>Deum</span> <span class='ocrx_word' id='word_1_558' title='bbox 2627 3215 3047 3280; x_wconf 83' lang='lat' dir='ltr'>cognoverant,</span> <span class='ocrx_word' id='word_1_559' title='bbox 3072 3211 3459 3282; x_wconf 86' lang='lat' dir='ltr'>postmodum</span> <span class='ocrx_word' id='word_1_560' title='bbox 3486 3213 3543 3266; x_wconf 87' lang='lat' dir='ltr'>et</span> 
     </span>
    </p>
   </div>
   <div class='ocr_carea' id='block_1_80' title="bbox 1883 3298 3542 3371">
    <p class='ocr_par' dir='ltr' id='par_1_80' title="bbox 1883 3298 3542 3371">
     <span class='ocr_line' id='line_1_80' title="bbox 1883 3298 3542 3371; baseline 0.001 -17"><span class='ocrx_word' id='word_1_561' title='bbox 1883 3299 2030 3354; x_wconf 90' lang='lat' dir='ltr'>alios</span> <span class='ocrx_word' id='word_1_562' title='bbox 2059 3299 2362 3354; x_wconf 89' lang='lat' dir='ltr'>docerent.</span> <span class='ocrx_word' id='word_1_563' title='bbox 2393 3298 2562 3354; x_wconf 85' lang='lat' dir='ltr'>Filios</span> <span class='ocrx_word' id='word_1_564' title='bbox 2602 3299 2803 3371; x_wconf 88' lang='lat' dir='ltr'>itaque</span> <span class='ocrx_word' id='word_1_565' title='bbox 2849 3299 2972 3366; x_wconf 92' lang='lat' dir='ltr'>Dei,</span> <span class='ocrx_word' id='word_1_566' title='bbox 3033 3304 3238 3371; x_wconf 87' lang='lat' dir='ltr'>gentes</span> <span class='ocrx_word' id='word_1_567' title='bbox 3277 3298 3542 3355; x_wconf 86' lang='lat' dir='ltr'>nomina-</span> 
     </span>
    </p>
   </div>
   <div class='ocr_carea' id='block_1_81' title="bbox 1883 3386 2764 3460">
    <p class='ocr_par' dir='ltr' id='par_1_81' title="bbox 1883 3386 2764 3460">
     <span class='ocr_line' id='line_1_81' title="bbox 1883 3386 2764 3460; baseline 0 -18"><span class='ocrx_word' id='word_1_568' title='bbox 1883 3387 1991 3452; x_wconf 82' lang='lat' dir='ltr'>vit,</span> <span class='ocrx_word' id='word_1_569' title='bbox 2012 3392 2073 3442; x_wconf 91' lang='lat' dir='ltr'>ut</span> <span class='ocrx_word' id='word_1_570' title='bbox 2101 3387 2204 3460; x_wconf 92' lang='lat' dir='ltr'>qui</span> <span class='ocrx_word' id='word_1_571' title='bbox 2241 3386 2344 3442; x_wconf 86' lang='lat' dir='ltr'>tilii</span> <span class='ocrx_word' id='word_1_572' title='bbox 2371 3392 2537 3442; x_wconf 88' lang='lat' dir='ltr'>erant</span> <span class='ocrx_word' id='word_1_573' title='bbox 2566 3387 2764 3443; x_wconf 88' lang='lat' dir='ltr'>futuri.</span> 
     </span>
    </p>
   </div>
   <div class='ocr_carea' id='block_1_82' title="bbox 1956 3562 3543 3637">
    <p class='ocr_par' dir='ltr' id='par_1_82' title="bbox 1956 3562 3543 3637">
     <span class='ocr_line' id='line_1_82' title="bbox 1956 3562 3543 3637; baseline 0.002 -20"><span class='ocrx_word' id='word_1_574' title='bbox 1956 3565 2022 3618; x_wconf 89' lang='lat' dir='ltr'>Et</span> <span class='ocrx_word' id='word_1_575' title='bbox 2046 3563 2154 3618; x_wconf 90' lang='lat' dir='ltr'>has</span> <span class='ocrx_word' id='word_1_576' title='bbox 2175 3562 2472 3636; x_wconf 90' lang='lat' dir='ltr'>siquidem</span> <span class='ocrx_word' id='word_1_577' title='bbox 2521 3563 2779 3619; x_wconf 85' lang='lat' dir='ltr'>Christus</span> <span class='ocrx_word' id='word_1_578' title='bbox 2818 3579 2960 3620; x_wconf 87' lang='lat' dir='ltr'>oves</span> <span class='ocrx_word' id='word_1_579' title='bbox 2989 3580 3148 3628; x_wconf 88' lang='lat' dir='ltr'>suas,</span> <span class='ocrx_word' id='word_1_580' title='bbox 3177 3563 3256 3620; x_wconf 89' lang='lat' dir='ltr'>ab</span> <span class='ocrx_word' id='word_1_581' title='bbox 3287 3579 3356 3620; x_wconf 92' lang='lat' dir='ltr'>eo</span> <span class='ocrx_word' id='word_1_582' title='bbox 3385 3563 3543 3637; x_wconf 90' lang='lat' dir='ltr'>quod</span> 
     </span>
    </p>
   </div>
   <div class='ocr_carea' id='block_1_83' title="bbox 1883 3652 3544 3725">
    <p class='ocr_par' dir='ltr' id='par_1_83' title="bbox 1883 3652 3544 3725">
     <span class='ocr_line' id='line_1_83' title="bbox 1883 3652 3544 3725; baseline 0.002 -17"><span class='ocrx_word' id='word_1_583' title='bbox 1883 3652 2149 3709; x_wconf 84' lang='lat' dir='ltr'>futurum</span> <span class='ocrx_word' id='word_1_584' title='bbox 2174 3659 2317 3721; x_wconf 88' lang='lat' dir='ltr'>erat,</span> <span class='ocrx_word' id='word_1_585' title='bbox 2341 3652 2680 3724; x_wconf 90' lang='lat' dir='ltr'>appellavit.</span> <span class='ocrx_word' id='word_1_586' title='bbox 2721 3654 3030 3725; x_wconf 90' lang='lat' dir='ltr'>Dispersas</span> <span class='ocrx_word' id='word_1_587' title='bbox 3051 3659 3250 3709; x_wconf 84' lang='lat' dir='ltr'>autem</span> <span class='ocrx_word' id='word_1_588' title='bbox 3284 3653 3363 3710; x_wconf 93' lang='lat' dir='ltr'>ob</span> <span class='ocrx_word' id='word_1_589' title='bbox 3377 3655 3544 3712; x_wconf 86' lang='lat' dir='ltr'>varia</span> 
     </span>
    </p>
   </div>
   <div class='ocr_carea' id='block_1_84' title="bbox 1885 3741 3545 3816">
    <p class='ocr_par' dir='ltr' id='par_1_84' title="bbox 1885 3741 3545 3816">
     <span class='ocr_line' id='line_1_84' title="bbox 1885 3741 3545 3816; baseline 0 -18"><span class='ocrx_word' id='word_1_590' title='bbox 1885 3742 1959 3798; x_wconf 92' lang='lat' dir='ltr'>de</span> <span class='ocrx_word' id='word_1_591' title='bbox 1985 3745 2100 3798; x_wconf 91' lang='lat' dir='ltr'>Deo</span> <span class='ocrx_word' id='word_1_592' title='bbox 2125 3742 2429 3812; x_wconf 83' lang='lat' dir='ltr'>dogmata,</span> <span class='ocrx_word' id='word_1_593' title='bbox 2449 3758 2518 3798; x_wconf 88' lang='lat' dir='ltr'>eo</span> <span class='ocrx_word' id='word_1_594' title='bbox 2537 3741 2700 3814; x_wconf 90' lang='lat' dir='ltr'>quod</span> <span class='ocrx_word' id='word_1_595' title='bbox 2718 3741 2945 3798; x_wconf 90' lang='lat' dir='ltr'>bonum</span> <span class='ocrx_word' id='word_1_596' title='bbox 2976 3759 3096 3798; x_wconf 89' lang='lat' dir='ltr'>non</span> <span class='ocrx_word' id='word_1_597' title='bbox 3110 3741 3400 3798; x_wconf 88' lang='lat' dir='ltr'>haberent</span> <span class='ocrx_word' id='word_1_598' title='bbox 3420 3758 3545 3816; x_wconf 85' lang='lat' dir='ltr'>pas-</span> 
     </span>
    </p>
   </div>
   <div class='ocr_carea' id='block_1_85' title="bbox 1884 3831 3544 3902">
    <p class='ocr_par' dir='ltr' id='par_1_85' title="bbox 1884 3831 3544 3902">
     <span class='ocr_line' id='line_1_85' title="bbox 1884 3831 3544 3902; baseline 0.001 -18"><span class='ocrx_word' id='word_1_599' title='bbox 1884 3834 2095 3886; x_wconf 87' lang='lat' dir='ltr'>torem.</span> <span class='ocrx_word' id='word_1_600' title='bbox 2145 3831 2544 3901; x_wconf 85' lang='lat' dir='ltr'>Congregaret</span> <span class='ocrx_word' id='word_1_601' title='bbox 2573 3832 2632 3886; x_wconf 92' lang='lat' dir='ltr'>in</span> <span class='ocrx_word' id='word_1_602' title='bbox 2665 3846 2854 3886; x_wconf 91' lang='lat' dir='ltr'>unum</span> <span class='ocrx_word' id='word_1_603' title='bbox 2885 3847 3146 3902; x_wconf 88' lang='lat' dir='ltr'>gregem,</span> <span class='ocrx_word' id='word_1_604' title='bbox 3177 3831 3236 3886; x_wconf 89' lang='lat' dir='ltr'>in</span> <span class='ocrx_word' id='word_1_605' title='bbox 3264 3847 3446 3886; x_wconf 85' lang='lat' dir='ltr'>unam</span> <span class='ocrx_word' id='word_1_606' title='bbox 3479 3833 3544 3887; x_wconf 83' lang='lat' dir='ltr'>tl-</span> 
     </span>
    </p>
   </div>
   <div class='ocr_carea' id='block_1_86' title="bbox 1887 3917 3543 3992">
    <p class='ocr_par' dir='ltr' id='par_1_86' title="bbox 1887 3917 3543 3992">
     <span class='ocr_line' id='line_1_86' title="bbox 1887 3917 3543 3992; baseline 0.002 -20"><span class='ocrx_word' id='word_1_607' title='bbox 1887 3920 2043 3976; x_wconf 90' lang='lat' dir='ltr'>dem.</span> <span class='ocrx_word' id='word_1_608' title='bbox 2077 3917 2271 3974; x_wconf 67' lang='lat' dir='ltr'>Caeteri</span> <span class='ocrx_word' id='word_1_609' title='bbox 2306 3936 2443 3975; x_wconf 88' lang='lat' dir='ltr'>vero</span> <span class='ocrx_word' id='word_1_610' title='bbox 2482 3936 2603 3975; x_wconf 89' lang='lat' dir='ltr'>non</span> <span class='ocrx_word' id='word_1_611' title='bbox 2634 3920 2807 3992; x_wconf 91' lang='lat' dir='ltr'>quasi</span> <span class='ocrx_word' id='word_1_612' title='bbox 2841 3921 3203 3986; x_wconf 85' lang='lat' dir='ltr'>vaticinium,</span> <span class='ocrx_word' id='word_1_613' title='bbox 3247 3920 3350 3975; x_wconf 90' lang='lat' dir='ltr'>sed</span> <span class='ocrx_word' id='word_1_614' title='bbox 3373 3922 3543 3992; x_wconf 89' lang='lat' dir='ltr'>quasi</span> 
     </span>
    </p>
   </div>
   <div class='ocr_carea' id='block_1_87' title="bbox 1887 4008 3547 4080">
    <p class='ocr_par' dir='ltr' id='par_1_87' title="bbox 1887 4008 3547 4080">
     <span class='ocr_line' id='line_1_87' title="bbox 1887 4008 3547 4080; baseline 0.001 -18"><span class='ocrx_word' id='word_1_615' title='bbox 1887 4008 2204 4064; x_wconf 89' lang='lat' dir='ltr'>consilium</span> <span class='ocrx_word' id='word_1_616' title='bbox 2260 4009 2674 4079; x_wconf 86' lang='lat' dir='ltr'>suscipientes,</span> <span class='ocrx_word' id='word_1_617' title='bbox 2737 4008 3038 4080; x_wconf 73' lang='lat' dir='ltr'>suffragiis</span> <span class='ocrx_word' id='word_1_618' title='bbox 3085 4008 3231 4063; x_wconf 92' lang='lat' dir='ltr'>illud</span> <span class='ocrx_word' id='word_1_619' title='bbox 3278 4024 3547 4080; x_wconf 82' lang='lat' dir='ltr'>compro-</span> 
     </span>
    </p>
   </div>
   <div class='ocr_carea' id='block_1_88' title="bbox 1888 4096 2055 4150">
    <p class='ocr_par' dir='ltr' id='par_1_88' title="bbox 1888 4096 2055 4150">
     <span class='ocr_line' id='line_1_88' title="bbox 1888 4096 2055 4150; baseline -0.024 0"><span class='ocrx_word' id='word_1_620' title='bbox 1888 4096 2055 4150; x_wconf 87' lang='lat' dir='ltr'>bant.</span> 
     </span>
    </p>
   </div>
   <div class='ocr_carea' id='block_1_89' title="bbox 1960 4184 3544 4257">
    <p class='ocr_par' dir='ltr' id='par_1_89' title="bbox 1960 4184 3544 4257">
     <span class='ocr_line' id='line_1_89' title="bbox 1960 4184 3544 4257; baseline 0.003 -22"><span class='ocrx_word' id='word_1_621' title='bbox 1960 4185 2130 4241; x_wconf 87' lang='lat' dir='ltr'>Vers.</span> <span class='ocrx_word' id='word_1_622' title='bbox 2159 4185 2245 4240; x_wconf 86' lang='lat'>53.</span> <span class='ocrx_word' id='word_1_623' title='bbox 2280 4184 2370 4239; x_wconf 85' lang='lat' dir='ltr'>Ab</span> <span class='ocrx_word' id='word_1_624' title='bbox 2401 4200 2636 4241; x_wconf 86' lang='lat' dir='ltr'>-eum.</span> <span class='ocrx_word' id='word_1_625' title='bbox 2663 4184 2837 4257; x_wconf 86' lang='lat' dir='ltr'>Atqui</span> <span class='ocrx_word' id='word_1_626' title='bbox 2863 4185 3041 4240; x_wconf 86' lang='lat' dir='ltr'>etiam</span> <span class='ocrx_word' id='word_1_627' title='bbox 3059 4184 3221 4256; x_wconf 90' lang='lat' dir='ltr'>prius</span> <span class='ocrx_word' id='word_1_628' title='bbox 3249 4185 3415 4239; x_wconf 90' lang='lat' dir='ltr'>illum</span> <span class='ocrx_word' id='word_1_629' title='bbox 3445 4200 3544 4240; x_wconf 90' lang='lat' dir='ltr'>oc-</span> 
     </span>
    </p>
   </div>
   <div class='ocr_carea' id='block_1_90' title="bbox 1889 4273 3546 4344">
    <p class='ocr_par' dir='ltr' id='par_1_90' title="bbox 1889 4273 3546 4344">
     <span class='ocr_line' id='line_1_90' title="bbox 1889 4273 3546 4344; baseline 0.001 -15"><span class='ocrx_word' id='word_1_630' title='bbox 1889 4273 2080 4329; x_wconf 90' lang='lat' dir='ltr'>cidere</span> <span class='ocrx_word' id='word_1_631' title='bbox 2112 4274 2444 4339; x_wconf 84' lang='lat' dir='ltr'>tentabant,</span> <span class='ocrx_word' id='word_1_632' title='bbox 2474 4278 2536 4328; x_wconf 89' lang='lat' dir='ltr'>ut</span> <span class='ocrx_word' id='word_1_633' title='bbox 2565 4275 2916 4344; x_wconf 67' lang='lat' dir='ltr'>praedictum</span> <span class='ocrx_word' id='word_1_634' title='bbox 2949 4278 3053 4340; x_wconf 91' lang='lat' dir='ltr'>est,</span> <span class='ocrx_word' id='word_1_635' title='bbox 3089 4273 3192 4327; x_wconf 89' lang='lat' dir='ltr'>sed</span> <span class='ocrx_word' id='word_1_636' title='bbox 3218 4289 3377 4328; x_wconf 91' lang='lat' dir='ltr'>nunc</span> <span class='ocrx_word' id='word_1_637' title='bbox 3407 4289 3546 4330; x_wconf 88' lang='lat' dir='ltr'>cum</span> 
     </span>
    </p>
   </div>
   <div class='ocr_carea' id='block_1_91' title="bbox 155 4361 1769 4450">
    <p class='ocr_par' dir='ltr' id='par_1_91' title="bbox 155 4363 1769 4438">
     <span class='ocr_line' id='line_1_91' title="bbox 155 4363 1769 4438; baseline -0.001 -20"><span class='ocrx_word' id='word_1_638' title='bbox 155 4369 265 4418; x_wconf 76' lang='grc' dir='ltr'>καὶ</span> <span class='ocrx_word' id='word_1_639' title='bbox 296 4363 523 4435; x_wconf 72' lang='grc' dir='ltr'>σκέψεως</span> <span class='ocrx_word' id='word_1_640' title='bbox 570 4363 834 4438; x_wconf 75' lang='grc' dir='ltr'>ἇκύρωσαν</span> <span class='ocrx_word' id='word_1_641' title='bbox 883 4369 977 4423; x_wconf 85' lang='grc' dir='ltr'>τὴν</span> <span class='ocrx_word' id='word_1_642' title='bbox 1014 4370 1243 4437; x_wconf 75' lang='grc' dir='ltr'>γνώμην*</span> <span class='ocrx_word' id='word_1_643' title='bbox 1294 4371 1381 4416; x_wconf 82' lang='grc' dir='ltr'>νῦν</span> <span class='ocrx_word' id='word_1_644' title='bbox 1437 4367 1567 4437; x_wconf 86' lang='grc' dir='ltr'>μετά</span> <span class='ocrx_word' id='word_1_645' title='bbox 1606 4366 1769 4426; x_wconf 74' lang='grc' dir='ltr'>πάσης</span> 
     </span>
    </p>
   </div>
   <div class='ocr_carea' id='block_1_92' title="bbox 1894 4361 3542 4450">
    <p class='ocr_par' dir='ltr' id='par_1_92' title="bbox 1894 4361 3542 4426">
     <span class='ocr_line' id='line_1_92' title="bbox 1894 4361 3542 4426; baseline -0.001 -7"><span class='ocrx_word' id='word_1_646' title='bbox 1894 4362 2136 4419; x_wconf 85' lang='lat' dir='ltr'>consilio</span> <span class='ocrx_word' id='word_1_647' title='bbox 2161 4368 2214 4418; x_wconf 90' lang='lat' dir='ltr'>et</span> <span class='ocrx_word' id='word_1_648' title='bbox 2245 4362 2670 4419; x_wconf 87' lang='lat' dir='ltr'>deliberatione</span> <span class='ocrx_word' id='word_1_649' title='bbox 2727 4363 3083 4418; x_wconf 87' lang='lat' dir='ltr'>sententiam</span> <span class='ocrx_word' id='word_1_650' title='bbox 3115 4361 3501 4417; x_wconf 84' lang='lat' dir='ltr'>decreverunt</span> <span class='ocrx_word' id='word_1_651' title='bbox 3529 4379 3542 4426; x_wconf 93' lang='lat'><strong>;</strong></span> 
     </span>
    </p>
   </div>
   <div class='ocr_carea' id='block_1_93' title="bbox 157 4452 1262 4532">
    <p class='ocr_par' dir='ltr' id='par_1_93' title="bbox 157 4452 1262 4532">
     <span class='ocr_line' id='line_1_93' title="bbox 157 4452 1262 4532; baseline -0.001 -21"><span class='ocrx_word' id='word_1_652' title='bbox 157 4457 476 4532; x_wconf 77' lang='grc' dir='ltr'>προθυμίας</span> <span class='ocrx_word' id='word_1_653' title='bbox 501 4459 593 4508; x_wconf 83' lang='grc' dir='ltr'>καὶ</span> <span class='ocrx_word' id='word_1_654' title='bbox 625 4452 864 4518; x_wconf 87' lang='grc' dir='ltr'>σπουδῆς</span> <span class='ocrx_word' id='word_1_655' title='bbox 895 4453 1262 4529; x_wconf 79' lang='grc' dir='ltr'>ἐπεχείρησαν.</span> 
     </span>
    </p>
   </div>
   <div class='ocr_carea' id='block_1_94' title="bbox 249 4633 1778 4709">
    <p class='ocr_par' dir='ltr' id='par_1_94' title="bbox 249 4633 1778 4709">
     <span class='ocr_line' id='line_1_94' title="bbox 249 4633 1778 4709; baseline -0.001 -21"><span class='ocrx_word' id='word_1_656' title='bbox 249 4634 462 4698; x_wconf 82' lang='grc' dir='ltr'>Ἰησοῦς</span> <span class='ocrx_word' id='word_1_657' title='bbox 523 4664 590 4677; x_wconf 89' lang='grc'><strong><em>-</em></strong></span> <span class='ocrx_word' id='word_1_658' title='bbox 643 4633 825 4691; x_wconf 75' lang='grc' dir='ltr'>αὐτοῦ.</span> <span class='ocrx_word' id='word_1_659' title='bbox 897 4633 1088 4687; x_wconf 72' lang='grc' dir='ltr'>Οὐκέτι</span> <span class='ocrx_word' id='word_1_660' title='bbox 1166 4641 1392 4709; x_wconf 73' lang='grc' dir='ltr'>φανερῶς</span> <span class='ocrx_word' id='word_1_661' title='bbox 1465 4635 1778 4708; x_wconf 79' lang='grc' dir='ltr'>περιεπάτει,</span> 
     </span>
    </p>
   </div>
   <div class='ocr_carea' id='block_1_95' title="bbox 156 4721 1779 4798">
    <p class='ocr_par' dir='ltr' id='par_1_95' title="bbox 156 4721 1779 4798">
     <span class='ocr_line' id='line_1_95' title="bbox 156 4721 1779 4798; baseline -0.003 -18"><span class='ocrx_word' id='word_1_662' title='bbox 156 4724 312 4780; x_wconf 73' lang='grc' dir='ltr'>ἀλλὰ</span> <span class='ocrx_word' id='word_1_663' title='bbox 369 4723 592 4783; x_wconf 83' lang='grc' dir='ltr'>ἀπῆλθεν</span> <span class='ocrx_word' id='word_1_664' title='bbox 650 4723 717 4784; x_wconf 86' lang='grc' dir='ltr'>εἰς</span> <span class='ocrx_word' id='word_1_665' title='bbox 773 4727 866 4782; x_wconf 79' lang='grc' dir='ltr'>τὴν</span> <span class='ocrx_word' id='word_1_666' title='bbox 914 4729 1097 4798; x_wconf 86' lang='grc' dir='ltr'>χώραν</span> <span class='ocrx_word' id='word_1_667' title='bbox 1136 4727 1230 4781; x_wconf 78' lang='grc' dir='ltr'>τὴν</span> <span class='ocrx_word' id='word_1_668' title='bbox 1261 4721 1408 4795; x_wconf 63' lang='lat'>£776;</span> <span class='ocrx_word' id='word_1_669' title='bbox 1435 4730 1524 4783; x_wconf 86' lang='grc' dir='ltr'>τῆς</span> <span class='ocrx_word' id='word_1_670' title='bbox 1563 4721 1779 4796; x_wconf 75' lang='grc' dir='ltr'>ἐρήμου,</span> 
     </span>
    </p>
   </div>
   <div class='ocr_carea' id='block_1_96' title="bbox 155 4811 1780 4888">
    <p class='ocr_par' dir='ltr' id='par_1_96' title="bbox 155 4811 1780 4888">
     <span class='ocr_line' id='line_1_96' title="bbox 155 4811 1780 4888; baseline -0.001 -23"><span class='ocrx_word' id='word_1_671' title='bbox 155 4819 346 4888; x_wconf 74' lang='grc' dir='ltr'>ἤγουν</span> <span class='ocrx_word' id='word_1_672' title='bbox 402 4812 471 4875; x_wconf 83' lang='grc' dir='ltr'>εἰς</span> <span class='ocrx_word' id='word_1_673' title='bbox 544 4811 688 4865; x_wconf 79' lang='grc' dir='ltr'>πόλιν</span> <span class='ocrx_word' id='word_1_674' title='bbox 764 4812 986 4887; x_wconf 81' lang='grc' dir='ltr'>Ἐφραὶμ</span> <span class='ocrx_word' id='word_1_675' title='bbox 1223 4811 1604 4884; x_wconf 73' lang='grc' dir='ltr'>ὀνομαζομένην</span> <span class='ocrx_word' id='word_1_676' title='bbox 1678 4814 1780 4864; x_wconf 82' lang='grc' dir='ltr'>οἱπό</span> 
     </span>
    </p>
   </div>
   <div class='ocr_carea' id='block_1_97' title="bbox 157 4901 1784 4978">
    <p class='ocr_par' dir='ltr' id='par_1_97' title="bbox 157 4901 1784 4978">
     <span class='ocr_line' id='line_1_97' title="bbox 157 4901 1784 4978; baseline -0.002 -21"><span class='ocrx_word' id='word_1_677' title='bbox 157 4911 272 4960; x_wconf 84' lang='grc' dir='ltr'>τοῦ</span> <span class='ocrx_word' id='word_1_678' title='bbox 325 4901 600 4977; x_wconf 69' lang='grc' dir='ltr'>φύλαρχον</span> <span class='ocrx_word' id='word_1_679' title='bbox 650 4901 892 4976; x_wconf 72' lang='grc' dir='ltr'>Ἐφραίμ.</span> <span class='ocrx_word' id='word_1_680' title='bbox 926 4901 1285 4978; x_wconf 84' lang='grc' dir='ltr'>Ἀνθρωπίνως</span> <span class='ocrx_word' id='word_1_681' title='bbox 1326 4904 1428 4977; x_wconf 82' lang='grc' dir='ltr'>γὰρ</span> <span class='ocrx_word' id='word_1_682' title='bbox 1480 4901 1638 4962; x_wconf 74' lang='grc' dir='ltr'>σώζει</span> <span class='ocrx_word' id='word_1_683' title='bbox 1669 4901 1784 4954; x_wconf 77' lang='grc' dir='ltr'>ἑαυο</span> 
     </span>
    </p>
   </div>
   <div class='ocr_carea' id='block_1_98' title="bbox 251 5026 1608 5099">
    <p class='ocr_par' dir='ltr' id='par_1_98' title="bbox 251 5026 1608 5099">
     <span class='ocr_line' id='line_1_98' title="bbox 251 5026 1608 5099; baseline -0.004 -10"><span class='ocrx_word' id='word_1_684' title='bbox 251 5030 304 5068; x_wconf 80' lang='grc'>³⁸</span> <span class='ocrx_word' id='word_1_685' title='bbox 329 5029 529 5088; x_wconf 81' lang='lat' dir='ltr'>Matth.</span> <span class='ocrx_word' id='word_1_686' title='bbox 558 5042 655 5099; x_wconf 84' lang='lat' dir='ltr'>xv,</span> <span class='ocrx_word' id='word_1_687' title='bbox 685 5029 775 5087; x_wconf 74' lang='grc'>24.</span> <span class='ocrx_word' id='word_1_688' title='bbox 851 5029 900 5065; x_wconf 80' lang='grc'><strong>²⁹</strong></span> <span class='ocrx_word' id='word_1_689' title='bbox 926 5027 1072 5087; x_wconf 89' lang='lat' dir='ltr'>ibid.</span> <span class='ocrx_word' id='word_1_690' title='bbox 1149 5028 1198 5064; x_wconf 80' lang='grc' dir='ltr'>⁸ο</span> <span class='ocrx_word' id='word_1_691' title='bbox 1228 5026 1402 5085; x_wconf 88' lang='lat' dir='ltr'>Joan.</span> <span class='ocrx_word' id='word_1_692' title='bbox 1429 5043 1486 5092; x_wconf 82' lang='lat' dir='ltr'>x,</span> <span class='ocrx_word' id='word_1_693' title='bbox 1520 5027 1608 5085; x_wconf 83' lang='grc'>15.</span> 
     </span>
    </p>
   </div>
   <div class='ocr_carea' id='block_1_99' title="bbox 1889 4451 3549 4524">
    <p class='ocr_par' dir='ltr' id='par_1_99' title="bbox 1889 4451 3549 4524">
     <span class='ocr_line' id='line_1_99' title="bbox 1889 4451 3549 4524; baseline 0 -17"><span class='ocrx_word' id='word_1_694' title='bbox 1889 4467 2051 4507; x_wconf 90' lang='lat' dir='ltr'>nunc</span> <span class='ocrx_word' id='word_1_695' title='bbox 2073 4467 2212 4508; x_wconf 91' lang='lat' dir='ltr'>cum</span> <span class='ocrx_word' id='word_1_696' title='bbox 2234 4452 2399 4507; x_wconf 90' lang='lat' dir='ltr'>omni</span> <span class='ocrx_word' id='word_1_697' title='bbox 2432 4451 2614 4507; x_wconf 89' lang='lat' dir='ltr'>animi</span> <span class='ocrx_word' id='word_1_698' title='bbox 2649 4451 3112 4524; x_wconf 89' lang='lat' dir='ltr'>promptitudine</span> <span class='ocrx_word' id='word_1_699' title='bbox 3140 4455 3196 4506; x_wconf 94' lang='lat' dir='ltr'>et</span> <span class='ocrx_word' id='word_1_700' title='bbox 3219 4451 3414 4507; x_wconf 90' lang='lat' dir='ltr'>studio</span> <span class='ocrx_word' id='word_1_701' title='bbox 3441 4467 3549 4507; x_wconf 85' lang='lat' dir='ltr'>an-</span> 
     </span>
    </p>
   </div>
   <div class='ocr_carea' id='block_1_100' title="bbox 1890 4541 2185 4598">
    <p class='ocr_par' dir='ltr' id='par_1_100' title="bbox 1890 4541 2185 4598">
     <span class='ocr_line' id='line_1_100' title="bbox 1890 4541 2185 4598; baseline -0.003 -2"><span class='ocrx_word' id='word_1_702' title='bbox 1890 4541 2000 4598; x_wconf 90' lang='lat' dir='ltr'>nisi</span> <span class='ocrx_word' id='word_1_703' title='bbox 2030 4547 2185 4596; x_wconf 89' lang='lat' dir='ltr'>sunt.</span> 
     </span>
    </p>
   </div>
   <div class='ocr_carea' id='block_1_101' title="bbox 1962 4627 3547 4689">
    <p class='ocr_par' dir='ltr' id='par_1_101' title="bbox 1962 4627 3547 4689">
     <span class='ocr_line' id='line_1_101' title="bbox 1962 4627 3547 4689; baseline 0 -3"><span class='ocrx_word' id='word_1_704' title='bbox 1962 4631 2120 4686; x_wconf 82' lang='lat' dir='ltr'>Vers.</span> <span class='ocrx_word' id='word_1_705' title='bbox 2154 4631 2243 4686; x_wconf 70' lang='grc'>54.</span> <span class='ocrx_word' id='word_1_706' title='bbox 2267 4632 2436 4686; x_wconf 86' lang='lat' dir='ltr'>Jesus</span> <span class='ocrx_word' id='word_1_707' title='bbox 2465 4660 2534 4672; x_wconf 90' lang='lat'>--</span> <span class='ocrx_word' id='word_1_708' title='bbox 2568 4632 2710 4689; x_wconf 78' lang='lat' dir='ltr'>suis.</span> <span class='ocrx_word' id='word_1_709' title='bbox 2743 4632 2875 4686; x_wconf 85' lang='lat' dir='ltr'>Jam</span> <span class='ocrx_word' id='word_1_710' title='bbox 2918 4645 3039 4685; x_wconf 88' lang='lat' dir='ltr'>non</span> <span class='ocrx_word' id='word_1_711' title='bbox 3085 4627 3398 4685; x_wconf 80' lang='lat' dir='ltr'>manifeste</span> <span class='ocrx_word' id='word_1_712' title='bbox 3419 4646 3547 4686; x_wconf 90' lang='lat' dir='ltr'>am-</span> 
     </span>
    </p>
   </div>
   <div class='ocr_carea' id='block_1_102' title="bbox 1892 4719 3551 4792">
    <p class='ocr_par' dir='ltr' id='par_1_102' title="bbox 1892 4719 3551 4792">
     <span class='ocr_line' id='line_1_102' title="bbox 1892 4719 3551 4792; baseline 0 -15"><span class='ocrx_word' id='word_1_713' title='bbox 1892 4720 2158 4786; x_wconf 82' lang='lat' dir='ltr'>bulabat,</span> <span class='ocrx_word' id='word_1_714' title='bbox 2192 4721 2296 4775; x_wconf 90' lang='lat' dir='ltr'>sed</span> <span class='ocrx_word' id='word_1_715' title='bbox 2324 4719 2468 4776; x_wconf 87' lang='lat' dir='ltr'>abiit</span> <span class='ocrx_word' id='word_1_716' title='bbox 2492 4719 2553 4776; x_wconf 92' lang='lat' dir='ltr'>in</span> <span class='ocrx_word' id='word_1_717' title='bbox 2579 4720 2904 4790; x_wconf 90' lang='lat' dir='ltr'>regionem,</span> <span class='ocrx_word' id='word_1_718' title='bbox 2937 4735 3074 4792; x_wconf 69' lang='lat' dir='ltr'>quae</span> <span class='ocrx_word' id='word_1_719' title='bbox 3100 4719 3331 4775; x_wconf 88' lang='lat' dir='ltr'>deserto</span> <span class='ocrx_word' id='word_1_720' title='bbox 3357 4719 3551 4777; x_wconf 86' lang='lat' dir='ltr'>vicina</span> 
     </span>
    </p>
   </div>
   <div class='ocr_carea' id='block_1_103' title="bbox 1891 4808 3552 4881">
    <p class='ocr_par' dir='ltr' id='par_1_103' title="bbox 1891 4808 3552 4881">
     <span class='ocr_line' id='line_1_103' title="bbox 1891 4808 3552 4881; baseline -0.001 -15"><span class='ocrx_word' id='word_1_721' title='bbox 1891 4815 2036 4876; x_wconf 87' lang='lat' dir='ltr'>erat,</span> <span class='ocrx_word' id='word_1_722' title='bbox 2108 4808 2377 4864; x_wconf 88' lang='lat' dir='ltr'>videlicet</span> <span class='ocrx_word' id='word_1_723' title='bbox 2467 4809 2524 4863; x_wconf 90' lang='lat' dir='ltr'>in</span> <span class='ocrx_word' id='word_1_724' title='bbox 2632 4808 2929 4864; x_wconf 89' lang='lat' dir='ltr'>civitatem</span> <span class='ocrx_word' id='word_1_725' title='bbox 3025 4824 3160 4881; x_wconf 69' lang='lat' dir='ltr'>quas</span> <span class='ocrx_word' id='word_1_726' title='bbox 3242 4808 3552 4864; x_wconf 86' lang='lat' dir='ltr'>dicebatur</span> 
     </span>
    </p>
   </div>
   <div class='ocr_carea' id='block_1_104' title="bbox 1894 4897 3550 4973">
    <p class='ocr_par' dir='ltr' id='par_1_104' title="bbox 1894 4897 3550 4973">
     <span class='ocr_line' id='line_1_104' title="bbox 1894 4897 3550 4973; baseline -0.002 -16"><span class='ocrx_word' id='word_1_727' title='bbox 1894 4900 2176 4973; x_wconf 88' lang='lat' dir='ltr'>Ephraim</span> <span class='ocrx_word' id='word_1_728' title='bbox 2209 4914 2246 4956; x_wconf 88' lang='lat' dir='ltr'>a</span> <span class='ocrx_word' id='word_1_729' title='bbox 2274 4898 2542 4973; x_wconf 90' lang='lat' dir='ltr'>principe</span> <span class='ocrx_word' id='word_1_730' title='bbox 2571 4897 2755 4955; x_wconf 83' lang='lat' dir='ltr'>tribus</span> <span class='ocrx_word' id='word_1_731' title='bbox 2774 4898 3074 4972; x_wconf 88' lang='lat' dir='ltr'>Ephraim.</span> <span class='ocrx_word' id='word_1_732' title='bbox 3101 4901 3249 4955; x_wconf 89' lang='lat' dir='ltr'>Nam</span> <span class='ocrx_word' id='word_1_733' title='bbox 3279 4899 3550 4955; x_wconf 87' lang='lat' dir='ltr'>humano</span> 
     </span>
    </p>
   </div>
   <div class='ocr_carea' id='block_1_105' title="bbox 1300 5176 2214 5248">
    <p class='ocr_par' dir='ltr' id='par_1_105' title="bbox 1300 5176 2214 5248">
     <span class='ocr_line' id='line_1_105' title="bbox 1300 5176 2214 5248; baseline -0.002 0"><span class='ocrx_word' id='word_1_734' title='bbox 1300 5177 1528 5248; x_wconf 72' lang='lat' dir='ltr'>Variae</span> <span class='ocrx_word' id='word_1_735' title='bbox 1560 5176 1888 5248; x_wconf 90' lang='lat' dir='ltr'>lectiones</span> <span class='ocrx_word' id='word_1_736' title='bbox 1929 5186 2214 5248; x_wconf 73' lang='lat' dir='ltr'>etnotae.</span> 
     </span>
    </p>
   </div>
   <div class='ocr_carea' id='block_1_106' title="bbox 270 5341 984 5426">
    <p class='ocr_par' dir='ltr' id='par_1_106' title="bbox 270 5341 984 5426">
     <span class='ocr_line' id='line_1_106' title="bbox 270 5341 984 5426; baseline -0.003 -15"><span class='ocrx_word' id='word_1_737' title='bbox 270 5349 372 5426; x_wconf 71' lang='grc'>47)</span> <span class='ocrx_word' id='word_1_738' title='bbox 404 5347 789 5426; x_wconf 74' lang='grc' dir='ltr'>Συμϐουλευταὶ</span> <span class='ocrx_word' id='word_1_739' title='bbox 827 5341 860 5411; x_wconf 68' lang='grc' dir='ltr'><em>ἦ</em></span> <span class='ocrx_word' id='word_1_740' title='bbox 867 5369 984 5409; x_wconf 80' lang='grc' dir='ltr'>σαν.</span> 
     </span>
    </p>
   </div>
   <div class='ocr_carea' id='block_1_107' title="bbox 325 5424 955 5496">
    <p class='ocr_par' dir='ltr' id='par_1_107' title="bbox 325 5424 955 5496">
     <span class='ocr_line' id='line_1_107' title="bbox 325 5424 955 5496; baseline 0.003 -16"><span class='ocrx_word' id='word_1_741' title='bbox 325 5424 358 5496; x_wconf 30' lang='lat'>)‘</span> <span class='ocrx_word' id='word_1_742' title='bbox 383 5424 618 5482; x_wconf 85' lang='lat' dir='ltr'>Inclusa</span> <span class='ocrx_word' id='word_1_743' title='bbox 650 5424 864 5481; x_wconf 87' lang='lat' dir='ltr'>absunt</span> <span class='ocrx_word' id='word_1_744' title='bbox 883 5429 927 5479; x_wconf 85' lang='lat' dir='ltr'><strong>A</strong></span> <span class='ocrx_word' id='word_1_745' title='bbox 941 5465 955 5482; x_wconf 96' lang='lat'>.</span> 
     </span>
    </p>
   </div>
   <div class='ocr_carea' id='block_1_108' title="bbox 1965 5346 2682 5418">
    <p class='ocr_par' dir='ltr' id='par_1_108' title="bbox 1965 5346 2682 5418">
     <span class='ocr_line' id='line_1_108' title="bbox 1965 5346 2682 5418; baseline 0 -15"><span class='ocrx_word' id='word_1_746' title='bbox 1965 5348 2077 5418; x_wconf 75' lang='grc'>(49)</span> <span class='ocrx_word' id='word_1_747' title='bbox 2105 5346 2335 5403; x_wconf 87' lang='lat' dir='ltr'>Inclusa</span> <span class='ocrx_word' id='word_1_748' title='bbox 2366 5346 2586 5403; x_wconf 88' lang='lat' dir='ltr'>absunt</span> <span class='ocrx_word' id='word_1_749' title='bbox 2613 5349 2682 5403; x_wconf 86' lang='lat' dir='ltr'>A.</span> 
     </span>
    </p>
   </div>
   <div class='ocr_carea' id='block_1_109' title="bbox 1967 5420 2498 5492">
    <p class='ocr_par' dir='ltr' id='par_1_109' title="bbox 1967 5420 2498 5492">
     <span class='ocr_line' id='line_1_109' title="bbox 1967 5420 2498 5492; baseline -0.011 -16"><span class='ocrx_word' id='word_1_750' title='bbox 1967 5420 2080 5492; x_wconf 79' lang='lat'>(50)</span> <span class='ocrx_word' id='word_1_751' title='bbox 2109 5421 2400 5490; x_wconf 82' lang='grc' dir='ltr'>Λεγομένην</span> <span class='ocrx_word' id='word_1_752' title='bbox 2431 5424 2469 5470; x_wconf 81' lang='grc' dir='ltr'><strong>Α</strong></span> <span class='ocrx_word' id='word_1_753' title='bbox 2484 5457 2498 5475; x_wconf 91' lang='grc'><strong>.</strong></span> 
     </span>
    </p>
   </div>
   <div class='ocr_carea' id='block_1_110' title="bbox 250 5536 3261 5628">
    <p class='ocr_par' dir='ltr' id='par_1_110' title="bbox 250 5536 3261 5628">
     <span class='ocr_line' id='line_1_110' title="bbox 250 5536 3261 5628; baseline -0.005 -20"><span class='ocrx_word' id='word_1_754' title='bbox 250 5549 387 5628; x_wconf 85' lang='lat' dir='ltr'>(dd)</span> <span class='ocrx_word' id='word_1_755' title='bbox 417 5547 562 5607; x_wconf 85' lang='lat' dir='ltr'>Cum</span> <span class='ocrx_word' id='word_1_756' title='bbox 583 5542 647 5606; x_wconf 82' lang='grc' dir='ltr'>ίη</span> <span class='ocrx_word' id='word_1_757' title='bbox 677 5544 822 5622; x_wconf 72' lang='lat' dir='ltr'>legis</span> <span class='ocrx_word' id='word_1_758' title='bbox 851 5548 1373 5621; x_wconf 76' lang='lat' dir='ltr'>transgressionem</span> <span class='ocrx_word' id='word_1_759' title='bbox 1406 5547 1802 5620; x_wconf 82' lang='lat' dir='ltr'>impegissent.</span> <span class='ocrx_word' id='word_1_760' title='bbox 1841 5547 1988 5604; x_wconf 92' lang='lat' dir='ltr'>Cum</span> <span class='ocrx_word' id='word_1_761' title='bbox 2018 5545 2096 5602; x_wconf 88' lang='lat' dir='ltr'>ad</span> <span class='ocrx_word' id='word_1_762' title='bbox 2122 5542 2268 5616; x_wconf 81' lang='lat' dir='ltr'>legis</span> <span class='ocrx_word' id='word_1_763' title='bbox 2302 5537 2810 5615; x_wconf 84' lang='lat' dir='ltr'>transgressiones</span> <span class='ocrx_word' id='word_1_764' title='bbox 2838 5536 3261 5607; x_wconf 77' lang='lat' dir='ltr'>declinassent.</span> 
     </span>
    </p>
   </div>
   <div class='ocr_carea' id='block_1_111' title="bbox 483 5647 1125 5709">
    <p class='ocr_par' dir='ltr' id='par_1_111' title="bbox 483 5647 1125 5709">
     <span class='ocr_line' id='line_1_111' title="bbox 483 5647 1125 5709; baseline 0.008 -5"><span class='ocrx_word' id='word_1_765' title='bbox 483 5649 704 5707; x_wconf 57' lang='lat' dir='ltr'>Parnm.</span> <span class='ocrx_word' id='word_1_766' title='bbox 738 5648 838 5707; x_wconf 78' lang='lat' dir='ltr'>Ga.</span> <span class='ocrx_word' id='word_1_767' title='bbox 882 5647 1096 5706; x_wconf 86' lang='lat' dir='ltr'>CXXIX</span> <span class='ocrx_word' id='word_1_768' title='bbox 1109 5690 1125 5709; x_wconf 93' lang='lat'>.</span> 
     </span>
    </p>
   </div>
   <div class='ocr_carea' id='block_1_112' title="bbox 3200 5640 3270 5697">
    <p class='ocr_par' dir='ltr' id='par_1_112' title="bbox 3200 5640 3270 5697">
     <span class='ocr_line' id='line_1_112' title="bbox 3200 5640 3270 5697; baseline -0.014 0"><span class='ocrx_word' id='word_1_769' title='bbox 3200 5640 3270 5697; x_wconf 73' lang='grc'>43</span> 
     </span>
    </p>
   </div>
  </div>
