4022 6232
508 254 516 266 ,
601 184 739 257 1355

1949 174 2298 249 EUTH‘YMII
2338 180 2674 253 ZIGABENl
3720 203 3808 257 isse

598 343 762 383 more
795 324 1057 397 seipsum
1085 320 1381 386 servabat,
1413 320 1559 375 dum
1618 318 1811 375 adhuc
1862 325 2097 389 tempus
2153 335 2232 373 ext

2364 324 2450 372 τὸν
2508 321 2766 393 ἀναμένων
2809 325 2884 373 ἔτι
2913 325 3000 374 τὸν
3030 328 3223 398 καιρόν,
3285 331 3385 383 Πῶς
3433 332 3507 376 οῦν
3545 329 3619 378 οῖει
3661 328 3816 400 θορυϐιίο

596 419 906 489 spectaret.
978 410 1292 477 Quomodo
1363 424 1505 479 ergo
1572 412 1773 480 putas,
1855 406 2252 463 turbabantur

593 504 869 576 discipuli
899 502 1170 557 videntes
1214 498 1381 554 illum
1436 498 1700 553 humano
1747 512 1911 551 more
1965 511 2095 552 sese
2128 512 2249 552 ser-

594 599 836 649 vantem
864 591 891 645 ?

635 611 836 650 antem
869 611 890 645 ι

663 683 828 737 Vers.
856 681 944 734 55.
983 678 1245 734 Instabat
1276 705 1343 719 —
1366 675 1618 732 Pascha.
1655 676 1733 731 De
1760 674 1999 745 regione
2056 673 2247 730 Hiero-

590 772 971 844 solymorum.

604 922 623 933 μ
666 861 823 917 Vers.
875 864 938 913 55
969 858 1067 914 .Ut
1094 856 1490 925 puriﬁcarent
1536 869 1615 911 se.
1648 852 1987 909 Secundum
2028 852 2241 923 legem.

664 951 829 1005 Vers.
864 952 949 1003 56.
987 946 1330 1013 Qizwrebant
1379 975 1447 984 ——
1482 944 1702 1013 festum
1733 944 1761 998 ‘2
1788 940 2035 997 Pulchra
2078 941 2246 1013 puri-

587 1039 785 1096 ﬁcatio
799 1054 933 1093 cum
949 1034 1180 1090 insidiis
1195 1039 1249 1088 et
1263 1032 1334 1088 ad
1347 1033 1737 1088 homicidium
1751 1030 2241 1103 promptitudine.

587 1130 829 1183 Festum
877 1126 1074 1196 itaque
1125 1126 1629 1179 commutaverunt
1657 1122 1717 1176 in
1778 1120 1933 1175 illius
1979 1118 2244 1176 venatio-

589 1233 748 1291 nem.

656 1307 817 1359 Vers.
848 1309 933 1359 57.
971 1303 1267 1359 Dederant
1294 1333 1362 1341 —
1414 1315 1565 1356 eum.
1610 1298 2044 1355 Admirandum
2098 1315 2242 1370 pon-

589 1394 807 1451 tiﬁcum
835 1390 1503 1466 przeceptum,proditio
1534 1388 1612 1445 ad
1658 1394 1928 1444 mortem.
1974 1391 2017 1445 Ο
2064 1388 2241 1443 εοθίε-

586 1490 732 1553 stos,
760 1483 979 1555 quibus
1013 1480 1349 1553 primordiis
1386 1479 1604 1534 festum
1655 1478 1985 1534 honorant!
2021 1477 2239 1548 quibus

584 1573 803 1630 animis
830 1571 1057 1627 caedem
1086 1569 1444 1641 spirantibus
1471 1566 1819 1623 celebraturi
1852 1571 1989 1621 sunt
2022 1567 2033 1617 l

658 1666 777 1735 Cap
816 1662 933 1716 XII.
989 1660 1203 1714 VersJ.
1260 1658 1427 1714 Jesus
1482 1673 1631 1727 ergo.
1691 1688 1759 1697 —
1826 1659 1991 1711 Vers.
2046 1655 2097 1709 2.
2151 1671 2236 1713 eo.
2271 1680 2313 1735 Β

584 1754 713 1825 Ipse
741 1752 984 1823 quidem
1018 1766 1086 1804 eo
1113 1748 1286 1813 venit,
1311 1747 1595 1819 paulatim
1632 1746 2101 1817 Hierosolymam
2133 1762 2235 1817 ap-

582 1843 1019 1914 propinquans,
1049 1838 1333 1908 cumjam
1380 1854 1503 1891 sua:
1544 1836 1838 1908 passionis
1872 1843 2098 1907 tempus
2146 1836 2238 1889 in-

581 1934 760 1985 staret
790 1946 803 1984 :
841 1926 1019 1983 simul
1052 1932 1252 1981 autem
1283 1931 1344 1980 ut
1368 1926 1651 1997 discipuli
1717 1927 2023 1991 Lazarum,
2056 1924 2155 1995 qui
2199 1940 2234 1979 a

577 2019 827 2075 mortuis
853 2023 1205 2077 surrexerat,
1231 2014 1565 2086 epulantem
1589 2014 1959 2085 inspicerent.
1989 2015 2231 2069 Sorores

578 2124 719 2163 vero
761 2122 995 2161 coenam
1029 2106 1077 2158 ei
1102 2108 1483 2176 paraverunt,
1526 2107 1819 2173 tanquam
1860 2101 2146 2171 magistro
2177 2106 2234 2157 et

578 2194 938 2252 benefactori
969 2209 1204 2247 summo
1235 2208 1304 2247 ac
1329 2191 1463 2263 plus
1490 2207 1665 2263 quam
1693 2191 1942 2245 homini.

614 2286 762 2338 CAP.
800 2283 908 2336 Xll.
940 2282 1021 2335 De
1050 2296 1118 2336 ea
1146 2295 1280 2351 qua!
1312 2281 1486 2335 unxit
1525 2279 1841 2334 Dominum
1876 2286 2191 2348 unguento.

646 2372 812 2427 Vers.
848 2374 896 2425 3.
927 2370 1125 2425 Maria
1150 2385 1281 2439 ergo
1310 2400 1368 2409 -
1388 2369 1675 2437 pretiosae.
1704 2367 1954 2433 Pisticae,
1979 2368 2092 2422 hoc
2118 2373 2227 2433 est,

574 2478 761 2536 puras,
784 2467 839 2515 et
865 2459 941 2514 ad
972 2459 1290 2529 puritatem
1321 2457 1755 2512 acmunditiem
1772 2456 2055 2511 ordinatas
2085 2473 2096 2512 :
2132 2462 2232 2512 aut

574 2551 756 2607 etiam
792 2546 1114 2620 appellatio
1144 2546 1417 2619 quaedam
1450 2550 1537 2601 est
1564 2546 1692 2601 haec
1723 2547 2028 2615 unguenti.

644 2642 810 2694 Vers.
830 2644 881 2694 3.
913 2637 1095 2693 Unxit
1111 2638 1287 2707 pedes
1312 2636 1825 2707 Jesus.'l‘anquam
1848 2636 2083 2691 Domini
2116 2636 2226 2703 sui,

572 2735 859 2802 tanquam
900 2726 1020 2781 Dei.

644 2818 809 2874 Vers.
837 2817 896 2873 3.
934 2817 1009 2870 Et
1056 2846 1123 2856 -—
1151 2816 1297 2884 ejus.
1340 2814 1668 2870 Ostendens
1732 2814 2226 2883 magnitudinem,

572 2924 696 2981 qua
727 2922 862 2962 eum
886 2904 1380 2977 prosequebatur,
1420 2903 1759 2958 reverentiae
1793 2919 1862 2957 ac
1892 2902 2047 2957 fidei.
2081 2906 2227 2973 Lege

572 3012 812 3068 quoque
835 2994 1277 3064 sexagesimum
1334 2992 1666 3047 secundum
1716 2998 1897 3064 caput
1930 2992 2226 3062 Evangelii

574 3085 900 3140 secundum
947 3082 1299 3147 Matthasum,
1354 3081 1522 3153 quod
1573 3082 1752 3137 etiam
1802 3082 1879 3137 ad
1923 3082 2230 3151 praasentia

573 3174 878 3231 conducit.

644 3263 806 3318 Vers.
840 3261 892 3315 3.
922 3263 1137 3316 Domus
1164 3265 1358 3316 autem
1384 3289 1447 3299 —
1475 3259 1785 3330 unguenti.
1809 3260 1956 3313 Nam
1976 3263 2030 3313 et
2061 3273 2232 3313 mun-

571 3353 686 3408 dus
712 3352 880 3408 suavi
913 3349 1124 3405 Christi
1160 3350 1301 3404 Jesu
1331 3347 1515 3403 odore
1540 3346 1881 3420 implendus
1913 3354 2057 3403 erat.

949 3438 1100 3493 CAP.
1136 3439 1271 3492 Xlll.
1324 3438 1399 3493 De
1446 3437 1636 3493 verbis
1662 3438 1853 3493 Judae.

642 3531 806 3586 Vers.
830 3530 882 3584 4.
916 3528 1069 3583 Dicit
1093 3558 1161 3566 —
1195 3526 1357 3581 Vers.
1388 3530 1439 3581 6.
1486 3526 1786 3595 portabat.
1834 3525 1913 3581 De
1965 3525 2080 3581 hoc
2107 3542 2231 3582 ma-

575 3618 785 3675 nifeste
825 3616 1044 3671 dictum
1073 3619 1158 3669 est
1196 3614 1484 3685 praedicto
1512 3614 1723 3684 capite,
1774 3613 1873 3668 ubi
1928 3614 2183 3669 habetur
2215 3630 2228 3668 :

568 3709 760 3763 Amen
786 3704 915 3759 dico
942 3703 1124 3768 vobis,
1158 3701 1891 3773 ubicunqueprardicatum
1913 3703 2101 3771 fuerit
2124 3704 2233 3760 hoc

570 3792 974 3864 Evangelium,
993 3792 1056 3847 in
1074 3797 1192 3847 toto
1216 3792 1457 3857 mundo,
1481 3790 1707 3846 dicetur
1722 3791 1936 3861 etquod
1948 3792 2072 3847 haec
2093 3794 2233 3865 fecit

569 3888 633 3942 in
658 3884 998 3940 memoriam
1022 3883 1148 3953 ejus
1180 3883 1224 3917 ³³
1262 3897 1273 3937 :
1310 3886 1366 3937 et
1394 3896 1603 3937 eorum
1653 3885 1837 3937 totam
1887 3897 2091 3954 quaere
2145 3883 2232 3939 in-

572 3972 1069 4048 terpretationem.

638 4159 766 4213 Non
812 4157 1012 4209 autem
1059 4150 1253 4221 arguit
1286 4149 1553 4205 Christus
1605 4148 1776 4205 Judce
1829 4149 2223 4223 propositum,

567 4261 791 4315 magna
831 4240 1146 4299 clementia
1194 4239 1385 4295 nitens
1407 4256 1544 4295 eum
1576 4245 1935 4294 convertere.
1980 4239 2220 4305 Verum,

527 4402 530 4404 γ
565 4333 874 4409 quomodo
902 4330 1297 4401 sciensipsum
1320 4327 1528 4391 furem,
1558 4327 2082 4399 permisitomnino
2107 4344 2222 4383 ser-

566 4440 705 4480 vare
736 4419 1152 4492 marsupium?
1186 4419 1424 4487 Propter
1454 4416 1608 4471 illius
1640 4416 2130 4482 imbecillitatem,
2159 4422 2221 4473 ut

564 4512 702 4568 inde
735 4528 907 4567 suam
930 4511 1138 4565 fovens
1170 4506 1498 4571 avaritiam,
1524 4506 1602 4562 ob
1630 4522 1762 4561 eam
1786 4522 1906 4561 non
1937 4505 2221 4562 incideret

562 4602 621 4656 in
644 4598 1024 4670 praeceptoris
1058 4596 1455 4669 proditionem
1472 4635 1484 4649 .

637 4690 794 4744 Vers.
828 4694 880 4742 7.
914 4688 1014 4742 Ait
1044 4717 1112 4726 —
1164 4685 1343 4741 istud.
1396 4684 1457 4738 In
1508 4683 1659 4740 diem
1720 4684 2036 4756 sepulturae
2068 4700 2215 4740 meae

562 4777 789 4835 servavi
860 4780 1255 4845 unguentum.
1310 4774 1433 4829 sive
1481 4773 1541 4828 in
1612 4778 1846 4846 tempus
1899 4773 2215 4846 sepulturaa

559 4884 733 4934 mete,
776 4871 1062 4936 tanquam
1092 4862 1411 4918 vaticinata
1468 4862 1869 4934 propinquam
1900 4878 2027 4919 esse
2059 4879 2213 4918 mor-

558 4962 680 5015 tem
711 4970 933 5011 meam.
975 4952 1096 5008 Hoc
1140 4956 1331 5007 autem
1381 4950 1615 5023 planius
1671 4951 1908 5023 scripsit
1958 4954 2208 5019 Marcus,

559 5046 726 5120 quod
785 5048 843 5101 et
898 5043 973 5100 de
1037 5040 1156 5098 alia
1202 5036 1448 5098 muliere
1496 5040 1723 5097 dictum
1762 5044 1871 5098 est.
1913 5040 2005 5098 Ait
2051 5042 2211 5100 enim

632 5200 675 5235 ³¹
708 5194 907 5255 Matth.
932 5210 1089 5261 xxvi,
1130 5196 1217 5252 13.

2366 412 2488 462 σθαι
2540 415 2659 473 τοὺς
2718 413 2960 483 μαθητὰς
3011 414 3232 485 ὁρῶντας
3284 413 3420 463 αὐτὸν
3463 411 3720 488 ἀνθρωπίνως
3750 436 3819 467 σω-

2363 500 2573 571 ζόμενον
2604 517 2618 566 ;

2429 676 2524 729 Ἦν
2575 672 2633 728 δὲ
2660 675 2813 748 ἐγγὺς
2860 708 2923 719 --
2975 686 3065 730 τοῦ
3117 680 3327 749 Πάσχα.
3374 679 3452 731 Ἐκ
3491 687 3567 737 τῆς
3599 682 3822 753 χώραςτών

2354 763 2389 817 Ἰ
2398 765 2740 837 εροσολύμων,

2424 854 2526 907 Ἰνοι
2552 855 2841 925 ἁγνίσωσιν
2868 855 3098 917 ἑαυτούς,
3134 858 3278 910 Κατὰ
3302 861 3377 908 τὸν
3405 861 3557 925 νόμον,

2423 944 2675 1003 Ἐζήτουν
2704 976 2772 984 -
2801 945 2972 1017 ἑορτήν
3007 962 3019 1011 ;
3050 946 3212 1007 Καλὸς
3251 946 3483 1017 ἀγνισμὸς
3503 947 3611 1017 μετὰ
3629 944 3827 1005 ἐπιϐουλαῖς

2352 1037 2442 1084 καὶ
2470 1037 2819 1107 προαιρέσεως
2871 1039 3167 1107 μιαιφόνου.
3195 1040 3296 1093 Τὴν
3355 1034 3515 1108 ἑορτὴν
3549 1031 3621 1085 οὖν
3640 1034 3827 1085 ἐποιοῦντο

2356 1123 2610 1195 θήρατρον
2650 1122 2827 1177 αὐτοῦ.

2424 1297 2746 1353 Δεδώκεισαν
2788 1331 2853 1343 —
2902 1301 3076 1354 αὐτόν.
3109 1305 3397 1372 Θαυμαστη
3438 1309 3527 1351 τῶν
3566 1299 3831 1374 meum

2352 1388 2547 1455 ἐντολὴ,
2590 1387 2857 1464 προδοσία
2894 1390 2977 1443 ἐπὶ
3013 1394 3231 1461 θανάτῳ.
3266 1392 3333 1442 *Ω
3354 1400 3446 1442 τῶν
3482 1389 3706 1443 avecta-iv!
3748 1390 3835 1446 οἱοις

2350 1482 2438 1550 μὲν
2470 1485 2763 1553 προοιμίοις
2810 1489 3004 1552 τιμῶσι
3034 1485 3125 1537 τὴν
3165 1480 3377 1554 ἑορτὴνῐ
3419 1481 3541 1539 οἰαις
3584 1475 3633 1530 6‘;
3678 1478 3835 1547 ψυχαῖς,

2351 1572 2502 1639 φόνου
2525 1572 2818 1633 πνεούσαις,
2852 1569 3113 1643 ἑορτάζειν
3143 1569 3409 1640 μέλλουσιν
3438 1568 3448 1621 Σ

2418 1657 2475 1709 Ὁ
2529 1654 2616 1709 οὖν
2670 1657 2869 1719 Ἰησοῦς
2911 1690 2979 1698 -
3034 1659 3192 1729 αὐτῷ.
3246 1658 3403 1719 Αὐτὸς
3451 1661 3530 1728 μὲν
3606 1651 3724 1712 ἦλθεν
3757 1652 3839 1710 ἐκεῖ,

2347 1746 2652 1807 πλησιάζων
2722 1751 2854 1799 κατὰ
2924 1751 3109 1821 μικρὸν
3180 1756 3285 1807 τοῖς
3343 1745 3692 1820 Ἱεροσολυμοις,
3748 1742 3841 1811 ἐγγί-

2348 1836 2523 1897 ζοντος
2577 1832 2683 1893 ἤδη
2721 1844 2810 1888 τοῦ
2854 1844 3038 1908 καιροῦ
3082 1836 3192 1905 (5i)
3234 1844 3324 1888 τοῦ
3372 1836 3551 1893 πάθους
3588 1833 3733 1884 αὐτοῦ’
3769 1831 3844 1901 ἁμα

2346 1922 2405 1977 δέ
2459 1927 2541 1975 ἶνα
2761 1927 2809 1977 οἱ
2865 1928 3098 1997 μαθηταὶ
3155 1927 3437 1977 θεάσωνται
3499 1926 3575 1974 τὸν
3617 1923 3663 1972 ἐκ
3711 1929 3844 1990 νεκρῶν

2342 2013 2637 2067 ἀναστάντα
2694 2015 2935 2088 Λάζαρον
2992 2014 3248 2066 ἐσθίοντα.
3304 2017 3365 2067 Δί
3393 2010 3593 2084 ἀδελφαὶ
3634 2007 3683 2062 δὲ
3718 2009 3846 2064 ἐποίη-

2346 2123 2439 2155 σαν
2479 2104 2618 2174 αὐτῷ
2675 2099 2900 2171 δεῖπνον,
2946 2106 3013 2165 ὡς
3072 2100 3385 2173 διδασκάλῳ
3434 2108 3518 2153 καὶ
3567 2100 3758 2171 εὐεργέτῃ
3790 2104 3849 2147 καὶ

2344 2193 2467 2265 ὑπέρ
2500 2194 2788 2265 ἄνθρωπον.

2438 2287 2580 2334 ΚΕΦ.
2616 2280 2711 2335 ΙΒ’.
2747 2286 2869 2356 Περὶ
2900 2289 2989 2341 τῆς
3022 2279 3317 2351 ἀλειψάσης
3343 2283 3427 2332 τὸν
3459 2282 3629 2352 Κύριον
3656 2280 3787 2349 μύρῳ.

2412 2376 2467 2421 Ἠ
2496 2367 2583 2421 οὖν
2614 2376 2793 2443 Μαρία
2823 2402 2890 2410 -
2915 2370 3223 2442 πολυτίμου.
3257 2375 3529 2431 Πιστικῆς,
3565 2365 3847 2437 ἣτοιᾶκριίτολ

2341 2464 2431 2509 καὶ
2460 2463 3002 2531 καταπεπιστευμένης
3056 2460 3121 2518 εἰς
3163 2460 3516 2532 καθαρότητι(
3563 2458 3589 2514 ἦ
3638 2460 3712 2507 καὶ
3738 2471 3855 2527 προσ-

2342 2552 2534 2619 ηγορία
2562 2568 2639 2610 τις
2668 2545 2727 2605 ἧν
2757 2556 2906 2599 τοῦτο
2937 2551 3124 2622 μύρου,

2412 2636 2623 2707 Ἠλειῲε
2652 2642 2772 2699 τοὺς
2799 2634 2968 2698 πόδας
2998 2645 3088 2689 τοῦ
3120 2638 3330 2691 Ἰησοῦ.
3370 2637 3451 2697 Ὠς
3476 2640 3704 2689 Δεσποτον
3727 2631 3857 2693 αὐτῆς,

2340 2729 2404 2787 ὡς
2435 2731 2579 2780 Θεοῦ.

2414 2821 2513 2868 Καὶ
2565 2846 2634 2856 -
2682 2816 2860 2871 αὑτοῦ.
2907 2812 3300 2887 Ἐνδεικνυμένη
3352 2819 3410 2866 τὸ
3466 2816 3659 2887 μέγεθος
3698 2818 3771 2869 τῆς
3812 2808 3861 2867 εὶς

2341 2905 2495 2957 αὐτὸν
2542 2913 2700 2973 τιμῆς
2743 2910 2832 2957 καὶ
2862 2910 3107 2965 πίστεως.
3140 2904 3460 2977 [Ἀνάγνωθι
3660 2900 3707 2953 δὴ
3731 2906 3797 2950 καὶ
3820 2904 3859 2949 τὸ

2340 2993 2619 3056 ἑξηκοστὸν
2672 2991 2910 3063 δεύτερον
2979 2994 3248 3065 κεφάλαιον
3315 3002 3408 3045 τοῦ
3463 2995 3587 3045 κατά
3636 2991 3858 3049 Ματθαῐον,

2338 3091 2667 3156 χρησιμεῦον
2699 3084 2764 3143 εἰς
2800 3085 2865 3135 τὰ
2893 3082 3169 3155 παρόντα]

2410 3262 2468 3314 Ἡ
2521 3259 2579 3314 δὲ
2634 3261 2772 3314 οἰκία
2819 3292 2887 3301 -
2935 3265 3123 3335 μύρου.
3159 3261 3377 3333 Ἔμελλε
3413 3264 3512 3335 γὰρ
3557 3265 3637 3312 καὶ
3679 3261 3870 3324 ὁκοσμος

2342 3350 2679 3425 πληρωθῆναι
2710 3359 2801 3412 τῆς
2833 3348 3052 3411 εὐωδίας
3077 3358 3167 3402 τοῦ
3198 3352 3403 3408 Ἰησοῦ.

2656 3447 2800 3493 ΚΕΦ.
2844 3440 2944 3493 ll".
2981 3445 3103 3512 Περὶ
3129 3462 3195 3491 ων
3237 3438 3380 3493 εἶπεν
3417 3436 3629 3500 Ἰούδας.

2414 3534 2566 3601 Λέγει
2616 3560 2685 3570 —
2742 3528 3045 3589 ἐϐάσταζεν.
3100 3533 3326 3602 Εἴρηται
3376 3536 3492 3599 περὶ
3538 3532 3706 3581 τούτου
3749 3532 3875 3595 sua);

2343 3617 2391 3669 ἓν
2445 3627 2517 3688 τῷ
2578 3615 2862 3677 δηλωθέντι
2917 3618 3193 3690 κεφαλαίῳ,
3228 3622 3356 3672 ἔνθα
3414 3627 3577 3671 κεῖται
3622 3620 3705 3669 τὸ·
3758 3615 3875 3683 Ἀμήν

2340 3707 2470 3779 λέγω
2528 3709 2670 3779 ὑμῖν,
2702 3710 2828 3759 ὅπου
2888 3706 2971 3758 ἐὰν
3024 3711 3277 3782 κηρυχθῇ
3328 3713 3386 3760 τὸ
3444 3708 3730 3777 Εὐαγγέλιον
3751 3710 3873 3753 τοῦτο.

2342 3794 2389 3846 ἐν
2430 3796 2527 3867 ὅλῳ
2581 3804 2651 3866 τῷ
2702 3801 2905 3868 κόσμῳ,
2931 3796 3289 3855 λαληθήσεται
3340 3818 3433 3849 και
3479 3799 3504 3849 ὀ
3549 3796 3760 3852 ἐποίησεν
3782 3792 3873 3842 ait:

2342 3885 2412 3945 εἰς
2442 3890 2768 3957 μνημόσυνον
2799 3886 2960 3947 αὐτῆς
2990 3900 3003 3916 ⁸
3037 3890 3125 3938 καὶ
3160 3887 3403 3947 ζήτησον
3434 3892 3527 3945 τὴν
3553 3887 3664 3943 ὃλην
3687 3885 3873 3951 ἐξήγπςιυ

2339 3974 2517 4028 αὐτοῦ.

2412 4063 2543 4135 [Οὐκ
2590 4063 2765 4135 ἤλεγξε
2811 4064 2921 4133 (54)
2980 4061 3037 4117 δὲ
3088 4067 3172 4117 τὸν
3204 4070 3409 4119 σκοπὸν
3438 4074 3527 4119 τοῦ
3556 4061 3875 4129 10631630:-

2338 4157 2481 4219 στὸς,
2536 4161 2598 4226 τῇ
2656 4153 2813 4224 πολλῇ
2872 4156 3206 4227 μακροθυμίᾳ
3265 4154 3587 4229 βουλόμενος
3635 4148 3873 4225 ista???”

2334 4244 2509 4297 αὐτόν.
2571 4242 2724 4296 Ἀλλὰ
2777 4251 2905 4305 πῶς,
2967 4242 3253 4296 κλέπτοντα
3311 4246 3472 4297 αὐτὸν
3527 4242 3687 4305 εἰδὼς,
3738 4238 3877 4311 βαλεῖν

2331 4332 2618 4403 τιοφύλακα
2657 4329 2785 4384 εἶναι
2829 4332 2983 4384 αὑτὸν
3016 4337 3158 4385 εἴασε
3188 4350 3201 4399 ;
3236 4337 3461 4394 Πάντως
3502 4331 3594 4385 διὰ
3644 4336 3727 4388 τὴν
3770 4327 3872 4378 ὰςΰελ

2329 4439 2465 4472 νιιαν
2532 4420 2747 4487 ἐκείνου,
2810 4422 2891 4473 ἶνα
2968 4426 3061 4479 τὴν
3122 4422 3477 4498 φιλαργυρίαν
3534 4426 3708 4475 ἐκεῖθεν
3755 4436 3875 4489 παρεο

2328 4512 2659 4582 μυθούμενος,
2691 4515 2761 4582 μὴ
2814 4507 2887 4562 δι’
2946 4510 3106 4569 αὐτὴν
3160 4511 3366 4585 ἐμπέσῃ
3411 4513 3481 4573 εἰς
3512 4509 3773 4584 προδοσίαν
3813 4508 3872 4553 tsi

2330 4595 2709 4669 διδασκάλου.]

2398 4684 2547 4741 Εἶπεν
2590 4719 2659 4727 --
2707 4687 2854 4744 αὐτό.
2884 4688 2971 4750 Εἰς
3028 4691 3123 4746 τὴν
3175 4690 3380 4763 ἡμέραν
3444 4698 3540 4742 τοῦ
3588 4686 3869 4758 ivuenum?

2325 4795 2424 4847 μου
2465 4775 2677 4848 ἐφύλαξε
2726 4780 2782 4828 τὸ
2835 4778 3017 4849 μύρον,
3066 4781 3223 4849 ἤγουν
3280 4779 3353 4838 εἰς
3404 4782 3496 4831 τὸν
3526 4782 3697 4852 καιρὸν
3721 4780 3791 4827 τον
3820 4769 3869 4820 ἐτ’

2322 4870 2622 4937 ταφιασμὸῦ
2673 4884 2792 4937 μου,
2846 4868 3033 4918 ὡσανεί
3099 4870 3523 4942 προφητεύουσα
3584 4872 3666 4920 τὸν
3707 4859 3868 4919 πλοῖά

2322 4955 2479 5014 ζοντά
2538 4974 2636 5027 μου
2694 4955 2929 5007 θάνατον.
2975 4961 3140 5007 Τοῦτο
3196 4952 3255 5008 δὲ
3318 4963 3665 5033 φανερώτερον
3711 4954 3731 5005 ὀ
3774 4952 3872 5017 Μάρ-

2318 5064 2403 5105 κος
2457 5043 2697 5117 ἔγραψεν,
2750 5043 2904 5119 pne»
2958 5048 3047 5097 καὶ
3103 5048 3222 5120 περὶ
3277 5055 3383 5108 τῆς
3460 5048 3621 5108 ἄλλης
3670 5055 3869 5115 γυναιωῆ

1784 5345 2009 5417 Variae
2038 5346 2366 5417 lectiones
2398 5358 2464 5417 et
2492 5358 2695 5417 notae.

623 5524 706 5591 (5t
746 5525 847 5579 Καί
876 5516 1037 5578 addit
1060 5520 1125 5577 Α.

619 5589 734 5677 (52)
763 5594 912 5652 Ante
938 5595 1021 5645 ἵνα
1048 5589 1217 5649 addit
1243 5591 1335 5644 καί
1362 5591 1427 5648 Α.

2413 5518 2503 5584 53)
2528 5518 2767 5577 Inclusa
2797 5520 3017 5579 absunt
3055 5526 3116 5578 Α.

2410 5591 2501 5664 54)
2527 5592 2761 5650 Inclusa
2784 5593 3007 5656 absunt
3026 5595 3099 5655 Δ.
