4022 6232
218 255 236 308 l
248 241 347 308 357

1358 233 1727 305 COMMENT.
1771 228 1842 304 IN’
1879 228 2248 306 JOANN‘EM.~
2274 280 2340 290 —
2381 233 2537 306 CAP.
2579 230 2704 308 xii.

3405 205 3568 312 ηδε

217 379 396 449 Εἰρηκε
419 377 522 449 γὰρ
555 375 632 427 ὅτι
664 371 918 447 Προίλαϐε
944 375 1166 448 μυρίσαι
1205 391 1303 445 μου
1346 377 1405 426 τὸ
1439 382 1590 446 σῶμα
1617 375 1688 435 εἰς
1716 377 1802 426 τὸν

1935 374 2227 442 Prtevenit,
2246 378 2314 430 ut
2333 382 2583 446 ungeret
2601 390 2817 445 corpus
2840 390 3030 434 meum
3047 377 3108 432 in
3126 380 3566 450 sepulturam”.

216 464 574 538 ἐνταφιασμόν.
616 463 762 524 Ἔθος
807 466 908 536 γὰρ
939 459 1001 520 ἦν
1031 465 1216 536 μύροις
1244 461 1562 533 ἐνταφιάζειν
1602 467 1668 515 τὰ
1707 470 1804 516 σέ.-

216 574 350 627 ματα
391 557 520 627 πρὸς
547 556 607 605 τὸ
639 549 891 627 διαρκεῖν.

284 647 411 703 Τοὺς
458 646 704 714 πτωχούς
731 672 800 682 -
862 643 1009 713 ἔχετε
1062 640 1176 712 (55)
1205 659 1216 670 ’
1257 639 1434 713 [Παρὰ
1469 640 1582 711 (56)
1625 637 1682 693 δε
1734 649 1806 712 τῷ

215 735 404 806 Μάρκῳ
445 734 616 807 εἴρηκε
672 747 684 760 ⁸
759 732 983 783 Πάντοτε
1034 733 1152 791 τοὺς
1198 733 1442 800 πτωχοὺς
1496 732 1641 800 ἔχετε
1693 731 1805 802 μεθ’

218 822 424 888 ἑαυτῶν,
512 824 602 872 καὶ
695 821 815 872 ὃταν
902 819 1095 888 θέλητε,
1183 814 1410 870 δύνασθε
1497 818 1680 879 αὐτούς
1753 815 1805 871 εὖ

219 919 453 969 ποιῆσαι.
501 908 523 982 ]
562 909 726 962 Εἰπὼν
777 905 836 960 δὲ
866 909 946 960 ὅτι
998 908 1118 980 Ἐμὲ
1162 903 1221 959 δὲ
1274 907 1333 958 ού
1377 909 1596 959 πάντοτε
1636 910 1803 977 ἔχετε,

216 1003 503 1071 ὑπόμνησιν
552 998 730 1060 αὐτοῖς
780 995 975 1049 ἐνέϐαλε
1043 1005 1135 1056 τῆς
1209 995 1313 1068 μετ’
1372 995 1542 1067 ὀλίγον
1600 1006 1807 1068 σφαγῆς

267 1088 278 1104 ,
349 1085 374 1101 ν

217 1107 392 1141 αυτου.

284 1179 452 1248 Ἔγνω
482 1207 550 1219 -—-
604 1176 830 1234 Ἰησοῦν.
884 1179 982 1229 Τὸν
1047 1177 1137 1247 μὲν
1166 1176 1395 1248 Χριστὸν
1436 1173 1644 1237 ἐξήτουν
1680 1172 1806 1226 ἁπο-

215 1273 428 1330 κτεῐναι,
456 1265 899 1338 προφασιζόμενοι
944 1267 1023 1317 ὅτι
1069 1264 1177 1316 λύει
1208 1267 1267 1315 τὸ
1295 1261 1578 1327 Σάϐϐατον,
1610 1268 1698 1315 καὶ
1728 1265 1807 1315 ὁτι

216 1359 328 1408 ἶσον
356 1355 536 1408 ἑαυτὸν
578 1362 719 1407 ποιεῖ
748 1363 820 1425 τῷ
848 1362 983 1425 Θεῷ,
1016 1358 1103 1404 καὶ
1133 1355 1213 1406 ὅτι
1243 1352 1419 1405 πολλοὶ
1467 1355 1807 1405 πιστεύουσιν

217 1446 283 1506 εἰς
311 1445 462 1496 αὐτον
491 1461 503 1474 ·
539 1447 623 1496 τὸν
653 1441 711 1496 δὲ
740 1443 987 1515 Λάζαρον
1027 1439 1174 1495 διατί
1207 1458 1220 1508 ;
1264 1438 1405 1494 διότι
1422 1440 1641 1501 ἁνέζησε
1675 1456 1687 1506 ;
1719 1446 1808 1493 καὶ

214 1541 357 1587 ποῖον
410 1533 644 1605 ἔγκλημα
697 1536 756 1585 τὸ
806 1531 1073 1593 ἁναζῆσαι
1130 1548 1145 1598 ;
1199 1533 1388 1588 Φθόνος
1445 1527 1530 1582 οὖν
1578 1534 1636 1582 τὸ
1684 1537 1804 1582 πᾶν.

215 1623 482 1695 Ἐιρθόνουν
510 1626 614 1695 γὰρ
649 1622 707 1674 ού
729 1626 879 1694 μόνον
912 1629 983 1673 τῶ
1013 1620 1380 1695 εὖεργετοῦντι,
1433 1618 1559 1671 ἀλλα
1587 1623 1676 1670 καὶ
1705 1626 1808 1679 τοὶς

1913 463 2085 520 Moris
2107 462 2404 536 siquidem
2431 469 2717 521 eratcum
2743 465 3059 535 unguentis
3089 466 3338 539 sepelire
3358 485 3569 542 corpo-

1912 567 2000 616 ra,
2045 555 2109 606 ut
2129 559 2639 608 conservarentur.

1986 642 2144 696 Vers.
2199 645 2251 696 8.
2309 644 2612 710 Pauper-es
2659 675 2727 690 -
2765 643 3013 700 habetis.
3079 645 3256 717 Apud
3307 649 3566 705 Marcum

1914 744 2054 785 vero
2078 729 2227 786 dixit
2259 748 2270 786 :
2312 730 2551 800 Semper
2597 747 2890 801 pauperes
2918 732 3143 789 habetis
3190 735 3482 792 vobiscum
3514 743 3569 792 et

1915 832 2048 873 cum
2077 819 2400 884 volueritis,
2427 820 2662 889 potestis
2684 820 2807 876 illis
2827 820 3168 891 benefacere
3207 827 3273 880 ³³.
3307 824 3568 881 Dicendo

1915 912 2112 962 autem
2157 929 2170 962 :
2199 908 2298 964 Me
2332 923 2447 964 non
2471 924 2697 979 semper
2726 910 2971 978 habetis,
3004 912 3300 982 suggessit
3331 912 3442 969 illis
3495 914 3569 970 de

1914 997 2076 1052 caede
2103 1012 2234 1062 sua,
2274 1013 2412 1068 qum
2443 997 2624 1069 paulo
2650 1002 2786 1070 post
2814 998 3015 1056 futura
3051 1005 3196 1056 erat.

1987 1175 2152 1231 Vers.
2173 1173 2228 1228 9.
2263 1174 2551 1245 Cognovit
2582 1205 2651 1215 —
2695 1177 2854 1231 Vers.
2886 1177 2967 1231 ll.
3014 1178 3230 1234 Jesum.
3273 1178 3568 1238 Christum

1915 1262 2183 1318 occidere
2218 1263 2569 1335 quaerebant
2595 1270 2833 1336 sumpto
2861 1268 3161 1337 praetextu,
3195 1267 3354 1339 quod
3388 1269 3572 1325 solve-

1915 1355 2003 1407 ret
2036 1351 2367 1408 Sabbatum
2392 1357 2529 1408 etse
2557 1353 2676 1409 Deo
2703 1353 3000 1426 (aqualem
3023 1353 3260 1422 faceret,
3285 1357 3572 1430 quodque

1916 1438 2084 1494 multi
2139 1438 2198 1494 in
2240 1455 2379 1495 eum
2432 1440 2758 1496 crederent.
2799 1441 3085 1498 Lazarum
3132 1459 3271 1499 vero
3327 1461 3515 1516 quare
3544 1447 3572 1502 ?

1917 1543 1993 1583 an
2021 1527 2163 1599 quia
2184 1529 2475 1585 revixerat
2499 1529 2706 1597 ‘Muod
2729 1545 2867 1601 ergo
2883 1531 3106 1586 crimen
3141 1538 3228 1588 est
3255 1534 3572 1591 revixisse?

1916 1617 2118 1688 Itaque
2131 1622 2252 1672 tota
2268 1633 2362 1673 res
2379 1623 2465 1672 est
2482 1618 2718 1674 invidia.
2741 1621 2888 1674 Nam
2906 1620 3248 1677 invidebant
3261 1639 3380 1679 non
3397 1623 3572 1682 bene-

215 1713 668 1785 εύεργετουμίνοις.
713 1715 800 1762 Διὸ
859 1715 943 1762 καὶ
1018 1713 1103 1761 τὸν
1161 1713 1348 1780 τυφλὸν
1406 1707 1636 1772 ἐξέϐαλον
1690 1708 1803 1773 ἔξω,

1935 1706 2124 1762 'actori
2138 1711 2392 1771 tantum,
2416 1722 2625 1762 verum
2645 1708 2824 1763 etiam
2838 1708 3131 1765 beneﬁcio
3163 1709 3412 1767 affectis.
3433 1713 3572 1770 Ideo

214 1805 304 1853 καὶ
340 1804 426 1852 τὸν
485 1802 728 1870 Λάζαρον
788 1797 974 1851 ἀνελεῖν
1028 1797 1362 1870 βουλεύονται
1401 1815 1412 1826 ·
1473 1797 1632 1858 οὕτως
1671 1793 1805 1854 ἦσαν

215 1890 274 1943 ού
309 1891 537 1962 φθονεροὶ
593 1893 764 1960 μόνον,
823 1886 948 1940 ἀλλὰ
994 1893 1084 1939 καὶ
1129 1893 1313 1958 ταχεῖς
1371 1887 1442 1946 εἰς
1474 1891 1676 1958 φόνους.
1720 1889 1807 1938 Διὸ

215 1983 303 2031 καὶ
334 1980 358 2030 ὁ
386 1983 658 2051 προφήτης
688 1981 802 2050 περὶ
836 1976 1004 2028 αὐτῶν
1056 1979 1219 2047 ἔλεγεν
1253 1993 1265 2005 ⁸
1317 1977 1386 2029 Αἰ
1433 1982 1606 2049 χεῖρες
1641 1974 1807 2027 αὐτῶν

217 2069 433 2140 αἵματος
468 2066 696 2141 πλήρεις.
723 2061 945 2118 Ἐδακνε
986 2061 1044 2117 δὲ
1075 2064 1264 2125 αύτούς
1292 2069 1380 2116 καὶ
1406 2069 1487 2132 τὸ,
1520 2072 1607 2124 τῆς
1629 2064 1810 2136 ἑορτῆς

215 2155 548 2228 ἕγγιζούσης,
598 2155 756 2208 πολύν
810 2155 969 2225 ὄχλον
1015 2153 1215 2225 ἀφεῖναι
1261 2155 1456 2210 ταύτην
1485 2158 1575 2205 καὶ
1603 2157 1808 2226 τρέχειν

213 2249 340 2318 πρὸς
369 2245 540 2298 αὐτόν.

283 2337 357 2407 Τῇ
393 2332 635 2406 ἐπαύριον
687 2363 757 2375 —
807 2332 967 2402 αὐτῷ.
1017 2331 1128 2385 Ἰνα
1165 2335 1236 2404 μὴ
1280 2328 1352 2384 δι’
1405 2331 1561 2382 αὐτὸν
1593 2328 1810 2383 ἆνελωσι

215 2427 303 2477 τὸν
335 2424 598 2496 Λάζαρον,
621 2425 833 2494 ἔρχεται
856 2425 987 2495 πρὸς
1005 2424 1070 2474 τὰ
1095 2420 1427 2494 Ἱεροσόλυμα
1455 2440 1467 2451 ·
1501 2419 1611 2492 άμα
1640 2416 1699 2472 de
1729 2422 1812 2471 ἱνα

214 2517 307 2565 καὶ
335 2513 360 2564 ὁ
383 2511 542 2584 ὀχλος
571 2515 701 2584 μετὰ
723 2519 819 2563 τῶν
853 2508 1018 2583 βαίων
1047 2511 1321 2582 ὑπαντήση
1342 2509 1503 2574 αὐτῷ,
1535 2513 1624 2561 καὶ
1654 2528 1808 2560 καταο

215 2602 484 2674 πλαγῶσιν
533 2603 582 2653 οἱ
621 2599 1048 2665 ίπιϐουλεύοντες,
1109 2604 1198 2651 καὶ
1239 2596 1508 2656 δυνηθῶσι
1562 2602 1807 2650 συνιέναι.

215 2690 433 2744 Ἐλαϐον
461 2687 519 2742 δὲ
557 2691 621 2741 τὰ
655 2687 786 2762 βάῐα
819 2687 1073 2761 σύμϐολον
1121 2693 1286 2752 νίκης,
1319 2690 1518 2747 τούτοις
1562 2687 1716 2739 αὑτὸν
1741 2689 1810 2748 ὡς

216 2784 430 2838 νικητήν
457 2787 546 2832 τοῦ
574 2781 794 2830 θανάτου
824 2781 1167 2852 γεραίροντες.

292 2963 390 3012 Καὶ
429 2987 497 3000 -
533 2955 769 3030 Ἰσραήλ.
827 2962 992 3008 Τοῦτο
1049 2953 1280 3027 μάλιστα
1327 2956 1453 3015 τούς
1516 2949 1810 3013 Ἰουδαίους

217 3048 483 3118 ἁπέπνιγε,
539 3050 598 3098 τὸ
649 3047 929 3103 πεισθῆναι
1001 3047 1086 3096 τὸν
1152 3043 1308 3115 ὄχλον
1363 3045 1441 3094 ὅτι
1523 3041 1623 3094 ἀπὸ
1677 3049 1809 3095 Θεοῦ

217 3140 450 3212 ἔρχεται.
505 3139 743 3192 Ζήτησον
793 3129 851 3186 δε
908 3131 956 3185 ἐν
1004 3139 1078 3202 τῷ
1129 3139 1533 3204 τεσσαρακοστῷ
1594 3134 1809 3202 πέμπτῳ

216 3224 475 3296 κεφαλαίῳ
504 3231 594 3275 τοῦ
619 3225 755 3274 κατὰ
782 3223 1046 3274 Ματθαίον
1072 3225 1130 3273 τό
1155 3240 1166 3252 '
1212 3223 1277 3272 Οἱ
1304 3217 1362 3272 δε
1389 3219 1541 3290 ὄχλοι
1578 3221 1626 3271 οἱ
1652 3221 1812 3292 προά-

216 3332 387 3385 γοντες
407 3317 496 3364 καὶ
519 3315 567 3364 οἱ
597 3311 989 3370 ἀκολουθοῦντες
1031 3309 1246 3382 ἔκραζον
1285 3309 1514 3380 λέγοντες
1548 3326 1559 3337 ⁸
1588 3307 1814 3360 Ὡσαννὰ

217 3413 291 3474 τῷ
329 3404 426 3472 υἱῷ
471 3399 653 3455 Δαυίὸ“
697 3405 787 3453 καὶ
849 3401 1107 3471 ἀνάγνωθι
1166 3403 1260 3456 τὴν
1318 3397 1586 3472 ἑρμηνείαν
1651 3397 1812 3450 αὐτοῦ

217 3512 272 3546 τε
343 3497 431 3544 καὶ
504 3500 602 3544 τῶν
680 3489 856 3563 ἑφεξῆς
935 3486 1032 3542 δύο
1093 3488 1281 3562 ῥητῶν,
1359 3489 1550 3561 ἄριστα
1601 3485 1814 3540 ἐκτεθειο

219 3585 400 3656 μένην.

684 3674 826 3722 ΚΕΦ.
849 3664 942 3721 ΙΔ’.
976 3671 1101 3739 Περὶ
1117 3671 1208 3718 τοῦ
1229 3664 1366 3718 ὄνου.

292 3759 468 3833 Εὗρὼν
500 3789 568 3800 —
603 3758 751 3811 αὐτὸ.
786 3762 1024 3816 Ζήτησον
1056 3757 1104 3807 ίν
1135 3757 1306 3827 ἐκείνῳ
1335 3753 1488 3808 πάλιν
1517 3758 1604 3812 τὴν
1628 3753 1817 3825 ἐξήγη-

219 3869 307 3903 σιν
333 3857 428 3911 τῆς
449 3847 624 3923 ἀρχῆς
645 3855 736 3901 τοῦ
766 3845 1163 3919 κεφαλαίου,καὶ
1191 3842 1449 3916 ἀνάγνωθι
1470 3849 1642 3896 πᾶσαν
1663 3841 1819 3914 ἀναγ-

217 3939 506 3996 καιοτάτην
531 3934 712 3990 οὖσαν.

294 4028 424 4102 Εὗρε
467 4025 525 4080 δι
552 4029 611 4080 τὸ
658 4026 860 4100 ὀνάριον
899 4023 1061 4098 ἀχθὲν
1115 4024 1214 4077 ὑπὸ
1262 4030 1361 4076 τῶν
1430 4020 1817 4074 ἀποσταλέντων

218 4119 493 4191 μαθητῶν,
564 4119 634 4178 ὡς
709 4117 758 4168 οἱ
819 4113 966 4166 ἄλλοι
1062 4115 1345 4187 ἱστόρησαν
1431 4109 1815 4181 εύαγγελισταί.

219 4208 444 4260 Ἐκεῖνοι
495 4207 595 4278 γὰρ
650 4206 820 4256 πάντα
860 4207 949 4275 μέν
990 4204 1058 4254 τὰ
1112 4203 1248 4253 κατὰ
1291 4203 1377 4252 τὸν
1423 4199 1684 4272 εἰρημένον
1717 4198 1821 4249 Λά-

219 4299 385 4371 ξαρον
445 4299 536 4347 καὶ
583 4296 649 4346 τὰ
697 4292 875 4366 ἐφεξῆς
914 4292 1050 4366 ἄχρι
1090 4298 1180 4352 τῆς
1237 4294 1352 4342 ὄνου
1406 4293 1620 4340 καὶτοῦ
1647 4286 1817 4338 πώλου

215 4381 580 4460 παρέδραμον,
639 4385 810 4455 ὥσπερ
868 4386 958 4432 καὶ
1034 4379 1160 4432 ἀλλά
1210 4377 1374 4432 πολλὰ
1443 4379 1681 4449 θαύματα
1730 4379 1820 4427 καὶ

220 4471 561 4546 διδάγματα,
614 4475 712 4524 εἴτε
761 4469 1118 4542 ἐπιλαθόμενοι
1178 4466 1352 4530 ἁπλῶς
1408 4470 1506 4519 εἴτε
1553 4472 1641 4518 καὶ
1689 4466 1824 4516 κατὰ

215 4584 343 4619 τινα
406 4565 661 4636 θειοτέραν
733 4561 1044 4632 οἰκονομίαν,
1098 4561 1168 4619 ὡς
1222 4555 1282 4609 ἂν
1339 4559 1461 4628 ἔχρι
1530 4559 1619 4607 καὶ
1675 4555 1824 4616 οὗτος

215 4655 339 4729 μετ’
370 4652 560 4713 αὐτοὺς
600 4651 812 4727 γράφειν
870 4646 1054 4711 ἰδικῶς
1101 4647 1167 4708 εἰς
1220 4645 1503 4720 βεϐαίωσιν
1541 4651 1633 4698 τοῦ
1665 4643 1825 4716 Εὐαγ-

215 4743 422 4817 γελίου.

302 4829 685 4906 [Ὑπερϐάντες
736 4827 848 4903 (57)
892 4823 950 4881 δε
996 4826 1161 4881 ταῦτά
1210 4843 1359 4898 φασι,
1421 4825 1692 4884 Ματθαίος
1739 4825 1828 4896 μὲν

1915 1811 2159 1867 quoque
2189 1811 2409 1851 caacum
2435 1795 2596 1851 foras
2626 1797 2941 1868 ejecerant,
2965 1803 3022 1853 et
3048 1800 3334 1856 Lazarum
3355 1801 3574 1858 interﬁ-

1917 1900 2048 1940 cere
2079 1884 2362 1941 volebant
2395 1901 2406 1940 :
2433 1885 2586 1941 adeo
2619 1890 2789 1942 erant
2827 1901 2950 1943 non
2975 1886 3162 1943 invidi
3189 1894 3439 1956 tantum,
3465 1890 3576 1946 sed

1917 1978 1971 2029 et
2001 1973 2234 2029 veloces
2261 1974 2337 2029 ad
2354 1973 2602 2030 eadem.
2633 1974 2953 2046 Propterea
2973 1977 3392 2051 deeisquoque
3421 1979 3575 2035 dice-

1915 2062 2021 2118 bat
2051 2062 2364 2134 propheta:
2383 2064 2597 2119 Manus
2614 2079 2818 2120 eorum
2830 2067 3115 2136 sanguine
3123 2069 3320 2135 plenae
3339 2076 3474 2124 sunt
3490 2071 3538 2104 δι
3551 2110 3565 2124 .

1916 2151 2218 2208 Mordebat
2242 2151 2423 2207 etiam
2447 2151 2604 2219 illos,
2621 2153 2807 2224 quod,
2835 2153 3096 2210 instante
3120 2155 3291 2221 festo,
3313 2157 3576 2229 plurima

1917 2239 2093 2296 turba
2129 2239 2278 2294 illud
2310 2239 2669 2312 relinqueret
2693 2246 2750 2297 et
2799 2241 2874 2298 ad
2913 2258 3052 2298 eum
3083 2250 3358 2301 curreret.

1988 2330 2150 2385 Vers.
2186 2330 2270 2383 l2.
2313 2330 2550 2386 Postero
2578 2360 2648 2373 --
2686 2331 2848 2387 Vers.
2883 2331 2970 2386 13.
3003 2331 3074 2388 ei.
3108 2335 3189 2388 Ne
3240 2339 3477 2406 propter
3511 2351 3575 2393 se

1916 2418 2205 2474 Lazarum
2252 2419 2611 2486 occiderent,
2667 2419 3084 2493 Hierosolyma
3141 2423 3350 2480 venit:
3393 2425 3574 2484 simul

1917 2512 2134 2572 autem,
2195 2512 2260 2562 ut
2303 2507 2558 2580 populus
2611 2525 2740 2564 cum
2772 2510 2957 2565 ramis
3005 2510 3112 2566 sibi
3138 2519 3485 2580 occurreret,
3519 2520 3577 2570 et

1917 2597 3213 2672 consternarenturinsidiatores,possentque
3227 2601 3302 2657 ad
3322 2608 3576 2659 mentem

1919 2701 2130 2742 sanam
2163 2685 2760 2756 redire.Acceperunt
2775 2694 2975 2743 autem
2995 2703 3217 2754 ramos,
3241 2690 3297 2744 in
3332 2691 3572 2761 signum

1916 2774 2199 2844 victoriis,
2231 2773 2323 2829 his
2352 2790 2492 2830 eum
2524 2779 2817 2846 tanquam
2849 2775 3058 2832 mortis
3089 2777 3374 2833 victorem
3403 2795 3578 2836 vene-

1918 2867 2137 2918 rantes.

1992 2954 2152 3007 Vers.
2206 2953 2294 3008 l3.
2349 2954 2428 3008 Et
2471 2982 2539 2993 --
2589 2953 2793 3009 Israel.
2847 2953 2969 3009 Hoc
3014 2954 3273 3011 maxime
3335 2956 3576 3014 Iudaeos

1919 3040 2297 3113 prtefocabat.
2331 3057 2686 3113 persuasam
2727 3057 2863 3097 esse
2903 3041 3160 3110 turbam,
3193 3045 3354 3116 quod
3381 3061 3416 3101 a
3455 3046 3575 3103 Deo

1919 3130 2164 3186 veniret.
2195 3131 2401 3195 Quaare
2431 3137 2629 3185 autem
2651 3129 3120 3202 quadragesimo
3167 3133 3379 3204 quinto
3403 3135 3577 3204 juxta

1920 3220 2257 3277 Matthaaum
2303 3220 2518 3292 capite,
2561 3219 2662 3274 ubi
2693 3219 2946 3275 dicitur:
2988 3222 3200 3277 Turbae
3241 3238 3396 3288 vero,
3445 3240 3576 3295 quas

1918 3309 2417 3378 prwibantetqua:
2447 3308 2862 3378 sequebantur,
2899 3308 3239 3365 clamabant
3270 3311 3529 3368 dicentes
3558 3330 3572 3369 :

1923 3399 2195 3453 Hosanna
2224 3397 2350 3464 ﬁlio
2381 3397 2576 3453 David
2600 3397 2670 3463 ³⁵,
2709 3401 2766 3452 et
2813 3397 2942 3468 ejus
2971 3397 3100 3468 lege
3147 3397 3576 3472 interpretatio-

1922 3501 2084 3549 nem,
2111 3501 2181 3540 ac
2198 3486 2575 3557 sequentium
2597 3485 2857 3541 duorum
2871 3485 3190 3554 dictorum,
3210 3488 3453 3560 pulchre
3474 3491 3576 3548 ad-

1925 3575 2169 3632 modum
2203 3574 2590 3647 prapositam.

2423 3663 2749 3720 CAP.XIV.
2790 3663 2876 3720 De
2893 3663 3086 3720 asello.

1996 3755 2161 3809 Vers.
2195 3755 2276 3808 14.
2309 3753 2535 3809 Nactus
2563 3782 2630 3792 -—
2660 3752 2858 3808 illum.
2887 3754 3139 3808 Rursum
3159 3752 3222 3809 in
3245 3753 3346 3810 illo
3377 3771 3579 3828 quaere

1926 3842 2361 3914 expositionem
2389 3841 2663 3913 principii
2703 3841 2931 3912 capitis,
2973 3846 3282 3916 totamque
3320 3845 3577 3916 perlege,

1926 3946 2065 3985 cum
2098 3931 2168 3985 sit
2189 3929 2519 4007 plurimum
2551 3929 2908 3986 necessaria.

1998 4021 2212 4074 Nactus
2243 4024 2330 4073 est
2359 4023 2560 4086 autem
2595 4017 2867 4083 asellum,
2899 4018 2972 4073 ab
3002 4019 3285 4091 his,quos
3319 4021 3579 4089 miserat,

1928 4105 2238 4177 discipulis
2272 4105 2622 4171 adductum,
2645 4105 3164 4176 quemadmodum
3187 4109 3380 4164 caeteri
3402 4111 3582 4181 scrip-

1929 4199 2129 4249 serunt
2157 4193 2562 4263 evangelistee.
2591 4192 2826 4249 lllivero
2849 4195 3074 4259 omnia,
3106 4211 3238 4265 qum
3260 4195 3334 4249 de
3361 4198 3580 4252 Lazaro

1929 4288 2380 4355 erant,qumque
2394 4287 2724 4355 sequuntur
2748 4299 2930 4353 usque
2947 4284 3022 4337 ad
3040 4283 3271 4338 asinam
3287 4284 3582 4354 etpullum

1928 4374 2450 4446 praetermiserunt,
2482 4371 2999 4444 quemadmodum
3025 4371 3216 4427 etalia
3243 4371 3582 4443 multa,tum

1932 4461 2239 4531 miracula,
2283 4465 2410 4516 tum
2449 4461 2742 4532 dogmata
2774 4479 2786 4519 :
2814 4460 2938 4514 sive
2967 4460 3215 4516 omnino
3245 4459 3428 4525 obliti,
3459 4461 3584 4518 sive

1931 4553 2128 4624 potius
2158 4551 2435 4607 diviniori
2465 4550 2667 4622 aliqua
2687 4549 3152 4622 dispensatione,
3176 4555 3236 4607 ut
3274 4550 3586 4609 haberetet

1931 4642 2029 4698 hic
2060 4645 2196 4714 post
2217 4640 2401 4713 ipsos,
2434 4654 2570 4712 quae
2597 4638 2840 4712 propria
2880 4638 3164 4696 scriberet
3190 4640 3249 4696 in
3293 4641 3587 4713 Evangelii

1939 4730 2458 4788 conﬁrmationem
2471 4767 2484 4781 .
2924 4782 2934 4792 ,

2009 4820 2108 4877 llis
2121 4835 2262 4894 ergo
2278 4817 2513 4885 relictis,
2541 4817 2766 4886 dicunt,
2790 4817 3094 4877 Matthmus
3120 4818 3389 4893 quidem,
3421 4819 3588 4893 quod

297 5039 353 5081 ³³
383 5042 554 5101 ﬂare.
594 5052 708 5107 χεν,
738 5039 789 5095 8.
867 5037 914 5074 ⁸³
955 5032 1104 5093 ibid.
1126 5037 1183 5092 7.
1261 5033 1505 5100 ιιιεω,
1539 5003 1637 5088 l5.
1705 5031 1754 5068 ⁸⁸
1785 5032 1812 5087 l

1935 5030 1983 5087 ιι.
2009 5043 2133 5096 xxi.
2175 5030 2228 5086 9.

1362 5291 1372 5304 .
1433 5236 1660 5309 Variae
1690 5237 2015 5308 lectiones
2043 5244 2108 5305 et
2147 5243 2349 5306 notae.

298 5449 417 5529 (35)
449 5451 633 5514 Nemo
692 5455 982 5529 cpinetur,
1032 5452 1384 5529 Hentenium
1435 5449 1647 5529 legisse
1679 5449 1829 5517 ἕξετε.

218 5529 348 5587 Sed
379 5528 667 5587 habebitis
694 5528 876 5594 dedit,
904 5528 1260 5584 sententiam
1281 5532 1540 5583 secutus.
1585 5528 1665 5582 De
1696 5541 1835 5582 con-

217 5601 468 5674 fusione
492 5607 826 5674 temporum
849 5597 1367 5674 supra-disputavit
1385 5599 1444 5674 in
1461 5597 1833 5674 Praefatione.

216 5666 375 5733 Vide
407 5666 639 5749 prmfat'.
655 5671 733 5730 ad
765 5666 988 5744 liv-ang.
1021 5666 1219 5732 Matth.
1253 5685 1394 5745 pag.
1425 5672 1548 5726 118.

2016 5451 2126 5520 (36)
2149 5449 2383 5505 Inclusa
2412 5440 2632 5505 absunt
2662 5449 2725 5504 A.

2016 5511 2128 5595 (57)
2193 5520 2429 5595 Inclusa
2471 5516 2846 5595 Aabsunt‘A.
2888 5511 3263 5595 _’Ymp€aivﬂ¢,
3308 5515 3592 5595 Aintellige

1945 5598 1993 5647 οί
2026 5588 2224 5645 ’λοιποι
2283 5588 2667 5666 εὐαγγελισταί,
2727 5589 2944 5648 deinde
2998 5588 3128 5666 φασί
3170 5593 3436 5652 Ματθαῖος
3503 5588 3592 5666 μεν

1892 5693 1899 5703 λ·
1944 5691 2012 5707 ι-
2039 5667 2252 5744 Μάρκοςη
2270 5660 2348 5721 δέ.
