4022 6232
540 218 677 285 1359

547 352 649 411 Ubi
692 351 1262 423 appropinquassent
1318 349 1755 418 Hierosolymis,
1791 348 2189 419 venissentque
2221 349 2269 402 A
2300 350 2379 401 ὅτι
2466 350 2580 419 (58)

540 442 891 511 Bethphage
914 440 988 495 ad
1018 444 1270 493 montem
1300 438 1632 500 Oliuarum,
1668 443 1811 491 tunc
1834 438 2005 491 Jesus
2032 438 2186 491 misit

538 531 676 585 duos
702 528 1009 598 discipulos
1057 527 1125 591 ³⁸,
1158 532 1214 580 et
1243 531 1482 581 cmtera.
1525 524 1753 579 Marcus
1822 537 1954 579 vero
1983 542 1995 578 :
2036 526 2189 581 Dum

539 617 1026 688 appropinquant
1046 615 1471 683 Hierosolymis
1484 614 1563 669 ad
1587 614 1891 683 Betpltage
1913 621 1966 668 et
1980 614 2184 669 Betha'

541 710 721 772 niam,
743 708 930 775 juxta
962 711 1213 759 montem
1243 702 1562 766 Oliuarum,
1593 702 1775 757 mittit
1806 703 1945 757 duos
1969 719 1993 755 e
2020 702 2194 757 disci-

538 795 691 867 pulis
728 794 848 850 suis
879 794 950 848 ³⁷.
988 792 1251 849 Similiter
1280 797 1481 848 autem
1507 796 1563 847 et
1604 794 1788 848 Lucas
1815 792 1881 845 ³⁸.

614 980 867 1047 Apparet
896 987 1038 1042 ergo
1055 972 1219 1044 quod
1250 985 1528 1041 egressus
1551 969 1781 1026 adomo
1812 970 2031 1036 Lazari,
2056 986 2191 1025 cum

541 1064 739 1120 adhuc
782 1061 1084 1117 Bethaniie
1106 1065 1284 1129 esset,
1319 1058 1475 1114 misit
1506 1058 1848 1130 discipulos,
1877 1060 2194 1114 duxerunt-

539 1168 656 1223 que
687 1152 919 1207 asinam
948 1156 1003 1205 et
1040 1149 1294 1221 pullum.
1324 1148 1464 1203 Ideo
1509 1149 1701 1203 cmteri
1734 1149 1976 1220 quidem
2016 1164 2194 1203 evan-

541 1240 785 1311 gelistaa,
832 1246 1126 1310 tanquam
1175 1236 1516 1309 simpliciter
1561 1241 1919 1308 procedente
1983 1253 2192 1292 versus

540 1329 949 1399 Hierosolyma
967 1327 1221 1392 Christo,
1245 1331 1485 1381 narrant
1514 1342 1525 1379 :
1562 1342 1679 1381 non
1697 1328 2195 1398 interrumpentes

540 1433 879 1474 sermonem
928 1416 1148 1471 itineris
1188 1432 1393 1470 versus
1436 1415 1866 1486 Hierosolyma,
1900 1432 2005 1486 per
2034 1431 2191 1479 eam,

540 1522 678 1580 quae
704 1506 778 1561 de
809 1509 1024 1561 Lazaro
1068 1511 1240 1571 esset,
1292 1506 1675 1560 mentionem.
1729 1504 1988 1559 Joannes
2032 1520 2192 1569 vero,

541 1612 677 1668 quas
734 1594 968 1650 silentio
1018 1599 1313 1665 prieterita
1357 1599 1544 1659 erant,
1594 1593 1772 1648 latius
1806 1592 2042 1664 scripsit
2072 1608 2093 1659 ,'
2122 1594 2196 1647 de

3368 73 3827 120 "1‘

1860 212 2215 280 EUTHYMH
2256 212 2580 279 ZIGABENI
3699 228 3795 289 1360

2674 350 2797 403 Ὀτε
2896 356 3119 424 ἤγγισαν
3207 356 3277 416 εἰς
3360 355 3667 430 Ἰεροσόλυμα,
3732 368 3798 411 καὶ

2303 436 2453 495 ἦλθον
2506 439 2578 498 εἰς
2632 440 2743 509 (59)
2793 443 3040 513 Βηθφαγὴ
3099 449 3223 517 πρὸς
3266 448 3317 495 τὸ
3373 450 3479 517 ὅρος
3505 448 3799 511 τῶνἘλαιών,

2299 534 2411 577 τοτε
2476 528 2501 577 ὁ
2561 527 2761 589 Ἰησοῦς
2826 529 3093 583 ἀπέστειλε
3170 530 3261 584 δύο
3327 536 3564 605 μαθητὰς,
3630 541 3702 586 καὶ
3758 542 3805 587 τὰ

2302 614 2418 676 ἑξῆς
2446 630 2459 645 ⁸
2490 619 2698 690 Μάρκος
2750 616 2809 669 δε
2850 621 2929 671 ὅτι
2958 620 3080 672 Ὀτε
3113 624 3320 691 ἡγγισεν
3351 622 3455 693 (60)
3492 623 3555 684 εἰς
3583 623 3805 694 Ἰεροσολυ-

2302 724 2395 775 μα,
2424 705 2491 765 εἰς
2514 708 2755 777 Βηθφαγή
2779 712 2867 760 καὶ
2895 712 3148 767 Βηθανίαν
3167 716 3289 783 πρὸς
3310 717 3365 763 το
3383 717 3491 785 ὄρος
3514 721 3600 763 τῶν
3621 712 3806 769 Ἐλαιῶν,

2302 792 2600 846 ἀποστέλλει
2658 793 2754 847 δύο
2810 806 2907 849 τῶν
2962 800 3207 869 μαθητῶν
3246 800 3399 852 αύτου
3431 820 3442 832 ·
3474 802 3639 871 ὁμοίως
3672 798 3719 852 δὲ
3744 807 3809 851 καὶ

2302 887 2530 944 Λουκᾶς.

2374 977 2612 1024 Φαίνεται
2644 970 2731 1025 ούν
2762 977 2862 1036 ὅτι,
2899 975 3109 1039 ἐξελθὼν
3150 978 3248 1031 ἀπὸ
3307 986 3393 1030 τού
3446 983 3575 1031 οἶκον
3618 987 3692 1030 τού
3731 987 3812 1031 Λα-

2305 1059 2485 1131 ξάρου,
2539 1068 2627 1113 καὶ
2682 1062 2756 1115 ἔτι
2805 1064 2851 1116 ἐν
2898 1068 3127 1138 Βηθανίᾳ
3178 1069 3242 1118 ὡν
3295 1067 3539 1119 ἀπέστειλε
3589 1072 3691 1127 τούς
3740 1087 3814 1138 μα-

2306 1150 2486 1215 θητὰς,
2542 1156 2631 1203 καὶ
2687 1157 2880 1225 ἤγαγον
2926 1160 3019 1213 τὴν
3070 1160 3178 1208 ὄνον
3234 1161 3430 1209 καὶτὸν
3475 1156 3639 1209 πῶλον.
3676 1160 3745 1207 Διό
3780 1159 3812 1206 οἱ

2304 1241 2391 1309 μεν
2445 1239 2589 1291 ἄλλοι
2643 1241 3024 1313 εύαγγελισταὶ,
3085 1247 3150 1304 ὡς
3238 1245 3405 1305 ἁπλῶς
3486 1242 3715 1305 ὁδεύοντος
3756 1244 3813 1295 ἐπὶ

2304 1330 2369 1377 τὰ
2398 1326 2724 1401 Ἱεροσόλυμα
2777 1341 2867 1383 τού
2900 1340 3154 1404 Χριστού,
3209 1331 3523 1404 διηγοῦνται,
3566 1339 3626 1405 μή
3680 1330 3813 1384 διαχο-

2304 1415 2494 1485 ψαιτες
2559 1423 2645 1470 τὸν
2694 1420 2843 1489 λόγον
2894 1430 2987 1483 τῆς
3036 1420 3118 1473 ἐπὶ
3175 1426 3240 1474 τὰ
3300 1422 3608 1496 Ἰεροσόλυμα
3660 1428 3815 1491 πορείας

2305 1514 2366 1577 τῇ
2397 1513 2574 1579 μνήμῃ
2628 1517 2688 1581 τῇ
2737 1513 2875 1561 κατὰ
2920 1515 3005 1562 τὸν
3046 1513 3289 1585 Λάζαρον
3323 1514 3391 1563 ὀ
3439 1508 3493 1563 δε
3537 1513 3736 1569 Ἰωάννης
3771 1514 3818 1560 τὰ

2306 1602 2819 1669 παρασεσιωπημένα
2848 1602 2937 1670 μὲν
2969 1600 3281 1672 πλατύτερον
3316 1603 3516 1672 ἱστορεῖ·
3540 1603 3597 1651 τὰ
3625 1602 3734 1650 κατὰ
3756 1602 3817 1647 τὸν

540 1684 704 1757 pullo
762 1691 962 1739 autem
1016 1700 1083 1739 ac
1136 1683 1403 1753 sequenti
1457 1682 1665 1737 itinere
1706 1684 2192 1754 compendiosius

2308 1686 2471 1736 πῶλον
2504 1682 2562 1737 δὲ
2584 1692 2672 1738 καὶ
2694 1693 2786 1745 τὴν
2804 1688 2921 1750 ἑξῆς
2947 1686 3069 1740 ὁδὸν
3096 1692 3463 1764 ἐπιτομῶτερον
3498 1692 3554 1749 ὡς
3574 1698 3821 1761 προίστορη-

542 1774 706 1846 quod
730 1773 859 1843 jam
907 1774 1242 1843 conscripta
1272 1777 1482 1826 essent.

617 1862 736 1918 Hoc
754 1866 951 1917 autem
980 1862 1160 1916 etiam
1192 1861 1564 1915 considerare
1592 1866 1843 1932 oportet,
1897 1859 2055 1931 quod
2110 1858 2192 1921 bi,

541 1953 644 2024 qui
676 1951 1005 2023 palmarum
1039 1966 1239 2006 ramos
1271 1950 1599 2020 gestabant,
1633 1950 1901 2005 exierunt
1931 1949 2191 2013 obviam,

542 2040 646 2112 qui
698 2055 839 2094 vero
884 2054 1188 2093 ramorum
1242 2038 1682 2093 multitudinem
1743 2038 1821 2093 ab
1876 2036 2195 2091 arboribus

544 2127 842 2183 caedebant
856 2143 924 2183 ac
938 2126 1266 2182 sternebant
1280 2127 1333 2180 in
1352 2126 1768 2197 via,postquam
1781 2125 2192 2191 occurrissent,

545 2216 873 2284 credebant,
902 2217 975 2269 de
1002 2215 1220 2286 quibus
1244 2215 1549 2269 Matthmus
1572 2215 1872 2285 etMarcus
1898 2214 2191 2269 dixerunt.

616 2306 773 2359 Vers.
816 2308 893 2359 14.
929 2302 1174 2359 Sicut—
1213 2302 1379 2357 Vers.
1414 2308 1496 2358 15.
1550 2306 1757 2359 asinus.
1800 2302 1924 2358 Noli
1966 2304 2193 2373 timere,

544 2410 683 2449 nam
719 2398 1065 2448 mansuetus
1100 2397 1207 2457 est,
1241 2397 1441 2447 etnon
1483 2394 1635 2447 sicut
1688 2392 1879 2457 multi,
1944 2393 2041 2463 qui
2092 2392 2194 2447 tibi

542 2482 834 2539 dominati
885 2488 1042 2552 sunt,
1099 2484 1313 2548 minax,
1348 2487 1401 2537 et
1453 2482 1727 2552 injustus,
1758 2498 1828 2537 ac
1887 2487 2190 2553 tyrannus.

544 2573 750 2636 Quaere
793 2578 1011 2635 autem,
1063 2571 1163 2626 ubi
1208 2570 1487 2643 prmdicto
1537 2571 1728 2642 capite
1768 2571 2022 2625 dicitur:
2075 2570 2195 2626 Hoc

542 2672 731 2717 autem
748 2668 933 2717 totum
942 2661 1175 2729 factum
1189 2667 1292 2724 est,
1310 2668 1371 2715 ut
1393 2659 1958 2729 compteretur,quod
1978 2660 2191 2715 dictum

542 2755 623 2807 est
660 2766 768 2819 per
793 2751 1138 2820 prophetam
1160 2752 1205 2785 ³⁹
1230 2754 1286 2806 et
1323 2757 1534 2805 caetera
1560 2767 1573 2804 :
1605 2749 1687 2805 ibi
1710 2749 2001 2821 siquidem
2022 2750 2195 2804 inter-

540 2839 928 2911 pretationem
958 2839 1238 2895 invenies.

613 2928 783 2992 Quod
817 2928 864 2982 si
893 2930 1151 2984 Joannes
1204 2943 1420 2983 nomen
1454 2929 1795 2982 Mansuetus
1840 2926 2059 2992 omisit,
2119 2940 2193 2981 ne

2306 1778 2450 1844 μένα.

2382 1867 2478 1915 Καὶ
2508 1871 2657 1916 τοῦτο
2690 1862 2747 1917 δὲ
2774 1870 2883 1939 χρὴ
2917 1865 3257 1939 ἐπιτηρῆσαι,
3285 1870 3364 1919 ὅτι
3401 1870 3464 1919 τὰ
3490 1870 3570 1938 μὲν
3614 1863 3723 1937 βάία
3753 1873 3823 1915 τῶν

2306 1958 2544 2023 φοινίκων
2599 1951 2953 2024 βαστάζοντες
2986 1954 3194 2017 ἐξῆλθον
3251 1956 3321 2016 εἰς
3360 1958 3644 2012 ὑπάντησιν.
3679 1950 3823 2012 Ούςόε

2306 2044 2516 2092 ἔκοπτον
2544 2039 2768 2103 κλάδους
2790 2043 2890 2095 απὸ
2921 2052 3018 2095 τῶν
3048 2042 3278 2119 δένδρων
3304 2051 3391 2096 καὶ
3418 2044 3694 2116 ἐστρώννυον
3718 2042 3755 2093 ὲν

2305 2126 2433 2200 ὁδῷ,
2472 2134 2601 2201 μετὰ
2637 2135 2695 2183 τὸ
2740 2134 3035 2191 ὑπαντῆσαι
3074 2136 3311 2201 ἔκοπτον,
3364 2139 3473 2207 περὶ
3514 2135 3573 2183 ὧν
3619 2133 3825 2187 Ματθαῐος

2304 2223 2393 2269 καὶ
2424 2221 2632 2293 Μάρκος
2659 2217 2847 2293 εἴπον.]

2380 2311 2555 2369 Καθὼς
2586 2341 2653 2348 -
2680 2314 2815 2362 ὄνου.
2851 2310 2939 2369 Μὴ
2974 2310 3152 2383 φοϐοῦ,
3186 2315 3357 2385 πραῢς
3385 2316 3481 2385 γὰρ
3508 2310 3625 2377 ἐστι,
3653 2315 3724 2360 καὶ
3747 2309 3823 2377 οὐχ

2305 2399 2367 2456 ὡς
2390 2399 2437 2448 οἱ
2475 2398 2652 2450 πολλοὶ
2684 2408 2782 2451 τῶν
2816 2398 3245 2471 βασιλευσάντων
3286 2421 3401 2465 σου,
3433 2400 3617 2459 ἀπηνὴς
3641 2404 3714 2449 καὶ
3736 2394 3823 2447 ἁδι-

2305 2504 2389 2546 κος
2418 2492 2508 2538 καὶ
2532 2490 2748 2560 τύραννο
2760 2509 2797 2549 ς.
2827 2494 3067 2547 Ζητησον
3088 2487 3147 2541 δε
3168 2489 3217 2541 ἐν
3243 2498 3314 2559 τῷ
3343 2487 3605 2547 δηλωθέντι
3627 2487 3823 2557 κεφαλαίῳ

2305 2582 2362 2626 τό
2396 2595 2407 2606 ·
2443 2582 2607 2628 Τοῦτο
2648 2574 2707 2629 δὲ
2738 2578 2851 2629 ὅλον
2878 2582 3100 2649 γέγονεν,
3158 2580 3246 2630 ἵνα
3274 2579 3514 2650 πληρωθῇ
3540 2582 3591 2629 τὸ
3614 2576 3740 2648 ῥηθὲν
3759 2571 3825 2625 διὰ

2306 2672 2395 2715 τού
2427 2671 2717 2737 προφήτου,
2780 2673 2867 2719 καὶ
2914 2671 2977 2719 τα
3020 2667 3138 2729 ἑξῆς
3178 2685 3190 2696 ’
3227 2671 3332 2720 ἐκεῖ
3376 2670 3473 2740 γὰρ
3516 2668 3719 2740 εὑρήσεις
3760 2668 3826 2719 ’ἣν

2307 2753 2358 2827 ἐρ
2365 2760 2594 2825 μηνείαν.

2375 2931 2435 2982 Εἰ
2465 2927 2523 2983 δὲ
2563 2930 2752 3003 ἀφῆκεν
2802 2934 2827 2983 ὁ
2881 2933 3111 2994 Ἰωάννης
3147 2936 3207 2985 τὸ
3240 2937 3433 3006 ῐῙραῦς,
3464 2939 3531 3006 μὴ
3571 2933 3824 3002 θαυμάσῃς·

541 3018 882 3073 admireris:
903 3019 1239 3089 frequenter
1257 3016 1418 3071 enim
1442 3016 1730 3072 dictiones
1762 3015 1997 3087 aliquas
2026 3016 2192 3070 Vete-

2303 3019 2553 3081 πολλάκις
2606 3025 2705 3095 γὰρ
2773 3021 2929 3084 λέξεις
2994 3025 3133 3083 τινας
3200 3032 3303 3075 τῶν
3365 3032 3580 3075 παλαιῶν
3630 3019 3829 3092 παραλῳο

543 3108 624 3161 ris
655 3108 1008 3162 Testamenti
1027 3106 1385 3179 relinquunt,
1419 3106 1712 3177 autquasi
1733 3106 2036 3161 memorim
2069 3120 2189 3159 non

541 3203 939 3260 occurrentes,
956 3202 1059 3251 aut
1077 3197 1249 3268 quasi
1275 3211 1379 3268 per
1391 3212 1461 3251 ea
1490 3211 1625 3266 qum
1648 3200 1976 3266 sequuntur
2000 3193 2191 3249 decla-

542 3293 721 3341 ratas.
765 3290 910 3342 Nam
934 3302 1071 3341 cum
1104 3301 1283 3356 super
1308 3284 1540 3357 pullum
1567 3285 1767 3339 sedeat
1792 3284 1999 3350 asinm,
2024 3300 2193 3339 man-

544 3382 745 3431 suetus
785 3375 989 3446 utique
1036 3380 1124 3430 est
1153 3390 1223 3429 ac
1274 3374 1602 3429 modestus.
1647 3373 1759 3429 Sed
1782 3379 1837 3428 et
1864 3374 2064 3429 sedens
2122 3388 2191 3428 ac

542 3464 857 3521 ascendens
886 3464 1044 3519 idem
1103 3462 1457 3532 signiﬁcant,
1491 3478 1621 3518 cum
1663 3478 1761 3531 per
1808 3461 2076 3516 eamdem
2107 3462 2189 3516 di-

541 3555 799 3610 ctionem
817 3553 1163 3607 Hebraicam
1176 3550 1981 3620 signiﬁcentur.Rursumque
1994 3549 2191 3620 pullus

542 3644 728 3699 asina:
760 3642 965 3696 asinus
994 3646 1101 3704 est,
1133 3647 1189 3694 et
1217 3640 1408 3711 pullus
1452 3639 1608 3693 ﬁlius
1640 3638 1993 3708 subjugalis.

613 3733 775 3786 Vers.
810 3732 892 3785 16.
913 3730 1056 3784 Haec
1085 3760 1141 3769 —
1160 3728 1377 3797 primo.
1408 3729 1570 3792 Hiec,
1592 3734 1735 3799 puta
1768 3727 1907 3782 talia
1931 3727 2190 3798 prophe-

542 3822 658 3877 tica
682 3819 857 3885 dicta,
883 3834 1004 3873 non
1049 3823 1448 3888 cognoverunt
1472 3824 1607 3874 ante
1629 3832 1881 3880 crucem,
1923 3815 2087 3887 quod
2117 3817 2191 3872 de

542 3927 612 3967 eo
642 3909 920 3981 praedicta
947 3907 1213 3963 fuissent.

616 4000 775 4055 Vers.
814 4002 896 4054 16.
920 3997 1035 4053 Sed
1067 3998 1222 4053 —ei.
1248 3996 1571 4068 Postquam
1602 3994 1957 4065 gloriﬁcatus
1987 3999 2192 4067 estper

543 4104 781 4147 crucem
805 4087 1389 4153 etresurrectionem,
1420 4091 1558 4140 tunc
1590 4101 1694 4156 per
1726 4085 1975 4156 Spiritus
2006 4084 2190 4140 sancti

542 4179 1000 4236 descensionem
1025 4176 1317 4232 recordati
1344 4180 1498 4239 sunt,
1527 4177 1683 4246 quod
1698 4174 1822 4228 haec
1854 4174 2194 4246 praphetica

543 4270 746 4329 omnia
776 4273 1018 4341 propter
1063 4282 1201 4321 eum
1251 4265 1470 4336 scripta
1500 4269 1705 4320 essent
1744 4264 1867 4318 sive
1900 4265 1974 4318 de
2019 4279 2110 4329 eo,
2139 4268 2194 4318 et

542 4360 707 4433 quod
752 4359 879 4414 hmo
934 4356 1139 4412 omnia
1190 4370 1326 4427 quae
1380 4354 1599 4425 scripta
1649 4357 1804 4418 sunt,
1835 4352 2093 4409 fecerant
2141 4352 2191 4408 ei

540 4448 748 4506 Judaei.

616 4538 784 4592 Vers.
820 4536 907 4590 17.
932 4532 1345 4591 Testimonium
1371 4531 1554 4605 igitur
1580 4531 1929 4602 perhibebat
1952 4562 2016 4573 —
2044 4547 2193 4588 mor-

546 4627 682 4683 tuis.
704 4626 1114 4681 Testimonium
1140 4623 1494 4697 perhibebat
1522 4622 1596 4678 de
1628 4623 1821 4693 signo,
1849 4621 2013 4693 quod
2037 4622 2194 4678 circa

545 4720 828 4773 Lazarum
876 4714 1163 4771 ediderat.

614 4806 788 4863 Vers.
838 4804 924 4859 18.
956 4802 1274 4873 Propterea
1304 4830 1372 4844 -
1421 4802 1669 4875 signum.
1702 4801 1901 4860 Turba
1946 4800 2192 4873 quidem

616 5012 664 5048 "
688 5009 887 5070 Matth.
911 5024 1029 5081 ιιι,
1054 5007 1105 5065 1.
1184 5008 1226 5044 ⁸⁷
1262 5010 1436 5069 Marc.
1465 5024 1544 5077 ιι,
1582 5013 1631 5067 1.
1709 5008 1754 5044 ³⁸
1783 5007 1922 5065 Luc.
1952 5022 2074 5075 ιιι,
2106 5008 2195 5064 29.

1184 5008 1226 5044 ⁸⁷
1262 5010 1436 5069 Marc.
1465 5024 1544 5077 ιι,
1582 5013 1631 5067 1.

2304 3111 2574 3174 πάνουσιν,
2631 3112 2659 3167 ἡ
2720 3112 2785 3170 ὡς
2846 3116 2916 3182 μὴ
2960 3110 3042 3163 ἰπὶ
3085 3118 3301 3184 μνήμην
3348 3113 3522 3173 ἰούσας
3560 3108 3827 3179 euaginata-

2301 3202 2512 3269 νομένας
2574 3207 2681 3259 τοῖς
2731 3199 2867 3261 ἑξῆς.
2930 3200 3068 3253 Ἐπεὶ
3127 3204 3231 3274 γαρ
3310 3204 3531 3258 κάθηται
3591 3197 3662 3249 ἐπὶ
3704 3193 3827 3247 πῶλον

2302 3291 2437 3357 ὄνου,
2500 3291 2701 3349 πάντως
2754 3290 2924 3361 πραΰς
2977 3288 3091 3341 ἐστι
3157 3296 3247 3343 καὶ
3304 3291 3545 3349 ἐπιεικής.
3594 3286 3724 3340 Ἀλλὰ
3765 3290 3827 3332 καὶ

2301 3381 2358 3428 τὸ
2412 3379 2709 3449 Καθήμενος
2739 3383 2828 3430 καὶ
2866 3382 2924 3429 τό
2962 3377 3322 3440 Ἐπιϐεϐηχὼς
3370 3384 3425 3431 τὸ
3472 3379 3587 3429 αὐτὸ
3638 3373 3825 3431 δηλοῦσι,

2303 3469 2667 3537 σημαινούσης
2724 3468 2992 3541 ἀμφότερα
3038 3476 3131 3529 τῆς
3198 3469 3476 3543 Ἐϐραῐχῆς
3522 3467 3679 3528 λέξεως
3722 3464 3827 3509 ’καὶ

2302 3551 2450 3616 αὖθις
2476 3557 2500 3607 ὁ
2531 3556 2696 3617 πῶλος
2724 3564 2811 3616 τῆς
2844 3560 2958 3607 ὄνου
2980 3560 3086 3617 ὄνος
3115 3556 3354 3623 ἐστὶ,καὶ
3375 3558 3537 3617 πῶλος
3564 3557 3662 3614 υἱὸς
3684 3553 3827 3608 ὑποξν’

2299 3649 2437 3715 γὶου.

2370 3739 2549 3784 Ταῦτα
2606 3764 2674 3774 -
2712 3742 2929 3807 πρῶτον.
2958 3741 3155 3801 Ταῦτα,
3198 3740 3323 3793 ἤτοι
3364 3739 3431 3788 τὰ
3456 3742 3653 3787 τοιαῦτα
3682 3746 3828 3801 xposit-

2299 3824 2420 3871 τικὰ
2448 3822 2581 3895 ῥητὰ
2620 3822 2712 3874 ούκ
2738 3825 2965 3894 ἔγνωσαν
3006 3827 3103 3896 πρὸ
3133 3832 3224 3875 τοῦ
3253 3833 3482 3897 σταυροῦ
3503 3826 3577 3876 ὃτι
3600 3825 3697 3892 περὶ
3713 3816 3829 3869 αὐτςὺ

2308 3906 2329 3924 ν

2303 3928 2457 3967 ησαν.

2373 3998 2505 4051 Ἀλλ’
2546 4030 2614 4041 -
2646 3999 2805 4071 αὐτῷ.
2847 4000 2969 4053 Ὀτε
2994 3996 3259 4063 ἐδοξάσθη
3307 4001 3403 4055 διὰ
3426 4008 3514 4054 τοῦ
3547 4002 3739 4069 σταυροῦ
3770 3995 3828 4042 ni

2301 4096 2395 4147 τῆς
2417 4086 2769 4154 ἀναστάσεως,
2804 4094 2917 4142 τότε
2946 4087 3039 4142 διὰ
3068 4099 3163 4152 τῆς
3219 4089 3595 4163 ἐπιφοιτήσεως
3621 4096 3695 4138 τον
3717 4084 3826 4151 ἁγίου

2304 4180 2600 4249 Πνεύματος
2630 4178 2961 4249 ἐμνήσθησαν
2993 4181 3072 4230 ὃτι
3101 4187 3267 4231 ταῦτα
3302 4184 3369 4231 τὰ
3414 4178 3686 4253 προγητικὰ
3708 4174 3828 4224 πάντα

2304 4263 2376 4317 δι’
2404 4267 2559 4319 αὐτὸν
2582 4268 2695 4338 (61)
2730 4265 2863 4325 ἦσαν
2902 4272 3256 4341 γεγραμμένα,
3294 4274 3414 4328 ἦτοι
3454 4274 3565 4342 περὶ
3596 4262 3825 4325 «ﬁrmat

2303 4357 2383 4407 ὁτι
2421 4363 2588 4408 ταῦτα
2638 4358 2808 4409 πάντα
2846 4359 2911 4408 τὰ
2956 4361 3295 4430 γεγραμμένα
3354 4357 3596 4415 ἐποίησαν
3642 4352 3755 4419 αὐτῷ
3796 4346 3824 4395 οἱ

2307 4440 2578 4497 Ἰουδαῖοι.

2374 4534 2684 4608 Ἐμαρτύρει
2713 4530 2799 4587 οὖν
2820 4566 2887 4575 -
2916 4542 3125 4608 νεκρῶν.
3151 4539 3472 4612 Ἐμαρτύρει
3500 4539 3609 4610 περὶ
3634 4536 3708 4583 τοῦ
3732 4526 3822 4578 κατὰ

2303 4625 2388 4675 τὸν
2410 4625 2653 4697 Λάζαρον
2687 4628 2929 4697 σημείου.

2375 4806 2471 4856 Διὰ
2523 4812 2675 4858 τοῦτο
2726 4834 2795 4847 --
2847 4811 3079 4878 σημεῖον.
3130 4803 3189 4856 ’0
3249 4806 3416 4879 ὄχλος
3460 4808 3547 4878 μὶν
3601 4810 3684 4855 τῶν
3729 4812 3819 4851 πνι-

2274 5009 2319 5044 ¹⁹
2362 5008 2556 5065 Matth.
2598 5024 2710 5074 ιιι.
2743 5011 2795 5066 4.

1792 5213 2017 5284 Variae
2041 5213 2368 5284 lectiones
2414 5224 2479 5284 et
2523 5223 2723 5285 notae.

636 5416 724 5492 58)
754 5415 841 5477 Ita
879 5412 1127 5492 correxi,
1170 5415 1296 5492 loco
1324 5417 1403 5467 ὅτι
1442 5428 1519 5469 τε.

611 5486 729 5565 (59)
771 5494 1053 5563 Βηθσφαγὴ
1071 5486 1398 5565 legebatur.

618 5553 731 5637 (60)
766 5553 941 5637 Apud,
965 5553 1226 5637 Marcum
1248 5564 1352 5637 est,
1386 5555 1709 5637 ζγγᾷςονσεν.
1746 5558 1861 5637 ljec
1920 5553 2089 5637 aliter
2113 5554 2196 5637 ibi

618 5577 731 5637 (60)
766 5577 933 5637 Apud
965 5577 1226 5618 marcum
1248 5577 1352 5621 eet,
1387 5577 1709 5683 ἓγιιιουσιν.
1746 5577 1861 5611 nec
1920 5577 2086 5611 aliter
2113 5577 2193 5611 ιω

540 5639 601 5699 in
630 5642 905 5695 contextu
932 5635 1155 5691 habent
1178 5628 1354 5687 codd.
1444 5626 1713 5699 uthymii.
1747 5628 1844 5684 Est
1881 5642 2023 5699 ergo
2074 5627 2193 5683 hic.

2308 5413 2603 5485 corruptio
2631 5427 2737 5484 per
2756 5411 3273 5484 negligentiam,ex
3298 5413 3437 5471 loco
3456 5409 3703 5487 parellelo
3724 5402 3812 5459 Mal'
3896 5422 3899 5475 ξ

2308 5485 2465 5531 thmi.
2500 5487 2563 5531 Et.
2595 5486 2916 5531 Hentenins
2937 5485 3178 5531 nnidem
3203 5490 3459 5531 ﬁ'mtaaaL
3485 5493 3545 5531 nt
3568 5474 3809 5531 habet”?

2308 5485 2465 5540 thaei.
2482 5482 2563 5539 'Et
2593 5482 2916 5541 Hentenihs
2930 5482 3180 5558 quidem
3203 5482 3545 5559 ἧγγισανξΜ
3564 5482 3714 5541 habet

2309 5556 2522 5621 thteus,
2555 5557 2784 5611 videtur
2812 5556 3053 5627 legisse.

2376 5628 2490 5701 (61)
2528 5628 2613 5685 lta
2650 5628 2906 5701 explicat
2942 5632 2999 5682 τὸ
3029 5628 3106 5683 ἐπ’
3129 5627 3286 5704 αὐτῷ.
