4022 6232
256 279 387 339 1361

1243 279 1613 339 COMMENT.
1655 279 1725 338 ιΝ
1762 280 2108 339 JOANNEM.
2152 313 2219 324 -—
2257 281 2413 340 CAP.
2456 281 2575 339 XII.

3466 287 3611 348 1362

252 414 419 461 καῦτα
466 407 858 462 πιστευσάντων
945 404 1241 483 ἐμαρτύρεν
1306 408 1332 459 ό
1406 405 1561 480 ὄχλος
1634 403 1693 461 δὲ
1744 415 1812 461 τῶ

1961 424 2171 467 eorum
2198 410 2305 483 qui
2327 415 2467 469 tunc
2494 409 2887 479 crediderant,
2905 413 3309 473 testimonium
3337 415 3608 489 perhibe-

250 495 581 551 ἀκουσάντων
608 498 900 556 ὑπήντησεν
932 498 1070 566 αύτῷ
1096 498 1207 570 μετ’
1238 496 1426 551 αὐτῶν.

317 679 385 730 Οἱ
430 684 517 729 οῦν
577 683 853 751 Φαρισαῖοι
903 708 971 717 -
1019 676 1235 736 ἀπῆλθε.
1294 680 1499 750 Κόσμον
1547 678 1615 728 τά
1665 674 1838 735 πλήθη

244 763 504 837 λέγουσιν·
581 766 787 819 Ὀπίσω
868 764 926 819 δὲ
1006 766 1166 819 αὐτοῦ
1246 765 1490 833 ἀπῆλθεν,
1575 764 1688 818 ἀντὶ
1750 773 1840 818 τού

247 854 546 909 ’Δκολουθεῖ
605 855 765 926 αὐτῷ.
821 856 881 910 Ei
948 858 1038 928 μὲν
1113 853 1201 908 οὖν
1253 859 1568 932 Φαρισαίους
1621 853 1842 908 ἐνταῦθα

241 950 448 1005 νοήσεις
501 948 624 1006 τούς
681 943 1123 1009 ἐπιϐουλεύοντας,
1178 950 1465 1019 μέμφονται
1517 944 1720 1006 ἑαυτοῖς
1776 948 1842 1006 ὡς

240 1033 334 1085 ούκ
384 1032 630 1087 ἀνύουσιν
668 1030 819 1088 ούδεν
860 1030 953 1088 διὰ
979 1034 1258 1110 ρᾳθυμίανο
1318 1036 1363 1089 εἰ
1398 1031 1458 1088 δὲ
1487 1034 1676 1107 μᾶλλον
1722 1038 1840 1095 τούς

237 1126 617 1185 πιστεύσαντας
665 1126 756 1196 μεν
803 1126 1125 1197 κρύπτοντας
1168 1121 1227 1177 δὴ
1273 1129 1366 1183 τὴν
1408 1128 1588 1177 πίστιν
1628 1120 1722 1177 διὰ
1750 1126 1836 1176 τὸν

237 1210 391 1284 φόϐον
417 1220 516 1264 τῶν
554 1211 738 1264 ἄλλων·
772 1217 1060 1285 μέμφονται
1092 1213 1207 1265 καθ’
1240 1213 1452 1275 ἑαυτούς
1478 1221 1589 1275 τοῖς
1630 1212 1837 1266 ἐπιϐου-

233 1299 471 1353 λεύουσιν
526 1304 597 1363 ὡς
648 1303 819 1374 μάτην
870 1298 1242 1363 σπουδάζουσι
1302 1306 1392 1355 καὶ
1438 1302 1532 1354 ούκ
1590 1300 1834 1356 ἀνύουσιν

236 1385 408 1444 οὐδέν.

376 1574 520 1622 ΚΕΦ.
560 1566 660 1622 ιε’.
707 1572 833 1643 Περὶ
871 1576 970 1621 τῶν
998 1567 1382 1641 προσελθόντων
1410 1567 1683 1627 Ἐλλὼνων.

300 1656 469 1709 Ἦσαν
545 1687 610 1701 -ι
695 1656 863 1729 ἑορτῇ.
943 1656 1127 1711 Πολλοὶ
1199 1659 1301 1730 γάρ
1375 1657 1610 1720 Ἓλληνες

223 1744 579 1818 ἀσπαζόμενοι
655 1750 743 1804 τὴν
817 1748 1098 1818 θρησκείαν
1172 1755 1271 1799 τῶν
1361 1745 1654 1812 Ἰουδαίων,

223 1834 451 1898 θέλοντες
464 1837 706 1907 γενέσθαι
731 1834 1054 1908 προσήλυτοι
1079 1834 1339 1889 ἀνέϐαινον
1365 1840 1450 1889 καὶ
1472 1839 1820 1911 προσεκύνουν

219 1927 270 1977 εν
300 1931 363 1982 τῆ
407 1923 579 1998 ἑορτῇ.

1713 1659 1826 1731 (62)

289 2013 450 2065 Οὗτοι
499 2044 567 2054 -
619 2009 775 2068 ἰδεῖν.
816 2015 1156 2075 Ἀκούσαντες
1185 2019 1277 2073 τὴν
1307 2020 1424 2089 περὶ
1452 2014 1613 2067 αὑτοῦ
1644 2019 1820 2088 φήμην

220 2101 455 2155 θέλουσιν
485 2101 641 2154 αύτὸν
673 2099 824 2156 ἰδεῖν.

283 2197 539 2265 Ἔρχεται
580 2222 644 2232 --
686 2188 924 2267 Ἀνδρέᾳ.
980 2197 1103 2266 Περὶ
1158 2200 1257 2244 τῶν
1313 2192 1559 2251 Ἑλλήνων
1605 2196 1812 2257 τούτων,

215 2282 281 2340 ὡς
303 2279 418 2352 (63)
444 2285 678 2353 πρώτων.

289 2374 393 2422 Καὶ
425 2368 575 2421 πάλιν
609 2400 671 2410 -
706 2367 1001 2445 ἀνθρώπου.
1045 2369 1184 2424 Ἐπεὶ
1229 2374 1344 2424 τότε
1372 2370 1567 2444 ἔμελλεν
1618 2370 1820 2425 ἀποθα-

212 2465 315 2509 νεῖν
346 2459 426 2510 ὅτε
457 2459 507 2510 οἱ
535 2460 625 2528 μεν
658 2454 909 2512 Ἰουδαῖοι
936 2465 1241 2533 κυρώσουσι
1271 2463 1356 2511 τὸν
1387 2460 1547 2513 αὐτοῦ
1578 2462 1815 2529 θάνατον,

215 2550 282 2598 τά
348 2542 409 2599 δε
478 2547 596 2605 ἔθνη
664 2546 912 2622 ἄρξονται
980 2549 1377 2623 προσέρχεσθαι
1429 2548 1588 2619 αύτῷ·
1644 2553 1818 2620 γέγονε

214 2631 276 2687 δι
307 2631 414 2694 ἤδη
453 2640 724 2688 καὶτοῦτο
777 2634 1003 2688 κάκεῖνο⁶
1047 2635 1101 2699 ἐξ
1150 2636 1304 2689 ἐθνῶν
1333 2639 1435 2709 ’γάρ
1480 2637 1529 2689 οἱ
1577 2638 1819 2712 ῥηθέντες

210 2722 464 2785 Ἕλληνες.
520 2729 700 2783 Φησίν·
752 2724 1025 2784 Ἐλήλυθεν
1082 2726 1109 2777 ό
1156 2729 1352 2801 καιρὸς,
1414 2728 1497 2779 ἱνα
1551 2724 1814 2782 ἀποθάνω.

212 2816 360 2867 Μετὰ
409 2816 508 2886 γὰρ
578 2817 663 2865 τὸν
732 2815 949 2866 θάνατον
1005 2819 1095 2867 καὶ
1167 2819 1256 2872 τὴν
1312 2813 1602 2869 ἀνάστασιν
1648 2816 1816 2889 ἔμελλε

211 2898 548 2965 δοξασθῆυαι
630 2901 678 2954 ἐν
748 2909 882 2956 πᾶσι
924 2911 1032 2965 τοῖς
1078 2905 1266 2969 ἔθνεσι,
1315 2906 1668 2976 κηρυχθέντος
1721 2914 1814 2959 τοῦ

210 2991 523 3062 Εὗαγγελίου
576 2990 625 3043 ἐν
687 2990 786 3063 ὅλῳ
838 2999 911 3063 τῷ
968 2996 1171 3064 κόσμῳ.
1244 2998 1343 3046 Καὶ
1392 2994 1476 3046 ὅτε
1526 2990 1710 3057 ἔδοξαν
1764 2996 1813 3048 οἱ

204 3076 461 3134 Ἰουδαῖοι
510 3079 699 3133 σϐέσαι
725 3085 818 3139 τὴν
850 3077 1010 3145 δόξαν
1062 3082 1245 3147 αὐτοῦ,
1297 3087 1411 3135 τότε
1460 3082 1577 3156 (64)
1618 3083 1810 3156 μᾶλλον

199 3169 430 3241 ἔλαμψεν
460 3170 534 3232 εἰς
562 3176 737 3223 πᾶσαν
770 3175 863 3229 τὴν
892 3171 1221 3242 οἰκουμένην.

276 3260 298 3330 [
357 3260 496 3312 Ἐπεὶ
546 3258 660 3331 (65)
718 3259 804 3312 οὖν
853 3256 1110 3313 Ἰουδαῖοι
1154 3264 1243 3332 μεν
1299 3264 1429 3331 μετά
1482 3256 1807 3332 διασκέψεως

197 3346 471 3421 ἐκύρωσαν
522 3352 611 3400 τόν
664 3348 819 3401 αὐτού
881 3350 1119 3412 θάνατον,
1168 3352 1236 3400 *ιά
1283 3351 1401 3407 ἔθνη
1437 3346 1497 3402 δε
1543 3350 1807 3410 ἐζήτησαν

195 3436 382 3501 αὐτὸν,
432 3434 637 3499 ἀνάξιον
683 3433 743 3494 ἦν
789 3444 884 3498 τῆς
921 3445 1012 3489 τοῦ
1065 3444 1200 3490 Θεοῦ
1248 3434 1592 3498 δικαιοσύνης
1642 3458 1805 3512 παρα·

195 3530 370 3597 μένειν
420 3527 496 3577 ἔτι
539 3531 650 3587 τοῖς
700 3523 930 3586 ἀνιάτοις
973 3531 1063 3579 καὶ⁸
1109 3533 1355 3601 περιορᾴν
1402 3532 1522 3590 τούς
1570 3527 1808 3600 ἑτοίμους

194 3614 273 3676 εἰς
325 3614 613 3687 θεραπείαν.
683 3619 781 3667 Καὶ
848 3611 994 3666 ὃιατί
1059 3620 1131 3686 μὴ
1202 3615 1386 3688 μετέϐη
1445 3622 1560 3670 τότε
1612 3616 1696 3669 ἐπὶ
1743 3620 1808 3669 τά

191 3704 370 3767 ἓθνη;
424 3704 518 3753 Διά
573 3705 631 3754 τὸ
686 3701 931 3776 περιελεῖν
982 3708 1155 3755 πᾶσαν
1230 3703 1511 3776 ἀπολογίαν
1563 3704 1804 3777 ἀγνωμο-

192 3792 358 3851 σύνης
403 3799 500 3842 τῶν
545 3787 831 3845 Ἰουδκίων·
885 3791 942 3844 ού
995 3797 1146 3863 μόνον
1176 3796 1277 3867 γὰρ
1310 3794 1461 3854 αὐτὸς
1492 3794 1550 3846 ού
1590 3794 1801 3866 μετέϐη,

188 3876 309 3929 ἀλλ’
354 3876 479 3931 ούδὶ
508 3882 628 3941 τούς
674 3880 915 3952 μαθητὰς
964 3879 1156 3953 ἀνῆκεν
1199 3881 1267 3941 εἰς
1311 3878 1434 3934 ὁδόν
1461 3879 1614 3933 ἐθνῶν
1646 3880 1800 3934 ἀπελ-

186 3969 323 4033 θεῖν,
367 3972 459 4021 κοιὶ
506 3972 671 4042 μυρία
724 3972 950 4040 πάσχων
1016 3971 1114 4022 ὑπὸ
1173 3978 1272 4021 τῶν
1338 3968 1647 4043 ἀχαρίστων
1707 3971 1801 4022 οὐκ

181 4054 353 4116 ἀνῆκε
434 4053 731 4123 διδάσκων,
809 4059 1119 4129 θεραπεύων,
1213 4062 1300 4111 καὶ
1373 4060 1540 4111 πάντα
1608 4063 1798 4134 τρόπον

179 4146 490 4220 εὐεργετῶν,
521 4148 614 4209 ἕως
644 4145 836 4200 ἀνεῖλον
859 4146 1062 4220 αύτόν.]

255 4234 424 4307 Ἀμὴν
482 4267 547 4277 -
602 4238 762 4308 φέρει.
842 4239 1313 4312 Παραμυθούμενος
1376 4241 1500 4300 τούς
1555 4239 1796 4309 μαθητὰς

173 4322 284 4378 διὰ
340 4321 765 4398 παραδείγματος
822 4322 1190 4379 ἀποδείκνυσιν
1257 4329 1338 4379 ὅτι
1392 4331 1652 4400 συμφέρον
1703 4333 1794 4381 καὶ

174 4413 472 4485 ἀναγκαῖον
534 4413 807 4466 ἀποθανεῖν
873 4414 1046 4468 αὐτόν.
1119 4419 1318 4488 Τρὸπον
1378 4418 1480 4488 γὰρ
1559 4420 1708 4470 σίτου
1765 4419 1791 4470 ό

176 4506 409 4565 θάνατος
458 4503 575 4574 (66)
629 4502 792 4556 αὐτοῦ
830 4503 1045 4565 πολλοὺς
1097 4511 1500 4579 καρποφορήσει,
1536 4511 1625 4559 καὶ
1654 4526 1791 4577 ’γονι-

172 4599 428 4666 μὼτατος
462 4596 611 4646 ἕσται
656 4596 742 4644 καὶ
778 4588 1068 4666 κερδαλέος.
1124 4596 1219 4646 Διά
1266 4600 1358 4652 τὴν
1406 4594 1789 4669 προρρηθεῖσαν

171 4684 292 4756 γὰρ
340 4681 514 4735 αἰτίαν
559 4685 688 4754 μετά
739 4684 825 4734 τὸν
875 4683 1093 4735 θάνατον
1147 4682 1308 4735 αὐτοῦ
1359 4682 1562 4755 ἔμελλον
1591 4686 1663 4741 ,οἱ
1691 4704 1787 4757 μα-

173 4772 349 4830 θηταὶ
405 4773 523 4843 (67)
580 4770 739 4823 αὐτοῦ
796 4770 1156 4830 ἀποσταλῆναι
1211 4771 1281 4834 εἰς
1335 4776 1392 4824 τὸ
1458 4773 1788 4845 μαθητεῦσαί

1735 1754 1825 1802 καὶ
1867 1765 1907 1820 Β

1957 497 2095 567 bat;
2128 500 2302 558 turba
2327 515 2462 557 vero
2493 516 2697 557 eorum
2736 501 2839 574 qui
2893 502 3230 572 audierant,
3276 504 3513 563 obviam
3551 508 3608 565 ei

1954 605 2094 647 cum
2122 590 2235 647 illis
2269 590 2572 663 processit.

2021 680 2183 738 Vers.
2222 685 2305 737 19.
2336 681 2626 738 Phariswi
2650 696 2872 752 ergo—
2900 681 3068 738 abiit.
3095 683 3380 740 Mnudum
3401 684 3608 745 dicunt

1949 769 2414 827 multitudinem.
2441 770 2573 826 Post
2608 785 2743 827 eum
2791 770 2957 834 abiit,
3011 771 3126 827 hoc
3178 777 3288 841 est,
3339 775 3607 846 sequitur

1951 875 2110 915 eum.
2144 860 2203 916 Si
2231 859 2410 930 igitur
2429 875 2536 931 per
2564 859 2895 916 Pharisaaos
2919 859 3212 930 intelligas
3231 861 3607 920 insidiatores

1949 948 2063 1004 sibi
2086 949 2230 1020 ipsis
2252 948 2659 1020 indignantur,
2685 949 2846 1022 quod
2872 964 2994 1021 prin
3020 951 3271 1020 segnitie
3298 951 3446 1007 nihil
3471 968 3606 1024 pro-

1950 1037 2154 1094 ﬁciant
2185 1054 2200 1105 ;
2231 1039 2279 1094 si
2307 1054 2447 1094 vero
2499 1054 2627 1106 eos,
2678 1038 2784 1111 qui
2826 1037 3226 1105 crediderant,
3266 1041 3373 1097 sed
3419 1042 3605 1100 ﬁdem

1950 1132 2187 1200 propter
2206 1127 2462 1184 aliorum
2492 1127 2770 1184 timorem
2788 1127 3189 1194 occultabant,
3211 1128 3603 1200 indignantur

1945 1217 2101 1288 apud
2127 1232 2189 1272 se
2226 1215 2693 1284 insidiatoribus,
2743 1216 2912 1291 quod
2969 1216 3191 1275 frustra
3235 1216 3599 1287 laborarent,

1943 1304 2212 1379 nihilque
2237 1305 2611 1379 proﬁcerent.

2151 1502 2303 1557 CAP.
2338 1500 2454 1556 XV.
2485 1502 2571 1558 De
2600 1502 2817 1559 Gracis
2842 1501 2947 1574 qui
2989 1506 3378 1559 accesserunt.

2011 1607 2172 1665 Vers.
2243 1613 2333 1666 20.
2386 1610 2823 1681 Erant-fato.
2884 1607 3038 1666 Multi
3072 1608 3370 1682 siquidem
3413 1609 3599 1669 (ἓτξοὶ

1937 1697 2160 1753 cultum
2178 1696 2825 1766 amantesJudaaorum,
2848 1701 2904 1754 et
2919 1697 3231 1769 cupientes
3245 1698 3372 1755 ﬁeri
3394 1714 3597 1772 prose-

1940 1786 2042 1860 lyti
2063 1786 2468 1844 ascendebant
2488 1792 2542 1845 et
2572 1787 2906 1845 adorabant
2946 1787 3006 1844 in
3034 1786 3201 1845 festo.

2008 1982 2176 2040 Vers.
2212 1986 2299 2039 21.
2332 1983 2416 2039 Hi
2436 2014 2502 2024 —
2535 1983 2751 2042 videre.
2778 1982 2927 2041 Cum
2945 1983 3021 2040 de
3048 1984 3181 2057 ejus
3202 1983 3367 2043 fama
3387 1984 3593 2043 audis-

1936 2076 2085 2139 sent,
2108 2072 2359 2145 cupiunt
2386 2088 2524 2128 eum
2550 2072 2766 2129 videre.

2005 2162 2168 2218 Vers.
2224 2161 2311 2216 22.
2372 2162 2537 2218 Venit
2602 2194 2672 2204 —
2704 2162 2975 2219 Andreae.
3038 2164 3117 2219 De
3170 2161 3389 2219 Grmcis
3461 2162 3590 2221 istis

1933 2255 2223 2323 tanquam
2256 2251 2491 2321 majori.

2004 2339 2169 2396 Vers.
2192 2339 2283 2397 22.
2317 2340 2707 2411 Rursumque.
2732 2340 2971 2395 —Vers.
3004 2343 3098 2397 23.
3138 2338 3410 2397 hominis.
3440 2339 3592 2406 Quia

1930 2432 2073 2484 tunc
2097 2428 2363 2485 futurum
2423 2434 2569 2493 erat,
2604 2432 2667 2484 ut
2722 2431 3072 2494 moreretur,
3113 2444 3253 2484 cum
3299 2428 3490 2485 Judmi
3516 2430 3589 2487 de

1930 2518 2060 2590 ejus
2080 2523 2267 2574 morte
2288 2519 2641 2574 sententiam
2665 2517 2954 2585 tulissent,
2971 2522 3180 2591 gentes
3201 2533 3340 2575 vero
3353 2517 3430 2575 ad
3448 2535 3587 2575 eum

1929 2607 2212 2663 accedere
2242 2607 2579 2679 ccepissent.
2640 2609 2806 2663 Nunc
2850 2610 3053 2662 autem
3107 2611 3164 2663 et
3210 2607 3326 2663 hoc
3356 2611 3411 2664 et
3441 2606 3589 2663 illud

1928 2694 2150 2752 factum
2191 2699 2279 2751 est
2319 2712 2333 2762 ;
2368 2711 2509 2751 nam
2539 2699 2595 2751 et
2618 2693 2760 2751 dicti
2807 2693 2997 2751 (ἰτωοὶ
3036 2710 3067 2750 e
3095 2694 3371 2763 gentibus
3395 2700 3583 2751 erant.

1927 2783 2021 2841 Ait
2062 2802 2075 2840 :
2108 2784 2281 2840 Venit
2315 2789 2579 2856 tempus,
2607 2788 2670 2839 ut
2694 2783 2930 2847 moriar,
2960 2782 3254 2855 siquidem
3284 2788 3414 2855 post
3432 2797 3586 2839 mor-

1926 2876 2043 2928 tem
2059 2889 2126 2928 ac
2140 2872 2634 2928 resurrectionem
2648 2870 3073 2942 gloriﬁcandus
3089 2876 3211 2928 erat
3226 2871 3286 2927 in
3301 2870 3582 2928 omnibus

1925 2960 2556 3032 gentibus,pra3dicato
2587 2959 2978 3032 Evangelioin
3008 2958 3290 3016 universo
3317 2959 3573 3018 mundo.

1924 3048 2193 3123 Cumque
2270 3048 2612 3106 exstinxisse
2638 3048 2751 3104 sibi
2828 3048 2937 3104 visi
3006 3053 3147 3104 sunt
3200 3048 3391 3105 Judaei
3450 3049 3582 3121 ejus

1852 3115 1890 3169 (ἶ
1924 3137 2196 3209 gloriam,
2238 3144 2380 3195 tunc
2406 3139 2467 3194 in
2494 3137 2774 3195 universo
2796 3137 2940 3194 orbe
2971 3137 3163 3208 magis
3180 3138 3569 3210 resplenduit.

1995 3226 2145 3294 Quia
2170 3242 2307 3299 ergo
2326 3227 2355 3283 J
2366 3227 2518 3283 udasi
2536 3243 2674 3283 cum
2686 3226 3111 3283 deliberatione
3124 3226 3480 3284 sententiam
3501 3228 3579 3285 de

1920 3334 2049 3404 ejus
2074 3339 2264 3391 morte
2292 3333 2565 3403 tulerant,
2593 3333 2909 3405 indignum
2947 3340 3073 3390 erat
3106 3333 3202 3389 Dei
3227 3332 3480 3405 justitia,
3515 3338 3579 3391 ut

1918 3423 2139 3478 diutius
2168 3424 2332 3495 apud
2362 3422 2721 3480 incurabiles
2747 3427 3141 3494 permaneret,
3185 3438 3433 3496 eosque,
3471 3423 3577 3498 qui

1917 3512 1989 3568 ad
2018 3513 2391 3570 sanationem
2433 3514 2625 3583 parati
2664 3517 2852 3579 erant,
2900 3511 3251 3585 despiceret.
3295 3512 3358 3567 Et
3387 3528 3574 3584 quare

1914 3605 2057 3658 tunc
2087 3601 2166 3658 ad
2212 3609 2416 3674 gentes
2463 3616 2587 3657 non
2640 3602 2910 3658 transivit
2965 3601 2993 3657 ‘I
3043 3600 3115 3658 Ut
3159 3616 3405 3658 omnem
3462 3602 3572 3675 (ee)

1915 3690 1943 3745 J
1954 3692 2249 3748 udaaorum
2264 3691 2333 3747 de
2348 3691 2587 3762 perﬁdia
2598 3691 3046 3763 responsionem
3067 3690 3567 3750 circumcluderet:

1914 3795 2037 3836 non
2068 3780 2263 3837 solum
2293 3779 2454 3837 enim
2484 3781 2606 3853 ipse
2637 3796 2758 3837 non
2790 3780 3079 3846 transivit,
3104 3779 3212 3836 sed
3239 3796 3348 3836 nec
3394 3780 3568 3837 disci-

1913 3870 2086 3941 pulos
2108 3870 2170 3926 in
2212 3872 2367 3927 viam
2394 3872 2659 3942 gentium
2686 3871 2850 3927 abire
2899 3871 3184 3942 permisit,
3230 3886 3570 3944 passusque

1912 3958 1990 4013 ab
2022 3959 2266 4031 ingratis
2297 3959 2634 4023 innumera,
2667 3974 2789 4016 non
2838 3958 3075 4031 reliquit
3116 3958 3269 4025 illos,
3315 3958 3563 4025 docens,

1910 4061 2136 4102 sanans
2166 4063 2236 4103 ac
2266 4047 2462 4104 modis
2489 4048 2771 4104 omnibus
2802 4047 3088 4105 beneﬁcia
3106 4053 3423 4121 praestans,
3464 4049 3566 4104 do-

1907 4148 2016 4189 nec
2045 4132 2213 4190 illum
2246 4135 2610 4191 occiderunt.

1976 4241 2143 4298 Vers.
2167 4244 2257 4299 24.
2283 4244 2473 4298 Amen
2504 4271 2567 4283 --
2601 4241 2798 4311 aﬂ’ert.
2836 4240 3168 4313 Discipulos
3194 4238 3553 4308 consolatur,

1901 4329 2224 4386 ostendens
2248 4345 2355 4400 per
2370 4328 2731 4402 exemplum,
2748 4328 2912 4401 quod
2939 4328 3077 4385 utile
3103 4329 3258 4384 sitac
3284 4342 3560 4385 necessa-

1902 4419 2060 4475 rium
2118 4423 2180 4475 ut
2232 4420 2360 4491 ipse
2390 4419 2675 4475 moriatur
2712 4434 2727 4483 ;
2759 4433 2902 4474 nam
2958 4417 3018 4473 in
3075 4416 3316 4473 modum
3381 4416 3557 4474 tritici

1902 4524 2063 4564 mors
2093 4508 2225 4581 ejus
2254 4509 2472 4564 multos
2491 4506 2696 4564 afferet
2719 4506 2969 4575 fructus,
3002 4504 3233 4579 eritque
3262 4505 3464 4563 fertilis
3485 4522 3557 4565 ac

1902 4596 2078 4655 utilis.
2110 4597 2355 4670 Propter
2384 4595 2732 4669 praedictam
2772 4595 2932 4652 enim
2963 4611 3211 4652 causam
3240 4599 3376 4669 post
3404 4612 3557 4654 mor-

1898 4689 2017 4742 tem
2043 4702 2208 4743 suam
2237 4685 2564 4758 discipulos
2593 4702 2735 4743 suos
2759 4685 3047 4742 missurus
3075 4689 3203 4743 erat
3250 4686 3308 4741 in
3341 4701 3555 4743 omnes

1897 4780 2120 4846 gentes,
2139 4780 2199 4831 ut
2231 4775 2362 4847 jam
2389 4790 2550 4832 mors
2570 4775 2702 4847 ejus
2730 4774 2842 4830 vita
2877 4779 3030 4833 esset
3087 4776 3379 4848 gentium.
3410 4776 3554 4833 Mor-

1388 5002 1610 5071 Varias
1650 5004 1974 5074 lectiones
1995 5014 2059 5073 et
2089 5013 2289 5074 notae.

239 5250 361 5315 (62)
396 5249 730 5311 Ἠσπάζοντο
760 5252 825 5306 Α.

264 5322 363 5393 63)
421 5325 618 5395 Πρώτῳ
663 5321 1112 5395 corrigendum,
1175 5321 1424 5380 refertur
1481 5323 1636 5379 enim
1706 5323 1783 5380 ad

156 5392 395 5466 ἁνδρέᾳ.
438 5392 628 5466 Atque
658 5392 739 5466 ita
772 5394 1114 5449 Hentenius.

239 5450 364 5535 (64)
398 5450 605 5518 Μᾶλλον
636 5464 800 5521 abest
828 5468 898 5520 Α.

1967 5253 2082 5319 (65)
2114 5252 2345 5308 Inclusa
2373 5252 2592 5310 absunt
2615 5256 2680 5311 Δ.

1967 5324 2079 5389 (66)
2109 5327 2312 5386 Αύτούς
2338 5325 2564 5381 omisso
2589 5325 2807 5389 πολλούς
2822 5333 2878 5382 Β.
2914 5329 2921 5337 ’

1967 5325 2056 5388 (66
2109 5327 2312 5386 aerea;
2338 5325 2564 5381 omisso

1965 5325 2079 5468 (67)
2104 5398 2277 5450 Αὐτοῦ
2303 5396 2475 5453 abest
2500 5401 2565 5452 Α.

238 5668 379 5743 3e)
405 5668 491 5728 tU
511 5685 757 5737 omnem,
787 5673 898 5727 etc.
929 5670 994 5728 Ut
1023 5685 1266 5728 omnem
1295 5670 1665 5743 ingratorum
1701 5671 2045 5731 Judaaorum
2075 5673 2520 5733 excusationem
2545 5673 2784 5735 tolleret.
