4022 6232
497 268 638 329 1363

1811 269 2163 329 EUTHYMII
2202 269 2536 329 ZIGABENI

3666 280 3763 337 436i

496 402 615 456 tem
645 395 1291 469 autemtriticiintellige
1306 396 1448 454 mihi
1477 399 2145 472 corruptionemipsius.

2277 402 2428 453 τοίντα
2490 402 2555 452 τὰ
2610 400 2750 469 Ξθνη,
2809 403 2898 454 καὶ
2957 398 3134 455 λοιπόν
3186 401 3211 454 ό
3262 404 3459 464 θανάτος
3507 403 3642 457 αὐτοῦ
3688 406 3768 467 ζωὴ

500 488 721 545 Deinde
736 488 869 544 illos
882 502 1123 560 quoque
1138 486 1425 553 accendit,
1452 493 1515 543 ut
1533 493 1781 543 mortem
1796 488 2148 559 despiciant,

496 594 607 635 nec
638 579 694 633 in
722 577 1034 649 propositis
1070 576 1349 647 periculis
1404 577 1727 633 retinendae
1776 578 1908 633 vitm
1948 578 2151 650 cupidi

501 669 636 734 sint,
679 682 861 738 supra
892 665 1093 737 fidem,
1122 683 1251 739 quin
1279 667 1334 722 in
1360 666 1560 739 ipsum
1588 672 1697 724 est.

571 846 735 902 Vers.
779 849 864 901 25.
900 845 1006 912 Qui
1036 876 1104 886 —
1128 860 1283 901 eam.
1335 846 1442 911 Qui
1474 850 1740 918 tempore
1780 846 2045 917 martyrii
2074 846 2157 901 vi-

500 938 573 990 tae
602 934 926 991 retinendae
955 933 1211 1005 cupidus
1244 939 1348 999 est,
1409 934 1741 1005 obsequens
1776 936 1990 990 animae
2034 951 2157 989 sua:

500 1024 635 1096 plus
660 1040 841 1095 quam
867 1028 1155 1094 oporteat,
1181 1039 1392 1078 amans
1414 1040 1547 1079 eam
1569 1024 1723 1079 male
1741 1024 2159 1094 concupiscen-

501 1117 659 1168 tem:
699 1113 787 1168 Ne
814 1112 1136 1182 gradiaris,
1174 1113 1274 1177 ait,
1307 1113 1367 1166 in
1428 1113 1909 1181 concupiscentiis
1942 1112 2159 1168 animm

502 1202 697 1257 tuae“.
728 1201 835 1267 Qui
856 1204 1019 1255 amat
1048 1216 1183 1255 eam
1222 1217 1405 1273 supra
1440 1201 1648 1264 Deum,
1693 1201 1895 1273 perdet
1928 1217 2061 1257 eam
2098 1203 2158 1256 in

501 1288 701 1345 futuro
750 1289 990 1353 saeculo,
1032 1289 1146 1344 hoc
1188 1294 1275 1344 est
1332 1290 1392 1345 in
1449 1290 1809 1362 supplicium
1867 1291 2155 1362 coujiciet,

502 1384 568 1435 ut
597 1378 697 1450 qui
724 1378 904 1433 fidem
941 1377 1273 1447 prodiderit.

574 1469 738 1523 Vers.
769 1469 855 1523 25.
884 1468 960 1522 Et
983 1496 1047 1507 —-
1078 1482 1225 1523 eam.
1277 1468 1383 1533 Qui
1413 1468 1777 1525 contrarium
1838 1468 1995 1539 facit,
2047 1469 2161 1524 hoc

503 1560 606 1627 est,
656 1556 769 1629 qui
794 1556 1116 1613 retinendae
1140 1557 1267 1611 vita:
1300 1572 1421 1612 non
1454 1556 1631 1611 nimis
1655 1557 1908 1628 cupidus
1940 1563 2043 1623 est,
2107 1563 2163 1613 et

506 1650 735 1701 cetera.
754 1646 979 1701 Similia
1000 1661 1244 1718 quoque
1267 1646 1412 1701 dixit
1436 1646 1602 1716 juxta
1625 1646 1800 1702 finem
1815 1646 2030 1702 decimi
2049 1662 2164 1702 no-

506 1735 563 1790 ni
588 1736 761 1805 juxta
791 1734 1126 1790 Matthaeum
1157 1734 1391 1806 capitis,
1424 1741 1480 1790 et
1508 1735 1643 1790 aliis
1667 1738 1723 1789 in
1766 1736 1932 1791 locis.

579 1826 743 1880 Vers.
792 1827 883 1881 26.
911 1825 977 1880 Si
1007 1855 1073 1863 —
1104 1830 1404 1894 sequatur.
1446 1827 1527 1879 Me
1568 1830 1873 1897 sequatur,
1906 1840 2009 1897 per
2039 1824 2164 1879 imi-

505 1912 811 1977 tationem,
842 1911 953 1967 hoc
982 1916 1088 1975 est,
1130 1912 1179 1965 si
1209 1912 1345 1984 quis
1371 1928 1538 1967 meus
1569 1912 1811 1968 voluerit
1840 1929 1968 1967 esse
2001 1912 2166 1967 disci-

506 2000 704 2073 pulus,
736 2016 829 2055 me
855 2000 1131 2055 imitetur.
1169 2001 1701 2064 Quemadmodum
1733 2002 1892 2056 enim
1924 2017 2166 2056 necesse

508 2094 595 2145 est
630 2090 967 2144 ministrum
1001 2089 1522 2160 sequidominum,
1554 2090 1887 2162 itaquoque
1916 2089 2169 2162 discipu-

508 2176 633 2232 lum
659 2184 883 2249 oportet
916 2178 1083 2248 sequi
1112 2182 1561 2249 praeceptorem.

580 2267 741 2321 Vers.
774 2268 859 2321 26.
920 2267 997 2322 Et
1051 2297 1119 2307 —
1149 2267 1280 2322 erit.
1332 2269 1443 2321 Aut
1491 2266 1649 2322 idem
1692 2282 1933 2323 rursum
1984 2273 2171 2339 prote-

509 2358 672 2409 stans
694 2353 849 2417 dicit,
878 2359 999 2423 aut,
1026 2360 1351 2426 postquam
1367 2355 1439 2409 de
1464 2358 1734 2427 praesenti
1760 2356 2053 2412 malorum
2089 2362 2173 2413 to-

511 2442 758 2498 lerantia
787 2442 954 2511 dixit,
977 2442 1049 2498 de
1090 2443 1289 2500 futura
1343 2444 1522 2499 etiam
1574 2445 1801 2501 addidit
1847 2445 2167 2518 fruitione;

510 2531 617 2597 Qui
649 2548 740 2587 me
768 2532 1035 2604 sequitur
1060 2532 1119 2587 in
1148 2533 1371 2590 caelum
1399 2534 1777 2590 conscendet.

579 2620 740 2676 Vers.
770 2620 859 2677 26.
906 2622 982 2676 Et
1016 2652 1083 2660 —
1128 2623 1326 2677 Pater.
1388 2621 1752 2679 Gloriﬁcabit
1821 2640 1982 2689 eum,
2044 2630 2175 2680 tan-

509 2725 694 2783 quam
714 2709 1051 2765 ministrum
1074 2710 1313 2779 legitimi
1348 2711 1466 2767 Filii
1496 2712 1607 2767 sui.
1631 2712 1750 2769 Hoc
1774 2719 1969 2769 autem
2002 2714 2171 2781 dixit,

511 2798 801 2871 quoniam
831 2798 1027 2854 adhuc
1048 2799 1279 2855 Patrem
1296 2816 1423 2854 esse
1454 2802 1743 2870 majorem
1774 2818 1843 2857 eo
1862 2803 2169 2875 putabant.

512 2888 591 2943 Ne
622 2888 756 2959 quis
786 2893 987 2944 autem
1015 2888 1192 2955 dicat,
1218 2889 1383 2961 quod
1410 2890 1580 2946 facile
1604 2892 1673 2945 de
1699 2898 1884 2947 morte
1912 2893 2169 2963 philoso-

511 2976 751 3048 phatur,
786 2977 965 3049 utqui
992 2984 1159 3033 extra
1206 2979 1535 3034 humanam
1566 2981 1639 3035 sit
1690 2980 2166 3053 imbecillitatem,

514 3065 792 3130 ostendit,
816 3066 978 3138 quod
996 3072 1049 3122 et
1081 3066 1226 3139 ipse,
1261 3075 1551 3139 tanquam
1582 3069 1786 3135 homo,
1821 3070 2063 3126 indutus
2086 3078 2171 3127 est
2203 3088 2241 3142 ρ

515 3159 743 3211 natura:
764 3156 1124 3222 inﬁrmitate,
1159 3155 1293 3211 ideo
1315 3156 1508 3229 primo
1533 3165 1760 3215 naturae
1793 3160 2082 3225 concedit,
2112 3166 2175 3216 ut

515 3244 678 3315 quod
699 3261 868 3299 suum
888 3251 974 3299 est
1006 3245 1509 3316 patiatur,deinde
1542 3248 1803 3319 seipsum
1820 3248 1896 3303 ad
1925 3249 2172 3305 toleran-

516 3332 658 3387 tiam
687 3332 992 3396 confortat,
1019 3339 1257 3405 propter
1284 3334 1342 3388 id
1376 3335 1533 3406 quod
1574 3338 1975 3392 necessarium
1997 3344 2081 3394 est
2105 3355 2173 3395 ac

517 3421 676 3476 utile.
710 3421 854 3477 Vide
885 3423 1045 3477 enim
1077 3423 1214 3495 quid
1247 3422 1406 3479 dicat
1438 3441 1450 3479 :

590 3511 757 3565 Vers.
789 3513 879 3565 27.
923 3511 1099 3567 Nunc
1138 3544 1207 3554 —
1239 3514 1477 3569 turbata
1519 3520 1620 3569 est.
1666 3521 1934 3569 Humano
1990 3518 2174 3573 modo

520 3604 823 3655 commota
854 3615 1075 3671 angore
1115 3602 1365 3673 trepidat
1394 3608 1633 3675 propter
1660 3603 1978 3659 instantem
2019 3622 2175 3662 mor-

522 3692 662 3743 tem.

591 3777 761 3834 Vers.
792 3780 878 3832 27.
910 3771 987 3832 EI
1017 3780 1165 3849 quid
1183 3780 1377 3835 dicam
1408 3779 1436 3834 ?
1470 3781 1658 3837 Haeret
1690 3798 1804 3854 prae
1842 3783 2076 3842 timore.

591 3866 752 3922 Vers.
785 3871 871 3921 27.
902 3867 1079 3923 Pater
1110 3900 1169 3909 -
1197 3868 1329 3925 hac.
1353 3869 1557 3926 Libera
1591 3887 1684 3926 me
1712 3887 1780 3926 ex
1809 3872 1920 3928 hoc
1938 3873 2177 3928 terribili

521 3970 591 4011 ac
624 3954 853 4010 funesto
876 3961 1161 4028 tempore.
1186 3959 1503 4031 Postquam
1531 3959 1755 4025 hmc,ut
1790 3962 1987 4027 homo,
2015 3962 2173 4027 dixit,

521 4044 790 4101 humana
812 4045 1123 4102 formidine
1150 4048 1575 4116 circumdatus,
1606 4050 1864 4121 seipsum
1892 4051 2178 4108 refocillat

522 4150 591 4189 ac
621 4134 915 4191 confortat
942 4136 1147 4191 dicens
1193 4153 1206 4191 :

595 4226 757 4281 Vers.
800 4227 888 4279 27.
922 4225 1036 4280 Sed
1068 4256 1133 4267 —
1164 4227 1335 4282 hanc.
1386 4228 1699 4299 Propterea
1744 4234 2011 4285 servatus
2044 4246 2177 4285 sum

523 4314 583 4369 in
615 4313 728 4369 hoc
760 4318 1018 4385 tempus,
1044 4319 1107 4369 ut
1130 4331 1289 4369 nunc
1325 4331 1585 4371 morerer
1618 4336 1630 4384 ;
1660 4318 1788 4387 jam
1816 4318 2017 4389 itaque
2048 4320 2181 4373 viri-

2259 499 2358 541 τῶν
2384 488 2555 545 ἐθνῶν,
2581 493 2805 543 Θάνατον
2841 486 2897 543 δὲ
2928 496 3077 544 σίτου
3098 496 3199 544 νόει
3222 512 3307 564 μοι
3333 498 3418 551 τὴν
3444 495 3612 566 φθορὰν
3636 496 3772 548 αὐτοῦ.

2260 576 2385 632 Εἶτα
2453 581 2748 653 παραθήγει
2848 585 2939 632 καὶ
3027 580 3211 641 αὐτοὺς
3296 581 3374 634 ἐπὶ
3460 588 3510 633 τό
3575 603 3777 656 καταῖρο·

2257 675 2357 720 νεῖν
2388 675 2477 720 τοῦ
2526 670 2770 729 θανάτου,
2815 675 2905 720 καὶ
2936 675 3007 741 μὴ
3048 669 3349 741 φιλοψυχεῖν
3379 670 3423 722 ἄν
3450 678 3542 731 τοῖς
3568 678 3778 744 προκειμέ-

2260 776 2367 818 νοις
2395 753 2653 817 κινδύνοις
2683 758 2809 829 ὑπὲρ
2841 766 2931 818 τῆς
2965 758 3035 820 εἰς
3068 760 3223 810 αὐτόν
3251 764 3483 821 πίστεως,

2331 845 2390 897 Ὁ
2423 877 2488 885 —
2532 846 2713 904 αὐτὴν.
2766 845 2825 897 Ὀ
2880 846 3186 919 φιλοορυχῶν
3243 846 3288 899 ἐν
3344 857 3496 920 καιρῷ
3544 848 3641 919 (68)
3687 870 3783 921 μαρ-

2264 940 2464 1007 τυρίου,
2517 936 2541 986 ὁ
2573 936 2919 1010 χαριζόμενος
2960 944 3021 1008 τῇ
3063 937 3217 1009 ψυχῇ
3252 940 3389 1010 παρὰ
3424 942 3475 989 τὸ
3520 934 3638 999 δέον,
3673 940 3691 989 ό
3726 960 3782 1009 φιτ

2262 1024 2359 1075 λῶν
2414 1024 2574 1081 αὐτὴν
2650 1023 3007 1096 ἐπιθυμοῦσαν
3055 1034 3249 1087 κακῶς⁸
3308 1031 3386 1083 Μὴ
3467 1029 3655 1099 πορεύου
3699 1029 3784 1096 (69)

2264 1116 2386 1186 γὰρ,
2448 1118 2623 1185 φησὶν,
2684 1111 2731 1165 ἐν
2777 1121 2888 1173 ταῖς
2939 1112 3240 1186 ἐπιθυμίαις
3287 1123 3378 1175 τῆς
3425 1115 3593 1186 ψυχῆς
3638 1135 3730 1167 σου·
3770 1117 3787 1165 ὁ

2267 1202 2421 1275 φιλῶν
2475 1202 2636 1260 αὐτὴν
2676 1206 2819 1275 παρά
2877 1206 2963 1255 τὸν
3016 1207 3145 1255 Θεὸν
3188 1202 3417 1256 ἀπολέσει
3462 1205 3605 1261 αὐτὴν
3658 1204 3695 1254 ἓν
3736 1213 3789 1273 τῷ

2266 1291 2499 1363 μελλοντι
2546 1292 2715 1359 αἰῶνι,
2772 1291 3065 1364 [τουτέστιν
3104 1292 3237 1363 (70),
3280 1293 3347 1353 εἰς
3388 1293 3586 1345 κόλασιν
3613 1292 3788 1364 ἐμϐαλεῖ,

2270 1384 2333 1441 ὡς
2354 1375 2755 1454 προδεδωκυῖαν
2788 1385 2880 1438 τὴν
2908 1382 3131 1451 πίστιν.]

2344 1475 2442 1523 Καὶ
2486 1500 2557 1509 -
2614 1469 2800 1526 αὐτην,
2848 1476 2905 1521 '0
2956 1469 3249 1522 τούναντίον
3304 1479 3477 1538 ποιῶν,
3515 1474 3654 1541 ἤγουν
3692 1472 3790 1541 ὁμὴ

2271 1558 2599 1630 φιλο-ψυχῶν,
2631 1563 2719 1610 καὶ
2751 1561 2815 1610 τὰ
2848 1558 2979 1621 ἑξῆς.
3026 1558 3210 1631 Εἱρηκε
3266 1556 3323 1611 δι
3352 1567 3553 1610 τοιαῦτα
3591 1564 3665 1610 καὶ
3702 1564 3796 1629 πρὸς

2270 1656 2339 1699 τῶ
2388 1646 2519 1699 τέλει
2582 1654 2671 1698 τοῦ
2736 1644 3190 1699 ἐννεακαιδεκάτου
3272 1647 3536 1720 κεφαλαίου
3580 1655 3657 1700 τοῦ
3699 1654 3799 1699 κατὰ

2196 1758 2238 1811 Β
2273 1736 2540 1789 Μάτθαίον
2572 1734 2685 1808 [καὶ
2716 1736 2827 1806 (71)
2861 1735 2909 1787 ὶν
2936 1735 3152 1809 ἄλλοις]

2346 1825 2463 1878 Ἐὰν
2536 1855 2605 1865 --
2688 1823 3048 1879 ἀκολουθείτω.
3143 1825 3291 1885 Ἐιιοὶ
3364 1824 3675 1877 ἀκολουθείτω
3735 1819 3803 1874 διὰ

2275 1918 2565 1986 μιμήσεως,

2277 2002 2362 2074 ἔμε
2392 2004 2681 2075 μιμείσθω,
2748 2002 2946 2076 Ὠσπερ
3002 2006 3104 2075 γὰρ
3160 2003 3437 2074 ἀναγκαῖον
3483 2009 3561 2054 τόν
3600 2003 3805 2072 ὑπηρέτην

2641 1918 2905 1966 τουτέστιν
2986 1913 3069 1965 ἐὰν
3146 1914 3261 1986 ἐμοὶ
3344 1916 3670 1985 μαθητεύηταί
3729 1931 3804 1973 τις,

2278 2093 2492 2144 ἔπεσθαι
2546 2101 2616 2163 τῷ
2674 2098 2858 2164 κυρίῳ,
2922 2093 3056 2143 οὕτω
3104 2098 3191 2145 καὶ
3232 2098 3319 2145 τόν
3366 2094 3590 2163 μαθητὴν
3643 2100 3701 2160 τῷ
3744 2086 3808 2141 δι’

2281 2178 2555 2252 ὃασκάλῳ.

2353 2274 2451 2322 Καὶ
2504 2301 2571 2310 -
2608 2272 2774 2323 ἔσται.
2822 2269 2889 2323 ’Ἠ
2934 2270 3087 2323 πάλιν
3137 2274 3194 2323 τό
3254 2272 3382 2323 αὐτὸ
3412 2271 3540 2341 λέγει
3573 2266 3810 2339 διαμαρτυ-

2279 2362 2506 2431 ρόμενος,
2557 2359 2586 2417 ἦ
2653 2364 2771 2433 περὶ
2828 2368 2924 2421 τῆς
2974 2362 3263 2421 ἐνεστώσης
3316 2362 3643 2418 κακοπαθείας
3679 2357 3809 2421 εἰπὼν,

2281 2449 2569 2521 προσέθηκε
2621 2453 2709 2500 καὶ
2764 2453 2881 2520 περὶ
2939 2457 3034 2509 τῆς
3085 2449 3379 2520 μελλούσης
3431 2447 3725 2507 ἀπολαύσεως
3756 2447 3812 2496 ὅτι

2280 2536 2337 2587 ’0
2368 2534 2481 2608 ἐμοὶ
2513 2534 2805 2587 ἀκολουθῶν
2837 2542 2903 2597 εὶς
2931 2540 3015 2588 τὸν
3048 2537 3265 2611 οὐρανὸν
3299 2536 3458 2595 ἀναϐἡ
3471 2556 3619 2590 σεται.

2356 2629 2454 2677 Καὶ
2506 2655 2573 2663 -
2632 2629 2833 2699 Πατὴρ.
2885 2624 3100 2687 Δοξάσει
3154 2626 3337 2690 αὐτὸν,
3387 2629 3450 2686 ὡς
3486 2627 3713 2695 ὑπηρέτην
3750 2629 3817 2673 τοῦ

2279 2718 2500 2785 γνησίου
2528 2714 2649 2766 Υὶοῦ
2689 2713 2869 2767 αὑτοῦ.
2902 2721 3063 2767 Τοῦτο
3105 2711 3164 2766 δὲ
3194 2712 3326 2781 εἷπε,
3362 2712 3498 2767 διότι
3534 2718 3601 2767 ἔτι
3628 2717 3699 2764 τὸν
3733 2718 3816 2763 Πα-

2278 2806 2399 2877 τέρα
2451 2803 2665 2874 μείζονα
2728 2802 2887 2853 αὐτοῦ
2942 2802 3195 2874 ἐνόμιζον.
3252 2802 3365 2857 Ἰνα
3418 2800 3474 2856 δι
3515 2807 3579 2873 μή
3626 2805 3723 2873 εἱπη
3760 2818 3818 2859 τις

2281 2894 2359 2943 ὅτι
2418 2891 2561 2951 ἐκτός
2625 2899 2715 2951 τῆς
2792 2891 3121 2965 ἀνθρωπίνης
3194 2892 3461 2953 ἀσθενείας
3539 2897 3599 2942 ὢν
3654 2890 3819 2945 εὔκολος

2281 2984 2394 3053 περὶ
2444 2982 2663 3032 θανάτου
2717 2980 3000 3052 φιλοσοφεῖ,
3078 2977 3352 3033 δείκνυσιν
3416 2984 3492 3033 ότι
3565 2985 3644 3033 καὶ
3702 2978 3820 3035 αὐτὸς

2283 3072 2347 3129 ὡς
2390 3071 2659 3141 ἄνθρωπος
2715 3074 3002 3142 περίκειται
3054 3074 3148 3128 τὴν
3200 3069 3470 3124 ἀσθένειαν
3512 3079 3598 3131 τῆς
3646 3072 3817 3140 φύσεως.

2283 3162 2369 3209 Διό
2422 3168 2622 3233 πρῶτον
2701 3161 2790 3229 μὲν
2866 3167 3138 3231 συγχωρεῖ
3203 3168 3270 3231 τῇ
3343 3163 3490 3232 φύσει
3538 3160 3734 3227 πάσχειν
3779 3160 3820 3205 τό

2282 3244 2441 3310 ἴδιον,
2476 3244 2585 3299 εἶτα
2632 3248 3015 3321 παραθαρρύνει
3056 3248 3238 3300 ἑαυτὸν
3289 3250 3362 3311 εἰς
3391 3254 3448 3301 τό
3477 3250 3717 3319 ὑπομεῖναι
3756 3241 3823 3297 διὰ

2282 3340 2339 3387 τό
2369 3335 2648 3408 ἀναγκαῖον
2677 3341 2765 3388 καὶ
2795 3341 3084 3411 χρήσιμον.
3118 3337 3256 3413 Ὀρα
3296 3342 3398 3411 γὰρ
3431 3344 3479 3390 τί
3513 3353 3663 3410 φησις

2354 3521 2460 3567 Νῦν
2555 3544 2623 3555 -
2702 3516 3035 3589 τετάρακται.
3109 3514 3469 3588 Ἀνθρωπίνως

2287 3602 2563 3675 ἀγωνιῶσα
2591 3600 2685 3655 διὰ
2722 3607 2808 3655 τὸν
2840 3602 3115 3674 ἐγγίζοντα
3152 3606 3398 3658 θάνατον.

3547 3510 3757 3585 τεθορὺϐη
3766 3530 3823 3561 ται

2358 3786 2457 3833 Καὶ
2496 3786 2547 3833 τί
2575 3786 2698 3833 εῐπω
2725 3798 2737 3847 ;
2764 3781 3138 3855 Ἀπορούμενος
3177 3784 3280 3835 ὑπὸ
3309 3792 3401 3844 τῆς
3431 3782 3662 3854 ἀγωνίας.

2358 3872 2524 3942 Πάτερ
2579 3902 2648 3910 —
2700 3874 2914 3932 ταύτης.
2974 3872 3155 3923 Ῥῦσαί
3205 3892 3273 3944 με
3314 3872 3368 3925 ἐκ
3410 3880 3499 3925 τοῦ
3549 3877 3710 3944 καιροῦ
3746 3868 3827 3917 τως

2286 3979 2397 4027 του,
2444 3968 2535 4011 τοῦ
2584 3959 2821 4034 φοϐεροῦ,
2865 3969 2957 4012 τοῦ
2992 3963 3380 4034 θανατηφόρου.
3421 3968 3592 4015 Ταῦτα
3634 3960 3759 4011 εἰπὼν
3782 3958 3829 4012 ὡς

2286 4050 2552 4122 ἄνθρωπος
2608 4054 2696 4099 καὶ
2753 4052 2820 4109 ὡς
2877 4048 3202 4122 ἀνθρωπίνην
3265 4048 3466 4103 δειλίαν
3530 4046 3830 4123 περιϐιςλιῖξιβ

2285 4157 2386 4201 νος,
2425 4136 2703 4189 ἀνακτᾶται
2736 4137 2913 4189 ἑαυτὸν
2945 4144 3033 4190 καὶ
3066 4139 3403 4213 ἐπιρρωννύει
3437 4140 3604 4210 λέγων·

2360 4225 2513 4277 Ἀλλά
2564 4258 2633 4265 -
2702 4230 2913 4285 ταύτην.
2970 4230 3064 4280 Διὰ
3134 4236 3290 4280 τοῦτο
3345 4228 3597 4303 ἓτηρήθην
3648 4226 3726 4284 ἕως
3766 4228 3829 4270 τοῦ

2287 4321 2374 4365 νῦν
2412 4324 2596 4387 καιροῦ
2652 4311 2744 4367 διὰ
2790 4319 2847 4367 τὸ
2898 4314 3171 4368 ἀποθανεῖν
3222 4316 3271 4368 ἐν
3339 4321 3523 4389 τούτῳ,
3579 4320 3658 4365 καὶ
3696 4312 3828 4362 λοιπὸν

521 4400 654 4456 liter
681 4400 828 4457 ferre
860 4408 1109 4474 oportet.
1144 4403 1356 4458 Relicta
1380 4420 1520 4473 ergo
1564 4406 1736 4459 nobis
1784 4406 2069 4461 naturalis
2114 4406 2170 4461 ti-

2290 4408 2397 4475 χρὴ
2469 4410 2633 4476 φέρειν
2693 4410 2957 4473 γενναίως.
3014 4405 3310 4457 Ἀπολιπων
3385 4407 3473 4457 οὖν
3525 4408 3638 4476 ἡμῖν
3694 4405 3830 4470 μέτρω

524 4490 705 4545 moris
733 4506 1014 4547 mensura
1038 4506 1107 4548 ac
1147 4492 1503 4548 fortitudinis
1546 4500 1946 4556 monumento,
1978 4510 2182 4549 rursus

526 4578 608 4633 ait
637 4595 650 4632 :

596 4666 761 4722 Vers.
810 4672 899 4723 28.
969 4670 1151 4725 Pater
1189 4687 1503 4729 —nomen.
1531 4671 1700 4740 Quod
1725 4672 1885 4743 apud
1919 4672 2183 4728 cmlestes

524 4753 769 4809 virtutes
840 4756 1235 4825 gloriticatum
1305 4766 1414 4825 est,
1477 4760 1749 4829 gloriﬁca
1795 4760 1972 4816 etiam
2039 4761 2186 4817 illud

526 4859 730 4899 coram
802 4844 1150 4902 hominibus
1200 4853 1418 4905 terram
1468 4848 1885 4917 incolentibus,
1940 4865 2045 4921 per
2094 4866 2183 4913 ea.

527 4949 664 5006 quas
683 4932 742 4988 in
763 4939 949 4990 morte
972 4951 1107 4991 mea
1135 4936 1332 4994 futura
1362 4944 1498 4995 sunt
1520 4939 1689 5009 signa
1721 4937 2188 5008 ;gloriﬁcaillud

527 5038 635 5095 per
661 5021 913 5095 gloriam
952 5025 1213 5083 nominis
1235 5027 1373 5093 mei,
1407 5027 1837 5101 siquidemmea
1865 5026 2055 5098 gloria
2086 5031 2191 5085 tua

530 5113 638 5169 est.

606 5254 653 5291 ‘0
682 5254 856 5315 Eccli.
884 5271 1047 5327 xvm,
1080 5257 1170 5315 30.

2294 4502 2519 4563 φυσικῆς
2580 4489 2799 4562 δειλίας,
2870 4498 2959 4545 καὶ
3032 4496 3383 4568 ὑπογραμμὸν
3446 4492 3663 4567 ἀνδρίας,
3720 4486 3829 4539 πάλιν

2292 4580 2446 4653 λέγει’

2368 4672 2532 4743 Πάτερ
2609 4702 2677 4710 -
2743 4676 2920 4743 ὄνομα.
2987 4668 3373 4743 Δεδοξασμένον
3438 4677 3491 4723 ὅν
3573 4671 3698 4742 παρὰ
3754 4668 3829 4717 ταῖς

2296 4758 2562 4831 οὐρανίαις
2594 4756 2871 4832 δυνάμεσι,
2916 4757 3139 4822 δόξασον
3190 4762 3319 4813 αὐτὸ
3371 4766 3462 4813 καὶ
3500 4762 3635 4832 παρά
3657 4763 3744 4815 τοῖς
3772 4751 3828 4801 ἐπὶ

2295 4858 2394 4920 γῆς
2449 4847 2733 4921 ἀνθρώποις
2786 4846 2879 4901 διὰ
2931 4858 3030 4900 τῶν
3092 4850 3378 4921 μελλόντων
3447 4850 3527 4901 ἐπὶ
3572 4856 3636 4899 τῶ
3683 4844 3827 4903 θανάτν

2300 4957 2397 5011 μου
2424 4939 2661 5008 γενέσθαι
2710 4942 2955 5010 σημείων.
2992 4938 3217 5001 Δόξασον
3247 4939 3378 4991 αὐτὸ
3409 4936 3501 4992 διὰ
3538 4947 3627 5000 τῆς
3651 4940 3724 4987 τοῦ
3745 4928 3826 5001 ἐμεῦ

2298 5027 2543 5100 ὀνόματος
2573 5024 2750 5089 δόξης
2781 5028 2810 5085 η
2843 5029 2944 5100 γὰρ
2978 5026 3073 5100 ἐμὴ
3102 5024 3231 5091 δόξα
3272 5034 3365 5087 σή.

1738 5355 1961 5425 Variae
2000 5356 2328 5425 lectiones
2360 5362 2422 5423 et
2452 5363 2653 5422 notae.

632 5498 722 5573 68)
740 5502 1042 5573 Μαρτνρίας
1058 5506 1117 5556 B-

632 5498 699 5553 68
740 5502 1117 5573 ΜαρτυρίαςΒ.

538 5497 832 5700 ωὲθΘζᾶῐδ.
861 5571 1159 5647 Chrysost.
1188 5568 1349 5627 hunc
1408 5567 1603 5627 locum
1637 5569 1863 5627 laudat.
1894 5574 1935 5626 t.
1961 5570 2105 5635 VIII,
2132 5587 2193 5644 p.

654 5643 779 5702 .C.

2399 5498 2489 5554 7οὶ
2522 5496 2757 5553 Inclusa
2788 5496 3011 5554 absunt
3042 5500 3106 5553 Α.

2399 5502 2467 5553 70
2522 5498 2757 5553 Inclusa
2788 5498 3011 5554 absunt
3042 5500 3085 5553 Α

2377 5498 2491 5641 ίΉζ
2519 5568 2749 5625 Inclusa
2779 5569 3001 5626 absunt
3022 5574 3086 5624 A.
