4022 6232
217 259 361 316 1365
1235 255 1604 314 COMMENT.
1649 256 1717 312 IN
1760 253 1805 312 Jl

1996 256 2106 314 EM.
2151 289 2216 300 -—
2256 256 2414 315 CAP.
2457 258 2583 317 XII.
3445 264 3584 323 4366

286 383 470 438 Ἦλθεν
521 415 590 428 -
643 381 874 448 δοξάσω.
927 379 1192 446 Ἐδὸξασα
1245 382 1294 435 ἐν
1345 391 1454 444 τοῖς
1504 381 1874 456 προγεγενη-Λέ

2000 383 2165 442 Vers.
2197 387 2285 442 28.
2329 386 2498 444 Venit
2527 415 2596 429 -
2623 385 2994 458 gloriﬁcabo.
3023 385 3358 444 Gloriﬁcavi
3402 388 3461 446 in
3491 390 3584 447 his

211 480 385 547 μένοις
435 479 688 546 σημείοις,
736 480 825 527 καὶ
880 473 1031 527 πάλιν
1078 469 1290 535 δοξάσω
1348 471 1395 523 ἐν
1443 479 1549 534 τοῖς
1607 471 1691 524 ἐπὶ
1747 479 1799 543 rt;

1995 493 2062 531 rae
2090 475 2246 533 facta
2276 482 2411 532 sunt
2442 476 2632 549 signis
2663 492 2676 532 :
2719 481 2776 532 et
2798 492 3000 533 rursus
3031 476 3371 547 gloriﬁcabo
3401 479 3462 536 in
3491 478 3583 538 his

213 565 419 635 θανάτῳ
463 584 557 616 σου
577 568 962 637 γενησομένοις.

1928 580 2065 637 quae
2094 564 2155 621 in
2186 572 2376 621 morte
2415 570 2517 621 tua
2545 565 2706 622 ﬁent.

284 654 343 706 Ὀ
374 650 461 706 οὖν
500 653 658 725 ὄχλος
702 684 770 694 —
807 657 1084 724 γεγονέναι.
1135 651 1209 704 0-3
1260 656 1451 714 συνιεὶς
1489 659 1580 712 τῆς
1628 656 1818 722 φωνῆς,

2001 656 2173 713 Vers.
2216 657 2306 710 29.
2346 656 2541 712 Turba
2566 671 2705 726 ergo
2733 686 2804 701 —
2839 671 2958 712 esse
2970 657 3218 727 factum.
3239 657 3348 723 Qui
3372 673 3581 716 vocem

211 742 343 796 ἀλλὰ
368 747 455 796 τὸν
487 751 623 815 ἦχον
644 742 807 804 αὐτῆς
836 761 987 814 μονον
1013 746 1319 813 κατασχών.

1993 759 2053 800 in
2084 742 2506 811 intellexerant,
2554 745 2662 802 sed
2710 760 2930 802 sonum
2972 745 3262 804 duntaxat
3283 747 3414 818 ejus
3451 763 3581 821 per-

1930 839 2232 904 ceperant.

464 920 644 974 Ἀλλοι
674 951 742 961 -
786 920 1051 978 λελάληκε,
1086 924 1342 981 Συνιέντες
1373 918 1560 979 αὐτῆς.
2002 923 2049 978 V

2002 923 2165 979 Vers.
2197 925 2286 979 29.
2307 923 2434 980 Alii
2463 955 2530 965 —
2561 925 2784 982 locutus
2805 932 2914 984 est.
2967 925 3077 994 Qui
3107 942 3318 983 vocem
3361 924 3582 982 intelle-

1929 1018 2154 1069 xerant.

277 1103 562 1176 Ἀπεκρίθη
602 1133 668 1142 -
701 1103 852 1173 ὑμᾶς.
885 1130 954 1142 -
994 1099 1068 1153 Οὐ
1101 1097 1174 1152 δι’
1225 1099 1331 1171 ἐμὲ,
1363 1099 1443 1150 ἵνα
1484 1100 1633 1171 μάθω
1665 1099 1691 1150 ὅ
1725 1097 1818 1150 οὐκ

2000 1103 2166 1159 Vers.
2209 1107 2303 1160 30.
2339 1103 2658 1172 Respondit
2686 1132 2752 1144 —
2792 1119 2906 1160 vos.
2941 1135 3007 1146 —
3036 1106 3166 1161 Non
3189 1112 3432 1177 propter
3468 1120 3572 1169 me,

203 1189 352 1244 οἶδα·
381 1196 551 1243 πάντα
577 1195 678 1266 γὰρ
711 1188 836 1243 οἰδα
879 1193 944 1242 τὰ
979 1198 1071 1242 τοῦ
1100 1193 1323 1262 Πατρὸς’
1367 1187 1495 1241 ἀλλὰ
1535 1185 1607 1240 δι’
1658 1189 1791 1260 ὑμᾶς

1988 1209 1993 1248 ι
2019 1193 2252 1249 discam
2274 1192 2440 1265 quod
2465 1208 2587 1248 non
2617 1193 2766 1250 scio.
2802 1196 2951 1249 Nam
2981 1195 3188 1252 omnia
3224 1211 3361 1268 qum
3389 1198 3576 1254 Patris

204 1283 290 1333 ἵνα
315 1283 538 1353 μάθητε,
561 1287 678 1352 περὶ
708 1281 767 1333 οὗ
799 1279 1160 1354 eumeum,
1190 1279 1266 1331 ὃτι
1306 1280 1360 1330 ἐκ
1391 1286 1482 1330 τοῦ
1515 1285 1648 1331 Θεοῦ
1684 1278 1790 1350 εἰμι

1988 1288 2062 1338 int
2114 1283 2274 1348 novi,
2333 1282 2435 1338 sed
2459 1289 2688 1353 propter
2715 1298 2830 1348 vos,
2864 1287 2928 1339 ut
2952 1283 3012 1338 id
3037 1283 3282 1340 discatis
3328 1285 3402 1342 de
3454 1303 3576 1359 quo

201 1379 325 1433 Πῶς
361 1373 464 1446 γάρ
504 1370 563 1421 ἆν
592 1367 712 1429 ἦλθε
743 1375 878 1442 φωνὴ
936 1369 988 1421 ἐκ
1017 1378 1108 1421 του
1139 1369 1358 1440 οὐρανοῦ
1392 1367 1469 1420 ἐπ’
1505 1369 1613 1440 ἐμὲ,
1655 1368 1698 1420 εἰ
1737 1388 1789 1439 μη

1989 1373 2223 1438 [bitatis,
2245 1379 2382 1444 puta
2407 1372 2573 1444 quod
2593 1373 2762 1429 aDeo
2776 1373 2888 1428 sim
2918 1390 2931 1440 ;
2955 1375 3266 1446 quomodo
3287 1376 3447 1433 enim
3476 1394 3577 1434 su-

201 1459 259 1512 ἐκ
292 1456 383 1511 τοῦ
411 1467 543 1513 Θεοῦ
574 1459 681 1532 εἰμι
706 1476 718 1524 ;
747 1467 861 1520 Πῶς
893 1455 939 1511 δ’
958 1458 1017 1509 ἄν
1046 1460 1070 1510 ὁ
1095 1461 1221 1520 Θεὸς
1255 1461 1311 1509 τὸ
1344 1462 1503 1529 ὄνομα
1533 1457 1693 1509 αὐτοῦ
1720 1476 1788 1508 κα

1985 1479 2024 1516 ιιι
2049 1477 2145 1516 me
2161 1477 2269 1516 vox
2299 1461 2372 1516 de
2393 1460 2544 1516 cmlo
2566 1460 2970 1517 descendisset
2994 1462 3107 1517 nisi
3132 1479 3168 1518 a
3200 1465 3316 1519 Deo
3334 1480 3531 1522 essem
3547 1466 3573 1520 ?

201 1546 424 1612 ἐδόξασε
453 1553 541 1601 καὶ
563 1549 714 1601 πάλιν
743 1545 955 1612 δοξάσει
988 1545 1062 1600 δι’
1098 1548 1224 1619 ἐμοῦ
1256 1567 1269 1615 ;

1987 1549 2224 1606 ιοωοόο
2255 1555 2540 1622 praeterea
2567 1552 2720 1606 Deus
2737 1564 2960 1606 nomen
2985 1567 3154 1608 suum
3188 1552 3575 1624 etgloriﬁcas-

1915 1644 1999 1695 set
2032 1646 2088 1696 et
2115 1655 2324 1695 rursus
2350 1638 2786 1708 gloriﬁcaturus
2815 1643 2967 1696 esset
2992 1655 3097 1711 per
3134 1657 3231 1698 me
3261 1641 3290 1697 7

272 1735 382 1781 Νῦν
436 1757 504 1767 -
559 1730 765 1782 τούτου.
815 1734 922 1780 Νῦν
973 1723 1080 1785 ἤδη
1125 1723 1401 1787 ἐκδίκησις
1439 1734 1537 1778 τῶν
1586 1733 1676 1777 τοῦ
1707 1729 1799 1778 κὸ-
1840 1745 1860 1798 ι

1983 1731 2142 1784 Vers.
2176 1729 2263 1784 31.
2316 1729 2495 1785 Nunc
2522 1759 2592 1768 —
2634 1729 2833 1797 hujus.
2883 1730 3015 1784 Jam
3053 1745 3214 1786 nunc
3251 1730 3568 1789 hominum

200 1837 340 1888 σμου
399 1819 586 1868 τούτου
629 1815 906 1889 ἀνθρώπων
965 1814 1058 1868 ὸια
1112 1823 1200 1875 τῆς
1267 1814 1391 1887 ἐμῆς
1458 1811 1788 1875 ἐκδικήσεως.

1982 1818 2094 1888 ljus
2126 1817 2329 1873 mundi
2359 1817 2500 1873 ultio
2531 1817 2596 1872 ﬁt
2625 1832 2730 1889 per
2760 1833 2961 1874 meam
2992 1818 3386 1889 punitionem.
3427 1820 3570 1877 Aliis

195 1913 316 1966 Τοῖς
371 1910 461 1978 μὲν
521 1909 624 1979 γὰρ
687 1905 854 1965 ὀᾶλοις
927 1905 1120 1956 ἅπασιν
1180 1903 1469 1978 ἀνθρώποις
1512 1905 1538 1955 ὁ
1591 1905 1783 1955 θάνατοη

1982 1907 2209 1980 ιιιίάθω
2241 1906 2520 1963 omnibus
2549 1906 2896 1962 hominibus
2926 1922 3096 1972 mors,
3135 1908 3358 1980 peccati
3390 1925 3570 1981 pmna

196 1995 461 2067 ἐπιτίμιον
536 1995 794 2067 ἁμαρτίας
865 1993 1019 2046 ἐστι·
1104 1997 1294 2054 Πάντες
1362 1996 1463 2066 γὰρ
1545 1997 1784 2067 ἥμαρτον

1981 2003 2022 2052 t.
2059 1997 2216 2052 Nam
2243 2012 2454 2062 omnes,
2473 1995 2685 2067 inquit,
2707 2004 3120 2064 peccaverunt,
3153 2003 3207 2054 et
3235 2013 3343 2067 per
3363 2014 3569 2068 pecca-

194 2091 354 2156 φησὶ,
414 2089 502 2136 καὶ
581 2081 675 2136 διὰ
720 2093 815 2143 τῆς
868 2083 1127 2157 ἁμαρτίας
1184 2083 1417 2140 εἰσῆλθεν
1480 2084 1505 2134 ὁ
1560 2083 1776 2143 θάνατος

1978 2101 2028 2140 m
2056 2101 2214 2140 mors
2238 2085 2508 2141 introivit
2529 2087 2574 2120 δι
2599 2101 2613 2151 ;
2645 2085 2788 2140 mihi
2824 2100 2962 2140 vero
2991 2101 3396 2158 nequaquam,
3423 2088 3566 2162 quia

191 2173 310 2247 ἐμοὶ
373 2169 430 2226 δὲ
470 2171 733 2244 οὐδαμῶς,
771 2169 910 2224 διότι
959 2169 1206 2243 οὐδαμῶς
1237 2175 1486 2246 ἥμαρτον.
1534 2172 1673 2222 Ἐπεὶ
1712 2166 1779 2221 οὗ⁴

1973 2189 2221 2245 inquam
2245 2174 2506 2244 peccavi.
2543 2176 2690 2230 Cum
2716 2189 2856 2243 ergo
2885 2173 3162 2230 diabolus
3193 2173 3372 2231 etiam
3398 2176 3561 2244 mihi,

189 2263 357 2336 κάμοὶ
409 2267 494 2315 τὸν
547 2265 763 2314 θάνατον
823 2263 848 2313 ὁ
899 2257 1141 2323 διάϐολος
1192 2260 1394 2331 ἐπάγει,
1450 2259 1777 2333 ἀναμαρτητο

1979 2263 2008 2316 ll
2029 2261 2252 2333 peccati
2269 2277 2480 2332 expers
2519 2262 3097 2334 semperpermansi,
3125 2268 3378 2320 mortem
3413 2265 3567 2321 intu-

191 2358 530 2425 μεμενηκότι,
562 2360 649 2402 νῦν
708 2350 755 2403 ἐν
798 2359 869 2420 τῷ
912 2349 1149 2403 ἐνεστῶτι
1196 2370 1358 2424 καιρῳ
1401 2347 1555 2408 δίκην
1598 2345 1775 2401 δίδωσ

2001 2367 2199 2416 ;nunc
2228 2350 2506 2423 praesenti
2546 2355 2815 2421 tempore
2847 2349 3124 2419 irrogata
3153 2350 3297 2407 mihi
3334 2352 3564 2423 injuriae

189 2449 289 2502 τῆς
340 2441 469 2512 ἐμῆς
517 2437 750 2505 ἀδικίας,
816 2443 910 2496 τὴν
967 2441 1270 2512 καθαίρεσιν
1323 2447 1413 2498 τῆς
1465 2434 1770 2510 τυραννίδος

1977 2456 2117 2495 enas
2141 2439 2266 2508 luit,
2291 2440 2515 2512 quippe
2545 2439 3340 2511 tyrannidissubversionem
3373 2458 3386 2509 ;
3421 2457 3565 2499 nam

191 2531 339 2587 Αὕτη
404 2526 464 2581 δέ
508 2533 538 2586 ἧ
579 2526 724 2593 δίκη,
759 2532 922 2580 εἶτουν
961 2530 990 2586 ἡ
1021 2528 1256 2593 κόλασις,
1307 2536 1399 2580 τοῦ
1435 2532 1633 2598 κόσμου
1679 2530 1779 2578 τού·

1973 2529 2092 2584 ulta
2130 2529 2280 2600 ipsa,
2315 2529 2438 2585 sive
2469 2528 2721 2600 punitio,
2768 2527 2978 2584 mundi
3022 2528 3204 2602 hujus
3251 2533 3336 2586 est
3369 2529 3511 2586 ultio
3545 2549 3559 2596 ;

192 2638 287 2670 του
319 2615 596 2679 ἐκδίκησίς
637 2619 767 2670 ἐστι.
812 2621 1007 2670 Λοιπὸν
1045 2618 1156 2688 (72)
1187 2625 1273 2667 νῦν
1331 2619 1359 2675 ἡ
1407 2613 1677 2676 ἐκδίκησις
1705 2625 1780 2674 τῆς

1975 2632 2166 2672 sesens
2217 2617 2420 2688 itaque
2472 2617 2742 2688 repensio
2768 2616 3154 2683 contumeliae,
3205 2632 3391 2688 quam
3414 2619 3560 2674 mihi

190 2708 261 2768 εἰς
289 2707 377 2777 ἐμὲ
403 2706 640 2781 ἐπηρείας
692 2702 965 2768 ἐκδίκησις
996 2704 1104 2758 ἐστι
1138 2713 1228 2765 τῆς
1267 2705 1338 2767 εἰς
1375 2709 1495 2766 τοὺς
1532 2708 1778 2778 γενάρχας

1973 2705 2112 2775 tulit,
2148 2705 2293 2761 ultio
2331 2711 2438 2771 est,
2467 2709 2523 2760 et
2555 2705 2848 2761 violentiae
2881 2705 3174 2760 adversus
3201 2706 3429 2778 primos
3460 2722 3561 2776 ge-

187 2801 280 2848 καὶ
309 2797 421 2848 ὅλον
452 2799 508 2847 τὸ
530 2800 672 2866 γένος
698 2794 952 2868 ἐπηρείας.

1899 2794 2057 2850 neris
2087 2799 2515 2866 propagatores
2545 2798 2853 2865 totumque
2883 2808 3072 2862 genus
3102 2793 3393 2864 irrogataa.

259 2892 370 2938 Νῦν
413 2916 481 2926 -
534 2885 648 2948 ἔξω.
709 2883 844 2947 ’Ἑξω
892 2893 988 2946 τῆς
1045 2885 1288 2944 τοιαύτης
1346 2882 1541 2955 ἀρχῆς,
1599 2883 1658 2941 ἣν
1717 2879 1790 2935 δι’

1970 2886 2134 2939 Vers.
2185 2883 2272 2937 3i.
2306 2884 2478 2940 Nunc
2501 2912 2569 2925 -
2591 2883 2776 2952 foras.
2820 2884 2992 2938 Extra
3021 2881 3365 2952 hujusmodi
3396 2881 3557 2954 prin-

184 2973 396 3036 ἀπάτης
460 2973 734 3033 ἐκτήσατο.
784 2973 922 3027 Ἐπεὶ
981 2977 1081 3048 γὰρ
1140 2974 1297 3033 αὐτὸς
1349 2970 1442 3024 διὰ
1491 2981 1579 3026 τοῦ
1638 2972 1772 3035 ξύλοι

1968 2976 2187 3045 patum,
2226 2987 2408 3044 quem
2440 2970 2649 3027 fraude
2679 2971 3009 3043 acquisivit.
3044 2973 3191 3027 Nam
3232 2971 3377 3043 quia
3415 2970 3556 3027 olim

178 3073 274 3124 τῆς
317 3064 432 3134 (73)
468 3062 712 3136 βρώσεως
751 3062 910 3115 πάλαι
952 3066 1039 3114 τὸν
1092 3063 1310 3114 παλαιὸν
1362 3058 1535 3134 Ἃδὰμ
1591 3060 1764 3124 ἐξέϐα).

1965 3068 2154 3118 iterem
2169 3061 2357 3117 Adam
2382 3060 2641 3132 perligni
2659 3060 2852 3116 cibum
2866 3076 2896 3115 e
2909 3075 3095 3130 regno
3118 3059 3328 3114 mundi
3346 3059 3518 3132 ejecit
3543 3076 3553 3114 :

178 3161 281 3215 τῆς
314 3151 584 3224 βασιλείας
613 3160 705 3204 τοῦ
736 3157 959 3224 κόσμου’
1009 3151 1184 3222 [αὐτὸν
1215 3153 1329 3218 (74)
1372 3147 1466 3203 διὰ
1508 3158 1598 3203 τοῦ
1636 3150 1766 3213 ξυλοτ

1969 3168 2091 3206 υνυς
2144 3167 2304 3205 nunc
2343 3151 2530 3205 Adam
2578 3150 2780 3220 ipsum
2835 3165 2933 3221 per
2993 3149 3182 3204 crucis
3234 3148 3468 3219 lignum
3527 3164 3557 3204 ο

181 3251 283 3303 τῆς
315 3248 658 3316 σταυρώσεως
699 3236 787 3292 νῦν
819 3243 842 3292 ὁ
873 3246 982 3301 νέος
1010 3237 1182 3312 Ἀδὰμ
1214 3239 1443 3292 ἐκϐάλλει
1485 3247 1577 3302 τῆς
1623 3238 1769 3312 βασι·

1971 3240 2111 3295 undi
2127 3255 2311 3309 regno
2330 3238 2519 3309 ejecit,
2540 3239 2932 3311 progenitoris
2956 3238 3427 3296 inobedientiam
3449 3253 3559 3294 sua

177 3332 323 3393 λείας
351 3339 443 3382 τοῦ
483 3329 728 3402 κόσμου],
762 3335 856 3388 τὴν
888 3337 976 3382 τοῦ
1002 3332 1325 3404 προπάτορος
1371 3333 1639 3403 παρακοήν
1694 3326 1765 3381 διε

931 3337 976 3381 ›ῡ
1002 3332 1325 3404 προπάτορος
1371 3333 1639 3403 παρακοήν
1694 3326 1789 3381 διὰ
1899 3345 2119 3385 curans
2159 3329 2519 3385 obedientia.

180 3428 282 3480 τῆς
313 3419 500 3472 ἑαυτοῦ
533 3421 768 3481 ὑπακοῆς
807 3419 1100 3491 ἰασάμενος.

256 3507 416 3579 Κάγὼ
466 3539 531 3550 -
582 3507 962 3580 ἐμαυτόν.Ἒαν
1009 3507 1228 3580 ἀναχθῶ
1277 3507 1356 3560 ἐπὶ
1407 3511 1493 3559 τὸν
1539 3511 1784 3582 σταυρὸν,

1969 3510 2124 3563 Vers.
2153 3507 2242 3563 32.
2273 3508 2350 3563 Et
2376 3536 2446 3548 —
2474 3522 2571 3578 ego
2595 3505 2897 3576 meipsum.
2930 3505 2989 3563 Si
3014 3505 3264 3562 adactus
3293 3504 3461 3562 fuero
3491 3504 3552 3560 in

176 3600 383 3657 πάντας
461 3599 786 3668 πανταχόθεν
862 3601 984 3659 τοὺς
1057 3593 1323 3657 δεκτικοὺς
1393 3605 1488 3659 τῆς
1567 3602 1762 3650 πίστιω

1964 3614 2153 3662 ncem,
2172 3612 2381 3654 omnes
2401 3597 2685 3670 undique,
2709 3598 2812 3670 qui
2832 3596 3016 3652 fidem
3038 3594 3421 3667 susceperint,
3446 3609 3552 3666 per

177 3687 385 3739 ἑλκύσω
446 3689 575 3760 πρὸς
630 3685 849 3758 ἐμαυτὸν
901 3682 974 3738 δι’
1032 3686 1213 3748 αὐτῆς.
1268 3691 1368 3738 Καὶ
1420 3685 1598 3753 οὑτως,
1641 3687 1765 3757 {upr

1965 3705 2029 3743 .m
2059 3687 2292 3743 traham
2333 3686 2410 3742 ad
2444 3687 2754 3758 meipsum.
2788 3688 2854 3740 Et
2876 3701 3013 3742 vere
3041 3684 3102 3741 in
3133 3699 3308 3741 cruce
3337 3683 3553 3740 exalta-

178 3778 288 3834 θεὶς
345 3773 427 3826 ἐπί
478 3781 569 3825 τοῦ
633 3782 878 3844 σταυροῦ,
929 3783 1126 3847 πρῶτον
1169 3773 1373 3826 εἵλκυσε
1416 3778 1502 3825 τὸν
1561 3774 1760 3845 λῃστὴν

1962 3795 2010 3844 s,
2061 3777 2352 3832 latronem
2400 3777 2665 3848 primum
2714 3776 2967 3845 attraxit,
3020 3779 3078 3831 et
3119 3775 3547 3839 centurionem,

173 3869 270 3915 καὶ
314 3866 402 3914 τὸν
450 3863 846 3934 ἑκατόνταρχον,
881 3869 970 3915 καὶ
1013 3868 1134 3925 τοὺς
1184 3863 1294 3935 μετ’
1357 3862 1513 3913 αὐτοῦ
1569 3871 1758 3934 τηροῦν

1960 3882 2119 3938 sque
2148 3865 2254 3936 qui
2275 3881 2336 3920 se
2368 3882 2502 3920 cum
2524 3865 2622 3921 illo
2644 3865 2976 3931 servabant,
2994 3864 3134 3919 hinc
3165 3863 3341 3936 coepit
3365 3867 3548 3920 attra-

172 3971 273 4013 τας
335 3951 512 4016 αὐτὸν,
557 3950 778 4004 ἐντεῦθεν
833 3951 1114 4025 ἀρξάμενος
1167 3951 1378 4004 ἐλκύειν.
1426 3950 1657 4004 Ἐλκύσω
1701 3947 1759 4003 δὲ

1956 3970 2050 4009 ire.
2084 3955 2367 4019 Traham,
2390 3955 2602 4025 inquit,
2621 3959 2910 4025 tanquam
2932 3969 2968 4008 a
2986 3959 3242 4024 tyranno
3253 3951 3544 4016 detentos,

170 4045 332 4114 φησὶ,
389 4044 765 4112 κατεχομένους
815 4042 914 4093 ὑπὸ
964 4049 1053 4093 τοῦ
1120 4042 1391 4114 τυράννου,
1441 4041 1527 4093 άτε
1573 4049 1758 4114 πρῶτο·

1285 4060 1391 4106 νου,
1441 4041 1527 4093 άτε
1573 4049 1779 4114 πρῶτον
1888 4042 2020 4113 ipso
2046 4043 2309 4114 primum
2336 4047 2594 4113 tyranno
2622 4041 2873 4112 dejecto.

167 4129 366 4182 ἐκεῖνον
394 4128 718 4181 καταϐαλών.

243 4221 453 4274 Ταύτην
508 4214 566 4270 δὲ
614 4222 706 4274 τὴν
760 4217 890 4280 ὒξιν
948 4217 1189 4292 ἁρπαγὴν
1256 4217 1488 4270 ἐκάλεσεν
1541 4216 1776 4290 ἀλλαχοῦ

1958 4220 2119 4274 Hanc
2135 4221 2331 4273 autem
2346 4216 2759 4273 attractionem
2777 4215 2920 4272 alibi
2939 4221 3183 4283 raptum
3211 4214 3443 4271 vocavit
3459 4213 3546 4269 di-

163 4307 358 4378 λέγων’
418 4313 530 4366 Πῶς
576 4303 798 4358 δύναταί
863 4327 942 4368 τις
1001 4307 1241 4359 εἰσελθεῖν
1310 4308 1379 4369 εἰς
1440 4313 1532 4365 τὴν
1609 4308 1748 4359 οἰκία

1956 4323 2058 4362 ns:
2089 4307 2381 4376 Quomodo
2401 4313 2586 4375 potest
2607 4306 2737 4376 quis
2763 4305 2998 4374 ingredi
3028 4306 3088 4360 in
3107 4304 3337 4359 domum
3365 4302 3544 4373 fortis

163 4406 263 4450 τοῦ
328 4397 577 4469 ἰσχυροῦ,
627 4400 716 4447 καὶ
761 4399 825 4447 τα
886 4398 1042 4453 σκεύη
1103 4395 1262 4447 αὐτοῦ
1321 4393 1635 4470 διαρπάσαι,
1693 4395 1751 4447 ea

1949 4415 1956 4430 ι
1972 4413 2108 4454 vasa
2123 4399 2248 4467 ejus
2262 4395 2660 4464 diripere,nisi
2675 4395 2934 4462 primum
2947 4393 3282 4463 alligaverit
3295 4392 3537 4462 fortem,

384 4453 472 4469 η,
567 4453 575 4461 ,
1415 4453 1423 4470 ,
1624 4453 1633 4461 ,

162 4490 242 4558 μὴ
293 4495 494 4559 πρῶτον
545 4481 686 4556 δήσῃ
743 4488 829 4536 τὸν
875 4484 1118 4557 ἰσχυρὸν,
1169 4490 1258 4536 καὶ
1304 4491 1420 4537 τότε
1470 4491 1563 4544 τὴν
1608 4485 1748 4537 οἰκία

1965 4495 2108 4543 tunc
2133 4453 2357 4542 domum
2373 4453 2499 4555 ejus
2521 4453 2813 4552 dirimet“
2839 4482 2866 4537 ‘I
2884 4453 3353 4556 Atqui'superius
3371 4453 3535 4548 dixit,

163 4575 337 4627 αὐτοῦ
394 4571 940 4648 διαρπάσῃ;’οπίσω
973 4577 1062 4645 μὲν
1116 4575 1202 4626 οὖν
1257 4571 1390 4626 εἶπεν
1456 4576 1532 4628 ὃτι
1585 4571 1746 4627 Οὐδεὶ

1949 4592 2058 4632 emo
2087 4581 2264 4646 potest
2288 4575 2481 4631 venire
2506 4574 2586 4630 ad
2613 4588 2724 4637 me,
2748 4573 2866 4627 nisi
2895 4573 3090 4636 Pater,
3115 4571 3218 4644 qui
3241 4572 3400 4626 misit
3430 4585 3537 4633 me,

162 4661 399 4716 δύναται
472 4661 628 4715 ἐλθεῖν
702 4667 832 4736 πρὸς
904 4666 1010 4734 ἐμὲ,
1087 4662 1170 4715 ἐὰν
1244 4669 1314 4735 μὴ
1393 4666 1420 4716 ὁ
1487 4669 1665 4738 Πατὴρ
1749 4698 1750 4705 η

1952 4665 2137 4722 exerit
2162 4681 2292 4721 eum
2318 4664 2441 4730 ;hic
2457 4666 2656 4719 autem
2677 4661 2756 4718 ait
2773 4677 2786 4716 :
2803 4659 3004 4717 Omnes
3019 4661 3256 4717 traham
3273 4659 3350 4716 ad
3359 4659 3540 4728 meip-

161 4751 389 4825 πέμψας
442 4771 504 4824 με
556 4752 743 4825 ἐλκύσῃ
817 4752 970 4804 αὐτόν
1005 4769 1018 4783 ⁸
1069 4754 1290 4807 ἐνταῦθα
1358 4751 1416 4807 δὲ
1481 4755 1634 4827 λέγει,
1695 4756 1749 4807 ὅτ

1955 4756 2083 4822 m",
2100 4769 2217 4811 non
2239 4751 2534 4810 contraria
2555 4750 2919 4822 signiﬁcans,
2937 4749 3044 4807 sed
3059 4765 3194 4823 qua:
3206 4749 3394 4807 Patris
3409 4752 3539 4807 sunt

238 4981 284 5016 ⁴¹
313 4981 483 5037 Rom.
525 4995 605 5048 ιιι,
638 4980 727 5038 23.
761 4996 798 5037 v
823 4987 911 5039 12.
999 4985 1044 5018 ⁸⁸
1075 4984 1254 5041 Matth
1283 5000 1380 5051 xu,
1414 4988 1502 5040 29.
1580 4986 1626 5020 ⁴³
1653 4985 1824 5042 Joan.
1853 5000 1931 5052 v1,
1959 4986 2046 5043 44.

1413 5215 1629 5284 Variae
1659 5214 1988 5285 lectiones
2024 5226 2088 5286 et
2154 5226 2357 5286 notae.

233 5434 349 5506 (7'2)
381 5433 583 5516 Malim
616 5431 704 5487 οὖν
737 5451 846 5516 pro
875 5444 982 5503 νῦν,
1011 5453 1146 5509 quae
1173 5437 1294 5516 duo
1326 5438 1674 5516 alibietiam
1702 5439 1762 5496 in

1939 5441 1967 5491 α
2017 5446 2108 5516 τοῦ
2154 5439 2306 5503 ξύλου
2355 5449 2451 5503 τῆς
2514 5445 2876 5516 σταυρώσιως.
2935 5438 3333 5497 Membrorum
3386 5450 3527 5507 ergo

149 5505 256 5566 his
297 5505 608 5560 codicibus
640 5505 894 5564 confusa
935 5505 1068 5564 esse
1097 5510 1512 5565 animadverti.
1873 5511 2208 5568 aequalitate
2239 5517 2570 5568 excusatur.

233 5527 256 5560 Β
297 5527 608 5560 οοαιωυυδ
640 5527 894 5564 contusa
935 5527 1068 5564 esse
1097 5527 1512 5565 animadverti.
1873 5528 1922 5567 ω
1974 5527 2208 5567 uamate
2239 5527 2570 5568 excusatur.

233 5577 349 5655 (73)
383 5578 632 5655 Durum
655 5579 790 5655 hoc.
820 5581 899 5634 Ac
937 5579 1188 5655 fortasse
1216 5581 1432 5655 aliquis
1466 5582 1760 5655 maluerit,
1927 5527 2061 5655 ιἷτλῐι)
2089 5583 2324 5641 Inclusa
2353 5583 2697 5642 exciderant
2721 5599 2792 5641 ex
2819 5582 2988 5641 codd.
3015 5583 3074 5639 Β.

155 5647 261 5704 διὰ
295 5655 390 5712 τῆς
422 5655 515 5701 τοῦ
555 5647 707 5712 ξύλου
740 5649 1003 5728 βρώσεως.
1037 5651 1147 5708 Sed
1176 5647 1465 5709 mox'huc
1501 5647 1765 5718 refertur,
