4022 6232
575 281 712 343 i367

578 500 977 575 asqualitatem
1005 514 1107 572 per
1136 498 1273 554 talia
1298 498 1731 554 demonstrans.

650 768 807 823 Vers.
833 766 919 822 33.
951 768 1078 823 Hoc
1111 796 1173 807 —-
1206 771 1345 821 esset
1378 771 1713 820 moriturus.
1741 768 1878 831 Hoc,
1906 761 2228 835 quidnam?

576 858 645 913 Si
668 858 967 913 exaltatus
990 858 1183 926 fuero,
1213 854 1502 927 siquidem
1526 853 1949 910 exaltationem
1972 853 2027 908 in
2057 866 2230 907 cruce

576 944 888 1001 innuebat.

650 1036 808 1090 Vers.
836 1036 923 1089 3i.
948 1034 1342 1103 Respondit—
1360 1033 1606 1088 hominis
1632 1032 1659 1087 εἲ
1682 1033 1867 1087 Etiam
1896 1031 1991 1087 hic
2014 1030 2232 1100 legem,

579 1123 919 1195 simpliciter
964 1123 1233 1177 divinam
1276 1121 1579 1193 appellant
1624 1122 2006 1193 Scripturam.
2061 1123 2230 1185 Nam,

578 1212 983 1284 frequentibus
1013 1211 1141 1281 ejus
1173 1212 1230 1266 in
1263 1211 1407 1266 locis
1461 1211 1880 1265 immortalitas
1912 1209 2237 1265 divinitatis

580 1301 785 1356 Christi
815 1301 1179 1370 signiﬁcatur
1207 1318 1220 1356 :
1263 1300 1780 1372 quemadmodum
1806 1300 1982 1353 etiam
2022 1303 2239 1354 morta-

578 1388 706 1444 litas
733 1390 1120 1446 humanitatis
1150 1390 1299 1462 ejus,
1331 1394 1385 1445 et
1418 1389 1674 1444 maxime
1697 1390 1750 1443 in
1780 1388 2030 1444 Psalmis
2066 1388 2237 1443 Davi-

579 1477 747 1534 dicis.

652 1571 717 1624 Et
764 1568 892 1625 vide
952 1568 1229 1624 dolosum
1273 1584 1482 1623 eorum
1540 1575 1838 1623 conatum'
1895 1567 2039 1621 Cum
2082 1566 2237 1621 enim

579 1660 851 1730 superius
873 1658 947 1714 de
971 1662 1157 1713 morte
1189 1658 1592 1729 disputantem
1620 1656 1930 1712 audissent
1953 1672 2019 1711 ac
2041 1656 2237 1711 dicen-

580 1752 697 1803 tem
724 1765 736 1803 :
773 1749 1012 1816 Oportet
1030 1747 1510 1803 exaltariFilium
1530 1746 1783 1801 hominis
1799 1745 2234 1816 “(quanquam

578 1837 694 1893 hoc
720 1837 1085 1906 evangelista
1115 1852 1235 1891 non
1266 1835 1561 1891 addiderit
1590 1852 1601 1889 :
1648 1835 1940 1906 siquidem
1975 1834 2149 1889 variis
2179 1834 2237 1887 in

576 1925 723 1982 locis
749 1926 862 1981 hoc
892 1926 974 1981 eis
998 1926 1226 1981 locutus
1286 1926 1434 1993 est);
1490 1941 1625 1978 cum
1659 1924 1838 1979 etiam
1874 1938 2033 1977 nunc
2074 1921 2238 1977 addi-

580 2016 745 2079 derit,
782 2018 849 2071 Si
878 2017 1170 2072 exaltatus
1192 2018 1384 2084 fuero,
1418 2014 1849 2077 intellexerunt,
1885 2013 2047 2084 quod
2079 2010 2238 2067 exal-

581 2106 865 2161 tationem
910 2106 1125 2159 diceret
1160 2108 1432 2167 mortem,
1467 2103 1597 2157 licet
1629 2118 1747 2157 non
1771 2102 1845 2156 de
1870 2116 1940 2156 ea
1971 2118 2104 2173 quae
2135 2116 2239 2171 per

579 2210 816 2249 crucem
838 2195 1016 2259 ﬁeret,
1046 2193 1425 2262 conciperent
1458 2208 1469 2244 :
1506 2196 1560 2246 et
1591 2191 1725 2245 hinc
1755 2190 2079 2261 sperabant
2101 2205 2239 2244 con-

579 2281 738 2337 vinci
767 2298 943 2353 posse
993 2281 1191 2352 ipsum
1243 2296 1363 2334 non
1395 2296 1524 2334 esse
1577 2280 1913 2347 Christum;
1946 2285 2235 2350 tanquam

576 2370 841 2425 dicentes
870 2386 882 2424 :
923 2373 1035 2425 Nos
1061 2368 1399 2424 audivimus
1432 2384 1504 2423 ex
1534 2368 1856 2439 Scriptura,
1889 2367 2046 2438 quod
2078 2368 2236 2422 Chri-

580 2464 703 2514 stus
732 2475 849 2514 non
873 2458 1184 2516 moriatur:
1212 2462 1584 2529 etquomuno
1608 2462 1661 2511 tu
1680 2456 1839 2519 dicis,
1859 2456 2011 2527 quod
2036 2457 2235 2527 ipsum

583 2548 737 2604 mori
787 2546 1104 2620 Oporteat‘?
1157 2546 1393 2610 Deinde,
1451 2562 1524 2602 ne
1554 2545 1666 2600 hoc
1721 2546 1795 2600 de
1835 2561 1905 2601 eo
1936 2545 2131 2601 dicere
2153 2546 2236 2601 vi-

581 2640 855 2703 deantur,
898 2637 1064 2692 aiunt
1098 2651 1110 2690 :

654 2727 811 2781 Vers.
846 2730 937 2782 34.
990 2726 1128 2792 Quis
1154 2755 1220 2765 —
1265 2724 1514 2780 hominis
1562 2725 1588 2779 ?
1620 2724 1839 2779 Etenim
1892 2723 1937 2778 si
1971 2724 2234 2779 Christus

578 2822 683 2885 est,
718 2832 838 2872 non
871 2820 1119 2871 moritur
1160 2831 1173 2880 ;
1207 2814 1370 2885 quod
1397 2814 1446 2868 si
1487 2814 1753 2877 moritur,
1788 2829 1909 2868 non
1944 2819 2031 2868 est
2070 2814 2234 2869 Chri-

579 2911 731 2963 stus.
771 2905 966 2977 Atqui,
998 2920 1033 2959 ο
1064 2904 1371 2959 dementes
1405 2902 1418 2959 i
1460 2902 1672 2958 debilis
1697 2908 1783 2957 est
1809 2903 1958 2957 ratio
1992 2909 2185 2957 vestra
2217 2920 2229 2957 :

578 3010 718 3050 nam
742 2999 795 3048 et
824 2994 933 3049 hoc
959 2998 1015 3049 et
1040 2992 1180 3047 illud
1215 3009 1417 3047 verum
1449 2998 1534 3047 est
1559 3009 1570 3046 :
1603 2992 1956 3047 immortalis
1986 2990 2233 3063 quidem

579 3087 665 3137 est
711 3081 1032 3148 divinitate,
1102 3080 1366 3136 mortalis
1416 3085 1612 3135 autem
1664 3080 2057 3135 humanitate.
2121 3080 2231 3135 Sed

580 3173 842 3229 Christus
869 3189 1025 3228 nunc
1051 3187 1171 3227 non
1189 3172 1409 3239 docuit,
1442 3171 1750 3243 quomodo
1773 3170 2126 3226 immortalis
2148 3186 2234 3225 es-

580 3268 688 3326 set,
714 3262 811 3317 sed
842 3262 1148 3333 quomodo
1173 3259 1438 3315 mortalis
1472 3259 1721 3327 ;sciens,
1744 3275 1848 3314 eos
1878 3275 1999 3315 non
2025 3275 2233 3315 susce—

577 3356 784 3424 pturos
822 3350 896 3406 de
928 3366 1034 3407 sua
1065 3349 1507 3405 immortalitate
1536 3364 1891 3404 sermonem.

650 3440 971 3497 Considera
993 3455 1269 3509 namque,
1290 3438 1474 3510 quod,
1500 3454 1635 3493 cum
1651 3438 1829 3493 etiam
1854 3454 2080 3501 vocem,
2101 3453 2236 3509 quas

578 3529 651 3584 de
686 3528 835 3584 coelo
860 3533 1120 3593 venerat,
1164 3527 1469 3582 audissent
1494 3543 1563 3582 ac
1597 3526 1889 3582 dixissent
1936 3542 1947 3581 :
1982 3526 2237 3597 Angelus

578 3620 630 3674 ei
652 3620 879 3674 locutus
903 3624 1005 3687 est,
1028 3618 1226 3671 adhuc
1254 3622 1455 3672 tamen
1474 3616 1906 3686 malignantur.
1944 3616 2080 3672 Ideo
2100 3617 2242 3671 sim.

581 3706 811 3778 pliciter
849 3721 951 3758 eos
984 3705 1287 3760 admonet.

650 3795 813 3849 Vers.
862 3798 946 3848 35.
984 3795 1135 3850 Dicit
1184 3793 1791 3861 -—comprehendant.
1847 3796 2063 3851 Lucem
2098 3796 2238 3853 dicit

579 3882 862 3955 seipsum.
894 3885 1039 3937 Nam
1071 3887 1125 3937 et
1170 3883 1228 3937 in
1262 3882 1729 3953 praecedentibus
1764 3884 2002 3940 dicebat
2056 3901 2067 3939 :
2112 3887 2239 3956 Ego

576 3987 701 4027 sum
725 3973 835 4027 lux
858 3971 1085 4034 mundi,
1115 3970 1219 4041 qui
1246 3970 1509 4041 sequitur
1529 3987 1617 4027 me
1637 3988 1755 4027 non
1774 3973 2041 4029 ambulat
2073 3974 2129 4028 in
2159 3982 2240 4030 te-

578 4062 846 4118 nebris“.
873 4059 1159 4115 Modicum
1211 4065 1408 4114 autem
1438 4064 1672 4131 tempus
1706 4060 1766 4115 id
1788 4061 1948 4125 dicit,
1975 4063 2139 4134 quod
2163 4063 2241 4119 ad

579 4156 831 4207 mortem
891 4165 1079 4221 usque
1130 4148 1350 4203 deerat.
1402 4150 1521 4203 Prae
1574 4149 1943 4206 humanitate
1982 4167 2123 4222 ergo
2171 4168 2239 4207 ac

576 4240 942 4309 benignitate
972 4242 1328 4309 protestatur
1354 4254 1421 4291 ae
1453 4237 1902 4307 admonetillos,
1939 4245 1996 4295 ut
2030 4242 2087 4294 in
2112 4240 2240 4296 luce

580 4328 905 4396 ambulent,
936 4328 1048 4382 hoc
1078 4332 1167 4382 est
1190 4332 1515 4397 sequantur
1544 4342 1679 4382 eum
1701 4329 2072 4384 cumlumine
2096 4346 2242 4400 pra;-

582 4424 820 4475 euntem
849 4418 1120 4488 viamque
1149 4421 1744 4483 commonstrantem,
1764 4423 1820 4472 et
1846 4418 1975 4488 ejus
1998 4420 2242 4475 credant

582 4507 980 4564 sermonibus.
1018 4509 1123 4560 Per
1168 4506 1441 4560 tenebras
1464 4521 1603 4561 vero
1643 4522 1902 4562 errorem
1951 4507 2238 4577 intelligo,

582 4613 704 4668 quo
736 4613 837 4650 eos
880 4595 1245 4649 seduxerunt
1274 4593 1505 4649 illorum
1560 4594 1886 4665 pontifices,
1928 4605 2240 4669 postquam

584 4684 876 4740 Christum
910 4684 1344 4751 interfecerunt,
1378 4682 1746 4740 afﬁrmantes
1774 4684 1931 4756 quod
1966 4686 2244 4742 seductor

582 4772 802 4829 fuisset.

656 4860 1065 4931 Intelliguntur
1096 4877 1336 4935 quoque
1368 4860 1703 4933 simpliciter
1750 4864 2038 4933 Tenebrae,
2082 4880 2243 4921 error

583 4952 945 5017 Judmorum,
977 4950 1080 5023 qui
1119 4951 1491 5024 corporalem
1538 4951 1761 5008 cultum
1796 4958 2117 5023 servantes,
2148 4970 2236 5011 ar-

659 5185 704 5221 “
736 5184 1008 5249 Joan.m,
1041 5186 1093 5253 8,
1120 5199 1237 5257 xw,
1263 5188 1351 5242 28.
1429 5188 1475 5223 ⁴³
1496 5188 1662 5244 Joan.
1721 5203 1839 5252 vni,
1871 5188 1957 5254 12,

1922 272 2260 333 EUTHYMII
2298 270 2459 330 ZIGA
2469 274 2598 331 BEN
2605 274 2624 331 Ι

576 410 689 466 sibi
736 407 1053 466 concilians
1084 424 1153 464 ac
1184 406 1530 464 communia
1560 406 1765 464 omnia
1801 404 2141 470 ostendens,
2170 408 2225 462 et
2254 402 2303 457 A
2341 407 2545 468 Πάντας

3730 290 3823 349 1368

3472 410 3554 465 οὐκ
3618 414 3828 472 ἑναντιολος

2339 504 2461 567 γῶν,
2524 494 2652 548 ἀλλὰ
2702 498 2768 548 τὰ
2814 504 2906 549 τοῦ
2958 501 3159 572 Πατρός
3214 500 3547 573 οἰκειούμενος,
3604 510 3677 557 καὶ
3727 514 3832 561 κοινά

2636 405 2832 459 ελκύσω
2928 410 3056 479 πρὸς
3144 408 3164 462 ἒ
3172 430 3275 481 μαν
3284 415 3380 463 τόν·

2339 588 2506 638 πάντα
2551 582 2818 651 δεικνύων,
2865 592 2954 639 καὶ
2986 591 3044 640 τὸ
3091 591 3205 640 ἴσον
3246 586 3335 642 διὰ
3382 598 3470 642 τῶν
3507 597 3711 646 τοιούτων
3737 617 3833 649 ποιο-

2341 683 2517 729 ιστῶν,
3790 660 3796 669 ί

2409 771 2572 817 Τοῦτο
2626 796 2692 805 -
2747 763 3113 825 ἀποθνήσκειν.
3162 775 3345 834 Τοῦτο,
3400 778 3573 837 ποῖον;
3614 776 3680 826 τὸ.
3720 773 3834 827 Ὀτίν

2341 852 2553 924 ὑψωθώο
2587 851 2850 912 ὑπεδήλου
2880 858 2982 929 γὰρ
3015 860 3107 914 τὴν
3131 855 3212 909 ἐπὶ
3242 865 3329 909 τοῦ
3363 867 3570 935 σταυροῦ
3592 861 3775 933 ὕψωσεν.
3956 844 3957 935 ξ

2416 1033 2695 1107 Ἀπεκρίθη
2751 1064 2819 1075 --
2863 1033 3168 1107 ἀνθρώπου;
3203 1034 3467 1089 Κάνταῦθα
3496 1043 3630 1110 νόμον
3663 1040 3838 1110 λέγουσιν

2346 1121 2519 1183 ἅπλῶς
2570 1127 2663 1180 τήν
2719 1125 2856 1175 θείαν
2914 1129 3143 1196 Γραφήν.
3194 1125 3461 1197 Πολλαχοῡ
3510 1130 3600 1199 γάρ
3646 1130 3774 1189 αὐτῆς
3803 1136 3841 1182 τὸ
3956 1130 3957 1187 l

2348 1210 2599 1264 ἀθάνατον
2626 1219 2718 1274 τῆς
2747 1214 2985 1275 θεότητος
3008 1222 3100 1266 τοῦ
3127 1222 3360 1288 Χριστοῦ
3400 1222 3692 1287 σημαίνεται,
3718 1222 3840 1289 ὥσπερ
3956 1198 3957 1267 l

2348 1303 2518 1352 καὶτὸ
2558 1303 2739 1359 θνητὸν
2779 1311 2870 1362 τῆς
2910 1301 3303 1375 ἀνθρωπότητος
3333 1304 3503 1369 αὐτοῦ,
3527 1312 3606 1358 καὶ
3645 1307 3790 1379 μᾶλλον
3813 1309 3843 1359 ἐι

2348 1396 2457 1452 τοῖς
2487 1398 2774 1451 Δανῐτικοίς
2800 1390 3050 1463 Ψαλμοῖς.

2418 1567 2553 1642 Ὀρα
2601 1568 2713 1640 (73)
2760 1565 2819 1620 δὲ
2874 1574 3213 1643 κακουργίαν.
3283 1571 3600 1631 Ἀκούσαντες
3636 1574 3719 1645 γὰρ
3762 1572 3847 1623 ἀθω-

2348 1661 2477 1728 τέρω
2528 1661 2641 1728 περὶ
2695 1664 2785 1709 τοῦ
2838 1659 3055 1710 θανάτου
3110 1659 3555 1731 φιλοσοφήσαντας,
3604 1666 3680 1713 καὶ
3731 1681 3849 1735 προσ·

2274 1748 2521 1809 Βθέντος
2599 1748 2679 1797 ὅτι
2744 1754 2827 1799 Δεῖ
2905 1747 3179 1817 ὑψωθῆναι
3244 1752 3332 1801 τόν
3406 1751 3507 1801 Υἱόν
3562 1758 3641 1801 τοῦ
3704 1749 3849 1824 ἀνθρώ·

2346 1855 2465 1889 που·
2497 1836 2539 1888 εἰ
2591 1841 2679 1888 καὶ
2731 1841 2801 1907 μὴ
2836 1839 3130 1909 προσέθηκε
3160 1845 3313 1890 τοῦτο
3352 1840 3377 1890 ὁ
3426 1838 3761 1910 asa-77mm;-
3791 1844 3852 1891 καὶ
3956 1856 3957 1883 l

2346 1928 2445 1998 γὰρ
2500 1921 2759 1999 διαφόρως
2817 1925 2951 1996 ἔλεγε
3010 1934 3162 1979 τοῦτο
3214 1930 3346 2001 πρὸς
3414 1928 3625 1989 αὐτούς’
3674 1928 3759 1979 ἐπεὶ
3794 1934 3854 1979 καὶ

2345 2021 2432 2063 νῦν
2487 2010 2619 2065 εἶπεν
2684 2016 2764 2066 ὅτι
2820 2014 2981 2066 Ὅταν
3040 2015 3254 2085 ὑψωθῶ,
3315 2024 3533 2075 συνῆκαν
3594 2019 3662 2067 ὅτι
3707 2016 3854 2087 ialm}:

2346 2107 2431 2154 τὸν
2488 2105 2703 2156 θάνατον
2756 2104 2911 2174 λέγει,
2974 2104 3018 2157 εἰ
3092 2110 3180 2157 καὶ
3254 2110 3325 2177 μὴ
3407 2112 3495 2165 τὴν
3552 2107 3623 2158 ἐπὶ
3690 2114 3856 2178 σταυροῦ

2346 2191 2581 2255 ἐνόησαν,
2615 2198 2703 2245 καὶ
2756 2190 3159 2267 προσεδόκησαν
3191 2196 3420 2247 ἐντεῦθεν
3450 2195 3632 2265 ἐλέγξαι
3664 2194 3783 2245 αὐτόν
3806 2202 3853 2261 με

2346 2285 2466 2332 ὄντα
2519 2284 2766 2355 Χριστὸν,
2828 2286 3017 2335 ὡσανεί
3071 2282 3318 2353 λέγοντες·
3379 2286 3675 2356 ’Πκούσαμεν
3713 2282 3754 2334 ἐκ
3797 2291 3858 2341 τῆς

2346 2377 2549 2445 Γραφῆς
2575 2372 2655 2422 ὅτι
2685 2372 2710 2422 ὁ
2745 2376 2971 2442 Χριστός
3016 2372 3109 2423 οὐκ
3141 2371 3480 2440 ἀποθνήσκει,
3510 2379 3590 2424 καὶ
3627 2381 3717 2433 πῶς
3745 2376 3792 2422 σέ)
3806 2371 3855 2420 λί-

2343 2479 2454 2530 γεις
2483 2462 2563 2512 ὅτι
2593 2459 2865 2512 ἀποθανεῖν
2888 2462 3001 2531 (76)
3024 2465 3133 2532 χρὴ
3166 2462 3353 2528 αὐτόν;
3380 2459 3519 2528 Εἶτα,
3544 2466 3616 2514 ἱνα
3632 2467 3691 2535 μή
3717 2458 3858 2522 δόξωσι

2343 2554 2461 2623 περὶ
2490 2548 2650 2602 αὐτοῦ
2682 2557 2831 2602 τοῦτο
2856 2549 3037 2621 λέγειν,
3072 2570 3222 2623 φασι.

2412 2732 2504 2789 Τίς
2557 2756 2622 2767 ··-’
2668 2727 2985 2797 ἀνθρώπουξ
3038 2728 3096 2781 Εἰ
3148 2732 3238 2799 μὲν
3289 2733 3390 2803 γὰρ
3436 2728 3563 2782 ἐστιν
3614 2730 3635 2779 ό
3677 2731 3856 2798 Χριστός,

2342 2816 2435 2867 οὐκ
2494 2815 2830 2875 ἀποθνήσκει·
2888 2817 2931 2868 εἰ
2989 2814 3047 2869 δὲ
3130 2816 3471 2887 ἀποθνήσκει,
3534 2818 3619 2870 οὐκ
3678 2820 3788 2869 ἔστιν
3843 2815 3859 2861 ὁ

2342 2910 2588 2977 Χριστός.
2626 2910 2726 2958 Καὶ
2751 2911 2873 2977 μὴν,
2901 2907 2940 2956 ὡ
2979 2905 3226 2963 ἀνόητοιῐ
3282 2910 3475 2981 σαθρός
3520 2910 3543 2958 ὁ
3583 2906 3711 2977 λόγος
3742 2906 3857 2974 ὑμῶν

2344 3013 2455 3045 εστι
2492 2997 2590 3068 γὰρ
2641 3000 2729 3046 καὶ
2776 3003 2925 3047 τοῦτο
2968 2994 3191 3061 κάκεῖνο,
3225 2996 3482 3057 ἀθάνατος
3535 2998 3612 3067 μὲν
3656 3002 3707 3066 τῇ
3752 2992 3858 3043 ἀθέου
3956 2982 3957 3067 l

2273 3101 2313 3158 C
2344 3103 2483 3149 τητι,
2538 3086 2716 3145 θνητός
2778 3082 2836 3137 δὲ
2884 3093 2947 3155 τῇ
3009 3084 3399 3159 ἀνθρωπότητι.
3451 3086 3575 3138 Ἀλλ’
3624 3088 3644 3136 ὀ
3689 3087 3860 3157 Χριστὸς
3956 3080 3957 3159 ξ

2344 3172 2438 3225 οὐκ
2492 3170 2705 3235 ἐδίδαξε
2760 3181 2846 3224 νῦν
2906 3181 3010 3233 πῶς
3052 3177 3142 3245 μὲν
3196 3173 3342 3227 ἐστιν
3397 3174 3651 3237 ἀθάνατος,
3700 3180 3781 3230 πῶς
3821 3165 3859 3219 δε

2348 3263 2546 3327 θνητός,
2590 3258 2742 3323 εἰδὼς
2772 3261 2960 3324 αὐτοὺς
3012 3262 3070 3315 0'}
3105 3262 3550 3338 παραδεξομένονς
3578 3267 3653 3315 τόν
3680 3265 3767 3332 περὶ
3798 3267 3862 3316 τὶς

2349 3352 2586 3412 θεότητος
2617 3351 2777 3403 αὐτοῦ
2805 3351 2975 3421 λόγον.

2419 3446 2600 3492 Σκόπει
2650 3443 2747 3512 γὰρ
2806 3442 2882 3492 ὅτι
2940 3445 3029 3493 καὶ
3086 3445 3177 3499 τὴν
3238 3441 3489 3495 ἐλθοῦσαν
3536 3445 3684 3514 φωνὴν
3720 3438 3763 3491 ἐκ
3800 3440 3861 3486 τοῦ

2348 3530 2567 3603 οὐρανοῦ
2618 3528 2967 3591 ἐνωτισθέντες
3018 3536 3107 3581 καὶ
3163 3530 3394 3594 εἰπόντες
3452 3534 3527 3584 ὅτι
3559 3529 3735 3600 ἄγγελος
3767 3525 3860 3589 αὐτῷ

2345 3618 2636 3684 λελάληκεν,
2704 3621 2779 3671 ἔτι
2857 3622 3247 3691 πονηρεύονται.
3310 3624 3401 3673 Διὸ
3472 3625 3686 3693 παραινιί
3741 3614 3863 3671 003701;

2346 3707 2489 3761 διπλῶ
2499 3728 2539 3770 ς.

2420 3804 2571 3849 Εἶπεν
2620 3828 2688 3836 -
2740 3795 3030 3869 καταλήϐῃ.
3093 3804 3199 3857 Φῶς
3268 3798 3449 3851 ἑαυτὸν
3501 3797 3641 3868 λέγει.
3687 3792 3859 3861 ﬁnis/it?

2347 3893 2437 3940 καὶ
2508 3884 2780 3959 προλαϐὼν
2848 3885 3033 3957 ἔλεγεν
3090 3886 3222 3957 Ἐγώ
3304 3888 3411 3961 εἰμι
3457 3891 3513 3939 τό
3564 3895 3655 3959 φῶς
3693 3890 3764 3935 70-3
3806 3898 3859 3928 ze-

2351 3994 2507 4045 σμου,
2563 3975 2586 4025 ὁ
2642 3972 2932 4027 ἀκολουθῶν
2972 3978 3085 4046 ἐμοι
3152 3976 3212 4027 οὗ
3262 3980 3332 4048 μὴ
3399 3981 3703 4050 περιπατήσῃ
3754 3969 3787 4021 ἐν

2352 4068 2555 4134 σκοτίᾳ.
2623 4067 2821 4137 Μικρὸν
2903 4060 2961 4116 δε
3048 4068 3241 4135 χρόνον
3332 4085 3462 4137 φησι
3516 4069 3596 4116 τὸν
3652 4064 3759 4133 ἄχει
3803 4062 3860 4106 τω

2353 4153 2570 4204 θανάτου
2626 4153 2807 4204 αὐτοῦ.
2873 4152 2995 4205 Ὑπὸ
3069 4152 3456 4227 φιλανθρωπίας
3502 4158 3654 4205 τοίνυν
3702 4145 3859 4215 dmin?

2350 4245 2578 4315 τύρεται,
2637 4247 2726 4294 καὶ
2800 4247 3089 4311 κατεπείγει
3149 4243 3339 4304 αὐτούς
3414 4244 3485 4305 εἰς
3540 4247 3592 4293 τὸ
3641 4240 3855 4311 περιπατεῖν

2351 4330 2401 4382 ἐν
2471 4340 2542 4400 τῷ
2597 4336 2746 4402 φωτὶ,
2791 4334 2953 4401 ἤγουν
3010 4330 3312 4384 ἀκολουθεῖν
3372 4332 3510 4401 αὑτῲ
3549 4328 3855 4402 φωτατίωγθῦντί

2274 4454 2318 4508 D
2350 4425 2439 4471 καὶ
2488 4417 2790 4492 όδῃγοῡντι,
2822 4424 2911 4471 καὶ
2961 4424 3219 4473 πιστεύειν
3271 4430 3382 4483 τοῖς
3411 4422 3575 4492 λόγοις
3616 4418 3709 4489 (77)
3734 4412 3854 4464 eritsi.

2352 4514 2563 4560 Σκθτίαν
2596 4505 2653 4560 δέ
2700 4518 2797 4560 νοῶ
2828 4513 2920 4566 τὴν
2960 4508 3174 4575 πλάνην,
3208 4509 3268 4567 ἣν
3324 4510 3607 4567 ἕπλάνησαν
3655 4504 3797 4557 αὐτοὺς
3827 4498 3852 4544 εἱ

2350 4599 2602 4670 ἄρχοντες
2636 4597 2801 4649 αὐτῶν
2854 4599 2983 4669 μετά
3032 4601 3088 4649 τό
3131 4596 3321 4651 ἀνελεῖν
3380 4602 3468 4651 τόν
3522 4597 3735 4672 Χριστὸν,
3770 4606 3851 4639 m'

2352 4692 2733 4760 ροφορήσαντες
2757 4688 2837 4739 ὅτι
2866 4686 3053 4748 πλάνος
3079 4684 3157 4745 ἦν.

2421 4872 2632 4917 Νοεῐται
2708 4860 2766 4916 δὲ
2843 4868 3028 4916 σκοτία
3099 4867 3188 4915 καὶ
3264 4865 3293 4921 ἡ
3377 4863 3547 4924 ἁπλῶς
3613 4859 3744 4911 πλέη
3787 4858 3845 4900 (ὢν

2348 4949 2637 5007 Ἰουδαίων
2712 4957 2804 5011 τὴν
2872 4955 2973 5028 γὰρ
3053 4957 3359 5025 σωματικὴν
3438 4952 3658 5027 λατρείαν
3720 4942 3845 5018 701i:-

1803 5417 2027 5486 Varia
2060 5416 2387 5486 lectiones
2435 5425 2501 5483 et
2532 5424 2733 5483 notae.

747 5614 863 5687 (75)
888 5616 991 5687 Γάρ
1019 5629 1129 5687 pro
1158 5610 1217 5667 δέ
1247 5622 1311 5669 Α.

748 5684 859 5760 (76)
884 5684 969 5742 Διΐ
997 5684 1100 5759 pro
1129 5690 1238 5761 χρή
1269 5690 1334 5742 Α.

2405 5611 2521 5683 (77)
2551 5618 2634 5684 Τῷ
2651 5612 2792 5685 λόγῳ
2821 5618 2881 5664 Δ.
