4022 6232
207 272 351 330 1369

208 417 386 460 σοντες
435 389 686 453 δοκοῦσιν
741 393 1030 471 εὐαρεστεῖν
1082 404 1155 470 τῷ
1203 405 1337 470 Θεῷ,
1376 402 1467 451 καὶ
1517 400 1802 462 σώζεσθαι.
1835 400 1881 456 Α

207 492 312 542 Καὶ
358 491 462 556 μὴν
518 485 647 543 αὕτη
701 486 730 543 ἡ
787 491 974 539 σκοτία
1047 491 1138 540 καὶ
1194 507 1307 539 τοτε
1372 484 1514 558 εἶχεν
1567 487 1758 551 αύτούς
1787 504 1803 519 ⁶

203 577 340 629 ἄλλὰ
384 578 443 628 τό
490 571 756 646 καταλάϐῃ
815 573 930 627 ἀντὶ
965 582 1057 628 τοῦ
1113 578 1499 650 κατακυριεύσῃ
1533 581 1698 650 μέχρι
1724 581 1806 631 τέ-

203 665 348 727 λους.

283 758 383 808 Καὶ
442 783 510 792 -
564 752 774 823 ὑπάγει.
809 751 1094 822 Πλανᾶται,
1142 757 1483 828 προσκόπτει,
1529 755 1805 827 κρημνίζε-

207 863 320 898 ται.

279 931 415 993 Ἐως
436 961 505 972 -
531 939 650 1003 φῶς.
673 930 989 1004 Ἐσαφήνισε
1016 934 1101 984 τόν
1125 930 1295 1003 λόγον.

278 1020 390 1074 Ἰνα
433 1051 504 1061 —
543 1021 782 1091 γένησθε.
836 1024 936 1072 Καὶ
975 1019 1026 1072 ἑν
1053 1026 1352 1093 προοιμίοις
1378 1027 1471 1073 τοῦ
1492 1020 1806 1093 Εύαγγελίου

203 1107 341 1164 εἶπεν
391 1110 536 1170 οὗτος
567 1111 592 1161 6
623 1109 1020 1181 εὐαγγελιστης.
1071 1111 1154 1162 61:
1189 1116 1346 1163 Ὅσοι
1389 1109 1568 1163 ἢαϐον
1627 1111 1806 1175 αὗτὸν,

203 1196 397 1252 ἔδωκεν
424 1199 598 1259 αὐτοῖς
627 1197 866 1261 ίξουσίαν
904 1202 1056 1250 τέκνα
1087 1206 1220 1252 Θεοῦ
1249 1201 1513 1270 γενέσθαι,
1553 1207 1658 1260 τοῖς
1687 1220 1810 1252 πισ-

202 1291 448 1340 τεύουσιν
478 1287 550 1350 εἰς
578 1291 635 1339 τό
671 1291 830 1358 ὄνομα
856 1287 1036 1342 αὐτοῦ.
1072 1287 1206 1342 Ἀλλ’
1237 1287 1340 1340 ἐκεῖ
1362 1291 1452 1360 μεν
1488 1296 1699 1362 νοοῦμεν
1729 1291 1809 1342 ὅτι

202 1382 361 1430 τέκνα
381 1384 472 1430 τοῦ
505 1380 704 1452 Πατρός
727 1381 978 1448 γίνονται,
1002 1376 1224 1430 ἐνταῦθα
1241 1374 1275 1430 δ
1277 1381 1299 1430 ε
1320 1379 1402 1430 61:
1422 1380 1526 1431 υἱοὶ
1547 1386 1639 1432 τοῦ
1669 1381 1805 1446 Υἰοῦ,

206 1468 294 1518 ἶνα
331 1469 501 1540 μπίθης
527 1468 607 1519 ὅτι
635 1470 734 1538 μία
763 1464 990 1540 ἐνέργεια
1014 1469 1214 1541 Πατρός
1241 1471 1330 1520 καὶ
1370 1469 1512 1539 Υίοῦ,
1547 1472 1635 1520 καὶ
1663 1471 1810 1521 κοινὰ

205 1556 378 1608 πάντα
408 1554 599 1628 ἀμφοῖν
615 1597 627 1610 .

280 1651 458 1696 Ταῦτα
480 1673 548 1685 —-
587 1643 774 1697 αὐτῶν.
815 1649 984 1716 Ἔγνω
998 1646 1096 1717 γὰρ
1119 1647 1205 1696 τόν
1235 1646 1394 1717 θυμόν
1413 1645 1580 1697 αὐτῶν
1609 1665 1808 1720 ταρασ-

209 1739 426 1807 σόμενον
453 1738 542 1786 καὶ
571 1731 982 1806 ἀγριαινόμενον,
1011 1739 1100 1786 καὶ
1125 1732 1313 1808 ἐκρύϐη
1335 1736 1418 1786 ἱνα
1445 1740 1516 1808 μὴ
1545 1734 1628 1789 ἐπὶ
1661 1735 1806 1788 πλέον
1841 1752 1880 1807 Β

203 1822 490 1896 ῶαφλεγῇ,
538 1822 838 1896 κατασταλῇ
887 1819 946 1875 δε
992 1822 1182 1895 μᾶλλον
1221 1831 1283 1895 τῇ
1329 1825 1674 1900 ύποχωρήσει
1717 1824 1807 1877 αύ-

201 1933 318 1968 του.

275 2009 521 2056 Τοσαῦτα
584 2032 653 2042 --
718 2001 891 2056 αὐτόν.
966 2033 1032 2043 -
1110 2005 1376 2068 Τοσαῦτα,
1453 2004 1555 2056 ὅσα
1619 2001 1806 2066 ἐκεῖνος

197 2096 292 2165 μὲν
376 2091 636 2160 ἐποίησεν,
705 2092 850 2152 οὗτος
910 2087 968 2144 6's
1025 2091 1275 2166 παρελιπε
1347 2089 1440 2145 διὰ
1496 2095 1554 2145 τό
1611 2092 1805 2155 πλῆθος

197 2182 395 2234 αὐτῶν.

271 2271 386 2324 Ἵνα
438 2300 507 2312 -
564 2269 834 2345 πληρωθῇ.
902 2271 1179 2324 Κάνταῦθα
1244 2274 1302 2322 τό
1358 2269 1468 2324 ἰνα
1523 2270 1618 2324 ούκ
1668 2273 1806 2324 ἔστιν

197 2359 548 2432 αἰτιολογίας,
609 2359 717 2412 ἀλλ’
797 2359 1076 2425 ἐκϐάσεως,
1152 2363 1270 2418 ἦτοι
1335 2359 1647 2432 πληρώσεως
1713 2368 1804 2412 τοῦ

197 2449 490 2523 μέλλοντος,
565 2450 646 2501 ὅτι
712 2449 882 2522 ἔμελλε
941 2449 1300 2521 πληρωθῆναι.
1368 2454 1468 2503 Καὶ
1529 2458 1803 2521 πανταχοῦ

196 2543 261 2591 τό
328 2537 440 2591 Ἱνα
491 2540 516 2590 6
567 2537 719 2610 λόγος
774 2546 867 2590 τοῦ
927 2557 1194 2611 προφητου
1261 2538 1532 2611 πληρωθῇ,
1600 2543 1689 2591 καὶ
1746 2542 1803 2592 τό

195 2627 315 2680 Ἰνα
364 2629 394 2686 ἡ
454 2632 745 2702 προφητεία
772 2626 1046 2701 πληρωθῇ,
1109 2631 1199 2680 καὶ
1255 2631 1335 2696 τό,
1391 2626 1570 2690 Ὀπως
1621 2629 1806 2681 καὶτὰ

197 2724 423 2770 τοιαῦτα
473 2720 718 2775 τοιαύτην
771 2719 962 2788 ἔχουσι
1003 2721 1097 2776 την
1139 2722 1429 2790 σημασίαν,
1483 2717 1526 2769 εί
1555 2722 1644 2769 καὶ
1689 2717 1800 2790 (78)

199 2811 276 2879 μὴ
340 2805 388 2858 ἓν
432 2813 536 2866 τοῖς
577 2805 750 2868 ἄλλοις
799 2805 1195 2877 εύαγγελισταῖς
1225 2814 1379 2860 τοῦτο
1411 2802 1803 2878 δεδηλώκαμεν.

201 2896 281 2949 Ού
331 2897 434 2970 γὰρ
484 2891 622 2949 διότι
686 2892 826 2948 εἷπον
871 2897 919 2948 οἱ
955 2903 1242 2968 προφῆται.
1277 2892 1372 2948 6:6:
1406 2902 1556 2948 τοῦτο
1593 2901 1803 2967 γεγόνα-

200 3005 290 3037 σιν
341 2984 376 3037 ἃ
435 2982 575 3038 εἶπον
641 2999 656 3015 ⁶
723 2983 851 3036 ἀλλὰ
917 2981 1057 3037 διότι
1113 2984 1314 3055 ἔμελλον
1391 2987 1652 3056 γενέσθαί,
1709 2981 1803 3038 6:6:

196 3083 360 3127 τοῦτο
439 3071 577 3127 εἶπον
639 3075 689 3126 οἱ
738 3081 1004 3149 προφῆται
1039 3117 1050 3128 .
1087 3071 1308 3132 ’ἰδίωμα
1363 3075 1465 3148 γάρ
1505 3073 1622 3145 (79)
1690 3073 1800 3127 ἔστι
1838 3115 1880 3170 C

195 3172 360 3216 τοῦτο
414 3183 508 3227 της
569 3170 798 3238 Γραφῆς,
862 3165 932 3224 ὡς
1005 3159 1425 3236 προδεδήλωται,
1505 3160 1697 3222 δηλοῦν
1747 3168 1804 3217 τό

200 3249 436 3325 ἀψευδὲς
491 3261 585 3315 τῆς
667 3257 982 3328 προφητείας
1045 3257 1134 3304 καὶ
1211 3255 1270 3304 τό
1325 3254 1531 3314 πάντως
1575 3252 1808 3326 πληρού-

200 3363 375 3401 μενον.

273 3432 372 3485 Ὃν
426 3461 494 3472 —
555 3434 720 3504 ἡμῶν.
773 3436 898 3504 Περὶ
949 3439 1049 3484 τῶν
1100 3435 1171 3503 μὴ
1217 3433 1606 3484 πιστευσάντων
1654 3439 1806 3484 τοῦτο

199 3527 408 3595 εἴρηκεν
465 3523 491 3574 6
544 3526 836 3596 προφήτης,
879 3523 1073 3573 τούτων
1131 3539 1184 3573 τε
1245 3525 1334 3572 καὶ
1379 3528 1476 3573 τῶν
1515 3524 1758 3574 τοιούτων
1789 3535 1803 3549 ⁸

198 3610 370 3669 ἀκοὴν
408 3610 567 3683 λέγων
623 3615 716 3668 τὴν
765 3614 881 3681 περὶ
928 3617 1019 3661 τοῦ
1077 3617 1310 3683 Χριστοῦ
1361 3615 1697 3684 προφητείαν,
1745 3610 1804 3669 ἣν

197 3701 527 3760 ἀκούσαντες
581 3701 629 3752 οἱ
680 3707 938 3771 προφῆται
978 3705 1087 3760 τοῖς
1124 3699 1224 3750 ὠσὶ
1263 3706 1362 3750 τῶν
1413 3698 1604 3769 ψυχῶν
1635 3699 1804 3752 αὐτῶν

198 3792 308 3842 ύπό
364 3796 455 3841 τοῦ
501 3790 636 3841 θείου
719 3791 1011 3859 Πνεῦματος
1067 3785 1434 3859 ἐνηχηθείσαν,
1495 3795 1805 3860 προεφήτευ-

200 3899 327 3932 σαν.
378 3881 528 3949 Λέγει
577 3874 636 3930 6's
693 3878 775 3929 61:
820 3872 994 3937 οὐδεὶς
1059 3885 1158 3928 τῶν
1211 3877 1454 3927 τοιούτων
1504 3873 1804 3928 ἐπίστευσεν

197 3969 340 4040 αύτῇ
352 4010 364 4022 .

278 4061 380 4110 Καὶ
416 4087 484 4095 -
528 4053 887 4127 ἆπέκαλύφθη.
944 4058 1188 4128 Βραχίων
1229 4059 1320 4106 τοῦ
1370 4051 1628 4126 Πατρόςό
1667 4055 1800 4118 Υἱός,

195 4148 270 4207 ὡς
330 4141 549 4217 δύναμις
588 4144 768 4198 αὐτοῦ.
820 4149 958 4201 Φησὶ
1007 4146 1108 4217 γὰρ
1167 4144 1193 4194 6
1253 4141 1449 4202 Παῦλος
1503 4158 1517 4171 ·
1574 4145 1803 4216 Χριστός

196 4241 343 4287 Θεοῦ
399 4229 642 4305 δύναμις.
674 4229 865 4285 Ούδενὶ
896 4234 1090 4285 τούτων
1122 4231 1410 4304 ἐγνωρίσθη
1444 4229 1501 4283 ού
1530 4234 1674 4304 παρὰ
1710 4235 1804 4288 τὴν

195 4323 390 4376 ἑαυτοῦ
443 4326 788 4395 κρυφιότητα,
840 4318 968 4372 ἀλλὰ
1012 4323 1156 4395 παρὰ
1190 4325 1282 4378 τὴν
1323 4319 1491 4371 αὐτῶν
1521 4318 1802 4390 τύφλωσιν.

197 4413 377 4474 Αὐτός
423 4414 511 4482 μὲν
555 4413 657 4486 γὰρ
691 4407 846 4469 δίκην
886 4409 1036 4468 ἡλίου
1085 4413 1142 4462 τό
1189 4417 1295 4482 φῶς
1347 4417 1442 4471 τῆς
1469 4408 1659 4470 οἰκείας
1705 4410 1808 4460 θεό-

1238 270 1601 332 ΟΟΜΜΕΝΤ.
1645 270 1715 329 ΙΝ
1753 271 2099 330 JOANNEM.
2141 301 2209 315 --
2247 271 2404 331 CAP.
2438 271 2557 329 XII.

3437 273 3572 331 i370

1915 398 2286 456 bitrabantur
2315 414 2378 455 se
2404 399 2524 455 Deo
2563 396 2793 471 placere
2837 416 2909 458 ac
2966 401 3166 459 salvos
3212 399 3359 459 ﬁeri.
3392 399 3567 474 Atqui

1911 487 2002 544 ba».
2029 488 2285 545 tenebras
2310 488 2438 560 jam
2470 488 2600 546 illos
2634 490 2933 548 habebant
2964 510 2979 562 ;
3015 493 3116 548 sed
3147 491 3226 547 ait
3259 508 3270 546 :
3299 493 3435 548 Non
3467 506 3568 548 vos

1912 577 2432 648 comprehendant,
2475 578 2538 634 id
2574 585 2680 645 est,
2714 596 2789 638 ne
2827 597 3014 654 usque
3065 581 3142 637 ad
3166 581 3348 638 ﬁnem
3378 581 3569 638 domi-

1913 673 2130 724 nentur
2159 667 2346 724 vobis.

1982 759 2142 813 Vers.
2180 761 2269 814 35.
2323 758 2402 814 Et
2449 789 2512 800 -
2545 759 2740 816 vadat.
2807 762 2987 827 Errat,
3039 759 3304 826 offendit,
3363 759 3562 832 praeci-

1912 846 2156 918 pitatur.

1986 935 2146 991 Vers.
2179 939 2264 992 36.
2299 937 2578 994 Donec—
2614 941 2816 996 lucem.
2837 942 3184 997 Sermonem
3213 939 3570 1012 explanavit.

1986 1027 2148 1080 Vers.
2181 1025 2269 1081 36.
2311 1027 2382 1083 Ut
2417 1057 2467 1066 —
2496 1028 2646 1084 sitis.
2679 1030 2738 1084 In
2772 1030 3112 1100 primordiis
3129 1045 3367 1102 quoque
3387 1032 3575 1084 Evan-

1913 1113 2050 1187 gelii
2075 1114 2223 1172 dixit
2251 1115 2346 1171 hic
2375 1116 2734 1186 evangelista
2759 1134 2772 1172 :
2807 1119 3096 1190 Quotquot
3125 1124 3322 1174 autem
3355 1132 3579 1186 recepe-

1915 1210 2053 1258 runt
2077 1219 2231 1268 eum,
2252 1204 2407 1260 dedit
2433 1209 2513 1261 eis
2529 1211 2860 1274 potestatem
2878 1206 3025 1275 ﬁlios
3061 1207 3165 1262 Dei
3188 1207 3325 1272 fieri
3337 1205 3578 1262 creden-

1917 1292 2071 1348 tibus
2099 1294 2161 1348 in
2177 1309 2384 1350 nomen
2406 1295 2614 1364 ejus“.
2649 1295 2859 1351 Sedibi
2889 1295 3136 1368 quidem
3169 1294 3576 1364 intelligimus,

1915 1381 2074 1452 quod
2101 1382 2204 1437 ﬁlii
2227 1382 2374 1439 ﬁant
2405 1382 2592 1438 Patris
2621 1399 2632 1438 :
2663 1383 2758 1438 hic
2807 1390 3030 1447 autem,
3063 1382 3229 1455 quod
3262 1383 3358 1438 lilii
3389 1383 3577 1454 ipsius

1918 1470 2040 1527 Filii
2069 1487 2080 1524 :
2110 1477 2172 1527 ut
2193 1471 2408 1537 discas,
2439 1472 2603 1544 quod
2634 1488 2752 1527 una
2783 1472 2858 1527 sit
2887 1471 3082 1528 Patris
3129 1477 3185 1528 et
3210 1471 3335 1528 Filii
3365 1486 3576 1543 opera-

1915 1559 2014 1623 tio,
2039 1565 2096 1616 et
2125 1561 2435 1617 amborum
2465 1562 2672 1618 omnia
2701 1578 2837 1618 esse
2859 1564 3225 1618 communia.

1987 1650 2148 1704 Vers.
2169 1653 2262 1707 36.
2292 1653 2434 1707 Haec
2472 1682 2540 1692 —
2565 1651 2664 1707 eis.
2691 1651 2930 1707 Sciebat
2963 1667 3228 1722 namque,
3263 1651 3414 1706 iram
3447 1650 3570 1706 illo-

1916 1753 2049 1793 rum
2079 1739 2376 1795 turbatam
2403 1755 2535 1795 esse
2552 1755 2622 1795 ac
2641 1740 2928 1795 irritatam
2959 1756 2971 1795 :
3001 1738 3136 1796 ideo
3167 1738 3486 1795 abscondit
3511 1753 3573 1794 se

1915 1842 1991 1882 ne
2022 1827 2278 1900 amplius
2337 1828 2828 1898 inﬂammaretur,
2887 1829 2991 1884 sed
3054 1829 3246 1898 magis
3293 1828 3422 1898 eius
3479 1842 3574 1884 se-

1916 1915 2184 1972 cessione
2217 1919 2545 1975 sedaretur.

1988 2005 2150 2062 Vers.
2184 2011 2271 2063 37.
2311 2008 2452 2063 Tam
2501 2009 2691 2063 multa
2741 2037 2806 2047 —
2845 2021 2996 2062 eum.
3044 2038 3111 2046 —
3163 2007 3300 2062 Tam
3332 2005 3524 2062 multa
3557 2022 3571 2072 ;

1915 2100 2064 2166 quot
2088 2100 2285 2151 autem
2317 2096 2460 2152 illud
2491 2095 2758 2162 ediderit,
2791 2094 3162 2168 praetermisit
3211 2095 3307 2151 hic
3331 2098 3576 2168 propter

1915 2200 2124 2239 eorum
2169 2185 2629 2242 multitudinem.

1987 2273 2153 2328 Vers.
2181 2275 2270 2330 38.
2305 2275 2373 2331 Ut
2399 2305 2466 2316 —
2495 2275 2912 2344 compleretur.
2945 2273 3128 2330 Etiam
3156 2273 3253 2330 hic
3280 2272 3461 2330 dictio
3488 2274 3576 2338 Ut,

1916 2376 2037 2416 non
2069 2367 2155 2417 est
2181 2363 2435 2419 causalis
2465 2363 2568 2418 sed
2591 2369 2868 2418 eventum
2902 2362 3062 2426 dicit,
3107 2363 3232 2418 sive
3259 2363 3386 2433 ejus
3414 2361 3578 2434 quod

1915 2450 2177 2507 futurum
2193 2459 2297 2518 est,
2327 2453 2812 2524 completionem.
2841 2454 2904 2508 Et
2937 2451 3280 2524 ubicunque
3302 2451 3528 2506 dicetur
3560 2465 3573 2506 :

1923 2542 1994 2598 Ut
2049 2556 2239 2598 sermo
2289 2543 2596 2612 propheta
2652 2543 3070 2610 compleretur.
3131 2544 3194 2595 ut
3268 2538 3580 2611 prophetia

1915 2631 2303 2700 compleretur
2348 2647 2362 2698 ;
2404 2631 2584 2686 dictio
2646 2631 2736 2695 Ut,
2797 2635 2852 2685 et
2893 2631 3110 2686 Grmcze
3160 2629 3447 2684 dictiones
3475 2628 3573 2696 ἵνα,

1914 2720 2132 2782 ὁπωςδο
2150 2719 2392 2783 similes,
2421 2720 2645 2774 dictam
2659 2718 2936 2774 eamdem
2960 2718 3179 2774 habent
3193 2715 3577 2786 significatio-

1912 2822 2073 2875 nem,
2112 2823 2464 2879 quanquam
2489 2807 2545 2861 in
2577 2807 2706 2862 aliis
2726 2805 3106 2875 evangelistis
3169 2807 3280 2861 hoc
3305 2820 3425 2860 non
3457 2819 3575 2859 ma-

1913 2895 2344 2951 nifestavimus.
2361 2895 2560 2967 Neque
2575 2895 2758 2958 enim,
2786 2895 2927 2967 quia
2951 2892 3572 2964 dixerunt'propbetm,

1912 2968 2047 3040 ideo
2080 2985 2232 3040 facta
2258 2989 2396 3040 sunt
2451 3001 2587 3056 quae
2630 2985 2924 3049 dixerant,
2983 2983 3085 3038 sed
3127 2983 3270 3055 quia
3307 2983 3570 3039 futurum

1912 3081 2037 3130 erat
2068 3079 2130 3130 ut
2148 3073 2370 3138 tierent,
2422 3079 2738 3144 propterea
2791 3075 3193 3144 praedixerunt
3243 3072 3574 3144 prophetia.

1913 3163 2058 3220 Nam
2095 3163 2408 3234 Scripturaa
2436 3163 2656 3219 idioma
2685 3167 2790 3228 est,
2825 3169 2889 3218 ut
2919 3161 3324 3233 prmdiximus,
3347 3177 3468 3234 quo
3497 3161 3576 3217 si-

1915 3251 2654 3323 gniﬁcatinfallibilitatem
2685 3251 3006 3324 prophetia
3044 3256 3101 3307 et
3155 3249 3574 3308 omnimodam

1915 3342 2045 3412 ejus
2075 3357 2208 3397 com
2218 3341 2560 3412 pletionem.

1986 3431 2151 3486 Vers.
2182 3433 2269 3488 38.
2296 3432 2476 3498 Quem
2501 3461 2570 3471 —
2597 3433 2819 3486 nostro.
2850 3430 2930 3484 De
2951 3429 3045 3484 his
3083 3429 3188 3502 qui
3207 3429 3302 3500 ([7')
3317 3443 3431 3484 non
3458 3443 3580 3484 cre-

1915 3519 2214 3581 diderunt.
2246 3521 2360 3575 hoc
2387 3519 2534 3574 dixit
2564 3519 2856 3589 prOpheta
2881 3537 2895 3585 ;
2933 3517 3206 3574 auditum
3233 3518 3436 3574 dicens
3473 3517 3578 3573 ho-

1916 3625 2047 3664 rum
2081 3625 2150 3664 ac
2176 3609 2481 3673 similium,
2534 3609 2912 3680 prophetiam
2962 3607 3038 3662 de
3075 3608 3326 3672 Christo,
3385 3622 3574 3679 quam

1915 3698 2224 3770 prophetas
2250 3714 2387 3754 cum
2423 3698 2752 3761 audissent,
2777 3696 3024 3753 auribus
3074 3697 3412 3752 animarum
3441 3711 3578 3751 sua-

1913 3803 2047 3843 rum
2089 3787 2351 3843 adivino
2379 3787 2591 3858 Spiritu
2649 3788 3006 3850 immissam,
3050 3785 3571 3856 prophetaverunt.

1915 3875 2244 3947 Dicitergo,
2281 3876 2444 3948 quod
2478 3876 2678 3933 nullus
2708 3877 2914 3933 talium
2946 3875 3024 3931 illi
3065 3873 3462 3931 crediderunt.

1985 4053 2149 4106 Vers.
2185 4053 2269 4106 38.
2296 4053 2368 4108 Et
2398 4084 2466 4093 —
2497 4053 2819 4110 revelatum
2863 4059 2945 4109 est
2977 4053 3005 4108 ?
3036 4053 3352 4108 Brachium
3387 4049 3573 4107 Patris

1914 4145 1999 4195 est
2023 4140 2220 4204 Filius,
2261 4145 2462 4211 utpote
2489 4142 2748 4211 potentia
2778 4158 2845 4196 ac
2874 4143 3053 4196 robur
3099 4142 3248 4209 ejus.
3296 4139 3386 4194 Ait
3411 4139 3572 4194 enim

1916 4229 2134 4283 Paulus
2165 4245 2177 4284 :
2215 4229 2482 4285 Christus
2513 4231 2618 4286 Dei
2644 4231 2905 4294 potentia
2955 4230 3022 4281 ⁸⁸.
3053 4228 3204 4284 Nihil
3236 4228 3448 4282 horum
3479 4242 3575 4281 co-

1915 4317 2136 4385 gnitum
2177 4323 2281 4380 est,
2312 4333 2432 4372 non
2483 4324 2728 4388 propter
2783 4318 2872 4372 sui
2926 4315 3412 4378 absconsionem,
3475 4313 3575 4368 sed

1919 4411 2156 4478 propter
2186 4405 2423 4462 illorum
2456 4406 2803 4462 caecitatem.
2850 4407 2980 4476 Ipse
3031 4404 3334 4476 siquidem
3362 4405 3420 4458 in
3455 4419 3578 4458 mo-

193 4519 362 4562 τητος
391 4496 616 4552 ὶδείκνυε
657 4503 748 4551 καὶ
776 4495 870 4551 διὰ
911 4499 1077 4570 λόγων
1108 4503 1198 4551 καὶ
1229 4495 1301 4550 δι’
1329 4501 1488 4569 ἔργων
1516 4513 1532 4530 ο
1566 4496 1714 4550 αὐτοὶ
1748 4494 1804 4549 6's

1930 4469 2063 4551 ium
2091 4495 2252 4561 solis,
2271 4496 2464 4551 lucem
2491 4512 2614 4551 sum
2644 4469 2970 4551 divinitatis
2996 4469 3372 4562 ostendebat,
3401 4496 3456 4548 et
3475 4507 3581 4565 per

198 4586 569 4661 σὶιθρωθιίσαν
608 4596 670 4661 τῇ
705 4591 930 4661 πονηρίᾳ
971 4592 1065 4647 τὴν
1110 4589 1292 4660 ὅρασιν
1335 4589 1541 4658 ἔχοντες
1565 4585 1671 4658 οὐχ
1697 4585 1809 4658 (80)

190 4677 544 4752 ἕνετράνιςον.

278 4771 376 4822 Διὰ
428 4776 580 4821 τοῦτο
643 4798 710 4808 -
763 4766 1002 4828 Ἠσαίας.
1056 4765 1334 4820 Κάνταῦθα
1379 4769 1438 4818 τό
1506 4768 1602 4819 Διὰ
1653 4772 1806 4818 τοῦτο

277 4948 350 4982 ιε’
376 4946 526 5003 Joan
569 4963 609 5016 ι,
654 4949 738 5003 t2.
819 4945 908 5000 “1
937 4945 1063 5002 Cor.
1089 4961 1124 5010 ι,
1150 4947 1239 5000 24.

1919 4601 2244 4652 sermones,
2278 4590 2334 4641 et
2363 4601 2465 4658 per
2491 4602 2695 4657 opera.
2747 4585 2828 4640 llli
2862 4600 3004 4640 vero
3037 4583 3261 4640 malitia
3292 4583 3580 4655 deprava-

1918 4674 2044 4731 tum
2074 4675 2366 4732 habentes
2397 4681 2703 4747 aspectum
2734 4690 2852 4730 non
2899 4673 3360 4730 illustrabantur.

1991 4765 2152 4820 Vers.
2184 4764 2272 4820 39.
2329 4765 2652 4834 Propterea
2683 4794 2747 4805 —
2775 4763 2979 4820 Isaias.
3044 4763 3229 4819 Etiam
3267 4762 3385 4826 hic,
3427 4763 3576 4818 Pro-

1433 5039 1651 5110 Variaa
1679 5041 2006 5110 lectiones
2038 5051 2104 5108 et
2137 5050 2335 5108 notae.

275 5217 392 5290 (78)
422 5216 650 5290 Monuit
679 5216 924 5290 quidem
948 5214 1011 5272 in
1044 5212 1452 5290 superioribus
1469 5212 1670 5290 etiam,
1695 5227 1802 5268 nec

192 5281 410 5348 tamen
449 5288 532 5344 ita
569 5281 790 5360 apefte.
817 5287 1004 5356 Igitur
1019 5281 1329 5351 moidicit,
1357 5281 1800 5358 προδεδήλωται.

274 5362 390 5433 (79)
435 5365 513 5428 Δί,
538 5375 644 5432 pro
672 5361 794 5436 γάρ.
831 5364 894 5413 Δ.

273 5536 366 5608 (θ’)
392 5538 472 5593 De
491 5536 575 5593 his
599 5535 719 5608 qui,
736 5538 864 5608 etc.
887 5533 968 5590 De
1006 5533 1326 5608 incredulis
1346 5534 1469 5608 hoc
1497 5534 1805 5608 dixitpro-

244 5605 405 5673 beta,
430 5614 552 5665 tam
582 5605 658 5664 de
686 5607 780 5664 his
809 5622 996 5678 quam
1035 5605 1110 5662 de
1140 5605 1268 5662 aliis
1297 5605 1392 5678 his
1445 5605 1802 5678 aequalibus.

246 5626 405 5673 neta,
430 5626 552 5665 tam
582 5626 658 5664 ae
687 5626 780 5664 uls
809 5626 996 5678 quam
1035 5626 1110 5662 ae
1140 5626 1268 5662 auis
1299 5626 1392 5662 uls
1445 5626 1802 5678 mqualmus.

194 5626 264 5737 Fu
274 5687 500 5754 terpres
531 5681 724 5733 τούτων
745 5697 798 5732 τε
822 5683 912 5732 καὶ
937 5687 1036 5732 τῶν
1073 5679 1320 5732 τοιούτων
1338 5677 1657 5736 inculcavit
1679 5680 1807 5747 post

1951 5212 2090 5337 1380)
2139 5217 2348 5284 Τρανῶς
2400 5207 2700 5288 ἐγίνωσκον.
2757 5208 2834 5264 De
2867 5217 3119 5298 υτρανοῦν
3180 5210 3296 5267 hoc
3361 5224 3564 5274 sensu,

1951 5299 1963 5336 ι
2012 5299 2042 5337 e
2071 5283 2236 5336 Huet.
2281 5280 2358 5336 ad
2381 5280 2539 5337 Orta.
2565 5285 2604 5335 t.
2631 5280 2724 5337 lll.
2759 5297 2818 5337 ο.
2864 5285 2989 5337 ο64.
3024 5286 3162 5337 nota
3195 5303 3246 5336 6:.

1909 5280 2042 5337 vide
2071 5280 2236 5336 Huet.
2281 5280 2358 5336 ad
2381 5280 2539 5350 Orig.
2565 5285 2604 5335 t.
2631 5280 2724 5345 lll,
2759 5297 2818 5352 p.
2864 5280 2989 5348 564,
3024 5286 3162 5338 nota
3195 5303 3246 5336 α.

1908 5529 2087 5657 ἔςγων.
2116 5527 2398 5585 Tollenda
2430 5543 2570 5599 ergo
2617 5534 2756 5584 sunt
2809 5528 3016 5585 horum
3045 5531 3098 5585 et
3127 5527 3406 5584 similium
3432 5530 3568 5600 post

1957 5613 2132 5656 icens.

1957 5615 2112 5656 tcens
2121 5641 2132 5654 .
