4022 6232
548 248 685 304 1371
1892 245 2214 303 EUTHYMI}

2312 243 2427 303 lGA
2435 243 2597 300 BEN!
3714 245 3813 303 1312

544 381 770 443 pterea,
797 389 921 432 non
967 370 1208 433 causale
1257 377 1368 439 est,
1418 373 1524 430 sed
1570 373 1749 430 futuri
1776 372 2205 430 declarativum

2318 371 2413 424 οῦκ
2461 373 2601 423 ἔστιν
2656 367 2995 441 αἰτιολογίας,
3046 366 3175 421 ’ἀλλὰ
3229 367 3500 441 μίλλοντος,
3552 370 3622 421 ὅτι
3669 368 3817 440 iudica

548 465 965 537 quiafuturum
981 468 1123 530 erat,
1149 469 1207 519 ut
1231 464 1468 521 credere
1496 480 1615 520 non
1638 468 1905 536 possent,
1931 464 2052 519 sive
2082 479 2205 519 non

2316 460 2375 513 ού
2404 457 2664 512 δύνασθαι
2711 461 2995 521 πιστεύειν,
3042 462 3202 511 ιῐτουν
3250 460 3308 511 ού
3366 457 3642 531 βούλεσθαι.
3683 459 3818 529 lii-fus

548 555 764 611 vellent
793 571 966 610 :nam
983 554 1031 610 si
1053 554 1394 622 voluissent,
1422 556 1617 627 utique
1644 554 2047 610 credidissent.
2072 553 2204 608 Non

2317 548 2597 619 ἐϐούλοντο,
2634 547 2900 600 ἐπίστευον
2944 550 3025 603 ἄν.
3059 552 3127 600 Τό
3171 552 3265 621 γὰρ
3306 552 3374 619 μὴ
3408 545 3645 600 δύνασθαι
3679 555 3821 618 σημαί-

549 660 741 716 possc,
758 644 1050 716 siquidem
1074 644 1252 699 etiam
1280 644 1574 715 significat
1599 663 1610 702 :
1636 659 1759 699 non
1782 642 1929 698 velle
1969 643 2118 698 sicut
2142 642 2203 697 in

548 730 1010 804 praecedentibus
1051 734 1390 789 docuimus.
1442 736 1571 797 Aut,
1626 748 1745 788 non
1774 737 2052 800 poterant
2082 747 2202 787 cre-

547 821 703 885 dere,
729 820 1056 891 prohibitia
1088 822 1313 877 malitia
1332 826 1387 877 et
1421 823 1679 877 caecitate
1706 836 1835 875 sua.
1867 818 2020 885 Quid
2059 834 2201 889 ergo

548 908 761 965 iterum
780 909 925 965 dixit
956 910 1137 966 Isaias
1162 911 1189 966 ‘I

618 997 779 1053 Vers.
810 1002 903 1053 40.
938 1000 1278 1055 Exczecavit
1311 1030 1375 1042 -—
1434 1016 1555 1055 cor.
1616 1002 1680 1056 Et
1718 999 1831 1055 hoc
1886 999 2201 1071 Scripturae

546 1088 771 1144 idioma
794 1093 901 1151 est,
931 1090 1023 1143 Dei
1057 1089 1539 1160 permissionem,
1569 1090 1741 1160 quasi
1765 1105 1919 1161 opus
1948 1089 2077 1160 ejus
2100 1103 2201 1161 ap-

546 1178 779 1250 pellare.
812 1178 1109 1248 Siquidem
1156 1178 1512 1243 Exczecavit,
1548 1183 1603 1232 et
1654 1178 1992 1241 Induravit,
2024 1178 2201 1246 signi-

545 1267 748 1330 ﬁcant,
804 1266 1088 1321 exctecari
1143 1283 1206 1321 ac
1257 1266 1521 1322 indurari
1576 1267 1855 1338 permisit,
1916 1272 2202 1338 tanquam

547 1354 949 1409 incurabiles:
996 1355 1298 1410 neminem
1330 1356 1485 1411 enim
1530 1357 1584 1410 vi
1650 1356 1903 1420 attrahit,
1960 1362 2204 1427 propter

544 1442 797 1497 liberum
818 1444 1101 1515 cujusque
1118 1444 1448 1500 arbitrium.
1478 1445 1673 1499 Simile
1698 1445 1873 1500 etiam
1908 1450 2011 1510 est,
2042 1444 2202 1517 quod

547 1532 755 1588 dicitur
796 1549 808 1586 :
848 1533 1148 1588 Indurans
1164 1533 1460 1589 indurabo
1491 1551 1594 1589 cor
1623 1534 1954 1590 Pharaonis
1986 1536 2031 1570 ‘7
2059 1553 2077 1599 ;
2113 1540 2197 1589 et:

548 1621 857 1678 Declinare
876 1623 1062 1694 feciin
1080 1624 1315 1679 semitas
1338 1630 1572 1678 nostras
1598 1640 1633 1679 a
1656 1624 1753 1680 via
1785 1631 1884 1679 tua
1908 1626 1951 1659 “
1983 1642 1995 1689 ;
2021 1629 2072 1678 et
2092 1625 2203 1679 Er-

547 1726 685 1767 rare
697 1711 893 1781 fecisti
919 1727 1043 1777 nos,
1072 1712 1324 1778 Domine,
1350 1728 1385 1769 a
1404 1715 1499 1768 via
1518 1719 1620 1768 tua
1650 1715 1695 1747 "
1718 1732 1729 1780 ;
1752 1714 2202 1785 frequentiaque

2315 1711 2505 1771 καὶτὸ,
2533 1706 2863 1766 Ἐπλάνησας
2902 1708 3062 1775 ἡμᾶς,
3119 1709 3275 1774 Κύριε
3324 1705 3456 1773 (8i),
3499 1702 3589 1755 ἀπὸ
3624 1712 3705 1763 τῆς
3736 1698 3830 1752 ὁδοῦ

549 1799 1055 1870 sunthujusmodi
1084 1801 1145 1855 in
1178 1801 1366 1857 Veteri
1389 1804 1757 1858 Testamento
1789 1802 2090 1858 idiomata.

2316 1815 2409 1847 σου
2446 1816 2457 1828 '
2495 1802 2691 1866 συνεχῆ
2731 1792 2789 1847 δὲ
2818 1798 2883 1846 τὰ
2912 1802 3129 1846 τοιαῦτα
3158 1791 3424 1866 ἰδιώματα
3450 1795 3582 1867 παρὰ
3609 1800 3661 1863 τῇ

2314 659 2387 691 νει
2463 644 2552 690 καὶ
2607 641 2665 690 τὸ
2748 644 2817 709 μὴ
2914 636 3216 709 βούλεσθαι,
3272 642 3338 697 ὡς
3409 642 3493 688 xui
3554 636 3822 709 προλαςοντξς

2316 725 2651 799 ἐδιδάξαμεν.
2712 726 2781 778 Ἦ
2820 726 2915 778 οῦκ
2967 723 3245 793 ἠδύναντο,
3301 726 3592 796 κωλυόμενοι
3638 728 3721 776 ὑπὸ
3763 735 3823 783 τῆς

2314 823 2501 879 κακίας
2547 822 2636 869 καὶ
2688 822 2980 889 πωρώσιως
3032 816 3216 869 αῦτὼν.
3278 820 3339 867 Τί
3395 812 3476 866 οὖν
3538 814 3669 866 enim
3729 810 3823 865 tim

2311 903 2367 960 Ἠ
2380 908 2527 965 cuiu;
2559 924 2572 971 ;

2383 994 2708 1066 Τετύφλωκεν
2772 1025 2841 1034 —-
2892 990 3135 1066 καρδίαν.
3196 990 3412 1063 ’ἰδίωμα
3457 996 3538 1043 xui
3600 999 3727 1043 τοῦτο
3762 1001 3825 1049 τῆς

2316 1089 2543 1157 Γραφῆς,
2595 1087 2652 1135 τὸ
2710 1087 2803 1140 τὴν
2852 1088 3241 1155 παραχώρησιν
3292 1091 3380 1133 τοῦ
3433 1090 3556 1135 Θεοῦ
3591 1086 3646 1141 ὡς
3687 1081 3825 1151 πρᾶξιν

2315 1172 2473 1224 αὐτοῦ
2517 1172 2699 1243 λέγειν.
2757 1175 2826 1224 Τὸ
2879 1175 2977 1243 γὰρ
3054 1172 3367 1243 Τετύφλωκε,
3446 1176 3527 1222 καὶ
3586 1174 3635 1221 τὸ
3694 1176 3826 1221 lisse-

2314 1281 2494 1336 ρωκεν,
2591 1260 2703 1313 ἀντὶ
2803 1269 2892 1312 τοῦ
2976 1266 3331 1334 Παρεχώρησε
3416 1259 3708 1330 τυφλωθῆναι
3763 1264 3826 1307 καὶ

2314 1352 2628 1421 πωρωθῆναι
2685 1354 2750 1410 ὡς
2798 1348 3014 1400 ἀνιάτων
3087 1364 3102 1377 ⁸
3160 1347 3346 1401 οὐδένα
3396 1352 3492 1422 γὰρ
3532 1347 3722 1399 εωθιλχει
3763 1344 3826 1396 διὰ

2315 1442 2372 1491 τὸ
2450 1439 2781 1501 αὐτεξούσιον
2869 1439 3112 1490 ἑκάστου.
3175 1443 3416 1490 Τοιοῦτον
3474 1436 3573 1488 ἐστι
3629 1442 3704 1487 καὶ
3752 1453 3825 1486 τοι

2316 1528 2617 1599 Σκληρύτων
2708 1528 2978 1601 σκληρυνώ
3063 1532 3154 1584 τὴν
3234 1524 3457 1599 καρδίαν
3516 1530 3677 1595 Φαραώ
3717 1541 3728 1552 ·
3770 1530 3827 1573 xui

2315 1619 2391 1685 τὸ,
2438 1617 2721 1679 Ἐξέκλινας
2763 1619 2855 1677 τὰς
2900 1615 3107 1690 τρίϐους
3160 1618 3303 1687 ἡμῶν
3354 1615 3451 1667 ἀπὸ
3488 1610 3703 1674 τῆςὸὄοῦ
3726 1630 3826 1664 σον·

2315 1890 2514 1959 Γραφῇ.

2454 1981 2696 2027 Τοιοῦτον
2753 1972 2811 2026 δὲ
2848 1979 2938 2026 xui
3000 1977 3056 2025 τὸ
3096 1976 3240 2046 παρὰ
3294 1972 3477 2042 Παύλῳ

3305 2081 3318 2093 ο
3374 2057 3652 2134 Παρέδωκιν
3698 2058 3834 2116 αὐτοὺς

613 1977 746 2033 Tale
790 1994 1029 2050 quoque
1081 1983 1188 2041 est,
1244 1979 1407 2051 quod
1457 1980 1619 2050 apud
1664 1980 1907 2035 Paulum
1950 1980 2200 2035 dicitur:

2454 1981 2696 2027 Τοιοῦτον
2753 1972 2811 2026 δὲ
2848 1979 2938 2026 xui
3000 1977 3056 2025 τὸ
3096 1976 3240 2046 παρὰ
3294 1972 3477 2042 Παύλῳ
3530 1986 3541 1999 ’
3597 1966 3831 2043 [lapidem

558 2066 827 2122 Tradidit
852 2068 986 2124 illos
1008 2070 1154 2124 Deus
1178 2069 1239 2123 in
1272 2069 1577 2139 reprobum
1598 2085 1826 2124 sensum
1850 2072 1917 2135 δι,
1939 2074 1994 2124 et
2016 2087 2027 2124 :
2062 2072 2205 2124 Tra-

543 2155 694 2211 didit
746 2158 883 2212 illos
927 2159 987 2212 in
1042 2159 1364 2226 a/fectiones
1417 2160 1757 2226 ignominiae
1782 2159 1848 2212 εί.
1880 2158 2024 2214 Nam
2054 2160 2206 2213 Deus

544 2257 665 2297 non
685 2244 877 2299 solum
916 2246 1138 2300 nemini
1166 2247 1279 2300 hoc
1303 2245 1459 2313 facit,
1491 2246 1595 2300 sed
1636 2262 1744 2300 nec
1772 2246 2066 2319 relinquit,
2092 2248 2206 2304 nisi

543 2347 677 2386 eum
712 2333 1141 2406 relinquamus.
1175 2335 1266 2390 Ait
1296 2351 1558 2406 namque
1583 2351 1595 2388 :
1622 2336 1871 2391 Peccata
1900 2344 2092 2392 vestra
2114 2337 2208 2392 di-

546 2421 819 2479 visionem
840 2423 1077 2491 faciunt
1109 2424 1259 2479 inter
1289 2439 1378 2479 me
1405 2431 1456 2480 et
1485 2440 1585 2479 vos
1612 2426 1680 2476 ⁵³.
1708 2426 2089 2498 Rursumque
2123 2427 2207 2480 di-

544 2512 619 2566 cit
652 2535 664 2566 :
713 2512 1008 2581 Ignorasti
1035 2514 1210 2584 legem
1244 2514 1350 2569 Dei
1374 2514 1479 2583 tui,
1511 2515 1800 2584 ignorabo
1822 2522 1873 2570 et
1902 2532 2003 2585 ego
2045 2524 2101 2572 te
2130 2518 2200 2571 ⁸³.

543 2603 608 2656 Et
632 2600 814 2656 David
846 2603 1046 2672 :Ecce,
1070 2604 1173 2673 qui
1200 2604 1990 2674 elongantseate,peribunt
2020 2607 2088 2661 5‘.
2116 2606 2204 2660 Ad

540 2688 671 2745 haec
685 2689 949 2747 Salvator
962 2691 1089 2762 ipse
1102 2692 1154 2745 in
1171 2691 1500 2762 Evangeliis
1515 2693 1589 2747 ad
1602 2693 1924 2749 Jerusalem
1944 2710 1954 2746 :
1975 2695 2204 2761 Quoties

544 2779 707 2835 volui
725 2794 1082 2851 congregare
1094 2782 1246 2850 ﬁlios
1270 2789 1418 2848 tuos,
1443 2786 1499 2838 et
1525 2786 1737 2838 cratera
1756 2788 1809 2839 et
1830 2784 2099 2839 noluistis
2130 2786 2197 2839 ⁸⁸.

2315 2064 2504 2125 αύτούς
2558 2064 2623 2124 εἰς
2677 2060 2930 2134 ἀδόκιμον
2984 2070 3099 2113 νοῦν
3153 2068 3243 2113 καί

2316 2154 2387 2215 εἰς
2438 2156 2578 2209 πάθη
2630 2152 2859 2224 ἀτιμίας.
2922 2152 2979 2204 Ὀ
3005 2154 3105 2224 ’γὰρ
3161 2155 3285 2212 Θεὸς
3327 2151 3385 2202 ού
3426 2150 3527 2218 (82)
3555 2154 3685 2220 μόνον
3723 2144 3833 2198 otiis:

2316 2262 2365 2293 τι
2418 2250 2648 2294 τοιοῦτον
2699 2246 2915 2314 πράττει
2947 2258 2957 2269 ·
3001 2240 3108 2291 αλλ’
3158 2237 3286 2293 οὐδὲ
3344 2235 3831 2311 ἐγκαταλ.ιμπάνει,ἐὰν

2316 2336 2387 2403 μὴ
2417 2330 2835 2402 ἐγκαταλίπωμεν
2881 2330 3054 2382 αὑτὸν.
3093 2333 3247 2399 Λέγει
3291 2332 3393 2403 γὰρ
3426 2347 3436 2358 ·
3471 2327 3602 2397 Ούχὶ
3631 2328 3675 2376 αἱ
3714 2324 3833 2393 ἁμαρ-

2315 2425 2422 2472 τίαι
2452 2422 2590 2491 ὑμῶν
2637 2416 2915 2471 διιστώσιν
2965 2418 3058 2469 ἀνὰ
3109 2422 3269 2488 μέσον
3316 2421 3437 2489 ἐμοῦ
3482 2422 3565 2468 xui
3604 2416 3737 2486 ὑμῶν.
3764 2414 3832 2463 Καὶ

2314 2509 2465 2561 πάλιν
2508 2513 2665 2580 φησίν
2695 2528 2706 2540 '
2737 2508 3017 2560 Ἐπελάθου
3049 2512 3206 2577 νόμον
3257 2515 3392 2559 Θεοῦ
3437 2526 3544 2569 σου,
3590 2503 3831 2569 ἐπιλήσομαί

2317 2618 2410 2650 σου
2443 2598 2584 2669 κᾷοχω
2618 2618 2631 2630 σ
2673 2603 2763 2649 xui
2792 2603 2815 2648 6
2843 2594 3009 2649 Δαυῐδ
3042 2617 3053 2627 '
3092 2594 3235 2649 Ἰδοὺ
3261 2599 3311 2647 οὶ
3327 2597 3644 2669 μακρύνοντες
3674 2591 3832 2647 ἑαυτοὺς

2311 2873 2549 2937 ναγαγείν
2580 2868 2645 2917 τὰ
2684 2870 2835 2917 τέκνα
2862 2883 2978 2928 σου,
3027 2870 3113 2915 καὶ
3171 2867 3236 2915 τὰ
3284 2863 3419 2925 ἑξῆς,
3468 2868 3552 2913 xui
3587 2861 3668 2912 οὐκ
3695 2855 3832 2914 ἐθελέ-

2315 2974 2457 3008 σατε.

614 3031 781 3085 Vers.
810 3034 898 3087 40.
946 3032 1021 3088 Ut
1062 3063 1129 3072 —
1160 3048 1271 3088 eos.
1310 3035 1570 3088 Rursum
1605 3034 1698 3099 Ut,
1724 3050 1845 3089 non
1877 3040 1964 3090 est
2005 3051 2200 3092 causa:

2378 3042 2489 3096 Ἰνα
2520 3074 2583 3083 —-
2612 3043 2818 3105 αύτούς.
2855 3042 3011 3095 Πάλιν
3052 3046 3109 3093 τὸ
3138 3041 3250 3094 Ἵνα
3282 3042 3376 3093 οὐκ
3402 3043 3535 3092 ἔστιν
3564 3036 3831 3104 αἰτιολογίαςμ

541 3119 921 3184 redditivum,
950 3121 1056 3175 sed
1082 3121 1261 3177 futuri
1304 3120 1844 3177 demonstrativum
1892 3126 2028 3195 (gg),
2058 3125 2201 3196 quia

541 3207 807 3264 futurum
834 3214 978 3279 erat,
1014 3211 1279 3266 utoculis
1318 3227 1436 3266 non
1469 3212 1751 3277 viderent,
1781 3218 1836 3268 et
1864 3214 2041 3268 corde
2079 3230 2198 3269 non

542 3298 1162 3372 intelligerent,neque
1192 3306 1691 3367 converterentur,
1729 3318 1824 3357 sec
1847 3309 2201 3359 sanarentur

545 3387 759 3443 Oculos
782 3395 981 3445 autem
1015 3388 1156 3444 dicit
1185 3388 1609 3446 intellectuales
1645 3408 1656 3446 :
1700 3407 1838 3447 nam
1868 3392 2051 3448 oculis
2079 3408 2196 3448 non

541 3477 763 3543 videre,
797 3478 1129 3535 declaratur
1156 3496 1259 3550 per
1302 3479 1361 3535 id
1410 3481 1575 3551 quod
1630 3481 1898 3537 subditur
1939 3499 1951 3536 :
2012 3484 2201 3538 Corde

544 3583 664 3622 non
689 3568 1034 3637 intelligere.

618 3658 748 3709 Haec
780 3661 981 3711 tamen
1027 3656 1198 3710 verba
1241 3657 1358 3713 alio
1399 3658 1581 3714 modo
1619 3659 1919 3716 declarata
1982 3662 2200 3717 suntin

545 3743 863 3811 Evangelio
896 3745 1057 3814 juxta
1079 3745 1439 3813 Matthwum,
1482 3748 1597 3803 alio
1620 3749 1777 3803 dicta
1805 3755 2089 3819 tempore.

622 3832 780 3887 Vers.
813 3834 901 3887 41.
934 3832 1073 3889 Haec
1102 3864 1170 3872 —
1198 3850 1280 3889 eo.
1311 3837 1448 3891 Haec
1496 3842 1659 3907 puta,
1729 3837 1803 3891 de
1835 3839 2093 3894 caecitate
2129 3855 2198 3894 ac

546 3919 943 3985 induratione,
987 3926 1043 3975 et
1090 3930 1319 3977 caetera.
1380 3924 1644 3981 Gloriam
1683 3932 1879 3982 autem
1914 3930 2037 3997 ejus
2059 3928 2202 3984 dicit

547 4009 861 4081 gloriosam
893 4009 1054 4066 illam
1087 4010 1387 4074 visionem.
1428 4015 1674 4086 quando
1714 4017 1859 4071 vidit
1893 4018 2199 4072 Dominum

549 4099 851 4155 sedentem
902 4115 1083 4171 super
1148 4102 1367 4157 solium
1420 4104 1720 4159 excelsum
1768 4107 1835 4172 ⁵⁸,
1888 4112 1941 4159 et
1970 4122 2039 4160 ea
2065 4122 2200 4175 quas

548 4190 702 4246 circa
723 4190 925 4262 ipsum
952 4196 1139 4259 erant,
1188 4191 1472 4247 terribilia
1524 4209 1593 4247 ac
1643 4194 1966 4263 magnifica
2009 4201 2196 4249 erant.

2312 4198 2501 4274 φοϐερὰ
2525 4204 2613 4249 xui
2636 4197 2857 4259 ἐξαίσια.
2902 4200 2999 4249 Τὸν
3026 4199 3142 4249 Υἱὸν
3171 4198 3275 4267 γὰρ
3308 4192 3415 4248 εἶδε
3445 4201 3570 4259 τότε,
3602 4197 3675 4243 καὶ
3709 4196 3826 4239 ταῦτα

546 4281 707 4335 Tunc
733 4280 892 4335 enim
934 4280 1135 4335 Filium
1170 4281 1341 4336 vidit:
1376 4287 1431 4336 et
1460 4282 1588 4337 hzec
1625 4284 2009 4353 postmodum
2056 4284 2201 4339 dixit

2312 4287 2443 4339 εἶπεν
2520 4289 2732 4361 ὕστερον
2784 4292 2873 4337 καὶ
2947 4284 3163 4342 ἐλάλησι
3227 4290 3347 4359 περὶ
3417 4284 3585 4347 αὐτοῦ,
3662 4278 3823 4329 ἀκούσας

546 4384 615 4425 ac
638 4368 870 4424 locutus
895 4374 983 4423 est
1013 4370 1082 4424 de
1114 4385 1205 4437 eo,
1234 4386 1371 4425 cum
1396 4374 1540 4425 tunc
1563 4371 1692 4427 haec
1715 4373 1791 4427 ab
1818 4388 1887 4427 eo
1916 4374 2196 4428 audisset.

546 4460 692 4513 Nam
725 4457 798 4512 de
822 4457 1051 4513 Christo
1108 4464 1293 4523 erant,
1353 4460 1517 4531 quod
1558 4463 1897 4516 excaecandi
1954 4463 2199 4517 etiudu-

544 4548 719 4602 randi
771 4554 940 4603 erant
1002 4564 1117 4603 non
1171 4548 1367 4613 visuri,
1428 4564 1537 4604 nec
1608 4550 1977 4617 intellecturi,
2034 4550 2200 4622 quod

2312 4551 2448 4627 μήιῖἓ
2493 4557 2719 4605 συνιέναι
2772 4556 2845 4604 ὅτι
2924 4558 3048 4612 Θεὸς
3111 4551 3244 4616 ἐστι,

544 4637 696 4690 Deus
726 4643 896 4700 esset,
932 4652 1124 4708 neque
1153 4638 1524 4693 convertendi
1556 4640 1632 4696 ab
1685 4656 1901 4707 errore,
1932 4645 1995 4696 ut
2025 4657 2176 4697 sana

2312 4642 2412 4694 ἀπὸ
2444 4651 2538 4704 τῆς
2567 4642 2783 4709 πλάνης,
2815 4646 2903 4693 xui
2960 4642 3168 4699 ἰαθῆναι
3214 4645 3283 4694 τὰ
3310 4642 3577 4715 τραύματα
3600 4644 3677 4693 τῆς

546 4730 746 4781 rentur
779 4725 1023 4782 vulnera
1076 4727 1417 4784 animarum
1482 4727 1767 4801 ipsorum.

2312 3130 2439 3183 ἀλλὰ
2476 3131 2763 3203 μέλλοντος,
2797 3132 2873 3182 ὅτι
2914 3130 3114 3202 ἔμελλον
3166 3135 3233 3200 μὴ
3295 3127 3423 3181 ἰδεῖν
3463 3136 3560 3187 τοῖς
3597 3124 3830 3195 ὁφϐαλμθὶςν

2309 3219 2447 3293 μηδὲ
2472 3230 2660 3278 νοῆσαι
2686 3229 2747 3292 τῇ
2790 3217 3009 3293 καρδίᾳ,
3063 3216 3193 3291 μηδ’
3220 3218 3593 3290 ἐπιστραφῆναι
3627 3207 3700 3266 κὶιὶ
3724 3212 3829 3264 ἱαθὲ-

3505 3321 3517 3335 ⁶
3552 3313 3630 3356 τοῦ
3671 3305 3750 3372 γὰρ
3780 3304 3827 3367 με

2314 3396 2441 3451 ἰδεῖν
2466 3407 2572 3461 τοῖς
2604 3399 2890 3471 ὀφθαλμοῖς
2924 3399 3355 3472 ἐφερμηνευτιχὸν
3383 3400 3440 3449 τὸ
3466 3392 3604 3454 Μηδὲ
3622 3394 3827 3456 sciatur?

2309 3331 2411 3364 ναι.
2442 3310 2766 3382 Ὀφθαλμούς
2798 3307 2856 3361 δὲ
2905 3309 3039 3379 λέγει
3069 3314 3190 3370 τοὺς
3238 3311 3459 3368 νοητούς

2309 3485 2527 3561 καρδίᾳ.

2379 3672 2554 3717 Ταῦτα
2612 3661 2669 3716 δὲ
2721 3666 2785 3715 τὰ
2845 3664 2981 3738 ῥητὰ
3034 3670 3221 3736 τρόπον
3273 3664 3439 3733 ἕτερον
3504 3658 3829 3731 ἡρμηντὰϐῑσαν

2308 3757 2356 3806 ἒν
2383 3762 2453 3823 τῷ
2480 3758 2613 3806 κατά
2653 3755 2938 3815 Ματθαῖον,
2974 3754 3087 3804 καθ’
3113 3754 3284 3824 ἕτερον
3305 3754 3526 3825 ῥηθέντα
3548 3754 3717 3819 καιρόν.

2379 3851 2558 3897 Ταῦτα
2605 3875 2673 3882 -
2730 3843 2909 3893 αὐτοῦ.
2948 3873 3009 3881 —-
3056 3848 3253 3905 Ταῦτα,
3310 3844 3374 3891 τὰ
3417 3844 3529 3912 περὶ
3570 3846 3649 3896 τῆς
3686 3833 3829 3903 τυφλω-

2312 3952 2440 3994 σεως
2489 3937 2577 3983 καὶ
2617 3950 2925 4004 πωρωσεως,
2976 3936 3065 3981 καὶ
3117 3934 3176 3990 τὴ
3246 3930 3382 3992 ἑξῆς.
3450 3928 3597 3989 Δοξαν
3642 3922 3827 3975 διαιτοὺ

2311 4027 2440 4091 φησί
2472 4026 2565 4079 τὴν
2587 4017 2792 4082 ἔνδοξον
2825 4019 3081 4071 ὀπτασίαν
3114 4018 3333 4082 ἐκείνην,
3367 4021 3450 4070 ὅτε
3473 4014 3571 4069 εἶδε
3599 4020 3673 4066 τὸν
3693 4015 3826 4083 Κύριον

2308 4113 2598 4182 καθήμενον
2629 4108 2709 4160 ἐπὶ
2739 4112 2919 4180 θρόνου
2952 4108 3174 4177 ὑψηλοῦ,
3206 4114 3300 4159 xui
3333 4106 3491 4159 τᾶλλα
3514 4108 3573 4157 τὰ
3596 4107 3693 4175 περὶ
3716 4100 3826 4149 αὐτον

2312 4378 2444 4427 αῦτὰ
2486 4382 2599 4428 τότε
2658 4375 2780 4447 παρ’
2831 4375 3005 4428 αὑτοῦ.
3061 4380 3184 4445 Περὶ
3212 4382 3305 4425 τοῦ
3350 4379 3572 4444 Χριστοῦ
3608 4373 3689 4440 γὰρ
3716 4361 3820 4421 ἧσθε

2310 4467 2387 4516 ὅτι
2412 4464 2613 4536 ἔμελλον
2652 4464 2983 4535 τυφλωθῆναι
3014 4469 3102 4515 xui
3132 4466 3469 4533 πωρωθῆναι,
3520 4464 3597 4510 xui
3627 4462 3685 4527 μὴ
3716 4449 3819 4503 ὶδῐῖι·

3337 4548 3467 4623 μηδ’
3527 4546 3819 4617 ἐπιστραφῆναι

2310 4732 2498 4785 αὐτῶν.

618 4904 662 4939 ⁴τ
695 4902 878 4959 Exod.
910 4918 982 4969 1v,
1018 4908 1105 4959 2t.
1184 4906 1231 4941 ιο
1302 4907 1449 4963 Psal.
1509 4923 1661 4969 xuii,
1706 4912 1789 4964 l9.
1870 4910 1915 4943 "
1969 4909 2080 4965 Isa.
2123 4925 2211 4965 mu

2334 4914 2422 4967 17·
2505 4910 2555 4951 ⁵ο
2601 4911 2767 4963 Βοω-
2827 4928 2860 4969 1.
2896 4912 2984 4965 28.
3062 4910 3105 4944 ⁵¹
3143 4908 3289 4964 ibid.
3344 4910 3430 4963 26.
3506 4906 3550 4939 ³³
3605 4903 3690 4955 lsa.
3737 4903 3811 4945 ιιιῐο

547 4975 600 5030 2.
678 4975 725 5010 ⁵³
758 4976 904 5032 Osée
942 4990 1017 5047 iv,
1046 4979 1097 5032 6.

1302 4907 1449 4963 Psal.
1509 4923 1661 4973 xuii,
1706 4912 1789 4964 l9.
1870 4910 1915 4943 "
1969 4909 2080 4965 Isa.
2123 4925 2276 4974 Lxm,
2334 4914 2422 4967 17.
2505 4910 2555 4951 ⁵ο
2601 4911 2767 4963 Rom.
2827 4928 2860 4978 ι,
2896 4912 2984 4965 28.
3062 4910 3105 4944 ⁵¹
3143 4908 3289 4964 ibid.
3344 4910 3430 4963 26.

1174 4977 1222 5012 ⁸⁸
1249 4978 1401 5035 Psal.
1434 4995 1605 5044 Lxxu,
1650 4979 1736 5035 27.
1769 4981 1816 5017 ⁸⁵
1842 4980 1996 5037 Matt.
2020 4997 2174 5047 xxm,
2208 4982 2297 5037 37.
2375 4982 2422 5016 ⁵ο
2464 4981 2576 5037 lsa.
2607 4997 2682 5044 vx,
2724 4986 2768 5035 t.

1771 5184 1987 5255 Variae
2005 5184 2329 5255 lectiones
2372 5192 2435 5254 et
2477 5196 2679 5253 note.

618 5380 808 5515 (8t)ﬂA
839 5380 1005 5454 ponit
1032 5380 1393 5438 vocabulum
1444 5386 1622 5457 Κύριε,
1675 5386 1846 5456 paulo
1884 5388 2038 5458 post,
2068 5389 2204 5440 ante

621 5473 718 5515 νεχ
762 5493 775 5507 ο

552 5472 752 5527 συνεχῆ
762 5493 775 5507 ο

2387 5384 2501 5457 (82)
2527 5383 2603 5436 Ού
2628 5403 2780 5457 μονον
2810 5384 3029 5440 absunt
3054 5390 3116 5440 Α.

622 5607 748 5679 (gg)
795 5605 1351 5663 Demonstrativum.
1389 5606 1508 5663 Hoc
1531 5606 1599 5663 de
1631 5622 1739 5663 suo
1771 5606 2017 5673 addidit,
2046 5622 2116 5663 ac
2150 5606 2197 5662 si

2312 5605 2503 5663 iererit
2531 5601 2910 5657 ἀποδεικτικὸν.

2316 2686 2415 2739 ἀπὸ
2449 2694 2542 2739 σοῦ
2577 2686 2887 2738 ἀπολοῦνται
2930 2703 2942 2715 ·
2972 2691 3061 2737 xui
3093 2681 3246 2743 αὖθις
3278 2687 3303 2736 6
3330 2690 3502 2755 Σωτὴρ
3533 2683 3575 2734 ἐν
3604 2689 3690 2740 τοῖς
3716 2679 3834 2743 Εὐαγ-

2282 2776 2503 2847 ιγελίοις
2527 2780 2652 2848 πρὸς
2684 2780 2779 2833 τὴν
2802 2775 3141 2847 Ἰερουσαλήμ
3172 2793 3184 2805 '
3218 2776 3453 2833 Ποσάκις
3482 2767 3835 2829 ἠθελησαὲπισδ·
