4022 6232
112 298 255 359 1373

1183 301 1548 359 COMMENT.
1591 302 1666 358 IN
1703 301 2055 358 JOANNEM.
2097 333 2163 344 -—
2203 301 2362 359 CAP.
2397 301 2518 357 ΧΠ.

3350 299 3489 358 1374

182 426 362 499 Ὅμως
424 456 496 470 -
548 435 702 482 Θεοῦ.
753 427 864 481 οὐκ
915 423 1017 501 ἄρα
1067 429 1322 504 ἄρχοντες
1376 427 1532 495 ἦσαν,
1589 427 1718 481 ἀλλὰ

1904 429 2064 484 Vers.
2090 432 2176 485 42.
2215 429 2877 486 Verumtamen—Veis.
2904 429 2993 486 43.
3021 428 3148 486 Dei.
3177 427 3490 500 Siquidem

107 512 291 570 δοῦλοι
331 513 493 580 δόξης
545 516 884 592 ἀνθρωπίνης.
955 520 1050 570 Διὰ
1098 527 1251 571 τοῦτο
1301 524 1390 571 καὶ
1447 521 1473 570 ό
1528 522 1718 592 Κύριος

108 606 277 677 ﬁer/no
333 605 527 668 αὐτοῖς’
599 613 714 669 Πῶς
768 603 996 659 δύνασθε
1060 608 1204 679 ὑμεῖς
1259 615 1566 672 πιστεῦσαι,
1629 604 1716 659 δό-

107 695 203 758 ξαν
274 698 417 769 παρὰ
484 694 713 754 ἀλλήλων
781 695 1150 768 λαμϐάνοντες,
1231 701 1322 748 καὶ
1401 701 1493 755 τὴν
1558 693 1720 759 δόξαν

111 788 210 842 τὴν
233 787 380 858 παρὰ
403 791 493 837 τοῦ
522 789 679 857 μόνου
707 789 832 838 Θεοῦ
861 784 919 836 ού
951 789 1253 852 ζητούντες;

193 873 395 932 Ἰησοῦς
424 904 493 912 -
549 891 630 944 με.
679 869 949 932 Ἐνδόντος
999 880 1110 934 τοῖς
1155 873 1272 942 (83)
1325 871 1600 934 Ἰουδαίοις
1630 880 1721 926 τού

119 963 312 1034 θυμοῦ,
369 961 522 1014 πάλιν
584 961 802 1034 ἀνεφάνη
869 967 960 1013 καὶ
1024 958 1294 1016 διδάσκει.
1352 962 1419 1015 '0
1475 960 1533 1016 δὲ
1587 963 1723 1034 λέγει

117 1055 353 1103 τοιοῦτόν
463 1049 622 1103 ἔστιν’
694 1050 754 1104 '0
823 1053 1083 1103 πιστεύων
1161 1051 1231 1113 εἰς
1325 1051 1411 1124 ἐμὲ
1485 1055 1722 1105 πιστεύει

120 1141 196 1202 εἰς
246 1145 333 1192 τὸν
377 1139 653 1211 πέμψαντά
696 1157 778 1212 με’
825 1142 884 1192 ού
927 1145 1078 1213 μόνον
1124 1137 1264 1192 διότι
1316 1146 1412 1214 μία
1443 1145 1597 1214 φύσις
1635 1147 1724 1194 καὶ

121 1231 306 1291 θεότης
339 1231 549 1301 ἀμφοῖν,
605 1228 731 1280 ἀλλὰ
780 1235 870 1282 καὶ
919 1225 1058 1281 διότι
1093 1231 1123 1287 ἡ
1160 1230 1226 1290 εἰς
1265 1233 1350 1282 τὸν
1399 1229 1725 1304 ἀπεσταλμέ-

116 1339 204 1371 νον
257 1323 384 1391 τιμὴ
435 1317 507 1380 εἰς
557 1321 643 1370 τὸν
697 1318 1078 1370 ἀποστείλαντα
1126 1315 1407 1376 διαϐαίνει.
1451 1323 1520 1373 Τὸ
1575 1317 1633 1373 δε
1663 1321 1722 1373 ού

117 1410 356 1460 πιστεύει
423 1407 494 1468 εἰς
561 1409 646 1479 ὶμε
726 1404 872 1460 δοκεῖ
937 1411 1026 1479 μεν
1116 1405 1400 1481 ἀρνήσεως,
1486 1413 1597 1462 ἔστι
1665 1407 1724 1464 δι

117 1496 312 1569 μᾶλλον
378 1505 676 1572 προτροπῆς
741 1496 815 1557 εἰς
883 1499 941 1548 τὸ
1009 1500 1293 1550 πιστεύειν.
1367 1505 1610 1551 Τοιοῦτον
1665 1497 1724 1552 δε

118 1585 234 1638 ἐστι
283 1590 372 1638 καὶ
420 1591 498 1638 τό·
555 1591 598 1637 0
655 1583 741 1657 ἔμε
798 1581 1085 1658 δεχόμενος
1150 1585 1244 1639 ούκ
1322 1585 1408 1660 ἔμε
1483 1584 1720 1660 δέχεται,

119 1675 251 1727 ἀλλὰ
346 1678 433 1727 τόν
523 1675 900 1727 ἀποστεο.αντιέ
1003 1694 1086 1747 με.
1185 1675 1532 1749 Ἰδιωματικὰ
1621 1681 1722 1752 γὰρ

120 1769 213 1817 καὶ
249 1763 362 1836 (84)
399 1767 465 1816 τὰ
489 1765 732 1820 τοιαῦτᾶ,

346 1678 433 1727 τόν
523 1673 900 1727 ἀποστεο.αντιέ
1003 1694 1086 1747 με.
1185 1671 1532 1749 Ἰδιωματικὰ

196 1858 310 1927 Χρή
373 1850 431 1905 δι
498 1858 768 1924 γινώσκειν
825 1853 906 1905 ὅτι
958 1853 1126 1928 ἔτερόν
1178 1852 1290 1907 ἔστι
1346 1857 1405 1908 τὸ
1459 1859 1723 1910 πιστεύειν

122 1943 286 2014 αύτῷ,
338 1945 426 1994 καὶ
473 1941 641 2015 ἕτερόν
694 1940 806 1994 ἔστι
867 1945 925 1994 τὸ
982 1945 1245 1996 πιστεύειν
1299 1945 1369 2006 εἰς
1434 1945 1607 1998 αύτόν’
1663 1952 1722 2000 τὸ

125 2035 220 2104 μὲν
245 2033 346 2105 γάρ
377 2031 490 2083 ἐστι
521 2034 579 2082 τό
628 2033 888 2084 πιστεύειν
919 2039 1024 2093 τοῖς
1049 2031 1220 2104 λόγοις
1258 2033 1439 2103 αύτοῦ,
1470 2037 1495 2086 ὅ
1523 2040 1610 2087 καὶ
1639 2036 1724 2090 ἐπὶ

119 2130 222 2173 τῶν
280 2119 443 2172 ἄλλων
495 2117 774 2192 ἀνθρώπων
821 2120 1043 2192 λέγεταιο
1097 2124 1155 2173 τὸ
1206 2119 1266 2174 δέ
1311 2121 1423 2174 ἐστι
1464 2128 1725 2177 πιστεύειν

120 2210 197 2272 εἰς
260 2215 354 2268 τὴν
415 2211 634 2268 θεότητα
701 2208 882 2276 αὐτοῦ,
951 2211 1070 2282 ὅπερ
1128 2211 1212 2263 ἐπὶ
1269 2215 1396 2264 Θεοῦ
1449 2216 1606 2284 μόνου
1651 2213 1725 2266 λέ-

117 2319 294 2371 γεται.

193 2392 297 2442 Καὶ
346 2418 418 2431 —
461 2407 544 2461 με.
600 2392 832 2461 Θεωρίαν
887 2392 981 2446 τήν
1027 2384 1119 2440 διὰ
1175 2396 1266 2440 τοῦ
1309 2396 1397 2441 νοῦ
1444 2388 1607 2462 λέγει’
1647 2391 1724 2442 ὅτι

113 2477 176 2531 '0
234 2481 392 2551 γνοὺς
455 2481 549 2536 τήν
598 2477 727 2550 ἐμὴν
791 2479 1012 2535 θεότητα
1058 2480 1186 2548 ἔγνω
1236 2483 1330 2536 τήν
1381 2485 1472 2530 τού
1524 2484 1724 2554 Πατρός

113 2587 236 2640 μου.
289 2571 403 2621 Μία
443 2569 544 2642 γὰρ
608 2571 696 2619 καὶ
747 2569 773 2625 ἦ
827 2568 957 2625 αύτὴ
1007 2569 1187 2628 θεότης
1219 2566 1270 2618 ἐν
1311 2569 1457 2640 ἡμῖν.
1493 2573 1592 2621 Καὶ
1623 2568 1724 2640 ἐγὼ

121 2658 273 2711 εἰκών
308 2657 415 2730 εἰμι
444 2663 535 2710 τοῦ
575 2659 781 2731 Πατρός
811 2654 1224 2732 ἀπαράλλακτος.

193 2843 392 2910 Θεωρεῖ
437 2832 498 2889 δέ
534 2855 613 2898 τις
663 2839 756 2894 τὴν
804 2842 896 2887 τοῦ
949 2843 1185 2906 Χριστοῦ
1227 2837 1448 2894 θεότητα
1491 2835 1584 2888 ούκ
1624 2835 1724 2889 ἀπὸ

117 2935 212 2986 τῆς
269 2928 466 2996 φύσεως
531 2925 714 2987 αὐτῆς·
771 2923 1064 2998 ἀθεώρητος
1137 2927 1237 2998 γὰρ
1288 2927 1318 2983 ἡ
1379 2927 1490 2977 Θεία
1547 2927 1720 2998 φύσις,

116 3021 215 3068 καὶ
245 3015 499 3076 παντελῶς
553 3013 846 3076 ἀνεννόητος
888 3016 1023 3066 κατὰ
1051 3019 1130 3066 τό’
1165 3016 1294 3067 Θεὸν
1332 3011 1506 3076 οὐδεὶς
1535 3014 1726 3090 ἑώρακε

117 3110 347 3158 πώποτεο
406 3103 512 3156 ἀλλ’
572 3102 671 3157 ἀπό
724 3111 823 3156 τῶν
884 3105 1173 3177 θεοπρεπῶν
1213 3106 1370 3179 ἔργων
1419 3109 1508 3156 καὶ
1563 3104 1725 3177 λόγων

121 3195 311 3249 αὐτοῦ.

190 3282 323 3355 Ἐγὼ
402 3313 470 3324 --
532 3281 770 3340 ἐλήλυθα.
837 3288 947 3342 Φῶς
1009 3284 1192 3339 νοητόν
1238 3281 1372 3333 λύων
1430 3285 1487 3335 τὸ
1541 3287 1724 3342 νοητὸν

115 3379 324 3434 σκότος,
384 3376 473 3424 καὶ
525 3368 619 3424 διὰ
671 3380 769 3425 τῶν
847 3373 1136 3445 θεοπρεπῶν
1190 3373 1348 3443 ἔργων
1414 3380 1505 3426 καὶ
1562 3373 1724 3446 λόγων

113 3458 514 3536 παραδεικνύων
568 3464 661 3523 τὰς
708 3462 915 3521 ἀκτῖνας
959 3469 1050 3522 τῆς
1097 3463 1339 3524 θεότητος
1381 3470 1488 3523 τοῖς
1525 3465 1726 3535 ύγιέσιν

116 3552 426 3625 ὀφθαλμοῖς.

182 3641 302 3694 Ἵνα
330 3671 399 3681 -
446 3643 616 3712 μείνῃ.
660 3645 734 3712 Τῇ
785 3647 881 3700 τῆς
917 3637 1133 3704 πλάνης,
1187 3646 1249 3712 τῇ
1301 3647 1396 3701 τῆς
1443 3639 1722 3714 ἁμαρτίας.

108 3734 383 3803 Διαφόρως
451 3725 508 3781 δὲ
562 3730 627 3780 τὰ
679 3727 814 3780 αύτὰ
854 3727 990 3798 λέγει
1057 3724 1560 3802 διαμαρτυρόμενος,
1630 3736 1720 3782 καὶ

108 3830 175 3893 τῇ
214 3823 468 3891 συνεχείᾳ
508 3816 735 3890 μαλάξαι
781 3820 840 3869 τό
897 3817 1122 3892 σκληρόν
1171 3825 1264 3879 τῆς
1295 3815 1524 3892 καρδίας
1554 3818 1723 3871 αύτῶν

111 3909 452 3984 βουλόμενος,
498 3911 588 3959 καὶ
635 3913 736 3959 πᾶν
781 3907 1025 3979 εἰσφέρων
1073 3910 1128 3958 τό
1179 3905 1388 3958 ἑαυτοῦ·
1445 3904 1538 3960 διὰ
1575 3916 1726 3960 τοῦτο

110 4002 217 4073 γὰρ
251 4002 344 4049 καὶ
371 3996 567 4070 ἓκραξε.

193 4091 300 4141 Καὶ
323 4116 392 4126 -—
413 4085 589 4142 αὐτόν.
619 4085 703 4138 Ἐν
733 4090 805 4154 τῷ
835 4091 922 4148 νῦν
953 4083 1120 4138 αἰῶνι.

193 4175 274 4228 Ού
331 4205 400 4214 -
455 4178 672 4246 κόσμον.
720 4169 842 4227 Εἶπε
889 4177 974 4224 καὶ
1030 4171 1076 4224 ἓν
1126 4181 1197 4244 τῷ
1257 4176 1414 4247 τρίτῳ
1470 4173 1728 4246 κεφαλαίῳ

109 4267 202 4319 ὅτι
264 4263 377 4316 Ούκ
431 4261 722 4333 ἀπέστειλεν
792 4263 817 4314 ό
873 4265 998 4324 Θεὸς
1075 4265 1161 4314 τόν
1246 4265 1365 4314 Υίὸν
1439 4261 1599 4313 αύτοῡ
1659 4261 1730 4322 εἰς

1463 4349 1570 4401 ἀλλ’

112 4443 272 4514 σωθῇ
302 4443 328 4493 ὁ
359 4446 550 4513 κόσμος
577 4437 654 4494 δι’
682 4439 863 4496 αύτού.
895 4445 994 4494 Καὶ
1042 4442 1300 4512 ἀνάγνωθι
1322 4439 1474 4492 πάλιν
1505 4437 1608 4492 ἐκεῖ
1634 4443 1728 4498 τὴν

113 4359 208 4407 τόν
287 4356 507 4420 κόσμον,
596 4353 678 4403 ἵνα
753 4357 900 4426 κρίνη
985 4356 1072 4404 τόν
1157 4355 1372 4424 κόσμον,
1463 4351 1570 4401 ἀλλ’
1647 4351 1730 4401 ἵνα

109 4531 381 4602 ἐξήγησιν
411 4526 463 4583 εὖ
493 4529 748 4602 ἔχουσαν.

189 4620 254 4672 '0
305 4650 375 4659 —
425 4619 598 4676 αύτόν.
629 4619 687 4671 '0
736 4617 956 4671 ἀπειθῶν
988 4617 1101 4689 ἐμοὶ
1131 4622 1220 4670 καὶ
1246 4623 1316 4690 μὴ
1353 4614 1633 4690 δεχόμενος
1663 4619 1730 4670 τὰ

105 4709 340 4786 ῥήματά
365 4727 464 4780 μου
491 4708 601 4780 ἔχει
642 4713 726 4760 τόν
760 4708 870 4778 (85)
903 4711 1299 4780 κατακρίνοντα,
1329 4710 1415 4758 τόν
1446 4706 1732 4779 ἐλέγχοντα

107 4800 312 4855 αύτὸν.
349 4803 438 4860 Τίς
464 4793 524 4850 δέ
546 4796 686 4850 ἔστιν
721 4796 891 4863 οὗτος,
921 4797 1170 4851 ἄκουσον.

190 4892 256 4938 '0
300 4885 454 4958 λόγος
499 4916 570 4928 —
615 4888 800 4958 ἡμέρᾳ.
847 4889 937 4947 Τίς
969 4880 1031 4937 δέ
1077 4886 1102 4937 ό
1148 4885 1299 4958 λόγος
1342 4884 1511 4953 οὗτος,
1556 4883 1728 4937 ἑνωτι-

111 4976 312 5033 σθητι.

195 5152 247 5186 ⁵⁷
267 5153 440 5208 Joan.
472 5167 528 5223 v,
565 5153 652 5208 44.

765 5153 813 5187 ⁸³
855 5150 1036 5208 Marc.
1069 5165 1150 5217 ix,
1180 5154 1269 5209 37.
1313 5153 1360 5187 '9
1387 5153 1552 5208 toan.
1586 5167 1626 5220 ι,
1657 5153 1743 5209 18.

1755 1780 1798 1835 Β

1763 3137 1802 3192 C

1763 4489 1806 4544 D

1832 518 2109 590 princeps
2143 533 2262 573 non
2277 523 2464 583 erant,
2494 518 2599 573 sed
2624 519 2776 574 servi
2803 517 3004 589 gloria;
3026 518 3334 573 humanae.
3362 520 3494 574 Pro-

1832 606 2225 679 ptereaetiam
2256 607 2543 662 Dominus
2581 607 2693 663 illis
2725 607 2981 664 dicebat:
3010 607 3309 674 Quomodo
3329 612 3491 676 pote-

1830 697 1933 752 stis
1966 712 2062 752 vos
2093 696 2344 759 credere,
2373 713 2504 752 cum
2540 699 2792 768 gloriam
2824 715 2858 752 a
2880 697 3038 753 vobis
3059 702 3266 752 mutuo
3291 711 3494 751 suma-

1834 787 1908 842 tis
1941 793 1995 842 et
2023 787 2277 855 gloriam
2312 802 2430 857 qua?
2463 802 2498 842 a
2527 789 2652 842 solo
2679 786 2795 842 Deo
2821 793 2901 842 est
2942 802 3058 842 non
3086 785 3367 856 quaeratis
3394 786 3441 820 ⁸⁷
3467 785 3495 839 ἵ

1901 876 2058 929 Vers.
2091 875 2348 930 “Jews
2366 905 2432 916 -
2452 875 2830 944 me.Mitigata
2844 876 2870 928 J
2881 875 3187 930 udreorum
3202 874 3289 929 ira
3314 889 3493 946 appa-

1832 964 1948 1019 ruit
1978 963 2188 1018 iterum
2213 968 2268 1018 et
2297 963 2489 1019 docet.
2515 964 2682 1029 Quod
2709 969 2899 1020 autem
2931 964 3090 1032 dicit,
3115 962 3492 1019 tantumdem

1833 1059 1940 1119 est,
1973 1067 2042 1107 ac
2073 1052 2121 1106 si
2151 1051 2311 1107 dicat
2343 1053 2483 1120 τοιιί
2507 1053 2696 1109 credit
2718 1053 2781 1108 in
2802 1069 2904 1117 me,
2931 1053 3118 1109 credit
3137 1054 3199 1107 in
3230 1051 3491 1122 eum,qui

1832 1158 1919 1197 me
1947 1141 2122 1197 misit:
2141 1156 2258 1196 non
2275 1143 2467 1196 solum
2485 1141 2628 1213 quia
2653 1157 2770 1198 una
2783 1148 2871 1197 est
2892 1147 3106 1197 natura
3119 1147 3174 1196 et
3198 1141 3481 1196 divinitas

1833 1231 2174 1295 amborum,
2203 1245 2412 1286 verum
2444 1232 2644 1296 etiam,
2672 1232 2815 1304 quia
2843 1232 3037 1287 honor
3060 1231 3111 1286 ei
3144 1231 3246 1303 qui
3268 1229 3486 1284 missus

1833 1324 1939 1386 est,
1963 1319 2281 1383 exhibitus,
2310 1319 2606 1375 redundat
2638 1320 2695 1374 in
2725 1335 2861 1374 eum
2895 1319 2996 1392 qui
3029 1319 3204 1373 misit.
3236 1321 3299 1373 Et
3325 1315 3487 1389 quod

1833 1407 1934 1472 ait,
1959 1409 2092 1464 Non
2122 1408 2308 1463 credit
2333 1410 2394 1463 in
2426 1423 2527 1473 me,
2571 1407 2801 1463 videtur
2832 1409 3079 1480 quidem
3122 1407 3479 1477 negationis,

1834 1495 1933 1551 sed
1961 1497 2155 1566 magis
2185 1501 2275 1551 est
2300 1496 2724 1551 exhortationis
2755 1497 2830 1551 ad
2871 1497 3253 1552 credendum.
3285 1494 3488 1552 Simile

1833 1601 2069 1658 quoque
2101 1590 2192 1640 est
2221 1593 2274 1639 et
2301 1585 2444 1640 illud
2469 1602 2481 1639 :
2510 1586 2623 1653 Qui
2647 1588 2952 1656 susceperit
2983 1601 3084 1650 me,
3115 1601 3230 1640 non
3258 1600 3345 1640 me
3368 1600 3493 1640 sus-

1834 1674 1977 1743 cipit
1998 1674 2088 1730 sed
2116 1690 2248 1730 eum
2268 1674 2373 1745 qui
2393 1674 2548 1729 misit
2574 1689 2664 1730 me
2690 1674 2757 1728 ⁵⁸.
2805 1677 2949 1729 Nam
2977 1679 3032 1728 et
3060 1675 3186 1729 hac
3234 1673 3488 1729 idioma-

1835 1763 1907 1818 tis
1945 1768 2083 1818 sunt
2112 1763 2347 1832 aliaque
2368 1763 2745 1834 ,hujusmodi.

1909 1853 2065 1909 Scire
2097 1858 2297 1908 autem
2341 1856 2596 1924 oportet,
2629 1851 2781 1924 quod
2807 1851 2967 1906 aliud
3007 1855 3092 1907 est
3122 1851 3365 1908 credere
3413 1851 3490 1916 ei,

1835 1957 2020 2014 quam
2049 1941 2285 1997 credere
2324 1941 2384 1996 in
2415 1957 2574 2006 eum;
2606 1941 2747 1996 illud
2788 1940 3084 2012 siquidem
3111 1946 3215 2006 est,
3247 1940 3486 1996 credere

1835 2031 2214 2087 sermonibus
2242 2031 2390 2102 ejus,
2418 2031 2583 2103 quod
2603 2030 2678 2086 de
2700 2034 2919 2086 caeteris
2942 2029 3121 2085 etiam
3144 2030 3484 2085 hominibus

1834 2120 2042 2175 dicitur
2066 2137 2080 2184 ;
2107 2120 2220 2174 hoc
2248 2125 2446 2175 autem
2474 2123 2579 2182 est,
2602 2119 2912 2174 crederein
2948 2119 3314 2174 divinitatem
3332 2119 3484 2190 ejus,

1835 2209 2000 2281 quod
2022 2209 2099 2264 de
2126 2210 2253 2265 solo
2280 2211 2397 2265 Deo
2427 2209 2662 2264 dicitur.

1908 2387 2071 2441 Vers.
2089 2390 2176 2444 45.
2195 2387 2266 2442 Et
2291 2419 2352 2426 —
2376 2402 2483 2442 me.
2503 2386 2801 2441 Visionem
2822 2401 2956 2441 eam
2985 2384 3140 2454 dicit,
3165 2399 3297 2457 quae
3319 2399 3483 2440 men-

1836 2476 1908 2532 tis
1941 2481 2046 2542 est,
2082 2493 2150 2532 ac
2179 2477 2226 2531 si
2259 2477 2415 2532 dicat
2445 2493 2458 2530 :
2503 2475 2611 2541 Qui
2647 2491 2844 2531 meam
2891 2474 3162 2544 cognovit
3209 2473 3489 2528 divinita-

1835 2571 1950 2622 tem
1975 2581 2106 2622 eam
2126 2581 2368 2638 quoque
2387 2566 2685 2636 cognovit,
2711 2581 2846 2635 quas
2862 2564 3042 2620 Patris
3064 2568 3183 2634 est;
3206 2579 3346 2618 nam
3372 2577 3494 2618 una

1837 2659 1894 2710 et
1923 2655 2135 2711 eadem
2153 2656 2312 2709 estin
2335 2654 2504 2709 nobis
2528 2654 2821 2708 divinitas:
2848 2659 2903 2708 et
2927 2668 3039 2723 ego
3067 2652 3253 2708 Patris
3284 2652 3487 2721 imago

1838 2761 1994 2809 sum,
2027 2759 2130 2814 per
2158 2743 2456 2799 omniailli
2487 2742 2713 2797 similis.

1908 2833 2077 2888 Videt
2115 2839 2312 2888 autem
2345 2832 2643 2904 quispiam
2692 2831 2907 2887 Christi
2954 2830 3334 2895 divinitatem,
3368 2844 3493 2884 non

1837 2939 1906 2978 ex
1940 2928 2149 2978 natura
2179 2938 2287 2976 sua
2321 2938 2335 2986 ;
2363 2921 2566 2976 divina
2599 2919 2896 2992 siquidem
2929 2925 3144 2976 natura
3172 2916 3486 2974 invisibilis

1837 3017 1945 3080 est,
1973 3028 2043 3067 ac
2062 3009 2711 3083 penitusintelligibilis,
2737 3009 2910 3080 juxta
2931 3009 3096 3068 illud:
3126 3009 3300 3064 Deum
3323 3022 3493 3065 nemo

1838 3102 1978 3158 vidit
2006 3099 2451 3172 unquam“,sed
2479 3115 2551 3156 ex
2572 3099 2853 3171 operibus
2874 3098 3090 3155 divinis
3113 3099 3357 3172 ejusque
3378 3111 3498 3153 ser-

1841 3192 2138 3247 monibus.

1908 3371 2072 3424 Vers.
2107 3370 2194 3423 46.
2227 3369 2352 3438 Ego
2375 3399 2443 3408 —
2469 3368 2613 3424 veni.
2653 3369 2770 3423 Lux
2798 3365 3214 3425 intellectualis
3250 3363 3490 3420 solvens

1838 3459 2108 3515 tenebras
2134 3458 2482 3523 intellectus,
2514 3474 2617 3531 per
2634 3458 2841 3514 divina
2870 3473 3054 3530 opera
3085 3471 3155 3512 ac
3177 3453 3380 3518 verba,
3410 3451 3498 3508 di-

1835 3548 2096 3604 vinitatis
2117 3547 2316 3603 radios
2345 3547 2506 3602 sanis
2537 3547 2853 3604 ostendens
2888 3546 3094 3602 oculis.

1908 3640 2065 3693 Vers.
2091 3641 2176 3694 46.
2219 3638 2291 3693 Ut
2309 3667 2373 3678 —
2391 3643 2649 3694 maneat.
2681 3638 2822 3702 Quae
2845 3641 2986 3692 sunt
3015 3635 3075 3690 in
3099 3648 3296 3690 errore
3348 3645 3494 3704 pec-

1835 3729 1969 3783 cati.
2004 3726 2364 3798 Frequenter
2401 3728 2570 3782 etiam
2619 3725 2829 3782 eadem
2862 3722 3253 3781 contestando
3315 3720 3477 3785 dicit,

1835 3817 2181 3871 assiduitate
2204 3817 2405 3871 volens
2431 3817 2651 3871 durum
2691 3815 2924 3870 illorum
2958 3830 3059 3870 cor
3105 3811 3391 3876 emollire,
3443 3813 3496 3866 et

1835 3905 2124 3976 quidquid
2149 3905 2223 3959 ad
2258 3922 2321 3959 se
2343 3906 2566 3970 attinet,
2597 3905 2657 3958 in
2693 3906 2956 3960 medium
2979 3903 3284 3960 adducens
3313 3917 3325 3954 :
3359 3915 3495 3971 pro-

1837 3999 2038 4064 pterea
2069 3993 2362 4064 siquidem
2395 3994 2573 4048 etiam
2604 3993 2926 4048 clamabat.

1908 4081 2063 4136 Vers.
2095 4085 2180 4136 47.
2208 4082 2287 4136 Et
2330 4113 2398 4121 —
2423 4097 2574 4137 eum.
2605 4082 2672 4138 In
2704 4081 2975 4150 praesenti
3008 4079 3244 4135 saeculo.

1909 4169 2072 4223 Vers.
2109 4173 2200 4224 47.
2239 4169 2531 4240 Neque—
2570 4169 2871 4224 mundum.
2909 4168 3062 4223 Dixit
3091 4168 3271 4223 etiam
3323 4164 3494 4221 tertio

1839 4259 2048 4331 capite:
2084 4259 2217 4314 Non
2250 4259 2396 4312 misit
2428 4260 2576 4312 Deus
2600 4257 2811 4312 Filium
2836 4273 3002 4311 suum
3031 4257 3091 4310 in
3115 4255 3491 4322 mundum,ut

1839 4349 2183 4405 condemnet
2232 4347 2531 4414 mundum,
2559 4347 2661 4402 sed
2705 4352 2768 4400 ut
2805 4345 3065 4401 salvetur
3103 4343 3361 4398 mundus
3389 4357 3499 4411 per

1839 4453 1967 4494 eum
2000 4440 2046 4473 ⁶⁹
2079 4455 2089 4491 :
2120 4442 2177 4492 et
2204 4437 2282 4492 ibi
2314 4452 2556 4510 quoque
2590 4435 2717 4505 lege
2757 4435 3196 4490 enarrationem
3229 4447 3365 4504 quas
3401 4446 3500 4502 op-

1841 4528 1976 4582 tima
2001 4534 2109 4582 est.

1910 4617 2070 4672 Vers.
2123 4620 2210 4672 48.
2246 4615 2361 4682 Qui
2395 4643 2464 4654 —
2517 4613 2730 4680 ipsum.
2793 4610 2898 4676 Qui
2950 4609 3088 4664 mihi
3122 4623 3242 4664 non
3304 4611 3495 4680 paret,

1841 4721 1949 4760 nec
1994 4702 2446 4776 suspiciLvel‘ba
2472 4717 2625 4766 mea,
2658 4699 2835 4756 habet
2865 4699 2963 4772 qui
2995 4715 3056 4754 se
3087 4697 3400 4754 convincat
3428 4711 3499 4752 ac

1841 4794 2200 4851 condemnet
2233 4810 2246 4859 ;
2279 4793 2413 4865 quis
2445 4792 2516 4846 sit
2539 4796 2738 4846 autem
2769 4789 2844 4855 is,
2879 4789 3106 4845 audito.

1915 4884 2075 4938 Vers.
2109 4886 2197 4938 48.
2239 4881 2447 4938 Sermo
2487 4910 2555 4920 —
2581 4878 2688 4935 die.
2725 4878 2869 4944 Quis
2905 4881 3097 4934 autem
3128 4875 3202 4932 sit
3228 4874 3325 4931 hic
3375 4887 3492 4929 ser-

1844 4989 1955 5041 mo,
1990 4972 2255 5029 adverte.

1858 5152 1903 5187 ”
1925 5151 2100 5208 Joan.
2133 5167 2215 5217 ιιι,
2259 5151 2348 5217 17,

1363 5329 1585 5399 Varia:
1614 5329 1942 5398 lectiones
1992 5339 2057 5398 et
2088 5338 2290 5396 notae.

219 5525 316 5595 83)
356 5525 682 5582 Genitivum
720 5525 903 5584 habet
933 5528 1271 5584 Hentenius.
1317 5527 1431 5585 Sed
1460 5527 1730 5585 dativum

107 5597 366 5654 videtur
409 5599 757 5670 Euthymius
813 5598 1079 5670 elegisse,
1134 5615 1208 5656 ne
1241 5599 1441 5673 plures
1489 5600 1730 5672 genitivi

108 5677 570 5726 concurrerent.

1935 5529 2133 5593 834)Καὶ
2173 5532 2339 5576 ταῦτα
2372 5531 2432 5578 Α.

1935 5529 2133 5593 834)Καὶ
2173 5532 2339 5576 ταῦτα
2372 5531 2432 5578 Α.

1913 5527 2032 5670 ἱδὸ)
2054 5602 2152 5651 Τόν
2165 5615 2407 5670 κρινοντα
2424 5601 2492 5652 Δ.
