4022 6232
109 256 246 322 13τῖ

105 392 391 465 κεφαλαίου
476 386 636 439 αὐτοῦ
717 387 795 438 1'6-
887 386 1074 455 Ἀμὴν,

107 486 241 536 ὅπου
263 479 346 532 ἐὰν
367 479 616 550 κηρυχθῇ
637 479 694 527 τὸ
725 473 1033 546 Εὖαγγέλιον
1055 479 1206 524 τοῦτο
1229 471 1278 522 ἐν
1300 470 1397 542 ὅλῳ
1419 479 1490 541 τῷ
1507 475 1707 544 κόσμῳ,

107 577 203 624 καὶ
256 572 324 622 τὰ
363 567 495 630 ἑξῆς.
541 569 640 618 Καὶ
671 563 928 634 ἀνάγνωθι
957 565 1016 615 τό
1046 561 1187 621 τέλος
1211 567 1301 619 τῆς
1331 559 1436 612 ἐκεῖ
1460 560 1716 633 ῥηθείσης

107 661 269 730 ἑξηγὴ
284 675 424 716 σεως-

183 754 352 800 Τοῦτο
415 740 474 796 δε
542 739 875 815 παρενέϐαλεν
937 742 962 792 6
1031 737 1422 811 εὖαγγελιστὴς,
1501 736 1718 794 ἔκπλητ-

108 842 325 910 τόμενος
371 837 464 891 τὴν
541 829 966 904 ὑπερϐάλλουσαν
1019 836 1112 882 τοῦ
1197 835 1431 901 Σωτῆρος
1489 825 1720 889 ἀνεξικα-

109 931 253 991 κίαν,
289 927 370 977 ότι
399 926 490 974 καὶ
515 922 702 972 τούτου
742 922 859 979 τοὺς
888 914 1059 980 πόδας
1088 917 1247 988 ἐνιψε,
1280 915 1580 988 μελετῶντος
1609 911 1716 974 ἤδη

111 1011 410 1089 προδοῦναι
439 1010 615 1062 αὐτόν.

506 1103 650 1152 ΚΕΦ.
688 1095 785 1161 1ς·’.
821 1101 946 1170 Περὶ
974 1103 1063 1149 τοῦ
1083 1114 1351 1168 νιπτηρος.

190 1189 358 1252 Εἰδὼς
402 1220 470 1230 -
527 1195 727 1261 χεῖρας.
787 1186 875 1248 Ὠς
914 1189 1015 1256 Υἱῷ
1053 1189 1257 1258 γνησίῳ
1297 1188 1386 1236 καὶ
1443 1188 1720 1254 μονογενεί.

119 1284 600 1354 Ἀνθρωποπρεπώς
656 1273 716 1329 δὲ
778 1273 911 1328 εἶπεν
966 1278 1043 1328 ὅτι
1093 1277 1264 1326 πάντα
1312 1269 1539 1326 δέδωκεν
1585 1272 1725 1342 αὐτῷ

121 1375 147 1424 ό
210 1375 387 1444 Πατὴρ
436 1369 509 1428 εἰς
581 1370 670 1427 τὰς
718 1372 924 1437 χεῖρας,
991 1365 1308 1436 μιμούμενος
1364 1366 1448 1414 τόν
1497 1365 1727 1434 Χριστόν

125 1468 341 1513 τοιαῦτα
397 1457 612 1529 λέγοντα
661 1460 780 1526 περὶ
825 1457 1008 1506 ἑαυτοῦ
1087 1452 1333 1514 πολλάκις
1407 1451 1524 1503 κατ’
1595 1450 1728 1503 οἰκοο

125 1554 330 1622 νομίαν,
373 1550 442 1609 ὡς
495 1543 760 1618 διαφόρως
807 1543 1100 1617 εἰρήκαμεν.
1141 1541 1340 1614 Ὠσπερ
1391 1538 1452 1594 δέ
1491 1542 1516 1592 6
1548 1544 1727 1613 Πατὴρ

129 1633 481 1712 παραδίδωσι
528 1642 601 1704 τῷ
651 1636 773 1704 Υὶῷ,
834 1632 967 1685 οὕτω
1026 1637 1115 1684 καὶ
1168 1632 1193 1682 ό
1240 1633 1360 1693 Υἱός
1412 1639 1483 1701 τῷ
1529 1634 1722 1704 Πατρί,

1151 236 2489 314 COMMENT.lNJOANNEM.—-CAP.XHL

1160 380 1297 454 ἀμην
1375 380 1504 453 λέγω
1588 384 1708 455 ὑμῖν

1868 381 2028 454 ιρίιὶε
2047 380 2256 452 ipsius,
2283 379 2612 440 ubidicitur
2635 401 2648 441 :
2667 387 2856 444 Amen
2876 387 3008 445 dico
3028 389 3203 456 vobis,
3231 390 3476 447 ubicun-

3335 250 3472 322 4378

1823 487 1933 544 que
1955 471 2346 541 praedicatum
2366 473 2553 541 fuerit
2567 473 2675 530 hoc
2687 477 3082 548 Evangelium
3109 480 3171 535 in
3198 481 3474 537 universo

1825 562 2046 618 mundo
2063 562 2132 628 ⁸⁵,
2160 564 2218 616 et
2241 565 2473 628 caetera,
2509 570 2566 619 et
2582 562 2712 635 lege
2740 565 2922 623 ﬁnem
2958 567 3110 624 datas
3133 569 3213 624 ibi
3243 571 3479 642 exposi-

1826 650 2024 708 tionis.

1899 741 2018 795 Hoc
2055 746 2255 796 autem
2286 740 2641 814 interposuit
2665 745 3026 815 evangelista
3072 761 3210 802 cum
3243 751 3484 819 stupore

1827 827 2136 885 admirans
2184 829 2572 887 excellentem
2625 831 2838 889 Christi
2885 834 3282 900 clementiam,
3339 836 3487 907 quia

1827 917 2010 988 hujus
2031 919 2210 974 etiam
2242 919 2427 990 pedes
2454 919 2611 988 lavit,
2635 921 2742 994 qui
2797 921 2859 978 in
2909 925 3170 995 proximo
3201 930 3326 981 erat
3349 939 3485 980 eum

1832 1006 2177 1063 traditurus.

2188 1095 2346 1153 CAP.
2386 1099 2519 1154 XVI.
2555 1101 2638 1157 De
2659 1098 2874 1156 lotione
2885 1101 3120 1170 pedum.

1908 1183 2135 1241 Vers.3.
2159 1185 2356 1244 Sciens
2392 1203 2702 1245 —manus.
2732 1189 3055 1262 Tanquam
3077 1191 3496 1264 Filiolegitimo

1835 1278 1891 1330 et
1933 1276 2252 1344 unigenito.
2310 1280 2584 1336 Humano
2624 1286 2826 1336 autem
2857 1297 3024 1338 more
3071 1281 3254 1338 dixit:
3288 1283 3499 1339 Omnia

1836 1363 1995 1419 dedit
2024 1365 2138 1433 ipsi
2166 1367 2348 1423 Pater
2376 1368 2437 1422 in
2458 1383 2692 1434 manus,
2714 1368 3494 1442 Christumipsumimitans,

1836 1452 1939 1523 qui
1963 1451 2299 1526 frequenter
2327 1455 2668 1527 huiusmodi
2699 1457 2774 1514 de
2809 1474 2870 1514 se
2895 1459 3321 1531 dispensatorie
3350 1461 3498 1518 solet

1839 1543 2049 1607 dicere,
2085 1545 2237 1600 sicut
2264 1547 2444 1601 variis
2477 1547 2531 1600 in
2560 1547 2702 1602 locis
2753 1547 3034 1603 diximus.
3084 1549 3242 1605 Sicut
3293 1557 3496 1607 autem

1844 1634 2003 1688 Pater
2031 1633 2211 1688 tradit
2253 1635 2411 1699 Filio,
2469 1637 2554 1690 sic
2605 1642 2664 1691 et
2706 1635 2879 1692 Filius
2937 1637 3114 1693 Patri.
3188 1639 3277 1694 Ait
3334 1640 3494 1695 enim

131 1731 268 1785 Φησὶ
291 1728 394 1798 γὰρ
429 1723 648 1785 Παῦλος·
672 1721 830 1774 Ὀταν
864 1717 1086 1794 παραδῷ
1105 1725 1199 1778 τὴν
1232 1718 1504 1793 βασιλείαν
1525 1728 1596 1790 τῷ
1625 1723 1733 1789 Θεῷ

1868 1721 2094 1778 ’aulus:
2135 1723 2282 1779 Cum
2323 1724 2640 1780 tradiderit
2697 1739 2947 1796 regnum
2980 1729 3093 1784 Deo
3122 1733 3178 1784 et
3214 1729 3391 1785 Patri
3426 1729 3494 1783 “.

131 1821 220 1869 καὶ
254 1819 443 1888 Πατρί.

207 1908 309 1958 Καὶ
352 1934 422 1943 —
465 1903 674 1972 ὑπάγει.
730 1899 818 1960 Ὠς
863 1902 984 1960 Υἱὸς
1034 1906 1166 1952 Θεοῦ
1221 1903 1311 1951 καὶ
1366 1902 1506 1960 Θεός.
1567 1901 1734 1954 Φησὶν

133 1991 221 2047 οὖν
263 1996 347 2046 ότι
391 1988 539 2051 εἰδὼς
583 1989 761 2042 ἑαυτόν
807 1991 1219 2062 παντοκράτορα,
1268 1992 1358 2039 καὶ
1414 1989 1532 2038 Υἱόν
1579 1992 1734 2048 Θεοῦ,

132 2088 222 2136 καὶ
285 2083 551 2140 τοσαύτης
609 2082 698 2152 μεν
765 2076 1025 2144 ἔξουσίας,
1073 2076 1391 2136 τηλικαύτης
1447 2077 1506 2128 ὸε
1567 2074 1734 2140 ἀξίας,

135 2175 271 2244 ὅμως
324 2169 391 2230 εἰς
435 2170 599 2242 ἄκραν
643 2165 937 2238 συγκατέϐη
992 2171 1323 2218 ταπείνωσιν·
1357 2165 1467 2236 ἅμα
1516 2167 1604 2237 μὲν
1644 2168 1738 2221 τὴν

136 2262 207 2323 εἰς
221 2264 349 2321 τοὺς
371 2260 604 2332 μαθητὰς
622 2255 829 2328 ἀγάπην
849 2251 1250 2326 ἐνδείκνύμενος,
1271 2254 1380 2326 ἅμα
1402 2250 1460 2306 δε
1476 2248 1738 2305 παιδεύων

137 2351 326 2409 αὐτοὺς
356 2351 785 2418 ταπεινοφρονείν.

205 2441 496 2510 Ἐγείρεται
543 2466 611 2475 -
672 2436 873 2506 ἱμάτια.
935 2432 1012 2485 Οὐ
1066 2433 1254 2496 πάντα,
1288 2431 1414 2484 ἀλλὰ
1461 2433 1518 2484 τό
1557 2431 1739 2494 ἔξωθεν

138 2527 486 2602 περιϐόλαιον,
511 2525 539 2584 ᾖ
568 2527 657 2576 καὶ
699 2526 754 2575 τό
784 2522 892 2596 μετ’
931 2520 1112 2587 ἐκεῖνο,
1139 2525 1266 2595 πρός
1308 2525 1366 2573 τό
1407 2521 1520 2592 (86)
1553 2520 1743 2573 εὐστά-

135 2619 225 2678 λής
261 2614 411 2670 εἶναι.

213 2800 316 2849 Καὶ
362 2791 532 2845 λαϐὼν
585 2821 653 2831 -
706 2788 903 2843 ἑαυτόν.
949 2795 1033 2858 Τῷ
1088 2786 1264 2858 λεντίῳ
1325 2782 1572 2849 διέζωσεν
1631 2784 1744 2837 ἰαυ-

135 2887 227 2937 τὸν
279 2885 414 2957 πρός
468 2884 527 2933 τό
585 2879 866 2952 ἐκμάσσειν
924 2873 996 2930 δι’
1053 2876 1212 2928 αὐτοῦ
1260 2878 1376 2936 τοὺς
1421 2870 1593 2935 πόδας
1645 2882 1745 2926 τῶν

135 2975 481 3044 νιπτομένων.

1919 1898 2084 1955 Vers.
2111 1903 2160 1957 3.
2190 1901 2268 1957 Et
2299 1931 2368 1942 —
2388 1903 2518 1959 iret.
2547 1903 2849 1975 Tanquam
2876 1903 3056 1960 Filius
3099 1904 3194 1960 Dei
3229 1921 3295 1962 ac
3325 1906 3500 1962 Deus.

1847 1989 1936 2044 Ait
1963 2005 2104 2060 ergo
2166 2011 2178 2045 :
2231 1992 2434 2047 Sciens
2493 1992 2762 2064 seipsum
2810 1993 3278 2064 omnipotentem
3313 2010 3383 2050 ac
3408 1995 3506 2051 Dei

1851 2077 2091 2134 Filium:
2119 2079 2255 2134 licet
2287 2085 2465 2136 tantm
2496 2086 2654 2137 esset
2696 2081 2829 2153 (ΙιΙι)
2867 2083 3202 2153 potestatis,
3256 2083 3509 2157 talisque

1848 2166 2166 2237 dignitatis,
2196 2168 2273 2223 ad
2298 2173 2623 2224 extremam
2656 2175 2854 2226 tamen
2885 2170 3190 2226 descendit
3213 2171 3512 2228 humilita-

1850 2259 1985 2320 tem,
2021 2260 2146 2310 tum
2168 2255 2547 2312 dilectionem
2593 2272 2739 2327 erga
2796 2258 3125 2330 discipulos
3157 2261 3504 2324 ostendens,

1851 2348 1975 2398 tum
2003 2359 2107 2398 eos
2139 2343 2319 2398 animi
2350 2345 2708 2401 modestiam
2733 2345 3010 2402 edocens.

1923 2432 2082 2488 Vers.
2113 2433 2143 2486 4
2187 2431 2392 2504 Surgit
2434 2465 2503 2476 —
2540 2437 2904 2492 vestimenta.
2934 2439 3061 2491 Non
3117 2436 3347 2504 omnia,
3404 2437 3509 2494 sed

1851 2521 2198 2576 exteriorem
2275 2522 2584 2589 amictum,
2658 2529 2761 2580 aut
2841 2524 3017 2580 etiam
3071 2525 3506 2594 indumentum,

1851 2610 2015 2683 quod
2039 2611 2179 2666 vesti
2210 2610 2288 2666 illi
2319 2612 2586 2667 exteriori
2619 2612 2980 2677 adhaerebat,
3006 2629 3128 2685 quo
3155 2614 3512 2672 succinctior

1853 2704 2011 2754 esset
2031 2699 2110 2754 ad
2139 2699 2201 2754 id
2238 2699 2399 2770 quod
2427 2700 2619 2756 facere
2650 2702 2920 2771 parabat.

1926 2788 2086 2843 Vers.
2118 2790 2172 2842 4.
2220 2788 2481 2858 Cumque
2525 2788 2835 2859 accepisset
2891 2819 2960 2829 —
3012 2804 3086 2845 se.
3134 2788 3333 2846 Linteo
3382 2805 3512 2846 sese

1856 2876 2168 2948 prmeinxit
2193 2877 2270 2932 ad
2291 2876 2686 2945 extergendos
2715 2877 3104 2934 lavandorum
3134 2879 3342 2950 pedes.

212 3059 345 3115 Εἶτα
377 3089 441 3101 --
477 3065 726 3130 νιπτῆρα.
771 3056 937 3118 Αὐτὸς
985 3059 1074 3108 καὶ
1117 3057 1174 3107 τό
1205 3050 1348 3128 ὕδωρ
1378 3057 1625 3125 κομίσας,
1657 3056 1739 3104 καὶ

1929 3054 2099 3112 Vers.
2141 3053 2429 3112 5.Deir.dc
2473 3085 2541 3095 —
2582 3057 2821 3125 pelvim.
2877 3057 3007 3128 Ipse
3062 3055 3240 3112 etiam
3295 3071 3518 3128 aquam

138 3153 315 3204 πάντα
383 3151 515 3222 μετὰ
585 3148 762 3206 πάσης
835 3147 1132 3217 προθυμίας
1212 3141 1603 3216 αὐτουργῆσας,
1666 3143 1749 3193 ἶνα

137 3246 235 3292 καὶ
301 3241 447 3307 ἡμεῖς
505 3233 857 3294 διακονοῦντες
911 3236 1081 3286 πάντα
1149 3234 1280 3304 μετὰ
1333 3230 1506 3292 πάσης
1558 3233 1749 3306 προθυ-

137 3334 272 3403 μίας
349 3329 461 3398 (87)
531 3325 916 3398 αὖτουργῶριεν,
975 3322 1045 3385 εἰς
1124 3321 1311 3374 ἐκεῖνον
1365 3319 1746 3388 ἀποϐλέποντες,

842 3417 892 3465 τί
929 3413 1030 3484 γὰρ
1089 3413 1234 3483 ἡμεῖς
1291 3413 1414 3486 πρὸς
1451 3414 1538 3462 τὸν
1579 3415 1748 3478 Θεόν;

139 3511 219 3561 Τὸ
268 3509 449 3578 μέντοι
491 3504 701 3564 λέντιον,
729 3506 820 3552 καὶ
868 3504 953 3553 τόν
989 3509 1238 3573 νιπτῆρα,
1274 3504 1364 3552 καὶ
1408 3503 1500 3558 τὴν
1539 3495 1748 3574 ὑδρίαν,

141 3594 252 3647 ἀπὸ
305 3601 398 3644 τοῦ
455 3588 830 3644 οἰκοδεσπότου
893 3591 1098 3651 πάντως
1152 3587 1325 3642 ἂαϐεν
1377 3589 1447 3651 εἰς
1500 3593 1593 3646 τὴν
1637 3593 1756 3641 τότε

139 3691 374 3758 χρῆσιν.

139 3423 238 3470 καὶ
291 3421 364 3489 μὴ
408 3415 740 3487 ἐπαιρὼμεθα
773 3432 785 3444 ·

225 3865 328 3914 Καὶ
378 3889 444 3899 -
497 3861 703 3931 Πέτρον.
759 3856 900 3910 Ἐπεὶ
953 3855 1144 3931 ἤρξατο
1196 3860 1414 3920 νίπτειν,
1472 3851 1584 3907 εἶτα
1643 3850 1758 3912 ἦλθε

139 3953 281 4026 πρὸς
341 3953 426 4000 τὸν
478 3952 690 4021 Πέτρον,
745 3950 978 4017 φαίνεται
1046 3948 1126 3998 ότι
1182 3946 1295 4017 (88)
1344 3952 1547 4017 πρῶτον
1617 3942 1758 4012 ἔνιψε

141 4042 275 4098 τοὺς
351 4031 523 4098 πόδας
577 4042 667 4088 τοῦ
744 4033 1102 4110 Ἰσκαριώτου,
1156 4035 1268 4105 ἅμα
1338 4035 1428 4105 μεν
1489 4031 1758 4104 εὐεργετῶν

141 4129 287 4200 ἄχρι
321 4127 545 4178 Θανάτου
571 4128 658 4176 καὶ
707 4131 867 4196 τιμῶν
912 4127 999 4176 τόν
1051 4120 1318 4198 προδότην
1348 4122 1529 4187 αὐτοῦ,
1564 4123 1646 4172 ἵνα
1673 4123 1757 4171 καὶ

143 4220 308 4289 ἡμεῖς
360 4215 551 4286 ὁμοίως
596 4220 843 4285 ποιῶμεν,
872 4213 983 4284 οἶμα
1029 4208 1086 4264 δε
1116 4217 1205 4264 καὶ
1256 4209 1567 4283 βουλόμενος
1605 4209 1761 4261 αὐτόν

141 4310 535 4373 κατανυσγῆναι,
571 4309 788 4354 τοιαῦτα
848 4303 985 4353 κατὰ
1031 4307 1122 4354 τοῦ
1178 4303 1424 4353 ποιούτου
1476 4295 1762 4371 κηδεμόνος

145 4390 184 4446 δ
192 4409 544 4463 ιανοουμενον.

231 4485 335 4533 Καὶ
364 4510 429 4520 -
459 4475 664 4550 πόδας;
699 4483 764 4532 Σὺ
791 4480 816 4531 6
842 4481 959 4540 Υἱὸς
982 4487 1074 4532 τοῦ
1107 4479 1257 4533 ’Θεοῦ
1283 4497 1302 4551 ;
1342 4478 1630 4550 Εκπλαγεὶς
1660 4477 1762 4550 γὰρ

145 4567 268 4624 εἷπε
297 4575 477 4635 τοῦτο,
508 4573 598 4621 καὶ
622 4565 830 4641 σφόδρα
845 4567 1167 4631 εὐλαϐηθείς.

229 4747 518 4822 Ἀπεκρίθη
549 4776 618 4788 —-
643 4749 782 4822 ἄρτι.
808 4745 874 4798 Ὃ
921 4747 1022 4818 ἑγὼ
1061 4741 1308 4800 διδάσκω
1338 4741 1434 4798 διὰ
1460 4746 1644 4798 τούτου
1674 4750 1765 4797 τοῦ

142 4839 494 4917 πράγματος.

227 5045 280 5082 ⁸⁵
312 5041 499 5102 Matth
517 5058 679 5113 xxvx,
716 5045 804 5102 l3.
918 5041 1010 5098 “1
1043 5043 1170 5102 Cor.
1200 5056 1298 5112 xv,
1328 5041 1418 5098 24.

1858 3143 2099 3209 ferebat,
2154 3149 2209 3199 et
2263 3145 2541 3200 universa
2588 3161 2726 3200 cum
2807 3146 2974 3201 omni
3049 3145 3520 3218 promptitudine

1860 3232 2114 3304 propriis
2141 3232 2423 3288 manibus
2455 3232 2704 3289 faciebat
2752 3237 2812 3289 ut
2843 3239 2899 3289 et
2938 3248 3049 3289 nos
3090 3233 3518 3300 ministrantes,

1860 3325 2077 3378 cuncta
2106 3337 2243 3377 cum
2271 3321 2435 3377 omni
2467 3321 2941 3394 promptitudine
2966 3338 3073 3394 per
3101 3338 3212 3377 nos
3237 3322 3401 3394 ipsos
3437 3321 3521 3379 fa-

1860 3410 2113 3477 ciamus,
2199 3410 2261 3465 in
2335 3409 2504 3466 illum
2579 3411 3024 3482 respicientes:
3086 3427 3282 3483 neque
3340 3411 3520 3468 extol-

1861 3499 2056 3554 lamus
2109 3499 2298 3571 :quid
2343 3498 2501 3554 enim
2583 3514 2797 3554 sumus
2861 3514 2995 3565 nos,
3069 3500 3118 3554 si
3185 3499 3263 3556 ad
3340 3501 3518 3555 Deum

1862 3589 2245 3644 conferamur
2269 3587 2297 3642 ?
2331 3588 2596 3644 Linteum
2631 3587 2850 3660 itaque,
2884 3587 3104 3660 pelvim
3137 3603 3206 3644 ac
3237 3587 3517 3660 hydriam

1864 3694 1896 3732 a
1923 3676 2350 3749 patrefamilias
2379 3676 2584 3749 procul
2631 3676 2820 3732 dubio
2869 3677 2930 3733 in
2961 3693 3102 3734 eum
3157 3683 3297 3734 tunc
3337 3693 3518 3734 usum

1863 3768 2111 3840 accepit.

1939 3857 2101 3914 Vers.
2135 3860 2186 3911 5.
2216 3857 2293 3912 Et
2341 3886 2411 3898 —
2468 3856 2628 3912 Vers.
2688 3857 2745 3914 6.
2795 3856 3056 3912 Petrum.
3119 3855 3270 3921 Quia
3319 3855 3524 3913 lavare

1867 3947 2042 4015 erepit
2073 3959 2145 3999 ac
2200 3944 2578 4015 postmodum
2639 3944 2796 4000 venit
2833 3943 2910 3999 ad
2955 3947 3206 4010 Petrum,
3251 3950 3523 4016 apparet,

1866 4032 2032 4104 quod
2062 4031 2324 4103 primum
2357 4032 2560 4087 laverit
2608 4032 2786 4103 pedes
2839 4032 3158 4096 Iscariotaa,
3192 4033 3368 4087 simul
3397 4032 3528 4103 qui—

1869 4121 2008 4175 dem
2051 4119 2339 4175 beneﬁcio
2376 4119 2642 4175 afﬁciens
2687 4135 2758 4175 ac
2803 4119 3112 4176 honorans
3160 4119 3528 4190 proditorem

1871 4223 2044 4263 suum
2074 4223 2265 4280 usque
2295 4207 2370 4263 ad
2405 4213 2680 4273 mortem,
2717 4214 2782 4263 ut
2818 4211 2877 4263 et
2904 4223 3014 4263 nos
3055 4207 3323 4262 similiter
3352 4207 3530 4264 facia-

1872 4312 2026 4351 mus.
2089 4295 2276 4352 Simul
2321 4295 2501 4351 etiam
2556 4296 2886 4367 compungi
2937 4295 3141 4351 volens
3186 4294 3376 4361 illum,
3423 4294 3529 4367 qui

1872 4384 2010 4442 talia
2050 4385 2338 4440 adversus
2369 4383 2548 4440 talem
2585 4385 3043 4456 gubernatorem
3077 4384 3383 4453 cogitaret.

1943 4475 2109 4532 Vers.
2151 4479 2202 4530 6.
2234 4473 2314 4530 Et
2351 4504 2420 4516 ——
2445 4475 2621 4544 pedes
2654 4477 2682 4528 ?
2717 4476 2798 4529 'l‘u
2845 4473 2945 4546 qui
2978 4472 3151 4530 Filius
3184 4471 3288 4529 Dei
3321 4487 3386 4529 es
3408 4476 3437 4529 ?
3465 4475 3527 4530 In

1875 4568 2176 4635 stuporem
2215 4579 2423 4618 versus
2476 4561 2592 4618 hoc
2640 4561 2800 4627 dixit,
2848 4577 2919 4619 ac
2962 4561 3340 4618 vehementer
3386 4577 3526 4619 cum

1873 4652 2204 4710 reverentia
2225 4652 2466 4708 veritus.

1949 4743 2108 4799 Vers.
2160 4747 2215 4799 7.
2255 4741 2575 4813 Respondit
2620 4772 2685 4785 ——
2723 4739 2914 4798 modo.
2958 4739 3129 4807 Quod
3157 4757 3269 4814 ego
3321 4741 3436 4800 hac
3463 4756 3528 4801 re

1874 4832 2085 4890 doceo.

1399 5217 1624 5289 Variae
1643 5215 1975 5288 lectiones
2005 5224 2072 5288 et
2103 5226 2303 5287 notae.

259 5416 631 5490 86)Εῦσταλές
661 5421 722 5475 Α.

259 5420 631 5490 86)Εῦσταλίς
661 5421 722 5475 Α.

226 5420 688 5564 ἕδηΔὼόυργίας
718 5497 786 5546 Λ.

1881 5415 2068 5543 Ηὲϐἳ
2095 5412 2192 5472 Est
2228 5413 2354 5472 haec
2410 5412 2822 5486 Chrysostomi
2859 5413 3080 5486 opinio,
3115 5416 3258 5470 tom.
3300 5407 3439 5483 Vill,
3469 5426 3538 5488 ρ.

235 5669 374 5747 (hh)
413 5667 576 5729 Licet
591 5700 658 5714 -—
683 5676 845 5729 esset.
869 5666 936 5728 In
966 5672 1166 5729 Greco
1188 5673 1420 5730 tantum
1444 5673 1554 5738 est,
1577 5683 1648 5728 ac
1669 5671 1850 5728 tanta
1864 5666 2176 5744 potestatit.
