4022 6232
614 213 749 268 1379

1909 190 2262 253 EUTHYMII
2304 186 2629 250 ZIGABENI
3746 210 3842 265 1380

679 337 842 393 Vers.
868 336 919 390 6.
946 332 1109 390 Scies
1136 332 1335 386 autem
1360 330 1584 397 postea.
1639 323 1891 390 Quando
1933 323 2049 379 hoc
2075 322 2261 378 mani-

2453 326 2631 393 Γνώσῃ
2722 315 2781 372 δί
2848 321 2975 392 μετὰ
3053 327 3240 379 ταῦτα.
3297 322 3410 377 Ὅτε
3469 332 3701 399 φανερώσει»
3747 335 3841 385 αὖτε·

610 428 920 483 festavero.
988 425 1135 476 Nam
1168 416 1343 489 paulo
1384 420 1522 486 post
1570 414 1644 470 de
1672 414 1784 469 hoc
1815 413 2078 468 dicturus
2132 414 2261 466 est:

612 516 680 573 Si
712 530 817 583 ego
869 510 990 568 lavi
1044 515 1255 564 vestros
1301 504 1471 574 pedes
1526 505 1813 559 Dominus
1862 509 1914 557 et
1959 501 2262 569 Magister,

614 612 665 660 et
689 619 783 660 vos
805 600 1023 657 debetis
1048 599 1295 651 invicem
1332 595 1441 649 alii
1478 594 1735 649 aliorum
1758 595 1962 648 lavare
1979 591 2153 660 pedes
2194 592 2261 642 ετ.

613 692 710 747 Vel
802 690 952 743 scies
1009 692 1235 758 postea,
1292 700 1427 737 cum
1490 698 1584 737 me
1650 682 1867 736 videris
1920 680 1981 734 in
2047 679 2263 733 coelum

612 782 1015 850 assumptum,
1048 792 1183 829 cum
1218 773 1439 827 venerit
1484 786 1659 842 super
1712 786 1815 824 vos
1867 768 2203 823 Paracletus
2249 782 2260 819 :

612 875 753 926 tunc
802 868 952 923 enim
1015 865 1183 932 scies,
1234 860 1426 930 qualis
1479 860 1654 931 quale
1715 857 1955 914 fecerim
2011 873 2165 927 Opus
2211 861 2266 911 et

612 973 818 1032 quare.

684 1047 843 1100 Vers.
882 1047 933 1097 8.
978 1043 1076 1096 Ait
1131 1071 1196 1079 —
1254 1046 1556 1094 aternum.
1594 1036 1713 1091 Hoc
1770 1039 1876 1100 est,
1910 1050 2262 1113 nunquam;

617 1132 997 1193 asseverabat
1032 1128 1195 1185 enim
1233 1128 1539 1181 honorans
1595 1126 1758 1180 illum
1811 1140 1880 1180 ac
1946 1139 2258 1179 venerans.

684 1224 850 1279 Vers.
893 1224 947 1276 8.
969 1219 1285 1287 Respondit
1313 1248 1379 1255 -—
1407 1216 1565 1270 Veis.
1611 1214 1663 1267 9.
1694 1218 1890 1283 caput.
1923 1215 2049 1268 Non
2097 1212 2263 1275 dixit,

617 1329 803 1385 quam
830 1310 1169 1365 obcausam
1202 1307 1313 1361 hoc
1339 1305 1573 1367 faceret,
1611 1303 1800 1357 sciens
1826 1301 1905 1357 illi
1953 1318 2073 1357 non
2089 1316 2265 1372 posse

618 1418 687 1457 eo
715 1400 895 1456 modo
927 1396 1283 1469 persuaderi,
1330 1394 1435 1448 sed
1469 1392 1667 1464 potius
1695 1393 1883 1461 magis
1907 1396 2265 1461 repugnatu-

612 1508 745 1546 rum
778 1506 791 1554 ;
826 1488 929 1542 sed
956 1502 1092 1542 cum
1144 1501 1265 1556 pra:
1297 1483 1479 1537 nimio
1524 1498 1728 1535 amore
1760 1484 2139 1551 repugnaret,
2194 1494 2265 1533 ex

617 1581 731 1635 hoc
765 1578 843 1632 illi
871 1574 1193 1647 persuadet
1234 1590 1244 1625 :
1292 1573 1693 1625 comminatus
1725 1585 1987 1641 namque
2026 1567 2265 1623 excisio-

2381 411 2493 462 Οὐκ
2545 410 2611 470 εἰς
2666 413 2870 481 μακρὰν
2926 411 3028 481 γὰρ
3084 409 3185 485 ἐρεῖ
3222 419 3335 486 περὶ
3379 418 3546 467 τούτου
3590 419 3671 472 ότι.
3711 421 3754 474 Ei
3786 423 3844 493 ἐτι.

2377 498 2530 570 ἔνιψα
2582 501 2723 571 ὑμῶν
2779 501 2895 557 τοὺς
2951 495 3137 565 πόδας,
3185 502 3209 551 ὁ
3253 506 3431 576 Κύριος
3478 511 3551 556 xui
3604 507 3624 557 ὁ
3672 504 3850 564 διδάσκο-

2375 588 2476 656 λος,
2564 593 2655 639 καὶ
2738 589 2885 658 ὑμεῖς
2970 588 3186 659 ὀφείλετε
3277 590 3489 649 ἀλλήλων
3565 600 3720 647 νίπτειν
3776 606 3850 659 τοὺς

2375 674 2546 737 πόδας
2595 682 2685 728 καί
2728 679 2794 728 τὰ
2831 677 2962 739 ἑξῆς
3015 678 3043 735 ἦ
3098 686 3273 751 γνώσῃ
3326 685 3448 753 μετα
3490 691 3650 747 ταῦτα,
3685 688 3773 737 ὅταν
3817 711 3851 741 ui

2374 764 2498 839 ἴδῃς
2543 765 3023 838 ἁναλαμϐανόμενον
3066 768 3135 828 εἰς
3193 773 3278 819 τόν
3332 770 3547 843 οὐρανόν,
3603 775 3701 824 όταν
3734 775 3851 831 ἑλεσιὸ

2377 855 2623 930 Παράκλη
2634 875 2715 917 τος
2737 855 2812 927 ἐφ’
2852 857 3005 927 ὑμᾶς’
3035 860 3145 908 τότε
3174 860 3272 932 γὰρ
3294 866 3461 933 ’γνώσῃ
3487 860 3638 922 ἡλίκος
3662 863 3715 913 ὧν
3736 863 3853 921 ἡλίκον

2375 948 2520 1018 ἔργον
2560 943 2785 1002 ἐποίησα
2809 950 2897 996 καὶ
2930 941 3097 999 διατι.

2446 1039 2600 1104 Λέγει
2630 1066 2698 1074 —-
2730 1034 2909 1088 αἰῶνα.
2961 1065 3030 1074 --
3080 1036 3164 1096 Εἰς
3209 1037 3292 1088 τὸν
3323 1038 3490 1109 αἰῶνα,
3522 1038 3618 1091 ὼντὶ
3657 1048 3729 1091 τοῦ
3756 1047 3854 1093 Πιτέ·

2378 1121 2781 1196 διισχυρίζεται
2808 1126 2909 1198 γὰρ
2942 1132 3103 1195 τιμῶν
3136 1124 3291 1177 αὑτὸν
3311 1132 3397 1178 xui
3420 1126 3524 1179 λίαν
3552 1126 3807 1200 αἰδούμενος.

2447 1213 2729 1286 Ἀπεκρίθη
2787 1244 2854 1253 --
2907 1219 3144 1282 κεφαλήν.
3202 1215 3311 1266 Οὐκ
3376 1216 3475 1267 εἶπε
3525 1220 3603 1288 μὲν
3648 1224 3755 1278 τίνος
3794 1221 3859 1271 Qua-
3948 1248 3949 1285 ι

2376 1321 2459 1353 κεν
2495 1308 2647 1353 τοῦτο
2681 1308 2836 1367 ποιεῖ,
2886 1308 3155 1373 γινώσκων
3214 1304 3366 1356 αὑτὸν
3425 1312 3491 1377 μή
3545 1310 3859 1380 nudandam:

2378 1390 2478 1442 ἀπὸ
2553 1392 2762 1455 τούτου,
2819 1389 3008 1461 μᾶλλον
3074 1395 3163 1463 μὲν
3215 1389 3301 1443 οὖν
3368 1393 3450 1445 ἐπὶ
3500 1395 3629 1447 πλέον
3688 1395 3857 1453 ὶνστζσο-

2376 1496 2541 1551 μενον·
2600 1477 2707 1530 ἐπεὶ
2766 1474 2823 1531 δὲ
2882 1479 2981 1531 ἀπὸ
3050 1481 3241 1543 πολλῆς
3299 1482 3501 1554 ἀγάπης
3562 1481 3861 1557 augustius.

2378 1568 2478 1619 ἀπὸ
2538 1570 2733 1628 ταύτης
2791 1568 2945 1620 αὑτὸν
2998 1571 3184 1622 πείθει.
3226 1570 3527 1631 Ἀπειλησας
3558 1576 3645 1646 ’γὰρ
3684 1577 3861 1624 Statum

619 1685 779 1728 nem,
836 1666 1098 1737 protinus
1152 1679 1290 1717 eum
1344 1661 1669 1723 inclinavit,
1715 1659 1988 1729 fecitque,
2053 1664 2114 1712 ut
2169 1656 2261 1711 ille

2378 1657 2559 1722 αὑτῆς,
2627 1656 2818 1708 αὐτίκα
2866 1664 3047 1709 τοῦτον
3112 1659 3391 1730 ὑποκλὶνιι,
3452 1666 3535 1712 xui
3588 1666 3705 1714 ποιεῖ
3738 1662 3862 1733 μῶᾇω

619 1757 875 1828 amplius
901 1760 1076 1825 petat,
1106 1768 1289 1822 quam
1334 1750 1494 1820 prius
1535 1749 1612 1803 ab
1662 1765 1731 1802 eo
1778 1749 2088 1818 petebatur
2142 1763 2154 1801 :
2207 1750 2265 1800 et

618 1851 851 1902 tantum
886 1861 947 1898 se
974 1840 1180 1896 offerat
1210 1842 1287 1894 ad
1314 1839 1372 1893 id
1404 1837 1796 1893 ministerium
1824 1835 2259 1907 perferendum,

610 1939 896 2007 quantum
930 1931 1090 2003 prius
1130 1930 1205 1984 ad
1239 1929 1720 1999 repugnandum,
1758 1926 1876 1979 imo
1922 1926 2100 1979 etiam
2130 1941 2262 1979 am-

619 2023 791 2097 plius.
811 2023 944 2077 Non
971 2026 1222 2083 tantum,
1248 2018 1457 2087 inquit,
1474 2016 1662 2086 pedes,
1683 2016 1782 2069 sed
1803 2020 1854 2069 et
1873 2030 2077 2069 manus
2098 2020 2150 2069 et
2168 2027 2261 2068 ca-

610 2119 719 2183 put
753 2129 769 2165 :
796 2112 878 2165 ita
904 2110 1089 2164 nimia
1127 2108 1438 2162 dilectione
1460 2111 1514 2160 et
1546 2107 1805 2176 primum
1832 2102 2180 2167 obsistebat,
2211 2108 2265 2156 et

614 2199 1005 2273 postmodum
1038 2195 1422 2251 concedebat.

688 2291 845 2343 Vers.
881 2290 966 2341 10.
997 2285 1165 2341 Discit
1199 2315 1263 2323 —
1290 2286 1445 2339 estis.
1471 2286 1548 2337 Ne
1572 2282 1956 2353 opinarentur
1980 2280 2265 2336 lotionem

611 2377 787 2440 hanc,
816 2374 1291 2446 puriﬁcationem
1320 2372 1648 2445 quamdam
1682 2388 1833 2435 esse,
1865 2370 2043 2442 quale
2076 2376 2132 2425 et
2156 2370 2262 2424 ba-

612 2466 854 2538 ptisma,
892 2462 1246 2533 hujusmodt
1284 2462 1625 2533 opinionem
1653 2459 2061 2529 exemplariter
2092 2458 2264 2513 solvit

613 2554 820 2609 dicens
854 2571 869 2609 :
912 2554 1021 2618 Qui
1041 2552 1192 2607 lotus
1222 2557 1327 2617 est,
1352 2566 1471 2605 non
1497 2550 1720 2619 indiget
1741 2549 1956 2616 lavari,
1980 2548 2093 2602 nisi
2111 2548 2265 2602 sotos

606 2644 800 2714 pedes,
859 2642 1078 2714 quibus
1120 2638 1407 2709 calcando
1463 2638 1764 2693 lavacrum
1807 2638 2128 2707 egreditur,
2162 2635 2266 2689 sed

611 2738 700 2789 est
737 2731 999 2787 mundus
1032 2735 1207 2795 totus,
1242 2734 1442 2799 utpote
1468 2728 1592 2798 jam
1615 2727 1788 2782 lotus.
1823 2728 1896 2781 Et
1940 2742 2028 2783 vos
2059 2725 2265 2781 mundi

613 2824 765 2889 estis,
791 2836 1005 2893 nempe
1045 2819 1315 2874 mundati
1361 2819 1489 2886 jam
1548 2833 1651 2887 per
1698 2817 2049 2879 doctrinam,
2081 2831 2263 2886 quam

616 2926 721 2967 vos
759 2911 957 2973 docui,
995 2914 1050 2965 et
1087 2908 1319 2979 abjecta
1367 2907 1528 2961 omni
1562 2906 1841 2977 pravitate
1896 2921 1965 2960 ac
2015 2902 2261 2960 malitia.

683 3090 831 3144 Nam
856 3092 910 3142 et
941 3086 1402 3157 Cbrysostomus
1450 3083 1845 3153 interpretans
1872 3081 2035 3147 illud,
2063 3082 2141 3137 Et
2168 3099 2260 3138 vos

613 3179 813 3236 mundi
836 3180 994 3246 estis,
1022 3179 1103 3233 ait
1125 3178 1299 3232 etiam
1332 3176 1631 3245 adjectum
1658 3190 1809 3240 esse,
1865 3175 2107 3246 Propter
2148 3191 2263 3230 ser-

609 3286 855 3325 monem
886 3284 1068 3341 quem
1094 3268 1329 3322 locutus
1357 3282 1488 3319 sum
1524 3264 1712 3320 vobis.
1742 3264 1945 3335 Itaque
1993 3264 2265 3320 doctrina

610 3374 733 3414 non
763 3374 917 3430 opus
948 3362 1039 3411 est
1061 3355 1243 3423 vobis,
1279 3359 1343 3408 ut
1371 3352 1741 3408 mundemini
1788 3352 1858 3406 ab
1912 3352 2001 3407 bis
2050 3354 2263 3424 quibus

604 3448 732 3518 jam
761 3446 1069 3503 emundati
1097 3444 1253 3507 estis,
1280 3442 1391 3497 nisi
1425 3449 1485 3497 ut
1511 3442 1650 3497 solis
1684 3442 1937 3513 pedibus
1963 3442 2259 3507 lavemini,

612 3542 848 3608 propter
867 3550 1135 3599 causam,
1151 3548 1335 3604 quam
1350 3547 1508 3586 nunc
1521 3547 1639 3586 non
1656 3531 1835 3598 scitis,
1852 3531 2044 3586 scietis
2063 3536 2261 3587 autem

658 3630 843 3681 ostea.

612 3641 843 3696 postea.

684 3712 1086 3767 Vers.iO.Sed
1106 3727 1223 3766 non
1258 3726 1471 3765 omnes.
1510 3713 1627 3764 Non
1647 3725 1856 3765 omnes
1873 3710 2079 3765 mundi
2103 3712 2260 3766 estis.

686 3802 845 3856 Vers.
908 3806 991 3855 11.
1050 3800 1267 3855 Sciebat
1322 3830 1388 3839 —
1442 3799 1592 3854 estis.
1637 3802 1887 3854 Noverat
1941 3815 2099 3866 eum,
2159 3800 2263 3872 qui

574 3950 579 3957 ,
612 3890 1015 3964 praecipitatus
1041 3894 1097 3944 et
1126 3887 1569 3943 contaminatus
1600 3894 1740 3942 erat.

686 3971 846 4025 Vers.
884 3970 963 4024 12.
992 3969 1132 4025 Cum
1174 4001 1242 4008 —
1284 3968 1491 4024 vobis?
1538 3972 1877 4037 lgnorantes
1917 3968 2259 4037 interrogat,

612 4076 735 4133 quo
782 4059 1119 4115 attentiores
1162 4056 1373 4113 reddat
1415 4073 1426 4110 :
1474 4073 1618 4113 nam
1668 4064 1987 4130 postquam
2042 4058 2261 4114 factum

568 4204 573 4209 .
612 4155 717 4218 est,
745 4148 869 4207 vult
908 4165 1067 4203 nunc
1097 4147 1309 4204 docere
1340 4147 1503 4219 quod
1536 4148 1906 4217 ignorabant.

684 4240 844 4295 Vers.
894 4238 978 4293 t3.
1036 4238 1140 4293 Vos
1185 4268 1252 4275 —
1304 4236 1537 4292 etenim.
1595 4238 1736 4290 Sum
1784 4236 1912 4301 ista,
1976 4242 2263 4308 tanquam

612 4330 787 4399 Deus.
818 4331 965 4383 Nam
1000 4343 1135 4381 cum
1176 4325 1483 4397 discipulis
1525 4326 1776 4396 loquens
1829 4342 1956 4379 sese
2023 4326 2259 4395 detegit.

616 4419 827 4475 Dicens
856 4418 1093 4489 itaque:
1120 4416 1227 4469 Vos
1255 4414 1447 4470 dicitis
1474 4430 1488 4480 ;
1517 4430 1619 4468 vos
1661 4431 1754 4468 me
1786 4414 1865 4468 ita
1898 4414 2209 4486 appellatis
2247 4432 2257 4468 :

617 4524 957 4564 sermonem
1021 4504 1246 4561 invidia
1304 4519 1505 4559 carere
1552 4503 1706 4557 fecit.
1768 4504 2008 4557 Addens
2061 4510 2259 4559 autem

615 4597 772 4662 Sum,
794 4593 1139 4666 hujusmodi
1162 4592 1537 4649 conﬁrmavit
1568 4591 2019 4665 appellationes,
2049 4610 2156 4648 nec
2183 4593 2258 4649 ad

614 4686 891 4756 gratiam,
925 4685 1030 4740 sed
1070 4687 1310 4756 pr0pter
1340 4682 1647 4737 veritatem
1678 4682 1863 4738 dictas
1896 4683 2259 4739 demonstra-

615 4774 720 4832 vit.
749 4775 879 4831 Jam
905 4788 1046 4843 ergo
1072 4772 1207 4827 hinc
1234 4770 1687 4829 ratiocinemini.

689 5044 736 5083 ⁸⁷
774 5042 948 5100 Joan.
975 5058 1094 5111 xm,
1118 5042 1207 5102 14.

2378 1751 2536 1797 αἰτεῖν
2570 1747 2595 1797 ὅ
2653 1746 2767 1815 (89)
2800 1751 2919 1818 πρὶν
2974 1755 3275 1818 παρητεῖτο,
3336 1754 3425 1800 xui
3471 1754 3695 1807 τοσαύτην
3730 1753 3863 1802 ἱκεσίαν

2375 1835 2623 1909 εἰσφέρειν
2686 1836 2813 1891 ὅσην
2869 1840 3113 1910 πρότερον
3168 1837 3416 1910 εἰσέφερεν
3459 1840 3691 1903 ἔνστασιν,
3737 1838 3864 1910 μᾶλλον
3950 1890 3951 1897 γ

2376 1921 2433 1976 δέ
2489 1928 2578 1975 xui
2621 1923 2847 1977 πλείονα.
2907 1927 2986 1981 Μὴ
3039 1930 3155 1985 τοὺς
3192 1923 3366 1989 πόδας
3413 1931 3529 2002 γὰρ,
3580 1934 3704 1999 emi,
3747 1932 3865 1998 μόνον,

2374 2010 2503 2062 ἀλλὰ
2572 2018 2662 2063 xui
2718 2016 2809 2074 τὰς
2856 2021 3037 2086 χεῖρας
3090 2020 3178 2067 xui
3229 2020 3326 2074 τήν
3377 2016 3603 2089 κεφαλήν.
3654 2017 3772 2069 Οὕτω
3822 2012 3864 2065 δι’

2374 2100 2656 2175 ὑπερϐολὴν
2712 2100 2921 2173 ἀγάπης
2970 2108 3059 2155 xui
3117 2114 3322 2177 πρῶτον
3382 2106 3572 2171 ἐνέστη,
3606 2112 3680 2157 καὶ
3719 2106 3868 2174 ὕστερον

2375 2186 2607 2245 ἐνέδωκε.

2448 2283 2595 2350 Λέγει
2643 2310 2711 2318 -
2766 2278 2900 2332 ἐστι.
2950 2280 3059 2333 Ἰνα
3104 2286 3175 2353 μὴ
3230 2282 3549 2336 ὑπολάϐωσιν
3598 2286 3665 2335 ὅτι
3711 2285 3733 2339 ἡ
3778 2282 3871 2349 viii;

2377 2368 2507 2425 αὕτη
2571 2370 2858 2443 καθάρσιόν
2908 2390 2956 2421 τι
3011 2369 3172 2437 ἐστιν,
3249 2374 3358 2424 οἷον
3413 2379 3498 2425 καὶ
3548 2378 3597 2425 τό
3651 2371 3870 2444 βάπτισμα,

2374 2456 2480 2508 λύει
2533 2462 2625 2515 τὴν
2702 2461 2946 2517 τοιαύτην
3024 2460 3251 2531 ὑποψίαν
3322 2459 3779 2534 παραδιιγματικών,
3824 2459 3873 2510 δτι

2373 2546 2430 2597 Ὀ
2480 2546 2771 2619 λελουμένος
2825 2549 2882 2599 οὗ
2950 2550 3146 2620 χρῄζει
3212 2550 3522 2615 λούσασθαι,
3577 2551 3613 2602 εἰ
3679 2554 3736 2621 μὴ
3794 2552 3872 2605 τοὺς

2376 2632 2544 2697 πόδας
2606 2635 2864 2707 τὶψασθαι
2922 2657 3131 2709 μόνους,
3193 2636 3339 2691 διότι
3412 2643 3599 2701 τούτοις
3660 2646 3872 2712 περιπεσών

2375 2725 2534 2787 ἔξεισι
2572 2734 2663 2776 τοῦ
2714 2726 2948 2799 λουτροῦ·
3004 2725 3113 2779 ἀλλ’
3145 2730 3258 2779 ἔστι
3314 2732 3536 2803 καθαρός
3582 2728 3769 2793 ῶ.ος,ὠς
3804 2722 3869 2781 iis

2373 2812 2682 2885 λελουμένος.

3482 2818 3606 2883 ἐστι,
3686 2820 3741 2877 ὡς
3803 2811 3871 2871 ξεῖ

2373 2905 2767 2974 καθαρισθέντες
2818 2906 2918 2956 ὑπὸ
2950 2914 3043 2967 τῆς
3076 2902 3431 2967 διδασκαλίας
3460 2911 3516 2965 ἡν
3546 2904 3737 2967 ἐδίδαξα
3767 2906 3871 2974 ὑμᾶς.

2775 2821 2874 2867 Καὶ
2954 2818 3102 2888 ὑμεῖς
3191 2820 3390 2892 καθαρί

2374 2996 2462 3043 xui
2486 2992 2726 3066 ῥιψαντες
2764 2999 2937 3045 πᾶσαν
2967 2998 3152 3045 κακίαν
3178 3000 3266 3048 xui
3302 3001 3564 3069 πονηρίαν.

2442 3082 2759 3156 Ἐρμηνεύων
2814 3086 2914 3156 ’γὰρ
2975 3086 2999 3135 ὁ
3075 3091 3453 3159 Χρυσόστομος
3524 3090 3597 3138 τό·
3661 3089 3742 3137 Καὶ
3780 3084 3875 3152 ὑμεῖς

2372 3174 2590 3245 καθαροί
2636 3170 2766 3224 ἐστι·
2822 3176 3169 3247 προσκεῖσθαι
3222 3176 3344 3246 (90)
3397 3176 3526 3247 λέγει
3575 3180 3650 3227 xui
3704 3175 3765 3223 τὸ·
3816 3170 3876 3221 Διὶ

2370 3264 2455 3311 τὸν
2507 3260 2655 3331 λόγον
2724 3262 2776 3312 ὃν
2822 3260 3078 3321 λελάληκα
3132 3266 3272 3335 ὑμῖν,
3332 3269 3493 3317 εῖτουν
3543 3270 3626 3322 τὴν
3689 3258 3877 3313 διδασκα-

2371 3348 2505 3403 λίαν.
2576 3350 2650 3401 Οὐ
2698 3354 2923 3424 χρῄζετε
2993 3348 3078 3403 οὖν
3146 3355 3535 3427 καθαρισθῆναι
3588 3354 3647 3402 ὧν
3709 3349 3877 3417 ἐκαθαρί-

2376 3440 2553 3505 σϐητε,
2615 3439 2771 3511 εἰμὴ
2848 3444 2971 3502 τοὺς
3034 3438 3207 3504 πόδας
3282 3443 3541 3513 νίψασθαι
3606 3446 3773 3513 μόνους,
3819 3432 3880 3487 διὰ

2371 3533 2591 3599 πρᾶγμα
2658 3528 2683 3579 ὃ
2751 3528 2845 3580 oz’ix
2908 3526 3085 3581 οἶδατί
3153 3532 3299 3604 ἄρτι,
3387 3532 3636 3603 ’γνώσεσθε
3700 3525 3748 3579 δι
3792 3526 3879 3595 μετά

2369 3635 2549 3670 ταυτα.

2444 3704 2577 3757 Ἀλλ’
2605 3706 2732 3778 οὐχὶ
2764 3710 2969 3769 πάντες.
2996 3708 3071 3759 Οὑ
3114 3710 3292 3769 πάντες
3321 3712 3537 3783 καθαροί
3565 3709 3679 3762 ἔστι.

2442 3792 2599 3868 "lida
2640 3827 2705 3836 —
2758 3794 2892 3850 ἐστι.
2946 3793 3102 3871 ’ᾘδιι
3162 3798 3319 3850 αὑτὸν
3374 3798 3797 3872 ἐκτραχηλισθέντα
3821 3800 3879 3846 καὶ

2370 3883 2689 3958 ῥυπωθέντα.

2442 3972 2567 4025 Ὀτι
2622 4005 2690 4015 —
2717 3971 2835 4046 ὑμῖν
2867 3989 2880 4041 ;
2931 3975 3130 4049 Ἐρωτᾴ
3160 3976 3487 4048 ἀγνοοῦντας,
3522 3981 3598 4030 ἶνα
3625 3974 3808 4048 dir/sip;
3838 3969 3879 4027 εἰς

2370 4068 2667 4137 προσοχὴν.
2700 4066 2845 4116 Μετὰ
2872 4068 2969 4137 γὰρ
3001 4068 3059 4118 τό
3085 4074 3332 4135 ποιῆσαι,
3359 4068 3533 4121 λοιπόν
3555 4067 3760 4141 βούλεται
3776 4058 3877 4115 iii:-

2373 4151 2459 4214 ξαι
2487 4155 2544 4203 τό
2576 4151 2928 4224 ἀγνοοόμενον.

2441 4240 2609 4312 Ὑμεῖς
2661 4273 2728 4280 -—
2784 4244 2907 4313 γάρ.
2964 4242 3083 4313 Εἰμὶ
3129 4252 3318 4310 ταῦτα,
3372 4248 3442 4308 ὡς
3495 4242 3875 4317 Θεός.11ρὸςτείλς

2372 4332 2613 4401 μαθητὰς
2715 4332 2816 4403 γὰρ
2901 4327 3262 4403 διαλεγόμενος
3352 4334 3646 4386 ἔκκαλὺπτιι
3736 4329 3870 4381 iure).

2372 4420 2539 4471 Εἰπὼν
2596 4421 2685 4490 μὶν
2766 4416 2853 4470 οὖν
2926 4422 3003 4471 ὅτι
3054 4420 3219 4491 Ὑμεῖς
3276 4430 3489 4495 φωνεῖτέ
3534 4441 3611 4495 με,
3654 4425 3770 4492 ὑμεῖς
3817 4434 3869 4463 υ·

2370 4508 2499 4559 λείτε
2550 4526 2612 4579 με
2664 4507 2839 4573 οὕτως,
2870 4506 3139 4580 ἀνεπαχθῆ
3191 4515 3274 4563 τόν
3332 4513 3483 4583 λόγον
3545 4512 3739 4567 ἐποίησε·
3770 4517 3871 4577 ﬁssa"

2373 4600 2475 4656 θεὶς
2534 4593 2592 4647 δὲ
2645 4598 2723 4647 ὅτι
2754 4596 2896 4669 Εἰμὶ,
2953 4595 3229 4651 ἐϐεϐαίωσέ
3276 4618 3333 4653 τε
3378 4604 3470 4662 τὰς
3511 4604 3721 4657 τοιαύτας
3743 4609 3870 4667 προτε-

2368 4689 2545 4756 γορίας
2600 4690 2689 4737 xui
2738 4689 2808 4756 μὴ
2844 4689 2968 4758 πρὸς
3019 4684 3200 4759 χάριν,
3244 4686 3375 4741 ἀλλὰ
3434 4694 3560 4762 πρὸς
3602 4687 3792 4743 ἀλήθειαν
3818 4678 3867 4727 λι·

2368 4778 2584 4846 ’νομένας
2639 4770 2893 4837 ἀπέδειξε.
2962 4779 3157 4829 Λοιπὸν
3209 4781 3381 4831 τοίνυν
3452 4777 3658 4832 ἐντεῦθεν
3708 4769 3865 4837 alio?“

2372 4864 2536 4925 ζεται.

1796 5164 2036 5245 ,Variae
2076 5168 2402 5240 lectiones
2442 5179 2507 5239 et
2540 5179 2757 5240 notae.

684 5364 802 5441 (89)
842 5365 911 5441 ΤΗ
942 5369 1063 5441 πρὶν
1088 5367 1460 5441 παραιτεῖσθαι
1488 5371 1550 5419 Δ.

684 5366 802 5512 (ὃθζ
846 5366 911 5420 Ἦ
942 5369 1063 5441 πρὶν
1088 5367 1460 5440 παραιτεῖσθαι
1488 5371 1550 5419 Δ.

683 5443 777 5509 (90
827 5439 1127 5512 Cbrysost.
1158 5447 1300 5494 tom.
1332 5439 1468 5505 VIII,
1498 5455 1561 5509 p.
1593 5441 1694 5493 416
1722 5437 1782 5493 B.
1808 5454 1923 5493 nou
1954 5438 2111 5512 dicit,
2136 5438 2258 5494 11286

610 5510 978 5586 προσκεῖσθαι,
1009 5510 1114 5586 sed
1165 5526 1235 5565 ea
1288 5512 1702 5586 explicationis
1739 5528 1921 5565 causa
1956 5511 2145 5586 infert
2188 5526 2257 5586 ei;

608 5580 783 5653 Joan.
816 5600 912 5659 xv,
956 5586 1007 5640 3.
1052 5582 1205 5639 Dum
1244 5596 1387 5654 ergo
1425 5580 1611 5653 addit,
1654 5583 1881 5638 videtur
1933 5582 2149 5654 dicere,
2197 5580 2259 5639 id

2368 5368 2883 5441 Ttpoa’xdt‘reat._Aut
2927 5384 2999 5423 ex
3050 5366 3344 5441 vocabulo
3404 5362 3732 5441 inviam/tr}?
3754 5353 3863 5441 θθῖξῗζ

2369 5432 2450 5505 git
2484 5439 2852 5511 Euthymius,
2895 5454 3014 5511 quo
3046 5444 3245 5495 tamen
3276 5440 3441 5496 haud
3467 5432 3613 5496 adeo
3646 5432 3862 5502 diligam

2369 5511 2566 5579 utitur,
2603 5518 2664 5567 ut
2692 5526 2762 5566 ex
2796 5511 2998 5567 multis
3028 5511 3311 5585 exemplis
3335 5517 3584 5569 constat.
