4022 6232
168 219 282 278 1381

1203 205 1571 272 COMMEN'I‘.
1615 202 1682 272 1N
1721 202 2076 273 JOANNEM.
2109 250 2176 258 -
2203 205 2356 274 CAP.
2389 211 2534 275 xm.

234 345 282 397 Εἰ
305 374 367 386 -
389 340 583 406 πόδας.
620 344 728 396 Οὐκ
766 362 900 396 ειπεν
932 345 1012 394 ὅτι
1045 343 1158 394 Ἐὰν
1315 343 1341 393 6
1367 345 1519 414 φύσει
1552 344 1736 415 Κύριος
1769 345 1811 395 Α

163 433 301 504 ἔνιψα
325 435 463 505 ὑμῶν
501 442 600 485 τῶν
632 436 783 504 φύσει
813 429 1010 484 δούλων
1032 434 1150 492 τούς
1189 427 1374 496 πόδας,
1408 430 1576 500 πολλῷ
1607 431 1735 502 μάλ-

163 522 242 574 λον
261 524 395 595 ύμεῖς
421 525 469 574 οἱ
495 518 774 594 ὁμόδουλοι
799 521 1015 592 ὀφείλετε
1037 519 1263 577 ἀλλήλων
1287 524 1481 571 νίπτειν
1508 523 1731 581 τούςπό-

163 609 253 674 δας
279 629 291 641 ’
312 607 421 663 οὐδ’
451 614 531 662 ὅτι
571 611 686 664 Ἐὰν
713 610 810 682 ἐγὼ
829 609 980 679 ἔνιψα
995 613 1114 669 τούς
1145 615 1234 660 τοῦ
1252 604 1532 679 προδότου,
1568 607 1735 679 πολλῷ

161 700 334 773 μᾶλλον
357 703 498 772 ὑμεῖς
527 704 648 761 τούς
670 708 766 751 τῶν
799 698 1075 751 ἐπιϐούλων
1110 715 1122 728 ·
1166 696 1293 750 ἀλλά
1333 694 1426 750 διὰ
1453 706 1548 749 τῶν
1578 700 1736 771 ἔργων

159 797 311 842 ταῦτα
339 786 599 854 δηλώσας,
647 787 811 860 ἀφῆκε
848 793 938 845 τὴν
965 784 1236 859 διάκρισιν
1275 785 1442 838 αὐτῶν
1474 794 1535 859 τῇ
1572 806 1740 839 συνει-

161 876 304 937 δήσει
327 888 418 931 τῶν
445 878 798 953 ἀκροωμένων.

226 966 532 1041 ’Υπόδειγμα
582 999 649 1008 —
699 969 840 1038 ὑμῖν.
897 962 1219 1038 ’Υπόδειγμα
1291 974 1386 1026 τῆς
1460 965 1509 1017 ἐν
1553 967 1730 1038 ἀγάπῃ

157 1063 488 1118 ταπεινώσεως
557 1053 731 1110 ἔδωκα
790 1058 910 1129 ὑμῖν
987 1052 1079 1108 διὰ
1142 1063 1236 1116 τῆς
1303 1058 1546 1116 τοιαύτης
1597 1058 1736 1128 πρά-

159 1148 285 1210 ξεως.

222 1236 322 1290 Ἰνα
381 1267 448 1276 -
499 1244 700 1294 ποιῆτε.
755 1235 845 1297 Ἐξ
909 1233 1118 1304 ἀγάπης
1174 1235 1581 1306 ταπεινούμενοι,
1646 1239 1736 1286 καὶ

157 1321 501 1385 διακονοῦντες
549 1332 657 1385 τοῖς
708 1322 1082 1380 ὑποϐεϐηκόσι.
1119 1327 1303 1375 Καίτοι
1351 1341 1407 1392 γε
1437 1322 1594 1384 αὐτὸς
1645 1327 1734 1395 μὲν

156 1411 215 1472 ἦν
264 1416 380 1489 ὑπὲρ
439 1417 628 1466 ἔννοιαν
678 1420 766 1466 καὶ
816 1412 964 1484 λόγον
999 1432 1009 1443 ·
1043 1413 1188 1484 ἡμεῖς
1247 1408 1306 1464 δέ
1342 1410 1492 1483 ἐσμεν
1537 1421 1601 1483 γῆ
1648 1418 1736 1465 καὶ

157 1500 356 1569 σποδὸς,
398 1507 486 1555 καὶ
526 1507 703 1577 τέφρα,
744 1507 834 1554 καὶ
874 1508 1035 1570 κόνις,
1075 1507 1163 1553 καὶ
1215 1504 1259 1552 εἰ
1309 1520 1361 1552 τι
1412 1504 1605 1553 τούτων
1653 1503 1735 1554 εύ-

153 1593 448 1664 τεᾘστερον.
498 1590 654 1644 Ὀταν
687 1588 744 1643 δε
787 1591 845 1642 ού
885 1595 1036 1662 μόνον
1086 1590 1144 1642 ού
1198 1591 1573 1661 ταπεινούμεθα
1610 1595 1734 1666 πρὸς

153 1686 265 1742 τοὺς
317 1680 597 1750 ἐλάττονας,
638 1680 743 1732 ἀλλ’
803 1677 926 1732 οὐδὲ
982 1683 1110 1752 πρὸς
1160 1683 1279 1740 τοὺς
1313 1680 1551 1750 μείζονας

155 1771 209 1822 ού
253 1775 397 1842 μόνον
448 1769 506 1821 ού
545 1773 788 1840 νίπτομεν
835 1773 954 1830 τοὺς
1008 1765 1177 1828 πόδας
1226 1777 1323 1819 τῶν
1372 1764 1591 1834 δούλων,
1626 1767 1730 1819 ἀλλ’

155 1857 269 1912 οὐδὲ
318 1869 412 1911 τῶν
465 1857 637 1930 φίλων,
695 1860 742 1910 οἰ
785 1863 872 1910 καὶ
932 1862 1048 1918 τοὺς
1099 1865 1198 1908 τῶν
1237 1855 1518 1908 ἐπιϐούλων
1540 1862 1733 1909 νίπτειν

153 1948 419 2021 ὀφείλοντες
472 1969 484 1980 ·
536 1953 689 2008 ποίας
739 1947 834 1998 ούκ
887 1945 946 1998 ἀν
999 1950 1168 2018 εἴημεν
1228 1945 1366 2007 ἄξιοι
1414 1943 1729 2007 καταδίκης.

153 2039 208 2090 οὗ
243 2043 389 2109 μόνον
444 2038 502 2089 ού
551 2039 860 2110 μιμούμενοι
907 2040 966 2087 τό
1017 2032 1166 2088 δοθὲν
1224 2032 1537 2106 ὑπόδειγμα,
1609 2034 1734 2087 ἀλλά

151 2133 232 2179 καὶ
295 2127 346 2189 ἐξ
421 2125 647 2187 ἕναντίας
727 2129 1017 2197 ἱστάμενοι,
1079 2130 1168 2176 καὶ
1245 2127 1378 2176 κατά
1455 2122 1733 2198 διάμετρον

150 2216 484 2290 ἐπαιρόμενοι,
515 2220 604 2268 καὶ
659 2220 754 2274 τὴν
805 2215 1010 2287 ὀφειλὴν
1057 2214 1149 2266 οὐκ
1216 2210 1578 2276 ἀποδιδόντες.
1636 2220 1734 2267 Καὶ

148 2307 287 2378 ὑμεῖς
349 2308 472 2378 γὰρ,
531 2310 710 2377 φησὶν,
775 2303 996 2375 ὀφείλετε
1054 2303 1279 2361 ἀλλήλων
1355 2308 1542 2355 νίπτειν
1617 2307 1734 2364 τοὺς

148 2393 326 2456 πόδας.

215 2485 260 2536 Ἀ
272 2490 373 2556 μὴν
410 2514 463 2525 -
493 2483 668 2535 αὐτόν.
695 2486 891 2537 Λοιπὸν
915 2479 1021 2552 οὖν,
1049 2482 1092 2534 εἰ
1117 2481 1214 2552 ἐγὼ
1235 2483 1260 2533 ό
1276 2486 1610 2554 ἀσυγκρίτως
1627 2488 1735 2555 μεί-

144 2575 242 2634 ζων
273 2574 431 2634 οὕτως
462 2571 826 2639 ἐταπεινώθην,
851 2571 1019 2642 πολλῷ
1049 2571 1236 2643 μᾶλλον
1266 2573 1432 2643 ὑμεῖς.
1469 2577 1567 2624 Καὶ
1583 2580 1734 2624 τοῦτο

143 2660 318 2724 δετῆς
365 2661 562 2735 ἀφάτου
615 2668 971 2721 ταπεινώσεως
1017 2660 1197 2727 αὐτοῦ,
1242 2664 1301 2712 τὸ
1343 2658 1527 2712 δοῦναι
1557 2661 1734 2713 ἑαυτὸν

135 2748 496 2825 παράδειγμα,
530 2755 614 2802 τὸν
647 2753 890 2808 Πλάστην
925 2757 1032 2810 τοῖς
1070 2749 1384 2822 πλάσμασι,
1429 2755 1519 2801 καὶ
1548 2756 1734 2823 τρόπον

134 2844 254 2893 τινὰ
282 2842 651 2912 συγκρίνεσθαι
669 2843 752 2891 τὸν
776 2837 1110 2912 ἀσύγκριτον.

209 2927 332 2984 Εἶπε
364 2927 422 2982 δε
459 2932 518 2982 τὸ
569 2934 742 3000 νόημα
779 2937 933 2980 τοῦτο
963 2934 1052 2980 καὶ
1105 2928 1155 2979 ἐν
1193 2936 1265 2997 τῷ
1301 2925 1735 3000 ἐννεακαιδεκάτῳ

134 3019 393 3092 κεφαλαίῳ
420 3025 512 3070 τοῦ
554 3021 690 3070 κατά
731 3018 994 3070 Mareotica

133 3111 247 3162 Οὐκ
273 3111 384 3161 ἔστι
414 3109 654 3181 μαθητὴς
682 3109 807 3181 ὑπερ
834 3111 920 3158 τὸν
945 3102 1272 3159 διδάσκαλον
1301 3107 1412 3176 (91)
1443 3107 1621 3176 αὐτοῦ,
1646 3113 1734 3160 καὶ

131 3202 200 3250 τά
230 3198 362 3260 ἑξῆς.

203 3286 348 3360 [(92)
399 3286 510 3339 Ούκ
563 3288 672 3338 ἔστι
726 3281 930 3346 δοῦλος.
961 3283 1092 3346 Ἕως
1123 3283 1182 3335 ἂν
1215 3285 1239 3335 ό
1289 3289 1377 3356 μέν
1408 3283 1518 3338 ἐστι
1549 3282 1734 3346 δοῦλος

126 3380 341 3440 τούτου,
371 3378 396 3427 6
427 3373 486 3428 δε
525 3373 805 3434 ἀπόστολος
835 3373 1046 3428 ἐκείνου.
1077 3374 1386 3434 Ἐλάττωσις
1409 3375 1512 3447 γὰρ
1552 3392 1638 3425 και
1673 3376 1730 3424 τὸ

127 3463 414 3530 δουλεύειν,
442 3469 532 3516 καὶ
563 3468 618 3516 τό
652 3462 1106 3535 ἀποστέλλεσθαι.]

203 3555 263 3607 Εἰ
290 3587 351 3594 -
384 3554 535 3614 αύτά,
577 3553 636 3605 Εἰ
661 3560 824 3604 ταῦτα
854 3549 1052 3619 οἴδατε,
1085 3555 1150 3603 τὰ
1173 3552 1390 3625 ῥηθέντα
1419 3567 1431 3580 ⁸
1461 3549 1640 3605 οἴδατε
1672 3549 1730 3606 δι

123 3645 289 3708 αὐτὰ,
322 3643 444 3716 παρ’
479 3641 602 3714 ὶμοῦ
630 3644 876 3713 μαθόντες
904 3658 916 3671 ⁸
950 3643 1213 3715 Μακάριοί
1245 3639 1380 3704 ἐστε,
1419 3639 1502 3692 ἐὰν
1548 3650 1730 3701 ποιῆτε

123 3732 284 3786 αὐτά.
336 3732 447 3784 Ούκ
487 3727 637 3806 ἀρκεῖ
694 3733 795 3805 γὰρ
842 3727 1036 3783 εἰδέναι
1092 3733 1267 3802 μόνον,
1307 3727 1434 3780 ἀλλά
1475 3735 1583 3805 χρὴ
1641 3737 1730 3784 καὶ

121 3830 318 3875 ποιεῖν.

201 3910 280 3962 Ou’
318 3941 385 3949 —
415 3909 563 3980 λέγω.
595 3914 663 3962 Τό
692 3929 704 3941 ·
737 3909 854 3961 Ἐὰν
880 3916 1062 3968 ποιῆτε
1093 3908 1245 3964 αὑτά.
1284 3913 1408 3981 Περὶ
1433 3916 1528 3960 τοῦ
1555 3905 1733 3961 ’ἰούδα

117 4004 228 4073 γάρ
261 4007 419 4051 τοῦτο
443 3999 630 4070 ἔλεγεν,
657 3998 711 4059 ὃς
737 3999 794 4051 ού
815 4004 966 4070 μόνον
999 3999 1093 4051 ou"
1119 3998 1288 4070 ἔμελλε
1312 4003 1550 4056 ποιήσειν
1578 3997 1729 4064 αύτά,

119 4088 243 4141 ἀλλ’
261 4085 377 4139 οὐδ’
415 4087 532 4139 ἱλλο
554 4107 604 4138 τι
630 4096 727 4138 τῶν
761 4086 1144 4160 ἐντεταλμένων,
1172 4083 1279 4146 ἤδη
1325 4090 1416 4144 τὴν
1442 4082 1730 4158 προδοσίαν

114 4177 374 4252 μελετῶν.

199 4266 336 4337 Ἐγὼ
391 4296 452 4308 —
512 4263 833 4336 ἱξελεξάμην.
890 4263 1051 4331 Οἶδα,
1111 4268 1175 4325 ὡς
1227 4267 1365 4327 Θεὸς,

113 4365 228 4408 τῶν
285 4355 408 4425 παρ’
456 4353 582 4424 ἐμοῦ
627 4353 925 4424 ἐκλεγέντων
967 4359 1282 4412 ποιήσουσιν
1336 4352 1488 4418 αὐτὰ,
1539 4357 1618 4414 τίς
1672 4349 1730 4405 δε

1448 4268 1576 4325 τίνες
1641 4267 1730 4336 μὲν

109 4448 180 4497 οὐ
237 4448 468 4500 ποιήσει.
517 4448 616 4495 Καὶ
667 4442 897 4515 ἀνωτέρω
957 4439 1015 4495 δε
1081 4443 1233 4495 εἰπὼν
1293 4444 1374 4494 ὅτι
1420 4446 1518 4494 Καὶ
1588 4441 1732 4512 ὑμεῖς

107 4535 356 4606 καθαροί
409 4531 543 4600 ἐστε,
608 4531 714 4583 ἀλλ’
773 4532 900 4602 ούχὶ
946 4533 1129 4594 πάντες
1175 4548 1189 4562 ⁶
1232 4537 1322 4584 καὶ
1353 4530 1401 4582 ἐν
1464 4527 1731 4603 διαφόροις

107 4620 183 4675 δε
256 4628 459 4695 καιροῖς
521 4621 682 4673 πολλά
753 4628 973 4673 τοιαῦτα
1051 4621 1414 4693 φθεγξάμενος,
1484 4623 1734 4672 νύττοντα

100 4718 286 4784 μόνον
316 4713 373 4761 τό
403 4717 494 4761 τοῦ
532 4706 797 4782 προδότου
847 4705 1105 4778 συνειδὸς,
1165 4716 1254 4762 καὶ
1301 4709 1411 4780 οἶμα
1459 4711 1548 4780 μὲν
1576 4704 1732 4760 διδά-

101 4819 329 4854 σκοντα
382 4799 458 4851 ὃτι
523 4798 582 4850 ού
642 4798 878 4850 λανθάνει
943 4797 1301 4864 ἐπιϐουλεύων,
1352 4798 1463 4870 ἅμα
1520 4793 1578 4849 δε
1643 4801 1733 4848 καὶ

99 4891 188 4950 εἰς
254 4887 596 4961 μεταμῦειαν
675 4892 764 4940 καὶ
837 4883 1124 4964 διόρθωσιν
1205 4886 1570 4960 ἐκκαλούμενα,
1639 4885 1733 4938 οὐκ

97 4982 326 5032 ἔπεισε.

183 5209 240 5246 ⁸⁸
276 5206 477 5265 Matth.
503 5223 561 5277 x,
590 5210 679 5265 24.
811 5209 1020 5266 “Joan.
1052 5223 1173 5275 xm,
1205 5207 1293 5265 10.

1765 4327 1806 4380 D

3361 223 3500 282 1382

1917 341 2078 399 Vers.
2105 347 2188 400 14.
2205 344 2274 400 Si
2293 376 2360 386 —
2375 345 2574 414 pedes.
2603 349 2727 402 Non
2745 346 2912 413 dixit,
2933 347 2988 404 Si
3013 364 3142 421 ego,
3163 350 3265 422 qui
3286 353 3498 407 natura

1848 430 2138 488 Dominus
2168 449 2322 498 sum,
2347 433 2467 489 lavi
2498 440 2728 492 vestros
2758 437 2962 508 pedes,
2985 440 3086 510 qui
3116 445 3328 495 natura
3348 440 3498 496 servi

1847 519 2007 584 estis,
2044 521 2230 576 multo
2271 522 2467 592 magis
2497 539 2604 580 vos
2643 525 2899 583 invicem
2930 529 3224 597 conservi,
3273 529 3498 584 debetis

1847 608 2422 667 aliialiorumlavare
2462 613 2669 683 pedes.
2693 617 2894 688 Neque
2919 616 3060 671 dixit
3093 633 3105 670 :
3137 617 3194 673 Si
3225 632 3332 686 ego
3364 635 3498 690 pro-

1846 696 2052 752 ditoris
2073 697 2191 752 lavi
2219 699 2424 770 pedes,
2451 700 2637 756 multo
2665 702 2858 773 magis
2890 719 2996 759 vos
3035 703 3450 762 insidiatorum
3482 723 3495 762 :

1848 787 1951 842 sed
1981 786 2105 842 haec
2131 803 2235 858 per
2273 804 2458 860 opera
2496 790 2857 860 signiﬁcans,
2900 793 3116 850 horum
3146 794 3496 866 disputatio-

1845 890 1983 930 nem
2015 875 2250 949 reliquit
2279 877 2625 935 auditorum
2666 881 3070 938 conscientiae.

1917 965 2173 1020 νει-δήὸ,
2223 967 2578 1036 Exemplum
2616 970 2868 1026 —vobis.
2911 973 3258 1044 Exemplum
3300 972 3498 1044 dejec-

1847 1052 2020 1110 tionis
2046 1054 2105 1109 in
2136 1054 2466 1128 dilectione,
2496 1057 2612 1115 hoc
2641 1073 2818 1132 opere
2849 1059 3067 1116 tradidi
3101 1061 3289 1118 vobis.

1916 1233 2077 1288 Vers.
2142 1235 2225 1290 15.
2289 1236 2360 1292 Ut
2401 1235 2732 1306 —faciatis.
2782 1240 2862 1293 Ex
2893 1237 3203 1294 dilectione
3258 1239 3491 1310 dejecti,

1844 1339 1915 1379 ac
1941 1323 2192 1379 subditis
2224 1324 2648 1382 ministrantes.
2672 1331 2740 1383 At
2766 1343 2906 1383 vero
2931 1327 3055 1398 ipse
3095 1328 3339 1400 quidem
3371 1335 3496 1385 erat

1845 1415 2056 1483 major,
2097 1429 2283 1484 quam
2323 1413 2564 1485 intelligi
2593 1430 2664 1471 ac
2690 1415 2806 1471 dici
2845 1425 3046 1488 posset
3089 1433 3100 1471 :
3145 1434 3250 1472 nos
3295 1424 3494 1474 autem

1844 1517 2058 1556 sumus
2086 1507 2240 1557 terra
2267 1507 2322 1558 et
2347 1503 2510 1569 cinis,
2541 1503 2738 1576 pulvis
2765 1509 2820 1561 et
2848 1521 3102 1570 caenum,
3137 1512 3240 1562 ant
3270 1507 3315 1561 si
3347 1508 3494 1580 quid

1844 1590 1937 1646 his
1967 1590 2140 1646 vilius
2181 1597 2284 1647 est.
2314 1593 2564 1658 Quando
2607 1609 2744 1650 vero
2775 1610 2896 1650 non
2925 1600 3156 1651 tantum
3197 1596 3274 1651 ad
3308 1598 3494 1654 mino-

1595 1686 1734 1732 ’καὶ
1769 1697 1810 1748 1;
1845 1695 1937 1735 res
2003 1695 2124 1735 non
2177 1681 2493 1752 dejicimus
2577 1698 2706 1748 nos,
2766 1683 2873 1738 sed
2929 1699 3124 1756 neque
3168 1686 3240 1741 ad
3306 1689 3493 1758 majo-

1839 1781 1932 1820 res
1965 1782 1978 1820 :
2010 1781 2112 1820 nec
2134 1765 2330 1822 solum
2361 1767 2543 1838 pedes
2574 1784 2885 1825 servorum
2912 1784 3033 1824 non
3061 1769 3354 1837 lavamus,
3389 1771 3490 1827 sed

1841 1869 2035 1926 neque
2087 1854 2437 1921 amicorum,
2477 1872 2612 1912 cum
2637 1857 2818 1913 etiam
2848 1857 3260 1915 insidiatorum
3290 1859 3493 1916 lavare

1840 1944 2200 1999 debeamus:
2221 1960 2364 2016 qua,
2383 1945 2652 2010 obsecro,
2672 1946 3174 2003 condemnatione
3193 1948 3356 2017 digni
3378 1966 3492 2005 non

1841 2033 2064 2088 erimus
2109 2033 2136 2087 ‘I
2171 2033 2274 2105 qui
2315 2050 2436 2089 non
2497 2034 2686 2090 solum
2739 2035 2953 2091 Christi
3014 2053 3130 2092 non
3188 2036 3493 2094 imitamur

1841 2127 1895 2178 et
1917 2137 1988 2176 ex
2009 2121 2305 2178 diametro
2347 2123 2699 2190 extollimur,
2727 2140 2836 2180 nec
2861 2125 3025 2197 quod
3076 2126 3342 2182 debitum
3405 2132 3494 2184 est

1841 2210 2229 2267 exsolvimus.
2251 2212 2328 2266 Et
2352 2227 2471 2282 vos,
2490 2211 2702 2284 inquit,
2726 2213 2944 2270 debetis
2968 2215 3332 2272 invicemalii
3350 2217 3492 2272 alio-

1841 2315 1975 2355 rum
2007 2301 2216 2356 lavare
2244 2300 2429 2371 pedes.

1911 2389 2072 2445 Vers.
2112 2395 2194 2446 16.
2235 2391 2421 2446 Amen
2474 2421 2541 2432 -—
2583 2391 2772 2447 illum.
2816 2390 3022 2466 Itaque
3079 2393 3127 2448 si
3189 2395 3344 2464 ego,’
3385 2393 3491 2466 qui

1841 2479 2386 2550 incomparabiliter
2416 2480 2612 2550 major
2641 2497 2798 2551 sum,
2843 2481 3146 2553 meipsum
3179 2482 3331 2538 adeo
3389 2484 3494 2539 de-

1837 2568 1971 2639 jeci,
2018 2567 2204 2623 multo
2236 2569 2428 2639 magis
2483 2585 2609 2624 vos.
2652 2571 2720 2625 Et
2764 2570 2878 2626 hoc
2920 2577 3119 2626 autem
3171 2571 3488 2627 ineﬂabilis

1842 2657 2187 2712 humilitatis
2212 2658 2400 2730 ipsius
2421 2663 2526 2724 est,
2555 2659 2717 2729 quod
2747 2675 2874 2715 sese
2900 2660 3127 2716 dederit
3151 2661 3492 2732 exemplum

1845 2748 2180 2802 Creatorem
2228 2746 2502 2802 videlicet
2544 2748 2828 2802 creaturis
2872 2765 2886 2803 :
2936 2753 2991 2803 et
3038 2749 3491 2820 quodammodo

1843 2851 1905 2890 se
1943 2835 2404 2906 comparaverit,
2433 2835 2536 2907 qui
2570 2835 3060 2908 incomparabilis
3099 2843 3203 2892 est.

1916 2924 2069 2978 Dixit
2101 2929 2303 2979 autem
2343 2928 2398 2980 et
2453 2925 2611 2980 hanc
2659 2924 3016 2980 sententiam
3075 2925 3308 2980 decimo
3337 2941 3492 2980 nono

1044 3033 1056 3044 °
1104 3021 1192 3068 καὶ
1236 3017 1466 3076 ζήτησον
1498 3017 1602 3070 ἐκεῖ
1627 3022 1685 3070 τό
1720 3037 1732 3048 ·

1857 3014 2030 3083 :apite
2057 3013 2225 3083 juxta
2259 3013 2592 3068 Matthaaum
2623 3029 2635 3069 :
2671 3013 2753 3069 ibi
2783 3028 2924 3082 ergo
2967 3029 3166 3085 quaere
3209 3013 3370 3086 quod
3405 3013 3492 3068 di-

1843 3103 1994 3158 citur
2019 3121 2031 3160 :
2065 3103 2200 3159 Non
2227 3108 2309 3159 est
2338 3103 2658 3174 discipulus
2687 3118 2865 3176 supra
2896 3103 3244 3174 magistr-um
3300 3120 3486 3169 suum,

1842 3197 1898 3248 et
1925 3195 2138 3249 caetera
2167 3194 2213 3228 °'
2227 3237 2240 3250 .

1911 3281 2149 3352 Η-Νοη
2179 3287 2262 3338 εει
2291 3297 2516 3339 servus.
2557 3281 2830 3343 Quandiu
2861 3280 2955 3336 ille
2985 3282 3227 3354 quidem
3258 3286 3348 3338 est
3377 3297 3493 3338 ser-

1842 3387 1949 3426 vus
1977 3371 2179 3442 hujus,
2211 3371 2308 3426 hic
2336 3370 2644 3443 apostolus
2685 3370 2832 3442 ejus.
2863 3370 3160 3426 Inferioris
3203 3370 3364 3427 enim
3405 3375 3494 3428 est

1839 3459 2221 3526 conditionis,
2255 3459 2361 3515 sed
2383 3465 2440 3515 et
2467 3459 2768 3524 servire,et
2796 3460 3074 3514 nuntium
3102 3458 3273 3515 mitti.

1912 3549 2073 3606 Vers.
2108 3554 2188 3603 l7.
2227 3547 2290 3603 Si
2332 3580 2400 3589 —-
2446 3565 2532 3606 ea.
2569 3549 2623 3603 Si
2656 3549 2784 3604 haec
2836 3548 3101 3613 novistis,
3151 3565 3287 3622 quae
3333 3547 3493 3605 dicta

1840 3647 1999 3707 sunt,
2029 3638 2276 3694 novistis
2307 3644 2507 3694 autem
2533 3654 2625 3705 ea,
2675 3654 2814 3693 cum
2861 3654 2898 3694 a
2945 3654 3042 3694 me
3091 3637 3418 3694 didiceritis
3472 3653 3491 3694 :

1841 3728 2014 3784 Beati
2065 3729 2228 3784 erilis
2272 3727 2322 3781 si
2371 3727 2644 3798 feceretis
2692 3743 2776 3794 ea,
2846 3742 3041 3800 neque
3094 3726 3256 3784 enim
3313 3741 3492 3784 nosse

1842 3816 2077 3881 sufficit,
2112 3817 2216 3871 sed
2245 3821 2302 3870 et
2327 3815 2518 3872 facere
2557 3820 2808 3888 oportet.

1915 3906 2068 3958 Vers.
2110 3908 2191 3958 t8.
2232 3905 2366 3960 Non
2412 3934 2478 3944 —
2528 3904 2678 3961 dico.
2743 3904 2910 3968 Puta,
2965 3903 3029 3958 Si
3075 3904 3340 3972 feceritis
3395 3919 3486 3962 ea.

1840 3995 1984 4048 Nam
2020 3991 2087 4046 de
2116 3992 2269 4047 Juda
2293 3993 2408 4047 hoc
2440 3992 2695 4057 dicebat,
2721 3993 2824 4064 qui
2849 4008 2966 4046 non
2989 3992 3184 4047 solum
3207 4008 3278 4047 ea
3306 3991 3489 4049 factu-

1839 4097 1941 4136 rus
1969 4095 2092 4135 non
2118 4084 2262 4144 erat,
2294 4082 2398 4135 sed
2426 4096 2533 4136 nec
2559 4080 2722 4135 aliud
2747 4081 3076 4151 quidquam
3109 4095 3316 4135 eorum
3346 4096 3484 4152 quas

1840 4174 2130 4243 prmcepta
2163 4173 2350 4236 erant,
2383 4169 2457 4224 de
2490 4168 2965 4240 proditionejam
2992 4183 3196 4222 curam
3228 4168 3482 4224 habens.

1910 4259 2071 4312 Vers.
2110 4261 2196 4313 l8.
2230 4258 2358 4327 Ego
2387 4287 2457 4297 -—
2485 4257 2775 4326 elegerim.
2805 4257 2963 4322 Novi,
2993 4261 3277 4328 tanquam
3305 4256 3481 4324 Deus,

1838 4348 2087 4421 quinam
2107 4364 2176 4402 ex
2194 4347 2392 4401 electis
2416 4345 2566 4400 meis
2590 4345 2794 4400 facturi
2837 4349 3078 4408 suntea,
3095 4350 3169 4408 et,
3195 4350 3250 4398 et
3266 4343 3401 4416 quis
3417 4344 3489 4401 sit

1839 4437 1942 4510 qui
1966 4453 2084 4492 non
2104 4436 2291 4492 faciet.
2313 4435 2589 4506 Superius
2611 4449 2846 4506 quoque
2864 4432 3040 4492 dixit:
3064 4433 3140 4488 Et
3165 4448 3262 4489 vos
3280 4433 3493 4490 mundi

1839 4528 1998 4591 estis,
2022 4525 2122 4581 sed
2142 4541 2257 4580 non
2281 4526 2525 4580 omnes69
2553 4540 2566 4590 ;
2594 4521 2887 4593 variisque
2911 4522 3277 4593 temporibus
3301 4522 3490 4580 multa

1841 4613 2191 4686 hujusmodi
2212 4614 2443 4669 locutus
2465 4618 2570 4679 est,
2595 4629 2726 4684 quae
2757 4611 2940 4666 solius
2980 4610 3300 4683 proditoris
3339 4627 3490 4683 pun-

1840 4710 2042 4776 gerent
2063 4703 2502 4770 conscientiam,
2529 4701 2826 4773 simulque
2839 4702 3142 4768 docerent,
3160 4701 3327 4774 quod
3349 4717 3490 4758 eum

1841 4809 1964 4850 non
2002 4792 2205 4850 lateret
2236 4792 2524 4867 proditor,
2562 4796 2621 4848 et
2641 4790 2808 4847 illum
2847 4790 2925 4846 ad
2963 4789 3375 4864 paenitentiam
3417 4805 3489 4848 ac

1842 4883 2271 4940 correctionem
2313 4885 2630 4940 evocarent
2683 4897 2696 4936 :
2748 4896 2958 4938 verum
3007 4895 3130 4937 non
3179 4895 3491 4954 persuase-

1842 4978 1995 5031 runt.

1346 5408 1571 5480 Variae
1608 5408 1935 5478 lectiones
1976 5419 2040 5478 et
2085 5417 2284 5479 notae.

204 5557 312 5628 91)
346 5552 518 5612 Αύτοῦ
547 5555 719 5612 abest
742 5556 806 5613 Α.

174 5557 311 5708 ἶ92)
343 5629 480 5686 Haec
519 5629 806 5702 uterquei

199 5623 311 5703 92)
343 5629 480 5686 Hec
519 5634 769 5702 uterque
792 5629 854 5685 in
886 5626 1153 5701 margine
1190 5625 1393 5686 habet.
1425 5627 1594 5685 Caret
1620 5623 1693 5682 iis
1733 5623 2065 5685 Hentenius.
