4022 6232
604 178 740 238 1383

674 311 785 363 Cur
805 311 1002 362 autem
1040 305 1217 360 etiam
1271 302 1633 375 proditorem
1666 301 1929 372 elegerit,
1984 301 2248 356 diximus
2283 306 2328 357 A

600 396 994 466 octavojuxta
1020 393 1283 447 Marcum
1336 393 1551 464 capite,
1593 399 1647 447 et
1699 391 1778 446 ibi
1830 406 2029 462 quaere
2086 391 2243 461 quod

598 486 856 540 dicitur:
891 483 966 536 Et
1013 481 1272 536 ascendit
1325 480 1385 535 in
1443 484 1715 545 montem,
1759 485 1811 534 et
1852 479 2075 535 vocavit
2105 494 2244 549 quos

594 571 713 643 ipse
735 572 918 628 voluit
947 572 1017 635 ⁷ο,
1046 577 1102 624 et
1134 574 1365 635 cmtera,
1395 575 1700 641 totamque
1748 568 1986 623 illorum
2036 567 2245 623 verbo-

590 678 724 717 rum
746 660 875 729 lege
905 663 1364 714 enarrationem.

661 753 820 805 Vers.
854 750 935 804 t8.
964 748 1079 804 Sed
1106 779 1173 786 —
1202 762 1397 803 suum.
1433 747 1619 802 Etiam
1651 746 1709 802 in
1749 746 1864 801 hoc
1896 744 2025 801 loco
2066 745 2239 802 dictio

586 846 673 905 ut,
703 836 1135 894 manifestativa
1163 843 1250 892 est
1273 837 1403 907 ejus
1431 836 1591 907 quod
1624 835 1890 891 futurum
1929 839 2072 890 erat.
2120 836 2239 889 Hoc

584 944 821 1001 quoque
881 928 1035 982 sicut
1085 932 1141 981 et
1192 924 1311 981 alia
1366 930 1607 997 propter
1658 924 2024 997 proditorem
2077 922 2236 979 dicit.

582 1021 729 1074 Nam
763 1016 1027 1071 futurum
1076 1020 1221 1079 erat,
1259 1021 1320 1069 ut
1368 1014 1762 1085 compleretur
1794 1012 2096 1084 Scriptura
2130 1013 2239 1068 Da-

584 1104 796 1170 vidica,
824 1120 961 1175 quae
986 1105 1065 1158 ait
1089 1120 1100 1157 :
1130 1104 1243 1168 Qui
1265 1104 1514 1159 comedit
1534 1117 1708 1173 panes
1730 1117 1883 1157 meos
1923 1101 2237 1171 ampliavit

585 1194 901 1251 adversum
932 1208 1021 1248 me
1048 1194 1597 1261 supplantationem
1625 1193 1694 1244 τι.

662 1283 1051 1353 Septuaginta
1097 1297 1239 1350 ergo
1297 1297 1368 1336 ex
1420 1280 1703 1335 Hebraico
1750 1295 1932 1336 sensu
1970 1279 2126 1335 hanc
2156 1280 2238 1336 ita

590 1370 946 1444 interpretati
977 1375 1115 1425 sunt
1142 1386 1154 1421 :
1206 1370 1467 1425 Christus
1496 1385 1631 1424 vero
1677 1368 1952 1423 eamdem
1986 1385 2140 1423 nunc
2165 1384 2235 1423 ex

589 1461 801 1516 eodem
822 1460 1258 1532 interpretatus,
1280 1458 1410 1513 aliis
1438 1458 1791 1513 dictionibus
1808 1458 2084 1512 eamdem
2116 1457 2233 1511 vim

587 1548 991 1605 obtinentibus
1037 1548 1243 1602 eadem
1270 1555 1325 1601 et
1371 1548 1496 1617 ipse
1536 1545 1695 1601 dicit.
1738 1545 2040 1616 Siquidem
2074 1546 2233 1600 idem

588 1638 700 1693 sibi
756 1637 978 1701 volunt,
1040 1636 1152 1703 Qui
1202 1636 1336 1703 edit,
1387 1652 1521 1689 cum
1590 1634 1974 1703 evangelista,
2028 1634 2233 1690 Christi

585 1727 770 1783 verba
808 1726 1085 1791 referens,
1122 1725 1342 1781 habeat
1388 1724 1445 1775 Ὀ
1476 1730 1717 1797 τρώγων;
1748 1729 1822 1788 et,
1854 1723 1963 1788 Qui
1987 1724 2234 1779 comedit

587 1832 727 1872 cum
758 1814 1145 1887 Septuaginta
1176 1814 1375 1869 dicant
1430 1814 1454 1863 6
1504 1815 1689 1865 ἐσθίων
1741 1830 1757 1867 ;
1789 1818 1845 1868 et
1885 1812 2233 1882 Ampliavit,

583 1921 727 1978 qua.

650 1994 745 2049 Ait
768 2010 909 2066 ergo
934 1992 1008 2048 de
1040 1992 1215 2059 Juda,
1248 1993 1356 2057 Qui
1380 1993 1545 2060 apud
1574 2006 1663 2047 me
1682 1992 1962 2059 pascitur,
2006 1990 2111 2061 qui
2160 1989 2233 2044 de

581 2083 794 2138 eadem
828 2097 1035 2136 mensa
1066 2097 1303 2136 mecum
1326 2083 1743 2143 communicat,
1779 2094 1975 2149 neque
2013 2079 2091 2133 ob
2118 2078 2233 2134 hoc

581 2170 779 2241 ipsum
821 2186 916 2225 me
969 2176 1287 2234 reveretur,
1336 2168 1659 2236 Ampliavit
1688 2184 1757 2222 ac
1807 2167 2063 2230 sustulit,
2122 2167 2234 2221 hoc

586 2265 699 2325 est,
715 2259 1104 2326 Conﬁrmavit
1124 2260 1244 2313 sive
1256 2263 1434 2312 movit
1452 2264 1765 2312 adversum
1785 2271 1873 2311 me
1889 2257 2234 2311 calcaneum

582 2346 1212 2417 etsupptantalionem,
1238 2348 1358 2399 sive
1376 2346 1584 2400 dolum
1606 2361 1673 2401 ac
1693 2344 1960 2408 insidias,
1980 2361 2050 2400 eo
2068 2346 2229 2416 quod

584 2454 721 2493 cum
746 2435 998 2493 inimicis
1029 2435 1101 2490 sit
1121 2434 1377 2490 locutus.
1410 2434 1610 2490 Solent
1642 2450 1923 2505 namque,
1970 2434 2073 2505 qui
2105 2450 2234 2488 cur-

582 2532 777 2583 rentes
801 2524 1052 2595 dejicere
1103 2525 1389 2590 nituntur,
1420 2523 1703 2579 calcaneo
1745 2522 2034 2577 insidiari.
2094 2523 2233 2579 Ideo

582 2614 897 2673 calcaneus
918 2629 987 2669 ac
1019 2612 1427 2685 supplantatio
1457 2611 1662 2667 dolum
1690 2628 1759 2667 ac
1782 2611 2030 2667 insidias
2051 2612 2235 2667 deno-

582 2710 684 2761 tat.

649 2794 815 2849 Vers.
854 2796 934 2847 t9.
962 2791 1142 2847 Nunc
1174 2820 1239 2831 —
1272 2805 1422 2846 sum.
1456 2790 1522 2846 Ut
1554 2805 1691 2845 cum
1722 2788 1895 2845 fuerit
1939 2789 2232 2860 completa

576 2880 922 2955 hujusmodi
948 2882 1268 2952 Scriptura,
1294 2880 1570 2945 credatis,
1599 2879 1762 2951 quod
1800 2882 1916 2949 ego
1958 2896 2110 2946 sum,
2156 2878 2233 2934 de

572 2987 693 3043 quo
733 2970 833 3027 illa
854 2969 1315 3025 vaticinabatur.
1438 2964 1441 2965 ⁷

643 3060 808 3115 Vers.
836 3063 923 3115 20.
957 3060 1147 3115 Amen
1173 3090 1237 3098 -
1264 3074 1371 3114 me.
1403 3060 1575 3113 Juxta
1596 3056 1777 3112 ﬁnem
1800 3072 2042 3129 quoque
2076 3055 2225 3111 deci-

570 3149 811 3205 minoni
837 3149 1044 3221 capitis
1070 3145 1365 3215 Evangelii
1392 3146 1724 3201 secundum
1757 3146 2095 3201 Matthieum
2141 3146 2225 3199 di-

570 3238 695 3293 xit:
730 3238 839 3306 Qui
869 3237 1074 3306 recipit
1098 3252 1212 3301 vos,
1247 3251 1339 3292 me
1360 3234 1569 3303 recipit
1605 3254 1617 3292 :
1653 3240 1704 3290 et
1739 3236 1844 3305 qui
1873 3249 1961 3289 me
1991 3234 2221 3301 recipit,

573 3329 779 3398 recipit
808 3342 961 3396 eum,
1000 3327 1103 3395 qui
1144 3339 1233 3381 me
1271 3324 1435 3379 misit
1472 3325 1540 3379 ⁷³.
1570 3326 1732 3378 Nunc
1785 3327 1985 3377 autem
2043 3324 2224 3378 etiam

572 3417 733 3473 idem
763 3416 924 3481 dicit,
972 3414 1177 3470 volens
1209 3413 1473 3485 amplius
1525 3412 1658 3468 illos
1698 3410 2012 3476 consolari,
2059 3411 2226 3482 quod

570 3506 840 3579 futurum
867 3509 1020 3559 esset
1045 3509 1105 3558 ut
1134 3502 1315 3574 paulo
1349 3507 1481 3573 post
1531 3506 1933 3572 percurrerent
1958 3500 2187 3555 orbem.

647 3594 808 3647 Vers.
831 3596 919 3646 2t.
953 3592 1088 3647 Hac
1115 3621 1173 3633 -—
1207 3592 1448 3658 spiritu.
1478 3590 1759 3660 Spiritum
1782 3588 1923 3644 dicit
1943 3588 2223 3645 affectum

573 3680 849 3738 maeroris
882 3696 951 3735 ac
985 3679 1360 3743 turbationis,
1393 3694 1515 3750 quo
1546 3679 1902 3733 movebatur
1926 3678 2004 3733 ob
2026 3678 2221 3751 prodi-

570 3771 715 3827 toris
746 3769 1135 3841 perditionem
1176 3785 1189 3833 ;
1231 3782 1373 3823 nam
1423 3783 1539 3838 pra:
1570 3767 1754 3821 nimia
1806 3767 2224 3837 compassione

570 3859 943 3917 turbabatur.
986 3857 1380 3913 Vehementer
1426 3858 1585 3911 enim
1640 3872 1811 3927 super
1859 3872 1928 3911 eo
1960 3856 2221 3911 dolebat.

572 3950 651 4006 De
693 3950 905 4004 Lazaro
931 3947 1111 4003 etiam
1143 3948 1370 4001 dictum
1402 3945 1551 4001 illud
1587 3944 1980 4010 declarantes,
2034 3946 2225 4015 Infre-

567 4038 715 4095 muit
744 4037 963 4108 spiritu
985 4037 1058 4106 ’¹³,
1091 4035 1361 4109 spiritum
1405 4034 1669 4091 diximus
1702 4034 2054 4089 turbationis
2085 4034 2224 4091 affe-

569 4134 753 4185 ctum.

644 4217 902 4273 Vers.2l.
960 4216 1037 4271 Et
1078 4229 1284 4271 —me.
1340 4213 1698 4271 Testificatus
1746 4219 1851 4277 est,
1907 4211 2030 4267 sive
2084 4227 2223 4284 pro-

573 4311 823 4363 testatus
853 4305 928 4360 de
961 4303 1320 4376 proditione.

646 4395 811 4451 Vers.
846 4398 934 4449 22.
976 4392 1355 4463 Aspiciebant
1386 4422 1453 4433 —
1483 4391 1721 4447 diceret.
1767 4389 2077 4462 Siquidem
2118 4390 2226 4446 mi-

574 4498 774 4540 serum
805 4482 1078 4539 nondum
1119 4480 1426 4553 publicare
1456 4480 1707 4546 volebat,
1740 4484 2095 4551 exspectans
2134 4479 2230 4535 ad-

576 4572 694 4628 huc
731 4572 858 4642 ejus
896 4569 1373 4627 conversionem.

645 4660 807 4715 Vers.
848 4659 936 4714 23.
970 4659 1359 4716 Recumbebat
1386 4664 1581 4715 autem
1625 4688 1686 4697 —
1717 4657 1902 4714 Iesus.
1946 4659 2075 4729 Ipse
2105 4661 2231 4714 erat

573 4748 677 4822 qui
712 4753 838 4805 haec
869 4747 1184 4813 scribebat,
1218 4748 1378 4802 velut
1409 4746 1763 4817 signiﬁcavit
1800 4747 1958 4802 idem
2018 4747 2080 4802 in
2108 4746 2228 4802 ﬁne

571 4836 886 4911 Evangelii.
918 4836 1085 4893 Hunc
1114 4840 1315 4894 autem
1340 4834 1621 4907 diligebat
1651 4834 1840 4899 Jesus,
1880 4834 2012 4907 plus
2063 4834 2229 4891 vide-

640 5070 691 5109 "°
722 5069 904 5129 Marc.
936 5085 1016 5139 ni,
1050 5068 1139 5130 13.
1278 5067 1323 5106 ⁸¹¹
1358 5065 1512 5126 Psal.
1546 5084 1635 5135 xc,
1673 5071 1755 5126 t0.

1921 162 2264 231 EUTHYMII
2305 156 2636 232 ZIGABENi

1878 5069 1925 5104 ⁷²
1956 5068 2153 5126 Matth.
2186 5084 2248 5138 χ,
2275 5071 2363 5127 4ο.

3715 182 3803 242 1384

2431 306 2582 355 Διατί
2613 298 2672 354 δὲ
2702 299 2958 363 ἐξελέξατο
3001 306 3090 355 καὶ
3124 304 3212 354 τὸν
3259 300 3511 377 προδότην,
3556 306 3808 381 εἰρήκαρειέν

2358 400 2427 462 τῷ
2474 388 2647 463 ὀγδόῳ
2676 391 2933 462 κεφαλαίῳ
2992 400 3083 443 τοῦ
3113 395 3247 444 κατὰ
3275 396 3461 467 Μάρκον
3492 415 3501 426 ·
3547 402 3619 448 καὶ
3651 398 3809 457 ζήτησον

2356 480 2458 533 ἐκεῖ
2508 485 2565 532 τὸ
2591 498 2602 510 ·
2639 486 2737 532 Καὶ
2770 478 3032 532 ἀναϐαίνει
3062 480 3133 542 εἰς
3175 486 3230 533 τὸ
3260 487 3379 554 ιῇοος,
3427 490 3504 537 καὶ
3540 486 3813 558 προσ-καὶείτιι

2353 569 2440 631 οὓς
2471 569 2645 628 ἤθελεν
2681 572 2858 635 αὐτὸς,
2888 573 2977 621 καὶ
3004 573 3068 621 τὰ
3092 569 3209 633 ἑξῆς
3256 590 3267 602 ·
3299 576 3380 623 xui
3410 570 3626 643 ἀνάγνωθι
3646 579 3714 631 τὴν
3734 576 3811 631 ὅλην

2352 657 2601 730 ἐξήγησιν
2632 667 2730 710 τῶν
2761 661 3007 711 τοιούτων
3035 659 3227 732 ῥητῶν.

2424 748 2557 800 Ἀλλ’
2587 779 2654 789 -
2676 750 3144 801 αὑτοῦ.1(άνταῦθα
3170 752 3227 801 τὸ
3252 748 3353 802 Ἵνα
3381 747 3629 807 δηλωτικόν
3660 751 3815 803 imm-3

2349 836 2618 909 μελλοντος
2647 857 2659 870 ·
2694 838 2819 902 οἷον,
2860 836 2975 908 (93)
3028 837 3181 891 Ἀλλά
3211 835 3303 889 διὰ
3344 842 3423 890 τὸν
3462 837 3681 913 προδότην
3718 849 3818 893 τοῦτο

2348 926 2497 998 λέγω.
2527 926 2710 979 Μέλλέι
2739 928 2840 999 γὰρ
2873 928 2902 983 ἠ
2934 931 3109 999 Γραφὴ
3164 926 3480 1000 πληρωθῆναι
3512 934 3537 986 ἠ
3569 935 3815 994 duuianiin

2346 1014 2589 1086 λέγουσω
2617 1014 2678 1068 Ὀ
2695 1014 2880 1068 ἐσθίων
2901 1015 3093 1090 ἄρτους
3118 1036 3219 1089 μου
3256 1016 3525 1090 ἐμεγάλυνεν
3551 1018 3614 1070 ἐπ’
3633 1017 3700 1091 ἐμὲ
3724 1038 3821 1091 πτερ-

2347 1109 2549 1177 νισμὸν.

2419 1284 2484 1334 Οἱ
2633 1277 2721 1334 οὖν
2772 1278 3161 1354 Ἑϐδομήκοντα
3189 1283 3343 1343 οὕτως
3392 1282 3483 1335 ἀπὸ
3526 1291 3602 1336 τοῦ
3624 1283 3823 1356 Ἐϐραίκοὺ

2351 1374 2405 1423 τὸ
2442 1372 2599 1444 ῥητόν
2633 1372 2965 1444 ἡρμήνευσαν
3008 1389 3021 1402 ·
3058 1374 3083 1423 ὁ
3117 1369 3175 1424 δε
3211 1376 3445 1445 Χριστὸς,
3487 1372 3574 1425 ἀπὸ
3621 1381 3692 1424 τοῦ
3715 1378 3821 1424 uita-3

2345 1464 2401 1511 τό
2432 1463 2558 1512 αὐτὸ
2581 1468 2668 1510 νῦν
2689 1462 3099 1532 μεθερμηνεύων,
3122 1464 3189 1513 τὰ
3225 1465 3355 1513 αὐτά
3381 1467 3464 1513 xui
3488 1464 3621 1522 αὑτὸς
3656 1462 3757 1532 λέγει
3778 1458 3824 1513 δι’

2347 1548 2527 1620 ἑτέρων
2580 1545 2912 1620 ίσοδυνάμων
2941 1548 3139 1611 λέξεων.
3171 1556 3311 1603 Ἴσον
3340 1553 3433 1625 γὰρ
3461 1556 3513 1601 τὸ
3556 1552 3576 1601 ὁ
3603 1551 3746 1602 ἐσθίων
3767 1556 3826 1599 καὶ

2266 1667 2315 1724 Β
2347 1639 2404 1687 τὸ
2436 1638 2461 1687 ὀ
2483 1642 2713 1709 τρώγων,
2764 1642 2854 1689 καὶ
2896 1641 2954 1690 τὸ
2986 1637 3259 1711 ἐμεγάλυνε
3300 1645 3384 1692 καὶ
3419 1644 3472 1692 τὸ
3503 1637 3634 1714 ἐπῆρε
3661 1657 3670 1669 '
3702 1639 3768 1691 καὶ
3788 1644 3829 1690 τὰ

2346 1724 2503 1776 λοιπὰ
2531 1722 2590 1777 δὲ
2617 1728 2807 1798 ὁμοίως
2839 1729 3052 1797 ἔχουσι.

2270 1812 2425 1868 sicut
2456 1814 2722 1879 Sustulit,
2761 1816 3095 1888 eodemque
3136 1817 3320 1873 modo
3358 1833 3418 1873 se
3446 1816 3643 1873 habent
3671 1821 3715 1873 et
3740 1816 3830 1872 reli-

2414 1996 2551 2048 Φησὶ
2578 1988 2637 2045 δὲ
2665 1997 2781 2067 περὶ
2806 2000 2896 2045 τοῦ
2926 1990 3107 2047 Ἰούδα
3138 1996 3217 2046 ὅτι
3237 1993 3297 2047 Ὀ
3327 2000 3598 2067 τρεφόμενος
3623 1993 3719 2067 παρ’
3741 1992 3831 2065 ἐμοὶ,

2342 2080 2367 2130 ὁ
2399 2089 2651 2131 κοινωνῶν
2703 2101 2794 2153 μοι
2841 2083 3122 2152 τραπέζης,
3156 2080 3273 2136 οὐδ’
3327 2087 3447 2135 αὐτὸ
3474 2092 3603 2136 τοῦτο
3641 2079 3835 2140 αἰδεσθείς

2343 2166 2616 2239 ἑμεγοῐλυνε
2666 2175 2757 2222 xui
2807 2169 3009 2243 ἐπῆρεν,
3040 2174 3198 2243 ἤγουν
3255 2172 3555 2245 ἐκραταίωσε
3582 2175 3656 2222 καὶ
3690 2169 3835 2225 ἐκίνησε

2342 2258 2454 2308 κατ’
2488 2258 2614 2329 ἐμοῦ
2663 2263 2881 2333 πτέρναν
2925 2265 3014 2312 xui
3075 2265 3409 2335 πτερνισμὸν,
3462 2266 3608 2313 εἷτουν
3640 2257 3833 2313 ἐπιϐουλῇ

2341 2349 2431 2396 καὶ
2464 2342 2633 2411 δόλον,
2651 2343 2745 2399 διὰ
2769 2353 2827 2399 τὸ
2858 2348 3183 2408 συλλαλῆσαι
3200 2358 3312 2411 τοῖς
3332 2349 3547 2422 ἐχθροῖς.
3575 2349 3831 2418 Elaﬁusng

2342 2436 2390 2484 oi
2435 2438 2557 2496 τοὺς
2599 2440 2887 2507 τρέχοντας
2929 2438 3292 2502 ὑποσκελίζειν
3350 2444 3624 2511 πειρώμενοι
3663 2434 3737 2488 διὰ
3773 2443 3834 2495 fi;

2341 2526 2560 2596 πτέρνης
2591 2523 2956 2583 ἐπιϐουλεύειν.
2974 2531 3061 2579 Διὸ
3091 2532 3288 2601 πτέρνα
3312 2533 3399 2581 καὶ
3420 2526 3732 2601 πτερνισμὸςὴ
3757 2522 3835 2575 ἐπι·

2341 2609 2496 2671 ϐουλὴ
2526 2618 2616 2664 καὶ
2637 2614 2663 2664 ὁ
2696 2610 2866 2675 δόλος.

2411 2789 2634 2865 Ἀπάρτι
2663 2823 2732 2832 -
2781 2792 2905 2865 εἰμι.
2955 2791 3086 2861 Ἵνα,
3155 2795 3279 2846 ὅταν
3328 2794 3559 2869 πληρωθῇ
3620 2794 3641 2850 ὃ
3687 2792 3837 2843 tum)?!

2340 2884 2539 2951 Γραφὴ,
2571 2883 2891 2940 πιστεύσητε
2919 2884 2997 2934 ὅτι
3022 2882 3122 2954 ἐγώ
3155 2883 3265 2956 εἰμι
3296 2890 3409 2957 περὶ
3433 2884 3489 2937 οὗ
3516 2883 3657 2940 ἐκείνη
3679 2882 3841 2953 προεφέ-

2338 2986 2535 3022 τευσεν.

2263 3057 2303 3111 C
2407 3057 2578 3129 Ἀμὴν
2609 3089 2676 3099 —
2706 3078 2789 3130 με.
2824 3065 2922 3113 Καὶ
2951 3064 3076 3135 πρὸς
3102 3068 3174 3131 τῷ
3207 3062 3341 3115 τέλει
3369 3070 3458 3115 τοῦ
3485 3054 3841 3114 ἐννεακαιδεκάτῃ

2334 3144 2610 3217 κεφαλαίου
2636 3155 2728 3199 τοῦ
2758 3152 2893 3200 κατὰ
2914 3151 3181 3202 Ματθαων
3216 3148 3353 3204 εἶπεν
3383 3172 3394 3183 ·
3418 3151 3472 3203 Ὀ
3497 3148 3735 3222 δεχόμενος
3753 3147 3842 3216 ὑμᾶς

2335 3234 2420 3306 ἐμὲ
2448 3232 2665 3307 δέχεται
2686 3254 2697 3265 ·
2732 3242 2821 3289 καὶ
2851 3240 2875 3289 ό
2906 3236 2992 3310 iui
3021 3235 3305 3311 δεχόμενος
3334 3238 3541 3313 δέχεται
3568 3244 3642 3289 τὸν
3666 3236 3843 3287 axem.

2332 3322 2491 3375 λαντοί
2520 3344 2601 3396 με.
2640 3330 2737 3378 Καὶ
2766 3333 2852 3377 νῦν
2885 3323 2944 3379 δε
2973 3330 3031 3378 τὸ
3061 3332 3188 3380 uiro
3240 3329 3393 3401 λέγει,
3428 3335 3703 3403 παρηγορῶν
3717 3326 3842 3377 cura};

2335 3411 2419 3464 ἐπὶ
2458 3413 2622 3480 πλέον,
2655 3414 2926 3486 μέλλοντας
2955 3417 3075 3469 ὅσον
3107 3421 3254 3469 οὔπω
3287 3416 3574 3493 διατρέχειν
3608 3421 3685 3475 τήν
3722 3413 3844 3465 οἰκον-

2334 3505 2509 3573 μένην.

2404 3596 2583 3643 Ταῦτα
2626 3622 2681 3632 -
2704 3596 2978 3665 πνεύματι.
3014 3601 3225 3668 Πνεῦμα
3258 3600 3362 3648 νόει
3390 3599 3445 3649 τὸ
3472 3596 3621 3655 πάθος
3644 3590 3845 3652 fruiti“;

2334 3683 2425 3731 xui
2467 3683 2794 3751 συγχύσεως,
2852 3691 2948 3743 τῆς
3007 3681 3089 3736 ἐπὶ
3142 3692 3205 3757 τῇ
3267 3684 3490 3756 ἀπωλείᾳ
3529 3690 3608 3736 τοῦ
3634 3676 3842 3755 προδότου.

2333 3767 2455 3821 ’Υπὸ
2486 3772 2588 3841 γὰρ
2614 3777 2708 3831 τῆς
2737 3772 2870 3842 ἄγαν
2903 3774 3236 3844 συμπαθείας
3262 3768 3846 3849 ἑταράχθη,ὖπεραλ7ἠσας

2337 3861 2524 3913 αὐτοῦ.
2568 3862 2667 3911 Καὶ
2698 3857 2781 3911 ἐπὶ
2816 3867 2906 3912 τοῦ
2938 3861 3188 3934 Λαζάρου
3223 3859 3284 3916 δὲ
3316 3866 3374 3915 τὸ
3408 3860 3762 3935 Ἐνεϐριμήσατο
3799 3858 3845 3917 τῷ

2336 3946 2977 4019 πνεύματι,έρμηνεύοντες
2996 3958 3197 4023 πνεῦμα
3227 3954 3286 4004 τὸ
3312 3953 3475 4014 πάθος
3502 3957 3589 4012 τῆς
3614 3946 3845 4018 aur/[3655»;

2341 4035 2637 4110 εἰρήκαμεν.

2409 4219 2509 4267 Καὶ
2541 4245 2607 4255 -
2637 4234 2719 4287 με.
2772 4216 3184 4291 Ἐμαρτύρησεν,
3214 4222 3381 4291 ἤγουν
3412 4215 3744 4291 διεμαρτύρατο
3769 4210 3842 4277 περὶ

2337 4308 2395 4359 τῆ
2409 4321 2429 4361 ς
2450 4298 2758 4375 προδοσίας.

2404 4388 2650 4444 Ἔϐλεπον
2680 4424 2750 4432 -
2776 4393 2932 4465 λέγει.
2967 4398 3126 4447 Οὔπω
3150 4398 3254 4470 γὰρ
3289 4397 3439 4456 ἤθελε
3464 4394 3766 4468 δημοσιεῦσαι
3790 4404 3839 4435 τω

2338 4479 2537 4550 ἄθλιον,
2568 4479 2827 4554 ἀναμένων
2857 4485 2933 4535 έτι
2956 4488 3048 4542 τὴν
3078 4482 3404 4560 ἐπιστροφὴν
3435 4490 3605 4538 αὑτοῦ.

2259 4408 2300 4463 D

2408 4656 2506 4711 Ἦν
2540 4654 2598 4711 δε
2629 4659 2955 4732 ἀνακείμενος
3015 4691 3078 4701 -
3116 4660 3341 4722 Ἰησοῦς.
3385 4662 3552 4720 Αὐτὸς
3590 4656 3691 4716 ἧνὸ
3732 4656 3837 4702 ταῦτα

2334 4749 2565 4821 γράφων,
2620 4750 2689 4808 ὡς
2752 4752 2909 4810 αὐτὸς
2965 4748 3048 4802 ἐπὶ
3078 4750 3250 4811 τέλους
3306 4758 3400 4803 τοῦ
3432 4733 3836 4821 Eur/73111021355?

2335 4835 2482 4892 λωκε.
2515 4843 2707 4891 Τοῦτον
2732 4834 2791 4891 δε
2816 4839 2997 4910 ἠγάπα
3027 4839 3052 4891 ὁ
3081 4840 3319 4907 Ἰησοῦς,
3374 4840 3521 4893 πλέον
3562 4834 3769 4894 δηλονότι,
3796 4827 3835 4881 έθί

2484 5070 2531 5106 ⁷³
2557 5071 2724 5128 toan.
2765 5086 2843 5128 xi.
2869 5074 2965 5128 33.

1778 5272 2001 5341 Variae
2041 5273 2367 5343 lectiones
2401 5286 2467 5343 et
2495 5281 2695 5345 notae.

576 5500 763 5636 digii)
801 5498 997 5559 Redde
1027 5512 1042 5559 :
1069 5496 1273 5559 veluti.
1330 5498 1444 5557 Sed
1464 5494 1567 5556 hoc
1588 5503 1838 5571 propter
1863 5499 2229 5568 proditorem

2413 5499 2528 5577 (94)
2557 5506 2659 5553 Τοῦ
2682 5500 2740 5558 Β.
