4022 6232
145 230 281 291 1385
1181 228 1551 291 COMMENT.
1597 226 1665 291 IN
1703 235 1730 291 J

1916 235 2054 293 [ΕΜ.
2099 268 2162 278 -
2204 234 2535 294 CAP.XI[I.
3368 227 3504 289 1386

147 358 290 420 ἄξιον
327 355 636 426 ἀγαπᾶσθαι
666 356 814 411 πλέον
846 354 940 411 διὰ
968 358 1258 423 πλεονεξίαν
1295 359 1481 435 ἀρετῆς
1512 360 1735 433 μεγάλης

1920 365 1986 418 et
2004 362 2251 429 caeteris,
2282 366 2347 419 ut
2375 361 2481 435 qui
2503 361 2642 434 plus
2669 359 2834 432 diligi
2864 360 3083 431 dignus
3113 362 3261 427 erat,
3290 358 3367 416 ob
3386 358 3508 415 vir-

149 447 209 505 ἣν
230 446 379 507 αὐτὸς
409 444 676 522 ἀπέκρυψε
705 443 740 500 δ
746 449 799 500 ιά
823 452 1284 523 μετριοφροσύνην.

1919 450 1991 507 tis
2020 466 2257 522 magna:
2287 450 2770 524 praerogativam,
2812 466 3000 523 quam
3028 450 3158 523 ipse
3193 447 3507 507 modestiae

1852 555 2039 597 causa
2065 540 2401 598 occultavit.

226 627 441 696 Λέγεται
494 620 553 679 δι
592 630 682 678 καὶ
734 634 982 680 τοσοῦτον
1034 625 1089 678 ἐκ
1135 630 1368 689 νεότητος
1429 626 1744 701 ἐπιμελήσα-

1925 629 2146 685 Dicitur
2185 634 2385 686 autem
2429 633 2649 686 tantam
2674 644 2712 685 a
2752 644 2939 702 puero
2977 643 3183 685 curam
3225 625 3508 683 habuisse

156 714 279 764 σθαι
321 716 701 788 καθαρότητος,
758 718 825 777 ὡς
871 721 942 789 μὴ
978 716 1130 769 ἐᾶσαί
1177 736 1301 770 ποτε
1329 714 1469 790 μηδὲ
1492 718 1744 791 λογισμὸν

1921 718 2147 783 uitatis,
2180 722 2244 775 ut
2287 733 2360 776 ne
2401 722 2639 791 turpem
2684 716 2931 790 quidem
2961 716 3377 789 cogitationem
3398 729 3509 771 un-

153 801 380 872 αἰσχρόν
425 800 677 862 ἀναϐῆναι
739 805 811 866 εἰς
856 810 950 864 τὴν
981 802 1205 881 καρδίαν
1260 807 1421 859 αὐτοῦ
1452 824 1464 837 ⁸
1494 808 1741 881 λογισμόν

1926 823 2039 863 iam
2063 808 2122 863 in
2145 823 2247 863 cor
2272 823 2449 863 suum
2473 806 2796 864 ascendere
2822 806 3153 879 permiserit
3171 820 3185 860 :
3203 804 3394 874 turpis
3413 818 3514 859 au-

155 887 217 942 δε
252 890 480 965 αἰσχρόν
507 892 565 944 οὐ
600 897 694 951 τὴν
726 898 952 965 φυσικὴν
990 899 1197 953 κίνησιν
1236 895 1453 962 οἰητέον,
1501 895 1626 949 ἀλλὰ
1656 903 1743 956 τὴν

1919 911 1976 950 m
2007 894 2309 965 cogitatio,
2332 895 2543 952 nonde
2565 899 2732 952 motu
2753 893 3011 952 naturali
3036 892 3385 966 accipienda
3403 896 3506 956 est,

154 985 517 1055 προαιρετικὴν
572 986 880 1054 φαντασίαν.
940 987 1027 1036 Διό
1084 990 1174 1037 καὶ
1230 987 1479 1058 παρθένος
1536 987 1742 1061 ὕστερον

1928 984 1961 1037 d
1986 983 2062 1039 de
2074 983 2388 1055 phantasia
2413 984 2790 1050 voluntaria;
2814 983 2949 1040 ideo
2973 981 3155 1040 etiam
3174 996 3342 1052 virgo
3354 985 3516 1054 post-

155 1067 521 1142 ὲπωνομάσθη.
561 1077 725 1124 Τοῦτο
778 1067 838 1125 δὲ
875 1076 1178 1149 προτέρημα
1237 1079 1328 1127 καὶ
1387 1084 1447 1149 τῇ
1514 1082 1743 1150 Θεοτόκῳ

1929 1075 2113 1130 odum
2152 1073 2609 1145 c0gnominatus
2645 1079 2753 1130 est.
2797 1075 2916 1130 Hoc
2964 1089 3103 1131 vero
3142 1070 3517 1144 privilegium

154 1166 377 1230 προσῆν.

1862 1162 1961 1219 Dei
1984 1177 2227 1235 quoque
2256 1162 2529 1219 Genitrici
2557 1162 2765 1219 datum
2790 1166 2934 1219 erat.

232 1252 381 1320 Λέγει
410 1244 468 1302 δε
498 1250 524 1301 ό
551 1249 663 1321 (95)
696 1255 1077 1326 Χρυσόστομος
1115 1254 1192 1306 ὅτι
1215 1255 1400 1326 ἠγάπα
1419 1254 1574 1308 αὐτὸν
1604 1254 1753 1308 πλέον

1931 1252 2076 1308 Dicit
2154 1255 2355 1309 autem
2406 1251 2887 1324 Chrysostomus,
2940 1250 3105 1324 quod
3158 1250 3339 1307 etiam
3382 1263 3518 1306 am-

157 1342 250 1390 καὶ
273 1334 307 1389 δ
314 1338 348 1389 ι’
376 1338 798 1411 ὑπερϐάλλουσαν
844 1345 1315 1419 ταπεινοφροσύνην
1346 1348 1436 1396 καὶ
1460 1349 1745 1419 πραότητα,

1932 1341 2020 1397 ius
2050 1356 2189 1397 eum
2226 1339 2537 1412 diligebat,
2593 1345 2836 1414 propter
2890 1339 3275 1399 excellean
3333 1336 3520 1395 animi

158 1426 288 1501 άπερ
318 1425 573 1485 ἐκτήσατο
591 1432 717 1500 μετὰ
743 1433 801 1481 τό
832 1429 1043 1503 ἐπιτιμη
1055 1434 1204 1491 θῆναι
1223 1429 1317 1485 διὰ
1332 1438 1425 1493 τὴν
1452 1431 1746 1508 προεδρίαν.

1944 1430 2264 1488 ιωὶιίιαῐθαι
2286 1446 2356 1486 ac
2379 1430 2927 1496 mansuetudinem,
2954 1445 3108 1503 quas
3134 1428 3389 1501 adeptus
3400 1429 3532 1497 erat.

159 1522 338 1569 Ταῦτα
364 1518 467 1590 γὰρ
497 1521 586 1569 καὶ
616 1520 701 1569 τόν
740 1520 969 1579 Μωυσῆν
995 1519 1234 1590 ὕψωσαν.

1936 1525 2193 1592 ιεῑσυειω
2223 1519 2298 1576 de
2333 1519 2780 1593 prmeminentia
2835 1525 3140 1592 correptus
3169 1518 3382 1574 fuerat.
3440 1516 3524 1573 Si-

1868 1609 2107 1680 quidem
2136 1608 2231 1665 haa
2257 1610 2498 1667 virtutes
2518 1610 2697 1667 etiam
2727 1612 2922 1666 Mosen
2948 1607 3379 1665 exaltaverunt.

236 1696 419 1746 Σκόπει
445 1689 504 1746 δὲ
524 1698 613 1746 καὶ
640 1703 792 1748 τοῦτο
840 1698 920 1748 ότι
952 1701 1042 1749 καὶ
1077 1704 1186 1758 τοῖς
1242 1700 1432 1751 πάθεσι
1462 1707 1554 1752 τοῦ
1594 1696 1756 1754 διδα-
1797 1703 1824 1759 Ε

1942 1697 2267 1754 Considera
2281 1713 2423 1754 vero
2434 1699 2639 1764 ethoc,
2663 1697 2967 1770 quomodo
2982 1696 3146 1753 solus
3169 1711 3200 1752 e
3211 1692 3525 1767 discipulis

168 1781 363 1834 σκάλου
394 1789 547 1854 μόνος
576 1792 676 1835 τῶν
733 1787 979 1857 μαθητῶν
1028 1790 1325 1861 παρέμεινεν
1356 1789 1520 1861 ἄχρις
1558 1788 1618 1841 ἂν
1657 1789 1756 1853 έξέ-

1972 1787 2241 1856 magistri
2270 1785 2692 1845 afflictionibus
2726 1786 3145 1859 permanserit,
3185 1784 3377 1841 donec
3408 1782 3528 1855 spi-

166 1888 374 1924 πνευσε.
410 1874 505 1924 Διά
531 1880 698 1925 ταῦτα
728 1870 816 1925 οὖν
837 1879 926 1926 καὶ
956 1874 1198 1946 ἠγαπᾶτο
1222 1876 1387 1939 πλέον,
1421 1882 1510 1930 καὶ
1539 1877 1754 1932 ἀνέκειτο

1938 1886 2053 1932 tum
2079 1875 2447 1933 exhalasset:
2472 1875 2551 1933 ob
2571 1876 2701 1933 haec
2721 1891 2865 1947 ergo
2894 1876 3072 1933 etiam
3100 1873 3358 1947 amplius
3386 1886 3526 1928 eum

166 1962 303 2011 κατὰ
340 1964 427 2012 τόν
458 1964 638 2036 καιρόν
670 1960 855 2015 ἐκεῖνον
886 1962 933 2015 ἐν
954 1972 1027 2035 τῷ
1057 1963 1229 2035 κόλπῳ
1260 1965 1436 2037 αὐτοῦ,
1470 1969 1534 2028 ὡς
1563 1976 1686 2031 παῖς
1717 1969 1754 2021 ἐν

1942 1966 2178 2039 ligebat,
2220 1982 2290 2023 ac
2321 1971 2587 2039 tempore
2612 1966 2713 2023 illo
2737 1966 2796 2022 in
2823 1964 2959 2022 sinu
2997 1964 3126 2036 ejus
3149 1960 3530 2020 recumbebat

167 2048 343 2121 κόλπῳ
374 2054 590 2125 πατρὸς,
622 2051 880 2125 ἀναλόγως
908 2052 1127 2125 έγγίζων
1157 2053 1297 2126 αὐτῷ
1321 2051 1413 2107 διὰ
1428 2061 1515 2114 την
1551 2055 1650 2110 ἀπό
1678 2066 1755 2119 τῆς

1942 2072 2165 2128 nquam
2196 2055 2352 2112 ﬁlius
2384 2055 2442 2112 in
2483 2056 2618 2112 sinu
2649 2056 2878 2128 patris;
2920 2053 3419 2127 appropinquans
3457 2049 3530 2105 si-

172 2137 361 2212 ἀρετῆς
395 2138 672 2211 ἐγγύτητα.
708 2142 859 2199 Εἰκὸς
886 2145 989 2217 γαρ
1016 2142 1171 2194 αὐτόν
1200 2147 1386 2214 γνόντα
1416 2141 1519 2203 ἤδη
1548 2150 1634 2198 τόν
1673 2148 1760 2198 θά-

1944 2144 2092 2200 iliter
2103 2145 2156 2200 ei
2174 2150 2417 2216 propter
2438 2144 2664 2200 virtutis
2676 2144 3207 2216 propinquitatem.
3228 2139 3532 2212 Siquidem

169 2247 323 2280 νατον
352 2236 446 2282 τοῦ
485 2225 814 2283 διδασκάλου
856 2228 1063 2305 σφόδρά
1094 2234 1510 2307 σκυθρωπάζειν,
1552 2240 1641 2287 καὶ
1678 2232 1757 2288 διό

1943 2231 2192 2288 ιιοὶεἰωίιθ
2205 2237 2313 2301 est,
2326 2232 2512 2304 quod,
2528 2232 2896 2304 ρτωοοεηὶια
2901 2232 3029 2301 jam
3043 2227 3310 2299 magistri
3323 2230 3531 2291 morte,

172 2326 333 2371 τοῦτο
378 2321 511 2391 μετά
538 2323 622 2371 τόν
651 2330 879 2395 νιπτῆρα
921 2321 1316 2395 προσκληθῆναι
1376 2328 1467 2376 καὶ
1499 2322 1760 2378 ἀναπεσεῖν

1947 2327 2130 2378 (Bstus
2156 2321 2492 2378 admodum
2522 2327 2670 2388 erat,
2705 2327 2763 2378 et
2792 2326 3106 2394 propterea
3142 2322 3280 2392 post
3310 2317 3535 2390 pedum

173 2406 281 2460 ἐκεῖ
307 2411 471 2484 χάριν
495 2414 841 2484 παρηγορίας.
858 2409 1093 2483 Ἔγραψε
1109 2414 1199 2484 μὲν
1223 2411 1310 2463 οὖν
1332 2420 1516 2480 ταῦτα,
1544 2414 1604 2466 οὗ
1636 2414 1761 2486 φιλοι

1951 2411 2166 2467 tionem
2192 2412 2414 2467 ascitus
2435 2410 2649 2477 fuerat,
2681 2410 2882 2483 ibique
2910 2409 3266 2466 recubuerat
3288 2422 3303 2463 :
3324 2419 3539 2464 conso—

175 2500 488 2569 τιμούμενος
520 2515 531 2528 ·
565 2503 649 2551 καὶ
707 2502 808 2575 γὰρ
867 2503 1064 2573 φεύγων
1120 2504 1205 2553 τόν
1236 2506 1455 2575 κόμπον,
1497 2507 1555 2556 τό
1588 2503 1763 2557 ἑαυτοῦ

1951 2500 2119 2556 tionis
2149 2515 2292 2570 ergo
2323 2501 2514 2570 gratia
2534 2501 2626 2572 (ii)
2646 2500 2774 2556 haec
2801 2498 3057 2573 scripsit,
3077 2513 3200 2554 non
3238 2496 3539 2567 gloriatio-

177 2596 582 2661 παρεσιώπησεν
608 2593 691 2642 ὄνο
694 2610 787 2663 μα.

1950 2608 1977 2644 s
2010 2606 2025 2645 :
2058 2605 2201 2646 nam
2248 2589 2482 2660 fugiens
2508 2589 2874 2662 jactantiam,
2926 2588 3021 2644 sui
3073 2587 3261 2659 ipsius
3316 2598 3538 2641 nomen

1886 2678 2185 2735 conticuit.

249 2765 389 2820 Ἀλλ’
419 2764 598 2826 ἐπειδὴ
640 2765 976 2845 παρέδραμον
1037 2772 1086 2822 οἰ
1142 2770 1286 2823 ἄλλοι
1315 2770 1682 2844 εὖαγγελισταὶ
1714 2775 1779 2826 τὰ

1959 2769 2175 2823 Verum
2207 2783 2346 2823 cum
2373 2766 2567 2823 caeteri
2601 2764 2976 2837 evangelista
3024 2760 3541 2837 praetermisissent

174 2861 414 2929 περὶτοῦ
468 2856 780 2930 ἐμϐάφέντος
812 2859 1025 2932 ψωμίου
1074 2865 1160 2912 καὶ
1209 2856 1447 2923 δοθέντος
1477 2870 1546 2932 τῷ
1577 2859 1756 2916 ’ἰούδα

1949 2873 2023 2913 ιω
2049 2857 2117 2912 de
2134 2856 2478 2913 intinctione
2493 2859 2552 2912 et
2567 2854 2753 2912 oﬁ‘ula
2775 2854 2941 2911 Judm
2971 2854 3107 2910 data
3131 2851 3537 2922 contigerant:

177 2945 374 3017 μέλλων
398 2942 759 3017 διηγήσασθαι
787 2956 958 3013 τοῦτο,
1012 2946 1306 3020 ἀναγκαίως
1351 2948 1551 3003 ἐνέπεσε
1588 2957 1678 3005 καὶ
1707 2952 1765 3013 εἰς

1956 2951 2238 3002 trraturus
2264 2946 2399 3012 hoc,
2427 2945 2632 3002 incidit
2670 2944 3011 3001 necessario
3040 2943 3100 2999 in
3127 2943 3341 2998 horum
3379 2952 3544 2996 enar-

178 3039 276 3092 τὴν
303 3037 496 3087 τούτων
523 3033 1007 3108 ἁπαγγελίαν.Ἐπεὶ
1027 3041 1126 3113 γὰρ
1153 3037 1627 3113 αὖτός,ἐπιτραμεὶς
1639 3044 1766 3114 παρά

1962 3037 2202 3092 tionem.
2243 3035 2413 3101 Nam,
2455 3034 2601 3107 quia
2649 3033 2891 3090 hortatu
2942 3031 3090 3089 Petri
3123 3030 3274 3086 clam
3301 3027 3544 3085 interro-

180 3130 277 3176 του
302 3127 517 3198 Πέτρου,
554 3124 791 3198 ἠρώτησε
820 3130 1048 3200 κρυφίως
1085 3132 1162 3189 τίς
1201 3127 1339 3180 ἐστιν
1389 3131 1414 3181 ό
1453 3127 1768 3203 παραδιδοὺς

1958 3129 2139 3182 ινθτειι
2166 3123 2449 3197 quisnam
2478 3129 2632 3180 esset
2681 3122 2786 3194 qui
2815 3138 2953 3179 eum
2992 3119 3270 3184 traderet,
3306 3131 3546 3173 necesse

156 3213 341 3275 ,αὐτόν
375 3230 387 3242 ·
423 3211 702 3284 ἀναγκαῖον
733 3211 793 3272 ἦν
842 3215 998 3268 εἰπεῖν
1047 3224 1147 3269 που
1205 3216 1527 3290 ἀνακείμενος
1552 3216 1744 3278 ἠδύνατ

1959 3214 2257 3279 atdicere,
2309 3212 2620 3286 quomodo
2667 3210 3055 3278 recumberet,
3099 3213 3161 3265 ut
3187 3207 3342 3263 clam
3373 3209 3547 3261 crete-

178 3303 376 3376 ἐρωτᾷν
404 3307 647 3376 κρυφίως,
698 3308 924 3365 καὶπῶς
978 3303 1181 3380 ἐθάρρει
1236 3304 1339 3358 ἕκιί
1390 3326 1440 3359 τε
1478 3305 1762 3364 ἀνακεῑσόα

1958 3322 1973 3359 ς
2012 3309 2211 3377 posset
2240 3302 2630 3371 interrogare,
2669 3304 2724 3358 et
2752 3316 2876 3374 quo
2905 3303 3082 3372 pacto
3137 3312 3321 3355 ausus
3350 3299 3439 3352 est
3465 3292 3546 3350 ibi

176 3398 272 3444 καὶ
298 3391 494 3466 έρωτᾲν
525 3400 810 3463 μυστικῶς.

1892 3391 2231 3449 recumbere
2257 3408 2328 3448 ac
2358 3396 2584 3447 secreto
2604 3389 2981 3460 interrogare.

256 3480 327 3534 Ἦ
362 3484 420 3533 τό
475 3484 567 3554 μὲν
624 3480 929 3535 ἀνακεῖσθαι
959 3481 1007 3535 ἐν
1072 3493 1144 3555 τῷ
1188 3486 1360 3560 κόλπῳ
1410 3490 1571 3544 αὐτοῦ
1628 3510 1782 3565 φησι,

1964 3487 2079 3538 Aut
2102 3480 2443 3536 recubuisse
2472 3496 2535 3536 se
2572 3479 2717 3535 dicit
2739 3480 2800 3534 in
2826 3478 2962 3535 sinu
2987 3478 3145 3549 ejus,
3193 3475 3551 3531 immensam

180 3567 363 3629 δηλῶν
414 3574 509 3628 τήν
569 3572 910 3646 ὑπεράπειρον
969 3579 1281 3628 ταπείνωσιν
1334 3586 1424 3631 τοῦ
1482 3585 1575 3640 τὴν
1628 3578 1768 3644 δόξατ

1967 3572 2054 3626 ius
2078 3569 2466 3626 manifestans
2496 3568 2910 3633 humilitatem,
2950 3568 3055 3641 qui
3079 3566 3394 3622 immenste
3424 3566 3555 3619 erat

178 3662 535 3735 ὑπεραπείρου
595 3677 608 3689 ⁸
663 3664 722 3712 τό
797 3657 857 3714 δὲ
942 3661 1247 3734 ἀγαπᾶσθαι
1315 3667 1469 3740 λέγει,
1540 3666 1766 3723 δεικνύωτ

1967 3662 2093 3717 oriae
2127 3678 2141 3714 :
2171 3675 2236 3715 se
2260 3675 2395 3716 vero
2415 3658 2580 3729 diligi
2604 3658 2706 3722 ait,
2746 3657 3091 3728 significans
3128 3658 3186 3711 et
3223 3669 3285 3709 se
3316 3655 3555 3723 gratum

181 3750 373 3803 ἑαυτόν
433 3768 488 3801 τε
562 3748 879 3825 εὐχάριστον
965 3751 1199 3806 κάκεῖνον
1280 3755 1762 3829 φιλανθρωπότατον

1980 3749 2136 3806 illum
2162 3749 2522 3806 humanum.
2549 3746 2866 3805 Confitetur
2888 3761 3051 3819 ergo,
3079 3742 3246 3817 quod
3274 3740 3557 3813 diligeba-

184 3843 294 3892 Καὶ
321 3840 404 3890 ὅτι
450 3840 540 3911 μεν
577 3840 820 3910 ἠγαπᾶτο
869 3840 1105 3914 ὁμολογεί
1137 3860 1148 3872 ⁸
1184 3839 1329 3896 διατί
1369 3842 1427 3897 δὲ
1462 3847 1703 3918 ἠγαπᾶτο
1728 3850 1772 3900 οι

1970 3857 1991 3894 r
2012 3855 2028 3905 ;
2049 3854 2299 3895 causam
2312 3854 2449 3895 vero
2460 3853 2566 3894 cur
2581 3837 2924 3909 diligeretur
2943 3850 3066 3893 non
3090 3832 3273 3897 addit,
3305 3829 3481 3886 simul
3503 3832 3558 3886 et

181 3928 560 4003 προστίθησιν,
648 3927 980 4004 εὐχαριστῶν
1059 3934 1151 4005 μέν
1224 3932 1336 4006 οἶμα
1413 3939 1503 3988 καὶ
1588 3955 1765 4012 μετριο

978 3953 980 3967 ι
1059 3934 1151 4005 μὶν
1224 3932 1336 4006 οἶμα
1413 3939 1503 3988 καὶ
1588 3955 1791 4012 μπριο-
1896 3934 2100 3999 gratus
2137 3933 2195 3984 et
2232 3927 2566 4007 modestus.

184 4024 412 4094 φρονῶν.

264 4109 419 4160 Νεύει
474 4135 543 4148 -—
598 4106 757 4179 λέγει.
835 4108 992 4171 Αὐτός
1039 4112 1129 4183 μὲν
1191 4112 1285 4165 οὐκ
1341 4111 1625 4189 έθαῤῥησεν
1665 4113 1792 4189 έρω-

1973 4104 2244 4160 νοτε.24.
2278 4103 2486 4159 Innuit
2534 4102 2868 4159 --dz'ceret.
2894 4103 3023 4175 Ipse
3074 4102 3321 4174 quidem
3373 4117 3560 4157 ausus

183 4204 361 4255 τῆσαι
412 4191 504 4248 διὰ
552 4200 644 4255 τὴν
694 4197 865 4251 αἰτίαν
915 4197 974 4257 ἣν
1014 4199 1287 4275 εἰρήκαμεν
1331 4201 1379 4255 έν
1409 4211 1482 4274 τῷ
1531 4204 1771 4276 ἑξηκοστᾴ

1973 4210 2027 4250 ιιι
2056 4199 2144 4250 est
2166 4193 2554 4261 interrogare,
2578 4197 2821 4264 propter
2841 4207 3089 4248 causam
3114 4206 3302 4263 quam
3322 4205 3561 4260 sexage-

184 4287 426 4359 τετάρτῳ
464 4285 721 4358 κεφαλαίῳ
775 4295 866 4340 τοῦ
917 4291 1053 4342 κατά
1096 4292 1363 4344 Ματθαίον
1395 4311 1407 4324 ο
1453 4302 1524 4363 τῷ
1585 4293 1772 4347 Ἰωάννη

1976 4300 2063 4341 :no
2084 4290 2299 4357 quarto
2308 4283 2486 4354 juxta
2506 4281 2842 4338 Matthmum
2862 4280 3053 4351 capite
3065 4279 3328 4335 diximus
3352 4294 3365 4344 ;
3389 4279 3564 4334 Joan-

189 4371 257 4427 δὶ
286 4380 445 4426 τοῦτο
494 4373 784 4447 ἐπέτρεψεν,
836 4379 905 4439 ὡς
940 4378 1258 4452 ἠγαπημένῳ
1314 4380 1547 4453 μάλιστα
1589 4393 1660 4455 τῷ
1708 4380 1777 4436 δι·

2029 4391 2168 4433 vero
2214 4374 2330 4429 hoc
2403 4370 2700 4427 commisit
2764 4375 3060 4443 tanquam
3108 4385 3144 4426 a
3200 4373 3563 4442 praeceptore

187 4459 228 4516 δ
234 4461 476 4537 ασκάλῳ,
529 4468 617 4516 καὶ
662 4462 973 4539 ἀνακείμένῳ
1005 4476 1296 4527 τηνικαῦτα
1332 4471 1382 4523 έν
1408 4479 1476 4544 τῷ
1504 4471 1676 4546 κόλπῳ
1707 4473 1771 4526 αὐ

1979 4466 2173 4523 axime
2197 4461 2428 4529 dilecto,
2460 4459 2568 4534 qui
2606 4466 2745 4517 tunc
2798 4460 2860 4516 in
2914 4460 3049 4515 sinu
3078 4459 3207 4531 ejus
3250 4456 3567 4514 recumbe-

178 4556 308 4607 τοῦ.

1910 4557 2033 4614 bat.

270 4643 566 4696 Ἐπιπεσὼν
618 4639 678 4697 δί
728 4643 917 4707 ἐκεῖνος
985 4650 1150 4713 οὕτως
1220 4680 1289 4690 -
1345 4648 1485 4705 ἔστιν
1538 4668 1551 4720 ;
1608 4656 1802 4723 Οὕτως,

1982 4644 2149 4702 Vers.
2180 4644 2271 4701 25.
2327 4644 2477 4701 Cum
2533 4656 2673 4712 ergo
2723 4639 2829 4697 ille
2857 4637 3219 4696 recumberet
3242 4638 3416 4694 ita—
3439 4636 3566 4694 est?

186 4735 265 4794 ὡς
297 4730 548 4800 ἀνέκειτο,
588 4737 831 4787 τουτέστι
882 4739 954 4808 μὴ
1016 4736 1267 4806 ἀναστὰς,
1326 4738 1457 4793 ἀλλὰ
1518 4745 1670 4812 μόνον
1712 4760 1774 4815 με

1980 4752 2019 4801 ι,
2050 4735 2221 4791 sicuti
2249 4731 2654 4796 recumbebat,
2685 4730 2799 4786 hoc
2828 4733 2938 4796 est,
2992 4742 3115 4783 non
3153 4726 3433 4791 elevatus,
3462 4724 3568 4783 sed

183 4825 540 4895 ταστραφείς.
594 4820 653 4877 Ὀ
681 4825 772 4897 μὶν
822 4820 909 4876 οὖν
974 4826 1210 4889 Ἰωάννης
1266 4827 1319 4892 έξ
1369 4829 1656 4893 ἁπλότητος
1717 4851 1771 4884 κο

1983 4830 2148 4882 ntum
2173 4838 2525 4881 conversus.
2562 4821 2821 4876 Joannes
2859 4818 3059 4890 itaque
3088 4831 3161 4872 ex
3192 4815 3571 4889 simplicitate

184 4911 414 4985 ἀγάπης
444 4913 702 4968 ἐπέπεσεν.
769 4916 930 4967 Οὔπω
966 4918 1068 4992 γὰρ
1109 4920 1257 4990 φύσει
1307 4922 1429 4973 Θεὸν
1494 4920 1648 4973 αὐτόν
1701 4917 1772 4992 έγὶ

1984 4915 2325 4973 dilectione
2348 4909 2742 4969 recumbebat
2774 4924 2789 4975 ;
2843 4905 3117 4964 nondum
3168 4905 3328 4962 enim
3356 4910 3572 4960 natura

181 5019 401 5057 νωσκεν
433 5019 450 5036 ·
500 5001 658 5065 αὐτὸς
713 4999 773 5057 δε
822 5004 1079 5076 ἠνέσχετο
1115 5005 1211 5058 κάν
1264 5010 1428 5080 τούτῳ
1466 5007 1769 5081 ψυχαγωγέ

1982 5022 2106 5063 eum
2155 5018 2287 5060 esse
2344 4998 2790 5071 cognoscebat;
2844 4997 2970 5069 ipse
2998 5012 3140 5052 vero
3169 4992 3570 5067 permittebat,

185 5090 392 5150 αὐτόν.
1920 5097 2100 5154 etiam
2138 5095 2198 5152 in
2222 5094 2339 5151 hoc
2364 5090 2637 5149 animum
2664 5086 2819 5144 illius
2843 5084 3170 5143 oblectans.

1425 5276 1650 5348 Variae
1691 5275 2016 5349 lectiones
2056 5286 2121 5345 et
2151 5285 2352 5343 notae.

315 5413 437 5489 (95)
463 5416 616 5473 Tom.
646 5413 788 5486 VIII,
817 5433 879 5490 p.
914 5417 1018 5475 194
1041 5418 1113 5478 Α.

319 5539 415 5616 (ἰδ’)
450 5541 614 5615 Χάριν
631 5546 981 5619 παρηγορίας,
1013 5542 1189 5615 male,
1220 5546 1284 5601 ut
1306 5542 1566 5609 videtur,
1590 5545 1878 5619 interpres

1387 5543 1566 5609 ietur,
1590 5545 1878 5619 interpres
1908 5542 2103 5602 retulit
2132 5541 2212 5600 ad
2239 5539 2549 5614 sequentia
2570 5537 2764 5617 ἔγραψε
2792 5542 2975 5605 ταῦτα,

544 5638 785 5697 Pueros.
830 5639 914 5698 Gn
929 5685 942 5699 .
992 5640 1237 5702 CXXIX.

3274 5628 3343 5701 ti
