4022 6232
542 229 563 285 1
573 228 676 284 387

533 444 709 516 juxta
741 440 1084 496 Mattheeum
1132 438 1344 509 capite,
1380 438 1480 494 ubi
1530 438 1786 492 dicitur:
1832 438 1963 492 Dico
2004 444 2195 491 autem

540 533 708 599 vobis,
738 528 890 602 quod
928 544 1043 583 non
1076 527 1269 583 bibam
1292 543 1367 583 ex
1392 529 1497 583 hoc
1526 528 1733 595 fructu
1765 527 1900 583 vitis
1930 542 2109 596 usque
2134 527 2196 580 in

541 623 693 677 diem
718 618 955 674 illum“
977 622 1032 671 et
1053 622 1285 681 caetera,
1310 622 1361 671 et
1377 616 1502 686 lege
1521 622 1704 672 totam
1725 616 2192 670 enarrationem:

542 726 685 766 nam
717 709 776 763 in
807 722 876 762 ea
908 707 978 761 de
995 705 1085 760 his
1116 706 1262 760 etiis
1293 722 1427 777 quae
1460 714 1804 778 sequuntur,
1833 705 1909 760 ad
1947 705 2194 760 verbum

542 799 768 854 dictum
792 800 898 850 est.

614 888 774 942 Vers.
801 886 891 941 '27.
936 886 1009 939 Et
1040 916 1106 925 —-
1135 884 1417 940 Satanas.
1450 886 1511 939 In
1544 884 1661 940 ﬁne
1685 884 1838 939 illius
1874 883 2198 939 enarratio-

542 978 635 1034 nis
666 976 741 1031 de
778 975 892 1030 hoc
924 974 1099 1045 plane
1131 974 1414 1028 invenies.
1448 976 1754 1043 Ingressus
1785 979 1875 1029 est
1904 977 2103 1028 autem
2138 974 2197 1028 in

543 1066 731 1129 illum,
756 1077 875 1118 non
894 1061 1057 1132 quod
1074 1066 1135 1115 ut
1161 1060 1595 1117 daamoniacum
1622 1062 1889 1131 agitaret,
1906 1062 2009 1116 sed
2032 1065 2197 1133 quod

543 1153 947 1209 dominaretur
964 1167 1032 1206 ac
1056 1151 1311 1205 servituti
1336 1167 1470 1205 eum
1497 1152 1831 1222 subjiceret,
1864 1149 2040 1206 veluti
2073 1168 2202 1223 sep-

544 1241 881 1311 tuagesimo
903 1246 1068 1294 sexto
1090 1240 1277 1309 capite
1299 1239 1595 1311 Evangelii
1614 1242 1951 1296 secundum
1976 1240 2196 1295 Lucam

544 1331 824 1386 diximus.
846 1327 947 1383 Vel
965 1328 1142 1383 etiam
1160 1343 1265 1400 per
1286 1330 1675 1399 cogitationes
1697 1331 1755 1384 in
1782 1328 1947 1384 illum
1980 1328 2201 1399 ingres-

548 1437 649 1475 sus
680 1424 784 1474 est.

616 1511 775 1563 Vers.
809 1508 897 1560 27.
958 1508 1061 1561 Ait
1117 1538 1182 1546 —
1240 1507 1401 1562 Vers.
1449 1510 1535 1561 29.
1588 1509 1790 1563 Daret.
1846 1512 1906 1562 In
1940 1523 2009 1562 ea
2030 1522 2201 1563 enar-

544 1599 773 1655 ratione
804 1597 979 1652 etiam
1022 1596 1150 1651 hiec
1179 1598 1385 1651 omnia
1429 1597 1670 1667 pulchre
1708 1597 2001 1653 declarata
2039 1602 2197 1652 sunt.

618 1690 774 1742 Vers.
818 1690 911 1741 30.
946 1686 1199 1754 Accepta
1226 1717 1291 1726 —
1322 1687 1524 1742 exivit.
1564 1686 1838 1742 Similiter
1864 1687 2077 1742 ethoc.

615 1778 776 1831 Vers.
805 1780 894 1831 30.
926 1776 1074 1829 Erat
1113 1804 1182 1815 —
1231 1777 1392 1831 Vers.
1435 1780 1526 1831 3t.
1575 1776 1801 1833 Exivit.
1844 1775 2203 1845 Signiﬁcavit

546 1870 782 1938 tempus
821 1862 1213 1933 evangelista,
1273 1864 1612 1931 ostendens,
1668 1864 1831 1937 quod
1864 1880 2053 1934 neque
2084 1880 2199 1919 nox

546 1970 682 2010 eum
712 1952 969 2008 retinuit.

617 2043 774 2097 Vers.
805 2043 891 2097 31.
926 2041 1027 2095 Ait
1077 2073 1144 2081 —
1186 2042 1459 2108 hominis,
1490 2042 1779 2113 Superius
1826 2041 1973 2096 dixit
2010 2042 2201 2112 capite

546 2132 779 2187 decimo
800 2131 1009 2201 quinto
1043 2147 1055 2185 :
1083 2132 1245 2186 Venit
1268 2135 1491 2199 tempus
1524 2138 1587 2186 ut
1618 2132 2203 2202 gloriﬁce/urFitius

547 2222 799 2276 hominis
830 2221 897 2273 7⁸.
934 2220 1033 2273 Hic
1048 2226 1242 2273 autem
1263 2236 1275 2274 :
1300 2221 1479 2275 Nunc
1508 2222 1873 2289 gloriﬁcatus
1901 2224 1983 2277 est
2009 2221 2202 2276 Filius

547 2309 821 2364 hominis.
867 2310 928 2360 Et
962 2307 1092 2373 hoc,
1136 2307 1346 2379 inquit,
1394 2314 1662 2379 tempore
1704 2310 2069 2378 gloriﬁcatus
2116 2316 2201 2365 est

545 2395 970 2453 afﬂictionibus
988 2411 1095 2467 pro
1115 2397 1342 2452 mundo
1372 2397 1628 2454 toleratis
1654 2416 1665 2453 :
1688 2414 1827 2454 nam
1858 2399 2047 2468 gloria
2066 2406 2203 2455 sunt

551 2486 800 2542 domino
822 2482 1195 2551 aﬂlictiones,
1246 2502 1398 2558 quas
1436 2503 1546 2559 pro
1581 2488 1767 2543 servis
1808 2488 2028 2543 tolerat.
2057 2491 2202 2543 Tan-

550 2590 735 2647 quam
784 2573 1005 2628 factum
1048 2580 1249 2630 autem
1294 2575 1433 2630 dicit
1480 2576 1539 2631 id
1572 2579 1735 2649 quod
1763 2577 2029 2632 futurum
2070 2584 2199 2645 est;

544 2666 685 2737 quia
703 2662 885 2735 paulo
900 2669 1029 2735 post
1046 2665 1647 2736 comprehendendus
1674 2673 1729 2722 et
1752 2684 2036 2738 passurus
2056 2673 2196 2723 erat.

545 2753 707 2818 Quod
728 2751 779 2805 si
809 2751 1058 2807 domino
1077 2752 1264 2823 gloria
1282 2764 1417 2809 sunt
1436 2754 1787 2811 aﬁlictiones
1812 2756 2069 2811 toleratae
2093 2771 2201 2827 pro

547 2842 757 2907 servis,
793 2840 979 2897 multo
1019 2843 1211 2912 magis
1256 2845 1440 2899 servis
1482 2846 1671 2916 gloria
1724 2852 1879 2909 sunt,
1921 2862 2056 2918 quae
2093 2861 2201 2917 pro

543 2931 792 2987 domino
823 2931 1132 2986 sustinent.

617 3021 778 3073 Vers.
817 3018 905 3072 3t.
946 3019 1019 3073 Et
1058 3050 1126 3061 -
1165 3035 1316 3077 eum.
1362 3021 1532 3078 Pater
1586 3022 1949 3093 gloriﬁcatus
1970 3030 2060 3080 est
2099 3042 2205 3097 per
2237 3052 2276 3107 ρ

544 3108 773 3174 Filium,
845 3123 948 3179 per
1000 3111 1528 3175 conversationem.
1581 3128 1701 3185 qua
1754 3120 2041 3185 tanquam
2099 3114 2206 3169 ho-

543 3215 645 3255 mo
684 3214 793 3271 pro
847 3199 1035 3255 salute
1083 3200 1399 3256 hominum
1452 3209 1837 3259 conversatus
1892 3210 1997 3259 est.
2057 3207 2204 3259 Nam

544 3290 698 3344 sicut
727 3289 867 3345 Filio
892 3290 1087 3361 gloria
1107 3294 1192 3346 est
1216 3290 1435 3345 habere
1466 3292 1642 3347 talem
1663 3293 1925 3357 Patrem,
1951 3294 2031 3348 ita
2058 3310 2204 3348 sane

544 3382 599 3431 et
631 3379 780 3433 Patri
812 3378 1000 3447 gloria
1040 3382 1131 3433 est
1160 3378 1381 3434 habere
1414 3379 1587 3435 talem
1650 3382 1878 3436 Filium.
1915 3382 2205 3438 Praeterea

543 3481 785 3539 quoque
800 3468 1073 3523 homines
1092 3468 1360 3523 videntes
1387 3469 1744 3527 admiranda
1774 3488 1907 3542 qua:
1927 3471 2201 3538 faciebat,

544 3554 960 3624 gloriﬁcabant
992 3558 1200 3621 Deum,
1241 3558 1757 3629 quemadmodum
1789 3560 1995 3616 dicunt
2026 3576 2206 3616 evan-

542 3644 785 3713 gelistm.

616 3731 784 3787 Vers.
817 3732 908 3789 32.
944 3732 1111 3799 Quod
1133 3733 1185 3789 si
1217 3765 1275 3775 -
1307 3736 1581 3803 seipsum.
1606 3734 1968 3794 Gloriﬁcabit
1995 3738 2203 3795 Filium

544 3836 650 3895 per
699 3822 982 3894 seipsum,
1037 3822 1221 3877 edens
1291 3824 1556 3895 prodigia
1590 3829 1849 3897 tempore
1888 3829 2201 3899 passionis,

543 3911 854 3967 tremenda
876 3926 941 3965 ac
963 3912 1260 3983 stupenda
1279 3913 1483 3981 signa:
1504 3914 1682 3969 etiam
1700 3915 1838 3970 hinc
1852 3918 2201 3983 ostendens,

542 3999 708 4071 quod
734 3999 1034 4072 legitimus
1066 4006 1219 4055 esset
1244 4002 1368 4071 ejus
1402 4002 1591 4057 Filius.
1628 4006 1773 4059 Nam
1803 4012 1857 4059 et
1889 4014 2205 4079 propterea

542 4089 604 4144 in
656 4088 1058 4161 superioribus
1111 4089 1299 4145 dixit:
1332 4090 1480 4147 Cum
1528 4093 1934 4151 exultaverilis
1984 4097 2201 4153 Filium

545 4178 815 4242 hominis,
909 4183 1051 4234 tunc
1115 4182 1461 4248 cognoscetis
1536 4182 1695 4251 quod
1773 4199 1874 4254 ego
1944 4186 2052 4241 sim
2130 4188 2198 4253 ⁷⁸,

543 4267 645 4323 ubi
670 4266 941 4324 latiorem
983 4284 1053 4324 ac
1082 4268 1549 4325 manifestiorem
1582 4271 1848 4328 dedimus
1874 4276 2205 4332 enarratio-

542 4371 704 4412 nem.

615 4446 775 4501 Vers.
823 4450 911 4501 32.
955 4446 1020 4500 Et
1067 4476 1121 4487 —
1171 4461 1323 4503 eum.
1382 4448 1673 4506 Continuo
1718 4450 1776 4506 in
1825 4451 1957 4523 ipsa
2004 4470 2196 4511 cruce.

544 4532 667 4588 Hoc
709 4538 909 4589 autem
952 4533 1115 4603 dixit,
1157 4552 1230 4590 ne
1280 4534 1354 4591 de
1398 4536 1581 4606 gloria
1638 4538 1736 4595 illa
1782 4542 2192 4611 Opinarentur,

540 4637 722 4692 quam
769 4623 1014 4678 habebit
1061 4623 1118 4677 in
1166 4624 1430 4681 secundo
1480 4643 1591 4682 suo
1628 4628 1911 4696 adventu,
1955 4631 2028 4686 de
2073 4650 2195 4704 qua

541 4709 879 4780 frequenter
919 4727 1022 4766 eos
1068 4712 1286 4769 docuit.
1343 4714 1477 4770 Hinc
1521 4731 1664 4772 vero
1711 4717 1938 4789 dicens,
1989 4728 2194 4777 monet

543 4803 845 4855 stertentes
867 4815 1073 4855 eorum
1096 4803 1501 4872 cogitationes,
1528 4808 1825 4875 etsuadet,
1846 4825 1965 4865 non
1996 4811 2190 4867 solum

541 4905 615 4947 ne
665 4889 911 4947 moleste
961 4890 1172 4956 ferant,
1210 4893 1314 4948 sed
1353 4900 1409 4950 et
1438 4895 1738 4964 gaudeant
1783 4905 2023 4971 propter
2069 4901 2194 4971 glo-

540 4979 692 5041 riam
722 4982 877 5053 ejus,
909 4995 1039 5052 quac
1060 4980 1241 5053 paulo
1269 4988 1406 5054 post
1437 4983 1634 5043 futura
1658 4991 1764 5044 est.

645 5175 695 5212 τι
724 5174 1065 5243 Matth.xv1,
1104 5182 1155 5244 9,
1272 5180 1320 5217 ⁷⁸
1350 5180 1522 5239 Joan.
1554 5198 1654 5252 xu,
1694 5186 1783 5241 23.

1884 218 2225 277 EUTHYMII
2266 208 2587 277 ZIGABENI
3716 226 3813 279 1388

610 357 769 408 Vers.
800 352 888 406 26.
907 349 1235 418 Respondet
1259 348 1663 406 —Iscariotae.
1696 350 1898 413 Quaere
1916 347 2195 418 praedicto
2228 347 2268 399 A

2383 346 2741 419 Ἀποκρίνεται
2772 376 2840 385 —-
2889 345 3217 419 Ἰσκαριὼτῃ,
3256 350 3483 404 Ζήτησον
3520 345 3562 398 ἐν
3590 356 3649 417 τῷ
3694 346 3820 407 tirio.

2311 437 2444 487 θέντι
2475 435 2732 507 κεφαλαίῳ
2763 442 2855 486 τοῦ
2895 438 3029 486 κατά
3070 438 3329 488 Ματθαῐον
3361 438 3465 507 (96)
3514 442 3563 487 το
3594 456 3605 466 ·
3636 444 3755 503 Λέγω
3780 436 3821 489 δε

2309 526 2427 596 ὑμῖν
2455 527 2534 576 ὅτι
2559 524 2617 576 οὐ
2648 529 2717 596 μὴ
2757 529 2859 575 πίω
2913 523 3104 598 amr/Tyri
3138 524 3189 575 ἐκ
3229 530 3407 577 τούτου
3441 534 3525 577 τοῦ
3570 532 3823 596 γεννήματος

2309 622 2399 676 τῆς
2432 614 2680 685 ἀμπέλου,
2706 614 2798 673 ἕως
2833 621 2921 673 τῆς
2944 617 3142 686 ἡμέρας
3170 614 3376 681 ἐκείνης,
3410 621 3492 665 καὶ
3517 613 3737 685 ἀνάγνωθι
3757 624 3823 672 τὴν

2309 703 2430 763 ἄλην
2462 704 2709 775 ἐξήγησιν
2744 721 2755 732 ·
2799 703 2846 755 ἐν
2879 705 3008 776 αὐτῇ
3064 708 3165 774 γὰρ
3205 708 3524 777 περὶτούτων
3559 724 3606 756 τε
3648 710 3721 755 καὶ
3755 716 3825 756 τῶν

2310 794 2484 865 ἐφεξῆς
2515 793 2706 867 ἐρρήθη
2739 796 2873 845 κατὰ
2902 794 3071 865 λόγον.

2385 888 2483 935 Καὶ
2552 914 2610 921 -
2679 889 2923 944 Σατανᾶς.
3000 884 3078 935 Ἐν
3132 891 3201 951 τῷ
3268 882 3413 934 τελεῖ
3460 890 3545 942 τῆς
3597 880 3828 951 ἐξηγήσεως

2310 972 2503 1033 ἐκείνης
2558 972 2793 1043 εὑρήσεις
2824 976 2939 1045 περὶ
3001 975 3186 1024 τούτου
3225 981 3414 1042 σαφῶς.
3478 971 3674 1028 Εἰσῆλθε
3714 968 3827 1030 δὲεὶς

2311 1062 2515 1127 ἐκεῖνον,
2550 1061 2653 1132 οὐχ
2702 1064 2834 1113 ὥστε
2884 1058 3136 1133 δαιμονᾲν
3177 1062 3350 1126 αὐτὸν,
3408 1059 3508 1111 ἀλλ’
3559 1063 3675 1111 ὥστε
3712 1080 3832 1110 κατα-

2310 1154 2562 1223 κυριεύειν
2620 1156 2708 1201 καὶ
2774 1147 3121 1222 aculeo/awst
3185 1152 3357 1219 αὑτὸν,
3436 1153 3499 1211 ὡς
3564 1154 3639 1199 καὶ
3702 1149 3740 1199 ἐν
3784 1159 3832 1217 τῷ

2313 1238 2686 1313 ἑϐδομηκοστῷ
2743 1240 2871 1310 ἕκτῳ
2925 1239 3181 1311 κεφαλαίῳ
3248 1245 3337 1291 τοῦ
3388 1241 3517 1290 κατά
3570 1244 3745 1289 Aoum?)
3790 1240 3834 1289 ει-

2312 1336 2561 1402 ρήκαμεν.
2607 1329 2671 1381 Ἦ
2721 1334 2808 1380 καὶ
2864 1326 2958 1380 διὰ
2988 1337 3083 1381 τῶν
3112 1329 3374 1402 λογισμῶν
3417 1328 3631 1386 εἰσῆλθεν
3656 1328 3711 1387 εἰς
3737 1329 3836 1379 ἐκεῖ·

2312 1439 2394 1470 νον
2428 1420 2561 1489 (97).

2388 1512 2539 1578 Λέγει
2572 1539 2630 1547 -
2664 1504 2762 1577 δῷ.
2792 1507 2874 1560 Ἐν
2906 1506 3068 1579 ἐκείνῃ
3090 1515 3150 1580 τῇ
3175 1508 3419 1578 ἐξηγήσει
3450 1514 3533 1557 καὶ
3553 1514 3697 1558 ταῦτα
3713 1510 3838 1557 πάντα

2315 1594 2637 1670 διρμηνεύθη
2649 1617 2742 1648 σαν
2769 1599 2981 1669 ἄριστα.

2389 1686 2574 1739 Λαϐὼν
2608 1718 2666 1724 ——
2700 1685 2919 1747 ἐξῆλθεν.
2972 1686 3189 1757 Ὀμοὶως
3221 1692 3309 1738 καὶ
3342 1694 3512 1739 τοῦτο.

2385 1775 2480 1827 Ἠν
2510 1806 2579 1816 —
2610 1773 2833 1837 ἐξῆλθεν.
2899 1776 3291 1847 Ἐπισημήνατο
3324 1780 3409 1827 τὸν
3440 1778 3606 1847 καιρὸν
3636 1774 3842 1844 65:327-15-

2313 1864 2513 1927 λιστής,
2541 1861 2787 1916 δεικνύων
2813 1866 2891 1917 ὅτι
2914 1862 3037 1916 οὐδὲ
3069 1866 3096 1922 ἡ
3131 1864 3223 1926 νὺξ
3254 1864 3473 1935 ἐπέσχεν
3502 1864 3659 1916 αὐτὸν.

2388 2048 2538 2115 Λέγει
2604 2075 2673 2083 -
2728 2041 3022 2117 ἁνθρῶπου.
3079 2042 3345 2117 Ἀνωτέρω
3398 2045 3484 2114 μὲν
3540 2039 3658 2093 εἶπεν
3711 2044 3749 2093 i7
3794 2048 3845 2109 τῷ

2316 2130 2759 2201 πεντεκαιδεκάτηῦ
2822 2133 3078 2203 κεφαλαίῳ
3126 2152 3137 2163 ·
3198 2132 3470 2190 Ἐλήλυθεν
3533 2134 3559 2188 ἡ
3624 2134 3733 2203 ὥρα,
3788 2132 3846 2179 ἵνα

2319 2221 2551 2293 δοξασθῇ
2613 2223 2638 2272 ὁ
2694 2225 2813 2282 Υἱὸς
2862 2230 2951 2273 τοῦ
3005 2220 3276 2294 ἀνθρώπου
3314 2239 3328 2252 ⁸
3363 2220 3573 2272 ἐνταῦθα
3622 2216 3675 2271 δέ
3731 2225 3845 2271 ’Νῦν

2317 2308 2576 2373 ἐδοξάσθη
2629 2312 2653 2362 ὁ
2707 2314 2820 2371 Υἱὸς
2867 2319 2957 2363 τοῦ
3000 2309 3293 2383 ἀνθρώπου.
3362 2310 3487 2362 Ἀπο
3538 2317 3619 2360 ’οὗ
3663 2318 3735 2358 νῦν
3766 2304 3847 2357 iis.

2318 2400 2485 2463 ξάσθη
2520 2402 2655 2469 (98),
2686 2405 2836 2472 φησὶ,
2875 2407 2978 2459 τοῖς
3007 2402 3132 2473 ὑπὲρ
3180 2408 3271 2451 τοῦ
3297 2405 3497 2471 κόσμου
3527 2400 3716 2449 πάθεσι.
3752 2396 3847 2457 Asia

2314 2495 2415 2564 γὰρ
2438 2499 2509 2560 τῷ
2541 2486 2795 2561 δεσπότῃ,
2828 2492 2891 2541 τὰ
2922 2490 3048 2562 ὑπὲρ
3079 2497 3177 2539 τῶν
3210 2486 3413 2541 δούλων
3443 2490 3597 2545 παθη,
3643 2487 3717 2546 Ὠς
3741 2504 3847 2555 γίγας

2314 2583 2399 2640 νὸς
2426 2576 2485 2631 δὲ
2522 2578 2656 2650 λέγει
2683 2583 2739 2630 τὸ
2769 2584 3131 2649 γενησόμενον,
3167 2575 3261 2629 διὰ
3300 2582 3360 2629 τὸ
3400 2580 3517 2629 ὅσον
3548 2584 3675 2628 οῡπω
3700 2574 3848 2645 μῶλυ

2319 2668 2675 2739 συλληφθῆναι
2715 2673 2800 2718 καὶ
2856 2670 3107 2739 πάσχειν.
3144 2667 3203 2718 Εἰ
3235 2663 3295 2718 δὲ
3328 2676 3399 2737 τῷ
3432 2663 3647 2735 δεσπότῃ
3680 2661 3785 2725 δοξα
3807 2682 3851 2711 τα

2316 2760 2441 2831 ὑπὲρ
2474 2766 2573 2809 τῶν
2613 2753 2810 2808 δούλων
2826 2759 2988 2821 πάθη,
3011 2756 3177 2827 πολὶνῳ
3208 2755 3403 2827 μᾶλλον
3423 2763 3525 2816 τοῖς
3550 2754 3734 2814 δούλοις
3756 2749 3852 2811 δοξι

2314 2850 2380 2899 τὰ
2400 2849 2525 2919 ὑπὲρ
2552 2854 2644 2898 τοῦ
2671 2843 2951 2901 δεσπότου.

2391 3028 2484 3076 Καὶ
2514 3056 2580 3063 —
2609 3024 2767 3093 αὐτῷ.
2826 3022 2885 3077 Ὀ
2942 3029 3123 3097 Πατὴρ
3155 3022 3422 3086 ἐδοξάσθη
3471 3021 3517 3074 ἐν
3572 3028 3637 3089 τῷ
3680 3020 3764 3087 Tia}
3786 3012 3851 3068 διὰ

2316 3122 2407 3173 τῆς
2434 3113 2696 3175 πολιτείας
2719 3114 2782 3172 ἦν
2812 3116 2876 3173 ὡς
2906 3115 3177 3186 ἄνθρωπος
3206 3112 3289 3165 ἐπὶ
3327 3116 3560 3185 σωτηρίᾳ
3602 3119 3686 3161 τῶν
3708 3108 3851 3177 ἀνθρώ-

2318 3224 2425 3255 πων
2458 3202 2844 3254 ἐπολιτεύσατο.
2877 3202 3077 3275 Ὠσπερ
3106 3205 3204 3274 γὰρ
3246 3210 3320 3272 τῷ
3374 3205 3476 3271 Υὶῴ
3508 3197 3631 3262 δόξα
3658 3202 3705 3250 τὸ
3750 3199 3851 3266 ἔχεν

2319 3300 2550 3343 τοιοῦτον
2602 3296 2828 3363 Πατέρα,
2890 3290 3053 3351 οὕτως
3092 3293 3196 3363 οἶρα
3248 3297 3446 3359 καὶτῷ
3499 3293 3652 3361 Πατρὶ
3680 3283 3785 3345 δόξα
3814 3288 3851 3331 τὸ

2318 3384 2459 3452 ἔχειν
2486 3389 2716 3433 τοιοῦτον
2770 3382 2907 3434 Υἰόν.
2942 3380 3140 3441 Ἀλλως
3179 3399 3250 3443 τε,
3284 3385 3378 3431 καὶ
3410 3381 3456 3431 οἱ
3506 3379 3741 3451 ἄνθρωποι
3765 3371 3852 3444 ῥὶς·

2317 3490 2496 3531 ποντες
2552 3470 2587 3521 ἃ
2621 3468 2977 3544 ἐτερατούργει
3023 3474 3112 3520 καὶ
3171 3465 3480 3536 ἐδίδασκεν,
3541 3464 3755 3527 ἑδοξαξον
3794 3464 3854 3511 τάν

2320 3562 2468 3623 Θεὸν,
2504 3562 2573 3620 ὡς
2604 3561 2649 3611 oi
2678 3558 3045 3629 εὖαγγελισταί
3066 3577 3213 3630 φασι.

2392 3736 2542 3789 Εἰ-
2593 3736 2777 3807 ἐαυτῷ.
2824 3735 3038 3799 Δοξάσει
3096 3740 3180 3787 τὸν
3228 3736 3352 3787 Υἰόν
3401 3731 3475 3787 δι’
3527 3733 3706 3795 iniurati,
3751 3746 3853 3799 τεραο

2319 3834 2553 3900 τουργών
2574 3828 2622 3876 ἐν
2648 3833 2717 3895 τῷ
2745 3833 2910 3897 καιρῷ
2943 3834 3033 3876 τοῦ
3054 3833 3282 3898 σταυρού
3302 3829 3369 3876 τὰ
3388 3823 3575 3896 φοϐερὰ
3598 3829 3675 3873 και
3703 3819 3855 3881 ἐξαισία

2321 3923 2535 3987 σημεῖα,
2574 3920 2664 3966 καὶ
2695 3911 2943 3966 δεικνύων
2975 3912 3200 3966 ἐντεῦθεν
3240 3916 3324 3965 ὅτι
3370 3919 3584 3984 γνήσιος
3614 3914 3716 3970 Υἱὸς
3739 3908 3853 3958 αὑτοῦ

2319 4006 2452 4057 ἐστι.
2491 4007 2585 4056 Διὰ
2615 4013 2766 4055 τοῦτο
2796 4006 2895 4078 γὰρ
2929 4008 3017 4055 καὶ
3039 4002 3312 4077 προλαϐὼν
3338 4000 3494 4056 εἷπςν⁸
3518 4002 3668 4053 Ὀτειν
3694 3997 3854 4068 ὑψώσε-

2318 4114 2371 4146 τσ
2408 4098 2493 4145 τὸν
2532 4097 2647 4146 Υιόν
2677 4102 2765 4145 τοῦ
2796 4093 3090 4166 ἀνθρώπου,
3120 4098 3232 4144 τότε
3262 4095 3532 4163 γνώσεσθε
3556 4094 3628 4142 ὁτι
3664 4086 3849 4158 iratist

2317 4186 2438 4236 ἔνθα
2502 4183 2821 4256 πλατύτερον
2896 4184 3025 4255 ὁμοῦ
3079 4187 3168 4233 καὶ
3259 4188 3578 4255 σαφέστερον
3649 4176 3851 4247 ἐξηγησά-

2316 4276 2467 4345 μεθα.

2402 4458 2501 4505 Καὶ
2531 4484 2598 4495 -—
2648 4451 2819 4504 αὐτόν.
2854 4450 3040 4516 Εὐθὺς,
3087 4449 3137 4502 ἐν
3181 4450 3325 4519 αὐτῷ
3371 4458 3446 4520 τῷ
3504 4456 3710 4521 σταυρῷ.
3738 4444 3849 4497 Ταυτῢ

2318 4541 2378 4597 δὲ
2406 4542 2541 4596 εἶπεν
2566 4544 2648 4594 ἱνα
2678 4547 2747 4614 μὴ
2777 4539 3108 4593 ὑπολάϐωσιν
3155 4542 3231 4591 ὅτι
3273 4544 3398 4612 περὶ
3426 4548 3518 4601 τῆς
3543 4536 3685 4598 δοξπς
3710 4532 3848 4584 id”?

2317 4633 2474 4705 λέγει,
2533 4641 2623 4693 τῆς
2665 4630 2711 4682 ἐν
2768 4638 2830 4703 τῇ
2894 4625 3109 4704 δευτέρᾳ
3142 4633 3418 4703 παρουσίᾳ
3476 4628 3647 4689 αὑτοῦ,
3694 4616 3846 4692 inpii;

2318 4720 2593 4795 διαφόρως
2628 4715 2866 4782 ἐδίδαξεν
2919 4720 3127 4780 αὐτούς.
3158 4725 3340 4771 Ταῦτα
3372 4715 3435 4771 δί
3490 4717 3636 4787 λέγων
3664 4714 3843 4763 civis-7:7:

2308 4812 2951 4880 xaramnrwxoraggrob;
2980 4808 3266 4880 λογισμοὺς
3319 4806 3513 4874 αὐτῶν,
3540 4809 3623 4856 καὶ
3650 4801 3777 4855 πείθει
3796 4812 3842 4864 ,κε

2306 4907 2461 4975 μόνον
2483 4906 2554 4974 μὴ
2590 4898 2889 4973 δυσφορεῖν,
2929 4896 3055 4951 ἀλλὰ
3087 4896 3278 4971 μᾶλλον
3307 4902 3521 4973 χαίρειν
3553 4891 3638 4947 διὰ
3664 4894 3737 4947 τὴν
3754 4884 3842 4956 μετέ

2309 4991 2382 5065 βρ
2396 4994 2504 5064 αχὺ
2529 4987 2686 5053 δόξαν
2716 4994 2806 5041 αὐτ
2817 4995 2893 5045 οῦ.

1898 5188 1947 5225 ⁷⁸
1979 5188 2144 5246 Joan.
2172 5206 2289 5255 vm,
2332 5190 2422 5245 28.

1650 5360 1873 5433 Variae
1928 5365 2256 5435 lectiones
2306 5372 2371 5432 et
2431 5375 2630 5433 nota).

608 5551 715 5622 (96)
748 5558 848 5605 Τού
876 5554 1009 5605 κατὰ
1040 5552 1306 5608 Ματθατον
1334 5552 1545 5613 omittit
1576 5562 1639 5616 Α,

610 5622 726 5707 (97)
755 5625 842 5687 Εἰς
866 5625 1040 5681 αὐτὸν.

2380 5562 2491 5635 (98)
2526 5558 2851 5625 Ἐὃοξάσθην
2896 5568 2947 5616 Β.
