4022 6232
32 78 347 90 ,—_—__
378 76 409 89 .r

150 269 284 341 1389
1146 272 1526 340 (:OMMENT.
1573 267 1644 337 ΙΝ
1684 276 2037 343 JOANNEM.
2080 319 2141 330 —
2189 286 2350 346 CAP.
2400 288 2553 347 xm.
3302 282 3313 287 ‘
3373 290 3515 349 4390

215 410 400 461 Τεκνία
447 437 516 448 -
568 404 692 479 εἶμι.
753 390 913 460 Πάλιν
981 406 1217 482 προλέγει
1276 408 1449 468 αὐτοῖς
1497 408 1563 459 τὰ
1622 406 1788 480 μέλ-ι

1931 414 2088 469 Vers.
2136 418 2224 472 33.
2275 415 2480 472 Filioli
2535 447 2604 457 —
2659 432 2810 473 sum.
2866 417 3084 475 Futura
3132 417 3344 476 iterum
3399 418 3514 476 illis

146 495 317 564 λοντα,
369 498 452 548 ἴνα
504 515 558 549 τε
617 498 749 568 μετὰ
802 503 971 548 ταῦτα
1031 498 1550 570 ὑπομιμνησκόμενοι
1595 502 1745 568 γινώ-

150 605 319 639 σκοιεν
364 588 442 639 ὅτι
483 592 697 659 προεῖπε
740 587 909 638 πάντα
959 595 1135 658 σαφῶς
1191 582 1365 654 εἰδὼς,
1406 592 1496 638 καὶ
1546 587 1629 638 ἳνα
1674 590 1745 656 μὴ

150 676 335 751 ἀθρόον
392 674 670 728 ἐπελθόντα
718 670 1106 748 διαταράξωσιν
1162 675 1347 735 αύτούς
1403 674 1461 727 οὗ
1515 670 1753 750 προσδο-

150 773 361 825 κῶντας.
392 769 578 816 Τεκνία
608 759 667 815 δὲ
696 762 907 815 ἐκάλεσε
930 765 1145 827 τούτους
1170 764 1229 815 ού
1255 768 1409 836 μόνον
1435 766 1504 826 ὡς
1528 767 1754 825 ποιητὴς

156 854 343 920 αύτών,
368 852 497 905 ἀλλὰ
522 857 611 904 καὶ
636 854 699 912 ὡς
731 848 1077 915 διδάσκαλος.
1111 853 1279 906 Εἰπὼν
1322 849 1400 918 δὲ,
1441 858 1646 916 Τεκνία,
1681 855 1755 904 ἔτι

155 946 340 1018 μικρὸν
377 948 569 1016 χρόνον
625 941 737 1014 μεθ’
779 942 920 1014 ὑμῶν
991 942 1118 1014 εἰμι,
1182 938 1527 1016 σφοδρότερον
1581 940 1758 1001 αὐτοῖς

158 1033 359 1096 ἑξάπτει
378 1036 466 1085 τὸν
494 1033 674 1085 πόθον.

230 1214 491 1270 Ζητήσετέ
519 1229 600 1285 με.
633 1212 780 1263 Μετὰ
808 1212 866 1262 τὸ
910 1208 1180 1263 ἀποθανεῖν
1224 1229 1311 1284 με.
1350 1218 1470 1272 Τοῖς
1512 1208 1602 1283 μέν
1628 1209 1759 1262 Ἰου-

162 1297 336 1363 δαίοις
396 1301 592 1354 εἰπών’
644 1302 911 1358 Ζητήσετέ
966 1318 1066 1369 με·
1110 1302 1428 1373 προσέθηκεν
1506 1302 1588 1352 ὅτι
1663 1303 1762 1353 Καὶ

162 1391 268 1464 οὐχ
316 1392 558 1465 εὑρήσετε
591 1406 604 1418 ·
648 1386 731 1442 ἰπὶ
788 1386 848 1441 δι
901 1396 1000 1441 τῶν
1062 1390 1305 1462 μαθητῶν
1362 1388 1420 1441 ού
1474 1390 1765 1464 προσέθηκε

165 1488 335 1550 τοῦτο,
400 1476 541 1532 διότι
592 1477 794 1551 ἔμελλον
847 1479 1010 1552 εὑρεῖν
1070 1479 1224 1532 αὐτόν
1277 1479 1423 1531 οὗτοι
1491 1481 1623 1551 μετὰ
1671 1483 1765 1537 τὴν

166 1570 492 1622 ἀνάστασιν·
540 1570 637 1620 Καὶ
690 1565 899 1629 ἐκείνοις
955 1569 1065 1639 μὲν,
1138 1569 1605 1642 παραμυθούμενος
1677 1571 1766 1626 τὴν

165 1663 372 1733 μανίαν,
401 1658 534 1710 εἶπεν
564 1658 644 1709 ὃτι
674 1660 939 1715 Ζητήσετέ
966 1675 1051 1729 με,
1084 1659 1289 1719 τούτοις
1316 1653 1374 1710 δὲ
1401 1658 1558 1711 πόθον
1585 1656 1769 1730 ἐμϐάλ-

170 1749 270 1802 λων
296 1747 519 1800 πλείονα.

245 1842 344 1891 Καὶ
396 1865 466 1880 -
509 1836 650 1912 ἄρτι.
708 1834 845 1888 Ἀλλ’
898 1837 1107 1896 ἑκείνοις
1161 1838 1249 1908 μὲν
1304 1836 1411 1889 εἷπε
1484 1844 1637 1890 τοῦτο
1704 1838 1773 1898 ὡς

172 1926 398 1989 ἀναξίοις
423 1933 514 1978 τοῦ
540 1930 702 1979 τόπου
747 1925 962 1995 ἐκείνου,
991 1927 1193 1986 τούτοις
1228 1920 1287 1977 δὲ
1316 1926 1381 1985 ὡς
1407 1928 1550 1978 οὔπω
1579 1924 1774 1978 ἀποθα-

171 2020 453 2088 νουμένοις.

248 2104 479 2163 Ἐντολὴν
512 2134 578 2145 -
630 2102 900 2165 ἀλλήλους.
946 2106 1046 2156 Καὶ
1076 2106 1179 2177 μὴν
1218 2102 1416 2156 παλαιὰ
1446 2103 1620 2164 έντολη
1665 2102 1725 2163 ἦν
1759 2125 1774 2139 ·

178 2197 493 2267 ’Δγαπήσεις
520 2195 606 2246 τὸν
636 2192 862 2250 πλησίον
912 2211 1006 2245 σου
1054 2194 1120 2255 ὣς
1170 2197 1387 2245 σεαυτόν
1417 2215 1429 2226 ·
1467 2192 1573 2246 ἀλλ’
1627 2196 1657 2253 ἠ
1689 2202 1777 2247 νύν

179 2281 430 2358 διδομένη
464 2282 657 2356 μείζων
688 2281 879 2342 ἐκείνης
912 2301 926 2315 ο
960 2281 1140 2353 ἐπάγει
1162 2283 1265 2356 γάρ
1299 2301 1313 2317 ·

254 2465 437 2527 Καθὼς
469 2493 537 2504 -
579 2460 847 2523 ἀλλήλους.
879 2466 1043 2514 Τοῦτο
1074 2461 1102 2519 ἡ
1138 2464 1400 2523 καινότης.
1451 2460 1644 2520 Ἐκείνη
1690 2463 1780 2534 μὲν

180 2559 284 2630 γὰρ
333 2552 552 2607 έκελευεν
599 2550 806 2623 ἀγαπᾷν
863 2554 950 2602 τὸν
992 2548 1215 2607 πλησίον
1267 2551 1337 2611 ὡς
1390 2549 1592 2617 ἑαυτὸν,
1647 2552 1779 2608 αὕτη

187 2643 246 2699 δι
276 2649 360 2696 καὶ
403 2644 527 2717 ὑπὲρ
578 2641 779 2697 ἑαυτὸν.
825 2638 883 2691 Ὀ
909 2641 1010 2715 γὰρ
1046 2642 1273 2712 Χριστὸς
1305 2639 1468 2700 οὕτως
1511 2641 1783 2712 ἠγάπησεν

186 2738 347 2808 ἡμᾶς,
374 2735 441 2793 ὡς
482 2726 620 2805 μηδὲ
652 2729 835 2782 ἑαυτοῦ
865 2730 1167 2801 φείσασθαι,
1215 2727 1321 2781 ἀλλ’
1354 2728 1627 2782 ἀποθανεῖν
1658 2731 1784 2803 ὑπερ

188 2826 354 2898 ἡμῶν.

260 2914 400 2973 Τινὲς
456 2906 515 2962 δε
580 2908 762 2984 ἑτέρως
819 2906 1188 2982 ἑρμηνεύουσιν
1256 2908 1356 2975 ὅτι,
1424 2904 1606 2967 ἐπειλὴ
1692 2929 1791 2962 πα-

190 3002 314 3054 λαιὰ
384 2998 555 3057 ἐντολὴ
642 2993 702 3056 ἦν
733 3017 748 3030 ο
801 2995 1124 3069 Ἀγαπήσεις
1198 3000 1284 3049 τὸν
1368 2996 1589 3055 πλησίον
1673 3017 1789 3068 σου,

193 3096 283 3144 καὶ
323 3093 564 3163 μισήσεις
609 3090 696 3139 τὸν
746 3084 937 3159 ἐχθρὸν
998 3104 1092 3139 σου
1127 3106 1141 3120 -

198 3202 281 3236 σιν
333 3180 536 3253 ἀγαπᾷν
591 3179 805 3245 πάντας,
856 3181 1018 3250 ἤγουν
1070 3183 1156 3231 καὶ
1217 3182 1338 3241 τούς
1390 3178 1631 3253 ἐχθρούς.
1695 3185 1795 3233 Καὶ

193 3272 351 3332 αὐτὸς
386 3271 487 3345 γὰρ
531 3269 778 3341 ἠγάπησε
819 3270 941 3329 τούς
986 3270 1228 3339 μαθητὰς
1278 3270 1492 3336 πάντας,
1545 3270 1615 3330 ως
1658 3266 1796 3341 μηδέ

194 3365 283 3415 τὸν
337 3355 544 3413 ’ἰούδαν
592 3363 827 3430 μισῆσαι
874 3354 1269 3410 ἐπιϐουλεύοντα
1322 3358 1482 3429 αὐτῷ,
1538 3356 1666 3411 ἀλλὰ
1708 3363 1798 3411 καὶ

194 3448 387 3525 μᾶλλον
440 3448 777 3520 ταραχθῆναι
829 3454 901 3516 τῷ
950 3448 1223 3519 πνεύματι,
1272 3451 1512 3500 τουτέστι
1574 3456 1645 3518 τῷ
1702 3450 1798 3500 πά-

200 3542 277 3593 θει
326 3545 421 3597 τῆς
468 3535 632 3596 λύπης
682 3538 772 3587 καὶ
822 3536 1130 3607 συγχύσεως
1180 3544 1269 3596 τῆς
1323 3535 1404 3590 ἐπὶ
1457 3545 1517 3610 τῇ
1575 3536 1802 3610 ἀπωλείᾳ

198 3629 379 3683 αὑτοῦ.

272 3718 357 3770 Ἐν
409 3744 472 3756 -
520 3711 781 3775 ἀλληλοις,
844 3713 1027 3775 Καθὼς
1057 3716 1147 3766 καὶ
1178 3711 1276 3785 ἐγὼ
1308 3716 1438 3789 πρὸς
1486 3716 1616 3788 ὑμᾶς
1649 3737 1662 3749 ο
1697 3714 1805 3769 ἐπεὶ

199 3812 294 3862 καὶ
352 3806 594 3879 μαθητὴς
636 3801 833 3863 ἀληθὴς
878 3803 903 3853 ὁ
953 3804 1264 3875 μιμούμενος
1320 3807 1406 3856 τὸν
1457 3801 1802 3860 διδάσκαλον.

199 3904 369 3951 Τοῦτο
396 3896 567 3965 σαφὴς
590 3894 865 3965 χαρακτὴρ
898 3897 988 3943 τοῦ
1026 3895 1370 3963 Χριστιανοῦ,
1416 3900 1564 3945 τοῦτο
1595 3897 1807 3967 φανερὸν

201 3991 484 4059 γνώρισμα
519 4000 532 4015 ·
569 3984 597 4040 ἡ
634 3980 833 4041 ἀληθὴς
860 3981 962 4055 γὰρ
1010 3978 1187 4052 ἀγάπη
1222 3983 1393 4043 πάσης
1442 3980 1583 4035 έστὶν
1623 3984 1809 4058 ἀρετῆς

203 4071 482 4147 κεφάλαιον
491 4113 505 4127 .

278 4166 344 4216 τί
382 4157 470 4214 οὖν
500 4178 517 4232 ;
549 4159 608 4212 ού
654 4157 825 4229 πολλῷ
872 4157 1064 4231 μᾶλλον
1102 4161 1167 4211 τὰ
1218 4161 1459 4233 θαύματα
1514 4157 1814 4216 δεικνύουσι

201 4257 293 4308 τὸν
344 4257 438 4304 τοῦ
489 4255 721 4324 Χριστοῦ
777 4249 1066 4320 μαθητήν;
1130 4245 1432 4322 Οὐδαμῶς·

1493 4254 1666 4323 εἴρηκε
1714 4254 1815 4326 γὰρ

204 4345 337 4417 πρὸς
374 4347 445 4412 τῷ
488 4338 619 4391 τέλει
665 4343 758 4389 τοῦ
809 4337 959 4389 ἕκτου
1014 4335 1293 4410 κεφαλαίου
1346 4347 1437 4392 τοῦ
1494 4343 1630 4393 κατά
1675 4348 1818 4394 Ματ-

1857 501 2143 573 praedicit,
2169 511 2229 559 ut
2249 510 2459 578 postea
2480 505 2774 563 recordati
2796 511 3185 580 cognoscant,
3205 506 3370 580 quod
3388 523 3516 564 om-

1858 590 1959 647 nia
1980 592 2297 650 manifeste
2319 597 2511 650 sciens
2537 594 2876 667 praedixerit
2907 612 2920 651 :
2957 601 3015 652 et
3041 610 3117 652 ne
3147 602 3389 670 repente
3420 613 3515 653 su-

1860 681 2260 752 pervenientia
2282 682 2520 740 turbent
2537 683 2668 740 illos
2690 700 2808 741 non
2830 689 3260 758 exspectantes.
3283 686 3514 741 Filiolos

1862 785 2002 825 vero
2056 772 2290 828 vocavit
2340 788 2466 841 eos,
2521 788 2643 829 non
2694 774 2886 830 solum
2946 781 3238 846 tanquam
3291 779 3519 831 creator

1865 874 2093 926 eorum,
2126 876 2329 917 verum
2370 862 2545 917 etiam
2578 868 2868 935 tanquam
2910 863 3192 933 magister
3221 864 3516 935 ipsorum.

1866 946 2080 1004 Dicens
2098 955 2299 1005 autem
2326 970 2337 1009 :
2359 951 2584 1016 Filioli,
2603 950 2794 1008 adhuc
2809 951 3035 1009 modico
3056 957 3311 1024 tempore
3334 952 3517 1009 vobis-

1867 1051 2002 1093 cum
2070 1053 2222 1105 sum,
2283 1039 2686 1096 vehementius
2761 1040 3075 1112 suspendit
3158 1040 3524 1101 desiderium

1868 1141 2092 1182 eorum.

1942 1218 2103 1271 Vers.
2126 1220 2214 1273 33.
2251 1216 2535 1284 Ouzretis
2555 1234 2665 1276 me.
2690 1218 3013 1291 Postquam
3037 1222 3308 1275 mortuus
3332 1218 3525 1277 fuero.

1868 1304 2088 1361 Iudaeis
2119 1321 2260 1363 vero
2289 1323 2429 1363 cum
2468 1306 2706 1363 dixisset
2738 1323 2750 1362 :
2782 1306 3064 1373 Quercus
3091 1322 3202 1372 me,
3238 1306 3469 1364 addidit
3511 1323 3526 1363 :

1870 1394 1950 1450 Et
1999 1410 2119 1450 non
2150 1396 2458 1453 invenietis
2484 1396 2571 1463 7";
2629 1396 2935 1468 discipulis
2987 1401 3190 1453 autem
3240 1397 3356 1453 hoc
3407 1411 3532 1452 non

1874 1483 2109 1541 addidit
2136 1502 2150 1541 :
2174 1500 2316 1541 nam
2346 1484 2407 1541 hi
2429 1486 2725 1543 inventuri
2745 1502 2881 1542 eum
2913 1490 3084 1542 erant
3107 1490 3244 1558 post
3266 1500 3532 1542 resurre-

1877 1573 2160 1631 ctionem.
2190 1576 2255 1630 Et
2277 1573 2391 1631 illis
2412 1574 2660 1647 quidem
2685 1574 2989 1631 insaniam
3012 1574 3313 1644 mitigans,
3346 1573 3492 1630 dixit
3518 1589 3532 1630 :

1882 1663 2154 1729 Quasi-etis
2183 1679 2276 1722 me
2299 1680 2313 1719 :
2339 1663 2436 1721 his
2465 1670 2667 1721 autem
2698 1664 3004 1721 ardentius
3032 1663 3360 1721 immittens
3387 1662 3540 1720 desi-

1802 1754 1847 1839 β
1880 1753 2138 1809 derium.

1950 1843 2115 1898 Vers.
2158 1845 2245 1899 33.
2302 1842 2379 1901 Et
2427 1873 2497 1883 —
2547 1857 2730 1899 nunc.
2785 1840 2899 1899 Sed
2952 1840 3065 1898 illis
3114 1840 3358 1914 quidem
3412 1844 3545 1897 tan-

1882 1947 2059 2002 quam
2089 1931 2350 2001 indignis
2378 1931 2494 1987 hoc
2531 1930 2680 1987 dixit
2710 1948 2723 1987 :
2765 1932 2858 1988 his
2896 1947 3034 1988 vero
3065 1936 3359 2004 tanquam
3387 1945 3547 1986 non-

1884 2023 2025 2078 dum
2056 2022 2376 2078 morituris.

1956 2113 2120 2169 Vers.
2147 2111 2234 2168 34.
2259 2112 2634 2178 Prteceptum
2651 2142 2720 2153 -—
2747 2110 3013 2168 invicem.
3035 2110 3203 2184 Atqui
3222 2112 3394 2166 vetus
3421 2112 3549 2165 erat

1884 2206 2254 2274 praeceptum
2287 2216 2301 2255 :
2342 2200 2569 2270 Diliges
2603 2200 2948 2269 proximum
2979 2204 3167 2265 tuum,
3208 2200 3363 2256 sicut
3408 2196 3551 2266 teip-

1887 2304 2051 2354 sum;
2084 2303 2315 2353 verum,
2356 2286 2523 2359 quod
2573 2302 2736 2343 nunc
2792 2286 2987 2351 datur,
3044 2286 3245 2357 majus
3273 2284 3374 2343 illo
3412 2291 3548 2348 est;

1889 2375 2096 2434 subdit
2119 2374 2304 2432 enim.

1962 2469 2120 2522 Vers.
2152 2467 2242 2521 34.
2264 2465 2433 2522 Sicut
2459 2495 2529 2506 ——
2551 2463 2825 2523 invicem.
2849 2465 2984 2521 Hinc
3008 2467 3097 2521 est
3119 2462 3374 2520 novitas.
3400 2460 3556 2520 Illud

1891 2554 2188 2628 siquidem
2207 2554 2585 2627 praecipiebat
2602 2553 2948 2627 proximum
2975 2551 3240 2623 diligere,
3268 2556 3556 2623 tanquam

1894 2646 2195 2716 seipsum;
2222 2643 2336 2699 hoc
2377 2648 2599 2709 autem,
2660 2643 2839 2700 etiam
2871 2642 3007 2714 plus
3035 2655 3225 2713 quam
3266 2639 3553 2711 seipsum.

1894 2738 2045 2792 Nam
2070 2733 2151 2790 ita
2171 2733 2364 2789 dilexit
2393 2748 2505 2789 nos
2535 2730 2819 2797 Christus,
2850 2735 2912 2787 ut
2931 2744 3042 2787 nec
3065 2728 3181 2785 sibi
3212 2727 3325 2800 ipsi
3355 2742 3559 2798 parce-

1896 2829 2004 2891 ret,
2032 2822 2136 2878 sed
2166 2837 2274 2893 pro
2307 2821 2480 2879 nobis
2503 2825 2850 2877 moreretur.

1970 2910 2227 2978 Quidam
2260 2925 2400 2966 vero
2427 2909 2599 2965 aliter
2632 2908 3110 2979 interpretantur.
3140 2903 3315 2971 Quod
3343 2903 3562 2959 scilicet

1900 3006 2068 3058 vetus
2093 3005 2455 3072 praeceptum
2476 3004 2638 3055 erat:
2671 2996 2899 3068 Diliges
2921 2996 3262 3064 proximum
3284 3000 3476 3057 tuum,
3505 2998 3560 3048 et

1188 3091 1277 3140 καὶ
1325 3094 1412 3138 νύν
1465 3086 1581 3159 (99)
1625 3083 1788 3140 δίδω-

1908 3090 2028 3146 odio
2058 3088 2297 3146 habebis
2324 3087 2630 3144 inimicum
2662 3092 2825 3141 tuum
2854 3085 2926 3152 ⁷⁸,
2958 3098 3120 3140 nunc
3152 3086 3354 3140 autem
3386 3080 3564 3137 tradit

1903 3195 2115 3237 omnes
2145 3193 2278 3234 esse
2329 3175 2687 3249 diligendos,
2721 3174 2995 3230 videlicet
3039 3173 3220 3229 etiam
3249 3170 3561 3235 inimicos;

1905 3268 2201 3341 siquidem
2234 3266 2359 3337 ipse
2408 3280 2618 3322 omnes
2646 3262 2845 3321 dilexit
2874 3260 3221 3333 discipulos,
3279 3265 3341 3316 ut
3369 3274 3567 3332 neque

1902 3360 1927 3415 J
1939 3358 2119 3414 udam
2143 3355 2256 3411 sibi
2273 3359 2586 3427 parantem
2613 3351 2862 3409 insidias
2881 3351 3022 3408 odio
3038 3350 3304 3416 haberet,
3323 3348 3429 3404 sed
3460 3362 3569 3419 po-

1907 3448 2022 3503 tius
2054 3445 2388 3504 turbaretur
2417 3443 2644 3515 spiritu,
2673 3442 2789 3499 hoc
2813 3446 2921 3507 est,
2953 3439 3172 3498 affectu
3200 3436 3475 3495 maeroris
3503 3451 3571 3493 ac

1908 3537 2176 3604 tristitiae,
2205 3539 2441 3607 propter
2472 3531 2627 3589 illius
2658 3531 3077 3605 perditionem.

1983 3717 2142 3771 Vers.
2175 3713 2266 3770 35.
2300 3712 2371 3769 In
2397 3743 2462 3753 —
2495 3715 2787 3768 mutuam.
2831 3709 2993 3767 Sicut
3022 3712 3079 3766 et
3108 3721 3221 3779 ego
3245 3720 3390 3776 erga
3417 3719 3528 3760 vos
3560 3720 3575 3762 :

1914 3805 2058 3877 quia
2086 3819 2260 3859 verus
2304 3800 2637 3874 discipulus
2676 3802 3103 3872 prmeeptorem
3156 3795 3441 3852 imitatur.
3476 3793 3579 3851 Hic

1919 3892 2270 3950 manifestus
2339 3897 2424 3947 est
2477 3889 2795 3947 Christiani
2859 3888 3187 3950 character,
3246 3885 3360 3941 hoc
3402 3883 3581 3954 plane

1918 3981 2148 4051 insigne
2183 3998 2197 4035 :
2225 3997 2367 4037 nam
2399 3995 2538 4036 vera
2574 3978 2807 4035 dilectio
2837 3978 3110 4034 omnium
3141 3977 3322 4044 caput
3348 3978 3441 4026 est
3468 3970 3587 4026 vir-

1920 4074 2145 4219 mgﬁd
2169 4166 2331 4221 ergo,
2362 4166 2440 4206 an
2466 4165 2587 4206 non
2620 4148 2810 4206 multo
2832 4147 3025 4217 magis
3052 4145 3461 4201 demonstrant
3479 4138 3587 4196 mi-

1926 4240 2129 4298 racula
2206 4239 2414 4296 Christi
2475 4237 2898 4308 discipulum?
2975 4237 3382 4304 Nequaquam.
3440 4226 3590 4284 Dixit

1925 4331 2085 4387 enim
2111 4329 2284 4401 juxta
2320 4326 2503 4383 ﬁnem
2534 4324 2719 4397 quinti
2762 4324 2971 4395 capitis
3023 4318 3325 4389 Evangelii
3373 4331 3589 4371 secun-

206 4435 359 4486 θαίον
416 4430 497 4481 ὅτι
558 4426 742 4480 Πολλοὶ
797 4428 979 4500 ἑροῦσί
1043 4446 1133 4499 μοι
1194 4424 1243 4479 έν
1291 4430 1454 4501 ἐκείνη
1509 4437 1570 4502 τῇ
1628 4432 1788 4505 nui”

1928 4421 2074 4476 dum
2105 4418 2439 4474 Matthaaum
2467 4431 2478 4471 :
2510 4415 2692 4472 Multi
2711 4414 2905 4470 dicent
2930 4410 3079 4467 mihi
3099 4411 3162 4464 in
3190 4408 3294 4464 illo
3317 4406 3449 4505 die:
3477 4406 3591 4503 Do-

208 4523 396 4596 Κύριε,
480 4518 657 4591 Κύριε,
725 4513 783 4566 οὗ
846 4521 918 4585 τῷ
1004 4523 1080 4587 σῷ
1154 4514 1368 4589 ὀνόματι
1442 4522 1819 4593 προιγητεύσα-

207 4626 349 4685 gn;
406 4610 497 4659 καὶ
548 4612 623 4676 τῷ
706 4611 781 4674 σῷ
861 4601 1076 4676 ὀνόματι
1161 4600 1411 4679 δαιμόνια
1481 4606 1821 4681 ἑξεϐάλομενς

208 4702 309 4751 καὶ
382 4703 454 4767 τῷ
536 4700 612 4766 σῷ
698 4690 911 4765 ὀνόματι
989 4689 1238 4766 δυνάμεις
1306 4694 1498 4759 πολλὰς
1570 4696 1827 4756 έποιήσα-

206 4803 369 4864 μεν;
428 4788 517 4839 καὶ
571 4786 688 4837 τότε
765 4780 1077 4856 ὁμολογήσω
1156 4783 1335 4847 αὐτοῖς
1408 4788 1489 4838 ὅτι
1566 4784 1830 4841 Οὐδέποτε

208 4883 381 4951 ἔγνων
410 4875 546 4948 ὑμᾶς
577 4876 703 4927 ⁸καῐν
753 4870 1014 4946 ἀνάγνωθι
1062 4877 1157 4933 τὴν
1206 4872 1311 4927 έκεῖ
1351 4875 1601 4951 ῥηθεῖσαν
1657 4883 1829 4929 πᾶσαν

206 4967 498 5040 ἐξήγησιν.

292 5059 404 5110 Καὶ
479 5056 584 5127 μὴν
651 5054 720 5106 τὰ
777 5054 1021 5125 θαύματα
1091 5052 1323 5125 μάλιστα
1381 5058 1470 5114 τὴν
1533 5055 1834 5130 οἰκουμένην

207 5145 525 5217 ἓπηγάγετο
561 5163 574 5177 ·
605 5140 735 5196 ἀλλὰ
773 5137 912 5196 διότι
936 5148 1181 5221 προῦπῆν
1208 5150 1320 5208 τοῖς
1350 5146 1838 5219 θαυματουργοῦσιν

205 5238 247 5299 ἠ
287 5234 503 5309 ἀγάπη.

293 5409 345 5455 ’τ
383 5409 558 5471 Joan.
587 5426 689 5480 vn,
717 5411 806 5469 34.
846 5408 896 5449 ⁷⁸
926 5411 1130 5473 Matth.
1159 5428 1221 5486 ν,
1246 5414 1344 5472 43.

1930 4525 2108 4575 mine,
2135 4507 2398 4572 Domine,
2433 4519 2633 4561 nonne
2658 4518 2769 4573 per
2787 4516 2999 4557 nomen
3031 4504 3193 4555 tuum
3221 4494 3595 4568 prop/atavi-

1931 4614 2083 4671 mus,
2125 4602 2179 4655 et
2208 4611 2316 4667 per
2340 4609 2554 4652 nomen
2581 4599 2745 4649 tuum
2777 4587 3070 4647 daemonia
3099 4585 3387 4659 ejecimus,
3413 4588 3464 4639 et
3488 4596 3596 4653 per

1934 4702 2149 4744 nomen
2181 4693 2345 4741 tuum
2370 4683 2620 4740 virtutes
2638 4682 2859 4737 mullus
2876 4679 3128 4749 fecimus
3142 4676 3170 4732 ?
3185 4682 3237 4733 et
3256 4681 3400 4731 tunc
3419 4671 3598 4741 confi-

1941 4775 2241 4835 teboritlis
2266 4774 2359 4830 :N
2362 4787 2623 4844 unquam
2646 4770 2787 4827 novi
2802 4783 2900 4825 vos
2931 4768 2979 4803 ⁷⁸
3009 4770 3101 4823 :et
3117 4764 3249 4836 lege
3260 4767 3445 4821 totam
3461 4773 3600 4833 quas

1942 4868 2022 4925 ibi
2058 4867 2251 4941 posita
2276 4870 2385 4930 est,
2413 4858 2876 4920 enarrationem.

2017 5045 2189 5120 Atqui
2210 5039 2502 5100 miracula
2519 5036 2783 5097 maxime
2799 5034 3009 5093 orbem
3024 5032 3376 5120 allexerunt.
3397 5029 3607 5120 Verum

1948 5138 2009 5197 id
2040 5115 2188 5205 erat,
2236 5132 2382 5207 quia
2418 5128 2657 5199 dilectio
2708 5141 2812 5183 eos
2854 5122 2957 5196 qui
3000 5120 3262 5179 edebant
3302 5115 3610 5190 miracula,

1949 5225 2342 5303 praecedebat.

1460 5412 1511 5454 ⁷⁸
1546 5413 1763 5473 Matth.
1786 5429 1889 5484 vn,
1916 5411 2006 5469 22.
2029 5409 2096 5467 23

1467 5565 1686 5636 Variae
1720 5563 2051 5635 lectiones
2092 5569 2159 5629 et
2188 5562 2373 5625 notae

320 5707 450 5796 (99)
483 5712 700 5783 Καινήν,
725 5725 837 5788 pro
862 5709 953 5767 καὶ
972 5716 1081 5787 νῦν,
1111 5708 1179 5767 Α.
1210 5704 1377 5768 Forte
1403 5711 1585 5773 καινὴν
1610 5715 1724 5772 νῦν.

3942 1508 3949 1571 ε

3932 1578 3955 1797 ἶ

3952 1850 3959 1955 ζ
